<mjloggm ver="2.3"><GO type="169" lobby="0"/><UN n0="%64%6F%6F%6F%6F%77%79" n1="%E4%B8%89%E8%89%B2%E5%90%8C%E5%88%BB%E2%98%86" n2="%E3%82%A6%E3%83%AB%E3%83%88%E3%83%A9%E7%AB%8B%E7%9B%B4" n3="%68%69%70%64%63%61%73%68" dan="16,19,17,17" rate="2151.38,2323.89,2177.30,2205.65" sx="M,M,M,M"/><TAIKYOKU oya="0"/><INIT seed="0,0,0,1,5,2" ten="250,250,250,250" oya="0" hai0="94,60,19,3,122,34,134,132,77,63,17,43,78" hai1="95,64,29,32,11,72,53,90,118,110,128,70,38" hai2="62,124,8,125,41,14,102,23,52,101,127,45,81" hai3="97,9,76,92,56,120,20,123,35,28,39,99,5"/><T47/><D122/><N who="3" m="46633" /><G35/><T113/><D113/><U6/><E118/><V25/><F81/><W84/><G39/><T114/><D114/><U10/><E72/><V15/><F15/><N who="3" m="5551" /><G56/><T83/><D34/><U100/><E11/><V74/><F74/><W111/><G111/><T133/><D3/><U49/><E38/><V109/><F109/><W135/><G135/><T44/><D94/><U37/><E37/><V130/><F130/><W91/><G76/><N who="0" m="29291" /><D83/><U103/><E128/><V67/><F41/><W33/><G33/><T27/><D43/><U71/><E32/><V129/><F129/><W18/><G28/><T48/><D48/><U82/><E29/><N who="2" m="17599" /><F67/><W50/><G50/><T16/><D27/><AGARI ba="0,0" hai="18,20,27,84,91,92,97,99" m="5551,46633" machi="27" ten="30,2000,0" yaku="13,1,52,1" doraHai="2" who="3" fromWho="0" sc="250,-20,250,0,250,0,250,20" /><INIT seed="1,0,0,4,4,124" ten="230,250,250,270" oya="1" hai0="9,56,2,63,75,40,102,111,59,108,54,132,42" hai1="17,51,73,101,83,26,11,36,0,120,6,119,19" hai2="78,81,89,20,67,34,99,3,23,18,91,79,95" hai3="14,85,112,44,84,114,47,82,15,70,5,28,37"/><U135/><E119/><V80/><F34/><W130/><G70/><T39/><D75/><U69/><E120/><V55/><F3/><W92/><G92/><T128/><D102/><U94/><E69/><V86/><F67/><W53/><G28/><T117/><D9/><U68/><E68/><V31/><F55/><W77/><G53/><N who="0" m="34191" /><D2/><U29/><E36/><V123/><F123/><W87/><G37/><T24/><D24/><U121/><E51/><V45/><F45/><W38/><G38/><T127/><D117/><U76/><E135/><V96/><F31/><W1/><G1/><T4/><D4/><U66/><E66/><V57/><F57/><W107/><G107/><T22/><D22/><U49/><E49/><V131/><F18/><W106/><G106/><T93/><D93/><U100/><E100/><V103/><F20/><W62/><G85/><T8/><D8/><U30/><E30/><V116/><F23/><W46/><G46/><N who="0" m="23839" /><D127/><U13/><E121/><V98/><F116/><W71/><G5/><T60/><D132/><U97/><E0/><V61/><F61/><W118/><G118/><T58/><D42/><U115/><E115/><V35/><F35/><AGARI ba="0,0" hai="6,11,13,17,19,26,29,35,73,76,83,94,97,101" machi="35" ten="30,1500,0" yaku="7,1" doraHai="124" who="1" fromWho="2" sc="230,0,250,15,250,-15,270,0" /><INIT seed="1,1,0,2,1,96" ten="230,265,235,270" oya="1" hai0="23,49,128,106,32,67,61,26,21,107,122,18,52" hai1="20,130,120,126,124,27,31,114,30,78,56,60,24" hai2="37,48,82,87,25,118,103,89,134,55,57,65,58" hai3="12,19,16,63,33,8,86,29,5,135,88,69,38"/><U90/><E114/><V62/><F118/><W0/><G38/><T9/><D128/><U80/><E120/><V121/><F121/><W97/><G135/><T95/><D122/><U111/><E90/><V17/><F37/><W68/><G97/><T102/><D32/><U85/><E130/><V92/><F134/><W72/><G72/><T76/><D76/><U11/><E11/><V51/><F51/><W116/><G63/><T43/><D43/><U112/><E112/><V45/><F45/><W6/><G6/><T44/><D9/><U75/><E75/><V104/><F104/><W34/><G34/><T131/><D131/><U113/><E113/><V42/><F42/><W53/><G53/><T123/><D123/><U28/><E111/><V100/><F82/><W133/><G133/><T46/><D46/><U70/><E70/><V41/><F41/><W109/><G109/><T40/><D40/><U66/><REACH who="1" step="1"/><E27/><REACH who="1" ten="230,255,235,270" step="2"/><V125/><F125/><AGARI ba="1,1" hai="20,24,28,30,31,56,60,66,78,80,85,124,125,126" machi="125" ten="40,7700,0" yaku="1,1,2,1,18,1,53,0" doraHai="96" doraHaiUra="64" who="1" fromWho="2" sc="230,0,255,90,235,-80,270,0" /><INIT seed="1,2,0,5,1,73" ten="230,345,155,270" oya="1" hai0="45,122,75,121,71,34,104,52,86,22,83,84,2" hai1="53,118,14,55,61,95,113,54,112,87,79,3,35" hai2="36,94,74,58,38,23,125,32,39,19,26,109,7" hai3="80,13,88,82,90,41,134,116,78,97,68,1,33"/><U20/><E118/><V37/><N who="2" m="9216" /><DORA hai="114" /><V31/><F109/><W124/><G1/><T64/><D34/><U123/><E35/><V49/><F125/><W103/><G41/><T57/><D2/><U135/><E3/><V111/><F111/><W11/><G33/><T105/><D75/><U40/><E40/><V4/><F74/><W96/><G68/><T102/><D45/><U117/><E117/><V85/><F94/><W130/><G116/><T15/><D64/><U70/><E123/><N who="0" m="47113" /><D71/><U16/><E135/><V65/><F85/><N who="0" m="32874" /><D83/><U25/><E95/><V43/><F43/><W120/><G120/><T76/><D76/><U98/><E98/><V63/><REACH who="2" step="1"/><F49/><REACH who="2" ten="230,345,145,270" step="2"/><W5/><G124/><T10/><D104/><U99/><E113/><V6/><F6/><W30/><G5/><T127/><D105/><U47/><E87/><V29/><F29/><W17/><G30/><T132/><D127/><U81/><E112/><V92/><F92/><W100/><G134/><T66/><D132/><U42/><E42/><V9/><F9/><W69/><G11/><T110/><D10/><U60/><E99/><V128/><F128/><W89/><G130/><T108/><D108/><U18/><E81/><V8/><F8/><W12/><G82/><T101/><D110/><U44/><E18/><V46/><F46/><W91/><G17/><N who="0" m="10559" /><D66/><U129/><E47/><V50/><F50/><AGARI ba="2,1" hai="50,52,57,101,102" m="10559,32874,47113" machi="50" ten="30,2000,0" yaku="13,1,54,1" doraHai="73,114" who="0" fromWho="2" sc="230,36,345,0,145,-26,270,0" /><INIT seed="2,0,0,3,5,112" ten="266,345,119,270" oya="2" hai0="28,43,96,103,91,49,21,110,50,25,11,81,73" hai1="83,78,115,47,109,45,130,48,35,80,102,68,26" hai2="24,87,0,113,125,18,114,33,14,129,36,67,108" hai3="97,9,32,100,3,52,127,23,27,46,57,131,105"/><V12/><F36/><W101/><G127/><T8/><D110/><U37/><E115/><N who="2" m="44043" /><F67/><W122/><G122/><T107/><D73/><U69/><E37/><V62/><F62/><W133/><G32/><T64/><D64/><U2/><E109/><V70/><F70/><W82/><G131/><T58/><D49/><U126/><E130/><V6/><F129/><W1/><G9/><T94/><D81/><U123/><E123/><V74/><F108/><W86/><G46/><T76/><D76/><U117/><E48/><V120/><F120/><W104/><G133/><T39/><D39/><U98/><E69/><V41/><F41/><W95/><G101/><T124/><D124/><U121/><E68/><V116/><F125/><W55/><G55/><T106/><D106/><U128/><E128/><V66/><F66/><W135/><G135/><T44/><REACH who="0" step="1"/><D58/><REACH who="0" ten="256,345,119,270" step="2"/><U79/><E126/><V22/><F74/><W72/><G72/><T53/><D53/><U59/><E59/><V60/><F60/><W20/><G104/><T111/><D111/><U51/><E51/><V89/><F33/><W84/><G105/><T31/><D31/><U71/><E121/><V19/><F19/><W7/><G52/><T77/><D77/><U118/><E71/><V54/><F54/><W90/><G57/><T134/><D134/><U38/><E38/><V42/><F42/><W30/><G30/><T34/><D34/><U40/><E40/><V29/><F29/><W5/><G95/><T61/><D61/><U85/><E35/><V132/><F132/><W88/><G82/><N who="1" m="31274" /><E79/><V65/><F65/><RYUUKYOKU ba="0,1" sc="256,30,345,-10,119,-10,270,-10" hai0="8,11,21,25,28,43,44,50,91,94,96,103,107" /><INIT seed="3,1,1,0,4,12" ten="286,335,109,260" oya="3" hai0="26,116,18,60,123,39,11,58,111,57,45,92,30" hai1="24,33,9,133,65,2,6,82,41,87,17,134,34" hai2="71,22,53,130,74,113,118,125,42,43,54,48,51" hai3="50,127,124,78,101,3,103,89,102,94,47,25,31"/><W13/><G3/><T61/><D116/><U105/><E105/><V110/><F74/><W95/><G78/><T132/><D123/><U55/><E65/><V72/><F72/><W81/><G81/><T44/><D111/><U66/><E66/><V16/><F71/><W109/><G109/><T38/><D132/><N who="1" m="50795" /><E41/><N who="2" m="15371" /><F110/><W7/><G7/><T108/><D108/><U1/><E1/><V114/><F118/><W46/><G13/><T97/><D30/><U122/><E55/><N who="2" m="21003" /><F22/><N who="3" m="15799" /><G50/><N who="2" m="18985" /><F16/><W8/><G8/><T131/><D11/><U135/><E122/><V80/><F80/><W67/><G67/><T99/><D18/><U10/><E135/><V59/><F125/><N who="3" m="48203" /><G95/><T107/><D92/><U64/><E64/><V20/><F20/><W49/><G49/><T96/><D107/><U93/><E93/><V28/><F28/><W0/><G0/><T121/><D121/><U29/><E10/><V14/><F14/><W37/><G37/><T27/><D97/><AGARI ba="1,1" hai="46,47,89,94,97,101,102,103" m="48203,15799" machi="97" ten="30,1500,0" yaku="18,1" doraHai="12" who="3" fromWho="0" sc="286,-18,335,0,109,0,260,28" /><INIT seed="3,2,0,0,4,67" ten="268,335,109,288" oya="3" hai0="100,61,11,47,38,99,25,21,9,88,108,89,69" hai1="42,40,10,126,132,48,129,4,41,77,120,45,124" hai2="103,80,6,109,84,14,24,70,52,59,43,13,95" hai3="72,122,121,5,127,28,17,7,98,31,113,81,117"/><W68/><G117/><T18/><D108/><U50/><E120/><V86/><F109/><W85/><G72/><T135/><D135/><U133/><E77/><V27/><F70/><W102/><G113/><T83/><D38/><U53/><E10/><V64/><F64/><W30/><G17/><T2/><D47/><N who="1" m="27871" /><E129/><V75/><F43/><N who="1" m="16457" /><E4/><V8/><F14/><W82/><G68/><T93/><D69/><U119/><E119/><V26/><F75/><W51/><G51/><T55/><D2/><U12/><E12/><V73/><F73/><W71/><G71/><T107/><D83/><U134/><AGARI ba="2,0" hai="42,45,48,124,126,132,133,134" m="16457,27871" machi="134" ten="40,5200,0" yaku="20,1,34,2" doraHai="67" who="1" fromWho="1" sc="268,-15,335,58,109,-15,288,-28" /><INIT seed="4,0,0,2,0,32" ten="253,393,94,260" oya="0" hai0="78,30,55,62,44,134,31,28,3,52,84,2,109" hai1="101,116,96,10,9,92,105,34,35,100,94,89,49" hai2="125,0,129,81,18,38,70,90,91,127,48,56,122" hai3="57,45,33,106,124,117,113,42,73,98,59,72,6"/><T128/><D128/><U60/><E105/><V82/><F70/><W47/><G33/><T74/><D74/><U50/><E96/><V7/><F38/><W46/><G117/><T36/><D134/><U119/><E60/><V29/><F29/><W1/><G113/><T88/><D78/><U64/><E64/><V130/><F18/><W16/><G124/><N who="2" m="47689" /><F122/><W22/><G42/><T103/><D103/><U25/><E89/><N who="2" m="33803" /><F56/><W4/><G4/><T77/><D77/><U65/><E65/><V20/><F20/><W24/><G59/><T135/><D109/><U120/><E25/><V53/><F53/><W110/><G57/><T43/><D135/><U76/><E76/><V17/><F17/><W75/><G110/><T61/><D61/><U15/><E120/><V80/><F48/><W58/><G58/><T118/><D62/><U131/><E131/><N who="2" m="50187" /><F7/><W126/><G126/><T5/><D118/><U67/><E67/><V133/><F0/><W79/><G46/><T87/><D5/><U115/><E15/><V93/><F93/><W39/><G47/><T66/><D66/><U12/><E12/><V54/><F54/><N who="0" m="20522" /><D2/><U95/><E95/><V19/><F19/><W111/><G1/><T27/><D3/><U51/><E50/><V112/><F112/><AGARI ba="0,0" hai="9,10,34,35,49,51,92,94,100,101,112,115,116,119" machi="112" ten="25,1600,0" yaku="22,2" doraHai="32" who="1" fromWho="2" sc="253,0,393,16,94,-16,260,0" /><INIT seed="5,0,0,4,2,70" ten="253,409,78,260" oya="1" hai0="28,82,1,3,76,10,89,9,123,65,73,84,77" hai1="124,116,46,57,62,102,67,105,72,36,115,60,94" hai2="24,104,40,120,35,106,96,80,129,31,27,97,56" hai3="134,41,122,22,93,51,127,58,21,132,38,23,55"/><U45/><E105/><V111/><F111/><W49/><G122/><T29/><D123/><U100/><E72/><V68/><F120/><W64/><G127/><T108/><D108/><U37/><E116/><V81/><F68/><W47/><G93/><T125/><D125/><U75/><E75/><V69/><F69/><W18/><G64/><T110/><D110/><U133/><E124/><V91/><F129/><W34/><G34/><T85/><D73/><U92/><E67/><V130/><F130/><W114/><G114/><T66/><D89/><U87/><E87/><V86/><F56/><W5/><G5/><T43/><D43/><U25/><E57/><V99/><F81/><AGARI ba="0,0" hai="1,3,9,10,28,29,65,66,76,77,81,82,84,85" machi="81" ten="25,1600,0" yaku="22,2" doraHai="70" who="0" fromWho="2" sc="253,16,409,0,78,-16,260,0" /><INIT seed="6,0,0,4,0,8" ten="269,409,62,260" oya="2" hai0="44,91,50,48,2,36,112,14,27,108,134,107,9" hai1="95,113,101,12,30,71,54,22,87,117,89,130,47" hai2="86,83,41,26,124,110,88,126,133,38,79,35,40" hai3="42,82,102,16,32,5,51,49,43,98,131,39,100"/><V15/><F133/><W18/><G32/><T93/><D107/><U21/><E71/><V92/><F110/><W106/><G131/><T121/><D2/><U37/><E117/><V6/><F38/><W128/><G128/><T58/><D36/><U99/><E113/><V116/><F116/><W114/><G114/><T10/><D58/><U19/><E130/><V111/><F111/><W119/><G119/><T34/><D10/><N who="1" m="6551" /><E30/><V13/><F26/><W90/><G5/><T109/><D50/><N who="3" m="18953" /><G106/><T94/><D93/><N who="1" m="58607" /><E37/><V70/><F35/><W104/><G104/><T17/><D34/><U74/><E74/><V60/><F6/><W80/><G39/><T81/><D134/><U63/><E47/><V24/><F24/><W103/><G98/><T59/><D27/><U85/><E87/><N who="2" m="52255" /><F60/><W1/><G1/><T20/><D44/><U23/><E63/><V68/><F68/><W127/><G127/><N who="2" m="48681" /><F70/><W96/><G96/><T69/><D69/><U76/><E54/><V62/><F62/><W67/><G67/><T123/><D112/><U55/><E55/><V73/><F73/><W118/><G118/><T65/><D65/><U129/><E129/><V25/><F25/><W11/><G43/><AGARI ba="0,0" hai="13,15,40,41,43,79,83,86" m="48681,52255" machi="43" ten="30,11600,0" yaku="18,1,52,2,54,1" doraHai="8" who="2" fromWho="3" sc="269,0,409,0,62,116,260,-116" /><INIT seed="6,1,0,4,5,94" ten="269,409,178,144" oya="2" hai0="3,112,106,110,127,119,28,80,67,45,93,84,56" hai1="105,89,82,18,74,121,104,69,23,78,72,123,0" hai2="126,86,66,40,117,12,100,43,31,63,34,16,33" hai3="5,8,2,103,32,47,128,46,95,71,87,102,116"/><V81/><F117/><W124/><G116/><T57/><D106/><U48/><E0/><V7/><F7/><W6/><G124/><T24/><D3/><U17/><E69/><V114/><F114/><W27/><G71/><T134/><D110/><U96/><E72/><V53/><F53/><W85/><G128/><T92/><D57/><U30/><E48/><V68/><F126/><W97/><G6/><T73/><D73/><U101/><E105/><V130/><F100/><W37/><G103/><T62/><D134/><U25/><E89/><V19/><F130/><W88/><G37/><T79/><D112/><U49/><E49/><V99/><F99/><W111/><G111/><T4/><D4/><U115/><E115/><V22/><F19/><W41/><G41/><T118/><D127/><U125/><E125/><V133/><F133/><W131/><G131/><T9/><D9/><U61/><E61/><V75/><F75/><W59/><G59/><T113/><D45/><U108/><E108/><V10/><F22/><W64/><G64/><T26/><D26/><U91/><E101/><V65/><F65/><W52/><G52/><T51/><D113/><U50/><E104/><V20/><F20/><W76/><G76/><T21/><D119/><U90/><E90/><N who="2" m="51535" /><F31/><N who="3" m="19583" /><G85/><T109/><D118/><U83/><E91/><V132/><F132/><W36/><G36/><T129/><D129/><U14/><E78/><V44/><F43/><W15/><G2/><T55/><D109/><U29/><E74/><V1/><F1/><W54/><G54/><N who="0" m="31839" /><D67/><U11/><E23/><V60/><F60/><RYUUKYOKU ba="1,0" sc="269,10,409,-30,178,10,144,10" hai0="21,24,28,55,62,79,80,84,92,93" hai2="10,12,16,33,34,40,44,63,66,68" hai3="5,8,15,46,47,87,88,95,97,102" /><INIT seed="6,2,0,0,2,75" ten="279,379,188,154" oya="2" hai0="39,127,124,106,4,11,81,31,14,24,6,33,111" hai1="90,41,36,34,67,96,119,23,102,93,129,55,117" hai2="61,35,72,8,50,105,54,18,43,113,27,65,79" hai3="51,53,30,74,73,83,48,1,66,100,3,63,103"/><V123/><F123/><W59/><G30/><T91/><D39/><U128/><E34/><V22/><F105/><W78/><G74/><T2/><D106/><U89/><E67/><V19/><F113/><W68/><REACH who="3" step="1"/><G51/><REACH who="3" ten="279,379,188,144" step="2"/><T122/><D31/><U16/><E36/><V125/><F35/><W110/><G110/><T104/><D111/><U121/><E121/><V7/><F125/><W40/><G40/><T69/><D122/><U57/><E41/><V94/><F43/><W58/><G58/><T45/><D127/><U88/><E119/><V38/><F38/><W52/><G52/><T85/><D124/><U97/><E117/><V118/><F118/><W46/><G46/><T120/><D45/><U25/><E57/><V80/><F50/><W12/><G12/><T60/><D14/><U114/><E55/><V126/><F126/><W135/><G135/><T82/><D33/><U47/><E47/><V107/><F54/><W108/><G108/><T17/><D120/><U29/><E29/><V5/><F72/><W21/><G21/><T62/><D2/><AGARI ba="2,1" hai="1,2,3,48,53,59,63,66,68,73,78,83,100,103" machi="2" ten="40,2600,0" yaku="1,1,52,1,53,0" doraHai="75" doraHaiUra="115" who="3" fromWho="0" sc="279,-32,379,0,188,0,144,42" /><INIT seed="7,0,0,4,0,111" ten="247,379,188,186" oya="3" hai0="23,33,96,128,69,84,45,95,6,103,59,100,61" hai1="2,44,58,105,19,27,21,46,52,3,114,18,32" hai2="65,85,24,125,74,29,30,89,93,113,8,104,31" hai3="37,101,71,34,112,56,98,70,68,0,11,129,42"/><W83/><G129/><T53/><D33/><U38/><E105/><V35/><F104/><W39/><G56/><T51/><D128/><U120/><E114/><V91/><F74/><W134/><G134/><T66/><D6/><U5/><E32/><V4/><F125/><W130/><G130/><T36/><D84/><U17/><E120/><V64/><F113/><W109/><G109/><T119/><D119/><U99/><E99/><N who="2" m="57775" /><F35/><W67/><G67/><N who="2" m="25673" /><F24/><W57/><G57/><T13/><D36/><N who="3" m="13897" /><G42/><T117/><D117/><U124/><E19/><V78/><F78/><W77/><G34/><T127/><D127/><U63/><E44/><V122/><F122/><W55/><G55/><T40/><D103/><U116/><E63/><V54/><F54/><W80/><G80/><T25/><D13/><U82/><E82/><N who="2" m="49591" /><F4/><N who="3" m="1415" /><G112/><T88/><D100/><U121/><E21/><V15/><F15/><W72/><G71/><T92/><D92/><U132/><E132/><V126/><F126/><W41/><G41/><T10/><D69/><U79/><E58/><V94/><F94/><W48/><G48/><T76/><D66/><U110/><E18/><V102/><F102/><W115/><G115/><T26/><D23/><U123/><E110/><V50/><F50/><W108/><G108/><T118/><D118/><U106/><E116/><V14/><F14/><W62/><G62/><T47/><D61/><U7/><E124/><V97/><F97/><W75/><G75/><T43/><D96/><U16/><E123/><V60/><F60/><W90/><G90/><T12/><D88/><U107/><E121/><RYUUKYOKU ba="0,0" sc="247,-15,379,-15,188,15,186,15" hai2="8,29,30,31" hai3="68,70,72,77,83,98,101" /><INIT seed="7,1,0,4,0,127" ten="232,364,203,201" oya="3" hai0="134,87,13,62,40,107,102,53,54,42,96,130,79" hai1="110,17,74,124,106,45,50,70,91,129,9,63,81" hai2="41,65,114,75,78,22,52,84,38,101,112,94,23" hai3="105,119,14,8,123,56,126,6,121,25,32,118,58"/><W3/><G58/><T93/><D130/><U98/><E98/><N who="2" m="59607" /><F75/><W60/><G56/><N who="0" m="35087" /><D107/><U69/><E9/><V46/><F65/><W97/><G60/><T18/><D54/><U0/><E17/><V48/><F84/><W115/><G97/><T85/><D134/><U26/><E50/><V86/><F86/><N who="0" m="32778" /><D79/><U73/><E45/><N who="2" m="23735" /><F78/><W113/><G105/><T131/><D131/><U2/><E91/><V55/><F55/><W34/><G126/><T43/><D43/><U125/><E129/><V108/><F108/><W103/><G103/><T77/><D77/><U11/><E0/><V100/><F100/><W1/><G1/><T33/><D33/><N who="3" m="12905" /><G3/><T44/><D44/><U30/><E63/><V59/><F46/><W109/><G109/><T5/><D5/><U132/><E110/><V135/><F135/><W122/><G25/><T76/><D76/><U80/><E132/><V95/><F95/><W133/><G133/><T47/><D47/><U99/><E2/><V10/><F10/><AGARI ba="1,0" hai="10,13,18,40,42,93,96,102" m="32778,35087" machi="10" ten="30,1000,0" yaku="8,1" doraHai="127" who="0" fromWho="2" sc="232,13,364,0,203,-13,201,0" owari="245,5.0,364,46.0,190,-31.0,201,-20.0" /></mjloggm>