<mjloggm ver="2.3"><GO type="169" lobby="0"/><UN n0="%E3%82%A2%E3%83%95%E3%83%AA%E3%82%AB" n1="%E3%83%95%E3%82%A1%E3%83%B3%E3%83%95%E3%82%A1%E3%83%BC%E3%83%AC" n2="%E3%81%99%E3%81%BF%E3%82%84%E3%81%AB" n3="%E5%B0%B1%E6%B4%BB%E7%94%9F%40%E5%B7%9D%E6%9D%91%E8%BB%8D%E5%9B%A3" dan="16,16,18,17" rate="2109.25,2132.42,2247.14,2248.07" sx="M,M,M,M"/><TAIKYOKU oya="0"/><INIT seed="0,0,0,1,0,58" ten="250,250,250,250" oya="0" hai0="36,41,42,26,55,131,0,16,117,116,109,6,9" hai1="29,77,25,71,61,111,65,66,73,30,68,130,101" hai2="127,110,70,103,114,100,106,2,40,108,37,38,99" hai3="5,10,88,28,98,22,46,95,81,19,69,21,7"/><T133/><D133/><U24/><E111/><N who="2" m="42539" /><F103/><W83/><G69/><T50/><D109/><U31/><E130/><V132/><F2/><W118/><G118/><T11/><D131/><U27/><E101/><V87/><F87/><W17/><G28/><T134/><D134/><U107/><E107/><V119/><F132/><W59/><G46/><T35/><D36/><U125/><E125/><V91/><F91/><W135/><G135/><T79/><D79/><U86/><E86/><V84/><F84/><W54/><G21/><T20/><D11/><U14/><E14/><V122/><F122/><W15/><G7/><T47/><REACH who="0" step="1"/><D35/><REACH who="0" ten="240,250,250,250" step="2"/><U85/><E77/><V78/><F78/><W90/><G90/><T93/><D93/><U129/><E129/><V94/><F94/><W56/><G19/><T89/><D89/><U67/><E73/><V3/><F38/><W4/><G4/><T12/><D12/><U57/><REACH who="1" step="1"/><E85/><REACH who="1" ten="240,240,250,250" step="2"/><V34/><F3/><W121/><G15/><T51/><D51/><U13/><E13/><V8/><F37/><W1/><G1/><T120/><D120/><U74/><E74/><V126/><F126/><W76/><G121/><T102/><D102/><U48/><E48/><V104/><F127/><W44/><G76/><T96/><D96/><U92/><E92/><V18/><F99/><W49/><G5/><T115/><D115/><U63/><E63/><V52/><F114/><W64/><G10/><T82/><D82/><U53/><AGARI ba="0,2" hai="24,25,27,29,30,31,53,57,61,65,66,67,68,71" machi="53" ten="40,8000,1" yaku="1,1,0,1,29,2,52,1,53,0" doraHai="58" doraHaiUra="124" who="1" fromWho="1" sc="240,-40,240,100,250,-20,250,-20" /><INIT seed="1,0,0,5,0,31" ten="200,340,230,230" oya="1" hai0="57,65,37,83,5,131,106,70,47,84,94,21,104" hai1="116,23,62,91,25,115,102,133,81,135,1,103,67" hai2="125,100,43,9,99,55,111,101,46,118,13,11,69" hai3="109,4,3,132,89,56,63,7,38,14,90,58,45"/><U129/><E116/><V112/><F118/><W34/><G3/><T110/><D70/><U73/><E1/><V76/><F69/><W92/><G109/><T75/><D75/><U35/><E115/><V113/><F111/><W74/><G74/><T86/><D110/><U108/><E108/><V48/><F125/><W64/><G132/><N who="1" m="50762" /><E129/><V119/><F119/><W52/><G34/><T82/><D5/><U19/><E35/><V79/><F43/><W60/><G14/><T121/><D131/><U87/><E73/><V72/><F11/><W107/><G107/><T6/><D6/><U28/><E19/><V126/><F126/><W44/><G38/><T96/><D106/><U15/><E15/><V105/><F101/><W29/><G29/><T26/><D47/><N who="3" m="17993" /><G89/><N who="0" m="55375" /><D37/><U114/><E114/><N who="2" m="44139" /><F72/><W50/><G63/><N who="0" m="38127" /><D104/><U49/><E49/><V122/><F122/><W12/><G12/><T68/><D68/><AGARI ba="0,0" hai="23,25,28,62,67,68,81,87,91,102,103" m="50762" machi="68" ten="30,1500,0" yaku="20,1" doraHai="31" who="1" fromWho="0" sc="200,-15,340,15,230,0,230,0" /><INIT seed="1,1,0,0,2,128" ten="185,355,230,230" oya="1" hai0="14,71,129,64,112,117,44,27,63,121,114,1,3" hai1="89,36,57,35,122,40,123,46,110,132,24,108,61" hai2="120,58,113,100,87,111,22,0,94,68,130,12,105" hai3="107,21,29,55,126,9,33,17,26,97,93,72,67"/><U8/><E89/><V119/><F68/><W74/><G107/><T60/><D117/><U16/><E132/><V101/><F0/><W84/><G126/><T20/><D129/><U66/><E35/><V83/><F105/><W30/><G67/><T116/><D116/><U79/><E79/><V131/><F58/><W10/><G84/><T2/><D121/><U98/><E98/><V5/><F22/><W56/><G74/><T73/><D73/><U15/><REACH who="1" step="1"/><E24/><REACH who="1" ten="185,345,230,230" step="2"/><V53/><F119/><W134/><G134/><T88/><D88/><U41/><E41/><V65/><F131/><W92/><G72/><T91/><D91/><U34/><E34/><V78/><F78/><W19/><G33/><T85/><D85/><U103/><E103/><V4/><F87/><W75/><G75/><T38/><D114/><U135/><E135/><V115/><F101/><W50/><G93/><T45/><D27/><U25/><E25/><V6/><F94/><W54/><G92/><T42/><D112/><U18/><E18/><V48/><F130/><W52/><G97/><T82/><D82/><U133/><E133/><V77/><F83/><W7/><G17/><T49/><D42/><U28/><E28/><V70/><F115/><W104/><G104/><T96/><D96/><U80/><E80/><V39/><F113/><W95/><G95/><T124/><D124/><U102/><E102/><V11/><F100/><W127/><G127/><T81/><D81/><U76/><E76/><V90/><F77/><W62/><G30/><T118/><D118/><U99/><E99/><V37/><F90/><RYUUKYOKU ba="1,1" sc="185,-10,345,30,230,-10,230,-10" hai1="8,15,16,36,40,46,57,61,66,108,110,122,123" /><INIT seed="1,2,1,2,2,33" ten="175,375,220,220" oya="1" hai0="114,44,9,101,22,116,51,19,46,38,115,123,39" hai1="2,117,132,107,0,48,34,35,11,53,103,27,122" hai2="78,106,40,36,108,65,54,3,1,37,88,131,125" hai3="134,31,63,68,32,41,6,124,112,14,10,121,126"/><U45/><E122/><V76/><F106/><W23/><G121/><T120/><D116/><U62/><E117/><V64/><F40/><W20/><G41/><T82/><D101/><U81/><E132/><V70/><F54/><W49/><G49/><T5/><D82/><U69/><E11/><V96/><F70/><W111/><G112/><T130/><D130/><U129/><E81/><V105/><F105/><W89/><G89/><T12/><D120/><U58/><E129/><V73/><F131/><W18/><G134/><T94/><D94/><U135/><E135/><V26/><F26/><N who="3" m="18551" /><G111/><T56/><D56/><U87/><E87/><V133/><F133/><W75/><G75/><T43/><D123/><U50/><E50/><V8/><F8/><N who="3" m="6471" /><G63/><T91/><D91/><U61/><E61/><V59/><F59/><W17/><G68/><T67/><D67/><U84/><E84/><V16/><F73/><W97/><G97/><T128/><D128/><U13/><E69/><V86/><F86/><W92/><G92/><T55/><REACH who="0" step="1"/><D38/><REACH who="0" ten="165,375,220,220" step="2"/><U4/><E103/><V66/><F66/><W95/><G95/><T60/><D60/><U110/><E62/><V72/><F88/><W127/><G17/><T28/><D28/><U109/><E107/><V42/><F16/><W57/><G57/><T113/><D113/><U99/><E58/><V90/><F90/><W100/><G100/><T77/><D77/><U85/><E109/><V71/><F108/><W29/><G29/><T118/><D118/><U21/><E110/><V79/><F79/><W7/><G7/><T52/><D52/><RYUUKYOKU ba="2,2" sc="165,15,375,-15,220,-15,220,15" hai0="5,9,12,19,22,39,43,44,46,51,55,114,115" hai3="6,10,20,23,124,126,127" /><INIT seed="2,3,2,1,4,91" ten="180,360,205,235" oya="2" hai0="97,125,121,14,89,112,110,15,95,82,47,90,36" hai1="128,40,41,63,16,123,45,68,8,38,67,61,39" hai2="85,111,62,3,114,130,75,79,9,52,135,65,18" hai3="131,70,59,49,104,4,11,33,86,21,106,28,132"/><V23/><F114/><W54/><G70/><T127/><D112/><U92/><E128/><V1/><F75/><W107/><G131/><T31/><D121/><U99/><E123/><V43/><F43/><W129/><G129/><T20/><D110/><U46/><E61/><V32/><F32/><W124/><G124/><N who="0" m="47691" /><D82/><U122/><E122/><V87/><F130/><W10/><G132/><T64/><D64/><U119/><E119/><V115/><F115/><W29/><G33/><T83/><D83/><U105/><E105/><V5/><F3/><W19/><G86/><T57/><D57/><U126/><E126/><V50/><F79/><W56/><G59/><T0/><D90/><U93/><E99/><V74/><F74/><W53/><G53/><T103/><D103/><U118/><E118/><V7/><F111/><W77/><G77/><T101/><D101/><U24/><E24/><V55/><F55/><W84/><G84/><T25/><D0/><U73/><E73/><V133/><F135/><W35/><G35/><T26/><D26/><U69/><E69/><V30/><F133/><W27/><REACH who="3" step="1"/><G11/><REACH who="3" ten="180,360,205,225" step="2"/><T96/><D96/><U66/><E66/><V71/><F87/><W116/><G116/><T17/><D31/><U60/><E60/><V34/><F85/><W88/><G88/><T51/><D97/><U42/><E42/><V80/><F30/><W113/><G113/><T6/><D89/><U109/><E109/><V108/><F108/><W72/><G72/><T37/><D20/><U117/><E117/><V78/><F23/><W44/><G44/><T22/><D47/><RYUUKYOKU ba="3,3" sc="180,-15,360,15,205,-15,225,15" hai1="8,16,38,39,40,41,45,46,63,67,68,92,93" hai3="4,10,19,21,27,28,29,49,54,56,104,106,107" /><INIT seed="3,4,3,1,2,70" ten="165,375,190,240" oya="3" hai0="15,76,104,113,39,25,125,89,94,103,13,129,68" hai1="29,54,41,82,128,5,119,24,61,123,83,17,53" hai2="18,98,38,116,74,55,133,42,131,59,37,51,109" hai3="4,69,7,0,21,120,56,35,79,19,60,105,86"/><W3/><G105/><T46/><D68/><U114/><E123/><V110/><F74/><W73/><G69/><T124/><D113/><U8/><E114/><V132/><F116/><W31/><G73/><T45/><D129/><U112/><E112/><V63/><F131/><W88/><G120/><T58/><D76/><U130/><E17/><V93/><F18/><W75/><G75/><T20/><D103/><U115/><E41/><V108/><F63/><W2/><G79/><T34/><D34/><N who="1" m="20775" /><E119/><V67/><F67/><W65/><G31/><N who="0" m="17831" /><D104/><U50/><E50/><V66/><F66/><W1/><N who="3" m="512" /><DORA hai="30" /><W126/><G35/><T91/><D91/><U9/><E61/><V81/><F81/><W40/><G40/><T107/><D107/><U90/><E83/><V43/><F43/><W72/><G72/><T117/><D117/><U10/><E90/><N who="2" m="55607" /><F42/><W32/><G32/><T49/><D39/><AGARI ba="4,3" hai="37,38,39,51,55,59,108,109,110,132,133" m="55607" machi="39" ten="40,8000,1" yaku="14,1,52,3" doraHai="70,30" who="2" fromWho="0" sc="165,-92,375,0,190,122,240,0" /><INIT seed="4,0,0,2,2,45" ten="73,375,312,240" oya="0" hai0="7,112,102,57,28,89,98,124,21,80,86,44,22" hai1="41,84,117,77,2,121,99,14,30,43,42,33,135" hai2="11,1,40,64,122,65,15,106,8,9,12,27,81" hai3="91,26,24,125,76,127,58,131,25,73,88,46,68"/><T37/><D124/><N who="3" m="47689" /><G68/><T34/><D112/><U51/><E2/><V134/><F122/><W115/><G115/><T67/><D7/><U61/><E117/><V129/><F106/><W55/><G131/><T120/><D120/><U100/><E61/><V116/><F1/><W10/><G46/><T49/><D37/><U29/><E33/><V94/><F94/><W93/><G10/><T35/><D35/><U56/><E14/><V75/><F27/><W47/><G47/><T92/><D34/><U132/><E121/><V103/><F103/><W23/><G23/><T38/><D38/><U69/><E69/><V130/><F40/><W113/><G113/><T6/><D6/><U95/><E77/><V36/><F36/><W126/><G126/><T107/><D107/><U118/><E84/><V32/><F32/><W71/><G71/><T123/><D123/><U128/><E128/><N who="2" m="49259" /><F116/><W105/><G105/><T109/><D109/><U4/><E4/><V5/><F11/><W108/><G108/><T82/><D82/><U133/><E118/><V66/><F81/><N who="3" m="45199" /><G93/><T74/><D74/><U17/><E17/><N who="2" m="8327" /><F75/><W31/><G31/><T101/><D28/><U72/><E72/><V104/><F104/><W119/><G119/><T13/><D102/><U96/><E96/><V111/><F111/><W19/><G19/><T110/><D110/><U87/><E87/><V60/><F134/><W20/><G20/><T53/><REACH who="0" step="1"/><D13/><REACH who="0" ten="63,375,312,240" step="2"/><U70/><E132/><V114/><F114/><W78/><G78/><T97/><D97/><U54/><E133/><V52/><F15/><W48/><AGARI ba="0,1" hai="24,25,26,48,55,58,88,91" m="45199,47689" machi="48" ten="30,7900,0" yaku="5,1,18,1,52,1,54,1" doraHai="45" who="3" fromWho="3" sc="63,-39,375,-20,312,-20,240,89" /><INIT seed="5,0,0,4,2,112" ten="24,355,292,329" oya="1" hai0="90,127,97,64,18,81,113,49,98,106,79,83,38" hai1="43,77,30,15,128,125,108,13,41,80,14,12,51" hai2="22,84,126,121,74,95,6,48,39,9,115,66,56" hai3="111,36,62,4,7,23,91,82,131,0,44,65,67"/><U37/><E37/><V42/><F74/><W104/><G104/><T47/><D38/><U116/><E116/><V70/><F121/><W59/><G111/><T11/><D113/><U69/><E69/><V105/><F105/><W68/><G131/><T117/><D127/><U73/><E108/><V52/><F115/><W102/><G102/><T122/><D122/><U2/><E2/><V8/><F126/><W28/><G0/><T63/><D106/><U103/><E103/><V16/><F6/><W33/><G33/><T75/><D117/><U29/><E128/><V96/><F84/><N who="3" m="50583" /><G68/><T1/><D1/><U99/><E99/><V61/><F42/><W25/><G36/><T88/><D90/><U114/><E114/><V31/><F31/><W58/><G44/><T86/><D18/><U53/><E125/><V3/><F3/><W119/><G119/><T110/><D110/><U124/><E124/><V78/><F78/><W76/><G76/><T123/><D123/><U10/><E30/><V101/><REACH who="2" step="1"/><F39/><REACH who="2" ten="24,355,282,329" step="2"/><W133/><G133/><T93/><D83/><U107/><E29/><V55/><F55/><W85/><G85/><T20/><D20/><U19/><REACH who="1" step="1"/><E107/><REACH who="1" ten="24,345,282,329" step="2"/><V5/><F5/><W46/><G7/><T89/><D11/><U26/><E26/><AGARI ba="0,2" hai="8,9,16,22,26,48,52,56,61,66,70,95,96,101" machi="26" ten="30,8000,1" yaku="1,1,7,1,54,2,53,1" doraHai="112" doraHaiUra="54" who="2" fromWho="1" sc="24,0,345,-80,282,100,329,0" /><INIT seed="6,0,0,3,4,131" ten="24,265,382,329" oya="2" hai0="25,130,52,129,120,6,111,22,56,19,127,28,126" hai1="30,68,12,72,82,0,33,95,48,132,76,87,17" hai2="44,121,83,65,37,117,40,59,36,43,100,55,18" hai3="39,2,71,93,102,41,104,115,114,13,53,63,10"/><V135/><F121/><W3/><G104/><T47/><D120/><U5/><E68/><V73/><F117/><W27/><G27/><T116/><D116/><U110/><E110/><V21/><F100/><W97/><G41/><T46/><D111/><U58/><E5/><V77/><F65/><W109/><G39/><T60/><D6/><U80/><E95/><V107/><F107/><W106/><G106/><T62/><D62/><U7/><E7/><V98/><F98/><W29/><G29/><T92/><D28/><U133/><E0/><V96/><F96/><W99/><G97/><T81/><D81/><U105/><E105/><V75/><F75/><W134/><G134/><N who="1" m="51818" /><E30/><V51/><F135/><W14/><G109/><T57/><D92/><U91/><E33/><V101/><F101/><W8/><G3/><T90/><D90/><U103/><E103/><V74/><F74/><W85/><G85/><T113/><D113/><N who="3" m="43017" /><G2/><T112/><D112/><U24/><E24/><V11/><F73/><W42/><G71/><T124/><REACH who="0" step="1"/><D57/><REACH who="0" ten="14,265,382,329" step="2"/><U32/><E58/><V31/><F59/><N who="3" m="35311" /><G93/><T50/><D50/><U45/><E32/><V64/><F31/><W69/><G69/><T89/><D89/><U86/><E91/><V84/><F51/><W35/><G102/><T79/><D79/><U16/><E82/><V15/><F83/><W125/><G35/><T23/><D23/><N who="1" m="11655" /><E17/><V66/><F18/><W122/><G122/><T78/><D78/><U9/><E9/><V38/><F11/><W49/><G10/><T70/><D70/><U1/><E1/><V94/><F94/><RYUUKYOKU ba="0,1" sc="14,15,265,15,382,-15,329,-15" hai0="19,22,25,46,47,52,56,60,124,126,127,129,130" hai1="45,48,72,76,80,86,87" /><INIT seed="7,1,1,4,2,80" ten="29,280,367,314" oya="3" hai0="10,60,121,85,31,42,0,50,43,6,46,83,58" hai1="41,9,109,35,92,36,118,110,33,7,39,24,101" hai2="51,135,34,107,67,62,26,88,2,53,89,115,127" hai3="56,1,68,130,5,32,119,131,71,73,105,3,96"/><W75/><G119/><T48/><D121/><U90/><E101/><V103/><F2/><N who="3" m="523" /><G5/><T23/><D31/><U19/><E118/><V27/><F27/><W4/><G4/><T112/><D112/><U113/><E113/><V76/><F115/><W79/><G56/><T70/><D70/><N who="3" m="26665" /><G32/><T20/><D48/><U86/><E7/><V97/><F76/><W116/><G116/><T106/><D106/><U11/><E19/><V94/><F107/><W108/><G108/><T123/><D43/><U93/><E24/><V114/><F114/><W78/><G78/><T22/><D123/><U17/><E17/><V102/><F34/><W126/><G126/><T100/><D100/><U104/><E104/><V44/><F103/><N who="3" m="62695" /><G79/><T30/><D30/><U125/><E125/><V98/><F127/><W21/><G21/><T95/><D95/><U25/><E90/><N who="2" m="34923" /><F98/><W82/><G82/><T133/><D83/><U8/><E25/><V28/><F135/><W69/><N who="3" m="26673" /><W132/><DORA hai="18" /><G132/><T13/><D133/><U57/><E57/><N who="2" m="37327" /><F26/><W87/><G87/><T99/><D85/><U65/><E9/><V47/><F28/><W128/><AGARI ba="1,1" hai="73,75,128,130,131" m="62695,26673,523" machi="128" ten="50,4800,0" yaku="19,1,23,1" doraHai="80,18" who="3" fromWho="3" sc="29,-17,280,-17,367,-17,314,61" owari="12,-49.0,263,-14.0,350,15.0,375,48.0" /></mjloggm>