<mjloggm ver="2.3"><GO type="169" lobby="0"/><UN n0="%E5%AF%A1%E4%BA%BA" n1="%E3%82%A6%E3%83%AB%E3%83%88%E3%83%A9%E7%AB%8B%E7%9B%B4" n2="%42%61%72%64%61%6E%74" n3="%E5%B0%B1%E6%B4%BB%E7%94%9F%40%E5%B7%9D%E6%9D%91%E8%BB%8D%E5%9B%A3" dan="16,17,16,18" rate="2073.29,2209.49,2120.18,2234.92" sx="M,M,M,M"/><TAIKYOKU oya="0"/><INIT seed="0,0,0,2,3,47" ten="250,250,250,250" oya="0" hai0="104,40,6,98,48,124,131,95,3,51,79,38,65" hai1="134,74,59,108,14,56,81,55,45,11,70,83,90" hai2="63,103,87,31,21,26,102,41,78,4,33,105,27" hai3="88,111,126,20,52,128,112,5,101,109,121,118,18"/><T46/><D104/><U64/><E108/><N who="3" m="41546" /><G118/><T44/><D65/><U58/><E134/><V9/><F105/><W120/><G101/><T85/><D131/><U54/><E74/><V0/><F41/><W1/><G112/><T99/><D124/><U114/><E114/><V32/><F63/><W62/><G126/><T15/><D3/><U127/><E127/><V53/><F53/><W23/><G1/><T77/><D38/><U16/><E70/><V122/><F122/><N who="3" m="47211" /><G5/><T67/><D67/><U76/><E64/><V92/><F32/><W25/><G23/><T49/><D6/><U97/><E45/><N who="0" m="17513" /><D40/><U115/><E115/><V125/><F125/><W113/><G113/><T86/><D15/><U84/><REACH who="1" step="1"/><E97/><REACH who="1" ten="250,240,250,250" step="2"/><N who="0" m="36873" /><D95/><U89/><E89/><V34/><F92/><W42/><G42/><T116/><D116/><U96/><E96/><V24/><F103/><W130/><G88/><T68/><D68/><U73/><AGARI ba="0,1" hai="11,14,16,54,55,56,58,59,73,76,81,83,84,90" machi="73" ten="30,4000,0" yaku="1,1,0,1,54,1,53,0" doraHai="47" doraHaiUra="69" who="1" fromWho="1" sc="250,-20,240,50,250,-10,250,-10" /><INIT seed="1,0,0,4,0,91" ten="230,290,240,240" oya="1" hai0="25,32,134,3,80,130,106,76,90,102,55,2,115" hai1="111,132,11,112,6,34,33,49,92,30,71,44,61" hai2="35,22,56,21,118,97,67,58,131,70,89,77,38" hai3="68,75,123,63,28,64,13,60,10,62,23,105,48"/><U79/><E112/><V88/><F35/><W24/><G105/><T120/><D115/><U65/><E132/><V122/><F38/><W8/><G75/><T104/><D134/><U83/><E30/><V73/><F122/><W15/><G123/><T93/><D120/><U113/><E111/><V1/><F1/><W26/><G48/><T129/><D55/><U40/><E92/><V18/><F77/><W50/><G50/><T98/><D25/><U14/><REACH who="1" step="1"/><E113/><REACH who="1" ten="230,280,240,240" step="2"/><V126/><F118/><W109/><G109/><T125/><D106/><U52/><E52/><V116/><F116/><W103/><G103/><T66/><D125/><U42/><E42/><V12/><F126/><W121/><G121/><T53/><D53/><U51/><E51/><V46/><F97/><W96/><G96/><N who="0" m="57399" /><D66/><U87/><AGARI ba="0,1" hai="6,11,14,33,34,40,44,49,61,65,71,79,83,87" machi="87" ten="20,18000,2" yaku="1,1,0,1,7,1,25,2,53,1" doraHai="91" doraHaiUra="0" who="1" fromWho="1" sc="230,-60,280,190,240,-60,240,-60" /><INIT seed="1,1,0,0,5,88" ten="170,470,180,180" oya="1" hai0="35,57,85,20,43,41,104,68,82,123,102,11,92" hai1="27,91,127,90,60,70,83,103,24,1,118,21,61" hai2="97,89,53,93,63,132,31,7,18,110,48,17,125" hai3="121,51,77,100,44,13,73,64,117,62,133,111,108"/><U96/><E1/><V112/><F110/><W38/><G121/><T32/><D68/><U126/><E118/><V105/><F132/><W37/><G100/><T65/><D123/><U0/><E0/><V39/><F39/><N who="3" m="14859" /><G13/><T109/><D109/><N who="3" m="42057" /><G77/><T124/><D35/><U95/><E27/><V45/><F125/><N who="1" m="47625" /><E70/><V69/><F112/><W81/><G81/><T6/><D20/><U58/><E83/><V129/><F129/><W47/><G73/><T14/><D85/><U78/><E78/><V15/><F105/><W94/><G94/><T101/><D92/><U9/><E9/><V75/><F75/><W22/><G22/><T2/><D11/><U3/><E3/><V59/><F69/><N who="3" m="42135" /><G133/><T52/><D14/><U10/><E10/><N who="2" m="4575" /><F31/><W34/><G34/><T76/><D32/><U25/><E21/><V46/><F17/><W71/><G71/><T28/><D2/><U113/><E24/><V12/><F18/><W49/><G117/><T119/><D119/><U98/><E25/><V106/><F12/><W84/><G84/><T87/><D87/><U55/><E98/><V80/><F80/><W120/><G120/><T99/><D82/><U29/><E29/><V134/><F134/><W56/><G56/><T128/><D28/><U36/><E58/><N who="2" m="33063" /><F106/><W115/><G115/><T131/><D99/><U4/><E96/><V66/><AGARI ba="1,0" hai="45,46,59,63,66,89,93,97" m="33063,4575" machi="66" ten="30,2000,0" yaku="8,1,52,1" doraHai="88" who="2" fromWho="2" sc="170,-6,470,-11,180,23,180,-6" /><INIT seed="2,0,0,0,4,87" ten="164,459,203,174" oya="2" hai0="121,30,66,69,58,36,98,119,26,135,79,44,7" hai1="106,55,120,134,130,61,49,16,2,46,115,93,5" hai2="123,0,128,11,107,48,90,83,31,17,21,47,29" hai3="91,76,92,127,60,70,101,52,23,51,89,59,75"/><V27/><F107/><W71/><G127/><T40/><D121/><U78/><E106/><V45/><F123/><W57/><G71/><T85/><D135/><U1/><E115/><V3/><F128/><W50/><G70/><T63/><D119/><U35/><E35/><V74/><F47/><W33/><G33/><T77/><D7/><U73/><E120/><V94/><F74/><W22/><G75/><T10/><D10/><U126/><E78/><V9/><F83/><W18/><G76/><T28/><D28/><N who="2" m="10826" /><F0/><W82/><G82/><T20/><D85/><U41/><E73/><V54/><F3/><W129/><G129/><T43/><D43/><U53/><E2/><V80/><F80/><W111/><G111/><T125/><D125/><U62/><E1/><V88/><F94/><W97/><G50/><T109/><D109/><U108/><E108/><V105/><F105/><W64/><G23/><T103/><REACH who="0" step="1"/><D69/><REACH who="0" ten="154,459,203,174" step="2"/><U112/><E126/><V14/><F9/><W42/><REACH who="3" step="1"/><G42/><REACH who="3" ten="154,459,203,164" step="2"/><T102/><D102/><U24/><E41/><V12/><F11/><W34/><G34/><T86/><D86/><U15/><E130/><V67/><F67/><W19/><G19/><T39/><D39/><U100/><E16/><V117/><F117/><W4/><G4/><T95/><AGARI ba="0,2" hai="20,26,30,36,40,44,58,63,66,77,79,95,98,103" machi="95" ten="20,8000,1" yaku="1,1,0,1,7,1,25,2,53,0" doraHai="87" doraHaiUra="84" who="0" fromWho="0" sc="154,100,459,-20,203,-40,164,-20" /><INIT seed="3,0,0,2,0,63" ten="254,439,163,144" oya="3" hai0="36,83,113,40,105,82,115,119,69,57,121,122,130" hai1="123,12,9,5,132,111,27,2,37,50,126,114,117" hai2="39,51,76,80,134,1,92,110,70,29,127,116,86" hai3="104,52,94,4,72,96,18,79,100,78,95,41,61"/><W10/><G41/><T65/><D105/><U34/><RYUUKYOKU type="yao9" ba="0,0" sc="254,0,439,0,163,0,144,0" hai1="2,5,9,12,27,34,37,50,111,114,117,123,126,132" /><INIT seed="3,1,0,3,3,93" ten="254,439,163,144" oya="3" hai0="97,84,77,68,51,128,106,71,78,87,12,31,131" hai1="22,39,61,54,65,58,74,62,48,73,114,0,70" hai2="80,28,53,86,25,89,37,88,101,27,122,81,6" hai3="124,85,56,43,9,98,41,64,38,94,1,35,16"/><W123/><G123/><T32/><D12/><U82/><E0/><V112/><F122/><W26/><G124/><T3/><D3/><U79/><E114/><V23/><F112/><W96/><G35/><T121/><D121/><U117/><E117/><V115/><F115/><W46/><G1/><T15/><D15/><U107/><E107/><V14/><F37/><W57/><G9/><T111/><D51/><U42/><E22/><V19/><F101/><W67/><G85/><N who="0" m="32843" /><D31/><U60/><E74/><V76/><F6/><W119/><G94/><T75/><D32/><U91/><E91/><V20/><F80/><W108/><G108/><T83/><D78/><U110/><E110/><V132/><F132/><W44/><G119/><T118/><D118/><U30/><E30/><V92/><F92/><W5/><G5/><T8/><D8/><U50/><E50/><V99/><F99/><N who="3" m="37931" /><G38/><T21/><D21/><U126/><E126/><V135/><F135/><W11/><G11/><T116/><D116/><U102/><E102/><V47/><REACH who="2" step="1"/><F14/><REACH who="2" ten="254,439,153,144" step="2"/><W63/><G43/><T69/><D111/><U17/><E42/><V100/><F100/><W29/><G41/><T10/><D106/><U52/><E39/><V66/><F66/><W7/><G7/><T130/><D97/><U33/><E65/><V104/><F104/><W90/><G90/><T95/><D95/><U59/><E73/><V55/><F55/><W24/><G67/><T109/><D109/><U105/><E105/><V120/><F120/><W103/><G103/><T36/><D36/><U113/><E113/><V18/><F18/><RYUUKYOKU ba="1,1" sc="254,15,439,-15,153,15,144,-15" hai0="10,68,69,71,75,77,83,128,130,131" hai2="19,20,23,25,27,28,47,53,76,81,86,88,89" /><INIT seed="4,2,1,3,3,30" ten="269,424,168,129" oya="0" hai0="79,114,111,107,130,90,12,17,59,64,108,127,0" hai1="103,5,27,22,41,77,45,62,58,25,95,44,126" hai2="55,43,34,24,10,121,82,113,110,119,23,53,67" hai3="32,131,68,21,112,46,13,80,2,42,56,7,40"/><T115/><D107/><U39/><E126/><V100/><F121/><W54/><G68/><T26/><D79/><U51/><E77/><V15/><F110/><N who="0" m="42026" /><D0/><U9/><E95/><V117/><F67/><W93/><G32/><T14/><D90/><U116/><E103/><V74/><F34/><W105/><G105/><T61/><D127/><U86/><E86/><V109/><F109/><W122/><G2/><T91/><D130/><U50/><E116/><V29/><F113/><N who="0" m="43018" /><D91/><U89/><E89/><V6/><F100/><W104/><G104/><T133/><D133/><U35/><E35/><V85/><F74/><W60/><G131/><T72/><D72/><U102/><E102/><V97/><F97/><W132/><G132/><T28/><D17/><U11/><E5/><V99/><F99/><W71/><G112/><T3/><D3/><U37/><E37/><V88/><REACH who="2" step="1"/><F43/><REACH who="2" ten="269,424,158,129" step="2"/><W49/><G122/><T134/><D134/><U83/><E41/><V4/><F4/><W16/><G7/><T125/><D125/><U101/><E101/><V36/><F36/><W69/><G42/><T1/><D1/><U87/><E39/><V18/><F18/><W92/><G71/><T75/><D75/><U84/><E84/><V124/><F124/><W47/><G69/><T129/><D129/><U135/><E87/><V98/><F98/><W128/><G128/><T48/><D64/><U57/><E135/><V81/><F81/><W70/><G80/><T66/><D66/><U118/><E83/><V78/><F78/><W19/><G70/><T96/><D96/><U65/><E65/><RYUUKYOKU ba="2,2" sc="269,-10,424,-10,158,30,129,-10" hai2="6,10,15,23,24,29,53,55,82,85,88,117,119" /><INIT seed="5,3,2,0,0,12" ten="259,414,188,119" oya="1" hai0="0,129,66,11,119,89,28,111,121,46,87,37,76" hai1="91,22,78,134,61,133,31,15,126,70,62,88,24" hai2="103,6,25,32,16,97,71,99,60,109,107,26,113" hai3="10,86,8,101,27,39,14,102,85,73,55,33,83"/><U63/><E78/><V48/><F109/><W124/><G124/><T67/><D119/><U53/><E70/><V117/><F117/><W5/><G39/><T2/><D111/><U1/><E1/><V105/><F6/><W56/><G73/><T75/><D28/><U94/><E126/><V100/><F113/><W13/><G33/><T41/><D129/><U40/><E40/><V49/><F26/><W93/><G27/><T95/><D121/><U35/><E53/><V58/><F71/><W69/><G69/><T116/><D116/><U68/><E68/><V21/><REACH who="2" step="1"/><F32/><REACH who="2" ten="259,414,178,119" step="2"/><W51/><G93/><T114/><D114/><U45/><E94/><V122/><F122/><W132/><G132/><T3/><D3/><U81/><E35/><V110/><F110/><W96/><G96/><T84/><D0/><U57/><E134/><V59/><F59/><W9/><G86/><T7/><D84/><U4/><E57/><V64/><AGARI ba="3,3" hai="16,21,25,48,49,58,60,64,97,99,100,103,105,107" machi="64" ten="20,12000,2" yaku="1,1,0,1,7,1,9,1,52,1,54,1,53,0" doraHai="12" doraHaiUra="127" who="2" fromWho="2" sc="259,-33,414,-63,178,159,119,-33" /><INIT seed="6,0,0,3,0,18" ten="226,351,337,86" oya="2" hai0="113,22,130,2,97,88,44,132,73,25,112,71,59" hai1="10,120,94,124,62,63,80,119,42,98,111,79,7" hai2="33,31,41,102,0,24,104,54,52,9,99,55,126" hai3="46,13,76,19,72,131,6,58,28,66,103,43,49"/><V100/><F126/><W16/><G131/><T77/><D71/><U69/><E111/><V65/><F41/><W75/><G103/><T84/><D2/><U78/><E119/><V37/><F37/><W128/><G128/><T26/><D130/><U39/><E69/><V61/><F102/><W35/><G6/><T90/><D132/><U89/><E120/><V56/><F0/><W21/><G76/><T117/><D117/><U92/><E124/><V93/><REACH who="2" step="1"/><F9/><REACH who="2" ten="226,351,327,86" step="2"/><W29/><G35/><T32/><D32/><U70/><E42/><V14/><F14/><W30/><REACH who="3" step="1"/><G19/><REACH who="3" ten="226,351,327,76" step="2"/><T87/><D113/><U110/><E110/><V40/><F40/><W115/><G115/><T1/><D112/><U107/><E107/><AGARI ba="0,2" hai="24,31,33,52,54,55,56,61,65,93,99,100,104,107" machi="107" ten="40,3900,0" yaku="1,1,54,1,53,0" doraHai="18" doraHaiUra="83" who="2" fromWho="1" sc="226,0,351,-39,327,59,76,0" /><INIT seed="6,1,0,1,1,50" ten="226,312,386,76" oya="2" hai0="126,135,130,86,21,5,4,51,74,92,71,16,106" hai1="117,29,102,52,68,47,67,97,11,105,35,123,22" hai2="15,19,38,45,44,113,61,27,0,56,85,7,37" hai3="101,84,120,93,69,6,83,121,91,10,90,25,57"/><V112/><F0/><W64/><G69/><T100/><D74/><U80/><E117/><V20/><F38/><W87/><G120/><T1/><D71/><U28/><E123/><V9/><F85/><W99/><G121/><T89/><D1/><U66/><E22/><V133/><F133/><W73/><G25/><T65/><D65/><U36/><E11/><V60/><F60/><W77/><G64/><T72/><D130/><U39/><E80/><V49/><F37/><W129/><G57/><T46/><D126/><U119/><E29/><V31/><F31/><W98/><G10/><T76/><D135/><U78/><E78/><V40/><REACH who="2" step="1"/><F45/><REACH who="2" ten="226,312,376,76" step="2"/><W13/><G129/><T53/><D86/><N who="3" m="32809" /><G13/><T23/><D46/><U18/><E39/><V34/><F34/><W33/><G33/><T75/><D51/><U108/><E36/><V115/><F115/><W96/><G6/><T58/><D5/><U107/><E35/><V111/><F111/><W48/><G48/><T26/><D4/><U122/><E47/><V42/><F42/><W94/><G96/><T95/><D75/><U24/><E97/><V32/><F32/><W70/><G70/><T79/><D72/><U132/><E68/><V59/><F59/><W104/><G104/><T127/><D106/><U81/><E107/><V124/><F124/><W118/><G118/><T12/><D127/><U62/><E105/><V2/><F2/><W116/><G116/><T3/><D3/><U88/><E119/><V134/><F134/><W14/><G14/><T128/><D12/><U63/><E132/><V41/><F41/><RYUUKYOKU ba="1,1" sc="226,-15,312,-15,376,15,76,15" hai2="7,9,15,19,20,27,40,44,49,56,61,112,113" hai3="73,77,83,90,91,93,94,98,99,101" /><INIT seed="6,2,1,5,1,131" ten="211,297,391,91" oya="2" hai0="74,85,66,15,73,121,88,76,108,89,110,45,115" hai1="59,67,101,123,118,70,5,42,2,31,94,98,65" hai2="92,1,16,122,96,51,23,48,102,24,47,29,12" hai3="43,55,78,61,113,93,79,62,54,30,57,52,69"/><V82/><F1/><W100/><G113/><T49/><D121/><U99/><E70/><V125/><F125/><W56/><G69/><T126/><D126/><U86/><E118/><V103/><F122/><W64/><G43/><T27/><D115/><U68/><E68/><V13/><F13/><W11/><G11/><T124/><D124/><U63/><E123/><V83/><F103/><W91/><G100/><T114/><D66/><U17/><E98/><V14/><F14/><W135/><G30/><T134/><D27/><U3/><E5/><V129/><F129/><W111/><G111/><T80/><D114/><U95/><E67/><V119/><F119/><W34/><G34/><T46/><D15/><U87/><E31/><V41/><REACH who="2" step="1"/><F48/><REACH who="2" ten="211,297,381,91" step="2"/><W130/><G130/><T81/><D49/><U22/><E2/><V77/><F77/><W8/><G8/><AGARI ba="2,2" hai="8,12,16,23,24,29,41,47,51,82,83,92,96,102" machi="8" ten="30,12000,1" yaku="1,1,7,1,8,1,54,1,53,1" doraHai="131" doraHaiUra="90" who="2" fromWho="3" sc="211,0,297,0,381,146,91,-126" owari="211,-19.0,297,10.0,527,63.0,-35,-54.0" /></mjloggm>