<mjloggm ver="2.3"><GO type="169" lobby="0"/><UN n0="%E3%81%8A%E3%81%98%E3%81%95%E3%82%93" n1="%61%71%75%61%72%69%75%73" n2="%E3%83%95%E3%82%A1%E3%83%B3%E3%83%95%E3%82%A1%E3%83%BC%E3%83%AC" n3="%E5%B0%B1%E6%B4%BB%E7%94%9F%40%E5%B7%9D%E6%9D%91%E8%BB%8D%E5%9B%A3" dan="16,17,16,17" rate="2135.83,2193.08,2111.74,2202.79" sx="M,M,M,M"/><TAIKYOKU oya="0"/><INIT seed="0,0,0,4,3,41" ten="250,250,250,250" oya="0" hai0="51,7,111,76,108,96,121,97,15,10,69,68,80" hai1="5,79,66,60,57,21,30,101,95,74,40,123,100" hai2="61,32,8,9,132,122,113,54,31,124,119,102,83" hai3="18,20,29,63,127,86,28,49,37,104,91,24,131"/><T11/><D121/><U39/><E123/><V89/><F122/><W13/><G37/><T77/><D51/><U23/><E5/><V64/><F113/><W12/><G131/><T17/><D97/><U62/><E62/><V48/><F124/><W53/><G104/><T120/><D120/><U84/><E74/><V72/><F102/><W4/><G127/><T27/><D96/><U52/><E39/><V45/><F132/><W26/><G63/><T55/><D55/><U73/><E40/><V42/><F119/><W114/><G114/><T16/><D27/><U46/><E73/><V75/><F42/><W116/><G4/><T70/><D17/><U109/><E109/><N who="0" m="42057" /><D80/><N who="1" m="47135" /><E95/><V126/><F126/><W98/><G98/><T82/><D82/><U1/><E1/><AGARI ba="0,0" hai="1,7,10,11,15,16,68,69,70,76,77" m="42057" machi="1" ten="40,7700,0" yaku="14,1,10,1,54,1" doraHai="41" who="0" fromWho="1" sc="250,77,250,-77,250,0,250,0" /><INIT seed="0,1,0,5,5,15" ten="327,173,250,250" oya="0" hai0="62,93,111,41,9,77,71,88,90,73,92,36,28" hai1="67,29,127,48,114,95,46,31,79,113,33,17,6" hai2="3,78,75,86,30,83,51,38,5,40,85,61,64" hai3="69,130,55,24,8,87,116,82,47,49,4,43,105"/><T44/><D28/><U96/><E79/><V12/><F30/><W124/><G116/><T112/><D112/><N who="1" m="43115" /><E6/><V129/><F12/><W25/><G105/><T18/><D111/><U10/><E67/><V106/><F51/><W45/><G69/><T34/><D34/><U37/><E37/><V54/><F54/><W68/><G68/><T109/><D109/><U94/><E127/><V91/><F106/><W121/><G124/><T119/><D119/><U16/><E10/><N who="2" m="2367" /><F91/><W65/><G65/><T98/><D62/><U21/><E33/><V126/><F129/><W66/><G66/><T22/><D71/><U131/><E131/><V11/><F11/><W97/><G97/><T89/><D9/><U0/><E0/><V7/><F7/><W122/><G130/><T59/><D59/><U60/><E60/><V27/><F27/><W52/><G122/><T74/><D77/><U100/><E95/><V80/><F80/><W132/><G132/><T115/><D115/><U117/><E117/><V58/><F126/><W102/><G102/><T53/><D53/><N who="3" m="20553" /><G47/><AGARI ba="1,0" hai="38,40,47,58,61,64,75,78,83,85,86" m="2367" machi="47" ten="30,1000,0" yaku="25,1" doraHai="15" who="2" fromWho="3" sc="327,0,173,0,250,13,250,-13" /><INIT seed="1,0,0,3,1,102" ten="327,173,263,237" oya="1" hai0="112,91,78,82,72,104,90,115,80,134,12,87,114" hai1="63,2,130,133,120,117,76,23,45,46,95,4,100" hai2="58,21,57,106,50,96,10,108,26,98,88,113,13" hai3="75,1,37,125,118,79,59,0,20,126,18,47,132"/><U42/><E95/><V41/><F113/><W81/><G132/><T131/><D12/><U62/><E100/><V36/><F36/><W109/><G109/><T40/><D40/><U86/><E76/><V49/><F108/><W121/><G121/><T64/><D64/><U43/><E86/><V44/><F106/><W33/><G33/><T3/><D3/><U111/><E23/><V52/><F57/><W29/><G29/><T123/><D134/><U6/><E2/><V56/><F56/><W38/><G118/><T14/><D14/><U101/><E101/><V31/><REACH who="2" step="1"/><F88/><REACH who="2" ten="327,173,253,237" step="2"/><W85/><G59/><T8/><D104/><U25/><E133/><V67/><F67/><W27/><G38/><T83/><D123/><U65/><E111/><V16/><AGARI ba="0,1" hai="10,13,16,21,26,31,41,44,49,50,52,58,96,98" machi="16" ten="20,12000,2" yaku="1,1,0,1,7,1,8,1,54,2,53,0" doraHai="102" doraHaiUra="97" who="2" fromWho="2" sc="327,-30,173,-60,253,130,237,-30" /><INIT seed="2,0,0,2,5,12" ten="297,113,383,207" oya="2" hai0="32,77,46,24,79,68,125,82,14,48,17,74,65" hai1="27,81,119,122,20,104,62,44,70,64,113,73,135" hai2="97,107,45,63,55,31,76,129,75,103,109,87,127" hai3="50,110,30,60,100,18,130,11,92,91,0,42,37"/><V5/><F127/><W134/><G37/><T53/><D125/><U59/><E119/><V84/><F129/><W69/><G130/><T66/><D79/><U83/><E104/><V52/><F109/><W101/><G110/><T118/><D118/><U102/><E122/><V85/><F5/><W2/><G30/><T121/><D121/><U89/><E113/><V25/><F45/><W78/><G78/><T131/><D131/><U111/><E111/><V8/><F8/><W112/><G112/><T34/><D24/><U38/><E102/><V4/><F4/><W1/><G134/><T117/><D117/><U35/><E35/><V105/><F105/><W51/><G60/><T9/><REACH who="0" step="1"/><D68/><REACH who="0" ten="287,113,383,207" step="2"/><U124/><E70/><V39/><F76/><W47/><G69/><T120/><D120/><U71/><E71/><V72/><F39/><W26/><G51/><T36/><D36/><U29/><E38/><V28/><F63/><W108/><G108/><T22/><D22/><U132/><E62/><V49/><F49/><W99/><REACH who="3" step="1"/><G11/><REACH who="3" ten="287,113,383,197" step="2"/><T114/><D114/><U67/><E124/><V96/><F31/><W126/><G126/><T123/><D123/><U16/><E29/><V33/><F28/><W90/><G90/><T15/><D15/><U7/><E89/><V94/><F33/><AGARI ba="0,2" hai="9,14,17,32,33,34,46,48,53,65,66,74,77,82" machi="33" ten="40,2600,0" yaku="1,1,52,1,53,0" doraHai="12" doraHaiUra="93" who="0" fromWho="2" sc="287,46,113,0,383,-26,197,0" /><INIT seed="3,0,0,2,3,107" ten="333,113,357,197" oya="3" hai0="83,78,18,53,48,109,127,4,11,117,119,135,34" hai1="37,27,98,29,86,89,3,52,106,75,120,134,35" hai2="99,39,90,77,67,130,103,46,71,111,64,79,132" hai3="70,36,51,113,45,129,50,85,81,59,131,69,133"/><W61/><G85/><T112/><D34/><U66/><E120/><V88/><F130/><N who="3" m="49675" /><G81/><T33/><D33/><U14/><E3/><V121/><F121/><W7/><G113/><T100/><D100/><U12/><E37/><V95/><F132/><W38/><G7/><T26/><D112/><U56/><E66/><N who="2" m="25131" /><F71/><N who="3" m="27147" /><G133/><T13/><D135/><U73/><E134/><V76/><F39/><N who="3" m="14891" /><G45/><T65/><D4/><U105/><E12/><V118/><F111/><W91/><G91/><N who="2" m="34857" /><F118/><W94/><G94/><T68/><D109/><U92/><E14/><V17/><F46/><W116/><G116/><T23/><D117/><U110/><E110/><V104/><F104/><W58/><G61/><T6/><D119/><U126/><E105/><V28/><F28/><W62/><G62/><T57/><D68/><U123/><E123/><V122/><F122/><W22/><G22/><T10/><D23/><U60/><REACH who="1" step="1"/><E126/><REACH who="1" ten="333,103,357,197" step="2"/><V124/><F124/><W72/><G72/><T55/><D127/><U19/><E19/><AGARI ba="0,1" hai="17,19,76,77,79,95,99,103" m="34857,25131" machi="19" ten="30,2000,0" yaku="8,1,54,1" doraHai="107" who="2" fromWho="1" sc="333,0,103,-20,357,30,197,0" /><INIT seed="4,0,0,4,1,124" ten="333,83,387,197" oya="0" hai0="110,125,40,102,122,74,71,63,54,89,24,18,44" hai1="101,119,111,41,16,105,113,39,134,14,60,72,23" hai2="121,4,84,116,15,112,32,66,30,88,11,27,70" hai3="99,109,69,133,51,132,75,8,53,36,108,90,128"/><T94/><D122/><U64/><E119/><V31/><F121/><W20/><G75/><T46/><D125/><U13/><E72/><V127/><F127/><W103/><G8/><T3/><D3/><U104/><E111/><N who="3" m="42570" /><G90/><T77/><D110/><U117/><E117/><V42/><F112/><W50/><G20/><T68/><D102/><U98/><E113/><V80/><F116/><W81/><G81/><T59/><D77/><U82/><E134/><N who="3" m="51818" /><G69/><T12/><D74/><U34/><E34/><V26/><F42/><W19/><G19/><T130/><D24/><U0/><E0/><V47/><F47/><N who="3" m="27871" /><G51/><T2/><D2/><U9/><E82/><V92/><F70/><W118/><G36/><T129/><D68/><U1/><E1/><V52/><F66/><W35/><G35/><T62/><D62/><U100/><E39/><V7/><F52/><W5/><G5/><T76/><D76/><U85/><E41/><V61/><F61/><W43/><G43/><T91/><D71/><U29/><E85/><V126/><F126/><W65/><G65/><T38/><D40/><U58/><E100/><V55/><F55/><W33/><G33/><T49/><D49/><U37/><E37/><V86/><F4/><W57/><G57/><T114/><D38/><U131/><E131/><V6/><F6/><W97/><G118/><T107/><D59/><U135/><E135/><V78/><F32/><W48/><G128/><T123/><D130/><U17/><REACH who="1" step="1"/><E29/><AGARI ba="0,0" hai="7,11,15,26,27,29,30,31,78,80,84,86,88,92" machi="29" ten="40,2600,0" yaku="8,1,54,1" doraHai="124" who="2" fromWho="1" sc="333,0,83,-26,387,26,197,0" /><INIT seed="5,0,0,0,5,83" ten="333,57,413,197" oya="1" hai0="52,64,123,3,128,112,55,94,32,88,124,135,49" hai1="97,70,114,46,62,69,51,45,9,67,98,89,10" hai2="127,110,100,42,59,41,131,111,79,108,61,95,33" hai3="54,77,21,8,84,90,134,30,66,16,19,43,76"/><U107/><E114/><V129/><F33/><W37/><G134/><T117/><D117/><U14/><E70/><V18/><F79/><W17/><G37/><T34/><D3/><U68/><E68/><V132/><F18/><N who="3" m="7275" /><G43/><T115/><D135/><U26/><E107/><V31/><F31/><W74/><G74/><T20/><D64/><U113/><E113/><N who="0" m="43593" /><D124/><U27/><E97/><N who="2" m="59455" /><F127/><W39/><G39/><T48/><D128/><N who="2" m="49226" /><F132/><W93/><G66/><AGARI ba="0,0" hai="41,42,59,61,66,108,110,111" m="49226,59455" machi="66" ten="40,1300,0" yaku="19,1" doraHai="83" who="2" fromWho="3" sc="333,0,57,0,413,13,197,-13" /><INIT seed="6,0,0,3,2,95" ten="333,57,426,184" oya="2" hai0="24,61,4,36,75,10,91,48,41,55,78,124,27" hai1="31,29,115,33,122,46,7,125,77,20,3,135,130" hai2="9,85,64,93,1,113,121,119,97,15,45,104,74" hai3="106,0,96,90,62,101,49,100,126,105,131,63,47"/><V17/><F74/><W19/><G0/><N who="0" m="263" /><D91/><U71/><E77/><V72/><F72/><W112/><G131/><T42/><D42/><U35/><E46/><V84/><F119/><W83/><G126/><T40/><D40/><U21/><E71/><V80/><F121/><W123/><G123/><T102/><D102/><U14/><E122/><V57/><F45/><W117/><G117/><T82/><D61/><U66/><E66/><V120/><F1/><W2/><G2/><T116/><D116/><U6/><E130/><V87/><F104/><W59/><G112/><T54/><D124/><U51/><E51/><V109/><F109/><W69/><G69/><T111/><D111/><U92/><E92/><V60/><F113/><W79/><G19/><T98/><D98/><U110/><E115/><V37/><F37/><W89/><G101/><T8/><D8/><U65/><E65/><V18/><F120/><W107/><G62/><T52/><D48/><U134/><E3/><V34/><F34/><W67/><G105/><T76/><D76/><U81/><E81/><V56/><F56/><W32/><G106/><T53/><N who="0" m="13312" /><DORA hai="103" /><T23/><D23/><U114/><E114/><V43/><F43/><W13/><G32/><T39/><D39/><U11/><E11/><V70/><F70/><W73/><G13/><T68/><D68/><U30/><E14/><V99/><F18/><W127/><G127/><T94/><D94/><U129/><E125/><V26/><F26/><W88/><G89/><T128/><D128/><U22/><E129/><V25/><F15/><W5/><G5/><RYUUKYOKU ba="0,0" sc="333,15,57,-15,426,-15,184,15" hai0="24,27,36,41,75,78,82" hai3="47,49,59,63,67,73,79,83,88,90,96,100,107" /><INIT seed="7,1,0,1,4,101" ten="348,42,411,199" oya="3" hai0="126,96,45,115,119,15,118,9,29,65,0,33,102" hai1="109,64,124,112,72,127,103,58,86,129,116,67,34" hai2="49,5,63,48,20,21,57,32,24,40,125,27,84" hai3="80,19,97,113,73,132,88,120,117,56,79,13,31"/><W50/><G120/><T92/><D126/><U89/><E67/><N who="2" m="39407" /><F32/><W123/><G123/><T66/><D0/><U75/><E64/><V114/><F125/><W104/><G117/><T74/><D74/><U131/><E58/><V52/><F5/><W22/><G113/><T7/><D66/><U128/><E34/><V3/><F3/><W38/><G38/><T81/><D65/><U12/><E12/><V93/><F40/><W90/><G132/><T6/><D6/><U42/><E42/><V54/><F114/><W85/><G31/><T10/><D10/><U11/><E11/><V23/><F49/><W59/><G50/><T105/><D115/><U77/><E112/><V122/><F54/><W61/><G90/><T37/><D81/><U39/><E39/><V133/><F133/><W4/><G4/><T35/><D92/><U107/><E109/><V28/><F28/><W62/><G62/><T111/><D111/><U53/><E53/><V25/><F122/><W94/><G61/><T135/><D135/><U16/><E16/><V70/><F70/><W134/><G134/><T87/><D35/><U36/><E36/><V71/><F71/><W69/><G69/><T98/><D37/><U2/><E2/><V106/><F106/><W41/><G41/><T17/><D119/><U78/><E116/><V47/><F27/><W83/><G83/><T1/><D118/><U26/><E26/><V76/><F76/><N who="1" m="29289" /><E127/><V68/><F68/><W44/><G44/><T18/><D45/><U55/><E124/><V8/><F8/><W110/><G59/><T14/><D29/><RYUUKYOKU ba="1,0" sc="348,-10,42,-10,411,30,199,-10" hai2="20,21,23,24,25,47,48,52,84,93" owari="338,14.0,32,-47.0,441,54.0,189,-21.0" /></mjloggm>