<mjloggm ver="2.3"><GO type="169" lobby="0"/><UN n0="%6B%75%72%61%67%75%6D%61" n1="%EF%BC%BA%EF%BC%A5%EF%BC%B2%EF%BC%AF%EF%BC%8D%EF%BC%AD%EF%BC%A1%EF%BC%B8" n2="%E3%83%AD%E3%83%83%E3%83%86%E9%9B%80%E7%90%83" n3="%E3%82%A6%E3%83%AB%E3%83%88%E3%83%A9%E7%AB%8B%E7%9B%B4" dan="16,16,17,17" rate="2087.75,2068.24,2206.89,2141.99" sx="M,M,M,M"/><TAIKYOKU oya="0"/><INIT seed="0,0,0,2,2,68" ten="250,250,250,250" oya="0" hai0="105,90,112,56,32,119,39,94,77,11,82,58,53" hai1="116,101,51,92,60,4,65,50,17,79,36,120,76" hai2="43,95,106,86,69,134,132,89,72,62,0,21,41" hai3="83,128,100,24,97,67,15,18,88,109,59,111,118"/><T73/><D112/><U49/><E120/><V1/><F72/><W34/><G118/><T122/><D122/><U104/><E104/><V52/><F106/><W6/><G128/><T74/><D119/><U22/><E4/><V7/><F21/><W80/><G6/><T38/><D32/><U70/><E116/><V130/><F130/><W93/><G24/><T81/><D105/><U84/><E36/><V25/><F25/><W8/><G34/><T29/><D29/><U125/><E125/><V42/><F7/><W9/><G9/><T40/><D11/><U115/><E115/><V33/><F33/><W3/><G3/><T124/><D124/><U19/><E19/><V123/><F123/><W107/><G107/><T98/><D40/><U108/><E108/><N who="3" m="41546" /><G100/><T87/><D58/><N who="1" m="37015" /><E84/><V127/><F127/><W96/><G96/><T37/><REACH who="0" step="1"/><D81/><REACH who="0" ten="240,250,250,250" step="2"/><U103/><E22/><V44/><F69/><W12/><G59/><T20/><D20/><U121/><E70/><V2/><F44/><W57/><G83/><T133/><D133/><N who="2" m="51306" /><F42/><W30/><G80/><T71/><D71/><U54/><E121/><V66/><F43/><W131/><G30/><T28/><D28/><U47/><E47/><V85/><F41/><W10/><G131/><T117/><D117/><U64/><E64/><V91/><F66/><W23/><G67/><T99/><D99/><U61/><E54/><V35/><F35/><W31/><G57/><T113/><D113/><U114/><E114/><V110/><F110/><W63/><G31/><T55/><D55/><U14/><E92/><N who="2" m="54319" /><F52/><W48/><G8/><RYUUKYOKU ba="0,1" sc="240,15,250,-15,250,15,250,-15" hai0="37,38,39,53,56,73,74,77,82,87,90,94,98" hai2="0,1,2,62,86,91,95" /><INIT seed="0,1,1,1,0,109" ten="255,235,265,235" oya="0" hai0="35,44,112,70,116,12,102,27,117,92,63,127,14" hai1="61,88,84,47,133,96,110,124,1,123,13,59,21" hai2="39,101,120,74,42,46,87,65,54,111,28,79,55" hai3="113,85,38,17,114,68,0,106,5,53,103,24,10"/><T72/><D72/><U16/><E123/><V26/><F120/><W58/><G17/><T76/><D112/><N who="3" m="43113" /><G53/><T29/><D76/><U90/><E110/><V50/><F111/><W80/><G58/><T22/><D127/><U62/><E1/><V51/><F65/><W115/><G85/><T45/><D116/><U86/><E124/><V18/><F18/><W135/><N who="3" m="43121" /><W78/><DORA hai="69" /><G135/><T11/><D117/><U56/><E47/><V36/><F87/><N who="1" m="33321" /><E133/><V73/><F55/><W130/><G130/><T30/><D14/><U41/><E41/><V31/><F31/><W34/><G68/><T67/><D30/><U48/><E48/><V100/><F51/><W3/><G3/><T8/><D22/><U94/><E90/><V93/><F54/><W7/><G7/><T64/><D64/><U19/><E19/><V23/><F74/><N who="3" m="43095" /><G38/><T129/><D129/><U122/><E59/><V104/><F93/><W126/><G126/><T25/><D12/><U98/><E122/><V4/><F4/><W119/><G119/><T128/><D128/><U52/><E62/><V37/><REACH who="2" step="1"/><F104/><REACH who="2" ten="255,235,255,235" step="2"/><W6/><G6/><T105/><D92/><U131/><E131/><V121/><F121/><W15/><G15/><T40/><D27/><U32/><E32/><V9/><F9/><N who="0" m="3658" /><D40/><U89/><E89/><V91/><F91/><W66/><G66/><T49/><D49/><U132/><E132/><V108/><F108/><W71/><G71/><T81/><D81/><AGARI ba="1,2" hai="23,26,28,36,37,39,42,46,50,73,79,81,100,101" machi="81" ten="40,8000,1" yaku="1,1,52,3,53,1" doraHai="109,69" doraHaiUra="20,83" who="2" fromWho="0" sc="255,-83,235,0,255,103,235,0" /><INIT seed="1,0,0,1,2,97" ten="172,235,358,235" oya="1" hai0="43,53,2,114,105,17,63,57,88,118,13,25,34" hai1="51,47,1,15,61,129,21,71,54,127,10,74,62" hai2="46,45,92,66,110,123,119,99,31,48,28,100,75" hai3="70,116,65,102,80,11,59,9,69,4,30,60,72"/><U16/><E71/><V91/><F119/><W38/><G116/><T79/><D114/><U26/><E127/><V115/><F123/><W95/><G38/><T68/><D118/><U39/><E129/><V55/><F115/><W86/><G30/><T111/><D79/><U12/><E74/><V56/><F110/><W96/><G72/><T42/><D2/><U58/><E1/><V3/><F3/><W134/><G134/><T24/><D111/><U103/><E103/><V0/><F0/><W82/><G70/><T108/><D108/><U93/><E93/><N who="2" m="58479" /><F75/><W7/><G69/><T77/><D77/><U73/><E73/><V18/><F18/><W64/><G64/><T124/><D124/><U135/><E135/><V49/><F66/><W130/><G130/><T98/><D68/><U40/><REACH who="1" step="1"/><E15/><REACH who="1" ten="172,225,358,235" step="2"/><V81/><F81/><W8/><REACH who="3" step="1"/><G82/><REACH who="3" ten="172,225,358,225" step="2"/><T20/><D105/><U117/><E117/><V87/><F56/><W113/><G113/><T50/><D34/><U122/><E122/><V131/><F131/><W35/><G35/><T5/><D13/><U85/><E85/><V128/><F128/><W76/><AGARI ba="0,2" hai="4,7,8,9,11,59,60,65,76,80,86,95,96,102" machi="76" ten="30,7900,0" yaku="1,1,0,1,8,1,52,1,53,0" doraHai="97" doraHaiUra="29" who="3" fromWho="3" sc="172,-20,225,-39,358,-20,225,99" /><INIT seed="2,0,0,3,0,57" ten="152,186,338,324" oya="2" hai0="38,3,45,89,72,23,86,46,52,63,27,65,14" hai1="2,64,6,69,115,79,82,12,132,48,29,122,49" hai2="99,59,50,133,93,103,61,54,4,113,53,8,71" hai3="32,26,88,33,10,30,73,41,84,118,17,109,24"/><V83/><F113/><W98/><G73/><T37/><D3/><U40/><E115/><V55/><F133/><W68/><G118/><T120/><D72/><U5/><E132/><V36/><F36/><W135/><G135/><T104/><D104/><U119/><E119/><V121/><F121/><W15/><G109/><T67/><D67/><U18/><E122/><V13/><F71/><W81/><G68/><T128/><D128/><U80/><E29/><V31/><F31/><W129/><G129/><T100/><D100/><U134/><E134/><V0/><F0/><W116/><G116/><T9/><D120/><U102/><E102/><V91/><REACH who="2" step="1"/><F50/><REACH who="2" ten="152,186,328,324" step="2"/><W60/><G30/><N who="0" m="17791" /><D38/><U28/><E48/><V90/><F90/><W78/><G88/><T77/><D37/><U127/><E28/><V96/><F96/><W66/><G98/><T42/><D89/><U110/><E2/><V16/><F16/><W22/><G33/><T20/><D77/><U106/><E79/><V34/><F34/><W105/><G32/><T19/><D19/><U114/><E18/><V47/><F47/><W58/><G26/><T92/><D46/><U39/><E39/><V87/><AGARI ba="0,1" hai="4,8,13,53,54,55,59,61,83,87,91,93,99,103" machi="87" ten="30,11700,0" yaku="1,1,0,1,8,1,52,1,53,0" doraHai="57" doraHaiUra="21" who="2" fromWho="2" sc="152,-39,186,-39,328,127,324,-39" /><INIT seed="2,1,0,1,4,61" ten="113,147,455,285" oya="2" hai0="76,48,109,46,126,79,9,54,1,93,128,53,43" hai1="29,125,104,22,116,74,77,124,63,60,80,32,132" hai2="78,131,6,83,31,113,42,108,58,88,101,47,28" hai3="91,123,87,134,30,100,16,110,118,20,25,64,14"/><V37/><F113/><W84/><G118/><T51/><D109/><U69/><E116/><V57/><F108/><W81/><G110/><T72/><D126/><N who="1" m="48747" /><E69/><V49/><F131/><W127/><G123/><T33/><D128/><U56/><E32/><V103/><F6/><W97/><G127/><T112/><D112/><U15/><E132/><V68/><F68/><W111/><G111/><T107/><D107/><U59/><E104/><V55/><F78/><W121/><G121/><T23/><D33/><U95/><E95/><V26/><F57/><N who="1" m="22089" /><E15/><V38/><F38/><W8/><G134/><T67/><D72/><U94/><E94/><V3/><F3/><W52/><G87/><T90/><D1/><U102/><E102/><V117/><F117/><W19/><G52/><N who="0" m="20075" /><D48/><U34/><E34/><V24/><F103/><W120/><G120/><T39/><D39/><U135/><E135/><V62/><F101/><W82/><G82/><T7/><D93/><U41/><E41/><V105/><F37/><W36/><G36/><T50/><D50/><U106/><E106/><V122/><F105/><W96/><G100/><T21/><D90/><U129/><E129/><V65/><F42/><W85/><G85/><T130/><D130/><U115/><E115/><V13/><F122/><W66/><G97/><T4/><D79/><U75/><E75/><V44/><F44/><W35/><G96/><T98/><D98/><U17/><E63/><V133/><F133/><W73/><G73/><T89/><D76/><U10/><E60/><V5/><F62/><W119/><G119/><T12/><D43/><RYUUKYOKU ba="1,0" sc="113,-10,147,-10,455,-10,285,30" hai3="8,14,16,19,20,25,30,35,64,66,81,84,91" /><INIT seed="3,2,0,0,3,97" ten="103,137,445,315" oya="3" hai0="72,51,44,58,109,19,55,110,120,115,14,54,75" hai1="123,23,39,22,127,66,129,74,56,8,79,13,128" hai2="125,121,12,70,77,10,63,106,105,99,88,73,91" hai3="45,81,50,41,18,15,80,96,71,118,68,24,83"/><W53/><G118/><T57/><D120/><U28/><E123/><V93/><F121/><W42/><G24/><T103/><D103/><U112/><E127/><V29/><F125/><W135/><G135/><T69/><D69/><U86/><E74/><V30/><F73/><W62/><G96/><T3/><D3/><U0/><E39/><V48/><F77/><W25/><G25/><T59/><D115/><U90/><E79/><V89/><F106/><W101/><G101/><T35/><D35/><U4/><E0/><V117/><F105/><W111/><G111/><N who="0" m="42507" /><D55/><U33/><E33/><V134/><F134/><W133/><G133/><T82/><D82/><N who="1" m="49495" /><E28/><N who="2" m="10859" /><F70/><W16/><G18/><T27/><D27/><U119/><E119/><V52/><F63/><W87/><G87/><T37/><D37/><U126/><E112/><V31/><F31/><W20/><REACH who="3" step="1"/><G71/><REACH who="3" ten="103,137,445,305" step="2"/><T108/><N who="0" m="42515" /><T67/><DORA hai="116" /><D67/><AGARI ba="2,1" hai="15,16,20,41,42,45,50,53,62,67,68,80,81,83" machi="67" ten="40,12000,1" yaku="1,1,54,1,53,3" doraHai="97,116" doraHaiUra="2,78" who="3" fromWho="0" sc="103,-126,137,0,445,0,305,136" owari="-23,-52.0,137,-26.0,445,54.0,441,24.0" /></mjloggm>