<mjloggm ver="2.3"><GO type="169" lobby="0"/><UN n0="%E3%83%88%E3%83%88%E3%83%AA%E5%85%88%E7%94%9F%31%39%E6%AD%B3" n1="%70%63%63%61%62%63" n2="%7A%6B%75%72%74" n3="%E3%81%90%E3%81%9C%E3%82%93%40%4C%69%42" dan="19,17,18,17" rate="2282.01,2144.68,2212.34,2181.08" sx="F,M,M,F"/><TAIKYOKU oya="0"/><INIT seed="0,0,0,3,4,42" ten="250,250,250,250" oya="0" hai0="23,129,7,6,103,91,38,87,123,113,71,128,5" hai1="108,92,11,85,94,80,14,88,133,130,4,61,134" hai2="57,35,74,121,12,16,53,102,18,43,95,62,3" hai3="97,82,126,52,89,44,19,54,101,56,86,1,105"/><T8/><D113/><U10/><E108/><V73/><F121/><W96/><G126/><T81/><D123/><U49/><E130/><N who="0" m="50281" /><D71/><U68/><E11/><V75/><F3/><W22/><G1/><N who="0" m="47" /><D38/><U115/><E115/><V47/><F35/><W40/><G96/><T98/><D23/><U111/><E111/><V106/><F106/><AGARI ba="0,0" hai="6,7,81,87,91,98,103,106" m="47,50281" machi="106" ten="30,1500,0" yaku="19,1" doraHai="42" who="0" fromWho="2" sc="250,15,250,0,250,-15,250,0" /><INIT seed="0,1,0,4,4,28" ten="265,250,235,250" oya="0" hai0="89,71,1,111,104,97,73,58,84,83,7,85,35" hai1="118,61,2,0,128,65,67,66,13,3,9,34,23" hai2="17,19,95,45,127,79,15,6,11,30,96,112,105" hai3="32,93,132,69,18,63,76,16,21,46,31,87,133"/><T103/><D71/><U22/><E118/><V120/><F112/><W52/><G69/><T110/><D58/><U94/><E128/><V130/><F120/><W77/><G18/><T5/><D1/><U49/><E61/><V8/><F130/><W122/><G122/><T129/><D129/><U101/><E49/><V80/><F105/><W115/><G115/><T121/><D121/><U119/><E119/><V59/><F127/><W99/><G87/><T74/><D35/><U82/><E82/><V41/><F30/><W40/><G31/><T91/><D7/><U100/><E34/><V81/><F59/><N who="3" m="35303" /><G32/><T10/><D10/><U43/><E43/><V135/><F135/><N who="3" m="51787" /><G40/><T75/><D5/><U27/><E94/><AGARI ba="1,0" hai="73,74,75,83,84,85,89,91,94,97,103,104,110,111" machi="94" ten="50,9600,0" yaku="34,3" doraHai="28" who="0" fromWho="1" sc="265,99,250,-99,235,0,250,0" /><INIT seed="0,2,0,2,4,70" ten="364,151,235,250" oya="0" hai0="121,131,111,135,123,80,41,25,98,74,128,88,56" hai1="32,48,33,71,9,118,92,120,96,130,105,85,35" hai2="82,84,28,75,16,44,100,1,58,73,86,91,45" hai3="95,113,63,127,99,34,47,53,125,117,66,46,29"/><T124/><D124/><U19/><E120/><V13/><F1/><W106/><G117/><T87/><D25/><U5/><E118/><V27/><F100/><W68/><G113/><T36/><D56/><U101/><E130/><N who="0" m="49705" /><D135/><U31/><E71/><V38/><F58/><W126/><G53/><T94/><D111/><U12/><E48/><V119/><F119/><W0/><G0/><T20/><D20/><U15/><E31/><V65/><F65/><W52/><G106/><T110/><D110/><U108/><E108/><V57/><F57/><W114/><G114/><T122/><D41/><U43/><E43/><V109/><F109/><W2/><G2/><T81/><D36/><U51/><E51/><V83/><F38/><W116/><G116/><T7/><D7/><U14/><REACH who="1" step="1"/><E5/><REACH who="1" ten="364,141,235,250" step="2"/><V61/><F61/><W30/><G34/><T78/><D122/><U112/><E112/><V49/><F49/><N who="3" m="28727" /><G47/><T54/><D54/><U23/><E23/><V39/><F45/><W10/><G10/><T89/><AGARI ba="2,1" hai="74,78,80,81,87,88,89,94,98,121,123" m="49705" machi="89" ten="30,11700,0" yaku="19,1,34,2,54,1" doraHai="70" who="0" fromWho="0" sc="364,133,141,-41,235,-41,250,-41" /><INIT seed="0,3,0,3,3,27" ten="497,100,194,209" oya="0" hai0="99,133,3,31,67,81,61,92,28,96,59,121,110" hai1="91,124,129,36,18,8,41,23,114,13,82,113,108" hai2="93,38,60,72,15,25,104,120,48,57,126,43,46" hai3="58,17,83,68,119,102,10,21,103,101,51,0,7"/><T42/><D121/><U77/><E108/><V32/><F120/><W94/><G68/><T5/><D110/><U122/><E122/><V112/><F104/><W90/><G119/><T87/><D133/><U4/><E124/><V47/><F112/><N who="1" m="43113" /><E91/><V62/><F72/><W53/><G83/><T16/><D42/><U74/><E129/><V19/><F126/><W98/><REACH who="3" step="1"/><G90/><REACH who="3" ten="497,100,194,199" step="2"/><N who="0" m="51567" /><D3/><U84/><E36/><V35/><F38/><W69/><G69/><T80/><D80/><U9/><E74/><V123/><F123/><W44/><G44/><T79/><D79/><U128/><E128/><V105/><F47/><W30/><G30/><N who="0" m="11307" /><D5/><U11/><E4/><V12/><F46/><W88/><G88/><N who="0" m="55303" /><D99/><U95/><E41/><V26/><F43/><W37/><G37/><T40/><D40/><U49/><E77/><V97/><F97/><W130/><G130/><T65/><D16/><U131/><E131/><V106/><F19/><W34/><G34/><T64/><AGARI ba="3,1" hai="59,61,64,65,67" m="55303,11307,51567" machi="64" ten="30,12000,1" yaku="8,1,52,3,54,1" doraHai="27" who="0" fromWho="0" sc="497,139,100,-43,194,-43,199,-43" /><INIT seed="0,4,0,5,5,45" ten="636,57,151,156" oya="0" hai0="2,28,75,77,72,57,83,90,128,100,102,80,132" hai1="53,24,5,109,73,58,131,134,38,118,22,89,133" hai2="92,65,113,62,119,121,64,98,41,84,74,94,88" hai3="86,43,37,120,126,14,16,6,111,60,55,104,101"/><T66/><D2/><U26/><E73/><V95/><F121/><W79/><G111/><T97/><D28/><U47/><E109/><V30/><F74/><N who="0" m="28202" /><D57/><U130/><E89/><V123/><F123/><W33/><G104/><N who="0" m="63503" /><D66/><U1/><E118/><V52/><F41/><W23/><G79/><T103/><D128/><N who="1" m="49195" /><E5/><V21/><F119/><W13/><G86/><N who="0" m="48399" /><D132/><N who="1" m="50795" /><E1/><V18/><F30/><W0/><G6/><T124/><D102/><U42/><E22/><V17/><F65/><W71/><G101/><T105/><D90/><U63/><AGARI ba="4,0" hai="24,26,38,42,47,53,58,63" m="50795,49195" machi="63" ten="30,2000,0" yaku="19,1,20,1" doraHai="45" who="1" fromWho="1" sc="636,-14,57,32,151,-9,156,-9" /><INIT seed="1,0,0,0,3,45" ten="622,89,142,147" oya="1" hai0="85,77,92,88,47,132,112,113,25,94,102,43,79" hai1="81,39,12,126,44,129,66,127,6,128,48,86,135" hai2="53,114,27,28,108,91,26,52,73,75,61,72,90" hai3="117,9,50,131,84,11,111,51,95,82,78,22,76"/><U130/><E66/><V133/><F108/><W30/><G111/><T17/><D132/><U93/><E39/><V116/><F116/><W87/><G117/><T18/><D113/><U121/><E121/><V89/><F133/><W34/><G34/><T100/><D112/><U4/><E93/><V105/><F114/><W110/><G110/><T65/><D65/><U123/><E123/><V134/><F134/><W20/><G131/><T2/><D2/><U49/><E135/><V42/><F42/><W57/><G57/><T63/><D63/><U109/><E109/><V58/><F105/><W33/><G33/><T54/><D54/><N who="1" m="29959" /><E49/><N who="3" m="18442" /><G30/><T99/><D47/><U56/><E56/><V19/><F28/><W55/><G55/><T96/><D43/><U59/><E59/><V29/><F53/><W71/><G71/><T119/><D119/><U115/><E115/><V101/><F29/><W68/><G68/><T98/><D98/><U13/><E13/><V67/><F67/><W69/><G69/><T24/><D25/><U104/><E104/><V7/><F52/><W46/><G46/><T64/><D24/><U120/><E120/><V125/><F58/><W10/><G95/><N who="0" m="58655" /><D64/><U8/><E6/><V124/><F61/><W80/><AGARI ba="0,0" hai="9,10,11,20,22,76,78,80,82,84,87" m="18442" machi="80" ten="30,7900,0" yaku="8,1,52,3" doraHai="45" who="3" fromWho="3" sc="622,-20,89,-39,142,-20,147,79" /><INIT seed="2,0,0,3,3,57" ten="602,50,122,226" oya="2" hai0="70,3,74,16,63,23,90,73,120,67,47,24,59" hai1="10,134,55,119,92,71,91,102,38,132,111,81,131" hai2="64,66,100,93,8,52,37,6,19,0,65,14,51" hai3="26,56,15,99,58,25,17,35,48,83,95,121,45"/><V32/><F32/><W5/><G121/><T104/><D120/><U50/><E38/><V109/><F37/><W127/><G127/><T105/><D3/><U54/><E119/><V43/><F43/><W4/><G83/><T41/><D70/><U80/><E111/><V96/><F109/><W133/><G133/><N who="1" m="51306" /><E71/><V86/><F86/><W2/><G2/><T115/><D115/><U30/><E102/><V18/><REACH who="2" step="1"/><F0/><REACH who="2" ten="602,50,112,226" step="2"/><W42/><G35/><T72/><D72/><U1/><E131/><V34/><F34/><W21/><G99/><T128/><D128/><U113/><E113/><V116/><F116/><W60/><G95/><T62/><D73/><U112/><E112/><V110/><F110/><W20/><G15/><T84/><D74/><U89/><E92/><V129/><F129/><W75/><G75/><T33/><D33/><U106/><E81/><V94/><F94/><W12/><G12/><T118/><D118/><U97/><E80/><V61/><F61/><W125/><G125/><T9/><D63/><U27/><E97/><V107/><F107/><W40/><G40/><T7/><D84/><U108/><E108/><V39/><F39/><W79/><G79/><T135/><D135/><U130/><E106/><V88/><F88/><N who="1" m="33865" /><E50/><V123/><F123/><W44/><G42/><T122/><D90/><U103/><E103/><V22/><F22/><W28/><G48/><T68/><D104/><U85/><E85/><V78/><F78/><W126/><G126/><T117/><D105/><U77/><E77/><V11/><F11/><W53/><G60/><T124/><D62/><RYUUKYOKU ba="0,1" sc="602,-10,50,-10,112,30,226,-10" hai2="6,8,14,18,19,51,52,64,65,66,93,96,100" /><INIT seed="2,1,1,5,4,98" ten="592,40,142,216" oya="2" hai0="126,119,63,18,45,80,69,95,52,31,4,62,109" hai1="0,21,82,70,49,134,87,74,85,20,32,130,43" hai2="73,53,1,131,93,115,19,67,56,101,9,71,7" hai3="92,114,90,30,103,83,6,64,8,23,16,127,25"/><V51/><F115/><W77/><G127/><T84/><D126/><U33/><E70/><V13/><F73/><W29/><G114/><T104/><D104/><U121/><E130/><V10/><F131/><W106/><G64/><T3/><D69/><U89/><E0/><V118/><F118/><W14/><G106/><T48/><D119/><U24/><E74/><V35/><F35/><W2/><G103/><T91/><D109/><U27/><E134/><V111/><F111/><W28/><G77/><T128/><D128/><U11/><E11/><V34/><F34/><W94/><G83/><T135/><D135/><U78/><E121/><V46/><F71/><W55/><G55/><T125/><D125/><U58/><E33/><V123/><F123/><W44/><G44/><T59/><D31/><U102/><E102/><V76/><F76/><W81/><G2/><T117/><D117/><U107/><E107/><V120/><F120/><W116/><G116/><T113/><D113/><U47/><E58/><V12/><F1/><W41/><G41/><T86/><D3/><U97/><E97/><N who="2" m="59567" /><F67/><W88/><G90/><N who="0" m="51463" /><D4/><U110/><E110/><V15/><F15/><W108/><G108/><T96/><D96/><U42/><E42/><V38/><F38/><W68/><G68/><T99/><D99/><U122/><E122/><V65/><F65/><W72/><G72/><T54/><D62/><U26/><E32/><V17/><F7/><W50/><G50/><N who="0" m="28751" /><D63/><U36/><E36/><V39/><F39/><W75/><G75/><T57/><D57/><AGARI ba="1,1" hai="9,10,12,13,17,19,46,51,53,56,57" m="59567" machi="57" ten="30,2900,0" yaku="8,1,52,1" doraHai="98" who="2" fromWho="0" sc="592,-32,40,0,142,42,216,0" /><INIT seed="2,2,0,5,2,1" ten="560,40,184,216" oya="2" hai0="109,100,4,29,129,131,10,60,108,33,74,102,55" hai1="67,110,0,92,52,78,75,5,30,61,105,17,12" hai2="7,73,119,85,42,38,53,106,24,82,90,62,104" hai3="124,97,84,93,11,87,96,41,128,125,54,117,91"/><V89/><F119/><W88/><G41/><T79/><D74/><U127/><E105/><V44/><F73/><W120/><G117/><T64/><D79/><U57/><E110/><N who="0" m="42601" /><D55/><U6/><E0/><V46/><F89/><W65/><G65/><T14/><D29/><U80/><E127/><N who="3" m="48714" /><G120/><T116/><D33/><U50/><E92/><V58/><F44/><W13/><G54/><T36/><D36/><U56/><E30/><V122/><F122/><W101/><G128/><N who="0" m="49227" /><D116/><U94/><REACH who="1" step="1"/><E94/><REACH who="1" ten="560,30,184,216" step="2"/><V83/><F104/><N who="3" m="63527" /><G91/><T23/><D23/><AGARI ba="2,1" hai="5,6,12,17,23,50,52,56,57,61,67,75,78,80" machi="23" ten="30,8000,1" yaku="1,1,7,1,52,2,54,1,53,0" doraHai="1" doraHaiUra="123" who="1" fromWho="0" sc="560,-86,30,96,184,0,216,0" /><INIT seed="3,0,0,1,3,87" ten="474,126,184,216" oya="3" hai0="119,127,21,34,107,49,68,18,31,67,105,38,58" hai1="104,7,45,27,10,62,80,59,30,92,53,76,13" hai2="133,101,41,135,46,22,112,124,29,37,79,72,39" hai3="98,85,82,99,131,55,74,42,132,77,40,114,84"/><W115/><G55/><T70/><D119/><U23/><E104/><V4/><F112/><N who="3" m="43051" /><G40/><T120/><D120/><U16/><E92/><V56/><F4/><W64/><G64/><T90/><D38/><U75/><REACH who="1" step="1"/><E45/><REACH who="1" ten="474,116,184,216" step="2"/><V51/><F46/><W17/><G132/><T71/><D105/><U73/><E73/><V81/><F72/><W110/><G74/><T113/><D107/><U61/><E61/><V122/><F135/><W32/><G131/><T52/><D113/><U83/><E83/><V36/><F81/><W130/><G82/><T12/><D127/><U86/><E86/><V69/><F124/><W89/><G85/><T50/><D68/><U134/><E134/><V28/><F69/><W3/><G84/><T8/><D70/><U96/><E96/><V118/><F133/><W20/><G98/><T26/><D71/><U14/><E14/><V66/><F118/><W15/><G99/><T9/><D12/><U117/><E117/><V44/><F44/><W1/><G15/><T78/><D78/><U43/><E43/><V57/><F79/><W126/><G42/><T121/><D121/><U109/><E109/><V116/><F122/><W60/><G77/><T111/><D111/><U25/><E25/><V47/><F116/><W100/><G110/><T24/><D26/><U93/><E93/><V94/><F94/><W108/><G130/><T123/><D24/><U54/><E54/><V102/><F41/><W63/><G108/><T33/><D52/><U106/><E106/><V2/><F47/><W19/><G126/><T129/><D129/><U95/><E95/><RYUUKYOKU ba="0,1" sc="474,-10,116,30,184,-10,216,-10" hai1="7,10,13,16,23,27,30,53,59,62,75,76,80" /><INIT seed="4,1,1,3,1,94" ten="464,146,174,206" oya="0" hai0="46,26,77,125,87,117,135,82,48,112,49,97,66" hai1="133,2,74,62,105,7,68,14,57,50,9,22,28" hai2="44,5,72,59,69,129,111,21,38,107,41,16,113" hai3="19,55,67,78,20,134,124,6,15,8,76,73,3"/><T93/><D117/><U116/><E116/><V108/><F69/><W126/><G134/><T58/><D135/><U92/><E105/><V115/><F72/><W40/><G67/><T104/><D104/><U17/><E74/><V90/><F129/><W35/><G40/><T71/><D71/><U132/><E68/><V106/><F5/><W11/><G35/><T12/><D112/><N who="2" m="43082" /><F59/><W128/><G128/><T25/><D125/><N who="3" m="48233" /><G73/><T119/><D12/><U0/><E0/><V80/><F80/><W34/><G34/><T96/><D119/><U63/><E63/><V123/><F123/><W99/><G55/><N who="0" m="32111" /><D66/><U98/><E50/><V23/><F23/><W81/><G99/><N who="0" m="37963" /><D93/><U10/><E132/><V103/><F107/><W131/><G131/><T75/><D75/><U89/><E133/><V13/><F106/><W102/><G102/><T37/><D37/><U110/><E9/><V86/><F103/><W32/><G8/><T39/><D39/><U36/><E36/><V83/><AGARI ba="1,1" hai="13,16,21,38,41,44,83,86,90,108,111" m="43082" machi="83" ten="30,2000,0" yaku="15,1,54,1" doraHai="94" who="2" fromWho="2" sc="464,-11,146,-6,174,33,206,-6" /><INIT seed="5,0,0,2,5,103" ten="453,140,207,200" oya="1" hai0="10,126,78,67,79,75,3,135,45,48,127,24,25" hai1="66,107,62,132,39,118,17,74,80,65,49,97,122" hai2="125,13,41,120,116,46,60,40,72,19,6,131,33" hai3="28,51,105,92,54,96,16,38,22,84,129,106,99"/><U82/><E118/><V90/><F116/><W73/><G38/><T133/><D67/><U26/><E122/><V102/><F72/><W77/><G28/><T88/><D88/><U71/><E39/><V9/><F33/><W124/><G73/><T4/><D25/><U70/><E132/><N who="0" m="50761" /><D24/><U32/><E74/><V83/><F120/><W59/><G129/><T121/><D121/><U47/><E66/><V23/><F131/><W110/><G124/><N who="0" m="47659" /><D75/><U50/><E70/><V27/><F125/><W36/><G36/><T61/><D61/><U101/><E17/><V8/><F60/><W63/><G110/><T91/><D91/><U44/><E50/><V69/><F69/><W64/><G77/><T123/><D123/><U128/><E128/><V52/><F102/><W7/><G84/><T12/><D3/><U53/><E47/><V68/><F68/><W42/><G64/><T55/><AGARI ba="0,0" hai="4,10,12,45,48,55,78,79" m="47659,50761" machi="55" ten="30,2000,0" yaku="20,1,18,1" doraHai="103" who="0" fromWho="0" sc="453,20,140,-10,207,-5,200,-5" /><INIT seed="6,0,0,0,4,20" ten="473,130,202,195" oya="2" hai0="34,86,7,80,17,37,30,116,66,3,107,98,29" hai1="85,93,113,128,100,58,83,50,119,88,134,111,99" hai2="9,43,94,67,10,135,13,19,24,105,75,129,114" hai3="57,95,112,0,31,63,53,102,130,36,40,106,52"/><V73/><F105/><W11/><G106/><T27/><D37/><U44/><E111/><V60/><F114/><W121/><G121/><T62/><D116/><U118/><E113/><V42/><F129/><W23/><G130/><T25/><D17/><U4/><E128/><V14/><F135/><W32/><G32/><T51/><D51/><U59/><E134/><V18/><F94/><W131/><G112/><T90/><D107/><U35/><E35/><V6/><F6/><W77/><G77/><T126/><D126/><U71/><E71/><V132/><F132/><W96/><G131/><T55/><D55/><U5/><E118/><V125/><F125/><W38/><G40/><T97/><D7/><U101/><E101/><V56/><F24/><N who="3" m="16799" /><G11/><T2/><D2/><U79/><E119/><V49/><F43/><W120/><G120/><T41/><D3/><U39/><E39/><N who="3" m="14890" /><G0/><T70/><D41/><U81/><E5/><V92/><F92/><W69/><G69/><T115/><D115/><U68/><E68/><V28/><F28/><W33/><G33/><AGARI ba="0,0" hai="25,27,29,30,33,34,62,66,70,80,86,90,97,98" machi="33" ten="30,7700,0" yaku="7,1,9,1,52,2" doraHai="20" who="0" fromWho="3" sc="473,77,130,0,202,0,195,-77" /><INIT seed="7,0,0,1,0,55" ten="550,130,202,118" oya="3" hai0="37,103,133,31,35,124,96,74,129,92,82,84,25" hai1="27,126,132,14,93,51,6,28,33,78,107,42,15" hai2="109,0,23,7,79,94,113,16,115,95,120,110,53" hai3="29,127,114,75,67,116,99,30,100,64,111,105,39"/><W69/><G116/><T121/><D121/><U104/><E93/><V106/><F106/><W71/><G39/><T117/><D117/><U102/><E51/><V66/><F66/><W46/><G75/><T70/><D70/><U108/><E78/><V65/><F65/><W86/><G67/><T80/><D37/><U11/><E15/><V54/><F79/><W17/><G127/><T73/><D124/><U119/><E102/><V50/><F120/><W3/><G3/><T123/><D123/><U98/><E42/><V90/><F54/><W112/><G111/><T36/><D36/><U45/><E98/><V47/><F95/><W12/><G46/><T89/><D129/><U40/><E132/><V21/><F21/><N who="3" m="11431" /><G86/><T62/><D133/><U72/><E108/><V97/><F0/><W19/><G19/><T57/><D74/><U24/><E72/><V68/><F68/><N who="3" m="26187" /><G64/><T48/><D73/><U77/><E126/><V122/><F122/><W52/><G52/><T8/><D84/><U125/><E125/><V20/><F20/><W26/><G26/><N who="1" m="9770" /><E77/><V44/><F44/><W87/><G87/><T34/><D25/><N who="1" m="18575" /><E119/><V128/><F128/><W4/><G4/><T5/><D5/><U91/><E91/><V22/><F7/><W130/><G130/><T83/><D89/><U76/><E76/><V43/><F43/><W134/><G134/><T2/><D2/><U58/><E58/><V61/><F109/><W9/><G9/><T13/><D48/><N who="1" m="26663" /><E11/><V63/><F110/><W41/><G41/><T131/><D8/><U88/><E88/><V101/><F90/><RYUUKYOKU ba="0,0" sc="550,-15,130,15,202,-15,118,15" hai1="6,14,104,107" hai3="29,30,99,100,105,112,114" /><INIT seed="7,1,0,2,1,127" ten="535,145,187,133" oya="3" hai0="116,106,14,60,74,24,31,128,33,85,62,126,25" hai1="36,124,113,46,64,61,96,131,133,19,79,101,135" hai2="111,34,6,134,9,0,21,125,69,51,30,4,70" hai3="99,82,13,11,54,32,103,100,27,68,55,35,52"/><W98/><G68/><T88/><D128/><U47/><E131/><V3/><F111/><W89/><G27/><T78/><D106/><N who="1" m="63783" /><E113/><V23/><F125/><W97/><G35/><T92/><D116/><U94/><E79/><V117/><F117/><W115/><G115/><T16/><D126/><U104/><E104/><V102/><F102/><N who="3" m="38955" /><G32/><T20/><D74/><U120/><E120/><V26/><F134/><N who="1" m="51209" /><E94/><V86/><F86/><N who="3" m="50391" /><G99/><T43/><D78/><U38/><E19/><AGARI ba="1,0" hai="11,13,19,52,54,55,97,98" m="50391,38955" machi="19" ten="30,2900,0" yaku="8,1,54,1" doraHai="127" who="3" fromWho="1" sc="535,0,145,-32,187,0,133,32" /><INIT seed="7,2,0,5,2,42" ten="535,113,187,165" oya="3" hai0="2,38,120,31,37,24,71,96,57,61,113,112,11" hai1="95,72,49,46,20,17,102,68,93,115,23,52,94" hai2="22,29,87,85,114,121,133,7,6,66,70,58,104" hai3="103,134,107,13,76,100,45,39,80,116,47,21,135"/><W62/><G39/><T26/><D120/><U131/><E72/><V67/><F70/><W90/><G90/><T10/><D71/><U36/><E68/><V108/><F108/><W75/><G116/><T34/><D96/><U82/><E131/><V63/><F104/><W65/><G107/><T84/><D84/><N who="2" m="32330" /><F121/><W79/><G79/><T53/><D26/><U83/><E115/><N who="0" m="44105" /><D10/><U55/><E36/><V50/><F114/><W48/><G48/><T35/><D34/><U41/><E102/><V118/><F118/><W74/><G74/><T122/><D122/><U101/><E101/><V127/><F127/><W98/><G98/><T44/><D44/><N who="3" m="16969" /><G21/><N who="1" m="8266" /><E17/><V54/><F50/><W8/><G62/><T117/><D117/><U97/><E97/><V125/><F125/><W18/><G65/><T123/><D123/><U111/><E111/><V64/><F64/><W92/><G92/><T32/><D32/><U27/><E27/><V51/><F66/><W59/><G59/><T43/><D43/><U15/><E15/><V91/><F67/><W5/><G18/><T0/><D0/><U132/><E132/><AGARI ba="2,0" hai="5,8,13,75,76,80,100,103,132,134,135" m="16969" machi="132" ten="30,11600,0" yaku="20,1,52,3" doraHai="42" who="3" fromWho="1" sc="535,0,113,-122,187,0,165,122" owari="535,63.0,-9,-51.0,187,-21.0,287,9.0" /></mjloggm>