<mjloggm ver="2.3"><GO type="169" lobby="0"/><UN n0="%4A%61%6E%2D%4D%61%63%68" n1="%E3%83%87%E3%83%AB%E3%83%90%E3%83%A9%E3%83%89" n2="%E5%B0%B1%E6%B4%BB%E7%94%9F%40%E5%B7%9D%E6%9D%91%E8%BB%8D%E5%9B%A3" n3="%67%6F%69%73%75%62%61%69" dan="17,16,17,16" rate="2201.09,2067.53,2207.54,2133.85" sx="M,M,M,M"/><TAIKYOKU oya="0"/><INIT seed="0,0,0,2,3,62" ten="250,250,250,250" oya="0" hai0="58,114,45,13,51,116,17,87,0,102,22,34,64" hai1="127,5,15,106,86,79,25,9,57,109,52,73,85" hai2="103,60,72,33,11,94,112,44,95,110,30,40,61" hai3="126,47,68,1,19,21,65,78,93,59,38,128,16"/><T81/><D114/><U28/><E109/><V135/><F72/><W134/><G1/><T46/><D116/><U83/><E106/><V119/><F110/><W41/><G126/><T69/><D34/><U105/><E105/><V26/><F112/><W70/><G134/><T108/><D0/><U80/><E127/><V133/><F119/><W23/><G128/><T35/><D35/><U76/><E73/><V99/><F94/><W50/><G78/><T130/><D69/><U2/><E2/><V8/><F61/><N who="3" m="39983" /><G70/><T55/><D130/><U125/><E125/><V75/><F75/><W31/><G93/><T48/><D102/><U29/><E25/><V71/><F71/><W90/><G90/><T63/><D108/><U101/><E101/><V10/><REACH who="2" step="1"/><F60/><AGARI ba="0,0" hai="5,9,15,28,29,52,57,60,76,79,80,83,85,86" machi="60" ten="30,7700,0" yaku="7,1,9,1,8,1,54,1" doraHai="62" who="1" fromWho="2" sc="250,0,250,77,250,-77,250,0" /><INIT seed="1,0,0,2,3,88" ten="250,327,173,250" oya="1" hai0="96,46,27,128,108,29,63,11,123,103,101,104,1" hai1="80,48,87,53,41,118,117,119,31,30,26,19,9" hai2="95,94,102,59,133,52,66,72,106,68,77,91,90" hai3="93,16,69,13,33,44,76,2,22,124,82,3,54"/><U113/><E113/><V42/><F133/><W121/><G33/><T86/><D108/><U57/><E41/><V24/><F42/><W75/><G121/><T110/><D110/><U107/><E107/><V43/><F43/><W134/><G134/><T23/><D128/><U74/><E74/><V12/><F106/><W32/><G32/><T67/><D46/><U114/><E114/><V60/><F24/><W131/><G131/><T65/><D103/><U36/><E36/><V89/><F102/><W112/><G112/><T92/><D123/><U34/><E30/><V85/><F72/><W6/><G69/><T5/><D104/><U130/><E130/><V51/><REACH who="2" step="1"/><F12/><REACH who="2" ten="250,327,163,250" step="2"/><W109/><G109/><T73/><D73/><U71/><E119/><V0/><F0/><W49/><G124/><T25/><D25/><U7/><E118/><V8/><F8/><W40/><G40/><T120/><D120/><U58/><E117/><V17/><F17/><W111/><G111/><T135/><D135/><U62/><E19/><V116/><F116/><W100/><REACH who="3" step="1"/><G6/><REACH who="3" ten="250,327,163,240" step="2"/><T45/><D5/><U70/><E7/><V127/><F127/><W50/><G50/><T122/><D122/><U115/><E115/><V97/><F97/><AGARI ba="0,2" hai="2,3,13,16,22,44,49,54,75,76,82,93,97,100" machi="97" ten="40,5200,0" yaku="1,1,52,1,54,1,53,0" doraHai="88" doraHaiUra="129" who="3" fromWho="2" sc="250,0,327,0,163,-52,240,72" /><INIT seed="2,0,0,5,1,19" ten="250,327,111,312" oya="2" hai0="93,37,59,91,15,41,53,52,121,17,69,102,95" hai1="78,1,131,39,109,98,135,65,81,35,13,73,129" hai2="119,101,3,50,44,75,43,79,105,115,114,51,134" hai3="26,68,42,11,28,7,22,77,14,55,108,106,63"/><V133/><F3/><W45/><G108/><T40/><D69/><U54/><E109/><V57/><F105/><W71/><G106/><T36/><D121/><U20/><E35/><V30/><F101/><W56/><REACH who="3" step="1"/><G77/><REACH who="3" ten="250,327,111,302" step="2"/><T99/><D36/><AGARI ba="0,1" hai="7,11,14,22,26,28,36,42,45,55,56,63,68,71" machi="36" ten="30,8000,1" yaku="1,1,2,1,7,1,52,1,53,1" doraHai="19" doraHaiUra="0" who="3" fromWho="0" sc="250,-80,327,0,111,0,302,90" /><INIT seed="3,0,0,4,1,104" ten="170,327,111,392" oya="3" hai0="114,100,125,17,49,12,48,54,83,66,7,98,134" hai1="47,96,107,41,29,34,76,36,32,129,101,6,35" hai2="132,37,112,102,0,110,53,4,86,133,52,14,116" hai3="79,99,61,80,46,43,126,111,22,123,59,103,18"/><W118/><G123/><T40/><D134/><N who="2" m="51818" /><F116/><W71/><G71/><T124/><D66/><U10/><E129/><V75/><F0/><W56/><G126/><N who="0" m="48747" /><D7/><U69/><E29/><V9/><F112/><W127/><G127/><T128/><D128/><U60/><E76/><V113/><F113/><W78/><G118/><T38/><D83/><U51/><E51/><N who="0" m="19529" /><D54/><N who="2" m="21098" /><F37/><W121/><G121/><T5/><D5/><U42/><E42/><V94/><F110/><W67/><G111/><T24/><D24/><U55/><E55/><V108/><F108/><W106/><G59/><T44/><D114/><U90/><E90/><N who="2" m="53591" /><F102/><W30/><G43/><T68/><D68/><U45/><E45/><V28/><F28/><W77/><G46/><T27/><D100/><U3/><REACH who="1" step="1"/><E35/><REACH who="1" ten="170,317,111,392" step="2"/><V70/><F70/><W33/><G33/><T72/><D44/><U81/><E81/><V73/><AGARI ba="0,1" hai="4,9,14,73,75" m="53591,21098,51818" machi="73" ten="30,7900,0" yaku="20,1,52,2,54,1" doraHai="104" who="2" fromWho="2" sc="170,-20,317,-20,111,89,392,-39" /><INIT seed="4,0,0,1,4,33" ten="150,297,200,353" oya="0" hai0="64,59,8,2,58,57,115,67,16,50,112,108,110" hai1="100,126,34,92,18,124,120,72,56,85,104,61,133" hai2="87,52,135,113,47,132,117,28,70,98,46,25,4" hai3="77,17,23,32,14,66,68,97,80,90,81,83,75"/><T60/><D2/><U109/><E120/><V26/><F70/><W31/><G32/><T125/><D125/><N who="1" m="48235" /><E109/><N who="0" m="42089" /><D8/><U89/><E72/><V105/><F113/><N who="0" m="43594" /><D16/><U101/><E104/><V11/><F117/><W38/><G31/><T55/><D67/><N who="1" m="39335" /><E133/><N who="2" m="51275" /><F87/><W111/><G111/><T43/><D43/><U3/><E34/><N who="2" m="20751" /><F26/><W36/><G66/><T12/><D12/><U10/><E18/><V131/><F131/><W73/><G68/><AGARI ba="0,0" hai="50,55,57,58,59,60,64,68" m="43594,42089" machi="68" ten="30,11600,0" yaku="10,1,15,1,34,2" doraHai="33" who="0" fromWho="3" sc="150,116,297,0,200,0,353,-116" /><INIT seed="4,1,0,0,4,125" ten="266,297,200,237" oya="0" hai0="31,25,102,123,89,88,29,114,120,97,52,53,90" hai1="18,69,87,24,109,130,34,95,64,33,57,84,110" hai2="6,54,56,111,116,61,122,103,5,60,85,32,66" hai3="15,3,112,28,23,30,117,22,19,13,2,0,12"/><T9/><D114/><U80/><E69/><V42/><F122/><N who="0" m="46634" /><D25/><U35/><E95/><V14/><F111/><W92/><G92/><T46/><D9/><U26/><E18/><V113/><F32/><W1/><G112/><T47/><D102/><U76/><E87/><V132/><F132/><W70/><G70/><T86/><D86/><U8/><E8/><V83/><F113/><W79/><G79/><T115/><D97/><U27/><E130/><V39/><F103/><W48/><G48/><T21/><D21/><N who="3" m="7689" /><G117/><T93/><D93/><U104/><E104/><V129/><F129/><W68/><G68/><T4/><D4/><U63/><AGARI ba="1,0" hai="24,26,27,33,34,35,57,63,64,76,80,84,109,110" machi="63" ten="40,1500,0" yaku="0,1" doraHai="125" who="1" fromWho="1" sc="266,-8,297,18,200,-5,237,-5" /><INIT seed="5,0,0,1,5,94" ten="258,315,195,232" oya="1" hai0="41,6,124,73,66,71,16,102,20,48,5,84,134" hai1="61,3,101,119,34,52,0,75,50,51,8,44,28" hai2="110,87,126,18,35,90,59,104,58,32,89,39,96" hai3="127,29,64,26,92,109,111,7,99,105,91,12,57"/><U130/><E119/><V60/><F39/><W86/><G127/><T106/><D73/><U42/><E75/><V46/><F110/><W113/><G113/><T108/><D108/><U79/><E79/><V133/><F133/><W93/><G105/><T120/><D124/><U33/><E61/><V83/><F126/><W47/><G47/><T25/><D66/><U123/><E123/><V23/><F46/><W24/><G7/><T117/><D71/><U15/><E34/><V122/><F58/><W53/><G64/><T21/><D48/><U103/><E130/><V45/><F45/><W9/><G111/><T63/><D41/><U116/><E116/><V132/><F132/><W107/><G107/><T114/><D63/><U43/><E3/><V1/><F1/><W54/><G54/><T98/><D114/><U76/><E76/><V121/><F121/><W30/><G30/><T95/><D134/><U74/><E0/><V88/><F122/><W112/><G112/><T67/><D67/><U82/><E82/><V70/><F70/><W4/><G29/><N who="0" m="17575" /><D117/><U13/><E74/><V40/><F40/><N who="1" m="15401" /><E51/><V85/><F60/><N who="3" m="35887" /><G109/><T115/><D115/><U131/><E131/><V31/><F59/><W135/><G135/><T56/><D56/><U78/><E78/><V10/><F35/><W37/><G37/><T22/><D120/><U55/><E55/><V77/><F32/><W80/><G80/><T49/><D49/><U38/><E38/><V72/><F31/><W19/><G4/><N who="0" m="1643" /><D16/><N who="1" m="8231" /><E15/><N who="2" m="9695" /><F10/><W27/><G27/><T129/><D129/><U62/><E62/><V11/><F11/><RYUUKYOKU ba="0,0" sc="258,0,315,0,195,0,232,0" hai0="21,22,84,95,98,102,106" hai1="28,33,44,50,52,101,103" hai2="72,77,83,85,87,88,89,90,96,104" hai3="9,12,19,24,26,86,91,92,93,99" /><INIT seed="5,1,0,2,1,57" ten="258,315,195,232" oya="1" hai0="9,61,83,62,127,74,125,47,5,84,17,43,51" hai1="130,99,97,78,113,75,94,134,2,27,69,7,14" hai2="56,22,82,68,44,107,117,40,102,12,59,18,23" hai3="111,53,65,10,42,96,92,37,129,13,46,100,8"/><U58/><E69/><V41/><F117/><W120/><G120/><T20/><D74/><U45/><E2/><V31/><F68/><W11/><G111/><T72/><D72/><U70/><E70/><V55/><F107/><W85/><G129/><T119/><D119/><U105/><E105/><V106/><F106/><W15/><G65/><T79/><D20/><U34/><E99/><V131/><F102/><W39/><G39/><T38/><D17/><U76/><E45/><V19/><F31/><W16/><G13/><N who="0" m="5295" /><D38/><U121/><E75/><V81/><F131/><W128/><G128/><T90/><D90/><U87/><E87/><V64/><F64/><W24/><G24/><T67/><D67/><U93/><E93/><V21/><F21/><W110/><G110/><T1/><D1/><U112/><E121/><V115/><F115/><N who="1" m="44105" /><E27/><V103/><F103/><W63/><REACH who="3" step="1"/><G85/><REACH who="3" ten="258,315,195,222" step="2"/><T35/><D35/><U104/><E130/><V108/><F108/><W36/><G36/><T71/><D71/><U80/><E14/><V109/><F109/><W66/><G66/><T3/><D3/><U33/><E33/><V88/><F12/><W114/><G114/><T30/><D30/><U0/><E34/><V29/><F29/><W101/><G101/><T48/><D127/><U60/><E0/><V86/><F86/><W73/><G73/><T124/><D125/><U28/><E28/><V6/><F6/><W77/><G77/><T123/><D124/><U89/><E78/><V50/><F88/><W133/><G133/><T126/><D126/><U122/><E7/><V135/><F135/><RYUUKYOKU ba="1,1" sc="258,-10,315,-10,195,-10,222,30" hai3="8,10,11,15,16,37,42,46,53,63,92,96,100" /><INIT seed="6,2,1,2,0,65" ten="248,305,185,252" oya="2" hai0="129,98,33,35,127,20,116,66,8,56,59,3,132" hai1="32,100,36,54,42,4,135,90,78,125,82,74,80" hai2="63,37,27,134,86,72,60,16,34,114,102,117,109" hai3="55,31,92,76,67,14,95,1,25,84,118,46,58"/><V69/><F72/><W94/><G1/><T30/><D132/><U75/><E32/><V47/><F117/><W43/><G118/><T24/><D116/><U77/><E135/><V73/><F73/><W51/><G67/><T113/><D113/><U119/><E119/><V68/><F134/><W133/><G133/><T17/><D129/><U112/><E100/><V23/><F34/><W7/><G76/><T10/><D127/><U71/><E112/><V130/><F114/><W96/><G84/><T11/><D33/><U19/><E4/><V91/><F130/><W39/><G7/><T88/><D66/><U62/><E90/><V81/><F102/><W9/><G9/><T29/><D3/><U101/><E125/><V0/><F0/><W115/><G14/><T120/><D120/><U5/><E5/><V121/><F121/><W2/><G115/><T22/><D30/><U105/><E19/><V48/><F37/><W111/><G111/><T12/><D35/><U15/><E15/><V18/><F18/><W126/><G126/><T103/><REACH who="0" step="1"/><D88/><REACH who="0" ten="238,305,185,252" step="2"/><U49/><E101/><V40/><REACH who="2" step="1"/><F109/><REACH who="2" ten="238,305,175,252" step="2"/><W26/><G2/><T107/><AGARI ba="2,3" hai="8,10,11,12,17,20,22,24,29,56,59,98,103,107" machi="107" ten="30,4000,0" yaku="1,1,2,1,0,1,53,0" doraHai="65" doraHaiUra="131" who="0" fromWho="0" sc="238,76,305,-12,175,-22,252,-12" /><INIT seed="7,0,0,1,2,33" ten="314,293,153,240" oya="3" hai0="89,23,129,92,45,135,86,84,115,95,56,131,54" hai1="97,124,91,119,48,98,42,12,50,110,38,127,74" hai2="59,82,62,113,120,63,52,69,39,114,58,133,28" hai3="18,71,41,27,126,73,30,111,61,19,112,88,132"/><W102/><G73/><T1/><D1/><U25/><E110/><V107/><F107/><W17/><G112/><N who="2" m="43113" /><F28/><W109/><G41/><T118/><D118/><U5/><E74/><V40/><F82/><W35/><G102/><T9/><D9/><U101/><E119/><V78/><F78/><W66/><G132/><T85/><D45/><U96/><E25/><V26/><F26/><W121/><G121/><T21/><D135/><U117/><E117/><V29/><F29/><W14/><G126/><T36/><D36/><U93/><E127/><V79/><F79/><W123/><G123/><T87/><D95/><U75/><E75/><V81/><F81/><W94/><REACH who="3" step="1"/><G14/><REACH who="3" ten="314,293,153,230" step="2"/><T70/><D115/><U68/><E124/><V60/><F133/><W49/><G49/><N who="0" m="30799" /><D70/><U125/><E101/><V43/><F120/><W24/><G24/><T64/><D64/><U130/><E50/><V83/><F83/><W67/><G67/><T72/><D72/><U99/><E38/><V37/><F37/><W7/><G7/><T6/><D6/><U8/><E125/><V90/><F90/><W105/><G105/><T34/><D34/><U32/><E32/><V57/><F39/><W77/><G77/><T55/><D55/><U20/><E68/><V53/><F69/><W22/><G22/><T76/><D76/><U0/><E0/><V100/><F100/><W46/><G46/><T2/><D2/><U80/><E20/><V65/><AGARI ba="0,1" hai="40,43,52,53,57,58,59,60,62,63,65" m="43113" machi="65" ten="30,7900,0" yaku="15,1,34,2,54,1" doraHai="33" who="2" fromWho="2" sc="314,-20,293,-20,153,89,230,-39" /><INIT seed="8,0,0,2,5,76" ten="294,273,242,191" oya="0" hai0="72,57,15,4,122,77,87,17,42,62,31,120,25" hai1="49,48,109,124,107,105,106,55,75,85,123,16,128" hai2="22,79,131,108,63,18,92,65,24,54,45,27,12" hai3="14,26,113,36,61,1,118,114,94,95,104,89,96"/><T53/><D72/><U33/><E109/><V19/><F108/><W102/><G36/><T37/><D4/><U60/><E75/><V116/><F131/><W103/><G1/><T129/><D129/><U40/><E128/><V52/><F116/><W91/><G26/><T43/><D37/><U32/><E123/><V73/><F92/><N who="3" m="35371" /><G14/><T134/><D134/><U84/><E60/><V70/><F27/><W93/><G61/><T2/><D2/><U98/><E98/><V21/><REACH who="2" step="1"/><F45/><REACH who="2" ten="294,273,232,191" step="2"/><W80/><G118/><T130/><D130/><U35/><E124/><V82/><AGARI ba="0,1" hai="12,18,19,21,22,24,52,54,63,65,70,73,79,82" machi="82" ten="30,8000,1" yaku="1,1,2,1,0,1,52,1,54,1,53,0" doraHai="76" doraHaiUra="0" who="2" fromWho="2" sc="294,-40,273,-20,232,90,191,-20" owari="254,5.0,253,-15.0,322,43.0,171,-33.0" /></mjloggm>