<mjloggm ver="2.3"><GO type="169" lobby="0"/><UN n0="%E5%91%82%E5%A7%AB" n1="%E2%91%A3%E3%82%BB%E3%83%B3%E3%83%81" n2="%E3%82%A6%E3%83%AB%E3%83%88%E3%83%A9%E7%AB%8B%E7%9B%B4" n3="%E3%81%93%E3%81%A3%E3%81%97%E3%83%BC" dan="18,18,16,17" rate="2198.93,2186.38,2123.45,2142.20" sx="F,M,M,M"/><TAIKYOKU oya="0"/><INIT seed="0,0,0,4,5,15" ten="250,250,250,250" oya="0" hai0="135,34,103,36,101,21,46,27,113,91,41,18,94" hai1="69,123,4,95,38,2,22,87,74,112,104,117,23" hai2="116,58,44,12,89,92,121,24,30,73,9,6,19" hai3="59,96,8,68,55,128,72,75,110,132,56,105,67"/><T99/><D113/><U7/><E69/><V65/><F121/><W26/><G110/><T63/><D135/><U51/><E38/><V119/><F73/><W124/><G128/><T114/><D114/><U64/><E74/><V45/><F65/><W93/><G124/><T1/><D1/><U28/><E104/><V53/><F6/><W130/><G132/><T37/><D37/><U31/><E64/><V13/><F13/><W33/><G130/><T129/><D129/><U10/><E117/><V85/><F119/><W90/><G105/><T133/><D133/><U127/><E123/><V77/><F77/><W70/><G72/><T106/><D106/><U81/><E7/><V80/><F80/><W78/><G78/><T60/><REACH who="0" step="1"/><D34/><REACH who="0" ten="240,250,250,250" step="2"/><U54/><E112/><V47/><F116/><W88/><G33/><T39/><D39/><U126/><E126/><V48/><F44/><W14/><G70/><T3/><D3/><U107/><E107/><V109/><REACH who="2" step="1"/><F109/><REACH who="2" ten="240,250,240,250" step="2"/><W97/><G68/><T100/><AGARI ba="0,2" hai="18,21,27,36,41,46,60,63,91,94,99,100,101,103" machi="100" ten="30,6000,0" yaku="1,1,0,1,52,1,53,0" doraHai="15" doraHaiUra="125" who="0" fromWho="0" sc="240,80,250,-20,240,-20,250,-20" /><INIT seed="0,1,0,2,0,131" ten="320,230,220,230" oya="0" hai0="106,39,126,27,5,54,123,117,99,103,53,80,28" hai1="57,7,0,86,105,61,50,22,51,17,31,23,66" hai2="121,25,104,36,85,69,67,11,88,94,49,98,68" hai3="32,59,9,21,3,101,116,56,60,10,110,8,95"/><T46/><D117/><U38/><E38/><V102/><F36/><W47/><G110/><T75/><D123/><U134/><E105/><V6/><F121/><W73/><G32/><T113/><D113/><U81/><E0/><V93/><F67/><W41/><G73/><T124/><D5/><U77/><E7/><V30/><F49/><W108/><G108/><T63/><D75/><U96/><E134/><V16/><F104/><W37/><G3/><T62/><D80/><U13/><REACH who="1" step="1"/><E96/><REACH who="1" ten="320,220,220,230" step="2"/><V135/><F135/><W107/><G116/><T114/><D114/><U34/><E34/><V74/><F74/><W33/><G107/><T119/><D119/><U35/><E35/><V118/><F118/><W70/><G33/><T55/><D124/><U109/><E109/><V42/><F6/><W26/><G37/><T29/><D126/><U72/><E72/><V83/><F98/><W111/><G111/><T78/><D39/><U89/><E89/><V90/><F88/><W125/><G125/><T40/><D78/><U65/><E65/><V133/><F90/><W120/><G120/><T76/><D76/><U48/><E48/><V87/><F133/><W15/><G101/><T122/><D122/><U79/><E79/><V115/><F102/><W130/><G60/><T82/><D63/><U44/><E44/><V45/><F45/><W132/><G47/><T14/><D62/><U84/><E84/><V112/><F87/><W19/><G132/><T58/><D106/><U4/><E4/><V71/><F85/><W52/><G130/><T18/><D103/><U129/><E129/><RYUUKYOKU ba="1,1" sc="320,-10,220,30,220,-10,230,-10" hai1="13,17,22,23,31,50,51,57,61,66,77,81,86" /><INIT seed="1,2,1,3,2,57" ten="310,250,210,220" oya="1" hai0="86,5,34,19,102,83,16,100,56,89,68,39,73" hai1="27,84,75,106,15,65,108,77,94,95,37,0,17" hai2="43,32,119,113,79,55,53,92,36,48,85,97,59" hai3="42,118,124,130,134,110,2,98,12,21,62,125,71"/><U18/><E0/><V4/><F119/><W115/><G42/><T67/><D68/><U78/><E106/><V25/><F113/><W6/><G98/><T54/><D39/><U41/><E75/><V58/><F4/><W111/><G2/><T90/><D34/><U105/><E105/><V44/><F79/><W24/><G62/><N who="0" m="38343" /><D73/><U45/><E108/><N who="3" m="41514" /><G71/><T121/><D121/><U122/><E122/><V52/><F85/><W1/><G1/><T38/><D38/><U81/><E78/><V91/><REACH who="2" step="1"/><F36/><REACH who="2" ten="310,250,200,220" step="2"/><W96/><G115/><T88/><D5/><U74/><E74/><V30/><AGARI ba="2,2" hai="25,30,32,43,44,48,52,53,55,58,59,91,92,97" machi="30" ten="30,7900,0" yaku="1,1,2,1,0,1,54,1,53,0" doraHai="57" doraHaiUra="131" who="2" fromWho="2" sc="310,-22,250,-41,200,105,220,-22" /><INIT seed="2,0,0,1,4,42" ten="288,209,305,198" oya="2" hai0="27,95,80,90,51,20,53,56,108,101,19,45,4" hai1="75,113,72,127,67,74,54,55,37,106,105,96,12" hai2="97,114,58,71,21,78,50,128,104,10,123,134,68" hai3="86,98,36,118,33,99,6,13,43,103,124,5,100"/><V81/><F123/><W131/><G124/><T70/><D108/><U111/><E113/><V60/><F114/><W26/><G131/><T69/><D101/><U34/><E34/><V40/><F128/><W110/><G110/><T24/><D4/><U107/><E111/><V82/><F134/><W31/><G118/><T2/><D2/><U7/><E127/><V120/><F120/><W130/><G86/><T8/><D8/><U25/><E37/><V122/><F122/><W49/><G36/><T23/><D80/><U59/><E25/><V65/><F104/><W89/><G89/><T15/><D27/><U62/><E96/><V57/><F21/><W29/><G130/><T109/><D109/><U87/><E87/><V91/><F10/><N who="3" m="4303" /><G26/><T121/><D121/><U117/><E117/><V126/><F126/><W102/><G6/><T63/><D23/><U16/><REACH who="1" step="1"/><E7/><REACH who="1" ten="288,199,305,198" step="2"/><V35/><F35/><W112/><G33/><T52/><D24/><U92/><E92/><V46/><F97/><AGARI ba="0,1" hai="15,19,20,45,51,52,53,56,63,69,70,90,95,97" machi="97" ten="30,3900,0" yaku="7,1,52,1,54,1" doraHai="42" who="0" fromWho="2" sc="288,49,199,0,305,-39,198,0" /><INIT seed="3,0,0,3,1,49" ten="337,199,266,198" oya="3" hai0="71,74,126,17,90,54,28,97,21,115,62,66,100" hai1="130,117,108,85,83,98,121,84,46,0,53,77,112" hai2="30,24,107,114,89,50,32,133,113,35,120,13,25" hai3="67,6,18,78,52,48,106,2,14,94,60,118,127"/><W33/><G127/><T59/><D74/><U19/><E112/><V123/><F107/><W11/><G106/><T34/><D126/><U82/><E121/><N who="2" m="46667" /><F89/><W81/><G33/><N who="2" m="12873" /><F50/><W68/><G94/><T3/><D3/><U116/><E0/><V135/><F13/><W76/><G118/><T125/><D115/><N who="2" m="44042" /><F30/><W38/><G38/><T131/><D125/><U95/><E117/><V72/><F72/><W44/><REACH who="3" step="1"/><G81/><REACH who="3" ten="337,199,266,188" step="2"/><T1/><D34/><U5/><E83/><V91/><F91/><W119/><G119/><T20/><D90/><U122/><E82/><V41/><F41/><W57/><G57/><T9/><D59/><U75/><E95/><V132/><AGARI ba="0,1" hai="24,25,132,133,135" m="44042,12873,46667" machi="132" ten="50,12000,2" yaku="28,2,20,1,13,1,34,2" doraHai="49" who="2" fromWho="2" sc="337,-30,199,-30,266,130,188,-60" /><INIT seed="4,0,0,2,5,85" ten="307,169,396,128" oya="0" hai0="0,84,130,63,83,114,16,39,135,74,100,127,87" hai1="126,89,110,128,41,19,88,72,17,25,132,44,119" hai2="9,8,117,107,71,48,47,45,58,66,54,115,91" hai3="12,59,14,26,33,103,79,27,86,65,34,113,77"/><T28/><D114/><U11/><E110/><V69/><F107/><W101/><G65/><T29/><D0/><U120/><E119/><V81/><F115/><W5/><G113/><T3/><D3/><U94/><E120/><V31/><F117/><W118/><G118/><T21/><D39/><U99/><E72/><V6/><F31/><W125/><G125/><T40/><D40/><U50/><E126/><V78/><F9/><W10/><G59/><T68/><D74/><U97/><E132/><V111/><F111/><W121/><G86/><T64/><D135/><U122/><E122/><V37/><F91/><W46/><G46/><T93/><D130/><U55/><E128/><V62/><F47/><W32/><G121/><T49/><D49/><U73/><E73/><V124/><F124/><W106/><G106/><T133/><D133/><U4/><E41/><V53/><F53/><W129/><G129/><T134/><D134/><U13/><E25/><N who="3" m="9226" /><G10/><T56/><D68/><U75/><E75/><V67/><F67/><W70/><G5/><T15/><D127/><U61/><E61/><V95/><F71/><W42/><G42/><T22/><D22/><U52/><E55/><V60/><F60/><W82/><G82/><T80/><D80/><U2/><E2/><N who="2" m="87" /><F81/><W35/><G70/><T96/><REACH who="0" step="1"/><D87/><REACH who="0" ten="297,169,396,128" step="2"/><U18/><E4/><V104/><F37/><W24/><N who="3" m="9234" /><W36/><DORA hai="20" /><G36/><T108/><D108/><U23/><E23/><V116/><F69/><W102/><N who="3" m="8704" /><DORA hai="57" /><W51/><G51/><T98/><D98/><U109/><E109/><V123/><F123/><RYUUKYOKU ba="0,1" sc="297,10,169,10,396,-30,128,10" hai0="15,16,21,28,29,56,63,64,83,84,93,96,100" hai1="11,13,17,18,19,44,50,52,88,89,94,97,99" hai3="12,14,77,79,101,102,103" /><INIT seed="4,1,1,3,5,116" ten="307,179,366,138" oya="0" hai0="1,37,23,5,15,103,118,102,48,53,82,130,52" hai1="55,50,14,119,38,100,41,49,72,30,6,12,78" hai2="13,69,11,54,106,91,61,18,65,112,51,110,92" hai3="115,99,132,85,73,101,93,31,75,19,83,122,22"/><T120/><D120/><U123/><E119/><V104/><F112/><W124/><G31/><T17/><D118/><U35/><E38/><V33/><F33/><W84/><G115/><T96/><D130/><U25/><E100/><V3/><F3/><W125/><G19/><T74/><D37/><U10/><E41/><V7/><F7/><W62/><G22/><T32/><D32/><U29/><E29/><V107/><F110/><W88/><G62/><T134/><D134/><U87/><E72/><N who="3" m="27722" /><G132/><T80/><D102/><U8/><E123/><V76/><F76/><N who="3" m="46183" /><G122/><T66/><D74/><U60/><E87/><V43/><F43/><W68/><G68/><T135/><D135/><U94/><E94/><AGARI ba="1,1" hai="85,88,93,94,99,101,124,125" m="46183,27722" machi="94" ten="30,3900,0" yaku="34,2,54,1" doraHai="116" who="3" fromWho="1" sc="307,0,179,-42,366,0,138,52" /><INIT seed="5,0,0,1,4,121" ten="307,137,366,190" oya="1" hai0="119,129,124,32,61,54,86,4,27,50,111,134,23" hai1="123,34,33,38,0,74,97,135,25,12,128,107,95" hai2="110,19,72,29,30,126,71,90,91,40,85,89,6" hai3="28,24,77,65,75,31,100,8,92,46,109,14,17"/><U63/><E123/><V103/><F72/><W114/><G109/><T131/><D111/><U45/><E0/><V79/><F110/><W16/><G114/><T58/><D32/><U127/><E74/><V43/><F71/><W101/><G65/><T51/><D134/><U83/><E135/><V37/><F37/><W117/><G117/><T82/><D124/><U116/><E116/><V57/><F6/><W66/><G66/><T60/><D4/><U56/><E107/><V115/><F126/><W122/><G122/><T36/><D36/><U78/><E128/><N who="0" m="49225" /><D51/><U69/><E69/><V120/><F120/><W11/><G75/><T3/><D3/><U87/><E127/><V49/><F103/><W67/><G77/><N who="0" m="46415" /><D119/><U59/><E12/><V104/><F104/><W35/><G67/><T22/><D22/><U130/><E130/><V106/><F106/><W64/><G64/><T21/><D21/><U105/><E105/><V15/><F79/><W20/><G46/><T68/><D68/><U76/><E76/><V108/><F85/><W41/><G35/><T93/><D93/><U42/><E63/><V47/><F108/><W44/><G92/><T9/><D9/><U48/><E38/><V80/><F80/><W113/><G11/><T96/><D96/><U13/><E13/><V81/><F81/><W10/><G10/><T62/><D60/><U70/><E70/><V98/><F98/><W133/><G133/><T1/><D1/><U132/><E132/><V55/><F115/><W5/><G113/><T7/><D7/><U125/><E125/><V2/><F2/><RYUUKYOKU ba="0,0" sc="307,30,137,-10,366,-10,190,-10" hai0="23,27,50,54,58,61,62" /><INIT seed="6,1,0,5,1,73" ten="337,127,356,180" oya="2" hai0="17,40,127,131,99,25,28,5,57,107,12,78,67" hai1="111,126,19,88,105,94,80,89,20,37,125,32,129" hai2="117,134,23,110,101,60,4,104,52,27,54,6,58" hai3="26,96,38,128,13,120,63,18,51,3,84,55,93"/><V114/><F117/><W10/><G128/><T85/><D131/><U46/><E32/><V33/><F33/><W103/><G38/><T9/><D127/><U62/><E105/><V53/><F114/><W123/><G63/><T82/><D40/><U130/><E62/><V61/><F134/><W72/><G72/><T45/><D45/><U75/><E46/><V95/><F104/><W42/><G42/><T122/><D122/><U86/><E37/><V74/><F74/><W65/><G65/><T34/><D57/><U119/><E119/><V91/><F101/><W124/><G124/><N who="1" m="47722" /><E19/><N who="2" m="12799" /><F110/><W77/><G26/><T11/><D67/><U21/><E21/><V39/><F39/><W112/><G3/><T14/><D107/><U43/><E20/><V31/><F31/><W47/><REACH who="3" step="1"/><G112/><REACH who="3" ten="337,127,356,170" step="2"/><T116/><D116/><U30/><E43/><V1/><F1/><W7/><G7/><N who="2" m="2601" /><F61/><W106/><G106/><T83/><D5/><U0/><E0/><V115/><F115/><W41/><G41/><T49/><D17/><U35/><E30/><V71/><F71/><W66/><G66/><T81/><D28/><U2/><E2/><V102/><F54/><W98/><G98/><T92/><D25/><U15/><E15/><N who="0" m="5673" /><D34/><U121/><E75/><V113/><F53/><W16/><G16/><T132/><D132/><U70/><E70/><V48/><F113/><W24/><G24/><T118/><D118/><U69/><E69/><V50/><F60/><W59/><G59/><T64/><D64/><U100/><E35/><V29/><F29/><W44/><G44/><T135/><D135/><RYUUKYOKU ba="1,1" sc="337,-10,127,-10,356,-10,170,30" hai3="10,13,18,47,51,55,77,84,93,96,103,120,123" /><INIT seed="7,2,1,5,3,91" ten="327,117,346,200" oya="3" hai0="46,51,93,95,74,21,68,13,18,36,42,7,123" hai1="96,113,54,2,49,73,85,121,53,79,4,122,14" hai2="124,34,19,48,32,116,111,65,20,84,94,109,30" hai3="28,56,40,110,47,0,105,55,99,33,125,127,57"/><W12/><G0/><T45/><D123/><U98/><E113/><V44/><F116/><W117/><G117/><T78/><D68/><U135/><E135/><V39/><F39/><W90/><G33/><T129/><D129/><U24/><E73/><V66/><F34/><W87/><G28/><T25/><D74/><U76/><E2/><V70/><F70/><W89/><G110/><T37/><D78/><U77/><E85/><V115/><F115/><W58/><G12/><T29/><D7/><U83/><E83/><V134/><F134/><W102/><G55/><T114/><D114/><U63/><E24/><V126/><F94/><W75/><G75/><T26/><D26/><U86/><E86/><V15/><F84/><W100/><G100/><T92/><REACH who="0" step="1"/><D46/><REACH who="0" ten="317,117,346,200" step="2"/><U72/><E72/><V38/><F38/><W128/><G128/><T82/><D82/><U22/><E122/><V119/><F119/><W1/><G47/><T131/><D131/><U62/><E121/><V61/><F111/><W101/><G58/><T23/><AGARI ba="2,2" hai="13,18,21,23,25,29,36,37,42,45,51,92,93,95" machi="23" ten="30,8000,1" yaku="1,1,0,1,52,3,53,0" doraHai="91" doraHaiUra="106" who="0" fromWho="0" sc="317,106,117,-22,346,-22,200,-42" owari="423,52.0,95,-40.0,324,12.0,158,-24.0" /></mjloggm>