<mjloggm ver="2.3"><GO type="169" lobby="0"/><UN n0="%6A%69%7A%6F%75%2D" n1="%E3%83%94%E3%82%AB%E5%90%BE%E9%83%8E" n2="%E3%82%A6%E3%83%AB%E3%83%88%E3%83%A9%E7%AB%8B%E7%9B%B4" n3="%E9%87%8E%E3%80%85%E5%AE%AE%E8%97%8D" dan="16,16,18,16" rate="2072.78,2112.12,2228.35,2069.53" sx="M,M,M,F"/><TAIKYOKU oya="0"/><INIT seed="0,0,0,5,2,27" ten="250,250,250,250" oya="0" hai0="10,25,49,112,39,64,94,121,23,2,80,118,106" hai1="103,70,125,77,124,30,28,3,82,105,17,52,132" hai2="99,92,48,95,15,7,50,6,120,67,29,43,57" hai3="12,117,97,54,86,110,79,91,134,11,36,129,59"/><T20/><D106/><U46/><E70/><V9/><F120/><W122/><G36/><T127/><D112/><U84/><E3/><V19/><F95/><W73/><G73/><T51/><D118/><U111/><E111/><V68/><F68/><W66/><G117/><T102/><D39/><U47/><E47/><V81/><F81/><W35/><G110/><T16/><D121/><U130/><E130/><V108/><F108/><W1/><G1/><T65/><D127/><N who="1" m="48715" /><E132/><V21/><F43/><W8/><G66/><N who="0" m="25707" /><D2/><U87/><E84/><V22/><F22/><N who="0" m="8234" /><D80/><U72/><E17/><V135/><F135/><W32/><G134/><T60/><D60/><U78/><E78/><V133/><F133/><W123/><G129/><T38/><D38/><U119/><E72/><V42/><F50/><N who="0" m="18954" /><D25/><U83/><E83/><V114/><F114/><W98/><G122/><T34/><D34/><U74/><E74/><V88/><F67/><W53/><G32/><T14/><D102/><U37/><E119/><V100/><F100/><W131/><G35/><T85/><D85/><U4/><E103/><V33/><F33/><W61/><G131/><T58/><D94/><U126/><E105/><V101/><F101/><W55/><G123/><T56/><AGARI ba="0,0" hai="10,14,16,56,58" m="18954,8234,25707" machi="56" ten="30,3000,0" yaku="8,1,54,1" doraHai="27" who="0" fromWho="0" sc="250,30,250,-10,250,-10,250,-10" /><INIT seed="0,1,0,3,1,134" ten="280,240,240,240" oya="0" hai0="124,53,80,15,73,133,79,87,11,101,37,118,29" hai1="84,32,48,112,69,52,55,130,129,113,30,51,54" hai2="19,40,34,36,28,81,21,105,67,111,85,123,9" hai3="90,4,91,107,1,96,2,110,66,5,86,82,128"/><T43/><D118/><U31/><E84/><V63/><F111/><W71/><G110/><T74/><D133/><U126/><E32/><V108/><F108/><W64/><G128/><N who="1" m="49258" /><E69/><V26/><F105/><W120/><G120/><T22/><D101/><U119/><E119/><V117/><F117/><W114/><G114/><N who="1" m="44138" /><E126/><V44/><F123/><W8/><G71/><T17/><D124/><U106/><E106/><V104/><F104/><W132/><G132/><T10/><D74/><U46/><E46/><V16/><F9/><W98/><G107/><T116/><D11/><U39/><E39/><V68/><REACH who="2" step="1"/><F34/><REACH who="2" ten="280,240,230,240" step="2"/><W62/><G8/><T131/><D10/><U99/><E99/><V88/><AGARI ba="1,1" hai="16,19,21,26,28,36,40,44,63,67,68,81,85,88" machi="88" ten="20,12000,2" yaku="1,1,2,1,0,1,7,1,54,2,53,0" doraHai="134" doraHaiUra="49" who="2" fromWho="2" sc="280,-61,240,-31,230,133,240,-31" /><INIT seed="1,0,0,0,4,126" ten="219,209,363,209" oya="1" hai0="83,78,99,51,105,114,35,133,106,28,94,14,9" hai1="74,64,125,111,54,72,52,56,11,77,5,121,135" hai2="48,37,0,95,45,91,18,6,113,88,41,101,116" hai3="50,71,30,57,76,62,80,128,26,31,81,92,17"/><U24/><E121/><V82/><F116/><W65/><G128/><T29/><D114/><U119/><E119/><V100/><F113/><W134/><G134/><T25/><D29/><U61/><E24/><V93/><F37/><W67/><G81/><T7/><D51/><U66/><E125/><V96/><F82/><W68/><G50/><T131/><D131/><U69/><E135/><V122/><F122/><W21/><G92/><T36/><D36/><U34/><E34/><V124/><F124/><W70/><REACH who="3" step="1"/><G67/><REACH who="3" ten="219,209,363,199" step="2"/><T10/><D133/><U33/><E66/><V63/><F95/><W89/><G89/><T73/><REACH who="0" step="1"/><D9/><REACH who="0" ten="209,209,363,199" step="2"/><U55/><E11/><V1/><F48/><W108/><G108/><T39/><D39/><U117/><E111/><V3/><F63/><W86/><AGARI ba="0,2" hai="17,21,26,30,31,57,62,65,68,70,71,76,80,86" machi="86" ten="30,2000,0" yaku="1,1,0,1,53,0" doraHai="126" doraHaiUra="90" who="3" fromWho="3" sc="209,-5,209,-10,363,-5,199,40" /><INIT seed="2,0,0,5,0,57" ten="204,199,358,239" oya="2" hai0="99,30,102,118,22,35,123,81,135,50,61,14,49" hai1="82,66,119,16,45,12,10,134,76,92,113,86,112" hai2="8,111,121,79,17,77,93,69,63,84,31,29,71" hai3="55,97,33,130,114,53,129,34,120,42,32,109,38"/><V73/><F73/><W60/><G120/><T105/><D123/><U65/><E119/><V125/><F121/><W19/><G109/><T21/><D135/><U5/><E134/><V24/><F111/><W101/><G114/><T88/><D118/><U40/><E66/><V4/><F125/><W18/><G42/><T122/><D122/><U36/><E65/><V110/><F110/><W62/><G38/><T74/><D35/><U51/><E36/><V116/><F116/><W96/><G34/><T91/><D22/><U64/><E64/><V58/><F71/><W124/><REACH who="3" step="1"/><G101/><REACH who="3" ten="204,199,358,229" step="2"/><T47/><D102/><U67/><E67/><V126/><F69/><W27/><G27/><T28/><D74/><U11/><REACH who="1" step="1"/><E92/><REACH who="1" ten="204,189,358,229" step="2"/><V133/><F93/><W2/><G2/><AGARI ba="0,2" hai="2,5,10,11,12,16,40,45,51,76,82,86,112,113" machi="2" ten="30,7700,0" yaku="1,1,2,1,7,1,54,1,53,0" doraHai="57" doraHaiUra="94" who="1" fromWho="3" sc="204,0,189,97,358,0,229,-77" /><INIT seed="3,0,0,4,3,15" ten="204,286,358,152" oya="3" hai0="135,8,33,44,74,36,40,107,2,27,37,76,86" hai1="68,59,84,43,93,11,5,100,89,73,131,29,133" hai2="130,90,75,97,65,23,46,38,132,110,102,129,95" hai3="83,91,19,81,49,77,96,42,57,87,104,14,105"/><W116/><G116/><T56/><D135/><U45/><E68/><V47/><F75/><W69/><G69/><T79/><D107/><U92/><E73/><V123/><F132/><W7/><G7/><N who="0" m="1143" /><D37/><U21/><E133/><V80/><F65/><W85/><G96/><T78/><D86/><U120/><E120/><V54/><F47/><W101/><G101/><T16/><D56/><U61/><E131/><V108/><F23/><W22/><REACH who="3" step="1"/><G57/><REACH who="3" ten="204,286,358,142" step="2"/><T112/><D112/><U3/><E100/><V72/><F102/><W55/><G55/><T99/><D99/><U62/><E59/><V35/><F54/><W119/><G119/><T1/><D1/><U109/><E3/><V18/><F97/><W52/><G52/><T82/><D33/><U0/><E0/><V4/><F35/><W124/><G124/><T70/><D70/><U118/><E118/><V98/><F98/><W67/><G67/><T48/><D48/><U106/><E5/><V9/><F4/><W126/><G126/><T88/><D36/><U24/><E106/><V71/><F71/><W30/><G30/><T26/><D40/><U50/><E62/><V134/><F38/><W32/><G32/><T114/><D114/><U34/><E61/><V113/><F113/><W103/><G103/><T17/><D74/><U39/><E39/><V31/><F72/><W6/><G6/><T125/><D125/><U41/><E34/><V58/><F58/><W28/><G28/><T13/><D17/><U60/><E43/><V122/><F31/><W51/><G51/><T12/><D16/><U94/><E29/><RYUUKYOKU ba="0,1" sc="204,-10,286,-10,358,-10,142,30" hai3="14,19,22,42,49,77,81,83,85,87,91,104,105" /><INIT seed="3,1,1,2,3,58" ten="194,276,348,172" oya="3" hai0="129,2,124,81,120,133,1,112,62,48,91,90,23" hai1="111,51,106,46,125,16,119,113,92,21,53,98,25" hai2="83,80,110,9,130,36,40,6,11,64,70,10,131" hai3="32,17,86,38,43,55,29,33,72,126,7,127,114"/><W87/><G114/><T27/><D120/><U35/><E113/><V0/><F110/><W108/><G72/><T118/><D118/><U84/><E111/><V88/><F40/><W30/><G7/><T135/><D112/><U107/><E125/><N who="3" m="47626" /><G108/><T123/><D123/><U45/><E119/><V101/><F36/><W67/><G55/><T20/><D124/><U61/><E35/><N who="3" m="13386" /><G67/><T31/><D129/><U28/><E46/><V77/><F6/><W122/><G17/><T93/><D48/><U68/><E28/><N who="3" m="10858" /><G122/><T65/><D2/><U8/><E8/><V18/><F11/><W12/><G12/><T109/><D1/><U85/><E106/><V42/><F10/><W115/><G115/><T59/><D109/><U52/><E107/><V79/><F18/><W76/><G76/><T39/><D39/><U57/><REACH who="1" step="1"/><E68/><REACH who="1" ten="194,266,348,172" step="2"/><V3/><F9/><W99/><G99/><T4/><D31/><U100/><AGARI ba="1,2" hai="16,21,25,45,51,52,53,57,61,84,85,92,98,100" machi="100" ten="20,16000,3" yaku="1,1,2,1,0,1,7,1,8,1,52,1,54,2,53,0" doraHai="58" doraHaiUra="116" who="1" fromWho="1" sc="194,-41,266,183,348,-41,172,-81" /><INIT seed="4,0,0,4,1,53" ten="153,449,307,91" oya="0" hai0="1,70,124,89,97,29,57,76,30,73,6,122,18" hai1="79,9,104,105,87,135,17,82,7,0,11,133,3" hai2="13,64,31,2,44,48,42,129,115,83,4,118,43" hai3="16,99,26,25,77,33,35,24,72,36,111,134,110"/><T84/><D70/><U65/><E65/><V112/><F2/><W51/><G36/><T74/><D122/><U45/><E45/><V56/><F118/><W102/><G72/><T93/><D124/><U28/><E28/><V75/><F31/><W12/><G77/><T91/><D73/><U85/><E85/><V61/><F129/><W121/><G51/><T21/><D76/><U38/><E38/><V128/><F128/><W15/><G121/><T55/><D74/><U39/><E39/><V27/><F27/><W80/><G80/><N who="0" m="49287" /><D6/><N who="1" m="1223" /><E17/><V34/><F34/><N who="3" m="12811" /><G102/><T98/><D98/><U107/><E87/><V19/><F4/><W62/><G62/><N who="0" m="36159" /><D1/><U103/><E79/><V127/><F127/><W100/><G99/><T126/><D126/><U88/><E103/><V14/><F75/><W78/><G78/><T130/><D130/><U119/><E82/><V120/><F83/><W20/><G100/><T132/><D132/><N who="1" m="50763" /><E119/><V23/><F120/><W32/><N who="3" m="12819" /><W108/><DORA hai="125" /><G134/><T101/><D101/><U66/><E107/><V81/><F81/><W69/><G69/><T47/><D47/><U49/><E105/><V92/><F92/><W60/><G60/><T63/><D63/><U71/><E104/><V59/><F61/><W95/><G95/><T52/><D52/><U58/><E71/><V116/><F44/><W40/><G40/><T131/><D131/><U114/><E66/><V67/><F43/><W123/><G123/><T22/><D22/><U113/><E88/><V86/><F23/><W109/><G109/><T117/><D117/><U5/><E7/><RYUUKYOKU ba="0,0" sc="153,10,449,10,307,-30,91,10" hai0="18,21,29,30,91,93,97" hai1="3,5,11,49,58,113,114" hai3="12,15,16,20,24,25,26,108,110,111" /><INIT seed="4,1,0,5,2,110" ten="163,459,277,101" oya="0" hai0="81,22,75,69,95,24,47,5,125,1,97,117,0" hai1="60,122,9,44,36,50,62,130,33,59,78,74,58" hai2="83,7,34,106,31,55,53,16,73,133,45,28,105" hai3="68,70,77,14,6,57,124,113,118,3,48,42,114"/><T67/><D117/><U61/><E33/><V94/><F7/><W20/><G118/><T35/><D125/><U46/><E74/><V12/><F94/><W72/><G124/><T66/><D35/><U64/><E78/><V120/><F120/><W129/><G3/><T79/><D69/><U52/><E9/><V88/><F73/><W80/><G129/><T85/><D75/><U15/><E15/><V135/><F53/><N who="3" m="31911" /><G42/><T132/><D132/><U27/><E27/><V131/><F131/><W10/><G20/><T43/><D5/><U116/><E130/><V41/><F55/><W49/><G49/><N who="0" m="26879" /><D1/><U71/><E116/><V2/><F2/><W96/><G96/><T128/><D0/><U63/><E122/><V32/><F32/><W23/><G23/><T40/><D40/><AGARI ba="1,0" hai="36,40,44,46,50,52,58,59,60,61,62,63,64,71" machi="40" ten="40,12000,2" yaku="35,6,54,1" doraHai="110" who="1" fromWho="0" sc="163,-123,459,123,277,0,101,0" /><INIT seed="5,0,0,4,0,121" ten="40,582,277,101" oya="1" hai0="117,75,77,55,83,17,29,81,14,31,96,10,87" hai1="22,35,41,30,47,91,69,93,103,84,67,109,58" hai2="18,70,116,133,102,24,32,2,107,112,19,63,129" hai3="88,49,26,60,105,130,42,99,52,126,72,50,118"/><U128/><E35/><V65/><F19/><W110/><G72/><T100/><D117/><U97/><E69/><V135/><F18/><W45/><G110/><T62/><D62/><U43/><E128/><V13/><F13/><W119/><G130/><T40/><D40/><U7/><E7/><V80/><F80/><W27/><G60/><T36/><D36/><U120/><E120/><V114/><F2/><W108/><G108/><T16/><D17/><U57/><E109/><V111/><F111/><W51/><G126/><T6/><D6/><U59/><E67/><V85/><F85/><W46/><G50/><T68/><D55/><U131/><E47/><V25/><F25/><W23/><G105/><T71/><D71/><U8/><E8/><V4/><F4/><W94/><REACH who="3" step="1"/><G27/><REACH who="3" ten="40,582,277,91" step="2"/><T106/><REACH who="0" step="1"/><D68/><REACH who="0" ten="30,582,277,91" step="2"/><U21/><E131/><V123/><F129/><W1/><G1/><T115/><D115/><U113/><E113/><N who="2" m="43627" /><F123/><W38/><G38/><T95/><D95/><U101/><E93/><V33/><F116/><W79/><G79/><AGARI ba="0,2" hai="10,14,16,29,31,75,77,79,81,83,87,96,100,106" machi="79" ten="30,7700,0" yaku="1,1,7,1,54,1,53,1" doraHai="121" doraHaiUra="11" who="0" fromWho="3" sc="30,97,582,0,277,0,91,-77" /><INIT seed="6,0,0,3,1,52" ten="127,582,277,14" oya="2" hai0="15,106,69,66,24,61,126,0,29,50,59,64,94" hai1="78,11,48,116,107,77,74,102,119,114,75,76,32" hai2="28,113,30,62,96,88,43,60,19,51,42,1,33" hai3="129,73,101,31,70,86,115,104,56,34,89,5,53"/><V117/><F1/><W13/><G73/><T47/><D0/><U83/><E32/><V84/><F117/><W82/><G70/><T8/><D106/><U9/><E102/><V110/><F113/><W122/><G122/><T97/><D126/><U20/><E107/><V4/><F4/><W46/><G129/><T23/><D66/><U111/><E114/><V81/><F33/><W58/><G115/><T63/><D69/><U112/><E112/><V128/><F128/><W57/><G104/><T135/><D135/><U103/><E103/><V90/><F19/><W36/><G34/><T12/><D63/><U37/><E37/><V92/><F110/><W121/><G101/><T17/><D15/><U26/><E111/><V100/><F90/><W80/><G31/><N who="2" m="11817" /><F43/><W87/><G121/><T55/><D97/><U98/><E98/><V35/><F35/><W65/><G65/><T123/><D123/><U22/><E75/><V39/><F39/><W10/><G36/><T16/><REACH who="0" step="1"/><D94/><REACH who="0" ten="117,582,277,14" step="2"/><U45/><E116/><V44/><AGARI ba="0,1" hai="42,44,51,60,62,81,84,88,92,96,100" m="11817" machi="44" ten="30,3000,0" yaku="8,1,54,1" doraHai="52" who="2" fromWho="2" sc="117,-10,582,-10,277,40,14,-10" /><INIT seed="6,1,0,0,2,11" ten="107,572,317,4" oya="2" hai0="111,128,67,91,122,66,101,34,16,35,61,97,12" hai1="134,72,109,36,110,102,15,26,98,59,93,25,73" hai2="4,62,69,43,40,1,10,24,22,38,79,58,117" hai3="96,113,84,21,119,87,92,121,55,8,42,57,115"/><V124/><F117/><W14/><G119/><T27/><D111/><U29/><E36/><V78/><F69/><W106/><G42/><T44/><D122/><U45/><E26/><V85/><F124/><W77/><G121/><T18/><D128/><U123/><E73/><V13/><F1/><W100/><G21/><T75/><D75/><U48/><E72/><V94/><F38/><W125/><G125/><T9/><D91/><U46/><E59/><V95/><F43/><W39/><G39/><T63/><D44/><U60/><E46/><V0/><F40/><W19/><G77/><T30/><D35/><U120/><E60/><V70/><F0/><W65/><G65/><T131/><D131/><U31/><E120/><V74/><F70/><W108/><G108/><T17/><D63/><U23/><E123/><V5/><F5/><W54/><G106/><N who="0" m="63791" /><D67/><U52/><E31/><V76/><F74/><W127/><G127/><T68/><AGARI ba="1,0" hai="9,12,16,17,18,27,30,34,61,66,68" m="63791" machi="68" ten="30,4000,0" yaku="25,1,52,1,54,1" doraHai="11" who="0" fromWho="0" sc="107,43,572,-11,317,-21,4,-11" owari="150,-25.0,561,66.0,296,10.0,-7,-51.0" /></mjloggm>