<mjloggm ver="2.3"><GO type="169" lobby="0"/><UN n0="%E5%B0%B1%E6%B4%BB%E7%94%9F%40%E5%B7%9D%E6%9D%91%E8%BB%8D%E5%9B%A3" n1="%6B%75%72%61%67%75%6D%61" n2="%E3%82%AD%E3%83%9F%E3%82%BF%E3%83%9E%E3%82%B4" n3="%6A%75%6E%6F%6E" dan="17,16,16,16" rate="2181.61,2119.23,2125.52,2059.96" sx="M,M,M,M"/><TAIKYOKU oya="0"/><INIT seed="0,0,0,3,4,39" ten="250,250,250,250" oya="0" hai0="20,89,101,37,131,19,35,27,88,123,22,98,111" hai1="93,108,76,121,46,4,30,59,83,66,50,132,8" hai2="56,87,6,33,82,63,26,133,97,67,36,70,102" hai3="134,12,10,126,64,7,103,9,120,73,74,54,109"/><T129/><D123/><U99/><E108/><V80/><F133/><W29/><G109/><T31/><D111/><U90/><E121/><V85/><F36/><W57/><G134/><T69/><D69/><U21/><E132/><V11/><F82/><W1/><G120/><T127/><D127/><U15/><E66/><V43/><F43/><W95/><G64/><T42/><D35/><U117/><E59/><V96/><F96/><W106/><G106/><T84/><D42/><U71/><E71/><V60/><F60/><W14/><G29/><T116/><D37/><U94/><E94/><V0/><F56/><W124/><G74/><T5/><D5/><U3/><E117/><V130/><F80/><W18/><G73/><T52/><D116/><U115/><E115/><V68/><F68/><W104/><G104/><T48/><D98/><U58/><E58/><V113/><F130/><N who="0" m="49674" /><D101/><U125/><E125/><N who="3" m="48234" /><G103/><T114/><D114/><U17/><E30/><N who="2" m="19671" /><F113/><W79/><G95/><N who="0" m="54663" /><D89/><U72/><E3/><V119/><F119/><W91/><G91/><T44/><D20/><U62/><E21/><V25/><F25/><W105/><G105/><AGARI ba="0,0" hai="0,6,11,63,67,70,85,87,97,102,105" m="19671" machi="105" ten="30,1000,0" yaku="25,1" doraHai="39" who="2" fromWho="3" sc="250,0,250,0,250,10,250,-10" /><INIT seed="1,0,0,0,0,133" ten="250,250,260,240" oya="1" hai0="2,108,124,104,18,52,83,59,92,37,101,86,16" hai1="23,94,116,107,70,117,84,64,88,71,24,0,7" hai2="25,96,68,78,54,55,131,6,5,31,87,61,93" hai3="1,33,40,45,85,22,49,100,53,56,62,4,102"/><U109/><E109/><V130/><F68/><W105/><G33/><T8/><D37/><U36/><E36/><V35/><F87/><W81/><G105/><T98/><D104/><U15/><E0/><V119/><F78/><W89/><G1/><T113/><D113/><U42/><E42/><V26/><F26/><W73/><G4/><N who="2" m="1641" /><F61/><W12/><REACH who="3" step="1"/><G73/><REACH who="3" ten="250,250,260,230" step="2"/><T123/><D2/><U118/><E107/><V125/><F119/><W90/><G90/><T135/><D135/><U126/><E116/><V122/><F122/><W74/><G74/><T19/><D123/><U103/><E118/><V72/><F72/><W39/><G39/><T95/><D108/><U127/><E117/><V9/><F35/><W111/><G111/><T110/><D110/><U128/><E128/><V41/><F131/><W11/><G11/><T43/><D8/><N who="1" m="4511" /><E103/><V30/><F9/><W10/><G10/><T97/><D43/><U38/><E38/><V132/><F41/><W20/><G20/><T21/><D21/><U99/><E99/><V14/><F96/><W3/><G3/><T75/><D75/><U106/><E106/><V112/><F130/><W57/><G57/><T58/><D58/><U34/><E34/><V66/><F132/><W77/><G77/><N who="0" m="46447" /><D98/><U115/><E115/><V28/><F112/><W114/><G114/><T76/><D76/><U47/><E47/><V69/><F69/><W44/><G44/><T29/><D97/><U67/><E71/><V134/><F134/><W51/><G51/><T50/><D101/><U79/><E70/><V129/><F129/><W27/><G27/><RYUUKYOKU ba="0,1" sc="250,-10,250,-10,260,-10,230,30" hai3="12,22,40,45,49,53,56,62,81,85,89,100,102" /><INIT seed="2,1,1,0,5,115" ten="240,240,250,260" oya="2" hai0="48,57,32,75,52,42,64,61,50,81,33,116,85" hai1="72,92,47,55,83,97,60,133,117,34,135,66,17" hai2="80,49,35,12,132,118,112,96,25,31,127,130,27" hai3="14,19,86,113,129,70,103,99,29,88,131,5,82"/><V38/><F38/><W54/><G113/><T89/><D75/><U58/><E34/><N who="2" m="20847" /><F49/><W45/><G70/><T68/><REACH who="0" step="1"/><D116/><REACH who="0" ten="230,240,250,260" step="2"/><U37/><E117/><V30/><F118/><W40/><G129/><T98/><D98/><U134/><E72/><V21/><F96/><W125/><G131/><T65/><D65/><U122/><E66/><V2/><F130/><W15/><G99/><T102/><D102/><U51/><E122/><V111/><F112/><W95/><G103/><T126/><D126/><U119/><E119/><V105/><F127/><W4/><G125/><T91/><D91/><U53/><E37/><V43/><F132/><W114/><G114/><T46/><AGARI ba="1,2" hai="32,33,42,46,48,50,52,57,61,64,68,81,85,89" machi="46" ten="30,4000,0" yaku="1,1,0,1,54,1,53,0" doraHai="115" doraHaiUra="18" who="0" fromWho="0" sc="230,63,240,-11,250,-21,260,-11" /><INIT seed="3,0,0,1,5,33" ten="293,229,229,249" oya="3" hai0="45,113,30,72,91,124,7,101,100,78,82,71,83" hai1="134,81,55,93,5,121,102,76,116,39,65,62,49" hai2="36,123,25,119,104,19,108,23,74,117,59,85,107" hai3="50,20,127,12,110,24,0,14,97,98,29,84,1"/><W27/><G127/><T18/><D71/><U35/><E121/><V68/><F74/><W130/><G84/><N who="0" m="50583" /><D30/><U52/><E39/><V17/><F68/><W16/><G50/><T9/><D18/><U67/><E35/><V77/><F36/><W132/><G132/><T64/><D64/><U13/><E116/><V106/><F108/><W60/><G110/><T28/><D28/><U122/><E122/><V21/><F123/><W79/><G79/><T103/><D45/><U69/><E134/><V2/><F2/><N who="3" m="1131" /><G98/><T115/><D124/><U105/><E105/><V129/><F59/><W47/><G97/><T135/><D135/><U86/><E67/><V94/><F77/><W4/><G60/><T38/><D38/><U11/><REACH who="1" step="1"/><E49/><REACH who="1" ten="293,219,229,249" step="2"/><V56/><F106/><W61/><G130/><T89/><D7/><U48/><E48/><V99/><F129/><W31/><G61/><T70/><D70/><U126/><E126/><V34/><F104/><W8/><G47/><T43/><D43/><U26/><E26/><AGARI ba="0,1" hai="4,8,12,14,16,20,24,26,27,29,31" m="1131" machi="26" ten="30,24000,3" yaku="35,5,52,3,54,1" doraHai="33" who="3" fromWho="1" sc="293,0,219,-240,229,0,249,250" owari="293,9.0,-21,-52.0,229,-17.0,499,60.0" /></mjloggm>