<mjloggm ver="2.3"><GO type="169" lobby="0"/><UN n0="%E6%9D%9F%E5%AD%90" n1="%E3%83%A8%E3%82%B3%E3%83%A8%E3%82%B3" n2="%E3%82%A6%E3%83%AB%E3%83%88%E3%83%A9%E7%AB%8B%E7%9B%B4" n3="%E6%B0%B4%E5%B8%8C%E2%99%AA" dan="17,16,16,17" rate="2182.52,2113.20,2094.55,2168.20" sx="M,M,M,M"/><TAIKYOKU oya="0"/><INIT seed="0,0,0,3,0,103" ten="250,250,250,250" oya="0" hai0="85,1,13,49,62,34,95,60,68,35,7,25,69" hai1="17,67,126,100,39,86,52,36,77,32,14,55,121" hai2="54,78,57,125,83,101,131,2,28,26,8,9,116" hai3="128,44,106,124,11,31,33,89,110,114,70,112,21"/><T99/><D1/><U81/><E121/><V53/><F116/><W37/><G21/><T75/><D75/><U93/><E32/><V61/><F131/><W120/><G89/><T56/><D49/><U15/><E126/><V63/><F125/><W38/><G124/><T43/><D43/><U134/><E134/><V133/><F133/><W127/><G127/><T108/><D85/><U66/><E36/><V88/><F101/><W10/><G10/><T104/><D95/><U50/><E39/><V82/><F2/><W27/><G128/><T16/><D7/><U65/><E50/><V102/><F102/><W29/><G120/><T46/><D46/><U80/><E81/><V19/><F19/><W96/><G37/><T0/><D0/><U22/><REACH who="1" step="1"/><E14/><REACH who="1" ten="250,240,250,250" step="2"/><V41/><F83/><W132/><G33/><T23/><D35/><U58/><E58/><V64/><F57/><W84/><G38/><T51/><D51/><U113/><E113/><V105/><F82/><W73/><G114/><T122/><D122/><U24/><E24/><V91/><F26/><W123/><G27/><T6/><D62/><U94/><E94/><V117/><F63/><W48/><G48/><T115/><D115/><U47/><E47/><V98/><F61/><W130/><G44/><T71/><D34/><U92/><E92/><V79/><F41/><W76/><G123/><T45/><D45/><U18/><E18/><V107/><F28/><N who="3" m="10827" /><G112/><T12/><D25/><U90/><E90/><V109/><F88/><W87/><G132/><T4/><D60/><U59/><E59/><V118/><F91/><RYUUKYOKU ba="0,1" sc="250,-10,240,30,250,-10,250,-10" hai1="15,17,22,52,55,65,66,67,77,80,86,93,100" /><INIT seed="1,1,1,4,0,47" ten="240,270,240,240" oya="1" hai0="112,101,46,42,104,65,39,121,15,107,32,62,61" hai1="22,97,60,45,2,79,1,7,106,57,87,19,11" hai2="20,134,108,102,81,110,85,115,125,6,128,116,80" hai3="43,103,27,12,40,41,28,55,50,86,30,70,0"/><U8/><E106/><V105/><F20/><W90/><G0/><T53/><D112/><U64/><E97/><N who="2" m="61647" /><F6/><W109/><G109/><N who="2" m="42089" /><F116/><W117/><G70/><T48/><D121/><U73/><E73/><V56/><F56/><W120/><G103/><T36/><D32/><U58/><E8/><V98/><F115/><W35/><G120/><T5/><D39/><U135/><E135/><V95/><F134/><W69/><G69/><T24/><D24/><U10/><E10/><V100/><F128/><W37/><G117/><T17/><D5/><U127/><E127/><V25/><F25/><W129/><G129/><T131/><D131/><U91/><E79/><N who="2" m="46239" /><F81/><W31/><G12/><T72/><D62/><U111/><E111/><V92/><F92/><W99/><G37/><T132/><D132/><U18/><E1/><V89/><F89/><W63/><G63/><T52/><D104/><U118/><E118/><V38/><F38/><W29/><G29/><T75/><D107/><U3/><E2/><V68/><F68/><W14/><G14/><T122/><D101/><U82/><E22/><V76/><F76/><W113/><G113/><T67/><D36/><U26/><E58/><V16/><F16/><N who="1" m="6185" /><E26/><V66/><F66/><N who="0" m="25098" /><D61/><U4/><E4/><V119/><F119/><W124/><G27/><T23/><D122/><U34/><E34/><V133/><F133/><W71/><G35/><T83/><D83/><U44/><E3/><V54/><F125/><W93/><G124/><T94/><D94/><U13/><AGARI ba="1,1" hai="7,11,13,44,45,57,60,64,82,87,91" m="6185" machi="13" ten="30,3000,0" yaku="8,1,54,1" doraHai="47" who="1" fromWho="1" sc="240,-11,270,43,240,-11,240,-11" /><INIT seed="1,2,0,0,5,108" ten="229,313,229,229" oya="1" hai0="63,100,48,25,55,78,73,128,14,12,82,94,96" hai1="80,110,30,18,40,6,112,31,129,111,21,17,9" hai2="125,15,37,74,27,22,44,24,53,11,45,101,33" hai3="116,123,72,75,106,117,77,85,58,41,66,39,16"/><U61/><E129/><V0/><F74/><W46/><G106/><T10/><D128/><U120/><E120/><V51/><F125/><W43/><G123/><T71/><D25/><U57/><E40/><V64/><F0/><W5/><G5/><T81/><D10/><U8/><E8/><V134/><F134/><W105/><G105/><T29/><D29/><U69/><E69/><V118/><F118/><N who="3" m="45675" /><G43/><T135/><D135/><U131/><E131/><V79/><F79/><W7/><G7/><T99/><D99/><U36/><E36/><V34/><F64/><W47/><G47/><T121/><D121/><U109/><E112/><V126/><F101/><W83/><G16/><N who="1" m="6250" /><E21/><V102/><F22/><W76/><G76/><T59/><REACH who="0" step="1"/><D82/><REACH who="0" ten="219,313,229,229" step="2"/><U2/><E80/><V32/><F11/><W115/><G115/><T4/><D4/><U86/><E86/><V114/><F114/><W122/><G122/><T35/><D35/><U130/><E130/><V95/><F34/><W49/><G39/><T50/><D50/><U68/><E68/><V13/><F33/><W127/><G127/><T28/><D28/><U38/><E38/><V92/><F32/><W67/><G85/><T88/><D88/><U93/><E93/><V87/><F87/><W19/><G75/><T103/><D103/><U133/><E133/><V119/><F102/><W84/><G72/><T42/><D42/><U98/><E98/><V107/><F37/><N who="3" m="21807" /><G19/><T20/><D20/><U90/><E90/><V1/><F126/><W89/><G89/><T113/><D113/><U54/><AGARI ba="2,1" hai="2,6,9,30,31,54,57,61,109,110,111" m="6250" machi="54" ten="40,7800,0" yaku="14,1,10,1,54,1" doraHai="108" who="1" fromWho="1" sc="219,-28,313,94,229,-28,229,-28" /><INIT seed="1,3,0,5,1,12" ten="191,407,201,201" oya="1" hai0="110,0,33,11,121,25,7,4,85,45,131,60,48" hai1="129,10,9,34,26,21,128,31,55,15,38,52,20" hai2="62,65,82,42,108,46,97,22,59,79,57,23,123" hai3="122,27,116,103,50,28,18,101,84,40,2,115,109"/><U77/><E38/><V44/><F108/><W24/><G122/><T124/><D110/><U117/><E77/><V81/><F123/><W75/><G109/><T70/><D124/><U113/><E117/><V96/><F62/><W63/><G2/><T126/><D126/><U83/><E113/><V73/><F73/><W64/><G75/><T76/><D131/><N who="1" m="50251" /><E83/><V43/><REACH who="2" step="1"/><F79/><REACH who="2" ten="191,407,191,201" step="2"/><W91/><G63/><T90/><D121/><U135/><E135/><V95/><F95/><W54/><G116/><T111/><D76/><U19/><E9/><V32/><F32/><W13/><G115/><T17/><D111/><U106/><E106/><V125/><F125/><W132/><G132/><T53/><D33/><U78/><E78/><V16/><F16/><W99/><G18/><T47/><D60/><U105/><E105/><V56/><F56/><W6/><G28/><T8/><D70/><U5/><E21/><V1/><F1/><AGARI ba="3,1" hai="1,5,10,15,19,20,26,31,34,52,55" m="50251" machi="1" ten="30,11600,0" yaku="24,1,19,1,52,1,54,1" doraHai="12" who="1" fromWho="2" sc="191,0,407,135,191,-125,201,0" /><INIT seed="1,4,0,3,5,70" ten="191,542,66,201" oya="1" hai0="36,51,94,35,61,11,2,119,67,86,83,128,109" hai1="50,46,25,4,122,52,10,78,115,17,102,69,87" hai2="24,38,57,135,60,58,110,37,90,111,84,30,127" hai3="126,85,131,47,116,114,29,101,96,97,75,21,8"/><U65/><E122/><V41/><F41/><W42/><G75/><T118/><D36/><N who="2" m="13930" /><F60/><W132/><G8/><T56/><D35/><U104/><E115/><V49/><F49/><W113/><G21/><T1/><D94/><U105/><E102/><V18/><F18/><W33/><G29/><T62/><D51/><U16/><E65/><V23/><F127/><W34/><G42/><T77/><D11/><U99/><E69/><V68/><F68/><W5/><G47/><T32/><D32/><U73/><E73/><V98/><F98/><W40/><G40/><T15/><D15/><U76/><E99/><V125/><F125/><W20/><G97/><T3/><D61/><U44/><E46/><V13/><F13/><W19/><G96/><T108/><REACH who="0" step="1"/><D128/><REACH who="0" ten="181,542,66,201" step="2"/><U22/><E10/><V48/><F48/><W79/><G131/><T129/><D129/><U26/><E50/><V107/><F107/><W14/><G14/><T121/><D121/><U53/><E105/><V93/><F135/><W91/><G132/><T103/><D103/><U82/><E104/><V92/><F92/><W106/><G101/><T71/><D71/><U72/><E25/><V95/><F95/><W64/><G106/><T100/><D100/><U39/><E26/><V130/><F130/><W55/><G126/><T59/><D59/><U54/><E39/><V133/><F133/><W0/><G114/><T81/><D81/><U88/><E82/><V117/><F117/><AGARI ba="4,1" hai="1,2,3,56,62,67,77,83,86,108,109,117,118,119" machi="117" ten="50,1600,0" yaku="1,1,53,0" doraHai="70" doraHaiUra="27" who="0" fromWho="2" sc="181,38,542,0,66,-28,201,0" /><INIT seed="2,0,0,1,5,134" ten="219,542,38,201" oya="2" hai0="19,66,29,38,131,108,52,85,8,62,94,133,23" hai1="35,86,12,112,55,63,54,77,98,0,119,129,83" hai2="114,58,93,11,72,18,24,118,69,120,130,128,67" hai3="59,78,107,125,48,123,68,102,20,3,33,96,28"/><V84/><F69/><W91/><G3/><T113/><D38/><U4/><E119/><V56/><F72/><W104/><G123/><T41/><D113/><U16/><E112/><V99/><F118/><W70/><G33/><T111/><D41/><U57/><E35/><V92/><F114/><W115/><G107/><T27/><D133/><U30/><E129/><N who="2" m="49771" /><F120/><W124/><G115/><T100/><D131/><U42/><E42/><V110/><F110/><N who="0" m="42026" /><D52/><N who="1" m="34215" /><E0/><V25/><F84/><W135/><G78/><T47/><D47/><U126/><E4/><V36/><F36/><W45/><G59/><N who="2" m="22569" /><F67/><W74/><G91/><N who="0" m="53615" /><D100/><U50/><E30/><V101/><F93/><W60/><G74/><T106/><D106/><U10/><E98/><V88/><F101/><W109/><G135/><T21/><D8/><U79/><E79/><V14/><AGARI ba="0,0" hai="11,14,18,24,25,88,92,99" m="22569,49771" machi="14" ten="30,3000,0" yaku="19,1,54,1" doraHai="134" who="2" fromWho="2" sc="219,-10,542,-10,38,30,201,-10" /><INIT seed="2,1,0,2,1,121" ten="209,532,68,191" oya="2" hai0="115,0,3,63,24,107,116,83,5,110,12,120,78" hai1="92,27,90,106,85,86,16,40,1,55,10,66,52" hai2="73,56,133,93,108,117,68,101,102,53,87,17,20" hai3="97,124,49,91,134,96,80,109,72,94,70,88,30"/><V19/><F117/><W84/><G70/><T60/><D120/><U43/><E106/><V62/><F73/><W25/><G134/><T104/><D115/><U126/><E126/><V114/><F114/><W127/><G72/><T131/><D116/><U118/><E118/><V135/><F68/><W125/><G49/><T35/><D12/><N who="1" m="7191" /><E1/><V123/><F123/><W81/><G109/><T67/><D110/><U95/><E66/><V23/><F108/><W50/><G50/><T38/><D63/><U42/><E27/><V54/><F87/><N who="3" m="50671" /><G30/><N who="0" m="19911" /><D38/><U99/><E85/><V128/><F93/><W21/><G21/><T64/><D64/><U130/><E130/><V44/><F44/><W2/><G2/><N who="0" m="555" /><D5/><U105/><E105/><V79/><F79/><N who="3" m="46111" /><G25/><T11/><D11/><U48/><E48/><V103/><F128/><W18/><G18/><N who="2" m="6665" /><F54/><W34/><G34/><T33/><D33/><U8/><E8/><V69/><F69/><W45/><G45/><T75/><D131/><U57/><E57/><V14/><F14/><W15/><G15/><T47/><D47/><U39/><E39/><V51/><F51/><W100/><G97/><T6/><D6/><U76/><E76/><V82/><F82/><W58/><G58/><N who="0" m="37271" /><D107/><U59/><E59/><V28/><F28/><W111/><G111/><T89/><D104/><U61/><E61/><V119/><F119/><W41/><G41/><T122/><D122/><U132/><E132/><AGARI ba="1,0" hai="20,23,53,56,62,101,102,103,132,133,135" m="6665" machi="132" ten="30,1500,0" yaku="20,1" doraHai="121" who="2" fromWho="1" sc="209,0,532,-18,68,18,191,0" /><INIT seed="2,2,0,5,2,7" ten="209,514,86,191" oya="2" hai0="14,80,100,117,25,84,123,34,16,63,71,44,104" hai1="54,86,101,79,83,97,81,112,108,68,131,12,127" hai2="43,133,82,121,52,105,9,21,92,94,122,56,61" hai3="22,85,73,49,69,74,47,113,58,77,66,114,124"/><V128/><F105/><W46/><G69/><T70/><D123/><U132/><E68/><V98/><F128/><W26/><G124/><T24/><D117/><U28/><E131/><V64/><F133/><W29/><G85/><T20/><D71/><U10/><E132/><V30/><F43/><W107/><G107/><T87/><D104/><U51/><E127/><V6/><F82/><W72/><G77/><T59/><D100/><U67/><E67/><V99/><F64/><W62/><REACH who="3" step="1"/><G49/><REACH who="3" ten="209,514,86,181" step="2"/><T5/><D87/><U115/><E51/><V110/><F110/><W4/><G4/><T15/><D70/><U57/><E86/><V36/><F36/><W41/><G41/><T27/><D34/><U130/><E79/><V3/><F99/><W8/><G8/><N who="0" m="4367" /><D44/><AGARI ba="2,1" hai="22,26,29,44,46,47,58,62,66,72,73,74,113,114" machi="44" ten="50,6400,0" yaku="1,1,53,2" doraHai="7" doraHaiUra="111" who="3" fromWho="0" sc="209,-70,514,0,86,0,181,80" /><INIT seed="3,0,0,0,5,27" ten="139,514,86,261" oya="3" hai0="5,20,82,78,85,98,106,127,43,80,128,120,116" hai1="29,109,30,67,76,108,111,63,114,24,93,74,31" hai2="22,15,6,110,53,102,133,44,51,119,72,1,122" hai3="36,113,92,39,18,81,73,112,17,9,54,91,96"/><W12/><G54/><T10/><D116/><U99/><E114/><V7/><F119/><W70/><G70/><T101/><D120/><U8/><E8/><V131/><F122/><W49/><G49/><T3/><D127/><U103/><E76/><V40/><F72/><W79/><REACH who="3" step="1"/><G18/><REACH who="3" ten="139,514,86,251" step="2"/><T19/><D43/><U65/><E67/><V45/><F53/><W126/><G126/><T84/><D128/><U83/><E65/><V42/><F51/><W61/><G61/><T47/><D47/><U21/><E63/><V16/><F45/><W0/><G0/><T37/><D37/><AGARI ba="0,1" hai="9,12,17,36,37,39,73,79,81,91,92,96,112,113" machi="37" ten="40,3900,0" yaku="1,1,53,1" doraHai="27" doraHaiUra="14" who="3" fromWho="0" sc="139,-39,514,0,86,0,251,49" /><INIT seed="3,1,0,2,1,59" ten="100,514,86,300" oya="3" hai0="28,44,34,36,126,66,80,108,92,43,109,29,58" hai1="106,81,54,49,33,104,67,94,105,78,53,119,135" hai2="31,118,17,24,122,82,16,40,25,11,55,97,56" hai3="50,18,132,26,89,32,124,121,74,46,41,6,99"/><W37/><G121/><T47/><D126/><U115/><E115/><V1/><F122/><W27/><G74/><T65/><D80/><U52/><E33/><V95/><F118/><W116/><G116/><T71/><D34/><U90/><E119/><V110/><F110/><N who="0" m="42602" /><D71/><U98/><E135/><V0/><F40/><W35/><G132/><T69/><D69/><U125/><E125/><V15/><F82/><W42/><G6/><T111/><N who="0" m="42610" /><T61/><DORA hai="30" /><D66/><U51/><REACH who="1" step="1"/><E67/><REACH who="1" ten="100,504,86,300" step="2"/><V96/><F0/><W134/><G32/><T39/><D92/><U73/><AGARI ba="1,1" hai="49,51,52,53,54,73,78,81,90,94,98,104,105,106" machi="73" ten="40,8000,1" yaku="1,1,2,1,0,1,54,1,53,1" doraHai="59,30" doraHaiUra="85,12" who="1" fromWho="1" sc="100,-21,504,93,86,-21,300,-41" /><INIT seed="4,0,0,4,4,12" ten="79,597,65,259" oya="0" hai0="15,90,99,133,103,101,109,1,128,95,14,106,3" hai1="20,37,87,39,108,82,47,102,111,28,24,89,64" hai2="18,91,58,48,107,74,116,32,26,61,10,94,115" hai3="29,100,76,30,53,5,54,71,35,0,114,22,21"/><T16/><D15/><U60/><E102/><V134/><F107/><W73/><G71/><T125/><D103/><U86/><E86/><V7/><F74/><W126/><G76/><T33/><D33/><U117/><E117/><V51/><F115/><W42/><G42/><T85/><D125/><U129/><E129/><V55/><F134/><W121/><G73/><T93/><D133/><U31/><E28/><V81/><F81/><W68/><G68/><T43/><D128/><U122/><E122/><V80/><F80/><W104/><G104/><T19/><D109/><U56/><REACH who="1" step="1"/><E47/><REACH who="1" ten="79,587,65,259" step="2"/><V135/><F116/><W118/><G100/><T77/><D106/><U17/><E17/><V57/><F18/><W44/><G30/><T59/><D19/><U25/><E25/><V46/><F26/><W62/><G29/><T92/><D77/><U9/><E9/><V4/><F10/><W130/><G130/><T105/><D105/><U66/><E66/><N who="2" m="39215" /><F135/><W41/><G118/><T113/><D93/><U69/><E69/><V34/><F34/><W2/><G35/><T40/><D59/><U75/><E75/><V50/><F32/><W96/><G44/><T49/><D95/><U36/><AGARI ba="0,1" hai="20,24,31,36,37,39,56,60,64,82,87,89,108,111" machi="36" ten="30,2000,0" yaku="1,1,0,1,53,0" doraHai="12" doraHaiUra="124" who="1" fromWho="1" sc="79,-10,587,30,65,-5,259,-5" /><INIT seed="5,0,0,4,5,56" ten="69,617,60,254" oya="1" hai0="81,25,100,75,66,35,109,117,51,128,22,71,19" hai1="21,98,127,42,80,67,27,9,18,86,107,84,29" hai2="89,82,39,62,129,30,50,46,70,79,102,24,87" hai3="28,77,52,108,78,119,114,122,83,111,31,133,13"/><U99/><E127/><V132/><F39/><W34/><G122/><T91/><D109/><U121/><E121/><V113/><F129/><W74/><G77/><T104/><D117/><U118/><E118/><V55/><F132/><W90/><G119/><T64/><D128/><U88/><E107/><V38/><F38/><W11/><G34/><T93/><D104/><U92/><E42/><V124/><F102/><W73/><G73/><T32/><D100/><U125/><E125/><V110/><F110/><W60/><G133/><T23/><D81/><U2/><E67/><V96/><F124/><W106/><G28/><T5/><D75/><U7/><REACH who="1" step="1"/><E29/><REACH who="1" ten="69,607,60,254" step="2"/><V16/><F30/><W3/><G31/><T72/><D66/><U47/><E47/><V103/><F46/><W37/><G106/><T94/><D64/><U115/><E115/><V8/><F113/><W6/><G114/><T10/><D35/><U135/><E135/><V61/><F55/><W97/><G52/><T36/><D32/><U69/><E69/><V14/><F70/><W1/><G108/><T15/><D71/><U41/><E41/><V134/><F134/><W53/><G53/><T40/><D40/><U112/><E112/><V116/><F116/><W44/><G44/><T4/><D36/><U65/><E65/><V58/><F58/><W130/><G37/><T85/><D72/><U76/><AGARI ba="0,1" hai="2,7,9,18,21,27,76,80,84,86,88,92,98,99" machi="76" ten="20,7800,0" yaku="1,1,0,1,7,1,54,1,53,0" doraHai="56" doraHaiUra="43" who="1" fromWho="1" sc="69,-26,607,88,60,-26,254,-26" /><INIT seed="5,1,0,0,3,24" ten="43,695,34,228" oya="1" hai0="36,5,66,11,63,134,79,114,16,101,85,78,6" hai1="111,58,18,19,21,105,95,110,94,88,116,70,86" hai2="112,25,32,81,124,69,87,121,7,131,62,1,9" hai3="44,43,119,45,72,107,99,115,53,40,128,10,39"/><U8/><E70/><V102/><F121/><W14/><G72/><T50/><D36/><U93/><E105/><V120/><F120/><W74/><G74/><T23/><D114/><U30/><E116/><V89/><F112/><W67/><G67/><T91/><D134/><U13/><E58/><V68/><F131/><W123/><G53/><T2/><D101/><U103/><E30/><V26/><F124/><W46/><G46/><T133/><D6/><U75/><E75/><V113/><F113/><W29/><G14/><T27/><D50/><U0/><E0/><V17/><F102/><W122/><G10/><T135/><D135/><U3/><E3/><V104/><F104/><W35/><G99/><T130/><D130/><U92/><REACH who="1" step="1"/><E103/><REACH who="1" ten="43,685,34,228" step="2"/><V22/><F62/><W33/><G107/><T28/><D28/><U80/><E80/><V47/><F47/><W31/><G31/><T61/><D61/><U109/><E109/><V42/><F69/><W54/><G119/><T132/><D132/><U15/><AGARI ba="1,1" hai="8,13,15,18,19,21,86,88,92,93,94,95,110,111" machi="15" ten="30,6000,0" yaku="1,1,0,1,54,1,53,0" doraHai="24" doraHaiUra="20" who="1" fromWho="1" sc="43,-21,685,73,34,-21,228,-21" /><INIT seed="5,2,0,1,2,42" ten="22,758,13,207" oya="1" hai0="60,46,92,89,111,93,118,70,34,3,86,61,103" hai1="13,31,49,28,88,67,131,109,45,114,122,2,22" hai2="50,33,119,32,74,66,72,10,127,79,87,4,41" hai3="101,128,43,27,106,14,75,135,120,37,121,1,97"/><U108/><E122/><V100/><F119/><W126/><G14/><T58/><D111/><N who="1" m="42571" /><E2/><V80/><F66/><W52/><G52/><T26/><D3/><U73/><E73/><V116/><F100/><W21/><G75/><N who="2" m="28713" /><F116/><W81/><G128/><T55/><D61/><U96/><E131/><V16/><F16/><W132/><G126/><T102/><D46/><U84/><E114/><V110/><F110/><W105/><G1/><T94/><D118/><U99/><E67/><V20/><F20/><W17/><G106/><T78/><D78/><U24/><E13/><N who="2" m="5319" /><F127/><W62/><G121/><T23/><D34/><U7/><E7/><V107/><F107/><W54/><G105/><T35/><D35/><U25/><E25/><V98/><F98/><W39/><G97/><T134/><D70/><U130/><E31/><V115/><F115/><W125/><G27/><T63/><D103/><U117/><E117/><V36/><F36/><W68/><G39/><T12/><D12/><U57/><E130/><V44/><AGARI ba="2,0" hai="32,33,41,44,50,79,80,87" m="5319,28713" machi="44" ten="30,2000,0" yaku="25,1,52,1" doraHai="42" who="2" fromWho="2" sc="22,-7,758,-12,13,26,207,-7" /><INIT seed="6,0,0,5,5,48" ten="15,746,39,200" oya="2" hai0="112,121,81,71,101,51,4,67,47,70,96,94,106" hai1="90,109,100,53,15,114,46,88,113,9,92,30,0" hai2="63,110,3,49,129,68,43,102,132,2,97,75,134" hai3="125,54,76,50,83,122,40,39,7,17,10,105,18"/><V99/><F75/><W126/><G105/><T74/><D121/><U135/><E0/><V127/><F129/><W27/><G122/><T35/><D112/><N who="1" m="43115" /><E109/><V111/><F127/><W61/><G61/><T128/><D128/><U59/><E46/><N who="2" m="25823" /><F63/><W115/><G27/><T107/><D35/><U123/><E123/><V36/><F36/><W119/><G40/><T21/><D67/><U130/><E135/><N who="2" m="51755" /><F97/><W118/><G39/><T44/><D71/><U23/><E130/><V22/><F22/><W33/><G33/><T65/><D21/><U85/><E23/><V8/><F68/><W131/><G131/><T34/><D96/><N who="1" m="59399" /><E30/><V66/><F66/><W69/><G69/><T84/><D65/><U79/><E85/><V38/><F38/><W41/><G115/><T78/><D70/><U89/><E79/><V104/><F8/><W108/><G126/><T55/><D34/><U72/><E72/><V25/><F25/><W11/><G11/><T19/><D74/><U42/><E42/><V20/><F20/><W120/><G10/><T16/><D107/><U91/><E91/><V31/><F31/><W1/><G125/><T32/><D106/><U5/><E90/><V93/><F104/><W24/><G120/><T29/><D29/><U52/><E89/><V117/><F117/><W26/><G118/><T45/><D32/><U57/><E88/><V77/><F77/><W103/><G76/><T58/><D101/><U13/><E9/><V28/><F28/><W14/><G103/><T80/><D78/><U124/><E124/><V6/><F2/><W133/><G119/><RYUUKYOKU ba="0,0" sc="15,-10,746,-10,39,30,200,-10" hai2="3,6,93,99,102,110,111" /><INIT seed="6,1,0,3,5,95" ten="5,736,69,190" oya="2" hai0="49,57,18,110,1,20,39,42,120,38,17,106,118" hai1="99,98,29,130,4,13,55,35,119,26,93,90,100" hai2="25,80,32,78,81,103,108,83,2,89,128,67,52" hai3="126,10,24,92,105,96,37,64,134,88,51,66,97"/><V114/><F2/><W87/><G37/><T45/><D110/><U102/><E119/><V84/><F67/><W19/><G134/><T121/><D1/><U135/><E135/><V77/><F32/><W5/><G126/><T14/><D120/><U41/><E41/><V30/><F108/><W21/><G51/><T0/><D0/><U85/><E130/><V11/><F128/><W79/><G105/><T48/><D121/><U73/><E73/><V3/><F103/><W72/><G72/><T111/><D111/><U113/><E113/><V34/><F114/><W56/><G79/><T61/><D106/><U65/><E65/><N who="3" m="25194" /><G56/><T75/><D75/><U50/><E102/><V28/><F28/><W63/><G63/><T6/><D39/><U133/><E133/><V40/><F40/><W68/><G68/><T132/><D132/><U124/><E124/><V86/><F78/><W27/><G27/><T123/><D123/><U7/><E13/><AGARI ba="1,0" hai="5,10,13,19,21,24,87,88,92,96,97" m="25194" machi="13" ten="30,7700,0" yaku="8,1,52,2,54,1" doraHai="95" who="3" fromWho="1" sc="5,0,736,-80,69,0,190,80" /><INIT seed="7,0,0,1,0,30" ten="5,656,69,270" oya="3" hai0="37,91,51,17,63,128,135,56,11,75,36,126,81" hai1="60,22,64,96,70,40,59,93,84,116,78,18,6" hai2="129,89,104,9,50,43,13,2,35,102,38,110,132" hai3="77,87,106,65,48,44,83,34,4,94,15,90,10"/><W79/><G106/><T76/><D128/><U45/><E6/><V95/><F50/><W8/><G65/><T53/><D135/><U134/><E134/><V41/><F13/><W32/><G10/><T130/><D130/><U124/><E124/><V108/><F89/><W112/><G112/><T47/><D126/><U133/><E133/><V55/><F55/><W99/><G79/><T31/><D31/><U118/><E70/><V49/><F49/><W105/><G105/><T39/><D39/><U52/><E84/><V69/><F9/><W33/><G33/><T121/><D121/><U82/><E64/><V12/><F104/><W1/><G1/><T42/><D37/><U74/><E18/><V66/><F38/><W127/><G127/><T97/><D97/><U68/><E22/><V111/><F129/><W29/><G29/><T3/><D17/><U62/><E68/><V131/><F69/><W117/><G117/><T113/><D113/><U26/><E40/><AGARI ba="0,0" hai="4,8,15,32,34,40,44,48,77,83,87,90,94,99" machi="40" ten="30,12000,1" yaku="7,1,25,2,52,2" doraHai="30" who="3" fromWho="1" sc="5,0,656,-120,69,0,270,120" /><INIT seed="7,1,0,5,4,110" ten="5,536,69,390" oya="3" hai0="108,75,68,33,6,4,55,64,78,34,13,22,21" hai1="76,39,117,47,70,134,5,128,3,92,61,121,103" hai2="0,98,109,67,123,99,97,93,84,43,73,44,51" hai3="29,83,62,20,91,72,104,59,124,9,132,105,86"/><W31/><G132/><T82/><D108/><U17/><E134/><V101/><F73/><W25/><G124/><T40/><D40/><U2/><E121/><V126/><F0/><W45/><G72/><T35/><D64/><U129/><E39/><V57/><F109/><W65/><G105/><T89/><D68/><U119/><E47/><V19/><F123/><W107/><G107/><T46/><D89/><U41/><E41/><V15/><F84/><W60/><G104/><T53/><D46/><U10/><E76/><V30/><F30/><W14/><G31/><T81/><D75/><U96/><E17/><V28/><F28/><W56/><G45/><T1/><D13/><U66/><E2/><V88/><F101/><W122/><G122/><T16/><D1/><U87/><E87/><V54/><F67/><W24/><G20/><T113/><D35/><U100/><E100/><V7/><F7/><W102/><G102/><T26/><D16/><U85/><E85/><V131/><F131/><AGARI ba="1,0" hai="3,5,10,61,66,70,92,96,103,117,119,128,129,131" machi="131" ten="40,1300,0" yaku="19,1" doraHai="110" who="1" fromWho="2" sc="5,0,536,16,69,-16,390,0" owari="5,-49.0,552,65.0,53,-35.0,390,19.0" /></mjloggm>