<mjloggm ver="2.3"><GO type="169" lobby="0"/><UN n0="%54%65%72%65%73%61%33%39" n1="%E7%88%BD%E6%B5%B7" n2="%E5%B0%B1%E6%B4%BB%E7%94%9F%40%E5%B7%9D%E6%9D%91%E8%BB%8D%E5%9B%A3" n3="%E7%B5%B6%E5%AF%BE%E4%B8%8D%E5%8F%AF%E4%BE%B5%E9%A0%98%E5%9F%9F" dan="16,17,16,18" rate="2107.13,2115.05,2109.50,2285.49" sx="M,F,M,M"/><TAIKYOKU oya="0"/><INIT seed="0,0,0,1,0,123" ten="250,250,250,250" oya="0" hai0="118,24,48,124,28,36,19,80,30,119,7,113,1" hai1="10,69,78,115,83,128,39,135,57,77,94,63,64" hai2="14,131,121,22,96,93,130,11,116,95,104,90,71" hai3="15,126,133,75,74,18,105,68,12,52,70,27,38"/><T76/><D36/><U88/><E135/><V117/><F71/><W47/><G105/><T58/><D113/><U99/><E115/><V97/><F22/><W111/><G133/><T101/><D101/><U16/><E39/><V8/><F121/><W44/><G38/><T73/><D124/><U43/><E43/><V65/><F65/><W42/><G27/><T37/><D37/><U87/><E69/><V66/><F66/><W61/><G42/><T6/><D19/><U2/><E128/><N who="2" m="49195" /><F14/><W98/><G98/><N who="2" m="37993" /><F104/><W108/><G18/><T17/><D17/><U20/><E2/><V85/><F11/><W45/><G47/><T100/><D100/><N who="1" m="60535" /><E10/><V91/><F8/><W0/><G0/><T92/><D92/><N who="2" m="35402" /><F85/><W102/><G102/><T59/><D30/><U54/><E64/><V132/><F132/><W32/><G61/><T25/><D25/><AGARI ba="0,0" hai="16,20,25,54,57,63,77,78,83,87,88" m="60535" machi="25" ten="30,3900,0" yaku="8,1,54,2" doraHai="123" who="1" fromWho="0" sc="250,-39,250,39,250,0,250,0" /><INIT seed="1,0,0,1,1,52" ten="211,289,250,250" oya="1" hai0="31,22,74,132,10,86,70,108,93,73,47,106,72" hai1="24,12,122,91,67,79,14,58,94,17,59,126,87" hai2="34,98,39,114,63,113,19,37,119,111,97,49,124" hai3="92,30,129,23,46,77,127,55,51,116,20,81,68"/><U6/><E126/><V48/><F34/><W89/><G127/><T43/><D106/><U128/><E128/><V123/><F123/><W50/><G129/><T0/><D70/><U121/><E67/><V84/><F124/><W9/><G68/><T2/><D108/><U5/><E79/><V4/><F4/><N who="1" m="1641" /><E122/><V133/><F119/><W18/><G116/><T11/><D132/><U71/><E71/><V16/><F84/><W36/><G36/><T120/><D120/><U64/><E64/><V38/><F63/><W28/><G9/><T53/><D53/><U32/><E32/><V85/><F85/><W103/><G103/><T75/><D75/><U78/><E78/><V7/><F7/><W109/><G109/><T110/><D110/><U135/><E135/><V21/><F111/><W41/><G81/><T60/><D2/><U1/><E1/><V117/><F117/><W104/><G104/><T13/><D0/><U83/><E83/><V15/><F133/><W56/><G77/><T88/><D60/><U42/><E42/><V80/><F80/><W107/><G107/><T105/><D105/><U62/><E62/><V115/><REACH who="2" step="1"/><F19/><REACH who="2" ten="211,289,240,250" step="2"/><W130/><G130/><T8/><D73/><U134/><E121/><V102/><F102/><W57/><G18/><T131/><D131/><U35/><E134/><V33/><F33/><W69/><G69/><T27/><REACH who="0" step="1"/><D13/><REACH who="0" ten="201,289,240,250" step="2"/><U118/><E12/><V45/><F45/><W95/><G46/><T40/><D40/><U99/><E14/><V100/><F100/><W82/><G41/><T3/><D3/><U61/><E118/><RYUUKYOKU ba="0,2" sc="201,15,289,-15,240,15,250,-15" hai0="8,10,11,22,27,31,43,47,72,74,86,88,93" hai2="15,16,21,37,38,39,48,49,97,98,113,114,115" /><INIT seed="2,1,2,3,2,55" ten="216,274,255,235" oya="2" hai0="26,23,103,81,49,36,71,16,28,25,132,108,95" hai1="83,50,75,29,73,31,63,56,42,41,89,123,47" hai2="20,51,107,97,5,61,62,27,76,109,133,13,112" hai3="78,104,110,39,52,94,85,32,87,69,66,65,127"/><V48/><F112/><W93/><G104/><T105/><D36/><U121/><E41/><V6/><F133/><W79/><G39/><T43/><D105/><U9/><E9/><N who="2" m="4271" /><F109/><W46/><G32/><T113/><D113/><U59/><E89/><V53/><F107/><W92/><G110/><T122/><D122/><N who="1" m="46603" /><E63/><N who="2" m="24075" /><F6/><W11/><G11/><T134/><D71/><U8/><E8/><V111/><F111/><W22/><G69/><T114/><D114/><U34/><E34/><V90/><F76/><N who="3" m="29227" /><G127/><T128/><D108/><U74/><E83/><V116/><F116/><W82/><G22/><T58/><D128/><U21/><E21/><V80/><F80/><W120/><G120/><T35/><D81/><U125/><E125/><V64/><F64/><N who="3" m="24683" /><G82/><T10/><D10/><U101/><E101/><V126/><F126/><W37/><G37/><T118/><D118/><U124/><E124/><V88/><F97/><W44/><G52/><T135/><D43/><U40/><E42/><V1/><F1/><W84/><AGARI ba="1,2" hai="44,46,84,85,87,92,93,94" m="24683,29227" machi="84" ten="40,5200,0" yaku="28,2,8,1" doraHai="55" who="3" fromWho="3" sc="216,-14,274,-14,255,-27,235,75" /><INIT seed="3,0,0,4,4,49" ten="202,260,228,310" oya="3" hai0="84,2,91,28,30,48,126,45,112,0,80,110,101" hai1="54,61,7,76,83,24,35,135,67,122,82,46,78" hai2="117,72,19,113,21,103,66,29,120,39,105,11,14" hai3="119,47,111,99,64,109,53,92,9,41,18,55,123"/><W37/><G119/><T134/><D110/><N who="3" m="41993" /><G123/><T71/><D71/><U93/><E122/><V130/><F117/><W89/><G64/><T51/><D134/><U20/><E35/><V70/><F39/><W34/><G34/><T129/><D129/><U86/><E135/><V128/><F72/><W5/><G18/><T127/><D112/><U96/><E7/><V81/><F81/><W57/><G57/><T102/><D45/><U74/><E46/><V95/><F105/><W63/><G63/><T52/><D80/><U27/><E20/><V4/><F113/><W10/><G10/><T22/><D22/><U56/><REACH who="1" step="1"/><E67/><REACH who="1" ten="202,250,228,310" step="2"/><V90/><F66/><W12/><AGARI ba="0,1" hai="5,9,12,37,41,47,53,55,89,92,99" m="41993" machi="12" ten="30,11700,0" yaku="14,1,10,1,52,2" doraHai="49" who="3" fromWho="3" sc="202,-39,250,-39,228,-39,310,127" /><INIT seed="3,1,0,3,1,104" ten="163,211,189,437" oya="3" hai0="41,90,8,67,63,51,85,58,91,3,73,87,15" hai1="56,61,68,66,54,37,86,126,134,10,50,77,55" hai2="108,112,24,135,45,132,22,121,111,100,34,6,64" hai3="93,14,105,92,49,52,79,102,44,48,53,60,89"/><W94/><G79/><T47/><D3/><U27/><E126/><V95/><F64/><W118/><G118/><T11/><D73/><U116/><E116/><V71/><F71/><W69/><G105/><T35/><D35/><U72/><E134/><N who="2" m="51243" /><F45/><W59/><G102/><T57/><D58/><U76/><E86/><V107/><F107/><W122/><G122/><T99/><D99/><U97/><E97/><N who="2" m="59455" /><F112/><W26/><G26/><T83/><REACH who="0" step="1"/><D15/><REACH who="0" ten="153,211,189,437" step="2"/><U106/><E72/><V19/><F34/><W36/><G69/><T4/><D4/><U88/><E68/><V113/><F113/><W129/><G14/><T30/><D30/><U7/><E7/><V28/><F6/><W133/><G133/><T120/><D120/><U81/><E56/><V124/><F121/><W96/><G129/><T29/><D29/><U23/><E27/><V43/><F124/><W33/><G33/><T16/><D16/><U40/><E106/><V17/><F17/><W25/><G25/><T130/><D130/><U18/><E18/><V2/><F2/><W117/><G117/><T32/><D32/><U20/><E66/><V98/><F98/><W103/><G103/><T5/><D5/><U110/><E110/><N who="2" m="42027" /><F19/><W9/><G9/><T12/><D12/><U1/><E10/><V114/><F114/><W39/><G96/><T82/><AGARI ba="1,1" hai="8,11,41,47,51,57,63,67,82,83,85,87,90,91" machi="82" ten="20,8000,1" yaku="1,1,0,1,7,1,9,1,8,1,53,0" doraHai="104" doraHaiUra="115" who="0" fromWho="0" sc="153,93,211,-21,189,-21,437,-41" /><INIT seed="4,0,0,4,4,101" ten="246,190,168,396" oya="0" hai0="2,36,124,1,31,11,100,16,123,109,43,121,104" hai1="91,86,70,65,59,103,15,129,99,112,93,97,0" hai2="58,28,126,111,12,64,94,80,77,133,48,127,41" hai3="102,134,39,37,24,52,131,54,17,122,81,135,62"/><T35/><D43/><U8/><E0/><N who="0" m="105" /><D36/><U45/><E112/><V75/><F111/><W13/><G102/><T25/><D100/><U10/><E129/><V110/><F110/><W71/><G131/><T49/><D49/><U55/><E70/><V83/><F133/><N who="3" m="50699" /><G122/><N who="0" m="46603" /><D104/><U92/><E65/><V68/><F83/><W117/><G117/><T22/><D109/><U108/><E108/><V132/><F132/><W7/><G81/><T50/><D50/><U76/><E76/><V3/><F3/><W21/><G54/><T40/><D40/><U95/><E45/><V57/><F28/><W125/><G125/><T32/><D124/><U23/><E95/><V26/><F26/><W84/><G84/><T20/><D11/><U106/><E97/><V5/><F94/><W118/><G118/><T46/><D46/><U88/><E91/><V42/><F68/><W61/><G71/><T69/><D69/><U18/><E106/><V85/><F75/><W113/><G39/><T27/><AGARI ba="0,0" hai="16,20,22,25,27,31,32,35" m="46603,105" machi="27" ten="40,7800,0" yaku="34,2,54,1" doraHai="101" who="0" fromWho="0" sc="246,78,190,-26,168,-26,396,-26" /><INIT seed="4,1,0,3,5,17" ten="324,164,142,370" oya="0" hai0="95,109,81,110,25,9,22,2,119,131,6,116,108" hai1="10,72,99,65,96,75,15,80,31,130,12,114,135" hai2="13,58,124,90,16,86,19,127,30,100,38,52,36" hai3="45,41,28,55,29,66,69,43,4,23,122,14,93"/><T46/><D81/><U18/><E135/><V94/><F30/><W74/><G74/><T121/><D121/><U54/><E130/><V62/><F100/><W82/><G122/><T85/><D131/><U11/><E65/><V125/><REACH who="2" step="1"/><F19/><REACH who="2" ten="324,164,132,370" step="2"/><W87/><G29/><N who="0" m="17591" /><D46/><U26/><E31/><V37/><F37/><W47/><G28/><T7/><D7/><U134/><E134/><V76/><F76/><W89/><G47/><T50/><D116/><U83/><E114/><V64/><F64/><W59/><G4/><T113/><D119/><U56/><E18/><V49/><F49/><W57/><G66/><T8/><D50/><U126/><E126/><V27/><F27/><W107/><G45/><T20/><D113/><U111/><E26/><V128/><F128/><W129/><G129/><T92/><D6/><U79/><E79/><V42/><F42/><W104/><G43/><T44/><D44/><U32/><E54/><V88/><F88/><W102/><G41/><T73/><D109/><U3/><E111/><V70/><F70/><W48/><G69/><T132/><D110/><U112/><E112/><V91/><F91/><W63/><G48/><T34/><D132/><U71/><E71/><V67/><F67/><W105/><G59/><T1/><D108/><U123/><E56/><V61/><F61/><W103/><G57/><T39/><D39/><U24/><E24/><V78/><F78/><N who="3" m="46551" /><G63/><T51/><D51/><U97/><E123/><V33/><F33/><W68/><G68/><T0/><D34/><U53/><E53/><V106/><F106/><W5/><G55/><RYUUKYOKU ba="1,1" sc="324,-10,164,-10,132,30,370,-10" hai2="13,16,36,38,52,58,62,86,90,94,124,125,127" /><INIT seed="5,2,1,4,5,31" ten="314,154,162,360" oya="1" hai0="8,77,1,23,114,92,101,27,124,125,41,135,19" hai1="116,40,132,117,11,63,62,129,26,14,24,88,120" hai2="20,106,68,118,59,134,36,70,91,50,121,42,2" hai3="58,30,16,84,51,79,54,33,80,89,15,115,60"/><U98/><E120/><V9/><F106/><W49/><G115/><T32/><D114/><U29/><E132/><V64/><F118/><W90/><G30/><T5/><D135/><U76/><E76/><V7/><F134/><W133/><G33/><T44/><D77/><U83/><E40/><V52/><F121/><W94/><G133/><T66/><D66/><U104/><E129/><V56/><F20/><N who="3" m="11295" /><G79/><T102/><D32/><U109/><E109/><V61/><REACH who="2" step="1"/><F91/><REACH who="2" ten="314,154,152,360" step="2"/><W95/><G80/><T35/><D23/><U81/><E104/><V105/><F105/><W130/><G130/><T87/><D8/><U53/><E88/><V67/><F67/><W107/><G107/><T71/><D101/><U75/><E11/><V28/><F28/><W38/><G38/><T85/><D102/><U96/><E29/><V73/><F73/><W55/><G55/><T69/><D41/><U112/><E112/><V57/><F57/><W86/><AGARI ba="2,2" hai="49,51,54,58,60,84,86,89,90,94,95" m="11295" machi="86" ten="30,2000,0" yaku="8,1,54,1" doraHai="31" who="3" fromWho="3" sc="314,-7,154,-12,152,-7,360,46" /><INIT seed="6,0,0,5,2,91" ten="307,142,145,406" oya="2" hai0="80,111,34,121,107,124,53,117,30,122,59,51,70" hai1="10,58,102,3,42,47,43,86,37,87,54,120,128" hai2="73,98,119,38,69,1,105,131,118,63,22,132,31" hai3="134,15,109,35,21,130,57,36,78,5,113,104,0"/><V97/><F38/><W129/><G78/><T41/><D111/><U65/><E128/><V74/><F1/><W8/><G104/><T4/><D107/><U127/><E127/><V115/><F131/><N who="3" m="50187" /><G36/><T28/><D124/><U85/><E120/><V76/><F132/><W23/><G57/><T89/><D70/><U46/><E65/><V90/><F115/><W26/><G109/><T2/><D117/><U49/><E102/><V106/><F63/><W100/><G100/><T93/><D41/><U99/><E99/><V16/><F31/><N who="3" m="19959" /><G134/><T82/><D121/><U52/><E58/><V81/><F69/><W14/><G113/><T84/><D122/><U79/><E79/><V61/><F61/><W50/><G50/><T13/><D2/><U94/><E94/><V62/><F62/><W77/><G77/><T17/><D4/><U125/><E125/><V19/><F90/><W95/><G95/><T29/><REACH who="0" step="1"/><D34/><REACH who="0" ten="297,142,145,406" step="2"/><U27/><E3/><V126/><F126/><W71/><G71/><T11/><AGARI ba="0,1" hai="11,13,17,28,29,30,51,53,59,80,82,84,89,93" machi="11" ten="30,16000,3" yaku="1,1,2,1,0,1,8,1,52,1,53,3" doraHai="91" doraHaiUra="25" who="0" fromWho="0" sc="297,170,142,-40,145,-80,406,-40" /><INIT seed="7,0,0,0,4,111" ten="467,102,65,366" oya="3" hai0="128,124,21,50,67,78,135,106,30,41,94,77,38" hai1="36,98,79,112,2,57,4,39,5,15,103,48,71" hai2="66,122,109,116,126,32,110,75,76,6,92,104,45" hai3="8,35,120,7,3,125,51,37,134,102,25,63,100"/><W68/><G37/><T87/><D106/><U65/><E112/><V121/><F104/><W129/><G120/><N who="2" m="46185" /><F32/><W42/><G129/><T80/><D38/><U9/><E71/><V46/><F6/><N who="1" m="2665" /><E2/><V10/><F10/><W54/><G134/><T72/><D135/><U61/><E36/><V49/><F75/><W22/><G35/><T59/><D128/><U99/><E39/><V82/><F92/><W18/><G125/><T83/><D124/><U97/><E79/><V24/><F24/><W31/><G31/><T70/><D94/><N who="1" m="58807" /><E48/><V13/><F13/><W118/><G42/><T52/><D41/><U117/><E117/><V20/><F20/><W33/><G118/><T19/><D30/><U85/><E85/><N who="2" m="48327" /><F126/><W16/><G33/><T115/><D115/><U81/><E81/><V130/><F130/><W108/><G108/><N who="2" m="41577" /><F116/><W60/><G18/><AGARI ba="0,0" hai="9,15,18,57,61,65,98,99" m="58807,2665" machi="18" ten="30,1000,0" yaku="8,1" doraHai="111" who="1" fromWho="3" sc="467,0,102,10,65,0,366,-10" owari="467,56.0,112,-29.0,65,-43.0,356,16.0" /></mjloggm>