<mjloggm ver="2.3"><GO type="169" lobby="0"/><UN n0="%4F%4E%45" n1="%E5%B0%B1%E6%B4%BB%E7%94%9F%40%E5%B7%9D%E6%9D%91%E8%BB%8D%E5%9B%A3" n2="%41%E3%82%86%E3%81%A3%E3%81%93%E3%82%93%E3%81%90" n3="%E3%80%90%E7%BD%AA%E6%AD%8C%E3%80%91" dan="16,17,16,19" rate="2082.53,2168.59,2048.79,2317.57" sx="M,M,M,F"/><TAIKYOKU oya="0"/><INIT seed="0,0,0,3,3,93" ten="250,250,250,250" oya="0" hai0="48,97,42,52,100,124,78,85,75,88,117,18,133" hai1="127,125,65,13,25,44,59,81,26,77,120,84,115" hai2="104,29,20,32,49,28,61,89,98,2,46,130,126" hai3="91,80,47,73,34,33,105,92,112,83,129,9,64"/><T38/><D117/><U22/><E120/><V94/><F126/><W87/><G112/><T134/><D124/><U71/><E71/><V37/><F130/><W114/><G129/><T86/><D75/><U62/><E115/><V110/><F110/><W3/><G114/><T57/><D18/><U50/><E125/><V107/><F2/><W55/><G105/><T8/><D8/><U135/><E135/><N who="0" m="51721" /><D78/><U53/><E127/><V35/><F37/><W30/><G64/><T113/><D113/><U121/><E121/><V14/><F61/><W0/><G0/><T101/><D101/><U40/><E65/><V79/><F79/><W19/><G30/><T128/><D128/><U58/><E58/><V72/><F72/><W31/><G31/><T70/><D70/><U122/><E122/><V7/><F29/><W10/><G10/><T66/><D66/><U103/><E103/><V15/><F28/><W108/><G108/><T96/><D100/><U82/><E82/><V41/><F7/><W4/><G19/><AGARI ba="0,0" hai="13,19,22,25,26,40,44,50,53,59,62,77,81,84" machi="19" ten="40,1300,0" yaku="8,1" doraHai="93" who="1" fromWho="3" sc="250,0,250,13,250,0,250,-13" /><INIT seed="1,0,0,4,4,30" ten="250,263,250,237" oya="1" hai0="80,13,33,98,14,93,12,5,135,104,76,52,58" hai1="34,129,49,45,85,32,4,61,97,62,43,54,82" hai2="123,1,108,18,107,55,15,9,40,51,106,77,105" hai3="19,115,23,124,28,133,22,84,3,44,116,60,132"/><U75/><E129/><V11/><F123/><W66/><G115/><T42/><D104/><U118/><E118/><V25/><F77/><W78/><G3/><T120/><D42/><U27/><E75/><V112/><F112/><W7/><G7/><T88/><D135/><U89/><E4/><V109/><F1/><W38/><G124/><T92/><D92/><U21/><E97/><V24/><F40/><W37/><G28/><T134/><D134/><U36/><E61/><V35/><F11/><W57/><G23/><T29/><D120/><U71/><E62/><V117/><F117/><W72/><G84/><T131/><D131/><U126/><E71/><V73/><F73/><W70/><G38/><T65/><D65/><U103/><E103/><V64/><F35/><W94/><G94/><T8/><D33/><U101/><E101/><V83/><F83/><W128/><G70/><T119/><D29/><U41/><E126/><V74/><F74/><W39/><G39/><T63/><D119/><U99/><E99/><V121/><F121/><W48/><G37/><T127/><D127/><U86/><E86/><AGARI ba="0,0" hai="5,8,12,13,14,52,58,63,76,80,86,88,93,98" machi="86" ten="30,7700,0" yaku="7,1,8,1,54,2" doraHai="30" who="0" fromWho="1" sc="250,77,263,-77,250,0,237,0" /><INIT seed="2,0,0,0,2,66" ten="327,186,250,237" oya="2" hai0="104,109,0,73,128,123,126,19,50,14,78,118,52" hai1="134,63,122,35,10,30,82,6,70,22,132,28,15" hai2="102,92,97,120,69,74,108,133,3,76,55,53,42" hai3="86,8,41,71,21,80,13,36,58,33,101,83,99"/><V39/><F120/><W2/><G33/><T81/><D123/><U56/><E122/><V27/><F133/><N who="1" m="51305" /><E35/><V121/><F121/><W32/><G32/><T95/><D104/><U75/><E22/><V38/><F27/><W60/><G2/><T79/><D126/><U105/><E105/><V34/><F34/><W5/><G36/><T111/><D128/><U51/><E51/><V106/><F3/><W31/><G41/><T119/><D79/><N who="1" m="44415" /><E70/><V46/><F69/><W44/><G44/><N who="0" m="27719" /><D95/><U9/><E10/><V65/><F92/><W87/><G71/><T20/><D0/><U68/><E68/><V18/><F38/><W127/><G127/><T17/><D17/><U49/><E49/><V103/><F18/><W116/><G116/><AGARI ba="0,0" hai="14,19,20,73,78,81,109,111,116,118,119" m="27719" machi="116" ten="30,2000,0" yaku="12,1,54,1" doraHai="66" who="0" fromWho="3" sc="327,20,186,0,250,0,237,-20" /><INIT seed="3,0,0,0,4,84" ten="347,186,250,217" oya="3" hai0="61,50,9,99,4,63,100,80,116,19,101,49,72" hai1="60,91,90,108,122,134,113,104,45,107,74,43,8" hai2="119,5,18,102,15,54,89,75,128,46,33,71,21" hai3="24,23,133,94,129,98,16,47,30,38,103,117,87"/><W0/><G117/><T88/><D116/><U59/><E122/><V109/><F119/><W41/><G0/><T52/><D50/><U53/><E74/><V10/><F109/><W95/><G133/><T28/><D28/><U79/><E113/><V13/><F128/><W11/><G129/><T31/><D31/><U62/><E79/><V22/><F33/><W7/><G30/><T39/><D39/><U114/><E114/><V124/><F124/><W3/><REACH who="3" step="1"/><G87/><REACH who="3" ten="347,186,250,207" step="2"/><T135/><D135/><U105/><E134/><V86/><F75/><W65/><G65/><T93/><D72/><U12/><E108/><V58/><F86/><W97/><G97/><T32/><D99/><U127/><E127/><V48/><F71/><W34/><G34/><T25/><D32/><U2/><E2/><V44/><F10/><W126/><G126/><T56/><D9/><U66/><E43/><V112/><F21/><W42/><G42/><T123/><D123/><U77/><E77/><V29/><F22/><W68/><G68/><T96/><D96/><U1/><E1/><V131/><F29/><W55/><G55/><T20/><D52/><U92/><E53/><V51/><F54/><W120/><G120/><T76/><D76/><U85/><E45/><V115/><F46/><W57/><G57/><T69/><D56/><U81/><E59/><V110/><F58/><W67/><G67/><T26/><D20/><U27/><E66/><V37/><F115/><W14/><G14/><T73/><D69/><U17/><E27/><V121/><F112/><W70/><G70/><T6/><D73/><RYUUKYOKU ba="0,1" sc="347,-15,186,15,250,-15,207,15" hai1="8,12,17,60,62,81,85,90,91,92,104,105,107" hai3="3,7,11,16,23,24,38,41,47,94,95,98,103" /><INIT seed="3,1,1,0,1,28" ten="332,201,235,222" oya="3" hai0="127,121,50,95,85,78,20,60,5,119,75,128,40" hai1="130,67,2,63,111,56,44,1,73,8,77,100,98" hai2="79,72,30,61,3,114,82,19,25,126,76,109,91" hai3="16,34,125,13,55,15,45,7,96,117,41,104,12"/><W81/><G117/><T0/><D119/><U36/><E111/><V106/><F109/><W18/><G125/><T48/><D75/><U10/><E130/><V129/><F129/><W118/><G118/><T11/><D127/><U17/><E73/><V132/><F132/><W66/><G66/><T43/><D121/><U84/><E36/><V135/><F135/><W38/><G34/><T47/><D60/><U64/><E64/><V71/><F114/><W134/><G134/><T83/><D128/><U6/><E44/><V31/><F3/><W116/><G116/><T115/><D115/><U24/><E24/><V124/><F106/><W21/><G81/><T101/><D20/><U131/><E131/><V108/><F19/><W51/><G7/><T103/><D95/><U122/><E122/><V99/><F30/><W107/><G96/><T39/><D39/><U92/><E17/><V62/><F108/><W32/><G32/><T113/><D113/><U133/><E133/><V90/><F79/><W58/><REACH who="3" step="1"/><G13/><REACH who="3" ten="332,201,235,212" step="2"/><T9/><D5/><U59/><E2/><V89/><F124/><W26/><G26/><T93/><D0/><U46/><E6/><V33/><F126/><W27/><G27/><T97/><D101/><U80/><E1/><V54/><F33/><W105/><G105/><T22/><D22/><AGARI ba="1,2" hai="12,15,16,18,21,22,38,41,45,51,55,58,104,107" machi="22" ten="30,11600,0" yaku="1,1,7,1,9,1,54,1,53,0" doraHai="28" doraHaiUra="88" who="3" fromWho="0" sc="332,-119,201,0,235,0,212,139" /><INIT seed="3,2,0,3,1,82" ten="213,201,235,351" oya="3" hai0="37,3,67,58,65,95,26,74,44,49,28,33,40" hai1="63,66,46,71,22,39,50,94,126,116,55,20,25" hai2="91,19,92,121,52,127,32,11,114,101,0,9,134" hai3="7,47,10,42,90,78,117,30,105,122,79,70,54"/><W6/><G117/><T84/><D74/><U16/><E116/><V12/><F114/><W110/><G122/><T129/><D129/><U34/><E126/><V83/><F127/><W87/><G70/><T107/><D107/><U60/><E34/><V115/><F115/><W57/><G105/><T135/><D135/><U81/><E39/><V8/><F134/><W68/><G68/><T59/><D3/><U113/><E113/><V97/><F121/><W41/><G30/><T13/><D13/><U31/><E94/><V85/><F32/><W103/><G103/><T51/><D37/><U118/><E118/><V96/><F0/><W93/><G110/><T75/><D75/><U27/><E81/><V89/><REACH who="2" step="1"/><F52/><REACH who="2" ten="213,201,225,351" step="2"/><W111/><G111/><T38/><D65/><U14/><E63/><V123/><F123/><W62/><G42/><T17/><D67/><U43/><REACH who="1" step="1"/><E55/><REACH who="1" ten="213,191,225,351" step="2"/><V1/><F1/><W100/><G54/><T98/><D33/><U99/><E99/><V102/><F102/><W29/><G100/><T64/><D98/><U86/><E86/><V77/><F77/><W61/><G61/><T132/><D84/><U88/><E88/><V124/><F124/><W120/><G120/><T73/><D132/><U21/><E21/><V112/><F112/><W35/><G79/><T108/><D73/><U53/><E53/><V48/><F48/><W119/><G78/><T69/><D49/><U128/><E128/><V72/><F72/><W104/><G87/><T109/><D51/><U56/><E56/><V15/><F15/><AGARI ba="2,2" hai="14,15,16,20,22,25,27,31,43,46,50,60,66,71" machi="15" ten="40,2600,0" yaku="1,1,54,1,53,0" doraHai="82" doraHaiUra="2" who="1" fromWho="2" sc="213,0,191,52,225,-32,351,0" /><INIT seed="4,0,0,0,4,123" ten="213,243,193,351" oya="0" hai0="78,82,79,94,62,133,75,119,111,37,46,122,128" hai1="85,17,96,45,109,22,124,105,134,131,3,2,25" hai2="53,24,121,12,33,21,90,100,8,88,126,117,7" hai3="14,47,13,30,103,89,43,5,127,35,98,40,125"/><T80/><D122/><U31/><E109/><V9/><F126/><N who="3" m="48139" /><G89/><T60/><D119/><U65/><E124/><V55/><F121/><W73/><G73/><T135/><D128/><U10/><E131/><V76/><F117/><W93/><G5/><T120/><D120/><U20/><E65/><V6/><F33/><W64/><G64/><T71/><D71/><U36/><E134/><N who="0" m="51209" /><D94/><U59/><E59/><V118/><F118/><W81/><G81/><T34/><D34/><U4/><E85/><V50/><F76/><W99/><G99/><T15/><D15/><N who="3" m="5641" /><G47/><T56/><D56/><U116/><E116/><V115/><F100/><W52/><G52/><T49/><D37/><U70/><E45/><V110/><F55/><W92/><G92/><T1/><D1/><U129/><E36/><V42/><F53/><W18/><G18/><T57/><D57/><U41/><E70/><V67/><F67/><W87/><G87/><N who="0" m="48535" /><D111/><U106/><E3/><V63/><F110/><W39/><G39/><T29/><D29/><U104/><E96/><V83/><F83/><W32/><G30/><T86/><D75/><U107/><E107/><V16/><F16/><W51/><G51/><T97/><D97/><U27/><E129/><V77/><F50/><W68/><G68/><T19/><D19/><U130/><E130/><V66/><F66/><W102/><G102/><T72/><D72/><U48/><E48/><V26/><F12/><W101/><G101/><T108/><D108/><U38/><E38/><V44/><F44/><W132/><G132/><T11/><D11/><U28/><E17/><RYUUKYOKU ba="0,0" sc="213,10,243,10,193,-30,351,10" hai0="46,49,60,62,79,82,86" hai1="2,4,10,20,22,25,27,28,31,41,104,105,106" hai3="32,35,40,43,93,98,103" /><INIT seed="4,1,0,1,4,12" ten="223,253,163,361" oya="0" hai0="35,109,22,82,67,95,127,86,85,130,87,8,120" hai1="110,59,116,58,132,64,48,134,43,119,1,51,135" hai2="75,89,112,39,2,32,100,20,25,63,37,113,79" hai3="114,62,19,65,55,126,33,91,14,125,13,7,80"/><T6/><D120/><U74/><E1/><V47/><F2/><W54/><G33/><T122/><D122/><U96/><E74/><V101/><F32/><W94/><G80/><T27/><D35/><U57/><E96/><V78/><F89/><W29/><G29/><T105/><D105/><U107/><E107/><V0/><F0/><W131/><G114/><N who="2" m="44137" /><F63/><W106/><G106/><T45/><D127/><U73/><E73/><V103/><F47/><W111/><G111/><T60/><D130/><U50/><E110/><V21/><F75/><W97/><G131/><T17/><D95/><U76/><E76/><N who="2" m="29227" /><F25/><W71/><G126/><T115/><D115/><U11/><E11/><V121/><F121/><W118/><G125/><T4/><D45/><N who="1" m="25663" /><E64/><V133/><F133/><W42/><G42/><T28/><D109/><U117/><AGARI ba="1,0" hai="50,51,57,58,59,116,117,119,132,134,135" m="25663" machi="117" ten="50,8000,1" yaku="29,2,20,1,34,2" doraHai="12" who="1" fromWho="1" sc="223,-41,253,83,163,-21,361,-21" /><INIT seed="5,0,0,0,5,36" ten="182,336,142,340" oya="1" hai0="62,132,77,43,92,18,15,88,121,42,83,94,134" hai1="69,47,86,10,67,6,4,31,5,21,70,90,50" hai2="80,120,128,38,34,103,71,9,20,115,46,3,13" hai3="89,1,105,59,74,26,44,76,133,98,78,8,65"/><U97/><E67/><V41/><F120/><W107/><G133/><N who="0" m="51307" /><D121/><U45/><E45/><V87/><F34/><W16/><G44/><T19/><D62/><U57/><E57/><V28/><F71/><W102/><G107/><T56/><D56/><U91/><E97/><V116/><F116/><W84/><G74/><N who="0" m="43447" /><D94/><U37/><E37/><V64/><F128/><W48/><G1/><T25/><D25/><U0/><E91/><V100/><F115/><W82/><G26/><T55/><D55/><U135/><E135/><V17/><F64/><W61/><REACH who="3" step="1"/><G48/><REACH who="3" ten="182,336,142,330" step="2"/><T106/><D106/><U11/><E0/><V24/><REACH who="2" step="1"/><F3/><REACH who="2" ten="182,336,132,330" step="2"/><W113/><G113/><T95/><D95/><N who="1" m="54743" /><E70/><V112/><F112/><W99/><G99/><N who="0" m="57735" /><D19/><U122/><E69/><V110/><F110/><W93/><G93/><T127/><D127/><U101/><E122/><V22/><F22/><AGARI ba="0,2" hai="15,18,22,42,43" m="57735,43447,51307" machi="22" ten="30,7700,0" yaku="20,1,52,2,54,1" doraHai="36" who="0" fromWho="2" sc="182,97,336,0,132,-77,330,0" /><INIT seed="6,0,0,2,5,94" ten="279,336,55,330" oya="2" hai0="121,4,126,93,65,16,3,37,24,27,106,9,127" hai1="2,14,78,67,41,118,22,25,0,55,131,12,7" hai2="29,85,113,8,120,15,110,79,44,26,75,21,63" hai3="57,13,45,130,70,43,111,83,68,32,95,115,87"/><V59/><F113/><W88/><G111/><T62/><D106/><U71/><E78/><V40/><F120/><W18/><G32/><T33/><D37/><U122/><E41/><V50/><F110/><W132/><G132/><T124/><D121/><U128/><E118/><V108/><F75/><W123/><G123/><T82/><D82/><U98/><E122/><V73/><F73/><W5/><G5/><T101/><D101/><U119/><E119/><V38/><F108/><W97/><G57/><T90/><D33/><U6/><E55/><V51/><F85/><W30/><G30/><T19/><D24/><U125/><E67/><V42/><F79/><W135/><G135/><T1/><D27/><U89/><E89/><V56/><F42/><W11/><G130/><N who="1" m="49706" /><E98/><V39/><F39/><W74/><G74/><T49/><D3/><N who="1" m="1067" /><E71/><V54/><REACH who="2" step="1"/><F56/><REACH who="2" ten="279,336,45,330" step="2"/><W36/><G115/><T96/><D124/><U99/><E125/><V92/><F92/><W47/><G47/><T60/><D126/><U10/><E99/><V104/><F104/><W80/><G80/><T116/><D93/><U102/><E7/><AGARI ba="0,1" hai="7,8,15,21,26,29,38,40,44,50,51,54,59,63" machi="7" ten="30,5800,0" yaku="1,1,7,1,53,1" doraHai="94" doraHaiUra="52" who="2" fromWho="1" sc="279,0,336,-58,45,68,330,0" /><INIT seed="6,1,0,2,5,6" ten="279,278,113,330" oya="2" hai0="130,87,85,15,41,60,29,109,91,40,58,110,53" hai1="36,97,75,108,8,61,123,96,84,13,68,48,104" hai2="128,46,112,83,59,37,64,88,50,43,22,49,86" hai3="62,98,24,127,25,35,31,17,89,81,92,114,45"/><V103/><F112/><W27/><G114/><T93/><D130/><U118/><E75/><V79/><F128/><W134/><G134/><T116/><D116/><U10/><E36/><V124/><F124/><W125/><G45/><T44/><D29/><U55/><E108/><V47/><F103/><W33/><G62/><T34/><D34/><U66/><E118/><V100/><F100/><W69/><G69/><T54/><D109/><U82/><E104/><V122/><F122/><W71/><G71/><T99/><D110/><U42/><E42/><V12/><F64/><W5/><G5/><T72/><D72/><U70/><E70/><V65/><F65/><W9/><G81/><T78/><D78/><U121/><E96/><V2/><F2/><W38/><G38/><T14/><D41/><U1/><E97/><V95/><F59/><W52/><G52/><N who="0" m="33863" /><D44/><N who="2" m="16938" /><F43/><W101/><G101/><T126/><D40/><U16/><E48/><N who="2" m="18539" /><F37/><W120/><G120/><N who="1" m="46154" /><E55/><N who="0" m="21001" /><D126/><N who="3" m="48137" /><G35/><T111/><D111/><U30/><E1/><V105/><F105/><W133/><G133/><T117/><D117/><U107/><E107/><V113/><F113/><W102/><G102/><T131/><D131/><U57/><E68/><V4/><F4/><W129/><G129/><T51/><D51/><U132/><E132/><V94/><F79/><W115/><G115/><T135/><D135/><U80/><E30/><V0/><F0/><W76/><G76/><T74/><D74/><U21/><E84/><AGARI ba="1,0" hai="14,15,84,85,87,91,93,99" m="21001,33863" machi="84" ten="30,2000,0" yaku="8,1,54,1" doraHai="6" who="0" fromWho="1" sc="279,23,278,-23,113,0,330,0" /><INIT seed="7,0,0,0,0,20" ten="302,255,113,330" oya="3" hai0="72,120,115,7,106,49,22,37,110,17,85,133,87" hai1="114,102,9,26,21,58,89,118,77,44,108,111,8" hai2="99,24,135,47,48,52,80,101,104,130,31,84,71" hai3="2,86,36,46,51,11,132,39,12,18,41,34,116"/><W88/><G116/><T65/><D72/><U61/><E118/><V112/><F112/><W28/><G132/><T92/><D106/><U10/><E114/><V16/><F130/><W125/><G125/><T6/><D37/><U91/><E102/><V126/><F135/><W32/><G2/><T105/><D105/><U25/><E77/><V67/><F126/><W66/><G66/><T122/><D133/><U128/><E128/><V19/><F67/><W79/><G79/><T64/><D110/><U57/><E21/><V113/><F71/><W4/><G4/><T82/><D115/><U124/><E124/><V96/><F96/><W60/><G60/><T95/><D49/><U5/><E5/><V68/><F68/><W38/><REACH who="3" step="1"/><G28/><REACH who="3" ten="302,255,113,320" step="2"/><T69/><D65/><U121/><E121/><V97/><F113/><W94/><AGARI ba="0,1" hai="11,12,18,32,34,36,38,39,41,46,51,86,88,94" machi="94" ten="30,18000,2" yaku="1,1,2,1,0,1,54,1,53,3" doraHai="20" doraHaiUra="70" who="3" fromWho="3" sc="302,-60,255,-60,113,-60,320,190" owari="242,4.0,195,-20.0,53,-45.0,510,61.0" /></mjloggm>