<mjloggm ver="2.3"><GO type="169" lobby="0"/><UN n0="%E3%83%88%E3%83%88%E3%83%AA%E5%85%88%E7%94%9F%31%39%E6%AD%B3" n1="%E3%82%AB%E3%83%AB%E3%83%93" n2="%E8%88%AC%E5%8D%93%E6%B0%91%E3%81%AE%E6%9C%9D%E3%81%AF%E6%97%A9%E3%81%84" n3="%E3%83%A9%E3%83%A0%E3%83%80%E3%81%95%E3%82%93" dan="18,16,17,16" rate="2252.80,2109.12,2159.58,2195.11" sx="F,M,M,M"/><TAIKYOKU oya="0"/><INIT seed="0,0,0,4,2,77" ten="250,250,250,250" oya="0" hai0="55,38,18,74,11,4,36,97,37,34,100,1,32" hai1="40,58,0,94,10,30,81,50,132,113,51,28,76" hai2="45,110,15,59,117,119,122,14,130,29,118,57,7" hai3="109,60,128,9,43,84,80,105,52,133,21,12,124"/><T66/><D18/><U73/><E132/><V71/><F122/><W22/><G105/><T120/><D120/><U114/><E94/><V19/><F71/><W78/><G133/><T17/><D17/><U61/><E0/><V46/><F29/><W42/><G109/><T88/><D55/><U92/><E92/><V87/><F110/><W111/><G111/><T6/><D88/><U101/><E101/><V26/><F26/><W134/><G134/><T126/><D126/><U116/><E116/><V125/><F125/><W25/><G128/><T41/><D41/><U39/><E39/><V107/><F107/><W86/><G124/><T98/><D6/><U67/><E10/><N who="2" m="4447" /><F87/><W2/><G2/><T82/><D66/><U65/><E65/><V54/><F130/><W103/><G103/><T64/><D64/><U93/><E93/><V85/><F85/><W69/><G69/><T83/><D97/><U70/><E70/><V123/><F123/><W3/><G3/><T95/><REACH who="0" step="1"/><D74/><REACH who="0" ten="240,250,250,250" step="2"/><U33/><E40/><V13/><F19/><W62/><G84/><T5/><D5/><U49/><REACH who="1" step="1"/><E33/><AGARI ba="0,1" hai="1,4,11,32,33,34,36,37,38,82,83,95,98,100" machi="33" ten="50,12000,1" yaku="1,1,52,2,53,1" doraHai="77" doraHaiUra="96" who="0" fromWho="1" sc="240,130,250,-120,250,0,250,0" /><INIT seed="0,1,0,3,4,117" ten="370,130,250,250" oya="0" hai0="127,4,114,112,110,105,11,93,72,41,67,101,5" hai1="33,26,132,50,38,23,119,0,91,15,10,6,34" hai2="40,129,45,126,79,134,55,97,49,108,107,22,109" hai3="106,104,54,68,2,83,77,35,130,48,82,70,98"/><T56/><D72/><U43/><E119/><V89/><F126/><W3/><G35/><T30/><D105/><U46/><E132/><V111/><F134/><W76/><G48/><T60/><D127/><U12/><E91/><V25/><F129/><W118/><G118/><T131/><D131/><U20/><E38/><V100/><F79/><W27/><G27/><T128/><D128/><U96/><E96/><V13/><F89/><W133/><G130/><T63/><D110/><U32/><REACH who="1" step="1"/><E23/><REACH who="1" ten="370,120,250,250" step="2"/><V53/><REACH who="2" step="1"/><F13/><REACH who="2" ten="370,120,240,250" step="2"/><W36/><G133/><T120/><D112/><U99/><E99/><V57/><F57/><W122/><G98/><T19/><D56/><U61/><E61/><V58/><F58/><W84/><G77/><T39/><D63/><U18/><AGARI ba="1,2" hai="0,6,10,12,15,18,20,26,32,33,34,43,46,50" machi="18" ten="30,2000,0" yaku="1,1,0,1,53,0" doraHai="117" doraHaiUra="116" who="1" fromWho="1" sc="370,-11,120,43,240,-6,250,-6" /><INIT seed="1,0,0,2,0,17" ten="359,163,234,244" oya="1" hai0="48,94,91,126,54,57,37,108,6,103,81,111,65" hai1="56,107,110,8,3,69,18,61,85,36,46,1,122" hai2="0,26,99,117,64,125,72,97,39,16,5,135,41" hai3="29,84,66,133,102,114,27,50,92,70,4,40,28"/><U104/><E122/><V21/><F117/><W53/><G114/><T12/><D37/><U100/><E69/><V47/><F72/><W25/><G133/><T52/><D126/><U11/><E110/><N who="0" m="42025" /><D103/><U96/><E107/><V80/><F125/><W86/><G40/><T33/><D81/><U87/><E8/><V90/><F135/><W10/><G66/><T62/><D33/><U134/><E134/><V42/><F42/><W7/><G70/><T24/><D24/><U98/><E98/><V115/><F64/><W109/><G109/><T123/><D123/><U101/><E101/><V30/><F115/><W9/><G102/><T130/><D130/><U119/><E119/><V67/><F67/><W15/><G50/><T31/><D31/><U120/><E120/><V71/><F71/><W83/><G92/><T44/><D12/><U59/><E59/><V77/><F30/><W23/><G53/><N who="0" m="29831" /><D6/><U60/><E1/><V88/><F80/><W76/><G83/><T105/><D105/><U32/><E32/><V78/><F5/><W20/><G76/><N who="2" m="29289" /><F39/><W132/><G132/><T55/><D65/><U93/><E3/><AGARI ba="0,0" hai="3,4,7,9,10,15,20,23,25,27,28,29,84,86" machi="3" ten="30,7700,0" yaku="7,1,9,1,52,2" doraHai="17" who="3" fromWho="1" sc="359,0,163,-77,234,0,244,77" /><INIT seed="2,0,0,5,5,27" ten="359,86,234,321" oya="2" hai0="92,132,66,0,32,24,26,60,29,124,95,88,18" hai1="67,58,71,84,53,131,73,52,74,45,42,70,28" hai2="109,100,15,103,116,76,62,2,105,129,21,110,79" hai3="102,94,75,43,123,31,6,12,108,111,114,115,96"/><V135/><F116/><W7/><G123/><T55/><D0/><U39/><E131/><V3/><F129/><W122/><G122/><T81/><D132/><U99/><E99/><V113/><F113/><N who="3" m="43019" /><G75/><T98/><D124/><U133/><E133/><V23/><F135/><W34/><G43/><T16/><D55/><U90/><E28/><V37/><F37/><W41/><G41/><T130/><D130/><U30/><E30/><V17/><F62/><W119/><G119/><T82/><D95/><U128/><E128/><V78/><F23/><W97/><G97/><T9/><D26/><U118/><E118/><V87/><F87/><W126/><G126/><T125/><D125/><U107/><E107/><V63/><F63/><W13/><G13/><T72/><D9/><U86/><E86/><V36/><F36/><W134/><G134/><T46/><D46/><U59/><E73/><V50/><F50/><W83/><G83/><T44/><D44/><U51/><E74/><V106/><F106/><W25/><G12/><T8/><D8/><U104/><E104/><V112/><F112/><W68/><G68/><T101/><D101/><N who="2" m="38986" /><F105/><W19/><G19/><T127/><D127/><U64/><E84/><V10/><F10/><W49/><G49/><T77/><REACH who="0" step="1"/><D82/><REACH who="0" ten="349,86,234,321" step="2"/><U89/><E90/><V120/><F120/><W22/><G34/><T57/><AGARI ba="0,1" hai="16,18,24,29,32,57,60,66,72,77,81,88,92,98" machi="57" ten="20,12000,2" yaku="1,1,2,1,0,1,7,1,52,1,54,2,53,0" doraHai="27" doraHaiUra="117" who="0" fromWho="0" sc="349,130,86,-30,234,-60,321,-30" /><INIT seed="3,0,0,0,1,78" ten="479,56,174,291" oya="3" hai0="130,91,96,24,30,109,69,21,66,127,26,61,64" hai1="82,108,119,128,92,5,48,71,134,132,57,19,20" hai2="93,99,123,51,86,11,110,39,104,97,25,29,126" hai3="10,120,2,83,63,9,55,27,106,8,70,121,40"/><W58/><G2/><T74/><D74/><U4/><E71/><V67/><F39/><W89/><G106/><T34/><D130/><U31/><E128/><V111/><F126/><W53/><G40/><T12/><D127/><U13/><E108/><N who="2" m="41515" /><F123/><W98/><G70/><T115/><D109/><U43/><E119/><V122/><F122/><W35/><G55/><T129/><D129/><U47/><E31/><V14/><F67/><W77/><G35/><T38/><D38/><U7/><E92/><V80/><F51/><W81/><G27/><T112/><D12/><U49/><REACH who="1" step="1"/><E82/><REACH who="1" ten="479,46,174,291" step="2"/><V117/><F93/><W15/><G121/><T84/><D69/><U101/><E101/><V36/><F117/><W72/><G120/><T42/><D30/><U62/><E62/><V94/><F94/><W44/><G98/><T45/><D61/><U22/><E22/><N who="2" m="15543" /><F104/><W56/><G63/><T135/><D96/><U85/><E85/><V125/><F125/><W113/><G83/><T88/><D84/><U59/><E59/><V68/><F68/><W87/><G56/><T105/><D105/><U90/><E90/><N who="2" m="51527" /><F36/><W28/><G58/><T118/><D118/><U16/><E16/><AGARI ba="0,1" hai="11,14,16,97,99" m="51527,15543,41515" machi="16" ten="30,3900,0" yaku="14,1,52,1,54,1" doraHai="78" who="2" fromWho="1" sc="479,0,46,-39,174,49,291,0" /><INIT seed="4,0,0,2,1,61" ten="479,7,223,291" oya="0" hai0="117,35,38,48,55,111,42,36,101,85,128,96,28" hai1="47,30,115,133,32,58,94,37,126,66,21,129,99" hai2="64,112,29,70,15,54,86,118,73,93,0,131,53" hai3="49,87,106,63,59,108,105,109,40,56,90,79,31"/><T23/><D117/><U121/><E121/><V122/><F122/><W119/><G119/><T62/><D35/><U27/><E126/><V9/><F118/><W110/><G79/><T12/><D128/><U107/><E129/><V10/><F131/><W39/><G39/><T114/><D114/><U18/><E133/><V60/><F73/><W103/><G31/><T17/><D28/><U20/><E115/><V98/><F112/><W1/><G1/><T104/><D42/><U16/><E107/><V33/><F86/><W13/><G13/><T124/><D124/><U7/><E7/><V5/><F29/><W8/><G8/><T41/><D41/><U69/><E69/><V127/><F33/><W44/><G103/><T77/><D111/><U50/><E37/><V22/><F22/><W74/><G74/><T43/><D43/><U80/><E80/><V82/><F82/><W25/><G25/><T97/><D97/><U130/><E130/><V65/><F65/><W14/><G14/><T19/><D85/><U24/><E58/><V92/><F127/><W3/><G3/><T78/><D36/><U88/><E66/><V102/><REACH who="2" step="1"/><F93/><REACH who="2" ten="479,7,213,291" step="2"/><W123/><G123/><T100/><D23/><U116/><E116/><V67/><F67/><W120/><G120/><T83/><D83/><U113/><E113/><V125/><F125/><W135/><G110/><T34/><D34/><U68/><E68/><V76/><F76/><W72/><G109/><T89/><D78/><U26/><E47/><V11/><F11/><W71/><G44/><T57/><D77/><U132/><E132/><RYUUKYOKU ba="0,1" sc="479,-15,7,15,213,15,291,-15" hai1="16,18,20,21,24,26,27,30,32,50,88,94,99" hai2="0,5,9,10,15,53,54,60,64,70,92,98,102" /><INIT seed="5,1,1,4,5,94" ten="464,22,228,276" oya="1" hai0="55,76,118,25,135,38,20,11,57,95,21,42,112" hai1="31,99,26,62,14,8,7,128,133,66,109,37,121" hai2="28,59,41,19,47,77,30,83,52,63,125,80,1" hai3="40,82,5,104,2,44,113,24,15,67,126,85,60"/><U132/><E121/><V74/><F125/><W27/><G2/><T120/><D118/><U65/><E37/><V0/><F80/><W127/><G104/><T84/><D112/><U115/><E115/><V124/><F124/><N who="3" m="47659" /><G113/><T81/><D135/><N who="1" m="51787" /><E128/><V108/><F108/><W97/><G97/><T16/><D120/><U3/><E109/><V29/><REACH who="2" step="1"/><F19/><REACH who="2" ten="464,22,218,276" step="2"/><W32/><G82/><T70/><D16/><U4/><E99/><V46/><F46/><W6/><G44/><T54/><D81/><U10/><E62/><V78/><F78/><W96/><G60/><T114/><D76/><U93/><E93/><V116/><F116/><W88/><G96/><T123/><D95/><U58/><E58/><V34/><F34/><AGARI ba="1,2" hai="3,4,7,8,10,14,26,31,34,65,66" m="51787" machi="34" ten="30,1500,0" yaku="20,1" doraHai="94" who="1" fromWho="2" sc="464,0,22,38,218,-18,276,0" /><INIT seed="5,2,0,4,3,17" ten="464,60,200,276" oya="1" hai0="107,23,129,85,13,109,72,58,123,1,100,79,47" hai1="92,98,0,61,57,99,28,2,95,4,83,19,38" hai2="51,55,27,119,9,133,106,22,10,88,82,50,80" hai3="30,7,97,114,104,21,29,110,120,49,130,33,94"/><U126/><E38/><V45/><F119/><W73/><G110/><T111/><D1/><U105/><E105/><V52/><F106/><W87/><G120/><T48/><D72/><U31/><E126/><V65/><F65/><W53/><G73/><T54/><D123/><U12/><E83/><N who="2" m="31787" /><F88/><W81/><G104/><T121/><D121/><U76/><E76/><V102/><F102/><W103/><G33/><T32/><D32/><U3/><E4/><V115/><F133/><W15/><G114/><T74/><D74/><U71/><E71/><V91/><F91/><W8/><G130/><T86/><D129/><U66/><E95/><V46/><F115/><W90/><REACH who="3" step="1"/><G21/><REACH who="3" ten="464,60,200,266" step="2"/><T5/><D23/><U6/><E6/><V60/><F60/><W62/><G62/><T41/><D5/><U43/><E43/><V118/><F118/><W75/><G75/><T42/><D42/><U20/><REACH who="1" step="1"/><E99/><REACH who="1" ten="464,50,200,266" step="2"/><V36/><F36/><W18/><G18/><AGARI ba="2,2" hai="9,10,18,22,27,45,46,50,51,52,55" m="31787" machi="18" ten="30,3900,0" yaku="8,1,52,1,54,1" doraHai="17" who="2" fromWho="3" sc="464,0,50,0,200,65,266,-45" /><INIT seed="6,0,0,2,2,103" ten="464,50,265,221" oya="2" hai0="52,127,101,134,14,44,82,113,56,106,10,71,96" hai1="1,2,45,94,115,59,12,36,76,131,53,68,111" hai2="43,39,61,22,65,86,95,47,63,109,114,17,27" hai3="29,118,64,98,124,88,129,6,34,87,46,31,110"/><V104/><F114/><W73/><G110/><T70/><D113/><U108/><E94/><V9/><F109/><W102/><G118/><T79/><D44/><U72/><E76/><V78/><F104/><W25/><G73/><T91/><D91/><U32/><E12/><V40/><F40/><W74/><G74/><T19/><D134/><U133/><E53/><V125/><F125/><W23/><G124/><T130/><D130/><U55/><E59/><V24/><F9/><W58/><G129/><T33/><D33/><U8/><E55/><V0/><F0/><W5/><G46/><T57/><D57/><U132/><E45/><V30/><F65/><W84/><G84/><T116/><D127/><U7/><E8/><V41/><F41/><W105/><G31/><T54/><D116/><U51/><E7/><V119/><F119/><W77/><G77/><T83/><D54/><U50/><E51/><V13/><F27/><W92/><REACH who="3" step="1"/><G34/><REACH who="3" ten="464,50,265,211" step="2"/><T89/><D79/><U4/><E111/><V42/><F47/><W97/><G97/><T62/><D96/><U99/><E99/><V121/><F78/><W21/><G21/><T80/><D10/><U135/><E132/><V120/><F22/><W122/><G122/><T75/><D75/><U16/><E135/><V18/><F30/><W100/><G100/><T85/><D101/><U49/><E72/><V128/><F128/><W117/><G117/><T3/><D85/><U126/><E133/><V11/><F120/><W20/><G20/><T26/><D89/><U60/><E126/><V67/><F121/><W93/><G93/><RYUUKYOKU ba="0,1" sc="464,-10,50,-10,265,-10,211,30" hai3="5,6,23,25,29,58,64,87,88,92,98,102,105" /><INIT seed="7,1,1,0,3,123" ten="454,40,255,241" oya="3" hai0="64,107,36,17,127,8,34,117,24,101,48,42,65" hai1="94,114,16,113,126,37,1,49,61,59,53,27,6" hai2="102,12,21,29,97,67,3,31,44,68,108,22,88" hai3="74,111,79,92,30,9,56,4,72,132,52,54,116"/><W99/><G116/><T66/><D117/><U38/><E94/><N who="2" m="58679" /><F68/><W14/><G132/><T119/><D119/><U115/><E6/><V78/><F108/><W25/><G111/><T90/><D36/><U77/><E77/><V13/><F3/><W43/><G43/><T103/><D127/><U129/><E1/><V89/><F67/><W15/><G15/><N who="2" m="5705" /><F78/><W19/><G4/><T41/><D107/><U91/><E91/><N who="2" m="34891" /><F44/><W35/><G79/><T0/><D17/><U23/><E126/><V75/><F75/><W26/><G26/><T70/><D48/><U95/><E129/><V33/><F33/><W7/><G7/><T109/><D42/><U62/><E95/><V73/><F73/><W20/><G35/><T18/><D109/><U2/><REACH who="1" step="1"/><E2/><REACH who="1" ten="454,30,255,241" step="2"/><V50/><F50/><W46/><G92/><T105/><D0/><U45/><E45/><V85/><F85/><W100/><G46/><T124/><D124/><U98/><E98/><V104/><F104/><W32/><G99/><T122/><D122/><U55/><E55/><V120/><F120/><W133/><G54/><T39/><D105/><U11/><E11/><V110/><F110/><W63/><G100/><T80/><D101/><U87/><E87/><V60/><F60/><AGARI ba="1,2" hai="16,23,27,37,38,49,53,59,60,61,62,113,114,115" machi="60" ten="40,5200,0" yaku="1,1,15,1,54,1,53,0" doraHai="123" doraHaiUra="128" who="1" fromWho="2" sc="454,0,30,75,255,-55,241,0" owari="454,55.0,105,-39.0,200,-20.0,241,4.0" /></mjloggm>