<mjloggm ver="2.3"><GO type="169" lobby="0"/><UN n0="%E5%B0%B1%E6%B4%BB%E7%94%9F%40%E5%B7%9D%E6%9D%91%E8%BB%8D%E5%9B%A3" n1="%E3%82%B8%E3%83%A3%E3%82%B9%E3%83%9F%E3%83%B3%E7%8E%8B%E5%AD%90" n2="%48%65%61%72%E2%80%A0%73%31%38" n3="%73%68%61%70%65%6C%65%72" dan="18,16,17,17" rate="2241.71,2095.63,2145.35,2164.45" sx="M,M,F,M"/><TAIKYOKU oya="0"/><INIT seed="0,0,0,3,0,131" ten="250,250,250,250" oya="0" hai0="107,82,95,78,16,70,117,90,21,130,64,6,60" hai1="101,83,23,119,88,121,27,40,114,104,15,41,47" hai2="110,92,111,118,30,125,22,98,63,132,103,93,85" hai3="19,55,97,128,112,81,7,43,14,28,135,127,87"/><T134/><D130/><U24/><E119/><V108/><F118/><W80/><G128/><T17/><D117/><U86/><E121/><V36/><F36/><W106/><G112/><T57/><D107/><U61/><E114/><V42/><F42/><W34/><G7/><T72/><D134/><U26/><E104/><V109/><F132/><W1/><G1/><T76/><D76/><U9/><E101/><V33/><F111/><W73/><G135/><T96/><D6/><U77/><E61/><V115/><F115/><W67/><G43/><T56/><REACH who="0" step="1"/><D17/><REACH who="0" ten="240,250,250,250" step="2"/><U94/><E77/><V51/><F110/><W75/><G19/><T46/><D46/><U45/><E45/><V105/><F105/><W124/><G106/><T89/><D89/><U0/><E47/><V32/><F109/><W49/><G127/><T91/><D91/><U99/><E88/><N who="2" m="53263" /><F125/><W79/><G124/><T13/><AGARI ba="0,1" hai="13,16,21,56,57,60,64,70,72,78,82,90,95,96" machi="13" ten="20,12000,1" yaku="1,1,0,1,7,1,54,1,53,1" doraHai="131" doraHaiUra="58" who="0" fromWho="0" sc="240,130,250,-40,250,-40,250,-40" /><INIT seed="0,1,0,3,0,69" ten="370,210,210,210" oya="0" hai0="89,57,104,123,68,81,98,77,4,105,134,119,10" hai1="80,9,85,82,55,44,97,46,70,100,71,127,122" hai2="17,102,27,58,110,54,96,101,106,103,109,8,107" hai3="50,24,47,121,42,22,33,84,43,56,34,128,72"/><T20/><D123/><U78/><E122/><V25/><F8/><W1/><G72/><T91/><D68/><U116/><E116/><V16/><F25/><W23/><G121/><T125/><D119/><U59/><E127/><V41/><F41/><W114/><G114/><T29/><D125/><U67/><E67/><V30/><F30/><W73/><G73/><T135/><D57/><U65/><E65/><V19/><F27/><W12/><G1/><T93/><D29/><U11/><E71/><V0/><F0/><W2/><G2/><T61/><D20/><U129/><E129/><V14/><F14/><W51/><G128/><T130/><D61/><U52/><E70/><V112/><F112/><W131/><G131/><T40/><D40/><U126/><E80/><V36/><F36/><W6/><G34/><T21/><D21/><U63/><E126/><V49/><REACH who="2" step="1"/><F96/><REACH who="2" ten="370,210,200,210" step="2"/><W132/><G24/><T37/><D37/><U133/><E11/><V7/><F7/><W79/><G6/><T118/><D10/><U117/><E9/><V62/><F62/><W87/><G42/><T18/><D4/><U64/><E97/><V28/><F28/><W31/><G43/><T83/><D18/><U48/><E63/><V45/><F45/><W66/><G47/><T108/><D130/><U88/><E46/><V113/><F113/><W120/><G31/><T39/><D39/><U15/><E15/><V26/><F26/><W32/><G120/><T3/><D3/><U5/><E44/><V92/><F92/><W124/><G124/><T38/><D98/><U74/><E5/><RYUUKYOKU ba="1,1" sc="370,-10,210,-10,200,30,210,-10" hai2="16,17,19,49,54,58,101,102,103,106,107,109,110" /><INIT seed="1,2,1,4,5,113" ten="360,200,230,200" oya="1" hai0="57,73,130,81,88,108,9,41,123,58,111,101,109" hai1="115,128,22,45,65,16,18,129,44,12,7,1,63" hai2="75,99,106,20,56,47,3,107,6,119,78,2,29" hai3="98,39,69,28,72,52,51,126,15,121,105,19,23"/><U117/><E115/><V132/><F56/><W13/><G39/><T42/><D123/><U25/><E7/><V38/><F132/><W83/><G121/><T120/><D120/><U43/><E1/><V46/><F20/><W36/><G36/><T67/><D130/><N who="1" m="50283" /><E117/><V10/><F119/><W68/><G126/><T11/><D101/><U95/><E95/><V53/><F29/><W31/><G69/><T89/><D73/><U30/><E43/><N who="0" m="16393" /><D81/><U33/><E18/><V40/><F99/><W61/><G72/><T34/><D34/><U84/><E84/><V21/><F21/><W100/><G83/><T134/><D67/><U59/><AGARI ba="2,1" hai="12,16,22,25,30,33,44,45,59,63,65" m="50283" machi="59" ten="30,3000,0" yaku="19,1,54,1" doraHai="113" who="1" fromWho="1" sc="360,-12,200,46,230,-12,200,-12" /><INIT seed="1,3,0,1,2,129" ten="348,246,218,188" oya="1" hai0="38,47,116,22,20,97,93,49,57,99,96,89,109" hai1="90,44,135,6,21,28,31,92,66,117,79,68,34" hai2="54,51,84,42,29,102,77,24,107,114,86,14,15" hai3="7,113,50,18,8,88,69,13,95,81,128,119,26"/><U126/><E117/><V118/><F42/><W1/><G128/><T71/><D71/><U85/><E126/><V98/><F118/><W33/><G119/><T73/><D73/><U41/><E34/><V82/><F114/><W17/><G113/><T60/><D116/><U125/><E125/><V100/><F102/><W63/><G81/><T91/><D38/><U110/><E110/><V123/><F86/><W0/><G50/><T3/><D3/><U59/><E135/><V106/><F106/><W62/><G1/><T108/><D108/><U74/><E68/><V25/><F123/><W80/><G80/><T104/><D104/><U16/><E6/><V12/><REACH who="2" step="1"/><F29/><REACH who="2" ten="348,246,208,188" step="2"/><W45/><G69/><T103/><D109/><U67/><E74/><V78/><F78/><W127/><G127/><T122/><D122/><U4/><E79/><V115/><F115/><W9/><G45/><AGARI ba="3,1" hai="12,14,15,24,25,45,51,54,77,82,84,98,100,107" machi="45" ten="40,2600,0" yaku="1,1,53,1" doraHai="129" doraHaiUra="75" who="2" fromWho="3" sc="348,0,246,0,208,45,188,-35" /><INIT seed="2,0,0,5,0,55" ten="348,246,253,153" oya="2" hai0="16,88,17,111,45,81,7,113,40,85,67,47,86" hai1="13,0,92,32,22,135,58,84,74,34,56,43,100" hai2="68,110,97,65,50,105,69,106,21,118,36,83,116" hai3="4,128,25,62,87,73,11,23,72,82,121,130,27"/><V115/><F115/><W1/><G121/><T3/><D113/><U125/><E0/><V119/><F50/><W107/><G107/><N who="2" m="40969" /><F97/><W101/><G101/><T78/><D111/><U114/><E114/><V104/><F104/><W117/><G117/><T103/><D103/><U91/><E125/><V33/><F21/><W53/><G27/><T129/><D129/><U109/><E109/><V102/><F102/><W6/><G6/><T48/><D67/><U20/><E135/><V61/><F110/><W29/><G128/><T54/><D7/><U122/><E122/><V5/><F5/><W52/><G130/><T126/><D3/><U18/><E74/><V57/><F57/><N who="1" m="22121" /><E34/><V64/><F83/><W120/><G120/><T59/><D126/><U2/><E32/><V89/><F89/><W26/><G62/><N who="0" m="36215" /><D45/><U49/><E2/><V95/><F95/><AGARI ba="0,0" hai="16,17,40,47,48,78,81,85,86,88,95" m="36215" machi="95" ten="30,7700,0" yaku="8,1,52,1,54,2" doraHai="55" who="0" fromWho="2" sc="348,77,246,0,253,-77,153,0" /><INIT seed="3,0,0,3,2,111" ten="425,246,176,153" oya="3" hai0="54,106,10,69,107,134,74,129,117,16,68,89,60" hai1="41,120,71,27,131,19,95,83,62,44,5,29,43" hai2="123,126,88,85,112,105,75,115,58,6,53,78,25" hai3="28,110,32,94,21,133,103,14,3,35,113,76,26"/><W64/><G3/><T1/><D117/><U55/><E120/><V42/><F123/><W8/><G110/><T34/><D74/><U15/><E131/><V109/><F109/><W18/><G133/><T59/><D34/><U65/><E5/><V17/><F6/><W31/><G76/><T20/><D134/><U135/><E135/><V82/><F42/><W73/><G73/><T39/><D39/><U70/><E70/><V72/><F105/><W121/><G121/><T49/><D129/><U127/><E127/><V66/><F66/><W98/><G31/><T116/><D116/><U97/><E83/><V87/><F72/><W122/><G122/><T119/><D119/><U9/><E55/><V90/><F75/><W46/><G46/><T13/><D89/><U47/><E47/><V118/><F126/><W79/><G79/><T57/><D69/><U4/><E4/><V108/><F108/><W100/><G100/><T12/><D68/><U124/><E44/><V22/><F118/><W102/><G102/><T24/><D1/><U52/><E52/><V92/><F78/><W77/><G77/><T36/><D36/><U56/><E71/><V91/><F90/><W2/><G2/><T61/><D13/><U104/><E104/><V7/><F7/><W50/><G64/><N who="0" m="38927" /><D106/><U80/><E80/><V0/><F0/><W130/><G130/><T96/><D107/><U37/><E37/><V101/><F101/><W11/><G35/><T23/><D61/><AGARI ba="0,0" hai="17,22,25,53,58,61,82,85,87,88,91,92,112,115" machi="61" ten="30,7700,0" yaku="7,1,52,2,54,1" doraHai="111" who="2" fromWho="0" sc="425,-77,246,0,176,77,153,0" /><INIT seed="4,0,0,4,1,74" ten="348,246,253,153" oya="0" hai0="56,20,14,85,83,35,47,129,40,101,33,21,87" hai1="13,121,25,127,55,76,125,52,77,91,114,53,78" hai2="16,0,51,95,130,28,5,122,32,39,65,108,115" hai3="58,123,54,68,18,89,97,116,42,117,103,2,86"/><T50/><D129/><U26/><E121/><V11/><F122/><W126/><G68/><T112/><D112/><U3/><E3/><V132/><F115/><W44/><G123/><T84/><D101/><U12/><E91/><V102/><F130/><W59/><G2/><T99/><D99/><U15/><E114/><V41/><F65/><W45/><G126/><AGARI ba="0,0" hai="12,13,15,25,26,52,53,55,76,77,78,125,126,127" machi="126" ten="50,16000,3" yaku="29,2,28,2,18,1,52,3,54,1" doraHai="74" who="1" fromWho="3" sc="348,0,246,160,253,0,153,-160" owari="348,15.0,406,51.0,253,-15.0,-7,-51.0" /></mjloggm>