<mjloggm ver="2.3"><GO type="225" lobby="0"/><UN n0="%57%69%6E%73%74%6F%6E" n1="%48%69%74%6C%65%72" n2="%E3%82%A6%E3%83%AB%E3%83%88%E3%83%A9%E7%AB%8B%E7%9B%B4" n3="%E3%81%BF%E3%81%BF%E3%81%9A" dan="16,17,17,16" rate="2127.86,2221.85,2104.72,2185.13" sx="F,M,M,M"/><TAIKYOKU oya="0"/><INIT seed="0,0,0,4,3,81" ten="250,250,250,250" oya="0" hai0="19,100,135,29,123,73,67,6,70,127,2,75,125" hai1="116,48,57,61,33,35,76,49,27,20,82,99,16" hai2="79,84,12,91,89,64,53,3,85,97,78,39,26" hai3="119,54,56,69,59,34,105,129,10,15,86,118,133"/><T4/><D123/><U25/><E116/><V121/><F3/><W30/><G69/><T104/><D19/><U11/><E99/><V106/><F39/><W109/><G105/><T122/><D122/><U13/><E33/><V28/><F121/><W126/><G109/><T41/><D41/><U117/><E35/><V7/><F64/><W74/><G74/><N who="0" m="28171" /><D29/><U93/><E93/><V52/><F97/><W107/><G107/><T132/><D100/><U60/><E117/><V36/><F36/><W31/><G34/><T63/><D104/><U38/><E38/><V37/><F37/><W113/><G31/><T92/><D92/><U103/><E103/><V98/><F98/><W24/><G30/><T40/><D40/><U14/><E27/><V110/><F106/><W44/><G24/><T72/><N who="0" m="28179" /><T83/><DORA hai="120" /><D83/><U131/><E25/><V51/><F26/><W80/><G80/><T111/><D111/><U32/><E32/><V22/><F28/><W108/><G108/><T130/><D130/><U102/><E102/><V1/><F110/><W21/><G118/><T62/><D62/><U0/><E60/><V95/><F1/><W77/><G129/><T88/><D88/><U134/><E0/><V43/><F43/><W114/><G119/><T128/><D128/><U8/><E131/><V94/><F22/><W55/><G114/><T42/><D42/><U96/><E20/><V9/><F53/><W68/><G113/><T124/><D2/><U50/><E96/><V87/><F87/><W65/><G86/><T47/><D47/><AGARI ba="0,0" hai="7,9,12,47,51,52,78,79,84,85,89,91,94,95" machi="47" ten="30,12000,2" yaku="7,1,9,1,8,1,52,2,54,1" doraHai="81,120" who="2" fromWho="0" sc="250,-120,250,0,250,120,250,0" /><INIT seed="1,0,0,0,4,62" ten="130,250,370,250" oya="1" hai0="83,23,19,97,69,105,47,11,7,103,72,67,34" hai1="29,33,114,95,50,52,43,77,135,88,2,79,86" hai2="122,16,49,5,126,48,101,28,129,68,76,64,132" hai3="10,15,110,85,25,21,42,30,120,20,98,128,108"/><U134/><E114/><V41/><F122/><W102/><G120/><T130/><D130/><U56/><E2/><V22/><F28/><W45/><G128/><T17/><D34/><U44/><E29/><V40/><F5/><N who="3" m="3535" /><G85/><T71/><D71/><U13/><E33/><V32/><F101/><W81/><G81/><T70/><D70/><U121/><E121/><V119/><F48/><N who="3" m="26679" /><G30/><T82/><D47/><U59/><E13/><V113/><F22/><W116/><G25/><T115/><D115/><U100/><E100/><V127/><F49/><W73/><G73/><T1/><D72/><U74/><E59/><V91/><F40/><W78/><G78/><T24/><REACH who="0" step="1"/><D19/><REACH who="0" ten="120,250,370,250" step="2"/><U9/><E74/><V37/><F16/><W96/><G116/><T112/><D112/><U31/><E31/><V84/><F113/><W80/><G110/><T104/><D104/><U99/><E134/><V36/><F132/><W117/><G108/><T89/><D89/><N who="1" m="55791" /><E135/><V87/><F129/><W75/><G102/><T58/><D58/><U124/><E124/><V46/><F127/><W92/><G75/><T65/><D65/><U39/><E79/><V6/><F76/><W8/><G117/><T18/><D18/><U90/><E77/><V53/><F126/><W4/><G21/><T26/><D26/><U60/><E9/><V131/><F68/><W61/><G20/><T55/><D55/><U27/><E27/><V0/><F32/><W66/><G8/><T51/><D51/><U3/><E90/><V118/><F91/><W63/><G96/><T57/><D57/><U12/><E56/><RYUUKYOKU ba="0,1" sc="120,30,250,-10,370,-10,250,-10" hai0="1,7,11,17,23,24,67,69,82,83,97,103,105" /><INIT seed="2,1,1,3,3,110" ten="150,240,360,240" oya="2" hai0="99,43,73,48,45,115,134,109,103,32,60,85,98" hai1="27,82,3,114,92,111,12,130,11,81,15,101,49" hai2="26,132,75,84,89,46,62,121,5,58,9,116,0" hai3="2,7,122,33,4,25,126,129,120,38,88,71,106"/><V64/><F75/><W53/><G38/><T20/><D32/><U51/><E111/><V118/><F121/><W77/><G77/><T102/><D109/><U41/><E114/><V97/><F132/><W94/><G106/><T133/><D73/><U54/><E3/><V70/><F97/><N who="0" m="36874" /><D85/><U52/><E130/><V117/><F46/><W86/><G129/><T68/><D20/><U8/><E92/><V91/><F26/><W19/><G126/><T59/><D68/><U108/><E108/><V40/><F40/><W65/><G53/><N who="1" m="20586" /><E27/><V37/><F37/><W113/><G113/><T66/><D103/><U69/><E69/><V21/><F21/><W63/><G2/><T23/><D102/><U28/><E28/><V124/><F70/><W47/><G47/><T79/><D79/><U39/><E39/><V36/><F36/><W74/><G74/><T95/><D95/><U14/><E41/><V50/><F124/><W104/><G104/><T78/><D78/><U61/><E61/><V16/><F62/><W93/><G93/><T135/><D23/><U96/><E96/><V123/><F0/><W87/><G87/><T76/><D76/><U30/><E30/><V35/><F84/><W119/><G33/><T67/><D67/><U24/><E24/><V90/><F35/><W44/><G122/><T1/><D1/><U22/><E22/><V72/><F123/><W55/><G120/><T29/><D29/><U112/><E101/><V83/><F72/><W34/><G34/><T10/><D10/><N who="1" m="3627" /><E112/><AGARI ba="1,1" hai="43,45,48,59,60,66,112,115,133,134,135" m="36874" machi="112" ten="40,5200,0" yaku="20,1,52,2" doraHai="110" who="0" fromWho="1" sc="150,65,240,-55,360,0,240,0" /><INIT seed="3,0,0,2,5,16" ten="215,185,360,240" oya="3" hai0="23,120,116,113,114,106,94,20,59,131,122,81,125" hai1="130,62,28,70,101,91,104,87,8,45,102,105,65" hai2="98,118,22,11,10,64,92,15,117,7,50,119,123" hai3="31,86,57,69,89,29,99,83,9,109,95,129,24"/><W47/><G69/><T14/><D106/><U35/><E130/><V124/><F64/><W84/><G129/><T133/><D116/><U78/><E78/><V40/><F124/><W134/><G134/><T37/><D131/><U32/><E8/><V51/><F123/><N who="0" m="47146" /><D125/><U53/><E102/><V93/><F40/><W54/><G109/><T58/><D37/><U30/><E30/><V42/><F42/><W90/><G47/><T103/><D81/><U135/><E135/><V17/><F11/><W25/><G9/><T63/><D14/><U26/><E32/><V44/><F44/><W115/><G115/><N who="0" m="44043" /><D133/><U12/><E12/><V85/><F85/><W110/><G110/><T39/><D39/><U43/><E53/><V75/><F75/><W127/><G127/><T13/><D13/><U111/><E111/><V66/><F66/><W112/><G112/><T38/><D38/><U82/><REACH who="1" step="1"/><E101/><REACH who="1" ten="215,175,360,240" step="2"/><V71/><F10/><W46/><G31/><T97/><D59/><U107/><E107/><V21/><F15/><W79/><G29/><T128/><D128/><U4/><E4/><V88/><F7/><W68/><G46/><T49/><D49/><AGARI ba="0,1" hai="26,28,35,43,45,49,62,65,70,82,87,91,104,105" machi="49" ten="30,2000,0" yaku="1,1,7,1,53,0" doraHai="16" doraHaiUra="73" who="1" fromWho="0" sc="215,-20,175,30,360,0,240,0" owari="195,-30.0,205,-19.0,360,45.0,240,4.0" /></mjloggm>