<mjloggm ver="2.3"><GO type="169" lobby="0"/><UN n0="%E5%B0%B1%E6%B4%BB%E7%94%9F%40%E5%B7%9D%E6%9D%91%E8%BB%8D%E5%9B%A3" n1="%44%41%4E%4B%55" n2="%E3%81%95%E3%82%8A%E3%83%BC%E3%81%99%E3%81%93%E3%81%A3%E3%81%A8" n3="%E6%98%9F%E9%99%8D%E3%82%8B%E8%A1%97" dan="18,16,16,18" rate="2255.01,2027.13,2143.07,2232.28" sx="M,M,F,F"/><TAIKYOKU oya="0"/><INIT seed="0,0,0,0,5,73" ten="250,250,250,250" oya="0" hai0="78,64,68,84,2,33,127,30,124,32,126,113,80" hai1="13,110,116,41,59,18,70,54,88,37,129,22,4" hai2="45,29,28,98,63,50,114,103,35,87,134,66,72" hai3="108,44,101,0,69,61,51,107,3,132,105,85,16"/><T118/><D118/><U38/><E70/><V71/><F72/><W95/><G108/><T43/><D113/><U36/><E116/><V86/><F134/><W52/><G132/><T21/><D2/><U24/><E110/><V58/><F114/><W34/><G34/><T31/><D43/><U42/><E129/><V128/><F128/><W40/><G107/><T62/><REACH who="0" step="1"/><D21/><REACH who="0" ten="240,250,250,250" step="2"/><U81/><E42/><V79/><F35/><AGARI ba="0,1" hai="30,31,32,33,35,62,64,68,78,80,84,124,126,127" machi="35" ten="50,12000,1" yaku="1,1,2,1,18,1,52,1,53,0" doraHai="73" doraHaiUra="7" who="0" fromWho="2" sc="240,130,250,0,250,-120,250,0" /><INIT seed="0,1,0,4,5,4" ten="370,250,130,250" oya="0" hai0="123,59,98,27,58,0,2,55,97,75,47,26,92" hai1="107,77,5,15,63,40,118,64,71,124,30,42,85" hai2="89,6,3,48,18,120,113,116,72,66,45,1,99" hai3="28,61,91,8,17,78,96,131,83,90,109,39,134"/><T95/><D123/><U86/><E118/><V60/><F113/><W65/><G39/><T111/><D75/><U132/><E107/><V62/><F72/><W50/><G109/><T11/><D111/><U100/><E100/><V23/><F120/><W33/><G134/><T101/><D47/><U82/><E132/><V10/><F116/><W73/><G131/><T37/><D37/><U20/><E124/><V41/><F1/><W112/><G112/><T93/><D93/><U32/><E32/><V34/><F34/><W16/><G50/><T80/><D80/><U70/><E70/><V13/><F89/><W122/><G122/><T24/><D11/><U56/><E71/><V84/><F84/><W54/><G54/><T9/><D9/><N who="1" m="4527" /><E86/><V69/><REACH who="2" step="1"/><F60/><REACH who="2" ten="370,250,120,250" step="2"/><W135/><G135/><T94/><D101/><U106/><E85/><V104/><F104/><W115/><G115/><T81/><D81/><U128/><E106/><V76/><F76/><W119/><G119/><T31/><D31/><U130/><E77/><V36/><F36/><W127/><G90/><T102/><D102/><U133/><E133/><V52/><F52/><W53/><G53/><T79/><D55/><U46/><E42/><V25/><F25/><W43/><G43/><T14/><D79/><U125/><E125/><V88/><F88/><W103/><G91/><T87/><D87/><U129/><E82/><V49/><F49/><W126/><G127/><T22/><D2/><U57/><E128/><V12/><F12/><W51/><G126/><T105/><D0/><U67/><E129/><V110/><F110/><RYUUKYOKU ba="1,1" sc="370,-10,250,-10,120,30,250,-10" hai2="3,6,10,13,18,23,41,45,48,62,66,69,99" /><INIT seed="1,2,1,5,4,104" ten="360,240,150,240" oya="1" hai0="61,1,99,10,84,85,106,67,0,118,26,37,83" hai1="127,74,40,101,119,68,23,21,17,50,49,3,114" hai2="135,96,92,9,88,81,54,72,20,25,30,90,58" hai3="48,14,59,89,132,33,76,43,63,29,128,57,5"/><U2/><E114/><V46/><F135/><W130/><G132/><T97/><D118/><U28/><E68/><V12/><F46/><W112/><G112/><T79/><D37/><U16/><E119/><V125/><F125/><W105/><G105/><T134/><D134/><U19/><E127/><V103/><F81/><W7/><G76/><T113/><D113/><U124/><E124/><V108/><F108/><W78/><G78/><T91/><D106/><U86/><E86/><V55/><F72/><W98/><G29/><T52/><D26/><U4/><E101/><V115/><F115/><W71/><G33/><T34/><D34/><U69/><E69/><V111/><F111/><W35/><G35/><T27/><D27/><U87/><E87/><V75/><F75/><W126/><G71/><T80/><D10/><U133/><E133/><V18/><REACH who="2" step="1"/><F54/><REACH who="2" ten="360,240,140,240" step="2"/><N who="3" m="31943" /><G126/><T122/><D52/><U107/><E74/><V66/><F66/><W117/><G117/><T39/><D122/><U6/><E40/><V53/><F53/><N who="3" m="34287" /><G43/><T62/><D39/><U15/><E50/><AGARI ba="2,2" hai="9,12,18,20,25,30,50,55,58,88,90,92,96,103" machi="50" ten="30,7700,0" yaku="1,1,7,1,8,1,54,1,53,0" doraHai="104" doraHaiUra="131" who="2" fromWho="1" sc="360,0,240,-83,140,103,240,0" /><INIT seed="2,0,0,5,5,38" ten="360,157,243,240" oya="2" hai0="12,127,26,58,135,128,106,129,7,126,74,60,11" hai1="95,112,131,39,35,40,105,80,18,0,1,71,10" hai2="48,123,4,67,28,103,101,14,132,97,43,27,120" hai3="50,96,98,25,110,21,44,93,69,33,52,83,24"/><V113/><F113/><W118/><G69/><T134/><D106/><U72/><E105/><V46/><F132/><N who="0" m="50730" /><D74/><U94/><E71/><V32/><F67/><W76/><G118/><T90/><D90/><U87/><E112/><V49/><F49/><W34/><G110/><T45/><D45/><U88/><E35/><V37/><F37/><W133/><G25/><T66/><D26/><U61/><E61/><V77/><F77/><W19/><G98/><T99/><D99/><U3/><E72/><V23/><F101/><W8/><G8/><T56/><D56/><U121/><E121/><V82/><F82/><W115/><G115/><T16/><D7/><U31/><E31/><V91/><F91/><W62/><G62/><T55/><D66/><U9/><E131/><AGARI ba="0,0" hai="11,12,16,55,58,60,126,127,128,129,131" m="50730" machi="131" ten="30,8000,1" yaku="30,2,19,1,20,1,54,1" doraHai="38" who="0" fromWho="1" sc="360,80,157,-80,243,0,240,0" /><INIT seed="3,0,0,5,2,80" ten="440,77,243,240" oya="3" hai0="74,17,12,119,115,33,63,10,134,0,8,40,64" hai1="113,96,23,42,93,85,16,130,56,36,32,41,88" hai2="43,117,104,50,45,100,106,24,81,97,124,92,116" hai3="94,53,102,61,86,34,121,110,46,135,62,123,90"/><W133/><G34/><T76/><D119/><U126/><E32/><V11/><F124/><W9/><G9/><T120/><D120/><N who="3" m="46153" /><G110/><T79/><D115/><U72/><E72/><V129/><F129/><W127/><G127/><T99/><D134/><N who="3" m="51209" /><G102/><T103/><D33/><U35/><E35/><V37/><F37/><W58/><G46/><T49/><D0/><U3/><E3/><V47/><F47/><W59/><G59/><N who="0" m="36991" /><D74/><U132/><E36/><V31/><F11/><W5/><G5/><T91/><D103/><N who="1" m="60815" /><E132/><V19/><F117/><W95/><G62/><T71/><D10/><U29/><E126/><V57/><F116/><W101/><G101/><T2/><D2/><U87/><E113/><V78/><F106/><W109/><G109/><T65/><D65/><U128/><E29/><V15/><F104/><W112/><G112/><T27/><D27/><N who="1" m="14823" /><E56/><V26/><F57/><W28/><G28/><T6/><D6/><U125/><E125/><V18/><F31/><W51/><G61/><T105/><D105/><U4/><E4/><V7/><F7/><W122/><G122/><T89/><D71/><U48/><E48/><V98/><F18/><W83/><AGARI ba="0,0" hai="51,53,58,83,86,90,94,95" m="51209,46153" machi="83" ten="30,3000,0" yaku="20,1,52,1" doraHai="80" who="3" fromWho="3" sc="440,-10,77,-10,243,-10,240,30" /><INIT seed="3,1,0,4,2,100" ten="430,67,233,270" oya="3" hai0="78,31,51,90,69,76,127,57,55,104,118,25,49" hai1="82,119,97,66,20,102,94,36,13,34,89,110,19" hai2="9,21,3,38,106,12,64,33,60,44,54,45,85" hai3="18,70,11,67,79,120,22,7,37,16,24,88,126"/><W83/><G37/><T6/><D118/><U74/><E119/><V135/><F33/><W72/><G120/><T0/><D69/><U75/><E110/><V42/><F135/><W98/><G126/><T8/><D127/><U101/><E34/><V111/><F111/><W121/><G121/><T77/><D104/><U56/><E36/><V52/><F106/><W124/><G124/><T134/><D134/><U73/><E82/><V35/><F35/><W28/><G67/><T61/><REACH who="0" step="1"/><D90/><REACH who="0" ten="420,67,233,270" step="2"/><U4/><E101/><V93/><F3/><W92/><REACH who="3" step="1"/><G70/><REACH who="3" ten="420,67,233,260" step="2"/><T47/><D47/><U59/><E102/><V26/><F44/><W41/><G41/><T117/><D117/><U95/><E59/><V112/><F45/><W27/><G27/><T53/><D53/><U65/><E56/><V68/><F54/><W15/><AGARI ba="1,2" hai="7,11,15,16,18,22,24,28,72,79,83,88,92,98" machi="15" ten="20,12000,1" yaku="1,1,0,1,7,1,54,2,53,0" doraHai="100" doraHaiUra="48" who="3" fromWho="3" sc="420,-41,67,-41,233,-41,260,143" /><INIT seed="3,2,0,4,2,131" ten="379,26,192,403" oya="3" hai0="28,47,71,69,3,135,1,104,129,110,117,76,23" hai1="123,70,63,86,126,36,44,80,109,84,93,34,87" hai2="53,26,17,35,89,91,102,12,57,52,8,22,99" hai3="90,37,127,118,56,29,24,113,11,73,38,21,77"/><W116/><G113/><T7/><D129/><U65/><E34/><V9/><F35/><W82/><G127/><T94/><D104/><U106/><E106/><V124/><F124/><W107/><G107/><T45/><D76/><U78/><E126/><V55/><F57/><W32/><G21/><T130/><D130/><U48/><E109/><V16/><F8/><W49/><G90/><T121/><D7/><U2/><E2/><V67/><F67/><W98/><G98/><T41/><D41/><U83/><E123/><V20/><F9/><W114/><G114/><T112/><D94/><AGARI ba="2,0" hai="12,16,17,20,22,26,52,53,55,89,91,94,99,102" machi="94" ten="40,5200,0" yaku="8,1,54,2" doraHai="131" who="2" fromWho="0" sc="379,-58,26,0,192,58,403,0" /><INIT seed="4,0,0,4,5,28" ten="321,26,250,403" oya="0" hai0="126,69,92,23,82,1,96,55,42,94,135,67,21" hai1="100,62,72,9,85,117,119,53,37,90,61,18,14" hai2="0,130,110,133,24,26,50,2,41,109,36,81,68" hai3="125,95,93,33,98,128,52,104,65,124,54,106,66"/><T30/><D1/><U131/><E72/><V105/><F68/><W114/><G98/><T118/><D118/><U86/><E131/><V123/><F105/><W7/><G7/><T97/><D126/><U108/><E108/><V51/><F36/><W29/><G29/><T15/><D135/><U8/><E100/><V47/><F130/><W16/><G128/><T35/><D42/><U22/><E37/><V83/><F41/><W11/><G11/><T43/><D43/><U99/><E117/><V116/><F47/><W38/><G38/><T6/><D82/><U88/><E119/><V73/><F73/><W19/><G33/><T31/><D55/><U48/><E99/><V101/><F116/><W10/><G10/><T113/><D113/><AGARI ba="0,0" hai="16,19,52,54,65,66,93,95,104,106,113,114,124,125" machi="113" ten="25,6400,0" yaku="22,2,54,2" doraHai="28" who="3" fromWho="0" sc="321,-64,26,0,250,0,403,64" /><INIT seed="5,0,0,0,1,45" ten="257,26,250,467" oya="1" hai0="57,98,63,88,37,50,41,9,38,103,70,80,14" hai1="120,54,59,128,114,22,123,7,78,101,125,48,91" hai2="15,84,62,40,135,49,20,108,105,119,3,89,33" hai3="35,46,10,65,30,109,28,5,24,77,73,112,130"/><U132/><E78/><V87/><F3/><W79/><G109/><T121/><D70/><U75/><E75/><V8/><F33/><W69/><G73/><T16/><D121/><U117/><E117/><V60/><F105/><W127/><G30/><T47/><D80/><U83/><E101/><V104/><F104/><W19/><G19/><T23/><D9/><U12/><E123/><V71/><F71/><W93/><G127/><T85/><D85/><N who="1" m="50623" /><E120/><V67/><F67/><W134/><G134/><T43/><D43/><U102/><E102/><V21/><F108/><W90/><G65/><T25/><D14/><U64/><E132/><V124/><F124/><W13/><G69/><T26/><D26/><U96/><E125/><V56/><F135/><W53/><G130/><T107/><D88/><U92/><E128/><V18/><F119/><W2/><G2/><T106/><D106/><U72/><E72/><V126/><F126/><W11/><G11/><T4/><D4/><U115/><E64/><AGARI ba="0,0" hai="16,23,25,37,38,41,47,50,57,63,64,98,103,107" machi="64" ten="30,3900,0" yaku="7,1,52,1,54,1" doraHai="45" who="0" fromWho="1" sc="257,39,26,-39,250,0,467,0" owari="296,10.0,-13,-51.0,250,-15.0,467,56.0" /></mjloggm>