<mjloggm ver="2.3"><GO type="169" lobby="0"/><UN n0="%E5%B0%B1%E6%B4%BB%E7%94%9F%40%E5%B7%9D%E6%9D%91%E8%BB%8D%E5%9B%A3" n1="%EF%BC%92%EF%BC%97%EF%BC%93%EF%BC%97" n2="%E3%82%BC%E3%83%A9%E3%82%B9" n3="%E5%8F%8A%E5%B7%9D%E5%86%B0%E9%BA%97" dan="17,16,16,16" rate="2174.76,2045.23,2074.00,2090.77" sx="M,F,M,F"/><TAIKYOKU oya="0"/><INIT seed="0,0,0,4,2,99" ten="250,250,250,250" oya="0" hai0="61,68,56,27,31,8,41,90,70,50,51,49,43" hai1="76,66,133,48,13,57,120,25,7,131,96,47,45" hai2="125,118,26,24,52,4,21,17,14,98,94,81,85" hai3="0,64,109,10,95,46,124,34,115,23,128,60,29"/><T22/><D70/><U91/><E120/><V78/><F118/><W2/><G115/><T9/><D68/><U97/><E131/><V121/><F121/><W106/><G106/><T82/><D82/><U132/><E76/><V6/><F125/><W87/><G87/><T44/><D90/><U110/><E25/><N who="2" m="9835" /><F52/><W54/><G54/><T83/><D83/><U36/><E36/><V39/><F39/><W20/><G95/><T15/><D44/><U88/><E110/><V5/><F5/><W53/><G109/><T72/><D72/><U1/><E1/><V18/><F18/><W12/><G53/><N who="0" m="33935" /><D9/><U55/><E66/><V93/><F93/><W71/><G60/><T63/><D63/><U3/><E3/><V65/><F65/><W11/><G64/><T28/><D31/><U123/><E123/><V100/><AGARI ba="0,0" hai="4,6,14,17,21,78,81,85,94,98,100" m="9835" machi="100" ten="30,2000,0" yaku="8,1,52,1" doraHai="99" who="2" fromWho="2" sc="250,-10,250,-5,250,20,250,-5" /><INIT seed="1,0,0,1,1,88" ten="240,245,270,245" oya="1" hai0="15,89,53,30,37,83,121,55,11,50,6,0,95" hai1="70,132,18,105,29,46,28,36,62,31,106,63,92" hai2="79,127,66,27,44,33,16,23,17,128,80,8,90" hai3="42,82,34,12,99,96,77,112,38,115,98,73,4"/><U129/><E129/><V84/><F128/><W10/><REACH who="3" step="1"/><G34/><REACH who="3" ten="240,245,270,235" step="2"/><T124/><D121/><U76/><E132/><V13/><F127/><W65/><G65/><T93/><D124/><U39/><E105/><V14/><F66/><W116/><G116/><T47/><D37/><U67/><E106/><V97/><F33/><W43/><G43/><T24/><D0/><U130/><E130/><V103/><F44/><AGARI ba="0,1" hai="4,10,12,38,42,44,73,77,82,96,98,99,112,115" machi="44" ten="40,5200,0" yaku="21,2,53,1" doraHai="88" doraHaiUra="9" who="3" fromWho="2" sc="240,0,245,0,270,-52,235,62" /><INIT seed="2,0,0,1,5,72" ten="240,245,218,297" oya="2" hai0="59,112,76,80,23,32,28,14,75,20,36,73,12" hai1="6,95,98,0,29,70,67,115,90,71,61,77,130" hai2="11,83,38,52,107,132,1,119,106,51,134,57,105" hai3="48,35,58,89,91,110,5,131,85,118,49,74,62"/><V100/><F119/><W33/><G74/><T108/><D112/><U9/><E115/><V50/><F38/><W46/><G118/><T93/><D36/><U47/><E130/><V84/><F11/><W26/><G131/><T82/><D108/><U15/><E29/><V17/><F17/><W102/><G110/><T56/><D93/><U21/><E47/><V78/><F1/><W92/><G102/><T117/><D117/><U43/><E43/><V54/><REACH who="2" step="1"/><F100/><REACH who="2" ten="240,245,208,297" step="2"/><W87/><G5/><T127/><D127/><U120/><E120/><V96/><F96/><W113/><G113/><T104/><D28/><U125/><E125/><V97/><F97/><W30/><G30/><T124/><D124/><U126/><E126/><V39/><F39/><W4/><G4/><T44/><D104/><U41/><E0/><V101/><F101/><W13/><G33/><T24/><D32/><U114/><E114/><V88/><F88/><W60/><G35/><T68/><D24/><U86/><E21/><V64/><F64/><W133/><G26/><T7/><D7/><U116/><E116/><V34/><F34/><W45/><G91/><T31/><D31/><U2/><E2/><V18/><F18/><W55/><G89/><T109/><D109/><U22/><E22/><V53/><F53/><W94/><G55/><T37/><D37/><U10/><E10/><V16/><F16/><W111/><G111/><T40/><D23/><U128/><E128/><V27/><F27/><W81/><G13/><T42/><D20/><U135/><E6/><V99/><F99/><W122/><G122/><RYUUKYOKU ba="0,1" sc="240,-10,245,-10,208,30,297,-10" hai2="50,51,52,54,57,78,83,84,105,106,107,132,134" /><INIT seed="2,1,1,5,3,46" ten="230,235,238,287" oya="2" hai0="91,41,130,81,25,101,29,18,10,17,73,35,33" hai1="118,84,40,38,20,121,69,24,93,4,106,132,44" hai2="62,83,22,115,134,2,12,97,39,102,72,123,109" hai3="103,112,11,126,133,50,117,42,122,125,79,54,56"/><V6/><F39/><W30/><G117/><T14/><D130/><U90/><E118/><V104/><F115/><W48/><G112/><T19/><D101/><U23/><E69/><V28/><F123/><W5/><G122/><T36/><D35/><U76/><E121/><V31/><F134/><W68/><G68/><T96/><D36/><U127/><E132/><V67/><F2/><W37/><G133/><T128/><D128/><U63/><E106/><V120/><F120/><W129/><G129/><T114/><D114/><U119/><E119/><V1/><F1/><W51/><G30/><T3/><D41/><U113/><E113/><V135/><F135/><W53/><G79/><T55/><D55/><U108/><E108/><V7/><F109/><W85/><G85/><T66/><D66/><U71/><E127/><N who="3" m="48650" /><G103/><T99/><D3/><U116/><E76/><V49/><F72/><W65/><G42/><T47/><D47/><U15/><E44/><V131/><F131/><W88/><G88/><T57/><D57/><U60/><E40/><V87/><F12/><N who="3" m="5231" /><G37/><T61/><D73/><U74/><E74/><V98/><F102/><W78/><G78/><T16/><D81/><U64/><E38/><V58/><F104/><W27/><G27/><T110/><D91/><U94/><E116/><V70/><F31/><W105/><G105/><T9/><D110/><U32/><E71/><V21/><F28/><W124/><N who="3" m="48658" /><W8/><DORA hai="26" /><G8/><T111/><D111/><U95/><E95/><V43/><F70/><W52/><G65/><T0/><N who="0" m="4608" /><DORA hai="86" /><T77/><D10/><RYUUKYOKU ba="1,1" sc="230,-10,235,-10,238,-10,287,30" hai3="48,50,51,52,53,54,56" /><INIT seed="3,2,1,4,5,105" ten="220,225,228,317" oya="3" hai0="58,118,123,81,12,17,84,134,91,38,28,14,113" hai1="30,54,126,108,100,35,79,75,46,77,70,51,135" hai2="53,50,55,110,89,119,74,125,48,85,4,8,22" hai3="36,104,29,63,106,98,57,41,9,33,115,101,80"/><W49/><G115/><T23/><D123/><U114/><E114/><V83/><F119/><W97/><G36/><T5/><D113/><U42/><E70/><V60/><F110/><W6/><G33/><T59/><D38/><U20/><E108/><V82/><F125/><W73/><G29/><T72/><D118/><U92/><E126/><V44/><F60/><W133/><G133/><T129/><D129/><U39/><E35/><V94/><F74/><W26/><G26/><N who="0" m="16479" /><D72/><U19/><E30/><V0/><REACH who="2" step="1"/><F22/><REACH who="2" ten="220,225,218,317" step="2"/><W90/><G63/><T68/><D68/><U69/><E69/><V40/><F40/><W34/><G41/><T88/><D134/><U65/><E75/><V112/><F112/><W76/><G34/><T124/><D124/><U25/><E135/><V127/><F127/><W95/><G49/><T78/><D5/><U66/><E39/><V103/><F103/><W15/><REACH who="3" step="1"/><G57/><AGARI ba="2,2" hai="0,4,8,44,48,50,53,55,57,82,83,85,89,94" machi="57" ten="30,2000,0" yaku="1,1,7,1,53,0" doraHai="105" doraHaiUra="122" who="2" fromWho="3" sc="220,0,225,0,218,46,317,-26" /><INIT seed="4,0,0,1,5,7" ten="220,225,264,291" oya="0" hai0="30,82,115,61,39,69,55,92,121,117,114,118,87" hai1="23,60,57,72,1,42,48,3,52,54,112,71,122" hai2="67,43,90,6,35,106,110,2,102,124,103,25,104" hai3="29,88,18,15,133,50,119,116,83,113,97,24,94"/><T20/><D30/><U68/><E72/><V21/><F35/><W10/><G113/><N who="0" m="43019" /><D20/><U129/><E1/><V56/><F6/><W32/><G133/><T130/><D92/><U27/><E3/><V73/><F2/><W107/><G107/><T70/><D87/><U96/><E122/><V4/><F4/><W84/><REACH who="3" step="1"/><G50/><REACH who="3" ten="220,225,264,281" step="2"/><T95/><D121/><U58/><E112/><V108/><F106/><W65/><G65/><T78/><D95/><U77/><E48/><V135/><F67/><W16/><G16/><T75/><D130/><U46/><E129/><V74/><F104/><W37/><G37/><T80/><D80/><U81/><E81/><V91/><F135/><W22/><G22/><T41/><D55/><U14/><E23/><V62/><F21/><W120/><G120/><T126/><D126/><U99/><E54/><V89/><F124/><W125/><G125/><T127/><D127/><U9/><E52/><V134/><F43/><W131/><G131/><T98/><D118/><U93/><E93/><V111/><F134/><W44/><G44/><N who="0" m="23615" /><D117/><U64/><E64/><V85/><F25/><W40/><G40/><T51/><D51/><U28/><E42/><V8/><F111/><W26/><G26/><T38/><D38/><U33/><E27/><V47/><F47/><W105/><G105/><T79/><D61/><U12/><E60/><V59/><F62/><W34/><G34/><T86/><D98/><U109/><E96/><V19/><F110/><W17/><G17/><T132/><D132/><U5/><E99/><V123/><F108/><W128/><G128/><RYUUKYOKU ba="0,1" sc="220,15,225,-15,264,-15,281,15" hai0="69,70,75,78,79,82,86" hai3="10,15,18,24,29,32,83,84,88,94,97,116,119" /><INIT seed="4,1,1,5,3,21" ten="235,210,249,296" oya="0" hai0="52,66,59,29,42,63,122,65,55,131,135,84,38" hai1="114,32,92,53,37,8,107,54,12,64,74,94,78" hai2="5,81,58,91,90,44,82,23,85,60,34,100,73" hai3="19,31,79,15,111,57,56,75,86,126,105,110,104"/><T102/><D122/><U115/><E107/><V9/><F34/><W97/><G75/><T101/><D131/><U22/><E32/><V28/><F73/><W98/><G126/><T18/><D135/><U17/><E64/><N who="0" m="24681" /><D38/><U99/><E37/><V43/><F100/><N who="0" m="38506" /><D42/><U70/><E70/><V41/><F28/><W125/><G105/><T39/><D39/><U67/><E67/><N who="2" m="39319" /><F23/><W24/><G104/><T116/><D116/><U69/><E69/><V25/><F25/><W71/><G31/><T0/><D0/><U112/><E8/><V123/><F123/><W93/><G71/><T127/><D127/><U27/><E12/><N who="2" m="5167" /><F44/><W51/><G125/><T106/><D106/><U47/><E47/><V119/><F119/><W95/><G111/><T61/><D29/><U50/><E74/><V130/><F130/><W48/><G110/><T108/><D108/><U10/><E112/><V13/><F13/><W128/><G15/><T134/><D134/><U132/><E132/><V109/><F109/><W80/><G128/><T14/><D84/><AGARI ba="1,1" hai="41,43,81,82,84,85,90,91" m="5167,39319" machi="84" ten="30,1000,0" yaku="8,1" doraHai="21" who="2" fromWho="0" sc="235,-13,210,0,249,23,296,0" /><INIT seed="5,0,0,2,0,39" ten="222,210,272,296" oya="1" hai0="61,125,15,116,23,48,21,43,46,111,56,73,6" hai1="71,105,18,109,60,108,100,86,91,26,110,112,119" hai2="45,117,126,128,104,20,5,129,67,8,47,28,85" hai3="101,50,44,133,37,89,12,123,92,24,55,38,76"/><U14/><E119/><V13/><F117/><W40/><G123/><T25/><D111/><U27/><E112/><V113/><F104/><W79/><G133/><T93/><D116/><U66/><E100/><V95/><F113/><W35/><G38/><T98/><D73/><U53/><E53/><V88/><F67/><W7/><G101/><T115/><D115/><U74/><E74/><V75/><F75/><W68/><G68/><T30/><D125/><U51/><E51/><V106/><F106/><W82/><G82/><T49/><D49/><U94/><REACH who="1" step="1"/><E105/><REACH who="1" ten="222,200,272,296" step="2"/><V132/><F126/><W11/><G55/><T81/><D48/><U127/><E127/><V63/><F132/><W87/><G37/><T130/><D130/><N who="2" m="50282" /><F63/><W31/><AGARI ba="0,1" hai="7,11,12,24,31,35,40,44,50,76,79,87,89,92" machi="31" ten="30,2000,0" yaku="0,1,52,1" doraHai="39" who="3" fromWho="3" sc="222,-5,200,-10,272,-5,296,30" /><INIT seed="6,0,0,3,2,22" ten="217,190,267,326" oya="2" hai0="34,40,0,128,56,72,48,65,13,134,27,99,2" hai1="88,78,63,113,1,93,55,61,118,60,53,57,101" hai2="130,116,109,7,21,36,102,6,10,90,89,86,85" hai3="37,119,129,108,104,126,52,25,3,79,123,114,30"/><V50/><F36/><W125/><RYUUKYOKU type="yao9" ba="0,0" sc="217,0,190,0,267,0,326,0" hai3="3,25,30,37,52,79,104,108,114,119,123,125,126,129" /><INIT seed="6,1,0,3,2,106" ten="217,190,267,326" oya="2" hai0="49,115,6,23,122,37,90,100,96,98,75,103,70" hai1="19,18,119,45,85,9,52,27,131,42,130,33,77" hai2="47,107,132,35,123,54,48,133,14,117,62,11,7" hai3="4,79,71,30,43,124,53,111,105,109,26,51,63"/><V13/><F107/><W116/><G105/><T126/><D37/><U134/><E119/><V65/><F117/><W129/><G116/><T57/><D122/><U24/><E134/><N who="2" m="51819" /><F123/><W28/><G129/><N who="1" m="49162" /><E33/><V10/><F35/><W104/><G124/><T41/><D70/><U99/><E99/><V21/><F21/><W44/><G104/><T68/><D68/><U15/><E19/><V5/><F62/><W3/><G79/><T89/><D75/><U82/><E42/><V50/><F50/><AGARI ba="1,0" hai="9,15,18,24,27,45,50,52,77,82,85" m="49162" machi="50" ten="30,2000,0" yaku="19,1,54,1" doraHai="106" who="1" fromWho="2" sc="217,0,190,23,267,-23,326,0" /><INIT seed="7,0,0,1,5,131" ten="217,213,244,326" oya="3" hai0="18,83,101,1,111,118,78,53,10,73,90,3,38" hai1="28,67,79,34,114,5,52,74,109,97,16,110,42" hai2="14,64,27,129,102,54,40,59,32,125,99,92,134" hai3="21,0,91,93,8,57,17,33,88,107,86,77,75"/><W30/><G107/><T69/><D111/><U113/><E5/><V106/><F129/><W60/><G75/><T123/><D123/><U124/><E124/><V108/><F125/><W87/><G77/><T23/><D69/><U13/><E67/><V70/><F108/><N who="1" m="41577" /><E42/><V37/><F14/><N who="3" m="7367" /><G33/><T89/><D38/><U26/><E97/><V48/><F27/><N who="3" m="16751" /><G0/><T127/><D127/><U15/><E52/><V82/><F32/><W22/><G22/><T6/><D1/><U116/><E16/><V121/><F64/><N who="3" m="38927" /><G91/><T50/><D101/><U65/><E65/><V61/><F70/><W120/><G120/><T100/><D100/><U62/><E62/><V104/><F121/><W128/><G128/><T117/><D89/><U98/><E116/><V2/><F2/><W47/><G47/><T49/><D90/><U119/><E119/><V24/><F24/><W20/><G20/><T31/><D31/><U132/><E132/><V105/><F134/><W44/><G44/><T56/><D50/><U135/><E135/><V68/><F82/><W46/><G46/><T94/><D94/><U35/><E35/><V58/><F68/><W122/><G122/><T95/><D95/><U80/><E15/><AGARI ba="0,0" hai="3,6,10,15,18,23,49,53,56,73,78,83,117,118" machi="15" ten="30,1000,0" yaku="7,1" doraHai="131" who="0" fromWho="1" sc="217,10,213,-10,244,0,326,0" owari="227,-17.0,203,-30.0,244,4.0,326,43.0" /></mjloggm>