<mjloggm ver="2.3"><GO type="169" lobby="0"/><UN n0="%E3%81%BF%E3%81%A3%E3%81%A4%E3%81%83%EF%BD%9E" n1="%E5%AD%A3%E9%81%95%E3%81%84%E4%BF%B3%E4%BA%BA" n2="%E3%83%88%E3%83%88%E3%83%AA%E5%85%88%E7%94%9F%31%39%E6%AD%B3" n3="%E3%83%8B%E3%83%A3%E3%83%83%E3%83%94%E3%83%BC%E5%A4%8F%E7%9B%AE" dan="16,18,19,18" rate="2170.59,2169.81,2241.91,2160.89" sx="F,M,F,M"/><TAIKYOKU oya="0"/><INIT seed="0,0,0,1,2,83" ten="250,250,250,250" oya="0" hai0="118,74,75,102,126,31,58,135,15,66,133,94,85" hai1="63,100,33,104,11,93,113,73,16,62,24,19,78" hai2="125,123,64,46,86,84,91,40,29,44,134,61,0" hai3="71,4,119,59,68,14,97,82,99,110,47,54,25"/><T49/><D118/><U132/><E104/><V131/><F123/><W20/><G119/><T38/><D38/><U56/><E132/><N who="0" m="50761" /><D126/><U37/><E37/><V43/><F0/><W32/><G32/><T55/><D31/><U30/><E113/><V109/><F134/><W23/><G47/><N who="2" m="17961" /><F109/><W18/><G110/><T21/><D66/><U10/><E63/><V105/><F105/><W80/><G71/><T13/><D102/><U1/><E78/><V76/><F131/><W111/><G68/><T17/><D15/><U98/><E73/><V92/><F29/><W89/><G111/><T103/><D103/><U130/><E130/><V45/><F45/><W41/><G41/><N who="2" m="15945" /><F125/><W26/><G26/><T70/><D70/><U87/><E1/><V77/><F61/><W69/><G69/><T117/><D117/><U36/><E36/><V112/><F64/><W106/><G106/><T107/><D107/><U53/><REACH who="1" step="1"/><E87/><REACH who="1" ten="250,240,250,250" step="2"/><N who="2" m="52351" /><F112/><W2/><G2/><T124/><D124/><U35/><E35/><V6/><F6/><W50/><G4/><T65/><D65/><U67/><E67/><V22/><F76/><W96/><G89/><AGARI ba="0,1" hai="13,17,21,49,55,58,74,75,85,89,94" m="50761" machi="89" ten="30,5800,0" yaku="25,1,20,1,52,1" doraHai="83" who="0" fromWho="3" sc="250,68,240,0,250,0,250,-58" /><INIT seed="0,1,0,4,0,108" ten="318,240,250,192" oya="0" hai0="107,119,20,121,94,78,62,18,3,93,41,36,104" hai1="127,130,82,29,68,69,133,56,63,10,123,118,40" hai2="13,96,88,131,105,87,26,135,31,84,110,77,91" hai3="39,117,2,27,48,70,9,64,30,126,106,37,15"/><T58/><D119/><U83/><E123/><V59/><F110/><W97/><G117/><T67/><D3/><U85/><E118/><V101/><F131/><W38/><G126/><T16/><D121/><U45/><E127/><V46/><F135/><W114/><G114/><T99/><D78/><U125/><E125/><V6/><F77/><W109/><G109/><T24/><D94/><U33/><E130/><V75/><F75/><W7/><G15/><T98/><D98/><U8/><E133/><V132/><F132/><W49/><G49/><T43/><D18/><U134/><E134/><V74/><F74/><W122/><G48/><T47/><REACH who="0" step="1"/><D43/><REACH who="0" ten="308,240,250,192" step="2"/><U50/><E82/><V112/><F96/><W120/><G97/><T17/><D17/><U21/><E83/><V90/><F6/><W14/><G106/><T51/><D51/><U25/><E85/><V128/><F87/><W111/><G111/><T116/><D116/><U34/><E40/><V103/><F84/><W73/><G73/><T42/><D42/><U60/><E50/><V57/><F105/><W86/><G86/><T54/><D54/><U95/><E95/><V66/><F128/><W55/><G55/><T80/><D80/><U1/><E1/><V28/><F46/><W76/><G76/><T22/><D22/><U5/><E45/><V72/><F72/><W19/><G19/><T65/><D65/><N who="1" m="39047" /><E63/><V61/><F66/><W92/><G92/><T113/><D113/><U79/><E79/><V11/><F61/><N who="3" m="40207" /><G2/><T4/><D4/><U81/><E81/><V44/><F44/><W32/><AGARI ba="1,1" hai="7,9,14,27,30,32,37,38,39,120,122" m="40207" machi="32" ten="40,1500,0" yaku="5,1" doraHai="108" who="3" fromWho="3" sc="308,-8,240,-5,250,-5,192,28" /><INIT seed="1,0,0,2,1,112" ten="300,235,245,220" oya="1" hai0="5,130,105,116,121,31,65,132,129,47,61,88,39" hai1="123,3,103,75,97,78,128,71,73,32,124,113,101" hai2="83,22,77,55,59,99,102,37,13,56,104,100,94" hai3="9,80,118,34,69,10,119,114,108,66,19,90,42"/><U117/><RYUUKYOKU type="yao9" ba="0,0" sc="300,0,235,0,245,0,220,0" hai1="3,32,71,73,75,78,97,101,103,113,117,123,124,128" /><INIT seed="1,1,0,3,3,24" ten="300,235,245,220" oya="1" hai0="129,5,74,60,36,103,133,89,1,58,0,81,30" hai1="14,87,70,82,88,128,53,63,55,95,47,15,115" hai2="105,50,25,28,97,77,62,48,130,114,26,86,109" hai3="9,7,76,84,20,41,90,101,112,49,67,44,45"/><U65/><E128/><V80/><F109/><W100/><G112/><T116/><D36/><U102/><E115/><V10/><F114/><W34/><G34/><T51/><D116/><U104/><E104/><V119/><F119/><W17/><G76/><T71/><D103/><U43/><E14/><V8/><F130/><W93/><G67/><T85/><D129/><U92/><E15/><V61/><F26/><W29/><G29/><T111/><D74/><U59/><E102/><V78/><F78/><W126/><G126/><T31/><D111/><U3/><E3/><V4/><F97/><W11/><G45/><T83/><D1/><U123/><E123/><V68/><F105/><W108/><G108/><T12/><D0/><U135/><E135/><V23/><F8/><N who="3" m="3147" /><G7/><T32/><D32/><U13/><E13/><AGARI ba="1,0" hai="13,17,20,41,44,49,84,90,93,100,101" m="3147" machi="13" ten="30,1000,0" yaku="8,1" doraHai="24" who="3" fromWho="1" sc="300,0,235,-13,245,0,220,13" /><INIT seed="2,0,0,0,4,28" ten="300,222,245,233" oya="2" hai0="98,41,20,16,68,93,105,38,45,113,7,11,1" hai1="118,119,47,75,0,109,62,21,23,52,6,117,25" hai2="74,77,83,99,33,126,60,106,69,79,100,87,61" hai3="64,95,128,134,90,59,108,31,37,73,40,110,101"/><V29/><F126/><W88/><G73/><T43/><D68/><U54/><E75/><V97/><F61/><N who="3" m="37951" /><G128/><T58/><D105/><U130/><E130/><V71/><F97/><N who="3" m="59583" /><G134/><T70/><D70/><U120/><E109/><N who="3" m="42090" /><G31/><T91/><D43/><U9/><E120/><V39/><F39/><W10/><G10/><T131/><D58/><U132/><E132/><V34/><F29/><W103/><G103/><T65/><D65/><U22/><E62/><V24/><F24/><W53/><G53/><T4/><D131/><U112/><E112/><V82/><REACH who="2" step="1"/><F71/><REACH who="2" ten="300,222,235,233" step="2"/><W49/><G37/><T55/><D113/><U135/><E135/><V32/><F32/><W51/><G51/><T57/><D38/><U115/><E115/><V127/><F127/><W129/><G129/><T36/><D36/><U104/><E25/><V26/><F26/><W96/><G96/><T124/><D124/><U48/><E48/><V42/><F42/><W89/><G49/><T121/><D41/><AGARI ba="0,1" hai="40,41,88,89,90" m="42090,59583,37951" machi="41" ten="30,2000,0" yaku="14,1,54,1" doraHai="28" who="3" fromWho="0" sc="300,-20,222,0,235,0,233,30" /><INIT seed="3,0,0,2,3,68" ten="280,222,235,263" oya="3" hai0="61,83,46,60,67,127,9,17,106,13,58,131,8" hai1="114,21,95,22,121,135,134,12,52,54,38,132,77" hai2="82,112,37,75,65,7,64,128,63,41,124,56,98" hai3="44,116,115,35,66,43,93,120,99,105,72,97,45"/><W80/><G35/><T33/><D106/><U117/><E121/><V59/><F112/><W32/><G32/><T40/><D33/><U51/><E114/><V76/><F128/><W74/><G115/><T1/><D131/><U79/><E117/><V10/><F124/><W94/><G120/><T53/><D127/><U62/><E38/><V71/><F98/><W100/><G116/><T6/><D83/><U107/><E107/><V103/><F103/><W39/><G66/><T84/><D84/><U69/><E95/><V104/><F65/><W110/><G110/><T23/><D9/><U5/><E69/><V122/><F122/><W15/><G105/><T0/><D61/><U49/><E62/><V81/><F81/><W18/><G45/><T91/><D91/><U129/><E129/><V70/><F104/><W25/><G25/><T119/><D119/><U3/><E3/><N who="2" m="383" /><F59/><W85/><G15/><T118/><D118/><U55/><E5/><V88/><F88/><W36/><G18/><T2/><REACH who="0" step="1"/><D67/><REACH who="0" ten="270,222,235,263" step="2"/><U27/><E132/><V92/><F92/><W126/><G126/><T14/><D14/><U31/><E134/><V47/><AGARI ba="0,1" hai="37,41,47,56,63,64,70,71,75,76,82" m="383" machi="47" ten="30,2000,0" yaku="25,1,52,1" doraHai="68" who="2" fromWho="2" sc="270,-5,222,-5,235,30,263,-10" /><INIT seed="4,0,0,3,5,54" ten="265,217,265,253" oya="0" hai0="121,56,104,128,3,52,61,13,123,135,84,6,32" hai1="98,131,85,40,107,82,119,113,31,33,27,36,115" hai2="75,46,59,51,44,43,78,87,77,132,118,111,74" hai3="103,108,58,53,80,2,41,124,62,72,55,29,63"/><T28/><D3/><U48/><E119/><V120/><F111/><W9/><G108/><T65/><D104/><U14/><E131/><V20/><F120/><W34/><G124/><T24/><D128/><U86/><E36/><V7/><F118/><W73/><G103/><T127/><D127/><U18/><E107/><V49/><F132/><W70/><G41/><T38/><D135/><U133/><E98/><V112/><F112/><N who="1" m="43081" /><E133/><V25/><F7/><W129/><G129/><T45/><D84/><U93/><E93/><V67/><F87/><W105/><G105/><T88/><D88/><N who="1" m="51255" /><E86/><V21/><F43/><W39/><G39/><T4/><D38/><U102/><E102/><V94/><F67/><W0/><G80/><T89/><D89/><U79/><E79/><V8/><F94/><W130/><G130/><T50/><REACH who="0" step="1"/><D6/><REACH who="0" ten="255,217,265,253" step="2"/><U83/><E83/><V5/><F5/><W17/><G0/><T69/><D69/><U100/><E100/><V90/><F90/><W22/><G70/><T37/><D37/><U57/><E40/><V95/><F95/><W96/><G2/><T16/><D16/><U64/><E18/><V30/><F77/><W117/><G17/><T12/><D12/><U101/><E14/><V66/><F78/><W91/><G91/><T110/><D110/><U35/><E101/><V106/><F106/><W23/><G117/><T76/><D76/><U92/><E92/><V19/><F19/><W15/><G15/><T109/><D109/><U10/><E10/><AGARI ba="0,1" hai="4,10,13,24,28,32,45,50,52,56,61,65,121,123" machi="10" ten="40,7700,0" yaku="1,1,52,1,54,1,53,0" doraHai="54" doraHaiUra="126" who="0" fromWho="1" sc="255,87,217,-77,265,0,253,0" /><INIT seed="4,1,0,0,0,119" ten="342,140,265,253" oya="0" hai0="50,107,35,21,36,57,54,53,65,48,95,126,64" hai1="129,2,109,5,88,33,67,120,101,110,130,78,60" hai2="52,71,18,17,87,26,74,38,125,1,84,8,31" hai3="75,123,0,103,124,34,86,96,22,76,43,99,58"/><T56/><D35/><U14/><E78/><V83/><F71/><W66/><G34/><T102/><D107/><U106/><E33/><V4/><F38/><W7/><G75/><T113/><D36/><U45/><E2/><V62/><F74/><W32/><G32/><T47/><D113/><U44/><E101/><V63/><F125/><W111/><G111/><T127/><D21/><U98/><E106/><V122/><F122/><W10/><G124/><N who="0" m="47659" /><D102/><U24/><E24/><V121/><F121/><W132/><G123/><T3/><D95/><N who="1" m="56679" /><E120/><V41/><F41/><W108/><G43/><N who="0" m="24703" /><D3/><U59/><E109/><V16/><F31/><W42/><G103/><T37/><D37/><U112/><E110/><V117/><F117/><W9/><G108/><T25/><D25/><U11/><E112/><V92/><F26/><W55/><G22/><T23/><D23/><U19/><E5/><V39/><F39/><W30/><G7/><T6/><D6/><U81/><E81/><V100/><F100/><W12/><G0/><T61/><AGARI ba="1,0" hai="50,53,54,56,57,61,64,65" m="24703,47659" machi="61" ten="30,6000,0" yaku="18,1,34,2" doraHai="119" who="0" fromWho="0" sc="342,63,140,-21,265,-21,253,-21" /><INIT seed="4,2,0,3,4,76" ten="405,119,244,232" oya="0" hai0="129,22,13,54,99,18,23,121,104,135,74,98,111" hai1="55,130,80,105,93,50,103,108,85,88,77,96,20" hai2="57,124,5,46,0,110,3,42,12,9,69,53,2" hai3="33,58,25,45,122,106,24,29,116,51,27,81,68"/><T15/><D121/><U123/><E123/><V37/><F110/><W128/><G122/><T114/><D111/><U78/><E108/><V109/><F109/><W6/><G68/><T131/><D114/><U40/><E130/><N who="0" m="49673" /><D135/><U36/><E36/><V120/><F120/><W72/><G106/><T91/><D74/><U21/><E40/><V125/><REACH who="2" step="1"/><F69/><REACH who="2" ten="405,119,234,232" step="2"/><W30/><G128/><T70/><D70/><U87/><REACH who="1" step="1"/><E77/><REACH who="1" ten="405,109,234,232" step="2"/><V49/><AGARI ba="2,2" hai="0,2,3,5,9,12,37,42,46,49,53,57,124,125" machi="49" ten="40,5200,0" yaku="1,1,2,1,0,1,53,0" doraHai="76" doraHaiUra="118" who="2" fromWho="2" sc="405,-28,109,-15,234,78,232,-15" /><INIT seed="5,0,0,4,0,114" ten="377,94,312,217" oya="1" hai0="17,84,104,35,67,133,130,45,2,98,105,49,77" hai1="16,18,32,21,6,129,125,116,134,123,118,53,31" hai2="37,97,109,126,39,120,82,36,12,59,30,64,57" hai3="70,107,83,128,75,60,22,99,48,95,14,100,117"/><U108/><E123/><V24/><F109/><W68/><G128/><T78/><D35/><U26/><E53/><V69/><F120/><W54/><G60/><T58/><D2/><U131/><E108/><V61/><F126/><W13/><G117/><N who="1" m="45162" /><E125/><V25/><F25/><W74/><G107/><T113/><D104/><U71/><E71/><V88/><F12/><W28/><G13/><T96/><D105/><U0/><E134/><V1/><F1/><W4/><G4/><T7/><D130/><N who="1" m="49675" /><E32/><V34/><F97/><N who="0" m="37482" /><D113/><U121/><E121/><V111/><F111/><W102/><G99/><T8/><D7/><U55/><E55/><V40/><F40/><W52/><G54/><N who="0" m="29999" /><D84/><U15/><E15/><V81/><F69/><W119/><G14/><N who="0" m="7367" /><D133/><U89/><E89/><V79/><F88/><W5/><G52/><T112/><D112/><U115/><E115/><V90/><F90/><W94/><G70/><T46/><D46/><U20/><E20/><V38/><F34/><W93/><G22/><T33/><D33/><U122/><E122/><V76/><F76/><W110/><G68/><T47/><D47/><U56/><E56/><V91/><F59/><W103/><G119/><T127/><D127/><U135/><E135/><V92/><F79/><W27/><G110/><T23/><D23/><U101/><E101/><V63/><F57/><W132/><G102/><T106/><D106/><U11/><AGARI ba="0,0" hai="0,6,11,16,18,21,26,31" m="49675,45162" machi="11" ten="40,18000,2" yaku="19,1,34,2,52,3,54,1" doraHai="114" who="1" fromWho="1" sc="377,-60,94,180,312,-60,217,-60" /><INIT seed="5,1,0,2,3,21" ten="317,274,252,157" oya="1" hai0="42,31,58,36,40,130,66,73,20,13,89,50,4" hai1="95,14,39,53,124,119,131,90,22,47,62,122,35" hai2="33,6,75,125,15,19,1,59,132,43,104,70,5" hai3="87,78,69,106,48,82,38,126,8,60,2,3,28"/><U67/><E122/><V121/><F70/><W83/><G38/><T51/><D73/><U55/><E119/><V81/><F121/><W110/><G110/><T99/><D36/><U34/><E124/><V9/><F104/><W108/><G106/><T32/><D32/><U88/><E131/><V65/><F33/><W29/><G126/><T17/><D31/><U68/><E90/><V94/><F125/><W11/><G108/><T77/><D77/><U134/><E134/><V91/><F132/><W30/><G69/><T112/><D112/><U46/><E34/><V18/><F43/><W64/><G60/><N who="0" m="38167" /><D130/><U116/><E35/><V118/><F118/><W120/><G64/><T16/><D4/><U117/><E117/><V102/><F5/><W92/><G120/><T129/><D129/><U74/><E74/><V101/><F75/><W84/><G92/><N who="0" m="56719" /><D17/><N who="2" m="6154" /><F81/><W98/><G98/><T103/><D103/><U111/><E111/><V127/><F1/><W79/><REACH who="3" step="1"/><G48/><AGARI ba="1,0" hai="13,16,20,40,42,48,50,51" m="56719,38167" machi="48" ten="30,2000,0" yaku="8,1,54,1" doraHai="21" who="0" fromWho="3" sc="317,23,274,0,252,0,157,-23" /><INIT seed="6,0,0,1,5,83" ten="340,274,252,134" oya="2" hai0="81,6,28,49,107,121,96,73,97,110,29,74,38" hai1="135,50,55,65,19,75,103,86,22,64,78,69,9" hai2="93,68,23,117,37,88,118,51,27,71,134,16,91" hai3="2,43,120,45,133,102,128,115,76,46,89,60,33"/><V100/><F37/><W13/><G2/><T31/><D38/><U30/><E75/><N who="0" m="28681" /><D107/><U56/><E135/><V130/><F134/><W54/><G33/><T1/><D1/><U61/><E103/><V47/><F130/><W105/><G115/><T44/><D81/><N who="1" m="47415" /><E69/><V40/><F100/><W131/><G120/><T99/><D49/><U92/><E92/><V119/><REACH who="2" step="1"/><F91/><REACH who="2" ten="340,274,242,134" step="2"/><W63/><G89/><T106/><D121/><U24/><E61/><V20/><F20/><W3/><G133/><T129/><D129/><U109/><E109/><V116/><N who="2" m="29696" /><DORA hai="113" /><V67/><F67/><W90/><G102/><T132/><D110/><U94/><E64/><V114/><F114/><W5/><G90/><T26/><D132/><U95/><E65/><V98/><AGARI ba="0,1" hai="16,23,27,40,47,51,68,71,88,93,98" m="29696" machi="98" ten="60,36000,4" yaku="1,1,0,1,52,4,54,2,53,4" doraHai="83,113" doraHaiUra="112,123" who="2" fromWho="2" sc="340,-120,274,-120,242,370,134,-120" /><INIT seed="6,1,0,1,1,124" ten="220,154,612,14" oya="2" hai0="116,112,118,32,13,44,61,19,43,3,82,1,14" hai1="86,30,132,21,79,130,98,46,70,65,120,0,93" hai2="29,97,4,103,80,17,58,100,50,45,15,34,95" hai3="18,121,74,40,101,35,111,77,114,69,37,81,133"/><V68/><F68/><W106/><RYUUKYOKU type="yao9" ba="1,0" sc="220,0,154,0,612,0,14,0" hai3="18,35,37,40,69,74,77,81,101,106,111,114,121,133" /><INIT seed="6,2,0,1,1,63" ten="220,154,612,14" oya="2" hai0="7,129,131,44,37,45,88,123,22,16,74,134,77" hai1="81,71,46,87,13,3,127,104,80,86,108,58,82" hai2="96,40,10,39,14,75,85,94,57,33,67,103,52" hai3="28,65,130,126,47,119,91,68,2,36,25,9,117"/><V5/><F75/><W132/><G130/><N who="0" m="49675" /><D123/><U42/><E71/><V41/><F33/><W27/><G132/><T61/><D134/><U106/><E3/><V118/><F118/><W55/><G126/><T79/><D7/><U60/><E127/><V29/><F29/><W56/><G91/><T1/><D1/><U0/><E0/><V21/><F39/><W114/><G114/><T121/><D121/><U20/><E108/><V93/><F21/><W124/><G124/><T90/><D61/><U100/><E100/><V51/><F67/><W92/><G92/><T8/><D8/><U24/><E13/><V107/><F107/><W115/><G115/><T69/><D69/><U66/><E104/><V125/><F125/><W113/><G113/><T49/><D37/><U112/><E106/><V31/><F31/><W98/><G98/><T135/><D135/><U95/><E95/><V18/><F5/><N who="3" m="1207" /><G25/><N who="0" m="14535" /><D45/><U76/><E112/><V35/><F35/><N who="3" m="20895" /><G68/><T70/><D70/><U43/><E76/><N who="0" m="29257" /><D74/><U89/><E86/><V15/><F15/><W84/><G84/><T116/><D116/><U78/><E78/><V32/><F32/><W122/><G122/><T59/><D59/><U26/><E46/><V54/><F54/><AGARI ba="2,0" hai="44,49,54,88,90" m="29257,14535,49675" machi="54" ten="30,3900,0" yaku="19,1,54,2" doraHai="63" who="0" fromWho="2" sc="220,45,154,0,612,-45,14,0" /><INIT seed="7,0,0,2,2,40" ten="265,154,567,14" oya="3" hai0="82,7,18,131,8,56,12,113,118,132,37,88,98" hai1="92,15,79,61,129,135,91,62,55,124,39,6,76" hai2="38,112,4,127,43,58,117,51,103,28,78,111,64" hai3="11,94,32,21,45,99,95,97,16,122,121,120,13"/><W115/><G32/><T53/><D118/><U26/><E39/><V123/><F4/><W30/><G115/><T119/><D119/><U104/><E104/><V44/><F78/><W85/><G45/><T25/><D37/><U90/><E124/><V31/><F103/><W60/><G60/><T66/><D66/><U10/><E135/><V96/><F31/><W65/><G65/><T14/><D113/><U77/><E129/><V100/><F43/><W133/><G133/><T80/><D131/><U36/><E36/><V27/><F64/><W68/><G68/><T130/><D25/><U50/><E26/><V101/><F38/><W47/><G47/><T75/><D75/><U114/><E114/><V108/><F44/><W48/><G48/><N who="0" m="30759" /><D132/><U54/><E90/><V33/><F51/><W83/><G30/><T34/><D34/><U86/><E54/><V107/><F58/><AGARI ba="0,0" hai="6,10,15,50,55,58,61,62,76,77,79,86,91,92" machi="58" ten="40,1300,0" yaku="8,1" doraHai="40" who="1" fromWho="2" sc="265,0,154,13,567,-13,14,0" owari="265,7.0,167,-23.0,554,65.0,14,-49.0" /></mjloggm>