<mjloggm ver="2.3"><GO type="41" lobby="0"/><UN n0="%45%74%65%72%6E%61%6C%53" n1="%30%62%6F%62%6F%62%30" n2="%E5%B0%B1%E6%B4%BB%E7%94%9F%40%E5%B7%9D%E6%9D%91%E8%BB%8D%E5%9B%A3" n3="%46%6F%67%65%72%74%79" dan="15,14,17,13" rate="1996.00,1904.20,2147.62,2020.58" sx="M,M,M,M"/><TAIKYOKU oya="0"/><INIT seed="0,0,0,1,3,61" ten="250,250,250,250" oya="0" hai0="6,129,17,79,39,110,121,25,99,55,87,88,13" hai1="76,27,83,1,117,97,72,130,93,46,5,24,132" hai2="96,90,131,18,42,0,12,14,119,3,107,70,11" hai3="49,68,32,102,74,118,125,134,21,60,47,80,36"/><T127/><D121/><U53/><E117/><V37/><F119/><W85/><G32/><T63/><D39/><U109/><E109/><V75/><F75/><W22/><G118/><T105/><D110/><U23/><E130/><V16/><F131/><W20/><G125/><T43/><D43/><U122/><E122/><V103/><F70/><W34/><G34/><T19/><D79/><U44/><E132/><V54/><F54/><W84/><G36/><T31/><D127/><U115/><E115/><V48/><F48/><W120/><G120/><T73/><D73/><U123/><E123/><V98/><F98/><W2/><G2/><T106/><D6/><U58/><E27/><V59/><F59/><W4/><G4/><T86/><D86/><U104/><E104/><V126/><F126/><W62/><G102/><T101/><D13/><U91/><E5/><V64/><F64/><W111/><G111/><T95/><D106/><U45/><E45/><V35/><F35/><W92/><G134/><T67/><D55/><U112/><E1/><V114/><F114/><W9/><G9/><T65/><D65/><U51/><E112/><V10/><REACH who="2" step="1"/><F90/><REACH who="2" ten="250,250,240,250" step="2"/><N who="3" m="53319" /><G74/><T133/><D129/><U71/><E71/><V100/><F100/><W29/><G68/><N who="0" m="42111" /><D133/><U56/><E56/><V128/><F128/><W108/><G108/><T82/><D105/><U113/><E113/><V30/><F30/><AGARI ba="0,1" hai="23,24,30,44,46,51,53,58,72,76,83,91,93,97" machi="30" ten="30,1000,0" yaku="7,1" doraHai="61" who="1" fromWho="2" sc="250,0,250,20,240,-10,250,0" /><INIT seed="1,0,0,1,2,21" ten="250,270,230,250" oya="1" hai0="117,89,75,96,12,88,20,63,26,111,70,9,61" hai1="42,25,108,11,114,133,113,106,77,66,130,47,135" hai2="107,84,71,121,33,22,129,5,13,127,97,104,40" hai3="3,10,126,86,99,1,67,78,51,53,68,48,49"/><U35/><E106/><V112/><F121/><W4/><G126/><T50/><D117/><U119/><E119/><V91/><F33/><W109/><G109/><T27/><D75/><U79/><E108/><V101/><F71/><W76/><G3/><T123/><D111/><U103/><E103/><V87/><F127/><W39/><G39/><T56/><D70/><U65/><E130/><V80/><F129/><W95/><G53/><N who="0" m="31799" /><D20/><U34/><E11/><V8/><F112/><W120/><G120/><T44/><D44/><U18/><E18/><V15/><F40/><W105/><G105/><T41/><D41/><U100/><E100/><V116/><F116/><W90/><G67/><T24/><D123/><U19/><E19/><V29/><F104/><W46/><G68/><T69/><D69/><U85/><E85/><V82/><F29/><W30/><G30/><T102/><D102/><U54/><E42/><V92/><F22/><W17/><G46/><T7/><D96/><U81/><E47/><V83/><REACH who="2" step="1"/><F15/><REACH who="2" ten="250,270,220,250" step="2"/><W74/><G1/><T31/><D31/><U37/><E114/><V60/><F60/><AGARI ba="0,1" hai="7,9,12,24,26,27,60,61,63,88,89" m="31799" machi="60" ten="30,8000,1" yaku="8,1,52,3,54,1" doraHai="21" who="0" fromWho="2" sc="250,90,270,0,220,-80,250,0" /><INIT seed="2,0,0,3,5,88" ten="340,270,140,250" oya="2" hai0="58,39,127,45,36,121,84,55,31,94,79,69,44" hai1="67,105,62,118,71,73,129,3,72,30,135,38,77" hai2="54,6,85,63,89,19,90,53,133,83,59,15,125" hai3="102,100,21,112,33,126,57,23,91,104,116,114,25"/><V5/><F125/><W64/><G116/><T115/><D69/><U134/><E118/><V130/><F130/><W46/><G33/><T24/><D121/><U86/><E129/><V76/><F133/><N who="1" m="50697" /><E86/><V93/><F54/><W7/><G7/><T92/><D115/><N who="3" m="44073" /><G126/><T12/><D12/><U122/><E122/><V103/><F103/><N who="3" m="39467" /><G104/><T9/><D9/><U11/><E105/><V14/><F89/><W20/><G46/><T17/><D36/><U66/><E66/><V123/><F123/><W32/><G91/><T111/><D111/><U13/><E13/><V109/><F109/><W65/><G57/><T27/><D17/><U124/><E124/><V99/><REACH who="2" step="1"/><F15/><REACH who="2" ten="340,270,130,250" step="2"/><W18/><G32/><T43/><D127/><U2/><E77/><V41/><F41/><W1/><G1/><T60/><D79/><U120/><E120/><V40/><F40/><W26/><G64/><T97/><D43/><U47/><E2/><V132/><F132/><W98/><G65/><T78/><D78/><U75/><E3/><V49/><F49/><W22/><G98/><T0/><D97/><U61/><E38/><V110/><F110/><W42/><G42/><T131/><D39/><U74/><E62/><V56/><F56/><W70/><G70/><T34/><D131/><U8/><E47/><V119/><F119/><W96/><G96/><T113/><D0/><U51/><E51/><V16/><F16/><AGARI ba="0,1" hai="16,18,20,21,22,23,25,26" m="39467,44073" machi="16" ten="30,2000,0" yaku="11,1,54,1" doraHai="88" who="3" fromWho="2" sc="340,0,270,0,130,-20,250,30" /><INIT seed="3,0,0,4,3,30" ten="340,270,110,280" oya="3" hai0="48,121,87,92,38,14,71,95,35,117,105,98,70" hai1="99,109,113,2,88,59,15,66,18,4,6,89,49" hai2="133,69,79,0,24,81,131,118,29,25,127,5,61" hai3="33,128,124,39,65,37,119,36,32,62,82,22,41"/><W84/><G119/><T114/><D38/><U68/><E68/><V107/><F118/><W112/><G112/><T106/><D117/><U26/><E113/><V75/><F131/><W83/><G41/><T72/><D72/><U85/><E2/><V52/><F133/><W91/><G128/><T115/><D121/><U1/><E1/><V103/><F127/><W21/><G124/><T28/><D87/><U73/><E73/><V67/><F24/><W129/><G129/><T16/><D48/><U93/><E109/><V58/><F5/><W90/><G21/><T111/><D28/><U9/><E26/><V40/><F40/><W34/><G22/><T8/><D111/><U122/><E122/><V130/><F0/><W104/><G104/><T45/><D45/><U97/><E97/><V10/><F10/><W7/><G7/><T74/><D74/><U120/><E120/><V125/><F125/><W19/><G19/><T42/><D42/><U12/><E12/><V47/><F47/><W60/><G65/><T77/><D8/><U94/><E66/><V56/><F130/><W54/><G54/><AGARI ba="0,0" hai="4,6,9,15,18,49,54,59,85,88,89,93,94,99" machi="54" ten="40,2600,0" yaku="8,1,54,1" doraHai="30" who="1" fromWho="3" sc="340,0,270,26,110,0,280,-26" /><INIT seed="4,0,0,0,3,28" ten="340,296,110,254" oya="0" hai0="64,67,121,104,25,18,118,99,105,6,80,52,110" hai1="19,94,70,60,133,109,106,87,37,128,15,111,58" hai2="108,33,98,43,5,126,0,72,59,66,9,122,92" hai3="100,84,51,31,131,38,113,125,120,79,42,81,4"/><T46/><D121/><U61/><E37/><V135/><F122/><W56/><G113/><T69/><D118/><U65/><E106/><V54/><F108/><W130/><G120/><T76/><D6/><U14/><E128/><V48/><F72/><W115/><G115/><T44/><D69/><U22/><E133/><V35/><F135/><W40/><G100/><T90/><D104/><U82/><E94/><V27/><F126/><W57/><G125/><T129/><D129/><N who="3" m="49161" /><G31/><T85/><D110/><U62/><E15/><V117/><F117/><W53/><G4/><T50/><D46/><U68/><E62/><V16/><F43/><N who="3" m="16427" /><G56/><T12/><D25/><U123/><E123/><V101/><REACH who="2" step="1"/><F66/><REACH who="2" ten="340,296,100,254" step="2"/><W55/><G53/><T124/><D124/><U41/><E41/><V89/><F89/><W88/><G79/><T112/><D112/><U20/><E111/><V86/><F86/><W30/><G38/><T75/><D75/><U39/><E39/><V3/><F3/><W63/><G88/><T107/><D67/><U1/><E1/><V47/><F47/><W127/><G84/><T36/><D64/><U26/><E109/><V7/><F7/><W45/><G45/><T83/><D36/><U97/><E97/><V8/><F8/><W32/><G127/><T10/><D99/><U23/><E70/><V78/><F78/><W102/><G55/><T132/><D132/><U116/><E116/><V93/><F93/><W119/><G119/><T24/><D105/><U13/><E68/><V34/><F34/><W17/><G32/><T2/><D107/><U91/><E65/><RYUUKYOKU ba="0,1" sc="340,-10,296,-10,100,30,254,-10" hai2="0,5,9,16,27,33,35,48,54,59,92,98,101" /><INIT seed="5,1,1,0,3,6" ten="330,286,130,244" oya="1" hai0="130,110,29,50,96,11,129,97,117,98,56,127,12" hai1="40,43,8,28,55,3,82,125,42,0,113,54,121" hai2="35,70,61,76,47,106,39,118,119,25,78,15,36" hai3="126,41,90,91,134,51,44,93,10,73,123,79,4"/><U64/><E121/><V5/><F106/><W120/><G126/><T30/><D127/><U63/><E125/><V32/><F5/><W23/><G134/><T116/><D110/><U19/><E113/><V9/><F25/><W86/><G23/><T24/><D50/><U65/><E28/><N who="0" m="10857" /><D24/><U102/><E102/><V75/><F75/><W77/><G90/><T46/><D46/><U20/><E0/><V49/><F61/><W14/><REACH who="3" step="1"/><G73/><REACH who="3" ten="330,286,130,234" step="2"/><T2/><D117/><U99/><E82/><V84/><F118/><W58/><G58/><T108/><D56/><N who="1" m="36967" /><E3/><V107/><F119/><W111/><G111/><T88/><D2/><U100/><E65/><V27/><F70/><W52/><G52/><T105/><D108/><U59/><E59/><V62/><F47/><W124/><G124/><T101/><D88/><U69/><E69/><V66/><F66/><W45/><G45/><T92/><D116/><U94/><E20/><V115/><F115/><W74/><G74/><T104/><D130/><U60/><E60/><V68/><F68/><W135/><G135/><T53/><D53/><U80/><E80/><V13/><F62/><W89/><G89/><T37/><D129/><U1/><E1/><V71/><F71/><W95/><G95/><T128/><D128/><U133/><E133/><V114/><F114/><W7/><G7/><T18/><D92/><U109/><E109/><V34/><F107/><W26/><G26/><T31/><D104/><U81/><E81/><V85/><F27/><W21/><G21/><T131/><D131/><U72/><E72/><V48/><F34/><RYUUKYOKU ba="1,2" sc="330,-30,286,10,130,10,234,10" hai1="8,19,40,42,43,54,55,94,99,100" hai2="9,13,15,32,35,36,39,48,49,76,78,84,85" hai3="4,10,14,41,44,51,77,79,86,91,93,120,123" /><INIT seed="5,2,2,2,3,51" ten="300,296,140,244" oya="1" hai0="53,113,46,35,10,87,17,26,132,88,72,125,5" hai1="126,29,134,110,56,101,18,128,93,75,127,45,0" hai2="106,68,89,78,25,39,111,115,74,99,23,62,16" hai3="8,48,22,109,91,118,133,36,49,27,50,58,57"/><U44/><E0/><V67/><F111/><W55/><G109/><T40/><D72/><U96/><E110/><V66/><F39/><W43/><G118/><T135/><D113/><U114/><E114/><V117/><F115/><W98/><G133/><N who="0" m="51275" /><D125/><N who="1" m="47627" /><E134/><V65/><F117/><W123/><G123/><T42/><D35/><U92/><E75/><V102/><REACH who="2" step="1"/><F89/><REACH who="2" ten="300,296,130,244" step="2"/><W1/><G91/><T59/><D88/><N who="1" m="55303" /><E128/><V28/><F28/><W104/><G36/><T95/><D95/><U97/><E29/><V52/><F52/><N who="3" m="31879" /><G104/><T85/><D53/><U103/><E103/><V107/><F107/><W30/><G43/><T69/><D42/><U71/><E71/><V15/><F15/><W34/><G1/><T84/><D69/><U124/><E124/><V108/><F108/><W94/><G55/><T4/><D40/><U47/><E56/><V64/><F64/><W11/><G58/><T37/><D59/><U41/><E41/><V119/><F119/><W70/><G70/><T90/><D37/><U31/><E31/><V2/><F2/><W80/><G34/><T38/><D38/><U14/><E47/><V54/><F54/><W83/><G50/><T12/><D46/><U21/><AGARI ba="2,3" hai="14,18,21,44,45,93,97,101" m="55303,47627" machi="21" ten="30,3000,0" yaku="18,1,54,1" doraHai="51" who="1" fromWho="1" sc="300,-12,296,66,130,-12,244,-12" /><INIT seed="5,3,0,0,0,91" ten="288,362,118,232" oya="1" hai0="47,97,21,58,116,2,128,19,107,88,112,132,51" hai1="81,34,27,105,121,15,62,127,42,16,110,18,11" hai2="38,111,22,93,125,77,83,3,59,106,36,67,52" hai3="80,32,7,115,70,17,73,102,54,90,122,57,98"/><U108/><E105/><V1/><F106/><W24/><G70/><T95/><D116/><U25/><E42/><V84/><F111/><N who="1" m="42537" /><E62/><V135/><F135/><W133/><G133/><T131/><D132/><U100/><E100/><V120/><F120/><W28/><G122/><T0/><D107/><U29/><E121/><V6/><F125/><W99/><G7/><T85/><D112/><U69/><E69/><V65/><F36/><W72/><G115/><T61/><D97/><U104/><E104/><V37/><F37/><W14/><G102/><T114/><D114/><U82/><E82/><V101/><F38/><W89/><G73/><T40/><D128/><U129/><E81/><V92/><F3/><W74/><G98/><T53/><REACH who="0" step="1"/><D131/><REACH who="0" ten="278,362,118,232" step="2"/><U10/><E129/><V117/><F117/><W43/><G99/><T49/><D49/><U87/><E127/><V33/><F33/><W5/><G32/><T126/><D126/><U41/><E87/><V44/><F101/><W31/><G74/><T26/><AGARI ba="3,1" hai="0,2,19,21,26,40,47,51,53,58,61,85,88,95" machi="26" ten="20,8000,1" yaku="1,1,0,1,7,1,52,1,54,1,53,0" doraHai="91" doraHaiUra="60" who="0" fromWho="0" sc="278,99,362,-43,118,-23,232,-23" /><INIT seed="6,0,0,5,2,122" ten="377,319,95,209" oya="2" hai0="49,88,19,0,52,90,108,47,17,60,129,46,34" hai1="28,1,98,22,53,33,78,57,126,43,75,32,92" hai2="51,81,42,37,40,130,112,107,77,79,76,89,93" hai3="10,119,104,132,6,110,14,116,65,21,125,64,74"/><V26/><F107/><W56/><G104/><T13/><D108/><U50/><E1/><V48/><F112/><W128/><G74/><T84/><D129/><U91/><E126/><V134/><F130/><W12/><G128/><T68/><D34/><U24/><REACH who="1" step="1"/><E43/><REACH who="1" ten="377,309,95,209" step="2"/><V2/><F2/><W41/><G41/><T103/><D0/><U8/><E8/><V58/><F134/><W61/><G125/><T100/><D47/><U113/><E113/><V131/><F131/><W20/><G132/><T69/><D69/><U4/><E4/><V127/><F127/><W18/><G116/><T70/><D70/><U82/><AGARI ba="0,1" hai="22,24,28,32,33,50,53,57,75,78,82,91,92,98" machi="82" ten="30,2000,0" yaku="1,1,0,1,53,0" doraHai="122" doraHaiUra="62" who="1" fromWho="1" sc="377,-5,309,30,95,-10,209,-5" /><INIT seed="7,0,0,5,3,61" ten="372,339,85,204" oya="3" hai0="29,8,116,5,130,44,73,43,109,92,119,122,108" hai1="15,58,39,37,19,102,85,134,112,23,111,72,104" hai2="99,38,90,79,65,52,124,128,0,59,10,49,82" hai3="41,7,40,127,117,24,107,118,11,93,20,131,17"/><W78/><G107/><T71/><D122/><U83/><E111/><V132/><F128/><W75/><G131/><T47/><D130/><U31/><E112/><V48/><F132/><W64/><G127/><T6/><D47/><U4/><E134/><V105/><F124/><W88/><G117/><T45/><D45/><U113/><E113/><V96/><F38/><W126/><G126/><T120/><D120/><U115/><E115/><V28/><F28/><W1/><G118/><T100/><D71/><U68/><E68/><V133/><F133/><W34/><G64/><T35/><D116/><U3/><E72/><V114/><F114/><W50/><G34/><T14/><D6/><U57/><E57/><V22/><F22/><W67/><G67/><T98/><D73/><U56/><E56/><V21/><F21/><W27/><G27/><T121/><D121/><U36/><E36/><V9/><F0/><W94/><G94/><T103/><D103/><U70/><E70/><V110/><F110/><W16/><G17/><T46/><D46/><U129/><E129/><V2/><F2/><W87/><REACH who="3" step="1"/><G50/><REACH who="3" ten="372,339,85,194" step="2"/><T95/><D119/><U51/><E104/><V80/><F65/><W91/><G91/><T54/><D95/><U62/><E51/><V84/><F49/><W33/><G33/><T63/><D35/><U25/><E102/><V32/><F32/><W55/><G55/><T101/><D101/><U53/><E37/><V89/><F89/><W74/><G74/><T42/><D108/><U97/><E39/><V26/><F26/><W123/><G123/><T77/><D109/><RYUUKYOKU ba="0,1" sc="372,-10,339,-10,85,-10,194,30" hai3="1,7,11,16,20,24,40,41,75,78,87,88,93" /><INIT seed="7,1,1,2,1,93" ten="362,329,75,224" oya="3" hai0="130,119,87,124,65,78,123,102,24,75,118,89,67" hai1="25,42,109,129,15,7,134,4,135,51,66,105,133" hai2="49,48,34,38,107,100,57,110,81,41,114,19,120" hai3="20,2,132,43,0,88,80,106,35,45,72,90,104"/><W108/><G35/><T18/><D123/><U50/><E109/><V76/><F110/><W96/><G108/><T112/><D102/><U94/><E105/><V13/><F34/><W53/><G2/><T101/><D101/><U9/><E129/><V103/><F120/><W62/><G0/><T68/><D130/><U22/><E66/><V40/><F114/><W131/><G131/><T61/><D67/><U83/><E7/><V55/><F38/><W56/><G132/><T113/><D75/><U91/><E83/><V70/><F70/><W36/><G20/><N who="0" m="13335" /><D78/><U29/><REACH who="1" step="1"/><E42/><REACH who="1" ten="362,319,75,224" step="2"/><V69/><F69/><W58/><G104/><T14/><D124/><U79/><E79/><V128/><F128/><W99/><G106/><T73/><D73/><U6/><E6/><V59/><F107/><W98/><G72/><T3/><D119/><U27/><E27/><V28/><F76/><W12/><G80/><T1/><D118/><U121/><E121/><V111/><F81/><W84/><G84/><AGARI ba="1,2" hai="4,9,15,22,25,29,50,51,84,91,94,133,134,135" machi="84" ten="40,5200,0" yaku="1,1,20,1,53,1" doraHai="93" doraHaiUra="10" who="1" fromWho="3" sc="362,0,319,75,75,0,224,-55" owari="362,16.0,394,49.0,75,-42.0,169,-23.0" /></mjloggm>