<mjloggm ver="2.3"><GO type="169" lobby="0"/><UN n0="%65%72%61%6E%76%69%74%61" n1="%E9%8A%80%E3%81%B0%E3%81%95%E3%81%BF" n2="%E3%81%A1%E3%81%AA%E3%81%A4%E7%84%A1%E5%8F%8C%EF%BC%81" n3="%E5%B0%B1%E6%B4%BB%E7%94%9F%40%E5%B7%9D%E6%9D%91%E8%BB%8D%E5%9B%A3" dan="16,18,16,18" rate="2091.75,2140.97,2077.51,2249.45" sx="M,M,M,M"/><TAIKYOKU oya="0"/><INIT seed="0,0,0,5,4,93" ten="250,250,250,250" oya="0" hai0="37,127,29,89,32,21,58,31,118,88,38,112,9" hai1="121,62,5,14,67,122,44,40,15,101,30,90,116" hai2="65,130,17,25,95,99,85,102,125,120,57,114,6" hai3="20,74,86,46,4,49,2,59,110,43,135,45,28"/><T75/><BYE who="1" /><D32/><U128/><E128/><V73/><F120/><UN n1="%E9%8A%80%E3%81%B0%E3%81%95%E3%81%BF" /><W24/><G74/><T35/><D35/><U77/><E116/><V0/><F73/><W107/><G107/><T64/><D75/><U81/><E30/><V47/><F114/><W72/><G72/><T105/><D9/><U83/><E101/><V39/><F130/><W48/><G135/><T54/><D64/><U98/><E77/><V53/><F65/><W124/><G124/><T113/><D105/><U23/><E121/><V68/><F68/><W123/><G110/><T104/><D104/><U55/><E55/><V36/><F102/><W66/><G123/><T56/><D54/><U106/><E122/><V34/><F53/><W109/><G109/><T131/><D21/><U51/><E14/><V61/><F0/><W52/><G66/><T100/><D100/><U22/><E22/><V94/><F34/><W11/><REACH who="3" step="1"/><G86/><REACH who="3" ten="250,250,250,240" step="2"/><T7/><D127/><U126/><E126/><V91/><F85/><W3/><G3/><T117/><D131/><U18/><E106/><V63/><F125/><W129/><G129/><T82/><D82/><U87/><E83/><V60/><F95/><W78/><G78/><T16/><REACH who="0" step="1"/><D7/><REACH who="0" ten="240,250,250,240" step="2"/><U103/><E5/><V8/><F6/><W134/><G134/><T108/><D108/><U115/><E81/><V133/><F94/><W111/><G111/><T1/><D1/><U13/><E67/><V69/><F133/><W96/><G96/><T132/><D132/><U12/><E98/><V26/><F99/><W10/><G10/><T119/><D119/><U80/><E80/><RYUUKYOKU ba="0,2" sc="240,15,250,-15,250,-15,240,15" hai0="16,29,31,37,38,56,58,88,89,112,113,117,118" hai3="2,4,11,20,24,28,43,45,46,48,49,52,59" /><INIT seed="0,1,2,2,4,92" ten="255,235,235,255" oya="0" hai0="84,36,59,39,126,97,30,130,96,40,12,51,107" hai1="99,80,25,74,108,4,125,32,57,81,119,3,103" hai2="120,129,47,128,69,116,10,61,33,58,123,53,68" hai3="13,52,6,88,16,93,20,122,79,37,73,127,24"/><T78/><D107/><U14/><E119/><V132/><F33/><W29/><G37/><T27/><D39/><U28/><E108/><V62/><F10/><N who="3" m="4311" /><G73/><T56/><D36/><U9/><E125/><V64/><F132/><W34/><G34/><T60/><D126/><U90/><E57/><N who="0" m="22089" /><D60/><U43/><E43/><V104/><F104/><W135/><G135/><T67/><D67/><U121/><E121/><N who="2" m="46667" /><F116/><W70/><G70/><T118/><D12/><U91/><E3/><V82/><F82/><W75/><G75/><T102/><D102/><U134/><E134/><V5/><F5/><W124/><G122/><T48/><D118/><U38/><E38/><V18/><F69/><W2/><G2/><T19/><D30/><U110/><E110/><V35/><F35/><W44/><G124/><T72/><D72/><U23/><E32/><V83/><F68/><W7/><G127/><T101/><D101/><U131/><E131/><V0/><F0/><W8/><G7/><T94/><D130/><U71/><E71/><V46/><F129/><W100/><G100/><T89/><D78/><U17/><E4/><V63/><F128/><W76/><G29/><T1/><D1/><U98/><E74/><V66/><F66/><W55/><G8/><T65/><D65/><U95/><E90/><V21/><F64/><W15/><G15/><T114/><D114/><U22/><REACH who="1" step="1"/><E9/><REACH who="1" ten="255,225,235,255" step="2"/><V87/><F58/><W105/><G88/><N who="0" m="53511" /><D40/><U86/><E86/><V49/><F87/><W113/><G113/><T133/><D133/><U31/><E31/><V115/><F115/><W109/><G109/><RYUUKYOKU ba="1,3" sc="255,-10,225,30,235,-10,255,-10" hai1="14,17,22,23,25,28,80,81,91,95,98,99,103" /><INIT seed="1,2,3,5,2,93" ten="245,255,225,245" oya="1" hai0="78,55,135,50,72,0,74,73,98,75,53,131,48" hai1="36,42,1,67,40,100,134,9,128,88,23,102,130" hai2="133,30,31,46,81,70,38,121,108,26,33,84,64" hai3="54,8,51,126,15,77,92,6,32,43,20,2,99"/><U12/><E1/><V69/><F121/><W112/><G112/><T10/><D131/><N who="1" m="50219" /><E67/><V117/><F117/><W63/><G126/><T28/><D135/><U66/><E66/><V57/><F133/><W132/><G32/><T29/><D0/><U114/><E23/><V3/><F3/><W52/><G132/><T7/><D7/><N who="1" m="3135" /><E134/><V71/><F31/><W37/><G37/><T103/><D10/><U25/><E25/><V61/><F108/><W49/><G77/><T85/><D28/><U68/><E68/><V111/><F111/><W87/><G6/><T18/><D29/><U119/><E114/><V13/><F13/><W34/><G20/><T94/><D18/><U96/><E119/><V79/><F46/><W95/><G34/><T27/><D27/><U35/><E35/><V17/><F38/><W47/><G2/><T89/><N who="0" m="18432" /><DORA hai="120" /><T91/><D78/><U41/><E36/><V123/><F123/><W45/><G15/><T124/><D124/><U110/><E110/><V11/><F11/><W86/><G8/><T44/><REACH who="0" step="1"/><D85/><REACH who="0" ten="235,255,225,245" step="2"/><U76/><E76/><V115/><F115/><W113/><G87/><T39/><D39/><U80/><E80/><V14/><F17/><W125/><G86/><T105/><D105/><U104/><E104/><V4/><F4/><W58/><G113/><T90/><D90/><U60/><E60/><V129/><F129/><W83/><G125/><T106/><D106/><U5/><E5/><V82/><F82/><W127/><G127/><T107/><D107/><U24/><E24/><V122/><F122/><W19/><G83/><RYUUKYOKU ba="2,4" sc="235,10,255,10,225,10,245,-30" hai0="44,48,50,53,55,89,91,94,98,103" hai1="40,41,42,88,96,100,102" hai2="14,26,30,33,57,61,64,69,70,71,79,81,84" /><INIT seed="1,3,4,0,2,124" ten="245,265,235,215" oya="1" hai0="78,100,32,76,30,108,132,45,110,11,8,105,56" hai1="130,51,58,121,35,91,62,0,4,97,104,1,84" hai2="9,60,116,23,22,74,77,89,57,127,37,3,2" hai3="63,49,54,133,27,131,59,70,68,95,41,31,71"/><U10/><E121/><V75/><F116/><W115/><G115/><T20/><D32/><U16/><E35/><V43/><F127/><W106/><G106/><T80/><D76/><U5/><E51/><V15/><F89/><W134/><G95/><T96/><D132/><N who="3" m="50793" /><G131/><T66/><D45/><U39/><E39/><V42/><F2/><W53/><G27/><N who="0" m="16743" /><D56/><U93/><E130/><V90/><F3/><W126/><G31/><T103/><D66/><N who="1" m="39255" /><E104/><V119/><F37/><W61/><G126/><T118/><D103/><N who="1" m="60847" /><E1/><V44/><F119/><W81/><G81/><T36/><D36/><U123/><E0/><V17/><F74/><W65/><G41/><T7/><D7/><U25/><E123/><V38/><F43/><W50/><G65/><T88/><D118/><U12/><E25/><V64/><REACH who="2" step="1"/><F90/><REACH who="2" ten="245,265,225,215" step="2"/><W6/><G6/><T82/><D88/><U102/><E102/><V129/><F129/><W98/><G98/><T79/><D79/><U72/><E72/><V122/><F122/><W125/><G125/><T107/><D78/><U55/><E55/><V19/><F19/><W101/><G101/><T120/><D120/><U113/><E113/><V26/><F26/><W112/><G112/><T14/><D107/><U67/><E67/><V13/><F13/><W40/><G40/><T73/><D73/><U99/><E99/><V85/><F85/><W111/><G111/><N who="0" m="42539" /><D14/><U114/><E114/><V52/><F52/><W21/><G54/><T24/><D24/><U135/><E135/><V117/><F117/><W46/><G53/><T28/><D28/><U83/><AGARI ba="3,5" hai="4,5,10,12,16,83,84,91" m="60847,39255" machi="83" ten="30,6000,0" yaku="5,1,8,1,54,1" doraHai="124" who="1" fromWho="1" sc="245,-23,265,119,225,-23,215,-23" /><INIT seed="1,4,0,3,3,132" ten="222,384,202,192" oya="1" hai0="85,113,75,81,65,7,44,92,83,5,25,76,29" hai1="18,22,66,16,111,19,9,89,123,118,87,24,112" hai2="105,133,36,59,26,43,110,107,2,17,134,90,72" hai3="124,101,99,108,0,33,58,27,116,120,84,12,20"/><U78/><E118/><V30/><F72/><W117/><G0/><T86/><D113/><U119/><E119/><N who="3" m="45642" /><G120/><T4/><D65/><U49/><E112/><V1/><F110/><W14/><G33/><T3/><D92/><U47/><E123/><V13/><F59/><W6/><G6/><T55/><D44/><U39/><E39/><V121/><F121/><W127/><G84/><T79/><D75/><U28/><E111/><V41/><F1/><W42/><G42/><T15/><D55/><N who="1" m="30143" /><E66/><V10/><F2/><W71/><G58/><T70/><D3/><U100/><E100/><V74/><F74/><W77/><G77/><T56/><D56/><U102/><E102/><V60/><F36/><W109/><G71/><T82/><D70/><U93/><E78/><V130/><F134/><W52/><G52/><T115/><D115/><U114/><E114/><V48/><F41/><W53/><G53/><T64/><D64/><U23/><E9/><V34/><F10/><W96/><G108/><T91/><D79/><U73/><E73/><V103/><F133/><W69/><G69/><T31/><D76/><U32/><E32/><V106/><F34/><W94/><G99/><T11/><D91/><U88/><E89/><V37/><F90/><W61/><G61/><T54/><D54/><U97/><E23/><V126/><F37/><W40/><G40/><T50/><D50/><U45/><E45/><V125/><F48/><W51/><G51/><T62/><D62/><U38/><E38/><V8/><F43/><W129/><G109/><T135/><D135/><U35/><E35/><RYUUKYOKU ba="4,0" sc="222,-10,384,30,202,-10,192,-10" hai1="16,18,19,22,24,28,87,88,93,97" /><INIT seed="1,5,0,3,0,63" ten="212,414,192,182" oya="1" hai0="42,71,13,11,96,73,125,107,39,67,17,118,12" hai1="88,60,117,64,23,57,80,120,33,126,56,84,4" hai2="41,61,31,2,92,100,95,36,97,94,58,134,135" hai3="27,37,77,122,3,90,123,119,40,43,86,16,124"/><U129/><E33/><V19/><F2/><W111/><G3/><T18/><D73/><U65/><E120/><V49/><F36/><W89/><G111/><T98/><D107/><U76/><E117/><V32/><F32/><W48/><G37/><T115/><D125/><U9/><E126/><V74/><F74/><W35/><G35/><T47/><D115/><U14/><E129/><V75/><F75/><W78/><G124/><T103/><D103/><U59/><E23/><V1/><F31/><W30/><G30/><T83/><D83/><U53/><E76/><N who="3" m="29290" /><G119/><T44/><D44/><U109/><E109/><V91/><F19/><W38/><G38/><T62/><REACH who="0" step="1"/><D118/><REACH who="0" ten="202,414,192,182" step="2"/><U15/><E15/><V54/><F1/><W26/><G122/><T8/><AGARI ba="5,1" hai="8,11,12,13,17,18,39,42,47,62,67,71,96,98" machi="8" ten="20,12000,2" yaku="1,1,2,1,0,1,7,1,9,1,52,1,53,0" doraHai="63" doraHaiUra="101" who="0" fromWho="0" sc="202,145,414,-65,192,-35,182,-35" /><INIT seed="2,0,0,2,3,54" ten="347,349,157,147" oya="2" hai0="71,2,57,102,12,36,81,7,46,58,112,114,4" hai1="95,50,115,68,27,29,39,18,103,133,17,94,128" hai2="90,21,72,69,19,84,11,107,80,129,135,122,5" hai3="33,89,25,86,104,96,73,13,53,70,51,87,85"/><V97/><F122/><W76/><G70/><T8/><D71/><U30/><E39/><V105/><F69/><W110/><G110/><T35/><D35/><U113/><E68/><V31/><F31/><W63/><G63/><T77/><D102/><U16/><E133/><V42/><F129/><W45/><G13/><T38/><D12/><U93/><E128/><V117/><F117/><W59/><G73/><N who="0" m="43183" /><D38/><U98/><E50/><V62/><F135/><W14/><G76/><T26/><D26/><U126/><E126/><V120/><F42/><W34/><G25/><T40/><D7/><U78/><E78/><V109/><F120/><W6/><G34/><T28/><D28/><U125/><E125/><V121/><F121/><W1/><G1/><T91/><D91/><U23/><REACH who="1" step="1"/><E30/><REACH who="1" ten="347,339,157,147" step="2"/><V41/><F109/><W64/><G51/><T99/><D99/><U108/><E108/><V134/><F97/><W79/><G96/><T111/><D111/><U74/><E74/><V75/><F75/><W127/><G79/><T67/><D67/><U52/><E52/><V44/><F72/><W48/><G64/><T83/><D83/><U47/><E47/><V106/><F134/><W118/><G45/><T49/><D49/><U131/><E131/><V10/><F44/><W37/><G127/><T116/><D116/><U65/><E65/><V88/><F80/><W82/><G118/><T20/><D46/><U130/><E130/><V43/><F43/><W55/><G37/><T3/><D40/><U0/><E0/><V60/><F41/><W15/><G82/><T22/><D36/><RYUUKYOKU ba="0,1" sc="347,-10,339,30,157,-10,147,-10" hai1="16,17,18,23,27,29,93,94,95,98,103,113,115" /><INIT seed="3,1,1,3,0,69" ten="337,369,147,137" oya="3" hai0="15,135,124,104,18,1,60,56,32,8,125,127,107" hai1="43,88,5,7,96,86,75,120,91,123,84,90,99" hai2="30,31,6,111,79,65,49,37,39,53,78,101,80" hai3="83,102,108,133,59,12,24,0,112,68,121,52,131"/><W35/><G0/><T55/><D135/><U109/><E75/><V54/><F111/><W57/><G68/><T51/><D32/><U73/><E73/><V132/><F132/><W19/><G121/><N who="1" m="46666" /><E43/><V2/><F65/><W128/><G112/><T9/><D1/><U66/><E66/><V119/><F119/><W38/><G133/><T105/><D9/><U64/><E64/><V50/><F2/><W103/><G38/><T77/><REACH who="0" step="1"/><D77/><REACH who="0" ten="327,369,147,137" step="2"/><U63/><E109/><V114/><F114/><W28/><G108/><T100/><D100/><U129/><E129/><N who="3" m="49738" /><G83/><T16/><D16/><U87/><E63/><AGARI ba="1,2" hai="8,15,18,51,55,56,60,63,104,105,107,124,125,127" machi="63" ten="50,6400,0" yaku="1,1,18,1,53,1" doraHai="69" doraHaiUra="10" who="0" fromWho="1" sc="327,87,369,-67,147,0,137,0" /><INIT seed="4,0,0,4,5,50" ten="414,302,147,137" oya="0" hai0="33,25,109,95,71,12,73,129,126,56,134,35,127" hai1="124,58,74,0,22,43,80,23,18,122,131,96,110" hai2="92,65,76,30,13,78,70,10,98,21,135,107,2" hai3="29,83,41,67,38,112,113,114,111,44,8,3,106"/><T116/><D71/><U121/><E0/><V103/><F2/><W87/><G106/><T28/><D73/><U86/><E110/><V84/><F135/><W57/><G111/><T40/><D35/><U119/><E119/><V90/><F70/><W1/><G29/><T88/><D116/><U55/><E74/><V64/><F30/><W26/><G26/><T34/><D34/><U105/><E43/><V128/><F21/><W77/><G8/><T62/><D109/><U118/><E118/><V37/><F37/><W19/><G19/><T68/><D68/><U79/><E131/><V69/><F128/><W101/><G101/><T27/><D27/><U49/><E124/><V123/><F123/><W72/><G87/><T60/><D134/><U5/><E5/><V117/><F117/><W99/><G99/><T17/><D40/><U32/><E32/><V54/><F69/><W45/><G45/><T4/><D4/><U52/><E22/><V14/><F14/><W47/><G47/><T130/><D17/><U82/><E82/><V15/><F15/><W11/><G11/><T104/><D12/><U39/><E39/><V97/><F13/><W53/><REACH who="3" step="1"/><G67/><REACH who="3" ten="414,302,147,127" step="2"/><N who="0" m="39303" /><D104/><U100/><E18/><V120/><F107/><W133/><G133/><T7/><D130/><U81/><E23/><V9/><F65/><W94/><G94/><T6/><D129/><U61/><E81/><V85/><F64/><W31/><G31/><T89/><D95/><U132/><E132/><V125/><F92/><W59/><G59/><AGARI ba="0,1" hai="49,52,55,58,59,61,79,80,86,96,100,105,121,122" machi="59" ten="30,7700,0" yaku="7,1,52,2,54,1" doraHai="50" who="1" fromWho="3" sc="414,0,302,87,147,0,127,-77" /><INIT seed="5,0,0,4,0,92" ten="414,389,147,50" oya="1" hai0="46,84,12,103,78,13,71,5,58,119,56,11,10" hai1="50,35,65,33,8,47,40,86,37,16,109,82,1" hai2="51,41,24,69,57,48,114,93,42,30,105,38,73" hai3="85,20,104,67,18,2,108,89,101,39,135,43,134"/><U0/><E109/><V80/><F105/><W49/><G108/><T15/><D71/><U32/><E65/><V44/><F69/><W45/><G2/><T19/><D119/><U100/><E37/><V55/><F114/><W94/><G67/><T31/><D31/><U116/><E116/><V96/><F42/><W131/><G131/><T113/><D113/><U64/><E64/><V126/><F126/><W28/><G28/><T97/><D46/><U52/><E100/><V6/><F6/><W26/><REACH who="3" step="1"/><G39/><REACH who="3" ten="414,389,147,40" step="2"/><T98/><D13/><N who="1" m="7207" /><E40/><V22/><F38/><W90/><G90/><AGARI ba="0,1" hai="0,1,32,33,35,47,50,52,82,86,90" m="7207" machi="90" ten="30,5800,0" yaku="25,1,54,2" doraHai="92" who="1" fromWho="3" sc="414,0,389,68,147,0,40,-58" owari="414,21.0,457,56.0,147,-25.0,-18,-52.0" /></mjloggm>