<mjloggm ver="2.3"><GO type="169" lobby="0"/><UN n0="%E5%AB%8C%E3%81%84%E3%81%98%E3%82%83%E3%81%AA%E3%81%84%E3%82%8F%EF%BC%81" n1="%E3%81%A9%E3%81%B0%E3%81%A8%E3%81%A1%E3%82%83%E3%82%93" n2="%E5%B0%B1%E6%B4%BB%E7%94%9F%40%E5%B7%9D%E6%9D%91%E8%BB%8D%E5%9B%A3" n3="%2D%46%49%58%45%52%2D" dan="17,16,17,16" rate="2122.08,2059.34,2199.80,2035.38" sx="M,F,M,M"/><TAIKYOKU oya="0"/><INIT seed="0,0,0,3,5,71" ten="250,250,250,250" oya="0" hai0="0,56,96,45,129,22,104,21,82,9,23,54,95" hai1="103,49,7,127,59,84,91,99,72,126,110,101,122" hai2="41,78,40,117,30,46,20,16,125,48,102,36,11" hai3="115,112,37,118,26,74,64,1,39,50,108,12,66"/><T114/><D129/><U97/><E7/><V123/><F123/><W88/><G1/><T130/><D104/><U58/><E49/><V51/><F125/><W4/><G118/><T10/><D114/><U85/><E91/><V63/><F117/><W55/><G74/><T73/><D130/><U135/><E72/><V34/><F102/><W109/><G26/><T52/><D0/><U80/><E80/><V31/><F34/><W47/><G4/><T15/><D73/><U75/><E75/><V92/><F78/><W107/><G107/><T105/><D105/><U79/><E79/><V3/><F92/><W100/><G12/><T14/><D82/><U111/><REACH who="1" step="1"/><E135/><REACH who="1" ten="250,240,250,250" step="2"/><V124/><F124/><W32/><G88/><T70/><D45/><U120/><AGARI ba="0,1" hai="58,59,84,85,97,99,101,103,110,111,120,122,126,127" machi="120" ten="25,8000,1" yaku="1,1,2,1,0,1,22,2,53,0" doraHai="71" doraHaiUra="67" who="1" fromWho="1" sc="250,-40,240,90,250,-20,250,-20" /><INIT seed="1,0,0,1,3,34" ten="210,330,230,230" oya="1" hai0="114,17,116,109,54,39,7,19,11,32,28,76,8" hai1="85,6,108,100,124,83,96,30,55,67,36,133,123" hai2="43,135,134,48,106,18,51,118,125,127,60,93,88" hai3="58,117,121,42,56,2,50,35,31,81,63,5,71"/><U113/><E113/><V87/><F106/><W64/><G121/><T46/><D114/><U102/><E123/><V107/><F107/><W21/><G117/><T25/><D109/><U129/><E36/><V78/><F118/><W104/><G104/><T4/><D116/><U94/><E124/><N who="2" m="47691" /><F43/><W3/><G35/><T70/><D70/><U57/><E129/><V75/><F18/><N who="0" m="6666" /><D54/><U115/><E133/><N who="2" m="50699" /><F60/><W10/><G81/><AGARI ba="0,0" hai="48,51,75,78,81,87,88,93" m="50699,47691" machi="81" ten="30,3900,0" yaku="18,1,20,1,54,1" doraHai="34" who="2" fromWho="3" sc="210,0,330,0,230,39,230,-39" /><INIT seed="2,0,0,5,0,87" ten="210,330,269,191" oya="2" hai0="33,56,113,90,49,53,76,20,112,62,107,94,65" hai1="47,59,69,106,43,3,68,39,22,132,35,79,51" hai2="45,11,13,128,38,40,28,21,89,1,103,114,81" hai3="19,124,24,64,66,46,104,86,61,54,34,55,5"/><V31/><F114/><W48/><G104/><T93/><D33/><U82/><E35/><V109/><F103/><W101/><G101/><T17/><D107/><U72/><E106/><V110/><F128/><W10/><G124/><T67/><D76/><U9/><E22/><V26/><F1/><W130/><G130/><T14/><D94/><U73/><E73/><V129/><F129/><W115/><G115/><T23/><D67/><U60/><E51/><V102/><F102/><W27/><G55/><T85/><REACH who="0" step="1"/><D23/><REACH who="0" ten="200,330,269,191" step="2"/><U50/><E79/><V6/><REACH who="2" step="1"/><F28/><REACH who="2" ten="200,330,259,191" step="2"/><W98/><G34/><T99/><D99/><U127/><E127/><V119/><F119/><W15/><G98/><T75/><D75/><U52/><E72/><V92/><F92/><W118/><G118/><T7/><D7/><U84/><E82/><V100/><F100/><W30/><G5/><T97/><D97/><U123/><E84/><AGARI ba="0,2" hai="6,11,13,21,26,31,38,40,45,81,84,89,109,110" machi="84" ten="40,7700,0" yaku="1,1,52,1,53,1" doraHai="87" doraHaiUra="71" who="2" fromWho="1" sc="200,0,330,-77,259,97,191,0" /><INIT seed="2,1,0,0,2,39" ten="200,253,356,191" oya="2" hai0="3,126,94,41,11,110,134,29,6,5,53,72,99" hai1="65,69,71,123,129,96,40,106,121,36,35,12,45" hai2="26,21,30,25,70,59,133,88,82,107,109,77,79" hai3="83,97,33,38,84,78,24,89,68,1,113,103,56"/><V4/><F70/><W10/><G68/><T23/><D72/><U108/><E12/><V44/><F107/><W37/><G113/><T7/><D110/><U105/><E108/><V42/><F133/><W9/><G78/><T132/><D126/><U125/><E125/><V93/><F109/><W60/><G1/><T95/><D3/><U64/><E35/><V81/><F4/><W17/><G10/><T54/><D11/><U18/><E18/><V80/><F59/><W76/><G76/><T114/><D114/><U102/><E106/><V92/><F92/><N who="0" m="35370" /><D99/><U48/><E48/><N who="2" m="26647" /><F26/><W14/><G24/><N who="0" m="16543" /><D41/><U16/><E129/><V57/><F57/><W75/><G75/><T131/><D131/><U116/><E116/><V90/><F90/><W115/><G115/><T15/><D15/><U98/><E98/><AGARI ba="1,0" hai="21,25,30,77,79,80,81,82,88,93,98" m="26647" machi="98" ten="30,5800,0" yaku="8,1,52,1,54,1" doraHai="39" who="2" fromWho="1" sc="200,0,253,-61,356,61,191,0" /><INIT seed="2,2,0,0,5,45" ten="200,192,417,191" oya="2" hai0="63,90,12,59,131,80,98,135,20,122,68,65,66" hai1="5,10,117,39,125,38,116,22,89,111,56,33,7" hai2="49,6,3,19,119,67,72,55,102,132,120,121,127" hai3="0,27,101,13,103,42,79,97,9,15,53,44,106"/><V92/><F119/><W133/><G133/><T110/><D110/><U14/><E111/><V46/><F72/><W99/><G79/><T26/><D122/><U114/><E33/><V29/><F29/><W130/><G130/><T85/><D135/><U58/><E114/><V109/><F109/><W2/><G53/><T77/><D131/><U83/><E22/><V4/><F127/><W57/><G57/><T60/><D12/><U8/><E14/><V100/><F132/><W24/><G15/><T87/><D98/><U105/><E89/><V123/><F67/><W64/><G64/><T31/><D90/><U47/><E47/><V78/><F78/><W73/><G73/><AGARI ba="2,0" hai="20,26,31,59,60,63,65,66,68,73,77,80,85,87" machi="73" ten="30,1000,0" yaku="7,1" doraHai="45" who="0" fromWho="3" sc="200,16,192,0,417,0,191,-16" /><INIT seed="3,0,0,2,0,72" ten="216,192,417,175" oya="3" hai0="17,51,89,69,50,19,15,53,31,77,18,102,129" hai1="127,91,28,49,66,12,11,63,43,75,107,103,100" hai2="111,132,52,40,30,55,124,90,58,118,1,61,22" hai3="79,20,32,126,39,114,97,24,8,128,122,26,121"/><W4/><G39/><T113/><D69/><U21/><E75/><V98/><F1/><W6/><G79/><T108/><D108/><U42/><E127/><V83/><F118/><W82/><G82/><T23/><D129/><U78/><E91/><V106/><F106/><W41/><G41/><T67/><D113/><U95/><E107/><V16/><F124/><W56/><G126/><T76/><D67/><U133/><E103/><V115/><F115/><W134/><G128/><T125/><D102/><U85/><E49/><N who="0" m="18441" /><D53/><U45/><E45/><V73/><F73/><W96/><G114/><T68/><D68/><U9/><E133/><V27/><F40/><W71/><G134/><T35/><D35/><U116/><E116/><V37/><F37/><W14/><G71/><T130/><D130/><U62/><E62/><V70/><F70/><W110/><G110/><T94/><D125/><U99/><E42/><V109/><F132/><W59/><G32/><T123/><D123/><U10/><E12/><V88/><F55/><W3/><G3/><T104/><D104/><U38/><E38/><V60/><F60/><W7/><G122/><T44/><D44/><U47/><E47/><V105/><F105/><W86/><G121/><T74/><D74/><U92/><E100/><V57/><F57/><W36/><G36/><T65/><D65/><U131/><E66/><V135/><F135/><W117/><G117/><T112/><D112/><U48/><E63/><V84/><F30/><W13/><G59/><T119/><D119/><U29/><E43/><V33/><F33/><W25/><G56/><RYUUKYOKU ba="0,0" sc="216,-10,192,-10,417,30,175,-10" hai2="16,22,27,52,58,61,83,84,88,90,98,109,111" /><INIT seed="4,1,0,2,2,7" ten="206,182,447,165" oya="0" hai0="78,120,36,44,131,88,30,35,113,95,130,135,15" hai1="2,18,107,33,71,102,105,19,90,92,79,77,0" hai2="121,47,122,74,64,86,28,106,82,32,97,76,42" hai3="103,66,46,65,39,27,98,67,40,117,61,100,101"/><T110/><D120/><U96/><E71/><V112/><F112/><W99/><G117/><T60/><D113/><U134/><E33/><V57/><F57/><W41/><G41/><N who="0" m="22567" /><D135/><U115/><E102/><N who="2" m="62799" /><F64/><W84/><G61/><T22/><D35/><U91/><E96/><V123/><F86/><W104/><G84/><N who="0" m="52615" /><D78/><U116/><E92/><V129/><F129/><W34/><REACH who="3" step="1"/><G104/><REACH who="3" ten="206,182,447,155" step="2"/><T13/><D60/><U5/><E115/><V108/><F108/><W20/><G20/><T133/><D110/><U93/><E116/><V63/><F63/><W23/><G23/><T48/><D133/><U94/><E134/><V73/><F73/><W118/><G118/><T51/><D30/><AGARI ba="1,1" hai="27,30,34,39,40,46,65,66,67,98,99,100,101,103" machi="30" ten="40,2600,0" yaku="1,1,53,1" doraHai="7" doraHaiUra="43" who="3" fromWho="0" sc="206,-29,182,0,447,0,155,39" /><INIT seed="5,0,0,3,1,3" ten="177,182,447,194" oya="1" hai0="113,96,117,60,108,133,99,129,22,95,82,33,0" hai1="6,2,125,121,103,130,50,93,116,122,29,109,12" hai2="45,41,88,49,75,81,46,39,74,124,98,102,91" hai3="20,112,70,42,55,115,25,128,32,126,15,36,56"/><U26/><E116/><V77/><F75/><W114/><G70/><T1/><D33/><U79/><E79/><V47/><F124/><W84/><G126/><T8/><D117/><U78/><E125/><V4/><F4/><W111/><G111/><T131/><D108/><U101/><E109/><V92/><F47/><N who="3" m="24007" /><G128/><N who="0" m="49227" /><D113/><U83/><E2/><V11/><F11/><W54/><G32/><T31/><D99/><U23/><E130/><V97/><REACH who="2" step="1"/><F98/><REACH who="2" ten="177,182,437,194" step="2"/><W59/><G112/><T64/><D8/><U10/><E122/><V69/><F69/><W73/><G73/><T51/><D133/><U35/><E121/><V27/><F27/><W127/><G127/><T104/><D96/><U72/><E35/><V120/><F120/><W21/><G115/><T100/><D1/><U134/><E134/><V16/><F16/><W9/><G114/><T118/><D0/><U68/><E68/><V65/><F65/><W14/><G25/><T53/><D118/><U7/><E6/><V67/><F67/><W24/><G24/><T58/><D64/><U90/><REACH who="1" step="1"/><E50/><REACH who="1" ten="177,172,437,194" step="2"/><V5/><F5/><W86/><G21/><T28/><D22/><U94/><E94/><V105/><F105/><W87/><G20/><T62/><D104/><U76/><E76/><V106/><F106/><W110/><G110/><T30/><D82/><U57/><E57/><V135/><F135/><W48/><G9/><T89/><D51/><U71/><E71/><V66/><F66/><W38/><G38/><T85/><D62/><U61/><E61/><V43/><AGARI ba="0,2" hai="39,41,43,45,46,49,74,77,81,88,91,92,97,102" machi="43" ten="20,5200,0" yaku="1,1,0,1,7,1,54,1,53,0" doraHai="3" doraHaiUra="17" who="2" fromWho="2" sc="177,-13,172,-26,437,72,194,-13" /><INIT seed="6,0,0,1,2,22" ten="164,146,509,181" oya="2" hai0="34,51,133,36,28,18,95,112,16,121,43,61,120" hai1="116,57,79,106,128,82,105,69,115,53,131,68,55" hai2="66,14,118,12,126,102,47,86,123,71,93,25,63" hai3="90,27,84,21,78,117,94,49,130,10,70,5,44"/><V103/><F118/><W92/><G70/><N who="1" m="27242" /><E116/><V37/><F123/><W111/><G117/><T74/><D36/><U0/><E0/><V104/><F126/><W40/><G111/><T80/><D120/><U31/><E31/><V75/><F75/><W32/><G32/><T6/><D6/><U15/><E15/><V38/><F104/><N who="1" m="40041" /><E57/><V101/><F25/><W17/><G130/><N who="1" m="49706" /><E115/><V132/><F132/><W20/><G20/><T96/><D112/><U24/><E24/><V129/><F129/><W13/><REACH who="3" step="1"/><G78/><REACH who="3" ten="164,146,509,171" step="2"/><N who="0" m="44119" /><D133/><U58/><E58/><V52/><F71/><W124/><G124/><T127/><D127/><U119/><E119/><V4/><F38/><W98/><G98/><T29/><D96/><U135/><E135/><V87/><F37/><W88/><G88/><T33/><D121/><U9/><E9/><V62/><F102/><W113/><G113/><T3/><D34/><U76/><E76/><V30/><F101/><W50/><G50/><T73/><D51/><U99/><E99/><V97/><F103/><W59/><G59/><T100/><D33/><U83/><E83/><AGARI ba="0,1" hai="5,10,13,17,21,27,40,44,49,83,84,90,92,94" machi="83" ten="30,7700,0" yaku="1,1,7,1,8,1,52,1,53,0" doraHai="22" doraHaiUra="125" who="3" fromWho="1" sc="164,0,146,-77,509,0,171,87" /><INIT seed="7,0,0,4,4,120" ten="164,69,509,258" oya="3" hai0="74,9,19,55,15,94,0,43,54,29,77,20,127" hai1="7,101,52,21,47,132,97,76,1,112,40,116,36" hai2="86,31,79,107,117,135,89,110,5,73,59,69,134" hai3="28,65,3,111,38,32,26,108,72,95,100,51,23"/><W58/><G38/><T115/><D115/><U123/><E132/><N who="2" m="50731" /><F110/><W42/><G42/><T34/><BYE who="3" /><D77/><UN n3="%2D%46%49%58%45%52%2D" /><U45/><E112/><V96/><F69/><W133/><G72/><T63/><D74/><U104/><E123/><V48/><F117/><W10/><G133/><T35/><D43/><U93/><E116/><V124/><F124/><W64/><G32/><T90/><D127/><U87/><E1/><V11/><F31/><W114/><G114/><T99/><D63/><U33/><E33/><V67/><F79/><W18/><G64/><T62/><D62/><U78/><E7/><V121/><F73/><W13/><G3/><T44/><D44/><U60/><E21/><V25/><F25/><W128/><G128/><T106/><D106/><U49/><REACH who="1" step="1"/><E60/><REACH who="1" ten="164,59,509,258" step="2"/><N who="2" m="38303" /><F48/><W103/><G51/><T14/><D35/><U50/><E50/><V39/><F39/><W82/><G23/><N who="0" m="11775" /><D0/><U12/><E12/><V16/><F121/><W80/><G13/><T84/><D34/><U17/><E17/><V30/><F30/><W85/><G18/><N who="0" m="8527" /><D20/><U102/><E102/><V75/><F75/><W8/><G100/><N who="0" m="60535" /><D29/><U92/><E92/><AGARI ba="0,1" hai="54,55,84,90,92" m="60535,8527,11775" machi="92" ten="30,1000,0" yaku="8,1" doraHai="120" who="0" fromWho="1" sc="164,20,59,-10,509,0,258,0" owari="184,-22.0,49,-45.0,509,61.0,258,6.0" /></mjloggm>