<mjloggm ver="2.3"><GO type="225" lobby="0"/><UN n0="%E4%BA%8C%E4%BB%A3%E7%9B%AE%E3%82%A2%E3%83%A1%E3%83%96%E3%83%A9" n1="%E3%83%88%E3%83%88%E3%83%AA%E5%85%88%E7%94%9F%31%39%E6%AD%B3" n2="%53%65%6E%61%72" n3="%63%6F%61" dan="17,17,16,16" rate="2187.45,2161.20,2142.44,2135.20" sx="M,F,M,M"/><TAIKYOKU oya="0"/><INIT seed="0,0,0,5,3,68" ten="250,250,250,250" oya="0" hai0="10,107,113,14,131,4,36,111,87,95,48,119,122" hai1="60,67,132,54,52,69,0,19,2,84,16,129,93" hai2="73,121,7,90,8,3,6,66,80,33,103,62,114" hai3="40,72,30,15,39,134,70,71,117,37,13,89,104"/><T127/><D113/><U49/><E129/><V61/><F114/><W112/><G112/><T1/><D119/><U58/><E132/><V22/><F33/><W116/><G104/><T44/><D122/><U28/><E28/><V126/><F121/><W77/><G30/><T11/><D107/><U135/><E135/><V23/><F7/><W21/><G134/><T20/><D131/><U34/><E34/><V79/><F126/><W55/><G55/><T101/><D127/><U57/><E84/><V59/><F103/><W74/><G89/><T94/><D20/><U24/><E93/><V32/><F32/><W108/><G21/><T100/><D111/><U12/><E24/><V63/><F63/><W92/><G92/><T50/><D36/><U78/><E78/><V128/><F128/><W38/><G40/><T109/><D109/><U115/><E115/><V124/><F124/><W85/><G85/><T76/><D50/><U9/><REACH who="1" step="1"/><E19/><REACH who="1" ten="250,240,250,250" step="2"/><V18/><F18/><W88/><G77/><T41/><D95/><U125/><E125/><V26/><F26/><W99/><G108/><T102/><D94/><U110/><E110/><V17/><F17/><W82/><G116/><T130/><D130/><U46/><E46/><V5/><F90/><W42/><G117/><T105/><D105/><U83/><E83/><V120/><F120/><W56/><G82/><N who="0" m="47559" /><D101/><U29/><E29/><V75/><F75/><W81/><G74/><T27/><D27/><U118/><E118/><V51/><F73/><W86/><G72/><T97/><D97/><U133/><E133/><V98/><F98/><RYUUKYOKU ba="0,1" sc="250,15,240,15,250,-15,250,-15" hai0="1,4,10,11,14,41,44,48,100,102" hai1="0,2,9,12,16,49,52,54,57,58,60,67,69" /><INIT seed="0,1,1,1,2,87" ten="265,255,235,235" oya="0" hai0="46,94,73,90,52,92,111,106,105,108,5,61,2" hai1="134,86,59,68,99,102,82,19,6,130,51,43,62" hai2="110,117,131,50,85,107,80,112,29,45,24,89,31" hai3="39,76,91,18,36,84,56,30,15,32,71,57,55"/><T93/><D73/><U41/><E68/><V97/><F112/><W4/><G71/><T28/><D28/><U33/><E33/><V81/><F110/><N who="0" m="42026" /><D5/><U83/><E130/><V98/><F131/><W77/><G4/><T3/><D90/><U65/><E134/><V124/><F124/><W120/><G120/><T8/><D8/><U119/><E119/><V34/><F117/><W23/><G77/><T27/><D27/><U135/><E135/><V113/><F113/><W122/><G76/><T16/><D16/><U75/><E75/><V21/><F107/><N who="0" m="40970" /><D61/><U11/><E19/><N who="2" m="12351" /><F34/><W127/><G122/><T66/><D66/><U38/><E83/><V123/><F81/><W109/><G109/><T69/><D69/><U121/><E121/><V40/><F123/><W128/><G30/><AGARI ba="1,1" hai="29,30,31,40,45,50,80,85,89,97,98" m="12351" machi="30" ten="30,2000,0" yaku="8,1,52,1" doraHai="87" who="2" fromWho="3" sc="265,0,255,0,235,33,235,-23" /><INIT seed="1,0,0,4,0,108" ten="265,255,268,212" oya="1" hai0="92,77,116,101,111,48,124,99,105,123,5,103,85" hai1="24,121,65,9,52,28,16,132,67,22,14,69,39" hai2="41,27,79,17,30,104,129,29,44,70,45,20,113" hai3="40,59,60,133,106,54,68,23,0,80,8,4,89"/><U35/><E121/><V76/><F104/><W15/><G106/><T3/><D116/><U25/><E39/><V1/><F1/><W115/><G133/><T62/><D123/><U53/><E132/><V82/><F70/><W11/><G68/><T2/><D111/><U38/><E38/><V102/><F102/><W119/><G119/><T78/><D124/><U118/><E118/><V87/><F129/><W75/><G40/><T120/><D120/><U98/><E98/><V127/><F127/><W19/><G115/><T51/><D62/><U107/><E107/><V7/><F7/><W55/><G11/><T86/><D105/><U6/><REACH who="1" step="1"/><E69/><REACH who="1" ten="265,245,268,212" step="2"/><V33/><F113/><W90/><G75/><T95/><D5/><U13/><E13/><V84/><F33/><W12/><G0/><T63/><D63/><U31/><E31/><V10/><F30/><W64/><G80/><T112/><D99/><U61/><E61/><V56/><F29/><W128/><G128/><T97/><D97/><U26/><E26/><V88/><F27/><W93/><REACH who="3" step="1"/><G90/><REACH who="3" ten="265,245,268,202" step="2"/><T81/><D81/><U83/><E83/><V43/><F88/><W57/><G57/><T66/><REACH who="0" step="1"/><D112/><REACH who="0" ten="255,245,268,202" step="2"/><U74/><E74/><V18/><F82/><W42/><G42/><T117/><D117/><U100/><E100/><V134/><F134/><W46/><G46/><T34/><D34/><U94/><E94/><V47/><F47/><W135/><G135/><T58/><D58/><U49/><E49/><N who="2" m="26767" /><F56/><W109/><G109/><T130/><D130/><U32/><E32/><V72/><F45/><W125/><G125/><RYUUKYOKU ba="0,3" sc="255,10,245,10,268,-30,202,10" hai0="2,3,48,51,66,77,78,85,86,92,95,101,103" hai1="6,9,14,16,22,24,25,28,35,52,53,65,67" hai3="4,8,12,15,19,23,54,55,59,60,64,89,93" /><INIT seed="1,1,3,3,0,97" ten="265,255,238,212" oya="1" hai0="2,9,127,8,102,10,35,80,87,48,61,25,43" hai1="66,91,52,135,72,100,112,126,13,71,120,21,62" hai2="76,103,117,18,5,95,38,26,31,83,115,49,94" hai3="24,116,129,85,39,64,108,50,36,107,47,67,98"/><U111/><E112/><V92/><F117/><W11/><G116/><T40/><D2/><U75/><E120/><V84/><F38/><W0/><G108/><T14/><D35/><U78/><E111/><V55/><F115/><W12/><G0/><T93/><D127/><U3/><E3/><V114/><F114/><W119/><G119/><T105/><D105/><U81/><E126/><V22/><F5/><W53/><G129/><T110/><D110/><U34/><E34/><V6/><F6/><W68/><G39/><T123/><D123/><U20/><E75/><V77/><F18/><N who="3" m="8479" /><G107/><T29/><D61/><U74/><E74/><V46/><F77/><W118/><G68/><T101/><D14/><U59/><E135/><V1/><F1/><W99/><G36/><T109/><D109/><U54/><E91/><V125/><F125/><W45/><G45/><N who="0" m="25639" /><D43/><U51/><E13/><V28/><F28/><W17/><G85/><T44/><D44/><U32/><E32/><V4/><F4/><W16/><G118/><T23/><D93/><U58/><E20/><V121/><F121/><W15/><G24/><T131/><D131/><U104/><E21/><V19/><F31/><W60/><G60/><T73/><D73/><U113/><E113/><V82/><F82/><W41/><G41/><T33/><D33/><U86/><E72/><V56/><F46/><W57/><G47/><T96/><D96/><AGARI ba="1,3" hai="19,22,26,49,55,56,76,83,84,92,94,95,96,103" machi="96" ten="40,2600,0" yaku="8,1,52,1" doraHai="97" who="2" fromWho="0" sc="265,-29,255,0,238,59,212,0" /><INIT seed="2,0,0,4,3,113" ten="236,255,297,212" oya="2" hai0="4,49,118,52,96,132,107,71,32,40,103,13,97" hai1="51,104,124,100,105,59,63,55,39,93,23,58,35" hai2="19,102,108,37,112,72,56,126,26,82,54,44,33" hai3="50,27,110,48,41,121,45,75,46,62,85,131,115"/><V6/><F112/><W125/><G115/><T7/><D32/><U29/><E39/><V77/><F126/><W24/><G125/><T133/><D71/><U129/><E35/><V98/><F6/><W70/><G75/><T67/><D67/><U135/><E124/><V86/><F108/><W14/><G121/><T18/><D40/><U114/><E114/><V120/><F120/><W79/><G110/><T8/><D97/><N who="1" m="59439" /><E129/><V11/><F72/><W80/><G131/><T119/><D4/><U9/><E9/><V42/><F11/><W53/><G70/><T0/><D7/><U28/><E135/><N who="0" m="51785" /><D0/><U99/><E99/><V22/><F33/><W106/><G106/><T122/><D122/><U66/><E29/><V123/><F123/><W64/><REACH who="3" step="1"/><G14/><REACH who="3" ten="236,255,297,202" step="2"/><T5/><D5/><U88/><E104/><V130/><F130/><W17/><G17/><T127/><D127/><U95/><E105/><V117/><F19/><W111/><G111/><T30/><D30/><U87/><E28/><V60/><F26/><W12/><G12/><T94/><D107/><U65/><E65/><V3/><F3/><W134/><G134/><T74/><D74/><U2/><E2/><V31/><F31/><W61/><G61/><T38/><D38/><U1/><E1/><V47/><F37/><W78/><G78/><T91/><D103/><U81/><E66/><V92/><F102/><W43/><G43/><T73/><D73/><U15/><E15/><V69/><F42/><W90/><G90/><T68/><D68/><U84/><E88/><N who="2" m="55559" /><F69/><W36/><G36/><T21/><D8/><RYUUKYOKU ba="0,1" sc="236,15,255,-15,297,-15,202,15" hai0="13,18,21,49,52,91,94,96,118,119" hai3="24,27,41,45,46,48,50,53,62,64,79,80,85" /><INIT seed="3,1,1,1,3,64" ten="251,240,282,217" oya="3" hai0="69,79,10,44,126,100,7,45,68,20,13,15,35" hai1="1,56,127,80,84,52,39,33,53,27,49,96,122" hai2="41,54,108,23,18,90,42,134,111,36,128,12,123" hai3="21,118,51,132,32,103,61,67,55,34,130,120,117"/><W97/><G120/><T129/><D35/><U47/><E122/><V72/><F123/><W66/><G130/><T98/><D129/><U74/><E1/><V58/><F128/><W5/><G132/><T86/><D126/><U106/><E127/><V93/><F72/><W29/><G5/><T87/><D20/><U92/><E74/><V83/><F83/><W99/><G34/><T119/><D15/><U19/><E106/><V25/><F134/><W125/><G125/><T43/><D119/><U88/><E39/><V9/><F9/><W71/><G67/><T89/><D79/><U82/><E84/><N who="2" m="52423" /><F25/><N who="3" m="18479" /><G97/><T8/><D8/><U63/><REACH who="1" step="1"/><E19/><REACH who="1" ten="251,230,282,217" step="2"/><V91/><F36/><W2/><G2/><T30/><D87/><U0/><E0/><V109/><F91/><W17/><G17/><T76/><D76/><U11/><E11/><V16/><F18/><W50/><G21/><T114/><D10/><U3/><E3/><V70/><F70/><W14/><G14/><T81/><D13/><U135/><E135/><V116/><F116/><N who="3" m="44651" /><G55/><T121/><D121/><U62/><E62/><AGARI ba="1,2" hai="12,16,23,41,42,54,58,62,108,109,111" m="52423" machi="62" ten="30,2000,0" yaku="14,1,54,1" doraHai="64" who="2" fromWho="1" sc="251,0,230,-23,282,43,217,0" owari="251,5.0,207,-29.0,325,42.0,217,-18.0" /></mjloggm>