<mjloggm ver="2.3"><GO type="169" lobby="0"/><UN n0="%6E%6F%6A%69%72%69" n1="%E3%82%A6%E3%83%AB%E3%83%88%E3%83%A9%E7%AB%8B%E7%9B%B4" n2="%E8%B6%85%E4%BA%BA%EF%BC%AD" n3="%4A%41%52%4E%41%4C" dan="16,17,17,16" rate="2028.10,2156.82,2211.56,2054.00" sx="F,M,M,M"/><TAIKYOKU oya="0"/><INIT seed="0,0,0,5,5,58" ten="250,250,250,250" oya="0" hai0="46,103,72,87,17,95,35,13,12,110,23,70,92" hai1="121,116,53,34,18,57,120,128,42,47,65,37,3" hai2="7,44,77,108,75,6,112,79,123,99,97,4,66" hai3="21,60,29,55,131,51,78,69,122,100,105,61,82"/><T84/><D35/><U28/><E3/><V14/><F75/><W91/><G69/><T102/><D72/><U15/><E116/><V133/><F123/><W109/><G109/><T0/><D0/><U129/><E28/><V45/><F112/><W52/><G122/><N who="1" m="47210" /><E18/><V62/><F14/><W80/><G131/><N who="1" m="50250" /><E15/><V135/><F108/><W98/><G55/><T67/><D110/><U130/><E34/><V11/><F11/><W104/><G104/><T89/><D46/><N who="2" m="18026" /><F79/><W30/><G91/><T118/><D118/><U107/><E107/><V111/><F77/><W114/><G114/><T74/><D74/><U27/><E27/><V76/><F76/><W132/><G132/><N who="2" m="50761" /><F111/><W43/><G43/><T56/><D12/><U41/><N who="1" m="50258" /><U93/><DORA hai="68" /><E93/><V31/><F31/><W94/><G105/><T5/><D5/><N who="2" m="1282" /><V9/><DORA hai="101" /><F9/><W39/><G30/><T2/><D2/><U124/><E42/><V40/><F40/><W59/><G78/><T25/><D25/><U113/><E113/><V48/><F48/><W26/><REACH who="3" step="1"/><G39/><REACH who="3" ten="250,250,250,240" step="2"/><T22/><D89/><U88/><E88/><V106/><F106/><W63/><AGARI ba="0,1" hai="21,26,29,51,52,59,60,61,63,80,82,94,98,100" machi="63" ten="30,16000,3" yaku="1,1,2,1,0,1,8,1,52,3,54,1,53,1" doraHai="58,68,101" doraHaiUra="24,127,126" who="3" fromWho="3" sc="250,-80,250,-40,250,-40,240,170" /><INIT seed="1,0,0,5,1,16" ten="170,210,210,410" oya="1" hai0="77,56,44,7,6,89,22,61,70,37,115,19,112" hai1="10,88,48,103,116,135,109,20,5,29,2,128,133" hai2="108,119,95,106,38,126,40,94,64,46,13,72,78" hai3="111,113,51,12,63,92,28,83,45,54,80,4,1"/><U110/><E103/><V60/><F106/><W18/><G113/><T41/><D77/><U25/><E116/><V91/><F119/><W100/><G111/><N who="1" m="42506" /><E48/><V9/><F126/><W124/><G28/><T127/><D127/><U76/><E76/><V55/><F55/><W66/><G1/><T31/><D31/><U102/><E102/><V114/><F114/><W39/><G4/><T43/><D70/><U47/><E47/><V117/><F117/><W11/><G39/><T52/><D43/><U59/><E59/><V36/><F36/><W26/><G26/><T132/><D132/><N who="1" m="50763" /><E88/><V130/><F91/><W68/><G124/><T90/><D112/><U85/><E85/><V3/><F108/><W86/><G86/><T69/><D115/><U87/><E87/><V57/><F130/><AGARI ba="0,0" hai="2,5,10,20,25,29,128,130" m="50763,42506" machi="130" ten="40,18000,2" yaku="14,1,10,1,20,1,34,2,52,1" doraHai="16" who="1" fromWho="2" sc="170,0,210,180,210,-180,410,0" /><INIT seed="1,1,0,2,0,44" ten="170,390,30,410" oya="1" hai0="90,101,0,111,71,130,39,115,29,20,9,4,120" hai1="83,57,92,128,68,61,36,106,43,42,126,52,74" hai2="14,67,84,27,79,55,78,2,80,64,87,60,49" hai3="24,22,109,113,37,62,69,34,40,75,32,41,70"/><U50/><E106/><V59/><F2/><W124/><G75/><T131/><D115/><U47/><E126/><V133/><F133/><W3/><G3/><T7/><D71/><U48/><E128/><N who="0" m="49193" /><D39/><U110/><E110/><V76/><F87/><W65/><G70/><T93/><D111/><U33/><E33/><V18/><F27/><W66/><G66/><T105/><D120/><U8/><E92/><V35/><F35/><W91/><G109/><T123/><D123/><U17/><E43/><V54/><F54/><W77/><G77/><T88/><D105/><U117/><E117/><V15/><F15/><W53/><G124/><T63/><D7/><U100/><E100/><V103/><F103/><W102/><G102/><T21/><D63/><U89/><E68/><V97/><F97/><W82/><G41/><T121/><D121/><U30/><E30/><V129/><F129/><W23/><G37/><T16/><D29/><U94/><E8/><V51/><F67/><W81/><G65/><T45/><D21/><U134/><E17/><V108/><F108/><W112/><G32/><T116/><D45/><U119/><E119/><V58/><REACH who="2" step="1"/><F51/><REACH who="2" ten="170,390,20,410" step="2"/><W122/><G34/><T28/><D28/><U135/><E134/><V26/><F26/><W1/><G24/><N who="0" m="14343" /><D116/><U125/><E135/><V56/><F56/><W46/><G113/><T104/><D104/><U85/><E125/><V98/><F98/><AGARI ba="1,1" hai="0,4,9,88,90,93,98,101" m="14343,49193" machi="98" ten="30,3900,0" yaku="19,1,54,2" doraHai="44" who="0" fromWho="2" sc="170,52,390,0,20,-42,410,0" owari="222,-18.0,390,19.0,-22,-52.0,410,51.0" /></mjloggm>