<mjloggm ver="2.3"><GO type="169" lobby="0"/><UN n0="%79%75%2D%2D%2D%2D%2D%75" n1="%E5%B0%B1%E6%B4%BB%E7%94%9F%40%E5%B7%9D%E6%9D%91%E8%BB%8D%E5%9B%A3" n2="%6B%75%72%61%67%75%6D%61" n3="%6A%75%6E%6F%6E" dan="17,17,16,16" rate="2169.17,2175.83,2121.18,2057.59" sx="M,M,M,M"/><TAIKYOKU oya="0"/><INIT seed="0,0,0,2,0,103" ten="250,250,250,250" oya="0" hai0="133,46,118,9,93,108,44,38,114,7,1,77,25" hai1="112,90,80,65,53,31,84,28,52,111,117,36,63" hai2="66,72,42,24,22,45,122,91,79,106,14,130,126" hai3="86,119,0,35,62,99,49,134,51,56,26,37,20"/><T94/><D114/><U13/><E117/><V102/><F122/><W125/><G119/><T124/><D118/><U67/><E36/><V11/><F66/><W10/><G134/><T96/><D133/><U73/><E73/><V27/><F91/><W88/><G35/><T15/><D124/><U43/><E43/><V132/><F27/><W98/><G37/><T70/><D70/><U59/><E112/><V92/><F92/><N who="3" m="54295" /><G0/><T97/><D77/><U16/><E111/><V127/><F130/><W100/><G10/><T30/><D108/><U75/><E75/><V19/><F132/><W89/><G89/><N who="0" m="55343" /><D38/><U64/><REACH who="1" step="1"/><E53/><REACH who="1" ten="250,240,250,250" step="2"/><V128/><F127/><W18/><G125/><T83/><D1/><U116/><E116/><V121/><F126/><W129/><G129/><T69/><D69/><U115/><E115/><V57/><F128/><W12/><G100/><N who="0" m="60471" /><D83/><U41/><E41/><V109/><F42/><W74/><G74/><T131/><D131/><U48/><E48/><V61/><F72/><W55/><G49/><T29/><D25/><U87/><E87/><V58/><F24/><W6/><G51/><T120/><D120/><U54/><E54/><V17/><F121/><W85/><G85/><T32/><D32/><U40/><E40/><V60/><F109/><W8/><AGARI ba="0,1" hai="6,8,12,18,20,26,55,56,62,98,99" m="54295" machi="8" ten="30,2000,0" yaku="8,1,54,1" doraHai="103" who="3" fromWho="3" sc="250,-10,240,-5,250,-5,250,30" /><INIT seed="1,0,0,5,5,114" ten="240,235,245,280" oya="1" hai0="19,18,8,118,74,79,0,45,12,17,37,30,28" hai1="127,120,111,53,66,5,3,71,63,135,115,58,20" hai2="31,4,35,27,124,55,47,67,21,91,52,36,77" hai3="78,123,73,104,105,34,60,49,125,56,70,32,116"/><U130/><E3/><V9/><F124/><W86/><G125/><T64/><D64/><U48/><E5/><V42/><F77/><W106/><G123/><T102/><D102/><U94/><E127/><V131/><F131/><W40/><G73/><T88/><D74/><U46/><E120/><V132/><F132/><W25/><G70/><T134/><D79/><U6/><E6/><V92/><F67/><W2/><G2/><T90/><D134/><U112/><E20/><V96/><REACH who="2" step="1"/><F35/><REACH who="2" ten="240,235,235,280" step="2"/><W23/><G32/><T54/><D0/><AGARI ba="0,1" hai="0,4,9,21,27,31,36,42,47,52,55,91,92,96" machi="0" ten="30,7700,0" yaku="1,1,2,1,7,1,54,1,53,0" doraHai="114" doraHaiUra="81" who="2" fromWho="0" sc="240,-77,235,0,235,87,280,0" /><INIT seed="2,0,0,2,3,91" ten="163,235,322,280" oya="2" hai0="13,22,94,118,103,55,120,29,100,130,61,58,48" hai1="25,41,44,117,128,38,115,70,36,109,1,96,21" hai2="27,71,56,34,72,112,7,79,121,111,110,12,57" hai3="92,82,69,17,101,8,123,114,50,33,75,66,104"/><V106/><F112/><W88/><G114/><T113/><D120/><U6/><E115/><V23/><F121/><W18/><G123/><T16/><D130/><U51/><E70/><V10/><F71/><W116/><G116/><T125/><D125/><U37/><E117/><V126/><F126/><W68/><G33/><T97/><D118/><U99/><E128/><V43/><F34/><W14/><G66/><T108/><D108/><N who="2" m="41514" /><F106/><W64/><G64/><T15/><D113/><U53/><E109/><V45/><F79/><N who="3" m="44415" /><G17/><T76/><D76/><U30/><E1/><V59/><F72/><W35/><G50/><T105/><D105/><U85/><E6/><V122/><F122/><W31/><G31/><T20/><D103/><U54/><E85/><V77/><F77/><W83/><G83/><T124/><D124/><U40/><E40/><V78/><F78/><W19/><G19/><N who="0" m="10351" /><D29/><U67/><E67/><V28/><F59/><W26/><G35/><T87/><D87/><U9/><E9/><V2/><F2/><W95/><G104/><T119/><D119/><U32/><E32/><V84/><F84/><N who="3" m="52231" /><G69/><T98/><D98/><U102/><E99/><V86/><F86/><W52/><G68/><T49/><AGARI ba="0,0" hai="15,16,22,48,49,55,58,61,94,97,100" m="10351" machi="49" ten="30,4000,0" yaku="8,1,52,1,54,1" doraHai="91" who="0" fromWho="0" sc="163,40,235,-10,322,-20,280,-10" /><INIT seed="3,0,0,2,4,135" ten="203,225,302,270" oya="3" hai0="72,19,102,27,129,115,64,134,56,60,95,37,52" hai1="121,65,92,89,59,30,58,34,122,68,21,15,38" hai2="26,50,93,47,25,80,43,124,35,106,17,116,112" hai3="14,71,74,31,62,73,67,94,100,117,20,11,88"/><W90/><G117/><T5/><D134/><U108/><E38/><V66/><F106/><W69/><G69/><T18/><D129/><U2/><E2/><V3/><F3/><W70/><G70/><T10/><D72/><U46/><E108/><V76/><F66/><W84/><G100/><T125/><D37/><U8/><E34/><V33/><F112/><W82/><G20/><T101/><D115/><U120/><E46/><V42/><F42/><W48/><G48/><T114/><D114/><U86/><E68/><V16/><F116/><W7/><REACH who="3" step="1"/><G31/><REACH who="3" ten="203,225,302,260" step="2"/><T41/><D101/><U6/><E30/><V54/><F50/><W28/><G28/><T63/><D102/><U99/><E21/><V29/><F29/><W131/><G131/><T113/><D113/><U57/><E65/><V77/><F33/><W133/><G133/><T119/><D64/><U51/><E51/><V4/><F35/><W87/><AGARI ba="0,1" hai="7,11,14,62,67,71,73,74,82,84,87,88,90,94" machi="87" ten="20,7800,0" yaku="1,1,0,1,7,1,54,1,53,0" doraHai="135" doraHaiUra="45" who="3" fromWho="3" sc="203,-26,225,-26,302,-26,260,88" /><INIT seed="3,1,0,0,1,81" ten="177,199,276,348" oya="3" hai0="85,78,7,102,2,129,95,69,0,47,87,133,88" hai1="66,126,123,122,101,49,76,112,96,45,20,29,38" hai2="109,100,25,97,10,70,52,118,92,107,55,83,48" hai3="132,27,128,79,5,37,117,54,104,26,116,50,42"/><W33/><G104/><T14/><D69/><U46/><E112/><V23/><F118/><W67/><G5/><T59/><D102/><U131/><E131/><V63/><F109/><W31/><G128/><T60/><D129/><U12/><E126/><V17/><F107/><W113/><G113/><T134/><D47/><U24/><E76/><V94/><F70/><W105/><G132/><N who="0" m="50795" /><D14/><U3/><E3/><N who="0" m="1065" /><D7/><U130/><E130/><V119/><F10/><W135/><G135/><T127/><D127/><U106/><E66/><V18/><F119/><W35/><G105/><T124/><D124/><U16/><E45/><V56/><F83/><W108/><G108/><T75/><D75/><U111/><E38/><V34/><F34/><W114/><G114/><T89/><D78/><U43/><REACH who="1" step="1"/><E111/><REACH who="1" ten="177,189,276,348" step="2"/><V51/><F94/><W6/><G117/><T120/><D120/><U71/><E71/><V44/><REACH who="2" step="1"/><F63/><REACH who="2" ten="177,189,266,348" step="2"/><W11/><G116/><T64/><D95/><U15/><E15/><V41/><F41/><W90/><G42/><T62/><D60/><U21/><AGARI ba="1,2" hai="12,16,20,21,24,29,43,46,49,96,101,106,122,123" machi="21" ten="20,5200,0" yaku="1,1,0,1,7,1,54,1,53,0" doraHai="81" doraHaiUra="53" who="1" fromWho="1" sc="177,-14,189,75,266,-14,348,-27" /><INIT seed="4,0,0,0,5,105" ten="163,264,252,321" oya="0" hai0="59,19,117,65,112,17,21,67,73,113,24,77,91" hai1="72,68,11,33,6,78,126,83,53,102,133,110,86" hai2="118,116,121,107,2,111,29,51,7,34,130,114,35" hai3="61,22,64,9,13,71,47,125,131,20,127,0,119"/><T8/><D117/><N who="2" m="45162" /><F111/><W40/><G119/><T55/><D91/><U101/><E110/><V44/><F121/><W90/><G0/><T28/><D8/><U69/><E33/><V89/><F114/><N who="0" m="44138" /><D17/><U76/><E126/><N who="3" m="48138" /><G90/><T79/><D19/><U84/><E133/><V115/><F130/><W109/><G131/><T60/><D73/><U75/><E53/><V97/><F115/><W50/><G109/><T38/><D38/><U98/><E11/><N who="2" m="2551" /><F29/><W23/><G23/><T48/><D65/><U96/><E83/><V32/><F89/><W120/><G120/><T85/><D85/><U134/><E134/><V82/><F82/><W128/><G128/><T103/><D103/><U123/><E123/><V52/><F97/><W88/><G88/><T18/><D28/><U63/><E63/><V45/><F107/><W36/><G36/><T12/><D24/><U129/><E129/><V37/><F37/><W15/><G15/><T132/><D132/><U46/><E46/><AGARI ba="0,0" hai="32,34,35,44,45,46,51,52" m="2551,45162" machi="46" ten="40,2600,0" yaku="12,1,54,1" doraHai="105" who="2" fromWho="1" sc="163,0,264,-26,252,26,321,0" /><AGARI ba="0,0" hai="12,18,21,46,48,55,59,60,67,77,79" m="44138" machi="46" ten="30,1500,0" yaku="15,1" doraHai="105" who="0" fromWho="1" sc="163,15,238,-15,278,0,321,0" /><INIT seed="4,1,0,5,5,41" ten="178,223,278,321" oya="0" hai0="75,112,45,115,70,71,84,134,117,16,25,13,12" hai1="122,92,43,116,18,86,58,23,76,104,88,35,114" hai2="89,39,24,135,46,120,44,1,36,94,127,32,30" hai3="101,74,54,80,129,53,61,100,33,128,123,19,98"/><T107/><D117/><U93/><E35/><V106/><F120/><W31/><G123/><T65/><D75/><U105/><E122/><V50/><F106/><W111/><G111/><T69/><D107/><U62/><E116/><V83/><F1/><W113/><G113/><N who="0" m="43595" /><D134/><U51/><E114/><V87/><F135/><W5/><G5/><T95/><D65/><U133/><E133/><V99/><F127/><W126/><G126/><T103/><D45/><N who="1" m="26047" /><E105/><V108/><F108/><W56/><G54/><T63/><D63/><U66/><E76/><V0/><F0/><W130/><G19/><T124/><D124/><U34/><E34/><V11/><F11/><W14/><G14/><T42/><D42/><U2/><E2/><V67/><F67/><W29/><G98/><N who="0" m="59871" /><D84/><U26/><E104/><V60/><F60/><W4/><G74/><T125/><D125/><U10/><E10/><V57/><F57/><W59/><G59/><T121/><D121/><U52/><E66/><V132/><F132/><W102/><G130/><T38/><D38/><U49/><E62/><V48/><F48/><W8/><G129/><T90/><D90/><U82/><AGARI ba="1,0" hai="18,23,26,49,52,58,82,86,88,92,93" m="26047" machi="82" ten="30,7900,0" yaku="8,1,52,1,54,2" doraHai="41" who="1" fromWho="1" sc="178,-40,223,82,278,-21,321,-21" /><INIT seed="5,0,0,5,3,104" ten="138,305,257,300" oya="1" hai0="70,109,55,31,25,42,97,82,75,52,46,10,112" hai1="90,51,102,67,128,22,122,14,100,83,66,27,74" hai2="8,50,91,123,64,57,47,13,87,18,6,69,135" hai3="88,60,89,120,15,49,0,54,94,98,68,24,9"/><U95/><E122/><V121/><F69/><W32/><G120/><T119/><D109/><U16/><E128/><V127/><F135/><W39/><G39/><T11/><D119/><U86/><E100/><V80/><F127/><W115/><G0/><T34/><D70/><U85/><E74/><V35/><F35/><W84/><G115/><T126/><D112/><U76/><E102/><V20/><F57/><W17/><G32/><T134/><D134/><U23/><REACH who="1" step="1"/><E51/><REACH who="1" ten="138,295,257,300" step="2"/><V48/><F48/><W103/><G49/><T96/><D126/><U110/><E110/><V45/><F45/><W62/><G62/><T19/><D46/><U38/><E38/><V105/><F105/><W1/><G60/><T73/><D42/><U33/><E33/><V29/><F123/><W21/><G103/><T107/><D107/><U93/><E93/><V72/><F72/><W12/><G94/><T125/><D125/><U36/><E36/><V41/><F121/><W130/><G130/><T99/><D73/><U113/><E113/><V118/><F118/><W5/><G68/><T26/><D75/><U4/><E4/><V124/><F124/><W111/><G111/><T108/><D108/><U133/><E133/><V79/><F6/><W63/><G63/><T40/><D40/><U131/><E131/><V59/><F59/><W28/><G5/><T58/><D82/><U37/><E37/><V129/><F129/><W92/><G92/><T77/><D58/><U7/><E7/><V117/><F117/><W3/><G3/><T2/><D2/><U78/><E78/><V30/><F79/><RYUUKYOKU ba="0,1" sc="138,-10,295,30,257,-10,300,-10" hai1="14,16,22,23,27,66,67,76,83,85,86,90,95" /><INIT seed="5,1,1,0,3,45" ten="128,325,247,290" oya="1" hai0="21,19,13,1,109,52,16,117,121,24,115,17,110" hai1="20,125,82,42,77,43,100,41,70,78,11,76,85" hai2="127,99,56,97,67,75,54,40,135,94,87,129,132" hai3="104,2,49,119,69,126,81,10,71,31,38,3,27"/><U29/><E70/><V107/><F75/><W37/><G49/><T74/><D117/><U83/><E125/><V12/><F127/><W101/><G126/><T7/><D74/><U79/><E100/><V112/><F129/><W47/><G119/><T66/><D66/><U50/><E11/><V48/><F112/><W22/><G81/><T55/><D115/><U63/><E63/><N who="2" m="38375" /><F40/><N who="3" m="22927" /><G22/><T4/><D121/><U86/><E50/><V88/><F107/><W98/><G38/><T18/><D1/><U59/><E59/><N who="2" m="33223" /><F12/><W65/><G65/><T108/><REACH who="0" step="1"/><D24/><AGARI ba="1,1" hai="20,24,29,41,42,43,76,77,78,79,82,83,85,86" machi="24" ten="40,3900,0" yaku="9,1,8,1" doraHai="45" who="1" fromWho="0" sc="128,-42,325,52,247,0,290,0" /><INIT seed="5,2,0,0,5,118" ten="86,377,247,290" oya="1" hai0="91,32,67,94,112,21,125,106,55,27,46,110,14" hai1="44,72,68,36,116,2,77,96,95,30,12,108,127" hai2="133,134,7,73,111,59,132,24,37,85,100,80,45" hai3="86,43,64,42,62,82,70,76,90,15,124,130,88"/><U115/><E2/><V119/><F111/><W48/><G130/><T135/><D106/><U57/><E68/><V121/><F119/><W60/><G124/><T102/><D125/><U23/><E72/><V128/><F128/><W29/><G29/><T103/><D110/><U79/><E115/><V61/><F73/><W53/><G15/><T25/><D112/><U47/><E36/><V120/><F100/><W4/><G4/><T9/><D135/><U101/><E127/><V38/><F24/><W117/><G117/><T104/><D67/><U1/><E1/><V92/><F92/><W0/><G0/><T8/><D104/><U105/><E105/><V78/><F7/><W49/><G62/><T56/><D32/><U114/><E114/><V113/><F113/><W35/><G35/><T41/><D41/><U19/><E108/><V58/><F58/><W65/><G65/><T5/><D46/><N who="1" m="17451" /><E30/><V107/><F107/><W129/><G129/><T87/><D8/><U131/><E131/><V74/><F74/><W98/><G49/><T26/><REACH who="0" step="1"/><D21/><REACH who="0" ten="76,377,247,290" step="2"/><U22/><E23/><V63/><F37/><W51/><G42/><T99/><D99/><U69/><E69/><V11/><F11/><W20/><G43/><T31/><D31/><U18/><E116/><V3/><F38/><W122/><G20/><T34/><D34/><U39/><E39/><V17/><F45/><W109/><G109/><T10/><D10/><N who="1" m="6423" /><E57/><V54/><F59/><W83/><G70/><T126/><D126/><U40/><E40/><V16/><F134/><W28/><G28/><T13/><D13/><AGARI ba="2,1" hai="13,19,22,77,79,95,96,101" m="6423,17451" machi="13" ten="30,2900,0" yaku="6,1,8,1" doraHai="118" who="1" fromWho="0" sc="76,-35,377,45,247,0,290,0" /><INIT seed="5,3,0,2,2,26" ten="41,422,247,290" oya="1" hai0="27,111,8,44,63,122,13,30,2,97,79,94,110" hai1="85,24,55,95,100,101,18,123,96,78,10,89,69" hai2="82,43,22,20,23,19,76,64,109,62,42,32,3" hai3="98,116,125,11,91,84,114,107,108,119,17,70,29"/><U124/><E69/><V45/><F32/><W99/><G108/><T66/><D122/><U0/><E0/><V121/><F3/><W118/><G114/><T41/><D79/><U46/><E123/><V117/><F117/><W53/><G125/><T21/><D2/><U28/><E124/><V37/><F109/><W71/><G53/><T33/><D33/><U75/><E75/><V127/><F43/><W51/><G51/><T128/><D128/><U93/><E18/><V1/><F1/><W4/><G17/><T7/><D44/><U88/><E10/><V115/><F115/><W74/><G74/><T112/><D41/><U120/><E120/><V57/><F127/><W12/><G29/><T126/><D112/><U25/><E25/><V50/><F121/><W38/><G38/><T31/><D126/><U9/><E9/><V135/><F135/><W132/><G132/><T16/><D110/><U87/><E78/><V52/><F19/><W133/><G133/><T48/><D48/><U61/><E96/><V6/><F6/><W81/><REACH who="3" step="1"/><G98/><REACH who="3" ten="41,422,247,280" step="2"/><T80/><D111/><U65/><E65/><V90/><F37/><W39/><G39/><T77/><D77/><U104/><E46/><V15/><F64/><W131/><G131/><T54/><D80/><U102/><E55/><V129/><F129/><W60/><G60/><T72/><D72/><U83/><E61/><V134/><F134/><W5/><G5/><T86/><D86/><U130/><E130/><V103/><F62/><W68/><G68/><N who="0" m="42079" /><D54/><U113/><E113/><V67/><F52/><W92/><G92/><RYUUKYOKU ba="3,1" sc="41,15,422,-15,247,-15,280,15" hai0="7,8,13,16,21,27,30,31,94,97" hai3="4,11,12,70,71,81,84,91,99,107,116,118,119" /><INIT seed="6,4,1,4,4,132" ten="56,407,232,295" oya="2" hai0="77,89,40,115,16,90,107,54,78,69,46,80,5" hai1="9,47,23,31,120,92,82,131,64,134,93,42,44" hai2="95,19,14,74,105,75,24,61,39,91,76,104,94" hai3="87,48,38,26,51,99,63,100,72,83,97,129,123"/><V0/><F0/><W53/><G123/><T116/><D69/><U101/><E134/><V43/><F24/><W2/><G38/><T88/><D5/><U62/><E131/><V55/><F43/><W70/><G72/><T106/><D115/><U8/><E82/><V71/><F39/><W20/><G2/><T133/><D133/><U121/><E23/><V59/><F71/><W58/><G129/><T111/><D111/><U56/><E31/><V114/><F114/><W3/><G3/><T37/><D116/><U135/><E135/><V1/><F1/><W79/><G70/><T103/><D54/><U45/><E42/><V22/><F95/><N who="1" m="36425" /><E101/><V36/><F36/><W29/><G100/><T67/><D67/><U49/><E49/><AGARI ba="4,1" hai="20,26,29,48,49,51,53,58,63,79,83,87,97,99" machi="49" ten="40,1300,0" yaku="8,1" doraHai="132" who="3" fromWho="1" sc="56,0,407,-25,232,0,295,35" /><INIT seed="7,0,0,1,5,18" ten="56,382,232,330" oya="3" hai0="113,4,119,85,45,120,23,32,21,82,78,135,93" hai1="19,111,133,126,89,44,10,12,71,51,52,123,107" hai2="134,2,110,81,131,5,3,106,100,62,94,24,65" hai3="31,40,96,97,75,103,68,73,39,57,130,90,86"/><W88/><G68/><T127/><D32/><U101/><E111/><V20/><F110/><W49/><G39/><T30/><D30/><U14/><E123/><V121/><F106/><W76/><G31/><T43/><D120/><U125/><E71/><V59/><F121/><W55/><G73/><T115/><D119/><U95/><E133/><V91/><F131/><W117/><G117/><T38/><D135/><U69/><E69/><V87/><F5/><W22/><G130/><T50/><D127/><N who="1" m="48651" /><E14/><V67/><F67/><W80/><G40/><T66/><D66/><U98/><E89/><N who="3" m="34410" /><G75/><T8/><D93/><AGARI ba="0,0" hai="10,12,19,44,51,52,93,95,98,101,107" m="48651" machi="93" ten="30,2000,0" yaku="18,1,54,1" doraHai="18" who="1" fromWho="0" sc="56,-20,382,20,232,0,330,0" owari="36,-46.0,402,50.0,232,-17.0,330,13.0" /></mjloggm>