<mjloggm ver="2.3"><GO type="169" lobby="0"/><UN n0="%E9%BB%92%E7%8A%AC%40%E3%81%A6%E3%82%93%E3%81%BB%E3%83%BC" n1="%E3%82%A6%E3%83%AB%E3%83%88%E3%83%A9%E7%AB%8B%E7%9B%B4" n2="%E2%98%86%E3%83%89%E3%83%8A%E3%83%AB%E3%83%89%E6%95%99%E5%BE%92%E2%98%86" n3="%4E%41%4F%54%4F" dan="16,17,16,16" rate="2146.36,2202.18,2075.49,2052.76" sx="F,M,M,M"/><TAIKYOKU oya="0"/><INIT seed="0,0,0,4,3,19" ten="250,250,250,250" oya="0" hai0="11,90,105,132,75,100,83,114,61,69,16,87,77" hai1="89,14,29,102,80,130,131,78,37,55,84,120,56" hai2="7,31,0,111,82,93,17,21,1,96,23,112,134" hai3="101,49,126,24,66,63,81,133,92,25,6,54,57"/><T128/><D114/><U48/><E120/><V53/><F112/><W135/><G6/><T103/><D128/><U67/><E37/><V118/><F111/><W41/><G41/><T115/><D115/><U110/><E110/><V72/><F134/><N who="3" m="51211" /><G81/><T8/><D132/><U86/><E102/><V30/><F118/><W125/><G92/><T109/><D109/><U3/><E3/><V18/><F72/><W60/><G101/><T95/><D100/><U129/><E67/><V70/><F82/><W13/><G13/><T5/><D5/><U36/><E36/><V97/><F7/><W50/><G24/><T42/><D42/><U123/><E123/><V62/><F93/><W107/><G25/><T33/><D33/><U34/><E14/><V9/><F9/><W76/><G76/><T35/><D35/><U73/><REACH who="1" step="1"/><E89/><REACH who="1" ten="250,240,250,250" step="2"/><V121/><F121/><W117/><G117/><T122/><D122/><U124/><E124/><N who="3" m="47722" /><G107/><T45/><D105/><U47/><E47/><V43/><F0/><W27/><G27/><AGARI ba="0,1" hai="27,29,34,48,55,56,73,78,80,84,86,129,130,131" machi="27" ten="40,2600,0" yaku="1,1,19,1,53,0" doraHai="19" doraHaiUra="12" who="1" fromWho="3" sc="250,0,240,36,250,0,250,-26" /><INIT seed="1,0,0,3,0,123" ten="250,276,250,224" oya="1" hai0="6,94,82,62,8,126,24,1,13,77,31,129,37" hai1="61,20,87,89,38,49,17,104,125,42,7,113,36" hai2="128,75,103,48,18,112,35,29,72,117,73,10,39" hai3="53,76,98,12,119,67,47,43,110,130,114,14,111"/><U9/><E104/><V78/><F39/><W50/><G67/><T71/><D129/><U92/><E113/><V135/><F117/><W22/><G114/><T54/><D37/><U59/><E125/><V2/><F135/><W134/><G130/><T45/><D126/><U107/><E107/><V100/><F128/><W81/><G134/><T32/><D94/><U97/><E42/><V28/><F78/><W33/><G33/><T79/><D79/><U63/><E49/><V88/><F35/><W84/><G119/><T122/><D122/><U93/><E9/><V19/><F2/><W26/><G98/><T52/><D45/><U102/><E7/><V109/><F48/><W132/><G43/><T5/><D5/><U55/><REACH who="1" step="1"/><E63/><REACH who="1" ten="250,266,250,224" step="2"/><V74/><F112/><W51/><G51/><T34/><D1/><U58/><E58/><V133/><F10/><W86/><G132/><T68/><D68/><U57/><E57/><V127/><F133/><W131/><G131/><T64/><REACH who="0" step="1"/><D34/><REACH who="0" ten="240,266,250,224" step="2"/><U40/><E40/><V25/><F127/><W16/><REACH who="3" step="1"/><G86/><AGARI ba="0,2" hai="6,8,13,24,31,32,52,54,62,64,71,77,82,86" machi="86" ten="30,8000,1" yaku="1,1,2,1,7,1,54,1,53,1" doraHai="123" doraHaiUra="80" who="0" fromWho="3" sc="240,100,266,0,250,0,224,-80" /><INIT seed="2,0,0,3,5,127" ten="340,266,250,144" oya="2" hai0="17,48,42,120,96,51,63,82,23,97,130,74,47" hai1="10,83,53,35,125,44,78,15,2,107,71,94,11" hai2="133,52,92,98,90,81,129,117,64,46,38,50,49" hai3="84,108,109,100,102,121,93,0,65,95,45,104,122"/><V101/><F117/><W113/><G45/><T75/><D120/><N who="3" m="46185" /><G65/><T76/><D75/><U72/><E107/><V87/><F38/><W34/><G34/><T118/><D118/><U8/><E71/><V18/><F133/><W26/><G26/><T13/><D130/><U57/><E125/><V21/><F64/><W7/><G7/><T77/><D77/><U110/><E110/><N who="3" m="42602" /><G0/><T20/><D63/><U54/><E35/><V135/><F129/><W56/><G56/><T29/><D29/><U58/><E94/><N who="3" m="35850" /><G104/><T119/><D119/><U131/><E44/><V68/><F68/><W105/><G105/><T67/><D67/><U123/><E123/><V31/><F31/><W4/><G4/><T32/><D32/><U14/><E2/><V62/><F135/><W126/><G126/><T124/><D124/><U85/><E15/><V66/><F66/><W30/><G30/><T60/><D60/><U59/><E14/><V6/><F6/><W106/><G106/><T61/><D61/><U25/><E25/><N who="2" m="14519" /><F46/><W22/><G22/><T40/><D42/><U116/><E8/><V12/><F12/><W37/><G37/><T88/><D48/><U103/><E10/><V70/><F70/><W132/><G132/><T112/><D23/><U114/><E11/><V91/><F101/><N who="3" m="39019" /><G84/><T43/><D43/><U128/><E103/><V86/><F87/><W55/><G55/><N who="1" m="21002" /><E116/><V69/><F69/><W1/><G1/><T5/><D5/><U36/><E36/><V89/><F52/><W115/><AGARI ba="0,0" hai="113,115" m="39019,35850,42602,46185" machi="115" ten="40,8000,1" yaku="28,2,14,1,34,2" doraHai="127" who="3" fromWho="3" sc="340,-20,266,-20,250,-40,144,80" /><INIT seed="3,0,0,4,5,44" ten="320,246,210,224" oya="3" hai0="89,127,98,38,37,90,42,24,5,92,55,88,26" hai1="34,28,113,67,78,118,115,52,65,84,64,68,101" hai2="7,9,129,54,77,66,116,121,39,51,70,100,86" hai3="21,6,0,1,112,2,50,27,87,125,120,91,124"/><W71/><G71/><T131/><D5/><U23/><E34/><V85/><F39/><W62/><G62/><T8/><D8/><U56/><E68/><V111/><F116/><W93/><G112/><T79/><D79/><U133/><E133/><V117/><F117/><W99/><G120/><T75/><D75/><U130/><E130/><V35/><F35/><W3/><G6/><T17/><D131/><U80/><E118/><V13/><F129/><W104/><N who="3" m="0" /><DORA hai="81" /><W43/><G99/><T48/><D127/><U29/><E101/><V123/><F111/><W109/><G104/><T96/><D42/><U76/><E76/><V22/><F100/><W63/><G63/><T72/><D72/><U18/><E115/><V12/><F77/><W32/><G32/><T126/><D126/><U74/><E74/><V53/><F53/><W97/><G97/><T107/><D107/><U19/><E113/><V10/><F22/><W25/><G25/><T108/><D108/><U119/><E119/><V122/><F66/><W95/><G95/><T59/><D24/><N who="1" m="14463" /><E18/><N who="2" m="8463" /><F70/><W41/><G109/><T61/><D61/><AGARI ba="0,0" hai="28,29,52,56,61,64,65,67,78,80,84" m="14463" machi="61" ten="30,3900,0" yaku="8,1,52,1,54,1" doraHai="44,81" who="1" fromWho="0" sc="320,-39,246,39,210,0,224,0" /><INIT seed="4,0,0,3,2,30" ten="281,285,210,224" oya="0" hai0="33,64,46,17,24,19,133,47,127,73,109,53,96" hai1="123,10,95,103,49,28,13,128,35,9,104,106,7" hai2="67,99,100,22,89,79,81,70,88,98,68,91,1" hai3="83,27,18,50,48,44,108,31,56,114,0,110,34"/><T135/><D73/><U2/><E123/><V6/><F67/><W113/><G0/><T97/><D109/><U94/><E128/><V3/><F22/><W40/><G18/><T76/><D76/><U86/><E49/><V101/><F81/><W130/><G130/><T77/><D77/><U125/><E125/><V107/><F79/><W126/><G83/><T131/><D131/><U55/><E55/><V11/><REACH who="2" step="1"/><F1/><REACH who="2" ten="281,285,200,224" step="2"/><W23/><G23/><T63/><D64/><U116/><E2/><V51/><F51/><W117/><G126/><T80/><D127/><U62/><E62/><V32/><F32/><W90/><G50/><T120/><D80/><U119/><E35/><V118/><F118/><W65/><G117/><T61/><D33/><U20/><E20/><V82/><F82/><W105/><G65/><T12/><D120/><U122/><E122/><V54/><F54/><W39/><G48/><T115/><D53/><U21/><E21/><V26/><F26/><W84/><G27/><T16/><D24/><U69/><E119/><V57/><F57/><W92/><G56/><T102/><D63/><U71/><E116/><V111/><F111/><W87/><G110/><T41/><D61/><U4/><E28/><V124/><F124/><W93/><G31/><T74/><D12/><U45/><E13/><V132/><F132/><W66/><G108/><T25/><D133/><U42/><E71/><V43/><F43/><W52/><G66/><T37/><D41/><U134/><E69/><V72/><F72/><W8/><G34/><T29/><D74/><U85/><E42/><RYUUKYOKU ba="0,1" sc="281,-10,285,-10,200,30,224,-10" hai2="3,6,11,68,70,88,89,91,98,99,100,101,107" /><INIT seed="5,1,1,0,3,80" ten="271,275,230,214" oya="1" hai0="29,100,18,102,127,108,126,104,89,7,66,82,0" hai1="135,32,52,58,56,25,70,34,69,95,31,134,68" hai2="41,65,51,24,86,112,10,71,26,105,17,122,121" hai3="35,37,107,9,131,3,36,84,88,96,8,111,63"/><U74/><E74/><V43/><F105/><W110/><G35/><T20/><D108/><U77/><E77/><V42/><F65/><W21/><G131/><T12/><D66/><U30/><E95/><V94/><F71/><W129/><G129/><T4/><D104/><U98/><E98/><V1/><F1/><W130/><G130/><T2/><D29/><U47/><E47/><V44/><F112/><W16/><G3/><N who="0" m="1067" /><D89/><U28/><E25/><N who="2" m="9835" /><F122/><W33/><G33/><N who="1" m="12906" /><E52/><N who="2" m="29799" /><F121/><W133/><G133/><AGARI ba="1,1" hai="28,30,31,56,58,68,69,70,133,134,135" m="12906" machi="133" ten="40,7700,0" yaku="28,2,20,1" doraHai="80" who="1" fromWho="3" sc="271,0,275,90,230,0,214,-80" /><INIT seed="5,2,0,3,5,0" ten="271,365,230,134" oya="1" hai0="34,49,30,15,111,11,42,61,85,28,46,12,39" hai1="33,113,115,23,78,8,131,41,21,88,20,106,132" hai2="5,125,86,83,129,24,71,4,9,32,44,128,77" hai3="75,92,119,55,27,133,67,127,43,90,31,74,57"/><U22/><E33/><V97/><F71/><W47/><G67/><T79/><D111/><U108/><E106/><V107/><F125/><W18/><G18/><T59/><D39/><U120/><E120/><V25/><F44/><W19/><G19/><T126/><D126/><U65/><E78/><V122/><F122/><W94/><G94/><T13/><D34/><U6/><E108/><V36/><F36/><W16/><G133/><T123/><D123/><U100/><E100/><N who="2" m="62863" /><F9/><W112/><G112/><T38/><D38/><U134/><E41/><V40/><F40/><W104/><G104/><T121/><D121/><U96/><E65/><V17/><F17/><W29/><G74/><T118/><D118/><U135/><E23/><V105/><F105/><W116/><G75/><T101/><D101/><U1/><E131/><N who="2" m="50251" /><F32/><W102/><G102/><T93/><D11/><U76/><E76/><V35/><F35/><W60/><G127/><T89/><REACH who="0" step="1"/><D79/><REACH who="0" ten="261,365,230,134" step="2"/><U66/><E132/><V84/><F84/><N who="3" m="52295" /><G119/><T87/><D87/><U70/><E135/><V63/><F63/><W130/><G116/><T26/><D26/><AGARI ba="2,1" hai="4,5,24,25,26,77,83,86" m="50251,62863" machi="26" ten="30,3900,0" yaku="19,1,52,2" doraHai="0" who="2" fromWho="0" sc="261,-45,365,0,230,55,134,0" /><INIT seed="6,0,0,3,4,49" ten="216,365,285,134" oya="2" hai0="123,104,102,8,17,13,63,98,39,113,18,1,21" hai1="59,56,96,114,4,95,108,79,44,3,130,78,134" hai2="61,41,97,22,120,27,24,48,19,65,42,133,119" hai3="16,57,50,127,125,38,132,103,91,99,110,53,89"/><V115/><F120/><W86/><G38/><T20/><D39/><U5/><E108/><V112/><F119/><W92/><G132/><T88/><D123/><U109/><E109/><V43/><F133/><W10/><G110/><T94/><D113/><N who="2" m="43594" /><F97/><W60/><G60/><T135/><D135/><U30/><E96/><V37/><F37/><W124/><REACH who="3" step="1"/><G86/><REACH who="3" ten="216,365,285,124" step="2"/><T93/><D63/><U126/><E134/><V67/><F61/><W90/><G90/><T31/><D88/><U73/><E114/><V9/><F48/><W129/><G129/><T81/><D98/><U11/><E130/><V69/><F69/><W46/><G46/><T100/><D104/><U14/><E44/><V85/><F85/><W101/><G101/><T77/><D102/><U80/><E73/><V47/><F47/><W118/><G118/><T51/><D100/><U45/><E45/><V71/><F71/><W58/><G58/><T76/><D51/><U55/><E59/><V83/><F43/><W84/><G84/><T52/><D77/><U87/><E56/><V122/><F42/><W66/><G66/><T128/><D76/><U40/><E87/><V72/><F41/><W74/><G74/><T28/><D128/><U107/><E40/><V75/><F67/><W82/><G82/><T117/><D81/><U54/><E80/><V34/><F65/><W35/><G35/><T70/><D70/><U111/><E79/><V105/><F83/><W29/><G29/><T62/><D31/><U121/><E78/><V64/><F75/><W131/><G131/><T12/><D28/><U7/><E30/><RYUUKYOKU ba="0,1" sc="216,-10,365,-10,285,-10,124,30" hai3="10,16,50,53,57,89,91,92,99,103,124,125,127" /><INIT seed="7,1,1,5,3,84" ten="206,355,275,154" oya="3" hai0="94,52,71,100,125,30,21,120,82,2,6,37,33" hai1="44,53,122,127,70,106,68,14,16,62,105,50,112" hai2="11,109,114,134,47,56,31,81,117,126,27,99,72" hai3="29,108,40,12,95,121,133,59,135,42,96,46,90"/><W102/><G121/><T55/><D71/><U43/><E122/><V88/><F72/><W17/><G29/><T7/><D37/><N who="1" m="21615" /><E70/><V34/><F117/><W78/><G78/><T110/><D33/><U87/><E87/><V61/><F114/><W63/><G102/><T97/><D120/><U128/><E127/><V75/><F134/><N who="3" m="51211" /><G46/><T28/><D125/><U89/><E89/><V51/><F126/><W118/><G118/><T67/><D82/><U104/><E104/><V76/><F109/><W23/><G108/><T54/><D67/><AGARI ba="1,1" hai="12,17,23,40,42,59,63,67,90,95,96" m="51211" machi="67" ten="30,2900,0" yaku="20,1,52,1" doraHai="84" who="3" fromWho="0" sc="206,-32,355,0,275,0,154,42" /><INIT seed="7,2,0,3,2,16" ten="174,355,275,196" oya="3" hai0="13,94,79,2,36,99,100,80,127,33,128,35,54" hai1="24,77,85,116,28,61,10,97,26,96,9,104,32" hai2="49,101,31,12,17,110,41,65,135,130,51,88,3" hai3="48,103,107,59,134,98,37,70,117,63,86,109,60"/><W102/><G37/><T57/><D36/><U27/><E116/><V89/><F3/><W121/><G121/><T58/><D2/><U62/><E28/><V44/><F110/><W22/><G134/><T91/><D128/><U52/><E32/><V21/><F130/><W69/><G60/><N who="1" m="23146" /><E52/><N who="2" m="29735" /><F65/><W1/><G48/><T111/><D111/><U83/><E104/><V73/><F73/><W131/><G1/><T30/><D127/><U7/><E7/><V105/><F105/><W20/><G103/><T68/><D68/><U81/><E81/><V72/><F72/><W18/><G131/><T123/><D123/><U112/><E112/><V114/><F114/><W82/><G117/><T126/><D126/><U119/><E119/><V19/><F135/><W113/><G113/><T46/><D100/><U14/><E14/><N who="2" m="9399" /><F31/><W125/><G125/><T78/><D13/><U45/><E45/><N who="2" m="26031" /><F101/><W129/><G109/><T66/><D66/><U0/><E0/><V67/><F67/><W76/><G129/><T108/><D108/><U56/><E56/><N who="0" m="21609" /><D30/><U40/><E40/><V29/><F29/><W23/><REACH who="3" step="1"/><G18/><REACH who="3" ten="174,355,275,186" step="2"/><T55/><D46/><U124/><E124/><V15/><F19/><W53/><AGARI ba="2,1" hai="20,22,23,53,59,63,69,70,76,82,86,98,102,107" machi="53" ten="30,18000,2" yaku="1,1,2,1,0,1,52,3,53,0" doraHai="16" doraHaiUra="115" who="3" fromWho="3" sc="174,-62,355,-62,275,-62,186,196" owari="112,-39.0,293,9.0,213,-19.0,382,49.0" /></mjloggm>