<mjloggm ver="2.3"><GO type="169" lobby="0"/><UN n0="%E3%81%9B%E3%81%95%E3%81%BF%E3%82%93%E2%99%AA" n1="%E3%82%82%E3%81%BF%E3%81%82%E3%81%92" n2="%67%61%72%75%63%69%61" n3="%E3%83%88%E3%83%88%E3%83%AA%E5%85%88%E7%94%9F%31%39%E6%AD%B3" dan="17,16,16,19" rate="2139.41,2018.14,2111.03,2273.71" sx="F,M,M,F"/><TAIKYOKU oya="0"/><INIT seed="0,0,0,2,4,101" ten="250,250,250,250" oya="0" hai0="19,4,64,71,25,117,58,107,81,93,27,122,57" hai1="87,105,17,73,115,41,92,104,43,56,26,54,76" hai2="85,102,99,66,78,7,65,132,83,36,47,31,42" hai3="90,129,121,3,127,84,29,38,21,80,28,60,40"/><T114/><D114/><U95/><E73/><V133/><F31/><W35/><G3/><T86/><D117/><U0/><E0/><V6/><F66/><W34/><G129/><T94/><D122/><U22/><E115/><V32/><F32/><W53/><G127/><T112/><D112/><U135/><E135/><N who="2" m="51787" /><F65/><W123/><G40/><T2/><D19/><U100/><E100/><V103/><F103/><W97/><G38/><T69/><D4/><U126/><E126/><V128/><F128/><W10/><G10/><T116/><D2/><U120/><E120/><N who="3" m="46154" /><G97/><T45/><D116/><U88/><E95/><AGARI ba="0,0" hai="6,7,36,42,47,78,83,85,95,99,102" m="51787" machi="95" ten="30,1000,0" yaku="20,1" doraHai="101" who="2" fromWho="1" sc="250,0,250,-10,250,10,250,0" /><INIT seed="1,0,0,2,4,59" ten="250,240,260,250" oya="1" hai0="14,39,130,125,80,76,81,128,124,69,47,86,23" hai1="8,88,29,10,105,133,121,21,62,22,72,13,79" hai2="15,90,58,41,112,30,45,97,103,109,135,129,82" hai3="5,102,132,6,1,131,61,33,68,50,9,118,17"/><U20/><E105/><V44/><F109/><W52/><G33/><T3/><D3/><U108/><E121/><V87/><F129/><N who="0" m="49770" /><D69/><U85/><E108/><V134/><F112/><W117/><G131/><T0/><D0/><U92/><E133/><N who="2" m="50699" /><F30/><W74/><G132/><T19/><D81/><U120/><E120/><V65/><F41/><AGARI ba="0,0" hai="14,19,23,39,41,47,76,80,86,124,125" m="49770" machi="41" ten="30,1000,0" yaku="19,1" doraHai="59" who="0" fromWho="2" sc="250,10,240,0,260,-10,250,0" /><INIT seed="2,0,0,1,0,17" ten="260,240,250,250" oya="2" hai0="10,40,86,108,127,19,29,82,73,27,77,36,111" hai1="56,118,25,5,15,114,28,132,2,106,131,0,79" hai2="43,109,45,121,85,74,81,4,51,99,33,129,120" hai3="67,97,13,103,133,123,7,100,22,116,58,46,135"/><V125/><F33/><W122/><G116/><T89/><D127/><U20/><E114/><V61/><F125/><W57/><G46/><T94/><D36/><U52/><E131/><V53/><F74/><W110/><G110/><T41/><D19/><U107/><E132/><N who="3" m="50762" /><G67/><T102/><D10/><U35/><E79/><V55/><F109/><N who="0" m="42058" /><D102/><N who="3" m="38953" /><G97/><T72/><D72/><U88/><E118/><V26/><F129/><W98/><G98/><T126/><D126/><U93/><E107/><V76/><F99/><W83/><G83/><T113/><D113/><U31/><E106/><V49/><F4/><W30/><G7/><T119/><D119/><U32/><E32/><AGARI ba="0,0" hai="27,29,32,40,41,73,77,82,86,89,94" m="42058" machi="32" ten="30,1000,0" yaku="14,1" doraHai="17" who="0" fromWho="1" sc="260,10,240,-10,250,0,250,0" /><INIT seed="3,0,0,2,4,43" ten="270,230,250,250" oya="3" hai0="134,79,45,55,23,27,16,119,65,130,70,125,14" hai1="109,71,10,56,94,99,21,101,17,69,4,18,118" hai2="33,15,88,89,36,3,30,100,122,6,48,46,133" hai3="58,115,116,95,75,97,67,47,24,126,60,103,111"/><W90/><G115/><T0/><D119/><U26/><E109/><V72/><F36/><W66/><G116/><T40/><D130/><U107/><E107/><V49/><F72/><W53/><G75/><T61/><D134/><U78/><E78/><V86/><F3/><W93/><G126/><T85/><D125/><U108/><E108/><V124/><F124/><W73/><G73/><T1/><D55/><U19/><E56/><V128/><F133/><W104/><G111/><T84/><D14/><U38/><E38/><V98/><F49/><W44/><G104/><T77/><D77/><U57/><E57/><V31/><F128/><W92/><G92/><T42/><D42/><U52/><E52/><N who="2" m="29719" /><F33/><W41/><G24/><T2/><REACH who="0" step="1"/><D79/><REACH who="0" ten="260,230,250,250" step="2"/><U113/><E118/><V7/><F122/><W83/><G83/><T131/><D131/><U62/><E113/><V105/><F105/><W37/><REACH who="3" step="1"/><G47/><REACH who="3" ten="260,230,250,240" step="2"/><T80/><D80/><U132/><E132/><V59/><F59/><W51/><G51/><AGARI ba="0,2" hai="0,1,2,16,23,27,40,45,51,61,65,70,84,85" machi="51" ten="40,12000,2" yaku="1,1,52,1,54,1,53,3" doraHai="43" doraHaiUra="34" who="0" fromWho="3" sc="260,140,230,0,250,0,240,-120" /><INIT seed="4,0,0,4,5,16" ten="400,230,250,120" oya="0" hai0="37,31,101,27,47,50,87,68,29,132,34,78,54" hai1="105,125,43,119,117,81,97,51,53,44,134,33,99" hai2="5,127,131,98,20,39,116,69,104,95,74,61,103" hai3="55,10,38,82,102,91,111,4,17,90,124,58,85"/><T94/><D132/><U9/><E125/><V93/><F39/><W75/><G111/><T115/><D115/><U72/><E33/><V60/><F127/><W52/><G124/><T59/><D29/><U112/><E134/><V89/><F131/><W26/><G38/><T96/><D68/><U113/><E9/><V135/><F135/><W128/><G128/><T19/><D19/><U86/><E72/><V0/><F74/><W77/><G102/><T133/><D133/><U49/><E99/><V92/><F116/><W40/><G40/><T3/><D3/><U73/><E73/><V84/><F0/><W120/><G120/><T13/><D13/><U118/><E97/><V25/><F5/><W48/><G75/><T41/><D78/><U28/><E28/><V23/><F69/><W42/><G42/><T76/><D76/><U88/><REACH who="1" step="1"/><E105/><REACH who="1" ten="400,220,250,120" step="2"/><V18/><F104/><W121/><G121/><T45/><BYE who="3" /><D87/><U67/><E67/><V57/><F103/><UN n3="%E3%83%88%E3%83%88%E3%83%AA%E5%85%88%E7%94%9F%31%39%E6%AD%B3" /><W126/><G126/><T36/><D36/><U83/><E83/><N who="2" m="49311" /><F98/><W79/><G4/><T21/><D34/><U108/><E108/><V110/><F110/><W71/><G82/><T109/><D109/><U66/><E66/><V2/><F2/><W130/><G85/><T80/><D80/><U8/><E8/><V1/><F1/><W11/><G11/><T123/><D123/><U12/><E12/><N who="2" m="9287" /><F57/><AGARI ba="0,1" hai="43,44,49,51,53,57,81,86,88,112,113,117,118,119" machi="57" ten="50,3200,0" yaku="1,1,54,1,53,0" doraHai="16" doraHaiUra="6" who="1" fromWho="2" sc="400,0,220,42,250,-32,120,0" /><INIT seed="5,0,0,2,2,21" ten="400,262,218,120" oya="1" hai0="129,100,135,112,98,119,43,103,121,59,40,29,130" hai1="22,20,0,97,23,12,51,57,72,1,93,35,66" hai2="125,84,82,47,134,36,50,113,128,81,78,75,67" hai3="73,115,65,13,122,123,33,133,27,61,49,7,34"/><U94/><E72/><V69/><F36/><W64/><G73/><T8/><D119/><U42/><E35/><V79/><F125/><W55/><G133/><T11/><D135/><U109/><E109/><V56/><F134/><W16/><G115/><T38/><D112/><U9/><E42/><V41/><F113/><W96/><G7/><T15/><D121/><U85/><E85/><V45/><F128/><W44/><G65/><T116/><D116/><U6/><E93/><V90/><F69/><W99/><G123/><T126/><D126/><U62/><REACH who="1" step="1"/><E51/><REACH who="1" ten="400,252,218,120" step="2"/><V30/><F41/><W52/><G122/><T80/><D43/><U132/><E132/><V86/><F75/><W19/><G34/><T70/><D40/><U102/><AGARI ba="0,1" hai="0,1,6,9,12,20,22,23,57,62,66,94,97,102" machi="102" ten="30,3000,0" yaku="1,1,0,1,53,0" doraHai="21" doraHaiUra="118" who="1" fromWho="1" sc="400,-10,252,40,218,-10,120,-10" /><INIT seed="5,1,0,1,4,54" ten="390,292,208,110" oya="1" hai0="17,93,29,52,126,66,104,96,62,94,46,79,64" hai1="31,25,28,51,109,119,53,113,18,103,118,99,43" hai2="125,8,106,108,55,88,16,47,83,0,35,34,12" hai3="59,105,124,68,70,21,9,45,76,30,75,63,40"/><U122/><E122/><V14/><F108/><W97/><G124/><T130/><D126/><U6/><E113/><V131/><F125/><W135/><G135/><T41/><D130/><U98/><E109/><V134/><F106/><W3/><G30/><T112/><D112/><U36/><E6/><V24/><F0/><W90/><G21/><T56/><D29/><U19/><E36/><V23/><F131/><W128/><G128/><T120/><D120/><U81/><E43/><V100/><F100/><W60/><G60/><T92/><D79/><U110/><E110/><V72/><F134/><W37/><G90/><T89/><D17/><N who="1" m="6155" /><E118/><V48/><F14/><W7/><G97/><N who="1" m="36874" /><E103/><V5/><REACH who="2" step="1"/><F72/><REACH who="2" ten="390,292,198,110" step="2"/><W58/><G105/><T133/><D104/><U32/><E119/><V49/><F49/><W67/><REACH who="3" step="1"/><G70/><REACH who="3" ten="390,292,198,100" step="2"/><T78/><D133/><U116/><E116/><V27/><F27/><W115/><G115/><T39/><D62/><U57/><E25/><V26/><F26/><W15/><G15/><T71/><D71/><U1/><E1/><V65/><F65/><W4/><G4/><T77/><D66/><U50/><E50/><V33/><F33/><W117/><G117/><T20/><D64/><U95/><E32/><V13/><F13/><W73/><G73/><T44/><D39/><U102/><E51/><V82/><F82/><AGARI ba="1,2" hai="3,7,9,37,40,45,58,59,63,67,68,75,76,82" machi="82" ten="40,12000,2" yaku="1,1,25,2,52,2,53,1" doraHai="54" doraHaiUra="2" who="3" fromWho="2" sc="390,0,292,0,198,-123,100,143" /><INIT seed="6,0,0,2,1,129" ten="390,292,75,243" oya="2" hai0="55,110,73,32,62,89,43,67,19,36,33,57,104" hai1="21,71,75,18,17,58,112,87,42,114,68,34,79" hai2="8,76,6,23,98,102,95,109,132,44,16,22,26" hai3="3,53,10,86,9,85,46,84,56,123,69,47,1"/><V107/><F109/><W51/><G123/><T39/><D110/><U65/><E34/><V135/><F76/><W127/><G69/><N who="0" m="42231" /><D73/><U82/><E42/><V14/><F44/><N who="3" m="16939" /><G1/><T96/><D19/><N who="1" m="7179" /><E21/><V54/><F54/><N who="3" m="31839" /><G3/><T31/><D89/><U35/><E35/><V40/><F40/><W28/><G28/><T4/><D4/><U72/><E72/><V105/><REACH who="2" step="1"/><F23/><REACH who="2" ten="390,292,65,243" step="2"/><W70/><G53/><T13/><D43/><U106/><E79/><V63/><F63/><W125/><G70/><T41/><D41/><U113/><E68/><V59/><F59/><W100/><G125/><T78/><D78/><U94/><E58/><V27/><F27/><W128/><G127/><T5/><D33/><U122/><E71/><V77/><F77/><W97/><G128/><T49/><D55/><U48/><E114/><V103/><F103/><W120/><G120/><T111/><D57/><U0/><E113/><V20/><F20/><W30/><G30/><T118/><D111/><U126/><E112/><V119/><F119/><W37/><G37/><T25/><D118/><U66/><E126/><V52/><F52/><W45/><G45/><T93/><D39/><U115/><E115/><V108/><F108/><W91/><G100/><N who="0" m="62471" /><D36/><U101/><E101/><V15/><F15/><W90/><G90/><T61/><D61/><U64/><E122/><V116/><F116/><W117/><G117/><T88/><D49/><U11/><E48/><V29/><F29/><W7/><G91/><T131/><D131/><U80/><E64/><V81/><F81/><W92/><G7/><T134/><D5/><RYUUKYOKU ba="0,1" sc="390,-15,292,-15,65,15,243,15" hai2="6,8,14,16,22,26,95,98,102,105,107,132,135" hai3="9,10,84,85,86,92,97" /><INIT seed="6,1,1,0,1,117" ten="375,277,80,258" oya="2" hai0="113,87,85,8,51,46,60,56,130,52,5,121,116" hai1="21,73,128,43,108,69,62,63,105,122,19,131,12" hai2="55,74,47,123,110,127,134,16,31,129,132,96,125" hai3="97,9,2,124,86,65,135,13,58,106,53,94,23"/><V104/><F74/><W72/><G72/><T11/><D121/><U6/><E108/><V98/><F110/><W49/><G135/><N who="2" m="51753" /><F31/><W27/><G124/><N who="2" m="47689" /><F104/><W37/><G37/><T102/><D87/><U39/><E122/><V30/><F30/><N who="3" m="17791" /><G2/><T93/><D85/><U32/><E105/><V67/><F123/><W34/><G34/><T80/><D116/><U48/><E32/><V88/><F67/><W4/><G86/><T22/><D102/><U112/><E73/><V26/><F47/><W114/><G114/><T77/><D113/><U92/><E112/><V133/><N who="2" m="51761" /><V103/><DORA hai="40" /><F103/><N who="3" m="60855" /><G106/><T35/><D56/><U61/><E69/><V18/><F55/><W84/><G84/><T29/><D52/><U100/><E43/><V115/><F115/><W68/><G68/><T82/><D46/><U71/><E100/><V45/><F45/><W83/><G83/><T109/><D29/><U64/><E71/><V79/><F79/><W76/><G76/><T15/><D82/><U75/><E64/><AGARI ba="1,1" hai="4,9,13,49,53,58,64,65" m="60855,17791" machi="64" ten="30,1000,0" yaku="8,1" doraHai="117,40" who="3" fromWho="1" sc="375,0,277,-13,80,0,258,23" /><INIT seed="7,0,0,5,1,78" ten="375,264,80,281" oya="3" hai0="110,104,117,67,19,130,29,32,10,5,39,13,131" hai1="3,34,56,70,91,86,75,37,68,50,33,118,101" hai2="14,103,127,115,135,121,128,98,69,22,58,81,84" hai3="107,43,24,95,80,74,2,6,73,71,82,72,90"/><W134/><G71/><T62/><D110/><U20/><E3/><V125/><F69/><W85/><G134/><T112/><D117/><U44/><E75/><V27/><F58/><W54/><G107/><T57/><D39/><U105/><E105/><V0/><F0/><W116/><G116/><T45/><D112/><U123/><E123/><V51/><F51/><W17/><G43/><T100/><D45/><U11/><E101/><V48/><F48/><W35/><G54/><T38/><D38/><U94/><E11/><V18/><F115/><W96/><G6/><T65/><D65/><U26/><E70/><V49/><F121/><W47/><G2/><T114/><D19/><U124/><E124/><V60/><F60/><W28/><G47/><T66/><D66/><U132/><E132/><V133/><F49/><W113/><G113/><T97/><D114/><U108/><E108/><V7/><F7/><W87/><G17/><T25/><AGARI ba="0,0" hai="5,10,13,25,29,32,57,62,67,97,100,104,130,131" machi="25" ten="30,1100,0" yaku="0,1" doraHai="78" who="0" fromWho="0" sc="375,11,264,-3,80,-3,281,-5" owari="386,48.0,261,-14.0,77,-42.0,276,8.0" /></mjloggm>