<mjloggm ver="2.3"><GO type="169" lobby="0"/><UN n0="%E3%82%B9%E3%82%B1%E3%83%BC%E3%82%BF%E3%83%BC" n1="%E6%93%8D" n2="%E3%83%9A%E3%83%81%E3%83%A7%E3%83%BC%E3%83%AA%E3%83%B3" n3="%E3%82%A6%E3%83%AB%E3%83%88%E3%83%A9%E7%AB%8B%E7%9B%B4" dan="16,16,16,17" rate="2146.19,2076.69,2113.53,2153.33" sx="M,M,M,M"/><TAIKYOKU oya="0"/><INIT seed="0,0,0,4,3,52" ten="250,250,250,250" oya="0" hai0="128,86,62,68,82,99,100,50,65,129,133,78,9" hai1="51,53,43,26,13,92,7,33,22,35,64,96,0" hai2="74,114,90,34,21,79,41,12,112,47,48,103,130" hai3="56,24,75,44,77,125,15,55,11,60,120,113,8"/><T88/><D133/><U40/><E64/><V85/><F34/><W101/><G113/><T54/><D9/><U122/><E122/><V134/><F103/><W1/><G125/><T109/><D109/><U97/><E0/><V81/><F134/><W87/><G120/><T93/><REACH who="0" step="1"/><D100/><REACH who="0" ten="240,250,250,250" step="2"/><U37/><E7/><V104/><F130/><W121/><G101/><T58/><AGARI ba="0,1" hai="50,54,58,62,65,68,78,82,86,88,93,99,128,129" machi="58" ten="30,12000,1" yaku="1,1,2,1,0,1,52,1,54,1,53,0" doraHai="52" doraHaiUra="71" who="0" fromWho="0" sc="240,130,250,-40,250,-40,250,-40" /><INIT seed="0,1,0,0,1,59" ten="370,210,210,210" oya="0" hai0="4,13,121,32,135,78,14,117,94,120,109,3,112" hai1="29,90,16,77,65,70,133,87,43,54,88,96,53" hai2="61,129,9,56,79,26,107,58,34,116,2,105,50" hai3="113,106,125,41,64,19,83,46,17,12,71,66,74"/><T127/><D78/><U25/><E43/><V20/><F129/><W68/><G106/><T8/><D94/><U81/><E133/><V38/><F34/><W62/><G113/><T30/><D112/><U21/><E65/><V130/><F38/><W82/><G125/><T95/><D95/><U84/><E70/><V114/><F114/><W99/><BYE who="2" /><G74/><T108/><D117/><U132/><E132/><V49/><F49/><W10/><G99/><T1/><D127/><U98/><E77/><V57/><F57/><W85/><G19/><T89/><D89/><U86/><E86/><V91/><F91/><W110/><G110/><N who="0" m="42603" /><D14/><U124/><E124/><UN n2="%E3%83%9A%E3%83%81%E3%83%A7%E3%83%BC%E3%83%AA%E3%83%B3" /><V72/><F79/><W39/><REACH who="3" step="1"/><G85/><REACH who="3" ten="370,210,210,200" step="2"/><T69/><D135/><U111/><E111/><V119/><F105/><W60/><AGARI ba="1,1" hai="10,12,17,39,41,46,60,62,64,66,68,71,82,83" machi="60" ten="30,12000,2" yaku="1,1,2,1,0,1,9,1,52,2,53,1" doraHai="59" doraHaiUra="6" who="3" fromWho="3" sc="370,-61,210,-31,210,-31,200,133" /><INIT seed="1,0,0,3,4,47" ten="309,179,179,333" oya="1" hai0="45,86,30,104,125,111,101,102,64,135,32,123,78" hai1="98,105,77,121,20,63,2,51,130,94,124,34,25" hai2="92,88,128,93,43,70,68,53,1,74,84,71,58" hai3="56,61,72,113,132,110,4,44,11,31,83,26,54"/><U91/><E34/><V15/><F74/><W14/><G113/><T6/><D6/><U107/><E121/><V0/><F128/><W133/><G110/><T49/><D64/><U106/><E2/><V100/><F43/><W27/><G44/><T38/><D38/><U90/><E77/><V97/><REACH who="2" step="1"/><F15/><REACH who="2" ten="309,179,169,333" step="2"/><W35/><G72/><T52/><D123/><U80/><E130/><V55/><F55/><W82/><G27/><T60/><D52/><U12/><E12/><V103/><F103/><W50/><REACH who="3" step="1"/><G61/><AGARI ba="0,1" hai="0,1,53,58,61,68,70,71,84,88,92,93,97,100" machi="61" ten="40,2600,0" yaku="1,1,54,1,53,0" doraHai="47" doraHaiUra="18" who="2" fromWho="3" sc="309,0,179,0,169,36,333,-26" /><INIT seed="2,0,0,5,5,127" ten="309,179,205,307" oya="2" hai0="108,66,113,131,83,85,98,94,29,62,79,71,84" hai1="20,27,86,115,9,105,90,67,18,93,81,1,104" hai2="87,6,49,135,39,63,76,132,109,56,95,32,37" hai3="124,31,35,60,11,69,24,112,2,133,46,22,34"/><V16/><F32/><W23/><G46/><T19/><D113/><U117/><E115/><V57/><F6/><N who="3" m="1495" /><G60/><T72/><D108/><U82/><E117/><V33/><F33/><N who="3" m="12299" /><G69/><T55/><D29/><U51/><E9/><V116/><F116/><W100/><G100/><T89/><D19/><U102/><E1/><V134/><F109/><W13/><G112/><T25/><D25/><U128/><E67/><V126/><F126/><W15/><G124/><T48/><D131/><U125/><E125/><V74/><F74/><W70/><G70/><T73/><D85/><U64/><E64/><N who="2" m="39015" /><F76/><W97/><G97/><T118/><D118/><U119/><E119/><V121/><F121/><W103/><G103/><T12/><D12/><N who="3" m="4681" /><G133/><T28/><D73/><U7/><E7/><V36/><F87/><W110/><G110/><T77/><D72/><U41/><E105/><V58/><F95/><W92/><G92/><T123/><D123/><U61/><E104/><V122/><F122/><W99/><G99/><T45/><D79/><U111/><E111/><V8/><F49/><W43/><G43/><T26/><D77/><U88/><E61/><V14/><AGARI ba="0,0" hai="8,14,16,36,37,39,57,58,132,134,135" m="39015" machi="14" ten="40,3900,0" yaku="20,1,54,1" doraHai="127" who="2" fromWho="2" sc="309,-13,179,-13,205,39,307,-13" /><INIT seed="2,1,0,2,2,125" ten="296,166,244,294" oya="2" hai0="5,45,135,4,115,0,87,18,85,107,56,12,19" hai1="14,32,121,102,21,129,112,86,95,50,128,39,36" hai2="68,34,79,84,52,134,120,38,114,59,51,119,73" hai3="105,75,35,88,99,28,23,20,63,40,133,1,130"/><V101/><F114/><W15/><G75/><T29/><D107/><U25/><E112/><V27/><F119/><W126/><G1/><T44/><D115/><U26/><E14/><V48/><F120/><W89/><G126/><T80/><D135/><U94/><E121/><V76/><F38/><W93/><G105/><T2/><D12/><U116/><E32/><V17/><F68/><W77/><G77/><T111/><D56/><U54/><E116/><V13/><F134/><W7/><G133/><T90/><D80/><U33/><E33/><V78/><F101/><W100/><G35/><T6/><D90/><U91/><E39/><V64/><F64/><W66/><G40/><T113/><D113/><U47/><E36/><V97/><F97/><W58/><G130/><N who="1" m="50282" /><E21/><V117/><F117/><W42/><G42/><T61/><D6/><U103/><E95/><V70/><F70/><W22/><G28/><T16/><D19/><U131/><N who="1" m="50290" /><U53/><DORA hai="110" /><E54/><V30/><F73/><W57/><G7/><T118/><D118/><U11/><E11/><V74/><F74/><W55/><G15/><T83/><D29/><U92/><E92/><V43/><F43/><W72/><G72/><T37/><D37/><U108/><E108/><V82/><F51/><AGARI ba="1,0" hai="20,22,23,51,55,57,58,63,66,88,89,93,99,100" machi="51" ten="40,2600,0" yaku="8,1,54,1" doraHai="125,110" who="3" fromWho="2" sc="296,0,166,0,244,-29,294,29" /><INIT seed="3,0,0,4,2,91" ten="296,166,215,323" oya="3" hai0="111,39,96,100,24,26,44,115,125,102,58,1,122" hai1="83,128,7,107,45,133,104,76,48,3,35,31,134" hai2="89,6,109,62,25,72,60,75,121,112,52,22,80" hai3="114,118,40,77,131,28,93,103,86,12,43,15,95"/><W73/><G73/><T81/><D122/><U16/><E128/><V29/><F112/><W34/><G34/><T4/><D102/><U61/><E61/><V42/><F109/><W124/><G114/><T123/><D111/><U129/><E129/><V69/><F121/><W19/><G118/><T54/><D125/><U74/><E31/><V30/><F42/><N who="3" m="15915" /><G124/><T87/><D44/><U94/><E35/><V21/><F6/><W88/><G28/><T32/><D39/><U116/><E116/><V120/><F120/><W130/><G130/><T78/><D32/><U101/><E7/><V50/><F69/><W97/><G131/><T59/><D59/><U27/><E3/><V63/><F29/><W49/><G77/><T82/><D115/><U11/><E107/><V66/><F21/><N who="3" m="11495" /><G49/><T20/><D20/><U41/><E104/><V90/><F66/><W84/><G84/><N who="0" m="48183" /><D4/><U38/><E38/><V65/><F65/><W132/><G132/><T17/><D1/><U70/><E70/><V57/><REACH who="2" step="1"/><F75/><REACH who="2" ten="296,166,205,323" step="2"/><W8/><G8/><T85/><D123/><U10/><E10/><V47/><F47/><W108/><G108/><T46/><D46/><U106/><E11/><V67/><F67/><W79/><G79/><AGARI ba="0,1" hai="22,25,30,50,52,57,60,62,63,72,79,80,89,90" machi="79" ten="40,2600,0" yaku="1,1,54,1,53,0" doraHai="91" doraHaiUra="68" who="2" fromWho="3" sc="296,0,166,0,205,36,323,-26" /><INIT seed="4,0,0,5,1,86" ten="296,166,241,297" oya="0" hai0="14,127,33,132,59,110,4,49,91,69,76,89,58" hai1="55,25,10,82,94,37,53,133,85,98,50,109,67" hai2="84,36,48,112,126,122,40,63,0,105,46,47,34" hai3="75,24,114,8,64,31,73,44,101,129,104,103,61"/><T113/><D69/><U35/><E37/><V6/><F34/><W90/><G8/><N who="0" m="4359" /><D33/><U1/><E109/><V29/><F29/><W22/><G44/><T119/><D119/><U15/><E1/><V135/><F105/><W115/><G129/><T99/><D110/><U128/><E128/><V65/><F112/><N who="3" m="43051" /><G90/><N who="0" m="34315" /><D113/><U62/><E35/><V92/><F0/><W83/><G83/><T39/><D39/><U68/><E82/><V23/><F36/><W66/><G104/><T77/><D127/><U26/><E85/><V28/><F84/><W70/><G66/><T97/><D132/><U45/><E133/><V117/><F135/><W21/><G21/><T27/><D27/><U5/><REACH who="1" step="1"/><E55/><REACH who="1" ten="296,156,241,297" step="2"/><V56/><F126/><W107/><G75/><T123/><D123/><U41/><E41/><V43/><F43/><W13/><G73/><T79/><D99/><U16/><E16/><V100/><F40/><W125/><G125/><T74/><D74/><U124/><E124/><V120/><F120/><W108/><G108/><T116/><D97/><U3/><E3/><V20/><F122/><W131/><G131/><T17/><D17/><U57/><E57/><N who="0" m="21513" /><D116/><U134/><E134/><V118/><F117/><W78/><G70/><T9/><D79/><U11/><E11/><V71/><F118/><W52/><G78/><T80/><D80/><U130/><E130/><V30/><F71/><W54/><G107/><T72/><D9/><U111/><E111/><V95/><F56/><W93/><G31/><T42/><D72/><U96/><E96/><V102/><F28/><W7/><G7/><RYUUKYOKU ba="0,1" sc="296,15,156,15,241,-15,297,-15" hai0="42,49,76,77" hai1="5,10,15,25,26,45,50,53,62,67,68,94,98" /><INIT seed="4,1,1,3,5,111" ten="311,171,226,282" oya="0" hai0="133,122,40,6,52,15,56,103,4,60,77,134,132" hai1="38,85,5,80,121,62,87,24,113,129,57,93,2" hai2="70,44,47,83,16,82,98,86,29,34,110,32,92" hai3="114,88,105,74,35,0,22,84,106,66,9,109,55"/><T75/><D122/><U1/><E38/><V33/><F70/><W41/><G35/><T119/><D119/><U45/><E45/><V115/><F115/><W104/><G109/><T123/><D123/><U130/><E121/><V36/><F110/><W20/><G74/><T128/><D128/><U116/><E116/><V112/><F112/><W76/><G114/><T63/><D103/><U78/><E113/><V73/><F73/><W12/><G76/><T118/><D118/><U107/><E107/><V54/><F29/><W100/><G0/><T89/><D40/><U28/><E5/><N who="0" m="2153" /><D89/><U23/><E2/><V124/><F124/><W3/><G41/><T120/><D15/><U58/><E1/><V42/><F86/><W46/><G100/><T25/><D25/><U96/><E87/><V125/><F125/><W27/><G27/><T102/><D102/><U79/><E79/><V94/><F94/><W71/><G71/><T59/><D120/><U14/><E14/><V30/><F30/><W95/><G66/><N who="0" m="39175" /><D77/><U81/><E81/><V135/><F34/><W17/><REACH who="3" step="1"/><G3/><REACH who="3" ten="311,171,226,272" step="2"/><T50/><D75/><U26/><E26/><V21/><F32/><W53/><G53/><T39/><D39/><U49/><E130/><V13/><F33/><W117/><G117/><T19/><D134/><U8/><E129/><V99/><F135/><W108/><G108/><T91/><D133/><U37/><E37/><V31/><F42/><W97/><G97/><T101/><D101/><U43/><E43/><N who="2" m="22631" /><F99/><W90/><G90/><T67/><D132/><U127/><E96/><V48/><F31/><RYUUKYOKU ba="1,2" sc="311,-15,171,-15,226,15,272,15" hai2="13,16,21,47,48,54,82,83,92,98" hai3="9,12,17,20,22,46,55,84,88,95,104,105,106" /><INIT seed="5,2,2,4,0,103" ten="296,156,241,287" oya="1" hai0="67,85,96,26,105,48,62,15,23,89,18,118,54" hai1="80,0,4,28,132,19,39,27,110,21,42,126,8" hai2="44,121,91,52,109,102,81,72,122,94,59,6,134" hai3="11,86,83,129,46,95,124,76,93,90,123,135,75"/><U112/><E112/><V78/><F109/><W65/><G65/><T113/><D118/><U17/><E110/><V1/><F134/><W2/><G123/><T73/><D73/><U57/><E132/><V60/><F102/><W24/><G135/><T84/><D113/><U14/><E126/><V108/><F108/><W63/><G63/><T82/><D105/><U133/><E133/><V35/><F35/><W77/><G77/><T40/><D96/><U25/><E80/><V45/><F6/><N who="3" m="1495" /><G24/><T5/><D40/><U69/><E69/><V70/><F1/><W131/><G124/><T64/><D85/><U55/><E42/><V120/><REACH who="2" step="1"/><F70/><REACH who="2" ten="296,156,231,287" step="2"/><W13/><G129/><T20/><D5/><U119/><E119/><V56/><F56/><W3/><G3/><T49/><D62/><U36/><E27/><V47/><F47/><W87/><G131/><T74/><D74/><U22/><REACH who="1" step="1"/><E28/><REACH who="1" ten="296,146,231,287" step="2"/><V16/><F16/><W51/><G75/><T12/><D26/><U10/><E10/><V115/><F115/><W99/><G83/><T97/><D82/><U9/><E9/><V106/><F106/><W41/><G41/><T68/><D18/><U127/><E127/><V100/><F100/><W7/><G7/><T31/><D31/><U107/><E107/><V98/><AGARI ba="2,4" hai="44,45,52,59,60,72,78,81,91,94,98,120,121,122" machi="98" ten="30,4000,0" yaku="1,1,0,1,54,1,53,0" doraHai="103" doraHaiUra="111" who="2" fromWho="2" sc="296,-12,146,-22,231,86,287,-12" /><INIT seed="6,0,0,1,1,39" ten="284,124,317,275" oya="2" hai0="128,16,133,10,98,120,21,127,135,30,92,131,35" hai1="8,99,55,37,87,71,88,40,34,62,7,17,132" hai2="75,23,93,36,115,14,69,106,86,43,27,76,91" hai3="57,109,81,9,68,73,5,46,31,60,47,49,78"/><V45/><F69/><W50/><G109/><T64/><D64/><U89/><E34/><V111/><F106/><W70/><G31/><T52/><D120/><U85/><E99/><V114/><F111/><W25/><G25/><N who="0" m="18895" /><D52/><U3/><E17/><V97/><F14/><W65/><G49/><T33/><D33/><U129/><E129/><N who="0" m="49737" /><D10/><U13/><E3/><V2/><F2/><W104/><G104/><T125/><D92/><U11/><E11/><V116/><F75/><W112/><G47/><T103/><D103/><U32/><E32/><V44/><F44/><W80/><G80/><T130/><D98/><U118/><E118/><V20/><F116/><W77/><G77/><T134/><D130/><U121/><E121/><V96/><F23/><W101/><G101/><T0/><D0/><U84/><E132/><V26/><F26/><AGARI ba="0,0" hai="16,21,26,125,127,133,134,135" m="49737,18895" machi="26" ten="40,12000,2" yaku="30,2,20,1,19,1,34,2,54,1" doraHai="39" who="0" fromWho="2" sc="284,120,124,0,317,-120,275,0" /><INIT seed="7,0,0,2,4,124" ten="404,124,197,275" oya="3" hai0="134,84,1,132,71,79,88,61,50,63,44,42,68" hai1="40,77,105,82,80,97,87,64,120,34,91,129,33" hai2="8,66,0,74,11,76,32,99,96,48,25,103,83" hai3="59,6,104,81,115,17,92,46,100,23,108,75,53"/><W57/><G104/><T101/><D1/><U16/><E64/><V54/><F66/><W110/><G115/><T130/><D130/><U58/><E120/><V31/><F0/><W117/><G6/><T94/><D79/><U36/><E36/><V135/><F135/><N who="0" m="51754" /><D101/><U27/><E40/><V65/><F65/><W102/><G46/><T3/><D3/><U109/><E109/><V118/><F118/><W45/><G45/><T60/><AGARI ba="0,0" hai="42,44,50,60,61,63,68,71,84,88,94" m="51754" machi="60" ten="30,2000,0" yaku="20,1,54,1" doraHai="124" who="0" fromWho="0" sc="404,20,124,-5,197,-5,275,-10" owari="424,52.0,119,-38.0,192,-21.0,265,7.0" /></mjloggm>