<mjloggm ver="2.3"><GO type="169" lobby="0"/><UN n0="%E7%8E%A9%E5%80%8B%4A%42" n1="%6D%61%63%6A%72" n2="%57%6F%6D%62%61%74" n3="%E3%82%A6%E3%83%AB%E3%83%88%E3%83%A9%E7%AB%8B%E7%9B%B4" dan="17,18,16,18" rate="2111.41,2248.80,2028.01,2210.48" sx="M,M,M,M"/><TAIKYOKU oya="0"/><INIT seed="0,0,0,3,3,70" ten="250,250,250,250" oya="0" hai0="127,82,45,98,128,76,32,1,18,28,125,117,133" hai1="14,115,24,110,124,12,48,13,92,83,94,55,114" hai2="31,2,66,65,61,4,91,120,87,71,35,121,130" hai3="9,25,17,49,16,63,134,72,104,118,86,54,37"/><T56/><D117/><U89/><E110/><V93/><F130/><W3/><G72/><T113/><D113/><N who="1" m="43019" /><E124/><N who="0" m="47689" /><D1/><U80/><E24/><V33/><F66/><W111/><G118/><T50/><D128/><U112/><N who="1" m="43027" /><U131/><DORA hai="123" /><E131/><V119/><F119/><W99/><G3/><T100/><D18/><U107/><E107/><V52/><F4/><W122/><G122/><T88/><D56/><N who="1" m="32871" /><E94/><V135/><F2/><W60/><G17/><T53/><D133/><U90/><E89/><V95/><F135/><W43/><G16/><T46/><D88/><U105/><E105/><V106/><F106/><W22/><G104/><N who="0" m="63511" /><D28/><U39/><E39/><V102/><F31/><W11/><G134/><T96/><D96/><AGARI ba="0,0" hai="12,13,14,80,83,90,92,96" m="32871,43027" machi="96" ten="40,1300,0" yaku="11,1" doraHai="70,123" who="1" fromWho="0" sc="250,-13,250,13,250,0,250,0" /><INIT seed="1,0,0,0,5,70" ten="237,263,250,250" oya="1" hai0="108,76,3,96,103,7,99,102,28,109,131,56,61" hai1="80,51,23,12,125,44,69,22,89,31,73,63,30" hai2="98,29,106,15,75,115,111,66,18,82,54,132,24" hai3="92,33,26,27,48,41,126,4,122,1,114,104,17"/><U100/><E125/><V20/><F132/><W71/><G92/><T123/><D131/><U42/><E100/><V107/><F111/><N who="0" m="42570" /><D76/><U34/><E34/><V38/><F38/><W116/><G48/><T14/><D28/><U13/><E69/><V67/><F115/><W90/><G90/><T9/><D3/><U81/><E73/><V83/><F54/><W19/><G41/><T59/><D123/><U101/><E101/><N who="0" m="38409" /><D59/><U135/><E135/><V112/><F98/><W64/><G1/><T25/><D25/><U88/><E63/><V128/><F128/><W130/><G27/><T62/><D62/><U127/><E127/><V97/><F97/><W105/><G26/><T74/><D74/><U36/><E36/><V91/><F75/><W118/><G126/><T93/><D93/><U65/><E51/><V134/><F112/><W133/><G114/><T55/><AGARI ba="0,0" hai="7,9,14,55,56,61,96,99" m="38409,42570" machi="55" ten="30,1100,0" yaku="14,1" doraHai="70" who="0" fromWho="0" sc="237,11,263,-5,250,-3,250,-3" /><INIT seed="2,0,0,1,2,20" ten="248,258,247,247" oya="2" hai0="21,34,24,48,86,90,104,5,18,75,22,39,77" hai1="87,111,8,123,133,41,94,127,131,73,23,58,135" hai2="72,110,117,132,100,56,40,70,113,31,93,45,30" hai3="13,74,68,99,103,49,91,115,2,51,67,76,54"/><V128/><F117/><W121/><G2/><T53/><D39/><U71/><E71/><V64/><F70/><W9/><G121/><T105/><D34/><U35/><E35/><V102/><F72/><W85/><G115/><T95/><D5/><U65/><E73/><V7/><F113/><W25/><G67/><T50/><D50/><U116/><E116/><V120/><F120/><W112/><G68/><T42/><D42/><U69/><E41/><V92/><F128/><W38/><G38/><T109/><D109/><U59/><E111/><V11/><F132/><W80/><G112/><T61/><D61/><U101/><E127/><V122/><F122/><W32/><G54/><T63/><D63/><U106/><E106/><V47/><F64/><W82/><G32/><T15/><D77/><U88/><E101/><V52/><F102/><W118/><G25/><T107/><D75/><U0/><E131/><V44/><F40/><W28/><G28/><N who="2" m="10793" /><F100/><W33/><G33/><T36/><D36/><U10/><E123/><V125/><F125/><W134/><G134/><N who="1" m="51210" /><E0/><N who="2" m="487" /><F110/><W126/><G126/><T29/><REACH who="0" step="1"/><D105/><REACH who="0" ten="238,258,247,247" step="2"/><U83/><E69/><V96/><F44/><AGARI ba="0,1" hai="15,18,21,22,24,29,44,48,53,86,90,95,104,107" machi="44" ten="30,8000,1" yaku="1,1,2,1,7,1,52,1,53,1" doraHai="20" doraHaiUra="26" who="0" fromWho="2" sc="238,90,258,0,247,-80,247,0" /><INIT seed="3,0,0,1,1,126" ten="328,258,167,247" oya="3" hai0="64,78,98,120,52,50,86,81,19,119,3,14,18" hai1="132,118,36,65,53,133,102,75,97,10,16,56,107" hai2="46,129,90,112,131,61,74,135,20,9,96,66,106" hai3="22,60,68,30,101,87,26,89,47,77,28,63,85"/><W80/><G101/><T117/><D3/><U12/><E118/><V38/><F74/><W34/><G68/><T114/><D120/><U76/><E36/><V70/><F112/><W94/><G34/><T21/><D114/><U43/><E43/><N who="2" m="22903" /><F135/><W110/><G110/><T92/><D64/><U72/><E65/><V128/><F9/><W105/><G105/><T54/><D19/><U48/><REACH who="1" step="1"/><E76/><REACH who="1" ten="328,248,167,247" step="2"/><V6/><F6/><W67/><G67/><T51/><D119/><U0/><E0/><V99/><F20/><W17/><G47/><T42/><D117/><U40/><E40/><V11/><F11/><W71/><G71/><T88/><REACH who="0" step="1"/><D42/><REACH who="0" ten="318,248,167,247" step="2"/><U123/><E123/><V4/><F131/><W5/><G5/><T44/><D44/><U116/><E116/><V125/><F129/><W121/><G121/><T84/><D84/><U109/><E109/><V41/><F128/><W15/><G30/><T69/><D69/><U2/><E2/><V79/><F41/><W57/><G57/><T130/><D130/><U39/><E39/><V23/><F70/><W37/><G37/><T111/><D111/><U104/><E104/><V134/><F106/><W7/><G7/><T122/><D122/><U1/><E1/><V95/><F4/><W58/><G58/><T49/><AGARI ba="0,2" hai="14,18,21,49,50,51,52,54,78,81,86,88,92,98" machi="49" ten="30,12000,2" yaku="1,1,0,1,8,1,54,2,53,1" doraHai="126" doraHaiUra="82" who="0" fromWho="0" sc="318,140,248,-30,167,-30,247,-60" /><INIT seed="4,0,0,5,0,81" ten="458,218,137,187" oya="0" hai0="42,74,132,15,127,124,45,77,52,120,69,75,19" hai1="85,44,110,0,10,3,46,106,71,33,39,51,54" hai2="113,41,61,50,63,43,133,12,78,84,14,35,58" hai3="80,6,111,34,57,7,115,65,130,91,134,25,13"/><T131/><D120/><U68/><E110/><V56/><F35/><W37/><G37/><T125/><D69/><U28/><E106/><V93/><F133/><W96/><G115/><T112/><D112/><U118/><E118/><V128/><F128/><W4/><G111/><T1/><D1/><U98/><E98/><V29/><F29/><W102/><G130/><T101/><D101/><U122/><E122/><V99/><F113/><W30/><G134/><T90/><D90/><U129/><E28/><V97/><F50/><W70/><G57/><T55/><D131/><U59/><E33/><V2/><F2/><W72/><G13/><T20/><D77/><U94/><E129/><V92/><F78/><W22/><G22/><T79/><D79/><U17/><E3/><V83/><F83/><W53/><G53/><N who="0" m="20555" /><D132/><U23/><E68/><V38/><F38/><AGARI ba="0,0" hai="15,19,20,38,42,45,74,75,124,125,127" m="20555" machi="38" ten="30,2900,0" yaku="18,1,54,1" doraHai="81" who="0" fromWho="2" sc="458,29,218,0,137,-29,187,0" /><INIT seed="4,1,0,1,2,34" ten="487,218,108,187" oya="0" hai0="49,2,88,58,131,73,63,57,22,38,41,3,11" hai1="54,109,77,98,12,127,110,92,24,45,65,55,103" hai2="121,1,117,112,95,10,114,123,68,76,66,9,72" hai3="67,37,47,17,129,118,132,100,115,106,20,5,78"/><T124/><D73/><U52/><E127/><V18/><F95/><W90/><G118/><T81/><D38/><U99/><E77/><V0/><F76/><W134/><G78/><T87/><D11/><N who="2" m="4106" /><F72/><W101/><G5/><T6/><D6/><U40/><E12/><V31/><F66/><W48/><G37/><T97/><D97/><U70/><E70/><V51/><F68/><W113/><G90/><T23/><D58/><U61/><E65/><V32/><F51/><W79/><G79/><T60/><D60/><U25/><E61/><V102/><F102/><W130/><G67/><T30/><D23/><U36/><REACH who="1" step="1"/><E99/><REACH who="1" ten="487,208,108,187" step="2"/><V59/><F117/><W122/><G122/><T64/><D124/><U80/><E80/><V74/><F123/><W53/><G130/><T29/><D131/><U120/><E120/><V16/><F121/><W28/><G129/><T46/><D81/><U119/><E119/><V19/><F74/><W43/><G132/><T27/><D64/><U135/><E135/><V107/><F59/><W111/><G134/><T8/><D57/><U82/><E82/><V33/><F107/><W35/><G106/><T85/><D63/><U108/><AGARI ba="1,1" hai="24,25,36,40,45,52,54,55,92,98,103,108,109,110" machi="108" ten="40,8000,1" yaku="1,1,0,1,54,1,53,1" doraHai="34" doraHaiUra="42" who="1" fromWho="1" sc="487,-41,208,93,108,-21,187,-21" /><INIT seed="5,0,0,1,2,106" ten="446,301,87,166" oya="1" hai0="70,53,125,79,63,126,45,9,83,121,50,128,32" hai1="86,65,25,55,80,41,73,112,103,94,15,30,67" hai2="123,19,51,76,0,72,117,33,91,78,23,39,54" hai3="93,99,38,96,74,131,95,44,134,48,16,59,82"/><U89/><E112/><V88/><F39/><W108/><G108/><T37/><D128/><U52/><E41/><V1/><F33/><W129/><G59/><T27/><D37/><U49/><E15/><V34/><F34/><W87/><G38/><T102/><D102/><U62/><E49/><V66/><F66/><W85/><G16/><T42/><D9/><U20/><E65/><V28/><F28/><W35/><G35/><T133/><D133/><U118/><E118/><V4/><F117/><W17/><G17/><T60/><D70/><U75/><E75/><V92/><F123/><W3/><G3/><T36/><D27/><U98/><REACH who="1" step="1"/><E73/><REACH who="1" ten="446,291,87,166" step="2"/><V24/><F72/><W116/><G116/><T101/><D42/><U57/><AGARI ba="0,1" hai="20,25,30,52,55,57,62,67,80,86,89,94,98,103" machi="57" ten="20,24000,3" yaku="1,1,2,1,0,1,7,1,25,2,8,1,54,1,53,1" doraHai="106" doraHaiUra="56" who="1" fromWho="1" sc="446,-80,291,250,87,-80,166,-80" /><INIT seed="5,1,0,4,1,124" ten="366,541,7,86" oya="1" hai0="3,23,2,113,15,85,110,55,119,86,30,133,60" hai1="36,78,28,97,8,101,14,100,90,44,70,120,4" hai2="84,42,46,66,95,72,53,134,21,12,77,114,33" hai3="94,105,117,76,118,40,93,63,0,22,38,128,121"/><U35/><E120/><V92/><F33/><W68/><G105/><T18/><D110/><U24/><E70/><V31/><F134/><W7/><G76/><T11/><D133/><U41/><REACH who="1" step="1"/><E78/><REACH who="1" ten="366,531,7,86" step="2"/><V43/><F77/><W88/><G68/><T126/><D119/><U132/><E132/><V47/><F114/><W54/><G121/><T75/><D113/><U19/><E19/><N who="2" m="10471" /><F31/><W51/><G117/><T49/><D30/><U52/><E52/><V64/><F72/><W25/><G54/><T16/><D75/><U57/><E57/><V103/><F53/><W58/><G58/><T17/><D17/><U98/><E98/><N who="2" m="59847" /><F66/><W112/><G118/><T129/><D18/><U26/><E26/><V29/><F29/><W79/><G25/><T10/><D16/><U13/><E13/><V67/><F64/><W125/><G79/><T107/><D15/><U56/><E56/><V89/><F67/><W1/><G112/><T73/><D73/><U87/><E87/><V34/><F34/><W123/><G123/><T115/><D86/><U20/><E20/><V62/><F62/><W74/><G22/><T32/><D85/><U108/><E108/><V131/><F131/><W71/><G128/><T59/><D129/><U61/><E61/><V106/><F106/><W45/><G74/><T50/><D115/><U81/><E81/><V127/><F127/><W96/><G125/><T69/><D126/><U65/><E65/><V130/><F130/><W37/><G63/><T48/><D60/><U91/><E91/><V99/><F84/><N who="3" m="52359" /><G71/><T135/><D69/><U111/><E111/><RYUUKYOKU ba="1,1" sc="366,-15,531,15,7,15,86,-15" hai1="4,8,14,24,28,35,36,41,44,90,97,100,101" hai2="42,43,46,47,89,95,99" /><INIT seed="5,2,1,4,3,93" ten="351,546,22,71" oya="1" hai0="101,8,47,56,24,80,50,125,121,95,105,45,39" hai1="96,102,30,98,126,31,115,6,42,20,1,29,14" hai2="48,2,99,123,111,70,132,107,54,15,106,127,51" hai3="36,25,72,68,19,131,88,110,59,130,61,66,38"/><U55/><E115/><V49/><F127/><W60/><G72/><T16/><D105/><U117/><E117/><V58/><F70/><W73/><G73/><T120/><D125/><U27/><E126/><V79/><F132/><W129/><G19/><T77/><D39/><N who="3" m="14889" /><G88/><T116/><D56/><U23/><E42/><V103/><F111/><W21/><G21/><N who="1" m="8266" /><E1/><V43/><F2/><W76/><G76/><T94/><D24/><U62/><E102/><V26/><F123/><W64/><G25/><T75/><D116/><U89/><E27/><V133/><F133/><W97/><G97/><N who="1" m="37482" /><E89/><V135/><F26/><W104/><G104/><T86/><D101/><U5/><E14/><V81/><F15/><W128/><G128/><T87/><D75/><U32/><E32/><V35/><F35/><W118/><G118/><T83/><D77/><U113/><E113/><V84/><F135/><W57/><G68/><T122/><D122/><U41/><E41/><V11/><F43/><W18/><G131/><T134/><D134/><U28/><E28/><V33/><F33/><W109/><G130/><T4/><D121/><U124/><E124/><V90/><F107/><W40/><G129/><T91/><D120/><U13/><E13/><V9/><REACH who="2" step="1"/><F90/><REACH who="2" ten="351,546,12,71" step="2"/><W71/><G40/><T78/><D91/><U114/><E114/><V74/><F74/><W100/><G71/><T3/><D3/><U108/><E108/><V82/><F82/><W7/><G110/><T17/><D83/><U119/><E119/><V112/><F112/><W52/><G109/><T0/><D80/><U22/><E22/><RYUUKYOKU ba="2,2" sc="351,-15,546,15,12,15,71,-15" hai1="5,6,29,30,31,55,62" hai2="9,11,48,49,51,54,58,79,81,84,99,103,106" /><INIT seed="5,3,2,1,1,42" ten="336,561,27,56" oya="1" hai0="70,46,101,64,71,84,93,76,16,37,58,102,111" hai1="132,48,2,35,120,134,24,90,33,39,110,129,72" hai2="121,0,21,66,63,40,67,123,19,6,28,25,10" hai3="4,124,87,122,89,62,128,94,15,31,23,69,27"/><U77/><E120/><V11/><F40/><W26/><G122/><T127/><D111/><U106/><E39/><V41/><F41/><W68/><G124/><T85/><D127/><U83/><E2/><V97/><F123/><W107/><G107/><T44/><D37/><U81/><E106/><V113/><F121/><W117/><G117/><T95/><D58/><U116/><E116/><V30/><F113/><W126/><G126/><T118/><D76/><U92/><E81/><V131/><F131/><W79/><G79/><T99/><D99/><N who="1" m="57751" /><E129/><V3/><F97/><W133/><G133/><N who="1" m="51306" /><E110/><V51/><F51/><W57/><G128/><T36/><D36/><U14/><E24/><V109/><F109/><W74/><G27/><T34/><D118/><U49/><E14/><V105/><F105/><W45/><G74/><T59/><D59/><U18/><E18/><V52/><F0/><W1/><G1/><T80/><D80/><U98/><E98/><V86/><F86/><W22/><G69/><T47/><D71/><U13/><E13/><N who="2" m="7615" /><F30/><W103/><G68/><T5/><D70/><U8/><E8/><V17/><F28/><W7/><G103/><T130/><D102/><U135/><E135/><V125/><F125/><W65/><G15/><T50/><D101/><U78/><E77/><V55/><F67/><W91/><G23/><T108/><D130/><U119/><E119/><V29/><F29/><W54/><G91/><T56/><D108/><U104/><E104/><V115/><F115/><W96/><G96/><T60/><D64/><U32/><AGARI ba="3,2" hai="32,33,35,48,49,72,78,83" m="51306,57751" machi="32" ten="40,2100,0" yaku="20,1" doraHai="42" who="1" fromWho="1" sc="336,-10,561,50,27,-10,56,-10" /><INIT seed="5,4,0,5,4,5" ten="326,611,17,46" oya="1" hai0="109,94,71,131,41,110,122,66,19,72,51,76,75" hai1="103,10,88,36,111,132,1,20,89,8,93,115,14" hai2="112,116,54,37,40,33,44,118,46,3,39,4,49" hai3="85,58,61,9,95,48,97,119,70,2,87,77,68"/><U130/><E115/><V82/><F112/><W120/><G120/><T38/><D51/><U52/><E36/><V117/><F33/><W31/><G31/><T124/><D94/><U101/><E1/><V108/><F82/><W129/><G70/><T18/><D18/><N who="1" m="10327" /><E130/><V62/><F108/><W28/><G9/><N who="1" m="3690" /><E111/><V11/><REACH who="2" step="1"/><F62/><REACH who="2" ten="326,611,7,46" step="2"/><W96/><G61/><T83/><D110/><U55/><E132/><V0/><F0/><W34/><G2/><T47/><D109/><U113/><E113/><V26/><F26/><W22/><G34/><T123/><D123/><U59/><E89/><V65/><F65/><W92/><G129/><T50/><D66/><U53/><E59/><V15/><F15/><W78/><G58/><T56/><D56/><U23/><E23/><V91/><F91/><W24/><G22/><T42/><D131/><U105/><E105/><V25/><F25/><W106/><G24/><T134/><D122/><U84/><AGARI ba="4,1" hai="52,53,55,84,88,93,101,103" m="3690,10327" machi="84" ten="30,18000,2" yaku="8,1,52,3,54,2" doraHai="5" who="1" fromWho="1" sc="326,-64,611,202,7,-64,46,-64" owari="262,6.0,813,92.0,-57,-56.0,-18,-42.0" /></mjloggm>