<mjloggm ver="2.3"><GO type="169" lobby="0"/><UN n0="%4D%46%E9%A6%99%E5%B7%9D%E7%9C%9F%E5%8F%B8" n1="%E3%82%A6%E3%83%AB%E3%83%88%E3%83%A9%E7%AB%8B%E7%9B%B4" n2="%E5%8C%97%E3%81%AE%E5%AF%BE%E5%AD%90%E8%90%BD%E3%81%A8%E3%81%97" n3="%67%6F%75%73%69" dan="16,17,16,17" rate="2117.97,2165.39,2103.69,2154.65" sx="M,M,M,M"/><TAIKYOKU oya="0"/><INIT seed="0,0,0,1,4,24" ten="250,250,250,250" oya="0" hai0="121,82,111,78,104,110,88,71,64,43,116,53,60" hai1="4,39,16,112,63,27,41,96,0,105,106,52,9" hai2="115,32,12,95,108,7,103,66,97,99,125,21,114" hai3="40,130,70,23,36,119,93,37,91,100,122,44,22"/><T135/><D116/><U49/><E112/><V15/><F32/><W68/><G119/><T74/><D121/><U113/><E113/><V109/><F125/><W76/><G130/><T10/><D104/><U33/><E63/><V81/><F66/><W107/><G76/><T11/><D135/><U61/><E61/><V50/><F81/><W118/><G118/><T3/><D43/><U65/><E65/><V89/><F15/><W92/><G107/><T8/><D3/><U72/><E72/><V42/><F7/><W67/><G122/><T128/><D128/><U85/><E85/><V46/><F12/><W80/><G80/><T127/><D127/><U26/><E96/><V17/><F17/><W38/><G100/><T5/><D5/><U86/><E86/><V19/><F19/><W58/><G58/><T98/><D53/><U2/><E2/><V20/><F115/><W56/><G56/><T83/><REACH who="0" step="1"/><D82/><REACH who="0" ten="240,250,250,250" step="2"/><U1/><E1/><V34/><F114/><W6/><G6/><T30/><D30/><U90/><E41/><V29/><F29/><W14/><G40/><T84/><D84/><U18/><E4/><V35/><F42/><W134/><G134/><T31/><D31/><U124/><E124/><V55/><F35/><W120/><G120/><T47/><D47/><U59/><E33/><V117/><F34/><W54/><G44/><T69/><D69/><U75/><E0/><V133/><F117/><W123/><G68/><T131/><D131/><U94/><E106/><N who="2" m="63855" /><F133/><W28/><G123/><T102/><D102/><U87/><E105/><V45/><F46/><RYUUKYOKU ba="0,1" sc="240,15,250,-15,250,15,250,-15" hai0="8,10,11,60,64,71,74,78,83,88,98,110,111" hai2="20,21,45,50,55,89,95,99,108,109" /><INIT seed="0,1,1,0,3,6" ten="255,235,265,235" oya="0" hai0="43,55,68,64,126,48,134,78,63,88,77,19,35" hai1="18,20,46,36,56,110,31,72,115,123,125,112,8" hai2="4,15,132,12,98,96,24,127,129,79,95,114,113" hai3="122,87,94,89,81,121,105,0,10,29,82,70,32"/><T38/><D35/><U34/><E72/><V59/><F79/><W116/><G70/><T83/><D126/><U66/><E123/><N who="3" m="47114" /><G105/><T7/><D134/><U103/><E103/><V111/><F127/><W58/><G116/><T13/><D7/><U16/><E125/><V22/><F132/><W102/><G102/><T47/><D83/><U104/><E104/><V128/><F111/><W61/><G0/><T57/><REACH who="0" step="1"/><D88/><REACH who="0" ten="245,235,265,235" step="2"/><U106/><E34/><V97/><F95/><W92/><G92/><T1/><D1/><U52/><E106/><V130/><F4/><W53/><G81/><T39/><D39/><U3/><E36/><V118/><F118/><W80/><G82/><T74/><D74/><U117/><E3/><V86/><F86/><W84/><G84/><T41/><D41/><U133/><E117/><V90/><F90/><W93/><G80/><T76/><D76/><U108/><E133/><V11/><F113/><W50/><G87/><T5/><D5/><U33/><E115/><V23/><F114/><W30/><G32/><T85/><D85/><U26/><E112/><V14/><F96/><W99/><G93/><T135/><D135/><U101/><E33/><V60/><F98/><W28/><G89/><T69/><D69/><U51/><E110/><V44/><F97/><W124/><G124/><T9/><AGARI ba="1,2" hai="9,13,19,38,43,47,48,55,57,63,64,68,77,78" machi="9" ten="20,18000,2" yaku="1,1,0,1,7,1,24,2,52,1,53,1" doraHai="6" doraHaiUra="49" who="0" fromWho="0" sc="245,203,235,-61,265,-61,235,-61" /><INIT seed="0,2,0,3,2,118" ten="448,174,204,174" oya="0" hai0="8,3,113,0,84,75,57,103,117,60,97,29,59" hai1="31,115,125,48,126,7,119,85,87,133,104,114,53" hai2="123,9,47,33,107,108,120,51,20,134,4,110,78" hai3="13,95,66,105,68,28,52,44,22,43,131,45,18"/><T55/><D75/><U37/><E37/><V63/><F33/><W121/><G105/><T10/><D113/><N who="1" m="43019" /><E119/><V32/><F32/><W128/><G28/><T46/><D46/><N who="1" m="27799" /><E104/><V21/><F107/><W71/><G121/><N who="2" m="46665" /><F78/><W94/><G52/><T77/><D97/><U39/><E39/><V76/><F76/><W130/><G45/><T127/><D103/><U42/><E42/><V129/><F63/><N who="3" m="40031" /><G71/><T15/><D117/><U132/><E31/><V58/><F58/><W89/><G89/><T49/><D29/><U122/><E122/><V112/><F112/><W135/><G135/><N who="1" m="51786" /><E7/><V62/><F62/><W64/><G64/><T35/><D60/><U12/><E12/><N who="2" m="5159" /><F134/><W93/><G44/><T67/><D67/><U88/><E87/><V74/><F74/><W14/><G43/><T54/><D84/><U65/><E65/><V50/><F50/><W41/><G41/><T73/><D49/><U91/><E91/><V81/><F81/><AGARI ba="2,0" hai="81,85,88,125,126" m="51786,27799,43019" machi="81" ten="30,3900,0" yaku="11,1,20,1,54,1" doraHai="118" who="1" fromWho="2" sc="448,0,174,45,204,-45,174,0" /><INIT seed="1,0,0,1,3,48" ten="448,219,159,174" oya="1" hai0="66,82,102,121,132,8,38,60,26,17,118,13,34" hai1="84,124,59,88,71,94,133,42,19,11,123,87,41" hai2="31,49,107,61,117,109,43,78,111,75,18,55,40" hai3="35,112,9,23,29,119,116,56,83,120,12,62,105"/><U6/><E71/><V22/><F107/><W69/><G105/><T128/><D38/><U1/><E123/><V131/><F31/><W100/><G100/><T108/><D118/><U96/><E124/><V81/><F117/><W91/><G120/><T99/><D82/><U114/><E114/><V93/><F61/><W2/><G112/><T135/><D128/><U57/><E133/><V30/><F30/><W103/><G103/><T76/><D76/><U115/><E115/><V126/><F131/><W134/><G134/><T113/><D121/><U33/><E33/><V89/><F126/><W130/><G130/><T95/><D113/><U7/><E19/><V125/><F125/><W129/><G129/><T64/><D64/><U3/><E96/><V4/><F4/><W51/><G69/><T79/><D79/><U47/><E87/><V98/><F43/><W80/><G35/><T21/><D34/><U46/><E7/><V0/><F40/><W65/><G2/><T58/><D108/><U90/><E90/><V110/><F0/><W10/><G91/><T24/><REACH who="0" step="1"/><D24/><REACH who="0" ten="438,219,159,174" step="2"/><U20/><E3/><V77/><F81/><W73/><G80/><T104/><D104/><U28/><E1/><V101/><F75/><W122/><G73/><T92/><D92/><U25/><E94/><V16/><F111/><W15/><G83/><T36/><D36/><U39/><E25/><V50/><F110/><W67/><G122/><T70/><D70/><U68/><E68/><V14/><F109/><W52/><G116/><T127/><D127/><U37/><E39/><V32/><F78/><RYUUKYOKU ba="0,1" sc="438,30,219,-10,159,-10,174,-10" hai0="8,13,17,21,26,58,60,66,95,99,102,132,135" /><INIT seed="2,1,1,2,0,56" ten="468,209,149,164" oya="2" hai0="111,46,79,73,126,127,117,37,82,89,10,60,128" hai1="0,43,71,72,90,35,99,70,48,77,39,108,7" hai2="124,17,61,53,19,96,2,123,105,69,29,8,122" hai3="44,83,14,49,54,98,106,74,114,92,97,57,51"/><V22/><F124/><W135/><G135/><T66/><D111/><U67/><E48/><V68/><F29/><W32/><G32/><T102/><D128/><U113/><E113/><V42/><F42/><W104/><G114/><T26/><D89/><U134/><E134/><V110/><F110/><W24/><G24/><T76/><D117/><U86/><E99/><V93/><F105/><W1/><G1/><T94/><D79/><U80/><E35/><V5/><F68/><W45/><G14/><T36/><D26/><U120/><E108/><V16/><F22/><W18/><G18/><T115/><D115/><U6/><E6/><V132/><F132/><W88/><G98/><N who="0" m="59735" /><D10/><N who="1" m="2407" /><E67/><V100/><F53/><W25/><G25/><T63/><D46/><N who="1" m="23935" /><E120/><V75/><REACH who="2" step="1"/><F75/><REACH who="2" ten="468,209,139,164" step="2"/><W52/><G57/><T125/><D66/><AGARI ba="1,2" hai="2,5,8,16,17,19,61,66,69,93,96,100,122,123" machi="66" ten="40,18000,2" yaku="1,1,2,1,52,1,54,1,53,3" doraHai="56" doraHaiUra="12" who="2" fromWho="0" sc="468,-183,209,0,139,203,164,0" /><INIT seed="2,2,0,5,4,123" ten="285,209,342,164" oya="2" hai0="47,133,30,75,100,83,128,96,82,45,25,15,52" hai1="87,115,91,93,7,114,11,12,5,1,117,68,118" hai2="65,53,88,8,132,24,69,16,74,34,48,70,99" hai3="63,27,58,20,103,134,94,62,90,109,51,14,39"/><V80/><F74/><W61/><G39/><T43/><D128/><U125/><E68/><V102/><F132/><W0/><G0/><T86/><D133/><U23/><E125/><V57/><F65/><W73/><G73/><T42/><D75/><U131/><E131/><V130/><F130/><W129/><G134/><T111/><D111/><U112/><E7/><V36/><F36/><W119/><G119/><T60/><D83/><U78/><E78/><V31/><F8/><W10/><G109/><T46/><D15/><U40/><E40/><V106/><REACH who="2" step="1"/><F16/><REACH who="2" ten="285,209,332,164" step="2"/><N who="3" m="12679" /><G129/><T32/><D60/><U107/><E118/><V21/><F21/><W127/><G127/><T116/><D116/><U110/><E117/><V124/><F124/><W49/><G49/><T98/><D52/><U26/><E114/><V120/><F120/><W56/><G51/><T33/><D33/><U126/><E115/><V67/><F67/><W135/><G135/><T76/><REACH who="0" step="1"/><D98/><REACH who="0" ten="275,209,332,164" step="2"/><U17/><E112/><V77/><F77/><W59/><G61/><T113/><D113/><U64/><E126/><V9/><F9/><W66/><G62/><T18/><D18/><U85/><E64/><V50/><F50/><W72/><G72/><T108/><D108/><U104/><E110/><V79/><F79/><W35/><G35/><T29/><D29/><U2/><E2/><V38/><F38/><W13/><G10/><T54/><D54/><U95/><E1/><V71/><F71/><W44/><G63/><T122/><D122/><U81/><E87/><AGARI ba="2,2" hai="24,31,34,48,53,57,69,70,80,87,88,99,102,106" machi="87" ten="40,3900,0" yaku="1,1,54,1,53,0" doraHai="123" doraHaiUra="3" who="2" fromWho="1" sc="275,0,209,-45,332,65,164,0" /><INIT seed="2,3,0,3,1,59" ten="275,164,397,164" oya="2" hai0="103,86,42,93,41,47,102,22,36,57,87,123,71" hai1="126,74,18,44,52,84,111,15,79,62,19,104,131" hai2="46,43,101,88,120,106,115,127,5,133,54,108,118" hai3="21,61,34,78,82,32,130,67,65,124,90,129,69"/><V37/><F88/><W75/><G124/><T30/><D71/><U6/><E104/><V72/><F5/><W80/><G21/><T38/><D123/><U35/><E35/><V73/><F101/><W1/><G1/><T10/><D10/><N who="1" m="4567" /><E74/><V2/><F72/><N who="3" m="43079" /><G67/><T20/><D57/><N who="1" m="35111" /><E126/><V81/><F54/><W26/><G90/><T117/><D47/><U55/><E111/><V50/><F81/><W83/><G83/><T23/><D23/><U24/><E131/><N who="3" m="50186" /><G26/><T13/><D13/><U68/><E68/><V49/><F127/><W121/><G121/><T4/><D4/><U9/><E24/><V109/><F2/><W113/><G113/><T105/><D20/><U94/><E9/><V96/><F115/><W70/><G70/><T125/><D22/><U14/><E14/><V58/><F120/><W128/><N who="3" m="50194" /><W112/><DORA hai="91" /><G112/><T77/><D77/><AGARI ba="3,0" hai="32,34,61,65,69,75,77,82" m="50194,43079" machi="77" ten="40,5200,0" yaku="19,1,23,1,52,1" doraHai="59,91" who="3" fromWho="0" sc="275,-61,164,0,397,0,164,61" /><INIT seed="3,0,0,1,0,22" ten="214,164,397,225" oya="3" hai0="82,101,103,87,106,118,39,113,48,8,86,91,128" hai1="42,84,0,68,133,30,4,125,66,65,24,77,73" hai2="9,14,75,45,27,109,132,29,26,18,1,2,81" hai3="97,72,107,96,102,13,119,114,123,36,47,37,23"/><W15/><G72/><T99/><D39/><U130/><E84/><V38/><F109/><W58/><G119/><T7/><D118/><U17/><E66/><V44/><F132/><W98/><G123/><T64/><D64/><U129/><E17/><V134/><F134/><W16/><G114/><T112/><D128/><N who="1" m="49259" /><E133/><V126/><F126/><W121/><G121/><T120/><D120/><U74/><E42/><V76/><F38/><W5/><G58/><T88/><D48/><U63/><E77/><V110/><F110/><W108/><G108/><T10/><D7/><U53/><E53/><V85/><F75/><W92/><G47/><T94/><D10/><N who="1" m="2311" /><E125/><V67/><F67/><W57/><G97/><N who="0" m="61807" /><D8/><U20/><AGARI ba="0,0" hai="20,24,30,63,65,68,73,74" m="2311,49259" machi="20" ten="30,2000,0" yaku="19,1,52,1" doraHai="22" who="1" fromWho="1" sc="214,-5,164,20,397,-5,225,-10" /><INIT seed="4,0,0,2,5,125" ten="209,184,392,215" oya="0" hai0="76,120,46,69,127,101,41,48,126,0,33,56,63" hai1="40,18,116,73,25,104,91,60,123,36,75,92,99" hai2="54,57,68,107,31,128,2,53,16,106,112,13,61" hai3="5,94,135,108,7,118,29,43,80,32,102,93,28"/><T79/><D120/><U24/><E123/><V81/><F2/><W114/><G43/><T119/><D119/><U14/><E116/><V78/><F68/><W90/><G108/><T44/><D69/><U133/><E133/><V71/><F71/><W110/><G110/><T12/><D0/><U132/><E132/><V84/><F112/><W42/><G42/><T23/><D33/><U62/><E104/><V70/><F70/><W1/><G1/><T59/><D101/><U52/><E75/><V21/><F128/><W122/><G114/><T85/><D85/><U100/><E73/><V11/><F31/><W67/><G67/><T45/><D48/><U98/><E40/><V134/><F134/><W34/><G135/><T50/><D50/><U82/><E36/><V77/><F77/><N who="0" m="29770" /><D41/><U113/><E113/><V10/><F107/><W37/><G102/><T3/><D3/><U103/><E103/><V72/><F106/><W129/><G118/><T55/><D59/><N who="1" m="34919" /><E62/><N who="2" m="36143" /><F72/><W130/><G90/><T111/><D111/><U109/><E109/><V97/><F97/><W117/><G117/><T38/><D38/><U58/><E58/><AGARI ba="0,0" hai="10,11,13,16,21,54,58,61,78,81,84" m="36143" machi="58" ten="30,2000,0" yaku="8,1,54,1" doraHai="125" who="2" fromWho="1" sc="209,0,184,-20,392,20,215,0" /><INIT seed="5,0,0,4,3,76" ten="209,164,412,215" oya="1" hai0="79,65,71,77,12,9,92,87,55,33,125,13,89" hai1="103,17,62,31,95,18,22,35,83,3,63,99,52" hai2="38,41,28,54,128,45,80,133,23,53,47,24,5" hai3="70,10,4,42,27,82,15,114,107,132,69,67,91"/><U44/><E3/><V8/><F128/><W74/><G107/><T49/><D33/><U68/><E35/><V121/><F121/><W134/><G114/><T97/><D125/><U48/><E68/><V124/><F124/><W106/><G106/><T110/><D110/><U40/><E31/><V7/><F133/><N who="3" m="51307" /><G67/><T51/><D65/><U60/><E83/><V30/><F30/><W101/><G101/><N who="0" m="60583" /><D13/><U50/><REACH who="1" step="1"/><E22/><REACH who="1" ten="209,154,412,215" step="2"/><V119/><F80/><W112/><G70/><T43/><D71/><U105/><E105/><V25/><F119/><W120/><G69/><T108/><D108/><U118/><E118/><V14/><F24/><W0/><G27/><T115/><D115/><U129/><E129/><V126/><F126/><W72/><G112/><T81/><D43/><U29/><E29/><V66/><F23/><W109/><G109/><T37/><D37/><U90/><E90/><V56/><F25/><W11/><G42/><T116/><D116/><U19/><E19/><V135/><F28/><W102/><G102/><T59/><D79/><U64/><E64/><V32/><F32/><W36/><G36/><T73/><D77/><U16/><E16/><N who="2" m="8263" /><F66/><W113/><G113/><T96/><D73/><U6/><E6/><V58/><F135/><W84/><G120/><T26/><D26/><U39/><E39/><V98/><F41/><W86/><G72/><T123/><D123/><U93/><E93/><V122/><F38/><W46/><G74/><T88/><D89/><U61/><N who="1" m="15360" /><DORA hai="104" /><U127/><E127/><V20/><F7/><W130/><G130/><T85/><D88/><RYUUKYOKU ba="0,1" sc="209,-10,154,30,412,-10,215,-10" hai1="17,18,40,44,48,50,52,95,99,103" /><INIT seed="5,1,1,4,3,26" ten="199,184,402,205" oya="1" hai0="24,43,77,37,99,132,113,118,109,134,38,119,126" hai1="97,13,11,82,67,9,19,83,15,102,10,120,49" hai2="53,128,50,25,57,55,2,121,20,108,73,28,90" hai3="8,104,14,127,122,7,88,32,39,94,45,81,86"/><U115/><E115/><V79/><F108/><W111/><G122/><T35/><D109/><U70/><E120/><V54/><F2/><W40/><G111/><T60/><D113/><U71/><E49/><V75/><F121/><W106/><G127/><T4/><D4/><U56/><E71/><V41/><F128/><W101/><G32/><T0/><D0/><U93/><E70/><V124/><F124/><W95/><REACH who="3" step="1"/><G101/><REACH who="3" ten="199,184,402,195" step="2"/><T23/><D35/><U114/><E114/><V125/><F125/><W89/><G89/><T107/><D126/><U34/><E34/><V5/><F90/><W52/><G52/><T36/><D43/><U61/><REACH who="1" step="1"/><E10/><REACH who="1" ten="199,174,402,195" step="2"/><V105/><F41/><W59/><G59/><T112/><D112/><U110/><E110/><V92/><F57/><W76/><G76/><T33/><D77/><U22/><E22/><V131/><F79/><W17/><G17/><AGARI ba="1,3" hai="9,11,13,15,17,19,56,61,67,82,83,93,97,102" machi="17" ten="30,11600,0" yaku="1,1,7,1,9,1,8,1,53,0" doraHai="26" doraHaiUra="64" who="1" fromWho="3" sc="199,0,174,149,402,0,195,-119" /><INIT seed="5,2,0,2,1,112" ten="199,323,402,76" oya="1" hai0="23,134,131,116,12,48,19,110,59,46,109,125,61" hai1="89,101,104,73,103,10,63,129,93,27,24,113,34" hai2="7,94,105,95,57,122,90,98,106,107,38,35,8" hai3="39,132,37,133,82,114,22,5,6,1,87,54,18"/><U80/><E113/><V81/><F38/><W78/><G114/><T4/><D116/><U79/><E129/><V21/><F35/><W53/><G37/><T115/><D115/><U28/><E104/><V15/><F122/><W130/><G39/><T0/><D125/><U77/><E77/><V40/><F40/><W47/><G130/><T70/><D70/><U111/><E111/><V74/><F57/><W50/><G54/><T3/><D131/><U86/><E27/><V71/><F71/><W29/><G29/><T72/><D72/><U84/><E73/><V20/><F95/><W56/><G47/><T62/><D61/><U118/><E118/><V66/><F66/><W9/><REACH who="3" step="1"/><G5/><REACH who="3" ten="199,323,402,66" step="2"/><T31/><D31/><U100/><E63/><V45/><F45/><W127/><G127/><T32/><D32/><U67/><E67/><V14/><F7/><W117/><G117/><T123/><D123/><U2/><REACH who="1" step="1"/><E10/><REACH who="1" ten="199,313,402,66" step="2"/><V92/><F8/><W30/><G30/><T64/><D64/><U88/><E88/><V58/><F90/><W41/><G41/><T16/><D110/><U85/><E85/><V36/><F74/><W55/><G55/><T135/><D109/><U83/><E83/><V96/><F81/><W126/><G126/><T69/><D62/><U128/><E128/><V13/><F106/><W11/><G11/><T26/><D69/><U60/><E60/><V42/><F107/><W65/><G65/><T119/><D119/><U51/><E51/><V75/><F105/><W17/><G17/><T43/><D48/><U124/><E124/><V121/><F36/><RYUUKYOKU ba="2,2" sc="199,-15,313,15,402,-15,66,15" hai1="2,24,28,34,79,80,84,86,89,93,100,101,103" hai3="1,6,9,18,22,50,53,56,78,82,87,132,133" /><INIT seed="5,3,2,1,5,70" ten="184,328,387,81" oya="1" hai0="57,50,107,49,60,86,19,28,115,66,36,80,77" hai1="89,47,26,114,62,38,111,128,5,0,14,18,48" hai2="39,9,121,117,44,4,45,124,52,75,7,73,116" hai3="69,34,132,31,95,130,100,93,32,120,35,16,108"/><U72/><E72/><V112/><F121/><W64/><G120/><T22/><D107/><U82/><E114/><V105/><F105/><W94/><G108/><T88/><D36/><U2/><E111/><V85/><F112/><W118/><G100/><T40/><D115/><U103/><E38/><V13/><F124/><W78/><G31/><T46/><D28/><U110/><E110/><V99/><F4/><W126/><G126/><T53/><D77/><U92/><E128/><V1/><F85/><W17/><G130/><T71/><D71/><U65/><E26/><V113/><F113/><W55/><G132/><T27/><REACH who="0" step="1"/><D50/><REACH who="0" ten="174,328,387,81" step="2"/><U127/><E48/><V37/><F37/><W74/><G118/><T21/><D21/><U43/><E127/><V96/><F39/><W42/><G78/><T67/><AGARI ba="3,3" hai="19,22,27,40,46,49,53,57,60,66,67,80,86,88" machi="67" ten="30,7900,0" yaku="1,1,0,1,8,1,54,1,53,0" doraHai="70" doraHaiUra="135" who="0" fromWho="0" sc="174,118,328,-42,387,-23,81,-23" /><INIT seed="6,0,0,4,4,75" ten="292,286,364,58" oya="2" hai0="10,5,102,129,114,11,122,67,22,83,73,125,81" hai1="15,109,132,84,127,119,19,9,120,113,20,7,103" hai2="77,33,17,112,58,71,62,18,35,97,3,111,4" hai3="27,46,80,76,29,131,32,74,133,98,42,128,59"/><V26/><F71/><W68/><G68/><T100/><D122/><U41/><E120/><V91/><F111/><W60/><G98/><T104/><D67/><U51/><E119/><V53/><F3/><W66/><REACH who="3" step="1"/><G133/><REACH who="3" ten="292,286,364,48" step="2"/><T79/><D104/><U115/><E132/><V48/><F97/><W13/><G13/><T64/><D102/><U38/><E109/><V54/><F112/><W87/><G87/><T50/><D114/><U55/><E103/><V124/><F124/><W52/><G52/><T23/><D100/><U89/><E127/><V24/><F53/><W65/><G65/><T78/><D125/><U36/><E115/><V30/><F54/><W25/><G25/><T12/><D64/><U118/><E113/><V40/><F26/><W108/><G108/><T105/><D105/><U34/><E55/><V49/><F24/><W1/><G1/><T2/><D50/><AGARI ba="0,1" hai="27,29,32,42,46,50,59,60,66,74,76,80,128,131" machi="50" ten="40,2600,0" yaku="1,1,52,1,53,0" doraHai="75" doraHaiUra="101" who="3" fromWho="0" sc="292,-26,286,0,364,0,48,36" /><INIT seed="7,0,0,0,4,107" ten="266,286,364,84" oya="3" hai0="31,75,4,92,67,30,24,108,62,59,120,73,8" hai1="44,9,57,95,35,88,83,68,11,26,72,27,77" hai2="18,131,14,125,63,71,12,33,97,58,130,101,103" hai3="87,50,55,82,25,119,19,129,133,105,128,38,36"/><W76/><G105/><T53/><D108/><U90/><E68/><V109/><F71/><W113/><G119/><T34/><D120/><U29/><E27/><V74/><F33/><W94/><G113/><T7/><D31/><U61/><E44/><V21/><F74/><W64/><G64/><T121/><D121/><U1/><E1/><V112/><F109/><W93/><G133/><T32/><D32/><U84/><E90/><V0/><F0/><W28/><G19/><T49/><D92/><U41/><E41/><V123/><F112/><W132/><G132/><T60/><D60/><U66/><AGARI ba="0,0" hai="9,11,26,29,35,57,61,66,72,77,83,84,88,95" machi="66" ten="20,5200,0" yaku="0,1,7,1,52,1,54,1" doraHai="107" who="1" fromWho="1" sc="266,-13,286,52,364,-13,84,-26" owari="253,-15.0,338,14.0,351,45.0,58,-44.0" /></mjloggm>