<mjloggm ver="2.3"><GO type="41" lobby="0"/><UN n0="%73%65%6E%6E%6E%61%72%69" n1="%E5%B0%B1%E6%B4%BB%E7%94%9F%40%E5%B7%9D%E6%9D%91%E8%BB%8D%E5%9B%A3" n2="%E3%82%B6%E3%83%B3%E3%82%B0%E3%83%BC%E3%82%B9" n3="%6D%61%72%69%79%61%61%61" dan="16,17,14,13" rate="1977.69,2198.21,1945.60,1833.73" sx="M,M,M,M"/><TAIKYOKU oya="0"/><INIT seed="0,0,0,5,4,23" ten="250,250,250,250" oya="0" hai0="26,19,134,73,75,21,94,43,108,110,76,6,42" hai1="131,61,8,102,80,90,40,31,2,128,79,129,99" hai2="68,24,86,60,7,22,116,127,98,100,120,117,11" hai3="121,30,112,113,0,107,92,82,35,101,64,5,12"/><T49/><D134/><U104/><E40/><N who="0" m="15401" /><D6/><N who="1" m="1111" /><E31/><V44/><F120/><W37/><G121/><T41/><D94/><U53/><E90/><V118/><F44/><W9/><G37/><T84/><D84/><N who="1" m="48159" /><E61/><V133/><F86/><W48/><G107/><T87/><D87/><U111/><E53/><V45/><F45/><W88/><G64/><T25/><D76/><U123/><E123/><V15/><F133/><W47/><G101/><T67/><D67/><U119/><E111/><N who="0" m="42537" /><D26/><U81/><E81/><V83/><F83/><W96/><G82/><T56/><D56/><U16/><E16/><N who="2" m="12359" /><F60/><W51/><G0/><T13/><D13/><U70/><E70/><V4/><F68/><W62/><G62/><T97/><D97/><U59/><E59/><V32/><F4/><W58/><G58/><T46/><AGARI ba="0,0" hai="19,21,25,41,46,49,73,75" m="42537,15401" machi="46" ten="30,6000,0" yaku="14,1,10,1,52,1" doraHai="23" who="0" fromWho="0" sc="250,60,250,-20,250,-20,250,-20" /><INIT seed="0,1,0,2,5,114" ten="310,230,230,230" oya="0" hai0="23,100,112,109,75,28,120,46,118,70,3,110,86" hai1="102,18,80,95,16,84,12,81,133,62,92,105,56" hai2="68,58,87,71,30,88,39,99,26,44,106,20,55" hai3="93,69,134,43,94,132,89,122,101,59,103,15,82"/><T48/><D112/><U124/><E133/><N who="3" m="51306" /><G69/><T40/><D120/><U97/><E124/><V41/><F106/><W72/><G43/><T119/><D75/><U45/><E45/><V117/><F99/><W42/><G42/><T66/><D3/><U13/><E81/><V36/><F36/><W67/><G15/><T52/><D100/><U131/><E131/><V2/><F2/><W126/><G59/><N who="0" m="33159" /><D86/><U9/><E56/><V38/><F38/><W76/><G67/><T96/><D96/><U116/><E62/><V83/><REACH who="2" step="1"/><F117/><REACH who="2" ten="310,230,220,230" step="2"/><N who="0" m="44554" /><D28/><U63/><E116/><V21/><F21/><W113/><G113/><T130/><D23/><U10/><REACH who="1" step="1"/><E63/><AGARI ba="1,1" hai="20,26,30,39,41,44,55,58,63,68,71,83,87,88" machi="63" ten="30,7700,0" yaku="1,1,7,1,54,1,53,1" doraHai="114" doraHaiUra="19" who="2" fromWho="1" sc="310,0,230,-80,220,90,230,0" /><INIT seed="1,0,0,1,1,45" ten="310,150,310,230" oya="1" hai0="60,10,92,126,59,35,97,113,64,95,127,128,73" hai1="75,22,133,105,76,16,131,111,74,134,78,94,86" hai2="11,48,132,72,24,91,135,15,100,49,102,38,62" hai3="65,50,125,8,29,69,26,7,108,85,77,39,109"/><U122/><E105/><V90/><F72/><N who="1" m="27689" /><E122/><V42/><F62/><W43/><G39/><T84/><D113/><U44/><E44/><V116/><F116/><W54/><G43/><T68/><D73/><U117/><E117/><V18/><F42/><W27/><G27/><T96/><D35/><U34/><E34/><V46/><F46/><W53/><G53/><T63/><D84/><U130/><E22/><V12/><F12/><W118/><G118/><T120/><D120/><U124/><E16/><V31/><F38/><W83/><G125/><T17/><D17/><U6/><E6/><V40/><F40/><W87/><G87/><T33/><D10/><U88/><E124/><V25/><F102/><W2/><G65/><T14/><D14/><U119/><E111/><V3/><F3/><W13/><G2/><T58/><D33/><U19/><E19/><V67/><F67/><W28/><G69/><T41/><D41/><U5/><E5/><V20/><F25/><W1/><G1/><T112/><D112/><U56/><E56/><V93/><F100/><W114/><G114/><T99/><D68/><U32/><E32/><V57/><F57/><W115/><G115/><T103/><D103/><U30/><E30/><V37/><F37/><W101/><G101/><T61/><D64/><U23/><E23/><V47/><F47/><N who="3" m="27999" /><G26/><T81/><D126/><U89/><E89/><N who="2" m="33803" /><F93/><W80/><G80/><T66/><D127/><U21/><E21/><V36/><F36/><W70/><G70/><T9/><D81/><U123/><E123/><V52/><F52/><W106/><G106/><RYUUKYOKU ba="0,0" sc="310,-15,150,-15,310,15,230,15" hai2="11,15,18,20,24,31,48,49,132,135" hai3="7,8,13,28,29,77,83,85,108,109" /><INIT seed="2,1,0,2,1,132" ten="295,135,325,245" oya="2" hai0="46,25,33,107,35,36,3,59,110,79,96,45,93" hai1="52,82,114,135,119,32,8,112,17,92,125,28,116" hai2="100,99,101,48,98,4,23,131,104,18,115,22,103" hai3="53,39,42,90,38,85,21,133,54,2,88,65,58"/><V44/><F115/><N who="1" m="44073" /><E92/><V37/><F37/><W130/><G133/><T121/><D3/><U78/><E78/><V123/><F123/><W81/><G2/><T20/><D107/><U14/><E82/><V80/><F131/><W97/><G130/><T126/><D79/><U15/><E52/><V5/><F80/><W86/><G97/><T13/><D110/><U102/><E102/><V69/><F69/><W89/><G89/><T61/><D121/><U60/><E60/><V50/><F104/><W75/><G75/><T127/><D13/><U109/><E135/><V56/><F56/><W11/><G11/><T26/><D36/><U108/><E125/><N who="0" m="47625" /><D46/><U10/><E28/><V1/><F1/><W43/><G58/><T83/><D45/><U118/><E32/><N who="0" m="12361" /><D20/><N who="2" m="7722" /><F18/><AGARI ba="1,0" hai="8,10,14,15,17,18,108,109,116,118,119" m="44073" machi="18" ten="40,2600,0" yaku="34,2" doraHai="132" who="1" fromWho="2" sc="295,0,135,29,325,-29,245,0" /><INIT seed="3,0,0,5,2,3" ten="295,164,296,245" oya="3" hai0="81,2,15,40,43,7,22,120,44,19,74,105,30" hai1="101,56,33,100,88,13,98,111,104,55,54,31,76" hai2="47,46,57,71,86,68,107,4,23,35,99,21,20" hai3="63,79,112,135,25,10,42,103,133,6,127,75,37"/><W45/><G112/><T26/><D105/><U94/><E111/><V66/><F35/><W1/><G127/><T16/><D120/><U9/><E76/><V78/><F78/><W82/><G103/><T41/><D74/><U34/><E31/><V29/><F86/><W80/><G80/><T53/><D81/><U87/><E100/><V52/><F107/><W60/><G25/><T27/><D2/><U17/><REACH who="1" step="1"/><E55/><REACH who="1" ten="295,154,296,245" step="2"/><V48/><F29/><W28/><REACH who="3" step="1"/><G28/><REACH who="3" ten="295,154,296,235" step="2"/><T117/><D30/><U131/><E131/><V70/><F66/><W118/><G118/><T130/><D130/><U32/><E32/><V109/><F109/><W132/><AGARI ba="0,2" hai="1,6,10,37,42,45,60,63,75,79,82,132,133,135" machi="132" ten="30,18000,2" yaku="1,1,0,1,25,2,20,1,52,1,53,0" doraHai="3" doraHaiUra="18" who="3" fromWho="3" sc="295,-60,154,-60,296,-60,235,200" /><INIT seed="3,1,0,1,0,116" ten="235,94,236,435" oya="3" hai0="1,10,16,87,93,0,46,2,59,130,96,19,24" hai1="97,108,134,85,69,43,115,111,53,125,120,31,29" hai2="9,75,67,110,52,65,25,121,78,84,112,28,81" hai3="20,70,34,95,129,76,88,122,56,102,90,36,79"/><W101/><G34/><T73/><D73/><U117/><E69/><V128/><F112/><W104/><G70/><T113/><D113/><U18/><E115/><V23/><F121/><W42/><G122/><T91/><D130/><U89/><E120/><V98/><F110/><W26/><G129/><T103/><D46/><U127/><E43/><V11/><F128/><W124/><G104/><T47/><D47/><U80/><E117/><V126/><F126/><N who="1" m="48137" /><E134/><V44/><F75/><W114/><G114/><T100/><D100/><U55/><E18/><V14/><F98/><W7/><G7/><T72/><D72/><U118/><E118/><V35/><F35/><W48/><G36/><T106/><D10/><U21/><E97/><V3/><F3/><W57/><G90/><T74/><D74/><U33/><E33/><V41/><F41/><W13/><G13/><T12/><D12/><U123/><E123/><V39/><F39/><W62/><G124/><T105/><D105/><U68/><E68/><V6/><F11/><W119/><G119/><T61/><REACH who="0" step="1"/><D24/><REACH who="0" ten="225,94,236,435" step="2"/><N who="1" m="16527" /><E31/><V63/><F44/><N who="3" m="25623" /><G102/><T40/><D40/><U77/><E111/><V45/><F45/><W109/><G101/><T66/><AGARI ba="1,1" hai="0,1,2,16,19,59,61,66,87,91,93,96,103,106" machi="66" ten="30,12000,2" yaku="1,1,0,1,54,1,53,3" doraHai="116" doraHaiUra="32" who="0" fromWho="0" sc="225,133,94,-31,236,-31,435,-61" /><INIT seed="4,0,0,2,4,127" ten="358,63,205,374" oya="0" hai0="37,86,119,110,91,96,26,74,76,111,92,42,47" hai1="88,90,30,134,113,10,62,58,55,65,22,17,24" hai2="85,6,118,50,57,109,35,45,3,12,44,48,77" hai3="132,19,105,95,103,102,4,93,1,39,64,38,9"/><T99/><D119/><U27/><E134/><V117/><F109/><N who="0" m="41482" /><D26/><U108/><E108/><V112/><F35/><W67/><G132/><T43/><D43/><U20/><E113/><V116/><F3/><W60/><G105/><T0/><D0/><U125/><E125/><V40/><F112/><W18/><G1/><T84/><D74/><U89/><REACH who="1" step="1"/><E10/><REACH who="1" ten="358,53,205,374" step="2"/><V69/><F118/><W32/><G9/><T29/><D29/><U124/><E124/><V34/><F117/><W61/><G32/><T106/><D106/><U80/><E80/><AGARI ba="0,1" hai="37,42,47,76,80,84,86,91,92,96,99" m="41482" machi="80" ten="30,1500,0" yaku="10,1" doraHai="127" who="0" fromWho="1" sc="358,25,53,-15,205,0,374,0" /><INIT seed="4,1,0,5,5,18" ten="383,38,205,374" oya="0" hai0="91,71,44,130,13,45,72,3,67,135,106,84,127" hai1="48,134,101,32,73,77,12,20,36,133,68,54,5" hai2="116,39,9,57,93,4,88,92,105,120,95,16,83" hai3="97,78,98,52,2,117,60,41,118,70,55,132,42"/><T29/><D3/><U113/><E36/><V125/><F120/><W0/><G78/><T21/><D72/><U122/><E122/><V65/><F39/><W109/><G109/><T114/><D106/><U37/><E37/><V129/><F105/><W90/><G90/><T8/><D114/><U43/><E32/><V33/><F33/><W34/><G34/><T38/><D130/><U69/><E43/><V19/><F129/><W47/><G47/><T25/><D135/><N who="1" m="51723" /><E101/><V115/><F125/><W100/><G132/><T103/><D127/><U22/><E113/><V99/><F115/><W63/><G100/><T104/><D38/><U89/><E89/><V79/><F116/><W131/><G131/><T74/><D74/><U28/><E77/><V58/><F65/><W96/><G96/><T6/><D67/><U108/><E73/><V75/><F93/><W11/><G11/><T30/><D71/><AGARI ba="1,0" hai="0,2,41,42,52,55,60,63,70,71,97,98,117,118" machi="71" ten="25,3200,0" yaku="22,2,54,1" doraHai="18" who="3" fromWho="0" sc="383,-35,38,0,205,0,374,35" /><INIT seed="5,0,0,3,0,27" ten="348,38,205,409" oya="1" hai0="68,37,85,1,58,107,48,59,39,53,56,95,24" hai1="18,4,103,57,130,40,69,3,109,135,30,100,8" hai2="20,127,123,25,23,32,60,11,65,88,55,125,64" hai3="22,131,83,86,9,19,112,122,102,126,89,121,81"/><U54/><E69/><V92/><F123/><W129/><G9/><T77/><D107/><U128/><E109/><V38/><F38/><W10/><G10/><T117/><D1/><U118/><E118/><V49/><F11/><W6/><G6/><T115/><D77/><U5/><E5/><V96/><F32/><W91/><G102/><T124/><D95/><U28/><E135/><V36/><F36/><N who="0" m="13898" /><D24/><U75/><E75/><V94/><F94/><W78/><G112/><T106/><D85/><U14/><E40/><V61/><F20/><W50/><G50/><T99/><D99/><U46/><E46/><V120/><F120/><W2/><G2/><T74/><D106/><U12/><E100/><V0/><F0/><W26/><G126/><N who="2" m="48137" /><F61/><W104/><G104/><T31/><D74/><U66/><E66/><V29/><F60/><W62/><G62/><T114/><D117/><U16/><E103/><V93/><F93/><W35/><G35/><T133/><D68/><U97/><E97/><V43/><F43/><W63/><G63/><T79/><D133/><U41/><E41/><V73/><F73/><W134/><G134/><T70/><D70/><U7/><E57/><N who="0" m="22121" /><D124/><U51/><E51/><V76/><F76/><W90/><G83/><T132/><D79/><U108/><E54/><V34/><F34/><W15/><G15/><T101/><D132/><U33/><E108/><V45/><AGARI ba="0,0" hai="23,25,29,45,49,55,64,65,88,92,96" m="48137" machi="45" ten="30,4000,0" yaku="18,1,52,1,54,1" doraHai="27" who="2" fromWho="2" sc="348,-10,38,-20,205,40,409,-10" /><INIT seed="6,0,0,2,0,11" ten="338,18,245,399" oya="2" hai0="95,63,41,87,51,130,6,77,93,42,125,76,86" hai1="7,117,0,133,46,67,20,102,107,16,110,69,48" hai2="31,120,34,40,111,47,38,101,61,3,53,71,52" hai3="55,54,89,122,36,114,58,17,90,32,22,112,2"/><V108/><F120/><W65/><G36/><T97/><D130/><U50/><E117/><V27/><F3/><W25/><G2/><T73/><D73/><U103/><E133/><V68/><F101/><W121/><G32/><T129/><D129/><U128/><E128/><V4/><F4/><W57/><G65/><T21/><D125/><U24/><E110/><V19/><F19/><W72/><G72/><T8/><D21/><U62/><E107/><V100/><F100/><W80/><G80/><T123/><D123/><U49/><E0/><V66/><REACH who="2" step="1"/><F71/><REACH who="2" ten="338,18,235,399" step="2"/><W94/><G122/><T43/><D6/><U113/><E113/><N who="3" m="43626" /><G121/><T70/><D70/><U29/><E7/><V28/><F28/><W118/><G118/><T5/><D5/><U131/><E131/><V39/><F39/><W85/><G90/><T84/><D76/><U83/><E46/><V30/><F30/><W135/><G135/><T124/><D77/><U45/><E45/><V15/><F15/><W23/><G17/><T81/><D124/><U37/><E37/><V96/><F96/><W44/><G25/><T56/><D97/><U13/><REACH who="1" step="1"/><E83/><REACH who="1" ten="338,8,235,399" step="2"/><V59/><F59/><W105/><G58/><T88/><D81/><U9/><AGARI ba="0,2" hai="9,13,16,20,24,29,48,49,50,62,67,69,102,103" machi="9" ten="30,8000,1" yaku="1,1,2,1,0,1,52,1,54,1,53,0" doraHai="11" doraHaiUra="75" who="1" fromWho="1" sc="338,-20,8,100,235,-40,399,-20" /><INIT seed="7,0,0,3,5,103" ten="318,108,195,379" oya="3" hai0="0,111,108,134,33,63,71,57,95,19,67,66,82" hai1="85,128,43,4,24,89,101,34,102,52,86,30,26" hai2="40,18,130,79,112,44,81,104,129,48,20,38,98" hai3="74,9,60,25,127,110,11,87,121,97,122,23,46"/><W51/><G74/><T58/><D33/><U21/><E128/><N who="2" m="49259" /><F112/><W65/><G110/><T120/><D0/><U59/><E43/><V49/><F98/><W75/><G75/><T35/><D35/><U6/><E85/><N who="2" m="48319" /><F104/><W56/><G127/><T50/><D95/><U94/><E101/><V14/><AGARI ba="0,0" hai="14,18,20,38,40,44,48,49" m="48319,49259" machi="14" ten="30,1100,0" yaku="19,1" doraHai="103" who="2" fromWho="2" sc="318,-3,108,-3,195,11,379,-5" owari="315,12.0,105,-39.0,206,-19.0,374,46.0" /></mjloggm>