<mjloggm ver="2.3"><GO type="225" lobby="0"/><UN n0="%E3%83%88%E3%83%88%E3%83%AA%E5%85%88%E7%94%9F%31%39%E6%AD%B3" n1="%55%4E%4B%4F%63%68%61%6E" n2="%E4%BA%8C%E4%BB%A3%E7%9B%AE%E3%82%A2%E3%83%A1%E3%83%96%E3%83%A9" n3="%64%61%72%74%65%72" dan="17,16,17,16" rate="2178.57,2081.71,2198.02,2115.19" sx="F,M,M,M"/><TAIKYOKU oya="0"/><INIT seed="0,0,0,3,4,124" ten="250,250,250,250" oya="0" hai0="38,130,16,57,133,63,120,106,52,132,2,113,74" hai1="83,117,6,91,109,100,31,73,78,48,68,86,96" hai2="82,40,80,28,56,54,127,72,49,20,44,14,1" hai3="119,112,114,33,24,88,27,102,8,5,10,11,32"/><T116/><RYUUKYOKU type="yao9" ba="0,0" sc="250,0,250,0,250,0,250,0" hai0="2,16,38,52,57,63,74,106,113,116,120,130,132,133" /><INIT seed="0,1,0,2,2,27" ten="250,250,250,250" oya="0" hai0="32,125,110,49,30,95,7,111,72,101,84,121,102" hai1="5,122,93,68,88,22,74,57,97,134,91,9,99" hai2="59,131,61,113,15,50,14,23,69,13,87,58,114" hai3="51,135,89,119,132,76,112,37,115,10,24,25,65"/><T63/><D121/><U124/><E68/><V8/><F131/><W17/><G37/><T20/><D72/><U73/><E122/><V60/><F69/><W78/><G65/><T75/><D75/><U130/><E130/><V21/><F8/><W98/><G51/><T116/><D116/><U28/><E124/><V31/><F50/><W66/><G66/><T47/><D32/><U39/><E39/><V1/><F1/><W18/><G98/><T43/><D125/><U96/><E134/><V100/><F100/><W67/><G67/><T129/><D129/><U36/><E36/><V33/><F33/><W123/><G123/><T127/><D63/><U16/><E28/><V92/><F31/><W90/><REACH who="3" step="1"/><G10/><REACH who="3" ten="250,250,250,240" step="2"/><T19/><D127/><U0/><E96/><V54/><F114/><W44/><G44/><T82/><D49/><U85/><E97/><V55/><F113/><W86/><G86/><T41/><D47/><U109/><E57/><V83/><REACH who="2" step="1"/><F92/><REACH who="2" ten="250,250,240,240" step="2"/><W42/><G42/><T12/><D95/><U133/><E93/><V108/><F108/><W80/><G80/><T81/><D81/><U11/><E109/><N who="0" m="41481" /><D41/><U52/><E99/><V106/><F106/><W71/><G71/><T26/><D43/><U48/><E48/><V70/><F70/><W120/><G120/><T64/><D101/><U128/><E128/><V62/><F62/><W104/><G104/><T77/><D102/><U35/><E11/><V38/><F38/><W40/><G40/><T34/><D64/><U126/><E9/><V107/><F107/><W117/><AGARI ba="1,2" hai="17,18,24,25,76,78,89,90,112,115,117,119,132,135" machi="117" ten="25,6400,0" yaku="1,1,0,1,22,2,53,0" doraHai="27" doraHaiUra="45" who="3" fromWho="3" sc="250,-33,250,-17,240,-17,240,87" /><INIT seed="1,0,0,0,3,34" ten="217,233,223,327" oya="1" hai0="116,69,113,22,56,7,58,125,24,18,31,64,72" hai1="14,118,65,128,59,6,53,10,8,46,23,97,4" hai2="3,80,66,119,70,43,131,108,121,106,102,48,38" hai3="29,21,52,26,1,133,42,89,41,111,20,78,32"/><U85/><E118/><V15/><F15/><W40/><G1/><T88/><D116/><U112/><E112/><V25/><F25/><W135/><G111/><T103/><D113/><U60/><E128/><V93/><F93/><W17/><G78/><T39/><D72/><U44/><E97/><V104/><F80/><W71/><G71/><T86/><D39/><U51/><E23/><V129/><F48/><W74/><G74/><T12/><D125/><U9/><E85/><V49/><F49/><W47/><G89/><T101/><D7/><U30/><E30/><V28/><F28/><W110/><G110/><T98/><D69/><U19/><REACH who="1" step="1"/><E46/><REACH who="1" ten="217,223,223,327" step="2"/><V127/><F129/><W79/><G21/><N who="0" m="11463" /><D98/><U123/><E123/><V45/><F45/><W96/><G96/><T115/><D115/><U63/><E63/><V87/><F131/><W122/><G122/><T120/><D120/><U73/><E73/><V126/><F121/><W92/><G29/><T130/><D130/><U77/><E77/><V67/><F119/><W95/><G79/><T124/><D124/><U11/><AGARI ba="0,1" hai="4,6,8,9,10,11,14,19,44,51,53,59,60,65" machi="11" ten="30,6000,0" yaku="1,1,0,1,8,1,53,0" doraHai="34" doraHaiUra="132" who="1" fromWho="1" sc="217,-20,223,70,223,-20,327,-20" /><INIT seed="1,1,0,4,4,21" ten="197,293,203,307" oya="1" hai0="133,64,111,134,65,53,83,128,32,7,3,98,107" hai1="75,14,24,92,131,119,68,135,51,116,126,33,2" hai2="47,16,73,12,114,5,97,1,93,74,62,118,27" hai3="34,88,121,49,39,30,54,63,100,72,89,29,67"/><U120/><RYUUKYOKU type="yao9" ba="1,0" sc="197,0,293,0,203,0,307,0" hai1="2,14,24,33,51,68,75,92,116,119,120,126,131,135" /><INIT seed="1,2,0,2,4,59" ten="197,293,203,307" oya="1" hai0="90,100,73,109,77,118,102,32,43,123,12,10,99" hai1="127,34,56,54,37,20,107,117,135,93,49,8,40" hai2="79,98,112,106,51,2,14,119,97,62,124,0,76" hai3="45,46,86,85,91,61,27,132,80,25,53,69,41"/><U52/><E34/><V36/><F119/><W24/><G132/><T75/><D118/><U9/><E107/><V6/><F36/><W19/><G19/><T83/><D32/><U114/><E114/><V48/><F112/><W105/><G105/><N who="0" m="63647" /><D43/><U103/><E117/><V57/><F106/><W65/><G41/><T89/><D12/><U81/><E135/><V38/><F38/><W63/><REACH who="3" step="1"/><G85/><REACH who="3" ten="197,293,203,297" step="2"/><N who="0" m="48367" /><D123/><U31/><E40/><V66/><F124/><W7/><G7/><T134/><D134/><U129/><E127/><V94/><F6/><W87/><G87/><T88/><D10/><U4/><E9/><V125/><F125/><W133/><G133/><T84/><D109/><U116/><E8/><V44/><F98/><W60/><G60/><T113/><D113/><U17/><E4/><V67/><F62/><W126/><G126/><T120/><D120/><U30/><E17/><V13/><F97/><W58/><AGARI ba="2,1" hai="24,25,27,45,46,53,58,61,63,65,69,80,86,91" machi="58" ten="30,12000,2" yaku="1,1,0,1,52,2,53,3" doraHai="59" doraHaiUra="21" who="3" fromWho="3" sc="197,-32,293,-62,203,-32,297,136" /><INIT seed="2,0,0,3,0,30" ten="165,231,171,433" oya="2" hai0="20,120,36,92,102,128,96,127,116,121,83,118,39" hai1="16,115,61,93,97,48,80,18,23,63,44,11,8" hai2="25,77,70,72,12,64,95,113,81,117,84,67,40" hai3="123,86,46,98,75,19,79,111,50,27,1,88,58"/><V112/><F117/><N who="0" m="45162" /><D128/><U68/><E115/><V119/><F119/><W57/><G1/><T55/><D127/><U49/><E80/><V65/><F70/><W2/><G2/><T7/><D7/><U76/><E76/><V104/><F104/><W99/><G123/><N who="0" m="47179" /><D55/><U129/><E129/><V38/><F25/><W13/><G75/><T94/><D20/><U5/><E68/><V134/><F134/><W69/><G69/><T10/><D10/><U101/><E48/><V28/><F28/><W73/><G79/><T4/><D4/><U85/><E85/><V33/><F33/><W43/><G73/><T107/><D83/><U66/><E66/><V59/><F59/><W6/><G6/><T90/><D107/><U21/><E21/><V14/><F14/><W42/><G42/><T9/><D9/><N who="1" m="3659" /><E5/><V125/><F12/><W106/><G106/><T3/><D3/><U35/><E35/><V29/><F29/><W41/><G41/><T51/><D51/><U133/><E133/><V108/><F125/><W132/><G132/><T105/><D105/><U37/><E18/><V100/><F72/><W22/><G13/><T0/><D0/><U87/><E16/><V62/><F62/><W89/><G19/><T122/><N who="0" m="47187" /><T47/><DORA hai="54" /><D47/><U26/><E61/><V24/><F24/><W32/><G27/><T60/><D60/><U34/><E63/><V78/><F113/><W103/><G46/><T82/><D82/><U45/><E26/><V91/><F112/><W17/><G17/><T126/><D126/><U15/><E23/><V52/><F52/><RYUUKYOKU ba="0,0" sc="165,30,231,-10,171,-10,433,-10" hai0="36,39,90,92,94,96,102" /><INIT seed="3,1,0,5,4,98" ten="195,221,161,423" oya="3" hai0="132,72,69,41,135,43,81,16,84,52,107,100,78" hai1="5,32,3,102,89,82,117,24,37,70,60,62,124" hai2="23,55,56,96,20,36,22,114,90,122,57,66,14" hai3="99,15,92,133,21,25,35,120,116,97,10,104,109"/><W103/><G120/><T34/><D69/><U8/><E37/><V65/><F114/><W46/><G116/><T71/><D71/><U17/><E117/><V83/><F36/><W131/><G131/><T111/><D34/><U74/><E124/><V127/><F127/><W88/><G133/><N who="0" m="51275" /><D111/><U134/><E134/><V19/><F122/><W101/><G109/><T29/><D29/><U0/><E0/><V53/><F96/><W77/><G35/><T80/><D100/><U119/><E102/><V13/><F83/><W1/><G1/><T64/><D64/><N who="2" m="24682" /><F90/><W49/><G77/><N who="0" m="44071" /><D107/><U76/><E70/><V130/><F19/><N who="3" m="8695" /><G99/><T61/><D16/><U26/><E119/><V112/><F112/><W105/><G104/><T28/><D28/><U4/><E4/><V45/><F45/><W113/><G105/><T85/><D85/><U39/><E17/><V118/><F118/><W128/><G113/><T95/><D95/><U30/><E32/><V44/><F44/><W129/><G128/><T48/><D61/><U51/><E30/><V93/><F93/><W50/><G129/><T2/><D2/><U68/><E68/><V87/><F87/><W12/><G12/><N who="2" m="4713" /><F130/><W126/><G126/><T18/><D18/><U91/><E3/><V110/><F110/><W121/><G121/><T106/><D106/><U125/><E125/><V33/><F33/><W59/><G21/><N who="2" m="5377" /><V47/><DORA hai="7" /><F47/><AGARI ba="1,0" hai="41,43,47,48,52,78,81,84" m="44071,51275" machi="47" ten="30,2000,0" yaku="20,1,54,1" doraHai="98,7" who="0" fromWho="2" sc="195,23,221,0,161,-23,423,0" owari="218,-18.0,221,2.0,138,-36.0,423,52.0" /></mjloggm>