<mjloggm ver="2.3"><GO type="169" lobby="0"/><UN n0="%E3%83%88%E3%83%88%E3%83%AA%E5%85%88%E7%94%9F%31%39%E6%AD%B3" n1="%E5%8D%97%E5%8D%97%E5%8D%97" n2="%E3%83%90%E3%82%A4%E3%82%A2%E3%83%A9%E3%83%B3" n3="%E6%94%AF%E5%80%89%E7%AB%9C" dan="18,17,17,16" rate="2259.26,2181.53,2181.99,2072.61" sx="F,M,M,M"/><TAIKYOKU oya="0"/><INIT seed="0,0,0,4,2,36" ten="250,250,250,250" oya="0" hai0="112,85,16,10,102,54,21,38,48,111,97,29,59" hai1="83,22,25,73,37,94,134,107,62,51,132,106,115" hai2="108,123,126,87,42,44,100,5,67,125,11,15,0" hai3="39,66,80,17,75,114,50,6,18,84,98,52,79"/><T135/><D135/><N who="1" m="51755" /><E37/><N who="2" m="21583" /><F100/><W89/><G114/><T33/><D112/><U76/><E115/><V72/><F67/><W57/><G39/><T131/><D38/><U68/><E94/><V12/><F123/><W127/><G127/><N who="2" m="48649" /><F72/><W71/><G6/><T3/><D131/><U55/><E62/><V133/><F133/><W86/><G98/><T60/><D111/><U70/><E107/><V40/><F40/><W116/><G116/><T53/><D85/><U105/><E105/><V120/><F120/><W4/><G4/><T47/><D3/><U65/><E65/><V122/><F122/><W118/><G118/><T78/><D78/><U35/><E106/><V1/><F108/><W95/><REACH who="3" step="1"/><G75/><REACH who="3" ten="250,250,250,240" step="2"/><T63/><D97/><U119/><E119/><V113/><F113/><W41/><G41/><T110/><D110/><U32/><E70/><V45/><F1/><W104/><G104/><T82/><D102/><U130/><E68/><V20/><F0/><W117/><G117/><T34/><D54/><U91/><E130/><V19/><F87/><W77/><G77/><T99/><D53/><U9/><E91/><V64/><F64/><W13/><G13/><T69/><D99/><U109/><E109/><V103/><F103/><W101/><G101/><T121/><D121/><U8/><E76/><V27/><F15/><W31/><G31/><T28/><D28/><N who="1" m="17463" /><E73/><V26/><F26/><W14/><G14/><T46/><D69/><U56/><E83/><V7/><F5/><W81/><G81/><T30/><D82/><U61/><E61/><AGARI ba="0,1" hai="17,18,50,52,57,61,66,71,79,80,84,86,89,95" machi="61" ten="40,2600,0" yaku="1,1,54,1,53,0" doraHai="36" doraHaiUra="93" who="3" fromWho="1" sc="250,0,250,-26,250,0,240,36" /><INIT seed="1,0,0,5,4,45" ten="250,224,250,276" oya="1" hai0="23,102,40,134,81,111,32,48,25,27,92,28,86" hai1="101,83,14,80,24,6,66,89,65,127,17,62,71" hai2="94,100,97,43,123,21,128,26,38,96,52,55,67" hai3="41,46,49,74,31,9,110,126,34,5,109,93,75"/><U7/><E127/><V39/><F123/><W108/><G126/><T61/><D134/><U122/><E122/><V114/><F128/><W82/><G93/><T51/><D111/><U42/><E101/><V56/><F114/><W118/><G118/><T8/><D40/><U58/><E42/><V116/><F116/><W22/><G34/><T59/><D8/><U11/><E71/><V104/><F43/><W47/><G82/><T129/><D129/><U3/><E66/><V103/><F67/><W84/><G84/><T130/><D130/><U72/><E24/><V2/><F2/><W85/><G85/><T98/><D27/><U12/><E3/><V18/><REACH who="2" step="1"/><F55/><REACH who="2" ten="250,224,240,276" step="2"/><W117/><G117/><T53/><REACH who="0" step="1"/><D32/><REACH who="0" ten="240,224,240,276" step="2"/><U99/><E72/><V132/><F132/><W131/><G131/><T50/><D50/><AGARI ba="0,2" hai="18,21,26,38,39,50,52,56,94,96,97,100,103,104" machi="50" ten="30,7700,0" yaku="1,1,7,1,52,1,54,1,53,0" doraHai="45" doraHaiUra="0" who="2" fromWho="0" sc="240,-77,224,0,240,97,276,0" /><INIT seed="2,0,0,3,4,119" ten="163,224,337,276" oya="2" hai0="39,24,43,93,116,89,92,52,4,71,57,86,59" hai1="21,8,120,53,78,104,45,42,134,20,106,101,22" hai2="115,77,16,11,29,122,6,94,64,76,14,37,44" hai3="80,60,129,68,108,54,13,91,55,9,61,65,102"/><V96/><F122/><W127/><G108/><T35/><D71/><U23/><E134/><V51/><F115/><W73/><G127/><T3/><D116/><U85/><E120/><V66/><F37/><W111/><G111/><T19/><D59/><U130/><E130/><V49/><F29/><W30/><G129/><T82/><D4/><U117/><E117/><V17/><F17/><W110/><G110/><T135/><D3/><U83/><E101/><V103/><F51/><W15/><G102/><T18/><D135/><U124/><E124/><V118/><F118/><W67/><G30/><T34/><D43/><U98/><E98/><V41/><F6/><W48/><G15/><T72/><D39/><U121/><E121/><V25/><F25/><W58/><G48/><T0/><D0/><U112/><E112/><V27/><F27/><W47/><G47/><T87/><D72/><U114/><E114/><V70/><F70/><W5/><REACH who="3" step="1"/><G91/><REACH who="3" ten="163,224,337,266" step="2"/><T28/><D34/><U32/><E104/><V40/><F41/><W100/><G100/><T90/><REACH who="0" step="1"/><D82/><REACH who="0" ten="153,224,337,266" step="2"/><U1/><E32/><V132/><F132/><W133/><G133/><T88/><D88/><U62/><E83/><V109/><F109/><W50/><G50/><AGARI ba="0,2" hai="18,19,24,28,35,50,52,57,86,87,89,90,92,93" machi="50" ten="30,7700,0" yaku="1,1,7,1,9,1,54,1,53,0" doraHai="119" doraHaiUra="123" who="0" fromWho="3" sc="153,97,224,0,337,0,266,-77" /><INIT seed="3,0,0,2,4,43" ten="250,224,337,189" oya="3" hai0="112,6,67,63,90,49,4,102,105,19,9,34,75" hai1="73,7,119,124,107,85,50,78,109,132,11,10,126" hai2="87,101,46,69,106,71,16,53,40,84,91,79,81" hai3="74,98,21,103,130,92,27,95,68,120,23,121,2"/><W29/><G130/><T65/><D75/><U82/><E107/><V131/><F131/><W128/><G128/><T31/><D112/><U57/><E132/><V12/><F53/><W59/><G68/><T125/><D125/><N who="1" m="48235" /><E109/><V26/><F26/><W35/><G2/><T61/><D90/><U22/><E119/><V108/><F101/><W28/><G74/><T5/><D19/><U99/><E99/><V17/><F17/><W122/><G29/><T30/><D9/><U89/><E22/><V88/><F106/><W18/><G18/><T111/><D111/><U129/><E129/><V86/><F86/><W52/><REACH who="3" step="1"/><G95/><REACH who="3" ten="250,224,337,179" step="2"/><T77/><D31/><U47/><E7/><V134/><F108/><W20/><G20/><T94/><D105/><U133/><E133/><V56/><F134/><W64/><G64/><T66/><D66/><U115/><E115/><V55/><F71/><W127/><G127/><T38/><D67/><U15/><E73/><V114/><F69/><W113/><G113/><T8/><D65/><U72/><E72/><V45/><F114/><W117/><G117/><T62/><D5/><U0/><E0/><V36/><F16/><W44/><G44/><T110/><D4/><U33/><E33/><V41/><F46/><W39/><G39/><T60/><D38/><U48/><E47/><V1/><F45/><W13/><G13/><T76/><D110/><U37/><E37/><V70/><F12/><W54/><G54/><T42/><D34/><U123/><E15/><V116/><F36/><W51/><AGARI ba="0,1" hai="21,23,27,28,35,51,52,59,92,98,103,120,121,122" machi="51" ten="30,6000,0" yaku="1,1,0,1,54,1,53,0" doraHai="43" doraHaiUra="3" who="3" fromWho="3" sc="250,-20,224,-20,337,-20,179,70" /><INIT seed="3,1,0,3,1,13" ten="230,204,317,249" oya="3" hai0="34,99,117,80,37,97,10,20,91,23,118,56,50" hai1="120,44,65,7,119,6,45,30,22,49,31,25,90" hai2="110,59,129,1,63,86,19,21,32,95,61,74,72" hai3="81,27,58,53,103,52,130,82,87,135,51,116,69"/><W134/><G116/><T78/><D34/><U60/><E119/><V111/><F32/><W18/><G130/><T112/><D37/><U101/><E120/><V0/><F129/><W121/><G121/><T68/><D68/><U57/><E31/><V17/><F95/><W67/><G103/><T66/><D112/><U79/><E79/><V108/><F86/><W105/><G105/><T100/><D117/><U40/><E90/><V3/><F21/><N who="3" m="13751" /><G87/><T11/><D118/><U88/><E101/><V12/><F12/><W54/><G69/><T114/><D114/><U9/><E9/><V89/><F89/><W43/><G135/><T96/><D91/><U4/><E4/><V24/><F24/><W28/><G28/><T127/><D127/><U132/><E132/><V46/><F46/><N who="3" m="26079" /><G134/><T94/><D99/><U128/><E128/><V70/><F70/><W41/><G41/><T62/><D97/><U38/><REACH who="1" step="1"/><E88/><REACH who="1" ten="230,194,317,249" step="2"/><V2/><N who="2" m="0" /><DORA hai="48" /><V76/><F76/><W106/><G106/><T93/><D78/><U73/><E73/><V85/><F85/><W92/><G92/><T16/><D94/><U123/><E123/><V14/><F74/><W83/><G67/><T39/><D93/><U5/><E5/><V42/><F72/><W133/><G133/><T113/><D100/><U29/><E29/><V75/><F75/><W122/><G122/><T126/><D66/><U47/><E47/><V125/><F111/><W26/><G26/><T8/><D96/><U64/><E64/><V98/><F110/><W55/><G83/><T84/><D80/><U115/><E115/><RYUUKYOKU ba="1,1" sc="230,-15,194,15,317,-15,249,15" hai1="6,7,22,25,30,38,40,44,45,49,57,60,65" hai3="52,53,54,55,58,81,82" /><INIT seed="3,2,1,0,0,32" ten="215,209,302,264" oya="3" hai0="14,25,11,68,83,73,99,2,113,77,93,101,1" hai1="107,5,64,134,120,37,40,57,135,116,128,114,6" hai2="89,71,56,39,111,126,87,12,43,76,69,30,66" hai3="105,92,95,10,28,52,0,17,13,35,74,59,118"/><W78/><G118/><T86/><D68/><U38/><E107/><V88/><F76/><W79/><G105/><T70/><D70/><U121/><E114/><V97/><F30/><W67/><G67/><T34/><D113/><U15/><E15/><V82/><F111/><W115/><G115/><T20/><D34/><U98/><E98/><V53/><F126/><W33/><G0/><T108/><D108/><U110/><E110/><V46/><F12/><W103/><G28/><T94/><D94/><U45/><E116/><V24/><F24/><W132/><G132/><N who="1" m="50730" /><E6/><V54/><F54/><W117/><G117/><T16/><REACH who="0" step="1"/><D73/><REACH who="0" ten="205,209,302,264" step="2"/><U123/><E128/><V8/><F69/><W26/><G35/><T27/><D27/><U100/><E100/><V96/><F71/><W91/><G26/><T80/><D80/><U72/><E72/><V61/><F82/><W81/><G33/><T19/><AGARI ba="2,2" hai="1,2,11,14,16,19,20,25,77,83,86,93,99,101" machi="19" ten="20,12000,2" yaku="1,1,0,1,7,1,52,2,54,1,53,0" doraHai="32" doraHaiUra="55" who="0" fromWho="0" sc="205,146,209,-32,302,-32,264,-62" /><INIT seed="4,0,0,3,5,29" ten="351,177,270,202" oya="0" hai0="66,34,35,80,64,6,73,100,44,16,8,54,63" hai1="107,117,114,121,123,116,84,69,60,118,37,120,31" hai2="68,32,85,33,106,131,108,7,40,46,87,126,130" hai3="128,17,115,53,9,36,10,88,52,11,129,61,4"/><T20/><D100/><U103/><E84/><N who="2" m="32331" /><F68/><W105/><G105/><T102/><D102/><U71/><E31/><V75/><F108/><W26/><G36/><T119/><D119/><N who="1" m="30467" /><U98/><DORA hai="42" /><E98/><V27/><F75/><W56/><G115/><T97/><D97/><U81/><E81/><V22/><F7/><W49/><G4/><T12/><D73/><U45/><E103/><V125/><F106/><W21/><REACH who="3" step="1"/><G88/><REACH who="3" ten="351,177,270,192" step="2"/><T93/><D93/><U15/><E107/><V39/><F131/><W47/><AGARI ba="0,1" hai="9,10,11,17,21,26,47,49,52,53,56,61,128,129" machi="47" ten="30,16000,3" yaku="1,1,2,1,0,1,52,1,54,1,53,3" doraHai="29,42" doraHaiUra="110,5" who="3" fromWho="3" sc="351,-80,177,-40,270,-40,192,170" /><INIT seed="5,0,0,0,2,49" ten="271,137,230,362" oya="1" hai0="103,94,90,48,26,98,105,16,41,120,134,35,36" hai1="59,50,65,122,109,9,75,23,133,10,121,116,53" hai2="89,60,132,12,127,112,51,129,111,80,104,7,73" hai3="6,18,79,54,57,91,37,15,77,102,108,67,14"/><U11/><E116/><V85/><F111/><W118/><G37/><T34/><D120/><U78/><E109/><V62/><F132/><W119/><G108/><T55/><D134/><U19/><E133/><V21/><F129/><W13/><G102/><T27/><D41/><U99/><E65/><V28/><F127/><W124/><G6/><T0/><D0/><U63/><E50/><V81/><F104/><W93/><G67/><T128/><D36/><U87/><E75/><V30/><F73/><W100/><G100/><T47/><D128/><U74/><E74/><V72/><F72/><W8/><G124/><T125/><D125/><U2/><E2/><V4/><F112/><W17/><G119/><T115/><D115/><U107/><E107/><V96/><F96/><N who="3" m="57407" /><G118/><T56/><D47/><U3/><E99/><V92/><F7/><W131/><G131/><T69/><D69/><U84/><E3/><V1/><F1/><W22/><G15/><T101/><D105/><U70/><E70/><V126/><F4/><W43/><G43/><T24/><D35/><U46/><E46/><V44/><F12/><W76/><G76/><T5/><D5/><U61/><E61/><AGARI ba="0,0" hai="8,13,14,17,18,22,54,57,61,77,79" m="57407" machi="61" ten="30,2000,0" yaku="8,1,52,1" doraHai="49" who="3" fromWho="1" sc="271,0,137,-20,230,0,362,20" /><INIT seed="6,0,0,4,0,14" ten="271,117,230,382" oya="2" hai0="106,51,94,35,130,12,119,41,52,56,42,81,60" hai1="88,46,73,44,58,102,108,85,105,59,38,15,101" hai2="132,111,83,121,2,20,69,110,82,29,77,98,78" hai3="93,64,45,90,128,86,50,4,27,84,80,21,97"/><V36/><F69/><W104/><G128/><T17/><D106/><U48/><E108/><V107/><F2/><W13/><G64/><T49/><D35/><U89/><E105/><V135/><F36/><W72/><G72/><T54/><D130/><U43/><E73/><N who="2" m="43311" /><F29/><W63/><G63/><T11/><D119/><U57/><E38/><V62/><F20/><W100/><G13/><T133/><D133/><N who="2" m="51274" /><F62/><W0/><G4/><T6/><D81/><U109/><E109/><V28/><F28/><W16/><G0/><T66/><D94/><U25/><E25/><V116/><F121/><W19/><G104/><T95/><D95/><U74/><E74/><N who="2" m="43479" /><F116/><W31/><G86/><T113/><D113/><U126/><E126/><V76/><F76/><W65/><G65/><T131/><D131/><U87/><E15/><V37/><F37/><W5/><G5/><T23/><D54/><AGARI ba="0,0" hai="16,19,21,27,31,45,50,54,80,84,90,93,97,100" machi="54" ten="30,8000,1" yaku="7,1,8,1,52,2,54,1" doraHai="14" who="3" fromWho="0" sc="271,-80,117,0,230,0,382,80" /><INIT seed="7,0,0,2,5,135" ten="191,117,230,462" oya="3" hai0="104,10,97,71,81,128,63,94,41,19,89,96,121" hai1="123,69,119,20,44,98,43,76,61,91,78,46,65" hai2="132,103,106,75,47,28,66,39,7,6,68,84,77" hai3="67,118,32,48,49,5,125,114,57,122,53,14,8"/><W113/><G32/><T73/><D121/><U109/><E123/><V21/><F47/><W31/><G31/><T42/><D128/><U1/><E109/><V127/><F39/><W13/><G118/><T117/><D117/><U56/><E119/><V2/><F21/><W90/><G122/><T29/><D29/><U27/><E1/><V110/><F84/><W70/><G70/><T38/><D38/><U126/><E69/><V36/><F7/><W33/><G33/><T131/><D131/><U108/><E108/><V17/><F17/><W58/><G90/><T0/><D73/><U105/><E105/><V86/><F106/><W24/><G24/><T99/><D81/><U59/><E59/><V51/><F68/><W12/><G125/><T100/><D96/><U26/><E126/><V4/><F75/><W92/><G92/><T112/><D112/><N who="3" m="43113" /><G49/><T18/><D18/><U54/><E65/><V116/><F66/><W35/><G35/><T15/><D0/><U11/><E11/><V93/><F28/><W74/><G74/><T88/><D89/><U52/><E54/><V101/><F2/><W115/><G115/><T55/><D71/><U134/><E134/><V40/><F132/><W130/><G130/><T72/><D72/><U79/><E43/><V82/><F40/><W30/><G30/><T50/><D63/><AGARI ba="0,0" hai="5,8,12,13,14,48,53,57,58,63,67" m="43113" machi="63" ten="30,1500,0" yaku="15,1" doraHai="135" who="3" fromWho="0" sc="191,-15,117,0,230,0,462,15" owari="176,-22.0,117,-38.0,230,3.0,477,57.0" /></mjloggm>