<mjloggm ver="2.3"><GO type="169" lobby="0"/><UN n0="%E3%83%88%E3%83%88%E3%83%AA%E5%85%88%E7%94%9F%31%39%E6%AD%B3" n1="%E3%82%AD%E3%83%A9%E3%83%BC%E3%83%9E%E3%82%B8%E3%83%B3%E3%82%AC%E6%A7%98" n2="%E3%81%84%E3%81%9F%E3%83%92%E3%83%AD" n3="%74%61%74%73%75%37%30%32" dan="19,17,16,16" rate="2265.10,2183.70,2100.28,2117.23" sx="F,F,M,M"/><TAIKYOKU oya="0"/><INIT seed="0,0,0,1,3,74" ten="250,250,250,250" oya="0" hai0="23,46,42,24,72,66,32,103,124,40,99,120,90" hai1="30,123,63,100,70,112,16,105,21,104,17,121,43" hai2="132,20,114,98,5,1,75,89,118,82,81,35,48" hai3="77,18,134,2,44,47,36,56,7,110,86,83,59"/><T67/><D120/><U52/><E43/><V55/><F35/><W19/><G110/><T53/><D32/><U34/><E34/><V96/><F114/><W125/><G125/><T6/><D124/><U26/><E112/><V94/><F118/><W92/><G134/><T11/><D90/><U131/><E131/><V69/><F69/><W133/><G7/><T126/><D53/><U12/><E17/><V80/><F132/><W106/><G106/><T50/><D42/><U57/><E70/><V25/><F1/><W61/><G2/><T62/><D72/><U0/><E0/><V91/><F5/><W33/><G59/><T13/><D62/><U122/><REACH who="1" step="1"/><E100/><REACH who="1" ten="250,240,250,250" step="2"/><V4/><F4/><W65/><G33/><T68/><D68/><U102/><E102/><V95/><F75/><W76/><G133/><T129/><D129/><U71/><E71/><V78/><F78/><N who="3" m="46455" /><G36/><T45/><D126/><U38/><E38/><V109/><F109/><W54/><G19/><T115/><D115/><U113/><E113/><V85/><F85/><W79/><G18/><T22/><D6/><U127/><E127/><V27/><F20/><W3/><G3/><T108/><D23/><U97/><E97/><V88/><F91/><W29/><G29/><T8/><D108/><U84/><E84/><V10/><F10/><W31/><G31/><T87/><D11/><U73/><E73/><V111/><F111/><W135/><G135/><T130/><D8/><U15/><E15/><V117/><F117/><W128/><G128/><T51/><D130/><U49/><E49/><V93/><F48/><RYUUKYOKU ba="0,1" sc="250,-10,240,30,250,-10,250,-10" hai1="12,16,21,26,30,52,57,63,104,105,121,122,123" /><INIT seed="1,1,1,2,2,129" ten="240,270,240,240" oya="1" hai0="124,61,69,99,20,126,56,103,120,7,26,9,18" hai1="80,110,0,22,131,12,4,38,101,71,23,112,70" hai2="74,6,92,93,114,86,123,125,68,88,14,50,82" hai3="73,76,31,119,39,5,42,30,81,117,32,95,102"/><U17/><E112/><V115/><F68/><W132/><G132/><T133/><D69/><U78/><E38/><V27/><F123/><W104/><G95/><T55/><D120/><U59/><E131/><V79/><F27/><N who="3" m="18527" /><G31/><T58/><D58/><U128/><E128/><V121/><F121/><W65/><G5/><T25/><D25/><U33/><E33/><V91/><F50/><W83/><G83/><T37/><D37/><U15/><E101/><V40/><F40/><W49/><G49/><T77/><D77/><U43/><E110/><V64/><F64/><W87/><G87/><T100/><D133/><U46/><E59/><V53/><F53/><W24/><G24/><T21/><D21/><U134/><E134/><V118/><F118/><W113/><G65/><T41/><D41/><U11/><E22/><V1/><F14/><W48/><G48/><T85/><D85/><U97/><E97/><N who="2" m="57479" /><F6/><W98/><G113/><N who="2" m="43017" /><F1/><W47/><AGARI ba="1,1" hai="39,42,47,73,76,81,98,102,104,117,119" m="18527" machi="47" ten="30,1100,0" yaku="23,1" doraHai="129" who="3" fromWho="3" sc="240,-4,270,-6,240,-4,240,24" /><INIT seed="2,0,0,0,4,17" ten="236,264,236,264" oya="2" hai0="43,91,104,128,69,106,76,29,133,135,47,125,121" hai1="134,50,77,51,27,97,20,82,56,65,37,116,103" hai2="101,81,123,94,10,73,59,72,132,41,79,126,52" hai3="3,102,114,84,44,85,36,60,12,1,80,58,93"/><V16/><F123/><W83/><G114/><T124/><D69/><U70/><E37/><V8/><F73/><W46/><G36/><T40/><D121/><U117/><E134/><N who="0" m="51209" /><D76/><U13/><E13/><V31/><F31/><W131/><G131/><T127/><D91/><U96/><E117/><V67/><F132/><W98/><G3/><T48/><D43/><U42/><E116/><V89/><F41/><W21/><G1/><T129/><D29/><U119/><E119/><V25/><F67/><W14/><G12/><T71/><D71/><U111/><E111/><V64/><F64/><W110/><G110/><T35/><D35/><U99/><E103/><V6/><F101/><W120/><G120/><T26/><D26/><U62/><E42/><V100/><F100/><W113/><G113/><T4/><D4/><U108/><E70/><V130/><F130/><AGARI ba="0,0" hai="40,47,48,104,106,124,125,127,128,129,130" m="51209" machi="130" ten="40,32000,5" yakuman="39" doraHai="17" who="0" fromWho="2" sc="236,320,264,0,236,-320,264,0" owari="556,66.0,264,6.0,-84,-58.0,264,-14.0" /></mjloggm>