<mjloggm ver="2.3"><GO type="169" lobby="0"/><UN n0="%4D%55%4B%41%42%55%4B%49" n1="%E3%82%A6%E3%83%AB%E3%83%88%E3%83%A9%E7%AB%8B%E7%9B%B4" n2="%6B%69%79%6F%64%61%69" n3="%E3%81%AE%E3%81%B3%E3%81%97%E3%82%8D%E2%99%82" dan="16,17,18,16" rate="2060.21,2161.99,2215.58,2074.34" sx="M,M,M,M"/><TAIKYOKU oya="0"/><INIT seed="0,0,0,5,1,47" ten="250,250,250,250" oya="0" hai0="98,132,100,60,108,31,53,107,37,116,134,13,114" hai1="73,82,75,124,51,88,21,10,20,7,28,84,48" hai2="61,2,68,133,54,55,32,131,16,14,92,99,0" hai3="86,5,3,113,45,115,83,89,58,24,38,104,46"/><T72/><D114/><U70/><E70/><V49/><F32/><W50/><G104/><T42/><D116/><U63/><E124/><V101/><F131/><W97/><G58/><T59/><D72/><U1/><E75/><V6/><F6/><W39/><G46/><T4/><D31/><U110/><E110/><V80/><F80/><W125/><G125/><T66/><D108/><U96/><E73/><V118/><F133/><N who="0" m="51306" /><D66/><U128/><E128/><V130/><F118/><W120/><G120/><T22/><D22/><U121/><E121/><V17/><F17/><W78/><G24/><T25/><D25/><U94/><E63/><V106/><F106/><W122/><G122/><T27/><D27/><U81/><E28/><V41/><F41/><W119/><G119/><T52/><D42/><U71/><E71/><V69/><F69/><W34/><G34/><T67/><D37/><U76/><E21/><V135/><F130/><W95/><G5/><T40/><D40/><U111/><E111/><V91/><F101/><W36/><REACH who="3" step="1"/><G3/><REACH who="3" ten="250,250,250,240" step="2"/><T43/><D43/><AGARI ba="0,1" hai="36,38,39,43,45,50,78,83,86,89,95,97,113,115" machi="43" ten="40,5200,0" yaku="1,1,2,1,52,1,53,0" doraHai="47" doraHaiUra="33" who="3" fromWho="0" sc="250,-52,250,0,250,0,240,62" /><INIT seed="1,0,0,5,4,103" ten="198,250,250,302" oya="1" hai0="95,115,92,24,13,127,58,11,112,85,29,15,1" hai1="60,52,82,104,70,73,108,77,50,99,43,74,12" hai2="67,91,79,27,4,120,94,6,76,114,59,8,106" hai3="110,117,5,87,132,129,61,17,135,72,118,23,75"/><U113/><E113/><V3/><F4/><W7/><G61/><T35/><D95/><U111/><E12/><N who="0" m="4681" /><D92/><U93/><E43/><V105/><F120/><W26/><G87/><T53/><D85/><U19/><E19/><V102/><F102/><W89/><G89/><T84/><D84/><U124/><E124/><V116/><F116/><N who="3" m="44651" /><G110/><N who="1" m="42026" /><E70/><V34/><F114/><W134/><G129/><T57/><D53/><U131/><E131/><V22/><F34/><W109/><G109/><T14/><D57/><N who="1" m="32919" /><E60/><V98/><F67/><W130/><G130/><T107/><D127/><U39/><E39/><V80/><F59/><W81/><G81/><T28/><D1/><U20/><E20/><V125/><F125/><W45/><G45/><T88/><D112/><U101/><E73/><AGARI ba="0,0" hai="5,7,17,23,26,72,73,75,132,134,135" m="44651" machi="73" ten="40,2600,0" yaku="20,1,12,1" doraHai="103" who="3" fromWho="1" sc="198,0,250,-26,250,0,302,26" /><INIT seed="2,0,0,4,5,118" ten="198,224,250,328" oya="2" hai0="117,73,37,40,29,24,70,25,74,41,107,5,9" hai1="48,121,38,92,22,44,103,66,63,35,126,68,32" hai2="91,90,23,49,132,113,77,88,129,21,33,14,98" hai3="58,62,114,46,55,39,115,61,120,34,69,28,80"/><V87/><F33/><W93/><G80/><T83/><D107/><U128/><E126/><V43/><F129/><W20/><G34/><T131/><D70/><U104/><E128/><V15/><F132/><W57/><G93/><T99/><D131/><U125/><E125/><V54/><F43/><N who="3" m="22911" /><G20/><N who="2" m="7753" /><F113/><N who="3" m="43019" /><G28/><T96/><D117/><U42/><E104/><V56/><F98/><W133/><G69/><T112/><D112/><U2/><E2/><V59/><F59/><W17/><G17/><T8/><D37/><U47/><E103/><V71/><F71/><W84/><G84/><T130/><D130/><U7/><E35/><V111/><F111/><W135/><G120/><T30/><D83/><AGARI ba="0,0" hai="14,15,49,54,56,77,83,87,88,90,91" m="7753" machi="83" ten="30,2900,0" yaku="8,1,54,1" doraHai="118" who="2" fromWho="0" sc="198,-29,224,0,250,29,328,0" /><INIT seed="2,1,0,5,5,114" ten="169,224,279,328" oya="2" hai0="42,44,40,76,97,27,7,77,86,69,89,65,124" hai1="70,92,99,87,19,58,4,84,9,125,88,10,23" hai2="127,96,120,135,75,74,78,126,64,24,28,105,91" hai3="43,71,30,38,8,49,85,57,39,109,79,37,31"/><V121/><F64/><W128/><G71/><T100/><D124/><N who="2" m="47658" /><F24/><W61/><G109/><T130/><D130/><U41/><E70/><V90/><F28/><W66/><G128/><T134/><D134/><U108/><E108/><V20/><F20/><W13/><G49/><T80/><D7/><U95/><E125/><V67/><F67/><W34/><G43/><T0/><D0/><U55/><E41/><V104/><F135/><W15/><G15/><T47/><D69/><U62/><E4/><V50/><F50/><W12/><G12/><T112/><D65/><U60/><E60/><V36/><F36/><W35/><G79/><T54/><D27/><U94/><E94/><N who="2" m="56407" /><F91/><W52/><G66/><T46/><D112/><U11/><REACH who="1" step="1"/><E95/><REACH who="1" ten="169,214,279,328" step="2"/><V68/><F68/><W119/><G61/><T81/><D40/><U118/><E118/><V33/><F33/><W82/><G119/><T22/><D42/><U123/><E123/><N who="2" m="47179" /><F78/><W132/><G35/><T113/><D76/><U3/><E3/><V16/><F16/><N who="3" m="8231" /><G34/><T59/><D113/><U103/><E103/><V29/><F29/><N who="3" m="10763" /><G132/><T5/><D100/><U116/><E116/><V32/><F32/><W102/><G102/><T129/><D129/><U14/><AGARI ba="1,1" hai="9,10,11,14,19,23,55,58,62,84,87,88,92,99" machi="14" ten="30,8000,1" yaku="1,1,0,1,8,1,54,1,53,1" doraHai="114" doraHaiUra="48" who="1" fromWho="1" sc="169,-21,214,93,279,-41,328,-21" /><INIT seed="3,0,0,5,4,71" ten="148,307,238,307" oya="3" hai0="115,56,14,37,89,42,36,41,105,116,103,75,104" hai1="57,91,77,118,106,125,46,44,128,59,98,17,0" hai2="54,120,133,55,13,40,28,22,96,30,123,121,20" hai3="7,94,24,34,95,81,70,111,84,53,78,15,93"/><W50/><G111/><T132/><D116/><U19/><E0/><V51/><F40/><W134/><G134/><T52/><D75/><U79/><E98/><V112/><F133/><W47/><G70/><T90/><D132/><U129/><E91/><V127/><F127/><W62/><G62/><T92/><D103/><U16/><E106/><V6/><F96/><W122/><G122/><T45/><D115/><U27/><E27/><V9/><F112/><W110/><G110/><T43/><D14/><U23/><E23/><N who="2" m="8747" /><F54/><W130/><G130/><N who="1" m="50282" /><E125/><V58/><AGARI ba="0,0" hai="6,9,13,28,30,51,55,58,120,121,123" m="8747" machi="58" ten="40,1500,0" yaku="13,1" doraHai="71" who="2" fromWho="2" sc="148,-4,307,-4,238,15,307,-7" /><INIT seed="4,0,0,1,2,58" ten="144,303,253,300" oya="0" hai0="80,38,57,89,94,71,4,25,108,133,111,96,34" hai1="110,93,134,116,121,125,29,112,42,74,128,46,11" hai2="30,75,120,32,21,40,79,87,10,100,44,64,5" hai3="36,106,55,78,91,47,98,61,69,6,9,51,126"/><T70/><D38/><U124/><E74/><V48/><F75/><W82/><G126/><T117/><D117/><U65/><E29/><V73/><F73/><W107/><G36/><T85/><D133/><U132/><E93/><V104/><F32/><W101/><G91/><T2/><D34/><U43/><E11/><V8/><F8/><W23/><G23/><T122/><D122/><U35/><E35/><V67/><F120/><W102/><G102/><T13/><D2/><U53/><E121/><V129/><F129/><W26/><G26/><T92/><D25/><U131/><E65/><V130/><F130/><N who="1" m="49705" /><E112/><V31/><F31/><W84/><G107/><T16/><D4/><U28/><E28/><V14/><F30/><W76/><G76/><T37/><D37/><U39/><E110/><N who="0" m="42025" /><D57/><U0/><E0/><V95/><F21/><W115/><G115/><T99/><D92/><U66/><E116/><V68/><F68/><N who="0" m="26154" /><D94/><U77/><E77/><V103/><F104/><W15/><G69/><T123/><D123/><U72/><E39/><V22/><F95/><W60/><AGARI ba="0,0" hai="6,9,15,47,51,55,60,61,78,82,84,98,101,106" machi="60" ten="30,4000,0" yaku="0,1,52,2" doraHai="58" who="3" fromWho="3" sc="144,-20,303,-10,253,-10,300,40" /><INIT seed="5,0,0,0,1,106" ten="124,293,243,340" oya="1" hai0="48,63,58,119,6,34,40,60,45,134,124,47,53" hai1="90,123,126,59,64,127,21,80,95,50,112,10,92" hai2="115,88,70,114,13,0,5,125,11,32,9,14,17" hai3="128,2,36,130,109,86,102,18,25,77,33,81,37"/><U7/><E123/><V71/><F32/><W1/><G102/><T28/><D34/><U101/><E112/><N who="2" m="43051" /><F125/><W131/><G109/><T3/><D28/><U44/><E101/><V54/><F54/><W75/><G86/><T98/><D98/><U38/><E38/><N who="3" m="14954" /><G18/><T74/><D6/><U96/><E92/><V122/><F122/><W94/><G94/><T103/><D3/><U39/><E80/><V97/><F14/><W20/><G20/><T27/><D27/><U76/><E21/><V52/><F52/><W69/><G69/><T99/><D74/><U66/><E76/><V62/><F62/><W91/><G91/><T113/><D113/><U93/><E93/><AGARI ba="0,0" hai="0,5,9,11,13,17,70,71,88,93,97" m="43051" machi="93" ten="30,3900,0" yaku="15,1,11,1,54,1" doraHai="106" who="2" fromWho="1" sc="124,0,293,-39,243,39,340,0" /><INIT seed="6,0,0,2,4,11" ten="124,254,282,340" oya="2" hai0="26,131,82,41,39,134,115,57,9,104,124,127,36" hai1="113,99,126,109,85,97,3,32,20,12,129,5,61" hai2="68,45,37,17,70,80,110,38,2,51,89,0,23" hai3="28,16,65,8,120,47,44,60,132,76,101,98,116"/><V25/><F110/><W1/><G132/><T117/><D104/><U112/><E32/><V6/><F70/><W111/><G111/><T79/><D134/><U34/><E34/><V69/><F69/><W77/><G120/><T95/><D95/><U31/><E109/><V30/><F68/><W119/><G28/><T96/><D96/><U13/><E126/><V90/><F90/><W103/><G103/><T114/><D117/><U75/><E75/><V53/><F6/><W121/><G121/><T102/><D102/><U58/><E129/><V73/><F30/><W27/><G1/><T21/><D9/><N who="1" m="4143" /><E3/><V86/><F37/><N who="0" m="14410" /><D26/><U24/><E85/><V22/><F38/><W67/><G119/><T43/><D21/><U4/><E112/><N who="0" m="43049" /><D82/><U93/><E93/><V83/><REACH who="2" step="1"/><F23/><REACH who="2" ten="124,254,272,340" step="2"/><W10/><G116/><T40/><D79/><AGARI ba="0,1" hai="0,2,17,22,25,45,51,53,73,79,80,83,86,89" machi="79" ten="40,12000,1" yaku="1,1,2,1,53,2" doraHai="11" doraHaiUra="35" who="2" fromWho="0" sc="124,-120,254,0,272,130,340,0" /><INIT seed="6,1,0,1,5,34" ten="4,254,402,340" oya="2" hai0="101,88,51,113,107,131,127,24,27,16,79,26,93" hai1="70,31,43,124,37,52,56,95,50,100,86,125,9" hai2="40,128,98,57,76,17,61,99,15,68,132,69,38" hai3="53,13,47,114,87,84,122,77,2,7,80,12,102"/><V45/><F128/><W14/><G122/><T89/><D131/><U44/><E31/><V18/><F18/><W126/><G126/><T120/><D120/><U96/><E86/><V65/><F132/><W129/><G129/><T116/><D127/><U83/><E83/><V92/><F76/><W117/><G117/><T10/><D116/><U41/><E41/><V46/><F46/><W60/><G114/><T111/><D111/><U39/><E39/><V103/><REACH who="2" step="1"/><F98/><REACH who="2" ten="4,254,392,340" step="2"/><W20/><G47/><T108/><D113/><U33/><E33/><V82/><F82/><W75/><G80/><T81/><D108/><U91/><E100/><V115/><F115/><W106/><G102/><T48/><D107/><U19/><REACH who="1" step="1"/><E70/><REACH who="1" ten="4,244,392,340" step="2"/><V54/><F54/><W62/><G53/><T35/><D35/><U28/><E28/><V105/><F105/><W49/><G106/><T6/><D101/><U90/><E90/><V25/><F25/><N who="0" m="6402" /><T4/><DORA hai="109" /><D79/><U21/><E21/><AGARI ba="1,2" hai="15,17,21,38,40,45,57,61,65,68,69,92,99,103" machi="21" ten="30,5800,0" yaku="1,1,7,1,53,1" doraHai="34,109" doraHaiUra="58,119" who="2" fromWho="1" sc="4,0,244,-61,392,81,340,0" /><INIT seed="6,2,0,3,2,5" ten="4,183,473,340" oya="2" hai0="89,64,84,124,122,114,77,46,92,27,111,71,50" hai1="126,36,105,28,117,8,82,66,85,60,79,52,93" hai2="121,125,112,7,1,24,49,4,94,98,32,90,25" hai3="86,44,130,26,87,100,55,75,106,69,118,91,116"/><V17/><F121/><W33/><G75/><T109/><D122/><U63/><E36/><V101/><F112/><W81/><G130/><T16/><D114/><U42/><E42/><V34/><F125/><W119/><G69/><T120/><D120/><U47/><E105/><V54/><F32/><W103/><G44/><T61/><D124/><U6/><E117/><V102/><F34/><W132/><G55/><T37/><D37/><U88/><E28/><V73/><F73/><W41/><G41/><T19/><D77/><U38/><E38/><V115/><F115/><W135/><G26/><N who="2" m="10345" /><F17/><W128/><G33/><T107/><D107/><U51/><E66/><V11/><F11/><W48/><G48/><T133/><D133/><N who="3" m="51273" /><G106/><T53/><D19/><U59/><E47/><N who="2" m="27967" /><F1/><W74/><G74/><T0/><D0/><U123/><E123/><V9/><F9/><W70/><G70/><T14/><D27/><U35/><E35/><V31/><F31/><W40/><G40/><T67/><D67/><U108/><E126/><V2/><F2/><W127/><G127/><T29/><D29/><U22/><E22/><AGARI ba="2,0" hai="14,16,22,46,50,53,61,64,71,84,89,92,109,111" machi="22" ten="30,2000,0" yaku="7,1,54,1" doraHai="5" who="0" fromWho="1" sc="4,26,183,-26,473,0,340,0" /><INIT seed="7,0,0,0,2,112" ten="30,157,473,340" oya="3" hai0="104,117,17,36,33,109,114,134,61,128,22,20,83" hai1="98,92,100,91,56,95,84,119,39,19,41,131,48" hai2="87,105,52,85,74,70,108,102,107,15,43,126,69" hai3="9,73,42,25,94,40,133,90,115,32,80,16,13"/><W86/><G115/><T35/><D83/><U120/><E39/><V88/><F74/><W59/><G133/><T122/><D61/><U24/><E131/><V135/><F43/><W29/><G73/><T47/><D47/><N who="1" m="25711" /><E120/><V65/><F108/><W21/><G59/><T93/><D93/><U97/><E119/><V7/><F126/><W75/><G75/><T60/><D60/><U82/><E56/><V10/><F87/><W6/><REACH who="3" step="1"/><G80/><REACH who="3" ten="30,157,473,330" step="2"/><T101/><D101/><U23/><E82/><V2/><F135/><W18/><G18/><T78/><D17/><U76/><E76/><V27/><F102/><W81/><G81/><T79/><D78/><U5/><E5/><V77/><F7/><W132/><G132/><T111/><D79/><U57/><E57/><V121/><F77/><W11/><G11/><T1/><D22/><U62/><E19/><V14/><F10/><W124/><G124/><T0/><D20/><U58/><E23/><V53/><F70/><W129/><G129/><T99/><D35/><U127/><E127/><V130/><F69/><W34/><G34/><T106/><D109/><U46/><E100/><V96/><F130/><W64/><G64/><T123/><D123/><U50/><E58/><V51/><F65/><W67/><G67/><T63/><D63/><U12/><E62/><V37/><F121/><W113/><G113/><T72/><D1/><AGARI ba="0,1" hai="1,6,9,13,16,21,25,29,32,40,42,86,90,94" machi="1" ten="30,12000,1" yaku="1,1,7,1,24,2,54,1,53,0" doraHai="112" doraHaiUra="44" who="3" fromWho="0" sc="30,-120,157,0,473,0,330,130" owari="-90,-59.0,157,-24.0,473,57.0,460,26.0" /></mjloggm>