<mjloggm ver="2.3"><GO type="169" lobby="0"/><UN n0="%E5%B0%B1%E6%B4%BB%E7%94%9F%40%E5%B7%9D%E6%9D%91%E8%BB%8D%E5%9B%A3" n1="%68%65%74" n2="%79%75%6D%69%6B%69%6B%61" n3="%E3%83%89%E3%83%BC%E3%83%AB%E3%83%9F%E3%83%BC" dan="17,16,16,17" rate="2245.29,2058.70,2170.41,2162.90" sx="M,M,M,M"/><TAIKYOKU oya="0"/><INIT seed="0,0,0,5,4,15" ten="250,250,250,250" oya="0" hai0="111,22,92,7,117,31,41,99,115,51,24,33,112" hai1="119,45,77,101,116,91,18,56,17,80,60,32,89" hai2="25,98,2,54,63,59,105,87,40,21,81,47,19" hai3="28,6,37,30,52,71,108,0,102,23,104,128,1"/><T26/><D117/><U14/><E32/><V129/><F129/><W61/><G37/><T109/><D7/><U88/><E101/><V8/><F2/><W70/><G128/><T3/><D3/><U35/><E35/><V62/><F62/><W46/><G1/><T76/><D76/><U120/><E120/><V86/><F8/><W9/><G108/><N who="0" m="41547" /><D51/><U124/><E124/><V79/><F98/><W127/><G127/><T118/><D41/><U20/><E45/><V74/><REACH who="2" step="1"/><F105/><REACH who="2" ten="250,250,240,250" step="2"/><W39/><G104/><T12/><D118/><U85/><REACH who="1" step="1"/><E18/><REACH who="1" ten="250,240,240,250" step="2"/><V68/><F68/><W72/><G71/><T42/><D112/><U58/><E58/><V27/><F27/><W125/><G70/><T44/><D115/><U131/><E131/><V67/><F67/><AGARI ba="0,2" hai="14,17,20,56,60,67,77,80,85,88,89,91,116,119" machi="67" ten="40,5200,0" yaku="1,1,52,1,54,1,53,0" doraHai="15" doraHaiUra="50" who="1" fromWho="2" sc="250,0,240,72,240,-52,250,0" /><INIT seed="1,0,0,5,3,64" ten="250,312,188,250" oya="1" hai0="135,123,109,9,118,7,79,117,103,80,104,28,87" hai1="126,116,96,48,70,13,120,74,124,41,106,62,3" hai2="14,127,130,40,26,21,10,90,11,22,73,20,81" hai3="82,17,1,36,112,67,35,85,94,111,5,31,110"/><U25/><E3/><V72/><F130/><W71/><G112/><T24/><D123/><U39/><E120/><V66/><F127/><N who="1" m="48681" /><E116/><V97/><F26/><N who="3" m="18935" /><G94/><T15/><D135/><U108/><E108/><V30/><F30/><W46/><G17/><T59/><D109/><U131/><E131/><V55/><F55/><W134/><G85/><T128/><D128/><U4/><E74/><V114/><F114/><W65/><G65/><T53/><D103/><N who="1" m="62823" /><E39/><V16/><F10/><N who="3" m="2351" /><G82/><T77/><D104/><U51/><E41/><V43/><F40/><N who="3" m="22791" /><G134/><T100/><D100/><U56/><E25/><V75/><F43/><W23/><G23/><T105/><D105/><U61/><E70/><V102/><F102/><W78/><G78/><T2/><D79/><U76/><E76/><V129/><F129/><W133/><G133/><T101/><D101/><U42/><E42/><V19/><F19/><W91/><G91/><T47/><D2/><U32/><E32/><V92/><F81/><W107/><G107/><T98/><D117/><U37/><E37/><V68/><REACH who="2" step="1"/><F22/><REACH who="2" ten="250,312,178,250" step="2"/><W34/><G34/><T57/><D118/><U119/><E119/><V44/><F44/><W58/><G111/><T93/><D28/><U125/><E125/><V121/><F121/><W83/><G83/><T88/><D24/><U99/><E4/><V132/><F132/><W29/><G29/><T38/><D38/><U122/><E122/><V27/><F27/><W60/><G110/><T52/><D53/><U115/><E13/><V69/><F69/><W50/><G71/><T54/><D54/><U49/><E56/><RYUUKYOKU ba="0,1" sc="250,10,312,-30,178,10,250,10" hai0="7,9,15,47,52,57,59,77,80,87,88,93,98" hai2="11,14,16,20,21,66,68,72,73,75,90,92,97" hai3="50,58,60,67" /><INIT seed="2,1,1,1,1,80" ten="260,282,188,260" oya="2" hai0="29,16,64,108,62,66,135,82,68,120,92,19,98" hai1="1,103,105,126,79,73,55,115,52,85,42,91,119" hai2="15,104,110,26,121,134,2,31,5,48,65,28,51" hai3="6,99,14,25,37,47,27,24,93,129,77,8,127"/><V90/><F121/><W67/><G127/><T44/><D120/><U89/><E1/><V3/><F104/><W78/><G129/><T63/><D135/><U56/><E119/><V12/><F65/><W7/><G67/><T17/><D108/><U122/><E115/><V113/><F113/><W35/><G35/><T39/><D29/><U34/><E122/><V128/><F128/><W97/><G37/><T45/><D39/><U81/><E34/><V40/><F134/><W83/><G47/><T117/><D82/><U133/><E133/><V18/><F110/><W70/><G70/><T10/><D10/><U123/><E123/><V87/><F31/><W30/><G30/><T9/><D9/><U130/><E130/><V101/><F101/><W53/><G53/><T86/><D86/><U102/><E126/><V69/><F69/><W38/><G38/><T32/><D32/><U114/><E42/><V72/><F72/><W94/><G6/><T116/><D63/><U61/><E114/><V109/><F109/><W0/><G0/><T22/><D22/><U112/><E112/><V50/><F40/><W106/><G106/><T36/><D66/><N who="1" m="39207" /><E105/><V84/><F28/><W125/><G125/><T71/><D71/><U88/><E73/><V111/><F111/><W131/><G131/><T4/><D4/><U95/><E103/><V60/><F60/><W20/><G20/><T57/><D68/><U124/><E124/><V43/><F43/><W21/><G21/><T118/><D36/><U107/><E107/><V33/><F33/><W59/><G7/><T100/><AGARI ba="1,1" hai="16,17,19,44,45,57,62,64,92,98,100,116,117,118" machi="100" ten="40,8000,1" yaku="5,1,0,1,12,1,54,1" doraHai="80" who="0" fromWho="0" sc="260,93,282,-21,188,-41,260,-21" /><INIT seed="3,0,0,5,5,23" ten="353,261,147,239" oya="3" hai0="106,101,7,46,57,26,45,1,112,17,13,80,6" hai1="16,130,44,69,81,27,115,21,114,119,2,68,48" hai2="118,67,62,54,5,93,58,120,43,72,110,41,29" hai3="91,76,88,83,47,73,86,84,98,39,99,24,15"/><W113/><G39/><T79/><D112/><U50/><E2/><V123/><F118/><W20/><G113/><T102/><D1/><U133/><E69/><V66/><F72/><W70/><G70/><T51/><D57/><U135/><E68/><V19/><F5/><W33/><G33/><T36/><D36/><U89/><E119/><V49/><F29/><W77/><G47/><T12/><D46/><U30/><E130/><V75/><F75/><W25/><G73/><T116/><D116/><U134/><E50/><V97/><F110/><W78/><G15/><T126/><D126/><U105/><E105/><V11/><F66/><W18/><REACH who="3" step="1"/><G25/><REACH who="3" ten="353,261,147,229" step="2"/><T52/><D26/><U108/><E108/><V56/><F11/><W111/><G111/><T124/><D12/><U60/><E115/><V96/><F19/><W9/><G9/><T132/><D124/><U92/><E114/><V128/><F58/><W125/><G125/><T22/><D132/><U59/><E135/><V35/><F35/><W61/><G61/><T100/><D106/><U65/><E134/><V95/><F62/><W107/><G107/><T37/><D37/><U8/><E133/><V104/><F104/><W131/><G131/><T38/><D38/><U63/><E63/><V4/><F128/><W32/><G32/><T94/><D7/><U85/><E8/><V40/><F4/><W103/><G103/><T42/><D6/><U82/><REACH who="1" step="1"/><E30/><REACH who="1" ten="353,251,147,229" step="2"/><V117/><F117/><W28/><G28/><T53/><D45/><U55/><AGARI ba="0,2" hai="16,21,27,44,48,55,59,60,65,81,82,85,89,92" machi="55" ten="20,16000,3" yaku="1,1,2,1,0,1,7,1,8,1,52,1,54,1,53,1" doraHai="23" doraHaiUra="87" who="1" fromWho="1" sc="353,-40,251,180,147,-40,229,-80" /><INIT seed="4,0,0,0,3,106" ten="313,431,107,149" oya="0" hai0="8,71,95,98,125,117,134,68,119,102,109,51,103" hai1="48,46,55,133,39,22,66,47,79,115,38,25,129" hai2="84,128,12,40,88,36,127,89,96,27,70,67,2" hai3="23,107,50,62,132,85,110,91,73,10,77,94,7"/><T80/><D125/><U111/><E111/><V45/><F2/><W42/><G110/><T78/><D134/><U124/><E124/><V82/><F127/><W32/><G32/><T0/><D109/><U76/><E133/><V130/><F12/><W65/><G132/><T75/><D103/><U87/><E129/><N who="2" m="49771" /><F27/><W113/><G113/><T123/><D123/><U92/><E115/><V21/><F21/><W83/><G50/><T126/><D126/><U33/><E33/><V13/><F13/><W9/><G42/><T11/><D51/><N who="1" m="29175" /><E39/><V114/><F114/><W43/><G43/><T17/><D17/><N who="1" m="12495" /><E66/><V4/><F4/><W112/><G7/><T86/><D86/><U35/><E35/><V61/><F96/><W54/><G54/><T1/><D1/><U69/><E69/><V118/><F118/><W30/><G112/><T19/><D19/><U52/><E38/><V18/><F18/><W116/><G116/><T41/><D41/><U63/><E63/><V93/><F93/><W59/><G107/><T29/><D29/><U31/><E31/><V131/><N who="2" m="49779" /><V120/><DORA hai="14" /><F120/><W97/><G73/><T64/><D8/><U6/><E6/><V20/><F20/><W99/><G99/><T15/><D0/><U24/><E24/><AGARI ba="0,0" hai="9,10,23,24,30,59,62,65,77,83,85,91,94,97" machi="24" ten="40,1300,0" yaku="8,1" doraHai="106,14" who="3" fromWho="1" sc="313,0,431,-13,107,0,149,13" /><INIT seed="5,0,0,4,0,121" ten="313,418,107,162" oya="1" hai0="78,7,82,113,57,26,3,70,40,61,100,6,23" hai1="24,102,132,53,125,116,33,84,129,68,112,0,48" hai2="130,32,77,13,124,28,85,133,46,92,59,49,52" hai3="66,8,27,108,36,111,97,5,123,87,94,2,135"/><U38/><RYUUKYOKU type="yao9" ba="0,0" sc="313,0,418,0,107,0,162,0" hai1="0,24,33,38,48,53,68,84,102,112,116,125,129,132" /><INIT seed="5,1,0,1,2,16" ten="313,418,107,162" oya="1" hai0="131,58,122,89,130,29,38,42,109,99,24,129,105" hai1="7,27,47,36,62,20,111,114,52,51,98,121,90" hai2="5,113,116,34,9,41,40,69,48,8,17,92,67" hai3="75,14,124,107,72,115,110,84,91,26,28,112,102"/><U120/><E114/><N who="3" m="43562" /><G110/><T117/><D109/><U134/><E111/><V4/><F116/><W64/><G64/><T18/><D117/><U3/><E134/><V97/><F34/><W0/><G0/><T1/><D1/><U103/><E90/><V19/><F113/><W104/><G14/><T21/><D122/><U61/><E36/><V12/><F67/><W63/><G63/><T15/><D58/><U73/><E73/><N who="3" m="28234" /><G26/><T11/><D38/><U31/><E62/><V133/><F133/><W25/><G25/><T77/><D77/><U33/><E7/><V83/><F69/><W95/><G28/><T100/><D89/><U54/><E3/><V60/><F60/><W88/><G102/><T59/><D59/><U106/><E33/><V66/><F66/><W108/><G108/><T68/><REACH who="0" step="1"/><D42/><REACH who="0" ten="303,418,107,162" step="2"/><U85/><E121/><V71/><F40/><W32/><G124/><T13/><D13/><U96/><E120/><V56/><F56/><W135/><G135/><T119/><D119/><U49/><E61/><V37/><F37/><W118/><G118/><T70/><AGARI ba="1,1" hai="11,15,18,21,24,29,68,70,99,100,105,129,130,131" machi="70" ten="40,8000,1" yaku="1,1,0,1,19,1,52,1,53,0" doraHai="16" doraHaiUra="87" who="0" fromWho="0" sc="303,93,418,-41,107,-21,162,-21" /><INIT seed="6,0,0,4,3,73" ten="396,377,86,141" oya="2" hai0="118,90,7,22,135,105,8,41,74,26,38,82,51" hai1="23,60,31,0,122,92,102,133,45,16,64,44,107" hai2="19,71,59,6,47,30,24,79,76,18,97,27,93" hai3="67,37,94,87,11,40,4,72,131,48,53,62,17"/><V113/><F71/><N who="3" m="42487" /><G17/><N who="2" m="6153" /><F113/><W9/><G87/><N who="0" m="50551" /><D38/><U56/><E0/><V134/><F134/><W83/><G94/><T77/><D77/><N who="2" m="29770" /><F30/><W116/><G83/><T112/><D112/><U75/><E107/><V104/><F104/><W80/><G80/><T49/><D74/><U2/><E75/><V89/><F6/><W61/><G72/><T84/><D105/><U3/><E3/><V36/><F36/><W65/><G116/><T20/><D135/><U127/><E2/><V63/><F47/><N who="3" m="23951" /><G4/><T88/><D118/><U15/><E133/><V54/><AGARI ba="0,0" hai="24,27,54,59,63,89,93,97" m="29770,6153" machi="54" ten="30,11700,0" yaku="8,1,52,3" doraHai="73" who="2" fromWho="2" sc="396,-39,377,-39,86,117,141,-39" /><INIT seed="6,1,0,1,2,73" ten="357,338,203,102" oya="2" hai0="56,37,111,109,32,123,29,50,1,102,122,74,2" hai1="17,115,126,87,12,21,61,5,51,16,117,114,98" hai2="47,81,113,67,33,71,49,53,106,118,62,83,35" hai3="55,80,63,91,22,34,23,107,6,18,131,45,15"/><V125/><F118/><W99/><G34/><T24/><D50/><U133/><E117/><V52/><F106/><W82/><G131/><T11/><D102/><U76/><E133/><V41/><F113/><N who="1" m="43017" /><E126/><V59/><F125/><W129/><G129/><T135/><D74/><U58/><E51/><V85/><F81/><W124/><G124/><T44/><D56/><U130/><E98/><V64/><F53/><W39/><G39/><T3/><D135/><U128/><E5/><V89/><REACH who="2" step="1"/><F64/><REACH who="2" ten="357,338,193,102" step="2"/><W25/><G82/><T112/><D112/><U48/><E130/><V134/><F134/><W69/><G107/><T9/><D44/><U42/><E128/><V38/><AGARI ba="1,1" hai="33,35,38,41,47,49,52,59,62,67,71,83,85,89" machi="38" ten="20,18000,2" yaku="1,1,0,1,7,1,24,2,54,1,53,0" doraHai="73" doraHaiUra="121" who="2" fromWho="2" sc="357,-61,338,-61,193,193,102,-61" /><INIT seed="6,2,0,5,5,66" ten="296,277,386,41" oya="2" hai0="25,67,108,122,120,3,87,33,134,127,92,111,100" hai1="113,112,8,9,41,99,34,130,125,83,129,48,76" hai2="24,132,1,94,49,77,40,79,128,107,19,103,54" hai3="30,37,50,5,45,119,88,4,2,18,69,51,72"/><V7/><F107/><W59/><G72/><T109/><D67/><U89/><E34/><V20/><F40/><W44/><G119/><T46/><D3/><U38/><E38/><V16/><F7/><N who="3" m="2635" /><G69/><T26/><D33/><U11/><E125/><V91/><F103/><W98/><G2/><T68/><D127/><U65/><E65/><V101/><F101/><W62/><G30/><T57/><D68/><U74/><E41/><V53/><F53/><N who="3" m="34159" /><G37/><T105/><D105/><U12/><E48/><N who="3" m="18474" /><G18/><T36/><D36/><U82/><E12/><V95/><F19/><W15/><G15/><T75/><D75/><U121/><E121/><V96/><F24/><W6/><N who="3" m="2643" /><W52/><DORA hai="63" /><G52/><T106/><D106/><U86/><REACH who="1" step="1"/><E99/><REACH who="1" ten="296,267,386,41" step="2"/><V58/><F96/><W14/><G14/><T124/><D124/><U102/><E102/><V28/><F54/><W84/><G98/><T64/><D122/><U73/><E73/><V39/><F39/><W55/><G55/><T17/><D120/><U56/><E56/><V117/><F58/><W81/><AGARI ba="2,1" hai="44,45,81,84,88" m="18474,34159,2643" machi="81" ten="40,2700,0" yaku="8,1,54,1" doraHai="66,63" who="3" fromWho="3" sc="296,-9,267,-9,386,-15,41,43" /><INIT seed="7,0,0,3,1,108" ten="287,258,371,84" oya="3" hai0="75,38,76,131,110,102,104,42,7,57,85,39,62" hai1="67,78,122,22,120,77,93,37,54,97,119,71,105" hai2="44,133,50,130,36,128,65,63,69,0,29,46,106" hai3="21,83,18,68,116,98,4,32,82,84,124,10,49"/><W2/><G116/><T87/><D110/><U61/><E105/><V94/><F106/><W24/><G124/><T81/><D131/><N who="2" m="50218" /><F133/><W58/><G68/><T88/><D7/><U40/><E119/><V132/><F132/><W13/><G98/><N who="0" m="61527" /><D85/><U89/><E54/><V9/><F29/><N who="3" m="19495" /><G84/><T16/><D16/><U123/><E22/><V27/><F69/><W1/><G2/><T55/><D42/><U103/><E103/><V17/><F0/><W86/><G86/><T135/><D135/><U117/><E117/><V20/><F94/><AGARI ba="0,0" hai="38,39,55,57,62,75,76,81,87,88,94" m="61527" machi="94" ten="30,2000,0" yaku="24,1,54,1" doraHai="108" who="0" fromWho="2" sc="287,20,258,0,371,-20,84,0" owari="307,11.0,258,-14.0,351,45.0,84,-42.0" /></mjloggm>