<mjloggm ver="2.3"><GO type="41" lobby="0"/><UN n0="%6A%6F%65%79%5F%30%31" n1="%E6%9D%B1%E6%B5%B7%E4%B8%AD%E9%80%80" n2="%E5%B0%B1%E6%B4%BB%E7%94%9F%40%E5%B7%9D%E6%9D%91%E8%BB%8D%E5%9B%A3" n3="%52%41%44%49%41%4E%43%45" dan="13,14,17,16" rate="1851.11,1892.45,2179.18,2079.42" sx="M,M,M,M"/><TAIKYOKU oya="0"/><INIT seed="0,0,0,5,4,89" ten="250,250,250,250" oya="0" hai0="24,95,121,103,107,63,54,19,22,88,49,56,21" hai1="15,127,126,123,3,72,4,93,62,110,131,34,44" hai2="38,120,114,41,86,128,135,40,80,9,55,104,53" hai3="12,27,77,58,87,117,133,96,81,48,109,13,6"/><T92/><D107/><U82/><E123/><V0/><F120/><W79/><G117/><T31/><D121/><U97/><E3/><V94/><F104/><W36/><G36/><T83/><D103/><U32/><E131/><V43/><F38/><W52/><G109/><T65/><D83/><U125/><E110/><V76/><F135/><W132/><G79/><T18/><D88/><N who="1" m="55463" /><E62/><V50/><F114/><W42/><G42/><T91/><D91/><U20/><E44/><V10/><F0/><W67/><G67/><T100/><D100/><U2/><E2/><V30/><F30/><W124/><G124/><T75/><D75/><U90/><E4/><V71/><F71/><W98/><G27/><N who="0" m="14775" /><D31/><U69/><E69/><V59/><F128/><W99/><REACH who="3" step="1"/><G6/><REACH who="3" ten="250,250,250,240" step="2"/><T118/><D118/><U105/><E105/><V28/><F53/><W108/><G108/><T68/><D68/><U23/><E72/><V122/><F122/><W8/><G8/><T115/><D115/><U37/><E37/><V35/><F10/><W101/><G101/><T78/><D78/><U85/><E15/><AGARI ba="0,1" hai="12,13,15,48,52,58,77,81,87,96,98,99,132,133" machi="15" ten="40,5200,0" yaku="1,1,54,1,53,1" doraHai="89" doraHaiUra="47" who="3" fromWho="1" sc="250,0,250,-52,250,0,240,62" /><INIT seed="1,0,0,2,1,88" ten="250,198,250,302" oya="1" hai0="4,51,89,90,40,117,72,118,94,24,61,128,84" hai1="27,66,9,23,80,1,26,2,18,54,57,114,22" hai2="83,109,37,123,106,81,3,14,108,115,59,52,91" hai3="5,85,105,73,38,7,36,116,103,95,110,41,120"/><U107/><E107/><V126/><F3/><W119/><G120/><T131/><D72/><U69/><E114/><V86/><F123/><W15/><G73/><T53/><D4/><U65/><E69/><V13/><F37/><W78/><G105/><T31/><D89/><U10/><E80/><V20/><F106/><W132/><G110/><N who="2" m="42601" /><F115/><W134/><G41/><T113/><D61/><U62/><E2/><V127/><F81/><N who="3" m="47287" /><G36/><T99/><D99/><U63/><E1/><V56/><F56/><W21/><G38/><T96/><D96/><U58/><E54/><V79/><F79/><W49/><G49/><T121/><D40/><U17/><AGARI ba="0,0" hai="9,10,17,18,22,23,26,27,57,58,62,63,65,66" machi="17" ten="20,18000,2" yaku="0,1,7,1,32,3,8,1" doraHai="88" who="1" fromWho="1" sc="250,-60,198,180,250,-60,302,-60" /><INIT seed="1,1,0,1,5,64" ten="190,378,190,242" oya="1" hai0="2,78,87,110,115,126,50,75,105,66,85,131,121" hai1="117,119,8,132,36,13,57,108,112,97,0,43,90" hai2="65,100,82,21,80,104,116,96,28,99,61,68,88" hai3="91,77,14,130,122,89,6,73,86,17,95,22,19"/><U109/><E0/><V52/><F116/><W34/><G122/><T123/><D66/><U5/><E112/><V106/><F28/><W38/><G34/><T47/><D105/><U16/><E132/><V76/><F21/><W12/><G38/><T133/><D115/><U9/><E57/><V74/><F52/><W71/><G6/><T11/><D75/><U51/><E36/><V113/><F113/><W55/><G130/><T20/><D131/><U127/><E127/><V15/><F15/><W32/><G32/><T124/><D133/><U135/><E135/><V114/><F114/><W120/><G120/><N who="0" m="46155" /><D110/><N who="1" m="42603" /><E9/><V92/><F80/><W83/><G89/><T48/><D20/><U93/><E5/><V60/><F60/><W84/><G55/><T134/><D134/><U81/><E81/><V35/><F35/><W18/><G71/><T98/><D2/><U1/><E1/><V45/><F45/><AGARI ba="1,0" hai="8,13,16,43,45,51,90,93,97,117,119" m="42603" machi="45" ten="30,5800,0" yaku="14,1,10,1,54,1" doraHai="64" who="1" fromWho="2" sc="190,0,378,61,190,-61,242,0" /><INIT seed="1,2,0,5,4,16" ten="190,439,129,242" oya="1" hai0="8,108,88,135,103,75,119,23,74,70,58,99,10" hai1="21,97,76,100,127,128,117,79,18,125,94,90,131" hai2="68,39,49,28,123,20,116,78,48,51,30,61,12" hai3="11,56,132,35,84,130,64,44,52,59,72,29,17"/><U37/><E37/><V50/><F39/><W27/><G72/><T121/><D70/><U106/><E117/><V110/><F123/><W62/><G130/><N who="1" m="49706" /><E21/><V89/><F116/><W93/><G44/><T26/><D75/><U67/><E67/><V129/><F129/><W34/><G132/><T118/><D135/><U0/><E18/><V83/><F110/><W124/><G124/><N who="1" m="47690" /><E0/><V38/><F38/><W42/><G42/><T36/><D108/><U102/><E102/><V54/><F89/><W32/><G84/><AGARI ba="2,0" hai="76,79,84,90,94,97,100,106" m="47690,49706" machi="84" ten="30,11600,0" yaku="19,1,18,1,34,2" doraHai="16" who="1" fromWho="3" sc="190,0,439,122,129,0,242,-122" /><INIT seed="1,3,0,1,0,125" ten="190,561,129,120" oya="1" hai0="99,71,68,84,13,79,23,28,34,116,47,117,93" hai1="73,128,1,44,70,0,53,126,72,122,76,5,19" hai2="54,91,37,89,42,40,36,43,123,48,60,86,95" hai3="46,121,111,119,134,118,59,103,21,17,87,105,49"/><U51/><E122/><V90/><F123/><W101/><G121/><T114/><D34/><U9/><E70/><V88/><REACH who="2" step="1"/><F60/><REACH who="2" ten="190,561,119,120" step="2"/><W30/><G118/><T135/><D116/><U130/><E126/><V97/><F97/><W38/><G119/><T67/><D117/><U20/><E0/><V39/><F39/><W55/><G38/><T45/><D135/><U2/><E2/><V8/><F8/><W110/><G134/><T78/><D99/><U107/><E107/><V66/><F66/><W92/><G105/><T62/><D114/><U12/><REACH who="1" step="1"/><E76/><REACH who="1" ten="190,551,119,120" step="2"/><V81/><F81/><W6/><G111/><T98/><D78/><U104/><E104/><V11/><F11/><W129/><G110/><T94/><D79/><U61/><E61/><V109/><F109/><W102/><G49/><T29/><D62/><U14/><E14/><V32/><F32/><W69/><G69/><T52/><D13/><U96/><E96/><V132/><F132/><W22/><G21/><T58/><D68/><U100/><E100/><V64/><F64/><W74/><G22/><T15/><D67/><U31/><E31/><V133/><F133/><W124/><G30/><T41/><D71/><U131/><AGARI ba="3,2" hai="1,5,9,12,19,20,44,51,53,72,73,128,130,131" machi="131" ten="30,18000,2" yaku="1,1,0,1,19,1,52,3,53,1" doraHai="125" doraHaiUra="4" who="1" fromWho="1" sc="190,-63,551,209,119,-63,120,-63" /><INIT seed="1,4,0,0,4,81" ten="127,760,56,57" oya="1" hai0="27,79,22,26,128,84,28,62,86,134,48,119,71" hai1="72,97,78,31,102,73,129,53,108,35,42,96,0" hai2="135,127,120,87,3,100,107,68,55,24,75,52,91" hai3="114,80,83,92,117,18,99,85,69,70,110,111,130"/><U89/><E0/><V13/><F120/><W32/><G32/><T125/><D119/><U105/><E42/><V132/><F3/><W38/><G38/><T25/><D128/><U126/><E53/><V67/><F75/><N who="1" m="28745" /><E35/><V43/><F43/><W122/><G122/><T19/><D71/><U104/><E31/><V113/><F127/><W17/><G130/><T7/><D134/><N who="2" m="51242" /><F113/><W5/><G5/><T15/><D125/><U54/><E54/><V12/><F100/><W23/><G114/><T65/><D7/><U61/><E61/><N who="2" m="40047" /><F107/><W36/><G36/><T56/><D48/><U45/><E45/><V46/><F24/><W63/><G63/><T109/><D109/><N who="3" m="41481" /><G83/><T64/><D64/><U14/><E14/><N who="2" m="5739" /><F46/><W4/><G4/><T10/><REACH who="0" step="1"/><D79/><REACH who="0" ten="117,760,56,57" step="2"/><U124/><E108/><V98/><F98/><W16/><G117/><T74/><D74/><U60/><E129/><V66/><F66/><W2/><G70/><T133/><D133/><U76/><E60/><V95/><AGARI ba="4,1" hai="52,55,87,91,95" m="5739,40047,51242" machi="95" ten="30,4000,0" yaku="20,1,52,1,54,1" doraHai="81" who="2" fromWho="2" sc="117,-14,760,-24,56,62,57,-14" /><INIT seed="2,0,0,4,2,105" ten="103,736,118,43" oya="2" hai0="41,90,47,85,127,42,87,27,0,69,72,123,28" hai1="52,24,33,39,19,70,125,15,21,58,121,71,122" hai2="16,61,49,38,80,81,45,135,78,11,94,36,53" hai3="86,57,54,40,63,20,116,99,79,2,67,74,129"/><V115/><F115/><W92/><G116/><T4/><D69/><U23/><E33/><V7/><F135/><W112/><G2/><T43/><D123/><N who="1" m="47115" /><E39/><V98/><F61/><W55/><G112/><T73/><D0/><U110/><E110/><V101/><F80/><N who="3" m="47391" /><G40/><T114/><D4/><U8/><E125/><V22/><F11/><W132/><G74/><T17/><D127/><U46/><E46/><V128/><F7/><W107/><G107/><T106/><D106/><U111/><E111/><V103/><F128/><W13/><G132/><T84/><D17/><N who="1" m="8423" /><E23/><V34/><F34/><W97/><G129/><T124/><D114/><U62/><AGARI ba="0,0" hai="19,21,24,52,58,62,70,71" m="8423,47115" machi="62" ten="30,2000,0" yaku="13,1,54,1" doraHai="105" who="1" fromWho="1" sc="103,-5,736,20,118,-10,43,-5" /><INIT seed="3,0,0,5,3,120" ten="98,756,108,38" oya="3" hai0="15,8,102,126,49,28,14,62,96,24,109,39,114" hai1="1,13,90,87,44,31,132,85,74,41,23,34,9" hai2="42,12,129,115,38,0,83,75,7,69,10,131,17" hai3="54,58,33,86,116,6,88,127,76,125,101,94,118"/><W78/><G33/><T70/><D39/><U104/><E74/><V93/><F69/><W11/><G101/><T112/><D15/><U128/><E104/><V35/><F35/><W64/><G64/><T29/><D126/><N who="3" m="48137" /><G116/><T110/><D70/><U61/><E34/><V100/><F115/><N who="0" m="44074" /><D49/><U37/><E1/><V72/><F100/><W122/><G122/><T27/><D62/><U16/><E132/><V36/><F93/><W113/><G118/><T91/><D91/><U25/><E128/><N who="2" m="49227" /><F83/><W98/><G98/><T108/><D27/><U65/><E90/><V133/><F133/><W18/><G18/><N who="0" m="8519" /><D24/><U4/><E4/><V67/><F67/><W30/><G30/><T2/><D2/><U56/><AGARI ba="0,0" hai="9,13,16,23,25,31,37,41,44,56,61,65,85,87" machi="56" ten="20,2700,0" yaku="0,1,7,1,54,1" doraHai="120" who="1" fromWho="1" sc="98,-7,756,27,108,-7,38,-13" /><INIT seed="4,0,0,0,4,20" ten="91,783,101,25" oya="0" hai0="108,23,97,123,116,10,27,118,85,105,135,61,69" hai1="112,58,53,77,131,100,92,71,35,41,38,90,78" hai2="63,134,32,99,94,93,28,51,31,73,101,115,62" hai3="12,36,79,7,60,103,4,15,50,14,43,39,22"/><T81/><D123/><U104/><E71/><V130/><F73/><W45/><G103/><T132/><D69/><U57/><E131/><V113/><F130/><W64/><G79/><T76/><D108/><U87/><E112/><N who="2" m="43083" /><F134/><N who="0" m="51242" /><D61/><N who="2" m="23050" /><F32/><W80/><G80/><T56/><D56/><U89/><E89/><V46/><F94/><W44/><G39/><T25/><D10/><U120/><E35/><V117/><F117/><N who="0" m="45162" /><D23/><U54/><E120/><V66/><F66/><W34/><G34/><T55/><D55/><AGARI ba="0,0" hai="28,31,46,51,55,93,99,101" m="23050,43083" machi="55" ten="30,1000,0" yaku="15,1" doraHai="20" who="2" fromWho="0" sc="91,-10,783,0,101,10,25,0" /><INIT seed="5,0,0,4,2,91" ten="81,783,111,25" oya="1" hai0="128,81,15,111,67,24,66,82,63,123,57,51,9" hai1="54,43,109,60,42,36,11,107,120,118,30,90,22" hai2="76,19,130,80,28,116,41,38,87,84,39,69,53" hai3="6,103,83,115,50,104,8,72,92,102,98,95,75"/><U100/><E118/><V106/><F106/><W59/><G115/><T68/><D111/><U113/><E109/><V129/><F69/><W49/><G49/><T134/><D66/><U56/><E120/><V93/><F116/><W117/><G117/><T105/><D105/><U65/><E113/><V119/><F119/><W34/><G34/><T78/><D82/><U4/><E36/><V48/><F28/><W25/><G25/><T114/><D114/><U125/><E125/><V45/><F19/><W37/><G37/><T27/><D123/><U89/><E107/><V10/><F10/><W99/><G83/><T124/><D134/><U135/><E100/><V33/><F33/><W122/><G122/><T127/><D128/><N who="2" m="49258" /><F41/><W52/><G104/><T20/><D51/><U64/><E135/><V18/><F18/><W17/><G17/><N who="0" m="8431" /><D68/><U32/><E32/><V62/><F62/><W126/><G126/><N who="0" m="48171" /><D20/><U85/><E90/><AGARI ba="0,0" hai="38,39,45,48,53,76,80,84,87,90,93" m="49258" machi="90" ten="30,2000,0" yaku="19,1,52,1" doraHai="91" who="2" fromWho="1" sc="81,0,783,-20,111,20,25,0" /><INIT seed="6,0,0,1,2,88" ten="81,763,131,25" oya="2" hai0="42,68,61,70,114,2,8,117,1,51,56,0,78" hai1="94,113,34,49,134,71,5,60,50,67,29,35,31" hai2="86,131,26,15,96,74,57,17,73,122,125,116,46" hai3="4,41,39,28,107,9,19,97,108,76,77,64,20"/><V85/><F122/><W124/><G108/><T43/><D117/><U6/><E134/><V128/><F116/><W100/><G124/><T69/><D114/><U92/><E113/><V103/><F26/><W106/><G106/><T130/><D130/><N who="2" m="49706" /><F57/><W91/><G91/><T16/><D78/><U14/><E14/><V32/><F32/><W87/><G87/><N who="2" m="33289" /><F46/><W12/><G64/><T120/><D120/><U21/><E21/><N who="2" m="11455" /><F125/><W89/><G89/><T30/><D30/><U84/><E84/><V47/><F47/><W33/><G41/><T102/><D102/><U54/><E54/><V123/><F123/><W55/><G55/><T23/><D8/><U132/><E132/><V135/><F135/><W72/><G39/><T38/><D38/><U101/><E101/><V22/><F22/><W119/><G72/><T75/><D75/><U53/><E53/><V52/><F52/><W48/><G48/><T7/><D69/><U115/><E115/><V118/><F118/><W44/><G44/><N who="0" m="26007" /><D43/><U25/><E50/><V90/><F90/><W129/><G119/><T58/><D58/><U81/><E81/><V59/><F59/><W18/><G129/><T82/><D82/><U133/><E49/><V105/><AGARI ba="0,0" hai="73,74,96,103,105" m="11455,33289,49706" machi="105" ten="30,1500,0" yaku="19,1" doraHai="88" who="2" fromWho="2" sc="81,-5,763,-5,131,15,25,-5" /><INIT seed="6,1,0,3,1,126" ten="76,758,146,20" oya="2" hai0="76,86,47,30,34,106,48,104,28,90,105,26,134" hai1="62,15,135,63,101,66,51,58,70,100,13,119,50" hai2="23,91,9,17,121,89,49,14,60,20,116,132,103" hai3="67,107,118,123,54,112,43,79,4,2,36,72,61"/><V108/><F121/><W88/><G123/><T16/><D134/><U80/><E119/><V19/><F116/><W53/><G118/><T95/><D30/><U124/><E135/><V113/><F132/><W69/><G107/><T46/><D48/><U38/><E38/><V96/><F113/><W85/><G112/><T102/><D102/><U130/><E124/><V74/><F74/><W109/><G109/><T25/><REACH who="0" step="1"/><D76/><REACH who="0" ten="66,758,146,20" step="2"/><U97/><E101/><V27/><F108/><W29/><G29/><T12/><D12/><U125/><E125/><V120/><F49/><W71/><G79/><T92/><D92/><U77/><E51/><V59/><F120/><W52/><G72/><T110/><D110/><U131/><E50/><V68/><F91/><W35/><G36/><T127/><D127/><U24/><E15/><V22/><F89/><W21/><G43/><T41/><D41/><U18/><E24/><V64/><F68/><W115/><G71/><T75/><D75/><U8/><E70/><V133/><F133/><W98/><G115/><T6/><D6/><U81/><E81/><V0/><F0/><W73/><G73/><T65/><D65/><U39/><E39/><V55/><F64/><W78/><G4/><T99/><D99/><U129/><E100/><V128/><F96/><W84/><G2/><T5/><D5/><U7/><E97/><V93/><F103/><W114/><G98/><T56/><D56/><U42/><E42/><V45/><F93/><W33/><G114/><T44/><D44/><U37/><E37/><V94/><F94/><W10/><G69/><RYUUKYOKU ba="1,1" sc="66,30,758,-10,146,-10,20,-10" hai0="16,25,26,28,34,46,47,86,90,95,104,105,106" /><INIT seed="7,2,1,0,0,125" ten="96,748,136,10" oya="3" hai0="115,102,32,74,66,96,16,128,3,2,89,135,121" hai1="39,54,88,43,77,18,118,49,117,75,70,4,109" hai2="116,92,100,134,63,98,67,113,111,127,7,8,110" hai3="61,90,50,120,20,114,41,10,23,131,34,84,55"/><W27/><G120/><T76/><D121/><U107/><E70/><V11/><F116/><N who="1" m="44649" /><E109/><V57/><F127/><W19/><G114/><T14/><D115/><U97/><E4/><V105/><F113/><W29/><G131/><T35/><D128/><U31/><E31/><V52/><F134/><W69/><G41/><T37/><D66/><U106/><E18/><V24/><F105/><W13/><G61/><T65/><D37/><U81/><E43/><V30/><F52/><W6/><G69/><T130/><D74/><U38/><E107/><V126/><F126/><W123/><G123/><T56/><D76/><U104/><E104/><V95/><F95/><W99/><G99/><T94/><D135/><U86/><E97/><V112/><F112/><W119/><G119/><T28/><D102/><U21/><E21/><N who="2" m="15631" /><F11/><W101/><G101/><T103/><D94/><N who="1" m="54551" /><E106/><V48/><F48/><W0/><G20/><T15/><D103/><U80/><E80/><V68/><F68/><W108/><G108/><T122/><D28/><U124/><E124/><V36/><F36/><W59/><G84/><T17/><D3/><AGARI ba="2,1" hai="3,7,8,57,63,67,92,98,100,110,111" m="15631" machi="3" ten="30,1000,0" yaku="25,1" doraHai="125" who="2" fromWho="0" sc="96,-16,748,0,136,26,10,0" owari="80,-32.0,748,85.0,162,-4.0,10,-49.0" /></mjloggm>