<mjloggm ver="2.3"><GO type="169" lobby="0"/><UN n0="%E3%81%BF%E3%81%A3%E3%81%A4%E3%81%83%EF%BD%9E" n1="%E3%81%A9%E3%83%BC%E3%81%91" n2="%E3%83%88%E3%83%88%E3%83%AA%E5%85%88%E7%94%9F%31%39%E6%AD%B3" n3="%2E%44%49%56%41" dan="17,16,19,16" rate="2108.29,2067.55,2269.58,2003.13" sx="F,M,F,M"/><TAIKYOKU oya="0"/><INIT seed="0,0,0,2,4,60" ten="250,250,250,250" oya="0" hai0="45,116,13,34,63,81,68,129,131,96,58,46,11" hai1="36,53,121,101,41,22,59,8,61,32,109,114,50" hai2="17,28,26,5,43,73,102,23,20,133,12,124,98" hai3="44,1,71,30,52,134,31,112,128,89,6,7,113"/><T49/><D116/><U67/><E32/><V85/><F133/><W66/><G128/><N who="0" m="49227" /><D34/><U119/><E119/><V56/><F124/><W15/><G1/><T111/><D111/><U104/><E121/><V103/><F73/><W105/><G105/><T115/><D115/><U92/><E114/><V51/><F98/><W93/><G134/><T120/><D120/><U16/><E109/><V132/><F132/><W126/><G126/><T108/><D108/><U72/><E72/><V9/><F85/><N who="3" m="52399" /><G71/><T110/><D110/><U83/><E83/><V65/><F43/><W25/><G112/><T107/><D81/><U62/><E62/><N who="2" m="38087" /><F51/><N who="3" m="28775" /><G113/><T117/><D49/><U0/><E104/><V80/><F80/><W3/><G3/><T33/><D68/><N who="1" m="42095" /><E101/><N who="2" m="38411" /><F23/><N who="3" m="15679" /><G31/><AGARI ba="0,0" hai="5,9,12,17,20,26,28,31" m="38411,38087" machi="31" ten="30,2000,0" yaku="8,1,52,1" doraHai="60" who="2" fromWho="3" sc="250,0,250,0,250,20,250,-20" /><INIT seed="1,0,0,1,4,65" ten="250,250,270,230" oya="1" hai0="110,41,57,25,78,124,106,34,100,103,35,7,119" hai1="68,95,54,109,125,130,89,49,59,10,52,12,135" hai2="75,92,23,9,123,8,127,83,40,22,128,66,90" hai3="116,2,133,82,15,98,87,19,67,6,64,72,91"/><U29/><E125/><V46/><F123/><W121/><G121/><T114/><D119/><U86/><E130/><V88/><F128/><W117/><G133/><T51/><D114/><U102/><E135/><V28/><F127/><W105/><G6/><T18/><D7/><U43/><E109/><V16/><F66/><W20/><G2/><T26/><D78/><U24/><E43/><V39/><F23/><W37/><G37/><T93/><D106/><U74/><E74/><V55/><F28/><W79/><G98/><T33/><D110/><U17/><E68/><V32/><F32/><W107/><G107/><T85/><D124/><U0/><E0/><V70/><F70/><W129/><G129/><T44/><D57/><U45/><E102/><V104/><F55/><W61/><G105/><T11/><D103/><U56/><REACH who="1" step="1"/><E54/><REACH who="1" ten="250,240,270,230" step="2"/><V71/><F71/><W73/><G67/><T1/><D100/><U69/><E69/><V94/><F104/><W112/><G73/><T42/><D1/><U131/><E131/><V108/><F108/><W27/><G116/><T96/><D42/><U81/><E81/><V63/><F83/><N who="3" m="49663" /><G117/><T115/><D41/><U111/><E111/><V21/><F75/><W48/><G82/><T31/><D115/><U38/><E38/><V14/><F39/><W53/><G112/><T30/><D93/><U50/><E50/><V113/><F113/><W36/><G36/><T97/><D51/><U13/><E13/><N who="2" m="7215" /><F94/><W4/><G53/><T5/><D35/><AGARI ba="0,1" hai="10,12,17,24,29,35,45,49,52,56,59,86,89,95" machi="35" ten="30,5800,0" yaku="1,1,7,1,54,1,53,0" doraHai="65" doraHaiUra="62" who="1" fromWho="0" sc="250,-58,240,68,270,0,230,0" /><INIT seed="1,1,0,2,5,132" ten="192,308,270,230" oya="1" hai0="67,28,53,52,82,35,117,119,13,36,32,72,41" hai1="22,129,17,60,76,33,111,78,99,106,48,101,114" hai2="66,64,38,16,69,123,125,3,91,63,83,107,89" hai3="34,120,11,126,124,86,25,112,79,49,21,94,96"/><U93/><E114/><V110/><F123/><W19/><G120/><T95/><D67/><U23/><E33/><V90/><F3/><W62/><G112/><T27/><D35/><U128/><E111/><V84/><F38/><W127/><G62/><T24/><D24/><U15/><E23/><V20/><F107/><W10/><G49/><T0/><D0/><U81/><E60/><V97/><F110/><W56/><G56/><T42/><D95/><U6/><E6/><V104/><F64/><W9/><G34/><T73/><D13/><U47/><E106/><V77/><F125/><W45/><G45/><T8/><D8/><U58/><E58/><V70/><F104/><W54/><G54/><T50/><D53/><U74/><REACH who="1" step="1"/><E78/><REACH who="1" ten="192,298,270,230" step="2"/><V65/><F65/><W26/><G79/><T68/><D68/><U80/><E80/><V108/><F108/><W59/><G59/><T5/><D82/><U116/><E116/><V12/><REACH who="2" step="1"/><F69/><REACH who="2" ten="192,298,260,230" step="2"/><W118/><G118/><T87/><D119/><U102/><E102/><V31/><F31/><W133/><G133/><T100/><D117/><U51/><E51/><V2/><F2/><W37/><G37/><T92/><D100/><U43/><AGARI ba="1,2" hai="15,17,22,43,47,48,74,76,81,93,99,101,128,129" machi="43" ten="30,6000,0" yaku="1,1,0,1,53,1" doraHai="132" doraHaiUra="14" who="1" fromWho="1" sc="192,-21,298,83,260,-21,230,-21" /><INIT seed="1,2,0,1,1,89" ten="171,381,239,209" oya="1" hai0="69,127,107,22,70,55,116,82,134,104,67,112,65" hai1="42,75,43,108,125,1,99,37,33,5,12,87,124" hai2="24,93,101,16,26,72,105,36,114,117,110,61,4" hai3="135,21,6,30,83,129,3,60,29,59,79,58,115"/><U53/><E33/><V14/><F117/><W39/><G115/><T10/><D112/><U32/><E75/><V113/><F36/><W41/><G129/><T95/><D116/><U49/><E108/><V100/><F72/><N who="3" m="43495" /><G135/><T0/><D134/><U123/><E123/><V78/><F105/><W19/><G19/><T102/><D127/><N who="1" m="48715" /><E32/><V8/><F78/><W28/><G21/><T7/><D55/><U71/><E71/><V73/><F73/><W48/><G48/><T91/><D82/><U76/><E1/><V133/><F110/><W45/><G60/><T27/><D102/><U97/><E37/><V9/><F133/><W68/><G68/><T13/><D0/><U85/><E5/><V96/><F101/><W84/><G84/><N who="1" m="32330" /><E12/><N who="2" m="5159" /><F114/><W74/><G74/><T18/><D70/><U25/><E25/><V52/><F113/><W88/><G88/><T15/><D27/><U35/><E76/><V44/><F61/><W2/><G2/><T130/><D69/><U121/><E35/><V132/><F132/><W66/><G66/><T128/><D67/><U62/><E62/><V92/><F26/><W90/><G90/><T20/><D65/><U109/><E121/><V17/><F24/><W50/><G50/><T120/><D120/><U77/><E77/><V98/><F17/><W103/><G103/><T54/><D130/><U81/><E81/><V119/><F119/><W131/><G131/><T56/><D128/><U11/><E11/><AGARI ba="2,0" hai="3,6,11,28,29,30,39,41,45,58,59" m="43495" machi="11" ten="30,1000,0" yaku="25,1" doraHai="89" who="3" fromWho="1" sc="171,0,381,-16,239,0,209,16" /><INIT seed="2,0,0,4,5,30" ten="171,365,239,225" oya="2" hai0="0,41,78,17,112,2,85,123,13,116,69,3,58" hai1="129,53,98,86,16,8,101,133,92,34,115,117,60" hai2="45,99,7,73,121,127,90,71,135,33,81,47,111" hai3="65,132,46,26,66,1,10,63,22,64,4,19,54"/><V110/><F121/><W5/><G132/><T25/><D112/><U102/><E117/><V23/><F71/><W124/><G124/><T32/><D123/><U76/><E115/><V77/><F135/><W106/><G106/><T42/><D69/><U50/><E133/><V55/><F127/><W120/><G120/><T107/><D107/><U52/><E129/><V12/><F33/><W79/><G79/><T74/><D116/><U103/><E34/><V51/><F45/><W11/><G46/><T31/><D74/><U84/><E60/><V24/><F12/><W114/><G54/><N who="1" m="21098" /><E50/><V93/><REACH who="2" step="1"/><F7/><REACH who="2" ten="171,365,229,225" step="2"/><W39/><G114/><T29/><D58/><U15/><E76/><V80/><F80/><W105/><G39/><T70/><D70/><U130/><E130/><V126/><F126/><W61/><G105/><T108/><D3/><AGARI ba="0,1" hai="1,3,4,5,10,11,19,22,26,61,63,64,65,66" machi="3" ten="40,1300,0" yaku="9,1" doraHai="30" who="3" fromWho="0" sc="171,-13,365,0,229,0,225,23" /><INIT seed="3,0,0,4,1,81" ten="158,365,229,248" oya="3" hai0="118,9,35,13,115,41,55,71,10,16,24,58,1" hai1="94,53,69,49,130,79,57,72,124,111,89,7,15" hai2="6,104,75,66,127,32,48,101,133,36,45,105,78" hai3="76,63,99,27,131,30,108,31,34,134,82,4,54"/><W22/><G131/><T38/><D118/><U12/><E130/><V97/><F32/><W120/><G120/><T73/><D115/><U135/><E124/><V28/><F28/><W56/><G134/><T110/><D110/><U64/><E111/><V43/><F127/><W83/><G108/><T88/><D71/><U128/><E128/><V116/><F116/><W93/><G4/><T25/><D73/><U47/><E69/><V50/><F133/><W109/><G109/><T21/><D38/><U40/><E72/><V122/><F122/><W85/><G82/><T125/><D125/><U98/><E79/><V80/><F104/><W91/><G34/><T126/><D126/><U70/><E135/><V23/><F23/><W20/><G20/><T8/><D41/><U39/><E7/><V77/><F77/><W102/><REACH who="3" step="1"/><G102/><REACH who="3" ten="158,365,229,238" step="2"/><T65/><D35/><U67/><E67/><V18/><F66/><W29/><AGARI ba="0,1" hai="22,27,29,30,31,54,56,63,76,83,85,91,93,99" machi="29" ten="20,18000,2" yaku="1,1,2,1,0,1,7,1,8,1,52,1,53,0" doraHai="81" doraHaiUra="33" who="3" fromWho="3" sc="158,-60,365,-60,229,-60,238,190" /><INIT seed="3,1,0,1,2,18" ten="98,305,169,428" oya="3" hai0="72,2,27,123,97,71,126,66,134,58,30,117,121" hai1="0,56,62,11,98,28,31,109,4,124,83,81,46" hai2="44,105,26,61,37,47,59,132,88,53,92,67,19" hai3="78,8,5,74,32,54,127,38,115,43,93,131,9"/><W60/><G115/><T95/><D134/><U21/><E124/><V104/><F132/><W23/><G32/><T6/><D117/><U130/><E109/><V133/><F133/><W94/><G131/><T12/><D126/><U113/><E130/><V64/><F104/><W63/><G127/><T103/><D72/><U3/><E113/><V96/><F105/><W50/><G43/><T39/><D71/><U118/><E118/><V116/><F116/><W52/><G38/><T40/><D2/><U110/><E3/><V75/><F75/><W102/><G78/><T25/><D39/><U86/><E110/><V10/><F10/><N who="3" m="4203" /><G5/><T111/><D40/><U48/><E98/><V34/><F34/><W42/><G74/><T114/><D111/><U85/><E48/><V120/><F120/><W128/><G42/><T24/><D114/><U129/><E46/><N who="2" m="17451" /><F37/><W107/><G107/><T20/><D6/><U7/><E7/><V13/><F13/><W14/><G102/><T57/><D57/><U15/><E129/><V36/><F36/><W29/><G54/><T125/><D125/><U99/><E99/><V90/><F90/><W22/><G14/><T65/><D12/><U68/><E68/><V84/><F84/><N who="1" m="32361" /><E0/><V91/><F91/><W106/><G106/><T89/><D89/><U55/><E31/><V41/><F41/><W87/><G29/><T33/><D66/><U101/><E101/><V108/><F108/><W1/><G87/><T82/><D82/><U80/><E28/><V51/><F51/><W135/><G135/><T77/><D33/><U119/><E119/><RYUUKYOKU ba="1,0" sc="98,-15,305,15,169,15,428,-15" hai1="4,11,15,21,55,56,62,80,81,83" hai2="19,26,53,59,61,64,67,88,92,96" /><INIT seed="4,2,0,3,0,82" ten="83,320,184,413" oya="0" hai0="78,100,121,23,52,126,14,87,73,69,84,50,80" hai1="86,16,75,19,18,109,3,97,117,65,33,108,36" hai2="124,107,53,131,81,111,40,98,30,21,125,15,112" hai3="70,9,1,106,20,105,12,62,42,22,101,46,99"/><T94/><D121/><U39/><E75/><V27/><F111/><W89/><G1/><T103/><D69/><U41/><E117/><V44/><F112/><W49/><G105/><T47/><D126/><N who="2" m="48746" /><F131/><W133/><G133/><T135/><D135/><U96/><E3/><V90/><F53/><W85/><G62/><T115/><D115/><U58/><E33/><V55/><F55/><W77/><G77/><T34/><D34/><U64/><E41/><V91/><F81/><W83/><G70/><T113/><D113/><U110/><E86/><V123/><F123/><W24/><G24/><T134/><D134/><U26/><E26/><V37/><F15/><W72/><G72/><T48/><D48/><U32/><E32/><V2/><F2/><W10/><G9/><T66/><D66/><N who="1" m="25707" /><E58/><V45/><F45/><W119/><G119/><T71/><D71/><U67/><N who="1" m="25715" /><U0/><DORA hai="132" /><E0/><V31/><F31/><W28/><G28/><T102/><REACH who="0" step="1"/><D94/><REACH who="0" ten="73,320,184,413" step="2"/><U17/><N who="1" m="4096" /><DORA hai="56" /><U5/><E5/><AGARI ba="2,1" hai="5,10,12,20,22,42,46,49,83,85,89,99,101,106" machi="5" ten="30,2000,0" yaku="7,1,52,1" doraHai="82,132,56" who="3" fromWho="1" sc="73,0,320,-26,184,0,413,36" /><INIT seed="5,0,0,1,1,113" ten="73,294,184,449" oya="1" hai0="64,96,106,127,44,102,86,39,121,93,30,115,53" hai1="49,110,28,90,47,25,124,35,40,18,94,123,66" hai2="16,114,92,71,51,50,112,135,84,45,55,119,13" hai3="14,116,133,105,7,8,32,72,4,73,0,118,107"/><U128/><E123/><V67/><F135/><W1/><G32/><T132/><D127/><U125/><E110/><V70/><F119/><N who="3" m="45611" /><G133/><T89/><D115/><N who="2" m="44074" /><F67/><W104/><G7/><T59/><D132/><U46/><E128/><V62/><F62/><W31/><G31/><T129/><D129/><U12/><E66/><V6/><F6/><W15/><G15/><T43/><D64/><U34/><E34/><V5/><F5/><W57/><G57/><T91/><D30/><U19/><E47/><N who="2" m="28127" /><F84/><W103/><G103/><T134/><D134/><U109/><E109/><V97/><F51/><W38/><G38/><T48/><REACH who="0" step="1"/><D91/><REACH who="0" ten="63,294,184,449" step="2"/><U52/><E125/><V68/><F68/><W65/><G65/><T88/><D88/><U79/><E124/><V100/><F45/><W42/><G42/><T108/><D108/><U126/><E126/><V22/><AGARI ba="0,1" hai="13,16,22,70,71,92,97,100" m="28127,44074" machi="22" ten="30,4000,0" yaku="15,1,11,1,54,1" doraHai="113" who="2" fromWho="2" sc="63,-10,294,-20,184,50,449,-10" /><INIT seed="6,0,0,5,0,65" ten="53,274,234,439" oya="2" hai0="7,38,73,58,26,29,62,100,113,1,107,116,4" hai1="118,41,72,84,57,78,115,47,95,51,3,91,130" hai2="55,35,5,114,36,97,69,101,19,106,89,59,32" hai3="70,44,96,43,21,67,27,39,12,98,134,71,17"/><V0/><F36/><W48/><G134/><T10/><D113/><U117/><E115/><V34/><F114/><W105/><G67/><T102/><D116/><U13/><E130/><V9/><F19/><W90/><G39/><T111/><D111/><U82/><E3/><V85/><F69/><W74/><G74/><T127/><D127/><U30/><E30/><V75/><F75/><W83/><G105/><T131/><D131/><U28/><E28/><V37/><F37/><W110/><G110/><T93/><D107/><U15/><E15/><V49/><REACH who="2" step="1"/><F35/><REACH who="2" ten="53,274,224,439" step="2"/><W68/><G70/><T40/><D38/><U8/><E57/><V132/><F132/><W103/><G68/><T56/><D58/><U124/><E124/><V6/><F6/><AGARI ba="0,1" hai="6,8,13,41,47,51,72,78,82,84,91,95,117,118" machi="6" ten="30,1000,0" yaku="7,1" doraHai="65" who="1" fromWho="2" sc="53,0,274,20,224,-10,439,0" /><INIT seed="7,0,0,2,1,131" ten="53,294,214,439" oya="3" hai0="6,97,56,28,43,5,126,108,40,54,33,67,69" hai1="75,60,27,8,1,16,98,68,34,118,18,74,25" hai2="51,47,70,73,32,49,78,93,77,64,128,134,19" hai3="24,117,21,89,94,30,81,57,10,79,83,124,52"/><W31/><G124/><T76/><D108/><U14/><E98/><V39/><F128/><W61/><G117/><T133/><D69/><U23/><E118/><V13/><F32/><W80/><G10/><T99/><D67/><U122/><E122/><V59/><F70/><W12/><G12/><T42/><D76/><U37/><E37/><V100/><F39/><W4/><G4/><T129/><D126/><U11/><E68/><V26/><F26/><N who="1" m="9737" /><E60/><V50/><F73/><W119/><G119/><T87/><D33/><U88/><E88/><V110/><F110/><W105/><G105/><T103/><D28/><U115/><E75/><V55/><F134/><W46/><G46/><T41/><D129/><U82/><E82/><V102/><F64/><W84/><G31/><T7/><N who="0" m="10240" /><DORA hai="116" /><T106/><D97/><AGARI ba="0,0" hai="21,24,30,52,57,61,79,80,81,83,84,89,94,97" machi="97" ten="30,5800,0" yaku="7,1,8,1,54,1" doraHai="131,116" who="3" fromWho="0" sc="53,-58,294,0,214,0,439,58" owari="-5,-51.0,294,9.0,214,-19.0,497,61.0" /></mjloggm>