<mjloggm ver="2.3"><GO type="97" lobby="0"/><UN n0="%6A%75%6E%2D%4B" n1="%4A%4F%4C%54" n2="%E5%B0%B1%E6%B4%BB%E7%94%9F%40%E5%B7%9D%E6%9D%91%E8%BB%8D%E5%9B%A3" n3="%E3%81%AB%E3%82%83%E2%98%86%E3%81%86%E3%83%BC%E3%82%93" dan="14,13,16,13" rate="1919.95,1859.37,2117.27,1909.07" sx="M,M,M,F"/><TAIKYOKU oya="0"/><INIT seed="0,0,0,2,3,7" ten="250,250,250,250" oya="0" hai0="19,50,103,124,34,67,79,75,102,45,11,20,71" hai1="27,52,17,123,38,9,3,111,41,61,93,99,105" hai2="133,56,48,62,117,54,60,134,4,64,16,78,68" hai3="6,127,108,49,70,65,24,126,21,116,66,88,43"/><T113/><D113/><U57/><E123/><V125/><F4/><W31/><G116/><T92/><D34/><U95/><E111/><V14/><F125/><N who="3" m="47627" /><G108/><T32/><D32/><U96/><E41/><V82/><F117/><W44/><G70/><T83/><D124/><U131/><E131/><V69/><F69/><W22/><G22/><T73/><D73/><U74/><E74/><V42/><F42/><W15/><G65/><T114/><D114/><U98/><E38/><V29/><F29/><W23/><G66/><T25/><D67/><U59/><E105/><V18/><F62/><W120/><G120/><T80/><D71/><U119/><E119/><V118/><F118/><W109/><G109/><T87/><D92/><U2/><E59/><V13/><F13/><W135/><G135/><N who="2" m="51721" /><F14/><W107/><G107/><T63/><D63/><U36/><E36/><V77/><F77/><W40/><G40/><T53/><D75/><AGARI ba="0,0" hai="16,18,48,54,56,60,64,68,75,78,82" m="51721" machi="75" ten="30,2000,0" yaku="20,1,54,1" doraHai="7" who="2" fromWho="0" sc="250,-20,250,0,250,20,250,0" /><INIT seed="1,0,0,4,5,33" ten="230,250,270,250" oya="1" hai0="103,9,98,80,79,43,112,59,114,46,21,109,101" hai1="88,126,52,23,31,8,18,4,78,89,77,12,61" hai2="74,51,53,118,11,0,35,2,20,48,104,28,82" hai3="122,45,19,127,99,116,73,92,69,67,54,39,72"/><U41/><E126/><V24/><F104/><W131/><G116/><T6/><D109/><U94/><E41/><V113/><F118/><W42/><G127/><T129/><D129/><U86/><E31/><V10/><F113/><W63/><G131/><T133/><D133/><U62/><E52/><V93/><F51/><W40/><G122/><T14/><D21/><U105/><E105/><V22/><F93/><W16/><G73/><T70/><D70/><U64/><E89/><V111/><F111/><W102/><G42/><T13/><D13/><U3/><E62/><V66/><F66/><W110/><G72/><T75/><D103/><U97/><REACH who="1" step="1"/><E86/><REACH who="1" ten="230,240,270,250" step="2"/><V15/><F53/><W49/><G110/><T47/><D114/><U95/><E95/><V108/><F108/><W71/><REACH who="3" step="1"/><G69/><AGARI ba="0,1" hai="3,4,8,12,18,23,61,64,69,77,78,88,94,97" machi="69" ten="30,11600,0" yaku="1,1,7,1,52,1,54,1,53,0" doraHai="33" doraHaiUra="27" who="1" fromWho="3" sc="230,0,240,126,270,0,250,-116" /><INIT seed="1,1,0,1,3,92" ten="230,366,270,134" oya="1" hai0="35,71,104,133,64,132,124,91,17,88,31,55,56" hai1="36,4,3,52,62,75,54,25,14,2,126,106,32" hai2="95,89,58,99,19,79,113,45,66,77,84,114,93" hai3="94,23,123,117,16,53,37,50,128,127,27,0,60"/><U73/><E36/><V90/><F45/><W98/><G123/><T10/><D104/><U67/><E106/><V22/><F66/><W18/><G128/><T48/><D124/><U122/><E122/><V119/><F58/><W49/><G117/><T70/><D31/><U57/><E126/><V131/><F131/><W13/><G37/><T61/><D35/><U108/><E108/><V42/><F42/><W130/><G127/><T34/><D34/><U120/><E120/><V11/><F11/><W38/><G130/><T6/><D17/><U46/><E2/><V59/><F59/><W125/><G38/><T24/><D24/><U39/><E3/><V86/><F119/><W135/><G135/><N who="0" m="51787" /><D70/><U51/><E75/><V109/><F109/><W101/><G0/><AGARI ba="1,0" hai="0,6,10,48,55,56,61,64,71,88,91" m="51787" machi="0" ten="30,2000,0" yaku="20,1,54,1" doraHai="92" who="0" fromWho="3" sc="230,23,366,0,270,0,134,-23" /><INIT seed="2,0,0,2,0,77" ten="253,366,270,111" oya="2" hai0="30,130,40,112,89,68,100,45,81,94,125,37,61" hai1="92,107,25,14,91,31,7,108,9,126,65,120,135" hai2="54,84,34,41,128,131,132,48,39,129,75,124,17" hai3="10,20,52,79,117,13,62,111,22,101,8,49,102"/><V97/><F34/><W67/><G117/><T57/><D112/><U86/><E107/><V133/><F75/><W122/><G122/><T78/><D68/><U119/><E119/><V72/><F72/><W35/><G35/><T74/><D130/><U1/><E120/><V16/><F97/><W50/><G111/><T3/><D125/><U70/><E108/><V2/><F2/><W115/><G115/><T116/><D116/><U123/><E123/><V15/><F124/><W55/><G79/><T19/><D100/><U64/><E126/><V73/><F73/><W98/><G67/><T96/><D30/><U44/><E70/><V71/><F71/><W80/><G62/><T58/><D3/><U90/><E135/><N who="2" m="51787" /><F15/><W26/><G98/><T109/><D109/><U113/><E113/><V43/><F84/><W106/><G106/><T114/><D114/><U12/><E44/><N who="2" m="23615" /><F43/><W27/><G13/><T88/><D19/><U87/><E1/><V53/><F53/><W32/><REACH who="3" step="1"/><G32/><REACH who="3" ten="253,366,270,101" step="2"/><T83/><D61/><U28/><E14/><V47/><AGARI ba="0,1" hai="16,17,47,48,54,128,129,131" m="23615,51787" machi="47" ten="40,7800,0" yaku="19,1,20,1,54,1" doraHai="77" who="2" fromWho="2" sc="253,-26,366,-26,270,88,101,-26" /><INIT seed="2,1,0,2,1,66" ten="227,340,358,75" oya="2" hai0="76,110,101,132,56,80,72,10,105,13,60,117,74" hai1="6,121,95,4,30,75,112,123,54,31,34,79,9" hai2="59,55,88,63,87,15,85,48,38,114,96,115,71" hai3="102,20,57,119,89,109,100,62,69,36,32,29,108"/><V70/><F38/><W83/><G36/><T40/><D110/><U45/><E112/><V23/><F96/><W65/><G119/><T81/><D117/><U78/><E75/><V24/><F87/><W22/><G22/><T77/><D132/><U97/><E34/><V103/><F103/><W41/><G41/><T118/><D40/><U12/><E6/><V35/><F35/><W28/><G83/><T3/><D3/><U92/><E45/><V111/><F111/><W82/><G109/><T67/><D118/><U18/><E54/><V17/><F24/><W99/><G108/><T52/><D101/><U94/><E97/><V0/><F0/><W39/><G39/><T58/><D105/><U53/><E53/><V7/><F7/><W122/><G122/><N who="1" m="46602" /><E4/><V2/><F2/><W131/><G131/><T91/><D91/><U84/><E84/><V5/><F5/><W64/><G32/><T135/><D135/><U68/><E68/><N who="2" m="26155" /><F63/><W26/><G29/><AGARI ba="1,0" hai="9,12,18,29,30,31,78,79,92,94,95" m="46602" machi="29" ten="30,1000,0" yaku="13,1" doraHai="66" who="1" fromWho="3" sc="227,0,340,13,358,0,75,-13" /><INIT seed="3,0,0,5,3,21" ten="227,353,358,62" oya="3" hai0="84,129,50,91,28,112,71,88,61,72,30,19,128" hai1="9,79,107,102,53,69,123,96,0,110,11,34,121" hai2="77,22,89,18,51,127,81,52,59,100,135,101,62" hai3="25,24,15,99,45,14,63,76,130,82,17,42,44"/><W13/><G130/><T95/><D72/><U31/><E53/><V36/><F36/><W68/><G68/><T38/><D38/><U119/><E110/><V109/><F109/><W40/><G99/><T46/><D112/><U126/><E11/><V87/><F127/><W67/><G17/><T1/><D1/><U48/><E48/><V125/><F125/><W134/><G134/><T49/><D49/><U4/><E126/><V20/><F20/><W70/><G76/><T37/><D37/><U2/><E119/><V131/><F131/><N who="0" m="50250" /><D91/><U80/><E0/><V7/><F7/><W122/><G82/><T116/><D116/><U12/><E12/><N who="2" m="9543" /><F135/><W98/><G98/><T60/><D19/><U86/><REACH who="1" step="1"/><E69/><REACH who="1" ten="227,343,358,62" step="2"/><V75/><F75/><W93/><G122/><T113/><D113/><U108/><E108/><V73/><F73/><W26/><REACH who="3" step="1"/><G93/><REACH who="3" ten="227,343,358,52" step="2"/><T132/><D132/><U23/><E23/><V133/><F133/><W115/><G115/><T117/><D117/><U54/><E54/><N who="2" m="34167" /><F77/><W103/><G103/><T106/><D71/><U29/><E29/><V120/><F120/><W41/><AGARI ba="0,2" hai="13,14,15,24,25,26,40,41,42,44,45,63,67,70" machi="41" ten="40,18000,2" yaku="1,1,0,1,29,2,52,3,53,0" doraHai="21" doraHaiUra="27" who="3" fromWho="3" sc="227,-60,343,-60,358,-60,52,200" /><INIT seed="3,1,0,3,0,65" ten="167,283,298,252" oya="3" hai0="86,52,21,76,101,16,62,58,1,125,4,120,84" hai1="33,83,5,2,104,102,126,61,75,85,17,117,25" hai2="128,31,81,6,45,135,72,97,103,112,115,29,46" hai3="40,44,22,14,15,28,119,96,67,88,113,41,69"/><W78/><G119/><T121/><D125/><U59/><E117/><V49/><F128/><W111/><G113/><T66/><D1/><U19/><E126/><V24/><F135/><W0/><G0/><T55/><D4/><U77/><E5/><V8/><F81/><W36/><G41/><T90/><D101/><U94/><E2/><V109/><F72/><W56/><G111/><T30/><D30/><U39/><E39/><V127/><F109/><W130/><G130/><T70/><D76/><U38/><E38/><V11/><F11/><W43/><G43/><T91/><D121/><U74/><E74/><V100/><F100/><W18/><G28/><T124/><D124/><U108/><E108/><V122/><F127/><W51/><G78/><T114/><D114/><U34/><E34/><V93/><F46/><W54/><G96/><T48/><D120/><U26/><E33/><V47/><F47/><W105/><G105/><T95/><D55/><U27/><E104/><V129/><F129/><W57/><G57/><T60/><D66/><U53/><REACH who="1" step="1"/><E75/><REACH who="1" ten="167,273,298,252" step="2"/><V131/><F131/><W80/><G80/><N who="0" m="49415" /><D70/><U106/><E106/><V87/><F122/><W64/><G69/><T63/><D63/><U12/><E12/><AGARI ba="1,1" hai="12,16,21,48,52,58,60,62,86,91,95" m="49415" machi="12" ten="30,7700,0" yaku="25,1,8,1,54,2" doraHai="65" who="0" fromWho="1" sc="167,90,273,-80,298,0,252,0" /><INIT seed="4,0,0,2,4,89" ten="257,193,298,252" oya="0" hai0="55,26,99,108,23,85,7,84,116,74,1,132,80" hai1="68,91,88,69,18,122,106,115,81,14,27,49,104" hai2="112,46,79,101,37,107,36,82,39,113,33,66,53" hai3="17,126,8,65,70,5,127,63,19,51,114,111,67"/><T0/><D116/><U71/><E122/><V60/><F33/><W12/><G111/><T92/><D74/><U131/><E131/><V75/><F53/><W15/><G114/><N who="2" m="44137" /><F46/><W110/><G110/><T135/><D108/><U87/><E115/><V93/><F93/><W9/><G51/><T31/><D55/><U28/><E49/><V96/><F39/><W50/><G50/><T120/><D120/><U125/><E125/><N who="3" m="47626" /><G67/><T109/><D109/><U119/><E91/><V95/><F107/><W10/><G5/><T129/><D129/><U86/><E86/><N who="0" m="33385" /><D80/><U72/><E72/><V35/><F35/><W59/><G70/><AGARI ba="0,0" hai="36,37,60,66,70,75,79,82,95,96,101" m="44137" machi="70" ten="30,2000,0" yaku="15,1,52,1" doraHai="89" who="2" fromWho="3" sc="257,0,193,0,298,20,252,-20" owari="257,6.0,193,-31.0,318,42.0,232,-17.0" /></mjloggm>