<mjloggm ver="2.3"><GO type="225" lobby="0"/><UN n0="%43%69%6E%65%63%75%73%73" n1="%E3%83%AD%E3%83%9C%E3%82%B3%E3%83%97" n2="%E3%82%A6%E3%83%AB%E3%83%88%E3%83%A9%E7%AB%8B%E7%9B%B4" n3="%44%4F%44%4F%4B%4F" dan="17,17,17,16" rate="2141.09,2138.85,2153.24,2060.59" sx="M,M,M,F"/><TAIKYOKU oya="0"/><INIT seed="0,0,0,5,5,122" ten="250,250,250,250" oya="0" hai0="29,125,84,33,2,40,61,97,123,59,30,95,45" hai1="77,128,92,109,96,5,65,7,108,51,42,12,31" hai2="87,116,83,49,69,10,127,32,113,91,55,14,66" hai3="57,63,73,100,80,62,4,13,46,26,98,71,133"/><T23/><D2/><U8/><E77/><V94/><F113/><W68/><G133/><T132/><D132/><U11/><E128/><V3/><F3/><W101/><G46/><T90/><D125/><U72/><E72/><V37/><F37/><W119/><G119/><T24/><D123/><U131/><E131/><V47/><F127/><W88/><G26/><T86/><D30/><U81/><E81/><V117/><F32/><W134/><G63/><T50/><REACH who="0" step="1"/><D33/><REACH who="0" ten="240,250,250,250" step="2"/><U39/><E31/><V44/><F117/><W103/><G134/><T16/><D16/><U129/><E129/><V110/><F116/><W0/><G0/><T114/><D114/><U43/><E39/><V19/><F19/><W130/><G130/><T53/><AGARI ba="0,1" hai="23,24,29,40,45,50,53,59,61,84,86,90,95,97" machi="53" ten="20,12000,1" yaku="1,1,0,1,7,1,8,1,53,1" doraHai="122" doraHaiUra="21" who="0" fromWho="0" sc="240,130,250,-40,250,-40,250,-40" /><INIT seed="0,1,0,5,4,105" ten="370,210,210,210" oya="0" hai0="18,52,104,53,28,80,57,35,21,82,25,65,4" hai1="81,20,90,121,19,94,114,83,102,113,97,130,73" hai2="111,44,126,70,48,45,68,71,26,40,58,23,78" hai3="129,59,10,33,51,96,77,123,66,134,119,7,30"/><T37/><D104/><U34/><E34/><V36/><F78/><W124/><G119/><T38/><D4/><U8/><E121/><V92/><F92/><W86/><G33/><T98/><D65/><U13/><E130/><V67/><F23/><W131/><G30/><T11/><D98/><U72/><E8/><V89/><F89/><W27/><G27/><T61/><D53/><U2/><E2/><V15/><F15/><W106/><G123/><T63/><D63/><U135/><E135/><V93/><F93/><W55/><G134/><T107/><D107/><U99/><E83/><V17/><F17/><W24/><G24/><T100/><D100/><U16/><E19/><V22/><F22/><W43/><G66/><T1/><D82/><U88/><E90/><V32/><F26/><W41/><G106/><T103/><D80/><U101/><E99/><V62/><F32/><W42/><G96/><T91/><D91/><U0/><E0/><V116/><F116/><W125/><G86/><T112/><D103/><N who="1" m="39435" /><E81/><V46/><F126/><N who="3" m="48747" /><G77/><T95/><D35/><U54/><E54/><N who="2" m="32071" /><F111/><W109/><G109/><T69/><D28/><U39/><E39/><V64/><F64/><W74/><G131/><T108/><D37/><U14/><E14/><V29/><F29/><W3/><G129/><T6/><D38/><U84/><E97/><V12/><F12/><W117/><G117/><T110/><D108/><U127/><E127/><V60/><F67/><W47/><G59/><T118/><D110/><U122/><E122/><V85/><F85/><W5/><G5/><T31/><D118/><RYUUKYOKU ba="1,0" sc="370,-30,210,10,210,10,210,10" hai1="13,16,20,72,73,84,88,94,113,114" hai2="36,40,44,45,46,60,62,68,70,71" hai3="3,7,10,41,42,43,47,51,55,74" /><INIT seed="1,2,0,4,0,70" ten="340,220,220,220" oya="1" hai0="37,94,3,4,14,113,66,28,132,57,127,20,62" hai1="23,31,117,105,24,18,78,79,65,103,122,123,93" hai2="50,21,2,12,41,51,89,107,7,121,13,90,104" hai3="63,75,47,0,68,102,128,45,6,77,1,99,91"/><U48/><E105/><V43/><F21/><W110/><G128/><T44/><D113/><U34/><E117/><V32/><F7/><W39/><G47/><T56/><D3/><U8/><E8/><V106/><F2/><W15/><G15/><T38/><D127/><U59/><E123/><V29/><F29/><W10/><G91/><T87/><D87/><U58/><E122/><V17/><F17/><W64/><G1/><T115/><D132/><U11/><E11/><V86/><F86/><W9/><G9/><T129/><D129/><U53/><E65/><V19/><F19/><W96/><G110/><T80/><D80/><U98/><REACH who="1" step="1"/><E59/><REACH who="1" ten="340,210,220,220" step="2"/><V76/><F106/><W118/><G118/><T16/><D57/><U92/><E92/><V119/><F119/><W108/><G108/><T95/><D94/><U22/><E22/><V5/><F121/><W83/><G102/><T133/><D95/><U135/><E135/><V30/><F5/><W134/><G134/><T101/><D56/><U116/><E116/><V100/><F100/><W49/><G10/><T46/><D66/><U25/><AGARI ba="2,1" hai="18,23,24,25,31,34,48,53,58,78,79,93,98,103" machi="25" ten="20,7800,0" yaku="1,1,0,1,7,1,53,1" doraHai="70" doraHaiUra="88" who="1" fromWho="1" sc="340,-28,210,94,220,-28,220,-28" /><INIT seed="1,3,0,5,0,31" ten="312,304,192,192" oya="1" hai0="82,130,52,23,40,123,125,127,121,35,88,95,70" hai1="86,113,120,55,1,3,129,108,80,93,101,56,50" hai2="69,49,20,27,115,73,29,0,21,9,48,43,53" hai3="91,67,11,87,78,118,41,107,134,111,63,99,92"/><U19/><E120/><N who="0" m="46153" /><D70/><U26/><E113/><V42/><F69/><W16/><G118/><T38/><D130/><U36/><E36/><V6/><F115/><W17/><G41/><T13/><D82/><U8/><E1/><V122/><F122/><W32/><G134/><T25/><D40/><U54/><E3/><V79/><F79/><W4/><G111/><T105/><D105/><U112/><E112/><V18/><F73/><W44/><G44/><T83/><D83/><U116/><E116/><V72/><F49/><W22/><G32/><T133/><D13/><U81/><E129/><V75/><F72/><W96/><G107/><T98/><D133/><U10/><E108/><V46/><REACH who="2" step="1"/><F75/><REACH who="2" ten="312,304,182,192" step="2"/><W76/><G78/><T51/><D38/><U64/><E50/><V45/><F45/><W61/><G76/><T30/><D23/><U126/><E56/><AGARI ba="3,1" hai="25,30,35,51,52,56,88,95,98,125,127" m="46153" machi="56" ten="30,7700,0" yaku="13,1,52,1,54,2" doraHai="31" who="0" fromWho="1" sc="312,96,304,-86,182,0,192,0" /><INIT seed="2,0,0,0,3,22" ten="408,218,182,192" oya="2" hai0="32,133,135,29,50,91,37,3,98,127,61,109,35" hai1="118,28,57,110,4,72,7,64,105,93,54,89,114" hai2="95,45,76,63,101,17,14,88,94,52,130,96,46" hai3="103,44,25,62,115,1,129,21,74,87,5,123,111"/><V132/><F130/><W16/><G74/><T97/><D37/><U86/><E118/><V90/><F76/><W78/><G123/><T131/><D3/><U24/><E114/><V9/><F132/><N who="0" m="50762" /><D131/><U66/><E72/><V13/><F13/><W116/><G116/><T67/><D109/><U122/><E105/><V34/><F34/><N who="0" m="12842" /><D29/><U77/><E77/><V0/><F0/><W42/><G129/><T106/><D106/><U15/><E110/><V92/><F92/><W27/><G103/><T85/><D50/><U47/><E47/><N who="2" m="17931" /><F95/><W49/><G111/><T121/><D127/><U6/><E15/><V126/><F126/><W120/><G120/><T68/><D121/><U100/><E100/><V104/><F104/><W124/><G124/><T128/><D128/><U60/><REACH who="1" step="1"/><E122/><REACH who="1" ten="408,208,182,192" step="2"/><V79/><F79/><W8/><G115/><T117/><D117/><U73/><E73/><V112/><F112/><W19/><G78/><T2/><D2/><U81/><E81/><AGARI ba="0,1" hai="61,67,68,81,85,91,97,98" m="12842,50762" machi="81" ten="30,1000,0" yaku="20,1" doraHai="22" who="0" fromWho="1" sc="408,20,208,-10,182,0,192,0" /><INIT seed="3,0,0,1,4,16" ten="428,198,182,192" oya="3" hai0="113,131,6,38,49,134,40,123,2,47,8,32,82" hai1="121,37,29,110,59,109,124,57,69,106,51,24,64" hai2="23,96,73,88,94,1,41,65,122,80,84,99,52" hai3="4,68,125,46,58,100,127,44,118,35,86,95,81"/><W120/><G68/><T92/><D123/><U33/><E106/><V5/><F1/><W97/><G35/><T103/><D134/><U54/><E121/><V0/><F122/><W12/><G120/><T48/><D131/><U132/><E37/><V10/><F41/><W34/><G34/><T70/><D70/><U25/><E132/><V60/><F52/><W15/><G118/><T45/><D32/><U129/><E129/><V30/><F73/><W28/><G28/><T7/><D7/><U93/><E69/><V14/><F0/><W117/><G117/><T89/><D113/><U133/><E133/><V77/><F99/><W71/><G71/><T111/><D111/><N who="1" m="42507" /><E93/><V116/><F116/><W19/><G58/><T126/><D103/><U78/><E78/><V53/><F53/><W91/><G4/><T13/><D2/><U74/><E74/><V66/><F60/><W27/><G27/><AGARI ba="0,0" hai="5,10,14,23,27,30,65,66,77,80,84,88,94,96" machi="27" ten="40,5200,0" yaku="8,1,52,1,54,1" doraHai="16" who="2" fromWho="3" sc="428,0,198,0,182,52,192,-52" owari="428,53.0,198,-20.0,234,3.0,140,-36.0" /></mjloggm>