<mjloggm ver="2.3"><GO type="169" lobby="0"/><UN n0="%52%69%2D%4D%6F%2D" n1="%E5%B0%B1%E6%B4%BB%E7%94%9F%40%E5%B7%9D%E6%9D%91%E8%BB%8D%E5%9B%A3" n2="%E3%81%97%E3%82%87%E3%81%BC%E3%82%93%EF%BD%8E" n3="%74%61%63%6F%73" dan="16,17,17,16" rate="2043.02,2178.39,2212.05,2123.07" sx="M,M,F,M"/><TAIKYOKU oya="0"/><INIT seed="0,0,0,0,4,94" ten="250,250,250,250" oya="0" hai0="33,74,11,131,68,89,51,0,76,32,95,14,100" hai1="117,130,39,79,2,7,69,135,65,13,90,111,58" hai2="8,5,31,3,122,105,12,113,50,133,38,48,92" hai3="119,124,118,42,83,26,9,22,110,115,73,23,71"/><T45/><D68/><U86/><E69/><V56/><F122/><W64/><G42/><T44/><D0/><U123/><E2/><V125/><F38/><W78/><G115/><T85/><D131/><U80/><E39/><V106/><F113/><W25/><G110/><T34/><D100/><U17/><E123/><V20/><F133/><W54/><G124/><T120/><D120/><U101/><E117/><V16/><F125/><W52/><G9/><T93/><D93/><U19/><E101/><V82/><F82/><W30/><G64/><T18/><REACH who="0" step="1"/><D51/><REACH who="0" ten="240,250,250,250" step="2"/><U112/><E112/><V91/><F50/><W128/><G71/><T49/><D49/><U103/><E130/><V40/><F105/><W4/><G128/><T108/><D108/><U37/><E103/><V72/><F106/><W43/><G118/><T35/><N who="0" m="8192" /><DORA hai="126" /><T53/><D53/><U102/><E135/><V134/><F134/><W47/><G119/><T116/><D116/><U62/><E111/><V87/><F40/><W109/><G109/><T15/><D15/><U63/><E102/><V81/><F48/><W88/><G43/><T75/><D75/><U97/><E37/><V21/><F56/><W98/><G47/><T107/><D107/><U132/><E132/><V10/><F72/><W59/><G59/><T55/><D55/><U1/><E1/><V121/><F121/><W46/><G46/><T29/><D29/><U96/><E63/><V99/><F31/><N who="3" m="17847" /><G52/><T84/><D84/><U57/><E57/><V66/><F66/><W127/><G54/><T67/><D67/><U70/><E65/><RYUUKYOKU ba="0,1" sc="240,15,250,-15,250,15,250,-15" hai0="11,14,18,44,45,74,76,85,89,95" hai2="3,5,8,10,12,16,20,21,81,87,91,92,99" /><INIT seed="0,1,1,1,3,89" ten="255,235,265,235" oya="0" hai0="6,85,29,1,11,13,66,10,2,124,65,72,36" hai1="50,52,99,71,92,73,14,51,9,104,43,20,30" hai2="86,55,16,47,132,19,45,106,128,135,119,98,76" hai3="39,115,25,94,117,82,7,111,87,108,41,26,90"/><T110/><D72/><U3/><E73/><V17/><F128/><W23/><G115/><T126/><D36/><U27/><E71/><V113/><F113/><W12/><G117/><T116/><D116/><U56/><E3/><V100/><F119/><W18/><G39/><T0/><D85/><U79/><E79/><V63/><F63/><W37/><G37/><T83/><D83/><U8/><E104/><V131/><F131/><W107/><G107/><T68/><D29/><U48/><E43/><V44/><REACH who="2" step="1"/><F55/><REACH who="2" ten="255,235,255,235" step="2"/><W114/><G114/><T78/><D110/><U31/><E31/><V74/><F74/><W81/><G108/><T21/><D65/><U118/><E118/><V112/><F112/><W53/><G111/><T96/><D66/><U109/><E109/><V24/><F24/><W102/><G26/><T67/><D67/><U46/><E46/><V120/><F120/><W15/><G53/><T35/><D124/><U103/><E9/><V123/><F123/><W97/><G41/><T105/><D11/><U69/><E69/><V62/><F62/><W58/><G25/><T28/><D68/><U54/><REACH who="1" step="1"/><E54/><REACH who="1" ten="255,225,255,235" step="2"/><V61/><F61/><W33/><G33/><T130/><D35/><U64/><E64/><V22/><F22/><W34/><G34/><T121/><D130/><U49/><E49/><V42/><F42/><W70/><G70/><T134/><D121/><U40/><E40/><V88/><F88/><W129/><G90/><T133/><D21/><U93/><E93/><V75/><F75/><W77/><G94/><T101/><D28/><U122/><E122/><RYUUKYOKU ba="1,3" sc="255,-15,225,15,255,15,235,-15" hai1="8,14,20,27,30,48,50,51,52,56,92,99,103" hai2="16,17,19,44,45,47,76,86,98,100,106,132,135" /><INIT seed="1,2,3,3,5,43" ten="240,240,270,220" oya="1" hai0="9,73,93,122,23,50,117,127,114,30,74,27,54" hai1="102,10,71,56,37,15,18,51,101,22,38,16,11" hai2="17,46,89,66,90,7,129,42,24,6,4,53,128" hai3="25,91,41,72,2,78,3,55,31,104,99,80,86"/><U131/><E71/><V111/><F111/><W88/><G41/><T68/><D117/><U57/><E131/><N who="2" m="50251" /><F66/><W107/><G55/><T135/><D114/><U1/><E38/><N who="2" m="21847" /><F53/><W134/><G134/><T59/><D135/><U63/><E37/><V20/><AGARI ba="2,3" hai="4,6,7,17,20,24,89,90" m="21847,50251" machi="20" ten="40,2700,0" yaku="19,1,52,1" doraHai="43" who="2" fromWho="2" sc="240,-9,240,-15,270,63,220,-9" /><INIT seed="2,0,0,1,4,26" ten="231,225,333,211" oya="2" hai0="4,23,101,11,105,48,8,69,80,27,77,20,32" hai1="24,18,63,135,45,74,111,49,76,112,30,14,100" hai2="40,83,82,42,93,41,128,75,3,55,94,43,131" hai3="10,79,115,71,124,5,44,62,90,36,84,68,92"/><V46/><F3/><W95/><G124/><T86/><D69/><U121/><E112/><V53/><N who="2" m="10240" /><DORA hai="122" /><V103/><F103/><W134/><G36/><T60/><D48/><U61/><E121/><V117/><F117/><W70/><G115/><T108/><D108/><U87/><E74/><V47/><F75/><W99/><G134/><T97/><D60/><U66/><E135/><V133/><F133/><W35/><G35/><T9/><REACH who="0" step="1"/><D4/><REACH who="0" ten="221,225,333,211" step="2"/><U73/><E63/><V65/><F131/><W57/><G44/><T29/><AGARI ba="0,1" hai="8,9,11,20,23,27,29,32,77,80,86,97,101,105" machi="29" ten="30,12000,2" yaku="1,1,2,1,0,1,52,1,53,2" doraHai="26,122" doraHaiUra="16,119" who="0" fromWho="0" sc="221,130,225,-30,333,-60,211,-30" /><INIT seed="3,0,0,3,2,132" ten="351,195,273,181" oya="3" hai0="44,87,1,48,76,102,119,51,8,100,63,37,70" hai1="94,57,77,43,129,5,35,20,21,122,97,38,3" hai2="133,117,16,42,46,85,105,96,72,89,83,118,121" hai3="128,65,115,13,32,75,104,64,60,39,26,4,19"/><W109/><G39/><T22/><D119/><U33/><E122/><V116/><F133/><W99/><G115/><T95/><D37/><U53/><E77/><V36/><F121/><W110/><G75/><T17/><D1/><U12/><E129/><V69/><F69/><W123/><G123/><T130/><D130/><U24/><E3/><V49/><F72/><W45/><G45/><T126/><D126/><U79/><E79/><V6/><F6/><W28/><G4/><T106/><D106/><U74/><E74/><V34/><F34/><W71/><G64/><T9/><D63/><U134/><E134/><V62/><F62/><W54/><G54/><N who="0" m="29959" /><D51/><U90/><E43/><V27/><F36/><W55/><G55/><T50/><D50/><U31/><E38/><V124/><F124/><W82/><G82/><N who="0" m="47559" /><D70/><U25/><E12/><V41/><F41/><W52/><G52/><T11/><D95/><U23/><E5/><V14/><F27/><AGARI ba="0,0" hai="8,9,11,17,22,27,100,102" m="47559,29959" machi="27" ten="30,1000,0" yaku="8,1" doraHai="132" who="0" fromWho="2" sc="351,10,195,0,273,-10,181,0" /><INIT seed="4,0,0,0,5,24" ten="361,195,263,181" oya="0" hai0="40,89,81,79,73,86,80,38,83,69,23,98,2" hai1="100,25,122,12,107,7,111,132,3,129,108,103,49" hai2="70,44,37,94,13,48,99,104,54,115,114,43,29" hai3="93,91,127,6,21,41,116,106,92,27,96,59,77"/><T90/><D69/><U4/><E107/><V75/><F75/><W71/><G116/><T130/><D2/><U76/><E76/><V131/><F131/><W20/><G71/><T57/><D130/><U39/><E39/><V82/><F104/><W47/><G106/><T8/><D8/><U9/><E122/><V30/><F70/><W95/><G127/><T53/><D38/><U46/><E129/><V117/><F82/><W31/><G6/><T85/><D40/><U119/><E119/><V65/><F65/><W28/><G77/><T87/><D23/><N who="3" m="8777" /><G59/><T134/><D134/><U32/><E132/><V133/><F13/><W17/><G17/><T33/><D33/><U120/><E120/><V45/><F133/><W109/><G27/><T55/><D98/><U68/><E68/><V0/><F0/><W14/><G14/><T105/><D105/><U66/><E66/><V56/><F56/><W84/><G109/><T74/><D57/><U19/><E108/><V61/><F61/><W35/><G35/><T58/><D53/><U101/><E111/><V22/><F117/><W97/><G47/><T11/><D11/><U50/><E3/><V36/><F36/><W62/><G62/><AGARI ba="0,0" hai="55,58,62,73,74,79,80,81,83,85,86,87,89,90" machi="62" ten="30,2900,0" yaku="7,1,9,1" doraHai="24" who="0" fromWho="3" sc="361,29,195,0,263,0,181,-29" /><INIT seed="4,1,0,3,3,80" ten="390,195,263,152" oya="0" hai0="83,19,6,11,15,129,103,115,3,86,134,20,119" hai1="59,107,40,117,114,29,91,81,85,38,7,131,105" hai2="104,2,106,0,56,32,66,35,75,37,78,33,135" hai3="13,50,27,22,116,4,118,67,49,18,98,84,126"/><T8/><D115/><U102/><E117/><V17/><F56/><W82/><G126/><T88/><D119/><U73/><E73/><V16/><F66/><W74/><G74/><T97/><D129/><U108/><E108/><V68/><F75/><W36/><G36/><T21/><REACH who="0" step="1"/><D134/><REACH who="0" ten="380,195,263,152" step="2"/><U28/><E131/><V64/><F135/><W125/><G116/><T54/><D54/><U9/><E114/><V132/><F132/><W96/><G118/><T62/><D62/><U30/><E40/><V44/><F64/><W127/><G127/><T55/><D55/><U46/><E46/><V25/><F44/><W72/><G67/><T120/><D120/><U87/><E59/><V109/><F68/><W34/><G125/><T110/><D110/><U41/><E41/><V133/><F133/><W58/><G49/><T61/><D61/><U79/><E38/><V123/><F37/><W94/><G50/><T10/><D10/><U100/><E107/><AGARI ba="1,1" hai="3,6,8,11,15,19,20,21,83,86,88,97,103,107" machi="107" ten="30,11600,0" yaku="1,1,7,1,52,1,54,1,53,0" doraHai="80" doraHaiUra="52" who="0" fromWho="1" sc="380,129,195,-119,263,0,152,0" /><INIT seed="4,2,0,0,4,110" ten="509,76,263,152" oya="0" hai0="105,5,38,68,101,134,118,73,112,44,74,132,111" hai1="64,2,89,123,40,62,11,90,61,35,63,124,45" hai2="122,130,9,18,92,43,86,84,113,96,109,3,75" hai3="10,67,32,69,33,8,128,25,52,116,26,59,56"/><T88/><D118/><U27/><E123/><V133/><F75/><W127/><G116/><T85/><D68/><U57/><E124/><V50/><F109/><W125/><G69/><T65/><D65/><U121/><E121/><V66/><F122/><W23/><G128/><T28/><D28/><U15/><E2/><V94/><F130/><W36/><G36/><T115/><D5/><U51/><E35/><V46/><F66/><W129/><G129/><T106/><D111/><U104/><E104/><N who="0" m="40041" /><D101/><U31/><E31/><V82/><F133/><N who="0" m="51306" /><D44/><U19/><E27/><V72/><F46/><W20/><G67/><T120/><D38/><U0/><E0/><V34/><F3/><W108/><REACH who="3" step="1"/><G52/><REACH who="3" ten="509,76,263,142" step="2"/><T41/><D120/><U81/><E81/><V53/><F53/><W48/><G48/><T14/><D41/><U60/><AGARI ba="2,1" hai="11,15,19,40,45,51,57,60,61,62,63,64,89,90" machi="60" ten="30,2000,0" yaku="0,1,8,1" doraHai="110" who="1" fromWho="1" sc="509,-12,76,36,263,-7,142,-7" /><INIT seed="5,0,0,3,4,37" ten="497,112,256,135" oya="1" hai0="21,122,39,106,33,23,129,79,19,119,70,76,42" hai1="28,87,130,107,57,126,13,84,73,74,14,45,88" hai2="71,109,30,117,35,77,135,41,134,49,16,103,18" hai3="17,31,93,40,81,12,60,78,3,115,92,128,66"/><U89/><E107/><V47/><F109/><W83/><G3/><T34/><D119/><U51/><E130/><V20/><F117/><W9/><G128/><T50/><D39/><U29/><E126/><V6/><F71/><W100/><G115/><T110/><D110/><U91/><E57/><V54/><F6/><W114/><G114/><T53/><D70/><U116/><E116/><V48/><F35/><W131/><G131/><T132/><D106/><U75/><E51/><V86/><F103/><W124/><G31/><N who="1" m="11850" /><E45/><N who="2" m="25647" /><F135/><W15/><G124/><T101/><D50/><U63/><E63/><V118/><F118/><W85/><G100/><T94/><D101/><U55/><E55/><V11/><F11/><W90/><G40/><T120/><D53/><U95/><E95/><V121/><F121/><W102/><G102/><T27/><D129/><U68/><E68/><V2/><F2/><W26/><G92/><T22/><D94/><U1/><E1/><V127/><F134/><W69/><G93/><T96/><D132/><U10/><E10/><V67/><F67/><W59/><G69/><T99/><D120/><U104/><E104/><V125/><F125/><W97/><G9/><T5/><D122/><U65/><E65/><V64/><F64/><W105/><G105/><T32/><D96/><U0/><E0/><V38/><F38/><W4/><G97/><T112/><D99/><U7/><E7/><V24/><F127/><W36/><G4/><T123/><D5/><U133/><E133/><V111/><F111/><W61/><G36/><T8/><D123/><U62/><E62/><RYUUKYOKU ba="0,0" sc="497,-15,112,15,256,15,135,-15" hai1="13,14,73,74,75,84,87,88,89,91" hai2="16,18,20,24,30,47,49,54,77,86" /><INIT seed="5,1,0,1,3,111" ten="482,127,271,120" oya="1" hai0="28,40,50,115,131,127,77,60,113,87,89,14,43" hai1="120,64,85,75,20,0,80,65,27,31,56,104,74" hai2="125,99,83,22,133,108,54,53,8,93,45,47,126" hai3="2,61,112,42,15,129,106,1,3,117,121,39,10"/><U58/><E104/><V44/><F108/><W95/><G106/><T107/><D127/><N who="2" m="48650" /><F133/><W116/><G121/><T73/><D107/><U26/><E120/><V135/><F135/><W12/><G129/><T6/><D131/><U38/><E38/><V36/><F36/><W23/><G112/><N who="0" m="43083" /><D28/><U100/><E0/><V59/><F83/><W9/><G61/><T71/><D77/><U88/><E100/><N who="2" m="60527" /><F8/><N who="3" m="3179" /><G95/><N who="0" m="54719" /><D6/><U134/><E134/><V46/><F22/><W72/><G23/><T24/><D14/><U68/><E68/><V17/><F17/><W94/><G12/><T55/><D24/><U16/><E74/><V41/><F59/><N who="1" m="22569" /><E75/><V132/><F132/><W128/><G72/><T101/><D73/><U49/><E49/><V52/><F46/><N who="3" m="23903" /><G128/><T35/><D35/><U86/><E86/><V66/><F66/><N who="1" m="25705" /><E27/><V109/><F109/><W19/><G2/><T51/><D101/><U124/><E124/><V123/><F123/><W78/><G1/><T118/><D118/><U90/><E90/><V102/><F102/><W33/><G3/><T62/><D71/><U91/><E91/><V119/><F119/><W103/><G33/><T82/><D50/><U69/><E69/><V81/><F81/><W70/><G70/><T110/><D82/><U67/><N who="1" m="25713" /><U48/><DORA hai="11" /><E48/><V18/><F41/><N who="0" m="15946" /><D110/><U97/><E97/><V105/><F105/><W30/><G116/><T37/><D37/><U92/><E80/><V130/><F130/><W98/><G117/><T29/><D29/><AGARI ba="1,0" hai="16,20,26,29,31,85,88,92" m="25713,22569" machi="29" ten="40,7700,0" yaku="8,1,54,2" doraHai="111,11" who="1" fromWho="0" sc="482,-80,127,80,271,0,120,0" /><INIT seed="5,2,0,0,5,135" ten="402,207,271,120" oya="1" hai0="119,89,72,43,19,92,20,115,34,51,79,103,10" hai1="131,120,56,33,36,94,134,112,41,68,78,65,3" hai2="62,24,84,110,102,121,17,60,83,40,44,101,57" hai3="117,90,88,71,114,5,2,76,67,49,91,100,105"/><U27/><E120/><V98/><F110/><W132/><G132/><T52/><D119/><U61/><E112/><V106/><F121/><W116/><G114/><T86/><D34/><U0/><E131/><V59/><F102/><W45/><G76/><T47/><D115/><U42/><E134/><V85/><F60/><W13/><G2/><T133/><D133/><U63/><E78/><V75/><F75/><W104/><G67/><T129/><D129/><U109/><E109/><V95/><F106/><W123/><G71/><T126/><D103/><U29/><E94/><V128/><F128/><W125/><G123/><T21/><D126/><U18/><E18/><V28/><F17/><W30/><G30/><T48/><D72/><U54/><REACH who="1" step="1"/><E36/><REACH who="1" ten="402,197,271,120" step="2"/><V6/><F95/><W64/><G104/><T1/><D79/><U50/><E50/><V99/><F83/><W26/><G105/><T130/><D130/><U87/><E87/><V69/><F85/><W111/><G49/><T25/><D48/><U38/><E38/><V113/><F84/><W8/><G111/><T58/><D19/><U46/><E46/><V4/><F44/><W77/><G45/><T16/><D47/><U124/><E124/><V31/><F113/><W11/><G125/><T80/><D80/><U82/><E82/><V97/><F97/><W66/><G77/><T122/><D122/><U107/><E107/><V118/><F99/><W23/><G117/><T108/><D108/><U7/><E7/><V14/><F118/><W12/><G116/><T73/><D51/><U9/><E9/><V37/><F98/><RYUUKYOKU ba="2,1" sc="402,-10,197,30,271,-10,120,-10" hai1="0,3,27,29,33,41,42,54,56,61,63,65,68" /><INIT seed="5,3,1,5,3,105" ten="392,227,261,110" oya="1" hai0="56,24,5,130,61,62,110,45,133,17,122,106,104" hai1="22,10,82,128,15,41,31,107,43,70,120,78,28" hai2="75,8,1,38,68,108,49,135,113,127,0,86,34" hai3="123,21,129,2,121,77,96,76,46,102,74,18,16"/><U59/><E70/><V58/><RYUUKYOKU type="yao9" ba="3,1" sc="392,0,227,0,261,0,110,0" hai2="0,1,8,34,38,49,58,68,75,86,108,113,127,135" /><INIT seed="5,4,1,5,3,39" ten="392,227,261,110" oya="1" hai0="110,48,9,42,41,72,95,57,46,44,81,103,20" hai1="69,76,129,126,116,102,36,73,63,17,11,115,51" hai2="16,93,34,96,31,130,82,55,68,61,13,22,5" hai3="86,54,100,135,64,131,66,60,47,50,114,87,37"/><U26/><E116/><V40/><F130/><W133/><G100/><T123/><D110/><U49/><E36/><V119/><F119/><W7/><G7/><T97/><D123/><U33/><E129/><V109/><F109/><W21/><G131/><T128/><D128/><U101/><E126/><V32/><F40/><N who="0" m="15466" /><D72/><U106/><E115/><V104/><F5/><W117/><G37/><T67/><D9/><U94/><E73/><V124/><F82/><W3/><G3/><T0/><D0/><U53/><E76/><V19/><F104/><W85/><G114/><T127/><D127/><U58/><E106/><V27/><F124/><W79/><G117/><T28/><D81/><U59/><E69/><V15/><F34/><W38/><G38/><T92/><D92/><U113/><E113/><V70/><F32/><W120/><G120/><T18/><D28/><U65/><E33/><V99/><F31/><W35/><G35/><T121/><D121/><U89/><E51/><V75/><F75/><W29/><G79/><T91/><D103/><U80/><E80/><V45/><F93/><W88/><G88/><T8/><D8/><U98/><E11/><V107/><F68/><W24/><REACH who="3" step="1"/><G66/><REACH who="3" ten="392,227,261,100" step="2"/><T74/><D67/><U52/><E65/><N who="2" m="41263" /><F107/><W62/><G62/><T132/><D91/><U84/><E84/><V6/><F99/><W12/><G12/><N who="0" m="9287" /><D97/><U30/><E30/><N who="2" m="17783" /><F96/><W90/><G90/><T105/><D105/><U122/><E122/><V10/><F15/><W134/><G134/><T1/><D132/><U4/><E4/><V56/><F13/><W108/><G108/><RYUUKYOKU ba="4,2" sc="392,-15,227,15,261,-15,100,15" hai1="17,26,49,52,53,58,59,63,89,94,98,101,102" hai3="21,24,29,47,50,54,60,64,85,86,87,133,135" /><INIT seed="5,5,2,1,3,109" ten="377,242,246,115" oya="1" hai0="126,1,134,111,89,88,40,0,19,78,41,55,85" hai1="69,121,37,46,28,120,6,122,43,117,18,86,66" hai2="129,72,54,29,70,103,11,82,107,112,5,132,99" hai3="27,104,52,50,123,114,8,21,33,79,116,22,93"/><U7/><E117/><V4/><F70/><W130/><G104/><T16/><D111/><U38/><E38/><V92/><F29/><W15/><G123/><T97/><D134/><U44/><E44/><V31/><F132/><W63/><G33/><T94/><D126/><U135/><E135/><V12/><F129/><W62/><G130/><T48/><D78/><U118/><E118/><V42/><F42/><N who="0" m="16490" /><D1/><U60/><E28/><V95/><F31/><N who="3" m="17903" /><G116/><T17/><D0/><U76/><REACH who="1" step="1"/><E18/><REACH who="1" ten="377,232,246,115" step="2"/><V26/><F4/><N who="3" m="3463" /><G114/><T59/><D19/><U20/><E20/><V110/><F112/><W84/><G22/><T71/><D71/><U113/><E113/><V119/><F119/><W2/><G2/><T61/><D17/><U128/><E128/><V53/><F110/><W124/><G124/><T105/><D16/><U51/><E51/><V77/><F26/><W32/><G32/><T30/><D30/><U47/><E47/><V24/><F24/><W102/><G50/><T57/><D48/><U98/><E98/><V100/><F5/><W133/><G133/><T14/><D97/><U91/><E91/><V23/><F99/><N who="3" m="59759" /><G52/><T9/><D89/><U35/><E35/><V83/><F54/><W81/><AGARI ba="5,3" hai="62,63,79,81,84" m="59759,3463,17903" machi="81" ten="30,1100,0" yaku="8,1" doraHai="109" who="3" fromWho="3" sc="377,-8,232,-10,246,-8,115,56" /><INIT seed="6,0,0,2,1,126" ten="369,222,238,171" oya="2" hai0="56,20,97,100,61,77,19,10,72,11,124,121,3" hai1="2,80,30,48,93,106,15,39,38,55,35,123,49" hai2="116,41,0,25,68,119,70,99,44,34,88,114,42" hai3="40,51,82,45,111,79,32,60,122,33,29,73,103"/><V54/><F0/><W23/><G122/><T5/><D121/><U89/><E106/><V132/><F114/><W47/><G111/><T76/><D124/><U129/><E2/><V94/><F132/><W135/><G135/><T118/><D11/><U37/><E123/><V131/><F131/><W28/><G103/><T75/><D75/><U26/><E129/><V101/><F54/><W84/><G73/><T69/><D69/><U91/><E15/><V98/><F42/><W13/><G60/><T87/><D87/><U125/><E125/><V78/><F78/><W120/><G120/><T71/><D71/><U110/><E110/><V105/><F68/><W1/><G1/><T113/><D113/><U112/><E112/><V31/><REACH who="2" step="1"/><F70/><REACH who="2" ten="369,222,228,171" step="2"/><W53/><G33/><T24/><D76/><U85/><REACH who="1" step="1"/><E55/><REACH who="1" ten="369,212,228,171" step="2"/><V102/><F102/><W117/><G117/><T8/><D100/><U90/><E90/><V127/><F127/><W104/><G53/><T109/><D118/><U59/><E59/><V52/><F52/><W95/><G79/><T92/><D77/><U128/><E128/><V50/><AGARI ba="0,2" hai="25,31,34,41,44,50,88,94,98,99,101,105,116,119" machi="50" ten="20,7800,0" yaku="1,1,0,1,7,1,54,1,53,0" doraHai="126" doraHaiUra="66" who="2" fromWho="2" sc="369,-26,212,-26,228,98,171,-26" /><INIT seed="6,1,0,3,2,125" ten="343,186,326,145" oya="2" hai0="112,16,115,81,114,86,126,56,7,77,90,66,94" hai1="10,91,113,78,32,22,108,61,73,76,37,58,75" hai2="100,97,87,5,53,21,18,134,119,63,6,135,3" hai3="39,20,24,19,14,23,67,99,4,12,30,36,59"/><V93/><F119/><W110/><G110/><T131/><D126/><U132/><E37/><V42/><F42/><W43/><G43/><T70/><D131/><U82/><E108/><V130/><F130/><W49/><G36/><T103/><D7/><U74/><E32/><V64/><F53/><W106/><G39/><T29/><D29/><U111/><E111/><V89/><F3/><W122/><G122/><T116/><D116/><U27/><E132/><V17/><F134/><W102/><G67/><T57/><D103/><U124/><E124/><V71/><F18/><W8/><G59/><T107/><D107/><U1/><E113/><V47/><F47/><W109/><G109/><T98/><D16/><U15/><E1/><V60/><F60/><AGARI ba="1,0" hai="56,57,60,66,70,77,81,86,90,94,98,112,114,115" machi="60" ten="40,1300,0" yaku="15,1" doraHai="125" who="0" fromWho="2" sc="343,16,186,0,326,-16,145,0" /><INIT seed="7,0,0,3,2,45" ten="359,186,310,145" oya="3" hai0="112,17,63,19,31,65,120,98,54,12,81,67,73" hai1="40,115,122,38,1,77,58,37,50,8,76,57,42" hai2="44,3,15,23,89,61,60,14,114,100,29,111,113" hai3="86,135,20,127,32,26,130,48,43,5,49,125,71"/><W47/><G71/><T124/><D120/><U87/><E122/><V56/><F3/><W53/><G130/><T101/><D124/><N who="3" m="47689" /><G135/><T25/><D73/><U24/><E115/><V21/><F111/><W62/><G5/><T33/><D81/><U16/><E38/><V78/><F78/><N who="1" m="30313" /><E37/><V108/><F108/><W103/><G103/><T99/><D99/><U83/><E1/><V90/><F100/><W133/><G133/><T109/><D19/><U121/><E121/><V7/><F7/><W97/><G97/><T10/><D109/><U72/><E72/><V36/><F113/><W131/><G131/><T92/><D112/><U96/><E96/><V66/><F114/><W70/><G86/><T85/><D85/><U18/><E24/><V6/><F6/><W106/><G106/><T13/><D13/><N who="1" m="7207" /><E18/><V68/><F68/><W51/><G32/><T107/><D107/><U123/><E123/><V35/><F35/><W128/><G128/><T84/><D84/><U46/><E40/><V69/><F69/><W82/><G82/><T117/><D117/><U129/><E129/><V80/><F80/><W55/><G70/><T105/><D105/><U74/><E74/><V126/><F126/><W41/><G41/><T9/><D101/><U134/><E134/><V118/><F118/><W91/><G91/><AGARI ba="0,0" hai="42,46,50,57,58,83,87,91" m="7207,30313" machi="91" ten="30,3900,0" yaku="8,1,52,1,54,1" doraHai="45" who="1" fromWho="3" sc="359,0,186,39,310,0,145,-39" owari="359,45.0,225,-17.0,310,11.0,106,-39.0" /></mjloggm>