<mjloggm ver="2.3"><GO type="97" lobby="0"/><UN n0="%E5%B0%B1%E6%B4%BB%E7%94%9F%40%E5%B7%9D%E6%9D%91%E8%BB%8D%E5%9B%A3" n1="%4D%55%4B%41%42%55%4B%49" n2="%E3%82%82%E3%83%BC%E3%82%8A%E3%83%BC" n3="%52%65%3A%7A%61%77%61" dan="17,14,14,14" rate="2183.84,1969.47,2028.87,1941.28" sx="M,M,M,M"/><TAIKYOKU oya="0"/><INIT seed="0,0,0,5,0,69" ten="250,250,250,250" oya="0" hai0="111,68,95,118,2,36,120,23,128,60,134,29,54" hai1="113,124,18,90,73,9,78,135,44,21,107,37,67" hai2="79,50,82,39,117,98,61,13,132,127,108,116,42" hai3="63,46,72,101,87,25,81,97,121,20,31,32,4"/><T96/><D2/><U91/><E107/><V89/><F50/><W47/><G121/><T80/><D120/><U58/><E9/><V74/><F127/><W86/><G4/><T76/><D118/><N who="2" m="45674" /><F132/><W106/><G32/><T0/><D36/><U16/><E135/><V112/><F112/><W27/><G72/><T6/><D128/><U123/><E123/><V43/><F108/><W109/><G109/><T131/><D111/><U5/><E5/><V114/><F114/><W14/><G14/><T92/><D134/><U77/><E113/><V34/><F34/><W17/><G87/><T35/><D131/><U7/><E7/><V99/><F61/><W22/><REACH who="3" step="1"/><G63/><REACH who="3" ten="250,250,250,240" step="2"/><T122/><D35/><U115/><E73/><V64/><F13/><W45/><G45/><T102/><D6/><U53/><E44/><N who="2" m="23647" /><F43/><W24/><G24/><T83/><D0/><U51/><E115/><V11/><F11/><W52/><G52/><T119/><D122/><U15/><E53/><V133/><F133/><W10/><G10/><T104/><D54/><U38/><E124/><V26/><F26/><W19/><G19/><T84/><D60/><U130/><E18/><V56/><F64/><W49/><G49/><T88/><D119/><U3/><E130/><V125/><F125/><W126/><G126/><T105/><D68/><U41/><E3/><V66/><F66/><W40/><G40/><T30/><D30/><U93/><E41/><V100/><F56/><W94/><G94/><T59/><D59/><U55/><E93/><N who="2" m="56623" /><F99/><W12/><G12/><T1/><D1/><U70/><E67/><RYUUKYOKU ba="0,1" sc="250,-15,250,-15,250,15,240,15" hai2="74,79,82,100" hai3="17,20,22,25,27,31,46,47,81,86,97,101,106" /><INIT seed="1,1,1,1,0,86" ten="235,235,265,255" oya="1" hai0="95,106,21,54,79,133,4,89,15,46,73,134,90" hai1="2,81,0,25,135,11,119,122,114,124,68,39,37" hai2="92,69,41,120,1,19,71,24,87,105,115,84,9" hai3="72,108,97,123,20,59,91,48,76,77,32,26,6"/><U104/><RYUUKYOKU type="yao9" ba="1,1" sc="235,0,235,0,265,0,255,0" hai1="0,2,11,25,37,39,68,81,104,114,119,122,124,135" /><INIT seed="1,2,1,5,4,76" ten="235,235,265,255" oya="1" hai0="134,81,50,132,25,39,28,67,98,26,8,60,1" hai1="130,13,107,2,33,12,106,48,58,111,117,110,121" hai2="57,18,35,44,66,23,55,56,46,93,133,80,128" hai3="14,103,10,11,63,64,109,101,61,84,120,123,97"/><U30/><E121/><V38/><F133/><N who="0" m="51306" /><D39/><U47/><E117/><V37/><F35/><W113/><G109/><N who="1" m="41482" /><E130/><V125/><F125/><W92/><G113/><T82/><D50/><U78/><E2/><V59/><F128/><W32/><G32/><N who="0" m="20495" /><D26/><N who="1" m="18647" /><E58/><V118/><F118/><W89/><G103/><T34/><D34/><U68/><E68/><V17/><F66/><W75/><G75/><T4/><D98/><U105/><E78/><V72/><F72/><W135/><G135/><T108/><D108/><U49/><E49/><V127/><F127/><W15/><G63/><T27/><D27/><U70/><E70/><AGARI ba="2,1" hai="1,4,8,60,67,70,81,82" m="20495,51306" machi="70" ten="30,3900,0" yaku="20,1,52,2" doraHai="76" who="0" fromWho="1" sc="235,55,235,-45,265,0,255,0" /><INIT seed="2,0,0,0,2,109" ten="290,190,265,255" oya="2" hai0="42,23,127,30,2,15,69,18,85,9,51,24,89" hai1="41,40,10,123,12,112,108,129,25,29,116,83,3" hai2="120,133,124,60,72,20,52,66,93,6,132,81,53" hai3="134,43,17,13,44,105,99,128,58,19,14,33,26"/><V7/><F120/><W88/><G128/><T107/><D107/><U71/><E108/><V80/><F124/><W46/><G134/><N who="2" m="51817" /><F93/><W37/><G46/><N who="0" m="26071" /><D69/><U5/><E129/><V130/><F130/><W118/><G118/><T135/><D127/><U47/><E123/><V8/><F20/><W0/><G0/><T96/><D135/><U65/><E116/><V111/><F111/><W11/><G58/><T115/><D2/><U106/><E112/><V104/><F104/><W55/><G55/><N who="2" m="21065" /><F72/><W35/><G26/><T77/><D115/><U122/><E106/><V100/><F100/><W91/><G105/><T28/><D77/><U113/><E122/><V56/><F7/><W126/><G126/><T79/><D79/><U4/><E113/><V45/><F45/><W76/><G76/><T90/><D96/><U48/><E40/><V38/><F38/><W78/><G78/><T50/><D50/><U73/><E73/><V75/><F75/><W84/><G99/><T92/><D90/><U131/><E131/><V61/><F61/><W62/><G62/><T54/><D54/><U70/><E83/><V110/><F110/><W32/><REACH who="3" step="1"/><G84/><REACH who="3" ten="290,190,265,245" step="2"/><T59/><D59/><U82/><E70/><V74/><F74/><W36/><G36/><T34/><D34/><N who="1" m="20783" /><E71/><V101/><F101/><W114/><G114/><T125/><D125/><U102/><E102/><V87/><F87/><W31/><G31/><AGARI ba="0,1" hai="9,15,18,23,24,28,30,31,85,89,92" m="26071" machi="31" ten="30,1000,0" yaku="8,1" doraHai="109" who="0" fromWho="3" sc="290,20,190,0,265,0,245,-10" /><INIT seed="3,0,0,2,4,55" ten="310,190,265,235" oya="3" hai0="111,50,33,54,132,94,79,13,106,109,72,26,40" hai1="131,51,66,88,85,71,57,127,12,135,48,7,39" hai2="84,35,14,44,105,56,67,81,29,53,87,97,95" hai3="60,8,68,63,123,19,24,41,113,49,43,90,107"/><W1/><G123/><T116/><D106/><U92/><E39/><V45/><F105/><W73/><G113/><T42/><D116/><U5/><E127/><V98/><F67/><W22/><G73/><T0/><D0/><U9/><E131/><V37/><F37/><W133/><G107/><T10/><D132/><U83/><E135/><V31/><F14/><W4/><G133/><T27/><D94/><U121/><E121/><V102/><F98/><W59/><G68/><T93/><D93/><U74/><E71/><V77/><F87/><W38/><G38/><T23/><D33/><U18/><E74/><V28/><REACH who="2" step="1"/><F35/><REACH who="2" ten="310,190,255,235" step="2"/><W108/><G108/><N who="0" m="41547" /><D72/><U128/><E128/><V119/><F119/><W124/><G124/><T99/><D99/><U69/><E69/><V96/><F96/><W21/><G90/><T86/><D86/><U76/><E76/><V112/><F112/><W78/><G78/><T62/><D79/><U89/><E83/><V65/><F65/><W115/><G115/><T11/><D13/><U52/><E89/><V125/><F125/><W104/><G104/><T15/><D15/><U2/><E66/><V34/><F34/><W70/><G70/><T100/><D100/><U129/><E129/><V110/><F110/><W17/><G1/><T64/><D10/><U122/><E122/><V120/><F120/><W80/><G8/><T130/><D11/><U103/><E103/><V3/><F3/><W6/><G80/><T58/><D130/><U117/><E117/><V91/><F91/><W46/><G24/><T30/><D27/><U36/><E36/><RYUUKYOKU ba="0,1" sc="310,15,190,-15,255,15,235,-15" hai0="23,26,30,40,42,50,54,58,62,64" hai2="28,29,31,44,45,53,56,77,81,84,95,97,102" owari="335,43.0,175,-32.0,270,7.0,220,-18.0" /></mjloggm>