<mjloggm ver="2.3"><GO type="225" lobby="0"/><UN n0="%46%4C%41%4D%45" n1="%E6%B3%95%E6%94%BF%E5%A4%A7%E5%AD%A6%EF%BC%93%E5%B9%B4" n2="%E3%82%A8%E3%83%AB%E3%82%AD%E3%83%81" n3="%E5%B0%B1%E6%B4%BB%E7%94%9F%40%E5%B7%9D%E6%9D%91%E8%BB%8D%E5%9B%A3" dan="16,17,17,17" rate="2090.63,2146.98,2211.81,2173.72" sx="M,M,M,F"/><TAIKYOKU oya="0"/><INIT seed="0,0,0,2,4,24" ten="250,250,250,250" oya="0" hai0="25,94,44,130,101,53,134,121,128,110,39,124,111" hai1="10,36,89,88,1,27,115,64,117,66,45,3,77" hai2="87,131,28,47,14,69,112,82,17,12,21,85,9" hai3="15,80,4,59,67,107,73,46,58,86,135,99,42"/><T5/><D5/><U113/><E77/><V127/><F112/><N who="1" m="43081" /><E117/><V83/><F127/><W97/><G73/><T29/><D121/><U49/><E36/><V22/><F131/><N who="0" m="50218" /><D124/><U75/><E75/><V70/><F47/><W104/><G135/><T7/><D7/><N who="1" m="1391" /><E3/><V103/><F103/><W74/><G74/><T105/><D134/><U81/><E27/><N who="2" m="16503" /><F69/><W32/><G32/><N who="0" m="20527" /><D105/><U54/><E81/><N who="2" m="30731" /><F70/><W102/><G107/><T95/><D53/><U50/><E50/><V8/><F8/><N who="3" m="4487" /><G67/><AGARI ba="0,0" hai="45,49,54,64,66,67,88,89" m="1391,43081" machi="67" ten="30,2000,0" yaku="11,1,54,1" doraHai="24" who="1" fromWho="3" sc="250,0,250,20,250,0,250,-20" /><INIT seed="1,0,0,0,1,40" ten="250,270,250,230" oya="1" hai0="18,12,30,48,87,13,93,50,134,90,114,23,76" hai1="10,121,118,111,126,0,86,122,117,49,101,70,132" hai2="21,31,100,20,36,44,116,83,35,14,133,125,59" hai3="61,26,108,3,28,15,60,105,9,46,72,22,58"/><U43/><E101/><V130/><F116/><N who="1" m="44649" /><E86/><V2/><F2/><W66/><G108/><T120/><D114/><U52/><E10/><V41/><F125/><W56/><G105/><T53/><D134/><U94/><E94/><V84/><F133/><W80/><G3/><T103/><D120/><N who="1" m="46187" /><E0/><V17/><F130/><W1/><G1/><T79/><D103/><U24/><E24/><V11/><F100/><W135/><G135/><T62/><D30/><U4/><E4/><V131/><F131/><W55/><G72/><T68/><D12/><U63/><E132/><V64/><F35/><W99/><G99/><T113/><D113/><U25/><E25/><V128/><F128/><W82/><G82/><BYE who="3" /><T102/><D102/><U16/><E16/><V39/><F31/><W29/><G29/><T107/><D107/><U124/><E111/><V65/><F36/><UN n3="%E5%B0%B1%E6%B4%BB%E7%94%9F%40%E5%B7%9D%E6%9D%91%E8%BB%8D%E5%9B%A3" /><W5/><G80/><T127/><D79/><U51/><E43/><V95/><F95/><W57/><G66/><T69/><D76/><U129/><E129/><V106/><F106/><W112/><G112/><T75/><D75/><U33/><E33/><V42/><F42/><W67/><G67/><T88/><D93/><U19/><E19/><V77/><F65/><W38/><G38/><T6/><D18/><U119/><E119/><V81/><F81/><W91/><G91/><T74/><D88/><U97/><E97/><V71/><F71/><W54/><G60/><T7/><D62/><U85/><E85/><V47/><F47/><W78/><G78/><T89/><D87/><U123/><N who="1" m="46195" /><U92/><DORA hai="34" /><E70/><RYUUKYOKU ba="0,0" sc="250,-15,270,-15,250,15,230,15" hai2="11,14,17,20,21,39,41,44,59,64,77,83,84" hai3="5,9,15,22,26,28,46,54,55,56,57,58,61" /><INIT seed="2,1,0,4,2,71" ten="235,255,265,245" oya="2" hai0="108,131,60,109,53,116,40,26,12,62,115,133,69" hai1="36,75,49,88,58,9,86,11,114,87,42,0,127" hai2="126,85,5,52,92,117,120,124,70,130,54,98,45" hai3="8,17,48,56,103,83,111,105,77,125,79,72,44"/><V57/><F117/><W61/><G125/><N who="2" m="48233" /><F120/><W94/><G111/><N who="0" m="42571" /><D115/><U37/><E75/><V73/><F73/><W38/><G38/><T100/><D100/><U24/><E127/><V18/><F70/><W13/><G105/><T41/><D26/><U21/><E114/><V22/><F130/><W67/><G83/><T43/><D12/><U101/><E101/><N who="2" m="60615" /><F5/><W20/><G72/><T16/><D131/><U99/><E99/><V33/><F33/><W123/><G123/><T63/><D16/><U91/><E0/><V89/><F57/><W78/><G94/><T28/><D28/><N who="1" m="17423" /><E36/><V122/><F45/><W35/><G35/><T81/><D116/><U110/><E37/><V134/><F134/><W74/><G74/><T50/><BYE who="3" /><D133/><UN n3="%E5%B0%B1%E6%B4%BB%E7%94%9F%40%E5%B7%9D%E6%9D%91%E8%BB%8D%E5%9B%A3" /><U107/><E107/><V31/><F31/><W1/><G103/><T4/><D4/><U2/><E2/><V106/><F106/><W46/><G1/><T132/><D132/><U76/><E110/><V121/><F121/><W59/><G8/><T23/><D23/><U15/><E9/><V93/><F122/><W128/><G128/><T90/><D81/><U47/><E11/><V10/><F10/><W55/><AGARI ba="1,0" hai="13,17,20,44,46,48,55,56,59,61,67,77,78,79" machi="55" ten="30,2000,0" yaku="0,1,8,1" doraHai="71" who="3" fromWho="3" sc="235,-6,255,-6,265,-11,245,23" /><INIT seed="3,0,0,4,1,5" ten="229,249,254,268" oya="3" hai0="122,99,8,47,22,110,100,80,2,112,98,72,57" hai1="120,104,40,7,103,106,16,133,25,83,56,53,15" hai2="74,77,68,42,88,87,127,76,113,79,59,102,63" hai3="3,109,131,52,97,135,33,126,123,125,73,129,58"/><W55/><G33/><T19/><D122/><U60/><E120/><V43/><F113/><W82/><G3/><T70/><D70/><U64/><E133/><V108/><F68/><W37/><G37/><T48/><D112/><U20/><E40/><N who="2" m="15403" /><F74/><W86/><G123/><T54/><D110/><U46/><E103/><V96/><F127/><N who="3" m="48651" /><G73/><T18/><D72/><U89/><E106/><V29/><F29/><W71/><G71/><T119/><D119/><U34/><E104/><V27/><F27/><W12/><G109/><T85/><D2/><U28/><E7/><V67/><F108/><W39/><G39/><T9/><D100/><U65/><E46/><V61/><F61/><N who="3" m="36039" /><G135/><T115/><D115/><U75/><E75/><V41/><F41/><W111/><G111/><T4/><D4/><U62/><E62/><V130/><F130/><N who="3" m="49675" /><G12/><N who="0" m="7439" /><D47/><U84/><AGARI ba="0,0" hai="15,16,20,25,28,34,53,56,60,64,65,83,84,89" machi="84" ten="30,2000,0" yaku="0,1,54,1" doraHai="5" who="1" fromWho="1" sc="229,-5,249,20,254,-5,268,-10" /><INIT seed="4,0,0,3,3,72" ten="224,269,249,258" oya="0" hai0="43,5,51,120,52,68,24,23,129,26,28,32,66" hai1="117,124,80,46,123,41,54,101,111,79,47,86,134" hai2="30,57,53,128,3,78,75,8,31,67,56,11,88" hai3="107,112,39,100,37,98,125,114,74,116,29,63,105"/><T113/><D120/><U108/><E123/><V12/><F128/><W93/><G116/><T49/><D129/><U9/><E117/><V27/><F3/><W85/><G74/><T40/><D113/><N who="3" m="43625" /><G125/><T0/><D51/><U95/><E124/><V60/><F75/><W4/><G4/><T25/><D25/><U87/><E134/><V55/><F27/><W64/><G29/><N who="2" m="10761" /><F67/><W89/><G107/><T73/><D73/><U122/><E122/><V127/><F127/><W58/><AGARI ba="0,0" hai="37,39,58,63,64,85,89,93,98,100,105" m="43625" machi="58" ten="30,1100,0" yaku="15,1" doraHai="72" who="3" fromWho="3" sc="224,-5,269,-3,249,-3,258,11" /><INIT seed="5,0,0,1,0,34" ten="219,266,246,269" oya="1" hai0="28,135,100,104,73,8,111,113,95,13,64,53,87" hai1="43,31,35,119,6,90,115,25,5,42,79,18,89" hai2="19,40,38,66,105,117,126,128,118,67,132,33,7" hai3="45,59,39,37,41,121,47,15,75,92,0,1,122"/><U127/><E119/><V81/><F105/><W21/><G92/><T88/><D111/><U26/><E115/><V72/><F72/><W16/><G75/><T80/><D113/><U57/><E79/><V93/><F81/><W116/><G116/><N who="2" m="44649" /><F93/><W68/><G68/><T77/><D135/><U32/><E57/><V22/><F33/><W112/><G112/><T124/><D124/><U12/><E12/><V110/><F7/><W86/><G86/><T99/><D64/><N who="2" m="24618" /><F19/><W76/><G76/><T62/><D28/><U30/><REACH who="1" step="1"/><E18/><REACH who="1" ten="219,256,246,269" step="2"/><V82/><F126/><AGARI ba="0,1" hai="5,6,25,26,30,31,32,35,42,43,89,90,126,127" machi="126" ten="25,9600,0" yaku="1,1,2,1,22,2,53,0" doraHai="34" doraHaiUra="51" who="1" fromWho="2" sc="219,0,256,106,246,-96,269,0" owari="219,-18.0,362,46.0,150,-35.0,269,7.0" /></mjloggm>