<mjloggm ver="2.3"><GO type="169" lobby="0"/><UN n0="%46%75%6E%54%69%6D%65" n1="%E5%B0%B1%E6%B4%BB%E7%94%9F%40%E5%B7%9D%E6%9D%91%E8%BB%8D%E5%9B%A3" n2="%E3%82%B7%E3%82%A7%E3%83%95%E3%83%81%E3%83%A7%E3%82%B3" n3="%E3%81%BF%E3%81%8B%E3%82%93%EF%BC%A0%E3%82%8F%E3%81%8B%E3%82%81%E3%81%A6" dan="16,18,16,17" rate="2156.85,2255.49,2168.36,2272.99" sx="M,M,M,M"/><TAIKYOKU oya="0"/><INIT seed="0,0,0,1,3,64" ten="250,250,250,250" oya="0" hai0="38,20,94,35,134,103,8,116,135,40,96,1,48" hai1="10,99,14,23,33,60,26,81,93,73,106,53,118" hai2="82,52,77,7,2,72,43,90,127,34,30,108,75" hai3="44,113,87,31,97,49,112,66,12,83,104,111,63"/><T50/><D35/><U110/><E110/><V18/><F108/><W32/><G111/><T114/><D114/><U67/><E33/><V101/><F101/><W122/><G122/><T59/><D116/><U78/><E106/><V46/><F127/><W123/><G123/><T79/><D79/><U69/><E53/><V121/><F121/><W100/><G12/><T21/><D38/><U92/><E118/><V15/><F90/><W47/><G112/><T71/><D71/><U125/><E125/><V45/><F75/><W27/><G113/><T89/><D103/><U17/><REACH who="1" step="1"/><E99/><REACH who="1" ten="250,240,250,250" step="2"/><V124/><F124/><W39/><G39/><T4/><D40/><U80/><E80/><V86/><F43/><W62/><G49/><T119/><D119/><U115/><E115/><V55/><F34/><W95/><G63/><T29/><D50/><U91/><E91/><V22/><F55/><W3/><G95/><T19/><D89/><U131/><E131/><V128/><F52/><W54/><G54/><N who="0" m="32199" /><D96/><U68/><E68/><V117/><F117/><W133/><G133/><T129/><D94/><U61/><E61/><V107/><F107/><W132/><G132/><T74/><D129/><U102/><E102/><V24/><F128/><W0/><G47/><T13/><D134/><U25/><E25/><V36/><F36/><W109/><G44/><T5/><D135/><U57/><E57/><V105/><F105/><W65/><G109/><T84/><D1/><N who="3" m="585" /><G62/><T56/><D56/><U6/><AGARI ba="0,1" hai="6,10,14,17,23,26,60,67,69,73,78,81,92,93" machi="6" ten="20,8000,1" yaku="1,1,0,1,7,1,52,1,53,1" doraHai="64" doraHaiUra="11" who="1" fromWho="1" sc="250,-40,240,90,250,-20,250,-20" /><INIT seed="1,0,0,4,5,72" ten="210,330,230,230" oya="1" hai0="0,3,20,90,96,58,129,62,83,87,65,38,14" hai1="75,69,7,25,63,91,130,48,15,6,13,85,27" hai2="12,34,68,55,10,47,106,51,23,101,66,28,84" hai3="78,134,80,56,30,82,108,95,42,119,16,52,39"/><U19/><E75/><V93/><F34/><W97/><G108/><T45/><D129/><U118/><E118/><V116/><F106/><W123/><G123/><T29/><D96/><U131/><E69/><V104/><F104/><W49/><G119/><T102/><D102/><U70/><E70/><V9/><F116/><W133/><G30/><T2/><D38/><U61/><E48/><V99/><F68/><W89/><G16/><T112/><D45/><U105/><E105/><V127/><F127/><W21/><G21/><T122/><D112/><U40/><E40/><V109/><F109/><W50/><G39/><T67/><D122/><U4/><E91/><V77/><F66/><W26/><G26/><N who="1" m="9738" /><E85/><V53/><F28/><W43/><G80/><T107/><D107/><U114/><E114/><V54/><F23/><W74/><REACH who="3" step="1"/><G49/><REACH who="3" ten="210,330,230,220" step="2"/><T32/><D29/><U46/><E19/><N who="2" m="8591" /><F10/><W8/><G8/><T31/><D31/><U11/><E11/><V111/><F111/><W100/><G100/><T59/><D32/><U98/><E130/><V103/><F103/><W36/><G36/><T57/><D62/><U41/><E63/><V37/><F37/><W64/><G64/><T92/><D83/><AGARI ba="0,1" hai="47,51,53,54,55,77,83,84,93,99,101" m="8591" machi="83" ten="30,2000,0" yaku="8,1,52,1" doraHai="72" who="2" fromWho="0" sc="210,-20,330,0,230,30,220,0" /><INIT seed="2,0,0,0,0,112" ten="190,330,260,220" oya="2" hai0="111,8,128,28,20,6,24,16,82,105,35,54,26" hai1="57,99,11,44,79,18,4,43,122,36,65,101,61" hai2="33,91,116,2,23,21,96,37,64,55,0,84,107" hai3="56,92,17,85,123,129,73,7,42,48,3,130,62"/><V13/><F37/><W127/><G123/><T50/><D111/><U63/><E122/><V126/><F33/><W78/><G127/><T100/><D128/><N who="3" m="49257" /><G73/><T29/><D105/><U118/><E79/><V109/><F126/><W31/><G31/><T87/><D100/><U134/><E134/><V12/><F64/><W15/><G3/><T46/><D35/><U80/><E80/><V104/><F109/><W52/><G7/><T10/><D26/><U68/><E18/><V125/><F125/><W93/><G78/><T119/><D119/><U53/><E118/><V83/><F55/><N who="3" m="34079" /><G85/><T89/><REACH who="0" step="1"/><D10/><REACH who="0" ten="180,330,260,220" step="2"/><U131/><E131/><V74/><F104/><W97/><G97/><T49/><D49/><U39/><E39/><V113/><F107/><W133/><G133/><T75/><D75/><U72/><E72/><V59/><F96/><W27/><G27/><T71/><D71/><U69/><E69/><V60/><F74/><W5/><G48/><T58/><D58/><U132/><E132/><V81/><F116/><W124/><G124/><T40/><D40/><U121/><E121/><V77/><F59/><W9/><G42/><T120/><D120/><U41/><E41/><V66/><F113/><W94/><G9/><T102/><D102/><U103/><E99/><V86/><F21/><W14/><G15/><AGARI ba="0,1" hai="6,8,15,16,20,24,28,29,46,50,54,82,87,89" machi="15" ten="30,7700,0" yaku="1,1,7,1,8,1,54,1,53,0" doraHai="112" doraHaiUra="115" who="0" fromWho="3" sc="180,87,330,0,260,0,220,-77" /><AGARI ba="0,0" hai="4,11,15,36,43,44,53,57,61,63,65,68,101,103" machi="15" ten="30,1000,0" yaku="7,1" doraHai="112" who="1" fromWho="3" sc="267,0,330,10,260,0,143,-10" /><INIT seed="3,0,0,3,2,75" ten="267,340,260,133" oya="3" hai0="48,114,91,126,124,49,1,99,27,33,82,53,81" hai1="106,8,100,73,23,12,122,129,72,4,123,83,85" hai2="87,94,103,68,54,76,2,20,128,69,56,93,121" hai3="111,86,17,50,118,79,43,134,22,65,59,125,89"/><W34/><G118/><T32/><D1/><U110/><E110/><V105/><F2/><W25/><G34/><T133/><D133/><U78/><E129/><V37/><F37/><W21/><G111/><T45/><D114/><U77/><E23/><V16/><F128/><W30/><G134/><T119/><D119/><U9/><E9/><V57/><F105/><W6/><G125/><N who="0" m="48235" /><D49/><U101/><E85/><V41/><F41/><W112/><G112/><T35/><D27/><U39/><E39/><V84/><F121/><W13/><G6/><T108/><D108/><U14/><E106/><V74/><F74/><W71/><G71/><T107/><D91/><U36/><E36/><V15/><F57/><W135/><G135/><T10/><D10/><U51/><E51/><N who="2" m="30815" /><F103/><AGARI ba="0,0" hai="32,33,35,45,48,53,81,82,99,103,107" m="48235" machi="103" ten="40,1300,0" yaku="18,1" doraHai="75" who="0" fromWho="2" sc="267,13,340,0,260,-13,133,0" /><INIT seed="4,0,0,5,4,129" ten="280,340,247,133" oya="0" hai0="39,41,10,118,27,93,121,35,124,17,12,1,72" hai1="69,105,9,122,5,89,68,37,135,70,90,28,79" hai2="71,65,2,117,104,50,101,102,133,99,95,31,92" hai3="84,59,16,106,34,81,67,47,57,97,120,15,111"/><T51/><D118/><U110/><E105/><V61/><F117/><W83/><G111/><T0/><D121/><U23/><E110/><V80/><F2/><W20/><G34/><T13/><D72/><U130/><E130/><V18/><F31/><W126/><G120/><T30/><D39/><U22/><E37/><V131/><F131/><W44/><G126/><T54/><D124/><U123/><E79/><V74/><F50/><W52/><G83/><T91/><D41/><U98/><E98/><V21/><F102/><W24/><G24/><T32/><D13/><U116/><E116/><V53/><F53/><W128/><G128/><T14/><D14/><U108/><E108/><V115/><F115/><W63/><G97/><T60/><D60/><U40/><E40/><V49/><F49/><W56/><G106/><T29/><D29/><U48/><E48/><V7/><F7/><W96/><G96/><T26/><D26/><U42/><E42/><V76/><F133/><W4/><G4/><T58/><D35/><U3/><E135/><V19/><F19/><W134/><G134/><T109/><D109/><U45/><E28/><V87/><REACH who="2" step="1"/><F74/><REACH who="2" ten="280,340,237,133" step="2"/><W46/><REACH who="3" step="1"/><G67/><REACH who="3" ten="280,340,237,123" step="2"/><T125/><D125/><U78/><E5/><V73/><F73/><W43/><G43/><T77/><D77/><AGARI ba="0,2" hai="15,16,20,44,46,47,52,56,57,59,63,77,81,84" machi="77" ten="40,8000,1" yaku="1,1,8,1,54,2,53,0" doraHai="129" doraHaiUra="38" who="3" fromWho="0" sc="280,-80,340,0,237,0,123,100" /><INIT seed="5,0,0,1,0,38" ten="200,340,237,223" oya="1" hai0="121,94,36,119,111,112,62,87,37,76,29,24,125" hai1="105,90,12,48,73,47,107,20,67,84,64,71,79" hai2="97,123,109,18,14,129,102,124,54,44,106,96,91" hai3="131,23,34,58,114,10,86,122,65,35,40,120,53"/><U27/><E79/><V31/><F123/><W42/><G131/><T55/><D119/><U104/><E73/><V77/><F109/><W15/><G114/><T89/><D111/><U19/><E71/><V118/><F118/><W126/><G126/><T0/><D0/><U43/><REACH who="1" step="1"/><E27/><REACH who="1" ten="200,330,237,223" step="2"/><V21/><F77/><W3/><G120/><T66/><D121/><U6/><E6/><V11/><F124/><W57/><G122/><T50/><D76/><U33/><E33/><V41/><F129/><W28/><G34/><T16/><D125/><U39/><E39/><V51/><F31/><W134/><G35/><T32/><D112/><U69/><E69/><V82/><F11/><W83/><G28/><T132/><D132/><U115/><E115/><V9/><F9/><W98/><G10/><T60/><D16/><U17/><E17/><V103/><F18/><W117/><G117/><T68/><D37/><U72/><E72/><V133/><F21/><W135/><G23/><T8/><D36/><U108/><E108/><V127/><F127/><W26/><G26/><T80/><D8/><U4/><E4/><V88/><F133/><W13/><G134/><T75/><D75/><U46/><E46/><V49/><F14/><W92/><G135/><T25/><D25/><U85/><E85/><V128/><F128/><W22/><G22/><T5/><D5/><U63/><E63/><V61/><F61/><N who="3" m="38071" /><G15/><T130/><D62/><U74/><E74/><V70/><F70/><W7/><G13/><T45/><D130/><U1/><E1/><V2/><F2/><W93/><G3/><RYUUKYOKU ba="0,1" sc="200,15,330,15,237,-15,223,-15" hai0="24,29,32,45,50,55,60,66,68,80,87,89,94" hai1="12,19,20,43,47,48,64,67,84,90,104,105,107" /><INIT seed="5,1,1,4,4,131" ten="215,345,222,208" oya="1" hai0="12,32,58,119,130,4,94,99,67,91,30,3,78" hai1="55,9,89,85,90,66,45,35,53,98,110,7,104" hai2="108,21,112,11,107,121,103,109,23,37,39,47,5" hai3="20,42,18,72,49,14,114,117,0,101,132,15,123"/><U111/><E35/><V115/><F121/><W86/><G123/><T113/><D119/><U81/><E66/><V93/><F93/><W70/><G72/><T69/><D113/><N who="2" m="43594" /><F21/><W120/><G120/><T52/><D130/><U27/><E27/><V13/><F23/><W126/><G114/><T125/><D125/><U40/><E104/><V26/><F26/><W106/><G70/><T57/><D3/><U17/><E17/><V87/><F87/><W135/><G126/><T128/><D69/><U73/><E73/><V77/><F77/><W33/><G33/><T48/><D128/><U124/><E98/><N who="2" m="61943" /><F47/><N who="3" m="25847" /><G0/><T84/><D32/><U16/><E90/><V75/><F75/><W74/><G74/><T133/><D30/><U79/><E89/><V129/><F129/><W62/><G117/><T1/><D1/><U59/><E124/><V6/><F6/><W105/><G86/><T31/><D31/><U51/><E16/><V64/><F64/><W61/><G15/><T44/><D67/><U22/><E22/><V127/><F127/><W28/><G28/><T63/><D12/><U38/><E7/><V19/><F19/><W29/><G29/><T2/><D4/><U76/><E9/><V8/><F8/><W56/><G101/><T122/><D122/><U50/><E79/><V46/><F46/><W134/><G56/><T88/><D2/><U34/><E34/><V24/><F24/><W97/><G97/><T68/><D99/><U60/><E55/><V83/><F83/><W118/><G118/><T36/><D52/><U54/><E53/><V80/><F80/><RYUUKYOKU ba="1,1" sc="215,-30,345,10,222,10,208,10" hai1="38,40,45,50,51,54,59,60,76,81,85,110,111" hai2="5,11,13,37,39,108,109" hai3="14,18,20,61,62,105,106,132,134,135" /><INIT seed="5,2,1,2,0,128" ten="185,355,232,218" oya="1" hai0="3,109,94,7,13,108,93,81,48,74,133,56,49" hai1="110,21,40,111,2,15,16,11,118,31,104,73,105" hai2="117,35,32,82,115,53,121,68,107,64,79,129,65" hai3="58,47,27,113,14,22,9,75,1,63,91,41,131"/><U95/><E73/><V33/><F121/><W8/><G131/><T36/><D36/><U89/><E40/><V92/><F107/><W120/><G120/><T29/><D3/><U50/><E50/><V12/><F117/><W125/><G75/><T103/><D29/><U28/><E118/><V87/><F129/><W18/><G125/><T102/><D74/><U54/><E54/><V24/><F115/><W5/><G113/><T60/><D81/><U86/><E2/><V44/><F68/><W132/><G132/><T77/><D77/><U71/><E71/><V37/><F12/><W23/><G91/><T126/><D126/><U66/><E66/><V69/><F69/><W42/><G23/><T84/><D133/><U34/><E34/><V127/><F127/><W55/><REACH who="3" step="1"/><G47/><REACH who="3" ten="185,355,232,208" step="2"/><T10/><D109/><N who="1" m="41483" /><E21/><V116/><F116/><W52/><G52/><N who="0" m="33799" /><D108/><U106/><AGARI ba="2,2" hai="11,15,16,28,31,86,89,95,104,105,106" m="41483" machi="106" ten="40,3900,0" yaku="10,1,54,1" doraHai="128" who="1" fromWho="1" sc="185,-15,355,65,232,-15,208,-15" /><INIT seed="5,3,0,4,5,132" ten="170,420,217,193" oya="1" hai0="97,65,119,30,112,3,60,111,12,128,106,129,59" hai1="49,5,0,118,92,56,120,47,67,26,1,108,69" hai2="8,93,116,126,70,32,27,34,22,117,115,31,52" hai3="21,10,122,18,98,113,101,103,29,68,33,95,24"/><U55/><E108/><V20/><F70/><W6/><G122/><T2/><D111/><U121/><E118/><V36/><F36/><W86/><G113/><T81/><D119/><U88/><E69/><V79/><F79/><W39/><G39/><T96/><D112/><U15/><E26/><V23/><F115/><W51/><G68/><T80/><D30/><U83/><E83/><N who="0" m="31817" /><D12/><U43/><E67/><V76/><F34/><W100/><G86/><T11/><D11/><U123/><E15/><V58/><F76/><W16/><G51/><T38/><D38/><U62/><REACH who="1" step="1"/><E5/><REACH who="1" ten="170,410,217,193" step="2"/><V135/><F117/><W110/><G110/><T130/><D3/><U75/><E75/><V9/><F116/><W105/><G105/><T13/><D2/><U72/><E72/><V71/><F71/><W61/><G33/><T127/><D13/><U125/><E125/><V50/><F126/><W66/><G24/><T63/><D127/><U57/><E57/><V40/><F135/><W90/><G29/><T45/><D106/><U102/><E102/><V107/><F107/><W28/><G28/><T89/><D65/><U78/><E78/><V91/><REACH who="2" step="1"/><F40/><REACH who="2" ten="170,410,207,193" step="2"/><W82/><G103/><T25/><D130/><U124/><E124/><V85/><AGARI ba="3,2" hai="8,9,20,22,23,27,31,32,50,52,58,85,91,93" machi="85" ten="30,7900,0" yaku="1,1,2,1,0,1,54,1,53,0" doraHai="132" doraHaiUra="134" who="2" fromWho="2" sc="170,-23,410,-42,207,108,193,-23" /><INIT seed="6,0,0,4,3,83" ten="147,368,315,170" oya="2" hai0="3,53,12,72,41,50,25,82,24,43,47,90,95" hai1="75,37,16,60,20,45,112,68,59,4,120,14,97" hai2="55,100,26,28,33,109,121,61,40,135,133,51,76" hai3="22,0,126,116,96,131,21,119,129,29,38,86,49"/><V77/><F121/><W125/><G38/><T32/><D3/><U132/><E75/><V64/><F40/><W35/><G49/><T18/><D72/><U1/><E68/><V69/><F109/><W79/><G96/><T80/><D32/><U89/><E120/><V23/><F23/><N who="3" m="8715" /><G0/><T73/><D73/><U105/><E112/><V78/><REACH who="2" step="1"/><F100/><REACH who="2" ten="147,368,305,170" step="2"/><W52/><G116/><T110/><D110/><U94/><E20/><V104/><F104/><W62/><G119/><T6/><D43/><U124/><E105/><V19/><F19/><W36/><G35/><T98/><D41/><U66/><E16/><V42/><F42/><W111/><G111/><T106/><D18/><U27/><E37/><V81/><F81/><N who="0" m="31338" /><D106/><U88/><E4/><V71/><F71/><W10/><G36/><T17/><D17/><U63/><E27/><V67/><F67/><W65/><G65/><T101/><D101/><U99/><E66/><V108/><F108/><W87/><G79/><T44/><D25/><U127/><E94/><V39/><F39/><W70/><G70/><T30/><D24/><U11/><E127/><N who="3" m="48650" /><G29/><T107/><D30/><U91/><E124/><V118/><F118/><W58/><G10/><N who="0" m="4183" /><D107/><U93/><E93/><V117/><F117/><W5/><G5/><T8/><D8/><U9/><E9/><V34/><F34/><W115/><G115/><T102/><D102/><U123/><E123/><V74/><F74/><W46/><G131/><T113/><D113/><U48/><E11/><V114/><F114/><W85/><G129/><T31/><D31/><U122/><E122/><RYUUKYOKU ba="0,1" sc="147,10,368,-30,305,10,170,10" hai0="44,47,50,53,90,95,98" hai2="26,28,33,51,55,61,64,69,76,77,78,133,135" hai3="46,52,58,62,85,86,87" /><INIT seed="6,1,1,0,0,66" ten="157,338,315,180" oya="2" hai0="14,22,53,116,71,23,29,48,27,24,90,92,128" hai1="121,93,55,64,3,127,63,80,54,133,118,95,33" hai2="135,117,58,16,11,115,100,59,26,44,109,69,30" hai3="46,131,108,101,107,62,31,10,47,81,113,94,75"/><V1/><F117/><W17/><G108/><T7/><D128/><U0/><E118/><V96/><F109/><W20/><G131/><T77/><D116/><U28/><E127/><V50/><F69/><W126/><G126/><T25/><D71/><U68/><E133/><V125/><F125/><W34/><G107/><T4/><D77/><U76/><E121/><V89/><F89/><W9/><G34/><T32/><D32/><U134/><E134/><V15/><F1/><W111/><G111/><T85/><D14/><U132/><E132/><V51/><F135/><W45/><G31/><N who="0" m="17815" /><D27/><U119/><E119/><V102/><F115/><W84/><G113/><T65/><D65/><U67/><E28/><V35/><F100/><W106/><G106/><T83/><D83/><U61/><E33/><V41/><REACH who="2" step="1"/><F50/><REACH who="2" ten="157,338,305,180" step="2"/><W19/><G101/><T78/><D78/><U52/><E3/><V60/><F60/><W129/><G62/><T97/><D97/><U2/><E0/><V99/><F99/><W70/><G70/><T104/><D48/><U18/><E2/><V6/><F6/><W21/><G129/><T5/><D4/><U98/><E98/><V56/><F56/><W110/><G110/><T12/><D7/><U91/><E91/><V72/><F72/><W37/><G37/><T130/><D130/><U43/><E63/><V57/><F57/><W122/><G75/><T49/><D49/><U87/><E67/><V42/><F42/><W73/><G73/><T82/><D5/><U86/><E43/><V88/><F88/><W13/><G122/><T74/><D74/><RYUUKYOKU ba="1,2" sc="157,-10,338,-10,305,30,180,-10" hai2="11,15,16,26,30,35,41,44,51,58,59,96,102" /><INIT seed="6,2,2,0,1,100" ten="147,328,335,170" oya="2" hai0="19,43,94,79,130,49,23,51,47,37,81,68,121" hai1="98,10,119,4,78,5,21,118,25,9,39,11,116" hai2="107,15,86,59,14,109,41,3,64,125,55,42,103" hai3="20,122,27,106,74,56,44,129,117,61,22,53,120"/><V16/><F3/><W82/><G117/><T73/><D121/><U57/><E39/><V90/><F125/><W132/><G129/><T84/><D68/><U112/><E78/><V38/><F38/><W70/><G70/><T0/><D0/><U6/><E57/><V45/><F109/><W17/><G106/><T1/><D1/><U67/><E67/><V62/><F107/><W48/><G132/><T104/><D104/><U75/><E75/><V60/><F103/><W52/><REACH who="3" step="1"/><G20/><REACH who="3" ten="147,328,335,160" step="2"/><T24/><REACH who="0" step="1"/><D130/><REACH who="0" ten="137,328,335,160" step="2"/><U101/><E116/><V65/><F65/><W72/><G72/><T124/><D124/><U32/><E119/><V31/><F64/><W88/><G88/><AGARI ba="2,4" hai="19,23,24,37,43,47,49,51,73,79,81,84,88,94" machi="88" ten="40,2600,0" yaku="1,1,54,1,53,0" doraHai="100" doraHaiUra="30" who="0" fromWho="3" sc="137,72,328,0,335,0,160,-32" /><INIT seed="7,0,0,2,4,96" ten="209,328,335,128" oya="3" hai0="88,118,134,23,81,2,117,14,127,130,87,30,45" hai1="126,82,113,28,104,49,83,63,24,53,66,29,100" hai2="85,50,97,76,94,90,80,61,15,43,9,54,22" hai3="3,1,52,101,129,102,68,59,36,119,8,46,89"/><W77/><G119/><T62/><D2/><U124/><E113/><V106/><F106/><W72/><G68/><T17/><D127/><N who="1" m="48683" /><E100/><V110/><F110/><W99/><G129/><T114/><D45/><N who="1" m="27823" /><E104/><V13/><F22/><W109/><G109/><T84/><D84/><U133/><E133/><V47/><F9/><W21/><G21/><T41/><D23/><N who="1" m="15391" /><E29/><V25/><F25/><W39/><G39/><T51/><D88/><U95/><E95/><V12/><F61/><N who="3" m="36071" /><G89/><T65/><D118/><U74/><E74/><V38/><F38/><W4/><G99/><T67/><D87/><U103/><E103/><V123/><F123/><W37/><G3/><T19/><D117/><U16/><E16/><V6/><F6/><W11/><G11/><T42/><D19/><U132/><E132/><V111/><F111/><W92/><G37/><T35/><D134/><U33/><E33/><V73/><F73/><W18/><G92/><T20/><D130/><U64/><E64/><V93/><F93/><W34/><G18/><T27/><D67/><U116/><E116/><V125/><F125/><W55/><G34/><T69/><D81/><U70/><AGARI ba="0,0" hai="63,66,70,82,83" m="15391,27823,48683" machi="70" ten="30,1100,0" yaku="18,1" doraHai="96" who="1" fromWho="1" sc="209,-3,328,11,335,-3,128,-5" owari="206,-19.0,339,44.0,332,13.0,123,-38.0" /></mjloggm>