<mjloggm ver="2.3"><GO type="169" lobby="0"/><UN n0="%72%79%6F%E2%80%A6%31%35" n1="%65%72%6F%67%72%65%65%6E" n2="%E5%B0%B1%E6%B4%BB%E7%94%9F%40%E5%B7%9D%E6%9D%91%E8%BB%8D%E5%9B%A3" n3="%E4%B8%83%EF%BD%80%E3%83%BB%CF%89%E3%83%BB%29%E3%83%8E%EF%BC%81" dan="17,17,17,16" rate="2147.20,2175.52,2215.76,2111.45" sx="M,M,M,M"/><TAIKYOKU oya="0"/><INIT seed="0,0,0,3,4,65" ten="250,250,250,250" oya="0" hai0="71,73,6,106,80,57,3,119,125,52,93,103,72" hai1="74,92,22,50,111,43,60,118,86,0,13,61,95" hai2="32,113,89,24,124,117,20,102,91,129,75,121,27" hai3="97,9,26,101,30,23,41,84,134,63,70,42,67"/><T87/><D119/><U104/><E118/><V107/><F75/><W21/><G134/><T39/><D39/><U69/><E74/><V14/><F117/><W85/><G23/><T7/><D125/><U88/><E104/><V51/><F124/><W46/><G9/><T108/><D106/><U58/><E0/><V2/><F2/><W131/><G131/><T59/><D59/><U31/><E111/><V105/><F129/><W47/><G47/><T98/><D108/><U48/><E43/><V90/><F113/><W130/><G130/><T126/><D126/><U122/><E122/><V114/><F114/><W28/><G28/><T36/><D36/><U64/><E95/><V135/><F135/><W55/><G55/><T56/><D56/><U5/><E5/><V37/><F37/><W54/><G54/><T96/><D71/><U53/><REACH who="1" step="1"/><E13/><REACH who="1" ten="250,240,250,250" step="2"/><V29/><F14/><W109/><G41/><T17/><D3/><U127/><E127/><V128/><F128/><W11/><G109/><T116/><D116/><U62/><E62/><V10/><F121/><W34/><G42/><T123/><D123/><U76/><E76/><V45/><F107/><W38/><G63/><T115/><D73/><U35/><E35/><V94/><F105/><W15/><G34/><T16/><D72/><U112/><E112/><V81/><F32/><W132/><G132/><T40/><D40/><U79/><E79/><V8/><F81/><W83/><G38/><T77/><D115/><U33/><E33/><V110/><F110/><W18/><G83/><T78/><D78/><U1/><E1/><RYUUKYOKU ba="0,1" sc="250,-10,240,30,250,-10,250,-10" hai1="22,31,48,50,53,58,60,61,64,69,86,88,92" /><INIT seed="1,1,1,4,4,110" ten="240,270,240,240" oya="1" hai0="88,105,28,34,50,54,86,29,120,47,81,52,126" hai1="100,90,20,129,21,96,132,4,13,104,72,106,67" hai2="55,77,123,74,87,73,42,5,46,98,75,65,84" hai3="7,51,119,39,121,38,125,26,127,108,71,64,91"/><U19/><E72/><V59/><F123/><W25/><G121/><T10/><D120/><U30/><E132/><V6/><F65/><W70/><G108/><T68/><D68/><N who="3" m="26153" /><G64/><T99/><D126/><N who="3" m="48137" /><G119/><T114/><D114/><U23/><E67/><V3/><F98/><W36/><G7/><T33/><D33/><U93/><E129/><V24/><F24/><N who="3" m="9323" /><G51/><N who="0" m="28799" /><D105/><U53/><E30/><V56/><F56/><W85/><G85/><T128/><D128/><U111/><E111/><V83/><F87/><W107/><G91/><T95/><D10/><U44/><E4/><V63/><REACH who="2" step="1"/><F3/><REACH who="2" ten="240,270,230,240" step="2"/><W27/><G27/><T16/><D34/><U31/><E31/><V48/><AGARI ba="1,2" hai="5,6,42,46,48,55,59,63,73,74,75,77,83,84" machi="48" ten="30,4000,0" yaku="1,1,2,1,0,1,53,0" doraHai="110" doraHaiUra="94" who="2" fromWho="2" sc="240,-11,270,-21,230,63,240,-11" /><INIT seed="2,0,0,3,4,108" ten="229,249,293,229" oya="2" hai0="6,76,1,101,26,85,126,79,38,31,78,47,120" hai1="53,84,35,102,25,48,27,45,40,55,103,65,66" hai2="75,106,130,16,123,36,68,129,52,29,73,63,34" hai3="89,107,0,56,114,44,100,14,37,121,7,19,81"/><V64/><F123/><W87/><G121/><T116/><D120/><U124/><E124/><V74/><F36/><W72/><G72/><T134/><D126/><U46/><E35/><V96/><F52/><W112/><G0/><T57/><D134/><U22/><E84/><V119/><F119/><W58/><G7/><T5/><D116/><U127/><E127/><V118/><F118/><W17/><G100/><T110/><D110/><U33/><E33/><V98/><F16/><N who="3" m="6219" /><G107/><T77/><D101/><U92/><E48/><V122/><F122/><W49/><G14/><T71/><D71/><U9/><E92/><V104/><F98/><W113/><G37/><T125/><D125/><U67/><E67/><V18/><F18/><W20/><G20/><T13/><D1/><U80/><E80/><V131/><REACH who="2" step="1"/><F96/><REACH who="2" ten="229,249,283,229" step="2"/><W93/><G93/><T11/><D38/><U12/><E12/><V115/><F115/><W82/><G81/><T91/><D13/><U30/><E55/><AGARI ba="0,1" hai="44,49,55,56,58,82,87,89,112,113,114" m="6219" machi="55" ten="30,8000,1" yaku="11,1,52,3,54,1" doraHai="108" who="3" fromWho="1" sc="229,0,249,-80,283,0,229,90" /><INIT seed="3,0,0,1,0,99" ten="229,169,283,319" oya="3" hai0="45,116,49,41,111,37,129,104,117,46,131,114,5" hai1="67,126,10,11,73,40,85,135,1,30,102,101,65" hai2="19,56,24,16,31,6,27,134,33,55,51,121,54" hai3="115,63,22,89,18,127,106,123,47,17,128,20,60"/><W3/><G123/><T122/><D104/><U59/><E73/><V105/><F121/><W66/><G115/><T34/><D34/><U14/><E1/><V8/><F134/><W75/><G106/><T78/><D78/><U91/><E126/><V108/><F108/><W39/><G3/><T132/><D5/><U71/><E71/><V95/><F105/><W103/><G75/><T0/><D0/><U96/><E135/><V93/><F54/><W44/><G89/><T130/><D132/><U84/><E40/><V82/><F82/><W38/><G66/><N who="1" m="25098" /><E30/><V98/><F27/><W69/><G69/><T42/><D122/><U124/><E59/><V119/><F119/><N who="0" m="45642" /><D111/><U53/><E53/><V23/><F33/><W35/><G35/><T48/><D114/><U107/><E107/><V13/><REACH who="2" step="1"/><F95/><REACH who="2" ten="229,169,273,319" step="2"/><W80/><G80/><T2/><D2/><U72/><E124/><V4/><F4/><W97/><G127/><T79/><D79/><U88/><E72/><V29/><F29/><W110/><G110/><T113/><D113/><U100/><E96/><V70/><F70/><W74/><G97/><T118/><D118/><U50/><E50/><AGARI ba="0,1" hai="37,41,42,45,46,48,49,50,129,130,131" m="45642" machi="50" ten="40,5200,0" yaku="19,1,34,2" doraHai="99" who="0" fromWho="1" sc="229,62,169,-52,273,0,319,0" /><INIT seed="4,0,0,1,2,44" ten="291,117,273,319" oya="0" hai0="98,42,127,71,102,86,105,92,41,108,64,62,55" hai1="123,95,85,48,134,20,126,73,75,5,82,72,19" hai2="28,51,14,58,135,94,109,53,33,26,54,11,37" hai3="133,119,31,47,115,80,15,118,39,10,110,16,88"/><T78/><D127/><U106/><E123/><V89/><F109/><W96/><G110/><T116/><D116/><U50/><E106/><V2/><F135/><W24/><G133/><T99/><D108/><U25/><E134/><V59/><F37/><W66/><G66/><T97/><D97/><U113/><E126/><V43/><F43/><W45/><G115/><T125/><D125/><U107/><E107/><V111/><F2/><W91/><G39/><T13/><D13/><U35/><E113/><V22/><F33/><W46/><G80/><T129/><D129/><U131/><E131/><V60/><F111/><W68/><G68/><T81/><REACH who="0" step="1"/><D55/><REACH who="0" ten="281,117,273,319" step="2"/><U101/><E72/><V18/><F89/><AGARI ba="0,1" hai="41,42,62,64,71,78,81,86,89,92,98,99,102,105" machi="89" ten="30,11600,0" yaku="1,1,2,1,7,1,53,1" doraHai="44" doraHaiUra="76" who="0" fromWho="2" sc="281,126,117,0,273,-116,319,0" /><INIT seed="4,1,0,1,2,55" ten="407,117,157,319" oya="0" hai0="110,9,85,123,124,18,24,45,29,60,96,134,42" hai1="5,94,19,72,120,119,106,115,78,37,34,17,79" hai2="74,10,130,105,21,69,54,47,87,88,61,40,30" hai3="107,43,109,135,128,101,122,68,133,36,4,56,59"/><T97/><D123/><U111/><E106/><V71/><F74/><W62/><G109/><T0/><D110/><U46/><E111/><V28/><F130/><W25/><G4/><T51/><D124/><U50/><E119/><V1/><F105/><W66/><G122/><T126/><D126/><U2/><E120/><V127/><F127/><W73/><G73/><T15/><D0/><U53/><E34/><V8/><F71/><W44/><G128/><T63/><D134/><N who="3" m="51209" /><G25/><T83/><D63/><U100/><E37/><V12/><F1/><W52/><G101/><T22/><REACH who="0" step="1"/><D60/><REACH who="0" ten="397,117,157,319" step="2"/><U103/><E2/><V86/><F61/><N who="3" m="36071" /><G107/><T132/><D132/><U114/><E115/><V26/><F69/><AGARI ba="1,1" hai="36,43,44,56,62,66,68,69" m="36071,51209" machi="69" ten="30,12000,2" yaku="20,1,34,2,52,2,54,1" doraHai="55" who="3" fromWho="2" sc="397,0,117,0,157,-123,319,133" /><INIT seed="5,0,0,3,0,2" ten="397,117,34,452" oya="1" hai0="62,131,19,48,31,9,115,36,51,91,132,87,60" hai1="46,95,57,92,68,35,71,134,55,49,24,47,12" hai2="28,122,80,11,77,101,61,40,18,6,69,5,112" hai3="90,53,128,44,1,106,67,25,121,37,102,22,104"/><U97/><E134/><V119/><F122/><W82/><G121/><T41/><D132/><U135/><E135/><V130/><F119/><W38/><G128/><T30/><D131/><U88/><E12/><N who="2" m="7455" /><F130/><W21/><G67/><T110/><D110/><U107/><E107/><V20/><F69/><W70/><G70/><T127/><D115/><U42/><E47/><V96/><F112/><W27/><G102/><T75/><D75/><U81/><E81/><V64/><F40/><W16/><G1/><T103/><D103/><U120/><E120/><V14/><F80/><W83/><G53/><T43/><D36/><U39/><REACH who="1" step="1"/><E92/><REACH who="1" ten="397,107,34,452" step="2"/><N who="2" m="58503" /><F77/><W74/><G44/><T78/><D78/><U3/><E3/><V126/><F126/><W32/><G106/><T89/><D127/><U93/><E93/><V17/><F28/><AGARI ba="0,1" hai="24,28,35,39,42,46,49,55,57,68,71,88,95,97" machi="28" ten="40,3900,0" yaku="1,1,54,1,53,0" doraHai="2" doraHaiUra="76" who="1" fromWho="2" sc="397,0,107,49,34,-39,452,0" owari="397,20.0,156,-24.0,-5,-51.0,452,55.0" /></mjloggm>