<mjloggm ver="2.3"><GO type="225" lobby="0"/><UN n0="%4D%49%40%34%32%38" n1="%E5%B0%B1%E6%B4%BB%E7%94%9F%40%E5%B7%9D%E6%9D%91%E8%BB%8D%E5%9B%A3" n2="%E6%A9%8B%E6%9C%AC%E5%8D%83%E5%85%89%E5%B9%B4" n3="%55%4E%4C%4F%4F%53%45" dan="17,17,16,16" rate="2243.87,2201.42,2194.11,2117.54" sx="M,M,M,F"/><TAIKYOKU oya="0"/><INIT seed="0,0,0,1,1,53" ten="250,250,250,250" oya="0" hai0="5,70,81,98,80,49,73,89,55,68,25,44,51" hai1="18,36,59,67,21,23,85,24,125,130,108,19,46" hai2="118,40,29,56,133,97,112,43,47,94,34,76,120" hai3="122,110,102,38,78,14,63,124,77,127,0,114,11"/><T117/><D117/><U90/><E108/><V92/><F120/><W9/><G114/><T82/><D73/><U31/><E130/><V131/><F112/><W119/><G38/><T20/><D5/><U30/><E125/><N who="3" m="48202" /><G119/><T101/><D49/><U3/><E3/><V95/><F131/><W83/><G110/><T65/><D89/><U58/><E36/><V27/><F133/><W72/><G102/><T52/><D55/><U60/><E46/><V116/><F76/><N who="3" m="44423" /><G122/><T87/><D87/><U8/><E8/><V109/><F109/><W28/><G28/><T88/><D65/><U6/><E6/><V61/><F97/><W62/><G0/><T12/><D12/><U103/><E103/><V7/><F7/><N who="3" m="3391" /><G11/><T104/><REACH who="0" step="1"/><D88/><REACH who="0" ten="240,250,250,250" step="2"/><U86/><E86/><V100/><F100/><W22/><G78/><T26/><D26/><N who="1" m="14647" /><E59/><V64/><REACH who="2" step="1"/><F43/><REACH who="2" ten="240,250,240,250" step="2"/><W135/><G77/><T15/><D15/><U39/><E39/><AGARI ba="0,2" hai="27,29,34,39,40,47,56,61,64,92,94,95,116,118" machi="39" ten="40,5200,0" yaku="1,1,2,1,52,1,53,0" doraHai="53" doraHaiUra="93" who="2" fromWho="1" sc="240,0,250,-52,240,72,250,0" /><INIT seed="1,0,0,1,0,3" ten="240,198,312,250" oya="1" hai0="36,86,135,113,102,110,42,59,46,111,21,115,80" hai1="24,94,48,91,96,122,16,108,84,75,92,117,90" hai2="87,13,129,20,123,98,2,18,82,51,101,85,11" hai3="71,14,116,89,4,0,52,130,124,103,32,61,25"/><U40/><E122/><V29/><F123/><W23/><G124/><T69/><D69/><U70/><E117/><V7/><F129/><W22/><G130/><T81/><D135/><U93/><E70/><V95/><F29/><W27/><G116/><T33/><D33/><U63/><E75/><V114/><F114/><W37/><G37/><T49/><D102/><U56/><E108/><N who="0" m="41513" /><D21/><U104/><E104/><V106/><F106/><W79/><G79/><N who="0" m="46367" /><D81/><U26/><E93/><V38/><F38/><W8/><G103/><T65/><D49/><U53/><E16/><V83/><F83/><W128/><G128/><T133/><D133/><U15/><E15/><V68/><F68/><W19/><G89/><T55/><D55/><U72/><E72/><V125/><F125/><W120/><G120/><T134/><D134/><U39/><E39/><V126/><F126/><W17/><G71/><T118/><D118/><U77/><E77/><V107/><F82/><W5/><G52/><T35/><D35/><U43/><REACH who="1" step="1"/><E63/><AGARI ba="0,0" hai="36,42,46,59,63,65,113,115" m="46367,41513" machi="63" ten="30,1000,0" yaku="14,1" doraHai="3" who="0" fromWho="1" sc="240,10,198,-10,312,0,250,0" /><INIT seed="2,0,0,3,1,79" ten="250,188,312,250" oya="2" hai0="23,59,101,6,60,2,104,91,130,66,109,103,38" hai1="30,45,120,29,127,37,33,70,46,82,93,97,69" hai2="48,62,24,10,61,123,135,74,34,84,71,25,57" hai3="116,56,11,32,0,86,85,78,102,40,65,27,95"/><V67/><F123/><W90/><G116/><T53/><D38/><U122/><E127/><V108/><F74/><W52/><G65/><T96/><D109/><U9/><E9/><V17/><F108/><W81/><G40/><T72/><D130/><U80/><E33/><V125/><F125/><W18/><G102/><T75/><D103/><U55/><E55/><V15/><F135/><W50/><G0/><T107/><D107/><U128/><E128/><V51/><F34/><W100/><G100/><T13/><D2/><U131/><E131/><V106/><F106/><W12/><G32/><T64/><D64/><U117/><E117/><V77/><F71/><W99/><REACH who="3" step="1"/><G27/><REACH who="3" ten="250,188,312,240" step="2"/><N who="2" m="10313" /><F61/><W5/><G5/><T68/><D6/><U3/><E3/><V124/><F124/><W76/><G76/><T20/><D60/><U73/><E73/><AGARI ba="0,1" hai="11,12,18,50,52,56,73,78,81,85,86,90,95,99" machi="73" ten="30,8000,1" yaku="1,1,7,1,52,1,54,1,53,1" doraHai="79" doraHaiUra="8" who="3" fromWho="1" sc="250,0,188,-80,312,0,240,90" /><INIT seed="3,0,0,0,4,55" ten="250,108,312,330" oya="3" hai0="28,69,127,101,81,2,16,59,75,103,126,7,39" hai1="43,56,119,31,57,93,52,132,131,128,5,70,104" hai2="118,111,32,115,67,41,66,9,114,34,46,48,62" hai3="83,63,121,29,36,110,24,12,96,112,123,88,135"/><W79/><G112/><T21/><D69/><U30/><E104/><V22/><F118/><W86/><G36/><T74/><D39/><U33/><E119/><V116/><F116/><W92/><G135/><T109/><D109/><U60/><E132/><V124/><F111/><W108/><G110/><T35/><D35/><U91/><E70/><V11/><F22/><W10/><G108/><T3/><D28/><U19/><E43/><V99/><F124/><W113/><G63/><T94/><D94/><U87/><E5/><V49/><F62/><W125/><G125/><T4/><D21/><U61/><E19/><V73/><F99/><W18/><G113/><T76/><D76/><U38/><E38/><V64/><F73/><W0/><G0/><T58/><D81/><U8/><E8/><V14/><F14/><W97/><G97/><T80/><D80/><U71/><E71/><V100/><F67/><W89/><G79/><T65/><D65/><U98/><E98/><V82/><F82/><W27/><G27/><T134/><D134/><U17/><E17/><AGARI ba="0,0" hai="2,3,4,7,16,17,58,59,74,75,101,103,126,127" machi="17" ten="25,8000,1" yaku="22,2,52,2,54,1" doraHai="55" who="0" fromWho="1" sc="250,80,108,-80,312,0,330,0" owari="330,43.0,28,-47.0,312,-9.0,330,13.0" /></mjloggm>