<mjloggm ver="2.3"><GO type="169" lobby="0"/><UN n0="%E5%B0%B1%E6%B4%BB%E7%94%9F%40%E5%B7%9D%E6%9D%91%E8%BB%8D%E5%9B%A3" n1="%65%76%67%6F%6D%65%73%31" n2="%EF%BC%BF%E3%82%86%E3%82%86%E3%82%86" n3="%6A%75%6E%6F%6E" dan="17,16,16,17" rate="2225.25,2094.56,2079.87,2179.89" sx="M,M,F,M"/><TAIKYOKU oya="0"/><INIT seed="0,0,0,4,2,27" ten="250,250,250,250" oya="0" hai0="99,91,92,36,48,121,28,80,23,127,93,74,114" hai1="52,26,39,10,33,7,47,133,78,60,100,88,5" hai2="128,95,109,34,90,111,49,25,20,120,112,16,102" hai3="82,11,31,35,24,19,29,119,58,97,21,65,4"/><T32/><D121/><U46/><E100/><V42/><F112/><W122/><G122/><T6/><D36/><U83/><E133/><V17/><F120/><W0/><G119/><T87/><D32/><U45/><E39/><V71/><F71/><W9/><G9/><T50/><D114/><U30/><E7/><V118/><F128/><W18/><G18/><T116/><D116/><U51/><E60/><V72/><F118/><W15/><G31/><T73/><D127/><U135/><E135/><V38/><F34/><W40/><G40/><T117/><D117/><U8/><E8/><V107/><F72/><W53/><G65/><T69/><D69/><U59/><E59/><V89/><F38/><W113/><G82/><T131/><D131/><U126/><E126/><V37/><F37/><W64/><G64/><T98/><D6/><U84/><E78/><V67/><F67/><W123/><G97/><T125/><D74/><U3/><AGARI ba="0,0" hai="3,5,10,26,30,33,45,46,47,51,52,83,84,88" machi="3" ten="20,8000,1" yaku="0,1,7,1,52,1,54,2" doraHai="27" who="1" fromWho="1" sc="250,-40,250,80,250,-20,250,-20" /><INIT seed="1,0,0,3,3,12" ten="210,330,230,230" oya="1" hai0="97,105,93,20,44,29,51,67,115,37,98,88,0" hai1="118,133,19,54,23,15,70,135,121,64,127,22,58" hai2="84,68,43,9,11,40,126,78,73,122,30,2,117" hai3="101,76,86,99,14,33,79,46,107,47,52,92,130"/><U45/><E121/><V125/><F117/><W39/><G33/><T28/><D115/><U116/><E70/><V81/><F122/><W119/><G119/><N who="1" m="45610" /><E64/><V109/><F109/><W5/><G130/><T59/><D0/><U89/><E45/><V85/><F68/><W63/><G46/><T49/><D37/><U132/><E89/><V114/><F30/><W66/><G107/><T102/><D20/><N who="1" m="11391" /><E127/><N who="2" m="48651" /><F114/><W111/><G111/><T91/><D91/><U96/><E96/><V50/><F50/><AGARI ba="0,0" hai="22,23,50,54,58,132,133,135" m="11391,45610" machi="50" ten="40,3900,0" yaku="20,1,52,1" doraHai="12" who="1" fromWho="2" sc="210,0,330,39,230,-39,230,0" /><INIT seed="1,1,0,3,4,135" ten="210,369,191,230" oya="1" hai0="24,30,120,34,122,134,57,10,7,5,133,52,107" hai1="9,70,33,88,106,38,95,26,75,125,68,101,83" hai2="59,81,113,17,15,63,23,35,28,60,121,18,73" hai3="29,115,20,92,53,105,67,55,6,27,86,124,14"/><U111/><E38/><V41/><F121/><N who="0" m="46698" /><D107/><U127/><E111/><V131/><F131/><W8/><G115/><T78/><D78/><U31/><E9/><V77/><F113/><W25/><G105/><T94/><D94/><U4/><E4/><N who="0" m="1609" /><D10/><U51/><E51/><AGARI ba="1,0" hai="24,30,34,51,52,57,133,134" m="1609,46698" machi="51" ten="30,2000,0" yaku="13,1,54,1" doraHai="135" who="0" fromWho="1" sc="210,23,369,-23,191,0,230,0" /><INIT seed="2,0,0,1,5,1" ten="233,346,191,230" oya="2" hai0="123,105,41,130,42,6,82,13,23,106,87,63,44" hai1="7,72,88,121,19,36,58,107,95,51,45,56,99" hai2="21,110,62,71,14,29,64,80,98,112,135,118,93" hai3="109,65,2,60,114,54,22,124,97,49,47,0,134"/><V4/><F112/><W52/><G114/><T102/><D123/><U8/><E72/><V129/><F118/><W78/><G109/><T17/><D130/><U33/><E33/><V20/><F135/><W101/><G134/><T132/><D132/><U90/><E36/><V104/><F129/><W57/><G124/><T103/><D105/><U39/><E39/><V55/><F110/><W115/><G115/><T122/><D106/><U125/><E107/><V77/><F104/><W70/><G78/><T31/><D31/><U12/><E125/><V15/><F55/><W40/><G22/><T34/><D34/><U30/><E30/><V94/><F94/><N who="3" m="58551" /><G54/><T16/><D63/><U26/><E121/><V116/><F116/><W59/><G59/><T89/><D122/><U91/><E26/><V79/><F29/><W67/><G65/><T126/><D126/><U61/><E19/><N who="0" m="7241" /><D23/><U111/><E111/><V119/><F119/><W50/><G70/><T5/><D13/><U24/><E24/><V38/><F38/><W92/><G0/><T100/><D44/><U32/><E32/><V18/><F80/><W46/><G2/><T113/><D113/><U35/><E35/><V66/><F66/><W131/><G131/><T84/><D84/><U28/><E28/><V76/><F21/><W37/><G37/><T48/><D48/><U68/><E68/><V73/><F73/><W25/><G25/><T11/><D11/><U117/><E117/><V53/><F53/><W3/><G3/><T83/><D83/><U96/><E99/><V69/><F69/><W85/><G85/><RYUUKYOKU ba="0,0" sc="233,15,346,-15,191,-15,230,15" hai0="5,6,41,42,82,87,89,100,102,103" hai3="40,46,47,49,50,52,57,60,67,92" /><INIT seed="3,1,0,0,3,95" ten="248,331,176,245" oya="3" hai0="107,64,81,122,74,118,29,105,33,86,76,43,16" hai1="1,24,13,14,49,23,39,59,98,34,124,69,71" hai2="7,53,28,48,10,96,112,58,22,15,120,131,128" hai3="30,66,21,104,79,77,113,94,25,78,125,83,135"/><W99/><G113/><T5/><D122/><U54/><E39/><V0/><F112/><W36/><G135/><T106/><D118/><U121/><E1/><V134/><F134/><W45/><G125/><T18/><D5/><U80/><E121/><V114/><F120/><W35/><G104/><T31/><D43/><U4/><E34/><V82/><F114/><W70/><G35/><T3/><D3/><U32/><E32/><V11/><F82/><W44/><G36/><T90/><D64/><U88/><E124/><V61/><F28/><W6/><G83/><T133/><D133/><U55/><E69/><V89/><F22/><W111/><G111/><T26/><REACH who="0" step="1"/><D31/><REACH who="0" ten="238,331,176,245" step="2"/><N who="1" m="17823" /><E55/><V97/><F128/><W51/><G6/><T65/><D65/><U102/><E4/><V41/><F131/><W37/><G37/><T91/><D91/><U100/><E88/><V85/><F41/><W72/><G66/><T68/><D68/><U52/><E52/><V126/><F126/><W12/><G70/><T127/><D127/><U129/><E54/><V38/><F38/><W19/><G72/><T103/><D103/><U40/><E100/><V108/><F48/><W67/><G67/><T62/><D62/><U8/><E102/><V110/><F110/><W116/><G51/><T101/><D101/><U47/><E49/><V93/><F108/><W84/><G116/><T17/><D17/><AGARI ba="1,1" hai="0,7,10,11,15,17,53,58,61,85,89,93,96,97" machi="17" ten="30,3900,0" yaku="7,1,52,2" doraHai="95" who="2" fromWho="0" sc="238,-42,331,0,176,52,245,0" /><INIT seed="4,0,0,5,5,35" ten="196,331,228,245" oya="0" hai0="5,131,41,102,33,63,14,9,37,118,27,128,50" hai1="97,133,113,16,86,70,40,18,129,38,59,98,11" hai2="7,126,95,46,13,62,96,22,72,125,55,107,65" hai3="90,15,83,93,91,31,103,21,0,17,87,49,20"/><T53/><D118/><U73/><E70/><V84/><F72/><W26/><G0/><T75/><D75/><U2/><E73/><V68/><F107/><W111/><G111/><T29/><D102/><U51/><E38/><V112/><F112/><W71/><G71/><T39/><D63/><U23/><E129/><N who="0" m="49737" /><D41/><U114/><E133/><V74/><F74/><W104/><G104/><T61/><D61/><U64/><E64/><V24/><F84/><W57/><G103/><T30/><D30/><U105/><E86/><V119/><F119/><W4/><G4/><T92/><D92/><U47/><E59/><AGARI ba="0,0" hai="5,9,14,27,29,33,37,39,50,53,59" m="49737" machi="59" ten="30,1500,0" yaku="19,1" doraHai="35" who="0" fromWho="1" sc="196,15,331,-15,228,0,245,0" /><INIT seed="4,1,0,2,0,120" ten="211,316,228,245" oya="0" hai0="94,92,130,107,99,105,87,2,79,48,119,86,68" hai1="117,96,11,106,58,7,30,91,3,100,121,33,74" hai2="122,65,134,1,19,13,12,75,5,101,72,50,89" hai3="112,123,95,9,61,26,38,35,62,0,71,17,20"/><T78/><D2/><U55/><E121/><V45/><F122/><W6/><G123/><T109/><D68/><U115/><E115/><V104/><F65/><W63/><G112/><T124/><D48/><U16/><E74/><V36/><F36/><W28/><G38/><T44/><D44/><U66/><E66/><V127/><F127/><W84/><G71/><T126/><D119/><U22/><E117/><V23/><F1/><W34/><G95/><N who="0" m="36395" /><D130/><U129/><E91/><V25/><F89/><W39/><G39/><T4/><D4/><U42/><E42/><V57/><F134/><W132/><G132/><T133/><D133/><U32/><E30/><V90/><F90/><W49/><G84/><N who="0" m="32299" /><D99/><U82/><E82/><V131/><F131/><W29/><G49/><T15/><D15/><U21/><E21/><V73/><F5/><W14/><REACH who="3" step="1"/><G29/><REACH who="3" ten="211,316,228,235" step="2"/><T8/><D109/><U40/><E129/><V64/><F104/><N who="0" m="40010" /><D8/><AGARI ba="1,1" hai="0,6,8,9,14,17,20,26,28,34,35,61,62,63" machi="8" ten="40,1300,0" yaku="1,1,53,0" doraHai="120" doraHaiUra="47" who="3" fromWho="0" sc="211,-16,316,0,228,0,235,26" /><INIT seed="5,0,0,2,1,84" ten="195,316,228,261" oya="1" hai0="22,66,132,107,75,32,90,133,26,23,86,50,122" hai1="106,81,0,116,76,105,4,89,34,126,6,19,79" hai2="134,54,58,80,110,51,7,21,49,99,11,42,94" hai3="111,82,60,55,40,102,38,62,52,16,130,13,125"/><U37/><E37/><V35/><F110/><W123/><G111/><T46/><D75/><U65/><E65/><V113/><F35/><W131/><G123/><T70/><D107/><U69/><E69/><V95/><F134/><N who="0" m="51818" /><D122/><U77/><E116/><V57/><F113/><W27/><G125/><T101/><D101/><U64/><E64/><V45/><F80/><W15/><G15/><T73/><D73/><U1/><E126/><V41/><F41/><W36/><G27/><T118/><D118/><U117/><E117/><V135/><F135/><W108/><G108/><T14/><D14/><U120/><E34/><V12/><F21/><N who="3" m="11407" /><G82/><N who="0" m="49495" /><D66/><U39/><E39/><V93/><REACH who="2" step="1"/><F58/><REACH who="2" ten="195,316,218,261" step="2"/><W72/><G131/><T56/><D56/><U67/><E81/><V128/><F128/><W9/><G130/><T59/><D59/><U96/><E120/><V83/><F83/><W74/><G74/><T5/><D70/><U119/><E119/><V33/><F33/><W97/><G72/><T28/><D5/><U71/><E6/><V92/><F92/><N who="3" m="58663" /><G36/><T129/><D129/><U68/><E4/><V31/><F31/><W88/><G38/><T24/><D24/><U121/><E121/><V127/><F127/><W100/><G40/><AGARI ba="0,1" hai="22,23,26,28,32,40,46,50" m="49495,51818" machi="40" ten="30,2000,0" yaku="20,1,52,1" doraHai="84" who="0" fromWho="3" sc="195,30,316,0,218,0,261,-20" /><INIT seed="6,0,0,4,0,57" ten="225,316,218,241" oya="2" hai0="66,3,133,126,93,122,115,79,125,15,104,28,26" hai1="50,23,56,68,108,113,132,111,63,87,77,102,10" hai2="99,73,118,120,76,75,21,124,106,52,44,33,54" hai3="84,59,114,32,49,70,13,47,119,43,69,18,82"/><V40/><F118/><W94/><G119/><T37/><D104/><U8/><E102/><V134/><F120/><W7/><G32/><T135/><D3/><U36/><E36/><V64/><F33/><W16/><G114/><T121/><D37/><U83/><E113/><V110/><F134/><N who="0" m="51210" /><D79/><U51/><E132/><V53/><F124/><N who="0" m="47722" /><D93/><U129/><E68/><V29/><F110/><W31/><G70/><T85/><D85/><U65/><E108/><V45/><F64/><W80/><G69/><T109/><D109/><U41/><E41/><V61/><F61/><W48/><G94/><T19/><D66/><U128/><E111/><V20/><F76/><W1/><G1/><T105/><D105/><U92/><E83/><V103/><F44/><W97/><G82/><T39/><D39/><U86/><E86/><V74/><REACH who="2" step="1"/><F29/><REACH who="2" ten="225,316,208,241" step="2"/><W112/><G31/><T58/><D115/><U91/><E77/><V24/><F24/><W96/><G112/><T9/><D58/><U25/><E56/><V35/><F35/><AGARI ba="0,1" hai="9,15,19,26,28,35,121,122" m="47722,51210" machi="35" ten="30,7700,0" yaku="20,1,18,1,34,2" doraHai="57" who="0" fromWho="2" sc="225,87,316,0,208,-77,241,0" /><INIT seed="7,0,0,2,0,84" ten="312,316,131,241" oya="3" hai0="99,108,95,52,16,78,109,23,120,71,131,56,123" hai1="29,91,81,31,124,49,21,60,62,61,10,65,76" hai2="57,14,54,74,27,97,129,0,134,64,100,26,5" hai3="45,89,8,98,63,119,116,25,39,36,135,66,40"/><W53/><G135/><T121/><D71/><U79/><E124/><V13/><F74/><W93/><G36/><T11/><D11/><U17/><E10/><V102/><F0/><W38/><G38/><T107/><D107/><U115/><E115/><V85/><F134/><W110/><G110/><T44/><D44/><U90/><E65/><V125/><F129/><W87/><G53/><T18/><D78/><N who="1" m="29739" /><E49/><V114/><F114/><W35/><G8/><T113/><D113/><U72/><E72/><V88/><F125/><W7/><G7/><T34/><D34/><U3/><E3/><V51/><F64/><W48/><G39/><T96/><D131/><U24/><E81/><V122/><F122/><W50/><G48/><T77/><D77/><U82/><E82/><V55/><F55/><W46/><G46/><T128/><D128/><U117/><E117/><V94/><F5/><W68/><REACH who="3" step="1"/><G87/><REACH who="3" ten="312,316,131,231" step="2"/><T127/><D127/><U30/><AGARI ba="0,1" hai="17,21,24,29,30,31,60,61,62,90,91" m="29739" machi="30" ten="40,5200,0" yaku="8,1,52,2" doraHai="84" who="1" fromWho="1" sc="312,-13,316,62,131,-13,231,-26" owari="299,10.0,378,47.0,118,-38.0,205,-19.0" /></mjloggm>