<mjloggm ver="2.3"><GO type="169" lobby="0"/><UN n0="%63%75%72%65%74%61%70%65" n1="%E3%81%8B%E3%81%8D" n2="%E3%83%88%E3%83%88%E3%83%AA%E5%85%88%E7%94%9F%31%39%E6%AD%B3" n3="%79%6F%74%65%72%75" dan="16,17,18,18" rate="2107.75,2250.20,2184.38,2283.64" sx="M,M,F,M"/><TAIKYOKU oya="0"/><INIT seed="0,0,0,2,4,56" ten="250,250,250,250" oya="0" hai0="55,10,63,96,76,133,9,12,31,68,66,42,113" hai1="14,82,15,22,105,21,103,110,115,49,106,95,47" hai2="90,77,112,130,39,116,119,4,36,48,121,1,19" hai3="74,46,69,43,122,101,23,79,91,33,0,108,20"/><T97/><D113/><U60/><E110/><V124/><F112/><W3/><G108/><T16/><D133/><U40/><E115/><V100/><F121/><W7/><G33/><T92/><D42/><U72/><E106/><V41/><F130/><W70/><G91/><T111/><D111/><U94/><E105/><V86/><F77/><W87/><G87/><T24/><D76/><U11/><E72/><V28/><F124/><W93/><G0/><T123/><D123/><U107/><E107/><V127/><F100/><W65/><G93/><N who="1" m="35338" /><E82/><V129/><F129/><W59/><G59/><T34/><D92/><U30/><E30/><V51/><F28/><W29/><G101/><T102/><D102/><U67/><E103/><V35/><F35/><W85/><G85/><T134/><D134/><U135/><E135/><V50/><F127/><W32/><G23/><T132/><D132/><U52/><E67/><V44/><F36/><N who="3" m="21863" /><G65/><T25/><D24/><U38/><E38/><V84/><F90/><W98/><G98/><T5/><REACH who="0" step="1"/><D55/><REACH who="0" ten="240,250,250,250" step="2"/><U118/><E40/><V109/><F109/><W64/><G122/><T53/><D53/><U61/><E118/><V120/><F120/><W17/><G79/><T37/><D37/><U58/><E52/><V62/><F116/><W71/><G74/><T73/><D73/><U114/><E114/><V26/><F119/><W13/><G64/><T89/><D89/><U83/><E83/><V88/><F88/><W54/><G54/><T18/><D18/><U2/><E49/><N who="2" m="19051" /><F39/><W131/><G131/><T125/><D125/><U45/><E45/><RYUUKYOKU ba="0,1" sc="240,30,250,-10,250,-10,250,-10" hai0="5,9,10,12,16,25,31,34,63,66,68,96,97" /><INIT seed="0,1,1,1,0,19" ten="270,240,240,240" oya="0" hai0="114,44,116,0,22,61,4,117,29,15,133,48,92" hai1="65,94,127,74,45,1,2,129,83,93,75,96,80" hai2="106,20,112,16,73,97,130,69,103,13,6,76,66" hai3="5,62,105,49,86,24,119,41,27,8,72,14,40"/><T39/><D114/><U33/><E33/><V120/><F120/><W123/><G72/><N who="1" m="27690" /><E65/><V104/><F112/><W107/><G119/><T111/><D39/><U70/><E45/><V88/><F130/><W85/><G123/><T53/><D0/><U36/><E36/><V109/><F109/><W10/><G62/><T12/><D111/><U71/><E71/><V58/><F69/><W132/><G132/><T18/><D133/><U25/><E25/><V102/><F6/><W118/><G118/><T87/><D29/><U52/><E52/><V30/><F30/><W55/><G55/><T100/><D61/><U99/><E70/><V90/><F76/><W121/><G121/><T37/><D37/><U31/><E31/><V59/><F73/><W84/><G49/><T91/><REACH who="0" step="1"/><D100/><REACH who="0" ten="260,240,240,240" step="2"/><N who="1" m="60431" /><E2/><V23/><F103/><W54/><G41/><T95/><D95/><U43/><E1/><V115/><F115/><W26/><G40/><T46/><D46/><U134/><E43/><V32/><F32/><W7/><G54/><T98/><D98/><U122/><E134/><V17/><F106/><W34/><G34/><T64/><D64/><U38/><E38/><V126/><F126/><W135/><G135/><T28/><D28/><U67/><E67/><V42/><F42/><W11/><G107/><T9/><AGARI ba="1,2" hai="4,9,12,15,18,22,44,48,53,87,91,92,116,117" machi="9" ten="30,11700,0" yaku="1,1,0,1,52,1,53,1" doraHai="19" doraHaiUra="3" who="0" fromWho="0" sc="260,140,240,-40,240,-40,240,-40" /><INIT seed="0,2,0,5,2,96" ten="400,200,200,200" oya="0" hai0="127,2,105,20,117,23,42,33,125,41,81,89,135" hai1="84,80,58,11,113,5,36,56,107,37,93,53,79" hai2="3,22,118,112,71,86,104,95,103,49,98,114,61" hai3="47,92,91,121,1,17,13,132,44,110,101,87,26"/><T111/><D117/><U77/><E107/><V40/><F3/><W67/><G1/><T62/><D33/><U31/><E31/><V43/><F118/><W6/><G110/><T75/><D2/><U46/><E77/><V35/><F35/><W128/><G128/><T51/><D111/><U30/><E30/><V122/><F122/><W108/><G108/><T12/><D135/><U90/><E113/><V28/><F49/><W10/><G132/><T88/><D105/><U85/><E46/><V21/><F43/><W102/><G121/><T123/><D123/><U129/><E129/><V50/><F50/><W100/><G67/><T19/><D62/><U55/><E56/><V59/><F40/><W72/><G72/><T69/><D69/><U15/><E55/><V131/><F71/><W97/><G97/><T83/><D12/><U48/><AGARI ba="2,0" hai="5,11,15,36,37,48,53,58,79,80,84,85,90,93" machi="48" ten="20,1500,0" yaku="0,1,7,1" doraHai="96" who="1" fromWho="1" sc="400,-9,200,21,200,-6,200,-6" /><INIT seed="1,0,0,4,4,39" ten="391,221,194,194" oya="1" hai0="46,51,131,110,47,3,93,101,8,42,13,67,75" hai1="128,23,56,48,18,88,94,122,61,105,104,89,84" hai2="132,0,7,34,60,99,129,108,124,119,111,82,55" hai3="62,54,25,107,90,11,96,35,133,17,57,73,117"/><U21/><E122/><V52/><F119/><W127/><G117/><T85/><D75/><U116/><E116/><V71/><F34/><W50/><G127/><T1/><D110/><N who="2" m="42026" /><F129/><W19/><G133/><T77/><D131/><U106/><E128/><V31/><F31/><W135/><G73/><T113/><D113/><U92/><E48/><V86/><F132/><W72/><G72/><T58/><D47/><U76/><E76/><V69/><F99/><W87/><G135/><T26/><D26/><U63/><E18/><V98/><F98/><W22/><G35/><T15/><D101/><U30/><E30/><V95/><F95/><W59/><G107/><T125/><D93/><U118/><E118/><V40/><F7/><W20/><G11/><T2/><D8/><U14/><E14/><V37/><F0/><W9/><G9/><T5/><D5/><U126/><E126/><V91/><F124/><W53/><G96/><T100/><D100/><U102/><E102/><V44/><F60/><W103/><G103/><T27/><D125/><U121/><E121/><V4/><F4/><W33/><G33/><T38/><D27/><U43/><E106/><V74/><F74/><W49/><G62/><T41/><D3/><U123/><E123/><V97/><F97/><W130/><G130/><T16/><D2/><U114/><E84/><V32/><F32/><W81/><REACH who="3" step="1"/><G25/><REACH who="3" ten="391,221,194,184" step="2"/><T28/><D85/><U45/><E104/><V64/><F71/><W112/><G112/><T12/><D1/><U80/><E114/><V65/><F69/><W134/><G134/><T109/><D109/><RYUUKYOKU ba="0,1" sc="391,-15,221,-15,194,15,184,15" hai2="37,40,44,52,55,64,65,82,86,91" hai3="17,19,20,22,49,50,53,54,57,59,81,87,90" /><INIT seed="2,1,1,5,1,124" ten="376,206,209,199" oya="2" hai0="132,34,131,100,116,33,59,9,61,87,117,107,24" hai1="89,112,134,2,56,23,8,78,5,74,4,60,30" hai2="88,13,70,128,10,83,114,20,35,106,11,37,16" hai3="72,62,122,94,69,118,76,42,111,53,67,57,96"/><V50/><F114/><W38/><G111/><T101/><D132/><U104/><E104/><V0/><F37/><W7/><G118/><T73/><D73/><U12/><E112/><V92/><F106/><W91/><G122/><T25/><D9/><U90/><E134/><V36/><F36/><W19/><G7/><T93/><D107/><U86/><E74/><V64/><F35/><W119/><G119/><N who="0" m="45643" /><D131/><U110/><E110/><V17/><F128/><W103/><G19/><T49/><D49/><U126/><E126/><V43/><F83/><W6/><G6/><T46/><D46/><U45/><E45/><N who="2" m="25919" /><F70/><W84/><G42/><T97/><D87/><U115/><E115/><V120/><F0/><W123/><G38/><T15/><D15/><U18/><E4/><V55/><F120/><W71/><G123/><T121/><D100/><U48/><E48/><V66/><F55/><W82/><REACH who="3" step="1"/><G53/><REACH who="3" ten="376,206,209,189" step="2"/><T79/><D121/><U27/><E2/><V75/><F11/><W77/><G77/><T133/><D79/><U105/><E5/><V109/><F109/><W29/><G29/><T54/><D133/><U31/><E30/><V135/><F135/><W95/><AGARI ba="1,2" hai="57,62,67,69,71,72,76,82,84,91,94,95,96,103" machi="95" ten="20,2700,0" yaku="1,1,0,1,7,1,53,0" doraHai="124" doraHaiUra="3" who="3" fromWho="3" sc="376,-8,206,-8,209,-14,189,50" /><INIT seed="3,0,0,1,0,77" ten="368,198,195,239" oya="3" hai0="121,2,45,10,52,135,76,111,116,90,91,54,50" hai1="38,83,102,30,81,75,99,53,44,26,106,22,28" hai2="131,128,100,55,11,80,32,86,117,58,41,57,1" hai3="67,127,94,87,68,124,110,97,64,8,125,129,108"/><W14/><G129/><N who="2" m="49737" /><F117/><W17/><G87/><T42/><D116/><U5/><E75/><V9/><F32/><W59/><G59/><T65/><D121/><U66/><E5/><N who="2" m="1199" /><F55/><W0/><G0/><T70/><D111/><N who="3" m="42537" /><G68/><T79/><D135/><U101/><E101/><AGARI ba="0,0" hai="8,14,17,64,67,94,97,101,124,125,127" m="42537" machi="101" ten="40,7700,0" yaku="18,1,14,1,10,1" doraHai="77" who="3" fromWho="1" sc="368,0,198,-77,195,0,239,77" /><INIT seed="3,1,0,4,3,113" ten="368,121,195,316" oya="3" hai0="34,134,41,42,10,33,108,105,86,63,14,83,117" hai1="110,130,66,123,0,26,24,13,54,55,79,53,70" hai2="3,88,82,129,93,51,128,37,56,67,44,23,60" hai3="74,5,62,4,18,21,48,73,120,97,76,32,124"/><W1/><G120/><T27/><D105/><U2/><E123/><V122/><F122/><W22/><G32/><T6/><D108/><U65/><E110/><V102/><F3/><W17/><G124/><T52/><D134/><U106/><E106/><V29/><F37/><W107/><G48/><T98/><D117/><U9/><E79/><V45/><F102/><W101/><G62/><T92/><D27/><U112/><E112/><V94/><F45/><W28/><G28/><T47/><D34/><U43/><E130/><N who="2" m="50283" /><F23/><W84/><G84/><T11/><D11/><U81/><E81/><V72/><F29/><W20/><G76/><T103/><D33/><U127/><E127/><V7/><F7/><W99/><G1/><T77/><D47/><U61/><E2/><V133/><F133/><W121/><G121/><T90/><D103/><U12/><E0/><V59/><F59/><AGARI ba="1,0" hai="6,10,14,41,42,52,59,63,77,83,86,90,92,98" machi="59" ten="40,2600,0" yaku="8,1,54,1" doraHai="113" who="0" fromWho="2" sc="368,29,121,0,195,-29,316,0" /><INIT seed="4,0,0,3,3,78" ten="397,121,166,316" oya="0" hai0="131,42,54,132,41,110,23,17,83,55,111,67,60" hai1="115,35,19,119,18,15,120,4,51,97,125,94,113" hai2="0,56,8,61,75,76,95,68,45,91,11,48,27" hai3="20,74,130,2,34,93,108,69,104,84,135,65,118"/><T63/><D131/><U53/><E120/><V86/><F68/><W26/><RYUUKYOKU type="yao9" ba="0,0" sc="397,0,121,0,166,0,316,0" hai3="2,20,26,34,65,69,74,84,93,104,108,118,130,135" /><INIT seed="4,1,0,3,1,110" ten="397,121,166,316" oya="0" hai0="35,104,72,134,106,102,135,93,97,24,53,56,116" hai1="90,67,120,12,42,96,81,55,74,8,114,85,34" hai2="99,7,48,20,9,4,125,112,71,50,75,66,82" hai3="3,65,2,128,109,1,115,69,52,32,25,19,57"/><T84/><D116/><U103/><E120/><V30/><F125/><W39/><G109/><T58/><D72/><U70/><E34/><V73/><F4/><W107/><G39/><T37/><D37/><U100/><E42/><V17/><F30/><W78/><G128/><T13/><D58/><U127/><E127/><V28/><F28/><W47/><G115/><T15/><D35/><U68/><E74/><V94/><F66/><W108/><G108/><T29/><D29/><U44/><E103/><V98/><F98/><W77/><G47/><T11/><D24/><U95/><E67/><V130/><F71/><W92/><G107/><T18/><D15/><U111/><E111/><V26/><F130/><W6/><G6/><T131/><D131/><U36/><E36/><V59/><F112/><W126/><G126/><T0/><D0/><U23/><E23/><V43/><F82/><W121/><G121/><T33/><D33/><U63/><E114/><V87/><F87/><W124/><G124/><T117/><D117/><U105/><E105/><V89/><F48/><N who="3" m="30855" /><G92/><T5/><D5/><U83/><E83/><V101/><F75/><W51/><G51/><N who="0" m="30783" /><D84/><U86/><E86/><V14/><F73/><W62/><G32/><T60/><D60/><U80/><E81/><V88/><REACH who="2" step="1"/><F59/><REACH who="2" ten="397,121,156,316" step="2"/><W21/><G69/><T119/><D119/><U40/><E68/><V113/><F113/><W54/><G65/><T91/><D97/><U46/><E70/><V61/><F61/><W49/><G62/><T41/><D18/><N who="1" m="8455" /><E63/><V79/><F79/><N who="3" m="30219" /><G49/><T10/><D134/><U27/><E80/><RYUUKYOKU ba="1,1" sc="397,-15,121,-15,156,15,316,15" hai2="7,9,14,17,20,26,43,50,88,89,94,99,101" hai3="1,2,3,19,21,25,54" /><INIT seed="5,2,1,4,3,28" ten="382,106,171,331" oya="1" hai0="83,17,55,63,96,6,111,80,117,131,75,9,51" hai1="35,99,38,114,3,72,98,34,61,94,103,78,134" hai2="11,45,44,100,102,105,101,112,57,7,40,87,123" hai3="133,120,84,26,118,32,36,69,20,130,10,116,42"/><U24/><E38/><V1/><F123/><W110/><G120/><T109/><D117/><N who="3" m="45161" /><G110/><T52/><D131/><U108/><E3/><V48/><F112/><W132/><G69/><T71/><D17/><U95/><E114/><V5/><F5/><W122/><G122/><T126/><D126/><U66/><E134/><N who="3" m="51818" /><G84/><T65/><D55/><U68/><E108/><V19/><F19/><W18/><G130/><T107/><D75/><U79/><E24/><V135/><F135/><W64/><G64/><T30/><D65/><U113/><E113/><V119/><F119/><W0/><G42/><T16/><D71/><U21/><E21/><V14/><F1/><W67/><G67/><T2/><D2/><U53/><E53/><V91/><F105/><W15/><G36/><T104/><D104/><U31/><E31/><V70/><F70/><W85/><G85/><T125/><D30/><U121/><E121/><V127/><F127/><W49/><G49/><T89/><D125/><U76/><REACH who="1" step="1"/><E72/><REACH who="1" ten="382,96,171,331" step="2"/><V81/><F40/><W8/><G0/><T88/><D111/><U129/><E129/><V54/><AGARI ba="2,2" hai="7,11,14,44,45,48,54,57,81,87,91,100,101,102" machi="54" ten="30,2000,0" yaku="0,1,8,1" doraHai="28" who="2" fromWho="2" sc="382,-7,96,-12,171,46,331,-7" /><INIT seed="6,0,0,1,4,120" ten="375,84,217,324" oya="2" hai0="37,24,36,22,108,107,105,61,125,90,83,84,134" hai1="69,57,58,115,31,64,17,93,48,76,40,41,44" hai2="56,110,104,26,32,66,42,123,25,95,99,128,65" hai3="14,81,53,122,55,106,52,89,27,43,79,74,118"/><V109/><F123/><W70/><G118/><T8/><D108/><N who="2" m="41578" /><F128/><W132/><G106/><T114/><D114/><U23/><E31/><N who="2" m="19567" /><F104/><W2/><G2/><T127/><D134/><U4/><E4/><V111/><F111/><W113/><G70/><T46/><D8/><U101/><E76/><V20/><F56/><N who="1" m="21609" /><E93/><V29/><F42/><N who="1" m="16489" /><E101/><AGARI ba="0,0" hai="20,26,29,65,66,95,99,101" m="19567,41578" machi="101" ten="30,11600,0" yaku="10,1,52,3" doraHai="120" who="2" fromWho="1" sc="375,0,84,-116,217,116,324,0" owari="375,48.0,-32,-53.0,333,13.0,324,-8.0" /></mjloggm>