<mjloggm ver="2.3"><GO type="169" lobby="0"/><UN n0="%E2%80%A0%E3%81%BE%E3%83%BC%E5%9D%8A%E2%80%A0" n1="%46%75%6E%54%69%6D%65" n2="%E3%81%86%E3%82%81%E3%81%99%E3%83%86%E3%83%AB" n3="%E5%B0%B1%E6%B4%BB%E7%94%9F%40%E5%B7%9D%E6%9D%91%E8%BB%8D%E5%9B%A3" dan="18,16,16,18" rate="2259.40,2125.17,2057.07,2258.88" sx="M,M,M,M"/><TAIKYOKU oya="0"/><INIT seed="0,0,0,2,0,90" ten="250,250,250,250" oya="0" hai0="25,117,114,41,115,14,125,93,60,112,4,40,98" hai1="122,62,81,85,45,104,119,97,56,36,49,53,64" hai2="35,3,89,107,24,70,10,130,6,134,51,100,16" hai3="83,48,94,30,78,13,26,71,31,18,75,9,39"/><T129/><D117/><U132/><E119/><V52/><F70/><W96/><G39/><T59/><D129/><U91/><E132/><V80/><F130/><W82/><G71/><T126/><D25/><U99/><E122/><V37/><F37/><W54/><G82/><T74/><D74/><U33/><E33/><V101/><F107/><W58/><REACH who="3" step="1"/><G26/><REACH who="3" ten="250,250,250,240" step="2"/><T19/><D125/><U63/><E36/><V0/><F134/><W118/><G118/><T86/><D126/><U57/><REACH who="1" step="1"/><E104/><REACH who="1" ten="250,240,250,240" step="2"/><V124/><F124/><W17/><G17/><T111/><D19/><U92/><E92/><V113/><F16/><W44/><G44/><T8/><D114/><U5/><E5/><V32/><F113/><W23/><G23/><T79/><D112/><U15/><E15/><V7/><F6/><W69/><G69/><T20/><D20/><U43/><AGARI ba="0,2" hai="43,45,49,53,56,57,62,63,64,81,85,91,97,99" machi="43" ten="20,5200,0" yaku="1,1,0,1,7,1,8,1,53,0" doraHai="90" doraHaiUra="105" who="1" fromWho="1" sc="250,-26,240,72,250,-13,240,-13" /><INIT seed="1,0,0,4,1,46" ten="224,312,237,227" oya="1" hai0="131,96,45,119,33,135,57,38,67,44,20,132,75" hai1="9,128,69,134,74,10,117,18,97,7,26,121,109" hai2="27,25,60,93,35,5,48,116,85,22,120,114,34" hai3="24,108,118,95,16,11,94,80,127,51,63,107,115"/><U50/><E117/><V104/><F104/><W112/><G107/><T65/><D75/><U32/><E69/><V23/><F120/><W72/><G127/><T91/><D33/><U90/><E74/><V87/><F116/><W47/><G108/><T129/><D20/><U13/><E121/><V19/><F114/><W124/><G124/><T126/><D91/><U76/><E76/><V15/><F60/><W122/><G122/><T6/><D96/><U78/><E78/><V89/><F85/><W55/><G118/><T54/><D6/><U100/><E109/><V3/><F3/><W66/><G72/><T73/><D73/><U111/><E111/><V8/><REACH who="2" step="1"/><F48/><REACH who="2" ten="224,312,227,227" step="2"/><W61/><G63/><N who="0" m="36279" /><D126/><U41/><E50/><V99/><F99/><W12/><G80/><T86/><D86/><U123/><E97/><V110/><F110/><W4/><G112/><T59/><D119/><U102/><E123/><V30/><AGARI ba="0,1" hai="5,8,15,19,22,23,25,27,30,34,35,87,89,93" machi="30" ten="20,5200,0" yaku="1,1,0,1,7,1,53,1" doraHai="46" doraHaiUra="88" who="2" fromWho="2" sc="224,-13,312,-26,227,62,227,-13" /><INIT seed="2,0,0,5,5,56" ten="211,286,289,214" oya="2" hai0="121,96,19,1,105,68,7,118,134,26,100,66,119" hai1="23,63,109,88,129,103,18,83,79,69,36,22,50" hai2="75,6,13,73,89,130,8,78,91,24,54,123,57" hai3="11,80,101,60,37,2,76,104,9,12,3,53,16"/><V111/><F123/><W82/><G37/><T55/><D121/><U27/><E109/><V14/><F130/><W70/><G82/><T52/><D134/><U98/><E129/><V45/><F111/><W48/><G101/><T35/><D7/><U131/><E131/><V72/><F45/><W128/><G104/><T59/><D1/><U58/><E36/><V31/><F78/><W122/><G122/><T74/><D74/><U90/><E69/><V126/><F14/><W99/><G99/><T87/><D87/><U39/><E50/><V85/><F126/><W127/><G127/><T67/><D67/><U28/><E39/><V81/><F91/><W20/><G128/><T43/><D43/><U61/><E79/><V95/><F81/><W93/><G93/><T135/><D135/><U86/><E58/><V132/><F132/><W62/><G70/><T25/><D68/><U106/><E90/><V44/><F44/><N who="3" m="27783" /><G3/><T125/><D125/><U21/><E23/><V71/><F71/><W4/><G2/><T46/><D46/><U116/><E116/><N who="0" m="44585" /><D59/><U29/><E28/><V117/><F117/><W65/><G65/><T32/><D66/><U0/><E0/><V120/><F120/><W41/><G41/><T113/><D113/><U17/><E29/><V133/><F133/><W115/><G115/><T112/><D112/><U92/><E106/><V77/><F73/><W40/><G40/><T30/><D26/><AGARI ba="0,0" hai="17,18,21,22,26,27,61,63,83,86,88,92,98,103" machi="26" ten="30,12000,2" yaku="7,1,9,1,8,1,52,2,54,1" doraHai="56" who="1" fromWho="0" sc="211,-120,286,120,289,0,214,0" /><INIT seed="3,0,0,0,4,114" ten="91,406,289,214" oya="3" hai0="98,89,135,1,2,34,14,31,70,33,50,131,24" hai1="76,111,23,102,41,45,22,25,27,115,80,78,110" hai2="53,35,121,29,67,21,26,19,61,109,52,130,85" hai3="127,48,69,107,5,13,3,95,62,9,117,60,44"/><W97/><G117/><T12/><D70/><U40/><E102/><V4/><F109/><N who="1" m="41481" /><E115/><V129/><F121/><W96/><G127/><T125/><D50/><N who="1" m="26919" /><E41/><V74/><F74/><W100/><G3/><N who="0" m="1035" /><D98/><U46/><E46/><V99/><F4/><W63/><G69/><T93/><D89/><U58/><E58/><V106/><F85/><W84/><G84/><T103/><D103/><U75/><E78/><V7/><F7/><W28/><G28/><N who="0" m="19591" /><D93/><U64/><E64/><V71/><F99/><N who="3" m="59519" /><G107/><T68/><D68/><U90/><E90/><V128/><REACH who="2" step="1"/><F106/><REACH who="2" ten="91,406,279,214" step="2"/><W38/><G38/><T51/><D125/><U79/><E76/><V122/><F122/><W54/><AGARI ba="0,1" hai="5,9,13,44,48,54,60,62,63,96,97" m="59519" machi="54" ten="30,1500,0" yaku="8,1" doraHai="114" who="3" fromWho="3" sc="91,-5,406,-5,279,-5,214,25" /><INIT seed="3,1,0,0,3,87" ten="86,401,274,239" oya="3" hai0="59,135,132,49,9,8,67,127,61,88,48,32,130" hai1="44,123,30,126,133,107,86,104,84,68,50,6,16" hai2="96,23,71,115,78,80,118,36,76,46,41,100,93" hai3="22,95,27,66,14,91,57,97,29,25,112,5,125"/><W113/><G125/><T131/><D32/><U114/><E114/><V47/><F115/><W63/><REACH who="3" step="1"/><G25/><REACH who="3" ten="86,401,274,229" step="2"/><T56/><D127/><U1/><E126/><V13/><F118/><W77/><G77/><T20/><D131/><U102/><E123/><V89/><F78/><W28/><G28/><T40/><D130/><U116/><E30/><V98/><F76/><W51/><G51/><T24/><D49/><U109/><E50/><V35/><F36/><W94/><G94/><T18/><D135/><U17/><E133/><V62/><F93/><W65/><G65/><T85/><D132/><U34/><E116/><V111/><F80/><W52/><G52/><N who="0" m="31751" /><D40/><U119/><E119/><V110/><F41/><W108/><G108/><T7/><D7/><U74/><E6/><V37/><F37/><W120/><G120/><T103/><D103/><U0/><E102/><V75/><F100/><W117/><G117/><T19/><D18/><U2/><E16/><V45/><F111/><W60/><G60/><T54/><D67/><U81/><E17/><V82/><F110/><W11/><AGARI ba="1,1" hai="5,11,14,22,27,29,57,63,66,91,95,97,112,113" machi="11" ten="30,6000,0" yaku="1,1,0,1,52,1,53,0" doraHai="87" doraHaiUra="38" who="3" fromWho="3" sc="86,-21,401,-21,274,-21,229,73" /><INIT seed="3,2,0,1,4,59" ten="65,380,253,302" oya="3" hai0="37,4,15,60,54,130,11,133,20,6,22,88,104" hai1="62,64,67,5,47,68,108,50,30,77,78,49,17" hai2="79,99,63,102,34,98,70,51,12,28,53,120,81" hai3="112,101,95,124,58,103,115,107,94,27,126,109,75"/><W72/><G27/><T25/><D104/><U31/><E108/><V87/><F120/><W56/><REACH who="3" step="1"/><G107/><REACH who="3" ten="65,380,253,292" step="2"/><T36/><D25/><U129/><E129/><V9/><F34/><W46/><G46/><T24/><D24/><U32/><E47/><V10/><F28/><W23/><G23/><T66/><D22/><U44/><E44/><V110/><F110/><AGARI ba="2,1" hai="56,58,72,75,94,95,101,103,109,110,112,115,124,126" machi="110" ten="25,4800,0" yaku="1,1,22,2,53,0" doraHai="59" doraHaiUra="83" who="3" fromWho="2" sc="65,0,380,0,253,-54,292,64" /><INIT seed="3,3,0,1,2,84" ten="65,380,199,356" oya="3" hai0="8,0,93,58,2,112,18,118,102,51,9,60,90" hai1="125,113,53,124,67,78,29,80,12,85,45,16,111" hai2="117,41,13,114,7,70,33,128,49,89,37,50,3" hai3="59,66,72,109,127,75,57,120,24,133,15,94,31"/><W69/><G120/><T132/><D118/><U36/><E113/><V107/><F70/><W32/><G133/><T28/><D132/><U35/><E111/><V47/><F107/><W81/><G127/><N who="1" m="48714" /><E67/><V92/><F117/><W123/><G123/><T88/><D112/><U99/><E29/><V119/><F119/><W100/><G109/><T131/><D28/><U115/><E35/><V17/><F33/><W65/><G15/><N who="0" m="7535" /><D2/><U135/><E135/><V98/><F114/><W130/><G130/><T108/><D0/><U11/><E115/><V97/><F128/><W86/><G72/><T6/><D131/><U129/><E129/><V20/><REACH who="2" step="1"/><F98/><REACH who="2" ten="65,380,189,356" step="2"/><W105/><G105/><T38/><D108/><U30/><E99/><V91/><F91/><W54/><G69/><T101/><D101/><U73/><E30/><V21/><F21/><W83/><G100/><T52/><D38/><U106/><E106/><V56/><F56/><W103/><G59/><N who="0" m="33183" /><D102/><U23/><E36/><V48/><F48/><W110/><G103/><T40/><D58/><U26/><E45/><V5/><F5/><W79/><G110/><T134/><D6/><U121/><E121/><V46/><F46/><W25/><G66/><T62/><D134/><U42/><E23/><V44/><F44/><W4/><G4/><T55/><D62/><U22/><E22/><V34/><F34/><W82/><G65/><T126/><D60/><U19/><E78/><V43/><F43/><W74/><G32/><T96/><D40/><U116/><E42/><V71/><F71/><W77/><G57/><T39/><D126/><RYUUKYOKU ba="3,1" sc="65,-10,380,-10,189,30,356,-10" hai2="3,7,13,17,20,37,41,47,49,50,89,92,97" /><INIT seed="4,4,1,3,0,6" ten="55,370,219,346" oya="0" hai0="18,120,121,114,34,91,46,8,55,109,61,50,57" hai1="28,69,33,48,108,2,20,94,88,10,73,22,93" hai2="64,44,131,3,72,5,13,134,38,135,62,74,100" hai3="110,87,123,84,90,80,25,124,105,63,53,39,31"/><T98/><D34/><U47/><E108/><V32/><F13/><W71/><G105/><T96/><D109/><U79/><E69/><N who="2" m="42135" /><F100/><W129/><G39/><T118/><D118/><U26/><E94/><V125/><F32/><W101/><G110/><T40/><D114/><U85/><E79/><V56/><F56/><W21/><G123/><T45/><D120/><U115/><E73/><N who="2" m="28267" /><F131/><W54/><G129/><T35/><D35/><U128/><E115/><V19/><F19/><W16/><G124/><T51/><D121/><U15/><E2/><V17/><F17/><W119/><G101/><T0/><D0/><U7/><REACH who="1" step="1"/><E128/><REACH who="1" ten="55,360,219,346" step="2"/><V58/><F3/><W12/><G119/><T36/><D91/><U14/><E14/><V104/><F104/><W42/><G71/><T81/><D81/><U66/><E66/><V1/><F1/><W52/><G90/><T29/><D96/><U130/><E130/><V78/><F78/><W82/><G80/><T99/><D99/><U24/><E24/><V126/><F126/><W95/><G82/><T49/><D98/><U86/><E86/><V37/><F125/><W60/><G95/><T122/><D122/><U132/><E132/><V43/><F135/><W102/><G87/><T70/><D70/><U113/><E113/><V97/><F134/><W127/><G84/><T107/><D107/><U4/><E4/><V27/><F5/><W112/><G112/><T103/><D103/><U68/><E68/><V116/><F97/><W65/><G102/><T111/><D111/><U117/><E117/><V30/><F116/><W92/><G127/><RYUUKYOKU ba="4,2" sc="55,-10,360,30,219,-10,346,-10" hai1="7,10,15,20,22,26,28,33,47,48,85,88,93" /><INIT seed="5,5,2,1,2,87" ten="45,390,209,336" oya="1" hai0="22,125,79,40,24,2,69,7,70,8,121,60,84" hai1="28,38,92,9,93,86,134,26,11,48,131,46,1" hai2="29,17,31,41,18,16,61,91,15,111,105,67,109" hai3="126,122,50,73,129,54,98,90,82,133,59,53,72"/><U115/><E38/><V30/><F105/><W5/><G122/><T106/><D125/><U77/><E115/><V88/><F41/><W33/><G33/><T20/><D106/><U21/><E131/><V113/><F113/><W64/><G126/><T83/><D121/><U43/><E134/><V13/><F111/><W25/><G5/><T130/><D130/><U3/><E3/><V116/><F116/><W45/><G64/><T127/><D127/><U114/><E114/><V0/><F0/><W34/><G129/><T63/><D22/><U103/><E1/><V19/><F109/><W12/><G12/><N who="2" m="4681" /><F19/><W97/><G133/><T51/><D51/><U36/><E36/><V66/><F61/><W42/><G54/><T56/><D40/><U57/><E57/><V76/><F76/><W85/><G73/><T101/><D101/><U4/><E4/><V62/><F62/><W32/><G72/><T80/><D80/><N who="1" m="47375" /><E103/><V65/><AGARI ba="5,2" hai="16,17,18,29,30,31,65,66,67,88,91" m="4681" machi="65" ten="40,16000,3" yaku="29,2,28,2,8,1,52,2,54,2" doraHai="87" who="2" fromWho="2" sc="45,-45,390,-85,209,195,336,-45" /><INIT seed="6,0,0,1,4,70" ten="0,305,404,291" oya="2" hai0="128,71,51,107,49,93,116,133,108,89,22,63,43" hai1="0,24,12,84,44,8,61,98,130,92,29,91,2" hai2="53,85,50,82,83,96,7,80,28,90,14,87,88" hai3="4,48,118,104,122,99,52,40,18,20,115,1,37"/><V101/><F28/><W59/><G122/><T65/><D107/><U19/><E130/><V86/><F7/><W15/><G118/><T38/><D93/><U64/><E44/><V21/><F14/><W119/><G119/><T76/><D89/><U126/><E126/><V9/><F9/><W68/><G68/><T39/><D76/><U46/><E46/><N who="2" m="27863" /><F21/><W57/><G115/><T112/><D22/><U106/><E106/><V32/><F32/><W121/><G121/><T74/><D74/><U114/><E114/><V5/><F5/><W6/><G59/><T25/><D25/><U55/><E55/><V69/><F69/><W95/><G104/><T94/><D94/><U97/><E2/><V129/><F129/><W17/><G1/><T30/><D30/><U67/><E0/><V31/><F31/><W105/><G105/><T135/><D128/><U3/><E3/><V41/><F41/><W79/><G79/><T102/><D112/><U35/><REACH who="1" step="1"/><E67/><REACH who="1" ten="0,295,404,291" step="2"/><V113/><F113/><W34/><G34/><T117/><D43/><U127/><E127/><V56/><F56/><AGARI ba="0,1" hai="8,12,19,24,29,35,56,61,64,84,91,92,97,98" machi="56" ten="30,2000,0" yaku="1,1,7,1,53,0" doraHai="70" doraHaiUra="124" who="1" fromWho="2" sc="0,0,295,30,404,-20,291,0" /><INIT seed="7,0,0,2,5,69" ten="0,325,384,291" oya="3" hai0="119,14,111,37,120,125,65,135,47,24,122,35,74" hai1="132,12,53,104,100,101,128,130,62,106,124,115,60" hai2="9,82,95,108,49,28,5,23,22,93,10,92,86" hai3="88,66,105,61,96,72,13,126,42,1,33,81,98"/><W110/><G1/><T41/><D14/><U59/><E115/><V112/><F108/><W46/><G33/><T45/><D65/><U94/><E124/><V127/><F127/><W80/><G126/><T131/><D24/><U29/><E132/><V90/><F112/><W102/><G110/><T39/><D41/><U48/><E29/><V25/><F49/><W64/><G13/><T84/><D84/><U67/><E12/><N who="2" m="5167" /><F10/><W56/><G72/><T107/><D45/><U40/><E40/><V109/><F109/><W3/><G3/><T19/><D19/><U68/><E62/><V32/><F32/><W117/><G117/><T55/><D55/><U85/><E101/><V83/><F22/><W2/><G2/><T63/><D47/><U20/><E20/><V103/><F83/><W34/><G34/><T57/><D57/><U7/><E7/><V38/><F38/><W4/><G66/><T91/><D91/><U129/><REACH who="1" step="1"/><E85/><REACH who="1" ten="0,315,384,291" step="2"/><V58/><F103/><W16/><G4/><T44/><D63/><U54/><E54/><V99/><F23/><W21/><G21/><T30/><D30/><U51/><E51/><V113/><F28/><W75/><G16/><T31/><D39/><U26/><E26/><V6/><F25/><W114/><G114/><T76/><D31/><U78/><E78/><V8/><F113/><W27/><G27/><T133/><D122/><U87/><E87/><V116/><F86/><W89/><G75/><T11/><D125/><U118/><E118/><V50/><F116/><W121/><G121/><T123/><D123/><U17/><E17/><RYUUKYOKU ba="0,1" sc="0,-10,315,30,384,-10,291,-10" hai1="48,53,59,60,67,68,94,100,104,106,128,129,130" owari="-10,-51.0,345,15.0,384,48.0,281,-12.0" /></mjloggm>