<mjloggm ver="2.3"><GO type="41" lobby="0"/><UN n0="%E3%83%AB%E3%83%BC%E3%82%B7%E3%82%A2%E3%81%AE%E3%82%88%E3%81%86%E3%81%AB" n1="%6E%65%65%63%6F" n2="%E5%B0%B1%E6%B4%BB%E7%94%9F%40%E5%B7%9D%E6%9D%91%E8%BB%8D%E5%9B%A3" n3="%41%47%46" dan="15,14,17,14" rate="2057.61,1919.91,2247.87,1890.97" sx="M,M,M,M"/><TAIKYOKU oya="0"/><INIT seed="0,0,0,5,2,134" ten="250,250,250,250" oya="0" hai0="45,1,129,73,135,105,18,96,13,116,3,69,81" hai1="72,53,23,15,62,26,102,4,79,20,77,9,76" hai2="110,123,84,46,115,29,50,89,57,59,39,14,125" hai3="10,44,109,128,132,64,32,103,121,126,55,100,108"/><T61/><D116/><U28/><E102/><V7/><F115/><W31/><G132/><T8/><D135/><U117/><E117/><V91/><F39/><W120/><G128/><T130/><D45/><U93/><E93/><V11/><F123/><N who="3" m="47179" /><G64/><N who="0" m="41103" /><D105/><U101/><E101/><N who="3" m="38986" /><G10/><T33/><D96/><U41/><E41/><V25/><F110/><N who="3" m="42603" /><G126/><T111/><D33/><U74/><REACH who="1" step="1"/><E23/><REACH who="1" ten="250,240,250,250" step="2"/><N who="2" m="15551" /><F125/><W104/><G104/><T118/><D118/><U90/><E90/><N who="2" m="34315" /><F84/><W5/><G32/><T86/><D111/><U47/><E47/><V80/><F80/><W131/><G44/><T114/><D73/><U6/><E6/><V82/><F82/><W17/><G5/><T112/><D114/><U49/><E49/><V97/><F97/><W92/><G92/><T0/><D112/><U21/><E21/><V124/><F124/><W60/><G60/><T56/><D81/><U71/><E71/><V22/><F22/><W38/><G38/><T48/><D86/><U66/><E66/><V40/><AGARI ba="0,1" hai="7,11,14,40,46,50,57,59" m="34315,15551" machi="40" ten="30,1100,0" yaku="8,1" doraHai="134" who="2" fromWho="2" sc="250,-5,240,-3,250,21,250,-3" /><INIT seed="1,0,0,1,2,51" ten="245,237,271,247" oya="1" hai0="98,0,28,59,47,112,72,75,41,33,85,122,125" hai1="129,34,102,43,128,106,101,66,45,54,76,32,120" hai2="25,8,104,48,124,114,84,100,111,83,36,6,67" hai3="135,63,1,64,117,61,69,58,116,3,57,130,78"/><U123/><E66/><V108/><F36/><W96/><G78/><T17/><D112/><U44/><E76/><V40/><F114/><W19/><G130/><N who="1" m="50282" /><E106/><V10/><F67/><W115/><G115/><T52/><D0/><U2/><E2/><V71/><F71/><W23/><G135/><T118/><D118/><U133/><E133/><V9/><F124/><W126/><G126/><T91/><D125/><U13/><E13/><V74/><F74/><W35/><G35/><N who="1" m="13354" /><E54/><V80/><F25/><W68/><G96/><T107/><D98/><U119/><E119/><V99/><F6/><W20/><G64/><T87/><D107/><U30/><E30/><V53/><F40/><W90/><G19/><T37/><D28/><U55/><E55/><V14/><F14/><W49/><G49/><T4/><D4/><U65/><E65/><V31/><F31/><W60/><G60/><T86/><D17/><U82/><E82/><V134/><F134/><W127/><G127/><T92/><D33/><U95/><E95/><V39/><F39/><W93/><G93/><T42/><D42/><U89/><E89/><AGARI ba="0,0" hai="1,3,20,23,57,58,61,63,68,69,89,90,116,117" machi="89" ten="25,1600,0" yaku="22,2" doraHai="51" who="3" fromWho="1" sc="245,0,237,-16,271,0,247,16" /><INIT seed="2,0,0,4,2,135" ten="245,221,271,263" oya="2" hai0="58,24,22,3,81,73,55,94,85,23,86,49,116" hai1="127,92,26,62,29,113,39,13,11,125,66,43,133" hai2="61,83,8,103,72,42,32,5,123,132,12,109,121" hai3="51,95,37,108,2,118,63,56,101,77,19,38,17"/><V67/><F32/><W6/><G108/><T27/><D3/><U84/><E133/><V89/><F132/><W18/><G118/><T110/><D73/><U96/><E113/><V64/><F109/><W115/><G115/><T7/><D7/><U74/><E84/><V50/><F103/><W102/><G77/><T0/><D0/><U10/><E74/><V112/><F112/><W124/><G124/><N who="1" m="47690" /><E13/><V28/><F28/><W40/><G2/><T131/><D131/><U4/><E4/><V122/><F61/><W71/><G71/><T14/><D14/><U117/><E117/><V52/><F42/><W70/><G70/><T76/><D116/><U100/><E43/><V48/><F48/><W53/><G6/><T88/><D110/><U59/><E39/><V20/><F72/><W93/><G38/><T15/><D15/><U57/><E57/><V45/><F12/><W68/><G68/><T46/><D58/><U47/><E47/><V60/><F5/><W21/><G21/><AGARI ba="0,0" hai="21,22,23,24,27,46,49,55,76,81,85,86,88,94" machi="21" ten="40,2600,0" yaku="8,1,54,1" doraHai="135" who="0" fromWho="3" sc="245,26,221,0,271,0,263,-26" /><AGARI ba="0,0" hai="10,11,21,26,29,59,62,66,92,96,100" m="47690" machi="21" ten="30,8000,1" yaku="25,1,18,1,52,3" doraHai="135" who="1" fromWho="3" sc="271,0,221,80,271,0,237,-80" /><INIT seed="3,0,0,4,5,74" ten="271,301,271,157" oya="3" hai0="55,28,117,38,95,81,132,98,110,121,73,72,7" hai1="67,39,130,126,31,48,26,46,108,62,127,11,96" hai2="80,2,128,69,18,33,68,109,119,51,9,134,5" hai3="40,60,118,83,104,42,35,19,61,70,45,113,91"/><W90/><G118/><T105/><D38/><U37/><E11/><V82/><F119/><W20/><G104/><T6/><D28/><U17/><E17/><V89/><F109/><W99/><G35/><T13/><D117/><U53/><E96/><V84/><F33/><W52/><G113/><T97/><D121/><U44/><E108/><V88/><F128/><W129/><G129/><T107/><D110/><U115/><E130/><V125/><F125/><W122/><G122/><T79/><D55/><U8/><E8/><V1/><F134/><W101/><G70/><T112/><D13/><U93/><E93/><V14/><F51/><N who="3" m="28783" /><G101/><T25/><D25/><U116/><E46/><V131/><F131/><W30/><G30/><T102/><D7/><U71/><E116/><V23/><F2/><W77/><G99/><T59/><D59/><U133/><E133/><V94/><F82/><W65/><G91/><N who="0" m="55551" /><D6/><U32/><REACH who="1" step="1"/><E115/><REACH who="1" ten="271,291,271,157" step="2"/><V111/><F111/><W54/><G90/><T85/><D112/><U78/><E78/><V49/><F89/><W3/><G3/><T86/><D132/><U87/><E87/><N who="0" m="33289" /><D72/><U15/><E15/><V106/><F106/><AGARI ba="0,1" hai="73,79,81,98,102,105,106,107" m="33289,55551" machi="106" ten="30,12000,2" yaku="35,5,52,1" doraHai="74" who="0" fromWho="2" sc="271,130,291,0,271,-120,157,0" /><INIT seed="4,0,0,4,0,16" ten="401,291,151,157" oya="0" hai0="24,101,90,64,112,31,51,53,39,73,34,86,63" hai1="33,88,9,121,122,79,25,119,69,15,84,18,37" hai2="93,98,81,127,4,55,133,115,124,97,75,27,106" hai3="48,68,29,92,91,0,65,105,28,58,7,89,125"/><T11/><D73/><U66/><E37/><V128/><F4/><W94/><G105/><T17/><D39/><U42/><E119/><V56/><F115/><W47/><G125/><N who="2" m="48201" /><F133/><W40/><G68/><T50/><D112/><U95/><E42/><V26/><F128/><W6/><G29/><T62/><D101/><U132/><E132/><V99/><F106/><W43/><G43/><T96/><D96/><N who="2" m="36970" /><F81/><W83/><G28/><T59/><D11/><U2/><E69/><V116/><F75/><W108/><G108/><T36/><D17/><U118/><E66/><V71/><F71/><W114/><G114/><T110/><D36/><U102/><E102/><N who="2" m="60783" /><F116/><W60/><G83/><T44/><D110/><U126/><E118/><V12/><F12/><W107/><G107/><T3/><D3/><U21/><E126/><V100/><F100/><W14/><G0/><T134/><D134/><U131/><E131/><V30/><F30/><W54/><G6/><T32/><D32/><U111/><E111/><V61/><AGARI ba="0,0" hai="26,27,55,56,61" m="60783,36970,48201" machi="61" ten="30,1100,0" yaku="18,1" doraHai="16" who="2" fromWho="2" sc="401,-5,291,-3,151,11,157,-3" /><INIT seed="5,0,0,5,0,93" ten="396,288,162,154" oya="1" hai0="18,11,32,41,28,6,37,123,121,92,15,127,48" hai1="97,64,101,39,26,88,12,133,114,112,55,66,30" hai2="80,57,96,99,109,72,78,10,75,116,128,24,103" hai3="63,14,7,61,131,17,59,110,19,124,45,83,38"/><U134/><E39/><V68/><F68/><W54/><G110/><T120/><D37/><U20/><E55/><V77/><F57/><W73/><G131/><T117/><D92/><N who="1" m="56455" /><E101/><V102/><F24/><W27/><G124/><T43/><D48/><U79/><E79/><N who="2" m="44135" /><F10/><W34/><G34/><T82/><D82/><U113/><E12/><V84/><F109/><W130/><G130/><T105/><D117/><U3/><E3/><V81/><F128/><W2/><G27/><N who="0" m="18463" /><D105/><U74/><E74/><V13/><F13/><W94/><G94/><T70/><D127/><U58/><E58/><V49/><F49/><W122/><G122/><T8/><D70/><U119/><E119/><V40/><F40/><W25/><G25/><T98/><D98/><N who="2" m="37418" /><F116/><W111/><G111/><T60/><D60/><U1/><E1/><AGARI ba="0,0" hai="1,6,8,11,15,18,41,43,120,121,123" m="18463" machi="1" ten="30,1000,0" yaku="13,1" doraHai="93" who="0" fromWho="1" sc="396,10,288,-10,162,0,154,0" /><INIT seed="6,0,0,1,2,3" ten="406,278,162,154" oya="2" hai0="11,57,21,106,109,126,71,128,77,52,90,129,14" hai1="47,23,9,117,68,86,31,104,112,64,69,53,113" hai2="73,75,100,43,62,36,127,39,72,12,59,30,119" hai3="63,37,48,45,96,22,17,18,7,116,80,107,54"/><V79/><F119/><W84/><G116/><T6/><D109/><U134/><E104/><V2/><F2/><W1/><G107/><T46/><D106/><U25/><E64/><V56/><F127/><W10/><G96/><T40/><D71/><U88/><E117/><V13/><F79/><W122/><G122/><T44/><D77/><U35/><E134/><V92/><F30/><W123/><G123/><T108/><D108/><U101/><E101/><V24/><F24/><W82/><G82/><T131/><D40/><U110/><E35/><V78/><F78/><W16/><G37/><T41/><D41/><U93/><E110/><V130/><F130/><W98/><G98/><T83/><D21/><U91/><E91/><V0/><F0/><W70/><G63/><T32/><D32/><U133/><E133/><V20/><F20/><W114/><G70/><T81/><D126/><U66/><E66/><V87/><F43/><W38/><G38/><T99/><D99/><U95/><E95/><V102/><F75/><W121/><G114/><N who="1" m="44138" /><E9/><V76/><F62/><W15/><G121/><T132/><D132/><U4/><E4/><V74/><F74/><W118/><G118/><T115/><D90/><AGARI ba="0,0" hai="1,7,10,15,16,17,18,22,45,48,54,80,84,90" machi="90" ten="30,3900,0" yaku="7,1,52,1,54,1" doraHai="3" who="3" fromWho="0" sc="406,-39,278,0,162,0,154,39" /><INIT seed="7,0,0,4,4,6" ten="367,278,162,193" oya="3" hai0="85,91,71,60,2,77,74,118,23,42,82,76,19" hai1="124,104,135,48,24,62,80,86,119,39,34,129,29" hai2="13,49,126,94,59,67,15,131,46,122,14,12,106" hai3="93,108,53,92,36,33,134,98,8,69,9,55,3"/><W112/><G112/><T127/><D2/><U38/><E119/><V54/><F106/><W52/><G33/><T26/><D118/><U35/><E48/><V56/><F122/><W97/><G69/><T43/><D77/><U88/><E35/><V128/><F126/><W113/><G113/><T17/><D127/><U90/><E104/><V105/><F105/><W57/><G36/><T123/><D123/><U101/><E101/><V65/><N who="2" m="3584" /><DORA hai="132" /><V37/><F94/><N who="3" m="36459" /><G3/><T121/><D17/><U20/><E135/><V1/><F1/><W22/><G22/><T40/><D121/><U78/><E129/><V96/><F96/><N who="3" m="36971" /><G134/><T18/><D18/><U133/><E133/><V16/><F16/><W45/><G45/><T103/><D103/><U125/><E34/><V7/><F7/><W83/><G108/><T117/><D117/><U99/><E39/><V130/><REACH who="2" step="1"/><F37/><REACH who="2" ten="367,278,152,193" step="2"/><W10/><G83/><N who="0" m="49599" /><D19/><U109/><E38/><V64/><AGARI ba="0,1" hai="46,49,54,56,59,64,65,67,128,130,131" m="3584" machi="64" ten="50,8000,1" yaku="1,1,0,1,29,2,19,1,53,0" doraHai="6,132" doraHaiUra="84,115" who="2" fromWho="2" sc="367,-20,278,-20,152,90,193,-40" owari="347,45.0,258,6.0,242,-16.0,153,-35.0" /></mjloggm>