<mjloggm ver="2.3"><GO type="169" lobby="0"/><UN n0="%E3%81%BE%E3%81%93%E3%81%95%E3%81%A8%76%65%72%32" n1="%68%6F%73%69%67%61%6D%69" n2="%E3%83%88%E3%83%88%E3%83%AA%E5%85%88%E7%94%9F%31%39%E6%AD%B3" n3="%E3%83%9F%E3%83%8E%E3%83%AA" dan="17,16,18,16" rate="2205.73,2151.54,2231.48,2136.52" sx="M,M,F,M"/><TAIKYOKU oya="0"/><INIT seed="0,0,0,2,4,83" ten="250,250,250,250" oya="0" hai0="118,122,32,126,21,38,22,57,116,35,9,111,54" hai1="125,115,8,88,82,119,26,91,61,10,128,41,20" hai2="23,64,96,39,13,7,106,29,68,114,37,67,77" hai3="66,44,134,6,107,27,53,123,93,79,110,17,124"/><T31/><D38/><U34/><E119/><V70/><F114/><W19/><G107/><T89/><D122/><U12/><E34/><V14/><F77/><W97/><G123/><T108/><D126/><U100/><E125/><V16/><F29/><W15/><G124/><T58/><D89/><U109/><E115/><V87/><F106/><W99/><G110/><N who="0" m="42027" /><D9/><U78/><E109/><V48/><F96/><W43/><G134/><T81/><D81/><U56/><E100/><V74/><F74/><W133/><G133/><T45/><D45/><U30/><E41/><V0/><F37/><W3/><G79/><T28/><D54/><U112/><E112/><V33/><F39/><W75/><G53/><T46/><D46/><U90/><E12/><V102/><F13/><W5/><G15/><T103/><D103/><U135/><E135/><V73/><F14/><W80/><G80/><T84/><D84/><N who="1" m="48215" /><E128/><V129/><F102/><W18/><G75/><T94/><D94/><U76/><E76/><V121/><F73/><W50/><G93/><T85/><D85/><U11/><E11/><N who="2" m="2535" /><F87/><W52/><G3/><T95/><D95/><U71/><E71/><V117/><F121/><W55/><G66/><AGARI ba="0,0" hai="8,10,20,26,30,56,61,66,88,90,91" m="48215" machi="66" ten="30,3900,0" yaku="8,1,52,1,54,1" doraHai="83" who="1" fromWho="3" sc="250,0,250,39,250,0,250,-39" /><INIT seed="1,0,0,5,2,64" ten="250,289,250,211" oya="1" hai0="11,31,33,1,120,60,32,106,66,59,68,6,54" hai1="114,110,56,25,126,93,51,119,115,50,49,37,16" hai2="9,105,121,75,88,133,72,45,8,41,130,53,86" hai3="65,40,99,91,10,132,29,100,76,18,125,124,87"/><U62/><E37/><V19/><F121/><W80/><G132/><T85/><D106/><U134/><E119/><V92/><F105/><W26/><G40/><T48/><D120/><U42/><E134/><V98/><F133/><W112/><G112/><T70/><D33/><U129/><E126/><N who="3" m="48746" /><G65/><T43/><D43/><U83/><E129/><V46/><F130/><W17/><G10/><T35/><D35/><U39/><E110/><V82/><F53/><W67/><G67/><T74/><D74/><U47/><E83/><V104/><F104/><N who="3" m="63519" /><G91/><T135/><D135/><U118/><E118/><V117/><F117/><W94/><G94/><T108/><D108/><U24/><E93/><V21/><F8/><W122/><G122/><T103/><D103/><U4/><E4/><V97/><F9/><W78/><G76/><T3/><D3/><U34/><E34/><AGARI ba="0,0" hai="17,18,26,29,34,78,80,87" m="63519,48746" machi="34" ten="30,1000,0" yaku="18,1" doraHai="64" who="3" fromWho="1" sc="250,0,289,-10,250,0,211,10" /><INIT seed="2,0,0,2,5,110" ten="250,279,250,221" oya="2" hai0="52,20,122,40,131,53,72,68,57,46,117,121,123" hai1="63,75,96,78,8,30,45,54,22,119,58,21,118" hai2="18,133,113,1,5,134,97,56,83,51,84,67,107" hai3="91,102,92,135,103,35,65,98,27,90,69,26,106"/><V82/><F113/><W94/><G135/><N who="2" m="51721" /><F1/><W93/><G103/><T31/><D72/><U61/><E75/><V15/><F5/><W17/><G27/><T10/><D10/><U33/><E78/><N who="2" m="46167" /><F83/><W71/><G17/><T124/><D20/><U129/><E33/><V108/><F108/><W80/><G80/><T87/><D87/><U11/><E129/><V23/><F51/><W49/><G49/><N who="0" m="26823" /><D31/><U105/><E45/><V120/><F120/><W24/><G24/><T19/><D19/><U115/><E105/><V88/><F107/><W101/><G101/><T38/><D131/><U70/><E96/><V116/><F116/><W42/><G42/><T9/><D38/><U127/><E30/><V47/><F47/><W55/><G55/><T100/><D117/><U14/><E54/><V25/><F25/><W50/><G50/><T128/><D128/><U60/><E60/><N who="2" m="38279" /><F97/><W114/><G114/><T125/><D68/><U41/><E41/><V99/><F99/><W104/><G104/><T4/><D4/><U48/><E48/><V28/><F28/><N who="3" m="19863" /><G71/><T64/><D100/><U130/><E130/><V111/><F111/><W34/><G34/><T39/><D39/><U76/><E70/><V132/><F132/><W32/><G32/><T62/><D9/><U7/><E7/><V44/><F44/><W85/><G69/><T13/><D13/><U6/><E14/><V74/><F74/><W0/><G0/><T36/><D36/><U3/><E6/><V79/><F79/><W77/><G65/><T86/><D86/><U29/><E3/><V2/><F2/><RYUUKYOKU ba="0,0" sc="250,10,279,-30,250,10,221,10" hai0="52,53,57,62,64,121,122,123,124,125" hai2="15,18,23,88" hai3="77,85,90,91,92,93,94,98,102,106" /><INIT seed="2,1,0,2,1,20" ten="260,249,260,231" oya="2" hai0="102,26,60,89,68,5,133,2,57,58,17,10,9" hai1="23,123,128,88,67,21,18,29,42,74,36,96,115" hai2="120,48,121,113,41,91,116,93,15,37,1,130,0" hai3="6,101,79,53,35,50,105,114,106,83,62,56,30"/><V84/><F113/><W61/><G114/><T22/><D133/><U64/><E115/><V72/><F116/><W100/><G6/><T77/><D77/><U124/><E74/><V90/><F37/><W47/><G62/><T43/><D102/><U66/><E128/><V86/><F130/><W4/><G4/><T104/><D104/><U111/><E111/><V59/><F72/><W131/><G131/><T97/><D43/><U118/><E118/><V99/><F99/><W54/><G101/><T117/><D117/><U125/><E123/><V78/><F48/><W63/><G100/><T45/><D45/><U24/><E36/><V109/><F78/><W34/><G63/><T132/><D132/><U103/><E42/><V119/><F41/><W11/><G11/><T40/><D40/><U85/><E103/><V82/><F119/><W28/><G30/><T87/><D97/><U75/><E96/><V44/><F44/><W107/><REACH who="3" step="1"/><G28/><REACH who="3" ten="260,249,260,221" step="2"/><T122/><D122/><U39/><E39/><V16/><F120/><W126/><G126/><T92/><D10/><U46/><E125/><V14/><F121/><W32/><G32/><T3/><D3/><U12/><E124/><V95/><F109/><W108/><G108/><T49/><D49/><U80/><E29/><V127/><F127/><W38/><G38/><T25/><D60/><U19/><E19/><V98/><F16/><W13/><G13/><N who="2" m="4617" /><F1/><W70/><G70/><T69/><D26/><U33/><E24/><V76/><F0/><W134/><G134/><T65/><D69/><U71/><E71/><V55/><F55/><RYUUKYOKU ba="1,1" sc="260,10,249,-30,260,10,221,10" hai0="2,5,9,17,22,25,57,58,65,68,87,89,92" hai2="59,76,82,84,86,90,91,93,95,98" hai3="34,35,47,50,53,54,56,61,79,83,105,106,107" /><INIT seed="2,2,1,4,0,25" ten="270,219,270,231" oya="2" hai0="83,102,39,85,12,7,13,134,82,95,64,128,107" hai1="65,108,106,52,41,131,133,111,116,93,22,78,62" hai2="33,72,117,18,89,105,96,122,76,45,34,101,6" hai3="74,124,115,110,73,127,54,109,36,56,26,50,53"/><V51/><F117/><W43/><G26/><T37/><D107/><U125/><E106/><V80/><F122/><W77/><G115/><T91/><D64/><U46/><E78/><V120/><F120/><W44/><G77/><T129/><D134/><U118/><E93/><V98/><F6/><W57/><G74/><T97/><D82/><U63/><E22/><V0/><F0/><W31/><G31/><T81/><D81/><U113/><E113/><V68/><F68/><W23/><G23/><T67/><D67/><U2/><E2/><V1/><F1/><W8/><G8/><N who="0" m="4127" /><D13/><U21/><E21/><V42/><F18/><W126/><G73/><T84/><D84/><U58/><E133/><V40/><F40/><W100/><G100/><T4/><D4/><U75/><E75/><V112/><F112/><W14/><G14/><T114/><D114/><U86/><E86/><V60/><F96/><W70/><G70/><T99/><D99/><U48/><E125/><V30/><F30/><W121/><G121/><T92/><D83/><U17/><E17/><V9/><F9/><W38/><G38/><T119/><D119/><N who="1" m="45611" /><E131/><AGARI ba="2,1" hai="37,39,85,91,92,95,97,102,128,129,131" m="4127" machi="131" ten="30,1000,0" yaku="19,1" doraHai="25" who="0" fromWho="1" sc="270,26,219,-16,270,0,231,0" /><INIT seed="3,0,0,2,4,72" ten="296,203,270,231" oya="3" hai0="135,3,46,42,82,10,12,39,17,131,68,34,105" hai1="114,93,66,119,24,51,23,113,88,78,55,1,102" hai2="65,74,37,85,71,111,104,95,57,112,16,19,128" hai3="133,58,99,127,29,122,98,91,15,52,48,129,116"/><W115/><G115/><T38/><D105/><U13/><E1/><V18/><F112/><W0/><G0/><T35/><D68/><U125/><E125/><V84/><F37/><W20/><G116/><T69/><D69/><U45/><E119/><V67/><F104/><W110/><G122/><T97/><D39/><U8/><E102/><V101/><F74/><W73/><G127/><T124/><D131/><U36/><E36/><V123/><F71/><W64/><G129/><T92/><D135/><U134/><E134/><V30/><F128/><W87/><G133/><T21/><D124/><U25/><E66/><N who="2" m="25099" /><F30/><W90/><G73/><T79/><D21/><U76/><E114/><V86/><F111/><W70/><G110/><T9/><D9/><U11/><E11/><V5/><F5/><W31/><G91/><T83/><D83/><U56/><E45/><V77/><F123/><W50/><G50/><T103/><REACH who="0" step="1"/><D3/><REACH who="0" ten="286,203,270,231" step="2"/><U118/><E113/><V28/><F28/><W108/><G108/><T44/><D44/><U41/><E118/><V47/><F47/><N who="3" m="27679" /><G70/><T61/><D61/><U22/><E22/><V62/><F62/><N who="3" m="37975" /><G31/><T14/><D14/><U54/><E23/><V107/><F107/><W117/><G117/><T109/><D109/><U81/><E13/><V126/><F126/><W43/><G15/><T7/><D7/><U96/><E8/><V59/><F57/><W121/><G121/><T27/><D27/><U63/><E24/><V100/><F59/><W89/><G29/><T53/><D53/><U40/><E25/><V80/><F95/><W60/><G60/><RYUUKYOKU ba="0,1" sc="286,15,203,-15,270,15,231,-15" hai0="10,12,17,34,35,38,42,46,79,82,92,97,103" hai2="16,18,19,77,80,84,85,86,100,101" /><INIT seed="4,1,1,2,1,117" ten="301,188,285,216" oya="0" hai0="82,48,0,71,57,87,13,80,2,127,59,123,93" hai1="18,108,63,58,9,72,60,103,131,81,86,110,105" hai2="120,69,67,26,44,35,20,23,61,51,76,10,70" hai3="91,27,32,124,118,50,19,33,83,114,6,65,39"/><T128/><D71/><U122/><E72/><V34/><F120/><W40/><G118/><T125/><D123/><U88/><E122/><V24/><F76/><W3/><G114/><T89/><D128/><U64/><E131/><V54/><F69/><W53/><G124/><N who="0" m="47691" /><D13/><U38/><E38/><V46/><F10/><W5/><G65/><T31/><D31/><U4/><E18/><V107/><F107/><W97/><G39/><T17/><D17/><U101/><E63/><V133/><F133/><W126/><G126/><T28/><D28/><U135/><E135/><V1/><F1/><N who="0" m="618" /><D48/><U130/><E130/><V100/><F100/><W129/><G129/><T43/><D43/><U78/><E78/><V74/><F74/><W113/><G40/><T109/><D109/><U75/><E75/><V36/><F36/><W94/><G113/><T96/><D80/><U73/><E73/><V7/><F7/><W15/><G83/><T134/><D134/><U11/><E11/><V41/><F41/><W84/><G3/><T42/><D42/><U56/><E103/><AGARI ba="1,1" hai="57,59,82,87,89,93,96,103" m="618,47691" machi="103" ten="30,1500,0" yaku="18,1" doraHai="117" who="0" fromWho="1" sc="301,28,188,-18,285,0,216,0" /><INIT seed="4,2,0,1,2,84" ten="329,170,285,216" oya="0" hai0="64,40,23,55,130,131,94,14,61,72,101,117,20" hai1="46,15,98,81,21,106,123,118,79,110,133,107,104" hai2="53,38,97,127,66,34,62,3,82,41,102,7,32" hai3="39,115,80,59,17,83,11,77,87,114,4,113,73"/><T9/><D72/><U116/><E110/><V96/><F127/><W25/><G39/><T124/><D117/><U85/><E123/><V12/><F3/><W99/><G99/><N who="0" m="59639" /><D55/><U95/><E133/><V65/><F97/><W44/><G44/><T48/><D124/><U37/><E21/><V52/><F65/><W76/><G59/><N who="0" m="36927" /><D131/><U71/><E15/><V75/><F41/><W135/><G135/><T78/><D78/><U10/><E10/><V58/><F38/><W16/><REACH who="3" step="1"/><G25/><REACH who="3" ten="329,170,285,206" step="2"/><T18/><D130/><U111/><E71/><V0/><F58/><W134/><G134/><T90/><D40/><U31/><E46/><V50/><F96/><W119/><G119/><T43/><D43/><U128/><E37/><V86/><F66/><W33/><G33/><T42/><D42/><U57/><E128/><V5/><F34/><W19/><G19/><T88/><D48/><U49/><E57/><V112/><F32/><W68/><G68/><T6/><D23/><U91/><E49/><V47/><F50/><W13/><AGARI ba="2,1" hai="4,11,13,16,17,73,76,77,80,83,87,113,114,115" machi="13" ten="30,7900,0" yaku="1,1,0,1,15,1,54,1,53,0" doraHai="84" doraHaiUra="92" who="3" fromWho="3" sc="329,-41,170,-22,285,-22,206,95" /><INIT seed="5,0,0,1,4,122" ten="288,148,263,301" oya="1" hai0="67,86,95,39,25,104,16,26,98,19,75,116,93" hai1="66,110,74,43,124,65,120,0,121,62,37,99,113" hai2="134,27,48,40,105,125,32,119,18,30,20,72,71" hai3="33,45,10,128,88,51,41,103,83,109,17,13,9"/><U8/><E74/><V6/><F119/><W127/><G33/><T70/><D39/><U64/><E62/><V3/><F71/><W78/><G128/><T29/><D75/><U129/><E129/><V15/><F72/><W94/><G127/><T44/><D116/><U38/><E124/><V47/><F125/><W55/><G109/><T58/><D70/><U7/><E113/><V106/><REACH who="2" step="1"/><F134/><REACH who="2" ten="288,148,253,301" step="2"/><W108/><G108/><T11/><D104/><U1/><E110/><V84/><F84/><N who="3" m="48247" /><G103/><T73/><D73/><U90/><E121/><V42/><F42/><W82/><G82/><T24/><D86/><U36/><E120/><V97/><F97/><N who="3" m="57543" /><G41/><T57/><D98/><U126/><E126/><V14/><F14/><W34/><G34/><T123/><D123/><U114/><E114/><V85/><F85/><W21/><AGARI ba="0,1" hai="9,10,13,17,21,45,51,55" m="57543,48247" machi="21" ten="30,2000,0" yaku="8,1,54,1" doraHai="122" who="3" fromWho="3" sc="288,-5,148,-10,253,-5,301,30" /><INIT seed="6,0,0,2,0,58" ten="283,138,248,331" oya="2" hai0="35,75,54,7,108,126,38,63,94,65,87,124,53" hai1="82,88,10,121,56,28,133,1,78,122,55,27,99" hai2="26,8,118,36,42,41,12,17,5,74,70,112,97" hai3="107,125,46,131,39,102,31,64,3,110,23,115,69"/><V0/><F118/><W104/><G23/><T95/><D75/><U50/><E133/><V15/><F74/><W67/><G67/><T83/><D35/><U40/><E40/><V120/><F120/><W98/><G110/><T6/><D38/><U134/><E134/><V135/><F135/><W20/><G3/><T62/><D65/><U128/><E128/><V72/><F72/><W4/><G4/><T30/><D30/><U73/><E10/><V89/><F70/><W79/><G79/><T100/><D100/><U71/><E1/><V49/><F36/><W32/><G131/><T34/><D34/><U114/><E71/><V90/><F112/><W61/><G20/><T123/><D87/><U13/><E13/><V9/><F0/><W60/><G115/><T52/><D83/><U16/><E114/><V44/><F26/><N who="3" m="18551" /><G61/><N who="0" m="23051" /><D108/><U14/><E28/><V93/><F42/><N who="3" m="22879" /><G107/><T106/><D106/><U77/><E77/><V117/><F117/><W43/><G43/><T57/><D57/><U48/><E48/><V92/><F92/><N who="0" m="35370" /><D123/><U96/><E27/><V59/><F59/><W47/><G47/><T86/><D86/><U91/><E99/><V29/><F29/><W37/><G37/><T81/><D81/><U130/><E130/><V111/><F111/><W103/><G102/><AGARI ba="0,0" hai="5,8,9,12,15,17,41,44,49,89,90,93,97,102" machi="102" ten="30,2900,0" yaku="7,1,8,1" doraHai="58" who="2" fromWho="3" sc="283,0,138,0,248,29,331,-29" /><INIT seed="6,1,0,5,0,23" ten="283,138,277,302" oya="2" hai0="50,42,114,132,16,25,131,115,34,88,99,68,39" hai1="129,11,61,9,77,31,89,4,110,86,1,119,41" hai2="109,71,105,85,59,133,48,83,94,24,123,22,96" hai3="97,27,101,108,32,82,69,79,118,84,93,102,44"/><V91/><F123/><W17/><G69/><T73/><D39/><U80/><E110/><V117/><F117/><W29/><G118/><T92/><D73/><U60/><E119/><V126/><F71/><W78/><G108/><T72/><D72/><U64/><E129/><V116/><F116/><W100/><G78/><T38/><D38/><U3/><E41/><V2/><F2/><W76/><G79/><T54/><D42/><U128/><E128/><V135/><F109/><W10/><G44/><T43/><D43/><U46/><E46/><V58/><F105/><W62/><G62/><T52/><D68/><U20/><E64/><V13/><F13/><W122/><G122/><T21/><D131/><U112/><E112/><N who="0" m="43049" /><D132/><N who="2" m="50762" /><F48/><W12/><AGARI ba="1,0" hai="10,12,17,27,29,32,76,82,84,93,97,100,101,102" machi="12" ten="30,2000,0" yaku="0,1,52,1" doraHai="23" who="3" fromWho="3" sc="283,-6,138,-6,277,-11,302,23" /><INIT seed="7,0,0,5,0,121" ten="277,132,266,325" oya="3" hai0="72,7,28,106,109,58,46,33,85,86,73,120,80" hai1="67,37,83,15,55,69,42,1,5,127,41,18,38" hai2="19,118,97,70,81,107,65,123,126,9,117,90,56" hai3="61,100,47,27,31,78,53,14,29,6,57,110,59"/><W26/><G110/><T49/><D109/><U92/><E127/><V114/><F70/><W66/><G100/><T124/><D120/><U71/><E83/><V17/><F123/><W48/><G78/><T74/><D106/><U2/><E92/><N who="2" m="56471" /><F107/><W8/><G47/><T0/><D124/><U104/><E104/><V88/><F126/><W43/><G43/><N who="1" m="16394" /><E15/><N who="2" m="7407" /><F114/><W60/><G48/><T133/><D133/><U3/><E18/><V82/><F118/><W68/><G68/><N who="1" m="26186" /><E5/><V113/><F113/><W75/><G75/><T11/><D85/><U4/><E4/><V30/><F117/><W23/><G27/><T32/><D28/><AGARI ba="0,0" hai="6,8,14,23,26,28,29,31,53,57,59,60,61,66" machi="28" ten="30,2900,0" yaku="7,1,8,1" doraHai="121" who="3" fromWho="0" sc="277,-29,132,0,266,0,325,29" owari="248,-15.0,132,-37.0,266,7.0,354,45.0" /></mjloggm>