<mjloggm ver="2.3"><GO type="169" lobby="0"/><UN n0="%E3%81%B1%E3%83%BC%E3%81%9D%E3%82%93" n1="%E3%81%AD%E3%82%80%E3%82%8A%E3%82%93" n2="%E3%82%A6%E3%83%AB%E3%83%88%E3%83%A9%E7%AB%8B%E7%9B%B4" n3="%75%65%73%68%6F%77" dan="17,16,18,16" rate="2203.73,2072.21,2184.77,2134.21" sx="M,F,M,M"/><TAIKYOKU oya="0"/><INIT seed="0,0,0,3,1,100" ten="250,250,250,250" oya="0" hai0="134,8,73,23,26,76,74,106,84,113,72,45,127" hai1="69,95,118,130,98,65,83,125,33,39,75,30,78" hai2="19,18,103,109,77,0,1,102,115,29,53,56,133" hai3="111,88,54,46,63,81,70,13,116,40,124,17,6"/><T99/><D113/><U48/><E118/><V12/><F115/><W67/><G124/><T79/><D127/><U97/><E39/><V93/><F133/><W132/><G132/><T86/><D134/><U10/><E130/><V50/><F109/><W41/><G111/><T34/><D34/><U14/><E30/><V101/><F29/><W110/><G6/><T57/><D57/><U60/><E33/><V37/><F37/><W90/><G116/><T87/><D8/><U68/><E48/><V120/><F120/><W80/><G110/><T71/><D71/><U92/><E125/><V128/><F128/><W89/><G54/><T35/><D35/><U9/><E68/><V28/><F28/><W62/><G62/><T55/><D55/><U94/><REACH who="1" step="1"/><E9/><REACH who="1" ten="250,240,250,250" step="2"/><V129/><F129/><W25/><G25/><T15/><D45/><U16/><AGARI ba="0,1" hai="10,14,16,60,65,69,75,78,83,92,94,95,97,98" machi="16" ten="30,7900,0" yaku="1,1,2,1,0,1,54,1,53,0" doraHai="100" doraHaiUra="108" who="1" fromWho="1" sc="250,-39,240,89,250,-20,250,-20" /><INIT seed="1,0,0,0,0,4" ten="211,329,230,230" oya="1" hai0="128,127,122,118,12,108,61,5,66,135,7,14,62" hai1="94,23,18,87,131,113,64,88,101,129,86,93,21" hai2="44,37,73,52,11,42,69,80,33,112,124,82,17" hai3="50,68,48,10,72,114,109,84,16,13,121,1,107"/><U26/><E113/><V49/><F33/><W106/><G72/><T134/><D118/><U110/><E64/><V126/><F69/><W76/><G114/><T24/><D66/><U31/><E110/><V133/><F112/><W132/><G121/><T55/><D55/><U40/><E40/><V120/><F120/><W65/><G132/><T116/><D116/><U78/><E78/><V38/><F133/><N who="0" m="50698" /><D122/><U98/><REACH who="1" step="1"/><E86/><REACH who="1" ten="211,319,230,230" step="2"/><V83/><F73/><W81/><G109/><T22/><D108/><U95/><E95/><V53/><F53/><W75/><G75/><T89/><D128/><U6/><E6/><N who="0" m="2057" /><D127/><N who="2" m="48682" /><F42/><W96/><G1/><T20/><D89/><U85/><E85/><V67/><F67/><W63/><REACH who="3" step="1"/><G96/><REACH who="3" ten="211,319,230,220" step="2"/><T111/><D111/><U57/><E57/><V102/><F44/><W9/><G9/><T36/><D36/><U32/><E32/><V90/><F38/><W123/><G123/><T30/><D22/><U97/><E97/><V56/><F37/><W104/><AGARI ba="0,2" hai="10,13,16,48,50,63,65,68,76,81,84,104,106,107" machi="104" ten="30,8000,1" yaku="1,1,0,1,52,1,54,1,53,1" doraHai="4" doraHaiUra="79" who="3" fromWho="3" sc="211,-20,319,-40,230,-20,220,100" /><INIT seed="2,0,0,4,3,36" ten="191,279,210,320" oya="2" hai0="29,61,26,128,62,117,98,80,38,23,24,129,134" hai1="71,122,87,65,8,77,76,53,110,46,39,41,20" hai2="125,31,4,106,72,74,42,63,95,64,70,40,102" hai3="54,135,109,56,37,14,1,123,48,93,126,121,25"/><V43/><F106/><W120/><G1/><T30/><D38/><U33/><E33/><V85/><F125/><W22/><G126/><T96/><D80/><U81/><E110/><V127/><F127/><W15/><G109/><T67/><D134/><U89/><E122/><V119/><F119/><W92/><G135/><T58/><D117/><U94/><E65/><V84/><F31/><W28/><G37/><T97/><REACH who="0" step="1"/><D62/><REACH who="0" ten="181,279,210,320" step="2"/><U73/><E39/><V60/><F60/><W100/><G123/><T115/><D115/><U101/><E81/><V49/><F49/><W131/><G120/><T66/><D66/><U18/><E73/><V32/><F74/><W82/><G131/><T111/><D111/><U11/><E77/><V45/><F72/><W13/><G121/><T19/><D19/><U47/><E18/><V2/><F32/><AGARI ba="0,1" hai="23,24,26,29,30,32,58,61,67,96,97,98,128,129" machi="32" ten="40,2600,0" yaku="1,1,53,1" doraHai="36" doraHaiUra="16" who="0" fromWho="2" sc="181,36,279,0,210,-26,320,0" /><INIT seed="3,0,0,3,4,111" ten="217,279,184,320" oya="3" hai0="45,62,129,59,36,28,21,6,86,98,2,128,130" hai1="32,96,132,31,67,88,74,77,19,103,92,8,5" hai2="20,108,101,133,9,0,40,48,83,55,76,71,89" hai3="112,38,53,43,51,85,63,120,135,46,16,3,44"/><W106/><G120/><T29/><D98/><U124/><E124/><V54/><F71/><W25/><G3/><T87/><D21/><U110/><E110/><V102/><F108/><W18/><G106/><T78/><D36/><U52/><E132/><V127/><F133/><W123/><G123/><T107/><D107/><U93/><E67/><V113/><F127/><W58/><G135/><T94/><D45/><U61/><E77/><V121/><F121/><W42/><G112/><T131/><D94/><U37/><E37/><V64/><F64/><W1/><G1/><T68/><D68/><U79/><E79/><V91/><F40/><W50/><G38/><T134/><D134/><U33/><E74/><V122/><F122/><W35/><G85/><N who="0" m="32267" /><D78/><U97/><E19/><V34/><F76/><W57/><REACH who="3" step="1"/><G58/><REACH who="3" ten="217,279,184,310" step="2"/><T126/><D126/><U90/><E103/><V27/><F102/><W65/><G65/><N who="0" m="39135" /><D131/><U39/><E39/><V15/><F101/><W47/><G47/><T4/><D2/><U104/><E104/><V12/><F0/><W84/><G84/><T118/><D118/><U125/><E125/><V115/><F89/><W82/><G82/><T41/><D130/><U49/><E90/><V13/><F91/><W23/><G23/><T109/><D129/><U117/><E88/><V70/><F83/><W56/><G56/><T80/><D109/><U24/><E33/><V75/><F34/><W99/><G99/><T60/><D80/><U11/><E97/><V22/><F22/><W73/><G73/><T66/><D128/><U14/><E96/><V10/><F75/><RYUUKYOKU ba="0,1" sc="217,-10,279,-10,184,-10,310,30" hai3="16,18,25,35,42,43,44,46,50,51,53,57,63" /><INIT seed="3,1,1,5,3,21" ten="207,269,174,340" oya="3" hai0="36,32,57,132,13,88,122,35,1,121,93,103,128" hai1="66,56,129,127,97,105,20,9,69,43,10,102,50" hai2="104,26,42,15,22,33,59,126,39,17,52,123,119" hai3="89,3,111,110,24,40,87,135,38,95,81,67,131"/><W8/><G135/><T133/><D36/><U86/><E127/><V62/><F119/><W117/><G117/><T64/><D1/><U61/><E129/><V70/><F126/><W74/><G131/><T91/><D128/><U71/><E71/><V112/><F112/><W5/><G67/><T106/><D57/><U23/><E86/><V96/><F123/><N who="0" m="47114" /><D64/><U72/><E72/><V2/><F2/><W28/><G40/><T63/><D63/><U27/><E23/><V114/><F114/><W134/><G38/><T99/><D13/><U109/><E109/><N who="3" m="41482" /><G134/><N who="0" m="51819" /><D91/><U125/><E125/><V44/><F70/><W73/><G81/><T80/><D80/><U107/><E107/><V79/><F79/><W19/><G19/><T29/><D29/><U51/><E51/><V76/><F76/><W101/><G101/><T83/><D83/><U115/><E115/><V116/><F116/><W75/><G75/><T130/><D130/><U82/><E82/><V37/><F104/><W78/><G78/><T6/><D6/><U108/><E108/><V0/><F39/><W120/><G120/><T25/><D106/><U85/><E85/><V68/><F68/><W77/><G77/><T54/><D103/><U31/><E69/><V90/><F90/><W45/><G45/><T30/><D54/><U100/><E100/><V118/><F118/><W16/><G16/><T4/><D4/><U65/><E65/><V18/><F18/><W7/><G7/><T98/><D98/><U58/><E58/><V55/><F96/><W14/><G3/><T34/><AGARI ba="1,1" hai="25,30,32,34,35,88,93,99" m="51819,47114" machi="34" ten="40,5200,0" yaku="20,1,52,1,54,1" doraHai="21" who="0" fromWho="0" sc="207,65,269,-14,174,-14,340,-27" /><INIT seed="4,0,0,4,0,15" ten="272,255,160,313" oya="0" hai0="80,11,92,116,38,13,79,16,50,27,121,22,75" hai1="31,109,25,59,74,130,29,57,32,103,82,128,0" hai2="84,114,46,28,54,26,49,45,14,2,67,122,78" hai3="10,91,37,100,33,133,39,124,105,112,95,44,102"/><T93/><D38/><U125/><E0/><V65/><F2/><W23/><G33/><T86/><D116/><U41/><E109/><V96/><F114/><W115/><G133/><T68/><D68/><U120/><E120/><V106/><F122/><W6/><G124/><T117/><D117/><U55/><E125/><V48/><F96/><N who="3" m="57471" /><G105/><T90/><D121/><U35/><E103/><N who="3" m="39466" /><G44/><T126/><D126/><U43/><E82/><V89/><F78/><W131/><G23/><T94/><REACH who="0" step="1"/><D50/><REACH who="0" ten="262,255,160,313" step="2"/><U18/><E74/><V81/><F106/><W72/><G37/><T21/><D21/><U20/><E20/><V85/><F49/><W60/><G39/><T12/><D12/><U107/><E107/><V47/><F14/><W56/><G115/><T97/><D97/><U123/><E123/><V66/><REACH who="2" step="1"/><F85/><REACH who="2" ten="262,255,150,313" step="2"/><W87/><G112/><T98/><D98/><U5/><E25/><V108/><F108/><W118/><G87/><T70/><D70/><U40/><E35/><AGARI ba="0,2" hai="26,28,35,45,46,47,48,54,65,66,67,81,84,89" machi="35" ten="40,1300,0" yaku="1,1,53,0" doraHai="15" doraHaiUra="1" who="2" fromWho="1" sc="262,0,255,-13,150,33,313,0" /><INIT seed="5,0,0,3,2,112" ten="262,242,183,313" oya="1" hai0="11,117,52,71,119,86,26,74,2,98,4,30,101" hai1="75,106,20,68,95,84,70,73,61,40,60,33,102" hai2="82,115,65,6,16,129,44,72,35,56,99,41,27" hai3="107,105,132,55,120,96,89,85,32,87,92,15,104"/><U114/><E33/><V10/><F129/><W64/><G32/><N who="0" m="20567" /><D86/><N who="3" m="32777" /><G15/><T57/><D52/><U43/><E114/><V54/><F65/><W94/><G55/><T113/><D57/><U19/><E106/><N who="3" m="41066" /><G64/><T62/><D98/><U18/><E84/><V50/><F99/><N who="3" m="57743" /><G132/><T100/><D101/><U17/><E102/><V31/><F115/><W134/><G134/><T66/><D100/><U69/><E20/><V1/><F56/><W12/><G120/><T76/><D113/><U81/><E95/><V131/><F54/><W38/><G12/><T45/><D45/><U37/><E81/><AGARI ba="0,0" hai="2,4,11,62,66,71,74,76,81,117,119" m="20567" machi="81" ten="30,3900,0" yaku="23,1,52,2" doraHai="112" who="0" fromWho="1" sc="262,39,242,-39,183,0,313,0" /><INIT seed="6,0,0,1,3,101" ten="301,203,183,313" oya="2" hai0="131,112,67,71,94,87,21,30,129,79,19,24,32" hai1="86,43,105,10,126,110,124,89,40,72,119,54,114" hai2="27,31,120,123,15,122,91,17,41,39,4,97,76" hai3="58,42,135,80,20,56,109,34,0,60,5,113,64"/><V98/><F76/><W36/><G34/><T49/><D112/><U48/><E110/><V6/><F41/><W100/><G109/><T51/><D71/><U133/><E72/><V16/><F39/><W74/><G135/><T108/><D67/><U117/><E114/><V128/><F91/><W82/><G20/><T90/><D79/><U28/><E28/><V121/><F98/><W66/><G113/><T116/><D108/><U118/><E105/><V57/><F57/><W63/><G74/><T134/><D134/><U95/><E10/><N who="2" m="6263" /><F97/><W23/><G23/><T103/><D116/><U3/><E3/><V75/><F75/><W13/><G0/><T125/><D103/><U102/><E102/><V55/><F55/><W9/><G100/><T52/><D125/><N who="1" m="48235" /><E133/><V29/><N who="2" m="30720" /><DORA hai="61" /><V53/><F53/><W7/><G7/><N who="2" m="2601" /><F128/><N who="0" m="49226" /><D52/><U84/><E84/><V106/><F106/><W111/><G111/><T69/><D69/><U73/><E73/><V65/><F65/><W130/><G130/><T104/><D104/><U26/><E43/><V1/><F1/><W8/><G42/><T22/><D51/><U132/><E40/><V77/><F77/><W47/><G36/><T37/><D49/><U2/><E2/><V127/><F127/><W88/><G47/><T70/><D37/><U50/><E132/><V115/><F115/><W45/><G45/><T68/><D70/><U59/><E48/><V62/><F62/><W83/><G88/><T18/><D68/><U12/><E12/><V99/><F99/><W25/><G13/><T38/><D38/><U78/><E78/><RYUUKYOKU ba="0,0" sc="301,10,203,10,183,10,313,-30" hai0="18,19,21,22,24,30,32,87,90,94" hai1="26,50,54,59,86,89,95,117,118,119" hai2="17,27,29,31" /><INIT seed="6,1,0,0,5,17" ten="311,213,193,283" oya="2" hai0="55,33,129,134,16,109,61,67,115,73,78,79,52" hai1="48,40,80,62,26,5,75,123,8,54,70,0,12" hai2="66,84,108,57,76,11,69,121,23,83,104,32,103" hai3="13,119,35,4,89,49,28,132,95,1,110,118,98"/><V3/><F121/><W25/><G132/><T56/><D33/><U27/><E123/><V51/><F32/><W44/><G110/><T111/><D109/><U92/><E40/><V88/><F108/><W120/><G1/><T112/><D111/><U87/><E75/><V39/><F39/><W43/><REACH who="3" step="1"/><G120/><REACH who="3" ten="311,213,193,273" step="2"/><T85/><D134/><U7/><E0/><V122/><F122/><W34/><G34/><T46/><D129/><U14/><E70/><V18/><F69/><W97/><G97/><T100/><D73/><U91/><E62/><N who="2" m="38223" /><F3/><W60/><G60/><T38/><D61/><U71/><E71/><V126/><F126/><W81/><G81/><T72/><D72/><U116/><E80/><V58/><F104/><W77/><G77/><T105/><D79/><U53/><E116/><V22/><F76/><W131/><G131/><T31/><D78/><U9/><E54/><N who="2" m="32095" /><F103/><W41/><G41/><T107/><D100/><U36/><E36/><V63/><F63/><W15/><G15/><AGARI ba="1,1" hai="11,15,18,22,23,83,84,88" m="32095,38223" machi="15" ten="30,11600,0" yaku="8,1,52,2,54,1" doraHai="17" who="2" fromWho="3" sc="311,0,213,0,193,129,273,-119" /><INIT seed="6,2,0,0,1,64" ten="311,213,322,154" oya="2" hai0="104,127,0,24,20,45,117,40,11,121,96,3,134" hai1="98,108,76,124,60,129,73,115,4,13,54,89,93" hai2="77,17,33,122,130,68,23,79,69,48,58,18,36" hai3="6,61,120,114,126,109,1,82,7,2,57,22,95"/><V83/><F33/><W15/><G109/><T10/><D121/><U74/><E108/><V56/><F36/><W8/><G120/><T25/><D117/><U100/><E115/><V72/><F122/><W66/><G126/><T27/><D127/><U31/><E129/><V53/><F130/><W111/><G111/><T38/><D134/><U70/><E76/><V91/><F79/><W39/><G39/><T88/><D20/><U87/><E31/><V71/><F91/><W135/><G135/><T63/><D63/><U106/><E124/><V75/><F75/><W35/><G35/><T101/><REACH who="0" step="1"/><D88/><REACH who="0" ten="301,213,322,154" step="2"/><U5/><E60/><V9/><F23/><W99/><G114/><T123/><D123/><U55/><E89/><V107/><F107/><W116/><G116/><T110/><D110/><U84/><E106/><V32/><F32/><W47/><G95/><T131/><D131/><U51/><E93/><V97/><F97/><W94/><G61/><T78/><D78/><U81/><E98/><V67/><F9/><AGARI ba="2,1" hai="0,3,9,10,11,24,25,27,38,40,45,96,101,104" machi="9" ten="40,1300,0" yaku="1,1,53,0" doraHai="64" doraHaiUra="14" who="0" fromWho="2" sc="301,29,213,0,322,-19,154,0" /><INIT seed="7,0,0,4,1,25" ten="330,213,303,154" oya="3" hai0="114,48,21,1,133,124,50,126,7,6,85,18,69" hai1="117,65,93,80,107,0,16,121,9,66,87,123,102" hai2="35,58,106,89,105,4,99,95,74,96,81,76,46" hai3="44,24,101,27,68,62,39,45,119,2,17,19,3"/><W31/><G119/><T61/><D114/><U47/><E107/><N who="2" m="40971" /><F58/><W88/><G101/><T43/><D133/><U56/><E117/><V109/><F46/><W75/><G75/><T108/><D108/><U116/><E116/><V134/><F4/><N who="0" m="1578" /><D1/><U57/><E0/><V20/><F20/><N who="3" m="15847" /><G3/><T55/><D43/><U32/><E32/><V42/><F42/><W5/><G2/><T98/><D98/><N who="2" m="37418" /><F35/><W111/><G111/><T64/><D85/><U110/><E110/><V51/><F51/><W82/><G68/><T36/><D36/><U104/><E104/><V113/><F109/><W67/><G5/><T41/><D55/><U86/><E47/><N who="3" m="17994" /><G39/><T8/><D8/><U54/><E9/><V23/><F134/><W34/><G34/><T14/><D41/><U84/><E102/><V63/><F23/><N who="3" m="13423" /><G19/><T29/><D29/><U12/><E16/><V112/><F63/><W30/><G30/><T120/><D120/><U72/><E121/><V131/><F131/><W59/><G82/><T91/><D69/><U33/><E33/><V103/><F103/><W115/><G115/><N who="2" m="44105" /><F95/><W127/><G127/><T37/><D37/><U130/><E93/><V90/><AGARI ba="0,0" hai="74,76,81,89,90" m="44105,37418,40971" machi="90" ten="40,5200,0" yaku="15,1,34,2" doraHai="25" who="2" fromWho="2" sc="330,-13,213,-13,303,52,154,-26" owari="317,12.0,200,-20.0,355,45.0,128,-37.0" /></mjloggm>