<mjloggm ver="2.3"><GO type="169" lobby="0"/><UN n0="%E5%8F%8A%E5%B7%9D%E5%86%B0%E9%BA%97" n1="%E6%97%85%E4%BA%BA%E3%81%A1%E3%82%88%E3%81%99%E3%81%91" n2="%53%61%62%75%52%75%6E" n3="%E5%B0%B1%E6%B4%BB%E7%94%9F%40%E5%B7%9D%E6%9D%91%E8%BB%8D%E5%9B%A3" dan="16,17,16,18" rate="2130.33,2148.77,2023.39,2251.80" sx="F,M,M,M"/><TAIKYOKU oya="0"/><INIT seed="0,0,0,1,1,10" ten="250,250,250,250" oya="0" hai0="54,77,8,112,111,58,49,42,55,68,124,16,89" hai1="127,117,101,34,44,3,33,50,61,18,45,1,93" hai2="131,87,57,129,66,123,2,78,28,52,135,37,73" hai3="118,27,40,6,38,109,24,92,19,4,80,32,94"/><T67/><D112/><U59/><E117/><V113/><F113/><W75/><G118/><T84/><D124/><U72/><E72/><V116/><F123/><W41/><G109/><T100/><D111/><U62/><E101/><V125/><F116/><W91/><G75/><T20/><D8/><U43/><E93/><V39/><F2/><W132/><G32/><T31/><D100/><U79/><E79/><V48/><F73/><W86/><G38/><T128/><D31/><U83/><E83/><N who="2" m="47607" /><F66/><W69/><G69/><T63/><D77/><U105/><E105/><V17/><F28/><W47/><G132/><T46/><D128/><N who="2" m="49226" /><F135/><W22/><G27/><N who="0" m="14727" /><D68/><U130/><E130/><V5/><F5/><N who="3" m="2155" /><G47/><T98/><D98/><U106/><E106/><V76/><F76/><N who="3" m="46343" /><G94/><AGARI ba="0,0" hai="42,46,49,54,55,58,63,67,84,89,94" m="14727" machi="94" ten="30,2900,0" yaku="8,1,54,1" doraHai="10" who="0" fromWho="3" sc="250,29,250,0,250,0,250,-29" /><INIT seed="0,1,0,1,3,37" ten="279,250,250,221" oya="0" hai0="128,56,92,52,119,96,101,26,27,116,133,12,53" hai1="76,49,64,91,93,66,21,57,83,13,117,124,33" hai2="123,118,135,24,121,90,39,22,110,5,104,112,47" hai3="31,127,113,35,51,107,99,8,9,59,106,38,17"/><T48/><D133/><U18/><E124/><V97/><F112/><W75/><G38/><T103/><D128/><U34/><E117/><V94/><F135/><W61/><G75/><T0/><D0/><U23/><E23/><V88/><F118/><W89/><G127/><T129/><D129/><U3/><E3/><V36/><F110/><W80/><G35/><T2/><D2/><U98/><E64/><V87/><F5/><W7/><G31/><T28/><D103/><U114/><E114/><V134/><F36/><W41/><G17/><T50/><D12/><U25/><E25/><V58/><F58/><W65/><G113/><T54/><D54/><U63/><REACH who="1" step="1"/><E49/><REACH who="1" ten="279,240,250,221" step="2"/><V74/><F134/><W131/><G131/><T130/><D130/><U46/><E46/><V10/><F47/><W14/><G9/><T132/><D132/><U122/><E122/><V68/><F39/><W85/><G99/><T72/><D26/><U60/><E60/><V111/><F10/><W16/><G7/><T70/><D70/><U102/><E102/><V15/><F68/><W62/><G62/><T125/><D125/><U79/><E79/><V45/><F97/><W11/><G11/><T55/><D119/><U82/><E82/><V4/><F4/><W105/><REACH who="3" step="1"/><G51/><REACH who="3" ten="279,240,250,211" step="2"/><N who="0" m="30751" /><D116/><U73/><AGARI ba="1,2" hai="13,18,21,33,34,57,63,66,73,76,83,91,93,98" machi="73" ten="20,2700,0" yaku="1,1,0,1,7,1,53,0" doraHai="37" doraHaiUra="32" who="1" fromWho="1" sc="279,-14,240,50,250,-8,211,-8" /><INIT seed="1,0,0,4,2,105" ten="265,290,242,203" oya="1" hai0="18,35,70,134,27,30,40,12,82,59,119,125,22" hai1="51,34,68,71,9,46,97,81,11,106,60,95,29" hai2="76,123,19,17,101,49,110,64,113,96,33,66,74" hai3="111,53,61,16,126,4,62,78,41,36,69,88,75"/><U48/><E81/><V104/><F123/><W24/><G4/><T128/><D119/><U47/><E106/><V90/><F110/><W3/><G3/><T116/><D116/><U55/><E34/><V0/><F0/><W98/><G111/><T28/><D70/><U58/><E29/><V92/><F33/><W72/><G78/><T32/><D134/><U45/><E68/><V1/><F1/><W115/><G126/><T120/><D125/><U122/><E122/><V124/><F113/><W107/><G107/><T52/><D120/><U23/><E23/><V77/><F49/><W121/><G121/><T83/><D40/><U13/><E71/><V94/><F94/><N who="3" m="56647" /><G115/><T109/><D109/><U129/><E129/><V7/><F7/><W80/><G80/><T54/><D128/><U44/><E13/><V10/><F77/><W65/><G41/><T87/><D59/><U37/><E37/><V89/><F104/><W86/><G86/><T57/><D57/><U8/><N who="1" m="11264" /><DORA hai="38" /><U117/><REACH who="1" step="1"/><E117/><REACH who="1" ten="265,280,242,203" step="2"/><V21/><F124/><W31/><G31/><T20/><D83/><U114/><E114/><V93/><F21/><N who="3" m="13351" /><G36/><T127/><D127/><U133/><E133/><V5/><F10/><W102/><G69/><T56/><D32/><U63/><E63/><V132/><F132/><W15/><G62/><T42/><D35/><U6/><E6/><V91/><F5/><W73/><G15/><T131/><D28/><U118/><E118/><V130/><F130/><W43/><G61/><N who="0" m="35975" /><D131/><U84/><E84/><V39/><F39/><W100/><G73/><T108/><D87/><RYUUKYOKU ba="0,1" sc="265,-10,280,30,242,-10,203,-10" hai1="8,9,11,48,51,55,58,60,95,97" /><INIT seed="1,1,1,3,0,72" ten="255,310,232,193" oya="1" hai0="37,57,77,91,3,31,98,66,90,61,23,7,43" hai1="99,38,34,83,24,89,27,114,119,120,81,13,39" hai2="109,130,21,48,116,74,20,76,78,45,88,41,0" hai3="67,123,97,64,102,86,51,16,134,133,104,105,84"/><U2/><E114/><V47/><F109/><W4/><G4/><T103/><D77/><N who="2" m="29802" /><F74/><W75/><G75/><T110/><D110/><U87/><E119/><V122/><F0/><W56/><G123/><T100/><D100/><U65/><E2/><V28/><F122/><W55/><G105/><T80/><D80/><U85/><E120/><V25/><F116/><W1/><G1/><T135/><D135/><N who="3" m="51721" /><G16/><T49/><D37/><U95/><E34/><V50/><F130/><W5/><G5/><T58/><D7/><U15/><E99/><V131/><F131/><W62/><G67/><T106/><D3/><U26/><E65/><V53/><F20/><W40/><G40/><T70/><D70/><AGARI ba="1,1" hai="51,55,56,62,64,70,84,86,97,102,104" m="51721" machi="70" ten="30,1000,0" yaku="20,1" doraHai="72" who="3" fromWho="0" sc="255,-13,310,0,232,0,193,23" /><INIT seed="2,0,0,4,2,5" ten="242,310,232,216" oya="2" hai0="33,29,83,25,47,23,113,43,74,62,37,118,63" hai1="12,77,66,2,26,72,129,107,89,123,90,20,30" hai2="10,42,76,14,67,22,39,124,54,73,19,1,93" hai3="110,80,16,87,64,134,102,115,104,8,51,85,27"/><V32/><F32/><W60/><G134/><T111/><D111/><U44/><E2/><V103/><F124/><W94/><G110/><T82/><D118/><U98/><E129/><V105/><F105/><W117/><G117/><T71/><D113/><U3/><E3/><V86/><F67/><W133/><G133/><T7/><D71/><U24/><E123/><V106/><F106/><W59/><G104/><T91/><D33/><U135/><E66/><V13/><F1/><W78/><G51/><T45/><D45/><U132/><E107/><V53/><F73/><W38/><G38/><T52/><D7/><U31/><E77/><V84/><F42/><W99/><G115/><T81/><D63/><U49/><E72/><V109/><F39/><W6/><G87/><N who="2" m="33321" /><F76/><W100/><G6/><T126/><D74/><U41/><E135/><V15/><F109/><W50/><G50/><N who="0" m="27007" /><D126/><U36/><E36/><V121/><F121/><W119/><G119/><T11/><D37/><U130/><E130/><V97/><F15/><N who="3" m="7271" /><G27/><T101/><D25/><U108/><E108/><V70/><F70/><W21/><G21/><T17/><D23/><N who="1" m="15647" /><E132/><V95/><F95/><W92/><G92/><T4/><D82/><U88/><E12/><V69/><F69/><W96/><G96/><AGARI ba="0,0" hai="20,26,31,41,44,49,88,89,90,96,98" m="15647" machi="96" ten="30,2000,0" yaku="8,1,54,1" doraHai="5" who="1" fromWho="3" sc="242,0,310,20,232,0,216,-20" /><INIT seed="3,0,0,5,5,1" ten="242,330,232,196" oya="3" hai0="29,96,131,106,75,45,130,22,77,31,61,119,50" hai1="110,107,16,46,18,19,69,111,70,133,78,9,36" hai2="59,123,84,33,90,87,71,14,10,129,64,94,109" hai3="73,63,58,122,115,72,102,98,99,48,82,105,113"/><W114/><G122/><T5/><D119/><U4/><E107/><V117/><F117/><W101/><G82/><N who="0" m="45375" /><D61/><U86/><E133/><V21/><F109/><N who="1" m="41481" /><E78/><V132/><F129/><N who="0" m="49162" /><D22/><U62/><E86/><V92/><F71/><N who="1" m="27145" /><E62/><N who="2" m="37983" /><F33/><W121/><G121/><T6/><D106/><U95/><E95/><V34/><F34/><W37/><G37/><T79/><D79/><U47/><E36/><V81/><F132/><W52/><REACH who="3" step="1"/><G63/><REACH who="3" ten="242,330,232,186" step="2"/><T116/><D116/><U57/><E57/><V41/><F123/><W83/><G83/><T91/><D50/><U55/><E55/><V68/><F68/><W126/><G126/><T134/><D134/><U8/><E8/><V100/><F10/><W85/><G85/><T80/><D80/><U135/><E135/><V39/><F87/><W54/><G54/><T67/><D67/><U43/><E43/><V53/><F53/><W0/><G0/><AGARI ba="0,1" hai="0,4,9,16,18,19,46,47" m="27145,41481" machi="0" ten="40,5200,0" yaku="14,1,52,1,54,1" doraHai="1" who="1" fromWho="3" sc="242,0,330,62,232,0,186,-52" /><INIT seed="4,0,0,0,3,24" ten="242,392,232,134" oya="0" hai0="11,9,115,38,63,118,94,77,119,20,25,92,62" hai1="49,52,129,12,55,124,120,61,85,73,122,60,109" hai2="65,107,117,133,80,4,93,27,58,76,82,113,35" hai3="45,1,28,74,103,48,127,126,114,134,10,13,14"/><T68/><D115/><U19/><E73/><V111/><F107/><W59/><G74/><T71/><D38/><U98/><E109/><V18/><F111/><W7/><G103/><T66/><D77/><U64/><E129/><V116/><F113/><W16/><G59/><T96/><D119/><U33/><E33/><V44/><F133/><W30/><G114/><T51/><D51/><U87/><E124/><N who="3" m="47658" /><G134/><T34/><D34/><U108/><E108/><V3/><F44/><W95/><G95/><T128/><D128/><U42/><E42/><V23/><F93/><W40/><G1/><T39/><D39/><U135/><E135/><V50/><F65/><W84/><G84/><T83/><D118/><U32/><E32/><V102/><F35/><W6/><G6/><T0/><D83/><U79/><E98/><V100/><F82/><W21/><AGARI ba="0,0" hai="7,10,13,14,16,21,28,30,40,45,48" m="47658" machi="21" ten="30,7900,0" yaku="18,1,52,2,54,1" doraHai="24" who="3" fromWho="3" sc="242,-39,392,-20,232,-20,134,79" /><INIT seed="5,0,0,5,4,3" ten="203,372,212,213" oya="1" hai0="16,133,114,113,96,76,124,59,80,61,22,72,57" hai1="109,54,20,106,88,42,130,128,63,4,23,91,50" hai2="0,108,1,127,86,95,115,67,134,69,105,98,26" hai3="14,37,64,123,118,100,71,29,19,68,103,66,32"/><U131/><E106/><V34/><F108/><W104/><G123/><T25/><D133/><U116/><E116/><V117/><F117/><W93/><G37/><T6/><D124/><U119/><E119/><V27/><F134/><W89/><G118/><T102/><D6/><U45/><E109/><V85/><F27/><W75/><G75/><T97/><D57/><N who="1" m="35255" /><E4/><V48/><F48/><W31/><G71/><T94/><REACH who="0" step="1"/><D97/><REACH who="0" ten="193,372,212,213" step="2"/><U121/><E121/><V62/><F127/><W125/><G125/><T92/><D92/><U132/><E132/><V8/><F0/><W99/><G68/><T84/><D84/><U2/><E2/><V107/><F95/><W49/><G104/><T39/><D39/><U33/><E33/><V17/><F107/><W81/><G32/><T15/><D15/><U55/><E42/><V28/><F1/><W90/><G93/><T21/><D21/><AGARI ba="0,1" hai="20,21,23,45,50,55,88,91,128,130,131" m="35255" machi="21" ten="30,2900,0" yaku="19,1,54,1" doraHai="3" who="1" fromWho="0" sc="193,-29,372,39,212,0,213,0" /><INIT seed="5,1,0,1,0,3" ten="164,411,212,213" oya="1" hai0="46,72,100,4,6,90,128,40,31,106,34,120,80" hai1="11,44,109,38,131,5,30,84,134,85,111,17,53" hai2="29,28,130,86,9,101,13,33,21,113,60,104,129" hai3="59,102,82,83,7,105,133,55,99,36,54,2,92"/><U66/><E134/><V96/><F113/><W56/><G133/><T127/><D120/><U110/><E131/><N who="2" m="50187" /><F33/><W39/><G105/><T25/><D128/><U15/><E30/><V95/><F60/><W122/><G122/><T23/><D127/><U124/><E124/><V77/><F21/><W79/><G39/><T121/><D121/><U51/><E66/><V108/><F108/><W65/><G36/><T71/><D71/><U10/><E38/><V126/><F126/><W24/><G65/><T32/><D32/><U41/><E53/><V97/><F77/><W70/><G24/><T49/><D34/><U135/><E135/><V107/><F86/><W27/><G27/><T64/><D64/><U16/><E17/><N who="2" m="8367" /><F107/><W88/><G70/><T116/><D116/><U42/><E42/><V87/><F87/><W0/><G0/><AGARI ba="1,0" hai="0,5,10,11,15,16,41,44,51,84,85,109,110,111" machi="0" ten="40,7700,0" yaku="10,1,52,1,54,1" doraHai="3" who="1" fromWho="3" sc="164,0,411,80,212,0,213,-80" /><INIT seed="5,2,0,2,4,9" ten="164,491,212,133" oya="1" hai0="100,52,82,49,19,99,98,15,122,120,128,63,132" hai1="85,127,67,11,111,21,88,42,95,73,37,75,72" hai2="48,83,87,65,1,134,60,53,114,27,47,55,56" hai3="129,23,31,18,105,35,38,36,59,108,133,91,124"/><U84/><E127/><V66/><F134/><W12/><G105/><T51/><D132/><U116/><E116/><V102/><F1/><W86/><G133/><T112/><D112/><U110/><E67/><V41/><F114/><W113/><G124/><T46/><D128/><U69/><E69/><V0/><F0/><W33/><G108/><N who="1" m="41514" /><E11/><V44/><F102/><W64/><G129/><T74/><D49/><U121/><E121/><N who="0" m="46697" /><D63/><U80/><E21/><V97/><F97/><W115/><G36/><T126/><D126/><U30/><E30/><V106/><F106/><W78/><G38/><T101/><D99/><N who="1" m="57831" /><E80/><V5/><F66/><W107/><G31/><T62/><D62/><U68/><E68/><V7/><F65/><W61/><G35/><T79/><D98/><U109/><E109/><V24/><F60/><W77/><G33/><T29/><D29/><U22/><E22/><AGARI ba="2,0" hai="15,19,22,46,51,52,74,79,82,100,101" m="46697" machi="22" ten="30,3900,0" yaku="13,1,52,1,54,1" doraHai="9" who="0" fromWho="1" sc="164,45,491,-45,212,0,133,0" /><INIT seed="6,0,0,1,5,21" ten="209,446,212,133" oya="2" hai0="77,121,52,78,57,51,106,131,66,31,94,55,129" hai1="13,119,16,79,114,3,36,23,132,127,50,125,8" hai2="128,63,59,99,1,135,71,56,64,20,81,11,134" hai3="123,35,120,25,73,93,6,18,19,14,111,29,83"/><V126/><F126/><N who="1" m="48137" /><E36/><V115/><F115/><W85/><G73/><T108/><D108/><U28/><E114/><V17/><F128/><N who="0" m="49226" /><D106/><U74/><E119/><V72/><F99/><W68/><G68/><T65/><D121/><U103/><E132/><N who="2" m="50731" /><F11/><W89/><G111/><T104/><D104/><U45/><E103/><V92/><F92/><W37/><G37/><T42/><D42/><N who="1" m="24887" /><E3/><V105/><F1/><W100/><G6/><T41/><D41/><U109/><E109/><V87/><F72/><W33/><G33/><T38/><D38/><U60/><E60/><V9/><F9/><W133/><G133/><T112/><D112/><U0/><E0/><V7/><F7/><W46/><G46/><N who="0" m="27767" /><D94/><U86/><E74/><V4/><F105/><W10/><G19/><T98/><D31/><U88/><E28/><V90/><F4/><W22/><REACH who="3" step="1"/><G35/><REACH who="3" ten="209,446,212,123" step="2"/><T61/><D98/><AGARI ba="0,1" hai="10,14,18,22,25,29,83,85,89,93,98,100,120,123" machi="98" ten="40,5200,0" yaku="1,1,2,1,52,1,53,0" doraHai="21" doraHaiUra="2" who="3" fromWho="0" sc="209,-52,446,0,212,0,123,62" /><INIT seed="7,0,0,2,0,62" ten="157,446,212,185" oya="3" hai0="3,126,55,7,132,15,65,121,78,67,118,61,74" hai1="17,110,9,124,25,8,72,73,101,87,22,21,96" hai2="69,58,105,43,0,131,80,4,82,48,70,50,57" hai3="53,89,135,64,52,13,11,92,109,97,103,129,128"/><W111/><G135/><T102/><D121/><U12/><E110/><N who="3" m="41994" /><G103/><T98/><D132/><U83/><E124/><V108/><F108/><W120/><G120/><T79/><D3/><U2/><E2/><V26/><F43/><W23/><G23/><T46/><D118/><U40/><E40/><V29/><F0/><W114/><G114/><T20/><D126/><U47/><E47/><V117/><F4/><N who="3" m="3303" /><G64/><N who="0" m="24651" /><D74/><U71/><E71/><V30/><F131/><AGARI ba="0,0" hai="52,53,89,92,97,128,129,131" m="3303,41994" machi="131" ten="30,5800,0" yaku="19,1,10,1,54,1" doraHai="62" who="3" fromWho="2" sc="157,0,446,0,212,-58,185,58" /><INIT seed="7,1,0,4,4,25" ten="157,446,154,243" oya="3" hai0="4,29,122,69,84,50,70,61,23,120,112,82,78" hai1="17,83,93,27,91,108,123,64,49,28,75,0,71" hai2="41,9,74,39,127,98,13,87,52,72,76,33,38" hai3="95,116,8,99,42,12,97,96,113,131,63,44,104"/><W62/><G116/><T21/><D112/><U15/><E108/><V1/><F33/><W3/><G3/><T114/><D114/><U5/><E123/><V19/><F127/><W31/><G113/><T66/><D70/><U56/><E71/><V109/><F109/><W45/><G104/><T77/><D77/><U26/><E0/><V2/><F2/><W54/><G95/><T102/><D4/><U81/><E5/><V16/><F1/><W88/><G88/><T135/><D135/><U106/><E106/><V124/><F124/><W101/><G101/><T132/><D132/><U60/><E49/><V18/><F38/><W57/><G63/><T73/><D102/><U14/><E75/><V47/><F98/><W32/><G42/><T59/><D73/><U79/><E79/><V128/><F128/><W51/><G131/><T110/><D110/><U134/><E134/><V115/><F115/><W11/><G11/><T20/><REACH who="0" step="1"/><D29/><REACH who="0" ten="147,446,154,243" step="2"/><U80/><E26/><V30/><F30/><W94/><G31/><T130/><D130/><U86/><REACH who="1" step="1"/><E17/><REACH who="1" ten="147,436,154,243" step="2"/><N who="2" m="6763" /><F74/><W105/><G105/><T65/><D65/><U10/><E10/><V48/><F72/><W68/><G8/><T43/><D43/><U121/><E121/><V85/><F76/><W92/><G68/><T34/><D34/><AGARI ba="1,2" hai="14,15,27,28,34,56,60,64,80,81,83,86,91,93" machi="34" ten="40,2600,0" yaku="1,1,52,1,53,0" doraHai="25" doraHaiUra="107" who="1" fromWho="0" sc="147,-29,436,49,154,0,243,0" owari="118,-38.0,485,59.0,154,-25.0,243,4.0" /></mjloggm>