<mjloggm ver="2.3"><GO type="225" lobby="0"/><UN n0="%E3%83%AA%E3%83%81%E3%83%A3%21%21" n1="%E8%B2%BF%E6%98%93" n2="%E3%82%A6%E3%83%AB%E3%83%88%E3%83%A9%E7%AB%8B%E7%9B%B4" n3="%64%61%72%74%65%72" dan="17,17,17,16" rate="2136.31,2121.37,2159.53,2085.17" sx="M,M,M,M"/><TAIKYOKU oya="0"/><INIT seed="0,0,0,3,1,70" ten="250,250,250,250" oya="0" hai0="123,54,4,72,126,27,106,55,117,131,127,49,134" hai1="6,87,88,128,120,77,58,109,25,90,94,130,82" hai2="5,71,46,132,34,36,7,80,51,12,118,26,47" hai3="17,45,18,2,81,133,11,84,103,112,115,14,92"/><T114/><D117/><U43/><E6/><V125/><F71/><W102/><G2/><T50/><D106/><U41/><E120/><V104/><F104/><W30/><G133/><T62/><D72/><U16/><E58/><V76/><F132/><W10/><G30/><T68/><D134/><U59/><E59/><V21/><F34/><W75/><G75/><T15/><D27/><U99/><E109/><V33/><F33/><W111/><G111/><T29/><D29/><U31/><E77/><V67/><F67/><W110/><G110/><T91/><D91/><U63/><E63/><V124/><F118/><W23/><G112/><T56/><D4/><U28/><E28/><V22/><F36/><W20/><G45/><N who="2" m="16905" /><F51/><N who="0" m="19466" /><D15/><U79/><E79/><V42/><F42/><W24/><G115/><T74/><D74/><U60/><E60/><V122/><F122/><W8/><REACH who="3" step="1"/><G92/><REACH who="3" ten="250,250,250,240" step="2"/><T3/><D3/><U116/><E116/><V89/><F125/><N who="0" m="47626" /><D114/><U44/><E31/><V135/><F124/><W66/><G66/><N who="0" m="41047" /><D123/><U96/><E43/><V119/><F135/><W53/><G53/><N who="0" m="19979" /><D56/><U39/><REACH who="1" step="1"/><E99/><REACH who="1" ten="250,240,250,240" step="2"/><V52/><F119/><W37/><G37/><T48/><D48/><U73/><E73/><V121/><F121/><W129/><G129/><AGARI ba="0,2" hai="129,131" m="19979,41047,47626,19466" machi="129" ten="40,7700,0" yaku="18,1,34,2" doraHai="70" who="0" fromWho="3" sc="250,97,240,0,250,0,240,-77" /><INIT seed="0,1,0,4,1,30" ten="347,240,250,163" oya="0" hai0="34,70,125,106,114,82,9,4,133,29,14,76,88" hai1="84,7,15,105,1,3,31,46,11,32,131,12,25" hai2="23,96,121,122,135,69,100,79,17,63,73,78,80" hai3="35,68,124,8,91,118,13,61,99,74,115,97,112"/><T42/><D114/><U53/><E105/><V54/><F79/><W62/><G118/><T123/><D106/><U18/><E84/><V60/><F135/><W101/><G74/><T67/><D133/><U51/><REACH who="1" step="1"/><E131/><REACH who="1" ten="347,230,250,163" step="2"/><V92/><F69/><W57/><G115/><T95/><D70/><U19/><E19/><V127/><F127/><W128/><G112/><T134/><D125/><U16/><E16/><V71/><F71/><W21/><G128/><T90/><D123/><U113/><E113/><V65/><F122/><W103/><G124/><T45/><D134/><U33/><E33/><V6/><F121/><W58/><G35/><T119/><D34/><U37/><E37/><V109/><F6/><W38/><G38/><T72/><D4/><U56/><E56/><V83/><F17/><W75/><G58/><T120/><D120/><U43/><E43/><V27/><F73/><W132/><G75/><T87/><D42/><U126/><E126/><V86/><F86/><W93/><G132/><T116/><D87/><U108/><E108/><V77/><F109/><W94/><G68/><T59/><D59/><U48/><E48/><V98/><F63/><W111/><G111/><T81/><D72/><U47/><E47/><V22/><F60/><W49/><G49/><T10/><D45/><U20/><AGARI ba="1,1" hai="1,3,7,11,12,15,18,20,25,31,32,46,51,53" machi="20" ten="20,8000,1" yaku="1,1,0,1,7,1,52,1,53,1" doraHai="30" doraHaiUra="0" who="1" fromWho="1" sc="347,-41,230,93,250,-21,163,-21" /><INIT seed="1,0,0,3,4,60" ten="306,323,229,142" oya="1" hai0="49,75,107,44,114,37,129,94,4,126,31,17,28" hai1="121,117,39,99,89,93,95,70,40,128,124,133,33" hai2="110,66,101,3,104,43,58,97,45,29,72,69,68" hai3="30,24,83,41,91,59,27,0,131,2,123,77,102"/><U120/><E33/><V73/><F3/><W74/><G123/><T67/><D114/><U35/><E35/><V50/><F110/><W100/><G131/><T1/><D107/><U19/><E70/><V119/><F119/><W88/><G41/><T61/><D37/><U76/><E39/><V53/><F29/><W122/><G122/><T127/><D75/><U103/><E40/><V6/><F6/><W113/><G113/><T96/><D129/><U63/><E128/><V79/><F79/><W78/><G59/><N who="0" m="37311" /><D17/><U18/><E117/><V86/><F86/><W32/><G32/><T10/><D49/><U15/><E19/><V85/><F85/><W130/><G130/><T62/><D62/><U8/><E124/><N who="0" m="47657" /><D44/><U106/><E106/><V82/><F69/><W36/><G36/><T14/><D14/><U51/><E51/><V80/><F73/><W22/><G74/><T52/><D52/><U56/><E56/><V47/><F72/><W134/><G134/><T21/><D21/><U48/><E133/><V108/><F47/><W16/><G16/><T116/><D116/><U42/><E63/><N who="2" m="40031" /><F108/><W46/><G46/><T111/><D111/><U105/><E105/><V87/><F45/><W26/><G26/><T34/><D34/><U109/><E109/><V115/><F43/><W81/><REACH who="3" step="1"/><G22/><REACH who="3" ten="306,323,229,132" step="2"/><T20/><D20/><N who="1" m="11359" /><E121/><V23/><F23/><W71/><G71/><T132/><D132/><U7/><E120/><V64/><F115/><W38/><G38/><T12/><D31/><AGARI ba="0,1" hai="0,2,24,27,30,31,77,78,81,83,88,91,100,102" machi="31" ten="25,6400,0" yaku="1,1,22,2,54,1,53,0" doraHai="60" doraHaiUra="13" who="3" fromWho="0" sc="306,-64,323,0,229,0,132,74" /><INIT seed="2,0,0,0,5,122" ten="242,323,229,206" oya="2" hai0="93,117,101,128,111,96,109,20,40,36,135,59,5" hai1="87,100,71,61,11,7,134,132,114,106,102,47,13" hai2="65,25,49,38,98,27,6,55,17,53,124,74,14" hai3="92,123,1,121,83,62,125,85,3,22,68,58,110"/><V9/><F38/><W86/><G68/><T16/><D5/><U30/><E114/><V21/><F74/><W8/><G92/><T32/><D32/><U77/><E30/><V34/><F124/><W18/><G125/><T104/><D59/><U91/><E77/><V43/><F65/><W69/><G69/><T79/><D79/><U66/><E47/><N who="2" m="25855" /><F34/><W2/><G8/><T63/><D63/><U12/><E12/><N who="2" m="5175" /><F98/><W107/><G107/><T90/><D128/><U37/><E37/><V64/><F64/><W54/><G86/><T44/><D135/><N who="1" m="51755" /><E106/><V33/><F33/><W95/><G121/><T120/><D120/><U28/><E28/><N who="2" m="17455" /><F27/><W72/><G72/><T113/><D113/><U108/><E71/><V112/><F112/><W81/><G123/><T4/><D4/><U118/><E66/><V126/><F126/><W26/><G1/><T97/><REACH who="0" step="1"/><D117/><REACH who="0" ten="232,323,229,206" step="2"/><U78/><E7/><V41/><F41/><W24/><G2/><T80/><D80/><U56/><E118/><V76/><F76/><W57/><G3/><T15/><AGARI ba="0,1" hai="15,16,20,36,40,44,90,93,96,97,101,104,109,111" machi="15" ten="30,8000,1" yaku="1,1,0,1,52,2,54,1,53,0" doraHai="122" doraHaiUra="131" who="0" fromWho="0" sc="232,90,323,-20,229,-40,206,-20" /><INIT seed="3,0,0,5,0,56" ten="322,303,189,186" oya="3" hai0="109,88,129,62,65,102,113,105,74,33,91,117,20" hai1="45,67,6,82,79,93,51,59,29,24,38,101,131" hai2="112,63,108,104,49,54,119,69,96,72,16,118,26" hai3="34,123,94,35,53,111,22,84,36,135,14,18,80"/><W89/><G123/><T128/><D33/><U55/><E131/><N who="0" m="50249" /><D109/><U77/><E6/><V13/><F26/><W9/><G111/><T110/><D110/><U25/><E38/><V44/><F72/><W23/><G135/><T126/><D74/><U98/><E82/><V58/><F69/><W46/><G35/><T92/><D117/><U127/><E127/><V57/><F57/><W61/><G34/><T78/><D126/><U32/><REACH who="1" step="1"/><E25/><REACH who="1" ten="322,293,189,186" step="2"/><V8/><F108/><W100/><G36/><T86/><D113/><U95/><E95/><V40/><F112/><W39/><G39/><T99/><D20/><N who="3" m="7721" /><G61/><AGARI ba="0,1" hai="24,29,32,45,51,55,59,61,67,77,79,93,98,101" machi="61" ten="40,5200,0" yaku="1,1,52,1,53,1" doraHai="56" doraHaiUra="28" who="1" fromWho="3" sc="322,0,293,62,189,0,186,-52" owari="322,12.0,355,46.0,189,-21.0,134,-37.0" /></mjloggm>