<mjloggm ver="2.3"><GO type="169" lobby="0"/><UN n0="%E8%A3%95%E7%BE%8E%E5%AD%90" n1="%E5%B0%B1%E6%B4%BB%E7%94%9F%40%E5%B7%9D%E6%9D%91%E8%BB%8D%E5%9B%A3" n2="%E9%87%8E%E3%80%85%E5%AE%AE%E8%97%8D" n3="%53%49%4C%41%53" dan="17,17,16,17" rate="2182.40,2218.07,2047.43,2173.01" sx="F,M,F,F"/><TAIKYOKU oya="0"/><INIT seed="0,0,0,4,1,4" ten="250,250,250,250" oya="0" hai0="83,41,40,52,126,50,129,68,25,114,8,115,11" hai1="92,89,125,109,6,101,58,37,128,20,72,19,77" hai2="103,53,32,65,48,15,80,21,86,36,14,34,122" hai3="130,85,134,74,22,60,118,45,105,29,99,98,69"/><T56/><D68/><U5/><E109/><V1/><F122/><W91/><G74/><T111/><D129/><U76/><E125/><V18/><F1/><W47/><G118/><T2/><D126/><U70/><E70/><V59/><F36/><W49/><G130/><T23/><D2/><U82/><E128/><V28/><F28/><W43/><G134/><T13/><D111/><U67/><E37/><V127/><F127/><W120/><G120/><T117/><D117/><U71/><E101/><V88/><F103/><W55/><G105/><T62/><D13/><U116/><E71/><V84/><F65/><W61/><G69/><T33/><D33/><U10/><E77/><V131/><F131/><W12/><G61/><T44/><D41/><U97/><E116/><V38/><F38/><W106/><G106/><T121/><D121/><U26/><E10/><V132/><F132/><W27/><G12/><T108/><D108/><U64/><E64/><V87/><F87/><W17/><G29/><T119/><D119/><U54/><REACH who="1" step="1"/><E67/><REACH who="1" ten="250,240,250,250" step="2"/><V16/><F84/><W35/><G35/><T7/><D7/><U133/><E133/><V51/><F51/><AGARI ba="0,1" hai="5,6,19,20,26,51,54,58,72,76,82,89,92,97" machi="51" ten="30,7700,0" yaku="1,1,7,1,53,2" doraHai="4" doraHaiUra="0" who="1" fromWho="2" sc="250,0,240,87,250,-77,250,0" /><INIT seed="1,0,0,0,5,19" ten="250,327,173,250" oya="1" hai0="24,33,88,69,135,56,37,109,60,53,86,67,46" hai1="61,117,121,71,70,72,108,18,2,73,90,127,12" hai2="75,100,134,92,99,131,44,47,15,102,29,9,64" hai3="30,116,7,112,122,119,128,118,93,87,50,40,36"/><U76/><E2/><V35/><F131/><W52/><G122/><T23/><D109/><U55/><E117/><V79/><F134/><W80/><G128/><T58/><D135/><U5/><E5/><V28/><F64/><W14/><G93/><T97/><D97/><U83/><E121/><V89/><F75/><W21/><G112/><T45/><D33/><U41/><E73/><V8/><F79/><N who="3" m="46495" /><G40/><T78/><D78/><U3/><E3/><V95/><F8/><N who="3" m="4383" /><G36/><T34/><D34/><U115/><E41/><V129/><F129/><W51/><G52/><N who="0" m="33799" /><D37/><U43/><E108/><V124/><F124/><W27/><AGARI ba="0,0" hai="21,27,30,50,51,116,118,119" m="4383,46495" machi="27" ten="40,2700,0" yaku="12,1,52,1" doraHai="19" who="3" fromWho="3" sc="250,-7,327,-13,173,-7,250,27" /><INIT seed="2,0,0,2,5,10" ten="243,314,166,277" oya="2" hai0="95,17,126,128,52,28,9,132,109,27,32,93,16" hai1="36,133,11,88,50,122,127,90,72,83,69,118,58" hai2="55,4,91,40,2,79,74,70,33,80,108,24,21" hai3="60,13,15,85,103,111,117,19,115,68,97,78,31"/><V116/><F116/><W45/><G117/><T98/><D109/><U22/><E69/><V76/><F70/><W73/><G73/><T119/><D119/><U57/><E36/><V39/><F33/><W37/><G111/><T100/><D128/><U112/><E118/><V92/><F79/><W110/><G110/><T54/><D132/><U3/><E133/><V38/><F108/><W26/><G19/><T96/><D126/><U104/><E104/><V44/><F55/><W5/><G5/><T46/><D46/><U134/><E134/><V86/><F38/><W12/><G115/><T105/><D17/><U53/><E127/><V87/><F4/><W125/><G125/><T64/><D64/><U129/><E129/><V7/><F7/><W63/><G68/><T8/><D8/><U101/><E3/><V20/><F2/><W18/><G18/><T56/><D56/><U23/><E101/><V81/><REACH who="2" step="1"/><F24/><REACH who="2" ten="243,314,156,277" step="2"/><W67/><G67/><T34/><D34/><U121/><E53/><V59/><F59/><W14/><G37/><T62/><D62/><U94/><E58/><V75/><F75/><W130/><G130/><T66/><D66/><U89/><E72/><V124/><F124/><W77/><G45/><T135/><D135/><U107/><E57/><V61/><F61/><W71/><G71/><T6/><D6/><U113/><E113/><V43/><F43/><W82/><N who="3" m="3072" /><DORA hai="25" /><W84/><G77/><T35/><D32/><U41/><E112/><V30/><F30/><W65/><G65/><T51/><D28/><U114/><E114/><V48/><F48/><RYUUKYOKU ba="0,1" sc="243,-10,314,-10,156,30,277,-10" hai2="20,21,39,40,44,74,76,80,81,86,87,91,92" /><INIT seed="2,1,1,1,3,62" ten="233,304,186,267" oya="2" hai0="17,106,97,43,5,70,105,125,25,71,74,54,88" hai1="81,129,8,15,99,63,45,77,132,119,31,83,130" hai2="2,6,133,109,12,46,114,7,11,65,120,37,72" hai3="49,29,121,101,69,122,110,36,52,28,108,91,0"/><V56/><F120/><W3/><G36/><T79/><D5/><U85/><E119/><V80/><F114/><W53/><G91/><T87/><D43/><U90/><E132/><V47/><F133/><W48/><REACH who="3" step="1"/><G69/><REACH who="3" ten="233,304,186,257" step="2"/><T128/><D70/><U32/><E129/><V107/><F37/><W60/><G60/><T39/><D71/><U50/><E130/><V96/><F109/><W92/><G92/><T33/><D105/><U27/><E63/><V51/><F107/><W26/><G26/><T66/><D25/><U94/><E83/><V1/><F80/><W113/><G113/><T134/><D106/><U4/><E50/><V118/><F51/><W23/><G23/><T16/><D88/><U13/><E45/><V131/><F46/><W55/><G55/><T111/><D54/><U20/><E32/><V58/><F47/><W100/><AGARI ba="1,2" hai="0,3,28,29,48,49,52,53,100,101,108,110,121,122" machi="100" ten="25,8000,1" yaku="1,1,0,1,22,2,54,1,53,0" doraHai="62" doraHaiUra="84" who="3" fromWho="3" sc="233,-21,304,-21,186,-41,257,103" /><INIT seed="3,0,0,3,2,83" ten="212,283,145,360" oya="3" hai0="75,93,122,39,59,73,124,134,46,43,129,132,63" hai1="67,31,99,37,36,42,81,56,57,30,0,82,105" hai2="17,2,96,91,100,58,68,130,10,92,1,123,48" hai3="104,45,87,80,9,84,120,110,65,7,33,47,108"/><W72/><G120/><T28/><D122/><U113/><E0/><V79/><F68/><W94/><G33/><T13/><D28/><U127/><E113/><V66/><F123/><W101/><G104/><T18/><D93/><U90/><E127/><V44/><F79/><W114/><G114/><T131/><D13/><U111/><E111/><N who="3" m="42538" /><G65/><N who="0" m="39167" /><D18/><U133/><E67/><V125/><F125/><W128/><G128/><N who="0" m="49227" /><D124/><U61/><E42/><V98/><F130/><W19/><G19/><T21/><D21/><U35/><E35/><V109/><F109/><W12/><G72/><AGARI ba="0,0" hai="39,43,46,72,73,75,132,134" m="49227,39167" machi="72" ten="30,1000,0" yaku="19,1" doraHai="83" who="0" fromWho="3" sc="212,10,283,0,145,0,360,-10" /><INIT seed="4,0,0,4,0,5" ten="222,283,145,350" oya="0" hai0="34,59,46,104,0,70,14,101,21,24,4,75,29" hai1="127,86,129,64,2,39,9,10,79,18,98,71,115" hai2="57,105,35,103,1,108,113,100,124,122,16,19,13" hai3="118,52,132,89,50,88,94,112,25,95,97,55,6"/><T119/><D70/><U53/><E39/><V33/><F108/><W45/><G118/><T125/><D75/><U133/><E127/><V43/><F122/><W49/><G112/><T92/><D104/><U114/><E133/><V111/><F111/><W121/><G132/><T60/><D125/><U99/><E129/><V102/><F1/><W93/><G121/><T54/><D119/><U90/><E79/><V41/><F105/><W74/><G74/><T106/><D106/><U40/><E40/><N who="2" m="15435" /><F35/><W31/><G6/><T77/><D77/><U11/><E2/><V76/><F33/><W22/><G89/><T51/><D0/><U47/><E18/><V27/><F76/><W38/><G38/><T123/><D123/><U44/><E64/><V37/><F37/><W87/><G97/><N who="1" m="36874" /><E71/><V63/><F113/><N who="1" m="43017" /><E53/><N who="2" m="34223" /><F124/><W26/><G26/><T8/><D34/><U12/><E12/><V116/><F116/><W126/><G126/><T7/><D4/><U48/><E48/><V91/><F91/><W36/><G36/><T117/><D117/><U68/><E68/><V109/><F109/><W28/><G28/><T110/><D110/><U15/><E15/><V120/><F120/><W82/><G82/><AGARI ba="0,0" hai="9,10,11,44,47,82,86,90" m="43017,36874" machi="82" ten="30,8000,1" yaku="15,1,11,1,52,3" doraHai="5" who="1" fromWho="3" sc="222,0,283,80,145,0,350,-80" /><INIT seed="5,0,0,2,0,109" ten="222,363,145,270" oya="1" hai0="35,29,123,129,85,72,46,69,0,47,93,45,106" hai1="113,71,12,84,101,30,121,50,13,31,59,21,28" hai2="61,91,57,114,125,116,56,8,18,9,58,112,25" hai3="26,98,79,74,1,2,78,32,24,115,107,126,108"/><U23/><E121/><V66/><F116/><W75/><G108/><T100/><D0/><U38/><E38/><V82/><F125/><W117/><G126/><T81/><D69/><U77/><E71/><V34/><F34/><W55/><G55/><T97/><D129/><U73/><E73/><V99/><F8/><W39/><G39/><T83/><D123/><U62/><E101/><V103/><F82/><W64/><G32/><T110/><D110/><U7/><E113/><N who="2" m="43627" /><F91/><W17/><G115/><T15/><D15/><N who="1" m="5707" /><E50/><V63/><F9/><W122/><G122/><T70/><D70/><U134/><E7/><V19/><F25/><W33/><G33/><T60/><D60/><N who="2" m="23114" /><F66/><W53/><G64/><T5/><D5/><U90/><E77/><V94/><AGARI ba="0,0" hai="18,19,56,57,58,94,99,103" m="23114,43627" machi="94" ten="40,8000,1" yaku="15,1,11,1,52,3" doraHai="109" who="2" fromWho="2" sc="222,-20,363,-40,145,80,270,-20" /><INIT seed="6,0,0,0,1,99" ten="202,323,225,250" oya="2" hai0="55,112,51,79,36,6,49,90,18,25,78,86,75" hai1="104,60,121,126,24,72,66,56,109,12,133,124,31" hai2="5,113,85,108,30,62,20,120,11,27,82,64,52" hai3="101,16,100,50,95,65,128,54,130,61,131,129,97"/><V44/><F120/><W47/><N who="3" m="32768" /><DORA hai="68" /><W1/><G1/><T58/><D75/><U46/><E109/><V132/><F108/><W53/><G16/><T57/><D112/><U127/><E133/><V89/><F132/><W117/><G117/><T67/><D6/><U76/><E104/><V21/><F113/><W102/><G54/><T77/><D36/><U115/><E115/><V33/><F44/><W114/><G114/><T2/><D2/><U22/><E121/><V4/><F52/><W15/><G15/><T96/><D96/><U71/><E12/><V135/><F135/><W17/><G17/><T116/><D116/><U39/><E76/><V13/><REACH who="2" step="1"/><F5/><REACH who="2" ten="202,323,215,250" step="2"/><W73/><REACH who="3" step="1"/><G73/><REACH who="3" ten="202,323,215,240" step="2"/><T29/><D51/><U9/><E72/><V37/><F37/><W35/><G35/><T0/><D49/><U42/><E124/><V103/><F103/><W110/><G110/><T81/><D55/><U23/><E126/><V134/><F134/><W105/><G105/><T59/><D67/><U92/><E127/><V32/><F32/><W74/><G74/><T118/><D118/><U111/><E66/><V88/><F88/><W94/><G94/><T69/><D90/><U63/><E39/><V3/><F3/><W10/><G10/><T87/><D0/><U8/><E8/><V91/><F91/><W40/><G40/><T45/><D45/><U70/><E9/><V43/><F43/><W123/><G123/><T48/><D48/><U84/><E42/><V122/><F122/><W41/><G41/><T107/><D107/><U98/><E111/><V19/><F19/><RYUUKYOKU ba="0,2" sc="202,-15,323,-15,215,15,240,15" hai2="4,11,13,20,21,27,30,33,62,64,82,85,89" hai3="47,50,53,61,65,95,97,100,101,102" /><INIT seed="6,1,2,4,5,123" ten="187,308,230,255" oya="2" hai0="130,94,37,128,4,109,73,84,56,135,99,107,52" hai1="32,45,55,39,98,65,62,67,91,44,90,103,108" hai2="40,92,126,46,59,133,7,101,113,105,60,88,77" hai3="36,5,89,131,85,15,14,68,71,24,3,74,70"/><V124/><F113/><W30/><G74/><T79/><D37/><U38/><E108/><V49/><F133/><W129/><G36/><T100/><D135/><U121/><E32/><V0/><F77/><W75/><G75/><T13/><D4/><U125/><E121/><V53/><F101/><W66/><G66/><T1/><D1/><U25/><E125/><V117/><F105/><W104/><G104/><T8/><D73/><U97/><E25/><V120/><F117/><W86/><G86/><T48/><D109/><U11/><E11/><V43/><F120/><W31/><G3/><T20/><D8/><U10/><E10/><V2/><F40/><W17/><G5/><T6/><D6/><U51/><E62/><V19/><F19/><W9/><G15/><T95/><D79/><U21/><E21/><V33/><F33/><W54/><G54/><T93/><REACH who="0" step="1"/><D84/><REACH who="0" ten="177,308,230,255" step="2"/><U69/><E39/><V58/><F7/><W76/><G76/><T12/><D12/><U114/><E38/><V118/><F124/><W82/><G24/><T116/><D116/><U106/><E114/><V26/><F126/><W16/><G14/><T50/><D50/><U47/><E51/><V80/><F118/><W41/><G9/><T28/><D28/><N who="3" m="10793" /><G41/><T110/><D110/><U102/><E97/><N who="2" m="57479" /><F0/><W61/><G61/><T127/><D127/><U72/><E98/><V35/><F2/><W63/><G63/><T134/><D134/><U78/><E72/><V111/><F111/><W132/><G132/><T57/><D57/><U42/><E78/><V87/><F59/><W64/><G64/><RYUUKYOKU ba="1,3" sc="177,15,308,-15,230,-15,255,15" hai0="13,20,48,52,56,93,94,95,99,100,107,128,130" hai3="16,17,68,70,71,82,85,89,129,131" /><INIT seed="7,2,3,5,2,105" ten="192,293,215,270" oya="3" hai0="42,0,69,59,8,97,89,86,85,120,75,38,50" hai1="56,116,77,25,57,117,1,61,17,26,33,19,45" hai2="44,126,135,104,36,80,46,27,35,3,132,6,62" hai3="91,96,78,14,113,39,133,51,107,13,128,40,52"/><W66/><G113/><T119/><D69/><U115/><E115/><V81/><F104/><W20/><G133/><N who="2" m="51273" /><F126/><W70/><G128/><T102/><D75/><U93/><E1/><V114/><F114/><W23/><G78/><T87/><D120/><U15/><E77/><V71/><F6/><W47/><G13/><T129/><D129/><U134/><E134/><V124/><F3/><W122/><G122/><T121/><D121/><U16/><E15/><V100/><F100/><N who="3" m="62855" /><G91/><T103/><D38/><U106/><E106/><V48/><F36/><W95/><G95/><N who="0" m="56559" /><D0/><U68/><E45/><N who="2" m="17515" /><F48/><W67/><G67/><T82/><D42/><U29/><E26/><V63/><F124/><W30/><G14/><T10/><D82/><N who="2" m="31850" /><F71/><W99/><G99/><T110/><D110/><U49/><E49/><V9/><F9/><N who="0" m="3690" /><D119/><N who="1" m="45643" /><E93/><V54/><F54/><AGARI ba="2,3" hai="50,54,59,85,86,87,102,103" m="3690,56559" machi="54" ten="30,1000,0" yaku="8,1" doraHai="105" who="0" fromWho="2" sc="192,46,293,0,215,-16,270,0" /><INIT seed="8,0,0,1,2,58" ten="238,293,199,270" oya="0" hai0="77,11,38,43,23,117,133,64,28,22,32,103,61" hai1="78,130,107,120,85,2,97,48,42,111,82,99,72" hai2="5,91,24,47,16,94,59,125,34,6,40,105,127" hai3="57,36,96,100,27,118,93,81,63,98,52,129,3"/><T46/><D117/><U90/><E2/><V60/><F105/><W10/><G118/><T104/><D77/><U87/><E42/><V14/><F34/><W135/><G36/><T89/><D89/><U69/><E69/><V4/><F24/><W51/><G135/><T9/><D133/><U121/><E48/><V29/><F29/><W132/><G132/><T123/><D123/><N who="1" m="47179" /><E111/><V44/><F94/><W95/><G129/><T35/><D11/><U131/><E87/><V55/><F91/><W92/><G81/><T65/><D64/><U124/><E124/><N who="2" m="47691" /><F40/><W102/><G27/><N who="0" m="18463" /><D9/><AGARI ba="0,0" hai="4,5,6,9,14,16,44,47,55,59,60" m="47691" machi="9" ten="30,3900,0" yaku="18,1,52,1,54,1" doraHai="58" who="2" fromWho="0" sc="238,-39,293,0,199,39,270,0" /><INIT seed="9,0,0,4,0,3" ten="199,293,238,270" oya="1" hai0="120,61,48,98,133,131,75,64,1,10,36,47,22" hai1="0,57,86,28,128,63,92,39,12,96,118,89,103" hai2="4,91,44,121,19,6,87,72,74,37,21,73,18" hai3="40,43,2,82,32,90,42,16,65,38,8,30,95"/><U107/><E0/><V26/><F121/><W5/><G65/><T50/><D75/><U93/><E39/><V125/><F125/><W106/><G106/><T76/><D120/><U130/><E118/><V108/><F108/><W124/><G124/><T34/><D34/><U60/><E28/><V110/><F110/><W13/><G82/><T135/><D76/><U134/><E134/><N who="0" m="51209" /><D131/><N who="1" m="50219" /><E12/><V78/><F78/><W71/><G71/><N who="0" m="42383" /><D22/><U79/><E79/><V58/><F18/><W9/><G30/><T112/><D112/><U129/><E129/><V52/><F37/><W114/><G32/><T111/><D111/><U15/><E15/><V49/><REACH who="2" step="1"/><F58/><REACH who="2" ten="199,293,228,270" step="2"/><W59/><G59/><T51/><D98/><N who="1" m="61943" /><E57/><V94/><AGARI ba="0,1" hai="4,6,19,21,26,44,49,52,72,73,74,87,91,94" machi="94" ten="30,12000,2" yaku="1,1,0,1,52,2,54,1,53,1" doraHai="3" doraHaiUra="83" who="2" fromWho="2" sc="199,-30,293,-60,228,130,270,-30" owari="169,-33.0,233,-17.0,358,46.0,240,4.0" /></mjloggm>