<mjloggm ver="2.3"><GO type="225" lobby="0"/><UN n0="%E6%97%A9%E7%94%B0%E9%80%B2" n1="%E3%81%90%E3%81%9C%E3%82%93%40%4C%69%42" n2="%E3%82%A6%E3%83%92%E3%83%A7%E5%8A%A9" n3="%E3%83%88%E3%83%88%E3%83%AA%E5%85%88%E7%94%9F%31%39%E6%AD%B3" dan="17,16,16,17" rate="2146.23,2077.42,2139.25,2200.88" sx="F,M,M,F"/><TAIKYOKU oya="0"/><INIT seed="0,0,0,4,3,38" ten="250,250,250,250" oya="0" hai0="15,79,69,41,127,40,67,119,96,28,118,23,82" hai1="84,62,75,100,116,29,48,72,105,35,120,0,42" hai2="93,71,68,45,97,54,91,121,18,19,26,104,24" hai3="11,27,103,63,58,83,124,16,123,128,88,101,5"/><T20/><D69/><U92/><E116/><V8/><F104/><W13/><G128/><T85/><D118/><U51/><E120/><V2/><F121/><W117/><G124/><T59/><D127/><U89/><E0/><V43/><F54/><W77/><G123/><T99/><D119/><U76/><E62/><V135/><F135/><W129/><G129/><T112/><D23/><U3/><E3/><V12/><F2/><W133/><G133/><T110/><D112/><U81/><E75/><V25/><REACH who="2" step="1"/><F19/><REACH who="2" ten="250,250,240,250" step="2"/><W61/><G117/><T22/><D110/><U9/><E105/><V107/><F107/><W32/><G16/><N who="0" m="10271" /><D67/><U33/><E33/><V56/><F56/><W49/><G58/><T10/><D59/><U102/><E35/><V113/><F113/><W66/><G66/><T47/><D47/><U78/><E42/><N who="0" m="16489" /><D10/><U106/><E9/><V37/><AGARI ba="0,1" hai="8,12,18,24,25,26,37,43,45,68,71,91,93,97" machi="37" ten="30,7900,0" yaku="1,1,0,1,52,1,53,1" doraHai="38" doraHaiUra="95" who="2" fromWho="2" sc="250,-39,250,-20,240,89,250,-20" /><INIT seed="1,0,0,5,3,133" ten="211,230,329,230" oya="1" hai0="135,84,90,2,101,125,120,106,5,36,81,93,107" hai1="115,97,108,22,92,15,10,121,69,34,67,119,50" hai2="89,123,74,117,76,60,1,54,88,102,47,4,77" hai3="129,40,19,111,42,99,31,39,110,64,73,8,23"/><U37/><E119/><V116/><F123/><W6/><G73/><T113/><D36/><U65/><E37/><V49/><F102/><W95/><G31/><T104/><D113/><U20/><E121/><V75/><F60/><W44/><G64/><T83/><D120/><U66/><E115/><V28/><F28/><W122/><G42/><T25/><D25/><U52/><E34/><V124/><F124/><W43/><G43/><T59/><D59/><N who="1" m="33175" /><E69/><V35/><F35/><W98/><G129/><T51/><D51/><U130/><E108/><N who="3" m="41514" /><G95/><N who="0" m="54727" /><D2/><U132/><E132/><V26/><F26/><N who="3" m="14719" /><G122/><T17/><D135/><U45/><E130/><V100/><F117/><W131/><G131/><T109/><D109/><U33/><E33/><V126/><F116/><W68/><G68/><T57/><D5/><N who="1" m="3535" /><E45/><V27/><F47/><W16/><G16/><T62/><D17/><U71/><E71/><V85/><F75/><W134/><G134/><T87/><D57/><U53/><E53/><V32/><F74/><W86/><G8/><T103/><D107/><U128/><E128/><V30/><F1/><W14/><G6/><T61/><D106/><U21/><E67/><V63/><F4/><W78/><G14/><T18/><D104/><U46/><E46/><V29/><F32/><W105/><G105/><T9/><D18/><U70/><E70/><V48/><F30/><W7/><G7/><T96/><D62/><U82/><E82/><AGARI ba="0,0" hai="39,40,44,78,82,86,98,99" m="14719,41514" machi="82" ten="30,1000,0" yaku="14,1" doraHai="133" who="3" fromWho="1" sc="211,0,230,-10,329,0,230,10" /><INIT seed="2,0,0,5,1,103" ten="211,220,329,240" oya="2" hai0="125,3,69,9,104,87,71,100,32,43,88,82,134" hai1="105,34,41,126,36,114,50,121,64,48,35,92,60" hai2="101,110,45,53,65,44,57,11,123,96,78,19,39" hai3="62,131,108,5,127,56,24,42,113,77,109,38,68"/><V67/><F123/><W85/><G113/><T129/><D32/><U73/><E114/><V1/><F78/><W7/><G68/><T58/><D43/><U13/><E121/><V97/><F39/><W133/><G131/><T80/><D80/><U115/><E115/><V51/><F1/><W55/><G133/><T54/><D129/><U37/><E73/><V116/><F116/><W23/><G127/><T94/><D125/><U86/><E105/><V25/><F110/><N who="3" m="42603" /><G77/><T119/><D134/><U74/><E35/><V27/><F27/><W33/><G85/><T59/><D59/><U26/><E86/><V98/><F101/><W8/><G33/><T63/><D119/><U12/><E74/><V79/><F79/><W6/><G42/><T99/><REACH who="0" step="1"/><D82/><REACH who="0" ten="201,220,329,240" step="2"/><U84/><E34/><V29/><F45/><W130/><G130/><T124/><D124/><U81/><E126/><V18/><F44/><W30/><G38/><T95/><D95/><U17/><E92/><V120/><F120/><W118/><G118/><T15/><D15/><AGARI ba="0,1" hai="5,6,7,8,15,23,24,30,55,56,62" m="42603" machi="15" ten="30,1000,0" yaku="14,1" doraHai="103" who="3" fromWho="0" sc="201,-10,220,0,329,0,240,20" /><INIT seed="3,0,0,0,5,79" ten="191,220,329,260" oya="3" hai0="33,7,59,89,94,73,131,105,109,40,15,49,20" hai1="134,71,87,14,83,30,41,17,45,99,108,47,61" hai2="91,22,25,63,103,114,74,119,98,110,39,43,122" hai3="128,4,125,90,27,38,56,70,100,86,37,10,123"/><W113/><G113/><T81/><D105/><U51/><E108/><V127/><F119/><W3/><G123/><T102/><D33/><U116/><E116/><V93/><F114/><W130/><G70/><T121/><D121/><U18/><E18/><BYE who="1" /><V64/><F122/><W77/><G125/><T48/><D109/><U112/><E112/><V13/><F74/><W84/><G100/><T50/><D73/><U34/><E34/><V44/><F127/><W28/><G56/><T65/><D131/><N who="3" m="50217" /><G77/><T12/><D102/><U19/><E19/><V60/><F110/><W96/><G96/><T67/><D20/><U80/><E80/><V101/><F13/><N who="0" m="5194" /><D7/><U118/><E118/><V92/><F64/><N who="0" m="24650" /><D94/><U68/><E68/><V53/><F103/><W76/><G38/><T78/><D78/><U57/><E57/><V6/><F6/><W107/><G37/><T9/><D9/><U97/><E97/><N who="2" m="57503" /><F39/><W2/><G107/><T11/><D11/><U36/><E36/><V21/><F43/><W120/><G120/><T72/><D72/><U135/><E135/><V115/><F115/><W32/><G76/><T23/><D23/><N who="2" m="8714" /><F25/><W46/><G2/><T24/><D24/><U58/><E58/><V42/><F42/><W16/><G16/><T69/><D69/><U133/><E133/><V55/><F55/><W8/><G8/><T106/><D106/><U66/><E66/><V62/><F53/><W0/><G0/><T26/><D26/><U29/><E29/><V126/><F126/><W132/><G132/><T31/><D31/><U95/><E95/><V1/><F1/><RYUUKYOKU ba="0,0" sc="191,-10,220,-10,329,30,260,-10" hai2="44,60,62,63,93,98,101" owari="181,-32.0,210,-19.0,359,46.0,250,5.0" /></mjloggm>