<mjloggm ver="2.3"><GO type="169" lobby="0"/><UN n0="%43%48%49%52%4F%52%55" n1="%E6%B0%91%E8%8A%B8" n2="%E3%81%BB%E3%81%97%E3%81%AE%E3%81%99%E3%81%9A%E3%81%BF" n3="%E3%82%A6%E3%83%AB%E3%83%88%E3%83%A9%E7%AB%8B%E7%9B%B4" dan="16,17,17,18" rate="2142.96,2163.06,2135.00,2201.58" sx="M,M,F,M"/><TAIKYOKU oya="0"/><INIT seed="0,0,0,2,1,35" ten="250,250,250,250" oya="0" hai0="98,125,116,131,92,75,76,5,28,95,21,39,26" hai1="41,120,105,73,123,128,58,106,108,64,80,55,1" hai2="19,43,104,88,49,99,0,97,101,96,14,38,47" hai3="40,59,10,37,124,24,15,100,12,134,45,111,48"/><T133/><D39/><U114/><E64/><V91/><F38/><W85/><G111/><T68/><D68/><U118/><E41/><V71/><F71/><W16/><G124/><T62/><D116/><U33/><E33/><V31/><F31/><W56/><G134/><T53/><D133/><U70/><E70/><V78/><F78/><W13/><G100/><T2/><D125/><U52/><E118/><V107/><F0/><W115/><G115/><T8/><D131/><U67/><E114/><V50/><F50/><W84/><G37/><T72/><D76/><N who="1" m="44047" /><E67/><V42/><F42/><W81/><G85/><T46/><D95/><U44/><E1/><V30/><F30/><W18/><G24/><T7/><D7/><U22/><E22/><V126/><F126/><W23/><REACH who="3" step="1"/><G15/><REACH who="3" ten="250,250,250,240" step="2"/><T20/><D26/><U135/><E135/><V27/><F27/><W119/><G119/><T57/><D28/><U29/><E29/><V34/><F34/><W4/><G4/><T94/><D75/><U112/><E112/><V11/><REACH who="2" step="1"/><F101/><REACH who="2" ten="250,250,240,240" step="2"/><W121/><G121/><T129/><D129/><U51/><E128/><V69/><F69/><W17/><G17/><T60/><D5/><U83/><E120/><V3/><F3/><W32/><G32/><T77/><D2/><U93/><E123/><V130/><F130/><W63/><G63/><T66/><D62/><U82/><E51/><V6/><F6/><W110/><G110/><T90/><D60/><U87/><E108/><V102/><F102/><W117/><G117/><T86/><D72/><U74/><E74/><V36/><F36/><RYUUKYOKU ba="0,2" sc="250,-15,250,-15,240,15,240,15" hai2="11,14,19,43,47,49,88,91,96,97,99,104,107" hai3="10,12,13,16,18,23,40,45,48,56,59,81,84" /><INIT seed="1,1,2,2,0,43" ten="235,235,255,255" oya="1" hai0="129,91,27,96,1,20,85,6,93,122,19,39,114" hai1="24,123,8,109,110,76,62,31,102,95,90,70,80" hai2="68,115,55,32,69,121,61,29,133,42,50,77,59" hai3="17,25,83,112,52,98,26,66,92,51,78,106,132"/><U38/><E38/><V113/><F121/><W87/><G106/><T22/><D114/><N who="2" m="43530" /><F77/><W64/><G112/><T40/><D129/><U60/><E102/><V130/><F130/><W127/><G127/><T124/><D124/><U65/><E8/><V12/><F12/><W0/><G0/><T104/><D122/><U58/><E123/><V117/><F117/><W15/><G132/><T99/><D104/><U53/><E95/><V63/><F29/><W14/><G14/><T119/><D119/><U118/><E90/><V3/><F3/><W82/><G82/><T86/><D99/><U37/><E37/><V97/><F97/><W7/><G7/><T47/><REACH who="0" step="1"/><D22/><REACH who="0" ten="225,235,255,255" step="2"/><U120/><E120/><V101/><F32/><W75/><G98/><T2/><D2/><U48/><E118/><V131/><F131/><W89/><G25/><T57/><D57/><U10/><E10/><AGARI ba="1,3" hai="1,6,10,19,20,27,39,40,47,85,86,91,93,96" machi="10" ten="40,2600,0" yaku="1,1,52,1,53,0" doraHai="43" doraHaiUra="54" who="0" fromWho="1" sc="225,59,235,-29,255,0,255,0" /><INIT seed="2,0,0,5,1,16" ten="284,206,255,255" oya="2" hai0="84,48,125,8,91,97,11,107,114,69,47,52,88" hai1="23,31,126,90,60,37,7,25,95,62,96,134,130" hai2="99,58,87,120,104,32,19,83,9,50,103,132,92" hai3="59,17,45,14,29,133,13,42,0,81,1,119,112"/><V39/><F39/><W74/><G119/><T122/><D122/><U66/><E37/><V105/><F120/><W111/><G29/><T116/><D114/><U77/><E130/><V76/><F32/><W108/><G14/><T40/><D69/><U86/><E134/><V80/><F132/><W79/><G59/><T51/><D125/><U73/><E126/><V61/><F50/><W27/><G27/><T55/><D116/><U5/><E73/><V44/><F44/><W100/><G100/><T113/><D113/><U102/><E77/><V24/><F83/><W3/><G112/><T34/><D34/><U15/><E15/><V98/><F98/><W85/><G74/><T53/><D51/><U131/><E131/><V82/><F82/><W71/><G71/><T46/><D46/><U4/><REACH who="1" step="1"/><E66/><REACH who="1" ten="284,196,255,255" step="2"/><V110/><F110/><N who="3" m="42027" /><G133/><T78/><D78/><U64/><E64/><V43/><F76/><W36/><G1/><T123/><D123/><U10/><E10/><AGARI ba="0,1" hai="0,3,10,13,17,36,42,45,79,81,85" m="42027" machi="10" ten="30,1000,0" yaku="14,1" doraHai="16" who="3" fromWho="1" sc="284,0,196,-10,255,0,255,20" /><INIT seed="3,0,0,2,3,123" ten="284,186,255,275" oya="3" hai0="111,126,75,104,22,54,92,68,69,125,33,87,47" hai1="7,44,83,119,16,116,128,39,32,1,42,115,21" hai2="95,4,38,70,109,117,132,105,56,113,14,91,35" hai3="108,6,106,78,19,28,55,8,26,129,127,37,124"/><W41/><G106/><T64/><D33/><U65/><E32/><V20/><F56/><W131/><G78/><T25/><D104/><U43/><E115/><V133/><F20/><N who="3" m="15431" /><G55/><T15/><D75/><U72/><E128/><N who="3" m="49226" /><G41/><T85/><D15/><U121/><E121/><V58/><F58/><W102/><G102/><T45/><D54/><U53/><E43/><V5/><F105/><W107/><G107/><T36/><D64/><U31/><E31/><V135/><F113/><W24/><G37/><T89/><D36/><U48/><E65/><V79/><F79/><W73/><G73/><T122/><D122/><U29/><E29/><V90/><F38/><W11/><G108/><T66/><D111/><U93/><E93/><V110/><F110/><W12/><G24/><T52/><D52/><U103/><E103/><V0/><F109/><W61/><G61/><T3/><D66/><U86/><E53/><V10/><F70/><W62/><G62/><T18/><D69/><U100/><E100/><V74/><F74/><W17/><G17/><T112/><D68/><U134/><E48/><V84/><F35/><W76/><G76/><T51/><D112/><U2/><E72/><V59/><F90/><W30/><G30/><T27/><D89/><U77/><E77/><V101/><F101/><W118/><G118/><T9/><D51/><U63/><E119/><V82/><F117/><W46/><G46/><T50/><D47/><U96/><E116/><V120/><F59/><W13/><AGARI ba="0,0" hai="6,8,11,12,13,19,124,127" m="49226,15431" machi="13" ten="30,6000,0" yaku="19,1,34,2" doraHai="123" who="3" fromWho="3" sc="284,-20,186,-20,255,-20,275,60" /><INIT seed="3,1,0,4,0,78" ten="264,166,235,335" oya="3" hai0="26,89,132,4,107,74,124,53,75,6,43,70,5" hai1="54,134,55,113,19,135,24,104,45,125,92,95,16" hai2="2,27,57,96,13,18,56,25,64,82,103,9,38" hai3="117,131,44,41,35,106,108,3,83,128,28,40,86"/><W118/><G3/><T110/><D110/><U58/><E104/><V100/><F38/><W71/><G71/><T7/><D132/><N who="1" m="50731" /><E113/><V62/><F2/><W11/><G106/><T133/><D124/><U68/><E68/><V98/><F57/><W32/><G11/><T129/><D129/><N who="3" m="49737" /><G108/><T50/><D70/><U91/><E125/><V20/><F82/><W77/><G40/><T97/><D43/><U66/><E24/><V61/><F61/><W59/><G59/><T99/><D26/><U80/><E66/><V120/><F120/><W81/><G81/><T22/><D107/><U1/><E1/><V17/><F27/><N who="3" m="18463" /><G35/><T87/><D133/><U46/><E46/><V65/><F65/><W21/><G21/><T88/><D22/><U126/><E126/><V119/><F119/><W122/><G122/><T14/><D14/><U121/><E121/><V52/><F64/><W109/><G109/><T36/><D36/><AGARI ba="1,0" hai="36,41,44,77,83,86,117,118" m="18463,49737" machi="36" ten="30,2900,0" yaku="19,1,52,1" doraHai="78" who="3" fromWho="0" sc="264,-32,166,0,235,0,335,32" /><INIT seed="3,2,0,4,2,63" ten="232,166,235,367" oya="3" hai0="49,21,76,66,80,47,82,126,100,88,133,114,18" hai1="3,28,38,40,55,43,61,1,129,27,132,26,57" hai2="14,105,81,60,124,54,9,48,102,104,107,125,50" hai3="67,116,86,79,20,83,134,98,45,91,95,78,13"/><W56/><G116/><T73/><D133/><U113/><E113/><V19/><F81/><W7/><G134/><T103/><D126/><N who="2" m="48746" /><F102/><W119/><G45/><T36/><D36/><U37/><E132/><V8/><F8/><W71/><G71/><T90/><D114/><U123/><E123/><V87/><F87/><W24/><G119/><T41/><D66/><U23/><E129/><V135/><F135/><W30/><G13/><T69/><D69/><U111/><E111/><V94/><F94/><W77/><G7/><T0/><D0/><U39/><REACH who="1" step="1"/><E27/><REACH who="1" ten="232,156,235,367" step="2"/><V68/><F68/><W29/><G29/><T4/><D4/><U15/><E15/><V10/><F10/><W108/><G108/><T53/><D103/><U52/><E52/><V101/><F54/><W44/><G44/><T46/><D100/><U34/><E34/><V97/><F60/><AGARI ba="2,1" hai="20,24,30,56,60,67,77,78,79,83,86,91,95,98" machi="60" ten="40,3900,0" yaku="8,1,52,1" doraHai="63" who="3" fromWho="2" sc="232,0,156,0,235,-45,367,55" /><INIT seed="3,3,0,0,1,90" ten="232,156,190,422" oya="3" hai0="131,60,75,115,11,19,26,76,116,93,85,103,128" hai1="32,47,83,69,4,42,27,28,62,15,79,22,122" hai2="54,86,119,84,70,64,45,108,87,5,12,68,21" hai3="98,110,41,46,31,132,2,96,82,125,44,101,14"/><W130/><G2/><T49/><D116/><U91/><E122/><V48/><F119/><W17/><G125/><T61/><D115/><U71/><E91/><V16/><F108/><W92/><G110/><T102/><D75/><U120/><E120/><V104/><F104/><W59/><G130/><T18/><D49/><U100/><E100/><V53/><F64/><W63/><G132/><T111/><D111/><U105/><E105/><V51/><REACH who="2" step="1"/><F5/><REACH who="2" ten="232,156,180,422" step="2"/><W77/><G41/><T114/><D131/><U56/><E4/><V80/><F80/><W7/><G7/><T117/><D128/><U124/><E124/><V113/><F113/><W94/><G31/><T1/><D114/><U107/><E107/><V50/><F50/><W97/><G82/><T95/><D117/><U33/><E69/><V112/><F112/><W129/><G129/><T57/><D61/><U29/><E71/><V38/><F38/><W89/><G77/><T127/><D127/><U20/><E83/><V43/><F43/><W73/><G73/><T133/><D60/><U3/><E79/><V109/><F109/><W135/><G135/><T55/><D76/><U34/><E42/><V81/><F81/><W121/><G121/><T36/><D36/><U0/><E29/><V30/><F30/><W9/><G98/><T24/><D133/><U74/><E74/><V72/><F72/><W35/><G35/><T106/><D106/><U13/><E33/><V123/><F123/><W39/><G39/><T78/><D78/><U88/><E32/><V37/><F37/><W65/><AGARI ba="3,1" hai="9,14,17,44,46,59,63,65,89,92,94,96,97,101" machi="65" ten="20,12000,1" yaku="0,1,7,1,8,1,52,2" doraHai="90" who="3" fromWho="3" sc="232,-43,156,-43,180,-43,422,139" /><INIT seed="3,4,0,3,1,47" ten="189,113,137,561" oya="3" hai0="5,119,40,32,71,3,55,28,12,10,124,46,131" hai1="120,23,69,97,27,20,77,34,110,51,94,121,15" hai2="49,74,11,60,130,107,36,93,82,122,116,39,117" hai3="105,123,88,31,44,85,112,38,72,41,0,14,90"/><W73/><G0/><T18/><D119/><U56/><E69/><V30/><F107/><W79/><G105/><T61/><D124/><U81/><E110/><V21/><F130/><W29/><G112/><T80/><D131/><U45/><E56/><V113/><F113/><W129/><G123/><T17/><D32/><U89/><E34/><V78/><F122/><W118/><G118/><T50/><D28/><U67/><E67/><V108/><F108/><W52/><G129/><T100/><D100/><U111/><E15/><V64/><F49/><W95/><G73/><T25/><D25/><U114/><E20/><V48/><F48/><N who="3" m="28679" /><G72/><T133/><D133/><U57/><E57/><V99/><F117/><W70/><G70/><T6/><D80/><U8/><E8/><V68/><F116/><W101/><G38/><T98/><D98/><U22/><E22/><V87/><F74/><W128/><G128/><T9/><REACH who="0" step="1"/><D55/><REACH who="0" ten="179,113,137,561" step="2"/><U59/><E111/><V96/><F96/><N who="3" m="59551" /><G41/><T91/><D91/><N who="3" m="34857" /><G14/><T35/><D35/><U63/><E114/><V62/><F99/><W106/><G106/><T26/><D26/><U1/><E120/><V7/><F82/><AGARI ba="4,1" hai="29,31,79,82,85" m="34857,59551,28679" machi="82" ten="30,11600,0" yaku="8,1,52,1,54,2" doraHai="47" who="3" fromWho="2" sc="179,0,113,0,137,-128,561,138" /><INIT seed="3,5,0,5,4,59" ten="179,113,9,699" oya="3" hai0="5,113,115,104,82,55,19,79,134,1,120,133,87" hai1="116,74,56,32,33,20,41,97,44,14,112,29,21" hai2="25,2,106,13,129,31,49,52,89,72,58,9,85" hai3="125,114,45,121,35,99,107,110,93,57,131,80,28"/><W91/><G121/><T77/><D104/><U111/><E74/><V122/><F106/><W101/><G114/><N who="0" m="43531" /><D120/><U73/><E73/><V18/><F72/><W38/><G125/><T39/><D79/><U98/><E112/><V108/><F122/><W84/><G131/><T69/><D19/><U81/><E81/><V83/><F108/><W75/><G110/><T63/><D39/><U12/><E56/><V132/><F129/><W135/><G135/><N who="0" m="51723" /><D55/><U102/><E29/><V26/><F132/><W37/><G45/><T68/><D63/><U103/><E44/><V46/><F2/><W3/><G57/><T7/><D1/><U117/><E111/><V8/><F31/><W23/><G3/><T15/><D15/><U54/><E41/><V10/><F58/><W109/><G109/><T24/><D24/><AGARI ba="5,0" hai="8,9,10,13,18,24,25,26,46,49,52,83,85,89" machi="24" ten="40,8000,1" yaku="25,2,8,1,54,1" doraHai="59" who="2" fromWho="0" sc="179,-95,113,0,9,95,699,0" /><INIT seed="4,0,0,2,1,38" ten="84,113,104,699" oya="0" hai0="4,131,0,22,112,7,71,92,33,90,13,30,80" hai1="9,51,106,16,11,15,126,128,46,68,98,124,89" hai2="119,132,118,84,61,115,105,116,45,35,18,28,24" hai3="77,53,40,129,69,67,25,107,66,60,88,8,108"/><T55/><D112/><U96/><E68/><V102/><F132/><W91/><G107/><T133/><D131/><U79/><E79/><V50/><F61/><W42/><G108/><T94/><D133/><U21/><E128/><V121/><F121/><W117/><G77/><T81/><D33/><U100/><E98/><N who="2" m="61655" /><F115/><W32/><G129/><T37/><D37/><U135/><E89/><V73/><F84/><W122/><G117/><T36/><D36/><U109/><E109/><V54/><F18/><W23/><G8/><T62/><D94/><U114/><E114/><V74/><AGARI ba="0,0" hai="24,28,35,45,50,54,73,74,116,118,119" m="61655" machi="74" ten="40,1500,0" yaku="12,1" doraHai="38" who="2" fromWho="2" sc="84,-7,113,-4,104,15,699,-4" /><INIT seed="5,0,0,5,5,93" ten="77,109,119,695" oya="1" hai0="0,131,21,135,78,113,128,61,24,86,44,89,64" hai1="112,101,97,84,12,67,117,23,81,2,91,40,104" hai2="19,119,35,20,79,83,98,8,99,129,108,132,126" hai3="127,33,9,95,100,51,7,105,1,39,88,74,75"/><U80/><E2/><V77/><F108/><W65/><G39/><T69/><D113/><U71/><E117/><V118/><F119/><W4/><G33/><T72/><D0/><U92/><E112/><V130/><F118/><W5/><G127/><T28/><D135/><U3/><E3/><V16/><F126/><W76/><G65/><T70/><D70/><U41/><E67/><V25/><F35/><W107/><G51/><T122/><D122/><U11/><E71/><V6/><F19/><W22/><G22/><T37/><D78/><N who="2" m="29706" /><F83/><N who="3" m="45463" /><G107/><T32/><D72/><U109/><E23/><V46/><F46/><W123/><G75/><T94/><REACH who="0" step="1"/><D32/><REACH who="0" ten="67,109,119,695" step="2"/><U47/><E109/><V26/><F132/><W90/><G123/><T36/><D36/><U133/><E133/><V111/><F111/><W102/><G90/><T96/><D96/><U18/><REACH who="1" step="1"/><E41/><AGARI ba="0,1" hai="21,24,28,37,41,44,61,64,69,86,89,94,128,131" machi="41" ten="40,1300,0" yaku="1,1,53,0" doraHai="93" doraHaiUra="73" who="0" fromWho="1" sc="67,23,109,-13,119,0,695,0" /><INIT seed="6,0,0,0,3,18" ten="90,96,119,695" oya="2" hai0="114,128,83,92,119,111,74,107,15,16,23,4,47" hai1="65,98,35,63,10,46,26,51,39,67,79,54,124" hai2="89,7,33,6,123,3,56,13,88,100,116,106,48" hai3="126,120,0,86,133,69,60,59,28,22,61,75,58"/><V70/><F116/><W9/><G75/><T19/><D111/><U135/><E135/><V29/><F70/><W109/><G69/><T12/><D107/><U73/><E124/><V68/><F68/><W78/><G109/><T11/><D119/><U76/><E39/><V127/><F123/><W121/><G126/><T1/><D114/><U66/><E73/><V82/><F3/><W62/><G133/><T131/><D92/><U24/><E35/><V130/><F130/><N who="0" m="49706" /><D47/><U129/><E129/><V91/><F82/><W105/><G61/><T95/><D95/><U132/><E132/><V81/><F81/><W103/><G9/><N who="0" m="6255" /><D83/><U53/><E98/><V96/><F127/><W43/><G28/><T84/><D84/><U27/><E10/><V99/><F99/><W52/><G0/><T87/><D87/><U41/><REACH who="1" step="1"/><E63/><REACH who="1" ten="90,86,119,695" step="2"/><V31/><F33/><W122/><G62/><T110/><D110/><U20/><E20/><V108/><F108/><W90/><G22/><N who="0" m="11623" /><D74/><U94/><E94/><V102/><F106/><W8/><G59/><T21/><AGARI ba="0,1" hai="1,4,11,21,23" m="11623,6255,49706" machi="21" ten="30,12000,2" yaku="19,1,34,2,52,3,54,1" doraHai="18" who="0" fromWho="0" sc="90,130,86,-30,119,-60,695,-30" /><INIT seed="7,0,0,0,5,130" ten="220,56,59,665" oya="3" hai0="80,52,121,10,90,68,14,61,3,50,100,5,73" hai1="94,131,75,27,46,44,43,123,0,128,49,2,55" hai2="85,36,99,58,91,23,54,114,79,133,127,64,107" hai3="132,81,102,118,48,31,92,60,86,21,77,37,98"/><W47/><G132/><T76/><D121/><U125/><E75/><V39/><F79/><W40/><G118/><T66/><D100/><U109/><E123/><V84/><F64/><W7/><G7/><T41/><D41/><U101/><E109/><V67/><F67/><W83/><G83/><T57/><REACH who="0" step="1"/><D90/><REACH who="0" ten="210,56,59,665" step="2"/><U96/><E125/><V71/><F127/><W63/><G37/><T112/><D112/><U120/><E120/><V11/><F91/><W56/><G56/><T70/><D70/><U115/><E115/><V65/><F71/><W42/><G42/><T134/><D134/><U9/><E27/><AGARI ba="0,1" hai="21,27,31,40,47,48,60,63,77,81,86,92,98,102" machi="27" ten="40,2000,0" yaku="8,1" doraHai="130" who="3" fromWho="1" sc="210,0,56,-20,59,0,665,30" owari="210,1.0,36,-46.0,59,-34.0,695,79.0" /></mjloggm>