<mjloggm ver="2.3"><GO type="169" lobby="0"/><UN n0="%E3%82%A6%E3%83%AB%E3%83%88%E3%83%A9%E7%AB%8B%E7%9B%B4" n1="%67%61%72%75%63%69%61" n2="%7A%68%6B%64%73%68%67%79" n3="%E3%81%8D%E3%81%BE%E3%81%99" dan="17,16,17,17" rate="2165.49,2131.96,2172.26,2186.54" sx="M,M,F,M"/><TAIKYOKU oya="0"/><INIT seed="0,0,0,1,3,19" ten="250,250,250,250" oya="0" hai0="44,67,131,101,90,127,54,125,74,95,42,132,8" hai1="61,46,4,37,104,98,69,105,31,118,53,103,73" hai2="18,76,12,124,86,72,134,92,89,1,24,71,112" hai3="2,5,11,47,111,14,87,117,25,122,88,83,70"/><T84/><D74/><U114/><E118/><V13/><F112/><W41/><G70/><T130/><D67/><U51/><E73/><V109/><F1/><W64/><G117/><T94/><D54/><U80/><E4/><V43/><F71/><W49/><G64/><T68/><D8/><U96/><E114/><V6/><F109/><W23/><G111/><T119/><D68/><U45/><E80/><V40/><F134/><W66/><G66/><T60/><D60/><U48/><E69/><V115/><F115/><W135/><G135/><T7/><D7/><U20/><E37/><V35/><F124/><N who="0" m="47690" /><D119/><U75/><E75/><V59/><F6/><W55/><G122/><T15/><D15/><U29/><E61/><V56/><F13/><W9/><G9/><T32/><D32/><U39/><E39/><V123/><F123/><W78/><G2/><T52/><D132/><U113/><E113/><V36/><F35/><W97/><G55/><T58/><D58/><U128/><E128/><N who="0" m="49193" /><D52/><U116/><E116/><V17/><F59/><W3/><G3/><T91/><D101/><U34/><E34/><V79/><F56/><W21/><G25/><T30/><D30/><U100/><E53/><V81/><F24/><W99/><G99/><N who="0" m="57815" /><D44/><U110/><E110/><V65/><F65/><W129/><G129/><T0/><D42/><N who="2" m="15914" /><F36/><W33/><G33/><T63/><D63/><U16/><E16/><N who="2" m="6251" /><F12/><W93/><AGARI ba="0,0" hai="5,11,14,21,23,41,47,49,78,83,87,88,93,97" machi="93" ten="30,12000,2" yaku="0,1,25,2,8,1,52,2,54,1" doraHai="19" who="3" fromWho="3" sc="250,-60,250,-30,250,-30,250,120" /><INIT seed="1,0,0,3,2,83" ten="190,220,220,370" oya="1" hai0="47,48,87,63,120,41,118,32,100,26,109,56,35" hai1="85,29,90,53,102,75,16,13,4,51,107,119,66" hai2="105,127,36,14,39,34,61,129,20,123,31,111,7" hai3="116,67,28,0,24,84,92,95,23,54,86,1,131"/><U128/><E75/><V5/><F123/><W104/><G67/><T80/><D118/><U40/><E119/><V62/><F105/><W124/><G104/><T70/><D109/><U18/><E128/><V106/><F106/><W115/><G131/><T11/><D120/><U81/><E40/><V125/><F129/><W96/><G115/><T121/><D121/><U33/><E66/><V69/><F34/><W134/><G116/><T57/><D100/><U50/><E33/><V93/><F93/><W77/><G134/><T76/><D70/><U12/><E29/><V60/><F69/><W6/><G124/><N who="2" m="47689" /><F111/><W132/><G95/><T44/><D26/><U58/><E4/><N who="2" m="1611" /><F14/><N who="1" m="5737" /><E107/><V126/><N who="2" m="47697" /><V9/><DORA hai="27" /><F9/><W82/><G132/><T110/><D110/><U101/><E51/><V98/><F98/><W88/><G1/><T45/><D11/><U43/><E43/><V19/><F19/><AGARI ba="0,0" hai="16,18,19,50,53,58,81,85,90,101,102" m="5737" machi="19" ten="30,5800,0" yaku="8,1,52,1,54,1" doraHai="83,27" who="1" fromWho="2" sc="190,0,220,58,220,-58,370,0" /><INIT seed="1,1,0,4,4,82" ten="190,278,162,370" oya="1" hai0="55,56,91,58,23,129,28,66,107,57,71,50,52" hai1="135,83,33,30,24,89,51,73,68,128,26,0,81" hai2="76,110,65,2,112,53,124,127,15,64,18,9,116" hai3="38,60,74,42,93,122,1,106,85,41,59,43,92"/><U111/><E128/><V7/><F116/><W86/><G106/><T36/><D107/><U4/><E68/><V48/><F110/><W88/><G38/><T37/><D91/><U79/><E135/><V87/><F112/><W78/><G1/><T3/><D23/><U32/><E111/><V54/><F54/><N who="3" m="33911" /><G74/><T118/><D28/><U21/><E0/><V16/><F18/><W25/><G122/><T29/><D29/><U108/><E108/><V67/><F76/><W105/><G105/><T117/><D3/><U44/><E4/><V134/><F134/><W96/><G25/><T47/><D129/><U94/><E83/><V126/><F87/><N who="3" m="33291" /><G93/><T46/><D117/><U45/><E26/><V125/><N who="2" m="31744" /><DORA hai="31" /><V11/><REACH who="2" step="1"/><F67/><REACH who="2" ten="190,278,152,370" step="2"/><W61/><G61/><N who="0" m="40399" /><D118/><U27/><E27/><V35/><F35/><W69/><G69/><T34/><D34/><U101/><E33/><V8/><F8/><W90/><G78/><T131/><D131/><U63/><E63/><V70/><F70/><W84/><G84/><T40/><D55/><U109/><E32/><V102/><F102/><AGARI ba="1,1" hai="41,42,43,88,90,92,96,102" m="33291,33911" machi="102" ten="30,8000,1" yaku="8,1,52,3,54,1" doraHai="82,31" who="3" fromWho="2" sc="190,0,278,0,152,-83,370,93" /><INIT seed="2,0,0,3,1,26" ten="190,278,69,463" oya="2" hai0="33,47,12,58,42,100,48,22,114,115,24,0,44" hai1="122,108,18,99,32,97,75,13,103,129,102,120,23" hai2="46,52,83,118,6,132,66,15,28,72,134,105,87" hai3="126,50,62,39,21,53,40,37,9,95,78,124,86"/><V106/><F72/><W17/><G78/><T27/><D0/><U123/><E75/><V29/><F118/><W16/><G86/><T110/><D110/><U20/><E32/><V56/><F66/><W91/><G9/><T128/><D128/><U82/><E108/><V65/><F65/><W94/><G62/><T89/><D100/><N who="1" m="38443" /><E129/><V113/><F46/><W43/><G91/><T85/><D58/><U34/><E34/><V19/><F6/><W68/><G68/><T117/><D117/><U109/><E109/><V8/><F113/><W104/><G104/><T79/><D79/><U54/><E82/><V7/><F7/><W121/><G121/><T96/><D96/><N who="1" m="36939" /><E54/><V36/><F36/><W45/><G53/><T14/><D114/><U69/><E69/><V41/><F41/><W57/><G45/><T73/><D47/><U70/><E70/><V116/><F116/><W133/><G57/><T67/><D67/><U30/><E23/><V131/><F131/><W5/><G21/><T71/><D71/><U61/><E61/><N who="2" m="35975" /><F105/><W74/><G74/><T77/><D115/><U135/><E135/><N who="2" m="51755" /><F106/><W107/><G133/><T130/><D130/><U76/><E76/><AGARI ba="0,0" hai="8,15,19,28,29,76,83,87" m="51755,35975" machi="76" ten="30,11600,0" yaku="20,1,52,2,54,1" doraHai="26" who="2" fromWho="1" sc="190,0,278,-116,69,116,463,0" /><INIT seed="2,1,0,2,5,52" ten="190,162,185,463" oya="2" hai0="113,69,53,22,20,71,58,43,19,66,135,121,42" hai1="130,51,55,25,73,74,126,89,21,132,86,62,119" hai2="49,75,40,101,110,109,91,45,95,1,80,14,98" hai3="7,34,12,11,104,79,32,8,9,111,48,44,10"/><V81/><F1/><W118/><G104/><T128/><D121/><U47/><E119/><V30/><F30/><W83/><G118/><T17/><D113/><U2/><E2/><V123/><F123/><W50/><G111/><N who="2" m="42505" /><F75/><W65/><G65/><T64/><D53/><U92/><E126/><V26/><F14/><W24/><G24/><T23/><D128/><U68/><E130/><V78/><F26/><W18/><G18/><T100/><D100/><U59/><E68/><V4/><F4/><W108/><G50/><T85/><D85/><U27/><E132/><V134/><F134/><W93/><G93/><T116/><D23/><U70/><E70/><V125/><F125/><W56/><G108/><T77/><D135/><U99/><E27/><V84/><F78/><W117/><G117/><T39/><D116/><U94/><E74/><V106/><AGARI ba="1,0" hai="40,45,49,80,81,84,91,95,98,101,106" m="42505" machi="106" ten="30,3000,0" yaku="14,1,10,1" doraHai="52" who="2" fromWho="2" sc="190,-11,162,-11,185,33,463,-11" /><INIT seed="2,2,0,4,1,72" ten="179,151,218,452" oya="2" hai0="117,23,15,126,91,81,131,113,30,65,40,39,42" hai1="20,89,95,50,88,3,33,16,60,75,132,19,26" hai2="54,12,32,24,96,105,90,2,49,124,57,17,125" hai3="9,130,87,107,28,134,46,79,58,119,7,80,110"/><V116/><F2/><W92/><G107/><T83/><D113/><U62/><E3/><V14/><F116/><W29/><G110/><T55/><D126/><N who="2" m="48746" /><F105/><W21/><G130/><T47/><D131/><U67/><E33/><V37/><F37/><W78/><G119/><T48/><D117/><U8/><E75/><V64/><F64/><W76/><G92/><T68/><D42/><U111/><E111/><V52/><F54/><W61/><G46/><T44/><D65/><U94/><E132/><V4/><F4/><W45/><G45/><T63/><D63/><U11/><E50/><V121/><F121/><W41/><G41/><T69/><D68/><U10/><E19/><V97/><F90/><N who="1" m="34921" /><E67/><V135/><F135/><W77/><G134/><T101/><D69/><U99/><E95/><V56/><F56/><W84/><G21/><T118/><D118/><U120/><E120/><V5/><F5/><W66/><REACH who="3" step="1"/><G84/><REACH who="3" ten="179,151,218,442" step="2"/><T36/><D23/><U38/><E38/><V123/><F123/><W53/><G53/><T18/><D55/><U100/><AGARI ba="2,1" hai="8,10,11,16,20,26,60,62,94,99,100" m="34921" machi="100" ten="30,4000,0" yaku="8,1,54,2" doraHai="72" who="1" fromWho="1" sc="179,-12,151,56,218,-22,442,-12" /><INIT seed="3,0,0,3,2,92" ten="167,207,196,430" oya="3" hai0="68,21,4,18,8,108,34,85,109,36,44,112,81" hai1="16,72,110,87,104,135,120,101,19,86,94,55,83" hai2="49,17,119,11,102,48,70,114,35,60,37,117,133" hai3="54,1,58,130,26,10,79,88,3,126,107,113,65"/><W75/><G113/><T20/><D68/><U41/><E110/><V0/><F35/><W91/><G126/><T116/><D116/><U61/><E120/><V38/><F0/><W14/><G130/><T27/><D112/><U32/><E32/><V121/><F17/><W25/><G107/><T24/><D34/><U47/><E72/><V53/><F11/><W45/><G79/><T115/><D115/><U118/><E104/><V127/><F114/><W31/><G75/><T73/><D73/><U98/><E118/><V78/><F78/><W99/><G3/><T105/><D105/><U46/><E87/><V9/><F9/><W96/><G1/><T67/><D67/><U125/><E125/><V28/><F28/><W13/><G65/><T80/><D36/><U129/><E129/><V30/><F30/><W7/><G45/><N who="1" m="16906" /><E41/><V134/><F127/><W6/><G31/><T103/><D44/><U97/><E97/><N who="3" m="37450" /><G13/><T43/><D109/><U23/><E23/><V89/><F121/><W33/><G33/><T74/><D21/><U62/><E135/><V93/><F70/><W52/><G6/><T123/><D20/><U106/><E106/><V2/><F2/><W42/><G42/><T128/><D43/><U15/><E55/><N who="3" m="21034" /><G58/><T122/><D128/><U39/><E39/><V63/><F53/><W90/><AGARI ba="0,0" hai="7,10,14,25,26,88,90,91" m="21034,37450" machi="90" ten="30,18000,2" yaku="8,1,52,3,54,2" doraHai="92" who="3" fromWho="3" sc="167,-60,207,-60,196,-60,430,180" /><INIT seed="3,1,0,2,2,30" ten="107,147,136,610" oya="3" hai0="38,48,91,111,37,61,49,60,133,132,52,73,128" hai1="118,56,11,58,103,109,122,67,124,27,8,40,126" hai2="12,63,92,14,106,121,25,93,104,123,50,83,112" hai3="69,96,9,117,114,125,66,62,31,97,71,119,90"/><W79/><G114/><T116/><D73/><U6/><E122/><V98/><F112/><W42/><G79/><T3/><D3/><U18/><E109/><V1/><F1/><W110/><G71/><T57/><D91/><U82/><E118/><V54/><F83/><W45/><G125/><T41/><D116/><U32/><E40/><V15/><F63/><N who="0" m="24138" /><D111/><U23/><E67/><V68/><F68/><W46/><G110/><T88/><D88/><U108/><E108/><V101/><F25/><W53/><G31/><T70/><D70/><U0/><E103/><V107/><REACH who="2" step="1"/><F93/><REACH who="2" ten="107,147,126,610" step="2"/><W19/><G117/><T105/><D105/><U55/><E82/><V135/><F135/><N who="0" m="51786" /><D128/><U113/><E113/><V65/><F65/><W84/><G119/><T129/><D129/><U24/><E126/><V59/><AGARI ba="1,1" hai="12,14,15,50,54,59,92,98,101,104,106,107,121,123" machi="59" ten="40,2700,0" yaku="1,1,0,1,53,0" doraHai="30" doraHaiUra="78" who="2" fromWho="2" sc="107,-8,147,-8,126,40,610,-14" /><INIT seed="4,0,0,0,4,52" ten="99,139,166,596" oya="0" hai0="43,110,35,99,3,84,106,4,93,71,129,116,86" hai1="29,6,19,31,70,1,27,127,32,56,122,125,13" hai2="20,76,66,95,131,18,79,68,50,124,111,0,100" hai3="58,87,28,65,36,44,126,53,17,57,107,118,88"/><T74/><D43/><U61/><E70/><V101/><F111/><W114/><G107/><T98/><D4/><U115/><E122/><V80/><F0/><W25/><G114/><T78/><D35/><U105/><E105/><V63/><F131/><W132/><G126/><N who="1" m="48138" /><E31/><V109/><F124/><W62/><G132/><T37/><D71/><U75/><E75/><V59/><F109/><W49/><G118/><T40/><D3/><U41/><E41/><V117/><F117/><W108/><G36/><T94/><D40/><U14/><E115/><V26/><F95/><N who="0" m="36362" /><D37/><U120/><E120/><V113/><F113/><W102/><G108/><T97/><D116/><U16/><E1/><V21/><F79/><W46/><G102/><N who="0" m="62799" /><D110/><U9/><E13/><V22/><F21/><N who="3" m="13487" /><G28/><T82/><D129/><U11/><E11/><V15/><F68/><W30/><G30/><T23/><D23/><U60/><E60/><V104/><F104/><W81/><AGARI ba="0,0" hai="44,46,49,53,57,58,62,65,81,87,88" m="13487" machi="81" ten="30,7900,0" yaku="8,1,52,2,54,1" doraHai="52" who="3" fromWho="3" sc="99,-39,139,-20,166,-20,596,79" /><INIT seed="5,0,0,0,3,47" ten="60,119,146,675" oya="1" hai0="57,128,79,99,38,126,39,97,111,124,23,16,100" hai1="41,82,37,83,66,10,123,135,133,11,9,45,98" hai2="107,72,75,131,73,101,4,74,61,12,1,88,117" hai3="104,64,17,80,14,42,13,32,96,33,132,7,85"/><U110/><E123/><V115/><F117/><W102/><G64/><T24/><D111/><U30/><E110/><V50/><F1/><W129/><G132/><N who="1" m="50762" /><E66/><V53/><F131/><W68/><G68/><T90/><D128/><U43/><E43/><V63/><F74/><W76/><G129/><T44/><D79/><U58/><E58/><V114/><F88/><W54/><G42/><T84/><D57/><U2/><E2/><V87/><F87/><W118/><G118/><T62/><D62/><U18/><E30/><V65/><F107/><W21/><REACH who="3" step="1"/><G54/><REACH who="3" ten="60,119,146,665" step="2"/><T8/><D126/><U0/><E0/><V71/><F65/><W105/><G105/><T28/><D124/><U36/><E36/><V125/><F71/><W91/><G91/><T48/><D39/><U60/><E60/><V59/><F125/><W119/><G119/><T19/><D38/><U31/><E31/><V49/><F63/><W15/><G15/><N who="0" m="7271" /><D28/><U130/><E130/><V40/><F40/><W56/><G56/><T86/><D100/><U108/><E108/><V26/><F101/><W78/><G78/><T67/><D67/><U51/><E37/><V134/><F61/><W113/><G113/><T127/><D127/><U6/><E6/><V93/><F114/><W120/><G120/><T122/><D122/><U55/><E41/><V121/><F115/><W92/><G92/><N who="0" m="56471" /><D99/><U46/><E18/><V89/><F121/><W106/><G106/><T35/><D35/><U27/><E98/><V5/><F93/><W95/><G95/><T29/><D29/><U81/><E27/><V22/><F26/><RYUUKYOKU ba="0,1" sc="60,10,119,10,146,-30,665,10" hai0="19,23,24,44,48,84,86" hai1="9,10,11,45,46,51,55,81,82,83" hai3="7,13,14,17,21,32,33,76,80,85,96,102,104" /><INIT seed="5,1,1,0,2,118" ten="70,129,116,675" oya="1" hai0="84,86,62,114,53,14,119,72,124,23,87,67,50" hai1="3,97,98,59,40,113,117,83,121,79,125,0,33" hai2="38,115,24,17,85,104,60,76,81,11,66,12,77" hai3="46,10,5,56,68,47,80,100,57,120,132,65,52"/><U102/><E117/><V21/><F104/><W49/><G120/><T95/><D72/><U36/><E33/><V31/><F38/><W89/><G100/><T29/><D119/><U15/><E121/><V20/><F115/><W126/><G68/><T6/><D114/><U134/><E113/><V16/><F77/><W27/><G126/><T54/><D124/><U129/><E125/><V1/><F1/><W7/><G132/><T71/><D95/><U99/><E134/><V133/><F133/><W35/><G27/><T103/><D103/><U122/><E122/><V44/><F44/><N who="3" m="16939" /><G10/><T2/><D2/><U61/><E36/><V9/><REACH who="2" step="1"/><F31/><REACH who="2" ten="70,129,106,675" step="2"/><W75/><G75/><T128/><D29/><U37/><E0/><V41/><F41/><W19/><G35/><T58/><D128/><U4/><E3/><V51/><F51/><W108/><G49/><T69/><D54/><N who="1" m="34039" /><E129/><V101/><F101/><W106/><G106/><T25/><D53/><U8/><E37/><V48/><F48/><W82/><G108/><T13/><D50/><U123/><E123/><V127/><F127/><W90/><G65/><T26/><D69/><AGARI ba="1,2" hai="9,11,12,16,17,20,21,24,60,66,69,76,81,85" machi="69" ten="30,7700,0" yaku="1,1,7,1,54,1,53,1" doraHai="118" doraHaiUra="73" who="2" fromWho="0" sc="70,-80,129,0,106,100,675,0" owari="-10,-51.0,129,-27.0,206,1.0,675,77.0" /></mjloggm>