<mjloggm ver="2.3"><GO type="169" lobby="0"/><UN n0="%E6%94%BE%E9%8A%83%E7%8E%8B%EF%BC%94" n1="%E3%83%8D%E3%83%B2%E3%81%92%E3%82%8D%E3%81%A3%E3%83%94" n2="%43%61%6C%6B%61%6E" n3="%E5%B0%B1%E6%B4%BB%E7%94%9F%40%E5%B7%9D%E6%9D%91%E8%BB%8D%E5%9B%A3" dan="16,16,16,17" rate="2111.23,2074.74,2015.31,2147.39" sx="M,M,M,M"/><TAIKYOKU oya="0"/><INIT seed="0,0,0,3,3,35" ten="250,250,250,250" oya="0" hai0="36,0,109,26,87,77,113,5,85,2,107,91,21" hai1="16,78,117,102,76,13,38,122,71,124,15,47,56" hai2="40,129,121,45,86,79,29,30,17,83,112,23,118" hai3="52,134,116,31,69,27,73,106,80,100,72,19,130"/><T82/><D113/><U9/><E71/><V48/><F112/><W96/><G116/><T90/><D107/><U20/><E122/><V57/><F121/><W8/><G69/><T108/><D36/><U68/><E68/><V37/><F118/><W114/><G114/><T18/><D77/><U125/><E117/><V94/><F129/><W51/><G130/><T54/><D54/><U60/><E102/><V6/><F6/><W75/><G134/><T84/><D84/><U58/><E47/><V12/><F37/><W1/><G80/><T89/><D89/><U43/><E43/><V53/><REACH who="2" step="1"/><F94/><REACH who="2" ten="250,250,240,250" step="2"/><W4/><G19/><T101/><D5/><N who="1" m="3247" /><E38/><V46/><F46/><W41/><G41/><T132/><D132/><U50/><E125/><V98/><F98/><W103/><G96/><T97/><D97/><U135/><E124/><V99/><F99/><W131/><G106/><T70/><D101/><U59/><E135/><V88/><F88/><W3/><G131/><T74/><D74/><U110/><E76/><V22/><F22/><W61/><G3/><T115/><D115/><U64/><E78/><V10/><F10/><W42/><G42/><T25/><D0/><U34/><E20/><V62/><AGARI ba="0,1" hai="12,17,23,29,30,40,45,48,53,57,62,79,83,86" machi="62" ten="20,5200,0" yaku="1,1,0,1,7,1,8,1,53,0" doraHai="35" doraHaiUra="126" who="2" fromWho="2" sc="250,-26,250,-13,240,62,250,-13" /><INIT seed="1,0,0,3,4,16" ten="224,237,302,237" oya="1" hai0="55,53,82,76,102,28,94,109,67,113,15,86,89" hai1="7,11,80,99,52,116,9,96,12,114,127,77,123" hai2="131,2,66,78,90,30,20,29,92,95,68,39,49" hai3="79,48,101,38,32,51,58,87,72,22,130,57,47"/><U46/><E123/><V18/><F39/><W63/><G32/><T97/><D113/><U43/><E116/><V119/><F119/><W33/><G33/><T105/><D109/><U27/><E127/><V124/><F2/><W112/><G72/><T65/><D28/><U134/><E134/><V35/><F124/><W4/><G38/><T88/><D15/><U10/><E114/><V85/><F35/><W40/><G130/><T81/><D89/><U56/><E27/><V104/><F104/><W70/><G112/><T41/><D41/><U106/><E10/><V108/><F108/><W31/><G101/><T5/><D5/><U129/><E9/><V74/><F131/><W133/><G133/><T44/><D44/><U69/><E69/><V75/><F49/><W125/><G4/><T45/><D45/><U62/><E106/><V120/><F120/><W128/><G128/><T60/><D67/><U121/><E121/><V17/><F66/><W107/><G107/><T1/><D1/><U3/><E3/><V100/><F78/><W110/><G110/><T6/><D6/><U64/><E64/><V111/><F111/><W23/><G31/><T84/><REACH who="0" step="1"/><D105/><REACH who="0" ten="214,237,302,237" step="2"/><U36/><REACH who="1" step="1"/><E129/><REACH who="1" ten="214,227,302,237" step="2"/><V26/><F68/><AGARI ba="0,2" hai="53,55,60,65,68,76,81,82,84,86,88,94,97,102" machi="68" ten="30,7700,0" yaku="1,1,2,1,7,1,54,1,53,0" doraHai="16" doraHaiUra="115" who="0" fromWho="2" sc="214,97,227,0,302,-77,237,0" /><INIT seed="2,0,0,3,5,68" ten="311,227,225,237" oya="2" hai0="124,18,107,104,41,113,21,109,67,122,30,57,97" hai1="0,43,76,132,11,125,91,77,58,16,19,133,9" hai2="84,53,88,121,101,3,96,20,75,123,50,29,31" hai3="130,33,103,118,40,82,24,98,94,102,114,38,66"/><V7/><F75/><W78/><G118/><T23/><D113/><U110/><E110/><V63/><F63/><W131/><G66/><T8/><D122/><U12/><E43/><V42/><F42/><W112/><G24/><T120/><D120/><U73/><E125/><V69/><F69/><W46/><G33/><T37/><D109/><U2/><E58/><V55/><F3/><N who="1" m="1065" /><E91/><V51/><F7/><W1/><G1/><T22/><D30/><N who="2" m="11274" /><F121/><W106/><G94/><T72/><D107/><U15/><E73/><V108/><F123/><W28/><G28/><T54/><D41/><U89/><E89/><V100/><F108/><W115/><REACH who="3" step="1"/><G102/><REACH who="3" ten="311,227,225,227" step="2"/><T129/><D67/><U36/><E15/><V71/><F71/><W6/><G6/><T5/><D5/><U61/><E12/><V116/><F116/><W13/><G13/><T44/><D18/><U74/><E19/><V86/><F101/><W135/><G135/><T48/><D97/><U56/><E16/><V119/><F119/><W25/><G25/><T83/><D83/><U80/><E80/><V60/><F100/><W39/><G39/><T65/><D37/><U49/><E36/><V99/><F20/><W128/><G128/><T4/><D65/><U95/><E133/><V93/><F99/><W10/><G10/><T59/><D8/><U70/><E9/><V127/><F96/><W111/><G111/><T105/><D4/><U52/><E11/><V47/><F93/><W34/><G34/><T79/><D21/><U27/><E95/><V92/><F92/><W17/><G17/><T64/><D22/><RYUUKYOKU ba="0,1" sc="311,-10,227,-10,225,-10,227,30" hai3="38,40,46,78,82,98,103,106,112,114,115,130,131" /><INIT seed="3,1,1,1,4,124" ten="301,217,215,257" oya="3" hai0="46,116,47,90,39,76,115,128,11,92,53,0,35" hai1="100,131,123,30,83,7,58,25,77,33,66,119,22" hai2="64,89,59,17,75,130,23,81,21,12,38,32,91" hai3="78,126,93,103,14,107,112,134,29,26,120,51,37"/><W73/><G37/><T71/><D116/><U86/><E123/><V117/><F32/><W61/><G120/><T24/><D71/><U127/><E127/><V97/><F38/><W121/><G121/><T133/><D76/><U6/><E119/><V85/><F117/><W109/><G126/><T1/><D133/><U45/><E45/><V113/><F75/><W9/><G107/><T44/><D115/><U49/><E131/><V56/><F130/><W10/><G112/><T48/><D128/><U42/><E42/><V69/><F113/><W129/><G129/><T96/><D11/><U19/><E100/><V13/><F69/><W43/><G134/><T99/><D99/><U60/><REACH who="1" step="1"/><E49/><REACH who="1" ten="301,207,215,257" step="2"/><V87/><F97/><W88/><G103/><T70/><D44/><U101/><E101/><V2/><F2/><W122/><G122/><T74/><D46/><U114/><E114/><V118/><F118/><W62/><G51/><T52/><D0/><U55/><E55/><V41/><F41/><W108/><G43/><T84/><D1/><U98/><E98/><V102/><F102/><W132/><G132/><T79/><D39/><U31/><E31/><V36/><F36/><W63/><G108/><T82/><D53/><U80/><E80/><N who="2" m="49319" /><F64/><W106/><G109/><T28/><REACH who="0" step="1"/><D70/><REACH who="0" ten="291,207,215,257" step="2"/><U4/><E4/><V57/><F17/><W20/><G29/><T8/><D8/><U104/><E104/><V50/><F50/><W135/><G106/><T54/><D54/><U40/><E40/><V67/><F67/><W111/><G10/><T125/><D125/><U15/><AGARI ba="1,3" hai="6,7,15,19,22,25,30,33,58,60,66,77,83,86" machi="15" ten="20,5200,0" yaku="1,1,5,1,0,1,7,1,53,0" doraHai="124" doraHaiUra="68" who="1" fromWho="1" sc="291,-14,207,85,215,-14,257,-27" /><INIT seed="4,0,0,5,3,67" ten="277,292,201,230" oya="0" hai0="130,73,57,12,41,113,107,32,43,70,20,82,121" hai1="76,14,64,96,58,116,84,135,129,117,11,59,46" hai2="21,13,85,80,36,31,62,101,37,60,131,15,22" hai3="50,74,104,55,35,38,97,51,4,1,110,71,8"/><T23/><D121/><U124/><E124/><V49/><F101/><W63/><G110/><T7/><D32/><U69/><E135/><V99/><F99/><W68/><G51/><T126/><D107/><U34/><E34/><V91/><F131/><W134/><G134/><T132/><D130/><U89/><E129/><V83/><F49/><W88/><G74/><T92/><D126/><U2/><E2/><V66/><F31/><W78/><G78/><T27/><D70/><U115/><E115/><V54/><F66/><W47/><G35/><T9/><D113/><U19/><E69/><V52/><F85/><W48/><G38/><T61/><D132/><U127/><E127/><V122/><REACH who="2" step="1"/><F91/><REACH who="2" ten="277,292,191,230" step="2"/><W53/><G63/><T16/><D43/><U17/><E96/><V105/><F105/><W98/><G98/><T56/><D41/><U65/><E89/><V111/><F111/><W24/><G104/><T44/><D61/><U103/><E103/><V114/><F114/><W3/><G97/><T40/><D40/><U28/><E28/><V119/><F119/><W87/><G87/><T42/><D42/><U77/><E84/><V39/><F39/><W79/><G79/><T109/><D109/><U100/><E100/><V6/><F6/><W45/><G88/><T118/><D7/><U33/><E76/><V108/><F108/><W81/><G81/><T120/><D82/><U112/><E77/><V95/><F95/><W26/><G3/><T86/><D118/><U123/><E116/><V133/><F133/><W94/><G94/><T125/><D92/><U90/><E117/><RYUUKYOKU ba="0,1" sc="277,-15,292,-15,191,15,230,15" hai2="13,15,21,22,36,37,52,54,60,62,80,83,122" hai3="1,4,8,24,26,45,47,48,50,53,55,68,71" /><INIT seed="5,1,1,3,2,6" ten="262,277,206,245" oya="1" hai0="62,126,20,12,78,85,34,77,15,111,75,82,106" hai1="131,31,66,130,45,94,27,54,28,37,101,71,16" hai2="98,10,53,46,64,63,48,51,96,61,44,104,95" hai3="41,74,35,11,14,86,67,93,81,83,127,72,1"/><U47/><E66/><V109/><F109/><W117/><G35/><T13/><D111/><U120/><E71/><V129/><F129/><N who="1" m="49161" /><E37/><V80/><F80/><W87/><G1/><T26/><D106/><U118/><E118/><V122/><F122/><W110/><G110/><T58/><D126/><U0/><E0/><V8/><F104/><W116/><G67/><N who="0" m="39383" /><D34/><U22/><E120/><V60/><F64/><W32/><G32/><T52/><D75/><N who="3" m="28713" /><G41/><T88/><D52/><U30/><E54/><N who="2" m="29959" /><F98/><AGARI ba="1,1" hai="16,22,27,28,30,31,45,47,94,98,101" m="49161" machi="98" ten="30,2900,0" yaku="19,1,54,1" doraHai="6" who="1" fromWho="2" sc="262,0,277,42,206,-32,245,0" /><INIT seed="5,2,0,1,5,63" ten="262,319,174,245" oya="1" hai0="75,111,53,21,52,81,56,117,46,87,59,37,112" hai1="94,12,99,16,72,3,22,41,135,70,131,9,66" hai2="5,19,89,0,133,92,67,105,33,38,120,76,6" hai3="55,20,47,88,122,83,35,126,102,93,124,125,130"/><U91/><E72/><V27/><F105/><W113/><G35/><T73/><D111/><U74/><E74/><V34/><F120/><W134/><G122/><T1/><D117/><U58/><E135/><V101/><F38/><W90/><G134/><T97/><D1/><U39/><E70/><V61/><F101/><W95/><G130/><T11/><D112/><U82/><E82/><V71/><F133/><W57/><G113/><T54/><D11/><U32/><E32/><V23/><F76/><W10/><G47/><T104/><D21/><U15/><E3/><V31/><F0/><W50/><G10/><T100/><D75/><U103/><E131/><V127/><F33/><W80/><G20/><T118/><D73/><U129/><E129/><V30/><F127/><W85/><REACH who="3" step="1"/><G102/><REACH who="3" ten="262,319,174,235" step="2"/><T49/><D118/><U123/><E103/><V109/><F109/><W18/><G18/><T24/><D37/><U28/><E123/><V86/><REACH who="2" step="1"/><F30/><REACH who="2" ten="262,319,164,235" step="2"/><W121/><G121/><T17/><D100/><U65/><E28/><V114/><F114/><W13/><G13/><AGARI ba="2,2" hai="5,6,13,19,23,27,31,34,61,67,71,86,89,92" machi="13" ten="30,7700,0" yaku="1,1,7,1,52,1,53,1" doraHai="63" doraHaiUra="25" who="2" fromWho="3" sc="262,0,319,0,164,103,235,-83" /><INIT seed="6,0,0,4,2,85" ten="262,319,267,152" oya="2" hai0="45,121,116,19,54,35,9,97,88,130,67,70,120" hai1="114,65,30,25,75,127,84,95,57,115,110,104,39" hai2="61,79,131,72,90,37,101,78,99,87,3,49,133" hai3="63,14,4,77,29,132,48,94,60,126,55,93,42"/><V125/><F37/><W7/><G126/><T117/><D35/><U129/><E104/><V102/><F3/><W26/><G132/><T83/><D130/><U66/><E75/><V74/><F61/><W105/><G105/><T11/><D67/><U10/><E129/><V21/><F131/><W59/><G77/><N who="2" m="29193" /><F125/><W123/><G123/><T50/><D70/><U16/><E39/><V52/><F74/><W58/><G42/><T76/><D76/><U2/><E110/><V43/><F43/><W64/><G48/><T108/><D108/><U8/><E8/><V27/><F99/><W71/><G71/><T51/><D51/><U17/><E2/><V113/><F72/><W118/><G118/><N who="0" m="45675" /><D97/><U96/><E127/><V107/><F107/><W89/><G14/><N who="0" m="7631" /><D11/><U1/><E10/><V13/><F13/><W69/><G69/><T32/><D32/><U56/><E66/><V86/><F133/><W134/><G134/><T40/><D40/><U119/><E65/><V24/><F86/><AGARI ba="0,0" hai="45,50,54,83,86,88,120,121" m="7631,45675" machi="86" ten="30,7700,0" yaku="25,1,12,1,52,1,54,1" doraHai="85" who="0" fromWho="2" sc="262,77,319,0,267,-77,152,0" /><INIT seed="7,0,0,5,1,1" ten="339,319,190,152" oya="3" hai0="116,27,34,42,119,19,106,101,121,91,69,126,120" hai1="113,100,96,118,115,81,55,103,44,128,13,48,134" hai2="53,98,80,22,41,33,45,88,122,9,73,102,86" hai3="65,66,133,17,71,35,3,92,127,50,47,108,38"/><W74/><G38/><T99/><D91/><U52/><E134/><V64/><F33/><W112/><G74/><T72/><D19/><U54/><E128/><V49/><F122/><N who="0" m="47210" /><D126/><U37/><E81/><V87/><F64/><W7/><G35/><T79/><D42/><N who="1" m="22607" /><E13/><V23/><F73/><W30/><G30/><N who="0" m="19807" /><D69/><U117/><E48/><V77/><F9/><N who="3" m="2303" /><G127/><T25/><D25/><U10/><E10/><V51/><F98/><W94/><G71/><T97/><D97/><U111/><E111/><V83/><F102/><N who="1" m="38953" /><E96/><V82/><F82/><AGARI ba="0,0" hai="72,79,82,99,101,106,116,119" m="19807,47210" machi="82" ten="30,1000,0" yaku="23,1" doraHai="1" who="0" fromWho="2" sc="339,10,319,0,190,-10,152,0" owari="349,45.0,319,12.0,180,-22.0,152,-35.0" /></mjloggm>