<mjloggm ver="2.3"><GO type="169" lobby="0"/><UN n0="%E3%81%BE%E3%81%AA%E3%81%84%E3%81%9F%E3%82%88%E3%81%86%E3%81%98%E3%82%87" n1="%E7%99%BD%E9%B9%BF%E6%84%9B%E8%8E%89" n2="%E3%82%A6%E3%83%AB%E3%83%88%E3%83%A9%E7%AB%8B%E7%9B%B4" n3="%E4%BC%8A%E8%A3%8F%E9%87%8E%E5%8A%A0%E5%A5%88" dan="16,16,18,16" rate="2073.52,2074.16,2208.55,2125.54" sx="M,F,M,F"/><TAIKYOKU oya="0"/><INIT seed="0,0,0,0,4,10" ten="250,250,250,250" oya="0" hai0="31,108,88,19,47,81,129,52,86,51,44,92,114" hai1="73,40,122,95,72,9,132,76,102,66,135,64,49" hai2="57,89,0,61,3,42,12,38,1,33,126,123,20" hai3="23,94,26,59,85,104,79,78,91,67,106,25,105"/><T125/><D114/><U50/><E122/><V27/><F123/><W97/><G25/><T15/><D129/><U48/><E40/><V77/><F77/><W113/><G113/><T8/><D125/><U98/><E9/><V58/><F126/><W87/><G87/><T90/><D108/><U56/><E76/><V18/><F89/><W93/><G59/><N who="0" m="33183" /><D31/><U16/><E16/><V54/><F58/><W5/><G67/><N who="1" m="25642" /><E56/><V43/><F38/><W35/><G35/><T124/><D124/><U71/><E71/><V128/><REACH who="2" step="1"/><F128/><REACH who="2" ten="250,250,240,250" step="2"/><W41/><G79/><T83/><D83/><U131/><E131/><V17/><F17/><W39/><G78/><T120/><D120/><U100/><E100/><V70/><F70/><W119/><G91/><T75/><D75/><U111/><E111/><V96/><F96/><AGARI ba="0,1" hai="8,15,19,44,47,81,86,88,90,92,96" m="33183" machi="96" ten="30,11600,0" yaku="8,1,52,1,54,2" doraHai="10" who="0" fromWho="2" sc="250,126,250,0,240,-116,250,0" /><INIT seed="0,1,0,2,2,119" ten="376,250,124,250" oya="0" hai0="73,126,0,3,92,123,30,16,108,7,8,78,111" hai1="63,56,103,134,121,57,120,12,115,70,105,106,47" hai2="107,27,89,66,90,43,74,36,130,20,67,45,38" hai3="40,54,71,135,69,4,129,99,104,11,50,52,118"/><T116/><D116/><U94/><E134/><V49/><F107/><W128/><G118/><T17/><D126/><U15/><E70/><V58/><F74/><W2/><G135/><T109/><D0/><U110/><E110/><V14/><F130/><N who="3" m="50283" /><G40/><T87/><D30/><U32/><E32/><V39/><F14/><W5/><G5/><T68/><D68/><N who="3" m="26185" /><G50/><T82/><REACH who="0" step="1"/><D123/><REACH who="0" ten="366,250,124,250" step="2"/><U102/><E115/><V97/><F39/><W37/><G37/><T19/><D19/><U80/><E121/><V13/><F38/><W76/><G76/><T83/><D83/><U72/><E80/><V88/><F36/><W124/><G124/><T77/><D77/><U84/><E120/><V114/><F114/><W60/><G2/><T64/><D64/><U100/><E106/><V25/><F67/><W46/><G104/><T98/><D98/><U113/><E105/><V86/><F97/><W112/><G99/><T18/><D18/><U125/><E113/><V122/><F122/><W93/><G112/><T6/><D6/><U127/><E125/><V44/><F66/><W26/><G4/><T42/><D42/><U75/><E127/><V62/><F43/><W35/><G54/><T21/><D21/><U131/><E131/><V95/><F20/><W53/><G53/><T132/><D132/><U91/><E75/><V22/><F22/><W9/><G52/><T85/><D85/><U41/><E72/><V101/><F86/><W10/><G10/><T61/><D61/><U55/><E57/><V23/><F58/><W79/><G9/><T24/><D24/><U31/><E31/><RYUUKYOKU ba="1,1" sc="366,15,250,15,124,-15,250,-15" hai0="3,7,8,16,17,73,78,82,87,92,108,109,111" hai1="12,15,41,47,55,56,63,84,91,94,100,102,103" /><INIT seed="0,2,1,0,1,57" ten="381,265,109,235" oya="0" hai0="5,16,61,95,83,126,26,92,102,7,132,6,62" hai1="49,90,38,96,107,60,23,93,69,130,78,17,119" hai2="24,18,1,74,84,55,64,120,121,122,127,97,72" hai3="35,81,71,77,123,79,111,106,31,13,82,68,37"/><T48/><D132/><U45/><E119/><V43/><F1/><W115/><G115/><T125/><D48/><U89/><E38/><V73/><F127/><N who="0" m="48650" /><D83/><U47/><E107/><V53/><F43/><W63/><G37/><T103/><D92/><U108/><E130/><V67/><F84/><W33/><G111/><T8/><D95/><U21/><E78/><V85/><F85/><W128/><G128/><T4/><D103/><U56/><E69/><V118/><F118/><W54/><G106/><T109/><D102/><N who="1" m="60687" /><E108/><V10/><F97/><W66/><G71/><T86/><D86/><U39/><E39/><V44/><F44/><N who="1" m="16969" /><E49/><V51/><F51/><W70/><G70/><T113/><D113/><U34/><E34/><V50/><F50/><W52/><G35/><T88/><D88/><N who="1" m="33899" /><E17/><V15/><REACH who="2" step="1"/><F24/><REACH who="2" ten="381,265,99,235" step="2"/><W22/><G79/><T104/><D109/><U76/><E76/><V12/><F12/><W131/><G77/><T80/><D80/><U30/><E30/><V59/><F59/><W27/><G131/><T11/><D104/><U29/><E29/><V40/><F40/><W101/><G82/><T117/><D117/><U135/><E135/><V19/><F19/><N who="3" m="10607" /><G81/><T87/><D87/><U134/><E134/><V46/><F46/><W114/><G114/><T124/><D124/><U9/><E56/><V36/><F36/><W65/><G31/><T100/><D26/><U32/><E32/><V58/><F58/><W41/><G33/><T94/><D16/><U98/><E98/><V110/><F110/><W75/><G27/><T25/><D25/><U129/><E129/><RYUUKYOKU ba="2,2" sc="381,-10,265,-10,99,30,235,-10" hai2="10,15,18,53,55,64,67,72,73,74,120,121,122" /><INIT seed="1,3,2,0,5,56" ten="371,255,129,225" oya="1" hai0="106,1,15,125,135,110,67,133,121,13,8,96,87" hai1="33,114,40,57,107,51,78,52,17,105,97,111,86" hai2="53,0,41,16,83,23,29,77,122,49,103,59,26" hai3="116,32,134,9,92,74,123,65,50,131,55,64,120"/><U4/><E114/><V31/><F0/><W68/><G74/><T85/><D110/><U63/><E33/><V47/><F103/><W66/><G32/><T20/><D125/><U22/><E111/><V73/><REACH who="2" step="1"/><F122/><REACH who="2" ten="371,255,119,225" step="2"/><W98/><G123/><T19/><D1/><U100/><E107/><V90/><F90/><W127/><G120/><T24/><D121/><U115/><E115/><V112/><F112/><W6/><G127/><T36/><D135/><U95/><E105/><V60/><AGARI ba="3,3" hai="16,23,26,29,31,41,47,49,53,59,60,73,77,83" machi="60" ten="20,12000,2" yaku="1,1,0,1,7,1,52,1,54,1,53,2" doraHai="56" doraHaiUra="27" who="2" fromWho="2" sc="371,-33,255,-63,119,159,225,-33" /><INIT seed="2,0,0,5,5,131" ten="338,192,278,192" oya="2" hai0="56,118,52,106,130,78,88,5,122,12,0,92,80" hai1="132,104,11,36,34,98,103,40,54,102,64,47,51" hai2="113,62,71,27,6,43,33,66,112,135,74,129,9" hai3="81,69,116,121,91,83,58,75,46,4,37,111,68"/><V110/><F74/><W18/><G116/><T57/><D122/><U109/><E34/><V7/><F7/><W23/><G121/><T101/><D130/><U50/><E109/><V89/><F129/><W10/><G111/><T20/><D118/><U95/><E64/><V42/><F110/><W85/><G58/><T28/><D0/><U3/><E104/><V94/><F43/><W32/><G32/><T65/><D65/><U82/><E82/><V115/><F42/><W30/><G30/><T127/><D127/><U53/><E103/><V25/><F33/><W84/><G75/><T2/><D2/><U117/><E117/><V15/><REACH who="2" step="1"/><F135/><REACH who="2" ten="338,192,268,192" step="2"/><W1/><G37/><T126/><D5/><U134/><E36/><V31/><F31/><W105/><G4/><T17/><D28/><U76/><E40/><V24/><F24/><W73/><G73/><N who="0" m="43087" /><D126/><U123/><E123/><V41/><F41/><W90/><G1/><T44/><D17/><U120/><E120/><V21/><F21/><W114/><G23/><T22/><D20/><U45/><E3/><V29/><F29/><W108/><G18/><T87/><D22/><U77/><E11/><V119/><F119/><W16/><G108/><T61/><D12/><U60/><E60/><V93/><F93/><W97/><G10/><T13/><D13/><U79/><AGARI ba="0,1" hai="45,47,50,51,53,54,76,77,79,95,98,102,132,134" machi="79" ten="30,7900,0" yaku="0,1,9,1,52,2" doraHai="131" who="1" fromWho="1" sc="338,-20,192,89,268,-39,192,-20" /><INIT seed="3,0,0,4,1,19" ten="318,281,229,172" oya="3" hai0="127,49,9,122,45,53,98,81,16,37,66,23,96" hai1="91,101,11,63,115,33,68,1,56,92,52,107,124" hai2="51,34,47,112,29,69,6,35,131,111,65,76,95" hai3="126,119,38,22,89,130,55,86,70,129,134,99,79"/><W97/><G119/><T20/><D122/><U114/><E33/><V83/><F112/><W87/><G38/><T14/><D127/><U78/><E124/><V36/><F36/><W43/><G126/><T123/><D123/><U85/><E68/><V10/><F111/><W80/><G43/><T48/><D37/><U75/><E1/><V103/><F29/><W25/><G70/><T71/><D71/><U60/><E11/><V62/><F95/><W88/><G134/><T121/><D121/><U4/><E4/><V39/><F103/><W12/><G12/><T67/><D81/><N who="1" m="45279" /><E63/><V110/><F110/><W57/><G129/><T117/><D117/><U133/><E133/><V116/><F116/><W8/><G8/><T41/><D67/><U24/><E24/><V27/><F27/><W2/><G2/><T58/><D66/><U18/><E18/><V59/><F59/><W102/><G130/><T125/><D125/><U120/><E120/><V93/><F93/><N who="3" m="58671" /><G99/><AGARI ba="0,0" hai="9,14,16,20,23,41,45,48,49,53,58,96,98,99" machi="99" ten="40,8000,1" yaku="8,1,52,2,54,1" doraHai="19" who="0" fromWho="3" sc="318,80,281,0,229,0,172,-80" /><AGARI ba="0,0" hai="52,56,60,85,91,92,99,101,107,114,115" m="45279" machi="99" ten="30,2000,0" yaku="24,1,54,1" doraHai="19" who="1" fromWho="3" sc="398,0,281,20,229,0,92,-20" /><INIT seed="4,0,0,1,4,25" ten="398,301,229,72" oya="0" hai0="135,81,128,28,51,100,89,77,43,127,50,10,74" hai1="90,96,82,26,113,126,119,21,57,124,83,106,132" hai2="68,54,93,71,49,91,37,0,56,11,72,60,97" hai3="12,69,115,111,6,98,17,133,61,31,22,117,121"/><T131/><D135/><U70/><E70/><V94/><F72/><W109/><G98/><T129/><D127/><N who="1" m="48683" /><E119/><V14/><F37/><W35/><G61/><T5/><D100/><N who="1" m="62727" /><E132/><V62/><F0/><W30/><G69/><T58/><D58/><U110/><E110/><N who="3" m="41994" /><G133/><T41/><D89/><U122/><E122/><V34/><F71/><W134/><G134/><T92/><D92/><U88/><E57/><V24/><F68/><W80/><G80/><N who="1" m="30762" /><E113/><V130/><F62/><W101/><G101/><T32/><D51/><U116/><E116/><V67/><F49/><W3/><G117/><T39/><D50/><U7/><E7/><V103/><F56/><W46/><G46/><T107/><D107/><U118/><E118/><V40/><F60/><W2/><G115/><T9/><D39/><U108/><E108/><V52/><F67/><W78/><G121/><T66/><D66/><U15/><E15/><V120/><F120/><W47/><G47/><T36/><D36/><U76/><E76/><V42/><F14/><W64/><G78/><T27/><D5/><U123/><E123/><V65/><F65/><W84/><G64/><T87/><D74/><U63/><E63/><V73/><F73/><W38/><G38/><T95/><D95/><U44/><E44/><V112/><F94/><W55/><G55/><T4/><D4/><U85/><E85/><V99/><F52/><W86/><G35/><T23/><D32/><U29/><AGARI ba="0,0" hai="21,26,29,88,90" m="30762,62727,48683" machi="29" ten="30,4000,0" yaku="18,1,52,1,54,1" doraHai="25" who="1" fromWho="1" sc="398,-20,301,40,229,-10,72,-10" /><INIT seed="5,0,0,0,3,63" ten="378,341,219,62" oya="1" hai0="16,115,60,33,59,91,123,64,110,34,42,29,119" hai1="133,3,68,53,93,36,39,0,47,28,72,108,90" hai2="132,2,107,128,20,38,70,109,67,41,77,27,17" hai3="74,26,87,83,12,48,76,85,125,135,116,104,121"/><U15/><E53/><V80/><F109/><W88/><G121/><T102/><D110/><U43/><E15/><V86/><F107/><W105/><G125/><T30/><D119/><U111/><E133/><V44/><F2/><W79/><G135/><T54/><D115/><U124/><E124/><V120/><F132/><W113/><G116/><T130/><D130/><U7/><E68/><V40/><F40/><W114/><G26/><T127/><D123/><U25/><E39/><V58/><F120/><W126/><G126/><T49/><D127/><U129/><E129/><V50/><F128/><W78/><G48/><T21/><D42/><U98/><E72/><V9/><F9/><W18/><G18/><T23/><D102/><U122/><E0/><V118/><F118/><W46/><G46/><T51/><D51/><U62/><E62/><N who="2" m="38359" /><F70/><W112/><G12/><T81/><D33/><U106/><E106/><N who="3" m="41066" /><G85/><N who="0" m="50607" /><D34/><U69/><E69/><V103/><F38/><W61/><G61/><T6/><D6/><U100/><E122/><V11/><F11/><W99/><G99/><T56/><D23/><N who="1" m="15423" /><E111/><V1/><F1/><W134/><G134/><T84/><D84/><N who="1" m="52423" /><E108/><V95/><F41/><W31/><G31/><T97/><D97/><U13/><E3/><V4/><F4/><W37/><G37/><T75/><D75/><AGARI ba="0,0" hai="74,75,76,78,79,83,87,88,112,113,114" m="41066" machi="75" ten="40,8000,1" yaku="15,1,34,2,54,1" doraHai="63" who="3" fromWho="0" sc="378,-80,341,0,219,0,62,80" /><INIT seed="6,0,0,1,4,109" ten="298,341,219,142" oya="2" hai0="52,97,95,115,25,36,91,129,118,27,55,62,59" hai1="14,94,112,67,99,104,71,85,18,122,80,32,31" hai2="37,116,19,123,34,108,96,65,79,84,61,128,6" hai3="24,40,125,70,13,38,33,82,5,11,90,43,63"/><V0/><F37/><W42/><G125/><T44/><D129/><U110/><E110/><V133/><F116/><W9/><G38/><T39/><D118/><U114/><E122/><V120/><F108/><W15/><G33/><T46/><D115/><N who="1" m="44075" /><E104/><V87/><F34/><W103/><G103/><T72/><D72/><U69/><E67/><V54/><F6/><W100/><G100/><T4/><D4/><U47/><E47/><V76/><F0/><W26/><G70/><T127/><D127/><U35/><E31/><V124/><F128/><W2/><G63/><T3/><D3/><U111/><E111/><V81/><F61/><W45/><G45/><N who="0" m="17515" /><D39/><U131/><E131/><V60/><F60/><W78/><G90/><T107/><D107/><U88/><E69/><V68/><F68/><W16/><REACH who="3" step="1"/><G2/><REACH who="3" ten="298,341,219,132" step="2"/><T49/><D36/><U132/><E71/><V48/><F124/><W1/><G1/><T64/><D49/><U58/><E32/><V130/><F48/><W29/><G29/><T126/><D126/><U77/><E35/><V92/><F130/><W83/><G83/><T117/><D117/><U86/><E80/><V17/><F81/><W20/><G20/><T98/><D98/><U8/><E99/><V73/><F96/><W66/><G66/><T28/><D28/><U41/><E88/><V23/><F65/><W75/><AGARI ba="0,1" hai="5,9,11,13,15,16,24,26,40,42,43,75,78,82" machi="75" ten="30,4000,0" yaku="1,1,0,1,54,1,53,0" doraHai="109" doraHaiUra="134" who="3" fromWho="3" sc="298,-10,341,-10,219,-20,132,50" /><INIT seed="7,0,0,5,3,27" ten="288,331,199,182" oya="3" hai0="8,122,117,101,74,66,17,40,108,30,43,3,16" hai1="1,58,42,2,37,111,90,59,9,53,113,64,62" hai2="54,22,15,18,87,88,128,6,91,131,47,96,100" hai3="50,84,70,105,110,31,119,12,73,129,35,60,116"/><W25/><G73/><T127/><D108/><U69/><E111/><V10/><F54/><W29/><G110/><T14/><D117/><U135/><E59/><V55/><F55/><W23/><G129/><N who="2" m="49737" /><F87/><W44/><G105/><T76/><D3/><U99/><E9/><V92/><F47/><W107/><G107/><T102/><D66/><U109/><E109/><V93/><F93/><W20/><G84/><T7/><D76/><U97/><E135/><V82/><F82/><W65/><G35/><T49/><D127/><U28/><E113/><V52/><F52/><W112/><G112/><T61/><D61/><U106/><E99/><V38/><F38/><W81/><G81/><T34/><D122/><U67/><E67/><V36/><F36/><W11/><G23/><T72/><D72/><U78/><E1/><AGARI ba="0,0" hai="1,6,10,15,18,22,88,91,92,96,100" m="49737" machi="1" ten="30,2000,0" yaku="19,1,54,1" doraHai="27" who="2" fromWho="1" sc="288,0,331,-20,199,20,182,0" owari="288,9.0,311,41.0,219,-18.0,182,-32.0" /></mjloggm>