<mjloggm ver="2.3"><GO type="169" lobby="0"/><UN n0="%E3%82%B8%E3%83%A3%E3%82%B9%E3%82%BF%E3%82%A6%E3%82%A7%E3%82%A4" n1="%E7%A2%BA%E8%AA%8D%E4%BA%8B%E9%A0%85" n2="%E2%80%A0%73%74%72%61%77%E2%80%A0" n3="%E3%82%A6%E3%83%AB%E3%83%88%E3%83%A9%E7%AB%8B%E7%9B%B4" dan="17,16,17,17" rate="2183.49,2133.19,2180.26,2139.79" sx="M,M,M,M"/><TAIKYOKU oya="0"/><INIT seed="0,0,0,5,5,13" ten="250,250,250,250" oya="0" hai0="34,111,3,67,133,51,71,0,102,65,79,98,94" hai1="66,91,88,46,112,110,56,40,80,19,57,58,70" hai2="43,29,122,8,25,81,20,47,121,130,30,109,103" hai3="73,113,129,37,10,4,115,50,33,17,76,24,53"/><T124/><D34/><U78/><E110/><V42/><F109/><W117/><G37/><T105/><D111/><U15/><E112/><V62/><F130/><W60/><G117/><T18/><D79/><U38/><E70/><V5/><F103/><W16/><G129/><T74/><D74/><U12/><E66/><V41/><F30/><W135/><G135/><T21/><D133/><U36/><E36/><V28/><F28/><W64/><G33/><T69/><D124/><U99/><E99/><V128/><F128/><W123/><G123/><T75/><D75/><U108/><E12/><V45/><F62/><W131/><G131/><T35/><D35/><U77/><E108/><V95/><F95/><W22/><G17/><T31/><D31/><U32/><E32/><V23/><F23/><W85/><G73/><T107/><D69/><U82/><E78/><V68/><F68/><W6/><G10/><T7/><D105/><U118/><E118/><V101/><F101/><W27/><G27/><T100/><D51/><N who="1" m="27079" /><E77/><V114/><F114/><W127/><G127/><T119/><D119/><U55/><E55/><V90/><F122/><W89/><G76/><T44/><D44/><N who="2" m="16970" /><F121/><W106/><G106/><T93/><D71/><U39/><E39/><V48/><F48/><W49/><G49/><T1/><D102/><U120/><E38/><V104/><F104/><W84/><G50/><T87/><D7/><N who="3" m="2601" /><G53/><T86/><D65/><U54/><E54/><V61/><F61/><W125/><G125/><T9/><D67/><U134/><E120/><V63/><F63/><W2/><G60/><RYUUKYOKU ba="0,0" sc="250,0,250,0,250,0,250,0" /><INIT seed="1,1,0,0,3,116" ten="250,250,250,250" oya="1" hai0="24,126,69,92,128,135,84,132,64,4,16,70,97" hai1="53,30,27,63,120,93,57,42,91,62,80,45,72" hai2="79,5,74,112,99,0,25,32,41,11,23,113,36" hai3="61,76,125,49,87,134,9,17,108,22,119,31,20"/><U122/><E63/><V107/><F23/><W26/><G119/><T118/><D118/><U78/><E91/><V34/><F99/><W56/><G125/><T98/><D4/><U40/><E93/><V85/><F85/><W71/><G71/><N who="0" m="27147" /><D64/><U29/><E29/><N who="2" m="19503" /><F107/><W54/><G134/><N who="0" m="51243" /><D128/><U50/><REACH who="1" step="1"/><E40/><REACH who="1" ten="250,240,250,250" step="2"/><V123/><F41/><W75/><G31/><T6/><D126/><U59/><E59/><V13/><F113/><W60/><G61/><T46/><D46/><U129/><E129/><V109/><F112/><W52/><G60/><T3/><D92/><U14/><E14/><V38/><F13/><W96/><G56/><T114/><D114/><U81/><E81/><V77/><F0/><W68/><G68/><T21/><D84/><U67/><E67/><V105/><F105/><W51/><G87/><T7/><D3/><U8/><E8/><V35/><F11/><W121/><G9/><T66/><D66/><U90/><E90/><V15/><F15/><W117/><G117/><T124/><D124/><U127/><E127/><V44/><F44/><W101/><G54/><T88/><D88/><U94/><E94/><V58/><F58/><W47/><G52/><T48/><D98/><U115/><E115/><V110/><F109/><W100/><G96/><T133/><D97/><U1/><E1/><V28/><F110/><W111/><G108/><T12/><D133/><U103/><E103/><V89/><F89/><W104/><G111/><T86/><D86/><U19/><E19/><V95/><F28/><N who="3" m="17479" /><G47/><T2/><D2/><U39/><E39/><N who="2" m="14891" /><F95/><W106/><G17/><RYUUKYOKU ba="1,1" sc="250,-10,240,30,250,-10,250,-10" hai1="27,30,42,45,50,53,57,62,72,78,80,120,122" /><INIT seed="1,2,1,4,2,86" ten="240,270,240,240" oya="1" hai0="2,128,127,88,134,129,13,35,36,130,38,80,74" hai1="110,40,101,124,0,51,105,58,60,3,41,118,132" hai2="44,131,72,111,135,42,15,97,27,89,17,23,93" hai3="34,22,19,52,104,25,116,133,18,84,122,50,8"/><U83/><E118/><V119/><F119/><W102/><G122/><T6/><D35/><U33/><E33/><V12/><F111/><W78/><G34/><T49/><D2/><U126/><E132/><V121/><F135/><W94/><G133/><T103/><D134/><U4/><E110/><V87/><F131/><W98/><G116/><T43/><D103/><U48/><E101/><V29/><F72/><W7/><G19/><T71/><D71/><U81/><E58/><V59/><F59/><W77/><G84/><N who="0" m="50183" /><D74/><U113/><E60/><V24/><F121/><W31/><G104/><T79/><D79/><U37/><E4/><V76/><F76/><W106/><G106/><T56/><D127/><U68/><E68/><V20/><REACH who="2" step="1"/><F97/><REACH who="2" ten="240,270,230,240" step="2"/><W45/><REACH who="3" step="1"/><G31/><REACH who="3" ten="240,270,230,230" step="2"/><T1/><D130/><U115/><E105/><V5/><F5/><W109/><G109/><T14/><D6/><U100/><E126/><V70/><F70/><W96/><G96/><T65/><D129/><U120/><E124/><V26/><F26/><W57/><G57/><T63/><D128/><U32/><E120/><V55/><F55/><W39/><G39/><AGARI ba="2,3" hai="12,15,17,20,23,24,27,29,39,42,44,87,89,93" machi="39" ten="30,7700,0" yaku="1,1,7,1,52,1,53,1" doraHai="86" doraHaiUra="90" who="2" fromWho="3" sc="240,0,270,0,230,113,230,-83" /><INIT seed="2,0,0,1,1,76" ten="240,270,343,147" oya="2" hai0="35,67,73,85,134,128,37,10,105,121,78,112,110" hai1="83,84,12,33,107,36,44,47,62,53,95,42,55" hai2="94,14,80,40,61,23,25,24,120,130,54,114,43" hai3="4,17,122,72,2,0,97,79,103,28,21,100,11"/><V48/><F114/><W127/><G122/><T104/><RYUUKYOKU type="yao9" ba="0,0" sc="240,0,270,0,343,0,147,0" hai0="10,35,37,67,73,78,85,104,105,110,112,121,128,134" /><INIT seed="2,1,0,2,2,14" ten="240,270,343,147" oya="2" hai0="58,36,61,110,125,52,70,12,84,88,119,60,124" hai1="5,63,17,79,7,131,30,66,98,121,19,68,2" hai2="116,126,100,108,118,123,85,41,94,49,129,10,104" hai3="74,133,34,29,11,69,82,95,115,23,9,113,22"/><V42/><F123/><W38/><G69/><T31/><D36/><U96/><E121/><V65/><F65/><W89/><G38/><T6/><D110/><U44/><E131/><V1/><F126/><N who="0" m="48746" /><D31/><U103/><E79/><V81/><F129/><W55/><G133/><T15/><D119/><U18/><E2/><V106/><F94/><W8/><G55/><T76/><D76/><U0/><E0/><V33/><F33/><W122/><G82/><N who="0" m="49175" /><D6/><U53/><E30/><V127/><F108/><W130/><G74/><T90/><D90/><U64/><E64/><AGARI ba="1,0" hai="12,15,52,58,60,61,64,70" m="49175,48746" machi="64" ten="30,3900,0" yaku="18,1,54,2" doraHai="14" who="0" fromWho="1" sc="240,42,270,-42,343,0,147,0" /><INIT seed="3,0,0,2,5,26" ten="282,228,343,147" oya="3" hai0="41,128,122,96,114,4,39,35,60,108,105,91,134" hai1="72,0,28,76,24,3,6,13,112,22,74,80,12" hai2="75,16,44,110,93,100,88,121,42,51,32,27,25" hai3="50,133,92,54,131,59,14,89,46,49,30,15,127"/><W62/><G127/><T118/><RYUUKYOKU type="yao9" ba="0,0" sc="282,0,228,0,343,0,147,0" hai0="4,35,39,41,60,91,96,105,108,114,118,122,128,134" /><INIT seed="3,1,0,4,5,62" ten="282,228,343,147" oya="3" hai0="69,48,5,49,40,101,18,120,25,134,82,102,114" hai1="52,67,89,113,135,80,133,10,63,130,92,94,51" hai2="4,56,107,59,111,37,75,118,70,71,13,7,53" hai3="91,41,115,1,112,104,64,43,99,21,119,19,97"/><W47/><G119/><T95/><D120/><U2/><E113/><V110/><F118/><W27/><G1/><T124/><D124/><U79/><E2/><V17/><F37/><W6/><G6/><N who="2" m="2089" /><F107/><W58/><G99/><T83/><D134/><N who="1" m="51211" /><E10/><V42/><F75/><W131/><G131/><T98/><D69/><N who="2" m="26122" /><F42/><W126/><G126/><T54/><D5/><U100/><E100/><V87/><F87/><W9/><G9/><T39/><D39/><U116/><E116/><V16/><F53/><W65/><G43/><T78/><D102/><U127/><E127/><V86/><F13/><W73/><G73/><T66/><D78/><U28/><E28/><V35/><F86/><W12/><G115/><T93/><D98/><N who="1" m="57615" /><E94/><V129/><F35/><W105/><G112/><T34/><D95/><U55/><E51/><V125/><F129/><W60/><G105/><T85/><D93/><U15/><E15/><V33/><F33/><W0/><G0/><T122/><D34/><U31/><E31/><V106/><F106/><W128/><G128/><T44/><D114/><U123/><E130/><V38/><F38/><N who="3" m="21943" /><G12/><T68/><D85/><N who="1" m="48287" /><E123/><V61/><F125/><W72/><G72/><T103/><D122/><U50/><E50/><V32/><F32/><W26/><G26/><T11/><D25/><U24/><E24/><V88/><F17/><W46/><G91/><T20/><D40/><U8/><E8/><V23/><F16/><W57/><G104/><T30/><D11/><U96/><E96/><V81/><F23/><W84/><G97/><T76/><D20/><U90/><E90/><RYUUKYOKU ba="1,0" sc="282,-10,228,30,343,-10,147,-10" hai1="52,55,63,67" /><INIT seed="4,2,0,2,3,81" ten="272,258,333,137" oya="0" hai0="134,66,4,75,6,88,60,70,8,49,83,110,109" hai1="105,44,34,38,103,39,115,14,131,108,3,58,122" hai2="12,99,26,29,33,16,7,96,19,46,25,51,117" hai3="100,5,21,90,11,65,0,102,41,120,129,37,85"/><T31/><D31/><U32/><E14/><V135/><F135/><W9/><G129/><T1/><D134/><U121/><E58/><V132/><F132/><W76/><G120/><T17/><D6/><U95/><E95/><V56/><F56/><W15/><G65/><T104/><D104/><U64/><E64/><V98/><F117/><W74/><G21/><T47/><D17/><N who="2" m="6730" /><F33/><W112/><G112/><T116/><D116/><U73/><E44/><V57/><F29/><W72/><G72/><T84/><REACH who="0" step="1"/><D75/><REACH who="0" ten="262,258,333,137" step="2"/><U89/><E73/><V79/><F7/><W67/><G74/><T130/><D130/><U59/><E131/><V27/><F12/><W94/><G15/><T18/><D18/><U10/><E105/><V45/><F79/><W13/><G76/><T101/><D101/><U28/><E103/><V123/><F123/><W114/><G114/><T23/><D23/><U69/><E115/><V71/><F71/><W87/><G102/><T24/><D24/><U36/><E69/><V92/><F25/><W53/><G100/><T97/><D97/><U133/><E122/><V128/><F128/><W107/><G107/><T82/><D82/><U62/><E121/><V125/><F26/><W54/><G13/><T80/><D80/><U127/><E28/><V119/><F27/><W52/><G11/><T113/><D113/><U124/><E10/><V91/><F119/><W78/><G78/><T42/><AGARI ba="2,1" hai="1,4,8,42,47,49,60,66,70,83,84,88,109,110" machi="42" ten="30,11700,0" yaku="1,1,0,1,52,1,54,1,53,0" doraHai="81" doraHaiUra="50" who="0" fromWho="0" sc="262,133,258,-41,333,-41,137,-41" /><INIT seed="4,3,0,1,4,67" ten="395,217,292,96" oya="0" hai0="51,24,35,29,96,119,23,131,73,83,88,21,25" hai1="7,91,84,22,124,15,70,128,129,99,118,71,78" hai2="0,106,123,49,48,50,115,27,122,31,135,102,77" hai3="109,5,55,1,62,134,108,80,133,116,112,94,61"/><T132/><D119/><U89/><E118/><V8/><F115/><W126/><G80/><T93/><D131/><N who="1" m="50251" /><E124/><V14/><F135/><W33/><G94/><T74/><D132/><U58/><E58/><V127/><F127/><W65/><G5/><T13/><D83/><N who="1" m="47223" /><E99/><V107/><F77/><W43/><G33/><T56/><D13/><U38/><E38/><V16/><F0/><W10/><G10/><T82/><D82/><U63/><E63/><V92/><F92/><W105/><G1/><T47/><D56/><U64/><E64/><V95/><F95/><W45/><G105/><T52/><D35/><U60/><E60/><V97/><REACH who="2" step="1"/><F107/><REACH who="2" ten="395,217,282,96" step="2"/><W12/><G126/><T4/><D4/><U79/><E79/><V17/><F17/><AGARI ba="3,1" hai="17,21,23,24,25,29,47,51,52,73,74,88,93,96" machi="17" ten="30,5800,0" yaku="7,1,54,2" doraHai="67" who="0" fromWho="2" sc="395,77,217,0,282,-67,96,0" /><INIT seed="4,4,0,0,5,70" ten="472,217,215,96" oya="0" hai0="12,117,132,100,24,64,51,54,65,53,17,130,116" hai1="109,125,78,52,14,32,98,25,10,99,93,2,82" hai2="26,57,19,20,87,41,73,135,61,30,27,60,95" hai3="104,37,86,133,72,103,3,29,22,124,13,62,4"/><T15/><D100/><U47/><E109/><V126/><F135/><W134/><G72/><T6/><D132/><N who="3" m="50793" /><G124/><T18/><D24/><U77/><E2/><V105/><F73/><W44/><G3/><T36/><D51/><N who="1" m="28799" /><E32/><V35/><F105/><W81/><G62/><T112/><D6/><N who="1" m="3415" /><E125/><V34/><F126/><W120/><G120/><T97/><D97/><N who="1" m="36875" /><E93/><V38/><F35/><W121/><G121/><T79/><D130/><U43/><E43/><V39/><F41/><N who="3" m="22575" /><G103/><T48/><D48/><U69/><E69/><V67/><REACH who="2" step="1"/><F61/><REACH who="2" ten="472,217,205,96" step="2"/><W106/><G104/><T128/><D128/><U113/><E113/><V68/><F68/><W114/><G106/><T96/><D116/><U11/><E78/><V74/><F74/><W131/><G114/><T45/><D117/><U91/><E77/><V8/><F8/><N who="3" m="4231" /><G131/><T111/><D112/><U115/><E115/><V118/><F118/><W85/><G81/><T21/><D79/><U123/><E82/><V1/><F1/><W50/><G50/><T119/><D119/><U108/><E123/><V90/><AGARI ba="4,1" hai="19,20,26,27,30,34,38,39,57,60,67,87,90,95" machi="90" ten="30,7900,0" yaku="1,1,0,1,52,2,53,0" doraHai="70" doraHaiUra="110" who="2" fromWho="2" sc="472,-43,217,-24,205,101,96,-24" /><INIT seed="5,0,0,0,3,61" ten="429,193,306,72" oya="1" hai0="76,111,10,42,110,117,90,131,45,72,33,79,23" hai1="9,114,105,88,41,93,17,103,3,21,28,95,34" hai2="22,50,68,18,118,97,130,78,30,126,12,60,83" hai3="101,57,112,128,75,77,43,59,44,38,81,89,46"/><U14/><E114/><V47/><F118/><W99/><G112/><T132/><D33/><U39/><E105/><V0/><F126/><W35/><G35/><T127/><D23/><U20/><E103/><V13/><F130/><W2/><G128/><T15/><D131/><U5/><E21/><V121/><F0/><W8/><G46/><T102/><D102/><U29/><E29/><V63/><F121/><W71/><G89/><T74/><D132/><U24/><REACH who="1" step="1"/><E88/><REACH who="1" ten="429,183,306,72" step="2"/><V122/><F30/><W26/><G26/><T104/><D90/><U31/><E31/><V36/><F22/><W84/><G71/><T67/><D104/><U125/><E125/><V124/><F124/><W51/><G101/><T123/><D127/><U40/><E40/><V25/><F122/><W109/><G99/><T115/><D123/><U62/><E62/><V119/><F97/><W80/><G109/><T32/><D115/><U66/><E66/><V27/><F63/><W11/><G81/><T94/><D111/><U100/><E100/><V96/><F60/><W48/><G80/><T49/><D110/><U116/><E116/><V87/><F96/><W86/><G43/><T82/><D117/><U108/><E108/><V92/><F68/><W98/><G98/><T16/><D67/><U73/><E73/><V6/><F119/><W53/><G75/><T64/><D64/><U4/><E4/><V135/><F6/><W69/><G69/><T106/><D106/><U120/><E120/><V19/><F83/><W85/><G77/><T7/><D79/><U55/><E55/><V58/><F78/><RYUUKYOKU ba="0,1" sc="429,-10,183,30,306,-10,72,-10" hai1="3,5,9,14,17,20,24,28,34,39,41,93,95" /><INIT seed="5,1,1,4,2,102" ten="419,213,296,62" oya="1" hai0="114,125,70,33,20,26,95,43,47,110,42,9,76" hai1="82,65,13,98,103,112,78,117,0,127,68,24,61" hai2="89,25,22,27,23,60,134,109,67,128,97,86,37" hai3="48,50,45,91,88,108,14,15,135,35,21,77,72"/><U94/><E0/><V5/><F109/><W115/><G35/><T85/><D70/><U39/><E117/><V106/><F37/><W64/><G108/><T130/><D33/><U105/><E112/><V107/><F134/><W7/><G135/><T40/><D110/><U133/><E133/><V41/><F128/><W73/><G115/><T53/><D114/><U104/><E39/><V34/><F41/><W30/><G64/><T8/><D130/><U75/><E127/><V84/><F5/><W38/><G38/><T123/><D123/><U116/><E116/><V29/><F97/><W100/><G100/><T62/><D125/><U71/><E71/><V101/><F101/><W96/><G96/><T80/><D95/><U126/><E126/><V16/><F34/><W66/><G66/><T10/><D62/><U69/><E69/><V79/><F79/><W44/><G77/><T19/><D53/><U36/><E36/><V3/><F3/><W121/><G21/><T118/><D118/><U81/><E24/><V57/><F86/><W132/><G132/><T92/><D92/><AGARI ba="1,1" hai="16,22,23,25,27,29,57,60,67,84,89,92,106,107" machi="92" ten="30,7700,0" yaku="7,1,52,2,54,1" doraHai="102" who="2" fromWho="0" sc="419,-80,213,0,296,90,62,0" /><INIT seed="6,0,0,2,4,17" ten="339,213,386,62" oya="2" hai0="66,4,127,107,55,7,104,123,58,102,117,95,27" hai1="26,86,133,20,18,129,110,51,64,11,40,43,10" hai2="125,32,13,48,114,34,22,90,24,29,92,60,14" hai3="97,56,94,126,113,54,111,38,115,63,9,124,103"/><V62/><F114/><N who="3" m="43531" /><G111/><T96/><D123/><U42/><E110/><V73/><F125/><N who="3" m="48235" /><G9/><T19/><D127/><U98/><E64/><V3/><F48/><W128/><G38/><T70/><D117/><U65/><E65/><V135/><F135/><W106/><G106/><T80/><D104/><U105/><E133/><V46/><F46/><W15/><G15/><T121/><D66/><U30/><E51/><V99/><F73/><W16/><G16/><T109/><D70/><U8/><E86/><V61/><F3/><W93/><G93/><T75/><D107/><U134/><E134/><V89/><F89/><W1/><G1/><T72/><D121/><U77/><E77/><V74/><F74/><W108/><G108/><T5/><D109/><U82/><E18/><V122/><F122/><W45/><G45/><T39/><D39/><U6/><E105/><V85/><F85/><W37/><G37/><T52/><D80/><U101/><E82/><V23/><F14/><W118/><G118/><T44/><D44/><U130/><E6/><V78/><F78/><W2/><G2/><T21/><REACH who="0" step="1"/><D55/><REACH who="0" ten="329,213,386,62" step="2"/><U71/><E71/><V67/><F67/><N who="3" m="39399" /><G128/><T87/><D87/><U35/><E130/><V119/><F119/><W68/><G68/><T84/><D84/><U112/><E129/><V53/><F53/><AGARI ba="0,1" hai="53,54,94,97,103" m="39399,48235,43531" machi="53" ten="30,3900,0" yaku="15,1,11,1,18,1" doraHai="17" who="3" fromWho="2" sc="329,0,213,0,386,-39,62,49" /><INIT seed="7,0,0,2,4,15" ten="329,213,347,111" oya="3" hai0="20,124,25,92,64,56,51,49,106,74,114,46,31" hai1="3,61,110,63,9,120,19,131,95,98,42,103,33" hai2="118,79,36,117,60,72,58,13,59,77,7,129,22" hai3="67,5,116,76,66,2,43,127,35,111,94,133,52"/><W85/><G116/><T100/><D124/><U28/><E110/><V6/><F129/><W23/><G35/><T55/><D74/><U122/><E131/><V39/><F22/><W126/><G111/><T4/><D106/><U69/><E42/><V53/><F53/><W54/><G43/><T57/><D114/><U71/><E63/><V90/><F90/><N who="3" m="53583" /><G76/><T29/><D4/><N who="1" m="1183" /><E95/><V125/><F13/><W83/><G83/><T89/><D100/><U11/><E11/><V88/><F88/><W75/><G75/><T130/><D130/><U26/><E19/><V107/><F72/><W17/><G5/><T134/><D134/><U18/><E18/><V73/><F73/><W97/><G2/><T30/><D64/><N who="3" m="24617" /><G133/><T132/><D132/><U121/><E61/><V48/><F125/><N who="3" m="47627" /><G97/><T86/><D57/><U50/><E50/><V21/><F48/><W65/><N who="3" m="24625" /><W128/><DORA hai="123" /><G128/><T108/><D108/><U24/><E122/><V38/><F7/><W16/><G17/><T135/><D135/><U10/><E121/><V113/><F6/><W104/><G104/><T91/><D91/><U44/><E120/><V81/><F113/><W62/><G62/><T115/><D115/><U40/><E98/><V84/><F60/><W1/><G1/><T78/><D78/><U109/><E109/><V68/><F79/><W14/><AGARI ba="0,0" hai="14,16,23,52,54" m="47627,24625,53583" machi="14" ten="40,12000,1" yaku="18,1,52,1,54,2" doraHai="15,123" who="3" fromWho="3" sc="329,-40,213,-40,347,-40,111,120" /><INIT seed="7,1,0,0,5,60" ten="289,173,307,231" oya="3" hai0="32,17,129,13,121,30,16,94,46,62,100,7,128" hai1="92,29,48,28,23,120,114,118,103,43,20,56,31" hai2="73,1,74,49,77,99,41,72,84,133,123,47,66" hai3="107,70,71,51,42,3,50,78,101,98,69,26,116"/><W40/><G3/><T115/><D121/><U125/><E120/><V11/><F133/><W38/><G116/><T102/><D115/><U24/><E118/><V9/><F123/><W54/><G38/><T88/><D46/><U75/><E125/><V37/><F66/><W83/><G26/><N who="0" m="18519" /><D7/><U134/><E134/><V109/><F109/><W93/><G107/><T18/><D62/><U91/><E114/><V8/><F99/><W124/><G124/><T14/><D14/><U76/><E103/><V95/><F37/><W58/><REACH who="3" step="1"/><G51/><REACH who="3" ten="289,173,307,221" step="2"/><T135/><D135/><U12/><E24/><V25/><F1/><W126/><G126/><T127/><D127/><U79/><E12/><V59/><F25/><W53/><G53/><T68/><D13/><U110/><E110/><V35/><F35/><W85/><AGARI ba="1,1" hai="40,42,50,54,58,69,70,71,78,83,85,93,98,101" machi="85" ten="30,3000,0" yaku="1,1,0,1,53,0" doraHai="60" doraHaiUra="34" who="3" fromWho="3" sc="289,-11,173,-11,307,-11,221,43" /><INIT seed="7,2,0,0,0,68" ten="278,162,296,264" oya="3" hai0="11,6,87,93,56,33,82,116,52,103,67,48,58" hai1="75,18,45,78,61,50,130,119,129,47,64,101,69" hai2="70,25,26,32,127,28,114,118,5,57,106,107,80" hai3="100,31,94,112,132,13,24,19,121,83,44,134,3"/><W42/><G3/><T63/><D33/><U77/><E119/><V105/><F118/><W84/><G121/><T115/><D115/><U43/><E101/><V41/><F70/><W113/><G94/><T35/><D35/><U88/><E75/><V128/><F114/><N who="3" m="44139" /><G100/><T74/><D74/><U23/><E47/><V109/><F109/><W72/><G72/><T97/><D116/><U133/><E133/><N who="3" m="51306" /><G31/><T51/><D51/><U117/><E117/><V9/><F127/><W110/><G24/><T62/><D48/><U104/><E104/><V96/><F128/><N who="1" m="49257" /><E88/><V85/><F26/><AGARI ba="2,0" hai="18,23,26,43,45,50,61,64,69,77,78" m="49257" machi="26" ten="30,1000,0" yaku="19,1" doraHai="68" who="1" fromWho="2" sc="278,0,162,16,296,-16,264,0" /><INIT seed="8,0,0,5,2,69" ten="278,178,280,264" oya="0" hai0="48,125,68,54,93,43,11,18,98,19,80,116,119" hai1="61,50,26,135,67,57,55,65,130,63,9,133,129" hai2="124,89,118,123,76,113,134,112,91,41,131,96,27" hai3="77,122,56,84,14,111,24,88,74,60,94,37,42"/><T103/><D68/><N who="1" m="42031" /><E9/><V105/><F123/><W47/><G111/><T31/><D125/><U21/><E21/><V35/><F124/><W6/><G122/><T126/><D126/><U12/><E12/><V87/><F41/><W44/><G44/><T40/><D31/><U5/><E26/><V92/><F27/><W49/><G37/><T10/><D80/><U38/><E5/><V66/><F66/><W2/><G24/><T110/><D110/><U13/><E13/><V28/><F28/><W30/><G30/><T101/><D101/><U15/><E15/><V8/><F8/><N who="0" m="3114" /><D119/><U3/><E3/><V78/><F35/><W114/><G2/><T75/><D75/><U20/><E20/><V121/><F121/><W81/><G114/><N who="2" m="44137" /><F134/><N who="1" m="51209" /><E38/><V25/><F131/><N who="1" m="50185" /><E67/><V62/><F25/><W36/><G14/><T109/><D116/><U23/><E23/><V104/><F118/><W73/><G6/><T83/><D83/><U82/><E82/><N who="2" m="49399" /><F104/><W51/><G74/><T106/><D106/><U1/><E1/><V52/><F105/><W33/><G33/><T45/><D109/><U132/><N who="1" m="51217" /><U100/><DORA hai="7" /><E100/><V58/><F78/><W34/><G34/><T59/><D18/><U16/><E16/><V107/><F107/><W115/><G115/><T108/><D108/><U90/><E90/><V46/><F76/><W97/><G73/><T64/><D19/><U86/><E86/><V4/><F4/><W72/><G72/><T70/><D70/><U102/><E102/><V127/><F127/><W117/><G117/><T99/><D99/><U22/><E22/><RYUUKYOKU ba="0,0" sc="278,0,178,0,280,0,264,0" hai0="40,43,45,48,54,59,64,93,98,103" hai1="50,55,57,63" hai2="46,52,58,62,91,92,96" hai3="36,42,47,49,51,56,60,77,81,84,88,94,97" /><INIT seed="8,1,0,3,0,114" ten="278,178,280,264" oya="0" hai0="69,35,117,112,3,91,125,55,130,53,40,72,73" hai1="100,109,59,93,48,61,133,54,57,22,87,23,85" hai2="131,14,19,21,16,127,66,108,39,74,46,71,63" hai3="81,65,135,83,9,97,67,62,34,29,90,51,124"/><T4/><D69/><U10/><E109/><V45/><F108/><W20/><G34/><T95/><D112/><U56/><E133/><V82/><F127/><W119/><G119/><T1/><D117/><U88/><E100/><V120/><F120/><W80/><G124/><T36/><D35/><U0/><E85/><V42/><F131/><W41/><G9/><T6/><D125/><U68/><E68/><V8/><F46/><N who="3" m="26063" /><G62/><T110/><D110/><U79/><E79/><V78/><F21/><W70/><G70/><T115/><D130/><U132/><E132/><V11/><F11/><W5/><G5/><AGARI ba="1,0" hai="5,8,14,16,19,39,42,45,63,66,71,74,78,82" machi="5" ten="30,2000,0" yaku="7,1,54,1" doraHai="114" who="2" fromWho="3" sc="278,0,178,0,280,23,264,-23" owari="278,8.0,178,-32.0,303,40.0,241,-16.0" /></mjloggm>