<mjloggm ver="2.3"><GO type="225" lobby="0"/><UN n0="%E3%82%8A%E3%82%81%E3%82%8D" n1="%E3%82%B4%E3%83%9F%E3%82%AF%E3%82%BA%E4%B8%83%E6%AE%B5" n2="%E3%82%A6%E3%83%AB%E3%83%88%E3%83%A9%E7%AB%8B%E7%9B%B4" n3="%73%40%73%61%74%61%6B%65" dan="16,16,17,17" rate="2157.01,2186.67,2160.84,2178.06" sx="M,F,M,M"/><TAIKYOKU oya="0"/><INIT seed="0,0,0,4,1,109" ten="250,250,250,250" oya="0" hai0="98,1,52,57,23,19,86,108,74,85,100,122,99" hai1="106,104,81,12,114,128,64,66,116,126,30,50,78" hai2="111,68,45,127,40,75,97,39,4,132,6,113,115" hai3="47,73,133,22,32,20,37,36,11,70,46,94,101"/><T91/><D122/><U43/><E116/><V124/><F68/><W7/><G32/><T76/><D1/><U131/><E126/><N who="2" m="48171" /><F111/><W117/><G117/><T29/><D108/><U107/><E30/><V96/><F75/><W17/><G73/><T120/><D120/><U69/><E69/><V67/><F67/><W112/><G70/><T34/><D34/><U41/><E114/><N who="2" m="43531" /><F132/><W129/><G133/><T21/><D29/><U82/><E12/><V125/><F125/><W83/><G112/><T48/><D76/><U33/><E33/><V56/><F56/><W18/><G47/><T89/><D21/><U60/><E66/><V27/><F27/><W53/><G46/><T8/><D8/><U42/><E50/><V105/><F105/><W54/><G20/><T58/><D57/><N who="1" m="36879" /><E78/><V44/><F44/><W13/><G22/><T62/><D48/><U123/><E123/><V51/><F51/><W121/><G121/><T28/><D28/><U135/><E135/><V0/><F0/><W35/><G35/><T63/><D63/><U90/><E90/><N who="0" m="34313" /><D74/><U15/><E15/><V80/><F80/><W55/><G83/><T5/><D62/><U93/><E93/><V59/><F59/><W103/><G94/><T31/><D58/><U87/><E82/><V79/><F79/><W9/><G13/><T26/><D31/><U77/><E77/><V16/><F16/><W14/><G14/><T61/><D19/><U92/><E81/><V72/><F72/><W65/><G18/><T134/><D61/><U110/><E110/><V102/><F102/><W2/><G17/><RYUUKYOKU ba="0,0" sc="250,-15,250,15,250,15,250,-15" hai1="41,42,43,87,92,104,106,107,128,131" hai2="4,6,39,40,45,96,97" /><INIT seed="1,1,0,2,3,82" ten="235,265,265,235" oya="1" hai0="86,33,53,43,26,39,2,62,40,112,104,119,133" hai1="34,115,123,18,88,109,41,17,94,23,81,30,31" hai2="85,103,113,37,68,54,83,132,76,9,8,10,35" hai3="48,111,110,127,49,3,6,92,65,74,5,7,93"/><U1/><E115/><V67/><F35/><W77/><G3/><T96/><D112/><U50/><E123/><V117/><F117/><W16/><G127/><T129/><D119/><U72/><E1/><V99/><F113/><W97/><G65/><T84/><D2/><U91/><E34/><V71/><F132/><W80/><G16/><N who="1" m="6250" /><E72/><V47/><F67/><W64/><G64/><T58/><D133/><U134/><E134/><V116/><F116/><W89/><REACH who="3" step="1"/><G93/><REACH who="3" ten="235,265,265,225" step="2"/><T61/><D26/><U95/><E109/><AGARI ba="1,1" hai="5,6,7,48,49,74,77,80,89,92,97,109,110,111" machi="109" ten="40,5200,0" yaku="1,1,2,1,14,1,53,0" doraHai="82" doraHaiUra="55" who="3" fromWho="1" sc="235,0,265,-55,265,0,225,65" /><INIT seed="2,0,0,4,3,106" ten="235,210,265,290" oya="2" hai0="125,40,126,113,1,45,122,51,42,129,75,98,56" hai1="38,16,53,2,3,59,124,7,17,71,49,39,103" hai2="21,81,112,95,114,44,63,90,18,84,133,24,108" hai3="109,22,86,73,26,5,19,50,32,41,47,127,52"/><V37/><F133/><W54/><G73/><T68/><D68/><U35/><E124/><N who="0" m="47721" /><D1/><U36/><E35/><V55/><F108/><W27/><G127/><T99/><D122/><U11/><E71/><V78/><F37/><W64/><G109/><T57/><D113/><U101/><REACH who="1" step="1"/><E3/><REACH who="1" ten="235,200,265,290" step="2"/><V65/><F114/><W43/><G32/><T25/><D129/><U48/><E48/><V130/><F130/><W79/><G50/><T120/><D120/><U88/><E88/><V4/><F112/><W111/><G111/><T72/><D40/><U134/><E134/><V12/><F90/><W121/><G43/><T9/><D42/><U107/><E107/><V67/><F63/><W110/><G41/><T76/><D51/><U31/><E31/><V14/><F78/><W13/><G79/><T115/><D76/><U116/><E116/><V100/><F100/><AGARI ba="0,1" hai="2,7,11,16,17,36,38,39,49,53,59,100,101,103" machi="100" ten="40,2600,0" yaku="1,1,54,1,53,0" doraHai="106" doraHaiUra="135" who="1" fromWho="2" sc="235,0,200,36,265,-26,290,0" /><INIT seed="3,0,0,3,0,38" ten="235,236,239,290" oya="3" hai0="36,103,114,59,92,3,121,99,68,7,20,85,55" hai1="122,96,118,70,93,71,24,129,78,113,83,98,46" hai2="47,125,130,133,90,127,9,77,89,115,40,110,88" hai3="62,2,29,67,80,42,97,37,84,6,72,57,15"/><W75/><G2/><T50/><D121/><U126/><E122/><V14/><F115/><W16/><G6/><T10/><D114/><U33/><E113/><V116/><F116/><W49/><G37/><T109/><D109/><U22/><E126/><N who="2" m="48139" /><F110/><W105/><G29/><T12/><D68/><U79/><E129/><V104/><F104/><W27/><G27/><T131/><D131/><U81/><E118/><V69/><F69/><W107/><G75/><T56/><D36/><U58/><E33/><V95/><F77/><W4/><G4/><T13/><D85/><U41/><E70/><V124/><N who="2" m="48147" /><V11/><DORA hai="100" /><F130/><W28/><G28/><T51/><REACH who="0" step="1"/><D20/><REACH who="0" ten="225,236,239,290" step="2"/><U34/><E71/><V63/><F133/><W123/><G123/><T52/><AGARI ba="0,1" hai="3,7,10,12,13,50,51,52,55,56,59,92,99,103" machi="52" ten="30,8000,1" yaku="1,1,2,1,0,1,9,1,54,1,53,0" doraHai="38,100" doraHaiUra="66,18" who="0" fromWho="0" sc="225,90,236,-20,239,-20,290,-40" owari="315,41.0,216,-28.0,219,-18.0,250,5.0" /></mjloggm>