<mjloggm ver="2.3"><GO type="169" lobby="0"/><UN n0="%73%61%6E%64%69%72%69%73" n1="%E4%B8%8A%E5%AE%B6%E3%81%AF%E6%80%AA%E3%81%97%E3%81%84%EF%BC%81%EF%BC%81" n2="%E3%82%A6%E3%83%AB%E3%83%88%E3%83%A9%E7%AB%8B%E7%9B%B4" n3="%74%61%6B%61%79%79%79%79" dan="16,18,18,16" rate="2104.10,2192.06,2236.40,2075.71" sx="M,M,M,M"/><TAIKYOKU oya="0"/><INIT seed="0,0,0,0,3,102" ten="250,250,250,250" oya="0" hai0="56,89,37,62,8,41,58,26,107,14,53,99,19" hai1="35,23,68,11,30,134,76,6,13,111,103,16,18" hai2="42,95,115,106,46,20,4,27,84,10,57,49,34" hai3="82,97,135,65,25,45,114,113,93,132,133,124,92"/><T81/><D37/><U3/><E68/><V70/><F70/><W72/><G65/><T1/><D1/><U63/><E134/><V66/><F34/><W85/><G45/><T40/><D26/><N who="1" m="18903" /><E111/><V127/><F106/><W77/><G124/><T98/><D58/><U39/><E39/><V96/><F127/><W51/><G51/><T104/><D99/><U60/><E76/><V2/><F84/><W50/><G50/><T86/><REACH who="0" step="1"/><D98/><REACH who="0" ten="240,250,250,250" step="2"/><U121/><E121/><V5/><F2/><W48/><G114/><T43/><AGARI ba="0,1" hai="8,14,19,40,41,43,53,56,62,81,86,89,104,107" machi="43" ten="30,12000,1" yaku="1,1,2,1,0,1,52,2,53,0" doraHai="102" doraHaiUra="32" who="0" fromWho="0" sc="240,130,250,-40,250,-40,250,-40" /><INIT seed="0,1,0,5,4,6" ten="370,210,210,210" oya="0" hai0="98,93,80,88,51,13,50,29,85,72,129,118,114" hai1="2,49,34,0,124,97,23,57,61,22,134,20,101" hai2="45,27,128,86,65,79,135,14,39,44,71,102,121" hai3="35,84,53,8,26,16,69,25,59,123,133,62,9"/><T19/><D129/><U92/><E34/><V131/><F121/><W104/><G69/><T120/><D118/><U10/><E124/><V5/><F102/><W24/><G35/><T90/><D114/><U87/><E134/><V12/><F27/><N who="3" m="10315" /><G104/><T105/><D120/><U33/><E33/><V74/><F74/><W36/><G36/><T64/><D105/><U58/><E87/><V66/><F86/><W127/><G133/><T77/><D29/><U73/><E73/><V108/><F5/><W37/><G37/><T126/><D64/><U125/><E125/><V91/><F39/><W68/><G68/><T117/><D117/><U96/><E96/><V18/><F71/><W11/><G127/><T63/><D63/><U31/><E31/><V48/><F135/><W3/><G3/><T81/><REACH who="0" step="1"/><D126/><REACH who="0" ten="360,210,210,210" step="2"/><U95/><E61/><V82/><F66/><W67/><G123/><T60/><D60/><U28/><E28/><V21/><F65/><W119/><G119/><T132/><D132/><U52/><E57/><V122/><F131/><W70/><G70/><T76/><D76/><U103/><E58/><V94/><F128/><W115/><G115/><T4/><D4/><U43/><E49/><V78/><F48/><W56/><G67/><T130/><D130/><U46/><E46/><N who="2" m="18027" /><F79/><W7/><G59/><T112/><D112/><U100/><E0/><V54/><F122/><W106/><G106/><T116/><D116/><U110/><E2/><V41/><F78/><W99/><G7/><T32/><D32/><U40/><E40/><V15/><F41/><W83/><G56/><RYUUKYOKU ba="1,1" sc="360,30,210,-10,210,-10,210,-10" hai0="13,19,50,51,72,77,80,81,85,88,90,93,98" /><INIT seed="0,2,1,5,3,101" ten="390,200,200,200" oya="0" hai0="67,25,42,23,60,66,39,33,44,114,9,119,127" hai1="109,107,37,73,40,105,15,115,93,123,131,102,4" hai2="128,32,97,117,88,112,13,38,108,18,36,52,45" hai3="71,113,43,28,75,26,118,68,76,87,10,81,120"/><T133/><D33/><U89/><E123/><V49/><F32/><W96/><G118/><T70/><D114/><U104/><E37/><V3/><F112/><W90/><G113/><T83/><D119/><U14/><E40/><V41/><F117/><W29/><G120/><T55/><D133/><U94/><E115/><V110/><F3/><W0/><G43/><T27/><D127/><U129/><E73/><V19/><F128/><N who="1" m="49225" /><E109/><N who="2" m="42091" /><F41/><W64/><G96/><T122/><D122/><U72/><E72/><V99/><F99/><W7/><G64/><T103/><D67/><U78/><E78/><V57/><F45/><W116/><G116/><T22/><D103/><U80/><E80/><V98/><F98/><W62/><G62/><T92/><D92/><U121/><E121/><V125/><F125/><W8/><G8/><T34/><D9/><N who="1" m="4391" /><E102/><V50/><F50/><W24/><G24/><T6/><D83/><U5/><E89/><V1/><F1/><W54/><G54/><T69/><D6/><U91/><E91/><V21/><F19/><W61/><G61/><T100/><D100/><U48/><E48/><V63/><F63/><W84/><G29/><N who="0" m="19775" /><D70/><U77/><E77/><V31/><F31/><W86/><REACH who="3" step="1"/><G90/><REACH who="3" ten="390,200,200,190" step="2"/><T65/><D65/><U74/><E74/><V132/><F132/><W106/><G106/><T20/><D55/><U85/><E85/><V17/><F17/><W130/><G130/><T47/><D25/><U35/><E35/><AGARI ba="2,2" hai="0,7,10,26,28,35,68,71,75,76,81,84,86,87" machi="35" ten="40,1300,0" yaku="1,1,53,0" doraHai="101" doraHaiUra="12" who="3" fromWho="1" sc="390,0,200,-19,200,0,190,39" /><INIT seed="1,0,0,4,2,25" ten="390,181,200,229" oya="1" hai0="124,26,102,132,9,120,32,88,45,104,1,116,109" hai1="121,8,129,128,72,11,68,54,100,82,14,36,27" hai2="21,38,66,81,61,113,47,89,131,44,69,76,95" hai3="13,103,93,85,29,77,80,7,48,134,78,91,4"/><U35/><E121/><V127/><F131/><N who="1" m="50249" /><E36/><V65/><F127/><W31/><G134/><T37/><D88/><U22/><E68/><V101/><F101/><W59/><G59/><T96/><D116/><U56/><E100/><V99/><F113/><W10/><G4/><N who="0" m="1167" /><D109/><U5/><E35/><V23/><F66/><W40/><G103/><T105/><D132/><U41/><E41/><V42/><REACH who="2" step="1"/><F47/><REACH who="2" ten="390,181,190,229" step="2"/><N who="3" m="25703" /><G78/><T123/><D124/><U92/><E56/><V125/><F125/><W43/><G43/><N who="0" m="22767" /><D105/><U106/><E106/><V87/><AGARI ba="0,1" hai="21,23,38,42,44,61,65,69,76,81,87,89,95,99" machi="87" ten="20,5200,0" yaku="1,1,0,1,7,1,53,1" doraHai="25" doraHaiUra="64" who="2" fromWho="2" sc="390,-13,181,-26,190,62,229,-13" /><INIT seed="2,0,0,1,5,54" ten="377,155,252,216" oya="2" hai0="3,122,7,13,95,81,47,135,20,49,79,31,43" hai1="44,58,0,116,100,41,86,133,96,88,46,132,73" hai2="71,59,72,15,1,6,102,127,32,33,70,87,130" hai3="89,119,74,104,2,124,75,26,131,8,105,14,29"/><V94/><F72/><W51/><G119/><T112/><D112/><U67/><E0/><V121/><F1/><W48/><G124/><T66/><D122/><U11/><E73/><V103/><F121/><W117/><G117/><T107/><D107/><U12/><E116/><V110/><F127/><W113/><G131/><T56/><D135/><N who="1" m="51787" /><E41/><V50/><F71/><W25/><G89/><T92/><D3/><U128/><E128/><V91/><F70/><W126/><G2/><T45/><D45/><U99/><E96/><V115/><F115/><W78/><G126/><T111/><D111/><U82/><E99/><V93/><F32/><W65/><G65/><T101/><D101/><N who="2" m="38410" /><F33/><W19/><G113/><T85/><D31/><U28/><E100/><V68/><F68/><W22/><G26/><T134/><D134/><U77/><E28/><V21/><F110/><W61/><G104/><T129/><D129/><U60/><E77/><V57/><F130/><W62/><G78/><T90/><D90/><U55/><E67/><V16/><F6/><AGARI ba="0,0" hai="6,11,12,44,46,55,58,60,82,86,88" m="51787" machi="6" ten="30,3900,0" yaku="20,1,52,1,54,1" doraHai="54" who="1" fromWho="2" sc="377,0,155,39,252,-39,216,0" /><INIT seed="3,0,0,0,4,3" ten="377,194,213,216" oya="3" hai0="102,129,37,52,110,6,63,96,4,111,19,14,39" hai1="125,13,123,75,27,9,33,29,120,121,127,76,128" hai2="118,67,134,5,77,90,18,107,71,51,100,94,72" hai3="70,89,82,12,17,62,113,7,81,99,66,109,54"/><W30/><G113/><T60/><D129/><U88/><E128/><V1/><F18/><W25/><G109/><N who="0" m="41483" /><D39/><U47/><E47/><V64/><F71/><W103/><G54/><T119/><D37/><U61/><E61/><N who="0" m="23625" /><D52/><U114/><E114/><V45/><F134/><W22/><G89/><T46/><D46/><U131/><E131/><V35/><F35/><W16/><G17/><T26/><D26/><U38/><E38/><V28/><F28/><W83/><G7/><T41/><D41/><U10/><E88/><V11/><F118/><W117/><G117/><T21/><D119/><U84/><E75/><V78/><F67/><W74/><G74/><T79/><D79/><U85/><E76/><V34/><F64/><W93/><REACH who="3" step="1"/><G82/><REACH who="3" ten="377,194,213,206" step="2"/><T105/><AGARI ba="0,1" hai="4,6,14,19,21,96,102,105" m="23625,41483" machi="105" ten="30,4000,0" yaku="14,1,52,2" doraHai="3" who="0" fromWho="0" sc="377,50,194,-10,213,-10,206,-20" /><INIT seed="4,0,0,1,0,30" ten="427,184,203,186" oya="0" hai0="95,102,101,15,133,104,59,9,92,6,108,82,122" hai1="61,56,113,2,98,114,16,115,111,57,31,23,19" hai2="66,1,13,35,110,100,45,71,134,68,81,131,129" hai3="52,46,119,21,17,74,77,93,65,5,29,8,26"/><T90/><D122/><U18/><E111/><V58/><F1/><W75/><G119/><T72/><D133/><U78/><E2/><V121/><F110/><W79/><G75/><T51/><D108/><U109/><E109/><V94/><F35/><W130/><G74/><T10/><D104/><U34/><E78/><N who="3" m="29706" /><G130/><T69/><D69/><U41/><E41/><V128/><F81/><W89/><G65/><T14/><D72/><U126/><E126/><V22/><F45/><W125/><G125/><T40/><D82/><U48/><E98/><V37/><F37/><W63/><G63/><T76/><D76/><U106/><E106/><V83/><F83/><W32/><G32/><T87/><D95/><U103/><E103/><V11/><F134/><W80/><G80/><T54/><REACH who="0" step="1"/><D40/><REACH who="0" ten="417,184,203,186" step="2"/><U43/><E43/><V117/><F121/><W67/><G93/><T4/><AGARI ba="0,1" hai="4,6,9,10,14,15,51,54,59,87,90,92,101,102" machi="4" ten="20,18000,2" yaku="1,1,2,1,0,1,7,1,9,1,8,1,53,0" doraHai="30" doraHaiUra="120" who="0" fromWho="0" sc="417,190,184,-60,203,-60,186,-60" /><INIT seed="4,1,0,5,2,80" ten="607,124,143,126" oya="0" hai0="94,13,96,98,132,17,22,77,106,67,116,131,40" hai1="76,119,20,75,45,25,65,21,16,14,110,33,111" hai2="48,84,95,81,85,56,2,52,127,41,107,109,82" hai3="39,70,7,104,79,54,37,53,32,24,10,46,4"/><T58/><D116/><U66/><E119/><V29/><F107/><W49/><G104/><T64/><D132/><U97/><E33/><V74/><F2/><W86/><G70/><T51/><D131/><U9/><E45/><N who="2" m="25647" /><F74/><W42/><G7/><T101/><D77/><U61/><E20/><V3/><F3/><W128/><G128/><T5/><D5/><U120/><E120/><V50/><F109/><W1/><G32/><T44/><REACH who="0" step="1"/><D58/><REACH who="0" ten="597,124,143,126" step="2"/><U118/><E118/><V71/><F71/><W57/><G57/><T73/><D73/><U83/><E111/><V27/><F56/><W91/><G4/><T87/><D87/><U99/><E110/><V89/><F85/><W34/><G86/><T36/><D36/><U23/><E75/><V115/><F84/><W134/><G79/><T112/><D112/><U124/><E76/><V55/><F115/><W117/><G39/><T11/><D11/><U31/><E9/><V123/><F82/><W108/><G10/><T105/><D105/><U30/><E83/><V72/><F81/><W114/><G37/><T90/><AGARI ba="1,1" hai="13,17,22,40,44,51,64,67,90,94,96,98,101,106" machi="90" ten="20,7800,0" yaku="1,1,0,1,7,1,53,1" doraHai="80" doraHaiUra="18" who="0" fromWho="0" sc="597,91,124,-27,143,-27,126,-27" /><INIT seed="4,2,0,1,2,58" ten="688,97,116,99" oya="0" hai0="127,28,55,94,110,96,135,133,47,90,26,39,1" hai1="34,80,31,78,2,103,56,3,112,52,109,32,63" hai2="43,128,95,35,91,89,92,54,77,70,67,0,29" hai3="57,106,10,114,75,53,62,15,27,107,13,50,93"/><T66/><D1/><U20/><E109/><V23/><F35/><W33/><G75/><T76/><D127/><U4/><E103/><V60/><F43/><W7/><G114/><T116/><D116/><U72/><E112/><V8/><F77/><W119/><G119/><T101/><D110/><U73/><E72/><V118/><F54/><W85/><G15/><T21/><D76/><U64/><E2/><V17/><F29/><W5/><G5/><T81/><D66/><U125/><E125/><V83/><F83/><W88/><REACH who="3" step="1"/><G50/><REACH who="3" ten="688,97,116,89" step="2"/><T122/><D39/><U40/><E4/><V126/><F126/><W117/><G117/><T18/><D122/><U68/><E3/><V98/><F0/><W48/><G48/><N who="0" m="29087" /><D135/><U86/><E73/><V14/><F118/><W87/><G87/><N who="0" m="50543" /><D133/><U51/><REACH who="1" step="1"/><E40/><REACH who="1" ten="688,87,116,89" step="2"/><V74/><F74/><W102/><G102/><T115/><D115/><U16/><E16/><AGARI ba="2,2" hai="16,18,21,26,28,94,96,101" m="50543,29087" machi="16" ten="30,2900,0" yaku="8,1,54,1" doraHai="58" who="0" fromWho="1" sc="688,55,87,-35,116,0,89,0" /><INIT seed="4,3,0,2,1,109" ten="743,52,116,89" oya="0" hai0="75,88,18,121,83,68,65,82,100,33,72,61,27" hai1="39,21,122,115,105,114,73,20,4,125,46,119,130" hai2="54,26,79,41,66,113,132,0,70,86,97,45,127" hai3="107,34,48,80,76,52,62,37,124,135,96,17,98"/><T36/><D36/><U53/><E119/><V38/><F0/><W111/><G111/><T58/><D121/><U44/><E122/><V49/><F97/><N who="3" m="37483" /><G34/><T60/><D100/><U133/><E105/><V78/><F86/><N who="3" m="48391" /><G37/><T10/><D82/><U28/><E73/><V23/><F79/><W85/><G107/><T134/><D134/><U108/><E108/><V116/><F78/><W81/><G135/><T15/><D33/><U32/><E133/><V67/><F127/><W14/><G124/><T7/><D27/><N who="1" m="18463" /><E125/><V6/><F70/><W22/><G62/><T77/><D7/><U19/><E4/><V64/><F6/><W110/><G110/><T59/><D75/><U35/><E35/><V93/><F116/><W89/><G48/><T29/><D29/><U103/><E103/><V30/><F132/><W106/><G106/><T123/><D123/><U50/><E130/><V12/><F38/><W3/><G3/><T112/><D72/><U42/><E19/><V56/><F12/><W74/><G74/><T95/><D77/><U55/><E55/><AGARI ba="3,0" hai="14,17,22,52,55,81,85,89" m="48391,37483" machi="55" ten="30,2000,0" yaku="8,1,54,1" doraHai="109" who="3" fromWho="1" sc="743,0,52,-29,116,0,89,29" /><INIT seed="5,0,0,4,0,0" ten="743,23,116,118" oya="1" hai0="105,123,35,12,133,56,22,85,134,101,83,26,75" hai1="73,15,67,94,20,80,2,52,7,100,21,53,78" hai2="104,103,37,32,65,54,33,11,69,122,77,19,87" hai3="57,10,118,116,48,29,3,16,127,124,25,9,96"/><U129/><E129/><V14/><F37/><W88/><G3/><T43/><D75/><U49/><E67/><V1/><F1/><W5/><G57/><T31/><D43/><U132/><E132/><V130/><F122/><W62/><G62/><T110/><D110/><U81/><E80/><V92/><F104/><W51/><G16/><N who="0" m="10503" /><D56/><U112/><E112/><V115/><F33/><N who="3" m="20655" /><G88/><N who="0" m="51263" /><D101/><U61/><E2/><V126/><F32/><W66/><G66/><T4/><D105/><U18/><E61/><V106/><F106/><W74/><G96/><T36/><D36/><U13/><E49/><N who="3" m="19018" /><G5/><T46/><D46/><U108/><E108/><V44/><F130/><W71/><G71/><T91/><D91/><U111/><E111/><V102/><F115/><W97/><G97/><T135/><D4/><U107/><E107/><V70/><F65/><W47/><G47/><T125/><D123/><U8/><REACH who="1" step="1"/><E21/><REACH who="1" ten="743,13,116,118" step="2"/><N who="2" m="11511" /><F126/><AGARI ba="0,1" hai="26,31,35,125,126,133,134,135" m="51263,10503" machi="126" ten="40,5200,0" yaku="20,1,54,2" doraHai="0" who="0" fromWho="2" sc="743,62,13,0,116,-52,118,0" /><INIT seed="6,0,0,5,3,47" ten="805,13,64,118" oya="2" hai0="111,57,128,69,36,43,127,24,63,6,26,66,40" hai1="64,118,135,78,130,123,84,12,29,17,74,99,96" hai2="46,98,53,38,108,101,89,79,15,80,41,8,112" hai3="7,67,132,22,97,35,113,34,120,58,114,92,93"/><V81/><F112/><N who="3" m="43115" /><G120/><T134/><D111/><U88/><E123/><V86/><F108/><W28/><G132/><T62/><D6/><U33/><E118/><V83/><F53/><W56/><G7/><T87/><D134/><U82/><E135/><V52/><F79/><W19/><G28/><T126/><D128/><U116/><E116/><V73/><F73/><W10/><G10/><T45/><D87/><U48/><E130/><V44/><F44/><W32/><G67/><N who="0" m="41215" /><D24/><U85/><E64/><V65/><F65/><W51/><G51/><N who="0" m="27047" /><D26/><U94/><E74/><V107/><F52/><W133/><G133/><T129/><D129/><U5/><E5/><AGARI ba="0,0" hai="5,8,15,38,41,46,80,81,83,86,89,98,101,107" machi="5" ten="30,1500,0" yaku="7,1" doraHai="47" who="2" fromWho="1" sc="805,0,13,-15,64,15,118,0" owari="805,90.0,-2,-50.0,79,-32.0,118,-8.0" /></mjloggm>