<mjloggm ver="2.3"><GO type="169" lobby="0"/><UN n0="%E3%82%A6%E3%83%AB%E3%83%88%E3%83%A9%E7%AB%8B%E7%9B%B4" n1="%7A%6B%75%72%74" n2="%E5%9B%BD%E8%A6%8B%E6%AF%94%E5%91%82" n3="%E3%82%AB%E3%83%9D%E3%83%8D%E5%9B%A3%E3%81%AE%E5%85%84%E8%B2%B4" dan="17,18,17,17" rate="2221.48,2214.17,2174.62,2141.46" sx="M,M,M,M"/><TAIKYOKU oya="0"/><INIT seed="0,0,0,3,4,132" ten="250,250,250,250" oya="0" hai0="76,42,90,0,27,78,33,17,129,57,89,114,65" hai1="38,16,49,8,134,59,73,116,48,98,60,110,118" hai2="121,7,1,11,19,80,20,91,127,122,43,63,111" hai3="100,2,18,109,92,24,79,128,35,87,58,106,120"/><T103/><D0/><U45/><E73/><V39/><F111/><W123/><G2/><T28/><D114/><U102/><E110/><V93/><F80/><N who="3" m="47519" /><G109/><T41/><D129/><U95/><E134/><V117/><F117/><W67/><G128/><T47/><D103/><U55/><E38/><V112/><F112/><W105/><G67/><T77/><D17/><U66/><REACH who="1" step="1"/><E49/><REACH who="1" ten="250,240,250,250" step="2"/><V21/><F39/><W9/><G120/><T101/><D101/><U75/><E75/><V88/><F121/><W12/><G123/><T74/><D74/><U125/><E125/><V13/><F122/><W31/><G106/><T71/><D71/><U96/><E96/><V69/><F127/><W113/><G105/><T30/><D30/><U50/><E50/><V81/><F69/><W94/><G100/><T54/><D65/><U131/><E131/><V70/><F70/><W85/><G113/><T25/><D25/><U56/><E56/><V86/><F63/><W72/><G58/><T10/><D57/><U22/><E22/><V29/><F29/><W52/><G72/><T115/><D115/><U62/><E62/><V51/><F21/><W34/><G34/><T108/><D108/><U135/><E135/><V130/><F130/><W36/><G36/><T119/><D119/><U97/><E97/><N who="2" m="57511" /><F51/><W53/><G85/><T99/><D99/><U37/><E37/><V40/><F20/><W26/><G26/><T104/><D104/><U44/><E44/><V14/><F86/><W64/><G64/><T32/><D32/><U133/><E133/><V61/><F61/><W23/><G35/><RYUUKYOKU ba="0,1" sc="250,-15,240,15,250,-15,250,15" hai1="8,16,45,48,55,59,60,66,95,98,102,116,118" hai3="9,12,18,23,24,31,52,53,92,94" /><INIT seed="1,1,1,4,0,84" ten="235,255,235,265" oya="1" hai0="90,61,32,124,69,82,101,14,9,73,1,5,66" hai1="103,87,76,110,88,36,134,115,119,71,57,39,97" hai2="7,72,23,109,92,135,127,121,132,49,6,20,3" hai3="91,50,68,30,74,38,52,83,98,102,79,4,53"/><U43/><E71/><V85/><F121/><W93/><G38/><T51/><D124/><U59/><E119/><V131/><F72/><W29/><G4/><N who="2" m="1577" /><F3/><W22/><G68/><T105/><D32/><U113/><E134/><N who="2" m="51243" /><F127/><W55/><G50/><T64/><D64/><U24/><E76/><V34/><F109/><W21/><G21/><T28/><D28/><U31/><E110/><V108/><F108/><W117/><G117/><T99/><D51/><U112/><E43/><V15/><F34/><W130/><G130/><T19/><D73/><U111/><E111/><V40/><F15/><W27/><REACH who="3" step="1"/><G29/><REACH who="3" ten="235,255,235,255" step="2"/><T133/><D133/><U75/><E39/><V58/><F131/><W10/><G10/><T65/><D69/><U37/><E37/><V86/><F20/><W118/><G118/><T125/><D125/><U26/><E36/><V2/><F23/><W60/><G60/><T89/><D61/><U0/><E31/><V12/><F49/><W126/><G126/><T107/><D9/><U56/><E0/><V94/><F2/><W120/><G120/><T63/><D63/><U17/><E17/><V46/><F40/><W41/><G41/><T45/><D19/><U96/><E112/><V54/><F54/><W116/><G116/><T11/><D1/><U35/><E113/><V95/><F46/><W8/><G8/><T18/><D45/><U44/><E44/><V128/><F128/><W77/><G77/><T13/><D18/><U78/><E115/><V106/><F58/><W67/><G67/><T123/><D65/><U33/><E59/><V104/><F12/><RYUUKYOKU ba="1,2" sc="235,-15,255,-15,235,15,255,15" hai2="85,86,92,94,95,104,106" hai3="22,27,30,52,53,55,74,79,83,91,93,98,102" /><INIT seed="2,2,2,1,4,90" ten="220,240,250,270" oya="2" hai0="112,49,119,65,55,4,95,129,0,109,43,62,46" hai1="29,132,99,88,79,89,26,15,11,113,102,13,39" hai2="32,58,14,122,71,114,57,107,96,5,63,82,69" hai3="67,44,104,34,53,7,103,2,110,93,27,121,70"/><V94/><F114/><W25/><G53/><T105/><D105/><U61/><E39/><V66/><F122/><W91/><G44/><T16/><D112/><U38/><E38/><V24/><F71/><W1/><G27/><T108/><D119/><U19/><E113/><V56/><F82/><W41/><G41/><T8/><D129/><U20/><E132/><V120/><F120/><W22/><G7/><T30/><D30/><U135/><E135/><V78/><F78/><W48/><G48/><T118/><D118/><U54/><E79/><V127/><F127/><W45/><G45/><T23/><D43/><U10/><E61/><V106/><F32/><W125/><G22/><T31/><D31/><U75/><E75/><V85/><F85/><N who="3" m="52463" /><G125/><T18/><D95/><N who="1" m="58751" /><E54/><V133/><F24/><W42/><G42/><T87/><D87/><U77/><E77/><V35/><F35/><W40/><G40/><T98/><D98/><U47/><E47/><V100/><REACH who="2" step="1"/><F133/><REACH who="2" ten="220,240,240,270" step="2"/><W83/><G25/><T17/><REACH who="0" step="1"/><D23/><REACH who="0" ten="210,240,240,270" step="2"/><U74/><E74/><V117/><F117/><W3/><G34/><T73/><D73/><U128/><E128/><V64/><F64/><W123/><G121/><T92/><D92/><U81/><E81/><V126/><F126/><W21/><G83/><T101/><D101/><U84/><E84/><V116/><F116/><W76/><G21/><T134/><D134/><U68/><E68/><AGARI ba="2,4" hai="0,4,8,16,17,18,46,49,55,62,65,68,108,109" machi="68" ten="40,2600,0" yaku="1,1,54,1,53,0" doraHai="90" doraHaiUra="36" who="0" fromWho="1" sc="210,72,240,-32,240,0,270,0" /><INIT seed="3,0,0,4,0,60" ten="282,208,240,270" oya="3" hai0="37,16,79,122,123,119,15,83,128,68,70,111,91" hai1="77,71,61,76,7,121,98,130,1,24,107,8,52" hai2="94,0,41,53,127,125,126,108,95,19,133,48,58" hai3="66,65,103,25,57,78,118,115,117,124,86,34,102"/><W38/><G38/><T51/><D37/><U45/><E121/><V31/><F108/><W100/><G115/><T80/><D119/><U72/><E130/><V89/><F133/><W93/><G124/><T99/><D111/><U18/><E72/><V43/><F31/><W30/><G57/><T42/><D128/><U22/><E71/><V20/><F0/><W81/><REACH who="3" step="1"/><G93/><REACH who="3" ten="282,208,240,260" step="2"/><T109/><D109/><U120/><E120/><V3/><F95/><W27/><G27/><T4/><D70/><U56/><REACH who="1" step="1"/><E45/><REACH who="1" ten="282,198,240,260" step="2"/><N who="2" m="25663" /><F127/><W44/><G44/><T97/><D68/><U114/><E114/><V135/><F125/><W47/><G47/><T35/><D122/><U96/><E96/><V21/><F126/><W104/><G104/><T9/><D99/><U92/><E92/><V85/><F94/><W113/><G113/><T73/><D97/><U50/><E50/><V23/><F135/><W32/><G32/><T82/><D35/><U59/><E59/><V5/><F58/><W110/><G110/><T116/><D51/><U6/><E6/><V134/><F5/><W28/><G28/><T112/><D4/><U75/><E75/><V17/><F134/><W62/><G62/><T2/><D73/><U10/><E10/><V14/><F85/><W67/><AGARI ba="0,2" hai="25,30,34,65,66,67,78,81,86,100,102,103,117,118" machi="67" ten="30,12000,1" yaku="1,1,0,1,52,3,53,0" doraHai="60" doraHaiUra="84" who="3" fromWho="3" sc="282,-40,198,-40,240,-40,260,140" /><INIT seed="3,1,0,0,3,30" ten="242,158,200,400" oya="3" hai0="71,98,80,92,23,19,91,18,67,122,125,32,22" hai1="25,34,73,111,16,6,17,99,5,31,12,95,13" hai2="36,70,44,49,134,2,79,132,76,104,7,83,117" hai3="29,33,103,41,90,9,107,69,100,24,119,54,89"/><W63/><G119/><T47/><D122/><U46/><E73/><V112/><F117/><W42/><G9/><T114/><D125/><U60/><E111/><V43/><F112/><W66/><G54/><T51/><D114/><U28/><E28/><V48/><F70/><W68/><G68/><T58/><D32/><U77/><E77/><V78/><F104/><W115/><G115/><T21/><D71/><U116/><E116/><V135/><REACH who="2" step="1"/><F83/><REACH who="2" ten="242,158,190,400" step="2"/><W0/><G0/><T123/><D123/><U102/><E60/><V81/><F81/><W118/><G118/><T128/><D80/><U35/><E35/><V130/><F130/><W27/><G107/><T53/><D128/><U10/><REACH who="1" step="1"/><E46/><REACH who="1" ten="242,148,190,400" step="2"/><V8/><AGARI ba="1,2" hai="2,7,8,36,43,44,48,49,76,78,79,132,134,135" machi="8" ten="40,5200,0" yaku="1,1,0,1,20,1,53,0" doraHai="30" doraHaiUra="121" who="2" fromWho="2" sc="242,-14,148,-14,190,75,400,-27" /><INIT seed="4,0,0,5,2,95" ten="228,134,265,373" oya="0" hai0="58,6,102,64,33,28,46,94,101,88,71,108,62" hai1="90,113,114,127,111,52,86,36,79,70,134,123,43" hai2="63,66,21,74,5,104,106,1,124,48,19,93,128" hai3="91,26,31,17,55,12,10,116,32,56,130,15,69"/><T16/><D108/><U38/><E123/><V0/><F74/><W129/><G69/><T77/><D6/><U45/><E111/><V7/><F128/><N who="3" m="49259" /><G116/><T112/><D112/><N who="1" m="43115" /><E70/><V126/><F48/><N who="3" m="30823" /><G91/><T84/><D71/><U107/><E127/><V97/><F63/><W117/><G117/><T96/><D28/><U47/><E134/><V4/><F66/><W122/><G12/><T99/><D33/><U27/><E107/><V39/><F39/><W61/><G61/><T53/><D64/><U76/><E27/><N who="2" m="14783" /><F106/><W118/><G118/><T34/><D34/><U23/><E23/><V67/><F104/><W110/><G110/><T37/><D37/><U105/><E105/><V9/><F67/><W2/><G2/><T73/><D46/><U14/><E14/><V125/><F0/><W78/><G78/><T87/><D77/><U3/><E3/><V25/><F25/><W50/><G50/><T24/><D102/><AGARI ba="0,0" hai="1,4,5,7,9,93,97,102,124,125,126" m="14783" machi="102" ten="30,2000,0" yaku="18,1,52,1" doraHai="95" who="2" fromWho="0" sc="228,-20,134,0,265,20,373,0" /><INIT seed="5,0,0,2,4,63" ten="208,134,285,373" oya="1" hai0="105,104,44,128,56,4,60,132,98,131,61,52,26" hai1="82,86,9,73,101,23,21,33,85,93,41,20,16" hai2="96,110,38,62,87,77,17,92,81,124,29,70,51" hai3="125,76,45,115,127,118,32,66,116,119,83,120,90"/><U94/><E33/><V75/><F110/><W15/><G32/><T1/><D1/><U46/><E73/><V126/><F38/><W3/><G3/><T84/><D4/><U40/><E101/><V2/><F29/><W22/><G45/><T103/><D132/><U55/><E55/><V37/><F37/><W129/><G120/><T58/><D44/><U25/><E86/><V27/><F2/><W8/><G22/><T42/><D42/><N who="1" m="16491" /><E46/><V135/><F51/><W13/><G90/><T57/><D57/><U36/><E36/><V134/><F27/><W43/><G43/><T68/><D68/><U122/><E122/><V117/><F17/><W108/><G108/><T72/><D72/><U53/><E53/><V88/><F117/><W130/><G115/><T59/><D84/><U121/><E121/><V35/><F35/><W106/><G106/><T67/><D59/><U6/><E6/><V112/><F112/><W91/><G91/><T95/><REACH who="0" step="1"/><D26/><REACH who="0" ten="198,134,285,373" step="2"/><U0/><E0/><V100/><F134/><W79/><G116/><T7/><D7/><U18/><E25/><V64/><REACH who="2" step="1"/><F135/><REACH who="2" ten="198,134,275,373" step="2"/><W31/><G118/><T5/><D5/><U10/><E10/><V65/><F65/><W30/><G66/><T99/><D99/><U74/><E9/><V69/><F69/><W28/><G119/><T39/><D39/><U102/><E18/><V14/><F14/><W24/><G8/><T80/><D80/><AGARI ba="0,2" hai="62,64,70,75,77,80,81,87,88,92,96,100,124,126" machi="80" ten="40,8000,1" yaku="1,1,52,1,54,1,53,1" doraHai="63" doraHaiUra="97" who="2" fromWho="0" sc="198,-80,134,0,275,100,373,0" /><INIT seed="6,0,0,4,2,99" ten="118,134,375,373" oya="2" hai0="73,97,2,44,108,130,106,59,54,116,30,103,124" hai1="67,79,66,22,52,121,84,34,20,25,72,65,64" hai2="110,114,115,77,126,18,43,15,63,21,11,6,31" hai3="98,16,105,14,47,37,101,117,96,82,102,119,50"/><V69/><F77/><W17/><G82/><T61/><D108/><U57/><E72/><V107/><F107/><W0/><G37/><T125/><D73/><U26/><E121/><V41/><F110/><W133/><G0/><T94/><D2/><U36/><E36/><V13/><F126/><N who="0" m="48746" /><D130/><U78/><E34/><V60/><F31/><W87/><G87/><T100/><D116/><U91/><N who="1" m="16384" /><DORA hai="38" /><U8/><E8/><V92/><F92/><W111/><G133/><T48/><D30/><N who="1" m="17703" /><E91/><V128/><F128/><W10/><G17/><T29/><D29/><N who="1" m="17623" /><E84/><V134/><F69/><W35/><G35/><T81/><D81/><U24/><E24/><V46/><F134/><W62/><G62/><AGARI ba="0,0" hai="52,57,62,78,79" m="17623,17703,16384" machi="62" ten="40,2600,0" yaku="8,1,54,1" doraHai="99,38" who="1" fromWho="3" sc="118,0,134,26,375,0,373,-26" /><INIT seed="7,0,0,4,3,116" ten="118,160,375,347" oya="3" hai0="78,55,6,105,25,49,57,36,54,129,90,35,107" hai1="109,40,73,76,47,103,22,66,119,130,56,84,106" hai2="8,5,63,10,59,121,44,83,31,81,43,131,52" hai3="42,23,64,100,115,3,113,61,122,16,99,75,58"/><W7/><G75/><T45/><D129/><U34/><E34/><V27/><F131/><W86/><G122/><T1/><D78/><U21/><E73/><V80/><F121/><W41/><G86/><T127/><D127/><U91/><E76/><V19/><F5/><W133/><G133/><T9/><D36/><U132/><E109/><V97/><F97/><W135/><G135/><T111/><D111/><U124/><E124/><V96/><F96/><W87/><G87/><T89/><D35/><U17/><E132/><V67/><F67/><W101/><G7/><T77/><D77/><U102/><E130/><V93/><F93/><N who="3" m="58479" /><G3/><T13/><D1/><U94/><E119/><V24/><F19/><W118/><G101/><T11/><D11/><N who="2" m="4138" /><F31/><W18/><G118/><T20/><D105/><U50/><E106/><V114/><F114/><N who="3" m="43531" /><G18/><T134/><D107/><U33/><E33/><V82/><N who="2" m="20480" /><DORA hai="74" /><V85/><F85/><W2/><G2/><T92/><D92/><U128/><E128/><V0/><F0/><W68/><G68/><T15/><D134/><U95/><E95/><V51/><AGARI ba="0,0" hai="24,27,43,44,51,52,59,63" m="20480,4138" machi="51" ten="40,2700,0" yaku="8,1,54,1" doraHai="116,74" who="2" fromWho="2" sc="118,-7,160,-7,375,27,347,-13" owari="111,-39.0,153,-25.0,402,51.0,334,13.0" /></mjloggm>