<mjloggm ver="2.3"><GO type="225" lobby="0"/><UN n0="%E3%83%9E%E3%83%84%E3%82%B6%E3%82%AD" n1="%E5%A7%89%E5%B8%AF%E8%B1%8A%E9%9F%B3%40%E5%85%AD%E6%9B%9C" n2="%E8%85%B9%E7%97%9B%E3%81%BD%E3%81%A3%E3%81%8F%E3%82%93" n3="%E3%82%A6%E3%83%AB%E3%83%88%E3%83%A9%E7%AB%8B%E7%9B%B4" dan="17,16,16,17" rate="2240.77,2105.84,2097.03,2168.42" sx="M,F,M,M"/><TAIKYOKU oya="0"/><INIT seed="0,0,0,3,3,79" ten="250,250,250,250" oya="0" hai0="67,93,98,112,76,110,65,103,48,59,68,135,26" hai1="53,22,116,10,97,61,118,55,31,100,43,4,2" hai2="71,21,107,11,12,8,81,24,14,47,77,78,63" hai3="51,119,92,80,99,134,115,132,30,39,54,62,129"/><T125/><D112/><U29/><E43/><V123/><F123/><W32/><G39/><T3/><D3/><U15/><E31/><V34/><F34/><W131/><G62/><T40/><D135/><N who="3" m="51753" /><G115/><T91/><D125/><U130/><E130/><V5/><F107/><W58/><G119/><T42/><D110/><U7/><E7/><V64/><F47/><W133/><N who="3" m="51761" /><W6/><DORA hai="102" /><G6/><T101/><D76/><U45/><E2/><V124/><F124/><W49/><G49/><T46/><D68/><U73/><E61/><V89/><F11/><W28/><G80/><T122/><D122/><U106/><E10/><V72/><F72/><W75/><G75/><T126/><D126/><U85/><E73/><V82/><F14/><W36/><G36/><T117/><D117/><U108/><E15/><V19/><REACH who="2" step="1"/><F81/><REACH who="2" ten="250,250,240,250" step="2"/><W38/><G32/><T66/><D40/><U104/><E118/><V105/><F105/><W25/><G25/><T9/><D9/><U33/><E104/><V60/><F60/><W95/><G38/><T41/><D41/><U90/><E116/><V128/><F128/><N who="3" m="49227" /><G92/><T88/><D26/><U74/><E106/><V57/><F57/><W13/><G13/><T69/><D59/><U114/><E74/><V109/><F109/><W27/><G27/><T44/><D69/><U94/><E114/><V70/><F70/><W127/><G127/><T1/><D46/><U96/><E45/><V37/><F37/><W84/><G84/><AGARI ba="0,1" hai="5,8,12,19,21,24,63,64,71,77,78,82,84,89" machi="84" ten="40,8000,1" yaku="1,1,52,1,53,2" doraHai="79,102" doraHaiUra="86,56" who="2" fromWho="3" sc="250,0,250,0,240,90,250,-80" /><INIT seed="1,0,0,2,3,107" ten="250,250,330,170" oya="1" hai0="116,41,39,99,25,18,54,84,36,85,45,5,94" hai1="77,121,29,90,8,91,44,61,70,80,97,53,58" hai2="117,128,63,59,17,104,22,78,49,28,46,40,87" hai3="100,4,96,69,10,65,103,57,33,32,127,23,75"/><U2/><E121/><V135/><F104/><W73/><G57/><T16/><D116/><U132/><E132/><V38/><F117/><W102/><G23/><T11/><D39/><U101/><E70/><V13/><F135/><W19/><G19/><T92/><D54/><U111/><E111/><V55/><F128/><W71/><G127/><T118/><D118/><U48/><E29/><V47/><F28/><W6/><G96/><T35/><D35/><N who="3" m="13385" /><G10/><T12/><D92/><U112/><E112/><V120/><F120/><W15/><G15/><T31/><D31/><U122/><E122/><V105/><F105/><W119/><G65/><T14/><D25/><U133/><E97/><V9/><F87/><W27/><G27/><T24/><D24/><U130/><E8/><V115/><F115/><W64/><G64/><T43/><D43/><U68/><E58/><V72/><F9/><W52/><G52/><T110/><D110/><U51/><E53/><V124/><F124/><W76/><G76/><T20/><REACH who="0" step="1"/><D18/><REACH who="0" ten="240,250,330,170" step="2"/><U129/><E133/><V98/><F17/><W1/><G119/><T62/><D62/><U42/><E61/><V67/><F63/><W34/><G34/><T109/><D109/><U56/><E130/><V3/><F55/><W21/><G21/><T106/><D106/><U126/><E129/><V60/><F22/><W93/><G93/><T30/><D30/><U0/><E126/><V125/><F125/><W134/><G134/><T82/><D82/><U88/><E80/><V95/><F95/><W81/><G81/><T83/><D83/><U74/><E42/><RYUUKYOKU ba="0,1" sc="240,30,250,-10,330,-10,170,-10" hai0="5,11,12,14,16,20,36,41,45,84,85,94,99" /><INIT seed="2,1,1,2,0,82" ten="270,240,320,160" oya="2" hai0="55,85,52,66,107,92,74,123,15,94,33,37,18" hai1="75,78,70,89,134,119,44,126,99,111,38,20,4" hai2="32,34,105,73,12,62,76,77,0,24,101,2,60" hai3="96,28,72,6,84,86,59,7,128,46,103,97,10"/><V109/><F105/><W129/><G72/><T108/><D74/><U87/><E20/><V56/><F101/><W88/><G28/><T53/><D37/><U79/><E4/><N who="3" m="1578" /><G10/><T17/><D33/><U81/><E44/><V133/><F73/><W49/><G59/><T93/><D107/><U26/><E38/><V51/><F51/><W1/><G1/><T110/><D123/><U43/><E43/><V71/><F12/><W41/><G103/><T120/><D120/><U80/><E26/><V67/><F133/><W91/><G129/><T16/><D66/><U102/><E70/><V98/><F56/><W68/><G68/><T23/><D85/><N who="3" m="32873" /><G128/><T50/><D50/><U5/><E119/><V124/><F0/><W130/><G130/><T25/><D15/><U11/><E134/><V115/><F2/><W83/><G83/><T131/><D131/><U121/><E121/><V21/><F71/><W100/><G100/><T114/><D114/><U57/><E57/><V30/><F115/><W35/><G35/><T122/><D122/><U42/><E102/><V54/><F34/><W29/><G29/><AGARI ba="1,1" hai="16,17,18,23,25,29,52,53,55,92,93,94,108,110" machi="29" ten="50,8000,1" yaku="29,2,54,2" doraHai="82" who="0" fromWho="3" sc="270,93,240,0,320,0,160,-83" /><INIT seed="3,0,0,3,0,116" ten="363,240,320,77" oya="3" hai0="107,86,44,65,15,42,108,43,85,90,21,131,5" hai1="57,63,88,49,52,69,81,124,118,75,10,8,26" hai2="133,31,40,2,83,104,33,28,14,109,114,68,56" hai3="129,76,46,132,110,51,80,115,135,100,3,35,101"/><W32/><G3/><T29/><D107/><U126/><E118/><V37/><F14/><W60/><G115/><T17/><D108/><U87/><E75/><V134/><F56/><W91/><G91/><T9/><D131/><U45/><E69/><V112/><F104/><W79/><G60/><T74/><D74/><U130/><E130/><V121/><F68/><W59/><G59/><T73/><D73/><U67/><REACH who="1" step="1"/><E26/><REACH who="1" ten="363,230,320,77" step="2"/><V78/><F112/><W96/><G129/><T71/><D71/><U72/><E72/><V39/><F114/><W7/><G7/><T119/><D119/><U62/><E62/><V6/><F6/><W55/><G110/><T66/><D5/><U77/><E77/><N who="3" m="29770" /><G80/><T22/><D66/><U50/><E50/><V105/><F109/><W53/><G53/><T84/><D65/><U93/><E93/><V127/><F83/><W54/><G54/><T34/><D43/><U113/><E113/><V25/><F40/><W111/><G111/><T61/><D61/><U19/><E19/><V89/><F78/><W102/><G96/><T12/><D42/><U106/><E106/><V58/><F105/><W18/><G18/><T36/><D17/><U82/><E82/><V38/><F38/><W24/><G24/><T30/><D36/><U20/><E20/><V4/><F37/><W0/><G0/><T16/><D16/><U13/><E13/><V128/><F39/><W120/><G120/><T95/><D15/><U27/><E27/><V99/><F2/><W70/><G70/><T47/><D21/><U123/><E123/><V103/><F121/><RYUUKYOKU ba="0,1" sc="363,-15,230,15,320,-15,77,15" hai1="8,10,45,49,52,57,63,67,81,87,88,124,126" hai3="32,35,46,51,55,100,101,102,132,135" /><INIT seed="3,1,1,1,5,113" ten="348,245,305,92" oya="3" hai0="104,47,58,22,36,43,103,128,85,99,1,40,25" hai1="35,80,19,0,135,67,130,17,61,38,13,131,30" hai2="109,84,11,12,120,44,18,24,81,102,122,77,92" hai3="105,60,45,70,65,100,106,54,3,87,123,125,37"/><W117/><G123/><N who="2" m="47145" /><F109/><W68/><G125/><T66/><D1/><U127/><E0/><V91/><F44/><W73/><G73/><T42/><D128/><U94/><E38/><V129/><F129/><W39/><G70/><T48/><D85/><U98/><E80/><V132/><F132/><W27/><G3/><T111/><D111/><U133/><E19/><V82/><F102/><W50/><G117/><T108/><D108/><U121/><E121/><V93/><F24/><W8/><G8/><T6/><D6/><U2/><E2/><V78/><F78/><W29/><G87/><AGARI ba="1,1" hai="11,12,18,77,81,82,84,87,91,92,93" m="47145" machi="87" ten="30,1000,0" yaku="13,1" doraHai="113" who="2" fromWho="3" sc="348,0,245,0,305,23,92,-13" owari="348,44.0,245,-15.0,328,13.0,79,-42.0" /></mjloggm>