<mjloggm ver="2.3"><GO type="97" lobby="0"/><UN n0="%E5%B0%B1%E6%B4%BB%E7%94%9F%40%E5%B7%9D%E6%9D%91%E8%BB%8D%E5%9B%A3" n1="%6D%69%6E%32%30%30%32" n2="%E4%B8%8B%E5%AE%B6%E3%81%AF%E3%82%B2%E3%82%A4" n3="%E5%BA%AD%E3%81%AB%E5%9F%B4%E8%BC%AA%EF%BC%A0" dan="17,14,14,15" rate="2157.79,1945.21,1944.30,1935.16" sx="M,F,M,M"/><TAIKYOKU oya="0"/><INIT seed="0,0,0,2,4,82" ten="250,250,250,250" oya="0" hai0="126,128,22,50,45,96,91,133,17,70,52,13,42" hai1="106,49,83,11,37,43,0,129,100,119,134,28,63" hai2="47,105,19,114,26,38,118,120,18,46,29,104,9" hai3="122,56,25,77,117,66,109,7,131,93,61,97,16"/><T90/><D70/><U107/><E119/><V75/><F75/><W58/><G122/><T48/><D128/><U116/><E116/><V132/><F118/><W23/><G117/><T72/><D133/><U15/><E0/><V99/><F120/><W24/><G131/><T121/><D121/><U5/><E129/><V87/><F114/><W41/><G41/><T112/><D112/><U125/><E134/><V73/><F73/><W14/><G109/><T59/><D72/><U113/><E113/><V94/><F132/><W3/><G77/><T123/><D123/><U27/><E125/><V8/><F26/><W2/><G58/><T95/><REACH who="0" step="1"/><D126/><REACH who="0" ten="240,250,250,250" step="2"/><U33/><E37/><V124/><F38/><W81/><G3/><T60/><D60/><U86/><E63/><V68/><F68/><W39/><G2/><T74/><D74/><U102/><E107/><V57/><F124/><W115/><G115/><T89/><AGARI ba="0,1" hai="13,17,22,42,45,48,50,52,59,89,90,91,95,96" machi="89" ten="20,18000,2" yaku="1,1,0,1,7,1,8,1,54,1,53,1" doraHai="82" doraHaiUra="10" who="0" fromWho="0" sc="240,190,250,-60,250,-60,250,-60" /><INIT seed="0,1,0,4,2,53" ten="430,190,190,190" oya="0" hai0="49,34,44,10,35,86,90,131,132,13,126,75,105" hai1="48,5,50,23,41,79,18,65,113,9,20,46,104" hai2="134,98,56,22,121,17,29,2,7,33,96,106,26" hai3="4,133,119,25,8,69,111,95,67,32,27,15,64"/><T36/><D36/><U118/><E118/><V101/><F121/><W14/><G119/><T63/><D75/><U74/><E113/><V73/><F73/><W16/><G69/><T45/><D105/><U129/><E104/><V115/><F115/><W54/><G133/><T68/><D131/><U97/><E129/><V80/><F80/><W52/><G111/><T112/><D112/><U94/><E65/><N who="3" m="25162" /><G95/><T135/><D68/><U88/><E79/><V77/><F77/><W24/><G32/><T40/><D63/><U87/><E74/><V125/><F134/><N who="0" m="51242" /><D44/><U84/><E50/><V83/><F83/><W37/><G37/><T60/><D60/><U39/><E39/><V109/><F109/><W82/><G82/><N who="0" m="49495" /><D126/><U12/><REACH who="1" step="1"/><E23/><AGARI ba="1,0" hai="4,8,14,15,16,23,24,25,27,52,54" m="25162" machi="23" ten="30,3900,0" yaku="8,1,54,2" doraHai="53" who="3" fromWho="1" sc="430,0,190,-42,190,0,190,42" /><INIT seed="1,0,0,0,3,43" ten="430,148,190,232" oya="1" hai0="135,93,13,19,67,5,126,2,46,76,106,30,81" hai1="109,128,29,58,123,65,112,102,96,28,118,95,115" hai2="78,97,130,27,18,48,15,85,100,40,117,110,79" hai3="7,125,89,77,87,103,116,62,59,24,26,6,90"/><U38/><E118/><V34/><F117/><W23/><G116/><T133/><D106/><U20/><E123/><V83/><F130/><W113/><G103/><T119/><D119/><U86/><E128/><V92/><F110/><W22/><G113/><T105/><D105/><U45/><E109/><V52/><F40/><W31/><G77/><T47/><D30/><U101/><E101/><V49/><F78/><W121/><G121/><T127/><D67/><U98/><E96/><V51/><F27/><W60/><G125/><N who="0" m="47627" /><D93/><U36/><E86/><V14/><F34/><W122/><G122/><T4/><D2/><U64/><E38/><V3/><F3/><W84/><G59/><T73/><D4/><U124/><E124/><V68/><F68/><W63/><G63/><T9/><D19/><U75/><E75/><V50/><REACH who="2" step="1"/><F18/><REACH who="2" ten="430,148,180,232" step="2"/><W12/><G31/><T25/><D25/><U1/><E29/><V33/><F33/><W53/><G26/><T88/><D5/><U8/><E115/><V32/><F32/><W41/><G24/><T108/><D108/><U104/><E112/><V74/><F74/><W17/><G17/><T134/><D76/><U114/><E114/><V39/><F39/><W16/><G16/><N who="0" m="8239" /><D73/><U10/><E1/><V94/><F94/><W44/><G7/><T56/><D135/><U55/><E104/><V120/><F120/><W132/><G6/><T11/><D134/><U71/><E71/><V0/><F0/><W80/><G132/><T107/><D107/><U57/><E28/><V99/><F99/><W61/><G12/><T42/><D133/><RYUUKYOKU ba="0,1" sc="430,-10,148,-10,180,30,232,-10" hai2="14,15,48,49,50,51,52,79,83,85,92,97,100" /><INIT seed="2,1,1,1,5,74" ten="420,138,210,222" oya="2" hai0="82,94,5,22,124,14,11,34,132,123,109,73,64" hai1="89,36,81,46,133,4,97,7,52,130,55,56,25" hai2="48,27,88,29,85,135,90,43,131,37,103,24,126" hai3="100,98,54,105,61,80,49,20,30,51,79,44,17"/><V28/><F37/><W69/><G30/><N who="2" m="11881" /><F126/><W63/><G51/><T10/><D34/><U68/><E68/><V1/><F1/><W40/><G40/><T70/><D123/><U93/><E133/><V120/><F120/><W108/><G108/><T118/><D132/><U50/><E130/><V71/><F71/><W96/><G96/><T117/><D109/><U47/><E36/><V116/><F135/><W19/><G19/><T32/><D32/><U107/><E107/><V62/><F62/><W42/><G42/><T26/><D124/><U15/><E47/><N who="2" m="25727" /><F131/><W65/><G65/><T67/><D70/><U75/><E25/><N who="2" m="9803" /><F116/><W92/><G69/><T113/><D113/><U2/><E2/><V13/><F103/><W114/><G105/><T8/><D118/><U9/><E75/><V84/><F13/><N who="3" m="9263" /><G114/><T102/><D117/><U45/><E45/><V106/><F106/><W87/><AGARI ba="1,1" hai="44,49,54,61,63,79,80,87,92,98,100" m="9263" machi="87" ten="30,2000,0" yaku="8,1,52,1" doraHai="74" who="3" fromWho="3" sc="420,-6,138,-6,210,-11,222,33" /><INIT seed="3,0,0,3,4,71" ten="414,132,199,255" oya="3" hai0="25,45,93,61,112,19,68,62,133,116,53,47,35" hai1="26,120,72,86,15,121,36,18,17,30,91,21,58" hai2="115,67,83,27,9,79,12,0,59,87,31,2,100" hai3="107,114,118,90,7,69,76,14,125,23,82,38,37"/><W132/><G107/><T105/><D105/><U22/><E72/><V29/><F115/><W13/><G114/><T3/><D3/><U43/><E58/><V102/><F2/><W131/><G118/><T77/><D112/><U24/><E43/><V54/><F0/><W110/><G69/><T48/><D116/><U85/><E91/><V49/><F67/><W10/><G90/><T127/><D68/><U73/><E73/><V130/><F130/><W66/><G66/><T126/><D133/><U124/><E15/><V109/><F109/><W55/><G132/><T96/><D77/><U108/><E30/><V6/><REACH who="2" step="1"/><F31/><REACH who="2" ten="414,132,189,255" step="2"/><W88/><G131/><T46/><D126/><U70/><E70/><V95/><F95/><W123/><G125/><T56/><D35/><AGARI ba="0,1" hai="6,9,12,27,29,35,49,54,59,79,83,87,100,102" machi="35" ten="30,7700,0" yaku="1,1,7,1,53,2" doraHai="71" doraHaiUra="99" who="2" fromWho="0" sc="414,-77,132,0,189,87,255,0" owari="337,43.0,132,-37.0,276,8.0,255,-14.0" /></mjloggm>