<mjloggm ver="2.3"><GO type="169" lobby="0"/><UN n0="%E3%83%9E%E3%82%A6%E3%83%AD%E3%83%BB%E3%82%B7%E3%82%A6%E3%83%90" n1="%E3%82%A6%E3%83%AB%E3%83%88%E3%83%A9%E7%AB%8B%E7%9B%B4" n2="%E3%82%B3%E3%83%BC%E3%83%A9%E3%81%8F%E3%81%A0%E3%81%95%E3%81%84" n3="%74%6F%72%69%30%36%31%32" dan="17,17,17,16" rate="2141.77,2202.28,2222.28,2084.99" sx="M,M,M,M"/><TAIKYOKU oya="0"/><INIT seed="0,0,0,1,5,101" ten="250,250,250,250" oya="0" hai0="117,41,112,75,69,135,36,29,132,43,119,99,56" hai1="85,51,88,98,133,54,103,0,61,76,96,74,86" hai2="83,35,18,32,37,52,79,77,90,1,62,93,80" hai3="71,65,23,47,107,109,3,45,50,60,82,10,118"/><T39/><D75/><U81/><E0/><V59/><F37/><N who="0" m="14410" /><D29/><U122/><E61/><V130/><F1/><W15/><G3/><T28/><D28/><U55/><E55/><V9/><F130/><W64/><G23/><T106/><D99/><U27/><E27/><V87/><F32/><W2/><G82/><N who="2" m="31273" /><F35/><W104/><G2/><T120/><D112/><U49/><E49/><V127/><F127/><W102/><G102/><T95/><D95/><N who="1" m="56423" /><E51/><V44/><F44/><W100/><G100/><T40/><D120/><U30/><E54/><V17/><F9/><W131/><G131/><T13/><D13/><U53/><E53/><V7/><F7/><W110/><G15/><T121/><D121/><U19/><E19/><AGARI ba="0,0" hai="17,18,19,52,59,62,77,79,87,90,93" m="31273" machi="19" ten="30,2000,0" yaku="8,1,54,1" doraHai="101" who="2" fromWho="1" sc="250,0,250,-20,250,20,250,0" /><INIT seed="1,0,0,3,2,56" ten="250,230,270,250" oya="1" hai0="107,71,9,38,33,28,43,113,118,75,125,58,7" hai1="74,69,89,106,48,27,36,15,84,96,100,66,128" hai2="70,16,88,132,93,59,121,83,98,35,18,76,32" hai3="41,11,122,114,10,52,4,126,85,77,104,24,53"/><U130/><E36/><V67/><F70/><W39/><G122/><T112/><D58/><U30/><E15/><V65/><F121/><W127/><G104/><T51/><D51/><U45/><E74/><V3/><F3/><W19/><G114/><T64/><D118/><U94/><E48/><V60/><F132/><W101/><G101/><T95/><D95/><U46/><E46/><V72/><REACH who="2" step="1"/><F67/><REACH who="2" ten="250,230,260,250" step="2"/><W124/><G124/><T12/><D64/><U20/><REACH who="1" step="1"/><E45/><REACH who="1" ten="250,220,260,250" step="2"/><V37/><F37/><W119/><G39/><T5/><D38/><U80/><E80/><V73/><F73/><W102/><G127/><T6/><D75/><U131/><E131/><V61/><F61/><AGARI ba="0,2" hai="20,27,30,61,66,69,84,89,94,96,100,106,128,130" machi="61" ten="40,3900,0" yaku="1,1,52,1,53,0" doraHai="56" doraHaiUra="0" who="1" fromWho="2" sc="250,0,220,59,260,-39,250,0" /><INIT seed="1,1,0,3,0,42" ten="250,279,221,250" oya="1" hai0="113,91,126,51,75,45,12,20,108,67,110,106,43" hai1="119,62,114,26,48,8,27,93,96,30,101,15,57" hai2="24,0,94,82,132,76,58,116,47,111,33,90,105" hai3="99,3,49,37,21,5,60,129,131,115,89,23,44"/><U79/><E119/><V9/><F116/><W133/><G37/><T97/><D113/><U107/><E114/><V83/><F105/><W68/><G133/><T86/><D75/><U104/><E79/><V17/><F111/><W36/><G36/><T6/><D126/><U18/><E48/><V19/><F132/><W54/><G5/><T1/><D1/><U78/><E78/><V66/><F0/><W59/><G68/><T34/><D34/><U77/><E77/><V98/><F33/><W22/><G3/><T73/><D73/><U46/><E46/><V80/><F76/><W32/><G32/><T88/><D67/><U125/><E125/><V69/><F69/><W118/><G118/><T100/><D91/><U35/><REACH who="1" step="1"/><E27/><REACH who="1" ten="250,269,221,250" step="2"/><V50/><F24/><W71/><G115/><T128/><D128/><U40/><E40/><V112/><F112/><W14/><G131/><T70/><D110/><U38/><E38/><V61/><REACH who="2" step="1"/><F9/><REACH who="2" ten="250,269,211,250" step="2"/><W92/><G129/><T81/><D108/><U4/><E4/><V135/><F135/><W123/><G123/><T52/><D6/><U55/><AGARI ba="1,2" hai="8,15,18,26,30,35,55,57,62,93,96,101,104,107" machi="55" ten="20,3900,0" yaku="1,1,0,1,7,1,53,0" doraHai="42" doraHaiUra="39" who="1" fromWho="1" sc="250,-14,269,62,211,-14,250,-14" /><INIT seed="1,2,0,1,3,44" ten="236,331,197,236" oya="1" hai0="52,113,61,107,81,80,119,13,70,53,103,66,12" hai1="101,110,122,94,92,51,134,45,96,16,3,27,89" hai2="75,78,24,62,115,104,36,54,117,121,71,40,123" hai3="99,108,131,37,63,17,39,25,14,73,74,32,4"/><U95/><E3/><V43/><F117/><W41/><G131/><T126/><D119/><U111/><E122/><V86/><F75/><W79/><G99/><T19/><D113/><U49/><E134/><V102/><F104/><W22/><G108/><N who="1" m="41514" /><E45/><V35/><F102/><W132/><G132/><T85/><D126/><U116/><E116/><V33/><F78/><W125/><G125/><T127/><D127/><U55/><E55/><V68/><F86/><W31/><G4/><T98/><D12/><U128/><E128/><V21/><F54/><W109/><G109/><T76/><REACH who="0" step="1"/><D81/><REACH who="0" ten="226,331,197,236" step="2"/><U87/><E95/><V97/><F115/><W28/><G14/><T93/><D93/><U2/><E2/><V29/><F121/><W72/><G72/><T112/><D112/><U34/><E34/><V5/><F35/><W9/><G74/><T135/><D135/><U67/><E67/><V1/><F33/><W8/><G32/><T50/><D50/><U65/><E65/><V42/><F1/><W48/><G39/><T15/><D15/><U82/><E82/><V105/><F123/><W26/><G37/><T130/><D130/><U11/><E11/><AGARI ba="2,1" hai="11,13,19,52,53,61,66,70,76,80,85,98,103,107" machi="11" ten="30,3900,0" yaku="1,1,7,1,54,1,53,0" doraHai="44" doraHaiUra="38" who="0" fromWho="1" sc="226,55,331,-45,197,0,236,0" /><INIT seed="2,0,0,5,1,59" ten="281,286,197,236" oya="2" hai0="0,112,16,88,93,11,80,48,84,124,15,83,52" hai1="56,26,64,57,101,2,35,96,105,40,125,74,100" hai2="31,111,110,130,132,102,36,120,94,92,49,21,77" hai3="123,98,20,38,44,3,19,29,76,129,14,62,39"/><V78/><F36/><W89/><G123/><T108/><D108/><N who="2" m="41514" /><F49/><W87/><G3/><T24/><D124/><U10/><E74/><V65/><F65/><W1/><G1/><T54/><D112/><U60/><E125/><V67/><F67/><W23/><G76/><N who="2" m="29289" /><F31/><W115/><G98/><T116/><D116/><U114/><E114/><V37/><F21/><W42/><G115/><T85/><D85/><U90/><E40/><V104/><F37/><W32/><G32/><T43/><D0/><U6/><E101/><V106/><F130/><W4/><G4/><T70/><D70/><N who="1" m="42247" /><E90/><V8/><F8/><W82/><G129/><T18/><D43/><U55/><E55/><N who="0" m="21033" /><D48/><U103/><E103/><V13/><F13/><W46/><G39/><T119/><D119/><U133/><E57/><V33/><F33/><W58/><G44/><T118/><D118/><U134/><E56/><V107/><F132/><W71/><G71/><T135/><D135/><U122/><E122/><V113/><F113/><W17/><G29/><AGARI ba="0,0" hai="2,6,10,26,29,35,96,100,105,133,134" m="42247" machi="29" ten="30,3900,0" yaku="25,1,23,1,52,1" doraHai="59" who="1" fromWho="3" sc="281,0,286,39,197,0,236,-39" /><INIT seed="3,0,0,2,3,20" ten="281,325,197,197" oya="3" hai0="116,5,41,22,26,37,58,126,125,34,40,16,13" hai1="25,0,73,68,48,79,82,129,130,71,30,95,121" hai2="133,104,15,17,18,49,77,10,46,118,123,66,101" hai3="11,24,38,105,39,97,109,19,44,120,115,98,128"/><W108/><G120/><T89/><D116/><U36/><E36/><V131/><F118/><W90/><G115/><T96/><D58/><U42/><E0/><V65/><F133/><W75/><G75/><T35/><D35/><U135/><E121/><V57/><F131/><N who="1" m="50185" /><E95/><V100/><F123/><W114/><G114/><T54/><D54/><U45/><E135/><V102/><F104/><W119/><G119/><T7/><D37/><U62/><E62/><N who="2" m="38095" /><F66/><W8/><G128/><T3/><D3/><U76/><E76/><V122/><F122/><W69/><G69/><T74/><D74/><U132/><E132/><V64/><F64/><W67/><G67/><T52/><D52/><U27/><E27/><V92/><F77/><W88/><G105/><T32/><D32/><AGARI ba="0,0" hai="25,30,32,42,45,48,68,71,73,79,82" m="50185" machi="32" ten="30,2000,0" yaku="19,1,52,1" doraHai="20" who="1" fromWho="0" sc="281,-20,325,20,197,0,197,0" /><INIT seed="4,0,0,0,0,128" ten="261,345,197,197" oya="0" hai0="123,13,75,21,1,80,99,64,33,47,37,96,108" hai1="78,104,14,124,107,27,49,134,5,22,62,2,40" hai2="3,87,46,106,79,103,57,67,74,26,105,100,132" hai3="59,120,130,110,90,135,86,0,32,118,30,34,70"/><T101/><D123/><U51/><E2/><V56/><F3/><W71/><G59/><T68/><D33/><U35/><E35/><V109/><F57/><W121/><G0/><T97/><D1/><U66/><E78/><V48/><F74/><W20/><G118/><T18/><D108/><U45/><E51/><V114/><F109/><W50/><G50/><T17/><D75/><U127/><E134/><V44/><F105/><W69/><G130/><T84/><D64/><U91/><E91/><V82/><F114/><W76/><G76/><T54/><D68/><U53/><E53/><N who="2" m="31783" /><F106/><W19/><G30/><T102/><D17/><U92/><E92/><V85/><F67/><W88/><G90/><T36/><D36/><U126/><E62/><V125/><F125/><W11/><G11/><T41/><REACH who="0" step="1"/><D54/><REACH who="0" ten="251,345,197,197" step="2"/><U89/><E66/><V31/><F31/><W122/><G110/><T23/><D23/><U131/><E22/><V112/><F112/><W8/><G8/><T81/><D81/><U29/><E126/><V4/><F82/><N who="3" m="49239" /><G135/><T6/><D6/><U38/><E127/><V113/><F132/><W43/><G43/><T72/><D72/><U52/><E124/><V10/><F4/><W83/><G83/><T77/><AGARI ba="0,1" hai="13,18,21,37,41,47,77,80,84,96,97,99,101,102" machi="77" ten="30,3000,0" yaku="1,1,0,1,53,0" doraHai="128" doraHaiUra="111" who="0" fromWho="0" sc="251,40,345,-10,197,-10,197,-10" /><INIT seed="4,1,0,1,3,50" ten="291,335,187,187" oya="0" hai0="5,23,96,114,90,34,70,9,74,37,26,58,22" hai1="35,28,13,111,100,41,133,57,63,59,21,135,15" hai2="56,88,106,76,72,129,68,24,44,125,112,131,17" hai3="110,85,108,11,103,115,134,130,78,101,123,40,93"/><T36/><D70/><U7/><E35/><V38/><F68/><W1/><G40/><T107/><D34/><U117/><E111/><V8/><F106/><W62/><G62/><T127/><D74/><U81/><E117/><V45/><F112/><W48/><G48/><T118/><D118/><U121/><E121/><V54/><F125/><W66/><G66/><T64/><D114/><U31/><E100/><V89/><F76/><W12/><G1/><T10/><D127/><U109/><E109/><V27/><F72/><W0/><G0/><T105/><D105/><U55/><E41/><N who="2" m="22583" /><F45/><W98/><G101/><T16/><D107/><U33/><E33/><V53/><F8/><W94/><G115/><T52/><D64/><U65/><E81/><V113/><F113/><W46/><G46/><T97/><D37/><U95/><E95/><V84/><F89/><N who="3" m="53423" /><G78/><T92/><D36/><U102/><E102/><V87/><F87/><W43/><G43/><T80/><D80/><U77/><E77/><V51/><F54/><W126/><G126/><T79/><D79/><U25/><E55/><V42/><F42/><W47/><G47/><T2/><D9/><U83/><E83/><N who="2" m="49183" /><F17/><N who="3" m="8351" /><G123/><T116/><D116/><U19/><E65/><V120/><F120/><W122/><G122/><T69/><D69/><U132/><E132/><V86/><F86/><W61/><G134/><T49/><D22/><U104/><E21/><V71/><F71/><W73/><G73/><T30/><D96/><U6/><E135/><V99/><F99/><W67/><G110/><T18/><AGARI ba="1,0" hai="2,5,10,16,18,23,26,30,49,52,58,90,92,97" machi="18" ten="30,11700,0" yaku="0,1,52,1,54,2" doraHai="50" who="0" fromWho="0" sc="291,120,335,-40,187,-40,187,-40" /><INIT seed="4,2,0,1,2,61" ten="411,295,147,147" oya="0" hai0="20,124,64,35,104,89,91,118,70,55,29,24,69" hai1="15,31,134,63,78,19,83,97,92,26,122,66,56" hai2="36,39,74,132,14,48,49,8,88,110,25,120,67" hai3="99,21,84,108,13,4,60,115,82,37,11,129,2"/><T114/><D118/><U123/><E134/><V87/><F110/><W111/><G37/><T47/><D104/><U43/><E43/><V94/><F120/><W50/><G129/><T54/><D114/><U40/><E40/><V62/><F74/><W57/><G50/><T53/><D124/><U76/><E19/><V112/><F112/><W119/><G119/><T109/><D109/><U16/><E15/><V126/><F126/><W81/><G81/><T65/><D47/><U101/><E16/><N who="2" m="8263" /><F39/><W125/><G125/><T102/><D102/><U128/><E128/><V131/><F36/><W6/><G99/><T106/><D106/><U86/><REACH who="1" step="1"/><E78/><REACH who="1" ten="411,285,147,147" step="2"/><V52/><F131/><W5/><G115/><T44/><D44/><U105/><E105/><V121/><F132/><W34/><G2/><T17/><D91/><U30/><E30/><V77/><F77/><W127/><G127/><T107/><D89/><U59/><E59/><N who="2" m="37343" /><F121/><W130/><G130/><T75/><D107/><U103/><E103/><V133/><F133/><W85/><G111/><T71/><REACH who="0" step="1"/><D75/><REACH who="0" ten="401,285,147,147" step="2"/><U58/><E58/><N who="2" m="33031" /><F49/><W95/><G108/><T90/><D90/><U1/><E1/><V68/><F68/><W113/><G57/><T51/><D51/><U79/><E79/><V38/><F38/><W42/><G113/><T28/><D28/><U73/><E73/><V22/><F88/><W23/><G42/><T46/><D46/><U93/><E93/><V12/><F94/><W41/><G95/><T18/><D18/><U3/><E3/><V45/><F45/><W98/><G41/><T0/><D0/><RYUUKYOKU ba="2,2" sc="401,15,285,15,147,-15,147,-15" hai0="17,20,24,29,35,53,54,55,64,65,69,70,71" hai1="26,31,56,63,66,76,83,86,92,97,101,122,123" /><INIT seed="4,3,2,3,4,9" ten="416,300,132,132" oya="0" hai0="63,8,102,49,33,72,119,110,104,19,116,86,16" hai1="109,37,7,135,10,99,58,97,3,61,11,78,127" hai2="95,65,82,83,69,103,25,12,47,133,46,48,108" hai3="91,67,107,94,50,21,111,0,24,81,70,57,92"/><T120/><D72/><U30/><E109/><V4/><F108/><W45/><G107/><T14/><D120/><U73/><E30/><V53/><F133/><W52/><G0/><T93/><D110/><U90/><E135/><V106/><F106/><W100/><G70/><T54/><D104/><U36/><E127/><V15/><F69/><W88/><G81/><N who="2" m="30729" /><F65/><W130/><G130/><T131/><D131/><U89/><E78/><V13/><F25/><W17/><G111/><T68/><D33/><U123/><E73/><V56/><F4/><W41/><G67/><T32/><D32/><U96/><E11/><V62/><F62/><W43/><G43/><T74/><D74/><U44/><E123/><V55/><F55/><W80/><G100/><T122/><D122/><U38/><REACH who="1" step="1"/><E44/><REACH who="1" ten="416,290,132,132" step="2"/><V27/><F27/><W40/><G45/><T28/><D28/><U124/><E124/><V79/><F79/><W113/><G24/><T64/><D119/><U105/><E105/><V128/><F128/><W101/><G40/><T5/><D116/><U60/><E60/><V129/><F129/><W112/><G41/><T6/><D63/><U39/><N who="1" m="9216" /><DORA hai="87" /><U29/><E29/><V42/><F42/><W98/><G50/><T117/><D49/><U121/><E121/><V22/><F22/><W134/><G21/><T23/><D23/><U66/><AGARI ba="3,3" hai="3,7,10,58,61,66,89,90,96,97,99" m="9216" machi="66" ten="60,12000,2" yaku="1,1,0,1,52,2,53,2" doraHai="9,87" doraHaiUra="18,85" who="1" fromWho="1" sc="416,-63,290,159,132,-33,132,-33" /><INIT seed="5,0,0,3,5,67" ten="353,449,99,99" oya="1" hai0="39,56,116,112,111,74,41,36,54,31,100,132,20" hai1="13,24,7,89,130,62,63,69,131,12,87,94,109" hai2="51,0,3,98,21,66,57,61,55,28,119,117,22" hai3="91,81,18,97,122,40,35,32,68,9,59,110,16"/><U70/><E24/><V58/><F3/><W4/><G110/><T75/><D111/><U64/><E109/><V88/><F0/><W11/><G122/><T101/><D31/><U17/><E7/><V26/><REACH who="2" step="1"/><F22/><REACH who="2" ten="353,449,89,99" step="2"/><W128/><G35/><T73/><D20/><U44/><E131/><V23/><F23/><W99/><G32/><T48/><D116/><U30/><E130/><V127/><F127/><W25/><G128/><T14/><D132/><U113/><E113/><V108/><F108/><W60/><G25/><T85/><D112/><U123/><E123/><V126/><F126/><W8/><G4/><T71/><D14/><U38/><E12/><V29/><F29/><W80/><G18/><T43/><D74/><U27/><E27/><V78/><F78/><W133/><G16/><T129/><D75/><U77/><E77/><V134/><F134/><W96/><G133/><T105/><D73/><U84/><E30/><V5/><F5/><W115/><G115/><T106/><D129/><U19/><E19/><V46/><F46/><W49/><G91/><T125/><D125/><U2/><E2/><V120/><F120/><W93/><G9/><T121/><D121/><U95/><E17/><V50/><F50/><W82/><G8/><T83/><D48/><U92/><E13/><V10/><F10/><W103/><G11/><T52/><D36/><U1/><E1/><V90/><F90/><W79/><G79/><T107/><D39/><U135/><E135/><V76/><F76/><W53/><G40/><T45/><D41/><N who="1" m="22583" /><E89/><V124/><F124/><W15/><G15/><RYUUKYOKU ba="0,1" sc="353,-30,449,10,89,10,99,10" hai1="62,63,64,69,70,84,87,92,94,95" hai2="21,26,28,51,55,57,58,61,66,88,98,117,119" hai3="49,53,59,60,68,80,81,82,93,96,97,99,103" /><INIT seed="5,1,1,0,5,71" ten="323,459,99,109" oya="1" hai0="105,116,108,94,72,9,26,132,24,91,53,51,43" hai1="1,96,84,133,7,118,80,74,92,8,54,3,86" hai2="102,41,32,42,68,16,21,22,115,124,82,111,11" hai3="109,129,98,4,100,134,87,97,20,15,85,117,59"/><U113/><E118/><V76/><F111/><W93/><G109/><T49/><D108/><U27/><E113/><V58/><F32/><W29/><G129/><T34/><D105/><U78/><E1/><V81/><F68/><W19/><G134/><T44/><D72/><U104/><E104/><V14/><F124/><W75/><G75/><T63/><D116/><U13/><E133/><V10/><F115/><W90/><G117/><T25/><D132/><U121/><E121/><V55/><F102/><W83/><G4/><T57/><D9/><N who="2" m="3082" /><F22/><W62/><G29/><T45/><D34/><U17/><E27/><V65/><F65/><N who="3" m="39135" /><G100/><T40/><REACH who="0" step="1"/><D26/><REACH who="0" ten="313,459,99,109" step="2"/><U101/><E7/><V89/><F76/><AGARI ba="1,2" hai="15,19,20,76,83,85,87,90,93,97,98" m="39135" machi="76" ten="30,1000,0" yaku="8,1" doraHai="71" who="3" fromWho="2" sc="313,0,459,0,99,-13,109,33" /><INIT seed="6,0,0,4,0,101" ten="313,459,86,142" oya="2" hai0="95,27,82,94,107,73,45,40,29,91,18,72,23" hai1="0,98,56,75,104,58,110,11,34,31,132,12,66" hai2="89,9,62,25,126,10,92,5,22,19,74,77,122" hai3="42,106,120,37,90,109,68,63,129,113,128,6,119"/><V35/><F122/><W87/><G6/><T48/><D107/><U86/><E75/><V1/><F126/><W118/><G90/><T61/><D61/><U79/><E0/><V97/><F35/><W39/><G87/><T44/><D82/><U30/><E110/><V70/><F74/><W4/><G4/><T88/><D44/><U105/><E66/><V84/><F10/><W116/><G109/><T51/><D51/><U7/><E12/><V67/><F77/><W57/><G106/><T125/><D125/><U96/><E7/><V26/><REACH who="2" step="1"/><F84/><REACH who="2" ten="313,459,76,142" step="2"/><W131/><G120/><T123/><D123/><U114/><E11/><V52/><F52/><N who="3" m="34215" /><G113/><T50/><D73/><U103/><E34/><V59/><F59/><W54/><G68/><T33/><D72/><U60/><E86/><V134/><F134/><W55/><G42/><T2/><D40/><U108/><E132/><V13/><AGARI ba="0,1" hai="1,5,9,13,19,22,25,26,62,67,70,89,92,97" machi="13" ten="20,3900,0" yaku="1,1,0,1,7,1,53,0" doraHai="101" doraHaiUra="112" who="2" fromWho="2" sc="313,-13,459,-13,76,49,142,-13" /><INIT seed="6,1,0,1,3,89" ten="300,446,125,129" oya="2" hai0="51,33,59,128,114,90,124,107,109,84,132,10,87" hai1="6,41,111,85,67,54,96,95,98,48,126,4,38" hai2="9,70,88,110,52,129,97,57,123,122,27,24,80" hai3="40,79,68,63,58,22,30,102,108,28,23,91,29"/><V15/><F70/><W120/><G68/><T104/><D109/><U62/><E111/><V100/><F110/><W125/><G120/><T118/><D33/><U112/><E112/><V45/><F45/><W20/><G125/><T106/><D10/><U35/><E35/><V93/><F129/><W14/><G79/><T81/><D51/><U13/><E85/><N who="2" m="50215" /><F122/><W5/><G102/><T3/><D59/><U73/><E73/><V117/><F117/><W39/><G108/><T60/><D60/><U55/><E41/><V121/><F121/><W49/><G39/><T127/><D3/><U134/><E38/><V115/><F115/><W61/><G91/><N who="0" m="51599" /><D114/><U131/><E131/><V0/><F0/><W133/><G133/><T101/><D128/><U74/><E126/><N who="0" m="48169" /><D132/><U103/><E134/><V44/><F44/><N who="3" m="25735" /><G58/><T43/><D43/><U11/><E4/><N who="2" m="3495" /><F123/><W78/><G5/><T82/><D118/><U8/><E6/><V19/><F19/><W94/><G14/><T71/><D71/><U31/><E13/><V72/><F72/><W42/><G42/><T77/><D77/><U18/><E74/><V83/><F83/><W21/><G78/><T12/><D12/><U1/><E18/><V46/><F46/><W116/><G116/><T135/><D135/><U16/><E16/><V7/><F7/><W86/><N who="3" m="5632" /><DORA hai="34" /><W47/><G47/><T76/><D76/><U75/><E75/><V17/><F17/><W99/><G30/><T50/><D107/><U53/><E31/><V26/><F24/><W64/><G29/><T66/><D106/><U65/><E1/><RYUUKYOKU ba="1,0" sc="300,-10,446,-10,125,30,129,-10" hai2="26,27,52,57,93,97,100" /><INIT seed="6,2,0,5,1,84" ten="290,436,155,119" oya="2" hai0="1,73,115,102,113,19,118,91,24,119,82,87,132" hai1="66,27,57,35,123,12,29,80,124,7,112,67,122" hai2="97,20,8,31,72,51,32,134,5,45,130,110,14" hai3="43,109,50,37,58,71,47,114,70,76,105,75,85"/><V83/><F32/><W94/><G75/><T108/><D108/><U34/><E34/><V18/><F130/><W133/><G109/><T86/><D1/><U96/><E112/><N who="0" m="43081" /><D132/><U117/><E117/><V89/><F110/><W26/><G105/><T120/><D120/><U11/><E124/><V63/><F134/><W13/><G133/><T128/><D128/><U81/><E96/><V17/><F72/><W21/><G13/><T2/><D2/><U101/><E101/><V69/><F69/><W4/><G4/><T56/><D56/><U10/><E10/><V61/><F31/><W129/><G129/><T38/><D38/><U79/><E57/><V135/><F135/><W0/><G0/><T39/><D39/><U92/><E92/><N who="2" m="56463" /><F83/><N who="1" m="31817" /><E79/><V62/><F20/><W127/><G76/><N who="0" m="46407" /><D102/><U121/><AGARI ba="2,0" hai="7,11,12,27,29,35,66,67,121,122,123" m="31817" machi="121" ten="40,1500,0" yaku="13,1" doraHai="84" who="1" fromWho="1" sc="290,-6,436,21,155,-9,119,-6" /><INIT seed="7,0,0,4,1,74" ten="284,457,146,113" oya="3" hai0="67,88,86,115,130,68,76,97,27,87,6,71,100" hai1="30,80,69,121,134,56,62,105,83,59,133,28,5" hai2="32,45,120,15,3,39,12,128,65,51,29,99,50" hai3="75,24,96,132,21,18,85,78,38,108,20,118,77"/><W116/><G38/><T64/><D71/><U44/><E105/><V26/><F3/><W17/><G75/><T53/><D68/><U34/><E69/><V43/><F128/><W11/><G108/><T23/><D76/><N who="3" m="29289" /><G132/><T40/><D40/><U63/><E44/><V113/><F113/><W125/><G125/><T84/><D6/><U79/><E79/><V126/><F126/><W41/><G41/><T14/><D14/><U57/><E57/><V110/><F110/><W73/><G73/><T101/><D115/><U93/><E5/><V33/><F33/><W9/><G85/><T111/><D130/><U114/><E34/><V47/><F65/><N who="0" m="25162" /><D53/><U58/><E114/><V13/><F120/><W46/><G46/><T95/><D111/><U37/><E37/><V107/><REACH who="2" step="1"/><F45/><REACH who="2" ten="284,457,136,113" step="2"/><W90/><G116/><T22/><D22/><U81/><E121/><V89/><F89/><W82/><G118/><T42/><D42/><U131/><E134/><V61/><F61/><W106/><G106/><T124/><D124/><U7/><E63/><V98/><F98/><W48/><G48/><T4/><D86/><U94/><E62/><V2/><F2/><W35/><G35/><T135/><D84/><U19/><E133/><V91/><F91/><W102/><G102/><AGARI ba="0,1" hai="12,13,15,26,29,32,39,43,47,50,51,99,102,107" machi="102" ten="40,2600,0" yaku="1,1,53,1" doraHai="74" doraHaiUra="25" who="2" fromWho="3" sc="284,0,457,0,136,36,113,-26" owari="284,8.0,457,56.0,172,-23.0,87,-41.0" /></mjloggm>