<mjloggm ver="2.3"><GO type="41" lobby="0"/><UN n0="%74%61%6E%70%69%6E%32%32" n1="%35%33" n2="%E5%B0%B1%E6%B4%BB%E7%94%9F%40%E5%B7%9D%E6%9D%91%E8%BB%8D%E5%9B%A3" n3="%E3%81%AA%E3%82%8A%E3%81%9F%E3%81%B6%E3%82%89%E3%81%84%E3%81%82%E3%82%93" dan="14,14,16,15" rate="1993.06,1918.89,2185.20,2035.47" sx="M,M,M,M"/><TAIKYOKU oya="0"/><INIT seed="0,0,0,4,4,2" ten="250,250,250,250" oya="0" hai0="95,65,96,112,12,61,17,118,71,38,46,20,8" hai1="63,135,111,60,126,128,120,40,29,123,107,114,99" hai2="26,4,30,122,94,69,86,75,45,42,22,51,131" hai3="84,90,50,76,116,41,134,34,87,57,32,10,1"/><T98/><D112/><U54/><E29/><V74/><F69/><W49/><G116/><T23/><D118/><U55/><E114/><V72/><F122/><W115/><G115/><T77/><D77/><U0/><E0/><V14/><F131/><W70/><G70/><T9/><D9/><U93/><E107/><V81/><F94/><W80/><G134/><T104/><D104/><U18/><E128/><V62/><F62/><W64/><G50/><T16/><D95/><U100/><E135/><V73/><N who="2" m="18944" /><DORA hai="130" /><V129/><F129/><W33/><G64/><T89/><D89/><U21/><E40/><V27/><F27/><W25/><G10/><T127/><D127/><U5/><E126/><V106/><F106/><W19/><G1/><T92/><D92/><U103/><E103/><V68/><F68/><W56/><G19/><T113/><D113/><U31/><E31/><V101/><F101/><W110/><G25/><T67/><D65/><U119/><E119/><V121/><F121/><W47/><REACH who="3" step="1"/><G110/><REACH who="3" ten="250,250,250,240" step="2"/><T102/><D8/><U7/><E111/><V91/><F14/><W97/><G97/><T88/><D102/><U108/><E108/><V48/><F48/><W37/><G37/><T124/><D124/><U85/><E123/><V83/><F4/><N who="1" m="1609" /><E120/><V15/><F15/><W79/><G79/><T6/><D6/><U59/><E85/><V11/><F11/><W125/><G125/><T82/><D38/><U53/><E60/><V39/><F39/><W133/><G133/><T24/><D46/><U36/><E36/><V58/><F58/><W44/><G44/><RYUUKYOKU ba="0,1" sc="250,0,250,0,250,0,240,0" hai0="12,16,17,20,23,24,61,67,71,82,88,96,98" hai1="18,21,53,54,55,59,63,93,99,100" hai2="22,26,30,42,45,51,81,83,86,91" hai3="32,33,34,41,47,49,56,57,76,80,84,87,90" /><INIT seed="0,1,1,1,5,60" ten="250,250,250,240" oya="0" hai0="129,9,78,25,87,127,121,74,72,21,16,70,104" hai1="5,49,111,98,20,48,32,93,89,81,26,56,108" hai2="79,71,102,95,73,88,6,101,112,29,19,12,82" hai3="50,52,38,64,37,35,30,90,59,122,22,106,107"/><T51/><D121/><U66/><E32/><V42/><F112/><W24/><G35/><T13/><D104/><U31/><E5/><V135/><F135/><W130/><G122/><T92/><D129/><U2/><E2/><V134/><F134/><W97/><G130/><T109/><D127/><U41/><E81/><V131/><F131/><W34/><G34/><T39/><D39/><U114/><E114/><V3/><F71/><W33/><G33/><T8/><D70/><U57/><E41/><V27/><F42/><W83/><G107/><T105/><D105/><U99/><E99/><V43/><F43/><W11/><G11/><T17/><D9/><U36/><E36/><V100/><F6/><W0/><G0/><T10/><D10/><U58/><REACH who="1" step="1"/><E66/><REACH who="1" ten="250,240,250,240" step="2"/><V63/><F3/><W80/><G64/><T96/><D72/><U77/><E77/><V46/><F82/><W28/><G38/><T62/><D74/><U86/><E86/><V115/><F79/><W15/><G37/><T91/><D78/><U116/><E116/><V120/><F73/><W94/><G106/><T75/><D75/><U118/><E118/><V103/><F120/><W117/><G117/><T55/><D96/><U45/><E45/><V133/><F46/><W47/><G47/><N who="0" m="28159" /><D109/><AGARI ba="1,2" hai="20,26,31,48,49,56,57,58,89,93,98,108,109,111" machi="109" ten="40,2600,0" yaku="1,1,14,1,53,0" doraHai="60" doraHaiUra="7" who="1" fromWho="0" sc="250,-29,240,49,250,0,240,0" /><INIT seed="1,0,0,5,1,96" ten="221,289,250,240" oya="1" hai0="43,128,31,41,76,35,69,118,125,109,17,56,68" hai1="53,10,83,44,18,2,85,61,7,89,48,57,60" hai2="11,70,87,78,134,81,73,39,20,135,21,51,9" hai3="42,117,59,131,49,103,52,91,127,32,46,27,1"/><U4/><E4/><V75/><F39/><W38/><G1/><T102/><D118/><U74/><E74/><V92/><F70/><W115/><G115/><T114/><D114/><U106/><E106/><V62/><F62/><W93/><G117/><T65/><D56/><U14/><REACH who="1" step="1"/><E57/><REACH who="1" ten="221,279,250,240" step="2"/><V63/><F75/><W28/><G131/><T99/><D68/><U121/><E121/><V36/><F73/><W30/><G127/><T112/><D69/><U101/><E101/><V124/><F124/><W86/><G30/><T37/><D102/><U84/><E84/><V133/><F87/><W25/><G103/><T12/><D31/><U47/><E47/><V16/><F133/><W8/><G27/><T120/><D120/><U100/><E100/><V3/><F134/><W64/><G64/><T45/><D65/><U104/><E104/><V95/><F135/><W123/><G123/><T71/><D71/><U122/><E122/><V13/><F3/><W79/><G79/><T98/><D76/><U6/><E6/><V29/><F78/><W129/><G129/><T66/><D66/><U132/><E132/><V90/><F90/><W113/><G113/><T130/><D125/><U26/><E26/><V94/><F13/><W23/><REACH who="3" step="1"/><G8/><AGARI ba="0,1" hai="2,7,8,10,14,18,44,48,53,60,61,83,85,89" machi="8" ten="30,12000,1" yaku="1,1,7,1,25,2,53,1" doraHai="96" doraHaiUra="82" who="1" fromWho="3" sc="221,0,279,130,250,0,240,-120" /><INIT seed="1,1,0,4,1,8" ten="221,409,250,120" oya="1" hai0="101,15,11,16,89,123,29,46,91,67,77,128,9" hai1="21,115,38,98,53,57,113,105,45,80,48,2,69" hai2="83,135,63,119,131,7,18,19,132,88,84,24,35" hai3="33,87,116,10,14,32,104,4,60,26,56,40,134"/><U125/><E2/><V74/><F119/><W75/><G75/><T94/><D128/><U64/><E125/><V5/><F74/><W112/><G112/><T78/><D123/><U111/><E80/><V66/><F131/><W82/><G104/><T73/><D29/><U20/><E105/><V76/><F76/><N who="0" m="29290" /><D67/><U124/><E124/><V17/><F35/><W37/><G134/><N who="2" m="51241" /><F24/><W50/><G116/><T121/><D121/><U58/><E58/><AGARI ba="1,0" hai="5,7,17,18,19,58,63,66,83,84,88" m="51241" machi="58" ten="30,2000,0" yaku="20,1,54,1" doraHai="8" who="2" fromWho="1" sc="221,0,409,-23,250,23,120,0" /><INIT seed="2,0,0,2,4,42" ten="221,386,273,120" oya="2" hai0="99,126,59,105,7,48,132,123,122,104,35,61,106" hai1="74,69,108,52,101,15,135,20,120,22,14,32,43" hai2="18,77,47,6,3,130,89,84,88,30,102,124,125" hai3="57,29,17,24,98,116,80,75,50,71,78,129,23"/><V112/><F112/><W25/><G116/><T45/><D35/><U85/><E74/><V76/><F30/><W113/><G71/><T11/><D99/><U39/><E32/><V0/><F130/><W37/><G37/><T133/><D59/><U134/><E69/><V21/><F102/><W9/><G129/><T107/><N who="0" m="26624" /><DORA hai="87" /><T83/><D83/><U103/><E120/><V65/><F65/><W79/><G113/><T109/><D61/><U93/><E108/><V110/><F110/><W26/><G78/><N who="2" m="30313" /><F6/><W49/><G57/><T63/><D63/><U127/><E127/><N who="2" m="48715" /><F47/><W44/><G50/><T5/><D126/><U34/><E34/><V10/><F10/><W100/><G9/><T2/><D5/><U70/><E70/><V115/><F115/><W33/><G26/><T94/><D109/><U60/><E39/><V51/><F51/><W55/><G98/><T64/><D64/><U96/><E43/><V27/><F84/><W67/><G67/><T81/><D122/><U66/><E85/><V46/><F46/><W54/><REACH who="3" step="1"/><G100/><REACH who="3" ten="221,386,273,110" step="2"/><T36/><D36/><U56/><E103/><V114/><F114/><W73/><G73/><T62/><D123/><U97/><E97/><V82/><F82/><W131/><G131/><T19/><D11/><U72/><E72/><V119/><F119/><W91/><G91/><AGARI ba="0,1" hai="0,3,18,21,27,88,89,91" m="48715,30313" machi="91" ten="30,12000,1" yaku="18,1,52,3,54,1" doraHai="42,87" who="2" fromWho="3" sc="221,0,386,0,273,130,110,-120" owari="221,-18.0,386,19.0,403,50.0,-10,-51.0" /></mjloggm>