<mjloggm ver="2.3"><GO type="225" lobby="0"/><UN n0="%E3%82%A6%E3%83%AB%E3%83%88%E3%83%A9%E7%AB%8B%E7%9B%B4" n1="%E5%8F%8B%E6%B2%A2" n2="%E3%81%BF%E3%81%BF%E3%81%9A" n3="%E8%85%B9%E7%97%9B%E3%81%BD%E3%81%A3%E3%81%8F%E3%82%93" dan="17,16,17,16" rate="2149.73,2161.12,2229.45,2101.57" sx="M,M,M,M"/><TAIKYOKU oya="0"/><INIT seed="0,0,0,3,5,87" ten="250,250,250,250" oya="0" hai0="28,37,101,65,88,35,115,133,18,48,94,4,97" hai1="50,36,92,63,19,95,33,131,44,118,71,39,41" hai2="13,22,83,15,89,45,68,26,96,55,54,32,70" hai3="86,49,99,130,43,67,31,108,107,14,30,116,77"/><T93/><D115/><U85/><E118/><V59/><F32/><W40/><G116/><T66/><D37/><U110/><E33/><V80/><F68/><W10/><G108/><T60/><D133/><U47/><E110/><V82/><F70/><W16/><G130/><T129/><D129/><U3/><E131/><V9/><F45/><W27/><G67/><T125/><D125/><U5/><E19/><N who="2" m="12639" /><F9/><W126/><G126/><T38/><D38/><U42/><E50/><N who="2" m="31191" /><F55/><W127/><G127/><T46/><D4/><U102/><E102/><V64/><F64/><W84/><G49/><T112/><D112/><U53/><E71/><V8/><F8/><W73/><G73/><T74/><D74/><U6/><E3/><V72/><F72/><W58/><G58/><T113/><D113/><U69/><E69/><V21/><F21/><W111/><G111/><T7/><D7/><U135/><E135/><V134/><F134/><W2/><G2/><T23/><D35/><U103/><E103/><V0/><F0/><W128/><G128/><T24/><D28/><U11/><E11/><V29/><F29/><W90/><G30/><T91/><D60/><U12/><E53/><V114/><F114/><W106/><G31/><T81/><D48/><U76/><E63/><V124/><F124/><W98/><G27/><T121/><D46/><U20/><E12/><V120/><F120/><W119/><G119/><T34/><D34/><U104/><E36/><V122/><F122/><W17/><G10/><T109/><D121/><U25/><E39/><V1/><F1/><W132/><G132/><RYUUKYOKU ba="0,0" sc="250,-10,250,-10,250,30,250,-10" hai2="13,15,80,82,83,89,96" /><INIT seed="1,1,0,2,4,73" ten="240,240,280,240" oya="1" hai0="77,118,122,84,41,93,113,60,32,114,6,111,89" hai1="108,40,9,86,29,105,61,78,90,33,48,26,134" hai2="126,102,25,39,115,30,14,97,91,128,7,64,132" hai3="47,80,71,85,96,95,76,4,94,37,27,45,24"/><U59/><E105/><V54/><F39/><W56/><G71/><T1/><D32/><U68/><E134/><V52/><F132/><W55/><G4/><T5/><D118/><U81/><E108/><V106/><F126/><W98/><G94/><T23/><D111/><U58/><E9/><V104/><F104/><W130/><G130/><T21/><D114/><U22/><E33/><V53/><F128/><W82/><G98/><T107/><D107/><U8/><E8/><V131/><F131/><W124/><G124/><T75/><D113/><U74/><E68/><V92/><F115/><W62/><G82/><N who="0" m="47183" /><D75/><U103/><E103/><V99/><F14/><W121/><G121/><T51/><D60/><U57/><E74/><V44/><F64/><W2/><G2/><T31/><D1/><U129/><E129/><V11/><F11/><W3/><G3/><T69/><D69/><U38/><E38/><V42/><F7/><N who="0" m="2570" /><D31/><U79/><E61/><V109/><F109/><W117/><G117/><T110/><D110/><U43/><E48/><V83/><F83/><W13/><G37/><T34/><D34/><U50/><E50/><V133/><F133/><W10/><G10/><T116/><D116/><U112/><E112/><V66/><F66/><W63/><G63/><T88/><D122/><U17/><E29/><V16/><F30/><W120/><G120/><T65/><D65/><U28/><E28/><V18/><F25/><N who="3" m="9803" /><G13/><T46/><D93/><U49/><E49/><N who="2" m="26775" /><F106/><W101/><AGARI ba="1,0" hai="45,47,55,56,62,76,80,85,95,96,101" m="9803" machi="101" ten="30,2000,0" yaku="8,1,52,1" doraHai="73" who="3" fromWho="3" sc="240,-6,240,-11,280,-6,240,23" /><INIT seed="2,0,0,4,1,68" ten="234,229,274,263" oya="2" hai0="100,62,110,121,128,114,71,65,59,56,81,91,83" hai1="95,20,6,124,50,109,13,125,102,127,19,107,52" hai2="115,106,131,129,38,112,39,51,3,49,133,85,123" hai3="63,15,73,92,2,80,120,108,27,134,7,135,43"/><V82/><F106/><W89/><G120/><T41/><D121/><U98/><E109/><V105/><F123/><W24/><G2/><T22/><D114/><N who="2" m="43562" /><F105/><W44/><G108/><T37/><D110/><U45/><E6/><V8/><F8/><N who="3" m="4511" /><G63/><T23/><D100/><U12/><E12/><V97/><F97/><N who="3" m="57487" /><G80/><T76/><D128/><N who="2" m="49226" /><F3/><W117/><G73/><T25/><D91/><U53/><REACH who="1" step="1"/><E107/><REACH who="1" ten="234,219,274,263" step="2"/><V57/><F133/><N who="3" m="50699" /><G117/><T86/><D25/><U111/><E111/><V30/><F30/><W18/><G18/><T34/><D76/><U17/><E17/><V74/><F74/><W130/><G130/><T10/><D10/><U1/><E1/><V69/><F69/><W40/><G40/><AGARI ba="0,1" hai="13,19,20,40,45,50,52,53,95,98,102,124,125,127" machi="40" ten="40,5200,0" yaku="1,1,18,1,54,1,53,0" doraHai="68" doraHaiUra="0" who="1" fromWho="3" sc="234,0,219,62,274,0,263,-52" /><INIT seed="3,0,0,3,4,101" ten="234,281,274,211" oya="3" hai0="57,53,85,69,123,45,116,66,88,34,37,28,2" hai1="99,95,22,135,33,93,26,44,70,36,21,87,89" hai2="61,29,117,63,102,132,48,60,71,54,125,4,80" hai3="50,11,6,0,98,64,126,19,30,62,96,1,114"/><W104/><G114/><T8/><D123/><U90/><E70/><V129/><F117/><W15/><G126/><T106/><D106/><U38/><E135/><V113/><F113/><W74/><G74/><T25/><D116/><U118/><E118/><V131/><F29/><W108/><G30/><T43/><D8/><U92/><E33/><V76/><F4/><W20/><G108/><T35/><D2/><U24/><E93/><V81/><F71/><W97/><G50/><T39/><D39/><U12/><E12/><V18/><F132/><W56/><REACH who="3" step="1"/><G0/><REACH who="3" ten="234,281,274,201" step="2"/><T72/><D72/><U58/><E36/><V105/><F125/><W5/><G5/><T122/><D122/><U41/><E38/><V134/><F134/><W112/><G112/><T49/><D28/><U115/><E115/><V14/><F48/><W40/><G40/><T75/><D75/><U84/><E41/><V17/><F17/><W31/><G31/><T124/><D124/><U121/><E121/><V94/><F131/><W27/><G27/><T82/><D25/><U47/><E26/><V91/><F129/><W119/><G119/><T32/><D32/><U133/><E24/><V83/><F18/><W10/><G10/><T23/><D23/><U86/><E133/><V130/><F130/><W16/><G16/><T79/><D79/><U67/><E21/><V100/><F76/><W78/><G78/><T46/><D46/><N who="1" m="17451" /><E22/><V3/><F3/><W55/><G55/><T73/><D73/><U107/><E67/><V111/><F54/><W13/><G13/><T103/><D103/><AGARI ba="0,1" hai="1,6,11,15,19,20,56,62,64,96,97,98,103,104" machi="103" ten="40,3900,0" yaku="1,1,52,1,53,0" doraHai="101" doraHaiUra="77" who="3" fromWho="0" sc="234,-39,281,0,274,0,201,49" /><INIT seed="3,1,0,3,4,71" ten="195,281,274,250" oya="3" hai0="51,112,88,115,64,5,113,135,34,95,83,128,56" hai1="131,67,21,89,9,122,0,66,91,22,79,3,105" hai2="57,77,110,14,68,78,55,121,61,102,93,74,129" hai3="103,43,97,27,47,53,72,62,41,94,50,54,81"/><W1/><G1/><T15/><D34/><U33/><E33/><V117/><F117/><W29/><G72/><T52/><D128/><U96/><E79/><V28/><F110/><W39/><G81/><T60/><D135/><U134/><E134/><V84/><F74/><W65/><G53/><T31/><D31/><U108/><E108/><V109/><F109/><W119/><G119/><T133/><D133/><U11/><E105/><V49/><F28/><W63/><G39/><T92/><D5/><U2/><E96/><V127/><F127/><W73/><G73/><T124/><D124/><U36/><E36/><V13/><F129/><W126/><G126/><T130/><D15/><N who="2" m="5642" /><F68/><W45/><G45/><N who="0" m="27759" /><D130/><U48/><E48/><V107/><F107/><W12/><G12/><T10/><D10/><N who="1" m="3595" /><E131/><V23/><F121/><W37/><G37/><T111/><D111/><U20/><E122/><V40/><F23/><N who="3" m="15615" /><G65/><AGARI ba="1,0" hai="0,2,3,20,21,22,65,66,67,89,91" m="3595" machi="65" ten="40,2600,0" yaku="28,2" doraHai="71" who="1" fromWho="3" sc="195,0,281,29,274,0,250,-29" owari="195,-30.0,310,41.0,274,7.0,221,-18.0" /></mjloggm>