<mjloggm ver="2.3"><GO type="169" lobby="0"/><UN n0="%E3%83%A1%E3%82%AC%E3%83%8D%E3%81%8F%E3%82%93" n1="%E3%82%B4%E3%83%9F%E3%82%AF%E3%82%BA%E4%B8%83%E6%AE%B5" n2="%72%79%6F%E2%80%A6%31%35" n3="%E3%83%88%E3%83%88%E3%83%AA%E5%85%88%E7%94%9F%31%39%E6%AD%B3" dan="17,16,17,18" rate="2189.30,2107.27,2219.69,2203.52" sx="M,F,M,F"/><TAIKYOKU oya="0"/><INIT seed="0,0,0,4,4,73" ten="250,250,250,250" oya="0" hai0="93,53,38,54,89,70,1,71,24,116,102,64,108" hai1="33,30,80,76,99,57,23,39,106,103,2,29,94" hai2="45,63,124,69,55,12,8,68,122,65,119,83,77" hai3="35,84,113,60,132,78,130,7,120,11,91,82,61"/><T14/><D116/><U41/><E2/><V125/><F122/><W4/><G113/><T37/><D1/><U100/><E33/><V31/><F31/><W17/><G35/><T85/><D24/><U126/><E126/><V115/><F119/><W50/><G120/><T111/><D102/><U98/><E23/><V15/><F115/><W88/><G130/><T25/><D25/><U40/><E57/><V36/><F69/><N who="0" m="26122" /><D14/><U51/><E39/><N who="0" m="14857" /><D64/><U127/><E127/><V20/><F20/><W87/><G132/><T5/><D5/><N who="3" m="2121" /><G91/><T59/><D59/><U75/><E30/><V49/><F12/><N who="3" m="7327" /><G50/><T79/><D79/><U135/><E29/><V48/><F48/><W92/><AGARI ba="0,0" hai="60,61,78,82,84,87,88,92" m="7327,2121" machi="92" ten="30,4000,0" yaku="8,1,52,1,54,1" doraHai="73" who="3" fromWho="3" sc="250,-20,250,-10,250,-10,250,40" /><INIT seed="1,0,0,2,2,102" ten="230,240,240,290" oya="1" hai0="107,89,73,97,114,124,134,132,106,30,129,118,55" hai1="74,28,110,60,94,8,86,85,31,10,77,92,29" hai2="120,66,57,115,5,9,27,40,16,69,126,70,108" hai3="2,53,44,43,84,22,65,39,103,18,32,82,13"/><U58/><E74/><V35/><F120/><W76/><G32/><T62/><D30/><U41/><E110/><V113/><F108/><W47/><G2/><T119/><D114/><U93/><E41/><V67/><F40/><W64/><G103/><T72/><D62/><U48/><E48/><V131/><F35/><W121/><G121/><T24/><D24/><U101/><E101/><V81/><F131/><W135/><G135/><N who="0" m="51755" /><D129/><U54/><REACH who="1" step="1"/><E77/><REACH who="1" ten="230,230,240,290" step="2"/><V96/><F115/><W105/><G76/><T12/><D72/><U68/><E68/><V42/><F70/><W80/><G43/><T75/><D73/><U78/><E78/><V109/><F69/><W127/><G39/><T34/><D75/><U11/><AGARI ba="0,1" hai="8,10,11,28,29,31,54,58,60,85,86,92,93,94" machi="11" ten="40,24000,3" yaku="1,1,0,1,29,2,8,1,53,3" doraHai="102" doraHaiUra="4" who="1" fromWho="1" sc="230,-80,230,250,240,-80,290,-80" /><INIT seed="1,1,0,5,0,4" ten="150,480,160,210" oya="1" hai0="24,135,92,36,23,118,31,18,71,42,1,106,74" hai1="16,22,46,40,86,3,44,91,100,128,2,68,28" hai2="80,48,5,14,99,43,102,127,111,125,11,126,64" hai3="8,85,59,69,21,6,41,97,20,93,15,95,49"/><U30/><E68/><V114/><F111/><W104/><G69/><T129/><D118/><U124/><E124/><V73/><F64/><W52/><G104/><T54/><D106/><U87/><E128/><V38/><F114/><W131/><G131/><T67/><D129/><U108/><E108/><V82/><F73/><W56/><G41/><T66/><D74/><U113/><E113/><V35/><F35/><W17/><G59/><T34/><D135/><U134/><E134/><V47/><REACH who="2" step="1"/><F38/><REACH who="2" ten="150,480,150,210" step="2"/><W105/><G105/><AGARI ba="1,1" hai="5,11,14,43,47,48,80,82,99,102,105,125,126,127" machi="105" ten="40,8000,1" yaku="1,1,2,1,18,1,52,1,53,1" doraHai="4" doraHaiUra="101" who="2" fromWho="3" sc="150,0,480,0,150,93,210,-83" /><INIT seed="2,0,0,2,4,112" ten="150,480,243,127" oya="2" hai0="126,11,22,35,36,38,43,53,45,72,12,3,85" hai1="94,103,41,55,134,64,2,119,113,111,81,24,65" hai2="27,33,129,14,67,125,54,50,104,60,75,128,127" hai3="100,4,74,49,63,57,102,56,39,59,86,83,133"/><V9/><F75/><W5/><G39/><T109/><D35/><U87/><E119/><V92/><F104/><W82/><G133/><T32/><D32/><U130/><E113/><V48/><F92/><W108/><G108/><T31/><D109/><U89/><E2/><V62/><F27/><W47/><G74/><T124/><D72/><U101/><E111/><V121/><F33/><W7/><G63/><T107/><D107/><U69/><E24/><V84/><F84/><W34/><G34/><T77/><D38/><U114/><E94/><V20/><F20/><W13/><G13/><T70/><D70/><U26/><E87/><V17/><F121/><W95/><G95/><T46/><D53/><U120/><E89/><V79/><F79/><W61/><G61/><N who="2" m="23657" /><F67/><W15/><G15/><T78/><D85/><U44/><E26/><V66/><F66/><W80/><G86/><T16/><D31/><U28/><E64/><V19/><F19/><W51/><REACH who="3" step="1"/><G47/><REACH who="3" ten="150,480,243,117" step="2"/><T42/><D77/><U52/><E65/><V21/><F14/><W29/><G29/><T76/><D76/><U116/><E28/><V71/><F129/><W30/><G30/><T106/><D78/><U132/><E130/><V118/><F128/><W110/><G110/><T96/><D3/><U97/><E132/><V91/><F127/><W37/><G37/><N who="0" m="21711" /><D22/><U18/><E134/><V6/><F21/><W1/><G1/><T68/><D68/><U0/><E69/><V105/><F71/><W135/><G135/><T88/><D106/><U115/><E0/><N who="2" m="199" /><F105/><W40/><G40/><T98/><D98/><RYUUKYOKU ba="0,1" sc="150,15,480,-15,243,-15,117,15" hai0="11,12,16,36,43,46,88,96,124,126" hai3="4,5,7,49,51,56,57,59,80,82,83,100,102" /><INIT seed="3,1,1,1,2,66" ten="165,465,228,132" oya="3" hai0="71,81,80,105,27,25,33,130,104,93,10,133,19" hai1="57,126,65,3,125,6,74,120,127,36,62,30,95" hai2="131,7,128,40,55,43,44,61,42,87,97,26,111" hai3="20,103,41,39,21,59,100,56,101,88,108,112,0"/><W86/><G112/><T119/><D119/><U22/><E120/><V16/><F111/><W23/><G0/><T12/><D133/><U92/><E36/><V113/><F113/><W84/><G108/><T72/><D71/><U75/><E3/><V96/><F7/><W123/><G123/><T29/><D130/><N who="2" m="49706" /><F87/><W132/><G132/><T110/><D110/><U73/><E6/><V135/><F135/><W99/><G39/><T18/><D93/><U70/><E57/><N who="3" m="22090" /><G41/><T76/><REACH who="0" step="1"/><D81/><REACH who="0" ten="155,465,228,132" step="2"/><U89/><E92/><AGARI ba="1,2" hai="20,21,23,84,86,88,92,99,100,101,103" m="22090" machi="92" ten="40,3900,0" yaku="8,1,54,1" doraHai="66" who="3" fromWho="1" sc="155,0,465,-42,228,0,132,62" /><INIT seed="3,2,0,3,5,13" ten="155,423,228,194" oya="3" hai0="129,1,64,22,78,132,66,60,41,67,3,25,119" hai1="127,130,77,73,63,111,107,47,97,126,82,92,91" hai2="101,133,102,116,40,70,48,44,58,36,83,51,62" hai3="45,59,10,54,88,21,42,76,4,117,68,120,86"/><W135/><G117/><T33/><D119/><U75/><E111/><V84/><F116/><W17/><G120/><T2/><D33/><U87/><E130/><V37/><F133/><W103/><G68/><T85/><D132/><U20/><E63/><V26/><F36/><W98/><G76/><T27/><D129/><U123/><E123/><V6/><F6/><W56/><G135/><T124/><D124/><N who="1" m="47659" /><E47/><V131/><F131/><W5/><G10/><T109/><D109/><U113/><E113/><V24/><F48/><N who="3" m="26679" /><G98/><T71/><D41/><U95/><E20/><V61/><F37/><W104/><G103/><T32/><D32/><U50/><E50/><V118/><F62/><N who="3" m="36119" /><G104/><T9/><D9/><U46/><E46/><V128/><F70/><W29/><G29/><T121/><D121/><U15/><E107/><V35/><F35/><W108/><G59/><T52/><D78/><U69/><E69/><V114/><F128/><W0/><G0/><T110/><D110/><U23/><E73/><V89/><F118/><W115/><G115/><T122/><D122/><U79/><E79/><V14/><F114/><W99/><G99/><T34/><D34/><U18/><E97/><V55/><F102/><W12/><G108/><T31/><D85/><U134/><E134/><V30/><F101/><W57/><G57/><N who="0" m="34855" /><D71/><U28/><E28/><V94/><F30/><W43/><G43/><T53/><D53/><U105/><E105/><V93/><F40/><W8/><G8/><T72/><D72/><U39/><E39/><V74/><F74/><W38/><G38/><T96/><D96/><RYUUKYOKU ba="2,0" sc="155,10,423,10,228,-30,194,10" hai0="1,2,3,22,25,27,31,64,66,67" hai1="15,18,23,75,77,82,87,91,92,95" hai3="4,5,12,17,21,86,88" /><INIT seed="3,3,0,0,1,17" ten="165,433,198,204" oya="3" hai0="57,51,87,23,134,9,120,48,101,1,76,54,10" hai1="114,81,77,60,100,113,36,7,89,66,4,30,135" hai2="79,68,123,117,88,119,6,126,53,104,24,121,64" hai3="50,20,56,118,99,46,111,11,98,71,13,80,42"/><W65/><G118/><T63/><D120/><N who="2" m="46154" /><F104/><W124/><G71/><T49/><D134/><U55/><E89/><V18/><F79/><W8/><G124/><T26/><D101/><U128/><E55/><V52/><F6/><W61/><G111/><T27/><D1/><U19/><E19/><V108/><F108/><W102/><G80/><N who="0" m="47495" /><D27/><U37/><E60/><N who="2" m="39943" /><F126/><W14/><G102/><T133/><D133/><U85/><E85/><V40/><F40/><W75/><G75/><T58/><D58/><U15/><E81/><V95/><F117/><W5/><REACH who="3" step="1"/><G20/><REACH who="3" ten="165,433,198,194" step="2"/><T44/><D44/><U90/><E100/><V67/><F119/><W106/><G106/><T83/><D83/><U16/><E135/><V82/><F82/><W29/><G29/><AGARI ba="3,1" hai="9,10,23,26,29,48,49,51,54,57,63" m="47495" machi="29" ten="30,2000,0" yaku="8,1,52,1" doraHai="17" who="0" fromWho="3" sc="165,39,433,0,198,0,194,-29" /><INIT seed="4,0,0,2,4,106" ten="204,433,198,165" oya="0" hai0="91,16,30,102,27,39,17,75,93,107,0,79,134" hai1="65,28,50,51,114,41,115,133,31,68,19,12,4" hai2="77,20,54,21,64,29,92,103,71,122,48,6,128" hai3="61,43,8,125,44,129,70,18,116,34,52,5,22"/><T121/><D121/><U23/><E133/><V110/><F110/><W36/><G116/><T56/><D39/><U15/><E65/><V85/><F122/><W73/><G34/><T111/><D0/><U94/><E68/><V45/><F128/><W46/><G129/><T98/><D56/><U80/><E80/><V95/><F6/><W32/><G32/><T89/><D111/><U87/><E87/><V40/><F29/><W127/><G73/><T74/><D134/><U58/><E94/><V76/><F103/><W123/><G123/><T47/><D47/><U90/><E90/><V25/><F25/><W1/><G70/><T82/><D89/><U78/><E78/><V33/><F33/><W130/><G130/><T132/><D74/><U7/><E41/><V113/><F113/><W42/><G61/><T53/><D53/><U109/><E109/><V83/><F77/><W2/><G2/><T88/><D91/><U13/><E58/><V63/><F95/><W3/><G3/><T86/><D132/><U59/><E59/><N who="2" m="33223" /><F92/><W55/><G127/><T57/><D57/><U105/><E105/><V72/><F85/><W66/><G125/><T81/><D81/><U99/><E99/><V37/><AGARI ba="0,0" hai="20,21,37,40,45,63,64,71,72,76,83" m="33223" machi="37" ten="30,2000,0" yaku="24,1,52,1" doraHai="106" who="2" fromWho="2" sc="204,-10,433,-5,198,20,165,-5" /><INIT seed="5,0,0,5,2,121" ten="194,428,218,160" oya="1" hai0="85,57,98,75,100,126,118,89,2,130,13,61,14" hai1="83,77,38,8,73,92,84,110,63,62,9,46,106" hai2="40,39,45,135,32,102,76,94,4,50,97,1,90" hai3="113,81,37,6,108,79,67,123,70,103,105,20,134"/><U35/><E35/><V48/><F32/><W47/><G123/><T91/><D118/><U43/><E106/><V22/><F135/><W101/><G134/><T52/><D75/><U120/><E120/><V66/><F66/><W21/><G108/><T71/><D2/><U12/><E8/><V104/><F22/><W27/><G113/><T44/><D71/><U109/><E92/><V28/><F28/><W16/><G105/><T30/><D30/><U17/><REACH who="1" step="1"/><E73/><REACH who="1" ten="194,418,218,160" step="2"/><V0/><F94/><W10/><G20/><T112/><D112/><U95/><E95/><V59/><F104/><W25/><G10/><T133/><D133/><U60/><AGARI ba="0,1" hai="9,12,17,38,43,46,60,62,63,77,83,84,109,110" machi="60" ten="30,11700,0" yaku="1,1,0,1,52,2,53,0" doraHai="121" doraHaiUra="3" who="1" fromWho="1" sc="194,-39,418,127,218,-39,160,-39" /><INIT seed="5,1,0,5,2,16" ten="155,545,179,121" oya="1" hai0="122,68,120,55,72,100,4,57,60,79,66,124,134" hai1="80,129,21,20,75,10,73,115,113,110,11,127,121" hai2="96,116,43,32,38,101,64,69,65,35,92,78,34" hai3="118,97,19,93,31,6,44,70,114,86,61,95,24"/><U39/><E121/><N who="0" m="46697" /><D100/><U71/><E39/><V91/><F116/><W125/><G118/><T77/><D72/><U88/><E71/><V53/><F69/><W108/><G108/><T17/><D4/><U104/><E104/><V18/><F78/><W62/><G114/><N who="1" m="43530" /><E129/><V90/><F53/><W36/><G125/><T109/><D109/><U47/><E47/><V67/><F38/><W87/><G6/><T42/><D42/><U83/><E127/><V40/><REACH who="2" step="1"/><F18/><REACH who="2" ten="155,545,169,121" step="2"/><W12/><G70/><T54/><D124/><U45/><E110/><V14/><F14/><W37/><G37/><T50/><D134/><U56/><E75/><V135/><F135/><W48/><G36/><T130/><D130/><U9/><E73/><V25/><F25/><W49/><G19/><T112/><D112/><U1/><E1/><V30/><F30/><W33/><G12/><T133/><D133/><U84/><E45/><V22/><F22/><N who="1" m="8809" /><E56/><V28/><F28/><W13/><G44/><T76/><D68/><U27/><E27/><V94/><F94/><AGARI ba="1,1" hai="9,10,11,80,83,84,88,94" m="8809,43530" machi="94" ten="30,12000,1" yaku="15,1,52,3,54,1" doraHai="16" who="1" fromWho="2" sc="155,0,545,133,169,-123,121,0" /><INIT seed="5,2,0,1,0,26" ten="155,678,46,121" oya="1" hai0="82,33,96,43,53,70,57,25,116,72,104,134,35" hai1="7,98,27,1,65,59,5,91,56,119,29,4,77" hai2="12,69,13,94,99,88,115,78,38,11,0,3,22" hai3="66,121,47,28,61,124,2,110,79,68,90,31,6"/><U105/><E119/><V81/><F69/><W24/><G121/><T111/><D111/><U50/><E77/><V19/><F38/><W64/><G110/><T126/><D116/><U44/><E1/><V62/><F62/><W36/><G124/><T85/><D43/><U15/><E15/><V34/><F34/><W133/><G133/><T113/><D134/><U102/><E91/><V46/><F46/><W40/><G66/><T125/><D70/><U30/><E65/><V55/><F55/><W23/><G79/><T45/><D45/><U49/><E49/><V108/><F115/><W130/><G130/><T10/><D10/><U60/><E60/><V67/><F67/><W87/><G6/><T42/><D42/><U135/><E135/><V106/><F106/><W117/><G2/><T80/><D72/><U128/><E128/><V83/><F83/><N who="0" m="31786" /><D85/><U89/><E89/><V127/><F127/><N who="0" m="48650" /><D25/><U54/><REACH who="1" step="1"/><E30/><REACH who="1" ten="155,668,46,121" step="2"/><V92/><F0/><W71/><G117/><T84/><D113/><U109/><E109/><V118/><F3/><W63/><G63/><T52/><D53/><U8/><E8/><V21/><F108/><W76/><G76/><T103/><D52/><U114/><E114/><V123/><F118/><W32/><G71/><T75/><D75/><U17/><E17/><V86/><F13/><W39/><G31/><T107/><D103/><U97/><E97/><N who="2" m="57479" /><F123/><W9/><G9/><T58/><D96/><U120/><E120/><V18/><F18/><W51/><G36/><T74/><D74/><U100/><E100/><AGARI ba="2,1" hai="11,12,19,21,22,78,81,86,94,99,100" m="57479" machi="100" ten="30,2000,0" yaku="8,1,54,1" doraHai="26" who="2" fromWho="1" sc="155,0,668,-26,46,36,121,0" /><INIT seed="6,0,0,3,4,24" ten="155,642,82,121" oya="2" hai0="74,47,12,82,48,43,104,56,78,26,21,66,133" hai1="134,116,23,79,16,9,84,126,87,117,91,94,1" hai2="72,45,10,121,122,131,33,3,92,19,124,6,11" hai3="130,81,65,90,51,41,50,55,80,73,97,15,129"/><V68/><F68/><W8/><G65/><T34/><D133/><U54/><E134/><V59/><F72/><W13/><G73/><T111/><D111/><U27/><E126/><V42/><F124/><W113/><G113/><T119/><D104/><U107/><E107/><V86/><F33/><W127/><G127/><T61/><D119/><U110/><E110/><V95/><F131/><N who="3" m="50187" /><G15/><T0/><D0/><U77/><E54/><V83/><F59/><N who="3" m="33271" /><G51/><T4/><D34/><U106/><E106/><V118/><F118/><W62/><G62/><T25/><D21/><U108/><E108/><V7/><F121/><W2/><G41/><T89/><D89/><U128/><E128/><V28/><F122/><W71/><G2/><T67/><D66/><U40/><E40/><V93/><F3/><W14/><G14/><T63/><D63/><U70/><E70/><V102/><F102/><W112/><G71/><T109/><D109/><U64/><E64/><V38/><F19/><N who="3" m="8615" /><G112/><T101/><D101/><U123/><E87/><V20/><F6/><W57/><G57/><T60/><D60/><U85/><E91/><N who="2" m="51679" /><F7/><W115/><G115/><T75/><D75/><U44/><E94/><AGARI ba="0,0" hai="80,81,90,94,97" m="8615,33271,50187" machi="94" ten="30,1000,0" yaku="19,1" doraHai="24" who="3" fromWho="1" sc="155,0,642,-10,82,0,121,10" /><INIT seed="7,0,0,3,4,83" ten="155,632,82,131" oya="3" hai0="126,125,21,29,110,90,106,78,43,49,0,81,14" hai1="57,42,2,51,37,55,19,30,134,96,38,68,8" hai2="6,85,11,47,77,33,17,52,39,103,124,9,53" hai3="122,65,89,133,20,112,135,41,23,5,66,36,123"/><W128/><G112/><T111/><D0/><U64/><E134/><N who="3" m="51210" /><G128/><T34/><D106/><U91/><E30/><V60/><F33/><W28/><G5/><T18/><D90/><U113/><E113/><V105/><F124/><N who="0" m="47722" /><D34/><U88/><E96/><V61/><F105/><W26/><G41/><T3/><D29/><U127/><E127/><V82/><F103/><W54/><G36/><T102/><D3/><U10/><E37/><V107/><F107/><W15/><G54/><N who="2" m="21097" /><F39/><W100/><G100/><T31/><D31/><U99/><E99/><V62/><F6/><W132/><N who="3" m="51218" /><W72/><DORA hai="80" /><G72/><N who="0" m="43207" /><D102/><U73/><E73/><V116/><F116/><W45/><G45/><AGARI ba="0,0" hai="14,18,21,43,45,49,110,111" m="43207,47722" machi="45" ten="30,1000,0" yaku="18,1" doraHai="83,80" who="0" fromWho="3" sc="155,10,632,0,82,0,131,-10" owari="165,-3.0,632,73.0,82,-42.0,121,-28.0" /></mjloggm>