<mjloggm ver="2.3"><GO type="169" lobby="0"/><UN n0="%E3%83%88%E3%83%88%E3%83%AA%E5%85%88%E7%94%9F%31%39%E6%AD%B3" n1="%E3%83%9A%E3%83%81%E3%83%A7%E3%83%BC%E3%83%AA%E3%83%B3" n2="%67%61%72%75%63%69%61" n3="%50%6F%74%6F%73%68%69" dan="19,16,16,16" rate="2290.11,2102.08,2182.84,2081.60" sx="F,M,M,F"/><TAIKYOKU oya="0"/><INIT seed="0,0,0,1,4,55" ten="250,250,250,250" oya="0" hai0="51,124,126,90,81,13,111,53,67,121,41,56,7" hai1="10,4,69,36,95,5,16,12,8,34,129,18,96" hai2="37,88,128,21,119,114,32,127,9,116,135,58,47" hai3="24,76,107,108,104,46,26,122,3,80,22,27,42"/><T33/><D121/><U39/><E69/><V118/><F32/><W101/><G122/><T64/><D33/><U54/><E129/><V133/><F114/><W44/><G3/><T125/><D111/><U23/><E34/><V15/><F128/><W132/><G108/><T25/><D41/><U30/><E30/><V98/><F21/><W49/><G132/><T57/><D25/><U115/><E115/><V102/><F127/><W109/><G109/><T43/><D43/><U120/><E120/><V6/><F47/><W20/><G101/><T91/><D81/><U113/><E113/><V75/><F75/><W83/><G44/><T85/><D85/><U62/><E36/><V103/><F37/><W29/><G26/><T38/><D38/><U94/><E39/><V48/><F103/><W117/><G117/><T45/><D90/><N who="1" m="55383" /><E95/><N who="2" m="56679" /><F102/><W19/><REACH who="3" step="1"/><G83/><REACH who="3" ten="250,250,250,240" step="2"/><T59/><D91/><U110/><E110/><V11/><F135/><W66/><G66/><T63/><D67/><U60/><E60/><V89/><F133/><W65/><G65/><T35/><D35/><U1/><E1/><V2/><F2/><W79/><G79/><T82/><D82/><U93/><E93/><V86/><F15/><W92/><G92/><T28/><D28/><U130/><E130/><V14/><F89/><W112/><G112/><T131/><D131/><U84/><E84/><AGARI ba="0,1" hai="19,20,22,24,27,29,42,46,49,76,80,84,104,107" machi="84" ten="30,3900,0" yaku="1,1,7,1,53,1" doraHai="55" doraHaiUra="73" who="3" fromWho="1" sc="250,0,250,-39,250,0,240,49" /><INIT seed="1,0,0,1,1,119" ten="250,211,250,289" oya="1" hai0="24,97,3,94,107,38,130,48,34,64,102,86,41" hai1="52,93,65,60,106,66,44,23,11,22,43,108,74" hai2="84,55,90,53,82,122,13,10,110,76,47,121,57" hai3="113,116,36,26,103,83,100,69,135,5,67,120,111"/><U19/><E106/><V129/><F110/><W20/><G113/><T114/><D114/><U98/><E74/><V134/><F129/><W131/><G36/><T87/><D3/><U35/><E35/><V91/><F134/><W112/><G112/><T21/><D38/><U33/><E33/><V118/><F118/><W29/><G116/><T7/><D7/><U81/><E108/><V17/><F91/><W95/><G111/><T31/><D130/><U109/><E109/><V0/><F0/><W49/><G131/><T71/><D94/><U72/><E11/><V75/><F55/><W39/><G39/><T12/><D48/><U32/><E32/><V30/><F30/><W85/><G135/><T9/><D41/><U18/><E81/><N who="2" m="49423" /><F57/><W133/><G133/><T4/><REACH who="0" step="1"/><D21/><REACH who="0" ten="240,211,250,289" step="2"/><N who="1" m="7691" /><E72/><V46/><F46/><W115/><G20/><T51/><D51/><AGARI ba="0,1" hai="10,13,17,47,51,53,75,76,82,121,122" m="49423" machi="51" ten="30,3900,0" yaku="25,1,52,2" doraHai="119" who="2" fromWho="0" sc="240,-39,211,0,250,49,289,0" /><INIT seed="2,0,0,3,0,13" ten="201,211,299,289" oya="2" hai0="2,114,9,109,45,10,127,125,107,113,53,74,32" hai1="133,58,38,131,7,116,118,61,102,126,48,57,121" hai2="88,85,52,30,83,4,98,27,93,11,104,5,16" hai3="14,36,100,120,8,12,122,108,84,130,35,39,26"/><V86/><F104/><W60/><G108/><T28/><D107/><U106/><E38/><V63/><F86/><W105/><G130/><T134/><D74/><U6/><E131/><V112/><F112/><N who="0" m="43114" /><D45/><U22/><E121/><V49/><F63/><W15/><G84/><T94/><D94/><U23/><E126/><N who="0" m="48137" /><D53/><U89/><E89/><N who="2" m="51391" /><F30/><W47/><G60/><T72/><D72/><U79/><E106/><V135/><F135/><W20/><G35/><T59/><D59/><U81/><E58/><N who="2" m="33039" /><F11/><N who="0" m="4106" /><D2/><U90/><E57/><V34/><F34/><W44/><G120/><T68/><D68/><U123/><E133/><V40/><F40/><W82/><G122/><T18/><D134/><U31/><E123/><V95/><F95/><W101/><G8/><T25/><D109/><U129/><E61/><V54/><F54/><W124/><G124/><T37/><D37/><U29/><E31/><V75/><F75/><W97/><G82/><T19/><AGARI ba="0,0" hai="18,19,25,28,32" m="4106,48137,43114" machi="19" ten="40,8000,1" yaku="18,1,34,2,52,2" doraHai="13" who="0" fromWho="0" sc="201,80,211,-20,299,-40,289,-20" /><INIT seed="3,0,0,3,4,9" ten="281,191,259,269" oya="3" hai0="22,90,53,82,26,21,118,44,108,15,121,133,45" hai1="84,128,61,7,50,0,81,65,125,83,6,2,32" hai2="36,101,17,131,67,57,63,116,71,104,113,74,97" hai3="111,41,42,10,126,40,95,64,106,105,135,75,29"/><W109/><G75/><T117/><D121/><U60/><E32/><V129/><F116/><W4/><G64/><T14/><D108/><N who="3" m="41545" /><G126/><T3/><D3/><U18/><E125/><V59/><F113/><W110/><N who="3" m="41553" /><W107/><DORA hai="80" /><G29/><T100/><D133/><U46/><E128/><N who="2" m="49227" /><F74/><W112/><G95/><T87/><D118/><U62/><E83/><V24/><F36/><W132/><G112/><T34/><D34/><U48/><E65/><V69/><F69/><W13/><AGARI ba="0,0" hai="4,10,13,40,41,42,105,106,107,132,135" m="41553" machi="13" ten="60,11700,0" yaku="14,1,10,1,52,1" doraHai="9,80" who="3" fromWho="3" sc="281,-39,191,-39,259,-39,269,117" /><INIT seed="3,1,0,0,2,47" ten="242,152,220,386" oya="3" hai0="38,112,79,51,101,78,23,11,119,1,125,61,9" hai1="107,57,104,105,53,113,66,59,4,13,116,63,80" hai2="115,87,55,8,64,71,15,129,10,5,135,29,26" hai3="35,99,126,30,50,73,2,94,122,83,110,132,127"/><W108/><G122/><T31/><D119/><U102/><E113/><V58/><F115/><W28/><G2/><T14/><D38/><U95/><E116/><V134/><F129/><W98/><G132/><T68/><D125/><N who="3" m="47625" /><G73/><T46/><D112/><U18/><E80/><V123/><F123/><W60/><G60/><T89/><D101/><U72/><E72/><V109/><F109/><N who="3" m="42091" /><G83/><T118/><D118/><U120/><E4/><V114/><F114/><W43/><G35/><T97/><D1/><U22/><E120/><V0/><F71/><W111/><N who="3" m="42099" /><W124/><N who="3" m="47633" /><DORA hai="69" /><W85/><DORA hai="131" /><G85/><T48/><D61/><U3/><E3/><V17/><F64/><W84/><G84/><T21/><D68/><U65/><REACH who="1" step="1"/><E59/><REACH who="1" ten="242,142,220,386" step="2"/><V76/><F76/><W32/><G32/><T128/><D79/><U75/><E75/><V103/><F58/><W16/><G16/><T96/><D78/><U42/><E42/><V41/><F41/><W6/><G6/><T33/><D128/><U45/><E45/><V91/><F0/><W82/><G82/><T37/><D46/><U81/><E81/><V12/><F5/><W25/><G30/><T7/><D7/><U133/><E133/><V54/><F29/><W62/><G28/><T74/><D31/><U34/><E34/><V52/><F17/><W20/><G43/><T49/><D74/><U77/><E77/><V24/><F135/><W88/><G20/><T44/><D23/><U93/><E93/><V92/><F134/><W67/><G94/><T27/><D33/><U86/><E86/><V106/><F87/><RYUUKYOKU ba="1,1" sc="242,-10,142,30,220,-10,386,-10" hai1="13,18,22,53,57,63,65,66,95,102,104,105,107" /><INIT seed="4,2,1,5,5,76" ten="232,172,210,376" oya="0" hai0="65,37,132,19,38,124,100,14,56,118,88,22,0" hai1="112,8,95,7,131,28,44,64,26,114,74,115,102" hai2="78,1,20,31,122,40,30,125,83,57,127,111,87" hai3="120,52,6,79,67,9,96,61,119,129,47,113,86"/><T62/><D118/><U99/><E131/><V11/><F122/><W128/><G119/><T134/><D0/><U109/><E109/><V84/><F111/><W92/><G120/><T123/><D123/><U82/><E64/><V33/><F33/><W16/><G113/><T59/><D100/><U21/><E44/><V72/><F40/><W103/><G128/><T55/><D124/><N who="2" m="47690" /><F20/><W15/><G129/><T41/><D41/><U2/><E74/><V25/><F57/><N who="3" m="34983" /><G67/><T63/><REACH who="0" step="1"/><D88/><REACH who="0" ten="222,172,210,376" step="2"/><U4/><E4/><N who="2" m="1423" /><F25/><W133/><G133/><AGARI ba="2,2" hai="14,19,22,37,38,55,56,59,62,63,65,132,133,134" machi="133" ten="40,12000,1" yaku="1,1,20,1,53,2" doraHai="76" doraHaiUra="68" who="0" fromWho="3" sc="222,146,172,0,210,0,376,-126" /><INIT seed="4,3,0,0,3,88" ten="368,172,210,250" oya="0" hai0="29,19,54,105,130,11,45,62,116,81,66,40,131" hai1="73,49,58,2,31,74,115,91,90,56,1,71,50" hai2="129,111,15,47,127,75,85,78,83,37,28,103,41" hai3="128,92,4,34,123,86,48,135,104,109,10,118,108"/><T5/><D116/><U20/><E20/><V65/><F111/><W69/><G69/><T79/><D105/><U53/><E71/><V61/><F127/><W114/><G104/><T26/><D19/><U72/><E31/><V67/><F129/><N who="0" m="49162" /><D54/><U55/><REACH who="1" step="1"/><E73/><REACH who="1" ten="368,162,210,250" step="2"/><V51/><F28/><W59/><G128/><T7/><D29/><U44/><E44/><V6/><F75/><W110/><G110/><T125/><D125/><U21/><E21/><V68/><F37/><W39/><G39/><N who="0" m="21663" /><D11/><U89/><E89/><V84/><F103/><W113/><G109/><T23/><D23/><U107/><E107/><V95/><F68/><W22/><G22/><T82/><D26/><U13/><E13/><V126/><F126/><W76/><G108/><T87/><D82/><U42/><E42/><V64/><F61/><W17/><G10/><T80/><D81/><U112/><AGARI ba="3,1" hai="1,2,49,50,53,55,56,58,72,74,90,91,112,115" machi="112" ten="25,6400,0" yaku="1,1,0,1,22,2,53,0" doraHai="88" doraHaiUra="25" who="1" fromWho="1" sc="368,-35,162,83,210,-19,250,-19" /><INIT seed="5,0,0,2,0,115" ten="333,245,191,231" oya="1" hai0="63,30,46,32,105,92,47,86,91,9,94,44,111" hai1="6,7,95,59,98,127,22,129,70,120,82,52,26" hai2="29,27,134,119,36,121,42,88,67,55,54,13,61" hai3="2,84,1,40,93,133,113,20,101,87,16,135,78"/><U71/><E120/><V132/><F121/><W96/><G113/><T77/><D111/><U116/><E116/><V0/><F0/><W14/><G40/><T53/><D105/><U10/><E127/><V25/><F13/><W34/><G34/><T99/><D32/><U122/><E122/><V112/><F112/><W18/><G18/><T3/><D3/><U72/><E129/><V33/><F119/><W4/><G78/><T41/><D30/><U97/><E97/><V124/><F124/><W39/><G39/><T5/><D41/><U109/><E109/><V74/><F74/><W57/><G57/><N who="0" m="35247" /><D77/><U128/><E128/><V83/><F25/><W50/><G50/><T12/><D47/><U35/><E35/><V110/><F110/><W89/><G84/><T51/><D51/><U66/><E66/><V43/><F43/><W114/><G114/><T90/><AGARI ba="0,0" hai="5,9,12,44,46,86,90,91,92,94,99" m="35247" machi="90" ten="30,1100,0" yaku="8,1" doraHai="115" who="0" fromWho="0" sc="333,11,245,-5,191,-3,231,-3" /><INIT seed="6,0,0,2,3,120" ten="344,240,188,228" oya="2" hai0="91,97,118,20,83,125,112,16,93,59,37,17,22" hai1="33,102,45,121,70,73,80,132,104,0,21,29,49" hai2="117,71,115,35,32,25,119,116,126,100,62,84,61" hai3="87,69,13,114,48,79,107,94,63,95,3,36,75"/><V50/><F115/><W6/><G107/><T2/><D37/><U15/><E0/><V111/><F71/><W96/><G36/><T127/><D112/><U52/><E70/><V34/><F100/><W26/><G3/><T85/><D2/><U43/><E33/><V58/><F126/><N who="0" m="48138" /><D118/><U10/><E102/><V98/><F98/><W39/><G39/><T103/><D59/><U86/><E104/><V51/><F84/><W122/><G75/><T66/><D66/><U44/><E73/><V129/><F25/><W110/><G114/><T24/><D20/><U131/><E121/><V81/><F81/><W53/><G26/><T55/><D55/><U5/><E132/><V1/><F1/><W41/><G41/><T90/><D17/><U23/><E29/><V27/><F27/><W113/><G113/><T11/><D11/><U60/><E131/><V46/><F129/><W68/><G68/><T78/><AGARI ba="0,0" hai="16,22,24,78,83,85,90,91,93,97,103" m="48138" machi="78" ten="30,2000,0" yaku="18,1,54,1" doraHai="120" who="0" fromWho="0" sc="344,20,240,-5,188,-10,228,-5" /><INIT seed="7,0,0,5,4,13" ten="364,235,178,223" oya="3" hai0="133,61,40,111,118,45,11,56,57,98,70,25,88" hai1="44,121,1,16,116,20,86,76,66,83,102,132,12" hai2="134,67,135,42,43,58,69,38,130,75,115,123,65" hai3="18,85,128,17,77,52,32,29,108,47,19,84,5"/><W33/><G128/><T117/><D111/><U0/><E121/><V79/><F130/><W97/><G108/><T4/><D70/><U22/><E132/><V94/><F123/><W6/><G33/><T124/><D133/><U30/><E116/><V99/><F115/><W14/><G32/><T91/><D124/><U71/><E102/><V131/><F131/><W87/><G29/><T46/><D25/><U9/><E22/><V81/><F69/><W119/><G119/><T129/><D129/><U49/><E71/><V62/><F38/><W15/><G77/><T34/><D34/><U73/><E73/><V89/><F135/><W101/><G14/><T53/><D46/><U23/><E66/><V68/><F134/><W21/><G6/><T112/><D112/><U105/><E23/><V10/><F67/><W31/><G5/><T90/><D57/><U113/><E105/><V26/><F68/><W39/><G31/><T104/><D104/><U125/><E125/><V63/><F63/><W60/><G39/><T107/><D107/><U120/><E120/><V103/><F26/><W41/><G41/><T24/><D24/><U27/><E113/><V7/><REACH who="2" step="1"/><F103/><REACH who="2" ten="364,235,168,223" step="2"/><W2/><G60/><T109/><D117/><U93/><E27/><V96/><F96/><W35/><G35/><T78/><D118/><U50/><E50/><V110/><F110/><W8/><G101/><T48/><D109/><U36/><E49/><V82/><F82/><W106/><G97/><T37/><D98/><U59/><E36/><V51/><F51/><W95/><G106/><T3/><D37/><RYUUKYOKU ba="0,1" sc="364,15,235,-15,168,15,223,-15" hai0="3,4,11,40,45,48,53,56,61,78,88,90,91" hai2="7,10,42,43,58,62,65,75,79,81,89,94,99" owari="389,49.0,220,2.0,183,-32.0,208,-19.0" /></mjloggm>