<mjloggm ver="2.3"><GO type="169" lobby="0"/><UN n0="%E5%B0%B1%E6%B4%BB%E7%94%9F%40%E5%B7%9D%E6%9D%91%E8%BB%8D%E5%9B%A3" n1="%E3%83%A8%E3%82%B3%E3%83%A8%E3%82%B3" n2="%E6%B3%A5%E3%82%93%E3%81%93%E3%83%90%E3%83%83%E3%82%B7%E3%83%BC" n3="%E5%A4%8F%E3%81%AA%E3%81%AE%E3%81%AB" dan="16,16,16,16" rate="2150.13,2108.53,2265.03,2090.93" sx="M,M,M,M"/><TAIKYOKU oya="0"/><INIT seed="0,0,0,2,5,40" ten="250,250,250,250" oya="0" hai0="95,88,101,99,33,27,25,65,62,120,41,17,50" hai1="112,71,108,116,103,119,49,100,21,125,8,126,97" hai2="90,63,56,122,110,76,98,105,47,26,123,134,28" hai3="82,107,66,64,36,55,10,52,20,32,1,9,30"/><T89/><D120/><U68/><E108/><V118/><F110/><W34/><G107/><T131/><D131/><U14/><E21/><V37/><F134/><W128/><G36/><T53/><D41/><U24/><E24/><V42/><F118/><N who="1" m="45097" /><E112/><V51/><F76/><W46/><G20/><T115/><D115/><U12/><E49/><V11/><F11/><W91/><G128/><T19/><D33/><U102/><E97/><V60/><F37/><W80/><G30/><T75/><D75/><U18/><E18/><V6/><F6/><W135/><G91/><T96/><D25/><U104/><E104/><V73/><F73/><W127/><G1/><T7/><D7/><U133/><E8/><V87/><F63/><W4/><G4/><T29/><D29/><U83/><E83/><V94/><F105/><W5/><G5/><T61/><D27/><U129/><E129/><V109/><F98/><W106/><G106/><T72/><D72/><U67/><E67/><V121/><F109/><W132/><REACH who="3" step="1"/><G127/><REACH who="3" ten="250,250,250,240" step="2"/><N who="1" m="48650" /><E133/><V79/><F79/><W54/><G54/><T93/><D89/><U77/><E77/><V3/><F3/><W117/><G117/><T59/><REACH who="0" step="1"/><D62/><REACH who="0" ten="240,250,250,240" step="2"/><U85/><E85/><V2/><F2/><W57/><G57/><AGARI ba="0,2" hai="17,19,50,53,57,59,61,65,88,93,95,96,99,101" machi="57" ten="30,12000,1" yaku="1,1,2,1,7,1,8,1,54,1,53,0" doraHai="40" doraHaiUra="39" who="0" fromWho="3" sc="240,140,250,0,250,0,240,-120" /><INIT seed="0,1,0,3,1,51" ten="380,250,250,120" oya="0" hai0="42,103,125,45,114,124,29,89,47,85,50,60,98" hai1="56,22,15,39,9,32,77,79,17,91,109,96,130" hai2="13,117,18,84,104,121,12,36,127,38,33,78,25" hai3="0,49,72,115,35,57,88,27,110,31,8,19,37"/><T83/><D114/><U71/><E71/><V59/><F121/><W67/><G37/><T126/><D29/><U118/><E118/><V24/><F104/><W61/><G72/><T40/><D60/><U132/><E32/><V75/><F75/><W69/><G115/><T97/><REACH who="0" step="1"/><D103/><REACH who="0" ten="370,250,250,120" step="2"/><U129/><E132/><V101/><F101/><W119/><G119/><T11/><D11/><U116/><E116/><V80/><F117/><W81/><G110/><T14/><D14/><U52/><E109/><V74/><F13/><W62/><G8/><T41/><D41/><U66/><E9/><V30/><F12/><W16/><G0/><T133/><D133/><U3/><E15/><V7/><F30/><W94/><G49/><AGARI ba="1,1" hai="40,42,45,47,49,50,83,85,89,97,98,124,125,126" machi="49" ten="40,7700,0" yaku="1,1,9,1,18,1,53,0" doraHai="51" doraHaiUra="68" who="0" fromWho="3" sc="370,90,250,0,250,0,120,-80" /><INIT seed="0,2,0,5,3,112" ten="460,250,250,40" oya="0" hai0="80,40,133,59,63,107,126,116,58,30,106,92,89" hai1="87,71,61,70,115,83,101,27,93,77,41,105,78" hai2="94,129,111,49,42,109,51,60,3,24,22,26,32" hai3="135,102,90,37,73,25,34,14,125,19,53,64,17"/><T99/><D30/><U31/><E115/><V95/><F3/><W55/><G37/><T66/><D133/><U132/><E132/><V38/><F38/><W68/><G135/><T85/><D126/><U103/><E41/><V12/><F129/><W104/><G125/><T96/><D116/><U122/><E122/><V57/><F12/><W6/><G73/><T84/><D40/><U131/><E131/><V39/><F39/><W110/><G110/><N who="2" m="41993" /><F32/><W47/><G90/><T8/><D8/><U52/><E105/><V54/><F26/><W65/><G6/><T74/><D74/><U100/><E78/><V67/><F42/><W21/><G47/><T121/><D121/><U0/><E0/><V35/><F35/><W28/><G19/><T81/><D59/><U114/><E114/><V118/><F118/><W29/><G29/><T62/><D62/><U13/><E13/><V79/><F79/><W1/><G1/><T75/><D75/><U119/><E93/><N who="2" m="35339" /><F67/><W48/><G48/><T120/><D120/><U113/><E113/><V72/><F72/><W123/><G123/><T50/><D50/><U44/><E119/><V98/><F98/><N who="3" m="61527" /><G65/><T18/><D99/><U2/><E2/><V134/><F134/><W9/><G9/><T4/><D4/><U128/><E128/><V20/><F20/><W97/><G97/><T76/><REACH who="0" step="1"/><D18/><AGARI ba="2,0" hai="18,22,24,49,51,54,57,60" m="35339,41993" machi="18" ten="30,1000,0" yaku="14,1" doraHai="112" who="2" fromWho="0" sc="460,-16,250,0,250,16,40,0" /><INIT seed="1,0,0,3,0,66" ten="444,250,266,40" oya="1" hai0="15,122,106,59,9,56,7,17,134,113,104,120,101" hai1="67,88,95,21,2,132,31,79,129,11,5,44,116" hai2="23,52,25,10,89,42,53,57,28,114,85,12,123" hai3="13,75,107,91,70,98,34,92,76,4,6,83,110"/><U82/><E116/><V108/><F123/><N who="0" m="47146" /><D134/><U127/><E132/><V55/><F108/><W48/><G34/><T35/><D35/><U103/><E129/><V100/><F114/><W68/><G110/><T32/><D32/><U131/><E131/><V1/><F1/><W90/><G90/><T81/><D113/><U77/><E127/><V40/><F100/><N who="3" m="62871" /><G48/><T74/><D7/><N who="3" m="2601" /><G13/><T49/><D49/><U121/><E121/><V124/><F124/><W64/><G64/><T38/><D38/><U102/><E67/><V19/><REACH who="2" step="1"/><F57/><REACH who="2" ten="444,250,256,40" step="2"/><W29/><G29/><T37/><D59/><U16/><E31/><V112/><F112/><W86/><AGARI ba="0,1" hai="68,70,75,76,83,86,91,92" m="2601,62871" machi="86" ten="30,4000,0" yaku="24,1,52,2" doraHai="66" who="3" fromWho="3" sc="444,-10,250,-20,256,-10,40,50" /><INIT seed="2,0,0,1,3,22" ten="434,230,246,90" oya="2" hai0="104,51,49,125,107,39,63,74,126,133,57,20,41" hai1="55,40,13,89,132,93,96,84,38,2,14,72,110" hai2="135,124,134,56,85,5,119,99,15,114,65,116,81" hai3="33,42,64,16,105,62,35,45,26,102,0,43,1"/><V59/><F114/><W113/><G113/><T29/><D74/><U128/><E2/><V109/><F99/><N who="3" m="61663" /><G43/><T31/><D133/><N who="2" m="50698" /><F124/><N who="0" m="47722" /><D39/><U8/><E132/><V130/><F130/><W94/><G16/><T24/><D31/><U4/><E128/><V9/><F109/><W67/><G67/><N who="0" m="39407" /><D41/><U47/><E72/><V23/><F23/><W90/><G90/><T75/><D75/><U131/><E131/><V6/><F6/><W70/><G94/><T112/><D112/><U12/><E110/><V28/><F28/><N who="3" m="19607" /><G35/><T87/><D87/><U27/><E55/><V79/><F65/><W73/><G73/><T108/><D108/><U123/><E123/><V19/><F19/><W7/><G7/><T120/><D120/><U50/><E38/><AGARI ba="0,0" hai="0,1,38,42,45,62,64,70" m="19607,61663" machi="38" ten="30,7700,0" yaku="25,1,33,2,52,1" doraHai="22" who="3" fromWho="1" sc="434,0,230,-77,246,0,90,77" /><INIT seed="3,0,0,5,2,38" ten="434,153,246,167" oya="3" hai0="59,133,81,91,95,51,90,122,132,104,109,107,37" hai1="112,56,96,67,72,121,47,4,11,19,94,101,70" hai2="131,126,119,7,61,20,27,34,82,102,111,87,58" hai3="24,99,113,55,84,6,0,110,52,92,57,124,18"/><W25/><G113/><T106/><D37/><U44/><E70/><V86/><F119/><W64/><G124/><T89/><D59/><U16/><E112/><V21/><F126/><W116/><G116/><T93/><D51/><U42/><E72/><V68/><F68/><W62/><G110/><T74/><D109/><U76/><E121/><V48/><F102/><W69/><G84/><T54/><D54/><U22/><E76/><V50/><F7/><W8/><G18/><T63/><D63/><U114/><E114/><V79/><F111/><W71/><G69/><T97/><D122/><U105/><E105/><V129/><F21/><W31/><G71/><T45/><D45/><U1/><E44/><V65/><F34/><W83/><G83/><T120/><D120/><U125/><E22/><V60/><F60/><W9/><G9/><T78/><D91/><U13/><E125/><V118/><F86/><AGARI ba="0,0" hai="74,78,81,86,89,90,93,95,97,104,106,107,132,133" machi="86" ten="40,5200,0" yaku="34,3" doraHai="38" who="0" fromWho="2" sc="434,52,153,0,246,-52,167,0" /><INIT seed="4,0,0,2,4,11" ten="486,153,194,167" oya="0" hai0="73,122,39,117,110,19,48,1,15,118,131,3,127" hai1="44,49,6,64,121,119,46,109,45,74,57,93,98" hai2="92,50,81,69,25,125,105,51,66,70,91,29,84" hai3="21,120,80,103,86,56,67,79,128,60,133,0,62"/><T28/><D39/><U7/><E119/><V47/><F105/><W82/><G0/><T111/><D73/><U32/><E121/><V135/><F135/><W53/><G128/><T90/><D48/><U72/><E109/><N who="0" m="41481" /><D90/><U40/><E32/><V34/><F125/><W12/><G133/><T77/><D77/><U124/><E124/><V36/><F36/><W35/><G35/><T87/><D87/><U61/><E72/><V55/><F66/><W99/><G120/><T23/><D127/><U107/><E107/><V33/><F33/><W85/><G21/><N who="0" m="11519" /><D131/><U123/><E123/><V30/><F30/><W9/><G99/><T71/><D71/><U4/><REACH who="1" step="1"/><E74/><REACH who="1" ten="486,143,194,167" step="2"/><V104/><F104/><W14/><G103/><AGARI ba="0,1" hai="4,6,7,40,44,45,46,49,57,61,64,93,98,103" machi="103" ten="40,5200,0" yaku="1,1,2,1,8,1,53,0" doraHai="11" doraHaiUra="101" who="1" fromWho="3" sc="486,0,143,62,194,0,167,-52" /><INIT seed="5,0,0,0,2,13" ten="486,205,194,115" oya="1" hai0="126,120,111,39,42,29,63,49,88,41,97,11,8" hai1="130,54,118,99,78,101,132,38,75,100,110,18,65" hai2="80,7,61,55,131,135,121,124,69,56,62,93,76" hai3="91,134,46,122,10,34,70,22,79,116,104,67,98"/><U128/><E38/><V33/><F121/><W112/><G122/><T57/><D39/><U59/><E118/><V48/><F33/><W107/><G34/><T52/><D111/><U0/><E0/><V92/><F135/><W20/><G134/><T50/><D120/><U4/><E4/><V47/><F131/><N who="1" m="50217" /><E132/><V113/><F124/><W127/><G127/><T108/><D29/><U74/><E110/><V40/><F113/><W17/><G112/><T27/><D27/><U119/><E119/><V129/><F129/><W95/><G116/><T19/><D126/><U90/><E65/><V71/><F7/><W12/><G79/><T85/><D97/><U83/><E75/><V87/><F62/><W103/><G46/><T14/><D8/><U96/><E90/><V15/><F15/><W105/><REACH who="3" step="1"/><G103/><REACH who="3" ten="486,205,194,105" step="2"/><T25/><D108/><U9/><E101/><V109/><F109/><W21/><G21/><N who="0" m="13503" /><D41/><U36/><E100/><V6/><F40/><W3/><G3/><T32/><D42/><U89/><E78/><V16/><F76/><W72/><G72/><T64/><D32/><U23/><E74/><V106/><F47/><W102/><G102/><T28/><D64/><U86/><E23/><V58/><F106/><W133/><G133/><T1/><D1/><U44/><E44/><V68/><F69/><W45/><G45/><T53/><D57/><U125/><E125/><V94/><F71/><W35/><G35/><T123/><D123/><U81/><E36/><V66/><F66/><W114/><G114/><T24/><D88/><U73/><E89/><V26/><F58/><RYUUKYOKU ba="0,1" sc="486,-10,205,-10,194,-10,105,30" hai3="10,12,17,20,22,67,70,91,95,98,104,105,107" /><INIT seed="6,1,1,0,4,126" ten="476,195,184,135" oya="2" hai0="115,13,133,98,70,83,16,108,67,105,50,37,39" hai1="95,93,82,45,71,43,107,131,8,65,79,99,51" hai2="132,56,64,76,46,7,104,11,12,25,35,121,135" hai3="48,4,28,88,27,18,103,92,14,75,69,21,36"/><V120/><F104/><W81/><G36/><T119/><D108/><U117/><E117/><V118/><F76/><W58/><G69/><T44/><D115/><U78/><E131/><V109/><F46/><W125/><G125/><T2/><D2/><U61/><E8/><V77/><F77/><W134/><G134/><N who="2" m="51241" /><F56/><W128/><G103/><T113/><D113/><U72/><E79/><V42/><F64/><W63/><G4/><T111/><D111/><U22/><REACH who="1" step="1"/><E22/><REACH who="1" ten="476,185,184,135" step="2"/><V30/><F109/><W17/><G128/><T112/><D133/><U3/><E3/><V73/><F73/><W110/><G75/><T40/><D112/><U97/><E97/><V106/><F106/><W6/><G110/><T124/><D124/><U9/><E9/><V66/><F118/><W74/><G74/><T5/><D119/><U90/><E90/><V96/><F96/><W57/><G21/><T29/><D5/><U1/><E1/><V54/><F120/><W31/><G6/><T10/><D98/><U84/><E84/><V26/><F121/><W49/><G88/><T0/><D105/><U34/><E34/><V87/><F87/><W122/><G122/><T68/><D0/><U100/><AGARI ba="1,2" hai="43,45,51,61,65,71,72,78,82,93,95,99,100,107" machi="100" ten="30,2000,0" yaku="1,1,0,1,53,0" doraHai="126" doraHaiUra="15" who="1" fromWho="1" sc="476,-6,185,43,184,-11,135,-6" /><INIT seed="7,0,0,0,4,92" ten="470,228,173,129" oya="3" hai0="113,69,126,30,0,73,10,26,85,13,46,8,27" hai1="41,104,56,103,31,72,77,102,86,18,108,57,28" hai2="70,21,90,62,63,22,44,93,99,14,4,68,38" hai3="114,124,95,87,111,118,97,3,11,81,74,52,66"/><W115/><G118/><T131/><D73/><U110/><E72/><V9/><F63/><W39/><G74/><T128/><D69/><U23/><E41/><V61/><F61/><W15/><G39/><T119/><D119/><U88/><E77/><V123/><F123/><W96/><G3/><T35/><D113/><N who="3" m="43017" /><G124/><T34/><D126/><U5/><E5/><V133/><F133/><W107/><G111/><T25/><D85/><U125/><E125/><V83/><F83/><W51/><G66/><T37/><D46/><U17/><E86/><V40/><REACH who="2" step="1"/><F68/><REACH who="2" ten="470,228,163,129" step="2"/><W53/><G107/><T84/><D37/><U45/><E110/><V20/><F20/><W71/><G71/><T121/><D84/><U24/><E23/><V29/><F29/><W1/><G1/><T48/><D13/><U109/><E31/><V59/><F59/><N who="3" m="33183" /><G95/><T43/><D0/><U94/><E28/><V67/><AGARI ba="0,1" hai="4,9,14,21,22,38,40,44,62,67,70,90,93,99" machi="67" ten="30,4000,0" yaku="1,1,0,1,52,1,53,0" doraHai="92" doraHaiUra="49" who="2" fromWho="2" sc="470,-10,228,-10,163,50,129,-20" owari="460,56.0,218,2.0,213,-19.0,109,-39.0" /></mjloggm>