<mjloggm ver="2.3"><GO type="169" lobby="0"/><UN n0="%E3%83%8A%E3%83%A9" n1="%41%E3%82%86%E3%81%A3%E3%81%93%E3%82%93%E3%81%90" n2="%E5%B0%B1%E6%B4%BB%E7%94%9F%40%E5%B7%9D%E6%9D%91%E8%BB%8D%E5%9B%A3" n3="%E6%9C%9D%E9%95%B7%E7%BE%8E%E6%A1%9C%E2%99%AA" dan="17,17,17,16" rate="2123.83,2101.38,2235.47,2155.63" sx="M,M,M,M"/><TAIKYOKU oya="0"/><INIT seed="0,0,0,4,2,104" ten="250,250,250,250" oya="0" hai0="86,68,131,23,39,1,118,24,120,99,129,135,4" hai1="100,56,74,106,72,15,103,115,51,126,128,17,76" hai2="101,12,64,122,125,109,3,84,70,6,48,79,43" hai3="77,111,54,41,9,32,67,94,10,62,2,40,13"/><T57/><D118/><U61/><E76/><V35/><F3/><W28/><G2/><T55/><D120/><U34/><E34/><V50/><F35/><W97/><G77/><T113/><D113/><U5/><E5/><V119/><F109/><W59/><G9/><T53/><D68/><U95/><E115/><V33/><F33/><W108/><G67/><T66/><D39/><U8/><E106/><V110/><F110/><N who="3" m="42027" /><G28/><T92/><D135/><U19/><E128/><V102/><F125/><W11/><G32/><T31/><D86/><U69/><E126/><V117/><F122/><W71/><G71/><T91/><D66/><U123/><E69/><V133/><F133/><W14/><G11/><N who="0" m="2447" /><D57/><U78/><E78/><V81/><F64/><W114/><G114/><T26/><D26/><U65/><E123/><V7/><F70/><W116/><G14/><T30/><D31/><U46/><E17/><V36/><F36/><W16/><G116/><N who="2" m="44617" /><F6/><W85/><G85/><T44/><D44/><U22/><E8/><N who="2" m="4127" /><F48/><W58/><G58/><T96/><D129/><U20/><E51/><V49/><F50/><W107/><G107/><T87/><D131/><U132/><E132/><V27/><F27/><W75/><G41/><T82/><D96/><U0/><E0/><V89/><F79/><W93/><G40/><T121/><D121/><U60/><E46/><AGARI ba="0,0" hai="43,46,49,81,84,89,101,102" m="4127,44617" machi="46" ten="30,1000,0" yaku="12,1" doraHai="104" who="2" fromWho="1" sc="250,0,250,-10,250,10,250,0" /><INIT seed="1,0,0,2,0,134" ten="250,240,260,250" oya="1" hai0="121,126,112,129,113,39,55,82,109,2,37,56,106" hai1="7,115,116,108,47,3,58,38,40,62,49,84,91" hai2="11,52,77,70,80,119,99,118,53,83,110,125,132" hai3="98,19,50,46,14,117,85,30,48,23,133,54,61"/><U67/><E115/><V102/><F70/><W89/><G133/><T76/><D2/><U95/><E116/><V31/><F132/><W35/><G117/><T96/><D109/><U97/><E108/><V107/><F110/><W68/><G98/><T78/><D129/><U41/><E3/><V27/><F83/><W65/><G48/><T120/><D96/><U69/><E7/><V79/><F79/><W88/><REACH who="3" step="1"/><G85/><REACH who="3" ten="250,240,260,240" step="2"/><N who="0" m="48327" /><D113/><U63/><E97/><V103/><F119/><W100/><G100/><T57/><D112/><U81/><E49/><V25/><F103/><W22/><G22/><T73/><D37/><U28/><E38/><V44/><F118/><W1/><G1/><T92/><D39/><U17/><E63/><V51/><F99/><W43/><G43/><T135/><D135/><U18/><E41/><V123/><F102/><W6/><G6/><T13/><D120/><U42/><E40/><V60/><F123/><W34/><G34/><T0/><D0/><U66/><E42/><V122/><F122/><W15/><G15/><T45/><D13/><U71/><E62/><V75/><F107/><W21/><G21/><T111/><D106/><U8/><E8/><V87/><F11/><W33/><G33/><T131/><D121/><U24/><E24/><AGARI ba="0,1" hai="14,19,23,24,30,35,46,50,54,61,65,68,88,89" machi="24" ten="40,2600,0" yaku="1,1,54,1,53,0" doraHai="134" doraHaiUra="36" who="3" fromWho="1" sc="250,0,240,-26,260,0,240,36" /><INIT seed="2,0,0,1,0,38" ten="250,214,260,276" oya="2" hai0="51,65,105,102,126,88,59,113,125,21,67,5,34" hai1="106,29,12,83,104,133,81,70,85,96,118,3,74" hai2="42,45,0,31,14,127,44,117,11,132,63,32,135" hai3="112,56,100,122,82,77,50,7,17,72,66,1,10"/><V24/><F117/><W64/><G122/><T48/><D113/><U22/><E3/><V114/><F114/><W23/><G112/><T53/><D34/><U76/><E118/><V86/><F127/><W62/><G100/><T58/><D5/><U129/><E129/><V20/><F45/><W49/><REACH who="3" step="1"/><G66/><REACH who="3" ten="250,214,260,266" step="2"/><T130/><D65/><U131/><E131/><V87/><F32/><W19/><G19/><T75/><D130/><U26/><E133/><N who="2" m="51275" /><F0/><W36/><G36/><T27/><D67/><U28/><E28/><V97/><F97/><W41/><G41/><T47/><D125/><U110/><E96/><V89/><F89/><W107/><G107/><T91/><D126/><U55/><E106/><V80/><F80/><W54/><G54/><T9/><D88/><U40/><E55/><V15/><F63/><W123/><G123/><T16/><D91/><U93/><E104/><V78/><F78/><W46/><G46/><T116/><D47/><U39/><E76/><V134/><F134/><W60/><G60/><T84/><D105/><U4/><E39/><N who="2" m="21599" /><F15/><AGARI ba="0,1" hai="1,7,10,15,17,23,49,50,56,62,64,72,77,82" machi="15" ten="30,2000,0" yaku="1,1,7,1,53,0" doraHai="38" doraHaiUra="111" who="3" fromWho="2" sc="250,0,214,0,260,-20,266,30" /><INIT seed="3,0,0,4,4,41" ten="250,214,240,296" oya="3" hai0="104,115,132,32,87,52,34,62,113,83,19,131,114" hai1="36,134,96,85,135,110,107,67,16,63,106,53,101" hai2="59,73,28,25,51,5,70,39,92,40,2,86,81" hai3="44,77,56,74,1,95,102,121,15,109,27,8,50"/><W0/><G121/><T22/><D104/><U93/><E110/><V42/><F70/><W35/><G109/><T98/><D98/><U84/><E36/><V26/><F73/><W31/><G56/><N who="0" m="35079" /><D131/><U14/><E106/><V3/><F39/><W129/><G129/><T116/><D132/><N who="1" m="50731" /><E107/><V94/><F26/><W21/><G35/><T6/><D6/><U105/><E105/><V49/><F49/><W9/><G9/><T43/><D43/><U90/><E53/><V48/><F48/><W7/><G102/><T111/><D116/><U79/><E79/><V66/><F42/><W99/><G77/><N who="0" m="46575" /><D111/><U23/><E101/><V45/><F5/><W60/><G74/><T4/><D4/><U17/><E17/><V11/><F3/><W13/><G0/><T124/><D124/><U75/><E75/><V108/><F2/><W76/><G76/><T123/><D123/><U47/><E47/><V37/><F108/><W125/><G125/><T103/><D103/><U10/><E10/><V33/><F11/><W127/><G127/><T119/><D119/><U118/><E118/><V69/><F69/><AGARI ba="0,0" hai="14,16,23,63,67,69,84,85,90,93,96" m="50731" machi="69" ten="30,2000,0" yaku="20,1,54,1" doraHai="41" who="1" fromWho="2" sc="250,0,214,20,240,-20,296,0" /><INIT seed="4,0,0,1,2,99" ten="250,234,220,296" oya="0" hai0="101,79,106,35,104,64,5,115,51,75,127,66,12" hai1="120,85,27,33,28,74,32,119,71,108,98,111,36" hai2="90,69,130,10,103,70,60,16,131,63,20,19,132" hai3="17,59,135,43,45,44,4,91,114,100,31,105,123"/><T93/><D115/><U40/><E85/><V97/><F10/><W2/><G31/><T82/><D35/><N who="1" m="20895" /><E119/><V58/><F90/><W29/><G29/><T124/><D51/><U128/><E120/><V78/><F78/><W118/><G4/><T88/><D5/><U23/><E23/><V68/><F132/><W14/><G2/><T34/><D34/><N who="1" m="13419" /><E128/><N who="2" m="49195" /><F20/><W109/><G118/><T112/><D112/><U56/><E56/><V94/><F63/><W86/><G123/><T61/><D61/><U77/><E71/><N who="2" m="18179" /><V54/><AGARI ba="0,0" hai="16,19,54,58,60,94,97,103" m="18179,49195" machi="54" ten="50,8000,1" yaku="4,1,19,1,52,1,54,1" doraHai="99" who="2" fromWho="2" sc="250,-40,234,-20,220,80,296,-20" /><INIT seed="5,0,0,4,5,70" ten="210,214,300,276" oya="1" hai0="5,19,29,51,96,77,133,45,97,35,31,21,55" hai1="127,85,87,117,7,130,132,62,74,17,48,78,99" hai2="114,11,121,16,86,100,69,23,53,102,3,82,1" hai3="44,126,47,25,122,111,79,59,108,128,20,123,115"/><U104/><E117/><V84/><F69/><W134/><G79/><T61/><D133/><U32/><E32/><V124/><F121/><N who="3" m="46091" /><G20/><T67/><D5/><U64/><E132/><V119/><F119/><W65/><G25/><T38/><D77/><U27/><E7/><V81/><F124/><W14/><G14/><T60/><D35/><U6/><E6/><V71/><F71/><W26/><G26/><T42/><D60/><U94/><E130/><V98/><F114/><W52/><G134/><T41/><D41/><U125/><E48/><V58/><F11/><W0/><G0/><T105/><D105/><U88/><E104/><V106/><F100/><W90/><G90/><T49/><D49/><U37/><E37/><V36/><F36/><W54/><G126/><N who="1" m="48138" /><E78/><V18/><F84/><W28/><G115/><T10/><D96/><U109/><E74/><V9/><F9/><W80/><G28/><T76/><D97/><U135/><E135/><V63/><F18/><W43/><G80/><T2/><D10/><U24/><E109/><N who="3" m="42058" /><G128/><T72/><D2/><U75/><E75/><V112/><F112/><W46/><G43/><T34/><D34/><U22/><E27/><V15/><F82/><W107/><G107/><T116/><D72/><U66/><E87/><V83/><REACH who="2" step="1"/><F81/><REACH who="2" ten="210,214,290,276" step="2"/><W68/><G68/><N who="0" m="42095" /><D116/><U50/><E85/><V33/><F33/><W73/><G73/><T12/><D76/><AGARI ba="0,1" hai="1,3,15,16,23,53,58,63,76,83,86,98,102,106" machi="76" ten="30,7700,0" yaku="1,1,7,1,54,1,53,1" doraHai="70" doraHaiUra="57" who="2" fromWho="0" sc="210,-77,214,0,290,87,276,0" /><INIT seed="6,0,0,4,4,63" ten="133,214,377,276" oya="2" hai0="106,41,20,49,27,22,101,53,134,94,58,42,14" hai1="113,65,80,91,16,25,28,23,126,133,79,36,21" hai2="115,40,4,6,93,50,71,117,102,131,72,60,15" hai3="44,33,74,10,92,84,69,52,46,43,55,96,13"/><V81/><F115/><W109/><G109/><T9/><D106/><U29/><E113/><V34/><F34/><W114/><G74/><T118/><D134/><U104/><E126/><V70/><F70/><W67/><G33/><T76/><D76/><U105/><E133/><V0/><F0/><W66/><G84/><T37/><D118/><U26/><E36/><V73/><F73/><W97/><G97/><T5/><D37/><U103/><E91/><V98/><F6/><W68/><G68/><T95/><D22/><U85/><E103/><V107/><F93/><W59/><G69/><T89/><D101/><U99/><E99/><V78/><F50/><N who="3" m="26911" /><G46/><T61/><D49/><U128/><E128/><V39/><F15/><W120/><G120/><T35/><D35/><U7/><E7/><V132/><F4/><N who="3" m="3271" /><G55/><T90/><D94/><U116/><E116/><V87/><F87/><W3/><G3/><T2/><D2/><U18/><REACH who="1" step="1"/><E65/><REACH who="1" ten="133,204,377,276" step="2"/><N who="2" m="41383" /><F117/><W32/><G114/><T54/><D90/><U124/><E124/><V112/><F112/><W135/><G135/><T48/><D89/><U123/><E123/><V62/><F132/><W122/><G122/><T108/><D95/><U8/><E8/><V121/><F131/><W83/><G96/><T111/><D111/><U110/><E110/><V127/><F127/><W30/><G92/><T31/><REACH who="0" step="1"/><D108/><REACH who="0" ten="123,204,377,276" step="2"/><U88/><E88/><V24/><F102/><W57/><G83/><T82/><D82/><U75/><E75/><V64/><F81/><W17/><G32/><T56/><AGARI ba="0,2" hai="5,9,14,20,27,31,41,42,48,53,54,56,58,61" machi="56" ten="20,8000,1" yaku="1,1,0,1,7,1,8,1,53,1" doraHai="63" doraHaiUra="11" who="0" fromWho="0" sc="123,100,204,-20,377,-40,276,-20" /><INIT seed="7,0,0,5,1,134" ten="223,184,337,256" oya="3" hai0="126,59,16,117,38,17,76,65,42,73,22,11,75" hai1="55,135,4,6,129,124,105,118,112,7,94,82,87" hai2="40,43,121,72,77,15,102,93,91,29,44,85,31" hai3="78,56,86,14,23,9,36,128,32,80,51,35,67"/><W41/><G36/><T89/><D117/><U92/><E112/><V33/><F33/><W123/><G123/><T54/><D65/><U26/><E135/><V53/><F121/><W3/><G3/><T83/><D73/><U66/><E129/><V25/><F102/><W2/><G2/><T21/><D42/><N who="2" m="15914" /><F72/><W132/><G23/><T114/><D38/><U27/><E105/><V113/><F25/><W0/><G0/><T125/><D89/><U103/><E118/><V100/><F100/><W107/><G107/><T111/><D111/><U18/><E66/><V116/><F116/><W8/><G8/><T88/><D88/><U69/><E69/><V127/><F127/><N who="0" m="48650" /><D114/><U60/><E124/><V57/><F44/><W122/><G122/><T79/><D79/><U58/><E18/><N who="0" m="7273" /><D11/><U133/><E133/><V131/><F77/><W106/><G41/><T68/><D68/><U95/><REACH who="1" step="1"/><E103/><REACH who="1" ten="223,174,337,256" step="2"/><V120/><F113/><W98/><G132/><T71/><D71/><U52/><E52/><V109/><F53/><W37/><G67/><T10/><D10/><U24/><E24/><V110/><F131/><W62/><G9/><T81/><D81/><U115/><E115/><V50/><F110/><W19/><G80/><T90/><D90/><AGARI ba="0,1" hai="4,6,7,26,27,55,58,60,82,87,90,92,94,95" machi="90" ten="40,8000,1" yaku="1,1,8,1,53,3" doraHai="134" doraHaiUra="1" who="1" fromWho="0" sc="223,-80,174,90,337,0,256,0" owari="143,-36.0,264,6.0,337,44.0,256,-14.0" /></mjloggm>