<mjloggm ver="2.3"><GO type="169" lobby="0"/><UN n0="%6B%69%6E%6F%30%31" n1="%E5%8F%8A%E5%B7%9D%E5%86%B0%E9%BA%97" n2="%E5%B0%B1%E6%B4%BB%E7%94%9F%40%E5%B7%9D%E6%9D%91%E8%BB%8D%E5%9B%A3" n3="%E3%83%A9%E3%83%83%E3%82%AD%E3%83%BC%E3%83%89%E3%83%83%E3%82%B0" dan="16,16,17,16" rate="2060.34,2092.39,2173.58,2098.82" sx="M,F,M,M"/><TAIKYOKU oya="0"/><INIT seed="0,0,0,4,0,7" ten="250,250,250,250" oya="0" hai0="47,15,113,43,101,87,66,86,94,18,95,36,110" hai1="28,112,97,135,3,1,108,85,62,84,74,107,22" hai2="93,6,5,55,88,121,51,82,73,64,104,83,21" hai3="10,128,52,61,105,115,92,118,2,53,132,72,99"/><T63/><D113/><U71/><E112/><V68/><F104/><W59/><G72/><T134/><D134/><U11/><E74/><V129/><F121/><W100/><G115/><T133/><D133/><U34/><E22/><V45/><F129/><W17/><G132/><T77/><D110/><U65/><E108/><V46/><F46/><W23/><G118/><T20/><D101/><U0/><E135/><V109/><F109/><W40/><G128/><T42/><D42/><U130/><E130/><V49/><F49/><W106/><G40/><T81/><REACH who="0" step="1"/><D87/><REACH who="0" ten="240,250,250,250" step="2"/><U8/><E85/><V44/><F73/><W13/><G2/><T70/><AGARI ba="0,1" hai="15,18,20,36,43,47,63,66,70,77,81,86,94,95" machi="70" ten="20,7800,0" yaku="1,1,2,1,0,1,7,1,53,0" doraHai="7" doraHaiUra="96" who="0" fromWho="0" sc="240,88,250,-26,250,-26,250,-26" /><INIT seed="0,1,0,1,1,30" ten="328,224,224,224" oya="0" hai0="112,76,35,92,28,90,12,82,100,126,17,105,135" hai1="127,85,68,124,48,18,72,9,69,6,61,110,63" hai2="86,115,114,31,104,22,21,47,62,50,74,46,55" hai3="57,27,44,111,20,52,45,1,60,129,133,125,25"/><T122/><D122/><U87/><E72/><V75/><F104/><W0/><G111/><T67/><D112/><U93/><E110/><V88/><F75/><W108/><G108/><T8/><D126/><N who="1" m="48171" /><E18/><V118/><F74/><W132/><G125/><T56/><D135/><N who="3" m="51785" /><G129/><T13/><D100/><U54/><E61/><V99/><F118/><W128/><G128/><T5/><D105/><U7/><E63/><V34/><F99/><W106/><G106/><T32/><D28/><U73/><E73/><V2/><F2/><N who="3" m="1131" /><G27/><T89/><D67/><U14/><E7/><V103/><F103/><W37/><G37/><T131/><D131/><U16/><E6/><V29/><F62/><W26/><G26/><T120/><D120/><U78/><E78/><V38/><F38/><W97/><G97/><T121/><D56/><N who="1" m="32839" /><E93/><V96/><F47/><W3/><N who="3" m="1139" /><W59/><DORA hai="134" /><G59/><T15/><D121/><U119/><E119/><V71/><F46/><W51/><G60/><T58/><D58/><U77/><E77/><V116/><F116/><W117/><G117/><T33/><D92/><U42/><E42/><V83/><F114/><W64/><G64/><T4/><D4/><U11/><E11/><V70/><F115/><W39/><G39/><T81/><D15/><U23/><E23/><V53/><F22/><W91/><G20/><N who="0" m="11303" /><D76/><U98/><E98/><V107/><F21/><W36/><G25/><T80/><D13/><U41/><E41/><V95/><F107/><W94/><G36/><T123/><D123/><U79/><E79/><V10/><F96/><W24/><G24/><RYUUKYOKU ba="1,0" sc="328,10,224,10,224,-30,224,10" hai0="5,8,32,33,35,80,81,82,89,90" hai1="9,14,16,68,69,85,87" hai3="44,45,51,52,57,91,94" /><INIT seed="0,2,0,1,0,98" ten="338,234,194,234" oya="0" hai0="3,120,28,128,94,79,59,44,83,107,72,117,131" hai1="67,46,20,66,122,64,30,99,89,45,8,62,123" hai2="84,92,63,48,127,82,97,88,76,35,74,112,15" hai3="103,47,57,4,42,106,135,75,17,73,23,18,36"/><T39/><D107/><U77/><E77/><V60/><F112/><W80/><G135/><T41/><D120/><U31/><E62/><V2/><F2/><W22/><G57/><T110/><D117/><U116/><E116/><V16/><F35/><W34/><G34/><T119/><D119/><U85/><E8/><V109/><F109/><W51/><G51/><T118/><D118/><U1/><E1/><V27/><F27/><W134/><G134/><T38/><D38/><U56/><E56/><V133/><F133/><W26/><G4/><T130/><D28/><U6/><E6/><V33/><F33/><W24/><G80/><T50/><D110/><U78/><E123/><V95/><F48/><W126/><G126/><T113/><D113/><U69/><E69/><V87/><F127/><W13/><G13/><T40/><D3/><U29/><E122/><V132/><F132/><W5/><G5/><T54/><D94/><N who="1" m="56783" /><E20/><N who="2" m="11295" /><F74/><W124/><G124/><T91/><D91/><AGARI ba="2,0" hai="60,63,76,82,84,87,88,91,92,95,97" m="11295" machi="91" ten="30,3900,0" yaku="8,1,54,2" doraHai="98" who="2" fromWho="0" sc="338,-45,234,0,194,45,234,0" /><INIT seed="1,0,0,0,1,116" ten="293,234,239,234" oya="1" hai0="4,6,34,10,134,98,84,39,112,96,55,94,76" hai1="29,18,90,57,101,70,102,122,124,53,132,66,87" hai2="44,12,117,77,88,62,127,81,118,11,85,67,3" hai3="126,35,82,65,17,119,103,73,83,30,51,133,33"/><U41/><E122/><V24/><F3/><W104/><G133/><T99/><D134/><U19/><E132/><V107/><F107/><W42/><G126/><T64/><D112/><U23/><E124/><V1/><F1/><W13/><G119/><T105/><D39/><U63/><E41/><V128/><F127/><W0/><G0/><T2/><D34/><U37/><E37/><V129/><F24/><W40/><G65/><T59/><D64/><U110/><E110/><V115/><F44/><W61/><G61/><T46/><D46/><U68/><E68/><V91/><F115/><W74/><G103/><T25/><D25/><N who="1" m="16575" /><E70/><V60/><F117/><W5/><G5/><T22/><D22/><U71/><E71/><V79/><F118/><W120/><G104/><T16/><D105/><U69/><E69/><V95/><F62/><W54/><G120/><T20/><D10/><U49/><E66/><V78/><F60/><W47/><G42/><T121/><D2/><U123/><E123/><V108/><F67/><W131/><G131/><T113/><D113/><U97/><E63/><V14/><F108/><W36/><G30/><T43/><D43/><U92/><E102/><V135/><F135/><W31/><G31/><T32/><D32/><U93/><AGARI ba="0,0" hai="18,19,49,53,57,87,90,92,93,97,101" m="16575" machi="93" ten="30,1500,0" yaku="8,1" doraHai="116" who="1" fromWho="1" sc="293,-5,234,15,239,-5,234,-5" /><INIT seed="1,1,0,1,4,71" ten="288,249,234,229" oya="1" hai0="62,86,35,109,4,18,36,61,52,54,114,117,30" hai1="29,63,51,76,45,44,17,11,20,110,23,111,31" hai2="7,72,40,0,37,96,39,95,19,81,78,21,130" hai3="13,92,134,103,10,73,6,93,80,107,98,48,75"/><U127/><E127/><V67/><F130/><W49/><G134/><T135/><D117/><U112/><E112/><V113/><F113/><W59/><G59/><T26/><D135/><U99/><E76/><V41/><F67/><W27/><G27/><T68/><D114/><U25/><E63/><V58/><F58/><W57/><G57/><T91/><D36/><U60/><E60/><V42/><F7/><W83/><G73/><T22/><D4/><U64/><E64/><V16/><F0/><W90/><G107/><T15/><D109/><N who="1" m="41483" /><E99/><V1/><F1/><W120/><G120/><T74/><D74/><U70/><E70/><V106/><F106/><W101/><G101/><T126/><D126/><U34/><E29/><V119/><F119/><W33/><G33/><T56/><D68/><U14/><E44/><V88/><REACH who="2" step="1"/><F19/><REACH who="2" ten="288,249,224,229" step="2"/><W118/><G118/><T105/><D105/><U79/><E79/><V122/><F122/><W69/><G69/><T3/><D3/><U66/><E66/><V47/><F47/><W104/><G104/><T9/><D62/><U102/><E102/><V89/><F89/><W123/><G123/><T55/><REACH who="0" step="1"/><D35/><REACH who="0" ten="278,249,224,229" step="2"/><U50/><E50/><V124/><F124/><W100/><G49/><T121/><D121/><U2/><E2/><V108/><F108/><W32/><G48/><T38/><D38/><U46/><E46/><V94/><F94/><AGARI ba="1,2" hai="9,15,18,22,26,30,52,54,55,56,61,86,91,94" machi="94" ten="30,7700,0" yaku="1,1,7,1,8,1,54,1,53,0" doraHai="71" doraHaiUra="115" who="0" fromWho="2" sc="278,100,249,0,224,-80,229,0" /><INIT seed="2,0,0,4,5,8" ten="378,249,144,229" oya="2" hai0="119,75,18,22,117,21,122,131,96,111,99,121,112" hai1="130,39,54,42,34,45,32,59,76,26,70,98,102" hai2="100,88,14,40,53,28,62,79,29,35,78,72,48" hai3="91,9,101,47,3,110,31,61,51,115,114,23,107"/><V128/><F128/><W106/><G110/><T127/><D75/><U57/><E130/><V120/><F120/><W1/><G91/><T4/><D111/><U36/><E36/><V5/><F100/><W74/><G74/><T73/><D73/><U133/><E133/><V69/><F40/><W37/><G37/><T116/><D112/><N who="3" m="43049" /><G61/><T103/><D131/><U25/><E70/><V52/><F72/><W118/><G118/><T15/><D127/><U105/><E76/><N who="2" m="29227" /><F35/><W68/><G68/><T109/><D109/><U27/><REACH who="1" step="1"/><E59/><REACH who="1" ten="378,239,144,229" step="2"/><N who="2" m="35175" /><F69/><W85/><G47/><T49/><D119/><U135/><E135/><V17/><F5/><W90/><G3/><T2/><D4/><U10/><E10/><N who="2" m="6359" /><F88/><W71/><G1/><T132/><D117/><U84/><E84/><V67/><F67/><W113/><G90/><T125/><D116/><U55/><E55/><V30/><F53/><W56/><G85/><T0/><D132/><U12/><E12/><V11/><F11/><W50/><G9/><T46/><D15/><U38/><E38/><V104/><F104/><W43/><G107/><T64/><D64/><U89/><E89/><V97/><F97/><W123/><G106/><T19/><D103/><U65/><E65/><V93/><F93/><W24/><G113/><T60/><D0/><U94/><E94/><V80/><F80/><W13/><G71/><T33/><D2/><U86/><E86/><V58/><F58/><W92/><G56/><T124/><D125/><U87/><E87/><V81/><F81/><W129/><G129/><T7/><D124/><U83/><E83/><RYUUKYOKU ba="0,1" sc="378,-15,239,15,144,15,229,-15" hai1="25,26,27,32,34,39,42,45,54,57,98,102,105" hai2="28,29,30,48" /><INIT seed="2,1,1,3,3,86" ten="363,254,159,214" oya="2" hai0="103,113,88,15,85,76,59,65,72,132,112,40,66" hai1="70,49,25,34,97,81,71,119,53,16,39,121,62" hai2="45,11,48,79,13,26,92,102,51,22,57,135,29" hai3="55,123,20,43,111,24,7,131,105,56,58,129,77"/><V130/><F135/><W125/><G105/><T122/><D122/><U134/><E119/><V4/><F130/><N who="3" m="49675" /><G111/><T89/><D72/><U32/><E121/><V14/><F79/><W120/><G125/><T99/><D132/><U5/><E39/><V109/><F109/><W67/><G77/><T73/><D73/><U18/><E134/><V31/><F31/><W96/><G7/><T106/><D40/><U38/><E5/><V33/><F57/><W2/><G2/><T52/><D76/><U30/><E38/><V42/><F51/><N who="3" m="30847" /><G96/><T110/><D110/><U44/><E34/><V47/><F47/><W108/><G43/><T9/><D113/><U0/><E0/><V75/><F75/><W127/><G127/><T36/><D36/><U6/><E6/><V101/><F33/><W10/><G10/><T83/><D112/><U35/><E35/><V69/><F69/><W68/><G68/><T3/><D3/><U116/><E71/><V60/><F60/><N who="3" m="38295" /><G108/><T84/><D15/><U117/><E70/><V54/><F42/><W19/><AGARI ba="1,1" hai="19,20,24,120,123" m="38295,30847,49675" machi="19" ten="30,1100,0" yaku="19,1" doraHai="86" who="3" fromWho="3" sc="363,-4,254,-4,159,-6,214,24" /><INIT seed="3,0,0,0,3,49" ten="359,250,153,238" oya="3" hai0="24,116,27,48,89,59,42,121,55,99,93,51,131" hai1="95,36,111,110,1,102,23,119,118,62,17,26,45" hai2="2,38,44,34,25,20,120,132,103,63,46,47,74" hai3="125,50,5,113,73,11,37,13,41,80,57,90,69"/><W43/><G69/><T87/><D116/><N who="1" m="44587" /><E1/><V64/><F74/><W100/><G100/><T117/><D117/><U115/><E62/><V81/><F2/><W7/><G113/><T70/><D70/><U3/><E3/><V101/><F132/><W84/><G125/><T10/><D121/><U86/><E115/><V18/><F34/><W28/><G73/><T106/><D131/><U133/><E133/><V107/><F120/><W97/><G37/><T32/><D32/><U30/><E17/><V65/><F65/><W16/><G28/><T96/><D10/><U114/><E114/><V67/><F67/><W72/><G72/><T9/><D9/><U66/><E66/><V54/><F54/><N who="3" m="31959" /><G97/><N who="0" m="37451" /><D106/><U128/><E102/><V122/><F122/><W6/><AGARI ba="0,0" hai="5,6,7,11,13,16,41,43,80,84,90" m="31959" machi="6" ten="30,6000,0" yaku="8,1,52,1,54,1" doraHai="49" who="3" fromWho="3" sc="359,-20,250,-20,153,-20,238,60" /><INIT seed="3,1,0,4,4,96" ten="339,230,133,298" oya="3" hai0="132,68,9,26,90,107,112,73,33,103,52,129,18" hai1="29,41,30,105,76,63,94,109,16,13,42,92,64" hai2="130,69,83,86,34,118,100,104,37,121,48,46,133" hai3="101,84,38,43,3,49,66,6,19,17,55,15,87"/><W67/><G38/><T11/><D73/><U56/><E105/><V97/><F118/><W79/><G43/><N who="1" m="16394" /><E109/><V72/><F130/><W32/><G32/><T88/><D129/><U5/><E5/><V115/><F133/><W31/><G31/><N who="1" m="11786" /><E76/><V50/><F115/><W57/><G3/><T78/><D78/><U1/><E1/><V106/><F34/><W47/><G101/><T59/><D68/><U74/><E74/><V119/><F121/><W53/><G6/><T124/><D33/><U36/><E36/><V22/><F106/><W7/><G7/><T82/><D132/><U14/><E14/><V28/><F69/><W65/><G79/><T60/><D112/><U45/><E45/><V80/><F37/><W39/><G17/><T116/><D116/><U54/><E54/><V134/><F134/><W12/><G12/><T58/><D82/><U135/><E135/><V127/><F119/><W93/><G93/><T51/><D9/><AGARI ba="1,0" hai="9,13,16,56,63,64,92,94" m="11786,16394" machi="9" ten="30,2000,0" yaku="8,1,54,1" doraHai="96" who="1" fromWho="0" sc="339,-23,230,23,133,0,298,0" /><INIT seed="4,0,0,3,3,84" ten="316,253,133,298" oya="0" hai0="13,90,24,11,114,120,7,83,73,2,45,4,3" hai1="29,67,31,127,23,98,20,52,71,88,66,113,17" hai2="53,65,99,110,134,58,56,77,107,74,47,18,124" hai3="118,75,54,16,35,57,37,5,42,69,32,38,117"/><T25/><D120/><U81/><E71/><V28/><F110/><W93/><G75/><T92/><D114/><U132/><E113/><V87/><F74/><W9/><G69/><T14/><D73/><U39/><E39/><V8/><F124/><W123/><G123/><T106/><D106/><U125/><E132/><V46/><F134/><W30/><G30/><N who="1" m="11274" /><E23/><V119/><F28/><W94/><G32/><T82/><D45/><U105/><E105/><V133/><F133/><W10/><G35/><T112/><D112/><U111/><E111/><V78/><F119/><W68/><G68/><T91/><D92/><N who="1" m="56583" /><E81/><V44/><F107/><W86/><G118/><T109/><D109/><U61/><E125/><V50/><F99/><W26/><G117/><T72/><D72/><U76/><E76/><V85/><F78/><W129/><G38/><T126/><D11/><U104/><E104/><V130/><F77/><W103/><G9/><T79/><D79/><U22/><E127/><AGARI ba="0,0" hai="2,3,4,7,13,14,24,25,82,83,90,91,126,127" machi="127" ten="25,9600,0" yaku="22,2,52,2" doraHai="84" who="0" fromWho="1" sc="316,96,253,-96,133,0,298,0" /><INIT seed="4,1,0,4,4,135" ten="412,157,133,298" oya="0" hai0="110,58,57,11,31,15,101,61,124,62,3,2,50" hai1="94,90,132,42,21,127,32,13,54,7,121,97,116" hai2="76,88,115,63,8,20,46,96,129,44,100,59,91" hai3="80,126,45,39,68,16,86,78,131,6,69,118,122"/><T70/><D101/><U103/><E116/><V102/><F115/><W36/><G118/><T56/><D31/><U30/><E132/><V134/><F134/><W114/><G122/><T93/><D110/><U79/><E121/><V92/><F129/><W119/><G119/><T117/><D117/><U108/><E108/><V67/><F76/><W26/><G114/><T29/><D29/><U18/><E42/><V49/><F20/><W82/><G131/><T55/><D93/><U73/><E7/><V28/><F28/><W27/><G6/><T43/><D43/><U98/><E54/><V10/><F46/><W112/><G112/><T9/><D70/><U81/><E32/><V133/><F133/><W85/><G45/><T12/><D124/><U66/><E30/><V89/><REACH who="2" step="1"/><F100/><REACH who="2" ten="412,157,123,298" step="2"/><W48/><G78/><T23/><D23/><U104/><REACH who="1" step="1"/><E66/><REACH who="1" ten="412,147,123,298" step="2"/><V19/><F19/><W130/><G130/><T33/><D33/><U52/><E52/><AGARI ba="1,2" hai="8,10,44,49,52,59,63,67,88,89,91,92,96,102" machi="52" ten="40,8000,1" yaku="1,1,8,1,54,2,53,1" doraHai="135" doraHaiUra="47" who="2" fromWho="1" sc="412,0,147,-83,123,103,298,0" /><INIT seed="5,0,0,2,3,65" ten="412,64,226,298" oya="1" hai0="70,15,34,131,94,42,55,84,61,83,40,81,37" hai1="79,68,111,10,89,22,122,121,130,24,107,63,36" hai2="35,85,74,78,3,129,127,128,23,118,39,62,29" hai3="47,124,99,0,64,110,116,21,135,5,126,43,67"/><U66/><E111/><V4/><F74/><W112/><G112/><T98/><D131/><N who="2" m="50250" /><F118/><W125/><G116/><T77/><D34/><U95/><E130/><V87/><F39/><W44/><G135/><T73/><D37/><U92/><E36/><V109/><F109/><W69/><G110/><T134/><D134/><U113/><E113/><V97/><F35/><W91/><G21/><T108/><D108/><U30/><E107/><V13/><F3/><W123/><G123/><T54/><D54/><U20/><E79/><V120/><F120/><W7/><G64/><T6/><D15/><U101/><E10/><N who="2" m="4295" /><F78/><W117/><G117/><T71/><D6/><N who="3" m="2057" /><G43/><T12/><D12/><U49/><E49/><V56/><F97/><W104/><G0/><T26/><D26/><U17/><E101/><V93/><F93/><N who="3" m="56767" /><G104/><T27/><D27/><U14/><REACH who="1" step="1"/><E95/><REACH who="1" ten="412,54,226,298" step="2"/><V90/><F90/><W103/><G103/><T80/><D77/><U51/><E51/><V48/><F48/><W106/><G106/><T33/><D94/><U32/><E32/><V52/><F127/><W88/><G126/><T105/><D33/><U102/><E102/><V133/><F133/><W9/><G125/><T119/><D105/><U38/><E38/><V11/><F11/><W16/><G124/><T60/><D119/><U31/><E31/><V18/><F29/><W45/><G9/><T25/><D73/><U58/><E58/><V8/><F8/><W132/><G132/><T75/><D75/><U82/><E82/><V115/><F115/><W28/><G28/><T50/><D83/><U1/><E1/><RYUUKYOKU ba="0,1" sc="412,-15,54,15,226,15,298,-15" hai1="14,17,20,22,24,30,63,66,68,89,92,121,122" hai2="18,23,52,56,62,85,87" /><INIT seed="5,1,1,1,2,5" ten="397,69,241,283" oya="1" hai0="102,91,14,101,34,120,79,57,98,60,132,119,6" hai1="78,50,103,133,3,87,89,53,84,80,11,12,114" hai2="29,15,70,116,47,128,95,30,21,44,122,124,26" hai3="111,83,28,13,134,32,16,7,121,46,4,10,82"/><U39/><E114/><V8/><F70/><W130/><G111/><T88/><D34/><U19/><E133/><V75/><F116/><W97/><G121/><T131/><D132/><U36/><E3/><V64/><F122/><W2/><G134/><T0/><D0/><U105/><E105/><V20/><F75/><W108/><G108/><T43/><D119/><U68/><E103/><V41/><F124/><W65/><G130/><T118/><D131/><U129/><E68/><V86/><F128/><W127/><G127/><T73/><D73/><U99/><E99/><V17/><F64/><W63/><G46/><T22/><D118/><U24/><E24/><N who="2" m="16519" /><F41/><W58/><G97/><T52/><D79/><U38/><E129/><V25/><F25/><N who="3" m="18447" /><G4/><T62/><D43/><U33/><E33/><V104/><F104/><W1/><G1/><T31/><D120/><U100/><E100/><N who="0" m="38505" /><D98/><U45/><REACH who="1" step="1"/><E36/><REACH who="1" ten="397,59,241,283" step="2"/><V23/><F26/><W110/><G110/><T49/><D31/><U117/><E117/><V55/><F30/><W76/><G76/><T56/><D91/><U51/><E51/><N who="2" m="29159" /><F47/><W85/><G85/><T48/><D88/><AGARI ba="1,2" hai="8,15,17,21,23,86,88,95" m="29159,16519" machi="88" ten="30,3900,0" yaku="8,1,52,1,54,1" doraHai="5" who="2" fromWho="0" sc="397,-42,59,0,241,62,283,0" /><INIT seed="6,0,0,1,5,10" ten="355,59,303,283" oya="2" hai0="80,73,19,17,22,123,29,30,67,131,63,133,7" hai1="92,110,96,25,98,115,95,45,85,51,16,12,109" hai2="104,89,3,86,31,134,112,75,74,48,94,124,60" hai3="82,128,81,57,42,11,79,54,55,53,2,127,4"/><V103/><F3/><W130/><G127/><T68/><D133/><U14/><E115/><V39/><F39/><W43/><G57/><T46/><D131/><U113/><E113/><V52/><F112/><W83/><REACH who="3" step="1"/><G79/><REACH who="3" ten="355,59,303,273" step="2"/><T118/><D123/><U93/><E110/><V32/><F124/><W35/><G35/><T15/><D118/><U100/><E100/><V23/><BYE who="1" /><F134/><W108/><G108/><T64/><D68/><U18/><E18/><V70/><F32/><W114/><G114/><T5/><D19/><U69/><E69/><V40/><F70/><W9/><G9/><T38/><D17/><U71/><E71/><V77/><F77/><W56/><G56/><T125/><D125/><U44/><E44/><UN n1="%E5%8F%8A%E5%B7%9D%E5%86%B0%E9%BA%97" /><V120/><F120/><W8/><G8/><T6/><D30/><U76/><E109/><V0/><F31/><W87/><G87/><T26/><D29/><U58/><E58/><V116/><F23/><W21/><G21/><T47/><D22/><N who="1" m="13511" /><E85/><V49/><F86/><W121/><G121/><T59/><D47/><U135/><E76/><V126/><F126/><W119/><G119/><T37/><D46/><U107/><E107/><V101/><F104/><W97/><G97/><N who="1" m="37482" /><E135/><V72/><F116/><W1/><G1/><T41/><D59/><U78/><E78/><V50/><F0/><W13/><G13/><T28/><D15/><U91/><E91/><V27/><F72/><W111/><G111/><T99/><D73/><U36/><E36/><V62/><F74/><W90/><G90/><T20/><D37/><U88/><E88/><V122/><F122/><RYUUKYOKU ba="0,1" sc="355,-15,59,15,303,-15,273,15" hai1="12,14,45,51,92,93,95" hai3="2,4,11,42,43,53,54,55,81,82,83,128,130" /><INIT seed="7,1,1,2,0,103" ten="340,74,288,288" oya="3" hai0="131,24,4,84,122,54,30,20,22,110,40,130,46" hai1="78,109,6,7,16,56,68,45,74,133,1,11,58" hai2="10,104,48,26,23,125,35,34,106,2,15,120,3" hai3="99,91,0,12,39,8,118,49,13,63,21,47,66"/><W90/><G118/><T108/><D122/><U25/><E68/><V76/><F120/><W116/><G116/><T107/><D107/><U83/><E109/><V33/><F76/><W65/><G39/><T69/><D69/><U60/><E133/><V71/><F71/><W115/><G115/><T28/><D4/><U62/><E7/><V51/><F125/><W52/><G0/><T80/><D54/><U97/><E58/><V79/><F79/><W55/><G55/><T9/><D9/><U126/><E126/><V89/><F89/><N who="3" m="33803" /><G99/><T127/><D127/><U88/><E45/><V32/><F3/><W102/><G102/><T73/><D73/><U50/><E50/><V29/><F2/><W92/><G92/><T94/><D94/><U124/><E124/><V114/><F114/><W17/><G63/><T96/><D96/><U132/><E132/><V31/><F31/><W18/><AGARI ba="1,1" hai="8,12,13,17,18,21,47,49,52,65,66" m="33803" machi="18" ten="30,3000,0" yaku="8,1,54,1" doraHai="103" who="3" fromWho="3" sc="340,-11,74,-11,288,-11,288,43" owari="329,13.0,63,-44.0,277,-12.0,331,43.0" /></mjloggm>