<mjloggm ver="2.3"><GO type="169" lobby="0"/><UN n0="%E8%A1%8C%E5%8B%95%E3%82%8B%E3%82%8B%E3%82%8B%E3%80%82" n1="%E3%82%A6%E3%83%AB%E3%83%88%E3%83%A9%E7%AB%8B%E7%9B%B4" n2="%E8%AA%B2%E9%95%B7%E8%A6%96%E9%87%8E%E7%8B%AD%E7%AA%84" n3="%43%61%6C%6B%61%6E" dan="16,16,17,16" rate="2135.63,2161.89,2194.10,2004.19" sx="M,M,M,M"/><TAIKYOKU oya="0"/><INIT seed="0,0,0,0,3,3" ten="250,250,250,250" oya="0" hai0="117,19,63,108,131,57,15,129,11,116,53,9,76" hai1="100,34,4,132,18,84,103,79,81,42,94,109,124" hai2="27,52,107,39,104,41,120,86,21,93,30,51,74" hai3="92,60,50,119,96,101,44,49,22,13,66,65,113"/><T10/><D76/><U7/><E34/><V59/><F120/><W95/><G119/><T54/><D108/><U38/><E38/><V83/><F74/><W43/><G113/><T98/><D98/><U127/><E42/><V14/><F93/><W102/><G50/><T115/><D115/><U25/><E109/><V16/><F41/><W69/><G66/><T106/><D106/><U20/><E132/><V1/><F1/><W45/><G45/><T91/><D91/><U85/><E85/><V99/><F99/><W46/><G46/><T28/><D28/><U73/><E73/><V110/><F39/><W80/><G80/><T6/><D54/><U89/><E79/><V35/><REACH who="2" step="1"/><F110/><REACH who="2" ten="250,250,240,250" step="2"/><W121/><G121/><T37/><D37/><U23/><E94/><V77/><AGARI ba="0,1" hai="14,16,21,27,30,35,51,52,59,77,83,86,104,107" machi="77" ten="20,12000,2" yaku="1,1,2,1,0,1,7,1,54,2,53,1" doraHai="3" doraHaiUra="8" who="2" fromWho="2" sc="250,-60,250,-30,240,130,250,-30" /><INIT seed="1,0,0,1,2,12" ten="190,220,370,220" oya="1" hai0="65,82,25,131,123,124,105,55,89,96,62,63,51" hai1="85,76,17,66,71,73,56,79,91,108,32,43,54" hai2="4,92,94,29,117,27,13,133,115,101,114,113,134" hai3="10,60,48,9,86,100,128,15,107,72,121,135,8"/><U61/><E32/><V44/><F117/><W21/><G121/><T68/><D123/><U122/><E122/><V23/><F44/><W24/><G72/><T18/><D124/><U2/><E2/><V45/><F45/><W5/><G128/><T14/><D131/><U116/><E43/><V99/><F92/><W95/><G135/><N who="2" m="51721" /><F4/><W81/><G107/><T118/><D118/><U19/><E116/><V47/><F47/><W42/><G42/><T38/><D25/><U106/><E106/><V52/><F13/><W103/><G48/><T11/><D63/><U120/><E120/><V104/><F94/><W49/><G49/><T87/><D105/><U46/><E108/><V30/><F30/><W130/><G130/><T132/><D132/><U40/><E73/><V67/><F67/><W80/><G60/><T57/><REACH who="0" step="1"/><D96/><REACH who="0" ten="180,220,370,220" step="2"/><U6/><E71/><V0/><F99/><W74/><G24/><T125/><D125/><U110/><E110/><V16/><F27/><W1/><G1/><T88/><D88/><U22/><E66/><V26/><F0/><W75/><G100/><T78/><D78/><U36/><E6/><V31/><F101/><W58/><G5/><T126/><D126/><U127/><E127/><V129/><F104/><W20/><G103/><T93/><D93/><N who="1" m="54511" /><E79/><V28/><F129/><W90/><G95/><T102/><D102/><U37/><E76/><V34/><F34/><W7/><G7/><T3/><D3/><U111/><E111/><V59/><F115/><W70/><G80/><T39/><AGARI ba="0,1" hai="11,14,18,38,39,51,55,57,62,65,68,82,87,89" machi="39" ten="30,7900,0" yaku="1,1,0,1,52,1,53,1" doraHai="12" doraHaiUra="84" who="0" fromWho="0" sc="180,89,220,-39,370,-20,220,-20" /><INIT seed="2,0,0,4,3,106" ten="269,181,350,200" oya="2" hai0="70,122,9,69,135,87,115,30,102,20,22,132,77" hai1="43,121,71,53,54,18,31,63,55,47,97,29,72" hai2="123,58,75,112,79,80,24,51,86,119,41,1,67" hai3="103,101,130,111,64,7,44,21,61,6,110,5,8"/><V99/><F1/><W124/><G8/><T62/><D115/><U131/><E131/><V38/><F112/><W85/><G44/><T19/><D122/><U96/><E121/><V16/><F38/><W127/><G85/><T10/><D102/><N who="3" m="38921" /><G21/><T36/><D36/><U32/><E18/><V59/><F123/><W50/><G50/><T49/><D49/><U68/><E72/><V134/><F75/><W82/><G82/><T28/><D62/><U118/><E118/><V120/><F119/><W13/><G13/><T60/><D60/><U14/><E14/><V100/><F120/><W133/><G130/><T23/><D87/><U17/><E17/><V78/><F78/><W93/><G93/><T84/><D84/><U37/><E32/><V114/><F114/><W42/><G42/><T108/><D19/><U88/><E88/><V46/><F67/><W15/><G15/><T117/><D23/><U105/><E105/><V95/><F134/><W33/><G33/><T126/><D117/><U73/><E73/><V0/><REACH who="2" step="1"/><F0/><REACH who="2" ten="269,181,340,200" step="2"/><W107/><G133/><T35/><D77/><U109/><E37/><V81/><F81/><W57/><G107/><T25/><D135/><U66/><E66/><V65/><F65/><W104/><G104/><T52/><D132/><U92/><E92/><V27/><F27/><W89/><G127/><T125/><D125/><U34/><E71/><V91/><F91/><W116/><G116/><T48/><D126/><U76/><E68/><N who="0" m="26217" /><D25/><U26/><E26/><V56/><F56/><W74/><G124/><T3/><D3/><U12/><E76/><RYUUKYOKU ba="0,1" sc="269,-10,181,-10,340,30,200,-10" hai2="16,24,41,46,51,58,59,79,80,86,95,99,100" /><INIT seed="2,1,1,3,2,72" ten="259,171,370,190" oya="2" hai0="53,104,3,75,78,4,102,43,44,27,58,106,56" hai1="73,35,30,108,63,8,93,97,51,132,32,69,125" hai2="50,22,79,49,81,38,59,55,83,128,110,65,36" hai3="41,48,94,84,111,80,117,64,129,15,29,118,33"/><V13/><F128/><W121/><G121/><T52/><D27/><U54/><E30/><V134/><F134/><W21/><G94/><T114/><D114/><U88/><E132/><V2/><F2/><W113/><G113/><T18/><D18/><U85/><E73/><V105/><F105/><W76/><G64/><T0/><D44/><U10/><E108/><V91/><F110/><W126/><G111/><T87/><D87/><U115/><E115/><V67/><F38/><W99/><G99/><T135/><D43/><U45/><E125/><V92/><F36/><W26/><G126/><T71/><D71/><U34/><E69/><V131/><F131/><W119/><G129/><T60/><D135/><U28/><E28/><V31/><F49/><W130/><G130/><T5/><D102/><U66/><REACH who="1" step="1"/><E97/><REACH who="1" ten="259,161,370,190" step="2"/><V19/><F31/><W57/><G119/><T6/><D0/><U11/><E11/><V127/><F127/><W9/><G118/><T25/><D3/><U133/><E133/><V40/><F40/><W24/><G117/><T16/><D75/><U61/><E61/><V7/><F7/><W14/><G9/><T101/><D60/><U112/><E112/><V96/><F83/><W77/><G41/><T47/><D6/><U37/><E37/><V70/><F70/><W123/><G29/><T12/><D5/><U20/><E20/><V122/><F122/><W39/><G123/><T120/><D4/><U89/><E89/><V116/><F116/><W1/><G39/><T46/><D120/><U42/><E42/><V107/><F96/><W95/><G1/><RYUUKYOKU ba="1,2" sc="259,-10,161,30,370,-10,190,-10" hai1="8,10,32,34,35,45,51,54,63,66,85,88,93" /><INIT seed="3,2,2,5,4,7" ten="249,191,360,180" oya="3" hai0="91,71,120,115,84,42,15,50,92,108,101,86,134" hai1="114,131,123,59,111,77,89,37,20,81,43,126,121" hai2="22,52,45,80,16,54,68,28,63,119,41,129,83" hai3="26,103,67,128,87,106,95,85,58,48,105,64,5"/><W18/><G5/><T3/><D3/><U69/><E20/><V14/><F119/><W62/><G106/><T65/><D120/><U98/><E59/><N who="2" m="35303" /><F68/><W60/><G105/><T66/><D101/><U97/><E69/><V10/><F129/><W46/><G128/><T110/><D115/><U51/><E51/><N who="2" m="29039" /><F41/><N who="3" m="24655" /><G60/><T94/><D134/><U122/><E43/><V24/><AGARI ba="2,2" hai="10,14,16,22,24,28,80,83" m="29039,35303" machi="24" ten="30,7900,0" yaku="8,1,52,1,54,2" doraHai="7" who="2" fromWho="2" sc="249,-22,191,-22,360,105,180,-41" /><INIT seed="4,0,0,1,5,135" ten="227,169,465,139" oya="0" hai0="59,131,107,84,48,127,62,81,44,101,126,120,29" hai1="110,64,34,19,2,10,85,22,4,20,3,16,26" hai2="56,14,12,113,115,27,23,66,76,15,122,104,125" hai3="1,132,87,89,119,134,7,55,123,118,128,25,86"/><T93/><D107/><U37/><E37/><V5/><F104/><W105/><G1/><N who="1" m="10" /><E64/><V43/><F122/><W130/><G105/><T83/><D120/><U9/><E85/><V108/><F108/><W33/><G7/><T8/><D8/><N who="1" m="3179" /><E110/><V21/><F76/><W50/><G123/><T54/><D131/><N who="3" m="50217" /><G86/><T18/><D83/><U17/><E4/><V96/><F96/><W129/><N who="3" m="50225" /><W73/><DORA hai="58" /><G73/><T121/><D121/><U102/><E102/><V70/><F70/><W0/><G0/><T116/><D116/><N who="3" m="44585" /><G55/><T98/><D18/><U63/><E63/><N who="2" m="38247" /><F5/><W82/><G50/><T69/><D29/><AGARI ba="0,0" hai="16,17,19,20,22,26,29,34" m="3179,10" machi="29" ten="40,12000,2" yaku="35,5,54,1" doraHai="135,58" who="1" fromWho="0" sc="227,-120,169,120,465,0,139,0" /><AGARI ba="0,0" hai="25,29,33,82,87,89,132,134" m="44585,50225" machi="29" ten="50,1600,0" yaku="19,1" doraHai="135,58" who="3" fromWho="0" sc="107,-16,289,0,465,0,139,16" /><INIT seed="5,0,0,5,1,117" ten="91,289,465,155" oya="1" hai0="69,43,78,24,133,26,122,74,106,102,31,92,2" hai1="12,129,75,49,50,96,16,97,9,135,53,54,45" hai2="76,88,95,115,8,109,48,15,47,44,46,124,70" hai3="121,73,42,71,85,51,72,79,30,101,7,63,81"/><U5/><E75/><V55/><F109/><W119/><G119/><T90/><D2/><U52/><E129/><V58/><F70/><W34/><G121/><T131/><D26/><U87/><E135/><V28/><F124/><W11/><G101/><T114/><D133/><U18/><E87/><N who="2" m="52639" /><F115/><W111/><G111/><T77/><D114/><U6/><E18/><N who="2" m="8551" /><F76/><W65/><G34/><T132/><D132/><U112/><E112/><V116/><F116/><W57/><G30/><AGARI ba="0,0" hai="28,30,44,46,47,48,55,58" m="8551,52639" machi="30" ten="30,2000,0" yaku="8,1,54,1" doraHai="117" who="2" fromWho="3" sc="91,0,289,0,465,20,155,-20" /><INIT seed="6,0,0,0,1,104" ten="91,289,485,135" oya="2" hai0="85,113,119,17,120,31,83,30,52,55,84,101,122" hai1="112,127,46,56,114,66,86,128,76,79,49,38,94" hai2="106,7,134,13,0,124,2,107,133,88,99,54,69" hai3="29,132,117,16,34,78,62,47,14,37,123,71,20"/><V44/><F69/><W40/><G132/><N who="2" m="50793" /><F124/><W26/><G123/><T39/><D39/><U97/><E38/><V6/><F44/><W131/><G131/><T75/><D101/><U27/><E27/><V67/><F67/><W105/><G105/><N who="2" m="39945" /><F54/><W115/><G115/><T8/><D119/><U70/><E56/><V64/><F64/><W43/><G43/><T96/><D96/><U118/><E66/><V68/><F68/><W125/><G125/><T23/><D23/><U25/><E70/><V98/><F13/><W110/><G71/><T28/><D113/><U129/><E46/><V36/><F36/><W19/><G117/><T3/><D3/><N who="2" m="1066" /><F88/><W1/><G1/><T53/><D122/><U58/><E58/><V82/><F82/><W22/><G62/><T4/><D120/><U81/><E127/><V59/><F59/><W77/><REACH who="3" step="1"/><G110/><REACH who="3" ten="91,289,485,125" step="2"/><T41/><D41/><U50/><E114/><V72/><F72/><W103/><G103/><T35/><D75/><U92/><E112/><V102/><F102/><W15/><AGARI ba="0,1" hai="14,15,16,19,20,22,26,29,34,37,40,47,77,78" machi="15" ten="20,12000,2" yaku="1,1,0,1,7,1,9,1,54,1,53,2" doraHai="104" doraHaiUra="11" who="3" fromWho="3" sc="91,-30,289,-30,485,-60,125,130" /><INIT seed="7,0,0,5,1,12" ten="61,259,425,255" oya="3" hai0="128,10,119,48,130,19,14,111,64,58,70,1,33" hai1="20,77,54,2,26,126,71,76,124,125,37,51,86" hai2="88,46,38,69,16,131,121,78,96,41,97,32,83" hai3="122,4,31,93,134,61,115,59,100,75,123,68,74"/><W66/><G115/><T132/><D48/><U21/><E37/><V5/><F69/><W107/><G134/><T62/><D58/><N who="1" m="33119" /><E2/><V7/><F32/><W98/><G4/><T8/><D62/><U106/><E106/><V112/><F112/><W13/><G93/><T109/><D64/><U108/><E108/><V113/><F113/><W120/><G59/><T18/><D70/><U6/><E6/><V53/><F5/><W80/><G13/><T104/><D104/><U45/><E71/><V92/><F131/><W127/><G127/><T102/><D102/><U43/><E86/><V23/><F121/><W24/><G80/><T60/><D60/><U82/><E82/><V36/><F7/><W84/><G84/><T27/><D119/><U11/><E11/><V22/><F38/><W67/><G67/><T135/><D14/><U47/><E21/><V101/><F53/><W103/><G103/><T39/><D39/><N who="1" m="21759" /><E47/><V99/><F101/><W89/><G89/><T56/><D56/><U34/><E34/><AGARI ba="0,0" hai="24,31,34,61,66,68,74,75,98,100,107,120,122,123" machi="34" ten="40,12000,1" yaku="25,2,23,2" doraHai="12" who="3" fromWho="1" sc="61,0,259,-120,425,0,255,120" /><INIT seed="7,1,0,3,0,83" ten="61,139,425,375" oya="3" hai0="5,51,125,124,44,106,31,114,123,14,122,50,131" hai1="63,52,110,23,76,49,30,116,16,112,21,15,119" hai2="111,85,94,59,0,70,6,88,10,35,118,117,96" hai3="92,97,11,74,130,89,4,72,68,67,40,54,32"/><W29/><G40/><T102/><D102/><U98/><E112/><V66/><F111/><W55/><G130/><T28/><D106/><U77/><E110/><V99/><F70/><W100/><G67/><T53/><D5/><U12/><E63/><V22/><F35/><W42/><G68/><T113/><D14/><U45/><E98/><V103/><F96/><W36/><G29/><N who="0" m="11339" /><D44/><U86/><E86/><V43/><F43/><W24/><G24/><T13/><D13/><U56/><E45/><V108/><F108/><W27/><G27/><T101/><D101/><U82/><E82/><V134/><F22/><N who="1" m="8201" /><E30/><V115/><F115/><N who="0" m="44042" /><D131/><U64/><E64/><V121/><F121/><N who="0" m="46090" /><D53/><U129/><E129/><V2/><F103/><W39/><G32/><T93/><D93/><U38/><E12/><V135/><F99/><W65/><G65/><T17/><D17/><U61/><E16/><V1/><F6/><W47/><G36/><T78/><D78/><U75/><E15/><V57/><F66/><W120/><G120/><T90/><D90/><U46/><E77/><V25/><F25/><W105/><G54/><T34/><D34/><U127/><E76/><V81/><F81/><W80/><G55/><T37/><D37/><U9/><E52/><V26/><F26/><W87/><G105/><T95/><D95/><U8/><E38/><V128/><F128/><W109/><G109/><T41/><D41/><U84/><E46/><V62/><F94/><W107/><G107/><T133/><D133/><U19/><E19/><V132/><F134/><W91/><G100/><T79/><D79/><RYUUKYOKU ba="1,0" sc="61,15,139,-15,425,-15,375,15" hai0="50,51,124,125" hai3="4,11,39,42,47,72,74,80,87,89,91,92,97" /><INIT seed="7,2,0,2,1,42" ten="76,124,410,390" oya="3" hai0="21,100,10,5,50,27,13,128,3,33,7,25,108" hai1="17,46,114,89,135,30,45,125,91,39,124,77,96" hai2="116,54,84,15,2,65,40,90,118,72,105,126,60" hai3="37,132,78,43,56,112,24,41,75,59,103,123,4"/><W85/><G123/><T87/><D108/><U79/><E30/><V76/><F2/><W1/><G103/><T8/><D128/><U23/><E114/><V62/><F105/><W58/><G112/><T92/><D50/><U73/><E135/><V97/><F72/><W35/><G132/><T120/><D120/><U18/><E96/><V93/><F40/><W107/><G107/><T117/><D117/><U64/><E23/><V16/><F126/><W102/><G102/><T110/><D110/><U6/><E64/><V63/><F65/><W47/><G41/><T101/><D87/><U104/><E6/><V11/><F116/><W51/><G37/><T36/><D36/><U19/><E39/><V29/><F118/><W48/><G75/><T94/><D33/><U134/><E104/><V80/><F29/><W127/><G127/><T130/><D130/><U98/><E73/><V14/><F14/><W99/><G99/><T32/><D32/><U109/><E98/><V86/><F97/><W57/><G35/><T106/><D106/><U119/><E119/><V26/><F26/><N who="0" m="9738" /><D21/><U9/><E109/><V12/><F12/><W121/><G121/><T34/><D34/><U31/><E134/><V88/><F76/><W66/><G24/><T74/><D74/><U52/><E125/><V20/><F20/><W129/><G129/><T133/><D133/><U111/><E124/><V115/><F115/><W61/><G1/><T49/><D49/><U70/><E111/><V67/><F67/><W81/><G48/><T38/><D38/><U95/><E31/><V0/><F0/><RYUUKYOKU ba="2,0" sc="76,10,124,-30,410,10,390,10" hai0="3,5,7,8,10,13,92,94,100,101" hai2="11,15,16,54,60,62,63,80,84,86,88,90,93" hai3="4,43,47,51,56,57,58,59,61,66,78,81,85" /><INIT seed="7,3,0,3,4,63" ten="86,94,420,400" oya="3" hai0="89,27,30,76,40,97,58,122,92,71,121,51,134" hai1="42,135,49,103,112,123,50,79,10,131,87,46,132" hai2="110,129,6,59,86,31,34,119,120,67,82,52,1" hai3="13,33,98,126,17,133,29,56,125,14,24,78,109"/><W105/><G78/><T64/><D71/><U93/><E123/><V73/><F110/><W91/><G133/><N who="1" m="51274" /><E112/><V116/><F73/><W16/><G109/><T12/><D134/><U19/><E131/><V69/><F69/><W65/><G65/><T4/><D76/><U113/><E113/><V130/><F67/><W61/><G105/><T32/><D64/><U37/><E103/><V54/><F120/><W107/><G107/><T81/><D81/><N who="1" m="47551" /><E93/><V47/><F116/><W26/><G98/><T117/><D117/><U60/><E60/><V77/><F119/><W9/><G91/><T15/><D15/><AGARI ba="3,0" hai="10,15,19,37,42,46,49,50" m="47551,51274" machi="15" ten="30,1000,0" yaku="20,1" doraHai="63" who="1" fromWho="0" sc="86,-19,94,19,420,0,400,0" owari="67,-43.0,113,-29.0,420,52.0,400,20.0" /></mjloggm>