<mjloggm ver="2.3"><GO type="169" lobby="0"/><UN n0="%E6%BE%A4%E6%9D%91%E6%8B%93%E4%B8%80" n1="%E5%B0%B1%E6%B4%BB%E7%94%9F%40%E5%B7%9D%E6%9D%91%E8%BB%8D%E5%9B%A3" n2="%28%E3%81%A3%27%E3%83%AE%27%63%29" n3="%E3%83%8B%E3%83%A3%E3%83%83%E3%83%94%E3%83%BC%E5%A4%8F%E7%9B%AE" dan="16,17,16,17" rate="2118.55,2186.53,2171.16,2202.60" sx="M,M,F,M"/><TAIKYOKU oya="0"/><INIT seed="0,0,0,1,4,40" ten="250,250,250,250" oya="0" hai0="89,28,49,82,86,123,130,83,92,78,127,12,16" hai1="31,94,0,50,59,54,61,113,118,114,7,17,1" hai2="101,22,14,70,3,132,38,108,63,125,36,66,62" hai3="77,52,135,37,120,39,106,46,100,29,88,9,117"/><T80/><D123/><U133/><E118/><V5/><F108/><W121/><G117/><T99/><D127/><U30/><E133/><V81/><F125/><W41/><G135/><T124/><D124/><U48/><E17/><V60/><F132/><W68/><G68/><T19/><D130/><U67/><E94/><V96/><F3/><W6/><G77/><T129/><D129/><U43/><E43/><V134/><F134/><W15/><G29/><N who="1" m="10762" /><E7/><V56/><F81/><W25/><G25/><T126/><D126/><U64/><E50/><V23/><F23/><W112/><G112/><N who="1" m="43114" /><E67/><V42/><F42/><W11/><G11/><T69/><D69/><AGARI ba="0,0" hai="0,1,48,54,59,61,64,69" m="43114,10762" machi="69" ten="30,1000,0" yaku="11,1" doraHai="40" who="1" fromWho="0" sc="250,-10,250,10,250,0,250,0" /><INIT seed="1,0,0,1,0,40" ten="240,260,250,250" oya="1" hai0="59,58,89,100,123,76,35,31,44,43,52,22,125" hai1="104,7,34,0,51,128,99,130,71,115,5,131,27" hai2="103,119,68,72,11,41,4,46,9,17,109,33,88" hai3="92,95,65,69,85,21,124,36,38,20,42,107,39"/><U97/><E115/><V1/><F119/><W110/><G107/><T3/><D35/><U135/><E135/><V118/><F118/><W93/><G110/><T111/><D111/><U12/><E71/><V83/><F109/><W112/><G112/><T101/><D3/><U37/><E37/><V49/><F68/><W121/><G121/><T47/><D125/><U114/><E0/><V82/><F33/><W57/><G69/><T14/><D123/><U50/><E114/><V61/><F72/><W105/><G105/><T32/><D32/><U102/><E97/><V30/><F30/><W106/><G106/><T60/><D76/><U116/><E116/><V126/><F103/><N who="0" m="39498" /><D43/><U26/><E34/><V48/><F126/><W133/><G124/><T56/><D89/><U16/><E26/><V19/><F61/><W90/><G42/><T53/><D58/><U113/><E27/><V94/><F49/><N who="1" m="18441" /><E113/><V86/><REACH who="2" step="1"/><F9/><AGARI ba="0,0" hai="5,7,9,12,16,99,102,104,128,130,131" m="18441" machi="9" ten="30,2900,0" yaku="19,1,54,1" doraHai="40" who="1" fromWho="2" sc="240,0,260,29,250,-29,250,0" /><INIT seed="1,1,0,5,5,126" ten="240,289,221,250" oya="1" hai0="75,30,132,43,92,39,16,18,120,102,134,41,72" hai1="130,49,12,27,81,87,123,47,106,8,129,74,35" hai2="61,51,124,45,114,54,5,111,127,133,112,91,53" hai3="23,119,93,52,89,110,44,24,84,97,62,1,90"/><U42/><E123/><V57/><F5/><W32/><G32/><T7/><D120/><U79/><E106/><V36/><F91/><W88/><G1/><T78/><D7/><N who="1" m="3103" /><E74/><N who="0" m="28201" /><D78/><U3/><E3/><V80/><F80/><W56/><G110/><T6/><D6/><U108/><E108/><V59/><F111/><W77/><G119/><T117/><D30/><AGARI ba="1,0" hai="27,30,35,42,47,49,79,81,87,129,130" m="3103" machi="30" ten="30,5800,0" yaku="25,1,52,2" doraHai="126" who="1" fromWho="0" sc="240,-61,289,61,221,0,250,0" /><INIT seed="1,2,0,1,5,100" ten="179,350,221,250" oya="1" hai0="121,12,58,50,79,63,62,40,68,109,92,32,7" hai1="134,65,4,2,51,27,112,119,78,52,49,35,98" hai2="94,45,25,8,9,46,106,91,71,130,55,48,133" hai3="56,37,104,122,61,108,33,66,18,19,102,101,53"/><U77/><E119/><V113/><F133/><W82/><G122/><T11/><D121/><U38/><E38/><V13/><F130/><W0/><G0/><T64/><D109/><U17/><E112/><V87/><F113/><W70/><G108/><T42/><D32/><U60/><E134/><V132/><F132/><W99/><G102/><T26/><D26/><U114/><E114/><V36/><F71/><W73/><G37/><T96/><D79/><U116/><E116/><V107/><F25/><W69/><G33/><T22/><D22/><U43/><E43/><V44/><F8/><W23/><G73/><T76/><D76/><U126/><E126/><V10/><F9/><W14/><G82/><T110/><D50/><U118/><E118/><V80/><F94/><W21/><REACH who="3" step="1"/><G66/><REACH who="3" ten="179,350,221,240" step="2"/><T120/><D110/><U128/><E2/><V95/><F95/><W24/><AGARI ba="2,1" hai="14,18,19,21,23,24,53,56,61,69,70,99,101,104" machi="24" ten="20,8000,1" yaku="1,1,2,1,0,1,7,1,52,1,53,0" doraHai="100" doraHaiUra="84" who="3" fromWho="3" sc="179,-22,350,-42,221,-22,240,96" /><INIT seed="2,0,0,2,3,112" ten="157,308,199,336" oya="2" hai0="23,37,44,29,78,13,122,16,66,24,83,120,107" hai1="94,73,45,126,50,34,5,41,85,92,110,53,10" hai2="36,115,117,0,124,88,135,1,4,81,9,111,101" hai3="99,8,105,14,64,82,52,114,129,108,47,46,125"/><V95/><F115/><W113/><G108/><T35/><D107/><U62/><E73/><V12/><F36/><W98/><G64/><T20/><D66/><U26/><E110/><V131/><F111/><W38/><G129/><T69/><D69/><U40/><E126/><V118/><F124/><W74/><G125/><T27/><D37/><U11/><E34/><V97/><F135/><W96/><G105/><T70/><D44/><U57/><E26/><V100/><F131/><W79/><G47/><T17/><REACH who="0" step="1"/><D70/><REACH who="0" ten="147,308,199,336" step="2"/><U119/><E119/><V18/><F0/><W76/><G38/><T77/><D77/><U93/><E85/><AGARI ba="0,1" hai="13,16,17,20,23,24,27,29,35,78,83,85,120,122" machi="85" ten="30,3900,0" yaku="1,1,7,1,54,1,53,0" doraHai="112" doraHaiUra="48" who="0" fromWho="1" sc="147,49,308,-39,199,0,336,0" /><INIT seed="3,0,0,5,3,65" ten="196,269,199,336" oya="3" hai0="33,22,4,120,85,116,129,124,21,63,113,125,95" hai1="7,131,135,16,76,26,6,70,66,53,48,82,100" hai2="34,97,92,78,29,28,18,40,132,41,89,127,91" hai3="94,115,123,52,1,35,30,20,83,60,45,128,134"/><W56/><G35/><T73/><D73/><U55/><E135/><V5/><F132/><W24/><G1/><T19/><D63/><U90/><E100/><V57/><F127/><N who="0" m="48714" /><D95/><U12/><E26/><V64/><F78/><W27/><G134/><T84/><D116/><U51/><E90/><V107/><F5/><W58/><G123/><T112/><D120/><U118/><E118/><V109/><F109/><W126/><G126/><T46/><D46/><U23/><E131/><V68/><F57/><W25/><G115/><N who="0" m="44107" /><D33/><U114/><E114/><V9/><F34/><W36/><G128/><T106/><D106/><U11/><E51/><V44/><F107/><W0/><G0/><T2/><D129/><U102/><E102/><V14/><F40/><W101/><G36/><T10/><D21/><U96/><E96/><V93/><F64/><N who="3" m="38919" /><G83/><T75/><D75/><U77/><E82/><V86/><REACH who="2" step="1"/><F68/><REACH who="2" ten="196,269,189,336" step="2"/><W110/><G110/><T32/><D32/><U81/><E66/><V17/><F17/><W103/><G45/><T79/><D79/><U80/><E70/><V50/><AGARI ba="0,1" hai="9,14,18,28,29,41,44,50,86,89,91,92,93,97" machi="50" ten="20,5200,0" yaku="1,1,0,1,7,1,8,1,53,0" doraHai="65" doraHaiUra="108" who="2" fromWho="2" sc="196,-13,269,-13,189,62,336,-26" /><INIT seed="4,0,0,4,2,74" ten="183,256,251,310" oya="0" hai0="80,59,131,55,111,123,26,70,21,104,94,65,47" hai1="41,120,113,103,68,129,45,132,135,102,29,105,18" hai2="9,128,52,50,84,57,79,63,49,67,71,30,15" hai3="86,81,110,115,106,93,62,107,2,16,124,28,37"/><T22/><D123/><U96/><E120/><V69/><F128/><W108/><G37/><T99/><D131/><U122/><E122/><V125/><F125/><W33/><G2/><T24/><D104/><U48/><E68/><V35/><F71/><W64/><G124/><T100/><D111/><U8/><E129/><V114/><F114/><W85/><G115/><T14/><D70/><U12/><E113/><V126/><F126/><W34/><G93/><T116/><D116/><U119/><E119/><V60/><F30/><W43/><G43/><T7/><D65/><U98/><REACH who="1" step="1"/><E29/><REACH who="1" ten="183,246,251,310" step="2"/><V73/><F35/><W42/><G28/><T72/><D72/><U39/><E39/><V88/><F73/><W75/><G34/><T19/><D47/><U6/><E6/><V32/><F32/><W66/><G33/><T58/><D80/><U17/><E17/><V40/><F40/><W112/><G16/><N who="0" m="12359" /><D55/><U31/><E31/><V23/><F69/><W87/><G81/><T95/><D95/><AGARI ba="0,1" hai="8,12,18,41,45,48,95,96,98,102,103,105,132,135" machi="95" ten="40,1300,0" yaku="1,1,53,0" doraHai="74" doraHaiUra="117" who="1" fromWho="0" sc="183,-13,246,23,251,0,310,0" /><INIT seed="5,0,0,1,2,15" ten="170,269,251,310" oya="1" hai0="69,17,59,66,79,130,81,45,119,134,135,50,107" hai1="62,118,103,46,32,87,65,42,51,83,41,101,13" hai2="35,92,55,63,75,39,111,108,10,23,95,127,129" hai3="112,58,105,16,132,89,124,78,94,21,0,131,99"/><U121/><E118/><V97/><F35/><W113/><G0/><T80/><D107/><U120/><E32/><V126/><F39/><W116/><G131/><T48/><D119/><U24/><E42/><V52/><F129/><W90/><G132/><T4/><D130/><U74/><E74/><V3/><F75/><W85/><G124/><N who="2" m="47657" /><F23/><W11/><G116/><T36/><D4/><U12/><E120/><V82/><F82/><W9/><G78/><T22/><D69/><U34/><E121/><V57/><F55/><W25/><G58/><T115/><D36/><U1/><E1/><V76/><F76/><W91/><G105/><T6/><D6/><U122/><E122/><V109/><F97/><W72/><G72/><T28/><D28/><U26/><E34/><V33/><F33/><W49/><G49/><T70/><D70/><U53/><E53/><V68/><F68/><W47/><G47/><T38/><D38/><U61/><E26/><V128/><F128/><W31/><G31/><T5/><D5/><AGARI ba="0,0" hai="3,5,10,52,57,63,92,95,108,109,111" m="47657" machi="5" ten="40,2600,0" yaku="18,1,54,1" doraHai="15" who="2" fromWho="0" sc="170,-26,269,0,251,26,310,0" /><INIT seed="6,0,0,2,1,22" ten="144,269,277,310" oya="2" hai0="69,95,65,11,100,61,102,19,74,70,119,83,87" hai1="4,134,84,75,104,89,85,122,98,56,105,129,34" hai2="30,23,15,79,0,125,25,66,116,41,135,128,9" hai3="64,133,111,51,80,33,94,68,59,16,123,13,60"/><V117/><F125/><W114/><G111/><T90/><D119/><U8/><E75/><V91/><F79/><W109/><G109/><T43/><D70/><U54/><E129/><V12/><F128/><W3/><G123/><T73/><D43/><U86/><E134/><V44/><F135/><W120/><G3/><T71/><D71/><U67/><E34/><V48/><F0/><W39/><G120/><T88/><D74/><U96/><E67/><V118/><F66/><W78/><G39/><T72/><D72/><U17/><E17/><V62/><F62/><W7/><G7/><T108/><D108/><U106/><E89/><V115/><F115/><W127/><G133/><T18/><D18/><U110/><E110/><V92/><REACH who="2" step="1"/><F9/><REACH who="2" ten="144,269,267,310" step="2"/><W40/><G114/><T24/><D11/><U99/><E122/><V101/><F101/><W28/><G127/><T93/><D73/><U1/><REACH who="1" step="1"/><E106/><REACH who="1" ten="144,259,267,310" step="2"/><V112/><F112/><W49/><G64/><T38/><D90/><U81/><E81/><V103/><F103/><W10/><G80/><T6/><D102/><U47/><E47/><V42/><F42/><W107/><G40/><T32/><D100/><U31/><E31/><V52/><F52/><W130/><G28/><T55/><D55/><U126/><E126/><V27/><F27/><W36/><G107/><T21/><D83/><U57/><E57/><V76/><F76/><W97/><G78/><T82/><D82/><U77/><E77/><V29/><F29/><W131/><G59/><T5/><D24/><U46/><E46/><V37/><F37/><W26/><G36/><RYUUKYOKU ba="0,2" sc="144,-15,259,15,267,15,310,-15" hai1="1,4,8,54,56,84,85,86,96,98,99,104,105" hai2="12,15,23,25,30,41,44,48,91,92,116,117,118" /><INIT seed="6,1,2,1,5,9" ten="129,274,282,295" oya="2" hai0="111,92,52,58,134,70,106,104,97,40,93,108,49" hai1="47,86,46,129,85,8,78,55,32,99,65,128,107" hai2="81,73,2,126,14,95,103,56,60,31,88,110,125" hai3="42,34,123,66,22,91,21,50,59,98,117,94,90"/><V48/><F2/><W71/><G34/><T121/><D121/><U45/><E32/><V54/><F110/><W0/><G0/><T119/><D70/><U39/><E39/><V101/><F31/><W16/><G117/><T112/><D119/><U15/><E65/><V6/><F73/><W131/><G123/><T87/><D134/><U64/><E64/><V36/><F36/><W25/><G131/><N who="1" m="50250" /><E78/><V24/><F24/><N who="3" m="14375" /><G71/><T41/><D112/><U115/><E115/><V132/><F81/><W38/><G38/><T20/><D108/><U5/><E55/><V124/><F132/><W4/><G4/><T57/><D111/><U28/><E28/><V51/><F6/><W133/><G133/><T105/><D58/><U114/><E114/><V26/><F26/><W83/><G66/><T118/><D118/><U63/><E63/><V100/><REACH who="2" step="1"/><F14/><REACH who="2" ten="129,274,272,295" step="2"/><W82/><G82/><T74/><D74/><U127/><E127/><V96/><AGARI ba="1,3" hai="48,51,54,56,60,88,95,96,100,101,103,124,125,126" machi="96" ten="40,18000,2" yaku="1,1,2,1,0,1,18,1,54,1,53,1" doraHai="9" doraHaiUra="89" who="2" fromWho="2" sc="129,-61,274,-61,272,213,295,-61" /><INIT seed="6,2,0,5,2,47" ten="68,213,485,234" oya="2" hai0="9,50,89,104,26,111,18,8,30,65,115,44,116" hai1="73,1,130,112,77,121,46,125,17,23,106,36,71" hai2="123,33,4,103,37,79,6,68,48,51,72,32,127" hai3="96,41,80,58,15,49,133,53,87,22,76,84,107"/><V119/><F68/><W16/><G133/><T81/><D111/><U57/><RYUUKYOKU type="yao9" ba="2,0" sc="68,0,213,0,485,0,234,0" hai1="1,17,23,36,46,57,71,73,77,106,112,121,125,130" /><INIT seed="6,3,0,1,3,57" ten="68,213,485,234" oya="2" hai0="9,88,17,110,99,127,112,75,114,42,111,39,19" hai1="50,92,91,27,101,121,56,3,119,68,14,0,34" hai2="33,6,76,1,4,82,51,13,124,132,5,87,77" hai3="135,23,52,133,93,30,38,35,16,131,49,2,65"/><V20/><F124/><W43/><G2/><T97/><D42/><U69/><E119/><V83/><F132/><N who="3" m="50763" /><G131/><T125/><D39/><U54/><E101/><V7/><F33/><W46/><G35/><T45/><D45/><U15/><E121/><V78/><F1/><W25/><G93/><T113/><D75/><U94/><E3/><V102/><F102/><W90/><G90/><T109/><D9/><U126/><E0/><V11/><F20/><W98/><G98/><N who="0" m="37387" /><D88/><U120/><E126/><AGARI ba="3,0" hai="17,19,109,110,111,112,113,114,125,126,127" m="37387" machi="126" ten="50,8000,1" yaku="28,2,15,1,18,1" doraHai="57" who="0" fromWho="1" sc="68,89,213,-89,485,0,234,0" /><INIT seed="7,0,0,1,0,6" ten="157,124,485,234" oya="3" hai0="66,113,106,36,8,102,117,101,83,12,104,87,0" hai1="131,19,77,57,120,16,88,78,34,64,100,37,98" hai2="84,92,103,41,56,45,18,82,114,53,62,38,9" hai3="115,49,94,23,68,112,40,126,99,109,13,59,111"/><W95/><G68/><T4/><D117/><U125/><E37/><V118/><F118/><W90/><G126/><T91/><D36/><U73/><E120/><V123/><F123/><W11/><G23/><T60/><D113/><N who="3" m="43593" /><G95/><T85/><D0/><U130/><E34/><V5/><F114/><W135/><G135/><T29/><D29/><U119/><E119/><V74/><F74/><W58/><G40/><T7/><D7/><U21/><E73/><V20/><F92/><W54/><G59/><N who="0" m="37151" /><D104/><U17/><E125/><V71/><F71/><W28/><G28/><T110/><D106/><U128/><E21/><V31/><F31/><W3/><G3/><T26/><D26/><U55/><E64/><V15/><F103/><W81/><G81/><N who="0" m="49583" /><D110/><U24/><E24/><V44/><F41/><W72/><G72/><T65/><D65/><U42/><E42/><V132/><F132/><W122/><G122/><T69/><D69/><U76/><E100/><V70/><F70/><W97/><G97/><T67/><D67/><U129/><N who="1" m="33280" /><DORA hai="116" /><U124/><E124/><V86/><F38/><W33/><G33/><T14/><D14/><U1/><E1/><V52/><F82/><W93/><G93/><T96/><D96/><U89/><E98/><V61/><F20/><W121/><G121/><T32/><D32/><U79/><N who="1" m="19968" /><DORA hai="80" /><U39/><E39/><V75/><F75/><W107/><G107/><T48/><D48/><AGARI ba="0,0" hai="16,17,19,48,55,57,88,89" m="19968,33280" machi="48" ten="90,8000,1" yaku="29,2,19,1,54,2" doraHai="6,116,80" who="1" fromWho="0" sc="157,-80,124,80,485,0,234,0" owari="77,-42.0,204,-20.0,485,59.0,234,3.0" /></mjloggm>