<mjloggm ver="2.3"><GO type="169" lobby="0"/><UN n0="%E8%A5%BF%E5%9C%92%E5%AF%BA%E9%9D%96%E5%AD%90" n1="%68%6F%73%69%67%61%6D%69" n2="%E3%83%88%E3%83%88%E3%83%AA%E5%85%88%E7%94%9F%31%39%E6%AD%B3" n3="%54%45%53%48%49%4D%41%4E" dan="17,17,18,17" rate="2137.73,2207.07,2211.25,2152.79" sx="F,M,F,M"/><TAIKYOKU oya="0"/><INIT seed="0,0,0,2,0,101" ten="250,250,250,250" oya="0" hai0="74,38,104,132,46,13,124,31,96,125,54,85,102" hai1="126,99,94,114,100,103,62,59,41,78,24,91,17" hai2="89,60,66,30,5,3,2,127,133,26,76,21,108" hai3="58,93,6,35,84,131,70,129,130,12,23,20,98"/><T39/><D74/><U29/><E126/><N who="0" m="48745" /><D132/><U61/><E114/><V56/><F133/><W79/><G70/><T111/><D111/><U107/><E78/><V51/><F127/><W71/><G35/><T134/><D134/><U116/><E116/><V90/><F108/><W83/><G71/><T122/><D122/><U69/><E69/><V22/><F76/><W121/><G121/><T57/><D31/><U0/><E0/><V55/><F3/><W7/><G58/><T123/><D123/><U117/><E117/><V81/><F81/><W27/><G12/><T33/><D33/><U110/><E110/><V115/><F115/><W113/><G113/><T120/><D120/><U37/><E37/><V8/><REACH who="2" step="1"/><F22/><REACH who="2" ten="250,250,240,250" step="2"/><N who="3" m="8235" /><G27/><T119/><D119/><U52/><E24/><V135/><F135/><W15/><G15/><T82/><D13/><U18/><E100/><AGARI ba="0,1" hai="6,7,79,83,84,93,98,100,129,130,131" m="8235" machi="100" ten="30,1000,0" yaku="19,1" doraHai="101" who="3" fromWho="1" sc="250,0,250,-10,240,0,250,20" /><INIT seed="1,0,0,1,1,61" ten="250,240,240,270" oya="1" hai0="39,125,42,38,19,86,69,15,117,56,53,116,91" hai1="58,134,51,45,40,67,33,77,79,44,17,81,9" hai2="71,47,57,27,115,21,6,107,26,24,70,29,3" hai3="87,65,129,120,108,131,2,23,100,102,36,105,75"/><U52/><E33/><V35/><F107/><W133/><G120/><T85/><D69/><U22/><E134/><V12/><F47/><W98/><G36/><T99/><D125/><U73/><E77/><V28/><F57/><W122/><G133/><T7/><D7/><U25/><E40/><V41/><F41/><W111/><G122/><T132/><D132/><U106/><E106/><V30/><F70/><W48/><G2/><T62/><D99/><U50/><E50/><V126/><F71/><W89/><G48/><T34/><D34/><U8/><REACH who="1" step="1"/><E44/><REACH who="1" ten="250,230,240,270" step="2"/><V130/><F126/><W112/><G105/><T55/><D42/><U74/><E74/><V135/><F135/><W96/><G75/><T63/><D62/><AGARI ba="0,1" hai="8,9,17,22,25,45,51,52,58,62,67,73,79,81" machi="62" ten="40,7700,0" yaku="1,1,52,1,54,1,53,0" doraHai="61" doraHaiUra="68" who="1" fromWho="0" sc="250,-77,230,87,240,0,270,0" /><INIT seed="1,1,0,3,4,59" ten="173,317,240,270" oya="1" hai0="76,107,12,46,0,132,18,30,77,86,19,71,39" hai1="54,32,16,47,73,79,26,70,126,6,69,48,103" hai2="131,95,3,135,22,113,8,134,45,53,87,13,60" hai3="105,104,43,97,61,116,4,117,121,1,112,52,127"/><U119/><E119/><N who="3" m="45642" /><G121/><T75/><D0/><U9/><E126/><V55/><F3/><W88/><G112/><T33/><D75/><U38/><E38/><V51/><F22/><W111/><G43/><T40/><D107/><U36/><E36/><V96/><F113/><W98/><G111/><T20/><D71/><U15/><E103/><V81/><F131/><W84/><G127/><T56/><D132/><U106/><E106/><N who="3" m="41066" /><G4/><T82/><D76/><U85/><E73/><V114/><F114/><W93/><G1/><T17/><REACH who="0" step="1"/><D56/><AGARI ba="1,0" hai="52,56,61,84,88,93,97,98" m="41066,45642" machi="56" ten="30,7700,0" yaku="12,1,52,1,54,2" doraHai="59" who="3" fromWho="0" sc="173,-80,317,0,240,0,270,80" /><INIT seed="2,0,0,1,0,65" ten="93,317,240,350" oya="2" hai0="84,126,44,32,45,122,67,47,50,14,6,63,110" hai1="70,62,24,43,0,134,96,101,34,31,57,29,54" hai2="53,129,97,117,7,128,100,4,135,89,77,74,1" hai3="56,116,39,113,20,98,30,106,87,16,83,5,51"/><V88/><F117/><W127/><G116/><T11/><D122/><U13/><E0/><V102/><F135/><W93/><G39/><T61/><D32/><U94/><E134/><V60/><F74/><W111/><G111/><T19/><D110/><U55/><E43/><V115/><F77/><W28/><G106/><T21/><D126/><U12/><E31/><V76/><F76/><N who="3" m="46567" /><G5/><N who="2" m="2121" /><F1/><W22/><G22/><T33/><D33/><U15/><REACH who="1" step="1"/><E54/><REACH who="1" ten="93,307,240,350" step="2"/><V125/><F53/><N who="3" m="31807" /><G127/><T58/><D50/><U112/><E112/><V64/><F115/><W71/><G113/><T109/><D109/><U23/><E23/><V92/><F125/><W41/><G41/><T9/><D61/><U90/><E90/><V119/><F89/><N who="3" m="55599" /><G71/><AGARI ba="0,1" hai="12,13,15,24,29,34,55,57,62,70,71,94,96,101" machi="71" ten="40,5200,0" yaku="1,1,52,2,53,0" doraHai="65" doraHaiUra="114" who="1" fromWho="3" sc="93,0,307,62,240,0,350,-52" /><INIT seed="3,0,0,1,0,32" ten="93,369,240,298" oya="3" hai0="112,85,15,76,38,105,61,86,71,91,42,4,80" hai1="130,66,2,23,81,118,113,88,21,97,56,123,122" hai2="50,28,33,107,11,132,104,117,74,133,19,135,70" hai3="30,87,34,131,27,128,10,73,39,102,6,44,59"/><W125/><G73/><T100/><D112/><U89/><E113/><V47/><F117/><W116/><G116/><T13/><D4/><U120/><E118/><V29/><F74/><W35/><G35/><T1/><D1/><U90/><E130/><N who="3" m="49706" /><G102/><T115/><D115/><U48/><E2/><V78/><F78/><W58/><G125/><T51/><D38/><U14/><E81/><V9/><F70/><W0/><G87/><T41/><D71/><U119/><E119/><V57/><F57/><W95/><G95/><T79/><D61/><U65/><E97/><V82/><F82/><W121/><G121/><T84/><D100/><U12/><E48/><V69/><F69/><W40/><AGARI ba="0,0" hai="0,6,10,27,30,34,39,40,44,58,59" m="49706" machi="40" ten="30,3000,0" yaku="19,1,52,1" doraHai="32" who="3" fromWho="3" sc="93,-10,369,-10,240,-10,298,30" /><INIT seed="3,1,0,5,3,53" ten="83,359,230,328" oya="3" hai0="128,31,4,107,132,70,37,8,48,36,0,122,29" hai1="19,108,38,103,102,35,106,52,133,7,51,82,113" hai2="111,41,92,87,127,73,18,90,56,97,57,129,110" hai3="47,112,118,101,1,78,74,88,11,42,59,134,61"/><W86/><G112/><T40/><D122/><U91/><E113/><V39/><F73/><W116/><G101/><T104/><D70/><U27/><E38/><V58/><F129/><W49/><G134/><T25/><D128/><U10/><E133/><V23/><F127/><W5/><G78/><T114/><D114/><U6/><E108/><V85/><F39/><W131/><G74/><T2/><D132/><U117/><E117/><V84/><REACH who="2" step="1"/><F41/><REACH who="2" ten="83,359,220,328" step="2"/><W55/><REACH who="3" step="1"/><G131/><REACH who="3" ten="83,359,220,318" step="2"/><T83/><D40/><U123/><E123/><V121/><F121/><W76/><G76/><T100/><D100/><U22/><E103/><V68/><F68/><W69/><G69/><T32/><D36/><U20/><E102/><V96/><F96/><W71/><G71/><T16/><D37/><U75/><E75/><V44/><F44/><W21/><G21/><T46/><D46/><U34/><E22/><V77/><F77/><W109/><G109/><T30/><D104/><U66/><E106/><V67/><F67/><W17/><G17/><T3/><D107/><U135/><E66/><V99/><F99/><W124/><G124/><T62/><D16/><U72/><E72/><V12/><AGARI ba="1,2" hai="12,18,23,56,57,58,84,85,87,90,92,97,110,111" machi="12" ten="40,8000,1" yaku="1,1,0,1,52,3,53,0" doraHai="53" doraHaiUra="65" who="2" fromWho="2" sc="83,-21,359,-21,220,103,318,-41" /><INIT seed="4,0,0,3,2,87" ten="62,338,323,277" oya="0" hai0="127,70,120,112,82,44,39,33,36,119,96,79,17" hai1="130,85,113,19,45,24,92,10,47,76,2,22,97" hai2="41,3,65,27,110,122,99,13,30,0,43,25,23" hai3="18,31,60,21,128,100,123,61,98,111,78,38,8"/><T81/><D119/><U66/><E130/><V14/><F110/><W37/><G111/><T88/><D120/><U32/><E113/><V102/><F122/><W109/><G123/><T74/><D70/><U106/><E106/><V1/><F65/><W91/><G109/><T94/><D33/><U68/><E32/><V124/><F124/><W126/><G31/><T114/><D127/><U72/><E72/><V56/><F56/><W46/><G78/><T117/><D117/><U63/><E2/><V58/><F58/><W11/><G38/><T90/><D17/><U80/><REACH who="1" step="1"/><E10/><REACH who="1" ten="62,328,323,277" step="2"/><V52/><F1/><W105/><G128/><T118/><D118/><U107/><E107/><V95/><F3/><W69/><G126/><T103/><D44/><U121/><E121/><V42/><F0/><W6/><G8/><T93/><D82/><U115/><E115/><N who="0" m="44073" /><D103/><AGARI ba="0,1" hai="19,22,24,45,47,63,66,68,76,80,85,92,97,103" machi="103" ten="30,2000,0" yaku="1,1,7,1,53,0" doraHai="87" doraHaiUra="132" who="1" fromWho="0" sc="62,-20,328,30,323,0,277,0" /><INIT seed="5,0,0,5,0,1" ten="42,358,323,277" oya="1" hai0="132,105,52,30,65,99,95,87,42,45,117,88,72" hai1="56,8,39,26,85,124,60,10,62,131,55,67,23" hai2="13,27,14,63,107,104,15,70,81,86,106,83,69" hai3="113,12,5,43,96,128,78,75,11,135,0,112,29"/><U89/><E39/><V28/><F63/><W22/><G135/><T127/><D117/><U92/><E131/><V64/><F64/><W58/><G128/><T9/><D72/><U41/><E41/><V100/><F100/><W98/><G43/><T118/><D118/><U40/><E40/><V4/><F4/><W84/><G75/><T32/><D132/><U91/><E91/><V73/><F73/><W35/><G58/><T101/><D127/><U94/><E94/><V50/><F50/><W102/><G84/><T25/><D65/><U110/><E124/><V130/><F130/><W134/><G78/><T48/><D9/><U38/><E38/><V61/><F61/><W68/><G68/><T7/><REACH who="0" step="1"/><D42/><REACH who="0" ten="32,358,323,277" step="2"/><U54/><E110/><V122/><F70/><W120/><G134/><T59/><D59/><N who="1" m="34935" /><E67/><V129/><F69/><W36/><G36/><T121/><D121/><U66/><E66/><V20/><F122/><W24/><G120/><T82/><D82/><U2/><E56/><V114/><F129/><W37/><G37/><T74/><D74/><U103/><E55/><V77/><F83/><W115/><REACH who="3" step="1"/><G102/><REACH who="3" ten="32,358,323,267" step="2"/><T47/><D47/><U97/><E103/><V93/><F77/><W18/><AGARI ba="0,2" hai="0,5,11,12,18,22,24,29,35,96,98,112,113,115" machi="18" ten="40,12000,2" yaku="1,1,2,1,0,1,24,2,15,1,52,1,53,0" doraHai="1" doraHaiUra="123" who="3" fromWho="3" sc="32,-30,358,-60,323,-30,267,140" /><INIT seed="6,0,0,5,1,27" ten="2,298,293,407" oya="2" hai0="134,11,8,63,94,77,76,68,135,108,87,97,5" hai1="36,45,26,47,29,52,0,121,42,6,90,66,81" hai2="123,125,126,18,91,67,100,55,28,69,71,102,132" hai3="82,51,128,72,25,62,48,84,124,117,101,106,50"/><V41/><F123/><W34/><G117/><T89/><D108/><U57/><E121/><V56/><F132/><N who="0" m="50730" /><D97/><U115/><E115/><V85/><F41/><W105/><G25/><T2/><D8/><U73/><E66/><AGARI ba="0,0" hai="2,5,11,63,66,68,76,77,87,89,94" m="50730" machi="66" ten="30,1000,0" yaku="20,1" doraHai="27" who="0" fromWho="1" sc="2,10,298,-10,293,0,407,0" /><INIT seed="7,0,0,4,2,93" ten="12,288,293,407" oya="3" hai0="115,74,88,53,77,120,66,92,23,114,91,21,64" hai1="135,84,81,57,108,102,97,33,47,82,10,15,8" hai2="48,87,7,101,94,0,72,89,43,16,121,46,3" hai3="12,29,44,17,51,75,5,32,11,1,6,122,35"/><W130/><G122/><T109/><D92/><U127/><E108/><V50/><F72/><W14/><G75/><T42/><D42/><U110/><E110/><V55/><F121/><W78/><G78/><T126/><D77/><U79/><E33/><V118/><F118/><W104/><G104/><T31/><D74/><U45/><E135/><V128/><F128/><W85/><G29/><T58/><D109/><U61/><E82/><V26/><F7/><W99/><G130/><T86/><D120/><U49/><E49/><V90/><F101/><W30/><G30/><T19/><D31/><U98/><E127/><V40/><F89/><W117/><G117/><T133/><D58/><U106/><E8/><V25/><F40/><W123/><G123/><T96/><D86/><U36/><E36/><V132/><F132/><W9/><G85/><T20/><D133/><U73/><E73/><V134/><F134/><W70/><G70/><T60/><D60/><U22/><E22/><V37/><F37/><W119/><G119/><T67/><D53/><U129/><E129/><V13/><F3/><W131/><G131/><T28/><D28/><U18/><REACH who="1" step="1"/><E97/><REACH who="1" ten="12,278,293,407" step="2"/><V2/><F2/><N who="3" m="183" /><G99/><T24/><D96/><U27/><E27/><V76/><F0/><W103/><G1/><T107/><D107/><U124/><E124/><V34/><F34/><W100/><G32/><T62/><D126/><U52/><AGARI ba="0,1" hai="10,15,18,45,47,52,57,61,79,81,84,98,102,106" machi="52" ten="20,12000,2" yaku="1,1,0,1,7,1,52,1,54,1,53,1" doraHai="93" doraHaiUra="4" who="1" fromWho="1" sc="12,-30,278,130,293,-30,407,-60" owari="-18,-52.0,408,51.0,263,-14.0,347,15.0" /></mjloggm>