<mjloggm ver="2.3"><GO type="169" lobby="0"/><UN n0="%E3%83%AD%E3%83%B3%E3%82%88%E3%82%8A%E8%A8%BC%E6%8B%A0" n1="%E3%81%A1%E3%82%8A%E3%82%81%E3%82%93%E3%81%98%E3%82%83%E3%81%93" n2="%E3%82%82%E3%81%9A%E3%81%8F%E3%80%82" n3="%E5%B0%B1%E6%B4%BB%E7%94%9F%40%E5%B7%9D%E6%9D%91%E8%BB%8D%E5%9B%A3" dan="17,16,16,17" rate="2268.70,2084.31,2020.47,2145.46" sx="M,M,M,M"/><TAIKYOKU oya="0"/><INIT seed="0,0,0,1,1,66" ten="250,250,250,250" oya="0" hai0="57,47,86,43,132,3,134,27,12,65,102,18,61" hai1="73,39,84,68,2,129,110,52,36,50,21,44,74" hai2="11,77,81,23,63,20,126,67,118,125,88,15,8" hai3="116,51,0,127,1,64,7,34,75,89,85,62,131"/><T48/><D3/><U28/><E2/><V17/><F118/><W58/><G75/><T117/><D117/><U33/><E33/><V91/><F11/><W122/><G34/><T16/><D102/><U121/><E121/><V10/><F10/><W123/><G116/><T37/><D27/><U135/><E74/><V60/><F60/><W101/><G101/><T42/><D86/><U92/><E73/><V78/><F8/><W79/><G79/><T59/><D18/><U32/><E32/><V97/><F23/><W49/><G131/><T40/><D37/><U94/><E135/><N who="0" m="51753" /><D59/><U25/><E129/><V76/><F81/><W104/><G104/><T45/><D45/><U107/><E107/><V114/><F114/><W41/><G7/><T98/><D98/><U90/><E110/><V72/><F72/><W71/><G1/><T6/><D6/><U14/><E14/><V113/><F113/><W31/><G31/><T54/><D43/><U69/><REACH who="1" step="1"/><E92/><REACH who="1" ten="250,240,250,250" step="2"/><V83/><F83/><W53/><G0/><T124/><D124/><N who="2" m="47722" /><F97/><W56/><G127/><T5/><D5/><U130/><E130/><V4/><F4/><W105/><G105/><T19/><D12/><U133/><E133/><V109/><F109/><W115/><G115/><T13/><D13/><U95/><E95/><V70/><AGARI ba="0,1" hai="15,17,20,63,67,70,76,77,78,88,91" m="47722" machi="70" ten="30,4000,0" yaku="18,1,52,1,54,1" doraHai="66" who="2" fromWho="2" sc="250,-20,240,-10,250,50,250,-10" /><INIT seed="1,0,0,0,2,121" ten="230,230,300,240" oya="1" hai0="60,114,75,25,9,63,40,19,135,35,93,92,67" hai1="130,74,5,32,85,83,133,59,91,39,17,15,119" hai2="24,101,89,96,115,95,58,22,112,55,49,88,13" hai3="102,52,109,37,105,127,99,117,20,31,64,21,111"/><U113/><E119/><V10/><F115/><W16/><G37/><T70/><D114/><U33/><E113/><V66/><F112/><W46/><G64/><T14/><D75/><U4/><E133/><V12/><F66/><W132/><G132/><T107/><D135/><U44/><E130/><V61/><F49/><N who="3" m="28727" /><G117/><T118/><D118/><U106/><E106/><V108/><F108/><N who="3" m="41547" /><G127/><T0/><D40/><U126/><E74/><V69/><F69/><W36/><G36/><T11/><D63/><U81/><E126/><V18/><REACH who="2" step="1"/><F13/><REACH who="2" ten="230,230,290,240" step="2"/><N who="3" m="9231" /><G21/><T77/><D67/><U73/><E32/><V78/><F78/><W116/><G116/><T6/><D77/><U123/><E33/><V3/><F3/><W57/><G57/><T122/><D35/><U53/><E59/><V45/><F45/><W129/><G129/><T71/><D0/><U104/><E39/><V30/><AGARI ba="0,1" hai="10,12,18,22,24,30,55,58,61,88,89,95,96,101" machi="30" ten="20,8000,1" yaku="1,1,0,1,7,1,8,1,54,1,53,0" doraHai="121" doraHaiUra="47" who="2" fromWho="2" sc="230,-20,230,-40,290,90,240,-20" /><INIT seed="2,0,0,4,0,95" ten="210,190,380,220" oya="2" hai0="74,15,28,69,4,49,114,89,111,100,73,11,44" hai1="76,21,94,130,27,127,51,91,40,124,65,6,25" hai2="31,42,13,63,22,122,32,132,81,47,38,23,18" hai3="82,71,53,45,133,119,35,79,64,77,103,30,80"/><V113/><F122/><W86/><G119/><T112/><D69/><U7/><E76/><V58/><F113/><W37/><G133/><T98/><D111/><U67/><E130/><V128/><F128/><W84/><G35/><T70/><D70/><U33/><E33/><V105/><F105/><W12/><G30/><T83/><D28/><U19/><E40/><V126/><F126/><N who="1" m="48169" /><E51/><V46/><F46/><W106/><G71/><T99/><D74/><U36/><E27/><V24/><F132/><W1/><G1/><T3/><D3/><U118/><E36/><V75/><F81/><W39/><G64/><N who="1" m="24650" /><E118/><V125/><F125/><W88/><G12/><T72/><D72/><U66/><N who="1" m="24658" /><U41/><DORA hai="50" /><E41/><V2/><F2/><W85/><G53/><T107/><D73/><U29/><E29/><V123/><F75/><W115/><G45/><T17/><D4/><U96/><AGARI ba="0,0" hai="6,7,19,21,25,91,94,96" m="24658,48169" machi="96" ten="40,2700,0" yaku="18,1,52,1" doraHai="95,50" who="1" fromWho="1" sc="210,-7,190,27,380,-13,220,-7" /><INIT seed="3,0,0,4,0,4" ten="203,217,367,213" oya="3" hai0="127,22,33,85,7,111,121,94,61,52,123,71,64" hai1="53,38,90,6,78,120,88,128,93,51,108,55,36" hai2="46,115,109,3,113,59,104,56,105,77,126,14,125" hai3="130,23,117,32,98,63,69,75,30,28,43,86,73"/><W24/><G117/><T97/><D33/><U35/><E120/><V26/><F3/><W112/><G112/><T25/><D111/><U47/><E128/><V11/><F77/><W5/><G130/><T60/><D85/><U68/><E68/><V48/><F109/><W106/><G5/><T102/><D7/><U116/><E35/><V95/><F26/><N who="3" m="18455" /><G86/><T100/><D100/><U110/><E108/><V114/><F95/><W34/><G43/><T15/><D15/><U99/><E110/><V57/><F14/><W12/><G12/><T81/><D81/><U42/><E116/><V8/><F48/><W13/><G13/><T21/><D21/><U79/><E90/><V87/><F87/><W135/><G23/><T41/><D41/><U66/><E66/><V96/><F46/><W27/><G27/><T118/><D118/><U72/><E6/><V29/><F29/><W39/><G39/><T37/><D37/><U45/><E72/><V83/><F83/><W50/><G50/><T131/><D131/><U82/><E82/><V40/><F40/><W54/><G54/><T134/><D123/><U19/><E38/><V31/><F31/><W1/><G1/><T49/><D121/><U89/><E89/><V9/><F96/><W62/><G62/><T76/><D61/><U17/><E55/><V44/><F44/><W58/><G135/><T0/><D0/><U91/><E91/><V16/><F16/><N who="1" m="6217" /><E78/><V92/><F92/><W107/><G69/><T20/><D76/><U122/><E79/><V65/><F65/><N who="3" m="39159" /><G107/><AGARI ba="0,0" hai="8,9,11,56,57,59,104,105,107,113,114,115,125,126" machi="107" ten="60,12000,2" yaku="29,2,28,2,52,3" doraHai="4" who="2" fromWho="3" sc="203,0,217,0,367,120,213,-120" /><INIT seed="4,0,0,1,2,50" ten="203,217,487,93" oya="0" hai0="108,72,63,120,102,78,128,134,38,122,54,130,84" hai1="36,101,133,62,1,85,33,121,131,48,11,14,67" hai2="32,45,68,93,43,26,87,49,103,16,82,57,98" hai3="44,17,59,70,29,19,97,83,86,132,66,24,92"/><T30/><D38/><U5/><E36/><V23/><F68/><W13/><G132/><T88/><D134/><U15/><E121/><V105/><F32/><W51/><G70/><T4/><D108/><U106/><E133/><V104/><F57/><W123/><G123/><T74/><D122/><U113/><E131/><N who="0" m="50217" /><D120/><U2/><E113/><V127/><F127/><W18/><G66/><T71/><D102/><U65/><E33/><V9/><F9/><W6/><G59/><N who="0" m="35319" /><D71/><U25/><E67/><V126/><F126/><W135/><G135/><T21/><D4/><U125/><E101/><V91/><AGARI ba="0,0" hai="16,23,26,43,45,49,82,87,91,93,98,103,104,105" machi="91" ten="20,2700,0" yaku="0,1,7,1,54,1" doraHai="50" who="2" fromWho="2" sc="203,-13,217,-7,487,27,93,-7" /><INIT seed="5,0,0,3,5,3" ten="190,210,514,86" oya="1" hai0="2,11,82,27,110,4,124,109,34,68,48,0,25" hai1="16,113,132,10,50,14,59,126,127,22,58,61,55" hai2="111,105,86,115,13,75,91,125,103,94,7,1,9" hai3="38,40,101,24,6,135,64,18,134,116,36,8,47"/><U41/><E113/><V57/><F111/><W100/><G36/><T26/><D68/><U120/><E132/><V90/><F125/><N who="1" m="47625" /><E120/><V65/><F75/><W130/><G64/><T78/><D124/><U93/><E93/><V114/><F1/><W70/><G70/><T17/><D34/><U39/><E39/><V43/><F43/><W20/><G116/><T52/><D2/><U74/><E74/><V102/><F105/><W79/><G79/><T71/><D71/><U72/><E72/><V128/><F91/><W31/><G31/><T35/><D35/><U106/><E106/><V108/><F128/><W5/><G130/><T76/><D17/><U51/><E41/><V95/><F95/><W29/><G29/><T104/><D104/><U44/><E44/><V129/><F129/><W122/><G122/><T33/><D33/><U12/><E59/><V98/><F98/><W23/><G23/><T89/><D89/><U54/><E54/><V49/><F108/><W77/><G77/><T80/><D78/><U133/><E133/><N who="3" m="50698" /><G8/><T88/><D82/><U123/><E123/><V15/><F114/><W62/><G62/><T81/><D81/><U60/><E60/><V107/><F107/><W63/><G63/><T69/><D69/><U28/><E28/><V32/><F32/><W67/><G67/><T117/><D117/><U45/><E45/><V19/><F65/><W53/><G53/><T99/><D76/><U96/><E96/><V56/><F115/><W85/><G85/><N who="0" m="50215" /><D99/><U97/><E97/><V83/><F83/><W42/><G42/><T112/><D112/><RYUUKYOKU ba="0,0" sc="190,10,210,10,514,-30,86,10" hai0="0,4,11,25,26,27,48,52,109,110" hai1="10,12,14,16,22,50,51,55,58,61" hai3="5,6,18,20,24,38,40,47,100,101" /><INIT seed="5,1,0,5,5,63" ten="200,220,484,96" oya="1" hai0="15,19,128,102,7,64,82,88,49,87,40,99,78" hai1="135,0,71,42,29,32,75,41,117,113,90,116,62" hai2="83,65,111,36,125,100,44,17,123,54,77,105,53" hai3="127,18,91,122,114,26,33,23,69,81,129,9,8"/><U134/><E75/><V126/><F111/><W12/><G122/><T94/><D128/><U121/><E0/><V45/><F123/><W112/><G69/><T104/><D7/><U20/><E121/><V3/><F3/><W58/><G81/><T31/><D31/><U110/><E32/><V1/><F1/><W72/><G72/><T16/><D64/><N who="1" m="41367" /><E90/><V95/><F65/><W21/><G91/><T108/><D108/><U43/><E110/><V86/><F105/><W124/><G58/><T84/><REACH who="0" step="1"/><D15/><REACH who="0" ten="190,220,484,96" step="2"/><U97/><E113/><N who="3" m="43626" /><G129/><T133/><D133/><N who="1" m="50699" /><E29/><V35/><F125/><N who="3" m="48203" /><G33/><T118/><D118/><N who="1" m="45675" /><E20/><V92/><F126/><W4/><G4/><T30/><D30/><AGARI ba="1,1" hai="8,9,12,18,21,23,26,30" m="48203,43626" machi="30" ten="30,7700,0" yaku="15,1,18,1,34,2" doraHai="63" who="3" fromWho="0" sc="190,-80,220,0,484,0,96,90" /><INIT seed="6,0,0,2,5,74" ten="110,220,484,186" oya="2" hai0="9,112,86,56,84,14,128,3,127,18,96,79,113" hai1="103,62,39,118,57,91,72,6,125,4,28,24,49" hai2="106,99,23,77,83,105,97,55,104,32,48,51,22" hai3="44,41,73,120,60,37,36,135,81,134,29,110,115"/><V50/><F32/><W98/><G110/><T61/><D128/><U67/><E39/><V1/><F55/><W8/><G120/><T19/><D127/><U58/><E118/><V26/><F1/><W123/><G123/><T59/><D3/><U54/><E72/><V35/><F35/><W130/><G130/><T0/><D0/><U109/><E109/><V126/><F126/><W25/><G37/><T131/><D131/><U88/><E125/><V121/><F121/><W66/><G8/><T43/><D43/><U38/><E38/><V34/><F34/><W5/><G5/><T68/><D68/><U12/><E103/><V53/><F53/><W111/><G111/><T11/><D96/><U27/><E6/><V78/><F83/><W114/><G98/><N who="2" m="37385" /><F26/><N who="1" m="9769" /><E28/><V76/><AGARI ba="0,0" hai="22,23,48,50,51,76,77,78,104,105,106" m="37385" machi="76" ten="40,18000,2" yaku="29,2,28,2,52,3" doraHai="74" who="2" fromWho="2" sc="110,-60,220,-60,484,180,186,-60" /><INIT seed="6,1,0,5,5,6" ten="50,160,664,126" oya="2" hai0="46,103,129,73,75,109,64,66,101,5,107,77,29" hai1="0,124,116,84,128,49,21,37,104,62,40,58,106" hai2="43,113,133,15,79,50,108,52,32,57,99,54,71" hai3="95,85,14,117,35,44,130,67,8,114,110,55,59"/><V11/><F113/><W115/><G35/><T4/><D109/><U82/><E37/><V102/><F71/><W120/><G110/><T70/><D29/><U98/><E116/><V91/><F32/><W33/><G33/><T74/><D77/><U3/><E124/><V127/><F79/><W125/><G120/><T26/><D26/><U10/><E128/><V134/><F127/><W76/><G117/><T78/><D78/><U17/><E104/><V2/><F2/><W18/><G130/><T30/><D30/><U48/><E49/><V68/><F68/><W90/><G125/><T105/><D46/><U7/><E0/><V112/><F91/><W80/><G67/><T23/><D23/><U93/><E106/><V119/><F43/><W9/><G44/><T126/><D75/><U39/><E39/><V36/><F36/><W118/><G118/><T96/><D126/><U123/><E123/><V92/><F108/><W56/><G56/><T86/><D70/><U63/><E40/><V81/><F81/><W111/><G111/><T100/><D100/><U25/><E48/><V24/><F50/><N who="3" m="31223" /><G115/><T65/><D65/><U47/><E47/><V45/><F112/><W51/><G51/><T38/><D38/><U89/><E58/><V31/><F57/><W61/><G61/><T135/><D86/><U13/><E3/><V83/><F45/><W69/><G69/><T60/><D60/><U19/><E7/><V94/><F119/><W28/><G28/><T87/><D87/><U12/><E25/><V97/><F24/><W72/><G114/><T132/><D129/><RYUUKYOKU ba="1,0" sc="50,10,160,10,664,-30,126,10" hai0="4,5,64,66,73,74,96,101,103,105,107,132,135" hai1="10,12,13,17,19,21,62,63,82,84,89,93,98" hai3="8,9,14,18,72,76,80,85,90,95" /><INIT seed="7,2,0,1,4,16" ten="60,170,634,136" oya="3" hai0="39,65,83,96,21,127,66,95,68,56,55,120,43" hai1="30,33,53,57,44,8,90,76,13,2,38,108,130" hai2="110,18,78,80,134,107,105,118,88,91,104,89,36" hai3="59,77,12,74,14,26,9,10,129,23,79,70,20"/><W6/><G70/><T125/><D120/><U113/><E2/><V87/><F36/><W19/><G129/><T94/><D83/><U121/><E108/><V132/><F18/><W67/><G74/><T81/><D81/><U4/><E121/><V122/><F122/><W3/><G3/><T62/><D95/><U71/><E71/><V124/><F124/><W117/><G117/><T115/><D115/><U42/><E113/><V0/><F0/><W85/><G85/><T103/><D66/><U37/><E37/><V63/><F63/><N who="3" m="38399" /><G26/><T29/><D68/><U58/><E76/><AGARI ba="2,0" hai="6,9,10,12,14,19,20,23,76,77,79" m="38399" machi="76" ten="30,5800,0" yaku="8,1,52,2" doraHai="16" who="3" fromWho="1" sc="60,0,170,-64,634,0,136,64" /><INIT seed="7,3,0,3,4,45" ten="60,106,634,200" oya="3" hai0="122,55,30,47,63,53,66,41,26,69,100,79,0" hai1="89,21,117,38,46,102,12,132,50,20,85,32,6" hai2="114,28,40,15,97,31,72,23,80,118,7,74,10" hai3="135,75,125,18,39,108,51,43,22,112,98,126,48"/><W134/><G75/><T90/><D122/><U86/><E32/><V92/><F114/><W34/><G34/><T99/><D0/><U103/><E38/><V16/><F40/><W107/><G112/><T17/><D90/><U94/><E132/><N who="3" m="50730" /><G39/><T1/><D17/><U37/><E37/><V111/><F111/><W87/><G43/><T35/><D79/><U131/><E131/><V124/><F124/><N who="3" m="47723" /><G87/><T120/><D1/><U61/><E61/><V110/><F118/><W29/><G29/><T59/><D59/><U5/><E117/><V3/><F110/><W42/><G42/><T95/><REACH who="0" step="1"/><D120/><REACH who="0" ten="50,106,634,200" step="2"/><U13/><E89/><V76/><F74/><W84/><G108/><T104/><D104/><U8/><E46/><V67/><F31/><W24/><G84/><T123/><D123/><U113/><E113/><V130/><F28/><W71/><G71/><T129/><D129/><U128/><E128/><V127/><F130/><W70/><G70/><T109/><D109/><U68/><E68/><V121/><F127/><W62/><G107/><T105/><D105/><U49/><E94/><V9/><F121/><W91/><G91/><T133/><D133/><U25/><E25/><V4/><F92/><W65/><G98/><T58/><D58/><U101/><E101/><V33/><F97/><W115/><G115/><T27/><D27/><U82/><E82/><V56/><F33/><W78/><G78/><T106/><D106/><U36/><E36/><AGARI ba="3,1" hai="26,30,35,36,41,47,53,55,63,66,69,95,99,100" machi="36" ten="30,2000,0" yaku="1,1,7,1,53,0" doraHai="45" doraHaiUra="81" who="0" fromWho="1" sc="50,39,106,-29,634,0,200,0" owari="89,-31.0,77,-42.0,634,73.0,200,0.0" /></mjloggm>