<mjloggm ver="2.3"><GO type="169" lobby="0"/><UN n0="%67%75%73%68" n1="%E5%B0%B1%E6%B4%BB%E7%94%9F%40%E5%B7%9D%E6%9D%91%E8%BB%8D%E5%9B%A3" n2="%E6%88%A6%E3%81%86%E3%83%91%E3%83%B3%E5%B1%8B" n3="%E9%81%8A%E8%B5%B0" dan="16,18,16,19" rate="2117.58,2179.96,2091.50,2250.21" sx="M,M,M,M"/><TAIKYOKU oya="0"/><INIT seed="0,0,0,3,5,63" ten="250,250,250,250" oya="0" hai0="130,119,28,65,123,127,106,73,4,74,31,76,37" hai1="81,69,115,111,21,29,104,116,132,135,118,58,124" hai2="108,34,45,64,134,71,93,67,99,121,109,42,24" hai3="32,50,15,101,103,20,100,82,66,94,122,117,78"/><T33/><D119/><N who="1" m="45611" /><E104/><V54/><F71/><W6/><G117/><T97/><D37/><U61/><E29/><N who="2" m="19751" /><F121/><W80/><G32/><T88/><D4/><U95/><E21/><V5/><F54/><W79/><G122/><T59/><D76/><N who="3" m="29225" /><G94/><T14/><D14/><U75/><E95/><V39/><F5/><W53/><G66/><T133/><D65/><N who="1" m="41135" /><E81/><N who="3" m="31338" /><G6/><T57/><D106/><U48/><E75/><V114/><F134/><N who="1" m="51241" /><E111/><N who="2" m="42571" /><F114/><W51/><G53/><T9/><D133/><U56/><E115/><V128/><F128/><W62/><G62/><T11/><D130/><U30/><E30/><V92/><F92/><W84/><G84/><T113/><D28/><U22/><E22/><V13/><F13/><W85/><G85/><T86/><D31/><U8/><E8/><V47/><F93/><W72/><G72/><T110/><D73/><U91/><E91/><V77/><F77/><W23/><G15/><T52/><D74/><U70/><E124/><V89/><F89/><W112/><G112/><T107/><D127/><U83/><E83/><V25/><F99/><W90/><G90/><T60/><D88/><U125/><E125/><V41/><F25/><W3/><G3/><T17/><D97/><U2/><E2/><V55/><F55/><W46/><G23/><T131/><D113/><U18/><E18/><V35/><F35/><W44/><G20/><T12/><D33/><U19/><E19/><V105/><F105/><W49/><AGARI ba="0,0" hai="44,46,49,50,51,100,101,103" m="31338,29225" machi="49" ten="40,5200,0" yaku="28,2,8,1" doraHai="63" who="3" fromWho="3" sc="250,-26,250,-13,250,-13,250,52" /><INIT seed="1,0,0,0,3,24" ten="224,237,237,302" oya="1" hai0="6,54,133,116,20,31,108,69,25,85,113,63,39" hai1="89,14,13,2,100,34,83,84,51,9,80,66,44" hai2="125,101,0,41,92,3,56,71,134,21,29,35,103" hai3="15,82,102,45,109,64,72,73,57,33,60,47,16"/><U32/><E2/><V11/><F71/><W50/><G33/><T53/><D113/><U76/><E100/><V49/><F35/><W46/><G109/><T27/><D116/><U59/><E14/><V55/><F134/><W118/><G118/><T17/><D39/><U115/><E115/><V1/><F125/><W5/><G5/><T90/><D133/><U105/><E105/><V75/><F75/><W58/><G102/><T12/><D108/><U81/><E66/><V42/><F11/><W91/><G91/><T70/><D6/><U112/><E59/><V61/><F103/><W43/><G73/><T77/><D77/><U129/><E129/><V78/><F78/><W4/><G4/><T36/><D36/><U117/><E117/><V7/><F7/><W114/><G114/><T110/><D25/><U93/><E112/><V95/><F101/><W79/><REACH who="3" step="1"/><G58/><REACH who="3" ten="224,237,237,292" step="2"/><T119/><D110/><U132/><E132/><V104/><F0/><W18/><G18/><T99/><D119/><U48/><E34/><V67/><F1/><W126/><G126/><T106/><D70/><U19/><E32/><V37/><F3/><W127/><G127/><T62/><D69/><U135/><E135/><V52/><F56/><W123/><G123/><T65/><D17/><U22/><E76/><V98/><F104/><W87/><G87/><T74/><D85/><U97/><E84/><V38/><F98/><W131/><G131/><T68/><D90/><U107/><E107/><V10/><F95/><W88/><G88/><T120/><D99/><U96/><E96/><V121/><F92/><RYUUKYOKU ba="0,1" sc="224,-10,237,-10,237,-10,292,30" hai3="15,16,43,45,46,47,50,57,60,64,72,79,82" /><INIT seed="2,1,1,4,2,71" ten="214,227,227,322" oya="2" hai0="96,10,124,115,17,55,42,12,70,33,52,34,121" hai1="116,78,91,24,54,114,3,126,84,36,37,87,106" hai2="68,102,47,111,99,129,86,22,59,92,18,2,81" hai3="93,6,73,23,90,60,132,56,4,105,77,123,66"/><V63/><F129/><W103/><G123/><T57/><D115/><U62/><E106/><V133/><F133/><W72/><G132/><T29/><D121/><U110/><E114/><V119/><F2/><W61/><G105/><T65/><D124/><U97/><E3/><V89/><F119/><W104/><G104/><T9/><D42/><U30/><E116/><V21/><F68/><W11/><G103/><T98/><D70/><U95/><E126/><V125/><F125/><W117/><G117/><T120/><D120/><U35/><E110/><V15/><F111/><W41/><G41/><T26/><D65/><U76/><E87/><V49/><F59/><W134/><G134/><T27/><D9/><U80/><REACH who="1" step="1"/><E76/><REACH who="1" ten="214,217,227,322" step="2"/><V118/><F118/><W100/><G77/><T43/><D98/><U13/><E13/><V5/><F63/><W31/><G60/><T51/><D96/><U16/><E16/><V122/><F5/><W40/><G6/><T58/><D17/><U135/><E135/><V130/><F122/><W67/><G61/><T108/><D12/><U20/><E20/><N who="2" m="11359" /><F130/><W64/><G4/><T46/><D108/><U112/><E112/><V113/><F113/><W82/><G23/><T38/><D10/><U94/><E94/><V48/><F48/><W1/><G11/><T128/><D128/><U107/><E107/><V44/><F44/><W79/><G1/><T101/><D33/><U7/><E7/><V14/><F14/><W74/><G74/><T39/><D51/><U85/><E85/><V69/><F69/><W32/><G73/><T88/><D46/><RYUUKYOKU ba="1,2" sc="214,-15,217,15,227,15,322,-15" hai1="24,30,35,36,37,54,62,78,80,84,91,95,97" hai2="21,22,47,49,81,86,89,92,99,102" /><INIT seed="2,2,2,1,0,63" ten="199,232,242,307" oya="2" hai0="65,38,26,25,33,2,112,104,110,117,43,84,135" hai1="10,34,81,47,60,89,19,5,70,4,74,90,134" hai2="121,21,102,125,82,111,55,103,40,1,97,76,92" hai3="93,120,51,45,101,91,71,105,18,44,37,52,123"/><V86/><F121/><W8/><G105/><T130/><RYUUKYOKU type="yao9" ba="2,2" sc="199,0,232,0,242,0,307,0" hai0="2,25,26,33,38,43,65,84,104,110,112,117,130,135" /><INIT seed="2,3,2,5,4,50" ten="199,232,242,307" oya="2" hai0="25,47,99,71,35,10,130,18,93,98,8,13,60" hai1="127,126,103,118,89,4,108,64,7,3,78,112,84" hai2="70,94,73,76,6,58,62,115,26,57,27,91,16" hai3="56,104,105,38,124,55,31,121,49,1,77,2,123"/><V29/><F115/><W21/><G38/><T82/><D130/><U43/><E118/><V41/><F6/><W122/><G77/><T69/><D82/><U135/><E112/><V75/><F41/><W72/><G72/><T65/><D71/><U88/><E103/><V129/><F129/><W96/><G124/><N who="1" m="47658" /><E135/><V12/><F70/><W107/><REACH who="3" step="1"/><G96/><REACH who="3" ten="199,232,242,297" step="2"/><T109/><D99/><U53/><E78/><V90/><F76/><W0/><G0/><T119/><D119/><U102/><E3/><V39/><F39/><W52/><G52/><T83/><D98/><U85/><E43/><V59/><F75/><W131/><G131/><T42/><D42/><U79/><E79/><V125/><F73/><W20/><G20/><T30/><D35/><U11/><E53/><N who="2" m="34095" /><F125/><W36/><G36/><T128/><D128/><U66/><E11/><N who="2" m="6175" /><F90/><N who="1" m="34921" /><E102/><V61/><F61/><W92/><G92/><T23/><D60/><U17/><E66/><V133/><F133/><W33/><G33/><T22/><D65/><U81/><E64/><V15/><F15/><W19/><G19/><T48/><D18/><U110/><E17/><V37/><F37/><W132/><G132/><T111/><D13/><U24/><E24/><AGARI ba="3,3" hai="1,2,21,24,31,49,55,56,104,105,107,121,122,123" machi="24" ten="50,6400,0" yaku="1,1,52,1,53,1" doraHai="50" doraHaiUra="51" who="3" fromWho="1" sc="199,0,232,-73,242,0,297,103" /><INIT seed="3,0,0,1,5,57" ten="199,159,242,400" oya="3" hai0="6,112,83,56,111,0,113,68,30,69,65,121,80" hai1="25,107,103,40,64,32,133,10,81,34,99,28,118" hai2="49,72,14,12,132,102,29,43,117,92,131,78,75" hai3="22,94,129,86,106,35,66,70,90,93,2,62,122"/><W96/><G122/><T47/><D121/><U17/><E133/><V46/><F117/><W15/><G2/><T79/><D111/><U114/><E114/><V44/><F131/><W37/><G37/><T4/><D30/><U16/><E118/><V31/><F132/><W33/><G129/><T55/><D47/><U89/><E34/><V100/><F92/><W41/><G41/><T126/><D126/><U13/><E40/><V23/><F49/><W48/><G106/><T95/><D95/><U119/><E119/><V87/><F23/><W67/><G67/><T82/><D79/><U104/><E104/><V53/><F43/><W85/><G48/><T110/><D110/><U135/><E135/><V21/><F21/><W42/><G42/><T125/><D125/><U39/><E39/><V124/><F87/><W59/><G70/><N who="0" m="27243" /><D65/><U36/><E36/><V91/><F78/><W45/><G45/><T1/><D1/><U9/><E64/><V74/><F74/><W88/><G96/><T61/><D0/><U51/><E51/><V8/><F124/><W38/><G38/><T20/><D20/><U123/><E123/><V76/><F76/><W77/><G77/><T5/><D113/><U71/><E71/><V105/><F105/><W54/><G66/><T18/><D18/><AGARI ba="0,0" hai="15,18,22,33,35,54,59,62,85,86,88,90,93,94" machi="18" ten="40,7700,0" yaku="9,1,52,1,54,1" doraHai="57" who="3" fromWho="0" sc="199,-77,159,0,242,0,400,77" /><INIT seed="3,1,0,2,2,90" ten="122,159,242,477" oya="3" hai0="79,56,130,101,110,116,131,122,88,32,9,80,69" hai1="44,106,43,1,22,18,112,93,38,87,109,118,78" hai2="52,124,71,25,26,100,103,62,14,3,92,27,10" hai3="76,128,134,114,57,123,77,51,115,41,117,66,4"/><W50/><G123/><T55/><D69/><U94/><E106/><V20/><F3/><W21/><G117/><T108/><D32/><U16/><E112/><V135/><F124/><W67/><G21/><T68/><D68/><U39/><E39/><V17/><F135/><W2/><G134/><T29/><D29/><U6/><E118/><V125/><F125/><W83/><G83/><T95/><D101/><U0/><E109/><N who="0" m="42089" /><D9/><U45/><E45/><V11/><F71/><W8/><G128/><N who="0" m="49195" /><D116/><U91/><E78/><V89/><F103/><W113/><G41/><T23/><D23/><U127/><E127/><V28/><F100/><W104/><G104/><T31/><D31/><U15/><E6/><V102/><F102/><W119/><G119/><T81/><D79/><U133/><E133/><V107/><F107/><W61/><G67/><T54/><D122/><U13/><REACH who="1" step="1"/><E94/><REACH who="1" ten="122,149,242,477" step="2"/><V121/><F121/><W120/><G120/><T33/><D33/><U34/><E34/><V99/><F28/><W46/><G77/><T72/><D72/><U49/><E49/><V42/><F92/><W97/><G76/><T19/><D19/><U65/><E65/><V59/><F17/><W86/><G51/><N who="0" m="30815" /><D55/><U37/><E37/><V30/><F52/><W12/><G114/><T75/><D75/><U129/><E129/><V111/><F111/><W126/><G126/><T36/><D36/><U24/><E24/><V105/><F30/><W73/><G73/><T64/><D64/><U40/><E40/><V70/><F42/><W7/><G115/><T47/><D47/><U63/><E63/><RYUUKYOKU ba="1,1" sc="122,15,149,15,242,-15,477,-15" hai0="80,81,88,95" hai1="0,1,13,15,16,18,22,38,43,44,87,91,93" /><INIT seed="4,2,1,2,4,114" ten="137,164,227,462" oya="0" hai0="116,133,118,88,40,2,91,15,49,16,22,128,57" hai1="20,30,122,0,76,90,23,82,37,1,35,48,70" hai2="119,89,83,110,34,77,39,123,4,131,115,33,14" hai3="21,67,5,74,80,104,45,68,41,58,111,10,121"/><T132/><D2/><U95/><E37/><V92/><F123/><W127/><G121/><T129/><D40/><U108/><E108/><V113/><F110/><W32/><G32/><T106/><D106/><U69/><E35/><V63/><F39/><N who="3" m="21695" /><G127/><T107/><D107/><U17/><E122/><V105/><F105/><W66/><G68/><T28/><D28/><U72/><E70/><V55/><F131/><N who="0" m="50250" /><D49/><U73/><E73/><V43/><F4/><W26/><G104/><T6/><D57/><U101/><E101/><V27/><F43/><W120/><G58/><T94/><D6/><U52/><E69/><V71/><F71/><W50/><G50/><T93/><D94/><U85/><E23/><V87/><F83/><W44/><G44/><T75/><D75/><U81/><E30/><V78/><F92/><W36/><G36/><T98/><D91/><U125/><E125/><V47/><F89/><W56/><G56/><T12/><D15/><U9/><E82/><V11/><F14/><W134/><G120/><T109/><D109/><U18/><E1/><V51/><F51/><W61/><G111/><T24/><D12/><N who="1" m="7311" /><E0/><V65/><F47/><W31/><G61/><T126/><D126/><U59/><E72/><V102/><F63/><W117/><G74/><T96/><D98/><U13/><E95/><V3/><F3/><W99/><G80/><T38/><D38/><U103/><E103/><V112/><F102/><W62/><G99/><T42/><D42/><U124/><E124/><V19/><F112/><W130/><G130/><T54/><D54/><U84/><E90/><RYUUKYOKU ba="2,1" sc="137,15,164,15,227,-15,462,-15" hai0="16,22,24,88,93,96,116,118,132,133" hai1="13,18,20,48,52,59,76,81,84,85" /><INIT seed="4,3,1,0,0,27" ten="152,179,212,447" oya="0" hai0="68,95,54,23,11,40,98,117,59,1,29,45,128" hai1="89,38,86,41,85,104,94,81,67,118,56,135,131" hai2="82,120,0,32,93,112,30,130,3,126,83,105,111" hai3="53,42,7,60,96,22,2,65,37,70,64,109,39"/><T63/><D117/><U113/><E104/><V57/><F120/><W8/><G109/><T124/><D128/><U78/><E118/><V20/><F111/><W49/><G96/><T58/><D124/><U73/><E131/><V122/><F105/><W100/><G100/><T116/><D116/><U48/><E135/><V43/><F122/><W55/><G55/><T101/><D68/><U21/><E113/><V87/><F130/><W91/><G91/><T28/><D23/><U80/><E38/><V103/><F126/><W31/><G65/><T110/><D110/><U16/><E41/><V84/><F112/><W72/><G72/><T18/><D59/><U36/><E36/><V44/><F57/><W19/><G31/><T119/><D119/><U74/><E80/><V92/><F103/><W90/><G90/><T12/><REACH who="0" step="1"/><D1/><REACH who="0" ten="142,179,212,447" step="2"/><U79/><E79/><V108/><F0/><W26/><G42/><T127/><D127/><U34/><E34/><V52/><F3/><W9/><G9/><T4/><D4/><U115/><E115/><V132/><F32/><W14/><G2/><T106/><D106/><U75/><E67/><V114/><F43/><W61/><G61/><T71/><D71/><U134/><E134/><V66/><F132/><W35/><G35/><T10/><D10/><U62/><E62/><V107/><F107/><W13/><G8/><T97/><D97/><U6/><E6/><V51/><F66/><W17/><G7/><T102/><D102/><U69/><E69/><V129/><F108/><W46/><G19/><T133/><D133/><U77/><E16/><RYUUKYOKU ba="3,2" sc="142,15,179,-15,212,-15,447,15" hai0="11,12,18,28,29,40,45,54,58,63,95,98,101" hai3="13,14,17,22,26,37,39,46,49,53,60,64,70" /><INIT seed="4,4,2,5,2,36" ten="157,164,197,462" oya="0" hai0="95,4,133,114,104,129,11,1,19,22,49,112,9" hai1="67,38,86,18,116,100,61,71,68,57,121,131,120" hai2="135,13,134,20,119,16,80,132,84,96,53,14,32" hai3="21,6,125,108,75,63,8,3,23,45,10,15,44"/><T12/><D104/><U24/><E116/><V55/><F32/><W123/><G108/><T87/><D95/><U72/><E72/><V54/><F119/><W98/><G75/><T66/><D66/><U5/><E5/><V17/><F96/><W47/><G125/><T73/><D73/><U88/><E131/><V40/><F40/><W43/><G123/><T117/><D49/><U127/><E127/><V101/><F101/><W65/><G98/><T42/><D87/><U52/><E100/><V107/><F107/><W74/><G74/><T64/><D64/><U93/><E38/><V37/><F37/><W30/><G30/><T51/><D117/><U85/><E86/><V56/><F56/><W128/><G128/><T92/><D92/><U99/><E85/><V130/><F130/><W90/><G90/><T105/><D105/><U59/><E59/><V110/><F110/><W29/><G29/><T34/><D34/><U126/><E126/><V48/><F48/><W83/><G83/><T82/><D82/><U35/><E35/><V62/><F62/><W91/><G91/><T0/><D129/><U50/><REACH who="1" step="1"/><E71/><REACH who="1" ten="157,154,197,462" step="2"/><V124/><F124/><W58/><G47/><N who="0" m="26103" /><D133/><U77/><E77/><N who="2" m="46095" /><F55/><W69/><G45/><T94/><D4/><U89/><E89/><V111/><F111/><W31/><G69/><T7/><D7/><U39/><E39/><V102/><F102/><W70/><G70/><T26/><D0/><U106/><E106/><V115/><F115/><N who="0" m="44074" /><D1/><U41/><E41/><V33/><F33/><W81/><G81/><T109/><D109/><U2/><E2/><RYUUKYOKU ba="4,3" sc="157,-15,154,15,197,15,462,-15" hai1="18,24,50,52,57,61,67,68,88,93,99,120,121" hai2="13,14,16,17,20,53,54,132,134,135" /><INIT seed="5,5,3,1,1,106" ten="142,169,212,447" oya="1" hai0="48,36,0,5,83,109,84,85,49,77,3,81,87" hai1="25,19,68,62,28,37,43,107,96,34,104,61,91" hai2="111,101,8,4,80,90,102,41,15,54,46,86,2" hai3="116,59,121,132,9,1,40,117,98,44,27,128,95"/><U30/><E30/><V24/><F111/><W124/><G121/><T52/><D109/><U16/><E62/><V58/><F2/><W12/><G1/><T51/><D36/><U33/><E33/><V56/><F24/><W130/><G124/><T13/><D13/><U100/><E107/><V82/><F82/><W64/><G27/><T53/><D5/><U50/><E37/><V18/><F4/><N who="3" m="3111" /><G132/><T42/><D42/><U65/><E91/><V11/><F11/><W118/><G59/><N who="2" m="22569" /><F41/><W23/><G64/><T21/><D21/><U88/><E88/><V7/><F7/><W94/><G23/><T114/><D114/><U108/><E108/><V6/><F6/><W133/><G133/><T93/><D93/><N who="3" m="35337" /><G98/><T67/><D67/><U103/><E103/><V26/><F26/><W66/><G66/><T105/><D105/><U120/><E120/><V110/><F110/><W38/><AGARI ba="5,3" hai="38,40,44,116,117,118,128,130" m="35337,3111" machi="38" ten="40,1500,0" yaku="12,1" doraHai="106" who="3" fromWho="3" sc="142,-9,169,-12,212,-9,447,60" /><INIT seed="6,0,0,0,1,55" ten="133,157,203,507" oya="2" hai0="122,9,13,75,20,133,14,103,40,98,113,89,120" hai1="90,11,38,87,86,124,132,73,50,92,51,57,33" hai2="54,74,112,102,101,23,64,44,131,116,111,10,66" hai3="29,58,128,34,107,78,93,62,61,118,77,53,129"/><V123/><F116/><W72/><G107/><T82/><D113/><U125/><E38/><V68/><F123/><W71/><G118/><T52/><D40/><U115/><E73/><V95/><F74/><W80/><G78/><T39/><D39/><U91/><E33/><V69/><F112/><W46/><G46/><T36/><D36/><U49/><E115/><V43/><F43/><W16/><G93/><T114/><D114/><U35/><E35/><V96/><F102/><W59/><G71/><T37/><D37/><U65/><E11/><V6/><F69/><W8/><G29/><T104/><D133/><U25/><E25/><V41/><F41/><W67/><REACH who="3" step="1"/><G34/><REACH who="3" ten="133,157,203,497" step="2"/><T4/><D122/><U2/><E132/><V7/><F68/><W119/><G119/><T100/><D120/><U48/><N who="1" m="12288" /><DORA hai="24" /><U32/><E32/><V45/><F44/><W85/><G85/><T83/><D75/><U121/><E121/><V63/><F45/><W56/><G56/><T127/><D104/><U60/><REACH who="1" step="1"/><E2/><REACH who="1" ten="133,147,203,497" step="2"/><V88/><F111/><W81/><G81/><AGARI ba="0,2" hai="57,60,65,81,86,87,90,91,92,124,125" m="12288" machi="81" ten="50,6400,0" yaku="1,1,2,1,52,1,53,0" doraHai="55,24" doraHaiUra="18,94" who="1" fromWho="3" sc="133,0,147,84,203,0,497,-64" /><INIT seed="7,0,0,0,3,53" ten="133,231,203,433" oya="3" hai0="124,104,122,116,85,43,102,24,70,22,119,120,109" hai1="126,132,135,86,91,77,106,117,80,38,52,9,113" hai2="46,50,84,63,55,95,64,6,7,15,110,89,42" hai3="16,121,73,81,114,94,27,127,71,56,48,131,100"/><W19/><G71/><T60/><D109/><U76/><E38/><V21/><F110/><W88/><G121/><T25/><D25/><U97/><E113/><V44/><F21/><W107/><G107/><T34/><D124/><U79/><E126/><V90/><F15/><W130/><G127/><T69/><D85/><U26/><E117/><V3/><F90/><W39/><G39/><T0/><D22/><U123/><E123/><V40/><F3/><W12/><G114/><T30/><D70/><U66/><E66/><V45/><F55/><N who="3" m="31847" /><G27/><T125/><D125/><U128/><E128/><N who="3" m="49194" /><G100/><T82/><D122/><U36/><E26/><V101/><F101/><W54/><G54/><T13/><D120/><U108/><E36/><V61/><F45/><W83/><G73/><T67/><D43/><U35/><E52/><V75/><F75/><W28/><G28/><T10/><D82/><N who="3" m="31241" /><G12/><T5/><D13/><U78/><E35/><V99/><F84/><AGARI ba="0,0" hai="16,19,84,88,94" m="31241,49194,31847" machi="84" ten="30,11600,0" yaku="19,1,52,1,54,2" doraHai="53" who="3" fromWho="2" sc="133,0,231,0,203,-116,433,116" owari="133,-27.0,231,3.0,87,-41.0,549,65.0" /></mjloggm>