<mjloggm ver="2.3"><GO type="225" lobby="0"/><UN n0="%48%65%61%72%E2%80%A0%73%31%38" n1="%E8%B5%A4%E8%A3%8F%E3%83%9B%E3%82%B7%E3%83%BC%E3%83%8E" n2="%48%69%74%6C%65%72" n3="%E5%B0%B1%E6%B4%BB%E7%94%9F%40%E5%B7%9D%E6%9D%91%E8%BB%8D%E5%9B%A3" dan="16,16,17,17" rate="2161.06,2158.55,2216.04,2187.56" sx="F,M,M,M"/><TAIKYOKU oya="0"/><INIT seed="0,0,0,2,2,119" ten="250,250,250,250" oya="0" hai0="12,127,4,91,46,125,60,85,89,35,32,98,99" hai1="41,29,83,61,45,0,26,56,23,21,22,100,40" hai2="129,77,66,70,90,120,64,13,87,65,55,30,48" hai3="67,92,47,128,6,113,14,50,63,131,10,42,118"/><T68/><D46/><U103/><E0/><V72/><F70/><W107/><G118/><T24/><D99/><U17/><E83/><N who="2" m="47599" /><F120/><W53/><G107/><T74/><D98/><U7/><E7/><V79/><F72/><W133/><G113/><T124/><D74/><U69/><E69/><V82/><F129/><W9/><G133/><T101/><D101/><U104/><E104/><V76/><F30/><W132/><G132/><T15/><D24/><U62/><E62/><V18/><F90/><N who="0" m="34314" /><D85/><U19/><E41/><V115/><F82/><W81/><G81/><T34/><D4/><U110/><E110/><V71/><F71/><W86/><G86/><T38/><D38/><U1/><E1/><V31/><F31/><W27/><G92/><T36/><D36/><U25/><E23/><N who="2" m="11727" /><F115/><W80/><G80/><T44/><D44/><AGARI ba="0,0" hai="44,48,55,64,65,66,76,79" m="11727,47599" machi="44" ten="30,1000,0" yaku="8,1" doraHai="119" who="2" fromWho="0" sc="250,-10,250,0,250,10,250,0" /><INIT seed="1,0,0,0,1,58" ten="240,250,260,250" oya="1" hai0="7,5,78,15,134,80,130,119,102,35,129,108,62" hai1="55,86,25,51,1,103,24,48,90,127,117,23,81" hai2="9,38,43,0,82,77,36,104,47,93,121,4,18" hai3="70,73,118,113,106,135,98,67,32,92,26,14,10"/><U21/><E1/><V42/><F104/><W8/><G106/><T56/><D119/><U101/><E117/><V71/><F71/><W16/><G113/><T37/><D102/><U79/><E127/><V28/><F121/><W60/><G73/><T6/><D108/><U84/><E51/><V123/><F123/><W99/><G118/><T34/><D15/><U53/><E53/><V85/><F28/><W33/><G135/><T65/><D37/><U122/><E122/><V13/><F93/><W83/><G83/><T75/><REACH who="0" step="1"/><D134/><REACH who="0" ten="230,250,260,250" step="2"/><U97/><E103/><V133/><F133/><W39/><G39/><T2/><D2/><U88/><E25/><V30/><F0/><W27/><G27/><T66/><D66/><U115/><E24/><V87/><F38/><W63/><G26/><T120/><D120/><U57/><E115/><V54/><F30/><W126/><G126/><T22/><D22/><U94/><REACH who="1" step="1"/><E79/><REACH who="1" ten="230,240,260,250" step="2"/><V12/><F36/><W29/><G29/><T111/><D111/><U45/><E45/><V114/><F47/><W61/><G33/><AGARI ba="0,2" hai="5,6,7,33,34,35,56,62,65,75,78,80,129,130" machi="33" ten="40,2600,0" yaku="1,1,52,1,53,0" doraHai="58" doraHaiUra="68" who="0" fromWho="3" sc="230,46,240,0,260,0,250,-26" /><INIT seed="2,0,0,0,1,49" ten="276,240,260,224" oya="2" hai0="102,33,22,119,85,4,12,57,25,32,35,55,0" hai1="45,40,131,34,9,41,134,118,133,76,31,98,115" hai2="51,124,71,2,79,112,60,66,62,96,100,65,29" hai3="109,15,127,1,94,97,74,68,72,70,24,63,26"/><V108/><F112/><W125/><G1/><T44/><D0/><U126/><E115/><V95/><F2/><W121/><G121/><T64/><D102/><U17/><E118/><V86/><F124/><N who="3" m="47691" /><G15/><T18/><D64/><U37/><E126/><V123/><F123/><W16/><G109/><T87/><D44/><U84/><E131/><V129/><F129/><W110/><G110/><T36/><D36/><U61/><E40/><V104/><F108/><W27/><G63/><N who="2" m="24105" /><F104/><W81/><G16/><T10/><REACH who="0" step="1"/><D119/><REACH who="0" ten="266,240,260,224" step="2"/><U135/><E37/><V117/><F117/><W58/><G58/><T101/><D101/><U106/><E45/><V90/><F71/><N who="3" m="27179" /><G81/><T11/><D11/><U73/><E9/><V130/><F130/><W54/><G54/><T88/><D88/><AGARI ba="0,1" hai="24,26,27,72,74,88,94,97" m="27179,47691" machi="88" ten="40,2600,0" yaku="18,1,54,1" doraHai="49" who="3" fromWho="0" sc="266,-26,240,0,260,0,224,36" /><INIT seed="3,0,0,0,1,108" ten="240,240,260,260" oya="3" hai0="117,77,100,132,39,36,116,134,64,25,128,123,37" hai1="17,115,50,30,15,7,38,129,95,33,86,55,80" hai2="26,48,101,56,85,114,83,60,46,42,31,1,76" hai3="63,12,96,73,62,93,16,43,122,112,94,109,68"/><W19/><G122/><T22/><D77/><U44/><E38/><V104/><F114/><W111/><G112/><T89/><D123/><U9/><E129/><V58/><F1/><W98/><G73/><T11/><D128/><U90/><E115/><V82/><F60/><N who="3" m="23083" /><G43/><T27/><D64/><U24/><REACH who="1" step="1"/><E95/><REACH who="1" ten="240,230,260,260" step="2"/><N who="3" m="36362" /><G68/><T87/><D117/><U71/><E71/><V103/><F83/><W32/><G32/><T61/><D116/><U2/><E2/><V65/><F104/><W47/><G47/><T10/><D39/><U4/><AGARI ba="0,1" hai="4,7,9,15,17,24,30,33,44,50,55,80,86,90" machi="4" ten="30,7900,0" yaku="1,1,0,1,25,2,53,0" doraHai="108" doraHaiUra="97" who="1" fromWho="1" sc="240,-20,230,89,260,-20,260,-39" owari="220,-28.0,319,42.0,240,4.0,221,-18.0" /></mjloggm>