<mjloggm ver="2.3"><GO type="169" lobby="0"/><UN n0="%E7%B7%92%E6%96%B9%E6%99%BA%E7%B5%B5%E9%87%8C%2B" n1="%E3%81%AB%E3%81%92%E3%81%9F%E3%83%89%E3%83%AC%E3%82%A4" n2="%E5%B0%B1%E6%B4%BB%E7%94%9F%40%E5%B7%9D%E6%9D%91%E8%BB%8D%E5%9B%A3" n3="%E3%83%A6%E3%83%AA%E3%82%A2" dan="19,16,16,16" rate="2232.70,2172.39,2122.59,2119.16" sx="M,M,M,F"/><TAIKYOKU oya="0"/><INIT seed="0,0,0,3,2,93" ten="250,250,250,250" oya="0" hai0="39,106,78,18,102,7,8,95,133,35,29,10,118" hai1="22,100,96,27,113,48,115,119,64,9,111,11,32" hai2="74,49,110,68,123,63,42,97,83,13,91,38,112" hai3="81,131,76,43,2,88,28,87,134,135,59,94,25"/><T70/><D118/><U122/><E119/><V36/><F123/><W3/><G131/><T33/><D133/><N who="3" m="50697" /><G43/><T127/><D127/><U61/><E48/><V53/><F112/><N who="1" m="43081" /><E122/><V105/><F110/><W54/><G59/><T80/><D39/><U116/><E32/><V46/><F74/><N who="3" m="43159" /><G54/><T19/><D106/><N who="1" m="63751" /><E111/><V45/><F83/><W51/><G51/><T121/><D121/><U56/><E116/><V4/><F68/><W90/><G90/><T82/><D82/><U30/><AGARI ba="0,0" hai="9,11,22,27,30,56,61,64" m="63751,43081" machi="30" ten="30,2000,0" yaku="11,1,52,1" doraHai="93" who="1" fromWho="1" sc="250,-10,250,20,250,-5,250,-5" /><INIT seed="1,0,0,5,5,77" ten="240,270,245,245" oya="1" hai0="57,51,10,128,41,45,56,35,19,5,94,73,55" hai1="11,32,70,71,3,113,68,60,62,38,135,6,90" hai2="127,46,28,12,123,21,15,78,93,129,0,17,131" hai3="124,106,130,121,119,98,13,126,107,59,43,54,36"/><U99/><E113/><V50/><F123/><W22/><G121/><T31/><D128/><N who="2" m="49226" /><F0/><W53/><G130/><T61/><D73/><U114/><E114/><V97/><F78/><W96/><G36/><T44/><D35/><U20/><E135/><V103/><F127/><W39/><G39/><T88/><D31/><U72/><E32/><V23/><F28/><W63/><G43/><T133/><D19/><U25/><E38/><V81/><F81/><W108/><G108/><T76/><D76/><U16/><REACH who="1" step="1"/><E72/><REACH who="1" ten="240,260,245,245" step="2"/><V75/><F75/><W85/><G126/><T48/><D133/><U49/><E49/><V100/><F100/><W42/><G124/><T84/><REACH who="0" step="1"/><D61/><REACH who="0" ten="230,260,245,245" step="2"/><U102/><E102/><V64/><F103/><W52/><G63/><T95/><D95/><AGARI ba="0,2" hai="3,6,11,16,20,25,60,62,68,70,71,90,95,99" machi="95" ten="40,7700,0" yaku="1,1,54,1,53,1" doraHai="77" doraHaiUra="92" who="1" fromWho="0" sc="230,-77,260,97,245,0,245,0" /><INIT seed="1,1,0,2,5,37" ten="153,357,245,245" oya="1" hai0="54,15,48,113,107,30,78,99,111,41,59,100,128" hai1="46,3,61,23,50,1,81,68,60,55,115,40,75" hai2="45,43,112,9,89,33,91,90,93,130,57,38,86" hai3="85,80,66,105,24,96,102,71,11,104,73,77,18"/><U5/><E115/><V72/><F112/><W65/><G71/><T62/><D113/><U17/><E68/><V125/><F33/><W116/><G105/><T25/><D128/><U67/><E67/><V64/><F130/><W129/><G129/><T74/><D111/><U134/><E134/><V63/><F125/><W132/><G132/><T127/><D127/><U52/><E61/><V82/><F72/><W10/><G24/><T31/><D74/><U106/><E106/><V58/><F58/><W56/><G116/><T49/><D78/><U6/><E1/><V79/><REACH who="2" step="1"/><F9/><REACH who="2" ten="153,357,235,245" step="2"/><W121/><G56/><T122/><D122/><U53/><E75/><V83/><F83/><W0/><G121/><T88/><D62/><U108/><E108/><V103/><F103/><W117/><G11/><T92/><D25/><N who="1" m="14575" /><E3/><V135/><F135/><W47/><G0/><T13/><D13/><U101/><E101/><V44/><F44/><W22/><G47/><T19/><D100/><U26/><E60/><V14/><F14/><W110/><G10/><T114/><D114/><U8/><E8/><V7/><F7/><N who="1" m="2569" /><E81/><V34/><F34/><W20/><G110/><T131/><D131/><U126/><E126/><V21/><F21/><W133/><G20/><T2/><D2/><U120/><E120/><V70/><F70/><W119/><G133/><T32/><D32/><U109/><E109/><V36/><F36/><W98/><G119/><T35/><D35/><U39/><E39/><V4/><F4/><W118/><G118/><T94/><D15/><U51/><E26/><V87/><AGARI ba="1,1" hai="38,43,45,57,63,64,79,82,86,87,89,90,91,93" machi="87" ten="20,8000,1" yaku="1,1,5,1,0,1,7,1,52,1,53,0" doraHai="37" doraHaiUra="16" who="2" fromWho="2" sc="153,-21,357,-41,235,93,245,-21" /><INIT seed="2,0,0,2,3,112" ten="132,316,328,224" oya="2" hai0="53,135,2,98,5,15,62,10,55,67,92,84,71" hai1="1,57,133,85,95,94,34,27,56,121,58,25,19" hai2="64,23,110,127,101,8,97,125,102,108,41,93,104" hai3="83,99,70,52,87,107,89,61,51,129,118,66,20"/><V21/><F41/><W18/><G129/><T103/><D135/><U68/><E133/><V36/><F36/><W47/><G107/><T77/><D2/><U126/><E126/><N who="2" m="48139" /><F64/><W40/><G99/><T13/><D77/><U22/><E121/><V69/><F69/><W33/><G33/><T4/><REACH who="0" step="1"/><D84/><REACH who="0" ten="122,316,328,224" step="2"/><U79/><E1/><V60/><F108/><W134/><G134/><T37/><D37/><U73/><E73/><V59/><F110/><W88/><G89/><T86/><D86/><U120/><E79/><V65/><F8/><AGARI ba="0,1" hai="4,5,8,10,13,15,53,55,62,67,71,92,98,103" machi="8" ten="40,2600,0" yaku="1,1,9,1,53,0" doraHai="112" doraHaiUra="14" who="0" fromWho="2" sc="122,36,316,0,328,-26,224,0" /><INIT seed="3,0,0,2,2,84" ten="158,316,302,224" oya="3" hai0="54,48,122,111,75,30,35,118,51,65,26,127,41" hai1="82,112,36,98,53,132,106,14,69,44,57,17,103" hai2="101,119,72,18,134,24,19,108,40,128,37,7,0" hai3="8,38,29,2,56,81,99,55,102,131,50,80,85"/><W86/><G131/><T87/><D122/><U125/><E112/><V90/><F72/><W71/><G38/><T91/><D118/><U107/><E69/><V115/><F101/><W62/><G29/><T52/><D75/><U133/><E125/><V104/><F104/><W74/><G74/><T116/><D116/><U97/><E82/><V120/><F40/><W32/><G32/><T73/><D73/><U96/><E44/><V43/><F43/><W77/><G2/><T109/><D127/><U42/><E42/><V93/><F37/><W20/><G8/><T76/><D76/><U130/><E36/><V5/><F0/><W16/><G71/><T79/><D79/><U39/><E39/><V117/><F24/><W33/><G33/><T83/><D65/><U123/><E123/><V129/><F93/><W15/><G81/><T89/><D41/><U45/><E45/><V95/><F95/><W100/><G86/><N who="0" m="50399" /><D48/><N who="1" m="30887" /><E107/><V13/><F13/><W9/><G99/><T114/><D51/><U12/><E12/><V61/><F115/><W25/><REACH who="3" step="1"/><G50/><REACH who="3" ten="158,316,302,214" step="2"/><T92/><D114/><U121/><E130/><V78/><F128/><W11/><G11/><T63/><D63/><U64/><E121/><V27/><F61/><W46/><G46/><T124/><D124/><U34/><E34/><V59/><F129/><W113/><G113/><T126/><D126/><U49/><E49/><V21/><F120/><W68/><G68/><T10/><D10/><U67/><E98/><V6/><F119/><W31/><AGARI ba="0,1" hai="9,15,16,20,25,31,55,56,62,77,80,85,100,102" machi="31" ten="20,12000,1" yaku="1,1,0,1,7,1,8,1,54,1,53,0" doraHai="84" doraHaiUra="28" who="3" fromWho="3" sc="158,-40,316,-40,302,-40,214,130" /><INIT seed="3,1,0,1,3,78" ten="118,276,262,344" oya="3" hai0="107,41,0,129,19,121,115,63,125,131,49,22,74" hai1="57,117,73,71,133,4,120,79,58,2,99,34,72" hai2="64,92,52,31,11,124,132,70,16,59,6,55,48" hai3="126,135,9,97,123,38,102,65,40,87,94,134,26"/><W51/><G123/><T80/><D121/><U88/><E120/><V113/><F113/><W21/><G38/><T96/><D0/><U68/><E34/><V119/><F119/><W82/><G65/><T37/><D37/><U108/><E117/><V90/><F124/><W50/><G126/><T122/><D122/><U12/><E2/><V24/><F132/><N who="3" m="50731" /><G9/><T62/><D125/><U128/><E133/><V116/><F116/><W105/><G105/><T33/><D33/><U1/><E1/><V56/><F70/><W101/><G101/><T15/><D115/><U10/><E128/><V91/><F64/><W53/><G53/><T54/><D41/><U106/><E106/><V114/><F114/><W39/><G39/><T44/><D107/><U3/><E3/><V61/><F6/><W42/><G42/><T110/><D110/><U14/><E108/><V17/><F11/><W27/><G27/><T13/><D96/><U130/><E130/><N who="0" m="49673" /><D13/><U47/><E14/><V35/><REACH who="2" step="1"/><F91/><REACH who="2" ten="118,276,252,344" step="2"/><N who="3" m="51703" /><G40/><T95/><D95/><U46/><E71/><V20/><F20/><W100/><G100/><T112/><D112/><U81/><E68/><V127/><F127/><W85/><G85/><AGARI ba="1,1" hai="16,17,24,31,35,48,52,55,56,59,61,85,90,92" machi="85" ten="30,7700,0" yaku="1,1,7,1,54,2,53,0" doraHai="78" doraHaiUra="109" who="2" fromWho="3" sc="118,0,276,0,252,90,344,-80" /><INIT seed="4,0,0,5,2,108" ten="118,276,342,264" oya="0" hai0="104,25,52,55,37,56,94,121,18,68,77,112,116" hai1="135,7,28,132,66,88,130,90,22,79,51,82,81" hai2="39,43,12,48,32,109,17,75,92,113,126,5,46" hai3="60,19,45,54,31,42,69,131,86,102,33,2,127"/><T64/><D121/><U91/><E130/><V84/><F32/><W59/><G2/><T23/><D116/><U6/><E66/><V15/><F75/><W20/><G131/><T36/><D104/><U72/><E51/><V128/><F109/><W83/><G127/><T85/><D68/><U97/><E97/><V96/><F126/><W74/><G74/><T119/><D119/><U106/><E106/><V105/><F105/><W63/><G102/><T110/><D110/><U103/><E103/><V120/><F120/><W98/><G98/><T44/><D112/><U134/><E82/><V76/><F113/><W10/><G10/><T114/><D114/><U11/><E11/><V107/><F107/><W111/><G111/><T99/><D64/><U89/><N who="1" m="22528" /><DORA hai="65" /><U1/><REACH who="1" step="1"/><E1/><REACH who="1" ten="118,266,342,264" step="2"/><V21/><F96/><W41/><G83/><T61/><D99/><U26/><AGARI ba="0,1" hai="6,7,22,26,28,72,79,81,132,134,135" m="22528" machi="26" ten="50,8000,1" yaku="1,1,2,1,0,1,20,1,54,1,53,0" doraHai="108,65" doraHaiUra="95,40" who="1" fromWho="1" sc="118,-40,266,90,342,-20,264,-20" /><INIT seed="5,0,0,4,2,67" ten="78,356,322,244" oya="1" hai0="34,53,84,95,126,59,96,135,20,40,30,57,86" hai1="8,132,76,94,27,62,29,13,90,49,79,31,110" hai2="116,56,99,104,17,97,121,75,2,23,109,112,113" hai3="72,5,1,107,77,50,47,16,103,35,42,91,102"/><U37/><E37/><V74/><F109/><W39/><G35/><T66/><D126/><U130/><E110/><V119/><F2/><W36/><G107/><T14/><D34/><U3/><E3/><V125/><F125/><W18/><G39/><T68/><D40/><U22/><E132/><V61/><F121/><W69/><G91/><T100/><D135/><U45/><E31/><V83/><F83/><W21/><G50/><T80/><D68/><U73/><E73/><V134/><F134/><W44/><G44/><T78/><D84/><U11/><E62/><V87/><F87/><W114/><G18/><T133/><D133/><U46/><E46/><V41/><F41/><W81/><G114/><N who="2" m="44137" /><F75/><W4/><G4/><T92/><D92/><U128/><E76/><V43/><F43/><W131/><G131/><N who="1" m="50218" /><E79/><V106/><F74/><W52/><G52/><T89/><D66/><U64/><E64/><N who="2" m="38951" /><F104/><W85/><G69/><T122/><D122/><U93/><E93/><V55/><F55/><W32/><G32/><T38/><D38/><U82/><E82/><V15/><F106/><W70/><G70/><T88/><D57/><U33/><E45/><V101/><F101/><W60/><G60/><T28/><D28/><U115/><E49/><V12/><F15/><W120/><G85/><T71/><D71/><U63/><E63/><V6/><F6/><W127/><G127/><T123/><D123/><U108/><E108/><V26/><F12/><N who="3" m="9351" /><G120/><T9/><D59/><U7/><E115/><V117/><AGARI ba="0,0" hai="17,23,26,97,99,116,117,119" m="38951,44137" machi="117" ten="40,2700,0" yaku="15,1,11,1" doraHai="67" who="2" fromWho="2" sc="78,-7,356,-13,322,27,244,-7" /><INIT seed="6,0,0,4,0,133" ten="71,343,349,237" oya="2" hai0="15,2,86,97,10,29,47,84,14,80,32,85,76" hai1="99,106,23,60,36,42,131,107,92,119,109,34,44" hai2="33,25,123,4,134,28,102,108,13,62,8,39,83" hai3="112,73,82,56,125,69,31,38,70,0,110,30,93"/><V103/><F39/><W46/><G110/><T64/><D2/><U135/><E109/><V129/><F123/><W9/><G93/><T128/><D128/><U49/><E119/><V58/><F108/><W6/><G56/><T53/><D32/><U116/><E116/><V79/><F129/><W130/><G130/><T18/><D29/><U71/><E131/><V5/><F5/><W54/><G54/><T101/><D64/><U87/><E34/><V124/><F124/><W89/><G89/><T43/><D101/><U120/><E135/><V48/><F48/><W35/><G112/><T50/><D97/><U57/><E120/><V3/><F3/><W41/><G31/><T77/><D77/><U90/><E23/><V26/><F26/><N who="3" m="18903" /><G125/><T75/><D75/><U45/><E99/><V121/><F121/><W65/><G65/><T1/><D1/><U19/><E19/><V126/><F126/><W27/><G27/><T115/><D115/><U17/><E17/><V118/><F118/><W37/><G38/><T98/><D98/><U22/><E22/><V52/><REACH who="2" step="1"/><F134/><REACH who="2" ten="71,343,339,237" step="2"/><W20/><G0/><T7/><REACH who="0" step="1"/><D53/><REACH who="0" ten="61,343,339,237" step="2"/><U114/><E114/><V88/><F88/><W21/><G73/><AGARI ba="0,2" hai="4,8,13,25,28,33,52,58,62,73,79,83,102,103" machi="73" ten="30,5800,0" yaku="1,1,7,1,54,1,53,0" doraHai="133" doraHaiUra="67" who="2" fromWho="3" sc="61,0,343,0,339,78,237,-58" /><INIT seed="6,1,0,2,5,43" ten="61,343,417,179" oya="2" hai0="86,87,53,79,55,22,128,113,3,132,96,60,68" hai1="15,90,84,29,131,75,121,1,32,26,2,69,52" hai2="18,0,95,107,31,119,104,17,77,11,8,102,122" hai3="101,23,44,28,25,70,65,13,6,123,93,134,133"/><V58/><F122/><W57/><G123/><T61/><D3/><U105/><E75/><V7/><F77/><W109/><G70/><T46/><D132/><N who="3" m="50793" /><G109/><T110/><D110/><U33/><E105/><V89/><F119/><W125/><G125/><T14/><D128/><U135/><E69/><V49/><F31/><W116/><G116/><T127/><D127/><U9/><E121/><V45/><F58/><W37/><G6/><T19/><D113/><U48/><E33/><V117/><F117/><W34/><G13/><T21/><D96/><U76/><E76/><V88/><F89/><W103/><G34/><T39/><D39/><U71/><E71/><V91/><F91/><W106/><G106/><T4/><D4/><U94/><E131/><V85/><F104/><W24/><G24/><T73/><D73/><U129/><E129/><V56/><F56/><W115/><G115/><T82/><D68/><U10/><E135/><V114/><F114/><W30/><G30/><T20/><D86/><U108/><E108/><V54/><REACH who="2" step="1"/><F8/><REACH who="2" ten="61,343,407,179" step="2"/><W27/><G57/><T78/><D78/><U98/><E9/><V50/><F50/><W83/><G28/><T47/><D61/><U124/><E124/><V59/><F59/><W100/><G100/><T63/><D60/><U66/><E66/><V16/><F16/><W5/><G65/><T41/><D63/><U62/><E62/><V118/><F118/><W112/><G101/><T51/><REACH who="0" step="1"/><D47/><REACH who="0" ten="51,343,407,179" step="2"/><N who="1" m="27679" /><E98/><AGARI ba="1,2" hai="0,7,11,17,18,45,49,54,85,88,95,98,102,107" machi="98" ten="40,7700,0" yaku="1,1,52,1,54,1,53,0" doraHai="43" doraHaiUra="38" who="2" fromWho="1" sc="51,0,343,-80,407,100,179,0" /><INIT seed="6,2,0,4,0,36" ten="51,263,507,179" oya="2" hai0="83,70,11,42,107,69,61,77,112,124,80,43,115" hai1="44,96,1,54,27,60,82,67,76,89,93,125,86" hai2="127,18,84,53,103,62,0,101,110,34,87,63,50" hai3="94,39,117,119,71,17,106,19,102,92,4,95,41"/><V48/><F34/><W120/><G120/><T35/><D35/><U121/><E125/><V33/><F33/><W51/><G39/><T88/><D107/><U108/><E108/><V126/><F126/><W6/><G71/><N who="0" m="27147" /><D11/><U85/><E121/><V122/><F127/><W130/><G130/><T97/><D124/><U49/><E1/><V116/><F0/><W32/><G32/><T131/><D61/><U26/><E89/><V13/><F116/><W45/><G106/><T10/><D10/><U57/><E86/><V52/><F110/><W24/><G102/><T91/><D131/><U12/><E12/><V28/><F122/><W2/><G2/><T46/><D46/><U37/><E37/><V132/><F132/><W25/><G45/><T100/><D100/><U109/><E109/><V55/><F28/><W64/><G64/><T14/><D14/><U5/><E5/><V135/><F135/><W123/><G95/><N who="0" m="56551" /><D91/><U68/><E68/><V73/><F73/><W134/><G134/><T79/><D79/><U114/><E26/><V133/><F133/><W56/><G123/><T90/><D90/><N who="1" m="55351" /><E27/><V29/><F29/><W98/><G56/><T111/><D111/><U9/><E9/><N who="2" m="6447" /><F103/><W31/><G31/><T81/><D77/><U78/><E76/><V20/><F20/><W38/><G38/><T129/><D129/><U58/><E44/><V47/><F101/><W113/><G98/><T66/><D66/><U22/><E22/><V3/><F3/><W21/><G21/><T16/><D16/><U65/><E65/><V40/><F47/><W118/><G118/><RYUUKYOKU ba="2,0" sc="51,15,263,15,507,-15,179,-15" hai0="42,43,80,81,83,112,115" hai1="49,54,57,58,60,67,78,82,85,114" /><INIT seed="7,3,0,2,3,107" ten="66,278,492,164" oya="3" hai0="122,130,29,127,93,0,72,59,117,118,58,26,3" hai1="109,92,132,21,56,113,5,13,24,131,96,16,94" hai2="98,45,57,108,88,66,90,9,120,60,116,128,41" hai3="55,95,106,50,133,87,121,65,19,114,39,135,1"/><W62/><G121/><T25/><D122/><U51/><E109/><V75/><F75/><W110/><G106/><T11/><D130/><U32/><E113/><V52/><F108/><W22/><G39/><T129/><D129/><U89/><E132/><N who="3" m="50762" /><G1/><T33/><D127/><U28/><E131/><V115/><F128/><W38/><G38/><T64/><D64/><U78/><E78/><V76/><F120/><W18/><G114/><T23/><D93/><U124/><E124/><V100/><F115/><W63/><G110/><T42/><D42/><U12/><E94/><N who="2" m="58455" /><F116/><W80/><G95/><T49/><D49/><U77/><E77/><V79/><F41/><W20/><G20/><T83/><D11/><U31/><E32/><V30/><F30/><N who="1" m="11305" /><E5/><V43/><F43/><W4/><G4/><T36/><D36/><U69/><E69/><V10/><F10/><W2/><G2/><T82/><D29/><U53/><AGARI ba="3,0" hai="12,13,16,21,24,51,53,56,89,92,96" m="11305" machi="53" ten="30,2000,0" yaku="8,1,54,1" doraHai="107" who="1" fromWho="1" sc="66,-8,278,29,492,-8,164,-13" owari="58,-44.0,307,11.0,484,58.0,151,-25.0" /></mjloggm>