<mjloggm ver="2.3"><GO type="169" lobby="0"/><UN n0="%43%52%41%5A%59%42%45%45" n1="%49%53%53%4F%4E%34" n2="%E3%81%9F%E3%81%91%E3%81%93%E3%81%97" n3="%E5%B0%B1%E6%B4%BB%E7%94%9F%40%E5%B7%9D%E6%9D%91%E8%BB%8D%E5%9B%A3" dan="17,16,16,17" rate="2116.75,2099.33,2084.34,2150.46" sx="M,M,M,M"/><TAIKYOKU oya="0"/><INIT seed="0,0,0,5,2,71" ten="250,250,250,250" oya="0" hai0="24,101,85,52,81,27,12,62,11,57,112,56,134" hai1="16,84,86,17,93,53,67,66,135,130,78,19,128" hai2="88,111,105,41,8,28,92,94,109,22,87,10,119" hai3="131,104,83,21,77,42,98,120,123,82,99,58,44"/><T132/><D112/><U122/><E122/><V1/><F105/><W74/><G131/><N who="1" m="50218" /><E135/><N who="0" m="51753" /><D101/><U110/><E110/><N who="2" m="41995" /><F119/><W73/><G58/><T3/><D3/><U50/><E78/><V126/><F126/><W117/><G117/><T23/><D23/><U7/><E7/><N who="2" m="1135" /><F10/><W90/><G21/><T15/><D57/><N who="1" m="32951" /><E93/><V72/><F72/><W121/><G104/><T114/><D114/><U48/><E48/><V129/><F129/><W4/><G4/><N who="0" m="3175" /><D15/><U133/><E133/><V127/><F127/><W75/><G75/><T55/><D55/><U79/><E79/><AGARI ba="0,0" hai="24,27,52,56,62,79,81,85" m="3175,51753" machi="79" ten="30,2900,0" yaku="20,1,54,1" doraHai="71" who="0" fromWho="1" sc="250,29,250,-29,250,0,250,0" /><INIT seed="0,1,0,2,4,25" ten="279,221,250,250" oya="0" hai0="98,71,127,122,6,123,24,70,11,16,117,64,14" hai1="2,109,126,72,51,46,34,124,29,48,78,119,18" hai2="74,4,100,0,129,105,60,22,62,41,107,13,116" hai3="130,106,94,54,12,81,92,27,63,59,82,86,44"/><T112/><D117/><U121/><E119/><V28/><F74/><W115/><G106/><T85/><D112/><U68/><E121/><V135/><F116/><W57/><G115/><T99/><D127/><U30/><E34/><V120/><F120/><W103/><G130/><T75/><D75/><U125/><E109/><V97/><F129/><W61/><G44/><T110/><D123/><U38/><E38/><V80/><F135/><W67/><G12/><T36/><D122/><U83/><E68/><V39/><F107/><W118/><G118/><T49/><D36/><U131/><E131/><V76/><F13/><W17/><G103/><T5/><D71/><U21/><E2/><V87/><F41/><W56/><G56/><T133/><D133/><U73/><E73/><V26/><REACH who="2" step="1"/><F39/><REACH who="2" ten="279,221,240,250" step="2"/><W50/><G50/><T35/><D49/><N who="1" m="19019" /><E46/><V132/><F132/><W45/><G45/><T66/><D14/><AGARI ba="1,1" hai="14,18,21,29,30,72,78,83,124,125,126" m="19019" machi="14" ten="30,3900,0" yaku="18,1,52,2" doraHai="25" who="1" fromWho="0" sc="279,-42,221,52,240,0,250,0" /><INIT seed="1,0,0,5,2,87" ten="237,273,240,250" oya="1" hai0="135,38,120,82,55,11,50,6,109,19,4,24,94" hai1="56,47,57,44,34,49,72,71,112,17,127,93,35" hai2="30,73,77,115,132,78,126,0,101,5,29,125,97" hai3="60,81,45,130,91,15,75,61,52,1,108,80,121"/><U18/><E72/><V69/><F132/><W84/><G1/><T33/><D38/><U95/><E49/><V116/><F116/><W36/><G121/><T14/><D135/><U134/><E134/><V12/><F0/><W8/><G130/><T99/><D109/><U3/><E3/><V113/><F69/><W123/><G123/><T133/><D133/><U13/><E13/><V131/><F131/><W90/><G36/><T64/><D64/><U65/><E65/><V106/><F12/><W39/><G39/><T7/><D120/><U66/><E66/><V105/><F5/><N who="3" m="3471" /><G75/><T107/><D107/><U43/><E43/><V53/><F53/><W104/><G104/><T79/><D33/><U37/><E37/><V102/><F73/><W111/><G111/><T114/><D114/><U96/><E96/><AGARI ba="0,0" hai="29,30,77,78,96,97,101,102,105,106,113,115,125,126" machi="96" ten="25,1600,0" yaku="22,2" doraHai="87" who="2" fromWho="1" sc="237,0,273,-16,240,16,250,0" /><INIT seed="2,0,0,0,2,60" ten="237,257,256,250" oya="2" hai0="53,14,113,82,13,126,11,61,91,62,45,90,120" hai1="19,17,20,103,44,128,121,46,65,66,75,117,89" hai2="114,69,67,12,55,18,98,34,83,2,24,108,63" hai3="123,71,43,135,104,119,116,105,28,92,130,9,85"/><V115/><F108/><W133/><G71/><T5/><D113/><U99/><E117/><N who="3" m="45130" /><G28/><T6/><D120/><U56/><E75/><V112/><F2/><W94/><G43/><T36/><D126/><U95/><E121/><V35/><F24/><W86/><G9/><N who="0" m="4271" /><D36/><U87/><E128/><V127/><F127/><W68/><G68/><T51/><D82/><U49/><E56/><V0/><F0/><W74/><G74/><T41/><D41/><U80/><E19/><V78/><F98/><W134/><G130/><T54/><D54/><U93/><E80/><V64/><F55/><W4/><G4/><T118/><D118/><U81/><E81/><V100/><F100/><W111/><G111/><T84/><D84/><N who="3" m="32361" /><G123/><T3/><D3/><U59/><E59/><V102/><F102/><W10/><G10/><T57/><D57/><U129/><E129/><V31/><F31/><W8/><G8/><T23/><D23/><U50/><E44/><V70/><F83/><W29/><G29/><T110/><D110/><U132/><E132/><V37/><F78/><W1/><G1/><T21/><D21/><U48/><REACH who="1" step="1"/><E46/><REACH who="1" ten="237,247,256,250" step="2"/><V96/><F112/><W7/><G7/><T76/><D76/><U97/><E97/><V47/><F96/><W88/><G88/><AGARI ba="0,1" hai="6,11,14,45,51,53,61,62,88,90,91" m="4271" machi="88" ten="30,2000,0" yaku="8,1,54,1" doraHai="60" who="0" fromWho="3" sc="237,30,247,0,256,0,250,-20" /><INIT seed="3,0,0,0,2,96" ten="267,247,256,230" oya="3" hai0="80,36,41,121,107,23,22,9,14,34,47,78,15" hai1="2,114,55,51,44,82,32,122,104,63,31,116,3" hai2="24,98,69,106,13,123,86,97,95,49,131,84,4" hai3="0,59,37,20,88,64,73,126,125,65,8,71,17"/><W127/><G73/><T133/><D121/><U101/><E122/><V29/><F123/><W53/><G37/><T33/><D107/><U40/><E116/><V130/><F69/><W58/><G71/><T48/><D133/><U115/><E82/><V90/><F49/><W102/><G102/><T91/><D91/><U134/><E134/><V81/><F4/><N who="3" m="1031" /><G88/><T108/><D108/><U117/><E117/><V89/><F13/><N who="3" m="9263" /><G58/><T25/><D36/><U57/><E2/><V76/><F24/><W11/><G11/><T61/><D61/><AGARI ba="0,0" hai="53,59,61,64,65,125,126,127" m="9263,1031" machi="61" ten="30,1500,0" yaku="18,1" doraHai="96" who="3" fromWho="0" sc="267,-15,247,0,256,0,230,15" /><INIT seed="3,1,0,3,0,135" ten="252,247,256,245" oya="3" hai0="126,101,49,63,90,54,93,82,57,75,86,10,19" hai1="15,3,9,117,124,70,29,121,50,33,127,14,115" hai2="110,47,85,116,45,16,105,44,73,130,11,92,106" hai3="119,72,32,1,84,22,51,69,104,113,65,62,77"/><W114/><G32/><T37/><D37/><U128/><E70/><V83/><F116/><W76/><G1/><T74/><D126/><N who="1" m="48171" /><E117/><V95/><F110/><W60/><G119/><T81/><D75/><U12/><E115/><V6/><F73/><W108/><G104/><T109/><D74/><U61/><E121/><V43/><F130/><W18/><G72/><T131/><D109/><U67/><E128/><V58/><F43/><W31/><G31/><T27/><D131/><U88/><E50/><V102/><F105/><W38/><G38/><T23/><D101/><U4/><E88/><V48/><F102/><W103/><G103/><T17/><D63/><U13/><E3/><V98/><F48/><W66/><G51/><T2/><D2/><U42/><E42/><V53/><F106/><W96/><G108/><T68/><D68/><N who="1" m="42095" /><E29/><V55/><F47/><W87/><G96/><T20/><REACH who="0" step="1"/><D10/><REACH who="0" ten="242,247,256,245" step="2"/><N who="1" m="4167" /><E33/><V7/><F11/><AGARI ba="1,1" hai="9,11,13,14,15" m="4167,42095,48171" machi="11" ten="30,7700,0" yaku="18,1,52,3" doraHai="135" who="1" fromWho="2" sc="242,0,247,90,256,-80,245,0" /><INIT seed="4,0,0,2,0,95" ten="242,337,176,245" oya="0" hai0="4,73,14,8,127,90,117,69,21,10,115,5,9" hai1="91,66,71,81,32,39,37,98,128,122,36,124,49" hai2="96,119,89,24,54,130,102,45,123,53,75,93,76" hai3="34,97,132,58,7,103,74,17,83,133,61,43,23"/><T13/><D69/><U118/><E122/><V65/><F123/><W63/><G34/><T87/><D73/><U104/><E118/><V52/><F130/><W28/><G28/><T68/><D68/><U46/><E32/><V121/><F121/><W64/><G7/><T108/><D117/><U85/><E128/><V120/><F120/><W92/><G43/><T101/><D115/><U50/><E124/><V59/><F119/><W25/><G74/><T82/><D127/><U27/><E27/><V126/><F126/><W99/><G83/><T100/><D108/><U84/><E84/><V77/><F75/><W125/><G125/><T105/><D105/><U70/><E66/><V79/><F45/><W114/><G114/><T106/><D106/><U62/><E62/><N who="2" m="38111" /><F24/><W112/><G112/><T38/><D38/><U67/><E67/><V18/><F18/><W33/><G33/><T2/><D21/><U135/><E135/><N who="3" m="51786" /><G63/><T111/><D111/><U113/><E113/><V3/><F3/><W55/><G64/><T42/><D42/><U110/><E110/><V129/><F129/><W116/><G116/><T26/><D26/><U44/><E44/><V0/><F0/><W22/><G23/><T131/><D131/><U19/><E19/><AGARI ba="0,0" hai="2,4,5,8,9,10,13,14,19,82,87,90,100,101" machi="19" ten="30,1500,0" yaku="7,1" doraHai="95" who="0" fromWho="1" sc="242,15,337,-15,176,0,245,0" /><INIT seed="4,1,0,3,5,101" ten="257,322,176,245" oya="0" hai0="128,33,95,96,79,106,22,120,38,104,85,99,122" hai1="35,61,84,126,129,19,24,123,27,2,34,118,69" hai2="23,21,60,131,82,57,54,109,66,63,6,46,132" hai3="13,16,94,40,76,29,0,113,31,111,51,44,43"/><T62/><D33/><U12/><E118/><V25/><F109/><W5/><G111/><T36/><D62/><U50/><E123/><V89/><F131/><W103/><G113/><T10/><D22/><U67/><E2/><V116/><F132/><W98/><G76/><T92/><D79/><U3/><E3/><V39/><F116/><W58/><G0/><T88/><D10/><U11/><E129/><V97/><F6/><W59/><G5/><T26/><D128/><U49/><E126/><V108/><F108/><W41/><G58/><T135/><D26/><U115/><E115/><V91/><F23/><N who="3" m="11663" /><G59/><T55/><D55/><AGARI ba="1,0" hai="29,31,40,41,43,44,51,55,94,98,103" m="11663" machi="55" ten="30,2000,0" yaku="8,1,54,1" doraHai="101" who="3" fromWho="0" sc="257,-23,322,0,176,0,245,23" /><INIT seed="5,0,0,0,0,96" ten="234,322,176,268" oya="1" hai0="17,103,53,71,117,109,120,35,134,116,56,7,119" hai1="62,118,40,101,115,131,14,25,21,43,121,52,38" hai2="34,44,100,111,29,4,12,19,128,47,72,18,108" hai3="31,89,76,46,122,88,48,50,15,11,112,13,69"/><U105/><E118/><V6/><F72/><W132/><G69/><T82/><D71/><U41/><E121/><V49/><F128/><W92/><G122/><T79/><D120/><U2/><E2/><V93/><F34/><W33/><G112/><T102/><D109/><U107/><E38/><V3/><F29/><W85/><G132/><T55/><D35/><U39/><E39/><V5/><F3/><W83/><G31/><T26/><D7/><U45/><E14/><N who="3" m="5130" /><G11/><T22/><D134/><U23/><E115/><V129/><F129/><W125/><G125/><T135/><D135/><U54/><E131/><V87/><F87/><N who="3" m="52255" /><G33/><T74/><REACH who="0" step="1"/><D55/><REACH who="0" ten="224,322,176,268" step="2"/><U133/><E133/><V63/><F108/><W67/><G67/><T98/><D98/><U110/><E110/><V30/><F111/><W37/><G37/><T65/><D65/><U32/><E54/><V78/><F4/><W114/><G114/><T123/><D123/><U20/><E32/><V90/><F5/><W42/><G50/><AGARI ba="0,1" hai="17,22,26,50,53,56,74,79,82,102,103,116,117,119" machi="50" ten="40,12000,2" yaku="1,1,52,2,53,3" doraHai="96" doraHaiUra="113" who="0" fromWho="3" sc="224,130,322,0,176,0,268,-120" /><INIT seed="6,0,0,3,2,102" ten="354,322,176,148" oya="2" hai0="72,66,76,96,24,126,41,10,43,133,134,86,123" hai1="35,118,89,60,13,103,64,81,31,20,109,12,97" hai2="36,48,6,85,18,128,83,30,110,105,135,2,33" hai3="115,63,125,28,79,75,50,121,19,57,61,38,59"/><V120/><F120/><W122/><G75/><T26/><D72/><U67/><E109/><V27/><F36/><W131/><G79/><T23/><D123/><N who="3" m="47113" /><G28/><T106/><D66/><U108/><E108/><V44/><F110/><W55/><G19/><T8/><D126/><U74/><E118/><V132/><F128/><W84/><G84/><T78/><D86/><U25/><E67/><V39/><F39/><W112/><G38/><T3/><D23/><U82/><E89/><V4/><F18/><W90/><G90/><T14/><D14/><U80/><E74/><V92/><F92/><W46/><G125/><T37/><D37/><U99/><E99/><V56/><F56/><N who="3" m="21579" /><G131/><T71/><D96/><U68/><E20/><V87/><F105/><AGARI ba="0,0" hai="12,13,25,31,35,60,64,68,80,81,82,97,103,105" machi="105" ten="40,5200,0" yaku="25,2,52,1" doraHai="102" who="1" fromWho="2" sc="354,0,322,52,176,-52,148,0" /><INIT seed="7,0,0,1,1,75" ten="354,374,124,148" oya="3" hai0="80,14,64,38,18,1,7,39,25,29,11,51,87" hai1="56,23,71,53,119,130,77,118,58,0,36,16,55" hai2="63,122,49,13,21,6,47,93,2,76,37,127,30" hai3="115,5,24,107,9,67,31,123,108,66,44,120,34"/><W131/><G107/><T3/><D64/><U101/><E130/><V116/><F116/><N who="1" m="44585" /><E71/><V57/><F37/><W26/><G115/><T92/><D92/><U28/><E36/><V99/><F127/><W46/><G131/><T42/><D1/><U106/><E0/><V126/><F126/><W113/><G113/><T105/><D105/><U129/><E129/><V73/><F122/><W54/><G108/><T104/><D104/><U40/><E40/><N who="2" m="24807" /><F2/><W125/><G125/><T68/><D68/><U17/><E28/><V95/><F73/><W41/><G26/><T4/><D4/><U100/><E77/><V72/><F72/><W69/><G54/><N who="1" m="20490" /><E17/><N who="2" m="10415" /><F30/><W20/><G20/><N who="0" m="13463" /><D3/><U117/><E117/><V84/><F6/><W86/><G86/><T50/><D29/><U78/><E78/><V27/><F27/><W134/><G41/><T15/><D15/><N who="1" m="9631" /><E106/><V52/><F99/><W97/><G97/><T82/><D82/><AGARI ba="0,0" hai="52,57,63,76,82,84,93,95" m="10415,24807" machi="82" ten="30,3900,0" yaku="8,1,52,1,54,1" doraHai="75" who="2" fromWho="0" sc="354,-39,374,0,124,39,148,0" owari="315,12.0,374,47.0,163,-24.0,148,-35.0" /></mjloggm>