<mjloggm ver="2.3"><GO type="169" lobby="0"/><UN n0="%E7%99%BD%E3%81%99%E3%81%B4%E3%81%A3%E3%81%A4%EF%BC%A0%E5%8D%8A%E8%8D%98" n1="%E3%82%A6%E3%83%AB%E3%83%88%E3%83%A9%E7%AB%8B%E7%9B%B4" n2="%52%69%2D%4D%6F%2D" n3="%6D%61%73%61%73%69%6F" dan="17,16,19,16" rate="2145.03,2140.26,2329.22,2113.53" sx="M,M,M,M"/><TAIKYOKU oya="0"/><INIT seed="0,0,0,1,1,26" ten="250,250,250,250" oya="0" hai0="50,17,5,20,108,0,72,126,46,97,43,23,13" hai1="56,95,80,132,66,99,30,60,112,69,78,3,92" hai2="86,121,34,52,76,73,118,16,134,122,2,59,120" hai3="84,63,49,81,55,28,98,45,125,67,44,6,130"/><T62/><D72/><U47/><E3/><V115/><F115/><W11/><G130/><T29/><D126/><U21/><E112/><V124/><F73/><W79/><G125/><T119/><D119/><U106/><E132/><V38/><F124/><W74/><G98/><T87/><D108/><U77/><E69/><V102/><F38/><W129/><G129/><T24/><D0/><U68/><E68/><V40/><F40/><W93/><G28/><T32/><D5/><U133/><E133/><V4/><F134/><W57/><G93/><T131/><D131/><U35/><E35/><V58/><F118/><W135/><G135/><T123/><D123/><U12/><E106/><V7/><F34/><W27/><G27/><T22/><D87/><U103/><E92/><V109/><F109/><W54/><G74/><T105/><REACH who="0" step="1"/><D62/><REACH who="0" ten="240,250,250,250" step="2"/><U70/><E60/><V71/><F2/><W104/><G104/><T101/><AGARI ba="0,1" hai="13,17,20,22,23,24,29,32,43,46,50,97,101,105" machi="101" ten="30,11700,0" yaku="1,1,2,1,0,1,52,1,53,0" doraHai="26" doraHaiUra="114" who="0" fromWho="0" sc="240,127,250,-39,250,-39,250,-39" /><INIT seed="0,1,0,5,3,26" ten="367,211,211,211" oya="0" hai0="115,134,32,5,34,112,20,114,9,59,25,94,111" hai1="42,62,110,84,15,12,124,6,86,121,50,85,93" hai2="92,129,107,61,133,116,76,80,97,96,74,72,8" hai3="33,43,38,14,1,122,64,89,109,125,37,35,119"/><T28/><D94/><U65/><E121/><V49/><F49/><W39/><G1/><N who="0" m="175" /><D59/><N who="1" m="37087" /><E110/><V95/><F8/><W75/><G75/><T56/><D56/><U106/><E106/><V78/><F61/><W63/><G122/><T24/><D134/><U60/><E124/><V98/><F133/><W123/><G125/><T127/><D127/><U40/><E60/><V48/><F48/><W16/><G123/><T31/><D111/><U46/><E6/><V132/><F132/><W41/><G119/><T57/><D57/><U22/><E42/><V90/><F129/><W21/><G109/><T131/><D131/><U113/><E113/><V82/><F116/><W79/><G79/><T71/><D71/><U99/><E22/><AGARI ba="1,0" hai="20,22,24,25,28,31,32,34,112,114,115" m="175" machi="22" ten="30,11600,0" yaku="34,2,52,2" doraHai="26" who="0" fromWho="1" sc="367,119,211,-119,211,0,211,0" /><INIT seed="0,2,0,5,5,21" ten="486,92,211,211" oya="0" hai0="96,81,89,22,17,123,125,97,92,29,131,95,101" hai1="98,130,8,42,108,124,112,83,24,85,118,39,76" hai2="111,54,105,5,6,18,104,99,0,100,129,51,121" hai3="71,47,63,82,34,127,106,45,107,48,90,113,13"/><T46/><D123/><U72/><E118/><V64/><F121/><W86/><G113/><T3/><D3/><U60/><E112/><V68/><F105/><W15/><G127/><T12/><D125/><U70/><E124/><V114/><F114/><W43/><G34/><T62/><D131/><U11/><E130/><V27/><F129/><W19/><G13/><T102/><D29/><U4/><E108/><V61/><F111/><W50/><G63/><T2/><D2/><U44/><E98/><V59/><REACH who="2" step="1"/><F0/><REACH who="2" ten="486,92,201,211" step="2"/><W133/><G133/><T25/><D101/><U84/><E11/><V67/><F67/><W87/><G87/><T75/><D102/><U115/><E115/><V7/><F7/><W35/><G71/><T16/><D96/><U120/><E120/><V40/><F40/><W78/><G78/><T1/><D1/><N who="1" m="15" /><E24/><V38/><F38/><W132/><G132/><T91/><D97/><U33/><E33/><V128/><F128/><W23/><REACH who="3" step="1"/><G35/><REACH who="3" ten="486,92,201,201" step="2"/><T56/><D62/><U93/><E70/><V80/><F80/><W116/><G116/><T32/><D81/><U66/><E60/><V49/><F49/><W79/><G79/><T57/><D32/><U52/><E66/><V26/><F26/><W135/><G135/><T37/><D25/><U65/><E65/><V134/><F134/><W10/><G10/><T36/><D75/><U103/><E84/><V41/><F41/><AGARI ba="2,2" hai="15,19,23,41,43,45,47,48,50,82,86,90,106,107" machi="41" ten="30,3900,0" yaku="1,1,7,1,9,1,53,0" doraHai="21" doraHaiUra="58" who="3" fromWho="2" sc="486,0,92,0,201,-45,201,65" /><INIT seed="1,0,0,0,4,111" ten="486,92,156,266" oya="1" hai0="33,50,132,67,112,51,6,18,26,97,36,10,52" hai1="78,65,41,70,11,12,87,119,20,63,105,121,133" hai2="82,22,73,3,98,96,17,101,115,0,127,59,95" hai3="14,93,129,27,75,134,130,135,104,9,42,106,79"/><U116/><E121/><V84/><F127/><W56/><G93/><T118/><D118/><U13/><E105/><V55/><F73/><W19/><G19/><T108/><D108/><U110/><E110/><V81/><F96/><W30/><G56/><T131/><D36/><U62/><E133/><N who="3" m="50698" /><G42/><T69/><D132/><U125/><E125/><V120/><F120/><W107/><G79/><T5/><D131/><N who="3" m="50185" /><G75/><T128/><D128/><U99/><E99/><V24/><F82/><W21/><G107/><T31/><D51/><U89/><E78/><V40/><F40/><W29/><G29/><T94/><D18/><U109/><E109/><V48/><F115/><W32/><G32/><T114/><D5/><N who="1" m="3183" /><E62/><V60/><F60/><W74/><G74/><T117/><D69/><U102/><E102/><V8/><F8/><W85/><G85/><T16/><D67/><U124/><E41/><V58/><F58/><W88/><G88/><AGARI ba="0,0" hai="0,3,17,22,24,48,55,59,81,84,88,95,98,101" machi="88" ten="30,2000,0" yaku="7,1,54,1" doraHai="111" who="2" fromWho="3" sc="486,0,92,0,156,20,266,-20" /><INIT seed="2,0,0,5,1,101" ten="486,92,176,246" oya="2" hai0="84,129,52,3,11,20,47,102,62,106,24,130,1" hai1="34,88,17,131,80,100,39,54,77,121,5,33,41" hai2="126,35,94,71,65,104,98,97,72,25,105,8,10" hai3="135,76,40,96,109,12,28,55,128,37,133,92,83"/><V50/><F72/><W125/><G109/><T29/><D11/><U85/><E131/><N who="0" m="50185" /><D84/><U21/><E121/><V99/><F94/><W38/><G128/><T45/><D62/><U86/><E5/><V120/><F120/><W6/><G125/><T116/><D116/><U134/><E134/><V118/><F118/><W79/><G28/><T16/><D29/><U127/><E127/><V42/><F126/><W115/><G115/><T19/><D19/><U22/><E100/><V44/><F35/><W122/><G40/><T23/><D23/><U60/><E41/><V89/><F89/><W119/><G119/><T103/><D103/><U2/><E39/><V66/><F25/><W91/><G91/><T114/><D114/><U124/><E2/><N who="0" m="521" /><D52/><U53/><E124/><V90/><F90/><W64/><G122/><T81/><D81/><U95/><E22/><V132/><F132/><W112/><G133/><T46/><D46/><U14/><REACH who="1" step="1"/><E53/><REACH who="1" ten="486,82,176,246" step="2"/><V82/><F10/><W15/><G135/><T111/><D111/><U30/><E30/><V78/><F8/><W0/><G112/><T63/><D102/><U32/><E32/><V9/><F9/><W61/><G55/><T7/><D7/><U87/><E87/><N who="2" m="48599" /><F65/><W58/><G0/><T26/><D20/><U117/><E117/><V73/><F73/><W70/><G6/><T13/><D26/><U93/><E93/><V67/><F66/><W68/><G64/><T57/><D24/><U59/><AGARI ba="0,1" hai="14,17,21,33,34,54,59,60,77,80,85,86,88,95" machi="59" ten="30,7900,0" yaku="1,1,0,1,54,1,53,1" doraHai="101" doraHaiUra="49" who="1" fromWho="1" sc="486,-20,82,89,176,-39,246,-20" /><INIT seed="3,0,0,2,4,105" ten="466,171,137,226" oya="3" hai0="10,40,53,66,123,46,125,62,93,70,64,101,85" hai1="113,23,86,41,47,8,59,19,48,128,28,26,112" hai2="52,43,11,92,13,100,60,90,36,119,30,16,89" hai3="54,124,9,22,14,80,71,120,114,134,87,67,31"/><W121/><G114/><T107/><D123/><U39/><E128/><V91/><F119/><W38/><G38/><T73/><D73/><U115/><E86/><V24/><F36/><W61/><G124/><T63/><D125/><U82/><E82/><V35/><F43/><W42/><G134/><T29/><D29/><U135/><E135/><V15/><F100/><W51/><G42/><T32/><D32/><U130/><E130/><V131/><F131/><W72/><G72/><T55/><D107/><U79/><E79/><V2/><F2/><W17/><G31/><T99/><D10/><U65/><E65/><V4/><F60/><W127/><G22/><T110/><D110/><U108/><E108/><V95/><REACH who="2" step="1"/><F52/><REACH who="2" ten="466,171,127,226" step="2"/><W133/><G133/><T117/><D117/><U83/><E39/><V58/><F58/><W102/><G102/><T126/><D126/><U34/><E59/><V20/><AGARI ba="0,1" hai="4,11,13,15,16,20,24,30,35,89,90,91,92,95" machi="20" ten="30,4000,0" yaku="1,1,0,1,54,1,53,0" doraHai="105" doraHaiUra="98" who="2" fromWho="2" sc="466,-10,171,-10,127,50,226,-20" /><INIT seed="4,0,0,5,2,38" ten="456,161,177,206" oya="0" hai0="2,4,10,32,6,125,54,103,71,48,73,23,72" hai1="28,61,41,91,127,129,57,112,74,75,118,93,106" hai2="109,26,86,89,63,30,126,105,95,90,21,77,107" hai3="53,113,31,117,60,62,67,9,116,68,104,122,124"/><T44/><D32/><U133/><E118/><V83/><F109/><W80/><G104/><T43/><D71/><U40/><E106/><V46/><F126/><W27/><G124/><T130/><D125/><U84/><E127/><V34/><F89/><W79/><G122/><T64/><D130/><U82/><E129/><V56/><F34/><W76/><G113/><T66/><D4/><U100/><E112/><V110/><F110/><W88/><G9/><T102/><D73/><U19/><E133/><V39/><F39/><W17/><G17/><T45/><D72/><U8/><E28/><V135/><F46/><W20/><G79/><T114/><D114/><U25/><E75/><V98/><REACH who="2" step="1"/><F135/><REACH who="2" ten="456,161,167,206" step="2"/><W11/><G88/><T33/><D33/><U13/><E25/><V35/><F35/><W65/><G116/><T29/><D102/><U37/><E37/><V97/><F97/><W119/><G117/><T78/><D103/><U1/><E1/><V121/><F121/><W81/><G119/><T132/><D78/><U108/><E108/><V0/><F0/><W134/><G76/><T52/><D132/><U85/><E74/><V111/><F111/><W50/><G134/><T47/><D47/><U96/><REACH who="1" step="1"/><E85/><REACH who="1" ten="456,151,167,206" step="2"/><V115/><F115/><W3/><G3/><T131/><D2/><U15/><E15/><V123/><F123/><W55/><G27/><T18/><D131/><U120/><E120/><V36/><F36/><W12/><G12/><T49/><D44/><U70/><E70/><V24/><F24/><W16/><G68/><T94/><D45/><U92/><E92/><RYUUKYOKU ba="0,2" sc="456,-15,151,15,167,15,206,-15" hai1="8,13,19,40,41,57,61,82,84,91,93,96,100" hai2="21,26,30,56,63,77,83,86,90,95,98,105,107" /><INIT seed="5,1,2,0,4,95" ten="441,166,182,191" oya="1" hai0="14,134,65,114,15,121,76,27,19,9,4,86,92" hai1="24,74,52,68,125,104,72,73,127,87,96,26,55" hai2="135,88,105,57,128,41,53,84,133,109,108,61,63" hai3="115,45,62,30,13,91,90,132,50,107,58,3,81"/><U21/><E68/><V43/><F105/><W40/><G115/><T69/><D114/><U51/><E87/><V46/><F128/><W28/><G132/><N who="2" m="50761" /><F63/><W22/><G107/><T116/><D116/><U97/><E104/><V77/><F77/><W122/><G122/><T126/><D134/><U35/><E35/><V100/><F100/><W1/><G1/><T93/><D126/><N who="1" m="48139" /><E26/><V0/><F0/><W75/><G3/><T20/><D69/><U106/><E106/><V120/><F120/><W102/><G102/><T83/><D65/><U33/><E33/><V12/><F12/><W49/><G75/><T38/><D38/><U67/><E67/><V80/><F43/><W113/><G113/><T111/><D121/><U6/><E6/><V129/><F129/><W11/><G62/><T64/><D64/><U23/><E55/><V82/><F80/><W2/><G2/><T37/><D37/><AGARI ba="1,2" hai="37,41,46,53,57,61,82,84,88,108,109" m="50761" machi="37" ten="30,2000,0" yaku="20,1,54,1" doraHai="95" who="2" fromWho="0" sc="441,-23,166,0,182,43,191,0" /><INIT seed="6,0,0,0,3,35" ten="418,166,225,191" oya="2" hai0="41,29,55,5,94,92,63,17,45,37,98,8,120" hai1="23,39,33,49,132,118,110,10,102,90,4,58,16" hai2="130,108,126,38,64,129,27,52,95,6,2,61,44" hai3="51,12,105,116,30,67,103,73,70,1,127,106,119"/><V123/><F123/><W65/><G103/><T47/><D120/><U28/><E39/><V71/><F126/><W34/><G12/><T53/><D29/><U111/><E118/><V134/><F134/><W97/><G51/><T135/><D135/><U62/><E132/><V77/><F108/><W88/><G73/><T31/><D31/><U104/><E49/><V80/><F27/><W3/><G88/><T84/><D84/><U15/><E90/><V86/><F95/><W42/><G42/><T112/><D112/><U26/><E102/><V54/><F38/><W122/><G122/><T19/><D92/><U66/><REACH who="1" step="1"/><E104/><REACH who="1" ten="418,156,225,191" step="2"/><V40/><F129/><W57/><G106/><T101/><D63/><U76/><E76/><V78/><F77/><W91/><G91/><T32/><D32/><U0/><AGARI ba="0,1" hai="0,4,10,15,16,23,26,28,33,58,62,66,110,111" machi="0" ten="20,12000,2" yaku="1,1,0,1,7,1,24,2,52,1,54,1,53,0" doraHai="35" doraHaiUra="85" who="1" fromWho="1" sc="418,-30,156,130,225,-60,191,-30" /><INIT seed="7,0,0,1,1,72" ten="388,286,165,161" oya="3" hai0="124,84,13,95,101,51,105,77,125,71,103,0,7" hai1="4,40,50,55,99,5,102,22,96,133,44,75,68" hai2="46,15,18,11,16,34,66,32,115,58,14,28,107" hai3="45,69,31,74,38,128,53,3,52,116,80,35,97"/><W127/><G116/><T112/><D71/><U76/><E68/><V118/><F118/><W131/><G3/><T61/><D0/><U98/><E133/><V65/><F107/><W111/><G127/><N who="0" m="48715" /><D105/><U54/><E75/><V113/><F46/><W121/><G121/><T94/><D112/><N who="2" m="43082" /><F58/><W39/><G111/><T85/><D61/><U56/><E102/><N who="0" m="38921" /><D51/><U109/><E76/><V60/><F28/><W9/><G69/><T92/><D77/><U79/><E79/><V90/><F90/><W12/><G74/><T64/><D64/><N who="2" m="24682" /><F60/><W88/><G31/><T30/><D30/><U130/><E56/><V132/><F132/><W70/><G70/><T41/><D41/><U135/><E40/><V91/><F91/><W43/><G38/><T36/><D36/><U63/><E99/><V62/><F62/><W17/><G35/><T57/><D57/><U82/><E96/><V120/><F120/><W100/><G80/><T134/><D134/><U86/><E82/><V10/><AGARI ba="0,0" hai="10,11,14,15,16,18,32,34" m="24682,43082" machi="10" ten="30,2000,0" yaku="15,1,54,1" doraHai="72" who="2" fromWho="2" sc="388,-5,286,-5,165,20,161,-10" owari="383,48.0,281,8.0,185,-21.0,151,-35.0" /></mjloggm>