<mjloggm ver="2.3"><GO type="225" lobby="0"/><UN n0="%E3%82%A6%E3%83%AB%E3%83%88%E3%83%A9%E7%AB%8B%E7%9B%B4" n1="%E8%B6%B3%E3%81%AE%E8%B8%8F%E3%81%BF%E5%A0%B4%E3%82%82%E3%81%AA%E3%81%84" n2="%E3%83%8D%E3%82%B8%E3%82%AD" n3="%E3%81%BF%E3%81%BF%E3%81%9A" dan="17,17,17,17" rate="2159.84,2215.06,2153.10,2222.27" sx="M,M,M,M"/><TAIKYOKU oya="0"/><INIT seed="0,0,0,2,1,43" ten="250,250,250,250" oya="0" hai0="53,63,4,1,105,98,112,74,6,37,70,68,54" hai1="108,133,56,0,62,65,18,128,51,50,33,95,42" hai2="66,26,114,115,122,91,29,14,124,107,78,86,90" hai3="110,80,34,102,135,67,100,60,75,46,83,45,121"/><T71/><D112/><U58/><E0/><V129/><F122/><W16/><G34/><T23/><D74/><U19/><E33/><V40/><F107/><W8/><G121/><T127/><D37/><U44/><E108/><V116/><F66/><W49/><G110/><T25/><D127/><U81/><E128/><V27/><F14/><N who="3" m="7239" /><G75/><T72/><D72/><U125/><E125/><V47/><F124/><W32/><G32/><T5/><D1/><U103/><E133/><V10/><F10/><W85/><G135/><T82/><D82/><N who="3" m="31273" /><G85/><T52/><D98/><N who="1" m="59871" /><E81/><N who="2" m="47415" /><F114/><W73/><G73/><T36/><D36/><U55/><AGARI ba="0,0" hai="18,19,42,44,50,51,55,56,58,62,65" m="59871" machi="55" ten="30,2000,0" yaku="8,1,52,1" doraHai="43" who="1" fromWho="1" sc="250,-10,250,20,250,-5,250,-5" /><INIT seed="1,0,0,4,3,41" ten="240,270,245,245" oya="1" hai0="39,71,32,37,8,104,112,1,127,44,113,75,124" hai1="9,130,58,5,42,31,2,106,126,107,76,35,45" hai2="109,131,25,89,72,68,92,26,47,132,108,24,135" hai3="90,111,34,65,86,103,60,82,123,56,21,114,88"/><U20/><E126/><N who="0" m="48169" /><D32/><U15/><E130/><V93/><F72/><W118/><G34/><T64/><D104/><U121/><E121/><V115/><F131/><W67/><G114/><N who="0" m="44139" /><D75/><U63/><E20/><V51/><F68/><W84/><G123/><T43/><D8/><U105/><E76/><V23/><F23/><W102/><G111/><N who="2" m="42569" /><F115/><W77/><G118/><T49/><D1/><U55/><E35/><V10/><F10/><W50/><G67/><T79/><D79/><U94/><E94/><N who="2" m="36459" /><F89/><N who="3" m="34411" /><G86/><T22/><D22/><U73/><E31/><V14/><F14/><W54/><G21/><T36/><D71/><U59/><E73/><V78/><F78/><W30/><G30/><T62/><D62/><U17/><E59/><AGARI ba="0,0" hai="50,54,56,59,60,65,77,82,84,102,103" m="34411" machi="59" ten="30,2000,0" yaku="8,1,54,1" doraHai="41" who="3" fromWho="1" sc="240,0,270,-20,245,0,245,20" /><INIT seed="2,0,0,0,1,121" ten="240,250,245,265" oya="2" hai0="107,51,82,45,68,124,48,16,98,8,53,57,49" hai1="11,69,40,83,56,84,50,71,78,64,131,66,29" hai2="52,127,12,86,91,114,110,21,3,30,43,17,33" hai3="102,63,129,119,18,54,35,94,65,0,128,90,13"/><V97/><F114/><W134/><G119/><T116/><D68/><U108/><E108/><V46/><F3/><W10/><G35/><T99/><D116/><U89/><E131/><N who="3" m="50250" /><G102/><T42/><D124/><U70/><E29/><V111/><F127/><W1/><G54/><T79/><D107/><U117/><E117/><V25/><F97/><N who="3" m="57559" /><G134/><T38/><D38/><U9/><E40/><V122/><F122/><W93/><G93/><T133/><D51/><U47/><E47/><V105/><F105/><W101/><G101/><T26/><D133/><U85/><E50/><V112/><F112/><W67/><G67/><T74/><REACH who="0" step="1"/><D26/><REACH who="0" ten="230,250,245,265" step="2"/><U135/><E135/><V23/><F33/><W123/><G123/><T106/><D106/><U24/><E24/><V73/><F73/><W125/><G125/><T60/><D60/><N who="1" m="37895" /><E71/><AGARI ba="0,1" hai="0,1,10,13,18,63,65,71" m="57559,50250" machi="71" ten="30,1000,0" yaku="19,1" doraHai="121" who="3" fromWho="1" sc="230,0,250,-10,245,0,265,20" /><INIT seed="3,0,0,4,0,48" ten="230,240,245,285" oya="3" hai0="127,68,112,71,13,23,44,50,59,111,97,95,118" hai1="34,85,134,81,30,10,72,119,31,126,38,45,39" hai2="133,125,103,22,108,94,41,33,75,66,52,114,43" hai3="24,92,60,96,28,2,27,51,115,17,117,69,20"/><W78/><G115/><T99/><D118/><U3/><E119/><V25/><F33/><W16/><G117/><T123/><D123/><U76/><E126/><V61/><F75/><W122/><G2/><T12/><D112/><U4/><E134/><V129/><F114/><W90/><G122/><T84/><D127/><U93/><E34/><V42/><F125/><W63/><G69/><T121/><D121/><U91/><REACH who="1" step="1"/><E39/><REACH who="1" ten="230,230,245,285" step="2"/><V18/><F133/><W102/><G78/><T87/><D111/><U120/><E120/><V83/><F108/><W54/><G102/><T58/><D71/><U135/><E135/><V77/><F103/><W49/><G49/><T1/><D68/><U62/><E62/><N who="3" m="23594" /><G24/><T14/><D1/><U82/><E82/><V53/><F83/><W36/><G36/><T101/><D23/><U128/><E128/><V15/><F77/><W116/><G116/><T113/><D113/><U98/><E98/><V56/><F129/><W57/><AGARI ba="0,1" hai="16,17,20,27,28,51,54,57,90,92,96" m="23594" machi="57" ten="30,6000,0" yaku="8,1,52,1,54,1" doraHai="48" who="3" fromWho="3" sc="230,-20,230,-20,245,-20,285,70" owari="210,-19.0,210,-29.0,225,3.0,355,45.0" /></mjloggm>