<mjloggm ver="2.3"><GO type="169" lobby="0"/><UN n0="%E5%B0%B1%E6%B4%BB%E7%94%9F%40%E5%B7%9D%E6%9D%91%E8%BB%8D%E5%9B%A3" n1="%E9%BB%92%E7%8A%AC%40%E3%81%A6%E3%82%93%E3%81%BB%E3%83%BC" n2="%E3%81%82%E3%81%B2%E3%82%8B%E3%81%95%E3%82%93" n3="%E3%83%8B%E3%83%A3%E3%83%83%E3%83%94%E3%83%BC%E5%A4%8F%E7%9B%AE" dan="17,16,17,16" rate="2184.86,2160.47,2244.53,2150.49" sx="M,F,M,M"/><TAIKYOKU oya="0"/><INIT seed="0,0,0,1,0,90" ten="250,250,250,250" oya="0" hai0="37,113,102,131,119,81,57,76,42,51,74,80,56" hai1="3,14,22,101,61,53,23,69,77,48,63,116,79" hai2="117,26,33,121,40,47,27,12,127,88,106,98,120" hai3="83,114,66,41,85,1,2,29,123,17,124,60,133"/><T0/><D119/><U46/><E3/><V18/><F127/><W92/><G114/><T30/><D113/><U110/><E116/><V13/><F117/><W43/><G124/><T65/><D131/><U111/><E101/><V135/><F135/><W72/><G133/><T82/><D30/><U25/><E14/><V59/><F13/><W50/><G29/><T95/><D0/><U134/><E134/><V126/><F126/><W58/><G123/><T99/><D37/><U19/><E22/><V125/><F125/><W7/><G72/><T36/><D36/><U97/><E97/><V54/><F106/><W21/><G2/><T5/><D5/><U11/><E11/><V15/><F12/><W31/><G31/><T67/><D74/><U103/><E103/><V10/><F33/><W4/><G1/><T8/><D8/><U91/><E91/><V94/><F121/><W100/><G50/><T9/><D9/><U24/><E24/><V86/><F120/><W84/><G43/><T34/><D34/><U109/><REACH who="1" step="1"/><E69/><REACH who="1" ten="250,240,250,250" step="2"/><V70/><F70/><W115/><G115/><T55/><D76/><AGARI ba="0,1" hai="19,23,25,46,48,53,61,63,76,77,79,109,110,111" machi="76" ten="40,5200,0" yaku="1,1,2,1,14,1,53,0" doraHai="90" doraHaiUra="87" who="1" fromWho="0" sc="250,-52,240,62,250,0,250,0" /><INIT seed="1,0,0,0,3,50" ten="198,302,250,250" oya="1" hai0="59,119,96,20,67,9,56,83,130,93,79,36,70" hai1="42,3,98,128,69,6,51,28,23,54,22,78,94" hai2="14,87,60,72,110,57,65,33,58,13,125,126,16" hai3="129,122,18,61,29,68,111,47,101,123,30,76,55"/><U2/><E69/><V124/><F72/><W100/><G76/><T21/><D119/><U74/><E42/><V62/><F33/><W88/><G111/><T134/><D36/><U24/><E128/><V84/><F110/><W89/><G129/><T75/><D130/><U104/><E104/><V17/><F125/><W108/><G108/><T38/><D38/><U86/><E74/><V118/><REACH who="2" step="1"/><F65/><REACH who="2" ten="198,302,240,250" step="2"/><W80/><G123/><T4/><D134/><U113/><E113/><V41/><F41/><W81/><G122/><T64/><D67/><U66/><E66/><V27/><F27/><W39/><G68/><T77/><D70/><U8/><E2/><V1/><F1/><W105/><G105/><T92/><D64/><U120/><E120/><V117/><AGARI ba="0,1" hai="13,14,16,17,57,58,60,62,84,87,117,118,124,126" machi="117" ten="25,8000,1" yaku="1,1,0,1,22,2,54,1,53,0" doraHai="50" doraHaiUra="48" who="2" fromWho="2" sc="198,-20,302,-40,240,90,250,-20" /><INIT seed="2,0,0,0,5,37" ten="178,262,330,230" oya="2" hai0="27,1,116,13,18,87,29,108,112,123,2,89,66" hai1="0,135,121,41,21,63,25,96,31,114,12,49,77" hai2="9,115,59,94,74,39,28,126,104,22,14,11,83" hai3="34,35,26,133,69,64,80,128,72,45,111,107,88"/><V98/><F115/><W106/><G111/><T99/><D123/><U122/><E0/><V65/><F104/><W78/><G128/><T40/><D112/><U84/><E114/><V51/><F39/><W52/><G133/><T100/><D116/><U19/><E135/><V131/><F126/><W101/><G88/><T127/><D66/><U23/><E96/><V70/><F70/><W93/><G93/><T109/><D127/><U17/><E63/><V68/><F68/><W5/><G5/><T81/><D40/><U95/><E95/><V120/><F120/><N who="1" m="46185" /><E84/><V43/><F131/><W124/><G124/><T30/><D2/><U60/><E60/><V20/><F65/><W75/><G75/><T110/><D27/><U117/><E77/><V15/><F74/><W4/><G4/><T62/><D1/><U71/><E71/><V113/><F113/><W47/><G64/><T57/><D57/><U32/><E117/><V90/><F59/><W3/><G69/><T46/><D46/><N who="3" m="17417" /><G3/><T102/><D62/><U10/><E49/><V73/><F51/><W44/><G26/><T24/><D24/><N who="1" m="18535" /><E41/><V36/><F43/><W16/><G107/><N who="0" m="63903" /><D102/><U79/><E79/><V7/><F36/><W97/><G44/><T119/><D119/><U67/><E67/><V53/><F73/><W6/><G101/><T42/><D42/><U85/><E85/><V55/><F98/><W134/><G72/><T118/><D118/><U54/><E54/><V33/><F55/><W129/><G52/><T91/><D91/><U86/><E86/><V125/><F125/><W38/><G97/><RYUUKYOKU ba="0,0" sc="178,15,262,15,330,-15,230,-15" hai0="13,18,29,30,81,87,89,108,109,110" hai1="10,12,17,19,21,23,25" /><INIT seed="3,1,0,3,5,6" ten="193,277,315,215" oya="3" hai0="103,64,72,73,99,117,120,33,37,91,98,45,35" hai1="80,108,79,23,134,84,21,85,102,44,107,15,125" hai2="112,7,82,22,3,78,94,20,86,18,122,68,97" hai3="69,10,17,28,16,55,118,75,27,51,66,56,105"/><W43/><G105/><T109/><D120/><U57/><E108/><V71/><F112/><W50/><G75/><T116/><D64/><U19/><E134/><V5/><F122/><W47/><G118/><T12/><D109/><U76/><E125/><V119/><F119/><N who="0" m="45642" /><D12/><U30/><E44/><V100/><F22/><N who="3" m="15479" /><G69/><T34/><D91/><U131/><E131/><V67/><F67/><W70/><G70/><T114/><D114/><U83/><E57/><V110/><F7/><W129/><G129/><T106/><D99/><U4/><E4/><V25/><REACH who="2" step="1"/><F110/><REACH who="2" ten="193,277,305,215" step="2"/><W9/><G66/><T128/><D128/><U54/><E23/><V41/><F41/><AGARI ba="1,1" hai="33,34,35,37,41,45,72,73,98,103,106" m="45642" machi="41" ten="40,1300,0" yaku="23,1" doraHai="6" who="0" fromWho="2" sc="193,26,277,0,305,-16,215,0" /><INIT seed="4,0,0,1,0,97" ten="219,277,289,215" oya="0" hai0="121,110,50,112,94,6,1,11,120,25,47,45,129" hai1="35,18,98,114,80,43,107,88,41,42,36,65,48" hai2="89,123,23,73,12,44,122,92,57,51,84,104,38" hai3="117,119,85,4,116,127,33,8,52,70,102,82,132"/><T29/><D110/><U135/><E35/><V105/><F73/><W16/><G33/><T74/><D74/><U62/><E36/><V76/><F76/><W108/><G108/><T32/><D129/><U78/><E135/><V30/><F38/><W15/><G132/><T118/><D118/><U56/><E114/><V128/><F128/><W24/><G70/><T134/><D112/><U20/><E48/><V72/><F72/><W59/><G127/><T130/><D130/><U66/><E78/><V34/><F34/><W93/><G24/><T99/><D134/><U46/><E46/><V87/><F87/><W126/><G126/><T40/><REACH who="0" step="1"/><D45/><REACH who="0" ten="209,277,289,215" step="2"/><U124/><E124/><V39/><F44/><W106/><G119/><T13/><D13/><U111/><E111/><V90/><F12/><W3/><G117/><T37/><D37/><U109/><E109/><V95/><F39/><W28/><G116/><T69/><D69/><U14/><E14/><V86/><F123/><W22/><G15/><T54/><D54/><U17/><E43/><V101/><F122/><W77/><G52/><T67/><D67/><U0/><E65/><V27/><F57/><W75/><G59/><T115/><D115/><U71/><E56/><V83/><F27/><N who="3" m="14791" /><G75/><T21/><D21/><U64/><E20/><V96/><F23/><W9/><G28/><T133/><D133/><U53/><E71/><V60/><F30/><W91/><G9/><T68/><D68/><U81/><E53/><V113/><F113/><W63/><G8/><T100/><AGARI ba="0,1" hai="1,6,11,25,29,32,40,47,50,94,99,100,120,121" machi="100" ten="20,12000,1" yaku="1,1,0,1,7,1,52,1,53,1" doraHai="97" doraHaiUra="5" who="0" fromWho="0" sc="209,130,277,-40,289,-40,215,-40" /><INIT seed="4,1,0,5,0,80" ten="339,237,249,175" oya="0" hai0="57,89,96,22,81,48,59,8,2,128,111,34,68" hai1="16,53,86,35,55,133,91,87,85,100,5,123,98" hai2="25,11,40,130,0,95,67,6,4,88,50,121,70" hai3="119,65,37,24,126,21,62,102,135,108,43,118,29"/><T117/><D34/><U39/><E35/><V23/><F121/><W47/><G108/><T72/><D68/><U1/><E39/><V115/><F115/><W97/><G135/><T27/><D117/><U26/><E123/><V106/><F106/><W129/><G129/><T10/><D111/><U84/><E133/><V63/><F130/><W3/><G3/><T131/><D72/><U113/><E113/><V103/><F6/><W132/><G126/><T112/><D112/><U19/><E5/><V41/><F103/><W66/><G132/><T42/><D2/><U18/><E1/><V44/><F41/><W7/><G7/><T76/><D76/><U14/><E26/><V99/><F23/><W74/><G74/><T49/><D128/><U104/><REACH who="1" step="1"/><E14/><REACH who="1" ten="339,227,249,175" step="2"/><V52/><F25/><W13/><G13/><T93/><D131/><U28/><E28/><V73/><F0/><W46/><G46/><T64/><D27/><U31/><E31/><V122/><F122/><W15/><G15/><T79/><D10/><U92/><AGARI ba="1,1" hai="16,18,19,53,55,84,85,86,87,91,92,98,100,104" machi="92" ten="30,12000,2" yaku="1,1,0,1,52,4,54,1,53,0" doraHai="80" doraHaiUra="33" who="1" fromWho="1" sc="339,-61,227,133,249,-31,175,-31" /><INIT seed="5,0,0,3,2,75" ten="278,360,218,144" oya="1" hai0="122,78,113,47,45,120,34,100,65,62,61,9,12" hai1="67,80,38,66,52,8,53,102,69,21,101,7,40" hai2="125,37,85,83,73,23,50,107,60,133,3,116,49" hai3="31,46,95,15,94,81,27,135,88,119,36,28,84"/><U105/><E21/><V132/><F116/><W44/><G119/><T29/><D113/><U111/><E111/><V86/><F107/><W130/><G130/><T48/><D100/><U18/><E18/><V110/><F37/><W4/><G135/><T55/><D78/><U0/><E102/><V92/><F3/><W42/><G44/><T128/><D128/><U127/><E127/><V35/><F35/><W115/><G115/><T121/><D47/><U17/><E17/><V41/><F73/><W112/><G112/><T43/><D43/><U22/><E22/><V106/><F106/><W114/><G114/><T93/><D93/><U19/><E19/><V16/><F110/><W96/><G94/><T79/><D79/><U89/><E101/><V56/><F125/><W103/><REACH who="3" step="1"/><G27/><REACH who="3" ten="278,360,218,134" step="2"/><N who="0" m="18751" /><D65/><U5/><E105/><V57/><F133/><W54/><G54/><T108/><D108/><U30/><E52/><V32/><F132/><W14/><G14/><T6/><AGARI ba="0,1" hai="6,9,12,45,48,55,61,62,120,121,122" m="18751" machi="6" ten="30,1100,0" yaku="13,1" doraHai="75" who="0" fromWho="0" sc="278,21,360,-5,218,-3,134,-3" /><INIT seed="6,0,0,3,2,59" ten="299,355,215,131" oya="2" hai0="86,125,35,134,23,49,63,133,9,120,11,14,43" hai1="97,24,111,135,47,58,30,51,76,106,3,29,52" hai2="48,131,96,108,55,22,90,33,102,37,101,83,82" hai3="84,45,117,28,39,65,87,80,72,77,122,71,70"/><V50/><F33/><W69/><G117/><T56/><D35/><U20/><E3/><V128/><F37/><W129/><G122/><T8/><D120/><U109/><E76/><V93/><F108/><W95/><G129/><N who="2" m="49737" /><F50/><W98/><G28/><T10/><D125/><U0/><E0/><V118/><F22/><W12/><G12/><T99/><D99/><U91/><E30/><V38/><F38/><W114/><G114/><T88/><D49/><U78/><E78/><V64/><F118/><W16/><G16/><N who="0" m="10647" /><D43/><U46/><E135/><N who="0" m="51721" /><D10/><U2/><E2/><V31/><F31/><W124/><G124/><T121/><D121/><U110/><REACH who="1" step="1"/><E91/><REACH who="1" ten="299,345,215,131" step="2"/><V13/><F90/><W79/><G79/><T67/><D9/><U92/><E92/><AGARI ba="0,1" hai="8,11,56,63,67,86,88,92" m="51721,10647" machi="92" ten="30,7700,0" yaku="20,1,52,1,54,2" doraHai="59" who="0" fromWho="1" sc="299,87,345,-77,215,0,131,0" /><INIT seed="7,0,0,0,0,111" ten="386,268,215,131" oya="3" hai0="75,112,87,48,25,100,63,76,39,95,99,28,23" hai1="129,70,42,49,110,64,81,83,33,15,124,10,73" hai2="117,17,27,79,54,131,132,1,50,55,89,85,20" hai3="52,4,41,128,123,77,11,16,2,29,118,13,96"/><W108/><G118/><T26/><D112/><U68/><E33/><V22/><F1/><W62/><G123/><T56/><D39/><U5/><E110/><V102/><F117/><W45/><G108/><T46/><D75/><U98/><E70/><V107/><F132/><W38/><G128/><T130/><D130/><U7/><E129/><V88/><F131/><W74/><G29/><T57/><D63/><U14/><E73/><V86/><F79/><W126/><G126/><T6/><D6/><U60/><E98/><V71/><F71/><W109/><G109/><T80/><D26/><U53/><E42/><AGARI ba="0,0" hai="23,25,28,42,46,48,56,57,76,80,87,95,99,100" machi="42" ten="30,2000,0" yaku="7,1,8,1" doraHai="111" who="0" fromWho="1" sc="386,20,268,-20,215,0,131,0" owari="406,50.0,248,5.0,215,-18.0,131,-37.0" /></mjloggm>