<mjloggm ver="2.3"><GO type="169" lobby="0"/><UN n0="%E5%B0%B1%E6%B4%BB%E7%94%9F%40%E5%B7%9D%E6%9D%91%E8%BB%8D%E5%9B%A3" n1="%6F%6E%65%73%74%61%72" n2="%E5%B9%B3%E4%BA%95%E9%8A%80%E4%BA%8C" n3="%53%48%49%53%55%4B%45" dan="17,17,16,16" rate="2209.96,2210.81,2109.65,2145.18" sx="M,M,F,M"/><TAIKYOKU oya="0"/><INIT seed="0,0,0,1,0,9" ten="250,250,250,250" oya="0" hai0="95,32,55,100,121,115,64,114,50,30,105,8,118" hai1="72,46,83,67,76,7,116,127,66,5,14,91,112" hai2="28,56,89,86,78,45,107,96,99,81,25,31,98" hai3="110,37,21,109,117,111,131,73,106,87,85,130,71"/><T70/><D118/><U74/><E116/><V24/><F107/><W15/><G117/><T23/><D121/><U69/><E112/><V48/><F56/><W75/><G106/><T104/><D104/><U47/><E127/><V135/><F135/><W43/><G71/><T61/><D8/><U49/><E69/><V17/><F78/><W58/><G58/><T0/><D0/><U36/><E36/><V38/><F38/><W59/><G59/><T16/><D30/><U26/><E26/><N who="2" m="10347" /><F17/><N who="3" m="10431" /><G43/><AGARI ba="0,0" hai="28,31,43,45,48,81,86,89,96,98,99" m="10347" machi="43" ten="30,1000,0" yaku="8,1" doraHai="9" who="2" fromWho="3" sc="250,0,250,0,250,10,250,-10" /><INIT seed="1,0,0,3,3,23" ten="250,250,260,240" oya="1" hai0="9,78,122,97,43,115,110,103,19,89,87,17,134" hai1="112,40,34,130,95,80,14,28,85,35,59,31,12" hai2="111,70,104,32,20,74,39,8,96,61,33,53,65" hai3="118,117,119,114,0,76,66,100,132,120,93,102,49"/><U68/><E68/><V107/><F74/><W21/><G114/><T121/><D115/><U67/><E112/><V71/><F71/><W25/><G120/><T86/><D110/><U127/><E40/><V79/><F111/><W106/><G106/><T10/><D43/><U58/><E95/><V7/><F79/><W94/><G0/><T77/><D134/><U123/><E85/><V69/><F69/><W47/><G76/><T3/><D97/><U92/><E92/><N who="3" m="35434" /><G66/><T13/><D103/><U131/><E67/><V60/><F39/><W42/><G132/><T99/><D99/><U45/><E45/><V126/><F126/><W125/><G125/><T54/><D3/><U84/><E84/><V46/><F107/><W124/><G124/><T16/><D19/><AGARI ba="0,0" hai="19,21,25,42,47,49,100,102,117,118,119" m="35434" machi="19" ten="30,2000,0" yaku="12,1,52,1" doraHai="23" who="3" fromWho="0" sc="250,-20,250,0,260,0,240,20" /><INIT seed="2,0,0,2,5,57" ten="230,250,260,260" oya="2" hai0="124,35,32,109,61,118,133,119,125,94,47,89,19" hai1="67,76,63,112,64,25,43,45,53,83,80,114,46" hai2="128,11,31,87,69,15,90,111,38,50,20,42,93" hai3="79,98,122,95,105,97,75,88,9,134,82,71,78"/><V10/><F69/><W86/><G71/><T12/><D47/><U41/><E25/><V135/><F135/><W91/><G122/><T115/><D115/><U56/><E76/><V107/><F38/><W51/><G51/><T116/><D109/><U8/><E8/><V40/><F107/><W70/><G70/><T55/><D133/><U37/><E83/><V113/><F113/><N who="1" m="43625" /><E80/><V1/><F1/><W52/><G52/><T21/><D55/><U26/><E26/><N who="2" m="16839" /><F128/><W65/><G65/><T62/><D32/><U127/><E127/><N who="0" m="48713" /><D35/><U28/><E28/><V6/><F111/><W23/><G23/><T77/><D77/><N who="3" m="29193" /><G9/><T92/><D92/><U16/><E16/><N who="2" m="8319" /><F50/><AGARI ba="0,0" hai="37,41,43,45,46,50,53,56,63,64,67" m="43625" machi="50" ten="30,3900,0" yaku="34,2,52,1" doraHai="57" who="1" fromWho="2" sc="230,0,250,39,260,-39,260,0" /><INIT seed="3,0,0,1,4,51" ten="230,289,221,260" oya="3" hai0="1,48,15,134,17,43,100,33,24,12,128,117,71" hai1="11,28,130,67,105,98,5,72,82,7,77,62,4" hai2="129,56,64,46,53,16,126,91,110,22,29,69,106" hai3="6,37,3,104,88,92,102,86,101,34,115,121,38"/><W70/><G121/><T125/><D117/><U83/><E130/><V94/><F129/><W26/><G115/><T35/><D71/><U52/><E28/><V120/><F106/><W50/><G70/><T39/><D39/><U114/><E114/><V95/><F120/><W59/><G3/><T20/><D100/><U132/><E132/><V66/><F69/><W14/><G38/><T19/><D43/><U60/><E67/><V49/><F110/><W127/><G37/><T65/><D65/><N who="2" m="25194" /><F126/><W108/><G127/><T73/><D73/><U113/><E113/><V9/><F29/><W30/><G108/><T61/><D61/><U116/><E116/><V0/><F0/><W96/><G102/><T135/><D48/><U124/><E124/><V107/><F107/><W2/><G2/><T112/><D125/><U27/><E27/><N who="2" m="14791" /><F9/><W42/><G14/><T41/><D128/><U84/><E11/><V75/><F75/><W54/><REACH who="3" step="1"/><G42/><REACH who="3" ten="230,289,221,250" step="2"/><T10/><D41/><U8/><E7/><AGARI ba="0,1" hai="6,7,26,30,34,50,54,59,86,88,92,96,101,104" machi="7" ten="40,12000,1" yaku="1,1,2,1,52,1,54,1,53,1" doraHai="51" doraHaiUra="45" who="3" fromWho="1" sc="230,0,289,-120,221,0,250,130" /><INIT seed="3,1,0,1,0,111" ten="230,169,221,380" oya="3" hai0="56,107,44,9,88,21,53,103,43,38,48,11,60" hai1="67,86,65,16,8,64,46,80,135,114,4,119,20" hai2="40,105,47,23,127,61,89,42,120,32,27,10,121" hai3="37,1,34,29,78,90,54,95,79,131,14,70,85"/><W58/><G1/><T18/><D103/><U25/><E119/><V77/><F32/><W82/><G70/><T92/><D107/><U112/><E135/><V17/><F105/><W118/><G118/><T126/><D126/><U5/><E46/><V35/><F127/><W75/><G37/><T96/><REACH who="0" step="1"/><D38/><REACH who="0" ten="220,169,221,380" step="2"/><U59/><E59/><V62/><F120/><W39/><G39/><T12/><AGARI ba="1,1" hai="9,11,12,18,21,43,44,48,53,56,60,88,92,96" machi="12" ten="20,12000,2" yaku="1,1,2,1,0,1,7,1,8,1,54,1,53,0" doraHai="111" doraHaiUra="71" who="0" fromWho="0" sc="220,133,169,-31,221,-31,380,-61" /><INIT seed="4,0,0,1,3,45" ten="353,138,190,319" oya="0" hai0="47,101,51,7,58,120,116,126,40,81,26,4,67" hai1="95,42,3,23,96,75,78,122,106,93,65,60,72" hai2="52,92,50,10,85,107,29,37,105,54,124,22,1" hai3="109,0,16,111,112,115,80,82,59,24,68,19,74"/><T63/><D120/><U14/><E122/><V125/><F37/><W94/><G68/><T39/><D116/><U69/><E3/><V71/><F71/><W11/><G59/><T110/><D126/><N who="2" m="48746" /><F1/><W66/><G66/><T31/><D110/><U114/><E114/><N who="3" m="43562" /><G94/><T18/><D18/><N who="3" m="6697" /><G24/><T104/><D39/><U135/><E135/><V41/><F105/><W128/><G128/><T33/><D81/><N who="3" m="31337" /><G74/><T90/><D90/><U117/><E95/><V119/><F107/><W73/><G73/><T28/><D28/><U98/><E106/><V102/><F119/><W57/><G57/><T84/><D84/><U123/><E117/><V5/><F85/><W12/><G0/><T35/><REACH who="0" step="1"/><D33/><REACH who="0" ten="343,138,190,319" step="2"/><U79/><E123/><V133/><F29/><W56/><G111/><T108/><D108/><U32/><E75/><V43/><F133/><W70/><G109/><T6/><D6/><U113/><E72/><V17/><F5/><W36/><G36/><T121/><D121/><U76/><E32/><V15/><F17/><W129/><G11/><T61/><D61/><U53/><E60/><V132/><F10/><W130/><G130/><T103/><D103/><U131/><E113/><V99/><F132/><W8/><G129/><T13/><D13/><U97/><E131/><V25/><F15/><W77/><G12/><T49/><D49/><U30/><E14/><V48/><F48/><W2/><G8/><T44/><D44/><U46/><E46/><V55/><F50/><W88/><G2/><T64/><D64/><U27/><E30/><N who="2" m="17719" /><F102/><W127/><G127/><T118/><D118/><RYUUKYOKU ba="0,1" sc="343,15,138,-15,190,15,319,-15" hai0="4,7,26,31,35,40,47,51,58,63,67,101,104" hai2="41,43,52,54,55,92,99" /><INIT seed="4,1,1,3,5,127" ten="358,123,205,304" oya="0" hai0="38,41,39,33,100,102,8,18,34,37,129,116,76" hai1="81,2,84,121,72,123,83,95,29,36,120,71,67" hai2="90,5,48,94,91,6,57,117,61,124,47,27,103" hai3="58,63,64,97,21,17,78,62,19,65,10,87,24"/><T96/><D116/><U108/><E36/><V114/><F117/><W98/><G78/><T54/><D76/><N who="1" m="44167" /><E2/><V7/><F114/><W109/><G87/><T85/><D41/><U110/><E29/><V118/><F124/><W79/><G79/><T88/><D54/><U77/><E67/><N who="2" m="39343" /><F118/><W0/><G109/><N who="1" m="42090" /><E71/><V4/><F4/><W132/><G132/><T44/><D44/><U51/><E51/><V35/><F35/><W93/><G0/><T111/><D111/><U106/><E95/><V131/><F6/><W59/><G93/><T26/><D34/><U13/><E13/><AGARI ba="1,1" hai="10,13,17,19,21,24,58,59,62,63,64,65,97,98" machi="13" ten="40,2600,0" yaku="9,1,8,1" doraHai="127" who="3" fromWho="1" sc="358,0,123,-29,205,0,304,39" /><INIT seed="5,0,0,5,2,130" ten="358,94,205,343" oya="1" hai0="128,127,18,28,91,86,110,108,95,37,98,93,103" hai1="123,70,9,13,77,80,14,39,129,87,100,56,17" hai2="126,33,19,84,72,134,114,101,36,112,42,2,20" hai3="26,111,34,92,88,44,118,63,51,67,10,116,73"/><U38/><E70/><V81/><F72/><W89/><G111/><T52/><D37/><U135/><E123/><V120/><F33/><W0/><G73/><T46/><D127/><U99/><E129/><V15/><F120/><W25/><G0/><T47/><D128/><U6/><E56/><V53/><F2/><W68/><G10/><T107/><D28/><U66/><E66/><V79/><F126/><W115/><G115/><N who="2" m="44073" /><F101/><W32/><G32/><T12/><D107/><U90/><E77/><V105/><F105/><W132/><G132/><T31/><D31/><U69/><E69/><V122/><F122/><W60/><G60/><T62/><D108/><U58/><E58/><V8/><F53/><W1/><G1/><T75/><D75/><U7/><E135/><V59/><F59/><W24/><G34/><T4/><D4/><U45/><E45/><N who="2" m="23751" /><F8/><W133/><G133/><AGARI ba="0,0" hai="15,19,20,79,81,84,133,134" m="23751,44073" machi="133" ten="30,7700,0" yaku="15,1,11,1,52,2" doraHai="130" who="2" fromWho="3" sc="358,0,94,0,205,77,343,-77" /><INIT seed="6,0,0,3,4,45" ten="358,94,282,266" oya="2" hai0="24,41,57,103,93,8,77,11,95,51,105,127,30" hai1="96,84,47,6,108,126,26,94,118,80,89,87,40" hai2="3,76,75,21,134,39,50,112,129,117,111,65,36" hai3="135,125,54,56,85,58,119,71,9,121,59,43,34"/><V120/><F50/><W97/><G121/><T81/><D127/><U27/><E126/><V63/><F63/><W72/><G119/><T13/><D105/><U1/><E118/><V66/><F66/><W10/><G72/><T28/><D11/><U88/><E108/><V46/><F46/><W133/><G71/><T113/><D113/><U101/><E6/><V32/><F21/><W16/><G125/><T4/><D103/><U124/><E1/><V15/><F15/><W38/><G34/><T122/><D122/><U62/><E62/><V33/><F65/><W61/><G85/><N who="0" m="48303" /><D41/><U37/><REACH who="1" step="1"/><E124/><REACH who="1" ten="358,84,282,266" step="2"/><V35/><F3/><W99/><G61/><T132/><D132/><U82/><AGARI ba="0,1" hai="26,27,37,40,47,80,82,84,87,88,89,94,96,101" machi="82" ten="20,12000,2" yaku="1,1,2,1,0,1,7,1,9,1,54,1,53,0" doraHai="45" doraHaiUra="14" who="1" fromWho="1" sc="358,-30,84,130,282,-60,266,-30" /><INIT seed="7,0,0,0,2,38" ten="328,214,222,236" oya="3" hai0="96,135,109,46,113,86,105,18,11,45,25,103,17" hai1="82,59,70,53,89,92,115,100,72,16,95,19,8" hai2="60,6,101,67,81,55,14,31,73,30,116,51,74" hai3="120,56,44,42,118,80,93,124,125,43,121,50,97"/><W122/><G118/><T133/><D109/><U129/><E115/><V64/><F116/><W104/><G104/><T107/><D107/><U13/><E129/><V111/><F111/><W9/><G56/><T7/><D113/><U39/><E39/><V62/><F101/><W110/><G110/><T26/><D86/><N who="1" m="50391" /><E72/><V94/><F94/><N who="1" m="35881" /><E70/><V65/><F73/><W58/><G58/><T3/><D25/><U75/><E75/><V12/><F74/><W66/><G66/><N who="2" m="16897" /><V57/><DORA hai="10" /><F81/><W127/><G80/><T131/><D131/><U112/><E112/><V1/><F1/><W91/><G9/><T61/><D61/><N who="2" m="23658" /><F6/><W63/><G63/><T48/><D7/><N who="1" m="3231" /><E100/><V117/><F117/><W0/><G0/><T36/><D103/><U4/><E4/><V78/><F78/><W28/><G28/><AGARI ba="0,0" hai="12,14,28,30,31,51,55,57" m="23658,16897" machi="28" ten="40,5200,0" yaku="8,1,52,2" doraHai="38,10" who="2" fromWho="3" sc="328,0,214,0,222,52,236,-52" owari="328,44.0,214,-19.0,274,7.0,184,-32.0" /></mjloggm>