<mjloggm ver="2.3"><GO type="169" lobby="0"/><UN n0="%E3%82%A6%E3%83%AB%E3%83%88%E3%83%A9%E7%AB%8B%E7%9B%B4" n1="%46%41%49%52" n2="%E3%83%92%E3%81%A8%E3%82%B7" n3="%E3%83%AD%E3%83%B3%E3%82%88%E3%82%8A%E8%A8%BC%E6%8B%A0" dan="18,16,16,17" rate="2216.13,2013.00,2133.23,2194.24" sx="M,M,M,M"/><TAIKYOKU oya="0"/><INIT seed="0,0,0,0,0,85" ten="250,250,250,250" oya="0" hai0="100,113,9,125,23,70,133,24,135,75,20,73,120" hai1="91,53,61,60,83,4,84,94,15,49,111,42,129" hai2="26,93,17,112,39,81,124,51,57,52,45,58,115" hai3="1,92,27,33,82,97,64,8,36,14,104,128,16"/><T114/><D70/><U69/><E111/><V132/><F124/><W96/><G36/><T119/><D100/><U62/><E129/><V78/><F132/><N who="0" m="50762" /><D120/><U134/><E134/><V47/><F93/><W102/><G128/><T109/><D119/><U10/><E42/><V90/><F39/><W123/><G123/><T66/><D66/><U25/><E25/><V101/><F101/><W126/><G126/><T46/><D125/><U32/><E32/><V54/><F112/><N who="0" m="43114" /><D109/><U95/><REACH who="1" step="1"/><E69/><REACH who="1" ten="250,240,250,250" step="2"/><V6/><F115/><W38/><G33/><T55/><D24/><U35/><E35/><V0/><F26/><W110/><G27/><T88/><D75/><U121/><E121/><V3/><F0/><W48/><G110/><T41/><D73/><U2/><E2/><V116/><F3/><W5/><G1/><T68/><D68/><U122/><E122/><V29/><F116/><W30/><G30/><T37/><D41/><U108/><E108/><V80/><F29/><W106/><G14/><T34/><D34/><U50/><E50/><V76/><F51/><W18/><G38/><T99/><D37/><U44/><AGARI ba="0,1" hai="4,10,15,44,49,53,60,61,62,83,84,91,94,95" machi="44" ten="30,12000,2" yaku="1,1,0,1,8,1,52,1,53,3" doraHai="85" doraHaiUra="59" who="1" fromWho="1" sc="250,-60,240,130,250,-30,250,-30" /><INIT seed="1,0,0,2,2,49" ten="190,370,220,220" oya="1" hai0="7,36,120,72,135,9,116,64,69,20,52,56,122" hai1="91,80,94,66,81,6,128,30,104,82,50,84,60" hai2="34,111,39,119,25,51,46,43,73,8,107,132,117" hai3="65,90,35,44,31,97,105,57,3,96,19,26,134"/><U123/><E104/><V14/><F107/><W131/><G3/><T121/><D116/><U11/><E123/><V79/><F111/><W74/><G74/><T2/><D36/><U12/><E128/><V102/><F102/><W13/><G131/><T114/><D72/><U21/><E50/><V71/><F71/><W83/><G134/><T61/><D135/><U103/><E103/><V129/><F129/><W24/><G105/><T22/><REACH who="0" step="1"/><D114/><REACH who="0" ten="180,370,220,220" step="2"/><U75/><E75/><V126/><F132/><W100/><G35/><T23/><D23/><U27/><REACH who="1" step="1"/><E81/><REACH who="1" ten="180,360,220,220" step="2"/><V40/><F73/><W92/><G83/><T77/><D77/><U53/><E53/><V58/><F79/><W41/><G41/><T55/><D55/><U68/><AGARI ba="0,2" hai="6,11,12,21,27,30,60,66,68,80,82,84,91,94" machi="68" ten="20,12000,1" yaku="1,1,0,1,7,1,53,2" doraHai="49" doraHaiUra="78" who="1" fromWho="1" sc="180,-40,360,140,220,-40,220,-40" /><INIT seed="1,1,0,2,1,2" ten="140,500,180,180" oya="1" hai0="118,109,105,123,85,100,108,101,6,132,19,77,104" hai1="80,60,89,78,79,130,69,55,24,133,134,18,50" hai2="76,52,103,121,122,71,102,74,64,21,63,131,48" hai3="88,39,135,117,16,34,92,90,106,110,73,61,81"/><U87/><E130/><V66/><F66/><W113/><G106/><N who="0" m="41067" /><D19/><U112/><E112/><V37/><F37/><W38/><G113/><T128/><D118/><U47/><E69/><V0/><F131/><W45/><G34/><T95/><D128/><U26/><E60/><V82/><F0/><W75/><G117/><T114/><D6/><U30/><E18/><V125/><F125/><W29/><G29/><T49/><D49/><U7/><E7/><V124/><F124/><W23/><G61/><T17/><D17/><U43/><E43/><V98/><F21/><W40/><G39/><T62/><D62/><U119/><E119/><V93/><REACH who="2" step="1"/><F103/><REACH who="2" ten="140,500,170,180" step="2"/><N who="0" m="39498" /><D114/><U126/><E126/><V107/><F107/><W9/><G23/><T31/><D31/><U5/><E30/><V56/><AGARI ba="1,1" hai="48,52,56,63,64,71,74,76,82,93,98,102,121,122" machi="56" ten="20,5200,0" yaku="1,1,0,1,7,1,54,1,53,0" doraHai="2" doraHaiUra="12" who="2" fromWho="2" sc="140,-14,500,-27,170,65,180,-14" /><INIT seed="2,0,0,1,0,102" ten="126,473,235,166" oya="2" hai0="9,95,71,68,19,13,97,116,118,39,37,100,20" hai1="78,51,53,101,80,60,17,82,2,126,64,117,120" hai2="1,66,79,38,86,88,99,128,41,125,115,75,69" hai3="122,93,133,35,45,98,31,106,49,58,52,15,112"/><V43/><F115/><W23/><G122/><T22/><D9/><U110/><E117/><V30/><F1/><W7/><G112/><T108/><D108/><U28/><E2/><V84/><F75/><W21/><G133/><T135/><D135/><U56/><E126/><V29/><F125/><W94/><G35/><T131/><D131/><U34/><E120/><V5/><F5/><W3/><G3/><T132/><D132/><U46/><E101/><V32/><F128/><W8/><G106/><T107/><D22/><U109/><E17/><V113/><F32/><W124/><G124/><T104/><D68/><U90/><E90/><V18/><F99/><W70/><G70/><T44/><D71/><U11/><E11/><V27/><F66/><W130/><G130/><T96/><D96/><U77/><E80/><N who="2" m="47135" /><F38/><N who="0" m="14346" /><D44/><U65/><E65/><V4/><F4/><W89/><G31/><N who="2" m="11785" /><F69/><W0/><G0/><T59/><D59/><U36/><E36/><V123/><F123/><W14/><G14/><T114/><D114/><U33/><E28/><V25/><F113/><W111/><G111/><N who="1" m="42506" /><E77/><V26/><F18/><W42/><REACH who="3" step="1"/><G94/><AGARI ba="0,0" hai="25,26,27,41,43,86,88,94" m="11785,47135" machi="94" ten="30,2900,0" yaku="8,1,54,1" doraHai="102" who="2" fromWho="3" sc="126,0,473,0,235,29,166,-29" /><INIT seed="2,1,0,4,4,108" ten="126,473,264,137" oya="2" hai0="55,129,131,24,96,56,43,69,28,103,74,48,71" hai1="89,31,60,90,7,116,44,49,30,39,62,8,61" hai2="102,54,122,95,45,107,52,115,38,42,47,50,17" hai3="124,5,80,3,21,82,41,58,6,72,110,97,121"/><V46/><F122/><W86/><G121/><T88/><D74/><U126/><E116/><V67/><F107/><W51/><G110/><T2/><D2/><U135/><E126/><V105/><F105/><W37/><G37/><T133/><D43/><U128/><E135/><V119/><F119/><W101/><G124/><T35/><D133/><U57/><E128/><N who="0" m="49225" /><D88/><N who="1" m="33899" /><E39/><V77/><F77/><W125/><G125/><T65/><D65/><U111/><E57/><V120/><F120/><W91/><G3/><T22/><D35/><U104/><E104/><AGARI ba="1,0" hai="22,24,28,48,55,56,69,71,96,103,104" m="49225" machi="104" ten="30,1000,0" yaku="19,1" doraHai="108" who="0" fromWho="1" sc="126,13,473,-13,264,0,137,0" /><INIT seed="3,0,0,2,2,119" ten="139,460,264,137" oya="3" hai0="5,29,40,2,118,124,93,82,108,104,127,123,9" hai1="116,84,74,20,100,87,25,3,128,106,96,112,0" hai2="52,122,91,58,101,45,126,107,98,32,111,65,85" hai3="37,130,71,97,50,1,67,110,34,133,38,55,54"/><W18/><G1/><T69/><D104/><U17/><E112/><V131/><F111/><W14/><G34/><T117/><D69/><U48/><E128/><V56/><F126/><N who="0" m="48170" /><D108/><U10/><E74/><V12/><F32/><W125/><G125/><T77/><D29/><U22/><E116/><N who="0" m="44649" /><D93/><U95/><E48/><V134/><F131/><W44/><G133/><T121/><D40/><U59/><E59/><V13/><F134/><W113/><G113/><T92/><D92/><U11/><E22/><V6/><F45/><W39/><G130/><T88/><D88/><U27/><E25/><V41/><F41/><W46/><G110/><T132/><D132/><U28/><E28/><V64/><F58/><W81/><G81/><T102/><D102/><U23/><E20/><V26/><F26/><W42/><G97/><T57/><D57/><U30/><E30/><V61/><F91/><W49/><G71/><T19/><D19/><U75/><E106/><V62/><F56/><W7/><G7/><T36/><D36/><U66/><E100/><V94/><F98/><W47/><REACH who="3" step="1"/><G67/><REACH who="3" ten="139,460,264,127" step="2"/><T31/><D31/><U33/><E66/><V76/><F6/><W70/><G70/><T43/><D43/><U86/><E33/><V35/><F64/><W51/><G51/><T109/><D109/><U16/><E0/><V99/><F65/><W115/><G115/><T78/><D78/><U53/><E3/><V103/><F76/><W105/><G105/><T79/><D79/><U114/><E114/><V135/><F107/><W72/><G72/><AGARI ba="0,1" hai="2,5,9,72,77,82,121,123" m="44649,48170" machi="72" ten="30,7700,0" yaku="18,1,23,1,52,2" doraHai="119" who="0" fromWho="3" sc="139,87,460,0,264,0,127,-77" /><INIT seed="4,0,0,0,0,97" ten="226,460,264,50" oya="0" hai0="48,13,16,3,134,124,21,115,123,80,73,10,74" hai1="83,135,90,132,40,130,7,58,113,11,108,82,118" hai2="1,56,104,93,23,61,57,46,53,29,38,107,25" hai3="68,60,0,75,26,18,59,12,110,133,71,72,84"/><T6/><D123/><U43/><E118/><V79/><F1/><W91/><G110/><T36/><D36/><U95/><E108/><V69/><F69/><W37/><G37/><T19/><D115/><U85/><E130/><V112/><F112/><W100/><G0/><T88/><D124/><U55/><E113/><V15/><F79/><W106/><G26/><T65/><D65/><U8/><E8/><V50/><F15/><W63/><G133/><T127/><D127/><U105/><E105/><V116/><F116/><W98/><G75/><T31/><D31/><U2/><E82/><V33/><F33/><W114/><G72/><T121/><D121/><U52/><E55/><V103/><F56/><W51/><G51/><T96/><D134/><N who="1" m="51243" /><E83/><V78/><F78/><W89/><G114/><T42/><D42/><U9/><E9/><V129/><F129/><W44/><G44/><T81/><D48/><AGARI ba="0,0" hai="2,7,11,40,43,48,52,58,85,90,95" m="51243" machi="48" ten="30,2000,0" yaku="20,1,54,1" doraHai="97" who="1" fromWho="0" sc="226,-20,460,20,264,0,50,0" /><INIT seed="5,0,0,5,4,99" ten="206,480,264,50" oya="1" hai0="5,27,61,105,45,47,86,104,38,49,55,15,58" hai1="57,31,93,44,84,115,24,17,68,53,114,48,109" hai2="125,36,6,19,34,90,85,22,76,77,16,92,18" hai3="9,107,50,33,13,82,119,7,3,12,121,4,52"/><U56/><E68/><V70/><F34/><W128/><G121/><T108/><D108/><U41/><E109/><V74/><F74/><W1/><G33/><T110/><D110/><U79/><E17/><N who="2" m="6763" /><F70/><W42/><G42/><T112/><D27/><U73/><E73/><V54/><F36/><W64/><G128/><T28/><D28/><U30/><E30/><V10/><F125/><W106/><G119/><T37/><D86/><U62/><E56/><V118/><F118/><W60/><G82/><T135/><D105/><U111/><E111/><V95/><F95/><W40/><G40/><N who="0" m="24807" /><D104/><U102/><E79/><V132/><F132/><W11/><G107/><T81/><D81/><U14/><E14/><N who="2" m="5463" /><F54/><W97/><G60/><N who="0" m="35935" /><D15/><AGARI ba="0,0" hai="15,19,22,76,77,85,90,92" m="5463,6763" machi="15" ten="30,2000,0" yaku="8,1,54,1" doraHai="99" who="2" fromWho="0" sc="206,-20,480,0,264,20,50,0" /><INIT seed="6,0,0,3,5,129" ten="186,480,284,50" oya="2" hai0="48,65,45,62,77,37,42,122,75,57,81,24,102" hai1="93,41,64,58,71,34,16,67,135,92,72,60,132" hai2="79,131,126,88,107,86,5,18,109,27,55,116,51" hai3="94,99,70,10,22,36,120,11,59,7,61,80,85"/><V50/><F116/><W98/><G120/><T38/><D122/><U44/><E72/><V73/><F107/><W97/><G70/><T121/><D121/><U32/><E16/><V14/><F131/><W31/><G36/><T125/><D125/><U25/><E92/><V133/><F126/><W76/><G10/><T101/><D38/><N who="1" m="21559" /><E93/><V49/><F79/><W2/><G22/><T82/><D82/><U8/><E8/><N who="2" m="4367" /><F73/><W0/><G31/><T123/><D123/><U110/><E110/><V111/><F18/><W119/><G2/><T26/><D26/><U118/><E118/><V30/><F55/><W12/><G0/><T69/><D24/><U1/><E25/><V29/><F27/><W104/><G104/><T130/><D130/><U13/><E13/><V100/><F100/><W112/><G112/><T108/><D108/><N who="2" m="41546" /><F133/><N who="1" m="51273" /><E1/><V54/><F54/><AGARI ba="0,0" hai="37,42,45,48,54,57,62,65,69,75,77,81,101,102" machi="54" ten="40,2600,0" yaku="24,2" doraHai="129" who="0" fromWho="2" sc="186,26,480,0,284,-26,50,0" /><INIT seed="7,0,0,5,0,70" ten="212,480,258,50" oya="3" hai0="96,112,62,135,93,81,59,25,4,115,44,100,69" hai1="98,33,26,106,111,8,14,109,89,82,60,90,49" hai2="92,18,54,1,105,42,43,107,66,84,86,80,34" hai3="56,29,83,58,72,91,40,15,113,37,73,63,133"/><W45/><G113/><N who="0" m="43595" /><D135/><U74/><E60/><V120/><F34/><W76/><G133/><T71/><D4/><U11/><E49/><V125/><F1/><W55/><G29/><T23/><D81/><U64/><E8/><V102/><F66/><W116/><G116/><T87/><D87/><U39/><E39/><V5/><F5/><W101/><G101/><T10/><D10/><U117/><E82/><V13/><F125/><W31/><G31/><N who="0" m="17855" /><D44/><U48/><E48/><V134/><F134/><W30/><G30/><T110/><D110/><U68/><E89/><N who="2" m="53303" /><F102/><W79/><G91/><T123/><D123/><U0/><E14/><V108/><F105/><W118/><G118/><T17/><D17/><U75/><E98/><V126/><F107/><W61/><G15/><T21/><D21/><U19/><E90/><N who="2" m="51463" /><F126/><W57/><REACH who="3" step="1"/><G63/><REACH who="3" ten="212,480,258,40" step="2"/><T27/><D27/><U32/><E26/><V119/><F119/><W24/><G24/><T65/><AGARI ba="0,1" hai="59,62,65,69,71,93,96,100" m="17855,43595" machi="65" ten="30,4000,0" yaku="25,1,15,1,11,1" doraHai="70" who="0" fromWho="0" sc="212,50,480,-10,258,-10,40,-20" owari="262,6.0,470,57.0,248,-15.0,20,-48.0" /></mjloggm>