<mjloggm ver="2.3"><GO type="169" lobby="0"/><UN n0="%67%6F%69%73%75%62%61%69" n1="%E8%A5%BF%E5%9C%92%E5%AF%BA%E9%9D%96%E5%AD%90" n2="%E3%81%9F%E3%82%93%E3%82%86%E3%81%86" n3="%E3%82%A6%E3%83%AB%E3%83%88%E3%83%A9%E7%AB%8B%E7%9B%B4" dan="16,17,16,18" rate="2109.17,2167.69,2062.61,2215.80" sx="M,F,F,M"/><TAIKYOKU oya="0"/><INIT seed="0,0,0,2,3,17" ten="250,250,250,250" oya="0" hai0="12,103,77,123,109,134,87,116,97,125,98,85,121" hai1="105,68,75,2,110,93,107,40,100,63,42,114,66" hai2="52,28,84,59,128,101,21,39,64,31,79,47,86" hai3="102,113,43,0,15,49,50,14,127,124,65,34,46"/><T58/><D116/><U74/><E2/><V62/><F128/><W90/><G0/><T131/><D58/><U51/><E110/><V6/><F6/><W9/><G34/><T45/><D45/><U80/><E114/><V94/><F31/><W70/><G102/><T91/><D12/><U26/><E26/><N who="2" m="16463" /><F39/><N who="3" m="21887" /><G90/><T16/><D16/><U32/><E32/><V1/><F1/><W20/><G20/><T53/><D53/><U96/><E51/><N who="2" m="28799" /><F79/><W27/><G27/><T120/><D131/><U72/><REACH who="1" step="1"/><E80/><REACH who="1" ten="250,240,250,250" step="2"/><V8/><F8/><W106/><G9/><T118/><D109/><U55/><E55/><V88/><F101/><W60/><G113/><T36/><D103/><U33/><E33/><V108/><F108/><W82/><G82/><T38/><D123/><U5/><E5/><V112/><F112/><W7/><G7/><T41/><D121/><U29/><E29/><V126/><F126/><W117/><G127/><T95/><D125/><U25/><E25/><V76/><F76/><W48/><G124/><T37/><D120/><U92/><E92/><V35/><F35/><W83/><G83/><T133/><D77/><U78/><E78/><V3/><F3/><W19/><G106/><AGARI ba="0,1" hai="40,42,63,66,68,72,74,75,93,96,100,105,106,107" machi="106" ten="50,1600,0" yaku="1,1,53,0" doraHai="17" doraHaiUra="129" who="1" fromWho="3" sc="250,0,240,26,250,0,250,-16" /><INIT seed="1,0,0,3,2,84" ten="250,266,250,234" oya="1" hai0="21,22,92,124,51,88,61,48,11,20,70,119,44" hai1="111,42,52,8,115,16,94,68,130,81,28,29,10" hai2="33,123,19,125,25,46,90,32,87,91,110,120,50" hai3="31,0,95,53,38,114,30,15,77,80,118,78,85"/><U27/><E115/><V56/><F125/><W55/><G0/><T60/><D119/><U71/><E42/><V134/><F134/><W14/><G38/><T107/><D107/><U103/><E130/><V66/><F110/><W34/><G34/><T76/><D124/><U79/><E111/><V41/><F33/><W135/><G135/><T108/><D108/><U13/><E68/><V63/><F32/><W24/><G114/><T72/><D70/><U35/><E71/><V2/><F2/><W133/><G133/><T101/><D101/><U17/><E28/><V3/><F3/><W83/><G95/><T49/><D44/><U116/><E116/><V117/><F117/><W98/><G98/><T127/><D127/><U75/><E52/><V59/><F59/><W93/><G93/><T82/><REACH who="0" step="1"/><D11/><REACH who="0" ten="240,266,250,234" step="2"/><U96/><REACH who="1" step="1"/><E8/><REACH who="1" ten="240,256,250,234" step="2"/><V54/><F123/><W132/><G118/><T36/><D36/><U131/><E131/><V6/><F120/><W86/><G132/><T128/><D128/><U73/><E73/><V126/><F126/><W89/><G31/><T7/><D7/><AGARI ba="0,2" hai="7,10,13,16,17,27,29,35,75,79,81,94,96,103" machi="7" ten="30,5800,0" yaku="1,1,7,1,54,1,53,0" doraHai="84" doraHaiUra="39" who="1" fromWho="0" sc="240,-58,256,78,250,0,234,0" /><INIT seed="1,1,0,2,4,135" ten="182,334,250,234" oya="1" hai0="48,2,100,93,9,58,75,71,0,110,65,50,31" hai1="13,104,120,118,35,122,68,29,33,1,16,52,112" hai2="17,124,51,116,131,64,42,45,12,115,125,14,126" hai3="23,86,94,8,73,127,6,80,66,83,113,111,72"/><U4/><E68/><V49/><F116/><W22/><G113/><T85/><D75/><U54/><E104/><V88/><F115/><W46/><G111/><T53/><D110/><U102/><E102/><V24/><F131/><W119/><G119/><T114/><D114/><U20/><E112/><V129/><F129/><W103/><G66/><T89/><D31/><U74/><E74/><V117/><F117/><W61/><G61/><T121/><D121/><U101/><E101/><V44/><F64/><W82/><G73/><T15/><D100/><U78/><E78/><V77/><F77/><W107/><G107/><T55/><D65/><U90/><E90/><V97/><F24/><W67/><G67/><T79/><D79/><U43/><E43/><N who="2" m="24735" /><F17/><W36/><G72/><T30/><D30/><U87/><E87/><V70/><F70/><W134/><G86/><T56/><REACH who="0" step="1"/><D71/><REACH who="0" ten="172,334,250,234" step="2"/><U99/><E118/><V123/><F123/><W132/><G103/><T5/><AGARI ba="1,1" hai="0,2,5,9,15,48,50,53,55,56,58,85,89,93" machi="5" ten="20,8000,1" yaku="1,1,2,1,0,1,7,1,9,1,53,0" doraHai="135" doraHaiUra="95" who="0" fromWho="0" sc="172,93,334,-41,250,-21,234,-21" /><INIT seed="2,0,0,5,1,99" ten="265,293,229,213" oya="2" hai0="134,31,5,23,49,51,39,90,125,98,104,56,37" hai1="76,14,106,87,60,114,84,97,91,34,121,88,3" hai2="21,72,108,53,42,40,15,67,82,96,103,100,68" hai3="109,75,79,58,62,89,19,11,13,16,94,119,135"/><V20/><F68/><W47/><G109/><T93/><D134/><U117/><E3/><V126/><F67/><W77/><G135/><T30/><D125/><U102/><E34/><V48/><F126/><W38/><G119/><T127/><D127/><U124/><E124/><V10/><F108/><W78/><G75/><T8/><D104/><U64/><E117/><V86/><F96/><W118/><G118/><T18/><D39/><U66/><E114/><V69/><F69/><W80/><G80/><T112/><D37/><U29/><E29/><V36/><F72/><W133/><G133/><T17/><D112/><U105/><E121/><V0/><F0/><W43/><G19/><T28/><D56/><U33/><E33/><V55/><F36/><W132/><G132/><T92/><D92/><U111/><E111/><V63/><F63/><W52/><REACH who="3" step="1"/><G78/><REACH who="3" ten="265,293,229,203" step="2"/><T95/><D18/><U27/><E76/><N who="2" m="46407" /><F48/><W110/><G110/><T41/><D49/><U12/><E60/><V50/><F50/><W46/><G46/><T2/><D51/><U107/><E107/><V116/><F116/><W115/><G115/><T65/><D93/><U81/><E106/><V57/><F42/><W131/><G131/><T32/><D41/><U26/><E105/><V22/><F40/><W71/><G71/><T7/><D32/><U73/><E73/><V4/><F57/><W25/><G25/><T1/><D17/><U113/><E81/><V24/><F24/><W129/><G129/><T122/><D122/><U54/><E27/><V44/><F44/><W130/><G130/><T85/><D95/><RYUUKYOKU ba="0,1" sc="265,-15,293,-15,229,15,203,15" hai2="4,10,15,20,21,22,53,55,100,103" hai3="11,13,16,38,43,47,52,58,62,77,79,89,94" /><INIT seed="2,1,1,3,4,89" ten="250,278,244,218" oya="2" hai0="14,126,95,64,100,97,40,81,55,96,6,38,53" hai1="129,120,27,114,87,121,127,104,12,71,4,23,69" hai2="54,37,125,35,92,32,49,25,119,112,115,131,56" hai3="68,133,103,60,90,2,34,77,122,29,88,123,75"/><V73/><F119/><W31/><G2/><T86/><D126/><U17/><E114/><V61/><F73/><W105/><G29/><T7/><D64/><U44/><E104/><V41/><F125/><W135/><G60/><T85/><D85/><U45/><E127/><V72/><F72/><W59/><G59/><T30/><D30/><U18/><E4/><V62/><F62/><W1/><G1/><T84/><D84/><U65/><E65/><V47/><F25/><W10/><G10/><T113/><D113/><U16/><E87/><V51/><F51/><W5/><G5/><T67/><D67/><U57/><E57/><V83/><F83/><N who="3" m="45503" /><G31/><T93/><D40/><U111/><E111/><V130/><F112/><W98/><G34/><T118/><D38/><U11/><E17/><V106/><F115/><W13/><G13/><T82/><D118/><U80/><E80/><N who="0" m="30825" /><D86/><U52/><E129/><N who="2" m="49163" /><F37/><W36/><G36/><T109/><D109/><U19/><E19/><V15/><F15/><W74/><G74/><T58/><D14/><U110/><E110/><V128/><N who="2" m="49171" /><V99/><DORA hai="46" /><F106/><W21/><G68/><N who="1" m="26186" /><E52/><N who="0" m="20041" /><D58/><U28/><E28/><V76/><F76/><W3/><G3/><T117/><D117/><U79/><E79/><V124/><F124/><W0/><G0/><T108/><D108/><U26/><E26/><V22/><F22/><W101/><G21/><T91/><AGARI ba="1,1" hai="6,7,91,93,95,96,97,100" m="20041,30825" machi="91" ten="30,7900,0" yaku="8,1,52,2,54,1" doraHai="89,46" who="0" fromWho="0" sc="250,92,278,-21,244,-40,218,-21" /><INIT seed="3,0,0,1,4,68" ten="342,257,204,197" oya="3" hai0="102,6,75,95,121,72,18,33,114,3,134,48,41" hai1="80,62,43,26,109,38,120,61,11,15,53,132,37" hai2="71,133,117,4,44,88,25,104,57,56,29,90,107" hai3="47,36,124,118,135,52,67,60,119,89,115,14,20"/><W96/><G96/><T54/><D121/><U55/><E120/><V81/><F71/><N who="3" m="42471" /><G89/><T125/><D33/><U23/><E109/><V27/><F117/><N who="3" m="44555" /><G14/><T86/><D114/><U98/><E132/><V31/><F4/><W28/><G20/><T108/><D134/><U123/><E123/><V112/><F133/><W39/><G28/><T73/><D108/><U77/><E98/><V16/><F112/><W131/><G135/><T10/><D41/><U103/><E103/><V49/><F104/><W24/><G24/><T58/><D18/><U97/><E43/><N who="2" m="24735" /><F107/><W116/><N who="3" m="44563" /><W21/><DORA hai="42" /><G21/><T92/><D102/><U87/><E97/><V106/><F106/><W5/><G5/><T32/><D32/><U128/><E15/><V50/><F27/><W70/><G115/><T51/><D3/><U12/><E26/><V69/><F69/><W59/><G70/><T93/><D6/><U110/><E12/><V19/><F25/><W65/><G124/><T63/><D125/><U84/><E11/><V13/><F19/><W78/><G78/><T82/><D10/><U127/><E77/><V130/><F90/><W66/><G131/><T74/><D74/><U35/><E128/><V34/><F130/><W40/><G39/><T46/><D82/><U91/><E80/><V45/><F34/><W0/><G0/><T22/><D22/><U113/><E23/><N who="2" m="11663" /><F31/><W105/><G105/><T85/><D85/><U99/><E35/><V101/><F29/><W94/><G94/><T122/><D86/><U1/><E91/><V30/><F30/><W79/><G79/><RYUUKYOKU ba="0,0" sc="342,-10,257,-10,204,-10,197,30" hai3="36,40,47,52,59,65,66" /><INIT seed="3,1,0,4,5,13" ten="332,247,194,227" oya="3" hai0="112,11,9,4,131,22,83,103,52,122,41,102,30" hai1="93,126,49,111,113,73,14,70,118,3,34,64,79" hai2="123,107,87,76,5,6,21,40,117,66,47,61,68" hai3="104,119,63,29,60,85,32,120,98,106,46,94,71"/><W20/><G120/><T31/><D122/><U28/><E3/><V82/><F123/><W27/><G119/><T39/><D131/><U42/><E113/><V74/><F107/><W2/><G2/><T80/><D112/><U18/><E118/><V99/><F117/><W54/><G32/><T101/><D39/><U89/><E111/><V90/><F99/><W12/><G104/><T26/><D41/><U45/><E126/><V125/><F125/><W108/><G106/><T72/><D72/><U124/><E124/><V95/><REACH who="2" step="1"/><F21/><REACH who="2" ten="332,247,184,227" step="2"/><W0/><G108/><T56/><D22/><U25/><E70/><V16/><F16/><N who="3" m="10247" /><G71/><T110/><D110/><U105/><E105/><V69/><F69/><W67/><G98/><T86/><D4/><U121/><E121/><V38/><AGARI ba="1,1" hai="5,6,38,40,47,61,66,68,74,76,82,87,90,95" machi="38" ten="20,2700,0" yaku="1,1,0,1,7,1,53,0" doraHai="13" doraHaiUra="115" who="2" fromWho="2" sc="332,-8,247,-8,184,40,227,-14" /><INIT seed="4,0,0,1,2,12" ten="324,239,224,213" oya="0" hai0="76,111,67,96,4,47,129,6,23,57,122,33,20" hai1="135,72,107,106,59,85,126,134,32,37,108,51,34" hai2="128,80,84,25,19,5,112,87,35,40,64,41,29" hai3="26,114,54,101,116,100,48,90,109,110,27,13,16"/><T127/><D33/><N who="1" m="12907" /><E72/><V9/><F128/><W62/><G116/><T70/><D122/><U0/><E37/><V11/><F64/><W68/><G110/><T131/><D70/><U31/><E108/><V118/><F118/><W98/><G109/><T46/><D111/><U104/><E0/><V77/><F87/><W79/><G79/><T99/><D57/><U63/><E31/><V43/><F112/><W44/><G114/><T36/><D67/><U86/><E51/><V3/><F11/><N who="3" m="6207" /><G62/><T124/><REACH who="0" step="1"/><D36/><REACH who="0" ten="314,239,224,213" step="2"/><U65/><E126/><V132/><F132/><AGARI ba="0,1" hai="59,63,65,85,86,104,106,107,132,134,135" m="12907" machi="132" ten="40,1300,0" yaku="20,1" doraHai="12" who="1" fromWho="2" sc="314,0,239,23,224,-13,213,0" /><INIT seed="5,0,0,3,1,88" ten="314,262,211,213" oya="1" hai0="94,77,110,34,65,127,105,90,103,122,37,5,121" hai1="57,32,4,46,52,43,72,126,12,59,14,80,85" hai2="86,92,74,30,134,104,68,39,33,50,16,76,70" hai3="82,42,131,45,60,8,135,106,6,79,62,20,7"/><U13/><E32/><V109/><F39/><W113/><G106/><T10/><D34/><U53/><E72/><V27/><F109/><W41/><G113/><T83/><D110/><U23/><E126/><V123/><F104/><W21/><G131/><T96/><D37/><U55/><E4/><V101/><F123/><N who="0" m="47114" /><D65/><U17/><E43/><V51/><F134/><W129/><G129/><T125/><D10/><U63/><E46/><V40/><F74/><W54/><G135/><T120/><D5/><U44/><E44/><V49/><F40/><W64/><G54/><T75/><D120/><U25/><REACH who="1" step="1"/><E63/><REACH who="1" ten="314,252,211,213" step="2"/><V0/><F33/><W71/><G60/><T61/><D61/><U31/><E31/><V133/><F30/><W67/><G6/><T99/><AGARI ba="0,1" hai="75,77,83,90,94,96,99,103,105,125,127" m="47114" machi="99" ten="30,7900,0" yaku="13,1,34,2,52,1" doraHai="88" who="0" fromWho="0" sc="314,89,252,-39,211,-20,213,-20" /><INIT seed="6,0,0,3,4,94" ten="403,213,191,193" oya="2" hai0="50,69,2,102,60,54,46,1,134,41,135,120,32" hai1="0,95,96,126,111,37,92,122,73,44,19,61,98" hai2="58,20,51,16,87,13,112,71,55,84,133,70,52" hai3="24,25,117,45,132,22,66,63,9,40,49,17,3"/><V48/><F112/><W14/><G132/><N who="0" m="50731" /><D32/><U88/><E111/><V15/><F133/><W33/><G117/><T130/><D130/><U91/><E0/><V29/><F29/><W99/><G33/><T12/><D120/><U79/><E122/><V53/><F53/><W57/><G3/><T23/><D102/><U10/><E126/><V64/><F64/><W129/><G129/><T62/><D69/><U36/><E44/><V108/><F108/><W42/><G42/><T107/><D107/><U47/><E47/><V104/><F104/><W114/><G114/><T65/><D65/><U26/><E61/><N who="0" m="23657" /><D41/><U75/><E79/><V74/><F74/><W128/><G128/><T116/><D116/><U77/><E77/><V123/><F123/><W109/><G109/><T11/><D23/><U127/><E127/><V35/><F35/><W81/><G81/><T103/><D103/><U106/><E106/><V21/><REACH who="2" step="1"/><F58/><REACH who="2" ten="403,213,181,193" step="2"/><W72/><G72/><T18/><AGARI ba="0,1" hai="1,2,11,12,18,46,50,54" m="23657,50731" machi="18" ten="30,1100,0" yaku="20,1" doraHai="94" who="0" fromWho="0" sc="403,21,213,-3,181,-5,193,-3" /><INIT seed="7,0,0,2,5,101" ten="424,210,176,190" oya="3" hai0="0,67,77,99,7,2,109,19,62,88,30,17,96" hai1="92,76,53,44,26,98,133,65,85,112,45,60,132" hai2="22,110,108,36,4,86,79,21,93,122,121,9,37" hai3="46,69,18,128,6,68,126,80,59,12,43,47,54"/><W13/><G126/><T64/><D109/><N who="2" m="42090" /><F79/><W61/><G128/><T114/><D114/><U40/><E112/><V28/><F86/><W91/><G80/><T78/><D88/><U58/><E26/><N who="2" m="16463" /><F93/><W105/><G105/><T32/><D30/><U113/><E113/><V11/><F37/><W90/><G69/><T124/><D7/><U1/><E1/><N who="2" m="143" /><F36/><W72/><G68/><T50/><D32/><U5/><E5/><V33/><F33/><W66/><G72/><T8/><D8/><U134/><E40/><V111/><N who="2" m="42098" /><V31/><DORA hai="42" /><F11/><N who="3" m="4215" /><G43/><T100/><D19/><U74/><E74/><V97/><F97/><W135/><G135/><T56/><D2/><U55/><E85/><V123/><F31/><W27/><G27/><T94/><D17/><U63/><E76/><V104/><F104/><W57/><G57/><T34/><D124/><U48/><E63/><V84/><F84/><W125/><G125/><T24/><D0/><U130/><E130/><V14/><F22/><N who="3" m="11599" /><G66/><T29/><D67/><U23/><E23/><V49/><F49/><W25/><G25/><T115/><D115/><U120/><E48/><V10/><F10/><W118/><G118/><T15/><D50/><U116/><E116/><V89/><F14/><W75/><G75/><T103/><D15/><U119/><E119/><V81/><F81/><W95/><G91/><AGARI ba="0,0" hai="89,91,121,122,123" m="143,16463,42098" machi="91" ten="50,1600,0" yaku="13,1" doraHai="101,42" who="2" fromWho="3" sc="424,0,210,0,176,16,190,-16" owari="424,53.0,210,1.0,192,-21.0,174,-33.0" /></mjloggm>