<mjloggm ver="2.3"><GO type="169" lobby="0"/><UN n0="%E2%91%A3%E3%82%BB%E3%83%B3%E3%83%81" n1="%E3%81%8F%E3%81%85%E3%81%A1%E3%82%83%E3%82%93%EF%BC%A0%50%45" n2="%74%61%6B%75%61%6B%61" n3="%E5%B0%B1%E6%B4%BB%E7%94%9F%40%E5%B7%9D%E6%9D%91%E8%BB%8D%E5%9B%A3" dan="18,16,18,17" rate="2190.66,2072.55,2199.35,2238.15" sx="M,M,M,M"/><TAIKYOKU oya="0"/><INIT seed="0,0,0,4,3,116" ten="250,250,250,250" oya="0" hai0="134,54,91,90,48,9,115,110,47,53,28,125,85" hai1="89,74,119,39,26,124,46,131,113,29,12,63,27" hai2="62,18,76,31,1,49,5,67,41,104,82,71,64" hai3="88,79,58,109,61,94,37,20,108,133,73,106,81"/><T72/><D72/><U118/><E119/><V100/><F64/><W65/><G37/><T70/><D115/><U128/><E118/><V56/><F1/><W127/><G127/><T4/><D125/><U22/><E124/><V42/><F5/><W44/><G133/><T40/><D134/><U86/><E74/><V17/><F31/><W33/><G33/><T99/><D70/><U45/><E113/><V10/><F10/><W7/><G7/><T38/><D28/><U35/><E12/><V75/><F41/><W55/><G106/><T50/><D110/><U66/><E39/><V83/><F83/><W112/><G112/><T32/><D32/><U96/><E96/><V80/><F80/><W21/><G44/><T101/><D38/><U84/><E84/><V111/><F111/><N who="3" m="42571" /><G65/><T13/><D85/><AGARI ba="0,0" hai="20,21,55,58,61,73,79,81,85,88,94" m="42571" machi="85" ten="30,2000,0" yaku="14,1,54,1" doraHai="116" who="3" fromWho="0" sc="250,-20,250,0,250,0,250,20" /><INIT seed="1,0,0,4,4,107" ten="230,250,250,270" oya="1" hai0="18,110,129,113,109,29,85,0,68,4,70,50,135" hai1="42,35,22,56,67,75,112,82,118,64,49,91,38" hai2="6,48,28,124,114,44,92,19,103,86,20,21,81" hai3="31,131,125,65,32,84,119,71,117,104,122,94,10"/><U25/><E118/><V47/><F124/><W126/><G104/><T74/><D113/><U130/><E112/><V97/><F114/><W133/><G71/><T27/><D135/><U76/><E35/><V34/><F34/><W43/><G43/><T111/><D129/><U45/><E130/><V99/><F6/><W120/><G65/><T15/><D85/><U62/><E91/><V33/><F33/><W89/><G32/><N who="0" m="20543" /><D50/><U102/><E102/><V123/><F123/><N who="3" m="47147" /><G31/><T12/><D74/><U61/><E61/><V58/><F97/><W69/><G10/><N who="0" m="2311" /><D15/><U2/><E2/><V83/><F28/><W115/><G69/><T66/><D66/><U23/><E23/><AGARI ba="0,0" hai="12,18,23,68,70,109,110,111" m="2311,20543" machi="23" ten="30,2000,0" yaku="24,1,14,1" doraHai="107" who="0" fromWho="1" sc="230,20,250,-20,250,0,270,0" /><INIT seed="2,0,0,4,4,99" ten="250,230,250,270" oya="2" hai0="17,75,55,54,95,61,7,2,20,117,56,116,33" hai1="122,38,118,50,121,82,24,43,132,8,22,112,69" hai2="78,52,103,128,81,40,9,129,41,62,100,29,3" hai3="111,125,115,27,77,26,119,96,4,39,90,105,73"/><V53/><F29/><W83/><G39/><T44/><D33/><U124/><E82/><V123/><F123/><W57/><G119/><N who="0" m="45643" /><D75/><U114/><E22/><V94/><F94/><W63/><G115/><T80/><D80/><U5/><E24/><V21/><F21/><W48/><G111/><T88/><D7/><U91/><E91/><V86/><F3/><W67/><G4/><T98/><D2/><U42/><E8/><V58/><F53/><W37/><G37/><T25/><D44/><N who="1" m="23639" /><E5/><V93/><F9/><W89/><G125/><T85/><D55/><U45/><E118/><V71/><F71/><W107/><G48/><T74/><D74/><U28/><E28/><V97/><REACH who="2" step="1"/><F103/><REACH who="2" ten="250,230,240,270" step="2"/><W68/><G68/><T76/><D76/><U110/><E69/><V31/><F31/><W19/><G105/><T11/><D11/><U79/><E122/><V32/><F32/><W49/><G107/><T126/><D98/><U59/><E121/><V35/><F35/><W6/><G96/><T66/><D54/><U30/><E30/><V70/><F70/><W36/><G67/><T13/><D13/><U130/><E114/><V10/><F10/><W16/><G27/><T18/><D18/><U120/><E120/><V109/><F109/><W14/><G26/><T64/><D64/><U134/><E110/><V12/><F12/><W60/><G14/><T101/><D101/><U104/><E104/><V51/><F51/><W84/><G19/><T34/><D34/><U92/><E50/><V127/><F127/><AGARI ba="0,1" hai="17,20,25,56,61,66,85,88,95,126,127" m="45643" machi="127" ten="30,2000,0" yaku="12,1,54,1" doraHai="99" who="0" fromWho="2" sc="250,30,230,0,240,-20,270,0" /><INIT seed="3,0,0,4,2,23" ten="280,230,220,270" oya="3" hai0="74,16,106,82,44,61,92,57,29,110,84,116,91" hai1="83,54,88,66,81,46,85,70,119,6,109,118,93" hai2="19,76,31,104,14,40,20,72,62,17,80,21,63" hai3="73,45,130,2,134,13,71,4,33,28,108,75,96"/><W26/><G71/><T69/><D116/><U95/><E109/><V126/><F104/><W87/><G130/><T115/><D110/><U101/><E66/><V122/><F126/><W111/><G134/><T79/><D115/><U98/><E70/><V34/><F122/><W77/><G87/><T114/><D114/><U67/><E67/><V39/><F34/><W132/><G132/><T90/><D69/><U50/><REACH who="1" step="1"/><E6/><REACH who="1" ten="280,220,220,270" step="2"/><V11/><F31/><W112/><G112/><T120/><D29/><U41/><E41/><V7/><F40/><W100/><G108/><T32/><D120/><U107/><E107/><V133/><F133/><W55/><G111/><T43/><D106/><U103/><E103/><V35/><F39/><W15/><G4/><T113/><D113/><U24/><E24/><V51/><F51/><W125/><G125/><T36/><D36/><U8/><E8/><V58/><F63/><W65/><G65/><T56/><D61/><U121/><E121/><V97/><F7/><W12/><G55/><T135/><D135/><U52/><E52/><V64/><F19/><W117/><G28/><T49/><D16/><U25/><E25/><V10/><F11/><W27/><G26/><T53/><D53/><U30/><E30/><V42/><F42/><W0/><G27/><T105/><D105/><U68/><E68/><V128/><F35/><W123/><G33/><T131/><D32/><U1/><E1/><V86/><F10/><W3/><G123/><T48/><D49/><U38/><E38/><V60/><F64/><W18/><G2/><T127/><D127/><RYUUKYOKU ba="0,1" sc="280,-10,220,30,220,-10,270,-10" hai1="46,50,54,81,83,85,88,93,95,98,101,118,119" /><INIT seed="4,1,1,1,5,109" ten="270,250,210,260" oya="0" hai0="106,128,63,34,16,91,51,56,0,60,104,30,112" hai1="26,81,33,130,48,110,59,43,21,14,7,84,86" hai2="61,62,89,66,134,13,22,107,82,77,83,99,85" hai3="4,80,101,127,100,133,69,5,12,103,27,47,31"/><T38/><D38/><U15/><E110/><V70/><F134/><W93/><G69/><T95/><D0/><U108/><E130/><V2/><F2/><W28/><G127/><T67/><D128/><U105/><E105/><V129/><F129/><W49/><G133/><T135/><D135/><U6/><E33/><V29/><F61/><W74/><G74/><T19/><D51/><U35/><E35/><V10/><F107/><W120/><G120/><T17/><D112/><U18/><E108/><V88/><F99/><W76/><G93/><T3/><D3/><U64/><E84/><V32/><F32/><W116/><G116/><T1/><D1/><U121/><E121/><V97/><F97/><W124/><G124/><T71/><D30/><U55/><E64/><V72/><F29/><W9/><G4/><T37/><D37/><U111/><E43/><V123/><F22/><W36/><G36/><T90/><D90/><U52/><E55/><V126/><F126/><W40/><G27/><T117/><D117/><U118/><E118/><V50/><F50/><W58/><G58/><T23/><D23/><U87/><E87/><V41/><F41/><W79/><G79/><T68/><D34/><U115/><E115/><V44/><F44/><W24/><G24/><T73/><D73/><U114/><E114/><V122/><REACH who="2" step="1"/><F89/><REACH who="2" ten="270,250,200,260" step="2"/><W96/><G96/><N who="0" m="57471" /><D63/><U11/><E111/><V53/><F53/><W20/><G20/><T98/><D106/><U57/><E21/><V94/><F94/><W132/><G132/><T102/><D104/><U75/><E48/><V131/><F131/><RYUUKYOKU ba="1,2" sc="270,10,250,-30,200,10,260,10" hai0="16,17,19,56,60,67,68,71,98,102" hai2="10,13,62,66,70,72,77,82,83,85,88,122,123" hai3="5,9,12,28,31,40,47,49,76,80,100,101,103" /><INIT seed="4,2,2,2,0,101" ten="280,220,210,270" oya="0" hai0="104,129,42,12,26,74,78,82,62,132,130,7,37" hai1="103,115,107,134,70,112,0,52,92,45,90,84,126" hai2="47,98,46,14,73,4,76,32,16,67,53,54,77" hai3="33,86,41,109,57,97,61,28,23,36,123,18,58"/><T1/><D132/><U21/><E0/><V35/><F4/><W15/><G109/><T25/><D12/><U20/><E70/><V111/><F111/><W71/><G123/><T43/><D62/><U87/><E126/><V99/><F67/><W24/><G36/><T39/><D43/><U66/><E66/><V29/><F14/><W6/><G41/><T133/><D133/><U105/><E87/><V13/><F13/><W17/><G86/><T127/><D127/><U83/><E134/><V91/><F91/><W122/><G122/><T34/><D104/><N who="1" m="40011" /><E103/><V72/><REACH who="2" step="1"/><F29/><REACH who="2" ten="280,220,200,270" step="2"/><W120/><G120/><T59/><D7/><U31/><E31/><V63/><F63/><W79/><G6/><T125/><D125/><U131/><E131/><V8/><F8/><W69/><G61/><T64/><D64/><U30/><E30/><V108/><F108/><W113/><G28/><T135/><D135/><U119/><E20/><V110/><F110/><W85/><G23/><T102/><D130/><U93/><E21/><V11/><F11/><W114/><G15/><T117/><D129/><U49/><E119/><V124/><F124/><W81/><G71/><T2/><D117/><U94/><E112/><V27/><F27/><W68/><G24/><T128/><D26/><U100/><E115/><V106/><F106/><W5/><G113/><T40/><D128/><U55/><E55/><V95/><F95/><W60/><G114/><T65/><D102/><U96/><E100/><V56/><F56/><W89/><G60/><N who="0" m="38047" /><D1/><U10/><E10/><V118/><F118/><W3/><G69/><RYUUKYOKU ba="2,3" sc="280,-15,220,15,200,15,270,-15" hai1="45,49,52,83,84,90,92,93,94,96" hai2="16,32,35,46,47,53,54,72,73,76,77,98,99" /><INIT seed="5,3,3,3,5,8" ten="265,235,215,255" oya="1" hai0="55,42,87,103,79,116,91,48,110,37,114,106,98" hai1="53,107,60,13,18,44,76,82,70,80,66,35,86" hai2="95,111,130,93,123,56,90,75,22,132,4,127,84" hai3="99,0,61,108,26,17,10,52,134,135,104,128,1"/><U29/><E107/><V133/><F123/><W69/><G108/><T118/><D110/><U15/><E35/><V21/><F75/><W102/><G128/><T122/><D122/><U20/><E29/><V47/><F111/><W117/><G117/><T73/><D114/><U58/><E44/><V126/><F130/><W131/><G131/><T101/><D42/><U14/><E80/><V54/><F47/><W31/><G17/><T3/><D3/><U46/><E46/><V62/><F95/><W68/><G52/><T43/><D43/><U65/><E65/><V38/><F4/><N who="3" m="1287" /><G1/><T12/><D37/><U129/><E129/><V59/><F59/><W41/><G41/><T83/><D103/><U71/><E71/><N who="3" m="27210" /><G61/><AGARI ba="3,3" hai="13,14,15,18,20,53,58,60,61,66,70,76,82,86" machi="61" ten="30,11600,0" yaku="7,1,52,3" doraHai="8" who="1" fromWho="3" sc="265,0,235,155,215,0,255,-125" /><INIT seed="5,4,0,1,2,64" ten="265,390,215,130" oya="1" hai0="80,104,12,2,99,106,38,91,75,27,22,43,37" hai1="68,7,55,63,123,97,67,133,71,113,44,135,81" hai2="100,50,109,0,76,72,88,46,82,94,107,102,47" hai3="8,15,40,86,9,32,118,33,90,126,79,45,128"/><U25/><E123/><V120/><F120/><W1/><G1/><T98/><D2/><U122/><E122/><V16/><F109/><W105/><G105/><T29/><D12/><U42/><E7/><V31/><F0/><W17/><G118/><T57/><D57/><U62/><E81/><V18/><F31/><W130/><G126/><T108/><D108/><U111/><E97/><V21/><F107/><W115/><G115/><T51/><D51/><N who="1" m="27031" /><E25/><V4/><F4/><W61/><G61/><T11/><D11/><U77/><E77/><V121/><F46/><W36/><G79/><T127/><D127/><U73/><E73/><V92/><F92/><W39/><G39/><T84/><D75/><U114/><E111/><V125/><F125/><W13/><G128/><T54/><D99/><U14/><E14/><V134/><F18/><W74/><G74/><T34/><D34/><U119/><E119/><V83/><F83/><W87/><G130/><T30/><D30/><U70/><E55/><V131/><F131/><W101/><G101/><T19/><D29/><U41/><E41/><N who="2" m="24943" /><F121/><W10/><G87/><T5/><D5/><U56/><E63/><V85/><F102/><W65/><G65/><T117/><D117/><U116/><E116/><V129/><F100/><W20/><REACH who="3" step="1"/><G13/><REACH who="3" ten="265,390,215,120" step="2"/><T58/><D106/><U49/><E49/><V78/><F129/><W95/><AGARI ba="4,1" hai="8,9,10,15,17,20,32,33,36,40,45,86,90,95" machi="95" ten="30,4000,0" yaku="1,1,2,1,0,1,53,0" doraHai="64" doraHaiUra="59" who="3" fromWho="3" sc="265,-14,390,-24,215,-14,120,62" /><INIT seed="6,0,0,2,0,112" ten="251,366,201,182" oya="2" hai0="73,23,19,105,89,50,131,8,83,84,80,82,118" hai1="60,99,101,54,108,47,39,56,110,22,130,6,15" hai2="14,70,114,87,29,28,100,68,7,65,97,109,77" hai3="129,31,125,115,72,13,75,121,21,111,102,58,62"/><V88/><F114/><W107/><G111/><T52/><D131/><U41/><E130/><V20/><F109/><W32/><G129/><T95/><D105/><U123/><E123/><V44/><F77/><W91/><G115/><T120/><D120/><U57/><E22/><V133/><F133/><W59/><G121/><T16/><D118/><U69/><E69/><V126/><F126/><W98/><G125/><T61/><D61/><U81/><E81/><V18/><F7/><W40/><G40/><T103/><D73/><U92/><REACH who="1" step="1"/><E57/><REACH who="1" ten="251,356,201,182" step="2"/><V46/><F68/><W135/><G59/><T34/><D34/><U45/><E45/><V78/><F44/><W55/><G135/><T122/><D122/><U85/><E85/><V128/><F46/><W17/><G32/><T42/><D83/><U96/><E96/><V90/><F128/><W33/><G33/><T3/><D82/><U30/><E30/><V37/><F29/><W36/><G31/><T5/><D23/><U43/><E43/><V76/><F28/><W113/><G113/><T9/><D42/><U66/><E66/><V24/><F87/><W25/><G25/><T104/><D80/><U119/><E119/><V11/><F65/><W26/><G26/><T10/><D52/><U4/><E4/><N who="2" m="3431" /><F70/><W35/><G35/><T38/><D5/><U124/><E124/><V1/><F76/><W79/><G79/><T48/><D84/><U0/><E0/><V74/><F1/><W63/><G58/><T67/><D3/><U53/><E53/><V106/><F37/><W94/><G36/><T86/><D38/><RYUUKYOKU ba="0,1" sc="251,-15,356,15,201,15,182,-15" hai1="6,15,39,41,47,54,56,60,92,99,101,108,110" hai2="18,20,24,74,78,88,90,97,100,106" /><INIT seed="6,1,1,5,2,11" ten="236,371,216,167" oya="2" hai0="40,24,118,65,18,32,113,95,52,33,59,110,48" hai1="122,102,103,99,4,67,101,54,55,130,94,109,127" hai2="27,104,91,106,75,38,112,47,37,49,114,28,68" hai3="34,96,73,58,9,69,90,119,35,134,74,128,8"/><V2/><F2/><W61/><G119/><T88/><D110/><U15/><E109/><V115/><F68/><W66/><G128/><T107/><D107/><N who="2" m="41002" /><F75/><W13/><G134/><T85/><D118/><U62/><E130/><V12/><F91/><W57/><G96/><T29/><D113/><U79/><E79/><V92/><F92/><W39/><G39/><T19/><D33/><U76/><E76/><V16/><F27/><W121/><G121/><T93/><D65/><U41/><E41/><N who="2" m="24815" /><F28/><W133/><G133/><T7/><D7/><U126/><E122/><V6/><F6/><W25/><G90/><T117/><D117/><U77/><E77/><V105/><N who="2" m="41010" /><V31/><DORA hai="17" /><F31/><W53/><G8/><AGARI ba="1,1" hai="8,12,16,37,38,112,114,115" m="24815,41010" machi="8" ten="50,9600,0" yaku="15,1,52,1,54,1" doraHai="11,17" who="2" fromWho="3" sc="236,0,371,0,216,109,167,-99" /><INIT seed="6,2,0,3,4,128" ten="236,371,325,68" oya="2" hai0="17,107,5,23,25,13,7,65,114,20,91,120,36" hai1="50,22,110,99,24,72,126,134,97,115,40,67,123" hai2="76,131,73,9,53,75,124,104,3,56,79,28,27" hai3="21,122,14,85,100,10,12,119,30,71,121,92,78"/><V111/><F104/><W51/><G71/><T69/><D120/><U6/><E110/><V84/><F131/><W35/><G119/><T49/><D36/><U90/><E123/><V125/><F111/><W44/><G35/><T98/><D114/><U43/><E72/><N who="2" m="27723" /><F84/><W80/><G30/><T19/><D69/><U130/><E115/><V58/><F9/><W47/><G47/><T38/><D38/><U93/><E130/><V60/><F3/><W2/><G2/><T82/><D65/><U68/><E126/><N who="2" m="48747" /><F56/><W15/><G21/><AGARI ba="2,0" hai="21,27,28,53,58,60,76,79" m="48747,27723" machi="21" ten="30,1500,0" yaku="18,1" doraHai="128" who="2" fromWho="3" sc="236,0,371,0,325,21,68,-21" /><INIT seed="6,3,0,1,5,122" ten="236,371,346,47" oya="2" hai0="58,51,1,30,34,16,42,67,79,109,28,65,37" hai1="55,106,14,104,98,54,95,102,123,120,96,44,38" hai2="60,108,63,46,81,113,69,130,111,135,115,76,22" hai3="77,97,52,86,93,75,48,17,53,133,105,10,100"/><V13/><F130/><W21/><G133/><T12/><D1/><U0/><E0/><V89/><F135/><W131/><G131/><T83/><D37/><U103/><E95/><V70/><F89/><W41/><G10/><T127/><D127/><U35/><E14/><V36/><F22/><W87/><G75/><T99/><D109/><N who="2" m="42058" /><F13/><W125/><G125/><T11/><D99/><U61/><E61/><N who="2" m="23627" /><F46/><W39/><G39/><T116/><D34/><U118/><E38/><V24/><F24/><W32/><G32/><T128/><D128/><U134/><E44/><V107/><F107/><W2/><G2/><T114/><D12/><U132/><E35/><V3/><F3/><W40/><G77/><T19/><D79/><U112/><E112/><N who="2" m="43083" /><F36/><W84/><G105/><T92/><D114/><U121/><E121/><V33/><F33/><W71/><G71/><T23/><D23/><U50/><E50/><V27/><F27/><W25/><REACH who="3" step="1"/><G53/><REACH who="3" ten="236,371,346,37" step="2"/><T64/><D11/><U7/><E7/><V124/><F124/><W68/><G68/><T91/><D65/><U5/><E5/><V94/><F94/><W85/><N who="3" m="22016" /><DORA hai="82" /><W29/><G29/><T72/><D92/><U20/><E20/><V8/><F8/><W47/><AGARI ba="3,1" hai="17,21,25,40,41,47,48,52,93,97,100" m="22016" machi="47" ten="40,16000,3" yaku="1,1,0,1,8,1,52,4,54,1,53,0" doraHai="122,82" doraHaiUra="66,73" who="3" fromWho="3" sc="236,-43,371,-43,346,-83,37,179" /><INIT seed="7,0,0,5,4,90" ten="193,328,263,216" oya="3" hai0="49,66,100,97,19,57,32,5,129,40,87,122,0" hai1="50,73,99,91,26,51,80,71,13,46,82,101,9" hai2="105,29,94,134,108,63,131,53,68,115,45,3,16" hai3="30,109,135,78,38,92,69,95,42,61,39,130,102"/><W62/><G130/><T84/><D122/><U25/><E71/><V85/><F105/><W75/><G102/><T103/><D32/><U24/><E73/><V6/><F115/><W7/><G30/><T104/><D129/><U98/><E91/><V117/><F117/><W114/><G114/><T77/><D103/><U31/><E31/><V81/><F108/><W60/><G69/><T86/><D77/><U27/><E27/><V125/><F29/><W11/><G135/><T120/><D120/><U110/><E110/><V76/><F125/><W116/><G116/><T37/><D37/><U44/><E101/><V72/><F131/><W1/><G109/><T96/><D96/><N who="1" m="36907" /><E51/><V21/><F6/><W2/><G2/><T67/><D19/><N who="1" m="8623" /><E46/><V111/><F53/><AGARI ba="0,0" hai="24,25,26,44,50,53,80,82" m="8623,36907" machi="53" ten="30,1000,0" yaku="8,1" doraHai="90" who="1" fromWho="2" sc="193,0,328,10,263,-10,216,0" owari="193,-31.0,338,44.0,253,5.0,216,-18.0" /></mjloggm>