<mjloggm ver="2.3"><GO type="225" lobby="0"/><UN n0="%E3%82%AB%E3%83%9C%E3%83%81%E3%83%A3%E3%82%BF%E3%83%8D" n1="%E5%B0%B1%E6%B4%BB%E7%94%9F%40%E5%B7%9D%E6%9D%91%E8%BB%8D%E5%9B%A3" n2="%74%61%6B%75%61%6B%61" n3="%E5%91%B3%E5%B9%B3" dan="17,17,17,16" rate="2119.34,2156.38,2202.16,2117.41" sx="M,M,M,M"/><TAIKYOKU oya="0"/><INIT seed="0,0,0,3,3,31" ten="250,250,250,250" oya="0" hai0="7,113,29,96,47,42,28,43,52,70,93,59,50" hai1="127,35,68,66,131,133,60,105,128,13,81,91,39" hai2="117,6,41,53,76,54,22,114,23,100,111,24,33" hai3="63,17,26,121,62,79,120,49,1,82,122,94,126"/><T51/><D113/><U89/><E105/><V83/><F114/><W34/><G1/><T72/><D72/><U106/><E106/><V90/><F100/><W74/><G126/><T86/><D70/><U87/><E39/><V116/><F90/><W75/><G75/><T38/><D7/><U44/><E127/><V30/><F111/><W67/><G94/><T119/><D119/><N who="2" m="45642" /><F41/><W104/><G104/><T11/><D11/><U135/><E44/><V108/><F6/><W57/><G49/><T3/><D3/><U15/><E91/><V118/><N who="2" m="45650" /><V95/><DORA hai="103" /><F95/><W99/><G99/><T123/><D123/><U109/><E109/><V37/><F37/><W4/><G4/><T64/><D64/><U65/><E66/><V0/><F0/><W32/><G63/><T134/><D38/><U101/><E101/><V85/><F108/><W36/><G36/><T84/><D43/><U14/><REACH who="1" step="1"/><E35/><REACH who="1" ten="250,240,250,250" step="2"/><V125/><F125/><W48/><G48/><T77/><D134/><AGARI ba="0,1" hai="13,14,15,60,65,68,81,87,89,128,131,133,134,135" machi="134" ten="40,8000,1" yaku="1,1,2,1,20,1,53,1" doraHai="31,103" doraHaiUra="56,112" who="1" fromWho="0" sc="250,-80,240,90,250,0,250,0" /><INIT seed="1,0,0,3,4,21" ten="170,330,250,250" oya="1" hai0="71,57,10,15,43,47,1,3,91,106,50,120,83" hai1="126,58,33,20,23,135,19,109,72,68,89,0,75" hai2="64,29,112,122,2,52,117,38,5,53,121,42,123" hai3="45,95,128,22,107,26,85,44,54,70,102,79,118"/><U92/><E68/><V18/><F29/><N who="3" m="17623" /><G107/><T100/><D71/><U60/><E33/><V34/><F34/><W80/><G70/><T98/><D120/><U48/><E0/><V94/><F18/><W36/><G36/><T8/><D8/><U32/><E32/><V90/><F5/><W14/><G128/><T111/><D111/><U16/><E126/><V97/><F2/><W74/><G74/><T28/><D57/><U88/><E135/><V24/><F24/><W82/><G118/><T77/><D91/><U56/><E109/><V37/><F117/><W96/><G82/><T6/><REACH who="0" step="1"/><D28/><REACH who="0" ten="160,330,250,250" step="2"/><U49/><E60/><V66/><F112/><W108/><G108/><T30/><D30/><U134/><E134/><V55/><REACH who="2" step="1"/><F42/><REACH who="2" ten="160,330,240,250" step="2"/><W110/><G110/><T7/><D7/><U130/><E130/><V9/><F9/><W84/><G79/><T99/><D99/><U40/><E40/><V129/><F129/><W61/><G96/><T25/><D25/><U41/><E41/><V4/><F4/><W17/><G17/><T103/><D103/><U113/><E113/><V86/><F86/><AGARI ba="0,2" hai="1,3,6,10,15,43,47,50,77,83,86,98,100,106" machi="86" ten="30,7700,0" yaku="1,1,7,1,25,2,53,0" doraHai="21" doraHaiUra="13" who="0" fromWho="2" sc="160,97,330,0,240,-77,250,0" /><INIT seed="2,0,0,3,1,30" ten="257,330,163,250" oya="2" hai0="123,46,124,47,98,112,60,96,43,127,92,39,38" hai1="22,56,37,128,59,109,11,106,51,85,26,125,52" hai2="84,119,7,87,126,16,114,82,44,25,115,81,3" hai3="5,94,40,23,129,36,131,45,64,135,80,90,72"/><V42/><F119/><W17/><G64/><T20/><D123/><U4/><E37/><V79/><F126/><N who="0" m="48170" /><D112/><U78/><E125/><V100/><F100/><W117/><G117/><T19/><D60/><U48/><E106/><V18/><F3/><W99/><G135/><T12/><D92/><U66/><E109/><V35/><F7/><W74/><G5/><T9/><D9/><U21/><E128/><N who="3" m="49226" /><G80/><T102/><D102/><U8/><E4/><V122/><F122/><W50/><G36/><T41/><AGARI ba="0,0" hai="12,19,20,38,39,41,43,46,47,96,98" m="48170" machi="41" ten="30,1100,0" yaku="18,1" doraHai="30" who="0" fromWho="0" sc="257,11,330,-3,163,-5,250,-3" /><INIT seed="3,0,0,5,1,76" ten="268,327,158,247" oya="3" hai0="34,78,107,2,47,15,42,129,37,114,91,33,95" hai1="44,24,89,119,12,70,103,45,9,20,123,61,116" hai2="55,1,8,68,133,64,59,125,65,54,74,48,30" hai3="115,83,112,87,16,67,92,31,82,75,134,29,51"/><W35/><G75/><T126/><D107/><U21/><E103/><V96/><F74/><W130/><G35/><T25/><D2/><U109/><E109/><V105/><F125/><W17/><G67/><T5/><D126/><U121/><E89/><V79/><F133/><W39/><G39/><T111/><D111/><U110/><E110/><V57/><F68/><W49/><G134/><T98/><D114/><U14/><E61/><V43/><F30/><W102/><G87/><T118/><D118/><N who="1" m="45099" /><E70/><V132/><F132/><W6/><G102/><T69/><D69/><U63/><E63/><V108/><F108/><W99/><G92/><T120/><D25/><U81/><E81/><V73/><F43/><W97/><G6/><T66/><D66/><U46/><E14/><V3/><F105/><W84/><G84/><T135/><D135/><U13/><E12/><V127/><F127/><W72/><G72/><T22/><D120/><N who="1" m="46155" /><E24/><V88/><F8/><W117/><G117/><T50/><D15/><U52/><E52/><V106/><F64/><W77/><G130/><T19/><D129/><U26/><E26/><V62/><F65/><W27/><G77/><T113/><D78/><U93/><E93/><V104/><F104/><W10/><G27/><T131/><D131/><U41/><E41/><V32/><F32/><W124/><G10/><T11/><D113/><U80/><E80/><V101/><REACH who="2" step="1"/><F88/><REACH who="2" ten="268,327,148,247" step="2"/><W4/><G124/><T128/><D128/><U53/><E53/><V56/><F56/><W28/><G28/><T71/><D91/><U0/><E9/><V94/><F94/><RYUUKYOKU ba="0,1" sc="268,-15,327,-15,148,15,247,15" hai2="1,3,48,54,55,57,59,62,73,79,96,101,106" hai3="4,16,17,29,31,49,51,82,83,97,99,112,115" /><INIT seed="3,1,1,5,4,55" ten="253,312,163,262" oya="3" hai0="94,68,15,45,65,38,24,5,103,14,104,77,56" hai1="117,2,26,131,96,11,106,85,111,125,50,18,78" hai2="42,133,51,54,99,22,30,120,79,107,73,62,23" hai3="121,128,31,113,70,29,43,63,3,122,61,57,16"/><W95/><G3/><T116/><D116/><U7/><E117/><V6/><F133/><W88/><G43/><T9/><D104/><U12/><E125/><V28/><F120/><W91/><G113/><T75/><D68/><U48/><E131/><V33/><F33/><W127/><G127/><T130/><D130/><U58/><E111/><V52/><F6/><W80/><G128/><T27/><D75/><U17/><E96/><V100/><F73/><W34/><G34/><T115/><D115/><U40/><E106/><V110/><F110/><W69/><G95/><T0/><D0/><U71/><E71/><V114/><F114/><W102/><G80/><T13/><D77/><U109/><E26/><N who="0" m="9769" /><D38/><U93/><E109/><V44/><F79/><W124/><G124/><T126/><D126/><U39/><E39/><V21/><REACH who="2" step="1"/><F42/><REACH who="2" ten="253,312,153,262" step="2"/><W37/><G122/><T83/><D5/><U81/><E40/><V97/><F97/><W87/><G121/><T108/><D108/><U134/><E7/><V74/><F74/><W20/><G87/><T19/><D9/><U41/><E11/><V86/><F86/><W8/><G8/><T53/><D103/><U90/><E85/><V67/><F67/><W92/><G102/><T89/><D65/><U25/><E78/><V82/><F82/><W36/><G91/><T119/><D83/><U76/><E90/><V98/><F98/><W60/><G88/><T59/><D119/><U112/><E81/><V118/><F118/><W46/><G92/><T101/><D101/><U105/><E93/><V129/><F129/><W123/><G123/><RYUUKYOKU ba="1,2" sc="253,-10,312,-10,153,30,262,-10" hai2="21,22,23,28,30,44,51,52,54,62,99,100,107" owari="243,-16.0,322,43.0,183,-32.0,252,5.0" /></mjloggm>