<mjloggm ver="2.3"><GO type="169" lobby="0"/><UN n0="%E5%A4%AA%E3%81%8F%E3%81%AA%E3%81%84%E3%81%8A" n1="%E5%B0%B1%E6%B4%BB%E7%94%9F%40%E5%B7%9D%E6%9D%91%E8%BB%8D%E5%9B%A3" n2="%E3%81%BF%E3%81%A3%E3%81%A4%E3%81%83%EF%BD%9E" n3="%E5%BA%83%E5%B3%B6%E3%81%AE%E7%A8%AE%E9%A6%AC" dan="20,16,16,16" rate="2205.65,2099.50,2068.22,2090.15" sx="M,M,F,M"/><TAIKYOKU oya="0"/><INIT seed="0,0,0,4,2,48" ten="250,250,250,250" oya="0" hai0="102,67,111,6,53,38,50,85,84,30,62,101,91" hai1="95,45,123,4,60,12,7,37,28,61,128,25,96" hai2="83,36,75,29,89,114,90,24,110,107,82,14,57" hai3="15,80,49,86,133,27,34,8,26,122,88,132,39"/><T118/><D118/><U41/><E123/><V70/><F70/><W97/><G39/><T112/><D112/><U3/><E3/><V68/><F68/><W93/><G122/><T43/><D6/><U98/><E98/><V74/><F36/><W129/><G129/><T59/><D30/><U103/><E128/><V121/><F107/><W94/><G93/><T9/><D9/><U17/><E7/><V78/><F121/><W73/><G73/><T81/><D111/><U134/><E4/><V113/><F14/><W35/><G35/><T71/><D85/><U130/><E134/><N who="3" m="51818" /><G34/><T66/><D66/><U72/><E72/><V104/><F104/><W54/><G15/><T19/><D19/><U51/><E37/><V47/><F110/><W76/><G8/><T11/><D11/><N who="1" m="6303" /><E130/><V64/><F114/><W44/><AGARI ba="0,0" hai="26,27,44,49,54,76,80,86,88,94,97" m="51818" machi="44" ten="30,4000,0" yaku="20,1,52,1,54,1" doraHai="48" who="3" fromWho="3" sc="250,-20,250,-10,250,-10,250,40" /><INIT seed="1,0,0,2,3,11" ten="230,240,240,290" oya="1" hai0="127,105,64,121,39,44,67,82,122,62,38,101,76" hai1="60,84,30,90,93,88,73,40,3,117,110,35,36" hai2="26,43,133,63,128,69,16,46,109,10,41,25,1" hai3="17,7,106,99,0,86,94,45,135,77,107,32,115"/><U18/><E117/><V104/><F109/><W29/><G7/><T81/><D127/><U58/><E3/><V5/><F128/><W131/><G0/><T75/><D81/><U23/><E73/><V13/><F133/><W113/><G29/><T28/><D28/><U134/><E134/><V42/><F104/><W103/><G32/><T55/><D55/><U21/><E110/><V118/><F118/><W68/><G68/><N who="0" m="42007" /><D67/><U120/><E120/><N who="0" m="46185" /><D44/><U19/><E35/><V123/><F123/><W96/><G45/><T27/><D27/><N who="2" m="10250" /><F1/><W85/><G135/><T102/><D105/><U20/><E30/><V8/><F69/><W56/><G56/><T80/><D80/><N who="1" m="49159" /><E40/><N who="2" m="15467" /><F63/><W98/><G131/><T12/><D12/><U100/><E36/><AGARI ba="0,0" hai="36,38,39,75,76,82,101,102" m="46185,42007" machi="36" ten="30,1000,0" yaku="13,1" doraHai="11" who="0" fromWho="1" sc="230,10,240,-10,240,0,290,0" /><INIT seed="2,0,0,4,1,99" ten="240,230,240,290" oya="2" hai0="47,56,19,95,112,101,81,58,36,131,23,2,34" hai1="20,31,30,133,8,104,96,29,14,24,134,68,28" hai2="32,12,110,90,38,11,130,82,135,40,54,22,118" hai3="44,98,74,107,43,51,91,13,41,132,0,97,122"/><V63/><F32/><W111/><G0/><T80/><D112/><U27/><E68/><V102/><F118/><W35/><G74/><T92/><D2/><U126/><E126/><V108/><F38/><W116/><G111/><N who="2" m="42537" /><F40/><W26/><G43/><T75/><D34/><N who="1" m="20743" /><E96/><V57/><F22/><W65/><G98/><N who="0" m="59591" /><D75/><U61/><E61/><V16/><F130/><W93/><G107/><T25/><D36/><U66/><E66/><V52/><F135/><N who="1" m="51721" /><E104/><V84/><F102/><W83/><G116/><T18/><D131/><U9/><E9/><V85/><F85/><W45/><G132/><T60/><D60/><U123/><E123/><V62/><F62/><W106/><G106/><T64/><D64/><AGARI ba="0,0" hai="11,12,16,52,54,57,63,64,82,84,90" m="42537" machi="64" ten="30,11600,0" yaku="14,1,10,1,54,2" doraHai="99" who="2" fromWho="0" sc="240,-116,230,0,240,116,290,0" /><INIT seed="2,1,0,5,1,86" ten="124,230,356,290" oya="2" hai0="130,103,89,64,4,6,44,58,32,71,115,88,18" hai1="102,78,97,38,129,84,98,8,126,117,51,85,49" hai2="80,1,7,54,133,9,70,65,24,131,116,61,110" hai3="43,69,108,128,124,122,93,60,29,90,48,101,42"/><V119/><F131/><W135/><G122/><T52/><D115/><U34/><E34/><V106/><F133/><W3/><G3/><T76/><D32/><U14/><E38/><V127/><F127/><W21/><G101/><T15/><D130/><U87/><E117/><V2/><F2/><W10/><G108/><T39/><D76/><U26/><E126/><V40/><F40/><W63/><G124/><T104/><D104/><U95/><E129/><V47/><F106/><W17/><G69/><T56/><D103/><U81/><E26/><V118/><F110/><W5/><G29/><T120/><D120/><U112/><E97/><V11/><F11/><W68/><G135/><T94/><D71/><U114/><E114/><V99/><F99/><W121/><G68/><T23/><D39/><U134/><E134/><V55/><F47/><W59/><G63/><N who="0" m="37991" /><D44/><U16/><E112/><V53/><F80/><W105/><G48/><AGARI ba="1,0" hai="8,14,16,48,49,51,78,81,84,85,87,95,98,102" machi="48" ten="40,2600,0" yaku="8,1,54,1" doraHai="86" who="1" fromWho="3" sc="124,0,230,29,356,0,290,-29" /><INIT seed="3,0,0,2,1,54" ten="124,259,356,261" oya="3" hai0="116,132,97,102,50,119,46,78,57,44,45,17,22" hai1="70,108,121,33,31,93,36,91,14,107,77,100,60" hai2="111,110,47,89,1,39,124,12,101,90,87,127,61" hai3="63,117,103,72,38,73,83,32,5,18,0,125,79"/><W41/><G117/><T27/><D132/><U8/><E121/><V71/><F1/><W42/><G32/><T6/><D6/><U128/><E36/><V114/><F114/><W13/><G125/><N who="2" m="48201" /><F101/><W86/><G0/><T69/><D69/><U126/><E77/><V3/><F3/><W81/><G5/><T88/><D78/><U113/><E108/><N who="2" m="41515" /><F12/><W48/><G38/><T37/><D37/><U65/><E128/><V67/><F87/><W94/><G63/><T120/><D120/><U15/><E15/><V28/><F28/><W21/><G48/><T20/><D20/><U55/><E100/><V53/><F53/><W23/><G73/><T64/><D102/><U105/><E55/><V95/><F95/><W4/><G94/><N who="0" m="56519" /><D119/><U51/><E126/><V62/><F62/><W123/><G123/><T40/><D116/><U96/><E113/><V118/><F118/><W49/><G103/><T115/><D115/><U74/><E74/><V35/><F35/><W19/><G49/><T75/><D75/><U10/><E51/><V25/><F25/><W109/><G109/><T58/><D64/><U68/><E8/><V26/><F26/><W56/><G72/><T80/><D80/><U66/><E66/><V59/><F71/><W131/><G81/><T106/><D106/><U130/><E70/><V11/><F11/><W133/><G83/><T112/><D112/><U84/><E84/><V82/><F82/><W135/><G79/><T16/><D17/><N who="1" m="8407" /><E130/><V76/><F76/><W30/><G131/><T43/><D50/><U85/><E85/><V34/><F34/><RYUUKYOKU ba="0,0" sc="124,10,259,10,356,10,261,-30" hai0="16,22,27,40,43,44,45,46,57,58" hai1="31,33,60,65,68,91,93,96,105,107" hai2="39,47,59,61,67,89,90" /><INIT seed="4,1,0,5,3,86" ten="134,269,366,231" oya="0" hai0="45,39,65,5,41,71,47,17,127,125,83,135,32" hai1="34,121,129,57,64,113,96,12,103,98,27,88,105" hai2="110,37,25,116,18,9,126,59,100,128,108,61,92" hai3="130,44,85,97,42,0,131,118,95,82,30,26,78"/><T122/><D32/><U69/><E121/><V91/><F37/><W31/><G0/><T134/><D5/><U10/><E129/><N who="3" m="49162" /><G118/><T90/><D17/><U13/><E113/><V6/><F116/><W54/><G54/><T40/><D83/><U132/><E132/><N who="0" m="50729" /><D90/><U8/><E57/><V109/><F128/><W114/><G114/><T29/><D29/><N who="1" m="19775" /><E12/><V11/><F126/><N who="0" m="48138" /><D122/><U53/><E53/><N who="2" m="34031" /><F100/><N who="3" m="60479" /><G26/><T73/><D73/><U74/><E74/><V111/><F6/><W22/><G22/><T63/><D39/><AGARI ba="1,0" hai="30,31,39,42,44,78,82,85" m="60479,49162" machi="39" ten="30,1000,0" yaku="19,1" doraHai="86" who="3" fromWho="0" sc="134,-13,269,0,366,0,231,13" /><INIT seed="5,0,0,2,0,4" ten="121,269,366,244" oya="1" hai0="52,61,99,123,72,22,26,102,19,29,53,87,56" hai1="73,7,41,107,23,79,46,69,114,33,5,85,17" hai2="109,51,110,62,35,28,66,135,117,57,1,92,18" hai3="89,25,20,6,93,27,113,122,2,108,14,71,106"/><U64/><E33/><V70/><F1/><W111/><G106/><T43/><D72/><U126/><E73/><V76/><F117/><W36/><G71/><T112/><D112/><U32/><E32/><V130/><F76/><W119/><G36/><T90/><D123/><U10/><E107/><V83/><F83/><W31/><G122/><T91/><D43/><U9/><E114/><V129/><F135/><W116/><G89/><T125/><D125/><U74/><E74/><V40/><F18/><N who="3" m="10327" /><G93/><T75/><D75/><U60/><E126/><V134/><F134/><W16/><G113/><T133/><D133/><U94/><E5/><V63/><F92/><W37/><G37/><T95/><D53/><U44/><E7/><V0/><F0/><W11/><G16/><T48/><D48/><U101/><E79/><V105/><F105/><W80/><G80/><T65/><D65/><U21/><E21/><V88/><F88/><N who="0" m="33834" /><D19/><U131/><E85/><AGARI ba="0,0" hai="22,26,29,52,56,61,85,87,95,99,102" m="33834" machi="85" ten="30,3900,0" yaku="8,1,54,2" doraHai="4" who="0" fromWho="1" sc="121,39,269,-39,366,0,244,0" /><INIT seed="6,0,0,4,1,89" ten="160,230,366,244" oya="2" hai0="22,99,134,94,81,135,101,72,38,59,62,123,49" hai1="33,86,32,60,44,52,121,6,87,124,3,111,129" hai2="43,16,9,21,48,97,14,24,58,4,79,65,2" hai3="26,45,42,68,92,5,31,122,117,11,64,126,105"/><V25/><F79/><W69/><G105/><T53/><D38/><U98/><E111/><V130/><F130/><W63/><G117/><T17/><D123/><U39/><E39/><V7/><F97/><W18/><G126/><T96/><D72/><U12/><E3/><V71/><F71/><W80/><G80/><T75/><D75/><U15/><E33/><V128/><F128/><W120/><G18/><T90/><D49/><N who="1" m="28711" /><E32/><V20/><F2/><W27/><G69/><T54/><D54/><U132/><E129/><V34/><F34/><W1/><G27/><T56/><D56/><U35/><E35/><V108/><F108/><W118/><G26/><N who="0" m="14671" /><D81/><U83/><E6/><V0/><F0/><W47/><G31/><T55/><D55/><U109/><E109/><V85/><F7/><W91/><G118/><T115/><D115/><U106/><E106/><AGARI ba="0,0" hai="53,59,62,90,94,96,99,101,106,134,135" m="14671" machi="106" ten="30,2000,0" yaku="25,1,52,1" doraHai="89" who="0" fromWho="1" sc="160,20,230,-20,366,0,244,0" /><INIT seed="7,0,0,3,2,42" ten="180,210,366,244" oya="3" hai0="132,38,9,31,105,88,5,1,106,74,82,101,89" hai1="65,14,30,13,3,130,53,17,25,85,129,104,68" hai2="67,16,0,121,40,64,97,83,45,54,131,37,26" hai3="118,80,111,94,69,133,56,72,96,77,107,33,61"/><W120/><G33/><T78/><D132/><U100/><E3/><V48/><F0/><W75/><G69/><T19/><D31/><U112/><E112/><V46/><F131/><N who="1" m="50185" /><E85/><V119/><F119/><W29/><G107/><T122/><D122/><U4/><E4/><V93/><F121/><W32/><G111/><T91/><D101/><U39/><E39/><V10/><F83/><W134/><G75/><T81/><D81/><U58/><E65/><V98/><F98/><W128/><G118/><T113/><D113/><U127/><E68/><V62/><F62/><W28/><G32/><T90/><N who="0" m="23040" /><DORA hai="18" /><T47/><D19/><U11/><E14/><N who="2" m="7255" /><F37/><W34/><G120/><T109/><D109/><U110/><E110/><V116/><F116/><W125/><G72/><T63/><D63/><N who="1" m="36303" /><E127/><V87/><F87/><W76/><G125/><T117/><D117/><U35/><E100/><N who="2" m="60463" /><F26/><W8/><G133/><T95/><D95/><U43/><E104/><V135/><F135/><W123/><G94/><T22/><D22/><U57/><E43/><AGARI ba="0,0" hai="1,5,9,38,43,47,74,78,82,105,106" m="23040" machi="43" ten="50,8000,1" yaku="25,2,52,1,54,1" doraHai="42,18" who="0" fromWho="1" sc="180,80,210,-80,366,0,244,0" owari="260,6.0,130,-37.0,366,47.0,244,-16.0" /></mjloggm>