<mjloggm ver="2.3"><GO type="169" lobby="0"/><UN n0="%63%6C%6F%6F%77%64%6F" n1="%E5%B0%B1%E6%B4%BB%E7%94%9F%40%E5%B7%9D%E6%9D%91%E8%BB%8D%E5%9B%A3" n2="%E6%8E%A8%E7%A9%BA%EF%BC%B0" n3="%E3%82%AD%E3%83%A5%E3%82%A2%E3%82%A8%E3%83%BC%E3%82%B9" dan="16,17,16,16" rate="2076.63,2131.75,2131.10,2114.72" sx="F,M,F,F"/><TAIKYOKU oya="0"/><INIT seed="0,0,0,5,3,51" ten="250,250,250,250" oya="0" hai0="56,30,108,58,104,74,99,128,9,86,113,27,13" hai1="135,65,31,134,70,77,19,81,24,129,35,121,106" hai2="91,117,85,96,47,63,118,37,49,46,53,18,34" hai3="16,87,21,116,83,67,32,28,90,52,69,73,7"/><T95/><D74/><U45/><E106/><V115/><F115/><W89/><G116/><N who="2" m="44649" /><F34/><W33/><G73/><T132/><D113/><U2/><E2/><V107/><F18/><W84/><G7/><T22/><D132/><N who="1" m="50731" /><E129/><V4/><F4/><W124/><G124/><T76/><D128/><U100/><E100/><N who="2" m="62855" /><F63/><W0/><G0/><T57/><D104/><U78/><E121/><V26/><F26/><W133/><G133/><T39/><D39/><U8/><E65/><V105/><F105/><W5/><G5/><N who="0" m="3247" /><D108/><U29/><E70/><V68/><F68/><W71/><G67/><T93/><D99/><U11/><E31/><V98/><F98/><W23/><G33/><T43/><D43/><U62/><E62/><V48/><F37/><W1/><G32/><T97/><D97/><U92/><E19/><V111/><F111/><W64/><G64/><T120/><D120/><U44/><E11/><V114/><F114/><W40/><G69/><T14/><D14/><U3/><E8/><V126/><F126/><W130/><G71/><T109/><D109/><U75/><E3/><V103/><F103/><W82/><G1/><T42/><D42/><U55/><E24/><V122/><F122/><W12/><G130/><T10/><D10/><U101/><E35/><V123/><F123/><W17/><G40/><T59/><N who="0" m="14336" /><DORA hai="88" /><T72/><D72/><U61/><E75/><V41/><F85/><W80/><G28/><T50/><D50/><U112/><E29/><V36/><F36/><W102/><G102/><T25/><D25/><U110/><E110/><V127/><F127/><RYUUKYOKU ba="0,0" sc="250,15,250,-15,250,15,250,-15" hai0="22,27,30,76,86,93,95" hai2="41,46,47,48,49,53,91" /><INIT seed="0,1,0,0,4,56" ten="265,235,265,235" oya="0" hai0="125,62,63,19,123,2,134,99,41,20,40,98,102" hai1="57,90,17,66,0,92,80,32,49,58,122,73,115" hai2="89,60,91,93,3,104,50,25,47,107,109,106,44" hai3="77,114,88,79,97,23,121,11,130,22,61,71,82"/><T74/><D123/><U110/><E32/><V111/><F3/><W87/><G114/><T54/><D74/><U18/><E0/><V48/><F25/><W81/><G121/><T37/><D2/><U12/><E122/><V75/><F75/><W51/><G130/><T34/><D34/><U8/><E110/><V15/><F15/><W26/><G11/><T120/><D120/><U124/><E124/><V16/><F93/><W84/><G51/><T108/><D125/><U30/><E30/><V24/><F24/><W4/><G4/><T64/><D108/><N who="2" m="41546" /><F16/><W85/><G97/><N who="0" m="36875" /><D37/><U13/><E80/><V105/><N who="2" m="26624" /><DORA hai="127" /><V65/><F48/><W133/><G133/><T55/><D134/><U113/><E73/><V1/><F1/><W95/><REACH who="3" step="1"/><G26/><REACH who="3" ten="265,235,265,225" step="2"/><N who="0" m="14623" /><D102/><U67/><E8/><V129/><F129/><W96/><G96/><T39/><D39/><U76/><E113/><V69/><F47/><W6/><G6/><T27/><D27/><U135/><E135/><V119/><F119/><W103/><G103/><T43/><D64/><AGARI ba="1,1" hai="22,23,61,64,71,77,79,81,82,84,85,87,88,95" machi="64" ten="40,8000,1" yaku="1,1,9,1,52,1,54,1,53,1" doraHai="56,127" doraHaiUra="86,31" who="3" fromWho="0" sc="265,-83,235,0,265,0,225,93" /><INIT seed="1,0,0,5,1,135" ten="182,235,265,318" oya="1" hai0="90,77,81,71,99,134,102,64,115,74,133,35,89" hai1="94,101,1,106,6,63,121,112,109,29,12,36,129" hai2="52,38,22,73,78,70,40,9,41,46,31,58,76" hai3="18,0,61,95,25,51,79,60,92,50,97,4,88"/><U2/><E106/><V130/><F130/><W39/><G39/><T32/><D64/><U128/><E36/><V55/><F70/><W26/><G79/><T56/><D71/><U27/><E63/><N who="3" m="24138" /><G0/><N who="1" m="106" /><E101/><V21/><F9/><W72/><G72/><T37/><D37/><U125/><E94/><V54/><F40/><W47/><G4/><T96/><D56/><U103/><E103/><V66/><F66/><W10/><G51/><T113/><D35/><N who="1" m="20927" /><E121/><V24/><F58/><W104/><G104/><N who="0" m="63583" /><D32/><U67/><E67/><V15/><F73/><W8/><G92/><N who="0" m="56343" /><D89/><U122/><E122/><V75/><F75/><W132/><G132/><AGARI ba="0,0" hai="74,77,81,113,115,132,133,134" m="56343,63583" machi="132" ten="30,3900,0" yaku="20,1,34,2" doraHai="135" who="0" fromWho="3" sc="182,39,235,0,265,0,318,-39" /><INIT seed="2,0,0,4,5,69" ten="221,235,265,279" oya="2" hai0="81,33,7,38,49,76,37,134,66,10,24,13,40" hai1="48,15,88,21,101,25,71,1,19,17,117,36,132" hai2="91,46,97,29,12,52,2,3,23,77,26,62,84" hai3="14,99,18,106,93,9,59,4,94,75,128,6,120"/><V112/><F112/><W108/><G120/><T63/><D134/><U124/><E1/><V30/><F2/><W22/><G108/><T103/><D103/><U83/><E117/><V50/><F3/><W57/><G128/><T118/><D118/><U111/><E71/><V43/><F12/><W125/><G125/><T122/><D122/><U115/><E115/><V131/><F131/><W27/><G75/><T72/><D40/><U110/><E124/><V58/><F77/><W51/><G106/><T102/><D49/><U74/><E101/><V123/><F123/><W35/><G94/><T129/><D129/><U78/><E132/><V92/><F84/><W98/><G98/><T90/><D102/><U133/><E133/><V116/><REACH who="2" step="1"/><F116/><REACH who="2" ten="221,235,255,279" step="2"/><W67/><G14/><T89/><D13/><U16/><E15/><V73/><F73/><W95/><G4/><T109/><D7/><U11/><E11/><V44/><F44/><W60/><G9/><T105/><D10/><U121/><E121/><V56/><F56/><W8/><G8/><T20/><D76/><U34/><E78/><V39/><F39/><W82/><G6/><T114/><D38/><U55/><E36/><V54/><F54/><W70/><G57/><T85/><D37/><U68/><E68/><V0/><F0/><W65/><G70/><T42/><D114/><U100/><E74/><V130/><F130/><W47/><G59/><T32/><D72/><U127/><E127/><V79/><F79/><W135/><G135/><T80/><D85/><U41/><E55/><V28/><AGARI ba="0,1" hai="23,26,28,29,30,43,46,50,52,58,62,91,92,97" machi="28" ten="20,12000,1" yaku="1,1,0,1,7,1,8,1,54,1,53,0" doraHai="69" doraHaiUra="107" who="2" fromWho="2" sc="221,-40,235,-40,255,130,279,-40" /><INIT seed="2,1,0,2,2,100" ten="181,195,385,239" oya="2" hai0="112,102,73,4,34,59,56,47,115,53,124,122,6" hai1="119,28,33,96,123,111,46,49,32,31,39,118,88" hai2="66,87,134,67,29,79,107,37,116,3,68,42,12" hai3="113,51,78,131,92,24,94,69,76,26,5,63,13"/><V75/><F116/><W81/><G131/><T22/><D34/><U130/><E39/><V77/><F75/><W19/><G5/><T20/><D122/><U23/><E123/><V65/><F3/><W50/><G113/><T35/><D35/><U10/><E130/><V110/><F68/><W114/><G114/><T132/><D73/><U70/><E70/><V64/><F110/><W60/><G69/><T54/><D47/><U74/><E74/><V52/><F134/><W1/><G1/><T62/><D102/><U25/><E111/><V36/><F107/><W72/><G72/><T80/><D80/><U8/><E32/><V9/><F37/><W105/><G105/><T11/><D11/><U133/><E133/><V97/><F36/><W98/><G13/><T48/><D132/><U89/><E33/><V30/><F42/><W128/><G98/><T101/><D101/><U17/><E118/><V121/><F97/><W18/><G128/><T40/><D40/><U117/><E117/><V43/><F43/><W106/><G106/><T21/><D22/><U38/><E38/><V41/><F41/><W71/><G71/><T15/><D15/><U99/><E119/><V108/><F108/><W127/><REACH who="3" step="1"/><G81/><REACH who="3" ten="181,195,385,229" step="2"/><T27/><D115/><U44/><E96/><V93/><F121/><W16/><G16/><T14/><D112/><U104/><E104/><V84/><F30/><W7/><G7/><T85/><D85/><U86/><E31/><V126/><F29/><W95/><G95/><T58/><D4/><U0/><E28/><V82/><N who="2" m="16384" /><DORA hai="135" /><V83/><F93/><RYUUKYOKU ba="1,1" sc="181,-10,195,-10,385,-10,229,30" hai3="18,19,24,26,50,51,60,63,76,78,92,94,127" /><INIT seed="3,2,1,1,2,18" ten="171,185,375,259" oya="3" hai0="53,1,61,69,73,40,50,23,24,32,101,42,62" hai1="131,47,122,0,84,55,87,10,70,118,31,11,104" hai2="108,127,128,20,97,102,38,111,99,105,121,89,76" hai3="64,119,46,85,59,96,120,112,8,132,135,125,41"/><W30/><G112/><T114/><D114/><U33/><E104/><V3/><F3/><W126/><G119/><T17/><D73/><U92/><E70/><V72/><F38/><W57/><G30/><T2/><D101/><U103/><E122/><V26/><F128/><W7/><G96/><T35/><D1/><U52/><E131/><V88/><F127/><N who="3" m="48651" /><G85/><N who="1" m="32842" /><E0/><V78/><F121/><W4/><G120/><T39/><D2/><U115/><E33/><V82/><F78/><W29/><G29/><T6/><D6/><N who="3" m="2089" /><G8/><N who="1" m="3114" /><E115/><V16/><REACH who="2" step="1"/><F99/><REACH who="2" ten="171,185,365,259" step="2"/><W94/><G132/><T36/><D36/><U134/><E134/><V83/><F83/><W71/><G135/><T93/><D39/><U34/><E118/><V48/><F48/><N who="3" m="26703" /><G94/><T75/><D93/><U116/><E116/><V63/><F63/><AGARI ba="2,2" hai="57,59,63,64,71" m="26703,2089,48651" machi="63" ten="30,1500,0" yaku="18,1" doraHai="18" who="3" fromWho="2" sc="171,0,185,0,365,-21,259,41" /><INIT seed="3,3,0,3,4,27" ten="171,185,344,300" oya="3" hai0="13,111,45,55,40,66,65,35,62,98,23,43,32" hai1="24,104,107,83,1,130,118,112,19,126,44,48,85" hai2="125,64,121,90,132,113,80,115,56,73,6,70,25" hai3="10,131,135,3,102,82,21,74,49,100,39,0,124"/><W129/><G39/><T63/><D111/><U28/><E1/><N who="3" m="586" /><G135/><T38/><D43/><U58/><E112/><V93/><F132/><W7/><G124/><T42/><D42/><U31/><E126/><V89/><F125/><W52/><G21/><T34/><D98/><U16/><E130/><N who="3" m="49674" /><G7/><T37/><D37/><U46/><E118/><V36/><F6/><W11/><G74/><T77/><D77/><N who="1" m="46319" /><E107/><V76/><F36/><W114/><G114/><T128/><D128/><U26/><E104/><V96/><F70/><W30/><G82/><T91/><D91/><U33/><E33/><V95/><F121/><W22/><G22/><T20/><D20/><U75/><E75/><V2/><F2/><W84/><G30/><N who="1" m="11306" /><E58/><V47/><F25/><N who="1" m="9833" /><E44/><V120/><F47/><N who="3" m="27711" /><G84/><T97/><D23/><U103/><E103/><AGARI ba="3,0" hai="10,11,100,102,103" m="27711,49674,586" machi="103" ten="30,2900,0" yaku="19,1,54,1" doraHai="27" who="3" fromWho="1" sc="171,0,185,-38,344,0,300,38" /><INIT seed="3,4,0,4,5,123" ten="171,147,344,338" oya="3" hai0="107,73,50,68,27,64,114,72,12,94,16,48,10" hai1="99,55,9,98,112,82,15,41,58,101,14,75,33" hai2="56,133,59,111,42,89,40,26,110,91,21,53,46" hai3="13,78,70,126,30,20,2,4,23,81,131,135,127"/><W39/><G70/><T116/><D107/><U7/><E33/><V49/><F133/><W74/><G39/><T93/><D116/><U102/><E112/><V57/><F89/><W124/><G135/><T92/><D114/><U104/><E41/><V97/><F91/><W63/><G131/><T45/><D50/><U128/><E128/><V52/><F97/><W96/><G63/><T6/><D68/><U24/><E24/><V118/><F118/><W31/><G96/><T87/><D64/><U84/><E75/><V62/><F21/><N who="3" m="8267" /><G2/><T132/><D132/><U29/><E29/><N who="3" m="10762" /><G13/><T130/><D130/><U95/><E9/><V105/><F26/><W67/><G4/><T17/><D87/><U18/><E18/><V90/><F90/><W108/><G67/><T69/><D69/><U34/><E7/><V76/><F76/><W28/><N who="3" m="10770" /><W122/><DORA hai="113" /><G122/><T86/><D86/><U37/><E37/><V61/><F105/><W103/><G103/><T71/><D71/><U66/><E66/><N who="2" m="39207" /><F40/><W51/><G51/><AGARI ba="4,0" hai="42,46,49,51,52,53,57,59,62,110,111" m="39207" machi="51" ten="30,8000,1" yaku="34,2,52,2,54,1" doraHai="123,113" who="2" fromWho="3" sc="171,0,147,0,344,92,338,-92" /><INIT seed="4,0,0,3,4,32" ten="171,147,436,246" oya="0" hai0="51,18,55,57,80,65,63,24,27,64,88,99,7" hai1="103,12,31,40,98,17,66,90,78,117,81,121,97" hai2="109,111,25,0,69,113,43,62,58,34,114,39,54" hai3="84,56,23,94,60,49,133,67,85,70,108,125,22"/><T131/><D131/><U53/><E121/><V119/><F34/><W15/><G108/><N who="2" m="41545" /><F25/><N who="0" m="9802" /><D7/><U95/><E117/><V36/><F0/><W124/><G133/><T132/><D132/><U5/><E40/><V38/><F119/><W35/><G35/><T50/><D18/><U71/><E31/><V3/><F3/><W107/><G107/><T89/><D80/><U112/><E112/><N who="2" m="43115" /><F69/><W28/><G28/><T8/><D8/><U127/><E127/><N who="3" m="48714" /><G15/><T33/><D33/><U77/><E5/><V20/><F20/><N who="3" m="7723" /><G94/><N who="0" m="56775" /><D89/><U76/><E12/><V104/><F104/><W123/><G123/><T105/><D105/><U101/><E17/><V92/><F92/><W87/><G49/><AGARI ba="0,0" hai="49,50,51,55,57,63,64,65" m="56775,9802" machi="49" ten="30,2900,0" yaku="8,1,54,1" doraHai="32" who="0" fromWho="3" sc="171,29,147,0,436,0,246,-29" /><INIT seed="4,1,0,4,5,124" ten="200,147,436,217" oya="0" hai0="55,43,26,17,0,49,27,100,71,108,79,135,58" hai1="95,9,89,114,72,36,99,51,128,80,70,94,23" hai2="68,78,66,97,88,63,104,14,54,13,87,110,116" hai3="113,42,53,115,73,45,11,125,126,20,105,16,30"/><T33/><D0/><U62/><E36/><V98/><F110/><W50/><G105/><T35/><D108/><U24/><E9/><V47/><F116/><W85/><G73/><T131/><D71/><U74/><E114/><N who="3" m="43530" /><G30/><T127/><D127/><N who="3" m="48649" /><G11/><T6/><D135/><U60/><E128/><V106/><F78/><W29/><G29/><T81/><D131/><U59/><E70/><V32/><F32/><W46/><G85/><T129/><D129/><U119/><E119/><V34/><F34/><W61/><G61/><T92/><D6/><U5/><E5/><V65/><F65/><W3/><G3/><T101/><D33/><U44/><E80/><V39/><F104/><W28/><G28/><T93/><D81/><U15/><E15/><V67/><F67/><W7/><G7/><T96/><D35/><U83/><E83/><V109/><F109/><W48/><G20/><T38/><D96/><U31/><E60/><V133/><F133/><W134/><G16/><T107/><D17/><U86/><E94/><V37/><F106/><W22/><G22/><T12/><D93/><U41/><REACH who="1" step="1"/><E86/><REACH who="1" ten="200,137,436,217" step="2"/><V25/><F13/><W91/><G134/><T40/><D12/><U2/><E2/><V120/><F14/><W130/><G130/><T69/><D92/><U84/><E84/><V4/><F87/><W18/><G50/><T57/><D49/><U56/><E56/><V103/><F4/><W52/><G48/><T21/><D57/><U112/><E112/><V90/><F63/><W132/><G132/><T77/><D58/><U117/><E117/><V121/><F37/><RYUUKYOKU ba="1,1" sc="200,-10,137,30,436,-10,217,-10" hai1="23,24,31,41,44,51,59,62,72,74,89,95,99" /><INIT seed="5,2,1,5,0,45" ten="190,167,426,207" oya="1" hai0="82,110,52,133,10,93,75,40,50,63,44,77,7" hai1="39,9,3,125,119,101,72,4,76,68,28,83,90" hai2="22,62,134,73,66,47,85,129,35,120,121,29,23" hai3="70,128,43,54,27,20,49,89,25,111,79,41,32"/><U46/><E119/><V112/><F73/><W118/><G111/><T19/><D133/><U58/><E125/><V108/><F108/><W99/><G70/><T2/><D110/><U60/><E101/><V98/><F35/><W95/><G128/><T116/><D116/><U6/><E6/><V91/><F129/><W104/><G118/><T64/><D93/><U61/><E28/><V8/><F134/><W42/><G104/><T94/><D94/><U15/><E90/><V123/><F112/><W57/><G79/><T11/><D11/><U80/><E80/><V71/><F98/><W130/><G130/><T16/><REACH who="0" step="1"/><D40/><REACH who="0" ten="180,167,426,207" step="2"/><N who="1" m="22815" /><E68/><AGARI ba="2,2" hai="2,7,10,16,19,44,50,52,63,64,68,75,77,82" machi="68" ten="30,8000,1" yaku="1,1,7,1,52,1,54,2,53,0" doraHai="45" doraHaiUra="31" who="0" fromWho="1" sc="180,106,167,-86,426,0,207,0" /><INIT seed="6,0,0,2,4,53" ten="286,81,426,207" oya="2" hai0="52,110,92,135,129,67,58,44,36,107,23,113,25" hai1="119,38,116,51,65,77,117,21,127,42,111,93,13" hai2="6,29,106,35,118,72,12,61,89,40,26,75,125" hai3="69,124,16,3,105,71,59,33,115,108,68,17,5"/><V101/><F118/><W95/><G105/><T76/><D107/><U48/><E111/><V100/><F40/><W114/><G108/><T47/><D110/><U2/><E2/><V88/><F125/><W109/><G109/><T130/><D67/><U56/><E127/><V134/><F134/><W9/><G124/><T131/><D135/><U81/><E93/><V98/><F100/><W43/><G33/><T99/><D76/><U97/><E97/><V66/><F12/><W31/><G31/><N who="0" m="17855" /><D36/><U14/><E38/><V34/><F6/><W70/><N who="3" m="17408" /><DORA hai="57" /><W133/><G133/><T39/><D39/><U49/><E42/><V112/><F112/><N who="3" m="43051" /><G43/><T104/><D104/><U50/><E21/><V128/><F34/><W30/><G30/><T46/><D113/><U132/><E132/><V78/><F128/><W73/><G73/><T37/><D37/><U32/><E32/><V80/><F72/><W54/><G95/><T18/><D18/><U87/><N who="1" m="12800" /><DORA hai="19" /><U55/><REACH who="1" step="1"/><E55/><REACH who="1" ten="286,71,426,207" step="2"/><V82/><F82/><W1/><G3/><T0/><D0/><U20/><E20/><V126/><F126/><W62/><AGARI ba="0,1" hai="1,5,9,16,17,54,59,62" m="43051,17408" machi="62" ten="60,8000,1" yaku="15,1,11,1,52,2,54,1" doraHai="53,57,19" who="3" fromWho="3" sc="286,-20,71,-20,426,-40,207,90" /><INIT seed="7,0,0,1,2,64" ten="266,51,386,297" oya="3" hai0="6,12,11,29,121,109,114,22,127,0,122,21,32" hai1="102,67,77,86,54,100,94,14,123,15,89,76,101" hai2="71,130,57,129,59,20,87,126,73,103,124,28,58" hai3="36,83,43,66,8,81,128,115,88,46,133,69,68"/><W119/><G119/><T48/><D48/><U111/><E123/><N who="0" m="47113" /><D109/><U79/><E111/><V42/><F73/><W55/><G8/><N who="0" m="2119" /><D127/><N who="2" m="48682" /><F71/><N who="3" m="27211" /><G66/><T51/><D51/><U56/><E67/><V27/><F103/><W125/><G125/><T62/><D62/><U5/><E5/><V135/><F135/><W7/><G7/><N who="0" m="3199" /><D114/><U72/><E72/><V99/><F99/><W132/><G115/><T93/><D93/><U13/><E56/><V106/><F106/><W98/><G55/><T53/><D53/><U107/><E107/><V34/><F42/><W104/><G128/><N who="2" m="49257" /><F87/><W116/><G116/><T118/><D118/><U134/><E54/><V9/><F9/><W85/><G81/><T84/><D84/><U91/><E134/><N who="3" m="51818" /><G104/><T37/><D37/><U33/><E33/><AGARI ba="0,0" hai="20,27,28,33,34,57,58,59" m="49257,48682" machi="33" ten="40,2600,0" yaku="18,1,19,1" doraHai="64" who="2" fromWho="1" sc="266,0,51,-26,386,26,297,0" owari="266,-13.0,25,-47.0,412,50.0,297,10.0" /></mjloggm>