<mjloggm ver="2.3"><GO type="169" lobby="0"/><UN n0="%6D%75%6B%69%74%74%69" n1="%72%61%74%74%61%74%74%61" n2="%6F%77%61%72%69%2D" n3="%E3%82%A6%E3%83%AB%E3%83%88%E3%83%A9%E7%AB%8B%E7%9B%B4" dan="17,17,16,16" rate="2192.84,2193.30,2020.83,2094.85" sx="M,M,M,M"/><TAIKYOKU oya="0"/><INIT seed="0,0,0,1,4,102" ten="250,250,250,250" oya="0" hai0="73,78,111,29,20,28,98,72,74,14,49,80,55" hai1="34,94,83,93,104,62,128,39,92,2,63,43,30" hai2="129,9,54,118,8,88,68,103,57,21,81,15,122" hai3="1,4,119,77,6,109,132,67,65,133,46,112,35"/><T56/><D111/><U7/><E34/><V110/><F68/><W113/><G46/><T41/><D41/><U130/><E30/><V60/><F122/><W23/><G23/><T76/><D98/><U90/><E104/><V117/><F129/><N who="1" m="49769" /><E7/><V59/><F110/><W53/><G53/><T37/><D37/><U120/><E2/><V12/><F59/><W19/><G109/><T131/><D131/><U31/><E31/><V91/><F103/><W82/><G19/><T22/><D22/><U10/><E10/><V44/><F44/><W134/><G119/><N who="2" m="45577" /><F21/><W97/><G97/><T24/><D29/><U116/><E120/><V3/><F3/><W18/><G18/><T126/><D126/><U86/><E116/><V79/><F12/><W33/><G1/><T0/><D0/><U89/><E89/><N who="2" m="34379" /><F15/><W115/><G77/><T26/><D26/><U107/><E39/><V135/><F135/><W108/><G108/><T101/><D101/><U75/><E43/><V105/><F105/><W70/><G82/><T17/><D78/><N who="1" m="44511" /><E107/><V61/><F61/><AGARI ba="0,0" hai="61,62,63,86,90,92,93,94" m="44511,49769" machi="61" ten="30,1000,0" yaku="19,1" doraHai="102" who="1" fromWho="2" sc="250,0,250,10,250,-10,250,0" /><INIT seed="1,0,0,3,3,34" ten="250,260,240,250" oya="1" hai0="3,130,79,1,87,4,128,121,81,30,43,61,9" hai1="29,10,107,31,127,57,90,59,135,93,106,70,109" hai2="125,20,104,78,68,65,33,92,114,120,101,51,15" hai3="105,129,49,116,38,74,8,60,131,126,53,14,94"/><U89/><E70/><V52/><F120/><W97/><G105/><T47/><D121/><U85/><E127/><V37/><F33/><W27/><G38/><N who="0" m="22007" /><D61/><U99/><E135/><V44/><F104/><W40/><G74/><N who="0" m="43255" /><D30/><U112/><E112/><V35/><F35/><W84/><G126/><T32/><D87/><U132/><E132/><V19/><F78/><W102/><G116/><T123/><D123/><U95/><E106/><V118/><F118/><W133/><G133/><T25/><D25/><U124/><E107/><V96/><F125/><W54/><G27/><T113/><D32/><U16/><E124/><V98/><F37/><W100/><G84/><T48/><D48/><U69/><E69/><V39/><F39/><W83/><G83/><T122/><D122/><U28/><REACH who="1" step="1"/><E109/><REACH who="1" ten="250,250,240,250" step="2"/><V77/><F114/><W56/><G129/><N who="0" m="49771" /><D113/><U64/><E64/><V62/><F65/><W7/><G131/><T2/><AGARI ba="0,1" hai="1,2,3,4,9" m="49771,43255,22007" machi="2" ten="30,12000,2" yaku="25,1,19,1,23,1,52,3" doraHai="34" who="0" fromWho="0" sc="250,130,250,-60,240,-30,250,-30" /><INIT seed="2,0,0,2,0,122" ten="380,190,210,220" oya="2" hai0="17,39,98,108,42,133,99,10,65,97,11,55,64" hai1="90,118,110,59,103,73,20,111,49,129,58,101,128" hai2="2,113,36,3,44,134,96,43,8,69,5,46,88" hai3="81,112,115,70,120,66,127,47,95,71,121,4,68"/><V57/><F113/><N who="3" m="43595" /><G81/><T100/><D100/><N who="1" m="38475" /><E118/><V19/><F69/><N who="3" m="26731" /><G95/><T24/><D133/><U13/><E73/><V85/><F134/><W45/><G4/><T79/><D79/><U40/><E40/><V104/><F104/><W30/><G30/><T80/><D80/><U41/><E41/><V15/><F46/><N who="3" m="17419" /><G127/><T22/><D11/><U105/><E105/><V93/><F57/><N who="1" m="21513" /><E49/><V9/><REACH who="2" step="1"/><F96/><REACH who="2" ten="380,190,200,220" step="2"/><W27/><G27/><T119/><D24/><U33/><E129/><V32/><F32/><W35/><G35/><T53/><D99/><U50/><E128/><V107/><F107/><W77/><G77/><T116/><D98/><U56/><E33/><V18/><F18/><W87/><G87/><T89/><D17/><N who="1" m="10287" /><E90/><V106/><F106/><W94/><G94/><T16/><D89/><U86/><E86/><V38/><F38/><W74/><G74/><T52/><D39/><U29/><E29/><V61/><F61/><AGARI ba="0,1" hai="61,66,71,120,121" m="17419,26731,43595" machi="61" ten="40,5200,0" yaku="11,1,34,2" doraHai="122" who="3" fromWho="2" sc="380,0,190,0,200,-52,220,62" /><INIT seed="3,0,0,4,2,61" ten="380,190,148,282" oya="3" hai0="7,104,84,12,26,20,54,114,98,31,18,43,14" hai1="97,72,88,127,59,124,3,25,132,62,112,17,69" hai2="55,126,67,77,64,120,63,24,38,101,2,48,81" hai3="40,35,21,47,10,45,71,80,105,49,28,22,108"/><W93/><G105/><T123/><D123/><U106/><E112/><V85/><F38/><W60/><G35/><T11/><D114/><U130/><E72/><V27/><F2/><W70/><G108/><T33/><D43/><U53/><E3/><V75/><F120/><W133/><G133/><T82/><D54/><U37/><E37/><V44/><F126/><N who="1" m="48169" /><E106/><V91/><F101/><W83/><G10/><T76/><D104/><U6/><E6/><V121/><F121/><W74/><G28/><T15/><REACH who="0" step="1"/><D98/><REACH who="0" ten="370,190,148,282" step="2"/><U92/><E132/><V95/><REACH who="2" step="1"/><F67/><REACH who="2" ten="370,190,138,282" step="2"/><W87/><G40/><T39/><D39/><U13/><E130/><V116/><F116/><W125/><G125/><T50/><D50/><U56/><E53/><V34/><F34/><W110/><G49/><T9/><D9/><N who="1" m="6319" /><E25/><AGARI ba="0,2" hai="7,11,12,14,15,18,20,25,26,31,33,76,82,84" machi="25" ten="30,2000,0" yaku="1,1,7,1,53,0" doraHai="61" doraHaiUra="119" who="0" fromWho="1" sc="370,40,190,-20,138,0,282,0" /><INIT seed="4,0,0,1,3,71" ten="410,170,138,282" oya="0" hai0="116,22,83,75,84,118,86,44,73,52,32,42,92" hai1="129,13,85,70,56,130,89,120,47,91,96,15,12" hai2="133,69,40,115,10,113,117,82,114,76,99,61,63" hai3="109,60,102,127,37,43,25,27,125,103,7,67,58"/><T122/><D32/><U93/><E70/><V100/><F133/><W48/><G7/><T72/><D122/><U77/><E77/><V54/><F54/><N who="3" m="32071" /><G109/><T29/><D92/><U121/><E56/><V126/><F126/><N who="3" m="48139" /><G25/><T14/><D86/><U64/><E64/><V106/><F117/><W28/><G43/><T34/><D34/><U4/><E4/><V107/><F107/><W26/><G37/><T38/><D52/><U104/><E104/><V108/><F108/><W124/><G26/><T50/><D50/><U95/><REACH who="1" step="1"/><E47/><REACH who="1" ten="410,160,138,282" step="2"/><V132/><F69/><N who="3" m="42215" /><G124/><T55/><D118/><U5/><E5/><V16/><F132/><W105/><G105/><T88/><D116/><U33/><E33/><AGARI ba="0,1" hai="27,28,33,102,103" m="42215,48139,32071" machi="33" ten="30,1000,0" yaku="18,1" doraHai="71" who="3" fromWho="1" sc="410,0,160,-10,138,0,282,20" /><INIT seed="5,0,0,2,4,100" ten="410,150,138,302" oya="1" hai0="62,114,74,42,99,102,107,88,1,87,11,63,135" hai1="60,10,65,17,46,49,69,123,132,119,59,50,79" hai2="55,41,90,127,82,31,33,54,43,70,57,29,76" hai3="26,78,128,20,16,30,2,97,83,130,52,72,56"/><U104/><E119/><V111/><F70/><W51/><G2/><T126/><D74/><U89/><E123/><V37/><F111/><W64/><G64/><T131/><D114/><U14/><E132/><V95/><F127/><W67/><G67/><T12/><D126/><U68/><E79/><V9/><F9/><W81/><G81/><T113/><D113/><U58/><E104/><V44/><F41/><W91/><G91/><T109/><D109/><U124/><E124/><V34/><F34/><W32/><REACH who="3" step="1"/><G97/><REACH who="3" ten="410,150,138,292" step="2"/><T134/><D1/><U80/><E69/><V48/><F82/><W108/><G108/><T21/><D99/><U105/><E89/><V92/><F90/><W36/><G36/><T98/><D135/><U125/><E80/><V28/><F37/><W4/><G4/><T122/><D134/><U73/><E68/><V61/><F76/><W77/><G77/><T75/><D98/><U6/><E6/><V71/><F71/><W45/><G45/><T15/><D88/><U8/><E125/><V117/><F117/><W38/><G38/><T27/><D122/><U40/><E73/><V39/><F33/><W94/><G94/><T13/><D75/><U53/><REACH who="1" step="1"/><E105/><REACH who="1" ten="410,140,138,292" step="2"/><V110/><F110/><W112/><G112/><T23/><D107/><U85/><E85/><V129/><F95/><W96/><G96/><T121/><D87/><U7/><E7/><V118/><F92/><W19/><G19/><T3/><D121/><U133/><E133/><V84/><F84/><W120/><G120/><T25/><D102/><U86/><E86/><V22/><F118/><RYUUKYOKU ba="0,2" sc="410,-15,140,15,138,-15,292,15" hai1="8,10,14,17,40,46,49,50,53,58,59,60,65" hai3="16,20,26,30,32,51,52,56,72,78,83,128,130" /><INIT seed="5,1,2,5,0,74" ten="395,155,123,307" oya="1" hai0="36,101,38,27,20,40,73,43,94,32,59,67,87" hai1="127,133,119,15,91,17,83,121,103,113,28,71,89" hai2="50,122,12,30,29,104,6,53,117,70,90,24,48" hai3="97,54,55,93,126,11,23,45,114,63,57,42,96"/><U128/><E71/><V49/><F117/><W72/><G72/><T66/><D73/><U130/><E28/><N who="2" m="10859" /><F104/><W92/><G114/><T26/><D32/><U111/><E119/><V47/><F70/><W115/><G115/><T7/><D7/><U75/><E113/><V125/><F122/><W4/><G23/><T112/><D112/><U62/><E121/><V13/><F125/><W65/><G126/><T22/><D59/><U44/><E127/><V116/><F116/><W21/><G21/><T58/><D58/><U64/><E103/><V8/><F24/><W84/><G84/><T106/><D87/><U18/><E111/><V61/><F61/><W41/><G96/><T34/><D94/><U52/><E133/><V1/><F1/><W79/><G79/><T19/><D34/><U77/><E64/><V100/><F100/><W16/><G92/><T80/><D101/><U0/><E0/><V5/><F90/><N who="1" m="34313" /><E15/><N who="2" m="5707" /><F8/><W118/><G118/><T123/><D123/><U124/><E124/><V10/><F10/><W56/><G11/><T3/><D3/><U46/><E62/><V35/><F35/><W129/><G63/><T98/><D106/><U68/><E68/><V95/><F95/><W135/><G93/><T31/><D80/><U107/><E107/><V78/><F78/><W25/><G135/><T81/><D81/><U85/><E75/><V9/><F9/><W131/><G97/><T120/><D98/><U69/><E69/><V76/><F76/><W33/><G33/><T14/><D120/><U60/><E77/><V102/><F102/><W51/><G65/><RYUUKYOKU ba="1,2" sc="395,-10,155,-10,123,30,307,-10" hai2="5,6,47,48,49,50,53" /><INIT seed="6,2,2,5,5,88" ten="385,145,153,297" oya="2" hai0="51,18,36,24,103,32,59,123,19,29,95,11,41" hai1="80,30,113,78,50,4,12,130,23,57,132,93,114" hai2="79,129,0,131,110,69,70,53,34,82,46,134,133" hai3="100,48,60,111,74,89,97,3,38,63,135,8,75"/><V68/><F0/><W26/><G38/><T2/><D36/><U65/><E132/><N who="2" m="50795" /><F34/><W52/><G135/><T86/><D123/><U73/><E130/><N who="2" m="49675" /><F110/><W21/><G89/><T47/><D59/><U22/><E30/><V40/><F53/><W104/><G111/><T7/><REACH who="0" step="1"/><D86/><REACH who="0" ten="375,145,153,297" step="2"/><U27/><E73/><N who="2" m="43375" /><F69/><W72/><G72/><T15/><D15/><U115/><E12/><V96/><F96/><AGARI ba="2,3" hai="2,7,11,18,19,24,29,32,41,47,51,95,96,103" machi="96" ten="40,2600,0" yaku="1,1,52,1,53,0" doraHai="88" doraHaiUra="67" who="0" fromWho="2" sc="375,62,145,0,153,-32,297,0" /><INIT seed="7,0,0,1,4,16" ten="437,145,121,297" oya="3" hai0="47,63,48,11,38,66,80,67,78,52,20,25,15" hai1="95,72,94,60,123,14,33,85,28,135,29,42,89" hai2="70,40,121,58,101,100,10,86,62,127,21,106,118" hai3="5,119,93,83,131,64,132,74,53,112,68,18,59"/><W46/><G119/><T45/><D38/><U19/><E72/><V91/><F118/><W71/><G5/><N who="0" m="3567" /><D63/><U69/><E135/><V133/><F70/><N who="3" m="26667" /><G18/><N who="0" m="12439" /><D47/><U109/><E109/><V75/><F127/><W73/><G93/><T107/><D107/><U0/><E0/><V50/><F133/><W2/><G83/><T87/><AGARI ba="0,0" hai="45,48,52,66,67,78,80,87" m="12439,3567" machi="87" ten="30,4000,0" yaku="8,1,52,1,54,1" doraHai="16" who="0" fromWho="0" sc="437,40,145,-10,121,-10,297,-20" owari="477,57.0,135,-26.0,111,-39.0,277,8.0" /></mjloggm>