<mjloggm ver="2.3"><GO type="169" lobby="0"/><UN n0="%E3%81%BA%E3%83%BC" n1="%E5%B0%B1%E6%B4%BB%E7%94%9F%40%E5%B7%9D%E6%9D%91%E8%BB%8D%E5%9B%A3" n2="%E3%82%8C%E3%81%A3%E3%81%A9%E3%81%82%E3%81%84" n3="%6D%61%63%6A%72" dan="16,17,16,18" rate="2143.17,2176.88,2121.15,2222.39" sx="M,M,M,M"/><TAIKYOKU oya="0"/><INIT seed="0,0,0,0,4,31" ten="250,250,250,250" oya="0" hai0="79,3,96,47,123,62,117,18,127,115,49,110,54" hai1="122,67,30,72,40,34,42,82,120,11,134,112,68" hai2="102,32,33,27,74,73,98,23,124,0,111,114,28" hai3="63,16,135,9,57,12,50,51,59,24,99,113,5"/><T58/><D115/><U2/><E134/><V69/><F114/><W109/><G113/><T43/><D117/><U83/><E83/><V4/><F69/><W87/><G135/><T66/><D123/><U90/><E42/><V38/><F38/><W17/><G109/><T95/><D110/><U81/><E81/><V21/><F111/><W48/><G99/><T44/><D127/><U53/><E53/><V118/><F118/><W6/><G87/><T104/><D79/><U52/><E40/><V37/><F37/><W86/><G86/><T125/><D125/><U78/><E90/><V29/><F124/><W8/><G57/><T15/><D3/><U89/><E89/><V132/><F132/><W10/><G24/><T106/><D47/><U129/><E129/><V128/><F128/><W108/><G108/><T133/><D133/><U56/><E112/><V94/><F74/><W130/><G130/><T97/><D97/><U80/><E80/><V71/><F71/><W92/><G92/><T105/><D43/><U20/><E67/><V13/><F73/><W107/><G107/><T61/><D61/><U126/><E68/><V25/><F0/><W100/><G100/><T76/><D76/><U7/><E126/><V75/><F75/><W116/><G116/><T131/><D131/><U26/><REACH who="1" step="1"/><E20/><REACH who="1" ten="250,240,250,250" step="2"/><V45/><F45/><W103/><G103/><N who="0" m="60831" /><D106/><U65/><E65/><V93/><F93/><W35/><G59/><N who="0" m="37215" /><D44/><U55/><E55/><V119/><F119/><W77/><G77/><T46/><D46/><U36/><E36/><V19/><F94/><W39/><G39/><RYUUKYOKU ba="0,1" sc="250,15,240,15,250,-15,250,-15" hai0="15,18,49,54,58,104,105" hai1="2,7,11,26,30,34,52,56,72,78,82,120,122" /><INIT seed="0,1,1,4,4,80" ten="265,255,235,235" oya="0" hai0="93,105,84,10,23,108,101,9,40,76,30,0,120" hai1="25,102,73,32,55,43,47,27,20,128,95,106,38" hai2="104,103,131,100,113,2,42,127,86,64,34,11,7" hai3="134,51,5,130,48,132,97,121,107,109,22,129,72"/><T36/><D120/><U14/><E106/><V68/><F113/><W24/><G72/><T125/><D105/><U44/><E73/><V52/><F131/><N who="3" m="50187" /><G5/><T83/><D125/><U65/><E128/><V4/><F4/><W57/><G109/><T16/><D30/><U94/><E65/><V35/><F127/><W13/><G13/><T71/><D71/><U41/><E55/><V133/><F133/><N who="3" m="51307" /><G57/><T46/><D0/><U90/><E102/><V115/><F115/><W66/><G66/><T33/><D33/><U58/><E58/><V77/><F42/><W12/><G12/><T39/><D39/><U123/><E123/><V18/><F18/><N who="3" m="12375" /><G121/><T87/><D108/><U31/><E14/><V37/><F64/><W17/><G17/><T45/><D45/><U59/><E59/><V49/><F68/><W114/><G114/><T98/><REACH who="0" step="1"/><D84/><REACH who="0" ten="255,255,235,235" step="2"/><U1/><E1/><V111/><F86/><W135/><G135/><T78/><D78/><U89/><E32/><V15/><F77/><W70/><G70/><T81/><D81/><U92/><E44/><V21/><F35/><W110/><G110/><T99/><D99/><U62/><E47/><V117/><F34/><W118/><G118/><T116/><D116/><U91/><E38/><V3/><F37/><W60/><G107/><T119/><D119/><U28/><E41/><V82/><F104/><W96/><G96/><T63/><D63/><U85/><E62/><V53/><F117/><W6/><G60/><T75/><D75/><U50/><E43/><V56/><F111/><W122/><G122/><T54/><D54/><RYUUKYOKU ba="1,2" sc="255,30,255,-10,235,-10,235,-10" hai0="9,10,16,23,36,40,46,76,83,87,93,98,101" /><INIT seed="0,2,2,3,0,0" ten="285,245,225,225" oya="0" hai0="93,76,81,97,114,88,29,83,40,64,61,34,65" hai1="78,72,44,60,9,2,45,66,43,14,4,90,25" hai2="128,59,104,20,30,102,115,48,62,39,132,126,70" hai3="118,121,17,42,99,10,73,36,47,91,28,111,21"/><T107/><D114/><U92/><E72/><V13/><F13/><W31/><G118/><T3/><D3/><U94/><E78/><V16/><F30/><W119/><G119/><T27/><D40/><U124/><E124/><V133/><F39/><W130/><G73/><T80/><D107/><U74/><E74/><V79/><F79/><W32/><G32/><T122/><D122/><U108/><E108/><V24/><F115/><W49/><G111/><T135/><D135/><U117/><E117/><V87/><F87/><W95/><G121/><T51/><D76/><U125/><E125/><V22/><F22/><W89/><G130/><T69/><D65/><U8/><E25/><V77/><F77/><W129/><G129/><T134/><D134/><U41/><E41/><V12/><F12/><W7/><G89/><T11/><D51/><U63/><E45/><V127/><F128/><W120/><G120/><T52/><REACH who="0" step="1"/><D11/><REACH who="0" ten="275,245,225,225" step="2"/><U86/><E63/><V84/><F48/><W103/><G36/><T109/><D109/><U116/><E116/><V85/><F126/><W98/><G10/><T113/><D113/><U33/><E60/><V101/><F127/><W26/><REACH who="3" step="1"/><G7/><REACH who="3" ten="275,245,225,215" step="2"/><T46/><D46/><U100/><E8/><V56/><F133/><W106/><AGARI ba="2,4" hai="17,21,26,28,31,42,47,49,91,95,98,99,103,106" machi="106" ten="20,5200,0" yaku="1,1,2,1,0,1,7,1,53,0" doraHai="0" doraHaiUra="57" who="3" fromWho="3" sc="275,-28,245,-15,225,-15,215,98" /><INIT seed="1,0,0,4,1,14" ten="247,230,210,313" oya="1" hai0="41,126,129,35,92,106,37,8,54,86,7,85,76" hai1="39,80,103,48,49,21,88,63,93,65,135,29,95" hai2="50,67,102,31,120,12,121,97,128,132,17,71,34" hai3="87,83,78,62,36,91,16,66,79,19,99,109,11"/><U104/><E39/><V122/><F132/><W23/><G36/><T43/><D106/><U53/><E135/><V107/><F128/><W0/><G109/><T69/><D35/><U61/><E104/><V123/><F123/><W81/><G99/><T119/><D119/><U98/><E80/><V40/><F40/><W56/><G81/><T60/><D126/><U124/><E124/><V13/><F50/><W52/><G66/><T44/><D43/><U20/><E49/><V10/><F12/><N who="3" m="7583" /><G0/><T15/><D76/><U45/><E29/><V115/><F115/><W46/><G46/><T94/><D129/><U47/><E45/><V130/><F130/><W72/><G72/><T55/><D55/><U113/><E113/><V110/><F110/><W5/><G5/><T26/><D94/><U4/><E4/><V100/><F100/><W112/><G112/><T96/><D26/><AGARI ba="0,0" hai="16,23,26,52,56,62,78,79,83,87,91" m="7583" machi="26" ten="30,8000,1" yaku="8,1,52,2,54,2" doraHai="14" who="3" fromWho="0" sc="247,-80,230,0,210,0,313,80" /><INIT seed="2,0,0,4,5,13" ten="167,230,210,393" oya="2" hai0="122,106,69,39,9,110,89,55,134,103,132,47,11" hai1="120,14,87,29,88,27,79,52,109,31,78,8,125" hai2="1,92,100,25,104,90,95,73,4,127,96,131,74" hai3="71,66,28,59,84,40,35,75,93,65,108,91,107"/><V3/><F127/><W12/><G71/><T46/><D69/><U21/><E109/><V43/><F131/><W50/><G75/><T49/><D110/><U62/><E125/><V48/><F104/><W24/><G108/><T7/><D122/><U41/><E41/><V121/><F121/><W23/><G107/><T36/><D106/><U42/><E42/><V60/><F60/><W0/><G0/><T53/><D103/><U18/><E120/><V26/><F1/><W126/><G126/><T82/><D82/><N who="1" m="49271" /><E31/><V54/><F43/><W116/><G116/><T117/><D89/><U118/><E118/><V61/><F61/><W83/><G83/><T97/><D97/><U6/><E6/><V63/><F63/><W34/><G34/><T38/><D117/><U5/><E5/><V10/><F74/><W115/><G115/><T133/><D7/><U51/><E62/><V101/><F101/><W135/><G40/><T124/><D124/><U15/><E14/><V76/><F76/><W94/><G65/><T30/><D30/><U70/><E70/><V37/><F37/><W2/><G2/><T58/><D58/><AGARI ba="0,0" hai="8,15,18,21,27,29,51,52,58,78,79" m="49271" machi="58" ten="30,7700,0" yaku="8,1,52,1,54,2" doraHai="13" who="1" fromWho="0" sc="167,-77,230,77,210,0,393,0" /><INIT seed="3,0,0,2,2,101" ten="90,307,210,393" oya="3" hai0="4,85,30,126,116,129,98,22,33,66,37,43,93" hai1="27,16,123,127,53,89,73,128,79,86,80,18,132" hai2="42,56,91,118,115,102,97,7,5,55,95,100,48" hai3="15,83,65,124,61,119,106,117,47,108,96,131,39"/><W120/><G15/><T20/><D116/><U133/><E123/><V57/><F118/><W51/><G120/><T114/><D33/><U130/><E53/><N who="2" m="31783" /><F42/><W28/><G124/><T74/><D74/><U12/><E27/><V25/><F25/><W45/><G131/><N who="1" m="50218" /><E127/><V92/><F115/><W38/><G28/><T122/><D66/><U9/><E18/><V62/><F102/><N who="3" m="62791" /><G51/><T23/><D4/><U125/><E125/><V50/><F50/><W26/><G26/><T0/><D0/><U109/><E109/><V134/><F134/><N who="1" m="51817" /><E73/><V17/><F17/><W105/><G108/><T13/><D114/><U64/><E64/><V75/><F75/><W87/><G117/><T29/><D122/><U82/><E82/><V19/><F19/><W11/><G83/><T36/><D126/><U111/><E111/><V71/><F71/><W94/><G94/><T135/><D93/><U78/><AGARI ba="0,0" hai="9,12,16,78,79,80,86,89" m="51817,50218" machi="78" ten="40,5200,0" yaku="19,1,20,1,54,1" doraHai="101" who="1" fromWho="1" sc="90,-13,307,52,210,-13,393,-26" /><INIT seed="4,0,0,4,5,12" ten="77,359,197,367" oya="0" hai0="51,44,89,48,70,132,8,128,37,21,38,90,62" hai1="80,129,63,30,108,102,67,52,64,57,40,87,135" hai2="107,9,20,39,35,7,17,10,103,94,27,45,81" hai3="4,88,116,109,61,49,121,115,53,75,130,133,55"/><T11/><D128/><U82/><E108/><V84/><F35/><W60/><G109/><T122/><D122/><U25/><E129/><V111/><F111/><W14/><G130/><T101/><D101/><U100/><E135/><V118/><F118/><W117/><G75/><T71/><D132/><U131/><E131/><V104/><F9/><W114/><G133/><T126/><D21/><N who="1" m="15663" /><E40/><V124/><F124/><W34/><G34/><T93/><D62/><U73/><E73/><V59/><F59/><W16/><G4/><T68/><D126/><U5/><E5/><V79/><F39/><N who="0" m="14858" /><D93/><U123/><E123/><V46/><F107/><W24/><G24/><T41/><D41/><U74/><E74/><V86/><F104/><W29/><G29/><T28/><D28/><U1/><E1/><V3/><F84/><W110/><G110/><T2/><D44/><U36/><E36/><V31/><REACH who="2" step="1"/><F31/><REACH who="2" ten="77,359,187,367" step="2"/><W13/><G121/><T56/><D56/><U112/><E112/><V58/><F58/><W113/><G116/><T97/><D97/><AGARI ba="0,1" hai="3,7,10,17,20,27,45,46,79,81,86,94,97,103" machi="97" ten="40,2600,0" yaku="1,1,52,1,53,0" doraHai="12" doraHaiUra="26" who="2" fromWho="0" sc="77,-26,359,0,187,36,367,0" /><INIT seed="5,0,0,3,1,21" ten="51,359,223,367" oya="1" hai0="62,36,78,63,2,24,59,107,133,123,57,131,14" hai1="9,11,128,5,51,119,15,35,95,126,20,120,121" hai2="80,39,106,23,102,46,113,73,108,111,132,100,29" hai3="76,10,61,28,54,48,79,7,118,87,67,114,124"/><U85/><E35/><V110/><F132/><W30/><G114/><T71/><D2/><U91/><E119/><V74/><F113/><W103/><G118/><T66/><D107/><U40/><E126/><V122/><F122/><W134/><G134/><T4/><D78/><U53/><E128/><V104/><F23/><W19/><G124/><T82/><D82/><U22/><E40/><V99/><F46/><W49/><G103/><T31/><D133/><U88/><E11/><V6/><F29/><W41/><G19/><T115/><D115/><U84/><E120/><V52/><F52/><W117/><G117/><T101/><D101/><U26/><E121/><V75/><F6/><W83/><G76/><T86/><D86/><U60/><E60/><V33/><F39/><W44/><G54/><T89/><D89/><U18/><E22/><V92/><F33/><W47/><G47/><T135/><D135/><U25/><E5/><V16/><F16/><W81/><G81/><T3/><D3/><U109/><E109/><V56/><F56/><W43/><G48/><T34/><D36/><U72/><E72/><V69/><F69/><W58/><REACH who="3" step="1"/><G43/><REACH who="3" ten="51,359,223,357" step="2"/><T65/><D123/><U45/><E9/><V64/><F102/><W94/><G94/><AGARI ba="0,1" hai="15,18,20,25,26,45,51,53,84,85,88,91,94,95" machi="94" ten="30,18000,2" yaku="7,1,9,1,8,1,52,2,54,1" doraHai="21" who="1" fromWho="3" sc="51,0,359,190,223,0,357,-180" /><INIT seed="5,1,0,3,2,37" ten="51,549,223,177" oya="1" hai0="41,105,56,121,113,17,53,26,115,94,39,131,72" hai1="80,31,112,63,15,34,2,40,125,77,128,130,108" hai2="109,103,85,129,84,90,132,86,87,30,99,50,1" hai3="42,29,102,124,27,123,58,110,21,92,89,70,106"/><U22/><E2/><V120/><F120/><W10/><G123/><T78/><D121/><U135/><E34/><V118/><F118/><W28/><G70/><T38/><D105/><U12/><E112/><V88/><F1/><W19/><G110/><T48/><D131/><U59/><E135/><V95/><F30/><W117/><G117/><T5/><D5/><U45/><E125/><V66/><F50/><W13/><G124/><T16/><D72/><U49/><E108/><V52/><F52/><W74/><G74/><T7/><D7/><U100/><E100/><V126/><F66/><W116/><G116/><T35/><D78/><U114/><E114/><N who="0" m="43529" /><D94/><U119/><E119/><V54/><F54/><W23/><G102/><T4/><D4/><U98/><E98/><N who="2" m="59871" /><F109/><W82/><G82/><T134/><D134/><U9/><E31/><V107/><F126/><W3/><G106/><T11/><D11/><U64/><E22/><V79/><F132/><W14/><G3/><T97/><D97/><U71/><E71/><V25/><F25/><W47/><G28/><N who="0" m="19863" /><D38/><U20/><E20/><V75/><F129/><N who="1" m="49769" /><E9/><V8/><F8/><W127/><G127/><T61/><D39/><U111/><E111/><V0/><F0/><W62/><G10/><T81/><D81/><U104/><E104/><V57/><F75/><AGARI ba="1,0" hai="12,15,40,45,49,59,63,64,75,77,80" m="49769" machi="75" ten="30,2900,0" yaku="19,1,52,1" doraHai="37" who="1" fromWho="2" sc="51,0,549,32,223,-32,177,0" /><INIT seed="5,2,0,1,2,135" ten="51,581,191,177" oya="1" hai0="26,90,93,94,63,120,40,59,17,69,2,130,133" hai1="32,3,6,42,45,70,119,96,66,30,82,104,73" hai2="36,39,60,95,123,134,76,58,18,21,49,81,53" hai3="64,4,43,44,83,86,20,89,0,1,13,25,113"/><U98/><E119/><V107/><F107/><W115/><G64/><T47/><D133/><U77/><E98/><V91/><F134/><W5/><G13/><T12/><D2/><U129/><E129/><V65/><F123/><W55/><G55/><T108/><D130/><U85/><E85/><V34/><F34/><W97/><G97/><T19/><D108/><U50/><E50/><V51/><F51/><W52/><G52/><N who="0" m="34279" /><D69/><U9/><E96/><V126/><F126/><W110/><G110/><T79/><D79/><U125/><E104/><V128/><F128/><W22/><G1/><T84/><D120/><U103/><E103/><V112/><F112/><N who="3" m="43083" /><G0/><T99/><D47/><U15/><E15/><V74/><F91/><W14/><G14/><T48/><D40/><U7/><E7/><N who="3" m="2634" /><G25/><T87/><D48/><AGARI ba="2,0" hai="20,22,43,44,48,83,86,89" m="2634,43083" machi="48" ten="30,1000,0" yaku="15,1" doraHai="135" who="3" fromWho="0" sc="51,-16,581,0,191,0,177,16" /><INIT seed="6,0,0,0,0,1" ten="35,581,191,193" oya="2" hai0="9,50,56,91,52,65,38,131,134,82,16,116,109" hai1="105,40,104,96,8,53,78,80,31,112,27,57,110" hai2="71,84,107,92,42,124,11,86,17,10,37,70,23" hai3="118,135,60,67,95,54,111,6,117,75,90,21,14"/><V74/><F74/><W28/><G111/><T127/><D109/><U22/><E110/><V59/><F107/><W3/><G75/><T24/><D127/><U33/><E112/><V119/><F119/><W29/><G3/><T18/><D131/><U64/><E64/><V30/><F30/><W79/><G79/><T61/><D134/><U130/><E130/><V55/><F124/><W69/><G135/><T106/><D106/><U87/><E33/><V7/><F10/><W5/><G29/><T58/><D116/><U20/><E20/><V132/><F132/><W41/><G41/><T108/><D108/><U76/><E76/><V68/><F92/><W63/><G117/><T45/><D38/><U97/><E40/><V19/><F19/><W62/><G118/><T12/><D58/><U72/><E72/><V36/><F36/><W81/><G81/><T114/><D114/><U122/><E122/><V93/><F93/><W39/><G39/><T88/><D82/><U51/><E104/><V101/><F101/><W2/><G2/><T133/><D133/><U120/><E120/><V47/><F17/><N who="3" m="10423" /><G28/><T35/><D35/><U34/><E34/><V13/><REACH who="2" step="1"/><F23/><AGARI ba="0,0" hai="9,12,16,18,23,24,45,50,52,56,61,65,88,91" machi="23" ten="40,8000,1" yaku="8,1,54,3" doraHai="1" who="0" fromWho="2" sc="35,80,581,0,191,-80,193,0" /><INIT seed="7,0,0,1,5,68" ten="115,581,111,193" oya="3" hai0="132,34,93,63,87,108,128,42,31,10,114,111,84" hai1="107,120,101,98,72,97,76,59,29,35,106,50,54" hai2="95,30,0,25,38,103,130,57,92,134,127,123,133" hai3="46,88,36,14,32,48,117,7,122,94,53,62,12"/><W65/><G32/><T105/><D105/><U49/><E120/><V60/><F123/><W82/><G122/><T13/><D42/><U1/><E1/><V71/><F71/><W118/><G82/><T74/><D74/><U69/><E69/><V19/><F127/><W18/><G7/><T116/><D31/><U15/><E72/><V16/><F130/><W21/><G14/><T20/><D34/><U27/><E76/><V131/><F131/><W6/><G6/><T22/><D63/><U24/><E24/><V91/><F0/><W124/><G124/><T78/><D116/><U47/><E15/><V100/><F38/><W135/><G36/><T5/><D128/><U112/><E112/><V40/><F40/><W61/><G135/><N who="2" m="51721" /><F30/><W85/><G61/><T55/><D132/><U43/><E98/><N who="2" m="59487" /><F103/><W45/><G45/><T28/><D114/><U115/><E115/><V70/><F70/><AGARI ba="0,0" hai="12,18,21,46,48,53,62,65,70,85,88,94,117,118" machi="70" ten="30,2900,0" yaku="7,1,54,1" doraHai="68" who="3" fromWho="2" sc="115,0,581,0,111,-29,193,29" /><INIT seed="7,1,0,5,4,87" ten="115,581,82,222" oya="3" hai0="134,120,48,42,91,32,7,75,108,57,110,130,59" hai1="88,67,118,33,114,95,54,51,81,123,64,1,117" hai2="103,15,83,131,80,93,126,76,135,0,26,68,73" hai3="98,62,94,121,129,74,96,69,55,79,109,77,8"/><W125/><G69/><T115/><D32/><U128/><E33/><V90/><F68/><W97/><G8/><T127/><D75/><U101/><E1/><V116/><F0/><W22/><G22/><T9/><D120/><U65/><E123/><V46/><F26/><W44/><G62/><T61/><D127/><U12/><E128/><V52/><F15/><W111/><G55/><T16/><D7/><U63/><E114/><V11/><F11/><W28/><G44/><T14/><D134/><U38/><E38/><V50/><F116/><N who="1" m="44649" /><E12/><V4/><F4/><W106/><G28/><T35/><D35/><U112/><E112/><V31/><F31/><W30/><G30/><T49/><D49/><U92/><E101/><V71/><F71/><W89/><G121/><T13/><D13/><U53/><E63/><V86/><F126/><W132/><G125/><T20/><D20/><U6/><E6/><V104/><F135/><W34/><G34/><T78/><D130/><U72/><E53/><V56/><F131/><W82/><G129/><T21/><D21/><U10/><E10/><V58/><F83/><N who="3" m="45495" /><G132/><T18/><D115/><U25/><E25/><V70/><F70/><W37/><G37/><T84/><D9/><U119/><E119/><V122/><F122/><W40/><G40/><T29/><D29/><U124/><E124/><V47/><F47/><W36/><G36/><T23/><D110/><N who="3" m="41993" /><G106/><T107/><D107/><U27/><E27/><V39/><F39/><W41/><G41/><T100/><D42/><U105/><E54/><V113/><F113/><W2/><G2/><RYUUKYOKU ba="1,0" sc="115,-15,581,-15,82,15,222,15" hai2="46,50,52,56,58,73,76,80,86,90,93,103,104" hai3="79,82,89,94,96,97,98" /><INIT seed="7,2,0,0,5,96" ten="100,566,97,237" oya="3" hai0="5,77,34,75,112,60,104,1,132,118,45,54,2" hai1="31,10,15,73,126,9,128,135,18,116,123,58,12" hai2="125,52,74,38,72,8,79,85,40,21,68,19,127" hai3="65,82,51,6,124,89,83,50,30,33,111,106,16"/><W115/><G106/><T110/><D77/><U84/><E73/><V76/><F68/><W59/><G33/><T91/><D91/><U55/><E123/><V129/><F129/><W70/><G70/><T130/><D5/><U23/><E116/><V108/><F108/><W88/><G30/><T64/><D54/><U66/><E128/><V32/><F32/><W44/><G6/><T41/><D45/><U0/><E0/><V117/><F117/><W57/><G115/><T134/><D60/><U97/><E135/><V3/><F52/><N who="3" m="31903" /><G124/><N who="2" m="47689" /><F85/><W22/><G111/><T56/><D75/><N who="2" m="28714" /><F8/><W42/><G65/><T109/><D64/><U98/><E31/><V122/><F3/><W121/><G59/><T95/><D56/><U101/><E101/><V7/><F7/><W20/><G121/><T49/><D130/><U100/><E15/><N who="2" m="9471" /><F122/><W99/><G20/><T26/><D118/><U61/><E126/><V102/><F102/><W25/><G89/><T120/><D120/><U103/><E66/><V4/><F4/><W90/><G90/><T62/><D1/><U107/><E84/><V93/><F93/><AGARI ba="2,0" hai="16,22,25,42,44,50,82,83,88,93,99" m="31903" machi="93" ten="30,11600,0" yaku="8,1,54,3" doraHai="96" who="3" fromWho="2" sc="100,0,566,0,97,-122,237,122" /><AGARI ba="2,0" hai="9,10,12,18,23,55,58,61,93,97,98,100,103,107" machi="93" ten="30,3900,0" yaku="7,1,52,2" doraHai="96" who="1" fromWho="2" sc="100,0,566,39,-25,-39,359,0" owari="100,-30.0,605,70.0,-64,-56.0,359,16.0" /></mjloggm>