<mjloggm ver="2.3"><GO type="225" lobby="0"/><UN n0="%E9%AD%82%E9%AD%84%E5%A6%96%E5%A4%A2%2A" n1="%E5%B0%B1%E6%B4%BB%E7%94%9F%40%E5%B7%9D%E6%9D%91%E8%BB%8D%E5%9B%A3" n2="%E3%82%B4%E3%83%BC%E3%83%AB%E3%83%87%E3%83%B3%E3%81%B2%E3%82%88%E3%81%93" n3="%53%65%6E%61%72" dan="16,17,16,17" rate="2108.51,2188.34,2145.63,2169.12" sx="F,M,M,M"/><TAIKYOKU oya="0"/><INIT seed="0,0,0,4,4,101" ten="250,250,250,250" oya="0" hai0="45,116,86,108,24,78,121,42,65,14,4,68,2" hai1="46,66,22,102,0,21,74,115,7,8,49,20,94" hai2="109,38,125,123,12,83,27,17,92,41,15,76,134" hai3="73,111,55,32,93,69,97,105,79,23,51,28,33"/><T40/><D116/><U53/><E115/><V35/><F123/><W127/><G69/><T130/><D121/><U31/><E74/><V72/><F125/><W37/><G37/><T48/><D2/><U47/><E66/><V5/><F134/><W13/><G127/><T54/><D130/><U50/><E31/><V133/><F133/><W106/><G111/><T3/><D3/><U107/><E94/><V70/><F109/><W82/><G33/><T10/><D24/><U36/><E36/><V90/><F70/><W122/><G32/><T59/><D68/><U104/><REACH who="1" step="1"/><E102/><REACH who="1" ten="250,240,250,250" step="2"/><V25/><F92/><W132/><G132/><T9/><D108/><U103/><E103/><V119/><F72/><W16/><G28/><T80/><D9/><U120/><E120/><V89/><F119/><W43/><G122/><T96/><D96/><U57/><E57/><V112/><F38/><W84/><G73/><T128/><D128/><U81/><E81/><V30/><F83/><W88/><G43/><AGARI ba="0,1" hai="0,7,8,20,21,22,43,46,47,49,50,53,104,107" machi="43" ten="40,5200,0" yaku="1,1,52,2,53,0" doraHai="101" doraHaiUra="87" who="1" fromWho="3" sc="250,0,240,62,250,0,250,-52" /><INIT seed="1,0,0,1,3,62" ten="250,302,250,198" oya="1" hai0="80,9,16,73,76,135,8,75,25,21,35,96,58" hai1="51,63,10,79,0,28,70,46,99,64,20,86,100" hai2="60,116,55,93,83,117,118,30,54,114,126,48,6" hai3="81,57,66,128,43,56,50,133,85,1,120,49,90"/><U18/><E28/><V11/><F30/><W41/><G120/><T5/><D135/><U103/><E0/><V109/><F109/><W31/><G133/><T74/><D35/><U123/><E123/><V122/><F122/><W94/><G128/><T67/><D96/><U121/><E121/><V53/><F126/><W82/><G1/><T52/><D67/><U26/><E10/><V4/><F114/><W68/><G31/><T29/><D29/><U102/><E86/><V19/><F83/><W7/><G7/><T61/><REACH who="0" step="1"/><D9/><REACH who="0" ten="240,302,250,198" step="2"/><U113/><E113/><V39/><F117/><W112/><G112/><T108/><D108/><U15/><E79/><V115/><F118/><W71/><G66/><T40/><D40/><U13/><REACH who="1" step="1"/><E99/><REACH who="1" ten="240,292,250,198" step="2"/><V131/><F116/><W59/><G85/><T91/><D91/><U106/><E106/><V98/><F115/><W84/><G84/><T47/><D47/><U77/><E77/><V12/><F131/><W134/><G134/><T27/><D27/><U36/><E36/><V38/><F39/><W95/><G90/><T69/><D69/><U132/><E132/><V88/><F38/><W92/><G68/><T124/><D124/><U33/><E33/><V45/><F60/><W22/><G71/><T87/><D87/><U110/><E110/><V101/><F101/><W97/><G97/><T105/><D105/><U72/><E72/><V32/><F32/><W3/><G22/><T65/><D65/><U111/><E111/><V125/><F125/><W78/><G78/><T129/><D129/><U34/><E34/><V104/><F104/><RYUUKYOKU ba="0,2" sc="240,10,292,10,250,10,198,-30" hai0="5,8,16,21,25,52,58,61,73,74,75,76,80" hai1="13,15,18,20,26,46,51,63,64,70,100,102,103" hai2="4,6,11,12,19,45,48,53,54,55,88,93,98" /><INIT seed="1,1,2,0,1,95" ten="250,302,260,168" oya="1" hai0="22,6,57,3,98,108,103,68,134,2,31,110,89" hai1="23,10,16,17,8,20,56,37,48,107,135,50,41" hai2="13,79,75,1,78,120,116,119,12,18,61,118,35" hai3="34,30,131,129,96,77,90,21,132,43,27,53,113"/><U128/><E107/><V122/><F1/><W84/><G113/><T109/><D68/><U93/><E128/><N who="3" m="49226" /><G132/><T40/><D134/><U24/><E135/><V127/><F35/><W67/><G67/><T60/><D40/><U42/><E93/><V39/><F39/><W86/><G43/><N who="1" m="16394" /><E37/><V66/><F127/><W45/><G77/><T70/><D89/><U32/><E32/><V7/><F7/><W117/><G117/><T133/><D6/><U33/><E33/><V83/><F79/><W58/><G45/><T54/><D70/><U88/><E88/><V94/><F94/><N who="3" m="56407" /><G34/><T9/><D133/><U73/><E73/><V112/><F112/><W29/><G30/><T38/><D38/><U19/><E56/><V15/><REACH who="2" step="1"/><F18/><REACH who="2" ten="250,302,250,168" step="2"/><N who="1" m="7273" /><E23/><V62/><F62/><AGARI ba="1,3" hai="21,27,29,53,58,62,84,86" m="56407,49226" machi="62" ten="30,2000,0" yaku="19,1,52,1" doraHai="95" who="3" fromWho="2" sc="250,0,302,0,250,-23,168,53" /><INIT seed="2,0,0,0,4,21" ten="250,302,227,221" oya="2" hai0="24,128,70,41,15,101,119,74,39,127,51,107,111" hai1="129,81,1,122,20,14,98,114,83,40,12,58,69" hai2="85,82,43,80,59,104,93,37,0,56,30,5,84" hai3="11,48,66,35,77,134,126,135,17,19,13,130,121"/><V49/><F104/><W91/><G121/><T44/><D74/><U116/><E69/><V4/><F37/><W100/><G100/><T97/><D111/><U115/><E116/><V61/><F30/><W124/><G66/><T68/><D119/><U96/><E1/><V2/><F93/><W89/><G77/><T64/><D15/><U23/><E122/><V79/><F0/><W88/><G35/><T73/><D73/><U75/><E75/><V63/><F2/><W71/><G71/><T22/><D127/><N who="3" m="48681" /><G48/><T72/><D72/><U62/><E58/><V106/><F106/><W10/><G130/><T55/><D64/><U103/><E103/><V45/><F59/><W31/><G31/><T47/><D128/><U118/><E62/><V86/><F86/><W131/><G131/><T105/><D107/><U46/><E129/><V123/><F123/><W54/><G54/><T42/><D55/><U125/><E125/><V3/><F3/><W92/><G92/><T52/><D41/><U29/><E118/><V50/><F50/><W33/><G33/><T102/><D102/><U6/><E29/><AGARI ba="0,0" hai="22,24,29,39,42,44,47,51,52,68,70,97,101,105" machi="29" ten="30,3900,0" yaku="7,1,52,1,54,1" doraHai="21" who="0" fromWho="1" sc="250,39,302,-39,227,0,221,0" /><INIT seed="3,0,0,4,3,112" ten="289,263,227,221" oya="3" hai0="78,16,73,74,60,61,8,28,34,46,35,113,48" hai1="124,99,126,29,19,57,70,33,115,23,67,32,90" hai2="107,55,51,97,53,30,14,5,77,95,64,40,132" hai3="84,56,52,120,86,114,54,3,110,58,91,109,38"/><W118/><G114/><T26/><D35/><U129/><E70/><V47/><F107/><W7/><G38/><T133/><D113/><U18/><E115/><V82/><F132/><W135/><G120/><T17/><D133/><U106/><E67/><V100/><F30/><W104/><G104/><T88/><D88/><U15/><E57/><N who="3" m="22122" /><G118/><T134/><D134/><U80/><E80/><V63/><F63/><W75/><G75/><T83/><D74/><U50/><E50/><V36/><F64/><W45/><G135/><T85/><D73/><U20/><E90/><V119/><F119/><W101/><G101/><T128/><D128/><U121/><E99/><V39/><F39/><W79/><G79/><T22/><D8/><N who="1" m="6503" /><E106/><V69/><F69/><W13/><G3/><T125/><D125/><N who="1" m="48235" /><E129/><V93/><F93/><N who="3" m="54503" /><G86/><T6/><D34/><U9/><E121/><V102/><F102/><W1/><G1/><T43/><D6/><U37/><E37/><V44/><F36/><W42/><G42/><T72/><D72/><U87/><E87/><N who="2" m="48591" /><F47/><W49/><G54/><T122/><D122/><U66/><E66/><V117/><F117/><W123/><G123/><T31/><D17/><U76/><E76/><V111/><F55/><W116/><G116/><T12/><D26/><N who="1" m="18487" /><E33/><V4/><F53/><W25/><G25/><T65/><D65/><U98/><E98/><V127/><F127/><W103/><G103/><T10/><D60/><U21/><E9/><N who="2" m="4391" /><F5/><W130/><G130/><T27/><D61/><U24/><AGARI ba="0,0" hai="19,20,21,23,24" m="18487,48235,6503" machi="24" ten="30,4000,0" yaku="18,1,34,2" doraHai="112" who="1" fromWho="1" sc="289,-10,263,40,227,-10,221,-20" owari="279,8.0,303,40.0,217,-18.0,201,-30.0" /></mjloggm>