<mjloggm ver="2.3"><GO type="169" lobby="0"/><UN n0="%73%68%6F%67%6F%6F" n1="%E2%80%A0%E3%81%BE%E3%83%BC%E5%9D%8A%E2%80%A0" n2="%E5%B0%B1%E6%B4%BB%E7%94%9F%40%E5%B7%9D%E6%9D%91%E8%BB%8D%E5%9B%A3" n3="%E6%B0%B4%E5%B8%8C%E2%99%AA" dan="17,18,16,18" rate="2155.73,2226.04,2159.45,2222.37" sx="M,M,M,M"/><TAIKYOKU oya="0"/><INIT seed="0,0,0,3,3,95" ten="250,250,250,250" oya="0" hai0="134,64,84,85,40,133,58,56,128,131,67,110,70" hai1="53,63,118,11,15,29,22,117,69,41,5,96,90" hai2="74,60,25,107,78,77,82,16,109,21,1,126,125" hai3="130,44,13,135,52,8,91,71,81,51,94,80,23"/><T48/><D70/><U76/><E76/><V93/><F1/><W26/><G130/><N who="0" m="49707" /><D110/><U132/><E132/><N who="0" m="50793" /><D85/><U17/><E41/><V98/><F107/><W75/><G75/><T36/><D36/><U28/><E117/><V99/><F78/><W34/><G34/><T3/><D3/><U7/><E118/><V39/><F39/><W38/><G71/><T106/><D106/><U18/><E5/><V88/><F109/><W59/><G59/><N who="0" m="22571" /><D84/><U4/><E69/><V2/><F2/><W6/><G38/><T50/><D40/><U49/><E4/><V100/><F60/><W27/><G135/><T55/><D55/><U9/><E63/><V30/><F30/><N who="3" m="17759" /><G27/><T97/><D97/><AGARI ba="0,0" hai="6,8,13,44,51,52,80,81,91,94,97" m="17759" machi="97" ten="30,3900,0" yaku="8,1,52,1,54,1" doraHai="95" who="3" fromWho="0" sc="250,-39,250,0,250,0,250,39" /><INIT seed="1,0,0,0,0,85" ten="211,250,250,289" oya="1" hai0="60,69,56,40,67,53,106,91,135,59,7,10,27" hai1="20,44,48,47,96,104,55,18,98,88,78,72,80" hai2="26,87,102,29,8,15,122,101,110,94,22,41,45" hai3="21,93,130,86,16,2,70,84,58,100,97,3,125"/><U121/><E121/><V99/><F110/><W83/><G70/><T1/><D106/><U24/><E104/><V117/><F117/><W129/><G86/><T132/><D40/><U75/><E75/><V25/><F122/><W43/><G43/><T46/><D27/><U35/><E35/><V71/><F71/><W6/><G58/><T111/><D111/><U13/><E44/><V119/><F119/><W39/><G39/><T33/><D33/><U31/><REACH who="1" step="1"/><E88/><REACH who="1" ten="211,240,250,289" step="2"/><V34/><F87/><W0/><G84/><T107/><D107/><U63/><E63/><V131/><F131/><W62/><G62/><T50/><REACH who="0" step="1"/><D91/><REACH who="0" ten="201,240,250,289" step="2"/><U82/><E82/><V73/><F102/><W4/><G83/><T49/><D49/><U89/><E89/><V108/><F108/><W36/><G130/><T90/><D90/><U95/><E95/><V12/><F94/><W14/><G129/><T68/><D68/><U28/><E28/><V115/><F101/><W32/><G32/><T52/><D52/><U23/><AGARI ba="0,2" hai="13,18,20,23,24,31,47,48,55,72,78,80,96,98" machi="23" ten="20,3900,0" yaku="1,1,0,1,7,1,53,0" doraHai="85" doraHaiUra="103" who="1" fromWho="1" sc="201,-13,240,59,250,-13,289,-13" /><INIT seed="1,1,0,3,0,61" ten="188,299,237,276" oya="1" hai0="124,90,8,132,31,65,134,92,94,130,14,86,98" hai1="47,30,60,111,34,18,38,120,35,48,32,73,41" hai2="55,6,56,12,107,135,125,52,33,27,108,51,59" hai3="127,122,40,26,37,28,64,63,9,112,20,2,39"/><U23/><E120/><V50/><F107/><W53/><G122/><T58/><D31/><U42/><E73/><V29/><F108/><W24/><G112/><T43/><D43/><U3/><E3/><V131/><F125/><W54/><G127/><T121/><D121/><U79/><E79/><V22/><F135/><N who="0" m="51754" /><D124/><U62/><E111/><V85/><F131/><W96/><G2/><T13/><D130/><U133/><E133/><V49/><F85/><W95/><G9/><T104/><D104/><U89/><E30/><V75/><F75/><W105/><G105/><T57/><D14/><U0/><E0/><V44/><F6/><W83/><G83/><T93/><D93/><U80/><E42/><V19/><REACH who="2" step="1"/><F44/><REACH who="2" ten="188,299,227,276" step="2"/><W97/><G97/><T116/><D98/><U15/><REACH who="1" step="1"/><E38/><REACH who="1" ten="188,289,227,276" step="2"/><V117/><F117/><W115/><G39/><T106/><D116/><U72/><E72/><V68/><F68/><W88/><G37/><T84/><D106/><U99/><E99/><V128/><F128/><W45/><G96/><T46/><D86/><AGARI ba="1,2" hai="15,18,23,32,34,35,41,47,48,60,62,80,86,89" machi="86" ten="40,3900,0" yaku="1,1,53,1" doraHai="61" doraHaiUra="11" who="1" fromWho="0" sc="188,-42,289,62,227,0,276,0" /><INIT seed="1,2,0,5,4,77" ten="146,351,227,276" oya="1" hai0="68,93,38,59,55,30,28,13,107,58,88,14,32" hai1="63,128,62,37,2,70,43,119,103,16,80,64,49" hai2="133,41,81,74,9,90,17,20,124,46,19,130,111" hai3="67,94,79,47,83,26,84,39,22,102,113,96,4"/><U106/><E2/><V95/><F111/><W15/><G113/><T6/><D107/><U54/><E119/><V101/><F130/><W122/><G122/><T97/><D68/><U127/><E128/><V118/><F118/><W69/><G69/><T12/><D38/><U50/><E127/><V100/><F133/><W66/><G39/><T57/><D6/><U71/><E103/><V51/><F124/><W23/><G47/><T0/><D0/><U29/><E29/><V53/><F41/><W98/><G98/><T8/><D8/><U108/><E106/><V110/><F110/><W109/><G109/><T56/><REACH who="0" step="1"/><D32/><REACH who="0" ten="136,351,227,276" step="2"/><U117/><E117/><V86/><F9/><N who="3" m="4519" /><G22/><T44/><D44/><U3/><E3/><V25/><F19/><AGARI ba="2,1" hai="19,23,26,66,67,79,83,84,94,96,102" m="4519" machi="19" ten="30,2000,0" yaku="8,1,52,1" doraHai="77" who="3" fromWho="2" sc="136,0,351,0,227,-26,276,36" /><INIT seed="2,0,0,0,3,20" ten="136,351,201,312" oya="2" hai0="88,112,5,120,110,75,40,59,111,98,41,83,77" hai1="55,62,132,99,42,79,107,38,135,39,131,24,78" hai2="82,52,80,113,72,45,127,7,33,84,54,29,0" hai3="114,37,124,16,73,34,12,125,95,43,50,81,51"/><V47/><F113/><W25/><G114/><T101/><D112/><U93/><E107/><V97/><F127/><N who="3" m="48715" /><G95/><N who="0" m="56679" /><D5/><U117/><E117/><V119/><F119/><W35/><G37/><T108/><D59/><U129/><E42/><V128/><F128/><N who="1" m="49225" /><E39/><V15/><F0/><W100/><G100/><T123/><D41/><U18/><E38/><V53/><F72/><W6/><G6/><T30/><D40/><U11/><E55/><V89/><F97/><W44/><G51/><T22/><D101/><N who="1" m="60655" /><E62/><V4/><F82/><W103/><G103/><T76/><D76/><N who="1" m="29227" /><E11/><V121/><F121/><W58/><G58/><T87/><D22/><AGARI ba="0,0" hai="18,22,24,132,135" m="29227,60655,49225" machi="22" ten="30,2000,0" yaku="19,1,52,1" doraHai="20" who="1" fromWho="0" sc="136,-20,351,20,201,0,312,0" /><INIT seed="3,0,0,1,3,131" ten="116,371,201,312" oya="3" hai0="11,74,56,22,104,109,84,82,91,37,31,33,76" hai1="7,70,63,17,90,48,42,112,35,39,78,50,71" hai2="45,23,72,132,122,55,86,46,120,102,14,111,87" hai3="99,115,80,113,79,12,38,54,19,94,83,73,10"/><W97/><G38/><T5/><D37/><U1/><E35/><V18/><F72/><W6/><G99/><T15/><D109/><U85/><E78/><V25/><F111/><W28/><G28/><T49/><D104/><U24/><E1/><V95/><F25/><W119/><G119/><T81/><D33/><U32/><E7/><V62/><F132/><W106/><G106/><T107/><D107/><U92/><E70/><V116/><F116/><W69/><G69/><T88/><D31/><U126/><E112/><V47/><F102/><W66/><G66/><T101/><D101/><U20/><E126/><V134/><F134/><W21/><G54/><T9/><D22/><U135/><E135/><V26/><F26/><W96/><G83/><T124/><D124/><U4/><E4/><V13/><F13/><W93/><G97/><T16/><D49/><U44/><E32/><V29/><F29/><W0/><REACH who="3" step="1"/><G93/><REACH who="3" ten="116,371,201,302" step="2"/><T75/><D56/><U100/><E71/><V57/><REACH who="2" step="1"/><F95/><REACH who="2" ten="116,371,191,302" step="2"/><W41/><G41/><T61/><D61/><U127/><E63/><V129/><F129/><W59/><G59/><T40/><D40/><U27/><E127/><V36/><F36/><W67/><G67/><T77/><REACH who="0" step="1"/><D75/><REACH who="0" ten="106,371,191,302" step="2"/><U117/><E39/><V118/><F118/><W108/><G108/><T121/><D121/><AGARI ba="0,3" hai="14,18,23,45,46,47,55,57,62,86,87,120,121,122" machi="121" ten="40,2600,0" yaku="1,1,13,1,53,0" doraHai="131" doraHaiUra="30" who="2" fromWho="0" sc="106,-26,371,0,191,56,302,0" /><INIT seed="4,0,0,3,3,59" ten="80,371,247,302" oya="0" hai0="70,23,120,19,36,105,37,15,124,10,91,103,26" hai1="29,100,61,97,67,93,22,75,114,73,99,90,62" hai2="27,132,30,110,39,25,95,2,92,57,135,17,74" hai3="113,18,134,20,116,133,45,81,98,102,46,51,55"/><T127/><D120/><U64/><E114/><V76/><F110/><W16/><G116/><T122/><D122/><U1/><E1/><V3/><F39/><W115/><G81/><T106/><D70/><U28/><E75/><V109/><F109/><W83/><G83/><T111/><D111/><U34/><E73/><V4/><F76/><W123/><G123/><T42/><D91/><U54/><E34/><V38/><F38/><W66/><G66/><N who="1" m="25130" /><E54/><V7/><F57/><W9/><G9/><T130/><D130/><U126/><E126/><N who="0" m="48169" /><D42/><U108/><E108/><V44/><F44/><W41/><G115/><T101/><D37/><U78/><E78/><V31/><F74/><W35/><G35/><T96/><D36/><U24/><E29/><V32/><F32/><W118/><G118/><T119/><D119/><U47/><E47/><V21/><F21/><W33/><G33/><T88/><D88/><N who="1" m="55463" /><E99/><V131/><REACH who="2" step="1"/><F17/><REACH who="2" ten="80,371,237,302" step="2"/><W0/><G18/><N who="0" m="12663" /><D103/><U107/><E100/><V63/><F63/><W13/><G113/><T12/><D12/><U129/><E129/><AGARI ba="0,1" hai="2,3,4,7,25,27,30,31,92,95,129,131,132,135" machi="129" ten="25,3200,0" yaku="1,1,22,2,53,0" doraHai="59" doraHaiUra="8" who="2" fromWho="1" sc="80,0,371,-32,237,42,302,0" /><INIT seed="5,0,0,5,2,5" ten="80,339,279,302" oya="1" hai0="87,28,47,125,88,56,40,109,126,17,14,12,48" hai1="74,26,85,42,7,63,57,131,93,134,72,127,114" hai2="77,44,129,103,69,11,3,51,117,112,132,22,81" hai3="65,91,120,106,30,73,36,2,82,98,19,43,89"/><U100/><E114/><V61/><F117/><W21/><G120/><T105/><D109/><U113/><E113/><V110/><F110/><W111/><G111/><T60/><D105/><U123/><E123/><V62/><F112/><W31/><G65/><T38/><D28/><U52/><E131/><V75/><F129/><W34/><G34/><T107/><D107/><U133/><E127/><V68/><F103/><W128/><G106/><T25/><D38/><U53/><E42/><V10/><F3/><W119/><G98/><T83/><D25/><U92/><E7/><V35/><F35/><W95/><G2/><T122/><D122/><U76/><E26/><V97/><F97/><W33/><G33/><T116/><D116/><U84/><E100/><V16/><F132/><W71/><G71/><T90/><D90/><U15/><E15/><V0/><F0/><W130/><G91/><T24/><D24/><U8/><E76/><V135/><F69/><W124/><G124/><N who="0" m="47723" /><D17/><U118/><E118/><V121/><F68/><W94/><G119/><T13/><D13/><U108/><E108/><V86/><F75/><W96/><G73/><T18/><D18/><U6/><E6/><V1/><F1/><W67/><G130/><T45/><D45/><U46/><E46/><V70/><F70/><W9/><G89/><T50/><D50/><U32/><E32/><V27/><F135/><W78/><G128/><T55/><AGARI ba="0,0" hai="12,14,40,47,48,55,56,60,83,87,88" m="47723" machi="55" ten="30,2000,0" yaku="18,1,54,1" doraHai="5" who="0" fromWho="0" sc="80,20,339,-10,279,-5,302,-5" /><INIT seed="6,0,0,4,2,91" ten="100,329,274,297" oya="2" hai0="118,8,41,33,122,105,59,34,47,53,51,114,14" hai1="64,132,9,70,23,52,79,28,133,55,73,103,2" hai2="61,125,77,63,46,81,58,83,15,87,97,82,44" hai3="36,115,72,135,78,57,120,40,96,108,134,113,111"/><V32/><F125/><W5/><G5/><T66/><D122/><U16/><E103/><V7/><F32/><W94/><G120/><T76/><D105/><U101/><E101/><V90/><F97/><W13/><G13/><T49/><D114/><N who="3" m="43529" /><G57/><T106/><D106/><U130/><E28/><V85/><F82/><N who="3" m="45383" /><G40/><T27/><D118/><U45/><E130/><V95/><F83/><W25/><G25/><T117/><D117/><U86/><E73/><V124/><F124/><W67/><G67/><T60/><D76/><U30/><E64/><V62/><REACH who="2" step="1"/><F58/><REACH who="2" ten="100,329,264,297" step="2"/><W123/><G123/><T38/><D33/><U75/><E70/><V43/><F43/><W74/><G74/><T68/><D34/><U37/><E75/><V89/><F89/><N who="3" m="55375" /><G36/><T127/><D127/><U3/><E37/><V100/><F100/><W110/><AGARI ba="0,1" hai="108,110,111,134,135" m="55375,45383,43529" machi="110" ten="40,8000,1" yaku="15,1,11,1,34,2,52,1" doraHai="91" who="3" fromWho="3" sc="100,-20,329,-20,264,-40,297,90" /><INIT seed="7,0,0,3,4,69" ten="80,309,224,387" oya="3" hai0="9,123,36,61,114,35,106,117,51,23,0,113,127" hai1="59,12,31,24,104,21,11,101,77,135,80,102,107" hai2="64,108,75,116,14,121,105,39,37,93,46,28,54" hai3="5,110,103,10,100,94,111,29,87,124,133,26,17"/><W84/><G17/><T20/><D51/><U91/><E135/><V71/><F105/><W90/><G133/><T86/><D106/><U27/><E107/><V32/><F75/><W33/><G84/><T57/><D86/><N who="1" m="48399" /><E104/><V122/><F32/><W74/><G74/><T96/><D35/><U4/><E24/><V48/><F28/><W15/><G124/><T85/><D85/><U18/><E91/><V120/><F93/><W49/><G49/><T50/><D96/><U76/><E76/><V125/><F125/><W3/><G3/><T8/><D50/><U79/><E79/><V38/><F116/><W2/><G2/><T30/><D127/><U42/><E42/><V58/><F14/><W134/><G134/><T45/><D0/><U56/><E4/><V13/><F13/><W60/><G60/><T82/><D82/><U92/><E92/><V43/><F108/><AGARI ba="0,0" hai="5,10,15,26,29,33,87,90,94,100,103,108,110,111" machi="108" ten="40,2000,0" yaku="10,1" doraHai="69" who="3" fromWho="2" sc="80,0,309,0,224,-20,387,20" owari="80,-42.0,309,11.0,204,-20.0,407,51.0" /></mjloggm>