<mjloggm ver="2.3"><GO type="41" lobby="0"/><UN n0="%74%6F%6E%69%2D%74%65%61" n1="%E5%B0%B1%E6%B4%BB%E7%94%9F%40%E5%B7%9D%E6%9D%91%E8%BB%8D%E5%9B%A3" n2="%E3%83%91%E3%82%A4%E3%82%BB%E3%83%B3%EF%BC%91%EF%BC%92%EF%BC%91%EF%BC%93" n3="%60%60%60%60%60%60%60" dan="13,18,15,13" rate="1893.97,2224.15,2094.02,1844.35" sx="F,M,M,M"/><TAIKYOKU oya="0"/><INIT seed="0,0,0,0,1,86" ten="250,250,250,250" oya="0" hai0="21,67,56,28,110,54,127,92,93,124,45,65,60" hai1="30,64,70,79,104,128,132,81,119,69,19,40,87" hai2="22,106,3,74,29,35,108,47,55,2,72,76,73" hai3="24,97,113,62,99,48,32,133,112,114,122,115,107"/><T58/><D110/><U13/><E104/><V59/><F106/><W123/><N who="3" m="29184" /><DORA hai="53" /><W50/><G133/><T130/><D130/><U14/><E119/><V15/><F108/><W135/><G135/><T88/><D28/><U102/><E102/><V52/><F76/><W126/><G126/><N who="0" m="48171" /><D21/><U11/><E30/><V57/><F47/><W44/><G62/><N who="0" m="36119" /><D45/><U17/><E40/><V117/><F117/><W46/><G24/><T83/><D67/><U12/><E128/><V6/><F35/><W25/><G25/><T77/><D77/><U109/><E109/><V95/><F29/><W5/><G32/><T31/><D31/><U1/><E132/><V121/><F121/><N who="3" m="46091" /><G107/><T91/><D83/><U34/><E34/><V39/><F39/><W7/><G46/><T9/><D9/><U66/><E66/><V78/><F78/><W80/><G80/><T27/><D27/><U125/><E125/><V26/><F26/><W61/><G61/><T10/><D10/><U8/><E1/><V89/><F22/><W96/><G44/><T105/><D105/><U43/><E43/><V82/><F82/><W85/><G85/><T51/><D51/><AGARI ba="0,0" hai="5,7,48,50,51,96,97,99" m="46091,29184" machi="51" ten="70,8000,1" yaku="28,2,13,1" doraHai="86,53" who="3" fromWho="0" sc="250,-80,250,0,250,0,250,80" /><INIT seed="1,0,0,0,4,101" ten="170,250,250,330" oya="1" hai0="110,33,53,22,76,16,103,20,70,41,98,96,131" hai1="68,119,51,77,100,126,118,89,116,90,107,4,49" hai2="122,37,112,38,95,133,127,106,74,42,11,48,94" hai3="99,129,3,75,108,17,135,36,7,91,35,27,123"/><U117/><E68/><V113/><F122/><W9/><G75/><T73/><D70/><U125/><E4/><V111/><F111/><W81/><G36/><N who="2" m="13929" /><F74/><W40/><G40/><T97/><D41/><U12/><E12/><V85/><F85/><W109/><G81/><T19/><D110/><N who="3" m="42601" /><G91/><N who="1" m="34826" /><E51/><V64/><F64/><W120/><G99/><T82/><D131/><U121/><E49/><V88/><F127/><N who="1" m="48649" /><E121/><V80/><F133/><W69/><G69/><T59/><D33/><U57/><E57/><V78/><F11/><W66/><G66/><T14/><D103/><U34/><E34/><V130/><F130/><W15/><G129/><T83/><D83/><U24/><E24/><V104/><F78/><W63/><G63/><T71/><D71/><U43/><E43/><V102/><F80/><W32/><G135/><T58/><REACH who="0" step="1"/><D53/><REACH who="0" ten="160,250,250,330" step="2"/><U50/><E119/><V61/><F102/><W84/><G35/><T54/><D54/><U52/><E77/><V46/><F88/><W0/><G123/><T128/><D128/><U29/><E116/><V23/><F42/><W115/><G120/><T132/><D132/><U1/><E117/><V93/><F112/><W5/><G115/><T72/><D72/><U30/><E118/><V87/><F113/><W18/><G84/><T25/><AGARI ba="0,1" hai="14,16,19,20,22,25,58,59,73,76,82,96,97,98" machi="25" ten="30,4000,0" yaku="1,1,0,1,54,1,53,0" doraHai="101" doraHaiUra="26" who="0" fromWho="0" sc="160,50,250,-20,250,-10,330,-10" /><INIT seed="2,0,0,1,5,36" ten="210,230,240,320" oya="2" hai0="45,90,108,53,52,39,68,79,107,28,120,63,17" hai1="109,84,10,96,44,27,87,88,124,99,6,43,12" hai2="11,29,118,102,51,73,26,13,0,16,33,34,91" hai3="95,5,134,67,71,54,82,55,59,40,92,35,81"/><V46/><F73/><W77/><G35/><T123/><D107/><U111/><E124/><V114/><F114/><W121/><G71/><T94/><D108/><N who="1" m="41547" /><E27/><V7/><F118/><W60/><G121/><T89/><D79/><U58/><E58/><V131/><F131/><W119/><G119/><T83/><D83/><N who="1" m="49183" /><E87/><V50/><F91/><W97/><G59/><T32/><D32/><U61/><E61/><V106/><F34/><W112/><G112/><T21/><D28/><U122/><E122/><V66/><F66/><W20/><G67/><T19/><D123/><U9/><E10/><V69/><F69/><W23/><G60/><T56/><D120/><U98/><E98/><N who="2" m="61783" /><F46/><W135/><G97/><N who="0" m="57551" /><D68/><U72/><E72/><V85/><F85/><W4/><REACH who="3" step="1"/><G77/><REACH who="3" ten="210,230,240,310" step="2"/><T62/><D63/><U3/><E3/><V130/><F130/><W1/><G1/><T113/><D62/><U132/><E132/><V104/><F104/><W64/><G64/><T14/><D56/><U18/><E6/><V103/><F103/><W110/><G110/><T127/><D113/><U70/><E70/><V125/><F125/><W37/><G37/><AGARI ba="0,1" hai="9,12,18,37,43,44,96,99" m="49183,41547" machi="37" ten="30,3900,0" yaku="14,1,52,1,54,1" doraHai="36" who="1" fromWho="3" sc="210,0,230,49,240,0,310,-39" /><INIT seed="3,0,0,0,3,24" ten="210,279,240,271" oya="3" hai0="9,92,117,38,112,76,59,52,109,102,121,84,96" hai1="16,45,72,74,75,93,36,88,58,46,23,17,12" hai2="131,65,114,35,20,27,127,70,1,108,34,82,32" hai3="87,73,11,124,89,21,62,103,0,42,51,86,135"/><W110/><G73/><T6/><D121/><U95/><E36/><V97/><F114/><W113/><G113/><T91/><D117/><U123/><E123/><V79/><F1/><W81/><G103/><T80/><D38/><U115/><E115/><V22/><F108/><W129/><G110/><T134/><D109/><U101/><E58/><V61/><F127/><W55/><G42/><T69/><D69/><U120/><E120/><V98/><F131/><W44/><G129/><T43/><D43/><U14/><E101/><V33/><N who="2" m="8704" /><DORA hai="64" /><V18/><REACH who="2" step="1"/><F22/><REACH who="2" ten="210,279,230,271" step="2"/><W71/><G124/><T47/><D112/><U133/><E133/><V2/><F2/><W111/><G135/><T54/><D134/><U106/><E106/><V125/><F125/><W60/><G111/><T104/><D104/><U41/><E41/><V90/><F90/><W10/><G0/><T66/><D91/><U132/><E132/><V15/><F15/><W99/><G21/><T26/><D26/><U116/><E116/><V122/><F122/><W68/><G99/><T56/><D96/><U48/><E88/><V4/><F4/><W63/><REACH who="3" step="1"/><G87/><AGARI ba="0,1" hai="18,20,27,61,65,70,79,82,87,97,98" m="8704" machi="87" ten="70,4500,0" yaku="1,1,52,1,53,0" doraHai="24,64" doraHaiUra="85,100" who="2" fromWho="3" sc="210,0,279,0,230,55,271,-45" /><INIT seed="4,0,0,5,2,39" ten="210,279,285,226" oya="0" hai0="81,37,43,99,50,109,27,103,18,115,97,96,1" hai1="102,123,51,26,54,121,13,66,91,93,131,120,124" hai2="92,4,108,98,20,74,101,25,46,29,116,2,3" hai3="129,83,90,79,33,17,31,122,67,58,100,32,82"/><T126/><D115/><U114/><E114/><V52/><F108/><W128/><G90/><T112/><D112/><U64/><E131/><N who="3" m="50250" /><G100/><T134/><D37/><U75/><E124/><V107/><F74/><N who="3" m="43383" /><G122/><T130/><D130/><U95/><E75/><V132/><F132/><W135/><G135/><T61/><D1/><U10/><E26/><V40/><F116/><W38/><G83/><T23/><D134/><U86/><E102/><V5/><F107/><W49/><G31/><T125/><D81/><U55/><E95/><V28/><F28/><W41/><G17/><T72/><D72/><U7/><REACH who="1" step="1"/><E55/><REACH who="1" ten="210,269,285,226" step="2"/><V133/><F133/><W6/><G6/><T15/><D103/><U111/><E111/><V84/><F52/><N who="3" m="32015" /><G67/><T104/><D104/><U69/><E69/><V62/><F5/><W12/><G12/><T21/><D109/><U77/><E77/><V117/><F4/><W57/><G57/><AGARI ba="0,1" hai="7,10,13,51,54,57,64,66,86,91,93,120,121,123" machi="57" ten="40,2600,0" yaku="1,1,53,1" doraHai="39" doraHaiUra="0" who="1" fromWho="3" sc="210,0,269,36,285,0,226,-26" /><INIT seed="5,0,0,1,5,7" ten="210,305,285,200" oya="1" hai0="8,14,34,97,79,121,96,77,71,112,89,134,86" hai1="9,106,119,47,19,117,40,78,53,11,54,1,90" hai2="20,44,30,81,131,70,116,39,133,110,66,76,88" hai3="63,22,52,17,26,100,126,132,118,95,102,98,45"/><U2/><E106/><V127/><F110/><W87/><G126/><T36/><D36/><U104/><E104/><V85/><F127/><W115/><G115/><T4/><D71/><U33/><E33/><V103/><F116/><W130/><G132/><T123/><D134/><U48/><E78/><V49/><F39/><W64/><G130/><T128/><D34/><U61/><E90/><V111/><F111/><W65/><G118/><T99/><D112/><U68/><E53/><V93/><F133/><W21/><G102/><T32/><D32/><U37/><E19/><V74/><F131/><W23/><G87/><T50/><D50/><U101/><E101/><V80/><F103/><W0/><G0/><T113/><D113/><U114/><E114/><V59/><F70/><W124/><G124/><T94/><REACH who="0" step="1"/><D128/><REACH who="0" ten="200,305,285,200" step="2"/><U84/><E117/><V24/><F74/><W57/><G65/><T105/><D105/><U18/><E37/><V120/><F120/><AGARI ba="0,1" hai="4,8,14,77,79,86,89,94,96,97,99,120,121,123" machi="120" ten="40,8000,1" yaku="1,1,13,1,52,1,53,2" doraHai="7" doraHaiUra="75" who="0" fromWho="2" sc="200,90,305,0,285,-80,200,0" /><INIT seed="6,0,0,5,2,109" ten="290,305,205,200" oya="2" hai0="125,81,25,34,37,65,130,92,64,96,20,66,104" hai1="103,102,17,3,128,51,54,15,0,63,84,98,36" hai2="132,10,2,100,55,21,107,105,135,97,45,19,127" hai3="129,39,80,118,77,24,95,99,35,57,53,47,83"/><V123/><F123/><W93/><G118/><T74/><D37/><U94/><E36/><V69/><F69/><W76/><G129/><T120/><D120/><U59/><E128/><V70/><F70/><W112/><G112/><T23/><D34/><U9/><E103/><V42/><F55/><W90/><G35/><T44/><D44/><U50/><E84/><V73/><F73/><W8/><G24/><T89/><D125/><U85/><E85/><V71/><F71/><W124/><G124/><T61/><D104/><U11/><E11/><V48/><F127/><W131/><G131/><T33/><D33/><U101/><E101/><V14/><F107/><W79/><G8/><T7/><D7/><U18/><E18/><V62/><REACH who="2" step="1"/><F62/><REACH who="2" ten="290,305,195,200" step="2"/><W29/><G47/><T86/><D130/><U110/><E110/><V56/><F56/><W32/><G39/><T28/><D74/><U30/><E63/><V13/><F13/><W88/><G53/><T91/><REACH who="0" step="1"/><D20/><REACH who="0" ten="280,305,195,200" step="2"/><U52/><E0/><V108/><F108/><W5/><G57/><AGARI ba="0,2" hai="23,25,28,57,61,64,65,66,81,86,89,91,92,96" machi="57" ten="30,7700,0" yaku="1,1,2,1,7,1,8,1,53,0" doraHai="109" doraHaiUra="31" who="0" fromWho="3" sc="280,97,305,0,195,0,200,-77" /><INIT seed="7,0,0,0,4,113" ten="377,305,195,123" oya="3" hai0="115,131,108,106,56,71,50,68,119,126,80,61,31" hai1="75,133,20,57,105,42,26,2,17,91,121,45,60" hai2="27,104,70,13,98,24,23,85,101,36,11,55,97" hai3="69,38,44,67,46,32,22,109,1,49,6,103,95"/><W15/><G32/><T73/><D106/><U79/><E2/><V12/><F70/><W40/><G1/><T63/><D119/><U5/><E105/><V92/><F36/><W33/><G33/><T112/><D31/><U52/><E121/><V47/><F85/><W51/><G109/><T90/><D131/><U116/><E116/><V4/><F47/><W64/><G38/><T100/><D100/><U89/><E133/><V7/><F55/><W110/><G110/><T35/><D35/><U21/><E5/><V88/><REACH who="2" step="1"/><F23/><REACH who="2" ten="377,305,185,123" step="2"/><W62/><G64/><T78/><D71/><U66/><E21/><V39/><F39/><W28/><G28/><T128/><D68/><U117/><E117/><V93/><F93/><W58/><G69/><T114/><D112/><U9/><E66/><V84/><F84/><W65/><G65/><T94/><D94/><U74/><E74/><V129/><F129/><W118/><G118/><T14/><D73/><U43/><E43/><V48/><F48/><N who="3" m="18507" /><G40/><T99/><D128/><U81/><E9/><AGARI ba="0,1" hai="4,7,9,11,12,13,24,27,88,92,97,98,101,104" machi="9" ten="40,5200,0" yaku="1,1,9,1,54,1,53,0" doraHai="113" doraHaiUra="127" who="2" fromWho="1" sc="377,0,305,-52,185,62,123,0" owari="377,48.0,253,5.0,247,-15.0,123,-38.0" /></mjloggm>