<mjloggm ver="2.3"><GO type="169" lobby="0"/><UN n0="%E3%81%AF%E3%81%8C%E3%81%AD%E3%81%AE%E3%81%8A%E3%81%AE" n1="%E3%81%AD%E3%82%8A%E3%82%B4%E3%83%9E" n2="%67%61%72%75%63%69%61" n3="%E5%B0%B1%E6%B4%BB%E7%94%9F%40%E5%B7%9D%E6%9D%91%E8%BB%8D%E5%9B%A3" dan="17,16,16,17" rate="2186.50,2053.87,2144.04,2188.78" sx="F,M,M,M"/><TAIKYOKU oya="0"/><INIT seed="0,0,0,0,0,62" ten="250,250,250,250" oya="0" hai0="22,64,90,10,135,48,93,49,134,72,79,41,35" hai1="76,40,57,115,124,46,102,92,116,39,133,23,28" hai2="52,31,7,69,27,98,130,18,132,24,60,36,84" hai3="33,94,78,120,30,65,85,107,118,106,122,21,58"/><T86/><D35/><U51/><E116/><V105/><F36/><W128/><G33/><T83/><D22/><U87/><E133/><N who="0" m="50697" /><D41/><U73/><E124/><V112/><F132/><W53/><G118/><T67/><D10/><U47/><E115/><V123/><F112/><W54/><G128/><T13/><D13/><U108/><E108/><V111/><F111/><W125/><G125/><T56/><D56/><U26/><E73/><V131/><F7/><W82/><G21/><T42/><D49/><U117/><E117/><V1/><F1/><W50/><G30/><T80/><D80/><U16/><E76/><V89/><F123/><N who="3" m="47147" /><G53/><T99/><D72/><U32/><E51/><V104/><F18/><W91/><G65/><T5/><D5/><U88/><E102/><V74/><F74/><AGARI ba="0,0" hai="50,54,58,74,78,82,85,91,94,106,107" m="47147" machi="74" ten="30,1000,0" yaku="13,1" doraHai="62" who="3" fromWho="2" sc="250,0,250,0,250,-10,250,10" /><INIT seed="1,0,0,3,1,82" ten="250,250,240,260" oya="1" hai0="121,78,46,12,102,26,59,48,114,37,132,131,54" hai1="87,71,74,110,84,58,11,70,60,117,134,25,101" hai2="126,89,27,2,95,52,3,24,53,17,41,120,16" hai3="105,7,72,0,31,45,77,42,62,115,19,47,20"/><U83/><BYE who="0" /><E117/><V127/><F41/><W109/><G105/><T28/><D28/><U30/><E110/><V23/><F120/><W63/><G31/><T50/><D50/><U107/><E134/><V125/><F17/><W79/><G47/><T90/><D90/><U86/><E11/><V85/><REACH who="2" step="1"/><F27/><REACH who="2" ten="250,250,230,260" step="2"/><W118/><G42/><T40/><D40/><U9/><E9/><V1/><AGARI ba="0,1" hai="1,2,3,16,23,24,52,53,85,89,95,125,126,127" machi="1" ten="40,12000,2" yaku="1,1,2,1,0,1,18,1,52,1,54,2,53,0" doraHai="82" doraHaiUra="94" who="2" fromWho="2" sc="250,-30,250,-60,230,130,260,-30" /><INIT seed="2,0,0,2,2,77" ten="220,190,360,230" oya="2" hai0="106,110,71,4,127,74,32,111,58,25,5,49,81" hai1="92,102,19,82,105,123,83,44,90,73,100,69,99" hai2="108,3,27,61,95,57,120,103,53,62,119,8,133" hai3="36,34,93,76,125,85,46,42,121,134,70,56,113"/><V67/><F120/><W17/><G70/><UN n0="%E3%81%AF%E3%81%8C%E3%81%AD%E3%81%AE%E3%81%8A%E3%81%AE" /><T114/><D71/><U135/><E69/><V88/><F119/><W86/><G121/><T126/><D106/><U60/><E123/><V9/><F133/><W43/><G34/><T116/><D114/><U84/><E135/><V124/><F124/><N who="0" m="47658" /><D116/><U38/><E60/><V47/><F103/><W91/><G134/><T51/><D32/><U65/><E65/><V45/><F108/><N who="0" m="41514" /><D25/><U21/><E102/><V48/><F3/><W122/><G43/><T75/><D75/><U12/><REACH who="1" step="1"/><E73/><REACH who="1" ten="220,180,360,230" step="2"/><V16/><F62/><W107/><G122/><T132/><D132/><U14/><E14/><V39/><F39/><W130/><G36/><T96/><D74/><U64/><E64/><V50/><F27/><W109/><G125/><T87/><D49/><U37/><E37/><V131/><F131/><W40/><G130/><T33/><D51/><U115/><E115/><V101/><F101/><W78/><G113/><T2/><D2/><U1/><E1/><V54/><REACH who="2" step="1"/><F16/><REACH who="2" ten="220,180,350,230" step="2"/><W128/><G17/><T22/><D4/><U129/><E129/><V112/><F112/><W29/><G128/><T72/><D5/><U104/><E104/><V63/><F63/><W97/><G107/><T80/><D72/><U13/><E13/><V117/><F117/><W118/><G118/><T55/><D33/><U59/><E59/><V52/><F52/><W66/><G56/><T7/><D7/><U98/><E98/><AGARI ba="0,2" hai="8,9,45,47,48,50,53,54,57,61,67,88,95,98" machi="98" ten="30,18000,2" yaku="1,1,7,1,9,1,8,1,54,1,53,1" doraHai="77" doraHaiUra="94" who="2" fromWho="1" sc="220,0,180,-180,350,200,230,0" /><INIT seed="2,1,0,2,5,17" ten="220,0,550,230" oya="2" hai0="27,2,11,19,1,124,115,39,95,6,57,43,109" hai1="88,135,80,83,120,33,55,29,56,34,32,75,87" hai2="52,44,65,4,122,54,98,105,89,71,133,96,28" hai3="62,18,130,25,82,73,48,99,38,112,110,12,58"/><V40/><F122/><W84/><G38/><T35/><D115/><U59/><E120/><V78/><F78/><W92/><G73/><T24/><D57/><U100/><E100/><V68/><F4/><W121/><G121/><T5/><D95/><U127/><E127/><V3/><F3/><N who="0" m="1034" /><D43/><U26/><E135/><V118/><F118/><W15/><G48/><T45/><D45/><U81/><E59/><V7/><F7/><N who="0" m="2570" /><D39/><U102/><E102/><V129/><F105/><W21/><G110/><T116/><D109/><U74/><E74/><V61/><F71/><W126/><G130/><T111/><D111/><U69/><E69/><V66/><F129/><W67/><G126/><T51/><D51/><U90/><E75/><V131/><F131/><W107/><G107/><T46/><D46/><U70/><E70/><V23/><F133/><W41/><G41/><T16/><D124/><U20/><E87/><V72/><F66/><W76/><G112/><T132/><D132/><U113/><E113/><V49/><F72/><W8/><G8/><T36/><D36/><U9/><E9/><V117/><F117/><W64/><G64/><T22/><D116/><U79/><E79/><V31/><F98/><W103/><AGARI ba="1,0" hai="12,15,18,21,25,58,62,67,76,82,84,92,99,103" machi="103" ten="20,5200,0" yaku="0,1,7,1,8,1,52,1" doraHai="17" who="3" fromWho="3" sc="220,-14,0,-14,550,-27,230,55" owari="206,-19.0,-14,-51.0,523,61.0,285,9.0" /></mjloggm>