<mjloggm ver="2.3"><GO type="169" lobby="0"/><UN n0="%E5%B0%B1%E6%B4%BB%E7%94%9F%40%E5%B7%9D%E6%9D%91%E8%BB%8D%E5%9B%A3" n1="%E3%81%8A%E3%81%98%E3%81%95%E3%82%93" n2="%E6%BC%A3%E5%A4%8F" n3="%E3%81%90%E3%81%BF%E3%82%83%E3%81%99" dan="18,16,16,17" rate="2266.90,2190.85,2046.65,2115.76" sx="M,M,M,M"/><TAIKYOKU oya="0"/><INIT seed="0,0,0,3,0,121" ten="250,250,250,250" oya="0" hai0="94,108,93,86,17,54,68,41,87,47,12,123,2" hai1="51,117,113,109,5,122,112,129,30,40,71,55,72" hai2="115,128,57,1,130,11,114,98,24,78,3,16,95" hai3="27,101,8,97,56,7,90,77,39,119,92,46,64"/><T126/><D123/><U83/><E122/><V38/><F38/><W28/><G119/><T23/><D2/><U67/><E117/><V52/><F78/><W116/><G116/><T133/><D68/><U63/><E5/><V80/><F80/><W73/><G73/><T59/><D126/><U96/><E30/><V107/><F107/><W102/><G77/><T9/><D133/><U135/><E96/><V79/><F79/><W26/><G26/><T35/><D35/><U103/><E103/><V34/><F34/><W70/><G70/><T76/><D108/><U19/><E19/><V84/><F84/><W42/><G56/><T4/><D87/><U62/><E83/><V48/><F1/><W134/><G64/><T106/><D106/><U100/><E100/><V44/><F44/><W91/><G102/><T53/><D76/><U21/><E21/><N who="2" m="13351" /><F11/><W125/><G134/><T75/><D75/><U45/><E72/><V89/><F3/><W49/><G39/><T10/><D86/><U111/><E129/><AGARI ba="0,0" hai="48,52,57,89,95,98,114,115,128,129,130" m="13351" machi="129" ten="30,3900,0" yaku="19,1,54,2" doraHai="121" who="2" fromWho="1" sc="250,0,250,-39,250,39,250,0" /><INIT seed="1,0,0,2,3,116" ten="250,211,289,250" oya="1" hai0="74,54,135,16,36,20,68,27,58,93,11,124,47" hai1="35,65,23,120,67,97,56,66,90,128,28,75,133" hai2="18,15,37,14,115,4,111,38,62,12,84,102,76" hai3="112,88,19,25,34,6,104,70,72,80,99,109,55"/><U129/><E75/><V45/><F111/><W63/><G109/><T3/><D68/><U110/><E110/><V5/><F115/><W132/><G6/><T114/><D74/><U40/><E133/><V113/><F113/><W117/><G112/><T125/><D114/><U50/><E35/><V81/><F102/><W17/><G132/><T89/><D135/><U59/><E120/><V78/><F78/><W8/><G8/><T126/><D3/><U13/><E40/><V87/><F38/><W46/><G46/><T95/><D11/><U43/><E43/><V30/><F30/><W60/><G60/><T127/><N who="0" m="32256" /><DORA hai="1" /><T48/><D89/><U51/><E97/><V31/><F31/><W79/><G117/><T39/><D39/><U82/><E82/><N who="2" m="47175" /><F37/><W122/><G122/><T44/><D36/><U106/><E106/><V96/><F96/><W24/><G34/><T9/><D9/><U123/><E90/><N who="2" m="51567" /><F45/><AGARI ba="0,0" hai="16,20,27,44,45,47,48,54,58,93,95" m="32256" machi="45" ten="70,4500,0" yaku="18,1,54,1" doraHai="116,1" who="0" fromWho="2" sc="250,45,211,0,289,-45,250,0" /><INIT seed="2,0,0,2,0,115" ten="295,211,244,250" oya="2" hai0="41,65,73,30,103,124,11,78,108,79,59,87,64" hai1="118,119,125,4,86,29,91,18,100,98,71,107,60" hai2="15,36,61,122,50,7,116,63,2,12,130,52,10" hai3="66,13,67,80,45,9,1,112,121,89,128,28,35"/><V31/><F122/><W56/><G1/><T24/><D73/><U134/><E4/><V109/><F130/><W133/><G121/><T72/><D72/><U92/><E125/><V82/><F36/><W110/><G128/><T48/><D124/><U54/><E134/><V14/><F109/><W123/><G110/><T38/><D38/><U129/><E129/><V46/><F116/><W70/><G70/><T22/><D108/><U97/><E18/><V62/><F82/><W113/><G45/><T96/><D11/><U131/><E131/><V81/><F81/><W101/><G101/><T104/><D87/><U126/><E126/><V17/><REACH who="2" step="1"/><F31/><REACH who="2" ten="295,211,234,250" step="2"/><W132/><G80/><T127/><D127/><U42/><E29/><V120/><F120/><W21/><G28/><T6/><D78/><U85/><E119/><V51/><F51/><W76/><G123/><T135/><D79/><U26/><E118/><V25/><F25/><W117/><G76/><T16/><D30/><U74/><E26/><V114/><F114/><W90/><G117/><T19/><D135/><U44/><E74/><V3/><F3/><W43/><G113/><T49/><D48/><U27/><E27/><V5/><F5/><W39/><G39/><T37/><D6/><U53/><E60/><V32/><F32/><W102/><G35/><T69/><D37/><U8/><E71/><V34/><F34/><W47/><G112/><T88/><D69/><U105/><E105/><V23/><AGARI ba="0,1" hai="2,7,10,12,14,15,17,23,46,50,52,61,62,63" machi="23" ten="30,6000,0" yaku="1,1,0,1,54,1,53,0" doraHai="115" doraHaiUra="83" who="2" fromWho="2" sc="295,-20,211,-20,234,70,250,-20" /><INIT seed="2,1,0,0,2,87" ten="275,191,304,230" oya="2" hai0="71,35,25,22,94,131,14,63,74,46,51,23,72" hai1="19,39,50,77,105,57,52,36,12,32,7,82,8" hai2="84,1,134,67,59,20,108,86,126,68,29,116,2" hai3="115,73,130,120,97,62,132,30,70,6,100,93,27"/><V75/><F116/><W49/><G120/><T61/><D131/><U127/><E105/><V118/><F118/><W9/><G73/><T133/><D133/><U98/><E32/><V17/><F75/><W104/><G132/><T123/><D123/><U96/><E127/><V110/><F134/><W58/><G130/><T88/><D72/><U26/><E39/><V83/><F29/><W28/><G49/><T85/><D74/><U80/><E36/><V24/><F68/><W106/><G70/><T66/><D61/><U89/><E77/><V21/><F126/><W64/><G30/><T15/><D35/><U43/><E43/><V31/><F59/><W114/><G114/><T113/><D113/><U4/><E4/><V0/><F67/><W95/><G95/><T78/><D78/><U16/><E19/><V81/><F86/><W37/><G37/><T122/><D122/><U40/><E40/><V54/><F54/><W34/><REACH who="3" step="1"/><G115/><REACH who="3" ten="275,191,304,220" step="2"/><T41/><D23/><N who="1" m="13671" /><E96/><V44/><F21/><W60/><G60/><T121/><D121/><U13/><E13/><AGARI ba="1,1" hai="6,9,13,27,28,34,58,62,64,93,97,100,104,106" machi="13" ten="30,3900,0" yaku="1,1,7,1,53,1" doraHai="87" doraHaiUra="53" who="3" fromWho="1" sc="275,0,191,-42,304,0,220,52" /><INIT seed="3,0,0,1,4,32" ten="275,149,304,272" oya="3" hai0="121,31,101,75,76,48,52,111,114,73,102,89,126" hai1="124,60,72,119,93,43,42,5,91,86,18,26,29" hai2="53,109,58,62,13,117,45,24,23,113,107,0,61" hai3="8,134,79,33,92,35,74,96,11,10,110,4,85"/><W115/><G74/><T80/><D121/><U20/><E72/><V55/><F117/><W95/><G115/><T36/><D36/><U12/><E119/><V22/><F113/><W50/><G134/><T116/><D114/><U3/><E124/><V27/><F109/><W44/><G4/><T71/><D71/><U64/><E5/><V15/><F107/><W112/><G112/><T128/><D75/><U70/><REACH who="1" step="1"/><E3/><REACH who="1" ten="275,139,304,272" step="2"/><V133/><F0/><W34/><G110/><T131/><D116/><U100/><E100/><V125/><F125/><W81/><REACH who="3" step="1"/><G96/><REACH who="3" ten="275,139,304,262" step="2"/><T82/><D111/><U28/><E28/><V47/><F133/><W39/><G39/><T122/><D31/><U2/><E2/><V1/><F1/><W14/><G14/><T9/><D126/><U104/><E104/><V54/><F13/><W25/><G25/><T84/><D122/><U83/><E83/><V7/><F15/><W103/><G103/><T97/><D102/><U127/><E127/><V130/><F7/><W59/><G59/><T38/><D38/><U88/><E88/><V65/><F58/><W40/><AGARI ba="0,2" hai="8,10,11,33,34,35,40,44,50,79,81,85,92,95" machi="40" ten="40,3900,0" yaku="1,1,0,1,53,0" doraHai="32" doraHaiUra="57" who="3" fromWho="3" sc="275,-13,139,-13,304,-13,262,59" /><INIT seed="3,1,0,3,2,98" ten="262,126,291,321" oya="3" hai0="40,57,9,117,97,108,74,75,116,22,52,76,81" hai1="106,27,50,112,110,127,134,132,125,66,12,115,103" hai2="126,14,49,120,42,55,10,80,100,114,128,25,35" hai3="109,37,99,0,102,135,118,104,65,7,63,129,79"/><W54/><G118/><T46/><D108/><U32/><E66/><V133/><F114/><N who="1" m="43561" /><E50/><V4/><F133/><N who="1" m="51305" /><E106/><V41/><F128/><W94/><G54/><T67/><D75/><U71/><E71/><V95/><F126/><N who="1" m="48137" /><E103/><V56/><F120/><W53/><G104/><T101/><D67/><U131/><E12/><V96/><F80/><W68/><G102/><T92/><D46/><U2/><E2/><V43/><F42/><W17/><G0/><T84/><D40/><U15/><E15/><V86/><F86/><W87/><G87/><T16/><D74/><U48/><E48/><V23/><REACH who="2" step="1"/><F35/><REACH who="2" ten="262,126,281,321" step="2"/><W123/><G135/><T82/><D81/><U13/><E13/><V89/><F89/><W11/><G79/><T26/><D9/><U78/><E78/><V47/><F47/><W113/><G11/><T31/><D116/><U107/><E107/><V69/><F69/><W29/><G68/><T8/><D117/><U18/><E110/><V85/><F85/><W30/><G109/><T64/><D8/><U21/><E32/><V72/><F72/><W19/><G113/><T70/><D70/><U121/><E121/><V83/><F83/><W73/><G73/><T77/><D77/><U33/><E33/><V1/><F1/><W61/><G123/><T6/><D82/><U62/><E62/><V124/><F124/><W51/><G63/><T59/><D76/><U130/><AGARI ba="1,1" hai="18,21,27,130,131" m="48137,51305,43561" machi="130" ten="40,12000,2" yaku="30,2,20,1,18,1,34,2" doraHai="98" who="1" fromWho="1" sc="262,-31,126,133,281,-31,321,-61" /><INIT seed="4,0,0,5,4,7" ten="231,259,250,260" oya="0" hai0="11,37,113,73,1,58,9,78,128,134,61,81,65" hai1="107,5,100,71,32,118,22,117,109,17,92,111,125" hai2="6,35,94,13,16,60,51,104,110,48,120,87,80" hai3="91,15,67,0,21,97,3,74,40,24,76,33,25"/><T122/><D122/><U127/><E71/><V89/><F110/><N who="1" m="41993" /><E107/><V84/><F120/><W82/><G33/><T72/><D1/><U121/><E100/><V56/><F104/><W133/><G24/><T85/><D113/><U36/><E92/><V55/><F35/><W119/><G119/><N who="1" m="45578" /><E36/><V86/><F6/><W34/><G34/><T93/><D128/><U135/><E32/><V103/><F103/><W64/><G40/><T38/><D134/><U49/><E49/><N who="2" m="19019" /><F94/><W20/><G133/><T101/><D38/><U114/><E121/><V115/><F115/><W75/><G75/><T30/><D37/><U83/><E83/><V27/><F27/><W68/><G25/><T10/><REACH who="0" step="1"/><D30/><REACH who="0" ten="221,259,250,260" step="2"/><U29/><E29/><V46/><F46/><W88/><G0/><T129/><D129/><U98/><E135/><V4/><F4/><W8/><G3/><T66/><D66/><U39/><E5/><V43/><F43/><W102/><G64/><T53/><D53/><U31/><E31/><V52/><F55/><W112/><G67/><T42/><D42/><U77/><E39/><V45/><F45/><W90/><G112/><T131/><D131/><U47/><E47/><V18/><F18/><W44/><G44/><T28/><D28/><U2/><E114/><V59/><F56/><W105/><G68/><T57/><D57/><U12/><E2/><V123/><F123/><W96/><G96/><AGARI ba="0,1" hai="9,10,11,58,61,65,72,73,78,81,85,93,96,101" machi="96" ten="40,12000,1" yaku="1,1,52,3,53,0" doraHai="7" doraHaiUra="41" who="0" fromWho="3" sc="221,130,259,0,250,0,260,-120" /><INIT seed="4,1,0,2,5,104" ten="351,259,250,140" oya="0" hai0="62,117,85,41,39,3,42,29,38,94,114,13,18" hai1="95,16,97,127,131,106,56,84,69,9,21,83,112" hai2="86,121,99,31,27,128,98,17,51,19,15,107,64" hai3="67,49,58,65,82,70,34,32,115,119,111,132,43"/><T102/><D3/><U20/><E69/><V87/><F121/><W124/><G119/><T79/><D117/><U110/><E110/><V7/><F128/><W40/><G82/><T103/><D114/><U47/><E112/><V76/><F64/><W72/><G49/><T123/><D123/><U30/><E131/><V93/><F107/><W48/><G48/><T11/><D39/><U100/><E127/><V129/><F129/><W61/><G58/><T109/><D38/><U44/><E106/><V50/><F7/><W126/><G61/><T80/><D109/><U63/><E9/><V88/><F98/><W26/><G26/><T118/><D118/><U1/><E30/><V22/><F17/><W125/><G70/><T8/><D29/><U113/><E21/><V78/><F51/><W74/><G124/><T96/><D103/><U135/><E1/><V101/><F50/><W66/><G66/><T120/><D120/><U91/><E135/><V60/><F60/><W68/><G68/><T122/><D122/><U23/><E23/><V133/><F133/><W116/><G116/><T14/><REACH who="0" step="1"/><D62/><REACH who="0" ten="341,259,250,140" step="2"/><U108/><E108/><V25/><F101/><W4/><G111/><T2/><D2/><U92/><E113/><V24/><F31/><W6/><REACH who="3" step="1"/><G115/><REACH who="3" ten="341,259,250,130" step="2"/><T0/><D0/><U52/><REACH who="1" step="1"/><E83/><REACH who="1" ten="341,249,250,130" step="2"/><V53/><F53/><W89/><G89/><T134/><D134/><AGARI ba="1,3" hai="4,6,32,34,40,43,65,67,72,74,125,126,132,134" machi="134" ten="25,8000,1" yaku="1,1,22,2,52,2,53,0" doraHai="104" doraHaiUra="71" who="3" fromWho="0" sc="341,-83,249,0,250,0,130,113" /><INIT seed="5,0,0,1,5,99" ten="258,249,250,243" oya="1" hai0="74,50,35,107,113,112,31,41,125,135,73,79,110" hai1="11,100,54,29,57,101,45,55,81,76,119,122,25" hai2="88,78,94,127,51,115,59,0,121,77,8,49,129" hai3="44,105,36,114,71,70,40,123,38,86,28,3,80"/><U131/><E119/><V26/><F121/><W82/><G36/><T16/><D110/><U96/><E122/><V84/><F129/><W109/><G109/><T61/><D125/><U22/><E131/><V7/><F127/><W106/><G3/><T48/><D135/><U124/><E124/><V91/><F115/><N who="0" m="44106" /><D107/><U62/><E11/><V32/><F32/><W12/><G80/><T13/><D61/><U21/><E21/><V10/><F26/><W111/><G111/><T130/><D130/><U30/><E30/><V9/><F0/><W126/><G28/><T6/><D6/><U24/><E24/><V75/><F75/><N who="0" m="28682" /><D79/><N who="2" m="30218" /><F7/><W89/><G126/><T134/><D41/><U69/><E69/><V132/><F132/><W116/><G116/><T133/><D134/><U72/><REACH who="1" step="1"/><E96/><REACH who="1" ten="258,239,250,243" step="2"/><V19/><F8/><W17/><G71/><T98/><D98/><U92/><E92/><V67/><F9/><W56/><G70/><T20/><D133/><U4/><E4/><V34/><F10/><W97/><G123/><T33/><D31/><U15/><E15/><V118/><F118/><W103/><G114/><T53/><D35/><U108/><E108/><V5/><F94/><W2/><G106/><T39/><D33/><U23/><E23/><V46/><F34/><W117/><G117/><T87/><D20/><U14/><E14/><V66/><F5/><W60/><G2/><T43/><D13/><U65/><E65/><V42/><F66/><N who="3" m="39175" /><G12/><T27/><D27/><U95/><E95/><V93/><F93/><W37/><G17/><T120/><D16/><U52/><E52/><RYUUKYOKU ba="0,1" sc="258,-15,239,15,250,-15,243,15" hai1="22,25,29,45,54,55,57,62,72,76,81,100,101" hai3="37,38,40,44,82,86,89,97,103,105" /><INIT seed="5,1,1,0,0,96" ten="243,254,235,258" oya="1" hai0="71,11,88,23,93,58,38,101,17,56,13,83,86" hai1="5,59,104,14,25,126,18,115,94,106,87,66,65" hai2="47,64,10,31,20,109,42,46,111,69,45,53,123" hai3="21,113,131,28,133,127,16,49,120,48,117,122,91"/><U102/><E115/><V97/><F123/><W12/><G113/><T33/><D71/><U40/><E126/><V15/><F42/><W19/><G28/><T63/><D38/><U118/><E118/><V39/><F39/><W7/><G7/><T78/><D33/><U84/><E40/><V27/><F53/><W80/><G127/><T74/><D101/><U130/><E130/><V85/><F85/><N who="1" m="32841" /><E106/><V92/><F64/><N who="1" m="24681" /><E104/><V4/><REACH who="2" step="1"/><F69/><REACH who="2" ten="243,254,225,258" step="2"/><W8/><G122/><T0/><D63/><U89/><E59/><V54/><F54/><W107/><G120/><T95/><D58/><U116/><E116/><V110/><F110/><W35/><G117/><T79/><D56/><U2/><E2/><V68/><F68/><W75/><G131/><T22/><D0/><U60/><E60/><V52/><F52/><W77/><G49/><T26/><D23/><N who="1" m="11735" /><E89/><AGARI ba="1,2" hai="4,10,15,20,27,31,45,46,47,89,92,97,109,111" machi="89" ten="40,1300,0" yaku="1,1,53,0" doraHai="96" doraHaiUra="112" who="2" fromWho="1" sc="243,0,254,-16,225,36,258,0" /><INIT seed="6,0,0,4,1,74" ten="243,238,261,258" oya="2" hai0="49,111,7,53,96,119,36,88,129,6,3,31,110" hai1="43,12,38,30,8,99,84,85,41,19,100,64,72" hai2="103,81,9,33,65,34,42,134,11,58,16,23,2" hai3="24,55,46,90,126,39,91,54,57,104,44,82,10"/><V124/><F124/><W22/><G104/><T125/><D36/><U47/><E43/><V128/><F128/><W66/><G39/><T56/><D125/><U21/><E72/><V67/><F134/><W45/><G10/><T26/><D129/><U50/><E38/><V114/><F114/><W69/><G69/><T71/><D71/><U132/><E132/><V83/><F2/><W94/><G82/><T122/><D122/><U118/><E64/><V79/><F42/><W77/><G77/><T98/><D119/><U62/><E62/><V29/><F29/><W20/><G90/><T25/><D98/><U106/><REACH who="1" step="1"/><E118/><REACH who="1" ten="243,228,261,258" step="2"/><V117/><F65/><W113/><G66/><T121/><D121/><U13/><E13/><V48/><F67/><W130/><G126/><T116/><D116/><U105/><E105/><V112/><F117/><W133/><G133/><T32/><D25/><AGARI ba="0,1" hai="8,12,19,21,25,30,41,47,50,84,85,99,100,106" machi="25" ten="40,1300,0" yaku="1,1,53,0" doraHai="74" doraHaiUra="87" who="1" fromWho="0" sc="243,-13,228,23,261,0,258,0" /><INIT seed="7,0,0,3,1,88" ten="230,251,261,258" oya="3" hai0="126,93,81,62,91,89,43,17,7,106,39,5,23" hai1="96,97,51,114,135,9,128,16,3,2,35,66,71" hai2="131,30,31,115,58,52,65,74,18,132,69,133,4" hai3="100,84,127,113,123,79,134,112,53,44,13,87,8"/><W61/><G123/><T98/><D126/><U38/><E38/><V56/><F74/><W90/><G100/><T76/><D106/><U37/><E37/><V12/><F115/><N who="3" m="44107" /><G79/><T10/><D39/><U78/><E35/><V19/><F131/><W48/><G134/><N who="2" m="51817" /><F4/><W101/><G101/><T116/><D116/><U94/><E78/><V67/><F69/><W99/><G61/><T55/><D43/><U34/><E34/><V24/><F19/><N who="3" m="8615" /><G127/><T29/><D29/><N who="2" m="10762" /><F24/><W108/><G108/><T86/><D10/><U54/><E9/><N who="2" m="6415" /><F58/><W68/><G68/><T45/><D76/><U119/><E71/><V105/><F105/><W49/><G49/><AGARI ba="0,0" hai="49,52,56,65,67" m="6415,10762,51817" machi="49" ten="30,2000,0" yaku="20,1,54,1" doraHai="88" who="2" fromWho="3" sc="230,0,251,0,261,20,258,-20" /><INIT seed="8,0,0,4,2,9" ten="230,251,281,238" oya="0" hai0="42,102,71,53,116,94,39,75,70,79,2,91,3" hai1="47,67,77,114,129,97,86,78,120,66,117,115,18" hai2="24,134,88,90,128,22,21,109,95,10,85,36,112" hai3="31,20,130,110,7,84,27,72,54,49,62,50,19"/><T131/><D116/><U87/><E120/><V41/><F109/><W15/><G72/><T40/><D131/><U82/><E117/><V65/><F112/><N who="1" m="43049" /><E47/><V30/><F128/><W99/><G110/><T48/><D102/><U89/><E129/><V11/><F134/><W1/><G130/><T58/><D3/><U68/><E68/><V104/><F104/><W45/><G7/><T5/><D2/><U105/><E18/><V55/><F65/><N who="1" m="24585" /><E87/><N who="2" m="52639" /><F41/><W64/><G1/><T122/><D122/><U29/><E29/><V12/><F36/><W111/><G84/><T63/><D5/><U119/><E119/><V118/><F55/><W127/><G111/><T74/><D39/><U56/><E56/><V100/><F118/><W69/><G50/><T81/><D74/><U46/><E46/><V108/><F108/><W98/><REACH who="3" step="1"/><G127/><REACH who="3" ten="230,251,281,228" step="2"/><T113/><D113/><U80/><E80/><V133/><F85/><W61/><G61/><T76/><D76/><U32/><E77/><V38/><F38/><W126/><G126/><T92/><D48/><U51/><E51/><V26/><F133/><W123/><G123/><T17/><D40/><U14/><E78/><V124/><F124/><W57/><G57/><T34/><D42/><U13/><E82/><V8/><F90/><W60/><G60/><T93/><D91/><U103/><E86/><V25/><F100/><W0/><G0/><T59/><D59/><U135/><E135/><V132/><F132/><W4/><G4/><T52/><D53/><U101/><E101/><V16/><AGARI ba="0,1" hai="8,10,11,12,16,21,22,24,25,26,30" m="52639" machi="16" ten="30,7900,0" yaku="8,1,52,1,54,2" doraHai="9" who="2" fromWho="2" sc="230,-39,251,-20,281,89,228,-20" owari="191,-31.0,231,3.0,370,47.0,208,-19.0" /></mjloggm>