<mjloggm ver="2.3"><GO type="169" lobby="0"/><UN n0="%E3%83%88%E3%83%88%E3%83%AA%E5%85%88%E7%94%9F%31%39%E6%AD%B3" n1="%47%E9%9B%80" n2="%E4%B8%80%E6%9C%AC%E5%A0%B4" n3="%E3%83%92%E3%81%A8%E3%82%B7" dan="18,16,16,17" rate="2200.90,2221.54,2074.59,2124.37" sx="F,M,M,M"/><TAIKYOKU oya="0"/><INIT seed="0,0,0,2,2,20" ten="250,250,250,250" oya="0" hai0="41,105,49,57,96,120,108,100,52,119,22,8,11" hai1="44,129,67,72,47,92,104,131,97,9,30,73,84" hai2="35,123,64,27,3,112,79,130,133,36,33,122,56" hai3="42,74,98,7,135,66,115,70,107,78,68,113,93"/><T62/><D119/><U37/><E67/><V69/><F69/><W94/><G7/><T0/><D120/><U106/><E9/><V53/><F112/><W87/><G42/><T134/><D134/><U102/><E37/><V48/><F36/><W80/><G66/><T88/><D108/><U43/><E43/><V76/><F3/><W60/><G60/><T25/><D0/><U4/><E4/><V45/><F130/><N who="1" m="49673" /><E44/><V23/><F35/><W40/><G40/><T82/><D41/><U17/><E47/><V81/><F33/><W111/><G111/><T126/><D126/><U127/><E127/><V59/><F79/><W50/><G50/><T65/><D82/><U83/><E17/><V121/><F64/><W13/><G135/><T2/><D88/><N who="1" m="51231" /><E30/><V118/><F118/><W86/><G13/><T128/><D2/><U39/><E39/><V85/><REACH who="2" step="1"/><F133/><REACH who="2" ten="250,250,240,250" step="2"/><W89/><G68/><T38/><D38/><U95/><E106/><V10/><F10/><W21/><G70/><T55/><D128/><U1/><E1/><V51/><F51/><W61/><G107/><T58/><REACH who="0" step="1"/><D65/><REACH who="0" ten="240,250,240,250" step="2"/><U12/><E12/><V103/><F103/><N who="3" m="60879" /><G115/><T46/><D46/><U29/><E102/><V109/><F109/><W54/><G113/><T117/><D117/><U14/><E14/><V16/><AGARI ba="0,2" hai="16,23,27,45,48,53,56,59,76,81,85,121,122,123" machi="16" ten="30,7900,0" yaku="1,1,0,1,52,1,54,1,53,0" doraHai="20" doraHaiUra="28" who="2" fromWho="2" sc="240,-39,250,-20,240,99,250,-20" /><INIT seed="1,0,0,3,4,53" ten="201,230,339,230" oya="1" hai0="119,103,11,17,52,96,105,56,114,37,38,104,47" hai1="34,110,7,30,64,80,135,23,118,120,43,125,41" hai2="88,48,94,90,92,13,123,42,75,63,9,45,14" hai3="133,33,21,73,83,4,20,113,111,97,65,112,71"/><U57/><E34/><V77/><F123/><W35/><G111/><T121/><D121/><U130/><E120/><V102/><F102/><W81/><G4/><T93/><D114/><U26/><E118/><V58/><F77/><W8/><G8/><T18/><D119/><U27/><E7/><V55/><F75/><W116/><G116/><T28/><D28/><U44/><E125/><V101/><F101/><W12/><G12/><T19/><D11/><U66/><E135/><V129/><F129/><W59/><G71/><T122/><D122/><U124/><E124/><V72/><F72/><W24/><G97/><T86/><D47/><U85/><E130/><V68/><F68/><W39/><G39/><T98/><D86/><U2/><E2/><V84/><F9/><W126/><G126/><T82/><D82/><U91/><E110/><V60/><F60/><W74/><G65/><T51/><REACH who="0" step="1"/><D98/><AGARI ba="0,0" hai="13,14,42,45,48,55,58,63,84,88,90,92,94,98" machi="98" ten="30,7700,0" yaku="7,1,8,1,52,1,54,1" doraHai="53" who="2" fromWho="0" sc="201,-77,230,0,339,77,230,0" /><INIT seed="2,0,0,5,4,26" ten="124,230,416,230" oya="2" hai0="73,30,10,47,120,36,90,19,71,75,135,8,13" hai1="69,121,59,45,133,6,93,39,34,125,11,108,87" hai2="86,77,99,51,17,1,101,105,103,40,107,92,113" hai3="37,48,44,94,0,119,83,38,2,3,46,114,22"/><V12/><F1/><W122/><G119/><T4/><D120/><U89/><E69/><V124/><F113/><W55/><G122/><T28/><D71/><U58/><E121/><V106/><F124/><W21/><G114/><T31/><D135/><U66/><E133/><V78/><F103/><W130/><G130/><T24/><D90/><U61/><E34/><V25/><F86/><W35/><G35/><T128/><D128/><U15/><E125/><V32/><F40/><W97/><G83/><T115/><D115/><U116/><E108/><V23/><F32/><W82/><G82/><T49/><D36/><U91/><E58/><V63/><F51/><W112/><G112/><T56/><D56/><U62/><E62/><V129/><F129/><W67/><G67/><T57/><D57/><U132/><E132/><V84/><F84/><W65/><G65/><T14/><REACH who="0" step="1"/><D24/><REACH who="0" ten="114,230,416,230" step="2"/><U111/><E111/><V100/><F25/><W85/><G38/><T54/><AGARI ba="0,1" hai="4,8,10,13,14,19,28,30,31,47,49,54,73,75" machi="54" ten="30,12000,2" yaku="1,1,2,1,0,1,52,3,53,0" doraHai="26" doraHaiUra="53" who="0" fromWho="0" sc="114,130,230,-30,416,-60,230,-30" /><INIT seed="3,0,0,2,0,111" ten="244,200,356,200" oya="3" hai0="2,104,44,1,124,37,92,77,48,56,53,41,55" hai1="106,65,50,72,18,98,28,25,49,34,103,60,4" hai2="68,21,121,81,120,6,30,122,58,66,119,133,54" hai3="89,26,64,15,93,63,117,11,71,38,43,118,33"/><W76/><G76/><T42/><D104/><U13/><E4/><V91/><F119/><W16/><G43/><T67/><D124/><U5/><E5/><V78/><F133/><W47/><G47/><T0/><D42/><U129/><E72/><V90/><F6/><W70/><G70/><T40/><D40/><U39/><E39/><V88/><F68/><W108/><G38/><T27/><D77/><U14/><E129/><V134/><F134/><W101/><G101/><T80/><D80/><U84/><E84/><V107/><F66/><W97/><REACH who="3" step="1"/><G108/><REACH who="3" ten="244,200,356,190" step="2"/><T100/><D41/><U31/><E31/><AGARI ba="0,1" hai="11,15,16,26,31,33,63,64,71,89,93,97,117,118" machi="31" ten="40,12000,1" yaku="1,1,2,1,54,1,53,2" doraHai="111" doraHaiUra="115" who="3" fromWho="1" sc="244,0,200,-120,356,0,190,130" /><INIT seed="3,1,0,1,1,112" ten="244,80,356,320" oya="3" hai0="0,98,119,133,43,50,118,135,88,132,87,47,32" hai1="6,30,36,86,57,75,115,40,122,92,90,21,100" hai2="3,65,76,111,91,22,20,109,71,2,110,13,25" hai3="121,116,28,124,33,72,17,26,101,70,44,64,31"/><W1/><G121/><T123/><D123/><U80/><E115/><V52/><F76/><W129/><G72/><T103/><D0/><U67/><E122/><V8/><F65/><W39/><G1/><T41/><D41/><U131/><E131/><V55/><F71/><W54/><G129/><T15/><D15/><U117/><E6/><V19/><F22/><W94/><G124/><T107/><D32/><U5/><E5/><V9/><F9/><W7/><G7/><T79/><D79/><U10/><E10/><V130/><F130/><W11/><G31/><T102/><D102/><U51/><E36/><V127/><F127/><W96/><G116/><T58/><D58/><U105/><E105/><V46/><F91/><W82/><G82/><AGARI ba="1,0" hai="43,47,50,82,87,88,98,103,107,118,119,132,133,135" machi="82" ten="40,8000,1" yaku="20,1,52,2,54,1" doraHai="112" who="0" fromWho="3" sc="244,83,80,0,356,0,320,-83" /><INIT seed="4,0,0,0,3,54" ten="327,80,356,237" oya="0" hai0="101,55,63,112,105,88,85,17,25,74,33,5,70" hai1="26,62,38,21,0,72,3,10,125,40,61,13,29" hai2="27,53,12,115,39,20,123,37,122,52,100,64,117" hai3="7,131,103,129,95,86,87,109,23,130,57,108,48"/><T41/><D74/><U119/><E72/><V98/><F115/><W60/><G48/><T91/><D112/><U51/><E38/><V15/><F64/><W133/><G23/><N who="0" m="13551" /><D105/><U132/><E119/><V82/><F82/><W6/><G133/><T77/><D70/><U110/><E110/><N who="3" m="42602" /><G103/><T81/><D33/><U66/><E132/><V83/><F83/><W134/><G134/><T111/><D5/><N who="3" m="1545" /><G95/><T46/><D111/><U35/><E125/><V68/><F100/><W120/><G120/><T30/><D30/><U58/><E62/><V93/><F93/><W128/><G128/><T114/><D114/><U18/><REACH who="1" step="1"/><E35/><REACH who="1" ten="327,70,356,237" step="2"/><V16/><F39/><W107/><G107/><T59/><D101/><U14/><E14/><V135/><F37/><W24/><G24/><T49/><AGARI ba="0,1" hai="41,46,49,55,59,63,77,81,85,88,91" m="13551" machi="49" ten="30,6000,0" yaku="8,1,52,1,54,1" doraHai="54" who="0" fromWho="0" sc="327,70,70,-20,356,-20,237,-20" /><INIT seed="4,1,0,0,5,75" ten="397,50,336,217" oya="0" hai0="17,112,47,72,66,104,74,68,31,57,51,60,6" hai1="124,65,9,44,78,49,32,20,37,23,83,119,105" hai2="5,45,76,55,70,53,12,94,132,107,79,130,59" hai3="25,120,122,0,18,89,69,114,64,127,4,13,71"/><T125/><D104/><U129/><E32/><V96/><F107/><W103/><G114/><T15/><D112/><U38/><E105/><V116/><F70/><W110/><G110/><T134/><D134/><U11/><E119/><V16/><F130/><W106/><G127/><T24/><D125/><U101/><E101/><V67/><F5/><W2/><G25/><T113/><D6/><U93/><E124/><V39/><F132/><W85/><G103/><T30/><D68/><U14/><E65/><V126/><F126/><W56/><G106/><T22/><D113/><U131/><E93/><V117/><F117/><W1/><G4/><T35/><REACH who="0" step="1"/><D30/><REACH who="0" ten="387,50,336,217" step="2"/><U73/><E129/><V33/><F116/><W46/><G69/><T61/><D61/><U128/><E128/><V97/><F33/><W118/><G71/><T77/><D77/><N who="2" m="29770" /><F39/><W80/><G118/><T90/><D90/><U92/><E131/><V50/><F94/><W28/><G89/><T10/><D10/><U63/><E9/><N who="2" m="6159" /><F67/><W42/><G64/><T40/><AGARI ba="1,1" hai="15,17,22,24,31,35,40,47,51,57,60,66,72,74" machi="40" ten="20,3900,0" yaku="1,1,0,1,7,1,53,0" doraHai="75" doraHaiUra="98" who="0" fromWho="0" sc="387,52,50,-14,336,-14,217,-14" /><INIT seed="4,2,0,1,5,132" ten="439,36,322,203" oya="0" hai0="114,97,23,58,12,79,111,69,37,62,95,101,133" hai1="36,74,72,0,56,85,2,20,122,125,68,94,66" hai2="82,124,128,131,93,45,118,33,64,55,39,120,61" hai3="16,11,44,105,108,76,1,104,29,113,70,10,21"/><T27/><D37/><U86/><E36/><V18/><F33/><W41/><G108/><T5/><D69/><U46/><E68/><V40/><F120/><W42/><G70/><T26/><D133/><U8/><E122/><V78/><F93/><W106/><G113/><T28/><D114/><U96/><E46/><V100/><F100/><W63/><G29/><T48/><D111/><U121/><E121/><V92/><F92/><W31/><G31/><T127/><D27/><U129/><E129/><N who="2" m="49739" /><F55/><W126/><G1/><T30/><D30/><U103/><E8/><V112/><F18/><W57/><G76/><T115/><D79/><U75/><E20/><V123/><F123/><W32/><G32/><T19/><D48/><U54/><E66/><V17/><F17/><W52/><G126/><T60/><D127/><U102/><E125/><V35/><F35/><W84/><G84/><T81/><D115/><U24/><E24/><V51/><F112/><W99/><G99/><T47/><D97/><U13/><E13/><V88/><F118/><W119/><G119/><T71/><D12/><U117/><E103/><V67/><F67/><W15/><REACH who="3" step="1"/><G42/><REACH who="3" ten="439,36,322,193" step="2"/><T98/><D28/><U80/><E117/><V135/><F78/><W50/><AGARI ba="2,1" hai="10,11,15,16,21,41,44,50,52,57,63,104,105,106" machi="50" ten="30,12000,2" yaku="1,1,2,1,0,1,54,2,53,2" doraHai="132" doraHaiUra="7" who="3" fromWho="3" sc="439,-62,36,-32,322,-32,193,136" /><INIT seed="5,0,0,2,0,60" ten="377,4,290,329" oya="1" hai0="95,58,130,45,86,110,84,28,119,125,114,101,129" hai1="90,126,31,7,97,93,88,0,54,24,123,10,11" hai2="38,32,132,72,128,111,79,35,13,109,36,133,118" hai3="41,17,42,94,83,12,22,50,103,1,69,6,131"/><U63/><E123/><V48/><F48/><W76/><G131/><N who="0" m="50187" /><D110/><N who="2" m="41994" /><F128/><W40/><G69/><T66/><D114/><U52/><E126/><V91/><F91/><W75/><G1/><T14/><D119/><U117/><E117/><V70/><F13/><W61/><G61/><N who="0" m="38199" /><D125/><U3/><E90/><V77/><F72/><W135/><G135/><N who="2" m="51785" /><F70/><W134/><G134/><T5/><D28/><U59/><E11/><V56/><F56/><W21/><G6/><T71/><D71/><U112/><E112/><V74/><F74/><W87/><G75/><T116/><D116/><U4/><E4/><V78/><F118/><W18/><G50/><T108/><D108/><U51/><E0/><V82/><F82/><W67/><G103/><T122/><D122/><U62/><E54/><V16/><F16/><W73/><G18/><T98/><D45/><U68/><E68/><V106/><F106/><W39/><G17/><T34/><D14/><U65/><E65/><V113/><F113/><W15/><G67/><T92/><D5/><U105/><E105/><V107/><F107/><W81/><G39/><AGARI ba="0,0" hai="32,35,36,38,39,77,78,79" m="51785,41994" machi="39" ten="40,5200,0" yaku="28,2,20,1" doraHai="60" who="2" fromWho="3" sc="377,0,4,0,290,52,329,-52" /><INIT seed="6,0,0,5,5,123" ten="377,4,342,277" oya="2" hai0="18,14,49,95,71,51,58,101,118,0,92,104,79" hai1="3,30,90,129,132,122,6,44,20,112,10,42,109" hai2="9,125,121,2,60,108,12,29,66,93,72,1,61" hai3="63,4,28,81,113,11,134,40,85,98,86,103,133"/><V84/><F121/><W116/><G116/><T32/><D71/><U69/><E90/><V91/><F72/><W22/><G40/><T82/><D0/><U56/><E56/><V115/><F115/><W52/><G113/><T24/><D118/><U127/><E44/><V43/><F125/><W25/><G63/><T19/><D104/><U55/><E55/><V17/><F43/><W130/><G130/><T13/><D32/><U50/><E20/><V80/><F29/><W59/><G134/><T119/><D119/><U8/><E30/><V39/><F39/><W117/><G133/><T102/><D24/><U97/><E50/><V35/><F108/><W73/><G117/><T100/><D82/><U83/><E83/><V37/><F37/><W87/><G73/><T70/><D79/><U124/><E132/><V41/><F41/><W78/><G52/><N who="0" m="32015" /><D51/><U23/><E42/><V27/><F35/><W111/><G59/><T128/><D128/><U54/><E54/><V16/><F61/><W114/><G114/><T77/><D77/><U105/><E112/><V34/><F34/><W15/><G111/><T31/><D31/><U67/><E109/><V65/><F65/><W48/><G48/><T75/><D70/><U7/><E23/><N who="2" m="13807" /><F2/><W62/><G62/><T46/><D46/><U68/><E122/><V135/><F1/><W131/><G131/><T88/><D75/><U21/><E21/><V5/><F135/><W26/><G26/><T94/><D88/><U33/><E129/><V96/><F60/><W74/><G74/><T53/><D53/><U99/><E68/><RYUUKYOKU ba="0,0" sc="377,15,4,-15,342,-15,277,15" hai0="13,14,18,19,92,94,95,100,101,102" hai3="4,11,15,22,25,28,78,81,85,86,87,98,103" owari="392,49.0,-11,-51.0,327,13.0,292,-11.0" /></mjloggm>