<mjloggm ver="2.3"><GO type="169" lobby="0"/><UN n0="%E3%81%91%E3%82%93%31%39%37%30" n1="%E5%B0%B1%E6%B4%BB%E7%94%9F%40%E5%B7%9D%E6%9D%91%E8%BB%8D%E5%9B%A3" n2="%E7%94%9F%E8%82%89%E3%81%A7%E3%81%99%E3%82%88" n3="%E3%82%B7%E3%83%A3%E3%82%AD%E3%82%AA%E3%83%8B" dan="16,17,17,16" rate="2154.49,2194.45,2165.47,2093.51" sx="M,M,M,M"/><TAIKYOKU oya="0"/><INIT seed="0,0,0,2,1,17" ten="250,250,250,250" oya="0" hai0="129,96,20,128,69,133,58,47,84,85,88,79,114" hai1="23,122,103,75,42,57,5,9,95,2,49,77,110" hai2="78,39,1,76,29,44,90,60,117,7,123,118,70" hai3="101,99,6,127,62,68,104,72,87,64,94,48,106"/><T86/><D69/><U18/><E122/><V105/><F105/><W126/><G72/><T15/><D114/><U113/><E110/><V16/><F123/><W3/><G48/><T28/><D133/><U125/><E113/><V74/><F90/><W0/><G87/><T41/><D79/><U46/><E125/><N who="3" m="47626" /><G6/><T40/><D58/><U24/><E57/><V80/><F76/><W26/><G26/><N who="0" m="16455" /><D15/><U61/><E61/><V132/><F132/><W11/><G11/><T8/><D8/><U22/><E22/><V107/><F107/><AGARI ba="0,0" hai="0,3,62,64,68,94,99,101,104,106,107" m="47626" machi="107" ten="30,1000,0" yaku="18,1" doraHai="17" who="3" fromWho="2" sc="250,0,250,0,250,-10,250,10" /><INIT seed="1,0,0,1,1,64" ten="250,250,240,260" oya="1" hai0="8,89,112,82,99,60,121,83,25,0,7,120,44" hai1="49,109,107,117,129,108,30,11,97,23,69,52,22" hai2="71,24,17,118,115,56,84,63,31,132,50,116,86" hai3="125,104,131,6,101,28,47,128,110,91,80,85,26"/><U119/><E129/><N who="3" m="49738" /><G110/><N who="1" m="42602" /><E11/><V36/><F36/><W68/><G68/><T72/><D112/><U10/><E10/><V66/><F115/><W39/><G6/><T122/><D72/><U42/><E42/><V92/><F132/><W87/><G104/><T78/><D78/><U13/><E69/><V100/><F17/><W124/><G101/><T90/><D25/><N who="1" m="16695" /><E13/><V41/><F100/><W65/><G65/><T95/><D44/><N who="1" m="27687" /><E23/><V133/><F133/><W75/><G75/><T126/><D126/><U106/><E97/><V2/><F2/><W59/><G59/><T18/><D18/><U14/><E14/><V105/><F41/><N who="3" m="22975" /><G87/><T67/><D90/><U102/><E102/><V111/><F111/><W93/><G124/><T73/><D73/><U15/><E15/><V19/><F71/><AGARI ba="0,0" hai="0,7,8,60,67,71,82,83,89,95,99,120,121,122" machi="71" ten="40,2600,0" yaku="13,1,52,1" doraHai="64" who="0" fromWho="2" sc="250,26,250,0,240,-26,260,0" /><INIT seed="2,0,0,0,4,123" ten="276,250,214,260" oya="2" hai0="119,60,126,98,85,97,0,109,62,49,29,114,104" hai1="92,94,38,99,88,95,17,37,83,7,120,19,66" hai2="34,10,28,6,131,116,128,41,46,117,91,57,89" hai3="53,79,56,2,84,18,125,50,72,43,52,69,70"/><V47/><F34/><W40/><G72/><T93/><D114/><U133/><E120/><V5/><F28/><W107/><G107/><T26/><D0/><U86/><E133/><V44/><F41/><N who="3" m="15947" /><G2/><T106/><D126/><U100/><E7/><N who="2" m="2571" /><F57/><N who="3" m="32919" /><G18/><T27/><D85/><U64/><E38/><V73/><F10/><W75/><G84/><T32/><D119/><N who="2" m="45642" /><F73/><W77/><G77/><T14/><D14/><U71/><E37/><V108/><F108/><W121/><G79/><T110/><D49/><U63/><REACH who="1" step="1"/><E66/><REACH who="1" ten="276,240,214,260" step="2"/><V67/><F67/><W132/><G121/><T30/><D93/><AGARI ba="0,1" hai="17,19,63,64,71,83,86,88,92,93,94,95,99,100" machi="93" ten="40,5200,0" yaku="1,1,2,1,54,1,53,0" doraHai="123" doraHaiUra="55" who="1" fromWho="0" sc="276,-52,240,62,214,0,260,0" /><INIT seed="3,0,0,1,0,135" ten="224,302,214,260" oya="3" hai0="60,132,102,21,88,134,42,90,99,81,61,96,127" hai1="39,119,73,34,14,106,130,100,66,22,32,78,123" hai2="103,71,111,80,43,38,47,65,101,117,16,33,4" hai3="94,87,118,62,92,55,89,107,36,131,108,64,25"/><W44/><G118/><T75/><D42/><U70/><E39/><V93/><F117/><W50/><G107/><T29/><D29/><U76/><E22/><V98/><F111/><W1/><G1/><T120/><D21/><U19/><E14/><V7/><F103/><W52/><G108/><T28/><D28/><U105/><E19/><V69/><F33/><W72/><G72/><T26/><D26/><U86/><E66/><V128/><F128/><W54/><G131/><T57/><D57/><U63/><E63/><V109/><F109/><W129/><G129/><T9/><D9/><U11/><E11/><V30/><F30/><W97/><G36/><T126/><D81/><U79/><E130/><V82/><F16/><W115/><G115/><T58/><D58/><U2/><E2/><V114/><F114/><W0/><G0/><T13/><D13/><U20/><E20/><V18/><F18/><W15/><G15/><T59/><D59/><U104/><E70/><V125/><F71/><W45/><G45/><T48/><D48/><U8/><E8/><V31/><F31/><W5/><G5/><T133/><D133/><U121/><E119/><V122/><F122/><N who="1" m="46601" /><E100/><V27/><F27/><W17/><G17/><T12/><D12/><U74/><E86/><V41/><F69/><W77/><G25/><T35/><D120/><U6/><E6/><N who="2" m="2091" /><F65/><W37/><G37/><T83/><D102/><U24/><E24/><V85/><F43/><N who="3" m="24863" /><G64/><T40/><D35/><AGARI ba="0,0" hai="32,34,35,73,74,76,78,79,104,105,106" m="46601" machi="35" ten="40,2600,0" yaku="28,2" doraHai="135" who="1" fromWho="0" sc="224,-26,302,26,214,0,260,0" /><INIT seed="4,0,0,2,5,3" ten="198,328,214,260" oya="0" hai0="74,65,93,81,123,8,54,80,102,61,72,19,27" hai1="36,86,127,43,31,107,94,52,5,15,135,57,47" hai2="134,6,37,105,7,131,114,55,112,17,53,83,21" hai3="67,71,44,18,106,56,95,124,108,128,109,64,28"/><T49/><D123/><U24/><E107/><V32/><F32/><W79/><G106/><T99/><D74/><U82/><E135/><V63/><F105/><W14/><G28/><T104/><D72/><U39/><E127/><V29/><F29/><W87/><G124/><T69/><D93/><U46/><E94/><V70/><F134/><W97/><G128/><T110/><D110/><U60/><E46/><V41/><F131/><W121/><G121/><T23/><REACH who="0" step="1"/><D8/><REACH who="0" ten="188,328,214,260" step="2"/><N who="1" m="4495" /><E39/><V132/><F132/><W51/><G95/><T66/><D66/><U59/><E36/><V103/><F103/><W98/><G67/><T85/><D85/><U68/><E86/><V1/><F37/><W96/><G87/><T25/><D25/><U117/><E117/><V88/><F112/><W115/><G115/><T133/><D133/><U126/><E126/><V62/><F114/><W42/><G64/><T10/><D10/><U92/><E92/><V118/><F118/><W100/><G108/><T111/><D111/><U75/><E75/><V13/><F70/><W101/><G109/><T84/><D84/><U120/><E120/><V2/><F2/><W113/><G113/><T9/><D9/><U45/><E82/><V16/><F1/><W119/><G119/><T35/><D35/><U73/><E73/><V0/><F0/><W122/><G122/><T116/><D116/><U50/><E68/><V130/><F130/><W78/><G71/><T11/><D11/><U12/><E12/><V40/><F83/><W91/><G14/><T58/><AGARI ba="0,1" hai="19,23,27,49,54,58,61,65,69,80,81,99,102,104" machi="58" ten="20,3900,0" yaku="1,1,0,1,7,1,53,0" doraHai="3" doraHaiUra="38" who="0" fromWho="0" sc="188,49,328,-13,214,-13,260,-13" /><INIT seed="4,1,0,3,1,58" ten="237,315,201,247" oya="0" hai0="116,98,120,64,82,88,32,107,78,114,130,67,79" hai1="61,66,95,56,80,73,129,117,37,38,94,81,102" hai2="76,49,69,10,5,124,62,18,105,115,28,83,50" hai3="34,17,48,53,86,109,55,135,45,97,84,100,123"/><T2/><D116/><U91/><E117/><V68/><F115/><W42/><G109/><T132/><D120/><U65/><E129/><V27/><F105/><W33/><G135/><T112/><D2/><U51/><E73/><V26/><F124/><W46/><G123/><T25/><D132/><U90/><E51/><V133/><F133/><W1/><G1/><T85/><D130/><U44/><E102/><V15/><F68/><W127/><G127/><T23/><D32/><U6/><E6/><V11/><F50/><W103/><G48/><T106/><D106/><U113/><E113/><N who="0" m="43625" /><D107/><U59/><REACH who="1" step="1"/><E44/><REACH who="1" ten="237,305,201,247" step="2"/><V134/><F49/><W119/><G119/><T54/><D79/><U71/><E71/><V13/><F134/><W110/><G110/><T19/><D54/><U0/><E0/><V125/><F125/><W128/><G128/><T12/><D12/><U21/><E21/><V36/><F36/><W72/><G55/><T89/><D78/><U99/><E99/><V35/><F27/><W104/><G53/><T30/><D30/><U63/><AGARI ba="1,1" hai="37,38,56,59,61,63,65,66,80,81,90,91,94,95" machi="63" ten="25,16000,3" yaku="1,1,0,1,22,2,52,2,53,2" doraHai="58" doraHaiUra="87" who="1" fromWho="1" sc="237,-81,305,173,201,-41,247,-41" /><INIT seed="5,0,0,2,1,48" ten="156,478,160,206" oya="1" hai0="126,86,14,24,116,34,30,95,96,104,99,49,102" hai1="46,41,32,76,66,77,59,119,106,109,45,9,97" hai2="79,12,53,98,3,33,129,35,134,78,37,120,54" hai3="60,52,131,118,61,26,130,127,27,21,73,36,121"/><U18/><E119/><V15/><F120/><W55/><G121/><T25/><D126/><U111/><E32/><V4/><F4/><W17/><G36/><T51/><D116/><U62/><E106/><V50/><F50/><W135/><G73/><T56/><D86/><U105/><E105/><V125/><F125/><W72/><G72/><T113/><D113/><U85/><E97/><V80/><F80/><W7/><G127/><T23/><D14/><U2/><E2/><V122/><F122/><W40/><G40/><T112/><D112/><U57/><E85/><V107/><F107/><W70/><G118/><T108/><D108/><U100/><E100/><V11/><F98/><W43/><G43/><T68/><D68/><U63/><E9/><V124/><F124/><W132/><G7/><T81/><D81/><U123/><E18/><V65/><F11/><W31/><G70/><T83/><D83/><U16/><E16/><V71/><F71/><W75/><G75/><T67/><D34/><U47/><E123/><V22/><F22/><N who="3" m="13647" /><G60/><N who="0" m="38279" /><D25/><U44/><E77/><V88/><F37/><W114/><G61/><T115/><D115/><U89/><E89/><V64/><F3/><W87/><G87/><T28/><D28/><U69/><E76/><V94/><F88/><W20/><G20/><T110/><D110/><N who="1" m="41995" /><E63/><V8/><F8/><W39/><G114/><T74/><D74/><U93/><E93/><V117/><F94/><W84/><G84/><T58/><D104/><U92/><E92/><V101/><F117/><W133/><G39/><AGARI ba="0,0" hai="39,41,44,45,46,47,57,59,62,66,69" m="41995" machi="39" ten="30,5800,0" yaku="10,1,34,2" doraHai="48" who="1" fromWho="3" sc="156,0,478,58,160,0,206,-58" /><INIT seed="5,1,0,2,1,46" ten="156,536,160,148" oya="1" hai0="62,23,34,129,125,17,89,25,115,28,31,73,64" hai1="51,37,103,33,9,110,109,117,120,6,35,88,69" hai2="58,80,100,91,72,47,77,98,75,12,108,94,119" hai3="83,116,49,134,78,71,8,30,41,10,133,93,99"/><U11/><E117/><V124/><F108/><N who="1" m="41577" /><E120/><V92/><F119/><W97/><G71/><T84/><D73/><U19/><E37/><V132/><F124/><W36/><G36/><T67/><D125/><U85/><E103/><V26/><F132/><N who="3" m="50795" /><G30/><T22/><D115/><U63/><E19/><V39/><F39/><W54/><G41/><T15/><D129/><U82/><E9/><N who="3" m="3690" /><G93/><T90/><D90/><U128/><E128/><V96/><F47/><N who="3" m="27967" /><G116/><T7/><D7/><U101/><E101/><V59/><F75/><AGARI ba="1,0" hai="75,78,83,97,99" m="27967,3690,50795" machi="75" ten="30,2000,0" yaku="20,1,52,1" doraHai="46" who="3" fromWho="2" sc="156,0,536,0,160,-23,148,23" /><INIT seed="6,0,0,1,2,60" ten="156,536,137,171" oya="2" hai0="76,27,65,8,32,14,87,101,111,23,59,84,50" hai1="34,70,2,19,40,22,41,38,46,121,1,35,21" hai2="77,118,29,99,4,64,131,33,56,3,80,67,83" hai3="0,98,92,44,12,95,116,68,86,105,114,37,82"/><V24/><F118/><W49/><G116/><T89/><D111/><U62/><E121/><V31/><F131/><W94/><G0/><T73/><D32/><U106/><E106/><V53/><F31/><W58/><G68/><T30/><D73/><U130/><E130/><V15/><F3/><W133/><G37/><T69/><D69/><U74/><E74/><V52/><F53/><N who="3" m="29863" /><G105/><T7/><D101/><U10/><E41/><V20/><F99/><W129/><G114/><T51/><D76/><U28/><E28/><V25/><F25/><W61/><G12/><T66/><D87/><U119/><E119/><V108/><F108/><W90/><G133/><T125/><D125/><U26/><E21/><V112/><F112/><W75/><G75/><T85/><D85/><U55/><E2/><V78/><F33/><W81/><G81/><N who="2" m="31305" /><F15/><W97/><G129/><T134/><D134/><U113/><E113/><V104/><F104/><W11/><G11/><T36/><D36/><U123/><E123/><V39/><F39/><W88/><G97/><T120/><D120/><U132/><E132/><V102/><F102/><W42/><G42/><T128/><D128/><U16/><E1/><V63/><F4/><W110/><G110/><T54/><D51/><U72/><E72/><V79/><AGARI ba="0,0" hai="20,24,29,52,56,63,64,67,77,78,79" m="31305" machi="79" ten="30,11700,0" yaku="8,1,52,2,54,1" doraHai="60" who="2" fromWho="2" sc="156,-39,536,-39,137,117,171,-39" /><INIT seed="6,1,0,4,0,21" ten="117,497,254,132" oya="2" hai0="36,57,51,47,10,95,69,64,88,125,74,82,84" hai1="14,78,67,126,32,53,83,45,30,70,80,79,68" hai2="96,85,121,116,25,101,99,92,128,133,49,5,73" hai3="28,60,44,6,12,113,102,8,18,27,115,40,124"/><V24/><F73/><W98/><G60/><T65/><D125/><U52/><E126/><V39/><F39/><W87/><G87/><T26/><D69/><U31/><E14/><V33/><F33/><W104/><G124/><T100/><D36/><U106/><E45/><V58/><F116/><W16/><G44/><T7/><D57/><U50/><E50/><V55/><F121/><W131/><G40/><T54/><D26/><N who="2" m="10346" /><F133/><W91/><G91/><T37/><D37/><U72/><E106/><V29/><F128/><W103/><G103/><T3/><REACH who="0" step="1"/><D100/><REACH who="0" ten="107,497,254,132" step="2"/><U120/><E120/><V63/><F101/><W118/><G131/><T117/><D117/><U110/><E110/><V135/><F135/><W1/><G118/><T9/><D9/><U108/><E108/><V134/><F134/><W105/><G105/><T86/><D86/><U71/><E32/><V62/><F29/><W35/><REACH who="3" step="1"/><G18/><REACH who="3" ten="107,497,254,122" step="2"/><T89/><D89/><U15/><E72/><V13/><F85/><W127/><G127/><T93/><D93/><U17/><E31/><V81/><F81/><W56/><G56/><T94/><D94/><U111/><E30/><V2/><F92/><W77/><G77/><AGARI ba="1,2" hai="3,7,10,47,51,54,64,65,74,77,82,84,88,95" machi="77" ten="40,5200,0" yaku="1,1,54,1,53,1" doraHai="21" doraHaiUra="75" who="0" fromWho="3" sc="107,75,497,0,254,0,122,-55" /><INIT seed="7,0,0,1,1,46" ten="182,497,254,67" oya="3" hai0="1,35,20,19,32,3,60,83,112,131,47,125,17" hai1="94,92,8,59,0,115,70,118,28,132,48,43,5" hai2="128,15,73,39,7,84,13,74,100,40,80,64,75" hai3="99,77,120,78,69,61,10,30,98,108,36,29,88"/><W95/><G36/><T103/><D103/><U113/><E70/><V133/><F39/><W23/><G120/><T96/><D96/><U2/><E2/><V25/><F40/><W109/><G99/><T6/><D83/><U45/><E132/><V31/><F100/><W111/><G10/><T119/><D60/><U135/><E135/><V106/><F106/><W51/><G69/><T52/><D119/><U56/><E118/><V102/><F102/><W121/><G61/><T116/><D116/><U44/><E28/><N who="3" m="10858" /><G121/><T82/><D82/><U107/><E45/><V123/><F123/><W49/><G23/><T134/><D134/><U9/><E9/><V79/><F133/><W71/><G71/><T50/><D32/><U34/><E34/><V91/><F7/><W110/><N who="3" m="27648" /><DORA hai="81" /><W87/><G87/><T97/><D35/><U63/><E107/><V53/><F74/><W4/><G4/><T105/><D6/><U90/><E63/><V26/><F73/><W66/><G66/><T117/><D20/><U86/><E94/><V12/><F64/><W14/><G14/><T11/><D11/><U89/><E8/><V72/><F72/><W127/><G127/><T21/><D125/><U41/><E5/><V68/><F68/><W126/><G126/><T57/><D21/><U122/><E122/><V42/><F75/><W114/><G114/><T18/><D112/><U27/><E0/><V58/><F84/><W76/><AGARI ba="0,0" hai="49,51,76,77,78,88,95,98" m="27648,10858" machi="76" ten="60,12000,1" yaku="10,1,52,2,54,1" doraHai="46,81" who="3" fromWho="3" sc="182,-40,497,-40,254,-40,67,120" /><INIT seed="7,1,0,3,1,127" ten="142,457,214,187" oya="3" hai0="99,35,31,47,60,102,128,18,80,75,14,104,73" hai1="131,129,36,33,95,93,91,84,4,135,82,26,45" hai2="49,116,101,17,3,6,7,130,68,122,2,50,114" hai3="52,69,111,125,105,40,121,133,62,54,0,28,110"/><W53/><G121/><T20/><D47/><U29/><E135/><V85/><F68/><W42/><G0/><T78/><D75/><U120/><E120/><V115/><F116/><W106/><G133/><T90/><D60/><U10/><E36/><V13/><F122/><W70/><G28/><T65/><D65/><U43/><E43/><N who="3" m="16426" /><G62/><T87/><D31/><U39/><E45/><V21/><F130/><N who="1" m="49673" /><E39/><V56/><F3/><AGARI ba="1,0" hai="3,4,10,26,29,33,82,84,91,93,95" m="49673" machi="3" ten="30,7700,0" yaku="19,1,52,3" doraHai="127" who="1" fromWho="2" sc="142,0,457,80,214,-80,187,0" owari="142,-26.0,537,64.0,134,-37.0,187,-1.0" /></mjloggm>