<mjloggm ver="2.3"><GO type="169" lobby="0"/><UN n0="%E3%81%AF%E3%81%92%E3%81%A1%E3%82%87%E3%81%8F" n1="%E3%81%8D%E3%82%83%E3%81%97%E3%82%83%E3%83%BC%E3%81%AE%EF%BC%81" n2="%E5%B0%B1%E6%B4%BB%E7%94%9F%40%E5%B7%9D%E6%9D%91%E8%BB%8D%E5%9B%A3" n3="%EF%BC%8A%E7%B4%97%E5%BC%A5%E8%8F%AF%EF%BC%8A" dan="17,17,17,16" rate="2207.14,2215.50,2218.65,2112.46" sx="M,M,M,F"/><TAIKYOKU oya="0"/><INIT seed="0,0,0,4,1,23" ten="250,250,250,250" oya="0" hai0="119,63,39,44,110,114,105,46,31,34,1,51,41" hai1="57,97,16,88,78,102,11,128,91,116,89,117,58" hai2="90,53,75,61,98,101,127,71,134,83,80,81,21" hai3="85,112,99,70,2,45,69,64,65,111,0,126,95"/><T43/><D105/><U62/><E78/><V35/><F35/><W55/><G112/><T4/><D114/><U86/><E128/><V22/><F134/><W59/><G111/><T9/><D119/><U47/><E47/><V56/><F127/><W60/><G126/><T20/><D110/><U108/><E108/><V109/><F109/><W76/><G45/><T26/><D63/><U125/><E125/><V131/><F131/><W25/><G25/><T29/><REACH who="0" step="1"/><D34/><REACH who="0" ten="240,250,250,250" step="2"/><U15/><E116/><V79/><F71/><W133/><G70/><T50/><D50/><U68/><E117/><V8/><F75/><W13/><G69/><T66/><D66/><U113/><E113/><V6/><F79/><W24/><G76/><T120/><D120/><U121/><E121/><V7/><F61/><W33/><G65/><T14/><D14/><U130/><E130/><V94/><F53/><W52/><G64/><T48/><D48/><U28/><E68/><V3/><F56/><W135/><G55/><T72/><D72/><U74/><E74/><V17/><F3/><W30/><G13/><T106/><D106/><U132/><E58/><V84/><F6/><W32/><G32/><T18/><AGARI ba="0,1" hai="1,4,9,18,20,26,29,31,39,41,43,44,46,51" machi="18" ten="20,12000,1" yaku="1,1,0,1,7,1,52,1,53,1" doraHai="23" doraHaiUra="5" who="0" fromWho="0" sc="240,130,250,-40,250,-40,250,-40" /><INIT seed="0,1,0,2,2,77" ten="370,210,210,210" oya="0" hai0="61,79,20,130,98,74,53,83,112,42,1,129,45" hai1="82,29,28,92,10,35,121,46,18,78,81,88,52" hai2="44,122,102,135,40,105,115,49,133,12,120,60,94" hai3="62,68,124,90,72,27,64,80,22,107,30,103,39"/><T126/><D112/><U43/><E121/><N who="2" m="46699" /><F105/><W104/><G39/><T125/><D1/><U134/><E134/><N who="2" m="51211" /><F12/><W123/><G123/><T117/><D117/><U71/><E71/><V119/><F102/><W24/><G124/><N who="0" m="47723" /><D20/><U8/><E35/><V69/><F94/><W57/><G103/><T101/><D53/><U31/><E43/><V41/><F115/><W96/><G68/><T106/><D61/><U132/><E132/><V15/><F15/><W54/><G64/><T59/><D59/><U13/><E10/><V95/><F95/><W37/><G37/><AGARI ba="1,0" hai="37,42,45,74,79,83,98,101,106,129,130" m="47723" machi="37" ten="30,5800,0" yaku="18,1,23,1,52,1" doraHai="77" who="0" fromWho="3" sc="370,61,210,0,210,0,210,-61" /><INIT seed="0,2,0,0,0,69" ten="431,210,210,149" oya="0" hai0="48,79,117,88,111,38,15,21,89,108,20,55,97" hai1="24,95,41,22,78,17,126,128,25,120,33,59,35" hai2="0,105,94,119,68,113,86,34,62,80,10,65,91" hai3="130,44,121,31,127,30,5,36,103,42,118,98,32"/><T64/><D117/><U132/><E120/><V125/><F113/><W93/><G118/><T19/><D79/><U12/><E132/><V124/><F105/><W129/><G121/><T8/><D64/><U53/><E128/><N who="3" m="49258" /><G127/><T92/><D38/><U16/><E126/><N who="2" m="48747" /><F34/><W13/><G32/><T43/><D43/><U50/><E78/><V29/><F29/><N who="3" m="10763" /><G13/><T73/><D73/><U81/><E81/><V101/><F119/><W3/><G5/><T67/><D67/><U100/><E41/><V82/><F101/><W23/><G23/><T115/><D89/><U85/><E25/><V39/><F39/><W7/><G7/><AGARI ba="2,0" hai="0,7,10,62,65,68,80,82,86,91,94" m="48747" machi="7" ten="30,1000,0" yaku="18,1" doraHai="69" who="2" fromWho="3" sc="431,0,210,0,210,16,149,-16" /><INIT seed="1,0,0,0,1,40" ten="431,210,226,133" oya="1" hai0="70,19,133,1,84,130,102,28,93,109,92,42,29" hai1="132,46,107,24,62,82,91,88,101,13,11,54,79" hai2="26,25,65,75,22,47,5,20,17,27,120,12,83" hai3="87,61,16,50,71,10,63,18,124,128,113,77,94"/><U134/><E24/><V111/><F120/><W85/><G113/><T15/><D1/><U97/><E62/><N who="3" m="23562" /><G71/><T4/><D4/><U59/><E59/><V30/><F65/><W121/><G121/><T34/><D34/><U55/><E55/><V90/><F111/><W45/><G128/><T95/><D109/><U81/><E54/><V112/><F112/><W39/><G39/><T99/><D130/><U129/><E129/><V131/><F131/><W21/><G124/><T110/><D110/><U122/><E46/><V2/><F2/><W69/><G69/><T116/><D116/><U103/><E122/><V100/><F100/><W23/><G10/><T53/><D133/><N who="1" m="51307" /><E101/><V49/><F5/><W72/><G72/><T114/><D114/><U119/><E119/><V41/><F75/><W115/><G115/><T52/><D42/><U8/><E8/><V32/><F32/><W73/><G73/><T31/><D70/><U106/><E106/><V37/><F37/><W105/><G105/><T9/><D53/><U0/><E0/><V57/><F57/><W56/><G56/><T3/><D52/><U123/><E123/><V44/><F44/><W68/><G68/><T108/><D3/><U64/><E64/><V38/><F38/><W126/><G126/><T125/><D125/><U104/><E104/><V76/><F76/><W6/><G6/><T74/><D108/><U58/><E58/><V43/><F43/><N who="3" m="24895" /><G77/><T117/><D117/><U86/><E81/><V78/><F78/><W96/><G23/><T66/><D66/><U98/><E98/><V89/><F83/><RYUUKYOKU ba="0,0" sc="431,-15,210,15,226,15,133,-15" hai1="11,13,79,82,86,88,91,97,103,107" hai2="12,17,20,22,25,26,27,30,41,47,49,89,90" /><INIT seed="1,1,0,0,2,20" ten="416,225,241,118" oya="1" hai0="58,6,53,87,104,50,76,9,18,131,55,90,57" hai1="31,48,81,82,100,11,59,105,110,92,127,112,21" hai2="101,2,0,67,84,94,120,14,25,80,119,108,89" hai3="72,77,30,115,15,64,33,96,17,37,65,42,118"/><U69/><E69/><V129/><F119/><W12/><G118/><T117/><D104/><U97/><E112/><V109/><F120/><W85/><G72/><T78/><D18/><U75/><E127/><V86/><F129/><W40/><G96/><T102/><D102/><U19/><E110/><N who="2" m="42603" /><F67/><W71/><G115/><T47/><D131/><U16/><E105/><V123/><F123/><W66/><G71/><T91/><D91/><U60/><E48/><V83/><F14/><W13/><G17/><N who="1" m="6730" /><E11/><V49/><F49/><W26/><REACH who="3" step="1"/><G37/><REACH who="3" ten="416,225,241,108" step="2"/><T79/><D117/><U51/><E75/><V8/><F84/><W41/><G41/><T74/><D74/><U7/><E7/><V122/><F122/><W22/><G22/><T124/><D6/><U125/><E125/><V106/><F8/><W44/><G44/><T35/><D9/><U113/><E113/><V132/><F106/><W93/><G93/><N who="0" m="54495" /><D124/><U4/><E4/><V63/><F94/><W10/><G10/><T1/><D35/><U111/><E111/><V128/><F128/><W133/><G133/><T107/><D107/><U114/><E114/><V29/><F132/><W5/><G5/><T121/><D121/><U38/><E38/><V52/><F83/><AGARI ba="1,1" hai="12,13,15,26,30,33,40,42,64,65,66,77,83,85" machi="83" ten="40,2600,0" yaku="1,1,52,1,53,0" doraHai="20" doraHaiUra="126" who="3" fromWho="2" sc="416,0,225,0,241,-29,108,39" /><INIT seed="2,0,0,3,5,62" ten="416,225,212,147" oya="2" hai0="76,32,128,88,71,64,70,29,90,23,11,54,124" hai1="107,43,72,101,108,14,26,79,56,95,5,92,73" hai2="78,85,133,37,115,16,39,122,100,40,118,55,129" hai3="13,47,110,113,82,81,98,121,31,91,53,97,63"/><V45/><F122/><W19/><G121/><T34/><D76/><U83/><E108/><V66/><F118/><W15/><G110/><T38/><D38/><U21/><E73/><V44/><F115/><W25/><G113/><T117/><D11/><U75/><E75/><V120/><F120/><W48/><G63/><T6/><D6/><U127/><E43/><V8/><F100/><W109/><G109/><T10/><D10/><U24/><E5/><V77/><F129/><W59/><G59/><T131/><D54/><U65/><E14/><V93/><F133/><W104/><G13/><T60/><D124/><U1/><E1/><V126/><F126/><W52/><G53/><T28/><D23/><U51/><E26/><V50/><F39/><W9/><G104/><T135/><D60/><U105/><E95/><V58/><F93/><W20/><G82/><T125/><D125/><U0/><E0/><V30/><F30/><W67/><G67/><T4/><D4/><U114/><E65/><V57/><F85/><AGARI ba="0,0" hai="9,15,19,20,25,31,47,48,52,81,85,91,97,98" machi="85" ten="40,8000,1" yaku="25,2,8,1,54,1" doraHai="62" who="3" fromWho="2" sc="416,0,225,0,212,-80,147,80" /><INIT seed="3,0,0,2,4,88" ten="416,225,132,227" oya="3" hai0="34,62,57,126,110,59,109,33,108,74,60,127,7" hai1="105,20,99,22,87,32,94,106,71,93,73,17,129" hai2="41,38,114,29,14,124,107,86,15,101,117,66,48" hai3="116,72,53,56,115,21,16,36,120,119,0,70,123"/><W42/><G72/><T92/><D7/><U100/><E32/><N who="0" m="12393" /><D92/><U24/><E73/><V31/><F38/><W131/><G115/><T77/><D77/><U55/><E71/><V28/><F114/><W23/><G0/><T122/><D122/><U39/><E39/><V2/><F2/><W81/><G70/><T49/><D49/><U111/><E111/><V4/><F117/><W9/><G131/><T65/><D74/><U69/><E69/><V12/><F124/><N who="0" m="47658" /><D65/><U80/><E129/><V76/><F66/><W61/><G81/><T51/><D51/><U133/><E133/><V96/><F4/><W132/><G132/><T27/><D27/><U43/><E43/><V82/><F48/><W75/><G75/><T35/><D35/><U1/><E1/><V104/><REACH who="2" step="1"/><F41/><REACH who="2" ten="416,225,122,227" step="2"/><W98/><G119/><T6/><D6/><U58/><E106/><AGARI ba="0,1" hai="12,14,15,28,29,31,76,82,86,96,101,104,106,107" machi="106" ten="40,2600,0" yaku="1,1,2,1,53,0" doraHai="88" doraHaiUra="46" who="2" fromWho="1" sc="416,0,225,-26,122,36,227,0" /><INIT seed="4,0,0,3,3,106" ten="416,199,158,227" oya="0" hai0="131,79,9,101,56,112,123,26,66,121,6,53,48" hai1="118,20,37,29,10,104,21,24,97,89,110,124,103" hai2="135,39,70,19,0,22,36,116,41,3,44,2,46" hai3="13,4,85,12,30,98,117,82,16,133,90,57,77"/><T87/><D112/><U63/><E118/><V76/><F116/><W80/><G117/><T7/><D131/><U35/><E110/><V72/><F135/><W96/><G133/><T68/><D101/><U11/><E37/><V86/><F86/><W25/><G57/><T73/><D87/><U61/><E124/><V38/><F44/><W52/><G4/><T134/><D7/><U59/><E89/><V47/><F46/><W31/><G52/><T109/><D109/><U111/><E111/><V14/><REACH who="2" step="1"/><F70/><REACH who="2" ten="416,199,148,227" step="2"/><W99/><G30/><T129/><D68/><U5/><E29/><V100/><F100/><W60/><G31/><T107/><D134/><U81/><E103/><V65/><F65/><W49/><G99/><T75/><D66/><U92/><E97/><V105/><F105/><W128/><G98/><T55/><D107/><U32/><E104/><V132/><F132/><W95/><G96/><T115/><D121/><U69/><E69/><V28/><F28/><W43/><G85/><T119/><D123/><U130/><E130/><V27/><F27/><W102/><G25/><T127/><D26/><U15/><E24/><V93/><F93/><W34/><G102/><T120/><D120/><U50/><E92/><V83/><AGARI ba="0,1" hai="0,2,3,14,19,22,36,38,39,41,47,72,76,83" machi="83" ten="40,5200,0" yaku="1,1,0,1,52,1,53,0" doraHai="106" doraHaiUra="94" who="2" fromWho="2" sc="416,-26,199,-13,148,62,227,-13" /><INIT seed="5,0,0,4,4,36" ten="390,186,210,214" oya="1" hai0="128,110,111,91,74,72,14,50,17,82,32,24,49" hai1="7,115,83,129,21,13,5,67,70,6,48,8,108" hai2="86,97,99,10,130,121,11,64,37,131,80,18,62" hai3="38,27,112,53,4,16,51,28,90,88,60,124,102"/><U69/><E115/><V25/><F37/><W58/><G38/><T66/><D66/><U84/><E129/><N who="2" m="49163" /><F25/><W57/><G112/><T65/><D65/><U33/><E33/><V41/><F41/><W106/><G4/><T135/><D128/><U95/><E108/><V76/><F121/><W109/><G124/><T61/><D61/><U47/><E95/><V2/><F18/><W75/><G75/><T46/><D50/><U31/><E67/><V77/><F77/><W40/><G109/><T134/><D91/><U71/><E31/><V9/><F2/><W52/><G40/><N who="0" m="24775" /><D24/><U118/><E21/><V120/><F120/><W59/><G59/><AGARI ba="0,0" hai="9,10,11,59,62,64,76,80,86,97,99" m="49163" machi="59" ten="30,1000,0" yaku="19,1" doraHai="36" who="2" fromWho="3" sc="390,0,186,0,210,10,214,-10" /><INIT seed="6,0,0,1,3,6" ten="390,186,220,204" oya="2" hai0="126,69,68,115,4,31,59,12,42,114,124,7,117" hai1="99,15,77,84,76,81,85,88,128,46,52,57,65" hai2="78,94,66,116,24,1,125,113,44,61,37,56,122" hai3="104,39,80,89,26,98,2,133,110,120,67,43,87"/><V29/><F116/><W34/><G120/><T123/><D123/><U64/><E128/><V129/><F122/><W0/><G110/><T101/><D117/><U82/><E46/><V27/><F125/><N who="0" m="48234" /><D101/><U103/><E15/><V14/><F1/><W91/><G133/><T50/><D31/><U118/><E118/><V102/><F78/><W79/><G67/><T19/><D7/><U135/><E135/><V72/><F72/><W17/><G104/><T9/><D4/><U108/><E108/><V106/><F106/><W54/><G54/><N who="0" m="32215" /><D42/><U36/><E36/><V90/><F102/><W51/><G39/><T45/><D45/><U74/><E74/><V107/><F107/><W131/><G2/><T86/><D86/><U22/><E22/><V28/><F44/><N who="3" m="26015" /><G0/><T93/><D93/><N who="1" m="56743" /><E103/><V62/><F37/><W49/><G34/><T83/><D83/><U10/><E10/><V35/><F35/><W112/><G131/><T92/><D92/><U53/><E53/><V32/><F129/><W119/><G119/><T60/><D69/><U58/><E58/><V33/><F33/><W73/><G73/><T20/><D20/><U96/><E96/><V95/><F32/><W21/><G98/><T109/><D109/><U105/><E105/><V132/><F132/><W127/><G127/><T25/><D25/><U38/><E38/><V13/><F56/><W55/><G112/><T71/><D71/><U5/><E5/><V8/><F113/><W41/><G41/><T97/><D97/><U75/><E75/><V23/><F27/><W3/><G3/><T40/><D40/><RYUUKYOKU ba="0,0" sc="390,10,186,10,220,-30,204,10" hai0="9,12,19,60,68,114,115" hai1="52,57,64,65,76,77,81,82,84,85" hai3="17,21,26,49,55,79,80,87,89,91" /><INIT seed="7,1,0,2,2,12" ten="400,196,190,214" oya="3" hai0="38,29,130,51,85,88,22,60,101,25,1,54,113" hai1="18,127,78,112,32,83,33,28,102,15,76,87,96" hai2="7,117,100,124,82,44,56,118,114,75,81,59,61" hai3="65,105,27,43,26,99,109,31,14,69,3,84,42"/><W66/><G3/><T80/><D38/><U123/><E123/><V67/><F75/><W46/><G109/><T106/><D1/><U20/><E112/><V119/><F114/><W103/><G84/><T39/><D39/><U19/><E127/><V47/><F124/><W62/><G66/><T6/><D6/><U111/><E111/><V4/><F100/><W92/><G92/><T57/><D130/><U9/><E28/><V68/><F68/><W122/><G122/><T23/><D113/><U34/><E78/><V24/><F24/><W30/><G14/><T58/><D101/><U115/><E115/><V5/><REACH who="2" step="1"/><F56/><REACH who="2" ten="400,196,180,214" step="2"/><W128/><G128/><T98/><D58/><U93/><E34/><V40/><F40/><W50/><G43/><T11/><D57/><U73/><E73/><V10/><F10/><W86/><G26/><AGARI ba="1,1" hai="9,15,18,19,20,26,32,33,76,83,87,93,96,102" machi="26" ten="30,3900,0" yaku="7,1,52,2" doraHai="12" who="1" fromWho="3" sc="400,0,196,52,180,0,214,-42" owari="400,50.0,248,5.0,180,-22.0,172,-33.0" /></mjloggm>