<mjloggm ver="2.3"><GO type="225" lobby="0"/><UN n0="%E3%82%A6%E3%83%AB%E3%83%88%E3%83%A9%E7%AB%8B%E7%9B%B4" n1="%E9%8C%AF%E4%B9%B1%E3%82%AB%E3%83%AB%E3%83%94%E3%82%B9" n2="%E3%81%BF%E3%81%A3%E3%81%A4%E3%81%83%EF%BD%9E" n3="%6B%69%79%6F%6E%61%72%69" dan="17,17,16,16" rate="2209.08,2120.61,2108.82,2119.57" sx="M,F,F,M"/><TAIKYOKU oya="0"/><INIT seed="0,0,0,3,4,51" ten="250,250,250,250" oya="0" hai0="8,86,135,118,53,17,68,30,78,102,42,15,76" hai1="43,47,66,116,110,6,12,95,56,105,99,80,85" hai2="129,133,64,38,97,4,104,0,58,117,121,54,59" hai3="90,21,123,14,2,52,103,71,35,65,24,83,45"/><T100/><D68/><U57/><E116/><V108/><F121/><W107/><G2/><T27/><D118/><U26/><E105/><V122/><F38/><W114/><G114/><T73/><D42/><U13/><E110/><V31/><F122/><W77/><G90/><T5/><D73/><U10/><E26/><V132/><F117/><W39/><G39/><T36/><D36/><U46/><E13/><V37/><F37/><W69/><G123/><T94/><D135/><U50/><E46/><V111/><F31/><W113/><G113/><T134/><D134/><N who="2" m="51818" /><F4/><W127/><G127/><T124/><D124/><U3/><E66/><V92/><F104/><W44/><G44/><T29/><D29/><U87/><E87/><V40/><F40/><W28/><G14/><T91/><D5/><U115/><E3/><V96/><F0/><W63/><G83/><T9/><D9/><U18/><E18/><V106/><F106/><W98/><G77/><T62/><D78/><N who="1" m="46231" /><E115/><V22/><F22/><W128/><G128/><T112/><D76/><U79/><E79/><V61/><F129/><W125/><G125/><T75/><D75/><U11/><E11/><V49/><F97/><W41/><G41/><T81/><D81/><U131/><E131/><V101/><AGARI ba="0,0" hai="49,54,58,59,61,64,92,96,101,108,111" m="51818" machi="101" ten="30,2000,0" yaku="20,1,52,1" doraHai="51" who="2" fromWho="2" sc="250,-10,250,-5,250,20,250,-5" /><INIT seed="1,0,0,2,2,15" ten="240,245,270,245" oya="1" hai0="92,25,24,47,112,73,8,111,76,128,17,96,4" hai1="36,132,106,87,3,102,68,131,61,100,71,59,44" hai2="107,22,14,113,50,1,45,115,104,90,70,93,10" hai3="29,48,12,75,110,103,39,119,54,101,5,40,37"/><U66/><E3/><V88/><F70/><N who="1" m="26665" /><E87/><N who="2" m="52383" /><F1/><W83/><G110/><T82/><D112/><N who="2" m="43082" /><F22/><W43/><G119/><T7/><D111/><U134/><E106/><V0/><F90/><W114/><G114/><T2/><D128/><U32/><E32/><V34/><F34/><W38/><G29/><T126/><D7/><U65/><E102/><V53/><F0/><W27/><G27/><T55/><D17/><AGARI ba="0,0" hai="10,14,17,45,50,53,104,107" m="43082,52383" machi="17" ten="30,3900,0" yaku="11,1,52,1,54,1" doraHai="15" who="2" fromWho="0" sc="240,-39,245,0,270,39,245,0" /><INIT seed="2,0,0,5,2,29" ten="201,245,309,245" oya="2" hai0="10,42,97,48,12,25,84,82,69,32,133,72,119" hai1="115,76,61,26,41,129,30,47,108,101,88,16,66" hai2="45,130,62,102,8,44,56,74,99,19,95,117,105" hai3="92,132,35,13,73,80,87,21,65,31,5,134,22"/><V120/><F117/><W94/><G73/><T4/><D69/><U85/><E115/><V18/><F120/><W100/><G65/><T131/><D119/><U64/><E108/><V37/><F74/><W126/><G126/><T1/><D72/><U40/><E129/><V52/><F130/><W9/><G100/><T116/><D116/><U111/><E76/><V123/><F123/><W83/><G35/><T3/><D131/><U15/><E101/><V51/><F105/><W60/><G60/><T113/><D113/><U33/><E111/><V86/><F8/><W39/><G39/><T112/><D97/><U57/><E47/><V114/><F114/><W36/><G36/><T90/><D112/><U110/><E64/><V49/><F86/><W67/><G67/><T46/><REACH who="0" step="1"/><D133/><REACH who="0" ten="191,245,309,245" step="2"/><U28/><E110/><V89/><F102/><W103/><G103/><T75/><D75/><U93/><E30/><AGARI ba="0,1" hai="1,3,4,10,12,25,30,32,42,46,48,82,84,90" machi="30" ten="40,5200,0" yaku="1,1,52,1,53,1" doraHai="29" doraHaiUra="27" who="0" fromWho="1" sc="191,62,245,-52,309,0,245,0" /><INIT seed="3,0,0,5,4,111" ten="253,193,309,245" oya="3" hai0="21,62,20,41,50,88,28,72,101,83,9,92,122" hai1="13,124,61,42,117,105,70,19,6,8,35,118,59" hai2="109,95,64,125,116,57,63,99,2,87,123,30,132" hai3="23,110,60,36,119,81,12,103,48,38,97,31,1"/><W34/><G119/><N who="1" m="45578" /><E70/><V129/><F2/><W3/><G34/><T115/><D62/><U29/><E105/><V78/><F78/><W134/><BYE who="2" /><G110/><T24/><D101/><U51/><E42/><V11/><F11/><W26/><G134/><T89/><D50/><U14/><E51/><V131/><F131/><W16/><G60/><T93/><D41/><UN n2="%E3%81%BF%E3%81%A3%E3%81%A4%E3%81%83%EF%BD%9E" /><U135/><E59/><V75/><F75/><W108/><G108/><T121/><D83/><U133/><E61/><V127/><F129/><W10/><G81/><T84/><D72/><U82/><E82/><V54/><F116/><W73/><G73/><T120/><D9/><N who="1" m="6607" /><E124/><N who="2" m="47691" /><F109/><W71/><G71/><T65/><D65/><U47/><E47/><V27/><F132/><N who="1" m="50761" /><E35/><N who="2" m="20959" /><F87/><W49/><G49/><T126/><D84/><U53/><E53/><V40/><F40/><W4/><G48/><T114/><D126/><U113/><E29/><V79/><F79/><W128/><G128/><T106/><D28/><U56/><E56/><V7/><F54/><W104/><G31/><T33/><D33/><U46/><E46/><V96/><F96/><W85/><G85/><T86/><D86/><U66/><E66/><V100/><F57/><W94/><G104/><T69/><D106/><U55/><E55/><V43/><F43/><W22/><G38/><T17/><D69/><U44/><E44/><V32/><F64/><W0/><G36/><T90/><D93/><U91/><E91/><V58/><F32/><W39/><G39/><T18/><D92/><U5/><E113/><V102/><F63/><W130/><G130/><T74/><D74/><RYUUKYOKU ba="0,0" sc="253,10,193,10,309,-30,245,10" hai0="17,18,20,21,24,88,89,90,114,115,120,121,122" hai1="5,6,8,13" hai3="0,1,3,4,10,12,16,22,23,26,94,97,103" /><INIT seed="3,1,0,2,4,30" ten="263,203,279,255" oya="3" hai0="89,21,60,111,33,39,66,77,41,108,102,23,68" hai1="81,123,86,59,46,63,49,62,71,55,45,14,65" hai2="12,96,107,52,118,3,15,72,126,79,95,44,91" hai3="132,106,122,120,11,100,129,109,13,22,78,82,69"/><W90/><G69/><T40/><D77/><U27/><E123/><V36/><F118/><W28/><G129/><T73/><D73/><U99/><E99/><V119/><F119/><W5/><G132/><T94/><D102/><U6/><E27/><V80/><F3/><W37/><G37/><T130/><D130/><U53/><E6/><V85/><F126/><W74/><G109/><N who="0" m="42059" /><D33/><U58/><REACH who="1" step="1"/><E14/><REACH who="1" ten="263,193,279,255" step="2"/><V20/><F15/><W43/><G13/><T1/><D1/><U10/><E10/><V0/><F0/><W4/><G11/><T18/><D23/><U121/><E121/><V67/><F12/><W113/><G5/><T115/><D21/><U135/><E135/><V42/><F20/><W116/><G4/><T76/><D115/><U7/><E7/><V98/><F107/><W64/><G22/><T54/><D18/><U51/><E51/><V93/><F98/><W128/><G122/><T112/><D112/><U50/><E50/><V32/><F32/><W83/><G120/><T104/><D104/><U61/><E61/><V97/><F96/><W38/><G113/><T34/><D34/><U133/><E133/><V127/><F97/><W24/><G128/><T101/><D60/><U124/><E124/><V88/><F127/><W117/><G116/><T105/><D105/><U84/><E84/><V87/><F67/><W131/><G117/><T16/><D66/><U25/><E25/><V56/><F72/><W26/><G26/><T8/><D8/><U134/><E134/><V70/><F87/><W2/><G24/><T125/><D125/><U48/><E48/><RYUUKYOKU ba="1,1" sc="263,-10,193,30,279,-10,255,-10" hai1="45,46,49,53,55,58,59,62,63,65,71,81,86" /><INIT seed="4,2,1,1,4,37" ten="253,223,269,245" oya="0" hai0="45,129,103,40,75,53,72,18,34,111,121,122,112" hai1="102,86,21,131,19,56,107,46,104,62,42,10,73" hai2="20,14,36,25,91,4,47,48,99,65,130,5,29" hai3="67,26,96,77,83,105,52,13,68,50,49,74,87"/><T60/><D34/><U0/><E73/><N who="0" m="28233" /><D18/><U119/><E119/><V127/><F130/><W59/><G74/><T80/><D80/><U101/><E131/><V85/><F127/><W125/><G125/><T126/><D53/><N who="1" m="34063" /><E104/><V118/><F36/><W17/><G26/><T44/><D44/><U135/><E107/><V89/><F118/><W32/><G32/><T117/><D126/><U114/><E10/><V82/><F65/><W23/><G50/><T134/><D117/><U108/><E0/><V55/><F14/><W79/><G79/><T113/><D129/><U100/><E108/><V63/><F63/><W7/><G7/><T133/><D60/><U92/><E114/><N who="0" m="44137" /><D103/><N who="1" m="26371" /><U58/><DORA hai="41" /><E135/><N who="0" m="51721" /><D111/><U70/><E70/><V54/><F55/><W61/><G105/><T109/><D109/><U11/><E58/><V110/><F110/><W132/><G132/><T115/><N who="0" m="44145" /><T6/><DORA hai="128" /><D6/><U76/><E11/><V15/><F15/><W123/><G61/><T98/><D98/><U12/><E76/><V97/><F99/><W30/><G96/><T24/><D24/><U31/><E31/><V93/><AGARI ba="2,1" hai="4,5,20,25,29,47,48,54,82,85,89,91,93,97" machi="93" ten="30,4000,0" yaku="0,1,8,1,52,1" doraHai="37,41,128" who="2" fromWho="2" sc="253,-22,223,-12,269,56,245,-12" owari="231,-17.0,211,-29.0,325,43.0,233,3.0" /></mjloggm>