<mjloggm ver="2.3"><GO type="233" lobby="0"/><UN n0="%E3%82%A6%E3%83%AB%E3%83%88%E3%83%A9%E7%AB%8B%E7%9B%B4" n1="%EF%BC%92%EF%BC%97%EF%BC%93%EF%BC%97" n2="%72%61%74%74%61%74%74%61" n3="%E5%B0%8F%E9%98%AA%E3%81%A1%E3%81%B2%E3%82%8D" dan="18,16,17,17" rate="2164.52,2051.27,2133.92,2182.55" sx="M,F,M,F"/><TAIKYOKU oya="0"/><INIT seed="0,0,0,3,5,79" ten="250,250,250,250" oya="0" hai0="0,127,78,11,64,48,131,57,105,55,76,85,8" hai1="31,67,71,20,86,42,35,104,97,73,1,50,116" hai2="66,110,33,56,59,6,32,24,115,81,92,53,7" hai3="74,132,94,41,117,14,69,80,134,9,54,125,19"/><T112/><D112/><U38/><E116/><V114/><F110/><W52/><G69/><T101/><D127/><U58/><E86/><V82/><F92/><W37/><G117/><T124/><D124/><U4/><E20/><V93/><F93/><W5/><G125/><T61/><D131/><U17/><E17/><V91/><F53/><W60/><G94/><T111/><D111/><U98/><E58/><V84/><F84/><W129/><G129/><T99/><D0/><U103/><E50/><V39/><F39/><W87/><G74/><T49/><D49/><U128/><E98/><V25/><REACH who="2" step="1"/><F91/><REACH who="2" ten="250,250,240,250" step="2"/><W133/><G37/><T108/><D108/><U113/><E38/><V106/><F106/><W95/><G95/><T12/><D85/><U18/><E104/><V28/><F28/><W135/><G135/><T47/><REACH who="0" step="1"/><D8/><REACH who="0" ten="240,250,240,250" step="2"/><U13/><E128/><V100/><F100/><W29/><G9/><T118/><D118/><U109/><E103/><V120/><F120/><W10/><G10/><T21/><D21/><U96/><E109/><V107/><F107/><W122/><G133/><T119/><D119/><U51/><E73/><V72/><F72/><W123/><G122/><T90/><D90/><U62/><E35/><V77/><F77/><W70/><G123/><T30/><D30/><U88/><E31/><V43/><F43/><W46/><G29/><T65/><D65/><AGARI ba="0,2" hai="6,7,24,25,32,33,56,59,65,66,81,82,114,115" machi="65" ten="25,12000,2" yaku="1,1,22,2,52,2,53,2" doraHai="79" doraHaiUra="22" who="2" fromWho="0" sc="240,-120,250,0,240,140,250,0" /><INIT seed="1,0,0,2,2,72" ten="120,250,380,250" oya="1" hai0="39,44,9,74,125,19,36,123,135,73,46,113,28" hai1="23,130,106,49,0,88,75,14,43,25,68,40,33" hai2="133,51,78,34,21,109,92,96,31,107,102,54,60" hai3="45,24,42,20,111,57,62,127,94,22,16,63,17"/><U29/><E106/><V100/><F34/><W99/><G111/><T118/><D19/><U47/><E68/><V8/><F109/><W129/><G129/><T55/><D9/><U27/><E130/><V120/><F120/><W83/><G83/><T76/><D55/><U114/><E114/><V52/><F133/><W13/><G57/><T95/><D95/><U104/><E104/><V48/><F60/><W66/><G66/><T132/><D28/><U116/><E116/><V90/><F78/><W35/><G35/><T115/><D123/><U82/><E0/><V131/><F131/><W122/><G127/><T58/><D58/><U108/><E14/><V18/><F8/><W89/><REACH who="3" step="1"/><G122/><REACH who="3" ten="120,250,380,240" step="2"/><T97/><D125/><U80/><E80/><V3/><F102/><W32/><G32/><T91/><D118/><U1/><E108/><V7/><F100/><W124/><G124/><T77/><REACH who="0" step="1"/><D91/><REACH who="0" ten="110,250,380,240" step="2"/><U61/><E88/><V112/><F90/><W37/><AGARI ba="0,2" hai="13,16,17,20,22,24,37,42,45,62,63,89,94,99" machi="37" ten="20,5200,0" yaku="1,1,0,1,7,1,54,1,53,0" doraHai="72" doraHaiUra="67" who="3" fromWho="3" sc="110,-13,250,-26,380,-13,240,72" /><INIT seed="2,0,0,1,3,93" ten="97,224,367,312" oya="2" hai0="3,40,1,32,77,113,23,2,61,15,21,43,95" hai1="80,33,52,87,91,7,125,29,19,112,0,133,39" hai2="83,120,121,119,99,10,78,115,122,69,63,75,89" hai3="49,76,4,45,107,31,38,8,81,67,28,34,37"/><V66/><F119/><W102/><G67/><T57/><D113/><U25/><E112/><V71/><F115/><W94/><G107/><T116/><D32/><U58/><E133/><V60/><F10/><W109/><G109/><T105/><D105/><U64/><E125/><V53/><F53/><W129/><G129/><T117/><D77/><U35/><E39/><V114/><F114/><W118/><G118/><N who="0" m="45675" /><D95/><U30/><E64/><V110/><F110/><W62/><G62/><T84/><D84/><U47/><E47/><V41/><F41/><N who="0" m="15946" /><D15/><U97/><E19/><V12/><F60/><W68/><G68/><T20/><D61/><U14/><E14/><V131/><F131/><W50/><G94/><T74/><D57/><U48/><E0/><N who="0" m="1" /><T26/><DORA hai="135" /><D26/><U13/><E13/><V79/><F12/><W51/><G34/><T96/><D74/><U22/><E25/><V127/><F79/><W106/><G76/><T46/><D46/><U108/><E58/><V126/><F71/><W44/><G106/><T90/><D90/><U27/><E27/><V18/><F18/><W54/><G44/><T130/><D96/><U132/><E97/><V11/><F11/><W124/><G8/><T56/><D56/><U86/><E35/><V85/><REACH who="2" step="1"/><F99/><REACH who="2" ten="97,224,357,312" step="2"/><W55/><G55/><T82/><D82/><AGARI ba="0,1" hai="63,66,69,75,78,82,83,85,89,120,121,122,126,127" machi="82" ten="50,12000,1" yaku="1,1,2,1,52,2,53,0" doraHai="93,135" doraHaiUra="101,103" who="2" fromWho="0" sc="97,-120,224,0,357,130,312,0" owari="-23,-52.0,224,-18.0,487,59.0,312,11.0" /></mjloggm>