<mjloggm ver="2.3"><GO type="41" lobby="0"/><UN n0="%E3%81%93%E3%81%86%E3%81%8D%E6%83%A8%E6%95%97%E4%B8%AD" n1="%E7%B4%85%E3%83%83%E7%8B%90" n2="%E5%B0%B1%E6%B4%BB%E7%94%9F%40%E5%B7%9D%E6%9D%91%E8%BB%8D%E5%9B%A3" n3="%73%61%6E%64%77%69%63%68" dan="14,15,16,13" rate="1874.83,1981.99,2092.48,1804.98" sx="M,M,M,M"/><TAIKYOKU oya="0"/><INIT seed="0,0,0,5,3,99" ten="250,250,250,250" oya="0" hai0="53,25,85,122,88,71,67,123,27,49,1,54,60" hai1="24,98,115,110,55,50,2,127,128,30,26,91,135" hai2="34,10,90,5,45,108,22,95,92,47,106,41,46" hai3="120,89,130,70,19,96,21,44,32,104,82,78,13"/><T0/><D0/><U63/><E115/><V29/><F106/><W112/><G32/><T59/><D1/><U75/><E75/><V133/><F34/><W132/><G70/><T72/><D72/><U42/><E42/><V11/><F108/><W101/><G130/><T109/><D109/><U94/><E2/><V131/><F133/><W40/><G132/><T84/><D54/><U119/><E127/><V48/><F131/><W68/><G68/><T102/><D102/><U16/><E119/><V3/><F10/><W38/><G120/><T65/><D67/><U14/><E128/><V124/><F95/><W114/><REACH who="3" step="1"/><G89/><REACH who="3" ten="250,250,250,240" step="2"/><T28/><D88/><U6/><E135/><V80/><F124/><W93/><G93/><T134/><D134/><U56/><E110/><V58/><F80/><W52/><G52/><T83/><D83/><U39/><E39/><V100/><F90/><W81/><G81/><T118/><D118/><U62/><E6/><V9/><F5/><W125/><G125/><T57/><D71/><U12/><E12/><V7/><F92/><W111/><G111/><T15/><D15/><U51/><E24/><V66/><F7/><W31/><G31/><T61/><D28/><U76/><E26/><V35/><F29/><W105/><G105/><T103/><D53/><U23/><E30/><V37/><F35/><W8/><G8/><T97/><D65/><U107/><E107/><V4/><F4/><W74/><AGARI ba="0,1" hai="13,19,21,38,40,44,74,78,82,96,101,104,112,114" machi="74" ten="20,8000,1" yaku="1,1,0,1,7,1,52,1,53,1" doraHai="99" doraHaiUra="43" who="3" fromWho="3" sc="250,-40,250,-20,250,-20,240,90" /><INIT seed="1,0,0,5,5,82" ten="210,230,230,330" oya="1" hai0="30,10,81,23,80,111,69,108,60,104,126,3,67" hai1="21,4,122,59,120,84,8,1,79,70,53,49,118" hai2="55,112,22,66,121,18,83,124,101,37,131,92,68" hai3="94,98,58,12,32,95,133,46,117,41,89,114,15"/><U135/><E70/><V45/><F121/><W75/><G32/><T24/><D104/><U105/><E105/><V39/><F131/><W28/><G114/><T43/><D126/><U57/><E118/><V13/><F124/><W102/><G75/><T87/><D43/><U134/><E21/><V64/><F112/><W132/><G117/><T100/><D100/><U5/><E5/><V123/><F123/><W25/><G58/><T19/><D3/><U78/><E59/><V90/><F68/><W71/><G71/><T52/><D52/><U44/><E57/><V50/><F37/><W14/><G25/><T63/><D63/><U48/><E48/><V65/><F39/><W77/><G77/><T107/><D107/><U93/><E78/><V7/><F7/><W127/><G127/><T130/><D130/><U16/><E16/><V51/><F51/><W56/><G56/><T31/><D10/><U88/><REACH who="1" step="1"/><E79/><REACH who="1" ten="210,220,230,330" step="2"/><V34/><F34/><W76/><G76/><T20/><D20/><U125/><E125/><V2/><F22/><W73/><G73/><T54/><D19/><U9/><E9/><V62/><F18/><W110/><G28/><T36/><D31/><U85/><E85/><V72/><F72/><W115/><G115/><T113/><D113/><U91/><E91/><V128/><F90/><W129/><G129/><T35/><D23/><U96/><E96/><V40/><F128/><W116/><G116/><T0/><D87/><U97/><E97/><V86/><F50/><W119/><G119/><T26/><D69/><U29/><E29/><V27/><F86/><RYUUKYOKU ba="0,1" sc="210,-10,220,30,230,-10,330,-10" hai1="1,4,8,44,49,53,84,88,93,120,122,134,135" /><INIT seed="1,1,1,2,4,133" ten="200,250,220,320" oya="1" hai0="56,58,124,4,41,22,103,15,84,77,90,126,40" hai1="70,123,106,6,62,2,52,66,30,82,91,20,120" hai2="98,92,130,114,72,1,83,38,0,45,29,74,8" hai3="27,69,26,128,11,37,116,102,46,65,122,96,95"/><U68/><E106/><V47/><F130/><W71/><G122/><T43/><D103/><U23/><E70/><V57/><F114/><W9/><G128/><T131/><D131/><U108/><E108/><V110/><F110/><W48/><G116/><T59/><D77/><U89/><E89/><V111/><F111/><W79/><G79/><T127/><D22/><U13/><E2/><V63/><F29/><W85/><G37/><T10/><D90/><U3/><E3/><V97/><F8/><N who="3" m="3147" /><G71/><T87/><AGARI ba="1,1" hai="4,10,15,40,41,43,56,58,59,84,87,124,126,127" machi="87" ten="40,12000,2" yaku="0,1,29,2,18,1,52,3" doraHai="133" who="0" fromWho="0" sc="200,133,250,-61,220,-31,320,-31" /><INIT seed="2,0,0,3,2,108" ten="333,189,189,289" oya="2" hai0="42,67,117,85,59,110,133,8,79,15,89,4,131" hai1="106,7,115,47,10,44,122,130,21,92,58,109,60" hai2="82,56,66,114,101,20,118,116,37,74,84,64,53" hai3="9,32,49,94,43,100,12,88,102,11,107,77,105"/><V90/><F114/><W1/><G32/><T2/><D110/><U57/><E106/><V135/><F37/><W17/><G77/><T19/><D133/><U126/><E21/><V61/><F135/><W48/><G1/><T55/><D131/><U46/><E92/><V76/><F101/><N who="3" m="39019" /><G107/><T54/><D117/><U99/><E99/><V86/><F74/><W33/><G33/><T129/><D129/><U30/><E30/><V103/><F103/><W27/><G105/><T38/><D79/><U68/><E10/><N who="3" m="3594" /><G27/><T75/><D75/><U98/><E7/><V13/><F118/><W40/><G40/><T14/><D2/><U0/><E98/><V87/><F116/><W45/><G49/><T124/><D42/><U69/><E0/><V50/><F61/><W72/><G72/><T62/><D38/><U123/><E130/><V36/><F36/><W96/><G17/><T22/><REACH who="0" step="1"/><D124/><REACH who="0" ten="323,189,189,289" step="2"/><U121/><E126/><V25/><F76/><W6/><G6/><T125/><D125/><U52/><E109/><V132/><F132/><W41/><G41/><T111/><D111/><U120/><E115/><V104/><F104/><W128/><G128/><T16/><D16/><U18/><E18/><N who="2" m="12439" /><F13/><AGARI ba="0,1" hai="12,13,43,45,48,88,94,96" m="3594,39019" machi="13" ten="30,2000,0" yaku="8,1,54,1" doraHai="108" who="3" fromWho="2" sc="323,0,189,0,189,-20,289,30" /><INIT seed="3,0,0,0,5,56" ten="323,189,169,319" oya="3" hai0="31,87,24,91,94,34,111,104,128,58,135,112,70" hai1="129,48,18,127,43,36,1,89,76,97,52,78,132" hai2="3,21,46,99,81,130,113,126,39,54,123,110,131" hai3="85,23,101,79,73,6,14,0,83,102,28,109,105"/><W16/><G109/><T51/><D111/><U119/><E1/><V26/><F3/><W10/><G105/><T13/><D104/><U75/><E132/><V7/><F110/><W22/><G73/><T44/><D135/><U106/><E129/><N who="2" m="49163" /><F113/><W47/><G47/><T68/><D128/><U57/><E127/><V4/><F126/><W100/><REACH who="3" step="1"/><G28/><REACH who="3" ten="323,189,169,309" step="2"/><T50/><D112/><U42/><E75/><V66/><F123/><W118/><G118/><T25/><D44/><U125/><E106/><V134/><F46/><W72/><G72/><T30/><D31/><U93/><E119/><V133/><F134/><W61/><G61/><T116/><D116/><U59/><E125/><V108/><F133/><W95/><G95/><T32/><D30/><U15/><E36/><V84/><F108/><W9/><AGARI ba="0,1" hai="0,6,9,10,14,16,22,23,79,83,85,100,101,102" machi="9" ten="30,18000,2" yaku="1,1,0,1,54,1,53,3" doraHai="56" doraHaiUra="96" who="3" fromWho="3" sc="323,-60,189,-60,169,-60,309,190" /><INIT seed="3,1,0,1,3,90" ten="263,129,109,499" oya="3" hai0="99,116,22,23,4,101,18,79,96,60,113,11,29" hai1="95,57,107,73,48,78,128,120,64,72,111,70,125" hai2="30,27,6,71,39,5,66,26,87,63,37,105,52" hai3="77,25,131,38,103,123,2,17,3,7,109,34,82"/><W8/><G38/><T106/><D116/><U9/><E107/><V85/><F105/><W16/><G123/><T65/><D113/><U51/><E70/><V97/><F97/><W49/><G103/><T117/><D117/><U122/><E9/><V118/><F118/><W1/><G49/><T12/><D79/><U21/><E21/><V46/><F39/><W41/><G41/><T36/><D36/><U80/><E111/><V47/><F47/><W89/><G89/><T86/><D86/><U40/><E128/><V61/><F37/><W92/><G92/><T28/><D99/><U55/><E125/><V81/><F87/><W126/><G109/><T129/><D129/><U112/><E112/><V93/><F27/><W50/><G50/><T24/><D23/><U44/><E73/><V13/><F13/><N who="3" m="5279" /><G131/><T59/><AGARI ba="1,0" hai="4,11,12,18,22,24,28,29,59,60,65,96,101,106" machi="59" ten="20,1500,0" yaku="0,1,7,1" doraHai="90" who="0" fromWho="0" sc="263,18,129,-5,109,-5,499,-8" /><INIT seed="4,0,0,3,3,125" ten="281,124,104,491" oya="0" hai0="67,135,124,17,98,128,7,47,0,32,113,70,5" hai1="35,111,56,62,3,88,26,1,87,13,27,39,36" hai2="25,100,81,117,37,83,21,18,58,65,8,74,91" hai3="112,14,43,64,93,107,133,78,120,101,94,77,102"/><T57/><D70/><U34/><E111/><V92/><F37/><W84/><G120/><T97/><D32/><U115/><E115/><V22/><F117/><W71/><G112/><T16/><D113/><U95/><E39/><V49/><F100/><N who="3" m="38507" /><G133/><T85/><D135/><U89/><E36/><V99/><F74/><W10/><G107/><T68/><D68/><U130/><E130/><V31/><F8/><W119/><G71/><T30/><D124/><U103/><E103/><V63/><REACH who="2" step="1"/><F49/><REACH who="2" ten="281,124,94,491" step="2"/><W15/><G119/><T132/><D132/><U59/><E35/><V55/><F55/><W19/><G43/><T11/><D11/><U72/><E34/><V114/><F114/><W123/><G64/><T69/><D67/><U20/><E72/><V46/><F46/><W108/><G108/><T48/><D47/><U60/><E1/><V6/><F6/><N who="3" m="3415" /><G123/><T126/><D126/><U104/><E3/><V52/><F52/><W9/><G84/><T40/><D85/><U75/><E75/><V116/><F116/><W51/><G51/><T44/><D0/><U134/><E134/><V127/><F127/><W76/><AGARI ba="0,1" hai="9,15,19,76,77,78,93,94" m="3415,38507" machi="76" ten="30,1100,0" yaku="8,1" doraHai="125" who="3" fromWho="3" sc="281,-5,124,-3,94,-3,491,21" /><INIT seed="5,0,0,4,5,76" ten="276,121,91,512" oya="1" hai0="88,39,81,57,6,108,64,40,125,37,17,65,4" hai1="132,84,104,26,102,100,52,98,15,12,53,19,112" hai2="50,29,86,59,14,107,89,46,61,8,2,7,99" hai3="18,130,116,62,123,101,55,9,70,94,5,49,77"/><U10/><E112/><V118/><F118/><W44/><G123/><T92/><D108/><U103/><E132/><V30/><F2/><W75/><G116/><T36/><D125/><U16/><E26/><V110/><F110/><W1/><G130/><T20/><D40/><U133/><E133/><V114/><F114/><W56/><G101/><T119/><D119/><U111/><E111/><V129/><F129/><W27/><G94/><T68/><D68/><U79/><E98/><V127/><F99/><W72/><G77/><T95/><D57/><U67/><E67/><V32/><F32/><W3/><G3/><T117/><D117/><U38/><E38/><V106/><F106/><W71/><G71/><T60/><D60/><U122/><E122/><V34/><F34/><W11/><G70/><T54/><D54/><U105/><E105/><V91/><F107/><W31/><G18/><T113/><D113/><U21/><E104/><V43/><F127/><W24/><G11/><T135/><D135/><U63/><E63/><V120/><F120/><W134/><G134/><T93/><D17/><U66/><E66/><N who="0" m="25705" /><D20/><U45/><E45/><V128/><F128/><W42/><G27/><T28/><D28/><N who="2" m="10858" /><F86/><W74/><G74/><T96/><D96/><U124/><E124/><V85/><F85/><W47/><G47/><T109/><D109/><U35/><E35/><AGARI ba="0,0" hai="1,5,9,24,31,35,42,44,49,55,56,62,72,75" machi="35" ten="30,1000,0" yaku="7,1" doraHai="76" who="3" fromWho="1" sc="276,0,121,-10,91,0,512,10" /><INIT seed="6,0,0,4,2,87" ten="276,111,91,522" oya="2" hai0="2,13,35,91,92,14,73,47,100,50,25,10,94" hai1="79,39,29,43,5,41,26,20,44,69,70,88,15" hai2="0,21,31,85,55,106,60,34,6,71,33,83,68" hai3="37,62,107,57,132,129,131,9,4,109,52,113,78"/><V111/><F106/><W22/><G37/><T125/><D73/><U110/><E79/><V56/><F111/><W65/><G107/><T118/><D125/><U84/><E110/><V133/><F133/><W32/><G32/><T108/><D108/><U135/><E135/><V75/><F75/><W74/><G109/><T89/><D118/><U1/><E1/><V93/><F34/><W96/><G132/><T67/><D67/><U128/><E128/><N who="3" m="49226" /><G96/><N who="0" m="59399" /><D2/><U121/><E121/><V63/><F33/><W51/><G22/><T122/><D35/><U61/><E61/><V18/><F31/><W112/><G78/><T17/><D122/><U80/><REACH who="1" step="1"/><E43/><REACH who="1" ten="276,101,91,522" step="2"/><V101/><F60/><W76/><G76/><T42/><D25/><U97/><E97/><N who="2" m="59567" /><F71/><N who="3" m="42423" /><G74/><T28/><D42/><U45/><E45/><V134/><F68/><W99/><G99/><T30/><D47/><U98/><E98/><V46/><F134/><W126/><G126/><T53/><D53/><U117/><E117/><V77/><F0/><AGARI ba="0,1" hai="0,4,9,51,52,57,112,113" m="42423,49226" machi="0" ten="30,2000,0" yaku="19,1,54,1" doraHai="87" who="3" fromWho="2" sc="276,0,101,0,91,-20,522,30" /><INIT seed="7,0,0,3,5,39" ten="276,101,71,552" oya="3" hai0="7,23,65,123,31,45,37,77,82,111,2,75,70" hai1="98,50,56,72,0,52,43,81,8,126,60,135,127" hai2="76,30,38,44,118,128,106,1,103,21,86,14,97" hai3="132,58,10,79,101,42,89,71,99,112,93,53,113"/><W11/><G71/><T96/><D123/><U80/><E135/><V90/><F118/><W19/><G79/><T87/><D111/><U34/><E34/><V24/><F1/><W17/><G132/><T54/><D96/><U122/><E98/><V67/><F128/><W51/><G42/><T36/><D87/><U57/><E122/><V40/><F67/><W62/><G113/><T129/><D129/><U121/><E121/><V105/><F14/><W131/><G112/><T69/><D31/><U114/><E114/><V78/><REACH who="2" step="1"/><F106/><REACH who="2" ten="276,101,61,552" step="2"/><W117/><G117/><T133/><D2/><U68/><E68/><V18/><F18/><N who="3" m="6667" /><G131/><T92/><D65/><U109/><E0/><V16/><F16/><W47/><G101/><T3/><D133/><U33/><E109/><V15/><F15/><W115/><G115/><T22/><D3/><U13/><E13/><V88/><F88/><W104/><G104/><T6/><D77/><U73/><E127/><V61/><F61/><W130/><G130/><T32/><D6/><U91/><E60/><V35/><F35/><W94/><G94/><AGARI ba="0,1" hai="21,24,30,38,40,44,76,78,86,90,94,97,103,105" machi="94" ten="30,3900,0" yaku="1,1,7,1,52,1,53,0" doraHai="39" doraHaiUra="108" who="2" fromWho="3" sc="276,0,101,0,61,49,552,-39" owari="276,8.0,101,-40.0,110,-29.0,513,61.0" /></mjloggm>