<mjloggm ver="2.3"><GO type="169" lobby="0"/><UN n0="%E3%81%9B%E3%81%95%E3%81%BF%E3%82%93%E2%99%AA" n1="%E3%81%A6%E3%81%91%E3%81%A8%E3%83%BC%E3%81%BF%E3%82%93%E2%98%86%E5%BD%A1" n2="%E7%99%BD%E9%B9%BF%E6%84%9B%E8%8E%89" n3="%E5%B0%B1%E6%B4%BB%E7%94%9F%40%E5%B7%9D%E6%9D%91%E8%BB%8D%E5%9B%A3" dan="16,16,16,17" rate="2109.66,2039.48,2174.31,2223.81" sx="F,F,F,M"/><TAIKYOKU oya="0"/><INIT seed="0,0,0,0,2,17" ten="250,250,250,250" oya="0" hai0="61,109,105,37,30,93,102,76,97,106,87,44,133" hai1="4,116,100,7,85,27,78,83,34,22,99,92,35" hai2="73,18,59,45,88,29,54,67,49,91,101,31,40" hai3="127,110,75,103,132,94,118,135,64,56,3,84,9"/><T36/><D133/><U134/><E134/><N who="3" m="51242" /><G75/><T10/><D109/><U13/><E116/><V89/><F73/><W104/><G118/><T70/><D44/><U58/><E58/><V71/><F101/><W119/><G119/><T8/><D37/><U60/><E60/><V122/><F122/><W79/><G110/><T11/><D36/><U131/><E131/><V39/><REACH who="2" step="1"/><F18/><REACH who="2" ten="250,250,240,250" step="2"/><W126/><G104/><T114/><D114/><U42/><E7/><V72/><F72/><W23/><G103/><T107/><D30/><U123/><E123/><V19/><F19/><W121/><G121/><T6/><D6/><U50/><E4/><V46/><F46/><W108/><G108/><T21/><D70/><U96/><E100/><V25/><F25/><W41/><G126/><T33/><D107/><U86/><E27/><V128/><F128/><W47/><G127/><T0/><D106/><U129/><E129/><V15/><F15/><W80/><G3/><T38/><D0/><U57/><E13/><V98/><F98/><W69/><G69/><T1/><D1/><U2/><E2/><V51/><F51/><W120/><G120/><T52/><D105/><U26/><E96/><V28/><F28/><W90/><G56/><T48/><D48/><U66/><E50/><V117/><F117/><W130/><G130/><T125/><D125/><U81/><E57/><V55/><F55/><W20/><G64/><T53/><D53/><U112/><E66/><V43/><F43/><W12/><G47/><T14/><D52/><U32/><E42/><V16/><F16/><N who="3" m="8207" /><G41/><T74/><D102/><RYUUKYOKU ba="0,1" sc="250,-15,250,-15,240,15,250,15" hai2="29,31,39,40,45,49,54,59,67,71,88,89,91" hai3="20,23,79,80,84,90,94" /><INIT seed="1,1,1,2,5,96" ten="235,235,255,265" oya="1" hai0="104,67,124,113,122,10,9,66,120,39,68,89,27" hai1="6,29,74,134,131,100,81,83,58,55,76,14,15" hai2="62,65,114,3,69,56,117,60,48,128,44,101,4" hai3="30,25,63,98,31,107,61,129,26,93,41,123,95"/><U125/><E125/><V13/><F3/><W115/><G123/><N who="0" m="47147" /><D124/><U118/><E118/><V72/><F72/><W17/><G115/><T77/><D113/><U42/><E131/><V112/><F117/><W103/><G129/><T87/><D77/><U19/><E134/><V121/><F121/><W99/><G41/><T21/><D104/><U97/><E29/><N who="3" m="10762" /><G107/><T80/><D39/><U18/><E42/><V84/><F128/><W135/><G135/><T50/><D50/><U0/><E0/><V8/><F84/><W119/><G119/><T111/><D111/><U57/><E81/><V127/><F127/><W46/><G46/><T11/><D68/><U75/><E75/><V7/><F7/><W73/><G73/><T33/><D33/><U1/><E1/><V51/><F51/><W86/><G86/><T52/><D52/><U82/><E82/><V79/><F79/><W34/><G34/><T35/><D35/><U54/><E54/><N who="2" m="33815" /><F112/><W78/><G78/><T116/><D116/><U36/><E36/><V126/><F126/><W102/><G17/><AGARI ba="1,1" hai="9,10,11,17,21,27,66,67,80,87,89" m="47147" machi="17" ten="30,1000,0" yaku="13,1" doraHai="96" who="0" fromWho="3" sc="235,23,235,0,255,0,265,-13" /><INIT seed="2,0,0,4,5,38" ten="258,235,255,252" oya="2" hai0="78,52,51,50,14,34,42,102,27,123,80,124,45" hai1="17,118,10,83,110,105,90,127,2,9,35,113,28" hai2="122,89,74,82,97,68,63,61,12,40,18,115,5" hai3="15,94,19,21,134,58,4,129,46,67,103,59,65"/><V8/><F122/><W81/><G129/><T114/><D114/><U132/><E90/><V55/><F115/><W43/><G134/><T69/><D123/><U92/><E92/><N who="2" m="56463" /><F74/><W88/><G4/><T86/><D124/><U29/><E83/><V23/><F68/><W62/><G103/><T7/><D69/><U76/><E76/><V20/><F40/><W44/><G81/><T33/><D102/><U70/><E17/><V104/><F104/><W49/><G46/><N who="0" m="27735" /><D27/><U77/><E77/><V98/><F98/><W131/><G131/><T22/><D22/><N who="2" m="8234" /><F82/><W125/><G125/><T128/><D128/><U109/><E10/><AGARI ba="0,0" hai="7,10,14,33,34,42,45,51,78,80,86" m="27735" machi="10" ten="30,3900,0" yaku="25,1,52,1,54,1" doraHai="38" who="0" fromWho="1" sc="258,39,235,-39,255,0,252,0" /><INIT seed="3,0,0,3,2,118" ten="297,196,255,252" oya="3" hai0="35,21,98,8,123,20,108,109,122,72,91,43,53" hai1="39,106,73,17,60,82,67,74,125,120,78,54,56" hai2="124,85,57,130,32,19,69,102,112,88,58,49,7" hai3="119,62,131,80,79,63,121,94,117,128,84,10,76"/><W12/><G12/><T9/><D35/><U0/><E125/><V16/><F112/><W129/><G10/><N who="0" m="4203" /><D43/><U64/><E0/><V87/><F69/><W48/><G48/><T25/><D72/><U68/><E106/><V77/><F32/><W97/><G63/><T70/><D70/><U133/><E133/><V127/><F130/><W135/><G62/><T4/><D4/><U33/><E33/><V13/><F7/><W26/><G26/><T11/><D11/><U1/><E1/><V3/><F3/><W52/><G52/><T96/><D53/><U50/><E67/><V41/><F41/><W29/><G29/><T86/><D86/><U132/><E132/><V81/><F102/><N who="3" m="60727" /><G135/><T6/><D6/><U116/><E116/><N who="3" m="44618" /><G121/><N who="0" m="46091" /><D25/><U65/><E120/><V114/><F127/><W103/><G103/><T110/><D91/><AGARI ba="0,0" hai="76,79,80,84,91,128,129,131" m="44618,60727" machi="91" ten="40,7700,0" yaku="19,1,34,2" doraHai="118" who="3" fromWho="0" sc="297,-77,196,0,255,0,252,77" /><INIT seed="3,1,0,3,1,85" ten="220,196,255,329" oya="3" hai0="16,84,54,62,71,114,104,132,61,25,63,20,13" hai1="73,9,82,46,51,44,23,95,118,101,89,67,3" hai2="14,34,79,8,88,57,56,48,27,125,108,80,72" hai3="47,45,91,66,18,1,94,129,124,81,69,36,112"/><W64/><G112/><T21/><D132/><U123/><E123/><V7/><F125/><W40/><G1/><T98/><D114/><U30/><E118/><V10/><F108/><W117/><G117/><T78/><D104/><U65/><E3/><V0/><F48/><W58/><G124/><T92/><D78/><U41/><E9/><V39/><F39/><W131/><G69/><T120/><D120/><U76/><E101/><V109/><F109/><W38/><G81/><T134/><D134/><U86/><REACH who="1" step="1"/><E44/><REACH who="1" ten="220,186,255,329" step="2"/><V68/><F10/><W133/><G133/><T87/><D71/><U29/><E29/><V107/><F68/><W5/><G5/><T105/><D105/><U53/><E53/><V60/><F0/><W28/><G28/><N who="0" m="17447" /><D54/><U59/><E59/><V99/><F56/><W97/><G18/><T127/><D127/><U55/><E55/><V31/><F57/><W103/><G103/><AGARI ba="1,1" hai="13,16,21,61,62,63,84,87,92,98,103" m="17447" machi="103" ten="30,2000,0" yaku="8,1,54,1" doraHai="85" who="0" fromWho="3" sc="220,33,186,0,255,0,329,-23" /><INIT seed="4,0,0,4,5,46" ten="253,186,255,306" oya="0" hai0="92,94,121,116,122,22,99,135,129,57,31,54,69" hai1="9,44,25,115,104,120,114,76,117,20,61,109,41" hai2="111,81,72,63,75,103,70,100,16,38,131,108,107" hai3="65,53,96,101,83,112,68,71,27,97,82,127,118"/><T88/><D116/><U37/><E109/><V33/><F33/><W51/><G118/><T15/><D69/><U134/><E117/><V124/><F38/><W43/><G127/><T2/><D129/><U91/><E120/><V35/><F35/><W110/><G110/><T132/><D2/><U84/><E134/><N who="0" m="51241" /><D94/><U55/><E104/><V130/><F63/><W66/><G112/><N who="1" m="43050" /><E76/><N who="2" m="44167" /><F70/><W128/><G128/><N who="2" m="49193" /><F124/><W26/><G43/><T18/><D31/><N who="1" m="17831" /><E9/><V34/><F34/><W32/><G32/><T87/><D99/><N who="3" m="37961" /><G101/><N who="2" m="38985" /><F75/><W45/><G71/><T3/><D3/><U62/><E55/><V73/><F73/><W90/><G68/><T8/><D8/><U85/><E62/><AGARI ba="0,0" hai="15,18,22,54,57,62,87,88,92,121,122" m="51241" machi="62" ten="30,2900,0" yaku="20,1,54,1" doraHai="46" who="0" fromWho="1" sc="253,29,186,-29,255,0,306,0" /><INIT seed="4,1,0,1,0,70" ten="282,157,255,306" oya="0" hai0="64,4,102,3,17,83,40,9,2,124,66,135,54" hai1="76,37,88,121,126,91,112,127,98,45,92,13,47" hai2="57,123,101,116,133,89,58,94,118,53,44,106,56" hai3="99,119,29,77,90,6,103,22,15,93,11,130,49"/><T108/><D135/><U52/><E121/><V33/><F123/><W24/><G119/><N who="2" m="45609" /><F133/><W96/><G130/><T68/><D124/><N who="1" m="47659" /><E76/><V131/><F131/><W100/><G77/><T87/><D108/><U62/><E112/><V86/><F33/><W125/><G125/><T67/><D68/><U115/><E115/><V122/><F122/><W39/><G39/><T34/><D34/><U18/><E91/><V16/><F16/><W104/><REACH who="3" step="1"/><G49/><REACH who="3" ten="282,157,255,296" step="2"/><T78/><D2/><U79/><E79/><V75/><F75/><W46/><G46/><T12/><D102/><AGARI ba="1,1" hai="6,11,15,22,24,29,90,93,96,99,100,102,103,104" machi="102" ten="40,1300,0" yaku="1,1,53,0" doraHai="70" doraHaiUra="43" who="3" fromWho="0" sc="282,-16,157,0,255,0,296,26" /><INIT seed="5,0,0,3,4,18" ten="266,157,255,322" oya="1" hai0="35,31,13,50,46,84,120,60,106,109,125,10,70" hai1="16,47,73,76,126,5,88,22,81,98,111,69,61" hai2="41,38,20,122,86,110,130,129,33,51,66,121,131" hai3="3,7,83,2,113,91,52,99,112,90,100,53,71"/><U56/><E126/><V25/><F38/><W104/><G71/><T32/><D125/><U96/><E69/><V6/><F110/><W4/><G83/><T108/><D120/><U127/><E127/><V102/><F6/><W128/><G128/><T23/><D23/><U89/><E111/><V105/><F66/><W19/><G19/><T42/><D106/><U116/><E116/><V103/><F33/><W40/><G40/><T0/><D0/><U57/><E5/><N who="3" m="2122" /><G2/><T93/><D60/><U79/><E47/><N who="2" m="26095" /><F86/><W118/><G3/><T67/><D67/><N who="1" m="39335" /><E57/><V68/><F68/><W74/><G74/><T133/><D70/><U24/><E73/><V1/><F1/><W49/><G49/><T9/><D35/><U75/><E75/><V26/><F26/><W124/><G124/><T17/><D32/><U77/><E81/><V29/><F105/><W85/><G91/><AGARI ba="0,0" hai="16,22,24,76,77,79,88,89,91,96,98" m="39335" machi="91" ten="30,11600,0" yaku="8,1,52,1,54,2" doraHai="18" who="1" fromWho="3" sc="266,0,157,116,255,0,322,-116" /><INIT seed="5,1,0,4,1,3" ten="266,273,255,206" oya="1" hai0="16,52,133,95,55,34,78,121,27,111,119,58,23" hai1="36,19,85,7,98,21,112,6,127,117,66,24,4" hai2="51,17,20,10,62,39,42,48,101,30,68,124,31" hai3="116,88,35,5,97,18,37,100,45,80,110,129,89"/><U57/><E117/><V70/><F39/><W99/><G110/><T49/><D111/><U41/><E112/><V59/><F124/><W8/><G116/><T114/><D119/><U123/><E123/><V63/><F101/><W107/><G35/><T0/><D121/><U9/><E127/><V83/><F10/><W11/><G129/><T14/><D114/><U81/><E36/><V61/><F83/><W79/><G97/><T56/><D133/><U69/><E69/><V1/><F1/><W15/><G45/><T47/><D78/><N who="1" m="46263" /><E41/><V46/><F70/><W122/><G37/><T38/><D0/><U22/><E98/><V29/><F68/><W53/><G53/><T64/><D38/><U72/><E72/><V43/><F51/><W44/><G44/><T75/><D75/><U113/><E113/><V115/><F43/><W33/><G33/><T128/><D128/><U91/><E91/><V76/><F76/><W71/><G71/><T60/><D95/><U126/><E22/><V65/><REACH who="2" step="1"/><F115/><REACH who="2" ten="266,273,245,206" step="2"/><W54/><G122/><T74/><D74/><U2/><E2/><V25/><AGARI ba="1,1" hai="17,20,25,29,30,31,42,46,48,59,61,62,63,65" machi="25" ten="30,7900,0" yaku="1,1,2,1,0,1,8,1,53,0" doraHai="3" doraHaiUra="108" who="2" fromWho="2" sc="266,-21,273,-40,245,92,206,-21" /><INIT seed="6,0,0,5,5,51" ten="245,233,337,185" oya="2" hai0="97,131,53,37,30,6,47,80,71,114,82,126,72" hai1="70,31,39,62,118,7,88,44,25,67,101,27,19" hai2="132,17,3,40,128,74,34,41,63,95,100,90,93" hai3="9,113,94,0,35,124,18,77,12,125,48,119,50"/><V99/><F3/><W65/><G119/><T129/><D126/><U116/><E7/><V73/><F34/><W32/><G65/><T21/><D114/><U83/><E19/><V5/><F5/><N who="3" m="1191" /><G77/><T36/><D71/><U20/><E101/><V78/><F17/><W24/><G94/><T115/><D6/><U22/><E39/><V91/><F132/><W96/><G96/><T1/><D1/><U130/><E130/><V122/><F128/><W10/><G50/><T75/><D115/><U79/><E44/><V23/><F23/><N who="3" m="13431" /><G48/><T58/><D21/><U121/><E121/><V107/><F63/><W89/><G89/><T85/><D97/><U92/><E92/><V127/><F41/><W68/><G68/><T112/><D47/><U111/><E88/><V123/><F40/><W133/><G113/><T69/><D112/><U52/><E52/><V57/><F91/><W13/><G133/><T4/><D69/><U108/><E116/><V26/><F90/><W33/><G10/><T28/><D53/><U87/><E118/><V45/><F95/><W76/><G76/><T60/><D60/><U103/><E103/><V42/><F93/><W110/><G110/><T16/><D85/><U106/><E106/><V15/><F78/><W135/><G135/><T38/><D38/><U8/><E8/><V102/><F100/><W105/><G105/><T117/><D58/><U66/><E67/><V120/><F102/><W56/><G56/><T55/><D117/><U86/><E86/><V46/><F57/><W84/><G84/><T98/><D131/><U43/><E43/><RYUUKYOKU ba="0,0" sc="245,-15,233,15,337,-15,185,15" hai1="20,22,25,27,31,62,66,70,79,83,87,108,111" hai3="12,13,32,33,35,124,125" /><INIT seed="7,1,0,3,4,3" ten="230,248,322,200" oya="3" hai0="111,5,4,99,71,20,50,43,26,72,31,120,13" hai1="59,35,106,34,46,6,95,94,18,134,75,79,108" hai2="97,65,63,36,12,44,39,102,82,37,9,54,57" hai3="121,127,119,70,38,52,110,10,56,104,62,19,113"/><W122/><G104/><T83/><D120/><U86/><E108/><V68/><F82/><W118/><G19/><T40/><D111/><U126/><E106/><V98/><F102/><W115/><G10/><N who="0" m="4295" /><D72/><U16/><E75/><V96/><F44/><W29/><G29/><T84/><D71/><U48/><E126/><V69/><REACH who="2" step="1"/><F65/><REACH who="2" ten="230,248,312,200" step="2"/><N who="3" m="41271" /><G110/><T49/><D40/><U85/><E46/><V2/><F2/><W28/><G38/><T130/><D43/><U45/><E45/><V51/><F51/><N who="3" m="30751" /><G28/><T124/><D49/><U55/><E48/><V90/><F90/><W17/><G17/><AGARI ba="1,1" hai="9,12,17,36,37,39,54,57,63,68,69,96,97,98" machi="17" ten="50,3200,0" yaku="1,1,53,1" doraHai="3" doraHaiUra="11" who="2" fromWho="3" sc="230,0,248,0,312,45,200,-35" owari="230,-17.0,248,5.0,357,45.0,165,-33.0" /></mjloggm>