<mjloggm ver="2.3"><GO type="169" lobby="0"/><UN n0="%E9%9A%A0%E5%9C%B0%E5%89%8D" n1="%E6%97%85%E4%BA%BA%E3%81%A1%E3%82%88%E3%81%99%E3%81%91" n2="%E5%B0%B1%E6%B4%BB%E7%94%9F%40%E5%B7%9D%E6%9D%91%E8%BB%8D%E5%9B%A3" n3="%65%67%69%73%68%6F%32" dan="16,17,17,17" rate="2153.91,2137.88,2225.52,2191.59" sx="M,M,M,M"/><TAIKYOKU oya="0"/><INIT seed="0,0,0,3,0,60" ten="250,250,250,250" oya="0" hai0="30,26,93,44,122,78,125,83,89,6,113,124,57" hai1="43,24,115,40,102,8,77,109,135,20,74,17,4" hai2="91,9,119,27,28,73,42,97,46,85,69,111,32" hai3="3,58,92,128,62,16,63,104,51,107,103,117,13"/><T126/><D122/><U98/><E109/><V66/><F119/><W108/><G3/><T94/><D113/><U86/><E135/><V130/><F111/><W11/><G108/><T59/><D6/><U50/><E74/><V70/><F130/><W64/><G128/><T7/><D7/><U33/><E33/><V39/><F73/><W81/><G117/><T106/><D44/><U90/><E77/><V68/><F9/><W131/><G131/><T52/><D106/><U79/><E79/><V80/><REACH who="2" step="1"/><F97/><REACH who="2" ten="250,250,240,250" step="2"/><W0/><G0/><T110/><D110/><U15/><E115/><V82/><F82/><W41/><G81/><T1/><D1/><U47/><E98/><V100/><F100/><W25/><G103/><T61/><D89/><U72/><E72/><V12/><F12/><W116/><G116/><T112/><D112/><U22/><E102/><V132/><F132/><W45/><G92/><T96/><D96/><U114/><E114/><V55/><F55/><W88/><G88/><T31/><D26/><U67/><E43/><V35/><F35/><W120/><G120/><T37/><D94/><U29/><E90/><V84/><F84/><W34/><G34/><T2/><D93/><U19/><E86/><V121/><F121/><W71/><G25/><T18/><D2/><U49/><E24/><V129/><F129/><W54/><AGARI ba="0,1" hai="11,13,16,41,45,51,54,58,62,63,64,71,104,107" machi="54" ten="20,5200,0" yaku="0,1,7,1,52,1,54,1" doraHai="60" who="3" fromWho="3" sc="250,-26,250,-13,240,-13,250,62" /><INIT seed="1,0,0,0,3,52" ten="224,237,227,312" oya="1" hai0="9,93,80,38,5,85,88,18,100,37,68,27,115" hai1="16,116,122,118,26,22,130,94,78,113,132,108,17" hai2="64,90,1,112,2,125,134,14,59,81,109,91,117" hai3="32,98,50,13,102,11,77,133,114,120,74,61,87"/><U19/><E78/><V83/><F117/><N who="1" m="45161" /><E94/><V60/><F112/><W82/><G32/><T127/><D115/><U128/><E113/><V99/><F125/><W62/><G120/><T24/><D127/><U75/><E75/><V15/><F134/><W29/><G114/><T31/><D68/><U103/><E103/><V70/><F109/><W54/><G29/><T58/><D100/><U7/><E122/><V111/><F111/><W126/><G133/><T57/><D38/><U34/><E108/><V79/><F70/><W36/><G36/><T110/><D37/><U44/><E132/><V30/><F30/><W72/><G74/><T48/><D110/><U35/><E7/><V21/><F83/><W124/><G72/><T28/><D93/><U39/><E44/><V73/><F14/><W86/><G86/><T96/><D96/><U63/><E63/><V104/><F104/><W84/><G84/><T123/><D123/><U55/><E55/><V49/><F49/><W23/><G126/><T89/><D89/><U3/><E3/><V45/><F45/><W66/><G124/><T107/><D48/><U129/><E39/><V8/><F99/><W135/><G135/><T76/><D107/><U10/><E10/><V95/><F95/><N who="3" m="58719" /><G11/><T6/><D76/><U101/><E101/><V92/><F92/><W51/><G50/><T42/><D9/><U41/><E41/><V12/><F2/><W69/><G51/><T119/><D42/><U121/><E121/><V71/><F71/><W53/><G62/><T25/><D119/><U47/><E47/><V56/><F8/><RYUUKYOKU ba="0,0" sc="224,-15,237,15,227,-15,312,15" hai1="16,17,19,22,26,34,35,128,129,130" hai3="13,23,53,54,61,66,69,77,82,87" /><INIT seed="1,1,0,3,1,126" ten="209,252,212,327" oya="1" hai0="45,61,32,7,78,67,30,102,79,41,42,53,25" hai1="113,3,132,51,2,62,77,4,15,52,74,59,73" hai2="16,1,34,85,27,128,9,29,120,123,20,87,49" hai3="17,24,107,125,11,13,106,12,122,19,112,33,80"/><U124/><E113/><V56/><F128/><W84/><G112/><T48/><D7/><U82/><E124/><V104/><F104/><W0/><G122/><T38/><D102/><U114/><E114/><V10/><F87/><W91/><G125/><T89/><D41/><U68/><E74/><V14/><F85/><W69/><G69/><T129/><D89/><U134/><E15/><V65/><F65/><W60/><G0/><T23/><D129/><U88/><E88/><V99/><F99/><W5/><G60/><T22/><D22/><U40/><E4/><N who="2" m="1167" /><F56/><W57/><G57/><T47/><D32/><U31/><E31/><V98/><F98/><W95/><G80/><T71/><AGARI ba="1,0" hai="23,25,30,38,42,45,47,48,53,61,67,71,78,79" machi="71" ten="20,1500,0" yaku="0,1,7,1" doraHai="126" who="0" fromWho="0" sc="209,18,252,-8,212,-5,327,-5" /><INIT seed="2,0,0,5,4,89" ten="227,244,207,322" oya="2" hai0="64,80,76,8,15,13,88,129,41,22,111,106,58" hai1="87,49,123,93,121,47,60,42,36,103,79,118,29" hai2="134,65,57,19,40,16,85,32,46,82,27,67,54" hai3="1,35,78,56,97,128,105,26,3,30,104,114,17"/><V21/><F134/><W102/><G114/><T101/><D129/><U91/><E118/><V23/><F32/><W95/><G128/><T24/><D111/><U77/><E29/><V73/><F73/><W99/><G78/><T28/><D41/><U38/><E60/><V53/><F40/><W55/><G17/><T2/><D2/><U124/><E124/><V90/><F46/><W51/><REACH who="3" step="1"/><G105/><REACH who="3" ten="227,244,207,312" step="2"/><T83/><D106/><U72/><E79/><V125/><F125/><W92/><G92/><T7/><D76/><U113/><E113/><V43/><F43/><W6/><G6/><T107/><D83/><U75/><E77/><V0/><F0/><W119/><G119/><T126/><D126/><U62/><E75/><V12/><REACH who="2" step="1"/><F54/><REACH who="2" ten="227,244,197,312" step="2"/><W110/><G110/><T25/><D107/><U117/><E72/><V132/><F132/><W122/><G122/><T33/><D64/><U94/><E117/><V66/><F66/><W127/><G127/><T120/><D120/><U70/><E123/><V39/><F39/><W135/><G135/><T48/><D28/><U61/><E121/><V52/><F52/><W45/><G45/><T133/><D133/><U98/><E36/><V108/><F108/><W69/><G69/><T59/><D58/><U109/><E109/><V5/><F5/><W50/><G50/><AGARI ba="0,2" hai="12,16,19,21,23,27,50,53,57,65,67,82,85,90" machi="50" ten="30,12000,1" yaku="1,1,7,1,8,1,54,1,53,1" doraHai="89" doraHaiUra="84" who="2" fromWho="3" sc="227,0,244,0,197,140,312,-120" /><INIT seed="2,1,0,0,5,80" ten="227,244,337,192" oya="2" hai0="126,94,43,103,74,65,52,61,114,8,10,39,4" hai1="28,44,45,60,108,116,82,38,63,107,9,19,64" hai2="72,50,2,13,5,124,12,49,41,129,84,102,93" hai3="59,104,73,122,98,101,0,97,26,21,48,58,1"/><V14/><F72/><W100/><G73/><T46/><D74/><U125/><E116/><V110/><F129/><W135/><G122/><T7/><D114/><U54/><E107/><V40/><F124/><W81/><G135/><T77/><D126/><U22/><E125/><V70/><F70/><W56/><G81/><T32/><D77/><U16/><E108/><V78/><F110/><W127/><G127/><T15/><D32/><U89/><E28/><V6/><F2/><W99/><G48/><N who="2" m="18537" /><F102/><W111/><G111/><T109/><D109/><U57/><E9/><V118/><F118/><W75/><G75/><T20/><D20/><U25/><E38/><V68/><F68/><W121/><G121/><T27/><D27/><U112/><E112/><V96/><F78/><W119/><G119/><T55/><D103/><U87/><E19/><V79/><F79/><W128/><G98/><T117/><D94/><U95/><E95/><V91/><F96/><W92/><REACH who="3" step="1"/><G128/><REACH who="3" ten="227,244,337,182" step="2"/><T120/><D120/><U34/><REACH who="1" step="1"/><E34/><REACH who="1" ten="227,234,337,182" step="2"/><V66/><F93/><W11/><G11/><T85/><D117/><U53/><E53/><V130/><F130/><W106/><G106/><T62/><D55/><U24/><E24/><V23/><F41/><W17/><AGARI ba="1,2" hai="0,1,17,21,26,56,58,59,92,97,99,100,101,104" machi="17" ten="30,2000,0" yaku="1,1,0,1,53,0" doraHai="80" doraHaiUra="105" who="3" fromWho="3" sc="227,-6,234,-6,337,-11,182,43" /><INIT seed="3,0,0,2,5,132" ten="221,228,326,225" oya="3" hai0="85,81,86,101,24,43,0,102,125,18,129,25,91" hai1="39,94,95,47,7,67,60,20,56,62,112,16,33" hai2="90,17,115,99,121,119,57,64,130,4,26,41,131" hai3="127,61,34,13,11,27,89,84,23,104,38,87,12"/><W58/><G104/><T118/><D118/><U79/><E112/><V97/><F119/><W10/><G38/><T128/><D0/><U73/><E33/><V69/><F115/><W135/><G34/><T1/><D1/><U45/><E7/><V78/><F121/><W123/><G135/><T54/><D43/><U114/><E114/><V103/><F69/><W120/><G123/><T35/><D35/><U6/><E6/><V76/><F4/><W42/><G42/><T2/><D2/><U74/><E39/><V110/><F41/><W30/><G127/><T70/><D81/><U48/><E62/><N who="2" m="37967" /><F110/><W68/><G68/><T92/><D54/><U113/><E113/><V59/><F59/><W5/><G120/><T66/><D66/><U106/><E106/><V36/><F90/><W82/><G87/><T105/><D105/><U93/><E79/><V133/><F133/><W122/><G122/><T80/><D91/><U32/><E32/><V53/><F53/><N who="3" m="33999" /><G5/><T63/><D70/><U55/><REACH who="1" step="1"/><E47/><REACH who="1" ten="221,218,326,225" step="2"/><V117/><F36/><W75/><G75/><T126/><D63/><U37/><E37/><V22/><F117/><W71/><G71/><T3/><D3/><U21/><E21/><V51/><F78/><W88/><G10/><T77/><D77/><U96/><E96/><V49/><F76/><N who="3" m="46151" /><G11/><T15/><D86/><U44/><E44/><V72/><F72/><W107/><G107/><T111/><D85/><U14/><AGARI ba="0,1" hai="14,16,20,45,48,55,56,60,67,73,74,93,94,95" machi="14" ten="30,7900,0" yaku="1,1,0,1,54,1,53,1" doraHai="132" doraHaiUra="8" who="1" fromWho="1" sc="221,-20,218,89,326,-20,225,-39" /><INIT seed="4,0,0,3,1,128" ten="201,307,306,186" oya="0" hai0="78,133,71,58,16,32,123,106,34,63,52,84,135" hai1="51,83,121,129,65,27,120,57,77,113,115,24,61" hai2="103,3,35,44,28,11,37,4,54,69,90,25,126" hai3="89,10,36,13,2,0,22,68,5,76,119,19,100"/><T86/><D123/><N who="1" m="47179" /><E51/><V45/><F126/><W91/><G36/><T116/><D116/><U104/><E104/><V17/><F69/><W43/><G68/><T98/><D71/><U59/><E59/><V50/><F103/><W107/><G43/><T102/><D84/><N who="1" m="48239" /><E129/><V114/><F114/><AGARI ba="0,0" hai="24,27,57,61,65,113,114,115" m="48239,47179" machi="114" ten="30,2000,0" yaku="15,1,11,1" doraHai="128" who="1" fromWho="2" sc="201,0,307,20,306,-20,186,0" /><INIT seed="5,0,0,4,1,51" ten="201,327,286,186" oya="1" hai0="81,28,82,61,20,53,83,39,22,106,135,86,7" hai1="127,48,40,49,12,75,107,14,50,114,72,6,24" hai2="57,26,121,41,36,98,30,64,103,37,95,125,89" hai3="8,10,118,128,54,47,29,4,13,67,65,111,105"/><U5/><E107/><V15/><F121/><W117/><G105/><T122/><D106/><U108/><E24/><V116/><F116/><N who="3" m="44651" /><G111/><T131/><D122/><U92/><E40/><V124/><F15/><N who="1" m="5673" /><E92/><V78/><F78/><W71/><G71/><T119/><D135/><U69/><E69/><V21/><F89/><W55/><G47/><T58/><D39/><U63/><E63/><N who="2" m="37999" /><F41/><W96/><G128/><T87/><D131/><U43/><E43/><V133/><F133/><W60/><G96/><T31/><D119/><U123/><E123/><V77/><F77/><W35/><G10/><T93/><D7/><N who="1" m="2571" /><E114/><V44/><F44/><W84/><G84/><N who="0" m="32299" /><D93/><U18/><E108/><V68/><F68/><N who="3" m="42023" /><G67/><T100/><D100/><U102/><E102/><V115/><F115/><W90/><G90/><T85/><N who="0" m="32307" /><T76/><DORA hai="52" /><D76/><U101/><E101/><V94/><F94/><W1/><G1/><T42/><D42/><U27/><E75/><V56/><F37/><W132/><G132/><T33/><D33/><U62/><E72/><V59/><F36/><W73/><G73/><T66/><D66/><U3/><E3/><V0/><F0/><W23/><G35/><T38/><D38/><U17/><E127/><AGARI ba="0,0" hai="21,26,30,56,59,95,98,103,124,125,127" m="37999" machi="127" ten="30,8000,1" yaku="25,1,18,1,52,3" doraHai="51,52" who="2" fromWho="1" sc="201,0,327,-80,286,80,186,0" /><INIT seed="6,0,0,3,5,68" ten="201,247,366,186" oya="2" hai0="92,8,132,29,130,55,57,37,79,42,106,61,103" hai1="93,90,72,44,41,81,51,110,14,126,118,28,65" hai2="80,62,112,64,120,114,24,47,52,125,67,20,60" hai3="0,71,123,77,11,105,22,38,69,21,2,97,115"/><V23/><F120/><W1/><G123/><T66/><D132/><U98/><E110/><V18/><F125/><W27/><G77/><T3/><D130/><U50/><E118/><V116/><F116/><W129/><G129/><T119/><D119/><U128/><E126/><V88/><F112/><W108/><G108/><T36/><D29/><U30/><E128/><V113/><F113/><W19/><G115/><T109/><D109/><U9/><E65/><V16/><F114/><W63/><G11/><T133/><D133/><U45/><E72/><V127/><F127/><W48/><G38/><T56/><D106/><U25/><E25/><N who="2" m="14471" /><F62/><W85/><G85/><T34/><D42/><N who="1" m="24855" /><E81/><V95/><F80/><W43/><G22/><T99/><D79/><U124/><E124/><V111/><F111/><W53/><G63/><T75/><D75/><U91/><E91/><V70/><F70/><W94/><G43/><T4/><REACH who="0" step="1"/><D34/><REACH who="0" ten="191,247,366,186" step="2"/><U107/><E107/><V58/><F47/><W134/><G105/><T82/><D82/><U59/><E59/><V46/><F46/><W101/><G134/><T17/><D17/><AGARI ba="0,1" hai="9,14,17,28,30,41,45,51,90,93,98" m="24855" machi="17" ten="30,1000,0" yaku="8,1" doraHai="68" who="1" fromWho="0" sc="191,-10,247,20,366,0,186,0" /><INIT seed="7,0,0,1,3,97" ten="181,267,366,186" oya="3" hai0="75,26,128,107,88,99,23,48,7,18,58,96,66" hai1="73,95,54,35,130,45,118,5,121,16,79,115,36" hai2="25,43,129,56,116,0,104,125,44,50,47,85,92" hai3="22,60,15,106,112,93,38,68,37,3,80,134,84"/><W63/><G106/><T19/><D75/><U8/><E121/><V122/><F104/><W108/><G3/><T30/><D128/><U90/><E35/><V52/><F116/><W86/><G108/><T113/><D7/><U6/><E118/><V27/><F0/><W28/><G134/><T70/><D113/><U55/><E115/><V10/><F122/><W12/><G112/><T53/><D70/><U77/><E73/><V40/><F129/><W124/><G124/><T119/><D119/><U89/><E36/><V83/><F92/><W76/><G38/><T71/><D66/><U78/><E90/><V67/><F10/><W87/><G37/><T21/><D71/><U51/><E54/><V100/><F100/><W64/><G63/><T133/><D133/><U49/><E51/><N who="2" m="27015" /><F67/><W32/><G32/><T61/><D48/><U126/><E130/><V114/><F114/><W1/><G1/><T34/><D34/><U102/><E102/><V57/><F125/><W72/><REACH who="3" step="1"/><G93/><REACH who="3" ten="181,267,366,176" step="2"/><N who="0" m="56359" /><D107/><U131/><E126/><V65/><F65/><W94/><G94/><T62/><D62/><U39/><E39/><V82/><F82/><W120/><G120/><T4/><D99/><N who="1" m="57839" /><E131/><V33/><F33/><W59/><G59/><T24/><D4/><U9/><E5/><V109/><F109/><W31/><G31/><AGARI ba="0,1" hai="18,19,21,23,24,26,30,31,53,58,61" m="56359" machi="31" ten="30,3900,0" yaku="25,1,8,1,54,1" doraHai="97" who="0" fromWho="3" sc="181,49,267,0,366,0,176,-39" owari="230,-17.0,267,7.0,366,46.0,137,-36.0" /></mjloggm>