<mjloggm ver="2.3"><GO type="225" lobby="0"/><UN n0="%E5%85%AC%E5%8B%99%E5%93%A1%E3%81%8F%E3%82%93" n1="%E3%83%A1%E3%82%AC%E3%83%87%E3%82%B8" n2="%E5%B0%B1%E6%B4%BB%E7%94%9F%40%E5%B7%9D%E6%9D%91%E8%BB%8D%E5%9B%A3" n3="%E3%81%82%E3%82%89%E3%81%8F%E3%82%8C" dan="17,16,17,16" rate="2119.35,2101.53,2204.93,2168.59" sx="F,M,M,F"/><TAIKYOKU oya="0"/><INIT seed="0,0,0,4,1,54" ten="250,250,250,250" oya="0" hai0="105,27,104,59,22,57,79,7,132,65,100,29,47" hai1="42,83,50,112,119,26,39,110,10,78,56,37,71" hai2="117,107,6,98,75,97,8,60,125,130,94,64,69" hai3="35,114,9,40,88,52,86,15,108,95,5,118,46"/><T90/><D132/><U18/><E71/><V21/><F75/><W1/><G114/><T126/><D79/><U73/><E119/><V133/><F133/><W99/><G118/><T67/><D126/><U41/><E112/><V123/><F130/><W23/><G35/><T92/><D7/><U16/><E110/><V74/><F74/><W19/><G108/><T102/><D47/><U0/><E39/><V122/><F117/><W48/><REACH who="3" step="1"/><G40/><REACH who="3" ten="250,250,250,240" step="2"/><T93/><D105/><U111/><E42/><V36/><F125/><W11/><G11/><T101/><D104/><U63/><E10/><V31/><F107/><W76/><G76/><T2/><D2/><U116/><E0/><V28/><F8/><W68/><G68/><T72/><D72/><U66/><E41/><V24/><F69/><W32/><G32/><T121/><D121/><U53/><E73/><V124/><F124/><W128/><G128/><T85/><D93/><U20/><E111/><V84/><F94/><W34/><G34/><T61/><REACH who="0" step="1"/><D67/><REACH who="0" ten="240,250,250,240" step="2"/><N who="1" m="39399" /><E116/><V80/><F64/><W55/><G55/><T120/><D120/><U87/><E66/><V77/><F122/><W17/><G17/><T44/><D44/><N who="1" m="27847" /><E37/><V81/><F36/><W13/><G13/><T82/><D82/><U103/><E18/><V89/><F123/><W135/><G135/><T62/><D62/><U30/><E16/><V129/><F129/><W58/><G58/><AGARI ba="0,2" hai="22,27,29,57,58,59,61,65,85,90,92,100,101,102" machi="58" ten="40,12000,1" yaku="1,1,8,1,52,3,53,0" doraHai="54" doraHaiUra="51" who="0" fromWho="3" sc="240,140,250,0,250,0,240,-120" /><INIT seed="0,1,0,2,3,58" ten="380,250,250,120" oya="0" hai0="29,6,25,75,81,96,23,122,13,43,117,64,128" hai1="39,42,31,54,110,99,104,71,97,37,45,26,132" hai2="100,38,3,111,41,17,27,1,19,0,72,86,89" hai3="108,76,120,44,20,68,50,70,116,88,123,101,95"/><T107/><D117/><U22/><E71/><V47/><F72/><W79/><G116/><T73/><D122/><N who="3" m="46633" /><G108/><T28/><D128/><U59/><E110/><V83/><F111/><W52/><G20/><T113/><D113/><U51/><E132/><V127/><F127/><W87/><G101/><T11/><D29/><U14/><E104/><V46/><F100/><W124/><G124/><T105/><D43/><U15/><E39/><V133/><F133/><W94/><G94/><T16/><D64/><U69/><E69/><AGARI ba="1,0" hai="44,50,52,68,69,70,76,79,87,88,95" m="46633" machi="69" ten="30,3900,0" yaku="13,1,54,2" doraHai="58" who="3" fromWho="1" sc="380,0,250,-42,250,0,120,42" /><INIT seed="1,0,0,5,2,118" ten="380,208,250,162" oya="1" hai0="99,107,13,58,53,11,100,21,81,106,92,29,16" hai1="85,135,124,90,60,48,114,8,125,67,87,52,36" hai2="101,109,78,102,108,123,7,88,55,110,79,62,126" hai3="117,129,77,2,37,120,19,17,38,3,43,73,33"/><U32/><E36/><V130/><F123/><W61/><G33/><T46/><D46/><U72/><E72/><V68/><F130/><W75/><G129/><T42/><D42/><U51/><E114/><V18/><F126/><N who="1" m="48745" /><E32/><V105/><F7/><W6/><G6/><T84/><D29/><U111/><E135/><V65/><F55/><W24/><G24/><T69/><D69/><N who="1" m="42215" /><E111/><V0/><F0/><W44/><G117/><T128/><D128/><U47/><E90/><V80/><F18/><W54/><G77/><N who="2" m="29193" /><F105/><W28/><G28/><T95/><D107/><U103/><E103/><V41/><F41/><W94/><G43/><T20/><D106/><U63/><E63/><V83/><F83/><W116/><G116/><T98/><D81/><U131/><E131/><V113/><F113/><W76/><G76/><T30/><D95/><U4/><E51/><V14/><F14/><AGARI ba="0,0" hai="4,8,14,47,48,52,85,87" m="42215,48745" machi="14" ten="30,2900,0" yaku="18,1,54,1" doraHai="118" who="1" fromWho="2" sc="380,0,208,29,250,-29,162,0" /><INIT seed="1,1,0,1,0,65" ten="380,237,221,162" oya="1" hai0="41,0,45,67,129,23,113,78,37,124,68,120,7" hai1="32,25,28,109,56,48,74,57,75,73,20,126,81" hai2="105,91,85,18,42,98,72,59,83,122,33,22,1" hai3="34,52,97,35,49,88,58,118,107,86,19,131,8"/><U51/><E126/><V39/><F33/><W90/><G131/><T134/><D113/><U80/><E32/><V63/><F122/><W111/><G111/><T92/><D120/><U26/><E109/><V102/><F1/><W132/><G132/><T55/><D124/><U69/><E69/><V6/><F6/><W114/><G114/><T106/><D106/><U130/><E130/><V44/><F72/><W121/><G121/><T3/><D134/><U61/><E26/><V4/><F4/><W128/><G128/><T133/><D133/><U11/><E11/><V21/><REACH who="2" step="1"/><F18/><REACH who="2" ten="380,237,211,162" step="2"/><W16/><G118/><T93/><D7/><U64/><E57/><V27/><F27/><W36/><G36/><T47/><D37/><U123/><E123/><V103/><F103/><W60/><G34/><T40/><D0/><U50/><AGARI ba="1,1" hai="20,25,28,48,50,51,56,61,64,73,74,75,80,81" machi="50" ten="40,2100,0" yaku="0,1" doraHai="65" who="1" fromWho="1" sc="380,-8,237,34,211,-8,162,-8" /><INIT seed="1,2,0,3,4,65" ten="372,271,203,154" oya="1" hai0="58,15,76,54,125,119,131,19,135,32,53,94,49" hai1="55,3,96,127,91,104,112,88,102,114,122,22,103" hai2="7,35,121,36,42,107,60,52,10,132,29,21,117" hai3="74,44,71,12,66,63,84,78,111,41,67,81,73"/><U89/><E3/><V47/><F107/><W123/><G123/><T80/><D32/><U28/><E122/><V31/><F121/><W20/><G111/><T17/><D119/><U106/><E55/><V72/><F72/><W133/><G133/><T116/><D116/><U75/><E127/><V109/><F117/><W5/><G67/><T61/><D125/><U64/><E64/><V93/><F109/><W0/><G0/><T50/><D131/><U18/><E28/><V70/><F35/><W34/><G34/><T30/><D30/><U37/><E37/><V62/><F93/><W14/><G14/><T105/><D105/><U82/><E18/><V68/><F60/><W120/><G120/><T11/><D135/><U1/><E22/><V43/><F43/><W110/><G110/><T39/><D39/><U9/><E9/><V8/><F8/><W38/><REACH who="3" step="1"/><G5/><REACH who="3" ten="372,271,203,144" step="2"/><T108/><D15/><U85/><E1/><V16/><F132/><W100/><G100/><T128/><D108/><U101/><E75/><V56/><F68/><W83/><G83/><T98/><D80/><U24/><E24/><V2/><F70/><W97/><G97/><T51/><D98/><N who="1" m="61495" /><E102/><V46/><F46/><W23/><G23/><T87/><D11/><U45/><E45/><V69/><F69/><W59/><G59/><T48/><D54/><U33/><E33/><V118/><F118/><W86/><G86/><T13/><D53/><U92/><E106/><V25/><AGARI ba="2,1" hai="2,7,10,16,21,25,29,31,36,42,47,52,56,62" machi="25" ten="20,5200,0" yaku="0,1,7,1,54,2" doraHai="65" who="2" fromWho="2" sc="372,-15,271,-28,203,68,144,-15" /><INIT seed="2,0,0,4,2,4" ten="357,243,271,129" oya="2" hai0="59,20,99,50,133,103,3,74,24,106,9,115,86" hai1="58,39,66,101,19,63,46,111,102,130,125,98,6" hai2="12,55,21,29,135,14,57,131,104,60,89,54,23" hai3="90,41,68,107,48,38,118,16,110,30,34,108,94"/><V129/><F104/><W47/><G118/><T73/><D133/><U36/><E111/><N who="3" m="42538" /><G107/><T127/><D115/><U87/><E125/><V35/><F35/><W109/><N who="3" m="42546" /><W67/><DORA hai="120" /><G38/><T124/><D86/><U85/><E102/><V119/><F119/><W28/><G34/><T56/><D9/><U42/><E39/><V77/><F135/><W76/><G76/><T122/><D122/><U31/><E19/><V82/><F77/><W80/><G80/><T113/><D106/><U123/><E123/><V33/><F82/><W92/><G16/><T0/><D124/><U40/><E6/><V84/><F33/><W37/><G37/><T72/><D127/><U93/><E130/><V27/><F23/><W91/><G67/><T5/><D5/><U126/><E126/><V114/><F114/><W64/><G64/><T75/><D20/><U61/><E31/><N who="3" m="11818" /><G68/><T116/><D116/><U65/><E36/><V69/><F69/><W117/><G117/><T49/><D113/><U25/><E25/><V62/><F129/><W128/><G128/><T1/><D73/><U17/><E17/><V44/><F131/><W8/><G8/><T121/><D24/><U11/><E11/><V81/><F21/><W96/><G94/><N who="0" m="58871" /><D121/><U32/><E32/><V26/><F29/><W45/><G47/><T100/><D72/><U97/><E46/><V22/><F27/><W10/><G10/><T71/><D75/><U112/><E112/><V7/><F26/><W88/><AGARI ba="0,0" hai="41,45,48,88,90,91,92,96" m="11818,42546" machi="88" ten="50,12000,2" yaku="14,1,52,4,54,1" doraHai="4,120" who="3" fromWho="3" sc="357,-30,243,-30,271,-60,129,120" /><INIT seed="3,0,0,5,0,115" ten="327,213,211,249" oya="3" hai0="114,111,33,83,123,133,7,95,55,24,94,9,125" hai1="32,23,47,106,128,5,34,98,99,102,78,45,2" hai2="76,52,38,50,73,63,104,57,97,49,119,14,13" hai3="10,88,48,61,35,40,36,103,129,101,19,53,60"/><W11/><G35/><T0/><D123/><U29/><E78/><V79/><F119/><W27/><G129/><T93/><D125/><U124/><E124/><V120/><F38/><W112/><G112/><T8/><D133/><U108/><E108/><V16/><F120/><W1/><G40/><T37/><D111/><U121/><E121/><V80/><F14/><W84/><G36/><T21/><D114/><U62/><E128/><V26/><F79/><W92/><G1/><T44/><D9/><N who="3" m="3081" /><G19/><T59/><D33/><U96/><E5/><V12/><F12/><W72/><G72/><T31/><D83/><U82/><E82/><V66/><F26/><W135/><G27/><T68/><D68/><U18/><E2/><V6/><F6/><W105/><G105/><T100/><D44/><U17/><E17/><V39/><F39/><W116/><G116/><T91/><D37/><U51/><E45/><V117/><F117/><W122/><G135/><T87/><D100/><N who="3" m="38473" /><G122/><T56/><D56/><AGARI ba="0,0" hai="48,53,56,60,61,84,88,92" m="38473,3081" machi="56" ten="30,2900,0" yaku="8,1,54,1" doraHai="115" who="3" fromWho="0" sc="327,-29,213,0,211,0,249,29" /><INIT seed="3,1,0,1,4,17" ten="298,213,211,278" oya="3" hai0="39,120,102,130,83,111,10,124,103,84,123,24,73" hai1="76,12,46,118,28,129,134,86,2,13,58,94,52" hai2="79,109,67,26,77,128,37,126,65,69,42,135,107" hai3="35,75,25,51,117,22,23,113,7,105,31,122,43"/><W47/><G117/><T119/><D39/><U99/><E2/><V20/><F107/><W85/><G122/><T57/><D73/><U0/><E0/><V3/><F3/><W53/><G75/><T27/><D119/><U16/><E118/><V88/><F69/><W93/><G105/><T127/><D111/><U19/><E46/><V38/><F109/><W106/><G106/><T41/><D41/><U4/><E28/><V29/><F37/><W6/><G113/><T131/><D10/><N who="1" m="4167" /><E129/><N who="0" m="49161" /><D57/><U18/><E134/><V87/><F128/><W33/><G33/><T14/><D14/><U36/><E36/><V116/><F116/><W40/><G35/><T98/><D27/><U44/><E44/><V82/><F135/><W49/><G40/><T50/><D50/><N who="1" m="30999" /><E86/><V90/><F126/><N who="0" m="48170" /><D24/><U34/><E34/><V8/><F42/><W61/><G61/><T121/><D98/><U101/><E76/><AGARI ba="1,0" hai="76,83,84,102,103,120,121,123" m="48170,49161" machi="76" ten="40,8000,1" yaku="19,1,18,1,34,2" doraHai="17" who="0" fromWho="1" sc="298,83,213,-83,211,0,278,0" owari="381,48.0,130,-37.0,211,-19.0,278,8.0" /></mjloggm>