<mjloggm ver="2.3"><GO type="169" lobby="0"/><UN n0="%E3%80%93%E3%81%84%E3%81%A1%E3%81%AF%E3%82%89%E3%80%93" n1="%E3%81%92%E3%81%A3%E3%81%A1" n2="%E5%B0%B1%E6%B4%BB%E7%94%9F%40%E5%B7%9D%E6%9D%91%E8%BB%8D%E5%9B%A3" n3="%E3%81%B3%E3%82%93%E3%81%B3%E3%82%93" dan="18,16,17,16" rate="2202.77,2122.58,2181.84,2081.44" sx="M,M,M,M"/><TAIKYOKU oya="0"/><INIT seed="0,0,0,5,4,40" ten="250,250,250,250" oya="0" hai0="106,69,13,5,12,25,28,10,19,57,36,50,89" hai1="8,21,91,39,82,77,122,35,102,111,109,124,46" hai2="3,52,112,24,22,90,31,14,78,53,29,55,133" hai3="92,27,44,83,110,131,37,98,42,115,85,0,113"/><T80/><D36/><U43/><E35/><V125/><F3/><W33/><G0/><T73/><D69/><U108/><E122/><V81/><F112/><W129/><G110/><T134/><D106/><U56/><E124/><V59/><F133/><W104/><G104/><T30/><D134/><U62/><E102/><V93/><F125/><W23/><G33/><T74/><D30/><U100/><E100/><V118/><F118/><W121/><G121/><T107/><D107/><U71/><E71/><V86/><F14/><W72/><G72/><T95/><D80/><U11/><E91/><V1/><F1/><W114/><G98/><T15/><D15/><U7/><E21/><V88/><F90/><W54/><G54/><T17/><D5/><U76/><E76/><V58/><REACH who="2" step="1"/><F29/><REACH who="2" ten="250,250,240,250" step="2"/><W103/><G103/><T117/><D117/><U60/><E108/><V16/><F16/><N who="3" m="12775" /><G115/><T94/><D28/><U66/><E109/><V67/><F67/><W51/><G114/><T38/><D19/><U41/><E7/><V97/><AGARI ba="0,1" hai="22,24,31,52,53,55,58,59,78,81,86,88,93,97" machi="97" ten="30,8000,1" yaku="1,1,0,1,8,1,54,2,53,0" doraHai="40" doraHaiUra="135" who="2" fromWho="2" sc="250,-40,250,-20,240,90,250,-20" /><INIT seed="1,0,0,0,1,97" ten="210,230,330,230" oya="1" hai0="131,104,87,12,16,99,98,108,54,90,29,115,43" hai1="68,93,25,17,85,72,64,36,49,89,114,0,117" hai2="4,113,107,13,2,60,122,37,32,24,79,82,34" hai3="15,105,19,52,8,42,78,94,120,132,47,81,58"/><U118/><E36/><V59/><F2/><W92/><G105/><T5/><D108/><U121/><E114/><V31/><F122/><W14/><G120/><T28/><D115/><U20/><E121/><V133/><F133/><W77/><G132/><T55/><D131/><U103/><E72/><V127/><F37/><W73/><G78/><T67/><D5/><U27/><E0/><V41/><F41/><W48/><REACH who="3" step="1"/><G15/><REACH who="3" ten="210,230,330,220" step="2"/><T22/><D104/><U65/><E118/><V101/><F13/><W106/><G106/><T66/><D43/><U23/><E117/><V111/><F107/><W62/><AGARI ba="0,1" hai="8,14,19,42,47,48,52,58,62,73,77,81,92,94" machi="62" ten="20,5200,0" yaku="1,1,0,1,7,1,54,1,53,0" doraHai="97" doraHaiUra="100" who="3" fromWho="3" sc="210,-13,230,-26,330,-13,220,62" /><INIT seed="2,0,0,3,1,130" ten="197,204,317,282" oya="2" hai0="80,135,128,66,132,13,37,115,86,68,87,119,84" hai1="117,40,52,97,48,10,54,51,49,1,101,45,23" hai2="129,118,14,9,107,60,122,95,47,111,73,125,56" hai3="42,65,32,112,108,109,26,44,16,8,110,121,85"/><V22/><F107/><W133/><G121/><T100/><D37/><U83/><E117/><V63/><F122/><W81/><G112/><T134/><D115/><U57/><E83/><V12/><F118/><W35/><G65/><T25/><D119/><U29/><E1/><V31/><F73/><W7/><G133/><T79/><D128/><U59/><E10/><V30/><F129/><W91/><G26/><T77/><D100/><U50/><E29/><V98/><F125/><W102/><G102/><T104/><D104/><U3/><E3/><V72/><F72/><W116/><G116/><T89/><D25/><U28/><E28/><V78/><F78/><N who="0" m="29706" /><D13/><U19/><E50/><V93/><F111/><W33/><G16/><T36/><D36/><U124/><E124/><V131/><F131/><W114/><G114/><T90/><D66/><U76/><E76/><V15/><F9/><W38/><G35/><T46/><D68/><U11/><E11/><V41/><F22/><W43/><G43/><T127/><D46/><U18/><REACH who="1" step="1"/><E23/><REACH who="1" ten="197,194,317,282" step="2"/><V0/><F0/><AGARI ba="0,1" hai="0,7,8,32,33,38,42,44,81,85,91,108,109,110" machi="0" ten="40,1300,0" yaku="14,1" doraHai="130" who="3" fromWho="2" sc="197,0,194,0,317,-13,282,23" /><INIT seed="3,0,0,3,5,91" ten="197,194,304,305" oya="3" hai0="80,21,7,23,1,11,15,126,68,86,35,102,49" hai1="78,114,17,70,40,131,57,46,33,115,76,135,81" hai2="62,120,83,50,88,55,101,74,69,51,72,104,38" hai3="122,121,61,97,85,52,31,133,39,47,100,96,10"/><W65/><G133/><T12/><D68/><U87/><E70/><V22/><F38/><W41/><G85/><T127/><D102/><U32/><E135/><V128/><F128/><W56/><G31/><T108/><D49/><U89/><E131/><V34/><F34/><W19/><G97/><T129/><D86/><U79/><E57/><V0/><F0/><W27/><G65/><T103/><D103/><U106/><E106/><V36/><F36/><W3/><G27/><T66/><D66/><U45/><E45/><V6/><F6/><W105/><REACH who="3" step="1"/><G19/><REACH who="3" ten="197,194,304,295" step="2"/><T117/><D129/><U54/><E17/><V73/><F73/><W111/><G111/><T113/><D108/><U123/><E115/><V75/><F74/><W116/><G116/><T64/><D117/><U93/><E114/><V132/><F75/><W53/><G53/><T112/><D113/><U109/><E54/><V125/><F55/><W107/><G107/><T90/><D64/><U82/><E109/><V26/><F104/><W16/><G16/><T2/><D112/><U24/><E24/><V30/><F26/><W63/><G63/><T13/><D80/><U43/><E33/><V25/><F62/><W92/><G92/><T28/><D35/><U8/><E32/><V44/><F83/><W29/><G29/><T130/><D28/><U18/><E82/><V99/><F30/><W124/><G124/><T59/><D127/><U67/><E81/><V48/><F125/><W60/><G60/><T77/><D126/><U4/><E67/><V5/><F72/><W58/><G58/><T134/><D59/><RYUUKYOKU ba="0,1" sc="197,-10,194,-10,304,-10,295,30" hai3="3,10,39,41,47,52,56,61,96,100,105,121,122" /><INIT seed="3,1,1,2,5,83" ten="187,184,294,325" oya="3" hai0="76,123,78,94,120,113,11,82,100,35,46,61,13" hai1="0,38,116,131,128,104,111,56,117,64,28,115,32" hai2="89,80,75,26,67,84,71,98,132,127,105,24,29" hai3="58,23,107,114,87,40,6,102,41,50,14,54,42"/><W122/><G114/><T72/><D35/><U19/><E104/><V96/><F127/><W62/><G122/><T93/><D113/><U36/><E115/><V126/><F126/><W65/><G107/><T86/><D61/><N who="1" m="37927" /><E111/><V44/><F132/><W45/><G102/><T34/><D34/><U8/><E28/><V91/><F75/><W81/><G23/><T4/><D78/><U68/><E32/><V37/><F105/><W66/><G66/><T3/><D94/><U43/><E68/><V33/><F26/><W110/><G110/><T39/><D13/><N who="1" m="7591" /><E0/><V121/><F121/><W88/><REACH who="3" step="1"/><G65/><REACH who="3" ten="187,184,294,315" step="2"/><T55/><D120/><U10/><E10/><AGARI ba="1,2" hai="6,10,14,40,41,42,45,50,54,58,62,81,87,88" machi="10" ten="40,12000,1" yaku="1,1,2,1,8,1,52,1,54,1,53,0" doraHai="83" doraHaiUra="129" who="3" fromWho="1" sc="187,0,184,-123,294,0,315,143" /><INIT seed="3,2,0,4,4,50" ten="187,61,294,458" oya="3" hai0="78,74,43,5,113,36,41,47,52,119,111,110,34" hai1="86,58,88,94,80,62,109,126,128,42,2,70,51" hai2="102,118,87,40,103,67,105,131,22,64,61,92,69" hai3="26,85,11,71,33,106,104,97,81,12,133,0,100"/><W65/><G133/><T73/><D34/><U57/><E2/><V23/><F105/><W95/><G0/><T44/><D119/><U38/><E109/><N who="0" m="41481" /><D113/><U27/><E38/><V28/><F28/><W10/><G10/><T83/><D5/><U108/><E108/><V76/><F118/><W68/><G26/><T20/><D20/><U91/><E128/><V101/><F67/><W3/><G33/><T114/><D114/><U82/><E126/><V115/><F115/><W120/><G3/><T56/><D74/><U14/><E70/><V121/><F121/><W72/><G120/><T123/><D123/><U132/><E132/><V84/><F40/><N who="0" m="15434" /><D36/><U9/><E27/><V89/><F131/><W124/><G124/><T75/><D73/><U35/><E35/><V63/><F63/><AGARI ba="2,0" hai="44,47,52,56,63,75,78,83" m="15434,41481" machi="63" ten="30,3900,0" yaku="14,1,52,1,54,1" doraHai="50" who="0" fromWho="2" sc="187,45,61,0,294,-45,458,0" /><INIT seed="4,0,0,2,0,41" ten="232,61,249,458" oya="0" hai0="51,113,117,85,135,120,69,81,88,18,131,48,93" hai1="24,130,5,102,121,45,2,8,12,86,126,47,68" hai2="124,89,106,9,112,17,66,125,0,3,59,105,20" hai3="27,7,4,33,52,36,56,99,114,49,63,65,97"/><T26/><D120/><U115/><E121/><V128/><F112/><W82/><G36/><T73/><D117/><U31/><E68/><V79/><F128/><W15/><G114/><T57/><D69/><U118/><E115/><V44/><F79/><W29/><G82/><T80/><D113/><U72/><E72/><V91/><F59/><W14/><G4/><T13/><D131/><U23/><E118/><V21/><F66/><W37/><G37/><T96/><D135/><U61/><E61/><V104/><F44/><N who="1" m="16969" /><E130/><V83/><F83/><W70/><G7/><T22/><D73/><U58/><E2/><N who="2" m="555" /><F17/><W55/><G55/><T100/><D81/><U134/><E134/><V35/><F9/><W60/><G60/><T34/><D34/><U133/><E133/><V30/><F30/><W54/><G54/><T95/><D57/><U92/><E126/><N who="2" m="48747" /><F35/><W74/><G74/><T50/><D80/><U109/><E109/><V98/><F98/><W103/><G97/><T101/><D101/><U38/><E38/><V28/><F28/><W119/><G119/><T75/><D75/><U64/><E102/><V77/><F77/><W10/><G10/><T108/><REACH who="0" step="1"/><D108/><REACH who="0" ten="222,61,249,458" step="2"/><U25/><E58/><V53/><F53/><W43/><G43/><T123/><D123/><U19/><E64/><V90/><AGARI ba="0,1" hai="20,21,89,90,91,104,105,106" m="48747,555" machi="90" ten="50,6400,0" yaku="28,2,18,1" doraHai="41" who="2" fromWho="2" sc="222,-32,61,-16,249,74,458,-16" /><INIT seed="5,0,0,1,4,21" ten="190,45,323,442" oya="1" hai0="52,99,51,132,68,57,98,110,128,114,127,15,26" hai1="25,112,82,29,73,2,100,12,39,64,86,101,23" hai2="76,36,18,70,85,30,84,83,88,134,42,45,135" hai3="63,7,107,22,50,66,120,31,3,126,81,40,24"/><U124/><E2/><V10/><F70/><W78/><G107/><T13/><D110/><U62/><E73/><V32/><F18/><W103/><G103/><T130/><D68/><U56/><E39/><V67/><F67/><W65/><G120/><T90/><D132/><N who="2" m="50730" /><F10/><W4/><G3/><T55/><D127/><U133/><E133/><V96/><F96/><W93/><G93/><T20/><D114/><U28/><E124/><V59/><F59/><W79/><G126/><T61/><D90/><U72/><E72/><V121/><F121/><W48/><G66/><T54/><D99/><U0/><E0/><V87/><F76/><W92/><G92/><T123/><D98/><U47/><E112/><V17/><F17/><W38/><G38/><T69/><D69/><U41/><E28/><V131/><F131/><N who="0" m="50218" /><D123/><U49/><REACH who="1" step="1"/><E12/><REACH who="1" ten="190,35,323,442" step="2"/><N who="0" m="4681" /><D61/><U8/><E8/><V14/><F14/><W9/><G31/><AGARI ba="0,1" hai="20,26,31,51,52,54,55,57" m="4681,50218" machi="31" ten="30,3900,0" yaku="19,1,52,1,54,1" doraHai="21" who="0" fromWho="3" sc="190,49,35,0,323,0,442,-39" /><INIT seed="6,0,0,2,5,96" ten="239,35,323,403" oya="2" hai0="46,91,83,27,17,69,111,132,85,124,126,76,15" hai1="97,77,112,35,64,4,93,43,106,13,131,108,84" hai2="128,110,122,72,130,1,38,41,135,92,16,53,115" hai3="5,120,116,90,100,70,32,117,129,29,55,133,71"/><V87/><F1/><W31/><G5/><T80/><D69/><U37/><E13/><V75/><F122/><W8/><G8/><T62/><D111/><U88/><E64/><V95/><F110/><W42/><G42/><T118/><D118/><U23/><E23/><V61/><F41/><W44/><G44/><T81/><D132/><U51/><E51/><V18/><F38/><W74/><G90/><T52/><D27/><U47/><E4/><V60/><F135/><W78/><G55/><T82/><D76/><U50/><E108/><V101/><F115/><W86/><G86/><T22/><REACH who="0" step="1"/><D46/><REACH who="0" ten="229,35,323,403" step="2"/><U119/><E119/><V3/><F75/><W56/><G74/><T26/><D26/><U0/><E35/><V134/><F72/><W127/><G71/><T67/><D67/><U59/><E0/><V89/><F3/><W68/><G32/><T48/><D48/><U103/><E112/><V21/><F134/><W2/><G117/><T66/><D66/><U49/><E131/><V14/><F128/><W28/><G129/><T114/><D114/><U9/><E9/><N who="2" m="6223" /><F130/><W104/><G133/><T11/><D11/><U102/><E59/><AGARI ba="0,1" hai="15,17,22,52,59,62,80,81,82,83,85,91,124,126" machi="59" ten="40,2600,0" yaku="1,1,54,1,53,0" doraHai="96" doraHaiUra="105" who="0" fromWho="1" sc="229,36,35,-26,323,0,403,0" /><INIT seed="7,0,0,1,4,120" ten="265,9,323,403" oya="3" hai0="132,110,34,3,123,8,31,43,109,0,63,1,55" hai1="66,67,11,92,62,19,104,76,52,79,128,99,59" hai2="23,89,73,85,39,42,134,36,48,68,24,15,96" hai3="101,16,22,95,84,26,35,44,90,78,32,98,127"/><W37/><G127/><T72/><D43/><U82/><E104/><V126/><F73/><W60/><G78/><T113/><D72/><U118/><E118/><V81/><F126/><W45/><G60/><T57/><D123/><U65/><E128/><V64/><F134/><W105/><G37/><T91/><D132/><U53/><E82/><V133/><F133/><W13/><G35/><T80/><D113/><U9/><E62/><V100/><F15/><W116/><G116/><T14/><D31/><U102/><E59/><V10/><F10/><W97/><G32/><T5/><REACH who="0" step="1"/><D34/><REACH who="0" ten="255,9,323,403" step="2"/><U61/><E61/><V75/><F75/><W49/><G105/><T111/><D111/><U25/><E25/><V27/><F42/><W70/><G26/><T94/><D94/><U18/><E92/><V93/><F27/><W117/><G95/><T130/><D130/><U121/><E121/><V51/><F39/><W29/><G29/><T40/><D40/><U115/><E115/><V46/><F36/><W71/><G117/><T103/><D103/><U69/><E102/><V56/><F24/><W83/><G101/><T129/><D129/><U47/><E47/><V74/><F46/><W86/><G45/><T4/><D4/><U87/><E87/><AGARI ba="0,1" hai="0,1,3,5,8,14,55,57,63,80,87,91,109,110" machi="87" ten="40,5200,0" yaku="1,1,52,2,53,0" doraHai="120" doraHaiUra="135" who="0" fromWho="1" sc="255,62,9,-52,323,0,403,0" owari="317,-8.0,-43,-54.0,323,12.0,403,50.0" /></mjloggm>