<mjloggm ver="2.3"><GO type="169" lobby="0"/><UN n0="%50%55%59%4F%50%4F%50" n1="%E3%82%B7%E3%83%A3%E3%83%BC%E3%83%AA%E3%83%97%E3%83%88%E3%83%A9" n2="%E3%83%88%E3%83%88%E3%83%AA%E5%85%88%E7%94%9F%31%39%E6%AD%B3" n3="%6D%61%67%69%63%6F" dan="16,16,18,16" rate="2091.20,2055.76,2251.77,2046.45" sx="M,M,F,M"/><TAIKYOKU oya="0"/><INIT seed="0,0,0,3,0,60" ten="250,250,250,250" oya="0" hai0="49,39,109,35,107,89,96,32,46,51,101,47,132" hai1="5,98,123,84,6,26,52,28,33,21,54,16,7" hai2="40,111,18,44,8,93,66,129,83,77,42,119,45" hai3="124,118,2,13,29,64,17,121,95,10,62,131,130"/><T79/><D79/><U80/><E98/><V126/><F111/><W0/><G118/><T70/><D132/><U30/><E123/><V55/><F129/><N who="3" m="49163" /><G121/><T73/><D73/><U115/><E115/><V135/><F135/><W85/><G29/><T38/><D89/><U65/><E65/><V31/><F126/><W100/><G124/><T112/><D112/><U19/><E19/><V36/><F31/><N who="1" m="11817" /><E33/><V102/><F55/><W90/><G100/><T75/><D101/><U41/><E41/><V48/><F119/><W120/><G120/><T116/><D75/><U114/><E114/><V122/><F122/><W3/><G3/><T76/><D96/><U106/><E106/><V69/><F102/><W103/><G103/><T134/><D134/><U34/><E34/><V108/><F108/><W1/><G1/><T57/><D109/><U125/><E125/><V94/><F18/><W133/><G133/><T82/><D107/><U104/><E104/><V53/><F42/><W87/><G87/><T25/><D116/><U88/><AGARI ba="0,0" hai="5,6,7,16,21,26,52,54,80,84,88" m="11817" machi="88" ten="30,7900,0" yaku="8,1,54,3" doraHai="60" who="1" fromWho="1" sc="250,-39,250,79,250,-20,250,-20" /><INIT seed="1,0,0,1,1,34" ten="211,329,230,230" oya="1" hai0="43,31,91,37,112,40,84,41,77,50,64,102,80" hai1="134,94,48,60,0,96,25,109,106,53,127,12,33" hai2="42,5,79,121,124,74,55,67,75,3,15,27,24" hai3="108,9,113,7,135,70,49,22,122,81,16,104,36"/><U126/><E106/><V132/><F121/><W86/><G36/><T17/><D112/><U129/><E12/><V14/><F132/><W46/><G70/><T52/><D31/><U89/><E60/><V51/><F124/><W128/><G104/><T29/><D29/><N who="1" m="19631" /><E134/><V99/><F42/><N who="0" m="16490" /><D102/><U83/><E83/><V120/><F120/><W118/><G113/><T11/><D37/><U21/><E21/><V68/><F99/><W111/><G122/><T101/><D101/><U6/><E6/><V18/><F14/><W59/><G118/><T125/><D125/><N who="1" m="47627" /><E129/><V66/><F68/><W56/><G128/><T32/><D32/><U58/><E109/><N who="3" m="42058" /><G135/><T30/><D30/><U87/><E96/><V92/><F92/><W26/><G81/><T73/><D73/><U114/><E114/><V97/><F97/><W82/><G86/><T133/><D133/><U110/><E110/><V2/><F74/><W54/><G82/><T76/><D43/><U131/><E131/><V28/><F75/><W62/><G62/><T20/><D11/><U123/><E123/><V1/><F28/><W8/><G8/><T61/><D61/><U95/><E95/><V63/><F63/><W72/><G72/><T117/><D117/><U98/><E98/><V10/><F79/><W93/><G93/><T47/><D64/><N who="2" m="24618" /><F5/><W65/><G65/><T78/><D78/><U85/><E85/><V119/><F119/><W38/><G38/><T39/><D39/><U69/><E69/><V103/><F103/><W107/><G107/><T23/><D23/><U57/><E94/><V35/><F35/><RYUUKYOKU ba="0,0" sc="211,10,329,-30,230,10,230,10" hai0="17,20,47,50,52,76,77,80,84,91" hai2="1,2,3,10,15,18,24,27,51,55" hai3="7,9,16,22,26,46,49,54,56,59" /><INIT seed="2,1,0,4,4,46" ten="221,299,240,240" oya="2" hai0="91,79,78,110,1,10,126,5,120,25,94,38,32" hai1="43,50,81,74,122,36,75,16,14,77,63,19,7" hai2="132,103,21,131,45,9,87,106,124,40,52,85,4" hai3="116,35,92,115,135,82,117,121,128,18,88,130,98"/><V11/><F131/><N who="3" m="50219" /><G35/><T62/><D120/><U113/><E113/><V80/><F132/><W107/><G121/><T23/><D110/><U111/><E122/><V70/><F70/><W102/><G18/><T37/><D126/><U28/><E28/><V105/><F124/><W48/><G48/><T58/><D32/><U13/><E111/><V125/><F125/><W54/><G54/><T27/><D62/><U100/><E100/><V114/><F114/><W76/><G115/><T65/><D65/><U104/><E104/><V3/><F103/><W90/><G135/><T95/><D58/><U97/><E97/><V133/><F133/><W73/><G90/><T20/><D20/><U44/><E7/><V108/><F108/><W67/><G67/><T42/><D27/><U12/><E36/><V17/><F11/><W66/><G66/><T101/><D42/><U129/><E63/><V47/><F47/><W86/><AGARI ba="1,0" hai="73,76,82,86,88,92,98,102,107,116,117" m="50219" machi="86" ten="30,8000,1" yaku="24,1,19,1,34,2,54,1" doraHai="46" who="3" fromWho="3" sc="221,-21,299,-21,240,-41,240,83" /><INIT seed="3,0,0,2,4,121" ten="200,278,199,323" oya="3" hai0="39,116,79,117,77,53,91,71,80,94,18,66,132" hai1="114,63,118,56,72,19,16,126,70,111,41,123,95" hai2="3,37,86,99,23,90,24,78,52,34,75,100,25" hai3="82,38,8,5,115,73,13,21,120,113,125,119,67"/><W135/><G119/><T85/><D39/><U112/><E70/><V76/><F37/><W122/><G38/><T10/><D132/><U74/><E41/><V133/><F3/><W48/><G135/><T58/><D71/><U50/><E50/><V69/><F69/><W62/><G125/><T2/><D66/><U17/><E123/><V108/><F133/><W46/><G120/><T107/><D107/><U96/><E126/><V6/><F6/><W15/><G122/><T49/><D79/><U97/><E118/><V109/><F34/><W92/><G92/><T131/><D131/><U47/><E47/><V31/><F25/><W104/><G104/><T0/><D0/><U54/><E111/><N who="2" m="42571" /><F75/><W9/><G73/><T7/><D18/><U36/><E36/><V42/><F42/><W44/><G5/><T101/><D101/><U43/><E43/><V61/><F52/><W65/><G65/><T35/><D35/><U98/><E74/><AGARI ba="0,0" hai="2,7,10,49,53,58,74,77,80,85,91,94,116,117" machi="74" ten="30,1000,0" yaku="7,1" doraHai="121" who="0" fromWho="1" sc="200,10,278,-10,199,0,323,0" /><INIT seed="4,0,0,3,4,65" ten="210,268,199,323" oya="0" hai0="37,21,118,122,85,104,29,68,22,127,71,95,80" hai1="125,54,33,115,94,72,97,108,18,116,31,58,91" hai2="78,114,107,98,106,44,88,41,13,76,81,42,59" hai3="17,20,26,62,24,14,103,19,89,27,32,86,109"/><T79/><D122/><U23/><E72/><V30/><F114/><W64/><G109/><T48/><D118/><U83/><E108/><V16/><F30/><W51/><G103/><T63/><D37/><U113/><E116/><V53/><F106/><W25/><G51/><T92/><D104/><U70/><E70/><V12/><F12/><W52/><G52/><T56/><D127/><U61/><E125/><V129/><F129/><W36/><G36/><T43/><D22/><U102/><E31/><V47/><F107/><W120/><G120/><T34/><D34/><U75/><E33/><V130/><F130/><W45/><G45/><N who="2" m="17481" /><F78/><W38/><G38/><T60/><D60/><U15/><E75/><V73/><F76/><W74/><G74/><T39/><D39/><U2/><E2/><V99/><F99/><W35/><G26/><T90/><D43/><U10/><E10/><N who="2" m="6199" /><F73/><W4/><G32/><T135/><D135/><U133/><E133/><V87/><F98/><W6/><G35/><T124/><D124/><U57/><E57/><V82/><F82/><N who="3" m="49367" /><G19/><T128/><D128/><U119/><E119/><V84/><F84/><W55/><G4/><T1/><D1/><U132/><E132/><V69/><F69/><N who="0" m="26698" /><D79/><U11/><E11/><V67/><F67/><W100/><G64/><N who="0" m="39015" /><D48/><AGARI ba="0,0" hai="41,42,48,53,59,81,87,88" m="6199,17481" machi="48" ten="30,3900,0" yaku="8,1,54,2" doraHai="65" who="2" fromWho="0" sc="210,-39,268,0,199,39,323,0" /><INIT seed="5,0,0,4,3,111" ten="171,268,238,323" oya="1" hai0="35,26,0,55,5,65,78,75,88,29,6,3,28" hai1="69,39,48,14,64,113,61,82,50,97,53,24,112" hai2="21,68,47,104,90,31,134,8,12,63,66,117,32" hai3="73,40,30,57,36,56,19,20,33,129,38,99,128"/><U67/><E39/><N who="3" m="14890" /><G40/><T91/><D65/><U89/><E64/><V17/><F134/><W119/><G73/><T44/><D75/><U121/><E121/><V46/><F117/><W102/><G30/><T27/><D78/><U101/><E14/><V105/><F32/><W11/><G11/><T43/><D55/><U62/><E62/><V127/><F127/><W41/><G41/><T51/><D5/><U37/><E37/><V18/><F31/><W118/><G33/><T58/><D58/><N who="3" m="22633" /><G20/><T106/><D106/><U122/><E122/><V109/><F109/><W103/><G19/><T76/><D76/><U16/><E89/><V83/><F104/><N who="3" m="63583" /><G103/><T49/><D49/><U42/><E82/><V4/><F18/><W100/><G100/><T2/><REACH who="0" step="1"/><D6/><REACH who="0" ten="161,268,238,323" step="2"/><U54/><E42/><V15/><F105/><W70/><G70/><T13/><D13/><U92/><E48/><V133/><F133/><W10/><G118/><T93/><D93/><U110/><E110/><V85/><AGARI ba="0,1" hai="4,8,12,15,17,21,46,47,63,66,68,83,85,90" machi="85" ten="30,1100,0" yaku="0,1" doraHai="111" who="2" fromWho="2" sc="161,-3,268,-5,238,21,323,-3" /><INIT seed="6,0,0,2,5,133" ten="158,263,259,320" oya="2" hai0="79,71,46,27,68,11,42,126,18,47,5,17,125" hai1="84,122,132,30,37,22,61,135,44,93,119,124,92" hai2="69,72,38,1,28,87,54,45,57,9,49,55,35" hai3="80,62,26,120,127,134,116,130,12,105,33,63,109"/><V96/><F72/><W48/><G48/><T112/><D112/><U20/><E119/><V97/><F69/><W25/><G80/><T64/><D79/><U32/><E32/><V51/><F38/><W100/><G100/><T111/><D111/><U10/><E37/><V29/><F1/><W129/><G105/><T65/><D27/><N who="3" m="10249" /><G62/><T81/><D81/><U77/><E30/><N who="2" m="11883" /><F35/><W128/><G63/><T52/><D42/><U58/><E10/><V99/><F9/><W0/><G116/><T39/><D39/><U123/><E61/><V114/><F114/><W3/><G109/><T94/><D11/><U70/><E58/><N who="2" m="33103" /><F87/><W102/><G120/><T73/><D73/><U66/><E84/><V117/><F117/><W86/><G86/><T59/><D59/><AGARI ba="0,0" hai="45,51,55,57,59,96,97,99" m="33103,11883" machi="59" ten="30,1500,0" yaku="8,1" doraHai="133" who="2" fromWho="0" sc="158,-15,263,0,259,15,320,0" /><INIT seed="6,1,0,1,0,7" ten="143,263,274,320" oya="2" hai0="24,77,35,39,74,18,54,3,25,85,52,33,87" hai1="61,36,130,110,83,40,56,28,20,125,105,42,68" hai2="113,76,10,96,16,122,117,75,119,43,80,14,19" hai3="59,27,97,121,95,31,86,51,12,127,111,82,11"/><V57/><F113/><W112/><G112/><T1/><D1/><U21/><E68/><V94/><F122/><W41/><G127/><T17/><D77/><U98/><E110/><V109/><F109/><W91/><G121/><T129/><D3/><U66/><E36/><V55/><F43/><W71/><G71/><T50/><D50/><U5/><E105/><V90/><REACH who="2" step="1"/><F19/><REACH who="2" ten="143,263,264,320" step="2"/><N who="3" m="8607" /><G111/><T9/><D129/><U99/><E40/><V101/><F101/><W2/><G41/><T131/><D131/><U67/><E42/><V70/><F70/><W135/><G135/><T106/><D39/><U89/><E130/><V132/><F132/><W79/><G2/><T60/><D106/><U46/><E67/><V93/><F93/><W53/><G31/><T23/><D74/><U124/><E28/><V118/><F118/><W0/><G0/><T38/><D38/><U47/><E5/><V78/><F78/><W128/><G128/><T6/><D6/><U62/><E66/><V63/><AGARI ba="1,1" hai="10,14,16,55,57,63,75,76,80,90,94,96,117,119" machi="63" ten="20,12000,1" yaku="1,1,0,1,7,1,52,1,54,1,53,0" doraHai="7" doraHaiUra="102" who="2" fromWho="2" sc="143,-41,263,-41,264,133,320,-41" /><INIT seed="6,2,0,1,5,86" ten="102,222,397,279" oya="2" hai0="130,129,94,47,87,16,99,59,117,54,46,85,121" hai1="24,43,52,131,55,37,90,71,49,111,44,123,103" hai2="83,79,64,4,89,112,110,134,78,128,41,13,3" hai3="118,124,108,92,10,1,17,81,125,120,127,116,11"/><V104/><F110/><W31/><G108/><T34/><D34/><U109/><E103/><V95/><F3/><W60/><G60/><T133/><D117/><N who="3" m="45161" /><G81/><T53/><D121/><U58/><E131/><V40/><F104/><W98/><G120/><T91/><D133/><U63/><E123/><V14/><F134/><W26/><G1/><T101/><D85/><U2/><E2/><V0/><F128/><W100/><G17/><T29/><D29/><U61/><E24/><V30/><F30/><W35/><AGARI ba="2,0" hai="10,11,26,31,35,92,98,100,124,125,127" m="45161" machi="35" ten="40,1500,0" yaku="18,1" doraHai="86" who="3" fromWho="3" sc="102,-6,222,-6,397,-9,279,21" /><INIT seed="7,0,0,2,1,54" ten="96,216,388,300" oya="3" hai0="67,20,128,39,71,29,125,75,34,70,111,89,93" hai1="132,97,55,8,82,72,58,3,51,80,14,68,85" hai2="123,134,16,46,118,122,100,127,65,69,22,63,133" hai3="112,96,115,26,119,12,61,7,64,31,108,84,101"/><W40/><G119/><T47/><D34/><U129/><E132/><N who="2" m="50795" /><F127/><W91/><G108/><T33/><D111/><U37/><E129/><V36/><F118/><W88/><G40/><T10/><D125/><U99/><E3/><V42/><F100/><W117/><G117/><T13/><D33/><U130/><E68/><V25/><AGARI ba="0,0" hai="16,22,25,36,42,46,63,65,69,122,123" m="50795" machi="25" ten="30,2000,0" yaku="20,1,54,1" doraHai="54" who="2" fromWho="2" sc="96,-5,216,-5,388,20,300,-10" owari="91,-41.0,211,-19.0,408,51.0,290,9.0" /></mjloggm>