<mjloggm ver="2.3"><GO type="41" lobby="0"/><UN n0="%E3%83%8F%E3%83%BC%E3%83%89%E3%83%A9%E3%83%83%E3%82%AF" n1="%E5%B0%B1%E6%B4%BB%E7%94%9F%40%E5%B7%9D%E6%9D%91%E8%BB%8D%E5%9B%A3" n2="%52%4F%4C%4C%59" n3="%70%6F%72%74" dan="14,16,14,13" rate="2043.66,2147.90,1896.57,1919.07" sx="M,M,M,M"/><TAIKYOKU oya="0"/><INIT seed="0,0,0,3,2,103" ten="250,250,250,250" oya="0" hai0="12,132,90,107,41,100,119,13,89,62,86,55,74" hai1="85,60,129,97,92,10,1,4,109,113,63,130,51" hai2="53,29,16,54,64,37,9,96,77,70,66,106,24" hai3="33,122,67,117,83,125,36,124,58,73,108,44,78"/><T39/><D119/><U98/><E109/><V121/><F37/><W68/><G58/><T95/><D74/><U49/><E113/><V115/><F121/><W26/><G122/><T50/><D62/><U69/><E69/><V30/><F77/><W61/><G108/><T76/><D76/><U40/><E85/><V48/><F115/><W18/><G18/><T2/><D2/><U34/><E34/><V17/><F9/><W87/><G87/><T134/><D90/><U57/><E63/><V75/><F75/><W42/><REACH who="3" step="1"/><G117/><REACH who="3" ten="250,250,250,240" step="2"/><T20/><D39/><U118/><E118/><V72/><F70/><W127/><G127/><T28/><D41/><U104/><E40/><V21/><F72/><W45/><G45/><T99/><D28/><AGARI ba="0,1" hai="26,28,33,36,42,44,61,67,68,73,78,83,124,125" machi="28" ten="40,5200,0" yaku="1,1,23,2,53,0" doraHai="103" doraHaiUra="114" who="3" fromWho="0" sc="250,-52,250,0,250,0,240,62" /><INIT seed="1,0,0,2,2,112" ten="198,250,250,302" oya="1" hai0="41,61,135,36,128,0,100,1,95,125,16,15,118" hai1="43,93,35,68,92,66,119,116,39,108,20,12,89" hai2="76,104,23,21,25,123,115,70,122,17,4,64,38" hai3="99,86,40,18,62,50,69,59,114,131,55,32,79"/><U81/><E35/><V47/><F104/><W29/><G131/><T107/><D107/><U54/><E54/><V67/><F115/><W78/><G114/><T73/><D73/><U24/><E108/><V65/><F70/><W77/><G32/><T106/><D106/><U7/><E81/><V31/><F4/><W121/><G121/><T130/><D135/><U26/><E26/><V84/><F38/><W37/><G29/><T5/><D5/><U117/><E92/><V127/><F127/><W33/><G33/><T9/><D125/><U28/><E43/><V132/><F132/><W75/><G75/><T2/><D61/><U53/><E53/><V109/><F109/><W22/><G99/><N who="0" m="59519" /><D41/><U56/><E39/><V94/><F47/><W14/><G86/><T83/><D83/><U44/><E44/><V60/><F60/><W91/><G91/><T49/><D49/><U111/><E111/><V120/><F76/><W101/><G101/><T42/><D42/><U113/><E113/><V126/><F126/><W71/><G71/><T58/><D58/><U34/><E68/><V102/><F102/><W85/><G85/><T72/><D72/><U13/><E7/><V110/><F110/><W57/><G57/><T30/><D30/><U105/><E105/><V97/><F97/><W52/><G55/><T82/><D82/><U90/><E34/><N who="2" m="20847" /><F17/><W134/><G134/><T87/><D36/><U19/><E19/><V46/><F46/><N who="3" m="23823" /><G78/><T48/><D48/><U8/><E8/><V98/><F98/><W74/><G74/><T6/><D87/><N who="1" m="52415" /><E90/><N who="2" m="53575" /><F123/><W124/><G124/><RYUUKYOKU ba="0,0" sc="198,-30,250,10,250,10,302,10" hai1="12,13,20,24,28,56,66,116,117,119" hai2="21,23,64,65,67,120,122" hai3="14,18,22,50,52,59,62,69,77,79" /><INIT seed="1,1,0,1,3,84" ten="168,260,260,312" oya="1" hai0="72,69,47,21,55,98,99,10,22,48,66,81,68" hai1="5,17,40,79,118,94,15,89,57,87,42,38,35" hai2="16,39,132,125,9,24,0,119,53,116,91,11,73" hai3="117,60,58,52,7,80,131,43,1,107,97,108,76"/><U123/><E118/><V77/><F39/><W44/><G117/><T135/><D135/><U109/><E123/><V49/><F132/><W20/><G108/><T13/><D81/><U8/><E35/><V93/><F125/><W126/><G126/><T102/><D72/><U110/><E79/><V96/><F0/><W50/><G131/><T70/><D66/><U19/><E57/><V133/><F133/><W64/><G1/><T45/><D45/><U3/><E19/><V2/><F2/><W78/><G7/><T111/><D111/><N who="1" m="42507" /><E38/><V27/><F73/><W74/><G78/><T112/><D112/><U51/><E51/><V61/><F77/><W28/><G107/><T82/><D82/><U86/><E86/><V4/><F4/><W128/><G128/><T12/><D12/><U67/><E67/><V31/><F31/><W120/><G120/><T29/><D29/><U115/><E115/><V54/><F116/><W105/><G105/><T114/><D114/><U33/><E33/><V134/><F119/><W88/><G28/><T65/><D65/><U41/><E42/><V100/><F134/><W85/><G97/><T75/><D75/><U63/><E63/><V30/><F30/><W90/><G20/><AGARI ba="1,0" hai="3,5,8,15,17,20,40,41,87,89,94" m="42507" machi="20" ten="30,5800,0" yaku="14,1,10,1,52,1" doraHai="84" who="1" fromWho="3" sc="168,0,260,61,260,0,312,-61" /><INIT seed="1,2,0,5,1,0" ten="168,321,260,251" oya="1" hai0="121,127,35,5,102,85,63,119,84,109,53,2,15" hai1="132,22,106,47,78,128,92,52,118,3,113,26,40" hai2="14,94,80,133,131,59,81,37,123,57,21,23,75" hai3="76,61,83,72,91,4,6,1,93,42,43,48,13"/><U71/><E106/><V51/><F37/><W98/><G61/><T56/><D119/><U101/><E3/><V39/><F39/><W67/><G67/><T32/><D109/><U19/><E71/><V89/><F123/><W69/><G69/><T11/><D121/><U107/><E107/><V50/><F131/><W99/><G99/><T134/><D127/><U46/><E118/><V116/><F116/><W68/><G68/><T25/><D134/><U117/><E117/><V82/><F75/><W96/><G96/><T36/><D36/><U41/><E113/><V112/><F112/><W64/><G64/><T45/><D102/><U73/><E132/><V77/><F77/><W31/><G31/><T95/><D45/><U122/><E122/><V124/><F124/><W105/><G1/><T135/><D135/><U100/><E128/><V130/><F130/><W87/><G13/><T66/><D66/><U28/><E28/><V34/><F34/><W10/><G10/><T54/><D2/><U111/><E111/><V18/><F23/><W88/><G91/><T8/><D8/><U58/><E78/><V70/><F70/><W20/><G20/><T104/><D104/><U17/><E73/><V60/><F133/><W65/><G65/><T27/><D35/><U110/><E110/><V38/><F38/><W7/><G48/><N who="2" m="18473" /><F60/><W9/><G9/><T33/><D32/><U120/><E120/><V103/><F103/><AGARI ba="2,0" hai="4,6,7,42,43,72,76,83,87,88,93,98,103,105" machi="103" ten="40,12000,2" yaku="24,2,52,3,54,1" doraHai="0" who="3" fromWho="2" sc="168,0,321,0,260,-126,251,126" /><INIT seed="2,0,0,5,3,13" ten="168,321,134,377" oya="2" hai0="67,131,111,79,1,97,90,66,44,88,117,18,43" hai1="93,12,40,121,99,64,34,71,28,101,123,22,35" hai2="38,60,57,58,14,103,80,61,116,115,5,11,17" hai3="45,50,41,2,125,72,100,124,96,94,87,63,105"/><V36/><F115/><W15/><G2/><T23/><D1/><U9/><E40/><V127/><F116/><W114/><G72/><T33/><D33/><U73/><E73/><V126/><F103/><W37/><G114/><T75/><D117/><U16/><E28/><V84/><F5/><W29/><G29/><T53/><D53/><U102/><E102/><V74/><F74/><W108/><G108/><T39/><D111/><U133/><E133/><V81/><F81/><W31/><G31/><T62/><D97/><U52/><E9/><V92/><F92/><W48/><G63/><T32/><D32/><U83/><E83/><V134/><F134/><W21/><G105/><T82/><D131/><U20/><E20/><V118/><F118/><W51/><G87/><T98/><D98/><U54/><E35/><V85/><F85/><W104/><G104/><T113/><D113/><U107/><E34/><V109/><F109/><W56/><G56/><T59/><D67/><U30/><E30/><V70/><F70/><W76/><G76/><T86/><D75/><U119/><E119/><V6/><F6/><W95/><G95/><T65/><D65/><U0/><E0/><V4/><F4/><W42/><G42/><T68/><D68/><U91/><E64/><N who="2" m="38927" /><F61/><W25/><G25/><AGARI ba="0,0" hai="18,23,25,39,43,44,59,62,66,79,82,86,88,90" machi="25" ten="30,3900,0" yaku="7,1,52,1,54,1" doraHai="13" who="0" fromWho="3" sc="168,39,321,0,134,0,377,-39" /><INIT seed="3,0,0,2,4,55" ten="207,321,134,338" oya="3" hai0="46,134,86,108,62,74,43,63,100,9,2,75,8" hai1="133,40,96,106,16,85,107,47,117,20,71,123,127" hai2="66,126,105,12,70,23,76,31,98,26,84,65,3" hai3="10,39,118,115,113,36,82,110,99,77,44,6,27"/><W81/><G118/><T87/><D100/><U64/><E123/><V24/><F3/><W51/><G110/><T59/><D108/><U80/><E117/><V61/><F66/><W129/><G129/><T68/><D68/><U121/><E121/><V50/><F126/><W17/><G115/><T83/><D63/><U13/><E127/><V7/><F26/><W45/><G113/><T18/><D8/><U124/><E124/><V109/><F109/><W130/><G130/><T53/><D134/><U79/><E133/><V30/><F30/><W54/><G39/><T4/><D18/><U97/><E64/><V25/><F25/><W33/><G36/><T128/><D128/><U122/><E71/><V60/><F60/><W90/><G33/><T112/><D112/><U57/><E57/><V94/><F105/><W37/><G37/><T34/><D34/><U41/><E122/><V119/><F119/><W0/><G45/><T56/><D56/><U91/><E41/><V101/><F50/><W21/><REACH who="3" step="1"/><G77/><REACH who="3" ten="207,321,134,328" step="2"/><T29/><D46/><U32/><E32/><V35/><F35/><W104/><G104/><T11/><D43/><U92/><E106/><V72/><F76/><W102/><G102/><T28/><D2/><U103/><E40/><V93/><F101/><W38/><G38/><T88/><D4/><U69/><E47/><V1/><F7/><W49/><G49/><T132/><D132/><U95/><E107/><V42/><F61/><W22/><G22/><T120/><D62/><U58/><E69/><V125/><F70/><W67/><G67/><T111/><D111/><RYUUKYOKU ba="0,1" sc="207,-15,321,15,134,-15,328,15" hai1="13,16,20,58,79,80,85,91,92,95,96,97,103" hai3="0,6,10,17,21,27,44,51,54,81,82,90,99" /><INIT seed="3,1,1,5,0,1" ten="192,336,119,343" oya="3" hai0="39,135,96,13,61,19,16,37,56,95,108,6,67" hai1="3,86,118,122,98,40,10,89,121,33,129,106,7" hai2="73,100,99,35,74,59,41,128,22,80,30,84,11" hai3="45,104,82,78,38,94,9,23,32,93,87,107,124"/><W21/><G124/><T85/><D135/><U102/><E33/><V76/><F128/><W44/><G32/><T31/><D31/><U120/><E129/><V24/><F41/><W12/><G38/><T109/><D85/><U117/><REACH who="1" step="1"/><E40/><REACH who="1" ten="192,326,119,343" step="2"/><V91/><F35/><W36/><G36/><T88/><D37/><U14/><E14/><V20/><F20/><W43/><G43/><T66/><D39/><U133/><E133/><V69/><F69/><W131/><G131/><T57/><D108/><U2/><E2/><V65/><F11/><W112/><G112/><T47/><D109/><U46/><E46/><V58/><F58/><W52/><G45/><T0/><D47/><U127/><E127/><V103/><F74/><W48/><G107/><T79/><D0/><U15/><E15/><V125/><F73/><W68/><G104/><T110/><D110/><U54/><E54/><V71/><F71/><W27/><G68/><T114/><D114/><U132/><E132/><V92/><REACH who="2" step="1"/><F125/><REACH who="2" ten="192,326,109,343" step="2"/><W126/><G126/><T28/><D56/><U113/><E113/><V81/><F81/><AGARI ba="1,3" hai="3,7,10,81,86,89,98,102,106,117,118,120,121,122" machi="81" ten="40,5200,0" yaku="1,1,52,1,53,1" doraHai="1" doraHaiUra="5" who="1" fromWho="2" sc="192,0,326,85,109,-55,343,0" /><INIT seed="4,0,0,2,0,41" ten="192,411,54,343" oya="0" hai0="134,56,77,102,15,67,123,18,116,108,2,119,55" hai1="52,126,97,0,22,110,29,111,11,21,103,117,96" hai2="10,93,62,84,25,118,9,35,40,87,91,129,20" hai3="121,38,59,24,127,76,54,19,131,83,23,48,81"/><T12/><D123/><U109/><E117/><V75/><F75/><W3/><G121/><T85/><D2/><U130/><E130/><V105/><F105/><W43/><G127/><T107/><D67/><U64/><E64/><V17/><F129/><W31/><G131/><T78/><D134/><U47/><E126/><V61/><F118/><W7/><G76/><T34/><D34/><U33/><E33/><V80/><F35/><W1/><G1/><T115/><D119/><U106/><E96/><V99/><F87/><W79/><G79/><T50/><D116/><U101/><E101/><V112/><F112/><W16/><G31/><T45/><D115/><U95/><E106/><V71/><F71/><W72/><G72/><T100/><D107/><U44/><E29/><V125/><F125/><W70/><G70/><T58/><D77/><U104/><E104/><V68/><F68/><W89/><G89/><T92/><D15/><U8/><E0/><V120/><F120/><W124/><G19/><T133/><D133/><U88/><E103/><N who="0" m="39465" /><D108/><U132/><E132/><V14/><F40/><W82/><G124/><T57/><D78/><U39/><E39/><V46/><F46/><N who="1" m="17449" /><E111/><V49/><F49/><W128/><G128/><T69/><D69/><U73/><E73/><V6/><REACH who="2" step="1"/><F10/><REACH who="2" ten="192,411,44,343" step="2"/><N who="1" m="3625" /><E110/><V65/><F65/><W13/><G3/><T37/><D37/><U51/><E109/><V28/><F28/><W122/><G122/><T26/><D45/><AGARI ba="0,1" hai="21,22,45,51,52,88,95,97" m="3625,17449" machi="45" ten="30,12000,2" yaku="8,1,52,4,54,2" doraHai="41" who="1" fromWho="0" sc="192,-120,411,130,44,0,343,0" /><INIT seed="5,0,0,1,0,20" ten="72,541,44,343" oya="1" hai0="2,46,62,5,111,16,29,44,7,12,70,43,114" hai1="47,32,104,85,72,102,38,68,120,36,42,79,35" hai2="76,10,59,133,116,69,91,75,134,90,107,54,132" hai3="61,128,93,123,112,65,125,22,19,39,41,108,109"/><U55/><E120/><V51/><F116/><W45/><G123/><T3/><D111/><U9/><E36/><V49/><F107/><W58/><G112/><T101/><D114/><U77/><E72/><V84/><F69/><W99/><G125/><T48/><D29/><U103/><E68/><V53/><F75/><W0/><G0/><T30/><D30/><U118/><E118/><V31/><F31/><W113/><G128/><T63/><D101/><U117/><E117/><V8/><F76/><W96/><G96/><T97/><D97/><U73/><E73/><V81/><REACH who="2" step="1"/><F91/><REACH who="2" ten="72,541,34,343" step="2"/><W78/><G113/><T130/><D130/><U11/><E79/><V115/><F115/><W26/><REACH who="3" step="1"/><G78/><REACH who="3" ten="72,541,34,333" step="2"/><T6/><D70/><U126/><E77/><V17/><F17/><W122/><G122/><T83/><D2/><U25/><E126/><V64/><F64/><W127/><G127/><T92/><D3/><U89/><E104/><V66/><F66/><W15/><G15/><T21/><D5/><U23/><E102/><AGARI ba="0,2" hai="19,22,26,39,41,45,58,61,65,93,99,102,108,109" machi="102" ten="30,3900,0" yaku="1,1,7,1,52,1,53,0" doraHai="20" doraHaiUra="100" who="3" fromWho="1" sc="72,0,541,-39,34,0,333,59" /><INIT seed="6,0,0,1,5,135" ten="72,502,34,392" oya="2" hai0="67,70,53,10,85,129,120,47,68,30,44,117,19" hai1="0,11,86,92,69,128,112,88,16,105,131,48,125" hai2="95,121,113,89,64,96,76,17,40,107,23,29,106" hai3="122,98,2,18,90,132,46,8,3,111,104,55,109"/><V25/><F121/><W35/><G35/><T83/><D120/><U34/><E125/><V79/><F113/><W42/><G122/><T57/><D117/><U49/><E105/><V123/><F123/><W20/><G104/><T91/><D129/><N who="1" m="49739" /><E69/><V43/><F106/><W31/><G31/><T4/><D30/><U133/><E133/><V75/><F107/><W63/><G132/><T101/><D101/><U134/><E134/><V58/><F29/><W65/><G111/><T45/><D19/><U9/><E112/><V102/><F89/><W60/><G109/><T118/><D67/><U115/><E34/><V116/><F116/><W100/><G2/><T103/><D103/><U59/><E59/><V78/><REACH who="2" step="1"/><F75/><REACH who="2" ten="72,502,24,392" step="2"/><W82/><G90/><T93/><D118/><U61/><E115/><V87/><F87/><W66/><G100/><T14/><REACH who="0" step="1"/><D83/><REACH who="0" ten="62,502,24,392" step="2"/><U27/><E92/><V77/><N who="2" m="19456" /><DORA hai="73" /><V127/><F127/><W56/><G82/><T38/><D38/><U110/><E110/><V108/><F108/><W54/><G98/><T37/><D37/><U81/><E86/><V52/><F52/><W13/><G55/><T41/><D41/><U28/><E81/><V6/><F6/><W124/><G54/><T72/><D72/><U22/><E28/><V62/><AGARI ba="0,2" hai="17,23,25,40,43,58,62,64,95,96,102" m="19456" machi="62" ten="40,36000,4" yaku="1,1,0,1,8,1,52,4,53,4" doraHai="135,73" doraHaiUra="74,80" who="2" fromWho="2" sc="62,-120,502,-120,24,380,392,-120" owari="-58,-56.0,382,18.0,404,51.0,272,-13.0" /></mjloggm>