<mjloggm ver="2.3"><GO type="169" lobby="0"/><UN n0="%E3%82%A6%E3%83%AB%E3%83%88%E3%83%A9%E7%AB%8B%E7%9B%B4" n1="%3E%5F%30%40%E6%9D%8F%E6%9D%8F%E8%BB%8D%E5%9C%98" n2="%E5%AE%AE%E6%9C%AC%E4%BE%86%E5%A4%8F" n3="%4B%49%4E%4F" dan="17,17,16,18" rate="2173.46,2152.32,2099.96,2260.59" sx="M,F,F,F"/><TAIKYOKU oya="0"/><INIT seed="0,0,0,4,3,49" ten="250,250,250,250" oya="0" hai0="6,63,45,18,110,15,17,37,108,39,102,58,73" hai1="129,134,123,94,84,133,16,77,127,20,48,109,118" hai2="33,71,1,85,12,76,87,25,5,22,83,79,32" hai3="117,28,31,52,3,116,70,57,126,51,105,13,93"/><T29/><D73/><U34/><E34/><V42/><F71/><W128/><G105/><T89/><D29/><U47/><E118/><V132/><F132/><N who="1" m="50793" /><E123/><V98/><F1/><W24/><G3/><T66/><D102/><U125/><E109/><N who="0" m="42089" /><D89/><N who="1" m="53543" /><E77/><V41/><F98/><W64/><G128/><T90/><D90/><U21/><E129/><V121/><F121/><W23/><G126/><N who="1" m="48138" /><E16/><N who="0" m="6249" /><D45/><U91/><E91/><V46/><F32/><W61/><G31/><T26/><D26/><U112/><E112/><V80/><F33/><W9/><REACH who="3" step="1"/><G93/><REACH who="3" ten="250,250,250,240" step="2"/><T81/><D81/><U113/><E113/><V8/><REACH who="2" step="1"/><F46/><REACH who="2" ten="250,250,240,240" step="2"/><W19/><AGARI ba="0,2" hai="9,13,19,23,24,28,51,52,57,61,64,70,116,117" machi="19" ten="20,12000,2" yaku="1,1,2,1,0,1,7,1,52,1,54,1,53,0" doraHai="49" doraHaiUra="82" who="3" fromWho="3" sc="250,-60,250,-30,240,-30,240,140" /><INIT seed="1,0,0,3,2,52" ten="190,220,210,380" oya="1" hai0="28,87,58,80,134,101,19,50,3,29,27,72,4" hai1="73,78,54,77,62,97,90,16,60,114,30,17,9" hai2="47,70,44,46,112,118,96,74,91,45,92,64,105" hai3="7,61,127,132,111,131,98,86,48,119,67,20,23"/><U65/><E114/><V25/><F118/><W128/><G111/><T36/><D72/><U63/><E30/><V93/><F74/><W123/><G123/><T40/><D134/><U117/><E117/><V85/><F112/><W59/><G119/><T35/><D101/><U18/><E73/><V1/><F1/><W102/><G127/><T8/><D36/><U135/><E135/><V106/><N who="2" m="11264" /><DORA hai="103" /><V66/><F25/><W76/><G48/><T13/><D40/><U39/><E39/><V121/><F121/><W14/><G131/><T41/><D41/><U26/><E54/><V75/><F75/><W100/><G132/><T79/><D29/><U10/><E26/><V113/><F113/><W55/><G55/><T122/><D50/><U116/><E116/><V120/><F120/><W68/><G68/><T104/><D104/><U5/><E65/><V133/><F133/><W53/><G53/><T69/><D122/><U88/><E97/><V38/><F38/><W89/><G76/><N who="1" m="29290" /><E5/><V109/><F109/><W51/><G51/><T94/><D94/><U33/><E33/><V95/><F95/><N who="3" m="58463" /><G102/><T124/><D124/><U108/><E108/><V6/><F6/><W56/><G128/><T34/><D69/><U57/><E57/><N who="3" m="22090" /><G67/><T71/><D71/><U37/><E37/><V12/><F66/><W110/><G110/><T99/><D35/><U2/><E2/><V11/><F64/><W42/><G42/><T81/><D34/><U21/><E21/><V82/><F70/><W0/><G0/><T115/><D3/><U32/><E32/><V126/><F126/><RYUUKYOKU ba="0,0" sc="190,-10,220,30,210,-10,380,-10" hai1="9,10,16,17,18,60,62,63,88,90" /><INIT seed="1,1,0,5,1,35" ten="180,250,200,370" oya="1" hai0="80,97,110,29,122,59,115,67,4,65,25,100,133" hai1="92,27,28,16,86,88,55,132,19,56,85,117,101" hai2="131,62,118,15,120,75,40,1,21,42,74,7,47" hai3="84,105,108,78,135,63,123,104,66,32,81,79,96"/><U5/><E117/><V2/><F118/><W54/><G123/><T14/><D115/><U46/><E132/><V11/><F120/><W69/><G108/><T24/><D122/><U8/><E101/><V116/><F116/><W114/><G114/><T39/><D39/><U0/><E46/><V130/><F62/><W12/><G135/><T50/><D133/><U119/><E85/><V22/><F47/><W129/><G129/><N who="2" m="49161" /><F22/><W61/><G32/><T127/><D127/><U18/><E119/><V43/><F21/><W33/><G33/><T72/><D110/><U30/><REACH who="1" step="1"/><E27/><REACH who="1" ten="180,240,200,370" step="2"/><V26/><F26/><W13/><G84/><T68/><D25/><U53/><E53/><V48/><F48/><AGARI ba="1,1" hai="0,5,8,16,18,19,28,30,48,55,56,86,88,92" machi="48" ten="40,12000,1" yaku="1,1,52,1,54,2,53,0" doraHai="35" doraHaiUra="112" who="1" fromWho="2" sc="180,0,240,133,200,-123,370,0" /><INIT seed="1,2,0,0,3,26" ten="180,373,77,370" oya="1" hai0="97,6,77,29,126,48,19,20,62,28,112,41,30" hai1="99,0,12,71,104,100,35,114,64,92,116,73,90" hai2="79,127,1,88,74,16,3,96,25,57,18,33,17" hai3="111,59,84,61,34,105,39,133,132,93,80,66,65"/><U4/><E114/><V106/><F127/><W76/><G105/><T81/><D112/><U13/><E116/><V87/><F79/><W89/><G39/><T52/><D126/><U83/><E35/><V43/><F74/><W110/><G34/><T37/><D37/><U125/><E125/><V7/><F43/><W131/><G66/><T85/><D6/><U31/><E31/><V56/><F96/><W51/><G51/><T128/><D128/><U124/><E124/><V115/><F106/><W103/><G103/><T36/><D36/><U10/><E64/><V109/><F109/><N who="3" m="41483" /><G131/><T120/><D120/><U58/><E58/><V135/><F135/><W108/><N who="3" m="41491" /><W60/><DORA hai="95" /><G60/><T49/><D97/><AGARI ba="2,0" hai="59,61,65,76,80,84,89,93,97,132,133" m="41491" machi="97" ten="40,2600,0" yaku="14,1,52,1" doraHai="26,95" who="3" fromWho="0" sc="180,-32,373,0,77,0,370,32" /><INIT seed="2,0,0,2,1,122" ten="148,373,77,402" oya="2" hai0="45,87,26,31,54,1,28,75,135,74,129,115,51" hai1="17,42,76,120,111,39,112,21,80,103,63,78,91" hai2="109,134,85,27,110,25,3,69,52,46,102,58,71" hai3="84,132,6,99,100,23,88,104,118,64,65,101,11"/><V107/><F3/><W73/><G118/><T14/><D1/><U30/><BYE who="0" /><E112/><V128/><F46/><W68/><G101/><UN n0="%E3%82%A6%E3%83%AB%E3%83%88%E3%83%A9%E7%AB%8B%E7%9B%B4" /><T70/><D70/><N who="2" m="26634" /><F85/><W114/><G114/><T41/><D115/><U93/><E120/><V12/><F12/><W81/><G132/><T35/><D135/><U10/><E103/><V4/><F4/><W86/><G68/><T15/><D129/><U105/><E105/><V53/><F134/><W72/><G23/><T40/><D31/><U9/><E30/><V33/><F33/><W126/><G86/><T130/><D130/><U57/><E76/><V49/><F53/><W79/><G73/><T37/><D87/><N who="1" m="48535" /><E42/><V96/><F128/><W95/><G126/><T34/><D34/><U113/><E39/><V47/><F47/><W22/><G22/><T97/><D40/><U123/><E123/><V83/><F83/><W94/><G94/><T38/><D38/><U106/><E106/><V77/><F77/><W20/><G20/><T8/><D14/><AGARI ba="0,0" hai="6,11,14,64,65,72,79,81,84,88,95,99,100,104" machi="14" ten="30,7700,0" yaku="7,1,24,2,54,1" doraHai="122" who="3" fromWho="0" sc="148,-77,373,0,77,0,402,77" /><INIT seed="3,0,0,5,4,110" ten="71,373,77,479" oya="3" hai0="90,126,32,134,81,108,66,2,116,100,34,104,23" hai1="107,4,43,33,122,49,36,96,35,10,16,79,71" hai2="87,7,45,112,99,102,25,135,58,65,75,127,117" hai3="77,128,18,59,118,26,68,11,0,64,123,69,84"/><W24/><G118/><T54/><D54/><U27/><E122/><V13/><F75/><W55/><G123/><T62/><D90/><U101/><E36/><V125/><F117/><W103/><G103/><T3/><D23/><U80/><E71/><V70/><F70/><W51/><G128/><T12/><D81/><U42/><E42/><V97/><F97/><W133/><G133/><T38/><D62/><U44/><E27/><V46/><F135/><W98/><G98/><T39/><D12/><U131/><E131/><V105/><F25/><W56/><G56/><T41/><D66/><U29/><E29/><V85/><F85/><W15/><G0/><T57/><D41/><U47/><E47/><V20/><F87/><W72/><G72/><T48/><D57/><U113/><E113/><V115/><F58/><W83/><G64/><T109/><D48/><U82/><E82/><V114/><F65/><W130/><G130/><T21/><D100/><U106/><E106/><V40/><F40/><W67/><G67/><T120/><D21/><U8/><E8/><N who="2" m="4255" /><F20/><W132/><G132/><T6/><D34/><U37/><E16/><V91/><F91/><W111/><G111/><T50/><D6/><U93/><E93/><V9/><F9/><W1/><G1/><T92/><D2/><N who="1" m="279" /><E49/><V61/><F61/><W19/><G26/><T119/><D50/><U22/><E22/><V129/><F129/><W124/><G24/><T86/><D109/><U52/><E52/><V53/><F53/><W121/><G121/><T89/><D108/><U63/><E63/><V28/><F28/><RYUUKYOKU ba="0,0" sc="71,-15,373,15,77,15,479,-15" hai1="33,35,37,43,44,79,80,96,101,107" hai2="45,46,99,102,105,112,114,115,125,127" /><INIT seed="4,1,0,0,2,70" ten="56,388,92,464" oya="0" hai0="59,23,24,13,57,76,15,119,62,28,69,86,82" hai1="1,83,12,130,6,135,49,32,16,128,33,92,22" hai2="116,85,66,36,8,26,3,64,95,18,124,89,14" hai3="61,125,40,110,132,11,9,133,114,68,71,79,98"/><T81/><D119/><U55/><E135/><N who="3" m="51786" /><G110/><T94/><D69/><N who="3" m="26697" /><G114/><T131/><D131/><N who="1" m="50219" /><E83/><V67/><F124/><W88/><G125/><T47/><D59/><N who="1" m="33263" /><E92/><V20/><F3/><W104/><G79/><T31/><D31/><U29/><E29/><V10/><F116/><W77/><G77/><T108/><D108/><U41/><E41/><V87/><F36/><W115/><G115/><T99/><D82/><U101/><E101/><V44/><F44/><W27/><G61/><T74/><D47/><U7/><E1/><V46/><F46/><W21/><G40/><T25/><D25/><U103/><E103/><V37/><F37/><W127/><G127/><T134/><D74/><U2/><E2/><V56/><F56/><W60/><G60/><T53/><REACH who="0" step="1"/><D134/><REACH who="0" ten="46,388,92,464" step="2"/><U90/><E32/><V91/><F26/><W0/><G27/><T111/><D111/><U45/><E33/><V4/><F4/><N who="1" m="1577" /><E45/><V78/><F78/><W51/><G0/><T120/><D120/><U106/><E12/><V97/><REACH who="2" step="1"/><F97/><REACH who="2" ten="46,388,82,464" step="2"/><W123/><G98/><T93/><D93/><AGARI ba="1,2" hai="8,10,14,18,20,64,66,67,85,87,89,91,93,95" machi="93" ten="40,12000,2" yaku="1,1,2,1,9,1,8,1,53,3" doraHai="70" doraHaiUra="63" who="2" fromWho="0" sc="46,-123,388,0,82,143,464,0" owari="-77,-58.0,388,19.0,225,-17.0,464,56.0" /></mjloggm>