<mjloggm ver="2.3"><GO type="169" lobby="0"/><UN n0="%E3%81%9B%E3%81%95%E3%81%BF%E3%82%93%E2%99%AA" n1="%E3%83%88%E3%83%88%E3%83%AA%E5%85%88%E7%94%9F%31%39%E6%AD%B3" n2="%E3%81%B3%E3%82%93%E3%81%B3%E3%82%93" n3="%53%69%6D%6F%6F%6E" dan="16,18,16,16" rate="2155.32,2198.25,2072.23,2037.93" sx="F,F,M,M"/><TAIKYOKU oya="0"/><INIT seed="0,0,0,5,5,55" ten="250,250,250,250" oya="0" hai0="121,58,37,78,46,52,21,25,42,101,88,127,14" hai1="109,30,4,12,48,129,13,36,54,69,99,6,103" hai2="84,125,45,110,82,63,71,66,0,53,72,85,92" hai3="59,96,29,132,22,76,15,38,73,130,104,74,40"/><T68/><D121/><U107/><E69/><V49/><F0/><W131/><G132/><T56/><D78/><U1/><E36/><V28/><F110/><W91/><G40/><T18/><D127/><U117/><E117/><V126/><F72/><W94/><G38/><T24/><D101/><U17/><E109/><V3/><F3/><W86/><G29/><T57/><D68/><U93/><E129/><V35/><F92/><W5/><G5/><T95/><REACH who="0" step="1"/><D52/><REACH who="0" ten="240,250,250,250" step="2"/><U87/><E103/><V43/><F53/><W113/><G76/><T134/><D134/><U8/><E54/><V7/><F126/><W34/><G131/><T83/><D83/><U81/><E81/><V44/><F82/><W41/><G130/><T70/><D70/><U67/><E67/><V115/><F125/><W62/><G62/><T106/><D106/><U120/><E107/><V128/><F128/><W64/><G64/><T105/><D105/><U50/><E120/><V77/><F77/><W39/><G104/><T119/><D119/><U10/><E93/><V114/><F63/><W89/><G94/><T2/><D2/><U118/><E1/><V51/><F66/><W108/><G108/><T133/><D133/><U98/><E118/><V32/><F71/><W60/><G60/><T79/><D79/><U112/><E112/><V9/><F115/><W75/><G113/><T61/><D61/><U100/><E100/><V47/><F114/><W80/><G74/><T11/><D11/><U33/><E10/><V20/><F9/><W23/><G75/><T116/><D116/><U65/><E65/><RYUUKYOKU ba="0,1" sc="240,30,250,-10,250,-10,250,-10" hai0="14,18,21,24,25,37,42,46,56,57,58,88,95" /><INIT seed="0,1,1,5,0,122" ten="270,240,240,240" oya="0" hai0="84,15,43,70,16,28,80,127,131,51,31,123,60" hai1="18,48,23,102,98,110,25,3,91,40,4,35,64" hai2="109,129,27,41,38,107,115,0,77,56,55,85,12" hai3="71,92,30,128,113,116,106,81,63,19,125,10,93"/><T53/><D123/><U66/><E110/><V119/><F0/><W105/><G30/><T49/><D131/><U37/><E37/><V24/><F115/><W99/><G71/><T26/><D127/><U52/><E40/><V72/><F72/><W21/><G10/><T118/><D118/><U114/><E114/><V8/><F107/><W65/><G81/><T100/><D100/><U79/><E79/><V75/><F75/><W2/><G2/><T89/><D43/><U6/><E35/><V121/><F121/><W47/><G47/><T42/><D42/><U57/><E91/><V11/><F129/><W78/><G78/><T59/><D70/><U133/><E133/><V58/><F119/><W69/><G93/><T9/><REACH who="0" step="1"/><D31/><REACH who="0" ten="260,240,240,240" step="2"/><U34/><E34/><AGARI ba="1,2" hai="9,15,16,26,28,34,49,51,53,59,60,80,84,89" machi="34" ten="30,11600,0" yaku="1,1,2,1,7,1,54,1,53,0" doraHai="122" doraHaiUra="1" who="0" fromWho="1" sc="260,139,240,-119,240,0,240,0" /><INIT seed="0,2,0,0,1,58" ten="399,121,240,240" oya="0" hai0="67,11,71,121,37,40,30,85,81,118,48,76,120" hai1="35,49,16,60,22,68,33,21,94,109,96,88,23" hai2="63,100,66,54,135,50,75,10,124,29,132,103,125" hai3="45,14,114,26,117,12,82,46,41,99,20,90,91"/><T133/><D118/><U131/><E109/><V95/><F75/><W4/><G114/><T42/><D133/><N who="2" m="51274" /><F29/><W61/><G117/><T8/><D37/><U3/><E3/><V113/><F10/><W36/><G46/><T62/><D30/><U119/><E119/><V98/><F103/><W69/><G4/><T127/><D127/><N who="2" m="48714" /><F113/><W110/><G91/><T78/><D78/><U134/><E131/><V83/><F83/><W116/><G110/><T72/><D42/><U39/><E39/><V13/><F13/><W55/><G12/><T53/><D40/><U7/><E7/><V64/><F63/><W52/><G14/><T51/><D72/><U57/><E134/><V87/><F87/><W34/><G34/><T32/><D32/><U86/><E16/><V47/><AGARI ba="2,0" hai="47,50,54,64,66,95,98,100" m="48714,51274" machi="47" ten="30,2000,0" yaku="20,1,18,1" doraHai="58" who="2" fromWho="2" sc="399,-12,121,-7,240,26,240,-7" /><INIT seed="1,0,0,4,2,110" ten="387,114,266,233" oya="1" hai0="47,25,129,85,112,123,119,104,60,34,49,35,26" hai1="95,127,20,75,38,87,131,55,102,116,1,59,7" hai2="105,67,24,108,4,80,36,62,134,29,42,66,28" hai3="21,124,90,15,40,12,16,103,69,97,11,93,86"/><U82/><E116/><V2/><F105/><W115/><G124/><T45/><D104/><U107/><E127/><V125/><F125/><W39/><G69/><T61/><D85/><U6/><E38/><V51/><F51/><W118/><G118/><T18/><D45/><U50/><E1/><V128/><F29/><W17/><G39/><T37/><D37/><U3/><E3/><V23/><F67/><W81/><REACH who="3" step="1"/><G40/><REACH who="3" ten="387,114,266,223" step="2"/><N who="0" m="24807" /><D119/><U41/><E41/><V56/><F42/><W76/><G76/><T5/><D123/><U78/><E131/><V58/><F36/><W14/><G14/><T27/><D129/><U106/><E106/><V72/><F128/><W33/><G33/><T101/><D34/><U63/><E63/><V132/><F62/><W114/><AGARI ba="0,1" hai="11,12,15,16,17,21,81,86,90,93,97,103,114,115" machi="114" ten="30,12000,2" yaku="1,1,0,1,52,2,54,1,53,1" doraHai="110" doraHaiUra="77" who="3" fromWho="3" sc="387,-30,114,-60,266,-30,223,130" /><INIT seed="2,0,0,3,3,24" ten="357,54,236,353" oya="2" hai0="58,83,100,124,35,51,5,10,12,84,11,75,33" hai1="48,36,43,20,109,108,23,120,49,135,3,115,60" hai2="34,54,118,9,39,125,16,132,114,72,7,82,78" hai3="55,31,101,103,129,79,74,19,1,59,126,92,61"/><V28/><F114/><W41/><G1/><T0/><D75/><U30/><E115/><V67/><F118/><W70/><G19/><T107/><D124/><U99/><E3/><V18/><F125/><W47/><G129/><T122/><D122/><U77/><E120/><V80/><F132/><W133/><G133/><T56/><D100/><U52/><E135/><V45/><F67/><W113/><G70/><T130/><D107/><U21/><E77/><V40/><F54/><W123/><G123/><T44/><D33/><U111/><E99/><V65/><F65/><W116/><G92/><T73/><D35/><U32/><E36/><V110/><F82/><W90/><G90/><T50/><D50/><N who="1" m="19563" /><E43/><V93/><F93/><W85/><G74/><T46/><D73/><U106/><E106/><V13/><REACH who="2" step="1"/><F110/><REACH who="2" ten="357,54,226,353" step="2"/><N who="1" m="28161" /><U25/><DORA hai="94" /><E60/><V57/><F57/><W98/><G59/><T96/><D83/><U128/><E128/><V38/><F38/><W26/><G113/><T4/><D56/><U91/><E91/><V27/><AGARI ba="0,1" hai="7,9,13,16,18,27,28,34,39,40,45,72,78,80" machi="27" ten="30,12000,1" yaku="1,1,0,1,52,1,54,1,53,1" doraHai="24,94" doraHaiUra="37,121" who="2" fromWho="2" sc="357,-40,54,-40,226,130,353,-40" /><INIT seed="2,1,0,5,0,52" ten="317,14,356,313" oya="2" hai0="67,59,8,41,105,126,51,2,25,26,81,121,5" hai1="88,108,39,71,77,85,119,43,7,95,90,62,125" hai2="118,117,9,129,99,83,107,128,86,135,60,35,124" hai3="115,84,47,16,40,1,50,116,127,20,34,91,96"/><V61/><F35/><W46/><G116/><T0/><D121/><U134/><E119/><V3/><F61/><W109/><G34/><T103/><D126/><U38/><E125/><V33/><F33/><W30/><G1/><T37/><D37/><U120/><E120/><V32/><F32/><W104/><G127/><T131/><D131/><N who="2" m="50250" /><F124/><W112/><G30/><T75/><D0/><U29/><E108/><V111/><F135/><W110/><G47/><T101/><D41/><U28/><E134/><V63/><F63/><W113/><G96/><T17/><D17/><U89/><E7/><N who="2" m="1279" /><F111/><W79/><G79/><T74/><D74/><U54/><E77/><N who="2" m="46447" /><F60/><W36/><G104/><T106/><D106/><U100/><E54/><V123/><F123/><W55/><G55/><T24/><D105/><U64/><E85/><V6/><F6/><W132/><G132/><T11/><D67/><U70/><E43/><V48/><F48/><W57/><G50/><T14/><D51/><U23/><E39/><V42/><F42/><W4/><G4/><T133/><D133/><U87/><E38/><V49/><F49/><W31/><G109/><T130/><D130/><U10/><E10/><V27/><F27/><N who="3" m="14727" /><G110/><T12/><D2/><U13/><E87/><V102/><AGARI ba="1,0" hai="99,102,107,117,118" m="46447,1279,50250" machi="102" ten="30,1500,0" yaku="19,1" doraHai="52" who="2" fromWho="2" sc="317,-6,14,-6,356,18,313,-6" /><INIT seed="2,2,0,4,2,85" ten="311,8,374,307" oya="2" hai0="55,109,96,33,40,16,105,89,91,4,30,110,14" hai1="119,121,102,94,130,38,101,42,71,77,123,56,32" hai2="126,12,15,127,111,5,112,25,11,53,116,39,22" hai3="99,117,83,48,64,84,18,43,61,6,79,51,47"/><V26/><F39/><W17/><G117/><T98/><D4/><U7/><E119/><V49/><F116/><W107/><G6/><T129/><D129/><U35/><E71/><V50/><F112/><W95/><G107/><T78/><D40/><U128/><E7/><V92/><F111/><N who="0" m="42506" /><D78/><U27/><E77/><V34/><F34/><N who="1" m="12841" /><E27/><V20/><F92/><W81/><G81/><T120/><D120/><N who="1" m="46155" /><E56/><V80/><F80/><W60/><G51/><T103/><D55/><U45/><E94/><V122/><F122/><W87/><G87/><T59/><D59/><U113/><E113/><V24/><F15/><W10/><G64/><T131/><D131/><AGARI ba="2,0" hai="38,42,45,101,102,128,130,131" m="46155,12841" machi="131" ten="40,2600,0" yaku="19,1,13,1" doraHai="85" who="1" fromWho="0" sc="311,-32,8,32,374,0,307,0" /><INIT seed="3,0,0,5,1,124" ten="279,40,374,307" oya="3" hai0="81,39,108,82,106,27,38,5,13,125,48,20,130" hai1="24,131,123,70,8,88,58,107,99,46,4,100,12" hai2="84,111,120,67,66,78,59,2,50,30,105,91,60" hai3="72,1,35,28,97,17,15,73,55,43,76,0,41"/><W6/><G6/><T96/><D125/><U40/><E123/><V103/><F2/><W33/><G97/><T110/><D5/><U42/><E70/><V87/><F78/><W132/><G132/><T115/><D13/><U134/><E134/><V52/><F120/><W116/><G116/><T56/><D48/><U61/><E24/><V92/><F111/><N who="0" m="42538" /><D56/><U63/><E131/><V18/><F30/><W16/><G28/><T118/><D118/><U80/><E46/><V109/><F109/><W32/><G15/><T94/><D106/><U113/><E113/><V34/><F34/><W14/><G14/><T98/><D98/><U75/><E75/><N who="3" m="28746" /><G55/><T23/><D23/><U22/><E22/><V122/><F122/><W31/><G31/><N who="0" m="17895" /><D130/><U26/><E26/><V7/><F7/><W93/><G76/><T129/><D129/><U119/><E119/><V79/><F79/><W64/><G64/><T74/><D115/><U83/><E83/><N who="0" m="31753" /><D74/><U69/><E69/><V112/><F67/><W86/><G86/><T36/><D36/><U47/><E47/><N who="2" m="27743" /><F112/><W71/><G71/><T11/><D11/><U117/><E117/><V90/><F87/><W10/><G10/><T127/><D127/><U9/><E9/><V19/><F84/><W77/><G77/><T95/><D96/><U51/><E51/><V135/><F135/><W29/><G29/><T85/><D85/><N who="1" m="50215" /><E63/><V126/><F126/><W101/><G0/><T44/><D38/><U49/><E61/><V65/><F65/><W21/><G1/><T25/><D25/><U53/><E4/><V57/><F66/><RYUUKYOKU ba="0,0" sc="279,15,40,15,374,-15,307,-15" hai0="39,44,94,95" hai1="8,12,40,42,49,53,58,99,100,107" /><INIT seed="4,1,0,3,5,22" ten="294,55,359,292" oya="0" hai0="134,12,6,123,60,121,130,132,87,113,8,83,115" hai1="47,20,86,112,7,110,62,11,92,29,5,102,88" hai2="58,30,89,25,53,94,107,16,43,55,49,56,18" hai3="1,90,105,106,91,59,57,61,73,42,10,78,127"/><T101/><D101/><U68/><E110/><V48/><F43/><W66/><G127/><T41/><D41/><U104/><E112/><N who="0" m="43081" /><D60/><U74/><E74/><V109/><F107/><W3/><G73/><T33/><D33/><U80/><E104/><V76/><F76/><W45/><G78/><N who="0" m="46583" /><D130/><U75/><E75/><V0/><F0/><W46/><G42/><T135/><AGARI ba="1,0" hai="6,8,12,121,123,132,134,135" m="46583,43081" machi="135" ten="40,3900,0" yaku="20,1,15,1" doraHai="22" who="0" fromWho="0" sc="294,42,55,-14,359,-14,292,-14" /><INIT seed="4,2,0,2,1,79" ten="336,41,345,278" oya="0" hai0="78,19,22,123,80,114,28,55,113,15,47,36,132" hai1="117,66,63,43,10,39,70,34,87,84,5,30,62" hai2="135,64,93,51,1,41,8,120,2,73,108,24,44" hai3="9,100,107,3,68,124,102,53,91,7,52,99,134"/><T76/><D123/><U69/><E117/><V109/><F120/><W90/><G134/><T26/><D132/><U104/><E104/><V67/><F73/><W110/><G110/><T48/><D36/><U125/><E125/><V133/><F109/><W6/><G124/><T56/><D56/><U118/><E118/><V127/><F108/><W35/><G35/><T74/><REACH who="0" step="1"/><D76/><REACH who="0" ten="326,41,345,278" step="2"/><U54/><E39/><V21/><F135/><W33/><G68/><T31/><D31/><U88/><E70/><V115/><F133/><W98/><G33/><AGARI ba="2,1" hai="15,19,22,26,28,33,47,48,55,74,78,80,113,114" machi="33" ten="40,3900,0" yaku="1,1,52,1,53,0" doraHai="79" doraHaiUra="38" who="0" fromWho="3" sc="326,55,41,0,345,0,278,-45" /><INIT seed="4,3,0,3,3,72" ten="381,41,345,233" oya="0" hai0="8,117,93,54,23,89,66,114,31,53,80,67,58" hai1="132,9,24,7,21,14,75,27,86,5,83,6,11" hai2="103,107,55,30,36,25,135,34,110,108,1,99,3" hai3="118,102,37,29,12,28,97,48,10,65,129,115,64"/><T49/><D117/><U82/><E132/><V76/><F135/><W38/><G118/><T43/><D114/><U87/><E75/><V15/><F15/><W33/><G115/><T26/><D43/><U60/><E60/><V0/><F55/><W41/><G48/><T56/><D8/><U47/><E47/><V96/><F96/><W119/><G129/><T100/><D100/><U101/><E101/><V62/><F36/><W116/><G64/><T112/><D112/><U81/><E14/><V122/><F122/><W133/><G133/><T42/><D42/><U44/><E44/><V77/><REACH who="2" step="1"/><F62/><REACH who="2" ten="381,41,335,233" step="2"/><W79/><G37/><T121/><D121/><U105/><E105/><V84/><F84/><N who="1" m="32297" /><E24/><V35/><F35/><W32/><G32/><T57/><D54/><U63/><E63/><V109/><AGARI ba="3,1" hai="0,1,3,25,30,34,76,77,99,103,107,108,109,110" machi="109" ten="40,8000,1" yaku="1,1,0,1,52,2,53,0" doraHai="72" doraHaiUra="128" who="2" fromWho="2" sc="381,-43,41,-23,335,99,233,-23" /><INIT seed="5,0,0,5,1,85" ten="338,18,434,210" oya="1" hai0="104,105,66,102,89,95,103,0,77,15,45,107,91" hai1="65,28,74,67,86,114,131,31,112,57,78,2,12" hai2="18,111,72,93,6,26,92,14,126,3,101,34,120" hai3="109,133,123,35,99,75,87,128,127,110,51,10,29"/><U27/><E2/><V73/><F120/><W48/><G75/><T117/><D0/><U71/><E74/><V129/><F111/><W50/><G123/><T125/><D66/><N who="1" m="25099" /><E71/><V44/><F44/><W41/><G41/><T21/><D21/><U113/><E131/><V32/><F32/><W63/><G63/><T82/><D15/><U1/><E1/><V54/><F54/><W62/><G62/><T132/><D45/><U13/><E57/><V25/><F25/><W108/><G29/><N who="1" m="11338" /><E27/><V8/><F26/><W52/><G35/><T76/><D117/><U121/><E121/><V9/><F34/><W5/><G128/><T61/><D61/><U42/><E42/><V53/><F129/><W69/><G69/><T36/><D36/><U40/><E40/><V4/><F53/><W115/><G52/><T64/><D64/><U22/><E22/><V19/><F73/><W59/><G59/><T122/><D122/><U94/><E78/><V96/><F72/><W49/><G109/><T24/><D24/><U119/><E119/><V81/><F3/><W98/><G110/><T17/><D107/><U79/><E79/><V97/><F9/><W37/><G10/><T46/><D105/><U116/><E116/><V134/><F8/><W88/><G37/><T58/><D76/><U38/><E38/><V16/><F14/><W47/><G47/><T56/><D46/><U100/><E100/><V11/><F11/><W33/><G33/><T84/><D104/><U43/><E43/><V23/><F101/><W118/><N who="3" m="12288" /><DORA hai="7" /><W60/><G108/><T130/><D103/><RYUUKYOKU ba="0,0" sc="338,-10,18,30,434,-10,210,-10" hai1="12,13,86,94,112,113,114" /><INIT seed="5,1,0,2,0,45" ten="328,48,424,200" oya="1" hai0="131,11,56,21,15,122,68,50,46,80,90,17,117" hai1="119,18,75,123,61,101,133,28,135,86,16,20,83" hai2="73,82,32,29,22,94,93,109,3,41,116,2,78" hai3="1,132,107,121,8,89,112,74,106,39,52,113,92"/><U88/><E119/><V58/><F32/><W48/><G39/><T38/><D117/><U110/><E123/><V100/><F116/><W62/><G74/><T99/><D131/><U37/><E37/><V91/><F100/><W97/><G121/><T102/><D122/><U4/><E110/><V124/><F41/><W85/><G62/><T72/><D68/><U23/><E75/><V76/><F76/><W84/><G132/><N who="1" m="50762" /><E4/><V71/><F71/><W63/><G63/><T7/><D38/><U129/><E129/><V13/><F94/><W60/><G60/><T33/><D33/><U44/><E101/><V42/><F42/><W108/><G108/><T118/><D118/><U25/><E44/><V40/><F109/><W55/><G55/><T19/><D72/><U126/><E126/><V67/><F124/><W65/><G65/><T49/><D56/><U87/><E23/><V77/><F22/><W12/><G1/><T6/><D46/><U59/><E86/><V103/><F2/><W105/><G84/><N who="0" m="50439" /><D6/><U43/><E43/><V128/><F40/><W114/><G85/><T115/><D115/><U79/><E79/><V96/><F77/><W69/><G69/><T26/><D7/><U34/><E34/><V27/><F128/><W54/><G8/><T24/><D24/><U36/><E36/><V5/><F27/><W81/><G112/><T66/><D66/><AGARI ba="1,0" hai="16,18,20,25,28,59,61,66,83,87,88" m="50762" machi="66" ten="30,5800,0" yaku="20,1,54,2" doraHai="45" who="1" fromWho="0" sc="328,-61,48,61,424,0,200,0" /><INIT seed="5,2,0,3,1,128" ten="267,109,424,200" oya="1" hai0="13,57,74,111,101,78,20,14,43,37,12,114,104" hai1="22,87,103,109,89,3,72,44,121,32,4,107,16" hai2="42,110,117,125,24,55,100,49,130,58,106,81,135" hai3="129,84,1,56,50,80,113,82,41,19,91,94,29"/><U53/><E121/><V115/><F24/><W85/><G1/><T48/><D111/><U64/><E32/><V10/><F10/><W105/><G105/><T18/><D114/><U79/><E109/><V2/><F81/><W133/><G29/><T21/><D37/><U70/><E64/><V25/><F25/><W46/><G129/><T54/><D74/><U45/><E70/><V71/><F100/><W26/><G113/><T52/><D78/><U126/><E126/><V75/><F49/><W93/><G56/><T120/><D120/><U134/><E53/><V63/><F42/><W17/><G133/><T61/><D43/><U122/><E122/><V60/><F58/><W77/><G26/><T69/><D21/><U108/><E108/><V34/><F55/><W33/><G33/><T62/><D69/><U9/><E134/><V30/><F30/><W90/><G77/><T59/><REACH who="0" step="1"/><D48/><REACH who="0" ten="257,109,424,200" step="2"/><U119/><E79/><V6/><F71/><W67/><G50/><T65/><D65/><U15/><E72/><V8/><F75/><W88/><G67/><T97/><AGARI ba="2,1" hai="12,13,14,18,20,52,54,57,59,61,62,97,101,104" machi="97" ten="30,7900,0" yaku="1,1,0,1,9,1,54,1,53,0" doraHai="128" doraHaiUra="7" who="0" fromWho="0" sc="257,95,109,-41,424,-22,200,-22" /><INIT seed="6,0,0,1,0,89" ten="352,68,402,178" oya="2" hai0="9,38,112,94,118,105,92,63,97,133,11,16,24" hai1="103,106,90,104,122,6,31,54,111,26,113,46,14" hai2="84,120,30,125,76,68,57,79,132,126,60,48,116" hai3="22,134,8,72,98,51,107,20,75,29,27,117,41"/><V77/><F116/><W49/><G117/><T101/><D118/><U13/><E111/><V39/><F39/><W3/><G134/><T19/><D38/><U10/><E113/><V56/><F120/><W33/><G3/><T88/><D133/><U35/><E122/><V108/><F132/><W128/><G8/><N who="0" m="3147" /><D105/><U91/><E13/><V5/><F108/><W123/><G123/><T59/><D112/><U114/><E114/><V37/><F37/><W15/><G51/><T102/><D24/><U55/><E90/><V115/><F115/><W62/><G62/><T43/><D43/><U109/><E109/><V36/><F36/><W78/><G49/><T66/><D102/><U71/><E71/><V70/><F30/><W129/><G41/><T2/><D2/><U93/><E103/><V61/><F5/><W34/><G34/><T25/><D25/><U23/><E35/><V131/><F48/><W96/><G33/><T28/><D28/><U67/><E67/><V73/><F73/><W45/><G75/><T124/><D124/><U69/><E69/><V99/><F70/><W100/><G72/><T95/><D95/><U74/><E74/><V87/><F68/><W42/><G107/><N who="1" m="41002" /><E46/><V82/><F125/><W80/><G100/><T65/><D65/><U7/><E7/><V85/><F126/><W4/><G4/><T12/><D12/><U32/><E32/><V52/><F61/><W40/><G15/><T0/><D0/><U1/><E1/><V47/><F47/><W18/><G45/><T58/><D58/><U83/><E93/><V17/><F57/><RYUUKYOKU ba="0,0" sc="352,15,68,15,402,-15,178,-15" hai0="16,19,59,63,66,88,92,94,97,101" hai1="6,10,14,23,26,31,54,55,83,91" /><INIT seed="7,1,0,4,3,84" ten="367,83,387,163" oya="3" hai0="43,50,65,57,133,122,4,16,117,72,89,21,61" hai1="103,49,98,92,86,91,3,135,28,115,11,132,48" hai2="125,95,64,109,106,73,75,100,18,116,97,124,5" hai3="29,113,0,101,121,10,51,90,23,85,30,15,130"/><W131/><G121/><T47/><D122/><U52/><E115/><V99/><F116/><W119/><G0/><T108/><D108/><U104/><E48/><V60/><F18/><W53/><G101/><T79/><D133/><U54/><E54/><V46/><F5/><W83/><G113/><T69/><D117/><U12/><E28/><V129/><F46/><W120/><G120/><T14/><D4/><U42/><E42/><V70/><F129/><N who="3" m="49163" /><G23/><T127/><D127/><N who="2" m="48714" /><F109/><W80/><G83/><T35/><D35/><U40/><E40/><V126/><F126/><W118/><G29/><T114/><D114/><U19/><REACH who="1" step="1"/><E3/><REACH who="1" ten="367,73,387,163" step="2"/><V13/><F13/><W31/><G30/><T76/><D72/><U67/><E67/><V77/><F77/><W78/><G78/><T39/><D89/><AGARI ba="1,1" hai="60,64,70,73,75,89,95,97,99,100,106" m="48714" machi="89" ten="30,2000,0" yaku="18,1,52,1" doraHai="84" who="2" fromWho="0" sc="367,-23,73,0,387,33,163,0" owari="344,14.0,73,-43.0,420,53.0,163,-24.0" /></mjloggm>