<mjloggm ver="2.3"><GO type="169" lobby="0"/><UN n0="%E3%82%A6%E3%83%AB%E3%83%88%E3%83%A9%E7%AB%8B%E7%9B%B4" n1="%E3%81%BF%E3%81%A3%E3%81%A4%E3%81%83%EF%BD%9E" n2="%E3%83%86%E3%83%AC%E3%83%93%E3%81%A3%E5%AD%90" n3="%E2%99%AA%E3%82%A6%E3%82%B5%E3%82%AE%E2%99%AA" dan="18,17,18,16" rate="2206.85,2125.26,2195.25,2123.68" sx="M,F,M,F"/><TAIKYOKU oya="0"/><INIT seed="0,0,0,5,4,32" ten="250,250,250,250" oya="0" hai0="27,13,91,122,50,123,59,56,33,54,117,21,106" hai1="126,120,90,16,63,97,119,28,124,46,82,77,52" hai2="11,75,92,111,66,132,47,101,57,68,24,99,95" hai3="23,104,39,105,4,35,107,61,25,80,17,67,128"/><T41/><D117/><U127/><E120/><V79/><F111/><W0/><G128/><T83/><D106/><U30/><E119/><V96/><F132/><W112/><G112/><T113/><D113/><U85/><E63/><V78/><F68/><W133/><G133/><T38/><D38/><U12/><E97/><V131/><F131/><W64/><G39/><T72/><D41/><U51/><REACH who="1" step="1"/><E77/><REACH who="1" ten="250,240,250,250" step="2"/><V58/><F79/><W40/><G61/><T37/><D123/><U55/><E55/><V29/><F78/><W76/><G40/><T108/><D122/><U14/><E14/><V3/><F66/><W5/><G67/><T81/><D108/><U94/><E94/><V84/><F95/><W87/><G64/><T65/><D65/><U62/><E62/><V19/><F99/><W125/><G125/><T102/><D13/><U71/><E71/><V135/><F135/><W43/><G43/><T1/><D54/><U20/><AGARI ba="0,1" hai="12,16,20,28,30,46,51,52,82,85,90,124,126,127" machi="20" ten="30,8000,1" yaku="1,1,0,1,18,1,54,2,53,0" doraHai="32" doraHaiUra="6" who="1" fromWho="1" sc="250,-40,240,90,250,-20,250,-20" /><INIT seed="1,0,0,0,0,110" ten="210,330,230,230" oya="1" hai0="71,37,122,79,48,95,112,5,135,82,21,99,65" hai1="86,72,111,80,116,35,62,29,90,54,42,132,105" hai2="64,76,46,88,118,12,97,13,16,0,43,70,78" hai3="119,39,108,56,117,14,8,19,94,15,109,106,47"/><U91/><E116/><N who="3" m="44618" /><G106/><T66/><D37/><U124/><E105/><V3/><F118/><W129/><G94/><T69/><D135/><U44/><E72/><V10/><F70/><W9/><G56/><T73/><D122/><U85/><E132/><V7/><F64/><W55/><G55/><T102/><D66/><U17/><E35/><V83/><F78/><W24/><G47/><T114/><D5/><U33/><E33/><V120/><F120/><W52/><G52/><T113/><D65/><U27/><E29/><V49/><F97/><W26/><G39/><T30/><REACH who="0" step="1"/><D48/><REACH who="0" ten="200,330,230,230" step="2"/><N who="1" m="26647" /><E111/><N who="3" m="42570" /><G129/><T84/><D84/><N who="1" m="50439" /><E124/><V127/><F127/><W75/><G75/><T63/><D63/><U100/><E86/><V125/><F125/><W96/><G96/><T59/><D59/><U36/><E62/><V128/><F128/><W131/><G131/><T28/><D28/><U121/><E36/><V87/><REACH who="2" step="1"/><F76/><REACH who="2" ten="200,330,220,230" step="2"/><W134/><G134/><T57/><D57/><U25/><E121/><V51/><F51/><W74/><G74/><T89/><D89/><U68/><E91/><V11/><AGARI ba="0,2" hai="0,3,7,10,11,12,13,16,43,46,49,83,87,88" machi="11" ten="20,12000,2" yaku="1,1,0,1,7,1,54,2,53,2" doraHai="110" doraHaiUra="32" who="2" fromWho="2" sc="200,-30,330,-60,220,140,230,-30" /><INIT seed="2,0,0,4,4,59" ten="170,270,360,200" oya="2" hai0="103,125,116,127,13,3,36,58,73,88,26,67,4" hai1="68,11,108,113,86,37,51,75,90,77,17,0,98" hai2="5,104,99,107,129,128,121,9,23,53,105,34,35" hai3="24,63,64,79,40,25,106,72,15,16,14,49,91"/><V76/><F121/><W42/><G106/><T1/><D36/><U32/><E37/><V81/><F99/><W126/><G126/><N who="0" m="48139" /><D73/><U48/><E32/><V133/><F23/><W96/><G72/><T19/><D103/><U27/><E75/><N who="2" m="43167" /><F53/><W47/><G79/><T95/><D116/><U7/><E113/><V18/><F18/><W119/><G14/><T45/><D45/><U60/><E77/><V20/><F20/><W130/><G42/><T62/><D4/><U110/><E98/><V114/><F133/><W135/><G130/><N who="2" m="50281" /><F114/><W87/><G135/><T134/><D26/><U38/><E27/><V52/><F52/><N who="3" m="29759" /><G96/><N who="0" m="57447" /><D134/><U55/><E17/><V31/><F31/><W102/><G119/><T61/><D61/><U21/><E21/><AGARI ba="0,0" hai="1,3,13,19,21,58,62,67" m="57447,48139" machi="21" ten="30,3900,0" yaku="18,1,52,1,54,1" doraHai="59" who="0" fromWho="1" sc="170,39,270,-39,360,0,200,0" /><INIT seed="3,0,0,5,5,62" ten="209,231,360,200" oya="3" hai0="85,75,50,110,18,82,45,91,131,40,108,107,67" hai1="130,33,114,70,76,109,46,38,93,83,2,44,134" hai2="123,89,87,47,86,27,28,26,94,96,15,30,0" hai3="112,35,103,29,24,3,80,99,60,88,98,4,36"/><W113/><G36/><T121/><D121/><U127/><RYUUKYOKU type="yao9" ba="0,0" sc="209,0,231,0,360,0,200,0" hai1="2,33,38,44,46,70,76,83,93,109,114,127,130,134" /><INIT seed="3,1,0,3,1,53" ten="209,231,360,200" oya="3" hai0="87,39,17,37,41,119,118,103,112,59,107,123,4" hai1="42,61,6,68,99,91,23,64,73,115,28,101,22" hai2="121,57,122,129,2,126,27,128,74,70,66,77,102" hai3="56,100,47,83,69,25,36,31,21,113,12,7,38"/><W98/><G113/><T80/><D123/><N who="2" m="47114" /><F2/><W45/><G69/><T1/><D112/><U97/><E115/><V26/><F70/><W106/><G83/><T65/><D4/><U54/><E73/><V63/><F102/><W94/><G106/><T104/><D1/><U79/><E79/><V135/><F126/><W48/><G38/><T105/><D103/><U78/><E78/><V75/><F135/><W51/><G36/><T8/><D39/><U62/><E42/><V134/><F134/><W117/><G117/><T124/><D124/><U130/><E6/><V60/><F60/><W85/><G85/><T120/><D120/><U82/><E130/><N who="2" m="50283" /><F75/><W14/><G7/><T114/><D114/><U132/><E132/><V29/><F29/><W16/><G12/><T81/><D41/><U110/><E110/><V52/><F66/><W55/><REACH who="3" step="1"/><G48/><REACH who="3" ten="209,231,360,190" step="2"/><T92/><D37/><U95/><E82/><AGARI ba="1,1" hai="26,27,52,57,63,74,77,82" m="50283,47114" machi="82" ten="30,7700,0" yaku="13,1,19,1,52,1,54,1" doraHai="53" who="2" fromWho="1" sc="209,0,231,-80,360,90,190,0" /><INIT seed="4,0,0,0,0,88" ten="209,151,450,190" oya="0" hai0="68,107,111,33,48,125,112,129,46,37,130,60,69" hai1="18,90,23,135,134,45,99,36,72,2,97,11,128" hai2="86,17,82,59,117,54,67,38,41,34,21,40,101" hai3="103,76,85,5,106,96,114,43,98,56,27,64,1"/><T50/><D107/><U0/><E72/><V52/><F34/><W16/><G43/><N who="0" m="22895" /><D33/><U55/><E128/><N who="0" m="49257" /><D112/><U13/><E36/><V6/><F117/><W71/><G114/><T131/><D131/><U127/><E127/><V61/><F101/><W115/><G71/><N who="0" m="27211" /><D125/><U3/><E23/><V30/><F6/><W104/><G115/><T57/><D111/><U77/><E77/><V108/><F30/><W124/><G124/><T22/><D22/><U122/><E122/><V31/><F31/><W120/><G120/><T116/><D116/><U32/><E32/><V80/><F108/><W62/><G5/><T4/><D4/><U121/><E121/><V109/><F109/><W92/><G1/><T47/><D47/><U51/><REACH who="1" step="1"/><E90/><REACH who="1" ten="209,141,450,190" step="2"/><N who="2" m="51527" /><F21/><W10/><G76/><T42/><D42/><U58/><E58/><V102/><F40/><W81/><G56/><T7/><D7/><U79/><E79/><V83/><F41/><W66/><G10/><T65/><AGARI ba="0,1" hai="48,50,57,60,65" m="27211,49257,22895" machi="65" ten="30,6000,0" yaku="19,1,34,2" doraHai="88" who="0" fromWho="0" sc="209,70,141,-20,450,-20,190,-20" /><INIT seed="4,1,0,1,5,99" ten="279,121,430,170" oya="0" hai0="7,93,124,74,49,28,73,48,26,22,94,3,15" hai1="92,82,63,96,32,121,50,60,4,128,27,31,125" hai2="41,109,116,78,62,83,17,79,13,11,44,107,40" hai3="51,123,76,122,119,88,81,10,5,69,118,2,18"/><T21/><D3/><U33/><E121/><V132/><F132/><W87/><G69/><T70/><D70/><U8/><E128/><V23/><F109/><W89/><G18/><T102/><D124/><U95/><E125/><V25/><F107/><W86/><G51/><T64/><D64/><U39/><E39/><V108/><F108/><W129/><G129/><T66/><D66/><U105/><E33/><V47/><F116/><N who="3" m="44587" /><G10/><T1/><D1/><U30/><E30/><V98/><F98/><W0/><G5/><T80/><D80/><U35/><E35/><V126/><F62/><W115/><G2/><T113/><D113/><U16/><E82/><V71/><F71/><W106/><G0/><T134/><D134/><U61/><E4/><V52/><F126/><W29/><G29/><T103/><D28/><U111/><E111/><V112/><F112/><W68/><G68/><T57/><D57/><U58/><E105/><V42/><F52/><W127/><G127/><T53/><D53/><U9/><E9/><V67/><F67/><W38/><G38/><T131/><D131/><U37/><E37/><V46/><F83/><N who="3" m="49279" /><G115/><T43/><D43/><U91/><E95/><V59/><F59/><W97/><G106/><T45/><D45/><U84/><E50/><V101/><F11/><W100/><G100/><T20/><D20/><U133/><E133/><V6/><F101/><W36/><G36/><T110/><D110/><U56/><REACH who="1" step="1"/><E96/><REACH who="1" ten="279,111,430,170" step="2"/><V75/><F6/><W114/><G114/><T117/><D117/><U24/><E24/><V14/><F25/><W120/><G97/><RYUUKYOKU ba="1,1" sc="279,-15,111,15,430,-15,170,15" hai1="8,16,27,31,32,56,58,60,61,63,84,91,92" hai3="76,81,86,89,120,122,123" /><INIT seed="5,2,1,2,2,27" ten="264,126,415,185" oya="1" hai0="109,54,45,40,50,83,113,28,135,15,122,94,41" hai1="88,132,107,0,8,131,116,25,46,78,121,104,5" hai2="95,4,103,72,22,134,124,71,84,52,60,80,130" hai3="19,128,51,102,42,126,106,77,39,21,115,120,81"/><U75/><E116/><V93/><F72/><W105/><G120/><T100/><D113/><U38/><E121/><V91/><F130/><W56/><G115/><T26/><D109/><U110/><E131/><V6/><F134/><W108/><G128/><T65/><D135/><U48/><E132/><V57/><F124/><W20/><G126/><T11/><D65/><U118/><E118/><V36/><F36/><W129/><G129/><T82/><D122/><U101/><E110/><V133/><F133/><W37/><G106/><T30/><D26/><U32/><E88/><V98/><F71/><W31/><G108/><T66/><D66/><U3/><E3/><V59/><F59/><W76/><G105/><T85/><D82/><N who="1" m="45407" /><E101/><V44/><F44/><W67/><G102/><T10/><D94/><U24/><E48/><V35/><F35/><W13/><G77/><N who="0" m="46319" /><D100/><U117/><E25/><V79/><F22/><W29/><G39/><T18/><D11/><U97/><E97/><V61/><F61/><N who="3" m="38311" /><G37/><T87/><D87/><U111/><E111/><V2/><F2/><W49/><G81/><T69/><D69/><U12/><E12/><V64/><F93/><W1/><G1/><T58/><D58/><U63/><E63/><V14/><F14/><N who="3" m="9335" /><G76/><T70/><D70/><U114/><E114/><V34/><F103/><W47/><G51/><T127/><D127/><U53/><E117/><V90/><F95/><W33/><G33/><T68/><D68/><U112/><E112/><V89/><F80/><W123/><G123/><T73/><D73/><U7/><E0/><V96/><F79/><RYUUKYOKU ba="2,1" sc="264,15,126,-15,415,-15,185,15" hai0="10,15,18,28,30,40,41,45,50,54" hai3="13,21,29,31,42,47,49" /><INIT seed="6,3,1,0,5,24" ten="279,111,400,200" oya="2" hai0="126,47,53,131,90,67,36,87,75,130,40,81,34" hai1="12,52,110,44,2,8,96,70,82,71,77,19,69" hai2="39,61,99,111,132,25,86,80,62,49,59,7,23" hai3="37,85,41,35,43,84,68,16,104,64,133,108,76"/><V95/><F39/><W120/><G108/><T112/><D67/><U14/><E110/><V4/><F49/><W94/><G104/><T98/><D75/><U78/><E2/><V134/><F111/><W54/><G133/><T22/><D34/><U3/><E3/><V42/><F42/><W107/><G107/><T27/><D126/><U83/><E96/><V79/><F62/><W105/><G105/><T13/><D112/><U30/><E30/><V125/><F134/><W15/><G35/><T92/><D13/><U116/><E116/><V73/><F73/><W109/><G120/><T20/><D53/><U128/><E128/><N who="0" m="49193" /><D27/><U28/><E28/><N who="2" m="17471" /><F132/><W123/><G37/><T51/><D36/><U56/><E44/><V29/><F29/><W93/><G109/><T21/><D21/><U115/><E115/><V89/><F125/><W46/><G123/><T50/><D50/><U74/><E14/><V45/><F45/><W113/><G113/><T60/><D60/><U33/><E33/><V17/><F17/><W11/><G68/><T124/><D124/><U121/><E121/><V91/><F7/><W6/><G6/><T32/><D32/><U117/><E117/><V100/><F4/><W55/><G64/><AGARI ba="3,1" hai="59,61,64,79,80,86,89,91,95,99,100" m="17471" machi="64" ten="30,5800,0" yaku="25,1,8,1,52,1" doraHai="24" who="2" fromWho="3" sc="279,0,111,0,400,77,200,-67" /><INIT seed="6,4,0,0,0,10" ten="279,111,477,133" oya="2" hai0="86,73,17,112,85,65,26,114,110,52,97,13,79" hai1="15,71,125,43,55,84,64,29,59,75,115,6,11" hai2="57,42,68,47,53,99,0,38,3,12,132,90,30" hai3="103,133,61,120,67,101,92,106,24,48,49,107,80"/><V44/><F68/><W87/><G133/><T9/><D110/><U35/><E75/><V116/><F132/><W83/><G120/><T77/><D65/><U96/><E115/><N who="0" m="44073" /><D97/><U128/><E128/><V2/><F30/><W36/><G36/><T98/><D98/><U51/><E125/><V63/><F116/><W45/><G24/><T78/><D73/><U23/><E35/><V95/><F47/><W119/><G119/><T88/><D26/><N who="1" m="16607" /><E71/><V81/><F81/><W130/><G130/><T91/><D91/><U25/><E64/><V39/><F39/><W70/><G49/><T113/><D86/><U122/><E122/><V66/><F66/><W94/><G106/><T89/><D113/><U100/><E25/><V124/><F124/><W37/><G37/><T20/><D85/><U58/><E43/><V40/><F42/><W62/><G107/><T32/><D32/><U93/><E84/><V117/><F117/><W69/><G87/><T121/><D121/><U109/><E109/><V8/><F0/><W54/><G69/><T28/><D28/><U41/><E41/><V27/><F27/><W60/><G70/><T50/><D20/><U123/><E123/><V14/><F2/><W131/><G67/><T46/><AGARI ba="4,0" hai="9,13,17,46,50,52,77,78,79,88,89" m="44073" machi="46" ten="30,7900,0" yaku="15,1,52,1,54,2" doraHai="10" who="0" fromWho="0" sc="279,91,111,-24,477,-43,133,-24" /><INIT seed="7,0,0,1,4,63" ten="370,87,434,109" oya="3" hai0="9,98,121,2,92,45,42,82,77,51,105,10,109" hai1="135,101,65,95,100,104,115,78,62,124,81,22,64" hai2="29,71,49,86,123,58,111,12,34,74,7,125,88" hai3="79,18,70,106,19,96,0,97,23,91,84,67,14"/><W13/><G0/><T1/><D105/><U116/><E104/><V132/><F74/><W11/><G106/><T54/><D121/><U102/><E115/><V69/><F125/><W39/><G39/><T30/><D109/><U5/><E124/><V46/><F132/><W52/><G79/><T127/><D127/><U93/><E135/><V6/><F111/><W40/><G40/><T114/><D114/><U55/><E116/><V90/><F34/><W33/><G33/><T126/><D126/><U60/><E5/><V48/><F29/><W31/><G31/><T59/><D30/><U8/><E8/><V56/><F46/><W16/><G19/><T61/><D2/><U119/><E119/><V28/><F28/><W110/><G110/><T103/><REACH who="0" step="1"/><D1/><REACH who="0" ten="360,87,434,109" step="2"/><U3/><E3/><V131/><F123/><W50/><G70/><T120/><D120/><U118/><E118/><V41/><F131/><W25/><G25/><T72/><AGARI ba="0,1" hai="9,10,42,45,51,54,59,61,72,77,82,92,98,103" machi="72" ten="20,2700,0" yaku="1,1,0,1,7,1,53,0" doraHai="63" doraHaiUra="129" who="0" fromWho="0" sc="360,37,87,-7,434,-7,109,-13" owari="397,20.0,80,-42.0,427,52.0,96,-30.0" /></mjloggm>