<mjloggm ver="2.3"><GO type="41" lobby="0"/><UN n0="%E9%9B%84%E5%A4%AA" n1="%58%53%41" n2="%E3%83%AC%E3%83%A0%30%36" n3="%E5%B0%B1%E6%B4%BB%E7%94%9F%40%E5%B7%9D%E6%9D%91%E8%BB%8D%E5%9B%A3" dan="14,13,14,17" rate="1957.55,1931.46,1943.62,2223.02" sx="M,M,M,M"/><TAIKYOKU oya="0"/><INIT seed="0,0,0,2,5,96" ten="250,250,250,250" oya="0" hai0="22,27,124,99,0,8,109,40,92,23,45,56,33" hai1="66,54,123,48,26,31,85,73,103,16,121,19,53" hai2="115,39,83,82,72,44,100,94,30,69,60,102,29" hai3="133,41,51,71,4,113,106,38,63,125,129,90,119"/><T59/><D124/><U93/><E73/><V120/><F120/><W36/><G4/><T18/><D33/><U13/><E66/><V55/><F115/><W75/><G75/><T127/><D127/><U46/><E123/><V35/><F72/><W91/><G106/><T107/><D107/><U28/><E121/><V20/><F35/><W64/><G125/><T50/><D109/><U111/><E111/><V110/><F110/><W5/><G5/><T68/><D68/><U11/><E53/><V79/><F79/><W105/><G105/><T10/><D23/><N who="1" m="13695" /><E85/><V6/><F6/><W117/><G113/><T76/><D76/><U88/><E88/><V122/><F122/><W58/><G129/><T80/><D80/><U42/><E42/><V52/><F39/><W49/><G133/><T62/><D0/><U81/><E81/><N who="2" m="30731" /><F69/><W131/><G131/><T84/><D84/><U89/><E89/><V108/><F108/><W34/><G34/><T57/><REACH who="0" step="1"/><D62/><REACH who="0" ten="240,250,250,250" step="2"/><U14/><E13/><V97/><F60/><W2/><G2/><T43/><D43/><U32/><E32/><V98/><F94/><W17/><G41/><T1/><D1/><U67/><E67/><V47/><F20/><W95/><G64/><T78/><D78/><U37/><E93/><V112/><F112/><W15/><G95/><T70/><D70/><U134/><E134/><V101/><F98/><W104/><G71/><T77/><D77/><U128/><E128/><V12/><F97/><W132/><G132/><T21/><D21/><U7/><E11/><V86/><F86/><W74/><G74/><RYUUKYOKU ba="0,1" sc="240,30,250,-10,250,-10,250,-10" hai0="8,10,18,22,27,40,45,50,56,57,59,92,99" /><INIT seed="0,1,1,3,1,40" ten="270,240,240,240" oya="0" hai0="17,70,51,42,96,91,109,59,38,79,118,122,21" hai1="56,54,129,84,27,119,98,128,95,37,85,75,89" hai2="5,9,48,13,92,126,4,83,30,10,29,112,73" hai3="76,104,19,39,111,94,80,34,47,106,121,67,69"/><T114/><D122/><U107/><E75/><V102/><F112/><W60/><G121/><T132/><D114/><U26/><E119/><V135/><F135/><W2/><G111/><T105/><D118/><U25/><E37/><V6/><F126/><W68/><G19/><T113/><D113/><U64/><E64/><V24/><F73/><N who="3" m="43023" /><G94/><T28/><D70/><U15/><E15/><V20/><F83/><W71/><G34/><T66/><D132/><U46/><E46/><V127/><F127/><W61/><G2/><T62/><D38/><U55/><E107/><N who="3" m="41002" /><G61/><T35/><D35/><U97/><E98/><V134/><F134/><W115/><G115/><T133/><D133/><U16/><E128/><V58/><F30/><W124/><G124/><T72/><D28/><U87/><E129/><V117/><F117/><W45/><G45/><T41/><D105/><U82/><E82/><V18/><F92/><W131/><G131/><T23/><D72/><U44/><E44/><V103/><F10/><W88/><G88/><T108/><D79/><U43/><E43/><AGARI ba="1,1" hai="39,43,47,60,67,68,69,71" m="41002,43023" machi="43" ten="30,3900,0" yaku="33,2,52,1" doraHai="40" who="3" fromWho="1" sc="270,0,240,-42,240,0,240,52" /><INIT seed="1,0,0,3,4,61" ten="270,198,240,292" oya="1" hai0="48,69,68,93,12,75,129,76,85,105,96,21,119" hai1="92,5,17,134,22,77,88,103,51,67,125,72,56" hai2="102,90,32,28,11,18,104,36,55,74,86,65,1" hai3="39,13,59,114,58,94,31,9,29,43,117,38,40"/><U27/><E125/><V80/><F36/><W135/><G114/><T126/><D119/><U8/><E134/><V101/><F74/><W115/><G115/><T131/><D126/><U83/><E103/><V10/><F1/><W4/><G135/><T89/><D48/><U64/><E51/><V79/><F79/><W128/><G117/><T123/><D123/><U73/><E56/><V54/><F102/><W118/><G118/><T110/><D110/><U63/><E63/><V30/><F30/><W0/><G128/><T25/><D12/><U70/><E70/><V53/><F28/><W106/><G106/><T42/><D42/><U127/><E127/><V120/><F32/><W82/><G0/><T60/><D75/><U99/><E73/><V50/><F50/><W26/><G82/><T111/><D111/><U33/><E33/><V130/><F130/><N who="0" m="49674" /><D76/><U15/><AGARI ba="0,0" hai="5,8,15,17,22,27,64,67,72,77,83,88,92,99" machi="15" ten="20,12000,1" yaku="0,1,7,1,52,2,54,1" doraHai="61" who="1" fromWho="1" sc="270,-40,198,120,240,-40,292,-40" /><INIT seed="1,1,0,2,5,31" ten="230,318,200,252" oya="1" hai0="32,128,0,55,71,42,35,46,58,57,80,15,65" hai1="50,73,114,22,87,99,37,117,62,6,75,119,29" hai2="56,104,89,88,113,52,123,85,14,23,106,34,51" hai3="111,12,84,9,77,48,70,13,16,120,93,36,112"/><U61/><E114/><V44/><F123/><W92/><G36/><T24/><D0/><U4/><E37/><V11/><F113/><W129/><G120/><T78/><D71/><U41/><E99/><V40/><F89/><W18/><G112/><T30/><D65/><U69/><E69/><V133/><F133/><W132/><G132/><T38/><D128/><U3/><E3/><V102/><F102/><W39/><G39/><T108/><D108/><U125/><E125/><V2/><F2/><W81/><G111/><T90/><D90/><U118/><E87/><V101/><F101/><W83/><G129/><T97/><D97/><U67/><E67/><V54/><F54/><W1/><G1/><T64/><D64/><U19/><E29/><V79/><F79/><W27/><G27/><T116/><D116/><U121/><E121/><V103/><F103/><W28/><G28/><T98/><D98/><U68/><E68/><V49/><F23/><W72/><G48/><T17/><D55/><U59/><E50/><V135/><F34/><W95/><G70/><T100/><D100/><U26/><E41/><V130/><F130/><W82/><REACH who="3" step="1"/><G72/><REACH who="3" ten="230,318,200,242" step="2"/><T124/><D124/><U86/><E75/><V25/><F135/><W122/><G122/><T115/><D115/><U5/><E73/><V21/><F21/><AGARI ba="1,1" hai="9,12,13,16,18,21,77,81,82,83,84,92,93,95" machi="21" ten="40,5200,0" yaku="1,1,8,1,54,1,53,0" doraHai="31" doraHaiUra="63" who="3" fromWho="2" sc="230,0,318,0,200,-55,242,65" /><INIT seed="2,0,0,3,3,69" ten="230,318,145,307" oya="2" hai0="23,48,46,82,104,72,89,124,87,25,32,76,126" hai1="98,36,123,68,113,116,21,101,13,119,117,88,7" hai2="15,121,54,4,94,115,64,120,49,107,93,50,22" hai3="129,75,95,97,61,2,47,110,12,1,34,130,96"/><V59/><F107/><W132/><G75/><T17/><D104/><U103/><E68/><V128/><F115/><W74/><G74/><T125/><D32/><U45/><E113/><V106/><F106/><W92/><G34/><T85/><REACH who="0" step="1"/><D89/><REACH who="0" ten="220,318,145,307" step="2"/><U78/><E117/><V5/><F128/><W19/><G129/><T111/><D111/><U35/><E116/><V80/><F121/><W105/><G110/><T86/><D86/><U79/><E119/><V63/><F120/><W67/><G105/><T6/><D6/><N who="2" m="2666" /><F80/><W26/><G130/><T39/><D39/><U100/><E36/><V41/><F41/><AGARI ba="0,1" hai="17,23,25,41,46,48,72,76,82,85,87,124,125,126" machi="41" ten="40,2600,0" yaku="1,1,18,1,53,0" doraHai="69" doraHaiUra="118" who="0" fromWho="2" sc="220,36,318,0,145,-26,307,0" /><INIT seed="3,0,0,1,1,57" ten="256,318,119,307" oya="3" hai0="28,96,45,104,95,127,23,74,81,65,109,56,51" hai1="126,53,63,5,134,106,6,25,26,44,54,60,90" hai2="15,85,102,107,33,48,88,18,87,78,49,89,100" hai3="3,70,115,31,123,34,92,108,113,97,128,20,110"/><W13/><G70/><T30/><D104/><U124/><E106/><V46/><F33/><W122/><G92/><T61/><D109/><N who="3" m="42089" /><G97/><T91/><D127/><N who="1" m="48683" /><E134/><V68/><F68/><W135/><G135/><T11/><D11/><U59/><E90/><V36/><F36/><W9/><G128/><T52/><REACH who="0" step="1"/><D23/><REACH who="0" ten="246,318,119,307" step="2"/><U64/><E6/><V38/><F107/><W40/><G3/><T117/><D117/><U133/><E5/><V32/><F32/><W39/><G39/><T119/><D119/><U66/><E133/><V8/><F38/><W101/><G40/><T10/><D10/><U75/><E75/><V111/><F111/><W35/><G101/><N who="2" m="39017" /><F78/><AGARI ba="0,1" hai="28,30,45,51,52,56,61,65,74,78,81,91,95,96" machi="78" ten="40,5200,0" yaku="1,1,52,1,54,1,53,0" doraHai="57" doraHaiUra="67" who="0" fromWho="2" sc="246,62,318,0,119,-52,307,0" /><INIT seed="4,0,0,3,1,132" ten="308,318,67,307" oya="0" hai0="65,22,78,126,125,73,57,70,61,29,87,56,36" hai1="60,96,42,1,74,108,128,35,93,48,77,123,39" hai2="135,103,17,129,47,110,64,79,67,95,34,100,130" hai3="83,2,25,133,49,40,45,31,37,7,50,106,101"/><T134/><D73/><U63/><E123/><V116/><F34/><W3/><G133/><T44/><D134/><U107/><E108/><V91/><F135/><W105/><G83/><N who="0" m="47607" /><D36/><U72/><E35/><V51/><F79/><W46/><G37/><T89/><D44/><U30/><E30/><V76/><F110/><W82/><G82/><T55/><D55/><U13/><E1/><V5/><F76/><W111/><G111/><T115/><D89/><U20/><E77/><V11/><F17/><W28/><G101/><T62/><D62/><U23/><E107/><V120/><F120/><W43/><G25/><N who="0" m="16567" /><D115/><U9/><E39/><V102/><F116/><W16/><REACH who="3" step="1"/><G7/><REACH who="3" ten="308,318,67,297" step="2"/><T53/><D53/><U127/><E128/><V6/><F6/><W122/><G122/><T41/><D41/><U112/><E112/><V92/><F129/><W15/><G15/><T69/><D69/><U59/><E42/><V8/><F130/><W118/><G118/><T97/><D97/><U32/><E96/><V121/><F121/><W117/><G117/><T66/><D66/><U104/><E13/><V75/><F5/><W99/><G99/><T21/><D21/><U86/><E23/><V114/><F114/><W12/><G12/><T14/><D14/><U94/><E20/><V33/><F33/><W109/><G109/><T54/><D54/><U4/><E32/><V80/><F80/><W131/><G131/><T84/><D84/><U26/><E4/><V124/><F75/><W90/><G90/><T52/><D52/><U88/><E74/><V98/><F91/><W38/><G38/><RYUUKYOKU ba="0,1" sc="308,15,318,-15,67,-15,297,15" hai0="56,57,61,65,70,125,126" hai3="2,3,16,28,31,40,43,45,46,49,50,105,106" /><INIT seed="4,1,1,1,1,81" ten="323,303,52,312" oya="0" hai0="100,67,88,130,120,97,101,78,92,98,59,30,45" hai1="52,107,4,70,122,75,7,16,62,49,35,85,83" hai2="96,82,69,116,71,39,90,119,95,61,108,20,51" hai3="5,31,129,72,29,111,113,89,2,56,38,19,18"/><T60/><D120/><U26/><E122/><V68/><F39/><W131/><G72/><T47/><D130/><N who="3" m="49673" /><G38/><T64/><D78/><N who="1" m="46327" /><E75/><V79/><F108/><W13/><G111/><T32/><D64/><U6/><E70/><V73/><F51/><W74/><G74/><T22/><D32/><U118/><E107/><V37/><F37/><W36/><G36/><T42/><D42/><U84/><E35/><V87/><F20/><W125/><G125/><T115/><D115/><U27/><E118/><V8/><F8/><N who="3" m="2103" /><G56/><T105/><REACH who="0" step="1"/><D101/><REACH who="0" ten="313,303,52,312" step="2"/><U14/><E62/><V86/><REACH who="2" step="1"/><F61/><REACH who="2" ten="313,303,42,312" step="2"/><W33/><G113/><T102/><D102/><U43/><E43/><V63/><F63/><W134/><G33/><T65/><D65/><U109/><E109/><V77/><F77/><W48/><G48/><T106/><D106/><U44/><E27/><AGARI ba="1,3" hai="22,27,30,45,47,59,60,67,88,92,97,98,100,105" machi="27" ten="40,7700,0" yaku="1,1,54,1,53,1" doraHai="81" doraHaiUra="103" who="0" fromWho="1" sc="313,110,303,-80,42,0,312,0" /><INIT seed="4,2,0,3,0,103" ten="423,223,42,312" oya="0" hai0="50,133,119,97,86,122,73,132,113,24,4,52,70" hai1="81,3,82,28,125,30,64,90,2,96,72,12,116" hai2="115,15,22,60,112,134,53,61,25,27,94,20,77" hai3="59,26,16,41,108,92,69,135,45,68,32,6,114"/><T35/><D73/><U105/><E116/><V80/><F134/><W13/><G108/><T31/><D119/><U46/><E125/><V37/><F37/><W17/><G114/><T10/><D70/><U131/><E72/><V74/><F94/><W98/><G135/><T65/><D65/><U42/><E131/><V117/><F117/><W128/><G128/><T110/><D122/><U104/><E64/><V88/><F88/><W18/><G59/><T40/><D40/><U36/><E2/><V21/><F15/><W89/><G6/><T57/><D113/><U109/><E109/><V54/><F115/><W121/><G121/><T39/><D39/><U85/><E3/><V79/><F112/><W123/><G123/><T47/><D47/><U19/><E104/><V120/><F120/><W127/><G127/><T130/><D110/><U66/><E66/><V23/><N who="2" m="5632" /><DORA hai="7" /><V58/><REACH who="2" step="1"/><F77/><REACH who="2" ten="423,223,32,312" step="2"/><W5/><G13/><T62/><D130/><U102/><E81/><V49/><F49/><W87/><G5/><T48/><D133/><U55/><E55/><V14/><F14/><W126/><G126/><T93/><D132/><U118/><E118/><V75/><F75/><W29/><G98/><T44/><D86/><U124/><E124/><V91/><F91/><W63/><G63/><T67/><D50/><U107/><E107/><V106/><F106/><W129/><G129/><T11/><D4/><U9/><AGARI ba="2,1" hai="9,12,19,28,30,36,42,46,82,85,90,96,102,105" machi="9" ten="20,5200,0" yaku="0,1,7,1,52,2" doraHai="103,7" who="1" fromWho="1" sc="423,-28,223,68,32,-15,312,-15" /><INIT seed="5,0,0,0,0,46" ten="395,291,17,297" oya="1" hai0="97,78,90,12,45,74,111,40,16,83,8,132,4" hai1="35,100,121,65,82,108,62,129,49,31,125,26,104" hai2="75,112,87,131,39,41,15,28,99,7,68,106,126" hai3="24,61,51,123,128,130,119,48,20,30,42,32,21"/><U19/><E121/><V50/><F75/><W95/><G123/><T36/><D132/><U76/><E108/><V37/><F68/><W113/><G119/><T58/><D111/><U85/><E129/><N who="3" m="49770" /><G113/><T105/><D58/><U109/><E109/><V101/><F131/><W135/><G135/><T34/><D34/><U0/><E0/><V18/><F112/><W60/><G95/><T43/><D43/><U71/><E125/><V117/><F117/><W2/><G2/><T55/><D55/><U23/><E19/><V64/><F126/><W29/><G42/><T1/><D105/><U27/><E27/><V56/><F28/><N who="3" m="10859" /><G32/><T53/><D53/><U120/><E120/><V77/><F56/><W94/><G94/><T22/><D90/><U57/><E57/><V63/><F63/><N who="3" m="24139" /><G24/><T115/><D97/><N who="1" m="61455" /><E23/><AGARI ba="0,0" hai="20,21,23,48,51" m="24139,10859,49770" machi="23" ten="30,8000,1" yaku="28,2,19,1,52,2" doraHai="46" who="3" fromWho="1" sc="395,0,291,-80,17,0,297,80" /><INIT seed="6,0,0,1,2,5" ten="395,211,17,377" oya="2" hai0="69,84,2,14,116,15,46,39,74,10,96,23,88" hai1="91,85,22,59,113,78,105,47,124,0,95,36,67" hai2="115,72,89,27,12,58,80,135,51,24,126,31,129" hai3="54,1,100,53,16,93,18,35,13,120,76,61,43"/><V134/><F115/><W133/><G1/><T110/><D74/><U81/><E113/><V92/><F126/><W97/><G120/><T79/><D110/><U62/><E124/><V32/><F129/><W45/><G133/><T44/><D69/><U7/><E105/><V73/><F27/><W9/><G35/><T63/><D63/><U48/><E22/><V109/><F109/><W56/><G76/><T6/><D79/><U123/><E123/><V25/><F25/><W11/><G54/><T127/><D127/><U42/><E48/><V94/><F94/><W3/><G3/><T68/><D68/><U49/><E49/><V4/><F80/><W99/><G99/><T17/><D96/><U34/><E34/><V52/><F135/><W103/><G103/><T30/><D116/><U65/><E91/><V121/><F121/><W117/><G117/><T128/><D128/><U28/><E28/><V77/><F77/><W125/><G125/><T122/><D122/><U104/><E104/><V66/><F66/><W70/><G70/><T90/><D30/><U119/><E119/><V29/><F29/><W40/><G45/><T130/><D130/><U57/><E57/><V21/><F134/><W50/><G50/><T33/><D33/><U26/><E26/><V8/><REACH who="2" step="1"/><F32/><REACH who="2" ten="395,211,7,377" step="2"/><W132/><G132/><T114/><D114/><U107/><E95/><V64/><F64/><W19/><G13/><T86/><D2/><U60/><E67/><V118/><F118/><W20/><G20/><T41/><D44/><U108/><E47/><V55/><F55/><W38/><G43/><RYUUKYOKU ba="0,1" sc="395,10,211,-30,7,10,377,10" hai0="6,10,14,15,17,23,39,41,46,84,86,88,90" hai2="4,8,12,21,24,31,51,52,58,72,73,89,92" hai3="9,11,16,18,19,38,40,53,56,61,93,97,100" /><INIT seed="6,1,1,3,1,61" ten="405,181,17,387" oya="2" hai0="33,74,41,51,122,101,50,123,86,75,83,53,67" hai1="69,37,99,130,35,117,28,70,45,17,106,72,18" hai2="5,114,94,93,113,127,85,57,134,15,1,91,38" hai3="116,133,68,89,40,63,4,9,65,39,43,110,48"/><V78/><F38/><W77/><G110/><T44/><D33/><U46/><E72/><V64/><F1/><W14/><G116/><T62/><D101/><U98/><E117/><V119/><F119/><W0/><G133/><T97/><D97/><U27/><E37/><V128/><F134/><W120/><G120/><T30/><D30/><U105/><E27/><V16/><F5/><W135/><G135/><T11/><D11/><U12/><E12/><V100/><F78/><W115/><G115/><N who="2" m="44041" /><F128/><W76/><G39/><T87/><D74/><U49/><E49/><V108/><F108/><W79/><G0/><T59/><D75/><U109/><E109/><V31/><F127/><W126/><G126/><T7/><D7/><U88/><E130/><V129/><F129/><W102/><G102/><T21/><D21/><U118/><E118/><V66/><F57/><W92/><REACH who="3" step="1"/><G48/><REACH who="3" ten="405,181,17,377" step="2"/><T96/><D123/><U19/><E106/><V26/><F100/><W107/><G107/><T36/><D122/><U47/><E105/><V60/><F60/><W34/><G34/><T112/><D112/><U80/><E35/><N who="2" m="20983" /><F94/><W121/><G121/><T84/><D50/><U32/><E32/><V131/><F131/><W71/><G71/><N who="0" m="42487" /><D96/><AGARI ba="1,2" hai="4,9,14,40,43,63,65,68,76,77,79,89,92,96" machi="96" ten="40,2600,0" yaku="1,1,52,1,53,0" doraHai="61" doraHaiUra="104" who="3" fromWho="0" sc="405,-29,181,0,17,0,377,49" /><INIT seed="7,0,0,3,2,124" ten="376,181,17,426" oya="3" hai0="94,108,65,81,111,99,22,134,80,39,46,30,93" hai1="102,135,6,42,50,132,72,43,49,97,118,56,4" hai2="1,14,17,35,19,125,2,85,45,98,78,63,40" hai3="130,75,116,48,9,129,21,84,67,128,47,112,127"/><W88/><G127/><T101/><D134/><N who="1" m="51243" /><E72/><V7/><F125/><W5/><G112/><T92/><D65/><U59/><E118/><V104/><F63/><W76/><G116/><T60/><D60/><U8/><E8/><V28/><F98/><W53/><G67/><T25/><D39/><U54/><E50/><V57/><F104/><W120/><G120/><T37/><D37/><U77/><E77/><V69/><F57/><W117/><G117/><T123/><D123/><U27/><E27/><V89/><F69/><W83/><G21/><T113/><D46/><U119/><E119/><V91/><F45/><W110/><G110/><T11/><D113/><U52/><E54/><V87/><F40/><N who="1" m="15401" /><E56/><V115/><F78/><W51/><G51/><T103/><D11/><U73/><E73/><V66/><F115/><W64/><G64/><T62/><D62/><U29/><E29/><V107/><F66/><W96/><G96/><T34/><D34/><U79/><E79/><V23/><F107/><AGARI ba="0,0" hai="4,6,49,52,59,97,102,107" m="15401,51243" machi="107" ten="30,2000,0" yaku="20,1,54,1" doraHai="124" who="1" fromWho="2" sc="376,0,181,20,17,-20,426,0" owari="376,18.0,201,-20.0,-3,-50.0,426,52.0" /></mjloggm>