<mjloggm ver="2.3"><GO type="169" lobby="0"/><UN n0="%E6%B0%B4%E5%93%89%E3%81%AE%E3%83%AC%E3%82%B8%E3%82%A7%E3%83%B3%E3%83%89" n1="%63%68%75%75%79%61%61%61" n2="%E3%83%A4%E3%82%AD%E3%83%B3" n3="%E5%B0%B1%E6%B4%BB%E7%94%9F%40%E5%B7%9D%E6%9D%91%E8%BB%8D%E5%9B%A3" dan="16,16,18,17" rate="2123.54,2161.01,2234.45,2177.51" sx="M,M,M,M"/><TAIKYOKU oya="0"/><INIT seed="0,0,0,5,0,7" ten="250,250,250,250" oya="0" hai0="52,45,110,120,64,88,16,115,58,70,77,17,59" hai1="26,35,73,6,38,80,94,71,54,101,112,24,74" hai2="14,29,68,131,102,41,27,36,132,37,117,119,32" hai3="15,3,114,75,91,97,128,108,65,81,13,47,83"/><T51/><D120/><U18/><E38/><V111/><F68/><W66/><G3/><T104/><D115/><U33/><E71/><V89/><F111/><W124/><G114/><T113/><D113/><U55/><E112/><V30/><F102/><W44/><G97/><T63/><D77/><U49/><E6/><V46/><F132/><W5/><G5/><T9/><D104/><U90/><E101/><V0/><F0/><W43/><G108/><T22/><D110/><U116/><E18/><V135/><F135/><W118/><G118/><N who="2" m="45065" /><F30/><W92/><G92/><T61/><D9/><U123/><E116/><V23/><F89/><W78/><G128/><T84/><D70/><U103/><E103/><V21/><F131/><W129/><G129/><T99/><D99/><U12/><E80/><V48/><F14/><W60/><G91/><T39/><D39/><AGARI ba="0,0" hai="21,23,27,29,32,36,37,39,41,46,48" m="45065" machi="39" ten="30,1000,0" yaku="12,1" doraHai="7" who="2" fromWho="0" sc="250,-10,250,0,250,10,250,0" /><INIT seed="1,0,0,5,3,1" ten="240,250,260,250" oya="1" hai0="107,128,77,7,133,44,28,39,58,119,0,20,65" hai1="54,35,8,42,103,75,2,47,33,26,38,90,105" hai2="40,122,129,19,22,69,43,16,10,124,56,102,110" hai3="121,13,62,74,51,112,89,134,92,45,60,117,46"/><U132/><E132/><V97/><F69/><W71/><G121/><T76/><D119/><U11/><E11/><V106/><F122/><W23/><G112/><T94/><D107/><U82/><E26/><V88/><F110/><W123/><G123/><T41/><D133/><U15/><E54/><V50/><F124/><W6/><G74/><T31/><D128/><U104/><E2/><V126/><F126/><W17/><G71/><T78/><D94/><U131/><E131/><V5/><F129/><W30/><G117/><T99/><D99/><U118/><E118/><V93/><F106/><W86/><G134/><T72/><D72/><U63/><E63/><V91/><F56/><W21/><G46/><T25/><D31/><U120/><E120/><V61/><F61/><W96/><G96/><T111/><D111/><U84/><E75/><V9/><F9/><W55/><G6/><T101/><D101/><U59/><E59/><V70/><F70/><W34/><G34/><T125/><D125/><U27/><E103/><V67/><F67/><W24/><AGARI ba="0,0" hai="13,17,21,23,24,30,45,51,55,60,62,86,89,92" machi="24" ten="30,2000,0" yaku="0,1,8,1" doraHai="1" who="3" fromWho="3" sc="240,-5,250,-10,260,-5,250,20" /><INIT seed="2,0,0,2,4,107" ten="235,240,255,270" oya="2" hai0="108,27,44,111,83,17,104,46,39,130,72,106,77" hai1="5,96,119,85,55,76,133,23,100,33,110,88,30" hai2="9,101,3,62,67,36,43,56,10,126,74,121,35" hai3="59,127,78,15,71,37,81,114,48,66,38,84,18"/><V52/><F121/><W129/><G127/><T70/><D70/><U7/><E119/><V128/><F35/><W28/><G129/><T21/><D130/><U87/><E33/><V120/><F120/><W103/><G114/><T58/><D58/><U11/><E133/><V135/><F128/><W105/><G28/><T82/><D82/><U109/><E55/><V25/><F135/><W63/><G103/><T13/><D27/><N who="1" m="16767" /><E76/><V115/><F115/><W22/><G105/><N who="0" m="40555" /><D39/><U118/><E118/><V125/><F25/><W95/><G95/><T98/><D98/><U19/><E100/><V99/><F99/><W47/><G71/><T34/><D34/><U4/><E96/><V80/><F101/><W113/><G113/><T134/><D134/><U64/><E64/><V117/><F67/><W16/><REACH who="3" step="1"/><G18/><REACH who="3" ten="235,240,255,260" step="2"/><T45/><D17/><U69/><E69/><V32/><F117/><W124/><G124/><T0/><D108/><U91/><E19/><V61/><F126/><W122/><G122/><T112/><D112/><U79/><E109/><V131/><F125/><W2/><G2/><T73/><D0/><U92/><E110/><V26/><F131/><W31/><G31/><T116/><D111/><U75/><E92/><V14/><F3/><W90/><G90/><T94/><D94/><U6/><E91/><V49/><F32/><W65/><G65/><T40/><D116/><U53/><E88/><V54/><F61/><W123/><G123/><T60/><D83/><U42/><E6/><V102/><F80/><W89/><G89/><T97/><D77/><U68/><E79/><RYUUKYOKU ba="0,1" sc="235,-10,240,-10,255,-10,260,30" hai3="15,16,22,37,38,47,48,59,63,66,78,81,84" /><INIT seed="3,1,1,0,2,11" ten="225,230,245,290" oya="3" hai0="66,100,75,104,86,110,4,39,52,7,102,28,93" hai1="114,131,129,109,62,50,94,49,106,43,16,118,46" hai2="29,59,65,70,22,36,33,92,99,54,124,64,78" hai3="32,76,113,82,18,77,97,68,56,8,132,96,125"/><W79/><G68/><T127/><D39/><U130/><E106/><V74/><F33/><W26/><G113/><T12/><D66/><U134/><E114/><V80/><F36/><W6/><G125/><T117/><D117/><U105/><E105/><V17/><F29/><W25/><G132/><T116/><D116/><U72/><E72/><V30/><F30/><W53/><G82/><T107/><D127/><U40/><E118/><V38/><F38/><W60/><G32/><T87/><D75/><U83/><E83/><V112/><F70/><W63/><G60/><T5/><D110/><U19/><E134/><V69/><F69/><W81/><G81/><T10/><D28/><U3/><E3/><V48/><F112/><W133/><G133/><T34/><D34/><U91/><E62/><V89/><REACH who="2" step="1"/><F124/><REACH who="2" ten="225,230,235,290" step="2"/><W42/><G42/><T119/><D119/><U2/><E109/><V126/><F126/><W123/><G123/><T84/><D93/><U85/><E2/><V21/><F21/><W88/><G18/><N who="0" m="8471" /><D107/><U14/><E43/><V55/><F55/><W44/><G44/><T15/><D104/><U115/><E115/><V51/><F51/><W101/><G6/><T103/><D52/><U67/><E49/><V23/><F23/><W120/><G120/><T108/><D108/><U71/><E71/><V20/><F20/><W111/><G111/><T41/><D41/><U13/><E67/><V95/><F95/><N who="3" m="56423" /><G8/><AGARI ba="1,2" hai="4,5,7,8,15,84,86,87,100,102,103" m="8471" machi="8" ten="30,3900,0" yaku="8,1,52,2" doraHai="11" who="0" fromWho="3" sc="225,62,230,0,235,0,290,-42" /><INIT seed="4,0,0,1,2,88" ten="287,230,235,248" oya="0" hai0="29,81,14,4,98,27,135,117,77,128,62,119,75" hai1="61,60,59,106,3,100,82,11,133,104,23,131,24" hai2="53,78,6,121,15,43,71,115,8,19,54,51,32" hai3="26,42,56,120,94,85,25,57,72,97,114,89,76"/><T74/><D128/><U80/><E131/><V103/><F121/><W123/><G114/><T70/><D135/><U33/><E33/><V79/><F71/><W66/><G42/><T107/><D74/><U112/><E133/><V118/><F32/><W7/><G7/><T2/><D14/><U110/><E112/><V129/><F129/><W39/><G39/><T67/><D4/><U45/><E45/><V96/><F115/><W34/><G72/><T5/><D5/><U111/><E11/><V21/><F43/><W108/><G108/><N who="1" m="41514" /><E3/><V91/><F118/><W105/><G57/><T18/><D18/><N who="1" m="12407" /><E61/><V35/><F35/><W109/><G109/><T38/><D38/><U58/><E58/><V65/><F65/><W95/><G105/><N who="1" m="40554" /><E100/><V40/><F103/><W16/><G76/><N who="2" m="29225" /><F51/><W86/><G34/><N who="0" m="20799" /><D2/><U113/><E113/><V130/><F40/><W93/><G120/><T134/><D134/><U48/><E48/><V99/><F130/><W13/><G123/><T50/><D50/><U83/><E60/><V84/><F54/><W17/><G97/><T41/><D41/><U44/><E44/><V90/><F53/><W22/><G89/><N who="2" m="33801" /><F84/><N who="3" m="32363" /><G17/><T9/><D119/><U69/><E69/><V63/><F63/><AGARI ba="0,0" hai="13,16,22,25,26,56,63,66,93,94,95" m="32363" machi="63" ten="30,8000,1" yaku="8,1,52,3,54,1" doraHai="88" who="3" fromWho="2" sc="287,0,230,0,235,-80,248,80" /><INIT seed="5,0,0,2,5,111" ten="287,230,155,328" oya="1" hai0="35,3,107,127,89,84,16,12,44,106,82,78,31" hai1="34,0,9,14,71,51,83,22,114,99,91,23,133" hai2="45,90,19,6,20,85,24,62,2,4,105,122,70" hai3="36,109,1,135,80,33,40,81,100,130,117,76,50"/><U53/><E71/><V54/><F122/><W49/><G109/><T11/><D127/><U74/><E34/><V69/><F105/><W15/><G1/><T57/><D3/><U47/><E0/><V61/><F70/><W64/><G33/><T108/><D108/><U43/><E133/><V72/><F72/><W28/><G28/><T37/><D31/><U96/><E74/><V110/><F110/><W121/><G100/><T46/><D35/><U131/><E131/><V126/><F126/><W10/><G80/><T112/><D112/><U116/><E116/><V5/><F2/><W75/><G117/><T120/><D120/><U7/><E114/><V119/><F69/><W58/><G121/><T97/><D57/><U8/><E43/><V39/><F119/><W65/><G130/><T13/><D13/><U67/><E67/><V55/><F39/><W124/><G124/><T77/><D77/><U56/><E47/><V134/><F134/><W52/><G135/><T113/><D113/><U48/><E48/><N who="2" m="28943" /><F55/><W115/><G115/><T104/><D37/><U17/><E9/><V128/><F128/><W41/><G36/><T21/><D11/><U132/><E132/><V123/><F123/><W103/><G41/><T92/><AGARI ba="0,0" hai="12,16,21,44,46,78,82,84,89,92,97,104,106,107" machi="92" ten="40,2700,0" yaku="0,1,54,1" doraHai="111" who="0" fromWho="0" sc="287,27,230,-13,155,-7,328,-7" /><INIT seed="6,0,0,4,1,22" ten="314,217,148,321" oya="2" hai0="113,89,120,73,11,1,2,80,94,116,42,34,26" hai1="47,60,99,58,130,121,109,44,88,92,115,38,48" hai2="45,87,134,56,106,90,28,77,98,126,107,78,66" hai3="35,30,10,32,49,111,70,24,41,75,64,53,129"/><V82/><F126/><W71/><G75/><T81/><D120/><U135/><E109/><V18/><F134/><W62/><G111/><T40/><D113/><U17/><E115/><V72/><F28/><W76/><G129/><T39/><D116/><U25/><E135/><V91/><F45/><W14/><G76/><T97/><D39/><U27/><E130/><V85/><F66/><W83/><G83/><T108/><D108/><U50/><E38/><V55/><F18/><W54/><G70/><T13/><D2/><U119/><E119/><V102/><F55/><W123/><G123/><T61/><D1/><U36/><E17/><V5/><F56/><W127/><G127/><T67/><D26/><N who="1" m="9739" /><E36/><V79/><F5/><W112/><G112/><T68/><D34/><U52/><E121/><V3/><F3/><W101/><G101/><T59/><D68/><U128/><E128/><V23/><F23/><W114/><G114/><T110/><D110/><U95/><E95/><N who="2" m="54735" /><F107/><W105/><G105/><T125/><D125/><U15/><E15/><V21/><F21/><W132/><G132/><T84/><D73/><AGARI ba="0,0" hai="72,73,77,78,79,82,87,91,98,102,106" m="54735" machi="73" ten="30,12000,1" yaku="35,5" doraHai="22" who="2" fromWho="0" sc="314,-120,217,0,148,120,321,0" /><INIT seed="6,1,0,2,1,69" ten="194,217,268,321" oya="2" hai0="121,87,0,89,72,88,29,6,71,113,67,41,84" hai1="120,17,134,24,93,8,56,106,97,70,95,129,103" hai2="36,55,46,48,43,77,5,42,128,30,100,105,112" hai3="45,85,92,133,91,107,2,90,65,51,25,20,62"/><V96/><F112/><W39/><G2/><T19/><D72/><U11/><E70/><V21/><F128/><W14/><G14/><T130/><D121/><U54/><E120/><V111/><F111/><W126/><G107/><T13/><D130/><U49/><E129/><V116/><F116/><W74/><G74/><T12/><D0/><U125/><E125/><V28/><F5/><W132/><G39/><T23/><D113/><U78/><E78/><V22/><F77/><W79/><G79/><T38/><D29/><U53/><E134/><N who="3" m="51818" /><G126/><T99/><D71/><U115/><E115/><V35/><F43/><W86/><G62/><T61/><D99/><U52/><E95/><V108/><F108/><W64/><G90/><T131/><D131/><U83/><E83/><V44/><F35/><W80/><G80/><T122/><D122/><U47/><E106/><V81/><F81/><W50/><G86/><N who="0" m="32811" /><D41/><N who="1" m="24815" /><E56/><V102/><F102/><W110/><G110/><T31/><D38/><U124/><E124/><V18/><F22/><AGARI ba="1,0" hai="8,11,17,22,24,52,53,54,93,97,103" m="24815" machi="22" ten="30,2000,0" yaku="8,1,54,1" doraHai="69" who="1" fromWho="2" sc="194,0,217,23,268,-23,321,0" /><INIT seed="7,0,0,2,5,40" ten="194,240,245,321" oya="3" hai0="48,119,27,59,75,2,57,18,110,4,7,96,34" hai1="0,53,64,78,116,62,54,9,103,45,31,95,102" hai2="25,132,122,32,114,121,14,89,33,3,128,80,56" hai3="112,124,70,91,29,1,30,19,97,92,60,125,42"/><W43/><G1/><T74/><D110/><U99/><E116/><V36/><F114/><W6/><G6/><T87/><D119/><U23/><E78/><V88/><F3/><W117/><G117/><T21/><D75/><U130/><E130/><V73/><F36/><W44/><G19/><T12/><D74/><U11/><E0/><V52/><F132/><W66/><G112/><T65/><D2/><U81/><E81/><V50/><F128/><W79/><G79/><T105/><D105/><U76/><E76/><V113/><F113/><W108/><G43/><T69/><D69/><U118/><E103/><V22/><F14/><W134/><G134/><T83/><D96/><U126/><E126/><N who="3" m="48746" /><G108/><T68/><D68/><U49/><E54/><V90/><F80/><W127/><G127/><T16/><D34/><U39/><E39/><AGARI ba="0,0" hai="29,30,39,42,44,60,66,70,91,92,97" m="48746" machi="39" ten="30,2900,0" yaku="18,1,52,1" doraHai="40" who="3" fromWho="1" sc="194,0,240,-29,245,0,321,29" owari="194,-31.0,211,-19.0,245,5.0,350,45.0" /></mjloggm>