<mjloggm ver="2.3"><GO type="169" lobby="0"/><UN n0="%E6%99%AE%E9%80%9A%E3%81%AE%E6%89%93%E3%81%A1%E6%89%8B" n1="%73%68%61%74%69%61%6E%61" n2="%E5%B0%B1%E6%B4%BB%E7%94%9F%40%E5%B7%9D%E6%9D%91%E8%BB%8D%E5%9B%A3" n3="%E5%8D%9A%E9%BA%97%E3%82%86%E3%81%8B%E3%82%8A" dan="16,16,17,16" rate="2064.39,2147.60,2175.80,2059.34" sx="F,F,M,M"/><TAIKYOKU oya="0"/><INIT seed="0,0,0,0,1,66" ten="250,250,250,250" oya="0" hai0="54,30,77,5,45,116,12,70,134,105,10,94,37" hai1="24,28,43,72,58,112,32,47,127,35,101,59,49" hai2="1,135,19,55,61,99,113,90,125,25,86,2,33" hai3="83,4,76,65,97,46,87,84,9,89,34,6,109"/><T108/><D116/><U93/><E72/><V110/><F113/><W121/><G109/><T23/><D105/><U129/><E112/><V92/><F110/><W20/><G34/><T63/><D108/><U81/><E129/><V39/><F39/><W11/><G121/><T44/><D134/><U133/><E133/><V71/><F135/><W56/><G46/><T132/><D132/><U8/><E127/><V95/><F125/><W107/><G20/><T122/><D122/><U3/><E81/><V82/><F92/><W64/><G56/><T16/><D30/><U120/><E120/><V36/><F36/><W85/><G107/><T27/><D37/><U13/><E3/><V17/><F17/><W48/><G48/><T51/><D77/><U106/><E35/><V50/><F50/><W104/><G104/><T88/><D70/><U7/><E106/><V119/><F119/><W67/><G97/><T75/><D75/><U69/><E69/><V98/><F98/><W100/><G100/><T38/><D38/><U42/><E42/><V52/><F2/><W41/><G41/><T14/><D63/><U57/><E101/><V40/><F1/><W118/><G118/><T115/><D115/><U131/><E131/><V60/><F40/><W18/><G76/><T114/><D114/><U73/><E73/><V80/><F71/><W15/><REACH who="3" step="1"/><G18/><REACH who="3" ten="250,250,250,240" step="2"/><T111/><D111/><U68/><E68/><V130/><F33/><W78/><G78/><T29/><D45/><U0/><E59/><N who="2" m="34919" /><F130/><W53/><G53/><T126/><D126/><U128/><E128/><V26/><F55/><RYUUKYOKU ba="0,1" sc="250,-10,250,-10,250,-10,240,30" hai3="4,6,9,11,15,64,65,67,83,84,85,87,89" /><INIT seed="1,1,1,0,3,14" ten="240,240,240,270" oya="1" hai0="4,17,78,90,64,102,109,7,96,33,85,83,66" hai1="70,99,81,97,108,77,43,25,76,91,133,118,128" hai2="100,68,71,119,87,112,94,1,106,63,62,107,80" hai3="126,123,15,26,24,6,84,3,124,65,69,127,53"/><U52/><E118/><V44/><F1/><W117/><G123/><T0/><D109/><U31/><E70/><V18/><F119/><W49/><G117/><T61/><D33/><U55/><E133/><V82/><F44/><N who="3" m="27815" /><G3/><T36/><D36/><U8/><E43/><V42/><F42/><W105/><G105/><T122/><D122/><U54/><E128/><V115/><F87/><W89/><G65/><T101/><D0/><U28/><E108/><V34/><F34/><W79/><G79/><N who="1" m="30282" /><E8/><V92/><REACH who="2" step="1"/><F100/><REACH who="2" ten="240,240,230,270" step="2"/><W113/><G84/><T45/><D102/><U103/><E103/><V98/><F98/><W51/><G124/><T37/><D96/><U73/><E99/><V35/><F35/><W135/><G126/><T125/><D101/><U86/><E97/><V56/><F56/><W47/><G47/><T121/><D45/><U134/><E134/><V13/><F13/><W27/><G135/><T5/><D121/><U16/><E73/><V60/><F60/><W12/><G127/><T40/><D61/><U50/><E50/><V22/><F22/><AGARI ba="1,2" hai="16,22,25,28,31,52,54,55,81,86,91" m="30282" machi="22" ten="30,11600,0" yaku="8,1,52,1,54,2" doraHai="14" who="1" fromWho="2" sc="240,0,240,139,230,-119,270,0" /><INIT seed="1,2,0,1,5,79" ten="240,379,111,270" oya="1" hai0="75,82,13,105,104,99,35,53,20,66,37,117,121" hai1="72,84,109,67,132,34,38,29,71,24,120,25,124" hai2="3,8,106,41,12,70,90,113,49,125,135,92,100" hai3="45,60,54,43,65,95,102,128,30,22,78,86,61"/><U9/><E120/><V0/><F70/><W27/><G128/><T103/><D117/><U93/><E72/><V52/><F41/><W69/><G54/><T16/><D121/><U55/><E38/><V122/><F122/><W23/><G61/><T58/><D37/><U36/><E36/><V115/><F100/><W26/><G102/><T21/><D35/><U48/><E132/><V119/><F106/><W76/><G95/><T64/><D21/><U18/><E124/><V89/><F119/><W15/><G15/><T40/><D40/><U44/><E109/><V94/><F135/><W73/><G73/><T14/><D14/><U68/><E67/><V130/><F130/><W46/><G78/><T47/><D47/><U1/><E1/><V127/><F12/><W107/><G107/><T110/><D110/><U98/><E84/><V101/><F101/><W59/><G43/><T112/><D112/><N who="2" m="43082" /><F8/><W88/><G69/><T5/><D5/><U114/><E114/><V80/><F3/><W123/><G123/><T7/><D7/><U19/><E9/><V42/><F42/><W74/><G74/><T62/><REACH who="0" step="1"/><D105/><REACH who="0" ten="230,379,111,270" step="2"/><U33/><E33/><V28/><F0/><W116/><G116/><T39/><D39/><U2/><E2/><V134/><F134/><W87/><G23/><T91/><D91/><N who="2" m="34826" /><F28/><W108/><G30/><T57/><D57/><U85/><E71/><V11/><F11/><W31/><G59/><T6/><D6/><U63/><E68/><V56/><F127/><W126/><G126/><T97/><D97/><U17/><E29/><V10/><F125/><RYUUKYOKU ba="2,1" sc="230,30,379,-10,111,-10,270,-10" hai0="13,16,20,53,58,62,64,66,75,82,99,103,104" /><INIT seed="2,3,1,4,0,24" ten="260,369,101,260" oya="2" hai0="128,1,86,56,38,110,17,62,13,123,129,122,102" hai1="9,65,76,36,40,114,28,34,54,77,50,116,111" hai2="47,91,6,19,10,2,105,108,16,20,69,104,63" hai3="21,51,81,90,93,33,134,53,7,130,131,113,49"/><V127/><F127/><W5/><G33/><T32/><D110/><U101/><E114/><V124/><F124/><W3/><G134/><T18/><D1/><U68/><E116/><V22/><F108/><W31/><G113/><T107/><D38/><U85/><E111/><V41/><F91/><W48/><G81/><T73/><D73/><U79/><E101/><V58/><F69/><W117/><G117/><T43/><D32/><U125/><E125/><V4/><F4/><W30/><G53/><N who="0" m="34063" /><D43/><U80/><E9/><V29/><F29/><N who="3" m="10763" /><G21/><N who="0" m="11439" /><D86/><U64/><E68/><V118/><F118/><W112/><G3/><T35/><D18/><U37/><E37/><V135/><F135/><W42/><G42/><T44/><D44/><U83/><E40/><V121/><F121/><W27/><G27/><T59/><D59/><U78/><E36/><V82/><F82/><W84/><G112/><T23/><D23/><U66/><E80/><V96/><F22/><W74/><G74/><T57/><D35/><U98/><E34/><V88/><F47/><W109/><G109/><T15/><D123/><U55/><E55/><N who="2" m="34271" /><F19/><W70/><G70/><T45/><D45/><N who="1" m="27983" /><E28/><V75/><F41/><W71/><G71/><T67/><D122/><U52/><E52/><V60/><F75/><W97/><G84/><T39/><D39/><U87/><E85/><V72/><F72/><W99/><G97/><AGARI ba="3,1" hai="64,65,66,76,77,78,79,83,87,97,98" m="27983" machi="97" ten="30,1000,0" yaku="8,1" doraHai="24" who="1" fromWho="3" sc="260,0,369,29,101,0,260,-19" /><INIT seed="3,0,0,3,1,40" ten="260,398,101,241" oya="3" hai0="95,92,0,97,78,91,55,87,135,13,130,68,128" hai1="120,72,118,96,132,71,82,4,33,70,25,105,39" hai2="36,43,47,3,41,42,29,74,9,124,73,24,126" hai3="121,32,35,110,38,31,11,66,127,14,101,104,65"/><W117/><G121/><T56/><D0/><U123/><E4/><N who="2" m="1183" /><F41/><W30/><G117/><T51/><D135/><U8/><E8/><V10/><F10/><W89/><G38/><T79/><D68/><N who="1" m="26155" /><E132/><V12/><F12/><W107/><G127/><N who="2" m="48681" /><F43/><W57/><G57/><T62/><D13/><U98/><E39/><V134/><F134/><W129/><G14/><T86/><D62/><U103/><E96/><V76/><F76/><W93/><G11/><T90/><REACH who="0" step="1"/><D97/><REACH who="0" ten="250,398,101,241" step="2"/><U64/><E98/><V63/><F63/><W83/><G104/><T19/><D19/><U7/><E123/><V16/><F16/><W21/><G107/><T115/><D115/><U102/><E105/><V58/><F58/><W61/><G61/><T113/><D113/><U46/><E120/><V23/><AGARI ba="0,1" hai="23,24,29,36,42,47,73,74" m="48681,1183" machi="23" ten="30,2000,0" yaku="18,1,52,1" doraHai="40" who="2" fromWho="2" sc="250,-5,398,-5,101,30,241,-10" /><INIT seed="4,0,0,0,3,39" ten="245,393,131,231" oya="0" hai0="92,50,86,42,63,75,67,116,96,87,73,135,6" hai1="27,112,83,31,72,88,77,13,126,119,106,61,123" hai2="70,20,11,121,58,91,133,46,43,32,102,12,24" hai3="113,129,14,15,59,29,71,131,45,114,65,105,7"/><T110/><D116/><U98/><E123/><V69/><F121/><W117/><G105/><T0/><D135/><U56/><E119/><V36/><F32/><W16/><G117/><T76/><D0/><U5/><E126/><V100/><F133/><W115/><G71/><T2/><D2/><U38/><E38/><V4/><F58/><W30/><G7/><T99/><D6/><U47/><E112/><V74/><F74/><W44/><G15/><T34/><D34/><U101/><E47/><N who="3" m="17994" /><G59/><T48/><D92/><U122/><E122/><V57/><F57/><W130/><G65/><T23/><D23/><AGARI ba="0,0" hai="14,16,23,29,30,113,114,115,129,130,131" m="17994" machi="23" ten="40,5200,0" yaku="15,1,19,1,54,1" doraHai="39" who="3" fromWho="0" sc="245,-52,393,0,131,0,231,52" /><INIT seed="5,0,0,0,1,76" ten="193,393,131,283" oya="1" hai0="72,81,16,42,12,86,118,124,65,22,21,104,63" hai1="94,43,77,2,75,26,68,132,3,110,105,96,24" hai2="7,10,30,127,58,95,80,57,53,107,79,64,9" hai3="62,41,0,131,97,102,46,73,98,45,125,4,99"/><U111/><E105/><V47/><F107/><W6/><G131/><T112/><D118/><U33/><E68/><V20/><F127/><W11/><G125/><T88/><D124/><U83/><E43/><V19/><F30/><W135/><G135/><T121/><D112/><U66/><E66/><V91/><F64/><W117/><G6/><T122/><D104/><U48/><E48/><V74/><F47/><W44/><G41/><T120/><D72/><U78/><E78/><V49/><F58/><W128/><G128/><T116/><D116/><U71/><E71/><V113/><F7/><W15/><G73/><T90/><D42/><U92/><E92/><V50/><F113/><W103/><G117/><T56/><D90/><U40/><E40/><V52/><F53/><W38/><G38/><T25/><REACH who="0" step="1"/><D122/><REACH who="0" ten="183,393,131,283" step="2"/><U34/><E75/><V36/><F36/><W1/><G103/><T119/><D119/><U27/><E77/><V51/><F10/><W108/><G11/><T61/><D61/><U130/><E130/><V23/><F9/><W123/><G62/><T32/><D32/><U28/><E34/><V18/><F23/><W39/><G123/><T29/><AGARI ba="0,1" hai="12,16,21,22,25,29,56,63,65,81,86,88,120,121" machi="29" ten="30,12000,2" yaku="1,1,0,1,52,1,54,2,53,1" doraHai="76" doraHaiUra="82" who="0" fromWho="0" sc="183,130,393,-60,131,-30,283,-30" /><INIT seed="6,0,0,2,2,74" ten="313,333,101,253" oya="2" hai0="114,9,8,135,78,23,73,69,38,128,1,72,110" hai1="87,81,121,51,65,106,118,95,98,46,130,27,100" hai2="41,88,61,56,70,47,109,107,43,7,0,62,93" hai3="133,79,99,64,17,123,94,57,111,19,71,35,59"/><V55/><F107/><W80/><G35/><T34/><RYUUKYOKU type="yao9" ba="0,0" sc="313,0,333,0,101,0,253,0" hai0="1,8,9,23,34,38,69,72,73,78,110,114,128,135" /><INIT seed="6,1,0,1,4,22" ten="313,333,101,253" oya="2" hai0="33,115,110,52,126,107,49,127,1,59,32,85,83" hai1="39,12,123,53,99,102,43,73,19,64,74,129,80" hai2="79,46,97,98,13,125,124,55,5,27,86,70,75" hai3="2,7,131,93,16,76,71,18,38,133,17,25,104"/><V81/><F70/><W88/><G104/><T58/><D110/><U134/><E64/><V100/><F5/><W3/><G38/><T21/><D115/><U108/><E108/><V51/><F13/><W106/><G71/><T34/><D107/><U44/><E134/><V9/><F9/><W121/><G106/><T118/><D1/><U84/><E53/><V89/><F27/><W101/><G101/><T28/><D118/><U48/><E39/><V45/><F46/><W6/><G76/><T105/><D105/><U41/><E41/><V0/><F100/><W62/><G62/><T23/><D59/><U57/><E57/><V112/><F112/><W94/><G121/><T4/><D4/><N who="3" m="1577" /><G133/><T31/><D31/><U14/><E123/><V111/><F111/><W96/><G131/><T63/><D63/><U135/><E129/><V90/><F0/><W40/><G40/><T114/><D114/><U78/><E135/><V87/><F75/><W60/><G60/><T67/><D67/><U29/><E29/><V91/><REACH who="2" step="1"/><F87/><REACH who="2" ten="313,333,91,253" step="2"/><N who="3" m="52383" /><G3/><T72/><D72/><U50/><E74/><V26/><F26/><W65/><G2/><T68/><D68/><U35/><E73/><V54/><F54/><W120/><G120/><T69/><D69/><U8/><E14/><V30/><F30/><W82/><G25/><T56/><D28/><U66/><E102/><V47/><F47/><W103/><G65/><T20/><D58/><U95/><E66/><V11/><F11/><W77/><G18/><T10/><D10/><U122/><E8/><V119/><F119/><W113/><G113/><RYUUKYOKU ba="1,1" sc="313,10,333,-30,91,10,253,10" hai0="20,21,23,32,33,34,49,52,56,83,85,126,127" hai2="45,51,55,79,81,86,89,90,91,97,98,124,125" hai3="16,17,77,82,94,96,103" /><INIT seed="6,2,1,3,4,134" ten="323,303,101,263" oya="2" hai0="120,80,75,96,32,101,16,3,76,130,71,108,70" hai1="18,17,45,123,63,29,2,35,25,14,64,9,84" hai2="53,13,6,115,0,122,10,135,54,88,22,98,106" hai3="58,131,125,121,100,12,41,1,36,20,93,105,15"/><V133/><F122/><W111/><G121/><T23/><D120/><U39/><E2/><V34/><F34/><W5/><G111/><T65/><D108/><U89/><E123/><V78/><F78/><W127/><G105/><T82/><D3/><U46/><E18/><N who="2" m="10575" /><F106/><W21/><G131/><T27/><D130/><U7/><E7/><V97/><F115/><W38/><G1/><T99/><D65/><U129/><E39/><N who="3" m="14890" /><G41/><T40/><D40/><U117/><E117/><V8/><F8/><W110/><G58/><T59/><D59/><U26/><E26/><V61/><F61/><W107/><G107/><T83/><D32/><U67/><E67/><V28/><F28/><W124/><G110/><T91/><D76/><U69/><E129/><V119/><F119/><W42/><G42/><T128/><D71/><U81/><AGARI ba="2,1" hai="9,14,17,25,29,35,45,46,63,64,69,81,84,89" machi="81" ten="20,1500,0" yaku="0,1,7,1" doraHai="134" who="1" fromWho="1" sc="323,-6,303,31,101,-9,263,-6" /><INIT seed="7,0,0,5,4,47" ten="317,334,92,257" oya="3" hai0="113,16,80,26,128,70,95,124,41,63,122,48,79" hai1="90,78,38,71,120,12,116,92,44,76,10,112,21" hai2="107,33,119,4,3,89,106,45,15,49,0,86,102" hai3="100,2,75,84,25,42,28,132,101,36,65,114,97"/><W20/><G132/><T111/><D111/><U103/><E120/><V39/><F33/><W13/><G75/><T23/><D122/><U73/><E71/><V40/><F119/><W34/><G114/><T134/><D134/><U91/><E112/><V69/><F69/><W51/><G36/><T27/><D113/><U5/><E116/><V110/><F110/><W85/><G2/><T58/><D70/><U60/><E73/><V55/><F3/><W77/><G65/><N who="0" m="39159" /><D128/><U56/><E21/><V68/><F0/><W133/><G133/><T109/><D109/><U19/><E19/><V32/><F32/><W99/><G13/><N who="0" m="9615" /><D124/><U129/><E129/><V130/><F102/><N who="3" m="39531" /><G34/><T118/><D118/><U22/><E22/><V131/><F68/><W54/><G42/><T31/><D31/><U30/><E30/><V18/><F4/><W1/><G1/><T82/><D95/><U121/><E121/><V52/><F131/><W24/><G24/><N who="0" m="9259" /><D79/><U94/><E103/><V87/><F87/><N who="3" m="33355" /><G77/><T50/><D41/><N who="1" m="22583" /><E76/><V83/><F130/><W81/><G81/><AGARI ba="0,0" hai="48,50,80,81,82" m="9259,9615,39159" machi="81" ten="30,7700,0" yaku="8,1,52,2,54,1" doraHai="47" who="0" fromWho="3" sc="317,77,334,0,92,0,257,-77" owari="394,50.0,334,13.0,92,-41.0,180,-22.0" /></mjloggm>