<mjloggm ver="2.3"><GO type="169" lobby="0"/><UN n0="%E3%83%8F%E3%82%A4%E3%83%86%E3%83%B3%E3%83%9C%E3%83%BC" n1="%E3%82%A6%E3%83%AB%E3%83%88%E3%83%A9%E7%AB%8B%E7%9B%B4" n2="%EF%BC%9D%E4%BC%8A%E8%97%A4%E3%81%8B%E3%81%AA%E6%81%B5%EF%BC%9D" n3="%4D%72%2E%6E%69%6B%75%39" dan="16,17,16,17" rate="2148.44,2157.55,2114.50,2114.74" sx="M,M,F,M"/><TAIKYOKU oya="0"/><INIT seed="0,0,0,0,2,5" ten="250,250,250,250" oya="0" hai0="25,7,119,124,71,72,50,92,87,128,19,15,34" hai1="126,70,129,60,86,21,45,108,17,90,59,57,20" hai2="42,104,121,53,27,67,69,132,112,122,11,127,68" hai3="83,118,46,35,39,97,107,37,74,116,131,12,65"/><T100/><D72/><U51/><E108/><V77/><F104/><W22/><G35/><T81/><D119/><U106/><E106/><V23/><F112/><W78/><G131/><T1/><D71/><U88/><E129/><V73/><F42/><W3/><G3/><T16/><D124/><U114/><E114/><V102/><F102/><W61/><G22/><T8/><D128/><U76/><E126/><V120/><F127/><W48/><G12/><T33/><D50/><U95/><E76/><V41/><F41/><W26/><G26/><T56/><D56/><U130/><E130/><V54/><F132/><W80/><G80/><T115/><D115/><U99/><E70/><V32/><F32/><W134/><G134/><T49/><D49/><U13/><E21/><V24/><F69/><N who="3" m="42159" /><G48/><T38/><D38/><N who="3" m="14345" /><G46/><T89/><D25/><U62/><E62/><V44/><F27/><W52/><G52/><T85/><D19/><U14/><E14/><V79/><F44/><W31/><G31/><T18/><D18/><U82/><REACH who="1" step="1"/><E60/><REACH who="1" ten="250,240,250,250" step="2"/><N who="2" m="40039" /><F122/><W40/><G118/><T101/><D34/><U110/><E110/><V98/><F120/><W133/><G116/><T36/><D33/><U93/><E93/><V105/><F105/><W96/><G133/><T0/><D0/><U30/><E30/><V4/><F23/><W43/><G107/><T28/><D28/><U94/><E94/><V135/><F135/><W10/><G78/><N who="0" m="46263" /><D36/><U125/><E125/><V64/><F121/><W113/><G113/><T55/><D55/><AGARI ba="0,1" hai="13,17,20,45,51,55,57,59,82,86,88,90,95,99" machi="55" ten="30,7700,0" yaku="1,1,7,1,8,1,54,1,53,0" doraHai="5" doraHaiUra="111" who="1" fromWho="0" sc="250,-77,240,87,250,0,250,0" /><INIT seed="1,0,0,0,3,97" ten="173,327,250,250" oya="1" hai0="119,12,41,37,11,120,95,132,129,35,135,102,43" hai1="134,66,86,113,40,21,79,73,49,20,82,105,80" hai2="61,89,32,39,7,100,26,75,69,110,99,42,90" hai3="65,127,57,56,10,133,108,85,15,52,36,111,13"/><U126/><E113/><V6/><F75/><W121/><G36/><T78/><D119/><U70/><E126/><V2/><F110/><N who="3" m="42027" /><G121/><T103/><D35/><U46/><E134/><N who="0" m="51241" /><D37/><U23/><E105/><N who="2" m="63647" /><F42/><N who="0" m="15882" /><D120/><U118/><E118/><V91/><F2/><W88/><G133/><T27/><D27/><U68/><REACH who="1" step="1"/><E66/><REACH who="1" ten="173,317,250,250" step="2"/><N who="2" m="41167" /><F39/><W38/><G38/><T33/><D33/><U94/><E94/><V93/><F93/><W92/><G127/><T59/><D95/><U72/><E72/><V107/><F107/><W50/><G10/><T106/><D106/><U58/><E58/><V0/><F0/><W114/><G114/><T84/><D59/><U122/><E122/><V64/><F64/><W4/><G65/><T22/><D129/><U123/><E123/><V5/><F5/><W60/><G4/><N who="0" m="3175" /><D22/><U96/><E96/><V109/><F109/><W3/><G57/><T29/><D29/><AGARI ba="0,1" hai="6,7,26,29,32,89,90,91" m="41167,63647" machi="29" ten="30,2000,0" yaku="25,1,52,1" doraHai="97" who="2" fromWho="0" sc="173,-20,317,0,250,30,250,0" /><INIT seed="2,0,0,4,3,122" ten="153,317,280,250" oya="2" hai0="42,65,74,128,34,22,24,112,111,93,106,63,33" hai1="134,0,75,79,47,69,68,37,6,20,109,9,43" hai2="88,86,46,59,96,17,104,131,1,36,58,29,15" hai3="18,113,55,4,50,14,81,102,52,82,135,124,67"/><V2/><F131/><W132/><G124/><T56/><D106/><U121/><E121/><V53/><F29/><W35/><G35/><T38/><D112/><U100/><E100/><V98/><F2/><W110/><G113/><T97/><D74/><U92/><E92/><V45/><F1/><W85/><G4/><T10/><D128/><U26/><E134/><N who="3" m="51242" /><G110/><T129/><D129/><U120/><E109/><V5/><F5/><W13/><G67/><T25/><D111/><U21/><E120/><V76/><F76/><W44/><G102/><T114/><D25/><U77/><E77/><V87/><F104/><W80/><G14/><T60/><D10/><U51/><E51/><N who="2" m="31039" /><F86/><W116/><G116/><T78/><D78/><U84/><E84/><V99/><F59/><W83/><G83/><T40/><D63/><U94/><E94/><N who="2" m="54559" /><F36/><W72/><G72/><T64/><D64/><U54/><E69/><V130/><F130/><W49/><G49/><T62/><D62/><U95/><E68/><V117/><F117/><W89/><G55/><T32/><D38/><U115/><E54/><V73/><F73/><W23/><AGARI ba="0,0" hai="13,18,23,44,50,52,80,81,82,85,89" m="51242" machi="23" ten="30,2000,0" yaku="20,1,54,1" doraHai="122" who="3" fromWho="3" sc="153,-5,317,-5,280,-10,250,20" /><INIT seed="3,0,0,4,3,46" ten="148,312,270,270" oya="3" hai0="57,13,126,4,129,97,17,96,63,108,87,35,51" hai1="25,81,92,30,42,91,10,53,66,3,45,44,0" hai2="73,26,95,100,88,8,135,123,56,85,127,98,90" hai3="38,54,16,128,6,31,122,62,36,112,18,52,107"/><W104/><G112/><T68/><D35/><U5/><E66/><V29/><F73/><W75/><G122/><T2/><D68/><U49/><E81/><V83/><F123/><W39/><G75/><T21/><D129/><U59/><E0/><V103/><F135/><W111/><G128/><T19/><D126/><U15/><E3/><V113/><F127/><W105/><G6/><T131/><D131/><U32/><REACH who="1" step="1"/><E42/><REACH who="1" ten="148,302,270,270" step="2"/><V109/><F113/><W61/><G111/><T78/><D108/><U11/><E11/><V1/><F109/><W47/><G31/><T124/><D124/><U77/><E77/><V106/><F8/><W80/><G80/><T50/><D2/><U7/><E7/><V37/><F1/><W14/><G18/><T133/><D4/><U65/><E65/><V117/><F117/><W23/><REACH who="3" step="1"/><G54/><REACH who="3" ten="148,302,270,260" step="2"/><T22/><D133/><U60/><E60/><V99/><F29/><W69/><G69/><T116/><D116/><U74/><E74/><V86/><F83/><W33/><G33/><T134/><D134/><U40/><E40/><V12/><F106/><W121/><G121/><T132/><D132/><U70/><E70/><V130/><F130/><W28/><G28/><T120/><D120/><U20/><E20/><V43/><F43/><W84/><G84/><AGARI ba="0,2" hai="5,10,15,25,30,32,44,45,49,53,59,84,91,92" machi="84" ten="30,3900,0" yaku="1,1,7,1,52,1,53,0" doraHai="46" doraHaiUra="64" who="1" fromWho="3" sc="148,0,302,59,270,0,260,-39" /><INIT seed="4,0,0,4,0,61" ten="148,361,270,221" oya="0" hai0="2,7,124,42,130,100,51,33,16,118,114,81,92" hai1="120,3,79,34,50,0,106,132,8,12,10,32,134" hai2="84,26,14,37,25,13,83,123,30,122,126,27,112" hai3="105,57,29,55,35,111,77,9,40,129,125,107,5"/><T36/><D118/><U75/><E106/><V38/><F30/><W43/><G111/><T72/><D33/><U109/><E50/><V76/><F112/><W53/><G125/><T90/><D114/><U113/><E79/><V59/><F126/><W56/><G77/><T94/><D124/><U60/><E60/><V62/><F13/><W67/><G29/><T102/><D36/><U63/><E63/><V85/><F38/><W19/><G35/><T66/><D72/><U31/><E75/><V88/><F14/><W20/><G129/><T115/><D7/><U22/><E113/><V1/><F1/><W44/><G5/><T119/><D2/><U95/><E95/><N who="0" m="36393" /><D119/><U47/><E3/><V48/><F48/><W58/><G9/><T82/><D130/><U108/><E10/><V96/><F96/><W91/><G107/><T80/><D90/><U52/><E0/><V93/><REACH who="2" step="1"/><F37/><REACH who="2" ten="148,361,260,221" step="2"/><W24/><G24/><T87/><D115/><U17/><E109/><V41/><F41/><W70/><G40/><T133/><D133/><U78/><E108/><V11/><F11/><W73/><G43/><T45/><D87/><U6/><E134/><V104/><F104/><W86/><G105/><T121/><D121/><U74/><E120/><V4/><F4/><W69/><G73/><T54/><D42/><U117/><E132/><V101/><F101/><N who="0" m="39018" /><D16/><U39/><E6/><V68/><F68/><W49/><G69/><T15/><D15/><U103/><E12/><V110/><F110/><W65/><G70/><T64/><AGARI ba="0,1" hai="45,51,54,64,66,80,81,82" m="39018,36393" machi="64" ten="40,7800,0" yaku="8,1,52,2" doraHai="61" who="0" fromWho="0" sc="148,88,361,-26,260,-26,221,-26" /><INIT seed="4,1,0,3,1,66" ten="236,335,234,195" oya="0" hai0="24,9,86,3,113,57,42,73,48,45,25,75,11" hai1="123,37,1,101,8,130,111,129,94,12,89,115,18" hai2="30,92,82,32,58,80,64,133,53,84,29,118,107" hai3="69,36,108,71,70,121,56,79,17,114,119,7,65"/><T33/><D113/><U76/><E123/><V40/><F107/><W20/><G108/><T122/><D122/><U72/><E37/><V96/><F133/><W77/><G121/><T34/><D3/><U117/><E101/><V22/><F32/><W19/><G119/><T31/><D86/><U110/><E117/><V61/><F118/><W13/><G36/><T125/><D125/><U52/><E1/><V21/><F40/><W100/><G114/><T134/><D134/><U124/><E124/><V35/><F35/><W106/><G7/><T109/><D57/><U27/><E27/><N who="2" m="16623" /><F84/><W59/><G19/><T116/><D109/><U16/><E18/><V127/><F127/><W46/><G46/><T62/><D62/><U74/><E115/><V78/><F78/><W38/><G38/><T85/><D85/><U51/><E110/><V68/><F68/><W99/><REACH who="3" step="1"/><G65/><REACH who="3" ten="236,335,234,185" step="2"/><T128/><D116/><U81/><E111/><V91/><F64/><W60/><G60/><T23/><D128/><U28/><E130/><V105/><F105/><W98/><G98/><T63/><D63/><U0/><E129/><V5/><F5/><W83/><G83/><T43/><D45/><U2/><E81/><V135/><F135/><W120/><G120/><T90/><D31/><U103/><E28/><V126/><F126/><W102/><G102/><T44/><D44/><U112/><E103/><V41/><F41/><W55/><G55/><T49/><D90/><U26/><E89/><V14/><F30/><W104/><G104/><T88/><D88/><U39/><E112/><V67/><F53/><RYUUKYOKU ba="1,1" sc="236,10,335,-30,234,10,185,10" hai0="9,11,23,24,25,33,34,42,43,48,49,73,75" hai2="14,22,58,61,67,80,82,91,92,96" hai3="13,17,20,56,59,69,70,71,77,79,99,100,106" /><INIT seed="4,2,1,3,3,10" ten="246,305,244,195" oya="0" hai0="98,97,55,0,116,85,8,119,17,16,96,79,21" hai1="25,118,3,20,94,15,82,115,122,112,43,64,135" hai2="51,45,70,7,52,37,22,127,78,9,103,132,60" hai3="23,11,87,73,123,117,106,74,44,83,124,88,4"/><T49/><D0/><U61/><E3/><V121/><F121/><W68/><G117/><T50/><D119/><U36/><E122/><V48/><F132/><W13/><G123/><T131/><D131/><U32/><E118/><V108/><F108/><W31/><G124/><T76/><D116/><U80/><E135/><V84/><F127/><W63/><G106/><T33/><D33/><U102/><E32/><V71/><F37/><W113/><G113/><N who="1" m="43594" /><E43/><V30/><F103/><W81/><G81/><N who="0" m="47271" /><D79/><U12/><E36/><V6/><F60/><W67/><REACH who="3" step="1"/><G44/><REACH who="3" ten="246,305,244,185" step="2"/><T59/><D8/><U29/><E82/><V99/><F9/><W86/><G86/><T18/><D49/><U105/><E80/><V27/><F51/><W40/><G40/><T129/><D129/><U111/><E105/><V109/><F84/><W133/><G133/><T1/><D1/><U128/><E128/><V57/><F48/><W39/><G39/><T42/><D42/><U126/><E126/><V104/><F104/><W14/><G14/><AGARI ba="2,2" hai="14,16,17,18,21,50,55,59,96,97,98" m="47271" machi="14" ten="30,5800,0" yaku="8,1,52,1,54,1" doraHai="10" who="0" fromWho="3" sc="246,84,305,0,244,0,185,-64" /><INIT seed="4,3,0,2,0,84" ten="330,305,244,121" oya="0" hai0="31,40,123,74,21,134,130,89,116,30,111,1,82" hai1="5,4,44,47,80,126,66,118,114,9,98,64,53" hai2="92,18,3,19,88,20,117,115,26,22,34,37,63" hai3="67,113,8,75,77,120,56,36,96,128,2,54,55"/><T87/><D123/><U79/><E118/><V45/><F117/><W58/><G120/><T6/><D116/><U122/><E122/><V125/><F115/><W59/><G113/><T42/><D130/><U48/><E114/><V107/><F107/><W71/><G96/><T100/><D134/><U65/><E126/><V135/><F125/><W15/><G2/><T73/><D6/><U49/><E98/><V95/><F135/><W29/><G29/><T51/><D1/><U10/><E4/><V43/><F3/><W69/><G128/><T94/><D74/><U13/><E10/><V0/><F0/><W101/><G101/><T16/><D73/><U72/><REACH who="1" step="1"/><E66/><REACH who="1" ten="330,295,244,121" step="2"/><V131/><F131/><W7/><G67/><T106/><D111/><U102/><E102/><V121/><F121/><W52/><REACH who="3" step="1"/><G36/><REACH who="3" ten="330,295,244,111" step="2"/><T76/><D100/><U24/><E24/><V105/><F26/><W132/><G132/><T103/><D103/><U78/><E78/><V17/><F37/><W50/><G50/><T97/><D51/><U60/><E60/><V112/><F63/><W70/><G70/><T57/><D106/><U127/><E127/><V38/><F105/><W91/><G91/><T35/><D76/><U104/><E104/><V93/><F112/><W46/><G46/><T129/><D97/><U86/><E86/><V124/><F124/><W27/><G27/><T61/><D129/><U90/><E90/><V99/><F88/><W119/><G119/><T81/><D89/><U33/><E33/><V85/><F34/><W83/><AGARI ba="3,2" hai="7,8,15,52,54,55,56,58,59,69,71,75,77,83" machi="83" ten="40,5200,0" yaku="1,1,0,1,54,1,53,0" doraHai="84" doraHaiUra="108" who="3" fromWho="3" sc="330,-29,295,-16,244,-16,111,81" /><INIT seed="5,0,0,0,0,127" ten="301,279,228,192" oya="1" hai0="112,29,113,83,61,130,118,108,126,65,45,14,15" hai1="67,132,12,105,106,94,35,56,80,81,21,90,82" hai2="93,74,47,24,52,31,135,0,92,103,95,38,77" hai3="39,3,9,134,64,104,62,102,28,68,100,23,55"/><U128/><E35/><V5/><F135/><W11/><G39/><T124/><D118/><U54/><E67/><V42/><F103/><W43/><G43/><T76/><D29/><U51/><E132/><V122/><F122/><W41/><G41/><T99/><D45/><U114/><E114/><N who="0" m="44137" /><D99/><U1/><E1/><V79/><F74/><W13/><G134/><T6/><D108/><U18/><REACH who="1" step="1"/><E128/><REACH who="1" ten="301,269,228,192" step="2"/><V111/><F0/><W2/><G3/><T34/><D34/><U121/><E121/><V117/><F111/><W101/><G2/><T49/><D130/><U48/><E48/><V97/><F117/><W98/><G104/><T120/><D49/><U40/><E40/><V53/><F42/><W26/><G64/><T96/><D120/><U75/><E75/><V58/><F38/><W88/><G55/><T63/><D126/><U115/><E115/><V70/><F53/><W69/><G68/><T17/><D124/><U37/><E37/><V57/><F70/><W10/><G69/><T107/><D65/><U66/><E66/><V125/><F125/><W123/><G123/><T116/><D116/><U131/><E131/><V133/><F133/><W119/><G119/><T85/><D63/><U89/><E89/><V36/><F36/><W87/><G62/><T32/><D61/><U78/><E78/><V25/><F77/><W110/><G110/><T46/><D32/><U33/><E33/><V4/><F79/><W20/><G88/><T30/><D76/><U7/><E7/><V73/><F4/><W22/><G102/><N who="0" m="62919" /><D6/><U59/><E59/><V44/><F57/><RYUUKYOKU ba="0,1" sc="301,-10,269,30,228,-10,192,-10" hai1="12,18,21,51,54,56,80,81,82,90,94,105,106" /><INIT seed="5,1,1,3,5,131" ten="291,299,218,182" oya="1" hai0="65,128,115,67,117,34,32,41,127,79,83,71,72" hai1="68,63,112,59,108,52,74,110,6,18,111,9,31" hai2="85,12,0,135,54,90,116,61,20,26,45,33,96" hai3="105,82,51,73,3,28,21,62,130,44,60,69,42"/><U81/><E112/><V76/><F116/><W4/><G105/><T97/><D117/><U89/><E31/><V91/><F0/><W23/><G130/><T8/><D128/><U134/><E68/><V53/><F33/><W125/><G125/><T19/><D41/><U132/><E18/><V107/><F135/><W16/><G28/><T99/><D127/><U66/><E66/><V49/><F12/><W94/><G23/><T124/><D115/><U29/><E29/><N who="2" m="17607" /><F107/><W123/><G123/><T86/><D72/><U126/><E126/><V88/><F96/><W47/><G69/><T2/><D2/><N who="1" m="215" /><E89/><N who="2" m="34411" /><F76/><AGARI ba="1,1" hai="52,59,63,74,76,81,108,110,111,132,134" m="215" machi="76" ten="40,12000,1" yaku="10,1,52,2,54,1" doraHai="131" who="1" fromWho="2" sc="291,0,299,133,218,-123,182,0" /><INIT seed="5,2,0,5,0,85" ten="291,432,95,182" oya="1" hai0="99,103,12,52,33,80,101,51,22,19,21,55,8" hai1="38,83,110,27,59,133,18,119,58,132,82,94,49" hai2="30,61,89,35,40,114,72,90,1,14,11,65,105" hai3="60,42,2,97,113,9,116,120,125,135,118,131,121"/><U95/><E38/><V122/><F122/><N who="3" m="47211" /><G9/><T20/><D33/><U47/><E119/><N who="3" m="45610" /><G2/><T68/><D68/><U13/><E27/><V28/><F72/><W106/><G60/><T3/><D3/><U112/><E112/><V70/><F114/><W109/><G42/><T107/><D103/><U88/><E95/><V66/><F1/><W36/><G36/><T76/><REACH who="0" step="1"/><D51/><REACH who="0" ten="281,432,95,182" step="2"/><U78/><E49/><V6/><F35/><W100/><G113/><T5/><D5/><U63/><E110/><V57/><F105/><W71/><G71/><T93/><D93/><U53/><E94/><V39/><F39/><W26/><G109/><T129/><D129/><U87/><E133/><V123/><F123/><W124/><G131/><T4/><D4/><U15/><E132/><V126/><F126/><N who="3" m="48747" /><G26/><T24/><D24/><U48/><E13/><V134/><F134/><AGARI ba="2,1" hai="97,100,106,134,135" m="48747,45610,47211" machi="134" ten="40,8000,1" yaku="12,1,18,1,23,1,34,2" doraHai="85" who="3" fromWho="2" sc="281,0,432,0,95,-86,182,96" /><INIT seed="6,0,0,2,2,74" ten="281,432,9,278" oya="2" hai0="111,82,95,57,75,60,3,85,34,39,128,129,120" hai1="108,48,33,116,15,112,53,79,130,21,126,47,132" hai2="71,14,46,55,31,6,27,84,86,23,12,28,78" hai3="110,107,109,113,123,13,94,8,30,56,11,24,29"/><V125/><F71/><W106/><G94/><T54/><D120/><U42/><E33/><V19/><F125/><W122/><G56/><T4/><D111/><N who="3" m="42505" /><G107/><T36/><D34/><U10/><E108/><V68/><F68/><W16/><G106/><T63/><D75/><U121/><E116/><V64/><F64/><W73/><G73/><T124/><D95/><U98/><E132/><V88/><F6/><N who="3" m="3319" /><G113/><T18/><D124/><U92/><E126/><V133/><F133/><W22/><G8/><N who="0" m="2079" /><D18/><U44/><E92/><N who="2" m="54279" /><F46/><W17/><G17/><T83/><D63/><U40/><E47/><V51/><F51/><W97/><G97/><T80/><D85/><U117/><E48/><V41/><F55/><W135/><G135/><T37/><D54/><U100/><E53/><V72/><F41/><W91/><G91/><T115/><D115/><U45/><E42/><V66/><F66/><W26/><G30/><N who="2" m="11305" /><F72/><W119/><G119/><T87/><D87/><U96/><E40/><V20/><F23/><AGARI ba="0,0" hai="16,22,23,24,26,29,122,123" m="3319,42505" machi="23" ten="30,3900,0" yaku="34,2,54,1" doraHai="74" who="3" fromWho="2" sc="281,0,432,0,9,-39,278,39" owari="281,-12.0,432,53.0,-30,-53.0,317,12.0" /></mjloggm>