<mjloggm ver="2.3"><GO type="169" lobby="0"/><UN n0="%E5%B0%B1%E6%B4%BB%E7%94%9F%40%E5%B7%9D%E6%9D%91%E8%BB%8D%E5%9B%A3" n1="%65%69%6B%31" n2="%E4%BB%B2%E5%B7%9D%E7%BF%94" n3="%E3%82%86%E3%81%A3%E3%81%8F%E3%82%8A%E5%A6%96%E5%A4%A2" dan="17,17,16,17" rate="2153.40,2167.08,2074.10,2170.80" sx="M,M,M,M"/><TAIKYOKU oya="0"/><INIT seed="0,0,0,0,1,25" ten="250,250,250,250" oya="0" hai0="10,124,96,18,76,81,88,65,78,108,63,117,5" hai1="121,49,70,67,48,106,57,83,89,79,59,30,33" hai2="29,13,86,6,80,122,98,20,3,111,127,62,130" hai3="92,15,51,97,40,66,54,43,99,0,90,28,42"/><T22/><D117/><U38/><E121/><V120/><F3/><W103/><G0/><T132/><D132/><U69/><E38/><V77/><F127/><W85/><G66/><T44/><D124/><U112/><E106/><V133/><F130/><W64/><G64/><T114/><D114/><U56/><E112/><V24/><F133/><W37/><G37/><T39/><D108/><U47/><E89/><V128/><F128/><W45/><G28/><T61/><D39/><U84/><E67/><V52/><F111/><W101/><REACH who="3" step="1"/><G15/><REACH who="3" ten="250,250,250,240" step="2"/><N who="0" m="5583" /><D44/><U107/><E47/><V129/><F129/><W71/><G71/><T27/><D65/><U109/><E70/><V74/><F122/><W105/><G105/><T119/><D119/><U21/><E69/><V102/><F120/><W55/><G55/><T100/><D76/><U2/><E107/><V95/><F13/><W73/><G73/><T46/><D46/><U131/><E2/><V60/><F6/><W36/><G36/><T50/><D78/><U9/><E79/><V125/><F125/><W68/><G68/><T93/><D50/><U91/><E49/><V41/><F41/><W134/><G134/><T75/><D75/><U135/><E48/><V35/><F74/><W7/><G7/><T17/><D17/><U53/><E135/><V8/><F52/><W113/><G113/><T123/><D123/><U34/><E53/><V4/><F35/><N who="1" m="13321" /><E131/><V19/><F4/><W32/><G32/><T26/><D26/><N who="1" m="16719" /><E109/><V16/><F19/><W87/><G87/><AGARI ba="0,1" hai="18,22,27,61,63,81,87,88,93,96,100" m="5583" machi="87" ten="30,2900,0" yaku="8,1,54,1" doraHai="25" who="0" fromWho="3" sc="250,39,250,0,250,0,240,-29" /><INIT seed="0,1,0,1,0,37" ten="289,250,250,211" oya="0" hai0="110,133,122,23,11,13,81,105,106,135,45,64,68" hai1="91,69,8,128,126,131,17,124,120,14,32,41,82" hai2="100,26,44,78,5,18,58,27,93,104,30,34,33" hai3="125,16,24,87,107,1,111,127,57,132,46,115,76"/><T12/><D122/><U22/><E69/><V74/><F104/><W123/><G111/><T85/><D110/><U61/><E32/><V109/><F109/><W42/><G115/><T39/><D68/><U60/><E120/><V21/><F5/><W25/><G123/><T6/><D64/><U75/><E22/><V88/><F100/><W89/><G107/><T79/><D13/><U29/><E29/><V118/><F118/><W108/><G132/><N who="0" m="50763" /><D23/><U71/><E41/><AGARI ba="1,0" hai="6,11,12,39,41,45,79,81,85,105,106" m="50763" machi="41" ten="30,2900,0" yaku="20,1,52,1" doraHai="37" who="0" fromWho="1" sc="289,32,250,-32,250,0,211,0" /><INIT seed="0,2,0,2,2,34" ten="321,218,250,211" oya="0" hai0="13,119,101,124,110,126,122,43,53,85,25,32,54" hai1="130,36,30,125,78,60,113,22,131,67,88,23,98" hai2="109,127,84,41,129,82,18,121,108,134,4,7,69" hai3="50,9,64,52,42,115,133,89,2,104,24,39,33"/><T49/><D122/><U135/><E36/><V31/><F69/><W8/><G115/><T58/><D119/><U48/><E113/><V16/><F121/><W6/><G104/><T105/><D43/><U10/><E125/><V132/><F31/><W80/><G133/><N who="2" m="51305" /><F41/><W55/><G64/><T14/><D105/><U5/><E135/><V112/><F112/><W20/><G33/><T3/><D3/><N who="1" m="319" /><E78/><N who="2" m="46167" /><F129/><N who="1" m="49161" /><E30/><V51/><F51/><W62/><G39/><T116/><D116/><U45/><E48/><V66/><F66/><W68/><G68/><T79/><D110/><N who="2" m="42602" /><F127/><W95/><G62/><T114/><D114/><U123/><E45/><V61/><F61/><W29/><G9/><T44/><D124/><U38/><E38/><V83/><F83/><W27/><G80/><N who="0" m="47263" /><D126/><U93/><E123/><V71/><F71/><AGARI ba="2,0" hai="22,23,60,67,71,88,93,98" m="49161,319" machi="71" ten="30,3900,0" yaku="19,1,52,1,54,1" doraHai="34" who="1" fromWho="2" sc="321,0,218,45,250,-45,211,0" /><INIT seed="1,0,0,5,2,96" ten="321,263,205,211" oya="1" hai0="71,28,119,69,109,21,120,87,94,70,103,24,105" hai1="62,35,34,27,18,82,5,51,114,58,108,7,88" hai2="38,121,6,129,56,102,122,123,92,32,8,112,17" hai3="101,11,13,89,125,52,66,3,19,29,60,40,80"/><U90/><E114/><V110/><F38/><W72/><G125/><T42/><D119/><U107/><E107/><V115/><F56/><N who="3" m="34823" /><G72/><T79/><D120/><U64/><E108/><V65/><F65/><W130/><G3/><T98/><D109/><U54/><E35/><V118/><F110/><W68/><G68/><T106/><D42/><U15/><E27/><V95/><F118/><W76/><G130/><T77/><D106/><U78/><E34/><V134/><F32/><W55/><G66/><T0/><D0/><U135/><E135/><V126/><F126/><W85/><G40/><T25/><D105/><U74/><E5/><V2/><F129/><W91/><G29/><T57/><D87/><U47/><REACH who="1" step="1"/><E7/><REACH who="1" ten="321,253,205,211" step="2"/><V26/><F134/><W10/><G89/><T9/><D9/><AGARI ba="0,1" hai="9,15,18,47,51,54,58,62,64,74,78,82,88,90" machi="9" ten="30,12000,1" yaku="1,1,2,1,7,1,54,1,53,1" doraHai="96" doraHaiUra="46" who="1" fromWho="0" sc="321,-120,253,130,205,0,211,0" /><INIT seed="1,1,0,1,0,18" ten="201,383,205,211" oya="1" hai0="1,41,87,32,85,97,90,130,124,82,123,89,135" hai1="50,62,21,111,44,35,113,5,121,77,125,61,60" hai2="63,51,39,115,45,133,65,23,100,81,25,13,108" hai3="42,86,7,92,93,116,134,16,88,79,58,30,49"/><U57/><E113/><V10/><F39/><W110/><G110/><T54/><D32/><U117/><E35/><V103/><F108/><W66/><G134/><T119/><D1/><U6/><E117/><V48/><F133/><W84/><G116/><T59/><D119/><U105/><E111/><V72/><F115/><W17/><G30/><T106/><D123/><U122/><E105/><V53/><F51/><W12/><G7/><T99/><D130/><U9/><E125/><V112/><F72/><W131/><G131/><T91/><D135/><U70/><E70/><V78/><F78/><W69/><G69/><T126/><D41/><U24/><E57/><V102/><F81/><N who="3" m="47167" /><G17/><T33/><D33/><U56/><E56/><V64/><F63/><N who="3" m="38263" /><G42/><T31/><D31/><U2/><E5/><N who="2" m="3279" /><F112/><W128/><G128/><T120/><D120/><U73/><E77/><V118/><F118/><W74/><G74/><T3/><D3/><U28/><REACH who="1" step="1"/><E73/><REACH who="1" ten="201,373,205,211" step="2"/><V83/><F64/><W29/><G49/><T0/><D106/><U127/><E127/><V114/><F65/><W19/><G29/><T26/><D124/><U55/><AGARI ba="1,1" hai="2,6,9,21,24,28,44,50,55,60,61,62,121,122" machi="55" ten="30,6000,0" yaku="1,1,0,1,52,1,53,0" doraHai="18" doraHaiUra="15" who="1" fromWho="1" sc="201,-21,373,73,205,-21,211,-21" /><INIT seed="1,2,0,1,0,3" ten="180,446,184,190" oya="1" hai0="60,82,59,99,7,113,12,88,4,37,34,55,123" hai1="120,92,31,65,72,93,127,17,58,130,69,124,70" hai2="110,38,125,117,102,94,25,119,100,1,26,134,33" hai3="42,30,28,64,87,86,63,78,74,19,9,66,122"/><U114/><E114/><V77/><F38/><W8/><G122/><T135/><D113/><U16/><E72/><V76/><F94/><N who="1" m="36457" /><E31/><V50/><F50/><W131/><G131/><T106/><D37/><U112/><E112/><V11/><F11/><W83/><G42/><T115/><D115/><U108/><E120/><V49/><F49/><W45/><G45/><T43/><D135/><U14/><E130/><V129/><F1/><W24/><G30/><T111/><D123/><U22/><E17/><V107/><F129/><W116/><G116/><T56/><D111/><U2/><E2/><V44/><F44/><W51/><G51/><N who="0" m="30847" /><D34/><U105/><E105/><V6/><F125/><N who="1" m="48201" /><E108/><V133/><F110/><W20/><G28/><T39/><D39/><U15/><E15/><V104/><F33/><W5/><G9/><T27/><D106/><U61/><AGARI ba="2,0" hai="14,16,22,58,61,65,69,70" m="48201,36457" machi="61" ten="30,3000,0" yaku="18,1,54,1" doraHai="3" who="1" fromWho="1" sc="180,-12,446,36,184,-12,190,-12" /><INIT seed="1,3,0,4,2,96" ten="168,482,172,178" oya="1" hai0="92,102,51,86,36,135,21,115,114,122,72,112,104" hai1="116,126,99,119,125,28,84,97,23,33,101,128,2" hai2="0,43,59,12,78,79,83,5,94,65,105,93,111" hai3="123,64,41,26,62,100,32,20,82,49,77,73,25"/><U46/><E2/><V60/><F105/><W52/><G123/><T4/><D36/><U48/><E33/><V53/><F0/><W108/><G108/><T74/><D4/><U75/><E75/><N who="0" m="28713" /><D51/><U22/><E84/><V34/><F34/><W98/><G41/><T106/><D21/><N who="1" m="7691" /><E28/><V38/><F43/><W118/><G118/><T95/><D122/><U90/><E90/><V69/><F111/><W103/><G32/><T6/><D6/><U35/><E35/><V88/><F94/><W89/><G89/><N who="0" m="53303" /><D135/><U24/><E24/><V10/><F83/><W56/><G98/><AGARI ba="3,0" hai="95,98,102,104,106,112,114,115" m="53303,28713" machi="98" ten="40,5200,0" yaku="34,2,52,1" doraHai="96" who="0" fromWho="3" sc="168,61,482,0,172,0,178,-61" /><INIT seed="2,0,0,1,0,125" ten="229,482,172,117" oya="2" hai0="73,80,112,40,6,46,45,42,98,26,68,105,38" hai1="21,102,135,33,121,17,65,117,9,1,128,47,90" hai2="134,119,120,51,114,0,50,77,14,58,132,111,123" hai3="30,75,115,88,10,3,130,78,29,83,32,82,71"/><V12/><F0/><W69/><G115/><T95/><D112/><U54/><E117/><V79/><F114/><W48/><G48/><N who="2" m="18473" /><F58/><W49/><G49/><T13/><D105/><U124/><E33/><V104/><F104/><W76/><G32/><T37/><D68/><U35/><E35/><V103/><F103/><W116/><G116/><T53/><D53/><U27/><E102/><V5/><F5/><W39/><G39/><T4/><D26/><U89/><E54/><V86/><F86/><W36/><G36/><T59/><D59/><U43/><E1/><V118/><F118/><W2/><G10/><T99/><D13/><N who="2" m="5226" /><F111/><W55/><G55/><T28/><D28/><U91/><E9/><V8/><F8/><W92/><G75/><T108/><D108/><U15/><E90/><V66/><F66/><W93/><REACH who="3" step="1"/><G88/><REACH who="3" ten="229,482,172,107" step="2"/><T85/><D73/><U131/><E91/><V44/><F119/><W25/><G25/><T96/><D95/><U127/><E27/><V61/><F44/><W81/><G81/><T56/><D80/><U129/><E89/><V122/><F61/><W70/><G70/><T72/><D72/><U24/><E24/><V94/><F94/><W60/><G60/><T87/><D87/><U74/><E74/><V23/><F23/><W34/><G34/><T100/><D85/><U7/><E21/><V67/><F67/><W16/><G16/><T62/><D100/><U57/><E65/><V107/><F107/><W31/><G31/><T22/><D22/><U113/><E17/><V97/><F97/><N who="0" m="24834" /><T20/><DORA hai="11" /><D20/><U64/><E113/><RYUUKYOKU ba="0,1" sc="229,10,482,-30,172,10,107,10" hai0="4,6,37,38,40,42,45,46,56,62" hai2="77,79,120,122,123,132,134" hai3="2,3,29,30,69,71,76,78,82,83,92,93,130" /><INIT seed="2,1,1,2,4,86" ten="239,452,182,117" oya="2" hai0="55,98,7,101,69,95,3,56,108,128,70,80,24" hai1="67,116,40,132,35,33,23,12,84,66,127,13,111" hai2="122,106,26,34,17,102,73,72,21,107,134,16,59" hai3="68,96,2,54,4,48,41,9,119,65,115,113,81"/><V29/><F122/><W15/><G119/><T39/><D39/><U89/><E116/><V91/><F134/><W61/><G41/><T49/><D108/><U63/><E111/><V85/><F17/><W97/><G81/><T53/><D128/><U22/><E40/><V120/><F120/><W36/><G36/><T57/><D7/><U117/><E117/><V1/><F1/><W51/><G51/><T93/><D3/><U131/><E131/><V100/><F100/><W110/><G110/><T135/><D135/><U10/><E132/><V77/><F77/><W8/><G8/><T94/><D24/><U76/><E76/><V0/><F0/><W6/><G6/><T20/><D80/><U118/><E118/><V5/><F5/><W19/><G4/><T79/><D79/><U130/><E130/><V14/><F59/><W52/><G2/><T28/><D28/><U74/><E74/><V99/><F107/><W44/><REACH who="3" step="1"/><G54/><REACH who="3" ten="239,452,182,107" step="2"/><T30/><D55/><U112/><E10/><V58/><F58/><W125/><G125/><T25/><D53/><U50/><E127/><V42/><F42/><W109/><G109/><T43/><D49/><U88/><E50/><V62/><F62/><W129/><G129/><T92/><D43/><U75/><E63/><V124/><F124/><W47/><G47/><T103/><D103/><U105/><E75/><V121/><F121/><W133/><G133/><T31/><D69/><U78/><E78/><V60/><F60/><W87/><G87/><T18/><D70/><U64/><E84/><V45/><F45/><W82/><G82/><AGARI ba="1,2" hai="14,16,21,26,29,34,72,73,82,85,91,99,102,106" machi="82" ten="30,11600,0" yaku="6,1,7,1,52,1,54,1" doraHai="86" who="2" fromWho="3" sc="239,0,452,0,182,139,107,-119" owari="239,-16.0,452,55.0,321,12.0,-12,-51.0" /></mjloggm>