<mjloggm ver="2.3"><GO type="169" lobby="0"/><UN n0="%E5%B0%B1%E6%B4%BB%E7%94%9F%40%E5%B7%9D%E6%9D%91%E8%BB%8D%E5%9B%A3" n1="%E7%9C%9F%E3%81%A3%E5%90%91%E5%8B%9D%E8%B2%A0" n2="%74%75%75%6B%61%69%33" n3="%E6%9C%9D%E5%80%89%E6%9C%88%E5%A5%88" dan="18,17,16,16" rate="2205.42,2127.74,2110.86,2161.77" sx="M,F,M,M"/><TAIKYOKU oya="0"/><INIT seed="0,0,0,3,2,45" ten="250,250,250,250" oya="0" hai0="24,117,31,56,71,134,43,132,98,33,82,66,36" hai1="70,11,75,108,86,41,16,85,119,101,57,87,63" hai2="135,26,92,118,131,22,123,77,96,105,102,115,55" hai3="44,27,34,46,50,126,124,37,122,23,7,83,64"/><T111/><D117/><U80/><E119/><V109/><F118/><W40/><G122/><T48/><D111/><U127/><E70/><V18/><F115/><W60/><G34/><T65/><D82/><U2/><E101/><V39/><F109/><W15/><G83/><T128/><D128/><U76/><E127/><V28/><F131/><W51/><G15/><T93/><D36/><U9/><E2/><V121/><F39/><W113/><G7/><T84/><D84/><U103/><E41/><V104/><F77/><W78/><G78/><T91/><D71/><U68/><E68/><V4/><F4/><W81/><G81/><T69/><D69/><U59/><E59/><V54/><F135/><N who="0" m="51754" /><D43/><U30/><E30/><V38/><F38/><W12/><G12/><T53/><AGARI ba="0,0" hai="24,31,33,48,53,56,65,66,91,93,98" m="51754" machi="53" ten="30,3000,0" yaku="20,1,52,1" doraHai="45" who="0" fromWho="0" sc="250,30,250,-10,250,-10,250,-10" /><INIT seed="0,1,0,5,3,55" ten="280,240,240,240" oya="0" hai0="104,116,121,14,123,126,62,72,22,48,3,41,129" hai1="101,134,127,93,76,107,8,81,33,61,11,128,64" hai2="20,50,59,15,19,83,53,82,67,6,7,63,47" hai3="75,46,131,65,5,31,51,110,4,92,9,36,1"/><T29/><D3/><U0/><E0/><V43/><REACH who="2" step="1"/><F43/><REACH who="2" ten="280,240,230,240" step="2"/><W78/><G131/><T54/><D41/><U102/><E128/><V74/><F74/><W23/><G75/><T37/><D72/><U69/><E127/><V38/><F38/><W132/><G132/><T35/><D37/><U135/><E135/><V88/><F88/><W87/><G36/><T17/><D129/><U12/><E134/><V98/><F98/><W70/><G110/><T79/><D126/><U84/><E102/><V108/><F108/><W80/><G5/><AGARI ba="1,1" hai="5,6,7,15,19,20,47,50,53,59,63,67,82,83" machi="5" ten="40,8000,1" yaku="21,2,8,1,52,1,53,1" doraHai="55" doraHaiUra="45" who="2" fromWho="3" sc="280,0,240,0,230,93,240,-83" /><INIT seed="1,0,0,0,1,43" ten="280,240,323,157" oya="1" hai0="60,125,9,87,93,78,121,72,1,85,0,39,2" hai1="25,107,134,116,132,80,30,32,117,97,90,65,33" hai2="96,38,127,50,111,45,92,27,10,130,46,23,77" hai3="57,131,88,113,94,61,7,103,42,102,62,14,135"/><U129/><E32/><V35/><F111/><W19/><G113/><T122/><D125/><U68/><E129/><V104/><F127/><W64/><G135/><N who="1" m="51754" /><E80/><V28/><F130/><W16/><G131/><T133/><D133/><U56/><E56/><V108/><F108/><W105/><G105/><T11/><D39/><U20/><E90/><V70/><F70/><W118/><G118/><T76/><D60/><N who="1" m="39975" /><E20/><V128/><F128/><W22/><G42/><T100/><D100/><AGARI ba="0,0" hai="25,30,33,97,100,107,116,117" m="39975,51754" machi="100" ten="30,5800,0" yaku="25,1,20,1,23,1" doraHai="43" who="1" fromWho="0" sc="280,-58,240,58,323,0,157,0" /><INIT seed="1,1,0,4,3,66" ten="222,298,323,157" oya="1" hai0="43,23,86,131,39,17,32,128,44,127,46,117,105" hai1="107,65,114,115,123,93,97,53,120,30,106,132,116" hai2="10,18,130,77,15,62,122,125,3,69,113,7,47" hai3="37,57,63,82,58,35,111,52,81,96,129,29,21"/><U51/><E30/><V14/><F122/><W109/><G35/><T71/><D32/><U11/><E11/><V87/><F125/><W79/><G37/><T24/><D117/><U83/><E65/><V56/><F130/><N who="0" m="49706" /><D105/><U34/><E34/><V12/><F113/><W121/><G121/><T112/><D112/><U89/><E53/><V100/><F100/><W104/><G129/><T42/><D86/><U103/><E51/><V108/><F108/><W91/><G57/><T135/><D135/><U118/><E103/><V94/><F47/><W4/><G4/><T61/><D127/><U119/><E119/><V68/><F18/><W31/><G104/><T36/><D61/><U67/><E83/><V84/><F84/><W74/><G21/><T28/><D17/><U50/><E93/><V78/><F78/><W6/><G6/><T2/><D2/><U5/><E5/><V33/><F33/><W27/><G81/><T102/><D102/><U133/><E50/><V88/><REACH who="2" step="1"/><F77/><REACH who="2" ten="222,298,313,157" step="2"/><W9/><G111/><T41/><D41/><U45/><E115/><V55/><AGARI ba="1,1" hai="3,7,10,12,14,15,55,56,62,68,69,87,88,94" machi="55" ten="30,12000,2" yaku="1,1,2,1,0,1,52,2,54,1,53,0" doraHai="66" doraHaiUra="134" who="2" fromWho="2" sc="222,-31,298,-61,313,133,157,-31" /><INIT seed="2,0,0,4,1,86" ten="191,237,446,126" oya="2" hai0="56,106,111,44,83,100,52,35,133,94,67,62,114" hai1="87,130,40,73,126,54,120,34,25,84,53,14,11" hai2="57,90,39,80,45,76,108,30,60,38,103,109,27" hai3="105,29,124,98,50,77,7,31,13,5,122,4,81"/><V41/><F103/><W47/><G122/><T93/><D114/><U58/><E73/><V0/><F0/><W123/><G123/><T49/><D35/><U121/><E40/><V43/><F43/><W55/><G124/><T21/><D111/><N who="2" m="42570" /><F76/><W59/><G105/><T92/><D133/><U134/><E126/><V135/><F135/><W28/><G98/><T88/><D21/><U74/><E34/><N who="2" m="20831" /><F80/><W32/><G32/><T118/><D118/><U36/><E134/><V117/><F117/><W96/><G96/><N who="0" m="59399" /><D106/><U46/><E121/><V113/><F113/><W51/><G13/><T79/><D79/><U10/><E14/><V20/><F20/><W1/><G1/><T128/><D128/><U82/><E130/><V110/><F110/><W72/><REACH who="3" step="1"/><G28/><REACH who="3" ten="191,237,446,116" step="2"/><T33/><D33/><U101/><E120/><V99/><F99/><W19/><G19/><T91/><D83/><U37/><E82/><V24/><F24/><W119/><G119/><T127/><D127/><U70/><E25/><V22/><F22/><W97/><G97/><T131/><D131/><U3/><E3/><V64/><F38/><W16/><G16/><T107/><D107/><U75/><E36/><V26/><F26/><W61/><G61/><T104/><D104/><U112/><E37/><V2/><F2/><W115/><G115/><T8/><D8/><U68/><E10/><V65/><F60/><W42/><AGARI ba="0,1" hai="4,5,7,29,31,42,47,50,51,55,59,72,77,81" machi="42" ten="30,2000,0" yaku="1,1,0,1,53,0" doraHai="86" doraHaiUra="18" who="3" fromWho="3" sc="191,-5,237,-5,446,-10,116,30" /><INIT seed="3,0,0,4,1,32" ten="186,232,436,146" oya="3" hai0="36,28,39,120,48,64,108,113,41,121,116,1,53" hai1="81,27,95,90,60,128,131,66,16,112,54,58,102" hai2="76,84,100,11,88,13,44,107,103,29,67,75,6" hai3="96,51,109,111,21,78,127,23,92,20,25,38,129"/><W62/><G38/><N who="0" m="14379" /><D28/><U55/><E112/><V91/><F67/><W57/><G78/><T104/><D104/><U59/><E102/><V46/><F29/><W99/><G127/><T74/><D74/><U63/><E81/><N who="2" m="47143" /><F107/><W101/><G129/><T72/><D72/><U4/><E4/><V87/><F75/><W47/><G99/><T42/><D1/><U24/><E66/><V14/><F91/><W31/><G109/><T122/><D116/><U114/><E114/><V10/><F46/><W71/><G71/><T106/><D106/><U117/><E117/><V77/><F44/><W83/><G83/><T18/><D18/><U43/><E43/><N who="0" m="16393" /><D64/><U85/><REACH who="1" step="1"/><E16/><REACH who="1" ten="186,222,436,146" step="2"/><N who="2" m="8247" /><F77/><W123/><G111/><T15/><D113/><U50/><E50/><V30/><F30/><W82/><G82/><AGARI ba="0,1" hai="6,11,14,82,87,88,100,103" m="8247,47143" machi="82" ten="30,3900,0" yaku="8,1,54,2" doraHai="32" who="2" fromWho="3" sc="186,0,222,0,436,49,146,-39" /><INIT seed="4,0,0,1,1,53" ten="186,222,485,107" oya="0" hai0="75,105,85,107,90,20,100,116,134,63,86,15,22" hai1="70,3,103,51,35,106,92,5,14,80,121,65,98" hai2="79,7,26,37,78,1,118,124,39,89,28,62,13" hai3="81,115,34,6,57,111,33,129,88,8,10,18,42"/><T102/><D75/><U112/><E121/><V2/><F13/><W125/><G111/><T91/><D15/><U45/><E3/><V128/><F62/><W30/><G125/><T82/><D63/><U46/><E35/><V123/><F89/><W76/><G129/><T31/><D31/><U12/><E46/><V127/><F7/><W93/><G115/><T97/><D134/><U58/><E70/><V77/><F26/><W67/><G42/><T108/><D108/><U94/><E80/><V132/><F28/><W120/><G120/><T69/><D69/><U43/><E112/><V96/><F96/><W38/><G38/><T119/><D97/><U55/><E65/><V60/><F60/><W40/><G40/><T16/><D82/><U101/><E101/><V117/><F123/><W74/><G30/><T71/><D71/><U130/><E130/><V109/><F109/><W52/><G67/><T72/><D72/><U56/><E12/><V27/><F27/><W24/><G8/><T135/><D135/><U17/><E5/><V9/><F9/><W29/><G29/><T110/><REACH who="0" step="1"/><D110/><REACH who="0" ten="176,222,485,107" step="2"/><U21/><E98/><V84/><F132/><W4/><G34/><T104/><D104/><U32/><E106/><V48/><F128/><W68/><G33/><T49/><D49/><U50/><E51/><V66/><F48/><N who="3" m="30855" /><G68/><T83/><D83/><U73/><E32/><V131/><F131/><W133/><G133/><T113/><D113/><U23/><E73/><V114/><F114/><W47/><G81/><T36/><D36/><N who="2" m="13898" /><F124/><W54/><G74/><T87/><D87/><RYUUKYOKU ba="0,1" sc="176,30,222,-10,485,-10,107,-10" hai0="16,20,22,85,86,90,91,100,102,105,107,116,119" /><INIT seed="4,1,1,3,1,12" ten="206,212,475,97" oya="0" hai0="119,55,84,19,100,105,104,108,31,111,135,47,43" hai1="28,106,60,45,17,38,101,10,27,78,89,22,63" hai2="62,1,79,120,96,49,54,81,65,6,53,13,30" hai3="103,83,80,76,132,41,71,72,39,18,56,40,102"/><T110/><D119/><U122/><E122/><V21/><F1/><W134/><G71/><T109/><D31/><U68/><E78/><V24/><F120/><W25/><G56/><T36/><D135/><U128/><E101/><V107/><F107/><W61/><G61/><T98/><D84/><U86/><E106/><V8/><F96/><W123/><G123/><T3/><D3/><U2/><E68/><V11/><F11/><W66/><G66/><T57/><D105/><U97/><E97/><V94/><F94/><W115/><G115/><T67/><D67/><U91/><E91/><V125/><F125/><W117/><G117/><T4/><D4/><U0/><E128/><V26/><F26/><W131/><G131/><T29/><D29/><U5/><E0/><V16/><F65/><W15/><G25/><T127/><D127/><U90/><E90/><V74/><F62/><W14/><G39/><T42/><D42/><U9/><E45/><V51/><REACH who="2" step="1"/><F6/><REACH who="2" ten="206,212,465,97" step="2"/><W35/><G134/><T88/><D109/><U129/><E129/><V59/><F59/><W92/><G132/><T48/><D104/><U34/><E10/><V7/><F7/><W33/><G92/><N who="0" m="56583" /><D100/><U23/><E5/><V20/><F20/><W50/><G102/><T73/><D73/><U118/><E22/><V116/><F116/><W126/><G103/><T46/><D57/><U77/><E2/><V99/><F99/><W93/><G126/><T69/><D69/><U44/><E118/><V112/><F112/><W32/><G72/><T64/><D64/><U37/><E23/><V133/><F133/><RYUUKYOKU ba="1,2" sc="206,15,212,-15,465,15,97,-15" hai0="19,36,43,46,47,48,55,108,110,111" hai2="8,13,16,21,24,30,49,51,53,54,74,79,81" /><INIT seed="4,2,2,3,1,34" ten="221,197,480,82" oya="0" hai0="27,133,47,88,5,72,110,39,96,90,134,122,105" hai1="40,30,28,23,80,1,19,131,42,103,14,129,46" hai2="62,123,22,61,118,98,17,20,135,10,50,57,116" hai3="87,119,117,100,76,95,120,44,41,85,68,45,70"/><T43/><D72/><U108/><E108/><V35/><F35/><W79/><G100/><N who="0" m="62599" /><D122/><U2/><E80/><V93/><F123/><W128/><G120/><T31/><D5/><U12/><E103/><V13/><F135/><N who="0" m="51722" /><D110/><U4/><E4/><V32/><F32/><AGARI ba="2,2" hai="27,31,32,39,43,47,88,90" m="51722,62599" machi="32" ten="30,2900,0" yaku="20,1,54,1" doraHai="34" who="0" fromWho="2" sc="221,55,197,0,480,-35,82,0" /><INIT seed="4,3,0,3,2,6" ten="276,197,445,82" oya="0" hai0="0,8,60,90,132,67,21,135,58,102,101,108,85" hai1="65,48,46,44,115,19,3,38,130,122,28,59,12" hai2="70,116,133,24,109,103,23,45,27,2,30,43,15" hai3="14,4,49,35,113,55,126,105,31,36,77,1,69"/><T106/><D108/><U75/><E122/><V42/><F109/><W98/><G36/><T125/><D125/><U71/><E3/><V17/><F2/><W22/><G69/><T91/><D21/><U87/><E75/><V107/><F70/><W5/><G35/><T32/><D32/><U54/><E44/><V53/><F133/><N who="0" m="51274" /><D106/><U18/><E28/><V134/><F134/><W127/><G113/><T94/><D91/><U47/><E47/><V57/><F107/><W7/><G77/><T26/><D26/><U11/><E87/><V40/><F103/><W25/><G1/><T97/><D85/><U83/><E115/><V89/><F89/><W99/><G105/><T100/><D0/><U129/><E83/><V111/><F27/><W84/><G84/><T93/><D93/><U64/><E64/><V68/><F68/><W117/><G117/><T20/><D20/><U95/><E95/><V39/><F116/><W104/><G104/><T41/><D41/><N who="1" m="22839" /><E18/><V86/><F86/><W80/><G80/><T73/><D73/><U123/><E123/><V131/><F111/><W10/><G127/><T37/><D37/><U78/><E78/><V63/><REACH who="2" step="1"/><F131/><REACH who="2" ten="276,197,435,82" step="2"/><W74/><G126/><T9/><AGARI ba="3,1" hai="8,9,58,60,67,90,94,97,100,101,102" m="51274" machi="9" ten="40,7800,0" yaku="20,1,52,2" doraHai="6" who="0" fromWho="0" sc="276,97,197,-29,435,-29,82,-29" /><INIT seed="4,4,0,0,4,63" ten="373,168,406,53" oya="0" hai0="83,12,0,127,89,64,75,120,88,106,9,46,16" hai1="50,28,76,81,44,26,128,129,65,37,39,104,69" hai2="109,93,79,55,20,95,96,135,29,21,23,45,5" hai3="97,35,107,41,40,66,13,111,110,31,78,18,8"/><T14/><D106/><U123/><E123/><V73/><F109/><W34/><G78/><T58/><D0/><U4/><E4/><V3/><F135/><W54/><G54/><T22/><D120/><U49/><E104/><V90/><F3/><W43/><G31/><T82/><D46/><U84/><E49/><V114/><F114/><W85/><G85/><T98/><D127/><U25/><E25/><V102/><F5/><W113/><G113/><T80/><D75/><U94/><E94/><V130/><F79/><W74/><G74/><T132/><D132/><U19/><E19/><V86/><F73/><W11/><G11/><T101/><D101/><U119/><E119/><V48/><REACH who="2" step="1"/><F130/><REACH who="2" ten="373,168,396,53" step="2"/><W121/><G121/><T62/><D98/><U105/><E129/><V87/><F87/><W53/><G110/><T27/><D14/><U126/><E128/><V103/><F103/><W61/><G111/><T10/><REACH who="0" step="1"/><D9/><REACH who="0" ten="363,168,396,53" step="2"/><U38/><E126/><V57/><F57/><W68/><G13/><T116/><D116/><U51/><E84/><V32/><F32/><W6/><G35/><T118/><D118/><U52/><E26/><AGARI ba="4,2" hai="20,21,23,26,29,45,48,55,86,90,93,95,96,102" machi="26" ten="40,2600,0" yaku="1,1,8,1,53,0" doraHai="63" doraHaiUra="122" who="2" fromWho="1" sc="363,0,168,-38,396,58,53,0" /><INIT seed="5,0,0,2,5,28" ten="363,130,454,53" oya="1" hai0="34,81,11,104,135,27,57,132,85,84,5,112,20" hai1="13,38,75,1,117,121,73,72,48,113,80,51,17" hai2="47,3,123,46,7,21,77,93,68,44,14,74,118" hai3="109,29,6,99,30,32,115,130,129,8,94,55,41"/><U62/><E117/><V42/><F118/><W119/><G41/><T102/><D112/><U127/><E1/><V86/><F3/><W33/><G119/><T92/><D104/><U101/><E38/><V39/><F74/><W97/><G109/><T110/><D110/><U90/><E121/><V128/><F68/><W131/><G115/><T98/><D57/><U64/><E101/><V133/><F123/><W105/><G105/><T83/><D34/><N who="3" m="13417" /><G55/><T76/><D11/><U120/><E120/><V49/><F39/><W108/><G108/><T23/><D5/><U58/><E113/><V18/><F7/><W52/><G52/><T88/><REACH who="0" step="1"/><D23/><REACH who="0" ten="353,130,454,53" step="2"/><U124/><E58/><V106/><F106/><W126/><G126/><T54/><D54/><U63/><E127/><V59/><F21/><W4/><G4/><T2/><D2/><U19/><E124/><V71/><F59/><W65/><G65/><T60/><D60/><U70/><E62/><V25/><F47/><W103/><G99/><T67/><D67/><U89/><E64/><V9/><F46/><W66/><G66/><T50/><D50/><U26/><E48/><V95/><F49/><W24/><G24/><T12/><D12/><AGARI ba="0,1" hai="6,8,12,29,30,94,97,103,129,130,131" m="13417" machi="12" ten="40,8000,1" yaku="19,1,52,3" doraHai="28" who="3" fromWho="0" sc="353,-80,130,0,454,0,53,90" /><INIT seed="6,0,0,4,0,70" ten="273,130,454,143" oya="2" hai0="98,64,65,14,78,134,20,80,107,39,120,106,125" hai1="37,53,75,102,72,114,60,128,94,71,56,100,19" hai2="63,87,103,95,27,101,41,69,17,16,123,113,109" hai3="47,31,135,129,115,84,67,99,1,111,96,58,79"/><V3/><F3/><W52/><G111/><T90/><D39/><U51/><E71/><V10/><F123/><W104/><G1/><T49/><D120/><U24/><E37/><V76/><F76/><W5/><G5/><T48/><D106/><U88/><E72/><V13/><F113/><W42/><G129/><T32/><D32/><U57/><E75/><V83/><F109/><W116/><G115/><T26/><D14/><U8/><E128/><V28/><F17/><W50/><G135/><T121/><D125/><U108/><E108/><V122/><F95/><W55/><G116/><T35/><D35/><U73/><E73/><V43/><F69/><W130/><G130/><T34/><D34/><U124/><E124/><V133/><F63/><N who="3" m="38391" /><G31/><T81/><D107/><U23/><E8/><V118/><F28/><W132/><G132/><T97/><D78/><U46/><E56/><V30/><F30/><W62/><G104/><T44/><D26/><U112/><E112/><V131/><F27/><W6/><G6/><T126/><D20/><U15/><E15/><V38/><F13/><W22/><G22/><T77/><D77/><U40/><E114/><V9/><F131/><W4/><G4/><T29/><D29/><U7/><E7/><V59/><F133/><W74/><G74/><T2/><D2/><U36/><E36/><V25/><F38/><W119/><G119/><T18/><D134/><U61/><E60/><V89/><F118/><W127/><G127/><T45/><D126/><U86/><AGARI ba="0,0" hai="19,23,24,40,46,51,53,57,61,86,88,94,100,102" machi="86" ten="20,5200,0" yaku="0,1,7,1,8,1,54,1" doraHai="70" who="1" fromWho="1" sc="273,-13,130,52,454,-26,143,-13" /><INIT seed="7,0,0,4,0,22" ten="260,182,428,130" oya="3" hai0="18,33,19,123,36,103,81,17,100,57,55,134,99" hai1="56,39,12,93,95,92,54,77,46,5,115,135,98" hai2="31,9,29,113,96,27,6,129,35,26,44,128,127" hai3="41,69,15,37,34,2,45,11,67,52,130,30,4"/><W85/><G130/><N who="2" m="50281" /><F44/><W48/><G85/><T82/><D36/><U72/><E93/><V53/><F53/><W91/><G91/><T124/><D33/><U8/><E115/><V132/><F96/><W42/><G15/><T49/><D124/><U87/><E72/><V21/><F113/><W14/><G14/><T64/><D134/><U65/><E65/><V88/><F88/><W16/><G16/><T60/><D123/><U68/><E68/><V89/><F89/><W126/><G126/><T51/><D51/><U10/><E10/><V47/><F47/><W117/><G117/><T74/><D74/><U116/><E12/><N who="2" m="5175" /><F127/><W70/><G42/><T133/><D133/><AGARI ba="0,0" hai="21,26,27,29,31,35,132,133" m="5175,50281" machi="133" ten="30,8000,1" yaku="19,1,34,2,52,2" doraHai="22" who="2" fromWho="0" sc="260,-80,182,0,428,80,130,0" owari="180,-22.0,182,-2.0,508,61.0,130,-37.0" /></mjloggm>