<mjloggm ver="2.3"><GO type="97" lobby="0"/><UN n0="%E3%82%AB%E3%83%8B%E3%82%AF%E3%83%AC%EF%BD%9E%E3%83%B3" n1="%E3%83%9E%E3%83%BC%E3%83%9C%E3%82%A6" n2="%73%61%69%6D%75%33%31%36" n3="%E5%B0%B1%E6%B4%BB%E7%94%9F%40%E5%B7%9D%E6%9D%91%E8%BB%8D%E5%9B%A3" dan="13,14,14,17" rate="1813.81,1930.73,1861.41,2174.90" sx="M,M,M,M"/><TAIKYOKU oya="0"/><INIT seed="0,0,0,5,5,87" ten="250,250,250,250" oya="0" hai0="15,60,21,73,40,74,28,18,117,54,126,35,116" hai1="119,59,19,16,78,61,104,133,52,91,46,89,124" hai2="129,115,5,135,98,45,134,106,68,105,92,100,2" hai3="1,48,111,72,31,30,125,112,86,27,102,81,44"/><T83/><D40/><U34/><E119/><V22/><F115/><W23/><G112/><T12/><D126/><U70/><E104/><N who="2" m="40043" /><F45/><W62/><G125/><T42/><D42/><U32/><E124/><V130/><F22/><W80/><G111/><T25/><D15/><U47/><E133/><N who="2" m="50699" /><F68/><W113/><G1/><T79/><D74/><U38/><E70/><V132/><N who="2" m="50707" /><V3/><DORA hai="69" /><F5/><W94/><G113/><T76/><REACH who="0" step="1"/><D79/><REACH who="0" ten="240,250,250,250" step="2"/><U65/><E78/><V14/><F14/><W88/><G72/><T103/><D103/><U55/><E38/><V95/><F3/><W11/><G102/><T43/><D43/><U63/><E65/><V26/><F2/><W77/><G77/><T0/><D0/><U7/><E7/><V66/><F26/><W118/><G118/><T97/><D97/><U96/><E96/><N who="2" m="59399" /><F66/><W108/><G108/><T50/><D50/><U101/><E101/><AGARI ba="0,1" hai="95,98,101,129,130" m="59399,50707,40043" machi="101" ten="50,6400,0" yaku="20,1,34,2" doraHai="87,69" who="2" fromWho="1" sc="240,0,250,-64,250,74,250,0" /><INIT seed="1,0,0,4,5,54" ten="240,186,324,250" oya="1" hai0="66,31,50,47,111,121,36,68,4,7,52,44,96" hai1="89,101,84,28,61,23,72,25,126,94,71,122,100" hai2="114,82,124,39,29,37,129,69,123,134,42,10,14" hai3="24,43,1,19,53,73,132,115,17,6,56,22,119"/><U95/><E122/><V116/><F82/><W88/><G115/><T104/><D121/><U86/><E72/><V67/><F29/><W128/><G73/><T46/><D111/><U8/><E126/><V41/><F14/><W15/><G119/><T106/><D31/><U70/><E8/><V98/><F98/><W97/><G132/><T74/><D74/><U26/><E61/><N who="2" m="40175" /><F10/><N who="3" m="4567" /><G43/><N who="2" m="16393" /><F124/><W21/><G128/><T127/><D36/><N who="2" m="13898" /><F123/><W12/><G1/><T135/><D127/><U60/><E60/><V99/><F99/><W105/><G105/><T2/><D135/><U87/><E87/><V133/><F129/><W58/><G53/><T109/><D109/><U35/><E89/><V92/><F92/><AGARI ba="0,0" hai="12,17,19,21,22,24,56,58,88,92,97" m="4567" machi="92" ten="30,7700,0" yaku="8,1,52,2,54,1" doraHai="54" who="3" fromWho="2" sc="240,0,186,0,324,-77,250,77" /><INIT seed="2,0,0,1,4,22" ten="240,186,247,327" oya="2" hai0="100,90,88,84,116,33,67,77,12,119,60,85,18" hai1="34,23,133,64,105,95,11,121,110,98,29,47,123" hai2="114,55,45,20,15,87,117,2,48,132,78,115,66" hai3="38,27,122,89,51,8,37,16,124,54,81,19,73"/><V86/><F2/><W103/><G122/><T13/><D100/><U59/><E105/><V79/><F117/><N who="0" m="45130" /><D77/><N who="2" m="29194" /><F114/><W3/><G73/><T0/><D0/><U36/><E34/><V7/><F115/><W53/><G103/><T6/><D33/><U35/><E35/><V109/><F66/><W39/><G124/><T1/><D1/><U70/><E70/><V52/><F132/><W131/><G131/><T49/><D49/><U94/><E133/><V24/><F109/><W112/><G112/><T30/><D30/><U68/><E68/><V42/><F15/><N who="0" m="5706" /><D18/><U120/><E110/><V129/><F7/><W82/><G19/><T43/><D43/><U128/><E128/><V135/><F135/><W25/><G16/><T40/><D40/><U96/><E11/><V125/><F125/><W50/><G8/><T71/><D6/><U111/><E111/><V127/><F127/><W26/><G3/><T92/><D90/><U46/><E36/><V108/><F108/><W107/><G89/><T106/><D85/><N who="2" m="32266" /><F129/><W41/><G41/><T99/><D84/><U130/><E130/><V57/><F57/><W28/><G28/><AGARI ba="0,0" hai="20,24,28,42,45,48,52,55" m="32266,29194" machi="28" ten="30,5800,0" yaku="8,1,52,1,54,1" doraHai="22" who="2" fromWho="3" sc="240,0,186,0,247,58,327,-58" /><INIT seed="2,1,0,5,2,58" ten="240,186,305,269" oya="2" hai0="46,9,95,84,62,41,57,52,33,49,72,80,91" hai1="98,104,125,47,96,129,115,63,117,15,22,73,10" hai2="82,32,3,127,2,128,61,133,97,71,38,83,19" hai3="103,24,36,99,110,69,118,18,37,112,126,86,13"/><V64/><F38/><W108/><G118/><T134/><D134/><U93/><E117/><V90/><F133/><W54/><G112/><T0/><D33/><U25/><E73/><V88/><F128/><W76/><G126/><T56/><D0/><U60/><E115/><V77/><F32/><W113/><G24/><T105/><D105/><U111/><E104/><V55/><F127/><W67/><G113/><T1/><D1/><U109/><E47/><V102/><F55/><W26/><G26/><T135/><D135/><U85/><E129/><V21/><F82/><N who="3" m="47431" /><G54/><T29/><D29/><N who="1" m="17591" /><E125/><V116/><F116/><W5/><G5/><T35/><D35/><U28/><E28/><V81/><F81/><W14/><G67/><T120/><D120/><U42/><E42/><V78/><F78/><W43/><G69/><T17/><D57/><U40/><E40/><V34/><F34/><W27/><G43/><T101/><D72/><U51/><E51/><V44/><F44/><W50/><G50/><T122/><D122/><U121/><E121/><V7/><F7/><W39/><G27/><T131/><D131/><U70/><E70/><V66/><F3/><W20/><G14/><N who="0" m="7375" /><D101/><U59/><E59/><N who="2" m="36927" /><F2/><W53/><G53/><N who="0" m="34063" /><D41/><U8/><E111/><N who="3" m="42538" /><G39/><T132/><D132/><U100/><E109/><V6/><F66/><W16/><G18/><T23/><D23/><U79/><E8/><V114/><F71/><W130/><G130/><T74/><D74/><U68/><E68/><V65/><F65/><W87/><G37/><T4/><D4/><N who="1" m="3527" /><E98/><V92/><F6/><W124/><G36/><RYUUKYOKU ba="1,0" sc="240,15,186,15,305,-15,269,-15" hai0="46,49,52,80,84,91,95" hai1="60,63,79,85,93,96,100" /><INIT seed="3,2,0,5,3,88" ten="255,201,290,254" oya="3" hai0="109,81,21,73,2,42,102,92,24,35,75,71,9" hai1="30,26,82,76,91,86,12,65,27,41,38,64,22" hai2="123,118,90,84,28,97,66,68,34,122,128,57,45" hai3="37,130,127,47,67,54,48,20,58,78,52,70,120"/><W85/><G120/><T100/><D71/><U32/><E38/><V46/><F118/><W114/><G114/><T133/><D35/><U96/><E41/><V16/><F68/><W1/><G1/><T17/><D42/><U99/><E12/><V112/><F112/><W5/><G127/><T15/><D2/><U55/><E55/><V60/><F128/><W117/><G130/><T126/><D126/><U125/><E125/><V98/><F16/><W119/><G5/><T11/><D11/><U95/><REACH who="1" step="1"/><E96/><REACH who="1" ten="255,191,290,254" step="2"/><N who="2" m="36971" /><F28/><AGARI ba="2,1" hai="22,26,27,28,30,32,64,65,76,82,86,91,95,99" machi="28" ten="30,3900,0" yaku="1,1,7,1,52,1,53,0" doraHai="88" doraHaiUra="59" who="1" fromWho="2" sc="255,0,191,55,290,-45,254,0" /><INIT seed="4,0,0,3,3,87" ten="255,246,245,254" oya="0" hai0="71,96,29,76,1,85,47,55,84,127,63,14,83" hai1="123,13,42,94,56,46,37,109,40,98,17,75,57" hai2="9,35,107,110,43,4,10,125,88,21,41,130,49" hai3="116,120,60,36,18,0,24,48,135,73,53,66,72"/><T12/><D1/><U91/><E123/><V79/><F35/><W28/><G116/><T8/><D127/><U100/><E75/><V118/><F118/><W133/><G36/><T16/><D29/><U61/><E109/><V67/><F107/><W33/><G0/><T27/><D27/><U108/><E108/><V11/><F110/><W2/><G2/><T19/><D71/><U77/><E77/><V25/><F79/><W115/><G18/><T26/><D26/><U129/><E129/><V97/><F67/><W78/><G115/><T112/><D112/><U15/><E37/><V92/><F125/><W113/><G113/><T126/><D126/><U45/><E57/><V70/><F70/><W20/><G33/><T124/><D124/><U121/><E13/><V69/><F69/><N who="3" m="42183" /><G78/><T50/><D96/><U51/><E100/><V105/><F105/><W23/><G23/><T90/><D63/><U102/><E102/><V128/><F4/><W132/><G120/><T99/><D99/><U122/><E46/><AGARI ba="0,0" hai="20,24,28,46,48,53,72,73,132,133,135" m="42183" machi="46" ten="30,1000,0" yaku="20,1" doraHai="87" who="3" fromWho="1" sc="255,0,246,-10,245,0,254,10" /><INIT seed="5,0,0,2,3,94" ten="255,236,245,264" oya="1" hai0="36,112,126,20,16,56,42,91,54,38,68,99,83" hai1="113,119,11,89,104,59,44,122,71,78,23,45,73" hai2="120,111,107,3,133,63,34,101,74,52,25,77,93" hai3="110,61,124,108,128,5,130,64,103,106,129,17,116"/><U67/><E119/><V62/><F120/><W117/><G5/><T29/><D68/><U82/><E122/><V132/><F3/><W55/><G17/><T66/><D66/><U26/><E71/><V115/><F111/><N who="3" m="42539" /><G124/><T0/><D0/><U134/><E104/><V28/><F93/><W32/><G32/><T135/><D126/><U13/><E113/><V123/><F115/><W37/><G37/><T7/><D7/><U76/><E76/><V33/><F123/><W131/><N who="3" m="33280" /><DORA hai="9" /><W105/><G55/><T84/><D112/><U35/><E134/><N who="2" m="51819" /><F34/><W51/><G51/><T109/><D109/><U92/><E35/><V87/><F74/><W102/><G61/><N who="0" m="35991" /><D29/><U97/><E59/><V75/><F75/><W10/><G64/><T69/><D69/><U118/><E67/><V86/><F77/><W60/><G60/><N who="2" m="23081" /><F52/><W39/><G39/><T121/><D121/><U31/><REACH who="1" step="1"/><E118/><REACH who="1" ten="255,226,245,264" step="2"/><N who="3" m="45674" /><G106/><T79/><D135/><U81/><E81/><V27/><F107/><W47/><G105/><T30/><D38/><U2/><E2/><V15/><F33/><W58/><G58/><T57/><D57/><U6/><AGARI ba="0,1" hai="6,11,13,23,26,31,44,45,73,78,82,89,92,97" machi="6" ten="20,12000,1" yaku="1,1,0,1,7,1,52,2,53,0" doraHai="94,9" doraHaiUra="50,80" who="1" fromWho="1" sc="255,-40,226,130,245,-40,264,-40" owari="215,-18.0,356,45.0,205,-29.0,224,2.0" /></mjloggm>