<mjloggm ver="2.3"><GO type="169" lobby="0"/><UN n0="%E3%82%A6%E3%83%AB%E3%83%88%E3%83%A9%E7%AB%8B%E7%9B%B4" n1="%6D%6F%65%2E%6E" n2="%E7%99%BD%E9%B9%BF%E6%84%9B%E8%8E%89" n3="%E3%83%91%E3%82%B7%E3%83%AA%EF%BC%A0%E5%B7%9D%E6%9D%91%E8%BB%8D%E5%9B%A3" dan="17,16,18,16" rate="2159.19,2106.49,2184.52,2139.60" sx="M,F,F,M"/><TAIKYOKU oya="0"/><INIT seed="0,0,0,5,5,28" ten="250,250,250,250" oya="0" hai0="4,84,128,6,57,59,26,11,77,36,96,91,95" hai1="23,103,13,24,71,58,131,123,121,129,110,101,112" hai2="107,97,2,111,8,114,88,34,16,44,7,83,30" hai3="67,92,74,45,115,109,1,47,48,82,105,18,102"/><T73/><D36/><U38/><E71/><V68/><F114/><W40/><G115/><T55/><D73/><U49/><E112/><V80/><F68/><W122/><G105/><T99/><D128/><N who="1" m="49227" /><E38/><V108/><F44/><W106/><G106/><T65/><D65/><U126/><E110/><N who="2" m="42027" /><F107/><W120/><G1/><T32/><D77/><U29/><E126/><V93/><F16/><W90/><G102/><N who="1" m="38922" /><E13/><V19/><F19/><W117/><G18/><T14/><D4/><U17/><E17/><V98/><F97/><W104/><G104/><T133/><D133/><U135/><E135/><V31/><F31/><W35/><G109/><T72/><D72/><U22/><E22/><V50/><F50/><W81/><G48/><T41/><D41/><U42/><E42/><V46/><F46/><W15/><G47/><T25/><D25/><AGARI ba="0,0" hai="2,7,8,25,30,34,80,83,88,93,98" m="42027" machi="25" ten="30,3900,0" yaku="14,1,52,1,54,1" doraHai="28" who="2" fromWho="0" sc="250,-39,250,0,250,39,250,0" /><INIT seed="1,0,0,2,1,56" ten="211,250,289,250" oya="1" hai0="79,99,3,89,90,13,52,121,107,122,57,128,0" hai1="75,62,112,102,18,20,80,98,94,116,47,120,51" hai2="68,92,50,126,7,41,38,125,49,71,86,43,12" hai3="76,64,84,67,31,93,25,74,15,69,101,109,132"/><U19/><E112/><V16/><F7/><W5/><G74/><T6/><D79/><U40/><E116/><V27/><F27/><W17/><G5/><T45/><D45/><U23/><E120/><N who="0" m="46185" /><D128/><U73/><E80/><V63/><F86/><W11/><G109/><T113/><D13/><U124/><E124/><N who="2" m="47723" /><F92/><W78/><G132/><T110/><D110/><U77/><E77/><V22/><F38/><W95/><G101/><N who="0" m="62911" /><D113/><U14/><REACH who="1" step="1"/><E62/><REACH who="1" ten="211,240,289,250" step="2"/><V44/><F63/><W26/><G76/><T58/><D3/><U134/><E134/><V119/><F119/><W103/><G78/><T106/><D0/><U81/><E81/><V53/><F41/><W4/><G103/><T65/><D106/><U85/><E85/><V70/><F71/><W33/><G69/><T135/><D135/><U104/><E104/><V61/><F61/><W30/><G84/><T42/><D42/><U54/><E54/><V87/><F87/><W97/><G97/><T10/><D65/><U133/><E133/><V108/><F108/><W127/><G127/><T131/><D131/><U46/><E46/><AGARI ba="0,1" hai="12,16,22,43,44,46,49,50,53,68,70" m="47723" machi="46" ten="30,2000,0" yaku="18,1,54,1" doraHai="56" who="2" fromWho="1" sc="211,0,240,-20,289,30,250,0" /><INIT seed="2,0,0,1,0,17" ten="211,220,319,250" oya="2" hai0="52,78,24,15,126,124,84,127,4,116,120,58,100" hai1="81,49,10,2,87,59,101,8,85,86,134,40,14" hai2="47,45,30,34,31,7,25,130,41,75,102,114,5" hai3="93,3,72,128,46,1,23,18,104,69,43,67,53"/><V92/><F114/><W65/><G104/><T22/><D120/><U80/><E134/><V133/><F75/><W68/><G72/><T71/><D100/><U125/><E125/><V29/><F133/><W121/><G121/><T110/><D71/><U21/><E101/><V115/><F115/><W64/><G53/><T9/><D110/><U98/><E98/><V44/><F130/><W95/><G128/><T35/><D35/><U11/><E2/><V79/><F79/><W97/><G3/><T70/><D70/><U119/><E119/><V90/><F102/><W36/><G1/><T108/><D108/><U13/><E13/><V122/><F122/><W12/><REACH who="3" step="1"/><G95/><REACH who="3" ten="211,220,319,240" step="2"/><T73/><D73/><U38/><E40/><V76/><F41/><W6/><G6/><T96/><D116/><U118/><E118/><V82/><F5/><W109/><G109/><T20/><D24/><U111/><E111/><V26/><F7/><W113/><G113/><T66/><D66/><U61/><E14/><V83/><F25/><W48/><G48/><N who="0" m="30983" /><D96/><U55/><E38/><V57/><F26/><W99/><G99/><T60/><D60/><U19/><E61/><V105/><F105/><W91/><AGARI ba="0,1" hai="12,18,23,36,43,46,64,65,67,68,69,91,93,97" machi="91" ten="30,4000,0" yaku="1,1,0,1,52,1,53,0" doraHai="17" doraHaiUra="129" who="3" fromWho="3" sc="211,-10,220,-10,319,-20,240,50" /><INIT seed="3,0,0,2,4,128" ten="201,210,299,290" oya="3" hai0="69,31,37,17,29,7,89,13,66,124,116,48,30" hai1="125,98,96,110,19,18,70,46,40,88,106,135,103" hai2="80,4,133,111,75,61,119,93,85,20,71,118,45" hai3="2,36,99,32,68,28,51,82,63,62,127,11,0"/><W121/><G121/><T33/><D37/><U65/><E110/><V86/><F4/><W132/><G36/><T24/><D69/><U5/><E125/><V114/><F45/><W55/><G127/><T120/><D124/><U64/><E5/><V123/><F71/><W23/><G32/><T117/><D66/><U16/><E70/><V90/><F61/><W12/><G82/><T38/><D89/><U9/><E9/><V34/><F20/><W91/><G68/><T108/><D48/><U41/><E135/><V47/><F47/><W104/><G132/><T26/><D38/><U50/><REACH who="1" step="1"/><E41/><REACH who="1" ten="201,200,299,290" step="2"/><V60/><F133/><W74/><G11/><N who="0" m="4351" /><D108/><U42/><E42/><V129/><F111/><W8/><G8/><T1/><D120/><U97/><E97/><V3/><F123/><W112/><G99/><T54/><D1/><U113/><E113/><V83/><F3/><W115/><G115/><T6/><D6/><U76/><E76/><N who="2" m="44447" /><F114/><W72/><G112/><T27/><D117/><U84/><E84/><V52/><F86/><W81/><G0/><T134/><D116/><U94/><AGARI ba="0,1" hai="16,18,19,40,46,50,64,65,88,94,96,98,103,106" machi="94" ten="30,7900,0" yaku="1,1,0,1,54,2,53,0" doraHai="128" doraHaiUra="79" who="1" fromWho="1" sc="201,-20,200,89,299,-20,290,-39" /><INIT seed="4,0,0,5,0,83" ten="181,289,279,251" oya="0" hai0="100,123,48,33,84,18,41,0,37,81,7,131,88" hai1="17,79,70,56,4,12,36,2,104,112,114,76,116" hai2="119,108,24,78,97,122,87,132,34,72,133,9,35" hai3="65,74,21,106,22,118,11,66,26,94,80,128,98"/><T120/><D37/><U14/><E70/><V115/><F122/><W99/><G118/><T29/><D29/><U16/><E116/><V1/><F108/><W75/><G11/><T134/><D33/><U90/><E36/><V117/><F115/><N who="1" m="44073" /><E104/><V40/><F72/><W127/><G80/><T93/><D0/><U42/><E42/><V5/><F97/><W19/><G128/><T6/><D123/><U45/><E45/><V62/><F62/><W13/><G127/><T15/><D120/><U111/><E111/><V68/><F68/><W43/><G43/><T44/><D131/><U60/><E2/><V53/><F40/><W129/><G129/><T86/><D134/><N who="2" m="51818" /><F53/><W113/><G113/><T125/><D125/><U57/><E90/><V49/><F49/><W64/><G106/><T109/><D109/><U50/><E50/><V46/><F46/><W107/><G107/><T71/><D71/><U31/><E31/><N who="2" m="19815" /><F35/><W135/><G135/><T89/><D100/><U59/><E60/><V110/><F110/><W67/><G99/><T8/><AGARI ba="0,0" hai="6,7,8,15,18,41,44,48,81,84,86,88,89,93" machi="8" ten="20,18000,2" yaku="0,1,7,1,8,1,52,2,54,1" doraHai="83" who="0" fromWho="0" sc="181,180,289,-60,279,-60,251,-60" /><INIT seed="4,1,0,0,5,66" ten="361,229,219,191" oya="0" hai0="0,103,74,44,69,15,96,9,76,130,102,116,125" hai1="131,108,10,3,51,29,83,90,7,33,41,77,72" hai2="121,92,127,82,5,35,4,86,88,24,50,122,39" hai3="124,109,71,12,45,31,16,8,47,75,100,98,26"/><T105/><D116/><U28/><E108/><V84/><F39/><W48/><G109/><T18/><D0/><U63/><E131/><V53/><F127/><W13/><G75/><T110/><D130/><U36/><E33/><V85/><F121/><W46/><G124/><T68/><D125/><U134/><E134/><V20/><F35/><W117/><G117/><T132/><D132/><U19/><E51/><V123/><F123/><W57/><G13/><T120/><D120/><U113/><E113/><V93/><F93/><W104/><G57/><T89/><D110/><U95/><E19/><N who="2" m="12319" /><F122/><W59/><G59/><T40/><D102/><U80/><E80/><V1/><F1/><W97/><G97/><T11/><D89/><U55/><E55/><V30/><F30/><W128/><G128/><T87/><D87/><N who="2" m="33354" /><F82/><W101/><G101/><T118/><D118/><U49/><E49/><V43/><F43/><W106/><G106/><T14/><D76/><U23/><E63/><V65/><F65/><W58/><G58/><AGARI ba="1,0" hai="4,5,50,53,58,86,88,92" m="33354,12319" machi="58" ten="30,2000,0" yaku="8,1,54,1" doraHai="66" who="2" fromWho="3" sc="361,0,229,0,219,23,191,-23" /><INIT seed="5,0,0,4,4,76" ten="361,229,242,168" oya="1" hai0="112,61,32,20,97,108,114,40,111,82,36,48,30" hai1="59,128,27,5,39,72,55,85,132,35,135,33,71" hai2="67,133,115,125,129,37,90,65,4,62,130,13,89" hai3="103,51,2,44,92,105,16,96,3,102,84,106,60"/><U99/><E72/><V77/><F37/><W68/><G68/><T12/><D32/><U83/><E71/><V58/><F133/><N who="1" m="51273" /><E128/><N who="2" m="49259" /><F125/><W46/><G60/><T81/><D36/><U64/><E39/><V117/><F117/><W110/><G110/><T131/><D131/><U42/><E42/><V134/><F134/><W57/><G57/><T24/><D61/><N who="1" m="37951" /><E5/><V41/><F41/><W75/><G75/><T119/><D119/><U79/><E55/><V107/><F107/><W78/><G103/><T63/><D63/><U73/><E73/><V17/><F4/><W126/><G126/><T23/><D48/><U56/><E56/><V0/><F0/><W54/><G44/><T26/><D40/><U88/><E27/><V6/><F6/><W122/><G122/><T49/><D49/><U66/><E66/><V22/><F67/><W29/><G3/><T101/><D111/><U86/><E99/><V15/><F58/><W95/><G2/><T10/><D108/><U25/><E25/><V8/><F65/><W31/><G96/><T120/><D97/><U7/><E7/><N who="2" m="3231" /><F62/><W11/><G54/><T123/><D26/><U74/><E74/><V52/><F52/><W9/><G51/><T100/><D24/><U1/><E1/><V116/><F116/><W19/><G46/><T87/><D123/><U94/><AGARI ba="0,0" hai="33,35,79,83,85,86,88,94" m="37951,51273" machi="94" ten="30,6000,0" yaku="20,1,52,1,54,1" doraHai="76" who="1" fromWho="1" sc="361,-20,229,60,242,-20,168,-20" /><INIT seed="5,1,0,0,0,23" ten="341,289,222,148" oya="1" hai0="104,55,110,126,109,77,88,99,116,50,89,97,129" hai1="63,46,90,11,94,127,103,51,62,40,76,131,69" hai2="65,48,134,31,119,100,125,60,117,84,29,70,1" hai3="108,58,43,7,121,54,13,19,28,71,37,82,102"/><U101/><E127/><V67/><F1/><W81/><G108/><T56/><D116/><U17/><E131/><V36/><F36/><W95/><G121/><T21/><D77/><U16/><E76/><V10/><F100/><N who="1" m="38473" /><E69/><V26/><F134/><W122/><G122/><T120/><D104/><U44/><E44/><V86/><F125/><W111/><G111/><T45/><D120/><U33/><E33/><V39/><F39/><W64/><G7/><T61/><D126/><U93/><E93/><V32/><F10/><W85/><G71/><T79/><D79/><U72/><E72/><V133/><F133/><W24/><G64/><T42/><D129/><U27/><E11/><V73/><F73/><W30/><G37/><T41/><D41/><U8/><E8/><V112/><F32/><W105/><G43/><T135/><D110/><U34/><E34/><V115/><F70/><W57/><G105/><T114/><D135/><U113/><E113/><V107/><F107/><W0/><G0/><T91/><D114/><U6/><E6/><V3/><F3/><W59/><G54/><T66/><D109/><U18/><E27/><V9/><F9/><W80/><G24/><T52/><D21/><U83/><E83/><V78/><F26/><W12/><G12/><T128/><D128/><U74/><E74/><V130/><F130/><W25/><G25/><T118/><D118/><U38/><E38/><V124/><F124/><W15/><G15/><T92/><D92/><U75/><E75/><V68/><F68/><W96/><G85/><AGARI ba="1,0" hai="16,17,18,40,46,51,62,63,85,90,94" m="38473" machi="85" ten="30,2900,0" yaku="8,1,54,1" doraHai="23" who="1" fromWho="3" sc="341,0,289,32,222,0,148,-32" /><INIT seed="5,2,0,0,4,5" ten="341,321,222,116" oya="1" hai0="94,92,29,135,50,32,78,120,43,106,71,24,27" hai1="122,109,66,126,8,82,6,80,67,128,91,44,68" hai2="119,95,39,33,56,17,107,114,88,0,113,35,79" hai3="125,83,3,76,70,115,21,18,51,26,9,52,65"/><U53/><E122/><V104/><F119/><W130/><G115/><N who="2" m="44041" /><F39/><W20/><G125/><T102/><D78/><U132/><E126/><V15/><F0/><W123/><G123/><T75/><D27/><U87/><E128/><V16/><F79/><W111/><G130/><T14/><D75/><U86/><E132/><V99/><F56/><W98/><G111/><T1/><D1/><U118/><E118/><V61/><F61/><W64/><G70/><T129/><D50/><N who="1" m="28871" /><E68/><V28/><F17/><W127/><G127/><T19/><D19/><U101/><E101/><V59/><F59/><W134/><G134/><T42/><D102/><U38/><E38/><V105/><F28/><W7/><G21/><AGARI ba="2,0" hai="15,16,21,33,35,88,95,99,104,105,107" m="44041" machi="21" ten="40,8000,1" yaku="15,1,11,1,54,2" doraHai="5" who="2" fromWho="3" sc="341,0,321,0,222,86,116,-86" /><INIT seed="6,0,0,2,1,0" ten="341,321,308,30" oya="2" hai0="112,28,64,95,86,83,82,69,113,99,48,24,119" hai1="36,23,56,84,58,33,93,22,118,17,102,130,114" hai2="131,104,72,77,79,46,81,53,10,11,85,120,115" hai3="45,107,134,52,54,60,39,63,27,51,6,126,92"/><V108/><F120/><W9/><G107/><T20/><D119/><U109/><E109/><V5/><F104/><W125/><G134/><T87/><D48/><U29/><E118/><V94/><F115/><N who="0" m="44106" /><D83/><U75/><E114/><V132/><F132/><W41/><G27/><T70/><D64/><U74/><E36/><V105/><F105/><W135/><G135/><T71/><D82/><U16/><E130/><V34/><F34/><W123/><G123/><T73/><D73/><U103/><E33/><V4/><F131/><W127/><G92/><T15/><D15/><U106/><E106/><V19/><F108/><W78/><G78/><N who="2" m="29705" /><F72/><W13/><REACH who="3" step="1"/><G54/><REACH who="3" ten="341,321,308,20" step="2"/><T122/><D122/><U14/><E93/><V124/><F94/><W35/><G35/><T133/><D133/><U62/><E75/><V66/><F124/><W91/><G91/><AGARI ba="0,1" hai="20,24,28,69,70,71,86,87,91,95,99" m="44106" machi="91" ten="40,1300,0" yaku="15,1" doraHai="0" who="0" fromWho="3" sc="341,23,321,0,308,0,20,-13" /><INIT seed="7,0,0,3,1,14" ten="364,321,308,7" oya="3" hai0="31,12,4,0,87,115,74,28,78,11,52,102,105" hai1="10,106,23,70,86,116,9,98,41,89,57,42,34" hai2="107,108,127,80,26,128,131,120,50,73,77,134,129" hai3="22,58,13,53,36,93,118,24,132,71,54,25,123"/><W6/><G118/><T76/><D74/><U69/><E34/><V125/><F108/><W46/><G123/><T29/><D105/><U103/><E116/><V114/><F114/><W45/><G71/><T30/><D0/><U15/><E23/><V55/><F120/><W100/><G36/><T135/><D135/><U3/><E3/><V72/><F107/><W8/><G132/><T122/><D122/><U81/><E9/><V124/><F26/><W35/><G35/><T65/><D31/><U99/><E57/><N who="2" m="33015" /><F134/><W59/><G25/><T95/><D65/><U37/><E98/><V17/><F17/><N who="3" m="12367" /><G100/><T112/><D52/><N who="3" m="20073" /><G93/><T51/><D51/><U83/><E83/><V62/><F62/><W85/><G85/><AGARI ba="0,0" hai="72,73,77,80,85,124,125,127,128,129,131" m="33015" machi="85" ten="40,2600,0" yaku="18,1,19,1" doraHai="14" who="2" fromWho="3" sc="364,0,321,0,308,26,7,-26" owari="364,47.0,321,-8.0,334,13.0,-19,-52.0" /></mjloggm>