<mjloggm ver="2.3"><GO type="169" lobby="0"/><UN n0="%E6%8E%A8%E7%A9%BA%EF%BC%B0" n1="%E5%B0%B1%E6%B4%BB%E7%94%9F%40%E5%B7%9D%E6%9D%91%E8%BB%8D%E5%9B%A3" n2="%4C%61%73%6B%26%59%75" n3="%E3%81%84%E3%81%9F%E3%83%92%E3%83%AD" dan="16,18,17,17" rate="2171.09,2240.14,2193.70,2229.71" sx="F,M,M,M"/><TAIKYOKU oya="0"/><INIT seed="0,0,0,1,0,126" ten="250,250,250,250" oya="0" hai0="132,120,45,82,124,96,43,102,81,69,64,89,95" hai1="7,41,122,114,113,9,63,18,0,135,37,68,70" hai2="33,108,46,1,52,28,121,31,91,13,12,65,4" hai3="44,40,58,10,42,109,2,131,80,128,86,20,78"/><T56/><D120/><U16/><E122/><V74/><F121/><W26/><G109/><T93/><D124/><U73/><E73/><V119/><F74/><W53/><G10/><T118/><D69/><N who="1" m="26731" /><E135/><V106/><F106/><W3/><G3/><T6/><D132/><U17/><E63/><V60/><F108/><W75/><G2/><T99/><D6/><U22/><E41/><V103/><F103/><W39/><G42/><T71/><D71/><U127/><E37/><V84/><F119/><W34/><G34/><T123/><D118/><U61/><E61/><V88/><F1/><W72/><G72/><T76/><D123/><U57/><E57/><N who="2" m="37007" /><F33/><W36/><G36/><T15/><D15/><N who="2" m="5706" /><F4/><W38/><G38/><T100/><D56/><U27/><E127/><V110/><F110/><W23/><G75/><N who="0" m="43167" /><D64/><U19/><E0/><V112/><F112/><N who="1" m="43113" /><E7/><V14/><N who="2" m="5714" /><AGARI ba="0,0" hai="9,14,16,17,18,19,22,27" m="43113,26731" machi="14" ten="30,3900,0" yaku="3,1,11,1,54,1" doraHai="126" who="1" fromWho="2" sc="250,0,250,39,250,-39,250,0" /><INIT seed="1,0,0,2,0,96" ten="250,289,211,250" oya="1" hai0="110,34,25,12,31,62,29,118,126,4,128,51,135" hai1="79,59,80,56,7,93,64,117,17,18,23,52,121" hai2="24,82,40,39,111,95,103,60,92,44,50,71,9" hai3="76,129,119,107,46,15,27,19,8,108,43,32,120"/><U87/><E117/><V20/><F111/><W75/><G120/><T134/><D62/><N who="1" m="37959" /><E121/><V38/><F9/><W37/><G108/><T77/><D77/><U22/><E7/><V97/><F82/><W70/><G70/><T74/><D74/><U127/><E127/><V10/><F10/><W88/><G119/><T49/><D118/><U28/><E93/><V11/><F11/><W65/><G65/><T66/><D110/><U114/><E114/><V0/><F0/><W63/><G63/><T113/><D113/><U85/><E85/><V16/><REACH who="2" step="1"/><F95/><REACH who="2" ten="250,289,201,250" step="2"/><W100/><G8/><T116/><D116/><U21/><E28/><V109/><F109/><W125/><G125/><T90/><D126/><U58/><E58/><V98/><F98/><W45/><G107/><T104/><D104/><U53/><E53/><V89/><F89/><W48/><G88/><T105/><D90/><U61/><AGARI ba="0,1" hai="17,18,21,22,23,52,59,61,79,80,87" m="37959" machi="61" ten="30,3000,0" yaku="8,1,54,1" doraHai="96" who="1" fromWho="1" sc="250,-10,289,40,201,-10,250,-10" /><INIT seed="1,1,0,0,3,89" ten="240,329,191,240" oya="1" hai0="10,57,25,72,126,66,39,54,103,16,88,78,107" hai1="120,0,87,5,76,96,85,8,83,38,32,22,29" hai2="127,97,53,68,104,9,106,58,95,17,98,15,19" hai3="112,3,35,99,77,109,94,2,121,34,56,67,7"/><U49/><E120/><V105/><F68/><W129/><G121/><T135/><D39/><U113/><E113/><V132/><F132/><W18/><G112/><T69/><D135/><U111/><E32/><V26/><F127/><W27/><G77/><T24/><D126/><U14/><E38/><V61/><F97/><W52/><G109/><T110/><D110/><U133/><E133/><V79/><F79/><W131/><G67/><T90/><D69/><U108/><E87/><V71/><F71/><W134/><G134/><T48/><D66/><U43/><E96/><V59/><F59/><W75/><G75/><T80/><D103/><U20/><E20/><V45/><F45/><W70/><G70/><T28/><D107/><U37/><E37/><V92/><REACH who="2" step="1"/><F98/><REACH who="2" ten="240,329,181,240" step="2"/><W41/><G56/><T62/><D62/><U82/><E111/><V47/><F47/><W33/><G99/><T125/><D125/><U6/><E108/><V102/><F102/><W116/><G116/><T65/><D65/><U42/><E76/><V122/><F122/><W1/><G131/><T73/><D73/><U23/><E85/><V84/><F84/><W11/><G129/><T4/><D72/><U118/><E118/><V81/><F81/><W21/><G94/><T12/><D78/><U115/><E83/><V31/><F31/><W117/><G117/><T86/><D28/><U124/><E82/><V50/><F50/><W46/><G41/><T100/><D100/><U91/><E124/><V44/><F44/><W60/><G46/><T30/><D80/><U128/><E29/><V114/><F114/><RYUUKYOKU ba="1,1" sc="240,-15,329,-15,181,15,240,15" hai2="9,15,17,19,26,53,58,61,92,95,104,105,106" hai3="1,2,3,7,11,18,21,27,33,34,35,52,60" /><INIT seed="2,2,1,1,3,37" ten="225,314,196,255" oya="2" hai0="0,95,104,91,120,25,4,34,31,28,13,67,27" hai1="11,44,127,47,74,108,49,5,70,7,65,64,88" hai2="16,131,12,119,9,103,68,30,3,29,52,125,92" hai3="86,129,45,98,123,94,1,101,121,102,111,109,73"/><V99/><F119/><W23/><G1/><T43/><D104/><U130/><E74/><V63/><F125/><W96/><G23/><T56/><D120/><U6/><E127/><V110/><F131/><W78/><G45/><T133/><D0/><U24/><E130/><V124/><F124/><W69/><G69/><T59/><D133/><U72/><E72/><V21/><F110/><W117/><G73/><T18/><D4/><U50/><E70/><V126/><F126/><W85/><G129/><T35/><D67/><U105/><E105/><V22/><F68/><W71/><G71/><T62/><D62/><U60/><E11/><V87/><F87/><W2/><G2/><T106/><D106/><U17/><E60/><V93/><F93/><W113/><G113/><T90/><D43/><N who="1" m="24735" /><E108/><N who="3" m="41546" /><G117/><T15/><D95/><U107/><E107/><V89/><F103/><N who="3" m="39435" /><G94/><T118/><D118/><U116/><E116/><V75/><F75/><W32/><G32/><T42/><D42/><N who="1" m="24951" /><E88/><N who="2" m="55687" /><F3/><W66/><G66/><T100/><D100/><U114/><E114/><V46/><F89/><W26/><G86/><T14/><D91/><U8/><E8/><V112/><F112/><W79/><G85/><T132/><D90/><U115/><E115/><V82/><F82/><W83/><G83/><T40/><D35/><U36/><E36/><V61/><F61/><W58/><G121/><T57/><D34/><U80/><E80/><V48/><F63/><W53/><G123/><T38/><D38/><U97/><E97/><V54/><F54/><W41/><G98/><T51/><D51/><U77/><E77/><RYUUKYOKU ba="2,1" sc="225,-15,314,15,196,15,255,-15" hai1="5,6,7,17,24,64,65" hai2="9,12,16,21,22,29,30,46,48,52" /><INIT seed="2,3,1,2,3,101" ten="210,329,211,240" oya="2" hai0="0,134,5,74,65,2,84,27,113,33,85,48,111" hai1="18,75,128,62,15,73,76,109,32,53,131,42,61" hai2="39,119,46,11,110,34,86,83,118,108,102,72,106" hai3="81,88,112,24,52,127,92,122,82,12,66,10,45"/><V71/><F71/><W41/><G122/><T7/><D74/><N who="1" m="28171" /><E32/><V28/><F72/><W77/><G127/><T94/><D113/><U38/><E76/><N who="2" m="46439" /><F11/><W37/><G112/><T114/><D114/><U91/><E91/><V43/><F28/><W70/><G77/><T79/><D65/><U117/><E117/><V104/><F34/><W40/><G40/><T60/><D79/><U29/><E29/><V89/><F89/><W56/><G24/><T135/><D33/><U50/><E42/><V93/><F93/><W130/><G130/><N who="1" m="49706" /><E38/><V6/><F6/><W13/><G13/><T116/><D116/><N who="2" m="44586" /><F102/><W98/><G66/><T78/><D78/><U16/><E109/><AGARI ba="3,1" hai="39,43,46,104,106,108,109,110" m="44586,46439" machi="109" ten="30,11600,0" yaku="14,1,10,1,52,2" doraHai="101" who="2" fromWho="1" sc="210,0,329,-125,211,135,240,0" /><INIT seed="2,4,0,2,0,86" ten="210,204,346,240" oya="2" hai0="135,36,81,79,110,22,132,2,113,46,130,18,21" hai1="9,119,52,133,107,25,35,10,128,5,13,123,4" hai2="131,108,44,41,90,68,102,69,58,99,59,28,54" hai3="82,49,91,31,85,106,104,92,66,26,57,98,71"/><V111/><F28/><W65/><G71/><N who="2" m="27209" /><F102/><W97/><G97/><T51/><D113/><U120/><E107/><V15/><F15/><W30/><G30/><T39/><D2/><U127/><E119/><V47/><F99/><W34/><G66/><T62/><D62/><U48/><E128/><V95/><F131/><W63/><REACH who="3" step="1"/><G49/><REACH who="3" ten="210,204,346,230" step="2"/><T117/><D130/><U43/><E127/><V11/><F111/><W101/><AGARI ba="4,1" hai="26,31,34,57,63,65,82,85,91,92,98,101,104,106" machi="101" ten="20,8000,1" yaku="1,1,2,1,0,1,7,1,52,1,53,0" doraHai="86" doraHaiUra="0" who="3" fromWho="3" sc="210,-24,204,-24,346,-44,230,102" /><INIT seed="3,0,0,5,0,60" ten="186,180,302,332" oya="3" hai0="43,39,1,135,45,107,73,31,27,3,63,127,94" hai1="6,46,109,10,9,57,34,40,134,52,13,21,82" hai2="105,29,89,121,59,50,44,125,68,17,24,99,124" hai3="74,91,18,88,54,80,96,16,119,112,70,122,76"/><W108/><G122/><T79/><D135/><U19/><E34/><V97/><F68/><W55/><G119/><T15/><D127/><N who="2" m="48714" /><F59/><W100/><G70/><T133/><D133/><U93/><E109/><V90/><F17/><W118/><G118/><T2/><D15/><U8/><E134/><V47/><F121/><W130/><G112/><T30/><D94/><U98/><E82/><V128/><F128/><W114/><G114/><T126/><D126/><U129/><E129/><V51/><F51/><W20/><G108/><T0/><N who="0" m="0" /><DORA hai="56" /><T103/><D63/><U62/><E40/><N who="2" m="24839" /><F47/><W81/><G18/><T33/><D30/><U64/><E46/><V71/><F71/><W66/><G66/><T4/><D4/><U72/><E72/><V25/><F25/><W65/><G65/><T35/><D35/><U67/><E6/><V75/><F75/><W106/><G130/><T104/><REACH who="0" step="1"/><D103/><AGARI ba="0,0" hai="8,9,10,13,19,21,52,57,62,64,67,93,98,103" machi="103" ten="40,8000,1" yaku="8,1,52,3,54,1" doraHai="60,56" who="1" fromWho="0" sc="186,-80,180,80,302,0,332,0" /><INIT seed="4,0,0,3,3,7" ten="106,260,302,332" oya="0" hai0="29,68,22,116,104,134,76,18,129,92,58,115,123" hai1="82,119,48,41,100,19,70,106,54,12,16,133,17" hai2="25,40,98,14,122,95,120,80,10,28,5,11,45" hai3="72,101,130,78,9,109,83,91,75,73,38,121,131"/><T60/><D104/><U59/><E119/><V46/><F80/><W112/><G38/><T102/><D123/><U64/><E133/><V4/><F122/><W21/><G121/><T93/><D116/><U132/><E132/><V26/><F120/><W79/><G21/><T86/><D134/><U39/><E82/><V71/><F71/><W24/><G24/><T125/><D68/><U51/><E51/><V127/><F127/><W27/><G27/><T81/><D125/><U89/><E89/><V1/><F40/><W105/><G109/><T53/><D129/><U87/><E87/><V13/><F1/><W110/><G110/><T96/><D115/><U31/><E31/><V8/><F8/><W74/><G9/><T99/><D29/><U114/><E114/><V97/><F95/><W47/><G47/><T113/><D113/><U107/><E100/><V42/><F42/><W84/><G112/><T63/><D63/><N who="1" m="40223" /><E12/><V55/><F55/><W128/><G75/><T67/><D67/><U108/><E108/><V135/><F135/><W94/><G78/><T69/><D69/><U61/><E61/><V66/><F66/><W117/><G117/><T118/><D118/><U111/><E111/><V44/><REACH who="2" step="1"/><F25/><REACH who="2" ten="106,260,292,332" step="2"/><W126/><G126/><T43/><D43/><U33/><E41/><V49/><F49/><W56/><G56/><T37/><D37/><U62/><E39/><V34/><AGARI ba="0,1" hai="4,5,10,11,13,14,26,28,34,44,45,46,97,98" machi="34" ten="30,12000,2" yaku="1,1,0,1,9,1,52,2,53,2" doraHai="7" doraHaiUra="3" who="2" fromWho="2" sc="106,-60,260,-30,292,130,332,-30" /><INIT seed="5,0,0,0,1,33" ten="46,230,422,302" oya="1" hai0="93,31,12,18,44,131,63,51,70,124,60,94,99" hai1="24,55,123,100,4,89,26,64,67,13,128,58,78" hai2="7,107,49,66,132,86,72,118,79,111,103,87,81" hai3="110,84,120,43,29,130,35,28,112,56,45,85,39"/><U121/><E128/><V57/><F7/><W83/><G120/><T37/><D37/><U3/><E100/><V10/><F10/><W76/><G110/><T135/><D131/><U47/><E78/><V59/><F49/><W20/><G130/><T119/><D119/><U74/><E74/><V97/><F66/><W125/><G112/><T22/><D135/><U15/><E89/><V41/><F41/><W105/><G105/><T69/><D124/><U134/><E47/><V36/><F36/><W53/><G125/><T50/><D70/><U65/><E134/><V21/><F21/><W14/><G35/><T91/><D69/><U30/><E13/><V106/><F132/><W104/><G104/><T27/><D94/><U2/><E15/><V25/><F25/><W34/><G34/><T8/><REACH who="0" step="1"/><D51/><REACH who="0" ten="36,230,422,302" step="2"/><U77/><E121/><V116/><F107/><W17/><G85/><T32/><D32/><U0/><E123/><V71/><F71/><W98/><G98/><T16/><D16/><U109/><E109/><V9/><F86/><W48/><AGARI ba="0,1" hai="14,17,20,28,29,39,43,45,48,53,56,76,83,84" machi="48" ten="20,1500,0" yaku="0,1,7,1" doraHai="33" who="3" fromWho="3" sc="36,-4,230,-7,422,-4,302,25" /><INIT seed="6,0,0,3,4,71" ten="32,223,418,327" oya="2" hai0="101,66,119,68,135,117,25,72,124,90,92,130,88" hai1="26,116,19,94,129,38,126,74,36,123,0,18,120" hai2="105,49,46,27,23,112,13,67,21,12,41,89,44" hai3="55,86,63,100,56,114,75,97,127,91,80,115,96"/><V15/><F105/><W98/><G127/><T60/><D124/><U128/><E126/><V84/><F112/><N who="3" m="43051" /><G75/><T102/><D25/><U37/><E74/><V113/><F113/><W48/><G48/><T42/><D72/><U122/><E116/><V73/><F73/><W57/><G57/><T8/><D8/><U20/><E0/><V111/><F111/><W106/><AGARI ba="0,0" hai="55,56,63,80,86,91,96,97,98,100,106" m="43051" machi="106" ten="30,2000,0" yaku="15,1,11,1" doraHai="71" who="3" fromWho="3" sc="32,-5,223,-5,418,-10,327,20" /><INIT seed="7,0,0,5,5,28" ten="27,218,408,347" oya="3" hai0="111,3,12,32,52,11,56,103,100,91,87,96,44" hai1="6,112,101,9,122,53,34,82,42,114,67,89,46" hai2="76,18,72,110,39,94,54,135,23,99,8,40,41" hai3="30,121,88,125,107,93,25,7,113,65,26,37,21"/><W104/><G121/><T62/><D3/><U47/><E101/><V20/><F110/><W120/><G120/><T78/><D111/><U117/><E34/><V98/><F39/><W38/><G113/><T50/><D78/><U60/><E122/><V81/><F135/><W109/><G109/><T22/><D22/><U68/><E117/><V70/><F70/><W55/><G7/><T79/><D79/><U128/><E128/><V86/><F72/><W123/><G123/><T48/><D48/><U4/><E89/><N who="2" m="55631" /><F99/><W66/><G125/><T83/><D96/><U77/><E53/><V116/><F116/><W75/><G75/><T71/><D71/><U27/><E27/><N who="2" m="14743" /><F8/><W16/><G38/><T105/><D105/><U58/><E47/><V130/><F130/><W31/><G37/><T5/><D32/><U74/><E4/><V126/><F126/><W92/><G55/><T59/><D59/><U0/><E58/><V64/><F64/><W131/><G131/><T36/><D36/><AGARI ba="0,0" hai="0,6,9,36,42,46,60,67,68,74,77,82,112,114" machi="36" ten="40,8000,1" yaku="25,2,23,2" doraHai="28" who="1" fromWho="0" sc="27,-80,218,80,408,0,347,0" owari="-53,-55.0,298,-10.0,408,50.0,347,15.0" /></mjloggm>