<mjloggm ver="2.3"><GO type="225" lobby="0"/><UN n0="%E3%82%B8%E3%83%A7%E3%83%BC%E3%82%BF%E3%82%AF%E3%83%8F%E3%82%A4" n1="%E5%B0%B1%E6%B4%BB%E7%94%9F%40%E5%B7%9D%E6%9D%91%E8%BB%8D%E5%9B%A3" n2="%E3%83%A9%E3%82%A4%E3%82%AB%40" n3="%6C%6F%4A%61%73%6B%69%6E" dan="16,18,16,17" rate="2125.96,2155.69,2059.92,2170.47" sx="F,M,M,M"/><TAIKYOKU oya="0"/><INIT seed="0,0,0,1,1,50" ten="250,250,250,250" oya="0" hai0="26,103,86,96,45,68,13,98,18,32,21,60,83" hai1="22,15,54,12,99,80,67,108,116,51,95,70,35" hai2="125,101,40,10,59,64,120,16,56,100,90,41,76" hai3="46,79,115,135,47,44,126,72,20,89,42,94,19"/><T127/><D127/><U92/><E35/><V29/><F120/><W122/><G115/><T124/><D124/><U34/><E116/><V57/><F125/><W112/><G126/><T17/><D45/><U5/><E34/><V81/><F64/><W53/><G112/><T82/><D82/><U11/><E108/><V7/><F90/><W104/><G104/><T71/><D60/><U23/><E67/><V130/><F130/><W74/><G135/><T39/><D39/><U63/><E63/><V114/><F114/><W118/><G79/><T77/><D96/><U84/><E15/><N who="2" m="7287" /><F7/><W1/><G1/><T31/><REACH who="0" step="1"/><D18/><REACH who="0" ten="240,250,250,250" step="2"/><U107/><E70/><V24/><F81/><W49/><G122/><T129/><D129/><U69/><E69/><V2/><F29/><W30/><G30/><T36/><D36/><U28/><E28/><V88/><F57/><W43/><G118/><T105/><AGARI ba="0,1" hai="13,17,21,26,31,32,68,71,77,83,86,98,103,105" machi="105" ten="20,3900,0" yaku="1,1,0,1,7,1,53,0" doraHai="50" doraHaiUra="131" who="0" fromWho="0" sc="240,49,250,-13,250,-13,250,-13" /><INIT seed="0,1,0,5,0,35" ten="289,237,237,237" oya="0" hai0="101,54,72,64,75,118,9,129,96,25,18,95,134" hai1="36,30,63,82,102,59,14,49,120,17,61,122,28" hai2="26,66,50,0,135,37,41,70,111,27,89,56,40" hai3="13,86,7,126,124,106,1,45,34,39,22,78,11"/><T105/><D118/><U83/><E36/><V42/><F111/><W47/><G106/><T107/><D134/><U88/><E102/><V100/><F135/><W74/><G34/><T3/><D129/><U55/><E120/><V132/><F132/><W81/><G86/><T80/><D64/><U109/><E109/><V76/><F89/><W24/><G13/><T21/><D54/><U119/><E119/><V31/><F100/><W10/><G10/><T67/><D67/><U97/><E122/><V130/><F130/><W4/><G4/><T93/><D93/><N who="1" m="56487" /><E61/><N who="2" m="40271" /><F76/><W84/><G84/><T8/><D8/><N who="1" m="6343" /><E63/><V90/><F90/><W113/><G113/><T108/><D108/><U98/><E98/><V71/><F71/><W19/><REACH who="3" step="1"/><G39/><REACH who="3" ten="289,237,237,227" step="2"/><T44/><D107/><U103/><E103/><V20/><F37/><W79/><G79/><T114/><D105/><U133/><E133/><V92/><F26/><W58/><G58/><T94/><D75/><U91/><E91/><V112/><F56/><W62/><G62/><T16/><D72/><U2/><E2/><V131/><F0/><W116/><G116/><T6/><D114/><U69/><E69/><V117/><F112/><W23/><G23/><T110/><D110/><U128/><E128/><V68/><F131/><W29/><G29/><AGARI ba="1,1" hai="28,29,30,49,55,59,82,83" m="6343,56487" machi="29" ten="30,2000,0" yaku="8,1,54,1" doraHai="35" who="1" fromWho="3" sc="289,0,237,33,237,0,227,-23" /><INIT seed="1,0,0,3,3,108" ten="289,270,237,204" oya="1" hai0="59,53,114,129,94,85,44,10,6,34,97,99,27" hai1="7,72,115,117,47,125,110,71,9,62,93,66,68" hai2="55,81,126,60,48,77,89,64,42,25,36,106,96" hai3="16,101,8,32,86,132,131,52,38,5,83,15,57"/><U29/><E72/><V0/><F126/><W118/><G132/><T2/><D114/><U128/><E117/><V124/><F124/><W22/><G118/><T39/><D129/><U23/><E128/><V46/><F0/><W43/><G131/><T65/><D65/><U92/><E68/><V87/><F25/><W58/><G32/><T12/><D2/><U70/><E71/><N who="2" m="42375" /><F106/><W80/><G58/><T20/><D34/><U67/><E115/><V49/><F49/><N who="3" m="30863" /><G38/><T51/><D39/><U79/><E67/><V127/><F127/><W45/><G101/><T17/><D59/><U73/><E125/><V14/><F14/><N who="3" m="9495" /><G43/><T63/><D63/><U88/><E47/><V107/><F107/><W82/><G45/><T26/><D26/><U91/><E79/><AGARI ba="0,0" hai="5,8,15,79,80,82,83,86" m="9495,30863" machi="79" ten="30,3900,0" yaku="8,1,54,2" doraHai="108" who="3" fromWho="1" sc="289,0,270,-39,237,0,204,39" /><INIT seed="2,0,0,2,0,103" ten="289,231,237,243" oya="2" hai0="79,5,93,12,104,6,122,54,99,62,121,63,53" hai1="0,3,67,9,30,11,7,35,36,127,130,10,52" hai2="32,118,78,90,76,120,23,13,75,26,84,85,68" hai3="101,59,107,2,109,124,15,66,88,45,70,94,71"/><V49/><F118/><W128/><G2/><N who="1" m="554" /><E36/><V33/><F120/><W125/><G109/><T91/><D104/><U20/><E67/><V64/><F13/><W39/><G128/><T112/><D112/><U58/><E58/><V102/><F102/><W40/><G59/><T28/><D79/><U129/><E52/><N who="0" m="20073" /><D122/><U92/><E92/><V69/><F75/><W37/><G37/><T18/><D28/><U43/><E43/><V19/><F49/><W83/><G66/><T110/><D110/><U132/><E132/><V89/><F64/><W81/><G15/><T1/><D1/><N who="1" m="239" /><E35/><V38/><F38/><W82/><G101/><T8/><D121/><U80/><E80/><V117/><F69/><W73/><G107/><T31/><D31/><U87/><E87/><V74/><F68/><W100/><G100/><T114/><D114/><U44/><E44/><V106/><F106/><W98/><G73/><T29/><D29/><U56/><E56/><V115/><F74/><W48/><G39/><T25/><D63/><U133/><E133/><V86/><F115/><W50/><G50/><T135/><D62/><U108/><E108/><V116/><F117/><W47/><G47/><T97/><D135/><U61/><E61/><V131/><F116/><W119/><G119/><T51/><D51/><U111/><E111/><V24/><F78/><W96/><G96/><T21/><D99/><U22/><E127/><AGARI ba="0,0" hai="40,45,48,70,71,81,82,83,88,94,98,124,125,127" machi="127" ten="40,2600,0" yaku="18,1,54,1" doraHai="103" who="3" fromWho="1" sc="289,0,231,-26,237,0,243,26" /><INIT seed="3,0,0,3,3,88" ten="289,205,237,269" oya="3" hai0="89,39,80,3,69,34,114,128,131,26,132,115,135" hai1="57,7,125,38,51,29,44,56,122,40,52,112,83" hai2="31,121,9,24,95,68,108,127,27,32,102,63,16" hai3="79,61,66,23,30,130,103,10,58,111,117,28,110"/><W1/><G117/><T43/><D69/><U49/><E122/><V77/><F108/><N who="3" m="41515" /><G130/><N who="0" m="49707" /><D3/><U119/><E112/><N who="0" m="43049" /><D43/><U62/><E119/><V101/><F127/><W107/><G79/><T15/><D39/><U11/><E125/><V65/><F77/><W17/><G10/><T78/><D89/><U123/><E123/><V73/><F73/><W60/><G1/><T45/><D45/><U104/><E104/><V120/><F121/><W97/><G61/><T67/><D67/><U21/><E83/><V109/><F109/><W25/><AGARI ba="0,0" hai="17,23,25,28,30,58,60,66,97,103,107" m="41515" machi="25" ten="30,3000,0" yaku="14,1,10,1" doraHai="88" who="3" fromWho="3" sc="289,-10,205,-10,237,-10,269,30" /><INIT seed="3,1,0,4,3,13" ten="279,195,227,299" oya="3" hai0="122,59,7,75,78,85,0,5,46,129,81,6,86" hai1="70,16,50,113,63,36,124,115,48,96,132,116,134" hai2="51,52,89,84,65,126,87,11,33,66,107,71,128" hai3="77,135,108,131,93,12,73,39,123,67,3,25,30"/><W18/><G123/><T54/><D122/><U60/><E36/><V76/><F128/><W95/><G39/><T83/><D129/><U21/><E96/><V17/><F126/><W38/><G38/><T103/><D75/><U64/><E63/><V55/><F33/><W35/><G3/><T2/><D103/><U47/><E124/><V58/><F107/><W105/><G105/><T24/><D46/><U101/><E101/><V4/><F71/><W121/><G135/><N who="1" m="51754" /><E116/><V42/><F42/><W37/><G37/><T15/><D24/><N who="1" m="14375" /><E50/><V44/><F76/><W98/><G121/><T43/><D43/><AGARI ba="1,0" hai="43,47,48,60,64,70,113,115" m="14375,51754" machi="43" ten="30,3900,0" yaku="20,1,52,1,54,1" doraHai="13" who="1" fromWho="0" sc="279,-42,195,42,227,0,299,0" /><INIT seed="4,0,0,2,4,7" ten="237,237,227,299" oya="0" hai0="41,111,28,95,54,122,72,90,39,58,62,29,30" hai1="82,103,21,57,74,45,121,53,22,124,70,98,116" hai2="56,24,11,1,123,92,68,27,2,18,87,76,118" hai3="64,51,133,47,8,89,99,88,38,115,37,48,126"/><T135/><D122/><U35/><E70/><V0/><F123/><W120/><G115/><T109/><D72/><U32/><E121/><V49/><F68/><W128/><G126/><T9/><D135/><U78/><E124/><V50/><F118/><W26/><G51/><T94/><D39/><U23/><E45/><V113/><F113/><W66/><G133/><T71/><D41/><U19/><E116/><V110/><F110/><N who="0" m="41994" /><D71/><U25/><E35/><V130/><F130/><W114/><G114/><T107/><D107/><U20/><E32/><V46/><F56/><W73/><G73/><T42/><D42/><U134/><E134/><V93/><F46/><W14/><G38/><T75/><D75/><U33/><E33/><V125/><F125/><W16/><G37/><T59/><D59/><U127/><E127/><V105/><F105/><W77/><G77/><T6/><D90/><N who="3" m="34921" /><G128/><T83/><D83/><U10/><E57/><V85/><F76/><W129/><G129/><T69/><D69/><U104/><E53/><V102/><F102/><W101/><G120/><T52/><D54/><U65/><E65/><V36/><F36/><W81/><G81/><T40/><D40/><U80/><E80/><V31/><F92/><N who="3" m="58599" /><G26/><T106/><D106/><U5/><N who="1" m="5120" /><DORA hai="100" /><U117/><E117/><V91/><F24/><W119/><G119/><T44/><D44/><U13/><REACH who="1" step="1"/><E25/><REACH who="1" ten="237,227,227,299" step="2"/><V60/><F27/><W63/><G63/><T61/><D61/><U3/><E3/><AGARI ba="0,1" hai="3,6,9,28,29,30,52,58,62,94,95" m="41994" machi="3" ten="30,5800,0" yaku="10,1,52,1,54,1" doraHai="7,100" who="0" fromWho="1" sc="237,68,227,-58,227,0,299,0" owari="305,40.0,169,-33.0,227,-17.0,299,10.0" /></mjloggm>