<mjloggm ver="2.3"><GO type="169" lobby="0"/><UN n0="%4D%75%72%70%68%79" n1="%E5%B0%B1%E6%B4%BB%E7%94%9F%40%E5%B7%9D%E6%9D%91%E8%BB%8D%E5%9B%A3" n2="%4D%4F%44" n3="%61%68%68%68%68%68%68%61" dan="17,17,16,16" rate="2182.42,2154.59,2075.64,2148.95" sx="M,M,F,M"/><TAIKYOKU oya="0"/><INIT seed="0,0,0,3,5,36" ten="250,250,250,250" oya="0" hai0="116,35,101,93,45,84,26,60,95,2,97,90,111" hai1="96,77,131,70,98,57,46,54,4,81,41,108,12" hai2="129,48,132,92,124,106,34,63,121,8,1,0,66" hai3="31,6,134,19,10,11,87,37,7,89,73,17,33"/><T24/><D116/><U128/><E70/><V91/><F121/><W40/><G73/><T123/><D123/><U30/><E30/><V27/><F124/><W50/><G37/><T42/><D2/><U44/><E44/><V75/><F132/><W135/><G50/><T62/><D111/><U79/><E108/><V74/><F106/><W38/><G38/><T49/><D35/><U110/><E110/><V25/><F129/><N who="1" m="49737" /><E12/><V18/><F48/><W113/><G89/><T21/><REACH who="0" step="1"/><D26/><REACH who="0" ten="240,250,250,250" step="2"/><U9/><E4/><V43/><F34/><W104/><G6/><T82/><D82/><U29/><E29/><AGARI ba="0,1" hai="21,24,29,42,45,49,60,62,84,90,93,95,97,101" machi="29" ten="30,11600,0" yaku="1,1,7,1,8,1,52,1,53,0" doraHai="36" doraHaiUra="127" who="0" fromWho="1" sc="240,126,250,-116,250,0,250,0" /><INIT seed="0,1,0,3,5,5" ten="366,134,250,250" oya="0" hai0="92,125,112,48,121,49,13,96,29,32,93,44,110" hai1="18,71,38,12,84,108,14,99,47,0,9,122,107" hai2="129,81,6,104,79,8,22,114,130,50,90,19,37" hai3="72,62,103,35,4,80,24,66,67,1,43,65,86"/><T25/><D112/><U131/><E71/><V27/><F37/><W51/><G72/><T82/><D121/><U135/><E122/><V21/><F104/><W54/><G103/><T118/><D118/><U123/><E123/><V69/><F69/><W53/><G1/><T30/><D125/><U134/><E0/><V127/><F114/><W76/><G4/><T83/><D110/><U61/><E108/><V64/><F64/><W16/><G35/><T41/><D30/><U55/><E131/><N who="2" m="50187" /><F127/><W11/><G62/><T57/><D93/><U28/><E28/><V128/><F22/><N who="3" m="13383" /><G11/><T94/><D94/><U102/><E84/><V97/><F50/><W101/><G101/><T23/><D13/><U116/><E116/><V63/><F63/><W73/><G73/><T85/><D85/><U133/><E14/><V87/><F128/><W89/><G76/><T74/><D32/><U15/><E15/><N who="2" m="5527" /><F97/><W120/><G120/><T17/><D74/><U106/><E38/><V117/><F117/><W7/><G7/><T56/><D49/><N who="1" m="29119" /><E61/><V100/><F100/><W2/><G2/><T26/><D48/><U58/><E58/><V59/><F59/><W20/><G20/><N who="0" m="13455" /><D56/><U124/><E124/><V105/><F105/><AGARI ba="1,0" hai="9,12,18,99,102,105,106,107,133,134,135" m="29119" machi="105" ten="30,2000,0" yaku="20,1,52,1" doraHai="5" who="1" fromWho="2" sc="366,0,134,23,250,-23,250,0" /><INIT seed="1,0,0,2,2,71" ten="366,157,227,250" oya="1" hai0="36,62,51,91,112,125,102,106,83,3,40,21,127" hai1="57,116,64,33,66,13,11,27,45,95,133,107,55" hai2="109,128,77,105,4,9,34,132,2,72,96,97,117" hai3="18,7,54,38,103,48,53,1,119,28,123,120,135"/><U19/><E107/><V47/><F117/><W49/><G119/><T35/><D35/><U39/><E116/><V110/><F128/><W126/><G28/><T8/><D21/><U68/><E68/><V108/><F132/><W134/><G103/><T129/><D91/><U65/><E133/><N who="3" m="50698" /><G18/><T30/><D30/><U31/><E95/><V100/><F34/><W37/><G7/><T131/><D83/><U0/><E0/><V82/><F97/><W56/><G1/><T43/><D8/><U75/><E75/><V6/><F6/><W16/><G16/><T78/><D78/><U32/><E32/><V58/><F58/><N who="3" m="33063" /><G126/><N who="0" m="48139" /><D3/><U25/><E25/><V90/><F90/><W74/><G74/><T73/><D73/><U86/><E86/><V94/><F94/><W98/><G98/><T84/><D84/><U22/><E33/><V115/><REACH who="2" step="1"/><F47/><REACH who="2" ten="366,157,217,250" step="2"/><W44/><G44/><N who="0" m="23559" /><D102/><U70/><E70/><V113/><AGARI ba="0,1" hai="2,4,9,72,77,82,96,100,105,108,109,110,113,115" machi="113" ten="40,8000,1" yaku="1,1,0,1,14,1,23,2,53,0" doraHai="71" doraHaiUra="88" who="2" fromWho="2" sc="366,-20,157,-40,217,90,250,-20" /><INIT seed="2,0,0,5,0,75" ten="346,117,307,230" oya="2" hai0="79,132,102,16,128,76,52,134,29,94,77,11,43" hai1="4,70,0,39,92,62,110,49,133,96,20,51,105" hai2="27,109,106,95,131,69,89,36,103,12,57,99,112" hai3="41,34,32,44,84,87,10,135,26,73,46,33,25"/><V85/><F112/><W111/><G73/><T124/><D43/><U101/><E39/><V38/><F69/><W6/><G111/><T21/><D29/><U48/><E110/><V5/><F109/><W90/><G135/><N who="0" m="51755" /><D124/><U19/><E133/><V97/><F131/><W117/><G117/><T113/><D128/><U93/><E0/><V107/><F27/><W64/><G64/><T31/><D113/><U47/><E4/><V3/><F3/><W60/><G60/><T83/><D31/><U116/><E116/><V91/><F57/><W74/><G74/><T61/><D11/><U28/><E28/><V80/><REACH who="2" step="1"/><F107/><REACH who="2" ten="346,117,297,230" step="2"/><W55/><G26/><N who="0" m="14631" /><D102/><U104/><E104/><V123/><F123/><W71/><G25/><T13/><D13/><U7/><E105/><V63/><F63/><W127/><G71/><T122/><D122/><U66/><E101/><V115/><F115/><W37/><G127/><T98/><D61/><U42/><E62/><V114/><F114/><W59/><G59/><T130/><D130/><U24/><E70/><V9/><AGARI ba="0,1" hai="5,9,12,36,38,80,85,89,91,95,97,99,103,106" machi="9" ten="30,3000,0" yaku="1,1,0,1,53,0" doraHai="75" doraHaiUra="53" who="2" fromWho="2" sc="346,-10,117,-10,297,40,230,-10" /><INIT seed="2,1,0,0,4,45" ten="336,107,337,220" oya="2" hai0="13,28,64,47,39,17,40,94,105,81,33,124,9" hai1="92,32,20,55,5,67,36,7,85,115,68,0,113" hai2="93,120,42,95,66,117,86,109,106,70,122,50,35" hai3="132,59,127,26,41,11,56,51,15,129,48,128,112"/><V107/><F117/><W121/><G121/><T6/><D105/><U83/><E32/><V114/><F114/><W104/><G104/><T97/><D124/><U43/><E55/><V21/><F21/><W34/><G127/><T19/><D64/><U62/><E85/><V134/><F86/><W27/><G112/><T8/><D81/><U1/><E92/><V98/><F42/><W116/><G116/><T69/><D69/><U65/><E83/><V91/><F70/><W25/><G34/><T135/><D135/><U37/><E20/><V63/><F35/><W71/><G71/><T89/><D28/><U131/><E68/><V60/><F91/><W3/><G3/><T87/><D33/><U126/><E62/><V29/><F66/><W130/><G132/><T44/><D44/><U100/><E43/><V72/><F134/><W49/><G41/><T61/><D61/><U46/><E46/><V118/><F109/><W88/><G88/><T102/><D9/><U30/><E30/><V119/><F72/><W123/><G123/><T76/><D76/><U78/><E126/><V23/><F29/><W84/><G84/><T31/><D31/><U54/><E54/><V96/><F23/><W99/><G99/><T53/><D53/><U110/><E78/><V4/><F4/><AGARI ba="1,0" hai="4,11,15,25,26,27,48,49,51,56,59,128,129,130" machi="4" ten="50,12000,2" yaku="29,2,19,1,52,3" doraHai="45" who="3" fromWho="2" sc="336,0,107,0,337,-123,220,123" /><INIT seed="3,0,0,3,5,90" ten="336,107,214,343" oya="3" hai0="80,77,6,109,44,93,43,34,85,22,100,97,18" hai1="108,42,13,87,8,36,38,129,88,83,0,101,40" hai2="49,61,131,113,116,1,70,99,62,39,65,45,54" hai3="48,14,23,47,123,63,132,2,73,74,16,28,75"/><W130/><G123/><T26/><D109/><U35/><E0/><V19/><F1/><W96/><G2/><T67/><D67/><U56/><E108/><V117/><F19/><W29/><G132/><T69/><D69/><U7/><E129/><V103/><F113/><W46/><G130/><T89/><D34/><U106/><E35/><V51/><F131/><W121/><G121/><T120/><D120/><U111/><E111/><V105/><F62/><W107/><G63/><T55/><D55/><U60/><E38/><V17/><F51/><W110/><G110/><T124/><D124/><U72/><E72/><V3/><F3/><W57/><G57/><T30/><D6/><U95/><E106/><V92/><F105/><W125/><G125/><T102/><REACH who="0" step="1"/><D30/><REACH who="0" ten="326,107,214,343" step="2"/><U76/><E36/><AGARI ba="0,1" hai="18,22,26,36,43,44,77,80,85,89,93,97,100,102" machi="36" ten="30,7700,0" yaku="1,1,2,1,7,1,52,1,53,0" doraHai="90" doraHaiUra="128" who="0" fromWho="1" sc="326,87,107,-77,214,0,343,0" /><INIT seed="4,0,0,4,0,11" ten="413,30,214,343" oya="0" hai0="88,3,33,72,42,105,87,5,14,48,85,60,38" hai1="73,130,78,12,124,59,64,54,41,24,131,37,95" hai2="9,120,112,111,102,76,134,86,122,96,74,109,133" hai3="35,6,2,129,110,0,55,99,31,93,104,116,135"/><T119/><D119/><U100/><E124/><V71/><F71/><W61/><G116/><T43/><D38/><U69/><E24/><V103/><F9/><W62/><G110/><N who="2" m="41993" /><F74/><W81/><G104/><T10/><D72/><U53/><E73/><V44/><F44/><W82/><G135/><N who="2" m="51721" /><F112/><W63/><G129/><N who="1" m="49162" /><E78/><V23/><F23/><W77/><G35/><T1/><D105/><U4/><E100/><N who="2" m="38443" /><F96/><W113/><G99/><T58/><D33/><U118/><E118/><V80/><AGARI ba="0,0" hai="76,80,86,120,122" m="38443,51721,41993" machi="80" ten="40,5200,0" yaku="20,1,34,2" doraHai="11" who="2" fromWho="2" sc="413,-26,30,-13,214,52,343,-13" /><INIT seed="5,0,0,3,5,5" ten="387,17,266,330" oya="1" hai0="41,124,75,125,84,86,112,55,36,66,76,44,45" hai1="106,22,28,70,107,62,72,24,40,13,133,97,4" hai2="101,48,92,100,131,98,130,43,119,126,115,25,90" hai3="128,42,80,94,21,63,34,123,26,85,102,83,16"/><U96/><E72/><V114/><F119/><W50/><G123/><T30/><D112/><N who="2" m="43050" /><F25/><W59/><G34/><T91/><D66/><U58/><E133/><V51/><F43/><W6/><G6/><T38/><D30/><U93/><E70/><V88/><F126/><W37/><G37/><T23/><D23/><U64/><E40/><V32/><F32/><W108/><G108/><T15/><D15/><U111/><E111/><V68/><F68/><W118/><G128/><N who="2" m="49193" /><F90/><N who="3" m="53583" /><G102/><AGARI ba="0,0" hai="48,51,88,92,98,100,101,102" m="49193,43050" machi="102" ten="30,7700,0" yaku="15,1,11,1,19,1,54,1" doraHai="5" who="2" fromWho="3" sc="387,0,17,0,266,77,330,-77" /><INIT seed="6,0,0,3,2,57" ten="387,17,343,253" oya="2" hai0="26,125,41,84,119,106,7,8,76,27,38,64,82" hai1="44,33,122,108,20,6,2,72,131,96,113,88,62" hai2="105,31,53,28,40,85,55,67,35,42,103,68,77" hai3="112,135,32,13,80,128,60,10,99,130,3,102,74"/><V116/><F116/><W15/><G32/><T123/><D123/><U63/><E33/><V111/><F111/><W95/><G135/><T117/><D106/><U36/><E72/><V9/><F9/><W75/><G112/><T23/><D125/><U124/><E108/><V48/><F77/><W17/><G3/><T18/><D27/><U81/><E124/><V25/><F85/><W83/><G15/><T87/><D64/><U0/><E113/><V69/><F31/><W121/><G121/><T110/><D110/><U22/><E122/><V79/><F79/><W92/><G92/><T61/><D61/><U58/><E131/><N who="3" m="50218" /><G60/><T50/><D38/><U71/><E71/><V30/><F69/><W56/><G56/><T70/><D70/><U133/><E133/><V21/><F30/><W51/><G51/><T39/><D39/><U115/><E115/><V100/><F100/><W91/><G102/><T73/><D73/><AGARI ba="0,0" hai="10,13,17,73,74,75,80,83,91,95,99" m="50218" machi="73" ten="30,1000,0" yaku="19,1" doraHai="57" who="3" fromWho="0" sc="387,-10,17,0,343,0,253,10" /><INIT seed="7,0,0,1,3,58" ten="377,17,343,263" oya="3" hai0="97,115,34,127,68,79,75,107,47,66,85,40,32" hai1="129,52,41,122,81,133,27,1,13,50,8,54,30" hai2="7,35,6,28,72,18,105,116,106,61,31,83,64" hai3="76,108,86,109,126,39,44,17,73,124,4,74,82"/><W14/><G4/><T16/><D127/><N who="3" m="48681" /><G39/><N who="0" m="21919" /><D85/><U42/><E122/><V62/><F18/><W56/><G44/><T70/><D16/><U123/><E123/><V48/><F48/><W135/><G56/><T19/><D19/><U0/><E129/><V36/><F36/><W9/><G135/><T130/><D130/><U87/><E133/><V117/><F64/><W89/><G74/><T45/><D45/><U69/><E69/><V99/><F72/><W60/><G60/><T37/><D37/><U88/><E1/><V38/><F38/><W91/><G91/><T57/><D57/><U12/><E0/><V5/><F5/><W110/><G89/><T121/><D121/><U29/><E54/><V96/><F83/><W118/><G73/><T77/><D77/><U3/><E3/><V92/><F92/><W94/><G118/><T80/><D115/><U55/><E55/><V112/><F35/><N who="0" m="13354" /><D66/><U21/><E30/><V102/><F102/><AGARI ba="0,0" hai="68,70,75,79,80,97,102,107" m="13354,21919" machi="102" ten="30,2000,0" yaku="33,2" doraHai="58" who="0" fromWho="2" sc="377,20,17,0,343,-20,263,0" owari="397,50.0,17,-48.0,323,12.0,263,-14.0" /></mjloggm>