<mjloggm ver="2.3"><GO type="169" lobby="0"/><UN n0="%6B%69%6E%67%32%33%32%33" n1="%E3%83%92%E3%83%AB%E3%83%99%E3%83%AB%E3%83%88" n2="%E3%82%AC%E3%83%9F%E3%82%B4%E3%83%B3" n3="%E3%83%88%E3%83%88%E3%83%AA%E5%85%88%E7%94%9F%31%39%E6%AD%B3" dan="16,18,16,19" rate="2136.26,2199.53,2060.83,2222.63" sx="M,M,M,F"/><TAIKYOKU oya="0"/><INIT seed="0,0,0,2,2,35" ten="250,250,250,250" oya="0" hai0="30,107,84,125,40,72,104,5,97,73,98,69,65" hai1="56,57,41,34,119,122,91,66,90,123,64,135,85" hai2="99,112,70,10,49,22,18,127,52,58,50,93,86" hai3="48,16,118,92,129,0,19,21,24,124,45,23,81"/><T54/><D30/><U61/><E34/><V68/><F112/><W37/><G118/><T59/><D40/><U6/><E119/><V88/><F127/><W47/><G124/><T115/><D125/><U46/><E135/><V4/><F50/><W110/><G110/><T9/><D115/><U32/><E32/><V53/><F53/><W114/><G114/><T1/><D84/><U130/><E130/><V94/><F94/><W63/><G129/><T100/><D69/><U38/><E6/><V83/><F18/><W7/><G37/><T67/><D73/><U26/><E26/><V13/><REACH who="2" step="1"/><F22/><REACH who="2" ten="250,250,240,250" step="2"/><W15/><G48/><T25/><D72/><U132/><E132/><V126/><F126/><W117/><G117/><T27/><D67/><U79/><E122/><V101/><AGARI ba="0,1" hai="4,10,13,49,52,58,68,70,83,86,88,93,99,101" machi="101" ten="20,12000,2" yaku="1,1,0,1,7,1,54,2,53,1" doraHai="35" doraHaiUra="44" who="2" fromWho="2" sc="250,-60,250,-30,240,130,250,-30" /><INIT seed="1,0,0,5,5,7" ten="190,220,370,220" oya="1" hai0="6,89,99,128,9,23,107,54,111,64,117,102,135" hai1="12,87,105,44,48,1,57,47,37,109,56,50,82" hai2="13,8,25,49,35,113,119,134,55,101,20,15,38" hai3="31,92,33,78,72,18,71,76,90,0,108,26,94"/><U106/><E1/><V17/><F38/><W125/><G71/><T70/><D117/><U112/><E37/><V122/><F119/><W84/><G108/><T77/><D111/><U10/><E112/><V45/><F122/><W51/><G125/><T28/><D135/><U86/><E109/><V46/><F134/><W62/><G72/><T16/><D128/><U73/><E73/><V115/><F101/><W133/><G133/><T131/><D131/><U69/><E69/><V59/><F35/><W66/><G0/><T30/><D77/><U80/><REACH who="1" step="1"/><E12/><REACH who="1" ten="190,210,370,220" step="2"/><V75/><F75/><W5/><G26/><T29/><D70/><U58/><E58/><V129/><F129/><W93/><G84/><T41/><D41/><U63/><E63/><V127/><F127/><W132/><G62/><T65/><D54/><U130/><E130/><V19/><F25/><W83/><G132/><T96/><D96/><U32/><E32/><V81/><F115/><W114/><G33/><T39/><D39/><U97/><E97/><V121/><F113/><W118/><G114/><T103/><D99/><U14/><E14/><V74/><F121/><W104/><G118/><T67/><D107/><U116/><E116/><V79/><AGARI ba="0,1" hai="8,13,15,17,19,20,45,46,49,55,59,74,79,81" machi="79" ten="30,2000,0" yaku="0,1,52,1" doraHai="7" who="2" fromWho="2" sc="190,-5,210,-10,370,30,220,-5" /><INIT seed="2,0,0,5,2,26" ten="185,200,400,215" oya="2" hai0="59,24,102,103,122,5,55,3,9,75,41,69,14" hai1="115,50,74,35,42,53,20,95,117,93,65,118,81" hai2="105,63,104,1,21,76,132,92,36,40,109,38,66" hai3="18,54,128,106,131,100,37,125,134,107,94,89,68"/><V114/><F114/><W77/><G37/><T19/><D122/><U22/><E35/><V99/><F1/><W30/><G68/><T31/><D75/><U15/><E65/><V135/><F76/><W127/><G18/><T52/><D69/><U62/><E62/><V48/><F48/><W91/><G54/><T79/><D79/><U130/><E42/><V29/><F105/><N who="3" m="39947" /><G30/><T108/><D108/><U129/><E74/><V56/><F104/><W101/><G77/><T119/><D119/><U133/><E81/><V58/><F58/><W34/><G34/><N who="0" m="20839" /><D41/><U33/><E33/><V110/><F40/><W51/><G51/><N who="0" m="31135" /><D55/><U28/><E115/><V121/><F121/><W67/><G67/><T96/><D96/><U2/><E2/><V85/><F38/><W43/><G43/><T98/><D98/><U57/><E28/><V61/><F36/><W80/><G80/><T44/><D44/><U0/><E0/><V10/><F29/><W16/><G94/><N who="1" m="35850" /><E118/><V87/><F66/><W90/><G101/><T17/><D17/><N who="1" m="10303" /><E22/><AGARI ba="0,0" hai="3,5,9,14,19,22,102,103" m="31135,20839" machi="22" ten="30,3900,0" yaku="24,1,52,1,54,1" doraHai="26" who="0" fromWho="1" sc="185,39,200,-39,400,0,215,0" /><INIT seed="3,0,0,2,1,28" ten="224,161,400,215" oya="3" hai0="111,13,37,47,32,52,98,96,11,62,133,25,91" hai1="121,4,17,24,76,83,26,115,122,109,132,50,27" hai2="131,7,44,41,0,108,69,81,125,14,5,75,3" hai3="103,61,134,105,90,135,129,31,23,54,74,67,29"/><W118/><G118/><T93/><D133/><N who="3" m="50697" /><G129/><T119/><D119/><U100/><E132/><V110/><F131/><W60/><G74/><T8/><D111/><N who="2" m="42538" /><F125/><W6/><G6/><N who="2" m="2057" /><F14/><W117/><G117/><T87/><D37/><U21/><E115/><V86/><F75/><W46/><G90/><T43/><D43/><U42/><E109/><V56/><F56/><N who="3" m="34839" /><G46/><T123/><D123/><U80/><E100/><V73/><F73/><W82/><G82/><T53/><D53/><U113/><E4/><V71/><F71/><N who="3" m="42479" /><G23/><T22/><D8/><U88/><E113/><V112/><F69/><W78/><G78/><T104/><D104/><U128/><E128/><V40/><F112/><W33/><G33/><T9/><D9/><U101/><E101/><V95/><F95/><W10/><G10/><T39/><D39/><U116/><E116/><V120/><F120/><W127/><G127/><T63/><D32/><U72/><E122/><V79/><F41/><W92/><G92/><T1/><D1/><U15/><E121/><V102/><F102/><W66/><G66/><T107/><D107/><U36/><E36/><AGARI ba="0,0" hai="0,3,36,40,44,79,81,86" m="2057,42538" machi="36" ten="30,1000,0" yaku="14,1" doraHai="28" who="2" fromWho="1" sc="224,0,161,-10,400,10,215,0" /><INIT seed="4,0,0,5,1,46" ten="224,151,410,215" oya="0" hai0="27,2,31,116,41,70,3,54,132,23,106,105,28" hai1="10,40,114,87,16,48,127,85,133,11,64,58,122" hai2="124,26,115,89,19,71,18,102,91,7,35,17,32" hai3="121,135,130,43,134,98,94,14,129,9,84,97,15"/><T108/><D116/><U69/><E122/><V22/><F71/><W109/><G43/><T55/><D70/><U93/><E69/><V62/><F62/><W88/><G121/><T47/><D132/><N who="3" m="50729" /><G15/><T49/><D108/><U73/><E73/><V5/><F115/><W6/><G109/><T101/><D28/><U126/><E114/><V4/><F124/><N who="1" m="47657" /><E133/><V92/><F32/><W100/><G98/><T66/><D66/><U112/><E11/><V25/><F35/><W50/><G50/><T63/><D63/><N who="1" m="38007" /><E93/><AGARI ba="0,0" hai="6,9,14,84,88,93,94,97,100,129,130" m="50729" machi="93" ten="30,2000,0" yaku="20,1,54,1" doraHai="46" who="3" fromWho="1" sc="224,0,151,-20,410,0,215,20" /><INIT seed="5,0,0,2,0,119" ten="224,131,410,235" oya="1" hai0="19,120,31,39,133,8,102,28,56,126,14,118,5" hai1="4,63,90,96,135,98,128,129,95,94,93,86,42" hai2="0,77,18,53,40,34,62,23,131,2,107,82,22" hai3="32,60,67,117,123,17,92,54,61,13,113,73,114"/><U16/><E4/><V57/><F107/><W108/><G108/><T100/><D39/><U50/><E63/><V103/><F103/><W55/><G117/><T84/><D118/><U85/><E42/><V43/><F34/><W88/><G123/><T10/><D133/><U74/><E50/><V101/><F101/><W1/><G73/><T38/><D38/><U21/><E74/><V65/><F2/><W59/><G32/><T124/><D84/><N who="1" m="32363" /><E21/><V81/><F0/><W20/><G1/><N who="0" m="47" /><D56/><U104/><E16/><V68/><F131/><N who="1" m="50249" /><E135/><V75/><F23/><W79/><G79/><T6/><D100/><AGARI ba="0,0" hai="90,93,94,95,96,98,100,104" m="50249,32363" machi="100" ten="30,5800,0" yaku="19,1,34,2" doraHai="119" who="1" fromWho="0" sc="224,-58,131,58,410,0,235,0" /><INIT seed="5,1,0,0,5,123" ten="166,189,410,235" oya="1" hai0="114,66,100,54,18,73,104,108,62,22,33,101,92" hai1="45,113,56,31,102,129,134,84,70,57,107,115,75" hai2="29,124,121,105,11,82,119,8,26,1,81,77,43" hai3="120,46,17,67,38,3,55,41,10,7,131,21,35"/><U80/><E70/><V16/><F119/><W53/><G120/><T68/><D73/><U6/><E75/><V122/><F105/><W0/><G0/><T71/><D33/><U85/><E31/><V96/><F96/><W118/><G118/><T135/><D114/><N who="1" m="43531" /><E134/><V88/><F124/><W74/><G131/><T99/><D135/><U27/><E27/><V23/><F43/><W132/><G132/><T94/><D54/><U78/><E6/><V79/><F1/><W59/><G35/><T86/><D86/><U37/><E84/><N who="2" m="50199" /><F121/><W117/><G117/><T63/><D108/><U15/><E15/><V133/><F122/><W76/><G59/><T97/><D104/><U52/><E129/><V28/><F133/><W48/><G48/><T14/><REACH who="0" step="1"/><D63/><REACH who="0" ten="156,189,410,235" step="2"/><U58/><E107/><V44/><F44/><W103/><G53/><T34/><D34/><U49/><E102/><V126/><F126/><W24/><G103/><T106/><D106/><U128/><E128/><V127/><F127/><W19/><G74/><T13/><D13/><U65/><E37/><V91/><F79/><W72/><G76/><T61/><D61/><AGARI ba="1,1" hai="45,49,52,56,57,58,61,65,78,80,85" m="43531" machi="61" ten="30,2900,0" yaku="15,1,54,1" doraHai="123" who="1" fromWho="0" sc="156,-32,189,42,410,0,235,0" /><INIT seed="5,2,0,4,2,17" ten="124,231,410,235" oya="1" hai0="0,38,94,82,2,88,87,120,95,77,26,89,129" hai1="47,91,53,126,79,98,111,27,76,68,10,58,113" hai2="36,13,128,57,134,75,33,116,59,106,3,45,69" hai3="37,135,93,50,112,12,83,41,42,39,63,115,131"/><U11/><E68/><V9/><RYUUKYOKU type="yao9" ba="2,0" sc="124,0,231,0,410,0,235,0" hai2="3,9,13,33,36,45,57,59,69,75,106,116,128,134" /><INIT seed="5,3,0,0,5,126" ten="124,231,410,235" oya="1" hai0="23,57,60,36,42,135,115,0,103,128,86,68,102" hai1="132,8,46,84,114,100,80,43,10,120,44,108,22" hai2="83,17,12,20,39,3,56,66,124,85,62,35,58" hai3="54,111,104,31,131,59,112,109,110,107,21,98,38"/><U24/><E108/><V74/><F35/><W113/><G38/><T97/><D0/><U106/><E120/><V11/><F124/><W27/><G131/><T121/><D115/><N who="3" m="44105" /><G98/><T90/><D121/><U91/><E114/><V133/><F133/><W50/><AGARI ba="3,0" hai="21,27,31,50,54,59,104,107,109,110,111" m="44105" machi="50" ten="40,1500,0" yaku="15,1" doraHai="126" who="3" fromWho="3" sc="124,-7,231,-10,410,-7,235,24" /><INIT seed="6,0,0,2,3,3" ten="117,221,403,259" oya="2" hai0="4,80,121,52,73,22,96,28,31,43,95,16,89" hai1="27,59,1,12,35,110,119,132,21,58,53,85,15" hai2="6,55,48,25,87,108,5,38,10,107,49,86,19" hai3="33,129,17,127,133,42,135,117,34,90,88,72,92"/><V109/><F38/><W56/><G117/><T126/><D121/><U47/><E1/><V46/><F107/><W8/><G72/><T78/><D43/><U51/><E35/><V102/><F102/><W98/><G129/><T14/><D126/><U62/><E132/><N who="3" m="50762" /><G127/><T97/><D97/><U120/><E110/><N who="2" m="42603" /><F49/><W113/><G113/><T134/><D134/><U9/><E119/><V81/><F87/><W125/><G125/><T74/><D74/><U0/><E59/><V60/><F60/><W36/><G56/><T103/><D4/><N who="1" m="3111" /><E15/><N who="2" m="7671" /><F25/><W71/><G71/><T70/><D70/><U99/><E0/><V32/><F32/><N who="3" m="12395" /><G17/><T41/><D41/><U112/><E112/><V11/><F11/><W131/><G8/><T2/><D2/><U124/><E120/><V101/><F101/><N who="3" m="60615" /><G131/><T24/><D103/><U75/><E75/><V114/><F114/><W115/><G115/><T29/><REACH who="0" step="1"/><D52/><REACH who="0" ten="107,221,403,259" step="2"/><N who="1" m="34119" /><E99/><V83/><F83/><W77/><G42/><T57/><D57/><U104/><E124/><V69/><F69/><W130/><G130/><T30/><D30/><N who="1" m="17775" /><E104/><V91/><AGARI ba="0,1" hai="5,6,46,48,55,81,86,91" m="7671,42603" machi="91" ten="30,11700,0" yaku="25,1,10,1,52,2" doraHai="3" who="2" fromWho="2" sc="107,-39,221,-39,403,127,259,-39" /><INIT seed="6,1,0,1,2,90" ten="68,182,530,220" oya="2" hai0="80,23,18,51,124,36,121,35,49,117,79,10,88" hai1="113,92,122,6,84,67,87,135,83,50,64,21,33" hai2="82,100,62,116,47,112,4,131,98,37,81,11,44" hai3="16,40,53,46,72,17,52,70,73,75,24,127,126"/><V133/><F116/><W91/><G70/><T0/><D121/><U114/><E33/><V3/><F112/><N who="1" m="43113" /><E135/><V69/><F133/><W9/><G91/><T76/><D35/><U15/><E50/><V119/><F119/><W134/><G134/><T34/><D36/><U125/><E125/><N who="3" m="47626" /><G9/><T61/><D124/><U60/><E67/><V129/><F82/><W99/><G99/><T132/><D117/><U97/><E83/><V120/><F81/><W66/><G66/><T106/><D132/><U19/><E6/><V1/><F120/><W58/><G24/><T55/><D106/><U111/><E111/><V108/><F108/><W89/><G89/><T32/><D34/><U25/><E25/><V27/><F27/><W65/><G65/><T22/><D32/><U7/><E7/><V48/><F11/><W86/><G86/><N who="0" m="50247" /><D0/><U2/><E2/><V109/><F4/><W31/><G31/><T38/><D38/><U28/><E28/><V14/><F109/><W20/><G58/><N who="0" m="35039" /><D10/><U107/><E107/><V26/><F3/><W59/><G20/><N who="0" m="7723" /><D18/><N who="3" m="7273" /><G59/><T5/><D5/><U12/><E12/><V29/><F14/><W96/><G96/><T95/><D49/><AGARI ba="1,0" hai="40,46,49,52,53,72,73,75" m="7273,47626" machi="49" ten="40,5200,0" yaku="18,1,54,2" doraHai="90" who="3" fromWho="0" sc="68,-55,182,0,530,0,220,55" /><INIT seed="7,0,0,1,1,121" ten="13,182,530,275" oya="3" hai0="40,130,43,57,60,46,8,127,102,76,93,87,50" hai1="19,52,111,113,96,115,85,94,89,74,125,70,15" hai2="66,124,4,30,13,2,31,105,16,14,88,42,78" hai3="54,116,84,123,22,104,77,44,63,114,18,5,34"/><W26/><G123/><T132/><D8/><U45/><E70/><V51/><F105/><W10/><BYE who="0" /><G116/><T122/><D122/><U17/><E74/><V100/><F100/><W101/><G114/><N who="1" m="43530" /><E125/><V28/><F78/><W62/><G34/><T11/><D11/><N who="1" m="6399" /><E19/><V53/><F66/><W27/><G27/><T23/><D23/><U110/><E96/><V126/><F88/><W71/><G71/><T59/><D59/><U107/><E107/><V64/><F64/><W81/><G101/><T7/><D7/><U61/><E61/><V86/><F86/><W119/><G104/><T109/><D109/><U58/><E45/><V134/><F42/><W80/><G119/><T21/><D21/><U73/><E73/><V65/><F65/><W32/><G32/><T37/><D37/><U39/><E39/><V69/><F69/><W67/><G67/><T83/><D83/><U55/><E58/><V48/><F4/><W92/><G92/><T6/><D6/><U25/><E25/><V133/><F2/><W12/><G81/><T118/><D118/><U56/><E56/><V38/><F38/><W120/><G120/><T72/><D72/><U9/><E9/><V135/><F53/><AGARI ba="0,0" hai="52,53,55,85,89,94,110,111" m="6399,43530" machi="53" ten="30,7700,0" yaku="15,1,52,2,54,1" doraHai="121" who="1" fromWho="2" sc="13,0,182,77,530,-77,275,0" owari="13,-49.0,259,-14.0,453,55.0,275,8.0" /></mjloggm>