<mjloggm ver="2.3"><GO type="225" lobby="0"/><UN n0="%63%6F%61" n1="%E3%82%A6%E3%83%AB%E3%83%88%E3%83%A9%E7%AB%8B%E7%9B%B4" n2="%E3%81%A9%E3%82%93%E3%82%88%E3%81%8F%4D%6B%2E%32" n3="%E3%81%8D%E3%81%BF%E3%81%9F%E3%81%BE%E3%81%94" dan="16,17,16,16" rate="2159.69,2192.72,2135.14,2037.68" sx="M,M,M,M"/><TAIKYOKU oya="0"/><INIT seed="0,0,0,3,1,67" ten="250,250,250,250" oya="0" hai0="121,69,57,134,47,11,25,0,44,132,2,71,48" hai1="118,88,46,116,79,99,130,94,17,106,125,92,113" hai2="49,58,18,6,89,62,54,122,3,133,52,83,98" hai3="135,102,111,70,128,82,97,126,129,39,50,86,42"/><T32/><D121/><U33/><E33/><V34/><F122/><W24/><G39/><T103/><D103/><N who="1" m="62847" /><E17/><V14/><F34/><W100/><G111/><T53/><D47/><U30/><E30/><V7/><F133/><N who="0" m="51306" /><D44/><U117/><E46/><V78/><F3/><N who="0" m="1066" /><D11/><U61/><E61/><V75/><F89/><W80/><G135/><T124/><D124/><U120/><E120/><V35/><F35/><W37/><G37/><T107/><D107/><U43/><E43/><V131/><F98/><W56/><G42/><T105/><D105/><U59/><E59/><V4/><F131/><N who="3" m="50251" /><G97/><T84/><D84/><N who="1" m="52231" /><E130/><V115/><F115/><W15/><G126/><T119/><D119/><U60/><E60/><V85/><F75/><W36/><G36/><T77/><D77/><U12/><E125/><V108/><F108/><W96/><G24/><T13/><D13/><U5/><E12/><V114/><F114/><W109/><G15/><T31/><AGARI ba="0,0" hai="25,31,32,48,53,57,69,71" m="1066,51306" machi="31" ten="40,7800,0" yaku="20,1,52,2" doraHai="67" who="0" fromWho="0" sc="250,78,250,-26,250,-26,250,-26" /><INIT seed="0,1,0,5,2,107" ten="328,224,224,224" oya="0" hai0="16,90,38,69,134,22,135,91,67,97,42,56,52" hai1="43,13,86,96,114,51,99,36,46,66,124,26,20" hai2="40,47,129,94,4,64,87,118,75,126,72,68,31" hai3="85,117,116,18,63,125,115,128,73,71,121,127,50"/><T95/><D69/><U76/><E124/><N who="3" m="47690" /><G18/><T57/><D42/><U84/><E114/><V48/><F126/><W28/><G28/><T44/><D38/><U109/><E109/><V110/><F110/><W14/><G14/><T7/><D7/><U15/><E66/><V131/><F118/><W104/><G104/><T24/><D90/><U1/><E1/><V25/><F4/><W102/><G102/><T82/><D82/><N who="1" m="47175" /><E86/><V78/><F64/><N who="3" m="41375" /><G85/><T35/><D35/><U41/><E36/><V93/><F68/><W70/><G70/><T29/><D29/><N who="1" m="17607" /><E43/><V106/><F106/><W23/><G73/><N who="2" m="28233" /><F78/><W37/><G37/><T77/><D77/><U11/><E15/><V10/><F87/><W88/><G115/><T21/><D21/><U30/><E30/><V39/><F39/><W89/><G121/><T6/><D6/><AGARI ba="1,0" hai="6,11,13,41,46,51,96,99" m="17607,47175" machi="6" ten="30,2000,0" yaku="25,1,8,1" doraHai="107" who="1" fromWho="0" sc="328,-23,224,23,224,0,224,0" /><INIT seed="1,0,0,4,1,24" ten="305,247,224,224" oya="1" hai0="50,60,21,95,15,87,51,46,26,25,122,4,108" hai1="19,88,47,97,119,43,2,94,125,38,91,31,65" hai2="79,76,99,64,135,72,7,42,69,63,123,112,89" hai3="40,17,93,86,127,74,16,105,39,3,75,71,98"/><U131/><E119/><V109/><F123/><W84/><G71/><T59/><D108/><U128/><E2/><V37/><F109/><W100/><G3/><T18/><D122/><U85/><E65/><V118/><F118/><W61/><G127/><T53/><D4/><U104/><E125/><V57/><F135/><W134/><G134/><T120/><D120/><U8/><E31/><V126/><F126/><W80/><G61/><T52/><D60/><U0/><E104/><V106/><F112/><W111/><G40/><T41/><D41/><U102/><E102/><V83/><F79/><N who="3" m="44151" /><G39/><T45/><D45/><U30/><E30/><V49/><F7/><W96/><G111/><T14/><D14/><U1/><E1/><V29/><F29/><W54/><G54/><T34/><D34/><U114/><E114/><V70/><F37/><W82/><G16/><T5/><D5/><U113/><E113/><V11/><F11/><W27/><G17/><T32/><D32/><U36/><E36/><V90/><F70/><W12/><G12/><T73/><D73/><U35/><E35/><V22/><F22/><W48/><G48/><T56/><D46/><U66/><E66/><V121/><F121/><W10/><G10/><T117/><D117/><U81/><E0/><V67/><F42/><W130/><G27/><T58/><D58/><U28/><E28/><V33/><F33/><W101/><G130/><N who="1" m="49706" /><E19/><V78/><F67/><W110/><G110/><T23/><D23/><U133/><E8/><V62/><F62/><W13/><G13/><T77/><D77/><AGARI ba="0,0" hai="75,77,82,84,86,93,96,98,100,101,105" m="44151" machi="77" ten="30,8000,1" yaku="35,5" doraHai="24" who="3" fromWho="0" sc="305,-80,247,0,224,0,224,80" /><INIT seed="2,0,0,1,4,109" ten="225,247,224,304" oya="2" hai0="24,112,129,102,11,48,79,28,78,21,70,36,61" hai1="14,13,74,27,106,29,76,95,101,50,97,120,110" hai2="41,55,104,72,80,15,20,49,18,0,107,63,58" hai3="133,57,38,44,82,125,103,67,118,46,88,32,60"/><V7/><F72/><W43/><G32/><T53/><D36/><U89/><E110/><V66/><F41/><W130/><G103/><T34/><D129/><U123/><E50/><V132/><F132/><W131/><G118/><T91/><D112/><U4/><E4/><V87/><F0/><W113/><G113/><T39/><D39/><U98/><E76/><V86/><F7/><W56/><G88/><T93/><D102/><U71/><E71/><V108/><F108/><W73/><G125/><T115/><D115/><U1/><E74/><V5/><F5/><W100/><G100/><T128/><D128/><N who="3" m="49193" /><G133/><T16/><D11/><U127/><E1/><V10/><F20/><W99/><G99/><T84/><D61/><U17/><E127/><V23/><F23/><W81/><G73/><T6/><D6/><U121/><E17/><V75/><F75/><W124/><G44/><T114/><D70/><U69/><REACH who="1" step="1"/><E69/><REACH who="1" ten="225,237,224,304" step="2"/><V12/><F12/><W26/><G124/><T134/><D114/><U52/><E52/><V54/><F54/><N who="3" m="33815" /><G26/><T35/><D134/><U77/><E77/><V85/><REACH who="2" step="1"/><F80/><REACH who="2" ten="225,237,214,304" step="2"/><W126/><G126/><T59/><REACH who="0" step="1"/><D35/><AGARI ba="0,2" hai="13,14,27,29,35,89,95,97,98,101,106,120,121,123" machi="35" ten="40,2600,0" yaku="1,1,13,1,53,0" doraHai="109" doraHaiUra="40" who="1" fromWho="0" sc="225,-26,237,46,214,0,304,0" /><INIT seed="3,0,0,4,2,54" ten="199,283,214,304" oya="3" hai0="6,43,23,34,118,65,104,90,88,95,87,66,25" hai1="59,14,72,113,58,42,17,33,85,115,135,4,106" hai2="38,100,73,71,62,46,18,102,109,50,5,120,27" hai3="130,80,64,127,110,89,1,12,133,3,20,28,112"/><W75/><G112/><T99/><D118/><U0/><E72/><V60/><F73/><W69/><G133/><T11/><D34/><U67/><E106/><V92/><F38/><W74/><G130/><T103/><D43/><U55/><E42/><V39/><F39/><W30/><G127/><T119/><D119/><U53/><E67/><V101/><F71/><W82/><G69/><T13/><REACH who="0" step="1"/><D90/><REACH who="0" ten="189,283,214,304" step="2"/><U79/><E33/><V7/><F120/><W21/><G89/><T22/><D22/><U35/><E35/><V123/><F123/><W15/><G110/><T122/><D122/><U121/><E121/><V126/><F126/><W117/><G117/><T40/><D40/><U84/><E115/><V68/><F109/><W52/><G64/><T44/><D44/><U114/><E113/><V108/><F108/><W56/><G52/><T51/><D51/><U78/><E55/><V19/><F46/><W26/><G20/><T49/><D49/><U98/><E53/><V36/><F36/><W83/><G21/><T9/><D9/><U86/><E114/><V41/><F41/><W45/><G45/><T124/><D124/><U134/><E134/><V96/><F50/><W8/><G8/><T125/><D125/><U48/><E48/><V61/><F68/><W24/><G80/><T32/><D32/><U2/><E135/><V10/><F10/><W81/><G82/><T129/><D129/><U128/><E128/><V105/><F105/><W111/><G111/><T70/><D70/><U77/><E59/><AGARI ba="0,1" hai="1,3,12,15,24,26,28,30,56,59,74,75,81,83" machi="59" ten="25,9600,0" yaku="22,2,52,2" doraHai="54" who="3" fromWho="1" sc="189,0,283,-96,214,0,304,106" owari="189,-21.0,187,-31.0,214,1.0,410,51.0" /></mjloggm>