<mjloggm ver="2.3"><GO type="169" lobby="0"/><UN n0="%E7%A7%81%E3%81%AF%E3%81%8C%E3%81%A1%E3%81%BB%E3%82%82" n1="%E5%B0%B1%E6%B4%BB%E7%94%9F%40%E5%B7%9D%E6%9D%91%E8%BB%8D%E5%9B%A3" n2="%E7%A2%BA%E8%AA%8D%E4%BA%8B%E9%A0%85" n3="%3D%E5%9C%92%E5%9F%8E%E5%AF%BA%E6%80%9C%3D" dan="16,17,16,18" rate="2000.74,2174.09,2124.88,2222.30" sx="M,M,M,F"/><TAIKYOKU oya="0"/><INIT seed="0,0,0,2,2,22" ten="250,250,250,250" oya="0" hai0="16,111,23,84,31,68,60,33,110,36,15,125,133" hai1="59,124,24,51,72,11,96,76,14,46,44,65,7" hai2="105,74,55,87,114,108,85,52,119,121,115,81,6" hai3="45,128,3,113,91,53,12,80,101,79,69,8,27"/><T21/><D36/><U92/><E124/><V98/><F121/><W94/><G69/><T131/><D125/><U38/><E38/><V100/><F108/><N who="0" m="41514" /><D133/><U89/><E72/><V9/><F74/><W78/><G3/><T123/><D123/><U109/><E109/><V41/><F41/><W90/><G101/><T99/><D84/><U34/><E76/><V58/><F119/><W62/><G90/><T47/><D47/><U61/><REACH who="1" step="1"/><E51/><REACH who="1" ten="250,240,250,250" step="2"/><V28/><F114/><W135/><G78/><T30/><D131/><U57/><E57/><V40/><F58/><W18/><G79/><T132/><D132/><U106/><E106/><V10/><F105/><W88/><G128/><T130/><D130/><U112/><E112/><V29/><F115/><W42/><G113/><T0/><D0/><U56/><E56/><V48/><F48/><W73/><G73/><T35/><D68/><U1/><E1/><V66/><F81/><W2/><G80/><T97/><D60/><U13/><E13/><V122/><F122/><W54/><G2/><T26/><D31/><AGARI ba="0,1" hai="7,11,14,24,31,34,44,46,59,61,65,89,92,96" machi="31" ten="40,2600,0" yaku="1,1,52,1,53,0" doraHai="22" doraHaiUra="126" who="1" fromWho="0" sc="250,-26,240,36,250,0,250,0" /><INIT seed="1,0,0,2,3,64" ten="224,276,250,250" oya="1" hai0="99,107,56,41,6,130,85,2,129,112,59,74,61" hai1="26,114,101,122,51,96,75,57,13,71,60,25,20" hai2="65,98,73,126,44,92,78,120,37,32,81,24,134" hai3="80,11,23,40,89,110,116,53,47,18,55,135,121"/><U19/><E122/><V30/><F120/><W27/><G110/><T72/><D41/><U132/><E114/><V46/><F134/><W115/><G115/><T62/><D112/><U91/><E75/><V36/><F126/><W39/><G135/><T102/><D85/><U84/><E132/><V31/><F31/><W131/><G131/><N who="0" m="50187" /><D6/><U5/><E5/><V103/><REACH who="2" step="1"/><F65/><REACH who="2" ten="224,276,240,250" step="2"/><W4/><G121/><T10/><D2/><U104/><E51/><V66/><F66/><W29/><G29/><T82/><D10/><U34/><E34/><V105/><F105/><W15/><G116/><T42/><D42/><U77/><E77/><V8/><F8/><W33/><G33/><T3/><D3/><U38/><E38/><AGARI ba="0,1" hai="24,30,32,36,37,38,44,46,73,78,81,92,98,103" machi="38" ten="40,1300,0" yaku="1,1,53,0" doraHai="64" doraHaiUra="128" who="2" fromWho="1" sc="224,0,276,-13,240,23,250,0" /><INIT seed="2,0,0,0,2,1" ten="224,263,263,250" oya="2" hai0="40,20,126,93,28,11,30,135,58,39,4,114,66" hai1="111,19,47,2,86,36,41,0,117,14,53,83,31" hai2="46,91,120,24,95,87,25,131,27,48,38,134,51" hai3="61,6,29,59,7,33,82,3,122,107,121,49,21"/><V18/><F120/><W52/><G3/><T100/><D114/><U106/><E106/><V109/><F134/><W92/><G107/><T45/><D135/><U65/><E117/><V133/><F133/><W56/><G33/><T76/><D126/><U78/><E111/><V99/><F131/><W101/><G82/><T10/><D10/><U90/><E65/><V132/><F132/><W119/><G119/><T17/><D76/><U12/><E31/><V54/><F38/><W67/><G122/><T113/><D113/><U26/><E26/><V115/><F115/><W37/><G37/><T71/><D71/><U98/><E53/><V96/><F109/><W13/><G121/><T85/><D58/><U43/><E43/><N who="2" m="24671" /><F18/><N who="3" m="10447" /><G29/><T69/><D66/><U34/><E34/><V15/><F15/><W118/><G118/><T105/><D105/><U124/><E124/><V112/><F112/><W42/><G42/><T35/><D35/><U73/><E14/><V80/><F80/><W103/><G103/><T72/><D72/><U79/><E79/><V23/><F23/><W63/><G63/><T75/><D100/><U64/><E2/><V110/><F110/><W32/><G32/><T68/><D75/><U129/><E0/><V104/><F104/><W88/><G101/><T5/><D69/><U60/><E129/><V108/><F108/><W8/><G8/><T116/><D11/><U81/><E12/><V130/><F130/><W50/><G50/><T74/><D68/><N who="1" m="41991" /><E19/><V62/><F62/><W16/><G16/><T127/><D116/><U125/><E125/><V70/><F70/><RYUUKYOKU ba="0,0" sc="224,-30,263,10,263,10,250,10" hai1="36,41,47,73,78,81,83,86,90,98" hai2="24,25,27,51,54,87,91,95,96,99" hai3="6,7,49,52,56,59,61,67,88,92" /><INIT seed="2,1,0,5,1,113" ten="194,273,273,260" oya="2" hai0="87,25,67,17,86,54,2,15,22,84,66,47,74" hai1="16,5,96,35,59,100,135,114,33,27,52,53,72" hai2="109,19,81,90,48,73,119,83,9,118,85,12,3" hai3="29,111,124,130,23,94,99,88,108,93,133,14,78"/><V97/><F3/><W24/><G124/><T51/><D74/><U20/><E114/><V0/><F0/><W128/><G78/><T104/><D104/><U58/><E72/><V122/><F122/><W71/><G71/><T45/><D2/><U89/><E5/><V1/><F1/><W95/><G133/><T55/><D25/><U61/><E135/><V107/><F109/><N who="3" m="42059" /><G14/><T127/><REACH who="0" step="1"/><D127/><REACH who="0" ten="184,273,273,260" step="2"/><U79/><E79/><V56/><F73/><W98/><G98/><T44/><D44/><U69/><E69/><V38/><F38/><W21/><G21/><T34/><D34/><U42/><E42/><V82/><F97/><W91/><G99/><T31/><D31/><U105/><REACH who="1" step="1"/><E89/><AGARI ba="1,1" hai="23,24,29,88,89,91,93,94,95,128,130" m="42059" machi="89" ten="40,2600,0" yaku="14,1,54,1" doraHai="113" who="3" fromWho="1" sc="184,0,273,-29,273,0,260,39" /><INIT seed="3,0,0,2,2,98" ten="184,244,273,299" oya="3" hai0="95,67,96,93,54,89,117,99,47,42,49,102,62" hai1="86,20,127,88,24,59,110,3,30,114,61,103,52" hai2="31,130,94,79,122,46,8,58,80,87,104,135,83" hai3="71,22,29,50,126,40,11,133,25,51,78,53,113"/><W60/><G78/><T14/><D117/><U32/><E114/><V121/><F104/><W10/><G126/><T68/><REACH who="0" step="1"/><D14/><REACH who="0" ten="174,244,273,299" step="2"/><U12/><E127/><V44/><F122/><W106/><G113/><T97/><D97/><U26/><E110/><V107/><F121/><W15/><G15/><T132/><D132/><U90/><E3/><V81/><F135/><W75/><G133/><T134/><D134/><U43/><E43/><AGARI ba="0,1" hai="42,43,47,49,54,62,67,68,89,93,95,96,99,102" machi="43" ten="40,5200,0" yaku="1,1,52,1,53,1" doraHai="98" doraHaiUra="84" who="0" fromWho="1" sc="174,62,244,-52,273,0,299,0" /><INIT seed="4,0,0,4,3,95" ten="236,192,273,299" oya="0" hai0="11,63,80,83,120,67,10,20,111,86,73,43,4" hai1="123,91,106,16,100,97,94,112,52,19,57,3,66" hai2="105,45,78,41,90,113,24,130,109,118,55,7,60" hai3="56,72,6,119,61,101,29,5,23,103,14,82,54"/><T133/><D120/><U13/><E123/><V50/><F109/><W31/><G72/><T125/><D111/><U87/><E3/><V58/><F113/><W77/><G77/><T59/><D125/><U107/><E112/><V15/><F130/><W117/><G82/><T121/><D133/><U22/><E66/><V27/><F118/><W127/><G23/><T76/><D43/><U102/><E19/><V53/><F105/><W36/><G14/><T134/><D134/><U124/><E124/><V12/><F78/><W84/><G84/><T39/><D39/><U70/><E70/><V18/><F7/><W96/><G36/><T79/><D121/><U21/><E102/><V114/><F114/><W115/><G115/><T68/><D4/><U89/><E89/><V131/><F131/><W46/><G46/><T104/><D104/><U71/><E71/><V47/><F90/><W132/><G132/><T37/><D37/><U129/><E129/><V40/><F55/><W92/><G101/><T75/><D86/><U38/><E38/><V33/><F33/><W1/><G127/><T135/><D135/><U48/><E22/><N who="2" m="11615" /><F12/><W81/><G5/><T116/><D116/><N who="3" m="44617" /><G6/><T30/><REACH who="0" step="1"/><D68/><REACH who="0" ten="226,192,273,299" step="2"/><U2/><E2/><V9/><F41/><W122/><G1/><T62/><D62/><U0/><E0/><V126/><F126/><W88/><G122/><T74/><D74/><U93/><AGARI ba="0,1" hai="13,16,21,48,52,57,87,91,93,94,97,100,106,107" machi="93" ten="20,12000,2" yaku="0,1,7,1,25,2,52,1,54,2" doraHai="95" who="1" fromWho="1" sc="226,-60,192,130,273,-30,299,-30" /><INIT seed="5,0,0,1,3,61" ten="166,322,243,269" oya="1" hai0="60,30,3,52,63,101,86,112,72,88,135,97,126" hai1="132,120,65,46,47,58,80,78,54,81,14,43,39" hai2="55,84,113,100,1,64,42,134,109,67,75,62,93" hai3="92,121,128,4,53,118,99,117,69,130,51,115,38"/><U96/><E120/><V9/><F109/><W34/><G34/><T26/><D72/><U127/><E132/><V12/><F75/><W85/><G38/><T98/><D3/><U74/><E127/><V13/><F1/><W25/><G4/><T123/><D135/><U90/><E47/><V77/><F134/><W6/><G6/><T114/><D126/><U133/><E133/><V131/><F42/><W110/><G69/><T24/><D123/><U129/><E129/><N who="3" m="49770" /><G25/><N who="0" m="9835" /><D30/><U27/><E27/><V103/><F131/><W20/><G20/><T102/><D114/><U124/><E124/><V79/><F113/><W59/><G85/><T104/><D104/><U8/><E81/><N who="2" m="47151" /><F79/><W37/><G37/><T116/><D116/><N who="3" m="44649" /><G121/><T21/><D21/><U122/><E122/><V111/><F111/><W83/><G83/><N who="0" m="49247" /><D112/><U57/><E90/><V49/><F103/><N who="3" m="60903" /><G115/><T71/><D71/><U5/><E96/><N who="2" m="59407" /><F9/><W16/><G110/><T35/><D35/><U17/><E5/><V28/><F28/><W22/><G22/><T56/><D102/><U40/><E8/><V89/><F12/><W70/><G70/><T15/><D15/><U10/><E10/><V48/><F13/><W0/><G0/><T50/><D98/><U44/><E14/><V31/><F31/><W45/><G16/><T19/><D19/><U106/><E17/><V119/><F119/><W94/><G94/><T41/><D41/><U11/><E11/><V125/><F125/><W105/><G105/><T32/><D32/><U107/><E107/><V82/><F82/><W23/><G23/><T76/><D76/><RYUUKYOKU ba="0,0" sc="166,15,322,-15,243,-15,269,15" hai0="50,52,56,60,63,97,101" hai3="45,51,53,59" /><INIT seed="6,1,0,3,5,81" ten="181,307,228,284" oya="2" hai0="1,94,105,93,32,62,49,35,39,23,92,129,16" hai1="64,63,46,65,52,51,31,54,11,38,133,120,43" hai2="21,128,127,72,86,13,67,28,30,17,89,114,37" hai3="76,60,61,108,2,113,87,70,130,58,79,134,57"/><V126/><F114/><W85/><G2/><T95/><D39/><U119/><E31/><V0/><F128/><W74/><G70/><T75/><D75/><U41/><E11/><V15/><F0/><W116/><G74/><T29/><D105/><U84/><E84/><V125/><F72/><W14/><G134/><T91/><D1/><U106/><E106/><V20/><F37/><W112/><G14/><T82/><D82/><U78/><E78/><V88/><F67/><N who="1" m="25673" /><E119/><V3/><F3/><W44/><G44/><T5/><D129/><U36/><E120/><V104/><F104/><W24/><G24/><T7/><D62/><U9/><E9/><V99/><F99/><W33/><G130/><T123/><D123/><U111/><E111/><V56/><F56/><W135/><G135/><T45/><D29/><N who="2" m="11370" /><F86/><W98/><G98/><T131/><D131/><U34/><E34/><V122/><F122/><W107/><G107/><T100/><D100/><U40/><E133/><V8/><F21/><W118/><G33/><T83/><D83/><U97/><E97/><V50/><F50/><W19/><G19/><AGARI ba="1,0" hai="8,13,15,17,19,20,88,89,125,126,127" m="11370" machi="19" ten="40,3900,0" yaku="18,1,54,1" doraHai="81" who="2" fromWho="3" sc="181,0,307,0,228,42,284,-42" /><INIT seed="6,2,0,1,1,132" ten="181,307,270,242" oya="2" hai0="74,17,12,102,64,119,114,42,66,103,22,120,107" hai1="24,31,126,28,133,63,125,113,117,41,82,127,19" hai2="94,43,65,52,37,61,111,39,108,53,38,62,36" hai3="51,45,57,123,118,90,101,134,56,30,60,44,93"/><V11/><F11/><W35/><G118/><T16/><D74/><U71/><E133/><V81/><F81/><W18/><G101/><T135/><D120/><U124/><E113/><V54/><F94/><W76/><G76/><T15/><D135/><U47/><E117/><V14/><F14/><W55/><G123/><T116/><D42/><U59/><E71/><N who="2" m="42415" /><F62/><W50/><G30/><T75/><D75/><U83/><E19/><V78/><F78/><W2/><G35/><T27/><D27/><U130/><E130/><V25/><F25/><W5/><G5/><T128/><D128/><U3/><E3/><V91/><F91/><W21/><G2/><T110/><D114/><U115/><E115/><V58/><F58/><W100/><G100/><T6/><D6/><U20/><E31/><V72/><F72/><W122/><G122/><T46/><D46/><AGARI ba="2,0" hai="36,37,38,39,43,46,52,53,54,108,111" m="42415" machi="46" ten="40,7700,0" yaku="34,2,54,1" doraHai="132" who="2" fromWho="0" sc="181,-83,307,0,270,83,242,0" /><INIT seed="6,3,0,2,0,92" ten="98,307,353,242" oya="2" hai0="83,19,38,52,44,102,104,114,20,86,25,107,23" hai1="128,1,12,109,30,36,99,59,54,126,3,73,132" hai2="133,122,80,94,116,110,40,75,76,101,58,118,48" hai3="117,24,64,13,113,71,87,98,108,135,46,41,10"/><V78/><F122/><W47/><G108/><T130/><D114/><U120/><E109/><V85/><F110/><W6/><G135/><T72/><D72/><U124/><E73/><V62/><F133/><W67/><G71/><T111/><D111/><U131/><E36/><V5/><F5/><W69/><G69/><T74/><D74/><U112/><E112/><V63/><F78/><W88/><G117/><T119/><D130/><N who="1" m="49707" /><E120/><V65/><F63/><W96/><G24/><T123/><D123/><U55/><E132/><V91/><F40/><W115/><G115/><T21/><D119/><U53/><E59/><V17/><F48/><N who="3" m="26703" /><G47/><T43/><D104/><U121/><E121/><V39/><F39/><W105/><G105/><T26/><D26/><U77/><E77/><V79/><F79/><W89/><G89/><T125/><D125/><N who="1" m="48235" /><E30/><V7/><F76/><W0/><G0/><N who="1" m="74" /><E12/><V34/><F58/><W49/><G49/><T4/><D4/><U90/><E90/><V14/><F7/><W57/><G113/><T68/><D68/><U50/><E50/><V61/><F91/><W9/><G57/><T18/><D25/><U28/><E28/><V51/><F51/><W127/><G127/><T15/><D15/><U66/><E66/><N who="3" m="25130" /><G9/><T95/><D38/><U33/><E33/><V56/><F34/><W11/><G11/><T2/><D2/><U81/><E81/><AGARI ba="3,0" hai="6,10,13,81,87,88,96,98" m="25130,26703" machi="81" ten="30,7700,0" yaku="8,1,52,2,54,1" doraHai="92" who="3" fromWho="1" sc="98,0,307,-86,353,0,242,86" /><INIT seed="7,0,0,4,4,30" ten="98,221,353,328" oya="3" hai0="128,122,101,76,88,127,48,23,102,36,89,75,80" hai1="34,94,98,55,95,1,105,2,117,71,21,61,133" hai2="104,49,74,5,7,81,92,14,90,32,115,93,62" hai3="35,68,97,46,53,9,28,100,99,58,83,84,112"/><W135/><G68/><T22/><D36/><U45/><E117/><V11/><F32/><W121/><G121/><T131/><D48/><U110/><E110/><V42/><F104/><W52/><G112/><T67/><D67/><U66/><E133/><V113/><F5/><W120/><G120/><T106/><D122/><U43/><E55/><V26/><F26/><W4/><G28/><T19/><D23/><U51/><E94/><V87/><F62/><W119/><G35/><T129/><D22/><U64/><E64/><V91/><F74/><W18/><G100/><T79/><D19/><U82/><E82/><V125/><F125/><W39/><G119/><T24/><D24/><U118/><E118/><V37/><F37/><W16/><G135/><T109/><D109/><U116/><E116/><V6/><F6/><W3/><G53/><T31/><D31/><U111/><E111/><V65/><F65/><W77/><G18/><T56/><D56/><U20/><E20/><V27/><F27/><W134/><G16/><T38/><D38/><U126/><E126/><V40/><F81/><W132/><G132/><T10/><D10/><U44/><E44/><V17/><F17/><W103/><G103/><T78/><D127/><U108/><E108/><V63/><F63/><N who="3" m="36295" /><G134/><T123/><D123/><U72/><E72/><V86/><F42/><W33/><G33/><T73/><D80/><U114/><E114/><V57/><F40/><W29/><G29/><T13/><D13/><U107/><E21/><V12/><F12/><W96/><G39/><T130/><N who="0" m="32768" /><DORA hai="60" /><T85/><D73/><RYUUKYOKU ba="0,0" sc="98,-15,221,-15,353,15,328,15" hai2="7,11,14,49,57,86,87,90,91,92,93,113,115" hai3="3,4,9,46,77,83,84,96,97,99" /><INIT seed="7,1,0,4,5,73" ten="83,206,368,343" oya="3" hai0="110,29,79,101,127,89,93,5,16,119,22,133,78" hai1="104,115,53,3,117,121,112,123,75,97,2,128,39" hai2="122,36,31,1,77,8,32,23,38,132,54,43,68" hai3="124,100,48,62,114,42,116,25,69,44,27,96,19"/><W0/><G0/><T37/><D37/><U111/><E53/><V20/><F68/><W47/><G116/><T70/><D70/><U85/><E85/><V129/><F77/><W76/><G114/><T107/><D110/><U14/><E14/><V28/><F132/><W90/><G124/><T45/><D119/><U66/><E66/><V64/><F64/><W34/><G34/><T94/><D107/><U52/><E52/><V120/><F129/><W58/><G69/><T103/><D133/><U11/><E11/><V40/><F54/><W109/><G109/><T67/><D127/><U88/><E88/><V4/><F32/><W82/><G44/><T63/><D29/><U21/><E97/><V130/><F130/><W72/><G19/><T134/><D134/><U86/><E86/><V95/><F95/><W131/><G131/><T24/><D5/><U135/><E21/><V65/><F65/><W49/><G49/><T13/><D13/><U41/><E41/><V92/><F92/><W57/><G90/><T108/><D108/><U74/><E3/><V61/><F61/><W102/><G102/><T71/><D45/><U81/><E81/><V105/><F105/><N who="3" m="63623" /><G62/><T33/><D33/><U83/><E83/><V126/><F126/><W7/><G7/><T125/><D125/><U30/><E30/><N who="2" m="11307" /><F38/><W55/><G55/><T113/><D113/><U15/><E121/><N who="2" m="46699" /><F36/><W60/><G60/><T9/><D101/><U26/><E75/><V106/><F106/><W59/><G42/><AGARI ba="1,0" hai="1,4,8,20,23,40,42,43" m="46699,11307" machi="42" ten="30,1000,0" yaku="13,1" doraHai="73" who="2" fromWho="3" sc="83,0,206,0,368,13,343,-13" owari="83,-42.0,206,-19.0,381,48.0,330,13.0" /></mjloggm>