<mjloggm ver="2.3"><GO type="225" lobby="0"/><UN n0="%52%69%2D%4D%6F%2D" n1="%E3%81%84%E3%81%A3%E3%81%9F%E3%82%93" n2="%E3%82%A6%E3%83%AB%E3%83%88%E3%83%A9%E7%AB%8B%E7%9B%B4" n3="%E3%82%86%E3%81%86%E5%A0%95%E5%A4%A9%E4%BD%BF" dan="16,16,17,17" rate="2141.95,2203.71,2165.44,2141.96" sx="M,M,M,F"/><TAIKYOKU oya="0"/><INIT seed="0,0,0,1,2,96" ten="250,250,250,250" oya="0" hai0="8,120,66,106,118,48,64,3,110,117,129,32,10" hai1="62,2,78,89,7,37,99,90,35,124,29,77,135" hai2="56,6,103,134,57,123,67,44,73,71,122,17,93" hai3="34,88,21,86,108,116,101,50,52,15,25,28,11"/><T54/><D120/><U83/><E37/><V115/><F73/><W119/><G108/><T9/><D3/><U51/><E124/><V31/><F6/><W22/><G22/><T125/><D32/><U111/><E111/><V43/><F31/><W114/><G34/><T13/><D110/><U38/><E38/><V41/><F17/><W76/><G76/><T49/><D125/><U128/><E128/><V74/><F74/><W18/><G114/><T70/><D106/><U79/><E135/><V131/><F93/><W113/><G113/><T24/><D24/><U36/><E36/><V100/><F115/><W53/><G101/><T107/><D107/><U72/><E51/><V14/><F14/><W132/><G132/><T91/><D129/><U75/><E62/><V102/><F131/><W47/><G53/><T130/><D130/><U26/><E79/><V85/><F85/><W42/><G42/><N who="2" m="15881" /><F44/><W5/><G5/><T59/><D13/><U19/><E99/><V92/><F92/><AGARI ba="0,0" hai="11,15,18,21,25,28,47,50,52,86,88,92,116,119" machi="92" ten="30,3900,0" yaku="7,1,54,2" doraHai="96" who="3" fromWho="2" sc="250,0,250,0,250,-39,250,39" /><INIT seed="1,0,0,4,4,67" ten="250,250,211,289" oya="1" hai0="90,29,2,112,104,106,80,25,27,16,105,41,70" hai1="3,125,28,10,129,133,39,76,61,32,50,126,98" hai2="134,131,65,73,36,95,92,54,24,119,30,82,22" hai3="33,117,85,99,12,75,8,66,47,57,15,64,135"/><U124/><E39/><V91/><F119/><W103/><G75/><T35/><D112/><U132/><E76/><V118/><F118/><W51/><G33/><T31/><D2/><U89/><E50/><V44/><F131/><W62/><G135/><N who="1" m="51786" /><E61/><V97/><F134/><W59/><G85/><T58/><D41/><U49/><E49/><V52/><F65/><W1/><G1/><T121/><D121/><U83/><E83/><V7/><F7/><W72/><G72/><T17/><D70/><U127/><E127/><V68/><F68/><W113/><G113/><T88/><D58/><U0/><E129/><V79/><REACH who="2" step="1"/><F92/><REACH who="2" ten="250,250,201,289" step="2"/><N who="3" m="58855" /><G117/><T6/><D6/><N who="1" m="1351" /><E3/><V84/><F84/><W19/><G64/><T53/><D105/><U120/><E120/><V18/><F18/><N who="3" m="8455" /><G62/><T20/><D104/><U122/><E122/><V128/><F128/><W55/><G66/><T108/><D106/><U86/><E98/><V111/><F111/><W23/><AGARI ba="0,1" hai="15,19,23,47,51,55,57,59" m="8455,58855" machi="23" ten="30,1100,0" yaku="8,1" doraHai="67" who="3" fromWho="3" sc="250,-3,250,-5,201,-3,289,21" /><INIT seed="2,0,0,3,1,100" ten="247,245,198,310" oya="2" hai0="23,12,34,58,48,72,106,83,108,63,125,109,62" hai1="70,93,115,36,131,52,9,55,24,56,41,117,64" hai2="18,29,133,30,82,135,73,98,103,8,43,15,7" hai3="121,14,122,120,32,84,124,65,27,128,96,76,31"/><V119/><F43/><W97/><G65/><T20/><D34/><U33/><E115/><V46/><F46/><W114/><G114/><T68/><D125/><U35/><E117/><V104/><F119/><W134/><G124/><T92/><D106/><U66/><E131/><V81/><F30/><W42/><G42/><T50/><D68/><U37/><E9/><V28/><F28/><W17/><G128/><T25/><D12/><U87/><E87/><V101/><F29/><W6/><G6/><T39/><D39/><U49/><E93/><V77/><F103/><W53/><G53/><T26/><D26/><U110/><E110/><N who="0" m="42601" /><D92/><U129/><E129/><V4/><REACH who="2" step="1"/><F82/><REACH who="2" ten="247,245,188,310" step="2"/><W45/><G45/><T74/><D83/><U89/><E41/><V11/><F11/><W61/><G31/><T126/><D126/><U123/><E33/><V88/><F88/><W57/><G32/><T67/><D20/><U22/><E89/><V2/><F2/><W0/><G0/><T116/><D116/><U127/><E35/><V111/><F111/><W79/><G121/><T94/><D23/><U107/><E123/><V105/><F105/><W86/><G122/><T132/><D94/><U95/><E107/><V99/><F99/><W21/><G97/><T59/><D132/><AGARI ba="0,1" hai="4,7,8,15,18,73,77,81,98,101,104,132,133,135" machi="132" ten="40,7700,0" yaku="1,1,20,1,52,1,53,0" doraHai="100" doraHaiUra="44" who="2" fromWho="0" sc="247,-77,245,0,188,87,310,0" /><INIT seed="2,1,0,1,4,11" ten="170,245,275,310" oya="2" hai0="12,78,129,23,94,74,32,110,38,7,93,99,102" hai1="13,22,34,89,98,109,10,100,69,58,86,18,116" hai2="21,62,26,96,59,77,131,56,84,81,104,121,5" hai3="17,3,28,16,15,50,87,44,53,113,73,130,2"/><V112/><F112/><W8/><G73/><T64/><D32/><U29/><E69/><V39/><F121/><W120/><G120/><T133/><D110/><U103/><E116/><V36/><F131/><W51/><G130/><T83/><D129/><U105/><E109/><V42/><F5/><W37/><G37/><T30/><D133/><U119/><E119/><V115/><F115/><W33/><G113/><T88/><D38/><U66/><E100/><V48/><F104/><W124/><G124/><T91/><D64/><U127/><E34/><V123/><F123/><W9/><G87/><T135/><D135/><U80/><E127/><V55/><F96/><W90/><G90/><T57/><D57/><U111/><E111/><V54/><REACH who="2" step="1"/><F42/><REACH who="2" ten="170,245,265,310" step="2"/><W114/><G114/><T128/><D128/><U125/><E125/><V76/><F76/><W45/><G28/><AGARI ba="1,1" hai="21,26,28,36,39,48,54,55,56,59,62,77,81,84" machi="28" ten="30,2900,0" yaku="1,1,7,1,53,0" doraHai="11" doraHaiUra="108" who="2" fromWho="3" sc="170,0,245,0,265,42,310,-32" /><INIT seed="2,2,0,4,3,108" ten="170,245,307,278" oya="2" hai0="80,45,72,84,106,120,76,122,78,22,48,69,8" hai1="58,77,17,124,65,134,116,89,97,126,4,42,95" hai2="79,83,43,6,61,18,64,36,114,101,100,115,131" hai3="5,74,132,71,67,123,70,20,59,68,96,103,73"/><V33/><F18/><W121/><G132/><T19/><D69/><U104/><E116/><V21/><F21/><W130/><G130/><T0/><D106/><U7/><E134/><V129/><F33/><W1/><G20/><T75/><D0/><U125/><E77/><V35/><F35/><W9/><G59/><T105/><D105/><U113/><E42/><V135/><F6/><N who="1" m="2089" /><E17/><V54/><F54/><W13/><G13/><T41/><D8/><U117/><E117/><V133/><F133/><W14/><G14/><T66/><D66/><U99/><E113/><N who="2" m="43019" /><F100/><W23/><G23/><T87/><D120/><N who="3" m="46153" /><G67/><T62/><D62/><U109/><E109/><V56/><F101/><W110/><G110/><T3/><D3/><U90/><E65/><V88/><F135/><W85/><G85/><T29/><D29/><U119/><E58/><V32/><F32/><W16/><G16/><T128/><D122/><U111/><E111/><V53/><F64/><W60/><G60/><T44/><D44/><U31/><E119/><V102/><F102/><W52/><G52/><T2/><D2/><U39/><E31/><V81/><F131/><W98/><G103/><T93/><D128/><U24/><E104/><V27/><F27/><W112/><G112/><T57/><D57/><U37/><E24/><V10/><F10/><W12/><G1/><T51/><D51/><U15/><E15/><V25/><F25/><W40/><G40/><T127/><D84/><U82/><E82/><N who="2" m="31243" /><F129/><W91/><G9/><T49/><D19/><U50/><E50/><V26/><F56/><W11/><G5/><RYUUKYOKU ba="2,0" sc="170,-10,245,30,307,-10,278,-10" hai1="37,39,89,90,95,97,99,124,125,126" /><INIT seed="3,3,0,5,1,24" ten="160,275,297,268" oya="3" hai0="115,39,14,117,91,17,113,101,134,29,37,79,96" hai1="5,56,55,33,41,36,123,0,18,20,62,58,50" hai2="65,54,82,45,35,127,77,22,64,131,110,87,118" hai3="129,13,71,70,23,27,8,21,2,83,126,47,99"/><W86/><G2/><T120/><D120/><U44/><E123/><V100/><F35/><W57/><G126/><T11/><D117/><U12/><E33/><V76/><F118/><W6/><G129/><T90/><D134/><U1/><REACH who="1" step="1"/><E5/><REACH who="1" ten="160,265,297,268" step="2"/><V60/><F131/><W95/><G70/><T72/><D72/><U135/><E135/><V73/><F73/><W94/><G71/><T124/><D124/><U10/><E10/><V97/><F127/><W112/><G112/><N who="0" m="43083" /><D79/><U128/><E128/><V31/><F77/><N who="3" m="46447" /><G47/><T103/><D29/><U59/><E59/><V7/><F45/><W74/><G74/><T67/><D67/><AGARI ba="3,1" hai="0,1,12,18,20,36,41,44,50,55,56,58,62,67" machi="67" ten="30,3900,0" yaku="1,1,7,1,53,1" doraHai="24" doraHaiUra="46" who="1" fromWho="0" sc="160,-48,265,58,297,0,268,0" owari="112,-39.0,323,42.0,297,10.0,268,-13.0" /></mjloggm>