<mjloggm ver="2.3"><GO type="169" lobby="0"/><UN n0="%E5%B0%B1%E6%B4%BB%E7%94%9F%40%E5%B7%9D%E6%9D%91%E8%BB%8D%E5%9B%A3" n1="%E3%83%AD%E3%83%83%E3%83%86%E9%9B%80%E7%90%83" n2="%E4%BC%8A%E8%A3%8F%E9%87%8E%E5%8A%A0%E5%A5%88" n3="%E3%83%AA%E3%82%B0%E3%83%AB" dan="18,17,16,16" rate="2260.64,2134.67,2054.50,2060.79" sx="M,M,F,F"/><TAIKYOKU oya="0"/><INIT seed="0,0,0,0,3,87" ten="250,250,250,250" oya="0" hai0="82,111,44,90,4,99,135,100,134,21,32,93,127" hai1="26,64,78,20,112,101,63,110,114,115,13,71,59" hai2="113,35,108,88,0,97,12,133,36,14,83,67,30" hai3="28,130,119,33,29,25,48,94,120,54,43,60,27"/><T129/><D32/><U125/><E110/><V126/><F113/><W17/><G119/><T123/><D4/><U2/><E2/><V128/><F0/><W73/><G130/><T8/><D8/><U10/><E125/><V1/><F1/><W85/><G73/><T103/><D123/><U62/><E78/><V55/><F36/><W22/><G43/><T77/><D21/><U24/><E101/><N who="0" m="38985" /><D44/><U15/><E10/><V102/><F108/><W9/><G60/><T72/><D111/><U121/><E121/><V86/><F126/><W124/><G124/><T66/><D66/><N who="1" m="39263" /><E26/><V75/><F67/><W69/><G69/><T42/><D42/><U105/><E105/><V89/><F75/><W38/><G38/><T122/><D122/><U84/><E84/><N who="2" m="50207" /><F35/><W37/><G37/><T23/><D23/><U76/><E76/><V5/><F5/><W16/><G9/><T47/><D47/><U49/><E49/><V79/><F79/><W117/><G117/><T52/><D52/><U7/><E7/><V39/><F39/><W41/><G41/><T80/><D127/><U40/><E40/><V91/><F55/><W6/><G6/><T50/><D50/><U132/><E132/><N who="0" m="50729" /><D82/><U57/><E71/><V65/><F133/><W34/><G120/><T104/><D129/><U118/><E118/><V95/><F128/><W18/><G22/><T92/><D92/><U3/><E3/><V51/><F65/><W46/><G94/><T74/><D74/><U58/><E57/><V131/><F131/><W109/><G109/><T81/><D81/><U107/><E107/><AGARI ba="0,0" hai="72,77,80,90,93,99,104,107" m="50729,38985" machi="107" ten="30,12000,1" yaku="6,1,20,1,34,2,52,1" doraHai="87" who="0" fromWho="1" sc="250,120,250,-120,250,0,250,0" /><INIT seed="0,1,0,2,3,7" ten="370,130,250,250" oya="0" hai0="56,127,101,117,84,39,43,104,48,42,15,28,13" hai1="120,121,62,53,102,63,2,112,3,131,123,36,93" hai2="30,61,34,82,45,47,126,38,60,124,85,54,23" hai3="106,114,21,4,12,74,44,64,118,98,91,32,130"/><T115/><D117/><U76/><E131/><V94/><F34/><W51/><G32/><T37/><D115/><U20/><E112/><V24/><F94/><W58/><G114/><T55/><D28/><U88/><E36/><V79/><F38/><W81/><G130/><T50/><D127/><N who="2" m="48682" /><F60/><W77/><G118/><T14/><D84/><U100/><E76/><V132/><F132/><W92/><G106/><T105/><D101/><U65/><E53/><V135/><F135/><W80/><G80/><T17/><D17/><U68/><E63/><V70/><F54/><W107/><G107/><T29/><D29/><U66/><E66/><AGARI ba="1,0" hai="23,24,30,45,47,61,66,70,79,82,85" m="48682" machi="66" ten="30,1000,0" yaku="18,1" doraHai="7" who="2" fromWho="1" sc="370,0,130,-13,250,13,250,0" /><INIT seed="1,0,0,3,5,45" ten="370,117,263,250" oya="1" hai0="75,134,18,1,124,60,133,32,78,122,27,99,118" hai1="93,77,8,31,35,101,83,125,110,21,6,128,42" hai2="28,82,114,19,13,37,5,58,126,88,15,127,105" hai3="102,33,11,69,2,71,115,132,111,70,14,135,29"/><U52/><E35/><V53/><F37/><W26/><G115/><T94/><D118/><U109/><E125/><N who="2" m="47627" /><F105/><W25/><G111/><N who="1" m="42506" /><E128/><V20/><F28/><N who="3" m="19599" /><G102/><T120/><D120/><U30/><E42/><V91/><F114/><W72/><G72/><T100/><D124/><U57/><E21/><V49/><F82/><W50/><G50/><T116/><D116/><U40/><E40/><V56/><F56/><W24/><G14/><T10/><D32/><U3/><E93/><V12/><F5/><N who="3" m="1463" /><G26/><AGARI ba="0,0" hai="12,13,15,19,20,26,49,53,58,88,91" m="47627" machi="26" ten="30,3900,0" yaku="18,1,52,1,54,1" doraHai="45" who="2" fromWho="3" sc="370,0,117,0,263,39,250,-39" /><INIT seed="2,0,0,4,5,106" ten="370,117,302,211" oya="2" hai0="66,31,113,50,24,88,104,57,47,37,13,46,8" hai1="26,1,0,91,19,85,33,64,127,52,15,72,131" hai2="30,132,23,42,60,4,6,122,93,29,12,3,105" hai3="112,78,54,71,87,126,109,133,11,80,2,124,90"/><V55/><F105/><W68/><G109/><T134/><D104/><U98/><E131/><V107/><F107/><W114/><G54/><T14/><D113/><N who="3" m="43625" /><G133/><T86/><D134/><U25/><E127/><N who="3" m="48682" /><G90/><T108/><D14/><U28/><E98/><V101/><F122/><W65/><G65/><T44/><D37/><U115/><E115/><V102/><F42/><W21/><G21/><N who="0" m="15759" /><D108/><U45/><E26/><V48/><F55/><W92/><G92/><N who="0" m="54295" /><D66/><U63/><E72/><V74/><F74/><W34/><G34/><T49/><D57/><U59/><E45/><N who="0" m="11521" /><T121/><DORA hai="40" /><D121/><U10/><REACH who="1" step="1"/><E64/><REACH who="1" ten="370,107,302,211" step="2"/><V97/><F132/><W77/><G87/><T38/><D38/><U7/><E7/><AGARI ba="0,1" hai="7,8,13,49,50" m="11521,54295,15759" machi="7" ten="30,12000,2" yaku="8,1,52,4,54,1" doraHai="106,40" who="0" fromWho="1" sc="370,130,107,-120,302,0,211,0" owari="500,60.0,-13,-51.0,302,10.0,211,-19.0" /></mjloggm>