<mjloggm ver="2.3"><GO type="169" lobby="0"/><UN n0="%E3%82%BF%E3%82%A4%E3%82%BD%E3%83%B3%EF%BC%A0" n1="%5A%5A%5A%5A%5A" n2="%7A%65%72%6F%52%58" n3="%E5%B0%B1%E6%B4%BB%E7%94%9F%40%E5%B7%9D%E6%9D%91%E8%BB%8D%E5%9B%A3" dan="16,16,17,17" rate="2066.57,2077.91,2205.23,2142.87" sx="M,M,M,M"/><TAIKYOKU oya="0"/><INIT seed="0,0,0,1,5,131" ten="250,250,250,250" oya="0" hai0="95,29,12,96,128,47,63,0,101,6,56,105,89" hai1="34,51,112,133,70,88,90,24,103,78,4,74,16" hai2="5,94,135,91,37,28,98,2,76,39,62,124,11" hai3="111,45,100,18,25,65,60,66,122,73,10,49,85"/><T130/><D0/><U9/><E70/><V116/><F135/><W118/><G73/><T123/><D29/><U46/><E112/><V27/><F124/><W134/><G118/><T13/><D123/><U81/><E103/><V99/><F116/><W15/><G122/><T44/><D128/><U92/><E133/><V121/><F121/><W107/><G134/><T50/><D130/><U19/><E34/><V3/><F3/><W87/><G111/><T84/><D6/><U106/><E106/><V93/><F62/><W77/><G77/><T71/><D71/><U41/><E24/><V53/><F53/><W23/><G100/><T64/><REACH who="0" step="1"/><D44/><REACH who="0" ten="240,250,250,250" step="2"/><U21/><E21/><V35/><REACH who="2" step="1"/><F76/><REACH who="2" ten="240,250,240,250" step="2"/><W132/><G132/><T67/><D67/><U17/><REACH who="1" step="1"/><E92/><REACH who="1" ten="240,240,240,250" step="2"/><V120/><F120/><W42/><G107/><T125/><D125/><U114/><E114/><V38/><F38/><W102/><G66/><T80/><D80/><U8/><E8/><V75/><F75/><W20/><G10/><T68/><D68/><U126/><E126/><V14/><F14/><AGARI ba="0,3" hai="4,9,14,16,17,19,41,46,51,74,78,81,88,90" machi="14" ten="40,5200,0" yaku="1,1,54,2,53,0" doraHai="131" doraHaiUra="32" who="1" fromWho="2" sc="240,0,240,82,240,-52,250,0" /><INIT seed="1,0,0,4,5,44" ten="240,322,188,250" oya="1" hai0="24,26,11,25,12,3,70,29,81,72,8,89,129" hai1="10,106,34,61,75,94,43,55,67,64,35,71,33" hai2="105,58,80,133,90,62,1,0,46,130,19,131,132" hai3="102,112,116,117,27,119,49,110,18,57,13,4,6"/><U2/><E75/><V104/><F46/><W126/><G102/><T82/><D82/><U101/><BYE who="0" /><E43/><V124/><F19/><W78/><G112/><T14/><D14/><U127/><E127/><V79/><F90/><W5/><G126/><T21/><D21/><U48/><E67/><N who="2" m="39383" /><F124/><W51/><G110/><T96/><D96/><U108/><E108/><V93/><F93/><W50/><G78/><T84/><D84/><U73/><E73/><N who="2" m="43119" /><F1/><UN n0="%E3%82%BF%E3%82%A4%E3%82%BD%E3%83%B3%EF%BC%A0" /><W31/><G57/><T15/><D70/><U92/><E106/><N who="2" m="41067" /><F0/><W41/><G41/><T123/><D89/><U42/><E101/><V69/><F69/><W68/><G68/><T63/><D81/><U128/><E42/><V103/><F103/><W74/><G74/><T47/><D72/><U76/><E76/><V91/><F91/><W87/><G87/><T118/><D3/><U54/><E128/><AGARI ba="0,0" hai="128,130,131,132,133" m="41067,43119,39383" machi="128" ten="30,1000,0" yaku="19,1" doraHai="44" who="2" fromWho="1" sc="240,0,322,-10,188,10,250,0" /><INIT seed="2,0,0,4,5,53" ten="240,312,198,250" oya="2" hai0="78,11,123,9,20,70,1,120,10,46,41,107,37" hai1="85,65,95,67,38,124,99,19,18,86,25,23,126" hai2="32,101,35,97,45,30,26,75,43,128,62,6,68" hai3="8,5,115,118,108,34,134,12,7,48,87,113,127"/><V4/><F75/><W79/><G118/><T47/><D107/><U40/><E38/><V64/><F35/><W49/><G34/><T44/><D70/><U91/><E40/><V69/><F69/><W16/><G108/><T52/><D37/><U59/><E19/><V22/><F128/><W57/><G134/><T104/><D41/><U55/><E126/><V51/><REACH who="2" step="1"/><F22/><REACH who="2" ten="240,312,188,250" step="2"/><W90/><G127/><T129/><D20/><U54/><E124/><V100/><F100/><W14/><G113/><T58/><D129/><U119/><E119/><V77/><F77/><W24/><G79/><T76/><D76/><U122/><E122/><V83/><F83/><W135/><G115/><T132/><D132/><U60/><E55/><V29/><F29/><W63/><G135/><T84/><D1/><U50/><E67/><V80/><F80/><N who="3" m="49511" /><G24/><T106/><D78/><U93/><E93/><AGARI ba="0,1" hai="4,6,26,30,32,43,45,51,62,64,68,93,97,101" machi="93" ten="30,5800,0" yaku="1,1,7,1,53,1" doraHai="53" doraHaiUra="89" who="2" fromWho="1" sc="240,0,312,-58,188,68,250,0" /><INIT seed="2,1,0,4,3,61" ten="240,254,256,250" oya="2" hai0="66,48,73,103,102,78,32,51,85,64,42,21,29" hai1="24,135,44,58,128,111,75,81,125,122,34,127,35" hai2="3,70,88,106,54,59,72,36,86,10,23,22,101" hai3="53,57,126,129,41,94,123,119,13,115,74,17,120"/><V97/><F36/><W14/><G119/><T90/><D32/><U87/><E75/><V12/><F72/><W45/><G74/><T47/><D78/><U63/><E111/><V39/><F39/><W52/><G129/><T25/><D73/><U55/><E128/><V30/><F70/><W6/><G126/><N who="1" m="48138" /><E122/><V69/><F69/><W19/><G6/><T84/><D84/><U56/><E135/><V27/><F3/><W133/><G94/><T98/><D51/><N who="1" m="29159" /><E24/><V79/><F79/><W33/><G33/><N who="1" m="12298" /><E63/><V20/><F12/><W1/><G1/><T67/><D98/><U109/><E109/><V2/><F2/><W31/><G31/><T104/><D104/><U76/><AGARI ba="1,0" hai="56,58,76,81,87" m="12298,29159,48138" machi="76" ten="30,1100,0" yaku="18,1" doraHai="61" who="1" fromWho="1" sc="240,-4,254,14,256,-6,250,-4" /><INIT seed="3,0,0,4,3,51" ten="236,268,250,246" oya="3" hai0="129,56,59,67,90,39,40,63,96,34,135,132,72" hai1="21,108,64,47,46,22,125,30,118,74,83,27,31" hai2="111,42,95,8,48,78,54,93,106,100,7,70,55" hai3="94,5,20,77,82,26,116,65,61,133,112,36,122"/><W0/><G116/><T76/><D34/><U103/><E118/><V35/><F70/><W38/><G122/><T43/><D129/><U52/><E108/><V85/><F35/><W123/><G123/><T17/><D39/><U97/><E125/><V41/><F106/><W19/><G112/><T66/><D76/><U127/><E127/><V81/><F111/><W1/><G94/><N who="2" m="35849" /><F100/><W37/><G5/><T32/><D72/><U115/><E115/><V68/><F68/><W50/><G133/><T18/><D32/><U92/><E64/><V12/><F55/><W89/><G89/><T45/><D90/><U79/><E52/><V62/><F62/><W4/><G4/><T120/><D96/><U131/><E131/><V23/><F23/><W134/><G50/><T58/><D63/><U126/><E126/><V2/><F2/><W44/><G44/><AGARI ba="0,0" hai="7,8,12,41,42,44,48,54,78,81,85" m="35849" machi="44" ten="30,2000,0" yaku="8,1,52,1" doraHai="51" who="2" fromWho="3" sc="236,0,268,0,250,20,246,-20" /><INIT seed="4,0,0,1,4,91" ten="236,268,270,226" oya="0" hai0="111,61,46,119,101,37,123,97,70,102,74,104,58" hai1="84,106,116,100,52,25,2,135,112,72,34,41,33" hai2="30,5,43,45,29,56,63,131,22,96,9,11,80" hai3="26,35,60,77,18,117,39,107,57,133,78,87,47"/><T28/><D119/><U82/><E116/><V109/><F109/><W76/><G117/><T122/><D74/><U54/><E2/><V73/><F131/><W64/><G133/><T1/><D1/><U81/><E135/><V132/><F132/><W94/><G107/><T121/><D111/><U66/><E112/><V13/><F96/><W20/><G35/><T0/><D0/><U90/><E66/><V65/><F22/><W32/><G32/><T40/><D28/><U24/><E41/><V125/><F125/><W19/><G39/><T48/><D102/><U51/><E106/><V126/><F126/><W120/><G120/><T38/><REACH who="0" step="1"/><D70/><REACH who="0" ten="226,268,270,226" step="2"/><U86/><E100/><V67/><F30/><W75/><G75/><T14/><D14/><U130/><E72/><V89/><F29/><W71/><G71/><T113/><D113/><U105/><E130/><V23/><F73/><W50/><G26/><T17/><D17/><U85/><E25/><V10/><F5/><W95/><G19/><T83/><D83/><U36/><E24/><V12/><F12/><N who="3" m="9287" /><G87/><T62/><D62/><U7/><E86/><N who="2" m="50375" /><F13/><W8/><G8/><T27/><D27/><U4/><E85/><V124/><F9/><W15/><G15/><T59/><D59/><U53/><E84/><V21/><F10/><W93/><G77/><T68/><D68/><U79/><E79/><V31/><F11/><W42/><AGARI ba="0,1" hai="42,47,50,57,60,64,76,78,93,94,95" m="9287" machi="42" ten="30,7900,0" yaku="8,1,52,3" doraHai="91" who="3" fromWho="3" sc="226,-39,268,-20,270,-20,226,89" /><INIT seed="5,0,0,4,4,95" ten="187,248,250,315" oya="1" hai0="97,24,105,79,102,68,7,134,80,17,41,89,1" hai1="110,126,14,86,78,48,39,55,11,69,83,113,53" hai2="49,71,106,32,3,84,101,59,61,21,26,107,128" hai3="65,119,96,121,132,104,46,38,57,25,5,67,23"/><U88/><E69/><V103/><F3/><W36/><G121/><T8/><D134/><U118/><E118/><V91/><F32/><W52/><G5/><T31/><D68/><U87/><E39/><V108/><F108/><W10/><G10/><T33/><D41/><U12/><E110/><V56/><F71/><W74/><G74/><T122/><D122/><U64/><E113/><V115/><F128/><W37/><G46/><T51/><D51/><U62/><E126/><V0/><F0/><W2/><G2/><T45/><D45/><N who="1" m="27791" /><E64/><N who="2" m="38951" /><F107/><W50/><G132/><T47/><D47/><U16/><E14/><V6/><F6/><W15/><G15/><T111/><D111/><U131/><E131/><V42/><F106/><W81/><G81/><T93/><D17/><U117/><E117/><V90/><F90/><W76/><G76/><T60/><D60/><U40/><E40/><V82/><F115/><W112/><G112/><T72/><REACH who="0" step="1"/><D105/><REACH who="0" ten="177,248,250,315" step="2"/><U99/><E62/><V20/><F42/><W85/><G104/><T18/><D18/><U34/><E34/><V29/><F49/><W27/><G119/><T13/><D13/><U44/><E44/><V98/><F59/><W4/><G50/><T43/><D43/><U125/><E125/><V54/><F54/><W70/><G52/><T124/><D124/><U114/><E114/><V66/><F66/><W63/><G67/><T30/><D30/><U120/><E120/><V123/><F123/><W58/><G57/><T100/><AGARI ba="0,1" hai="1,7,8,24,31,33,72,79,80,89,93,97,100,102" machi="100" ten="30,7900,0" yaku="1,1,0,1,52,1,53,1" doraHai="95" doraHaiUra="92" who="0" fromWho="0" sc="177,89,248,-39,250,-20,315,-20" /><INIT seed="6,0,0,3,1,11" ten="266,209,230,295" oya="2" hai0="38,19,54,58,27,81,124,64,32,60,71,120,10" hai1="131,126,79,34,48,111,18,4,123,65,26,14,98" hai2="46,109,78,1,132,6,128,85,92,121,45,12,108" hai3="86,72,51,113,99,119,127,29,134,28,122,69,110"/><V24/><F121/><W35/><RYUUKYOKU type="yao9" ba="0,0" sc="266,0,209,0,230,0,295,0" hai3="28,29,35,51,69,72,86,99,110,113,119,122,127,134" /><INIT seed="6,1,0,4,4,119" ten="266,209,230,295" oya="2" hai0="50,109,112,15,6,44,56,16,49,47,128,65,123" hai1="3,53,127,8,76,64,18,54,22,41,97,30,35" hai2="17,81,48,105,39,92,68,114,12,125,19,1,107" hai3="116,93,10,60,79,132,4,24,69,45,82,101,72"/><V113/><F39/><W21/><G116/><T84/><D109/><U57/><E127/><V111/><F68/><W38/><G132/><T134/><D112/><N who="2" m="43114" /><F1/><N who="3" m="271" /><G93/><T104/><D104/><N who="2" m="40010" /><F125/><W94/><G94/><T46/><D134/><U7/><E76/><V28/><F28/><W66/><G101/><T102/><D128/><U71/><E41/><V29/><F29/><W43/><G21/><T86/><D6/><U33/><E97/><V20/><F81/><W77/><G77/><T58/><D102/><U9/><E71/><V13/><F92/><W40/><G40/><T121/><D44/><U73/><E73/><V11/><F48/><W32/><G24/><T133/><D133/><U62/><E9/><V115/><N who="2" m="43122" /><V80/><DORA hai="103" /><F80/><W27/><G27/><T131/><D131/><U61/><E30/><V14/><F111/><W99/><G99/><T95/><D95/><U135/><E135/><V78/><F78/><W117/><G117/><T2/><D2/><U36/><E36/><V0/><F0/><W100/><G100/><T98/><D98/><U34/><REACH who="1" step="1"/><E62/><REACH who="1" ten="266,199,230,295" step="2"/><V67/><F67/><W75/><G72/><T122/><D65/><U83/><E83/><V88/><F88/><W130/><G130/><T106/><D106/><U108/><E108/><V37/><F37/><W110/><G110/><T52/><D50/><U23/><E23/><V90/><F90/><W87/><G87/><T129/><D129/><U126/><E126/><V55/><F55/><W63/><G60/><T89/><D84/><U124/><E124/><V42/><F42/><W120/><G43/><RYUUKYOKU ba="1,1" sc="266,-15,199,15,230,15,295,-15" hai1="3,7,8,18,22,33,34,35,53,54,57,61,64" hai2="11,12,13,14,17,19,20" /><INIT seed="6,2,1,1,0,128" ten="251,214,245,280" oya="2" hai0="108,6,26,93,44,4,118,115,84,24,83,5,107" hai1="19,73,82,40,86,9,56,61,133,1,126,101,106" hai2="100,66,17,71,8,76,112,104,2,15,85,48,37" hai3="62,130,30,94,50,63,113,46,74,42,59,13,18"/><V129/><F37/><W109/><G130/><T80/><D107/><U116/><E116/><V134/><F129/><W36/><G109/><T131/><D118/><U0/><E73/><V23/><F112/><W119/><G119/><T49/><D108/><U124/><E40/><V72/><F72/><W89/><G74/><T67/><D67/><U68/><E68/><V92/><F104/><W22/><G113/><T55/><D115/><U53/><E101/><V52/><F134/><W98/><G30/><T81/><D131/><U87/><E106/><V99/><F71/><W123/><G123/><T54/><D54/><U29/><E29/><V79/><F66/><W14/><G36/><T27/><REACH who="0" step="1"/><D93/><REACH who="0" ten="241,214,245,280" step="2"/><U58/><E133/><V102/><F92/><W33/><G33/><T96/><D96/><U88/><E87/><AGARI ba="2,2" hai="4,5,6,24,26,27,44,49,55,80,81,83,84,87" machi="87" ten="50,12000,2" yaku="1,1,29,2,8,1,53,3" doraHai="128" doraHaiUra="21" who="0" fromWho="1" sc="241,146,214,-126,245,0,280,0" /><INIT seed="7,0,0,5,3,54" ten="387,88,245,280" oya="3" hai0="11,52,70,49,69,114,107,74,55,111,120,109,129" hai1="98,5,132,4,40,17,33,36,127,102,6,43,0" hai2="104,87,48,2,63,90,30,96,28,12,31,86,123" hai3="21,8,14,68,29,1,7,103,133,131,106,134,95"/><W71/><G106/><T130/><D74/><U121/><E121/><V22/><F2/><W62/><G131/><T32/><D107/><U9/><E132/><N who="3" m="50794" /><G62/><T35/><D11/><U83/><E127/><V91/><F123/><W115/><G115/><T60/><D60/><U67/><E67/><V124/><F124/><W19/><G29/><T135/><D49/><U46/><E83/><N who="2" m="49503" /><F104/><W79/><G79/><T89/><D89/><U118/><E118/><V126/><F96/><AGARI ba="0,0" hai="1,7,8,14,19,21,68,71,95,96,103" m="50794" machi="96" ten="30,1500,0" yaku="20,1" doraHai="54" who="3" fromWho="2" sc="387,0,88,0,245,-15,280,15" /><INIT seed="7,1,0,3,0,14" ten="387,88,230,295" oya="3" hai0="29,22,35,127,131,99,93,106,101,54,70,24,10" hai1="129,72,76,95,116,31,47,133,135,83,43,91,33" hai2="110,122,21,103,128,42,97,120,49,6,16,74,28" hai3="23,73,114,78,1,84,90,25,32,64,46,18,123"/><W66/><G123/><N who="2" m="47145" /><F110/><W77/><G1/><T81/><D70/><U125/><E31/><V9/><F74/><W58/><G32/><T19/><D127/><U87/><E33/><V12/><F128/><W0/><G0/><T44/><D131/><U41/><E129/><V100/><F28/><W112/><G46/><T26/><D81/><U52/><E125/><V53/><F42/><W115/><G73/><T40/><D54/><U8/><E8/><V62/><F62/><N who="3" m="37975" /><G66/><T20/><D10/><U94/><E52/><V96/><F103/><W39/><G39/><T89/><D35/><U121/><E121/><V30/><F30/><W132/><G132/><T59/><D59/><U4/><E4/><V37/><F37/><W109/><G109/><T34/><D34/><U126/><E126/><V130/><F100/><W55/><G55/><T65/><D65/><U88/><E116/><V13/><F130/><W134/><G134/><N who="1" m="51210" /><E47/><AGARI ba="1,0" hai="6,9,12,13,16,21,47,49,53,96,97" m="47145" machi="47" ten="30,3900,0" yaku="13,1,52,1,54,1" doraHai="14" who="2" fromWho="1" sc="387,0,88,-42,230,42,295,0" owari="387,48.0,46,-45.0,272,-13.0,295,10.0" /></mjloggm>