<mjloggm ver="2.3"><GO type="169" lobby="0"/><UN n0="%E7%B4%94%EF%BC%93%E9%BE%8D%E9%96%80" n1="%73%6C%30%31" n2="%E3%83%8B%E3%83%A3%E3%83%83%E3%83%94%E3%83%BC%E5%A4%8F%E7%9B%AE" n3="%E3%83%88%E3%83%88%E3%83%AA%E5%85%88%E7%94%9F%31%39%E6%AD%B3" dan="17,16,18,18" rate="2155.09,2108.67,2218.01,2234.77" sx="F,M,M,F"/><TAIKYOKU oya="0"/><INIT seed="0,0,0,0,2,110" ten="250,250,250,250" oya="0" hai0="79,61,34,96,6,107,103,132,65,70,43,122,73" hai1="21,123,102,109,91,27,134,92,51,59,57,87,9" hai2="44,49,63,121,76,18,118,125,64,0,7,33,74" hai3="5,99,113,88,11,98,120,112,28,36,111,41,42"/><T86/><D122/><U95/><E109/><V15/><F33/><W81/><G111/><T82/><D132/><U68/><E68/><V45/><F121/><W83/><G120/><T53/><D43/><U8/><E134/><V4/><F125/><W12/><G28/><T22/><D6/><U35/><E35/><V29/><F29/><W129/><G129/><T58/><D22/><U126/><E126/><V24/><F24/><W127/><G127/><T133/><D133/><U117/><E117/><V62/><F74/><W19/><G36/><T14/><D14/><U20/><E20/><V115/><F76/><W31/><G31/><T25/><D25/><U119/><E51/><V75/><F75/><W84/><G81/><T104/><D34/><U105/><E105/><V100/><F100/><W50/><G42/><T3/><D3/><U52/><E123/><V93/><F118/><W23/><G50/><T46/><D46/><U101/><E59/><V114/><F93/><W130/><G41/><T128/><D128/><U135/><E135/><V17/><F49/><W38/><G38/><T78/><D107/><U32/><E32/><V90/><F15/><W40/><G40/><T16/><D16/><N who="1" m="12711" /><E119/><V80/><F0/><W85/><G130/><T69/><D65/><U97/><E101/><V2/><F64/><W47/><G47/><T71/><D73/><U94/><E94/><V13/><F2/><W39/><G39/><T124/><D124/><U116/><E116/><V37/><F37/><W55/><G23/><T48/><D48/><N who="1" m="30855" /><E102/><V66/><F66/><W54/><G54/><RYUUKYOKU ba="0,0" sc="250,15,250,15,250,-15,250,-15" hai0="53,58,61,69,70,71,78,79,82,86,96,103,104" hai1="8,9,87,91,92,95,97" /><INIT seed="0,1,0,1,5,38" ten="265,265,235,235" oya="0" hai0="47,45,88,36,75,53,25,112,57,128,23,130,14" hai1="78,64,26,63,31,9,81,30,94,77,24,42,104" hai2="72,92,122,62,35,121,123,118,19,89,51,15,48" hai3="65,16,100,87,29,113,115,20,132,54,68,66,39"/><T71/><D71/><U134/><E104/><V101/><F72/><W11/><G132/><T61/><D112/><U69/><E134/><V73/><F73/><W67/><G68/><T59/><D75/><U40/><E9/><V95/><F35/><W0/><G29/><T3/><D3/><U10/><E10/><V131/><F131/><N who="0" m="50218" /><D36/><U133/><E133/><V93/><F118/><W116/><G116/><T79/><D79/><U34/><E94/><V58/><F101/><W49/><G39/><T27/><D59/><U135/><E135/><V102/><F102/><W46/><G100/><T98/><D14/><U43/><REACH who="1" step="1"/><E81/><REACH who="1" ten="265,255,235,235" step="2"/><V1/><F1/><W12/><G0/><T117/><D117/><U6/><E6/><V126/><F95/><W127/><G127/><T70/><D70/><U74/><E74/><V120/><F93/><W111/><G111/><T80/><D98/><U129/><E129/><V82/><F82/><W28/><G87/><N who="0" m="50279" /><D27/><U33/><AGARI ba="1,1" hai="24,26,30,31,33,34,40,42,43,63,64,69,77,78" machi="33" ten="30,12000,2" yaku="1,1,0,1,9,1,52,3,53,0" doraHai="38" doraHaiUra="8" who="1" fromWho="1" sc="265,-61,255,133,235,-31,235,-31" /><INIT seed="1,0,0,5,5,17" ten="204,388,204,204" oya="1" hai0="66,62,108,46,40,12,37,56,4,29,67,98,127" hai1="92,18,97,83,27,65,35,99,48,116,87,34,125" hai2="1,123,57,70,22,129,52,47,79,45,132,81,61" hai3="31,26,49,134,20,110,55,69,25,8,90,14,3"/><U122/><E116/><V32/><F32/><W73/><G69/><T7/><D108/><U43/><E125/><V6/><F123/><W128/><G3/><T59/><D127/><U126/><E126/><V50/><F129/><W111/><G128/><T135/><D135/><U88/><E65/><V33/><F33/><W36/><G36/><T60/><D29/><U11/><E122/><V74/><F132/><W78/><G134/><T30/><D30/><U95/><E35/><V68/><F47/><W104/><G104/><T82/><D98/><U63/><E63/><V107/><F107/><W9/><G26/><T113/><D113/><U101/><E34/><V109/><F109/><N who="3" m="41483" /><G90/><T100/><D100/><U85/><E83/><V102/><F102/><W16/><G78/><T15/><REACH who="0" step="1"/><D82/><REACH who="0" ten="194,388,204,204" step="2"/><U21/><E11/><V53/><REACH who="2" step="1"/><F22/><REACH who="2" ten="194,388,194,204" step="2"/><N who="3" m="11543" /><G73/><T112/><D112/><U115/><E115/><V23/><F23/><W103/><G103/><T91/><D91/><U72/><E72/><V71/><F71/><W42/><G42/><T119/><D119/><U51/><E43/><V13/><F13/><AGARI ba="0,2" hai="4,7,12,13,15,37,40,46,56,59,60,62,66,67" machi="13" ten="40,2600,0" yaku="1,1,9,1,53,0" doraHai="17" doraHaiUra="105" who="0" fromWho="2" sc="194,46,388,0,194,-26,204,0" /><INIT seed="2,0,0,4,0,114" ten="240,388,168,204" oya="2" hai0="16,113,49,63,39,117,46,89,85,4,2,17,23" hai1="94,79,101,134,122,14,66,103,11,104,86,41,24" hai2="33,52,60,47,15,30,73,12,90,84,95,6,124" hai3="8,29,0,109,98,68,35,111,45,67,135,34,42"/><V75/><F124/><W69/><G135/><T126/><D113/><U108/><E104/><V130/><F130/><W119/><G119/><T61/><D39/><U65/><E108/><N who="3" m="41546" /><G67/><T28/><D126/><U128/><E41/><V82/><F33/><W40/><G40/><T38/><D38/><U74/><E74/><V56/><F30/><W20/><G98/><T123/><D123/><U71/><E71/><N who="3" m="27210" /><G0/><T10/><D28/><U129/><E65/><V72/><F6/><W43/><G43/><T80/><D117/><U37/><E37/><V102/><REACH who="2" step="1"/><F47/><REACH who="2" ten="240,388,158,204" step="2"/><W116/><G34/><T58/><D58/><U110/><E110/><V106/><F106/><W83/><G35/><T76/><D17/><U125/><E125/><V48/><F48/><W96/><G29/><T44/><D44/><U115/><E115/><V50/><F50/><W57/><G57/><T13/><D49/><U131/><E131/><V25/><F25/><W133/><G45/><T36/><D46/><U105/><E105/><V53/><F53/><W81/><G42/><T87/><REACH who="0" step="1"/><D36/><REACH who="0" ten="230,388,158,204" step="2"/><U93/><E129/><V91/><F91/><W64/><G116/><T62/><D62/><U107/><E128/><V31/><F31/><W27/><G64/><T59/><D59/><U97/><E66/><V1/><F1/><W3/><G3/><T100/><D100/><U121/><E103/><V88/><F88/><W26/><G26/><T70/><D70/><U77/><E24/><V118/><F118/><W112/><G27/><T127/><D127/><U19/><E101/><V120/><F120/><W18/><G112/><RYUUKYOKU ba="0,2" sc="230,15,388,-15,158,15,204,-15" hai0="2,4,10,13,16,23,61,63,76,80,85,87,89" hai2="12,15,52,56,60,72,73,75,82,84,90,95,102" /><INIT seed="2,1,2,3,4,8" ten="245,373,173,189" oya="2" hai0="74,122,46,31,52,14,33,48,130,23,112,32,87" hai1="81,12,55,92,82,125,5,110,62,78,25,26,61" hai2="128,4,15,63,18,135,113,117,107,98,16,44,57" hai3="127,96,59,106,0,93,50,58,120,114,90,91,119"/><V34/><F34/><W10/><G119/><T45/><D74/><U134/><E110/><V72/><F72/><W101/><G120/><T2/><D2/><U108/><E108/><V83/><F113/><W116/><G116/><T51/><D122/><U88/><E78/><V100/><F117/><W30/><G127/><T75/><D75/><U41/><E41/><V71/><F71/><W3/><G114/><T99/><D112/><U124/><E134/><V70/><F70/><W35/><G90/><T77/><D130/><U13/><E55/><V76/><F135/><W123/><G123/><T94/><D87/><U103/><E5/><V129/><F44/><W37/><G37/><T21/><D77/><U17/><E17/><V47/><F47/><W53/><G58/><T39/><D39/><U40/><E103/><V66/><F83/><W79/><G79/><T11/><D31/><U121/><E121/><V115/><F76/><W7/><G30/><T1/><D1/><U68/><E68/><V29/><F29/><W65/><G35/><T9/><D99/><U133/><E133/><V131/><F115/><W86/><G65/><T60/><D94/><U109/><E109/><V42/><F42/><W56/><G56/><T80/><D80/><U36/><E36/><V84/><F84/><W73/><G73/><T27/><D60/><U24/><E40/><V54/><F66/><W22/><G0/><T67/><D67/><U28/><E28/><V132/><F132/><W49/><G49/><T105/><D48/><U64/><E64/><V102/><F102/><W126/><G126/><RYUUKYOKU ba="1,2" sc="245,-15,373,-15,173,15,189,15" hai2="4,15,16,18,54,57,63,98,100,107,128,129,131" hai3="3,7,10,22,50,53,59,86,91,93,96,101,106" /><INIT seed="2,2,2,1,5,0" ten="230,358,188,204" oya="2" hai0="100,11,127,15,91,98,110,124,89,135,67,6,97" hai1="13,69,77,29,5,57,54,10,114,72,122,66,126" hai2="56,79,106,107,4,116,88,108,78,61,113,82,47" hai3="70,37,46,76,85,44,22,112,83,109,93,65,33"/><V7/><F116/><W94/><G33/><T16/><D110/><U128/><E114/><V35/><F35/><W45/><G109/><T103/><D135/><U40/><E40/><V51/><F113/><W120/><G120/><T64/><D103/><U102/><E102/><V28/><F28/><W49/><G112/><T133/><D133/><U34/><E128/><V86/><F108/><W12/><G37/><T117/><D117/><U26/><E69/><V25/><F25/><W41/><G65/><N who="0" m="25163" /><D6/><N who="2" m="2090" /><F107/><W80/><G80/><T74/><D74/><U115/><E115/><V20/><F20/><W125/><G125/><N who="0" m="48203" /><D97/><U3/><E34/><V24/><F24/><W96/><G70/><T101/><D101/><U92/><E3/><V132/><F106/><AGARI ba="2,2" hai="11,15,16,89,91,98,100,106" m="48203,25163" machi="106" ten="30,2000,0" yaku="18,1,54,1" doraHai="0" who="0" fromWho="2" sc="230,46,358,0,188,-26,204,0" /><INIT seed="3,0,0,5,2,86" ten="276,358,162,204" oya="3" hai0="6,64,58,126,124,113,123,109,20,95,93,67,82" hai1="91,9,28,110,128,23,14,55,51,90,21,108,73" hai2="34,40,12,77,8,10,78,44,117,46,130,71,65" hai3="99,53,16,60,13,47,115,15,81,131,38,133,129"/><W37/><G115/><T54/><D123/><U17/><E73/><V102/><F34/><W7/><G133/><T24/><D109/><N who="1" m="42091" /><E128/><N who="3" m="49226" /><G7/><T122/><D122/><U97/><E97/><V63/><F130/><W103/><G13/><T41/><D41/><U125/><E125/><N who="0" m="48233" /><D6/><U116/><E116/><V26/><F117/><W19/><G81/><T104/><D104/><U118/><E118/><V80/><F102/><W70/><G47/><T43/><D43/><U69/><E69/><V56/><F26/><W68/><G53/><T45/><D82/><U76/><E76/><V42/><F71/><N who="3" m="27179" /><G60/><N who="0" m="35927" /><D45/><N who="1" m="28143" /><E21/><V101/><F46/><W135/><G135/><T1/><D1/><U49/><E49/><V0/><F0/><W79/><G79/><T30/><D113/><U92/><E92/><AGARI ba="0,0" hai="20,24,30,64,67,92,93,95" m="35927,48233" machi="92" ten="30,1000,0" yaku="18,1" doraHai="86" who="0" fromWho="1" sc="276,10,358,-10,162,0,204,0" /><INIT seed="4,0,0,5,0,107" ten="286,348,162,204" oya="0" hai0="69,90,108,59,18,120,124,37,27,70,31,26,94" hai1="1,42,19,40,21,134,93,133,2,121,68,83,64" hai2="29,33,38,20,5,71,91,24,123,11,99,115,16" hai3="119,43,131,128,50,62,101,106,84,36,89,118,132"/><T52/><D120/><U79/><E68/><V3/><F71/><W102/><G36/><T48/><D124/><U122/><E64/><V125/><F38/><W72/><G132/><N who="1" m="50794" /><E93/><V66/><F123/><W127/><G127/><T116/><D116/><N who="3" m="44585" /><G62/><T100/><D100/><N who="3" m="38505" /><G50/><T7/><D7/><U60/><E60/><V130/><F125/><W86/><G43/><N who="1" m="16426" /><E2/><V85/><F66/><W75/><G106/><T63/><D37/><U58/><E58/><V41/><F41/><W25/><G25/><T98/><D108/><U57/><E57/><V82/><F99/><W81/><G86/><T0/><D0/><U77/><E77/><V56/><F56/><W78/><G78/><T61/><D61/><U10/><E1/><V111/><F111/><W74/><AGARI ba="0,0" hai="72,74,75,81,84,89,128,131" m="38505,44585" machi="74" ten="40,8000,1" yaku="34,2,52,3" doraHai="107" who="3" fromWho="3" sc="286,-40,348,-20,162,-20,204,80" /><INIT seed="5,0,0,0,1,36" ten="246,328,142,284" oya="1" hai0="26,128,83,86,1,0,122,103,55,59,66,117,109" hai1="38,108,106,11,91,63,18,37,9,118,104,53,40" hai2="7,60,71,75,123,77,34,45,88,100,94,35,64" hai3="80,67,19,81,78,113,112,50,89,46,44,110,126"/><U125/><E38/><V8/><F123/><W102/><G110/><T79/><D109/><U116/><E108/><V39/><F100/><W95/><G126/><T61/><D117/><U52/><E125/><V98/><F77/><W54/><G102/><T62/><D128/><U57/><E91/><V111/><F75/><W76/><G67/><T24/><D122/><U96/><E96/><V32/><F111/><W16/><G46/><T84/><D103/><U119/><E53/><V85/><F98/><N who="3" m="57711" /><G80/><T68/><REACH who="0" step="1"/><D86/><REACH who="0" ten="236,328,142,284" step="2"/><U133/><E106/><V114/><F114/><N who="3" m="44139" /><G76/><T51/><D51/><U129/><E104/><V42/><REACH who="2" step="1"/><F35/><REACH who="2" ten="236,328,132,284" step="2"/><W14/><G78/><T22/><D22/><U21/><E21/><V72/><F72/><W31/><G31/><T121/><D121/><U2/><E119/><V17/><F17/><W131/><G19/><T124/><D124/><U87/><E18/><V90/><F90/><W127/><G127/><T41/><D41/><U30/><E40/><V25/><F25/><AGARI ba="0,2" hai="0,1,24,25,26,55,59,61,62,66,68,79,83,84" machi="25" ten="40,1300,0" yaku="1,1,53,0" doraHai="36" doraHaiUra="99" who="0" fromWho="2" sc="236,33,328,0,132,-13,284,0" /><INIT seed="6,0,0,2,4,44" ten="269,328,119,284" oya="2" hai0="98,92,123,131,8,1,78,55,2,54,93,40,5" hai1="76,134,103,51,15,127,17,70,108,72,34,116,94" hai2="91,68,30,110,119,85,105,79,102,29,114,60,117" hai3="56,26,61,80,50,10,95,19,58,32,57,75,31"/><V59/><F68/><W101/><G75/><T113/><D123/><U87/><E108/><V81/><F110/><W86/><G101/><T28/><D1/><U0/><E0/><V48/><F114/><W25/><G95/><T66/><D113/><U37/><E37/><V96/><F79/><W35/><G61/><T89/><D131/><U129/><E127/><V124/><F124/><W7/><G19/><T36/><D66/><U21/><E134/><V115/><F115/><W99/><G99/><T24/><D78/><U52/><E34/><V43/><F119/><W9/><G7/><T133/><D133/><U33/><E33/><V27/><F117/><W63/><G63/><T84/><D40/><U13/><E72/><V11/><F11/><W62/><G62/><T104/><D36/><U111/><E111/><V39/><F39/><W12/><G12/><T74/><D104/><U90/><E103/><V6/><F6/><W3/><G3/><T100/><D74/><U118/><E76/><V121/><F121/><W53/><G86/><T112/><D112/><U122/><E122/><V82/><F82/><W42/><G42/><T22/><AGARI ba="0,0" hai="2,5,8,22,24,28,54,55,84,89,92,93,98,100" machi="22" ten="20,1500,0" yaku="0,1,7,1" doraHai="44" who="0" fromWho="0" sc="269,15,328,-4,119,-7,284,-4" /><INIT seed="7,0,0,1,5,104" ten="284,324,112,280" oya="3" hai0="126,33,2,125,106,95,40,30,49,69,102,10,119" hai1="121,72,18,43,60,68,123,50,20,114,83,16,0" hai2="116,24,128,8,101,103,133,38,80,9,22,91,118" hai3="32,135,56,39,74,25,41,117,63,78,62,96,110"/><W127/><G117/><T12/><D119/><U82/><E0/><V19/><F38/><W36/><G135/><T90/><D2/><U120/><E72/><V107/><F107/><W88/><G127/><N who="0" m="48651" /><D69/><U55/><E18/><V53/><F133/><W129/><G129/><T130/><D130/><U115/><E43/><V113/><F128/><W122/><G122/><T92/><D106/><U73/><E73/><V132/><F132/><W76/><G110/><T54/><D102/><U5/><E60/><V109/><F109/><W3/><G3/><T64/><D64/><U48/><E48/><V134/><F134/><W77/><G74/><T57/><D40/><U34/><E34/><V112/><F80/><W44/><G36/><T27/><D90/><U111/><E5/><AGARI ba="0,0" hai="5,10,12,27,30,33,49,54,57,92,95" m="48651" machi="5" ten="30,1000,0" yaku="18,1" doraHai="104" who="0" fromWho="1" sc="284,10,324,-10,112,0,280,0" owari="294,9.0,314,42.0,112,-39.0,280,-12.0" /></mjloggm>