<mjloggm ver="2.3"><GO type="169" lobby="0"/><UN n0="%E3%81%AE%E3%81%B3%E3%81%97%E3%82%8D%E2%99%82" n1="%3D%4A%61%6D" n2="%E3%81%86%E3%82%8B%E3%81%95%E3%81%84%E3%81%AF%E8%A4%92%E3%82%81%E8%A9%9E" n3="%E5%B0%B1%E6%B4%BB%E7%94%9F%40%E5%B7%9D%E6%9D%91%E8%BB%8D%E5%9B%A3" dan="16,17,16,17" rate="2065.87,2217.69,2072.73,2158.68" sx="M,M,M,M"/><TAIKYOKU oya="0"/><INIT seed="0,0,0,3,2,23" ten="250,250,250,250" oya="0" hai0="40,7,65,54,19,92,108,122,22,33,117,91,55" hai1="72,82,20,73,3,105,71,52,26,1,100,59,17" hai2="48,56,5,66,127,39,129,25,46,98,95,4,86" hai3="87,45,131,41,133,27,75,124,34,80,114,62,35"/><T111/><D122/><U13/><E71/><V53/><F129/><W94/><G114/><T15/><D117/><U58/><E58/><V119/><F127/><W8/><G75/><T78/><D33/><U103/><E72/><V51/><F39/><W30/><G133/><T126/><D126/><U77/><E105/><V14/><F14/><W115/><G115/><T123/><D123/><U118/><E118/><V83/><F25/><W64/><G94/><T113/><D113/><U109/><E109/><N who="0" m="42057" /><D78/><U135/><E135/><V10/><F10/><W125/><G131/><T85/><D65/><U29/><E1/><V42/><F66/><W128/><G35/><T130/><D130/><U37/><E37/><V84/><F84/><W63/><G8/><N who="0" m="4511" /><D40/><U60/><REACH who="1" step="1"/><E3/><REACH who="1" ten="250,240,250,250" step="2"/><V134/><F134/><W0/><G0/><T116/><D116/><U81/><E81/><V9/><F119/><W112/><G128/><T88/><D91/><U44/><E44/><V107/><F46/><W102/><G45/><T69/><D69/><U21/><AGARI ba="0,1" hai="13,17,20,21,26,29,52,59,60,73,77,82,100,103" machi="21" ten="20,8000,1" yaku="1,1,0,1,7,1,52,1,54,1,53,0" doraHai="23" doraHaiUra="120" who="1" fromWho="1" sc="250,-40,240,90,250,-20,250,-20" /><INIT seed="1,0,0,5,3,132" ten="210,330,230,230" oya="1" hai0="109,30,56,40,102,27,45,22,116,44,107,135,60" hai1="134,81,3,51,26,74,36,42,17,110,101,108,93" hai2="118,112,7,35,50,15,12,89,80,91,85,8,123" hai3="75,133,77,67,46,16,82,65,0,70,57,86,96"/><U18/><E3/><V28/><F123/><W76/><G70/><T33/><D109/><N who="1" m="42091" /><E36/><V64/><F118/><W54/><G0/><T31/><D135/><U41/><E134/><V71/><F112/><W24/><G133/><T47/><D116/><U20/><E51/><V1/><F64/><W104/><G46/><T25/><D107/><U97/><E17/><V127/><F71/><W100/><G76/><AGARI ba="0,0" hai="18,20,26,41,42,74,76,81,93,97,101" m="42091" machi="76" ten="30,2900,0" yaku="14,1,10,1" doraHai="132" who="1" fromWho="3" sc="210,0,330,29,230,0,230,-29" /><INIT seed="1,1,0,1,4,62" ten="210,359,230,201" oya="1" hai0="124,55,6,61,38,27,22,10,13,63,132,4,25" hai1="98,82,74,134,79,83,87,31,78,117,34,12,86" hai2="11,70,66,111,19,85,37,129,0,94,16,71,41" hai3="39,26,59,40,122,50,75,119,5,67,42,47,68"/><U33/><E117/><V131/><F71/><W2/><G75/><T17/><D132/><U48/><E134/><V130/><F111/><W116/><G2/><T89/><D124/><U99/><E74/><V91/><F41/><N who="3" m="22975" /><G5/><T113/><D113/><U105/><E31/><V127/><F37/><W15/><G15/><T76/><D38/><U44/><E12/><V3/><F127/><W57/><G26/><T77/><D27/><U92/><E105/><V72/><F72/><W21/><G21/><T60/><D4/><U114/><E114/><V7/><F3/><W81/><G81/><T28/><D28/><U109/><E109/><V58/><F70/><W125/><G125/><T45/><REACH who="0" step="1"/><D89/><REACH who="0" ten="200,359,230,201" step="2"/><U100/><REACH who="1" step="1"/><E99/><REACH who="1" ten="200,349,230,201" step="2"/><V23/><F23/><W69/><G122/><T95/><D95/><U128/><E128/><V135/><F135/><W54/><G116/><T96/><D96/><U110/><E110/><V36/><F36/><W32/><G32/><T120/><D120/><U14/><E14/><V103/><F103/><W30/><G30/><T49/><AGARI ba="1,2" hai="6,10,13,17,22,25,45,49,55,60,61,63,76,77" machi="49" ten="30,4000,0" yaku="1,1,0,1,8,1,53,0" doraHai="62" doraHaiUra="112" who="0" fromWho="0" sc="200,63,349,-21,230,-11,201,-11" /><INIT seed="2,0,0,2,1,71" ten="263,328,219,190" oya="2" hai0="82,123,38,15,116,0,47,83,24,31,66,12,13" hai1="90,84,23,11,132,19,76,94,18,32,105,99,98" hai2="107,91,135,93,54,41,9,7,58,121,33,118,88" hai3="16,77,65,25,73,6,14,108,110,30,2,80,134"/><V42/><F107/><W27/><G134/><T29/><D123/><U81/><E32/><V79/><F118/><W8/><G65/><T133/><D133/><U112/><E132/><V56/><F33/><W89/><G89/><N who="2" m="34377" /><F121/><W122/><G122/><T26/><D0/><U63/><E112/><V5/><F135/><W57/><G57/><N who="2" m="22121" /><F79/><W113/><G113/><T68/><D116/><U20/><E105/><V59/><F93/><W49/><G49/><T103/><D103/><U28/><E28/><V85/><F85/><W69/><G69/><T86/><D68/><U131/><E131/><V64/><F64/><W40/><G40/><N who="2" m="15465" /><F9/><W45/><G45/><T87/><D66/><U95/><E11/><V75/><F75/><W35/><REACH who="3" step="1"/><G27/><REACH who="3" ten="263,328,219,180" step="2"/><T72/><D47/><U114/><E114/><V44/><F44/><W17/><G17/><T4/><D26/><U46/><E46/><V60/><AGARI ba="0,1" hai="5,7,54,59,60" m="15465,22121,34377" machi="60" ten="30,3000,0" yaku="8,1,54,1" doraHai="71" who="2" fromWho="2" sc="263,-10,328,-10,219,40,180,-10" /><INIT seed="2,1,0,1,2,73" ten="253,318,259,170" oya="2" hai0="98,58,121,53,26,104,124,48,92,16,119,102,78" hai1="13,94,111,37,8,125,4,42,132,109,115,11,103" hai2="116,54,6,50,114,1,14,43,38,91,60,39,89" hai3="59,27,133,76,31,23,67,30,0,65,62,20,95"/><V122/><F1/><W28/><G0/><T75/><D121/><U112/><E37/><V83/><F116/><W97/><G133/><T68/><D68/><U113/><E42/><V71/><F122/><W3/><G3/><T77/><D119/><U84/><E132/><V105/><F105/><W100/><G67/><T64/><D75/><U57/><E125/><V85/><F114/><W29/><G23/><N who="0" m="13671" /><D104/><U5/><E57/><V36/><F43/><W93/><G93/><T87/><D124/><U99/><E84/><V2/><F2/><W46/><G46/><N who="0" m="27799" /><D87/><U7/><REACH who="1" step="1"/><E13/><REACH who="1" ten="253,308,259,170" step="2"/><V45/><F71/><W117/><G117/><T18/><D18/><U33/><E33/><V10/><REACH who="2" step="1"/><F60/><AGARI ba="1,1" hai="58,60,64,77,78,92,98,102" m="27799,13671" machi="60" ten="30,7700,0" yaku="8,1,52,2,54,1" doraHai="73" who="0" fromWho="2" sc="253,90,308,0,259,-80,170,0" /><INIT seed="3,0,0,5,4,121" ten="343,308,179,170" oya="3" hai0="36,49,10,83,40,4,113,69,86,58,133,16,60" hai1="29,13,24,45,80,132,123,75,76,74,39,23,25" hai2="122,107,28,51,65,103,78,101,32,119,38,44,94" hai3="125,35,72,110,6,67,96,9,11,118,17,62,5"/><W2/><G118/><T37/><D69/><U93/><E123/><V1/><F1/><W82/><G125/><T20/><D133/><U134/><E93/><V111/><F38/><W7/><G35/><T104/><D104/><U59/><E59/><V33/><F78/><W14/><G96/><T3/><D113/><U106/><E106/><V30/><F65/><W128/><G128/><T26/><D49/><U48/><E39/><V116/><F107/><W63/><G63/><T81/><D40/><U57/><E57/><V0/><F0/><W105/><G105/><T117/><D83/><U115/><E115/><V99/><F94/><W131/><G131/><T85/><D86/><U8/><E25/><V100/><F99/><W88/><G110/><T22/><D22/><U90/><E90/><V41/><F122/><W135/><G135/><N who="1" m="51754" /><E80/><V19/><F19/><W31/><G31/><T52/><REACH who="0" step="1"/><D117/><REACH who="0" ten="333,308,179,170" step="2"/><U129/><E129/><V70/><F70/><W114/><G114/><T56/><D56/><U54/><E76/><AGARI ba="0,1" hai="3,4,10,16,20,26,36,37,52,58,60,76,81,85" machi="76" ten="30,7700,0" yaku="1,1,7,1,54,2,53,0" doraHai="121" doraHaiUra="87" who="0" fromWho="1" sc="333,87,308,-77,179,0,170,0" /><INIT seed="4,0,0,0,4,19" ten="420,231,179,170" oya="0" hai0="65,129,34,29,102,46,28,80,53,33,79,118,18" hai1="81,76,38,87,35,6,64,12,20,50,101,58,42" hai2="41,119,84,91,100,9,116,52,32,97,4,1,37" hai3="27,60,115,55,85,128,62,31,43,95,40,89,105"/><T71/><D129/><U110/><E35/><V103/><F32/><W127/><G105/><T98/><D118/><U109/><E101/><V45/><F52/><W51/><G115/><T130/><D130/><U121/><E121/><V124/><F124/><W70/><G128/><T133/><D133/><U104/><E104/><V77/><F77/><W88/><G127/><T117/><D117/><N who="2" m="45130" /><F97/><W82/><G70/><T8/><D46/><N who="1" m="25943" /><E38/><V132/><F132/><W131/><G131/><T114/><D53/><U93/><E93/><AGARI ba="0,0" hai="1,4,9,37,41,45,84,91,93,100,103" m="45130" machi="93" ten="30,1000,0" yaku="12,1" doraHai="19" who="2" fromWho="1" sc="420,0,231,-10,179,10,170,0" /><INIT seed="5,0,0,3,3,118" ten="420,221,189,170" oya="1" hai0="98,75,133,48,114,116,97,132,94,43,90,108,135" hai1="117,128,64,46,83,37,92,111,93,16,47,54,99" hai2="130,39,124,67,50,76,24,51,56,106,72,129,29" hai3="107,63,20,21,119,68,30,121,59,28,38,70,35"/><U115/><E117/><V31/><F106/><W1/><G119/><T91/><D116/><U10/><E111/><V80/><F39/><W52/><G107/><T95/><D75/><U125/><E125/><V85/><F124/><W88/><G38/><T44/><REACH who="0" step="1"/><D114/><REACH who="0" ten="410,221,189,170" step="2"/><U77/><E115/><V96/><F72/><W27/><G121/><T110/><AGARI ba="0,1" hai="43,44,48,90,91,94,95,97,98,108,110,132,133,135" machi="110" ten="40,8000,1" yaku="1,1,2,1,0,1,9,1,20,1,53,0" doraHai="118" doraHaiUra="62" who="0" fromWho="0" sc="410,90,221,-40,189,-20,170,-20" /><INIT seed="6,0,0,2,5,79" ten="500,181,169,150" oya="2" hai0="68,113,55,23,11,30,126,0,87,85,26,88,118" hai1="129,70,91,108,27,106,15,135,38,119,123,50,105" hai2="32,47,1,58,80,82,49,103,10,25,130,37,33" hai3="40,77,65,66,45,7,128,86,94,75,51,61,99"/><V120/><F120/><W131/><G75/><T96/><D113/><U95/><E38/><V109/><F37/><W98/><G7/><T111/><D126/><U112/><E119/><V125/><F125/><W3/><G3/><T35/><D118/><U48/><E70/><V97/><F32/><W115/><G115/><T39/><D68/><U44/><E112/><V42/><F109/><W121/><G121/><T64/><D64/><U62/><E50/><V41/><F41/><W110/><G110/><T4/><D111/><U14/><E108/><V92/><F130/><N who="3" m="49707" /><G61/><T34/><D39/><U53/><E106/><V9/><F1/><W24/><G24/><T8/><D8/><N who="2" m="3178" /><F33/><W124/><G124/><T114/><D114/><U101/><E105/><V43/><F43/><W78/><G98/><T60/><D87/><U21/><E129/><V133/><F133/><W46/><G46/><T93/><D96/><U89/><E135/><V76/><F76/><N who="3" m="29291" /><G86/><T57/><AGARI ba="0,0" hai="0,4,11,23,26,30,34,35,55,57,60,85,88,93" machi="57" ten="30,2000,0" yaku="0,1,54,1" doraHai="79" who="0" fromWho="0" sc="500,20,181,-5,169,-10,150,-5" /><INIT seed="7,0,0,5,5,101" ten="520,176,159,145" oya="3" hai0="111,73,1,128,0,75,134,74,22,60,21,43,122" hai1="80,82,52,30,9,94,20,119,72,132,51,114,7" hai2="23,48,98,40,39,33,4,86,16,44,12,42,29" hai3="37,14,127,34,69,106,123,32,100,103,118,81,24"/><W41/><G123/><T95/><D111/><U109/><E109/><V92/><F4/><W110/><G110/><T50/><D134/><U84/><E132/><V113/><F113/><W83/><G69/><T91/><D128/><U5/><E114/><V108/><F108/><W79/><G118/><T2/><D60/><U87/><E72/><V93/><F29/><W27/><G127/><T85/><D122/><U70/><E70/><V17/><F33/><W49/><G37/><T26/><D26/><N who="3" m="9769" /><G106/><T64/><D64/><U133/><E133/><V13/><F86/><N who="1" m="32809" /><E20/><N who="2" m="11279" /><F39/><W99/><G99/><T130/><D130/><U105/><E105/><V10/><F23/><W62/><G62/><T121/><D121/><U112/><E30/><V28/><F28/><W3/><G3/><T97/><D97/><U55/><E112/><V54/><F93/><W115/><G115/><T125/><D125/><U131/><E131/><V18/><F18/><W71/><G71/><T124/><D124/><U61/><E94/><V66/><F66/><W77/><G14/><T67/><D67/><U57/><E119/><V90/><AGARI ba="0,0" hai="10,12,17,40,42,44,48,54,90,92,98" m="11279" machi="90" ten="30,2000,0" yaku="8,1,54,1" doraHai="101" who="2" fromWho="2" sc="520,-5,176,-5,159,20,145,-10" owari="515,61.0,171,-23.0,179,-2.0,135,-36.0" /></mjloggm>