<mjloggm ver="2.3"><GO type="169" lobby="0"/><UN n0="%E3%82%B7%E3%83%B3%E3%83%87%E3%83%AB%E3%83%A9" n1="%7A%61%63%63" n2="%E5%8D%97%E5%9B%BD%E3%81%97%E3%82%8D%E3%81%8F%E3%81%BE" n3="%E3%83%88%E3%83%88%E3%83%AA%E5%85%88%E7%94%9F%31%39%E6%AD%B3" dan="16,17,17,18" rate="2140.73,2138.22,2165.40,2186.57" sx="F,F,M,F"/><TAIKYOKU oya="0"/><INIT seed="0,0,0,0,3,25" ten="250,250,250,250" oya="0" hai0="130,119,13,95,2,84,1,45,27,134,31,0,7" hai1="110,117,61,47,8,59,36,66,120,73,30,33,91" hai2="96,103,9,71,81,50,42,97,35,116,26,57,80" hai3="43,39,108,72,78,105,89,64,113,102,79,104,17"/><T82/><D119/><U54/><E117/><V92/><F71/><W19/><G43/><T24/><D134/><U5/><E120/><V68/><F68/><W55/><G55/><T90/><D130/><U10/><E73/><V69/><F69/><W32/><G72/><T77/><D45/><U94/><E110/><V118/><F118/><W98/><G98/><T37/><D37/><U14/><E10/><V65/><F9/><W101/><G89/><T23/><D27/><U93/><E93/><V122/><F122/><W3/><G39/><T126/><D126/><U115/><E115/><V132/><F132/><W52/><G52/><T58/><D58/><U87/><E33/><V131/><F131/><W88/><G88/><T114/><D114/><U21/><E36/><V22/><F116/><W133/><G133/><T40/><D40/><U109/><E109/><V46/><F35/><W100/><G32/><T41/><D41/><U12/><E47/><V62/><F97/><W60/><G108/><T16/><D7/><U15/><E66/><V51/><F50/><W56/><G3/><T85/><REACH who="0" step="1"/><D0/><REACH who="0" ten="240,250,250,250" step="2"/><U67/><E67/><V135/><REACH who="2" step="1"/><F135/><REACH who="2" ten="240,250,240,250" step="2"/><W53/><G113/><T128/><D128/><U70/><E70/><V99/><F99/><W28/><G56/><T127/><D127/><U124/><E124/><V129/><F129/><W38/><G38/><T11/><AGARI ba="0,2" hai="1,2,11,13,16,23,24,31,77,82,84,85,90,95" machi="11" ten="20,18000,2" yaku="1,1,0,1,7,1,52,1,54,1,53,1" doraHai="25" doraHaiUra="18" who="0" fromWho="0" sc="240,200,250,-60,240,-60,250,-60" /><INIT seed="0,1,0,5,5,13" ten="440,190,180,190" oya="0" hai0="86,105,100,132,56,98,23,130,127,78,123,71,43" hai1="25,39,58,72,65,45,66,129,122,26,41,76,11" hai2="116,40,63,114,27,106,102,126,131,53,81,99,57" hai3="119,51,73,125,8,135,21,82,94,118,1,62,28"/><T46/><D71/><U9/><E122/><V107/><F116/><W35/><G35/><T60/><D123/><U15/><E129/><V31/><F114/><W30/><G135/><T61/><D132/><U3/><E72/><V103/><F131/><W85/><G73/><T110/><D130/><U91/><E76/><V19/><F126/><W109/><G125/><T68/><D127/><U42/><E42/><V115/><F40/><W112/><G109/><T32/><D32/><U44/><E45/><V6/><F6/><W69/><G112/><T134/><D134/><U74/><E74/><V77/><F115/><W47/><G94/><T7/><D7/><U12/><E3/><V59/><F59/><W101/><G101/><T48/><D68/><U67/><E91/><V84/><F103/><W128/><G128/><T104/><D110/><U0/><E0/><V96/><F96/><W22/><G8/><T17/><D105/><U90/><E90/><V10/><F107/><W64/><G1/><T121/><D121/><U55/><E15/><V54/><F54/><N who="3" m="30079" /><G119/><T92/><D56/><U36/><E9/><V120/><F120/><W50/><G50/><T108/><D108/><U133/><E39/><V113/><F113/><W37/><G37/><T24/><REACH who="0" step="1"/><D104/><REACH who="0" ten="430,190,180,190" step="2"/><U18/><REACH who="1" step="1"/><E133/><REACH who="1" ten="430,180,180,190" step="2"/><V20/><REACH who="2" step="1"/><F10/><REACH who="2" ten="430,180,170,190" step="2"/><W97/><G118/><T75/><D75/><U93/><E93/><V34/><F34/><W80/><G69/><T29/><D29/><AGARI ba="1,3" hai="19,20,27,29,31,53,57,63,77,81,84,99,102,106" machi="29" ten="40,2600,0" yaku="1,1,52,1,53,0" doraHai="13" doraHaiUra="117" who="2" fromWho="0" sc="430,-29,180,0,170,59,190,0" /><INIT seed="1,0,0,2,0,100" ten="401,180,229,190" oya="1" hai0="119,93,72,48,33,118,32,18,52,122,96,47,84" hai1="46,71,66,106,4,75,67,59,19,83,113,126,10" hai2="104,130,13,39,81,102,51,114,69,16,28,5,29" hai3="31,23,78,92,90,133,6,36,37,89,76,68,108"/><U35/><E113/><V65/><F39/><W14/><G68/><T64/><D72/><U41/><E19/><V105/><F114/><W87/><G108/><T24/><D122/><U34/><E59/><V12/><F5/><W103/><G133/><T98/><D64/><U9/><E9/><V38/><F38/><W127/><G127/><T49/><D84/><U15/><E126/><V73/><F102/><W99/><G36/><T110/><D110/><U50/><E106/><V125/><F125/><W55/><G37/><T3/><D3/><U109/><E109/><V82/><F51/><W62/><G90/><T123/><D123/><U88/><E75/><V85/><F73/><W121/><G121/><T77/><D77/><U132/><E132/><V91/><F130/><W17/><G31/><T21/><D49/><U8/><E71/><V116/><F116/><W45/><G6/><T115/><D115/><U22/><E22/><V2/><F2/><W74/><G74/><T79/><D79/><U135/><E10/><V70/><F65/><N who="1" m="24585" /><E135/><V43/><F43/><W112/><G112/><T26/><D118/><U120/><E120/><V124/><F124/><W7/><G7/><T86/><D119/><U54/><E41/><V129/><F129/><W111/><G111/><T58/><D33/><U20/><E20/><V25/><F25/><W0/><G0/><T1/><D1/><U60/><E60/><V42/><F42/><W107/><G62/><T27/><D32/><U61/><E61/><V11/><F11/><W131/><G131/><T134/><D134/><U117/><E117/><RYUUKYOKU ba="0,0" sc="401,-15,180,15,229,-15,190,15" hai1="4,8,15,34,35,46,50,54,83,88" hai3="14,17,23,45,55,76,78,87,89,92,99,103,107" /><INIT seed="1,1,0,1,3,68" ten="386,195,214,205" oya="1" hai0="110,48,11,103,86,17,85,75,97,56,47,67,34" hai1="46,23,80,112,64,7,115,31,72,113,57,74,40" hai2="76,41,109,25,81,14,93,135,77,54,107,73,95" hai3="12,36,101,130,52,108,91,134,124,15,27,5,1"/><U21/><E7/><V32/><F107/><W6/><G1/><T66/><D75/><U122/><E122/><V58/><F135/><W133/><G101/><T131/><D110/><U128/><E128/><V19/><F109/><W94/><G108/><T69/><D69/><U89/><E72/><V9/><F77/><W20/><G130/><T96/><D34/><U28/><E23/><V63/><F32/><W42/><G124/><T59/><D131/><U129/><E129/><V90/><F41/><W24/><G52/><T35/><D35/><U92/><E21/><V102/><F102/><W127/><G127/><T44/><D103/><U18/><E18/><V105/><F105/><W38/><G20/><T120/><D17/><U16/><E16/><V100/><F100/><W84/><G42/><T117/><D48/><U118/><E57/><V125/><F125/><W99/><G84/><T79/><D79/><U30/><E64/><V4/><F25/><W43/><G43/><T111/><D111/><U70/><E70/><V0/><F90/><W55/><G55/><T119/><REACH who="0" step="1"/><D11/><AGARI ba="1,0" hai="0,4,9,11,14,19,54,58,63,73,76,81,93,95" machi="11" ten="30,1000,0" yaku="7,1" doraHai="68" who="2" fromWho="0" sc="386,-13,195,0,214,13,205,0" /><INIT seed="2,0,0,1,1,11" ten="373,195,227,205" oya="2" hai0="67,34,29,2,79,76,13,64,107,23,15,7,24" hai1="135,95,45,17,132,99,84,83,115,133,63,55,97" hai2="58,108,111,56,9,41,25,105,46,78,128,50,86" hai3="39,66,106,12,1,20,3,14,44,0,28,110,88"/><V73/><F105/><W36/><G106/><T113/><D113/><U127/><E115/><V42/><F73/><W30/><G110/><N who="2" m="42025" /><F128/><W114/><G114/><T59/><D107/><U38/><E127/><V31/><F9/><W121/><G121/><T112/><D112/><U101/><E38/><V21/><F42/><W43/><G39/><T92/><D2/><U82/><E99/><V134/><F134/><W98/><G66/><T68/><D68/><U89/><E17/><V119/><F119/><W117/><G117/><T54/><D7/><U80/><REACH who="1" step="1"/><E63/><REACH who="1" ten="373,185,227,205" step="2"/><V81/><AGARI ba="0,1" hai="21,25,31,41,46,50,56,58,78,81,86" m="42025" machi="81" ten="30,3000,0" yaku="14,1,10,1" doraHai="11" who="2" fromWho="2" sc="373,-10,185,-10,227,40,205,-10" /><INIT seed="2,1,0,4,2,38" ten="363,175,267,195" oya="2" hai0="47,28,63,87,68,127,17,96,109,99,131,40,82" hai1="100,39,78,53,74,94,56,91,89,6,132,70,92" hai2="73,27,20,128,79,36,4,115,42,11,133,33,71" hai3="31,101,67,3,84,54,135,65,85,120,83,26,112"/><V12/><F115/><W86/><G120/><T121/><D121/><U25/><E70/><V104/><F71/><W105/><G3/><T13/><D109/><U64/><E64/><V48/><F104/><W14/><G112/><T130/><D127/><U23/><E6/><V114/><F114/><W113/><G135/><T125/><D28/><U50/><E39/><V2/><F133/><W59/><G83/><T5/><D5/><U51/><E74/><V98/><F98/><W37/><G37/><N who="0" m="21903" /><D63/><U126/><E78/><V116/><F116/><W129/><G129/><N who="0" m="49163" /><D68/><U43/><E126/><V72/><F128/><W102/><G113/><T108/><D108/><U9/><E9/><V34/><F48/><W90/><G90/><N who="1" m="34314" /><E100/><V24/><F24/><W52/><G102/><T107/><D107/><U1/><E1/><V60/><F60/><N who="3" m="38047" /><G101/><T66/><D66/><U30/><E132/><V103/><F103/><W58/><G105/><T61/><D61/><U45/><AGARI ba="1,0" hai="23,25,30,43,45,50,51,53,56,92,94" m="34314" machi="45" ten="30,2000,0" yaku="8,1,52,1" doraHai="38" who="1" fromWho="1" sc="363,-6,175,23,267,-11,195,-6" /><INIT seed="3,0,0,3,5,49" ten="357,198,256,189" oya="3" hai0="125,110,23,20,100,80,106,88,22,10,13,74,92" hai1="120,29,52,7,109,90,117,85,77,9,59,11,62" hai2="55,102,39,63,112,131,44,43,119,101,73,26,98" hai3="105,133,6,116,91,64,128,5,25,27,69,124,114"/><W40/><G114/><T129/><D110/><U89/><E109/><V28/><F112/><W21/><G116/><T8/><D125/><U78/><E120/><V123/><F119/><W70/><G105/><T24/><D129/><U76/><E117/><V104/><F131/><W81/><G128/><T48/><D24/><U66/><E29/><V115/><F115/><W65/><G40/><T51/><D100/><U35/><E35/><V84/><F73/><W122/><G81/><T32/><D106/><U37/><E37/><V3/><F3/><W127/><G21/><T94/><D32/><U42/><E42/><V18/><F18/><W107/><G107/><T61/><D61/><U95/><E7/><V130/><F130/><W45/><G45/><T75/><D75/><U2/><E2/><V16/><F16/><W68/><G68/><T15/><D74/><U31/><E31/><V132/><F132/><W12/><G91/><T60/><D60/><U54/><E90/><V72/><F72/><W38/><G38/><T36/><D36/><U56/><E66/><V50/><F63/><AGARI ba="0,0" hai="9,11,52,54,56,59,62,63,76,77,78,85,89,95" machi="63" ten="40,8000,1" yaku="9,1,8,1,52,2,54,1" doraHai="49" who="1" fromWho="2" sc="357,0,198,80,256,-80,189,0" /><INIT seed="4,0,0,1,5,102" ten="357,278,176,189" oya="0" hai0="87,21,110,57,15,68,16,48,33,39,53,71,90" hai1="12,17,4,122,44,34,120,64,107,83,10,114,73" hai2="52,35,132,129,111,19,14,96,51,108,65,63,31" hai3="50,85,89,36,124,7,67,117,2,133,43,125,100"/><T18/><D110/><U42/><E64/><V8/><F132/><W47/><G117/><T66/><D39/><U30/><E107/><V72/><F72/><W0/><G133/><T6/><D33/><U135/><E135/><V26/><F129/><W94/><G67/><T1/><D66/><U24/><E83/><V118/><F118/><W123/><G123/><T22/><D6/><U115/><E73/><V55/><F96/><W37/><G100/><T20/><D1/><N who="3" m="617" /><G7/><T70/><REACH who="0" step="1"/><D18/><REACH who="0" ten="347,278,176,189" step="2"/><U29/><E4/><V80/><F111/><W98/><G37/><T127/><D127/><U5/><E122/><V58/><F108/><W32/><G32/><T38/><D38/><U84/><E120/><V13/><F65/><W74/><G36/><T25/><D25/><U113/><E24/><V79/><F19/><W106/><G124/><T76/><D76/><U95/><E34/><V61/><F26/><W99/><G125/><T81/><AGARI ba="0,1" hai="15,16,20,21,22,48,53,57,68,70,71,81,87,90" machi="81" ten="30,6000,0" yaku="1,1,0,1,54,1,53,0" doraHai="102" doraHaiUra="59" who="0" fromWho="0" sc="347,70,278,-20,176,-20,189,-20" /><INIT seed="4,1,0,5,5,51" ten="417,258,156,169" oya="0" hai0="65,58,109,123,66,47,61,10,62,134,50,117,132" hai1="39,28,44,120,16,69,23,29,73,35,53,19,14" hai2="113,38,12,18,21,83,31,30,127,112,80,4,0" hai3="135,110,78,133,11,2,100,17,92,24,93,42,86"/><T81/><D81/><U108/><E120/><V46/><F127/><W84/><G110/><T119/><D10/><U131/><E108/><V101/><F101/><W27/><G42/><T116/><D109/><U52/><E69/><V33/><F38/><W94/><G100/><T8/><D8/><U41/><E73/><V104/><F104/><W95/><N who="3" m="23552" /><DORA hai="118" /><W54/><G78/><T122/><D50/><U26/><E131/><V102/><F102/><W97/><G97/><T87/><D87/><U72/><E72/><V45/><F4/><W130/><G130/><T125/><D47/><N who="2" m="17930" /><F0/><W60/><G24/><T56/><D125/><U111/><E111/><V103/><F103/><W5/><G27/><T36/><D36/><U90/><E90/><V37/><F37/><W15/><G5/><T63/><D63/><U7/><E7/><V43/><F43/><W115/><G115/><N who="2" m="44105" /><F33/><W67/><G2/><T59/><D59/><U105/><E105/><V48/><F48/><W126/><G126/><T88/><D88/><U96/><E96/><V13/><F12/><W76/><G76/><T1/><D1/><U75/><E75/><V68/><F68/><W107/><G107/><T99/><D99/><U121/><E35/><V6/><F6/><W49/><G84/><T74/><D74/><U129/><E129/><V25/><F13/><W89/><G86/><T114/><D114/><U3/><E3/><V57/><F57/><N who="3" m="32975" /><G89/><T91/><D91/><U22/><E41/><V124/><F124/><W106/><G106/><T32/><D32/><U82/><E39/><V40/><F40/><RYUUKYOKU ba="1,0" sc="417,10,258,-30,156,10,169,10" hai0="56,58,61,62,65,66,116,117,119,122,123,132,134" hai2="18,21,25,30,31,80,83" hai3="11,15,17,60,67,133,135" /><INIT seed="4,2,0,1,5,97" ten="427,228,166,179" oya="0" hai0="31,28,79,33,85,111,106,105,17,34,82,117,119" hai1="14,124,9,127,5,27,16,56,64,120,108,58,24" hai2="36,121,47,30,37,0,102,104,101,66,4,6,55" hai3="96,107,87,10,134,81,93,126,76,13,133,7,35"/><T67/><D67/><U98/><E120/><V125/><F121/><W15/><G35/><T118/><D111/><U131/><E108/><V73/><F73/><W65/><G126/><N who="1" m="48170" /><E131/><V72/><F125/><W32/><G32/><T49/><D17/><U68/><E68/><V115/><F72/><W3/><G107/><T25/><REACH who="0" step="1"/><D49/><REACH who="0" ten="417,228,166,179" step="2"/><U62/><E27/><AGARI ba="2,1" hai="25,27,28,31,33,34,79,82,85,105,106,117,118,119" machi="27" ten="40,12000,1" yaku="1,1,2,1,9,1,53,2" doraHai="97" doraHaiUra="21" who="0" fromWho="1" sc="417,136,228,-126,166,0,179,0" /><INIT seed="4,3,0,5,2,85" ten="553,102,166,179" oya="0" hai0="48,17,76,128,71,79,24,4,117,50,124,74,14" hai1="37,107,13,87,58,135,131,63,118,16,67,97,94" hai2="53,90,93,49,57,35,52,96,78,45,34,92,8" hai3="103,134,98,116,120,109,1,111,15,32,51,88,27"/><T42/><D117/><U59/><E118/><V10/><F78/><W12/><G116/><T86/><D71/><U72/><E72/><V68/><F68/><W18/><G1/><T5/><D74/><U43/><E135/><V100/><F35/><W56/><G134/><T110/><D124/><U99/><E131/><V60/><F34/><W126/><G126/><T129/><D110/><U83/><E107/><V108/><F108/><W7/><G120/><T31/><D31/><U65/><E37/><V47/><F45/><W105/><G7/><T112/><D24/><U101/><E43/><V0/><F0/><W33/><G12/><T23/><D112/><U40/><E99/><AGARI ba="3,0" hai="8,10,47,49,52,53,57,60,90,92,93,96,99,100" machi="99" ten="30,7700,0" yaku="7,1,8,1,52,1,54,1" doraHai="85" who="2" fromWho="1" sc="553,0,102,-86,166,86,179,0" /><INIT seed="5,0,0,0,1,70" ten="553,16,252,179" oya="1" hai0="89,113,57,44,128,26,120,94,50,112,125,93,108" hai1="58,10,15,34,132,83,99,32,49,127,129,80,73" hai2="126,114,115,75,18,48,27,37,88,20,66,53,78" hai3="33,6,67,111,25,122,11,81,59,109,110,23,117"/><U31/><E31/><V36/><F126/><W98/><G67/><T103/><D108/><U62/><E127/><V4/><F66/><W92/><G81/><N who="1" m="31306" /><E34/><V42/><F42/><W39/><G59/><T0/><D0/><U69/><E69/><V131/><F131/><W79/><G79/><T22/><D128/><U72/><E32/><V86/><F78/><W64/><G64/><T21/><D125/><U107/><E129/><V29/><F4/><W61/><G61/><T24/><D120/><U28/><E28/><V87/><F75/><N who="1" m="28745" /><E49/><V7/><F7/><W60/><G60/><T84/><D50/><U76/><E58/><N who="2" m="33063" /><F29/><W14/><G122/><T90/><D57/><U124/><E62/><V134/><F87/><W54/><G54/><T130/><D130/><U119/><E15/><V17/><F17/><W1/><G33/><T8/><D26/><U91/><E124/><V100/><F100/><W82/><G1/><T135/><D24/><U55/><E55/><V101/><F101/><W63/><G63/><T12/><D12/><U19/><E132/><V38/><F134/><W3/><G3/><T2/><D135/><U13/><E76/><V46/><F46/><W41/><G25/><T68/><D44/><U45/><E45/><V35/><F35/><W30/><G30/><T40/><D2/><U65/><E65/><V133/><F133/><W56/><G56/><T52/><D68/><U116/><E107/><V95/><F27/><W118/><G6/><T16/><D52/><U106/><E106/><V96/><F18/><W123/><G14/><T121/><D16/><RYUUKYOKU ba="0,0" sc="553,-10,16,30,252,-10,179,-10" hai1="10,13,19,91,99,116,119" /><INIT seed="5,1,0,2,0,34" ten="543,46,242,169" oya="1" hai0="39,94,127,72,7,36,37,105,4,31,87,53,35" hai1="25,8,86,82,23,16,30,29,55,2,38,66,21" hai2="98,44,62,124,131,50,78,15,58,93,74,18,97" hai3="133,77,112,104,114,27,22,89,119,56,84,5,90"/><U120/><E38/><V9/><F124/><W134/><G104/><T121/><D105/><U42/><E42/><V68/><F68/><W47/><G119/><T32/><D72/><U109/><E120/><V52/><F131/><W49/><G56/><T12/><D127/><U99/><E66/><V3/><F3/><W91/><G5/><T40/><D121/><U96/><E109/><V88/><F74/><W128/><G128/><T122/><D122/><U64/><E64/><N who="2" m="38999" /><F78/><W57/><G57/><T126/><D126/><U116/><E116/><V81/><F81/><N who="3" m="47151" /><G22/><T103/><D40/><U6/><E55/><V45/><F44/><W61/><G27/><T65/><D65/><U115/><E30/><V110/><F110/><W48/><G61/><T43/><D43/><U60/><E115/><N who="3" m="44074" /><G48/><T11/><D4/><U135/><E135/><V95/><F95/><W26/><G26/><T100/><D94/><U24/><REACH who="1" step="1"/><E60/><REACH who="1" ten="543,36,242,169" step="2"/><V102/><F102/><W10/><G134/><T106/><D37/><U80/><E80/><V13/><F13/><W111/><G133/><T33/><D12/><U73/><E73/><V83/><F83/><W108/><G108/><T85/><D36/><U70/><E70/><V129/><F129/><W14/><G111/><T69/><D39/><U123/><E123/><V101/><F101/><W75/><G75/><T54/><D54/><U59/><E59/><V28/><F28/><W51/><G47/><T79/><D53/><U17/><E17/><V130/><F130/><W125/><G125/><T20/><D69/><U46/><E46/><V67/><F67/><RYUUKYOKU ba="1,1" sc="543,-30,36,10,242,10,169,10" hai1="2,6,8,16,21,23,24,25,29,82,86,96,99" hai2="9,15,18,45,50,52,88,93,97,98" hai3="10,14,49,51,89,90,91" /><INIT seed="5,2,1,1,5,52" ten="513,46,252,179" oya="1" hai0="126,41,30,40,121,119,86,105,54,92,28,103,108" hai1="62,48,12,131,70,32,96,6,134,76,81,64,57" hai2="79,38,122,120,75,51,117,110,113,22,10,7,36" hai3="71,128,111,82,49,97,55,87,31,69,107,84,106"/><U24/><E134/><V118/><F75/><W16/><G111/><T100/><D108/><U83/><E131/><V33/><F79/><W115/><G128/><T4/><D4/><U13/><E6/><V42/><F110/><W43/><G115/><T114/><D114/><U74/><E83/><V63/><F22/><W66/><G43/><T8/><D8/><U104/><E48/><V3/><F63/><W35/><G87/><T132/><D86/><U61/><E24/><V65/><F65/><W9/><G31/><T26/><D26/><U109/><E32/><V72/><F51/><W133/><G35/><T25/><D25/><U116/><E116/><N who="2" m="44651" /><F72/><W53/><G53/><T50/><D54/><U17/><E109/><V129/><F113/><W5/><G133/><T1/><D50/><U34/><E34/><V18/><F18/><W91/><G16/><T15/><D132/><U127/><E96/><V102/><F129/><W0/><G66/><T77/><D119/><U37/><E104/><V88/><F33/><W11/><G11/><T29/><D105/><U67/><E37/><V130/><F130/><W80/><G80/><T27/><D30/><U59/><E70/><V60/><F36/><W78/><G107/><T89/><D29/><U112/><E112/><V125/><F38/><W46/><G78/><T45/><D28/><U99/><E99/><V95/><F7/><W20/><G20/><T123/><D77/><U85/><E74/><V21/><F122/><W2/><G2/><T93/><D121/><U73/><E73/><V135/><F120/><W94/><G106/><RYUUKYOKU ba="2,1" sc="513,-10,46,-10,252,-10,179,30" hai3="0,5,9,46,49,55,69,71,82,84,91,94,97" /><INIT seed="6,3,1,1,5,114" ten="503,36,242,209" oya="2" hai0="28,117,39,8,126,132,123,78,105,4,55,12,96" hai1="121,130,64,77,36,68,18,10,116,47,56,25,11" hai2="84,131,20,73,85,0,67,30,40,74,76,32,48" hai3="92,54,94,42,13,31,14,112,53,50,35,34,65"/><V6/><F32/><W97/><G112/><T80/><D123/><U46/><E121/><V26/><F131/><W93/><G97/><T49/><D39/><U15/><E68/><V62/><F0/><W90/><G90/><T102/><D28/><U70/><E70/><V16/><F6/><W82/><G82/><T24/><D24/><U133/><E130/><V91/><F30/><W5/><G65/><T2/><D126/><U9/><E133/><V51/><F76/><W3/><G3/><T61/><D132/><U107/><E107/><V17/><F17/><W71/><G71/><T29/><D29/><U66/><E36/><V57/><F85/><W69/><G69/><T124/><D124/><U129/><E25/><V41/><F74/><W106/><G106/><T88/><D61/><U59/><E77/><V113/><F73/><W108/><G108/><T89/><D2/><U110/><E110/><V127/><F127/><W19/><G42/><N who="2" m="16489" /><F113/><W79/><G79/><T135/><D135/><U111/><E129/><V44/><F44/><N who="1" m="16937" /><E111/><V81/><AGARI ba="3,1" hai="16,20,26,48,51,57,62,67,81,84,91" m="16489" machi="81" ten="30,3000,0" yaku="8,1,54,1" doraHai="114" who="2" fromWho="2" sc="503,-13,36,-13,242,49,209,-13" /><INIT seed="6,4,0,2,3,13" ten="490,23,291,196" oya="2" hai0="10,83,45,126,122,54,99,36,89,38,18,29,131" hai1="128,69,96,81,113,132,121,92,35,44,0,91,23" hai2="14,68,67,3,42,73,12,112,75,9,26,25,64" hai3="19,6,117,59,101,65,8,90,97,80,4,130,110"/><V57/><F68/><W51/><G110/><T53/><D122/><U34/><E69/><V56/><F42/><W27/><G117/><T106/><D29/><U107/><E0/><V86/><F3/><W115/><G115/><T30/><D30/><U94/><E44/><V40/><F40/><W58/><G130/><T11/><D126/><U5/><E23/><V72/><F72/><W77/><G90/><T98/><D89/><U119/><E81/><V60/><F9/><W118/><G118/><T124/><D83/><U135/><E5/><V50/><F50/><W116/><G116/><T134/><D124/><U70/><E107/><V1/><F1/><W129/><G129/><T123/><D123/><U41/><E41/><V63/><REACH who="2" step="1"/><F86/><REACH who="2" ten="490,23,281,196" step="2"/><N who="3" m="48399" /><G51/><T33/><D10/><U7/><E70/><V71/><F71/><W22/><G8/><T39/><D11/><U100/><E128/><V79/><F79/><W108/><G6/><T104/><D38/><U20/><E121/><V43/><F43/><W85/><G4/><T16/><D131/><U61/><E119/><V102/><F102/><W24/><G85/><T127/><D127/><U105/><E7/><V87/><F87/><W120/><G120/><T62/><D39/><U84/><E113/><AGARI ba="4,1" hai="12,14,25,26,56,57,60,63,64,67,73,75,112,113" machi="113" ten="25,4800,0" yaku="1,1,22,2,53,0" doraHai="13" doraHaiUra="31" who="2" fromWho="1" sc="490,0,23,-60,281,70,196,0" owari="490,59.0,-37,-54.0,351,15.0,196,-20.0" /></mjloggm>