<mjloggm ver="2.3"><GO type="97" lobby="0"/><UN n0="%62%61%6D%69%63%6F" n1="%72%65%64%73%72%65%64%73" n2="%E3%81%BC%E3%81%A3%E3%81%A1%E5%85%9A%E5%93%A1" n3="%E5%B0%B1%E6%B4%BB%E7%94%9F%40%E5%B7%9D%E6%9D%91%E8%BB%8D%E5%9B%A3" dan="13,16,15,16" rate="1871.59,2051.42,2007.39,2097.97" sx="M,M,F,M"/><TAIKYOKU oya="0"/><INIT seed="0,0,0,3,5,109" ten="250,250,250,250" oya="0" hai0="41,110,64,15,115,10,4,65,88,104,94,93,9" hai1="86,2,98,52,89,117,71,80,6,57,123,99,113" hai2="126,31,124,81,34,12,106,23,56,121,11,44,112" hai3="18,21,59,5,47,130,55,83,128,84,131,133,54"/><T43/><D104/><U49/><E117/><V0/><F121/><W120/><G120/><T19/><D110/><U72/><E123/><V30/><F106/><W125/><G133/><T116/><D116/><U35/><E71/><V36/><F81/><W66/><G125/><N who="2" m="48233" /><F44/><W25/><G5/><T105/><D105/><U13/><E2/><V68/><F36/><W101/><G101/><T77/><D77/><U53/><E35/><V7/><F68/><W3/><G3/><T76/><D76/><U92/><E113/><V58/><F56/><W67/><G47/><T50/><D115/><U97/><E72/><V122/><F58/><W14/><G25/><T28/><D28/><N who="2" m="10794" /><F122/><W90/><REACH who="3" step="1"/><G55/><REACH who="3" ten="250,250,250,240" step="2"/><T16/><D4/><U1/><E1/><V100/><F100/><W73/><G73/><T62/><D50/><AGARI ba="0,1" hai="14,18,21,50,54,59,66,67,83,84,90,128,130,131" machi="50" ten="40,2600,0" yaku="1,1,19,1,53,0" doraHai="109" doraHaiUra="39" who="3" fromWho="0" sc="250,-26,250,0,250,0,240,36" /><INIT seed="1,0,0,3,3,50" ten="224,250,250,276" oya="1" hai0="114,98,79,125,72,76,96,41,81,8,130,64,85" hai1="60,126,108,133,122,99,63,70,49,51,1,83,111" hai2="82,120,56,18,62,124,55,71,128,53,105,93,102" hai3="19,118,78,36,127,117,110,42,39,116,30,7,16"/><U31/><E122/><V0/><F120/><W12/><G110/><N who="1" m="42026" /><E133/><V86/><F105/><W119/><G127/><T29/><D29/><U101/><E126/><V106/><F106/><W109/><G109/><T24/><D125/><U134/><E134/><V2/><F124/><W68/><G68/><T40/><D24/><U75/><E1/><V57/><F71/><W25/><G78/><T14/><D114/><U15/><E31/><V37/><F37/><N who="3" m="14411" /><G42/><N who="0" m="16491" /><D72/><U35/><E35/><V32/><F32/><N who="3" m="20559" /><G119/><T21/><D130/><U90/><E15/><V73/><F73/><W123/><G123/><T38/><D38/><U28/><E28/><V89/><F128/><W52/><G52/><T48/><D76/><N who="1" m="44447" /><E90/><V91/><F18/><W74/><G74/><T104/><D21/><U33/><E33/><V95/><F102/><W100/><G100/><T61/><D14/><U22/><E22/><V121/><F121/><W10/><AGARI ba="0,0" hai="7,10,12,16,19,116,117,118" m="20559,14411" machi="10" ten="40,2700,0" yaku="12,1,54,1" doraHai="50" who="3" fromWho="3" sc="224,-7,250,-13,250,-7,276,27" /><INIT seed="2,0,0,5,4,47" ten="217,237,243,303" oya="2" hai0="63,95,40,132,119,55,77,98,100,6,135,37,9" hai1="14,62,94,48,61,16,36,82,111,99,108,97,1" hai2="52,76,17,70,101,71,114,81,106,45,49,124,120" hai3="50,23,79,84,4,51,7,109,117,13,24,2,57"/><V89/><F114/><W74/><G74/><T19/><D119/><U41/><E36/><V66/><F120/><W43/><G2/><T90/><D77/><U27/><E1/><V72/><F124/><W58/><G109/><N who="1" m="42058" /><E27/><V105/><F89/><W10/><G4/><T130/><D130/><U20/><E82/><V129/><F129/><W107/><G107/><T87/><D19/><U25/><E25/><V104/><F66/><W88/><G43/><T118/><D118/><U128/><E128/><V12/><REACH who="2" step="1"/><F101/><REACH who="2" ten="217,237,233,303" step="2"/><W86/><G79/><T125/><D125/><U123/><E123/><V0/><F0/><W112/><G112/><T32/><D100/><N who="1" m="60471" /><E99/><V78/><F78/><W113/><G113/><T103/><D103/><U126/><E126/><V75/><F75/><W26/><G86/><T30/><D87/><U5/><E5/><V11/><AGARI ba="0,1" hai="11,12,17,45,49,52,70,71,72,76,81,104,105,106" machi="11" ten="30,11700,0" yaku="1,1,0,1,52,1,54,1,53,0" doraHai="47" doraHaiUra="18" who="2" fromWho="2" sc="217,-39,237,-39,233,127,303,-39" /><INIT seed="2,1,0,3,3,40" ten="178,198,360,264" oya="2" hai0="100,76,127,121,107,12,59,66,36,98,29,11,45" hai1="43,91,54,106,34,81,19,114,56,48,33,1,62" hai2="74,49,116,109,64,41,22,135,125,8,88,119,118" hai3="104,21,14,2,71,126,96,134,68,50,24,7,122"/><V90/><F74/><W31/><G2/><T72/><D121/><U86/><E106/><V117/><F117/><W42/><G122/><T67/><D29/><U37/><E37/><V16/><F135/><W83/><G126/><T17/><D127/><U77/><E1/><V26/><F125/><W70/><G134/><T120/><D120/><U129/><E114/><V15/><F64/><W78/><G104/><T112/><D112/><U108/><E108/><V52/><F41/><W35/><G96/><T46/><D36/><U94/><E129/><V93/><F109/><W38/><G38/><T6/><D72/><U103/><E103/><V85/><F90/><W61/><G61/><T58/><D76/><U89/><E19/><V60/><F60/><W115/><G115/><T92/><D107/><U73/><E43/><V101/><F101/><W0/><G0/><T25/><D67/><U87/><REACH who="1" step="1"/><E62/><REACH who="1" ten="178,188,360,264" step="2"/><V97/><F119/><W28/><G42/><T113/><D113/><U128/><E128/><V20/><F118/><W9/><G31/><T44/><D66/><U30/><E30/><V80/><F116/><W130/><G130/><T82/><D82/><AGARI ba="1,1" hai="33,34,48,54,56,73,77,81,82,86,87,89,91,94" machi="82" ten="30,2000,0" yaku="1,1,7,1,53,0" doraHai="40" doraHaiUra="18" who="1" fromWho="0" sc="178,-23,188,33,360,0,264,0" /><INIT seed="3,0,0,3,1,47" ten="155,221,360,264" oya="3" hai0="35,124,68,130,128,20,51,32,56,53,104,123,89" hai1="29,12,17,97,102,50,57,38,13,25,95,62,49" hai2="129,113,67,99,72,0,45,46,37,105,87,36,135" hai3="7,92,127,59,16,15,75,79,88,40,9,74,33"/><W6/><G33/><N who="0" m="12875" /><D123/><U58/><E38/><V10/><F72/><W103/><G127/><T117/><D117/><U76/><E76/><V19/><F113/><W1/><G103/><T52/><D68/><U82/><E82/><V22/><F135/><W120/><G120/><T39/><D39/><U66/><E58/><V101/><F67/><W30/><G30/><T109/><D104/><U23/><E12/><V55/><F129/><N who="0" m="49770" /><D109/><U91/><E91/><V44/><F87/><W111/><G40/><T54/><D124/><U94/><E94/><V3/><F55/><W41/><G41/><T115/><D115/><U71/><E71/><V131/><F131/><W27/><G79/><T119/><D119/><U21/><AGARI ba="0,0" hai="13,17,21,23,25,29,49,50,57,62,66,95,97,102" machi="21" ten="20,12000,2" yaku="0,1,7,1,25,2,8,1,52,2" doraHai="47" who="1" fromWho="1" sc="155,-30,221,120,360,-30,264,-60" owari="125,-37.0,341,44.0,330,13.0,204,-20.0" /></mjloggm>