<mjloggm ver="2.3"><GO type="169" lobby="0"/><UN n0="%E5%A4%A2%E3%81%AF%E3%83%8B%E3%83%BC%E3%83%88" n1="%E5%B0%B1%E6%B4%BB%E7%94%9F%40%E5%B7%9D%E6%9D%91%E8%BB%8D%E5%9B%A3" n2="%E3%81%8F%E3%82%89%E3%81%BE%E3%82%82%E3%82%93" n3="%E7%84%A1%E9%99%90%E6%9C%88%E8%AA%AD" dan="16,16,16,16" rate="2092.06,2133.10,2135.64,2178.93" sx="M,M,M,M"/><TAIKYOKU oya="0"/><INIT seed="0,0,0,5,5,38" ten="250,250,250,250" oya="0" hai0="92,14,84,135,56,65,29,93,57,25,101,120,78" hai1="33,105,106,83,134,53,99,16,73,128,60,121,9" hai2="69,47,72,5,27,94,42,85,127,88,103,126,35" hai3="129,113,46,114,98,28,117,76,1,95,18,48,79"/><T20/><D120/><U124/><E121/><V104/><F69/><W55/><G117/><T96/><D135/><U74/><E33/><V111/><F5/><W12/><G1/><T58/><D14/><U68/><E134/><V115/><F115/><W36/><G129/><T22/><D22/><U110/><E128/><V112/><F112/><W77/><G28/><T102/><D102/><U90/><E110/><V52/><F72/><W45/><G36/><T132/><D132/><U32/><E32/><V123/><F123/><W2/><G2/><T108/><D108/><U30/><E30/><V70/><F70/><W8/><G45/><T122/><D122/><U7/><E124/><V11/><F11/><W63/><G63/><T89/><REACH who="0" step="1"/><D78/><REACH who="0" ten="240,250,250,250" step="2"/><U15/><E15/><V4/><F111/><W119/><G114/><T64/><AGARI ba="0,1" hai="20,25,29,56,57,58,64,65,84,89,92,93,96,101" machi="64" ten="30,11700,0" yaku="1,1,2,1,0,1,8,1,53,0" doraHai="38" doraHaiUra="118" who="0" fromWho="0" sc="240,127,250,-39,250,-39,250,-39" /><INIT seed="0,1,0,4,5,80" ten="367,211,211,211" oya="0" hai0="83,122,50,1,87,35,26,77,43,38,97,51,71" hai1="17,73,128,30,65,29,10,99,39,70,34,7,20" hai2="54,9,114,84,109,0,15,49,116,75,92,76,78" hai3="28,90,113,129,127,96,60,64,134,40,36,119,53"/><T93/><D71/><U44/><E73/><V27/><F114/><W131/><G113/><T13/><D1/><U95/><E128/><N who="3" m="49226" /><G28/><T120/><D38/><U72/><E72/><V121/><F0/><W24/><G24/><T11/><D35/><U85/><E34/><V23/><F75/><W8/><G8/><T12/><D12/><U56/><E70/><V107/><F107/><W57/><G96/><T102/><D26/><U103/><E39/><V37/><F37/><W86/><G119/><T79/><D79/><U21/><E44/><V59/><F121/><W115/><G115/><T16/><REACH who="0" step="1"/><D43/><REACH who="0" ten="357,211,211,211" step="2"/><U89/><E30/><V123/><F116/><W14/><G14/><T110/><D110/><U98/><E29/><V46/><F109/><W118/><G118/><T111/><D111/><U3/><E17/><V101/><F15/><W2/><G2/><T126/><D126/><U19/><E19/><V48/><F27/><W69/><G127/><T62/><D62/><U52/><E20/><V91/><F23/><W58/><G69/><T63/><D63/><U112/><E21/><V82/><F78/><W6/><G40/><T31/><D31/><U104/><E112/><V106/><F76/><W18/><G36/><T25/><D25/><U55/><E3/><V67/><F123/><AGARI ba="1,1" hai="11,13,16,50,51,77,83,87,93,97,102,120,122,123" machi="123" ten="40,7700,0" yaku="1,1,52,1,54,1,53,0" doraHai="80" doraHaiUra="108" who="0" fromWho="2" sc="357,90,211,0,211,-80,211,0" /><INIT seed="0,2,0,2,0,101" ten="447,211,131,211" oya="0" hai0="7,107,116,3,19,6,29,124,40,60,117,56,108" hai1="9,0,76,12,22,125,109,35,86,110,5,113,24" hai2="18,90,118,88,89,114,2,120,58,95,55,43,73" hai3="77,45,129,122,53,68,15,87,128,66,25,126,57"/><T46/><D29/><N who="1" m="19879" /><E76/><V102/><F114/><W115/><G115/><T99/><D124/><U93/><E86/><V83/><F120/><W38/><G25/><T78/><D78/><U50/><E50/><V8/><F118/><W33/><G33/><T30/><D30/><U96/><E96/><V48/><F43/><N who="3" m="22775" /><G15/><T42/><D3/><U112/><E93/><V131/><F131/><N who="3" m="50251" /><G87/><T85/><D85/><U133/><E133/><V61/><F48/><N who="3" m="30887" /><G77/><T16/><D99/><U39/><E39/><V71/><F73/><W103/><G103/><T67/><D116/><U81/><E125/><V28/><F28/><W132/><G126/><T127/><D117/><U63/><E63/><V37/><F2/><W98/><G98/><T119/><D119/><U20/><E81/><V82/><F102/><W17/><G17/><T36/><D127/><U97/><E97/><V31/><F31/><W69/><G132/><T104/><D7/><U94/><E94/><V21/><F83/><W92/><G92/><T59/><D6/><U1/><E1/><V123/><F82/><W27/><G27/><T80/><D80/><U121/><E121/><V65/><F123/><W100/><G100/><T47/><D36/><U41/><E41/><V130/><F37/><W51/><G122/><T70/><D42/><U13/><E112/><V54/><F130/><W34/><G34/><T4/><D40/><U106/><E113/><V74/><F95/><W44/><G66/><T64/><D67/><U84/><E84/><V134/><F134/><W32/><G32/><T52/><D64/><U135/><E135/><RYUUKYOKU ba="2,0" sc="447,-10,211,-10,131,-10,211,30" hai3="44,51,68,69" /><INIT seed="1,3,0,3,2,130" ten="437,201,121,241" oya="1" hai0="82,42,126,97,120,69,64,112,7,16,118,67,1" hai1="93,47,103,87,8,50,58,73,94,27,11,89,10" hai2="114,21,133,122,18,59,125,33,23,22,65,72,48" hai3="81,99,36,115,116,134,0,88,31,75,62,110,40"/><U127/><E127/><V124/><F72/><W5/><G115/><T49/><D69/><U15/><E73/><V6/><F65/><W37/><G110/><T44/><D118/><U38/><E38/><V128/><F59/><W61/><G116/><T28/><D28/><U98/><E27/><V104/><F48/><W60/><G31/><T119/><D119/><U71/><E71/><V35/><F104/><W34/><G34/><N who="2" m="12809" /><F122/><W2/><G134/><T101/><D120/><U30/><E30/><V25/><F114/><W86/><G99/><T107/><D112/><U57/><REACH who="1" step="1"/><E15/><REACH who="1" ten="437,191,121,241" step="2"/><V80/><F125/><W106/><G75/><T77/><D126/><U14/><E14/><V135/><F124/><W66/><G36/><T92/><D1/><U109/><E109/><V3/><F128/><W4/><G0/><T68/><D68/><U117/><E117/><V96/><F3/><W108/><G108/><T19/><D107/><U131/><E131/><V53/><F25/><W83/><G106/><T132/><D82/><U12/><E12/><V51/><F80/><W105/><G105/><T24/><D24/><U91/><E91/><V102/><F6/><W39/><G81/><T9/><D7/><N who="3" m="2633" /><G2/><T52/><D92/><U85/><E85/><V56/><F18/><W26/><G26/><T78/><D19/><U100/><E100/><V90/><F102/><W70/><G37/><T13/><D78/><U111/><E111/><V17/><F17/><W55/><G39/><T79/><D77/><U45/><E45/><V113/><F113/><W121/><G121/><T95/><D79/><RYUUKYOKU ba="3,1" sc="437,-15,191,15,121,15,241,-15" hai1="8,10,11,47,50,57,58,87,89,93,94,98,103" hai2="21,22,23,51,53,56,90,96,133,135" /><INIT seed="1,4,1,1,1,16" ten="422,206,136,226" oya="1" hai0="55,4,36,122,54,92,65,76,73,119,34,87,30" hai1="113,60,70,53,7,47,135,10,97,37,99,120,15" hai2="108,89,12,24,117,3,107,78,71,75,93,19,63" hai3="50,100,39,1,40,106,126,58,114,5,45,21,64"/><U105/><E120/><V44/><F117/><W31/><G114/><T88/><D36/><U14/><E113/><V109/><F107/><W48/><G126/><T104/><D119/><U11/><E135/><V22/><F3/><W94/><G106/><T25/><D4/><U9/><E105/><V116/><F116/><W86/><G5/><T129/><D129/><U23/><E70/><V133/><F133/><W59/><G1/><T2/><D2/><U115/><E37/><V110/><F44/><W52/><G64/><T72/><D122/><U28/><E115/><V74/><F78/><W127/><G127/><T17/><D65/><U81/><E81/><V38/><F38/><W84/><G59/><T18/><D18/><N who="1" m="10711" /><E28/><N who="2" m="17431" /><F63/><W82/><G39/><T8/><D104/><U123/><E123/><V43/><F43/><W83/><G83/><T121/><D121/><U0/><E0/><V128/><F71/><W61/><G61/><T20/><D76/><U95/><E99/><N who="2" m="57775" /><F128/><W67/><G67/><T132/><D132/><U56/><E47/><V134/><F134/><W51/><G51/><T118/><D118/><U101/><AGARI ba="4,1" hai="7,9,10,11,15,53,56,60,95,97,101" m="10711" machi="101" ten="30,3000,0" yaku="8,1,52,1" doraHai="16" who="1" fromWho="1" sc="422,-14,206,52,136,-14,226,-14" /><INIT seed="1,5,0,5,5,82" ten="408,258,122,212" oya="1" hai0="67,109,62,113,104,39,30,65,127,15,2,71,118" hai1="94,32,92,76,31,128,6,110,129,83,84,121,51" hai2="35,33,130,80,95,0,107,111,55,120,78,100,101" hai3="47,19,49,91,42,7,124,13,18,103,116,61,99"/><U23/><E32/><V46/><F120/><W102/><G124/><T126/><D30/><U43/><E6/><V72/><F0/><W117/><G61/><N who="0" m="40367" /><D104/><U8/><E8/><V37/><F111/><W98/><G7/><T27/><D27/><N who="1" m="16895" /><E121/><V58/><F130/><N who="1" m="50281" /><E110/><V69/><F69/><W40/><G40/><T64/><D2/><U28/><E28/><V133/><F133/><W85/><G19/><T132/><D15/><U53/><E43/><V115/><F115/><W36/><G36/><T77/><D113/><U93/><E94/><V68/><F68/><W24/><G24/><T17/><D17/><U48/><E48/><V5/><F5/><W66/><G66/><T44/><D109/><U3/><E3/><V57/><F37/><W60/><G60/><T41/><D118/><N who="3" m="45673" /><G103/><T63/><D77/><U20/><E20/><V114/><F114/><W122/><G102/><T89/><D132/><U11/><E11/><V74/><F101/><W70/><G122/><T125/><D64/><U12/><E12/><V86/><F35/><W123/><G123/><T81/><D67/><U96/><E96/><N who="2" m="59423" /><F33/><W50/><G50/><T29/><D29/><U10/><E10/><V90/><F107/><W73/><G70/><T38/><D39/><U88/><E76/><V56/><F78/><W87/><G98/><T54/><D54/><U97/><E97/><V26/><F26/><W25/><G25/><T106/><D106/><U112/><E112/><V21/><F21/><N who="3" m="11471" /><G73/><T108/><D108/><U4/><E4/><V59/><N who="2" m="14848" /><DORA hai="135" /><V16/><F16/><W9/><G9/><RYUUKYOKU ba="5,0" sc="408,0,258,0,122,0,212,0" hai0="38,41,44,62,63,81,89,125,126,127" hai1="51,53,83,84,88,92,93" hai2="46,55,72,74,80,86,90" hai3="42,47,49,85,87,91,99" /><INIT seed="1,6,0,1,4,15" ten="408,258,122,212" oya="1" hai0="115,13,59,92,100,86,107,80,46,60,21,18,97" hai1="127,70,3,126,49,4,108,106,87,71,52,124,8" hai2="27,36,48,101,93,7,89,85,57,37,98,10,68" hai3="51,119,69,83,78,95,109,76,102,32,44,131,43"/><U63/><E106/><V111/><F68/><W125/><G119/><T19/><D115/><U22/><E108/><V105/><F111/><W42/><G109/><T23/><D107/><U116/><E116/><V121/><F121/><W65/><G32/><T122/><D122/><U11/><E11/><V6/><F6/><W58/><G131/><T61/><D46/><U134/><E134/><V74/><F74/><W132/><G132/><T120/><D120/><U113/><E113/><V14/><F27/><W117/><G117/><T110/><D110/><U41/><E87/><V40/><REACH who="2" step="1"/><F57/><REACH who="2" ten="408,258,112,212" step="2"/><W64/><G69/><T114/><D114/><U5/><E5/><V53/><F53/><W66/><G58/><T62/><D59/><N who="1" m="35303" /><E22/><N who="0" m="8201" /><D13/><U133/><E133/><V99/><F99/><N who="3" m="59775" /><G125/><T31/><D31/><U50/><E41/><V128/><F128/><W0/><G42/><T82/><D86/><U33/><E33/><V72/><F72/><W88/><G0/><T55/><D55/><U38/><E71/><V56/><F56/><W130/><G130/><T47/><D47/><AGARI ba="6,1" hai="7,10,14,36,37,40,47,48,85,89,93,98,101,105" machi="47" ten="40,1300,0" yaku="1,1,53,0" doraHai="15" doraHaiUra="79" who="2" fromWho="0" sc="408,-31,258,0,112,41,212,0" /><INIT seed="2,0,0,3,1,84" ten="377,258,153,212" oya="2" hai0="66,111,42,77,110,132,36,1,14,93,39,16,15" hai1="8,43,19,33,87,4,72,128,71,81,135,45,41" hai2="40,100,98,34,63,94,48,57,51,89,35,73,31" hai3="20,46,28,127,82,53,21,113,52,117,131,6,86"/><V109/><F73/><W123/><G123/><T2/><D66/><U107/><E33/><V112/><F112/><W18/><G117/><T25/><D77/><U62/><E72/><V92/><F109/><N who="0" m="41482" /><D42/><U80/><E107/><V119/><F119/><W88/><G113/><T7/><D93/><U130/><E135/><V116/><F116/><W24/><G131/><N who="1" m="50218" /><E19/><V0/><F0/><N who="0" m="106" /><D132/><U13/><E87/><V64/><F31/><W85/><G127/><T10/><D36/><N who="1" m="21671" /><E43/><V30/><F30/><W101/><G101/><T120/><D39/><U58/><E71/><V67/><F67/><AGARI ba="0,0" hai="4,8,13,58,62,67,80,81" m="21671,50218" machi="67" ten="30,1000,0" yaku="19,1" doraHai="84" who="1" fromWho="2" sc="377,0,258,10,153,-10,212,0" /><INIT seed="3,0,0,2,0,133" ten="377,268,143,212" oya="3" hai0="107,81,6,119,106,127,11,33,113,96,22,12,21" hai1="44,83,64,101,108,39,78,135,115,55,122,79,111" hai2="112,58,32,37,129,42,74,17,117,23,1,84,8" hai3="62,29,126,92,0,100,60,30,90,109,46,69,85"/><W99/><G0/><T34/><D119/><U72/><E79/><V66/><F117/><W41/><G109/><N who="1" m="42058" /><E135/><V76/><F32/><W124/><G29/><T54/><D81/><U57/><E115/><V45/><F84/><W49/><G30/><T3/><D96/><U132/><E132/><V91/><F91/><W77/><G77/><T48/><D113/><U7/><E7/><N who="2" m="1135" /><F112/><W10/><G10/><T56/><D3/><U130/><E130/><V80/><F129/><W38/><G38/><T35/><D106/><U98/><E64/><V87/><F87/><W114/><G114/><T28/><D107/><U50/><E122/><V67/><F58/><W47/><G47/><T102/><D102/><U31/><E31/><V104/><F104/><W9/><G9/><T125/><REACH who="0" step="1"/><D28/><REACH who="0" ten="367,268,143,212" step="2"/><U128/><E128/><V123/><F123/><W5/><G5/><T61/><D61/><U131/><E131/><V103/><F103/><W13/><G13/><AGARI ba="0,1" hai="13,17,23,37,42,45,66,67,74,76,80" m="1135" machi="13" ten="30,1000,0" yaku="25,1" doraHai="133" who="2" fromWho="3" sc="367,0,268,0,143,20,212,-10" /><INIT seed="4,0,0,1,5,76" ten="367,268,163,202" oya="0" hai0="65,4,123,20,33,71,28,100,1,97,29,87,52" hai1="19,77,122,58,96,105,102,26,74,104,94,115,98" hai2="129,95,44,84,30,128,63,36,103,56,99,101,37" hai3="67,17,131,130,93,88,70,91,9,69,85,64,120"/><T134/><D123/><U126/><E122/><V0/><F0/><W12/><G120/><T78/><D20/><U79/><E126/><V110/><F110/><W60/><REACH who="3" step="1"/><G91/><REACH who="3" ten="367,268,163,192" step="2"/><T133/><D134/><U66/><E115/><V35/><F128/><W22/><G22/><T6/><D33/><U75/><E102/><V135/><F129/><W40/><G40/><T7/><D133/><U23/><E23/><V121/><F135/><W2/><G2/><T53/><D1/><U45/><E77/><V39/><F121/><W80/><G80/><N who="0" m="47511" /><D71/><U38/><E79/><V13/><F103/><W111/><G111/><T81/><D81/><U57/><E75/><V82/><F35/><W83/><G83/><T68/><D68/><U89/><E74/><V51/><F30/><N who="0" m="11882" /><D65/><U34/><E66/><V62/><F13/><W90/><G90/><T32/><D32/><U119/><E89/><V24/><F82/><W31/><G31/><T55/><D100/><U106/><E34/><V112/><F112/><W14/><G14/><T108/><D108/><U73/><E73/><V49/><F101/><W50/><G50/><T46/><D97/><U117/><E98/><V113/><F99/><W5/><G5/><T116/><D116/><U41/><E117/><V114/><F113/><W16/><G16/><T132/><D132/><U42/><E119/><V92/><F114/><W61/><AGARI ba="0,1" hai="9,12,17,60,61,64,67,69,70,85,88,93,130,131" machi="61" ten="30,7900,0" yaku="1,1,0,1,9,1,54,1,53,0" doraHai="76" doraHaiUra="72" who="3" fromWho="3" sc="367,-39,268,-20,163,-20,192,89" /><INIT seed="5,0,0,3,1,102" ten="328,248,143,281" oya="1" hai0="10,108,116,100,46,49,6,67,7,30,92,18,48" hai1="68,15,122,39,126,1,50,112,103,61,118,47,78" hai2="60,66,111,58,124,51,127,42,125,26,53,11,104" hai3="28,107,84,79,121,98,21,129,27,63,34,110,4"/><U35/><E1/><V40/><F26/><W59/><G121/><T57/><D30/><U45/><E122/><V105/><F11/><W82/><G110/><T119/><D108/><U56/><E35/><V13/><F13/><W132/><G129/><T73/><D73/><U86/><E118/><V19/><F19/><W117/><G117/><T41/><D116/><U9/><E68/><V87/><F87/><W123/><G123/><T88/><D100/><U33/><E33/><V36/><F111/><W29/><G132/><T96/><D119/><U135/><E39/><V5/><F5/><W54/><G4/><T106/><D106/><N who="2" m="41066" /><F36/><W131/><G131/><T22/><D10/><U2/><E86/><V72/><F72/><W20/><G29/><T8/><D8/><U93/><E15/><V17/><F17/><W85/><G85/><T109/><D109/><U134/><E9/><V32/><F32/><W37/><G37/><T23/><D23/><U76/><E2/><V62/><F62/><W43/><G43/><T89/><D89/><U74/><E61/><V64/><F64/><W133/><G133/><T75/><D75/><U16/><E16/><V113/><F113/><W120/><G120/><T24/><D67/><U55/><E74/><V77/><F77/><W91/><G79/><T3/><D3/><U114/><E134/><V52/><F53/><AGARI ba="0,0" hai="6,7,18,22,24,41,46,48,49,53,57,88,92,96" machi="53" ten="40,2600,0" yaku="8,1,54,1" doraHai="102" who="0" fromWho="2" sc="328,26,248,0,143,-26,281,0" /><INIT seed="6,0,0,1,4,26" ten="354,248,117,281" oya="2" hai0="10,123,4,131,52,85,81,16,122,86,6,51,43" hai1="79,134,70,78,118,96,49,110,97,55,54,117,67" hai2="62,59,47,83,20,116,69,22,132,101,29,35,8" hai3="11,40,25,75,88,66,91,76,7,50,92,73,84"/><V130/><F116/><W56/><G76/><T119/><D43/><U106/><E110/><V24/><F69/><W80/><G25/><T39/><D39/><U9/><E9/><V108/><F132/><W89/><G66/><T127/><D119/><U135/><E67/><V77/><F130/><W99/><G89/><T21/><D127/><U90/><E49/><V87/><F108/><W64/><G64/><T27/><D86/><U104/><E90/><V71/><F71/><AGARI ba="0,0" hai="54,55,70,71,78,79,96,97,104,106,117,118,134,135" machi="71" ten="25,1600,0" yaku="22,2" doraHai="26" who="1" fromWho="2" sc="354,0,248,16,117,-16,281,0" /><INIT seed="7,0,0,0,4,54" ten="354,264,101,281" oya="3" hai0="55,59,126,24,32,108,53,44,15,84,103,61,41" hai1="56,101,80,14,133,57,62,50,29,33,90,58,10" hai2="18,112,87,91,45,75,122,96,8,43,5,76,16" hai3="117,28,13,106,98,38,79,40,82,39,93,94,97"/><W37/><G117/><T81/><D108/><U4/><E133/><V72/><F112/><W128/><G128/><T49/><D103/><U118/><E118/><V69/><F96/><W111/><G111/><T73/><D73/><U70/><E33/><V23/><F69/><W123/><G123/><T9/><D32/><U47/><E29/><V65/><F65/><W105/><G40/><T131/><D24/><U46/><E101/><V124/><F124/><W52/><G28/><T85/><D126/><U68/><E68/><V35/><F35/><W132/><G132/><T134/><D131/><U109/><E109/><V36/><F122/><W7/><G106/><T120/><D134/><U66/><REACH who="1" step="1"/><E50/><REACH who="1" ten="354,254,101,281" step="2"/><V78/><F72/><W34/><G34/><T130/><D130/><U3/><E3/><V63/><F63/><W83/><G105/><T21/><D120/><U114/><E114/><V115/><F115/><W2/><G2/><T74/><D74/><U60/><E60/><V51/><F51/><W11/><G38/><T92/><D41/><U99/><E99/><N who="3" m="37898" /><G37/><T48/><D49/><U119/><E119/><V102/><F102/><W19/><G39/><T127/><D127/><U17/><E17/><V6/><F75/><N who="3" m="43391" /><G19/><N who="0" m="8687" /><D84/><AGARI ba="0,1" hai="4,10,14,46,47,56,57,58,62,66,70,80,84,90" machi="84" ten="40,8000,1" yaku="1,1,52,3,53,1" doraHai="54" doraHaiUra="0" who="1" fromWho="0" sc="354,-80,254,90,101,0,281,0" owari="274,-13.0,344,45.0,101,-40.0,281,8.0" /></mjloggm>