<mjloggm ver="2.3"><GO type="169" lobby="0"/><UN n0="%E3%81%B5%E3%81%98%E3%81%8A" n1="%E5%82%80%40%E3%82%80%E3%81%93%E3%81%86%E3%81%B6%E3%81%A1" n2="%E3%82%A6%E3%83%AB%E3%83%88%E3%83%A9%E7%AB%8B%E7%9B%B4" n3="%E6%B8%85%E7%AB%9C%E9%97%98%E5%A3%AB" dan="16,16,17,16" rate="2143.14,2024.11,2139.27,2069.30" sx="M,M,M,M"/><TAIKYOKU oya="0"/><INIT seed="0,0,0,5,5,47" ten="250,250,250,250" oya="0" hai0="27,104,89,133,128,55,23,130,120,121,39,33,135" hai1="107,122,31,68,58,132,61,74,77,118,53,82,36" hai2="18,115,111,51,71,22,110,48,10,54,134,70,76" hai3="44,34,7,81,83,88,52,1,97,95,3,46,72"/><T98/><D39/><U20/><E122/><N who="0" m="47209" /><D33/><U50/><E118/><V123/><F123/><W2/><G34/><T105/><D55/><U101/><E36/><V78/><F115/><W99/><G46/><T63/><D63/><U13/><E132/><N who="0" m="50761" /><D23/><U57/><E101/><V0/><F134/><W75/><G7/><T114/><D27/><U12/><E107/><N who="0" m="41033" /><D114/><U85/><E68/><V25/><F54/><W84/><G75/><T103/><D89/><U129/><E74/><V117/><F0/><W80/><REACH who="3" step="1"/><G72/><REACH who="3" ten="250,250,250,240" step="2"/><T41/><D41/><U92/><E58/><V86/><F71/><W64/><G64/><T5/><D5/><U17/><E57/><V11/><F70/><W60/><G60/><T79/><D79/><U40/><E61/><V49/><F78/><W67/><G67/><T65/><D65/><U119/><E77/><V37/><F117/><W69/><G69/><T56/><D56/><U62/><E119/><V100/><F76/><W87/><G87/><T35/><D35/><U6/><E85/><V124/><F86/><W106/><G106/><AGARI ba="0,1" hai="98,103,106,128,130" m="41033,50761,47209" machi="106" ten="40,12000,1" yaku="20,1,23,1,34,2" doraHai="47" who="0" fromWho="3" sc="250,130,250,0,250,0,240,-120" /><INIT seed="0,1,0,2,1,71" ten="380,250,250,120" oya="0" hai0="73,37,68,66,125,23,117,89,112,91,83,18,6" hai1="31,93,106,16,104,92,115,3,95,19,122,127,94" hai2="10,7,113,27,82,35,9,111,107,17,60,13,98" hai3="77,78,110,42,43,15,52,26,65,59,97,34,14"/><T69/><D117/><U38/><E122/><V30/><F113/><W132/><G132/><T58/><D112/><U55/><E115/><V86/><F111/><W119/><G110/><T124/><D6/><U121/><E121/><V100/><F60/><W72/><G119/><T20/><D73/><U96/><E3/><V46/><F46/><W22/><G34/><T5/><D5/><U120/><E120/><V33/><F33/><W45/><G65/><T50/><D83/><U1/><E1/><V48/><F48/><W40/><G72/><T128/><D128/><U28/><E38/><V118/><F118/><W114/><G114/><T87/><D37/><U81/><E81/><V80/><REACH who="2" step="1"/><F86/><REACH who="2" ten="380,250,240,120" step="2"/><W102/><G45/><T64/><D87/><U75/><E75/><V8/><F8/><W105/><G52/><T24/><D50/><U62/><E55/><V49/><F49/><W108/><G108/><T129/><D129/><U134/><E62/><V56/><F56/><W103/><G59/><T11/><D11/><U44/><E44/><V32/><F32/><W88/><G105/><T79/><D58/><U29/><E106/><V135/><F135/><W0/><G0/><AGARI ba="1,1" hai="0,7,9,10,13,17,27,30,35,80,82,98,100,107" machi="0" ten="30,2000,0" yaku="1,1,7,1,53,0" doraHai="71" doraHaiUra="36" who="2" fromWho="3" sc="380,0,250,0,240,33,120,-23" /><INIT seed="1,0,0,2,3,43" ten="380,250,273,97" oya="1" hai0="76,39,75,79,93,72,104,2,92,36,99,100,127" hai1="88,135,15,96,47,54,10,82,22,134,59,8,121" hai2="85,106,74,69,120,28,114,107,66,110,17,71,62" hai3="108,126,14,56,132,7,18,32,33,25,0,97,128"/><U125/><E121/><V81/><F120/><W64/><G97/><N who="0" m="61455" /><D2/><U118/><E118/><V11/><F74/><N who="0" m="28202" /><D39/><U49/><E125/><V21/><F110/><W133/><G64/><T61/><D61/><U5/><E10/><V26/><F114/><W77/><G77/><N who="0" m="29771" /><D36/><U111/><E111/><V20/><F69/><W129/><G108/><T70/><D70/><U60/><E22/><V124/><F124/><W113/><G56/><T44/><D44/><U63/><E63/><V57/><F71/><W68/><G68/><T55/><D55/><U16/><E5/><V94/><F11/><N who="3" m="2535" /><G113/><T130/><D127/><U117/><E117/><V41/><F41/><W112/><G112/><T50/><D50/><U9/><E9/><V13/><F94/><N who="0" m="36458" /><D130/><N who="3" m="50281" /><G126/><T116/><D116/><U46/><E60/><V45/><F45/><W31/><G33/><T67/><D67/><U115/><E115/><V19/><F28/><W51/><G51/><T95/><N who="0" m="36466" /><T40/><DORA hai="84" /><D40/><U23/><E47/><V80/><F57/><W98/><G98/><AGARI ba="0,0" hai="98,99" m="36466,29771,28202,61455" machi="98" ten="40,8000,1" yaku="35,5" doraHai="43,84" who="0" fromWho="3" sc="380,80,250,0,273,0,97,-80" /><INIT seed="2,0,0,2,1,22" ten="460,250,273,17" oya="2" hai0="12,133,63,99,94,103,10,37,64,75,53,116,44" hai1="74,104,95,25,97,14,23,131,58,77,115,52,69" hai2="96,7,119,123,126,15,93,107,24,128,28,21,5" hai3="111,112,17,125,16,105,0,35,129,19,46,54,78"/><V6/><F123/><W108/><G0/><T32/><D75/><U51/><E104/><V88/><F119/><W109/><G105/><T98/><D116/><U121/><E121/><V39/><F39/><W40/><G125/><T8/><D133/><U114/><E69/><V91/><F126/><W83/><G112/><T48/><D32/><U1/><E1/><V84/><F128/><W92/><G129/><T113/><D113/><U102/><E131/><V106/><REACH who="2" step="1"/><F15/><REACH who="2" ten="460,250,263,17" step="2"/><W43/><G35/><T57/><D37/><U117/><E117/><V55/><F55/><W29/><G92/><AGARI ba="0,1" hai="5,6,7,21,24,28,84,88,91,92,93,96,106,107" machi="92" ten="40,7700,0" yaku="1,1,52,1,54,1,53,0" doraHai="22" doraHaiUra="130" who="2" fromWho="3" sc="460,0,250,0,263,87,17,-77" owari="460,56.0,250,-15.0,350,15.0,-60,-56.0" /></mjloggm>