<mjloggm ver="2.3"><GO type="169" lobby="0"/><UN n0="%E5%A4%9C%E6%98%8E%E3%81%91%E3%81%AE%42%45%41%54" n1="%E3%83%9E%E3%83%A1%E3%83%9D%E3%82%B3" n2="%E5%B0%B1%E6%B4%BB%E7%94%9F%40%E5%B7%9D%E6%9D%91%E8%BB%8D%E5%9B%A3" n3="%E3%82%86%E3%81%84%E3%81%A1%E3%82%83%E3%82%93%E3%81%AE%E3%83%91%E3%83%91" dan="17,16,16,18" rate="2157.44,2145.46,2105.96,2222.23" sx="M,M,M,M"/><TAIKYOKU oya="0"/><INIT seed="0,0,0,0,2,4" ten="250,250,250,250" oya="0" hai0="135,107,99,65,12,114,11,91,29,131,36,103,63" hai1="83,66,118,57,100,117,80,44,23,96,130,0,9" hai2="17,27,8,68,45,18,92,116,133,97,28,128,79" hai3="60,54,19,51,43,75,77,56,20,40,48,110,21"/><T115/><D36/><U25/><E130/><V93/><F68/><W38/><G110/><T14/><D131/><U84/><E44/><V35/><F128/><W134/><G134/><T10/><D135/><U71/><E71/><V15/><F133/><W102/><G21/><T101/><D101/><U124/><E124/><V106/><F116/><W125/><G125/><T87/><D29/><U39/><E39/><V119/><F119/><W52/><G38/><T120/><D120/><U50/><E0/><V47/><F79/><W112/><G112/><T126/><D126/><U13/><E117/><V26/><F106/><W46/><G102/><T61/><D14/><U70/><E70/><V22/><REACH who="2" step="1"/><F93/><REACH who="2" ten="250,250,240,250" step="2"/><W129/><G129/><T123/><D123/><U37/><E118/><V88/><AGARI ba="0,1" hai="8,15,17,18,22,26,27,28,35,45,47,88,92,97" machi="88" ten="20,12000,2" yaku="1,1,2,1,0,1,7,1,52,1,54,1,53,1" doraHai="4" doraHaiUra="16" who="2" fromWho="2" sc="250,-60,250,-30,240,130,250,-30" /><INIT seed="1,0,0,1,1,5" ten="190,220,370,220" oya="1" hai0="50,87,39,106,13,122,53,74,65,19,127,45,30" hai1="8,18,124,102,41,117,129,54,64,66,77,86,42" hai2="16,125,98,20,111,80,79,61,40,67,128,52,121" hai3="55,27,95,33,2,107,126,21,1,110,70,14,59"/><U115/><E117/><V108/><F121/><W88/><G107/><T46/><D74/><U44/><E115/><V60/><F40/><N who="1" m="15465" /><E102/><V114/><F128/><W62/><G110/><N who="2" m="42025" /><F125/><W101/><G101/><T85/><D106/><U28/><E28/><V58/><F98/><W3/><G126/><T133/><D127/><U22/><E129/><V99/><F99/><W123/><G123/><T83/><D122/><U26/><E124/><V78/><F80/><W9/><G33/><T29/><D133/><U56/><E44/><V47/><F114/><W63/><G70/><T75/><D75/><U57/><E8/><V10/><F10/><W81/><G81/><T130/><D130/><U43/><N who="1" m="15473" /><U94/><DORA hai="32" /><E57/><N who="2" m="37263" /><F47/><W135/><G135/><T73/><D46/><U0/><E0/><V112/><F112/><W71/><G3/><T12/><D45/><U120/><E120/><V68/><F68/><W89/><G2/><T23/><D39/><U105/><E105/><V82/><F82/><W15/><G1/><T113/><D83/><N who="1" m="47471" /><E94/><V34/><F34/><W96/><G9/><T97/><D97/><U7/><E7/><V11/><F11/><W119/><G119/><T91/><D113/><U17/><E17/><V131/><F131/><W31/><REACH who="3" step="1"/><G89/><REACH who="3" ten="190,220,370,210" step="2"/><T72/><D91/><U6/><E6/><V38/><F38/><W25/><G25/><AGARI ba="0,1" hai="16,20,25,52,58,61,78,79" m="37263,42025" machi="25" ten="30,3900,0" yaku="14,1,54,2" doraHai="5,32" who="2" fromWho="3" sc="190,0,220,0,370,49,210,-39" /><INIT seed="2,0,0,5,1,104" ten="190,220,419,171" oya="2" hai0="68,114,119,88,125,102,42,108,52,99,51,65,26" hai1="29,36,2,37,31,85,22,135,45,91,43,16,126" hai2="66,101,111,74,120,76,80,55,98,107,71,83,118" hai3="123,67,49,128,97,24,25,47,1,62,121,39,13"/><V61/><F118/><W15/><G1/><T95/><D114/><U72/><E2/><V9/><F120/><W105/><G39/><T27/><D108/><U56/><E36/><V33/><F111/><W109/><G109/><T35/><D35/><U41/><E41/><V93/><F33/><W3/><G3/><T44/><D125/><U133/><E126/><V73/><F55/><W130/><G105/><T124/><D124/><U8/><E8/><V110/><F110/><W30/><G97/><T77/><D77/><U79/><E56/><V96/><F9/><W57/><G121/><T14/><D119/><U117/><E117/><V38/><F38/><W122/><G122/><T103/><D68/><U112/><E112/><V132/><F132/><N who="1" m="50761" /><E79/><V127/><F127/><W86/><G123/><T89/><D65/><U134/><E72/><V75/><F80/><W115/><G115/><T70/><D70/><U18/><E134/><V32/><F32/><W100/><G128/><T0/><D0/><U11/><E11/><V90/><AGARI ba="0,0" hai="61,66,71,73,74,75,76,83,90,93,96,98,101,107" machi="90" ten="20,12000,1" yaku="0,1,7,1,52,3" doraHai="104" who="2" fromWho="2" sc="190,-40,220,-40,419,120,171,-40" /><INIT seed="2,1,0,5,5,130" ten="150,180,539,131" oya="2" hai0="101,13,63,124,98,80,37,106,39,74,64,99,113" hai1="117,48,25,22,9,46,0,88,66,38,70,121,24" hai2="107,4,116,40,108,111,104,86,16,23,33,53,20" hai3="97,65,30,103,35,45,1,72,5,7,73,11,58"/><V134/><F33/><W36/><G7/><T47/><D113/><U82/><E38/><V10/><F116/><W44/><G44/><T27/><D124/><U43/><E117/><V133/><F40/><W93/><G30/><T122/><D122/><U57/><E70/><V77/><F53/><W96/><G35/><T76/><D13/><U95/><E82/><N who="2" m="47439" /><F104/><W79/><G79/><T52/><D98/><U67/><E121/><V15/><F107/><W135/><G45/><T90/><D90/><U17/><E57/><V21/><F4/><W102/><G36/><T81/><D81/><U110/><E25/><V123/><F123/><W60/><REACH who="3" step="1"/><G135/><AGARI ba="1,0" hai="10,15,16,20,21,23,108,111,133,134,135" m="47439" machi="135" ten="40,12000,1" yaku="20,1,52,3,54,1" doraHai="130" who="2" fromWho="3" sc="150,0,180,0,539,123,131,-123" /><INIT seed="2,2,0,3,4,67" ten="150,180,662,8" oya="2" hai0="11,19,0,118,87,134,52,1,127,46,51,20,128" hai1="16,5,18,7,90,56,95,66,29,71,59,68,120" hai2="21,105,124,30,102,40,76,36,37,133,48,107,94" hai3="22,9,23,47,100,54,75,2,129,26,8,34,112"/><V131/><F124/><W10/><G75/><T38/><D127/><U27/><E120/><V58/><F133/><W57/><G2/><T28/><D134/><U83/><E83/><V93/><F131/><W103/><G34/><T44/><D128/><U125/><E125/><V98/><F76/><W3/><G3/><T117/><D28/><U78/><E78/><V130/><F130/><W24/><G47/><T25/><D87/><U91/><E29/><V88/><F105/><W60/><G112/><T70/><D70/><U14/><E66/><V119/><F119/><N who="0" m="45578" /><D11/><N who="3" m="2817" /><W77/><DORA hai="113" /><G77/><T17/><D17/><U49/><E27/><N who="3" m="10282" /><G129/><T110/><D110/><U74/><E74/><V106/><F106/><W35/><G35/><T43/><AGARI ba="2,0" hai="0,1,19,20,25,38,43,44,46,51,52" m="45578" machi="43" ten="30,8000,1" yaku="12,1,52,3,54,1" doraHai="67,113" who="0" fromWho="0" sc="150,86,180,-22,662,-42,8,-22" owari="236,4.0,158,-24.0,620,71.0,-14,-51.0" /></mjloggm>