<mjloggm ver="2.3"><GO type="169" lobby="0"/><UN n0="%41%72%63%61%64%65" n1="%E3%83%88%E3%83%88%E3%83%AA%E5%85%88%E7%94%9F%31%39%E6%AD%B3" n2="%67%61%6D%6F%33" n3="%E3%81%84%E3%81%9F%E3%83%92%E3%83%AD" dan="16,18,16,17" rate="2083.10,2210.51,2081.17,2212.24" sx="M,F,M,M"/><TAIKYOKU oya="0"/><INIT seed="0,0,0,3,5,120" ten="250,250,250,250" oya="0" hai0="7,99,28,109,77,88,2,86,80,21,8,93,22" hai1="102,4,111,51,64,6,30,60,83,65,19,98,46" hai2="112,14,122,79,43,135,108,50,20,58,53,118,125" hai3="119,5,70,36,123,52,40,31,18,15,130,13,47"/><T113/><D113/><U92/><E111/><V71/><F112/><W127/><G70/><T12/><D109/><U54/><E64/><V29/><F122/><W74/><G74/><T96/><D28/><U78/><E19/><V104/><F104/><W103/><G119/><T73/><D2/><U115/><E115/><V27/><F71/><W9/><G130/><T69/><D69/><U89/><E89/><V72/><F118/><W114/><G127/><T94/><REACH who="0" step="1"/><D73/><REACH who="0" ten="240,250,250,250" step="2"/><U75/><E30/><V39/><F108/><W33/><G114/><T34/><D34/><U24/><E24/><V56/><F72/><W128/><G123/><T37/><D37/><U49/><E49/><V106/><F39/><W124/><G33/><T133/><D133/><U44/><E51/><V1/><F1/><W87/><G31/><T121/><D121/><U61/><E75/><V107/><F135/><W41/><G36/><T76/><D76/><U38/><E78/><V126/><F126/><W116/><G124/><T100/><AGARI ba="0,1" hai="7,8,12,21,22,77,80,86,88,93,94,96,99,100" machi="100" ten="20,12000,1" yaku="1,1,0,1,7,1,8,1,54,1,53,0" doraHai="120" doraHaiUra="59" who="0" fromWho="0" sc="240,130,250,-40,250,-40,250,-40" /><INIT seed="0,1,0,3,5,27" ten="370,210,210,210" oya="0" hai0="15,125,69,105,35,33,124,65,87,45,53,98,23" hai1="21,99,5,8,108,132,20,7,121,135,52,62,115" hai2="25,61,127,38,128,126,16,107,90,1,40,96,77" hai3="31,103,18,75,94,72,42,91,78,2,64,110,76"/><T106/><D69/><U100/><E121/><V36/><F1/><W80/><G2/><T119/><D65/><U56/><E108/><V41/><F77/><W44/><G110/><T28/><D119/><U92/><E115/><V81/><F61/><W22/><G64/><T134/><D134/><N who="1" m="51243" /><E7/><V113/><F113/><W93/><G103/><T30/><D87/><U34/><E34/><V63/><F63/><W114/><G114/><T29/><D23/><U4/><E5/><V68/><F68/><W24/><G94/><T0/><D15/><AGARI ba="1,0" hai="4,8,15,20,21,52,56,62,92,99,100" m="51243" machi="15" ten="30,2000,0" yaku="20,1,54,1" doraHai="27" who="1" fromWho="0" sc="370,-23,210,23,210,0,210,0" /><INIT seed="1,0,0,1,5,83" ten="347,233,210,210" oya="1" hai0="4,42,87,43,89,116,18,90,50,15,123,37,60" hai1="102,44,24,58,63,118,134,29,103,117,33,74,16" hai2="31,6,110,55,75,51,69,76,106,124,126,127,22" hai3="104,25,1,91,62,68,20,36,73,71,59,5,82"/><U61/><E74/><V12/><F106/><W39/><G104/><T45/><D116/><U72/><E72/><V133/><F69/><W108/><G108/><T14/><D123/><U100/><E134/><V40/><F133/><W84/><G73/><T27/><D60/><U115/><E115/><V41/><F110/><W135/><G135/><T101/><D101/><U32/><E44/><V70/><F70/><W30/><G71/><T128/><D128/><U107/><E107/><V131/><F131/><W94/><G68/><T77/><D37/><U26/><E16/><N who="2" m="10503" /><F6/><W81/><G39/><T3/><D3/><U38/><E38/><V13/><F13/><N who="0" m="4618" /><D43/><U48/><E48/><V28/><F76/><W92/><G36/><T96/><D4/><U122/><E122/><V57/><F75/><W99/><G1/><T65/><D65/><U95/><E95/><V79/><F79/><W93/><G81/><N who="0" m="47535" /><D96/><U2/><E2/><V49/><F49/><W111/><G111/><T54/><D42/><AGARI ba="0,0" hai="28,31,40,41,42,51,55,57,124,126,127" m="10503" machi="42" ten="30,2000,0" yaku="18,1,54,1" doraHai="83" who="2" fromWho="0" sc="347,-20,233,0,210,20,210,0" /><INIT seed="2,0,0,0,2,101" ten="327,233,230,210" oya="2" hai0="117,68,73,63,6,36,28,14,23,49,42,59,0" hai1="95,54,15,62,111,51,64,87,135,84,112,13,69" hai2="76,29,38,26,19,83,92,79,8,37,61,133,116" hai3="88,45,105,89,128,90,107,114,25,18,81,85,22"/><V113/><F113/><W86/><G114/><T100/><D73/><U48/><E112/><V102/><F116/><W118/><G118/><T132/><D117/><U109/><E135/><V110/><F133/><W35/><G128/><T75/><D75/><U1/><E1/><V21/><F76/><W9/><G35/><T20/><D0/><U65/><E95/><V96/><F110/><N who="1" m="41993" /><E51/><V53/><F53/><W24/><G24/><T2/><D2/><U7/><E65/><V39/><F61/><W106/><G9/><T56/><D36/><U3/><E3/><V16/><REACH who="2" step="1"/><F8/><REACH who="2" ten="327,233,220,210" step="2"/><W34/><G34/><T12/><D132/><U60/><E60/><V127/><F127/><W94/><REACH who="3" step="1"/><G45/><REACH who="3" ten="327,233,220,200" step="2"/><T104/><D23/><U43/><E64/><V72/><AGARI ba="0,2" hai="16,19,21,26,29,37,38,39,72,79,83,92,96,102" machi="72" ten="30,18000,2" yaku="1,1,0,1,54,1,53,3" doraHai="101" doraHaiUra="71" who="2" fromWho="2" sc="327,-60,233,-60,220,200,200,-60" /><INIT seed="2,1,0,0,5,73" ten="267,173,420,140" oya="2" hai0="46,129,87,28,58,116,85,1,78,38,24,101,80" hai1="98,92,83,0,115,9,12,56,76,110,62,32,82" hai2="122,49,13,102,106,81,2,42,121,51,30,34,39" hai3="133,37,113,124,112,70,40,86,93,95,107,57,55"/><V65/><F2/><W8/><G70/><T63/><D1/><U53/><E0/><V47/><F65/><W105/><G40/><T135/><D135/><U90/><E110/><V88/><F106/><W75/><G75/><T23/><D129/><U25/><E115/><V45/><F102/><W50/><G37/><T52/><D116/><U71/><E71/><V128/><F128/><W67/><G67/><T4/><D4/><U18/><E32/><V72/><F39/><W7/><G133/><T134/><D134/><U5/><REACH who="1" step="1"/><E76/><REACH who="1" ten="267,163,420,140" step="2"/><V33/><F33/><W43/><G113/><T66/><D101/><U22/><AGARI ba="1,1" hai="5,9,12,18,22,25,53,56,62,82,83,90,92,98" machi="22" ten="30,12000,2" yaku="1,1,2,1,0,1,25,2,8,1,53,0" doraHai="73" doraHaiUra="64" who="1" fromWho="1" sc="267,-31,163,133,420,-61,140,-31" /><INIT seed="3,0,0,2,1,95" ten="236,296,359,109" oya="3" hai0="24,101,31,128,4,86,59,81,1,30,38,112,102" hai1="3,122,111,39,116,27,13,118,65,52,41,45,37" hai2="62,132,40,130,8,105,25,134,66,77,10,94,88" hai3="93,107,75,67,87,64,89,11,84,0,54,2,29"/><W85/><G75/><T22/><D38/><U69/><E122/><V133/><F105/><W63/><G107/><T103/><D128/><U125/><E3/><V82/><F40/><W6/><G0/><T135/><D135/><U68/><E27/><V115/><F130/><W129/><G129/><T109/><D109/><U21/><E21/><V72/><F25/><W48/><G29/><T26/><D112/><U79/><E13/><V50/><F50/><W110/><G110/><T70/><D70/><N who="1" m="27243" /><E79/><V58/><F115/><W34/><G34/><T124/><D124/><U55/><E111/><V83/><F83/><W71/><REACH who="3" step="1"/><G67/><REACH who="3" ten="236,296,359,99" step="2"/><T7/><D1/><U53/><E65/><V36/><F72/><W12/><G12/><T9/><D30/><U99/><E125/><V28/><F28/><W96/><G96/><T131/><D131/><U51/><E99/><V18/><F66/><W5/><G5/><T14/><D26/><U98/><E98/><V126/><F126/><W90/><G90/><N who="0" m="51535" /><D7/><U127/><E127/><V73/><F73/><W20/><G20/><T42/><D31/><U108/><E108/><V15/><F132/><W120/><G120/><T56/><D22/><U61/><E61/><V106/><F133/><W76/><G76/><T97/><D24/><U74/><E74/><V92/><F77/><W43/><G43/><T113/><D42/><U33/><E33/><V117/><F134/><W60/><G60/><T100/><D113/><U23/><E23/><V57/><F62/><W80/><G80/><T78/><D78/><U16/><E16/><V47/><F18/><RYUUKYOKU ba="0,1" sc="236,10,296,10,359,-30,99,10" hai0="4,9,14,56,59,97,100,101,102,103" hai1="37,39,41,45,51,52,53,55,116,118" hai3="2,6,11,48,54,63,64,71,84,85,87,89,93" /><INIT seed="3,1,1,0,2,58" ten="246,306,329,109" oya="3" hai0="99,108,60,95,61,55,82,105,57,110,31,114,50" hai1="12,9,63,124,54,71,111,23,14,103,70,21,36" hai2="101,90,107,76,43,128,15,123,8,87,72,38,39" hai3="32,5,92,45,42,129,86,109,126,24,118,102,81"/><W120/><G120/><T121/><D121/><U16/><E36/><V100/><F123/><W67/><G118/><T80/><D114/><U125/><E111/><N who="0" m="42537" /><D31/><U13/><E103/><V18/><F128/><W135/><G129/><T127/><D105/><U112/><E112/><V47/><F38/><W66/><G109/><T84/><D127/><N who="1" m="48715" /><E23/><V119/><F119/><W98/><G126/><T19/><D19/><N who="1" m="10471" /><E13/><V30/><F107/><W134/><G5/><T130/><D130/><U53/><E71/><V65/><F30/><W7/><G7/><T27/><D27/><U77/><E77/><V1/><F1/><W17/><G17/><T78/><D82/><U122/><E122/><V51/><F39/><W11/><G11/><T74/><D74/><U44/><E44/><V4/><F18/><W3/><G3/><T25/><D25/><U37/><E37/><V56/><F72/><W22/><G32/><T68/><D68/><U64/><AGARI ba="1,1" hai="9,14,16,53,54,63,64,70" m="10471,48715" machi="64" ten="30,4000,0" yaku="18,1,52,1,54,1" doraHai="58" who="1" fromWho="1" sc="246,-11,306,53,329,-11,109,-21" /><INIT seed="4,0,0,1,0,130" ten="235,359,318,88" oya="0" hai0="132,108,94,37,25,34,32,2,42,63,45,22,33" hai1="112,85,82,104,46,86,79,121,72,19,38,84,116" hai2="6,119,131,123,120,57,27,117,10,125,77,28,127" hai3="97,118,61,76,5,99,75,3,48,93,40,60,50"/><T56/><D2/><U52/><E116/><N who="2" m="44619" /><F57/><W128/><G128/><T68/><D108/><U135/><E121/><N who="2" m="46667" /><F77/><W96/><G118/><T92/><D68/><U74/><E112/><V4/><F131/><W124/><G124/><N who="2" m="47689" /><F10/><W36/><G36/><T17/><REACH who="0" step="1"/><D132/><REACH who="0" ten="225,359,318,88" step="2"/><U114/><E135/><V1/><F1/><W49/><G40/><T20/><D20/><AGARI ba="0,1" hai="4,6,20,27,28" m="47689,46667,44619" machi="20" ten="40,8000,1" yaku="12,1,18,1,34,2" doraHai="130" who="2" fromWho="0" sc="225,-80,359,0,318,90,88,0" /><INIT seed="5,0,0,1,3,45" ten="145,359,408,88" oya="1" hai0="108,112,47,82,131,114,127,133,90,4,130,96,37" hai1="54,24,104,57,116,44,79,88,61,85,91,102,111" hai2="58,29,123,64,81,34,132,94,43,128,7,32,50" hai3="122,106,0,20,12,125,105,113,121,63,110,55,74"/><U80/><E116/><V69/><F69/><W126/><G0/><T109/><D4/><U36/><E111/><N who="0" m="42569" /><D37/><U117/><E117/><V9/><F123/><W41/><G74/><T62/><D62/><U13/><E104/><V48/><F128/><N who="0" m="49194" /><D47/><U18/><E102/><V52/><F64/><W8/><G110/><T87/><D133/><U46/><E24/><V73/><F94/><W92/><G41/><T99/><D127/><U95/><E91/><V83/><F132/><W78/><G20/><T25/><D25/><U42/><E42/><V65/><F65/><W28/><G28/><T129/><D129/><U100/><E100/><V26/><F34/><W84/><G126/><T134/><D134/><U93/><E93/><V40/><F73/><W120/><G125/><T5/><D5/><U51/><E61/><V135/><F135/><W118/><G118/><T101/><D96/><N who="1" m="57447" /><E36/><V77/><F40/><W11/><G63/><T49/><D99/><U15/><E15/><V27/><F27/><W14/><G14/><T119/><D101/><U21/><AGARI ba="0,0" hai="13,18,21,44,46,51,54,57,79,80,85" m="57447" machi="21" ten="30,6000,0" yaku="8,1,52,1,54,1" doraHai="45" who="1" fromWho="1" sc="145,-20,359,60,408,-20,88,-20" /><INIT seed="5,1,0,5,0,62" ten="125,419,388,68" oya="1" hai0="48,1,24,69,14,64,59,43,4,77,7,8,66" hai1="97,82,0,13,11,32,25,5,79,63,87,39,76" hai2="116,104,46,56,16,68,126,83,114,35,28,95,40" hai3="124,100,70,125,96,129,105,72,128,53,108,110,120"/><U61/><E39/><V34/><F68/><W133/><G53/><T102/><D69/><U109/><E109/><N who="3" m="42090" /><G70/><T115/><D115/><U29/><E76/><V135/><F104/><W113/><G113/><T45/><D102/><U86/><E86/><V33/><F116/><W123/><G72/><T44/><D77/><U131/><E131/><N who="3" m="50250" /><G133/><T6/><D24/><U38/><E38/><V99/><F135/><W92/><G92/><T23/><D23/><U10/><REACH who="1" step="1"/><E97/><REACH who="1" ten="125,409,388,68" step="2"/><V41/><F99/><W2/><G2/><T26/><D1/><U9/><E9/><V91/><F114/><W20/><G20/><T67/><D26/><U74/><E74/><V17/><F33/><W60/><G60/><N who="0" m="37919" /><D45/><U31/><E31/><V90/><F28/><W57/><G57/><T15/><D15/><U117/><E117/><V88/><F34/><W132/><G132/><T19/><AGARI ba="1,1" hai="4,6,7,8,14,19,43,44,48,66,67" m="37919" machi="19" ten="30,7900,0" yaku="8,1,52,3" doraHai="62" who="0" fromWho="0" sc="125,92,409,-40,388,-21,68,-21" /><INIT seed="6,0,0,2,1,6" ten="217,369,367,47" oya="2" hai0="44,125,71,41,90,66,118,106,55,91,3,117,1" hai1="31,92,74,76,126,107,34,58,75,78,96,110,10" hai2="64,70,133,26,11,33,52,116,4,16,60,73,130" hai3="114,53,57,113,61,120,2,81,49,103,0,131,123"/><V127/><F116/><N who="0" m="44650" /><D106/><U21/><E110/><V87/><F73/><W56/><G103/><T89/><D125/><U51/><E34/><V5/><F127/><W132/><G81/><T95/><D55/><N who="1" m="32127" /><E107/><V24/><F130/><W30/><G30/><T97/><D66/><U94/><E75/><V69/><F69/><W54/><G131/><T47/><D71/><U134/><E74/><V50/><F133/><W82/><G82/><T7/><D47/><U28/><E134/><V27/><F87/><W112/><REACH who="3" step="1"/><G132/><REACH who="3" ten="217,369,367,37" step="2"/><T93/><D93/><U129/><E28/><V105/><F105/><W85/><G85/><T32/><D32/><U100/><E129/><V37/><F33/><W12/><G12/><T63/><D3/><AGARI ba="0,1" hai="0,2,3,49,53,54,56,57,61,112,113,114,120,123" machi="3" ten="50,8000,1" yaku="1,1,15,1,11,1,53,2" doraHai="6" doraHaiUra="48" who="3" fromWho="0" sc="217,-80,369,0,367,0,37,90" /><INIT seed="7,0,0,5,2,94" ten="137,369,367,127" oya="3" hai0="45,18,12,88,65,100,105,80,27,22,63,28,10" hai1="120,103,117,111,61,86,35,76,39,49,53,91,38" hai2="15,11,46,84,73,50,93,130,1,81,101,9,129" hai3="31,8,43,134,60,72,119,0,55,79,126,20,21"/><W5/><G119/><T127/><D127/><U78/><E111/><V98/><F1/><W2/><G2/><T33/><D45/><U6/><E120/><V66/><F73/><W13/><G126/><T99/><D80/><U107/><E35/><V17/><F66/><W87/><G72/><T32/><D88/><U70/><E39/><V128/><F17/><W48/><G0/><T132/><D132/><U89/><E6/><V51/><F15/><W29/><G134/><T37/><D37/><U74/><E38/><V77/><F51/><W19/><G60/><T82/><D82/><U16/><E74/><V75/><F75/><W30/><G43/><AGARI ba="0,0" hai="9,11,43,46,50,77,81,84,93,98,101,128,129,130" machi="43" ten="40,2600,0" yaku="19,1,52,1" doraHai="94" who="2" fromWho="3" sc="137,0,369,0,367,26,127,-26" owari="137,-26.0,369,17.0,393,49.0,101,-40.0" /></mjloggm>