<mjloggm ver="2.3"><GO type="169" lobby="0"/><UN n0="%79%6F%6A%6F" n1="%E3%81%91%E3%82%93%31%39%37%30" n2="%E5%B0%B1%E6%B4%BB%E7%94%9F%40%E5%B7%9D%E6%9D%91%E8%BB%8D%E5%9B%A3" n3="%E5%AF%8C%E7%94%B7%E3%81%A7%E3%81%99" dan="18,17,17,16" rate="2187.42,2168.15,2129.56,2069.48" sx="F,M,M,M"/><TAIKYOKU oya="0"/><INIT seed="0,0,0,3,0,6" ten="250,250,250,250" oya="0" hai0="24,100,95,23,20,51,85,75,8,50,80,47,26" hai1="111,128,120,63,49,40,108,46,102,10,109,129,48" hai2="37,73,43,127,35,29,70,55,118,88,30,122,133" hai3="131,38,62,83,18,99,81,72,130,123,56,21,107"/><T7/><D75/><U124/><E102/><V104/><RYUUKYOKU type="yao9" ba="0,0" sc="250,0,250,0,250,0,250,0" hai2="29,30,35,37,43,55,70,73,88,104,118,122,127,133" /><INIT seed="0,1,0,5,0,43" ten="250,250,250,250" oya="0" hai0="11,114,15,134,83,88,128,16,94,8,28,25,125" hai1="13,31,62,77,111,85,118,126,74,29,26,64,72" hai2="119,113,58,4,101,0,38,127,82,63,45,91,56" hai3="133,122,97,46,129,75,96,117,104,59,50,79,42"/><T22/><D114/><U33/><E118/><V12/><F113/><W78/><G117/><T53/><D128/><U2/><E2/><V3/><F127/><W20/><G122/><T5/><D134/><U93/><E126/><V47/><F38/><W135/><G129/><T71/><D125/><U130/><E111/><V35/><F35/><W95/><G75/><T89/><D71/><U55/><E130/><V39/><F39/><W109/><G109/><T86/><D53/><U70/><E31/><V6/><F3/><W115/><G115/><T131/><D131/><U44/><E13/><V57/><F0/><W108/><G108/><T30/><D11/><U84/><E84/><AGARI ba="1,0" hai="5,8,15,16,22,25,28,30,83,84,86,88,89,94" machi="84" ten="30,11600,0" yaku="7,1,8,1,54,2" doraHai="43" who="0" fromWho="1" sc="250,119,250,-119,250,0,250,0" /><INIT seed="0,2,0,1,3,75" ten="369,131,250,250" oya="0" hai0="4,21,55,79,44,80,62,127,78,92,96,101,6" hai1="54,119,57,116,65,95,111,16,5,129,121,17,126" hai2="26,77,61,122,109,113,12,15,110,117,125,93,90" hai3="42,46,86,68,41,34,70,45,108,89,64,131,104"/><T107/><D127/><U134/><E121/><V124/><F122/><W39/><G104/><T123/><D123/><U69/><E126/><N who="2" m="48747" /><F113/><W23/><G34/><T106/><D106/><U105/><E105/><V36/><F36/><W40/><G108/><N who="2" m="41577" /><F117/><W51/><G131/><T114/><D114/><U118/><E129/><V103/><F103/><W98/><G98/><T30/><D107/><U73/><E111/><V50/><F26/><W91/><G42/><T130/><D130/><U19/><E5/><N who="0" m="2153" /><D80/><U76/><E95/><V84/><F61/><W56/><G23/><T11/><D11/><U81/><E134/><V20/><F20/><W1/><G1/><T0/><D0/><U120/><E120/><V8/><F50/><W82/><G51/><N who="0" m="29159" /><D62/><U9/><E9/><V10/><F10/><W87/><G39/><T99/><D99/><U74/><E69/><V35/><F35/><W102/><G68/><T133/><D133/><U88/><E65/><V3/><F3/><W94/><G70/><T2/><D2/><U28/><E119/><V33/><F33/><W25/><G64/><T67/><D67/><U27/><E118/><V7/><F8/><W53/><G40/><T60/><D60/><U132/><E132/><V18/><F7/><W24/><G41/><T32/><D32/><U37/><E37/><V100/><F18/><W112/><G112/><T52/><D52/><U47/><E116/><V13/><F100/><W66/><G102/><T128/><D128/><U71/><E71/><V85/><F85/><W58/><G66/><T43/><D43/><U38/><E38/><RYUUKYOKU ba="2,0" sc="369,15,131,-15,250,15,250,-15" hai0="21,30,78,79,92,96,101" hai2="12,13,15,77,84,90,93" /><INIT seed="0,3,0,2,0,63" ten="384,116,265,235" oya="0" hai0="33,91,128,4,69,10,119,95,118,107,130,124,34" hai1="70,51,25,110,14,30,115,103,61,60,78,77,16" hai2="93,87,88,132,114,57,72,75,129,23,85,43,81" hai3="6,68,62,19,42,11,9,112,12,109,96,35,48"/><T24/><D107/><U98/><E110/><V3/><F3/><W41/><G35/><N who="0" m="13323" /><D69/><U50/><E115/><V20/><F114/><W7/><G109/><T40/><D40/><U120/><E120/><V53/><F129/><N who="0" m="49770" /><D24/><U13/><E25/><V100/><F132/><W105/><G112/><T36/><D36/><U58/><E30/><V113/><F113/><W54/><G96/><N who="0" m="57471" /><D124/><U31/><E31/><V74/><F43/><W1/><G105/><T65/><D65/><U83/><E70/><V44/><F44/><W8/><G68/><T47/><D47/><U79/><E83/><V94/><F100/><W49/><G42/><T97/><D97/><U55/><E14/><AGARI ba="3,0" hai="4,10,14,118,119" m="57471,49770,13323" machi="14" ten="30,1500,0" yaku="19,1" doraHai="63" who="0" fromWho="1" sc="384,24,116,-24,265,0,235,0" /><INIT seed="0,4,0,5,5,116" ten="408,92,265,235" oya="0" hai0="117,98,130,76,57,32,52,27,50,74,5,93,44" hai1="100,109,77,23,99,80,41,30,123,132,111,94,55" hai2="126,73,127,103,84,47,26,53,28,66,0,62,14" hai3="83,67,81,35,54,38,120,29,15,19,1,124,16"/><T8/><D117/><U3/><E3/><V82/><F0/><W65/><G1/><T106/><D106/><U45/><E55/><V95/><F73/><W7/><G38/><T70/><D70/><U133/><E30/><V129/><F129/><W119/><G119/><T85/><D74/><N who="1" m="43063" /><E23/><V108/><F108/><N who="1" m="41545" /><E45/><V128/><F128/><W115/><G54/><T17/><D32/><U21/><E21/><V42/><F53/><W12/><G29/><T31/><D31/><U25/><E25/><V11/><F47/><W18/><G124/><T131/><D5/><U105/><E41/><V43/><F43/><W114/><G19/><T104/><D8/><U125/><E125/><V92/><F42/><W36/><G36/><T33/><D33/><U20/><E20/><V69/><F26/><W46/><G46/><T96/><D17/><U75/><E75/><V51/><F51/><W4/><G35/><T91/><D27/><U121/><E105/><V86/><F28/><W110/><G110/><T113/><D104/><U37/><E37/><V9/><F9/><W48/><G48/><T122/><D131/><U59/><E59/><V63/><F11/><W56/><G56/><T13/><D13/><U90/><E100/><V10/><F14/><W135/><G135/><AGARI ba="4,0" hai="90,94,99,121,123,132,133,135" m="41545,43063" machi="135" ten="30,12000,2" yaku="20,1,14,1,34,2,52,2" doraHai="116" who="1" fromWho="3" sc="408,0,92,132,265,0,235,-132" /><INIT seed="1,0,0,3,5,15" ten="408,224,265,103" oya="1" hai0="76,80,54,87,2,21,46,75,64,33,107,99,68" hai1="124,70,77,94,109,58,26,97,25,62,89,34,134" hai2="85,59,6,123,23,43,82,104,17,106,37,12,39" hai3="129,32,27,13,71,130,84,91,1,60,20,90,86"/><U49/><E70/><V114/><F123/><W120/><G120/><T105/><D2/><U56/><E77/><V51/><F114/><W3/><G32/><T22/><D107/><U79/><E79/><V110/><F110/><W116/><G116/><T9/><D9/><U38/><E38/><V18/><F6/><W128/><G13/><T95/><D33/><U50/><E134/><V92/><F92/><W44/><G44/><T40/><D54/><U133/><E133/><V115/><F115/><W103/><G103/><N who="0" m="62719" /><D64/><U7/><E7/><V125/><F125/><W61/><G71/><T0/><D0/><N who="3" m="73" /><G20/><T29/><D29/><U65/><E124/><V72/><F72/><W57/><G27/><T42/><D42/><U100/><E109/><V113/><F113/><W19/><G19/><T36/><D68/><U96/><E34/><V10/><F104/><W45/><G45/><T131/><D131/><U52/><REACH who="1" step="1"/><E50/><REACH who="1" ten="408,214,265,103" step="2"/><V111/><F111/><W122/><G122/><T126/><D126/><U98/><E98/><V41/><F39/><W67/><G61/><T81/><D36/><U88/><E88/><AGARI ba="0,1" hai="57,60,67,84,86,88,90,91,128,129,130" m="73" machi="88" ten="40,2600,0" yaku="19,1,54,1" doraHai="15" who="3" fromWho="1" sc="408,0,214,-26,265,0,103,36" /><INIT seed="2,0,0,5,3,1" ten="408,188,265,139" oya="2" hai0="8,3,58,104,21,111,118,125,30,114,88,85,62" hai1="48,100,124,39,79,105,93,102,133,18,90,71,74" hai2="52,91,68,26,82,31,108,50,47,131,84,24,66" hai3="22,69,38,96,23,110,113,17,107,19,70,29,28"/><V75/><F75/><W57/><G38/><T72/><D114/><U95/><E39/><V53/><F131/><W27/><G113/><T10/><D72/><U4/><E71/><V120/><F120/><W112/><G112/><T67/><D104/><U15/><E133/><V55/><F108/><W7/><G57/><T127/><D111/><U46/><E124/><N who="0" m="47689" /><D3/><U20/><E105/><V6/><F6/><W13/><G110/><T56/><D56/><U92/><E74/><V61/><REACH who="2" step="1"/><F26/><REACH who="2" ten="408,188,255,139" step="2"/><W109/><G109/><T126/><D126/><U86/><E4/><V35/><AGARI ba="0,1" hai="24,31,35,47,50,52,53,55,61,66,68,82,84,91" machi="35" ten="20,24000,3" yaku="1,1,2,1,0,1,7,1,54,1,53,3" doraHai="1" doraHaiUra="49" who="2" fromWho="2" sc="408,-80,188,-80,255,250,139,-80" /><INIT seed="2,1,0,2,0,108" ten="328,108,505,59" oya="2" hai0="125,52,135,104,41,61,21,124,32,8,107,69,42" hai1="80,133,100,25,95,92,22,62,78,88,75,36,71" hai2="33,24,121,29,68,6,53,94,17,115,112,26,134" hai3="51,130,110,126,12,111,16,120,131,65,15,23,60"/><V106/><F106/><N who="0" m="40490" /><D135/><U127/><E36/><V99/><F121/><W39/><G39/><T19/><D32/><U81/><E133/><V20/><F68/><W55/><G120/><T0/><D8/><U2/><E2/><V5/><F134/><W9/><G126/><N who="0" m="48747" /><D0/><U1/><E1/><V31/><F53/><W89/><G60/><T3/><D3/><U18/><E127/><V74/><F74/><W43/><G43/><T10/><D10/><U86/><E100/><V132/><F132/><W7/><G89/><T82/><D82/><U84/><E75/><V54/><F54/><W83/><G83/><T14/><D52/><U118/><E118/><V103/><REACH who="2" step="1"/><F17/><REACH who="2" ten="328,108,495,59" step="2"/><W40/><G55/><T113/><D113/><AGARI ba="1,1" hai="5,6,20,24,26,29,31,33,94,99,103,112,113,115" machi="113" ten="40,12000,1" yaku="1,1,2,1,52,3,53,0" doraHai="108" doraHaiUra="13" who="2" fromWho="0" sc="328,-123,108,0,495,133,59,0" /><INIT seed="2,2,0,2,0,98" ten="205,108,628,59" oya="2" hai0="64,102,77,69,81,43,8,29,100,106,109,82,14" hai1="11,27,110,74,13,71,56,62,85,112,49,24,107" hai2="16,123,54,51,131,30,53,4,31,93,70,92,21" hai3="58,67,87,48,115,116,108,104,78,15,76,89,84"/><V39/><F123/><W17/><G104/><T1/><D1/><U2/><E74/><V120/><F39/><W37/><G37/><T10/><D109/><U63/><E112/><V114/><F70/><W80/><G108/><T97/><D43/><U124/><E2/><V79/><F120/><W28/><G116/><T3/><D3/><U135/><E124/><V46/><F114/><W119/><G119/><T121/><D121/><U34/><E135/><V20/><F79/><W35/><G115/><T12/><D29/><N who="2" m="10762" /><F4/><W44/><G28/><T45/><D45/><U127/><E127/><V90/><F21/><W75/><G35/><T129/><D129/><U94/><E107/><V33/><F33/><W88/><G58/><T23/><D23/><U7/><E71/><V126/><F126/><W99/><G67/><T132/><D64/><U95/><E34/><V38/><F38/><W0/><G0/><T19/><D69/><U86/><E49/><N who="2" m="28855" /><F90/><W42/><G76/><T130/><D130/><U133/><E133/><V25/><F131/><W117/><G117/><T22/><D132/><U50/><E110/><V66/><F66/><W59/><G59/><AGARI ba="2,0" hai="16,20,25,51,54,59,92,93" m="28855,10762" machi="59" ten="30,2900,0" yaku="8,1,54,1" doraHai="98" who="2" fromWho="3" sc="205,0,108,0,628,35,59,-35" /><INIT seed="2,3,0,1,1,109" ten="205,108,663,24" oya="2" hai0="6,64,8,35,12,11,56,57,26,17,84,85,93" hai1="103,80,19,117,16,115,131,105,134,1,114,68,21" hai2="108,23,77,112,47,65,52,74,86,27,122,135,91" hai3="39,69,126,0,32,129,34,89,67,5,75,120,118"/><V63/><F122/><W59/><RYUUKYOKU type="yao9" ba="3,0" sc="205,0,108,0,663,0,24,0" hai3="0,5,32,34,39,59,67,69,75,89,118,120,126,129" /><INIT seed="2,4,0,4,4,19" ten="205,108,663,24" oya="2" hai0="43,7,5,127,42,111,95,93,58,97,67,13,117" hai1="70,100,121,33,106,10,82,54,24,109,73,126,30" hai2="120,22,31,94,34,51,134,69,64,15,133,47,29" hai3="96,4,81,16,103,40,9,3,14,45,115,48,8"/><V102/><F34/><W44/><G115/><T101/><D111/><U72/><E54/><V25/><F120/><W60/><G60/><N who="0" m="38295" /><D127/><U135/><E109/><V128/><F128/><W59/><G81/><T129/><D129/><U74/><E126/><V110/><F110/><W6/><G59/><T20/><D95/><U66/><E10/><V87/><F15/><W113/><G113/><T55/><D55/><U107/><E135/><N who="2" m="51723" /><F69/><W1/><G45/><T118/><D42/><U32/><E32/><V79/><F64/><W63/><G63/><T49/><D49/><U36/><E36/><V53/><F31/><W125/><G125/><T116/><D43/><U68/><E121/><V108/><F108/><W0/><REACH who="3" step="1"/><G6/><REACH who="3" ten="205,108,663,14" step="2"/><T122/><D122/><U18/><E70/><V99/><F79/><W65/><G65/><T35/><D5/><U46/><E46/><V28/><F47/><W39/><G39/><T37/><D37/><U2/><E82/><V76/><F53/><W131/><G131/><T119/><D119/><U21/><E66/><V114/><F114/><W23/><G23/><T80/><D35/><U91/><E68/><V62/><F62/><W38/><G38/><T77/><D20/><U132/><E132/><V92/><F51/><W26/><G26/><T130/><D130/><U57/><E57/><V123/><F123/><W56/><G56/><T12/><D7/><U124/><E124/><V112/><F112/><W61/><G61/><T105/><D80/><U27/><E33/><V83/><F29/><W84/><G84/><T71/><D71/><U52/><E30/><RYUUKYOKU ba="4,1" sc="205,-15,108,-15,663,15,14,15" hai2="22,25,28,76,83,87,92,94,99,102" hai3="0,1,3,4,8,9,14,16,40,44,48,96,103" /><INIT seed="2,5,1,1,3,122" ten="190,93,678,29" oya="2" hai0="121,7,47,28,23,81,95,40,114,46,91,51,134" hai1="2,100,99,104,126,13,110,31,59,109,42,102,98" hai2="78,67,120,80,17,14,1,88,43,21,25,131,15" hai3="105,30,107,74,58,8,84,55,129,5,49,44,38"/><V50/><F1/><N who="3" m="47" /><G129/><T27/><D114/><U66/><E2/><V115/><F115/><W94/><G30/><T85/><D134/><U76/><E76/><V133/><F120/><W72/><G84/><T45/><D121/><U61/><E42/><V26/><F133/><W65/><G94/><T11/><D95/><U82/><E82/><V70/><F131/><W37/><G37/><T124/><D124/><U93/><E126/><V35/><F70/><W106/><G106/><T128/><D128/><U77/><E77/><V135/><F67/><W101/><G101/><T41/><D41/><U16/><REACH who="1" step="1"/><E31/><REACH who="1" ten="190,83,678,29" step="2"/><V89/><F78/><W73/><G73/><T118/><D118/><U132/><E132/><V22/><F80/><W130/><G74/><T71/><D40/><U75/><E75/><V111/><F135/><W68/><G130/><T127/><D127/><U90/><E90/><V113/><F113/><W4/><G72/><T0/><D91/><U56/><E56/><V103/><F89/><W62/><G4/><T18/><D28/><U86/><E86/><V10/><F88/><W112/><G112/><T36/><D85/><U48/><E48/><V54/><F50/><W123/><G123/><T52/><D81/><U19/><E19/><V57/><F43/><AGARI ba="5,2" hai="38,43,44,49,55,58,62,65,68,105,107" m="47" machi="43" ten="30,1000,0" yaku="24,1" doraHai="122" who="3" fromWho="2" sc="190,0,83,0,678,-25,29,45" /><INIT seed="3,0,0,2,1,26" ten="190,83,653,74" oya="3" hai0="57,135,21,54,61,118,59,86,123,48,126,51,58" hai1="24,19,33,113,117,102,31,16,41,6,50,45,133" hai2="69,84,121,116,103,62,82,85,56,27,112,12,107" hai3="109,106,44,101,125,10,7,36,81,80,49,74,78"/><W111/><G125/><T4/><D118/><U70/><E113/><V87/><F116/><W128/><G81/><T0/><D123/><U68/><E117/><V94/><F69/><W76/><G76/><T3/><D135/><U64/><E133/><V99/><F112/><W108/><G128/><T71/><D126/><U91/><E6/><V98/><F121/><W5/><G36/><T17/><D86/><U129/><E129/><V131/><F131/><W63/><G63/><T28/><D28/><U15/><E19/><V38/><F38/><W9/><G101/><T43/><D71/><U13/><E13/><V122/><F122/><W96/><G96/><T73/><D73/><U11/><E102/><V124/><F124/><W104/><G9/><T75/><D75/><U52/><E64/><V88/><F12/><W67/><G67/><T127/><D127/><U89/><E89/><V100/><F27/><W130/><G130/><T53/><D4/><U18/><E18/><V95/><F107/><N who="3" m="41003" /><G10/><T25/><D43/><AGARI ba="0,0" hai="5,7,43,44,49,74,78,80,108,109,111" m="41003" machi="43" ten="40,3900,0" yaku="14,1,10,1" doraHai="26" who="3" fromWho="0" sc="190,-39,83,0,653,0,74,39" /><INIT seed="3,1,0,4,4,89" ten="151,83,653,113" oya="3" hai0="21,5,68,90,91,38,10,106,120,73,78,94,53" hai1="24,79,81,123,26,55,95,75,109,115,83,8,31" hai2="74,14,130,52,59,22,72,23,129,127,0,44,32" hai3="48,105,33,97,61,54,51,99,42,35,133,64,12"/><W101/><G133/><T39/><D106/><U92/><E123/><V114/><F32/><W37/><G99/><T124/><D68/><U126/><E115/><V70/><F0/><W128/><G128/><N who="2" m="49257" /><F70/><N who="3" m="42255" /><G48/><T1/><D120/><U125/><E109/><V110/><F110/><W84/><G84/><T98/><D91/><U119/><E119/><V3/><F3/><W18/><G12/><T104/><D104/><U40/><E40/><V50/><F114/><W88/><G88/><T69/><D69/><U100/><E100/><V63/><F127/><N who="1" m="48649" /><E26/><V117/><F117/><W15/><G15/><T86/><D1/><U9/><E55/><N who="2" m="34303" /><F14/><W29/><G29/><T47/><D124/><U34/><E83/><V116/><F116/><W36/><G18/><T58/><D5/><U57/><E57/><V112/><F112/><W103/><G103/><T19/><D58/><U87/><E75/><AGARI ba="1,0" hai="22,23,44,50,52,72,74,75" m="34303,49257" machi="75" ten="30,2000,0" yaku="19,1,54,1" doraHai="89" who="2" fromWho="1" sc="151,0,83,-23,653,23,113,0" /><INIT seed="4,0,0,3,2,66" ten="151,60,676,113" oya="0" hai0="125,59,61,21,1,109,98,101,12,116,29,28,105" hai1="133,20,8,46,68,77,75,129,132,37,84,16,96" hai2="90,88,112,122,44,58,103,135,35,70,74,34,113" hai3="121,50,104,65,83,95,106,108,19,25,67,118,0"/><T9/><D116/><U2/><E84/><V6/><F70/><W24/><G0/><T69/><D69/><U87/><E87/><V40/><F74/><W131/><G121/><T47/><D125/><U102/><E129/><V11/><F103/><W3/><G3/><T43/><D1/><U27/><E68/><V127/><F58/><W26/><G108/><T107/><D21/><U110/><E110/><V81/><F81/><W80/><G131/><T62/><D62/><U36/><E36/><V33/><F135/><W97/><G50/><T117/><D107/><U78/><E78/><V126/><F6/><W52/><G52/><T38/><D117/><U91/><E91/><N who="2" m="34859" /><F11/><W30/><G30/><T124/><D124/><N who="2" m="47658" /><F122/><W45/><G45/><T17/><D109/><U7/><E102/><V48/><AGARI ba="0,0" hai="33,34,35,40,44,48,112,113" m="47658,34859" machi="48" ten="40,2700,0" yaku="18,1,54,1" doraHai="66" who="2" fromWho="2" sc="151,-13,60,-7,676,27,113,-7" /><INIT seed="5,0,0,1,4,73" ten="138,53,703,106" oya="1" hai0="78,91,15,56,11,18,111,0,132,103,64,120,47" hai1="1,133,23,130,90,117,74,42,104,79,54,3,60" hai2="121,106,119,85,58,128,32,101,25,107,127,37,96" hai3="124,71,118,10,81,115,125,61,131,5,34,122,30"/><U26/><E117/><V35/><F107/><W17/><G122/><T80/><D111/><U105/><E42/><V29/><F37/><W129/><G17/><T44/><D132/><U102/><E133/><V21/><F119/><W22/><G22/><T46/><D0/><U110/><E90/><V69/><F69/><W8/><G118/><T16/><D103/><U82/><E130/><N who="3" m="49674" /><G81/><T20/><D120/><U52/><E110/><V28/><F58/><W97/><G97/><T50/><D91/><U38/><E38/><V33/><F85/><W43/><G43/><T75/><D56/><U36/><E36/><V59/><F106/><W113/><G61/><T98/><D64/><U2/><E60/><V62/><F59/><W6/><G71/><T76/><D98/><U55/><REACH who="1" step="1"/><E102/><REACH who="1" ten="138,43,703,106" step="2"/><V77/><F101/><W7/><G115/><T89/><D89/><U4/><E4/><V83/><F62/><W49/><G113/><T94/><D50/><U14/><E14/><V13/><F13/><N who="3" m="5263" /><G49/><T9/><D15/><U84/><E84/><V65/><F128/><W114/><G114/><T134/><D134/><U27/><E27/><V100/><F25/><N who="3" m="18767" /><G7/><T108/><D108/><U19/><AGARI ba="0,1" hai="1,2,3,19,23,26,52,54,55,74,79,82,104,105" machi="19" ten="40,12000,1" yaku="1,1,0,1,52,1,54,1,53,0" doraHai="73" doraHaiUra="99" who="1" fromWho="1" sc="138,-40,43,130,703,-40,106,-40" /><INIT seed="5,1,0,2,1,77" ten="98,173,663,66" oya="1" hai0="132,104,127,122,58,64,16,75,29,47,76,63,49" hai1="73,55,89,98,1,48,96,23,30,32,134,86,105" hai2="39,45,129,18,107,21,101,67,65,94,68,61,78" hai3="15,56,10,12,17,112,5,108,117,119,100,19,44"/><U60/><E73/><V8/><F129/><W131/><G131/><T28/><D104/><U35/><E1/><V85/><F67/><W83/><G108/><T135/><D127/><U43/><E134/><N who="0" m="51241" /><D122/><U59/><E35/><V113/><F113/><W6/><G112/><T54/><D75/><U120/><E32/><V57/><F107/><W109/><G109/><T128/><D128/><U133/><E120/><V31/><F31/><N who="0" m="11850" /><D16/><U80/><E105/><V99/><F8/><W33/><G33/><T84/><D84/><U103/><E103/><V114/><F114/><W4/><G100/><T50/><D50/><U118/><E118/><N who="3" m="45066" /><G56/><N who="0" m="36967" /><D76/><U126/><E126/><V90/><F78/><W66/><G66/><T46/><AGARI ba="1,0" hai="46,47,49,54,58" m="36967,11850,51241" machi="46" ten="30,1100,0" yaku="20,1" doraHai="77" who="0" fromWho="0" sc="98,14,173,-6,663,-4,66,-4" /><INIT seed="6,0,0,1,5,71" ten="112,167,659,62" oya="2" hai0="8,42,26,50,34,101,111,85,33,123,92,117,99" hai1="128,80,32,18,27,52,119,6,118,47,129,15,48" hai2="1,103,13,79,69,25,124,74,98,22,78,116,43" hai3="20,107,38,41,21,87,89,51,122,125,77,19,12"/><V45/><F1/><W94/><G125/><T95/><D111/><U84/><E6/><V3/><F3/><W61/><G122/><T31/><D123/><U126/><E126/><V37/><F69/><W134/><G134/><T7/><D117/><U135/><E135/><V30/><F124/><W132/><G107/><T105/><D34/><U10/><E27/><V86/><F74/><W127/><G61/><T28/><D28/><U5/><E5/><V67/><F67/><W35/><G35/><T64/><D64/><U39/><E39/><V17/><F86/><W16/><G77/><T93/><D50/><U131/><E32/><V53/><F53/><W0/><G0/><T91/><D42/><U96/><E96/><V56/><F56/><W102/><G102/><T36/><D36/><U112/><E112/><V11/><REACH who="2" step="1"/><F116/><REACH who="2" ten="112,167,649,62" step="2"/><W63/><G127/><T60/><D60/><U44/><E47/><V82/><F82/><W108/><G63/><T59/><D59/><U4/><E119/><V81/><F81/><W9/><G132/><T115/><D115/><U70/><E118/><V29/><F29/><W113/><G113/><T83/><D83/><U114/><E70/><V23/><F23/><W76/><G21/><T104/><D33/><U97/><E114/><V72/><F72/><W2/><G2/><T100/><D31/><U65/><E65/><V55/><F55/><W90/><G20/><T54/><D54/><U121/><E121/><V58/><F58/><W24/><G41/><T110/><D85/><U75/><E75/><V62/><F62/><W68/><G87/><RYUUKYOKU ba="0,1" sc="112,-10,167,-10,649,30,62,-10" hai2="11,13,17,22,25,30,37,43,45,78,79,98,103" /><INIT seed="6,1,1,4,5,108" ten="102,157,679,52" oya="2" hai0="74,17,72,27,134,46,51,109,37,23,132,100,127" hai1="67,63,123,107,53,60,33,71,47,130,135,22,106" hai2="94,73,126,9,30,103,86,124,7,113,101,45,92" hai3="19,89,3,39,114,59,21,76,16,28,111,0,5"/><V69/><F69/><W61/><G39/><T10/><D109/><U129/><E33/><V79/><F30/><W44/><G111/><T26/><D37/><U50/><E135/><N who="0" m="51753" /><D127/><N who="2" m="48682" /><F73/><N who="0" m="28266" /><D100/><N who="2" m="38474" /><F45/><W15/><G76/><T91/><D91/><U131/><E123/><V93/><F113/><W29/><G114/><T56/><D56/><N who="1" m="34831" /><E22/><V57/><F57/><W42/><G89/><T48/><D10/><U13/><E13/><N who="2" m="5311" /><F79/><W95/><G59/><T122/><D122/><U80/><E80/><V20/><F20/><W14/><G61/><T34/><D46/><U36/><E36/><V118/><F118/><W96/><G44/><T84/><D34/><U68/><E68/><V11/><F11/><W8/><G42/><AGARI ba="1,1" hai="42,47,50,63,67,71,106,107,129,130,131" m="34831" machi="42" ten="30,1000,0" yaku="19,1" doraHai="108" who="1" fromWho="3" sc="102,0,157,23,679,0,52,-13" /><INIT seed="7,0,0,1,0,48" ten="102,180,679,39" oya="3" hai0="75,15,128,107,98,84,59,66,50,22,53,122,45" hai1="71,111,57,130,80,32,29,126,21,79,96,47,46" hai2="118,4,93,94,92,132,76,5,105,90,54,8,63" hai3="11,83,12,134,116,13,62,121,56,30,9,6,99"/><W106/><G121/><T16/><D75/><U127/><E71/><V124/><F105/><W112/><G116/><T27/><D122/><U19/><E32/><V36/><F36/><W77/><G112/><T40/><D128/><U115/><E29/><V39/><F39/><W129/><G129/><T86/><D66/><U120/><E115/><V135/><F118/><W88/><G30/><T100/><D27/><U119/><E119/><V108/><F108/><W52/><G134/><N who="2" m="51241" /><F124/><W37/><G37/><AGARI ba="0,0" hai="15,16,22,37,40,45,50,53,59,84,86,98,100,107" machi="37" ten="30,3900,0" yaku="7,1,52,1,54,1" doraHai="48" who="0" fromWho="3" sc="102,39,180,0,679,0,39,-39" owari="141,-26.0,180,-2.0,679,78.0,0,-50.0" /></mjloggm>