<mjloggm ver="2.3"><GO type="169" lobby="0"/><UN n0="%6B%6F%6A%69%6D%6F%6E%39" n1="%E3%82%A6%E3%83%AB%E3%83%88%E3%83%A9%E7%AB%8B%E7%9B%B4" n2="%E6%9D%9F%E5%AD%90" n3="%E6%B2%88%E9%BB%99%E3%81%AE%E3%82%AA%E3%83%8A%E3%83%8B%E3%82%B9%E3%83%88" dan="16,18,16,16" rate="2050.33,2192.05,2113.20,2194.01" sx="M,M,M,M"/><TAIKYOKU oya="0"/><INIT seed="0,0,0,4,3,77" ten="250,250,250,250" oya="0" hai0="35,38,22,10,2,45,39,135,5,102,67,74,103" hai1="87,30,48,109,15,83,119,25,26,20,130,122,11" hai2="79,78,133,60,43,34,117,55,126,58,1,59,88" hai3="69,9,91,0,96,82,94,124,73,32,105,89,17"/><T93/><D74/><U134/><E122/><V50/><F34/><W123/><G69/><T98/><D35/><U110/><E119/><V36/><F1/><W129/><G32/><T27/><D135/><U28/><E134/><V19/><F133/><W125/><G17/><T72/><D72/><U65/><E65/><V131/><F131/><W4/><G105/><T63/><D45/><U24/><E48/><V111/><F111/><N who="1" m="42505" /><E130/><V70/><F126/><N who="3" m="48747" /><G129/><T71/><REACH who="0" step="1"/><D103/><REACH who="0" ten="240,250,250,250" step="2"/><U23/><E30/><AGARI ba="0,1" hai="2,5,10,22,27,30,38,39,63,67,71,93,98,102" machi="30" ten="30,12000,1" yaku="1,1,2,1,7,1,53,2" doraHai="77" doraHaiUra="68" who="0" fromWho="1" sc="240,130,250,-120,250,0,250,0" /><INIT seed="0,1,0,2,3,4" ten="370,130,250,250" oya="0" hai0="109,31,43,72,15,117,53,100,79,135,23,21,68" hai1="35,61,96,119,37,99,97,133,76,106,47,86,92" hai2="77,73,67,118,111,59,83,71,19,24,13,115,70" hai3="120,122,10,121,51,28,128,60,87,25,2,41,69"/><T95/><D117/><U132/><E35/><V63/><F115/><W0/><G128/><T129/><D68/><U6/><E61/><V82/><F111/><W88/><G51/><T32/><D43/><U131/><E47/><V89/><F24/><W134/><G41/><T66/><D66/><U1/><E6/><V29/><F29/><W104/><G104/><T9/><D72/><U112/><E1/><V57/><F118/><W34/><G134/><N who="1" m="51818" /><E37/><V44/><F44/><W17/><G69/><T98/><D135/><U49/><E49/><V30/><F30/><W33/><G60/><T14/><D129/><U91/><E119/><V27/><F27/><W110/><G110/><T78/><D32/><U12/><E12/><V102/><F102/><W48/><G48/><T5/><D53/><U26/><E26/><V38/><F38/><W124/><G124/><T103/><D109/><U108/><E108/><V80/><F71/><W81/><G34/><T123/><D123/><U40/><E40/><V90/><F70/><W62/><G62/><T126/><D126/><U7/><E131/><V55/><F55/><W105/><G105/><N who="0" m="63639" /><D31/><U45/><E45/><V85/><F63/><W52/><G52/><T113/><D113/><U42/><E42/><V101/><F67/><W65/><G65/><T39/><D39/><U16/><E112/><V93/><F59/><W18/><G0/><T50/><D50/><U116/><E116/><V74/><F57/><W114/><G114/><T127/><D127/><U54/><E106/><V58/><F58/><W22/><G22/><N who="0" m="8203" /><D15/><U8/><E54/><RYUUKYOKU ba="1,0" sc="370,15,130,-15,250,-15,250,15" hai0="5,9,14,78,79,95,103" hai3="2,10,17,18,25,28,33,81,87,88,120,121,122" /><INIT seed="0,2,0,1,5,72" ten="385,115,235,265" oya="0" hai0="30,97,106,60,119,91,7,16,52,28,8,131,122" hai1="4,53,78,51,31,19,99,107,15,20,13,21,35" hai2="54,90,70,48,44,11,36,0,55,129,105,71,2" hai3="5,39,89,6,86,50,77,17,57,69,22,18,56"/><T84/><D122/><U23/><E4/><N who="3" m="1642" /><G69/><T83/><D119/><U63/><E63/><V109/><F109/><W59/><G39/><T115/><D115/><U93/><E107/><V25/><F36/><W9/><G77/><N who="0" m="46191" /><D106/><U10/><E35/><V124/><F105/><W116/><G116/><T58/><D7/><U34/><E34/><V14/><F124/><W108/><G108/><T49/><D131/><U82/><E15/><V24/><F129/><W111/><G111/><T38/><D38/><U1/><E31/><V75/><F75/><W123/><G123/><T64/><D64/><U26/><E26/><V40/><F71/><W104/><G104/><T29/><D60/><U120/><E120/><V66/><F66/><W27/><G50/><T80/><D30/><U102/><E1/><V45/><F70/><W43/><G43/><T79/><D79/><U67/><E67/><V42/><F48/><W95/><G9/><T134/><D134/><U94/><E94/><V96/><F11/><W68/><G68/><T127/><D127/><U112/><E112/><V12/><F90/><W100/><G100/><T47/><D47/><U121/><E121/><V81/><F81/><W133/><G133/><T110/><D110/><U92/><E92/><V103/><F103/><W73/><G73/><T126/><D126/><U62/><E62/><V87/><REACH who="2" step="1"/><F87/><REACH who="2" ten="385,115,225,265" step="2"/><W118/><G118/><T88/><D80/><U33/><E82/><V117/><F117/><W113/><G113/><T128/><D128/><U132/><E51/><V85/><F85/><W98/><G86/><T114/><D114/><RYUUKYOKU ba="2,1" sc="385,-15,115,-15,225,15,265,15" hai2="0,2,12,14,24,25,40,42,44,45,54,55,96" hai3="17,18,22,27,56,57,59,89,95,98" /><INIT seed="1,3,1,2,1,96" ten="370,100,240,280" oya="1" hai0="86,80,98,66,131,77,56,106,46,19,103,132,22" hai1="58,126,38,49,52,127,67,33,124,0,122,61,30" hai2="53,70,104,31,107,5,68,35,2,94,75,79,10" hai3="60,39,43,45,74,119,116,90,109,100,81,44,28"/><U16/><E0/><V133/><F94/><W111/><G28/><T83/><D131/><U32/><E122/><V93/><F93/><W99/><G60/><T129/><D129/><U23/><E38/><V18/><F53/><W6/><G6/><T13/><D132/><U27/><REACH who="1" step="1"/><E30/><REACH who="1" ten="370,90,240,280" step="2"/><V87/><F2/><W71/><G119/><T64/><D64/><U121/><E121/><V14/><F31/><W59/><G116/><T110/><D66/><U112/><E112/><V118/><F118/><W21/><G39/><T102/><D110/><U1/><E1/><V92/><F133/><W95/><G111/><T17/><D106/><U37/><E37/><V73/><F107/><W25/><G109/><T128/><D128/><U57/><AGARI ba="3,2" hai="16,23,27,32,33,49,52,57,58,61,67,124,126,127" machi="57" ten="30,12000,1" yaku="1,1,0,1,18,1,54,2,53,0" doraHai="96" doraHaiUra="11" who="1" fromWho="1" sc="370,-43,90,149,240,-43,280,-43" /><INIT seed="1,4,0,5,1,87" ten="327,239,197,237" oya="1" hai0="6,29,57,125,113,22,102,126,2,117,99,127,133" hai1="89,66,114,43,58,4,92,18,32,34,33,42,78" hai2="5,8,110,95,104,108,38,69,16,45,56,41,14" hai3="101,59,106,96,120,128,52,36,49,67,134,116,122"/><U28/><E114/><V11/><F104/><W130/><G36/><T93/><D117/><U88/><E78/><V65/><F69/><W55/><G134/><T48/><D113/><U27/><E4/><V73/><F73/><W47/><G116/><T129/><D133/><U83/><E18/><V10/><F5/><W31/><G67/><T71/><D71/><U61/><E83/><V105/><F105/><W20/><G20/><T84/><D129/><N who="3" m="49769" /><G31/><T98/><D2/><U9/><E9/><V121/><F121/><W46/><G46/><T23/><D6/><U123/><E123/><V109/><REACH who="2" step="1"/><F95/><REACH who="2" ten="327,239,187,237" step="2"/><W77/><G77/><T30/><D93/><U0/><E0/><V7/><F7/><W76/><G76/><T79/><D79/><U131/><E131/><V97/><F97/><W81/><G81/><T115/><D99/><U50/><E92/><V37/><F37/><W62/><AGARI ba="4,1" hai="47,49,52,55,59,62,96,101,106,120,122" m="49769" machi="62" ten="30,2000,0" yaku="19,1,54,1" doraHai="87" who="3" fromWho="3" sc="327,-9,239,-14,187,-9,237,42" /><INIT seed="2,0,0,0,5,73" ten="318,225,178,279" oya="2" hai0="65,106,70,80,17,114,135,81,120,67,57,79,74" hai1="109,87,104,32,22,76,45,13,130,11,118,14,63" hai2="33,128,133,16,108,98,90,64,78,124,86,46,129" hai3="28,102,3,85,12,107,95,44,125,8,9,105,115"/><V42/><F33/><W94/><G28/><T113/><D106/><N who="3" m="40457" /><G44/><T77/><D70/><U2/><E104/><V27/><F64/><W58/><G58/><T53/><D120/><U89/><E2/><V10/><F133/><W34/><G12/><T48/><D135/><U101/><E101/><V82/><F124/><W121/><G9/><T29/><D29/><U83/><E109/><V0/><F0/><W24/><G24/><T51/><D17/><U36/><E130/><N who="2" m="50283" /><F108/><W60/><G60/><T50/><D114/><U84/><E118/><V30/><F30/><W23/><G23/><T72/><D113/><U6/><E32/><V21/><F10/><W7/><G34/><T132/><D132/><U15/><E22/><V99/><F90/><N who="3" m="53583" /><G115/><T20/><D20/><U5/><E5/><V1/><F1/><W52/><G52/><T40/><D40/><U37/><E11/><V116/><F116/><W112/><G112/><T43/><D43/><U69/><E6/><V103/><F103/><W66/><G66/><AGARI ba="0,0" hai="48,50,51,53,57,65,66,67,72,74,77,79,80,81" machi="66" ten="40,5200,0" yaku="9,1,52,2" doraHai="73" who="0" fromWho="3" sc="318,52,225,0,178,0,279,-52" /><INIT seed="3,0,0,0,3,88" ten="370,225,178,227" oya="3" hai0="65,49,80,45,34,66,24,85,30,38,84,32,5" hai1="127,9,26,77,129,126,2,63,14,99,68,25,79" hai2="41,59,130,117,60,11,52,105,71,134,106,107,131" hai3="101,28,8,27,98,114,46,7,100,73,19,47,94"/><W13/><G73/><T104/><D38/><U110/><E2/><V122/><F117/><W118/><G114/><T44/><D104/><U36/><E36/><V121/><F41/><W37/><G118/><T3/><D34/><U91/><E110/><V97/><F71/><W89/><G37/><T12/><D3/><U17/><E129/><N who="2" m="49163" /><F11/><W103/><REACH who="3" step="1"/><G7/><REACH who="3" ten="370,225,178,217" step="2"/><T82/><D5/><U1/><E127/><V23/><F134/><W21/><AGARI ba="0,1" hai="8,13,19,21,27,28,46,47,89,94,98,100,101,103" machi="21" ten="30,12000,1" yaku="1,1,2,1,0,1,8,1,52,1,53,0" doraHai="88" doraHaiUra="48" who="3" fromWho="3" sc="370,-40,225,-40,178,-40,217,130" /><INIT seed="3,1,0,0,3,114" ten="330,185,138,347" oya="3" hai0="59,80,65,127,50,29,54,72,134,6,124,30,132" hai1="60,22,55,73,58,19,7,70,99,77,90,43,31" hai2="42,113,94,112,121,81,110,119,66,117,102,39,23" hai3="126,105,85,123,63,97,47,103,96,10,53,8,32"/><W15/><G123/><T133/><D65/><U129/><E129/><V75/><F23/><W104/><G32/><T1/><D1/><U62/><E31/><N who="0" m="11785" /><D6/><U17/><E7/><V78/><F66/><W71/><G126/><N who="0" m="48171" /><D80/><U61/><E70/><V116/><F42/><W89/><G71/><T118/><D72/><U41/><E77/><V26/><F26/><W92/><G8/><T16/><D16/><U88/><E73/><V76/><F76/><W109/><G109/><T64/><D64/><U82/><E19/><V4/><F39/><W48/><G63/><T27/><D27/><U84/><E62/><V11/><F11/><W12/><REACH who="3" step="1"/><G10/><REACH who="3" ten="330,185,138,337" step="2"/><T108/><D108/><U101/><E61/><V74/><F74/><W69/><G69/><T49/><D49/><U35/><E35/><V57/><F4/><W25/><G25/><T40/><D40/><U33/><E33/><V83/><F110/><W100/><AGARI ba="1,1" hai="12,15,47,48,53,85,89,92,96,97,100,103,104,105" machi="100" ten="30,11700,0" yaku="1,1,0,1,9,1,53,1" doraHai="114" doraHaiUra="46" who="3" fromWho="3" sc="330,-40,185,-40,138,-40,337,130" /><INIT seed="3,2,0,1,1,71" ten="290,145,98,467" oya="3" hai0="11,29,87,126,20,94,112,47,2,37,57,0,117" hai1="111,109,21,118,127,12,104,124,70,5,58,131,99" hai2="54,103,1,96,107,132,113,3,135,24,79,68,97" hai3="31,28,108,120,75,45,77,8,65,18,129,122,63"/><W123/><G129/><T66/><D117/><U114/><E70/><V95/><F113/><W40/><G108/><T39/><D112/><U46/><E58/><V110/><F68/><W86/><G75/><T130/><D126/><U128/><E99/><V80/><F110/><N who="1" m="41993" /><E104/><V106/><F24/><W98/><G98/><T27/><D47/><U9/><E46/><V44/><F44/><W74/><G74/><T83/><D94/><U26/><E118/><V36/><F54/><W125/><G125/><N who="1" m="48202" /><E114/><V48/><F48/><W116/><G116/><T42/><D42/><U60/><E60/><V88/><F36/><W100/><G100/><T50/><D130/><U67/><E67/><V19/><F19/><AGARI ba="2,0" hai="5,9,12,19,21,26,128,131" m="48202,41993" machi="19" ten="30,7700,0" yaku="14,1,18,1,34,2" doraHai="71" who="1" fromWho="2" sc="290,0,145,83,98,-83,467,0" /><INIT seed="4,0,0,1,4,1" ten="290,228,15,467" oya="0" hai0="102,17,12,46,0,122,31,74,9,134,3,76,100" hai1="45,97,44,58,132,118,57,88,25,119,16,15,71" hai2="133,34,41,66,114,110,56,38,95,93,54,36,85" hai3="50,127,131,32,67,65,135,28,106,4,63,80,99"/><T59/><D122/><U52/><E71/><V105/><F110/><W120/><G50/><T29/><D134/><U55/><E25/><V43/><F105/><W35/><G65/><T83/><D46/><U107/><E107/><V30/><F114/><W48/><G48/><T109/><D109/><U19/><E132/><V5/><F133/><W108/><G28/><T68/><D68/><U27/><E27/><V2/><F66/><W104/><G104/><T128/><D128/><U111/><E111/><V121/><F121/><W39/><G99/><T11/><D59/><U79/><E79/><V125/><F125/><W98/><G98/><T18/><D3/><U70/><E70/><V78/><F30/><W72/><G80/><T124/><D124/><U112/><E97/><V94/><F34/><W82/><G82/><T129/><D129/><U23/><E15/><V42/><F78/><W75/><G32/><T101/><D0/><U117/><E23/><V116/><F116/><W47/><G72/><T130/><D130/><U126/><E126/><V89/><F38/><W77/><G35/><T51/><D51/><U87/><E119/><V86/><F36/><W96/><G127/><T92/><D92/><U81/><E81/><V20/><F20/><W123/><G106/><T53/><D53/><U62/><E112/><V26/><F26/><W37/><G120/><T10/><D10/><U91/><E62/><N who="2" m="36119" /><F86/><AGARI ba="0,0" hai="16,19,44,45,52,55,57,58,86,87,88,91,117,118" machi="86" ten="25,8000,1" yaku="22,2,54,3" doraHai="1" who="1" fromWho="2" sc="290,0,228,80,15,-80,467,0" owari="290,-11.0,308,11.0,-65,-57.0,467,57.0" /></mjloggm>