<mjloggm ver="2.3"><GO type="169" lobby="0"/><UN n0="%E5%B0%B1%E6%B4%BB%E7%94%9F%40%E5%B7%9D%E6%9D%91%E8%BB%8D%E5%9B%A3" n1="%E3%83%98%E3%82%AF%E3%82%B5%E3%83%BC" n2="%E3%83%AD%E3%83%83%E3%83%86%E9%9B%80%E7%90%83" n3="%E9%BA%A6%E3%81%A8%E3%83%9B%E3%83%83%E3%83%97" dan="18,17,18,16" rate="2271.68,2231.74,2186.91,2054.59" sx="M,M,M,M"/><TAIKYOKU oya="0"/><INIT seed="0,0,0,3,2,120" ten="250,250,250,250" oya="0" hai0="62,113,10,50,2,36,26,48,81,127,42,73,100" hai1="92,128,111,79,122,13,60,4,64,51,86,6,22" hai2="68,71,82,76,35,134,3,103,40,119,123,55,65" hai3="91,1,80,23,44,90,102,14,88,101,104,108,63"/><T56/><D113/><U8/><E122/><V39/><F55/><W19/><G1/><T87/><D127/><U96/><E128/><V12/><F12/><W125/><G125/><T49/><D100/><U32/><E32/><V112/><F112/><W11/><G108/><T77/><D26/><U67/><E111/><V17/><F17/><W130/><G130/><T53/><D87/><U129/><E129/><V30/><F134/><W18/><G80/><T34/><D34/><U109/><E109/><V54/><F54/><W38/><G104/><T133/><D133/><U89/><E22/><V9/><F103/><W84/><G84/><T57/><D57/><U94/><E51/><V61/><F123/><W58/><G44/><T131/><D131/><U15/><E79/><V59/><F119/><W117/><G38/><T69/><D69/><U97/><E86/><V118/><F118/><W27/><REACH who="3" step="1"/><G117/><REACH who="3" ten="250,250,250,240" step="2"/><T21/><D36/><U43/><E94/><V31/><F82/><W78/><G78/><T47/><D2/><U75/><E92/><V107/><F76/><W135/><G135/><T83/><D81/><U95/><E95/><V33/><F107/><W116/><G116/><T72/><D72/><U37/><E75/><V29/><F39/><W45/><G45/><T114/><D114/><U28/><E37/><V132/><F132/><W5/><G5/><T106/><D106/><U46/><E4/><V126/><F126/><W24/><G24/><T66/><D83/><U93/><E6/><N who="2" m="1247" /><F40/><W0/><G0/><T7/><D73/><U98/><E43/><V99/><F99/><RYUUKYOKU ba="0,1" sc="250,-15,250,-15,250,15,240,15" hai2="29,30,31,33,35,59,61,65,68,71" hai3="11,14,18,19,23,27,58,63,88,90,91,101,102" /><INIT seed="1,1,1,2,3,49" ten="235,235,265,255" oya="1" hai0="53,28,116,26,124,81,107,66,129,5,17,24,4" hai1="89,33,114,110,0,120,98,9,90,45,78,87,132" hai2="102,94,134,6,82,100,56,91,128,103,31,126,122" hai3="125,59,104,8,55,21,77,127,16,29,74,99,3"/><U34/><E120/><V2/><F122/><W106/><G29/><T80/><D107/><U133/><E114/><V130/><F126/><N who="3" m="48139" /><G77/><T60/><D124/><U69/><E110/><V108/><F108/><W38/><G38/><T37/><D37/><U109/><E109/><V7/><F134/><N who="1" m="51817" /><E69/><V85/><F31/><W44/><G44/><T61/><D129/><N who="2" m="49770" /><F2/><W64/><G64/><T1/><D1/><U54/><E98/><N who="2" m="57695" /><F56/><W18/><G74/><T50/><D116/><U92/><E89/><AGARI ba="1,1" hai="6,7,82,85,89,100,102,103" m="57695,49770" machi="89" ten="30,1000,0" yaku="19,1" doraHai="49" who="2" fromWho="1" sc="235,0,235,-13,265,23,255,0" /><INIT seed="2,0,0,2,4,8" ten="235,222,288,255" oya="2" hai0="88,110,124,53,5,126,103,51,127,115,34,106,54" hai1="24,18,105,57,65,95,40,31,123,6,112,38,9" hai2="113,32,89,78,130,73,116,101,25,26,69,94,7" hai3="36,120,19,111,56,62,90,107,46,50,59,72,133"/><V29/><F113/><W11/><G120/><T14/><D115/><U28/><E112/><V42/><F116/><W129/><G111/><T45/><D34/><U117/><E117/><V96/><F69/><W86/><G36/><T55/><D110/><U37/><E105/><V41/><F130/><W131/><G107/><T128/><D128/><N who="3" m="49225" /><G72/><T98/><REACH who="0" step="1"/><D88/><REACH who="0" ten="225,222,288,255" step="2"/><U4/><E123/><V2/><F89/><W81/><G133/><T35/><D35/><U68/><E37/><V70/><F32/><W135/><G135/><T61/><D61/><U17/><E38/><V109/><F109/><W125/><G62/><T63/><D63/><U87/><E68/><V114/><F70/><W66/><G125/><T21/><D21/><U122/><E122/><V100/><F114/><W48/><G90/><T0/><D0/><U118/><E118/><V67/><F2/><W39/><G81/><T85/><D85/><U1/><E87/><V80/><F80/><W71/><G86/><T108/><D108/><U43/><E1/><V27/><F73/><W134/><G134/><T30/><D30/><U20/><E31/><V3/><F29/><W33/><G33/><T13/><D13/><N who="1" m="7343" /><E28/><V16/><F3/><W84/><G84/><T22/><D22/><U10/><E20/><V76/><F96/><W60/><G60/><T58/><D58/><U102/><E57/><V79/><F67/><W23/><G23/><T74/><D74/><U119/><E65/><V92/><F78/><W91/><G66/><T82/><D82/><U49/><E119/><V99/><F79/><W83/><G71/><RYUUKYOKU ba="0,1" sc="225,30,222,-10,288,-10,255,-10" hai0="5,14,45,51,53,54,55,98,103,106,124,126,127" /><INIT seed="3,1,1,1,1,51" ten="255,212,278,245" oya="3" hai0="117,32,132,43,95,81,12,62,53,65,127,56,100" hai1="114,33,42,70,71,104,89,79,66,88,108,126,54" hai2="115,85,68,96,63,91,74,50,120,99,37,16,84" hai3="36,82,97,47,18,9,14,30,38,112,49,41,123"/><W26/><G112/><T83/><D117/><U8/><E114/><V130/><F37/><W122/><G97/><N who="0" m="59455" /><D32/><U86/><E126/><V102/><F74/><W58/><G82/><N who="0" m="31243" /><D127/><U21/><E108/><V106/><F130/><W44/><G58/><T0/><D0/><U116/><E116/><V11/><F120/><W20/><REACH who="3" step="1"/><G38/><REACH who="3" ten="255,212,278,235" step="2"/><T105/><D132/><U101/><E71/><V4/><F68/><W52/><AGARI ba="1,2" hai="9,14,18,20,26,30,36,41,44,47,49,52,122,123" machi="52" ten="20,18000,2" yaku="1,1,2,1,0,1,7,1,52,1,54,1,53,0" doraHai="51" doraHaiUra="87" who="3" fromWho="3" sc="255,-61,212,-61,278,-61,235,203" /><INIT seed="3,2,0,1,2,11" ten="194,151,217,438" oya="3" hai0="89,35,94,93,87,54,8,133,107,52,63,85,28" hai1="96,88,121,126,47,4,111,83,46,113,56,99,32" hai2="100,50,25,20,102,105,16,92,6,82,101,3,78" hai3="34,17,108,26,59,106,38,69,68,48,41,10,95"/><W75/><G106/><T77/><D107/><U58/><E121/><V127/><F127/><W62/><G38/><T2/><D133/><U74/><E113/><V123/><F123/><W45/><G75/><T67/><D35/><U109/><E126/><V132/><F132/><W1/><G108/><N who="1" m="41546" /><E32/><V118/><F105/><W37/><G37/><T39/><D39/><U60/><E4/><V13/><F118/><W98/><G34/><T124/><D124/><U114/><E114/><V71/><F71/><W122/><G122/><T23/><D2/><U72/><E58/><V66/><F66/><W12/><G26/><N who="0" m="16479" /><D8/><U9/><E9/><N who="2" m="4279" /><F3/><W116/><G1/><T21/><D21/><U70/><E70/><V130/><F130/><W53/><REACH who="3" step="1"/><G116/><REACH who="3" ten="194,151,217,428" step="2"/><T40/><D40/><U81/><E72/><V119/><F119/><W64/><G64/><T36/><D36/><U44/><E74/><V57/><F25/><W112/><G112/><T76/><D67/><N who="1" m="39303" /><E99/><V128/><F128/><W86/><G86/><T125/><D125/><U49/><E49/><V103/><F50/><W84/><G84/><T80/><D63/><U29/><E29/><V55/><F55/><N who="0" m="21034" /><D77/><U115/><E115/><V104/><F78/><W15/><G15/><T135/><D135/><U33/><E33/><V79/><F79/><W14/><G14/><T73/><D73/><U110/><E110/><V51/><F104/><W131/><G131/><T19/><D19/><U90/><E96/><V91/><F16/><W31/><G31/><T97/><D97/><U120/><E120/><V129/><F129/><W61/><G61/><RYUUKYOKU ba="2,1" sc="194,10,151,10,217,-30,428,10" hai0="76,80,85,87,89,93,94" hai1="44,46,47,81,83,88,90" hai3="10,12,17,41,45,48,53,59,62,68,69,95,98" /><INIT seed="3,3,1,0,1,96" ten="204,161,187,438" oya="3" hai0="76,14,107,90,21,53,47,26,12,94,30,15,125" hai1="99,89,83,43,82,6,24,56,63,95,73,104,135" hai2="117,93,29,22,91,116,17,66,57,123,11,110,71" hai3="128,81,16,115,85,20,68,86,39,25,44,32,106"/><W18/><G115/><T7/><D125/><U34/><E135/><V13/><F110/><W54/><G68/><T105/><D76/><U27/><E104/><V60/><F123/><W3/><G3/><T134/><D134/><U65/><E34/><V92/><F71/><W50/><G106/><T46/><D7/><U100/><E73/><V97/><F29/><W131/><G32/><T33/><D33/><U37/><E6/><V113/><F113/><W49/><G39/><T55/><D107/><U10/><E10/><V38/><F38/><W31/><G50/><T9/><D9/><U132/><E132/><V61/><F61/><W59/><G59/><T51/><D105/><U80/><REACH who="1" step="1"/><E89/><REACH who="1" ten="204,151,187,438" step="2"/><V69/><F69/><W28/><G128/><T5/><D5/><U4/><E4/><V127/><F127/><W58/><G131/><T87/><REACH who="0" step="1"/><D47/><AGARI ba="3,2" hai="24,27,37,43,47,56,63,65,80,82,83,95,99,100" machi="47" ten="40,2600,0" yaku="1,1,52,1,53,0" doraHai="96" doraHaiUra="64" who="1" fromWho="0" sc="204,-35,151,55,187,0,438,0" /><INIT seed="4,0,0,0,4,47" ten="169,206,187,438" oya="0" hai0="124,75,80,111,56,71,9,113,119,8,65,114,5" hai1="54,34,79,14,27,39,45,106,61,32,66,28,16" hai2="102,82,37,109,38,101,58,20,116,7,134,13,72" hai3="73,105,33,70,60,103,97,74,78,31,40,91,95"/><T25/><D71/><U86/><E106/><V128/><F109/><W12/><G40/><T43/><D119/><U108/><E108/><V69/><F69/><W22/><G22/><T131/><D111/><U107/><E107/><V24/><F116/><W1/><G1/><T42/><D131/><U122/><E122/><V118/><F118/><W49/><G49/><T100/><D100/><U55/><E32/><V41/><F128/><W133/><G12/><T50/><D25/><U15/><E15/><V129/><F129/><W26/><G133/><T52/><D65/><U132/><E132/><V96/><F134/><W53/><G78/><N who="0" m="44127" /><D124/><U121/><E121/><V48/><F82/><W117/><G117/><T17/><D17/><U57/><E79/><V83/><F83/><W88/><G91/><T81/><D81/><U46/><E86/><V84/><F84/><N who="3" m="52615" /><G53/><T87/><D87/><U98/><E98/><V18/><F72/><W3/><G3/><N who="0" m="63" /><D9/><U59/><E39/><V0/><F38/><W36/><G36/><T11/><D11/><U120/><E120/><V29/><F37/><W104/><G104/><T115/><AGARI ba="0,0" hai="42,43,50,52,56,113,114,115" m="63,44127" machi="115" ten="30,6000,0" yaku="15,1,52,1,54,1" doraHai="47" who="0" fromWho="0" sc="169,60,206,-20,187,-20,438,-20" /><INIT seed="4,1,0,5,3,89" ten="229,186,167,418" oya="0" hai0="87,39,68,110,24,85,55,3,51,40,90,53,92" hai1="121,2,86,94,95,130,78,47,45,26,10,6,7" hai2="91,124,59,101,84,65,23,105,119,64,81,57,71" hai3="20,113,35,83,99,25,118,120,5,88,79,16,8"/><T42/><D110/><U28/><E121/><V111/><F111/><W123/><G118/><T133/><D3/><U129/><E6/><V52/><F119/><W15/><G113/><T17/><D68/><U69/><E69/><V11/><F124/><W1/><G99/><T9/><D133/><U46/><E78/><V60/><F71/><W103/><G103/><T107/><D107/><U21/><REACH who="1" step="1"/><E86/><REACH who="1" ten="229,176,167,418" step="2"/><V112/><F112/><W72/><G120/><T73/><D73/><U63/><E63/><V115/><F115/><W70/><G70/><T54/><D39/><U56/><E56/><V126/><F59/><W75/><G123/><T114/><D114/><U82/><E82/><V62/><F62/><W14/><G79/><T104/><D51/><U33/><E33/><V19/><F126/><W22/><G75/><T58/><D58/><U106/><E106/><V13/><REACH who="2" step="1"/><F23/><REACH who="2" ten="229,176,157,418" step="2"/><W109/><G22/><N who="0" m="13391" /><D104/><U31/><E31/><V49/><F49/><W44/><G109/><T36/><D36/><U116/><E116/><V122/><F122/><W132/><G20/><T100/><D40/><U50/><E50/><V135/><F135/><W80/><G132/><T37/><D42/><U74/><E74/><V18/><F18/><W41/><G72/><T48/><D37/><U96/><E96/><AGARI ba="1,2" hai="11,13,19,52,57,60,64,65,81,84,91,96,101,105" machi="96" ten="40,2600,0" yaku="1,1,54,1,53,0" doraHai="89" doraHaiUra="34" who="2" fromWho="1" sc="229,0,176,-29,157,49,418,0" /><INIT seed="5,0,0,5,2,130" ten="229,147,206,418" oya="1" hai0="26,106,18,8,28,54,82,64,59,108,47,44,118" hai1="75,49,135,43,92,123,35,105,72,95,41,83,33" hai2="93,53,132,107,30,10,78,87,48,117,69,79,114" hai3="113,101,102,120,6,19,74,3,90,68,58,84,85"/><U70/><E123/><V62/><F107/><W88/><G68/><T129/><D108/><U46/><E105/><V57/><F117/><W16/><G74/><T27/><D129/><U94/><E135/><V50/><F132/><W116/><G120/><T91/><D106/><U36/><E70/><V51/><F114/><W4/><G113/><T12/><D64/><U37/><E83/><V121/><F121/><W9/><G116/><T98/><D118/><U122/><E122/><V77/><F69/><W134/><G134/><T25/><D28/><U21/><E21/><V89/><F30/><W103/><G58/><T40/><D40/><U32/><REACH who="1" step="1"/><E49/><REACH who="1" ten="229,137,206,418" step="2"/><V14/><REACH who="2" step="1"/><F50/><REACH who="2" ten="229,137,196,418" step="2"/><W110/><G110/><T86/><D98/><U100/><E100/><V39/><F39/><W97/><G103/><T104/><D104/><U65/><E65/><V125/><F125/><W17/><G101/><T29/><D29/><U111/><E111/><V96/><F96/><W61/><G97/><T63/><AGARI ba="0,2" hai="8,12,18,25,26,27,44,47,54,59,63,82,86,91" machi="63" ten="30,2000,0" yaku="0,1,8,1" doraHai="130" who="0" fromWho="0" sc="229,40,137,-10,196,-5,418,-5" /><INIT seed="6,0,0,5,5,118" ten="269,127,191,413" oya="2" hai0="88,77,119,51,32,61,82,29,95,132,92,99,133" hai1="21,27,96,75,124,63,16,12,67,9,126,54,108" hai2="15,110,46,57,91,127,8,50,48,111,120,93,47" hai3="104,14,97,1,58,106,53,37,103,19,122,68,115"/><V131/><F120/><W55/><G122/><T33/><D119/><U3/><E108/><N who="2" m="41515" /><F131/><W134/><G68/><T31/><D51/><N who="2" m="19498" /><F57/><W114/><G37/><T135/><D92/><U5/><E75/><V56/><F56/><W89/><G134/><T40/><D61/><U117/><E117/><V7/><F127/><W17/><G1/><T35/><REACH who="0" step="1"/><D40/><REACH who="0" ten="259,127,191,413" step="2"/><U2/><E54/><V80/><F80/><W22/><G55/><T28/><D28/><U13/><E96/><AGARI ba="0,1" hai="7,8,15,46,47,91,93,96" m="19498,41515" machi="96" ten="30,1500,0" yaku="10,1" doraHai="118" who="2" fromWho="1" sc="259,0,127,-15,191,25,413,0" /><INIT seed="6,1,0,3,5,76" ten="259,112,216,413" oya="2" hai0="52,90,122,49,22,57,134,66,104,0,102,42,26" hai1="1,36,113,71,69,118,34,70,95,58,116,27,103" hai2="53,15,127,91,35,2,65,61,38,100,73,93,82" hai3="74,83,7,81,121,86,62,101,46,51,24,96,72"/><V31/><F2/><W6/><G121/><T17/><D0/><U84/><E113/><V59/><F127/><W28/><G74/><T67/><D122/><U40/><E1/><V64/><F38/><W39/><G72/><T9/><D134/><U20/><E34/><V110/><F110/><W79/><G62/><T107/><D107/><U97/><E84/><V75/><F100/><W18/><G18/><T92/><D42/><U32/><E32/><V99/><F75/><W98/><G39/><T114/><D114/><U16/><REACH who="1" step="1"/><E58/><REACH who="1" ten="259,102,216,413" step="2"/><V54/><F35/><W124/><G124/><T94/><D57/><U25/><E25/><V47/><F59/><W60/><G24/><T109/><D26/><U80/><E80/><V44/><F82/><W5/><G83/><T63/><D109/><U106/><E106/><V68/><F73/><W3/><G81/><T10/><D104/><U13/><E13/><V126/><F15/><W120/><G3/><T33/><D33/><U14/><E14/><V41/><F126/><W117/><G120/><T11/><D92/><U89/><E89/><V132/><F91/><W50/><G79/><T108/><D90/><U115/><E115/><V19/><F93/><W12/><G86/><T29/><D108/><U37/><E37/><V87/><F87/><W128/><G12/><T78/><D94/><U45/><AGARI ba="1,1" hai="16,20,27,36,40,45,69,70,71,95,97,103,116,118" machi="45" ten="40,5200,0" yaku="1,1,0,1,54,1,53,0" doraHai="76" doraHaiUra="4" who="1" fromWho="1" sc="259,-14,102,65,216,-27,413,-14" /><INIT seed="7,0,0,5,3,127" ten="245,167,189,399" oya="3" hai0="106,32,46,121,51,122,26,61,109,5,86,117,55" hai1="103,47,108,15,99,126,128,12,96,36,125,111,50" hai2="49,59,29,72,58,90,77,123,18,97,3,67,83" hai3="43,105,6,52,21,33,76,70,124,45,134,132,85"/><W11/><G52/><T84/><D109/><U100/><E36/><V69/><F3/><W19/><G21/><T115/><D106/><U81/><E81/><V7/><F7/><W94/><G19/><T35/><D117/><U79/><E47/><V95/><F123/><W104/><G94/><T75/><D75/><U27/><E50/><V28/><F18/><W39/><G85/><T1/><D84/><U135/><E135/><V119/><F119/><W110/><G76/><T14/><D86/><U68/><E27/><V25/><F49/><W57/><G57/><T107/><D26/><U131/><E68/><V101/><F90/><W93/><G93/><T20/><D55/><U80/><E80/><V48/><F48/><W102/><G102/><T24/><D24/><U92/><E92/><V114/><F114/><W30/><G104/><T8/><D115/><U130/><E130/><V62/><F29/><W78/><G30/><T34/><D107/><U4/><E4/><V0/><F0/><W17/><G6/><T41/><D61/><U38/><E38/><V42/><F42/><W98/><G43/><T44/><D44/><U63/><E63/><V40/><F40/><W73/><G45/><T120/><D1/><U2/><E2/><V54/><F54/><W9/><G132/><T113/><D113/><U133/><E133/><V88/><REACH who="2" step="1"/><F101/><REACH who="2" ten="245,167,179,399" step="2"/><N who="3" m="62647" /><G134/><T53/><D41/><U31/><E79/><V129/><F129/><W13/><G78/><T112/><D112/><U82/><E82/><V16/><F16/><W87/><G17/><T89/><D51/><U118/><E31/><RYUUKYOKU ba="0,1" sc="245,-15,167,15,179,15,399,-15" hai1="12,15,96,99,100,103,108,111,118,125,126,128,131" hai2="25,28,58,59,62,67,69,72,77,83,88,95,97" owari="230,3.0,182,-32.0,194,-21.0,394,50.0" /></mjloggm>