<mjloggm ver="2.3"><GO type="169" lobby="0"/><UN n0="%E5%B0%B1%E6%B4%BB%E7%94%9F%40%E5%B7%9D%E6%9D%91%E8%BB%8D%E5%9B%A3" n1="%6E%61%6B%61%6A%75%75%6E" n2="%E3%83%98%E3%82%AF%E3%82%B5%E3%83%BC" n3="%E3%83%9E%E3%83%84%E3%82%B6%E3%82%AD" dan="17,17,17,16" rate="2125.66,2147.05,2195.20,2196.59" sx="M,M,M,M"/><TAIKYOKU oya="0"/><INIT seed="0,0,0,2,0,52" ten="250,250,250,250" oya="0" hai0="107,30,90,82,39,19,103,119,92,132,55,83,72" hai1="47,81,22,97,88,33,54,44,73,126,99,106,122" hai2="76,127,86,28,100,80,102,51,77,85,94,108,63" hai3="53,34,123,117,26,105,48,46,14,35,96,124,36"/><T42/><D119/><U75/><E33/><V87/><F108/><W59/><G117/><T24/><D132/><U130/><E122/><V135/><F28/><W121/><G124/><T93/><D107/><U27/><E126/><V61/><F127/><W20/><G14/><T49/><D39/><U45/><E130/><V98/><F135/><W25/><G35/><T58/><D42/><U66/><E66/><V50/><F102/><N who="3" m="62663" /><G34/><T133/><D133/><U16/><E106/><V41/><F77/><W84/><G84/><N who="2" m="32361" /><F41/><N who="3" m="22823" /><G20/><N who="0" m="13343" /><D72/><U71/><E71/><V114/><F114/><W112/><G112/><T104/><D104/><U57/><E81/><N who="0" m="30729" /><D30/><U125/><E125/><V6/><F6/><W91/><G91/><T3/><D3/><U69/><E69/><V12/><F12/><W10/><G10/><T21/><D21/><U1/><E1/><V109/><F109/><W62/><G25/><T23/><D23/><U89/><E73/><V7/><F7/><W116/><G26/><T8/><D8/><U134/><E75/><V60/><AGARI ba="0,0" hai="50,51,60,61,63,76,80,87,94,98,100" m="32361" machi="60" ten="30,1100,0" yaku="8,1" doraHai="52" who="2" fromWho="2" sc="250,-5,250,-3,250,11,250,-3" /><INIT seed="1,0,0,2,4,90" ten="245,247,261,247" oya="1" hai0="82,54,14,86,58,5,88,33,71,73,36,68,17" hai1="116,91,78,22,45,128,0,23,1,122,38,85,104" hai2="6,50,59,39,4,56,132,113,7,96,127,77,49" hai3="102,87,70,51,29,83,47,30,105,89,40,32,129"/><U135/><E122/><V15/><F39/><W134/><G70/><T93/><D36/><U74/><E116/><V65/><F132/><W55/><G134/><T8/><D33/><U62/><E135/><V80/><F127/><W110/><G110/><T76/><REACH who="0" step="1"/><D5/><REACH who="0" ten="235,247,261,247" step="2"/><U100/><E128/><V63/><F6/><W21/><G32/><T115/><D115/><U16/><E38/><V69/><F113/><W61/><G129/><T81/><D81/><U60/><E1/><V108/><F4/><W12/><G83/><T64/><D64/><U109/><E0/><V130/><F130/><W107/><G107/><T119/><D119/><U75/><E109/><V57/><F108/><W98/><G105/><T26/><D26/><U84/><E104/><V11/><REACH who="2" step="1"/><F96/><REACH who="2" ten="235,247,251,247" step="2"/><W52/><G98/><T103/><D103/><U43/><E100/><V18/><F18/><N who="3" m="10439" /><G102/><T95/><D95/><U99/><E99/><V10/><F10/><W46/><G29/><T24/><D24/><U114/><E16/><V37/><F37/><W118/><G30/><T48/><AGARI ba="0,2" hai="8,14,17,48,54,58,68,71,73,76,82,86,88,93" machi="48" ten="20,8000,1" yaku="1,1,0,1,7,1,52,1,54,1,53,0" doraHai="90" doraHaiUra="27" who="0" fromWho="0" sc="235,100,247,-40,251,-20,247,-20" /><INIT seed="2,0,0,4,4,62" ten="335,207,231,227" oya="2" hai0="38,26,79,111,1,13,14,72,125,12,83,104,128" hai1="67,52,53,56,121,21,103,60,24,78,93,5,113" hai2="43,96,106,84,94,48,35,134,98,95,82,90,8" hai3="47,118,73,29,25,66,27,20,122,133,132,69,68"/><V116/><F116/><W81/><G118/><T28/><D1/><U61/><E113/><V11/><F134/><N who="3" m="51819" /><G122/><T64/><D104/><U99/><E121/><V37/><F37/><W123/><G123/><T130/><D38/><U41/><E41/><V107/><F35/><W120/><G120/><T117/><D117/><U75/><E5/><V109/><F109/><W112/><G112/><T76/><D76/><U23/><E23/><V51/><F43/><W39/><G66/><T108/><D64/><N who="1" m="38919" /><E75/><V127/><F127/><W44/><G27/><T105/><D105/><U3/><E78/><V54/><F107/><W88/><G73/><T110/><REACH who="0" step="1"/><D125/><REACH who="0" ten="325,207,231,227" step="2"/><U115/><E3/><V33/><F106/><W32/><G39/><T63/><D63/><U0/><E0/><V19/><F48/><W85/><G32/><AGARI ba="0,1" hai="12,13,14,26,28,32,72,79,83,108,110,111,128,130" machi="32" ten="50,3200,0" yaku="1,1,14,1,53,0" doraHai="62" doraHaiUra="114" who="0" fromWho="3" sc="325,42,207,0,231,0,227,-32" /><INIT seed="3,0,0,3,2,76" ten="367,207,231,195" oya="3" hai0="77,125,75,116,37,129,64,11,25,44,23,29,52" hai1="35,67,92,128,85,107,27,34,119,5,90,120,73" hai2="36,130,12,61,41,115,118,15,6,68,22,126,103" hai3="133,17,20,50,46,4,110,72,0,131,38,40,124"/><W102/><G124/><T62/><D116/><U109/><E120/><V89/><F118/><W2/><G131/><T104/><D104/><U47/><E119/><V105/><F115/><W87/><G72/><T51/><D125/><U43/><E128/><V114/><F114/><W112/><G112/><T86/><D129/><U16/><E73/><V93/><F126/><W134/><G110/><T26/><D75/><U45/><E107/><V30/><F130/><W69/><G69/><T14/><D37/><U13/><E109/><V71/><F105/><W65/><G65/><T135/><D135/><N who="3" m="51721" /><G102/><T42/><D42/><U21/><E67/><V81/><F103/><W88/><G4/><T56/><D25/><U78/><E78/><V111/><F111/><W54/><G40/><T127/><D127/><U95/><E95/><V94/><F41/><W121/><G38/><T8/><D14/><U28/><E5/><V24/><F36/><W53/><G54/><T122/><D122/><U101/><E101/><V83/><F94/><N who="3" m="54559" /><G121/><T98/><D98/><U9/><E47/><V79/><F79/><W7/><G7/><T66/><D66/><U63/><E63/><V70/><F61/><W60/><G60/><T39/><D39/><AGARI ba="0,0" hai="9,13,16,21,27,28,34,35,39,43,45,85,90,92" machi="39" ten="30,2000,0" yaku="7,1,54,1" doraHai="76" who="1" fromWho="0" sc="367,-20,207,20,231,0,195,0" /><INIT seed="4,0,0,4,2,92" ten="347,227,231,195" oya="0" hai0="80,38,117,112,129,6,4,43,56,113,31,17,71" hai1="9,58,111,104,99,0,116,78,115,122,21,133,42" hai2="26,127,70,13,110,30,100,109,83,79,25,55,91" hai3="69,64,47,120,87,50,68,84,22,107,32,101,121"/><T36/><D71/><U40/><E122/><N who="3" m="47210" /><G32/><T24/><D117/><U19/><E116/><V105/><F127/><W41/><G22/><T119/><D119/><U15/><E111/><V90/><F70/><N who="3" m="27243" /><G64/><T126/><D126/><U85/><E133/><V23/><F110/><W75/><G75/><T54/><D129/><U53/><E115/><V48/><F109/><W74/><G74/><T60/><D17/><U124/><E124/><V44/><F13/><W65/><G65/><T37/><D43/><U128/><E128/><V73/><REACH who="2" step="1"/><F25/><REACH who="2" ten="347,227,221,195" step="2"/><W132/><G132/><T125/><D125/><U118/><E118/><V20/><F20/><W61/><G61/><T135/><D135/><U11/><E21/><V88/><F88/><W97/><AGARI ba="0,1" hai="41,47,50,84,87,97,101,107" m="27243,47210" machi="97" ten="40,2700,0" yaku="13,1,52,1" doraHai="92" who="3" fromWho="3" sc="347,-13,227,-7,221,-7,195,37" /><INIT seed="5,0,0,3,4,113" ten="334,220,214,232" oya="1" hai0="95,30,7,26,132,83,20,115,37,87,109,12,128" hai1="71,23,17,90,6,78,48,16,15,34,104,82,62" hai2="80,120,100,3,54,29,107,63,110,64,102,131,47" hai3="75,53,76,84,70,81,103,13,51,106,58,72,42"/><U10/><E104/><V8/><F120/><W73/><G70/><T44/><D109/><U39/><E39/><V112/><F110/><W117/><G117/><T96/><D115/><U99/><E34/><V0/><F112/><W31/><G31/><T22/><D132/><U41/><E71/><V2/><F131/><W4/><G42/><T74/><D74/><U5/><E62/><V89/><F29/><W92/><G4/><T116/><D116/><U33/><E33/><V25/><F25/><W114/><G114/><T121/><D121/><U66/><E66/><V69/><F107/><W88/><REACH who="3" step="1"/><G13/><REACH who="3" ten="334,220,214,222" step="2"/><T67/><D12/><N who="1" m="9607" /><E6/><V125/><F0/><W129/><G129/><T50/><D7/><U45/><E5/><V86/><F2/><W122/><G122/><T135/><D128/><U61/><E15/><V49/><F3/><W93/><G93/><T36/><D37/><U60/><E17/><V123/><F123/><W133/><G133/><T126/><D135/><U9/><E9/><V19/><F125/><W97/><AGARI ba="0,1" hai="51,53,58,72,73,75,76,81,84,88,92,97,103,106" machi="97" ten="30,8000,1" yaku="1,1,0,1,24,2,54,1,53,0" doraHai="113" doraHaiUra="18" who="3" fromWho="3" sc="334,-20,220,-40,214,-20,222,90" /><INIT seed="6,0,0,0,0,7" ten="314,180,194,312" oya="2" hai0="110,101,122,56,103,119,50,47,17,13,79,54,133" hai1="96,97,100,40,78,75,77,53,92,52,18,44,27" hai2="134,129,94,106,6,21,49,81,58,117,15,64,28" hai3="2,5,8,98,43,68,63,65,33,131,38,32,25"/><V124/><F117/><W74/><G131/><T85/><D110/><U70/><E70/><V24/><F124/><W118/><G118/><T72/><D72/><U1/><E1/><V112/><F106/><W91/><G25/><T48/><D122/><U89/><E75/><V55/><F134/><W69/><G69/><T115/><D115/><U37/><E77/><V111/><F111/><W83/><G98/><T23/><D133/><U57/><E78/><V34/><F112/><W121/><G121/><T108/><D108/><U88/><E89/><V84/><F129/><W60/><G60/><T41/><D119/><U130/><E130/><V12/><F34/><W31/><G31/><T45/><D45/><U128/><E128/><V20/><F6/><W22/><G22/><T86/><D86/><U62/><E53/><V82/><F64/><W93/><G93/><T42/><D42/><U90/><REACH who="1" step="1"/><E97/><REACH who="1" ten="314,170,194,312" step="2"/><V132/><F132/><W46/><G91/><T99/><D99/><U87/><E87/><V107/><F107/><W14/><G14/><N who="2" m="5161" /><F20/><AGARI ba="0,1" hai="18,20,27,37,40,44,52,57,62,88,90,92,96,100" machi="20" ten="40,8000,1" yaku="1,1,54,2,53,1" doraHai="7" doraHaiUra="59" who="1" fromWho="2" sc="314,0,170,90,194,-80,312,0" /><INIT seed="7,0,0,4,1,3" ten="314,260,114,312" oya="3" hai0="27,129,49,65,76,94,13,61,47,64,55,0,73" hai1="53,24,7,45,20,67,108,80,29,12,37,109,120" hai2="107,132,100,122,92,42,60,124,112,135,18,35,110" hai3="117,39,86,113,84,123,101,66,75,103,36,70,21"/><W81/><G117/><T54/><D0/><U125/><E120/><V2/><F110/><W97/><G123/><T63/><D129/><U40/><E125/><V102/><F122/><W79/><G113/><T1/><D1/><U32/><E67/><N who="0" m="25673" /><D73/><U90/><E53/><N who="0" m="19977" /><D76/><U128/><E128/><V8/><F112/><W93/><G103/><T114/><D114/><U5/><E109/><V95/><F124/><W16/><G66/><T116/><D27/><U26/><E108/><V118/><F2/><W58/><G58/><T30/><D30/><U15/><E15/><V119/><F8/><W126/><G70/><T33/><D33/><U22/><E12/><V130/><F130/><W88/><G126/><T9/><D94/><U68/><E68/><V77/><F77/><W43/><G43/><N who="0" m="24831" /><D116/><U31/><E32/><V131/><F131/><W19/><G19/><AGARI ba="0,0" hai="9,13,19,61,63" m="24831,19977,25673" machi="19" ten="30,1000,0" yaku="8,1" doraHai="3" who="0" fromWho="3" sc="314,10,260,0,114,0,312,-10" owari="324,43.0,260,-14.0,114,-39.0,302,10.0" /></mjloggm>