<mjloggm ver="2.3"><GO type="169" lobby="0"/><UN n0="%E5%B0%B1%E6%B4%BB%E7%94%9F%40%E5%B7%9D%E6%9D%91%E8%BB%8D%E5%9B%A3" n1="%E3%82%AA%E3%82%A6%E3%83%99%E3%82%A4" n2="%69%6D%6F%69%6D%6F" n3="%73%65%74%73%75%2E%31%35" dan="17,16,16,16" rate="2231.16,2094.94,2069.40,2048.25" sx="M,M,M,M"/><TAIKYOKU oya="0"/><INIT seed="0,0,0,4,5,6" ten="250,250,250,250" oya="0" hai0="73,95,70,18,2,13,29,109,43,68,126,47,60" hai1="98,11,96,57,37,100,7,1,78,39,72,124,61" hai2="108,85,84,30,127,14,106,120,76,51,23,107,5" hai3="46,12,133,94,38,26,103,82,88,63,49,17,99"/><T56/><D2/><U52/><E124/><V36/><F36/><W113/><G113/><T79/><D126/><U111/><E111/><V105/><F127/><W131/><G131/><T45/><D109/><U27/><E98/><V53/><F108/><W117/><G117/><T48/><D29/><U4/><E7/><V34/><F120/><W25/><G133/><T71/><D95/><U81/><REACH who="1" step="1"/><E27/><REACH who="1" ten="250,240,250,250" step="2"/><V41/><F5/><W90/><G38/><T21/><D73/><U89/><E89/><N who="3" m="34410" /><G82/><T35/><D79/><U65/><E65/><V80/><F76/><W24/><G63/><T119/><D119/><U86/><E86/><V28/><F85/><W130/><G130/><T114/><D114/><U8/><E8/><V15/><F84/><W91/><G91/><T97/><D97/><U67/><E67/><V125/><F80/><W69/><G69/><T19/><D70/><U59/><E59/><V32/><F125/><W116/><G116/><T128/><D128/><U101/><E101/><V110/><F110/><W129/><G129/><T135/><D68/><U10/><E10/><V62/><F62/><W123/><G123/><T20/><D71/><U92/><AGARI ba="0,1" hai="1,4,11,37,39,52,57,61,72,78,81,92,96,100" machi="92" ten="20,8000,1" yaku="1,1,0,1,7,1,52,1,54,1,53,0" doraHai="6" doraHaiUra="16" who="1" fromWho="1" sc="250,-40,240,90,250,-20,250,-20" /><INIT seed="1,0,0,1,3,71" ten="210,330,230,230" oya="1" hai0="43,109,20,47,88,116,129,50,124,130,35,99,44" hai1="2,72,3,27,93,53,29,102,19,59,125,115,64" hai2="6,41,12,80,112,36,0,65,95,111,117,45,133" hai3="73,33,14,63,31,55,119,67,49,60,16,30,89"/><U106/><E72/><V77/><F117/><W98/><G73/><T123/><D35/><U86/><E115/><V91/><F112/><W85/><G98/><T131/><D116/><U100/><E106/><V34/><F34/><W74/><G74/><T83/><D124/><U121/><E121/><V46/><F46/><N who="3" m="28087" /><G33/><T75/><D109/><U104/><E104/><V11/><F111/><W58/><G63/><T96/><D123/><U122/><E122/><V37/><F65/><W39/><G39/><T132/><D132/><U17/><E3/><V97/><F133/><W40/><G40/><T13/><D47/><U18/><E2/><V22/><F22/><N who="3" m="11543" /><G119/><T76/><D88/><N who="1" m="53399" /><E64/><V52/><F37/><W48/><G48/><T4/><D20/><N who="1" m="15591" /><E125/><V24/><F0/><W56/><G56/><T57/><D57/><U69/><E69/><V23/><F24/><W26/><G26/><T28/><D28/><U9/><E9/><AGARI ba="0,0" hai="4,9,13,43,44,50,75,76,83,96,99,129,130,131" machi="9" ten="40,1300,0" yaku="19,1" doraHai="71" who="0" fromWho="1" sc="210,13,330,-13,230,0,230,0" /><INIT seed="2,0,0,1,5,28" ten="223,317,230,230" oya="2" hai0="0,40,106,90,83,133,68,128,17,5,66,117,11" hai1="89,67,101,1,113,36,50,16,4,31,94,14,78" hai2="127,121,20,49,18,33,55,75,47,104,41,125,56" hai3="111,13,120,91,30,7,48,37,97,76,100,95,74"/><V130/><F121/><W35/><G37/><T73/><D106/><U12/><E36/><V87/><F75/><W108/><G120/><T110/><D110/><U77/><E1/><V60/><F104/><W115/><G115/><T53/><D128/><U38/><E38/><V22/><F130/><W79/><G74/><T109/><D109/><N who="3" m="42057" /><G48/><T6/><D6/><U123/><E113/><V58/><F87/><N who="3" m="52735" /><G13/><T21/><D133/><U105/><E31/><V63/><F33/><W80/><G7/><T15/><D117/><U99/><E67/><V103/><F103/><W2/><G2/><T132/><D132/><U86/><E123/><V102/><F102/><W124/><G124/><N who="2" m="47689" /><F18/><W116/><G80/><T54/><D40/><U93/><E105/><V92/><F92/><N who="3" m="58407" /><G116/><T118/><D118/><U10/><E50/><V46/><F46/><W134/><G134/><T114/><D114/><U72/><E72/><V34/><F34/><W70/><G70/><T62/><D73/><U126/><REACH who="1" step="1"/><E126/><REACH who="1" ten="223,307,230,230" step="2"/><V65/><AGARI ba="0,1" hai="20,22,41,47,49,55,56,58,60,63,65" m="47689" machi="65" ten="30,1500,0" yaku="18,1" doraHai="28" who="2" fromWho="2" sc="223,-5,307,-5,230,25,230,-5" /><INIT seed="2,1,0,2,4,99" ten="218,302,255,225" oya="2" hai0="66,40,56,109,88,12,54,24,75,73,39,41,1" hai1="106,129,85,92,127,130,25,14,22,57,103,64,50" hai2="132,3,34,67,81,17,27,53,62,104,69,76,96" hai3="126,74,2,102,51,94,61,42,86,58,15,5,98"/><V84/><F3/><W82/><G126/><T55/><D1/><U135/><E106/><V65/><F65/><W31/><G31/><T28/><D109/><U115/><E115/><V9/><F132/><W33/><G33/><T72/><D66/><U6/><E127/><V124/><F53/><W60/><G74/><T114/><D114/><U122/><E135/><V89/><F124/><W97/><G2/><T112/><D112/><U95/><E122/><V47/><F47/><N who="3" m="26103" /><G97/><T101/><D54/><N who="1" m="31959" /><E64/><V10/><F17/><W110/><G110/><T7/><D39/><U93/><E85/><V48/><F48/><W77/><G58/><T13/><D101/><U125/><E125/><V11/><F11/><AGARI ba="1,0" hai="5,11,15,60,61,77,82,86,94,98,102" m="26103" machi="11" ten="30,3900,0" yaku="25,1,8,1,52,1" doraHai="99" who="3" fromWho="2" sc="218,0,302,0,255,-42,225,42" /><INIT seed="3,0,0,3,0,86" ten="218,302,213,267" oya="3" hai0="1,36,72,19,124,88,112,39,77,97,15,94,128" hai1="87,31,23,35,6,2,79,130,89,49,9,100,81" hai2="65,99,54,70,16,56,48,135,102,46,42,0,33" hai3="10,64,129,101,132,83,50,73,108,62,117,119,32"/><W24/><G132/><T106/><D1/><U68/><E68/><V41/><F0/><W55/><G129/><T59/><D128/><U40/><E130/><V25/><F135/><W120/><G120/><T66/><D124/><U22/><E100/><V75/><F75/><W30/><G101/><T71/><D71/><U28/><E35/><V7/><F7/><W111/><G10/><T104/><D112/><U43/><E79/><V51/><F41/><W21/><G32/><T126/><D126/><U53/><E23/><V91/><F70/><W105/><G105/><T67/><D77/><U127/><E127/><V95/><F65/><W12/><G12/><T37/><D72/><U45/><REACH who="1" step="1"/><E31/><REACH who="1" ten="218,292,213,267" step="2"/><V11/><F33/><W69/><G73/><T118/><D118/><U44/><E44/><V74/><F74/><W34/><G34/><T57/><D104/><U60/><E60/><V63/><F63/><W90/><G117/><T107/><D107/><U78/><E78/><V4/><F102/><W115/><G119/><T27/><D106/><U134/><E134/><V3/><REACH who="2" step="1"/><F25/><AGARI ba="0,1" hai="2,6,9,22,25,28,40,43,45,49,53,81,87,89" machi="25" ten="40,5200,0" yaku="1,1,52,1,53,1" doraHai="86" doraHaiUra="20" who="1" fromWho="2" sc="218,0,292,62,213,-52,267,0" /><INIT seed="4,0,0,4,2,58" ten="218,354,161,267" oya="0" hai0="128,32,27,89,0,46,25,121,119,104,113,115,65" hai1="71,122,94,1,57,5,2,33,80,82,105,21,108" hai2="56,69,37,75,91,22,114,34,117,43,107,83,77" hai3="12,130,63,110,29,116,73,126,118,51,24,45,67"/><T85/><D104/><U20/><E57/><V87/><F69/><W64/><G110/><T36/><D0/><U8/><E71/><V59/><F34/><W106/><G126/><T3/><D3/><U109/><E105/><V38/><F114/><W17/><G130/><T62/><D119/><U55/><E55/><V48/><F117/><W79/><G106/><T102/><D121/><U111/><E94/><V70/><F70/><W66/><G73/><T134/><D102/><U10/><E109/><V68/><F68/><W60/><G79/><T127/><D127/><U13/><E13/><V78/><F107/><W11/><G118/><T95/><D134/><U50/><E50/><V72/><F22/><N who="3" m="15511" /><G116/><T41/><D128/><U133/><E5/><V26/><F26/><W15/><G15/><T98/><D27/><U30/><E30/><V4/><F4/><W23/><G11/><T93/><D25/><U61/><E33/><V74/><F37/><W125/><G125/><T101/><REACH who="0" step="1"/><D32/><REACH who="0" ten="208,354,161,267" step="2"/><U132/><E122/><V49/><F72/><W92/><G92/><T39/><D39/><U96/><E111/><V18/><F38/><W28/><G28/><T112/><D112/><U135/><E108/><V52/><F74/><W19/><G19/><T7/><D7/><U124/><E124/><V53/><F75/><W47/><G17/><T99/><D99/><U81/><E96/><V129/><F129/><W120/><G120/><T42/><D42/><U35/><E35/><V44/><F18/><W103/><G103/><T54/><D54/><U84/><E135/><V100/><F100/><RYUUKYOKU ba="0,1" sc="208,15,354,-15,161,15,267,-15" hai0="36,41,46,62,65,85,89,93,95,98,101,113,115" hai2="43,44,48,49,52,53,56,59,77,78,83,87,91" /><INIT seed="4,1,1,5,2,35" ten="223,339,176,252" oya="0" hai0="2,68,62,91,71,15,135,105,85,132,8,38,4" hai1="1,54,66,83,61,34,73,23,10,22,119,108,21" hai2="103,123,19,33,6,65,18,127,130,36,97,133,129" hai3="89,60,50,45,86,53,41,13,79,95,114,55,69"/><T64/><D105/><U96/><E34/><V125/><F123/><W118/><G118/><T77/><D38/><U14/><E108/><V93/><F36/><W84/><G114/><T90/><D71/><U131/><E119/><V17/><F33/><W115/><G115/><T51/><D51/><U81/><E131/><N who="2" m="50187" /><F65/><W111/><G111/><T29/><D29/><U100/><E73/><V31/><F31/><W48/><G69/><T39/><D39/><U25/><E25/><V59/><F59/><W124/><G124/><N who="2" m="47689" /><F6/><W128/><G128/><T40/><D40/><U0/><E54/><V52/><F52/><W82/><G60/><T87/><D15/><U116/><E116/><V92/><F92/><W101/><G101/><T30/><D30/><U88/><E61/><V67/><F67/><W56/><G53/><T94/><REACH who="0" step="1"/><D77/><REACH who="0" ten="213,339,176,252" step="2"/><U42/><E42/><V37/><F37/><W102/><G13/><T112/><D112/><U75/><E14/><V46/><F46/><W24/><G24/><T121/><D121/><U109/><E109/><V80/><F18/><W3/><G50/><T76/><D76/><U74/><E23/><V110/><F110/><W32/><G41/><T120/><D120/><U28/><E28/><V104/><F104/><W43/><G43/><T78/><D78/><U47/><E22/><V27/><F19/><W122/><G48/><T20/><D20/><U126/><E21/><V72/><F17/><W16/><G16/><T106/><D106/><U63/><E126/><V57/><F27/><W70/><G70/><T98/><D98/><U113/><E113/><RYUUKYOKU ba="1,2" sc="213,30,339,-10,176,-10,252,-10" hai0="2,4,8,62,64,68,85,87,90,91,94,132,135" /><INIT seed="4,2,2,1,2,118" ten="243,329,166,242" oya="0" hai0="4,126,79,97,56,114,33,29,83,18,45,94,72" hai1="70,92,130,122,74,75,120,20,37,100,53,121,133" hai2="24,26,39,32,16,19,101,31,27,113,3,131,52" hai3="109,104,62,59,14,21,34,13,89,96,123,110,61"/><T125/><D114/><U43/><E70/><V57/><F39/><W116/><G34/><T50/><D4/><U115/><E53/><V65/><F113/><W44/><G116/><T17/><D56/><U132/><E115/><V7/><F65/><W80/><G44/><T127/><D29/><U28/><E130/><V66/><F66/><W64/><G123/><T47/><D33/><U91/><E100/><V5/><F131/><W46/><G46/><N who="0" m="17419" /><D50/><U22/><E43/><V30/><F101/><AGARI ba="2,2" hai="17,18,72,79,83,94,97,101,125,126,127" m="17419" machi="101" ten="30,1500,0" yaku="18,1" doraHai="118" who="0" fromWho="2" sc="243,41,329,0,166,-21,242,0" /><INIT seed="4,3,0,2,5,86" ten="284,329,145,242" oya="0" hai0="130,66,5,124,54,1,45,27,0,58,77,48,92" hai1="16,83,114,107,49,4,21,73,50,122,9,17,106" hai2="56,119,35,68,31,87,15,47,26,70,134,55,103" hai3="118,97,90,72,91,100,25,75,59,3,125,61,121"/><T42/><D130/><U62/><E122/><V44/><F134/><W98/><G118/><T135/><D124/><U20/><E62/><V102/><F119/><W10/><G125/><T120/><D135/><U34/><E34/><V67/><F102/><W29/><G121/><T60/><D120/><U53/><E114/><V95/><F15/><W19/><G72/><T76/><D27/><U7/><E83/><V129/><F129/><W13/><G75/><T51/><D5/><U131/><E73/><V74/><F74/><W6/><G3/><T94/><D1/><U11/><E131/><V85/><F85/><W23/><G6/><T32/><D32/><U22/><E21/><V111/><F111/><W71/><G71/><T105/><D105/><U2/><E2/><V79/><F79/><W88/><G100/><T126/><D126/><U109/><REACH who="1" step="1"/><E53/><AGARI ba="3,0" hai="10,13,19,23,25,29,53,59,61,88,90,91,97,98" machi="53" ten="40,8000,1" yaku="8,1,52,3,54,1" doraHai="86" who="3" fromWho="1" sc="284,0,329,-89,145,0,242,89" /><INIT seed="5,0,0,4,1,57" ten="284,240,145,331" oya="1" hai0="83,107,131,100,73,109,117,120,11,38,27,36,22" hai1="129,32,68,126,17,24,87,16,37,75,102,70,62" hai2="56,46,125,67,112,105,95,63,20,55,42,2,121" hai3="103,7,43,72,66,30,41,15,40,9,53,58,132"/><U51/><E75/><V8/><F105/><W118/><G132/><T12/><D109/><U74/><E74/><V113/><F121/><W25/><G72/><T124/><D117/><U111/><E37/><V4/><F125/><W116/><G103/><T99/><D131/><U88/><E70/><V61/><F95/><W119/><G66/><T0/><D0/><U85/><E87/><V90/><F90/><W5/><G5/><T52/><D124/><U39/><E39/><V69/><REACH who="2" step="1"/><F20/><REACH who="2" ten="284,240,135,331" step="2"/><W78/><G78/><T96/><D22/><U23/><E126/><V14/><F14/><W13/><G13/><T80/><D12/><U84/><E84/><V33/><F33/><W6/><G15/><T18/><D73/><U89/><E89/><V130/><F130/><W133/><G133/><T79/><D107/><U94/><E129/><V50/><AGARI ba="0,1" hai="2,4,8,42,46,50,55,56,61,63,67,69,112,113" machi="50" ten="30,7900,0" yaku="1,1,0,1,52,2,53,0" doraHai="57" doraHaiUra="127" who="2" fromWho="2" sc="284,-20,240,-39,135,89,331,-20" /><INIT seed="6,0,0,1,2,92" ten="264,201,224,311" oya="2" hai0="118,95,60,101,97,8,14,9,68,62,49,34,128" hai1="85,42,65,6,52,54,0,121,23,134,2,103,69" hai2="27,123,113,90,130,125,91,133,98,93,41,131,116" hai3="96,17,87,132,129,120,82,105,5,24,38,104,115"/><V71/><F71/><W72/><G38/><T75/><D75/><U33/><E33/><V15/><F123/><W117/><G5/><T94/><D34/><U51/><E134/><V63/><F116/><W122/><G17/><T19/><D128/><N who="2" m="49194" /><F133/><W25/><G24/><T108/><D108/><U43/><E121/><V78/><F125/><W83/><G25/><T111/><D111/><U32/><E32/><V57/><F113/><W61/><G61/><N who="0" m="23659" /><D68/><U59/><E69/><V39/><F78/><N who="3" m="44359" /><G132/><T110/><D110/><U73/><E73/><V70/><F70/><W56/><G56/><T11/><D118/><U26/><E65/><N who="2" m="39151" /><F15/><W46/><G117/><T50/><D95/><U44/><E6/><V10/><F27/><W31/><G115/><T48/><AGARI ba="0,0" hai="8,9,11,14,19,48,49,50,94,97,101" m="23659" machi="48" ten="30,2000,0" yaku="8,1,52,1" doraHai="92" who="0" fromWho="0" sc="264,20,201,-5,224,-10,311,-5" /><INIT seed="7,0,0,0,5,106" ten="284,196,214,306" oya="3" hai0="121,40,52,88,119,108,91,6,10,14,111,118,69" hai1="66,37,134,31,65,68,97,107,122,55,102,39,64" hai2="74,3,83,116,42,124,67,87,33,21,115,61,120" hai3="18,99,49,113,4,78,57,47,58,13,110,128,125"/><W8/><G113/><T51/><D69/><U117/><E122/><V25/><F74/><W100/><G128/><T27/><D121/><U26/><E134/><V82/><F33/><W5/><G125/><T32/><D40/><U36/><E117/><V0/><F115/><W93/><G78/><T62/><D62/><U114/><E114/><V45/><F124/><W135/><G135/><T41/><D41/><U76/><E55/><V60/><F116/><W54/><G110/><T46/><D108/><U59/><E59/><AGARI ba="0,0" hai="4,5,8,13,18,47,49,54,57,58,59,93,99,100" machi="59" ten="40,2000,0" yaku="8,1" doraHai="106" who="3" fromWho="1" sc="284,0,196,-20,214,0,306,20" owari="284,8.0,176,-32.0,214,-19.0,326,43.0" /></mjloggm>