<mjloggm ver="2.3"><GO type="169" lobby="0"/><UN n0="%E3%81%88%E3%82%93%E3%81%BA%E3%82%89%E3%83%BC" n1="%E6%B0%B4%E5%93%89%E3%81%AE%E3%83%AC%E3%82%B8%E3%82%A7%E3%83%B3%E3%83%89" n2="%E3%83%A9%E3%83%83%E3%82%AD%E3%83%BC%E3%83%89%E3%83%83%E3%82%B0" n3="%E3%82%A6%E3%83%AB%E3%83%88%E3%83%A9%E7%AB%8B%E7%9B%B4" dan="16,16,16,17" rate="2194.69,2091.89,2109.74,2208.28" sx="M,M,M,M"/><TAIKYOKU oya="0"/><INIT seed="0,0,0,4,5,103" ten="250,250,250,250" oya="0" hai0="97,6,40,71,106,55,91,37,110,128,1,74,95" hai1="63,131,135,19,18,127,3,4,8,70,100,134,53" hai2="108,92,104,96,78,72,67,107,14,62,34,11,101" hai3="120,15,76,50,80,77,119,13,90,93,99,109,65"/><T60/><D74/><U59/><E70/><V102/><F34/><W122/><G119/><T2/><D128/><U118/><E118/><V23/><F108/><W82/><G65/><T79/><D79/><U98/><E131/><V47/><F47/><W20/><G50/><T81/><D81/><U87/><E87/><V88/><F23/><W132/><G20/><T33/><D33/><U7/><E7/><V126/><F126/><W42/><G42/><T25/><D25/><U117/><E127/><V45/><F45/><W130/><G130/><T123/><D123/><N who="3" m="47145" /><G109/><T27/><D27/><U66/><E66/><V116/><F116/><W17/><G17/><T35/><D35/><U121/><E117/><V58/><F78/><W61/><G61/><T12/><D40/><U10/><E121/><V113/><F72/><N who="3" m="43015" /><G132/><N who="1" m="50730" /><E8/><V124/><F124/><W114/><G114/><T0/><D6/><U73/><E73/><AGARI ba="0,0" hai="13,15,73,77,82,90,93,99" m="43015,47145" machi="73" ten="30,1000,0" yaku="13,1" doraHai="103" who="3" fromWho="1" sc="250,0,250,-10,250,0,250,10" /><INIT seed="1,0,0,1,0,46" ten="250,240,250,260" oya="1" hai0="66,36,114,56,15,120,33,62,103,59,116,22,24" hai1="74,123,8,67,104,132,48,106,82,69,92,1,94" hai2="118,100,107,91,128,44,4,25,23,78,2,77,51" hai3="87,28,32,52,73,119,58,61,17,20,75,60,53"/><U54/><E123/><V40/><F118/><W95/><G119/><T71/><D116/><U85/><E74/><V96/><F128/><W79/><G28/><T41/><D114/><U105/><E132/><V70/><F70/><W124/><G32/><T68/><D33/><U99/><E67/><V111/><F111/><W39/><G39/><T5/><D120/><U57/><E69/><V38/><F38/><W16/><G124/><T10/><D103/><U102/><E92/><V27/><F27/><W29/><G75/><T88/><D41/><U135/><E135/><V101/><F101/><W0/><G0/><T47/><D47/><U125/><E125/><V64/><F64/><W12/><G73/><T110/><D110/><U6/><REACH who="1" step="1"/><E105/><REACH who="1" ten="250,230,250,260" step="2"/><V11/><REACH who="2" step="1"/><F91/><AGARI ba="0,1" hai="1,6,8,48,54,57,82,85,91,94,99,102,104,106" machi="91" ten="30,11600,0" yaku="1,1,2,1,7,1,52,1,53,0" doraHai="46" doraHaiUra="117" who="1" fromWho="2" sc="250,0,230,126,250,-116,260,0" /><INIT seed="1,1,0,5,3,33" ten="250,356,134,260" oya="1" hai0="103,86,135,102,114,130,101,110,24,106,128,12,43" hai1="104,132,100,5,89,7,64,112,95,39,134,122,11" hai2="55,105,72,26,18,69,31,129,118,57,91,92,119" hai3="48,13,59,60,62,15,54,41,40,97,21,6,56"/><U30/><E112/><V44/><F69/><W79/><G79/><T0/><D114/><U14/><E122/><V74/><F105/><W116/><G116/><T113/><D113/><U34/><E39/><V25/><F129/><W96/><G6/><T68/><D106/><U125/><E125/><V20/><F44/><W29/><G48/><T23/><D68/><U117/><E117/><V4/><F4/><W35/><G35/><T83/><D110/><U109/><E109/><V77/><F77/><W36/><G36/><T27/><D43/><U2/><E64/><V121/><F121/><W76/><G76/><T98/><D98/><N who="1" m="61463" /><E30/><V99/><F119/><W65/><G29/><T46/><D46/><U53/><E34/><V38/><F38/><W51/><G51/><T108/><D108/><U58/><E7/><V8/><F118/><W10/><G21/><T50/><D50/><N who="1" m="31031" /><E95/><V131/><F131/><W82/><G82/><T19/><D130/><U17/><E89/><V133/><F133/><N who="1" m="51305" /><E17/><V71/><F71/><W22/><G65/><T111/><D135/><U81/><E81/><V94/><F94/><W73/><G97/><T123/><D111/><U49/><E49/><V80/><F80/><W70/><G96/><T126/><D126/><U28/><E28/><V88/><F91/><W127/><G127/><T75/><D128/><U90/><E90/><V107/><F107/><W52/><G70/><T67/><D123/><U42/><E42/><V47/><F88/><W45/><G41/><T32/><D83/><U124/><E124/><V87/><F92/><W63/><G40/><RYUUKYOKU ba="1,0" sc="250,-10,356,30,134,-10,260,-10" hai1="2,5,11,14" /><INIT seed="1,2,0,1,1,108" ten="240,386,124,250" oya="1" hai0="44,29,117,52,39,80,111,62,114,84,0,49,102" hai1="112,25,93,5,77,60,46,66,106,91,103,131,50" hai2="126,59,69,90,92,97,82,116,20,132,8,53,26" hai3="78,13,22,41,43,3,73,42,36,89,54,85,122"/><U113/><E77/><V40/><F69/><W14/><G3/><T110/><D117/><U15/><E103/><V9/><F116/><W101/><G122/><T109/><D0/><U124/><E106/><V6/><F132/><W104/><G36/><T119/><D119/><U64/><E25/><V99/><F126/><W68/><G68/><T61/><D39/><U10/><E131/><V120/><F120/><W65/><G65/><T86/><D29/><U135/><E135/><V74/><F40/><W4/><G4/><T55/><D102/><U34/><E34/><V18/><F97/><N who="3" m="61487" /><G54/><T21/><D21/><U100/><E100/><V16/><F18/><W23/><G13/><T48/><D114/><U27/><E27/><V79/><F6/><W96/><G14/><T32/><D32/><U19/><E5/><V121/><F121/><W37/><G96/><T7/><D7/><U28/><E28/><V123/><F123/><W81/><G37/><T75/><D75/><U12/><E12/><V134/><F134/><W83/><G83/><T133/><D133/><U38/><E38/><V1/><F1/><W2/><G2/><T56/><REACH who="0" step="1"/><D86/><REACH who="0" ten="230,386,124,250" step="2"/><N who="1" m="52471" /><E113/><V125/><F125/><W88/><G23/><T115/><D115/><U76/><E112/><V107/><REACH who="2" step="1"/><F107/><REACH who="2" ten="230,386,114,250" step="2"/><W24/><G24/><T71/><D71/><U30/><E124/><V57/><F57/><W118/><G118/><T87/><D87/><U45/><E30/><V31/><F31/><W95/><G22/><T67/><D67/><U127/><E127/><V130/><F130/><W72/><G72/><T35/><D35/><RYUUKYOKU ba="2,2" sc="230,10,386,-30,114,10,250,10" hai0="44,48,49,52,55,56,61,62,80,84,109,110,111" hai2="8,9,16,20,26,53,59,74,79,82,90,92,99" hai3="41,42,43,73,78,81,85,88,89,95" /><INIT seed="2,3,2,4,5,135" ten="240,356,124,260" oya="2" hai0="105,68,71,33,134,12,18,3,91,37,111,73,131" hai1="58,66,23,98,64,100,94,43,118,62,5,2,130" hai2="107,128,132,7,57,90,114,92,77,11,60,83,117" hai3="36,13,124,19,95,26,63,109,81,44,32,34,97"/><V6/><F117/><W28/><G109/><T38/><RYUUKYOKU type="yao9" ba="3,2" sc="240,0,356,0,124,0,260,0" hai0="3,12,18,33,37,38,68,71,73,91,105,111,131,134" /><INIT seed="2,4,2,5,4,66" ten="240,356,124,260" oya="2" hai0="128,122,79,30,60,67,57,86,7,26,42,8,121" hai1="119,63,116,32,74,45,38,81,101,78,102,88,25" hai2="33,35,129,131,91,36,43,133,99,85,49,134,48" hai3="31,89,109,23,73,53,77,10,19,62,118,90,80"/><V15/><F99/><W107/><G107/><T83/><D42/><U59/><E102/><V56/><F36/><W22/><G118/><T55/><D128/><N who="2" m="49226" /><F15/><N who="3" m="7671" /><G73/><T112/><D55/><U127/><E127/><V5/><F5/><W2/><G2/><T100/><D100/><U97/><E88/><N who="3" m="33898" /><G109/><T95/><D95/><U108/><E108/><V12/><F12/><W72/><G72/><T70/><D112/><U52/><E38/><V27/><F56/><N who="3" m="35087" /><G31/><T0/><D57/><U71/><E71/><V123/><F123/><W20/><G80/><T130/><REACH who="0" step="1"/><D130/><REACH who="0" ten="230,356,124,260" step="2"/><U75/><E45/><V110/><F110/><W9/><G9/><T13/><D13/><U11/><E11/><V68/><F27/><W58/><G58/><T87/><D87/><U3/><E74/><V84/><F84/><W51/><G51/><T135/><D135/><N who="2" m="51722" /><F43/><W103/><G103/><T34/><AGARI ba="4,3" hai="0,7,8,26,30,34,60,67,70,79,83,86,121,122" machi="34" ten="20,8000,1" yaku="1,1,0,1,7,1,52,1,53,1" doraHai="66" doraHaiUra="1" who="0" fromWho="0" sc="230,122,356,-24,124,-44,260,-24" /><INIT seed="3,0,0,5,3,7" ten="352,332,80,236" oya="3" hai0="34,37,100,61,80,124,26,82,134,4,106,19,58" hai1="60,44,21,88,110,130,57,71,5,90,131,39,128" hai2="114,6,75,53,122,3,98,108,72,127,133,126,120" hai3="104,121,24,14,54,84,56,89,20,9,42,87,11"/><W36/><G104/><T17/><D37/><U99/><E71/><V29/><F53/><W97/><G121/><N who="2" m="46697" /><F98/><W116/><G116/><T33/><D134/><U50/><E39/><V94/><F94/><N who="3" m="56527" /><G42/><T86/><D124/><N who="2" m="47658" /><F114/><W109/><G36/><T101/><D4/><U2/><E110/><V113/><F113/><W8/><G14/><T68/><D68/><U65/><E99/><V66/><F66/><W135/><G135/><T23/><D82/><U85/><E21/><V129/><F133/><W74/><G74/><N who="2" m="28201" /><F29/><N who="3" m="17543" /><G109/><T35/><D35/><U62/><E62/><AGARI ba="0,0" hai="8,9,11,54,56,62,84,87" m="17543,56527" machi="62" ten="30,11600,0" yaku="8,1,52,3" doraHai="7" who="3" fromWho="1" sc="352,0,332,-116,80,0,236,116" /><INIT seed="3,1,0,5,5,43" ten="352,216,80,352" oya="3" hai0="81,55,88,20,104,105,98,22,19,31,32,49,13" hai1="135,62,102,74,50,38,107,120,54,111,65,128,83" hai2="116,92,12,40,0,6,17,56,89,10,124,25,103" hai3="59,27,87,100,72,36,90,34,7,125,21,8,77"/><W133/><G34/><T29/><D32/><U91/><E38/><V68/><F116/><W110/><G125/><T23/><D105/><U9/><E120/><V39/><F68/><W122/><G122/><T35/><D104/><U52/><E111/><V63/><F124/><W132/><G110/><T46/><D35/><U106/><E128/><V127/><F127/><W67/><G100/><T80/><D98/><U42/><E135/><N who="3" m="51786" /><G36/><T5/><D5/><U45/><E9/><V97/><F103/><W112/><G112/><T1/><D1/><U58/><E107/><V114/><F114/><W117/><G77/><T119/><D119/><U113/><E113/><V53/><F39/><W2/><G72/><T93/><D93/><U3/><E3/><V37/><F37/><W129/><G129/><T115/><D115/><U69/><E69/><V82/><F82/><N who="0" m="31850" /><D88/><U96/><REACH who="1" step="1"/><E91/><REACH who="1" ten="352,206,80,352" step="2"/><V121/><F121/><W76/><G117/><T94/><D31/><U14/><E14/><V48/><F0/><W70/><G70/><T60/><D29/><U47/><E47/><N who="2" m="25703" /><F25/><W73/><G90/><T66/><D13/><U95/><E95/><V24/><F24/><W28/><G28/><T78/><D94/><U126/><E126/><V86/><F6/><W99/><G27/><T61/><D19/><U134/><E134/><V16/><F17/><W64/><G7/><T108/><D108/><U26/><E26/><V79/><F97/><W75/><G99/><T41/><D20/><U109/><E109/><V15/><F15/><W4/><G21/><T11/><D22/><U131/><E131/><RYUUKYOKU ba="1,1" sc="352,-15,206,15,80,15,352,-15" hai1="42,45,50,52,54,58,62,65,74,83,96,102,106" hai2="10,12,16,53,56,63,79,86,89,92" /><INIT seed="4,2,1,4,5,116" ten="337,221,95,337" oya="0" hai0="134,86,125,113,83,91,44,54,24,114,9,76,36" hai1="79,94,96,26,49,38,84,87,97,27,56,128,12" hai2="17,81,46,132,65,103,118,95,55,31,93,33,77" hai3="100,111,130,4,112,75,64,28,32,66,99,8,73"/><T52/><D134/><U110/><E38/><V117/><F132/><W35/><G111/><T104/><D104/><U30/><E110/><V109/><F109/><W85/><G85/><T0/><D125/><U11/><E128/><V67/><F17/><W59/><G130/><T18/><D24/><U23/><E27/><N who="2" m="18687" /><F55/><W90/><G90/><T89/><D89/><U122/><E122/><V124/><F46/><W25/><G35/><T129/><D129/><U15/><E15/><V105/><F105/><N who="3" m="63647" /><G59/><T39/><D91/><U2/><E2/><V10/><F10/><W119/><G66/><N who="2" m="25097" /><F103/><W108/><G108/><T45/><D45/><U29/><E29/><V72/><F124/><W34/><G34/><T61/><D61/><U126/><E126/><V115/><F115/><N who="0" m="44042" /><D18/><U50/><E79/><V7/><F7/><W106/><G112/><T14/><D14/><U57/><E57/><V74/><F74/><N who="3" m="28171" /><G64/><T22/><D22/><U102/><E96/><V60/><F60/><W70/><G106/><T120/><D44/><U58/><E58/><V133/><F133/><W69/><G119/><AGARI ba="2,1" hai="72,77,81,93,95,117,118,119" m="25097,18687" machi="119" ten="30,1000,0" yaku="12,1" doraHai="116" who="2" fromWho="3" sc="337,0,221,0,95,26,337,-16" /><INIT seed="5,0,0,3,4,77" ten="337,221,121,321" oya="1" hai0="50,21,23,38,24,32,91,121,90,19,74,28,130" hai1="129,71,128,31,107,60,58,112,84,68,79,13,109" hai2="45,48,53,4,57,97,44,122,26,119,93,110,63" hai3="104,103,20,10,61,114,115,64,78,47,69,67,9"/><U29/><E107/><V96/><F110/><W43/><G67/><T17/><D38/><U14/><E109/><V59/><F122/><W87/><G20/><T3/><D74/><U62/><E79/><V35/><F119/><W22/><G22/><T40/><D3/><U125/><E58/><V135/><F4/><W95/><G104/><T120/><D130/><U133/><E84/><V51/><F135/><W82/><G103/><T8/><D8/><U66/><E66/><V30/><F96/><W52/><G95/><T25/><D32/><U98/><E98/><V12/><F12/><W113/><REACH who="3" step="1"/><G52/><REACH who="3" ten="337,221,121,311" step="2"/><T2/><D121/><U33/><E33/><V16/><F35/><W94/><G94/><T49/><D120/><U108/><E108/><V54/><F30/><W46/><G46/><T56/><D28/><U18/><E133/><V117/><F117/><W89/><G89/><T86/><D91/><U7/><E125/><V116/><F116/><W101/><G101/><T41/><D90/><U37/><E128/><V0/><F93/><W99/><G99/><T73/><D23/><U36/><E129/><V102/><F97/><W76/><G76/><T15/><D21/><U105/><E105/><V106/><F102/><W27/><G27/><T100/><D25/><U88/><E88/><V131/><F106/><W6/><G6/><T126/><D24/><U65/><E65/><V124/><F131/><W80/><G80/><T11/><D100/><U55/><E55/><N who="2" m="30191" /><F124/><W75/><G75/><T70/><D73/><U34/><E34/><V83/><F54/><W132/><G132/><RYUUKYOKU ba="0,1" sc="337,-10,221,-10,121,-10,311,30" hai3="9,10,43,47,61,64,69,78,82,87,113,114,115" /><INIT seed="6,1,1,2,3,16" ten="327,211,111,341" oya="2" hai0="104,45,83,86,93,88,92,38,75,14,70,20,117" hai1="78,131,55,89,59,96,64,49,11,130,85,124,47" hai2="8,18,113,74,53,19,90,15,102,127,111,12,24" hai3="121,126,123,61,129,109,23,50,116,114,10,135,34"/><V29/><F74/><W22/><G34/><T76/><D104/><U5/><E124/><V106/><F127/><W73/><G73/><T56/><D70/><U30/><E30/><V71/><F71/><W125/><G50/><T1/><D1/><U118/><E118/><V101/><F113/><W68/><G61/><T28/><D117/><U52/><E96/><V128/><F128/><N who="1" m="49193" /><E78/><V6/><F106/><W3/><G129/><T36/><D45/><U21/><E21/><N who="2" m="15503" /><F111/><W115/><G68/><T87/><D56/><U0/><E64/><V103/><F15/><W26/><G116/><T134/><D134/><U120/><E120/><V32/><F32/><W84/><G109/><T46/><D46/><U133/><E133/><V37/><F37/><W122/><G135/><T9/><D20/><N who="3" m="7721" /><G26/><T25/><D25/><U63/><E55/><V33/><F33/><W40/><G40/><T60/><D60/><U77/><E77/><V42/><F42/><W91/><G126/><T7/><D28/><U110/><E110/><V48/><F90/><AGARI ba="1,1" hai="7,9,14,36,38,75,76,83,86,87,88,90,92,93" machi="90" ten="40,2600,0" yaku="9,1,54,1" doraHai="16" who="0" fromWho="2" sc="327,39,211,0,111,-29,341,0" /><INIT seed="7,0,0,0,3,130" ten="366,211,82,341" oya="3" hai0="119,56,53,15,87,115,43,0,97,105,73,114,35" hai1="24,99,55,74,104,72,70,124,76,78,64,75,117" hai2="112,95,32,52,45,5,103,20,121,91,46,1,68" hai3="6,13,49,88,26,85,120,127,129,63,37,65,122"/><W39/><G129/><T8/><D73/><U44/><E44/><V12/><F32/><W60/><G39/><T18/><D35/><U81/><E64/><V89/><F68/><W38/><G38/><T134/><D134/><U23/><E55/><V111/><F111/><W17/><G37/><T101/><D119/><U71/><E117/><V132/><F1/><W110/><G110/><T84/><D0/><U100/><E124/><V94/><F121/><W3/><G3/><T77/><D43/><U135/><E135/><V80/><F132/><W34/><G122/><T131/><D131/><U28/><E74/><V116/><F116/><W61/><G120/><T11/><D11/><U109/><E109/><V107/><F107/><W98/><G127/><T36/><D36/><U16/><E16/><V113/><F103/><W67/><G98/><T102/><D102/><U106/><E106/><V4/><F80/><AGARI ba="0,0" hai="23,24,28,70,71,72,75,76,78,80,81,99,100,104" machi="80" ten="40,1300,0" yaku="9,1" doraHai="130" who="1" fromWho="2" sc="366,0,211,13,82,-13,341,0" owari="366,47.0,224,-18.0,69,-43.0,341,14.0" /></mjloggm>