<mjloggm ver="2.3"><GO type="169" lobby="0"/><UN n0="%E3%83%8A%E3%82%BA%E6%98%9F%40%E6%9D%8F%E6%9D%8F%E8%BB%8D%E5%9C%98" n1="%E3%83%88%E3%83%88%E3%83%AA%E5%85%88%E7%94%9F%31%39%E6%AD%B3" n2="%E6%B4%A5%E7%94%B0%E6%B2%BC%E3%81%A3%E5%AD%90" n3="%E3%83%AA%E3%82%B0%E3%83%AB" dan="16,18,16,16" rate="2107.76,2214.97,2119.36,2075.86" sx="F,F,M,F"/><TAIKYOKU oya="0"/><INIT seed="0,0,0,0,1,28" ten="250,250,250,250" oya="0" hai0="102,65,69,71,36,104,11,94,84,135,47,39,22" hai1="17,86,13,124,105,20,59,112,68,107,12,120,27" hai2="122,1,9,61,134,93,8,34,18,40,37,49,123" hai3="121,108,25,70,95,50,3,109,14,98,79,125,31"/><T132/><D22/><U101/><E68/><N who="0" m="26185" /><D65/><U129/><E120/><V19/><F34/><W0/><G70/><T126/><D126/><U46/><E129/><V30/><F30/><W113/><G113/><T64/><D64/><U118/><E118/><V10/><F37/><N who="0" m="14410" /><D47/><U111/><E124/><V127/><F127/><W35/><G125/><T83/><D94/><U130/><E130/><V76/><F76/><W21/><G79/><T119/><D119/><U128/><E112/><V58/><F1/><W43/><G121/><T55/><D55/><U24/><E20/><V66/><F123/><W29/><G43/><T88/><D11/><U91/><E46/><N who="2" m="25799" /><F122/><W114/><G50/><T63/><D63/><U56/><E128/><V92/><F134/><N who="0" m="51242" /><D102/><U80/><E101/><V44/><F44/><W75/><G21/><T131/><D131/><U4/><E59/><V41/><F41/><W85/><G95/><AGARI ba="0,0" hai="8,9,10,18,19,58,61,66,92,93,95" m="25799" machi="95" ten="30,1000,0" yaku="8,1" doraHai="28" who="2" fromWho="3" sc="250,0,250,0,250,10,250,-10" /><INIT seed="1,0,0,4,4,65" ten="250,250,260,240" oya="1" hai0="23,99,40,34,45,117,85,78,105,5,128,25,52" hai1="10,95,18,118,91,70,112,39,54,3,90,106,61" hai2="71,60,74,49,113,86,36,24,12,63,64,66,55" hai3="72,79,109,20,6,51,59,77,26,89,19,98,41"/><U7/><E112/><V75/><F113/><W135/><G109/><T43/><D117/><U126/><E118/><V110/><F110/><W132/><G72/><T94/><D34/><U121/><E121/><V111/><F111/><W114/><G114/><T27/><D105/><U35/><E106/><V92/><F36/><W11/><G98/><T101/><D5/><U0/><E39/><V104/><F104/><W21/><G89/><T129/><D85/><U53/><E35/><V58/><F24/><W62/><G20/><T107/><D78/><U80/><E0/><V103/><F12/><W50/><G77/><T14/><D107/><U46/><E126/><V82/><F92/><W30/><G79/><T127/><D127/><U116/><E46/><V42/><F42/><N who="0" m="15914" /><D14/><U102/><E102/><V67/><F103/><W17/><G17/><T22/><D22/><U56/><E116/><V15/><F67/><W4/><G6/><T122/><D122/><U69/><E54/><V2/><F15/><N who="3" m="5607" /><G41/><T124/><D124/><U87/><REACH who="1" step="1"/><E18/><REACH who="1" ten="250,240,260,240" step="2"/><V123/><F2/><W81/><G19/><N who="0" m="12543" /><D52/><U93/><E93/><V88/><F123/><W9/><G81/><T13/><D45/><AGARI ba="0,1" hai="45,49,55,58,60,63,64,66,71,74,75,82,86,88" machi="45" ten="30,3900,0" yaku="7,1,52,1,54,1" doraHai="65" who="2" fromWho="0" sc="250,-39,240,0,260,49,240,0" /><INIT seed="2,0,0,5,5,108" ten="211,240,309,240" oya="2" hai0="128,2,22,32,19,8,35,81,20,18,93,115,34" hai1="45,56,13,134,107,40,6,21,38,127,30,83,75" hai2="61,116,91,77,96,9,88,99,105,122,97,0,86" hai3="95,82,10,53,120,101,14,33,49,7,112,60,36"/><V113/><F122/><W15/><G120/><T85/><D93/><U24/><E107/><V125/><F116/><W51/><G36/><T71/><D128/><U17/><E134/><V11/><F125/><W124/><G33/><T50/><D71/><U72/><E127/><V89/><F113/><W54/><G124/><T109/><D109/><U70/><E70/><V28/><F28/><W68/><G82/><T117/><D117/><U130/><E130/><V110/><F110/><W4/><G68/><T104/><D104/><U126/><E126/><V102/><F61/><W65/><G65/><T131/><D131/><U111/><E111/><V135/><F135/><W16/><G112/><T12/><D115/><U119/><E119/><V3/><F105/><W66/><G66/><T103/><D103/><U118/><E118/><V80/><REACH who="2" step="1"/><F102/><REACH who="2" ten="211,240,299,240" step="2"/><W100/><G60/><T129/><D129/><U132/><E132/><V27/><F27/><W48/><G100/><T90/><D32/><U78/><E30/><V31/><F31/><W94/><G101/><T92/><D34/><U37/><E24/><V59/><F59/><W42/><G42/><T47/><D35/><U87/><E56/><V43/><F43/><W29/><G29/><T46/><D46/><U58/><E58/><V123/><F123/><W79/><G53/><T106/><D106/><U76/><E40/><V23/><F23/><N who="3" m="11679" /><G54/><N who="0" m="30047" /><D22/><N who="1" m="11567" /><E45/><V114/><F114/><W5/><G79/><T98/><D20/><U73/><E21/><V64/><F64/><W62/><G62/><T39/><D90/><U1/><E76/><V69/><F69/><RYUUKYOKU ba="0,1" sc="211,-30,240,10,299,10,240,10" hai1="1,6,37,38,72,73,75,78,83,87" hai2="0,3,9,11,77,80,86,88,89,91,96,97,99" hai3="4,5,7,10,14,48,49,51,94,95" /><INIT seed="2,1,1,0,4,71" ten="181,250,309,250" oya="2" hai0="119,36,110,125,45,84,107,117,92,10,42,47,44" hai1="63,50,26,105,16,115,116,80,93,39,121,88,133" hai2="87,46,101,17,54,43,62,124,68,29,32,131,75" hai3="122,85,123,0,20,5,60,55,41,134,72,90,91"/><V6/><F75/><W102/><G72/><T30/><D107/><U25/><E105/><V3/><F3/><W9/><G134/><T31/><D110/><U95/><E116/><N who="0" m="44617" /><D125/><U77/><E115/><V51/><F124/><W52/><G102/><T13/><D84/><N who="1" m="48143" /><E39/><V111/><F6/><W1/><G1/><T48/><D92/><U70/><E70/><V15/><F111/><W129/><G129/><T49/><D49/><U98/><E133/><V11/><F131/><W114/><G114/><T53/><D45/><U65/><E121/><V37/><F101/><W69/><G90/><T108/><D108/><U135/><E135/><V61/><F87/><W89/><G91/><T66/><D66/><U128/><E128/><V109/><F109/><W12/><G41/><T78/><D78/><U83/><E83/><V40/><F40/><W35/><G35/><T24/><D24/><U18/><E50/><V64/><F62/><W2/><G2/><T130/><D130/><U21/><E63/><V99/><F99/><W94/><G122/><T23/><D23/><N who="1" m="13543" /><E93/><V22/><F32/><W103/><G123/><T56/><D44/><U58/><E58/><N who="2" m="33119" /><F29/><W127/><G127/><T28/><D28/><U59/><E59/><V38/><F38/><W118/><G118/><T19/><AGARI ba="1,1" hai="10,13,19,30,31,36,42,47,48,53,56" m="44617" machi="19" ten="30,2000,0" yaku="12,1,52,1" doraHai="71" who="0" fromWho="0" sc="181,33,250,-6,309,-11,250,-6" /><INIT seed="3,0,0,0,2,68" ten="214,244,298,244" oya="3" hai0="93,131,43,20,30,63,26,47,10,48,37,3,96" hai1="91,44,120,4,114,49,109,61,116,28,90,70,25" hai2="27,108,124,1,71,53,50,119,29,69,2,33,5" hai3="86,126,100,89,74,132,9,13,54,111,66,105,101"/><W87/><G74/><T94/><D131/><U0/><E120/><V135/><F108/><W130/><G130/><T41/><D63/><U67/><E114/><V110/><F119/><W17/><G111/><T58/><D58/><U73/><E73/><V7/><F110/><W133/><G126/><T117/><D117/><U123/><E123/><V52/><F124/><W95/><G66/><T15/><D3/><U45/><E116/><V19/><F135/><N who="3" m="51787" /><G105/><T39/><D43/><U38/><E109/><V16/><F50/><W23/><G87/><T97/><D94/><U82/><E82/><V118/><F118/><W55/><G9/><T107/><D107/><U99/><E99/><V36/><F27/><W77/><G77/><T57/><D57/><U22/><E4/><V34/><REACH who="2" step="1"/><F29/><REACH who="2" ten="214,244,288,244" step="2"/><W104/><G104/><T127/><D127/><U21/><E25/><V14/><F14/><W46/><G46/><T106/><D15/><U102/><E28/><V83/><F83/><W76/><G76/><T92/><D106/><U134/><E134/><V65/><F65/><W59/><G55/><T8/><D93/><U81/><E81/><V80/><F80/><W42/><G42/><T32/><D92/><U128/><E128/><V98/><F98/><W24/><G24/><N who="0" m="18503" /><D97/><U6/><E45/><V56/><F56/><W129/><G129/><T12/><D96/><U112/><E44/><V84/><F84/><W51/><AGARI ba="0,1" hai="13,17,23,51,54,59,86,89,95,100,101" m="51787" machi="51" ten="30,3000,0" yaku="25,1,20,1" doraHai="68" who="3" fromWho="3" sc="214,-10,244,-10,288,-10,244,40" /><INIT seed="3,1,0,5,4,108" ten="204,234,278,284" oya="3" hai0="29,119,88,50,92,124,36,5,2,102,43,117,115" hai1="41,118,35,49,59,53,103,86,123,7,28,74,135" hai2="16,96,15,31,65,32,10,61,14,44,121,52,57" hai3="91,38,21,120,127,22,4,9,25,75,95,85,93"/><W37/><G120/><T42/><D36/><U17/><E123/><V23/><F121/><W69/><G127/><T99/><D124/><U126/><E74/><V66/><F32/><W94/><G75/><T132/><D132/><U107/><E126/><V133/><F133/><W111/><G69/><T131/><D131/><U63/><E135/><V56/><F31/><W18/><G111/><T62/><D29/><U130/><E130/><V19/><F44/><W104/><G104/><T81/><D43/><U6/><E118/><V3/><F3/><W40/><G40/><T97/><D81/><U26/><E107/><V106/><F106/><W34/><G34/><T79/><D79/><U113/><E103/><V47/><F47/><W33/><G33/><T1/><D115/><U11/><E113/><V0/><F0/><N who="0" m="106" /><D5/><U87/><E41/><V55/><F96/><W90/><G93/><N who="0" m="56487" /><D62/><AGARI ba="1,0" hai="10,14,15,16,19,23,52,55,56,57,61,62,65,66" machi="62" ten="30,8000,1" yaku="7,1,9,1,8,1,54,2" doraHai="108" who="2" fromWho="0" sc="204,-83,234,0,278,83,284,0" /><INIT seed="4,0,0,2,2,94" ten="121,234,361,284" oya="0" hai0="127,101,108,46,80,6,130,95,43,15,9,121,86" hai1="116,90,35,57,58,110,73,131,78,33,113,112,17" hai2="72,50,117,93,109,66,129,36,26,64,52,40,19" hai3="107,87,135,88,39,38,60,132,65,29,51,74,12"/><T111/><D121/><U82/><E110/><V79/><F109/><W56/><G74/><T13/><D130/><U92/><E116/><V102/><F117/><W11/><G29/><T16/><D127/><U70/><E70/><V62/><F129/><W54/><G107/><T20/><D95/><U8/><E131/><V126/><F126/><W75/><G75/><T32/><D32/><N who="1" m="12363" /><E17/><V104/><F104/><W114/><G114/><N who="1" m="44138" /><E8/><V124/><F124/><W22/><G22/><T134/><D134/><N who="3" m="51241" /><G12/><T83/><D101/><U48/><E48/><V10/><F79/><W120/><G11/><T91/><REACH who="0" step="1"/><D80/><REACH who="0" ten="111,234,361,284" step="2"/><U49/><E49/><AGARI ba="0,1" hai="6,9,13,15,16,20,43,46,49,83,86,91,108,111" machi="49" ten="40,7700,0" yaku="1,1,2,1,54,1,53,0" doraHai="94" doraHaiUra="53" who="0" fromWho="1" sc="111,87,234,-77,361,0,284,0" /><INIT seed="4,1,0,1,3,42" ten="198,157,361,284" oya="0" hai0="74,54,7,38,102,20,97,112,108,85,48,33,59" hai1="18,44,70,116,98,10,3,53,45,99,110,129,2" hai2="100,11,93,47,117,60,101,111,89,17,75,118,43" hai3="123,133,37,71,58,6,107,50,126,91,68,80,19"/><T32/><D74/><U122/><E110/><V56/><F75/><W94/><G107/><T104/><D38/><U24/><E116/><V105/><F105/><W26/><G37/><T135/><D112/><U31/><E70/><V12/><F111/><W130/><G6/><T14/><D108/><U83/><E122/><V13/><F13/><W5/><G5/><T132/><D85/><U73/><E129/><V30/><F30/><W4/><G4/><T103/><D103/><U76/><E53/><V106/><F106/><W69/><G80/><T52/><D54/><U81/><E81/><V119/><F56/><W62/><G126/><T121/><D121/><U131/><E131/><V55/><F55/><W21/><G133/><N who="0" m="51275" /><D20/><U64/><E64/><V124/><F60/><W28/><G130/><T23/><D23/><U41/><E18/><V51/><REACH who="2" step="1"/><F124/><REACH who="2" ten="198,157,351,284" step="2"/><W29/><G123/><T39/><D14/><U115/><E115/><V15/><F15/><W57/><G62/><T8/><D52/><U9/><E9/><V66/><F66/><W96/><G58/><T1/><D59/><U114/><E114/><V40/><F40/><W134/><G134/><T95/><D8/><U88/><E10/><V90/><F90/><W63/><G63/><T109/><D109/><U82/><E41/><V61/><F61/><W27/><G26/><T65/><D65/><U127/><E127/><V34/><F34/><W35/><G35/><T67/><D32/><N who="1" m="20583" /><E2/><V22/><F22/><W0/><G0/><T79/><D1/><U113/><E3/><V25/><F25/><W92/><G57/><RYUUKYOKU ba="1,1" sc="198,-10,157,-10,351,30,284,-10" hai2="11,12,17,43,47,51,89,93,100,101,117,118,119" /><INIT seed="5,2,1,1,4,10" ten="188,147,381,274" oya="1" hai0="13,23,9,86,106,0,91,120,118,110,51,87,65" hai1="84,49,40,79,72,29,52,17,20,25,76,8,62" hai2="66,32,11,111,98,56,44,93,108,39,24,34,109" hai3="69,127,119,46,64,21,18,133,89,68,28,14,92"/><U85/><E40/><V78/><F78/><N who="1" m="29737" /><E62/><V116/><F116/><W70/><G119/><T113/><D118/><U134/><E134/><V124/><F124/><W45/><G127/><T41/><D0/><U59/><E72/><V58/><F11/><W71/><G133/><T114/><D65/><U3/><E3/><V2/><F2/><W90/><G28/><T112/><D23/><N who="1" m="15551" /><E8/><V122/><F122/><W81/><G81/><T73/><D73/><U33/><E33/><V101/><F66/><W19/><G89/><T16/><D120/><U88/><E88/><V123/><F123/><W5/><G64/><T63/><D63/><U57/><E57/><V6/><F6/><W107/><G107/><T128/><D106/><U83/><E83/><V47/><F39/><W94/><G5/><T31/><D91/><U42/><E42/><V97/><F24/><AGARI ba="2,1" hai="17,20,24,49,52,59,84,85" m="15551,29737" machi="24" ten="30,2900,0" yaku="8,1,54,1" doraHai="10" who="1" fromWho="2" sc="188,0,147,45,381,-35,274,0" /><INIT seed="5,3,0,3,0,84" ten="188,192,346,274" oya="1" hai0="133,57,6,54,105,9,108,20,64,2,18,0,13" hai1="23,73,41,28,100,68,31,71,88,63,92,34,90" hai2="77,49,128,112,98,66,5,119,122,27,30,103,91" hai3="38,26,17,96,117,109,24,74,21,83,80,113,87"/><U33/><E41/><V50/><F122/><W125/><G109/><T37/><D108/><U56/><E73/><V36/><F119/><W85/><G117/><T70/><D105/><U130/><E130/><V110/><F36/><W126/><G38/><T115/><D37/><U116/><E116/><V4/><F110/><W32/><G113/><T79/><D79/><U12/><E68/><V45/><F77/><W44/><G44/><T3/><D115/><U107/><E71/><V89/><F112/><W104/><G74/><T10/><D133/><U131/><E107/><V86/><F66/><W47/><G47/><T40/><D40/><U95/><E100/><V60/><F60/><W75/><G75/><T55/><D70/><U67/><E131/><V69/><F69/><W25/><G96/><T16/><D64/><U106/><E106/><V120/><F120/><W61/><G61/><T101/><D101/><U94/><E34/><V134/><F134/><W8/><G8/><T111/><D111/><U114/><E114/><V22/><F128/><W82/><G104/><T43/><D43/><U35/><E35/><V97/><F50/><W19/><G32/><T14/><REACH who="0" step="1"/><D54/><REACH who="0" ten="178,192,346,274" step="2"/><U62/><E62/><AGARI ba="3,1" hai="0,2,3,6,9,10,13,14,16,18,20,55,57,62" machi="62" ten="30,7700,0" yaku="1,1,2,1,7,1,54,1,53,0" doraHai="84" doraHaiUra="72" who="0" fromWho="1" sc="178,96,192,-86,346,0,274,0" /><INIT seed="6,0,0,1,2,93" ten="274,106,346,274" oya="2" hai0="9,38,104,13,23,46,70,20,85,78,72,0,25" hai1="31,67,66,74,21,107,45,114,118,115,68,71,56" hai2="22,83,27,79,131,91,1,89,11,47,122,50,128" hai3="123,59,100,33,127,132,110,30,39,35,40,32,111"/><V90/><F122/><W81/><G123/><T6/><D70/><N who="1" m="26667" /><E21/><V7/><F79/><W99/><G127/><T60/><D85/><U63/><E31/><V94/><F83/><W54/><G132/><T135/><D135/><U2/><E74/><V75/><F75/><W41/><G30/><T51/><D104/><U108/><E107/><V86/><F131/><W98/><G81/><T117/><D20/><U3/><E2/><V43/><F128/><W69/><G69/><T121/><D121/><U125/><E3/><V12/><F1/><W42/><G39/><T102/><D102/><U62/><E108/><V16/><AGARI ba="0,0" hai="7,11,12,16,22,27,43,47,50,86,89,90,91,94" machi="16" ten="20,7800,0" yaku="0,1,7,1,8,1,54,1" doraHai="93" who="2" fromWho="2" sc="274,-26,106,-26,346,78,274,-26" /><INIT seed="6,1,0,3,4,18" ten="248,80,424,248" oya="2" hai0="114,92,35,73,90,5,118,83,2,108,96,33,85" hai1="36,86,12,87,68,100,107,116,127,74,31,26,71" hai2="32,6,54,66,76,61,95,42,69,44,7,55,50" hai3="53,135,47,75,89,64,67,79,93,59,11,56,49"/><V0/><F32/><W8/><G75/><T105/><D108/><U122/><E116/><V70/><F76/><W103/><G79/><N who="0" m="44527" /><D114/><U58/><E122/><V72/><F72/><W132/><G103/><N who="0" m="62695" /><D118/><U80/><E36/><V121/><F121/><W109/><G109/><T115/><D115/><U99/><E127/><V101/><F70/><W128/><G128/><T43/><D43/><U57/><E74/><V25/><F25/><W123/><G123/><T1/><D5/><U113/><E113/><V60/><F0/><AGARI ba="1,0" hai="0,1,2,33,35,85,90,92" m="62695,44527" machi="0" ten="30,1000,0" yaku="24,1" doraHai="18" who="0" fromWho="2" sc="248,13,80,0,424,-13,248,0" /><INIT seed="7,0,0,3,1,48" ten="261,80,411,248" oya="3" hai0="93,1,51,12,83,110,78,126,60,128,132,90,105" hai1="64,84,15,65,123,71,52,91,41,111,22,99,127" hai2="130,82,21,131,86,135,38,119,26,63,81,57,120" hai3="114,73,106,92,43,129,134,37,4,125,27,104,102"/><W23/><G73/><T45/><D110/><U76/><E127/><V55/><F38/><W44/><G125/><T31/><D1/><U13/><E123/><V75/><F75/><W116/><G116/><T14/><D126/><U35/><E35/><V6/><F6/><W68/><G68/><T107/><D107/><U33/><E33/><V61/><F120/><W8/><G114/><T118/><D118/><U34/><E34/><V28/><F119/><W53/><G134/><T17/><D105/><U54/><E111/><V133/><F63/><W94/><G129/><N who="2" m="49161" /><F82/><W7/><G7/><T113/><D60/><U69/><E41/><V2/><F2/><W101/><G104/><T112/><D128/><U124/><E124/><V103/><F103/><W32/><G32/><T97/><D132/><U89/><E22/><V72/><F72/><W10/><G10/><T115/><D115/><U67/><E99/><V88/><AGARI ba="0,0" hai="21,26,28,55,57,61,81,86,88,133,135" m="49161" machi="88" ten="30,4000,0" yaku="19,1,52,1,54,1" doraHai="48" who="2" fromWho="2" sc="261,-10,80,-10,411,40,248,-20" owari="251,5.0,70,-43.0,451,55.0,228,-17.0" /></mjloggm>