<mjloggm ver="2.3"><GO type="169" lobby="0"/><UN n0="%E3%80%93%E3%81%84%E3%81%A1%E3%81%AF%E3%82%89%E3%80%93" n1="%E4%BA%BA%E7%94%9F%E3%83%95%E3%83%AB%E3%82%BC%E3%83%B3%E3%83%84" n2="%E3%81%A1%E3%81%B3%E3%81%B2%E3%82%88" n3="%E5%B0%B1%E6%B4%BB%E7%94%9F%40%E5%B7%9D%E6%9D%91%E8%BB%8D%E5%9B%A3" dan="18,16,17,16" rate="2216.04,2142.54,2195.92,2198.16" sx="M,M,M,M"/><TAIKYOKU oya="0"/><INIT seed="0,0,0,0,1,60" ten="250,250,250,250" oya="0" hai0="65,0,56,6,31,70,28,92,63,120,126,118,78" hai1="55,29,133,66,107,17,95,134,79,106,111,23,43" hai2="39,57,68,109,88,46,80,81,58,34,90,3,73" hai3="7,48,59,40,74,93,32,122,18,99,115,20,89"/><T67/><D120/><U123/><E123/><V110/><F68/><W1/><G32/><T11/><D118/><U97/><E29/><V54/><F34/><W9/><G74/><T132/><D132/><N who="1" m="50795" /><E43/><V72/><F3/><W12/><G122/><T64/><D126/><U25/><E79/><V4/><F4/><W10/><G115/><T71/><D78/><U22/><E111/><N who="2" m="42507" /><F39/><W112/><G112/><T87/><D71/><U121/><E121/><V96/><F46/><W45/><G1/><T61/><REACH who="0" step="1"/><D67/><REACH who="0" ten="240,250,250,250" step="2"/><U105/><E66/><V36/><F72/><W128/><G128/><T108/><D108/><U42/><E107/><V13/><F73/><W82/><G7/><T37/><D37/><U15/><E106/><V21/><F36/><W117/><G117/><T75/><D75/><U104/><E104/><V116/><F116/><W91/><G59/><T44/><D44/><U94/><E105/><V103/><F58/><W38/><G38/><T19/><D19/><U26/><E17/><V35/><F57/><W102/><G89/><AGARI ba="0,1" hai="0,6,11,28,31,56,61,63,64,65,70,87,89,92" machi="89" ten="40,7700,0" yaku="1,1,52,2,53,0" doraHai="60" doraHaiUra="47" who="0" fromWho="3" sc="240,87,250,0,250,0,250,-77" /><INIT seed="0,1,0,1,5,118" ten="327,250,250,173" oya="0" hai0="32,10,122,68,116,49,15,20,93,126,80,115,38" hai1="64,117,98,79,71,110,67,51,119,89,36,25,107" hai2="37,48,132,21,135,87,94,133,91,130,123,47,106" hai3="57,105,0,22,60,86,35,8,78,104,39,50,120"/><T121/><D38/><U77/><E36/><V44/><F130/><W46/><G35/><T33/><D68/><U59/><E59/><V127/><F127/><W9/><G39/><T129/><D49/><U101/><E51/><V40/><F106/><W69/><G69/><T30/><D93/><U109/><E25/><V75/><F75/><W90/><G78/><T24/><D80/><U88/><E71/><V17/><F123/><N who="0" m="47114" /><D116/><U128/><E98/><V125/><F125/><W108/><G108/><T14/><D126/><U92/><E92/><V82/><F82/><W97/><G120/><T96/><D96/><U73/><E107/><V134/><N who="2" m="33792" /><DORA hai="102" /><V3/><F3/><W34/><G34/><N who="0" m="13419" /><D129/><U124/><E124/><V103/><F103/><W45/><G97/><T112/><D15/><U100/><E128/><V19/><REACH who="2" step="1"/><F21/><REACH who="2" ten="327,250,240,173" step="2"/><W11/><G22/><T95/><D95/><U16/><E73/><V83/><F83/><W2/><G2/><T63/><D63/><U42/><E110/><V84/><F84/><W114/><G0/><T113/><D113/><U62/><E109/><V12/><F12/><W7/><G114/><T58/><D58/><U26/><E62/><V52/><AGARI ba="1,1" hai="17,19,37,40,44,47,48,52,87,91,94" m="33792" machi="52" ten="60,8000,1" yaku="1,1,0,1,20,1,54,1,53,1" doraHai="118,102" doraHaiUra="5,85" who="2" fromWho="2" sc="327,-41,250,-21,240,93,173,-21" /><INIT seed="1,0,0,1,2,12" ten="286,229,333,152" oya="1" hai0="38,47,36,44,2,50,71,114,80,130,40,25,45" hai1="64,94,92,110,32,70,13,124,117,77,100,79,7" hai2="96,16,82,115,20,46,34,5,60,116,86,104,55" hai3="8,78,4,133,91,41,135,37,59,63,121,74,27"/><U122/><E122/><V107/><F116/><W35/><G121/><T30/><D2/><U21/><E117/><V51/><F34/><W68/><G91/><T76/><D114/><U11/><E32/><V58/><F115/><W95/><G95/><T81/><D71/><U10/><E124/><V90/><F5/><W127/><G127/><T62/><D130/><U19/><E110/><V109/><F109/><W132/><G68/><T75/><D62/><U49/><E70/><V118/><F118/><W88/><G88/><T105/><D105/><U29/><E64/><V22/><F96/><W28/><G41/><T72/><D38/><U6/><E29/><V73/><F73/><W128/><G128/><T83/><D47/><U131/><E131/><V14/><REACH who="2" step="1"/><F22/><REACH who="2" ten="286,229,323,152" step="2"/><W1/><G74/><T3/><D75/><U84/><E6/><V57/><F57/><W129/><G129/><T103/><D3/><U99/><E11/><V61/><F61/><W93/><G59/><T26/><D72/><U98/><E84/><V89/><F89/><W106/><G63/><T97/><D97/><U15/><E49/><V102/><F102/><AGARI ba="0,1" hai="7,10,13,15,19,21,77,79,92,94,98,99,100,102" machi="102" ten="30,11600,0" yaku="7,1,9,1,8,1,52,1" doraHai="12" who="1" fromWho="2" sc="286,0,229,126,323,-116,152,0" /><INIT seed="1,1,0,4,1,21" ten="286,355,207,152" oya="1" hai0="99,0,84,2,82,11,112,3,23,5,70,65,63" hai1="66,133,18,1,87,17,96,67,53,121,107,74,95" hai2="22,106,69,43,48,59,97,56,115,35,114,80,32" hai3="89,103,9,129,47,79,132,8,28,77,109,24,73"/><U10/><E74/><V46/><F69/><W85/><G109/><T14/><D112/><N who="2" m="43050" /><F80/><W7/><G132/><T62/><D62/><U4/><E121/><V83/><F83/><W102/><G129/><T127/><D127/><U94/><E133/><V40/><F40/><W123/><G123/><T61/><D61/><U118/><E118/><V45/><F45/><W92/><G47/><T64/><D64/><U119/><E119/><V58/><F22/><N who="3" m="15383" /><G73/><T100/><D23/><U120/><E120/><V134/><F134/><W42/><G42/><T27/><D27/><U108/><E108/><V126/><F126/><W81/><G7/><T29/><D29/><U55/><E107/><V117/><F117/><W131/><G131/><T25/><D25/><U76/><E87/><V113/><N who="2" m="43058" /><V130/><DORA hai="15" /><F130/><W90/><G77/><T39/><D39/><U31/><E76/><V93/><F106/><W19/><G9/><T88/><REACH who="0" step="1"/><D2/><REACH who="0" ten="276,355,207,152" step="2"/><U37/><E37/><V124/><F124/><W110/><G110/><T116/><D116/><U13/><E31/><V135/><F135/><W125/><G125/><T51/><D51/><U26/><E26/><V68/><F68/><W86/><G79/><T122/><D122/><U105/><E1/><V52/><F32/><W38/><G38/><T36/><D36/><U41/><E67/><V91/><F35/><W72/><G72/><T33/><D33/><U30/><E66/><V44/><F43/><W34/><G34/><T75/><D75/><U98/><E41/><V78/><F78/><W54/><G54/><N who="1" m="20490" /><E30/><V57/><AGARI ba="1,1" hai="44,46,48,52,56,57,58,59,91,93,97" m="43058" machi="57" ten="50,6400,0" yaku="5,1,11,1,54,1" doraHai="21,15" who="2" fromWho="2" sc="276,-17,355,-33,207,77,152,-17" /><INIT seed="2,0,0,4,5,13" ten="259,322,284,135" oya="2" hai0="29,131,33,123,57,88,36,126,96,92,70,102,41" hai1="116,82,119,122,120,17,50,5,78,28,9,48,130" hai2="76,56,14,104,87,85,84,22,1,75,52,44,125" hai3="20,117,124,66,7,51,11,134,103,62,54,30,40"/><V80/><F104/><W113/><G117/><T2/><D70/><U35/><E130/><V16/><F1/><W132/><G124/><T95/><D131/><U53/><E35/><V101/><F125/><W114/><G103/><T91/><D2/><U106/><E106/><V115/><F115/><N who="3" m="44043" /><G30/><T74/><D74/><U47/><E28/><V58/><REACH who="2" step="1"/><F101/><REACH who="2" ten="259,322,274,135" step="2"/><W37/><G37/><T34/><D126/><U0/><E119/><V38/><F38/><W61/><G40/><T107/><D41/><U25/><E116/><V8/><F8/><W112/><G112/><T12/><D36/><U105/><E105/><V128/><F128/><W68/><G20/><T3/><D107/><U24/><E9/><V79/><F79/><W63/><G11/><T94/><D102/><U6/><E0/><V99/><F99/><W73/><G73/><T118/><D3/><U43/><E78/><V81/><F81/><W83/><G83/><T109/><D118/><U59/><E82/><V67/><F67/><W65/><G7/><T86/><D96/><U26/><E5/><V49/><AGARI ba="0,1" hai="14,16,22,44,49,52,56,58,75,76,80,84,85,87" machi="49" ten="30,18000,2" yaku="1,1,0,1,52,1,54,2,53,1" doraHai="13" doraHaiUra="19" who="2" fromWho="2" sc="259,-60,322,-60,274,190,135,-60" /><INIT seed="2,1,0,1,0,3" ten="199,262,464,75" oya="2" hai0="5,98,112,83,10,49,130,33,87,53,120,1,78" hai1="110,68,7,115,124,72,44,77,119,2,84,134,132" hai2="95,104,88,93,59,28,0,6,36,127,126,116,100" hai3="99,86,12,56,103,35,50,8,29,19,64,26,79"/><V114/><F116/><W47/><G79/><T57/><D130/><U11/><E110/><V23/><F114/><W58/><G64/><T118/><D118/><U21/><E119/><V60/><F36/><W27/><G86/><T14/><D33/><U123/><E68/><V82/><F104/><W90/><G90/><T45/><D112/><U80/><E123/><V101/><F82/><W63/><G63/><T46/><D120/><U128/><E115/><V39/><F39/><W85/><G85/><T97/><D1/><U42/><E21/><V81/><F81/><W55/><REACH who="3" step="1"/><G26/><REACH who="3" ten="199,262,464,65" step="2"/><T76/><D76/><U43/><E84/><V15/><F88/><W107/><AGARI ba="1,1" hai="8,12,19,27,29,35,47,50,55,56,58,99,103,107" machi="107" ten="20,8000,1" yaku="1,1,2,1,0,1,7,1,53,1" doraHai="3" doraHaiUra="48" who="3" fromWho="3" sc="199,-21,262,-21,464,-41,65,93" /><INIT seed="3,0,0,2,1,84" ten="178,241,423,158" oya="3" hai0="115,19,48,82,125,21,35,124,42,113,17,29,131" hai1="87,107,34,33,39,44,94,31,18,109,32,56,105" hai2="106,2,47,13,132,127,30,20,119,75,26,10,45" hai3="134,1,62,70,67,88,15,52,77,126,99,133,81"/><W95/><G1/><T122/><D42/><U3/><E3/><V103/><F119/><W83/><G126/><N who="0" m="48747" /><D48/><U104/><E109/><V110/><F127/><W69/><G69/><T129/><D35/><U102/><E56/><V97/><F110/><W92/><G15/><T118/><D118/><U43/><E18/><N who="0" m="6665" /><D122/><U55/><E55/><V128/><F75/><W116/><G116/><T112/><D82/><U60/><E60/><V91/><F128/><N who="0" m="49226" /><D29/><U27/><E102/><V73/><F45/><W37/><G37/><T5/><D5/><U74/><E74/><V100/><F73/><W101/><G52/><T53/><D53/><U16/><E16/><V46/><F47/><W68/><G68/><T23/><AGARI ba="0,0" hai="21,23,112,113,115" m="49226,6665,48747" machi="23" ten="50,12000,2" yaku="28,2,11,1,18,1,19,1,34,2" doraHai="84" who="0" fromWho="0" sc="178,120,241,-30,423,-30,158,-60" /><INIT seed="4,0,0,2,1,102" ten="298,211,393,98" oya="0" hai0="125,135,26,124,117,14,43,91,38,58,33,85,120" hai1="37,95,41,67,115,62,13,86,100,44,3,17,32" hai2="75,109,59,82,132,11,78,1,47,111,83,122,51" hai3="12,108,36,63,93,20,7,46,130,71,110,4,127"/><T27/><D120/><U80/><E3/><V49/><F122/><W60/><G127/><T88/><D117/><U9/><E32/><V8/><F132/><W21/><G130/><T72/><D72/><U19/><E115/><V40/><F83/><W56/><G71/><T129/><D129/><U134/><E134/><V77/><F77/><W119/><G119/><T87/><D58/><U65/><E19/><V52/><REACH who="2" step="1"/><F1/><REACH who="2" ten="298,211,383,98" step="2"/><W104/><G108/><AGARI ba="0,1" hai="8,11,40,47,49,51,52,59,75,78,82,108,109,111" machi="108" ten="40,5200,0" yaku="1,1,2,1,54,1,53,0" doraHai="102" doraHaiUra="30" who="2" fromWho="3" sc="298,0,211,0,383,62,98,-52" /><BYE who="1" /><INIT seed="5,0,0,2,1,39" ten="298,211,445,46" oya="1" hai0="107,5,74,100,45,106,10,2,62,33,109,104,126" hai1="4,11,121,70,66,128,65,21,17,71,77,13,28" hai2="72,55,52,113,75,98,102,16,64,111,7,133,105" hai3="124,135,99,97,15,37,36,0,129,6,118,61,1"/><U47/><E47/><V78/><F111/><UN n1="%E4%BA%BA%E7%94%9F%E3%83%95%E3%83%AB%E3%82%BC%E3%83%B3%E3%83%84" /><W95/><G118/><T94/><D109/><U89/><E121/><V96/><F133/><W18/><G129/><T57/><D126/><U86/><E77/><V88/><F7/><W127/><G135/><T58/><D74/><U119/><E119/><V46/><F113/><W68/><G68/><T41/><D33/><U43/><E128/><V120/><F64/><W85/><G61/><T91/><D100/><U69/><E28/><V117/><F117/><W22/><G85/><T44/><D44/><U25/><REACH who="1" step="1"/><E43/><REACH who="1" ten="298,201,445,46" step="2"/><V93/><F120/><W130/><G130/><T54/><D41/><U92/><AGARI ba="0,1" hai="4,11,13,17,21,25,65,66,69,70,71,86,89,92" machi="92" ten="30,6000,0" yaku="1,1,2,1,0,1,53,0" doraHai="39" doraHaiUra="40" who="1" fromWho="1" sc="298,-20,201,70,445,-20,46,-20" /><INIT seed="5,1,0,3,3,111" ten="278,271,425,26" oya="1" hai0="54,118,75,83,57,92,71,7,31,108,55,126,93" hai1="62,21,56,18,79,132,47,58,66,99,88,110,46" hai2="68,11,122,60,2,59,29,101,65,95,104,61,90" hai3="6,113,100,74,119,42,39,72,80,121,117,0,73"/><U96/><E110/><V106/><F122/><W97/><G121/><T77/><D108/><U25/><E132/><V116/><F116/><N who="3" m="44619" /><G39/><T64/><D118/><U12/><E79/><V130/><F130/><W85/><G42/><T105/><D105/><U134/><E134/><V129/><F129/><W15/><G0/><T133/><D133/><U13/><E58/><V124/><F124/><W86/><G6/><T127/><D31/><U22/><E12/><V107/><F29/><W5/><G5/><T89/><D71/><U8/><E21/><V23/><F23/><W4/><G4/><T30/><D30/><N who="1" m="17719" /><E96/><V36/><F36/><W70/><G15/><T94/><D7/><U26/><E26/><V135/><F135/><W76/><G70/><T20/><D20/><U120/><E120/><V128/><F128/><W3/><G3/><T81/><D64/><U41/><E41/><V34/><F11/><W82/><G113/><T28/><D28/><U123/><E123/><V33/><F2/><W40/><G40/><T27/><D27/><U48/><E48/><V9/><F9/><W91/><G74/><T50/><D55/><U78/><E78/><V24/><F24/><W17/><G17/><T69/><D69/><U16/><E18/><V49/><F49/><W32/><G32/><T43/><D43/><U87/><E99/><V19/><F19/><W37/><G37/><T35/><D35/><U115/><E115/><V63/><F68/><W103/><G103/><T14/><D14/><U53/><E66/><V102/><F101/><W44/><G44/><T52/><D54/><RYUUKYOKU ba="1,0" sc="278,10,271,10,425,-30,26,10" hai0="50,52,57,75,77,81,83,89,92,93,94,126,127" hai1="8,13,16,46,47,53,56,62,87,88" hai3="72,73,76,80,82,85,86,91,97,100" /><INIT seed="5,2,0,3,3,71" ten="288,281,395,36" oya="1" hai0="60,3,16,111,4,31,22,61,119,80,103,5,17" hai1="20,29,8,21,49,125,57,118,56,28,101,124,39" hai2="48,135,123,26,117,106,69,65,18,130,85,67,115" hai3="37,36,86,66,87,100,128,64,54,12,98,104,27"/><U1/><E118/><V79/><F117/><W75/><G75/><T99/><D119/><U58/><E101/><V105/><F123/><W19/><G128/><T24/><D111/><U122/><E122/><V113/><F130/><W0/><G0/><T23/><D80/><U127/><E39/><V73/><F73/><W132/><G132/><T84/><D84/><U7/><REACH who="1" step="1"/><E49/><REACH who="1" ten="288,271,395,36" step="2"/><V120/><F48/><W43/><G27/><T112/><D112/><U94/><E94/><V74/><F120/><W109/><G109/><T11/><D103/><U32/><E32/><V9/><F113/><W52/><G86/><T14/><D61/><U62/><E62/><V35/><F85/><W89/><G66/><T2/><D60/><U96/><E96/><V92/><F115/><W131/><G64/><T25/><D99/><U6/><E6/><AGARI ba="2,1" hai="2,3,4,5,6,11,14,16,17,22,23,24,25,31" machi="6" ten="40,12000,2" yaku="35,6,54,1" doraHai="71" who="0" fromWho="1" sc="288,136,271,-126,395,0,36,0" /><INIT seed="6,0,0,2,3,120" ten="424,145,395,36" oya="2" hai0="77,88,95,76,1,78,9,47,119,98,117,46,85" hai1="129,55,126,74,18,124,5,127,105,13,106,128,3" hai2="82,132,38,97,49,63,21,54,125,10,131,79,66" hai3="86,104,0,19,118,34,75,17,23,102,110,122,81"/><V114/><F38/><W115/><G34/><T87/><D1/><U65/><E65/><V123/><F123/><W60/><G0/><T27/><D9/><N who="1" m="2239" /><E55/><V130/><F114/><W93/><G118/><N who="0" m="45067" /><D27/><U12/><E74/><V62/><F125/><W100/><G122/><T42/><D47/><U32/><E32/><V58/><F132/><W6/><G6/><T11/><D11/><N who="1" m="6431" /><E13/><V15/><F97/><W41/><G110/><T107/><D107/><AGARI ba="0,0" hai="105,106,107,124,126,127,128,129" m="6431,2239" machi="107" ten="40,1300,0" yaku="18,1" doraHai="120" who="1" fromWho="0" sc="424,-13,145,13,395,0,36,0" /><INIT seed="7,0,0,4,2,62" ten="411,158,395,36" oya="3" hai0="14,28,7,52,102,132,3,64,97,117,80,75,134" hai1="43,112,110,16,25,35,42,126,111,56,133,121,39" hai2="46,23,27,36,115,119,104,107,125,54,114,118,29" hai3="84,120,9,24,123,22,82,69,95,105,45,116,13"/><W60/><G105/><T86/><D75/><U49/><E121/><V85/><F125/><W55/><G116/><T8/><D117/><U20/><E126/><V41/><F118/><W131/><G131/><T38/><D64/><U21/><E35/><V94/><F119/><W19/><G95/><N who="0" m="58687" /><D38/><U1/><E1/><V37/><F37/><W59/><G69/><T135/><D28/><U73/><E73/><V40/><F40/><W6/><REACH who="3" step="1"/><G45/><REACH who="3" ten="411,158,395,26" step="2"/><T70/><D70/><U57/><E57/><V63/><F107/><W34/><G34/><T5/><D3/><U47/><E56/><V18/><F104/><W58/><G58/><T89/><D135/><U67/><E133/><V91/><F63/><W108/><G108/><T130/><D130/><U81/><E47/><V32/><REACH who="2" step="1"/><F54/><REACH who="2" ten="411,158,385,26" step="2"/><W65/><G65/><T79/><D134/><U100/><E67/><V33/><F33/><W15/><G15/><AGARI ba="0,2" hai="15,18,23,27,29,32,36,41,46,85,91,94,114,115" machi="15" ten="40,1300,0" yaku="1,1,53,0" doraHai="62" doraHaiUra="53" who="2" fromWho="3" sc="411,0,158,0,385,33,26,-13" owari="411,21.0,158,-24.0,418,52.0,13,-49.0" /></mjloggm>