<mjloggm ver="2.3"><GO type="169" lobby="0"/><UN n0="%62%75%67%79%61%77%69" n1="%E3%83%8D%E3%83%BC%E3%83%A0%E3%83%AC%E3%82%B9%EF%BC%97" n2="%E3%82%A6%E3%83%AB%E3%83%88%E3%83%A9%E7%AB%8B%E7%9B%B4" n3="%E3%81%84%E3%81%9F%E3%83%92%E3%83%AD" dan="16,16,17,16" rate="2118.78,2074.26,2224.57,2050.12" sx="M,M,M,M"/><TAIKYOKU oya="0"/><INIT seed="0,0,0,2,5,69" ten="250,250,250,250" oya="0" hai0="103,12,101,111,48,59,122,131,105,130,0,95,27" hai1="108,4,8,16,65,10,82,31,2,75,46,91,24" hai2="90,61,71,128,41,88,110,84,120,39,113,18,15" hai3="64,96,34,54,114,74,58,123,72,23,37,38,30"/><T112/><D122/><U36/><E108/><V124/><F120/><W133/><G114/><T13/><D0/><U20/><E65/><V107/><F107/><W22/><G34/><T17/><D112/><U68/><E68/><V93/><F113/><W21/><G30/><T60/><D105/><U55/><E10/><V119/><F110/><W57/><G123/><T126/><D111/><U79/><E91/><V127/><F128/><N who="0" m="49194" /><D48/><U25/><E55/><V66/><F119/><W35/><G35/><T135/><D135/><U5/><E5/><V19/><F90/><W102/><G133/><T42/><D42/><N who="1" m="22855" /><E25/><V73/><F73/><W125/><G125/><N who="2" m="48201" /><F15/><N who="0" m="5706" /><D95/><U87/><E87/><V89/><F89/><W50/><G74/><T28/><D17/><AGARI ba="0,0" hai="2,4,8,16,17,20,24,31,75,79,82" m="22855" machi="17" ten="30,3900,0" yaku="25,1,52,1,54,1" doraHai="69" who="1" fromWho="0" sc="250,-39,250,39,250,0,250,0" /><INIT seed="1,0,0,4,0,108" ten="211,289,250,250" oya="1" hai0="101,48,4,45,25,79,88,68,55,64,126,84,52" hai1="38,11,131,93,127,39,14,97,82,61,80,24,10" hai2="129,72,118,95,120,106,99,35,7,33,19,91,123" hai3="16,83,41,44,30,31,98,17,117,124,77,36,133"/><U92/><E131/><V109/><F7/><W74/><G133/><T103/><D126/><U70/><E127/><V32/><F118/><W49/><G124/><T60/><D79/><U114/><E114/><V26/><F129/><W125/><G117/><T8/><D55/><U90/><E24/><V20/><F72/><W27/><G125/><T75/><D75/><U12/><E70/><V111/><REACH who="2" step="1"/><F106/><REACH who="2" ten="211,289,240,250" step="2"/><W57/><G98/><T18/><D25/><U29/><E97/><V94/><F94/><W96/><G96/><T37/><D37/><U65/><E39/><V89/><F89/><W5/><G5/><T73/><D73/><U15/><E38/><V51/><F51/><W85/><G74/><T104/><D104/><U132/><E90/><V76/><F76/><W122/><G122/><AGARI ba="0,1" hai="19,20,26,32,33,35,91,95,99,109,111,120,122,123" machi="122" ten="50,8000,1" yaku="1,1,53,3" doraHai="108" doraHaiUra="116" who="2" fromWho="3" sc="211,0,289,0,240,90,250,-80" /><INIT seed="2,0,0,3,2,42" ten="211,289,330,170" oya="2" hai0="79,81,49,89,66,74,34,99,39,48,23,44,20" hai1="113,132,4,30,98,5,69,107,63,83,110,54,119" hai2="133,70,104,135,21,1,117,124,75,126,102,29,97" hai3="130,40,91,105,96,95,0,108,122,116,52,27,18"/><V26/><F1/><W87/><G122/><T2/><D34/><U80/><E113/><V77/><F70/><W84/><G0/><T35/><D35/><U76/><E119/><V61/><F117/><W127/><G116/><T41/><D66/><U6/><E110/><V93/><F61/><W17/><G108/><T125/><D125/><N who="2" m="48234" /><F104/><W11/><G127/><T13/><D2/><U71/><E132/><N who="2" m="50763" /><F77/><W15/><G130/><T37/><D37/><U14/><E107/><V62/><F62/><W43/><G105/><T131/><D131/><U111/><E76/><V65/><F75/><W129/><G129/><T10/><D23/><U88/><E71/><V9/><F9/><W82/><G84/><T118/><D20/><U94/><E111/><V100/><F100/><W134/><G134/><T24/><D118/><U7/><E69/><V112/><F112/><W90/><G52/><T45/><D24/><U121/><E121/><V16/><F29/><W38/><G38/><T86/><D39/><U128/><E30/><V85/><F85/><W103/><G103/><T51/><D99/><U92/><E128/><V114/><F114/><W36/><G36/><T33/><D41/><U58/><REACH who="1" step="1"/><E94/><REACH who="1" ten="211,279,330,170" step="2"/><V68/><F68/><W12/><REACH who="3" step="1"/><G27/><REACH who="3" ten="211,279,330,160" step="2"/><T120/><D120/><U53/><E53/><V3/><F65/><W28/><G28/><T32/><D79/><U57/><E57/><V60/><F26/><W101/><G101/><T73/><D74/><U56/><E56/><V46/><F102/><W67/><G67/><T31/><D73/><U22/><E22/><AGARI ba="0,2" hai="11,12,15,17,18,22,40,43,82,87,90,91,95,96" machi="22" ten="30,3900,0" yaku="1,1,7,1,8,1,53,0" doraHai="42" doraHaiUra="72" who="3" fromWho="1" sc="211,0,279,-39,330,0,160,59" /><INIT seed="3,0,0,4,3,16" ten="211,240,330,219" oya="3" hai0="61,76,7,124,83,68,22,113,102,79,131,121,112" hai1="2,24,115,123,92,87,54,94,55,34,20,21,80" hai2="28,65,58,108,29,97,134,126,8,57,120,118,103" hai3="63,72,104,48,27,122,135,132,36,106,40,70,23"/><W4/><G36/><T18/><D121/><U47/><E123/><V75/><F75/><W90/><G122/><T12/><D124/><U38/><E115/><V32/><F118/><W105/><G4/><T96/><D7/><U60/><E2/><V82/><F32/><W11/><G11/><T130/><D61/><U52/><E34/><V110/><F134/><N who="3" m="51243" /><G72/><T46/><D46/><U43/><E60/><V69/><F126/><W109/><G109/><T86/><D76/><U100/><E100/><V114/><F120/><W56/><G90/><T85/><D85/><U13/><E13/><V42/><F114/><N who="0" m="44138" /><D68/><U17/><REACH who="1" step="1"/><E21/><REACH who="1" ten="211,230,330,219" step="2"/><V6/><F108/><W73/><G23/><T127/><D127/><U37/><E37/><V35/><F35/><W59/><G27/><T91/><D79/><AGARI ba="0,1" hai="17,20,24,38,43,47,52,54,55,79,80,87,92,94" machi="79" ten="40,5200,0" yaku="1,1,52,1,54,1,53,0" doraHai="16" doraHaiUra="30" who="1" fromWho="0" sc="211,-52,230,62,330,0,219,0" /><INIT seed="4,0,0,4,5,108" ten="159,292,330,219" oya="0" hai0="25,17,72,133,14,100,57,122,73,102,127,76,69" hai1="56,15,36,3,30,53,74,41,109,34,59,111,93" hai2="101,132,115,7,23,51,33,66,0,85,97,78,107" hai3="1,104,55,77,19,45,94,2,13,50,117,31,46"/><T98/><D122/><U91/><E3/><V65/><F33/><W112/><G104/><T12/><D69/><U11/><E74/><V82/><F7/><W129/><G117/><T24/><D127/><U62/><E36/><V40/><F0/><W105/><G105/><T27/><D133/><U21/><E41/><V128/><F23/><W86/><G31/><T49/><D14/><U39/><E39/><V134/><F128/><W99/><G129/><T52/><D76/><U4/><E34/><V42/><F42/><W58/><G2/><T44/><D57/><U124/><E124/><V87/><F87/><W16/><G19/><T92/><REACH who="0" step="1"/><D102/><REACH who="0" ten="149,292,330,219" step="2"/><U9/><E59/><V60/><F78/><W35/><G1/><T20/><AGARI ba="0,1" hai="12,17,20,24,25,27,44,49,52,72,73,92,98,100" machi="20" ten="30,11700,0" yaku="1,1,2,1,0,1,54,1,53,0" doraHai="108" doraHaiUra="120" who="0" fromWho="0" sc="149,127,292,-39,330,-39,219,-39" /><INIT seed="4,1,0,5,4,50" ten="276,253,291,180" oya="0" hai0="33,95,90,45,104,61,75,81,64,97,21,23,83" hai1="39,2,85,120,128,82,60,109,133,27,86,101,119" hai2="77,19,38,72,34,121,108,55,102,40,87,123,36" hai3="114,13,71,69,115,110,11,134,3,31,84,116,88"/><T46/><D33/><U15/><E109/><V28/><F72/><W22/><G110/><T93/><D104/><U68/><E2/><V129/><F28/><W130/><G116/><T42/><D75/><U41/><E119/><V47/><F34/><W29/><G3/><T57/><D95/><U98/><E120/><V70/><F102/><W99/><G99/><T111/><D111/><U25/><E133/><V92/><F19/><W124/><G134/><T6/><D6/><U103/><E128/><V0/><F77/><W44/><G44/><T56/><D46/><U48/><E39/><V53/><F87/><W5/><G124/><T80/><REACH who="0" step="1"/><D57/><REACH who="0" ten="266,253,291,180" step="2"/><U74/><E74/><V58/><F92/><W112/><G130/><T125/><D125/><U106/><E106/><V35/><F35/><W1/><G71/><T8/><D8/><U52/><E68/><V89/><F70/><W122/><G69/><T132/><D132/><U76/><E82/><V18/><F108/><W26/><G122/><T43/><D43/><U14/><E41/><V67/><F40/><W91/><G91/><T100/><D100/><U113/><E103/><V131/><F89/><W78/><G78/><T66/><D66/><U63/><E76/><V51/><F67/><W17/><G1/><T7/><D7/><U73/><E101/><V107/><F0/><W59/><G59/><T16/><D16/><U9/><E73/><V4/><F18/><W24/><G26/><T126/><D126/><U12/><E27/><V135/><F135/><W79/><G79/><T118/><D118/><U54/><E25/><RYUUKYOKU ba="1,1" sc="266,15,253,-15,291,-15,180,15" hai0="21,23,42,45,56,61,64,80,81,83,90,93,97" hai3="5,11,13,17,22,24,29,31,84,88,112,114,115" /><INIT seed="4,2,1,4,0,67" ten="281,238,276,195" oya="0" hai0="123,134,26,90,119,21,8,77,5,106,51,114,46" hai1="40,45,17,57,99,49,91,104,24,32,43,63,128" hai2="38,84,121,54,122,132,89,96,37,78,95,101,74" hai3="110,27,35,107,80,130,81,36,59,18,72,102,116"/><T127/><D123/><N who="2" m="47114" /><F54/><W30/><G110/><T4/><D119/><U56/><E128/><V9/><F9/><W109/><G116/><T112/><D106/><U120/><E120/><V19/><F19/><W92/><G130/><T76/><D127/><U129/><E129/><V62/><F62/><W22/><G107/><T60/><D134/><U33/><E40/><V47/><F47/><W105/><G105/><T10/><D90/><U44/><E44/><V31/><F31/><W93/><G36/><T1/><D60/><U124/><E124/><V131/><F37/><W23/><G35/><T14/><D112/><U94/><E104/><N who="2" m="63527" /><F38/><W11/><G72/><T12/><D1/><U29/><E57/><V86/><F131/><W97/><G109/><T82/><D82/><U53/><REACH who="1" step="1"/><E29/><REACH who="1" ten="281,228,276,195" step="2"/><V75/><F132/><W42/><G42/><N who="0" m="25047" /><D114/><U100/><E100/><V16/><F16/><AGARI ba="2,2" hai="4,5,8,10,12,14,16,21,26,76,77" m="25047" machi="16" ten="30,2900,0" yaku="8,1,54,1" doraHai="67" who="0" fromWho="2" sc="281,55,228,0,276,-35,195,0" /><INIT seed="4,3,0,0,3,76" ten="336,228,241,195" oya="0" hai0="40,90,38,78,3,17,113,89,66,39,30,27,75" hai1="74,135,4,65,73,28,6,19,132,102,20,57,117" hai2="104,64,84,80,44,59,1,48,49,71,12,99,34" hai3="87,88,61,96,69,106,131,123,21,105,68,70,23"/><T124/><D113/><U128/><E117/><V56/><F34/><W0/><G0/><T126/><D17/><U5/><E128/><V91/><F1/><W122/><G61/><T10/><D66/><U36/><E36/><N who="0" m="13865" /><D40/><U125/><E125/><N who="0" m="48233" /><D3/><U16/><E102/><V97/><F71/><W33/><G33/><N who="0" m="20703" /><D10/><U98/><E28/><V32/><F32/><W108/><G131/><T41/><D41/><U7/><E7/><V130/><F64/><W119/><G119/><T67/><D67/><U13/><E19/><V120/><F120/><W85/><G108/><T22/><D22/><U9/><E9/><V95/><F130/><W15/><G15/><T31/><D31/><U8/><E8/><V54/><F12/><W101/><G21/><T47/><D47/><U29/><E29/><V116/><F116/><W133/><G23/><T55/><D55/><U121/><E121/><V109/><F109/><W63/><G123/><T100/><D100/><U50/><E50/><V62/><F49/><W115/><G115/><T86/><D75/><U107/><E57/><V43/><F59/><W118/><G118/><T79/><D90/><U58/><E58/><V53/><F56/><W77/><G122/><T110/><D110/><U37/><E37/><V42/><F42/><W82/><G69/><T111/><D111/><U93/><E65/><V14/><F14/><W46/><G68/><T11/><D11/><U26/><E13/><V60/><F54/><W52/><G70/><T134/><D134/><N who="1" m="51243" /><E107/><V18/><F44/><W112/><G46/><T127/><N who="0" m="48241" /><T114/><DORA hai="92" /><D114/><RYUUKYOKU ba="3,0" sc="336,15,228,15,241,-15,195,-15" hai0="78,79,86,89" hai1="4,5,6,16,20,26,73,74,93,98" /><INIT seed="4,4,0,4,0,8" ten="351,243,226,180" oya="0" hai0="108,38,12,85,66,103,55,72,42,134,15,45,51" hai1="16,57,110,58,48,104,75,41,62,129,53,0,132" hai2="35,128,1,94,60,64,113,92,117,61,131,100,17" hai3="76,71,81,125,47,6,37,19,65,50,49,123,3"/><T126/><D72/><U84/><E110/><V20/><F35/><W69/><G123/><T24/><D126/><U33/><E75/><V39/><F1/><W10/><G125/><T68/><D134/><U127/><E127/><V7/><F7/><W97/><G65/><T116/><D116/><U63/><E104/><V14/><F39/><W120/><G120/><T93/><D24/><U73/><E73/><V4/><F4/><W30/><G30/><T133/><D133/><U77/><E33/><V56/><F113/><W13/><G97/><N who="0" m="59823" /><D85/><U101/><E0/><V86/><F117/><W21/><G50/><T70/><D70/><U109/><E132/><V89/><F100/><W5/><G5/><T107/><D107/><U67/><E109/><V11/><F94/><W124/><G124/><T79/><D79/><U114/><E129/><V52/><REACH who="2" step="1"/><F11/><REACH who="2" ten="351,243,216,180" step="2"/><W88/><G37/><T90/><D108/><U82/><E114/><V99/><F99/><W122/><G122/><T32/><D32/><U18/><E101/><V87/><F87/><W43/><G88/><T23/><D23/><U130/><E130/><V118/><F118/><W34/><G34/><T36/><D90/><U95/><E95/><V28/><F28/><W80/><G80/><T83/><D83/><U74/><E74/><AGARI ba="4,1" hai="3,6,10,13,19,21,43,47,49,69,71,74,76,81" machi="74" ten="30,2000,0" yaku="7,1,52,1" doraHai="8" who="3" fromWho="1" sc="351,0,243,-32,216,0,180,42" /><INIT seed="5,0,0,0,3,22" ten="351,211,216,222" oya="1" hai0="113,75,44,5,115,54,96,6,135,12,86,110,3" hai1="48,103,87,53,125,130,131,23,20,114,123,111,33" hai2="1,4,99,129,30,62,25,94,16,10,127,81,88" hai3="97,73,72,80,28,121,36,105,68,90,55,13,116"/><U39/><E39/><V120/><F120/><W133/><G121/><T29/><D110/><U109/><E123/><V65/><F127/><W49/><G36/><T58/><D75/><U17/><E33/><V78/><F129/><N who="1" m="49161" /><E125/><V93/><F93/><W47/><G68/><T41/><D3/><U59/><E114/><N who="0" m="43529" /><D135/><U8/><E103/><V128/><F128/><W69/><G69/><T76/><D96/><U45/><E87/><V35/><F16/><W43/><G133/><T40/><D29/><U104/><E104/><V71/><F78/><W122/><G116/><T38/><D41/><N who="1" m="24623" /><E8/><V134/><F134/><W112/><G122/><T37/><D38/><U66/><E66/><V119/><REACH who="2" step="1"/><F81/><REACH who="2" ten="351,211,206,222" step="2"/><W7/><G80/><T15/><D6/><U70/><E17/><V27/><F27/><W24/><G24/><T77/><D5/><U67/><E111/><V26/><F26/><W14/><G7/><T63/><D77/><U100/><E109/><V108/><F108/><W89/><G112/><T2/><D76/><U61/><E100/><V60/><F60/><AGARI ba="0,1" hai="20,23,53,59,60,61,67,70" m="24623,49161" machi="60" ten="30,1500,0" yaku="19,1" doraHai="22" who="1" fromWho="2" sc="351,0,211,25,206,-15,222,0" /><INIT seed="5,1,0,5,0,20" ten="351,236,191,222" oya="1" hai0="13,48,60,10,108,111,67,31,97,12,6,36,94" hai1="98,26,33,131,92,103,47,69,25,104,22,19,135" hai2="40,123,84,56,124,49,120,55,87,100,106,86,77" hai3="59,63,51,21,82,28,132,88,18,90,65,73,129"/><U38/><E69/><V99/><F124/><W134/><G28/><T79/><D36/><U101/><E135/><N who="3" m="51754" /><G129/><T52/><D79/><U68/><E131/><V125/><F125/><W16/><G18/><T122/><D122/><U17/><E68/><V78/><REACH who="2" step="1"/><F40/><REACH who="2" ten="351,236,181,222" step="2"/><W130/><G130/><T2/><D108/><U50/><E38/><V43/><F43/><W45/><G73/><T30/><D111/><U95/><E103/><V7/><F7/><W80/><G80/><T74/><D74/><U61/><E61/><V133/><F133/><W11/><G82/><T114/><D60/><U5/><E5/><V15/><F15/><N who="3" m="9375" /><G11/><T117/><D10/><U109/><E109/><V75/><F75/><W41/><AGARI ba="1,1" hai="41,45,51,59,63,65,88,90" m="9375,51754" machi="41" ten="30,4000,0" yaku="20,1,54,2" doraHai="20" who="3" fromWho="3" sc="351,-11,236,-21,181,-11,222,53" /><INIT seed="6,0,0,4,1,89" ten="340,215,170,275" oya="2" hai0="92,132,111,96,30,28,122,40,47,91,42,102,4" hai1="9,101,128,121,110,65,67,53,82,86,119,58,6" hai2="77,37,39,74,105,54,81,79,135,83,115,45,114" hai3="15,24,94,98,27,17,69,84,3,0,21,120,14"/><V63/><F105/><W7/><G69/><T64/><D111/><U8/><E110/><V49/><F63/><W12/><G120/><T36/><D122/><U26/><E121/><V108/><F108/><W73/><G73/><T22/><D132/><U104/><E119/><V76/><F135/><W61/><G84/><T66/><D4/><U127/><E127/><V129/><F129/><W18/><G61/><T41/><D47/><U70/><E128/><V55/><F55/><W134/><G134/><T43/><D43/><U23/><E70/><V52/><F54/><W16/><G7/><T33/><D33/><U10/><E101/><V71/><F71/><W123/><G123/><T80/><D36/><U35/><E35/><V118/><F118/><W75/><G75/><T46/><D46/><U107/><E6/><V95/><F95/><W5/><G5/><T57/><D22/><U93/><E93/><V133/><F133/><W125/><G125/><T126/><D126/><U68/><E68/><V130/><F130/><W2/><G21/><T31/><D57/><U25/><E107/><V103/><F103/><AGARI ba="0,0" hai="0,2,3,12,14,15,16,17,18,24,27,94,98,103" machi="103" ten="50,8000,1" yaku="29,2,52,1,54,1" doraHai="89" who="3" fromWho="2" sc="340,0,215,0,170,-80,275,80" /><INIT seed="7,0,0,2,0,115" ten="340,215,90,355" oya="3" hai0="82,62,18,11,116,14,110,90,0,111,66,22,29" hai1="134,50,19,86,55,41,78,42,120,88,112,70,91" hai2="54,92,106,129,17,10,56,1,51,75,80,40,128" hai3="63,135,102,32,13,38,44,121,37,27,12,5,4"/><W69/><G121/><T26/><D116/><U79/><E70/><V87/><F106/><W126/><G126/><T130/><D130/><U94/><E120/><V61/><F1/><W60/><G102/><T9/><D82/><U20/><E112/><V125/><F125/><W46/><G69/><T122/><D122/><U93/><E134/><V109/><F109/><W68/><G68/><T52/><D90/><U36/><E36/><V34/><F34/><W95/><G95/><T133/><D66/><U84/><E41/><V31/><F31/><W73/><G73/><T83/><D83/><U119/><E42/><V123/><F123/><W118/><G27/><T74/><D74/><U3/><E3/><V101/><F75/><W7/><G7/><N who="0" m="1255" /><D52/><U113/><E119/><V67/><F129/><W33/><G135/><T99/><D62/><U21/><E113/><V24/><F128/><W2/><G2/><T105/><D99/><U77/><E19/><V97/><F40/><W107/><G107/><T8/><D105/><U72/><E72/><V89/><F24/><W15/><G15/><N who="0" m="7551" /><D133/><U23/><E23/><V6/><F6/><AGARI ba="0,0" hai="6,8,14,22,26,29,110,111" m="7551,1255" machi="6" ten="30,2000,0" yaku="34,2" doraHai="115" who="0" fromWho="2" sc="340,20,215,0,90,-20,355,0" owari="360,45.0,215,-18.0,70,-43.0,355,16.0" /></mjloggm>