<mjloggm ver="2.3"><GO type="225" lobby="0"/><UN n0="%E5%B0%B1%E6%B4%BB%E7%94%9F%40%E5%B7%9D%E6%9D%91%E8%BB%8D%E5%9B%A3" n1="%E3%83%BE%28%E3%83%BB%E2%88%80%E3%83%BB%EF%BC%9B%29" n2="%E3%83%89%E3%83%A9%E3%83%AD%E3%83%B3%E3%83%80%E3%82%A4%E3%83%B4" n3="%4D%72%2E%6E%69%6B%75%39" dan="17,16,16,17" rate="2208.77,2088.87,2080.43,2167.78" sx="M,M,M,M"/><TAIKYOKU oya="0"/><INIT seed="0,0,0,1,4,86" ten="250,250,250,250" oya="0" hai0="53,88,120,60,73,50,54,29,17,26,11,67,43" hai1="102,113,135,91,36,72,49,87,37,118,121,33,5" hai2="27,18,134,13,3,59,30,90,45,52,23,48,108" hai3="35,58,51,39,77,126,114,66,109,111,80,2,62"/><T7/><D73/><U76/><E118/><V56/><F108/><W64/><G114/><T106/><D120/><U74/><E121/><V105/><F134/><W122/><G122/><T24/><D106/><U61/><E33/><V70/><F70/><W110/><G39/><T8/><D43/><U63/><E135/><V79/><F3/><W130/><G35/><T117/><D117/><U65/><E5/><V20/><F105/><W28/><G28/><T19/><D67/><U40/><E102/><V89/><F79/><W94/><G2/><T22/><D60/><U38/><E113/><V68/><F68/><W10/><G126/><T84/><D53/><U123/><E123/><V99/><F99/><W128/><G10/><N who="0" m="3627" /><D7/><U119/><E119/><V71/><F71/><W15/><G66/><T1/><D26/><U9/><E9/><V75/><F75/><W34/><G34/><T57/><D1/><U112/><E112/><V16/><F30/><W115/><G115/><T132/><D132/><U125/><E125/><V83/><F83/><AGARI ba="0,0" hai="17,19,22,24,29,50,54,57,83,84,88" m="3627" machi="83" ten="30,5800,0" yaku="8,1,52,1,54,1" doraHai="86" who="0" fromWho="2" sc="250,58,250,0,250,-58,250,0" /><INIT seed="0,1,0,1,2,42" ten="308,250,192,250" oya="0" hai0="24,128,21,110,32,73,49,46,97,108,39,1,76" hai1="9,94,122,112,90,104,37,8,71,70,85,54,62" hai2="119,100,68,132,53,117,125,114,20,10,13,115,98" hai3="14,36,95,64,130,65,60,135,72,69,63,16,35"/><T111/><D1/><U3/><E122/><V133/><F68/><W103/><G135/><N who="2" m="51785" /><F125/><W34/><G130/><T67/><D128/><U88/><E104/><V126/><F126/><W127/><G72/><T118/><D118/><N who="2" m="45066" /><F53/><W113/><G36/><T7/><D7/><U40/><E112/><N who="2" m="43051" /><F98/><W109/><G113/><T27/><D67/><U105/><E54/><V31/><F100/><W15/><G127/><T96/><D39/><U50/><E37/><V12/><F10/><W30/><G103/><T101/><D101/><U52/><E40/><V89/><F89/><W17/><G69/><T91/><D91/><U48/><E90/><V87/><F87/><W102/><G102/><T55/><D76/><U59/><E71/><V0/><F0/><W121/><G64/><T38/><D73/><U99/><E70/><V58/><F58/><W57/><G57/><T18/><D38/><U5/><E9/><V77/><F77/><W78/><G78/><T25/><D32/><U107/><E99/><AGARI ba="1,0" hai="18,21,24,25,27,46,49,55,96,97,99,108,110,111" machi="99" ten="40,7700,0" yaku="14,1,10,1,52,1" doraHai="42" who="0" fromWho="1" sc="308,80,250,-80,192,0,250,0" /><INIT seed="0,2,0,2,1,29" ten="388,170,192,250" oya="0" hai0="31,35,54,123,46,108,59,15,49,9,106,97,78" hai1="86,94,26,116,125,40,100,4,66,45,84,113,118" hai2="80,122,88,12,70,111,3,22,114,62,20,96,120" hai3="52,89,58,124,103,99,5,98,72,101,32,61,79"/><T131/><D123/><U128/><E128/><V14/><F3/><W68/><G124/><T24/><D131/><U92/><E125/><V69/><F114/><W76/><G68/><T18/><D108/><U74/><E74/><V132/><F111/><W44/><G32/><T38/><D78/><N who="3" m="29737" /><G72/><T82/><D82/><U16/><E113/><V105/><F105/><W42/><G5/><T117/><D117/><U57/><E4/><V110/><F110/><W85/><G42/><T36/><D106/><U48/><E116/><V34/><F34/><W8/><G8/><T11/><D97/><N who="3" m="36873" /><G44/><T71/><D71/><U121/><E121/><V17/><F70/><W107/><G107/><T63/><REACH who="0" step="1"/><D9/><REACH who="0" ten="378,170,192,250" step="2"/><U55/><E118/><V7/><F69/><W0/><G0/><T104/><D104/><U134/><E94/><AGARI ba="2,1" hai="52,58,61,85,89,94,101,103" m="36873,29737" machi="94" ten="30,2000,0" yaku="8,1,54,1" doraHai="29" who="3" fromWho="1" sc="378,0,170,-26,192,0,250,36" /><INIT seed="1,0,0,4,5,90" ten="378,144,192,286" oya="1" hai0="43,118,23,121,4,89,110,45,59,83,80,2,20" hai1="38,84,117,101,17,13,102,105,37,88,49,69,75" hai2="42,109,115,6,11,19,95,103,125,31,91,106,120" hai3="28,131,34,53,16,35,94,98,99,78,25,70,18"/><U52/><E69/><V113/><F120/><W93/><G70/><T135/><D118/><U0/><E0/><V39/><F109/><W47/><G131/><T64/><D110/><U124/><E75/><V33/><F125/><W72/><G72/><T92/><D135/><U21/><E124/><V54/><F19/><W104/><G78/><T48/><D4/><U129/><E129/><V128/><F128/><W108/><G104/><T44/><D2/><U56/><E117/><V66/><F66/><W79/><G79/><T46/><D121/><U85/><E85/><V55/><F103/><W74/><G74/><T114/><D114/><N who="2" m="43530" /><F106/><W132/><G132/><T32/><D32/><U41/><E41/><V100/><F100/><N who="1" m="38505" /><E105/><V96/><F31/><W111/><G28/><T133/><D133/><U86/><E86/><V134/><F33/><W67/><G67/><T51/><D80/><U14/><E14/><N who="2" m="5495" /><F134/><W82/><G25/><T50/><D83/><U22/><E22/><V40/><F39/><W119/><G82/><T58/><D43/><AGARI ba="0,0" hai="40,42,43,54,55,91,95,96" m="5495,43530" machi="43" ten="30,2000,0" yaku="11,1,52,1" doraHai="90" who="2" fromWho="0" sc="378,-20,144,0,192,20,286,0" /><INIT seed="2,0,0,1,0,51" ten="358,144,212,286" oya="2" hai0="36,116,27,129,58,88,115,130,13,21,79,24,95" hai1="6,45,38,89,76,29,4,26,81,47,10,63,122" hai2="113,97,93,60,8,74,49,35,7,73,40,131,112" hai3="66,99,107,22,25,132,43,70,102,15,5,71,14"/><V86/><F35/><W123/><G123/><T124/><D115/><U133/><E122/><V69/><F131/><N who="0" m="50186" /><D124/><U33/><E133/><V82/><F73/><W44/><G132/><T92/><D116/><U78/><E89/><V90/><F74/><W135/><G135/><T75/><D36/><U67/><E38/><V119/><F119/><W68/><G66/><T56/><D92/><U59/><E6/><V108/><F108/><W20/><G5/><T0/><D0/><U41/><E41/><V118/><F118/><W101/><G101/><T72/><D13/><U1/><REACH who="1" step="1"/><E78/><REACH who="1" ten="358,134,212,286" step="2"/><V19/><F112/><W106/><G43/><T117/><D79/><U54/><E54/><V100/><F113/><W77/><G77/><T48/><D117/><U55/><E55/><V85/><F7/><W61/><G102/><T104/><D88/><U120/><E120/><V37/><F37/><W128/><G128/><T64/><D64/><U125/><E125/><V39/><F39/><W34/><G71/><T126/><D126/><U11/><E11/><V53/><F40/><W9/><G70/><T121/><D121/><U32/><E32/><V134/><F134/><W96/><G34/><T16/><D21/><U109/><E109/><V114/><F114/><W84/><G22/><T12/><D75/><AGARI ba="0,1" hai="1,4,10,26,29,33,45,47,59,63,67,75,76,81" machi="75" ten="30,3900,0" yaku="1,1,7,1,53,1" doraHai="51" doraHaiUra="3" who="1" fromWho="0" sc="358,-39,134,49,212,0,286,0" /><INIT seed="3,0,0,1,0,43" ten="319,183,212,286" oya="3" hai0="22,113,4,67,68,65,56,60,98,123,50,47,96" hai1="23,83,130,97,122,111,101,114,63,70,26,54,10" hai2="17,69,59,132,121,110,124,71,91,28,76,32,134" hai3="7,62,73,34,57,30,25,2,46,128,109,117,115"/><W27/><G73/><T127/><D123/><U51/><E122/><V11/><F121/><W94/><G115/><T95/><D113/><U6/><E114/><V52/><F110/><W44/><G117/><T92/><D127/><U74/><E111/><V72/><F124/><W133/><G109/><T29/><D68/><U31/><E130/><V49/><F91/><W80/><G128/><T107/><D4/><U42/><E42/><V78/><F28/><W129/><G129/><T18/><D107/><U39/><E39/><V33/><F17/><W85/><G94/><N who="0" m="35883" /><D29/><U75/><E63/><V16/><F71/><W81/><G133/><N who="2" m="51305" /><F69/><W41/><G41/><N who="0" m="24943" /><D65/><U37/><E37/><V120/><F120/><W93/><G93/><T108/><D108/><U58/><E83/><N who="2" m="45447" /><F78/><W77/><G81/><T36/><D36/><U40/><E40/><V64/><F64/><W66/><REACH who="3" step="1"/><G27/><AGARI ba="0,0" hai="18,22,27,56,60,67,96,98" m="24943,35883" machi="27" ten="30,2000,0" yaku="8,1,52,1" doraHai="43" who="0" fromWho="3" sc="319,20,183,0,212,0,286,-20" owari="339,44.0,183,-32.0,212,-19.0,266,7.0" /></mjloggm>