<mjloggm ver="2.3"><GO type="169" lobby="0"/><UN n0="%E2%91%A3%E3%82%BB%E3%83%B3%E3%83%81" n1="%6A%75%6D%70%2D%75%70" n2="%E3%81%B6%E3%81%A3%E3%81%A8%E3%81%B3%E3%82%AB%E3%83%BC%E3%83%89" n3="%E3%82%A6%E3%83%AB%E3%83%88%E3%83%A9%E7%AB%8B%E7%9B%B4" dan="18,17,17,17" rate="2202.98,2190.30,2155.67,2197.41" sx="M,M,M,M"/><TAIKYOKU oya="0"/><INIT seed="0,0,0,4,4,49" ten="250,250,250,250" oya="0" hai0="110,71,87,96,103,81,24,2,84,114,22,78,131" hai1="36,23,118,5,128,34,63,99,55,79,47,1,69" hai2="0,134,111,93,66,20,6,59,64,56,54,25,14" hai3="82,31,90,30,42,94,65,75,113,58,95,53,17"/><T109/><D2/><U52/><E34/><V28/><F111/><N who="0" m="42506" /><D71/><U8/><E128/><V46/><F134/><W70/><G113/><T73/><D114/><U92/><E118/><V127/><F127/><W124/><G124/><T83/><D131/><U51/><E36/><V101/><F0/><W40/><G70/><T21/><D21/><U7/><E7/><V19/><F6/><W121/><G65/><T11/><D11/><U9/><E9/><V67/><F101/><W35/><G121/><T108/><N who="0" m="42514" /><T104/><DORA hai="72" /><D83/><U33/><E33/><V115/><F115/><W13/><G35/><T117/><D117/><U98/><E23/><N who="2" m="11767" /><F93/><W120/><G120/><T125/><D125/><U86/><E69/><V43/><F43/><W126/><G126/><T135/><D135/><U29/><E29/><AGARI ba="0,0" hai="22,24,29,73,78,81,84,87,96,103,104" m="42514" machi="29" ten="40,7700,0" yaku="14,1,10,1,52,1" doraHai="49,72" who="0" fromWho="1" sc="250,77,250,-77,250,0,250,0" /><INIT seed="0,1,0,1,2,84" ten="327,173,250,250" oya="0" hai0="86,25,115,35,123,19,134,4,74,109,41,92,61" hai1="114,79,36,130,125,14,46,32,50,1,78,13,16" hai2="7,82,59,96,9,122,2,135,117,11,52,37,124" hai3="48,65,113,18,101,17,22,21,75,67,53,127,29"/><T54/><D74/><U63/><E1/><V105/><F122/><W97/><G75/><T106/><D106/><U95/><E32/><V72/><F135/><W69/><G127/><T0/><D123/><U47/><E36/><V103/><F124/><W87/><G113/><T10/><D115/><U62/><E130/><V44/><F117/><W111/><G111/><T12/><D134/><U88/><E125/><V64/><F11/><W30/><G87/><T107/><D107/><U100/><E100/><V43/><F64/><W81/><G81/><T89/><D109/><U132/><E132/><V23/><F23/><W98/><G48/><T26/><D41/><N who="1" m="24911" /><E13/><V80/><REACH who="2" step="1"/><F72/><REACH who="2" ten="327,173,240,250" step="2"/><W126/><G126/><T42/><D35/><U121/><E121/><V83/><F83/><W99/><G67/><T76/><D10/><N who="1" m="6231" /><E114/><V57/><F57/><W104/><G22/><T68/><D68/><U58/><E47/><V20/><F20/><W128/><G21/><T131/><D131/><U133/><E133/><V71/><F71/><W93/><G69/><T6/><D0/><U70/><E70/><V3/><F3/><W28/><G128/><T38/><D4/><U45/><E45/><V110/><F110/><W24/><G29/><T91/><D6/><U116/><E116/><V34/><F34/><W56/><G30/><T102/><D26/><U51/><E51/><AGARI ba="1,1" hai="2,7,9,37,43,44,51,52,59,80,82,96,103,105" machi="51" ten="30,3900,0" yaku="1,1,7,1,54,1,53,0" doraHai="84" doraHaiUra="108" who="2" fromWho="1" sc="327,0,173,-42,240,52,250,0" /><INIT seed="1,0,0,4,4,112" ten="327,131,292,250" oya="1" hai0="43,7,99,135,74,73,5,82,13,35,33,45,6" hai1="88,12,75,107,20,104,30,71,61,18,19,130,27" hai2="105,131,60,92,55,118,67,4,126,77,38,64,111" hai3="68,96,98,25,113,129,123,17,83,72,115,24,39"/><U66/><E130/><V120/><F105/><W121/><G83/><T3/><D135/><U85/><E75/><V69/><F77/><W15/><G15/><T28/><D3/><U47/><E47/><V65/><F4/><W87/><G87/><T44/><D44/><U106/><REACH who="1" step="1"/><E12/><REACH who="1" ten="327,121,292,250" step="2"/><V49/><F131/><W53/><G129/><T23/><D74/><U40/><E40/><V80/><F38/><W2/><G72/><T57/><D45/><U8/><E8/><V114/><F114/><W59/><G39/><T108/><D43/><U91/><E91/><V54/><F67/><W52/><G2/><T22/><D13/><U37/><E37/><V34/><F65/><W41/><G41/><T14/><D14/><U16/><E16/><V63/><F64/><W86/><G17/><T90/><D90/><U125/><E125/><V116/><F126/><W9/><G9/><T46/><D46/><U124/><E124/><V62/><F55/><W103/><G115/><T70/><D73/><U48/><E48/><V31/><F54/><W51/><G113/><T102/><D5/><U78/><E78/><V76/><F49/><W132/><G51/><T95/><D6/><U127/><E127/><V0/><F76/><W93/><G52/><T36/><D7/><U89/><E89/><V122/><F0/><W109/><G53/><T79/><D36/><U100/><E100/><V58/><F122/><W11/><G121/><T42/><D102/><U117/><E117/><V97/><F118/><W110/><G123/><T133/><D42/><U134/><E134/><V128/><F120/><RYUUKYOKU ba="0,1" sc="327,-10,121,30,292,-10,250,-10" hai1="18,19,20,27,30,61,66,71,85,88,104,106,107" /><INIT seed="1,1,1,1,5,64" ten="317,151,282,240" oya="1" hai0="92,66,9,49,54,105,17,45,2,119,85,75,90" hai1="127,106,3,52,111,61,131,12,21,7,43,19,132" hai2="46,5,67,24,102,135,50,79,35,110,55,95,71" hai3="70,88,15,126,125,58,0,65,77,112,16,33,97"/><U89/><E106/><V1/><F110/><W76/><G0/><T81/><D119/><U91/><E111/><V56/><F135/><W13/><G33/><T26/><D105/><U29/><E132/><V18/><F79/><W103/><G58/><T59/><D2/><U28/><E131/><V40/><F102/><W14/><G112/><T115/><D115/><U87/><E127/><N who="3" m="48650" /><G16/><T37/><D37/><U100/><E100/><V30/><F95/><N who="3" m="56551" /><G103/><T82/><D26/><U34/><E43/><V41/><F18/><W122/><G122/><T8/><D9/><N who="1" m="4159" /><E3/><V73/><F40/><W120/><G120/><T93/><D17/><U104/><E104/><V38/><F1/><W4/><G4/><T96/><D8/><U63/><E63/><AGARI ba="1,1" hai="13,14,15,63,65,70,76,77" m="56551,48650" machi="63" ten="30,3900,0" yaku="18,1,52,1,54,1" doraHai="64" who="3" fromWho="1" sc="317,0,151,-42,282,0,240,52" /><INIT seed="2,0,0,1,2,27" ten="317,109,282,292" oya="2" hai0="128,22,61,68,29,73,101,105,52,39,110,78,88" hai1="56,17,79,118,65,14,57,96,113,90,87,72,120" hai2="33,6,111,1,10,129,83,91,46,94,112,18,16" hai3="109,60,21,47,62,126,123,55,9,71,81,132,66"/><V63/><F112/><W11/><G123/><T108/><D39/><U19/><E113/><V50/><F33/><W26/><G109/><N who="0" m="42091" /><D128/><U70/><E118/><V133/><F111/><W37/><G132/><T121/><D121/><U119/><E120/><V127/><F129/><W2/><G126/><T100/><D105/><U107/><E119/><V40/><F127/><W74/><G2/><T130/><D78/><U51/><E70/><V28/><F28/><W31/><G74/><T95/><D73/><U15/><E107/><V23/><F83/><W80/><G60/><T75/><D75/><U0/><E0/><V5/><F5/><W102/><G102/><T42/><D42/><U114/><E114/><V12/><F133/><W85/><G80/><T8/><D8/><U7/><E96/><V135/><F135/><W36/><G36/><T25/><D130/><U103/><E103/><V92/><F91/><W117/><G117/><T54/><D54/><U44/><E79/><V93/><F63/><W35/><G35/><T104/><D104/><U58/><E7/><V115/><F115/><W38/><G38/><T77/><D77/><U97/><E97/><V48/><F50/><N who="3" m="29151" /><G37/><T43/><D43/><N who="1" m="24991" /><E72/><V3/><REACH who="2" step="1"/><F18/><REACH who="2" ten="317,109,272,292" step="2"/><N who="1" m="6665" /><E65/><V124/><F124/><W116/><G116/><T45/><D101/><U20/><E20/><V69/><F69/><W64/><G64/><N who="0" m="40975" /><D100/><U32/><E32/><V98/><F98/><W89/><G71/><T84/><D22/><U41/><E41/><V122/><F122/><W86/><G86/><T4/><D84/><U53/><E53/><V59/><F59/><RYUUKYOKU ba="0,1" sc="317,-30,109,10,272,10,292,10" hai1="14,15,56,57,58,87,90" hai2="1,3,6,10,12,16,23,40,46,48,92,93,94" hai3="9,11,21,26,31,62,66,81,85,89" /><INIT seed="2,1,1,2,5,60" ten="287,119,282,302" oya="2" hai0="125,132,54,128,12,97,107,39,88,47,119,56,92" hai1="66,26,82,78,46,74,61,1,101,117,42,96,77" hai2="112,51,124,122,14,95,99,44,91,129,43,40,73" hai3="38,75,21,72,28,7,81,37,48,18,5,134,15"/><V64/><F112/><W135/><G28/><T90/><D132/><N who="3" m="50729" /><G48/><T126/><D128/><U133/><E133/><V11/><F122/><W19/><G19/><T69/><D69/><U93/><E78/><V110/><F129/><W27/><G81/><T23/><D107/><U102/><E102/><V8/><F73/><N who="3" m="28235" /><G27/><T86/><D119/><U98/><E98/><V9/><F124/><N who="0" m="47722" /><D39/><AGARI ba="1,1" hai="5,7,15,18,21,37,38,39" m="28235,50729" machi="39" ten="40,1300,0" yaku="20,1" doraHai="60" who="3" fromWho="0" sc="287,-16,119,0,282,0,302,26" /><INIT seed="3,0,0,5,3,83" ten="271,119,282,328" oya="3" hai0="32,42,113,62,76,54,47,0,36,99,9,106,7" hai1="84,118,123,134,105,35,82,101,111,81,46,87,29" hai2="117,72,15,53,125,69,56,44,33,93,25,10,65" hai3="14,122,104,41,40,120,59,6,119,61,67,4,52"/><W98/><G119/><T108/><D32/><U131/><E35/><V100/><F72/><W8/><G4/><T77/><D108/><U127/><E29/><V73/><F73/><W22/><G22/><T50/><D113/><U124/><E46/><V51/><F117/><W88/><G104/><T114/><D114/><U66/><E66/><V37/><F125/><N who="1" m="48201" /><E118/><V28/><F100/><W115/><G115/><T3/><D3/><U1/><E1/><V133/><F93/><N who="3" m="56615" /><G122/><T107/><D62/><U116/><E116/><V71/><F133/><W18/><G120/><T121/><D121/><U23/><E23/><V95/><F95/><W97/><G6/><T57/><D99/><N who="1" m="61631" /><E123/><V17/><F37/><W45/><G97/><T109/><D0/><U130/><E134/><V11/><F11/><W74/><G74/><T132/><D132/><U48/><E48/><AGARI ba="0,0" hai="8,14,18,40,41,45,48,52,59,61,67" m="56615" machi="48" ten="30,5800,0" yaku="8,1,54,2" doraHai="83" who="3" fromWho="1" sc="271,0,119,-58,282,0,328,58" /><INIT seed="3,1,0,5,0,57" ten="271,61,282,386" oya="3" hai0="21,80,3,10,41,130,32,28,114,49,90,9,117" hai1="63,36,89,59,95,97,52,115,14,73,93,116,113" hai2="2,68,109,112,94,106,122,135,5,69,60,101,124" hai3="44,121,65,66,74,54,33,11,105,75,88,79,99"/><W30/><G121/><T98/><D117/><U62/><E73/><V26/><F94/><W39/><G30/><T12/><D130/><U23/><E36/><V22/><F122/><W84/><G33/><T107/><D32/><U55/><E116/><V64/><F112/><W61/><G75/><T119/><D119/><U19/><E95/><V17/><F109/><W108/><G108/><T27/><D114/><U129/><E129/><V118/><F118/><W51/><G39/><T16/><D107/><U29/><E29/><V78/><F78/><W87/><G74/><T35/><D10/><U7/><E7/><V70/><F135/><W81/><G11/><T126/><D126/><U42/><E42/><V31/><F124/><W104/><G99/><T82/><D90/><U18/><E18/><V120/><F17/><W125/><G125/><T71/><D71/><U25/><E14/><V53/><F53/><W76/><G66/><T96/><D49/><U83/><E83/><N who="0" m="31785" /><D41/><U131/><E131/><V37/><F37/><W103/><G103/><T20/><D20/><U72/><E72/><V15/><F120/><W46/><G79/><T56/><D56/><AGARI ba="1,0" hai="19,23,25,52,55,56,59,62,63,89,93,97,113,115" machi="56" ten="40,12000,2" yaku="9,1,25,2,52,2,54,1" doraHai="57" who="1" fromWho="0" sc="271,-123,61,123,282,0,386,0" /><INIT seed="4,0,0,5,2,18" ten="148,184,282,386" oya="0" hai0="115,88,32,6,74,93,82,13,38,80,14,11,9" hai1="107,104,42,122,23,40,52,118,17,58,59,61,89" hai2="64,68,108,71,94,48,51,132,21,53,24,73,56" hai3="112,127,119,10,98,121,114,126,84,79,37,70,62"/><T15/><D115/><U130/><E130/><V78/><F108/><W105/><G37/><T22/><D32/><U39/><E39/><V66/><F132/><W125/><G119/><T81/><D38/><U36/><E36/><V97/><F71/><W35/><G35/><T106/><D106/><U4/><E4/><V5/><F5/><W133/><G133/><T3/><D74/><U116/><E107/><V103/><F68/><W25/><G121/><T44/><D44/><U33/><E33/><V2/><F2/><W109/><G109/><T16/><REACH who="0" step="1"/><D11/><REACH who="0" ten="138,184,282,386" step="2"/><U19/><E104/><V72/><F72/><W110/><G10/><T8/><D8/><U31/><E122/><V41/><F73/><W45/><G45/><T100/><D100/><U27/><E118/><V113/><F113/><W128/><G112/><T28/><D28/><U1/><E1/><V65/><F78/><W63/><G114/><T101/><D101/><U117/><E117/><V29/><F41/><N who="1" m="15977" /><E116/><V124/><F124/><W95/><G105/><T76/><D76/><U50/><E89/><V20/><F20/><W67/><G110/><T26/><D26/><U0/><E0/><V91/><F103/><N who="3" m="60895" /><G25/><T57/><D57/><U83/><E83/><V55/><F56/><W7/><G126/><T99/><AGARI ba="0,1" hai="3,6,9,13,14,15,16,22,80,81,82,88,93,99" machi="99" ten="30,12000,1" yaku="1,1,0,1,52,1,54,2,53,0" doraHai="18" doraHaiUra="129" who="0" fromWho="0" sc="138,130,184,-40,282,-40,386,-40" /><INIT seed="4,1,0,5,4,19" ten="268,144,242,346" oya="0" hai0="12,36,22,35,128,13,69,5,23,65,28,68,10" hai1="111,25,82,57,134,1,29,113,53,79,80,110,93" hai2="56,60,102,21,120,95,129,119,127,17,37,63,121" hai3="49,72,97,9,42,117,32,122,133,62,131,47,123"/><T40/><D128/><U15/><E134/><V55/><F37/><W85/><G72/><T109/><D109/><U52/><E1/><V126/><F129/><W74/><G74/><T101/><D101/><U7/><E113/><V105/><F105/><W130/><G32/><T6/><D35/><U61/><E93/><V58/><F119/><W38/><G117/><T45/><D28/><U44/><E82/><V135/><F135/><W98/><G133/><T132/><D132/><U78/><E78/><V48/><F95/><W81/><G38/><T30/><D30/><U77/><E77/><V67/><F102/><W107/><G62/><T89/><D89/><U34/><E15/><V94/><F94/><W114/><G114/><T20/><D65/><U71/><E7/><V99/><F99/><N who="3" m="37899" /><G9/><AGARI ba="1,0" hai="5,6,9,10,12,13,20,22,23,36,40,45,68,69" machi="9" ten="40,12000,1" yaku="9,1,52,3" doraHai="19" who="0" fromWho="3" sc="268,123,144,0,242,0,346,-123" /><INIT seed="4,2,0,4,3,119" ten="391,144,242,223" oya="0" hai0="1,16,82,54,53,132,71,92,77,113,101,103,42" hai1="117,22,96,99,48,98,51,86,116,134,56,19,26" hai2="30,73,49,66,14,80,20,104,110,33,115,4,95" hai3="3,7,135,102,122,28,83,50,78,91,129,126,46"/><T0/><D71/><U114/><E134/><V9/><F104/><W58/><G135/><T63/><D132/><U79/><E114/><V47/><F110/><W5/><G129/><T11/><D42/><U111/><E111/><V64/><F33/><W23/><G126/><T61/><D113/><U52/><REACH who="1" step="1"/><E51/><REACH who="1" ten="391,134,242,223" step="2"/><V6/><F115/><W13/><G50/><T124/><D124/><U109/><E109/><V29/><F49/><W94/><G46/><T69/><D63/><U55/><E55/><V45/><F45/><W81/><G58/><T106/><D61/><U121/><E121/><V128/><F47/><W120/><G120/><T40/><D54/><U8/><E8/><V85/><F9/><W38/><G122/><T35/><D53/><U2/><E2/><V112/><F112/><W15/><G3/><T17/><D11/><U131/><E131/><V32/><F128/><W24/><G38/><T74/><D0/><U43/><E43/><V93/><F66/><W100/><G5/><T37/><D1/><U59/><E59/><V62/><F64/><W108/><G7/><T10/><D40/><U70/><E70/><V107/><F62/><W75/><G108/><T127/><D37/><U89/><E89/><V123/><F123/><W60/><G60/><T105/><D69/><U21/><E21/><V72/><F20/><W125/><G125/><T76/><D10/><U65/><E65/><V18/><F6/><W41/><G41/><T87/><D127/><U118/><E118/><V12/><F4/><W88/><G23/><T36/><D36/><U130/><E130/><RYUUKYOKU ba="2,1" sc="391,-10,134,30,242,-10,223,-10" hai1="19,22,26,48,52,56,79,86,96,98,99,116,117" /><INIT seed="5,3,1,0,4,54" ten="381,164,232,213" oya="1" hai0="119,50,100,40,45,53,65,125,71,20,42,22,127" hai1="67,66,108,80,62,38,79,33,68,31,121,61,102" hai2="6,111,43,95,28,84,41,46,106,64,101,44,132" hai3="76,89,120,92,110,90,135,75,98,105,39,134,103"/><U26/><E121/><V10/><F111/><W29/><G39/><T133/><D119/><U86/><E108/><V4/><F106/><W122/><G29/><T52/><D100/><U59/><E102/><V56/><F28/><W81/><G110/><T112/><D112/><U118/><REACH who="1" step="1"/><E38/><REACH who="1" ten="381,154,232,213" step="2"/><V1/><F101/><W69/><G69/><T83/><D71/><U77/><E77/><V124/><F124/><W128/><G128/><T114/><D127/><U11/><E11/><V21/><F10/><W109/><G109/><T48/><D125/><U13/><E13/><V63/><F1/><W3/><G3/><T107/><D114/><U85/><E85/><V104/><F84/><N who="3" m="52295" /><G89/><T9/><D9/><U15/><E15/><V2/><F2/><W91/><G91/><T36/><D36/><U8/><E8/><V27/><F6/><W7/><G7/><T131/><D131/><U88/><E88/><V82/><F4/><W30/><G30/><T72/><D72/><U16/><E16/><V73/><F73/><W25/><G25/><T12/><D12/><U129/><E129/><V0/><F27/><W34/><G34/><T47/><D20/><U35/><E35/><V87/><F87/><W51/><G51/><T113/><D22/><U130/><E130/><V116/><F0/><W57/><G122/><T99/><D50/><U32/><E32/><V70/><F70/><W14/><G120/><T49/><D48/><U93/><E93/><V94/><F94/><W97/><G14/><T23/><D49/><U78/><E78/><V37/><F95/><W115/><G76/><RYUUKYOKU ba="3,2" sc="381,-10,154,30,232,-10,213,-10" hai1="26,31,33,59,61,62,66,67,68,79,80,86,118" /><INIT seed="5,4,2,0,0,69" ten="371,184,222,203" oya="1" hai0="55,87,73,49,111,124,58,68,90,19,99,5,120" hai1="54,3,52,117,107,18,36,76,126,6,128,101,72" hai2="21,47,25,34,8,62,108,133,29,10,16,119,17" hai3="94,50,77,9,114,113,104,93,110,35,102,112,80"/><U30/><E36/><V26/><F119/><W88/><G35/><T57/><D111/><U122/><E117/><V0/><F62/><W116/><G116/><T83/><D68/><U84/><E122/><V43/><F108/><W118/><G118/><T106/><D120/><U44/><E72/><V4/><F133/><W125/><G110/><T86/><D73/><U74/><E74/><V121/><F121/><W123/><G123/><T32/><D32/><U79/><E30/><V96/><F96/><N who="3" m="61511" /><G125/><T60/><D5/><U27/><E126/><V132/><F132/><W24/><G24/><T61/><D106/><U127/><E6/><N who="2" m="1095" /><F47/><W56/><G9/><T63/><D99/><U85/><E127/><V41/><F41/><W23/><G23/><T134/><D134/><U109/><E101/><V31/><F43/><W38/><G38/><T1/><D1/><AGARI ba="4,2" hai="1,4,10,16,17,21,25,26,29,31,34" m="1095" machi="1" ten="30,12000,2" yaku="35,5,54,1" doraHai="69" who="2" fromWho="0" sc="371,-132,184,0,222,152,203,0" /><INIT seed="6,0,0,4,4,52" ten="239,184,374,203" oya="2" hai0="70,91,97,92,39,68,113,64,42,89,6,69,130" hai1="56,18,59,13,108,132,3,95,112,51,94,46,50" hai2="38,29,27,33,71,103,9,7,82,74,129,78,84" hai3="36,2,30,16,134,8,12,100,66,77,5,85,24"/><V1/><F129/><W107/><G36/><T124/><D130/><U106/><E106/><V41/><F84/><W17/><G134/><T120/><D120/><U88/><E3/><V20/><F103/><W58/><G107/><T31/><D113/><U79/><E79/><V99/><F99/><W32/><G100/><T4/><D124/><U72/><E72/><V54/><F54/><W23/><G17/><T101/><D64/><U98/><E108/><V121/><F121/><W19/><G19/><T93/><D31/><U53/><E132/><V35/><F71/><W49/><G49/><T115/><D101/><N who="1" m="60631" /><E51/><V60/><F60/><N who="3" m="38167" /><G85/><T116/><D115/><U126/><E112/><V118/><F118/><W128/><G77/><T110/><D110/><U86/><E126/><V0/><F0/><W109/><G128/><T104/><D116/><U102/><E102/><V43/><F43/><W63/><G63/><T81/><D104/><U21/><AGARI ba="0,0" hai="13,18,21,46,50,53,56,59,86,88,95" m="60631" machi="21" ten="30,7900,0" yaku="8,1,52,2,54,1" doraHai="52" who="1" fromWho="1" sc="239,-20,184,79,374,-39,203,-20" /><INIT seed="7,0,0,2,1,44" ten="219,263,335,183" oya="3" hai0="14,87,115,5,52,29,4,106,88,31,102,26,105" hai1="74,121,111,104,46,9,51,124,135,35,18,133,70" hai2="54,57,78,118,119,131,30,125,83,76,64,117,50" hai3="132,36,90,100,10,98,66,122,47,6,128,28,127"/><W110/><G122/><T97/><D106/><U8/><E70/><V40/><F131/><W60/><G128/><T19/><D115/><U3/><E35/><V21/><F125/><W43/><G127/><T134/><D134/><U20/><E74/><V63/><F40/><W25/><G90/><T84/><D84/><U16/><E104/><V41/><F41/><W11/><G132/><N who="1" m="50762" /><E3/><V17/><F30/><W15/><G110/><T22/><D52/><N who="1" m="29815" /><E111/><V24/><REACH who="2" step="1"/><F83/><REACH who="2" ten="219,263,325,183" step="2"/><W93/><G6/><T12/><D4/><U58/><E124/><V34/><F34/><W73/><G73/><T123/><D31/><U45/><E18/><V85/><F85/><W86/><G86/><T79/><D5/><U82/><E82/><V27/><F27/><W23/><REACH who="3" step="1"/><G15/><REACH who="3" ten="219,263,325,173" step="2"/><T69/><D12/><U2/><E121/><V77/><F77/><W33/><G33/><T96/><D123/><U126/><E126/><V7/><F7/><W48/><G48/><T61/><D79/><U94/><E2/><V109/><F109/><W49/><G49/><T32/><D32/><U68/><E45/><AGARI ba="0,2" hai="17,21,24,45,50,54,57,63,64,76,78,117,118,119" machi="45" ten="40,2600,0" yaku="1,1,52,1,53,0" doraHai="44" doraHaiUra="38" who="2" fromWho="1" sc="219,0,263,-26,325,46,173,0" owari="219,-18.0,237,4.0,371,47.0,173,-33.0" /></mjloggm>