<mjloggm ver="2.3"><GO type="169" lobby="0"/><UN n0="%E3%82%A6%E3%83%AB%E3%83%88%E3%83%A9%E7%AB%8B%E7%9B%B4" n1="%E9%9D%92%E3%81%84%E7%8D%85%E5%AD%90" n2="%74%61%63%6F%73" n3="%E8%B6%85%E4%BA%BA%EF%BC%AD" dan="18,16,16,17" rate="2177.77,2070.60,2106.60,2189.41" sx="M,M,M,M"/><TAIKYOKU oya="0"/><INIT seed="0,0,0,1,3,34" ten="250,250,250,250" oya="0" hai0="100,25,118,39,97,80,62,104,75,60,128,33,88" hai1="9,46,70,90,98,72,15,85,17,31,129,58,133" hai2="38,114,52,93,111,53,6,134,3,119,124,115,51" hai3="71,42,16,76,110,66,55,36,122,107,86,67,43"/><T47/><D118/><U74/><E70/><V112/><F38/><W24/><G107/><T83/><D128/><U26/><E129/><V21/><F119/><W45/><G122/><T59/><D75/><U32/><E133/><V57/><F111/><W29/><G110/><T113/><D113/><U131/><E131/><V64/><F134/><W4/><G4/><T132/><D132/><U126/><E98/><V0/><F124/><W94/><G71/><T23/><D33/><U96/><E96/><V10/><F64/><N who="3" m="24619" /><G29/><T54/><D62/><U82/><E58/><V22/><F3/><W56/><G45/><T69/><D69/><U73/><E126/><V1/><F1/><W30/><G30/><T68/><D68/><U65/><E65/><V102/><F102/><W108/><G36/><T7/><D7/><U79/><REACH who="1" step="1"/><E46/><REACH who="1" ten="250,240,250,250" step="2"/><V48/><REACH who="2" step="1"/><F93/><AGARI ba="0,1" hai="9,15,17,26,31,32,72,73,74,79,82,85,90,93" machi="93" ten="30,3900,0" yaku="1,1,2,1,7,1,53,0" doraHai="34" doraHaiUra="40" who="1" fromWho="2" sc="250,0,240,49,250,-39,250,0" /><INIT seed="1,0,0,4,1,107" ten="250,289,211,250" oya="1" hai0="70,16,43,121,37,125,59,102,120,14,129,118,80" hai1="60,6,94,113,57,51,23,100,20,98,22,11,62" hai2="54,24,61,48,89,26,82,95,55,13,76,74,117" hai3="39,131,19,79,33,17,27,53,2,75,63,7,52"/><U1/><E113/><V73/><F117/><W116/><G39/><T87/><D70/><U45/><REACH who="1" step="1"/><E57/><REACH who="1" ten="250,279,211,250" step="2"/><V111/><F111/><W36/><G116/><T115/><D59/><U123/><E123/><V119/><F119/><W66/><G131/><T104/><D129/><U15/><E15/><V32/><F13/><W90/><G36/><T25/><D14/><U105/><E105/><V8/><F24/><W47/><G2/><T12/><D25/><U101/><E101/><V122/><F26/><W21/><G33/><T72/><D102/><U127/><E127/><V49/><F122/><W4/><G19/><T65/><D104/><U83/><E83/><V88/><F82/><W46/><G7/><T42/><D16/><U50/><E50/><V56/><F49/><W108/><G4/><T68/><D12/><U18/><E18/><V109/><F48/><W31/><G17/><T77/><D125/><U112/><E112/><V58/><F58/><W126/><G126/><T134/><D115/><U85/><E85/><V9/><F56/><W133/><G27/><T0/><D120/><U86/><E86/><V38/><F38/><W64/><G21/><T84/><D37/><U128/><E128/><V35/><F109/><W96/><G108/><T99/><D84/><U78/><E78/><V3/><F76/><W71/><G79/><T110/><D77/><U91/><E91/><V67/><F3/><W124/><G90/><T30/><D87/><U92/><E92/><V97/><F95/><W29/><G124/><T114/><D121/><U93/><E93/><V5/><F89/><RYUUKYOKU ba="0,1" sc="250,-10,279,30,211,-10,250,-10" hai1="1,6,11,20,22,23,45,51,60,62,94,98,100" /><INIT seed="1,1,1,2,1,81" ten="240,309,201,240" oya="1" hai0="107,27,34,114,54,22,62,118,122,11,2,134,47" hai1="130,119,124,10,128,123,61,117,56,52,59,55,97" hai2="41,32,80,83,1,135,102,93,14,71,90,38,116" hai3="94,79,115,84,29,72,101,15,73,95,51,53,77"/><U100/><E123/><V44/><F1/><W43/><G43/><T99/><D118/><U66/><E10/><V120/><F120/><W30/><G115/><T5/><D114/><U40/><E40/><V8/><F32/><W12/><G73/><T46/><D34/><U132/><E124/><V37/><F71/><W57/><G72/><T17/><D134/><U36/><E36/><V78/><F116/><N who="1" m="44617" /><E97/><V106/><F106/><W45/><G45/><T89/><D122/><U48/><E100/><V76/><F102/><W42/><G42/><T35/><D35/><U85/><E85/><V87/><F135/><W112/><G112/><T91/><D107/><U58/><E132/><V4/><REACH who="2" step="1"/><F38/><REACH who="2" ten="240,309,191,240" step="2"/><W0/><G0/><T49/><D2/><U129/><E55/><V25/><F25/><W127/><G127/><T113/><D113/><U31/><E31/><N who="3" m="11786" /><G12/><T28/><D28/><U60/><E61/><V68/><F68/><AGARI ba="1,2" hai="48,52,56,58,59,60,66,68,128,129,130" m="44617" machi="68" ten="40,12000,1" yaku="19,1,34,2,54,1" doraHai="81" who="1" fromWho="2" sc="240,0,309,143,191,-123,240,0" /><INIT seed="1,2,0,0,4,16" ten="240,452,68,240" oya="1" hai0="94,13,93,78,25,118,58,43,27,100,117,28,6" hai1="77,5,30,133,34,106,54,135,101,51,129,108,67" hai2="4,82,66,0,112,92,124,18,115,98,132,38,122" hai3="33,7,74,2,12,61,99,114,21,46,111,73,36"/><U48/><E5/><V69/><F122/><W84/><G114/><T35/><D43/><U32/><E77/><V20/><F38/><W86/><G33/><T123/><D123/><U105/><E67/><V47/><F124/><W83/><G2/><T23/><D78/><U53/><E30/><V40/><F132/><W71/><G99/><T103/><D58/><U50/><E101/><V14/><F82/><W1/><G111/><T96/><D13/><U45/><E108/><V89/><F66/><W59/><G71/><T64/><D6/><U70/><E70/><V55/><F69/><W128/><G1/><T42/><D42/><U17/><E17/><V87/><F55/><N who="1" m="21001" /><E45/><V104/><F4/><W107/><G107/><N who="1" m="40970" /><E129/><V134/><F0/><W88/><G7/><T37/><D64/><U119/><E119/><V113/><F134/><AGARI ba="2,0" hai="32,34,48,50,51,133,134,135" m="40970,21001" machi="134" ten="40,7700,0" yaku="28,2,20,1" doraHai="16" who="1" fromWho="2" sc="240,0,452,83,68,-83,240,0" owari="240,4.0,535,64.0,-15,-52.0,240,-16.0" /></mjloggm>