<mjloggm ver="2.3"><GO type="225" lobby="0"/><UN n0="%E3%82%A6%E3%82%A3%E3%83%83%E3%83%81" n1="%E3%83%AD%E3%83%9C%E3%82%B3%E3%83%97" n2="%E3%82%A6%E3%83%AB%E3%83%88%E3%83%A9%E7%AB%8B%E7%9B%B4" n3="%E6%A9%8B%E6%9C%AC%E5%8D%83%E5%85%89%E5%B9%B4" dan="16,17,17,17" rate="2113.68,2137.28,2175.12,2180.81" sx="M,M,M,M"/><TAIKYOKU oya="0"/><INIT seed="0,0,0,5,0,42" ten="250,250,250,250" oya="0" hai0="85,119,73,131,57,92,3,106,62,5,60,43,105" hai1="128,124,56,41,107,18,94,63,54,28,19,127,32" hai2="86,112,133,98,71,76,10,13,115,97,65,77,96" hai3="113,120,80,23,91,83,20,16,69,58,33,26,9"/><T40/><D73/><U25/><E107/><V102/><F71/><W104/><G69/><T114/><D114/><U68/><E68/><V100/><F65/><W70/><G70/><T31/><D31/><U47/><E94/><V78/><F13/><W50/><G33/><T111/><D119/><U59/><E59/><V125/><F10/><W99/><G113/><N who="2" m="43593" /><F86/><W87/><G120/><T15/><D3/><U101/><E101/><N who="2" m="39019" /><F133/><W123/><G104/><T36/><D106/><U90/><E90/><V44/><F44/><W8/><G99/><T109/><D105/><U1/><E1/><V72/><F72/><W53/><G123/><T55/><D15/><U30/><E30/><V118/><F125/><N who="1" m="48201" /><E128/><V2/><F2/><W122/><G122/><T38/><D131/><U121/><E121/><V51/><F51/><AGARI ba="0,0" hai="18,19,25,28,32,41,47,51,54,56,63" m="48201" machi="51" ten="30,2000,0" yaku="18,1,52,1" doraHai="42" who="1" fromWho="2" sc="250,0,250,20,250,-20,250,0" /><INIT seed="1,0,0,1,5,74" ten="250,270,230,250" oya="1" hai0="77,95,73,111,26,29,54,43,122,99,10,6,90" hai1="27,34,15,19,1,8,7,124,101,41,88,50,130" hai2="75,30,67,125,57,16,120,69,127,116,118,38,28" hai3="32,128,93,92,17,18,35,76,84,83,36,24,37"/><U129/><E101/><V105/><F69/><W22/><G128/><N who="1" m="49258" /><E124/><N who="2" m="47691" /><F105/><W46/><G18/><T82/><D111/><U2/><E88/><V62/><F38/><W114/><G114/><T72/><D122/><U39/><E39/><V65/><F120/><W109/><G109/><T48/><D73/><U60/><E60/><V59/><F75/><W80/><G37/><T79/><D43/><U91/><E91/><V87/><F87/><W5/><G5/><T108/><D108/><U94/><E94/><V61/><F16/><W45/><G83/><T123/><D123/><U58/><E19/><V115/><F115/><W97/><G93/><T106/><D106/><U104/><E104/><V14/><F14/><W9/><G36/><T98/><D98/><U64/><E15/><V132/><F132/><W126/><G126/><T85/><D72/><U110/><E2/><V78/><F78/><N who="0" m="29706" /><D6/><U70/><E7/><V20/><F20/><W31/><G35/><T117/><D10/><U49/><E8/><V52/><F67/><W135/><G135/><T89/><D117/><AGARI ba="0,0" hai="28,30,52,57,59,61,62,65,116,117,118" m="47691" machi="117" ten="30,2000,0" yaku="18,1,54,1" doraHai="74" who="2" fromWho="0" sc="250,-20,270,0,230,20,250,0" /><INIT seed="2,0,0,5,2,111" ten="230,270,250,250" oya="2" hai0="72,115,40,103,90,114,49,25,43,118,33,133,14" hai1="106,3,93,95,77,52,5,37,21,36,102,58,82" hai2="79,109,10,83,117,124,62,70,110,30,92,66,104" hai3="126,17,119,26,19,13,31,100,53,48,50,78,42"/><V134/><F117/><W129/><G119/><T16/><D72/><U89/><E106/><V91/><F104/><W132/><G129/><T80/><D118/><U28/><E102/><V51/><F134/><W35/><G132/><T131/><D133/><U56/><E56/><V4/><F51/><W81/><G126/><T15/><D103/><U88/><E3/><V20/><F124/><W121/><G121/><T59/><D131/><U38/><E5/><V65/><F65/><W108/><G100/><T9/><D114/><U39/><E39/><V127/><F127/><W98/><G98/><T41/><D115/><U60/><E28/><V32/><F20/><W74/><G108/><N who="2" m="41577" /><F30/><W116/><G116/><T1/><D1/><U7/><E21/><V87/><F32/><W97/><G97/><T113/><D113/><U120/><E120/><V11/><F4/><W71/><G71/><T123/><D123/><U46/><E7/><V8/><F8/><W69/><G69/><T29/><D9/><U12/><E12/><V112/><F112/><W125/><G125/><T34/><D34/><U122/><E122/><V27/><F27/><W76/><G13/><N who="0" m="4619" /><D16/><U23/><E23/><V47/><F47/><N who="3" m="25719" /><G19/><T57/><D49/><U94/><REACH who="1" step="1"/><E46/><REACH who="1" ten="230,260,250,250" step="2"/><V101/><F101/><W75/><G17/><T67/><D67/><U45/><E45/><V128/><F128/><W85/><G35/><T6/><D6/><U96/><E96/><AGARI ba="0,1" hai="10,11,62,66,70,79,83,87,91,92,96" m="41577" machi="96" ten="30,2900,0" yaku="14,1,10,1" doraHai="111" who="2" fromWho="1" sc="230,0,260,-29,250,39,250,0" /><INIT seed="2,1,0,1,4,102" ten="230,231,289,250" oya="2" hai0="62,10,99,30,78,65,126,88,84,6,135,90,107" hai1="34,53,7,58,120,86,117,5,92,123,31,57,128" hai2="18,27,0,95,52,1,51,119,103,121,100,47,29" hai3="104,56,131,43,36,44,132,2,122,108,24,63,85"/><V40/><F119/><W76/><G122/><T11/><D126/><U54/><E117/><V68/><F68/><W96/><G2/><T17/><D135/><U110/><E110/><V82/><F121/><W105/><G108/><T21/><D30/><U16/><E34/><V12/><F82/><W67/><G132/><T22/><D107/><U133/><E31/><V35/><F0/><W124/><G124/><T91/><D22/><U101/><E133/><V55/><F1/><W70/><G131/><T115/><D115/><U83/><E128/><V13/><F13/><W89/><G24/><N who="0" m="14383" /><D99/><U93/><E101/><V130/><F130/><W118/><G118/><T113/><D6/><U41/><E41/><V74/><F74/><W33/><G33/><T125/><D125/><U14/><E123/><V49/><F95/><W72/><G96/><T46/><D46/><U15/><E120/><V23/><F40/><W32/><G32/><T20/><D20/><U111/><E111/><V59/><AGARI ba="1,0" hai="12,18,23,27,29,35,47,49,51,52,55,59,100,103" machi="59" ten="20,3900,0" yaku="0,1,7,1,54,1" doraHai="102" who="2" fromWho="2" sc="230,-14,231,-14,289,42,250,-14" /><INIT seed="2,2,0,3,3,47" ten="216,217,331,236" oya="2" hai0="123,66,89,25,36,14,42,63,53,43,104,7,11" hai1="72,125,45,132,91,54,121,84,116,133,67,9,62" hai2="16,2,112,128,88,40,44,126,101,106,3,32,38" hai3="28,39,93,48,41,71,56,1,76,81,15,10,52"/><V33/><F112/><W13/><G28/><T0/><D123/><U68/><E116/><V64/><F64/><W87/><G71/><T78/><D104/><U12/><E72/><V115/><F115/><W97/><G1/><T100/><D100/><U57/><E121/><V92/><F101/><N who="3" m="60591" /><G39/><T73/><D89/><U119/><E119/><V20/><F106/><W122/><G122/><T74/><D53/><U37/><E125/><V24/><F126/><W17/><G15/><T8/><D25/><U46/><E37/><V82/><F82/><W5/><G41/><T134/><D134/><N who="1" m="51819" /><E84/><V26/><F26/><W114/><G114/><T79/><D73/><U120/><E91/><V51/><F38/><W117/><G117/><T131/><D131/><U59/><E120/><V29/><F128/><W83/><G81/><T50/><D36/><U102/><E102/><V65/><F32/><W129/><G129/><T109/><D74/><U96/><E96/><V69/><F33/><W35/><G35/><T70/><D109/><U108/><E108/><V23/><F69/><W61/><G61/><T21/><D70/><U135/><N who="1" m="51827" /><U98/><DORA hai="77" /><E98/><V55/><F40/><W105/><G105/><T6/><D43/><U49/><E68/><V95/><F95/><W90/><G90/><T22/><D78/><U58/><E58/><V85/><F92/><W86/><G86/><T75/><D75/><U127/><E127/><V31/><F85/><W80/><G80/><T34/><D79/><U111/><E111/><V118/><F88/><W19/><AGARI ba="2,0" hai="5,10,13,17,19,48,52,56,76,83,87" m="60591" machi="19" ten="30,7900,0" yaku="8,1,52,2,54,1" doraHai="47,77" who="3" fromWho="3" sc="216,-22,217,-22,331,-41,236,85" /><INIT seed="3,0,0,0,5,21" ten="194,195,290,321" oya="3" hai0="124,26,20,64,83,75,48,68,93,82,34,7,116" hai1="114,105,13,80,24,120,41,53,0,87,69,60,43" hai2="15,58,117,5,70,121,61,22,101,103,33,59,131" hai3="65,9,130,16,96,39,104,89,4,45,66,31,44"/><W95/><G104/><T18/><D116/><U52/><E105/><V135/><F117/><W30/><G130/><T128/><D128/><U8/><E114/><V102/><F33/><W27/><G16/><T11/><D124/><U98/><E0/><V115/><F115/><W119/><G119/><T36/><D36/><U71/><E120/><V49/><F131/><W1/><G31/><T74/><D34/><U35/><E98/><V134/><F121/><W90/><G90/><T133/><D133/><U111/><E111/><V56/><F49/><W99/><G99/><T110/><D110/><U126/><E126/><V92/><F92/><W37/><G37/><T81/><D93/><U109/><E109/><V38/><F38/><W85/><G96/><T106/><D106/><U77/><E71/><V97/><F97/><W72/><G72/><T3/><REACH who="0" step="1"/><D48/><REACH who="0" ten="184,195,290,321" step="2"/><U51/><E35/><V55/><F135/><W132/><G132/><T125/><D125/><U57/><E24/><V6/><F134/><W78/><G39/><T17/><D17/><N who="1" m="8359" /><E69/><V28/><F70/><W84/><G27/><T23/><D23/><U76/><E76/><V112/><F112/><W46/><G78/><T14/><D14/><U12/><E12/><V29/><F15/><W10/><G1/><T107/><D107/><U123/><E123/><V32/><F32/><W2/><G2/><T127/><D127/><U108/><E108/><V129/><F129/><W63/><G95/><T25/><D25/><U118/><E118/><V113/><F113/><W100/><G4/><N who="2" m="1641" /><F22/><W94/><G10/><T40/><D40/><RYUUKYOKU ba="0,1" sc="184,10,195,10,290,10,321,-30" hai0="3,7,11,18,20,26,64,68,74,75,81,82,83" hai1="41,43,51,52,53,57,60,77,80,87" hai2="28,29,55,56,58,59,61,101,102,103" owari="194,-31.0,205,-19.0,310,41.0,291,9.0" /></mjloggm>