<mjloggm ver="2.3"><GO type="225" lobby="0"/><UN n0="%E6%9C%80%E5%BC%B7%E6%9C%80%E5%BE%8C" n1="%43%6F%43%6F%4E%61%6E" n2="%E7%99%BD%E9%B9%BF%E6%84%9B%E8%8E%89" n3="%E5%B0%B1%E6%B4%BB%E7%94%9F%40%E5%B7%9D%E6%9D%91%E8%BB%8D%E5%9B%A3" dan="16,16,17,17" rate="2053.23,2129.66,2193.95,2190.06" sx="M,M,F,M"/><TAIKYOKU oya="0"/><INIT seed="0,0,0,4,0,99" ten="250,250,250,250" oya="0" hai0="20,84,107,29,119,52,118,132,67,101,78,60,21" hai1="51,45,25,123,134,133,14,103,4,86,71,57,61" hai2="54,47,3,38,83,112,30,22,48,115,89,114,130" hai3="35,135,100,10,24,116,121,128,92,36,79,88,72"/><T53/><D132/><N who="1" m="50795" /><E123/><V50/><F3/><W97/><G135/><T13/><D107/><U108/><E108/><V63/><F130/><W27/><G36/><T122/><D122/><U87/><E71/><V28/><F38/><W110/><G121/><T56/><D101/><U69/><E69/><V2/><F2/><W104/><G110/><T106/><D106/><U113/><E25/><V131/><F131/><W8/><G128/><T91/><D78/><U6/><E103/><V105/><F105/><W33/><G116/><T44/><D119/><U65/><E113/><V85/><F63/><W5/><G27/><N who="0" m="16623" /><D44/><U76/><E14/><V23/><REACH who="2" step="1"/><F48/><REACH who="2" ten="250,250,240,250" step="2"/><W26/><G35/><T70/><D118/><U55/><E76/><V77/><F77/><W62/><G33/><T32/><D32/><U12/><E12/><V74/><F74/><W96/><G62/><T81/><D70/><U126/><E126/><V82/><F82/><W19/><G79/><T15/><D15/><U68/><E68/><V40/><F40/><W75/><G75/><T37/><D37/><U0/><E0/><V109/><F109/><W64/><G72/><T80/><D80/><U31/><E61/><V111/><F111/><W129/><G129/><T124/><D124/><U49/><E51/><V42/><F42/><W39/><G39/><T98/><D13/><U93/><E49/><V58/><F58/><W17/><G64/><T125/><D67/><U102/><E65/><V16/><F16/><N who="3" m="6219" /><G5/><T94/><D125/><U46/><E6/><V90/><F90/><W117/><G117/><T59/><D60/><RYUUKYOKU ba="0,1" sc="250,-15,250,-15,240,15,250,15" hai2="22,23,28,30,47,50,54,83,85,89,112,114,115" hai3="8,10,24,26,88,92,96,97,100,104" /><INIT seed="1,1,1,3,4,91" ten="235,235,255,265" oya="1" hai0="107,74,65,81,40,46,51,80,111,5,135,109,29" hai1="19,28,77,129,131,94,36,96,21,62,13,18,104" hai2="63,11,0,37,84,4,48,101,121,70,68,100,15" hai3="117,95,108,114,26,12,115,82,22,59,118,89,9"/><U47/><E104/><V133/><F37/><W71/><G71/><T7/><D107/><U88/><E77/><V110/><F121/><W43/><G43/><T56/><D29/><U119/><E119/><N who="3" m="45578" /><G59/><T79/><D81/><U14/><E36/><V55/><F133/><W106/><G106/><T113/><D135/><U73/><E47/><V35/><F35/><W44/><G44/><T102/><D102/><U39/><E39/><V16/><F110/><N who="0" m="41994" /><D113/><U69/><E73/><V112/><F112/><W123/><G82/><T75/><D75/><U41/><E41/><V30/><F30/><N who="3" m="17751" /><G123/><T6/><D56/><U116/><E28/><V53/><F70/><W127/><G127/><T126/><D65/><N who="1" m="41143" /><E116/><V42/><F42/><W34/><G34/><T25/><D25/><N who="1" m="14519" /><E19/><V78/><F68/><W72/><G72/><T125/><AGARI ba="1,1" hai="5,6,7,40,46,51,74,79,80,125,126" m="41994" machi="125" ten="40,1500,0" yaku="14,1" doraHai="91" who="0" fromWho="0" sc="235,28,235,-8,255,-5,265,-5" /><INIT seed="2,0,0,0,0,102" ten="263,227,250,260" oya="2" hai0="106,121,43,127,22,38,47,17,20,16,41,118,37" hai1="48,55,125,2,54,122,84,56,135,59,21,19,49" hai2="123,23,35,46,130,14,18,86,9,51,64,8,33" hai3="30,29,44,105,89,65,81,28,34,132,114,53,111"/><V26/><F123/><W80/><G34/><T90/><D121/><U92/><E122/><V36/><F36/><W113/><G111/><T124/><D118/><U110/><E110/><V68/><F130/><W45/><G132/><T4/><D90/><U117/><E135/><V13/><F64/><W79/><G65/><T24/><D4/><U5/><E117/><V67/><F67/><W61/><G105/><T76/><D76/><U31/><E125/><V1/><F68/><W70/><G70/><T119/><D119/><U104/><E104/><V126/><F86/><N who="3" m="50375" /><G61/><T74/><D106/><U11/><E31/><N who="3" m="7938" /><W12/><DORA hai="129" /><G12/><N who="2" m="4713" /><F51/><W63/><G63/><T108/><D108/><U94/><REACH who="1" step="1"/><E84/><REACH who="1" ten="263,217,250,260" step="2"/><V62/><F126/><W58/><G113/><T72/><D24/><AGARI ba="0,1" hai="2,5,11,19,21,24,48,49,54,55,56,59,92,94" machi="24" ten="30,7700,0" yaku="1,1,2,1,7,1,9,1,53,0" doraHai="102,129" doraHaiUra="82,27" who="1" fromWho="0" sc="263,-77,217,87,250,0,260,0" /><INIT seed="3,0,0,0,5,44" ten="186,304,250,260" oya="3" hai0="90,63,84,97,64,53,115,102,39,13,77,95,18" hai1="21,119,41,118,108,49,32,19,15,4,79,52,25" hai2="129,106,127,36,57,17,38,23,89,111,24,66,68" hai3="29,99,40,80,76,82,45,0,54,26,9,73,20"/><W123/><G123/><T65/><D39/><U16/><E108/><V104/><F68/><W33/><G82/><T91/><D115/><U100/><E79/><V122/><F111/><W8/><G33/><T2/><D77/><U117/><E100/><V6/><F129/><W46/><G0/><T131/><D2/><U48/><E41/><V30/><F127/><W132/><G132/><T14/><D131/><U125/><E125/><V101/><F6/><W81/><G81/><T1/><D91/><U69/><E69/><V62/><F122/><W11/><G40/><T133/><D14/><U59/><E4/><V42/><F42/><W103/><REACH who="3" step="1"/><G54/><REACH who="3" ten="186,304,250,250" step="2"/><T35/><D1/><U124/><E124/><V134/><F134/><W96/><G96/><T87/><D35/><U34/><E48/><V72/><F36/><W58/><G58/><N who="0" m="35279" /><D133/><U56/><E56/><BYE who="1" /><V88/><F38/><W94/><AGARI ba="0,1" hai="8,9,11,20,26,29,45,46,73,76,80,94,99,103" machi="94" ten="30,3000,0" yaku="1,1,0,1,53,0" doraHai="44" doraHaiUra="28" who="3" fromWho="3" sc="186,-10,304,-10,250,-10,250,40" /><UN n1="%43%6F%43%6F%4E%61%6E" /><INIT seed="3,1,0,5,1,109" ten="176,294,240,290" oya="3" hai0="92,28,9,74,56,78,118,64,59,8,82,85,18" hai1="27,75,73,128,119,127,33,106,65,51,80,113,23" hai2="120,133,117,129,93,90,4,10,60,49,95,123,20" hai3="30,35,52,116,13,71,111,5,31,97,58,57,130"/><W11/><G71/><T41/><D118/><U67/><E106/><V16/><F117/><W126/><G116/><T48/><D28/><N who="3" m="10793" /><G35/><T12/><D64/><N who="1" m="24651" /><E33/><V103/><F133/><W61/><G111/><T107/><D107/><U121/><E113/><V43/><F60/><N who="3" m="35879" /><G130/><T2/><D2/><U125/><E121/><N who="2" m="46667" /><F129/><W89/><G126/><N who="1" m="48138" /><E119/><V45/><F103/><W77/><G77/><T38/><D38/><U21/><E128/><V66/><F66/><N who="3" m="39223" /><G97/><T135/><D135/><U91/><E51/><V132/><F90/><AGARI ba="1,0" hai="5,11,13,89,90" m="39223,35879,10793" machi="90" ten="30,2900,0" yaku="8,1,54,1" doraHai="109" who="3" fromWho="2" sc="176,0,294,0,240,-32,290,32" owari="176,-32.0,294,9.0,208,-19.0,322,42.0" /></mjloggm>