<mjloggm ver="2.3"><GO type="169" lobby="0"/><UN n0="%E3%82%B8%E3%83%A3%E3%82%B9%E3%82%BF%E3%82%A6%E3%82%A7%E3%82%A4" n1="%E5%A4%95%E5%87%AA" n2="%E5%B0%B1%E6%B4%BB%E7%94%9F%40%E5%B7%9D%E6%9D%91%E8%BB%8D%E5%9B%A3" n3="%E3%83%9A%E3%83%83%E3%83%81%E3%83%A7%E3%83%AA%E3%83%B3" dan="16,17,17,16" rate="2144.17,2104.84,2227.29,2115.42" sx="M,M,M,M"/><TAIKYOKU oya="0"/><INIT seed="0,0,0,0,2,61" ten="250,250,250,250" oya="0" hai0="78,123,96,113,12,18,48,107,134,54,44,41,89" hai1="87,16,21,100,112,57,33,37,63,92,64,122,0" hai2="1,114,86,102,28,58,117,46,118,50,76,31,47" hai3="40,22,53,36,82,91,73,60,119,8,23,72,130"/><T85/><D113/><U97/><E122/><V75/><F1/><W129/><G119/><N who="2" m="45577" /><F75/><W132/><G132/><T27/><D134/><U88/><E33/><V34/><F34/><W80/><G40/><T59/><D123/><U11/><E37/><V98/><F58/><W67/><G36/><T52/><D27/><U49/><E112/><V84/><F47/><W131/><G53/><T110/><D110/><U128/><E128/><V81/><F86/><N who="3" m="50647" /><G8/><T20/><D78/><U103/><E49/><V106/><F114/><W121/><G121/><T6/><D6/><U10/><E0/><V2/><F2/><W13/><G13/><T109/><D109/><U3/><E3/><V99/><F99/><W19/><G19/><T42/><D96/><U4/><E4/><V104/><F104/><W70/><G80/><N who="0" m="49319" /><D107/><U116/><E116/><V71/><F71/><W30/><G30/><T133/><D133/><U62/><E62/><AGARI ba="0,0" hai="12,18,20,41,42,44,48,52,54,59,62" m="49319" machi="62" ten="30,2900,0" yaku="8,1,54,1" doraHai="61" who="0" fromWho="1" sc="250,29,250,-29,250,0,250,0" /><INIT seed="0,1,0,3,0,9" ten="279,221,250,250" oya="0" hai0="28,100,119,27,45,25,17,44,48,63,7,31,19" hai1="53,95,62,37,55,89,46,35,93,3,51,34,57" hai2="72,24,94,23,36,16,91,128,40,124,126,108,32" hai3="1,73,8,88,26,133,92,102,97,70,122,41,68"/><T125/><D119/><U127/><E127/><N who="2" m="48683" /><F72/><W104/><G122/><T107/><D125/><U56/><E3/><V49/><F36/><W67/><G133/><T30/><D7/><U66/><E95/><V47/><F32/><W21/><G41/><T38/><D38/><U14/><E37/><V117/><F117/><W113/><G73/><T20/><D63/><U86/><E14/><V130/><F108/><W61/><G113/><T111/><D111/><U116/><REACH who="1" step="1"/><E116/><REACH who="1" ten="279,211,250,250" step="2"/><V0/><F0/><W52/><G1/><T75/><D75/><U106/><E106/><V69/><F69/><W4/><G104/><T60/><D107/><U5/><E5/><V109/><F109/><W84/><G70/><T96/><D100/><U64/><E64/><V78/><F78/><W59/><G68/><T18/><D96/><AGARI ba="1,1" hai="16,23,24,40,47,49,91,94,96,128,130" m="48683" machi="96" ten="30,2000,0" yaku="18,1,54,1" doraHai="9" who="2" fromWho="0" sc="279,-23,211,0,250,33,250,0" /><INIT seed="1,0,0,2,2,92" ten="256,211,283,250" oya="1" hai0="53,55,132,110,68,12,121,34,108,86,81,2,134" hai1="18,97,133,128,112,31,114,102,84,87,67,130,126" hai2="57,90,7,73,40,5,6,35,14,43,4,76,80" hai3="54,100,78,46,79,27,125,103,127,17,71,105,88"/><U38/><E38/><V49/><F35/><W47/><G71/><T58/><D2/><U119/><E31/><V41/><N who="2" m="1536" /><DORA hai="96" /><V15/><REACH who="2" step="1"/><F90/><REACH who="2" ten="256,211,273,250" step="2"/><W56/><G88/><N who="0" m="51279" /><D121/><U10/><E119/><V106/><F106/><W28/><G105/><T109/><D68/><U50/><E114/><V3/><F3/><W72/><G72/><T115/><D115/><U75/><E75/><V25/><F25/><W37/><G79/><T32/><D12/><N who="1" m="7447" /><E112/><V21/><F21/><W39/><G78/><T93/><D32/><U94/><E133/><V131/><F131/><N who="1" m="50217" /><E126/><V91/><F91/><W111/><G111/><T9/><D34/><U120/><E120/><V95/><F95/><W48/><G125/><T66/><D93/><U104/><E104/><V83/><F83/><W99/><G127/><T74/><D74/><U62/><E50/><V135/><F135/><N who="0" m="51754" /><D9/><U82/><E82/><V0/><F0/><W124/><G124/><T22/><D22/><U45/><E45/><V77/><F77/><W59/><G47/><T8/><D8/><U89/><E89/><V107/><F107/><W123/><G46/><T42/><D42/><U1/><E1/><V20/><F20/><N who="3" m="13711" /><G123/><T113/><D113/><U11/><E11/><V44/><F44/><N who="3" m="27911" /><G39/><T24/><D24/><U19/><E19/><V64/><F64/><W30/><G37/><T26/><D26/><U122/><E122/><V101/><F101/><N who="3" m="38987" /><G99/><T85/><D85/><U63/><E67/><V33/><F33/><W60/><G56/><T13/><D13/><U23/><E23/><V70/><F70/><W118/><G118/><RYUUKYOKU ba="0,1" sc="256,0,211,0,273,0,250,0" hai0="53,55,58,66,108,109,110" hai1="62,63,84,87,94,97,102" hai2="14,15,40,41,43,49,57,73,76,80" hai3="28,30,59,60" /><INIT seed="1,1,1,1,2,132" ten="256,211,273,250" oya="1" hai0="113,15,135,17,20,102,96,108,12,86,58,35,59" hai1="32,107,101,94,100,26,133,112,99,65,74,130,88" hai2="98,93,11,124,57,3,36,131,33,120,41,121,24" hai3="4,114,55,22,46,85,34,118,47,25,9,106,80"/><U73/><E112/><V122/><F131/><W56/><G106/><T105/><D113/><U16/><E133/><V119/><F119/><W13/><G34/><T97/><D135/><U44/><E130/><V77/><F77/><W43/><G118/><T10/><D35/><U0/><E0/><V28/><F57/><W111/><G114/><T116/><D108/><U72/><E65/><V104/><F93/><W61/><G111/><T2/><D2/><U5/><E5/><N who="2" m="1471" /><F41/><W39/><G39/><T7/><D116/><U1/><E1/><V51/><F51/><W70/><G70/><T19/><D86/><U110/><E110/><V64/><F64/><W82/><G82/><T50/><D96/><U103/><E44/><V127/><F36/><W68/><G68/><T125/><D7/><U123/><E123/><V83/><F83/><W54/><G54/><T78/><D78/><U49/><E49/><V38/><F38/><W89/><REACH who="3" step="1"/><G43/><REACH who="3" ten="256,211,273,240" step="2"/><T115/><D115/><U23/><REACH who="1" step="1"/><E32/><REACH who="1" ten="256,201,273,240" step="2"/><V40/><F40/><W126/><G126/><N who="2" m="48169" /><F122/><W69/><G69/><T53/><D125/><U129/><E129/><V48/><F48/><W90/><G90/><T37/><D37/><U71/><E71/><V79/><F79/><W87/><G87/><AGARI ba="1,3" hai="16,23,26,72,73,74,87,88,94,99,100,101,103,107" machi="87" ten="40,7700,0" yaku="1,1,54,2,53,0" doraHai="132" doraHaiUra="117" who="1" fromWho="3" sc="256,0,201,110,273,0,240,-80" /><INIT seed="1,2,0,5,1,21" ten="256,311,273,160" oya="1" hai0="89,120,53,37,16,0,59,99,22,67,86,133,10" hai1="119,100,113,19,6,65,125,94,91,34,115,126,76" hai2="2,97,72,77,117,69,70,45,109,63,36,118,27" hai3="29,61,68,82,26,1,85,124,122,116,64,74,92"/><U8/><E119/><V60/><F109/><W55/><G116/><T87/><D37/><U58/><E100/><V93/><F2/><W30/><G122/><T75/><D75/><U13/><E76/><V101/><F72/><W123/><G123/><T106/><D120/><U121/><E121/><V114/><F114/><W110/><G110/><T12/><D133/><U41/><E41/><V80/><F36/><W3/><G124/><N who="1" m="47722" /><E34/><V15/><F15/><W40/><G40/><T33/><D33/><U14/><E58/><V128/><F128/><W32/><G30/><T52/><D67/><U104/><E104/><V18/><F45/><W51/><G92/><N who="0" m="56719" /><D0/><U103/><E103/><V129/><F129/><W95/><G95/><T46/><D106/><U25/><E65/><V111/><F111/><W38/><G74/><T24/><D46/><U131/><E131/><V108/><F108/><W50/><G38/><T83/><D59/><U134/><E134/><V47/><F47/><W43/><G43/><T5/><D87/><N who="1" m="52607" /><E14/><V130/><F130/><W81/><G51/><T102/><D102/><U66/><E66/><V73/><F117/><W135/><G1/><T11/><D11/><U107/><E107/><V20/><REACH who="2" step="1"/><F118/><REACH who="2" ten="256,311,263,160" step="2"/><W48/><G3/><T79/><AGARI ba="2,1" hai="5,10,12,16,22,24,52,53,79,83,86" m="56719" machi="79" ten="30,7900,0" yaku="8,1,52,1,54,2" doraHai="21" who="0" fromWho="0" sc="256,95,311,-41,263,-22,160,-22" /><INIT seed="2,0,0,3,5,90" ten="351,270,241,138" oya="2" hai0="93,130,109,121,5,71,89,79,92,4,104,134,73" hai1="14,41,112,36,60,27,66,7,34,80,59,126,113" hai2="119,103,124,107,75,23,10,31,83,50,13,57,51" hai3="132,1,64,70,28,96,81,52,6,43,25,32,108"/><V123/><F119/><W120/><G120/><T77/><D71/><U58/><E126/><V37/><F37/><W133/><G108/><T2/><D121/><U24/><E36/><V65/><F123/><W46/><G81/><T74/><D2/><U55/><E41/><V100/><F124/><W21/><G96/><N who="0" m="57359" /><D5/><U116/><E116/><V38/><F38/><W30/><G70/><T45/><D45/><U3/><E3/><V54/><F107/><W82/><G64/><T56/><D56/><U117/><E117/><V85/><F75/><N who="0" m="28682" /><D4/><U17/><E7/><V127/><F127/><W8/><G43/><T72/><D134/><U99/><E34/><V69/><F69/><W125/><G125/><T39/><D39/><U102/><E27/><N who="2" m="16895" /><F51/><W114/><G114/><T15/><D15/><U131/><E24/><V95/><F65/><W67/><G67/><T106/><D109/><U115/><E115/><V18/><F95/><W29/><G82/><N who="0" m="45351" /><D79/><AGARI ba="0,0" hai="10,13,18,50,54,57,79,83,85,100,103" m="16895" machi="79" ten="30,1500,0" yaku="8,1" doraHai="90" who="2" fromWho="0" sc="351,-15,270,0,241,15,138,0" /><INIT seed="2,1,0,2,2,59" ten="336,270,256,138" oya="2" hai0="8,103,117,134,98,28,128,80,109,52,43,55,76" hai1="64,92,24,127,37,32,69,51,111,31,73,132,33" hai2="68,107,133,20,122,67,15,89,119,9,77,14,42" hai3="30,41,62,113,102,18,63,65,104,86,112,29,23"/><V40/><F122/><W96/><G41/><T125/><D109/><U45/><E111/><V101/><F119/><W129/><G129/><T7/><D128/><U12/><E73/><V126/><F126/><W79/><G79/><T116/><D125/><U13/><E127/><V93/><F133/><W0/><G0/><N who="0" m="103" /><D28/><N who="3" m="10857" /><G86/><N who="0" m="48391" /><D43/><U44/><E33/><V84/><F77/><W25/><G65/><T49/><D49/><U60/><E132/><V91/><F107/><W70/><G70/><T90/><D90/><U72/><E72/><V130/><F101/><W124/><G124/><T135/><D135/><U54/><E37/><V4/><F130/><W5/><G5/><T10/><D10/><U95/><E45/><V38/><F38/><W36/><G36/><T27/><D27/><U81/><E81/><V22/><F91/><W123/><G123/><T6/><D6/><U19/><E12/><V94/><F94/><W34/><G34/><T48/><D48/><U11/><AGARI ba="1,0" hai="11,13,19,24,31,32,44,51,54,60,64,69,92,95" machi="11" ten="20,2700,0" yaku="0,1,7,1,52,1" doraHai="59" who="1" fromWho="1" sc="336,-8,270,30,256,-14,138,-8" /><INIT seed="3,0,0,2,0,16" ten="328,300,242,130" oya="3" hai0="115,25,67,123,22,128,106,108,34,59,135,71,54" hai1="76,96,39,24,89,88,119,63,84,103,26,3,9" hai2="105,52,99,92,68,60,101,62,82,36,98,45,73" hai3="111,65,12,35,1,47,55,81,78,116,18,122,69"/><W66/><G122/><T85/><D123/><U30/><E39/><V46/><F68/><W130/><G35/><T95/><D108/><U87/><E119/><V38/><F38/><W129/><G1/><T91/><D128/><N who="3" m="49257" /><G116/><T86/><D106/><U127/><E76/><V17/><F36/><W112/><G69/><T124/><D135/><U11/><E63/><V49/><F45/><W28/><G28/><T51/><D124/><U29/><E3/><V107/><F107/><W19/><G112/><T83/><D34/><U131/><E131/><V97/><F97/><W72/><G111/><T58/><D71/><U90/><E127/><V32/><F32/><W113/><G19/><N who="0" m="12511" /><D115/><U48/><E103/><V2/><F2/><W121/><G121/><T10/><D10/><U79/><E96/><V80/><F73/><W20/><G113/><T114/><D114/><U120/><E120/><V4/><F4/><W14/><G14/><T132/><D132/><U93/><E9/><V57/><F17/><W6/><G6/><T125/><D125/><U118/><E11/><V109/><F109/><W15/><G15/><T43/><D43/><U5/><E5/><V0/><F0/><W110/><G110/><T117/><D117/><U133/><E133/><V40/><REACH who="2" step="1"/><F60/><REACH who="2" ten="328,300,232,130" step="2"/><W53/><G47/><T104/><D104/><U74/><E118/><V70/><F70/><W7/><G7/><T33/><D33/><U134/><E134/><V77/><F77/><W23/><G23/><T56/><D67/><AGARI ba="0,1" hai="12,18,20,53,55,65,66,67,72,78,81" m="49257" machi="67" ten="30,2900,0" yaku="19,1,52,1" doraHai="16" who="3" fromWho="0" sc="328,-29,300,0,232,0,130,39" /><INIT seed="3,1,0,0,4,74" ten="299,300,232,169" oya="3" hai0="125,34,129,23,47,62,35,44,67,40,132,12,91" hai1="118,131,27,0,50,69,21,71,107,60,55,100,89" hai2="48,76,24,15,121,110,81,7,101,45,97,66,103" hai3="13,68,84,102,9,18,37,51,28,14,59,117,122"/><W87/><G68/><T32/><D125/><U127/><E0/><V130/><F110/><W73/><G37/><T11/><D129/><U92/><E131/><V5/><F130/><W115/><G73/><T33/><D33/><U17/><E127/><V88/><F66/><W95/><G117/><T10/><D132/><U85/><E118/><V113/><F113/><W29/><G122/><T1/><D91/><U6/><E6/><N who="2" m="2059" /><F24/><W90/><G102/><N who="2" m="38921" /><F15/><W126/><G115/><T19/><D1/><U119/><E119/><V70/><F70/><W22/><G126/><T16/><D40/><U80/><E107/><V106/><F106/><W54/><REACH who="3" step="1"/><G87/><REACH who="3" ten="299,300,232,159" step="2"/><T108/><D108/><U64/><E71/><V99/><F121/><W4/><AGARI ba="1,1" hai="4,9,13,14,18,22,28,29,51,54,59,84,90,95" machi="4" ten="20,18000,2" yaku="1,1,2,1,0,1,7,1,25,2,8,1,53,0" doraHai="74" doraHaiUra="75" who="3" fromWho="3" sc="299,-61,300,-61,232,-61,159,193" /><INIT seed="3,2,0,3,3,37" ten="238,239,171,352" oya="3" hai0="116,81,4,89,45,22,66,108,26,50,69,19,34" hai1="78,16,103,97,55,59,54,127,20,52,10,7,98" hai2="79,38,134,23,42,111,135,21,105,28,117,65,72" hai3="46,99,17,76,133,121,25,128,32,68,3,104,40"/><W58/><G68/><T114/><D116/><U31/><E31/><V36/><F117/><W113/><G3/><T13/><D108/><U5/><E127/><V74/><F105/><W30/><G121/><T43/><D114/><U118/><E118/><V12/><F65/><W91/><G113/><T18/><D4/><N who="1" m="1611" /><E78/><V92/><F92/><W125/><G133/><N who="2" m="50697" /><F111/><W86/><G128/><T123/><D123/><U29/><E103/><V93/><F93/><W129/><G129/><T27/><D34/><U1/><E1/><V64/><F64/><W95/><G125/><T77/><D89/><U60/><E10/><V75/><F79/><W84/><G58/><T94/><D94/><U112/><E29/><V35/><F12/><W115/><G115/><T107/><D107/><U87/><E87/><V110/><F110/><W130/><G130/><T8/><D66/><N who="1" m="39199" /><E112/><V39/><F35/><W85/><G104/><T63/><D69/><U41/><E41/><V9/><F9/><W109/><G109/><T131/><D131/><U102/><E102/><V14/><F14/><AGARI ba="2,0" hai="14,16,20,52,54,55,97,98" m="39199,1611" machi="14" ten="30,3900,0" yaku="8,1,54,2" doraHai="37" who="1" fromWho="2" sc="238,0,239,45,171,-45,352,0" /><INIT seed="4,0,0,3,3,38" ten="238,284,126,352" oya="0" hai0="66,52,55,124,128,40,58,70,51,19,46,107,79" hai1="105,23,125,41,132,120,78,99,122,5,35,95,9" hai2="106,25,93,75,80,57,6,97,135,54,67,104,76" hai3="49,100,115,119,12,98,64,59,117,27,81,129,1"/><T37/><D107/><U92/><E35/><V86/><F135/><W26/><G115/><T4/><D4/><U24/><E132/><V16/><F6/><W112/><G1/><T42/><D79/><U82/><E105/><V65/><F104/><W56/><G112/><T60/><D19/><U72/><E125/><V103/><F106/><W83/><G129/><T134/><D134/><U130/><E130/><V8/><F75/><W88/><G12/><T108/><D128/><U53/><E53/><N who="0" m="20553" /><D124/><U11/><E95/><V17/><F17/><W45/><G64/><T39/><D108/><U73/><E11/><V71/><F71/><W114/><G114/><T116/><D116/><U10/><E9/><V31/><F31/><W84/><G83/><T109/><D109/><U133/><E73/><V85/><F85/><W62/><G119/><T44/><D37/><U89/><E133/><V47/><F47/><W22/><G117/><T91/><D91/><U102/><E89/><V74/><F74/><W33/><G33/><T3/><D3/><U127/><E127/><V32/><F32/><W110/><G110/><T126/><D126/><U15/><E24/><V96/><F96/><W2/><G2/><T113/><D113/><U87/><E72/><V61/><REACH who="2" step="1"/><F25/><REACH who="2" ten="238,284,116,352" step="2"/><W94/><G27/><T21/><D21/><U68/><E23/><V50/><F50/><W7/><G7/><T123/><D123/><U131/><E131/><V0/><F0/><W14/><G26/><T30/><D30/><U77/><E122/><V18/><F18/><N who="3" m="10583" /><G62/><T63/><D70/><U36/><E68/><RYUUKYOKU ba="0,1" sc="238,10,284,-30,116,10,352,10" hai0="39,40,42,44,46,51,58,60,63,66" hai2="8,16,54,57,61,65,67,76,80,86,93,97,103" hai3="45,49,56,59,81,84,88,94,98,100" /><INIT seed="4,1,1,0,4,75" ten="248,254,126,362" oya="0" hai0="48,73,17,110,45,114,128,1,131,44,12,102,72" hai1="83,59,70,99,87,78,32,42,51,115,9,43,122" hai2="47,101,0,27,113,126,31,40,61,50,62,46,103" hai3="82,38,4,106,134,13,96,118,39,109,74,84,132"/><T2/><D102/><U108/><E70/><V121/><F121/><W60/><G74/><N who="0" m="28779" /><D114/><U58/><E32/><V68/><F113/><W125/><G118/><T127/><D127/><U30/><E30/><V52/><F126/><W28/><G125/><T19/><D110/><U93/><E122/><V57/><F0/><N who="0" m="106" /><D48/><U25/><E25/><V94/><F94/><W15/><G109/><T85/><D85/><U130/><E108/><V119/><F119/><W16/><G28/><T88/><D88/><N who="1" m="55719" /><E115/><V91/><F91/><W54/><G4/><T67/><D67/><U92/><E92/><V107/><F107/><W76/><G15/><T6/><D6/><U133/><E9/><V104/><F104/><W53/><G106/><T89/><D89/><U41/><E51/><V65/><REACH who="2" step="1"/><F46/><REACH who="2" ten="248,254,116,362" step="2"/><N who="0" m="18026" /><D12/><U111/><E111/><V29/><F29/><W11/><G13/><T8/><D8/><U120/><E120/><V116/><F116/><W24/><G96/><T3/><D3/><U81/><E43/><V98/><F98/><W69/><G84/><T22/><D22/><AGARI ba="1,2" hai="22,27,31,40,47,50,52,57,61,62,65,68,101,103" machi="22" ten="30,3900,0" yaku="1,1,7,1,54,1,53,0" doraHai="75" doraHaiUra="86" who="2" fromWho="0" sc="248,-42,254,0,116,62,362,0" /><INIT seed="5,0,0,4,2,84" ten="206,254,178,362" oya="1" hai0="118,31,62,70,86,73,52,82,75,47,57,9,11" hai1="39,85,71,35,36,61,108,87,122,105,77,103,34" hai2="106,97,14,93,91,113,13,120,126,125,12,123,23" hai3="6,117,96,49,25,43,51,104,63,100,50,119,127"/><U16/><E122/><N who="2" m="46635" /><F23/><W41/><G127/><N who="2" m="48649" /><F106/><W27/><G6/><T131/><D118/><N who="3" m="45065" /><G63/><T89/><D131/><U21/><E105/><V68/><F113/><W29/><G25/><T83/><D70/><AGARI ba="0,0" hai="12,13,14,68,70,91,93,97" m="48649,46635" machi="70" ten="40,2600,0" yaku="18,1,52,1" doraHai="84" who="2" fromWho="0" sc="206,-26,254,0,178,26,362,0" /><INIT seed="6,0,0,5,4,18" ten="180,254,204,362" oya="2" hai0="2,109,52,33,77,98,124,27,1,81,126,133,10" hai1="39,16,91,61,73,54,89,43,135,87,56,30,59" hai2="122,24,58,105,53,6,45,110,111,125,101,65,35" hai3="130,50,99,12,26,40,34,93,41,64,94,68,14"/><V55/><F122/><W8/><G130/><T121/><D109/><N who="2" m="41482" /><F125/><N who="0" m="48234" /><D121/><U112/><E135/><V23/><F35/><W90/><G68/><T108/><D108/><U113/><E73/><V44/><F6/><W42/><G64/><T85/><D133/><U7/><E7/><V71/><F71/><W69/><G69/><T79/><D79/><U116/><E116/><V46/><F105/><W84/><G34/><T95/><D10/><U128/><E30/><N who="2" m="17695" /><F101/><N who="3" m="60655" /><G26/><T38/><D38/><U28/><E128/><V132/><F132/><W62/><G62/><AGARI ba="0,0" hai="44,45,46,53,55,58,62,65" m="17695,41482" machi="62" ten="30,2900,0" yaku="10,1,52,1" doraHai="18" who="2" fromWho="3" sc="180,0,254,0,204,29,362,-29" /><INIT seed="6,1,0,4,1,75" ten="180,254,233,333" oya="2" hai0="86,101,73,96,41,55,35,9,46,5,100,19,10" hai1="69,106,14,67,79,91,130,103,128,115,72,82,93" hai2="18,133,87,70,127,58,1,65,131,119,8,97,83" hai3="48,81,78,25,21,89,122,112,71,34,135,85,121"/><V109/><F70/><W12/><G71/><T23/><D35/><U98/><E115/><V120/><F120/><W74/><G135/><T129/><D129/><N who="1" m="49771" /><E14/><N who="2" m="7495" /><F1/><W102/><G112/><T4/><D73/><U32/><E32/><V107/><F107/><W33/><G102/><T99/><D55/><U22/><E22/><V113/><F119/><W66/><G66/><T13/><D86/><N who="1" m="52471" /><E69/><V17/><F113/><W90/><G12/><T116/><D116/><U68/><E68/><V2/><F2/><W84/><G33/><T80/><D80/><U88/><E88/><N who="2" m="51327" /><F127/><W108/><G34/><T92/><D4/><U50/><E50/><V29/><F29/><W0/><G48/><T95/><REACH who="0" step="1"/><D5/><REACH who="0" ten="170,254,233,333" step="2"/><U15/><E67/><V56/><F65/><W134/><G121/><T40/><D40/><U39/><E82/><V64/><F64/><W38/><G122/><T63/><D63/><U6/><E6/><V47/><F131/><W37/><G74/><T16/><D16/><U51/><E72/><V7/><F7/><W28/><G0/><T54/><D54/><U123/><E123/><V76/><F133/><W11/><G134/><T27/><D27/><U20/><E15/><V31/><F17/><W117/><G117/><T111/><D111/><U24/><E24/><V26/><F109/><W45/><G108/><T49/><AGARI ba="1,1" hai="9,10,13,19,23,41,46,49,92,95,96,99,100,101" machi="49" ten="20,8000,1" yaku="1,1,0,1,7,1,9,1,8,1,53,0" doraHai="75" doraHaiUra="118" who="0" fromWho="0" sc="170,93,254,-21,233,-41,333,-21" /><INIT seed="7,0,0,5,1,66" ten="263,233,192,312" oya="3" hai0="125,57,70,56,20,19,36,49,58,31,119,133,90" hai1="82,18,17,64,3,80,132,13,118,76,81,85,112" hai2="10,131,46,15,126,78,23,48,59,63,42,72,47" hai3="127,4,100,69,61,43,16,5,35,106,109,28,96"/><W14/><G43/><T7/><D36/><U102/><E3/><V116/><F116/><W104/><G104/><T123/><D123/><U88/><E118/><V103/><F126/><W134/><G134/><T9/><D70/><U22/><E132/><V68/><F131/><W45/><G45/><T86/><D31/><U105/><E112/><V84/><F72/><W41/><G41/><T79/><D79/><U27/><E64/><V73/><F73/><W108/><G127/><T83/><D133/><U75/><E102/><V51/><F103/><W74/><G74/><T32/><D32/><U54/><E105/><V120/><F120/><W8/><G61/><T110/><D110/><N who="3" m="42601" /><G69/><T124/><D119/><U77/><E54/><V62/><F68/><W71/><G71/><T37/><D37/><U65/><E65/><V130/><F130/><W121/><G121/><T129/><D129/><U114/><E114/><V55/><F59/><W34/><G28/><T44/><D124/><U40/><E40/><V93/><F23/><N who="3" m="11671" /><G4/><T53/><D125/><U117/><E117/><V24/><F24/><W0/><AGARI ba="0,0" hai="0,5,8,34,35,96,100,106" m="11671,42601" machi="0" ten="30,3000,0" yaku="10,1,54,1" doraHai="66" who="3" fromWho="3" sc="263,-10,233,-10,192,-10,312,30" owari="253,5.0,223,-18.0,182,-32.0,342,45.0" /></mjloggm>