<mjloggm ver="2.3"><GO type="169" lobby="0"/><UN n0="%E3%83%87%E3%83%87%E3%82%AD%E3%83%B3%E3%83%88" n1="%4C%53%E9%99%BD" n2="%6E%61%69%74%61" n3="%E3%83%88%E3%83%88%E3%83%AA%E5%85%88%E7%94%9F%31%39%E6%AD%B3" dan="17,16,16,18" rate="2227.22,2053.90,2141.89,2269.85" sx="M,M,M,F"/><TAIKYOKU oya="0"/><INIT seed="0,0,0,1,1,4" ten="250,250,250,250" oya="0" hai0="58,34,36,87,92,46,126,77,69,13,110,127,109" hai1="15,22,81,67,98,91,122,51,102,65,0,47,105" hai2="9,40,95,103,100,64,7,101,6,108,75,96,39" hai3="71,134,55,25,79,27,53,132,32,72,84,21,80"/><T24/><D69/><U41/><E122/><V18/><F75/><W133/><G71/><T5/><D58/><U70/><E0/><V38/><F64/><W31/><REACH who="3" step="1"/><G72/><REACH who="3" ten="250,250,250,240" step="2"/><T117/><D126/><U130/><E70/><V59/><F108/><W73/><G73/><T3/><D127/><U66/><E130/><V94/><F40/><W14/><G14/><T124/><D13/><U23/><E15/><V35/><F35/><W26/><G26/><T99/><D24/><U135/><E135/><V120/><F120/><W42/><G42/><T106/><D34/><U30/><E30/><AGARI ba="0,1" hai="21,25,27,30,31,32,53,55,79,80,84,132,133,134" machi="30" ten="40,2600,0" yaku="1,1,20,1,53,0" doraHai="4" doraHaiUra="57" who="3" fromWho="1" sc="250,0,250,-26,250,0,240,36" /><INIT seed="1,0,0,4,3,41" ten="250,224,250,276" oya="1" hai0="114,28,70,106,55,17,100,18,44,76,119,125,0" hai1="11,81,89,104,83,74,71,14,131,52,66,25,135" hai2="115,109,126,95,43,9,30,94,113,124,73,60,46" hai3="65,34,49,16,67,6,29,130,21,99,118,78,35"/><U63/><E104/><V19/><F73/><W117/><G130/><T58/><D70/><U15/><E131/><V2/><F30/><W7/><G78/><T13/><D0/><U108/><E135/><V36/><F109/><W107/><G107/><T54/><D114/><N who="2" m="43530" /><F60/><W72/><G72/><T1/><D1/><U127/><E127/><N who="2" m="48683" /><F2/><W24/><G99/><T75/><D119/><N who="3" m="45577" /><G35/><T68/><D28/><U77/><E108/><V20/><F9/><W101/><G101/><T122/><D100/><U3/><E25/><AGARI ba="0,0" hai="19,20,25,36,43,46,94,95" m="48683,43530" machi="25" ten="30,3900,0" yaku="11,1,18,1,52,1" doraHai="41" who="2" fromWho="1" sc="250,0,224,-39,250,39,276,0" /><INIT seed="2,0,0,3,2,15" ten="250,185,289,276" oya="2" hai0="11,9,18,60,90,49,123,36,4,116,42,125,135" hai1="109,19,6,23,7,31,66,76,52,124,70,71,118" hai2="44,131,126,113,88,37,100,87,47,108,16,63,57" hai3="106,130,43,120,67,122,115,97,32,102,80,12,8"/><V81/><F113/><W94/><G32/><T121/><D116/><U29/><E118/><V40/><F131/><W17/><G115/><T83/><D36/><U99/><E124/><V50/><F126/><W93/><G130/><T33/><D33/><U112/><E112/><V64/><F108/><W77/><G43/><T85/><D125/><U89/><E109/><V58/><F100/><W53/><G67/><T127/><D135/><U1/><E76/><V56/><REACH who="2" step="1"/><F16/><REACH who="2" ten="250,185,279,276" step="2"/><W72/><G120/><T20/><D127/><U26/><E19/><V111/><F111/><W107/><G122/><T82/><D123/><U79/><E29/><V45/><F45/><W13/><G107/><T75/><D121/><U46/><E31/><V0/><F0/><W104/><G104/><T95/><D18/><U62/><E46/><V38/><F38/><W22/><G13/><T30/><D9/><U35/><E1/><V117/><F117/><W73/><G8/><T39/><D11/><U3/><E3/><V10/><F10/><W5/><G5/><T105/><D39/><U78/><E6/><V119/><F119/><W65/><G106/><T51/><D105/><U129/><E7/><V134/><F134/><W92/><G12/><T133/><D133/><U24/><E129/><V114/><F114/><W25/><G17/><T110/><D110/><U28/><E28/><V34/><F34/><W68/><G102/><T54/><D30/><U21/><E35/><V2/><F2/><W132/><G132/><T86/><D4/><U69/><E21/><V91/><F91/><W84/><G22/><RYUUKYOKU ba="0,1" sc="250,-10,185,-10,279,30,276,-10" hai2="37,40,44,47,50,56,57,58,63,64,81,87,88" /><INIT seed="2,1,1,3,5,13" ten="240,175,309,266" oya="2" hai0="38,73,86,120,90,15,117,46,30,112,33,84,0" hai1="45,104,17,9,24,7,110,41,95,59,66,103,123" hai2="89,118,134,94,12,71,135,106,99,14,51,126,61" hai3="116,131,128,47,74,20,124,16,88,81,111,49,63"/><V37/><F37/><W109/><G116/><T34/><D0/><U53/><E104/><V44/><F118/><W107/><G107/><T72/><D112/><U26/><E110/><N who="3" m="41994" /><G63/><T67/><D120/><U130/><E66/><V42/><F126/><W85/><G74/><T69/><D117/><U65/><E65/><V68/><F106/><W11/><G11/><T96/><D69/><N who="2" m="26698" /><F61/><W132/><G132/><AGARI ba="1,1" hai="12,14,42,44,51,89,94,99,132,134,135" m="26698" machi="132" ten="30,1500,0" yaku="20,1" doraHai="13" who="2" fromWho="3" sc="240,0,175,0,309,28,266,-18" /><INIT seed="2,2,0,0,4,135" ten="240,175,337,248" oya="2" hai0="22,58,89,125,99,123,59,42,16,28,98,95,65" hai1="111,29,106,11,68,7,72,105,76,51,107,5,0" hai2="90,103,25,81,1,120,20,60,78,126,113,124,2" hai3="36,9,110,64,41,39,33,85,128,23,69,18,8"/><V121/><F113/><W35/><G110/><T10/><D125/><N who="2" m="48234" /><F103/><W24/><G128/><T116/><D123/><N who="2" m="47178" /><F90/><W73/><G73/><T119/><D42/><U94/><E111/><V132/><F60/><W15/><G33/><T87/><D28/><U108/><E29/><N who="2" m="17575" /><F132/><W31/><G31/><T82/><D89/><U56/><E108/><V115/><F115/><W44/><G35/><T62/><D62/><U70/><E107/><V83/><F83/><W32/><G32/><T13/><D82/><U96/><E106/><V54/><F54/><W66/><G66/><T130/><D65/><U75/><E105/><V19/><F19/><W47/><G64/><T49/><D16/><U57/><E7/><V101/><F101/><W77/><G18/><T86/><D116/><U43/><E5/><V50/><F50/><W114/><G114/><T84/><D119/><U45/><E51/><V14/><F14/><W102/><G15/><T112/><D49/><U134/><E134/><V52/><F52/><W40/><G102/><T91/><D112/><U48/><E48/><V67/><F67/><W12/><G12/><T118/><D118/><U61/><E61/><V92/><F92/><W133/><G133/><T34/><D95/><U27/><E94/><V26/><F26/><W3/><G24/><T100/><D100/><U37/><E27/><V74/><AGARI ba="2,0" hai="1,2,74,78,81" m="17575,47178,48234" machi="74" ten="30,11700,0" yaku="18,1,52,3" doraHai="135" who="2" fromWho="2" sc="240,-41,175,-41,337,123,248,-41" /><INIT seed="2,3,0,4,4,12" ten="199,134,460,207" oya="2" hai0="63,123,62,131,115,78,27,50,71,81,108,103,130" hai1="114,47,122,16,79,83,135,45,68,88,112,87,70" hai2="0,121,15,67,4,73,94,33,19,57,3,44,38" hai3="2,64,85,107,9,84,52,36,39,75,14,82,54"/><V29/><F121/><W117/><G117/><T118/><D123/><U96/><E122/><V34/><F73/><W125/><G107/><T105/><D115/><U1/><E1/><V56/><F94/><W80/><G2/><T17/><D108/><U58/><E135/><V127/><F127/><W61/><G125/><T111/><D111/><U11/><E70/><V134/><F134/><W72/><G72/><T13/><D27/><U26/><E68/><V31/><F67/><W91/><G75/><T120/><D120/><U90/><E112/><V100/><F100/><W109/><G39/><T60/><D71/><U35/><E35/><V51/><F38/><W30/><G30/><T41/><D118/><U101/><E114/><V5/><F15/><W46/><G109/><T69/><D69/><U86/><E58/><V93/><F93/><W110/><G110/><T22/><D103/><U28/><E28/><V32/><F32/><W59/><G46/><N who="1" m="17418" /><E86/><V74/><F74/><W55/><G36/><T89/><D105/><U53/><E53/><V76/><F76/><W133/><G133/><T106/><D106/><U23/><E11/><V21/><F44/><W95/><REACH who="3" step="1"/><G84/><REACH who="3" ten="199,134,460,197" step="2"/><N who="0" m="48183" /><D41/><U128/><E128/><V48/><F21/><W6/><AGARI ba="3,1" hai="6,9,14,52,54,55,59,61,64,80,82,85,91,95" machi="6" ten="30,7900,0" yaku="1,1,0,1,8,1,54,1,53,0" doraHai="12" doraHaiUra="92" who="3" fromWho="3" sc="199,-23,134,-23,460,-42,197,98" /><INIT seed="3,0,0,1,5,35" ten="176,111,418,295" oya="3" hai0="102,111,64,57,2,56,73,83,26,129,86,82,47" hai1="135,16,103,41,78,3,123,49,22,117,68,94,92" hai2="108,51,36,7,63,124,50,118,27,84,127,44,97" hai3="34,81,67,80,116,122,0,101,52,96,114,30,48"/><W15/><G114/><T85/><D73/><U87/><E123/><V58/><F118/><W71/><G116/><T54/><D111/><U69/><E117/><V90/><F108/><W21/><G122/><T106/><D129/><U42/><E135/><V6/><F97/><W107/><G0/><T76/><D2/><U131/><E131/><V46/><F27/><W31/><G34/><T128/><D128/><U38/><E38/><V110/><F110/><W100/><G100/><T133/><D133/><U109/><E109/><V14/><F36/><W9/><G67/><T98/><D64/><U32/><E32/><V12/><F127/><W132/><G71/><T40/><D54/><U37/><E37/><V33/><F33/><W95/><G107/><T77/><REACH who="0" step="1"/><D26/><REACH who="0" ten="166,111,418,295" step="2"/><U91/><E3/><V66/><F124/><W18/><G132/><T53/><D53/><U65/><E65/><V115/><F115/><W10/><G10/><T120/><D120/><U17/><E42/><N who="2" m="24855" /><F12/><W61/><G61/><T45/><D45/><U5/><E41/><N who="2" m="25039" /><F14/><W29/><G9/><T112/><D112/><U28/><E69/><V75/><F75/><W121/><G121/><T93/><D93/><AGARI ba="0,1" hai="6,7,58,63,66,84,90,93" m="25039,24855" machi="93" ten="30,1000,0" yaku="8,1" doraHai="35" who="2" fromWho="0" sc="166,-10,111,0,418,20,295,0" /><INIT seed="4,0,0,5,4,97" ten="156,111,438,295" oya="0" hai0="99,108,82,96,80,38,5,27,52,16,132,61,116" hai1="78,20,28,25,30,95,2,32,102,49,100,130,55" hai2="13,109,67,88,31,126,70,90,17,9,103,127,71" hai3="84,39,131,35,75,12,72,85,62,1,56,115,73"/><T24/><D38/><U83/><E130/><V125/><F109/><W129/><G1/><T44/><D116/><U8/><E95/><V66/><F31/><W68/><G35/><T94/><D108/><U64/><E64/><N who="2" m="24619" /><F103/><N who="1" m="39465" /><E32/><V47/><F47/><W89/><G68/><AGARI ba="0,0" hai="9,13,17,68,70,71,88,90,125,126,127" m="24619" machi="68" ten="40,2600,0" yaku="18,1,54,1" doraHai="97" who="2" fromWho="3" sc="156,0,111,0,438,26,295,-26" /><INIT seed="5,0,0,0,5,124" ten="156,111,464,269" oya="1" hai0="75,54,43,123,56,0,29,135,14,107,103,98,69" hai1="30,11,77,111,35,12,58,9,10,65,106,119,117" hai2="122,71,112,20,89,108,18,50,7,92,27,94,125" hai3="118,99,104,95,22,109,24,25,84,74,87,5,28"/><U16/><E106/><V82/><F122/><W63/><G104/><T48/><D0/><U4/><E77/><V132/><F125/><W127/><G109/><T80/><D123/><U131/><E65/><V67/><F132/><W3/><G74/><T114/><D114/><U126/><E58/><V60/><F108/><W70/><G118/><N who="1" m="45066" /><E111/><V17/><F112/><W90/><G127/><T62/><D135/><U19/><E126/><V100/><F7/><W21/><G3/><T101/><D101/><U59/><E59/><V39/><F39/><W110/><G5/><T57/><D69/><U42/><E42/><V45/><F17/><N who="1" m="6729" /><E131/><V64/><F64/><W121/><G121/><T73/><D80/><U72/><E72/><V97/><F82/><W1/><G110/><T116/><D116/><U2/><E2/><V15/><F15/><W78/><G1/><T26/><D14/><U93/><E93/><V51/><F45/><W49/><G78/><T105/><D105/><U91/><E91/><V40/><F40/><W38/><G38/><T79/><D79/><U53/><E53/><V130/><F130/><W34/><G70/><T8/><D43/><U120/><E120/><V13/><F13/><W61/><G90/><T128/><D128/><U102/><E102/><V23/><F23/><W55/><G22/><T52/><D8/><U81/><E81/><V86/><AGARI ba="0,0" hai="18,20,27,50,51,60,67,71,86,89,92,94,97,100" machi="86" ten="20,1500,0" yaku="0,1,7,1" doraHai="124" who="2" fromWho="2" sc="156,-4,111,-7,464,15,269,-4" /><INIT seed="6,0,0,1,5,125" ten="152,104,479,265" oya="2" hai0="87,59,27,112,67,11,81,23,66,30,68,115,0" hai1="128,79,100,8,89,42,118,97,37,15,54,20,94" hai2="88,21,17,60,19,102,3,74,124,62,18,55,22" hai3="73,14,46,109,122,90,78,34,123,95,29,53,75"/><V91/><F124/><W76/><G109/><T135/><D135/><U48/><E118/><V111/><F111/><W65/><G65/><T71/><D11/><U120/><E120/><V10/><F74/><W28/><G14/><T114/><D0/><U33/><E33/><V72/><F72/><W40/><G53/><T43/><D43/><U26/><E79/><V133/><F133/><W131/><G34/><T113/><N who="0" m="28672" /><DORA hai="41" /><T24/><D24/><U61/><E61/><N who="2" m="23659" /><F102/><W130/><G40/><T83/><D83/><U127/><E127/><V86/><F3/><W70/><G95/><T121/><D59/><U99/><E42/><V110/><F110/><W117/><G90/><N who="2" m="34345" /><F10/><W126/><G126/><T84/><D121/><U52/><E37/><V39/><F39/><W16/><G117/><T50/><D71/><U104/><E128/><V32/><F32/><W58/><G70/><T6/><D68/><U38/><E38/><V5/><F5/><W51/><G73/><T49/><D6/><U7/><REACH who="1" step="1"/><E48/><REACH who="1" ten="152,94,479,265" step="2"/><N who="0" m="18537" /><D87/><U103/><E103/><V108/><F86/><W57/><G75/><T105/><D105/><U45/><E45/><V98/><F108/><W69/><G51/><T129/><D129/><U56/><E56/><V82/><F82/><W85/><G69/><T93/><D93/><U9/><E9/><V35/><F35/><W119/><G85/><T106/><D106/><U107/><E107/><V44/><F44/><W116/><G46/><T36/><D36/><U25/><E25/><V63/><F63/><W92/><G92/><T77/><AGARI ba="0,1" hai="23,27,30,66,67,77,81,84" m="18537,28672" machi="77" ten="60,2000,0" yaku="15,1" doraHai="125,41" who="0" fromWho="0" sc="152,30,94,-5,479,-10,265,-5" /><INIT seed="7,0,0,1,1,56" ten="182,89,469,260" oya="3" hai0="105,63,126,2,96,129,61,7,109,21,110,90,99" hai1="86,88,25,67,13,111,52,71,127,50,47,31,38" hai2="57,115,29,8,34,104,39,6,45,36,73,16,33" hai3="54,128,131,118,9,65,15,17,130,48,77,100,80"/><W85/><G118/><T125/><D129/><U91/><E111/><N who="0" m="42505" /><D21/><U37/><E127/><N who="0" m="48649" /><D90/><U12/><E91/><V72/><F104/><W123/><G123/><T0/><D7/><U28/><E71/><V66/><F115/><W94/><G94/><T82/><D82/><U114/><E114/><V119/><F119/><W53/><G100/><N who="0" m="62599" /><D99/><U49/><E67/><V87/><F34/><W98/><G98/><T59/><D59/><U76/><E76/><V64/><F87/><W135/><G135/><T92/><D92/><U134/><E134/><V132/><F132/><W27/><G48/><T44/><D44/><U46/><E38/><V19/><F45/><W120/><G120/><T93/><D93/><U107/><E37/><V20/><F39/><W41/><G41/><T11/><D11/><U30/><E107/><V102/><F36/><W101/><G101/><T43/><D43/><U14/><E25/><V10/><F102/><W103/><G103/><T116/><D116/><U40/><E28/><V106/><F106/><W22/><G27/><T24/><D24/><U124/><E124/><V69/><F72/><W122/><G22/><T89/><D89/><U74/><E74/><V78/><F73/><W26/><G26/><T51/><D51/><U84/><E84/><V55/><F78/><W70/><G122/><T62/><AGARI ba="0,0" hai="0,2,61,62,63" m="62599,48649,42505" machi="62" ten="40,8000,1" yaku="18,1,52,3" doraHai="56" who="0" fromWho="0" sc="182,80,89,-20,469,-20,260,-40" owari="262,6.0,69,-43.0,449,55.0,220,-18.0" /></mjloggm>