<mjloggm ver="2.3"><GO type="169" lobby="0"/><UN n0="%E3%82%A6%E3%83%AB%E3%83%88%E3%83%A9%E7%AB%8B%E7%9B%B4" n1="%E4%B8%AD%E3%81%AE%E4%B8%8A" n2="%E3%83%8B%E3%83%A3%E3%83%83%E3%83%94%E3%83%BC%E5%A4%8F%E7%9B%AE" n3="%E3%81%BE%E3%82%8B%E3%81%9F%E3%82%8D%E3%81%86" dan="17,16,18,17" rate="2210.06,2125.45,2177.91,2145.07" sx="M,M,M,F"/><TAIKYOKU oya="0"/><INIT seed="0,0,0,2,1,66" ten="250,250,250,250" oya="0" hai0="60,33,57,73,132,8,117,118,61,123,115,105,55" hai1="11,47,28,53,56,96,52,69,21,37,38,124,29" hai2="76,85,46,110,84,54,48,122,27,101,90,129,100" hai3="116,62,94,44,88,112,134,36,59,126,15,106,68"/><T4/><D115/><U12/><E124/><V74/><F74/><W14/><G112/><T92/><D105/><U2/><E2/><V58/><F122/><W104/><G116/><T128/><D123/><U120/><E120/><V87/><F110/><W20/><G126/><T109/><D33/><U51/><E69/><V70/><F70/><W81/><G81/><T91/><D73/><U22/><E96/><V113/><F113/><W26/><G134/><T43/><D132/><U63/><E38/><V3/><F3/><W133/><G133/><T97/><D109/><U32/><E37/><V102/><F129/><W45/><G68/><T17/><D128/><U79/><E79/><V89/><F76/><W131/><G106/><T65/><D43/><U119/><E119/><V127/><F127/><W35/><G35/><T83/><D83/><U1/><E1/><V7/><F7/><W39/><G104/><T25/><D4/><N who="1" m="3175" /><E32/><V5/><F5/><W125/><G39/><T121/><D121/><U40/><E40/><N who="2" m="24647" /><F27/><W31/><G131/><T42/><D42/><U41/><E41/><V80/><F80/><W78/><G36/><T18/><D18/><U93/><E93/><V72/><F72/><W0/><G0/><T95/><D95/><U23/><AGARI ba="0,0" hai="21,22,23,28,29,47,51,52,53,56,63" m="3175" machi="23" ten="30,2000,0" yaku="8,1,54,1" doraHai="66" who="1" fromWho="1" sc="250,-10,250,20,250,-5,250,-5" /><INIT seed="1,0,0,2,3,50" ten="240,270,245,245" oya="1" hai0="123,19,36,24,125,85,94,57,16,130,116,15,134" hai1="18,80,12,52,98,127,131,68,39,97,92,117,111" hai2="91,29,133,5,9,105,107,122,34,1,128,17,23" hai3="113,11,14,118,106,132,37,100,73,27,119,13,53"/><U101/><E117/><V75/><F122/><W30/><G113/><T65/><D36/><U76/><E39/><V114/><F114/><W44/><G73/><T66/><D116/><N who="3" m="44585" /><G132/><T104/><D104/><U67/><E131/><V10/><F133/><W56/><G100/><T93/><D134/><U40/><E40/><V121/><F10/><W21/><G106/><T82/><D130/><U78/><E127/><V120/><F75/><W72/><G72/><T108/><D108/><U129/><E129/><V84/><F128/><W90/><G90/><T64/><D125/><U109/><E97/><V115/><F115/><W49/><G11/><N who="0" m="6271" /><D57/><U74/><E76/><V48/><F107/><W25/><G25/><T60/><D60/><U79/><E79/><V33/><F105/><W51/><G37/><T99/><D99/><U81/><E81/><V54/><F121/><W62/><G49/><T124/><D123/><U31/><E111/><V45/><F120/><W102/><G102/><T55/><D124/><U46/><E109/><V59/><F45/><W42/><AGARI ba="0,0" hai="13,14,21,27,30,42,44,51,53,56,62" m="44585" machi="42" ten="30,2000,0" yaku="12,1,52,1" doraHai="50" who="3" fromWho="3" sc="240,-5,270,-10,245,-5,245,20" /><INIT seed="2,0,0,1,1,100" ten="235,260,240,265" oya="2" hai0="63,132,111,87,84,124,71,66,58,89,101,25,10" hai1="135,22,95,72,31,50,7,99,1,82,81,68,123" hai2="14,26,57,122,105,96,46,90,78,60,48,55,59" hai3="65,2,125,12,75,116,93,32,28,19,6,61,76"/><V38/><F122/><W120/><G120/><T109/><D124/><U117/><E123/><V36/><F78/><W13/><G116/><T23/><D132/><U91/><E117/><V104/><F59/><W11/><G125/><T34/><D34/><U0/><E135/><V126/><F126/><W3/><G75/><T33/><D33/><U83/><E68/><V64/><F26/><W107/><G107/><T44/><D101/><U108/><E108/><N who="0" m="41545" /><D10/><U73/><E31/><V29/><F29/><W54/><G76/><T133/><D44/><U21/><E50/><V43/><F14/><W92/><G54/><T127/><D127/><U18/><E7/><V129/><F129/><W106/><G106/><T53/><D89/><U112/><E112/><V27/><F27/><W134/><G134/><T79/><D79/><U113/><E113/><V121/><F121/><W94/><G32/><T130/><D130/><U115/><E115/><V17/><F17/><W47/><G47/><T5/><D5/><U67/><E22/><V49/><F36/><W37/><G37/><T69/><D69/><U85/><E72/><V88/><F38/><W118/><G28/><N who="0" m="17471" /><D133/><U62/><E73/><V24/><F24/><W114/><G114/><T42/><D42/><U45/><E45/><N who="2" m="28079" /><F90/><W35/><G35/><T98/><D98/><U30/><E30/><V119/><F119/><W20/><REACH who="3" step="1"/><G118/><REACH who="3" ten="235,260,240,255" step="2"/><T110/><D110/><U51/><E67/><V103/><F105/><W97/><G97/><T40/><D40/><U9/><E99/><V86/><F86/><N who="0" m="32810" /><D66/><U102/><E85/><V52/><F64/><RYUUKYOKU ba="0,1" sc="235,10,260,-30,240,10,255,10" hai0="53,58,63,71" hai2="43,46,48,52,57,60,88,96,103,104" hai3="2,3,6,11,12,13,19,20,61,65,92,93,94" /><INIT seed="2,1,1,5,3,2" ten="245,230,250,265" oya="2" hai0="73,95,83,6,55,122,94,112,34,61,93,89,41" hai1="36,85,31,126,124,24,103,32,69,107,120,10,64" hai2="135,105,65,0,113,30,77,91,92,28,20,48,90" hai3="26,1,70,58,3,53,42,81,98,104,132,56,79"/><V111/><F105/><W35/><G70/><T118/><D34/><U51/><E36/><V17/><F113/><W49/><G132/><T38/><D112/><U84/><E120/><V12/><F0/><W80/><G42/><T100/><D122/><U101/><E51/><V19/><F135/><W109/><G109/><T134/><D134/><U60/><E10/><V15/><F65/><W11/><G80/><T128/><D128/><U7/><E7/><V59/><F77/><W68/><G68/><T76/><D100/><N who="1" m="38475" /><E107/><V106/><F106/><W63/><G98/><T87/><D6/><U29/><E29/><V97/><F91/><W74/><G104/><T18/><D118/><U72/><E72/><V88/><F90/><W57/><G57/><T40/><D18/><U129/><E129/><V33/><F33/><W116/><G116/><T125/><D38/><U99/><E99/><V37/><F37/><W75/><G75/><T110/><D110/><U27/><E27/><V102/><F102/><W67/><G35/><T114/><D114/><U16/><E16/><V4/><F111/><W117/><G117/><T108/><D108/><U71/><E71/><V5/><F30/><W54/><G67/><T9/><D73/><U22/><E32/><V52/><F28/><W14/><REACH who="3" step="1"/><G26/><REACH who="3" ten="245,230,250,255" step="2"/><T123/><D123/><U23/><E24/><V96/><REACH who="2" step="1"/><F97/><REACH who="2" ten="245,230,240,255" step="2"/><W82/><G82/><T119/><D83/><U115/><E115/><V25/><F25/><W8/><G8/><AGARI ba="1,3" hai="4,5,8,12,15,17,19,20,48,52,59,88,92,96" machi="8" ten="30,24000,3" yaku="1,1,7,1,8,1,52,2,54,2,53,1" doraHai="2" doraHaiUra="44" who="2" fromWho="3" sc="245,0,230,0,240,273,255,-243" /><INIT seed="2,2,0,2,5,71" ten="245,230,513,12" oya="2" hai0="121,78,110,22,76,23,130,122,108,99,62,19,89" hai1="43,109,36,120,8,68,28,54,3,83,35,31,24" hai2="85,128,135,103,65,134,123,33,14,115,32,107,126" hai3="114,87,13,73,15,132,80,49,67,56,101,58,17"/><V18/><F115/><W29/><G73/><T7/><D7/><N who="1" m="1151" /><E54/><V112/><F112/><W105/><G114/><T21/><D19/><U74/><E31/><V25/><F123/><N who="0" m="47114" /><D62/><U37/><E120/><V55/><F128/><W51/><G132/><N who="2" m="50729" /><F126/><W48/><G29/><T39/><D39/><N who="1" m="14923" /><E43/><V38/><F65/><W30/><G30/><T133/><D133/><U97/><E97/><N who="2" m="61935" /><F38/><W40/><G40/><T79/><D130/><U52/><E52/><V84/><F55/><W44/><G44/><T102/><D89/><U113/><E113/><V91/><F25/><W75/><G75/><T45/><D45/><U69/><E109/><N who="0" m="42089" /><D99/><U60/><E60/><V127/><F84/><W125/><G125/><T100/><AGARI ba="2,0" hai="21,22,23,76,78,79,100,102" m="42089,47114" machi="100" ten="40,5200,0" yaku="28,2,14,1" doraHai="71" who="0" fromWho="0" sc="245,58,230,-15,513,-28,12,-15" owari="303,10.0,215,-18.0,485,58.0,-3,-50.0" /></mjloggm>