<mjloggm ver="2.3"><GO type="169" lobby="0"/><UN n0="%68%69%70%64%63%61%73%68" n1="%E6%98%9F%E9%99%8D%E3%82%8B%E8%A1%97" n2="%EF%BC%BA%EF%BC%A5%EF%BC%B2%EF%BC%AF%EF%BC%8D%EF%BC%AD%EF%BC%A1%EF%BC%B8" n3="%E3%83%88%E3%83%88%E3%83%AA%E5%85%88%E7%94%9F%31%39%E6%AD%B3" dan="17,17,16,18" rate="2166.17,2114.04,2049.45,2220.03" sx="M,F,M,F"/><TAIKYOKU oya="0"/><INIT seed="0,0,0,3,3,53" ten="250,250,250,250" oya="0" hai0="27,125,102,6,70,84,74,107,0,42,127,83,43" hai1="78,37,105,99,80,92,30,95,31,52,134,10,39" hai2="46,21,82,87,23,28,26,62,29,35,32,48,109" hai3="119,117,64,115,135,13,118,75,38,24,56,88,40"/><T129/><D74/><U60/><E105/><V4/><F109/><W72/><G115/><T12/><D0/><U33/><E134/><V124/><F124/><N who="0" m="47690" /><D70/><U96/><E33/><V130/><F130/><W58/><G135/><T41/><D129/><U8/><E80/><V49/><F4/><W100/><G100/><T47/><D27/><U44/><E60/><V73/><F73/><W104/><G104/><T131/><D131/><U133/><E133/><V86/><F62/><W19/><G24/><T128/><D128/><U77/><E44/><V114/><F82/><W108/><G108/><T66/><D66/><U17/><E17/><V89/><F89/><W103/><G103/><T54/><D102/><U55/><AGARI ba="0,0" hai="8,10,30,31,37,39,52,55,77,78,92,95,96,99" machi="55" ten="25,6400,0" yaku="0,1,22,2,54,1" doraHai="53" who="1" fromWho="1" sc="250,-32,250,64,250,-16,250,-16" /><INIT seed="1,0,0,2,0,125" ten="218,314,234,234" oya="1" hai0="61,3,33,81,105,90,7,45,17,22,69,54,26" hai1="94,25,13,88,50,24,114,41,80,0,14,82,83" hai2="79,18,100,1,47,126,65,99,15,84,48,34,28" hai3="39,119,42,46,53,86,40,5,131,110,29,36,11"/><U49/><E0/><V16/><F1/><W98/><G110/><T106/><D33/><U97/><E114/><V64/><F28/><W128/><G119/><T62/><D62/><U121/><E121/><V43/><F34/><W113/><G113/><T70/><D70/><U12/><REACH who="1" step="1"/><E41/><REACH who="1" ten="218,304,234,234" step="2"/><V124/><F124/><W78/><G42/><T134/><D3/><U63/><E63/><V89/><F126/><W74/><G40/><T95/><D61/><U2/><E2/><V67/><F15/><W101/><G39/><T87/><D26/><AGARI ba="0,1" hai="12,13,14,24,25,26,49,50,80,82,83,88,94,97" machi="26" ten="40,7700,0" yaku="1,1,8,1,54,1,53,0" doraHai="125" doraHaiUra="96" who="1" fromWho="0" sc="218,-77,304,87,234,0,234,0" /><INIT seed="1,1,0,3,2,135" ten="141,391,234,234" oya="1" hai0="109,71,24,83,124,94,130,114,19,66,76,97,7" hai1="44,107,86,15,82,25,87,49,80,1,52,101,131" hai2="72,79,128,12,121,77,106,100,23,65,103,60,35" hai3="99,28,81,125,104,110,50,16,21,4,134,29,58"/><U126/><E1/><V61/><F121/><W132/><G110/><T47/><D109/><U14/><E131/><V3/><F3/><W111/><G111/><T116/><D116/><U51/><E101/><N who="2" m="38987" /><F35/><W18/><G99/><T129/><D114/><U13/><E107/><V38/><F38/><W26/><G104/><T43/><D7/><U102/><E102/><V123/><F123/><W30/><G81/><N who="1" m="31338" /><E126/><V93/><F106/><W17/><G125/><T75/><D124/><U45/><E25/><V5/><F72/><W127/><G127/><T70/><D129/><U78/><E78/><V115/><F115/><W112/><G112/><T22/><D130/><U10/><E10/><V73/><F73/><W88/><G88/><T33/><D33/><U64/><E64/><V69/><F128/><W53/><REACH who="3" step="1"/><G4/><REACH who="3" ten="141,391,234,224" step="2"/><T42/><D97/><U122/><E122/><V119/><F5/><W91/><G91/><T98/><D98/><U89/><E89/><V37/><F119/><W95/><G95/><T2/><D94/><U11/><E11/><V32/><F93/><W118/><G118/><T55/><D76/><U56/><E56/><V36/><F79/><W59/><G59/><T39/><D71/><U62/><E62/><V92/><F61/><W40/><G40/><AGARI ba="1,1" hai="13,14,15,40,44,45,49,51,52,86,87" m="31338" machi="40" ten="30,2900,0" yaku="8,1,54,1" doraHai="135" who="1" fromWho="3" sc="141,0,391,42,234,0,224,-32" /><INIT seed="1,2,0,0,5,120" ten="141,433,234,192" oya="1" hai0="108,83,118,96,55,58,21,11,31,102,77,20,54" hai1="6,12,66,35,104,42,91,131,130,10,92,123,133" hai2="22,19,25,43,94,4,41,38,16,18,81,7,98" hai3="126,59,69,78,132,39,40,124,8,84,129,99,60"/><U27/><E104/><V76/><F38/><W121/><G121/><T51/><D118/><U125/><E123/><V80/><F80/><N who="3" m="47127" /><G69/><T14/><D31/><N who="1" m="19967" /><E66/><V100/><F81/><W15/><G99/><T112/><D112/><U30/><E30/><N who="2" m="17719" /><F76/><W50/><G39/><T79/><D79/><U107/><E107/><V0/><F0/><W65/><G129/><N who="1" m="49162" /><E42/><AGARI ba="2,0" hai="4,7,16,18,19,41,42,43,94,98,100" m="17719" machi="42" ten="30,2000,0" yaku="8,1,54,1" doraHai="120" who="2" fromWho="1" sc="141,0,433,-26,234,26,192,0" /><INIT seed="2,0,0,5,2,133" ten="141,407,260,192" oya="2" hai0="50,97,88,68,43,107,126,109,113,5,47,105,6" hai1="69,82,54,108,71,42,22,81,58,7,4,110,60" hai2="24,44,77,20,135,100,62,78,123,117,29,3,84" hai3="21,121,51,91,34,8,28,66,38,0,87,94,120"/><V131/><F123/><W45/><G38/><T1/><D113/><U31/><E42/><V116/><F3/><W52/><G34/><T98/><D109/><N who="1" m="42091" /><E31/><V11/><F135/><W119/><G119/><T37/><D37/><U33/><E33/><V46/><F131/><W48/><G66/><T72/><D72/><U103/><E103/><V30/><F100/><W86/><G86/><T114/><D114/><U130/><E22/><V65/><F29/><W56/><G0/><T134/><D134/><U55/><E55/><V2/><F116/><W25/><REACH who="3" step="1"/><G8/><REACH who="3" ten="141,407,260,182" step="2"/><T122/><D1/><U73/><E130/><V10/><F2/><W39/><G39/><T83/><D122/><U36/><E36/><V127/><F11/><W67/><G67/><T92/><D68/><N who="1" m="26187" /><E73/><V115/><F10/><W102/><G102/><T64/><D64/><U129/><E129/><V112/><F65/><W74/><G74/><T101/><D101/><U118/><E118/><V90/><F117/><W53/><AGARI ba="0,1" hai="21,25,28,45,48,51,52,53,56,87,91,94,120,121" machi="53" ten="20,5200,0" yaku="1,1,0,1,7,1,54,1,53,0" doraHai="133" doraHaiUra="124" who="3" fromWho="3" sc="141,-13,407,-13,260,-26,182,62" /><INIT seed="3,0,0,5,3,55" ten="128,394,234,244" oya="3" hai0="58,129,11,15,106,126,49,89,10,75,122,112,45" hai1="22,50,68,80,78,43,131,2,12,19,107,76,130" hai2="60,25,84,132,123,66,17,20,40,27,54,98,111" hai3="4,119,70,14,135,86,52,100,81,39,9,38,73"/><W96/><G119/><T5/><D122/><U99/><E68/><V53/><F111/><W108/><G70/><T61/><D106/><U47/><E2/><V128/><F123/><W62/><G73/><T118/><D118/><U92/><E107/><V110/><F110/><W63/><G135/><T13/><D75/><U74/><REACH who="1" step="1"/><E76/><REACH who="1" ten="128,384,234,244" step="2"/><V36/><F132/><W82/><G108/><T32/><D112/><U114/><E114/><V29/><F128/><W72/><G72/><T115/><D129/><U83/><E83/><V113/><F113/><W64/><G82/><T33/><D115/><U88/><AGARI ba="0,1" hai="12,19,22,43,47,50,74,78,80,88,92,99,130,131" machi="88" ten="30,4000,0" yaku="1,1,0,1,54,1,53,0" doraHai="55" doraHaiUra="1" who="1" fromWho="1" sc="128,-10,384,50,234,-10,244,-20" /><INIT seed="4,0,0,2,1,39" ten="118,434,224,224" oya="0" hai0="132,41,100,92,104,47,88,129,1,117,134,96,49" hai1="3,9,63,99,69,130,30,66,115,72,112,2,68" hai2="131,125,53,120,52,102,67,61,59,51,65,64,74" hai3="6,31,17,33,40,43,12,82,14,27,11,71,21"/><T34/><D117/><U127/><E127/><V13/><F74/><W10/><G71/><T54/><D129/><U93/><E130/><V18/><F131/><W25/><REACH who="3" step="1"/><G82/><REACH who="3" ten="118,434,224,214" step="2"/><T78/><D1/><U95/><E69/><V126/><F120/><W91/><G91/><T5/><D78/><U123/><E2/><V48/><F102/><W56/><G56/><T36/><D34/><U105/><E3/><V7/><F61/><W121/><G121/><T77/><D77/><U57/><E63/><V4/><F125/><W75/><G75/><T107/><D5/><AGARI ba="0,1" hai="5,6,10,11,12,14,17,21,25,27,31,33,40,43" machi="5" ten="30,8000,1" yaku="1,1,7,1,9,1,52,2,53,0" doraHai="39" doraHaiUra="111" who="3" fromWho="0" sc="118,-80,434,0,224,0,214,90" /><INIT seed="5,0,0,0,1,122" ten="38,434,224,304" oya="1" hai0="51,0,92,34,48,132,68,125,114,12,65,41,113" hai1="66,112,129,37,107,72,93,42,52,56,64,43,26" hai2="32,127,61,117,89,6,115,22,109,9,118,30,58" hai3="44,25,59,55,19,2,8,120,108,54,91,82,121"/><U49/><E107/><V31/><F32/><W15/><G108/><T5/><D0/><U134/><E72/><V81/><F109/><W71/><G71/><T47/><D34/><U80/><E112/><V76/><F89/><W33/><G2/><T62/><D125/><U50/><E129/><V101/><F101/><W133/><G133/><T84/><D132/><U36/><E80/><V130/><F130/><W69/><G69/><T88/><D51/><N who="1" m="19467" /><E93/><V79/><F127/><W128/><G128/><T45/><D47/><U40/><E26/><V78/><F81/><W75/><G44/><T67/><D65/><N who="1" m="25195" /><E134/><V24/><F31/><W135/><G135/><T7/><REACH who="0" step="1"/><D12/><REACH who="0" ten="28,434,224,304" step="2"/><U104/><E104/><V21/><F115/><AGARI ba="0,1" hai="5,7,41,45,48,62,67,68,84,88,92,113,114,115" machi="115" ten="40,8000,1" yaku="1,1,2,1,15,1,54,1,53,0" doraHai="122" doraHaiUra="35" who="0" fromWho="2" sc="28,90,434,0,224,-80,304,0" /><INIT seed="6,0,0,1,2,98" ten="118,434,144,304" oya="2" hai0="55,85,126,6,63,7,34,15,59,109,120,0,21" hai1="26,16,73,100,128,99,76,84,60,101,54,95,123" hai2="105,114,9,10,25,117,94,124,67,122,24,40,13" hai3="19,132,107,91,18,90,35,115,110,37,129,82,97"/><V130/><F122/><W70/><G110/><T87/><D109/><U65/><E73/><V8/><F117/><W64/><G37/><T36/><D120/><U43/><E43/><V4/><F105/><W38/><G38/><T48/><D126/><U20/><E123/><V79/><F124/><W135/><G35/><T57/><D36/><U32/><E32/><V45/><F114/><W1/><G1/><T72/><D72/><U27/><E128/><V14/><F130/><W52/><G129/><T44/><D34/><U42/><E42/><V88/><F67/><W134/><G115/><T96/><D96/><U92/><E54/><V80/><F45/><W41/><G41/><T111/><D111/><U74/><E74/><V127/><F40/><W69/><G52/><T11/><D59/><N who="1" m="37023" /><E76/><V50/><F50/><W116/><G116/><T56/><D56/><U3/><E3/><V58/><F58/><W133/><G133/><T113/><D113/><U78/><E78/><V33/><F127/><W102/><G82/><T47/><D47/><U51/><E51/><V119/><F33/><W68/><G64/><T30/><D6/><U77/><E27/><N who="2" m="10315" /><F4/><W93/><G107/><T131/><D131/><U28/><E28/><V81/><F119/><W104/><G104/><T5/><D5/><U108/><E108/><V71/><F71/><W53/><G53/><N who="0" m="34223" /><D0/><U89/><E77/><V103/><F103/><AGARI ba="0,0" hai="16,20,26,84,89,92,95,99,100,101,103" m="37023" machi="103" ten="30,8000,1" yaku="8,1,52,3,54,1" doraHai="98" who="1" fromWho="2" sc="118,0,434,80,144,-80,304,0" /><INIT seed="7,0,0,1,2,49" ten="118,514,64,304" oya="3" hai0="119,54,16,93,76,3,117,86,120,102,7,110,64" hai1="67,15,56,27,14,74,114,109,132,91,17,97,66" hai2="44,78,65,126,6,88,105,41,87,80,73,96,20" hai3="62,63,24,42,85,40,9,116,131,77,79,50,70"/><W94/><G116/><T121/><D54/><U33/><E74/><V135/><F135/><W5/><G131/><T10/><D64/><U95/><E109/><V90/><F126/><W32/><G32/><T57/><D57/><U18/><E33/><V12/><F65/><N who="1" m="24585" /><E132/><V31/><F6/><W58/><G70/><T13/><D76/><N who="3" m="29257" /><G24/><T69/><D69/><U124/><E124/><V130/><F130/><W75/><G75/><T43/><D43/><N who="3" m="16425" /><G9/><T60/><D110/><U35/><E35/><V82/><F31/><W48/><G5/><T107/><D117/><U37/><E37/><V45/><F41/><W104/><G104/><T38/><D119/><U39/><E39/><V51/><F51/><N who="3" m="19499" /><G58/><T98/><D7/><U101/><E27/><V1/><F1/><W81/><G94/><T112/><D93/><U61/><E15/><V11/><F20/><W89/><AGARI ba="0,0" hai="62,63,81,85,89" m="19499,16425,29257" machi="89" ten="30,1500,0" yaku="8,1" doraHai="49" who="3" fromWho="3" sc="118,-5,514,-5,64,-5,304,15" /><INIT seed="7,1,0,2,4,16" ten="113,509,59,319" oya="3" hai0="33,122,71,101,7,120,48,63,19,99,54,47,29" hai1="128,5,35,17,125,131,52,96,56,59,94,18,88" hai2="62,10,97,132,67,20,89,103,86,110,93,12,135" hai3="126,28,21,115,80,30,69,38,116,0,70,42,95"/><W46/><G116/><T50/><D19/><N who="1" m="7179" /><E35/><V133/><F110/><W114/><G0/><T82/><D7/><U27/><E27/><V123/><F123/><W65/><G126/><T8/><D82/><U11/><E52/><V104/><F20/><W41/><G80/><T85/><D85/><U40/><E40/><V87/><F12/><W13/><G13/><T36/><D8/><U22/><E22/><V60/><F10/><W77/><G77/><T37/><D50/><U112/><E112/><N who="3" m="43050" /><G41/><T75/><D75/><U2/><E125/><V90/><REACH who="2" step="1"/><F67/><REACH who="2" ten="113,509,49,319" step="2"/><W129/><G129/><AGARI ba="1,1" hai="2,5,11,56,59,88,94,96,128,129,131" m="7179" machi="129" ten="30,2000,0" yaku="19,1,54,1" doraHai="16" who="1" fromWho="3" sc="113,0,509,33,49,0,319,-23" owari="113,-29.0,542,64.0,49,-45.0,296,10.0" /></mjloggm>