<mjloggm ver="2.3"><GO type="169" lobby="0"/><UN n0="%61%71%75%61%72%69%75%73" n1="%E3%82%A6%E3%83%AB%E3%83%88%E3%83%A9%E7%AB%8B%E7%9B%B4" n2="%E7%AB%8B%E8%8F%AF%E5%A5%8F" n3="%77%69%6E%65" dan="16,18,16,17" rate="2061.85,2225.44,2160.33,2165.82" sx="M,M,F,M"/><TAIKYOKU oya="0"/><INIT seed="0,0,0,1,5,67" ten="250,250,250,250" oya="0" hai0="65,110,92,13,106,59,14,17,76,38,127,71,78" hai1="54,50,95,64,9,100,102,129,21,23,55,33,133" hai2="41,117,34,87,108,128,10,58,72,24,18,42,97" hai3="105,51,31,116,74,40,37,107,113,130,82,114,118"/><T120/><D106/><U119/><E33/><V124/><F108/><W1/><G51/><T57/><D38/><U94/><E119/><V49/><F117/><W134/><G31/><T73/><D120/><U112/><E64/><V84/><F72/><W62/><G62/><N who="0" m="40375" /><D92/><U35/><E35/><V79/><F79/><N who="0" m="30250" /><D14/><U80/><E50/><V47/><F41/><W77/><G1/><T7/><D7/><U48/><E48/><V0/><F97/><W81/><G77/><T2/><D2/><U69/><E9/><V115/><F115/><W101/><G40/><T27/><D27/><U63/><E63/><V3/><F3/><W121/><G37/><T19/><D19/><U30/><E30/><V16/><F58/><W45/><G45/><T70/><D73/><U98/><E98/><V99/><F99/><W75/><G121/><T123/><D123/><U46/><E46/><V29/><F47/><W89/><G89/><T83/><D83/><U96/><E96/><V25/><F0/><W12/><G101/><T132/><D70/><U28/><E69/><V68/><F68/><W109/><G12/><T85/><D85/><U26/><E26/><V88/><F84/><W61/><G75/><T104/><D104/><U53/><E28/><V43/><F87/><W93/><G74/><T20/><D20/><U103/><E112/><V86/><F29/><W56/><G114/><T131/><D131/><U5/><E129/><V125/><F128/><W4/><G113/><T122/><D122/><U39/><E39/><V44/><F86/><W15/><G130/><T11/><D110/><RYUUKYOKU ba="0,0" sc="250,0,250,0,250,0,250,0" /><INIT seed="1,1,0,0,4,9" ten="250,250,250,250" oya="1" hai0="93,100,50,13,108,3,70,126,79,35,92,75,90" hai1="118,1,53,38,29,107,31,113,57,106,5,127,94" hai2="25,121,69,47,46,88,0,128,103,33,73,67,98" hai3="63,2,60,54,71,89,14,133,59,80,22,84,18"/><U48/><E118/><V85/><F73/><W122/><G122/><T43/><D3/><U7/><E113/><V65/><F0/><W42/><G2/><T39/><D70/><U17/><E127/><V96/><F121/><W68/><G133/><T28/><D126/><U26/><E38/><V135/><F135/><W86/><G42/><T52/><D108/><U77/><E1/><V83/><F128/><W32/><G32/><T19/><D75/><U12/><E77/><V125/><F125/><W34/><G34/><T8/><D79/><U102/><E106/><V111/><F111/><W101/><G101/><T11/><D39/><U41/><E41/><V20/><F33/><W51/><G71/><T27/><D43/><U74/><E107/><V72/><F72/><W81/><REACH who="3" step="1"/><G68/><REACH who="3" ten="250,250,250,240" step="2"/><T61/><D100/><U123/><E123/><V55/><F69/><W109/><G109/><T99/><D93/><U78/><E94/><V44/><F103/><W124/><G124/><T30/><D61/><U105/><E102/><V131/><F131/><W114/><G114/><T119/><D119/><U110/><E105/><V132/><F132/><W104/><G104/><T129/><D129/><U82/><E110/><V10/><F98/><W66/><G66/><T120/><D120/><U116/><E116/><V56/><F96/><W45/><G45/><N who="0" m="27727" /><D35/><N who="1" m="20919" /><E31/><N who="2" m="17831" /><F67/><W40/><G40/><T91/><D30/><U15/><E48/><N who="2" m="30823" /><F65/><W23/><G23/><N who="0" m="15487" /><D11/><AGARI ba="1,1" hai="10,11,44,46,47,83,85,88" m="30823,17831" machi="11" ten="30,2000,0" yaku="8,1,54,1" doraHai="9" who="2" fromWho="0" sc="250,-23,250,0,250,33,240,0" /><INIT seed="2,0,0,4,0,76" ten="227,250,283,240" oya="2" hai0="37,32,81,1,114,52,56,31,130,95,47,3,97" hai1="86,70,100,27,23,68,92,103,121,17,75,26,38" hai2="25,80,2,15,11,99,123,65,35,115,132,28,22" hai3="78,45,67,79,20,24,46,84,9,58,109,124,21"/><V82/><F115/><W126/><G9/><T108/><D130/><U5/><E75/><V118/><F118/><W77/><G109/><T43/><D108/><U42/><E121/><V134/><F123/><W39/><G84/><T93/><D114/><U131/><E131/><V101/><F65/><W87/><G87/><T12/><D12/><U122/><E122/><V104/><F2/><W4/><G4/><T8/><D32/><U119/><E5/><V49/><F49/><W0/><G0/><T54/><D31/><U61/><E68/><V16/><REACH who="2" step="1"/><F35/><REACH who="2" ten="227,250,273,240" step="2"/><W53/><G67/><T83/><D3/><U91/><E119/><V125/><F125/><W62/><G126/><T33/><D33/><U96/><E38/><V94/><F94/><W57/><G39/><T129/><D95/><U88/><E70/><V29/><F29/><W116/><G124/><T48/><D129/><U102/><E61/><V74/><F74/><W85/><G116/><T135/><D135/><AGARI ba="0,1" hai="11,15,16,22,25,28,80,82,99,101,104,132,134,135" machi="135" ten="40,12000,1" yaku="1,1,20,1,52,2,54,1,53,0" doraHai="76" doraHaiUra="111" who="2" fromWho="0" sc="227,-120,250,0,273,130,240,0" /><INIT seed="2,1,0,1,3,87" ten="107,250,403,240" oya="2" hai0="113,89,74,77,35,109,15,25,120,135,118,36,29" hai1="106,97,117,18,104,45,85,48,6,24,72,121,41" hai2="128,65,0,102,12,42,53,123,76,14,43,64,3" hai3="84,111,69,31,70,119,80,56,103,60,81,129,39"/><V21/><F128/><W38/><G119/><T83/><D120/><U52/><E72/><V20/><F102/><W33/><G129/><T108/><D113/><U8/><E117/><V115/><F76/><W110/><G103/><T94/><D36/><U58/><E97/><V79/><F79/><W7/><G7/><T67/><D118/><U49/><E121/><V101/><F101/><W105/><G105/><T92/><D92/><U88/><E18/><V22/><F123/><W47/><G80/><T112/><D112/><U133/><E24/><V114/><F21/><W132/><G132/><T127/><D67/><U96/><E96/><V78/><F78/><W61/><G61/><T17/><D135/><U91/><E133/><V11/><F11/><W131/><G31/><T54/><D54/><AGARI ba="1,0" hai="0,3,12,14,20,22,42,43,53,54,64,65,114,115" machi="54" ten="25,2400,0" yaku="22,2" doraHai="87" who="2" fromWho="0" sc="107,-27,250,0,403,27,240,0" /><INIT seed="2,2,0,0,5,134" ten="80,250,430,240" oya="2" hai0="128,63,10,72,74,14,67,102,99,101,65,43,62" hai1="125,16,124,71,92,106,5,80,36,46,88,27,8" hai2="9,82,121,4,76,1,90,115,97,75,49,113,89" hai3="3,31,37,47,122,60,24,69,83,78,94,21,57"/><V86/><F121/><W79/><G3/><T64/><D43/><U108/><E71/><V15/><F1/><W30/><G122/><T53/><D128/><U18/><E106/><V120/><F120/><W73/><G69/><T127/><D53/><U48/><E80/><V117/><F117/><W34/><G79/><T20/><D20/><U33/><E36/><V130/><F130/><W22/><G31/><T85/><D85/><U50/><E33/><V25/><F25/><W107/><G107/><T59/><D59/><U35/><E35/><V29/><F29/><W51/><G94/><T26/><D26/><U45/><E108/><V87/><F97/><W13/><G37/><T68/><D68/><U28/><E28/><V54/><F75/><W55/><REACH who="3" step="1"/><G13/><REACH who="3" ten="80,250,430,230" step="2"/><T77/><D14/><N who="1" m="5391" /><E27/><V104/><F104/><W58/><G58/><T19/><D77/><U105/><E105/><V17/><F76/><W129/><G129/><T32/><D74/><U93/><E93/><V66/><F115/><W119/><G119/><T91/><D72/><U2/><E2/><V12/><F113/><W135/><G135/><T96/><D67/><AGARI ba="2,1" hai="21,22,24,30,34,47,51,55,57,60,67,73,78,83" machi="67" ten="30,2000,0" yaku="1,1,7,1,53,0" doraHai="134" doraHaiUra="118" who="3" fromWho="0" sc="80,-26,250,0,430,0,230,36" /><INIT seed="3,0,0,0,5,108" ten="54,250,430,266" oya="3" hai0="68,133,71,0,93,131,113,41,28,21,117,23,80" hai1="99,2,47,54,102,48,36,111,67,75,125,107,130" hai2="10,122,49,25,30,40,33,74,92,57,126,13,127" hai3="22,44,26,134,50,55,61,65,86,114,63,5,104"/><W132/><G104/><T9/><D41/><U66/><E111/><V100/><F74/><W96/><G96/><T34/><D93/><U3/><E125/><N who="2" m="47627" /><F122/><W103/><G103/><T11/><D80/><U16/><E130/><V90/><F100/><W46/><G5/><T115/><D71/><U121/><E121/><V15/><F10/><N who="0" m="3594" /><D68/><U91/><E36/><V79/><F79/><W62/><G86/><T38/><D38/><U59/><E75/><V19/><F19/><W12/><G12/><T60/><D60/><U39/><E91/><V37/><F37/><W129/><G129/><T85/><D85/><U106/><E106/><V27/><F27/><W53/><G114/><N who="0" m="43531" /><D117/><U24/><E39/><V112/><F112/><W76/><G76/><T88/><D88/><U18/><E107/><V119/><F119/><W14/><G65/><T84/><D84/><U95/><E67/><V135/><F40/><W32/><G62/><T45/><D45/><U42/><E66/><V120/><F120/><W72/><G72/><T116/><D116/><U118/><E118/><V78/><F78/><W70/><G70/><T4/><D133/><N who="3" m="51305" /><G46/><T31/><D131/><U29/><E47/><V8/><F135/><W123/><G123/><T109/><D109/><U64/><E64/><V83/><F83/><W51/><G55/><T73/><D73/><U17/><E42/><V89/><F89/><W69/><G69/><T128/><D128/><U82/><E82/><V81/><F90/><W56/><G63/><T6/><D0/><U124/><E124/><V98/><F81/><W97/><G44/><RYUUKYOKU ba="0,0" sc="54,-10,250,30,430,-10,266,-10" hai1="2,3,16,17,18,24,29,48,54,59,95,99,102" /><INIT seed="4,1,0,0,5,26" ten="44,280,420,256" oya="0" hai0="44,56,46,111,55,17,124,6,36,29,134,119,101" hai1="37,5,41,78,108,76,13,58,63,42,109,14,79" hai2="16,48,84,9,66,97,130,91,131,82,8,59,39" hai3="52,2,93,106,75,112,30,22,4,1,77,100,10"/><T118/><D6/><U113/><E113/><V105/><F39/><W53/><G106/><T21/><D101/><U33/><E33/><V54/><F66/><W25/><G2/><T86/><D134/><U73/><E73/><V57/><F57/><W115/><G77/><T49/><D124/><U129/><E129/><N who="2" m="49163" /><F16/><W19/><G75/><T87/><D111/><U24/><E79/><V68/><F68/><W133/><G133/><T95/><D118/><U114/><E14/><V88/><F91/><W32/><G93/><T122/><D119/><U71/><E42/><V103/><AGARI ba="1,0" hai="8,9,48,54,59,82,84,88,97,103,105" m="49163" machi="103" ten="30,2000,0" yaku="19,1,54,1" doraHai="26" who="2" fromWho="2" sc="44,-11,280,-6,420,23,256,-6" /><INIT seed="5,0,0,1,3,38" ten="33,274,443,250" oya="1" hai0="44,48,95,30,103,49,79,65,84,91,101,133,114" hai1="14,20,128,110,5,122,13,8,53,60,19,75,131" hai2="120,21,129,124,35,76,87,9,25,86,118,47,100" hai3="72,107,29,106,51,40,134,92,99,10,34,127,130"/><U113/><E75/><V11/><F35/><W94/><G72/><T59/><D114/><U109/><E60/><V1/><F118/><W31/><G127/><T45/><D133/><U78/><E53/><V57/><F124/><W24/><G130/><N who="1" m="49706" /><E78/><V33/><F33/><W125/><G125/><T108/><D108/><N who="1" m="41579" /><E122/><V46/><F129/><W111/><G134/><T27/><D79/><U96/><E96/><V26/><F120/><W7/><G111/><T102/><D65/><U16/><E19/><V63/><F100/><W135/><G135/><T73/><D73/><U54/><E54/><V42/><F76/><W70/><G99/><T55/><REACH who="0" step="1"/><D49/><REACH who="0" ten="23,274,443,250" step="2"/><U36/><E36/><V83/><F63/><W85/><G51/><T77/><D77/><U32/><E32/><AGARI ba="0,1" hai="27,30,32,44,45,48,55,59,84,91,95,101,102,103" machi="32" ten="40,1300,0" yaku="1,1,53,0" doraHai="38" doraHaiUra="4" who="0" fromWho="1" sc="23,23,274,-13,443,0,250,0" /><INIT seed="6,0,0,1,4,9" ten="46,261,443,250" oya="2" hai0="72,95,23,8,69,88,0,59,96,76,20,1,106" hai1="126,77,14,24,56,49,47,75,60,79,117,21,54" hai2="89,5,129,116,99,114,58,110,113,101,2,28,104" hai3="122,27,127,108,33,102,135,31,70,7,73,115,109"/><V74/><F28/><W132/><G122/><T125/><D69/><U124/><E117/><V71/><F71/><W86/><G73/><T10/><D59/><U3/><E3/><V64/><F116/><W66/><G127/><N who="1" m="48682" /><E14/><V12/><F2/><W68/><G7/><T22/><D125/><U57/><E75/><V30/><F30/><W103/><G115/><N who="2" m="44041" /><F74/><W130/><G130/><T65/><D65/><N who="1" m="39047" /><E47/><V107/><F129/><W29/><G86/><T13/><D10/><U34/><E34/><V67/><F110/><W4/><G4/><T45/><D45/><U55/><E55/><V133/><F133/><N who="3" m="51275" /><G31/><AGARI ba="0,0" hai="21,24,31,49,54,57,77,79" m="39047,48682" machi="31" ten="30,1000,0" yaku="18,1" doraHai="9" who="1" fromWho="3" sc="46,0,261,10,443,0,250,-10" /><INIT seed="7,0,0,1,1,135" ten="46,271,443,240" oya="3" hai0="82,54,32,17,58,87,7,101,2,29,55,78,66" hai1="9,13,46,8,130,132,121,68,133,70,28,3,14" hai2="1,0,10,42,127,53,16,40,112,109,30,6,61" hai3="126,125,48,75,111,11,80,41,27,34,107,63,103"/><W94/><G107/><T12/><D66/><U129/><E3/><V43/><F112/><W37/><G37/><T47/><D101/><U19/><E28/><V71/><F109/><W44/><G11/><T93/><D93/><U49/><E121/><V25/><F0/><W73/><G63/><T88/><D78/><U67/><E67/><V21/><F71/><N who="1" m="27177" /><E14/><V95/><F95/><W56/><G56/><T57/><D2/><U134/><E8/><V15/><F61/><W72/><G111/><T117/><D117/><U76/><E76/><V131/><F53/><AGARI ba="0,0" hai="9,13,19,46,49,53,129,130,132,133,134" m="27177" machi="53" ten="40,1300,0" yaku="20,1" doraHai="135" who="1" fromWho="2" sc="46,0,271,13,443,-13,240,0" owari="46,-45.0,284,8.0,430,53.0,240,-16.0" /></mjloggm>