<mjloggm ver="2.3"><GO type="169" lobby="0"/><UN n0="%40%E3%82%A4%E3%82%AB" n1="%E5%B0%B1%E6%B4%BB%E7%94%9F%40%E5%B7%9D%E6%9D%91%E8%BB%8D%E5%9B%A3" n2="%E7%89%8C%E7%8E%8B%E4%BD%8D" n3="%6B%6F%72%6F%74%61%6E%6E" dan="16,17,16,16" rate="2079.13,2170.03,2044.85,2023.44" sx="M,M,M,M"/><TAIKYOKU oya="0"/><INIT seed="0,0,0,5,0,52" ten="250,250,250,250" oya="0" hai0="44,124,75,80,11,23,76,6,5,61,12,133,13" hai1="1,46,69,42,14,135,41,114,107,59,64,17,56" hai2="108,72,112,36,18,125,111,79,40,66,21,127,103" hai3="25,15,48,100,3,98,10,120,113,81,73,92,38"/><T129/><D133/><U131/><E1/><V94/><F18/><W78/><G38/><T33/><D33/><U70/><E107/><V63/><F21/><W123/><G3/><T77/><D77/><U16/><E114/><V37/><F94/><W9/><G25/><T67/><D129/><U91/><E135/><V20/><F20/><W43/><G113/><T134/><D134/><U82/><E131/><V55/><F40/><N who="1" m="15465" /><E69/><N who="2" m="42207" /><F103/><W118/><G118/><T26/><D44/><U122/><E70/><V50/><F79/><W51/><G43/><T109/><D124/><N who="2" m="47690" /><F72/><W99/><G99/><T30/><D109/><N who="2" m="42058" /><F112/><W60/><G9/><T130/><D130/><U31/><E31/><V121/><F121/><N who="3" m="46667" /><G15/><T29/><D29/><U116/><E116/><V83/><F83/><W132/><G10/><T104/><D104/><U105/><E105/><V119/><F119/><W19/><G19/><T71/><D6/><U89/><E17/><V53/><F53/><W115/><G115/><T90/><D90/><U45/><E122/><V27/><F27/><W86/><G73/><T57/><D71/><U126/><E126/><V7/><F7/><W106/><G106/><T117/><REACH who="0" step="1"/><D117/><REACH who="0" ten="240,250,250,250" step="2"/><U97/><E89/><V95/><F95/><W128/><G132/><T68/><D68/><U4/><E4/><V62/><F62/><W87/><G128/><T35/><D35/><U47/><E91/><V32/><F32/><W88/><G60/><T96/><D96/><U49/><E97/><V110/><N who="2" m="42066" /><V58/><AGARI ba="0,1" hai="36,37,50,55,58" m="42066,47690,42207" machi="58" ten="50,12000,2" yaku="4,1,18,1,14,1,34,2,52,1" doraHai="52" who="2" fromWho="2" sc="240,-60,250,-30,250,130,250,-30" /><INIT seed="1,0,0,5,0,67" ten="180,220,380,220" oya="1" hai0="107,101,105,63,73,24,25,99,88,20,80,76,57" hai1="31,9,66,26,82,135,112,124,23,132,92,89,96" hai2="116,134,16,71,100,39,45,121,130,29,106,108,102" hai3="133,38,113,129,110,69,128,85,75,0,19,98,44"/><U117/><E117/><V17/><F29/><W27/><G85/><T72/><D73/><U6/><E112/><V77/><F77/><W7/><G98/><T84/><D107/><U34/><E124/><V97/><F16/><W47/><G19/><T87/><D87/><U119/><E119/><V122/><F17/><W10/><G44/><T114/><D20/><U8/><E34/><V95/><F95/><W131/><G27/><T22/><D22/><U125/><E125/><V91/><F91/><W35/><G113/><T79/><D79/><U2/><E9/><V11/><F45/><W36/><G47/><T78/><D78/><U104/><E104/><V90/><F97/><W61/><G75/><T40/><D40/><U64/><REACH who="1" step="1"/><E82/><REACH who="1" ten="180,210,380,220" step="2"/><V3/><F11/><W41/><G35/><T13/><D114/><U28/><E28/><V32/><F32/><W58/><G10/><T50/><D105/><U70/><E70/><V111/><F71/><W81/><G69/><T68/><D68/><U60/><E60/><V93/><F116/><W74/><G81/><T109/><D80/><U18/><E18/><V83/><F83/><W62/><G62/><T126/><D76/><U5/><E5/><V86/><F106/><W59/><G61/><T94/><D72/><U56/><E56/><V55/><F121/><W120/><G74/><T53/><D63/><U37/><E37/><V33/><F39/><W127/><G36/><T65/><D126/><U4/><E4/><V51/><F122/><W46/><G120/><T12/><D57/><U54/><E54/><V21/><F55/><RYUUKYOKU ba="0,1" sc="180,-10,210,30,380,-10,220,-10" hai1="2,6,8,23,26,31,64,66,89,92,96,132,135" /><INIT seed="1,1,1,3,4,88" ten="170,240,370,210" oya="1" hai0="55,37,1,121,116,128,103,13,5,42,126,68,123" hai1="23,119,99,41,53,32,35,125,26,134,94,28,33" hai2="84,34,122,54,80,46,112,48,16,7,21,43,60" hai3="6,47,8,87,114,63,127,17,75,81,67,25,18"/><U96/><E119/><V124/><F34/><W59/><G75/><T30/><D1/><U19/><E125/><V69/><F122/><N who="0" m="46602" /><D116/><U58/><E134/><V86/><F124/><W100/><G127/><T0/><D0/><U115/><E115/><V106/><F106/><W97/><G114/><T113/><D113/><U45/><E28/><V31/><F7/><W76/><G47/><N who="0" m="24015" /><D126/><U38/><REACH who="1" step="1"/><E94/><REACH who="1" ten="170,230,370,210" step="2"/><V29/><F112/><W12/><G25/><T104/><D30/><U50/><AGARI ba="1,2" hai="19,23,26,32,33,35,38,41,45,50,53,58,96,99" machi="50" ten="30,6000,0" yaku="1,1,2,1,0,1,53,0" doraHai="88" doraHaiUra="64" who="1" fromWho="1" sc="170,-21,230,83,370,-21,210,-21" /><INIT seed="1,2,0,2,5,108" ten="149,313,349,189" oya="1" hai0="73,59,98,16,3,106,115,95,135,60,102,27,69" hai1="4,66,107,51,132,87,129,32,18,30,121,122,110" hai2="78,123,133,91,131,20,0,15,105,71,84,83,31" hai3="14,127,114,6,5,72,35,90,119,23,92,117,67"/><U34/><E107/><V86/><F0/><W22/><G35/><T134/><D69/><U1/><E66/><V68/><F123/><W103/><G103/><T43/><D3/><U65/><E65/><V111/><F105/><W41/><G67/><T26/><D73/><U45/><E110/><V80/><F131/><W85/><G72/><T19/><D43/><U56/><E129/><V29/><F133/><N who="0" m="50698" /><D106/><U64/><E132/><V99/><F99/><W25/><G41/><T76/><D76/><U44/><E44/><V82/><F82/><W13/><G127/><T130/><D130/><U12/><E87/><V75/><F75/><W33/><G33/><T48/><D48/><U74/><E74/><V52/><F111/><W120/><G120/><T94/><D94/><U116/><E116/><V88/><F78/><W50/><G50/><T11/><D11/><U77/><E77/><V89/><F89/><W17/><G92/><T39/><D39/><U81/><E81/><V96/><F96/><W109/><G90/><T49/><D49/><U53/><E1/><V7/><F71/><W63/><G85/><T97/><D98/><U79/><E79/><V8/><F68/><W9/><G109/><T62/><D60/><U46/><E46/><V128/><F128/><W37/><G63/><T40/><D40/><U93/><E93/><V21/><F83/><W126/><G117/><T47/><D47/><U113/><E45/><V118/><F118/><W70/><G119/><T55/><D115/><U101/><E113/><V10/><F80/><W104/><G114/><T100/><D100/><RYUUKYOKU ba="2,0" sc="149,30,313,-10,349,-10,189,-10" hai0="16,19,26,27,55,59,62,95,97,102" /><INIT seed="2,3,0,3,1,78" ten="179,303,339,179" oya="2" hai0="75,123,36,118,76,117,29,23,22,52,102,60,107" hai1="80,48,17,72,127,122,47,85,20,30,98,125,133" hai2="92,41,7,27,126,112,115,109,70,45,132,4,21" hai3="2,59,63,116,15,114,16,103,86,94,128,19,57"/><V28/><F70/><W13/><G2/><T34/><D36/><U95/><E72/><V61/><F126/><N who="1" m="48137" /><E30/><V90/><F61/><W105/><G105/><T33/><D123/><U53/><E133/><V49/><F132/><W119/><G114/><T74/><D107/><U77/><E122/><V58/><F58/><W31/><G31/><T93/><D102/><N who="1" m="60767" /><E20/><V18/><F109/><W46/><G128/><T135/><D93/><U84/><E84/><V35/><F115/><W65/><G57/><T121/><D121/><U1/><E17/><V134/><F134/><W26/><G26/><T81/><D135/><U54/><E1/><V99/><F112/><W8/><G46/><T5/><D5/><U97/><E97/><V120/><F120/><W106/><G106/><T91/><D74/><U83/><E83/><V68/><F68/><W11/><G103/><T51/><D91/><AGARI ba="3,0" hai="8,11,13,15,16,19,59,63,65,86,91,94,116,119" machi="91" ten="40,2600,0" yaku="9,1,54,1" doraHai="78" who="3" fromWho="0" sc="179,-35,303,0,339,0,179,35" /><INIT seed="3,0,0,5,5,111" ten="144,303,339,214" oya="3" hai0="95,99,50,124,6,34,51,82,29,110,117,68,2" hai1="123,119,60,40,36,73,70,102,85,11,48,38,92" hai2="32,112,24,98,125,130,88,114,135,87,122,132,133" hai3="77,131,127,64,3,5,44,45,80,9,71,54,65"/><W30/><G127/><T75/><D117/><U74/><E123/><V26/><F122/><W129/><G30/><T41/><D68/><U37/><E119/><V109/><F109/><W126/><G126/><T20/><D110/><U28/><E28/><N who="2" m="19463" /><F125/><W58/><G71/><T91/><D34/><U120/><E120/><V33/><F98/><W76/><G76/><T55/><D124/><U42/><E11/><V101/><F101/><W63/><G45/><T25/><D2/><U23/><E23/><V17/><F130/><N who="3" m="49675" /><G44/><T57/><D6/><U16/><E16/><V47/><F47/><W14/><G3/><T96/><D41/><U93/><E48/><V118/><F118/><W18/><G5/><T0/><D0/><U35/><E35/><V52/><F33/><W105/><G105/><T86/><D75/><AGARI ba="0,0" hai="9,14,18,54,58,63,64,65,75,77,80" m="49675" machi="75" ten="30,1500,0" yaku="19,1" doraHai="111" who="3" fromWho="0" sc="144,-15,303,0,339,0,214,15" /><INIT seed="3,1,0,3,1,25" ten="129,303,339,229" oya="3" hai0="129,116,111,115,2,84,88,103,49,27,89,36,24" hai1="59,22,3,94,96,93,99,121,37,77,33,69,9" hai2="32,63,45,44,15,16,83,50,81,64,122,106,90" hai3="102,47,105,7,41,23,18,124,65,11,132,79,91"/><W130/><G79/><T61/><D36/><U56/><E69/><V131/><F106/><W95/><G65/><T85/><D2/><U107/><E37/><V40/><F122/><W109/><G105/><T62/><D116/><U35/><E107/><V70/><F32/><W123/><G102/><T118/><D118/><U112/><E121/><V60/><F131/><W66/><G66/><T117/><D117/><U28/><E77/><V87/><F63/><N who="0" m="24074" /><D129/><U71/><E71/><V38/><F83/><W113/><G130/><T21/><D115/><U86/><E86/><N who="0" m="33385" /><D111/><U135/><E135/><V8/><REACH who="2" step="1"/><F45/><REACH who="2" ten="129,303,329,229" step="2"/><W120/><G113/><T101/><D49/><AGARI ba="1,1" hai="8,15,16,38,40,44,49,50,60,64,70,81,87,90" machi="49" ten="40,8000,1" yaku="1,1,2,1,54,1,53,2" doraHai="25" doraHaiUra="46" who="2" fromWho="0" sc="129,-83,303,0,329,93,229,0" /><INIT seed="4,0,0,4,3,127" ten="46,303,422,229" oya="0" hai0="16,23,17,5,79,132,10,71,126,89,8,31,125" hai1="36,131,115,94,29,63,9,66,80,54,92,15,72" hai2="14,62,22,21,57,3,39,87,121,64,97,26,81" hai3="118,24,47,83,70,93,105,65,52,119,1,112,82"/><T0/><D71/><U85/><E72/><V122/><F3/><W78/><G105/><T73/><D89/><U6/><E36/><V46/><F22/><W51/><G1/><T13/><D79/><U101/><E115/><V128/><F14/><W42/><G112/><T120/><D73/><U41/><E41/><V69/><F69/><W48/><G82/><T134/><D120/><U19/><E29/><V28/><F46/><W113/><G113/><T34/><D31/><U95/><E131/><V108/><F128/><W49/><G49/><T117/><D34/><U7/><E54/><V11/><F39/><W135/><G135/><N who="0" m="51755" /><D117/><U18/><E7/><V90/><F11/><W43/><G43/><T40/><D40/><U61/><E101/><V86/><F86/><W37/><G51/><T35/><D35/><U58/><E61/><V96/><F121/><W103/><G24/><AGARI ba="0,0" hai="0,5,8,10,13,16,17,23,24,125,126" m="51755" machi="24" ten="30,11600,0" yaku="20,1,34,2,54,1" doraHai="127" who="0" fromWho="3" sc="46,116,303,0,422,0,229,-116" /><INIT seed="4,1,0,5,1,1" ten="162,303,422,113" oya="0" hai0="79,81,90,127,25,37,43,7,66,122,18,132,126" hai1="107,49,58,32,98,86,4,110,55,100,56,45,101" hai2="3,69,30,22,34,105,65,54,28,96,57,61,113" hai3="16,83,8,12,97,131,76,68,115,13,52,104,77"/><T73/><D122/><U63/><E110/><V85/><F3/><W47/><G68/><T26/><D66/><U112/><E32/><V106/><F85/><W74/><G77/><T99/><D132/><U60/><E101/><V21/><F96/><W108/><G108/><T119/><D119/><U67/><E112/><V135/><F61/><W24/><G131/><T19/><D37/><U95/><E86/><V39/><F57/><W128/><G128/><T23/><D43/><U62/><E107/><V123/><F54/><W102/><G115/><T48/><D48/><N who="1" m="30823" /><E4/><V117/><F105/><W103/><G103/><T118/><D118/><U91/><E100/><V14/><F34/><W31/><G13/><T35/><D35/><U93/><E95/><V124/><F106/><W20/><REACH who="3" step="1"/><G47/><REACH who="3" ten="162,303,422,103" step="2"/><T11/><D127/><U134/><E134/><V42/><F124/><W120/><G120/><T92/><D126/><U6/><E45/><V33/><F113/><W44/><G44/><T133/><D133/><U130/><E130/><V46/><F46/><W89/><G89/><T71/><D71/><U53/><E67/><V64/><F65/><W111/><G111/><T121/><D121/><U38/><E38/><V72/><F64/><W15/><G15/><T2/><D26/><U70/><E70/><V10/><F69/><W109/><G109/><T27/><D25/><U94/><E91/><V114/><F123/><W40/><G40/><T87/><D99/><U129/><E98/><V0/><F135/><W80/><G80/><T29/><AGARI ba="1,1" hai="2,7,11,18,19,23,27,29,73,79,81,87,90,92" machi="29" ten="20,3900,0" yaku="0,1,7,1,52,1" doraHai="1" who="0" fromWho="0" sc="162,52,303,-14,422,-14,103,-14" /><INIT seed="4,2,0,5,3,38" ten="214,289,408,89" oya="0" hai0="51,28,41,111,88,86,55,104,91,70,90,83,119" hai1="23,92,47,72,127,115,34,66,33,26,125,85,96" hai2="24,78,73,43,48,20,22,107,39,49,50,52,102" hai3="9,15,4,100,134,109,32,128,11,129,93,81,3"/><T117/><D104/><U57/><E72/><V110/><F110/><W1/><G81/><T112/><D70/><U46/><E85/><V97/><F78/><W94/><G100/><T30/><D111/><U113/><E66/><V59/><F73/><W124/><G109/><T63/><D112/><N who="1" m="43083" /><E57/><V132/><F132/><W116/><G116/><T18/><D119/><U7/><E7/><V69/><F69/><W79/><G79/><N who="0" m="46463" /><D117/><U56/><E56/><V8/><F8/><W2/><G134/><T19/><D63/><U29/><E47/><V106/><F106/><W131/><G94/><T53/><D53/><U60/><E46/><V10/><F10/><W12/><G93/><T103/><D103/><N who="1" m="60807" /><E60/><V27/><F52/><W130/><N who="3" m="32768" /><DORA hai="45" /><W14/><G32/><AGARI ba="2,0" hai="23,26,29,32,33,34,125,127" m="60807,43083" machi="32" ten="30,2000,0" yaku="15,1,11,1" doraHai="38,45" who="1" fromWho="3" sc="214,0,289,26,408,0,89,-26" /><INIT seed="5,0,0,5,2,77" ten="214,315,408,63" oya="1" hai0="123,30,41,44,97,73,111,105,61,86,19,9,65" hai1="42,34,66,88,108,101,81,82,93,45,68,96,135" hai2="49,7,121,39,128,5,75,25,134,2,63,3,112" hai3="69,110,26,50,57,31,94,55,10,0,133,90,92"/><U104/><E34/><V130/><F49/><W54/><G69/><T85/><D111/><U4/><E4/><V29/><F63/><W37/><G37/><T109/><D109/><U132/><E108/><V64/><F39/><W117/><G117/><T84/><D123/><U72/><E66/><V59/><F75/><W114/><G110/><T11/><D73/><U78/><E68/><V52/><F52/><W48/><G0/><T122/><D122/><U116/><E116/><V53/><F53/><W103/><G103/><T67/><D67/><U98/><REACH who="1" step="1"/><E81/><REACH who="1" ten="214,305,408,63" step="2"/><V120/><F64/><W22/><G133/><T43/><D65/><U127/><E127/><V47/><F134/><W102/><G114/><T15/><D61/><U62/><E62/><V131/><F112/><W125/><G125/><T46/><BYE who="2" /><D30/><UN n2="%E7%89%8C%E7%8E%8B%E4%BD%8D" /><U89/><E89/><V8/><F59/><N who="3" m="33223" /><G90/><T113/><D113/><U95/><E95/><V76/><F76/><W1/><G102/><T119/><D119/><U83/><E83/><V21/><F47/><W17/><G1/><T32/><D32/><U58/><E58/><V12/><F3/><W40/><G92/><T126/><D126/><U129/><E129/><V70/><F70/><W106/><G94/><T27/><D44/><U124/><E124/><V87/><F87/><W56/><G56/><T71/><D46/><U51/><AGARI ba="0,1" hai="42,45,51,72,78,82,88,93,96,98,101,104,132,135" machi="51" ten="30,12000,1" yaku="1,1,0,1,52,1,54,1,53,1" doraHai="77" doraHaiUra="100" who="1" fromWho="1" sc="214,-40,305,130,408,-40,63,-40" /><INIT seed="5,1,0,5,0,126" ten="174,435,368,23" oya="1" hai0="117,134,85,83,42,112,104,47,133,118,39,74,9" hai1="106,103,132,84,52,89,87,34,68,135,18,16,60" hai2="75,71,110,19,98,65,36,46,53,76,13,121,66" hai3="61,5,30,37,78,25,92,32,28,125,113,69,54"/><U100/><E34/><V99/><F121/><W128/><G30/><T72/><D104/><U44/><E68/><V91/><F110/><W48/><G37/><T108/><D108/><U93/><E87/><V86/><F76/><W11/><G125/><T130/><D9/><U20/><E18/><V12/><F75/><W1/><G78/><T24/><D24/><U88/><E89/><V7/><F71/><W119/><G119/><T63/><D63/><U59/><E44/><V0/><F0/><W90/><G113/><T41/><D41/><U82/><E106/><V131/><F131/><W120/><G120/><T58/><D58/><U102/><REACH who="1" step="1"/><E82/><REACH who="1" ten="174,425,368,23" step="2"/><N who="2" m="49623" /><F36/><W62/><G69/><T43/><D118/><U50/><E50/><N who="2" m="28887" /><F7/><W77/><G128/><T55/><D130/><U73/><E73/><V27/><F99/><W94/><G77/><T122/><D74/><U35/><E35/><V56/><F98/><W114/><G114/><T127/><D72/><U51/><E51/><V115/><F115/><W14/><G94/><T49/><D112/><U129/><E129/><V3/><F56/><W116/><G116/><T15/><D117/><U6/><E6/><V124/><F124/><W38/><G38/><T26/><D39/><U96/><E96/><V31/><F19/><W29/><G29/><T10/><D127/><U101/><N who="1" m="26112" /><DORA hai="107" /><U40/><E40/><V80/><F31/><W70/><G70/><T45/><D43/><U21/><E21/><V105/><F80/><W67/><G28/><T57/><D42/><U109/><E109/><V8/><F105/><W111/><G32/><RYUUKYOKU ba="1,1" sc="174,-10,425,30,368,-10,23,-10" hai1="16,20,52,59,60,84,88,93,132,135" /><INIT seed="5,2,1,3,0,83" ten="164,455,358,13" oya="1" hai0="9,76,118,75,44,133,122,6,71,73,25,50,62" hai1="91,24,51,130,108,32,37,132,63,135,40,28,38" hai2="46,11,74,0,78,129,120,52,35,43,55,72,87" hai3="84,39,104,27,80,106,14,5,101,86,4,116,94"/><U77/><E130/><V1/><F35/><W79/><G39/><T103/><D118/><U134/><E77/><V92/><F120/><W33/><G116/><T96/><D122/><U100/><E100/><V117/><F117/><W21/><G33/><T47/><D133/><U34/><E34/><V42/><F129/><W111/><G111/><T115/><D115/><U113/><E113/><V57/><F55/><W128/><G128/><T88/><D44/><N who="1" m="25991" /><E108/><V66/><F66/><W67/><G67/><T8/><D76/><U19/><E19/><V16/><F43/><W10/><G4/><T98/><D71/><U90/><E63/><V68/><F68/><W48/><G48/><T97/><D62/><U12/><E12/><V93/><F74/><W64/><G64/><T121/><D121/><U18/><E18/><V82/><F72/><W95/><G95/><T13/><D103/><U126/><E126/><V127/><F127/><W109/><G109/><T85/><D25/><U3/><E3/><V49/><F1/><W110/><G110/><T22/><D22/><U2/><E2/><V89/><F78/><W131/><G131/><T61/><D61/><U102/><E102/><V114/><F0/><W123/><G123/><T53/><REACH who="0" step="1"/><D9/><REACH who="0" ten="154,455,358,13" step="2"/><U107/><E107/><V15/><F114/><W69/><G69/><T99/><N who="0" m="24576" /><DORA hai="81" /><T60/><D60/><AGARI ba="2,2" hai="11,15,16,42,46,49,52,57,60,82,87,89,92,93" machi="60" ten="30,12000,2" yaku="7,1,8,1,52,2,54,2" doraHai="83,81" who="2" fromWho="0" sc="154,-126,455,0,358,146,13,0" /><INIT seed="6,0,0,4,3,35" ten="28,455,504,13" oya="2" hai0="10,104,91,93,39,56,115,33,111,131,98,122,52" hai1="65,124,118,21,50,43,58,30,57,13,2,14,135" hai2="89,123,87,22,110,113,132,8,38,129,59,24,134" hai3="63,27,119,67,55,49,41,72,28,100,31,16,42"/><V101/><F38/><W32/><G72/><T54/><D122/><U17/><E118/><V77/><F77/><W121/><G121/><T126/><D111/><U46/><E124/><V48/><F101/><W114/><G119/><T62/><D39/><U128/><E128/><V79/><F79/><W96/><G31/><T92/><D33/><U80/><E135/><V47/><F59/><W5/><G5/><T82/><D104/><U94/><E2/><V75/><F75/><W1/><G16/><T68/><D68/><U112/><E112/><V18/><F129/><W85/><G85/><N who="0" m="50615" /><D131/><U20/><E80/><V83/><F113/><W76/><G76/><T34/><D34/><U3/><E3/><V25/><F123/><W9/><G9/><T90/><D126/><U108/><E108/><V105/><F105/><N who="3" m="63623" /><G1/><T15/><D93/><U99/><E65/><V133/><F110/><W106/><G106/><T73/><D73/><U69/><E69/><V26/><F8/><W44/><G114/><T109/><D109/><U51/><E51/><V7/><F7/><W37/><G37/><T88/><D115/><U103/><REACH who="1" step="1"/><E30/><REACH who="1" ten="28,445,504,13" step="2"/><V116/><F116/><W29/><G29/><T45/><D45/><U23/><E23/><V84/><F133/><W53/><G32/><T97/><D54/><U125/><E125/><V36/><F134/><W40/><G28/><T11/><D15/><U78/><E78/><N who="2" m="46199" /><F132/><W74/><G55/><T6/><D6/><U60/><E60/><V117/><F117/><W95/><G63/><T102/><D102/><U107/><E107/><V19/><F36/><RYUUKYOKU ba="0,1" sc="28,15,445,15,504,-15,13,-15" hai0="10,11,52,56,62,88,90,92,97,98" hai1="13,14,17,20,21,43,46,50,57,58,94,99,103" owari="43,-36.0,460,26.0,499,60.0,-2,-50.0" /></mjloggm>