<mjloggm ver="2.3"><GO type="169" lobby="0"/><UN n0="%E5%B0%B1%E6%B4%BB%E7%94%9F%40%E5%B7%9D%E6%9D%91%E8%BB%8D%E5%9B%A3" n1="%E6%8C%AF%E8%BE%BC%E5%A4%AA%E9%99%BD" n2="%E6%B0%B7%E6%9F%B1" n3="%E3%82%AF%E3%83%AD%E3%83%8E%E3%82%B9%40" dan="17,18,16,17" rate="2178.55,2264.35,2098.40,2259.70" sx="M,M,M,M"/><TAIKYOKU oya="0"/><INIT seed="0,0,0,0,2,93" ten="250,250,250,250" oya="0" hai0="9,21,47,32,51,129,42,87,49,68,119,96,40" hai1="79,110,132,121,127,80,111,107,0,7,72,33,36" hai2="37,15,17,115,128,13,130,69,124,117,73,78,89" hai3="71,66,43,35,27,1,44,131,81,22,114,106,31"/><T74/><D32/><U134/><E36/><V59/><F115/><W98/><G114/><T99/><D74/><U61/><E33/><V8/><F69/><W12/><G81/><T25/><D119/><U95/><E7/><V3/><F3/><W34/><G131/><N who="2" m="50217" /><F37/><N who="3" m="21615" /><G12/><T97/><D129/><U5/><E5/><V11/><F124/><W85/><G85/><T56/><D68/><U45/><E45/><V126/><F126/><W10/><G22/><T48/><D9/><U104/><E0/><V83/><F89/><W6/><G27/><T70/><D70/><U91/><E61/><V105/><F105/><N who="1" m="40521" /><E121/><V108/><F59/><W53/><G53/><N who="0" m="31783" /><D87/><N who="1" m="52735" /><E127/><V86/><F13/><W24/><G24/><T125/><D125/><U113/><E113/><V75/><F11/><W2/><G2/><T57/><D57/><U41/><E41/><N who="0" m="15977" /><D47/><U77/><E77/><V88/><F78/><W60/><G31/><AGARI ba="0,0" hai="21,25,31,49,51,96,97,99" m="15977,31783" machi="31" ten="30,11600,0" yaku="8,1,52,3" doraHai="93" who="0" fromWho="3" sc="250,116,250,0,250,0,250,-116" /><INIT seed="0,1,0,0,3,125" ten="366,250,250,134" oya="0" hai0="115,135,85,91,117,64,40,84,76,18,20,34,36" hai1="121,11,33,120,94,97,37,35,96,28,23,123,53" hai2="112,118,25,111,0,60,114,12,44,126,52,2,62" hai3="80,50,70,29,103,93,58,61,116,98,15,83,68"/><T26/><D117/><U19/><E37/><V134/><F118/><W131/><G116/><T54/><D115/><U55/><E11/><V43/><F126/><W9/><G29/><T10/><D135/><U22/><E28/><V73/><F73/><W56/><G70/><T72/><D72/><U65/><E65/><V102/><F134/><W99/><G68/><T79/><D64/><U24/><E23/><V31/><F111/><W128/><G50/><T67/><D67/><U5/><E5/><V16/><F102/><W86/><G99/><T8/><D34/><U57/><E96/><V78/><F78/><W109/><G109/><T106/><D106/><U101/><REACH who="1" step="1"/><E55/><REACH who="1" ten="366,240,250,134" step="2"/><V124/><F124/><W127/><G127/><T130/><D10/><U92/><E92/><V133/><F133/><W81/><G86/><T38/><D8/><U48/><AGARI ba="1,1" hai="19,22,24,33,35,48,53,57,94,97,101,120,121,123" machi="48" ten="30,2000,0" yaku="1,1,0,1,53,0" doraHai="125" doraHaiUra="3" who="1" fromWho="1" sc="366,-11,240,33,250,-6,134,-6" /><INIT seed="1,0,0,4,0,13" ten="355,273,244,128" oya="1" hai0="3,82,125,68,2,72,116,12,31,124,39,120,93" hai1="99,110,20,90,92,47,135,34,24,129,36,0,134" hai2="79,118,52,33,131,19,111,61,103,80,46,114,128" hai3="112,1,60,37,55,95,132,84,51,10,9,85,43"/><U87/><E0/><V56/><F118/><W48/><G112/><T126/><D116/><U121/><E121/><V83/><F114/><W41/><G132/><N who="1" m="50730" /><E34/><V69/><F33/><W53/><G37/><T101/><D120/><U74/><E74/><V102/><F111/><W42/><G1/><T88/><D68/><U86/><E110/><V35/><F35/><W59/><G95/><T62/><D39/><U70/><E70/><V57/><F46/><W28/><G28/><T4/><D31/><N who="1" m="17799" /><E129/><N who="2" m="49739" /><F69/><W133/><G133/><T104/><D104/><U54/><E54/><V119/><F119/><W107/><G107/><T44/><D3/><U45/><E45/><V8/><F57/><W11/><G60/><T75/><D44/><AGARI ba="0,0" hai="9,10,11,41,42,43,44,48,51,53,55,59,84,85" machi="44" ten="40,1300,0" yaku="8,1" doraHai="13" who="3" fromWho="0" sc="355,-13,273,0,244,0,128,13" /><INIT seed="2,0,0,0,4,92" ten="342,273,244,141" oya="2" hai0="118,43,9,46,97,70,81,104,116,115,76,8,135" hai1="28,89,36,83,33,24,125,106,7,63,128,113,56" hai2="126,78,88,44,85,129,124,72,1,26,103,123,91" hai3="49,21,90,94,65,80,34,122,54,75,101,61,50"/><V71/><F123/><W130/><G34/><T108/><D115/><U5/><E36/><V55/><F71/><W45/><G122/><T86/><D70/><U96/><E113/><V17/><F1/><W109/><G109/><T4/><D108/><U127/><E128/><V52/><F72/><W6/><G130/><T99/><D104/><U12/><E83/><N who="2" m="47351" /><F103/><W18/><G6/><T74/><D135/><U22/><E33/><V134/><F134/><W119/><G119/><N who="0" m="45611" /><D8/><U37/><E37/><V66/><F66/><W82/><G101/><T11/><D11/><U10/><E7/><V133/><F133/><W98/><G50/><N who="0" m="26975" /><D74/><U95/><REACH who="1" step="1"/><E106/><REACH who="1" ten="342,263,244,141" step="2"/><V15/><F129/><W41/><G75/><T62/><D62/><U2/><E2/><AGARI ba="0,1" hai="2,4,9,76,81,86,97,99" m="26975,45611" machi="2" ten="30,3900,0" yaku="12,1,52,2" doraHai="92" who="0" fromWho="1" sc="342,49,263,-39,244,0,141,0" /><INIT seed="3,0,0,5,5,24" ten="391,224,244,141" oya="3" hai0="13,23,8,127,80,76,52,119,110,35,3,63,93" hai1="82,59,125,101,103,34,81,99,135,17,91,25,36" hai2="100,78,88,49,26,47,68,86,58,111,30,130,61" hai3="57,118,109,106,53,74,56,105,126,70,89,43,134"/><W6/><G118/><T20/><D35/><U64/><E36/><V46/><F68/><W94/><G70/><T60/><D3/><U39/><E39/><V72/><F100/><W98/><G74/><T115/><D127/><U73/><E125/><V0/><F0/><W95/><G126/><T31/><D110/><U66/><E73/><V2/><F2/><W121/><G121/><T21/><D119/><U33/><E25/><V50/><F78/><W14/><G109/><T37/><D37/><U41/><E59/><V28/><F72/><W19/><G134/><T67/><D93/><U132/><E99/><V96/><F96/><N who="3" m="57423" /><G106/><T51/><D31/><N who="2" m="11818" /><F26/><W65/><G43/><T32/><D32/><U102/><E41/><V9/><F9/><N who="3" m="4407" /><G105/><T18/><D67/><U55/><E101/><V116/><F116/><W79/><G79/><T83/><D115/><U87/><E102/><V97/><F97/><W15/><G65/><T29/><D29/><U92/><E66/><N who="2" m="39223" /><F111/><W69/><G69/><T48/><D76/><U122/><E103/><V112/><F112/><W38/><G38/><T71/><D71/><U131/><E122/><V44/><F130/><W128/><G128/><T27/><D27/><U40/><E131/><V123/><F123/><W62/><G53/><T120/><D120/><U104/><E55/><V90/><F90/><N who="3" m="55671" /><G62/><T1/><D1/><U7/><E34/><V16/><F16/><W85/><G85/><T11/><D60/><U133/><E33/><V22/><F22/><AGARI ba="0,0" hai="15,19,22,56,57" m="55671,4407,57423" machi="22" ten="30,1500,0" yaku="8,1" doraHai="24" who="3" fromWho="2" sc="391,0,224,0,244,-15,141,15" /><INIT seed="3,1,0,5,2,39" ten="391,224,229,156" oya="3" hai0="26,128,9,96,102,131,121,41,91,57,63,10,21" hai1="29,62,5,94,108,90,16,88,116,130,114,7,100" hai2="54,28,109,87,22,8,53,129,127,1,110,92,47" hai3="81,85,104,12,59,46,19,13,83,89,37,4,124"/><W50/><G104/><T25/><D41/><U75/><E75/><V11/><F129/><N who="0" m="49738" /><D91/><N who="1" m="34859" /><E130/><V98/><F87/><W27/><G124/><T6/><D121/><U77/><E108/><N who="2" m="41579" /><F1/><W105/><G105/><N who="0" m="63687" /><D21/><U135/><E114/><V32/><F32/><W76/><G37/><T97/><D97/><N who="1" m="59447" /><E135/><V40/><F22/><N who="3" m="13791" /><G59/><T3/><D10/><N who="2" m="3626" /><F28/><W80/><G4/><T64/><AGARI ba="1,0" hai="3,6,9,25,26,57,63,64" m="63687,49738" machi="64" ten="30,1100,0" yaku="19,1" doraHai="39" who="0" fromWho="0" sc="391,14,224,-4,229,-4,156,-6" /><INIT seed="4,0,0,5,4,72" ten="405,220,225,150" oya="0" hai0="35,127,99,86,38,59,75,82,67,14,80,62,71" hai1="108,0,106,45,22,11,29,117,60,69,54,17,135" hai2="37,115,51,39,93,95,9,6,61,42,7,49,124" hai3="89,96,84,114,15,113,74,52,5,8,109,128,111"/><T33/><D127/><U101/><E108/><V83/><F124/><W120/><G128/><T81/><D38/><U18/><E117/><V121/><F121/><W4/><G120/><T40/><D40/><U53/><E45/><V79/><F61/><W76/><G96/><T126/><D126/><U44/><E44/><N who="2" m="23647" /><F37/><W123/><G123/><T1/><D1/><U98/><E0/><N who="2" m="199" /><F7/><W56/><G4/><T31/><D75/><U58/><E11/><V134/><F115/><N who="3" m="44043" /><G84/><T34/><D31/><U130/><E130/><V112/><F112/><W91/><G89/><T85/><D71/><U129/><E69/><V66/><F66/><W13/><G13/><T63/><D63/><U68/><E68/><V23/><F23/><W41/><G91/><T16/><REACH who="0" step="1"/><D99/><REACH who="0" ten="395,220,225,150" step="2"/><U32/><E98/><V27/><F51/><N who="3" m="30751" /><G41/><T3/><D3/><U70/><E129/><V90/><F49/><W64/><G64/><T97/><D97/><U105/><E29/><V102/><F102/><W107/><G107/><T10/><AGARI ba="0,1" hai="10,14,16,33,34,35,59,62,67,80,81,82,85,86" machi="10" ten="40,7800,0" yaku="1,1,0,1,54,1,53,0" doraHai="72" doraHaiUra="122" who="0" fromWho="0" sc="395,88,220,-26,225,-26,150,-26" /><INIT seed="4,1,0,1,3,123" ten="483,194,199,124" oya="0" hai0="65,36,10,135,27,19,124,132,26,71,122,66,8" hai1="108,45,110,78,83,2,47,82,67,6,74,101,111" hai2="63,102,4,86,128,95,17,72,57,113,23,88,0" hai3="58,48,49,25,87,35,104,46,121,69,100,92,130"/><T40/><D122/><U18/><E67/><V34/><F34/><W103/><G69/><T115/><D115/><U44/><E101/><V52/><F113/><W21/><G121/><T50/><D36/><U125/><E125/><V80/><F0/><W97/><G35/><T31/><D124/><U76/><E18/><V24/><F4/><W59/><G130/><T42/><D19/><U119/><E119/><V106/><F106/><W30/><G49/><T56/><D56/><U41/><E6/><V53/><F128/><W77/><G103/><T89/><D89/><U9/><E9/><V127/><F127/><W22/><G22/><T68/><D50/><U84/><REACH who="1" step="1"/><E2/><REACH who="1" ten="483,184,199,124" step="2"/><V29/><F17/><W133/><G133/><T91/><D31/><U109/><N who="1" m="27648" /><DORA hai="126" /><U120/><E120/><V20/><F102/><W96/><G104/><T99/><D66/><U90/><E90/><V38/><F88/><N who="3" m="53279" /><G77/><T28/><D91/><U118/><E118/><V39/><F29/><W32/><G100/><T131/><D28/><U61/><E61/><V13/><F63/><W79/><G79/><T85/><D65/><U134/><E134/><V81/><F80/><W117/><G117/><T54/><D132/><U62/><E62/><V107/><F81/><W12/><G97/><T14/><D135/><U15/><E15/><V7/><F13/><W51/><G96/><T116/><D99/><U129/><E129/><V93/><F107/><W55/><G12/><T75/><D131/><U64/><E64/><V60/><F60/><W3/><G3/><T114/><D116/><U94/><E94/><RYUUKYOKU ba="1,1" sc="483,-10,184,30,199,-10,124,-10" hai1="41,44,45,47,74,76,78,82,83,84" /><INIT seed="5,2,1,3,0,123" ten="473,214,189,114" oya="1" hai0="33,42,79,46,97,11,120,104,129,76,101,103,40" hai1="22,31,85,89,19,15,126,77,6,57,105,131,54" hai2="60,99,69,114,59,112,81,66,14,84,28,52,16" hai3="108,18,73,13,47,116,128,5,113,62,72,94,75"/><U83/><E105/><V117/><F117/><W78/><G116/><T119/><D119/><U38/><E38/><V70/><F99/><W93/><G113/><N who="2" m="43625" /><F28/><W44/><G78/><T100/><D33/><U133/><E133/><V74/><F66/><W9/><G128/><T109/><D109/><U34/><E131/><V91/><F74/><W25/><G62/><T124/><D129/><U90/><E126/><V2/><F2/><W115/><G115/><T0/><D124/><U82/><E34/><V1/><F1/><W26/><G108/><T67/><D67/><U135/><E135/><V118/><F118/><W130/><G130/><T4/><D120/><U132/><E132/><V56/><F59/><W7/><G18/><T95/><D40/><U30/><E6/><V23/><AGARI ba="2,1" hai="14,16,23,52,56,60,69,70,81,84,91" m="43625" machi="23" ten="30,7900,0" yaku="15,1,11,1,54,2" doraHai="123" who="2" fromWho="2" sc="473,-22,214,-41,189,95,114,-22" /><INIT seed="6,0,0,1,0,115" ten="451,173,284,92" oya="2" hai0="42,10,78,109,8,103,0,122,28,14,5,88,35" hai1="4,41,92,51,55,6,54,110,59,111,106,67,64" hai2="63,49,29,66,95,86,39,3,62,131,23,38,117" hai3="25,80,98,132,46,27,99,128,22,17,1,113,40"/><V83/><F3/><W135/><G1/><T65/><D109/><U120/><E106/><V96/><F117/><W100/><G113/><T44/><D122/><U70/><E70/><V130/><F49/><W91/><G128/><T112/><D112/><U94/><E59/><V26/><F63/><W82/><G27/><T45/><D103/><U47/><E51/><V134/><F134/><W76/><G76/><T31/><D78/><U126/><E47/><V81/><F39/><W68/><G68/><T21/><D65/><U77/><E77/><V107/><F107/><W105/><G99/><T114/><D114/><U30/><E41/><V121/><F38/><W127/><G127/><T72/><D72/><U56/><E56/><V79/><F83/><W32/><G32/><T2/><D44/><U57/><E57/><N who="2" m="37199" /><F121/><W53/><G53/><T104/><D104/><U7/><E120/><V133/><F133/><N who="3" m="51275" /><G91/><T52/><D42/><U20/><E126/><V118/><F96/><W19/><G82/><T123/><D123/><U85/><E111/><V18/><F29/><N who="3" m="17591" /><G80/><T108/><D108/><U11/><E110/><V9/><F130/><W93/><G105/><T75/><D35/><U12/><E30/><V16/><F79/><W34/><G34/><T33/><D33/><U119/><E55/><V37/><F81/><W124/><G124/><T50/><D75/><U43/><E54/><V102/><F131/><W61/><G61/><T73/><D73/><U90/><E64/><V74/><F74/><W116/><G116/><T87/><D2/><U129/><E67/><V89/><F118/><RYUUKYOKU ba="0,0" sc="451,-10,173,-10,284,-10,92,30" hai3="17,19,40,46,93,98,100" /><INIT seed="7,1,0,4,3,26" ten="441,163,274,122" oya="3" hai0="97,108,46,36,50,129,96,77,47,24,62,83,105" hai1="119,81,34,111,115,15,28,67,86,131,44,124,73" hai2="88,33,126,13,128,18,78,58,57,40,95,0,80" hai3="91,92,64,103,55,31,35,45,8,84,16,107,32"/><W135/><G64/><T6/><D108/><U7/><E111/><V113/><F0/><W69/><G69/><T2/><D46/><U120/><E86/><N who="2" m="48407" /><F33/><W56/><G135/><T22/><D62/><U122/><E15/><V110/><F110/><W133/><G133/><T130/><D36/><U121/><E81/><V100/><F113/><W43/><G107/><T87/><D6/><U98/><E131/><N who="0" m="50185" /><D2/><U53/><E124/><V11/><F126/><W66/><G103/><T102/><D102/><U63/><E53/><V65/><F65/><W42/><G66/><T59/><D59/><U94/><E63/><V30/><F30/><W25/><G35/><T51/><D105/><U39/><E94/><V117/><F117/><W74/><G45/><T3/><D3/><U89/><E44/><V19/><F100/><W54/><G74/><T85/><D85/><U93/><E89/><V17/><F40/><W61/><REACH who="3" step="1"/><G54/><REACH who="3" ten="441,163,274,112" step="2"/><N who="0" m="30047" /><D51/><U37/><E67/><V104/><F104/><W116/><G116/><T29/><AGARI ba="1,1" hai="22,24,29,77,83,87,96,97" m="30047,50185" machi="29" ten="30,2000,0" yaku="19,1,52,1" doraHai="26" who="0" fromWho="0" sc="441,33,163,-6,274,-6,112,-11" owari="474,57.0,157,-24.0,268,7.0,101,-40.0" /></mjloggm>