<mjloggm ver="2.3"><GO type="169" lobby="0"/><UN n0="%6B%6F%6A%69%6D%6F%6E%39" n1="%6B%75%72%61%67%75%6D%61" n2="%E5%B0%B1%E6%B4%BB%E7%94%9F%40%E5%B7%9D%E6%9D%91%E8%BB%8D%E5%9B%A3" n3="%E2%99%AA%E3%82%A6%E3%82%B5%E3%82%AE%E2%99%AA" dan="16,16,17,16" rate="2124.11,2128.68,2165.47,2120.76" sx="M,M,M,F"/><TAIKYOKU oya="0"/><INIT seed="0,0,0,2,1,85" ten="250,250,250,250" oya="0" hai0="42,82,6,79,8,60,92,67,73,72,53,88,83" hai1="81,26,56,77,10,75,125,103,94,133,118,36,59" hai2="55,25,134,124,106,119,69,46,11,126,47,68,22" hai3="24,116,96,41,87,16,35,105,117,102,19,15,7"/><T76/><D42/><U31/><E118/><V110/><F106/><W51/><G7/><T132/><D132/><U21/><E133/><V129/><F134/><W84/><G41/><T3/><D53/><U12/><E36/><V57/><F129/><W20/><G51/><T61/><D67/><U64/><E125/><N who="2" m="48235" /><F110/><W52/><G52/><T2/><D3/><U135/><E135/><V43/><F11/><W14/><G35/><T66/><D66/><U50/><E64/><V123/><F123/><W95/><G24/><T45/><D45/><N who="2" m="16906" /><F43/><W111/><G111/><T1/><D1/><U121/><E50/><N who="2" m="30967" /><F119/><W49/><G49/><T108/><D108/><U28/><E121/><V9/><F9/><W113/><G113/><T13/><D2/><U107/><E107/><V44/><N who="2" m="16914" /><V54/><DORA hai="93" /><F54/><W104/><G105/><T39/><D39/><U58/><E10/><V40/><F40/><W122/><G122/><T97/><AGARI ba="0,0" hai="6,8,13,60,61,72,73,76,79,82,83,88,92,97" machi="97" ten="20,18000,2" yaku="0,1,7,1,9,1,52,2,54,1" doraHai="85,93" who="0" fromWho="0" sc="250,180,250,-60,250,-60,250,-60" /><INIT seed="0,1,0,4,5,86" ten="430,190,190,190" oya="0" hai0="92,116,43,46,90,72,66,4,55,85,48,56,0" hai1="27,15,134,58,125,11,115,89,16,84,117,80,64" hai2="50,79,105,61,123,91,99,73,9,29,88,57,60" hai3="47,22,101,23,38,32,122,35,13,74,129,112,33"/><T111/><D116/><U65/><E134/><V135/><F123/><W1/><G74/><T63/><D72/><U51/><E125/><V44/><F135/><W119/><G101/><T8/><REACH who="0" step="1"/><D111/><REACH who="0" ten="420,190,190,190" step="2"/><U70/><E117/><V19/><F73/><W78/><G119/><T132/><D132/><U82/><E115/><V107/><F79/><W21/><G78/><T54/><AGARI ba="1,1" hai="0,4,8,43,46,48,54,55,56,63,66,85,90,92" machi="54" ten="30,11700,0" yaku="1,1,0,1,52,1,53,1" doraHai="86" doraHaiUra="39" who="0" fromWho="0" sc="420,130,190,-40,190,-40,190,-40" /><INIT seed="0,2,0,0,3,132" ten="550,150,150,150" oya="0" hai0="5,128,14,51,6,130,8,66,135,29,74,114,81" hai1="123,85,122,12,86,72,18,129,117,96,80,19,87" hai2="104,76,102,48,133,111,30,92,62,47,28,105,24" hai3="116,126,54,106,56,37,27,127,84,79,46,4,25"/><T101/><D114/><U125/><E117/><V115/><F133/><W124/><G106/><T77/><D101/><U120/><E129/><N who="0" m="49769" /><D135/><U31/><E31/><V13/><F115/><W90/><G79/><T93/><D93/><U65/><E65/><V42/><F28/><W0/><G116/><T88/><D66/><U131/><E131/><V95/><F76/><W100/><G100/><T1/><D29/><U98/><E72/><V52/><F95/><N who="3" m="54727" /><G37/><T59/><D88/><U15/><E80/><V16/><F92/><W40/><G40/><T112/><D112/><U113/><E113/><V10/><F102/><W58/><G46/><T68/><D68/><U75/><E75/><V35/><F111/><W63/><G58/><T71/><D71/><U70/><E70/><V9/><F105/><W2/><G4/><T22/><D22/><U26/><E122/><V32/><F104/><W7/><G7/><N who="0" m="3359" /><D1/><AGARI ba="2,0" hai="0,1,2,25,27,54,56,63,124,126,127" m="54727" machi="1" ten="40,8000,1" yaku="18,1,52,3" doraHai="132" who="3" fromWho="0" sc="550,-86,150,0,150,0,150,86" /><INIT seed="1,0,0,2,5,110" ten="464,150,150,236" oya="1" hai0="8,113,16,99,48,61,1,7,43,33,91,126,37" hai1="67,28,10,121,38,133,62,79,66,123,24,6,39" hai2="88,95,103,41,83,47,131,92,0,117,102,42,134" hai3="74,51,31,18,116,22,5,125,26,135,120,59,70"/><U119/><E119/><V87/><F0/><W30/><G70/><T82/><D33/><U13/><E133/><V32/><F32/><W75/><G135/><T101/><D37/><U60/><E79/><V129/><F134/><W4/><G120/><T109/><D109/><U14/><E24/><V29/><F29/><W9/><G125/><T118/><D118/><U11/><REACH who="1" step="1"/><E28/><REACH who="1" ten="464,140,150,236" step="2"/><V25/><F25/><W127/><G116/><T57/><D126/><U104/><E104/><V107/><F117/><W93/><G127/><T12/><D1/><U27/><E27/><V78/><F107/><W45/><G31/><T35/><D12/><U44/><E44/><V98/><F47/><W86/><G30/><T89/><D35/><U77/><E77/><V23/><F23/><W15/><G45/><T94/><D8/><U108/><E108/><V58/><F58/><W40/><G59/><T49/><D57/><U80/><E80/><V68/><F68/><W115/><G26/><T36/><D82/><U64/><E64/><V72/><F42/><W46/><G22/><T65/><D43/><U90/><E90/><N who="2" m="55671" /><F41/><W114/><G74/><T52/><D65/><U3/><E3/><V50/><F50/><W96/><G75/><T69/><D49/><U54/><E54/><V21/><F21/><W85/><G51/><T122/><D48/><U76/><E76/><V19/><F102/><N who="3" m="60687" /><G46/><T63/><D69/><U132/><E132/><V112/><F103/><W128/><G40/><T34/><D34/><U130/><E130/><N who="2" m="49675" /><F112/><N who="3" m="43051" /><G128/><T71/><D113/><U73/><E73/><V97/><F72/><RYUUKYOKU ba="0,1" sc="464,-30,140,10,150,10,236,10" hai1="6,10,11,13,14,38,39,60,62,66,67,121,123" hai2="19,78,83,87,88,92,97" hai3="4,5,9,15,18,85,86" /><INIT seed="1,1,1,3,1,114" ten="434,150,160,246" oya="1" hai0="132,108,102,6,9,31,30,39,87,129,124,20,84" hai1="28,57,116,35,91,86,1,83,81,70,41,53,128" hai2="106,19,130,89,99,15,7,68,69,92,49,95,36" hai3="135,45,52,58,115,44,56,77,96,103,21,50,46"/><U13/><E116/><V82/><F36/><W37/><G115/><T65/><D39/><U34/><E1/><V104/><F130/><W112/><G112/><T90/><D108/><U122/><E70/><V3/><F3/><W134/><G77/><T66/><D129/><U25/><E128/><V40/><F7/><W100/><G21/><T119/><D119/><U113/><E113/><V110/><F110/><W105/><G37/><T29/><D132/><N who="3" m="50729" /><G100/><T48/><D102/><U14/><E41/><V97/><F82/><W109/><G58/><T88/><D48/><U121/><E35/><V73/><F73/><W55/><G109/><T74/><D74/><U38/><E38/><V60/><F60/><AGARI ba="1,1" hai="44,45,46,50,52,55,56,60,96,103,105" m="50729" machi="60" ten="30,2000,0" yaku="20,1,54,1" doraHai="114" who="3" fromWho="2" sc="434,0,150,0,160,-23,246,33" /><INIT seed="2,0,0,4,2,42" ten="434,150,137,279" oya="2" hai0="93,14,122,132,112,113,38,11,64,70,51,54,104" hai1="52,57,18,49,40,129,32,45,24,61,81,88,26" hai2="17,125,21,91,111,133,109,135,94,29,69,2,60" hai3="48,107,16,50,72,83,101,28,115,82,41,1,22"/><V8/><F69/><W53/><G1/><T67/><D104/><U66/><E129/><V79/><F79/><W117/><G117/><T134/><D93/><U116/><E116/><V43/><F43/><W37/><G37/><T80/><D80/><U9/><E32/><V35/><F60/><W105/><G28/><T119/><D119/><U65/><E65/><N who="0" m="25161" /><D70/><U39/><E39/><V73/><F73/><W99/><G107/><T23/><D23/><U89/><E40/><V4/><F125/><W30/><G30/><T0/><D0/><U36/><E36/><V6/><F6/><W100/><G100/><T47/><D38/><U103/><E103/><V90/><F90/><N who="1" m="34921" /><E81/><V3/><F3/><W63/><G72/><T13/><D13/><AGARI ba="0,0" hai="9,13,18,24,26,45,49,52,57,61,66" m="34921" machi="13" ten="30,7700,0" yaku="8,1,52,1,54,2" doraHai="42" who="1" fromWho="0" sc="434,-77,150,77,137,0,279,0" /><INIT seed="3,0,0,4,1,40" ten="357,227,137,279" oya="3" hai0="102,101,76,100,74,93,120,54,4,45,2,42,69" hai1="115,1,127,61,84,29,109,53,52,48,121,108,28" hai2="26,98,25,41,21,126,110,14,31,79,135,106,92" hai3="33,64,16,83,55,12,38,112,87,67,72,89,99"/><W0/><G0/><T96/><D120/><U24/><E121/><V47/><F110/><N who="1" m="42601" /><E115/><V27/><F135/><W80/><G112/><T117/><D117/><U105/><E105/><V60/><F126/><W8/><G33/><T82/><D69/><U134/><E1/><V50/><F106/><W91/><G38/><N who="0" m="21719" /><D54/><U23/><E134/><V22/><F79/><W94/><G72/><T77/><D76/><U43/><E127/><V125/><F125/><W124/><G124/><T5/><D5/><U131/><E131/><V103/><REACH who="2" step="1"/><F60/><REACH who="2" ten="357,227,127,279" step="2"/><W88/><G83/><T75/><D74/><U19/><E61/><V116/><F116/><W63/><G89/><T9/><AGARI ba="0,1" hai="2,4,9,75,77,82,93,96,100,101,102" m="21719" machi="9" ten="30,2000,0" yaku="25,1,52,1" doraHai="40" who="0" fromWho="0" sc="357,30,227,-5,127,-5,279,-10" /><INIT seed="4,0,0,3,3,124" ten="387,222,122,269" oya="0" hai0="113,31,90,118,50,79,115,72,8,135,10,58,35" hai1="13,57,75,80,89,119,43,46,74,105,120,59,123" hai2="81,51,95,42,65,47,49,34,36,130,39,73,16" hai3="133,26,25,99,82,121,22,3,101,103,6,71,77"/><T109/><D118/><U29/><E119/><V33/><F73/><W63/><G133/><T91/><D109/><U23/><E105/><V134/><F81/><W60/><G121/><T107/><D107/><U32/><E32/><V7/><F7/><W86/><G71/><T100/><D100/><U15/><E29/><V125/><F95/><W40/><G26/><N who="0" m="18935" /><D79/><U30/><E30/><V106/><F106/><W76/><G40/><T19/><D72/><U87/><E75/><V70/><F16/><W110/><G110/><T4/><D135/><U108/><E108/><V28/><F28/><W131/><G77/><T85/><D85/><U55/><E74/><V1/><F1/><W37/><G3/><N who="0" m="31" /><D58/><U111/><E59/><V2/><F2/><W20/><G101/><T18/><D50/><N who="1" m="26975" /><E111/><V78/><F78/><W69/><G76/><T132/><D132/><U45/><E45/><V53/><F134/><W104/><G86/><T128/><D10/><U114/><E123/><V67/><F125/><W66/><G104/><T11/><D11/><U24/><E120/><V9/><F9/><W41/><G103/><T56/><D56/><U126/><E126/><V17/><F47/><W52/><G99/><T122/><D122/><U84/><E84/><V88/><F70/><W112/><G82/><T116/><D116/><U92/><E80/><V64/><F39/><W12/><G37/><T68/><D68/><U21/><E87/><V27/><F36/><W129/><G69/><T0/><D0/><U83/><E83/><V5/><F34/><W102/><G102/><T96/><D96/><RYUUKYOKU ba="0,0" sc="387,0,222,0,122,0,269,0" /><INIT seed="5,1,0,5,3,20" ten="387,222,122,269" oya="1" hai0="9,58,118,78,103,123,76,94,89,4,112,57,74" hai1="75,43,85,18,72,134,110,52,14,24,107,93,3" hai2="38,119,67,63,30,12,113,126,21,121,129,53,79" hai3="116,41,92,120,8,23,100,73,16,15,50,101,81"/><U97/><E134/><V65/><F121/><W37/><G120/><T133/><D118/><U2/><E43/><V102/><F119/><W131/><G116/><T69/><D123/><U54/><E107/><V36/><F126/><W83/><G131/><T71/><D103/><U61/><E75/><V45/><F129/><W84/><G37/><T42/><D42/><U44/><E72/><V22/><F79/><W35/><G35/><T55/><D55/><U46/><E3/><V122/><F122/><W5/><G73/><T64/><D74/><U70/><E2/><V0/><F0/><W99/><G101/><T39/><D89/><N who="1" m="55471" /><E70/><V51/><F102/><W115/><G115/><T86/><D39/><U87/><E24/><V95/><F95/><W32/><G32/><T27/><D69/><U88/><E87/><V25/><F113/><W31/><G31/><T68/><D27/><U10/><E110/><V106/><F106/><W80/><G50/><T132/><D71/><U29/><E29/><V125/><F125/><W59/><G41/><T114/><D68/><U56/><E54/><V109/><F109/><W128/><G128/><T66/><D114/><U127/><E127/><V91/><F91/><W135/><G135/><T47/><D112/><U77/><E77/><V11/><F67/><W96/><G99/><T6/><D133/><U108/><E108/><V98/><F98/><W7/><G84/><T1/><D132/><U62/><E62/><V49/><F49/><W60/><G8/><T105/><D105/><U33/><E33/><V48/><F48/><W104/><G104/><RYUUKYOKU ba="1,0" sc="387,-15,222,15,122,-15,269,15" hai1="10,14,18,44,46,52,56,61,85,88" hai3="5,7,15,16,23,59,60,80,81,83,92,96,100" /><INIT seed="5,2,0,3,1,40" ten="372,237,107,284" oya="1" hai0="108,44,129,47,0,55,3,85,59,53,77,128,35" hai1="54,121,57,70,14,76,78,49,32,83,56,107,130" hai2="131,26,72,118,28,8,114,98,95,45,109,52,25" hai3="64,82,4,1,81,125,111,112,39,2,124,12,74"/><U91/><E121/><V42/><F118/><W21/><G64/><T9/><D35/><U105/><E70/><V99/><F109/><W97/><G111/><T10/><D108/><U34/><E130/><N who="0" m="50281" /><D85/><U102/><E102/><V101/><F131/><W58/><G58/><T20/><D20/><U96/><E105/><V93/><F72/><W122/><G122/><T75/><D77/><U103/><E91/><V113/><F8/><N who="0" m="3178" /><D75/><U60/><E14/><V5/><F5/><W89/><G74/><T133/><D133/><U65/><REACH who="1" step="1"/><E78/><REACH who="1" ten="372,227,107,284" step="2"/><V61/><F113/><W127/><G112/><T19/><D3/><U36/><E36/><V134/><F114/><W106/><G1/><T104/><D104/><U73/><AGARI ba="2,1" hai="32,34,49,54,56,57,60,65,73,76,83,96,103,107" machi="73" ten="20,12000,1" yaku="1,1,0,1,7,1,53,2" doraHai="40" doraHaiUra="30" who="1" fromWho="1" sc="372,-42,227,136,107,-42,284,-42" /><INIT seed="5,3,0,3,0,31" ten="330,363,65,242" oya="1" hai0="121,88,98,11,29,69,89,61,125,123,84,55,129" hai1="6,1,82,112,33,74,56,97,38,36,10,87,49" hai2="62,59,44,51,115,107,119,63,40,101,77,73,27" hai3="113,41,99,57,12,76,83,54,58,53,117,2,15"/><U16/><E112/><V122/><F122/><N who="0" m="46602" /><D125/><U124/><E74/><V7/><F119/><W100/><G2/><T133/><D133/><U128/><E124/><V32/><F115/><W19/><G113/><T65/><D29/><U28/><E128/><V46/><F7/><W116/><G41/><T85/><D98/><U3/><E3/><V43/><F101/><W64/><G64/><T71/><D11/><U48/><E97/><V90/><F107/><W70/><G70/><N who="0" m="42287" /><D55/><U72/><E28/><V111/><F111/><W135/><G135/><T30/><D30/><U34/><E72/><V114/><F114/><W79/><G99/><T0/><D0/><U35/><E16/><V91/><F27/><W86/><G19/><T109/><D109/><U8/><E8/><V13/><F73/><W80/><REACH who="3" step="1"/><G86/><REACH who="3" ten="330,363,65,232" step="2"/><T131/><D71/><U105/><E1/><V66/><F66/><W24/><G24/><T120/><D69/><U103/><E87/><N who="0" m="33353" /><D120/><U67/><E67/><V106/><F106/><W47/><G47/><T60/><D131/><U52/><E105/><V9/><F59/><W20/><G20/><T37/><D37/><U93/><E38/><V127/><F127/><W18/><G18/><T21/><D21/><U75/><E36/><V23/><F23/><W92/><G92/><T95/><D129/><U130/><E130/><V50/><F9/><W17/><G17/><T4/><D95/><U14/><E93/><V104/><F104/><W45/><G45/><T68/><D4/><U108/><E108/><V132/><F132/><W94/><G94/><T78/><D78/><RYUUKYOKU ba="3,1" sc="330,15,363,-15,65,-15,232,15" hai0="60,68,88,89" hai3="12,15,53,54,57,58,76,79,80,83,100,116,117" /><INIT seed="6,4,1,3,0,109" ten="345,348,50,247" oya="2" hai0="111,72,50,12,20,91,9,88,122,102,90,115,3" hai1="22,106,23,119,14,89,123,53,99,42,52,98,46" hai2="65,116,85,41,94,76,74,31,56,93,107,81,43" hai3="32,68,113,130,54,124,62,49,127,67,103,24,19"/><V51/><F116/><W44/><G103/><T69/><D69/><U132/><E119/><V79/><F107/><W61/><G130/><T86/><D122/><U114/><E123/><V78/><F31/><W2/><G2/><T128/><D72/><U96/><E106/><V29/><F29/><W15/><G62/><T21/><D111/><U104/><E104/><V38/><F38/><W17/><G32/><T63/><D3/><U7/><E114/><V95/><F74/><W36/><G113/><T37/><D37/><U112/><E132/><V39/><F39/><W110/><G110/><T117/><D115/><U100/><E100/><V66/><F51/><W105/><G105/><T125/><D102/><U135/><E135/><V97/><F97/><W92/><G92/><N who="0" m="54295" /><D63/><U120/><E120/><V59/><F85/><W70/><G70/><T131/><D50/><N who="1" m="26967" /><E89/><N who="0" m="33801" /><D125/><U55/><E112/><V26/><F26/><W10/><G36/><T11/><D117/><U13/><E13/><V45/><F45/><W129/><G129/><N who="0" m="49739" /><D12/><U34/><E34/><V64/><REACH who="2" step="1"/><F81/><REACH who="2" ten="345,348,40,247" step="2"/><W40/><G24/><T1/><D1/><U35/><E35/><V58/><AGARI ba="4,2" hai="41,43,56,58,59,64,65,66,76,78,79,93,94,95" machi="58" ten="40,48000,5" yakuman="40" doraHai="109" doraHaiUra="33" who="2" fromWho="2" sc="345,-164,348,-164,40,512,247,-164" /><INIT seed="6,5,0,2,1,54" ten="181,184,552,83" oya="2" hai0="4,56,86,3,126,121,131,11,22,0,130,118,77" hai1="72,57,60,28,84,66,128,111,85,49,79,25,101" hai2="48,114,135,78,75,34,117,44,2,68,59,47,64" hai3="90,35,81,67,38,74,41,30,61,14,89,65,32"/><V102/><F34/><W73/><G14/><T87/><D121/><U31/><E111/><V133/><F2/><W116/><G116/><T52/><D118/><U10/><E128/><N who="0" m="49193" /><D126/><U23/><E31/><V12/><F102/><W97/><G30/><T76/><D22/><U96/><E72/><V125/><F117/><W91/><G67/><T19/><D19/><U124/><E79/><N who="0" m="30281" /><D3/><U107/><E124/><V119/><F119/><W113/><G113/><T63/><AGARI ba="5,0" hai="0,4,11,52,56,63,86,87" m="30281,49193" machi="63" ten="30,4000,0" yaku="19,1,52,1,54,1" doraHai="54" who="0" fromWho="0" sc="181,55,184,-15,552,-25,83,-15" /><INIT seed="7,0,0,3,5,76" ten="236,169,527,68" oya="3" hai0="58,10,125,112,126,75,86,23,129,38,70,111,134" hai1="106,99,60,95,36,110,91,73,89,102,15,74,3" hai2="64,45,52,21,109,11,128,54,113,127,9,96,5" hai3="17,82,49,94,66,107,122,118,98,22,25,20,7"/><W40/><G118/><T33/><RYUUKYOKU type="yao9" ba="0,0" sc="236,0,169,0,527,0,68,0" hai0="10,23,33,38,58,70,75,86,111,112,125,126,129,134" /><INIT seed="7,1,0,4,3,105" ten="236,169,527,68" oya="3" hai0="113,51,56,115,55,53,93,92,80,73,88,121,6" hai1="38,41,79,9,72,95,0,75,46,125,98,33,126" hai2="76,31,43,3,133,116,86,127,58,108,15,57,44" hai3="19,81,65,28,87,47,123,66,134,90,84,74,12"/><W109/><G123/><T26/><D121/><U39/><E39/><V21/><F3/><W99/><G28/><T10/><D26/><U97/><E33/><V124/><F108/><W8/><G109/><T32/><D32/><U7/><E98/><V59/><F133/><W96/><G134/><T129/><D129/><U67/><E67/><V17/><F31/><W64/><G74/><T11/><D55/><U104/><E104/><V112/><F112/><N who="0" m="43082" /><D11/><U78/><E78/><V22/><F116/><W63/><G63/><T34/><D34/><U85/><E85/><V50/><F22/><W102/><G102/><T27/><D27/><U122/><E122/><V118/><F118/><W23/><G87/><N who="0" m="50279" /><D73/><U2/><E2/><AGARI ba="1,0" hai="2,6,10,51,53,56,92,93" m="50279,43082" machi="2" ten="30,3900,0" yaku="15,1,11,1,54,1" doraHai="105" who="0" fromWho="1" sc="236,42,169,-42,527,0,68,0" owari="278,8.0,127,-27.0,527,62.0,68,-43.0" /></mjloggm>