<mjloggm ver="2.3"><GO type="225" lobby="0"/><UN n0="%E3%83%88%E3%83%88%E3%83%AA%E5%85%88%E7%94%9F%31%39%E6%AD%B3" n1="%E6%9C%9D%E5%80%89%E6%9C%88%E5%A5%88" n2="%E3%83%AD%E3%83%9C%E3%82%B3%E3%83%97" n3="%E5%9D%82%E4%B8%8A%E9%97%98%E7%9C%9F" dan="18,16,17,16" rate="2202.83,2125.05,2206.65,2129.00" sx="F,M,M,M"/><TAIKYOKU oya="0"/><INIT seed="0,0,0,4,1,36" ten="250,250,250,250" oya="0" hai0="49,85,52,109,37,30,29,133,110,24,32,88,98" hai1="11,69,40,94,72,127,55,113,60,45,83,101,93" hai2="66,86,104,33,3,14,7,130,79,53,47,120,68" hai3="128,26,50,38,31,56,121,17,46,106,105,70,54"/><T65/><D37/><U131/><E113/><V19/><F104/><W122/><G17/><T71/><D133/><U12/><E131/><V16/><F33/><W111/><G128/><T95/><D30/><U57/><E127/><V63/><F3/><W39/><G111/><N who="0" m="42507" /><D65/><U25/><E25/><V112/><F7/><W78/><G78/><T134/><D71/><U62/><E101/><V20/><F112/><W41/><G70/><T9/><D9/><U123/><E123/><N who="3" m="47114" /><G38/><T119/><D119/><U76/><E62/><V129/><F120/><W35/><AGARI ba="0,0" hai="26,31,35,39,41,46,50,54,56,105,106" m="47114" machi="35" ten="30,2000,0" yaku="13,1,52,1" doraHai="36" who="3" fromWho="3" sc="250,-10,250,-5,250,-5,250,20" /><INIT seed="1,0,0,4,1,57" ten="240,245,245,270" oya="1" hai0="131,83,40,38,127,112,115,64,89,46,41,133,90" hai1="31,93,98,74,91,116,100,82,120,77,22,5,45" hai2="126,34,111,105,101,37,56,65,50,44,88,15,0" hai3="79,19,106,52,8,119,32,94,20,61,103,12,78"/><U85/><E120/><V35/><F0/><W66/><G106/><T51/><D83/><U121/><E121/><V128/><F126/><W33/><G119/><T124/><D89/><U10/><E116/><V97/><F111/><W92/><G32/><T17/><D90/><U107/><E45/><V58/><F37/><W110/><G33/><T72/><D17/><U69/><E69/><V104/><F104/><W48/><G110/><T53/><D72/><U55/><E55/><V70/><F70/><W130/><G130/><T62/><D133/><U9/><REACH who="1" step="1"/><E5/><REACH who="1" ten="240,235,245,270" step="2"/><V67/><F44/><W21/><G103/><T81/><D41/><U122/><E122/><V43/><F101/><W23/><G79/><T113/><D131/><U117/><E117/><V125/><F43/><W7/><G78/><T60/><D64/><U16/><E16/><V42/><F67/><W114/><G7/><T25/><D127/><U118/><E118/><V2/><F65/><W27/><G114/><T109/><D124/><U129/><E129/><V24/><F128/><W39/><G39/><T87/><D109/><U59/><E59/><V47/><F58/><N who="3" m="37175" /><G27/><AGARI ba="0,1" hai="9,10,22,27,31,74,77,82,85,91,93,98,100,107" machi="27" ten="40,12000,1" yaku="1,1,24,2,53,1" doraHai="57" doraHaiUra="96" who="1" fromWho="3" sc="240,0,235,130,245,0,270,-120" /><INIT seed="1,1,0,0,3,25" ten="240,365,245,150" oya="1" hai0="4,94,5,117,101,9,69,96,81,60,129,76,46" hai1="119,86,6,65,33,125,49,21,36,63,103,118,112" hai2="47,72,90,52,114,107,20,51,82,2,84,70,59" hai3="135,23,123,48,10,99,83,104,1,89,106,53,62"/><U124/><E36/><V42/><F107/><W22/><G123/><T43/><D117/><U11/><E33/><V113/><F2/><W30/><G135/><T50/><D129/><U73/><E73/><V108/><F70/><W109/><G109/><T100/><D100/><U28/><E112/><N who="2" m="43115" /><F72/><W105/><G62/><T26/><D69/><U134/><E103/><V16/><F108/><W93/><G83/><T97/><D97/><U116/><E134/><V7/><F7/><W12/><G1/><T19/><D60/><U66/><E49/><V0/><F0/><W15/><G22/><N who="0" m="13663" /><D9/><U128/><E128/><V67/><F67/><W58/><REACH who="3" step="1"/><G10/><REACH who="3" ten="240,365,245,140" step="2"/><T3/><D3/><U64/><E63/><V98/><F98/><W18/><G18/><T115/><D115/><U77/><E118/><V91/><F91/><W61/><G61/><T127/><D4/><U87/><E119/><V110/><F110/><W71/><G71/><T121/><D5/><U17/><E116/><V85/><F82/><W45/><G45/><T31/><D121/><U39/><E6/><V95/><F85/><W79/><G79/><T80/><D80/><U74/><E77/><V120/><F120/><W75/><G75/><T44/><D44/><U13/><E74/><V131/><F131/><W55/><G55/><T132/><D132/><U102/><E86/><V92/><F84/><W38/><G38/><T57/><D81/><U14/><E87/><V122/><F90/><W32/><G32/><T111/><D76/><U130/><E130/><V37/><F122/><W126/><G126/><T41/><D127/><RYUUKYOKU ba="1,1" sc="240,-15,365,-15,245,15,140,15" hai2="16,20,37,42,47,51,52,59,92,95" hai3="12,15,23,30,48,53,58,89,93,99,104,105,106" /><INIT seed="2,2,1,4,5,80" ten="225,350,260,155" oya="2" hai0="33,105,124,62,104,112,127,122,51,121,45,11,67" hai1="46,27,113,73,116,94,125,103,31,32,81,26,118" hai2="75,98,4,13,25,102,35,88,92,133,99,38,23" hai3="15,36,17,114,3,71,7,100,60,10,30,39,123"/><V52/><F75/><W22/><G123/><N who="0" m="47115" /><D33/><U53/><E125/><N who="0" m="48201" /><D11/><U0/><E113/><V101/><F38/><W8/><G114/><T130/><D112/><U95/><E0/><V43/><F35/><W126/><G126/><T41/><D130/><U5/><E5/><V70/><F70/><AGARI ba="2,1" hai="41,45,51,62,67,70,104,105" m="48201,47115" machi="70" ten="30,1000,0" yaku="18,1" doraHai="80" who="0" fromWho="2" sc="225,26,350,0,260,-16,155,0" /><INIT seed="3,0,0,1,3,6" ten="251,350,244,155" oya="3" hai0="82,129,24,12,25,3,22,114,7,28,21,99,84" hai1="17,127,60,79,31,42,58,134,113,68,96,59,125" hai2="89,87,128,132,78,80,44,32,135,62,54,115,73" hai3="38,88,43,102,93,126,118,14,69,67,1,45,70"/><W112/><G118/><T61/><D3/><U8/><E113/><V20/><F32/><W19/><G126/><N who="1" m="48138" /><E134/><N who="2" m="51243" /><F115/><W110/><G112/><T56/><D129/><U39/><E31/><V95/><F128/><W0/><G102/><T91/><D114/><U64/><E79/><V57/><F44/><W122/><G122/><T27/><D99/><U66/><E66/><V98/><F20/><W77/><G77/><T124/><D124/><U130/><E130/><V49/><F62/><W107/><G107/><T133/><D133/><U104/><E96/><AGARI ba="0,0" hai="49,54,57,73,78,80,87,89,95,96,98" m="51243" machi="96" ten="30,1000,0" yaku="20,1" doraHai="6" who="2" fromWho="1" sc="251,0,350,-10,244,10,155,0" owari="251,-15.0,340,44.0,254,5.0,155,-34.0" /></mjloggm>