<mjloggm ver="2.3"><GO type="233" lobby="0"/><UN n0="%74%61%6B%75%61%6B%61" n1="%E2%80%90%E8%B5%A4%E7%8A%AC%E2%80%90" n2="%E5%B0%8F%E9%98%AA%E3%81%A1%E3%81%B2%E3%82%8D" n3="%E3%82%A6%E3%83%AB%E3%83%88%E3%83%A9%E7%AB%8B%E7%9B%B4" dan="18,16,18,18" rate="2183.47,2061.58,2243.09,2208.49" sx="M,F,F,M"/><TAIKYOKU oya="0"/><INIT seed="0,0,0,1,3,17" ten="250,250,250,250" oya="0" hai0="115,90,72,47,75,34,52,122,18,132,107,20,89" hai1="30,3,109,56,10,58,113,45,88,110,131,31,98" hai2="51,71,61,32,62,65,16,104,46,135,130,39,76" hai3="105,8,24,82,42,87,6,48,37,40,77,93,23"/><T14/><D122/><U53/><E131/><V102/><F32/><W38/><G105/><T63/><D115/><U101/><E113/><V50/><F130/><W114/><G114/><T74/><D132/><U127/><E127/><V25/><F76/><W5/><G38/><T57/><D107/><U78/><E78/><V41/><F62/><W96/><G37/><T84/><D34/><U54/><E101/><V97/><REACH who="2" step="1"/><F135/><REACH who="2" ten="250,250,240,250" step="2"/><W111/><G111/><T68/><D68/><U128/><E128/><V59/><F59/><W125/><G125/><T35/><D35/><U94/><E110/><V4/><F4/><W95/><G6/><T134/><D134/><U83/><E109/><V116/><F116/><W33/><G33/><T7/><D7/><U43/><E56/><V91/><F91/><W100/><G48/><T99/><D99/><U22/><E58/><V133/><F133/><W1/><REACH who="3" step="1"/><G95/><REACH who="3" ten="250,250,240,240" step="2"/><T67/><REACH who="0" step="1"/><D84/><REACH who="0" ten="240,250,240,240" step="2"/><U15/><E98/><V29/><F29/><AGARI ba="0,3" hai="1,5,8,23,24,29,40,42,77,82,87,93,96,100" machi="29" ten="30,7700,0" yaku="1,1,2,1,7,1,52,1,53,0" doraHai="17" doraHaiUra="64" who="3" fromWho="2" sc="240,0,250,0,240,-77,240,107" /><INIT seed="1,0,0,4,2,103" ten="240,250,163,347" oya="1" hai0="100,36,8,45,41,83,61,126,87,30,91,0,70" hai1="127,98,50,69,56,81,51,128,44,39,121,129,15" hai2="88,97,3,132,27,52,62,16,48,6,106,9,118" hai3="102,99,84,131,23,22,120,37,119,24,93,42,12"/><U107/><E121/><V17/><F118/><W46/><G120/><T53/><D126/><U68/><E127/><V49/><F132/><W79/><G131/><N who="1" m="50250" /><E81/><V135/><F135/><W60/><G119/><T122/><D122/><U86/><E86/><V5/><F5/><W64/><G12/><T133/><D133/><U11/><E56/><V43/><F62/><W32/><G79/><T66/><D30/><U4/><E39/><V85/><F27/><W31/><G84/><T96/><D53/><N who="1" m="29895" /><E51/><V54/><F43/><W2/><G2/><T94/><D8/><U59/><E59/><AGARI ba="0,0" hai="22,23,24,31,32,37,42,46,59,60,64,93,99,102" machi="59" ten="30,1000,0" yaku="7,1" doraHai="103" who="3" fromWho="1" sc="240,0,250,-10,163,0,347,10" /><INIT seed="2,0,0,1,1,106" ten="240,240,163,357" oya="2" hai0="39,116,98,42,36,45,114,60,107,121,101,14,11" hai1="55,84,27,83,71,131,47,134,66,22,67,85,100" hai2="94,88,13,5,132,113,9,15,115,90,112,62,130" hai3="89,79,76,19,21,57,33,73,8,124,117,34,75"/><V103/><F132/><W1/><G117/><T65/><D114/><U95/><E131/><V2/><F130/><W54/><G79/><T119/><D121/><U56/><E134/><V133/><F133/><W122/><G122/><T4/><REACH who="0" step="1"/><D39/><REACH who="0" ten="230,240,163,357" step="2"/><U35/><E71/><AGARI ba="0,1" hai="4,11,14,36,42,45,60,65,71,98,101,107,116,119" machi="71" ten="40,2600,0" yaku="1,1,2,1,53,0" doraHai="106" doraHaiUra="25" who="0" fromWho="1" sc="230,36,240,-26,163,0,357,0" /><INIT seed="3,0,0,5,4,126" ten="266,214,163,357" oya="3" hai0="53,61,16,109,67,28,31,23,37,50,127,10,129" hai1="83,97,51,85,26,116,114,57,56,81,29,78,38" hai2="98,72,124,96,101,79,131,77,49,14,99,20,18" hai3="121,12,66,112,104,89,118,4,33,41,1,62,17"/><W82/><G104/><T87/><D37/><U47/><E114/><V42/><F124/><W39/><G33/><T100/><D109/><U48/><E116/><V32/><F32/><W125/><G118/><T25/><D10/><U80/><E38/><V68/><F68/><W92/><G121/><T22/><D129/><U133/><E133/><V113/><F113/><W106/><G106/><T58/><D100/><U108/><E108/><V134/><F134/><W54/><G54/><T45/><D127/><U35/><E97/><V64/><F64/><W122/><G82/><T93/><D23/><U8/><E8/><V110/><F110/><W115/><G122/><T15/><D25/><U5/><E5/><V135/><F135/><W6/><G1/><T24/><D24/><U132/><E132/><V75/><F101/><W70/><G125/><T123/><D123/><U55/><REACH who="1" step="1"/><E57/><REACH who="1" ten="266,204,163,357" step="2"/><V59/><F59/><W69/><G6/><T120/><D120/><U71/><E71/><V130/><F72/><W117/><G4/><T40/><D40/><AGARI ba="0,1" hai="26,29,35,40,47,48,51,55,56,78,80,81,83,85" machi="40" ten="30,2000,0" yaku="1,1,7,1,53,0" doraHai="126" doraHaiUra="34" who="1" fromWho="0" sc="266,-20,204,30,163,0,357,0" /><INIT seed="4,0,0,1,5,33" ten="246,234,163,357" oya="0" hai0="104,53,129,133,77,10,93,15,48,36,0,71,134" hai1="47,49,3,59,111,6,114,123,132,70,82,105,94" hai2="68,83,99,35,103,61,14,92,119,84,102,87,100" hai3="31,76,56,115,73,75,37,40,86,9,11,23,4"/><T90/><D36/><U39/><E94/><V95/><F35/><W120/><G11/><T17/><D104/><U89/><E82/><V58/><F68/><W21/><G56/><T54/><D71/><U97/><E89/><N who="2" m="53311" /><F14/><W128/><G75/><T52/><D129/><U109/><E97/><N who="2" m="59455" /><F58/><W60/><G86/><N who="0" m="52439" /><D77/><U29/><E29/><V20/><F20/><W27/><G76/><T63/><D63/><U135/><E105/><N who="2" m="63711" /><F61/><W19/><G60/><T44/><D0/><U51/><E6/><V67/><F67/><W126/><G37/><T5/><D5/><U12/><E3/><V16/><F16/><W25/><G19/><T30/><D30/><U50/><E12/><V116/><F103/><W106/><G31/><T13/><D13/><U124/><E70/><V64/><F64/><W88/><G4/><T127/><D127/><U74/><E124/><V79/><AGARI ba="0,0" hai="79,83,84,116,119" m="63711,59455,53311" machi="79" ten="30,2000,0" yaku="34,2" doraHai="33" who="2" fromWho="2" sc="246,-10,234,-5,163,20,357,-5" /><INIT seed="5,0,0,5,0,121" ten="236,229,183,352" oya="1" hai0="48,86,5,38,107,120,1,25,60,77,122,19,46" hai1="49,119,112,4,91,65,84,55,22,31,78,10,12" hai2="124,2,90,14,98,88,50,89,69,126,93,132,58" hai3="43,42,83,118,75,51,39,129,111,18,36,104,99"/><U56/><E112/><V114/><F2/><W8/><G51/><T9/><D107/><U52/><E119/><V117/><F69/><W80/><G99/><T63/><D38/><U11/><E78/><V61/><F117/><W109/><G18/><T103/><D103/><U101/><E101/><V116/><F116/><W72/><G118/><T33/><D19/><U59/><E65/><V16/><F114/><W106/><G8/><T134/><D134/><U71/><E71/><V37/><F37/><W102/><G102/><T57/><D25/><N who="1" m="16823" /><E11/><N who="2" m="6239" /><F50/><W95/><G95/><T110/><D33/><U7/><E7/><V108/><F108/><W23/><REACH who="3" step="1"/><G23/><REACH who="3" ten="236,229,183,342" step="2"/><T97/><D97/><U125/><E125/><N who="2" m="48235" /><F132/><W92/><G92/><T0/><D9/><U40/><E40/><V128/><F128/><AGARI ba="0,1" hai="36,39,42,43,72,75,80,83,104,106,109,111,128,129" machi="128" ten="25,8000,1" yaku="1,1,22,2,52,2,53,0" doraHai="121" doraHaiUra="35" who="3" fromWho="2" sc="236,0,229,0,183,-80,342,90" /><INIT seed="6,0,0,5,4,27" ten="236,229,103,432" oya="2" hai0="30,69,124,46,65,92,108,44,26,120,109,97,84" hai1="118,24,42,1,93,102,57,80,16,58,61,3,114" hai2="103,68,115,17,52,135,45,126,12,41,98,85,38" hai3="127,106,104,79,73,4,48,63,132,32,90,105,20"/><V95/><F115/><W96/><G20/><T82/><D120/><U99/><E118/><V8/><F135/><W55/><G63/><T33/><D124/><U53/><E114/><V14/><F126/><W78/><G48/><T62/><D46/><U66/><E42/><V94/><F68/><W70/><G55/><T72/><D72/><U130/><E130/><V111/><F111/><W5/><G4/><T34/><D34/><U21/><E80/><V119/><F119/><W36/><G5/><T113/><D44/><U56/><E56/><V39/><F12/><W47/><G90/><T28/><D28/><U25/><E25/><V76/><F38/><W60/><G96/><T2/><D2/><U121/><E121/><V133/><F133/><W81/><G79/><T51/><D51/><AGARI ba="0,0" hai="1,3,16,21,24,51,53,57,58,61,66,93,99,102" machi="51" ten="30,2000,0" yaku="7,1,54,1" doraHai="27" who="1" fromWho="0" sc="236,-20,229,20,103,0,432,0" /><INIT seed="7,0,0,1,2,131" ten="216,249,103,432" oya="3" hai0="47,46,129,37,59,92,40,90,74,52,13,84,79" hai1="23,43,32,42,54,93,5,130,127,98,15,85,115" hai2="125,110,69,63,57,80,109,38,132,50,128,81,116" hai3="117,10,58,64,56,62,118,135,102,19,73,108,44"/><W49/><G73/><T106/><D129/><U0/><E130/><V77/><F80/><W97/><G108/><T121/><D121/><U101/><E32/><V12/><F81/><W114/><G135/><T34/><D34/><U104/><E115/><V39/><F77/><W21/><G114/><T2/><D2/><U123/><E127/><V67/><F12/><W45/><G10/><T119/><D119/><U113/><E123/><V107/><F107/><W7/><G56/><T72/><D106/><U89/><E113/><V51/><F116/><W83/><G83/><T31/><D79/><U75/><E75/><V112/><F128/><W111/><G45/><T3/><D3/><U88/><E88/><V86/><F86/><W103/><G103/><T18/><D47/><U87/><E85/><V65/><F112/><W48/><G7/><T133/><D133/><U26/><E54/><V22/><F22/><W91/><G91/><T82/><D31/><N who="1" m="17887" /><E0/><V124/><F132/><W100/><G102/><T24/><D24/><U28/><E28/><V20/><F20/><W16/><G21/><N who="0" m="11471" /><D82/><N who="1" m="49399" /><E104/><V30/><F30/><W4/><G100/><T78/><D78/><U36/><E36/><V66/><F66/><W70/><G117/><T60/><D74/><U122/><E122/><V95/><F95/><W94/><G94/><T96/><D72/><U134/><E134/><V76/><F76/><W99/><G118/><T41/><D84/><U25/><E25/><V126/><F126/><W61/><G111/><T8/><D8/><AGARI ba="0,0" hai="5,8,15,42,43,93,98,101" m="49399,17887" machi="8" ten="30,1000,0" yaku="8,1" doraHai="131" who="1" fromWho="0" sc="216,-10,249,10,103,0,432,0" owari="206,-19.0,259,6.0,103,-40.0,432,53.0" /></mjloggm>