<mjloggm ver="2.3"><GO type="169" lobby="0"/><UN n0="%E3%82%AB%E3%83%84%E3%82%AA%E6%AD%A6%E5%A3%AB" n1="%E4%BF%BA%E3%81%AE%E5%AB%81" n2="%E3%82%B7%E3%83%A3%E3%83%BC%E3%83%AA%E3%83%97%E3%83%88%E3%83%A9" n3="%E3%82%A6%E3%83%AB%E3%83%88%E3%83%A9%E7%AB%8B%E7%9B%B4" dan="16,16,17,17" rate="2113.64,2056.42,2148.03,2220.96" sx="M,F,M,M"/><TAIKYOKU oya="0"/><INIT seed="0,0,0,2,2,49" ten="250,250,250,250" oya="0" hai0="43,128,10,13,44,104,95,26,68,46,93,61,75" hai1="60,21,22,118,119,120,32,73,97,88,5,56,106" hai2="71,117,54,57,12,96,48,94,8,133,34,25,23" hai3="53,37,67,28,70,80,51,39,24,123,45,17,47"/><T59/><D68/><U41/><E32/><V76/><F133/><W18/><G123/><T111/><D104/><U52/><E120/><V40/><F117/><W19/><G80/><T3/><D3/><U82/><E41/><V125/><F125/><W30/><G30/><T113/><D113/><U55/><E5/><V131/><F131/><W20/><REACH who="3" step="1"/><G47/><REACH who="3" ten="250,250,250,240" step="2"/><T63/><D128/><U92/><E119/><V99/><F76/><W116/><G116/><T42/><D75/><U122/><E118/><V115/><F115/><W91/><G91/><T85/><D46/><U103/><E122/><V98/><F34/><W14/><G14/><T66/><D26/><U77/><REACH who="1" step="1"/><E55/><REACH who="1" ten="250,240,250,240" step="2"/><V35/><F40/><W109/><G109/><T129/><D111/><U86/><AGARI ba="0,2" hai="21,22,52,56,60,73,77,82,86,88,92,97,103,106" machi="86" ten="20,24000,4" yaku="1,1,2,1,0,1,7,1,24,2,52,1,54,2,53,2" doraHai="49" doraHaiUra="16" who="1" fromWho="1" sc="250,-120,240,260,250,-60,240,-60" /><INIT seed="1,0,0,3,0,57" ten="130,500,190,180" oya="1" hai0="45,5,133,21,79,40,64,9,39,103,71,86,67" hai1="28,66,59,50,90,47,68,81,80,54,128,84,75" hai2="125,69,49,8,85,13,20,82,101,42,33,61,55" hai3="53,4,78,104,46,118,83,60,1,74,31,110,98"/><U93/><E128/><V129/><F33/><W3/><G4/><T52/><D103/><U134/><E134/><V95/><F125/><W94/><G110/><T26/><D133/><U51/><E68/><V117/><F117/><W77/><G77/><T115/><D115/><U105/><E105/><V11/><F129/><W36/><G118/><T114/><D114/><U88/><E75/><V32/><F32/><W120/><G120/><T109/><D109/><U127/><E28/><V35/><F35/><W14/><G31/><T30/><D79/><U126/><E66/><V7/><F20/><W91/><G14/><T63/><D86/><U108/><E108/><V89/><F8/><W73/><G73/><T58/><REACH who="0" step="1"/><D71/><REACH who="0" ten="120,500,190,180" step="2"/><U38/><E126/><V106/><F106/><W24/><G104/><T122/><D122/><U112/><E127/><V10/><F69/><W18/><G78/><T2/><AGARI ba="0,1" hai="2,5,9,21,26,30,39,40,45,52,58,63,64,67" machi="2" ten="20,12000,2" yaku="1,1,0,1,7,1,52,1,54,1,53,1" doraHai="57" doraHaiUra="6" who="0" fromWho="0" sc="120,130,500,-60,190,-30,180,-30" /><INIT seed="2,0,0,1,2,96" ten="250,440,160,150" oya="2" hai0="99,43,123,36,22,14,6,110,83,4,17,31,5" hai1="129,49,74,32,93,52,46,0,55,124,121,50,29" hai2="101,68,77,80,64,47,1,109,119,58,48,88,84" hai3="3,106,34,39,131,44,21,118,61,67,42,78,33"/><V72/><F1/><W18/><G118/><T95/><D110/><U73/><E0/><V128/><F119/><W135/><G131/><T126/><D126/><U9/><E124/><V113/><F113/><W7/><G135/><T91/><D31/><U25/><E129/><V111/><F128/><W59/><G106/><T112/><D112/><U120/><E9/><V69/><F58/><W13/><G3/><T62/><D43/><U115/><E93/><V28/><F28/><W41/><G7/><T26/><D83/><U38/><E115/><V104/><F64/><W116/><G116/><T81/><D36/><U133/><E38/><V56/><F56/><W71/><G42/><T35/><D35/><U19/><E19/><V108/><F77/><W8/><G21/><T10/><D81/><U37/><E37/><V82/><F82/><W65/><G78/><T107/><D107/><U100/><E133/><V132/><F72/><W70/><REACH who="3" step="1"/><G67/><REACH who="3" ten="250,440,160,140" step="2"/><T85/><D123/><U27/><E121/><V51/><F132/><W23/><G23/><T54/><D4/><U15/><E120/><V90/><F90/><W66/><G66/><T2/><D2/><U103/><E32/><AGARI ba="0,1" hai="8,13,18,32,33,34,39,41,44,59,61,65,70,71" machi="32" ten="40,1300,0" yaku="1,1,53,0" doraHai="96" doraHaiUra="24" who="3" fromWho="1" sc="250,0,440,-13,160,0,140,23" /><INIT seed="3,0,0,1,1,37" ten="250,427,160,163" oya="3" hai0="113,93,18,47,73,31,33,60,131,87,23,109,90" hai1="68,82,8,65,134,42,21,41,27,25,20,97,128" hai2="115,29,5,102,44,24,49,106,105,116,101,15,99" hai3="84,111,98,43,118,126,57,110,52,85,0,88,96"/><W80/><G0/><T17/><D113/><U125/><E125/><V39/><F115/><W74/><G74/><T58/><D73/><U30/><E134/><V108/><F108/><N who="3" m="41515" /><G118/><T40/><D33/><U51/><E128/><V86/><F116/><W48/><G126/><T28/><D131/><U61/><E51/><V13/><F39/><W6/><G6/><T63/><D18/><U132/><E132/><V117/><F117/><W81/><G43/><T124/><D63/><U62/><E62/><V53/><F5/><W72/><G72/><T54/><D124/><U76/><E97/><V71/><F71/><W45/><G45/><T120/><D120/><U56/><E8/><V35/><F86/><W135/><G135/><T7/><D7/><U94/><E94/><V66/><F99/><W34/><G34/><T70/><D70/><U3/><E3/><V127/><F127/><W10/><G10/><T22/><D22/><U121/><E68/><V67/><F106/><W129/><G129/><T91/><D109/><U46/><E46/><V92/><F92/><W1/><G1/><T78/><D47/><U75/><E121/><V32/><F32/><W114/><G114/><T83/><D40/><U26/><E26/><V38/><F38/><W100/><G100/><N who="2" m="38505" /><F105/><W36/><G36/><T112/><D112/><U12/><E12/><N who="2" m="4683" /><F35/><W59/><G59/><T9/><D9/><U123/><E123/><V89/><F89/><AGARI ba="0,0" hai="48,52,57,80,81,84,85,88,89,96,98" m="41515" machi="89" ten="30,11600,0" yaku="14,1,10,1,54,2" doraHai="37" who="3" fromWho="2" sc="250,0,427,0,160,-116,163,116" /><INIT seed="3,1,0,2,4,12" ten="250,427,44,279" oya="3" hai0="11,92,87,88,53,134,22,33,82,108,26,46,10" hai1="105,32,51,135,104,110,112,117,103,73,28,132,42" hai2="95,94,23,83,54,100,121,61,30,125,49,45,109" hai3="99,107,58,18,75,129,68,133,6,90,57,69,127"/><W36/><G75/><T41/><D134/><U81/><E110/><V43/><F109/><W71/><G36/><T124/><D124/><U9/><E112/><V27/><F125/><W85/><G127/><T66/><D66/><U102/><E117/><V72/><F121/><W19/><G133/><T14/><D33/><U122/><E122/><V1/><F1/><W44/><G6/><T16/><D108/><U31/><E9/><V111/><F111/><W25/><G44/><T97/><D53/><U79/><E51/><V65/><F72/><W8/><G129/><T20/><D46/><U48/><E48/><V113/><F83/><W52/><G8/><T39/><D41/><U4/><E4/><V24/><F24/><W70/><G70/><T35/><D35/><U67/><E67/><V80/><F80/><W40/><G40/><T130/><D39/><U101/><E42/><V131/><F131/><W119/><G119/><T59/><D59/><U7/><E7/><V77/><F113/><W15/><G15/><T84/><D84/><U3/><E3/><V34/><F34/><W29/><G99/><T96/><D96/><N who="1" m="61543" /><E32/><V126/><F126/><W123/><G107/><T56/><D56/><N who="3" m="21609" /><G52/><T13/><D13/><U0/><E0/><V93/><F43/><W118/><G118/><T5/><D5/><U115/><E115/><V60/><F65/><W17/><G123/><T116/><D116/><U89/><E105/><V64/><F64/><W21/><G69/><T106/><D106/><U63/><E135/><V2/><F2/><W47/><G47/><T37/><D130/><RYUUKYOKU ba="1,0" sc="250,-10,427,-10,44,-10,279,30" hai3="17,18,19,21,25,29,68,71,85,90" /><INIT seed="3,2,0,2,4,41" ten="240,417,34,309" oya="3" hai0="125,103,94,82,93,135,124,123,1,96,33,13,108" hai1="86,127,5,43,4,128,80,100,47,99,65,133,0" hai2="22,20,38,73,119,78,23,6,116,71,129,52,53" hai3="131,69,19,40,72,97,109,126,121,63,57,87,104"/><W44/><G72/><T112/><D1/><U84/><E133/><V111/><F71/><W98/><G121/><T28/><D123/><U56/><E128/><V105/><F105/><W88/><G69/><T46/><D135/><U66/><E127/><V122/><F38/><W75/><G75/><T32/><D108/><U24/><E24/><V30/><F30/><W49/><G131/><T110/><D110/><U68/><E68/><V35/><F35/><W114/><G114/><T58/><D28/><U21/><E21/><V36/><F36/><W50/><G109/><T9/><D112/><U25/><E25/><V95/><F6/><W120/><G120/><T10/><D82/><U117/><E0/><V77/><F111/><W101/><G126/><T90/><D58/><U85/><E80/><V51/><F129/><W37/><G98/><T27/><D27/><U7/><E56/><V34/><F34/><W17/><G17/><T54/><D10/><U48/><E117/><V16/><F122/><W102/><G19/><T2/><D2/><U89/><E89/><V29/><F29/><W81/><REACH who="3" step="1"/><G102/><REACH who="3" ten="240,417,34,299" step="2"/><T106/><D125/><U60/><E100/><V12/><F73/><W134/><G134/><T59/><D124/><U67/><E99/><V115/><F115/><W113/><G113/><T15/><D103/><U79/><E5/><V31/><F31/><W14/><G14/><T55/><D96/><U64/><E7/><V74/><F74/><W3/><G3/><T39/><D15/><U11/><E4/><V132/><F132/><W8/><G8/><T76/><D13/><RYUUKYOKU ba="2,1" sc="240,-10,417,-10,34,-10,299,30" hai3="37,40,44,49,50,57,63,81,87,88,97,101,104" /><INIT seed="3,3,1,5,2,6" ten="230,407,24,329" oya="3" hai0="0,102,100,79,122,32,15,83,88,131,117,104,33" hai1="96,56,36,61,12,70,115,2,119,95,28,21,55" hai2="1,11,77,82,101,128,84,113,38,133,66,127,40" hai3="75,111,103,10,57,125,43,98,60,110,5,20,114"/><W64/><G75/><T27/><D122/><U65/><E2/><V24/><F113/><W99/><G114/><T52/><D0/><U108/><E115/><V29/><F127/><W14/><G125/><T106/><D131/><U67/><E36/><V8/><F133/><W13/><G43/><T26/><D79/><U19/><E108/><N who="3" m="41514" /><G103/><T7/><D7/><U71/><E119/><V120/><F1/><W69/><G69/><T118/><D15/><U135/><E135/><V78/><F101/><W93/><G93/><T4/><D4/><U53/><E71/><V37/><F66/><N who="1" m="25097" /><E70/><V81/><F128/><W41/><G41/><T47/><D83/><U134/><E134/><V49/><F120/><W89/><G89/><T91/><D47/><U48/><E28/><V123/><F123/><W42/><G42/><T90/><D90/><N who="1" m="55415" /><E53/><AGARI ba="3,1" hai="26,27,32,33,52,53,88,91,100,102,104,106,117,118" machi="53" ten="25,6400,0" yaku="22,2,54,2" doraHai="6" who="0" fromWho="1" sc="230,83,407,-73,24,0,329,0" /><INIT seed="4,0,0,4,5,98" ten="313,334,24,329" oya="0" hai0="23,126,10,125,11,123,78,25,116,86,72,90,55" hai1="13,85,50,134,32,80,7,129,107,115,133,16,53" hai2="5,40,74,117,135,95,114,112,29,70,36,37,45" hai3="26,88,30,75,2,49,61,6,96,77,1,52,97"/><T19/><D123/><U60/><E129/><V94/><F135/><N who="1" m="51721" /><E32/><V28/><F70/><W131/><G75/><T14/><D116/><U83/><E107/><V39/><F74/><W42/><G2/><T121/><D121/><U18/><E115/><V99/><F5/><W33/><G77/><T119/><D119/><U56/><E7/><V9/><F9/><W59/><G131/><T108/><D108/><U35/><E35/><V104/><F104/><W109/><G109/><T4/><D10/><U15/><E50/><V118/><F118/><W65/><G42/><T113/><D113/><N who="2" m="43626" /><F94/><W21/><G33/><T111/><D111/><U20/><E85/><V24/><F117/><W46/><G1/><T44/><D78/><U76/><E76/><V89/><F24/><W66/><G6/><T124/><D72/><U128/><E128/><V69/><F69/><W91/><G65/><T34/><D34/><U68/><E68/><V31/><AGARI ba="0,0" hai="28,29,31,36,37,39,40,45,89,95,99" m="43626" machi="31" ten="30,1100,0" yaku="15,1" doraHai="98" who="2" fromWho="2" sc="313,-5,334,-3,24,11,329,-3" /><INIT seed="5,0,0,2,5,114" ten="308,331,35,326" oya="1" hai0="12,48,35,113,117,67,105,44,103,24,62,68,88" hai1="102,32,58,11,39,73,10,119,84,30,2,81,37" hai2="120,3,33,110,131,1,16,128,29,135,71,59,97" hai3="99,0,115,130,52,6,17,86,87,127,83,8,72"/><U40/><E73/><V89/><F71/><W31/><G115/><T92/><D113/><U23/><E32/><V55/><F33/><W56/><G31/><T15/><D105/><U118/><E102/><V112/><F29/><W51/><G130/><T60/><D103/><U108/><E58/><V26/><F112/><W18/><G127/><T100/><D100/><U106/><E106/><V36/><F36/><W54/><G99/><T22/><D60/><U57/><E57/><V41/><F41/><W61/><G72/><T7/><D7/><U4/><E108/><V133/><F110/><W43/><G43/><T20/><D117/><U9/><E4/><V14/><F120/><W65/><G54/><T93/><D93/><U34/><E34/><V82/><F1/><W47/><REACH who="3" step="1"/><G87/><REACH who="3" ten="308,331,35,316" step="2"/><T53/><D35/><U78/><E40/><V21/><F3/><W80/><G80/><T63/><D63/><U95/><E2/><V28/><F128/><W116/><G116/><T104/><D104/><U27/><E119/><V69/><F69/><W122/><G122/><T74/><D74/><U134/><E118/><V94/><F82/><W79/><AGARI ba="0,1" hai="0,6,8,17,18,47,51,52,56,61,65,79,83,86" machi="79" ten="20,5200,0" yaku="1,1,0,1,7,1,54,1,53,0" doraHai="114" doraHaiUra="66" who="3" fromWho="3" sc="308,-13,331,-26,35,-13,316,62" /><INIT seed="6,0,0,2,5,107" ten="295,305,22,378" oya="2" hai0="128,26,42,118,7,115,25,15,123,78,86,65,20" hai1="126,73,119,106,58,55,112,121,1,50,92,71,85" hai2="69,44,0,120,27,95,3,9,43,104,79,70,127" hai3="110,63,33,29,48,10,88,114,98,132,133,59,39"/><V64/><F104/><W6/><G39/><T31/><D123/><U108/><RYUUKYOKU type="yao9" ba="0,0" sc="295,0,305,0,22,0,378,0" hai1="1,50,55,58,71,73,85,92,106,108,112,119,121,126" /><INIT seed="6,1,0,3,2,127" ten="295,305,22,378" oya="2" hai0="9,70,61,99,119,2,19,48,108,63,76,124,85" hai1="13,12,25,74,41,116,81,82,115,97,17,94,34" hai2="69,111,103,112,29,16,32,73,4,57,79,100,23" hai3="52,92,91,96,128,14,104,117,78,87,55,71,75"/><V84/><F69/><W54/><G71/><T64/><D119/><U45/><E116/><V120/><F73/><W60/><G117/><T42/><D108/><U3/><E3/><V90/><F120/><W122/><G14/><T40/><D61/><U58/><E115/><V134/><F79/><W51/><G60/><T110/><D110/><U118/><E118/><V27/><F111/><W18/><G18/><T49/><D99/><U72/><E72/><V56/><F112/><W30/><G30/><T44/><D76/><U50/><E58/><V62/><F4/><W47/><G128/><T86/><D124/><U21/><E34/><V105/><F134/><W98/><G98/><T101/><D101/><N who="1" m="60599" /><E74/><V22/><F32/><W35/><G35/><T53/><D40/><U67/><E67/><V123/><F123/><W109/><G109/><T7/><REACH who="0" step="1"/><D19/><REACH who="0" ten="285,305,22,378" step="2"/><U6/><E6/><V130/><F130/><W93/><G122/><T83/><D83/><AGARI ba="1,1" hai="12,13,17,21,25,41,45,50,81,82,83" m="60599" machi="83" ten="30,1000,0" yaku="8,1" doraHai="127" who="1" fromWho="0" sc="285,-13,305,23,22,0,378,0" /><INIT seed="7,0,0,0,3,44" ten="272,328,22,378" oya="3" hai0="45,64,67,0,92,52,132,78,86,126,82,17,128" hai1="114,115,43,24,130,13,110,84,35,100,18,60,120" hai2="127,55,98,53,11,116,62,79,1,74,2,87,90" hai3="22,125,31,40,38,101,57,77,99,105,121,80,103"/><W9/><G103/><T109/><D109/><U37/><E110/><V27/><F127/><W73/><G121/><T96/><D128/><U23/><E120/><V85/><F116/><W3/><G57/><T10/><D132/><U107/><E130/><V72/><F27/><W8/><G125/><T118/><D118/><U104/><E37/><V42/><F11/><W50/><G50/><T29/><D29/><U69/><E43/><V28/><F79/><W88/><G88/><T6/><D17/><U91/><E60/><V36/><F90/><W46/><G3/><T93/><D93/><U41/><E41/><V51/><F42/><W39/><G39/><T124/><D124/><U15/><E69/><V26/><F36/><W108/><G108/><T94/><D94/><U134/><E134/><V58/><F98/><W131/><G131/><T113/><D113/><N who="1" m="43019" /><E35/><V4/><F62/><W56/><G56/><T59/><D45/><U14/><E100/><V19/><F58/><W129/><G129/><T54/><D54/><U47/><E47/><V65/><F65/><W83/><G83/><AGARI ba="0,0" hai="13,14,15,18,23,24,83,84,91,104,107" m="43019" machi="83" ten="30,1000,0" yaku="15,1" doraHai="44" who="1" fromWho="3" sc="272,0,328,10,22,0,378,-10" owari="272,-13.0,338,14.0,22,-48.0,368,47.0" /></mjloggm>