<mjloggm ver="2.3"><GO type="169" lobby="0"/><UN n0="%E2%80%A0%E3%81%BE%E3%83%BC%E5%9D%8A%E2%80%A0" n1="%68%65%74" n2="%E5%B0%B1%E6%B4%BB%E7%94%9F%40%E5%B7%9D%E6%9D%91%E8%BB%8D%E5%9B%A3" n3="%E3%83%88%E3%83%88%E3%83%AA%E5%85%88%E7%94%9F%31%39%E6%AD%B3" dan="18,16,17,18" rate="2218.06,2050.96,2138.68,2203.29" sx="M,M,M,F"/><TAIKYOKU oya="0"/><INIT seed="0,0,0,5,3,107" ten="250,250,250,250" oya="0" hai0="113,67,135,71,124,0,108,126,100,132,101,34,65" hai1="120,14,129,68,77,133,53,32,58,49,39,7,72" hai2="106,130,97,4,56,119,62,20,48,29,26,75,105" hai3="102,36,86,69,131,122,6,80,25,5,43,47,17"/><T111/><D0/><U37/><E120/><V19/><F130/><W28/><G69/><T22/><D71/><U8/><E129/><V11/><F119/><W115/><G131/><T103/><D22/><U134/><E68/><V112/><F112/><W10/><G115/><T51/><D113/><U18/><E32/><V31/><F75/><W2/><G102/><T87/><D87/><U88/><E7/><V96/><F48/><W79/><G122/><T83/><D83/><N who="1" m="45479" /><E88/><V73/><F73/><W30/><G6/><T118/><D51/><U27/><E27/><V59/><F105/><W63/><G63/><T104/><D104/><U55/><E53/><V123/><F123/><W81/><G81/><T94/><D94/><U57/><E57/><V92/><F106/><W70/><G70/><T45/><D45/><U121/><E121/><V128/><F59/><W98/><G98/><T42/><D34/><U109/><E109/><N who="0" m="42057" /><D42/><U35/><E35/><V46/><F46/><W74/><G86/><T61/><D118/><U15/><E15/><N who="2" m="5607" /><F128/><W89/><G89/><T24/><D24/><U52/><E55/><N who="2" m="34079" /><F97/><W3/><G3/><T85/><D85/><U41/><E41/><V127/><F127/><N who="0" m="48682" /><D61/><U50/><E50/><V110/><F110/><W23/><AGARI ba="0,0" hai="2,5,10,17,23,25,28,30,36,43,47,74,79,80" machi="23" ten="30,7900,0" yaku="0,1,25,2,52,1" doraHai="107" who="3" fromWho="3" sc="250,-39,250,-20,250,-20,250,79" /><INIT seed="1,0,0,0,1,114" ten="211,230,230,329" oya="1" hai0="104,10,109,67,72,125,96,73,74,42,54,48,65" hai1="93,8,41,95,55,35,23,128,75,31,64,40,44" hai2="90,101,112,3,63,69,6,85,36,68,52,84,13" hai3="14,12,59,89,78,107,97,130,30,100,105,80,27"/><U7/><E35/><V79/><F36/><W51/><G130/><T57/><D109/><U129/><E75/><V111/><F3/><W116/><G105/><T70/><D125/><U2/><E64/><V118/><F111/><W53/><G89/><T18/><D70/><U87/><E55/><V88/><F101/><W33/><REACH who="3" step="1"/><G116/><REACH who="3" ten="211,230,230,319" step="2"/><T39/><D104/><U32/><E129/><V22/><F118/><W62/><G62/><T9/><D96/><U47/><E128/><V82/><F90/><W46/><G46/><T83/><D83/><U43/><E47/><V28/><F112/><W26/><G26/><T133/><D133/><U132/><E44/><V24/><F79/><W86/><AGARI ba="0,1" hai="12,14,27,30,33,51,53,59,78,80,86,97,100,107" machi="86" ten="20,5200,0" yaku="1,1,0,1,7,1,53,1" doraHai="114" doraHaiUra="20" who="3" fromWho="3" sc="211,-13,230,-26,230,-13,319,62" /><INIT seed="2,0,0,3,5,37" ten="198,204,217,381" oya="2" hai0="66,15,133,50,93,43,92,4,26,118,9,106,105" hai1="70,39,8,123,40,21,25,128,49,85,102,6,124" hai2="19,127,98,72,59,86,28,31,23,94,47,80,62" hai3="104,67,54,131,41,46,84,52,99,68,125,78,79"/><V18/><F72/><W69/><G131/><T57/><D133/><U29/><E123/><V110/><F127/><W132/><G132/><T61/><D118/><U12/><E124/><V64/><F110/><W30/><G125/><T17/><D106/><U48/><E128/><V14/><F19/><W119/><G119/><T95/><D105/><U27/><E70/><V135/><F135/><W108/><G108/><T55/><D43/><U130/><E130/><V33/><F33/><W38/><G30/><T13/><D26/><U88/><E102/><V32/><F47/><W129/><G129/><T115/><D115/><U100/><E100/><V97/><F32/><W34/><G34/><T121/><D121/><U120/><E120/><V16/><F18/><W2/><G2/><T22/><REACH who="0" step="1"/><D93/><REACH who="0" ten="188,204,217,381" step="2"/><U96/><E25/><V126/><F126/><W7/><G41/><T73/><D73/><U134/><E134/><V0/><F0/><W76/><G104/><T90/><D90/><U103/><E40/><V65/><F65/><W5/><G67/><T101/><D101/><U24/><E24/><V122/><F122/><W56/><G38/><T87/><D87/><U75/><E39/><V11/><F94/><W82/><G84/><T44/><AGARI ba="0,1" hai="4,9,13,15,17,22,44,50,55,57,61,66,92,95" machi="44" ten="20,12000,2" yaku="1,1,0,1,7,1,8,1,53,2" doraHai="37" doraHaiUra="10" who="0" fromWho="0" sc="188,130,204,-30,217,-60,381,-30" /><INIT seed="3,0,0,1,4,55" ten="318,174,157,351" oya="3" hai0="27,35,116,23,44,2,90,105,69,62,133,31,107" hai1="45,126,101,20,63,91,115,50,49,53,7,47,83" hai2="52,25,68,132,51,98,66,97,99,1,100,14,32" hai3="73,75,30,40,0,102,72,9,70,134,65,95,76"/><W88/><G134/><T74/><D116/><U46/><E126/><V124/><F1/><W42/><G102/><T125/><D74/><U34/><E34/><V94/><F132/><W86/><G30/><T5/><D133/><U33/><E33/><V79/><F124/><W13/><G0/><T8/><D125/><U22/><E115/><V103/><F79/><W77/><G77/><T54/><D69/><U60/><E101/><V41/><F41/><W59/><G70/><T48/><D90/><U80/><E7/><V67/><F68/><W26/><G26/><T57/><REACH who="0" step="1"/><D35/><REACH who="0" ten="308,174,157,351" step="2"/><U39/><E91/><V117/><F117/><W106/><G76/><T129/><D129/><U71/><E71/><V122/><F122/><W56/><G106/><T112/><D112/><U109/><E109/><V3/><F100/><W58/><REACH who="3" step="1"/><G65/><AGARI ba="0,1" hai="2,5,8,23,27,31,44,48,54,57,62,65,105,107" machi="65" ten="30,3900,0" yaku="1,1,7,1,52,1,53,0" doraHai="55" doraHaiUra="127" who="0" fromWho="3" sc="308,49,174,0,157,0,351,-39" /><INIT seed="4,0,0,3,4,69" ten="357,174,157,312" oya="0" hai0="94,49,26,82,28,61,9,12,130,36,56,48,107" hai1="24,125,87,127,71,111,60,92,93,91,11,52,118" hai2="99,81,15,108,72,131,126,117,22,2,74,83,57" hai3="37,39,46,95,66,128,110,51,34,8,43,77,38"/><T41/><D107/><U18/><E118/><V6/><F108/><W86/><G34/><T115/><D115/><U134/><E111/><V133/><F2/><W121/><G110/><T124/><D130/><U76/><E134/><V97/><F57/><W73/><G128/><T55/><D124/><U119/><E119/><V54/><F54/><W67/><G121/><T35/><D94/><U123/><E123/><V5/><F131/><W120/><G120/><T114/><D82/><U50/><E76/><V104/><F104/><W84/><G73/><T40/><D114/><U132/><E132/><V62/><F62/><W116/><G116/><T25/><D25/><U102/><E60/><V29/><F117/><W135/><G135/><T20/><D35/><U96/><E71/><V113/><F15/><W13/><G95/><T122/><D122/><U47/><E24/><V27/><F133/><W7/><G86/><T98/><D98/><U3/><REACH who="1" step="1"/><E18/><REACH who="1" ten="357,164,157,312" step="2"/><V23/><F27/><W16/><G16/><T89/><D61/><U4/><AGARI ba="0,1" hai="3,4,11,47,50,52,87,91,92,93,96,102,125,127" machi="4" ten="30,8000,1" yaku="1,1,2,1,0,1,54,1,53,1" doraHai="69" doraHaiUra="44" who="1" fromWho="1" sc="357,-40,164,90,157,-20,312,-20" /><INIT seed="5,0,0,5,1,53" ten="317,254,137,292" oya="1" hai0="129,127,90,97,6,88,83,132,34,131,11,130,109" hai1="66,60,39,87,135,76,98,92,20,118,41,10,85" hai2="114,102,91,22,104,71,117,16,33,125,133,134,111" hai3="27,57,103,113,50,122,19,56,73,30,3,42,124"/><U100/><E118/><V28/><F71/><W82/><G113/><T121/><D34/><U31/><E135/><V128/><F104/><W77/><G122/><T112/><D109/><U116/><E116/><V75/><F75/><W51/><G3/><T8/><D8/><U115/><E115/><V68/><F68/><W80/><G124/><T110/><D110/><U62/><E62/><V21/><F102/><W45/><G103/><T123/><D112/><U25/><E76/><V36/><F36/><W9/><G51/><T81/><D127/><U63/><E63/><V120/><F91/><N who="0" m="34858" /><D97/><U89/><E89/><V67/><F67/><W49/><G49/><T43/><D43/><U13/><E41/><V64/><F64/><W72/><G19/><T18/><D18/><U99/><E99/><V29/><F125/><W17/><G17/><T4/><D132/><N who="2" m="50794" /><F114/><W26/><G9/><T14/><D6/><N who="1" m="3287" /><E39/><V94/><F94/><W96/><G96/><T59/><D123/><U126/><E126/><V58/><F58/><AGARI ba="0,0" hai="20,25,31,58,60,66,85,87,92,98,100" m="3287" machi="58" ten="30,5800,0" yaku="25,1,8,1,52,1" doraHai="53" who="1" fromWho="2" sc="317,0,254,58,137,-58,292,0" /><INIT seed="5,1,0,4,5,129" ten="317,312,79,292" oya="1" hai0="133,109,68,31,59,67,0,20,99,130,65,24,42" hai1="126,66,100,74,107,14,41,104,89,10,125,73,60" hai2="47,56,96,9,78,92,127,94,97,113,52,117,71" hai3="69,82,63,80,119,70,50,91,27,1,3,131,81"/><U85/><E41/><V28/><F71/><W34/><G131/><T103/><D109/><U114/><E14/><V101/><F117/><W93/><G119/><T51/><D0/><U55/><E55/><V54/><F127/><N who="1" m="48649" /><E10/><V53/><F113/><W45/><G34/><T116/><D68/><U23/><E23/><V38/><F78/><W18/><G69/><T95/><D130/><U120/><E120/><V76/><F76/><W8/><G63/><T118/><D67/><U72/><E60/><V124/><F124/><W7/><G70/><T32/><D32/><U108/><E66/><V102/><F28/><W11/><G27/><T33/><D33/><U86/><E114/><V58/><REACH who="2" step="1"/><F9/><REACH who="2" ten="317,312,69,292" step="2"/><W87/><G8/><T15/><D31/><U22/><E108/><V84/><F84/><W29/><G29/><T64/><D116/><U37/><E86/><V132/><F132/><W106/><G1/><T4/><D133/><U40/><E85/><V5/><F5/><W61/><G3/><T111/><D4/><U26/><E74/><V44/><F44/><W134/><G134/><T21/><D111/><U43/><E73/><V98/><F98/><W122/><G7/><T36/><D118/><U2/><E72/><V39/><F39/><W75/><G75/><T62/><D36/><U12/><E37/><V105/><F105/><W83/><G106/><T88/><D99/><U110/><E107/><V46/><F46/><W79/><G79/><T6/><D6/><U25/><E104/><V48/><F48/><W112/><N who="3" m="20480" /><DORA hai="77" /><W115/><G115/><T16/><D51/><RYUUKYOKU ba="1,1" sc="317,-10,312,-10,69,30,292,-10" hai2="38,47,52,53,54,56,58,92,94,96,97,101,102" /><INIT seed="6,2,1,4,3,80" ten="307,302,99,282" oya="2" hai0="96,1,125,133,112,106,105,71,20,38,74,126,18" hai1="41,107,67,62,68,83,116,73,30,24,5,76,42" hai2="61,86,48,103,120,21,119,56,69,28,104,55,33" hai3="108,40,97,75,43,114,102,19,34,53,2,94,87"/><V84/><F120/><W31/><G108/><T17/><D38/><U93/><E116/><V123/><F123/><W132/><G75/><T85/><D74/><U23/><E107/><V70/><F119/><W135/><G2/><T36/><D36/><U27/><E5/><V130/><F33/><W91/><G114/><T122/><D71/><U26/><E26/><V8/><F130/><W39/><G39/><T131/><D1/><U46/><E46/><V118/><F118/><W78/><G78/><T100/><D106/><U124/><E124/><V90/><F90/><W6/><G6/><T134/><D122/><U47/><E47/><V60/><F8/><W128/><G128/><T110/><D110/><U13/><E13/><V77/><F77/><W89/><G89/><T35/><D35/><U54/><E54/><V50/><F70/><W109/><G109/><T52/><D112/><U88/><E27/><V115/><F115/><W9/><G53/><T12/><D131/><U92/><E92/><V58/><F69/><W82/><G31/><T81/><D18/><U15/><E15/><V11/><F11/><W44/><G34/><T101/><D52/><U59/><E68/><V95/><F104/><W29/><G29/><T113/><D101/><U99/><AGARI ba="2,1" hai="23,24,30,41,42,59,62,67,73,76,83,88,93,99" machi="99" ten="20,2700,0" yaku="0,1,7,1,54,1" doraHai="80" who="1" fromWho="1" sc="307,-9,302,43,99,-15,282,-9" /><INIT seed="7,0,0,4,1,71" ten="298,345,84,273" oya="3" hai0="108,11,74,50,104,4,35,123,59,68,84,97,19" hai1="73,61,37,129,82,67,2,32,92,125,62,38,103" hai2="26,126,21,119,105,5,18,29,63,122,128,44,54" hai3="41,0,109,51,69,134,65,78,49,114,85,36,98"/><W124/><G0/><T57/><D68/><U58/><E2/><V17/><F105/><W23/><G114/><T56/><D74/><U52/><E32/><V79/><F79/><W72/><G72/><T99/><D35/><U101/><E101/><V42/><F119/><W3/><G3/><T25/><D123/><U13/><E13/><V6/><F122/><W132/><G124/><T115/><D108/><U77/><E125/><V39/><F126/><W43/><G109/><T76/><D115/><U27/><E27/><V47/><F128/><W94/><G23/><N who="0" m="13567" /><D104/><U70/><E129/><V112/><F112/><W33/><G33/><T127/><D127/><U90/><E103/><V34/><F63/><N who="3" m="40127" /><G78/><T31/><D31/><U111/><E111/><V131/><F131/><W100/><G85/><AGARI ba="0,0" hai="37,38,52,58,61,62,67,70,73,77,82,85,90,92" machi="85" ten="30,7700,0" yaku="7,1,52,2,54,1" doraHai="71" who="1" fromWho="3" sc="298,0,345,77,84,0,273,-77" owari="298,10.0,422,52.0,84,-42.0,196,-20.0" /></mjloggm>