<mjloggm ver="2.3"><GO type="169" lobby="0"/><UN n0="%E3%81%B5%E3%81%8B%E3%81%A4%E3%81%81%E3%83%BC" n1="%E3%82%AB%E3%82%BF%E3%83%AA%E3%83%8A" n2="%E5%B0%B1%E6%B4%BB%E7%94%9F%40%E5%B7%9D%E6%9D%91%E8%BB%8D%E5%9B%A3" n3="%E3%82%B3%E3%82%A6%E3%81%98%E3%82%85" dan="16,16,17,16" rate="2106.26,2148.90,2214.55,2065.36" sx="M,M,M,M"/><TAIKYOKU oya="0"/><INIT seed="0,0,0,4,4,36" ten="250,250,250,250" oya="0" hai0="117,6,122,88,31,112,61,89,1,44,47,16,51" hai1="59,35,104,133,85,42,8,127,22,96,83,100,75" hai2="69,109,64,15,107,94,130,53,58,17,105,79,121" hai3="124,113,126,108,32,73,91,71,67,45,106,55,12"/><T92/><D122/><U70/><E70/><V24/><F109/><W2/><G106/><T3/><D117/><U0/><E35/><V60/><F121/><W132/><G2/><T66/><D112/><U13/><E127/><V99/><F130/><W86/><G73/><T98/><D31/><U46/><E133/><V84/><F79/><W95/><G32/><T82/><D44/><U43/><E75/><V4/><F4/><W97/><G113/><T101/><D6/><U20/><E59/><V131/><F131/><W56/><G108/><T50/><D51/><U63/><E63/><V125/><F125/><N who="3" m="48235" /><G132/><T72/><D16/><U57/><E57/><V23/><F84/><W77/><G12/><T135/><D135/><U48/><E0/><V7/><F7/><W123/><G123/><T81/><D81/><U11/><E42/><V40/><F40/><W110/><G45/><T21/><D21/><U111/><E111/><V128/><F128/><W103/><G77/><T54/><D1/><U34/><E34/><V25/><F25/><W62/><G110/><T41/><D3/><U49/><E49/><V38/><F38/><W52/><G71/><T65/><D72/><U18/><REACH who="1" step="1"/><E8/><REACH who="1" ten="250,240,250,250" step="2"/><V26/><F69/><W87/><G67/><T28/><D66/><U120/><E120/><V74/><F64/><W30/><G55/><T80/><D54/><U9/><E9/><V14/><F74/><W115/><G115/><T37/><D65/><U39/><E39/><V78/><F53/><W116/><G116/><T93/><D37/><U134/><E134/><V10/><F10/><RYUUKYOKU ba="0,1" sc="250,-10,240,30,250,-10,250,-10" hai1="11,13,18,20,22,43,46,48,83,85,96,100,104" /><INIT seed="1,1,1,3,1,129" ten="240,270,240,240" oya="1" hai0="16,56,48,46,37,65,10,120,47,9,73,110,33" hai1="49,96,82,107,36,40,3,1,98,87,132,57,112" hai2="127,21,81,70,86,44,55,80,115,121,76,30,17" hai3="22,78,38,11,64,131,23,59,5,68,124,32,31"/><U117/><E117/><V104/><F121/><W34/><G131/><T39/><D120/><U45/><E112/><V8/><F104/><W74/><G38/><T71/><D110/><U114/><E114/><V83/><F115/><W67/><G68/><T2/><D73/><U111/><E111/><V25/><F70/><W130/><G130/><T113/><D33/><U0/><E107/><V51/><F127/><W109/><G124/><T89/><D113/><U91/><E132/><V42/><F42/><W29/><G109/><T50/><D89/><U122/><E122/><V20/><REACH who="2" step="1"/><F8/><REACH who="2" ten="240,270,230,240" step="2"/><W14/><G11/><T27/><D10/><U52/><AGARI ba="1,2" hai="0,1,3,36,40,45,49,52,57,82,87,91,96,98" machi="52" ten="40,3900,0" yaku="0,1,54,1" doraHai="129" who="1" fromWho="1" sc="240,-14,270,62,230,-14,240,-14" /><INIT seed="1,2,0,4,5,109" ten="226,332,216,226" oya="1" hai0="87,32,45,99,104,9,33,1,41,116,10,64,115" hai1="47,71,61,29,34,88,97,119,91,120,37,132,8" hai2="12,20,35,23,24,133,15,26,4,77,11,129,59" hai3="135,117,18,60,57,73,31,102,112,103,19,93,96"/><U111/><E119/><V76/><F129/><W5/><G117/><T3/><D116/><U53/><E120/><V118/><F118/><W95/><G73/><T54/><D64/><U107/><E111/><V80/><F133/><W82/><G135/><T46/><D87/><U44/><E8/><V42/><F42/><W55/><G112/><T121/><D41/><N who="1" m="22575" /><E53/><V39/><F39/><W110/><G110/><T131/><D54/><U128/><E47/><V48/><F35/><W78/><G31/><T81/><D81/><U122/><E128/><V58/><F48/><W43/><G5/><T0/><D0/><U127/><E127/><V27/><F80/><W51/><G82/><T70/><D70/><U108/><E108/><V6/><F27/><W114/><G114/><T79/><D79/><U50/><E50/><V7/><F7/><W113/><G78/><T100/><D121/><U17/><E17/><V134/><F134/><W68/><G113/><T30/><D131/><U123/><E123/><V69/><F69/><W105/><G105/><T56/><D56/><U67/><E132/><V38/><F38/><W36/><G36/><T85/><D115/><U25/><E122/><V22/><F22/><W94/><G68/><T65/><D65/><U28/><E28/><V66/><F66/><W52/><G43/><T89/><D30/><U130/><E130/><V62/><REACH who="2" step="1"/><F11/><REACH who="2" ten="226,332,206,226" step="2"/><W92/><REACH who="3" step="1"/><G103/><AGARI ba="2,1" hai="25,29,34,61,67,71,88,91,97,103,107" m="22575" machi="103" ten="30,2900,0" yaku="25,1,54,1" doraHai="109" who="1" fromWho="3" sc="226,0,332,45,206,0,226,-35" /><INIT seed="1,3,0,5,4,30" ten="226,377,206,191" oya="1" hai0="26,63,115,126,47,93,90,14,40,35,6,114,15" hai1="91,75,50,134,49,127,77,124,67,98,117,106,97" hai2="85,65,34,33,19,39,103,16,60,12,119,53,45" hai3="105,17,131,48,95,52,130,55,25,4,125,87,128"/><U32/><E117/><V113/><F119/><W41/><G105/><T27/><D126/><N who="1" m="48171" /><E134/><V99/><F113/><W64/><G125/><T57/><D26/><U110/><E106/><V123/><F123/><W129/><G4/><T8/><D15/><U13/><E67/><V37/><F19/><W2/><G2/><T23/><D23/><U46/><E32/><V81/><F39/><W24/><G64/><T10/><D10/><U92/><E13/><V31/><F31/><W38/><G38/><T79/><D79/><U109/><E98/><V86/><F86/><W5/><G5/><T43/><D43/><N who="1" m="24799" /><E50/><N who="2" m="28879" /><F37/><W72/><G72/><T58/><D35/><U84/><E84/><V118/><F118/><W120/><G120/><T135/><D27/><N who="3" m="10313" /><G17/><T70/><D135/><U51/><E51/><V20/><F20/><W100/><N who="3" m="32768" /><DORA hai="1" /><W80/><G100/><T36/><D115/><U73/><E77/><V28/><F28/><W62/><G62/><T78/><D114/><U11/><E11/><N who="2" m="6175" /><F60/><W44/><G95/><T121/><D78/><AGARI ba="3,0" hai="41,44,48,52,55,78,80,87" m="32768,10313" machi="78" ten="60,3900,0" yaku="19,1,54,1" doraHai="30,1" who="3" fromWho="0" sc="226,-48,377,0,206,0,191,48" /><INIT seed="2,0,0,3,3,24" ten="178,377,206,239" oya="2" hai0="36,47,88,38,83,81,113,108,52,30,97,12,94" hai1="135,102,82,43,65,84,90,34,133,80,18,3,48" hai2="104,86,27,74,56,68,126,10,9,85,76,42,106" hai3="32,130,31,44,54,125,91,93,127,46,37,62,41"/><V67/><F68/><W100/><G100/><T39/><D113/><U7/><E34/><V40/><F126/><W16/><G130/><T69/><D69/><U11/><E102/><V134/><F134/><N who="1" m="51209" /><E65/><V71/><F71/><W1/><G1/><T122/><D122/><U118/><E118/><V21/><F74/><W4/><G4/><T114/><D114/><U110/><E110/><V57/><F27/><W73/><G73/><T23/><D108/><U120/><E18/><V8/><F21/><W109/><G109/><T25/><REACH who="0" step="1"/><D12/><REACH who="0" ten="168,377,206,239" step="2"/><U17/><E120/><V119/><F119/><W77/><G125/><T5/><D5/><U33/><E7/><V96/><F76/><W53/><G77/><T89/><D89/><U112/><E90/><V98/><REACH who="2" step="1"/><F8/><REACH who="2" ten="168,377,196,239" step="2"/><W128/><G127/><T121/><D121/><U105/><E11/><V19/><F19/><W63/><G16/><T35/><D35/><U51/><E17/><V124/><F124/><W59/><G128/><T60/><D60/><U116/><E33/><V115/><F115/><W103/><G63/><T20/><D20/><U29/><E112/><V87/><F87/><W123/><G123/><T15/><D15/><U66/><E84/><V99/><F99/><W92/><G62/><T72/><D72/><U45/><E116/><V22/><F22/><W129/><G129/><T75/><D75/><U117/><E117/><V50/><F50/><AGARI ba="0,2" hai="23,25,30,36,38,39,47,50,52,81,83,88,94,97" machi="50" ten="40,8000,1" yaku="1,1,52,1,54,2,53,0" doraHai="24" doraHaiUra="13" who="0" fromWho="2" sc="168,100,377,0,196,-80,239,0" /><INIT seed="3,0,0,4,3,41" ten="268,377,116,239" oya="3" hai0="91,19,81,133,75,6,131,122,129,59,58,4,106" hai1="64,24,94,71,88,107,55,117,21,110,32,108,43" hai2="134,86,28,46,9,97,77,100,5,14,17,74,44" hai3="2,65,54,113,20,34,102,49,85,92,56,79,40"/><W26/><G113/><T51/><D122/><U126/><E107/><V27/><F74/><W52/><G2/><T29/><D106/><U104/><E104/><V68/><F68/><W130/><G130/><N who="0" m="49675" /><D133/><U120/><E126/><V25/><F134/><W73/><G73/><T16/><D29/><U60/><E120/><V15/><F100/><W116/><G34/><T99/><D99/><U22/><E117/><V115/><F115/><W12/><G12/><T18/><D91/><U1/><E1/><V36/><F36/><W95/><G116/><T128/><D128/><U121/><E121/><V111/><F97/><W62/><G102/><T30/><D30/><N who="1" m="19527" /><E55/><N who="3" m="21034" /><G79/><N who="0" m="44287" /><D51/><U98/><E43/><V124/><F124/><W70/><G85/><T93/><D93/><U78/><E78/><V135/><F135/><W96/><G96/><T69/><D69/><U50/><E50/><V82/><F111/><AGARI ba="0,0" hai="21,22,60,64,71,88,94,98,108,110,111" m="19527" machi="111" ten="30,2000,0" yaku="14,1,54,1" doraHai="41" who="1" fromWho="2" sc="268,0,377,20,116,-20,239,0" /><INIT seed="4,0,0,1,1,1" ten="268,397,96,239" oya="0" hai0="96,44,24,16,7,34,12,109,133,75,84,115,49" hai1="129,68,59,54,17,90,70,11,39,102,74,99,6" hai2="26,13,37,57,3,25,97,103,134,105,64,98,135" hai3="77,131,106,69,46,30,108,122,20,116,22,55,40"/><T119/><D119/><U114/><E39/><V120/><F3/><W53/><G116/><T104/><D75/><U38/><E38/><V71/><F37/><W31/><G108/><T48/><D115/><U0/><E129/><V78/><F120/><W76/><G131/><T65/><D133/><U18/><E74/><V61/><F78/><W73/><G73/><T79/><D109/><U128/><E128/><V47/><F47/><W89/><G69/><T127/><D127/><U117/><E117/><V45/><F45/><W42/><G46/><T81/><D65/><U113/><E90/><V85/><F85/><W56/><G56/><T126/><D126/><U93/><E68/><V58/><F97/><W63/><G63/><T28/><D7/><U51/><E70/><V66/><F13/><W112/><G89/><T41/><D96/><U94/><E94/><V35/><F25/><W87/><G87/><T83/><D83/><U123/><E123/><V62/><REACH who="2" step="1"/><F58/><REACH who="2" ten="268,397,86,239" step="2"/><W92/><G122/><T110/><D110/><U101/><E59/><V32/><F32/><W107/><REACH who="3" step="1"/><G92/><REACH who="3" ten="268,397,86,229" step="2"/><T50/><D104/><U86/><E93/><V67/><F67/><W36/><G36/><T72/><D84/><U132/><E86/><V80/><F80/><W100/><G100/><T23/><AGARI ba="0,2" hai="12,16,23,24,28,34,41,44,48,49,50,72,79,81" machi="23" ten="20,3900,0" yaku="0,1,7,1,54,1" doraHai="1" who="0" fromWho="0" sc="268,59,397,-13,86,-13,229,-13" /><INIT seed="4,1,0,2,4,74" ten="327,384,73,216" oya="0" hai0="94,40,80,117,113,50,52,120,135,20,69,96,130" hai1="65,23,51,70,2,129,11,115,15,119,46,127,7" hai2="14,67,34,71,62,121,47,36,83,17,124,85,97" hai3="72,37,68,18,58,93,19,111,82,24,53,29,133"/><T101/><D120/><U5/><E119/><V78/><F124/><W48/><G111/><T91/><D117/><U99/><E127/><V132/><F132/><W59/><G133/><T109/><D109/><U131/><E115/><V9/><F121/><W26/><G68/><T49/><D69/><U102/><E65/><V39/><F34/><W76/><G37/><T32/><D32/><U61/><E61/><V122/><F122/><W95/><G59/><T0/><D0/><U6/><E70/><V55/><F47/><W4/><G4/><T84/><D135/><U63/><E63/><V89/><F55/><W134/><G134/><T77/><D130/><N who="1" m="49675" /><E23/><V3/><F3/><W66/><G66/><T22/><D113/><U60/><E60/><V30/><F30/><W118/><G118/><T100/><D100/><U110/><E110/><V126/><F126/><W81/><G81/><T123/><D123/><U105/><E15/><V108/><F108/><W107/><G107/><T38/><D38/><U104/><E105/><V10/><F10/><W42/><G42/><AGARI ba="1,0" hai="2,5,6,7,11,42,46,51,99,102,104" m="49675" machi="42" ten="30,1000,0" yaku="19,1" doraHai="74" who="1" fromWho="3" sc="327,0,384,13,73,0,216,-13" /><INIT seed="5,0,0,2,4,16" ten="327,397,73,203" oya="1" hai0="66,58,86,107,134,50,110,85,35,91,111,38,102" hai1="61,128,75,2,19,106,131,48,37,63,28,42,97" hai2="121,78,84,70,68,129,71,112,113,6,53,41,89" hai3="108,90,51,122,67,132,47,94,135,17,57,14,103"/><U32/><E75/><V55/><F121/><W40/><G122/><T26/><D38/><U130/><E2/><V109/><F109/><W79/><G108/><T95/><D134/><U45/><E28/><V5/><F78/><W115/><G115/><N who="2" m="44105" /><F41/><W3/><G3/><T49/><D49/><U52/><E32/><V83/><F129/><W36/><G79/><T39/><D39/><U31/><E31/><V30/><F30/><W77/><G77/><T64/><D64/><U127/><E19/><V29/><F29/><W104/><G104/><T34/><D34/><U69/><E127/><V22/><F22/><N who="3" m="11575" /><G103/><T33/><D33/><U81/><E69/><N who="2" m="17667" /><V126/><DORA hai="43" /><F126/><W60/><G36/><T88/><D35/><U72/><E72/><V27/><F27/><W116/><G116/><T44/><D26/><U76/><E76/><V54/><AGARI ba="0,0" hai="5,6,53,54,55,83,84,89" m="17667,44105" machi="54" ten="50,3200,0" yaku="15,1,11,1" doraHai="16,43" who="2" fromWho="2" sc="327,-8,397,-16,73,32,203,-8" /><INIT seed="6,0,0,5,4,21" ten="319,381,105,195" oya="2" hai0="84,99,58,26,48,47,77,98,71,0,122,25,4" hai1="75,31,30,5,105,94,53,102,96,38,113,67,101" hai2="34,57,36,107,59,106,114,89,40,20,126,64,119" hai3="69,37,86,124,82,12,129,125,97,29,127,120,133"/><V90/><F119/><W65/><G37/><T83/><D71/><U103/><E75/><V63/><F34/><W10/><G120/><T15/><D122/><U32/><E38/><V68/><F126/><W116/><G116/><T79/><D0/><U3/><E67/><V18/><F114/><W78/><G129/><T2/><D2/><U41/><E41/><V51/><F107/><W60/><G133/><T95/><D77/><U135/><E135/><V128/><F106/><W74/><G97/><N who="0" m="36875" /><D58/><U39/><E39/><V118/><F118/><W88/><G29/><T73/><D73/><U85/><E105/><V17/><F128/><W28/><G28/><T111/><D95/><U55/><E113/><V91/><F36/><W131/><G131/><T104/><D111/><U27/><E31/><V13/><F40/><W93/><REACH who="3" step="1"/><G127/><REACH who="3" ten="319,381,105,185" step="2"/><T33/><D104/><U117/><E30/><V92/><F92/><W121/><G121/><T19/><D33/><U81/><E32/><V49/><REACH who="2" step="1"/><F17/><AGARI ba="0,1" hai="10,12,17,60,65,69,74,78,82,86,88,93,124,125" machi="17" ten="40,2600,0" yaku="1,1,54,1,53,0" doraHai="21" doraHaiUra="109" who="3" fromWho="2" sc="319,0,381,0,105,-26,185,36" /><INIT seed="7,0,0,0,1,65" ten="319,381,79,221" oya="3" hai0="39,92,97,96,59,1,14,95,69,104,134,34,63" hai1="105,93,55,8,64,90,78,20,73,132,45,35,3" hai2="60,44,25,121,124,111,106,7,50,28,17,68,76" hai3="108,56,79,130,38,46,43,103,30,85,101,58,29"/><W81/><G130/><T131/><D1/><U74/><E35/><V0/><F111/><W83/><G108/><T2/><D2/><U113/><E113/><V24/><F124/><W27/><G30/><T109/><D109/><U116/><E105/><V16/><F121/><W122/><G122/><T32/><D39/><U36/><E132/><V117/><F117/><W77/><G103/><T120/><D120/><U135/><E135/><V75/><F106/><W49/><G101/><T91/><D104/><U12/><E3/><V125/><F125/><W10/><G10/><T84/><D134/><U6/><E78/><V123/><F123/><W31/><G38/><T86/><D131/><U66/><E20/><V5/><F75/><W15/><G15/><T19/><D59/><U54/><E74/><V23/><F76/><W71/><G71/><T21/><D34/><U112/><E73/><V99/><F99/><W128/><G128/><T89/><REACH who="0" step="1"/><D32/><REACH who="0" ten="309,381,79,221" step="2"/><U41/><E112/><V72/><F72/><W48/><G48/><T4/><D4/><U9/><E116/><V115/><F115/><W100/><G100/><T118/><D118/><U87/><E9/><V114/><F114/><W18/><G56/><T47/><D47/><U11/><E11/><V52/><F0/><W126/><G58/><T42/><D42/><U40/><E41/><V133/><F133/><W107/><G107/><T82/><D82/><U53/><AGARI ba="0,1" hai="6,8,12,36,40,45,53,54,55,64,66,87,90,93" machi="53" ten="30,1100,0" yaku="0,1" doraHai="65" who="1" fromWho="1" sc="309,-3,381,21,79,-3,221,-5" owari="306,11.0,402,49.0,76,-42.0,216,-18.0" /></mjloggm>