<mjloggm ver="2.3"><GO type="169" lobby="0"/><UN n0="%7A%65%6C%64%65%6E" n1="%72%79%6F%E2%80%A6%31%35" n2="%E9%BA%BB%E9%9B%80%E7%89%87%E6%83%B3%E3%81%84" n3="%E3%83%88%E3%83%88%E3%83%AA%E5%85%88%E7%94%9F%31%39%E6%AD%B3" dan="19,17,16,19" rate="2272.86,2182.94,2116.13,2282.86" sx="M,M,M,F"/><TAIKYOKU oya="0"/><INIT seed="0,0,0,3,0,29" ten="250,250,250,250" oya="0" hai0="128,43,30,119,94,115,26,4,125,105,110,38,90" hai1="133,54,93,33,106,37,68,132,117,118,3,77,114" hai2="112,91,48,116,66,61,34,107,98,32,134,47,126" hai3="9,10,16,109,21,58,122,127,12,28,111,52,101"/><T96/><D115/><U108/><RYUUKYOKU type="yao9" ba="0,0" sc="250,0,250,0,250,0,250,0" hai1="3,33,37,54,68,77,93,106,108,114,117,118,132,133" /><INIT seed="0,1,0,4,3,11" ten="250,250,250,250" oya="0" hai0="84,101,127,4,113,53,13,134,12,109,125,49,0" hai1="45,73,41,62,25,26,68,39,51,35,47,31,106" hai2="10,61,117,96,55,32,132,99,65,80,102,3,59" hai3="54,75,58,104,135,42,63,2,20,103,33,69,8"/><T44/><D113/><U1/><E1/><V116/><F132/><W5/><G75/><T131/><D134/><U19/><E73/><V23/><F32/><W57/><G33/><T118/><D118/><U27/><E106/><V100/><F80/><W70/><G135/><T17/><D131/><U86/><E86/><V114/><F114/><W77/><G77/><T128/><D128/><U18/><E68/><V30/><F100/><W130/><G130/><T126/><D109/><U22/><E62/><V6/><F65/><W16/><G42/><T21/><D101/><U40/><REACH who="1" step="1"/><E18/><REACH who="1" ten="250,240,250,250" step="2"/><V64/><F116/><W83/><G70/><T110/><D110/><U124/><E124/><V81/><F117/><W92/><G69/><T111/><D111/><U43/><E43/><V15/><F3/><W50/><G104/><T60/><D60/><U14/><AGARI ba="1,1" hai="14,19,22,25,26,27,31,35,39,40,41,45,47,51" machi="14" ten="20,5200,0" yaku="1,1,0,1,7,1,52,1,53,0" doraHai="11" doraHaiUra="119" who="1" fromWho="1" sc="250,-27,240,65,250,-14,250,-14" /><INIT seed="1,0,0,5,0,83" ten="223,305,236,236" oya="1" hai0="131,37,11,52,129,76,41,50,99,27,25,6,55" hai1="107,12,93,113,2,81,7,101,132,79,116,126,89" hai2="9,98,29,128,112,77,65,110,43,60,19,75,130" hai3="30,108,8,63,17,103,45,49,14,62,96,4,64"/><U82/><E2/><V33/><F110/><W26/><G108/><T68/><D68/><U80/><E116/><V86/><F75/><W102/><G4/><T119/><D119/><U13/><E113/><V73/><F73/><W121/><G121/><T21/><D76/><U106/><E7/><V104/><F43/><W28/><G64/><T111/><D111/><U109/><E109/><V54/><F112/><W31/><G26/><T51/><D99/><U44/><E132/><V125/><F125/><W3/><G3/><T84/><D37/><U78/><E126/><V87/><F54/><N who="0" m="20522" /><D27/><U40/><E101/><N who="3" m="38410" /><G96/><T85/><D41/><AGARI ba="0,0" hai="8,14,17,28,30,31,41,45,49,62,63" m="38410" machi="41" ten="30,1000,0" yaku="8,1" doraHai="83" who="3" fromWho="0" sc="223,-10,305,0,236,0,236,10" /><INIT seed="2,0,0,0,1,20" ten="213,305,236,246" oya="2" hai0="47,34,26,7,29,30,4,109,124,98,38,88,119" hai1="48,1,121,72,31,59,100,16,53,83,125,116,79" hai2="49,6,24,18,28,104,69,33,56,110,36,51,58" hai3="80,60,70,112,57,8,77,12,17,129,134,5,95"/><V66/><F36/><W113/><G70/><T118/><D109/><U117/><E1/><V131/><F110/><W43/><G129/><T3/><D124/><U86/><E125/><V101/><F131/><W67/><G134/><T82/><D29/><U37/><E37/><V127/><F127/><W94/><G43/><N who="0" m="23031" /><D3/><U64/><E31/><V90/><F90/><W87/><REACH who="3" step="1"/><G17/><REACH who="3" ten="213,305,236,236" step="2"/><T65/><D118/><U99/><E117/><V15/><F6/><W68/><G68/><T19/><D19/><U122/><E116/><V128/><F128/><W61/><G61/><T2/><D7/><U11/><E122/><V103/><F69/><W71/><G71/><T32/><D4/><U106/><E121/><V44/><F18/><W102/><G102/><T133/><D133/><U45/><E16/><V52/><F101/><W13/><G13/><T63/><D63/><U84/><E11/><V78/><F15/><W42/><G42/><T73/><D119/><U46/><E100/><V89/><F103/><W75/><G75/><T93/><D2/><U114/><E72/><V0/><F0/><W107/><G107/><T14/><D14/><U9/><E9/><V132/><F104/><W54/><G54/><T97/><D65/><U115/><E64/><V123/><F66/><W96/><G96/><T50/><D98/><U55/><E99/><V76/><F132/><W135/><G135/><T35/><D50/><N who="1" m="28887" /><E106/><V111/><F123/><W81/><G81/><T62/><D62/><N who="1" m="36223" /><E86/><V21/><F111/><W10/><G10/><T130/><D130/><U25/><E84/><V74/><F74/><RYUUKYOKU ba="0,1" sc="213,15,305,-15,236,-15,236,15" hai0="26,30,32,34,35,73,82,88,93,97" hai3="5,8,12,57,60,67,77,80,87,94,95,112,113" /><INIT seed="3,1,1,2,3,60" ten="228,290,221,251" oya="3" hai0="42,62,45,24,82,1,103,133,65,2,72,76,110" hai1="0,54,130,106,69,78,128,48,18,66,17,94,88" hai2="52,27,118,58,50,32,97,56,117,95,39,37,13" hai3="123,98,120,47,135,25,86,63,9,77,84,92,51"/><W115/><G115/><T71/><D110/><U4/><E106/><V36/><F58/><W122/><G135/><T134/><D103/><U80/><E4/><V89/><REACH who="2" step="1"/><F13/><REACH who="2" ten="228,290,211,251" step="2"/><W38/><G120/><T126/><D126/><U10/><E0/><V49/><F49/><W96/><G122/><T101/><D101/><U131/><E131/><V85/><F85/><W20/><G123/><T21/><D133/><U29/><E130/><V93/><F93/><W81/><G38/><T35/><D134/><U40/><E128/><V109/><F109/><W53/><G63/><T5/><D5/><U87/><E69/><V46/><F46/><W31/><G9/><T33/><D1/><U73/><E73/><V44/><F44/><W83/><REACH who="3" step="1"/><G92/><REACH who="3" ten="228,290,211,241" step="2"/><T61/><D61/><U15/><E94/><V121/><F121/><W91/><AGARI ba="1,3" hai="20,25,31,47,51,53,77,81,83,84,86,91,96,98" machi="91" ten="20,12000,1" yaku="1,1,2,1,0,1,7,1,8,1,53,0" doraHai="60" doraHaiUra="14" who="3" fromWho="3" sc="228,-41,290,-41,211,-41,241,153" /><INIT seed="3,2,0,4,2,83" ten="187,249,170,394" oya="3" hai0="31,8,26,101,1,105,119,16,108,55,88,25,34" hai1="28,110,24,133,11,109,33,62,135,113,44,45,72" hai2="70,79,9,37,71,50,59,46,60,13,3,121,106" hai3="27,41,58,76,0,107,77,20,49,103,23,128,94"/><W2/><G107/><T18/><D119/><U66/><E11/><V73/><F106/><W85/><G128/><T122/><D122/><U112/><E72/><V96/><F96/><W86/><G2/><T42/><D108/><N who="1" m="41579" /><E45/><V111/><F111/><W82/><G0/><T99/><D42/><U69/><E44/><V87/><F73/><W48/><G41/><T126/><D126/><U57/><E57/><V117/><F37/><W100/><G23/><T81/><D26/><U6/><E6/><V130/><F3/><W38/><G38/><T54/><D1/><U64/><E64/><V125/><F130/><W97/><G100/><T115/><D115/><AGARI ba="2,0" hai="24,28,33,62,66,69,112,113,115,133,135" m="41579" machi="115" ten="30,2000,0" yaku="14,1,23,1" doraHai="83" who="1" fromWho="0" sc="187,-26,249,26,170,0,394,0" /><INIT seed="4,0,0,3,2,125" ten="161,275,170,394" oya="0" hai0="43,52,102,100,118,81,44,31,26,85,93,127,18" hai1="22,61,64,76,53,120,32,63,49,91,88,10,4" hai2="69,24,74,80,67,135,6,97,48,8,60,55,17" hai3="12,107,115,132,70,1,79,104,121,103,114,19,5"/><T124/><D118/><U111/><E32/><V20/><F135/><W27/><G132/><T25/><D18/><U62/><E111/><V129/><F97/><W109/><G109/><T133/><D133/><U84/><E120/><V105/><F105/><W110/><G110/><T113/><D113/><N who="3" m="43017" /><G121/><T54/><D26/><U37/><E37/><V95/><F95/><W126/><G70/><T7/><D7/><U50/><E64/><V51/><F129/><W99/><G79/><T117/><D117/><U45/><E22/><V15/><REACH who="2" step="1"/><F55/><REACH who="2" ten="161,275,160,394" step="2"/><W101/><G99/><T94/><D94/><U11/><E53/><V130/><F130/><W42/><G107/><T106/><D106/><U122/><E122/><V56/><F56/><W73/><G104/><T66/><D93/><U30/><E45/><V58/><F58/><W72/><G103/><T134/><D134/><U13/><E4/><V90/><F90/><W3/><G101/><T77/><D100/><U36/><E91/><V39/><F39/><W57/><G57/><T21/><D102/><U34/><E36/><V87/><F87/><W119/><G119/><T2/><D124/><U82/><E88/><V16/><F16/><W96/><G96/><T75/><D127/><U128/><E128/><V0/><F0/><W86/><G1/><T40/><D2/><U112/><E112/><V28/><F28/><W14/><G3/><T131/><D131/><U35/><E30/><V123/><F123/><W46/><G126/><T78/><D54/><U33/><E84/><V108/><F108/><W71/><G19/><T68/><D85/><RYUUKYOKU ba="0,1" sc="161,-10,275,-10,160,30,394,-10" hai2="6,8,15,17,20,24,48,51,60,67,69,74,80" /><INIT seed="5,1,1,0,0,87" ten="151,265,190,384" oya="1" hai0="95,28,125,58,15,51,42,109,78,53,94,108,65" hai1="126,131,33,20,133,13,48,121,69,27,4,43,122" hai2="80,114,16,89,134,123,8,128,56,35,115,31,104" hai3="124,105,74,66,110,129,38,0,61,36,47,26,88"/><U98/><E69/><V81/><F104/><W132/><G110/><T57/><D125/><U11/><E126/><V44/><F123/><W77/><G105/><T1/><D1/><U62/><E33/><V41/><F128/><W86/><G0/><T101/><D78/><U82/><E133/><V73/><F134/><W118/><G124/><T19/><D28/><U55/><E131/><V67/><F73/><W54/><G132/><T116/><D116/><U30/><E62/><V37/><F31/><W84/><G74/><T60/><D42/><U21/><E43/><V34/><F67/><W9/><G129/><T18/><D18/><U96/><E82/><V107/><F56/><W93/><G118/><T127/><D127/><U91/><E21/><V71/><F107/><W3/><G26/><T50/><D50/><U46/><REACH who="1" step="1"/><E98/><REACH who="1" ten="151,255,190,384" step="2"/><V76/><F71/><W32/><G32/><T92/><REACH who="0" step="1"/><D101/><REACH who="0" ten="141,255,190,384" step="2"/><U5/><E5/><V29/><F35/><W25/><G61/><T72/><D72/><U103/><E103/><V111/><F34/><W14/><G38/><T79/><D79/><U7/><E7/><V102/><F76/><W68/><G36/><T97/><D97/><U106/><E106/><V39/><F39/><W130/><G77/><T113/><D113/><U120/><E120/><V59/><F37/><W45/><G130/><T23/><AGARI ba="1,3" hai="15,19,23,51,53,57,58,60,65,92,94,95,108,109" machi="23" ten="30,2000,0" yaku="1,1,0,1,53,0" doraHai="87" doraHaiUra="135" who="0" fromWho="0" sc="141,53,255,-11,190,-6,384,-6" /><INIT seed="6,0,0,2,0,4" ten="194,244,184,378" oya="2" hai0="103,18,119,118,121,35,70,133,13,130,89,93,28" hai1="32,39,55,47,23,131,27,63,10,20,134,37,117" hai2="36,43,84,100,107,102,52,88,21,111,90,25,24" hai3="135,6,41,45,96,81,66,74,126,112,60,67,42"/><V31/><F111/><W109/><G109/><T19/><D70/><U127/><E117/><N who="0" m="44553" /><D103/><U62/><E32/><V12/><F107/><W114/><G96/><N who="0" m="57391" /><D121/><U132/><E131/><V51/><F43/><W2/><G6/><T99/><D130/><U129/><E129/><V85/><F36/><W11/><G60/><T15/><D99/><U101/><E101/><N who="2" m="39019" /><F25/><W69/><G74/><T92/><D92/><U87/><E27/><V68/><F68/><W95/><G45/><T9/><D133/><U54/><E47/><N who="2" m="27775" /><F12/><W80/><G2/><T97/><D97/><U1/><E1/><V59/><F59/><W44/><G42/><T46/><D46/><U49/><E39/><V3/><F3/><W30/><G41/><T50/><D50/><U64/><E49/><V14/><F14/><W98/><G69/><T104/><D104/><U115/><E37/><V116/><F116/><W124/><G44/><T29/><D35/><U34/><E34/><V56/><F56/><W71/><G30/><T26/><D26/><U0/><E134/><V108/><F108/><W79/><G71/><T72/><D72/><U76/><E132/><V38/><F38/><W57/><G135/><T78/><D78/><U120/><E120/><V61/><F61/><W122/><G79/><T128/><D128/><U5/><E63/><V40/><F40/><W82/><G57/><T16/><D15/><U53/><E62/><V73/><F73/><W17/><G122/><T75/><D75/><U8/><E0/><V110/><F110/><W91/><G67/><T94/><D94/><U77/><E64/><RYUUKYOKU ba="0,0" sc="194,15,244,-15,184,15,378,-15" hai0="9,13,16,18,19,28,29" hai2="21,24,31,84,85,88,90" /><INIT seed="6,1,0,0,5,33" ten="209,229,199,363" oya="2" hai0="27,40,43,20,64,70,106,108,130,73,1,3,2" hai1="120,66,85,22,75,82,125,56,53,41,97,104,29" hai2="116,37,17,67,132,117,68,77,124,34,92,119,5" hai3="95,21,47,107,12,111,8,51,60,19,113,123,88"/><V44/><F34/><W38/><G111/><T35/><D108/><U52/><E75/><V76/><F17/><W61/><G38/><T103/><D73/><U62/><E125/><V0/><F92/><W10/><G107/><T115/><D115/><U131/><E131/><V72/><F77/><W81/><G81/><T63/><D130/><U127/><E127/><V101/><F101/><W79/><G79/><T48/><D48/><U59/><E41/><N who="2" m="22575" /><F124/><W30/><G123/><T118/><D118/><U102/><E120/><V87/><F87/><N who="3" m="52639" /><G113/><T86/><D86/><U65/><E22/><V4/><F4/><W109/><G109/><T110/><D110/><U78/><E29/><V100/><F100/><W25/><G10/><T46/><D46/><U121/><E121/><V89/><F89/><W133/><G133/><T55/><D55/><AGARI ba="1,0" hai="8,12,19,21,25,30,47,51,55,60,61" m="52639" machi="55" ten="30,2000,0" yaku="8,1,54,1" doraHai="33" who="3" fromWho="0" sc="209,-23,229,0,199,0,363,23" /><INIT seed="7,0,0,5,1,115" ten="186,229,199,386" oya="3" hai0="30,32,71,10,47,41,46,75,80,24,127,113,76" hai1="11,72,74,5,128,13,15,20,98,122,81,14,56" hai2="87,27,63,78,95,70,40,99,126,109,96,134,84" hai3="108,105,19,7,129,73,18,91,106,120,22,0,66"/><W62/><G120/><T23/><D113/><U117/><E122/><V116/><F109/><W38/><G73/><T65/><D127/><U85/><E117/><V64/><F126/><W16/><G38/><T49/><D10/><U60/><E98/><V48/><F134/><W83/><G22/><T8/><D8/><U125/><E125/><V82/><F116/><W59/><G91/><T43/><D65/><U79/><E128/><V118/><F118/><W42/><G42/><T67/><D67/><U121/><E121/><V107/><F107/><W68/><G83/><T69/><REACH who="0" step="1"/><D32/><REACH who="0" ten="176,229,199,386" step="2"/><U12/><E11/><V35/><F35/><W57/><G66/><T97/><D97/><U44/><E5/><V124/><F124/><W112/><G7/><T135/><D135/><U86/><E20/><V53/><F40/><W39/><G112/><T101/><D101/><U33/><E33/><V28/><F96/><W21/><G21/><T100/><D100/><U77/><E72/><V90/><F99/><W1/><G106/><T36/><AGARI ba="0,1" hai="23,24,30,36,41,43,46,47,49,69,71,75,76,80" machi="36" ten="20,2700,0" yaku="1,1,0,1,7,1,53,0" doraHai="115" doraHaiUra="58" who="0" fromWho="0" sc="176,37,229,-7,199,-7,386,-13" owari="213,-19.0,222,2.0,192,-31.0,373,48.0" /></mjloggm>