<mjloggm ver="2.3"><GO type="169" lobby="0"/><UN n0="%E3%81%A8%E3%82%82%E3%81%8D%E3%82%85%E3%82%93%E2%99%AA" n1="%E5%B0%B1%E6%B4%BB%E7%94%9F%40%E5%B7%9D%E6%9D%91%E8%BB%8D%E5%9B%A3" n2="%E3%81%98%E3%81%BF%E3%81%84%E3%81%A3%5A" n3="%33%E7%95%AA%44%48%E4%BA%95%E7%AB%AF" dan="16,17,16,16" rate="2106.43,2239.53,2124.60,2107.25" sx="F,M,M,M"/><TAIKYOKU oya="0"/><INIT seed="0,0,0,5,2,70" ten="250,250,250,250" oya="0" hai0="104,3,26,5,46,98,113,49,86,114,99,78,41" hai1="101,51,19,67,34,43,7,65,55,83,62,12,130" hai2="133,2,23,71,90,24,129,93,6,124,53,80,14" hai3="11,42,10,121,94,25,8,33,110,126,64,89,119"/><T85/><D3/><U15/><E34/><V118/><F71/><W116/><G110/><T21/><D5/><U103/><E130/><V30/><F129/><W37/><G126/><T68/><D68/><U134/><E43/><V50/><F2/><W63/><G121/><T32/><D32/><U128/><E134/><V92/><F133/><W76/><G76/><T38/><D113/><U122/><E122/><V35/><F118/><W45/><G63/><T16/><D114/><U74/><E7/><V54/><F124/><W9/><N who="3" m="2048" /><DORA hai="120" /><W28/><REACH who="3" step="1"/><G64/><REACH who="3" ten="250,250,250,240" step="2"/><T17/><D78/><U115/><E62/><V97/><F6/><W0/><G0/><T60/><D60/><U73/><E67/><V79/><F79/><W61/><G61/><T27/><D104/><U77/><E65/><V112/><F112/><W47/><G47/><T117/><D117/><U18/><E77/><V58/><F80/><W106/><G106/><T105/><D105/><U22/><E83/><V72/><F93/><W1/><G1/><T96/><REACH who="0" step="1"/><D49/><REACH who="0" ten="240,250,250,240" step="2"/><U66/><E51/><V95/><F50/><W127/><G127/><T111/><D111/><U135/><E66/><V108/><F108/><W87/><AGARI ba="0,2" hai="25,28,33,37,42,45,87,89,94,116,119" m="2048" machi="87" ten="40,8000,1" yaku="1,1,0,1,52,1,53,1" doraHai="70,120" doraHaiUra="36,13" who="3" fromWho="3" sc="240,-40,250,-20,250,-20,240,100" /><INIT seed="1,0,0,2,5,103" ten="200,230,230,340" oya="1" hai0="53,88,97,100,17,96,56,14,66,0,132,63,22" hai1="3,13,128,65,6,116,77,20,32,83,73,126,67" hai2="79,82,117,80,25,72,57,70,101,61,34,106,47" hai3="75,36,98,64,69,35,76,71,68,39,125,31,95"/><U134/><E116/><V51/><F117/><W40/><G125/><T43/><D132/><U130/><E32/><V89/><F70/><W55/><G64/><T86/><D0/><U102/><E126/><V127/><F127/><W29/><G76/><T81/><D43/><U87/><E73/><V60/><F25/><W33/><G75/><T24/><D66/><U124/><E124/><V78/><F89/><W133/><G133/><T52/><D53/><U44/><E3/><V108/><F57/><W135/><G135/><T94/><REACH who="0" step="1"/><D96/><REACH who="0" ten="190,230,230,340" step="2"/><U112/><E134/><V115/><F115/><W90/><G55/><T9/><D9/><U2/><E2/><V41/><F108/><W131/><G40/><T18/><D18/><U12/><E67/><V105/><F101/><W113/><G113/><T62/><D62/><U123/><E65/><V19/><F19/><W10/><G10/><T118/><D118/><U30/><E102/><V99/><F99/><W119/><G119/><T49/><D49/><U85/><E112/><V120/><F61/><W58/><G39/><T54/><D54/><U28/><E6/><V91/><F60/><W42/><G36/><T84/><D84/><U107/><E87/><V23/><F51/><W110/><G71/><T5/><D5/><U93/><E85/><V4/><F4/><W26/><G69/><T104/><D104/><U11/><E107/><V121/><F106/><W27/><G68/><T45/><D45/><U1/><E44/><V109/><F47/><W92/><G42/><T16/><D16/><U46/><E46/><V7/><F41/><RYUUKYOKU ba="0,1" sc="190,30,230,-10,230,-10,340,-10" hai0="14,17,22,24,52,56,63,81,86,88,94,97,100" /><INIT seed="2,1,1,3,3,106" ten="220,220,220,330" oya="2" hai0="2,40,61,75,3,83,111,51,87,32,5,41,17" hai1="127,102,4,46,84,37,108,118,49,89,27,72,96" hai2="28,35,92,126,33,14,10,114,13,112,44,66,19" hai3="16,48,8,131,18,54,99,36,7,76,42,34,47"/><V120/><F66/><W23/><G34/><T124/><D111/><U9/><E37/><V74/><F120/><W105/><G131/><T90/><D124/><U122/><E108/><V58/><F126/><W25/><G76/><T97/><D32/><U60/><E72/><V43/><F74/><W85/><G85/><T70/><D17/><U38/><E38/><V15/><F35/><W129/><G129/><T29/><D29/><U52/><E127/><V39/><F28/><W93/><G105/><T26/><D26/><U86/><E118/><V91/><F33/><W56/><G18/><T62/><D75/><U20/><E60/><V123/><F123/><W31/><G31/><T50/><D97/><U80/><E86/><V53/><F114/><W113/><G113/><T78/><D87/><U94/><E122/><V24/><F24/><W121/><G121/><T117/><D5/><U1/><E27/><V11/><F11/><W22/><G22/><T0/><D0/><U21/><AGARI ba="1,1" hai="1,4,9,20,21,46,49,52,80,84,89,94,96,102" machi="21" ten="30,2000,0" yaku="0,1,54,1" doraHai="106" who="1" fromWho="1" sc="220,-6,220,33,220,-11,330,-6" /><INIT seed="3,0,0,2,2,52" ten="214,253,209,324" oya="3" hai0="22,130,104,40,74,37,44,23,35,41,16,10,98" hai1="118,81,127,76,63,8,79,55,36,92,12,78,20" hai2="30,62,53,65,46,43,71,51,33,133,27,9,66" hai3="105,124,97,108,4,2,68,77,88,107,91,61,1"/><W70/><G77/><T19/><D35/><U5/><E36/><V131/><F133/><W125/><G61/><T120/><D120/><U13/><E127/><V135/><F135/><W75/><G4/><T93/><D104/><U109/><E109/><V90/><F131/><W6/><G6/><T103/><D130/><U115/><E115/><V100/><F9/><W102/><G102/><T42/><D74/><U26/><E13/><V39/><F66/><W87/><G87/><T116/><D10/><U95/><E81/><V64/><F64/><W50/><G50/><T132/><D132/><U29/><REACH who="1" step="1"/><E118/><REACH who="1" ten="214,243,209,324" step="2"/><V80/><F80/><W110/><G75/><T54/><D116/><U122/><E122/><V34/><F100/><W101/><G101/><T121/><D121/><U119/><E119/><V17/><F90/><W47/><G97/><T3/><D3/><U73/><E73/><V126/><F126/><W48/><G124/><T57/><D37/><U83/><E83/><V24/><F39/><W129/><G125/><T69/><D69/><U117/><E117/><V14/><F34/><W84/><G129/><T99/><D99/><U58/><AGARI ba="0,1" hai="5,8,12,20,26,29,55,58,63,76,78,79,92,95" machi="58" ten="30,7900,0" yaku="1,1,0,1,8,1,52,1,53,0" doraHai="52" doraHaiUra="111" who="1" fromWho="1" sc="214,-20,243,89,209,-20,324,-39" /><INIT seed="4,0,0,5,4,4" ten="194,332,189,285" oya="0" hai0="3,63,35,66,33,60,91,34,43,30,45,101,124" hai1="44,40,13,48,130,114,57,21,52,103,61,133,6" hai2="85,51,81,37,87,131,56,77,16,53,112,8,119" hai3="73,126,58,69,100,62,26,75,84,78,36,7,113"/><T31/><D124/><U107/><E130/><V89/><F37/><W39/><G126/><T95/><D101/><U65/><E133/><V99/><F131/><W83/><G113/><T25/><D3/><U49/><E114/><V70/><F70/><W79/><G69/><T24/><D66/><U129/><E129/><V41/><F112/><W22/><G100/><T32/><D32/><U86/><E86/><V14/><F119/><W120/><G120/><T0/><D0/><U68/><E103/><V55/><F99/><W106/><G106/><T102/><D35/><U67/><E107/><V28/><F28/><W1/><G7/><T134/><D102/><U115/><E115/><V135/><F135/><W42/><G1/><T23/><D23/><U15/><E6/><V12/><F12/><W19/><G42/><T46/><D134/><U10/><E10/><V117/><F117/><W125/><G125/><T93/><D43/><U132/><E132/><V127/><F41/><W72/><REACH who="3" step="1"/><G79/><REACH who="3" ten="194,332,189,275" step="2"/><T29/><D29/><U90/><E68/><V74/><F127/><W109/><G109/><T118/><D118/><U110/><E40/><V92/><F55/><AGARI ba="0,1" hai="19,22,26,36,39,55,58,62,72,73,75,78,83,84" machi="55" ten="40,2600,0" yaku="1,1,53,1" doraHai="4" doraHaiUra="54" who="3" fromWho="2" sc="194,0,332,0,189,-26,275,36" /><INIT seed="5,0,0,0,2,70" ten="194,332,163,311" oya="1" hai0="53,27,44,20,106,105,77,108,55,9,64,90,35" hai1="117,17,59,62,82,47,57,61,126,14,130,103,6" hai2="113,31,29,111,10,112,88,36,7,76,97,50,19" hai3="38,26,21,134,68,78,1,99,114,42,33,125,48"/><U52/><E117/><V4/><F76/><W131/><G1/><T69/><D108/><U91/><E130/><V127/><F111/><W0/><G0/><T89/><D77/><U94/><E126/><V30/><F50/><W86/><G68/><T75/><D75/><U46/><E6/><V40/><F19/><W22/><G33/><T24/><D35/><U60/><E103/><V58/><F58/><W45/><G125/><T124/><D69/><U65/><E82/><V18/><F18/><W43/><G134/><T121/><D44/><U71/><E71/><V98/><F127/><W28/><G114/><N who="2" m="44137" /><F98/><W12/><G99/><T3/><D124/><U72/><E72/><V115/><N who="2" m="44145" /><V23/><DORA hai="133" /><F23/><W116/><G116/><T67/><D20/><U80/><E80/><V128/><F128/><W11/><G22/><T16/><D16/><U81/><E81/><V15/><F7/><W84/><G78/><T74/><D74/><U132/><E61/><V5/><F4/><W95/><G131/><T96/><D96/><N who="1" m="57439" /><E132/><V100/><F100/><W109/><G109/><T107/><D107/><U79/><E79/><V56/><F56/><W63/><G63/><T51/><D51/><U101/><E101/><V49/><F49/><W119/><G48/><T120/><REACH who="0" step="1"/><D3/><REACH who="0" ten="184,332,163,311" step="2"/><U129/><E129/><V37/><F40/><W25/><G43/><T83/><D83/><U8/><AGARI ba="0,1" hai="8,14,17,46,47,52,57,59,60,62,65" m="57439" machi="8" ten="30,3000,0" yaku="8,1,54,1" doraHai="70,133" who="1" fromWho="1" sc="184,-10,332,40,163,-10,311,-10" /><INIT seed="5,1,0,2,5,97" ten="174,372,153,301" oya="1" hai0="130,55,3,75,86,78,92,99,77,37,24,127,44" hai1="18,49,21,0,87,33,51,59,89,9,65,120,68" hai2="76,29,61,106,81,11,39,17,85,1,15,102,63" hai3="25,23,4,50,131,91,109,128,93,116,52,84,132"/><U133/><E33/><V104/><F39/><W105/><G109/><T53/><D3/><U64/><E68/><V98/><F106/><W124/><G124/><T101/><D127/><U38/><E38/><V60/><F1/><W6/><G132/><T96/><D75/><U19/><E133/><V45/><F45/><N who="3" m="27727" /><G105/><T119/><D119/><U72/><E72/><V123/><REACH who="2" step="1"/><F29/><REACH who="2" ten="174,372,143,301" step="2"/><W113/><G116/><T56/><D37/><U22/><E120/><AGARI ba="1,1" hai="11,15,17,60,61,63,76,81,85,98,102,104,120,123" machi="120" ten="40,5200,0" yaku="1,1,2,1,52,1,53,0" doraHai="97" doraHaiUra="30" who="2" fromWho="1" sc="174,0,372,-55,143,65,301,0" /><INIT seed="6,0,0,5,5,94" ten="174,317,208,301" oya="2" hai0="123,14,6,18,40,74,55,132,16,47,92,22,66" hai1="51,56,95,59,72,64,57,109,110,81,133,43,134" hai2="7,126,63,91,68,15,112,73,17,0,116,24,45" hai3="65,87,77,125,20,101,60,46,2,9,96,88,106"/><V107/><F73/><W33/><G33/><T23/><D132/><N who="1" m="50795" /><E95/><V90/><F107/><W97/><G125/><T99/><D74/><U5/><E5/><V37/><F116/><W39/><G77/><T86/><D123/><U11/><E11/><V44/><F37/><W82/><G20/><N who="0" m="7723" /><D66/><U28/><E28/><V52/><F68/><W41/><G97/><T49/><D86/><U113/><E113/><V26/><F0/><W93/><G2/><T104/><D104/><U80/><E64/><V121/><F7/><W131/><G9/><N who="0" m="4407" /><D40/><U54/><E43/><V135/><F135/><W128/><REACH who="3" step="1"/><G106/><REACH who="3" ten="174,317,208,291" step="2"/><T19/><D19/><U127/><E127/><V85/><F126/><W118/><G118/><T120/><D120/><U34/><E34/><V102/><F121/><W84/><G84/><T78/><D78/><U21/><E21/><V89/><F85/><W71/><AGARI ba="0,1" hai="39,41,46,60,65,71,82,87,88,93,96,101,128,131" machi="71" ten="30,8000,1" yaku="1,1,0,1,52,1,54,1,53,1" doraHai="94" doraHaiUra="79" who="3" fromWho="3" sc="174,-20,317,-20,208,-40,291,90" /><INIT seed="7,0,0,0,3,64" ten="154,297,168,381" oya="3" hai0="104,74,48,53,103,38,73,50,81,87,15,115,135" hai1="105,1,107,99,31,86,84,70,85,18,5,119,120" hai2="79,91,55,75,12,78,26,122,67,95,30,8,88" hai3="19,41,22,2,63,60,0,27,21,20,121,49,13"/><W112/><G112/><T89/><D38/><U118/><E31/><V128/><F128/><W32/><G121/><T52/><D135/><U65/><E18/><V111/><F111/><W132/><G132/><T10/><D115/><U69/><E65/><V25/><F122/><W92/><G32/><T116/><D116/><N who="1" m="44587" /><E120/><V101/><F75/><W46/><G2/><T98/><D50/><U44/><E44/><V56/><F67/><W42/><G0/><T37/><D37/><U4/><E99/><N who="2" m="57831" /><F101/><W114/><G114/><T61/><D61/><N who="3" m="23625" /><G42/><T28/><D28/><U83/><E83/><V17/><F30/><W47/><G46/><T126/><D126/><U34/><E34/><V24/><F91/><W3/><G3/><T35/><D35/><U76/><E76/><V90/><F90/><W102/><G27/><T130/><D130/><U33/><E33/><V106/><F106/><N who="1" m="40457" /><E1/><V113/><F113/><W72/><G72/><T82/><D82/><U71/><AGARI ba="0,0" hai="4,5,69,70,71,84,85,86" m="40457,44587" machi="71" ten="50,12000,2" yaku="28,2,12,1,52,3" doraHai="64" who="1" fromWho="1" sc="154,-30,297,120,168,-30,381,-60" owari="124,-38.0,417,52.0,138,-26.0,321,12.0" /></mjloggm>