<mjloggm ver="2.3"><GO type="225" lobby="0"/><UN n0="%E5%B0%B1%E6%B4%BB%E7%94%9F%40%E5%B7%9D%E6%9D%91%E8%BB%8D%E5%9B%A3" n1="%E3%83%89%E3%83%90%E3%82%AF%E3%83%81%E5%A4%A7%E9%87%8E" n2="%67%61%68%61%68%61%37" n3="%E4%B8%8A%E5%AE%B6%E9%B3%B4%E3%81%8B%E3%81%9B%E3%82%8D" dan="17,17,16,16" rate="2172.92,2190.68,2056.02,2095.08" sx="M,M,M,M"/><TAIKYOKU oya="0"/><INIT seed="0,0,0,3,0,86" ten="250,250,250,250" oya="0" hai0="7,12,93,102,74,33,8,43,106,41,126,1,131" hai1="26,122,104,118,96,19,70,54,0,124,81,39,101" hai2="68,9,5,32,85,133,115,18,37,73,6,129,48" hai3="21,135,89,90,78,36,94,113,97,45,92,58,60"/><T49/><D74/><U14/><E0/><V121/><F37/><W3/><G3/><T25/><D106/><U42/><E70/><V103/><F73/><W11/><G113/><T125/><D131/><U31/><E118/><V28/><F129/><W65/><G135/><T62/><D62/><U109/><E124/><N who="0" m="47721" /><D1/><U51/><E109/><V64/><F133/><W16/><G11/><T108/><D108/><U130/><E130/><V57/><F121/><W61/><G61/><T112/><D112/><U100/><E100/><V88/><F103/><W71/><G71/><T128/><D128/><U95/><E81/><V77/><F77/><W2/><G2/><T20/><D49/><U10/><E39/><V46/><F115/><W69/><G69/><T119/><D33/><U44/><E122/><V83/><F68/><W38/><G78/><T132/><D132/><U107/><REACH who="1" step="1"/><E42/><REACH who="1" ten="250,240,250,250" step="2"/><V120/><F120/><W98/><REACH who="3" step="1"/><G45/><REACH who="3" ten="250,240,250,240" step="2"/><T47/><D47/><U105/><E105/><V84/><F46/><W15/><AGARI ba="0,2" hai="15,16,21,36,38,58,60,65,89,90,92,94,97,98" machi="15" ten="20,16000,3" yaku="1,1,2,1,0,1,7,1,9,1,52,2,54,1,53,1" doraHai="86" doraHaiUra="55" who="3" fromWho="3" sc="250,-80,240,-40,250,-40,240,180" /><INIT seed="1,0,0,1,5,102" ten="170,200,210,420" oya="1" hai0="59,28,4,134,104,131,75,87,55,51,74,21,52" hai1="89,95,114,77,67,126,33,79,116,109,56,100,64" hai2="85,2,42,122,46,3,62,113,130,38,123,125,15" hai3="66,57,31,70,91,48,23,7,69,72,119,106,71"/><U111/><E33/><V118/><F113/><W10/><G72/><T12/><D131/><U11/><E114/><V83/><F118/><W34/><G34/><T101/><D134/><U68/><E68/><V88/><F130/><W117/><G106/><T5/><D87/><U14/><E116/><N who="3" m="44618" /><G91/><T63/><D101/><U92/><E100/><V24/><F125/><W43/><G43/><T8/><D104/><U96/><E92/><V25/><F15/><W78/><G78/><N who="1" m="29706" /><E56/><V18/><F62/><N who="3" m="38223" /><G48/><T54/><D4/><U36/><E36/><V97/><F97/><W81/><G81/><T47/><REACH who="0" step="1"/><D55/><REACH who="0" ten="160,200,210,420" step="2"/><U50/><E126/><V133/><F133/><W105/><G105/><T73/><D73/><U107/><E107/><V65/><F65/><W86/><G86/><T93/><D93/><U1/><E67/><V120/><REACH who="2" step="1"/><F18/><REACH who="2" ten="160,200,200,420" step="2"/><W44/><G7/><T61/><D61/><U128/><E64/><V82/><F82/><W0/><G0/><AGARI ba="0,2" hai="0,2,3,24,25,38,42,46,83,85,88,120,122,123" machi="0" ten="50,6400,0" yaku="1,1,54,1,53,1" doraHai="102" doraHaiUra="40" who="2" fromWho="3" sc="160,0,200,0,200,84,420,-64" /><INIT seed="2,0,0,4,0,122" ten="160,200,284,356" oya="2" hai0="25,83,44,8,39,21,80,5,104,84,86,107,43" hai1="94,11,105,56,130,126,36,48,109,113,42,135,46" hai2="19,124,57,100,30,12,41,120,10,37,106,114,16" hai3="123,66,125,27,58,69,20,91,51,63,72,29,128"/><V28/><F120/><W77/><G123/><T96/><D96/><U82/><E105/><V71/><F114/><W13/><G125/><T6/><D104/><U103/><E113/><V134/><F71/><W7/><G128/><T45/><D107/><U131/><E126/><V0/><F124/><W18/><G7/><T34/><D34/><U1/><E82/><V101/><F0/><W110/><G110/><T24/><D21/><U70/><E70/><V15/><F134/><W47/><G91/><T2/><D39/><U67/><E135/><V52/><F41/><W115/><G115/><T85/><D43/><U92/><E109/><V79/><F37/><W119/><G119/><T62/><D62/><N who="1" m="38343" /><E103/><N who="2" m="39499" /><F79/><W129/><G129/><N who="1" m="49162" /><E36/><V117/><F106/><W81/><G69/><T55/><D55/><U89/><E89/><V121/><F117/><W22/><G51/><T61/><D61/><U40/><E40/><V38/><F38/><W9/><REACH who="3" step="1"/><G47/><REACH who="3" ten="160,200,284,346" step="2"/><T68/><D68/><U64/><E64/><V26/><F121/><W74/><G74/><T35/><D35/><AGARI ba="0,1" hai="9,13,18,20,22,27,29,35,58,63,66,72,77,81" machi="35" ten="30,2000,0" yaku="1,1,7,1,53,0" doraHai="122" doraHaiUra="50" who="3" fromWho="0" sc="160,-20,200,0,284,0,346,30" /><INIT seed="3,0,0,3,4,22" ten="140,200,284,376" oya="3" hai0="46,116,31,94,71,135,20,50,89,109,41,10,134" hai1="75,8,83,90,110,58,131,6,133,78,21,17,51" hai2="97,32,122,118,49,86,132,114,123,98,115,45,119" hai3="72,105,87,35,29,80,88,121,59,42,64,117,66"/><W104/><G117/><N who="2" m="44553" /><F32/><W34/><G121/><N who="2" m="46089" /><F49/><W127/><G127/><T14/><D116/><U108/><E131/><V27/><F45/><W126/><G126/><T76/><D109/><U70/><E70/><V25/><F86/><W15/><G72/><T106/><D71/><U113/><E90/><V12/><F12/><W102/><G42/><T68/><D106/><U62/><E133/><V38/><F38/><W60/><G66/><T74/><D68/><U16/><E51/><V61/><F61/><W100/><G35/><T54/><D74/><U93/><E93/><V84/><F84/><W9/><G104/><T43/><D76/><U52/><E113/><N who="2" m="43019" /><F132/><W130/><G105/><T48/><D134/><U85/><E85/><V69/><F69/><W95/><G34/><T55/><D135/><U1/><REACH who="1" step="1"/><E17/><REACH who="1" ten="140,190,284,376" step="2"/><V107/><F107/><W73/><G73/><T39/><D39/><U120/><E120/><V124/><F124/><W18/><G18/><T2/><D89/><U4/><E4/><V7/><F7/><W24/><G88/><T81/><D94/><U44/><E44/><V23/><F23/><W0/><G95/><T96/><D81/><U103/><E103/><V82/><F82/><W92/><G100/><T99/><D99/><AGARI ba="0,1" hai="25,27,97,98,99" m="43019,46089,44553" machi="99" ten="40,8000,1" yaku="28,2,13,1,52,2" doraHai="22" who="2" fromWho="0" sc="140,-80,190,0,284,90,376,0" owari="60,-44.0,190,-21.0,374,17.0,376,48.0" /></mjloggm>