<mjloggm ver="2.3"><GO type="169" lobby="0"/><UN n0="%7A%65%61%6C%E2%88%AB" n1="%E3%81%91%E3%81%84%E3%81%99%E3%81%91%EF%BC%A0%EF%BC%AB%EF%BC%B5" n2="%E5%B0%B1%E6%B4%BB%E7%94%9F%40%E5%B7%9D%E6%9D%91%E8%BB%8D%E5%9B%A3" n3="%E3%82%8A%E3%82%81%E3%82%8D" dan="16,16,17,16" rate="2120.04,2043.76,2200.24,2096.62" sx="M,M,M,F"/><TAIKYOKU oya="0"/><INIT seed="0,0,0,4,1,13" ten="250,250,250,250" oya="0" hai0="83,99,111,43,65,134,61,122,31,69,60,101,2" hai1="87,113,77,17,95,38,110,103,102,90,1,27,41" hai2="79,29,53,123,3,11,0,28,58,78,40,35,81" hai3="70,91,55,45,7,54,39,32,125,24,56,62,106"/><T85/><D122/><U128/><E1/><V100/><F123/><W5/><G106/><T130/><D2/><U124/><E110/><V84/><F100/><W108/><G108/><T30/><D111/><U114/><E128/><V49/><F3/><W71/><G125/><T22/><D134/><U86/><E124/><V44/><F35/><W52/><G71/><T48/><D130/><U10/><E41/><V68/><F68/><W117/><G70/><T74/><D74/><U42/><E42/><V64/><F64/><W9/><G117/><T25/><D61/><U33/><E38/><V76/><F11/><W34/><G91/><T72/><D72/><U46/><E46/><V21/><F0/><W66/><G24/><T121/><D121/><U51/><E51/><V98/><F98/><W80/><G80/><T4/><D4/><U73/><E33/><V94/><F94/><W59/><G7/><T82/><D31/><U126/><E73/><V20/><F29/><W57/><G32/><T119/><D119/><U104/><E126/><V112/><F112/><N who="1" m="43113" /><E104/><V105/><F105/><W116/><G34/><T135/><D135/><U107/><E107/><V115/><F115/><W15/><G116/><T18/><D30/><U12/><E27/><V92/><F92/><W63/><G63/><T88/><D83/><AGARI ba="0,0" hai="10,12,17,77,83,86,87,90,95,102,103" m="43113" machi="83" ten="30,2000,0" yaku="11,1,52,1" doraHai="13" who="1" fromWho="0" sc="250,-20,250,20,250,0,250,0" /><INIT seed="1,0,0,0,3,102" ten="230,270,250,250" oya="1" hai0="64,33,31,96,135,60,67,40,8,42,125,104,41" hai1="129,69,128,22,25,100,95,131,2,35,17,37,0" hai2="90,77,92,13,18,83,65,27,99,7,38,94,61" hai3="36,79,29,45,23,66,105,108,57,59,12,78,119"/><U112/><E69/><V85/><F38/><W74/><G108/><T109/><D109/><U20/><E37/><V26/><F7/><W103/><G119/><T11/><D125/><U70/><E70/><V4/><F4/><W86/><G74/><T55/><D135/><U89/><E100/><V50/><F50/><W53/><G66/><T113/><D55/><U52/><E112/><V82/><F82/><W6/><G59/><T106/><D113/><U47/><E35/><V32/><F32/><W134/><G86/><T123/><D123/><U91/><E22/><V130/><F130/><W16/><G134/><T93/><D31/><U9/><E9/><V51/><F51/><W15/><G29/><T80/><D33/><U10/><E10/><V111/><F111/><W127/><G6/><T19/><D64/><U21/><E21/><V49/><F49/><W126/><G12/><T118/><D118/><U110/><E110/><V117/><F117/><W84/><G45/><T75/><D19/><U121/><E121/><V43/><F43/><W116/><G36/><T1/><D1/><N who="1" m="619" /><E95/><V72/><F18/><W54/><G116/><T114/><D114/><U115/><E115/><V132/><F13/><W56/><G56/><N who="0" m="37255" /><D11/><U46/><E46/><V62/><F132/><W73/><G53/><T48/><D8/><U88/><E47/><V133/><F133/><W81/><G79/><N who="0" m="44159" /><D48/><U3/><N who="1" m="627" /><U124/><DORA hai="87" /><E52/><V14/><F14/><W30/><G30/><T71/><D71/><U122/><E122/><V101/><F62/><N who="3" m="36151" /><G73/><T76/><D76/><U24/><E24/><RYUUKYOKU ba="0,0" sc="230,0,270,0,250,0,250,0" hai0="40,41,42,93,96,104,106" hai1="17,20,25,88,89,91,124,128,129,131" hai2="26,27,61,65,72,77,83,85,90,92,94,99,101" hai3="15,16,23,78,81,84,103,105,126,127" /><INIT seed="1,1,0,2,5,99" ten="230,270,250,250" oya="1" hai0="76,123,17,82,97,32,90,83,105,88,59,11,106" hai1="39,75,60,43,15,58,25,133,55,103,20,35,66" hai2="6,71,80,96,79,5,130,26,113,8,117,126,114" hai3="135,4,78,3,50,18,73,29,13,87,36,46,131"/><U38/><E75/><V68/><F117/><W48/><G36/><T42/><D32/><U12/><E133/><V112/><F130/><W95/><G135/><T1/><D42/><U86/><E35/><V28/><F126/><W23/><G131/><T51/><D1/><U89/><E103/><V7/><F96/><W134/><G134/><T40/><D11/><U33/><E33/><N who="2" m="20631" /><F8/><W31/><G73/><AGARI ba="1,0" hai="5,6,7,68,71,73,79,80,112,113,114" m="20631" machi="73" ten="40,1300,0" yaku="11,1" doraHai="99" who="2" fromWho="3" sc="230,0,270,0,250,16,250,-16" /><INIT seed="2,0,0,1,1,14" ten="230,270,266,234" oya="2" hai0="124,22,84,90,99,118,110,20,25,123,6,134,31" hai1="98,40,26,10,86,66,112,8,49,68,89,17,9" hai2="70,3,52,27,54,59,115,44,24,56,104,38,42" hai3="114,5,88,51,37,103,126,83,122,15,111,35,62"/><V65/><F3/><W95/><G37/><T117/><D123/><U18/><E112/><V0/><F0/><W64/><G122/><T57/><D110/><U36/><E36/><V13/><F104/><W108/><G114/><T47/><D124/><U102/><E68/><V131/><F115/><W132/><G35/><T119/><D134/><U96/><E66/><V107/><F107/><W85/><G126/><T92/><D47/><N who="1" m="25831" /><E26/><V80/><F80/><W129/><G132/><T53/><D6/><U125/><E125/><V94/><F94/><W100/><G129/><T55/><D22/><U77/><E77/><V63/><F13/><W105/><G105/><T128/><D128/><U97/><E102/><V46/><F131/><W41/><G83/><AGARI ba="0,0" hai="8,9,10,17,18,83,86,89,96,97,98" m="25831" machi="83" ten="30,3900,0" yaku="8,1,52,2" doraHai="14" who="1" fromWho="3" sc="230,0,270,39,266,0,234,-39" /><INIT seed="3,0,0,5,5,32" ten="230,309,266,195" oya="3" hai0="40,106,43,129,71,56,30,92,87,124,130,61,82" hai1="65,16,94,42,31,74,64,66,109,76,55,67,96" hai2="86,69,105,120,22,101,104,3,21,79,35,9,83" hai3="115,47,72,114,119,88,13,0,24,53,95,41,123"/><W33/><G72/><T89/><D106/><U84/><E109/><V99/><F35/><W68/><G119/><T45/><D71/><U29/><E74/><V93/><F120/><W125/><G123/><T85/><D30/><U27/><E42/><V112/><F69/><W49/><G125/><T91/><D124/><U100/><E55/><V48/><F112/><W110/><G68/><T10/><D10/><U128/><E128/><N who="0" m="49257" /><D45/><U57/><E57/><V103/><F48/><W131/><G131/><T23/><D23/><N who="1" m="13799" /><E67/><AGARI ba="0,0" hai="40,43,56,61,67,82,85,87,89,91,92" m="49257" machi="67" ten="30,1000,0" yaku="19,1" doraHai="32" who="0" fromWho="1" sc="230,10,309,-10,266,0,195,0" /><INIT seed="4,0,0,3,4,36" ten="240,299,266,195" oya="0" hai0="17,8,92,54,134,126,14,25,32,74,107,76,29" hai1="16,40,71,20,60,90,0,85,100,72,46,35,62" hai2="96,44,56,97,43,127,3,65,11,111,78,117,75" hai3="50,79,6,110,21,129,15,89,105,135,120,121,22"/><T130/><D107/><U9/><E72/><V119/><F111/><W30/><G110/><T31/><D126/><U68/><E35/><V108/><F108/><W13/><G105/><T115/><D115/><U125/><E100/><V116/><F127/><W1/><G79/><T94/><D130/><U26/><E125/><V102/><F65/><W80/><G129/><T2/><D134/><U48/><E68/><V104/><F56/><W7/><G50/><T86/><D74/><U49/><E71/><V24/><F24/><N who="3" m="16663" /><G89/><T124/><D31/><U42/><E0/><V118/><F97/><W132/><G80/><T28/><D28/><U66/><E9/><V67/><F67/><W51/><G51/><T10/><D10/><U12/><E26/><V47/><F47/><W57/><G57/><T77/><D2/><U19/><E19/><V131/><F131/><W23/><G1/><T4/><D77/><U123/><E123/><N who="3" m="47178" /><G21/><T27/><D76/><U52/><E66/><V106/><F106/><W87/><G87/><T53/><D86/><U5/><E5/><N who="3" m="1546" /><G23/><N who="0" m="13551" /><D124/><U99/><E99/><V103/><F3/><W18/><G18/><T73/><D73/><U109/><E109/><V58/><F116/><W95/><G95/><T83/><D83/><N who="1" m="49471" /><E48/><N who="2" m="26655" /><F11/><W69/><G69/><T93/><D93/><U61/><AGARI ba="0,0" hai="12,16,20,40,42,46,49,52,60,61,62" m="49471" machi="61" ten="30,8000,1" yaku="8,1,52,2,54,2" doraHai="36" who="1" fromWho="1" sc="240,-40,299,80,266,-20,195,-20" /><INIT seed="5,0,0,4,3,10" ten="200,379,246,175" oya="1" hai0="19,50,111,61,81,132,20,0,55,25,125,40,82" hai1="67,42,15,62,21,8,129,1,48,59,88,120,11" hai2="14,43,46,78,27,23,18,64,17,57,108,30,33" hai3="112,7,116,58,53,102,35,103,101,3,4,77,97"/><U29/><E120/><V93/><F108/><W44/><G35/><T95/><D111/><U126/><E1/><V121/><F121/><W123/><G123/><T24/><D125/><U56/><E126/><V60/><F78/><W65/><G112/><T96/><D132/><U92/><E129/><V9/><F93/><W12/><G3/><T75/><D0/><U83/><E83/><V22/><REACH who="2" step="1"/><F18/><REACH who="2" ten="200,379,236,175" step="2"/><W76/><G76/><T130/><D19/><N who="1" m="10495" /><E29/><V106/><F106/><W128/><G77/><T99/><D95/><U47/><E59/><V70/><F70/><W122/><G122/><T119/><D82/><U71/><E71/><V131/><F131/><W80/><G128/><T36/><D81/><U28/><E28/><V109/><F109/><W41/><G80/><T117/><D130/><U68/><E68/><V38/><AGARI ba="0,1" hai="9,14,17,22,23,27,30,33,38,43,46,57,60,64" machi="38" ten="20,8000,1" yaku="1,1,0,1,7,1,52,1,53,1" doraHai="10" doraHaiUra="37" who="2" fromWho="2" sc="200,-20,379,-40,236,90,175,-20" /><INIT seed="6,0,0,2,3,85" ten="180,339,326,155" oya="2" hai0="133,36,91,55,111,14,135,20,43,106,73,94,33" hai1="80,102,130,59,131,18,57,92,39,25,44,128,104" hai2="9,12,21,76,28,93,134,46,22,53,123,88,78" hai3="11,56,116,99,45,47,84,15,3,74,49,118,70"/><V108/><F123/><W13/><G74/><T62/><D33/><U110/><E104/><V34/><F34/><W19/><G70/><T82/><D106/><U103/><E110/><V38/><F134/><W96/><G3/><T75/><D111/><U79/><E39/><V81/><F108/><W69/><G69/><T60/><D43/><U27/><E44/><V101/><F101/><N who="1" m="38409" /><E92/><V86/><F28/><W0/><G0/><T51/><D60/><U61/><E18/><N who="2" m="8463" /><F38/><W29/><G29/><T4/><D36/><U126/><E126/><V31/><F31/><W50/><G19/><T65/><D94/><U35/><E35/><V132/><F132/><W124/><G84/><T63/><D75/><N who="1" m="43135" /><E59/><V23/><F93/><W97/><G11/><T6/><D73/><U125/><E125/><V54/><F54/><AGARI ba="0,0" hai="25,27,54,57,61,128,130,131" m="43135,38409" machi="54" ten="30,1000,0" yaku="19,1" doraHai="85" who="1" fromWho="2" sc="180,0,339,10,326,-10,155,0" /><INIT seed="7,0,0,5,3,8" ten="180,349,316,155" oya="3" hai0="124,55,40,122,2,61,54,68,14,46,63,76,78" hai1="108,70,32,80,85,57,84,18,111,97,110,118,133" hai2="7,92,48,26,134,106,22,56,75,30,53,116,31" hai3="69,9,115,60,126,86,38,104,21,4,94,51,130"/><W16/><G104/><T47/><D2/><U15/><E70/><V62/><F106/><W64/><G38/><T44/><D124/><U29/><E133/><V65/><F75/><W34/><G126/><T11/><D122/><U49/><E97/><V119/><F134/><W79/><G34/><T17/><D40/><U95/><E95/><V39/><F39/><W82/><G130/><T90/><D68/><U71/><E71/><V120/><F120/><W5/><G115/><T114/><D114/><U129/><E129/><V100/><F31/><W67/><G67/><T109/><D90/><U93/><E93/><V13/><F100/><W112/><G112/><T45/><D45/><U123/><E123/><V41/><F41/><W132/><G132/><T42/><D109/><U10/><E85/><V50/><F92/><W131/><G131/><T101/><D101/><U52/><E118/><V113/><F113/><W43/><G94/><T6/><D6/><U24/><E111/><V66/><F116/><W74/><G74/><T102/><D102/><U59/><E59/><V73/><F73/><W83/><G83/><T72/><D72/><U27/><E27/><V23/><F119/><W87/><G87/><T99/><D99/><U107/><E107/><V3/><F3/><W105/><G105/><T35/><D35/><U103/><E103/><V77/><F77/><AGARI ba="0,0" hai="10,15,18,24,29,32,49,52,57,77,80,84,108,110" machi="77" ten="30,3900,0" yaku="7,1,52,1,54,1" doraHai="8" who="1" fromWho="2" sc="180,0,349,39,316,-39,155,0" owari="180,-22.0,388,48.0,277,8.0,155,-34.0" /></mjloggm>