<mjloggm ver="2.3"><GO type="169" lobby="0"/><UN n0="%E5%B0%B1%E6%B4%BB%E7%94%9F%40%E5%B7%9D%E6%9D%91%E8%BB%8D%E5%9B%A3" n1="%E3%81%82%E3%81%8D%E3%82%89" n2="%E3%82%89%E3%81%8F%E3%81%A0%EF%BC%90%EF%BC%91%EF%BC%90%EF%BC%99" n3="%6A%75%6E%6F%6E" dan="17,16,17,17" rate="2232.16,2090.80,2204.04,2182.69" sx="M,M,M,M"/><TAIKYOKU oya="0"/><INIT seed="0,0,0,1,1,31" ten="250,250,250,250" oya="0" hai0="90,38,116,9,104,63,123,114,36,109,102,48,106" hai1="34,65,11,1,74,25,59,75,70,92,117,22,77" hai2="86,132,130,89,129,66,71,30,13,4,119,16,50" hai3="96,134,43,135,56,15,46,73,6,53,28,21,82"/><T7/><D116/><U95/><E70/><V103/><F119/><W83/><G73/><T26/><D123/><U113/><E117/><V10/><F132/><N who="3" m="50731" /><G96/><T62/><D114/><U57/><E22/><V29/><F103/><W24/><G15/><T112/><D112/><U118/><E118/><V8/><F50/><N who="3" m="30775" /><G6/><T44/><D90/><U69/><E1/><V105/><F105/><W110/><G110/><T49/><D26/><U121/><E121/><V32/><F66/><W40/><G40/><T68/><D102/><U125/><E65/><V51/><F71/><W45/><G45/><T131/><D131/><N who="2" m="50186" /><F51/><AGARI ba="0,0" hai="21,24,28,43,46,51,82,83" m="30775,50731" machi="51" ten="30,1000,0" yaku="20,1" doraHai="31" who="3" fromWho="2" sc="250,0,250,0,250,-10,250,10" /><INIT seed="1,0,0,5,1,65" ten="250,250,240,260" oya="1" hai0="66,109,98,96,61,115,107,0,3,119,80,104,82" hai1="112,27,111,84,62,4,86,21,49,133,26,93,57" hai2="51,35,99,73,81,33,2,42,20,105,8,29,41" hai3="114,94,78,121,113,117,58,72,118,25,38,54,100"/><U83/><E112/><V32/><F29/><W28/><G121/><T76/><D119/><N who="3" m="45577" /><G38/><T11/><D115/><U64/><E133/><V7/><F20/><N who="3" m="15399" /><G78/><T9/><D66/><U17/><E111/><V135/><F135/><W131/><G72/><T46/><D76/><U123/><E123/><V14/><F73/><W91/><G100/><T22/><D61/><U1/><E1/><V18/><F81/><W52/><G54/><T69/><D22/><U74/><E4/><V128/><F128/><W44/><G44/><T68/><REACH who="0" step="1"/><D46/><REACH who="0" ten="240,250,240,260" step="2"/><U50/><E64/><V39/><F32/><W106/><G131/><T48/><D48/><U59/><E62/><V15/><F51/><N who="3" m="31007" /><G106/><T36/><D36/><U85/><E49/><V120/><F39/><W56/><G56/><T125/><D125/><U89/><E50/><V37/><F37/><W71/><G113/><T102/><D102/><U30/><E59/><V43/><F33/><W90/><G114/><T127/><D127/><U5/><E57/><V23/><F35/><W13/><G90/><T108/><AGARI ba="0,1" hai="0,3,9,11,68,69,80,82,96,98,104,107,108,109" machi="108" ten="25,12000,2" yaku="1,1,0,1,22,2,52,2,53,0" doraHai="65" doraHaiUra="110" who="0" fromWho="0" sc="240,130,250,-60,240,-30,260,-30" /><INIT seed="2,0,0,2,5,54" ten="370,190,210,230" oya="2" hai0="116,52,46,75,126,30,48,98,64,58,56,22,79" hai1="86,18,106,47,97,11,17,8,21,60,96,77,33" hai2="50,2,55,111,72,29,68,115,31,135,91,43,14" hai3="90,88,27,129,132,84,103,42,15,44,69,53,16"/><V24/><F2/><W122/><G122/><T110/><D110/><U82/><E33/><V12/><F68/><W108/><G108/><T66/><D126/><U113/><E113/><V123/><F123/><W119/><G119/><T125/><D125/><U39/><E106/><V112/><F72/><W130/><G69/><T19/><D30/><U78/><E78/><V34/><F111/><W0/><G0/><T81/><D98/><U63/><E39/><V51/><F135/><W118/><G118/><T61/><D116/><U128/><E47/><V120/><F120/><W94/><G132/><T107/><D107/><U124/><E128/><N who="3" m="49258" /><G27/><T93/><D93/><U104/><E104/><V38/><F38/><N who="3" m="21591" /><G53/><T9/><D9/><U73/><E73/><V99/><F43/><W101/><G90/><T121/><D121/><U89/><E89/><V3/><F3/><W87/><G87/><T100/><D100/><U85/><E124/><V95/><F115/><W117/><G117/><T4/><D4/><U26/><E86/><V65/><F112/><W59/><G59/><T83/><D83/><U32/><E32/><V49/><F55/><W25/><G25/><T105/><D105/><U131/><E131/><V76/><F76/><W5/><G5/><T36/><D36/><U37/><E37/><V80/><F24/><W13/><G13/><T134/><D134/><U71/><E71/><V35/><F35/><W40/><G40/><N who="0" m="24647" /><D58/><U62/><E18/><V7/><F34/><W109/><G109/><T114/><D114/><U133/><E133/><V67/><F7/><W28/><G28/><RYUUKYOKU ba="0,0" sc="370,10,190,10,210,-30,230,10" hai0="19,22,52,56,61,64,66,75,79,81" hai1="8,11,17,21,26,60,62,63,77,82,85,96,97" hai3="15,16,84,88,94,101,103" /><INIT seed="3,1,0,4,2,72" ten="380,200,180,240" oya="3" hai0="107,5,15,111,4,84,115,87,8,30,99,33,75" hai1="34,56,82,112,66,9,79,3,86,39,13,78,18" hai2="96,100,14,61,35,23,101,121,104,40,108,54,25" hai3="117,116,133,58,73,21,81,38,98,19,91,122,26"/><W113/><G113/><T32/><D75/><U130/><E39/><V41/><F108/><W135/><G122/><T67/><D111/><U27/><E112/><V53/><F121/><W125/><G38/><T22/><D115/><U83/><E3/><V105/><F35/><W77/><G58/><T94/><D107/><U109/><E130/><V88/><F14/><W57/><G125/><T110/><D110/><U36/><E36/><V11/><F11/><W124/><G124/><T65/><D32/><U69/><E69/><V80/><F61/><W6/><G6/><T52/><D33/><U132/><E132/><N who="3" m="50762" /><G57/><T48/><D5/><U93/><E109/><V49/><F53/><W0/><G0/><T85/><D22/><U60/><E93/><AGARI ba="1,0" hai="19,21,26,73,77,81,91,93,98,116,117" m="50762" machi="93" ten="30,2900,0" yaku="20,1,52,1" doraHai="72" who="3" fromWho="1" sc="380,0,200,-32,180,0,240,32" /><INIT seed="3,2,0,3,3,94" ten="380,168,180,272" oya="3" hai0="54,21,103,88,23,125,134,59,4,66,22,18,126" hai1="72,13,114,76,128,30,63,80,26,33,110,78,104" hai2="45,109,5,120,89,1,102,129,84,85,42,8,127" hai3="82,11,28,16,69,108,0,131,15,122,77,31,130"/><W70/><G122/><T118/><D118/><U51/><E114/><V119/><F119/><W86/><G0/><T65/><D134/><U9/><E110/><V105/><F109/><W24/><G108/><T62/><D4/><U34/><E128/><N who="3" m="49194" /><G28/><T73/><D73/><U29/><E104/><V61/><F129/><W111/><G111/><T58/><D103/><U53/><E63/><V101/><F120/><W68/><G68/><T56/><D18/><U115/><E78/><V44/><F105/><W96/><G96/><T98/><D54/><U17/><E115/><V100/><F127/><N who="0" m="48650" /><D62/><U64/><E64/><N who="0" m="24681" /><D88/><U113/><E113/><V83/><F61/><W43/><G43/><T37/><D37/><U99/><E99/><AGARI ba="2,0" hai="21,22,23,56,58,59,98,99" m="24681,48650" machi="99" ten="40,8000,1" yaku="28,2,18,1,52,2" doraHai="94" who="0" fromWho="1" sc="380,86,168,-86,180,0,272,0" /><INIT seed="4,0,0,1,0,74" ten="466,82,180,272" oya="0" hai0="33,40,60,1,110,36,114,29,78,8,41,91,63" hai1="0,69,127,129,102,112,58,123,109,11,101,30,106" hai2="18,46,22,6,86,42,47,82,50,38,93,54,70" hai3="55,37,43,27,96,87,126,77,17,10,28,56,104"/><T108/><D114/><U72/><RYUUKYOKU type="yao9" ba="0,0" sc="466,0,82,0,180,0,272,0" hai1="0,11,30,58,69,72,101,102,106,109,112,123,127,129" /><INIT seed="4,1,0,3,3,64" ten="466,82,180,272" oya="0" hai0="84,74,50,49,42,6,97,17,100,71,83,72,57" hai1="60,78,82,34,81,70,20,40,56,66,134,132,36" hai2="59,26,67,105,126,55,122,102,39,30,18,73,111" hai3="104,94,2,92,51,85,103,14,15,47,19,108,31"/><T23/><D71/><U13/><E34/><V93/><F39/><W89/><G2/><T11/><D72/><U33/><E33/><V113/><F122/><W109/><G104/><T48/><D74/><U98/><E98/><V16/><F73/><W118/><G118/><T52/><D42/><U125/><E125/><V45/><F113/><W41/><G31/><T76/><D6/><U1/><E1/><V131/><F126/><W29/><G29/><T12/><REACH who="0" step="1"/><D23/><REACH who="0" ten="456,82,180,272" step="2"/><U58/><E20/><N who="2" m="15687" /><F111/><W95/><G109/><T91/><D91/><U87/><E70/><V135/><F131/><W9/><G108/><T22/><D22/><U62/><E40/><V28/><F28/><W119/><G119/><T101/><D101/><U63/><E134/><V4/><F4/><N who="3" m="3367" /><G103/><T130/><D130/><U69/><E132/><V127/><F135/><W37/><G37/><T116/><D116/><U61/><E36/><V128/><F128/><W5/><G5/><T121/><D121/><U25/><E69/><V27/><F27/><W117/><G117/><T133/><D133/><U90/><E25/><V110/><F110/><W68/><G68/><T46/><D46/><U32/><E32/><V79/><F102/><W115/><G115/><T3/><D3/><U99/><E90/><V124/><F45/><W54/><G41/><T120/><D120/><U129/><E129/><V44/><F127/><W21/><AGARI ba="1,1" hai="15,19,21,47,51,54,85,89,92,94,95" m="3367" machi="21" ten="30,1100,0" yaku="8,1" doraHai="64" who="3" fromWho="3" sc="456,-6,82,-4,180,-4,272,24" /><INIT seed="5,0,0,0,4,57" ten="450,78,176,296" oya="1" hai0="1,99,22,127,50,100,121,31,90,44,104,117,101" hai1="80,45,133,54,34,48,123,119,134,8,0,72,40" hai2="73,78,24,113,79,109,21,135,35,10,106,61,125" hai3="87,77,15,84,37,131,25,53,11,71,6,59,69"/><U122/><E34/><V124/><F109/><W92/><G37/><T33/><D117/><U81/><E119/><V89/><F106/><W18/><G131/><T12/><D1/><U118/><E118/><V42/><F135/><N who="1" m="51721" /><E8/><V64/><F35/><W67/><G67/><T47/><D127/><N who="2" m="48714" /><F113/><W7/><G87/><T110/><D110/><U39/><E0/><V75/><F89/><W66/><G66/><T46/><D33/><U38/><E38/><V3/><F42/><W107/><G107/><T115/><D115/><U51/><E39/><V95/><F95/><W63/><G92/><T23/><D121/><N who="1" m="46091" /><E72/><N who="2" m="27723" /><F10/><W103/><G103/><T91/><D101/><U94/><E94/><V56/><F3/><W68/><REACH who="3" step="1"/><G25/><REACH who="3" ten="450,78,176,286" step="2"/><T93/><D104/><U96/><E96/><V29/><AGARI ba="0,1" hai="21,24,29,56,61,64,78,79" m="27723,48714" machi="29" ten="30,2000,0" yaku="18,1,52,1" doraHai="57" who="2" fromWho="2" sc="450,-5,78,-10,176,30,286,-5" /><INIT seed="6,0,0,5,5,85" ten="445,68,206,281" oya="2" hai0="124,109,19,16,7,33,126,1,123,41,127,100,48" hai1="64,73,116,69,96,103,82,133,67,92,88,54,36" hai2="12,131,83,135,38,117,35,26,11,113,68,30,95" hai3="78,81,91,32,128,115,60,50,2,71,42,55,56"/><V63/><F117/><W99/><G128/><T134/><D134/><U65/><E36/><V40/><F113/><W31/><G2/><T121/><D109/><U10/><E116/><V125/><F135/><W58/><G71/><T15/><D100/><U29/><E133/><V86/><F131/><W9/><G115/><T112/><D112/><U23/><E10/><V17/><F95/><W122/><G122/><T84/><D33/><U70/><E54/><V28/><F28/><W72/><G9/><N who="0" m="2287" /><D84/><U21/><E29/><V97/><F97/><W66/><G42/><T47/><D19/><U106/><E69/><V89/><F125/><W108/><G108/><T104/><D104/><U24/><E70/><V90/><F40/><W44/><G99/><T119/><D119/><U51/><E51/><V62/><F38/><W110/><G110/><T5/><D5/><U74/><E24/><V37/><F37/><W6/><G6/><T13/><D13/><U52/><E52/><V107/><F107/><W94/><G94/><T39/><D39/><U61/><E61/><V111/><F111/><W8/><G8/><AGARI ba="0,0" hai="8,15,16,41,47,48,121,123,124,126,127" m="2287" machi="8" ten="30,2000,0" yaku="18,1,54,1" doraHai="85" who="0" fromWho="3" sc="445,20,68,0,206,0,281,-20" /><INIT seed="7,0,0,2,4,76" ten="465,68,206,261" oya="3" hai0="78,132,110,69,11,64,95,10,42,0,108,26,115" hai1="47,127,54,62,14,71,30,18,16,135,38,1,46" hai2="102,5,131,44,91,77,4,7,66,129,87,113,40" hai3="105,82,73,32,84,63,3,15,112,24,100,80,125"/><W17/><G3/><T116/><D26/><U8/><E135/><V55/><F113/><W59/><G112/><T79/><D42/><U60/><E127/><V49/><F102/><W58/><G125/><T101/><D64/><U57/><E1/><V75/><F66/><W12/><G73/><T34/><D95/><U61/><E30/><V28/><F28/><W133/><G133/><T107/><D79/><U68/><E68/><V48/><F77/><W122/><G122/><T50/><D78/><U134/><E134/><V128/><F75/><W126/><G126/><T51/><D101/><U67/><E61/><V27/><F27/><W93/><G105/><T35/><D69/><U92/><E92/><V85/><REACH who="2" step="1"/><F91/><REACH who="2" ten="465,68,196,261" step="2"/><N who="3" m="53479" /><G100/><T99/><D115/><U33/><E33/><V81/><F81/><N who="3" m="31339" /><G32/><T20/><D132/><U104/><E104/><V123/><F123/><W121/><G121/><T21/><D116/><U70/><E70/><V119/><F119/><W130/><G130/><T56/><D107/><U97/><E71/><V22/><F22/><N who="3" m="13391" /><G59/><AGARI ba="0,1" hai="4,5,7,40,44,48,49,55,59,85,87,128,129,131" machi="59" ten="50,3200,0" yaku="1,1,19,1,53,0" doraHai="76" doraHaiUra="109" who="2" fromWho="3" sc="465,0,68,0,196,42,261,-32" owari="465,56.0,68,-43.0,238,4.0,229,-17.0" /></mjloggm>