<mjloggm ver="2.3"><GO type="97" lobby="0"/><UN n0="%E5%B0%B1%E6%B4%BB%E7%94%9F%40%E5%B7%9D%E6%9D%91%E8%BB%8D%E5%9B%A3" n1="%E3%81%BB%E3%81%97%E3%81%8D%E3%82%85%E3%83%BC%2B%2B" n2="%6B%69%63%63%68%61" n3="%41%5A%55%4D%49" dan="16,14,15,14" rate="2147.99,1918.59,2007.10,1982.38" sx="M,M,M,M"/><TAIKYOKU oya="0"/><INIT seed="0,0,0,5,2,56" ten="250,250,250,250" oya="0" hai0="114,82,98,117,104,99,69,92,58,100,79,101,50" hai1="68,71,42,107,72,93,29,97,131,34,111,48,94" hai2="28,74,116,43,83,10,45,102,110,13,2,134,103" hai3="41,44,17,108,121,9,57,11,135,32,133,118,18"/><T51/><D69/><U46/><E72/><V124/><F2/><W60/><G118/><T3/><D3/><U128/><E111/><V120/><F120/><W126/><G32/><T67/><D117/><U15/><E107/><V31/><F110/><W37/><G108/><T59/><D114/><U125/><E125/><V0/><F124/><W47/><G126/><T130/><D130/><N who="1" m="49707" /><E15/><V24/><F134/><N who="3" m="51211" /><G121/><T25/><D25/><N who="1" m="18735" /><E94/><V1/><F0/><W76/><G76/><T5/><D5/><U129/><N who="1" m="49715" /><U80/><DORA hai="40" /><E80/><V91/><F1/><W61/><G47/><T90/><D90/><AGARI ba="0,0" hai="42,46,48,68,71,90,93,97" m="18735,49715" machi="90" ten="40,2600,0" yaku="19,1,52,1" doraHai="56,40" who="1" fromWho="0" sc="250,-26,250,26,250,0,250,0" /><INIT seed="1,0,0,2,3,91" ten="224,276,250,250" oya="1" hai0="68,102,23,7,114,46,106,17,12,123,41,25,135" hai1="96,132,10,84,109,0,60,104,59,128,30,131,34" hai2="63,90,1,75,58,117,81,70,27,105,37,42,62" hai3="8,64,92,26,13,45,40,74,55,119,39,107,44"/><U71/><E132/><V36/><F117/><W57/><G107/><T85/><D68/><U126/><E126/><V2/><F105/><W127/><G74/><T89/><D114/><U14/><E71/><V83/><F70/><W116/><G127/><T24/><D123/><U122/><E122/><V121/><F121/><W120/><G120/><T11/><D135/><U93/><E0/><V133/><F133/><W6/><G64/><T35/><D35/><U29/><E104/><V53/><F27/><W19/><G45/><T103/><D106/><U49/><E34/><V16/><F62/><W112/><G112/><T87/><D25/><U73/><E73/><V99/><F75/><W52/><G26/><T28/><D87/><U54/><E84/><V95/><F37/><W125/><G125/><T33/><D33/><U124/><E124/><V4/><F2/><W5/><G55/><T118/><D28/><U98/><E109/><V88/><F42/><W101/><G119/><T65/><D65/><U110/><E110/><V67/><F36/><W129/><G129/><N who="1" m="49738" /><E60/><V82/><F67/><W18/><G5/><T78/><D118/><U3/><E3/><V86/><REACH who="2" step="1"/><F16/><REACH who="2" ten="224,276,240,250" step="2"/><W61/><REACH who="3" step="1"/><G116/><REACH who="3" ten="224,276,240,240" step="2"/><T50/><REACH who="0" step="1"/><D78/><REACH who="0" ten="214,276,240,240" step="2"/><U47/><E29/><V51/><F51/><W72/><G72/><T111/><D111/><U43/><E30/><V15/><F15/><W80/><G80/><AGARI ba="0,3" hai="7,11,12,17,23,24,41,46,50,80,85,89,102,103" machi="80" ten="30,7700,0" yaku="1,1,7,1,8,1,53,1" doraHai="91" doraHaiUra="21" who="0" fromWho="3" sc="214,107,276,0,240,0,240,-77" /><INIT seed="2,0,0,0,5,31" ten="321,276,240,163" oya="2" hai0="26,27,87,7,134,19,44,107,56,133,49,35,109" hai1="74,1,61,76,23,106,116,12,50,127,121,114,9" hai2="73,69,48,37,81,13,52,42,17,105,6,123,124" hai3="0,79,41,99,43,89,58,72,119,122,14,104,8"/><V77/><F123/><W131/><G122/><T29/><D107/><U22/><E121/><V86/><F105/><W100/><G119/><T65/><D109/><U70/><E116/><V102/><F69/><W66/><G0/><T32/><D7/><U63/><E114/><V126/><F102/><W33/><G33/><T57/><D87/><U64/><E1/><V120/><F120/><W2/><G2/><T62/><D56/><U46/><E106/><V39/><F6/><W51/><G131/><T129/><D129/><U54/><E127/><N who="2" m="48683" /><F42/><W96/><G72/><T111/><D111/><U90/><E90/><V103/><F103/><W101/><G79/><T93/><D93/><U60/><E74/><V83/><F81/><W94/><G89/><T92/><D92/><U113/><E113/><V112/><F73/><W117/><G117/><T132/><D19/><U82/><E82/><V130/><F130/><W55/><REACH who="3" step="1"/><G66/><REACH who="3" ten="321,276,240,153" step="2"/><T78/><D78/><U88/><E76/><V45/><F112/><W25/><G25/><N who="0" m="9227" /><D29/><U20/><E88/><V84/><F84/><W3/><G3/><T47/><D35/><U128/><E128/><V30/><F30/><W108/><G108/><T53/><D32/><U67/><E64/><V18/><F18/><AGARI ba="0,1" hai="8,14,18,41,43,51,55,58,94,96,99,100,101,104" machi="18" ten="30,3900,0" yaku="1,1,7,1,53,1" doraHai="31" doraHaiUra="11" who="3" fromWho="2" sc="321,0,276,0,240,-39,153,49" /><INIT seed="3,0,0,0,4,23" ten="321,276,201,202" oya="3" hai0="120,73,71,58,89,86,78,99,11,21,102,107,48" hai1="115,91,103,17,117,100,9,16,30,83,24,47,37" hai2="45,68,134,52,65,14,135,26,42,133,101,92,111" hai3="114,8,51,15,38,88,53,29,81,119,1,56,72"/><W28/><G119/><T64/><D71/><U95/><E115/><V94/><F111/><W122/><G114/><T13/><D120/><U59/><E117/><V105/><F14/><W70/><G122/><T27/><D73/><U104/><E104/><V74/><F74/><W46/><G70/><T0/><D0/><U82/><E37/><V123/><F123/><W127/><G127/><T40/><D78/><U128/><E128/><V97/><F65/><W31/><G1/><T116/><D116/><U32/><E47/><V34/><F68/><W25/><G38/><T61/><D48/><U98/><E59/><V79/><F79/><W77/><G88/><T18/><D40/><U118/><E118/><V35/><F35/><W6/><REACH who="3" step="1"/><G56/><REACH who="3" ten="321,276,201,192" step="2"/><T75/><D89/><U3/><E3/><V131/><F131/><W57/><G57/><T10/><D75/><U39/><E39/><V106/><F106/><W90/><G90/><T124/><D124/><U63/><E91/><V126/><F126/><W109/><G109/><T112/><D86/><U121/><E121/><V62/><F62/><W60/><G60/><T4/><D112/><U36/><E63/><V54/><F105/><W80/><G80/><T129/><D129/><U50/><E36/><V69/><F69/><W5/><G5/><T22/><D4/><U20/><E83/><V19/><F94/><W41/><G41/><T85/><D85/><U49/><E82/><V66/><F66/><W44/><G44/><T96/><D96/><U67/><E67/><V130/><F130/><W132/><G132/><T108/><D108/><RYUUKYOKU ba="0,1" sc="321,15,276,-15,201,-15,192,15" hai0="10,11,13,18,21,22,27,58,61,64,99,102,107" hai3="6,8,15,25,28,29,31,46,51,53,72,77,81" /><INIT seed="3,1,1,3,4,0" ten="336,261,186,207" oya="3" hai0="8,132,84,65,86,15,109,81,74,68,133,106,96" hai1="52,114,98,111,76,92,48,116,7,45,119,1,127" hai2="77,44,9,41,129,102,6,80,63,54,17,131,19" hai3="38,31,118,25,37,82,16,40,47,55,128,62,85"/><W13/><G118/><N who="1" m="45098" /><E111/><V94/><F54/><W99/><G128/><N who="2" m="49225" /><F63/><W39/><G99/><T104/><D65/><U117/><E127/><V57/><F57/><W18/><G18/><N who="0" m="8551" /><D68/><U30/><E114/><V78/><F102/><W83/><G83/><T36/><D36/><U73/><E30/><V49/><F94/><W103/><G103/><N who="0" m="62567" /><D106/><U43/><E117/><V2/><F78/><W23/><G55/><T20/><D20/><U110/><E110/><V64/><F64/><W120/><G62/><T50/><D50/><U113/><E113/><V66/><F66/><W126/><G120/><T12/><D12/><U59/><E76/><V88/><F88/><W70/><G70/><T97/><D97/><U10/><E73/><AGARI ba="1,1" hai="2,6,9,17,19,41,44,49,73,77,80" m="49225" machi="73" ten="30,2000,0" yaku="19,1,52,1" doraHai="0" who="2" fromWho="1" sc="336,0,261,-23,186,33,207,0" owari="336,43.0,238,4.0,219,-18.0,207,-29.0" /></mjloggm>