<mjloggm ver="2.3"><GO type="169" lobby="0"/><UN n0="%57%49%4E%E7%A5%9E" n1="%E6%B0%B7%E6%9F%B1" n2="%E7%88%86%E5%BC%BE%E4%BA%94%E9%83%8E%EF%BC%92" n3="%E3%83%88%E3%83%88%E3%83%AA%E5%85%88%E7%94%9F%31%39%E6%AD%B3" dan="17,17,17,19" rate="2103.99,2151.82,2186.45,2280.17" sx="M,M,M,F"/><TAIKYOKU oya="0"/><INIT seed="0,0,0,1,4,81" ten="250,250,250,250" oya="0" hai0="49,107,88,113,24,78,99,0,134,122,74,31,69" hai1="20,85,7,60,23,83,132,12,84,55,108,48,111" hai2="32,118,2,129,36,17,102,124,95,94,27,56,19" hai3="22,80,96,9,33,70,90,16,38,14,135,131,61"/><T109/><D122/><U103/><E132/><V110/><F36/><W130/><G38/><T79/><D134/><U104/><E104/><V125/><F2/><W41/><G135/><T35/><D113/><U64/><E103/><V68/><F68/><W133/><G133/><T101/><D109/><N who="1" m="42059" /><E7/><V34/><F110/><W21/><G33/><T18/><D69/><N who="1" m="42119" /><E83/><V119/><F56/><W112/><G41/><T54/><D74/><U6/><E6/><V5/><F5/><W37/><G37/><T51/><D0/><U15/><E15/><V91/><F129/><N who="3" m="49163" /><G112/><T89/><D18/><N who="2" m="6666" /><F102/><W39/><G39/><T120/><D120/><U8/><E8/><V46/><F46/><W117/><G117/><N who="2" m="44553" /><F27/><W40/><G40/><T44/><D51/><U42/><E42/><V58/><F58/><W76/><G61/><T97/><D89/><U106/><E106/><V3/><F3/><W50/><G50/><T86/><D99/><U25/><E12/><V1/><F1/><W10/><G10/><T126/><D126/><N who="2" m="48746" /><F91/><W4/><G4/><T75/><D75/><U47/><E25/><V30/><F30/><W123/><G70/><T13/><D13/><U121/><E121/><V92/><AGARI ba="0,0" hai="32,34,92,94,95" m="48746,44553,6666" machi="92" ten="40,8000,1" yaku="28,2,12,1,18,1" doraHai="81" who="2" fromWho="2" sc="250,-40,250,-20,250,80,250,-20" /><INIT seed="1,0,0,1,5,129" ten="210,230,330,230" oya="1" hai0="95,59,87,109,55,94,90,18,38,111,103,83,16" hai1="60,9,22,44,93,3,27,78,132,131,96,61,135" hai2="33,14,47,86,91,130,11,110,124,10,30,64,126" hai3="28,82,85,62,40,107,74,31,105,69,0,117,104"/><U8/><E131/><V7/><F130/><W26/><G0/><T49/><D38/><U46/><E78/><V45/><F64/><W41/><G74/><T118/><D118/><U20/><E3/><V100/><F100/><W67/><G117/><T97/><REACH who="0" step="1"/><D83/><REACH who="0" ten="200,230,330,230" step="2"/><U106/><E106/><V121/><F121/><W128/><G128/><T108/><AGARI ba="0,1" hai="16,18,49,55,59,87,90,94,95,97,103,108,109,111" machi="108" ten="30,12000,2" yaku="1,1,2,1,0,1,14,1,54,1,53,2" doraHai="129" doraHaiUra="12" who="0" fromWho="0" sc="200,130,230,-60,330,-30,230,-30" /><INIT seed="2,0,0,0,2,50" ten="330,170,300,200" oya="2" hai0="90,37,114,8,42,130,82,120,12,131,41,123,28" hai1="6,20,92,67,7,96,3,53,78,23,38,100,49" hai2="14,66,59,24,54,110,105,75,97,39,91,68,69" hai3="72,103,17,56,107,73,48,21,83,9,16,117,135"/><V113/><F39/><W124/><G117/><T19/><D114/><U74/><E38/><V98/><F75/><W87/><G135/><T36/><D28/><U109/><E109/><V99/><F110/><W1/><G124/><T118/><D118/><U57/><E67/><V129/><F113/><W84/><G84/><N who="0" m="50455" /><D37/><U52/><E3/><V58/><F105/><W10/><G103/><T86/><D86/><U85/><E74/><V46/><F46/><W104/><G73/><T106/><D106/><U61/><E85/><V64/><F91/><W2/><G72/><T45/><D41/><U22/><E78/><V76/><F76/><W25/><G104/><T102/><D102/><U126/><E126/><V30/><F14/><W81/><G107/><T70/><D70/><U88/><E100/><V79/><F79/><N who="3" m="46527" /><G2/><T33/><D33/><U15/><E15/><V65/><F129/><AGARI ba="0,0" hai="8,12,19,36,42,45,120,123,129,130,131" m="50455" machi="129" ten="30,1000,0" yaku="19,1" doraHai="50" who="0" fromWho="2" sc="330,10,170,0,300,-10,200,0" /><INIT seed="3,0,0,0,3,4" ten="340,170,290,200" oya="3" hai0="19,31,38,129,22,121,35,82,132,130,81,26,75" hai1="128,13,33,90,88,134,60,84,41,115,117,105,27" hai2="104,59,100,73,0,48,98,36,12,127,15,8,106" hai3="125,118,131,43,70,133,79,91,58,32,37,30,14"/><W6/><G118/><T126/><D121/><U5/><E115/><V113/><F36/><W1/><G70/><T116/><D116/><U103/><E117/><V76/><F113/><W50/><G1/><T44/><D126/><U3/><E3/><V86/><F106/><W63/><G37/><T99/><D132/><U46/><E128/><N who="0" m="49257" /><D75/><U20/><E33/><V25/><F127/><W74/><G125/><T114/><D114/><U40/><E105/><V56/><F0/><W112/><G112/><T135/><D135/><U21/><E103/><V85/><F15/><W122/><G131/><T80/><D99/><U57/><E90/><V49/><F25/><N who="3" m="18511" /><G133/><T101/><D101/><U107/><E107/><V72/><F59/><W53/><G91/><T11/><D11/><N who="1" m="4335" /><E46/><V71/><F71/><W42/><G122/><T17/><D35/><U111/><E111/><V120/><F120/><W2/><G2/><T39/><D39/><U67/><E134/><V61/><F86/><W77/><G74/><T7/><D7/><U124/><E124/><V64/><F85/><W18/><G6/><T65/><D65/><U52/><E67/><V62/><F73/><W78/><G78/><T94/><D94/><N who="1" m="54535" /><E20/><V89/><F89/><W110/><G110/><T119/><D119/><U54/><E54/><N who="2" m="33943" /><F72/><W29/><G79/><T96/><D96/><U92/><E92/><N who="2" m="58439" /><F76/><W68/><G77/><T66/><D66/><U87/><E87/><V16/><F104/><W34/><G68/><T45/><D38/><U24/><E21/><V83/><F83/><W51/><G34/><T69/><D69/><RYUUKYOKU ba="0,0" sc="340,10,170,10,290,10,200,-30" hai0="17,19,22,26,31,44,45,80,81,82" hai1="24,27,40,41,52,57,60" hai2="8,12,16,48,49,62,64" /><INIT seed="4,1,0,4,2,17" ten="350,180,300,170" oya="0" hai0="60,115,106,117,45,127,50,62,11,69,126,51,111" hai1="22,134,118,107,24,105,29,116,90,79,1,109,32" hai2="113,20,61,104,114,37,128,74,3,34,65,85,131" hai3="28,23,132,100,80,42,63,48,92,9,125,93,76"/><T123/><D106/><U53/><E109/><V103/><F37/><W99/><G132/><T88/><D111/><U39/><E134/><V33/><F74/><W102/><G125/><N who="0" m="47627" /><D123/><U52/><E39/><V98/><F3/><W91/><G9/><T26/><D117/><U95/><E1/><V101/><F85/><N who="3" m="48263" /><G63/><N who="0" m="24107" /><D69/><U67/><E67/><V15/><F103/><N who="3" m="60903" /><G48/><T108/><D108/><U71/><E71/><V57/><F33/><W0/><G42/><T14/><D115/><N who="2" m="44042" /><F34/><W84/><G0/><T16/><D45/><U5/><E32/><V82/><F82/><N who="3" m="49559" /><G28/><T27/><D88/><U112/><E112/><V72/><F72/><W13/><G93/><T36/><D36/><U81/><E118/><V30/><F30/><W49/><G49/><AGARI ba="1,0" hai="11,14,16,26,27,49,50,51" m="24107,47627" machi="49" ten="30,2900,0" yaku="18,1,54,1" doraHai="17" who="0" fromWho="3" sc="350,32,180,0,300,0,170,-32" /><INIT seed="4,2,0,4,4,12" ten="382,180,300,138" oya="0" hai0="56,40,62,125,109,63,79,130,92,94,83,99,102" hai1="123,126,90,34,75,10,84,122,43,74,128,111,100" hai2="118,95,89,88,80,16,113,119,98,85,104,121,131" hai3="18,46,124,127,42,41,106,1,9,6,15,135,54"/><T50/><D130/><U39/><E34/><V33/><F33/><W59/><G106/><T8/><D125/><U14/><E111/><V68/><F68/><W23/><G135/><T55/><D109/><U129/><E126/><N who="3" m="48170" /><G46/><T38/><D94/><N who="1" m="54599" /><E43/><V120/><F104/><W52/><G54/><T51/><D38/><U53/><E39/><V66/><F66/><W115/><G115/><T24/><D24/><U7/><E53/><V96/><F113/><W67/><G67/><T112/><D112/><U31/><E31/><V28/><F28/><W44/><G44/><T20/><D20/><U65/><E65/><V2/><F2/><W110/><G110/><T25/><D25/><U134/><E100/><V17/><F98/><W32/><G32/><T22/><D22/><U91/><E91/><V86/><F96/><W105/><G105/><T29/><D29/><U36/><E36/><V93/><F80/><W132/><G132/><T26/><D26/><U48/><E48/><AGARI ba="2,0" hai="1,6,9,15,18,23,41,42,48,52,59" m="48170" machi="48" ten="30,3900,0" yaku="18,1,52,1,54,1" doraHai="12" who="3" fromWho="1" sc="382,0,180,-45,300,0,138,45" /><INIT seed="5,0,0,1,2,123" ten="382,135,300,183" oya="1" hai0="42,77,113,29,72,17,110,1,66,84,114,73,111" hai1="8,127,135,36,75,33,60,48,51,100,55,19,61" hai2="9,109,83,22,120,134,122,16,81,96,89,35,128" hai3="13,43,69,20,50,92,54,98,5,59,4,74,86"/><U21/><E33/><V63/><F35/><W71/><G74/><N who="0" m="28779" /><D1/><U70/><E36/><V37/><F37/><W49/><G71/><T103/><D29/><U39/><E39/><V95/><F109/><N who="0" m="41482" /><D42/><U79/><E70/><V105/><F105/><W30/><G86/><T65/><D17/><U129/><E100/><V130/><F63/><W104/><G104/><T47/><D47/><U12/><E79/><V58/><F58/><W2/><G2/><T131/><D131/><N who="2" m="50218" /><F9/><W56/><G69/><T53/><D53/><U85/><E75/><V52/><F52/><N who="3" m="31759" /><G43/><T117/><D117/><U45/><E129/><V10/><F10/><W106/><G106/><T82/><D103/><U121/><E121/><N who="2" m="46699" /><F134/><W107/><G107/><T15/><D15/><AGARI ba="0,0" hai="15,16,22,81,83,89,95,96" m="46699,50218" machi="15" ten="30,2000,0" yaku="19,1,54,1" doraHai="123" who="2" fromWho="0" sc="382,-20,135,0,300,20,183,0" /><INIT seed="6,0,0,4,0,0" ten="362,135,320,183" oya="2" hai0="117,57,114,2,93,23,115,85,5,40,16,17,55" hai1="101,18,28,77,45,13,41,106,11,128,12,118,111" hai2="88,92,76,62,26,123,99,38,113,86,24,27,59" hai3="91,52,73,107,32,112,71,89,102,132,39,87,56"/><V70/><F70/><W42/><G32/><T119/><D40/><U79/><E111/><V21/><F38/><W72/><G71/><T43/><D43/><U63/><E118/><N who="0" m="45065" /><D5/><U66/><E28/><V105/><F123/><W100/><G132/><T104/><D104/><U116/><E116/><V60/><F113/><N who="0" m="43018" /><D2/><U46/><E128/><V103/><F76/><W96/><G112/><T110/><D110/><U19/><E101/><V75/><F75/><W31/><G31/><T8/><D8/><U7/><E106/><V29/><F60/><W125/><G102/><T47/><D47/><U50/><E46/><V90/><F90/><W36/><G125/><T25/><D93/><U108/><E108/><V65/><AGARI ba="0,0" hai="21,24,26,27,29,59,62,65,86,88,92,99,103,105" machi="65" ten="20,3900,0" yaku="0,1,7,1,54,1" doraHai="0" who="2" fromWho="2" sc="362,-13,135,-13,320,39,183,-13" /><INIT seed="6,1,0,5,2,100" ten="349,122,359,170" oya="2" hai0="56,76,124,97,7,128,96,127,13,114,106,48,99" hai1="92,30,28,54,131,121,77,20,32,112,52,39,98" hai2="89,70,22,69,36,134,57,3,9,133,29,19,25" hai3="113,42,107,90,120,102,125,16,0,83,58,6,74"/><V116/><F36/><W123/><G125/><N who="0" m="48203" /><D114/><U47/><E32/><V64/><F116/><W118/><G58/><T95/><D128/><U24/><E112/><V101/><F89/><W4/><G90/><N who="0" m="55415" /><D106/><U21/><E131/><V38/><F38/><W93/><G74/><T71/><D76/><U65/><E65/><V23/><F101/><W27/><G27/><T53/><D71/><U31/><E77/><V129/><F129/><W87/><G42/><T109/><D109/><U44/><E121/><V66/><F57/><W49/><G49/><T46/><D56/><U15/><E39/><V130/><F130/><W8/><G8/><AGARI ba="1,0" hai="7,8,13,46,48,53,97,99" m="55415,48203" machi="8" ten="30,1000,0" yaku="18,1" doraHai="100" who="0" fromWho="3" sc="349,13,122,0,359,0,170,-13" /><INIT seed="7,0,0,3,4,47" ten="362,122,359,157" oya="3" hai0="111,27,106,86,22,134,59,77,118,30,36,72,4" hai1="62,122,57,78,66,38,98,63,19,12,45,94,10" hai2="131,64,119,34,52,35,41,82,68,133,40,46,115" hai3="125,28,92,25,132,50,93,7,127,15,48,55,124"/><W39/><G39/><T26/><D111/><U53/><E122/><V8/><F119/><W18/><G7/><T109/><D109/><U70/><E78/><V75/><F40/><W14/><G132/><T56/><D134/><U112/><E112/><V16/><F115/><W21/><G15/><T110/><D110/><U60/><E38/><V5/><F133/><W65/><G65/><T1/><D118/><U6/><E45/><V69/><F69/><W117/><G117/><T13/><D72/><U90/><REACH who="1" step="1"/><E6/><REACH who="1" ten="362,112,359,157" step="2"/><V2/><F5/><W107/><G107/><T71/><D106/><U85/><E85/><V51/><F75/><W58/><REACH who="3" step="1"/><G50/><AGARI ba="0,1" hai="10,12,19,50,53,57,60,62,63,66,70,90,94,98" machi="50" ten="30,3900,0" yaku="1,1,7,1,52,1,53,0" doraHai="47" doraHaiUra="20" who="1" fromWho="3" sc="362,0,112,49,359,0,157,-39" owari="362,46.0,161,-24.0,359,16.0,118,-38.0" /></mjloggm>