<mjloggm ver="2.3"><GO type="169" lobby="0"/><UN n0="%E3%82%A6%E3%83%AB%E3%83%88%E3%83%A9%E7%AB%8B%E7%9B%B4" n1="%E8%A3%95%E7%BE%8E%E5%AD%90" n2="%E3%82%AE%E3%82%AC%E3%83%9E%E3%82%A4%E3%83%B3" n3="%6C%67%32%31" dan="17,17,17,16" rate="2144.02,2208.48,2139.39,2097.69" sx="M,F,M,M"/><TAIKYOKU oya="0"/><INIT seed="0,0,0,0,3,85" ten="250,250,250,250" oya="0" hai0="10,126,18,100,109,45,49,105,73,71,103,5,98" hai1="135,77,3,22,115,43,48,37,87,117,17,59,16" hai2="122,84,104,39,20,29,70,66,58,76,114,0,67" hai3="2,44,79,13,38,8,131,81,133,9,27,82,124"/><T94/><D71/><U11/><E135/><V112/><F0/><W128/><G133/><T63/><D73/><U93/><E117/><V83/><F39/><W99/><G124/><T55/><D126/><U34/><E34/><V97/><F70/><W91/><G2/><T14/><D109/><U130/><E37/><V125/><F122/><W72/><G27/><T1/><D63/><U25/><E130/><V61/><F125/><W89/><G99/><T41/><D41/><U102/><E3/><V95/><F67/><W28/><G28/><T62/><D62/><U123/><E115/><V40/><F40/><N who="3" m="22551" /><G81/><T52/><D55/><N who="1" m="32231" /><E43/><V118/><F104/><W113/><G113/><T90/><REACH who="0" step="1"/><D105/><REACH who="0" ten="240,250,250,250" step="2"/><U50/><E123/><V56/><F118/><W92/><G131/><T21/><AGARI ba="0,1" hai="1,5,10,14,18,21,45,49,52,90,94,98,100,103" machi="21" ten="20,18000,2" yaku="1,1,2,1,0,1,7,1,52,1,54,1,53,1" doraHai="85" doraHaiUra="32" who="0" fromWho="0" sc="240,190,250,-60,250,-60,250,-60" /><INIT seed="0,1,0,4,4,52" ten="430,190,190,190" oya="0" hai0="127,9,131,15,121,104,112,61,114,74,77,2,23" hai1="116,64,17,12,38,129,28,51,88,128,48,76,85" hai2="59,24,16,84,105,40,43,63,5,65,90,35,22" hai3="57,60,120,79,31,108,97,50,92,4,7,75,20"/><T101/><D121/><U80/><E38/><V33/><F105/><W119/><G119/><T44/><D127/><U96/><E28/><V29/><F5/><W125/><G125/><T6/><D131/><U87/><E96/><V134/><F134/><W8/><G108/><T69/><D101/><U109/><E116/><V46/><F29/><W94/><G94/><T45/><D104/><U1/><E1/><V18/><F18/><W10/><G50/><T83/><D45/><U135/><E109/><V122/><F122/><W118/><G118/><T100/><D100/><U123/><E64/><V93/><REACH who="2" step="1"/><F43/><REACH who="2" ten="430,190,180,190" step="2"/><W55/><G120/><T14/><D6/><U111/><E135/><V27/><F27/><W107/><G107/><T11/><D114/><U133/><E133/><V124/><F124/><W126/><G4/><T32/><D112/><U36/><E111/><V67/><F67/><W0/><G7/><T91/><D2/><U132/><E123/><V56/><F56/><W113/><G0/><T41/><D41/><U21/><E132/><V71/><F71/><W54/><G126/><T73/><D69/><U62/><E129/><V19/><F19/><W3/><G3/><T130/><D130/><U115/><E115/><V66/><F66/><W89/><G113/><T34/><D34/><U81/><E128/><V49/><AGARI ba="1,1" hai="16,22,24,33,35,40,46,49,59,63,65,84,90,93" machi="49" ten="20,12000,2" yaku="1,1,0,1,7,1,52,1,54,1,53,1" doraHai="52" doraHaiUra="47" who="2" fromWho="2" sc="430,-61,190,-31,180,133,190,-31" /><INIT seed="1,0,0,1,2,39" ten="369,159,313,159" oya="1" hai0="29,132,109,120,59,49,22,104,15,63,124,65,97" hai1="84,60,118,37,115,13,2,48,7,20,94,4,38" hai2="31,70,100,73,77,36,0,95,85,43,17,78,27" hai3="117,21,99,130,74,61,133,57,55,25,56,10,8"/><U89/><E118/><V107/><F70/><W125/><G117/><T122/><D109/><U96/><E115/><V24/><F0/><W52/><G133/><T126/><D132/><U51/><E2/><V28/><F107/><W86/><G125/><N who="0" m="48235" /><D49/><U40/><E60/><V90/><F100/><W14/><G130/><T76/><D76/><U66/><E66/><V98/><F73/><W69/><G69/><T103/><D15/><U80/><E37/><V26/><F17/><W34/><G34/><T82/><D82/><U23/><E38/><V102/><F78/><W127/><G74/><T108/><D108/><U3/><E51/><V67/><F77/><W53/><G127/><T45/><D45/><N who="1" m="25639" /><E3/><V47/><REACH who="2" step="1"/><F67/><REACH who="2" ten="369,159,303,159" step="2"/><W18/><G18/><T128/><D128/><U88/><E4/><V92/><AGARI ba="0,1" hai="24,26,27,28,31,36,43,47,85,90,92,95,98,102" machi="92" ten="30,7900,0" yaku="1,1,2,1,0,1,52,1,53,0" doraHai="39" doraHaiUra="54" who="2" fromWho="2" sc="369,-20,159,-39,303,89,159,-20" /><INIT seed="2,0,0,5,2,98" ten="349,120,392,139" oya="2" hai0="10,68,0,22,37,51,41,105,43,1,2,62,33" hai1="110,53,123,73,34,124,119,78,20,57,134,25,42" hai2="52,88,106,97,95,83,109,21,65,48,27,11,50" hai3="38,39,126,19,131,61,77,132,17,60,114,75,71"/><V113/><F113/><W87/><G114/><T3/><D51/><U85/><E42/><V122/><F122/><W46/><G75/><T115/><D43/><U35/><E85/><N who="2" m="50239" /><F106/><W66/><G132/><T23/><D115/><U6/><E6/><V91/><F65/><W92/><G126/><T9/><D62/><U80/><E124/><V107/><F107/><W82/><G60/><T54/><D54/><U111/><E119/><V72/><F72/><W133/><G131/><T14/><D41/><U56/><E56/><V90/><F11/><W74/><G133/><T16/><D37/><U103/><E134/><V7/><F7/><W36/><G46/><T84/><D84/><U24/><E24/><V127/><F50/><W30/><G30/><T45/><D45/><U13/><E13/><V102/><F109/><W89/><AGARI ba="0,0" hai="17,19,36,38,39,61,66,71,74,77,82,87,89,92" machi="89" ten="40,1500,0" yaku="0,1" doraHai="98" who="3" fromWho="3" sc="349,-4,120,-4,392,-7,139,15" /><INIT seed="3,0,0,2,3,84" ten="345,116,385,154" oya="3" hai0="28,21,127,25,4,26,73,81,129,92,113,112,69" hai1="15,87,48,133,41,30,108,125,121,57,37,36,29" hai2="135,55,82,100,85,72,79,101,66,76,33,75,68" hai3="93,105,88,6,78,35,9,45,50,3,90,54,34"/><W99/><G105/><T11/><D69/><U91/><E108/><V16/><F33/><W42/><G78/><N who="0" m="44239" /><D26/><U74/><E74/><V8/><F135/><W89/><REACH who="3" step="1"/><G42/><REACH who="3" ten="345,116,385,144" step="2"/><T39/><D127/><U126/><E133/><V12/><F79/><W40/><G40/><T107/><D107/><U23/><E41/><V63/><F72/><W17/><G17/><T111/><D111/><U38/><E121/><V47/><F75/><W1/><G1/><T31/><D129/><U22/><E29/><V114/><F114/><W94/><G94/><T24/><D92/><N who="1" m="54399" /><E30/><V32/><F76/><W122/><G122/><T130/><D130/><U110/><E110/><V98/><F16/><W97/><G97/><T53/><D113/><U18/><E23/><V106/><F98/><W7/><G7/><T96/><D112/><U117/><E117/><V102/><F106/><W43/><G43/><T13/><D96/><U2/><E2/><V65/><F32/><AGARI ba="0,1" hai="3,6,9,32,34,35,45,50,54,88,89,90,93,99" machi="32" ten="40,12000,1" yaku="1,1,52,3,54,1,53,0" doraHai="84" doraHaiUra="20" who="3" fromWho="2" sc="345,0,116,0,385,-120,144,130" /><INIT seed="3,1,0,3,1,67" ten="345,116,265,274" oya="3" hai0="16,86,88,9,15,44,52,130,38,82,40,45,115" hai1="92,56,127,74,119,95,25,7,135,54,77,94,55" hai2="12,110,29,105,125,26,102,120,124,41,24,73,6" hai3="121,17,83,2,62,8,78,19,51,46,108,128,10"/><W132/><G121/><T123/><D130/><U68/><E127/><N who="2" m="48715" /><F73/><W37/><G128/><T131/><D131/><U60/><E135/><V3/><F41/><W81/><G132/><T53/><D123/><U49/><E119/><V42/><F42/><W129/><G129/><T100/><D115/><U87/><E74/><V91/><F91/><W5/><G108/><T57/><D100/><U20/><E7/><V118/><F102/><W126/><G37/><T14/><D57/><U84/><E77/><V13/><F105/><W133/><G133/><T71/><D71/><U31/><REACH who="1" step="1"/><E68/><REACH who="1" ten="345,106,265,274" step="2"/><V93/><F118/><W103/><G126/><T72/><D72/><U65/><E65/><V75/><F120/><W63/><G78/><T18/><D45/><AGARI ba="1,1" hai="20,25,31,45,49,54,55,56,60,84,87,92,94,95" machi="45" ten="40,5200,0" yaku="1,1,8,1,53,1" doraHai="67" doraHaiUra="43" who="1" fromWho="0" sc="345,-55,106,65,265,0,274,0" /><INIT seed="4,0,0,5,1,1" ten="290,171,265,274" oya="0" hai0="89,71,48,111,113,121,84,69,32,28,54,116,107" hai1="112,102,9,45,52,74,99,33,127,120,85,60,57" hai2="24,104,103,68,38,25,83,17,15,27,20,108,7" hai3="114,122,115,29,51,21,0,118,88,86,64,44,77"/><T31/><D116/><U96/><E74/><V12/><F68/><W133/><G0/><T62/><D121/><U47/><E127/><V4/><F38/><W94/><G118/><T119/><D119/><U49/><E33/><V16/><F104/><W131/><G122/><T132/><D107/><U135/><E135/><V72/><F103/><W10/><G133/><T76/><D76/><U124/><E124/><V6/><F72/><W105/><G105/><T95/><D132/><U92/><E120/><V39/><F39/><W5/><G64/><T36/><D36/><U82/><E99/><V90/><F108/><W18/><G29/><T101/><D101/><U126/><E126/><V93/><F83/><W43/><G77/><T35/><D111/><U70/><E112/><V81/><F81/><W130/><G5/><T91/><D113/><N who="3" m="43017" /><G10/><T75/><D75/><U100/><E102/><V50/><F50/><W98/><G98/><T80/><D35/><U3/><E70/><V67/><F67/><W26/><AGARI ba="0,0" hai="18,21,26,43,44,51,86,88,94,130,131" m="43017" machi="26" ten="30,2000,0" yaku="15,1,54,1" doraHai="1" who="3" fromWho="3" sc="290,-10,171,-5,265,-5,274,20" /><INIT seed="5,0,0,5,4,61" ten="280,166,260,294" oya="1" hai0="4,43,83,117,134,33,29,80,105,126,45,93,15" hai1="122,127,106,129,23,115,67,89,56,108,41,57,49" hai2="39,31,77,75,120,40,124,92,18,27,22,30,76" hai3="101,24,130,98,91,85,94,35,100,95,10,116,60"/><U74/><E122/><V121/><F124/><W42/><G130/><T70/><D105/><U3/><E3/><V107/><F107/><W50/><G116/><T81/><D70/><U112/><E106/><V73/><F40/><W59/><G10/><T58/><D117/><U82/><E129/><V21/><F92/><W9/><G9/><T32/><D126/><U66/><E127/><V65/><F39/><W2/><G2/><T55/><D134/><U86/><E74/><V34/><F18/><W11/><G11/><T5/><D15/><U48/><E23/><V0/><F0/><W125/><G125/><T133/><D133/><U99/><E99/><V20/><F34/><W71/><G71/><T16/><D16/><U14/><E14/><V123/><F65/><N who="1" m="24585" /><E108/><V17/><F27/><W111/><G24/><T6/><D33/><U114/><E41/><V38/><F17/><W96/><G35/><T68/><D32/><U54/><E49/><V79/><F38/><W51/><G42/><T128/><D128/><U78/><E78/><V88/><F88/><W36/><G36/><T13/><D43/><U47/><AGARI ba="0,0" hai="47,48,54,56,57,82,86,89,112,114,115" m="24585" machi="47" ten="40,12000,1" yaku="15,1,52,3" doraHai="61" who="1" fromWho="1" sc="280,-40,166,120,260,-40,294,-40" /><INIT seed="5,1,0,3,0,99" ten="240,286,220,254" oya="1" hai0="18,106,121,82,45,79,4,37,135,105,103,65,34" hai1="57,30,43,52,86,94,50,87,63,31,119,100,90" hai2="96,116,39,21,51,72,127,120,9,107,46,0,59" hai3="84,74,12,91,55,27,42,98,132,115,112,117,70"/><U66/><E119/><V48/><F72/><W134/><G117/><T97/><D18/><U13/><E43/><V58/><F120/><W113/><G70/><T81/><D81/><U109/><E109/><V129/><F39/><W32/><G74/><N who="0" m="43383" /><D121/><U56/><E87/><V5/><F116/><W77/><G42/><N who="0" m="22735" /><D135/><N who="3" m="51753" /><G12/><T60/><D4/><U22/><E100/><V122/><F122/><W49/><G77/><T6/><D6/><U8/><REACH who="1" step="1"/><E22/><REACH who="1" ten="240,276,220,254" step="2"/><V15/><F21/><W67/><G113/><T92/><D34/><U36/><E36/><V101/><F101/><W1/><G115/><T23/><D23/><U28/><E28/><V93/><F129/><W33/><G112/><T95/><D103/><U17/><AGARI ba="1,1" hai="8,13,17,30,31,50,52,56,57,63,66,86,90,94" machi="17" ten="20,12000,1" yaku="1,1,0,1,7,1,8,1,54,1,53,0" doraHai="99" doraHaiUra="38" who="1" fromWho="1" sc="240,-41,276,133,220,-41,254,-41" /><INIT seed="5,2,0,1,3,131" ten="199,409,179,213" oya="1" hai0="76,18,128,113,71,85,126,22,63,127,97,51,30" hai1="6,68,10,106,118,11,38,44,84,98,55,88,56" hai2="107,129,96,36,101,73,112,34,27,74,21,59,52" hai3="5,48,69,124,122,103,130,7,41,82,72,93,46"/><U31/><E68/><V81/><F129/><W17/><BYE who="0" /><G122/><T114/><D114/><U54/><E118/><V99/><F112/><UN n0="%E3%82%A6%E3%83%AB%E3%83%88%E3%83%A9%E7%AB%8B%E7%9B%B4" /><W42/><G130/><T79/><D113/><U115/><E31/><V87/><F36/><W29/><G69/><T32/><D128/><U75/><E75/><V94/><F34/><W123/><G29/><T57/><D97/><U19/><E115/><V53/><F53/><W61/><G61/><T70/><D30/><U90/><E106/><V2/><F2/><W28/><G28/><T8/><D8/><U67/><E67/><V86/><F21/><W125/><G41/><T121/><D32/><U65/><E65/><V91/><F27/><W24/><G24/><T37/><D37/><U120/><E98/><V102/><REACH who="2" step="1"/><F87/><REACH who="2" ten="199,409,169,213" step="2"/><W3/><G3/><T80/><D121/><U104/><E84/><V77/><F77/><N who="3" m="44327" /><G123/><T116/><D79/><U0/><E54/><V89/><F89/><W50/><G124/><N who="0" m="47659" /><D116/><U133/><E55/><V108/><F108/><W39/><G125/><T12/><D51/><AGARI ba="2,1" hai="51,52,59,73,74,81,86,91,94,96,99,101,102,107" machi="51" ten="30,8000,1" yaku="1,1,7,1,54,1,53,2" doraHai="131" doraHaiUra="92" who="2" fromWho="0" sc="199,-86,409,0,169,96,213,0" /><INIT seed="6,0,0,2,2,65" ten="113,409,265,213" oya="2" hai0="60,22,50,51,130,57,93,71,91,38,73,45,98" hai1="85,64,42,26,134,102,43,52,3,122,125,117,21" hai2="110,104,135,12,15,75,69,106,36,30,129,80,87" hai3="127,39,68,103,126,37,16,53,79,86,33,112,63"/><V108/><F36/><W23/><G33/><T100/><D73/><U115/><E3/><V72/><F30/><W118/><G118/><T61/><D130/><U107/><E117/><V27/><F27/><W28/><G28/><T123/><D123/><U120/><E134/><V4/><F135/><W67/><G103/><T10/><D10/><U84/><E115/><V92/><F92/><W116/><G116/><T59/><D22/><U8/><E8/><V55/><F55/><W46/><G112/><T48/><D100/><U6/><E6/><V78/><F129/><W9/><G9/><T49/><D38/><U66/><E102/><V31/><F31/><W114/><G114/><T29/><D29/><U11/><E11/><V90/><F75/><W32/><G32/><T62/><REACH who="0" step="1"/><D71/><REACH who="0" ten="103,409,265,213" step="2"/><U17/><E21/><V94/><F69/><N who="3" m="42239" /><G39/><T40/><AGARI ba="0,1" hai="40,45,48,49,50,51,57,59,60,61,62,91,93,98" machi="40" ten="30,4000,0" yaku="1,1,0,1,8,1,53,0" doraHai="65" doraHaiUra="35" who="0" fromWho="0" sc="103,50,409,-10,265,-20,213,-10" /><INIT seed="7,0,0,4,1,105" ten="153,399,245,203" oya="3" hai0="38,69,20,11,83,84,44,10,101,34,71,124,134" hai1="46,58,108,12,125,28,23,79,130,104,117,77,88" hai2="24,43,65,60,9,95,16,57,93,59,8,73,47" hai3="64,0,4,15,48,128,106,6,85,131,63,72,78"/><W135/><G106/><T26/><D124/><U119/><E104/><V94/><F73/><W36/><G36/><T116/><D116/><U40/><E108/><V49/><F59/><W90/><G0/><T18/><D134/><U120/><E130/><N who="3" m="49706" /><G48/><T76/><D34/><U3/><E3/><V45/><F45/><W127/><G127/><T89/><D101/><U91/><E58/><V35/><F35/><W82/><G15/><T67/><D71/><U133/><E133/><V5/><F5/><W30/><G30/><T81/><D67/><U52/><E40/><V80/><F80/><N who="3" m="49447" /><G135/><T87/><D69/><AGARI ba="0,0" hai="4,6,63,64,69,72,78,82" m="49447,49706" machi="69" ten="30,2900,0" yaku="19,1,52,1" doraHai="105" who="3" fromWho="0" sc="153,-29,399,0,245,0,203,29" /><INIT seed="7,1,0,5,2,12" ten="124,399,245,232" oya="3" hai0="93,107,115,135,40,23,68,104,78,125,132,117,19" hai1="83,25,38,26,8,59,98,51,53,2,61,13,109" hai2="50,9,102,52,103,4,34,49,43,85,69,108,45" hai3="111,80,118,121,35,27,66,6,37,0,17,64,54"/><W120/><G118/><T105/><D68/><U41/><E2/><V116/><F108/><W106/><G111/><T128/><D40/><U129/><E129/><V87/><F116/><W74/><G106/><T31/><D31/><U123/><E123/><V67/><F34/><W65/><G37/><T58/><D117/><U122/><E122/><V18/><F67/><W73/><G54/><T124/><D58/><U75/><E98/><V42/><F69/><W130/><G130/><T60/><D60/><U72/><E38/><V84/><F18/><W88/><G73/><T92/><D23/><U24/><E83/><V112/><F112/><W28/><G74/><T99/><D19/><U82/><E82/><V1/><REACH who="2" step="1"/><F43/><REACH who="2" ten="124,399,235,232" step="2"/><W48/><G121/><T100/><D128/><U57/><E41/><V14/><F14/><W63/><G120/><T47/><D47/><AGARI ba="1,1" hai="1,4,9,42,45,47,49,50,52,84,85,87,102,103" machi="47" ten="40,2600,0" yaku="1,1,54,1,53,0" doraHai="12" doraHaiUra="91" who="2" fromWho="0" sc="124,-29,399,0,235,39,232,0" owari="95,-40.0,399,50.0,274,7.0,232,-17.0" /></mjloggm>