<mjloggm ver="2.3"><GO type="169" lobby="0"/><UN n0="%43%50%30%33" n1="%E5%99%82%E3%81%AE%E3%81%8D%E3%81%BF%E3%81%A9%E3%82%8A" n2="%E3%83%94%E3%83%BC%E3%83%81%E3%83%BB%E3%83%9E%E3%82%AD" n3="%E5%B0%B1%E6%B4%BB%E7%94%9F%40%E5%B7%9D%E6%9D%91%E8%BB%8D%E5%9B%A3" dan="16,16,16,17" rate="2130.83,2120.06,2132.43,2178.84" sx="M,F,F,M"/><TAIKYOKU oya="0"/><INIT seed="0,0,0,2,1,67" ten="250,250,250,250" oya="0" hai0="47,27,123,122,61,4,111,15,94,108,99,55,5" hai1="85,0,24,7,98,78,92,33,79,31,124,51,6" hai2="68,70,8,65,17,134,53,80,52,113,34,112,133" hai3="41,125,21,84,63,81,60,59,97,88,26,66,87"/><T105/><D105/><U129/><E129/><V36/><F34/><W93/><G125/><T28/><D15/><U110/><E110/><N who="0" m="42025" /><D61/><U83/><E124/><V32/><F32/><W18/><G41/><T56/><D47/><U49/><E78/><V3/><F36/><W119/><G119/><T69/><D69/><N who="2" m="26730" /><F65/><W76/><REACH who="3" step="1"/><G63/><REACH who="3" ten="250,250,250,240" step="2"/><N who="0" m="36255" /><D123/><U16/><E51/><V128/><F128/><W127/><G127/><T62/><D62/><U13/><E49/><V23/><F113/><W101/><G101/><N who="0" m="60663" /><D122/><U73/><E0/><V131/><F112/><W135/><G135/><N who="2" m="51721" /><F131/><W114/><G114/><T72/><D72/><AGARI ba="0,1" hai="18,21,26,59,60,66,72,76,81,84,87,88,93,97" machi="72" ten="30,3900,0" yaku="1,1,7,1,54,1,53,0" doraHai="67" doraHaiUra="71" who="3" fromWho="0" sc="250,-39,250,0,250,0,240,49" /><INIT seed="1,0,0,4,5,115" ten="211,250,250,289" oya="1" hai0="63,46,64,49,102,113,131,42,30,80,130,86,134" hai1="15,97,51,93,103,48,114,58,109,75,55,124,35" hai2="25,83,123,4,110,79,13,118,39,101,94,53,28" hai3="11,112,70,116,22,125,17,62,100,108,52,33,99"/><U23/><E114/><V133/><F123/><W38/><G33/><T27/><D113/><U117/><E124/><V89/><F39/><W2/><G38/><T126/><D134/><U21/><E35/><V82/><F133/><W57/><G108/><T6/><D6/><U104/><E109/><V106/><F110/><W128/><G125/><T59/><D102/><U66/><E75/><V73/><F83/><W96/><G112/><T47/><D47/><U129/><E129/><V56/><F118/><W1/><G128/><T32/><REACH who="0" step="1"/><D126/><REACH who="0" ten="201,250,250,289" step="2"/><U19/><E104/><V107/><F101/><W45/><G45/><T92/><D92/><U9/><E117/><V76/><F107/><W54/><G100/><T18/><D18/><U26/><E66/><V69/><F106/><W61/><G17/><T0/><D0/><U50/><REACH who="1" step="1"/><E23/><REACH who="1" ten="201,240,250,289" step="2"/><V7/><F73/><W91/><G22/><T84/><D84/><U111/><E111/><V67/><F67/><W127/><G127/><T68/><D68/><U31/><AGARI ba="0,2" hai="9,15,19,21,26,31,48,50,51,55,58,93,97,103" machi="31" ten="20,7800,0" yaku="1,1,0,1,7,1,8,1,53,0" doraHai="115" doraHaiUra="132" who="1" fromWho="1" sc="201,-26,240,98,250,-26,289,-26" /><INIT seed="1,1,0,3,5,87" ten="175,338,224,263" oya="1" hai0="39,110,82,73,118,131,78,15,53,61,16,126,104" hai1="122,134,5,116,88,30,21,12,132,83,9,63,1" hai2="33,8,58,124,10,71,86,49,3,13,76,42,69" hai3="31,11,60,22,44,57,45,114,19,37,121,111,2"/><U23/><E116/><V48/><F33/><W117/><G121/><T29/><D104/><U97/><E122/><V91/><F76/><W106/><G114/><T80/><D118/><U17/><E63/><V55/><F124/><W4/><G106/><T54/><D39/><U90/><E97/><V41/><F3/><W119/><G111/><T101/><D101/><U46/><E83/><V62/><F69/><W72/><G72/><T128/><D29/><U92/><E46/><V129/><F129/><N who="0" m="49738" /><D110/><U32/><E23/><V6/><F8/><W7/><G7/><T35/><D35/><U115/><E115/><V123/><F123/><W127/><G127/><T113/><D113/><U94/><E92/><V93/><REACH who="2" step="1"/><F71/><REACH who="2" ten="175,338,214,263" step="2"/><W26/><G117/><T102/><D126/><U64/><E32/><V103/><F103/><W130/><G119/><T66/><D102/><U27/><E90/><V68/><F68/><W100/><G100/><T24/><D78/><U135/><E1/><V51/><AGARI ba="1,1" hai="6,10,13,41,42,48,49,51,55,58,62,86,91,93" machi="51" ten="30,7900,0" yaku="1,1,0,1,8,1,52,1,53,0" doraHai="87" doraHaiUra="120" who="2" fromWho="2" sc="175,-21,338,-40,214,92,263,-21" /><INIT seed="2,0,0,0,2,40" ten="154,298,306,242" oya="2" hai0="55,67,57,25,3,93,42,71,22,105,82,90,118" hai1="37,107,76,85,29,87,64,32,56,21,97,84,89" hai2="6,78,128,52,130,39,111,125,17,114,74,132,131" hai3="119,50,46,26,7,102,38,44,9,62,109,54,75"/><V72/><F114/><W83/><G119/><T104/><D3/><U61/><E32/><V65/><F6/><W11/><G109/><T101/><D101/><U120/><E37/><V79/><F111/><W19/><G102/><T14/><D82/><U70/><E120/><V41/><F65/><W31/><G62/><T13/><D42/><U123/><E70/><V92/><F125/><W133/><G133/><T88/><D90/><U28/><E107/><V126/><F126/><W58/><G19/><T98/><D118/><U103/><E123/><V27/><F132/><W1/><G11/><T36/><D36/><U35/><E35/><V66/><F66/><W15/><G15/><T113/><D113/><U80/><E103/><V43/><F92/><W99/><G99/><T59/><D71/><U124/><E124/><V34/><F34/><W5/><G5/><T95/><D95/><N who="1" m="56559" /><E28/><V81/><F39/><W60/><G38/><T115/><D115/><U23/><E23/><N who="2" m="13807" /><F78/><W117/><G117/><T106/><D106/><U96/><E96/><V91/><F74/><W108/><G108/><T122/><D122/><U45/><E80/><V121/><F121/><W112/><G112/><T69/><D69/><U20/><E76/><V4/><F91/><W30/><G83/><T116/><D116/><U68/><E68/><V16/><F81/><W0/><G0/><T33/><D33/><U47/><E21/><V86/><F130/><W53/><G75/><T18/><D105/><U134/><E134/><V129/><F131/><W48/><G26/><AGARI ba="0,0" hai="20,26,29,45,47,56,61,64,84,85,87" m="56559" machi="26" ten="30,3900,0" yaku="8,1,52,2" doraHai="40" who="1" fromWho="3" sc="154,0,298,39,306,0,242,-39" /><INIT seed="3,0,0,4,0,109" ten="154,337,306,203" oya="3" hai0="114,53,42,121,46,58,131,125,6,57,56,32,65" hai1="130,39,92,76,28,100,102,64,80,113,87,106,33" hai2="54,52,45,61,69,72,79,60,37,85,44,90,12" hai3="123,112,86,29,119,104,84,107,3,8,117,99,124"/><W135/><G29/><T26/><D6/><U91/><E33/><V2/><F2/><W35/><G35/><T59/><D26/><U83/><E39/><V1/><F1/><W41/><G41/><T134/><D32/><U43/><E43/><V27/><F27/><W34/><G34/><T70/><D121/><U55/><E64/><V75/><F79/><W16/><G3/><T94/><D94/><U13/><E28/><V78/><F78/><W132/><G8/><T47/><D125/><U71/><E71/><V103/><F103/><N who="1" m="39465" /><E55/><V81/><F37/><W108/><G16/><T110/><D110/><U126/><E13/><V101/><F101/><W22/><G22/><T95/><D95/><U93/><E126/><V17/><F69/><W118/><G124/><T128/><D134/><N who="3" m="51241" /><G108/><T122/><D122/><U129/><E113/><V50/><F72/><W10/><G10/><T111/><D111/><U18/><E106/><N who="3" m="40490" /><G123/><T23/><D23/><U88/><E18/><V96/><F17/><W5/><G5/><T66/><D114/><U4/><E4/><V68/><F12/><W30/><G30/><T9/><D9/><U21/><E21/><V19/><F19/><W11/><G11/><T0/><D0/><U20/><E20/><V25/><F25/><W97/><G112/><T36/><D70/><U105/><E105/><V49/><F68/><W51/><G51/><T14/><D14/><U62/><E62/><V74/><F61/><W24/><G24/><T63/><D65/><U73/><E91/><N who="2" m="51631" /><F60/><W40/><G40/><N who="0" m="22919" /><D66/><U89/><E89/><V15/><F15/><RYUUKYOKU ba="0,0" sc="154,0,337,0,306,0,203,0" hai0="42,46,53,56,57,58,59,63,128,131" hai1="73,76,80,83,87,88,92,93,129,130" hai2="44,45,49,50,52,54,74,75,90,96" hai3="84,86,97,99,117,118,119" /><INIT seed="3,1,0,4,0,110" ten="154,337,306,203" oya="3" hai0="25,78,0,62,122,88,77,90,101,36,45,82,19" hai1="131,80,79,75,35,59,13,115,24,22,67,15,106" hai2="42,91,33,11,21,73,12,37,129,84,71,16,51" hai3="47,1,135,87,97,49,74,92,50,93,10,99,55"/><W65/><G74/><T103/><D0/><U48/><E115/><V94/><F33/><W114/><G114/><T119/><D119/><U123/><E123/><V124/><F124/><W66/><G135/><T26/><D122/><U38/><E38/><V3/><F129/><W61/><G1/><T85/><D62/><U58/><E106/><V52/><F73/><W8/><G87/><T95/><D36/><U107/><E35/><V5/><F71/><W41/><G61/><T2/><D45/><U102/><E131/><V31/><F31/><W29/><G29/><T134/><D2/><U116/><E59/><N who="2" m="33183" /><F37/><W113/><G113/><T28/><D28/><U60/><E116/><V9/><F9/><W130/><G130/><T108/><D108/><U44/><E102/><N who="0" m="38921" /><D134/><U133/><E107/><V54/><F54/><W81/><G55/><T40/><D40/><AGARI ba="1,0" hai="3,5,11,12,16,21,40,42,84,91,94" m="33183" machi="40" ten="30,3900,0" yaku="25,1,54,2" doraHai="110" who="2" fromWho="0" sc="154,-42,337,0,306,42,203,0" /><INIT seed="4,0,0,4,1,126" ten="112,337,348,203" oya="0" hai0="123,114,6,65,117,135,22,7,84,1,109,75,119" hai1="81,55,91,59,103,11,98,120,78,12,133,95,113" hai2="121,132,29,102,87,116,112,35,64,61,14,49,111" hai3="94,76,37,13,47,56,10,101,9,30,115,4,71"/><T54/><D75/><U24/><E120/><V8/><F121/><W15/><G71/><T122/><D65/><U5/><E133/><V92/><F111/><W96/><G115/><T77/><D77/><U85/><E113/><V118/><F112/><W25/><G76/><T93/><D114/><U17/><E24/><V27/><F132/><W2/><G56/><T97/><D84/><U52/><E5/><V63/><F49/><W131/><G47/><T19/><D135/><U39/><E39/><V125/><F125/><W46/><G46/><T99/><D22/><U53/><REACH who="1" step="1"/><E78/><REACH who="1" ten="112,327,348,203" step="2"/><V79/><F79/><W67/><G37/><T86/><D109/><U82/><E82/><V21/><F116/><W26/><G25/><T32/><D32/><U44/><E44/><V105/><F35/><W106/><G26/><T43/><D1/><U134/><E134/><V130/><F27/><W108/><G30/><T0/><D0/><U36/><E36/><V3/><F29/><W57/><G2/><T74/><D19/><U62/><AGARI ba="0,1" hai="11,12,17,52,53,55,59,62,81,85,91,95,98,103" machi="62" ten="20,8000,1" yaku="1,1,0,1,7,1,8,1,54,1,53,0" doraHai="126" doraHaiUra="104" who="1" fromWho="1" sc="112,-40,327,90,348,-20,203,-20" /><INIT seed="5,0,0,3,3,67" ten="72,417,328,183" oya="1" hai0="41,70,32,62,101,14,33,28,11,47,24,56,65" hai1="125,126,18,49,55,133,94,61,39,22,9,42,107" hai2="52,53,13,4,105,114,127,78,98,111,6,37,116" hai3="109,8,72,110,104,57,108,15,95,80,10,75,58"/><U96/><E107/><V12/><F111/><W73/><G104/><T130/><D101/><U118/><E118/><V50/><F116/><W51/><G51/><T21/><D130/><U23/><E133/><V88/><F37/><W83/><G95/><T112/><D112/><U2/><E42/><V92/><F114/><W60/><G60/><T46/><D46/><U124/><E61/><V81/><F105/><W66/><G66/><T16/><REACH who="0" step="1"/><D56/><REACH who="0" ten="62,417,328,183" step="2"/><U54/><E124/><V85/><F127/><W31/><G58/><T38/><AGARI ba="0,1" hai="11,14,16,21,24,28,32,33,38,41,47,62,65,70" machi="38" ten="20,12000,2" yaku="1,1,2,1,0,1,7,1,52,1,54,1,53,0" doraHai="67" doraHaiUra="3" who="0" fromWho="0" sc="62,130,417,-60,328,-30,183,-30" /><INIT seed="6,0,0,1,0,6" ten="192,357,298,153" oya="2" hai0="127,109,79,134,72,81,123,87,47,94,106,135,120" hai1="116,3,4,64,90,74,104,18,8,13,130,95,12" hai2="125,59,77,46,35,25,73,118,122,30,43,1,33" hai3="44,99,66,60,96,128,82,119,23,27,42,2,108"/><V31/><F118/><W7/><G108/><T14/><D47/><U17/><E116/><V16/><F122/><N who="0" m="46634" /><D14/><U131/><E104/><V67/><F1/><W48/><G128/><N who="1" m="49194" /><E74/><V115/><F115/><W91/><G119/><T22/><D22/><N who="1" m="11559" /><E64/><V11/><F125/><W68/><G82/><T41/><D41/><U61/><E61/><V5/><F5/><W105/><G105/><T19/><D19/><U101/><E101/><V113/><F113/><W62/><G62/><T75/><D106/><U126/><E126/><V39/><F67/><W58/><G68/><T132/><D127/><U86/><E18/><V9/><F59/><W28/><REACH who="3" step="1"/><G91/><REACH who="3" ten="192,357,298,143" step="2"/><N who="0" m="53631" /><D109/><U98/><E3/><V24/><F16/><W55/><G55/><T78/><D78/><U36/><E4/><V92/><F92/><W34/><G34/><T111/><D111/><U29/><E95/><V57/><F77/><W37/><G37/><T88/><D88/><U20/><E36/><V117/><F117/><W54/><G54/><T69/><D69/><U93/><E93/><V70/><F70/><W110/><G110/><T97/><D97/><U76/><E98/><V100/><F35/><W10/><AGARI ba="0,1" hai="2,7,10,23,27,28,42,44,48,58,60,66,96,99" machi="10" ten="30,7900,0" yaku="1,1,0,1,52,1,53,1" doraHai="6" doraHaiUra="0" who="3" fromWho="3" sc="192,-20,357,-20,298,-39,143,89" /><INIT seed="7,0,0,4,4,30" ten="172,337,259,232" oya="3" hai0="58,47,41,112,25,64,46,73,49,96,102,133,79" hai1="67,35,71,14,4,128,119,8,17,131,127,37,110" hai2="10,93,66,75,19,43,0,61,9,24,18,124,106" hai3="3,23,51,60,108,40,31,76,29,118,86,99,107"/><W109/><G118/><T16/><D133/><U125/><E119/><V55/><F106/><W89/><G3/><T36/><D112/><U15/><E110/><N who="3" m="42602" /><G76/><T111/><D111/><U114/><E35/><V45/><F55/><W91/><G60/><T104/><D79/><U84/><E114/><V59/><F75/><W1/><G1/><T113/><D113/><U34/><E34/><V88/><F124/><N who="1" m="47689" /><E37/><V92/><F92/><N who="3" m="56719" /><G107/><T98/><D98/><U42/><E42/><V72/><F72/><W39/><G39/><T7/><D7/><U53/><E53/><V70/><F70/><W78/><G78/><T101/><D102/><U95/><E67/><V116/><F116/><W48/><G23/><T62/><D73/><U134/><E71/><V120/><F0/><W81/><G48/><T20/><D36/><U135/><E95/><V11/><F120/><W132/><G132/><N who="1" m="50730" /><E84/><V83/><F93/><W105/><G105/><T26/><REACH who="0" step="1"/><D47/><AGARI ba="0,0" hai="29,31,40,47,51,81,86,91" m="56719,42602" machi="47" ten="30,1500,0" yaku="10,1" doraHai="30" who="3" fromWho="0" sc="172,-15,337,0,259,0,232,15" /><INIT seed="7,1,0,3,3,6" ten="157,337,259,247" oya="3" hai0="90,113,84,78,5,57,48,128,55,69,29,0,96" hai1="129,135,122,118,95,72,67,27,16,39,106,34,88" hai2="120,110,105,35,116,97,92,3,125,7,130,70,117" hai3="108,33,109,100,127,81,37,85,36,18,74,10,107"/><W134/><G74/><T12/><D69/><U132/><E122/><V28/><RYUUKYOKU type="yao9" ba="1,0" sc="157,0,337,0,259,0,247,0" hai2="3,7,28,35,70,92,97,105,110,116,117,120,125,130" /><INIT seed="7,2,0,3,0,80" ten="157,337,259,247" oya="3" hai0="35,12,103,133,134,112,84,15,90,68,27,39,88" hai1="34,79,44,71,47,65,87,48,116,16,49,5,135" hai2="22,119,97,113,31,52,132,120,4,114,25,89,117" hai3="107,26,118,18,106,104,121,85,75,127,53,55,14"/><W126/><G75/><T7/><D68/><U21/><E34/><V42/><F120/><W77/><G118/><T51/><D39/><U32/><E32/><V45/><F4/><W93/><G121/><T57/><D103/><U131/><E131/><V130/><F130/><W9/><G26/><T36/><D36/><U100/><E135/><V76/><F76/><W58/><G55/><T28/><D90/><U40/><E71/><V123/><F132/><W56/><G56/><T6/><D112/><N who="2" m="43114" /><F52/><W74/><G74/><T62/><D51/><N who="1" m="27015" /><E100/><V19/><F31/><W23/><G9/><T17/><D134/><U10/><E65/><V95/><F123/><W111/><G111/><T3/><D133/><U99/><E99/><V81/><F81/><W59/><G59/><T63/><D3/><U24/><E116/><V105/><F105/><W92/><G92/><T125/><D125/><U101/><E101/><V38/><AGARI ba="2,0" hai="19,22,25,38,42,45,89,95,97,117,119" m="43114" machi="38" ten="30,1100,0" yaku="15,1" doraHai="80" who="2" fromWho="2" sc="157,-5,337,-5,259,17,247,-7" owari="152,-35.0,332,43.0,276,8.0,240,-16.0" /></mjloggm>