<mjloggm ver="2.3"><GO type="225" lobby="0"/><UN n0="%E5%B2%A9%E7%9F%B3%E3%82%AA%E3%83%BC%E3%83%97%E3%83%B3" n1="%53%65%6E%61%72" n2="%E3%81%AF%E3%81%AA%E3%81%BE%E3%82%8B%E3%81%8D" n3="%E5%B0%B1%E6%B4%BB%E7%94%9F%40%E5%B7%9D%E6%9D%91%E8%BB%8D%E5%9B%A3" dan="17,16,16,17" rate="2137.83,2133.28,2110.80,2189.74" sx="M,M,M,M"/><TAIKYOKU oya="0"/><INIT seed="0,0,0,2,4,107" ten="250,250,250,250" oya="0" hai0="115,81,88,18,19,123,120,60,37,98,87,9,125" hai1="6,124,50,59,99,114,49,76,39,11,38,91,15" hai2="80,90,22,58,41,111,103,32,3,48,8,44,132" hai3="113,29,74,128,89,13,70,83,36,95,12,92,40"/><T61/><D37/><U101/><E124/><V35/><F132/><W73/><G113/><T57/><D115/><U23/><E114/><V30/><F111/><W102/><G70/><T130/><D125/><U77/><E91/><V108/><F108/><W20/><G128/><T0/><D130/><U28/><E39/><V54/><F103/><W34/><G34/><T16/><D61/><U25/><E38/><V51/><F30/><W131/><G131/><T68/><D68/><U63/><E77/><V47/><F58/><W116/><G116/><T31/><D31/><U84/><E84/><V129/><F22/><W10/><G83/><T26/><D26/><U100/><E76/><V56/><F56/><W67/><G67/><T1/><D98/><U110/><E110/><V121/><F121/><W69/><G69/><T85/><D85/><U45/><E45/><V119/><F119/><W112/><G112/><T104/><D104/><U2/><E2/><V135/><F135/><W7/><G102/><N who="1" m="39530" /><E99/><V24/><F24/><W79/><G79/><T17/><N who="0" m="4096" /><DORA hai="53" /><T62/><D62/><U96/><E96/><V109/><F109/><W117/><G117/><T97/><D97/><U71/><E71/><V66/><F66/><AGARI ba="0,0" hai="6,11,15,23,25,28,49,50,59,63,66" m="39530" machi="66" ten="30,2000,0" yaku="8,1,52,1" doraHai="107,53" who="1" fromWho="2" sc="250,0,250,20,250,-20,250,0" /><INIT seed="1,0,0,1,4,6" ten="250,270,230,250" oya="1" hai0="88,53,95,111,9,113,60,117,78,79,63,124,69" hai1="94,101,23,47,54,27,75,67,21,52,135,103,8" hai2="74,112,105,25,30,17,42,19,131,119,104,116,110" hai3="121,35,18,123,4,3,77,39,87,15,62,98,99"/><U55/><E75/><V102/><F74/><W31/><G39/><T43/><D117/><U89/><E135/><V70/><F70/><W34/><G62/><T38/><D113/><U90/><E67/><V16/><F112/><W108/><G77/><T132/><D132/><U12/><E47/><V56/><F42/><W127/><G87/><T58/><D43/><U129/><E129/><V10/><F131/><W41/><G41/><T2/><D38/><U97/><E89/><V120/><F56/><W80/><G80/><T14/><D2/><U81/><E81/><V126/><F102/><N who="1" m="38921" /><E27/><V0/><F105/><W84/><G84/><T130/><D130/><U57/><E57/><V45/><F45/><W13/><G99/><T61/><D69/><U118/><E118/><N who="2" m="45099" /><F104/><W49/><G98/><T125/><D79/><U133/><E133/><V82/><F82/><W36/><G36/><T26/><D78/><U44/><E44/><V92/><F92/><W24/><G49/><T66/><D66/><U109/><E109/><V100/><F100/><W128/><G108/><T71/><D26/><U73/><E73/><V114/><F114/><W68/><G128/><T1/><D71/><U33/><E33/><N who="2" m="20687" /><F110/><W85/><G35/><T115/><D115/><U5/><AGARI ba="0,0" hai="5,8,12,21,23,52,54,55,90,94,97" m="38921" machi="5" ten="30,6000,0" yaku="8,1,52,1,54,1" doraHai="6" who="1" fromWho="1" sc="250,-20,270,60,230,-20,250,-20" /><INIT seed="1,1,0,3,5,53" ten="230,330,210,230" oya="1" hai0="46,103,98,77,110,48,116,73,37,33,65,85,74" hai1="130,125,95,121,134,43,19,118,35,39,126,24,64" hai2="38,44,47,13,72,131,51,21,52,112,36,115,90" hai3="5,16,113,14,20,9,59,119,54,63,55,1,45"/><U66/><E121/><V28/><F72/><W31/><G113/><N who="2" m="43593" /><F131/><W135/><G135/><T104/><D116/><U122/><E122/><V4/><F4/><W15/><G119/><T41/><D85/><U3/><E118/><V80/><F80/><W10/><G31/><T109/><D33/><U128/><E3/><V71/><F71/><W111/><G111/><N who="0" m="42507" /><D77/><U106/><E106/><V70/><F70/><W102/><G102/><T101/><D101/><U68/><E134/><V17/><F90/><W129/><G129/><N who="1" m="49770" /><E95/><V83/><F83/><W34/><G34/><T86/><D86/><U23/><E35/><V61/><F61/><W2/><G45/><N who="2" m="17481" /><F28/><W18/><G2/><T100/><D100/><U82/><E82/><V120/><F120/><W8/><G20/><T89/><D89/><U67/><E68/><V30/><F30/><W105/><G105/><T93/><D104/><U60/><E60/><V107/><F107/><W91/><G91/><T62/><D37/><U75/><E75/><V69/><F69/><AGARI ba="1,0" hai="41,46,48,62,65,69,73,74,93,98,103" m="42507" machi="69" ten="30,1000,0" yaku="14,1" doraHai="53" who="0" fromWho="2" sc="230,13,330,0,210,-13,230,0" /><INIT seed="2,0,0,3,2,81" ten="243,330,197,230" oya="2" hai0="13,106,36,27,28,82,94,55,118,39,33,86,131" hai1="83,47,74,80,123,95,112,97,8,135,54,84,37" hai2="50,88,122,57,25,73,44,101,92,4,127,108,66" hai3="6,46,41,59,21,67,114,53,91,30,63,20,40"/><V62/><F73/><W120/><G120/><T77/><D106/><U99/><E112/><V61/><F122/><W133/><G114/><T1/><D1/><U60/><E123/><V32/><F127/><W110/><G110/><T5/><D118/><U42/><E135/><V14/><F108/><W56/><G133/><T109/><D109/><U119/><E119/><V65/><F101/><W19/><G6/><T69/><D69/><U90/><E8/><N who="2" m="4359" /><F32/><W117/><G117/><T11/><D131/><U51/><E74/><V43/><F25/><N who="3" m="16679" /><G91/><T35/><D35/><U26/><E26/><V22/><F22/><W96/><G96/><N who="1" m="36938" /><E37/><V0/><F0/><W64/><G46/><T71/><D71/><U124/><E124/><V126/><F126/><W129/><G129/><T121/><D121/><U58/><AGARI ba="0,0" hai="42,47,51,54,58,60,80,83,84,90,95" m="36938" machi="58" ten="30,2000,0" yaku="8,1,52,1" doraHai="81" who="1" fromWho="1" sc="243,-5,330,20,197,-10,230,-5" /><INIT seed="3,0,0,5,0,21" ten="238,350,187,225" oya="3" hai0="13,99,91,119,95,6,122,4,11,131,57,101,60" hai1="64,52,120,33,113,77,39,29,43,98,115,61,100" hai2="133,73,32,18,17,3,134,105,128,24,85,27,94" hai3="0,65,36,84,9,123,16,89,127,82,59,80,30"/><W12/><G123/><T104/><D119/><U96/><E120/><V112/><F105/><W126/><G36/><T107/><D122/><U58/><E77/><V93/><F73/><W129/><G0/><T34/><D34/><U106/><E98/><V35/><F3/><W103/><G103/><T116/><D116/><U92/><E92/><N who="2" m="35435" /><F85/><W54/><G65/><T40/><D40/><U76/><E76/><V70/><F70/><W47/><G47/><T108/><D104/><U14/><E14/><V66/><F66/><W132/><G30/><T109/><D4/><U25/><E43/><V7/><F7/><W62/><G129/><T15/><D131/><U78/><E39/><V110/><F128/><W31/><G31/><T42/><D42/><U38/><E38/><V44/><F44/><W8/><G132/><N who="2" m="50793" /><F112/><W135/><G135/><T41/><D107/><U102/><E102/><V75/><F75/><W71/><G71/><T51/><D6/><U1/><E1/><V88/><F88/><W10/><REACH who="3" step="1"/><G80/><REACH who="3" ten="238,350,187,215" step="2"/><T83/><D83/><U81/><E64/><V23/><F110/><W49/><G49/><T121/><D51/><U72/><AGARI ba="0,1" hai="25,29,33,52,58,61,72,78,81,96,100,106,113,115" machi="72" ten="20,5200,0" yaku="0,1,7,1,52,1,54,1" doraHai="21" who="1" fromWho="1" sc="238,-13,350,62,187,-13,215,-26" owari="225,3.0,412,51.0,174,-33.0,189,-21.0" /></mjloggm>