<mjloggm ver="2.3"><GO type="169" lobby="0"/><UN n0="%43%52%41%5A%59%52%41%54" n1="%4D%61%73%61%4D%61%73%61" n2="%E5%B0%B1%E6%B4%BB%E7%94%9F%40%E5%B7%9D%E6%9D%91%E8%BB%8D%E5%9B%A3" n3="%E9%BB%92%E7%8C%AB%40%E3%81%BA%E3%82%8D%E3%81%BA%E3%82%8D%E2%98%86" dan="16,16,17,18" rate="2072.76,2002.01,2202.26,2196.31" sx="F,F,M,F"/><TAIKYOKU oya="0"/><INIT seed="0,0,0,3,4,126" ten="250,250,250,250" oya="0" hai0="114,96,84,41,101,117,60,37,34,104,107,86,63" hai1="28,58,10,134,79,30,13,83,12,46,127,53,122" hai2="92,40,50,73,47,17,45,14,88,23,113,102,21" hai3="6,87,76,95,31,112,27,66,132,4,11,130,97"/><T121/><D117/><U82/><E122/><V61/><F113/><W64/><G112/><T22/><D121/><U29/><E127/><V26/><F73/><W125/><G125/><T20/><D34/><U42/><E134/><V36/><F102/><W119/><G119/><T133/><D114/><U100/><E100/><V124/><F124/><W68/><G132/><T18/><D133/><U81/><E79/><V110/><F110/><W7/><G11/><T128/><D128/><U65/><E65/><V15/><F61/><W89/><G68/><T98/><D101/><U9/><E9/><V5/><F5/><W120/><G120/><T56/><D56/><U118/><E10/><V55/><REACH who="2" step="1"/><F21/><REACH who="2" ten="250,250,240,250" step="2"/><N who="3" m="15855" /><G130/><T85/><D60/><U54/><E118/><V109/><F109/><W59/><G7/><T106/><D63/><U43/><E46/><V19/><F19/><W70/><G70/><T24/><D22/><U71/><E71/><V67/><F67/><W48/><G66/><T8/><D8/><U51/><REACH who="1" step="1"/><E54/><REACH who="1" ten="250,240,240,250" step="2"/><V0/><F0/><W3/><G3/><T115/><D115/><U35/><E35/><V78/><F78/><W91/><G76/><T74/><D20/><U49/><E49/><V75/><F75/><W131/><G131/><T57/><D74/><U44/><E44/><V90/><F90/><W135/><G135/><T39/><D39/><U99/><E99/><AGARI ba="0,2" hai="14,15,17,23,26,36,40,45,47,50,55,88,92,99" machi="99" ten="30,3900,0" yaku="1,1,7,1,54,1,53,0" doraHai="126" doraHaiUra="116" who="2" fromWho="1" sc="250,0,240,-39,240,59,250,0" /><INIT seed="1,0,0,2,1,42" ten="250,201,299,250" oya="1" hai0="57,101,107,123,79,56,68,129,8,46,17,0,52" hai1="97,67,80,64,88,95,58,134,30,28,23,116,109" hai2="10,66,72,54,6,120,111,47,130,65,96,19,108" hai3="27,37,77,21,63,59,127,31,110,132,20,113,86"/><U94/><E116/><V35/><F120/><W71/><G113/><T39/><D123/><U81/><E134/><V24/><F72/><W26/><G132/><T32/><D68/><U87/><E109/><N who="2" m="42059" /><F130/><W36/><G110/><T11/><D129/><U53/><E81/><V13/><F96/><W82/><G71/><T16/><D32/><U29/><E23/><N who="2" m="13439" /><F35/><W2/><G2/><T70/><D70/><U125/><E125/><V99/><F99/><W106/><G106/><T74/><D107/><U9/><E9/><V133/><F133/><W84/><G84/><T122/><D122/><U117/><E95/><V89/><F89/><W119/><G127/><T128/><D101/><U114/><E114/><V49/><AGARI ba="0,0" hai="6,10,13,47,49,54,65,66" m="13439,42059" machi="49" ten="30,2000,0" yaku="14,1,52,1" doraHai="42" who="2" fromWho="2" sc="250,-5,201,-10,299,20,250,-5" /><INIT seed="2,0,0,1,3,69" ten="245,191,319,245" oya="2" hai0="129,37,42,79,24,132,28,127,130,7,17,134,133" hai1="125,92,40,49,89,94,14,88,102,74,70,8,73" hai2="4,75,107,48,123,93,33,81,45,85,108,104,46" hai3="43,121,87,113,18,5,29,41,80,60,2,97,16"/><V53/><F123/><W19/><G121/><T54/><D7/><U82/><E70/><V32/><F75/><W120/><G120/><T117/><D117/><U30/><E125/><V131/><F4/><W34/><G113/><T105/><D105/><U0/><E0/><V21/><F93/><W119/><G119/><T1/><D1/><U50/><E30/><V56/><F45/><W68/><G68/><T38/><D79/><U124/><E124/><V27/><F33/><W64/><G97/><T100/><D100/><U84/><E102/><V71/><F71/><W61/><G29/><T25/><D127/><U122/><E122/><V111/><F32/><W135/><G135/><T22/><D54/><U101/><E101/><V109/><F56/><W52/><G34/><N who="0" m="20751" /><D42/><U63/><E63/><V91/><REACH who="2" step="1"/><F131/><AGARI ba="0,0" hai="17,22,24,37,38,129,130,131,132,133,134" m="20751" machi="131" ten="40,8000,1" yaku="19,1,20,1,52,2" doraHai="69" who="0" fromWho="2" sc="245,80,191,0,319,-80,245,0" /><INIT seed="3,0,0,4,5,66" ten="325,191,239,245" oya="3" hai0="131,112,15,6,93,102,83,21,59,67,134,3,28" hai1="68,29,79,36,117,9,26,48,124,47,109,96,114" hai2="10,7,110,77,17,63,91,8,25,94,103,88,49" hai3="2,31,118,65,81,14,60,135,20,11,23,105,41"/><W129/><G118/><T123/><D123/><U32/><E114/><V71/><F110/><W12/><G135/><T5/><D112/><U0/><E109/><V100/><F77/><W44/><G129/><T107/><D134/><U19/><E117/><V130/><F130/><W37/><G105/><T42/><D107/><U76/><E124/><V115/><F115/><W95/><G2/><T92/><D3/><U51/><E36/><V99/><F49/><W128/><G128/><T85/><D131/><U43/><E68/><V45/><F45/><W33/><G12/><T104/><D104/><U53/><E96/><V98/><F63/><W101/><G81/><T30/><D42/><U113/><E113/><V4/><F71/><W120/><G120/><T22/><D67/><U39/><E39/><V69/><F69/><W89/><G101/><T127/><D102/><U40/><E19/><V1/><F17/><W38/><G38/><T106/><D106/><U97/><E97/><V58/><F25/><W111/><G111/><T126/><D15/><U35/><E35/><V80/><F1/><W73/><G73/><T34/><D34/><U61/><E61/><V75/><F75/><W52/><G52/><T56/><D85/><U132/><E132/><V16/><F16/><N who="3" m="8287" /><G33/><T70/><D70/><U90/><E90/><V13/><F58/><N who="3" m="37015" /><G31/><T84/><D83/><U64/><E64/><V122/><F122/><W72/><G72/><T27/><D84/><U54/><E54/><V24/><F80/><W119/><G119/><T62/><D62/><U82/><E82/><V46/><F13/><RYUUKYOKU ba="0,0" sc="325,15,191,-15,239,-15,245,15" hai0="5,6,21,22,27,28,30,56,59,92,93,126,127" hai3="20,23,37,41,44,89,95" /><INIT seed="3,1,0,5,1,92" ten="340,176,224,260" oya="3" hai0="111,57,6,94,72,105,119,49,127,35,93,11,76" hai1="39,61,89,67,107,118,108,75,44,63,131,14,129" hai2="5,26,123,117,130,128,60,46,16,19,126,58,68" hai3="28,62,116,95,65,78,101,13,12,74,113,50,59"/><W112/><G116/><T70/><D119/><U45/><E118/><V48/><F68/><W104/><G104/><T17/><D70/><U133/><E75/><V98/><F5/><W40/><G113/><T53/><D35/><U1/><E1/><V51/><F126/><W135/><G135/><T3/><D127/><U109/><E107/><V81/><F81/><W52/><G112/><T86/><D111/><N who="1" m="42571" /><E89/><V9/><F117/><W102/><G40/><T0/><D105/><U23/><E23/><V132/><F132/><W42/><G42/><T100/><D3/><U79/><E79/><V110/><F110/><W91/><G28/><T34/><D72/><U69/><E14/><N who="3" m="5738" /><G78/><T99/><D34/><U83/><E83/><V124/><F124/><W97/><G74/><T33/><D33/><U24/><E24/><V125/><F125/><W121/><G121/><T114/><D114/><U37/><E133/><V47/><F26/><W55/><G65/><T82/><D94/><U21/><E21/><V115/><F9/><W43/><G43/><T106/><D106/><U80/><E80/><V122/><F115/><W71/><G71/><T25/><D25/><U66/><E45/><AGARI ba="1,0" hai="45,50,52,55,59,62,91,95,97,101,102" m="5738" machi="45" ten="30,5800,0" yaku="8,1,52,1,54,1" doraHai="92" who="3" fromWho="1" sc="340,0,176,-61,224,0,260,61" /><INIT seed="3,2,0,4,0,45" ten="340,115,224,321" oya="3" hai0="42,33,73,71,63,109,23,110,41,46,115,96,120" hai1="19,118,117,93,127,36,43,113,89,74,54,91,119" hai2="66,98,92,7,106,44,69,29,77,83,55,135,0" hai3="6,59,24,52,62,11,72,75,26,82,30,50,40"/><W123/><G123/><T27/><D120/><U14/><E113/><V25/><F135/><W4/><G82/><T95/><D115/><U38/><E74/><V112/><F112/><W58/><G40/><T3/><D73/><U94/><E127/><V122/><F122/><W70/><G70/><T61/><D33/><U103/><E103/><V60/><F7/><W35/><G6/><T104/><D3/><U124/><E124/><V28/><F0/><W84/><G84/><T1/><D104/><U131/><E131/><V18/><F18/><W125/><G26/><T57/><D71/><U81/><E81/><V99/><F99/><W111/><G111/><N who="0" m="42507" /><D1/><U67/><E67/><V116/><F116/><W56/><G125/><T49/><D42/><U76/><E76/><V114/><F114/><W34/><G34/><T121/><D121/><U2/><E2/><V100/><F92/><W39/><G39/><T5/><D5/><U134/><E134/><V79/><F83/><W15/><G56/><T128/><D57/><U107/><E107/><V17/><F17/><W10/><REACH who="3" step="1"/><G11/><REACH who="3" ten="340,115,224,311" step="2"/><T31/><D128/><U9/><E43/><V102/><F25/><W101/><G101/><AGARI ba="2,1" hai="23,27,31,41,46,49,61,63,95,96,101" m="42507" machi="101" ten="30,2000,0" yaku="14,1,52,1" doraHai="45" who="0" fromWho="3" sc="340,36,115,0,224,0,311,-26" /><INIT seed="4,0,0,1,5,38" ten="376,115,224,285" oya="0" hai0="110,28,112,22,14,113,32,87,30,56,135,9,79" hai1="4,107,51,132,115,117,57,16,34,11,105,84,131" hai2="61,70,89,121,118,85,68,63,50,60,20,66,81" hai3="72,123,124,46,111,55,95,67,94,48,35,58,102"/><T44/><D135/><U42/><E117/><V88/><F121/><W5/><G111/><T90/><D110/><U74/><E132/><V127/><F127/><W37/><G123/><T91/><D32/><U31/><E74/><V36/><F36/><W92/><G124/><T65/><D44/><U77/><E115/><N who="0" m="44105" /><D79/><U100/><E131/><V45/><F118/><W52/><G72/><T120/><D120/><U19/><E100/><V106/><F106/><W98/><G35/><T73/><D73/><U54/><E107/><V49/><F49/><W96/><G67/><T93/><D91/><U18/><E105/><V26/><F89/><W82/><G82/><T104/><D104/><U128/><E128/><V69/><F69/><W134/><G134/><T129/><D22/><U97/><E97/><V27/><F27/><W103/><G95/><T116/><D116/><U59/><E31/><V122/><F70/><W2/><G37/><T12/><D129/><U71/><E71/><V25/><F25/><W78/><G78/><T41/><D30/><U21/><E34/><V15/><F122/><W86/><G86/><T23/><D87/><U0/><E59/><N who="2" m="37151" /><F15/><W53/><G58/><T33/><D14/><U47/><E21/><V62/><F68/><W75/><G75/><T7/><D23/><U29/><E29/><V39/><F39/><W1/><REACH who="3" step="1"/><G5/><REACH who="3" ten="376,115,224,275" step="2"/><N who="0" m="3119" /><D33/><U130/><E130/><V13/><F85/><W114/><G114/><T109/><D109/><U80/><REACH who="1" step="1"/><E19/><REACH who="1" ten="376,105,224,275" step="2"/><N who="2" m="10351" /><F26/><W76/><G76/><T126/><D126/><U125/><E125/><V3/><F88/><W101/><G101/><RYUUKYOKU ba="0,2" sc="376,-15,105,15,224,-15,275,15" hai1="0,4,11,16,18,42,47,51,54,57,77,80,84" hai3="1,2,46,48,52,53,55,92,94,96,98,102,103" /><INIT seed="5,1,2,1,5,68" ten="361,120,209,290" oya="1" hai0="52,26,127,106,83,31,124,109,36,61,2,35,59" hai1="100,99,3,96,126,46,50,120,23,79,34,122,12" hai2="62,121,9,112,69,6,84,130,10,44,49,60,87" hai3="17,90,51,103,86,11,0,47,22,132,89,65,43"/><U75/><E34/><V38/><F121/><W128/><G132/><T15/><D109/><U1/><E126/><N who="0" m="48169" /><D2/><U123/><E79/><V58/><F38/><W19/><G128/><T72/><D106/><U4/><E75/><V8/><F130/><W30/><G103/><T74/><D36/><U20/><E20/><V129/><F129/><W27/><G90/><T29/><D29/><U25/><E12/><V39/><F39/><W93/><G65/><T118/><D118/><U115/><E4/><V111/><F111/><W133/><G133/><T107/><D107/><U28/><E115/><V5/><F69/><W101/><G101/><T110/><D110/><U125/><E125/><V56/><F112/><W54/><G0/><T119/><D119/><U92/><REACH who="1" step="1"/><E99/><REACH who="1" ten="361,110,209,290" step="2"/><V7/><F87/><W45/><G11/><T73/><D15/><U80/><E80/><AGARI ba="1,3" hai="26,31,35,52,59,61,72,73,74,80,83" m="48169" machi="80" ten="40,2600,0" yaku="18,1,54,1" doraHai="68" who="0" fromWho="1" sc="361,59,110,-29,209,0,290,0" /><INIT seed="6,0,0,1,2,121" ten="420,81,209,290" oya="2" hai0="111,122,66,95,72,33,15,29,124,0,115,43,49" hai1="14,104,87,46,30,13,89,26,36,100,25,55,34" hai2="128,18,112,16,5,74,40,79,31,6,37,130,58" hai3="47,78,54,83,27,22,57,75,62,76,19,35,93"/><V84/><F74/><W77/><G35/><T71/><D122/><U82/><E104/><V126/><F37/><W102/><G102/><T123/><D123/><U39/><E100/><V103/><F40/><W63/><G63/><T56/><D115/><U41/><E36/><V45/><F103/><W9/><G93/><T97/><D0/><U38/><E39/><V132/><F45/><W68/><G68/><T50/><D72/><U118/><E118/><V81/><F112/><W106/><G106/><T23/><D71/><U86/><E55/><V44/><F44/><W107/><G107/><T135/><D33/><U2/><E2/><V8/><F31/><W98/><G98/><T65/><D97/><U109/><E25/><V116/><F116/><W12/><G47/><T51/><D29/><AGARI ba="0,0" hai="9,12,19,22,27,29,54,57,62,75,76,77,78,83" machi="29" ten="30,1000,0" yaku="7,1" doraHai="121" who="3" fromWho="0" sc="420,-10,81,0,209,0,290,10" /><INIT seed="7,0,0,4,4,43" ten="410,81,209,300" oya="3" hai0="49,96,4,32,82,97,65,71,120,88,62,74,89" hai1="116,45,121,56,9,39,78,22,128,40,92,134,17" hai2="80,1,129,50,33,42,112,53,86,35,122,75,34" hai3="127,59,69,77,119,14,68,0,55,5,47,66,114"/><W133/><G0/><T110/><D110/><U37/><E121/><V101/><F122/><W103/><G119/><T79/><D120/><U118/><E134/><V131/><F101/><W95/><G133/><T73/><D32/><U15/><E128/><V21/><F1/><W31/><G114/><T3/><D74/><U72/><E118/><V46/><F75/><W107/><G107/><T93/><D49/><U99/><E116/><V109/><F109/><W13/><G127/><T76/><D76/><U11/><E37/><V58/><F21/><W6/><G68/><T36/><D36/><U126/><E126/><V19/><F19/><W60/><G31/><T44/><D44/><U100/><E56/><V125/><F125/><W70/><G70/><T63/><D63/><U28/><E28/><V2/><F2/><W87/><G69/><T57/><D71/><U8/><E22/><V20/><F20/><W108/><G108/><T51/><D51/><U130/><E130/><V123/><F123/><W113/><G113/><T52/><D65/><U124/><E124/><V91/><F112/><W30/><G30/><T85/><REACH who="0" step="1"/><D89/><REACH who="0" ten="400,81,209,300" step="2"/><U18/><REACH who="1" step="1"/><E17/><REACH who="1" ten="400,71,209,300" step="2"/><V94/><F129/><W102/><G59/><T27/><D27/><U64/><E64/><V90/><F131/><W54/><G66/><T104/><D104/><U7/><E7/><V29/><F29/><W106/><G6/><T25/><D25/><U12/><E12/><V61/><F35/><W111/><G5/><T16/><D16/><U48/><E48/><V67/><F67/><W135/><G106/><T81/><D81/><AGARI ba="0,2" hai="8,9,11,15,18,39,40,45,72,78,81,92,99,100" machi="81" ten="40,5200,0" yaku="1,1,6,1,52,1,53,0" doraHai="43" doraHaiUra="84" who="1" fromWho="0" sc="400,-52,71,72,209,0,300,0" owari="348,45.0,143,-36.0,209,-19.0,300,10.0" /></mjloggm>