<mjloggm ver="2.3"><GO type="169" lobby="0"/><UN n0="%E4%BF%A1%E6%BF%83%E3%81%AE%E8%8D%92%E6%B3%95%E5%B8%AB" n1="%E3%83%95%E3%83%B3%E3%83%8C" n2="%E5%B0%B1%E6%B4%BB%E7%94%9F%40%E5%B7%9D%E6%9D%91%E8%BB%8D%E5%9B%A3" n3="%67%6F%6D%75" dan="16,16,17,16" rate="2113.29,2126.71,2231.65,2046.50" sx="M,M,M,M"/><TAIKYOKU oya="0"/><INIT seed="0,0,0,3,2,64" ten="250,250,250,250" oya="0" hai0="108,55,82,77,130,103,86,84,15,43,39,65,19" hai1="28,31,123,85,122,92,97,124,119,120,116,5,105" hai2="25,74,0,70,26,101,128,45,129,53,135,12,3" hai3="67,106,90,72,20,69,66,11,121,10,50,13,9"/><T56/><D130/><N who="2" m="50282" /><F74/><W60/><G72/><T79/><D108/><U22/><E5/><V1/><F101/><W98/><G121/><T132/><D132/><U126/><E22/><V134/><F70/><W6/><G66/><T118/><D118/><U89/><E31/><V48/><F12/><W99/><G50/><T30/><D30/><U33/><E28/><V94/><F94/><W75/><G75/><T111/><D111/><U58/><E33/><V18/><F18/><W83/><G20/><T35/><D35/><U87/><E58/><V112/><F112/><W46/><G46/><T21/><D65/><U49/><E49/><V107/><F107/><W47/><G47/><T63/><D103/><N who="1" m="62703" /><E85/><V80/><F80/><W133/><G106/><T78/><D39/><U8/><E8/><V71/><F71/><W34/><G34/><T73/><D73/><U51/><E51/><V110/><F110/><W14/><G11/><T88/><REACH who="0" step="1"/><D43/><REACH who="0" ten="240,250,250,250" step="2"/><U7/><E116/><V59/><F134/><W44/><G133/><T36/><D36/><U54/><E119/><V37/><F135/><W96/><G44/><T131/><D131/><U81/><E54/><V113/><F113/><W61/><G61/><T68/><D68/><U17/><E123/><V109/><F109/><W102/><G102/><T24/><D24/><U125/><E122/><V117/><F117/><W100/><G100/><T23/><D23/><U2/><E120/><V29/><F29/><W38/><G38/><T76/><D76/><U91/><E124/><V27/><F27/><W114/><G114/><T115/><D115/><RYUUKYOKU ba="0,1" sc="240,15,250,-15,250,15,250,-15" hai0="15,19,21,55,56,63,77,78,79,82,84,86,88" hai2="0,1,3,25,26,37,45,48,53,59" /><INIT seed="0,1,1,5,3,34" ten="255,235,265,235" oya="0" hai0="66,124,104,56,4,28,72,134,83,52,122,14,7" hai1="118,126,8,25,82,81,86,5,40,89,35,75,16" hai2="132,62,53,30,64,108,23,120,98,84,129,21,67" hai3="12,76,94,101,65,106,95,63,114,103,57,78,20"/><T32/><D122/><U2/><E118/><V107/><F120/><W85/><G114/><T71/><D104/><U60/><E126/><V51/><F108/><W88/><G106/><T127/><D71/><U70/><E40/><V93/><F107/><W130/><G130/><T22/><D66/><U42/><E42/><V10/><F129/><W59/><G59/><T92/><D32/><U19/><E70/><V17/><F132/><W55/><G65/><T105/><D92/><U54/><E60/><V87/><F30/><W47/><G47/><T44/><D44/><U3/><E3/><V49/><F10/><W61/><G61/><T26/><D105/><U69/><E54/><V133/><F133/><W0/><G0/><T113/><D113/><U27/><E69/><V11/><F11/><W123/><G123/><T68/><D14/><U116/><E116/><V45/><F51/><W24/><G12/><T131/><D68/><U6/><E6/><V112/><F112/><W36/><G36/><T111/><D111/><U97/><E35/><V46/><F46/><W77/><G95/><T90/><D134/><U74/><E27/><V125/><F125/><N who="0" m="48202" /><D131/><U100/><E25/><V117/><F117/><W18/><AGARI ba="1,1" hai="18,20,24,55,57,63,76,77,78,85,88,94,101,103" machi="18" ten="30,4000,0" yaku="0,1,8,1,54,1" doraHai="34" who="3" fromWho="3" sc="255,-21,235,-11,265,-11,235,53" /><INIT seed="1,0,0,3,2,79" ten="234,224,254,288" oya="1" hai0="81,0,84,91,59,18,36,98,108,44,110,73,71" hai1="63,46,97,2,76,24,133,113,38,104,20,128,23" hai2="80,60,131,105,117,85,26,90,75,124,35,45,9" hai3="135,8,17,30,47,111,64,93,95,86,101,29,12"/><U21/><E113/><V56/><F117/><W83/><G135/><T109/><D71/><U102/><E2/><V70/><F70/><W39/><G111/><T31/><D0/><U115/><E115/><V112/><F105/><W48/><G39/><T22/><D73/><U116/><E116/><V132/><F112/><W66/><G29/><T57/><D31/><U77/><E133/><V27/><F132/><W32/><G30/><T11/><D11/><U69/><E128/><V62/><F75/><W34/><G32/><T61/><D98/><U72/><E38/><V122/><F122/><W127/><G127/><T130/><D61/><U99/><E46/><V120/><F131/><W4/><G4/><T33/><D33/><U82/><E76/><V89/><F60/><W123/><G123/><T1/><D1/><U88/><E63/><V129/><F129/><W126/><G34/><T96/><D96/><U114/><E69/><V106/><F106/><W28/><G28/><T5/><D5/><U37/><E37/><V125/><F120/><W6/><G6/><T74/><D74/><U94/><REACH who="1" step="1"/><E114/><REACH who="1" ten="234,214,254,288" step="2"/><V68/><F68/><W51/><G126/><T78/><D78/><U40/><E40/><V92/><F45/><W42/><G42/><N who="0" m="22599" /><D130/><U14/><E14/><AGARI ba="0,1" hai="14,18,22,57,59,81,84,91,108,109,110" m="22599" machi="14" ten="30,2000,0" yaku="14,1,52,1" doraHai="79" who="0" fromWho="1" sc="234,30,214,-20,254,0,288,0" /><INIT seed="2,0,0,0,2,130" ten="264,194,254,288" oya="2" hai0="57,39,1,128,28,52,74,98,29,73,60,15,72" hai1="14,90,0,19,78,99,50,61,6,46,103,111,122" hai2="97,7,85,125,115,120,21,16,112,116,23,2,81" hai3="13,71,124,12,10,86,94,118,43,80,18,44,133"/><V107/><F116/><W83/><G124/><T105/><D1/><U66/><E111/><V34/><F34/><W76/><G118/><T119/><D119/><U109/><E109/><V84/><F125/><W121/><G121/><T42/><D128/><U17/><E0/><V64/><F120/><W31/><G71/><T91/><D39/><U117/><E78/><V49/><F64/><W113/><G113/><T40/><D91/><U11/><E90/><V5/><F49/><W126/><G126/><T132/><D132/><U54/><E122/><V104/><F97/><W65/><G31/><T96/><D96/><U22/><E22/><V135/><F2/><W102/><G83/><T92/><D15/><U101/><E101/><V4/><F81/><W75/><G13/><T24/><D28/><U32/><E32/><V88/><F135/><W127/><G127/><T106/><D92/><U131/><E131/><V114/><F88/><W26/><G65/><T79/><D79/><U62/><E62/><V55/><F55/><W59/><G75/><T56/><D56/><U82/><E82/><V70/><F70/><W110/><G59/><T63/><D63/><U89/><E89/><V95/><F95/><W25/><G133/><T69/><D69/><N who="1" m="42191" /><E117/><V58/><F58/><W38/><G110/><T134/><D134/><U9/><E99/><V129/><F129/><W77/><G77/><T48/><D60/><U47/><E103/><V93/><F93/><W51/><G38/><T123/><D123/><U36/><E36/><V100/><F100/><W53/><G43/><N who="0" m="16427" /><D98/><AGARI ba="0,0" hai="10,12,18,25,26,44,51,53,76,80,86,94,98,102" machi="98" ten="40,1300,0" yaku="8,1" doraHai="130" who="3" fromWho="0" sc="264,-13,194,0,254,0,288,13" /><INIT seed="3,0,0,2,1,88" ten="251,194,254,301" oya="3" hai0="32,62,86,61,70,12,33,23,92,82,2,96,120" hai1="63,129,47,45,108,104,93,121,28,114,38,125,79" hai2="85,58,83,55,102,117,25,52,64,110,42,50,107" hai3="100,15,106,127,67,112,80,1,16,24,115,51,81"/><W135/><G1/><T8/><D120/><U36/><E104/><V113/><F117/><W74/><G67/><T122/><D122/><U43/><E114/><V46/><F113/><W119/><G119/><T109/><D2/><U30/><E121/><V10/><F110/><W18/><G24/><T116/><D109/><U20/><E108/><V72/><F72/><W75/><G51/><T14/><D33/><U111/><E79/><V84/><F25/><W19/><G15/><T78/><D32/><U95/><E111/><V37/><F64/><W94/><G19/><N who="0" m="10743" /><D70/><U17/><E125/><V77/><F10/><W132/><G100/><N who="0" m="60423" /><D116/><U9/><E9/><V59/><F107/><W3/><G3/><T31/><D31/><U7/><E7/><AGARI ba="0,0" hai="7,8,12,61,62,78,82,86" m="60423,10743" machi="7" ten="30,2000,0" yaku="8,1,52,1" doraHai="88" who="0" fromWho="1" sc="251,20,194,-20,254,0,301,0" /><INIT seed="4,0,0,4,1,19" ten="271,174,254,301" oya="0" hai0="31,42,127,124,39,96,69,117,135,66,64,72,33" hai1="8,118,5,36,103,23,122,37,119,131,20,84,3" hai2="88,24,28,18,126,50,128,40,67,92,76,6,94" hai3="100,75,74,93,99,73,4,102,89,107,26,49,129"/><T91/><D72/><U63/><E122/><V61/><F76/><W47/><G129/><T130/><D117/><U53/><E131/><V58/><F128/><W132/><G132/><T27/><D130/><U12/><E103/><V13/><F126/><W125/><G125/><T48/><D66/><U106/><E106/><V134/><F6/><W83/><G4/><T56/><D135/><U62/><E3/><V52/><F40/><W71/><G71/><T81/><D81/><U111/><E111/><V60/><F134/><W15/><G15/><T79/><D79/><U85/><E5/><V17/><F92/><W30/><G83/><T101/><D91/><U87/><E8/><V133/><F133/><W46/><G102/><T9/><D9/><U14/><E85/><N who="2" m="52495" /><F67/><W110/><G110/><T32/><D32/><U16/><E53/><V68/><F18/><AGARI ba="0,0" hai="12,14,16,18,20,23,36,37,62,63,84,87,118,119" machi="18" ten="25,8000,1" yaku="22,2,52,2,54,1" doraHai="19" who="1" fromWho="2" sc="271,0,174,80,254,-80,301,0" /><INIT seed="5,0,0,1,1,74" ten="271,254,174,301" oya="1" hai0="128,24,38,11,82,12,131,84,91,105,30,43,133" hai1="40,72,20,73,16,7,49,60,116,79,18,52,103" hai2="41,33,100,125,113,115,101,28,1,44,71,86,92" hai3="111,50,97,46,37,95,106,120,124,68,98,47,112"/><U9/><E116/><V135/><F71/><W10/><G10/><T80/><D105/><U2/><E103/><V57/><F1/><W89/><G68/><T29/><D133/><U22/><E60/><V23/><F135/><W70/><G70/><T76/><D43/><U61/><E61/><V93/><F125/><W42/><G120/><T32/><D38/><U54/><E40/><V85/><F33/><W107/><G111/><T59/><D59/><U48/><E9/><V75/><F75/><W127/><G112/><N who="2" m="43081" /><F57/><W63/><G63/><T55/><D55/><U99/><E99/><V123/><F123/><W87/><G98/><T94/><D30/><U56/><E56/><V132/><F132/><W102/><G107/><T67/><D67/><U129/><E129/><V66/><F66/><W110/><G110/><T134/><D134/><U35/><E35/><V45/><F23/><W126/><REACH who="3" step="1"/><G47/><REACH who="3" ten="271,254,174,291" step="2"/><N who="2" m="17993" /><F41/><W14/><G14/><T13/><D13/><U0/><E7/><V90/><F28/><W15/><G15/><T96/><D12/><U104/><E104/><V77/><F93/><W5/><G5/><T64/><D11/><U36/><E36/><AGARI ba="0,1" hai="36,37,42,46,50,87,89,95,97,102,106,124,126,127" machi="36" ten="40,2600,0" yaku="1,1,18,1,53,0" doraHai="74" doraHaiUra="109" who="3" fromWho="1" sc="271,0,254,-26,174,0,291,36" /><INIT seed="6,0,0,1,2,90" ten="271,228,174,327" oya="2" hai0="24,113,4,33,30,122,112,108,115,53,79,132,110" hai1="13,134,82,125,15,1,16,54,58,23,107,66,44" hai2="6,48,72,98,60,36,25,73,114,102,109,29,100" hai3="74,52,128,89,9,68,35,106,105,46,121,37,133"/><V70/><F36/><W64/><G89/><T20/><D122/><U2/><E107/><V91/><F109/><W71/><G121/><T131/><D131/><U104/><E104/><V5/><F114/><W94/><G52/><T101/><D132/><U41/><E66/><V97/><F91/><W3/><G64/><T40/><D101/><U117/><E117/><V17/><F17/><W75/><G9/><T10/><D40/><U39/><E125/><V14/><F48/><W120/><G46/><T84/><D53/><U51/><E134/><V31/><F14/><W124/><G94/><T119/><D119/><U43/><E41/><V50/><F50/><W42/><G42/><T88/><D33/><U86/><E13/><V11/><F11/><W12/><G12/><N who="0" m="5191" /><D79/><AGARI ba="0,0" hai="1,2,15,16,23,39,43,44,51,54,58,79,82,86" machi="79" ten="30,2000,0" yaku="7,1,54,1" doraHai="90" who="1" fromWho="0" sc="271,-20,228,20,174,0,327,0" /><INIT seed="7,0,0,1,5,100" ten="251,248,174,327" oya="3" hai0="107,37,131,133,18,120,88,31,39,73,82,47,106" hai1="71,15,112,0,53,134,34,11,129,116,14,115,45" hai2="130,102,21,57,127,64,119,27,24,75,89,17,54" hai3="84,74,4,95,94,97,109,62,44,118,96,85,135"/><W99/><G4/><T123/><D31/><U122/><E71/><V111/><F119/><W79/><G44/><T32/><D32/><U42/><E122/><V41/><F111/><W70/><G70/><T81/><D47/><U29/><E129/><V55/><F75/><W58/><G118/><T83/><D18/><U80/><E134/><V76/><F127/><W8/><G8/><T98/><D73/><U35/><E116/><V22/><F130/><W128/><G128/><T26/><D26/><U110/><E110/><V121/><F121/><W10/><G10/><T69/><D69/><U114/><E53/><V124/><F124/><W125/><G109/><T90/><D131/><U40/><E80/><V33/><F33/><N who="1" m="12297" /><E29/><V28/><F76/><W16/><G16/><T72/><D72/><U52/><E52/><V104/><F41/><N who="1" m="15977" /><E45/><V25/><F25/><W13/><G99/><T50/><D98/><U51/><E51/><V60/><F89/><N who="0" m="34410" /><D50/><U20/><E20/><V23/><REACH who="2" step="1"/><F22/><REACH who="2" ten="251,248,164,327" step="2"/><W2/><G74/><T48/><D123/><U103/><E11/><V126/><F126/><W7/><G125/><T61/><D120/><U6/><E114/><V78/><F78/><W12/><G79/><T67/><D37/><U38/><E38/><V113/><F113/><W46/><G135/><T9/><D39/><U66/><E115/><V5/><F5/><W68/><G7/><T86/><D133/><U92/><E112/><V49/><F49/><W108/><G108/><T93/><D48/><U36/><E36/><V19/><F19/><W56/><G46/><T43/><D43/><RYUUKYOKU ba="0,1" sc="251,-10,248,-10,164,30,327,-10" hai2="17,21,23,24,27,28,54,55,57,60,64,102,104" owari="241,4.0,238,-16.0,194,-31.0,327,43.0" /></mjloggm>