<mjloggm ver="2.3"><GO type="169" lobby="0"/><UN n0="%61%64%70%31%30" n1="%E6%9C%88%E3%83%9F%E7%85%A7%E2%98%86" n2="%68%69%70%64%63%61%73%68" n3="%E3%82%A6%E3%83%AB%E3%83%88%E3%83%A9%E7%AB%8B%E7%9B%B4" dan="16,18,17,17" rate="2125.92,2228.21,2188.66,2148.75" sx="M,M,M,M"/><TAIKYOKU oya="0"/><INIT seed="0,0,0,0,1,126" ten="250,250,250,250" oya="0" hai0="112,22,10,90,19,71,102,11,127,60,13,103,113" hai1="73,131,8,115,104,88,109,118,17,93,66,117,89" hai2="53,30,68,69,4,96,6,91,20,107,82,59,119" hai3="105,128,44,65,75,122,25,120,130,92,16,48,76"/><T67/><D127/><U106/><E109/><V31/><F119/><W123/><G105/><T57/><D71/><U37/><E37/><V28/><F20/><N who="3" m="13447" /><G65/><T95/><D112/><U97/><E73/><V1/><F1/><W72/><G92/><T24/><D11/><U85/><E66/><V38/><F38/><W27/><G27/><T45/><D45/><U14/><E115/><V35/><F35/><W99/><G99/><T83/><D83/><U58/><E58/><V132/><F132/><W54/><G75/><T81/><D81/><AGARI ba="0,0" hai="44,48,54,72,76,81,120,122,123,128,130" m="13447" machi="81" ten="40,8000,1" yaku="13,1,52,2,54,1" doraHai="126" who="3" fromWho="0" sc="250,-80,250,0,250,0,250,80" /><INIT seed="1,0,0,1,4,35" ten="170,250,250,330" oya="1" hai0="15,130,124,36,62,104,45,88,50,69,39,98,20" hai1="56,134,21,94,18,96,80,33,48,81,97,23,32" hai2="72,44,93,59,86,65,85,115,126,125,102,46,22" hai3="95,91,64,117,12,73,25,14,2,34,79,60,49"/><U11/><E134/><V53/><F72/><W105/><G105/><T121/><D124/><N who="2" m="47722" /><F65/><W75/><G75/><T5/><D130/><U19/><E11/><V103/><F22/><W51/><G2/><T41/><D121/><U52/><E33/><V0/><F0/><W133/><G133/><T37/><D104/><U118/><E32/><V100/><F115/><W129/><G129/><T43/><D43/><U109/><E118/><V127/><F127/><W78/><G73/><T107/><D107/><U57/><E109/><V87/><F93/><W83/><G95/><T90/><D98/><N who="1" m="37995" /><E94/><V40/><F40/><W82/><G64/><T132/><D132/><U28/><E28/><V131/><F131/><W58/><G34/><T123/><D123/><U110/><E110/><V128/><F128/><W116/><G116/><T55/><D69/><U77/><E57/><V17/><F17/><N who="1" m="6153" /><E81/><V66/><F66/><W113/><G58/><T120/><D20/><U16/><N who="1" m="6161" /><U4/><DORA hai="67" /><E4/><V38/><F38/><W68/><G117/><T122/><D122/><U111/><E111/><V106/><F106/><W76/><G83/><T74/><D74/><U84/><AGARI ba="0,0" hai="21,23,48,52,56,77,80,84" m="6161,37995" machi="84" ten="40,7800,0" yaku="8,1,54,2" doraHai="35,67" who="1" fromWho="1" sc="170,-26,250,78,250,-26,330,-26" /><INIT seed="1,1,0,3,4,89" ten="144,328,224,304" oya="1" hai0="70,91,96,45,22,82,29,73,97,115,42,55,62" hai1="4,68,83,34,84,13,127,50,80,12,134,110,106" hai2="100,75,76,41,8,69,98,109,61,3,20,2,44" hai3="15,107,24,78,85,52,86,48,117,43,32,37,104"/><U19/><E106/><N who="2" m="63767" /><F20/><W65/><G117/><T49/><D115/><U58/><E68/><V135/><F135/><W10/><G65/><T105/><D105/><U9/><E134/><V120/><F120/><W95/><G37/><T94/><D70/><U81/><E127/><V118/><F118/><W111/><G43/><T101/><D73/><U51/><E34/><V36/><F109/><W7/><G111/><T129/><D129/><U132/><E132/><V63/><F63/><W5/><G5/><T126/><D126/><U18/><E110/><V60/><F60/><W99/><G78/><T40/><D62/><U103/><E103/><V88/><F88/><N who="3" m="55783" /><G32/><T30/><D96/><U23/><E58/><V16/><F16/><W112/><G112/><T26/><REACH who="0" step="1"/><D30/><REACH who="0" ten="134,328,224,304" step="2"/><U92/><E84/><AGARI ba="1,1" hai="22,26,29,40,42,45,49,55,82,84,91,94,97,101" machi="84" ten="40,8000,1" yaku="1,1,2,1,8,1,52,1,53,1" doraHai="89" doraHaiUra="27" who="0" fromWho="1" sc="134,93,328,-83,224,0,304,0" /><INIT seed="2,0,0,1,4,31" ten="227,245,224,304" oya="2" hai0="20,78,129,84,77,40,7,13,9,71,97,33,91" hai1="110,54,34,38,98,121,67,116,109,48,47,35,92" hai2="80,103,63,36,60,114,111,14,83,15,18,106,132" hai3="128,124,127,32,2,51,89,57,41,53,55,6,96"/><V5/><F114/><W26/><G41/><T119/><D71/><U102/><E116/><V10/><F132/><W11/><G128/><T42/><D129/><U49/><E38/><V108/><F36/><W79/><G79/><N who="0" m="30219" /><D33/><U23/><E121/><V56/><F103/><W130/><G130/><T113/><D113/><U1/><E1/><V72/><F106/><W17/><G55/><T73/><D73/><U118/><E118/><V24/><F24/><W135/><G135/><T88/><D20/><U123/><E123/><V115/><F115/><W133/><G133/><T75/><D75/><U69/><E23/><N who="2" m="11735" /><F72/><W131/><G17/><T19/><D7/><U30/><E30/><V45/><F45/><W0/><G0/><T28/><D28/><U94/><E94/><V105/><F105/><W122/><G122/><T61/><D61/><N who="2" m="23626" /><F56/><W16/><G131/><T3/><D3/><U86/><E69/><V65/><F65/><W125/><G32/><T46/><D46/><U107/><E67/><V87/><F87/><W58/><G58/><T117/><D117/><U104/><E49/><V100/><F100/><W50/><G50/><T95/><D119/><U27/><E27/><V120/><F120/><W39/><G39/><T76/><N who="0" m="30227" /><T59/><DORA hai="64" /><D59/><U21/><E21/><V93/><F93/><AGARI ba="0,0" hai="9,13,19,40,42,84,88,91,93,95,97" m="30227" machi="93" ten="30,2000,0" yaku="8,1,54,1" doraHai="31,64" who="0" fromWho="2" sc="227,20,245,0,224,-20,304,0" /><INIT seed="3,0,0,5,5,115" ten="247,245,204,304" oya="3" hai0="16,72,134,45,100,63,129,47,77,28,29,87,114" hai1="93,43,92,132,94,90,121,59,35,68,26,99,51" hai2="95,123,4,52,40,74,119,75,96,66,108,80,25" hai3="82,65,54,22,8,126,91,83,44,18,69,17,88"/><W135/><G126/><T32/><D72/><U85/><E121/><V64/><F123/><W118/><G135/><T107/><D32/><U130/><E68/><V56/><F108/><W2/><G118/><T5/><D5/><U49/><E132/><V48/><F119/><W86/><G69/><T19/><D100/><U61/><E130/><V39/><F4/><W71/><G71/><T0/><D0/><U116/><E116/><V41/><F39/><W24/><G65/><N who="2" m="25193" /><F75/><W120/><G120/><T12/><D107/><U124/><E124/><V111/><F74/><W104/><G104/><T31/><D63/><U101/><E35/><V81/><F25/><W110/><G110/><T15/><D134/><U9/><E26/><V78/><F111/><W37/><G37/><T34/><D34/><U7/><E43/><N who="2" m="16459" /><F78/><W112/><G112/><T76/><D114/><U6/><E6/><V84/><F84/><N who="3" m="50199" /><G2/><T14/><D129/><U38/><E38/><V58/><F58/><W105/><G105/><T67/><D67/><U70/><E70/><V113/><F113/><W57/><G44/><N who="0" m="16971" /><D87/><U125/><E125/><V106/><F106/><W102/><G102/><AGARI ba="0,0" hai="48,52,56,80,81,95,96,102" m="16459,25193" machi="102" ten="30,2000,0" yaku="8,1,54,1" doraHai="115" who="2" fromWho="3" sc="247,0,245,0,204,20,304,-20" /><INIT seed="4,0,0,1,3,60" ten="247,245,224,284" oya="0" hai0="72,99,86,76,28,4,71,111,101,21,14,26,115" hai1="44,2,22,91,103,102,100,119,47,129,78,74,3" hai2="77,48,89,107,123,118,58,39,33,17,70,114,63" hai3="131,133,19,73,128,25,93,120,49,122,94,11,127"/><T12/><D72/><U61/><E119/><V110/><F107/><W98/><G73/><T7/><D71/><U121/><E121/><N who="3" m="46698" /><G127/><T42/><D115/><U51/><E129/><N who="3" m="49738" /><G133/><T31/><D111/><U18/><E91/><V6/><F89/><W75/><G75/><T125/><D125/><U5/><E5/><V67/><F6/><W34/><G49/><T82/><D42/><U66/><E78/><V16/><F77/><W132/><G132/><T130/><D130/><U92/><E92/><N who="3" m="35434" /><G98/><T10/><D28/><U80/><E74/><V36/><F123/><W56/><G56/><T9/><D99/><U54/><E47/><V57/><F58/><W35/><G25/><T20/><REACH who="0" step="1"/><D101/><REACH who="0" ten="237,245,224,284" step="2"/><U65/><E103/><V68/><F68/><W81/><G81/><T52/><D52/><U79/><E102/><V62/><F70/><W97/><G97/><T95/><D95/><U53/><E100/><V106/><F110/><W1/><G1/><T38/><D38/><U109/><E109/><V29/><F39/><W85/><G85/><T83/><D83/><U117/><E3/><V84/><F36/><W90/><G90/><T30/><D30/><U96/><E2/><V13/><F29/><W43/><G43/><T37/><D37/><U32/><E96/><V87/><F87/><W23/><G35/><AGARI ba="0,1" hai="4,7,9,10,12,14,20,21,26,31,35,76,82,86" machi="35" ten="30,5800,0" yaku="1,1,7,1,9,1,53,0" doraHai="60" doraHaiUra="112" who="0" fromWho="3" sc="237,68,245,0,224,0,284,-58" /><INIT seed="4,1,0,4,2,104" ten="305,245,224,226" oya="0" hai0="19,54,105,107,60,50,0,65,37,87,96,102,116" hai1="86,99,123,70,30,91,127,103,8,16,34,69,63" hai2="23,5,4,83,122,40,129,27,90,66,95,52,125" hai3="77,100,88,22,93,58,49,98,32,29,124,74,121"/><T120/><D37/><U92/><E123/><V51/><F122/><W24/><G121/><T134/><D0/><U109/><E109/><V81/><F125/><W73/><G124/><T112/><D116/><U132/><E127/><V84/><F66/><W14/><G77/><T106/><D120/><U117/><E117/><V28/><F40/><W118/><G118/><T128/><D112/><U1/><E132/><V113/><F113/><W78/><G78/><T33/><D33/><U55/><E34/><V38/><F38/><W53/><REACH who="3" step="1"/><G100/><REACH who="3" ten="305,245,224,216" step="2"/><T130/><D134/><U79/><E79/><V94/><F129/><W108/><G108/><T15/><D128/><U47/><E103/><V80/><REACH who="2" step="1"/><F95/><REACH who="2" ten="305,245,214,216" step="2"/><W17/><AGARI ba="1,2" hai="14,17,22,24,29,32,49,53,58,73,74,88,93,98" machi="17" ten="30,12000,2" yaku="1,1,0,1,52,2,54,1,53,1" doraHai="104" doraHaiUra="85" who="3" fromWho="3" sc="305,-61,245,-31,214,-31,216,143" /><INIT seed="5,0,0,1,2,98" ten="244,214,183,359" oya="1" hai0="9,58,67,39,112,81,135,25,41,47,72,92,109" hai1="30,128,77,50,134,3,95,13,114,4,37,103,123" hai2="125,82,121,43,102,75,40,80,1,61,7,65,12" hai3="64,130,99,31,20,17,100,53,89,19,110,133,49"/><U14/><E123/><V16/><F121/><W78/><G130/><T15/><D109/><U28/><E37/><V111/><F111/><W119/><G110/><T94/><D112/><U10/><E77/><V87/><F125/><W73/><G64/><T56/><D135/><U118/><E118/><V54/><F54/><W29/><G89/><T76/><D25/><U132/><E114/><V66/><F75/><W70/><G70/><T21/><D21/><U117/><E117/><V122/><F122/><W124/><G124/><T32/><D32/><U127/><E127/><V63/><F7/><W23/><G133/><N who="1" m="51306" /><E128/><V116/><F1/><W129/><G129/><T131/><D131/><U51/><E51/><V68/><F116/><W90/><G90/><T126/><D126/><U52/><E95/><V84/><F12/><N who="1" m="4713" /><E103/><V83/><F83/><W27/><G78/><T48/><D39/><U33/><E33/><V108/><F108/><W101/><G73/><T35/><D35/><U104/><E104/><V38/><F38/><W11/><G119/><T60/><REACH who="0" step="1"/><D58/><AGARI ba="0,0" hai="3,4,10,28,30,50,52,58" m="4713,51306" machi="58" ten="30,2900,0" yaku="20,1,54,1" doraHai="98" who="1" fromWho="0" sc="244,-29,214,29,183,0,359,0" /><INIT seed="5,1,0,0,0,2" ten="215,243,183,359" oya="1" hai0="108,20,109,124,24,73,61,36,25,11,7,49,19" hai1="122,48,76,121,14,117,87,89,45,133,90,106,110" hai2="68,125,83,30,116,86,55,84,62,3,8,78,51" hai3="114,135,74,103,22,112,93,88,77,50,85,13,47"/><U21/><E117/><V42/><F116/><W31/><G103/><T111/><D36/><U119/><E119/><V98/><F125/><W120/><G120/><T75/><D124/><U34/><E34/><V65/><F98/><W18/><G31/><T6/><D61/><U115/><E106/><V107/><F107/><W4/><G4/><T82/><D82/><U15/><E115/><N who="3" m="44074" /><G135/><T100/><D100/><U35/><E35/><V57/><F30/><W32/><G32/><T26/><D49/><U118/><E118/><V54/><F42/><N who="3" m="24951" /><G77/><T9/><D75/><AGARI ba="1,0" hai="13,18,22,74,75,85,88,93" m="24951,44074" machi="75" ten="30,2000,0" yaku="15,1,54,1" doraHai="2" who="3" fromWho="0" sc="215,-23,243,0,183,0,359,23" /><INIT seed="6,0,0,2,3,68" ten="192,243,183,382" oya="2" hai0="77,55,66,112,101,6,102,23,92,134,10,50,82" hai1="3,39,97,64,30,79,37,107,119,38,78,26,62" hai2="95,61,24,56,117,72,27,113,129,132,12,89,44" hai3="116,15,111,80,122,85,54,29,118,46,4,70,11"/><V100/><F117/><W40/><G70/><T84/><D112/><U1/><E119/><V67/><F113/><W128/><G111/><T45/><D134/><U133/><E133/><V41/><F132/><W69/><G69/><T106/><D106/><U34/><E79/><V115/><F115/><W75/><G75/><T5/><D66/><U114/><E114/><V8/><F72/><W43/><G122/><T83/><D83/><U32/><E78/><V96/><F100/><W33/><G128/><T94/><D23/><U131/><E131/><V120/><F120/><W51/><G33/><T21/><D21/><U36/><N who="1" m="9728" /><DORA hai="58" /><U123/><E123/><V103/><F103/><N who="0" m="39434" /><D10/><U49/><E107/><V91/><F91/><W104/><G43/><T88/><D92/><U22/><E97/><AGARI ba="0,0" hai="5,6,45,50,55,77,82,84,88,94,97" m="39434" machi="97" ten="30,2000,0" yaku="8,1,54,1" doraHai="68,58" who="0" fromWho="1" sc="192,20,243,-20,183,0,382,0" /><INIT seed="7,0,0,0,1,23" ten="212,223,183,382" oya="3" hai0="36,115,44,97,130,57,85,94,13,102,107,4,103" hai1="14,98,121,78,113,58,12,6,40,100,109,29,63" hai2="74,32,93,45,46,71,19,15,92,59,42,129,51" hai3="28,131,30,65,120,112,1,27,3,61,118,8,49"/><W119/><G49/><T124/><D124/><U96/><E109/><V105/><F129/><W106/><G106/><T18/><D130/><U31/><E121/><V7/><F71/><W34/><G30/><N who="1" m="11274" /><E78/><V77/><F32/><W84/><G84/><T64/><D115/><U52/><E113/><V24/><F105/><W70/><G112/><T72/><D72/><U73/><E73/><V68/><F68/><W10/><G131/><T41/><D4/><U111/><E111/><V134/><F134/><W86/><G86/><T25/><D25/><U33/><E33/><V47/><F77/><W81/><G81/><T76/><D107/><U89/><E100/><V43/><F74/><W108/><G108/><T104/><D104/><U2/><E2/><V135/><F135/><W116/><G120/><T22/><D85/><U17/><E40/><V80/><F80/><W67/><G67/><T11/><D76/><U110/><E110/><V48/><F59/><W101/><G101/><T127/><D127/><U38/><E38/><V69/><F69/><W21/><G34/><T128/><D128/><U79/><E79/><V66/><F66/><W37/><G65/><T5/><D102/><U75/><E75/><V56/><F56/><W117/><G70/><T83/><D83/><U9/><E89/><V60/><F60/><W91/><G61/><N who="0" m="37935" /><D5/><U87/><E87/><V132/><F132/><W126/><G119/><T133/><D133/><U88/><E88/><V50/><F7/><W20/><G118/><T39/><D39/><U125/><E125/><V26/><F43/><W99/><G117/><RYUUKYOKU ba="0,0" sc="212,15,223,15,183,-15,382,-15" hai0="11,13,18,22,36,41,44,94,97,103" hai1="6,9,12,14,17,52,58,63,96,98" owari="227,-17.0,238,4.0,168,-33.0,367,46.0" /></mjloggm>