<mjloggm ver="2.3"><GO type="169" lobby="0"/><UN n0="%E5%B0%B1%E6%B4%BB%E7%94%9F%40%E5%B7%9D%E6%9D%91%E8%BB%8D%E5%9B%A3" n1="%E5%B9%B3%E4%BA%95%E9%8A%80%E4%BA%8C" n2="%63%75%6A%6F" n3="%E3%82%B4%E3%83%BC%E3%83%AB%E3%83%87%E3%83%B3%E3%81%B2%E3%82%88%E3%81%93" dan="18,18,16,16" rate="2315.78,2173.41,2111.13,2156.19" sx="M,M,M,M"/><TAIKYOKU oya="0"/><INIT seed="0,0,0,3,0,63" ten="250,250,250,250" oya="0" hai0="20,120,69,72,127,125,41,26,51,106,55,128,45" hai1="80,12,4,47,98,35,6,38,89,32,132,133,76" hai2="22,11,48,65,113,81,83,24,8,14,10,3,96" hai3="94,85,52,116,54,104,102,46,122,100,77,53,114"/><T73/><D106/><U49/><E38/><V44/><F3/><W70/><G114/><T25/><D120/><U37/><E37/><V92/><F113/><W17/><G116/><T57/><D128/><U115/><E115/><V95/><F14/><W50/><G104/><T67/><D72/><U34/><E89/><V1/><F1/><W27/><G122/><T107/><D107/><U110/><E98/><V39/><F39/><W36/><G36/><N who="0" m="21671" /><D73/><U105/><E105/><V75/><F92/><W30/><G17/><N who="0" m="12431" /><D26/><U84/><E110/><V74/><F74/><W58/><G70/><T42/><D42/><U40/><REACH who="1" step="1"/><E6/><REACH who="1" ten="250,240,250,250" step="2"/><V59/><F96/><N who="3" m="59415" /><G102/><T88/><D88/><U108/><E108/><V112/><F112/><W29/><G77/><T16/><D16/><U101/><E101/><V9/><F81/><W23/><G85/><T131/><D131/><U79/><E79/><V82/><F83/><W78/><G78/><T103/><D103/><U18/><E18/><V5/><F82/><W19/><G30/><T2/><D2/><U97/><E97/><V87/><F5/><W118/><G29/><T62/><AGARI ba="0,1" hai="51,55,57,62,67,69,125,127" m="12431,21671" machi="62" ten="30,3000,0" yaku="24,1,52,1" doraHai="63" who="0" fromWho="0" sc="250,40,240,-10,250,-10,250,-10" /><INIT seed="0,1,0,3,1,77" ten="290,230,240,240" oya="0" hai0="83,128,12,2,101,56,47,125,130,40,42,103,39" hai1="129,96,119,102,78,9,127,24,134,79,4,74,95" hai2="112,76,88,11,106,85,63,20,22,89,109,105,92" hai3="15,5,10,50,67,0,97,35,114,62,18,113,16"/><T19/><D2/><U65/><E119/><V110/><F112/><W132/><G35/><T53/><D40/><U13/><E129/><V44/><F76/><W36/><G36/><T34/><D34/><U14/><E134/><V66/><F11/><W21/><G132/><T37/><D37/><U59/><E127/><V45/><F45/><W126/><G126/><T122/><D122/><U131/><E131/><N who="0" m="50217" /><D83/><U23/><E14/><V124/><F44/><W57/><G18/><T116/><D116/><U49/><E74/><V28/><F124/><W73/><G73/><T51/><D125/><U107/><E107/><N who="2" m="40971" /><F28/><W54/><REACH who="3" step="1"/><G97/><REACH who="3" ten="290,230,240,230" step="2"/><T38/><D38/><U55/><E65/><V43/><F66/><W25/><G25/><T1/><D1/><U61/><REACH who="1" step="1"/><E49/><REACH who="1" ten="290,220,240,230" step="2"/><V72/><F72/><W52/><G52/><T94/><D51/><U82/><E82/><V99/><F43/><W30/><G30/><AGARI ba="1,2" hai="4,9,13,23,24,30,55,59,61,78,79,95,96,102" machi="30" ten="30,3900,0" yaku="1,1,7,1,8,1,53,0" doraHai="77" doraHaiUra="104" who="1" fromWho="3" sc="290,0,220,62,240,0,230,-42" /><INIT seed="1,0,0,3,3,72" ten="290,282,240,188" oya="1" hai0="111,92,112,4,47,42,41,45,78,9,63,22,48" hai1="118,73,37,66,121,106,101,117,87,12,104,20,46" hai2="91,98,30,36,130,7,77,122,24,133,124,49,95" hai3="96,65,11,75,103,116,44,25,68,83,126,105,14"/><U107/><E73/><V8/><F36/><W120/><G126/><T27/><D111/><U71/><E121/><V3/><F122/><W82/><G120/><T19/><D112/><U21/><E101/><V28/><F124/><W125/><G125/><T123/><D123/><U115/><E115/><V23/><F130/><W2/><G116/><T17/><D92/><U38/><E12/><V86/><F133/><W74/><G74/><T58/><D78/><U84/><E106/><V109/><F109/><W50/><G2/><T81/><D81/><U102/><E102/><V76/><F28/><W39/><G39/><T29/><D45/><U69/><E46/><V15/><F3/><W127/><G127/><T113/><D42/><U90/><REACH who="1" step="1"/><E66/><REACH who="1" ten="290,272,240,188" step="2"/><V61/><F61/><W110/><G110/><T131/><D113/><U129/><E129/><V57/><F86/><W100/><G75/><T53/><D131/><U56/><E56/><V31/><F31/><W55/><G103/><T54/><D41/><U70/><E70/><V119/><F119/><W93/><G105/><T35/><D35/><U135/><E135/><V128/><F128/><W18/><G68/><T10/><D10/><U13/><E13/><AGARI ba="0,1" hai="4,9,13,17,19,22,27,29,47,48,53,54,58,63" machi="13" ten="30,2000,0" yaku="7,1,8,1" doraHai="72" who="0" fromWho="1" sc="290,30,272,-20,240,0,188,0" /><INIT seed="2,0,0,3,2,109" ten="320,252,240,188" oya="2" hai0="124,103,101,33,27,68,41,0,80,11,110,38,122" hai1="81,53,28,61,131,119,123,31,79,62,72,117,84" hai2="25,102,13,34,17,105,32,45,69,51,4,93,75" hai3="6,19,86,23,49,91,29,64,20,100,128,65,83"/><V60/><F75/><W98/><G128/><T46/><D68/><U54/><E131/><V89/><F105/><W35/><G6/><T134/><D110/><U116/><E123/><V113/><F102/><W57/><G35/><T104/><D104/><U66/><E72/><V135/><F135/><W24/><G49/><T121/><D134/><U107/><E107/><V52/><F4/><W94/><REACH who="3" step="1"/><G57/><REACH who="3" ten="320,252,240,178" step="2"/><T92/><D33/><U127/><E127/><V95/><F34/><W77/><G77/><T55/><D124/><U2/><E2/><V126/><F126/><W37/><G37/><T88/><D38/><U40/><E40/><V78/><F78/><W120/><G120/><T70/><D41/><U58/><REACH who="1" step="1"/><E62/><REACH who="1" ten="320,242,240,178" step="2"/><V59/><F60/><W39/><G39/><T36/><D36/><U43/><E43/><V106/><F32/><W114/><G114/><T76/><D0/><U63/><E63/><V44/><F113/><W21/><G21/><T82/><D121/><U71/><E71/><V8/><F69/><W96/><G96/><T42/><D70/><U97/><E97/><V12/><F51/><W115/><G115/><T26/><D42/><U18/><E18/><V133/><F17/><W87/><G87/><T118/><D122/><U56/><E56/><V125/><F59/><W132/><G132/><T74/><D74/><U15/><E15/><AGARI ba="0,2" hai="15,19,20,23,24,29,64,65,83,86,91,94,98,100" machi="15" ten="30,8000,1" yaku="1,1,7,1,8,1,53,2" doraHai="109" doraHaiUra="16" who="3" fromWho="1" sc="320,0,242,-80,240,0,178,100" /><INIT seed="3,0,0,0,3,56" ten="320,162,240,278" oya="3" hai0="112,113,95,44,88,108,66,101,91,121,128,7,23" hai1="115,81,59,50,77,12,24,125,63,107,76,117,68" hai2="25,86,40,60,18,93,26,82,133,27,74,84,2" hai3="98,54,116,130,33,79,103,132,114,126,8,55,20"/><W89/><G116/><T65/><D121/><U21/><E115/><N who="0" m="44105" /><D7/><U134/><E117/><V17/><F2/><W67/><G114/><T106/><D128/><U1/><E1/><V3/><F3/><W53/><G33/><T52/><D108/><U96/><E68/><V16/><F133/><W120/><G120/><T118/><D23/><U69/><E69/><V123/><F123/><W109/><G130/><T34/><D34/><U75/><E134/><V0/><F0/><W62/><G79/><T85/><D118/><U83/><E125/><V9/><F40/><W73/><G73/><T38/><D91/><U32/><E32/><V100/><F74/><W127/><G8/><T70/><D70/><U94/><E50/><V36/><F36/><W29/><G89/><T71/><D71/><U4/><E107/><V30/><F30/><W35/><G132/><T48/><D38/><U6/><E12/><V119/><F119/><W37/><G37/><T58/><D44/><U90/><E81/><V122/><F122/><W105/><G35/><T31/><D31/><U110/><E76/><N who="2" m="46151" /><F9/><W39/><G39/><T45/><D45/><U111/><E111/><V92/><F86/><W43/><G109/><T61/><D48/><U135/><E135/><V99/><F92/><W97/><G98/><AGARI ba="0,0" hai="52,58,61,65,66,85,88,95,98,101,106" m="44105" machi="98" ten="30,7700,0" yaku="11,1,52,1,54,2" doraHai="56" who="0" fromWho="3" sc="320,77,162,0,240,0,278,-77" /><INIT seed="4,0,0,1,1,12" ten="397,162,240,201" oya="0" hai0="120,129,62,16,43,52,70,48,44,60,67,21,102" hai1="0,59,55,103,50,72,87,90,109,11,93,66,80" hai2="18,57,77,2,94,64,119,15,13,98,116,20,124" hai3="123,68,131,96,113,99,58,8,78,69,106,53,71"/><T107/><D120/><U111/><E66/><V100/><F2/><W56/><G123/><T4/><D129/><U130/><E130/><V95/><F77/><W97/><G131/><T134/><D134/><U79/><REACH who="1" step="1"/><E103/><REACH who="1" ten="397,152,240,201" step="2"/><V76/><F116/><W37/><G71/><T46/><D102/><U127/><E127/><V29/><F124/><W19/><G69/><T84/><D107/><U108/><E108/><V45/><F119/><W23/><G68/><T83/><D4/><AGARI ba="0,1" hai="0,4,11,50,55,59,72,79,80,87,90,93,109,111" machi="4" ten="40,2600,0" yaku="1,1,53,1" doraHai="12" doraHaiUra="74" who="1" fromWho="0" sc="397,-26,152,36,240,0,201,0" /><INIT seed="5,0,0,4,3,1" ten="371,188,240,201" oya="1" hai0="80,16,111,25,12,15,74,10,110,116,57,119,72" hai1="59,43,65,125,6,62,88,85,90,24,81,28,56" hai2="47,33,108,115,36,100,132,98,109,20,131,22,97" hai3="49,77,121,37,78,40,19,118,5,58,86,14,87"/><U70/><E125/><V55/><F33/><W83/><G121/><T96/><D96/><U84/><E43/><V93/><F131/><W89/><G118/><T61/><D80/><U46/><E46/><V92/><F132/><W42/><G37/><T79/><D79/><U117/><E117/><V112/><F55/><N who="3" m="32111" /><G5/><T7/><D57/><U91/><E6/><V29/><F47/><W66/><G66/><T122/><D61/><U41/><E41/><N who="3" m="15978" /><G87/><T95/><D74/><U4/><E4/><V44/><F44/><W102/><G102/><T30/><D72/><U64/><E64/><V126/><F36/><W135/><G135/><T133/><D95/><U114/><E114/><N who="2" m="43563" /><F126/><W63/><G63/><T17/><D133/><U53/><E53/><V9/><F29/><W35/><G35/><N who="0" m="20943" /><D122/><U23/><REACH who="1" step="1"/><E91/><REACH who="1" ten="371,178,240,201" step="2"/><N who="2" m="55455" /><F109/><N who="0" m="41482" /><D7/><U38/><E38/><V21/><F108/><W32/><G32/><T50/><D50/><U76/><E76/><V82/><F100/><W99/><G78/><T105/><D105/><U11/><E11/><AGARI ba="0,1" hai="10,11,12,15,16,17,116,119" m="41482,20943" machi="11" ten="30,3900,0" yaku="34,2,54,1" doraHai="1" who="0" fromWho="1" sc="371,49,178,-39,240,0,201,0" /><INIT seed="6,0,0,2,2,41" ten="420,139,240,201" oya="2" hai0="107,87,130,88,99,18,134,69,54,70,22,94,32" hai1="108,124,43,123,103,95,45,115,114,11,84,105,96" hai2="49,120,133,39,79,78,74,56,23,113,6,132,67" hai3="27,126,111,65,82,37,109,16,86,91,72,15,14"/><V50/><F120/><W112/><G72/><T76/><D32/><U63/><E108/><V38/><F6/><W85/><G126/><T83/><D130/><U71/><E124/><V30/><F30/><W131/><G131/><T4/><D4/><U100/><E123/><V33/><F33/><W26/><G112/><T3/><D3/><U118/><E118/><V25/><F25/><W12/><G37/><N who="2" m="13833" /><F23/><W17/><G65/><T68/><D134/><N who="2" m="51818" /><F74/><W66/><G66/><T58/><D107/><U46/><E11/><V55/><F113/><N who="1" m="43017" /><E43/><V52/><F67/><W51/><G111/><T24/><D70/><U8/><E8/><V101/><F101/><W31/><G109/><T122/><D122/><U29/><E29/><V116/><F116/><W0/><G0/><T62/><AGARI ba="0,0" hai="18,22,24,54,58,62,68,69,76,83,87,88,94,99" machi="62" ten="20,8000,1" yaku="0,1,7,1,25,2,54,1" doraHai="41" who="0" fromWho="0" sc="420,80,139,-20,240,-40,201,-20" /><INIT seed="7,0,0,1,0,43" ten="500,119,200,181" oya="3" hai0="53,64,34,87,91,50,83,80,30,48,102,115,107" hai1="8,29,72,81,130,125,44,51,40,13,58,123,4" hai2="86,85,19,120,31,121,116,112,73,68,28,104,61" hai3="16,32,92,132,18,20,134,63,41,35,103,65,67"/><W78/><G78/><T54/><D115/><U66/><E123/><N who="2" m="47179" /><F73/><W111/><G111/><T59/><D64/><U110/><E110/><V33/><F112/><W7/><G7/><T56/><D34/><N who="3" m="12841" /><G41/><T37/><D37/><U101/><E130/><V69/><F104/><W108/><G108/><T14/><D30/><N who="2" m="11306" /><F33/><W5/><G5/><T117/><D117/><U99/><E125/><V131/><F131/><W95/><G103/><T114/><D114/><U26/><E72/><V15/><F116/><W9/><G9/><T106/><D14/><U96/><E101/><V76/><F76/><W42/><G42/><T1/><D1/><U135/><E135/><N who="3" m="51754" /><G67/><T82/><D102/><U24/><E29/><V70/><F61/><W129/><G129/><T77/><D77/><U109/><E109/><V12/><F12/><N who="3" m="9223" /><G18/><T52/><D54/><U74/><E24/><V93/><F93/><AGARI ba="0,0" hai="48,50,52,53,56,59,80,82,83,87,91,93,106,107" machi="93" ten="40,2600,0" yaku="9,1,54,1" doraHai="43" who="0" fromWho="2" sc="500,26,119,0,200,-26,181,0" owari="526,63.0,119,-38.0,174,-23.0,181,-2.0" /></mjloggm>