<mjloggm ver="2.3"><GO type="169" lobby="0"/><UN n0="%E3%82%A6%E3%83%AB%E3%83%88%E3%83%A9%E7%AB%8B%E7%9B%B4" n1="%E3%82%B7%E3%83%A3%E3%83%BC%E3%83%AA%E3%83%97%E3%83%88%E3%83%A9" n2="%E3%81%84%E3%81%9F%E3%83%92%E3%83%AD" n3="%E3%83%9F%E3%83%A9%E3%82%AF%E3%83%AB%E3%81%8A%E3%81%98%E3%81%95%E3%82%93" dan="17,16,16,16" rate="2172.46,2053.24,2127.87,2150.02" sx="M,M,M,M"/><TAIKYOKU oya="0"/><INIT seed="0,0,0,3,5,134" ten="250,250,250,250" oya="0" hai0="49,122,28,47,40,17,126,39,102,124,46,1,3" hai1="41,101,103,4,65,130,55,56,14,9,117,120,114" hai2="15,105,84,58,89,125,111,13,54,38,50,35,85" hai3="11,118,107,87,19,106,100,109,34,91,57,64,131"/><T25/><D122/><U33/><E120/><V26/><F105/><W45/><G118/><T74/><D102/><U68/><E117/><V73/><F73/><W94/><G34/><T119/><D119/><U5/><E33/><V123/><F123/><W52/><G109/><T6/><D17/><U21/><E41/><V20/><F38/><W93/><G131/><T12/><D74/><U76/><E76/><V67/><F111/><W66/><G45/><T129/><D12/><U79/><E79/><V80/><F35/><W0/><G94/><T7/><D129/><U37/><E37/><V112/><F112/><W70/><G70/><T22/><D7/><U127/><E65/><V99/><F99/><W63/><G107/><T113/><D113/><U133/><E68/><V36/><F36/><W2/><G19/><T115/><D115/><U23/><E56/><V128/><F128/><W24/><G24/><T110/><D110/><U116/><E55/><V42/><F42/><W135/><G135/><T30/><D30/><U75/><E75/><V31/><F67/><W104/><G104/><T10/><REACH who="0" step="1"/><D3/><REACH who="0" ten="240,250,250,250" step="2"/><N who="1" m="159" /><E133/><V77/><F13/><W92/><G0/><T44/><D44/><U18/><E114/><V43/><F15/><W90/><G100/><N who="1" m="38474" /><E116/><V83/><F31/><W86/><G106/><T32/><D32/><U72/><E72/><V81/><F77/><W78/><G78/><T98/><D98/><U95/><E130/><V62/><F26/><W96/><G96/><T61/><D61/><U53/><E14/><V121/><F121/><W51/><G63/><T108/><D108/><RYUUKYOKU ba="0,1" sc="240,15,250,-15,250,-15,250,15" hai0="1,6,10,22,25,28,39,40,46,47,49,124,126" hai3="2,11,51,52,57,64,66,86,87,90,91,92,93" /><INIT seed="0,1,1,2,0,114" ten="255,235,235,265" oya="0" hai0="25,6,42,112,23,105,125,110,57,38,88,64,36" hai1="111,4,118,96,79,18,115,85,1,99,82,100,68" hai2="67,5,65,14,30,7,28,19,97,50,62,34,86" hai3="53,16,20,31,121,134,124,123,55,63,60,54,39"/><T35/><D112/><U89/><E68/><V133/><F133/><W69/><G39/><T127/><D35/><U119/><E115/><V130/><F130/><W84/><G134/><T107/><D6/><U59/><E18/><V81/><F97/><W2/><G2/><T77/><D77/><U132/><E132/><V91/><F50/><W122/><G124/><N who="0" m="47691" /><D88/><U43/><E43/><V37/><F37/><N who="0" m="14442" /><D42/><U120/><E4/><N who="2" m="1611" /><F34/><W74/><G74/><T66/><D110/><U45/><E1/><V135/><F135/><W131/><G131/><T13/><D13/><U126/><E126/><V56/><F67/><N who="0" m="25642" /><D57/><U0/><E59/><V76/><F91/><W11/><G84/><T106/><D23/><AGARI ba="1,1" hai="14,19,23,28,30,56,62,65,76,81,86" m="1611" machi="23" ten="30,1000,0" yaku="8,1" doraHai="114" who="2" fromWho="0" sc="255,-13,235,0,235,23,265,0" /><INIT seed="1,0,0,2,4,38" ten="242,235,258,265" oya="1" hai0="86,77,13,45,65,41,36,50,4,101,14,117,112" hai1="89,102,122,63,19,12,76,16,114,99,106,32,39" hai2="17,51,10,111,88,15,78,68,53,1,135,125,103" hai3="47,98,37,59,23,113,120,119,95,90,27,72,127"/><U8/><E114/><V133/><F68/><W66/><G113/><T91/><D112/><U20/><E122/><V44/><F125/><W7/><G120/><T26/><D117/><U60/><E32/><V96/><F78/><W129/><G72/><T35/><D77/><U132/><E132/><V2/><F111/><W100/><G127/><T71/><D101/><U82/><E89/><V80/><F135/><W58/><G119/><T108/><D108/><U25/><REACH who="1" step="1"/><E39/><REACH who="1" ten="242,225,258,265" step="2"/><V48/><F133/><W6/><G37/><T24/><D36/><U52/><E52/><V67/><F67/><W131/><G66/><T93/><D35/><U115/><E115/><V18/><F51/><W28/><G90/><T64/><D71/><U34/><E34/><V109/><F109/><W121/><G121/><T30/><D65/><U49/><E49/><V46/><F46/><W55/><G47/><T92/><D64/><U74/><AGARI ba="0,1" hai="8,12,16,19,20,25,60,63,74,76,82,99,102,106" machi="74" ten="20,12000,1" yaku="1,1,0,1,7,1,54,1,53,1" doraHai="38" doraHaiUra="97" who="1" fromWho="1" sc="242,-40,225,130,258,-40,265,-40" /><INIT seed="1,1,0,5,5,33" ten="202,355,218,225" oya="1" hai0="39,2,100,89,18,54,17,125,119,65,77,57,127" hai1="92,42,1,124,14,121,13,94,111,61,114,105,10" hai2="106,23,82,31,101,16,112,88,49,117,85,30,32" hai3="128,22,36,3,135,63,12,47,103,27,26,107,129"/><U86/><E105/><V122/><F122/><W43/><G135/><T60/><D119/><U55/><E42/><V90/><F117/><W93/><G107/><T134/><D134/><U66/><E55/><V50/><F112/><W52/><G12/><T108/><D108/><U46/><E46/><V87/><F101/><W97/><G3/><T40/><D100/><U118/><E94/><V74/><F74/><W11/><G11/><T78/><D89/><U96/><E86/><V116/><F106/><W81/><G81/><T35/><D35/><U80/><E80/><V109/><F109/><W56/><REACH who="3" step="1"/><G27/><REACH who="3" ten="202,355,218,215" step="2"/><T9/><D9/><U67/><E111/><V133/><F133/><W8/><G8/><T113/><D2/><U34/><E13/><V110/><F110/><W48/><G48/><N who="0" m="30919" /><D113/><U15/><E15/><V59/><F116/><W7/><G7/><T44/><D78/><U37/><E14/><N who="2" m="9623" /><F50/><W72/><G72/><T38/><D77/><U6/><E118/><V98/><F98/><W102/><G102/><T115/><D115/><U95/><E114/><V0/><F0/><W19/><AGARI ba="1,1" hai="19,22,26,36,43,47,52,56,63,93,97,103,128,129" machi="19" ten="30,7900,0" yaku="1,1,0,1,54,1,53,1" doraHai="33" doraHaiUra="71" who="3" fromWho="3" sc="202,-21,355,-40,218,-21,215,92" /><INIT seed="2,0,0,5,0,12" ten="181,315,197,307" oya="2" hai0="124,28,132,111,77,58,79,37,46,116,4,24,73" hai1="60,36,99,76,38,49,82,83,74,26,43,102,57" hai2="10,18,62,0,5,16,103,6,97,31,65,122,55" hai3="104,126,68,63,48,95,33,128,42,112,67,108,100"/><V59/><F122/><W134/><G95/><T15/><D111/><U130/><E130/><V115/><F115/><W21/><G108/><T44/><D124/><U107/><E82/><V70/><F6/><W84/><G84/><T19/><D132/><U86/><E49/><V78/><F78/><W118/><G118/><T91/><D116/><U25/><E74/><V1/><F1/><W72/><G72/><T29/><D4/><U75/><E75/><V35/><F31/><N who="0" m="11850" /><D37/><U105/><E105/><V51/><F35/><W50/><G48/><T109/><D109/><U92/><E107/><AGARI ba="0,0" hai="0,5,10,16,18,51,55,59,62,65,70,97,103,107" machi="107" ten="30,11600,0" yaku="7,1,52,2,54,1" doraHai="12" who="2" fromWho="1" sc="181,0,315,-116,197,116,307,0" /><INIT seed="2,1,0,1,1,23" ten="181,199,313,307" oya="2" hai0="28,34,59,73,100,10,91,35,5,113,95,88,26" hai1="62,104,87,31,27,72,112,13,30,126,119,60,102" hai2="101,61,63,93,127,109,6,89,0,51,123,4,58" hai3="131,134,70,29,15,55,99,1,65,21,38,98,39"/><V105/><F123/><W66/><G1/><T77/><D113/><U14/><E72/><V106/><F127/><W52/><G134/><T97/><D35/><U19/><E112/><V122/><F122/><W74/><G74/><T124/><D124/><U18/><E126/><V43/><F109/><W68/><G21/><T32/><D32/><U115/><E115/><V130/><F130/><W48/><G15/><T84/><D84/><U3/><E87/><V50/><F43/><W53/><G29/><T76/><D76/><U71/><E3/><V82/><F82/><W40/><G131/><T8/><D59/><U47/><E47/><V69/><F69/><N who="3" m="26731" /><G99/><T133/><D133/><U108/><E108/><V36/><F36/><N who="3" m="13867" /><G98/><T120/><D120/><U12/><E119/><V78/><F78/><W121/><G121/><T107/><D107/><U128/><E128/><V9/><F6/><W25/><G25/><T85/><D85/><U2/><E2/><V49/><F101/><W45/><AGARI ba="1,0" hai="40,45,48,52,53,55,65,66" m="13867,26731" machi="45" ten="40,12000,2" yaku="35,5,54,1" doraHai="23" who="3" fromWho="3" sc="181,-31,199,-31,313,-61,307,123" /><INIT seed="3,0,0,5,0,66" ten="150,168,252,430" oya="3" hai0="0,87,34,63,85,56,69,120,117,27,40,48,71" hai1="1,134,99,26,133,125,121,38,62,53,129,20,108" hai2="93,124,42,111,28,29,50,118,12,73,37,97,64" hai3="113,132,130,114,30,60,127,33,11,8,76,67,78"/><W25/><G130/><T119/><D0/><U59/><E121/><V103/><F73/><W65/><G127/><T110/><D34/><U10/><E38/><V89/><F118/><N who="0" m="45066" /><D27/><U72/><E72/><V80/><F124/><W94/><G132/><T6/><D6/><U23/><E125/><V7/><F37/><W16/><G94/><T22/><D22/><U95/><E129/><V46/><F64/><W112/><G67/><N who="0" m="39399" /><D87/><U32/><E32/><V84/><F111/><W47/><G47/><N who="0" m="25703" /><D85/><U41/><E108/><V116/><F116/><W68/><REACH who="3" step="1"/><G8/><AGARI ba="0,0" hai="7,8,12,28,29,42,46,50,80,84,89,93,97,103" machi="8" ten="40,1300,0" yaku="8,1" doraHai="66" who="2" fromWho="3" sc="150,0,168,0,252,13,430,-13" /><INIT seed="4,0,0,1,1,38" ten="150,168,265,417" oya="0" hai0="72,96,15,63,100,99,91,8,6,55,33,68,24" hai1="131,120,65,52,31,66,62,114,123,69,36,110,108" hai2="11,124,116,112,133,74,117,12,88,101,50,45,0" hai3="60,1,41,90,42,47,98,81,4,7,78,64,43"/><T92/><D72/><U97/><E31/><V26/><F74/><W51/><G78/><T61/><D68/><U76/><E76/><V129/><F0/><W125/><G125/><T80/><D55/><U71/><E97/><V3/><F3/><W135/><G135/><T95/><D33/><U56/><E131/><V2/><F2/><W19/><G19/><T113/><D113/><U89/><E89/><V134/><F101/><W17/><G17/><T40/><D80/><U87/><E87/><V32/><F112/><W18/><G18/><T132/><D132/><N who="2" m="50794" /><F124/><W28/><G28/><T103/><D91/><U104/><E36/><V34/><F129/><W127/><G127/><T5/><D24/><U39/><E39/><V21/><F88/><W25/><G25/><T46/><D5/><N who="3" m="2121" /><G1/><T10/><D10/><U23/><E104/><V30/><F12/><W130/><G130/><T16/><D6/><U14/><E14/><V94/><F94/><N who="3" m="56663" /><G81/><T49/><AGARI ba="0,0" hai="8,15,16,40,46,49,61,63,92,95,96,99,100,103" machi="49" ten="20,18000,2" yaku="0,1,7,1,9,1,8,1,52,1,54,1" doraHai="38" who="0" fromWho="0" sc="150,180,168,-60,265,-60,417,-60" /><INIT seed="4,1,0,2,3,4" ten="330,108,205,357" oya="0" hai0="1,32,116,30,45,31,11,48,72,28,115,65,119" hai1="124,33,130,126,25,38,36,123,96,18,103,92,88" hai2="26,60,27,55,19,37,71,118,57,44,99,39,9" hai3="105,76,14,0,34,93,89,79,64,16,86,94,35"/><T128/><D72/><U95/><E123/><V3/><F118/><W50/><G105/><T77/><D77/><U47/><E130/><V54/><F71/><W23/><G0/><T127/><D65/><U106/><E106/><V87/><F99/><W132/><G132/><T58/><D58/><U120/><E120/><V122/><F122/><W6/><G6/><N who="0" m="1487" /><D128/><U109/><E109/><V15/><F3/><W21/><G64/><T133/><D32/><U129/><E129/><V73/><F73/><W107/><G107/><T43/><D133/><U7/><E7/><V22/><F27/><W70/><G70/><T82/><D82/><U67/><E67/><V13/><F13/><W61/><G61/><T97/><D97/><U29/><E18/><V8/><F8/><W56/><G94/><T46/><D127/><U134/><E134/><V2/><F2/><W125/><G125/><N who="1" m="48234" /><E47/><V49/><REACH who="2" step="1"/><F87/><AGARI ba="1,0" hai="25,29,33,36,38,87,88,92,95,96,103" m="48234" machi="87" ten="30,2000,0" yaku="18,1,54,1" doraHai="4" who="1" fromWho="2" sc="330,0,108,23,205,-23,357,0" /><INIT seed="5,0,0,2,1,58" ten="330,131,182,357" oya="1" hai0="37,115,73,113,92,3,28,60,33,71,26,27,77" hai1="16,88,64,122,66,23,51,99,81,128,116,52,117" hai2="63,11,135,39,93,55,24,65,103,123,48,14,1" hai3="111,114,49,17,72,91,36,54,13,31,62,19,44"/><U130/><E122/><V109/><F39/><W21/><G111/><T35/><D37/><U89/><E64/><V30/><F1/><W4/><G72/><T100/><D3/><U7/><E66/><V5/><F123/><W133/><G114/><T110/><D110/><U108/><E7/><V101/><F109/><W106/><G106/><T134/><D134/><U104/><E108/><V2/><F2/><W42/><G133/><T78/><D92/><N who="1" m="56711" /><E104/><V112/><F135/><W67/><G91/><T47/><D100/><U40/><E40/><V32/><F112/><N who="0" m="43082" /><D73/><U6/><E6/><V68/><REACH who="2" step="1"/><F93/><REACH who="2" ten="330,131,172,357" step="2"/><W126/><G36/><T129/><D129/><N who="1" m="49771" /><E89/><V95/><F95/><W22/><G126/><T74/><D78/><U34/><E34/><V119/><F119/><W45/><G44/><AGARI ba="0,1" hai="5,11,14,24,30,32,44,48,55,63,65,68,101,103" machi="44" ten="30,3900,0" yaku="1,1,7,1,52,1,53,0" doraHai="58" doraHaiUra="69" who="2" fromWho="3" sc="330,0,131,0,172,49,357,-39" /><INIT seed="6,0,0,5,3,81" ten="330,131,221,318" oya="2" hai0="121,6,93,13,18,44,116,9,47,27,115,67,22" hai1="103,0,5,94,34,60,86,134,48,38,56,32,72" hai2="130,31,26,85,29,17,98,64,96,77,16,126,57" hai3="41,66,106,70,88,2,24,99,92,46,127,68,8"/><V102/><F130/><W62/><G127/><T37/><D121/><U35/><E134/><V55/><F64/><W74/><G74/><T122/><D122/><U78/><E38/><V21/><F126/><W50/><G106/><T53/><D116/><U97/><E72/><V73/><F73/><W12/><G24/><T1/><D115/><U105/><E48/><V133/><F133/><W65/><G2/><T63/><D37/><U36/><E36/><V110/><F110/><W101/><G66/><T117/><D117/><U76/><E5/><V82/><F17/><W58/><REACH who="3" step="1"/><G101/><REACH who="3" ten="330,131,221,308" step="2"/><T15/><D27/><U79/><E0/><V131/><F131/><W42/><G42/><T33/><D1/><U19/><E19/><AGARI ba="0,1" hai="8,12,19,41,46,50,58,62,65,68,70,88,92,99" machi="19" ten="30,7700,0" yaku="1,1,7,1,54,1,53,1" doraHai="81" doraHaiUra="45" who="3" fromWho="1" sc="330,0,131,-77,221,0,308,87" /><INIT seed="7,0,0,4,2,99" ten="330,54,221,395" oya="3" hai0="43,63,36,92,5,86,3,82,130,87,12,68,60" hai1="56,21,83,123,24,67,107,77,74,16,54,124,58" hai2="30,79,27,70,0,88,28,47,119,102,19,116,133" hai3="62,9,118,6,76,10,114,85,35,18,15,23,25"/><W65/><G118/><T73/><D130/><U129/><E124/><V29/><F0/><W51/><G114/><T71/><D12/><U40/><E129/><V14/><F70/><W26/><G35/><T97/><D86/><U115/><E115/><V34/><F79/><W120/><G120/><T98/><D98/><U125/><E125/><V121/><F121/><W80/><G51/><T110/><D110/><U7/><E123/><V50/><F29/><W53/><G53/><T17/><D17/><U1/><E107/><V122/><F30/><W109/><G109/><T134/><D87/><U72/><E72/><V4/><F4/><W117/><G117/><T64/><D134/><U66/><E40/><V33/><F33/><W112/><G112/><T132/><D132/><U89/><E89/><V39/><F39/><W22/><G10/><T37/><D43/><U57/><E7/><V42/><F133/><W126/><G126/><T111/><D111/><U45/><E1/><V84/><F102/><W93/><G93/><T128/><D128/><U69/><E69/><V106/><F106/><W113/><G113/><T49/><D5/><U41/><E67/><V44/><F44/><W48/><G48/><T8/><D68/><U81/><E66/><V90/><F90/><W13/><G23/><T135/><D71/><AGARI ba="0,0" hai="6,9,13,15,18,22,25,26,62,65,71,76,80,85" machi="71" ten="30,1500,0" yaku="7,1" doraHai="99" who="3" fromWho="0" sc="330,-15,54,0,221,0,395,15" owari="315,12.0,54,-45.0,221,-18.0,410,51.0" /></mjloggm>