<mjloggm ver="2.3"><GO type="169" lobby="0"/><UN n0="%45%74%65%72%6E%61%6C%44" n1="%52%65%78%65%6E%61" n2="%E3%83%88%E3%83%88%E3%83%AA%E5%85%88%E7%94%9F%31%39%E6%AD%B3" n3="%E3%82%A2%E3%82%AB%E3%82%AE%EF%BC%A0%E5%B7%9D%E6%9D%91%E8%BB%8D%E5%9B%A3" dan="16,16,18,17" rate="2027.93,2021.35,2227.47,2186.49" sx="M,M,F,M"/><TAIKYOKU oya="0"/><INIT seed="0,0,0,1,4,3" ten="250,250,250,250" oya="0" hai0="99,112,45,58,55,13,91,10,49,38,115,89,63" hai1="70,130,90,87,60,43,42,123,24,104,129,21,64" hai2="132,23,79,31,39,61,113,117,97,86,77,80,98" hai3="36,114,16,40,125,54,122,133,106,120,35,0,127"/><T20/><D38/><U41/><E123/><N who="3" m="47146" /><G106/><T32/><D32/><U19/><REACH who="1" step="1"/><E104/><REACH who="1" ten="250,240,250,250" step="2"/><V17/><F117/><W11/><G127/><T65/><D115/><U59/><E59/><V14/><F113/><W22/><G125/><T78/><D112/><U66/><E66/><V50/><F132/><W68/><G133/><T7/><D99/><U12/><E12/><V95/><F98/><W102/><G114/><T6/><D6/><U56/><E56/><V4/><F14/><W75/><G68/><T93/><D93/><AGARI ba="0,1" hai="19,21,24,41,42,43,60,64,70,87,90,93,129,130" machi="93" ten="40,1300,0" yaku="1,1,53,0" doraHai="3" doraHaiUra="109" who="1" fromWho="0" sc="250,-13,240,23,250,0,250,0" /><INIT seed="1,0,0,3,1,104" ten="237,263,250,250" oya="1" hai0="95,58,15,45,86,94,110,105,120,92,78,35,71" hai1="6,109,28,72,18,52,124,68,26,2,122,1,20" hai2="90,16,9,60,38,4,13,114,102,88,5,25,75" hai3="97,111,117,112,113,121,85,55,76,41,11,70,36"/><U107/><E122/><V128/><F38/><W59/><G70/><T51/><D71/><U106/><E124/><V27/><F128/><W34/><G34/><T40/><D35/><U133/><E68/><V118/><F118/><W84/><G121/><T87/><D120/><U42/><E133/><V43/><F75/><W48/><G117/><T37/><D105/><U63/><E1/><V73/><F73/><W10/><G111/><T53/><D110/><U116/><E72/><V33/><F114/><W32/><G32/><T31/><D31/><U69/><E116/><V22/><F43/><W14/><G97/><T0/><D0/><U115/><E69/><V125/><F125/><W77/><G11/><T30/><D30/><U82/><E107/><V57/><F102/><W3/><G3/><T103/><D103/><U67/><E2/><V24/><F33/><W101/><G101/><T96/><D96/><U19/><E106/><V50/><F50/><W74/><G74/><T21/><D78/><N who="3" m="30313" /><G41/><T80/><D80/><U12/><E109/><V62/><F62/><W108/><G36/><T46/><D45/><U7/><E115/><V66/><REACH who="2" step="1"/><F5/><REACH who="2" ten="237,263,240,250" step="2"/><N who="3" m="3407" /><G108/><T64/><D37/><U83/><E42/><V47/><F47/><W123/><G123/><T89/><D40/><U130/><E7/><V93/><F93/><W100/><G100/><T56/><D92/><U131/><E6/><V44/><F44/><W54/><G113/><T132/><D46/><U126/><E131/><V129/><F129/><W119/><G112/><T81/><D95/><U91/><E130/><V79/><F79/><RYUUKYOKU ba="0,1" sc="237,-10,263,-10,240,30,250,-10" hai2="4,9,13,16,22,24,25,27,57,60,66,88,90" /><INIT seed="2,1,1,1,2,76" ten="227,253,270,240" oya="2" hai0="53,21,97,57,134,75,87,130,39,127,47,12,3" hai1="36,108,79,131,129,10,29,32,26,16,123,54,7" hai2="94,35,115,124,11,109,17,13,99,96,95,122,28" hai3="128,103,106,41,113,20,71,6,73,55,25,98,4"/><V58/><F115/><W1/><G113/><T37/><D75/><U34/><E108/><V62/><F122/><W67/><G73/><T9/><D130/><U69/><E69/><V105/><F124/><W91/><G128/><N who="1" m="49226" /><E36/><V64/><F109/><W45/><G55/><T107/><D127/><U126/><E126/><V48/><F105/><W114/><G114/><T121/><D3/><N who="1" m="383" /><E54/><V14/><F35/><W125/><G125/><T0/><D0/><U60/><E60/><V83/><F28/><W102/><G102/><T30/><D121/><U110/><E110/><V18/><F48/><W116/><G116/><T59/><D39/><U112/><E79/><V52/><F64/><W77/><G77/><T61/><D57/><U118/><E123/><V46/><F46/><W40/><G40/><T19/><D47/><U132/><E112/><V117/><F83/><W5/><G67/><T27/><D37/><U70/><E70/><V24/><F24/><W49/><G71/><T84/><REACH who="0" step="1"/><D134/><REACH who="0" ten="217,253,270,240" step="2"/><U8/><E132/><V101/><F117/><W63/><G1/><T50/><D50/><U38/><E38/><V89/><REACH who="2" step="1"/><F14/><REACH who="2" ten="217,253,260,240" step="2"/><W85/><G63/><T86/><D86/><U22/><E118/><V104/><F104/><W133/><G133/><T66/><D66/><U92/><E34/><V81/><F81/><W80/><G25/><T31/><D31/><U111/><E32/><V93/><F93/><W56/><G56/><T23/><D23/><U68/><E111/><V100/><F100/><AGARI ba="1,3" hai="9,12,19,21,27,30,53,59,61,84,87,97,100,107" machi="100" ten="40,1300,0" yaku="1,1,53,0" doraHai="76" doraHaiUra="120" who="0" fromWho="2" sc="217,46,253,0,260,-16,240,0" /><INIT seed="3,0,0,0,1,7" ten="263,253,244,240" oya="3" hai0="21,54,90,113,102,89,87,67,25,17,24,121,14" hai1="34,120,2,23,97,41,131,55,77,48,130,1,51" hai2="42,122,118,92,65,94,76,88,9,18,36,39,134" hai3="79,12,46,31,82,107,116,117,86,11,128,68,110"/><W91/><G68/><T123/><D113/><U109/><E109/><V83/><F118/><W101/><G128/><N who="1" m="49194" /><E120/><V10/><F134/><W115/><G115/><T16/><D67/><U38/><E34/><V35/><F122/><W37/><G31/><T108/><D108/><U125/><E125/><V73/><F92/><W32/><G32/><T6/><D102/><U44/><E77/><V119/><F119/><W80/><G110/><T75/><D75/><U43/><E23/><V71/><F35/><W61/><G61/><T114/><D114/><U112/><E112/><V22/><F65/><W5/><G101/><T96/><D6/><U104/><E41/><V8/><F71/><W19/><G107/><T103/><D121/><U3/><E55/><V28/><F28/><W133/><G133/><T95/><D54/><U13/><E13/><V60/><F60/><W111/><G111/><T62/><D62/><U72/><E72/><V135/><F42/><W99/><G37/><T30/><D87/><U63/><E63/><V33/><F33/><W50/><G5/><T105/><D123/><U27/><E27/><V66/><F66/><W84/><REACH who="3" step="1"/><G99/><REACH who="3" ten="263,253,244,230" step="2"/><T132/><D96/><U74/><E97/><N who="2" m="57543" /><F135/><W129/><G129/><T126/><D132/><U85/><E104/><V78/><F39/><W53/><AGARI ba="0,1" hai="11,12,19,46,50,53,79,80,82,84,86,91,116,117" machi="53" ten="20,18000,2" yaku="1,1,0,1,7,1,25,2,52,1,53,0" doraHai="7" doraHaiUra="29" who="3" fromWho="3" sc="263,-60,253,-60,244,-60,230,190" /><INIT seed="3,1,0,2,1,82" ten="203,193,184,420" oya="3" hai0="1,38,99,87,126,40,48,133,88,3,94,100,101" hai1="29,85,118,97,131,79,70,80,119,10,51,31,125" hai2="122,9,73,81,59,90,43,102,116,76,6,86,36" hai3="109,58,22,44,74,20,23,11,17,33,89,63,95"/><W46/><G74/><T4/><D38/><U52/><E70/><V71/><F116/><N who="1" m="44585" /><E125/><V114/><F71/><W53/><G33/><T93/><D133/><U16/><E131/><V24/><F114/><W130/><G109/><T27/><D126/><U107/><E97/><V55/><F122/><W77/><G77/><T103/><D3/><U14/><E107/><V49/><F102/><W18/><G130/><T72/><D72/><U41/><E41/><V34/><F34/><W32/><G32/><T92/><D27/><U13/><E14/><V57/><F24/><W0/><G0/><T113/><D113/><U25/><E25/><V21/><F21/><W42/><G11/><T60/><D4/><U8/><E10/><V115/><F115/><W7/><G7/><T47/><D1/><U129/><E129/><V108/><F108/><W56/><G56/><AGARI ba="1,0" hai="8,13,16,29,31,51,52,56,79,80,85" m="44585" machi="56" ten="30,7700,0" yaku="12,1,52,1,54,2" doraHai="82" who="1" fromWho="3" sc="203,0,193,80,184,0,420,-80" /><INIT seed="4,0,0,3,1,1" ten="203,273,184,340" oya="0" hai0="73,131,36,56,26,63,49,75,119,85,48,32,64" hai1="93,43,72,80,41,33,105,74,9,53,109,35,68" hai2="23,108,76,13,90,39,71,30,54,126,22,128,102" hai3="16,60,67,24,81,87,28,103,27,55,58,40,8"/><T5/><D119/><U10/><E109/><V45/><F71/><W57/><G103/><T4/><D36/><U127/><E127/><V97/><F108/><W132/><G40/><T101/><D101/><U99/><E105/><V117/><F126/><W82/><G132/><T115/><D73/><U50/><E68/><V116/><F128/><W3/><G3/><T17/><D75/><U31/><E33/><V37/><F76/><W121/><G121/><T129/><D115/><U124/><E124/><V118/><F90/><W70/><G70/><T14/><D85/><U122/><E122/><V19/><F30/><W15/><G28/><N who="0" m="19479" /><D48/><U107/><E107/><V111/><F111/><W96/><G96/><T89/><D89/><U65/><E65/><V6/><F23/><W92/><G92/><T135/><D49/><U79/><E74/><V98/><F98/><W47/><G47/><T0/><D135/><U95/><E95/><V21/><F21/><W20/><G20/><N who="0" m="11319" /><D0/><U46/><E43/><N who="2" m="22767" /><F54/><W38/><G38/><T106/><D106/><U42/><E42/><V120/><F39/><W18/><G82/><T84/><D84/><U86/><E72/><V104/><F120/><W7/><G87/><T133/><D133/><U44/><E44/><V100/><F100/><W59/><G81/><T66/><D64/><U52/><E53/><V61/><F61/><N who="3" m="36031" /><G59/><T62/><D62/><U110/><E41/><V34/><F34/><W125/><G125/><T94/><D94/><U134/><E134/><V88/><F88/><W69/><G69/><T78/><D78/><U11/><E110/><RYUUKYOKU ba="0,0" sc="203,10,273,-30,184,10,340,10" hai0="4,5,56,63,66,129,131" hai2="6,13,19,22,97,102,104,116,117,118" hai3="7,8,15,16,18,24,27,58,60,67" /><INIT seed="4,1,0,3,1,62" ten="213,243,194,350" oya="0" hai0="135,99,88,103,128,53,72,52,27,83,120,5,25" hai1="4,100,16,86,24,32,73,104,18,113,85,42,44" hai2="59,81,3,101,76,124,50,125,132,12,133,109,130" hai3="105,127,89,116,98,96,1,131,119,84,28,117,108"/><T31/><D120/><U38/><E73/><N who="2" m="43151" /><F3/><W57/><G1/><T14/><D128/><U106/><E113/><V26/><F12/><W0/><G0/><T112/><D112/><U55/><E85/><V69/><F69/><W129/><G28/><T48/><D135/><N who="2" m="51786" /><F26/><W60/><G108/><T35/><D27/><U8/><E32/><V36/><F36/><W49/><G49/><T37/><D37/><U66/><E24/><V41/><F109/><W39/><G105/><T7/><D53/><U45/><E106/><V46/><F101/><W95/><G39/><T75/><D75/><U67/><E104/><V34/><F59/><W111/><G111/><T93/><D14/><N who="1" m="5383" /><E100/><V10/><F10/><W134/><G134/><T19/><D19/><N who="1" m="7211" /><E38/><V9/><F9/><W43/><G131/><T33/><D33/><U71/><E71/><V97/><F97/><W82/><G129/><T6/><D72/><U126/><E86/><V74/><F130/><W122/><G98/><T63/><D83/><U20/><E20/><V64/><F34/><W17/><G119/><T58/><REACH who="0" step="1"/><D103/><REACH who="0" ten="203,243,194,350" step="2"/><U11/><E55/><V118/><F74/><W21/><G117/><T92/><D92/><U15/><E42/><V121/><F121/><W29/><G43/><T22/><D22/><U79/><E11/><V68/><F118/><W70/><G122/><T87/><D87/><U91/><E15/><V107/><F107/><W30/><G116/><T61/><AGARI ba="1,1" hai="5,6,7,25,31,35,48,52,58,61,63,88,93,99" machi="61" ten="30,11700,0" yaku="1,1,0,1,54,2,53,0" doraHai="62" doraHaiUra="80" who="0" fromWho="0" sc="203,130,243,-40,194,-40,350,-40" /><INIT seed="4,2,0,1,2,115" ten="333,203,154,310" oya="0" hai0="55,44,7,80,41,101,23,129,62,111,130,2,19" hai1="63,29,15,46,48,89,124,70,3,31,47,4,77" hai2="56,85,14,27,66,11,59,43,54,45,83,118,58" hai3="87,9,1,102,38,10,107,128,72,33,34,36,93"/><T132/><D132/><U74/><E124/><V73/><F73/><W75/><G107/><T32/><D32/><N who="3" m="12393" /><G87/><T99/><D111/><U42/><E3/><V81/><F118/><W24/><G24/><T125/><D125/><U21/><E47/><V68/><F27/><W84/><G84/><T95/><D2/><U114/><E114/><V104/><F104/><W91/><G91/><T64/><D7/><U105/><E105/><V127/><F127/><W71/><G93/><T78/><D55/><U53/><E74/><N who="3" m="28202" /><G102/><T0/><D0/><U51/><E77/><V40/><F68/><W133/><G133/><T52/><D52/><U103/><E103/><V96/><F96/><W98/><G98/><T122/><D80/><U116/><E89/><V92/><F92/><W18/><G18/><T90/><D78/><U100/><E100/><V119/><F119/><W134/><G134/><T135/><D101/><U16/><E116/><V35/><F35/><W26/><G26/><T121/><D19/><U126/><E126/><V37/><F66/><W120/><G120/><T110/><D23/><U131/><E4/><V50/><F37/><N who="3" m="14443" /><G1/><T88/><D90/><U20/><E20/><V67/><F67/><W86/><G128/><N who="0" m="49259" /><D135/><U94/><E131/><V106/><F106/><W61/><G86/><T39/><D122/><U108/><E21/><V13/><F81/><W6/><G6/><T5/><D5/><U82/><E82/><V76/><REACH who="2" step="1"/><F14/><REACH who="2" ten="333,203,144,310" step="2"/><W30/><G30/><T60/><D121/><U57/><E31/><V69/><F69/><W17/><G71/><N who="0" m="42375" /><D110/><U22/><E29/><RYUUKYOKU ba="2,1" sc="333,15,203,-15,144,15,310,-15" hai0="39,41,44,62,88,95,99" hai2="11,13,40,43,45,50,54,56,58,59,76,83,85" /><INIT seed="4,3,1,2,2,121" ten="348,188,159,295" oya="0" hai0="74,93,133,45,70,38,39,23,92,85,95,75,116" hai1="1,52,15,110,98,65,13,131,127,88,99,18,40" hai2="54,77,36,47,17,24,25,90,6,117,71,56,73" hai3="30,42,114,43,72,103,107,94,100,111,61,53,109"/><T50/><D116/><U60/><E110/><V49/><F117/><W135/><G72/><T125/><D70/><U5/><E1/><V106/><F106/><W115/><G107/><T37/><D125/><U21/><E127/><V63/><F6/><W122/><G30/><T83/><D133/><U48/><E131/><V105/><F105/><W68/><G135/><T10/><D10/><U84/><E40/><N who="3" m="15402" /><G122/><T3/><D3/><U102/><E5/><V32/><F32/><W82/><G82/><T35/><D35/><U0/><E0/><V129/><F129/><W126/><G126/><T76/><REACH who="0" step="1"/><D23/><REACH who="0" ten="338,188,159,295" step="2"/><U8/><E8/><V33/><F71/><W124/><G68/><T64/><D64/><U123/><E123/><V86/><F33/><W128/><G124/><T12/><D12/><U104/><E15/><V79/><F25/><W27/><G128/><T29/><D29/><U20/><E20/><N who="2" m="13327" /><F36/><W55/><G27/><T78/><D78/><U57/><E21/><V41/><F73/><W113/><G111/><T134/><D134/><U108/><E13/><V22/><F22/><W80/><G109/><T28/><D28/><U89/><E108/><V46/><F77/><W14/><G14/><T120/><D120/><U101/><E18/><V112/><F79/><W59/><G115/><T11/><D11/><U19/><E19/><V34/><F112/><W91/><G114/><T87/><D87/><U16/><E16/><V69/><F34/><W130/><G113/><T96/><D96/><U7/><E7/><V62/><F69/><W97/><G130/><T44/><D44/><RYUUKYOKU ba="3,2" sc="338,30,188,-10,159,-10,295,-10" hai0="37,38,39,45,50,74,75,76,83,85,92,93,95" /><INIT seed="4,4,2,5,3,37" ten="368,178,149,285" oya="0" hai0="87,122,132,108,36,121,10,43,119,128,17,23,16" hai1="25,30,65,75,21,90,110,27,15,13,34,114,120" hai2="135,89,67,112,95,44,5,115,66,71,35,38,83" hai3="57,86,42,54,69,84,77,40,103,107,88,6,102"/><T98/><D119/><U96/><E110/><V93/><F35/><W116/><G69/><T56/><D108/><U82/><E120/><V79/><F135/><W45/><G116/><T72/><D72/><U133/><E133/><V100/><F5/><W3/><G107/><T70/><D70/><U58/><E114/><N who="2" m="43563" /><F100/><N who="3" m="38443" /><G45/><T33/><D98/><U19/><E75/><N who="2" m="43519" /><F71/><W11/><G3/><T1/><D33/><U32/><E32/><V31/><F31/><W0/><G0/><T99/><D99/><U46/><E46/><V18/><F18/><W78/><G11/><T104/><D104/><U118/><E118/><V59/><F59/><W28/><G6/><T9/><D56/><U64/><E65/><N who="2" m="24587" /><F89/><W68/><G28/><T63/><D17/><U130/><E64/><V55/><F38/><W8/><G8/><T39/><D36/><U101/><E58/><V109/><F109/><W123/><G123/><T60/><D10/><U127/><E34/><V94/><F44/><W51/><G68/><T81/><D9/><U131/><E30/><V125/><F55/><W4/><G4/><T22/><D39/><U85/><E27/><V113/><N who="2" m="43571" /><V2/><DORA hai="80" /><F2/><W47/><G47/><T62/><D1/><U41/><E25/><V14/><F14/><W91/><G78/><T111/><D132/><U106/><E13/><V7/><F7/><W29/><G77/><T126/><D122/><U74/><E74/><V26/><F26/><W20/><G29/><T124/><D121/><U49/><E21/><V24/><F24/><W12/><G20/><T52/><D23/><RYUUKYOKU ba="4,2" sc="368,-10,178,-10,149,30,285,-10" hai2="93,94,95,125" /><INIT seed="5,5,2,5,4,84" ten="358,168,179,275" oya="1" hai0="83,61,5,9,55,75,104,73,89,23,116,86,17" hai1="32,28,57,127,52,3,95,120,31,113,35,102,8" hai2="108,122,22,62,99,54,27,29,134,107,41,1,101" hai3="130,24,21,79,132,123,119,114,13,128,40,34,80"/><U11/><E120/><V88/><F108/><W106/><G123/><T125/><D125/><U126/><E113/><V81/><F122/><W42/><G106/><T69/><D104/><U50/><E3/><V19/><F1/><W51/><G114/><T103/><D116/><U92/><E92/><V26/><F134/><W133/><G13/><T82/><D103/><U85/><E102/><V49/><F41/><N who="3" m="15979" /><G51/><T33/><D33/><N who="1" m="12875" /><E31/><V135/><F62/><W30/><G34/><T124/><D124/><N who="1" m="47659" /><E28/><V78/><F135/><N who="3" m="51787" /><G119/><T38/><D82/><U74/><E74/><AGARI ba="5,2" hai="21,24,30,74,79,80,128,130" m="51787,15979" machi="74" ten="30,1000,0" yaku="20,1" doraHai="84" who="3" fromWho="1" sc="358,0,168,-25,179,0,275,45" /><INIT seed="6,0,0,1,2,63" ten="358,143,179,320" oya="2" hai0="115,112,61,33,49,36,29,90,64,53,123,65,39" hai1="98,96,70,95,47,26,86,122,111,43,12,117,45" hai2="83,11,71,101,87,124,97,84,28,17,132,21,133" hai3="127,40,113,55,48,56,2,13,18,94,51,107,32"/><V75/><F124/><W20/><G107/><T110/><D110/><U81/><E117/><V62/><F28/><W44/><G32/><T99/><D123/><U100/><E111/><V109/><F109/><W46/><G2/><T24/><D99/><U35/><E70/><V78/><F11/><W52/><G127/><T134/><D90/><U103/><E122/><V1/><F1/><W135/><G135/><N who="2" m="51785" /><F62/><W50/><G113/><N who="0" m="43595" /><D61/><U9/><E26/><N who="2" m="14639" /><F71/><W58/><G94/><AGARI ba="0,0" hai="75,78,83,84,87,94,97,101" m="14639,51785" machi="94" ten="30,1500,0" yaku="20,1" doraHai="63" who="2" fromWho="3" sc="358,0,143,0,179,15,320,-15" /><INIT seed="6,1,0,1,0,5" ten="358,143,194,305" oya="2" hai0="21,10,3,54,74,46,120,101,12,75,47,128,84" hai1="66,60,132,7,32,122,105,98,4,70,18,39,28" hai2="25,104,90,125,9,77,117,37,23,42,81,116,131" hai3="59,127,51,64,31,106,43,61,115,2,83,124,99"/><V63/><F131/><W48/><G2/><T72/><D128/><U68/><E132/><V89/><F125/><N who="3" m="48203" /><G115/><T0/><D120/><U133/><E133/><V41/><F104/><W30/><G83/><T100/><D46/><U129/><E129/><V79/><F63/><W97/><G97/><T56/><D47/><U112/><E112/><V35/><F35/><W71/><G43/><T108/><D108/><U14/><E122/><V134/><F134/><W44/><G59/><T19/><D84/><U93/><E39/><V58/><F58/><W65/><G65/><T33/><D33/><U78/><E78/><V55/><F23/><W85/><G85/><T103/><REACH who="0" step="1"/><D21/><REACH who="0" ten="348,143,194,305" step="2"/><U121/><E121/><V11/><F37/><W107/><G44/><T102/><N who="0" m="25600" /><DORA hai="13" /><T24/><D24/><U27/><E105/><N who="3" m="39946" /><G99/><T16/><D16/><U94/><E98/><V53/><F81/><W69/><G69/><T20/><D20/><U86/><E93/><V126/><F126/><W26/><G30/><T36/><D36/><U1/><E70/><V6/><F6/><W67/><G31/><T49/><AGARI ba="1,1" hai="0,3,10,12,19,49,54,56,72,74,75" m="25600" machi="49" ten="50,8000,1" yaku="1,1,0,1,52,2,53,0" doraHai="5,13" doraHaiUra="87,91" who="0" fromWho="0" sc="348,93,143,-21,194,-41,305,-21" /><INIT seed="7,0,0,5,1,18" ten="441,122,153,284" oya="3" hai0="107,17,124,71,27,128,31,26,86,25,15,48,41" hai1="135,47,29,96,2,122,81,108,52,42,51,102,63" hai2="94,88,115,40,12,130,8,34,100,76,56,119,36" hai3="59,43,54,126,82,109,65,78,93,22,24,110,99"/><W28/><G43/><T89/><D71/><U30/><E122/><V127/><F119/><W10/><G126/><T133/><D107/><U4/><E135/><V35/><F127/><W60/><G10/><T64/><D133/><U90/><E108/><V87/><F115/><W83/><G54/><T134/><D134/><U95/><E4/><V72/><F130/><W114/><G114/><T55/><D64/><U50/><E63/><V16/><F36/><W6/><G6/><T37/><D37/><U91/><E2/><V23/><F40/><W120/><G120/><T9/><D41/><U121/><E121/><V62/><F100/><W3/><G3/><T61/><D61/><U77/><E91/><V125/><F125/><W21/><G21/><N who="0" m="15855" /><D128/><U44/><REACH who="1" step="1"/><E90/><REACH who="1" ten="441,112,153,284" step="2"/><V132/><F132/><W13/><G110/><T58/><D124/><U117/><E117/><V74/><F8/><W97/><G109/><T103/><D103/><U53/><E53/><V73/><REACH who="2" step="1"/><F76/><REACH who="2" ten="441,112,143,284" step="2"/><W11/><G78/><T70/><D70/><U101/><E101/><V20/><F20/><W113/><G113/><T98/><D98/><U84/><AGARI ba="0,2" hai="29,30,42,44,47,50,51,52,77,81,84,95,96,102" machi="84" ten="20,8000,1" yaku="1,1,0,1,7,1,8,1,54,1,53,0" doraHai="18" doraHaiUra="14" who="1" fromWho="1" sc="441,-20,112,100,143,-20,284,-40" owari="421,53.0,212,-19.0,123,-38.0,244,4.0" /></mjloggm>