<mjloggm ver="2.3"><GO type="169" lobby="0"/><UN n0="%E5%B0%B1%E6%B4%BB%E7%94%9F%40%E5%B7%9D%E6%9D%91%E8%BB%8D%E5%9B%A3" n1="%68%69%6E%6F%6D%61%72%75" n2="%E5%A4%A2%E3%81%AF%E3%83%8B%E3%83%BC%E3%83%88" n3="%E3%81%82%E3%81%B2%E3%82%8B%E3%81%95%E3%82%93" dan="16,16,16,17" rate="2146.47,2123.34,2133.15,2143.12" sx="M,M,M,M"/><TAIKYOKU oya="0"/><INIT seed="0,0,0,1,5,103" ten="250,250,250,250" oya="0" hai0="15,30,94,25,95,63,92,12,61,49,65,101,84" hai1="16,111,99,121,100,81,91,75,78,124,3,27,6" hai2="38,21,2,9,1,19,53,47,129,104,29,24,74" hai3="133,88,62,125,56,116,135,79,60,118,82,71,18"/><T123/><D123/><U50/><E121/><V17/><F74/><W126/><G18/><T11/><D101/><U119/><E119/><N who="3" m="45610" /><G88/><T112/><D112/><U52/><E124/><N who="3" m="47722" /><G82/><T76/><D49/><U134/><E134/><N who="3" m="51210" /><G79/><T0/><D0/><U26/><E111/><V85/><F85/><W39/><G71/><T70/><D63/><N who="3" m="24105" /><G56/><T115/><D11/><U14/><E91/><V108/><F9/><W22/><G22/><T66/><D66/><U69/><E69/><V4/><F4/><W46/><G46/><T57/><D70/><U97/><E6/><V128/><F29/><W23/><G23/><T73/><D73/><U7/><E7/><V130/><F21/><W80/><G80/><T87/><D87/><U37/><E3/><V86/><F24/><W34/><G34/><T131/><D84/><U110/><E99/><V10/><F86/><W8/><G8/><T83/><D83/><U5/><E5/><V59/><F10/><W122/><G122/><T55/><D76/><U31/><E31/><V113/><F2/><W105/><G105/><T68/><D68/><U107/><E26/><V28/><F104/><W117/><N who="3" m="45618" /><W48/><DORA hai="44" /><G39/><T89/><D89/><U40/><E27/><V58/><F28/><W64/><G64/><T120/><D120/><U96/><E96/><V41/><F1/><W20/><G20/><T98/><D65/><U36/><E36/><V93/><F58/><W106/><G106/><T67/><D98/><U43/><E37/><V109/><F19/><W77/><G77/><T35/><D67/><U114/><E78/><RYUUKYOKU ba="0,0" sc="250,-10,250,-10,250,-10,250,30" hai3="48" /><INIT seed="1,1,0,3,0,96" ten="240,240,240,280" oya="1" hai0="18,35,106,16,50,75,97,123,23,112,67,65,130" hai1="43,82,72,28,109,36,128,10,1,57,66,38,81" hai2="84,77,20,51,133,68,86,58,8,80,124,63,117" hai3="0,73,119,132,90,134,79,29,14,42,26,2,53"/><U129/><E28/><V27/><F117/><W91/><G42/><T45/><D35/><U48/><E66/><V98/><F68/><W24/><G14/><T104/><D75/><U70/><E70/><V85/><F124/><W102/><G79/><T101/><D112/><U56/><E1/><V54/><F8/><W99/><G73/><T25/><D130/><N who="1" m="50283" /><E10/><V69/><F133/><W127/><G29/><T34/><D34/><U32/><E32/><V33/><F33/><W78/><G78/><T95/><D123/><U60/><E109/><V92/><F69/><W113/><G113/><T7/><D7/><U94/><E94/><V103/><REACH who="2" step="1"/><F51/><REACH who="2" ten="240,240,230,280" step="2"/><W13/><G127/><T64/><REACH who="0" step="1"/><D18/><AGARI ba="1,1" hai="18,20,27,54,58,63,77,80,84,85,86,92,98,103" machi="18" ten="30,8000,1" yaku="1,1,2,1,7,1,8,1,52,1,53,0" doraHai="96" doraHaiUra="111" who="2" fromWho="0" sc="240,-83,240,0,230,93,280,0" /><INIT seed="2,0,0,4,1,15" ten="157,240,323,280" oya="2" hai0="17,78,128,85,14,59,103,95,19,18,91,4,88" hai1="69,80,75,124,23,39,113,66,71,76,111,22,127" hai2="21,54,104,89,102,121,20,52,116,84,73,5,34" hai3="35,40,86,117,46,36,65,114,3,82,112,25,77"/><V130/><F73/><W27/><G117/><T63/><D128/><U41/><E113/><V90/><F121/><W7/><G65/><N who="0" m="39167" /><D78/><U131/><E131/><V74/><F130/><W9/><REACH who="3" step="1"/><G35/><REACH who="3" ten="157,240,323,270" step="2"/><T38/><D38/><U13/><E39/><V122/><F34/><W92/><G92/><N who="0" m="54287" /><D103/><U48/><E127/><V60/><F116/><W81/><G81/><T32/><D32/><U51/><E80/><V105/><F122/><W129/><G129/><T126/><D126/><U100/><E124/><V109/><F105/><W50/><G50/><T61/><D61/><U42/><E51/><V107/><F60/><W125/><G125/><T2/><D2/><U8/><E48/><V98/><F107/><W94/><G94/><T96/><D4/><U68/><E66/><V134/><F5/><W49/><G49/><T99/><D99/><U55/><E42/><V0/><F0/><W119/><G119/><T47/><D47/><U133/><E41/><V57/><F98/><W118/><G118/><T28/><D28/><U115/><E115/><AGARI ba="0,1" hai="3,7,9,25,27,36,40,46,77,82,86,112,114,115" machi="115" ten="40,5200,0" yaku="1,1,11,1,53,1" doraHai="15" doraHaiUra="6" who="3" fromWho="1" sc="157,0,240,-52,323,0,270,62" /><INIT seed="3,0,0,3,2,7" ten="157,188,323,332" oya="3" hai0="111,69,85,10,38,12,40,26,32,87,73,27,99" hai1="133,34,89,35,44,29,74,17,13,107,33,15,25" hai2="21,117,124,8,14,24,52,102,83,61,57,20,59" hai3="72,108,134,36,22,6,80,113,62,18,55,114,92"/><W112/><G36/><T76/><D69/><U53/><E107/><V65/><F117/><W50/><G134/><T45/><D111/><U11/><E74/><V129/><F129/><W23/><G108/><T68/><D68/><U115/><E115/><V28/><F124/><W19/><G62/><T0/><D99/><U3/><E133/><V100/><F83/><W105/><G105/><T79/><D32/><N who="1" m="12395" /><E89/><V109/><F21/><W2/><G92/><T78/><D73/><U130/><E53/><V37/><F37/><W131/><G131/><T16/><REACH who="0" step="1"/><D0/><REACH who="0" ten="147,188,323,332" step="2"/><U63/><E130/><V1/><F1/><W127/><G72/><T49/><D49/><U51/><E63/><N who="2" m="38143" /><F109/><W123/><G113/><T77/><N who="0" m="19968" /><DORA hai="90" /><T120/><D120/><U31/><E51/><V66/><F66/><W132/><G123/><T119/><D119/><U106/><E3/><V71/><F71/><W98/><G132/><T126/><D126/><U9/><E44/><V54/><F54/><W43/><G127/><T93/><D93/><U67/><E106/><V64/><F64/><W58/><G114/><T4/><D4/><AGARI ba="0,1" hai="4,8,14,20,24,28,52,57,61,100,102" m="38143" machi="4" ten="30,3900,0" yaku="8,1,52,1,54,1" doraHai="7,90" who="2" fromWho="0" sc="147,-39,188,0,323,49,332,0" /><INIT seed="4,0,0,0,5,22" ten="108,188,372,332" oya="0" hai0="115,47,123,68,86,131,107,130,126,129,99,21,56" hai1="61,60,119,132,90,96,7,88,118,71,49,98,3" hai2="101,73,48,37,109,54,134,16,63,36,33,26,31" hai3="1,43,78,95,42,38,65,85,11,13,29,46,58"/><T64/><D123/><U75/><E75/><V106/><F73/><W62/><G1/><T51/><D68/><U94/><E132/><V6/><F109/><W50/><G38/><T74/><D74/><U19/><E3/><V80/><F80/><W114/><G114/><T92/><D115/><U44/><E7/><V89/><F134/><W135/><G135/><T113/><D113/><U32/><E32/><V9/><F89/><W20/><G43/><T108/><D108/><U117/><E19/><V111/><F63/><W128/><G128/><T125/><D107/><U83/><E71/><V76/><F76/><W103/><G103/><N who="0" m="60903" /><D86/><U100/><E83/><V72/><F72/><W69/><G69/><T93/><D93/><U14/><E14/><V116/><F111/><W34/><G34/><T124/><D21/><U59/><E59/><V121/><F121/><W66/><G66/><T55/><D64/><U8/><E8/><V97/><F116/><W112/><G112/><T10/><D10/><U122/><E122/><V23/><F33/><W15/><G11/><T27/><D27/><U5/><E5/><V18/><F37/><W110/><G110/><T102/><D102/><U35/><E35/><V77/><F77/><W52/><G65/><T105/><D105/><N who="1" m="63623" /><E90/><V91/><F91/><N who="3" m="53743" /><G78/><T120/><D120/><U2/><E2/><V30/><F30/><W84/><G84/><T70/><D70/><U41/><E119/><V81/><F81/><W87/><G87/><T4/><D4/><U53/><E41/><V79/><F79/><W104/><G104/><T67/><D67/><RYUUKYOKU ba="0,0" sc="108,10,188,10,372,-30,332,10" hai0="47,51,55,56,124,125,126,129,130,131" hai1="44,49,53,60,61,88,94,98,117,118" hai3="13,15,20,29,42,46,50,52,58,62" /><INIT seed="4,1,0,4,5,38" ten="118,198,342,342" oya="0" hai0="16,100,111,108,85,105,2,27,89,126,83,56,55" hai1="46,97,39,113,133,60,51,102,30,10,127,116,3" hai2="52,80,7,50,91,63,71,58,8,23,109,119,33" hai3="74,64,115,122,28,117,130,22,69,95,81,36,13"/><T66/><D2/><U86/><E116/><V128/><F33/><W73/><G117/><T123/><D123/><U131/><E30/><V43/><F119/><W84/><G115/><T29/><D66/><U54/><E113/><V15/><F128/><W42/><G130/><T124/><D100/><U21/><E131/><V99/><F109/><N who="0" m="42058" /><D105/><U67/><E133/><V96/><F71/><W94/><G122/><T129/><D129/><U12/><E3/><V11/><F11/><W45/><G64/><T32/><D16/><U70/><E86/><N who="2" m="50631" /><F23/><W40/><G69/><T35/><D35/><U41/><E21/><V0/><F0/><W82/><G13/><T14/><D14/><U72/><E72/><V75/><F75/><W114/><G74/><T61/><AGARI ba="1,0" hai="27,29,32,55,56,61,83,85,89,124,126" m="42058" machi="61" ten="30,1500,0" yaku="10,1" doraHai="38" who="0" fromWho="0" sc="118,18,198,-6,342,-6,342,-6" /><INIT seed="4,2,0,5,2,44" ten="136,192,336,336" oya="0" hai0="111,74,135,93,63,103,106,13,122,15,30,5,37" hai1="48,49,134,9,52,56,121,25,133,0,85,2,66" hai2="126,18,86,88,130,97,53,116,127,14,98,54,114" hai3="90,41,79,12,129,45,64,107,58,119,71,1,108"/><T43/><D122/><U101/><E121/><V81/><F130/><W40/><G108/><T28/><D106/><U60/><E101/><V16/><F114/><W27/><G119/><T11/><D74/><U124/><E124/><N who="2" m="47659" /><F116/><W89/><G1/><N who="1" m="618" /><E66/><V17/><F14/><W42/><G107/><T120/><D120/><U47/><E47/><V113/><F113/><W8/><G71/><T70/><D111/><U57/><E57/><V61/><F61/><W131/><G79/><T132/><D37/><U118/><E118/><V50/><F54/><W59/><G27/><T23/><D43/><U62/><E62/><V51/><F51/><W109/><G109/><T110/><D110/><U38/><E38/><V96/><F96/><W117/><G117/><T55/><D70/><U7/><E25/><V91/><F91/><N who="3" m="34827" /><G45/><AGARI ba="2,0" hai="16,17,18,45,50,53,81,86,88,97,98" m="47659" machi="45" ten="30,7700,0" yaku="18,1,52,1,54,2" doraHai="44" who="2" fromWho="3" sc="136,0,192,0,336,83,336,-83" /><INIT seed="5,0,0,1,2,26" ten="136,192,419,253" oya="1" hai0="5,125,55,32,113,107,42,56,90,73,88,123,79" hai1="83,91,50,57,100,10,36,76,84,64,69,128,20" hai2="58,34,46,35,119,19,97,85,126,6,121,129,82" hai3="112,23,80,134,130,8,104,75,43,133,131,2,105"/><U3/><E36/><V60/><F121/><W12/><G43/><T59/><D107/><N who="3" m="41033" /><G23/><T106/><D106/><U45/><E69/><V86/><F119/><W62/><G62/><T87/><D123/><U44/><E100/><V63/><F129/><N who="3" m="49163" /><G12/><T38/><D125/><U111/><E128/><V11/><F126/><W30/><G30/><T4/><D113/><U31/><E111/><V92/><F19/><W15/><G15/><T68/><D68/><U115/><E115/><V120/><F120/><W47/><G47/><T135/><D135/><N who="3" m="51721" /><G112/><T78/><D42/><U77/><E10/><V7/><F46/><N who="1" m="18025" /><E3/><V101/><F11/><W1/><G8/><T132/><D132/><U17/><E31/><V70/><F6/><W25/><G25/><T102/><D38/><U9/><E9/><V103/><F7/><W65/><G65/><T93/><D32/><U33/><E33/><V40/><F40/><W14/><G14/><T74/><D55/><N who="1" m="31991" /><E64/><V72/><F70/><W66/><G66/><T37/><D102/><U118/><E118/><V29/><F29/><W110/><G110/><T99/><D37/><U98/><E98/><V53/><F35/><W48/><G48/><T81/><D4/><U117/><E117/><V39/><F63/><W89/><G89/><T114/><D5/><U18/><E18/><V94/><F39/><W122/><G122/><T16/><D16/><U52/><E52/><V127/><F34/><W24/><G24/><AGARI ba="0,0" hai="17,20,24,76,77,83,84,91" m="31991,18025" machi="24" ten="30,1500,0" yaku="8,1" doraHai="26" who="1" fromWho="3" sc="136,0,192,15,419,0,253,-15" /><INIT seed="5,1,0,3,3,102" ten="136,207,419,238" oya="1" hai0="39,71,95,38,123,130,26,57,85,135,19,25,36" hai1="30,97,66,37,61,47,21,78,101,17,12,92,120" hai2="117,75,87,132,55,116,131,109,133,49,111,53,64" hai3="106,103,24,9,134,104,3,69,77,46,68,6,84"/><U11/><E120/><V79/><F75/><W51/><G134/><N who="2" m="51817" /><F79/><W62/><G103/><T122/><D71/><U23/><E78/><V114/><F87/><W43/><G24/><T65/><D135/><U118/><E118/><N who="2" m="45675" /><F64/><W115/><G115/><T99/><D130/><U107/><E30/><V105/><F105/><W67/><REACH who="3" step="1"/><G69/><REACH who="3" ten="136,207,419,228" step="2"/><T15/><D122/><U29/><E29/><V110/><F114/><W121/><G121/><T7/><D123/><U89/><E37/><V45/><F131/><W48/><G48/><T90/><D26/><U108/><E108/><V93/><F93/><W4/><G4/><T119/><D25/><U44/><E44/><V28/><F28/><W42/><G42/><AGARI ba="1,1" hai="42,45,49,53,55,109,110,111" m="45675,51817" machi="42" ten="40,5200,0" yaku="20,1,34,2" doraHai="102" who="2" fromWho="3" sc="136,0,207,0,419,65,228,-55" /><INIT seed="6,0,0,0,5,106" ten="136,207,484,173" oya="2" hai0="93,130,117,125,74,88,27,73,122,110,63,84,35" hai1="72,3,92,0,126,6,41,13,99,102,55,119,30" hai2="44,19,53,132,14,23,124,52,38,108,5,10,114" hai3="103,105,91,56,43,28,32,48,54,60,34,121,50"/><V116/><F116/><W135/><G121/><T68/><D110/><U7/><E41/><V111/><F124/><W59/><G135/><T76/><D122/><U12/><E119/><V113/><F132/><W21/><G34/><T94/><D117/><U9/><E126/><V66/><F66/><W51/><G32/><T127/><D130/><U49/><E30/><V128/><F128/><W78/><G105/><T31/><D94/><U67/><E72/><V80/><F80/><W90/><G103/><T4/><D4/><U98/><E67/><V79/><F79/><W8/><G78/><T71/><D71/><U57/><E99/><V100/><F100/><W42/><G8/><AGARI ba="0,0" hai="0,3,6,7,8,9,12,13,49,55,57,92,98,102" machi="8" ten="40,1300,0" yaku="9,1" doraHai="106" who="1" fromWho="3" sc="136,0,207,13,484,0,173,-13" /><INIT seed="7,0,0,3,2,1" ten="136,220,484,160" oya="3" hai0="2,36,93,111,40,25,89,88,51,55,63,92,60" hai1="102,39,23,125,9,61,8,107,116,135,122,95,5" hai2="46,68,113,98,124,132,123,21,121,54,117,17,35" hai3="71,12,74,43,57,70,110,24,126,72,32,26,105"/><W96/><G126/><T41/><D2/><U50/><E39/><V53/><F68/><W108/><G43/><N who="0" m="16459" /><D36/><U112/><E122/><N who="2" m="46603" /><F35/><W84/><G32/><T103/><D111/><N who="3" m="42537" /><G71/><T16/><D103/><U128/><E116/><V75/><F113/><W29/><G70/><T10/><D93/><U27/><E107/><V119/><F75/><N who="3" m="28715" /><G105/><T130/><D130/><U20/><E128/><V37/><F124/><W104/><G104/><T11/><D11/><U115/><E125/><V7/><F37/><W3/><G3/><T133/><D133/><U44/><E135/><V118/><F132/><W33/><G96/><N who="0" m="57351" /><D89/><U64/><E5/><V49/><F98/><W48/><G84/><T85/><D85/><U22/><E112/><V109/><F109/><W76/><G76/><T65/><D65/><U131/><E115/><V129/><F129/><W34/><G34/><T13/><D25/><N who="3" m="9833" /><G33/><T62/><D62/><U38/><E61/><V56/><F119/><W31/><G12/><T0/><D0/><U52/><E131/><V80/><F118/><W91/><G91/><T18/><D18/><U134/><E134/><V15/><F80/><W59/><G48/><T101/><D101/><U81/><E50/><N who="2" m="30807" /><F117/><W86/><G86/><T45/><AGARI ba="0,0" hai="10,13,16,45,51,55,60,63" m="57351,16459" machi="45" ten="30,4000,0" yaku="8,1,54,2" doraHai="1" who="0" fromWho="0" sc="136,40,220,-10,484,-10,160,-20" owari="176,-22.0,210,1.0,474,57.0,140,-36.0" /></mjloggm>