<mjloggm ver="2.3"><GO type="169" lobby="0"/><UN n0="%E5%B0%B1%E6%B4%BB%E7%94%9F%40%E5%B7%9D%E6%9D%91%E8%BB%8D%E5%9B%A3" n1="%E4%B8%96%E7%95%8C%E3%81%AE%E9%9D%92%E6%9C%A8" n2="%E5%BA%83%E5%B3%B6%E3%81%AE%E7%A8%AE%E9%A6%AC" n3="%6D%61%73%61%73%69%6F" dan="18,16,16,16" rate="2239.14,2197.84,2078.14,2127.40" sx="M,M,M,M"/><TAIKYOKU oya="0"/><INIT seed="0,0,0,4,2,105" ten="250,250,250,250" oya="0" hai0="74,90,60,4,103,29,131,46,114,92,113,2,132" hai1="6,124,96,11,77,3,121,78,86,70,87,93,82" hai2="30,37,75,120,8,44,9,28,22,108,0,128,127" hai3="26,19,50,10,38,43,81,48,15,31,79,25,21"/><T125/><D29/><N who="2" m="11370" /><F44/><W102/><G102/><T130/><D4/><U16/><E121/><V34/><F37/><W133/><G133/><T83/><D2/><U101/><E124/><V91/><F91/><W58/><G26/><T64/><D46/><U56/><E70/><V72/><F22/><W14/><G38/><T73/><D125/><U66/><E66/><V49/><F49/><W33/><G58/><T76/><D132/><U27/><E56/><V122/><F127/><W24/><G24/><T88/><D60/><U80/><E27/><V42/><F0/><W134/><G43/><T94/><D64/><U18/><AGARI ba="0,0" hai="3,6,11,16,18,77,78,80,82,86,87,93,96,101" machi="18" ten="30,4000,0" yaku="0,1,9,1,54,1" doraHai="105" who="1" fromWho="1" sc="250,-20,250,40,250,-10,250,-10" /><INIT seed="1,0,0,0,5,134" ten="230,290,240,240" oya="1" hai0="96,38,44,58,0,105,80,75,69,85,16,49,33" hai1="123,60,95,104,77,5,1,18,48,100,128,89,122" hai2="111,19,74,62,114,91,109,112,52,99,27,39,81" hai3="83,56,71,102,4,103,6,119,31,59,37,120,115"/><U8/><E128/><V130/><F27/><W9/><G71/><T116/><D69/><U2/><E2/><V11/><F11/><W106/><G37/><T86/><D33/><U78/><E78/><N who="2" m="44247" /><F19/><W32/><G83/><T88/><D0/><U126/><E77/><V66/><F39/><W51/><G51/><T94/><D116/><U28/><E18/><V61/><F66/><W107/><G9/><T40/><D105/><U24/><E48/><V21/><F21/><W42/><G31/><T76/><D38/><U63/><E60/><V65/><F65/><W46/><G119/><T67/><D67/><U90/><E63/><V20/><F20/><W10/><G10/><T113/><D113/><N who="2" m="43626" /><F62/><W30/><G30/><T64/><D58/><U118/><E24/><V79/><F79/><W121/><G115/><T98/><D64/><U72/><E28/><V7/><F7/><W41/><G46/><T125/><D75/><U73/><E8/><V135/><F135/><W117/><G117/><T43/><D43/><U55/><E5/><V29/><F29/><W57/><G57/><T14/><D49/><U3/><E73/><V92/><F130/><W82/><G82/><T84/><D44/><U70/><E72/><V15/><F15/><W36/><G36/><T87/><D40/><U110/><E1/><V53/><F61/><W133/><G32/><T124/><D14/><U50/><E3/><V25/><F25/><W127/><G133/><T93/><D16/><U54/><E118/><V12/><F12/><W132/><G132/><T97/><D76/><U101/><E70/><RYUUKYOKU ba="0,0" sc="230,10,290,-30,240,10,240,10" hai0="80,84,85,86,87,88,93,94,96,97,98,124,125" hai2="52,53,91,92,99,109,111" hai3="4,6,41,42,56,59,102,103,106,107,120,121,127" /><INIT seed="2,1,0,3,0,41" ten="240,260,250,250" oya="2" hai0="16,15,64,31,83,69,27,124,57,34,58,93,127" hai1="68,56,90,29,24,14,12,35,85,3,22,129,46" hai2="95,54,130,65,2,23,119,11,72,82,21,30,123" hai3="48,86,128,120,111,66,99,87,88,40,61,107,103"/><V126/><F119/><W132/><G120/><T52/><D69/><U110/><E68/><V121/><F65/><W1/><G1/><T94/><D64/><U135/><E3/><V17/><F95/><W96/><G132/><T43/><D43/><U50/><E110/><V133/><F72/><W0/><G111/><T51/><D58/><U81/><E129/><V131/><F82/><W62/><G0/><T8/><REACH who="0" step="1"/><D83/><REACH who="0" ten="230,260,250,250" step="2"/><U71/><E71/><V105/><F121/><W106/><G128/><T75/><D75/><U134/><E56/><V98/><F123/><W9/><G9/><T33/><D33/><U10/><E35/><V13/><F11/><W6/><G6/><T104/><D104/><U116/><E116/><V67/><F105/><W114/><G114/><T26/><D26/><U20/><E20/><V38/><F67/><W89/><G66/><T97/><D97/><U4/><REACH who="1" step="1"/><E12/><REACH who="1" ten="230,250,250,250" step="2"/><V125/><F13/><W49/><G40/><AGARI ba="1,2" hai="4,10,14,22,24,29,40,46,50,81,85,90,134,135" machi="40" ten="40,8000,1" yaku="1,1,2,1,52,1,53,1" doraHai="41" doraHaiUra="25" who="1" fromWho="3" sc="230,0,250,103,250,0,250,-83" /><INIT seed="3,0,0,0,3,10" ten="230,353,250,167" oya="3" hai0="131,21,127,89,47,44,48,135,98,69,74,82,115" hai1="130,105,65,94,70,79,134,15,96,109,59,126,114" hai2="81,24,49,116,23,58,88,104,113,72,37,45,26" hai3="71,95,39,99,51,17,60,75,107,123,80,132,40"/><W52/><G123/><T53/><D69/><U121/><E59/><V54/><F113/><W68/><G107/><T9/><D115/><U124/><E65/><V55/><F104/><W77/><G132/><T128/><D135/><U5/><E5/><V14/><F116/><W3/><G3/><T35/><D35/><U78/><E15/><V33/><F33/><W102/><G39/><T64/><D64/><U57/><E57/><V30/><F37/><W56/><REACH who="3" step="1"/><G17/><REACH who="3" ten="230,353,250,157" step="2"/><T125/><D125/><U18/><E18/><N who="2" m="10711" /><F30/><W22/><G22/><T66/><D21/><U101/><E105/><V129/><F129/><W92/><G92/><T86/><D127/><U19/><E94/><V93/><F81/><W16/><G16/><T42/><D128/><U112/><E19/><V100/><F100/><W31/><G31/><T29/><D29/><U36/><E101/><V32/><F32/><W84/><G84/><T133/><D86/><U97/><E36/><V34/><F34/><W43/><G43/><T6/><D42/><U122/><E130/><V12/><F72/><W85/><G85/><T110/><D74/><U117/><E134/><V50/><F12/><W1/><G1/><T111/><D131/><U90/><E124/><V8/><F8/><W106/><G106/><T73/><D9/><U7/><E126/><V83/><F83/><W119/><G119/><T62/><D82/><U2/><E117/><V91/><F93/><W27/><G27/><AGARI ba="0,1" hai="24,26,27,45,49,50,54,55,58,88,91" m="10711" machi="27" ten="30,3900,0" yaku="8,1,52,1,54,1" doraHai="10" who="2" fromWho="3" sc="230,0,353,0,250,49,157,-39" /><INIT seed="4,0,0,2,5,23" ten="230,353,299,118" oya="0" hai0="48,34,36,58,101,125,97,45,4,60,66,126,50" hai1="18,11,30,134,131,99,53,24,47,110,88,43,133" hai2="33,78,98,85,41,1,63,35,100,16,3,77,83" hai3="70,32,102,9,109,73,76,29,15,74,115,52,21"/><T91/><D34/><U93/><E110/><V95/><F35/><W86/><G109/><T57/><D4/><U55/><E131/><V27/><F41/><W89/><G115/><T75/><D75/><U104/><E18/><V120/><F120/><W2/><G70/><N who="0" m="42311" /><D91/><U13/><E104/><V40/><F40/><W12/><G102/><T132/><D132/><N who="1" m="50795" /><E13/><V20/><F33/><W65/><G65/><T44/><D101/><U69/><E69/><V127/><F127/><N who="0" m="48650" /><D97/><U128/><E128/><V117/><F117/><W42/><G89/><T90/><D90/><U114/><E114/><V130/><F130/><W17/><G32/><T105/><D105/><U96/><E11/><V54/><F78/><W124/><G9/><T87/><D87/><U25/><E30/><V39/><F39/><W19/><G29/><T72/><D72/><U71/><E71/><V61/><F61/><W5/><G73/><T37/><D37/><N who="1" m="21999" /><E99/><V79/><F79/><W10/><G76/><T67/><D36/><U38/><E38/><V108/><F108/><W22/><G74/><T84/><D84/><U119/><E119/><V81/><F81/><W103/><G86/><T118/><D118/><U14/><E14/><V106/><F106/><W26/><G124/><T94/><D94/><U123/><E123/><V113/><F113/><W0/><G12/><T92/><D92/><U56/><E96/><V82/><F82/><W31/><G15/><T64/><D64/><U122/><E122/><V116/><F116/><W8/><G10/><T62/><D58/><U129/><E129/><V112/><F112/><RYUUKYOKU ba="0,0" sc="230,15,353,-15,299,15,118,-15" hai0="44,45,48,50,57,62,67" hai2="1,3,16,20,27,54,63,77,83,85,95,98,100" /><INIT seed="4,1,0,1,2,119" ten="245,338,314,103" oya="0" hai0="73,13,15,54,4,92,87,75,9,21,109,57,17" hai1="60,53,48,111,66,100,96,97,133,36,94,11,70" hai2="86,107,83,24,62,14,120,131,134,65,101,8,49" hai3="46,126,68,41,80,45,27,116,113,18,129,44,115"/><T10/><D109/><U110/><E133/><V37/><F37/><W78/><G27/><T89/><REACH who="0" step="1"/><D10/><REACH who="0" ten="235,338,314,103" step="2"/><U67/><E11/><V28/><F8/><W55/><G116/><T112/><D112/><U59/><E111/><V1/><F134/><W76/><G115/><T35/><D35/><U127/><E110/><V16/><F131/><W0/><G113/><T25/><D25/><U84/><E127/><V95/><F24/><W19/><G126/><T72/><D72/><U81/><E36/><V105/><F105/><W58/><G129/><T82/><D82/><U93/><E70/><V91/><F83/><W64/><G80/><T52/><D52/><U121/><E121/><V124/><F107/><W31/><G68/><T42/><D42/><U98/><E94/><V99/><F95/><W51/><G41/><T5/><D5/><U117/><E117/><V6/><F6/><W30/><G64/><T90/><D90/><N who="1" m="51471" /><E67/><V33/><F91/><W2/><G2/><T61/><AGARI ba="1,1" hai="4,9,13,15,17,21,54,57,61,73,75,87,89,92" machi="61" ten="20,3900,0" yaku="1,1,0,1,7,1,53,0" doraHai="119" doraHaiUra="114" who="0" fromWho="0" sc="235,52,338,-14,314,-14,103,-14" /><INIT seed="4,2,0,2,4,70" ten="287,324,300,89" oya="0" hai0="8,36,109,77,104,115,100,63,3,17,111,80,37" hai1="4,18,20,23,49,7,31,54,24,127,12,16,9" hai2="99,29,119,34,0,59,124,6,94,88,42,123,129" hai3="113,125,116,40,64,11,73,95,102,103,69,132,135"/><T76/><D115/><U61/><E61/><V112/><F123/><W62/><G113/><T75/><D77/><U21/><E127/><V22/><F34/><W71/><G116/><T1/><D63/><U74/><E74/><V46/><F124/><W53/><G125/><T120/><D120/><U78/><E78/><V117/><F129/><W81/><G40/><T79/><D79/><U25/><REACH who="1" step="1"/><E9/><REACH who="1" ten="287,314,300,89" step="2"/><V134/><F112/><W133/><G73/><T33/><D8/><U118/><E118/><V65/><F117/><W101/><G11/><T39/><D17/><U68/><E68/><V52/><F119/><W38/><G69/><T55/><D33/><U5/><E5/><V48/><F6/><W108/><G108/><N who="0" m="41547" /><D55/><U90/><E90/><V86/><F65/><W105/><G53/><T89/><D89/><U98/><E98/><AGARI ba="2,1" hai="1,3,36,37,39,75,76,80,98,100,104" m="41547" machi="98" ten="40,12000,1" yaku="10,1,23,1,52,3" doraHai="70" who="0" fromWho="1" sc="287,136,314,-126,300,0,89,0" /><INIT seed="4,3,0,1,0,105" ten="423,188,300,89" oya="0" hai0="82,32,13,70,21,40,80,74,98,35,7,92,85" hai1="87,108,18,132,30,96,29,75,97,89,125,112,123" hai2="2,1,3,24,91,19,71,31,73,22,8,44,59" hai3="86,65,56,121,4,106,46,134,11,34,26,69,122"/><T6/><D70/><U131/><E75/><V135/><F71/><W102/><G56/><T84/><D74/><U100/><E18/><V68/><F68/><W107/><G86/><T118/><D118/><U113/><E29/><V45/><F73/><W95/><G95/><T110/><D40/><U51/><E51/><V94/><F135/><W41/><G134/><T130/><D130/><U64/><E30/><V9/><F59/><W115/><G115/><N who="1" m="44106" /><E64/><V23/><F45/><W17/><G17/><T90/><D110/><U126/><E132/><V49/><F94/><W28/><G11/><N who="2" m="4169" /><F91/><W43/><G4/><T27/><D32/><U101/><E131/><V63/><F63/><W81/><G81/><T72/><D72/><U129/><E123/><V103/><F103/><N who="1" m="39497" /><E108/><V117/><F49/><W48/><G43/><T16/><D35/><U42/><E42/><V54/><F54/><W0/><G0/><T88/><D27/><U124/><E129/><V58/><F58/><W57/><G57/><T66/><REACH who="0" step="1"/><D66/><REACH who="0" ten="413,188,300,89" step="2"/><U93/><AGARI ba="3,1" hai="87,89,93,96,97,124,125,126" m="39497,44106" machi="93" ten="40,8000,1" yaku="18,1,15,1,11,1,34,2" doraHai="105" who="1" fromWho="1" sc="413,-43,188,99,300,-23,89,-23" /><INIT seed="5,0,0,0,1,34" ten="370,287,277,66" oya="1" hai0="99,38,20,41,31,17,62,124,90,107,73,75,80" hai1="49,125,81,108,6,82,83,118,11,23,16,116,57" hai2="87,121,79,64,135,51,101,78,127,46,103,39,36" hai3="113,104,40,70,24,54,132,52,111,100,112,30,122"/><U92/><E125/><V3/><F121/><W12/><G111/><T74/><D31/><U133/><E133/><V123/><F64/><W109/><G132/><T77/><D124/><U5/><E108/><V61/><F61/><W14/><G109/><T37/><D62/><U27/><E5/><V48/><F123/><W65/><G122/><T29/><D29/><U4/><E6/><V63/><F63/><N who="3" m="40255" /><G40/><T44/><D38/><U66/><E92/><V55/><F87/><W50/><G12/><T69/><D69/><U42/><E66/><V114/><F46/><W13/><G14/><T76/><D76/><U21/><E23/><V85/><F85/><W68/><G13/><T131/><D131/><U129/><E129/><V110/><F110/><W96/><G68/><T98/><D107/><U93/><E93/><V67/><F67/><W94/><G94/><T86/><REACH who="0" step="1"/><D77/><REACH who="0" ten="360,287,277,66" step="2"/><U88/><E118/><V8/><F79/><W72/><G72/><T35/><D35/><U7/><E116/><V97/><F78/><W1/><G1/><T32/><D32/><U84/><E4/><V89/><F36/><W18/><G30/><T91/><D91/><U120/><E120/><V2/><F89/><W58/><G104/><T26/><AGARI ba="0,1" hai="17,20,26,37,41,44,73,74,75,80,86,90,98,99" machi="26" ten="30,8000,1" yaku="1,1,0,1,53,3" doraHai="34" doraHaiUra="105" who="0" fromWho="0" sc="360,90,287,-40,277,-20,66,-20" /><INIT seed="6,0,0,1,1,122" ten="450,247,257,46" oya="2" hai0="45,22,92,63,123,94,10,118,70,130,85,64,100" hai1="95,96,84,65,125,37,81,111,88,35,34,133,55" hai2="87,115,91,74,5,108,30,86,135,97,19,114,66" hai3="109,44,78,90,0,105,51,11,29,69,15,31,116"/><V104/><F19/><W26/><G116/><T89/><D118/><U33/><E37/><V9/><F30/><W101/><G69/><T52/><D123/><U12/><E111/><V6/><F66/><W50/><G0/><T39/><D130/><U113/><E65/><V7/><F74/><W93/><G109/><T54/><D10/><U72/><E72/><V43/><F9/><W16/><G78/><T1/><D1/><U41/><E41/><V2/><F2/><W107/><G101/><T131/><D131/><U129/><E129/><V59/><F43/><W56/><G56/><T128/><D128/><U68/><E68/><V53/><F135/><W20/><G31/><T80/><D100/><U110/><E110/><V4/><F4/><W61/><G61/><T36/><D54/><U28/><E12/><V99/><F87/><W3/><G3/><T23/><D39/><U112/><E125/><V76/><F76/><W60/><G60/><T83/><D83/><U103/><E133/><V120/><F104/><W21/><G21/><T58/><D36/><U17/><E17/><V102/><F102/><W127/><G127/><T106/><D106/><U62/><E28/><V24/><F24/><W132/><G132/><T25/><D23/><U49/><REACH who="1" step="1"/><E62/><REACH who="1" ten="450,237,257,46" step="2"/><V126/><F126/><W42/><REACH who="3" step="1"/><G51/><REACH who="3" ten="450,237,257,36" step="2"/><N who="0" m="28783" /><D70/><U27/><E27/><V67/><F108/><W124/><G124/><T14/><D14/><U46/><AGARI ba="0,2" hai="33,34,35,46,49,55,81,84,88,95,96,103,112,113" machi="46" ten="40,8000,1" yaku="1,1,0,1,54,1,53,1" doraHai="122" doraHaiUra="48" who="1" fromWho="1" sc="450,-20,237,100,257,-40,36,-20" /><INIT seed="7,0,0,1,1,87" ten="430,337,217,16" oya="3" hai0="77,112,109,43,19,68,44,99,115,16,113,55,2" hai1="101,135,83,33,103,54,127,93,119,37,65,111,104" hai2="47,45,12,131,116,18,17,73,90,130,80,72,25" hai3="5,20,40,15,14,60,49,10,7,105,120,61,48"/><W117/><G120/><T22/><D109/><U63/><E111/><V106/><F106/><W3/><G117/><T30/><D2/><U125/><E135/><V81/><F116/><W50/><G105/><T132/><D132/><U38/><E119/><V122/><F25/><W84/><G3/><T128/><D68/><U107/><E54/><V71/><F71/><W78/><G40/><T36/><D128/><N who="2" m="49194" /><F18/><W85/><G78/><T9/><D77/><U1/><E1/><V69/><F69/><W118/><G118/><T98/><D55/><U82/><E93/><V88/><F81/><W123/><G123/><T124/><D124/><U0/><E0/><V23/><F122/><W53/><G53/><T134/><D134/><U13/><E13/><N who="3" m="4618" /><G20/><T96/><D9/><U121/><E121/><V59/><F59/><W39/><G39/><T24/><AGARI ba="0,0" hai="16,19,22,24,30,36,43,44,96,98,99,112,113,115" machi="24" ten="40,8000,1" yaku="0,1,15,1,11,1,54,1" doraHai="87" who="0" fromWho="0" sc="430,80,337,-20,217,-20,16,-40" owari="510,60.0,317,12.0,197,-20.0,-24,-52.0" /></mjloggm>