<mjloggm ver="2.3"><GO type="169" lobby="0"/><UN n0="%E3%82%A6%E3%83%AB%E3%83%88%E3%83%A9%E7%AB%8B%E7%9B%B4" n1="%E9%8A%80%E3%81%B0%E3%81%95%E3%81%BF" n2="%E3%82%B8%E3%83%A3%E3%82%B9%E3%82%BF%E3%82%A6%E3%82%A7%E3%82%A4" n3="%E7%AB%8B%E8%8F%AF%E5%A5%8F" dan="18,18,17,17" rate="2213.98,2232.47,2172.29,2208.97" sx="M,M,M,F"/><TAIKYOKU oya="0"/><INIT seed="0,0,0,4,4,69" ten="250,250,250,250" oya="0" hai0="134,52,63,76,56,66,74,26,59,107,1,99,41" hai1="77,119,39,88,67,8,105,42,27,86,96,111,106" hai2="23,92,94,108,132,7,80,48,102,135,55,110,0" hai3="123,93,126,24,129,13,14,4,83,36,98,12,122"/><T40/><D134/><N who="2" m="51242" /><F80/><W47/><G126/><T37/><D1/><U125/><E119/><V33/><F33/><W46/><G129/><T121/><D121/><N who="3" m="46089" /><G24/><T90/><D37/><U75/><E125/><V20/><F7/><W22/><G83/><T45/><D45/><N who="3" m="16905" /><G4/><T49/><D74/><U116/><E27/><V29/><F0/><W10/><G10/><T114/><D114/><U32/><E8/><V5/><F5/><W64/><G64/><T51/><D76/><U3/><E77/><V70/><F23/><W95/><G22/><T43/><D26/><U131/><E3/><V104/><F20/><W62/><G62/><N who="0" m="38239" /><D107/><U15/><E106/><V50/><F29/><W82/><G82/><T120/><D120/><U109/><E105/><V68/><F104/><W130/><G130/><T44/><D63/><U17/><E131/><V31/><F31/><W30/><G30/><T91/><D99/><U124/><E96/><V16/><F70/><W34/><G34/><T60/><D60/><U72/><E124/><V38/><F68/><W2/><G2/><T6/><D6/><U127/><E32/><V97/><F97/><W21/><G21/><T103/><D103/><U54/><E127/><V101/><F101/><N who="3" m="60623" /><G95/><T9/><D9/><U117/><E72/><V25/><F102/><W113/><G113/><T100/><D100/><U87/><E75/><V85/><F25/><W89/><G89/><AGARI ba="0,0" hai="40,41,43,44,49,51,52,56,89,90,91" m="38239" machi="89" ten="30,2900,0" yaku="8,1,54,1" doraHai="69" who="0" fromWho="3" sc="250,29,250,0,250,0,250,-29" /><INIT seed="0,1,0,2,3,36" ten="279,250,250,221" oya="0" hai0="76,14,6,41,64,108,30,109,66,83,38,112,126" hai1="102,134,4,8,73,113,5,118,100,82,40,107,120" hai2="106,18,114,86,68,132,85,72,103,21,28,131,22" hai3="65,27,97,110,130,91,13,24,70,47,67,2,57"/><T135/><D30/><U60/><E120/><V75/><F114/><W87/><G110/><N who="0" m="42603" /><D112/><U59/><E118/><V84/><F68/><W51/><G130/><T62/><D126/><U19/><E134/><V37/><F37/><W20/><G2/><T111/><D135/><U78/><E19/><V39/><F39/><W124/><G124/><T95/><D95/><U79/><E113/><V88/><F28/><W93/><G70/><T123/><D123/><U33/><E33/><V71/><F71/><W69/><G69/><T31/><D31/><U34/><E34/><V89/><F18/><W101/><G13/><T17/><D62/><U128/><E128/><V77/><F22/><W0/><G0/><T129/><D6/><U48/><E5/><V46/><F21/><W119/><G119/><T9/><D129/><U92/><E92/><N who="2" m="54279" /><F131/><W80/><G57/><T1/><D1/><U11/><E59/><V104/><F132/><W90/><G101/><T115/><D115/><U61/><E4/><V53/><F46/><W23/><G23/><T44/><D111/><U121/><E121/><V32/><F32/><W127/><G127/><T54/><D54/><U96/><E11/><V52/><F52/><N who="3" m="29823" /><G20/><T116/><D116/><U3/><E8/><V81/><F53/><W125/><G125/><T55/><D55/><U56/><E3/><V45/><F45/><W35/><G35/><T7/><D7/><U29/><E56/><V12/><F12/><W49/><G49/><T10/><D10/><U25/><E48/><V42/><F104/><W43/><G93/><T16/><D17/><RYUUKYOKU ba="1,0" sc="279,30,250,-10,250,-10,221,-10" hai0="9,14,16,38,41,44,64,66,76,83" /><INIT seed="0,2,0,1,5,19" ten="309,240,240,211" oya="0" hai0="28,53,129,87,27,124,126,75,43,62,33,132,2" hai1="51,4,56,7,1,5,77,114,34,65,16,123,6" hai2="109,92,57,105,121,84,86,72,94,135,91,70,13" hai3="128,85,108,59,106,30,81,20,14,111,32,93,95"/><T103/><D75/><U116/><E123/><V107/><F70/><W38/><G106/><N who="2" m="40457" /><F57/><W82/><G128/><T127/><D129/><U104/><E104/><V90/><F13/><W8/><G32/><T11/><D103/><U134/><E116/><V17/><F17/><W73/><G38/><T31/><D43/><U89/><E34/><V10/><F10/><W102/><G73/><T41/><D41/><U63/><E114/><V100/><F121/><W78/><G81/><T99/><D99/><U58/><E134/><V98/><F135/><W48/><G102/><T36/><D31/><U101/><E4/><V117/><F109/><W52/><G111/><T83/><D36/><U23/><E1/><V74/><F117/><W46/><G59/><N who="0" m="35183" /><D132/><U50/><E101/><V35/><F35/><W45/><G45/><T96/><D11/><U29/><E29/><V25/><F25/><N who="3" m="16679" /><G108/><T68/><D68/><U97/><E77/><V55/><F55/><W120/><G120/><T60/><D2/><U130/><E130/><V21/><F21/><W118/><G118/><T133/><D133/><U115/><E115/><V122/><F122/><W12/><G12/><T24/><D24/><N who="1" m="14439" /><E58/><V42/><F42/><W88/><G78/><N who="0" m="46583" /><D27/><U61/><E61/><V26/><F26/><W3/><G3/><T44/><D60/><U47/><E47/><V69/><F69/><W71/><G71/><T76/><D44/><U80/><E80/><AGARI ba="2,0" hai="72,74,80,84,86,90,91,92,94,98,100" m="40457" machi="80" ten="30,8000,1" yaku="35,5" doraHai="19" who="2" fromWho="1" sc="309,0,240,-86,240,86,211,0" /><INIT seed="1,0,0,0,3,28" ten="309,154,326,211" oya="1" hai0="80,52,134,55,70,93,17,88,31,135,58,33,92" hai1="49,3,118,71,100,133,115,114,24,72,5,126,7" hai2="128,121,19,16,68,90,74,8,106,82,57,75,131" hai3="64,18,104,102,48,97,77,44,27,95,30,96,109"/><U14/><E72/><N who="2" m="27691" /><F68/><W43/><G109/><T94/><D70/><U76/><E71/><V62/><F106/><W123/><G123/><T25/><D17/><U73/><E100/><V60/><F121/><W81/><G64/><T105/><D105/><U103/><E103/><V47/><F47/><W66/><G66/><T35/><D35/><U67/><E67/><V108/><F108/><W26/><G18/><T107/><D107/><U89/><E118/><V78/><F78/><W1/><G1/><T116/><D116/><U37/><E37/><V56/><F19/><W132/><G132/><N who="0" m="50731" /><D58/><U117/><E117/><V13/><F82/><W23/><G26/><T39/><D39/><U38/><E38/><V65/><F90/><W85/><G104/><T87/><AGARI ba="0,0" hai="25,31,33,52,55,80,87,88,92,93,94" m="50731" machi="87" ten="40,8000,1" yaku="20,1,52,1,54,2" doraHai="28" who="0" fromWho="0" sc="309,80,154,-40,326,-20,211,-20" /><INIT seed="2,0,0,5,4,104" ten="389,114,306,191" oya="2" hai0="26,9,132,87,17,124,11,99,16,38,44,8,73" hai1="50,39,90,62,21,84,43,94,117,102,53,120,27" hai2="40,24,100,134,93,56,118,45,36,28,58,42,80" hai3="130,81,0,37,63,19,75,128,47,88,57,67,122"/><V70/><F70/><W83/><G122/><T3/><D87/><U129/><E117/><V65/><F118/><W119/><G119/><T71/><D71/><U108/><E120/><V13/><F134/><W22/><G0/><T1/><D99/><U96/><E129/><N who="3" m="49770" /><G37/><T54/><D54/><U33/><E33/><V15/><F42/><W82/><G47/><T126/><D44/><U133/><E133/><V51/><F80/><W74/><G88/><T109/><D38/><U92/><E108/><V115/><F115/><W98/><G98/><T78/><D78/><U91/><E39/><V52/><F58/><W107/><G107/><T55/><D55/><U12/><E12/><AGARI ba="0,0" hai="12,19,22,57,63,67,74,75,81,82,83" m="49770" machi="12" ten="30,3900,0" yaku="19,1,52,2" doraHai="104" who="3" fromWho="1" sc="389,0,114,-39,306,0,191,39" /><INIT seed="3,0,0,2,0,82" ten="389,75,306,230" oya="3" hai0="62,14,24,115,4,75,113,9,65,106,16,90,6" hai1="77,36,1,0,105,27,67,70,114,108,74,117,121" hai2="107,30,86,52,64,21,73,60,133,100,68,13,72" hai3="22,31,15,48,43,41,87,37,76,120,118,103,98"/><W26/><G37/><T59/><D106/><U122/><E27/><V109/><F109/><W34/><G118/><T23/><D75/><U97/><E67/><V91/><F133/><W69/><G69/><T94/><REACH who="0" step="1"/><D6/><REACH who="0" ten="379,75,306,230" step="2"/><U10/><E74/><V19/><F73/><W95/><G120/><T12/><D12/><U50/><E105/><V55/><F72/><W83/><REACH who="3" step="1"/><G48/><REACH who="3" ten="379,75,306,220" step="2"/><T104/><D104/><U33/><E50/><V116/><F116/><W66/><G66/><T123/><D123/><U8/><E117/><V134/><F134/><W44/><G44/><T80/><D80/><U102/><E36/><V101/><F107/><W126/><G126/><T119/><D119/><U84/><E122/><V7/><F64/><W25/><G25/><T49/><D49/><U53/><E121/><V124/><F124/><W110/><G110/><T92/><D92/><U125/><E108/><V78/><F68/><W127/><G127/><T2/><D2/><U57/><E70/><V96/><F60/><W111/><G111/><T28/><D28/><U40/><E125/><V17/><F30/><W51/><G51/><T46/><D46/><U99/><E0/><V38/><F38/><W5/><G5/><T54/><D54/><U79/><E53/><V45/><F45/><W58/><G58/><T39/><D39/><U18/><E57/><V32/><F55/><W56/><G56/><T128/><D128/><U47/><E1/><V81/><F52/><W135/><G135/><T3/><D3/><U11/><E47/><V35/><F7/><W88/><G88/><T63/><D63/><RYUUKYOKU ba="0,2" sc="379,15,75,-15,306,-15,220,15" hai0="4,9,14,16,23,24,59,62,65,90,94,113,115" hai3="15,22,26,31,34,41,43,76,83,87,95,98,103" /><INIT seed="3,1,2,2,5,79" ten="394,60,291,235" oya="3" hai0="47,69,98,56,14,130,97,53,110,11,68,34,25" hai1="28,43,121,116,59,42,58,1,78,120,96,16,29" hai2="104,127,12,133,62,113,105,71,80,122,102,86,24" hai3="88,76,67,39,128,33,114,91,35,83,19,60,124"/><W77/><G114/><T84/><D47/><U93/><E1/><V27/><F122/><W111/><G39/><T31/><D110/><U66/><E116/><V123/><F123/><W119/><G119/><T75/><D75/><U44/><E78/><V108/><F108/><W10/><G111/><T7/><D130/><U17/><E44/><V20/><F113/><W89/><G128/><T65/><D84/><U90/><E93/><V49/><F49/><W50/><G76/><T55/><D55/><U4/><E4/><V95/><F12/><W48/><G124/><T57/><D57/><U32/><E96/><V8/><F8/><W23/><G10/><T61/><D69/><U3/><E3/><V131/><F127/><W99/><G99/><T70/><D70/><U6/><E6/><V18/><F133/><W103/><G103/><T112/><D112/><U22/><E22/><V2/><F2/><W101/><G101/><T109/><D109/><U73/><E66/><V41/><F27/><W40/><G40/><T85/><D85/><U129/><E129/><V63/><F41/><W13/><G48/><AGARI ba="1,2" hai="7,11,14,25,31,34,48,53,56,61,65,68,97,98" machi="48" ten="30,1000,0" yaku="7,1" doraHai="79" who="0" fromWho="3" sc="394,33,60,0,291,0,235,-13" /><INIT seed="4,0,0,3,2,106" ten="427,60,291,222" oya="0" hai0="112,26,45,82,92,97,70,4,96,121,125,9,116" hai1="77,0,16,48,13,58,66,102,59,107,61,3,64" hai2="15,37,87,120,67,51,11,5,14,129,81,126,91" hai3="43,39,35,74,69,115,83,105,103,7,30,52,90"/><T18/><D70/><U34/><E34/><V75/><F120/><W12/><G115/><T2/><D121/><U44/><E77/><V10/><F37/><W134/><G134/><T133/><D116/><U41/><E102/><V55/><F126/><W71/><G43/><T100/><D125/><U47/><E107/><V130/><F67/><W65/><G39/><T25/><D133/><U76/><E76/><V42/><F42/><W88/><G7/><T27/><D112/><U21/><REACH who="1" step="1"/><E47/><REACH who="1" ten="427,50,291,222" step="2"/><V89/><F89/><W40/><G88/><T118/><D45/><U72/><E72/><V85/><F75/><W50/><G74/><T110/><D118/><U108/><E108/><V63/><F130/><W123/><G90/><T56/><D110/><U24/><E24/><V111/><F129/><W119/><G103/><T99/><D27/><U1/><E1/><V60/><F111/><W6/><G105/><T28/><D26/><U23/><E23/><V93/><F87/><W131/><G35/><T101/><D101/><U19/><E19/><N who="2" m="8663" /><F93/><W33/><G33/><N who="0" m="20623" /><D18/><U79/><E79/><V104/><F104/><W124/><G131/><T8/><D92/><U31/><E31/><V38/><F38/><W17/><G30/><T95/><D95/><U98/><E98/><V20/><F20/><W22/><G22/><T53/><D100/><U62/><AGARI ba="0,1" hai="0,3,13,16,21,41,44,48,58,59,61,62,64,66" machi="62" ten="30,7900,0" yaku="1,1,0,1,9,1,54,1,53,0" doraHai="106" doraHaiUra="132" who="1" fromWho="1" sc="427,-39,50,89,291,-20,222,-20" /><INIT seed="5,0,0,3,1,116" ten="388,139,271,202" oya="1" hai0="135,76,23,132,107,72,100,103,61,13,108,49,79" hai1="41,27,43,33,81,89,97,102,1,84,133,95,62" hai2="87,66,134,115,75,58,99,12,77,51,8,10,128" hai3="20,45,56,32,53,118,2,129,70,57,25,120,64"/><U96/><E1/><V22/><F75/><W24/><G2/><T85/><D108/><U46/><E133/><V38/><F38/><W67/><G118/><T105/><D61/><U16/><E46/><V17/><F128/><W54/><G129/><T44/><D23/><U112/><E112/><V50/><F134/><N who="0" m="51242" /><D13/><U6/><E6/><V88/><F115/><W106/><G106/><N who="0" m="40459" /><D85/><U14/><E97/><V101/><F77/><N who="0" m="29770" /><D72/><U125/><E125/><V9/><F99/><W74/><G74/><T29/><D29/><U59/><E33/><V68/><F68/><W110/><G110/><T28/><D28/><U90/><E102/><V114/><F101/><W98/><G98/><T126/><D126/><U71/><E71/><V117/><F117/><W21/><G70/><T69/><D69/><U94/><E81/><N who="2" m="49263" /><F114/><W78/><G78/><T48/><D48/><U35/><E35/><V119/><F119/><W7/><G32/><T127/><D127/><U18/><E27/><V73/><F73/><W123/><G45/><T31/><D31/><U4/><E4/><AGARI ba="0,0" hai="4,7,20,21,24,25,53,54,56,57,64,67,120,123" machi="4" ten="25,6400,0" yaku="22,2,52,2" doraHai="116" who="3" fromWho="1" sc="388,0,139,-64,271,0,202,64" /><INIT seed="6,0,0,2,0,23" ten="388,75,271,266" oya="2" hai0="9,59,79,34,105,26,109,103,82,58,1,101,53" hai1="56,32,19,73,60,95,129,47,61,104,37,75,89" hai2="48,97,30,116,126,121,100,43,85,2,50,67,49" hai3="14,96,8,133,38,131,127,111,70,68,90,72,94"/><V66/><F2/><W45/><G111/><T117/><D109/><U110/><E104/><V42/><F116/><W87/><G72/><T123/><D123/><U106/><E106/><V20/><F121/><W125/><G131/><T112/><D105/><U91/><E110/><V114/><F114/><W28/><G133/><T74/><D59/><U3/><E3/><V21/><F126/><N who="3" m="48139" /><G28/><T78/><D78/><U77/><E129/><V35/><F35/><W98/><G38/><T135/><D135/><U36/><E32/><V118/><F118/><W115/><G45/><T130/><D112/><U17/><E47/><V41/><F85/><W6/><G115/><T119/><D130/><U108/><E108/><V46/><F46/><W62/><G62/><T0/><D74/><U24/><E56/><V81/><F81/><W15/><G15/><T93/><D82/><U57/><E57/><V10/><F10/><W107/><G107/><T29/><D9/><U52/><E77/><V33/><F33/><W13/><G13/><T63/><D79/><U54/><REACH who="1" step="1"/><E95/><REACH who="1" ten="388,65,271,266" step="2"/><N who="2" m="58431" /><F67/><W7/><G7/><T55/><D0/><U44/><E44/><V86/><F66/><W102/><G102/><N who="0" m="38923" /><D1/><U31/><E31/><V64/><F64/><W11/><G6/><T99/><D119/><U18/><E18/><V84/><F30/><W128/><G128/><T132/><D117/><U16/><E16/><V25/><F42/><W83/><G14/><T65/><D132/><U39/><E39/><V122/><F43/><W22/><G94/><T51/><D51/><N who="2" m="19530" /><F41/><W80/><G8/><T113/><D113/><RYUUKYOKU ba="0,1" sc="388,15,65,15,271,-15,266,-15" hai0="26,29,34,53,55,58,63,65,93,99" hai1="17,19,24,36,37,52,54,60,61,73,75,89,91" /><INIT seed="7,1,1,3,0,103" ten="403,80,256,251" oya="3" hai0="76,84,81,112,17,11,42,95,87,32,50,1,72" hai1="122,47,74,106,91,41,75,8,10,65,46,98,117" hai2="96,78,70,27,36,3,39,40,15,119,22,4,48" hai3="97,116,121,86,53,29,109,135,19,93,123,37,2"/><W55/><G116/><T77/><D32/><U133/><E122/><V73/><F70/><W120/><G2/><T129/><D72/><U57/><E117/><V56/><F119/><W107/><G37/><T126/><D1/><U30/><E133/><V35/><F78/><W127/><G29/><T34/><D34/><U90/><E30/><V14/><F73/><W24/><G135/><T23/><D11/><U68/><E68/><V113/><F113/><W7/><G7/><T62/><D62/><U5/><E65/><V128/><F128/><W58/><G109/><T0/><D126/><U83/><E57/><V26/><F96/><W118/><G118/><T21/><D21/><U49/><E49/><V108/><F108/><W100/><G127/><T69/><D69/><U85/><E85/><V66/><F40/><W88/><G58/><T71/><D71/><U134/><E134/><V28/><F26/><W61/><G61/><T51/><D0/><U124/><E124/><V131/><F15/><W104/><G24/><N who="0" m="14447" /><D112/><U31/><E31/><V111/><F111/><W101/><G19/><T130/><D130/><U16/><E16/><N who="2" m="10519" /><F131/><W64/><G64/><T82/><D129/><U38/><E47/><V33/><F33/><W45/><G45/><T89/><D42/><U9/><E74/><V114/><F114/><W18/><G18/><T105/><D50/><U110/><E110/><V59/><F48/><W67/><G67/><T44/><D51/><U25/><E25/><V79/><F66/><W60/><G60/><T132/><D44/><U115/><E115/><V20/><F56/><RYUUKYOKU ba="1,1" sc="403,-10,80,-10,256,-10,251,30" hai3="53,55,86,88,93,97,100,101,104,107,120,121,123" /><INIT seed="7,2,1,0,3,100" ten="393,70,246,281" oya="3" hai0="37,17,85,7,83,40,108,9,93,70,0,69,10" hai1="39,18,68,87,102,61,105,56,122,124,24,66,25" hai2="133,55,29,91,32,79,90,132,121,81,36,84,88" hai3="118,14,57,109,101,114,8,41,59,58,5,46,94"/><W72/><G118/><T116/><D108/><U89/><E122/><V134/><F36/><W52/><G72/><T12/><D116/><U44/><E124/><V128/><F121/><W131/><G109/><T119/><D119/><U106/><E102/><V11/><F128/><W60/><G131/><T26/><D93/><U77/><E77/><V50/><F11/><W126/><G126/><T3/><D3/><U1/><E1/><V54/><F29/><W130/><G130/><T27/><D27/><U71/><E71/><V113/><F32/><W2/><G2/><T62/><D62/><U117/><E117/><V120/><F120/><W31/><G31/><T103/><D103/><U92/><E25/><V21/><F113/><W45/><G114/><T96/><D96/><U82/><E82/><V33/><F33/><W74/><G74/><T35/><D26/><U98/><E87/><V23/><F55/><W48/><G45/><AGARI ba="2,1" hai="21,23,45,50,54,79,81,84,88,90,91,132,133,134" machi="45" ten="50,3200,0" yaku="20,1,54,1" doraHai="100" who="2" fromWho="3" sc="393,0,70,0,246,48,281,-38" owari="393,50.0,70,-43.0,294,9.0,243,-16.0" /></mjloggm>