<mjloggm ver="2.3"><GO type="169" lobby="0"/><UN n0="%E3%81%BE%E3%83%BC%E3%81%95%EF%BC%A0%EF%BC%92%EF%BC%91" n1="%57%69%6E%73%74%6F%6E" n2="%73%61%6E%64%69%72%69%73" n3="%E5%B0%B1%E6%B4%BB%E7%94%9F%40%E5%B7%9D%E6%9D%91%E8%BB%8D%E5%9B%A3" dan="17,16,16,17" rate="2126.74,2095.39,2126.43,2157.32" sx="M,F,M,M"/><TAIKYOKU oya="0"/><INIT seed="0,0,0,5,3,77" ten="250,250,250,250" oya="0" hai0="115,94,69,99,78,72,43,103,4,7,30,108,126" hai1="73,119,107,27,35,2,50,42,105,84,118,31,130" hai2="123,102,44,121,3,8,89,57,87,132,32,37,125" hai3="93,134,127,9,116,98,71,5,100,82,95,129,47"/><T41/><D115/><U19/><E73/><V33/><F102/><W66/><G116/><T120/><D120/><U106/><E130/><V65/><F132/><W53/><G129/><T39/><D126/><U135/><E135/><V110/><F110/><W28/><G28/><T60/><D108/><U74/><E74/><V10/><F125/><W11/><G127/><T55/><D30/><U96/><E2/><V101/><F101/><W51/><G134/><T46/><D43/><U75/><E75/><V128/><F128/><W63/><G5/><T54/><D54/><U64/><E64/><V23/><F23/><W20/><G93/><T45/><D45/><U70/><E70/><V56/><F87/><W92/><G95/><T104/><D104/><U1/><E1/><V38/><F89/><W124/><G124/><T76/><D76/><U14/><E96/><V21/><F21/><W91/><G20/><T13/><D13/><U131/><E131/><V17/><F3/><W86/><AGARI ba="0,0" hai="9,11,47,51,53,63,66,71,82,86,91,92,98,100" machi="86" ten="30,2000,0" yaku="0,1,52,1" doraHai="77" who="3" fromWho="3" sc="250,-10,250,-5,250,-5,250,20" /><INIT seed="1,0,0,0,1,111" ten="240,245,245,270" oya="1" hai0="84,130,55,8,103,48,39,41,121,98,26,32,122" hai1="0,79,20,45,36,73,60,80,70,13,58,44,42" hai2="89,4,38,23,116,127,33,12,106,134,131,108,17" hai3="15,22,27,11,135,112,9,64,71,119,96,30,40"/><U118/><E118/><V133/><F38/><W126/><G119/><T51/><D39/><U66/><E0/><V128/><F106/><W61/><G135/><N who="2" m="51721" /><F89/><W49/><G126/><T5/><D130/><N who="2" m="49706" /><F116/><W14/><G96/><T3/><D98/><U100/><E100/><V81/><F81/><W69/><G69/><T88/><D103/><U78/><E78/><V2/><F33/><W54/><G40/><T34/><D34/><U74/><E74/><V86/><F86/><W57/><G14/><T132/><D132/><U125/><E36/><V120/><F108/><W91/><G91/><T29/><D84/><U99/><E99/><V16/><F120/><W104/><G104/><T10/><D88/><U94/><E94/><V117/><F117/><W75/><G75/><T31/><D32/><U77/><E77/><V110/><F110/><W35/><G35/><T85/><D85/><U43/><E73/><V21/><F127/><W101/><G101/><T115/><D121/><U46/><E125/><V25/><F4/><W90/><G90/><T76/><D5/><U92/><E79/><V83/><F83/><W28/><G28/><T47/><D31/><U1/><E80/><V7/><F7/><W129/><G129/><T18/><D76/><U105/><E105/><V97/><F97/><W52/><G54/><T124/><D124/><U87/><E92/><V93/><F93/><W59/><G71/><T123/><D123/><U72/><E72/><V50/><F2/><W107/><G107/><T37/><D122/><U67/><E1/><V53/><F53/><W56/><G52/><RYUUKYOKU ba="0,0" sc="240,-10,245,-10,245,30,270,-10" hai2="12,16,17,21,23,25,50" /><INIT seed="2,1,0,1,2,12" ten="230,235,275,260" oya="2" hai0="70,117,113,16,127,25,17,6,67,98,78,14,46" hai1="103,47,52,22,62,68,42,26,28,102,48,75,126" hai2="33,44,13,99,41,37,58,38,122,15,107,94,124" hai3="9,32,105,35,86,74,18,69,90,3,73,40,59"/><V118/><F33/><W45/><G69/><T132/><D113/><U82/><E126/><V92/><F122/><W7/><G105/><T112/><D112/><U19/><E75/><V131/><F118/><W11/><G35/><T30/><D127/><U84/><E68/><V23/><F124/><W125/><G32/><T63/><D117/><U95/><E95/><V87/><F131/><W0/><G59/><T123/><D123/><U110/><E110/><V76/><F38/><W104/><G104/><T135/><D78/><N who="1" m="46167" /><E28/><V54/><F107/><W83/><G125/><T8/><D46/><U89/><E89/><V108/><F108/><W50/><REACH who="3" step="1"/><G18/><REACH who="3" ten="230,235,275,250" step="2"/><T34/><REACH who="0" step="1"/><D98/><REACH who="0" ten="220,235,275,250" step="2"/><U4/><E47/><V79/><F44/><W91/><G91/><T24/><D24/><U71/><E26/><V43/><F99/><W119/><G119/><T66/><D66/><U20/><E102/><V85/><F79/><W77/><G77/><T111/><D111/><U49/><E103/><V114/><F76/><W51/><G51/><T115/><D115/><U53/><E49/><V130/><F114/><W93/><G93/><T116/><D116/><U29/><E48/><V80/><F94/><W1/><G1/><T120/><D120/><U133/><E62/><V109/><F92/><W88/><G88/><T31/><D31/><U60/><E60/><V134/><F109/><W27/><G27/><T96/><D96/><U21/><E29/><V101/><F101/><W39/><G39/><T121/><D121/><U36/><E36/><V128/><F37/><W56/><G56/><T65/><D65/><RYUUKYOKU ba="1,2" sc="220,15,235,-15,275,-15,250,15" hai0="6,8,14,16,17,25,30,34,63,67,70,132,135" hai3="0,3,7,9,11,40,45,50,73,74,83,86,90" /><INIT seed="3,2,2,1,3,116" ten="235,220,260,265" oya="3" hai0="20,119,89,88,130,95,94,36,33,90,73,109,32" hai1="110,46,66,55,28,123,17,21,74,70,15,81,82" hai2="35,67,2,107,54,58,1,63,12,10,30,25,86" hai3="114,59,13,127,121,7,34,131,27,29,4,68,38"/><W9/><G68/><T71/><D36/><U23/><E74/><V122/><F107/><W64/><G38/><T104/><D71/><U87/><E110/><V31/><F31/><W115/><G64/><T132/><D104/><U40/><E123/><V11/><F122/><W120/><G59/><T0/><D0/><U133/><E133/><V62/><F86/><W100/><G100/><T111/><D73/><U77/><E82/><V97/><F97/><W96/><G96/><T79/><D79/><U48/><E70/><V37/><F37/><W134/><G134/><T83/><D83/><U129/><E129/><V101/><F101/><W124/><G7/><T51/><D119/><U61/><E66/><V69/><F11/><W72/><G72/><T108/><D132/><U106/><E106/><V135/><REACH who="2" step="1"/><F135/><REACH who="2" ten="235,220,250,265" step="2"/><W125/><G131/><T41/><D130/><U78/><E28/><V8/><F8/><W19/><G4/><AGARI ba="2,3" hai="1,2,4,10,12,25,30,35,54,58,62,63,67,69" machi="4" ten="30,2000,0" yaku="1,1,7,1,53,0" doraHai="116" doraHaiUra="85" who="2" fromWho="3" sc="235,0,220,0,250,56,265,-26" /><INIT seed="4,0,0,4,1,45" ten="235,220,306,239" oya="0" hai0="74,40,61,111,122,79,62,56,69,133,5,37,115" hai1="55,83,112,47,35,90,85,105,124,42,11,70,50" hai2="24,63,13,23,17,126,118,32,67,51,84,80,36" hai3="76,96,3,86,131,20,8,93,114,46,123,34,116"/><T49/><D5/><U117/><E117/><V22/><F36/><W9/><G34/><T15/><D15/><U53/><E124/><V19/><F126/><W130/><G116/><T64/><D79/><U89/><E35/><V54/><F118/><W66/><G66/><N who="0" m="41175" /><D74/><U52/><E105/><V73/><F32/><W99/><G114/><T25/><D25/><U88/><E112/><V60/><F67/><W127/><G127/><T27/><D27/><U109/><E109/><V12/><F73/><W2/><G20/><T107/><D107/><U98/><E70/><V108/><F108/><W38/><G123/><T7/><D7/><U78/><REACH who="1" step="1"/><E11/><REACH who="1" ten="235,210,306,239" step="2"/><V97/><F24/><W16/><G8/><T91/><D115/><U48/><E48/><V101/><F101/><W75/><G9/><T77/><D49/><U94/><AGARI ba="0,1" hai="42,47,50,52,53,55,78,83,85,88,89,90,94,98" machi="94" ten="30,12000,2" yaku="1,1,0,1,8,1,52,1,54,2,53,0" doraHai="45" doraHaiUra="135" who="1" fromWho="1" sc="235,-60,210,130,306,-30,239,-30" /><INIT seed="5,0,0,2,4,102" ten="175,340,276,209" oya="1" hai0="73,31,75,109,67,47,55,115,78,4,3,97,69" hai1="104,103,18,107,125,95,46,120,65,135,131,124,90" hai2="1,94,134,32,34,70,8,80,76,81,37,92,66" hai3="71,13,84,56,61,41,40,111,127,123,72,51,14"/><U83/><E65/><V117/><F117/><W33/><G72/><T27/><D55/><U91/><E46/><V108/><F108/><W85/><G111/><T24/><D109/><U89/><E18/><V74/><F134/><W15/><G33/><T130/><D47/><U22/><E22/><V122/><F122/><W68/><G123/><T48/><D48/><U42/><E42/><V79/><F94/><W105/><G127/><N who="1" m="48714" /><E120/><V12/><F92/><W50/><G15/><T52/><D52/><U26/><E26/><V30/><F37/><W10/><G61/><T77/><D67/><U25/><E25/><V59/><F1/><W28/><G28/><T112/><D69/><U35/><E35/><V57/><F70/><W106/><REACH who="3" step="1"/><G56/><REACH who="3" ten="175,340,276,199" step="2"/><T132/><D31/><U2/><E2/><V0/><F0/><W96/><G96/><T121/><D97/><N who="1" m="59839" /><E135/><V64/><F34/><W9/><AGARI ba="0,1" hai="9,10,13,14,40,41,50,51,68,71,84,85,105,106" machi="9" ten="25,16000,3" yaku="1,1,0,1,22,2,52,2,53,2" doraHai="102" doraHaiUra="82" who="3" fromWho="3" sc="175,-40,340,-80,276,-40,199,170" /><INIT seed="6,0,0,4,0,11" ten="135,260,236,369" oya="2" hai0="84,2,10,3,35,5,108,92,45,122,25,64,9" hai1="20,100,48,105,60,86,76,74,134,83,19,39,116" hai2="17,132,115,117,58,104,101,15,69,102,54,59,32" hai3="62,36,118,73,77,31,56,16,97,80,34,63,46"/><V66/><F32/><W127/><G118/><T53/><D122/><U70/><E39/><V81/><F117/><W44/><G127/><T112/><D108/><U0/><E0/><V51/><F115/><W87/><G73/><T37/><D112/><U78/><E48/><V12/><F69/><W110/><G110/><T40/><D64/><U133/><E60/><N who="2" m="38175" /><F104/><W61/><G36/><T43/><D43/><U30/><E30/><V47/><F132/><N who="1" m="50793" /><E70/><V1/><F1/><W8/><G56/><T57/><D25/><N who="1" m="14495" /><E116/><V24/><F81/><W42/><G42/><T131/><D35/><U7/><E7/><V88/><F47/><W128/><G128/><T113/><D131/><U41/><E41/><V23/><F88/><W126/><G126/><T82/><D113/><U103/><E105/><V123/><F123/><W13/><G31/><T71/><D71/><U129/><E129/><V107/><F107/><W94/><REACH who="3" step="1"/><G34/><REACH who="3" ten="135,260,236,359" step="2"/><T111/><D111/><U50/><E74/><V52/><F54/><W68/><G68/><T119/><D119/><U89/><E50/><V22/><F22/><W33/><G33/><T65/><D37/><U4/><E4/><V98/><F98/><W75/><G75/><T124/><D5/><U29/><E29/><V93/><F93/><W38/><G38/><N who="0" m="21655" /><D92/><U95/><E95/><V90/><F90/><AGARI ba="0,1" hai="8,13,16,44,46,61,62,63,77,80,87,90,94,97" machi="90" ten="40,8000,1" yaku="1,1,8,1,52,1,54,1,53,0" doraHai="11" doraHaiUra="96" who="3" fromWho="2" sc="135,0,260,0,236,-80,359,90" /><INIT seed="7,0,0,1,2,39" ten="135,260,156,449" oya="3" hai0="21,109,4,24,121,96,105,30,15,28,69,67,57" hai1="127,20,132,126,1,85,73,119,97,61,9,115,114" hai2="93,66,62,0,130,89,102,116,17,86,99,18,103" hai3="36,82,74,10,59,6,45,117,31,94,52,41,124"/><W129/><G117/><T37/><D121/><U64/><E97/><V88/><F0/><W112/><G112/><T16/><D109/><U47/><E73/><V65/><F130/><W55/><G129/><T92/><D105/><U135/><E85/><V49/><F116/><W84/><G124/><N who="1" m="47658" /><E20/><V13/><F49/><W48/><G31/><T25/><D69/><N who="1" m="42127" /><E9/><N who="2" m="6319" /><F18/><W60/><G94/><T63/><D37/><U122/><E1/><V71/><F71/><W131/><G131/><T70/><D70/><U77/><E77/><V32/><F32/><W40/><G36/><T98/><D4/><U33/><E33/><V106/><F106/><W51/><G74/><T90/><D98/><U8/><E8/><V46/><F46/><W26/><G26/><AGARI ba="0,0" hai="15,16,21,24,25,26,28,30,57,63,67,90,92,96" machi="26" ten="40,2600,0" yaku="8,1,54,1" doraHai="39" who="0" fromWho="3" sc="135,26,260,0,156,0,449,-26" owari="161,-24.0,260,6.0,156,-34.0,423,52.0" /></mjloggm>