<mjloggm ver="2.3"><GO type="169" lobby="0"/><UN n0="%E9%B3%B3%E3%81%8F%E3%82%93" n1="%E3%81%9F%E3%81%91%E3%81%93%E3%81%9E%E3%83%BC" n2="%E3%82%A6%E3%83%AB%E3%83%88%E3%83%A9%E7%AB%8B%E7%9B%B4" n3="%E8%B5%A4%E9%98%AA%E9%83%81%E4%B9%83" dan="16,16,17,16" rate="2117.81,2162.45,2197.03,2143.83" sx="M,M,M,F"/><TAIKYOKU oya="0"/><INIT seed="0,0,0,0,3,11" ten="250,250,250,250" oya="0" hai0="88,77,59,69,107,111,15,19,26,5,25,2,35" hai1="49,122,76,22,58,92,133,135,33,28,121,80,9" hai2="125,71,113,96,101,114,106,108,42,52,16,119,118" hai3="73,1,21,45,46,83,110,62,63,84,55,75,112"/><T95/><D69/><U36/><E36/><V8/><F42/><W81/><G1/><T48/><D107/><U43/><E33/><V61/><F108/><W66/><G110/><T126/><D111/><U104/><E104/><V10/><F125/><W3/><G3/><T79/><D126/><U54/><E92/><V40/><F40/><W134/><G21/><N who="0" m="11519" /><D35/><U100/><E100/><V103/><F103/><W17/><G84/><N who="0" m="52615" /><D2/><U65/><E43/><V129/><F129/><W50/><G112/><T47/><D5/><U41/><E41/><V12/><F10/><W53/><G134/><N who="1" m="51210" /><E65/><V70/><F70/><W13/><G66/><T7/><D47/><U20/><E121/><V85/><F71/><W98/><G73/><T124/><D7/><U32/><E32/><V123/><F123/><W24/><G75/><T29/><D124/><U78/><E122/><V86/><F114/><W0/><G0/><T102/><D102/><U72/><E72/><V67/><F113/><W97/><G45/><T27/><D29/><U116/><E28/><V39/><F39/><W128/><G128/><T130/><D130/><U90/><E116/><N who="2" m="44587" /><F67/><W68/><G68/><T115/><D115/><U44/><E44/><V132/><F132/><W14/><G46/><T99/><D99/><U91/><E76/><V109/><F109/><W56/><G97/><T51/><D51/><U93/><E49/><V74/><F74/><W105/><G98/><T57/><D57/><AGARI ba="0,0" hai="8,12,16,52,57,61,85,86,96,101,106" m="44587" machi="57" ten="30,7700,0" yaku="12,1,52,1,54,2" doraHai="11" who="2" fromWho="0" sc="250,-77,250,0,250,77,250,0" /><INIT seed="1,0,0,1,5,44" ten="173,250,327,250" oya="1" hai0="86,87,43,109,73,83,79,30,95,123,117,54,20" hai1="29,132,125,131,16,47,64,127,133,62,15,23,89" hai2="32,10,5,99,122,41,119,67,59,55,108,81,14" hai3="51,53,120,106,71,96,38,77,2,63,129,94,3"/><U22/><E89/><V82/><F119/><W126/><G120/><T28/><D117/><U37/><E37/><V114/><F122/><W1/><G38/><T34/><D34/><U70/><E47/><V72/><F114/><W121/><G121/><T104/><D104/><U36/><E36/><V4/><F32/><W76/><G106/><T97/><D43/><U75/><E75/><V65/><F108/><W57/><G126/><N who="1" m="48138" /><E131/><V112/><F112/><W48/><G129/><T45/><D109/><U12/><E12/><V9/><F41/><W92/><G92/><T24/><D123/><U118/><E118/><V111/><F111/><W78/><REACH who="3" step="1"/><G71/><REACH who="3" ten="173,250,327,240" step="2"/><T113/><D113/><U61/><E61/><V124/><F124/><W19/><G19/><T25/><D30/><U13/><E29/><V49/><F81/><W100/><AGARI ba="0,1" hai="1,2,3,48,51,53,57,63,76,77,78,94,96,100" machi="100" ten="40,8000,1" yaku="1,1,0,1,52,2,53,0" doraHai="44" doraHaiUra="21" who="3" fromWho="3" sc="173,-20,250,-40,327,-20,240,90" /><INIT seed="2,0,0,5,5,58" ten="153,210,307,330" oya="2" hai0="73,123,69,12,43,132,10,61,11,97,38,75,96" hai1="114,46,18,127,6,30,53,135,33,110,37,86,24" hai2="57,23,4,34,26,5,89,39,125,60,13,84,120" hai3="106,95,31,105,65,113,47,15,107,28,130,72,35"/><V80/><F120/><W124/><G72/><T41/><D123/><U16/><E114/><V102/><F39/><W19/><G113/><T134/><D38/><U40/><E110/><V119/><F119/><W77/><G130/><T2/><D69/><U49/><E127/><V68/><F125/><W100/><G124/><T79/><D12/><U64/><E135/><V42/><F68/><W63/><G77/><T112/><D112/><U92/><E6/><V118/><F118/><W66/><G66/><T22/><D79/><U14/><E64/><V21/><F42/><W55/><G35/><T25/><D22/><U88/><REACH who="1" step="1"/><E14/><REACH who="1" ten="153,200,307,330" step="2"/><V71/><F5/><W70/><G15/><T90/><D25/><U99/><E99/><V87/><F4/><W1/><G65/><T76/><D76/><U85/><E85/><V27/><F13/><W121/><G121/><T44/><D90/><U51/><E51/><V3/><F87/><W0/><G1/><T78/><D78/><U9/><E9/><V17/><F3/><W93/><G0/><T129/><D2/><U103/><E103/><V94/><F102/><W50/><G100/><T67/><D67/><U56/><AGARI ba="0,1" hai="16,18,24,30,33,37,40,46,49,53,56,86,88,92" machi="56" ten="20,8000,1" yaku="1,1,0,1,7,1,54,2,53,0" doraHai="58" doraHaiUra="74" who="1" fromWho="1" sc="153,-20,200,90,307,-40,330,-20" /><INIT seed="3,0,0,2,5,56" ten="133,290,267,310" oya="3" hai0="9,109,1,121,102,132,81,43,85,123,59,40,38" hai1="13,113,26,64,37,67,16,23,51,69,7,91,105" hai2="53,24,86,61,33,52,29,54,83,77,84,108,68" hai3="35,120,19,60,124,31,101,66,28,87,21,71,72"/><W118/><G72/><T116/><D116/><U115/><E37/><V96/><F108/><W97/><G120/><T42/><D109/><U57/><E105/><V112/><F112/><W130/><G130/><T74/><D74/><U133/><E133/><V30/><F30/><W107/><G118/><T76/><D38/><U12/><E69/><V3/><F3/><W50/><G124/><T92/><D132/><U62/><E64/><V128/><F128/><W32/><G50/><T34/><D34/><U65/><E65/><V134/><F134/><W114/><G114/><T48/><D102/><U88/><E115/><V135/><F135/><W46/><G46/><T127/><D92/><U126/><E126/><V94/><F86/><W4/><G4/><T73/><D85/><U2/><E2/><V25/><F25/><W99/><G99/><T55/><D127/><U0/><E0/><V11/><F11/><W70/><G70/><T78/><REACH who="0" step="1"/><D76/><REACH who="0" ten="123,290,267,310" step="2"/><U89/><E113/><V103/><REACH who="2" step="1"/><F68/><REACH who="2" ten="123,290,257,310" step="2"/><W5/><G87/><T22/><D22/><U17/><E23/><V15/><F15/><W122/><G32/><T119/><D119/><U80/><E12/><V100/><F100/><W111/><G111/><T6/><AGARI ba="0,2" hai="1,6,9,40,42,43,48,55,59,73,78,81,121,123" machi="6" ten="30,4000,0" yaku="1,1,0,1,53,1" doraHai="56" doraHaiUra="49" who="0" fromWho="0" sc="123,60,290,-10,257,-10,310,-20" /><INIT seed="4,0,0,2,4,26" ten="183,280,247,290" oya="0" hai0="79,68,105,7,122,133,87,124,4,71,22,58,93" hai1="89,118,92,81,116,94,12,55,103,111,0,78,131" hai2="123,6,64,1,25,104,8,126,39,18,17,35,52" hai3="54,16,32,46,61,132,80,135,91,24,33,28,70"/><T44/><D105/><U109/><E0/><V23/><F39/><W36/><G33/><T45/><D122/><U67/><E67/><V47/><F104/><W127/><G127/><T30/><D124/><U134/><E12/><V74/><F126/><W85/><G70/><T125/><D71/><U3/><E55/><V19/><F74/><W82/><G82/><N who="0" m="47583" /><D68/><U14/><E14/><V117/><F64/><W100/><G100/><T77/><D125/><U113/><E3/><V53/><F123/><W97/><G97/><T42/><D77/><U10/><E10/><V37/><F117/><N who="1" m="45161" /><E131/><V129/><F129/><W107/><G107/><T106/><D106/><U99/><E134/><N who="3" m="51242" /><G36/><T40/><D133/><U57/><E57/><V108/><F35/><W20/><G46/><N who="0" m="18027" /><D58/><U27/><E109/><V128/><F108/><W90/><G90/><T73/><D93/><U9/><E111/><V102/><F128/><W60/><G54/><T49/><D73/><U13/><E94/><V29/><REACH who="2" step="1"/><F102/><REACH who="2" ten="183,280,237,290" step="2"/><W63/><G32/><T83/><D42/><AGARI ba="0,1" hai="1,6,8,17,18,19,23,25,29,37,42,47,52,53" machi="42" ten="40,8000,1" yaku="1,1,2,1,52,1,54,1,53,0" doraHai="26" doraHaiUra="115" who="2" fromWho="0" sc="183,-80,280,0,237,90,290,0" /><INIT seed="5,0,0,3,4,107" ten="103,280,327,290" oya="1" hai0="26,94,35,79,38,90,28,111,67,134,4,82,132" hai1="0,9,3,46,12,25,59,89,50,21,58,83,93" hai2="116,48,87,101,14,92,95,70,6,69,56,42,13" hai3="10,105,97,45,30,114,86,128,102,64,65,100,47"/><U33/><E33/><V37/><F116/><W8/><G114/><T78/><D38/><U63/><E0/><V31/><F37/><W131/><G30/><T135/><D4/><U73/><E3/><V118/><F118/><W7/><G86/><T88/><D111/><U41/><E73/><V115/><F31/><W71/><G71/><T75/><D67/><U53/><E83/><V27/><F27/><W19/><G105/><T66/><D66/><U68/><E68/><V43/><F87/><W1/><G1/><T120/><D120/><U98/><E58/><V121/><F56/><W49/><G49/><T22/><D79/><U108/><E108/><V11/><F48/><W113/><G113/><T106/><D106/><U15/><REACH who="1" step="1"/><E9/><REACH who="1" ten="103,270,327,290" step="2"/><V23/><F11/><W125/><G125/><T76/><D76/><U104/><E104/><V40/><F70/><W119/><G119/><T16/><D94/><U51/><E51/><V129/><F92/><W109/><G109/><T85/><D75/><U123/><E123/><V32/><F95/><W133/><G8/><T80/><D80/><U44/><E44/><V18/><F69/><W39/><G10/><T24/><AGARI ba="0,1" hai="16,22,24,26,28,35,78,82,85,88,90,132,134,135" machi="24" ten="40,8000,1" yaku="0,1,20,1,54,2" doraHai="107" who="0" fromWho="0" sc="103,90,270,-40,327,-20,290,-20" /><INIT seed="6,0,0,3,4,9" ten="193,230,307,270" oya="2" hai0="102,133,95,53,112,46,119,86,59,81,21,17,129" hai1="121,71,101,40,92,8,80,66,111,116,50,63,52" hai2="134,87,6,0,135,109,122,30,106,16,65,85,18" hai3="123,131,127,124,79,72,33,90,35,61,110,48,99"/><V34/><F106/><W55/><G110/><T26/><D112/><U39/><E111/><V96/><F122/><W74/><G123/><T4/><D129/><U41/><E121/><V24/><F109/><W44/><G131/><T5/><D133/><N who="2" m="50698" /><F65/><W104/><G61/><T108/><D108/><U82/><E116/><V103/><F6/><W77/><G77/><T54/><D119/><U70/><E70/><V11/><F0/><W91/><G79/><T36/><D36/><U58/><E8/><V45/><F45/><W93/><G104/><T38/><D38/><U100/><E41/><V97/><F18/><W23/><G91/><T15/><D46/><N who="1" m="23839" /><E92/><N who="2" m="58759" /><F97/><W37/><G37/><T10/><D5/><U60/><E60/><V49/><F49/><W76/><G76/><T7/><D7/><U1/><E1/><V84/><F84/><W19/><G74/><T51/><D54/><U29/><E29/><V20/><F11/><W126/><G72/><T107/><D107/><U117/><E117/><V73/><F73/><W57/><G44/><T25/><D102/><AGARI ba="0,0" hai="50,52,58,63,66,71,80,82,100,101,102" m="23839" machi="102" ten="30,2000,0" yaku="24,1,54,1" doraHai="9" who="1" fromWho="0" sc="193,-20,230,20,307,0,270,0" /><INIT seed="7,0,0,1,3,39" ten="173,250,307,270" oya="3" hai0="47,35,30,86,101,81,76,62,32,117,36,48,125" hai1="113,43,126,54,21,130,64,60,9,10,82,123,65" hai2="128,110,87,127,77,55,116,68,129,3,91,52,105" hai3="97,107,4,18,22,89,95,122,24,13,1,100,33"/><W115/><G115/><T53/><D117/><U17/><E123/><V31/><F110/><W16/><G122/><T15/><D125/><U132/><E126/><V133/><F116/><W121/><G121/><T41/><D101/><U104/><E104/><V78/><F127/><W114/><G114/><T84/><D30/><U26/><E113/><V46/><F105/><W73/><G73/><T0/><D0/><U71/><E65/><V56/><F68/><W42/><G42/><T7/><D86/><U135/><E54/><V134/><F31/><N who="3" m="19687" /><G18/><T8/><D36/><U44/><E82/><N who="2" m="49655" /><F3/><W19/><G19/><T72/><D72/><U58/><E71/><V59/><F46/><W29/><G29/><T118/><D118/><U45/><E45/><V11/><F11/><N who="3" m="2447" /><G107/><T49/><D62/><U70/><E130/><N who="2" m="50283" /><F56/><AGARI ba="0,0" hai="7,8,15,32,35,41,47,48,49,53,56,76,81,84" machi="56" ten="30,7700,0" yaku="7,1,25,2,52,1" doraHai="39" who="0" fromWho="2" sc="173,77,250,0,307,-77,270,0" /><INIT seed="8,0,0,1,1,134" ten="250,250,230,270" oya="0" hai0="57,128,109,55,25,72,92,114,51,62,50,87,46" hai1="3,37,14,130,9,115,96,22,12,19,35,91,89" hai2="112,7,41,102,84,61,101,73,56,8,88,132,117" hai3="124,97,76,4,118,93,94,126,82,30,45,11,78"/><T108/><D72/><U47/><E35/><V127/><F73/><N who="3" m="43279" /><G78/><T80/><D114/><U10/><E3/><V71/><F112/><W48/><G30/><T131/><D92/><U121/><E115/><V133/><F71/><W105/><G105/><T34/><D34/><U26/><E121/><V90/><F41/><N who="3" m="24623" /><G97/><T31/><D31/><U100/><E130/><N who="0" m="49705" /><D25/><U70/><E70/><V125/><F117/><W99/><G99/><T106/><D106/><U44/><E37/><V107/><F107/><W116/><G94/><T59/><D87/><U39/><E39/><V119/><F119/><N who="3" m="45611" /><G93/><T13/><D80/><U54/><E96/><V17/><F101/><W67/><G67/><N who="0" m="39375" /><D13/><AGARI ba="0,0" hai="4,11,13,124,126" m="45611,24623,43279" machi="13" ten="30,3900,0" yaku="16,1,52,2" doraHai="134" who="3" fromWho="0" sc="250,-39,250,0,230,0,270,39" owari="211,-29.0,250,5.0,230,-17.0,309,41.0" /></mjloggm>