<mjloggm ver="2.3"><GO type="169" lobby="0"/><UN n0="%E3%81%B3%E3%82%93%E3%81%B3%E3%82%93" n1="%E3%82%A6%E3%83%AB%E3%83%88%E3%83%A9%E7%AB%8B%E7%9B%B4" n2="%E3%83%8A%E3%82%A4%E3%83%AB%E3%83%91%E3%83%BC%E3%83%81" n3="%6B%69%79%6F%6E%61%72%69" dan="16,17,16,16" rate="2142.89,2214.07,2070.34,2136.90" sx="M,M,M,M"/><TAIKYOKU oya="0"/><INIT seed="0,0,0,5,3,102" ten="250,250,250,250" oya="0" hai0="38,16,6,48,108,9,105,129,97,7,61,77,128" hai1="64,65,60,40,107,27,134,111,55,117,1,53,110" hai2="93,33,83,52,80,71,125,43,12,79,100,21,31" hai3="19,74,90,42,84,5,73,82,78,51,18,116,11"/><T130/><D38/><U57/><E1/><V81/><F52/><N who="1" m="20041" /><E27/><V45/><F71/><W68/><G68/><T39/><D39/><U37/><E107/><V3/><F3/><W106/><G116/><T87/><D61/><N who="1" m="37935" /><E117/><V29/><F33/><W95/><G106/><T126/><D126/><U49/><E37/><V91/><F79/><W118/><G74/><T133/><D133/><U22/><E22/><V67/><F125/><W10/><G118/><T88/><D77/><U131/><E134/><V59/><F31/><W36/><G51/><T72/><D48/><U15/><E15/><V89/><F12/><W14/><G11/><T2/><D72/><U101/><E101/><V4/><F21/><W26/><G26/><T58/><D58/><N who="1" m="37015" /><E131/><V99/><F29/><W92/><G14/><N who="0" m="7247" /><D2/><U8/><E8/><V114/><F4/><N who="0" m="1578" /><D97/><U63/><E63/><N who="2" m="38399" /><F100/><W34/><G34/><T85/><D105/><U62/><E62/><V75/><F75/><W86/><G73/><T0/><D0/><U32/><E32/><V23/><F99/><W50/><G36/><T112/><D85/><U66/><E66/><V13/><F13/><W109/><G86/><T17/><D17/><U35/><E35/><V30/><F30/><W119/><G19/><T96/><D96/><U121/><E121/><V132/><F132/><W69/><G18/><T70/><D87/><U54/><E54/><V25/><F25/><W135/><G119/><T113/><D130/><U44/><AGARI ba="0,0" hai="40,44,49,110,111" m="37015,37935,20041" machi="44" ten="30,4000,0" yaku="34,2,54,1" doraHai="102" who="1" fromWho="1" sc="250,-20,250,40,250,-10,250,-10" /><INIT seed="1,0,0,2,5,114" ten="230,290,240,240" oya="1" hai0="21,99,88,58,110,91,93,123,71,118,86,112,48" hai1="120,35,70,76,124,33,115,8,50,107,73,1,43" hai2="57,47,53,45,3,122,38,75,63,132,98,117,90" hai3="9,18,102,105,81,41,22,103,56,109,108,96,69"/><U116/><RYUUKYOKU type="yao9" ba="0,0" sc="230,0,290,0,240,0,240,0" hai1="1,8,33,35,43,50,70,73,76,107,115,116,120,124" /><INIT seed="1,1,0,1,2,103" ten="230,290,240,240" oya="1" hai0="124,73,129,101,77,127,114,70,18,78,71,23,79" hai1="32,8,43,105,48,64,121,65,57,108,42,46,110" hai2="96,50,118,80,116,20,49,22,123,115,29,92,75" hai3="16,83,100,60,41,44,40,120,68,13,45,37,62"/><U6/><E32/><V95/><F123/><W91/><G120/><T24/><D114/><U97/><E121/><V128/><F115/><W112/><G112/><T88/><D73/><U89/><E43/><V47/><F128/><W2/><G2/><T133/><D129/><U51/><E51/><V27/><F20/><W36/><G68/><T69/><D133/><U81/><E81/><V25/><F25/><W84/><REACH who="3" step="1"/><G100/><REACH who="3" ten="230,290,240,230" step="2"/><T130/><D130/><U107/><E110/><V31/><F118/><W39/><G39/><T3/><D3/><U33/><E108/><V131/><F116/><W82/><G82/><T117/><D117/><U1/><E33/><V98/><F80/><W113/><G113/><T87/><REACH who="0" step="1"/><D101/><REACH who="0" ten="220,290,240,230" step="2"/><U15/><E1/><V59/><F131/><W11/><AGARI ba="1,2" hai="11,13,16,36,37,40,41,44,45,60,62,83,84,91" machi="11" ten="20,8000,1" yaku="1,1,0,1,7,1,9,1,54,1,53,0" doraHai="103" doraHaiUra="102" who="3" fromWho="3" sc="220,-21,290,-41,240,-21,230,103" /><INIT seed="2,0,0,5,3,114" ten="199,249,219,333" oya="2" hai0="86,56,47,1,104,4,7,51,29,78,107,108,88" hai1="80,3,61,5,37,25,50,82,102,124,79,131,28" hai2="123,46,111,41,65,71,6,77,21,55,128,133,132" hai3="113,27,63,126,118,34,64,110,20,84,97,74,95"/><V105/><F123/><W119/><G74/><T72/><D108/><U90/><E131/><V101/><F6/><W40/><G34/><T26/><D56/><U121/><E124/><V43/><F77/><W12/><G110/><T57/><D57/><U24/><E102/><V127/><F101/><N who="3" m="60607" /><G126/><T125/><D125/><U76/><E37/><V100/><F100/><W48/><G12/><T45/><D78/><U106/><E106/><V13/><F105/><W67/><G67/><T112/><D72/><U11/><E61/><N who="2" m="40367" /><F21/><W93/><G84/><T31/><D112/><U35/><E121/><V38/><F13/><W15/><G93/><T0/><D51/><U2/><E2/><V22/><F22/><W16/><G113/><T94/><D94/><U33/><E50/><N who="2" m="29143" /><F127/><W14/><G48/><T85/><REACH who="0" step="1"/><D26/><REACH who="0" ten="189,249,219,333" step="2"/><U8/><E25/><V59/><F111/><W122/><G122/><T98/><D98/><U92/><E24/><V89/><F128/><W53/><G27/><T30/><D30/><U134/><E28/><V66/><F38/><W23/><G63/><T60/><D60/><U135/><E92/><V36/><F36/><W103/><G64/><T10/><D10/><U68/><E79/><V130/><F130/><W117/><G23/><T81/><D81/><U19/><E82/><V9/><F9/><W32/><G20/><T115/><D115/><U70/><E11/><V58/><F58/><W83/><G83/><T87/><D87/><U49/><E80/><V52/><F66/><W17/><G119/><T109/><D109/><U44/><E8/><V54/><F59/><RYUUKYOKU ba="0,1" sc="189,30,249,-10,219,-10,333,-10" hai0="0,1,4,7,29,31,45,47,85,86,88,104,107" /><INIT seed="3,1,1,3,4,125" ten="219,239,209,323" oya="3" hai0="63,118,80,93,3,70,132,119,96,20,95,65,44" hai1="126,91,50,28,4,21,104,56,107,32,130,34,98" hai2="134,41,74,112,17,26,78,31,123,38,67,120,43" hai3="122,106,35,9,11,97,5,60,85,113,115,99,92"/><W57/><G122/><N who="2" m="46633" /><F112/><W55/><G35/><T10/><D132/><U2/><E4/><V22/><F134/><W127/><G127/><T109/><D109/><U71/><E2/><V86/><F74/><W124/><G124/><T53/><D95/><U69/><E126/><V103/><F103/><W108/><G108/><T45/><D20/><U114/><E21/><N who="2" m="15823" /><F67/><W33/><G33/><T73/><D10/><U42/><E28/><V12/><F38/><W79/><G11/><T129/><D3/><U40/><E98/><V29/><F29/><W23/><G23/><T72/><D72/><U94/><E114/><V83/><AGARI ba="1,1" hai="12,17,22,41,43,78,83,86" m="15823,46633" machi="83" ten="30,1100,0" yaku="13,1" doraHai="125" who="2" fromWho="2" sc="219,-4,239,-4,209,24,323,-6" /><INIT seed="4,0,0,5,2,124" ten="215,235,233,317" oya="0" hai0="110,71,5,95,36,134,118,58,42,119,32,24,85" hai1="1,52,15,70,72,122,10,103,29,105,114,14,19" hai2="7,23,93,55,64,30,76,33,75,65,28,77,68" hai3="17,22,39,107,130,57,100,86,113,59,4,53,37"/><T25/><D71/><U96/><E122/><V49/><F33/><W67/><G4/><T106/><D106/><U2/><E70/><V43/><F43/><W97/><G130/><T133/><D110/><U87/><E72/><V109/><F109/><W101/><G101/><T9/><D58/><U48/><E29/><V60/><F65/><W91/><G67/><T44/><D95/><U111/><E111/><V135/><F135/><N who="0" m="51722" /><D85/><U8/><E87/><V63/><F63/><W21/><G59/><T62/><D62/><U123/><E123/><V94/><F7/><W125/><G57/><T112/><D112/><U104/><E104/><V69/><F69/><W18/><G86/><T45/><D45/><U82/><E82/><V99/><F93/><W126/><G107/><T131/><D131/><U50/><E114/><V78/><F75/><W66/><G66/><T54/><D54/><U3/><REACH who="1" step="1"/><E52/><REACH who="1" ten="215,225,233,317" step="2"/><V34/><F55/><W61/><G53/><T80/><D80/><U117/><E117/><N who="0" m="44553" /><D32/><U41/><E41/><V40/><F34/><W89/><G113/><T88/><D88/><U46/><E46/><V92/><F40/><W6/><G91/><T73/><D73/><U35/><E35/><V127/><F94/><W98/><G89/><T11/><D11/><U132/><E132/><V26/><F92/><W120/><G120/><T129/><D129/><U108/><E108/><V74/><F74/><W102/><G126/><T27/><D9/><U51/><E51/><V16/><F49/><W31/><G125/><T12/><D5/><AGARI ba="0,1" hai="1,2,3,5,8,10,14,15,19,48,50,96,103,105" machi="5" ten="40,2600,0" yaku="1,1,53,1" doraHai="124" doraHaiUra="0" who="1" fromWho="0" sc="215,-26,225,36,233,0,317,0" /><INIT seed="5,0,0,4,4,57" ten="189,261,233,317" oya="1" hai0="3,99,69,78,102,11,4,28,87,85,39,55,1" hai1="119,16,67,93,20,79,30,73,40,41,37,75,7" hai2="71,122,86,42,89,62,44,91,53,23,8,63,81" hai3="65,118,109,103,49,54,9,51,100,27,26,117,32"/><U96/><E119/><N who="3" m="45578" /><G109/><T98/><D69/><U25/><E7/><V70/><F122/><W108/><G108/><T116/><D116/><U12/><E67/><V76/><F70/><W125/><G125/><T50/><D39/><U58/><E37/><V135/><F135/><W115/><G115/><T83/><D1/><U105/><E105/><V88/><F71/><W60/><G9/><T24/><D87/><U19/><E58/><V72/><F72/><W21/><G32/><T31/><D24/><U52/><E52/><V74/><F74/><W133/><G133/><T95/><REACH who="0" step="1"/><D99/><REACH who="0" ten="179,261,233,317" step="2"/><U45/><E75/><V17/><F8/><W35/><G27/><T134/><D134/><U110/><E73/><V80/><F80/><W120/><G26/><T107/><D107/><U47/><E110/><V77/><F77/><W127/><G127/><T68/><D68/><U10/><E79/><V101/><F101/><W121/><G103/><T129/><D129/><U56/><E30/><V114/><F114/><W112/><G100/><T64/><D64/><U5/><E96/><V33/><F33/><W82/><G65/><T106/><D106/><U124/><E124/><V36/><REACH who="2" step="1"/><F53/><REACH who="2" ten="179,261,223,317" step="2"/><W18/><G35/><T97/><D97/><U48/><E93/><V92/><F92/><W126/><G112/><T13/><D13/><AGARI ba="0,2" hai="13,17,23,36,42,44,62,63,76,81,86,88,89,91" machi="13" ten="40,8000,1" yaku="1,1,52,2,54,1,53,1" doraHai="57" doraHaiUra="15" who="2" fromWho="0" sc="179,-80,261,0,223,100,317,0" /><INIT seed="6,0,0,3,4,96" ten="99,261,323,317" oya="2" hai0="58,114,119,104,80,21,100,94,86,81,108,134,19" hai1="10,35,23,53,105,88,13,62,87,98,31,45,27" hai2="135,67,4,77,50,28,8,112,0,56,95,126,110" hai3="24,36,1,113,22,60,66,30,75,14,116,102,6"/><V115/><F126/><W73/><G116/><T72/><D108/><U3/><E3/><V78/><F110/><W33/><G36/><T120/><D120/><U97/><E35/><V70/><F135/><W26/><G113/><N who="2" m="43593" /><F28/><W51/><G51/><T68/><D68/><U111/><E111/><V124/><F124/><W89/><G89/><T54/><D114/><U32/><E32/><V44/><F56/><W65/><G102/><T69/><D69/><U76/><E76/><V16/><F16/><N who="3" m="10519" /><G26/><T85/><D134/><U117/><E117/><V61/><F95/><W101/><G101/><T12/><D119/><U49/><E62/><V128/><F128/><W59/><G66/><T122/><D122/><U25/><E25/><V90/><F90/><W34/><G34/><T7/><D104/><U131/><E105/><V18/><F18/><W5/><G5/><T130/><D130/><U64/><E64/><V123/><F123/><W2/><G2/><T79/><D7/><N who="1" m="3295" /><E131/><V121/><F121/><W82/><G82/><AGARI ba="0,0" hai="23,27,31,45,49,53,82,87,88,97,98" m="3295" machi="82" ten="30,2000,0" yaku="8,1,54,1" doraHai="96" who="1" fromWho="3" sc="99,0,261,20,323,0,317,-20" /><INIT seed="7,0,0,3,4,58" ten="99,281,323,297" oya="3" hai0="52,134,33,95,104,61,84,63,5,35,77,37,56" hai1="14,129,96,83,59,27,45,94,3,131,117,18,62" hai2="1,123,57,25,22,26,101,65,80,11,119,16,7" hai3="78,74,86,105,113,79,13,55,54,118,128,6,89"/><W68/><G118/><T9/><D104/><U38/><E3/><V100/><F119/><W98/><G68/><T60/><D37/><U30/><E117/><V28/><F123/><W70/><G70/><T29/><D134/><U32/><E83/><V130/><F130/><N who="1" m="49673" /><E45/><V40/><F40/><W73/><G128/><T8/><D8/><U107/><E107/><V88/><F57/><W4/><G113/><T34/><D29/><U102/><E38/><V99/><F65/><W43/><G43/><T23/><D23/><N who="1" m="11735" /><E59/><V42/><F42/><W87/><G105/><T122/><D122/><U2/><E2/><V49/><F49/><W66/><G66/><T19/><D19/><U41/><E41/><V91/><F80/><W92/><G13/><T17/><D17/><U75/><E75/><V112/><F112/><W47/><G47/><T82/><REACH who="0" step="1"/><D95/><REACH who="0" ten="89,281,323,297" step="2"/><U108/><E108/><V90/><F16/><W115/><G92/><T12/><AGARI ba="0,1" hai="5,9,12,33,34,35,52,56,60,61,63,77,82,84" machi="12" ten="30,16000,3" yaku="1,1,2,1,0,1,52,3,54,1,53,1" doraHai="58" doraHaiUra="72" who="0" fromWho="0" sc="89,170,281,-40,323,-40,297,-80" /><INIT seed="8,0,0,2,1,84" ten="259,241,283,217" oya="0" hai0="44,2,4,10,110,0,62,107,17,88,38,43,77" hai1="96,134,36,11,80,52,132,9,40,32,46,67,122" hai2="130,42,27,129,65,60,109,72,49,37,100,24,73" hai3="33,12,58,13,16,120,125,112,87,106,82,124,91"/><T126/><D107/><U5/><E32/><V98/><F109/><W25/><G112/><T61/><D110/><U99/><E122/><V47/><F72/><W85/><G120/><T74/><D0/><U133/><E67/><V69/><F73/><W6/><G106/><T35/><D35/><U41/><E41/><V1/><F1/><W108/><G108/><T8/><D126/><N who="3" m="48745" /><G6/><T34/><D34/><U76/><E52/><V28/><F49/><W83/><G58/><T31/><D31/><U53/><E53/><V75/><F75/><W14/><G33/><T111/><D111/><U64/><E64/><V7/><F7/><W123/><G123/><T113/><D113/><U103/><E103/><V119/><F119/><W117/><G117/><T48/><D48/><U114/><E114/><V18/><F18/><W121/><G121/><T19/><D19/><U29/><E29/><V70/><F70/><W127/><N who="3" m="48753" /><W105/><DORA hai="59" /><G105/><T66/><D66/><U26/><E5/><V54/><F54/><W56/><G56/><T23/><D10/><U128/><E11/><V93/><F28/><W63/><G63/><T78/><D62/><U39/><E9/><V57/><F69/><W15/><G25/><N who="0" m="14575" /><D61/><U94/><E26/><V131/><AGARI ba="0,0" hai="24,27,37,42,47,57,60,65,93,98,100,129,130,131" machi="131" ten="30,4000,0" yaku="0,1,19,1,52,1" doraHai="84,59" who="2" fromWho="2" sc="259,-20,241,-10,283,40,217,-10" owari="239,4.0,231,-17.0,323,42.0,207,-29.0" /></mjloggm>