<mjloggm ver="2.3"><GO type="169" lobby="0"/><UN n0="%E5%85%AC%E5%8B%99%E5%93%A1%E3%81%8F%E3%82%93" n1="%E3%82%B9%E3%82%B1%E3%83%BC%E3%82%BF%E3%83%BC" n2="%E3%83%8F%E3%82%A4%E3%83%86%E3%83%B3%E3%83%9C%E3%83%BC" n3="%E3%82%A6%E3%83%AB%E3%83%88%E3%83%A9%E7%AB%8B%E7%9B%B4" dan="17,17,16,18" rate="2129.47,2220.90,2114.68,2216.49" sx="F,M,M,M"/><TAIKYOKU oya="0"/><INIT seed="0,0,0,3,5,9" ten="250,250,250,250" oya="0" hai0="96,28,93,49,68,46,43,76,129,132,70,7,114" hai1="91,1,44,100,12,123,113,67,101,104,22,74,38" hai2="8,83,40,69,112,10,118,87,21,89,65,50,32" hai3="90,126,98,133,30,35,88,18,25,36,107,119,5"/><T62/><D114/><U24/><E1/><V85/><F32/><W124/><G36/><T110/><D129/><U47/><E123/><V135/><F112/><W99/><G119/><T97/><D132/><U80/><E113/><V33/><F33/><W64/><G5/><T45/><D110/><U73/><E67/><V92/><F135/><W134/><G64/><T81/><D28/><U86/><E73/><V125/><F125/><W54/><G54/><T66/><D70/><U51/><E74/><V71/><F71/><W111/><G111/><T116/><D116/><U56/><E104/><V13/><F65/><W77/><G77/><T39/><D7/><U131/><E131/><V115/><F69/><W53/><G53/><T29/><D29/><U79/><E79/><V6/><F118/><W121/><G121/><T16/><D93/><U94/><E94/><V103/><F103/><W23/><G134/><T63/><D63/><U120/><E120/><V117/><F117/><W108/><G108/><T26/><D46/><U37/><E47/><N who="2" m="25959" /><F115/><W130/><G130/><T4/><D4/><U72/><E101/><V11/><F21/><W34/><G34/><T105/><D105/><U78/><E100/><V0/><F0/><W52/><G133/><T17/><D39/><U128/><E38/><V95/><F95/><W61/><G126/><T75/><REACH who="0" step="1"/><D26/><REACH who="0" ten="240,250,250,250" step="2"/><U42/><E24/><V48/><F48/><W60/><G107/><T15/><D15/><U58/><E37/><V109/><F109/><W2/><G25/><T14/><D14/><U19/><E128/><V20/><F13/><RYUUKYOKU ba="0,1" sc="240,15,250,15,250,-15,250,-15" hai0="16,17,43,45,49,62,66,68,75,76,81,96,97" hai1="12,19,22,42,44,51,56,58,72,78,80,86,91" /><INIT seed="0,1,1,1,0,18" ten="255,265,235,235" oya="0" hai0="86,119,57,120,41,55,125,108,134,27,0,67,71" hai1="69,98,10,115,80,4,127,63,132,126,37,49,97" hai2="25,15,77,42,84,104,128,72,133,129,11,110,12" hai3="5,22,66,117,82,118,73,26,106,121,38,6,21"/><T130/><D0/><U44/><E37/><V116/><F104/><W102/><G38/><T111/><D119/><U19/><E132/><V113/><F113/><W62/><G102/><T105/><D105/><U64/><E80/><V3/><F72/><W100/><G100/><T131/><D86/><U99/><E115/><V90/><F77/><W89/><G106/><T114/><D27/><U30/><E30/><V35/><F133/><W70/><G121/><T34/><D34/><U135/><E135/><V60/><F116/><W65/><G62/><N who="0" m="40439" /><D134/><U32/><E19/><V23/><F35/><W59/><G26/><T31/><D31/><U14/><REACH who="1" step="1"/><E32/><REACH who="1" ten="255,255,235,235" step="2"/><V107/><F128/><N who="0" m="49194" /><D114/><U52/><AGARI ba="1,2" hai="4,10,14,44,49,52,63,64,69,97,98,99,126,127" machi="52" ten="30,7900,0" yaku="1,1,0,1,54,1,53,1" doraHai="18" doraHaiUra="43" who="1" fromWho="1" sc="255,-40,255,102,235,-21,235,-21" /><INIT seed="1,0,0,3,0,103" ten="215,357,214,214" oya="1" hai0="21,17,122,134,48,100,34,38,93,54,2,89,14" hai1="82,119,37,3,111,19,78,69,26,35,41,127,74" hai2="97,29,114,5,50,106,24,117,40,15,9,62,63" hai3="47,96,52,53,113,84,32,51,57,95,101,61,59"/><U126/><E19/><V28/><F117/><W70/><G113/><T27/><D38/><U45/><E119/><V130/><F130/><W120/><G120/><T132/><D100/><U98/><E111/><V66/><F114/><W102/><G32/><T91/><D2/><U107/><E69/><V31/><F63/><W18/><G70/><T88/><D122/><U42/><E42/><V71/><F50/><W68/><G68/><T67/><D67/><U4/><E98/><V79/><F79/><W121/><G121/><T23/><D34/><U105/><E26/><V46/><F46/><W116/><G116/><T128/><D128/><U129/><E35/><N who="2" m="20871" /><F40/><W76/><G18/><T33/><D33/><U115/><E115/><V80/><F80/><N who="3" m="47111" /><G102/><AGARI ba="0,0" hai="5,9,15,29,31,62,66,71,97,102,106" m="20871" machi="102" ten="30,2000,0" yaku="25,1,52,1" doraHai="103" who="2" fromWho="3" sc="215,0,357,0,214,20,214,-20" /><INIT seed="2,0,0,4,5,110" ten="215,357,234,194" oya="2" hai0="65,39,134,7,59,80,55,14,35,19,69,0,43" hai1="102,68,53,33,38,99,116,1,124,4,9,84,16" hai2="95,13,100,30,133,115,118,126,31,83,76,73,45" hai3="135,121,62,15,40,57,112,2,75,27,49,52,32"/><V26/><F118/><W97/><G2/><T47/><D134/><U128/><E116/><V44/><F133/><W103/><G75/><T22/><D35/><U117/><E117/><V94/><F126/><W8/><G121/><T111/><D111/><U131/><E124/><V132/><F132/><W72/><G72/><T71/><D65/><U81/><E38/><V37/><F31/><W63/><G135/><T54/><D54/><U88/><E68/><V5/><F100/><W36/><G112/><T127/><D127/><U130/><E53/><V79/><F115/><W107/><G32/><T119/><D119/><U12/><E33/><V98/><F79/><W90/><G27/><T11/><REACH who="0" step="1"/><D80/><REACH who="0" ten="205,357,234,194" step="2"/><U78/><E78/><V120/><F120/><W89/><G63/><AGARI ba="0,1" hai="0,7,11,14,19,22,39,43,47,55,59,63,69,71" machi="63" ten="30,3900,0" yaku="1,1,2,1,7,1,53,0" doraHai="110" doraHaiUra="122" who="0" fromWho="3" sc="205,49,357,0,234,0,194,-39" /><INIT seed="3,0,0,3,1,108" ten="254,357,234,155" oya="3" hai0="104,56,12,123,82,89,97,70,30,127,11,61,113" hai1="92,72,60,48,39,87,58,37,122,116,59,134,76" hai2="3,41,112,109,118,75,64,18,121,47,67,131,63" hai3="93,74,49,107,57,129,35,14,132,19,128,81,91"/><W1/><G107/><T50/><D70/><U36/><E122/><V100/><F75/><W15/><G1/><T51/><D123/><U55/><E72/><V33/><F121/><W135/><G35/><T79/><D127/><U10/><E76/><V21/><F33/><W125/><G81/><T24/><D113/><U5/><E87/><V95/><F112/><W42/><G74/><T43/><D43/><U117/><E92/><V80/><F3/><W53/><G42/><T66/><D104/><U54/><REACH who="1" step="1"/><E134/><REACH who="1" ten="254,347,234,155" step="2"/><N who="3" m="51242" /><G125/><T133/><D133/><U69/><E69/><V73/><F73/><W8/><G15/><AGARI ba="0,1" hai="5,10,15,36,37,39,48,54,55,58,59,60,116,117" machi="15" ten="40,2600,0" yaku="1,1,53,1" doraHai="108" doraHaiUra="46" who="1" fromWho="3" sc="254,0,347,36,234,0,155,-26" /><INIT seed="4,0,0,5,5,23" ten="254,383,234,129" oya="0" hai0="39,110,65,2,31,20,130,43,0,92,129,106,101" hai1="53,34,33,12,41,14,96,133,56,85,116,61,54" hai2="51,91,13,36,9,70,19,22,98,89,118,107,16" hai3="112,74,75,76,100,80,119,88,77,73,83,69,125"/><T109/><D92/><U99/><E85/><V7/><F36/><W62/><G69/><T60/><D20/><U57/><E61/><V78/><F70/><W11/><G62/><T5/><D31/><U132/><REACH who="1" step="1"/><E41/><REACH who="1" ten="254,373,234,129" step="2"/><V42/><F42/><W68/><G68/><N who="0" m="42023" /><D43/><U29/><E29/><V55/><F118/><AGARI ba="0,1" hai="12,14,33,34,53,54,56,57,96,99,116,118,132,133" machi="118" ten="25,3200,0" yaku="1,1,22,2,53,0" doraHai="23" doraHaiUra="47" who="1" fromWho="2" sc="254,0,373,42,234,-32,129,0" /><INIT seed="5,0,0,1,5,34" ten="254,415,202,129" oya="1" hai0="42,19,30,121,86,67,48,122,37,101,109,45,44" hai1="73,61,92,12,108,99,27,128,66,58,6,17,118" hai2="40,3,26,72,116,68,124,91,83,4,111,49,80" hai3="112,79,36,8,41,24,52,13,53,98,32,100,5"/><U43/><E73/><V62/><F116/><W7/><G112/><T90/><D109/><U57/><E128/><V65/><F111/><W70/><G70/><T114/><D114/><U84/><E108/><V22/><F124/><W29/><G79/><T134/><D101/><U18/><E43/><V126/><F126/><W69/><G69/><T28/><D67/><U103/><E118/><V110/><F110/><W107/><REACH who="3" step="1"/><G7/><REACH who="3" ten="254,415,202,119" step="2"/><T120/><D134/><U105/><E6/><V23/><F4/><W0/><G0/><T54/><D120/><U133/><E133/><V115/><F3/><W130/><G130/><T16/><D122/><U75/><E75/><V51/><F72/><W55/><G55/><T93/><D121/><U78/><E78/><V1/><F1/><W135/><G135/><T81/><D54/><U10/><E66/><V123/><F123/><W96/><G96/><T46/><D42/><U95/><E99/><V113/><F40/><W35/><G35/><T89/><D37/><U94/><E105/><V50/><F115/><W74/><G74/><T25/><D86/><U85/><E84/><V132/><F132/><W60/><G60/><T102/><D48/><U14/><E61/><V63/><F63/><W64/><G64/><T21/><D46/><AGARI ba="0,1" hai="5,8,13,24,29,32,36,41,46,52,53,98,100,107" machi="46" ten="40,5200,0" yaku="1,1,54,1,53,1" doraHai="34" doraHaiUra="39" who="3" fromWho="0" sc="254,-52,415,0,202,0,119,62" /><INIT seed="6,0,0,0,2,19" ten="202,415,202,181" oya="2" hai0="12,65,9,61,52,70,76,56,77,107,59,36,50" hai1="73,66,100,118,20,37,121,130,91,63,117,58,102" hai2="49,81,69,17,75,14,3,83,92,113,18,33,134" hai3="80,87,106,13,22,108,25,111,41,96,53,10,127"/><V64/><F3/><W85/><G127/><T47/><D107/><U97/><E73/><V57/><F33/><W94/><G106/><T89/><D89/><U115/><E37/><V27/><F69/><W126/><G126/><T15/><D15/><U4/><E4/><V74/><F74/><W104/><G104/><T60/><D36/><U26/><E115/><V11/><F113/><W40/><G53/><N who="0" m="29919" /><D70/><U38/><E130/><V29/><F29/><N who="3" m="17591" /><G111/><T43/><D43/><N who="3" m="16457" /><G80/><T110/><D110/><U34/><E38/><V55/><F75/><W21/><G108/><T122/><D122/><U44/><E34/><V0/><F0/><W79/><G79/><T95/><D95/><U78/><E78/><V62/><F134/><W35/><G35/><T123/><D123/><U72/><E72/><V119/><F119/><W86/><G10/><T84/><D84/><U23/><E121/><V54/><F92/><W5/><G5/><AGARI ba="0,0" hai="5,9,12,52,56,59,60,61,65,76,77" m="29919" machi="5" ten="30,2000,0" yaku="8,1,54,1" doraHai="19" who="0" fromWho="3" sc="202,20,415,0,202,0,181,-20" /><INIT seed="7,0,0,2,4,122" ten="222,415,202,161" oya="3" hai0="25,17,21,131,100,91,30,37,85,107,12,50,127" hai1="93,75,109,53,110,117,86,134,115,11,2,23,111" hai2="13,113,48,61,19,71,89,0,14,128,95,69,114" hai3="56,80,51,130,116,8,33,108,22,76,40,101,123"/><W121/><G33/><T39/><D127/><U58/><E75/><V126/><F0/><W10/><G116/><T70/><D70/><U18/><E117/><V49/><F126/><W99/><G123/><T81/><D131/><U55/><E115/><V29/><F29/><W135/><G130/><T102/><D50/><U88/><E134/><V16/><F128/><W27/><G121/><T98/><D102/><U34/><E34/><AGARI ba="0,0" hai="12,17,21,25,30,34,37,39,81,85,91,98,100,107" machi="34" ten="30,1000,0" yaku="7,1" doraHai="122" who="0" fromWho="1" sc="222,10,415,-10,202,0,161,0" owari="232,3.0,405,51.0,202,-20.0,161,-34.0" /></mjloggm>