<mjloggm ver="2.3"><GO type="169" lobby="0"/><UN n0="%67%6F%75%73%69" n1="%E5%BF%83%E6%BB%85" n2="%E5%B0%B1%E6%B4%BB%E7%94%9F%40%E5%B7%9D%E6%9D%91%E8%BB%8D%E5%9B%A3" n3="%E9%9A%A0%E5%9C%B0%E5%89%8D" dan="17,17,17,16" rate="2218.24,2188.39,2215.76,2175.20" sx="M,M,M,M"/><TAIKYOKU oya="0"/><INIT seed="0,0,0,3,5,79" ten="250,250,250,250" oya="0" hai0="135,117,38,63,34,48,92,81,18,127,28,112,60" hai1="66,64,77,87,40,65,35,134,56,29,70,14,71" hai2="74,9,4,121,42,94,30,132,83,47,78,22,88" hai3="133,15,3,108,80,32,131,23,72,122,1,0,51"/><T96/><D117/><U106/><E106/><V86/><F132/><W8/><G122/><T110/><D38/><U67/><E134/><V128/><F128/><W7/><G133/><T91/><D112/><U13/><E40/><V69/><F121/><W44/><G108/><T16/><D135/><U12/><E35/><V90/><F69/><W24/><G32/><T5/><D127/><U75/><E75/><V103/><F103/><W39/><G39/><T45/><D5/><U85/><E29/><V107/><F107/><W37/><G37/><T82/><D110/><U97/><E97/><V119/><F119/><W102/><G102/><T57/><D28/><U25/><E25/><V10/><F90/><W26/><G131/><T62/><D57/><U95/><E95/><V123/><F123/><W125/><G125/><T33/><D33/><U111/><E111/><V105/><F105/><W2/><G2/><T113/><D34/><U43/><E43/><V19/><F30/><W53/><G23/><T73/><D73/><U50/><E87/><V36/><REACH who="2" step="1"/><F4/><REACH who="2" ten="250,250,240,250" step="2"/><W59/><REACH who="3" step="1"/><G44/><REACH who="3" ten="250,250,240,240" step="2"/><T120/><D120/><U61/><E71/><V93/><F93/><W104/><G104/><T46/><D46/><U101/><E101/><V54/><F54/><W41/><G41/><N who="0" m="24623" /><D113/><U58/><E70/><V76/><F76/><AGARI ba="0,2" hai="0,1,3,7,8,15,24,26,51,53,59,72,76,80" machi="76" ten="40,2600,0" yaku="1,1,52,1,53,0" doraHai="79" doraHaiUra="124" who="3" fromWho="2" sc="250,0,250,0,240,-26,240,46" /><INIT seed="1,0,0,2,3,129" ten="250,250,214,286" oya="1" hai0="89,84,50,2,127,37,85,82,126,104,87,80,100" hai1="23,5,111,62,59,79,72,29,96,39,35,108,9" hai2="58,91,36,63,15,97,13,128,65,18,98,132,8" hai3="56,33,133,48,90,102,73,94,14,68,42,34,32"/><U1/><E39/><V71/><F128/><W119/><G68/><T113/><D37/><U123/><E123/><V120/><F36/><W38/><G73/><T21/><D2/><U30/><E35/><V17/><F120/><W125/><G119/><T25/><D113/><U60/><E72/><V109/><F109/><N who="1" m="42057" /><E79/><V106/><F132/><W6/><G125/><N who="0" m="47627" /><D50/><U51/><E96/><V74/><F74/><W131/><G102/><T112/><D112/><U67/><E51/><V40/><F40/><W121/><G131/><T88/><D100/><U99/><E99/><V101/><F97/><W0/><G121/><T77/><D104/><U7/><E7/><V49/><F91/><N who="0" m="34890" /><D77/><U95/><E95/><V31/><F49/><W103/><G94/><T20/><D25/><U78/><E78/><V16/><F71/><W10/><G103/><T54/><D54/><U75/><E75/><V66/><F66/><W115/><G38/><T53/><D53/><U117/><E62/><V124/><F124/><W86/><G90/><T81/><AGARI ba="0,0" hai="20,21,80,81,82,84,85,87" m="34890,47627" machi="81" ten="40,8000,1" yaku="28,2,18,1,54,1" doraHai="129" who="0" fromWho="0" sc="250,80,250,-40,214,-20,286,-20" /><INIT seed="2,0,0,2,4,29" ten="330,210,194,266" oya="2" hai0="117,68,86,4,52,126,119,33,73,6,27,112,125" hai1="16,25,122,69,15,83,70,55,3,65,132,24,104" hai2="13,110,5,7,8,58,51,14,103,99,53,107,40" hai3="0,67,84,115,75,54,45,17,62,81,23,127,36"/><V101/><F110/><W129/><G115/><T96/><D73/><U18/><E3/><V124/><F124/><N who="0" m="47722" /><D68/><U39/><E39/><V43/><REACH who="2" step="1"/><F101/><REACH who="2" ten="330,210,184,266" step="2"/><W37/><G127/><T128/><D112/><U98/><E122/><V21/><F21/><W102/><G102/><T64/><D119/><U131/><E131/><V106/><F106/><W116/><G129/><T91/><D117/><U82/><E104/><V123/><F123/><W47/><G116/><T26/><D128/><U100/><E100/><V22/><F22/><W78/><G37/><T85/><D64/><U72/><E65/><V32/><F32/><W61/><G36/><T113/><D33/><U77/><E132/><V12/><F12/><W1/><G0/><T19/><D113/><U11/><E15/><V66/><F66/><W48/><G1/><T121/><D121/><U50/><E70/><V34/><F34/><W87/><G67/><T88/><D27/><U130/><E69/><V42/><F42/><W20/><G20/><T74/><D26/><U135/><E25/><V79/><F79/><W59/><G23/><T57/><D91/><U89/><E24/><V30/><F30/><W31/><G31/><T71/><D88/><U118/><E118/><V92/><F92/><W95/><G95/><T120/><D71/><U108/><E135/><V133/><F133/><W38/><G38/><T76/><D76/><U46/><E130/><V97/><F97/><W2/><G2/><T111/><D96/><U114/><E114/><V93/><F93/><W35/><G35/><T44/><D120/><U63/><E98/><RYUUKYOKU ba="0,1" sc="330,-10,210,-10,184,30,266,-10" hai2="5,7,8,13,14,40,43,51,53,58,99,103,107" /><INIT seed="2,1,1,4,2,8" ten="320,200,214,256" oya="2" hai0="39,127,51,72,91,5,87,71,17,94,114,45,35" hai1="132,106,96,108,33,73,120,7,57,34,27,30,102" hai2="56,58,85,112,89,111,23,124,134,21,86,55,10" hai3="13,78,37,66,131,40,60,122,42,54,79,4,48"/><V32/><F112/><W84/><G122/><T123/><D114/><U36/><E120/><V62/><F32/><W67/><G131/><T46/><D71/><U6/><E34/><V64/><F124/><W63/><G37/><T76/><D35/><U129/><E36/><V88/><F134/><W22/><G84/><T9/><D123/><U77/><E129/><V126/><F126/><W128/><G128/><T90/><D127/><U18/><E132/><V20/><F111/><W28/><G28/><T80/><D17/><U107/><E107/><V81/><F10/><N who="3" m="4295" /><G22/><T115/><D115/><U83/><E108/><V75/><F75/><W25/><G25/><T59/><D91/><U93/><E18/><V110/><F110/><W105/><G105/><T41/><D59/><U29/><E29/><V116/><F116/><W53/><G79/><T65/><D65/><N who="3" m="24585" /><G78/><T103/><D103/><U16/><E57/><V92/><REACH who="2" step="1"/><F21/><REACH who="2" ten="320,200,204,256" step="2"/><W26/><G26/><T125/><D125/><U12/><E106/><V49/><AGARI ba="1,2" hai="20,23,49,55,56,58,62,64,81,85,86,88,89,92" machi="49" ten="20,18000,2" yaku="1,1,2,1,0,1,7,1,8,1,54,1,53,0" doraHai="8" doraHaiUra="2" who="2" fromWho="2" sc="320,-61,200,-61,204,203,256,-61" /><INIT seed="2,2,0,2,2,38" ten="259,139,407,195" oya="2" hai0="62,56,2,61,72,29,71,96,94,27,12,113,39" hai1="5,106,15,8,120,59,98,76,101,32,110,36,90" hai2="33,111,51,100,3,117,54,44,66,89,95,134,121" hai3="57,84,85,65,0,43,118,67,82,129,25,77,16"/><V19/><F117/><W55/><G118/><T86/><D72/><U128/><E32/><V1/><F121/><W14/><G129/><T45/><D2/><U116/><E116/><V53/><F134/><W87/><G0/><T34/><D113/><U107/><E107/><V31/><F100/><W47/><G25/><T133/><D133/><U103/><E128/><V23/><F66/><W58/><G67/><T104/><D71/><U4/><E76/><V28/><F111/><W79/><G65/><T7/><D104/><U132/><E103/><V115/><F115/><W64/><G64/><T13/><D86/><U6/><E132/><V35/><F35/><W42/><G47/><T17/><D7/><U126/><E126/><V102/><F102/><W40/><G57/><T50/><D39/><U68/><E68/><V131/><F131/><W108/><G108/><T135/><D56/><U119/><E119/><V74/><F74/><W112/><G82/><T124/><D13/><U24/><E120/><V114/><F114/><W73/><G73/><T70/><D124/><U81/><E36/><V97/><F3/><W26/><G26/><T21/><D70/><U92/><E110/><V75/><F1/><W46/><G46/><T63/><D135/><U99/><E59/><V52/><F75/><W127/><G112/><T78/><D78/><U122/><E122/><V88/><F89/><W69/><G69/><T109/><D109/><U41/><E90/><V20/><F33/><W48/><G127/><T125/><D125/><U18/><E101/><V123/><F123/><W93/><G93/><RYUUKYOKU ba="2,0" sc="259,-10,139,-10,407,-10,195,30" hai3="14,16,40,42,43,48,55,58,77,79,84,85,87" /><INIT seed="3,3,0,5,4,74" ten="249,129,397,225" oya="3" hai0="29,20,57,15,33,88,117,75,22,90,97,107,7" hai1="127,100,62,72,116,68,123,113,61,11,19,81,111" hai2="92,56,18,43,42,8,32,73,60,9,10,135,70" hai3="16,31,133,48,101,86,50,41,98,35,105,104,112"/><W40/><G112/><T106/><D75/><U108/><E123/><V4/><F135/><W65/><G133/><T2/><D2/><U134/><E113/><V124/><F124/><W69/><G104/><T82/><D33/><U0/><E134/><V91/><F70/><W23/><G86/><T77/><D57/><U96/><E127/><V47/><F73/><W64/><G48/><T94/><D117/><U131/><E116/><V63/><F32/><W55/><G35/><T58/><D58/><U128/><E19/><V3/><F18/><W34/><G34/><T49/><D49/><U36/><E36/><V53/><F63/><W39/><G31/><T26/><D106/><U118/><E118/><V24/><F24/><W83/><G83/><T17/><D107/><N who="1" m="63879" /><E11/><V103/><F103/><W27/><G39/><T45/><D45/><U125/><E0/><V78/><F78/><W80/><G80/><T89/><D7/><U52/><E68/><V38/><F43/><W30/><G30/><T93/><D94/><U25/><E125/><V44/><F44/><W84/><G84/><AGARI ba="3,0" hai="3,4,8,9,10,38,42,47,53,56,60,84,91,92" machi="84" ten="30,1000,0" yaku="7,1" doraHai="74" who="2" fromWho="3" sc="249,0,129,0,397,19,225,-19" /><INIT seed="4,0,0,3,0,107" ten="249,129,416,206" oya="0" hai0="23,94,120,76,50,53,102,25,3,14,111,85,24" hai1="128,75,90,41,125,21,116,15,10,56,8,37,13" hai2="88,27,127,28,96,80,131,52,105,67,26,133,0" hai3="110,62,122,118,78,33,6,46,92,54,74,69,73"/><T124/><D3/><U65/><E116/><V77/><F0/><W61/><G118/><T59/><D120/><U101/><E101/><V87/><F131/><W98/><G110/><T119/><D119/><U89/><E21/><V60/><F127/><W51/><G33/><T49/><D124/><U42/><E125/><V32/><F133/><W72/><G122/><T40/><D111/><U112/><E128/><V86/><F27/><W95/><G6/><T17/><D76/><U4/><E112/><V70/><F52/><W106/><G106/><T20/><D20/><U44/><E42/><V48/><F48/><W104/><G104/><T68/><D68/><U64/><E75/><V45/><F45/><W7/><G78/><T108/><D108/><U22/><E22/><V113/><F113/><W114/><G114/><T91/><D102/><U11/><E11/><V99/><REACH who="2" step="1"/><F105/><REACH who="2" ten="249,129,406,206" step="2"/><W66/><G62/><T82/><D82/><AGARI ba="0,1" hai="26,28,32,60,67,70,77,80,82,86,87,88,96,99" machi="82" ten="30,7700,0" yaku="1,1,2,1,7,1,54,1,53,0" doraHai="107" doraHaiUra="109" who="2" fromWho="0" sc="249,-77,129,0,406,87,206,0" /><INIT seed="5,0,0,2,1,60" ten="172,129,493,206" oya="1" hai0="45,35,48,131,41,107,119,46,134,4,93,71,44" hai1="49,21,128,33,125,53,100,101,68,99,129,90,3" hai2="58,27,51,0,94,5,9,7,78,32,19,73,18" hai3="102,25,86,112,127,97,40,30,55,121,13,77,65"/><U37/><E33/><V85/><F7/><W12/><G121/><T126/><D107/><U80/><E37/><V83/><F32/><W105/><G112/><T1/><D35/><U75/><E3/><V50/><F27/><W88/><G127/><T122/><D1/><U98/><E125/><V96/><F73/><W115/><G115/><T92/><D4/><U57/><E68/><V63/><F50/><W111/><G111/><T87/><D126/><U6/><E6/><V70/><F51/><W81/><G40/><T42/><D119/><U76/><E90/><V24/><F70/><W69/><G55/><T26/><D71/><U72/><E72/><V106/><F24/><W14/><G69/><T124/><D124/><U113/><E21/><V38/><F106/><W15/><N who="3" m="3072" /><DORA hai="123" /><W84/><G65/><T43/><D48/><U79/><E79/><V2/><F2/><W117/><G117/><T82/><D26/><U104/><REACH who="1" step="1"/><E113/><REACH who="1" ten="172,119,493,206" step="2"/><V132/><F38/><W59/><G86/><T34/><D34/><U66/><E66/><V22/><F22/><W130/><G77/><T135/><D122/><U91/><E91/><V89/><F132/><W11/><G11/><T103/><D134/><U74/><E74/><V133/><F133/><W95/><G25/><T52/><D135/><U10/><E10/><V110/><F110/><W8/><G8/><T56/><D87/><U29/><E29/><V118/><F118/><W114/><G30/><T23/><D23/><U67/><E67/><AGARI ba="0,1" hai="0,5,9,18,19,58,63,67,78,83,85,89,94,96" machi="67" ten="30,2000,0" yaku="7,1,52,1" doraHai="60,123" who="2" fromWho="1" sc="172,0,119,-20,493,30,206,0" /><INIT seed="6,0,0,5,3,96" ten="172,99,523,206" oya="2" hai0="17,122,4,28,107,110,54,97,26,29,45,111,59" hai1="18,53,14,23,117,57,5,71,81,115,31,108,47" hai2="56,22,119,41,0,99,88,78,49,8,82,63,39" hai3="121,76,33,118,124,83,92,37,40,62,93,36,30"/><V120/><F120/><W80/><G121/><T70/><D122/><U91/><E117/><V101/><F119/><W130/><G118/><T113/><D70/><U103/><E108/><V25/><F39/><W133/><G124/><T112/><D4/><U34/><E71/><V131/><F131/><W35/><G130/><T98/><D45/><U100/><E115/><N who="0" m="44105" /><D17/><U3/><E47/><V135/><F135/><W7/><G7/><T24/><D24/><N who="1" m="18791" /><E91/><V2/><F49/><W95/><G30/><N who="0" m="11883" /><D26/><U55/><E81/><V123/><F41/><W11/><G133/><T51/><D107/><U38/><E38/><V87/><F123/><W27/><G40/><T125/><D125/><U106/><E106/><V105/><F78/><W114/><G27/><T50/><D50/><N who="1" m="30903" /><E55/><V69/><F69/><W15/><G114/><T104/><D104/><U79/><E79/><V16/><F8/><AGARI ba="0,0" hai="3,5,8,14,18,23,100,103" m="30903,18791" machi="8" ten="30,3900,0" yaku="24,1,52,2" doraHai="96" who="1" fromWho="2" sc="172,0,99,39,523,-39,206,0" /><INIT seed="7,0,0,5,3,118" ten="172,138,484,206" oya="3" hai0="98,59,85,25,105,103,69,107,41,108,104,65,82" hai1="14,96,35,113,19,135,130,67,97,126,86,47,54" hai2="36,93,51,7,50,28,89,16,29,84,58,22,115" hai3="122,132,91,106,133,119,52,95,99,39,87,21,32"/><W66/><G119/><T131/><D108/><U30/><E113/><V8/><F36/><W0/><G32/><T120/><D120/><U20/><E135/><N who="3" m="51786" /><G0/><T24/><D69/><U92/><E130/><V13/><F115/><W129/><G129/><T9/><D131/><U79/><E126/><V109/><F109/><W60/><G39/><T15/><D41/><U100/><E67/><V125/><F125/><W72/><G72/><T40/><D40/><U102/><E35/><V2/><F51/><W55/><G21/><T62/><D104/><U124/><E124/><V81/><F81/><N who="3" m="49647" /><G122/><T23/><D105/><U27/><E79/><V17/><F17/><W3/><G3/><T5/><REACH who="0" step="1"/><D23/><REACH who="0" ten="162,138,484,206" step="2"/><U44/><E86/><V71/><F71/><N who="3" m="42439" /><G106/><T38/><D38/><U31/><E54/><AGARI ba="0,1" hai="2,7,8,13,16,22,28,29,50,54,58,84,89,93" machi="54" ten="40,5200,0" yaku="25,2,54,1" doraHai="118" who="2" fromWho="1" sc="162,0,138,-52,484,62,206,0" owari="162,-24.0,86,-41.0,546,64.0,206,1.0" /></mjloggm>