<mjloggm ver="2.3"><GO type="169" lobby="0"/><UN n0="%E3%81%BF%E3%81%8B%E3%82%93%EF%BC%A0%E3%82%8F%E3%81%8B%E3%82%81%E3%81%A6" n1="%E3%81%86%E3%81%A0%E3%81%A3%E3%81%B7" n2="%E5%B0%B1%E6%B4%BB%E7%94%9F%40%E5%B7%9D%E6%9D%91%E8%BB%8D%E5%9B%A3" n3="%E6%B0%B7%E6%9F%B1" dan="17,17,17,16" rate="2237.36,2134.44,2175.31,2102.53" sx="M,M,M,M"/><TAIKYOKU oya="0"/><INIT seed="0,0,0,5,0,110" ten="250,250,250,250" oya="0" hai0="0,107,64,28,104,93,120,74,47,115,13,11,75" hai1="56,39,111,45,88,24,118,123,25,21,19,114,85" hai2="59,58,68,10,83,125,101,129,102,15,128,72,42" hai3="26,44,37,53,14,51,4,135,61,105,27,43,76"/><T2/><D120/><U113/><E111/><V7/><F68/><W33/><G135/><T86/><D64/><U96/><E123/><V87/><F72/><W116/><G116/><T92/><D28/><U48/><E118/><V134/><F134/><W127/><G105/><T50/><D74/><U121/><E121/><V132/><F132/><W5/><G61/><T99/><D75/><U133/><E133/><V20/><F42/><W130/><G127/><T67/><D67/><U84/><E39/><V36/><F36/><W109/><G109/><T54/><D104/><U73/><E73/><V31/><F125/><W95/><G76/><T55/><D107/><U122/><E56/><V17/><F31/><W79/><G79/><T32/><D32/><U1/><E1/><V12/><F59/><W23/><G130/><N who="2" m="50281" /><F58/><W119/><G95/><T124/><D124/><U106/><E24/><V131/><N who="2" m="50289" /><V41/><DORA hai="6" /><F41/><W34/><G33/><T81/><D55/><N who="1" m="30095" /><E122/><V57/><F57/><W18/><G119/><T49/><D49/><U52/><E52/><V8/><F8/><W29/><G27/><T100/><D93/><N who="1" m="56359" /><E106/><V90/><AGARI ba="0,0" hai="7,10,12,15,17,20,83,87,90,101,102" m="50289" machi="90" ten="40,2700,0" yaku="19,1,52,1" doraHai="110,6" who="2" fromWho="2" sc="250,-13,250,-7,250,27,250,-7" /><INIT seed="1,0,0,3,4,79" ten="237,243,277,243" oya="1" hai0="91,22,77,35,104,51,133,0,6,71,125,33,94" hai1="118,67,99,97,98,11,8,44,18,31,122,28,52" hai2="39,114,90,134,41,12,46,4,32,119,93,14,43" hai3="13,48,73,58,84,42,86,110,83,68,50,20,124"/><U69/><E122/><V59/><F119/><W116/><G68/><T115/><D115/><U9/><E118/><V111/><F32/><W60/><G116/><T126/><D104/><U113/><E113/><V61/><F114/><W129/><G110/><T15/><D71/><U17/><E69/><V78/><F111/><W109/><G109/><T19/><D133/><U88/><E67/><V81/><F43/><W130/><G73/><T102/><D102/><U16/><E88/><V66/><F4/><W112/><G86/><N who="0" m="52599" /><D77/><U132/><E132/><V120/><F134/><W117/><G124/><N who="0" m="47723" /><D51/><AGARI ba="0,0" hai="8,9,11,16,17,18,28,31,44,51,52,97,98,99" machi="51" ten="50,12000,1" yaku="29,2,8,1,54,2" doraHai="79" who="1" fromWho="0" sc="237,-120,243,120,277,0,243,0" /><INIT seed="1,1,0,1,0,92" ten="117,363,277,243" oya="1" hai0="34,126,100,130,31,102,118,109,33,56,39,79,54" hai1="38,97,0,1,76,75,91,47,22,55,80,98,123" hai2="69,135,81,10,124,26,59,107,40,60,49,41,66" hai3="42,127,82,37,58,21,19,115,104,108,18,61,7"/><U94/><E123/><V32/><F107/><W116/><G115/><T51/><D118/><U5/><E22/><V72/><F124/><W70/><G70/><T9/><D39/><U43/><E55/><V110/><F110/><W11/><G108/><T103/><D109/><U132/><E132/><V87/><F72/><W111/><G111/><T125/><D130/><U88/><E5/><V53/><F135/><W99/><G127/><N who="0" m="48651" /><D31/><U86/><REACH who="1" step="1"/><E98/><REACH who="1" ten="117,353,277,243" step="2"/><V90/><F10/><W52/><G7/><T44/><D44/><U112/><E112/><V24/><F32/><W73/><G116/><T46/><D46/><U64/><E64/><V95/><F40/><W3/><G42/><T83/><D9/><U133/><E133/><V74/><F41/><W101/><G11/><T93/><D93/><AGARI ba="1,1" hai="0,1,38,43,47,75,76,80,86,88,91,93,94,97" machi="93" ten="30,11600,0" yaku="1,1,7,1,52,1,54,1,53,0" doraHai="92" doraHaiUra="113" who="1" fromWho="0" sc="117,-119,353,129,277,0,243,0" owari="-2,-50.0,482,58.0,277,8.0,243,-16.0" /></mjloggm>