<mjloggm ver="2.3"><GO type="225" lobby="0"/><UN n0="%E3%82%A6%E3%83%AB%E3%83%88%E3%83%A9%E7%AB%8B%E7%9B%B4" n1="%E5%AE%AE%E5%AD%90" n2="%E3%82%A8%E3%83%AB%E3%82%AD%E3%83%81" n3="%E5%B0%8F%E5%B6%BA%E5%B9%B8%40" dan="18,16,17,16" rate="2168.07,2113.55,2223.75,2094.30" sx="M,M,M,F"/><TAIKYOKU oya="0"/><INIT seed="0,0,0,3,4,118" ten="250,250,250,250" oya="0" hai0="50,5,112,120,15,32,70,61,132,28,51,116,131" hai1="93,33,8,58,49,26,63,113,29,82,43,3,17" hai2="86,27,55,119,38,40,11,94,1,76,39,25,110" hai3="10,18,123,115,4,74,117,54,20,88,90,69,19"/><T95/><D116/><U62/><E113/><V127/><F119/><W100/><G117/><T72/><D112/><U60/><E82/><V85/><F55/><W101/><G115/><T71/><D72/><U45/><E93/><V53/><F53/><W77/><G69/><T105/><D105/><U7/><REACH who="1" step="1"/><E17/><REACH who="1" ten="250,240,250,250" step="2"/><V14/><F94/><W46/><G19/><T2/><D95/><U68/><E68/><V56/><F127/><W34/><G18/><T109/><D71/><U6/><E6/><V81/><F110/><W22/><G74/><T89/><D5/><U99/><E99/><V92/><F92/><W9/><G4/><T128/><D70/><U41/><E41/><V91/><F40/><W98/><G98/><T48/><D109/><U36/><E36/><V114/><F39/><W135/><G100/><T134/><D131/><U12/><E12/><V59/><F38/><W24/><G101/><T121/><D15/><U130/><E130/><V42/><F42/><W80/><G80/><T16/><D16/><U35/><E35/><V97/><F97/><W107/><G34/><T37/><D37/><U75/><E75/><V129/><F129/><W79/><G107/><T65/><D128/><U21/><E21/><V102/><F102/><W96/><G96/><T73/><D73/><U67/><AGARI ba="0,1" hai="3,7,8,26,29,33,43,45,49,58,60,62,63,67" machi="67" ten="20,2700,0" yaku="1,1,0,1,7,1,53,0" doraHai="118" doraHaiUra="103" who="1" fromWho="1" sc="250,-13,240,37,250,-7,250,-7" /><INIT seed="1,0,0,4,0,26" ten="237,277,243,243" oya="1" hai0="43,87,133,8,11,57,67,12,113,3,100,97,10" hai1="96,132,69,23,75,101,28,45,68,79,62,38,22" hai2="59,78,127,105,103,56,91,81,72,112,89,34,60" hai3="17,58,65,82,120,50,119,64,20,94,117,36,71"/><U32/><E132/><V5/><F127/><W42/><G120/><T52/><D113/><U104/><E22/><V124/><F124/><W98/><G82/><T40/><D133/><U128/><E23/><V90/><F112/><W86/><G86/><T83/><D67/><N who="1" m="41079" /><E128/><V77/><F77/><W37/><G37/><T74/><D74/><U121/><E121/><V134/><F134/><W9/><G9/><T19/><D3/><U123/><E123/><V108/><F108/><W35/><G35/><T114/><D114/><U44/><E69/><V115/><F115/><W110/><G110/><T31/><D31/><U6/><E6/><V1/><F34/><W118/><G36/><T88/><D10/><U99/><E99/><V53/><F5/><W130/><G71/><T0/><D8/><U15/><E15/><V131/><F1/><W107/><G107/><T76/><D76/><U48/><E48/><V111/><F111/><W125/><G125/><T27/><D27/><N who="1" m="18463" /><E38/><V33/><F33/><W126/><G126/><T4/><D4/><U70/><E70/><V29/><F29/><W30/><G130/><T122/><D0/><U51/><E51/><V49/><F131/><W47/><G58/><T61/><REACH who="0" step="1"/><D122/><REACH who="0" ten="227,277,243,243" step="2"/><U66/><E66/><N who="2" m="39175" /><F78/><W92/><G30/><T102/><D102/><U54/><E79/><N who="2" m="44263" /><F103/><W109/><G109/><T7/><D7/><U80/><E75/><V93/><F90/><N who="3" m="55575" /><G64/><T24/><D24/><U21/><E101/><V14/><F91/><W116/><G65/><T16/><D16/><U135/><E135/><V25/><F25/><N who="3" m="14479" /><G119/><T13/><D13/><RYUUKYOKU ba="0,1" sc="227,15,277,-15,243,-15,243,15" hai0="11,12,19,40,43,52,57,61,83,87,88,97,100" hai3="42,47,50,94,116,117,118" /><INIT seed="2,1,1,4,1,62" ten="242,262,228,258" oya="2" hai0="34,81,43,25,65,78,123,96,101,98,38,57,108" hai1="102,100,73,99,49,2,125,90,71,106,17,77,72" hai2="20,127,110,121,92,132,117,52,115,118,75,28,56" hai3="4,29,35,61,86,84,14,45,135,63,68,51,32"/><V122/><F75/><W21/><G135/><T18/><D123/><N who="2" m="47114" /><F92/><W12/><G68/><T3/><D3/><U0/><E71/><V133/><F28/><W30/><G4/><T79/><D108/><U116/><E116/><N who="2" m="44651" /><F20/><W76/><G76/><T5/><D5/><U87/><E125/><V128/><F115/><W53/><G35/><T120/><D98/><U74/><E100/><V111/><F128/><W107/><G107/><T69/><D18/><U119/><E119/><V134/><F127/><W66/><G32/><T36/><D79/><U44/><E17/><V93/><F93/><W104/><G104/><T130/><D130/><U19/><E19/><V15/><F15/><W60/><G66/><T26/><D65/><U16/><E16/><V1/><F1/><W80/><G86/><T50/><D78/><U94/><E77/><V6/><F6/><W54/><G21/><T7/><D34/><U58/><E0/><V48/><AGARI ba="1,1" hai="48,52,56,110,111,132,133,134" m="44651,47114" machi="48" ten="50,12000,1" yaku="20,1,34,2,54,1" doraHai="62" who="2" fromWho="2" sc="242,-41,262,-41,228,133,258,-41" /><INIT seed="2,2,0,0,0,113" ten="201,221,361,217" oya="2" hai0="117,43,109,66,125,31,81,100,133,85,121,96,87" hai1="8,126,50,38,93,24,108,76,18,135,79,127,119" hai2="97,35,89,128,123,91,99,74,20,71,56,132,54" hai3="129,30,55,17,90,42,61,52,92,0,40,116,122"/><V88/><F35/><W49/><G122/><T21/><D121/><U4/><E38/><V14/><F123/><W102/><G0/><T33/><D33/><U68/><E68/><V22/><F74/><W15/><G129/><T69/><D109/><U115/><E115/><V32/><F32/><W112/><G112/><T86/><D125/><U36/><E36/><V16/><F71/><W23/><G116/><T82/><D133/><U95/><E108/><V11/><F128/><W64/><G102/><T41/><D117/><U110/><E110/><V67/><F67/><W107/><G30/><T70/><D70/><U53/><E135/><V104/><F132/><W84/><G107/><T72/><D72/><U48/><E119/><V44/><F44/><W118/><G118/><T57/><D69/><U13/><E48/><N who="2" m="30791" /><F104/><W83/><G55/><T3/><D3/><U63/><E63/><V34/><F34/><W131/><G131/><T47/><D47/><N who="1" m="27871" /><E127/><V28/><F28/><W45/><G83/><N who="0" m="31755" /><D57/><AGARI ba="2,0" hai="15,17,23,40,42,45,49,52,57,61,64,84,90,92" machi="57" ten="30,3900,0" yaku="7,1,8,1,54,1" doraHai="113" who="3" fromWho="0" sc="201,-45,221,0,361,0,217,45" /><INIT seed="3,0,0,0,0,59" ten="156,221,361,262" oya="3" hai0="29,110,46,128,33,62,88,48,72,78,75,117,86" hai1="32,106,49,130,113,67,52,94,120,85,84,109,15" hai2="64,50,13,43,74,58,93,28,95,99,107,0,83" hai3="104,65,31,133,105,23,98,91,37,27,134,123,55"/><W45/><G123/><T18/><D117/><U71/><E106/><V119/><F0/><W5/><G5/><T66/><D128/><U19/><E113/><V101/><F28/><W80/><G65/><T34/><D110/><U3/><E3/><V6/><F64/><W97/><G80/><T63/><D78/><U22/><E120/><V35/><F35/><W129/><G129/><T103/><D103/><U47/><E32/><V26/><F26/><W131/><G131/><T30/><D66/><U108/><E130/><V127/><F127/><W41/><G55/><N who="0" m="30103" /><D75/><U57/><E71/><V38/><F38/><W100/><G91/><T135/><D72/><U21/><E21/><V1/><F101/><AGARI ba="0,0" hai="23,27,31,37,41,45,97,98,100,101,104,105,133,134" machi="101" ten="40,2000,0" yaku="9,1" doraHai="59" who="3" fromWho="2" sc="156,0,221,0,361,-20,262,20" /><INIT seed="3,1,0,1,1,1" ten="156,221,341,282" oya="3" hai0="108,7,49,86,45,42,125,76,100,135,25,9,106" hai1="91,50,48,127,34,27,69,15,95,6,62,24,112" hai2="33,18,74,122,60,30,110,14,22,38,21,23,124" hai3="85,120,46,16,81,80,35,52,117,36,132,32,101"/><W96/><G120/><T87/><D108/><U43/><E112/><V98/><F74/><W109/><G117/><T102/><D125/><U8/><E127/><V123/><F124/><W105/><G109/><T40/><D135/><U83/><E83/><V92/><F110/><W56/><G132/><T116/><D116/><U70/><E70/><V63/><F38/><W65/><G65/><T130/><D130/><U55/><E69/><V73/><F73/><W79/><G81/><T131/><D131/><U3/><E3/><V58/><F33/><W118/><G118/><T71/><D71/><U53/><E43/><V103/><F60/><W78/><G78/><T119/><D119/><U0/><E0/><V2/><F2/><W47/><G16/><T113/><D113/><U94/><E62/><V88/><F88/><W126/><G126/><T59/><D106/><U111/><E95/><V115/><F115/><W51/><G36/><T72/><D72/><U13/><E13/><V57/><F57/><W54/><REACH who="3" step="1"/><G46/><REACH who="3" ten="156,221,341,272" step="2"/><T5/><D76/><U93/><E111/><V133/><F133/><W84/><G84/><N who="0" m="32299" /><D9/><U104/><E8/><V11/><REACH who="2" step="1"/><F30/><REACH who="2" ten="156,221,331,272" step="2"/><W31/><G31/><T68/><D68/><U19/><E48/><AGARI ba="1,2" hai="32,35,47,48,51,52,54,56,79,80,85,96,101,105" machi="48" ten="30,11600,0" yaku="1,1,7,1,54,1,53,1" doraHai="1" doraHaiUra="75" who="3" fromWho="1" sc="156,0,221,-119,331,0,272,139" owari="156,-24.0,102,-40.0,331,13.0,411,51.0" /></mjloggm>