<mjloggm ver="2.3"><GO type="225" lobby="0"/><UN n0="%E3%82%B4%E3%83%BC%E3%83%AB%E3%83%87%E3%83%B3%E3%81%B2%E3%82%88%E3%81%93" n1="%E5%A4%A9%E7%A9%BA%73%61%79%61" n2="%E5%B0%B1%E6%B4%BB%E7%94%9F%40%E5%B7%9D%E6%9D%91%E8%BB%8D%E5%9B%A3" n3="%E5%90%91%E4%BA%95%E7%90%86" dan="16,16,17,16" rate="2130.12,2140.42,2212.57,2152.57" sx="M,M,M,M"/><TAIKYOKU oya="0"/><INIT seed="0,0,0,5,4,40" ten="250,250,250,250" oya="0" hai0="63,12,26,128,108,0,85,29,130,118,25,61,120" hai1="110,58,46,134,97,48,103,101,8,45,22,13,127" hai2="88,80,129,82,77,51,41,73,102,78,24,122,5" hai3="19,37,47,99,112,3,115,18,72,16,38,31,92"/><T117/><D0/><U52/><E110/><V56/><F122/><W123/><G3/><T125/><D120/><U43/><E134/><V62/><F129/><N who="0" m="49770" /><D108/><U54/><E127/><V17/><F102/><N who="1" m="38921" /><E43/><V119/><F5/><W57/><G123/><T1/><D1/><U2/><E2/><V66/><F119/><N who="0" m="45578" /><D125/><U36/><E36/><V105/><F105/><W95/><G72/><T90/><D12/><U109/><E109/><V132/><F132/><W53/><G31/><T27/><D29/><U6/><E97/><V33/><F33/><W44/><G99/><T34/><D34/><U42/><E42/><V69/><F88/><W106/><G106/><T68/><D68/><U91/><E91/><V104/><F104/><W121/><G121/><T111/><D111/><U100/><E100/><V10/><F10/><W23/><G23/><T93/><AGARI ba="0,0" hai="25,26,27,61,63,85,90,93" m="45578,49770" machi="93" ten="40,2100,0" yaku="19,1" doraHai="40" who="0" fromWho="0" sc="250,21,250,-7,250,-7,250,-7" /><INIT seed="0,1,0,3,5,16" ten="271,243,243,243" oya="0" hai0="74,104,3,111,128,32,115,72,2,99,107,49,19" hai1="8,103,122,0,53,97,134,91,12,66,1,26,30" hai2="129,51,9,132,93,5,23,118,57,130,42,38,41" hai3="131,20,77,56,37,45,58,87,24,34,105,78,117"/><T94/><D115/><U110/><E122/><V79/><F38/><W33/><G33/><T123/><D123/><U70/><E110/><V22/><F118/><W46/><G46/><T127/><D32/><N who="1" m="20567" /><E53/><N who="2" m="31935" /><F79/><W75/><G45/><T35/><D35/><U90/><E90/><V4/><F4/><W50/><G34/><T100/><D111/><U31/><E91/><V113/><F113/><W7/><G7/><T47/><D127/><U28/><E134/><V25/><F25/><W68/><G24/><T125/><D125/><U88/><E88/><V14/><F93/><W29/><G78/><T95/><D128/><N who="2" m="49258" /><F132/><W36/><G36/><T124/><D124/><U109/><E109/><V133/><F133/><W18/><G37/><T17/><D2/><U86/><E1/><V92/><F92/><W84/><G117/><T67/><D3/><U15/><E0/><V98/><F98/><W85/><G131/><T135/><D135/><U89/><E89/><V55/><F55/><W13/><G77/><T116/><D116/><U108/><E108/><V126/><F126/><W59/><G75/><T102/><D99/><U121/><E121/><V71/><F71/><W39/><G68/><T82/><D82/><U27/><E27/><V96/><F96/><W62/><G84/><T73/><D74/><U11/><E86/><V120/><F120/><W81/><G87/><T40/><D73/><U10/><E70/><V60/><F60/><W80/><G85/><T112/><D72/><U52/><E52/><V6/><F6/><W106/><G80/><T61/><D112/><U119/><E119/><RYUUKYOKU ba="1,0" sc="271,-10,243,-10,243,30,243,-10" hai2="5,9,14,22,23,41,42" /><INIT seed="1,2,0,5,3,38" ten="261,233,273,233" oya="1" hai0="102,134,80,81,124,89,16,43,8,47,117,94,110" hai1="50,71,52,22,85,112,62,114,113,55,108,67,103" hai2="95,21,125,24,77,6,64,23,109,13,60,119,133" hai3="104,26,37,70,131,11,68,56,101,69,35,7,130"/><U96/><E108/><V105/><F119/><W90/><G37/><T65/><D117/><U128/><E128/><N who="3" m="49194" /><G90/><T86/><D110/><U111/><E111/><V75/><F105/><W51/><G56/><T126/><D134/><U29/><E85/><V84/><F109/><W100/><G51/><N who="0" m="27135" /><D65/><U28/><E22/><V18/><F133/><W42/><G42/><T118/><D118/><U72/><E72/><V45/><F125/><N who="0" m="48234" /><D102/><N who="3" m="39529" /><G104/><T122/><D122/><U10/><E10/><V34/><F45/><W93/><G93/><T63/><D63/><U36/><E36/><V39/><F39/><W88/><G88/><T97/><D86/><U41/><E41/><V115/><F115/><W59/><G59/><T127/><N who="0" m="48242" /><T12/><AGARI ba="2,0" hai="8,12,16,80,81,89,94,97" m="48242,27135" machi="12" ten="40,8000,1" yaku="4,1,18,1,52,1,54,1" doraHai="38" who="0" fromWho="0" sc="261,86,233,-42,273,-22,233,-22" /><INIT seed="2,0,0,2,3,127" ten="347,191,251,211" oya="2" hai0="55,99,44,64,38,110,69,28,88,19,11,59,104" hai1="40,14,126,12,118,20,117,82,87,103,121,30,5" hai2="29,120,73,8,108,7,16,130,47,119,78,9,36" hai3="80,96,54,48,100,105,85,107,43,58,27,74,122"/><V131/><F119/><N who="1" m="45577" /><E103/><V101/><F120/><W57/><G122/><T79/><D28/><U61/><E61/><V68/><F29/><W17/><G74/><T92/><D79/><U52/><E52/><V129/><F101/><W90/><G43/><T2/><D104/><U93/><E93/><V113/><F68/><W18/><G107/><T109/><D64/><U102/><E102/><V23/><F113/><W65/><G27/><T63/><D69/><U15/><E40/><N who="2" m="22919" /><F108/><N who="0" m="41578" /><D38/><U77/><E121/><V114/><F114/><W35/><G35/><T70/><D70/><U31/><E126/><V34/><F34/><W91/><G65/><T39/><D39/><U37/><E37/><V46/><F46/><W128/><G58/><T95/><D44/><U115/><E115/><V132/><F132/><W50/><G50/><T75/><D75/><U4/><E20/><V13/><F7/><N who="1" m="2633" /><E31/><V10/><F73/><W89/><G105/><T112/><D112/><U98/><E98/><V111/><F111/><W56/><G96/><T106/><D106/><U76/><E76/><AGARI ba="0,0" hai="8,9,10,13,16,23,76,78,129,130,131" m="22919" machi="76" ten="40,12000,1" yaku="19,1,52,3,54,1" doraHai="127" who="2" fromWho="1" sc="347,0,191,-120,251,120,211,0" /><INIT seed="2,1,0,5,1,103" ten="347,71,371,211" oya="2" hai0="66,37,8,1,12,113,67,32,125,127,128,87,101" hai1="80,51,44,31,46,42,16,124,13,90,39,83,60" hai2="6,22,3,77,57,120,40,94,85,38,106,34,114" hai3="27,84,132,69,74,118,100,92,109,133,49,54,26"/><V75/><F120/><W102/><G74/><T130/><D113/><U64/><E124/><N who="0" m="47689" /><D1/><U104/><E31/><V105/><F114/><W52/><G69/><T96/><D32/><U50/><E90/><N who="2" m="53583" /><F22/><W5/><G109/><T41/><D87/><U30/><E30/><V129/><F57/><W25/><G5/><N who="0" m="3087" /><D41/><U126/><E126/><V108/><F34/><W121/><G121/><T24/><D24/><U78/><E104/><V81/><F108/><W65/><G65/><N who="0" m="24587" /><D37/><U135/><E135/><V70/><F70/><W11/><G132/><T71/><D71/><U61/><E64/><V107/><F129/><W76/><G84/><T59/><D59/><U47/><E39/><V28/><F28/><W72/><G133/><T89/><D89/><U62/><E42/><V98/><F40/><W19/><G25/><T93/><AGARI ba="1,0" hai="93,96,101,128,130" m="24587,3087,47689" machi="93" ten="30,1100,0" yaku="18,1" doraHai="103" who="0" fromWho="0" sc="347,14,71,-4,371,-6,211,-4" /><INIT seed="3,0,0,3,2,13" ten="361,67,365,207" oya="3" hai0="75,53,131,2,11,28,37,93,94,72,87,68,101" hai1="51,41,73,95,130,38,8,19,21,65,0,97,104" hai2="118,80,92,63,14,100,81,10,3,127,36,22,83" hai3="129,134,58,89,103,43,55,54,105,15,29,32,124"/><W113/><G113/><T52/><D68/><U48/><E130/><V67/><F118/><W66/><G124/><T47/><D131/><U1/><E104/><V42/><F127/><W31/><G134/><T82/><D28/><U7/><E0/><V27/><F3/><W61/><G54/><N who="0" m="21099" /><D75/><U25/><E65/><V123/><F123/><W102/><G15/><T74/><D74/><U71/><E71/><V96/><F42/><W122/><G89/><T126/><D126/><U86/><E86/><V133/><F36/><W69/><G61/><T76/><D87/><U46/><E95/><V111/><F111/><W79/><G58/><T12/><D101/><U110/><E97/><V107/><F107/><W34/><G79/><T116/><D12/><U45/><E45/><V85/><F133/><W57/><G55/><T135/><D135/><U16/><E19/><N who="2" m="12767" /><F63/><W90/><G90/><T64/><D64/><U84/><E84/><V59/><F59/><W17/><G17/><T78/><D78/><U40/><E40/><V33/><F33/><W5/><G102/><T35/><D35/><U6/><E6/><N who="2" m="3415" /><F67/><W70/><G5/><N who="0" m="1463" /><D116/><U125/><E110/><V106/><F106/><W9/><G66/><T50/><D50/><U49/><E125/><V60/><F60/><W120/><G69/><T23/><D23/><U91/><E91/><AGARI ba="0,0" hai="80,81,83,85,91,92,96,100" m="3415,12767" machi="91" ten="30,2000,0" yaku="8,1,52,1" doraHai="13" who="2" fromWho="1" sc="361,0,67,-20,365,20,207,0" owari="361,16.0,47,-45.0,385,48.0,207,-19.0" /></mjloggm>