<mjloggm ver="2.3"><GO type="169" lobby="0"/><UN n0="%E3%82%A6%E3%83%AB%E3%83%88%E3%83%A9%E7%AB%8B%E7%9B%B4" n1="%E6%B0%B7%E6%9F%B1" n2="%E3%83%8B%E3%83%A3%E3%83%83%E3%83%94%E3%83%BC%E5%A4%8F%E7%9B%AE" n3="%6B%69%79%6F%64%61%69" dan="17,16,17,18" rate="2116.50,2056.77,2144.67,2195.39" sx="M,M,M,M"/><TAIKYOKU oya="0"/><INIT seed="0,0,0,4,2,19" ten="250,250,250,250" oya="0" hai0="26,98,44,123,20,18,119,51,74,64,92,35,71" hai1="43,36,33,125,42,85,109,58,80,70,128,100,83" hai2="61,4,22,24,14,32,67,86,25,121,59,102,12" hai3="10,50,46,75,23,1,99,124,78,129,107,15,13"/><T73/><D123/><U117/><E117/><V126/><F121/><W72/><G124/><T21/><D119/><U54/><E70/><V77/><F126/><W66/><G129/><T17/><D35/><U112/><E128/><V134/><F134/><W79/><G66/><T130/><D130/><U87/><E33/><V96/><F32/><W52/><G1/><T120/><D120/><U76/><E109/><V93/><F25/><W68/><G68/><T95/><D64/><U34/><E34/><V91/><F4/><W113/><G113/><T133/><D71/><U104/><E36/><V90/><F77/><W65/><G65/><T39/><D39/><U105/><E105/><V56/><F56/><W27/><G75/><T6/><D6/><U38/><E38/><V62/><F62/><W37/><G37/><T81/><D133/><U82/><E125/><V127/><F127/><W28/><G72/><T60/><D60/><U94/><E104/><V114/><F114/><W53/><G53/><T132/><D132/><U69/><E69/><V122/><F122/><W11/><G99/><T106/><D106/><U16/><E76/><N who="3" m="29226" /><G107/><T7/><D7/><U29/><E112/><V9/><F9/><AGARI ba="0,0" hai="9,10,11,13,15,23,27,28,46,50,52" m="29226" machi="9" ten="30,3900,0" yaku="8,1,52,1,54,1" doraHai="19" who="3" fromWho="2" sc="250,0,250,0,250,-39,250,39" /><INIT seed="1,0,0,4,0,124" ten="250,250,211,289" oya="1" hai0="110,26,34,99,131,62,98,49,133,59,22,16,84" hai1="36,55,61,73,119,15,85,72,21,106,37,97,115" hai2="105,112,66,83,17,45,121,101,0,53,114,65,76" hai3="57,71,39,95,125,80,8,86,10,93,82,23,54"/><U79/><E115/><N who="2" m="44075" /><F121/><W46/><G71/><T30/><D110/><U43/><E119/><V130/><F0/><W42/><G125/><T81/><D49/><U69/><E85/><V5/><F5/><W94/><G23/><T52/><D133/><U25/><E15/><V92/><F105/><W48/><REACH who="3" step="1"/><G80/><REACH who="3" ten="250,250,211,279" step="2"/><T102/><D131/><U77/><E69/><V60/><F83/><W41/><G41/><T33/><D33/><U116/><E43/><V38/><F130/><W87/><G87/><T129/><D129/><U89/><E73/><V35/><F35/><W90/><AGARI ba="0,1" hai="8,10,39,42,46,48,54,57,82,86,90,93,94,95" machi="90" ten="30,2000,0" yaku="1,1,0,1,53,0" doraHai="124" doraHaiUra="111" who="3" fromWho="3" sc="250,-5,250,-10,211,-5,279,30" /><INIT seed="2,0,0,0,1,57" ten="245,240,206,309" oya="2" hai0="109,4,41,96,35,77,105,79,94,131,120,2,20" hai1="111,113,58,108,3,125,82,51,85,15,60,116,10" hai2="88,37,119,95,84,70,103,8,26,13,123,101,11" hai3="69,132,1,93,18,50,134,110,133,43,115,25,68"/><V124/><F119/><W89/><G1/><T91/><D35/><U64/><E113/><V97/><F123/><W87/><G115/><T21/><D120/><U27/><E125/><V90/><F37/><W67/><G110/><T122/><D122/><U126/><E126/><V100/><F124/><W17/><G25/><T127/><D127/><U23/><E3/><V112/><F112/><W107/><G107/><T65/><D109/><U74/><E74/><V66/><F26/><W78/><G78/><T72/><D131/><U30/><E51/><V128/><F128/><W62/><G69/><T0/><D41/><U75/><E75/><V135/><F135/><W44/><AGARI ba="0,0" hai="17,18,43,44,50,62,67,68,87,89,93,132,133,134" machi="44" ten="40,5200,0" yaku="0,1,20,1,52,1" doraHai="57" who="3" fromWho="3" sc="245,-13,240,-13,206,-26,309,52" /><INIT seed="3,0,0,1,1,1" ten="232,227,180,361" oya="3" hai0="54,72,76,39,15,14,134,98,93,103,119,100,31" hai1="95,7,89,27,116,53,37,99,43,77,41,69,8" hai2="58,126,130,42,84,56,104,20,17,71,25,67,109" hai3="131,74,111,49,106,105,51,78,48,4,79,125,70"/><W124/><G70/><T24/><D119/><U97/><E69/><V12/><F104/><N who="3" m="40043" /><G74/><T38/><D134/><U122/><E122/><V118/><F118/><W123/><G123/><T47/><D103/><U62/><E37/><V60/><F109/><W117/><G117/><T44/><D76/><N who="3" m="29225" /><G111/><T33/><D72/><U55/><E77/><V10/><F130/><W132/><G131/><T11/><D14/><N who="1" m="5407" /><E99/><V21/><F126/><N who="3" m="48747" /><G4/><T35/><D35/><U65/><E65/><V127/><F127/><W129/><G129/><T113/><D113/><U61/><E27/><V90/><F42/><N who="1" m="15881" /><E116/><V91/><F21/><W133/><AGARI ba="0,0" hai="48,49,51,132,133" m="48747,29225,40043" machi="133" ten="40,7800,0" yaku="28,2,18,1" doraHai="1" who="3" fromWho="3" sc="232,-26,227,-26,180,-26,361,78" /><INIT seed="3,1,0,1,1,74" ten="206,201,154,439" oya="3" hai0="86,15,53,39,107,100,71,68,125,3,104,72,19" hai1="70,118,120,35,82,108,80,36,109,127,73,16,43" hai2="11,89,27,12,76,10,56,28,58,60,102,115,14" hai3="57,111,133,87,32,63,54,92,110,122,101,23,90"/><W99/><G32/><T34/><D3/><U61/><E120/><V55/><F115/><W0/><G0/><T50/><D39/><U51/><E36/><V1/><F102/><W46/><G122/><T67/><D72/><U130/><E35/><V119/><F119/><W31/><G133/><T129/><D34/><U48/><E130/><V97/><F58/><W95/><G46/><T44/><D129/><U7/><E7/><V106/><F76/><W49/><G63/><T22/><D125/><U93/><E127/><V123/><F123/><W29/><REACH who="3" step="1"/><G23/><REACH who="3" ten="206,201,154,429" step="2"/><T5/><D22/><U25/><E61/><V116/><F1/><W45/><G45/><T4/><D44/><U78/><E118/><V40/><F60/><W94/><G94/><T21/><D107/><U103/><E93/><V121/><F116/><W65/><G65/><T135/><D67/><U24/><E43/><V88/><F40/><W64/><G64/><T42/><D42/><U96/><E109/><AGARI ba="1,1" hai="29,31,49,54,57,87,90,92,95,99,101,109,110,111" machi="109" ten="40,7700,0" yaku="1,1,14,1,10,1,53,0" doraHai="74" doraHaiUra="134" who="3" fromWho="1" sc="206,0,201,-80,154,0,429,90" /><INIT seed="3,2,0,2,3,117" ten="206,121,154,519" oya="3" hai0="110,133,24,59,115,62,111,66,17,19,126,68,131" hai1="119,100,41,1,64,109,63,103,9,15,42,40,130" hai2="36,48,60,80,91,135,122,20,108,44,86,93,27" hai3="101,79,58,53,70,13,134,75,96,51,104,76,22"/><W81/><G79/><T92/><D24/><U102/><E119/><V56/><F36/><W82/><G81/><T26/><D26/><U43/><N who="1" m="10240" /><DORA hai="84" /><U83/><E109/><V113/><F108/><N who="0" m="41514" /><D126/><U14/><E130/><V50/><F113/><W72/><G70/><T31/><D31/><U74/><E1/><V65/><F135/><W128/><G128/><T94/><D131/><U52/><E52/><N who="2" m="29703" /><F122/><W67/><G67/><T116/><D116/><U23/><E23/><V2/><F2/><W89/><G134/><T114/><D133/><U78/><REACH who="1" step="1"/><E9/><REACH who="1" ten="206,111,154,519" step="2"/><V106/><F50/><W121/><G121/><T16/><D115/><U38/><E38/><V127/><F127/><W32/><G32/><T132/><D114/><U18/><E18/><N who="2" m="12695" /><F106/><W88/><REACH who="3" step="1"/><G75/><REACH who="3" ten="206,111,154,509" step="2"/><T55/><D132/><U11/><E11/><V45/><F45/><W118/><G118/><T34/><D34/><U87/><E87/><V99/><F86/><W21/><G21/><T124/><D124/><U3/><E3/><V71/><F71/><AGARI ba="2,2" hai="14,15,63,64,71,74,78,83,100,102,103" m="10240" machi="71" ten="50,1600,0" yaku="1,1,53,0" doraHai="117,84" doraHaiUra="54,85" who="1" fromWho="2" sc="206,0,111,42,154,-22,509,0" /><INIT seed="4,0,0,0,0,111" ten="206,153,132,509" oya="0" hai0="81,3,134,127,50,104,91,29,93,131,103,121,105" hai1="122,123,48,65,86,6,99,84,46,26,44,68,8" hai2="32,109,116,95,90,78,14,113,120,36,106,56,62" hai3="73,69,63,58,5,18,74,1,110,76,85,43,88"/><T39/><D39/><U40/><E99/><V96/><F109/><W9/><G69/><T107/><D3/><U108/><E108/><V61/><F120/><W51/><G76/><T24/><D121/><U16/><E68/><V21/><F32/><W129/><G129/><T33/><D131/><U42/><E65/><V82/><F36/><W17/><G110/><T12/><D127/><U15/><E123/><V72/><F116/><W94/><G18/><T87/><D134/><U28/><E6/><V100/><F113/><W117/><G117/><T67/><D67/><U80/><E80/><V115/><F115/><W55/><G43/><T41/><D12/><U132/><E132/><V97/><F14/><W52/><G17/><T49/><D41/><U23/><REACH who="1" step="1"/><E122/><REACH who="1" ten="206,143,132,509" step="2"/><V89/><F97/><W45/><AGARI ba="0,1" hai="1,5,9,45,51,52,55,58,63,73,74,85,88,94" machi="45" ten="20,5200,0" yaku="0,1,7,1,54,2" doraHai="111" who="3" fromWho="3" sc="206,-26,143,-13,132,-13,509,62" /><INIT seed="5,0,0,2,2,111" ten="180,130,119,571" oya="1" hai0="77,54,11,76,16,70,29,86,56,113,88,23,4" hai1="104,101,32,131,38,60,108,19,64,100,2,43,72" hai2="44,5,120,68,97,24,35,126,103,39,89,53,130" hai3="21,135,134,71,51,46,0,92,105,33,128,15,109"/><U79/><E131/><V42/><F89/><W55/><G105/><T17/><D70/><U133/><E133/><V124/><F53/><W40/><G71/><T62/><D113/><U102/><E104/><N who="2" m="63599" /><F120/><W121/><G33/><T90/><D29/><U8/><E32/><V12/><F12/><W63/><G0/><T107/><D107/><U1/><E43/><V84/><F84/><W98/><G109/><T69/><D69/><U6/><E38/><V10/><F68/><W47/><G121/><T115/><D115/><U118/><E118/><V78/><F78/><W95/><G128/><T114/><D114/><U52/><E2/><N who="2" m="311" /><F130/><W65/><G65/><T112/><D90/><U81/><E108/><V7/><F7/><W127/><G127/><N who="2" m="48681" /><F24/><W123/><G123/><T61/><D61/><U91/><E91/><V66/><F66/><W18/><G63/><T13/><D112/><U75/><E19/><N who="0" m="7241" /><D23/><U74/><REACH who="1" step="1"/><E64/><REACH who="1" ten="180,120,119,571" step="2"/><V28/><F28/><W45/><G135/><T30/><D30/><U14/><E14/><V99/><F35/><W9/><G134/><T48/><D77/><U82/><E82/><V96/><AGARI ba="0,1" hai="39,42,44,96,99" m="48681,311,63599" machi="96" ten="30,1100,0" yaku="18,1" doraHai="111" who="2" fromWho="2" sc="180,-3,120,-5,119,21,571,-3" /><INIT seed="6,0,0,3,3,93" ten="177,115,140,568" oya="2" hai0="6,12,9,74,24,64,132,1,68,33,55,105,121" hai1="20,58,28,135,101,73,123,32,59,36,26,39,4" hai2="80,42,57,72,18,91,131,99,21,86,122,70,83" hai3="102,35,111,129,10,37,69,62,128,8,103,46,30"/><V107/><F122/><W79/><G111/><T49/><D74/><U116/><E116/><V54/><F70/><W96/><G79/><T78/><D78/><U89/><E73/><V92/><F131/><N who="3" m="50251" /><G103/><T23/><D105/><U109/><E109/><V118/><F118/><W90/><G90/><T87/><D87/><U7/><E123/><V65/><F65/><N who="3" m="41143" /><G30/><T27/><D64/><U71/><E71/><V76/><F42/><N who="3" m="22863" /><G35/><T34/><D68/><U115/><E101/><V51/><F107/><AGARI ba="0,0" hai="8,10,96,102,107" m="22863,41143,50251" machi="107" ten="30,2000,0" yaku="19,1,52,1" doraHai="93" who="3" fromWho="2" sc="177,0,115,0,140,-20,568,20" /><INIT seed="7,0,0,0,0,123" ten="177,115,120,588" oya="3" hai0="38,97,64,46,111,25,91,8,49,125,69,68,82" hai1="55,67,120,52,126,66,132,16,36,98,78,99,11" hai2="44,119,107,130,19,76,0,2,101,40,102,53,9" hai3="87,54,79,42,80,83,135,13,124,33,61,110,127"/><W106/><G106/><T57/><D111/><U26/><E132/><V7/><F119/><W113/><G33/><T15/><D38/><U21/><E126/><V48/><F130/><W5/><G42/><T29/><D57/><U85/><E120/><V12/><F76/><W56/><G135/><T121/><D91/><U71/><E36/><V63/><F107/><W59/><G113/><T65/><D15/><N who="1" m="7295" /><E71/><V30/><F30/><W129/><G129/><T24/><D82/><N who="1" m="47319" /><E67/><V117/><F117/><W22/><G110/><T100/><D49/><U31/><E66/><V45/><F0/><W77/><G59/><T27/><D65/><U20/><E20/><V1/><F1/><W90/><G79/><T118/><D64/><U95/><E99/><V51/><F63/><W58/><G58/><T116/><D69/><U134/><E134/><V94/><F94/><W4/><G127/><T43/><D68/><U74/><E74/><V62/><F62/><W92/><G83/><T109/><D125/><U103/><AGARI ba="0,0" hai="21,26,31,52,55,95,98,103" m="47319,7295" machi="103" ten="30,4000,0" yaku="8,1,54,2" doraHai="123" who="1" fromWho="1" sc="177,-10,115,40,120,-10,588,-20" owari="167,-3.0,155,-24.0,110,-39.0,568,66.0" /></mjloggm>