<mjloggm ver="2.3"><GO type="41" lobby="0"/><UN n0="%E5%B0%B1%E6%B4%BB%E7%94%9F%40%E5%B7%9D%E6%9D%91%E8%BB%8D%E5%9B%A3" n1="%4D%4A%37%37%37" n2="%E3%81%93%E3%83%BC%E3%81%9F%E3%82%93" n3="%52%65%61%63%68%2E%4B%7A" dan="17,13,14,14" rate="2235.45,1891.29,1981.05,1884.18" sx="M,M,M,M"/><TAIKYOKU oya="0"/><INIT seed="0,0,0,0,1,83" ten="250,250,250,250" oya="0" hai0="120,125,106,63,118,59,91,103,48,87,25,93,43" hai1="26,121,22,109,116,1,8,0,21,69,80,34,73" hai2="53,52,14,94,49,4,51,5,119,33,67,99,11" hai3="131,10,17,54,104,66,81,50,24,61,98,58,134"/><T132/><D120/><U40/><E69/><V90/><F33/><W129/><G104/><T78/><D118/><U15/><E40/><V13/><F119/><W105/><G134/><T45/><D132/><U77/><E121/><V97/><F67/><W23/><G10/><T108/><D125/><U102/><E102/><V64/><F64/><W122/><G122/><T38/><D108/><U126/><E116/><V44/><F99/><W114/><G114/><T89/><D78/><U68/><E68/><V57/><F13/><W75/><G75/><T82/><D25/><U96/><E96/><V31/><F31/><W9/><G9/><T28/><D28/><U72/><E72/><V84/><F97/><W101/><REACH who="3" step="1"/><G81/><REACH who="3" ten="250,250,250,240" step="2"/><T65/><D106/><U35/><E126/><V100/><REACH who="2" step="1"/><F100/><REACH who="2" ten="250,250,240,240" step="2"/><W124/><G124/><T133/><D133/><U135/><E135/><V6/><AGARI ba="0,2" hai="4,5,6,11,14,44,49,51,52,53,57,84,90,94" machi="6" ten="20,16000,3" yaku="1,1,2,1,0,1,7,1,8,1,52,1,54,1,53,1" doraHai="83" doraHaiUra="41" who="2" fromWho="2" sc="250,-80,250,-40,240,180,240,-40" /><INIT seed="1,0,0,1,5,43" ten="170,210,420,200" oya="1" hai0="105,21,88,125,85,14,100,11,53,89,90,132,120" hai1="47,118,104,75,93,41,106,77,37,49,33,9,123" hai2="83,36,103,28,92,40,76,63,51,7,78,101,18" hai3="128,45,25,74,71,110,86,66,3,0,26,31,68"/><U133/><E123/><V52/><F7/><W115/><G115/><T126/><D120/><U102/><E118/><V127/><F127/><N who="0" m="48650" /><D21/><U122/><E122/><V27/><F63/><W69/><G110/><T70/><D70/><U29/><E133/><V38/><F38/><W81/><G74/><T112/><D53/><U79/><E79/><V130/><F130/><W129/><G66/><T72/><D72/><U61/><E61/><V17/><F40/><W96/><G96/><N who="0" m="61575" /><D112/><U84/><E93/><V5/><F36/><W99/><G99/><T87/><D132/><U121/><E84/><N who="0" m="32329" /><D14/><U19/><E121/><V108/><F108/><W65/><G65/><T34/><D11/><U134/><E134/><V24/><F83/><W8/><G8/><T6/><D6/><U116/><E116/><V10/><F92/><W135/><G135/><T124/><N who="0" m="48658" /><T95/><DORA hai="111" /><D34/><U2/><E19/><N who="2" m="7179" /><F103/><W15/><G15/><T59/><D59/><U58/><E102/><V114/><F101/><W30/><G0/><T80/><D80/><N who="1" m="45119" /><E49/><V73/><F73/><W13/><G3/><T54/><D54/><U16/><E58/><V48/><F48/><W23/><G13/><T44/><D44/><U109/><E16/><V131/><F114/><W1/><G45/><T67/><D67/><U60/><E60/><V94/><F51/><W35/><G1/><T57/><D57/><U119/><E119/><V12/><F12/><W97/><G97/><AGARI ba="0,0" hai="88,89,90,95,97" m="32329,61575,48658" machi="97" ten="40,8000,1" yaku="18,1,34,2,54,1" doraHai="43,111" who="0" fromWho="3" sc="170,80,210,0,420,0,200,-80" /><INIT seed="2,0,0,3,3,51" ten="250,210,420,120" oya="2" hai0="61,125,8,25,102,40,21,122,48,49,42,47,32" hai1="110,85,84,4,36,70,76,98,112,67,74,63,66" hai2="14,129,128,23,90,89,27,56,16,69,11,113,1" hai3="105,83,103,114,77,123,104,0,72,60,106,46,62"/><V107/><F69/><W116/><G0/><T2/><D32/><U93/><E36/><V6/><F107/><W78/><G123/><T34/><D34/><U41/><E110/><V30/><F113/><W33/><G33/><T97/><D122/><U5/><E74/><V10/><REACH who="2" step="1"/><F56/><REACH who="2" ten="250,210,410,120" step="2"/><W132/><G116/><T31/><D125/><U9/><E70/><V44/><F44/><W65/><G132/><T119/><D119/><U88/><E112/><V57/><F57/><W82/><G114/><T133/><D133/><U80/><E41/><V79/><F79/><W37/><G103/><T52/><D42/><U117/><E117/><V55/><F55/><W101/><G101/><T87/><D47/><U43/><E43/><V131/><AGARI ba="0,1" hai="1,6,10,11,14,16,23,27,30,89,90,128,129,131" machi="131" ten="30,11700,0" yaku="1,1,0,1,19,1,54,1,53,0" doraHai="51" doraHaiUra="109" who="2" fromWho="2" sc="250,-39,210,-39,410,127,120,-39" /><INIT seed="2,1,0,5,5,55" ten="211,171,537,81" oya="2" hai0="94,9,33,100,34,49,80,47,56,92,124,132,54" hai1="20,88,24,45,27,16,95,60,71,43,118,37,130" hai2="30,117,72,57,28,69,106,10,123,102,39,91,125" hai3="1,53,104,26,122,127,114,119,82,36,107,110,7"/><V42/><F72/><W93/><G26/><T19/><D132/><U59/><E130/><V86/><F69/><W116/><G7/><T76/><D124/><U105/><E105/><V61/><F125/><W3/><G53/><T17/><D34/><U84/><E118/><V101/><F117/><W133/><G93/><T52/><D33/><U73/><E73/><V115/><F115/><W35/><G82/><T67/><D67/><U68/><REACH who="1" step="1"/><E24/><REACH who="1" ten="211,161,537,81" step="2"/><V58/><F106/><W21/><G107/><T51/><D100/><U41/><E41/><V70/><F42/><W62/><G21/><T40/><D40/><U134/><E134/><V79/><F102/><W66/><G62/><T12/><D19/><U103/><E103/><V112/><F101/><W32/><G66/><AGARI ba="1,1" hai="16,20,27,37,43,45,59,60,66,68,71,84,88,95" machi="66" ten="30,8000,1" yaku="1,1,7,1,52,1,54,2,53,0" doraHai="55" doraHaiUra="6" who="1" fromWho="3" sc="211,0,161,93,537,0,81,-83" owari="211,-19.0,254,5.0,537,64.0,-2,-50.0" /></mjloggm>