<mjloggm ver="2.3"><GO type="233" lobby="0"/><UN n0="%E3%82%A6%E3%83%AB%E3%83%88%E3%83%A9%E7%AB%8B%E7%9B%B4" n1="%E3%81%8A%E3%83%BC%E3%81%84%E3%81%8A%E8%8C%B6" n2="%E9%BB%92%E7%8C%AB%40%E3%81%BA%E3%82%8D%E3%81%BA%E3%82%8D%E2%98%86" n3="%30%30%73%61%69" dan="17,17,18,18" rate="2147.99,2194.16,2242.41,2169.64" sx="M,M,F,M"/><TAIKYOKU oya="0"/><INIT seed="0,0,0,0,1,65" ten="250,250,250,250" oya="0" hai0="24,29,44,63,70,32,10,116,107,121,12,93,97" hai1="90,73,118,25,88,134,26,72,50,95,5,102,20" hai2="119,115,105,47,17,111,58,43,4,6,75,36,123" hai3="39,112,91,113,2,16,78,41,61,76,22,59,108"/><T7/><D116/><U30/><E118/><V45/><F119/><W28/><G2/><T49/><D121/><U101/><E134/><V135/><F123/><W74/><G28/><T34/><D107/><U71/><E71/><V1/><F75/><W38/><G108/><T13/><D63/><U35/><E5/><V104/><F115/><W15/><G112/><T98/><D70/><U120/><E120/><V109/><F135/><W53/><G113/><T122/><D122/><U84/><E50/><V130/><F130/><W56/><G41/><T57/><D57/><U89/><E72/><V54/><F17/><W60/><G91/><T131/><D131/><U19/><E73/><V82/><F82/><W14/><G74/><T87/><D87/><U117/><E117/><V64/><F64/><W85/><G85/><T46/><D98/><U114/><E114/><V3/><F58/><W79/><REACH who="3" step="1"/><G15/><REACH who="3" ten="250,250,250,240" step="2"/><T132/><D13/><U40/><E40/><V99/><F43/><W94/><G94/><T92/><D92/><U133/><E133/><V48/><F3/><W106/><G106/><T31/><D132/><U69/><E90/><V67/><F104/><W23/><G23/><T62/><D31/><U68/><E89/><V129/><F129/><W77/><N who="3" m="19456" /><DORA hai="33" /><W126/><G126/><T86/><D86/><U128/><E128/><V52/><F1/><W100/><G100/><T83/><D93/><N who="1" m="54407" /><E102/><V124/><F124/><W37/><G37/><T51/><D29/><U0/><E0/><V21/><F36/><W80/><G80/><T27/><D83/><U96/><AGARI ba="0,1" hai="19,20,25,26,30,35,68,69,95,96,101" m="54407" machi="96" ten="30,7900,0" yaku="5,1,52,2,54,1" doraHai="65,33" who="1" fromWho="1" sc="250,-39,250,89,250,-20,240,-20" /><INIT seed="1,0,0,4,4,93" ten="211,339,230,220" oya="1" hai0="53,1,105,62,114,36,107,79,28,102,99,29,130" hai1="100,16,3,38,108,132,58,27,110,50,25,81,121" hai2="15,24,45,67,18,14,82,122,0,109,48,104,103" hai3="83,47,98,134,126,5,44,118,90,73,75,69,61"/><U71/><E121/><V20/><F122/><W95/><G134/><T17/><D114/><U13/><E3/><V72/><F0/><W70/><G126/><T74/><D130/><U22/><E71/><V96/><F109/><N who="1" m="42089" /><E38/><V52/><REACH who="2" step="1"/><F67/><REACH who="2" ten="211,339,220,220" step="2"/><W89/><G118/><T123/><D1/><U115/><E132/><V46/><F46/><W39/><G47/><T32/><D123/><U42/><E115/><V111/><F111/><W119/><G44/><T94/><D36/><U11/><E42/><V86/><F86/><W26/><G39/><T59/><D74/><U6/><E100/><V68/><F68/><W117/><G117/><T80/><D102/><U63/><E50/><V9/><F9/><W43/><G119/><T31/><D53/><N who="1" m="34255" /><E81/><V12/><F12/><W34/><G43/><T91/><D80/><U84/><E84/><V33/><F33/><W87/><G75/><T78/><D32/><U66/><E66/><V10/><F10/><W2/><G73/><T125/><D59/><U97/><E27/><V64/><F64/><W57/><G26/><T133/><D133/><U112/><E112/><V40/><F40/><W92/><G34/><T54/><D54/><U51/><E51/><V85/><F85/><W65/><REACH who="3" step="1"/><G83/><REACH who="3" ten="211,339,220,210" step="2"/><T30/><N who="0" m="7168" /><DORA hai="77" /><T127/><D127/><U88/><E25/><V4/><F4/><W60/><G60/><T116/><D62/><U7/><E7/><V124/><F124/><W120/><G120/><T23/><D125/><U35/><E35/><V55/><F55/><W131/><G131/><T128/><D128/><U41/><E6/><RYUUKYOKU ba="0,2" sc="211,-15,339,-15,220,15,210,15" hai2="14,15,18,20,24,45,48,52,72,82,96,103,104" hai3="2,5,57,61,65,69,70,87,89,90,92,95,98" /><INIT seed="2,1,2,0,0,99" ten="196,324,235,225" oya="2" hai0="69,97,104,1,17,107,70,123,130,37,46,95,0" hai1="42,54,33,71,118,6,115,39,66,117,121,7,81" hai2="35,58,63,125,73,5,80,38,88,86,22,16,76" hai3="103,51,9,41,4,19,23,91,27,101,3,36,133"/><V61/><F125/><W57/><G133/><T82/><D95/><U93/><E33/><V127/><F127/><W113/><G113/><T114/><D17/><U49/><E81/><V75/><F35/><W44/><G57/><T60/><D60/><N who="1" m="40391" /><E93/><V48/><F38/><W14/><G36/><T15/><D15/><U32/><E32/><V83/><F5/><W34/><G91/><T87/><D87/><U24/><E24/><V90/><F75/><W85/><G85/><T56/><D56/><N who="1" m="32847" /><E115/><V78/><F48/><W111/><G111/><T119/><D97/><U135/><E135/><V129/><F61/><W45/><G45/><T132/><D46/><N who="1" m="23903" /><E121/><V50/><F50/><W74/><G74/><T25/><D82/><U31/><E31/><AGARI ba="1,2" hai="3,4,9,14,19,23,27,31,34,41,44,51,101,103" machi="31" ten="40,8000,1" yaku="24,2,52,2" doraHai="99" who="3" fromWho="1" sc="196,0,324,-83,235,0,225,103" /><INIT seed="3,0,0,2,0,94" ten="196,241,235,328" oya="3" hai0="56,75,117,111,50,67,114,15,90,70,30,92,134" hai1="12,98,127,47,73,133,118,34,8,110,126,9,38" hai2="121,84,79,33,119,54,53,63,25,113,88,40,109" hai3="131,64,108,71,41,23,96,78,80,124,2,76,65"/><W102/><G2/><T112/><D117/><U103/><E118/><V13/><F119/><W95/><G131/><T43/><D75/><U135/><E73/><V129/><F113/><W39/><G124/><T68/><D30/><U1/><E34/><V26/><F129/><W6/><G71/><T132/><D15/><U55/><E110/><V69/><F109/><W74/><G108/><T22/><D22/><U122/><E122/><V36/><F121/><W20/><G76/><T7/><D7/><N who="1" m="1263" /><E55/><V16/><F79/><W130/><G130/><T104/><D104/><N who="1" m="63607" /><E47/><V57/><F69/><N who="0" m="26730" /><D111/><U5/><E38/><V31/><F40/><W91/><G6/><T81/><D81/><U62/><E62/><V35/><F36/><W77/><G77/><T37/><D37/><U93/><E93/><V58/><F35/><W60/><G41/><T82/><D82/><U100/><E100/><V61/><F31/><W51/><G39/><T125/><D125/><AGARI ba="0,0" hai="5,8,12,125,126,127,133,135" m="63607,1263" machi="125" ten="30,2000,0" yaku="18,1,52,1" doraHai="94" who="1" fromWho="0" sc="196,-20,241,20,235,0,328,0" /><INIT seed="4,0,0,3,0,63" ten="176,261,235,328" oya="0" hai0="55,61,36,52,26,15,124,85,102,16,73,9,74" hai1="11,31,17,51,88,47,65,105,24,125,5,83,8" hai2="91,127,29,41,13,1,96,22,18,78,34,33,90" hai3="106,81,58,70,48,35,89,126,128,53,56,109,44"/><T68/><D36/><U129/><E105/><V92/><F127/><W69/><G35/><T40/><D124/><U123/><E125/><V100/><F78/><W10/><G106/><T67/><D40/><U86/><E123/><V135/><F135/><W28/><G126/><T14/><D102/><U7/><E129/><V113/><F113/><W20/><G109/><T93/><D26/><U131/><E131/><V120/><F120/><W99/><G70/><T97/><D85/><U71/><E71/><V110/><F110/><W42/><G69/><T108/><D108/><U134/><E134/><V111/><F111/><W114/><G114/><T23/><D74/><U118/><E118/><V25/><F34/><W115/><G115/><T21/><D73/><U27/><E27/><V43/><F91/><W49/><G10/><T101/><D23/><N who="1" m="15775" /><E65/><V57/><F57/><N who="3" m="32935" /><G128/><T59/><D68/><U82/><E11/><V32/><F32/><W121/><G121/><T76/><D76/><U2/><E2/><V77/><F77/><W112/><G112/><T98/><D98/><U116/><E116/><V46/><F1/><W133/><G133/><T54/><D67/><U0/><E0/><V19/><F100/><W107/><G107/><T3/><D3/><U39/><E39/><V130/><F130/><W50/><G99/><T12/><D12/><N who="1" m="7303" /><E82/><V95/><F95/><W117/><G117/><T38/><D38/><U132/><E132/><V75/><F75/><W119/><G119/><T87/><D87/><U6/><E6/><AGARI ba="0,0" hai="6,9,14,15,16,21,52,54,55,59,61,93,97,101" machi="6" ten="30,11600,0" yaku="7,1,8,1,54,2" doraHai="63" who="0" fromWho="1" sc="176,116,261,-116,235,0,328,0" /><INIT seed="4,1,0,0,0,44" ten="292,145,235,328" oya="0" hai0="54,99,48,69,111,29,26,100,19,21,103,51,8" hai1="68,49,57,83,75,67,77,2,124,1,33,59,76" hai2="113,87,64,129,78,131,13,116,81,66,82,73,36" hai3="6,114,133,58,27,41,32,55,84,12,106,63,80"/><T30/><D69/><U117/><E117/><V85/><F36/><W45/><G106/><T65/><D111/><U9/><E33/><V24/><F116/><W50/><G114/><T37/><D37/><U10/><E124/><V46/><F113/><W70/><G133/><T118/><D65/><U38/><E38/><V96/><F46/><W53/><G70/><T126/><D126/><U56/><E68/><V115/><F115/><W3/><G3/><T14/><D118/><U34/><E34/><V31/><F96/><W43/><G27/><T61/><D30/><U134/><E67/><V62/><F13/><W0/><G0/><T108/><D108/><U92/><E134/><V16/><F16/><W122/><G122/><T98/><D98/><U130/><E130/><N who="2" m="49675" /><F82/><W88/><G32/><T125/><D125/><U28/><E28/><V79/><F79/><W107/><G107/><T127/><D127/><U5/><E77/><V135/><F64/><W42/><G6/><T93/><D103/><U110/><E110/><V17/><F17/><W120/><G120/><T102/><D100/><U89/><E2/><V15/><F15/><AGARI ba="1,0" hai="12,15,41,42,43,45,50,53,55,58,63,80,84,88" machi="15" ten="40,5200,0" yaku="8,1,52,1,54,1" doraHai="44" who="3" fromWho="2" sc="292,0,145,0,235,-55,328,55" /><INIT seed="5,0,0,2,0,44" ten="292,145,180,383" oya="1" hai0="53,111,15,7,72,55,0,48,60,1,47,112,123" hai1="85,20,49,37,93,77,81,119,41,128,115,36,31" hai2="88,95,132,117,82,109,87,102,14,3,63,23,79" hai3="71,61,104,99,32,27,68,91,24,29,65,127,42"/><U19/><E119/><V75/><F3/><W108/><G27/><T28/><D111/><U39/><E115/><V2/><F2/><W124/><G108/><T80/><D28/><U86/><E31/><V64/><F132/><W94/><G42/><T51/><D60/><U84/><E128/><V46/><F109/><W113/><G113/><T40/><D123/><U118/><E118/><V9/><F117/><W133/><G133/><T89/><D40/><U33/><E33/><V129/><F129/><W121/><G121/><T131/><D131/><U57/><E93/><V21/><F46/><W50/><G50/><T67/><D67/><U56/><E41/><V114/><F102/><N who="3" m="62559" /><G71/><T59/><D112/><U105/><E105/><V13/><F114/><W18/><G18/><T135/><D135/><U83/><E49/><V34/><F34/><W78/><G78/><T38/><D38/><U69/><E69/><V58/><REACH who="2" step="1"/><F13/><REACH who="2" ten="292,145,170,383" step="2"/><W107/><G107/><T11/><D1/><U74/><REACH who="1" step="1"/><E83/><REACH who="1" ten="292,135,170,383" step="2"/><V10/><F10/><W45/><G45/><T54/><D80/><U96/><E96/><AGARI ba="0,2" hai="24,29,32,61,65,68,91,94,96,124,127" m="62559" machi="96" ten="30,1000,0" yaku="25,1" doraHai="44" who="3" fromWho="1" sc="292,0,135,-10,170,0,383,30" /><INIT seed="6,0,0,1,5,26" ten="292,125,170,413" oya="2" hai0="104,113,20,77,124,23,54,27,89,9,52,123,15" hai1="92,106,90,34,95,24,58,82,0,44,14,45,53" hai2="3,25,84,75,46,94,64,130,50,1,68,71,80" hai3="41,99,61,87,11,125,98,93,102,7,112,101,79"/><V33/><F75/><W51/><G125/><T70/><D123/><U116/><E116/><V43/><F94/><W5/><G61/><T39/><D39/><U135/><E0/><V55/><F130/><W40/><G112/><T28/><D70/><U97/><E135/><V88/><F55/><W132/><G132/><T85/><D104/><U36/><E36/><V13/><F13/><N who="3" m="5359" /><G7/><T73/><D124/><U48/><E106/><V114/><F114/><W19/><G51/><T107/><D107/><U65/><E65/><V121/><F121/><W35/><G35/><T60/><D60/><U126/><E126/><V56/><F56/><W109/><G19/><T100/><D100/><U12/><E82/><V21/><F33/><W105/><G105/><T86/><D23/><U10/><E95/><V96/><F96/><W17/><G17/><T29/><D73/><U72/><E72/><V91/><F91/><W128/><G128/><T22/><D77/><U6/><REACH who="1" step="1"/><E12/><REACH who="1" ten="292,115,170,413" step="2"/><V69/><REACH who="2" step="1"/><F64/><REACH who="2" ten="292,115,160,413" step="2"/><W115/><G93/><T66/><D113/><U47/><E47/><V131/><F131/><W2/><G99/><T133/><D66/><U76/><E76/><V78/><F78/><W59/><G98/><T49/><D133/><U103/><E103/><V81/><F81/><W37/><G102/><T63/><D15/><U118/><E118/><V30/><AGARI ba="0,2" hai="1,3,21,25,30,43,46,50,68,69,71,80,84,88" machi="30" ten="30,11700,0" yaku="1,1,0,1,52,1,54,1,53,0" doraHai="26" doraHaiUra="119" who="2" fromWho="2" sc="292,-39,115,-39,160,137,413,-39" /><INIT seed="6,1,0,2,2,42" ten="253,76,297,374" oya="2" hai0="71,100,103,121,118,69,105,95,9,116,113,101,10" hai1="126,41,99,97,2,49,17,33,120,6,48,132,16" hai2="50,87,44,73,54,55,109,128,65,123,98,94,0" hai3="45,24,31,11,76,32,56,82,34,22,14,4,130"/><V108/><F73/><W23/><G130/><T115/><D95/><U124/><E41/><V78/><F123/><W85/><G56/><T84/><D84/><U27/><E120/><V107/><F0/><W83/><G83/><T125/><D121/><U86/><E86/><V13/><F128/><W92/><G92/><T75/><D105/><U122/><E122/><V57/><F65/><W40/><G34/><T5/><D5/><U3/><E6/><V1/><F13/><W81/><G81/><T61/><D61/><U74/><E27/><V8/><F8/><N who="0" m="3178" /><D75/><U80/><E74/><V119/><F1/><W102/><G102/><T18/><D18/><U53/><E80/><N who="2" m="47511" /><F107/><W77/><G77/><T131/><D131/><U117/><E33/><V79/><F119/><N who="0" m="45610" /><D125/><U68/><E117/><V106/><F106/><W21/><G32/><T29/><D29/><U110/><E110/><V111/><F79/><W37/><AGARI ba="1,0" hai="4,11,14,21,22,23,24,31,37,40,45,76,82,85" machi="37" ten="20,2700,0" yaku="0,1,7,1,52,1" doraHai="42" who="3" fromWho="3" sc="253,-8,76,-8,297,-14,374,30" /><INIT seed="7,0,0,0,5,60" ten="245,68,283,404" oya="3" hai0="56,20,75,34,25,65,5,2,44,132,26,109,106" hai1="93,102,82,22,134,27,3,85,123,36,66,39,71" hai2="21,135,98,95,112,52,14,54,8,46,61,48,31" hai3="64,111,118,12,51,115,119,57,28,127,100,42,96"/><W11/><G28/><T79/><D109/><U80/><E134/><V122/><F112/><W124/><G115/><T70/><D70/><U30/><E123/><V1/><F1/><W38/><G38/><T7/><D106/><U50/><E3/><V87/><F135/><W108/><G64/><T90/><D132/><U73/><E73/><V19/><F87/><W59/><G42/><T114/><D114/><U15/><E71/><V91/><F122/><W94/><G51/><T23/><D34/><U113/><E113/><V69/><F69/><W101/><G101/><T55/><D2/><U130/><E130/><V58/><F31/><W74/><G74/><T62/><D79/><U86/><E39/><V105/><F105/><W40/><G40/><T125/><D75/><U88/><E36/><V68/><F68/><W32/><G32/><T72/><D72/><U17/><E50/><V81/><F81/><W116/><G59/><T47/><D125/><N who="3" m="48201" /><G57/><T92/><D47/><U67/><E102/><V29/><F29/><W37/><G37/><T103/><D44/><U131/><E131/><V133/><F133/><W41/><G111/><T107/><D55/><U126/><E126/><V117/><F117/><W63/><G108/><T35/><D35/><U121/><E121/><V76/><F76/><W120/><G118/><T24/><D107/><U84/><E84/><V9/><AGARI ba="0,0" hai="8,9,14,19,21,46,48,52,54,58,61,91,95,98" machi="9" ten="30,4000,0" yaku="0,1,8,1,54,1" doraHai="60" who="2" fromWho="2" sc="245,-10,68,-10,283,40,404,-20" owari="235,-16.0,58,-44.0,323,12.0,384,48.0" /></mjloggm>