<mjloggm ver="2.3"><GO type="169" lobby="0"/><UN n0="%67%61%6D%6F%33" n1="%E3%81%94%E3%82%93%E3%81%96%E3%81%B6%E3%82%8D%E3%83%BC" n2="%E5%B0%B1%E6%B4%BB%E7%94%9F%40%E5%B7%9D%E6%9D%91%E8%BB%8D%E5%9B%A3" n3="%E2%80%A0%58%54%45%4E%44%E2%80%A0" dan="18,17,17,16" rate="2176.79,2188.33,2204.20,2145.48" sx="M,M,M,F"/><TAIKYOKU oya="0"/><INIT seed="0,0,0,1,0,23" ten="250,250,250,250" oya="0" hai0="100,103,134,61,7,87,122,33,26,48,75,106,96" hai1="68,104,34,59,83,77,74,63,54,81,86,76,43" hai2="120,108,116,93,31,94,1,4,101,60,88,30,117" hai3="46,12,53,85,97,119,114,38,91,3,111,129,14"/><T27/><D75/><U15/><E104/><V131/><F120/><W56/><G119/><N who="2" m="45641" /><F131/><W105/><G114/><T19/><D122/><U121/><E121/><V64/><F108/><W9/><G111/><T40/><D33/><U135/><E135/><V52/><F101/><W80/><G129/><T5/><D134/><U6/><E34/><V98/><F94/><W0/><G14/><T99/><D61/><U126/><E126/><V79/><F79/><W42/><G97/><T78/><D19/><U125/><E125/><V70/><F4/><W13/><G105/><T25/><D40/><U65/><E43/><V21/><F1/><W112/><G112/><T44/><D48/><U36/><E36/><V128/><F128/><W90/><G90/><T8/><D8/><U133/><E133/><V89/><F89/><W50/><REACH who="3" step="1"/><G12/><REACH who="3" ten="250,250,250,240" step="2"/><T45/><D106/><U28/><E15/><V35/><F35/><W132/><G132/><T124/><D124/><U29/><REACH who="1" step="1"/><E6/><AGARI ba="0,1" hai="0,3,6,9,13,38,42,46,50,53,56,80,85,91" machi="6" ten="30,2000,0" yaku="1,1,7,1,53,0" doraHai="23" doraHaiUra="58" who="3" fromWho="1" sc="250,0,250,-20,250,0,240,30" /><INIT seed="1,0,0,2,4,0" ten="250,230,250,270" oya="1" hai0="105,123,128,31,107,133,104,26,11,67,46,76,114" hai1="120,34,87,126,27,75,132,103,90,21,88,8,109" hai2="51,93,50,57,19,134,96,99,135,121,12,84,15" hai3="14,53,58,127,42,81,24,73,3,71,60,54,101"/><U92/><E120/><V66/><F121/><W41/><G3/><T9/><D123/><U56/><E75/><V113/><F113/><W116/><G71/><T65/><D114/><U117/><E117/><V25/><F25/><W82/><G116/><T18/><D128/><U64/><E34/><V115/><F115/><W79/><G127/><T74/><D133/><N who="2" m="50698" /><F84/><W5/><G101/><T122/><D122/><U130/><E130/><V23/><F12/><W2/><G2/><T106/><D46/><U49/><E132/><V112/><F112/><W16/><G82/><T102/><D104/><U97/><E126/><V61/><F96/><W47/><G54/><T80/><D102/><AGARI ba="0,0" hai="15,19,23,50,51,57,61,66,93,99,102" m="50698" machi="102" ten="30,1000,0" yaku="20,1" doraHai="0" who="2" fromWho="0" sc="250,-10,230,0,250,10,270,0" /><INIT seed="2,0,0,4,1,71" ten="240,230,260,270" oya="2" hai0="40,115,43,11,109,28,123,23,54,112,92,102,37" hai1="17,80,70,3,124,31,13,106,59,56,46,48,120" hai2="30,47,20,121,50,97,29,65,94,103,79,67,36" hai3="96,60,10,95,135,27,99,119,76,33,72,0,88"/><V68/><F121/><W45/><G119/><T87/><D123/><U78/><E120/><V117/><F117/><W129/><G135/><T26/><D109/><U61/><E124/><V113/><F113/><W18/><G129/><T19/><D40/><U81/><E3/><V44/><F79/><W84/><G76/><T69/><D69/><U126/><E106/><V22/><F36/><W58/><G72/><T7/><D54/><U63/><E31/><N who="2" m="11787" /><F47/><W74/><G74/><T108/><D108/><U64/><E126/><V6/><F6/><W66/><G33/><T114/><D28/><U105/><E105/><V57/><F68/><W39/><G0/><T125/><D125/><U91/><E78/><V82/><F82/><W55/><G39/><T130/><D130/><U134/><E134/><V5/><F5/><W101/><G101/><T122/><D122/><U90/><E81/><V12/><F57/><N who="3" m="37135" /><G45/><T100/><D43/><N who="1" m="24671" /><E70/><V34/><F34/><W2/><G2/><T42/><D42/><U21/><E80/><V75/><F75/><W35/><G35/><T32/><D32/><U93/><E93/><V38/><F38/><W104/><G104/><T133/><D37/><U118/><E118/><V9/><F67/><AGARI ba="0,0" hai="13,17,21,56,59,61,63,64,67,90,91" m="24671" machi="67" ten="30,1000,0" yaku="8,1" doraHai="71" who="1" fromWho="2" sc="240,0,230,10,260,-10,270,0" /><INIT seed="3,0,0,2,2,83" ten="240,240,250,270" oya="3" hai0="105,43,10,116,15,110,85,52,30,81,57,36,3" hai1="58,86,114,97,40,65,28,20,127,118,39,78,74" hai2="14,27,45,95,101,26,89,7,120,54,67,71,31" hai3="93,106,9,2,92,8,1,64,35,109,59,17,33"/><W38/><G106/><T73/><D116/><U34/><E114/><V112/><F120/><W32/><G38/><T12/><D105/><U130/><E34/><V103/><F112/><W5/><G109/><T23/><D73/><U6/><E6/><V125/><F125/><W91/><G93/><T55/><D3/><U44/><E127/><V50/><F71/><W121/><G121/><T21/><D110/><U68/><E118/><V133/><F133/><W96/><G17/><T25/><D23/><U77/><E74/><V53/><F67/><W49/><G8/><T75/><D75/><U46/><E97/><V18/><F7/><W72/><G72/><T124/><D124/><U66/><E68/><V123/><F54/><W100/><G100/><T135/><D135/><U60/><E65/><V108/><F108/><W70/><G70/><T47/><D57/><U113/><E130/><V0/><F0/><W42/><G1/><T111/><D15/><U41/><E113/><V107/><F107/><W90/><G64/><T4/><REACH who="0" step="1"/><D111/><REACH who="0" ten="230,240,250,270" step="2"/><U128/><E128/><V129/><F129/><W11/><G59/><T48/><D48/><U76/><E44/><V122/><F122/><W117/><G117/><T56/><D56/><U94/><E46/><V115/><F115/><W29/><G49/><T24/><D24/><N who="1" m="16391" /><E39/><V119/><F119/><W61/><G2/><T126/><D126/><U87/><E58/><V84/><F123/><W132/><G132/><T88/><AGARI ba="0,1" hai="4,10,12,21,25,30,36,43,47,52,55,81,85,88" machi="88" ten="20,12000,2" yaku="1,1,0,1,7,1,52,1,54,2,53,1" doraHai="83" doraHaiUra="80" who="0" fromWho="0" sc="230,130,240,-30,250,-30,270,-60" /><INIT seed="4,0,0,5,1,107" ten="360,210,220,210" oya="0" hai0="51,19,52,25,22,127,65,4,119,102,99,35,33" hai1="132,113,76,73,80,94,111,98,90,23,82,74,116" hai2="10,114,5,69,62,24,130,100,95,58,108,12,2" hai3="77,70,37,59,128,16,46,126,50,91,60,117,38"/><T83/><D119/><U28/><E111/><V112/><F69/><W104/><G104/><T134/><D134/><U79/><E116/><V14/><F130/><W56/><G117/><T131/><D131/><U3/><E3/><V43/><F43/><W55/><G128/><T71/><D4/><U115/><E132/><V93/><F108/><W106/><G106/><T9/><D9/><U103/><E28/><V129/><F129/><W121/><G121/><T109/><D127/><U67/><E67/><V48/><F48/><W66/><G126/><T1/><D1/><U96/><E23/><V85/><F95/><AGARI ba="0,0" hai="73,74,76,79,80,82,90,94,95,96,98,103,113,115" machi="95" ten="40,12000,2" yaku="9,1,34,3,52,2" doraHai="107" who="1" fromWho="2" sc="360,0,210,120,220,-120,210,0" /><INIT seed="5,0,0,0,4,134" ten="360,330,100,210" oya="1" hai0="100,66,40,72,45,59,56,47,79,114,132,95,123" hai1="93,130,37,119,110,73,120,21,54,99,32,8,48" hai2="7,19,115,6,68,74,98,17,57,35,3,20,42" hai3="34,88,53,39,77,26,96,133,46,117,122,102,116"/><U118/><E110/><V5/><F68/><W60/><G122/><T49/><D132/><U94/><E37/><V82/><F115/><W51/><G133/><T70/><D114/><U31/><E32/><V78/><F35/><W125/><G77/><T91/><D100/><U38/><E38/><V24/><F42/><W109/><G109/><T18/><D123/><U108/><E73/><V22/><F57/><W27/><G39/><T67/><D45/><U89/><E130/><V64/><F64/><W92/><G34/><T0/><D0/><U127/><E120/><V12/><REACH who="2" step="1"/><F98/><REACH who="2" ten="360,330,90,210" step="2"/><W129/><G96/><T44/><D56/><U131/><E108/><V83/><F83/><W112/><G112/><T84/><D59/><U126/><E131/><V65/><F65/><W63/><G129/><T87/><D66/><U36/><E119/><V43/><F43/><W71/><G71/><T107/><D67/><U4/><E118/><V101/><F101/><W50/><G102/><T75/><D40/><U29/><E36/><V58/><F58/><W90/><G117/><T113/><D70/><U81/><E127/><V10/><AGARI ba="0,1" hai="3,5,6,7,10,12,17,19,20,22,24,74,78,82" machi="10" ten="30,4000,0" yaku="1,1,0,1,53,1" doraHai="134" doraHaiUra="76" who="2" fromWho="2" sc="360,-10,330,-20,90,50,210,-10" /><INIT seed="6,0,0,3,3,109" ten="350,310,140,200" oya="2" hai0="82,86,112,129,131,22,25,55,114,113,29,42,134" hai1="84,43,65,93,92,132,99,3,71,123,24,26,53" hai2="90,88,74,30,79,2,124,95,117,27,51,70,33" hai3="80,46,23,60,5,35,56,66,97,121,94,72,45"/><V133/><F117/><W85/><G72/><T28/><D134/><U135/><E3/><V120/><F120/><W118/><G118/><T52/><D42/><U18/><E43/><V77/><F133/><W34/><G121/><T126/><D29/><U125/><E125/><V32/><F124/><W11/><G34/><T31/><D31/><U116/><E116/><V49/><F70/><W73/><G73/><T98/><D98/><U87/><E65/><V119/><F119/><W61/><G35/><T12/><D12/><U7/><E53/><N who="0" m="20553" /><D126/><U63/><E63/><V40/><F2/><W105/><G105/><T39/><D39/><U101/><E7/><V20/><F74/><W111/><G111/><T127/><D127/><U47/><E47/><N who="2" m="25831" /><F32/><W9/><G61/><T19/><D28/><U76/><E71/><V41/><F33/><W38/><G38/><T107/><D107/><U13/><E123/><V14/><F14/><W104/><G104/><T17/><D17/><U67/><E67/><V115/><F115/><W4/><G4/><T75/><D75/><U1/><E13/><V122/><F122/><W96/><G5/><T59/><D59/><U37/><E1/><V58/><F58/><W44/><G97/><T81/><D81/><U130/><E132/><V106/><F106/><W10/><G96/><T48/><D48/><U83/><E135/><V16/><F30/><W89/><G80/><T78/><AGARI ba="0,0" hai="19,22,25,78,82,86,112,113,114,129,131" m="20553" machi="78" ten="40,8000,1" yaku="15,1,52,3,54,1" doraHai="109" who="0" fromWho="0" sc="350,80,310,-20,140,-40,200,-20" /><INIT seed="7,0,0,4,4,40" ten="430,290,100,180" oya="3" hai0="134,135,29,63,117,100,77,34,90,131,121,5,9" hai1="4,96,115,114,104,133,11,70,95,74,62,54,42" hai2="83,30,82,28,116,21,84,37,48,20,111,88,26" hai3="81,102,113,47,64,118,110,50,76,51,38,75,16"/><W2/><G118/><T23/><D121/><U19/><E74/><V72/><F111/><W91/><G2/><T78/><D34/><U68/><E104/><V122/><F116/><W125/><G113/><N who="1" m="43018" /><E133/><V35/><F122/><W61/><G125/><T7/><D90/><N who="1" m="55415" /><E42/><V106/><F37/><W57/><G102/><T13/><D63/><U27/><E27/><V87/><F106/><W36/><G51/><T3/><D23/><U41/><E41/><V97/><F72/><W39/><G91/><T109/><D7/><U43/><E43/><V66/><F97/><W67/><G67/><T58/><D58/><N who="1" m="35159" /><E19/><V79/><F30/><W56/><G56/><T119/><D3/><AGARI ba="0,0" hai="3,4,11,68,70" m="35159,55415,43018" machi="3" ten="30,1000,0" yaku="15,1" doraHai="40" who="1" fromWho="0" sc="430,-10,290,10,100,0,180,0" owari="420,52.0,300,10.0,100,-40.0,180,-22.0" /></mjloggm>