<mjloggm ver="2.3"><GO type="169" lobby="0"/><UN n0="%E3%81%BE%E3%81%93%E3%81%95%E3%81%A8%76%65%72%32" n1="%E3%83%88%E3%83%88%E3%83%AA%E5%85%88%E7%94%9F%31%39%E6%AD%B3" n2="%E7%A5%9E%E5%A8%81%E9%BA%97%E7%92%83" n3="%E3%81%8D%E3%81%97%E3%82%8A%E3%81%A3%E3%81%97%E3%82%85" dan="17,18,16,17" rate="2196.64,2241.88,2112.40,2096.21" sx="M,F,M,M"/><TAIKYOKU oya="0"/><INIT seed="0,0,0,5,2,101" ten="250,250,250,250" oya="0" hai0="26,134,131,37,94,76,31,128,115,8,41,93,118" hai1="16,32,100,81,104,19,74,73,18,33,95,89,87" hai2="127,48,39,85,61,77,113,10,3,119,135,55,120" hai3="66,47,65,28,11,51,2,126,64,30,83,52,49"/><T98/><D115/><U82/><E95/><V86/><F113/><W105/><G126/><T34/><D118/><U90/><E90/><V58/><F127/><W60/><G60/><T63/><D134/><U46/><E46/><V38/><F135/><W56/><G105/><T21/><D76/><U45/><E45/><V88/><F120/><W6/><REACH who="3" step="1"/><G83/><REACH who="3" ten="250,250,250,240" step="2"/><T24/><D63/><U67/><E82/><V71/><F61/><W114/><G114/><T62/><D62/><U57/><E67/><V80/><F71/><W79/><G79/><T123/><D123/><U107/><E107/><V112/><F112/><W40/><AGARI ba="0,1" hai="2,6,11,28,30,40,47,49,51,52,56,64,65,66" machi="40" ten="30,4000,0" yaku="1,1,0,1,54,1,53,0" doraHai="101" doraHaiUra="14" who="3" fromWho="3" sc="250,-20,250,-10,250,-10,240,50" /><INIT seed="1,0,0,0,5,36" ten="230,240,240,290" oya="1" hai0="69,84,130,10,100,73,3,94,33,133,88,65,85" hai1="105,26,119,13,118,54,34,11,66,40,5,135,44" hai2="58,103,101,134,89,123,0,67,109,68,83,59,74" hai3="31,60,102,76,28,115,37,32,56,6,12,15,106"/><U122/><E122/><V35/><F123/><W111/><G115/><T127/><D33/><U97/><E135/><V45/><F35/><W64/><G76/><T55/><D73/><U1/><E54/><V23/><F68/><W39/><G106/><T43/><D43/><U91/><E66/><V8/><F134/><W116/><G102/><T129/><D55/><U95/><E105/><V117/><F117/><W120/><G116/><T126/><D65/><U2/><E2/><V41/><F109/><W49/><G120/><T62/><D62/><U30/><REACH who="1" step="1"/><E1/><REACH who="1" ten="230,230,240,290" step="2"/><V92/><F67/><W121/><G121/><T77/><D133/><U7/><E7/><V128/><F0/><W27/><G6/><T124/><D69/><U107/><E107/><V71/><F71/><W16/><G111/><T46/><D3/><U131/><E131/><V52/><F128/><W50/><G64/><T82/><D46/><U90/><E90/><V53/><F89/><W72/><G56/><T112/><D112/><U47/><E47/><V132/><F132/><W38/><G60/><T125/><D125/><U80/><E80/><V51/><F53/><W25/><G32/><T17/><D100/><U9/><E9/><V42/><F59/><W110/><G110/><T4/><D4/><U29/><E29/><V93/><F8/><W18/><G31/><T96/><D96/><U81/><E81/><V114/><F103/><W20/><G28/><T63/><D63/><U113/><E113/><V22/><F114/><W75/><G18/><T70/><D70/><U21/><E21/><V87/><F23/><RYUUKYOKU ba="0,1" sc="230,15,230,15,240,-15,290,-15" hai0="10,17,77,82,84,85,88,94,124,126,127,129,130" hai1="5,11,13,26,30,34,40,44,91,95,97,118,119" /><INIT seed="1,1,1,0,1,103" ten="245,245,225,275" oya="1" hai0="135,82,5,74,107,65,70,30,6,51,116,27,109" hai1="83,57,131,13,66,99,118,9,101,93,78,64,42" hai2="24,49,94,128,61,76,120,21,1,106,25,79,15" hai3="40,7,87,22,115,62,95,112,111,8,39,17,2"/><U71/><E118/><V18/><F120/><W37/><G37/><T105/><D116/><U134/><E71/><V91/><F1/><W119/><G119/><T12/><D109/><U73/><E131/><V23/><F128/><W36/><G36/><T123/><D135/><U29/><E134/><V59/><F106/><W113/><G111/><T80/><D123/><U20/><E42/><V43/><F43/><W75/><G75/><T81/><D74/><U88/><E57/><V84/><F49/><W45/><G62/><T63/><D51/><U48/><E48/><V127/><F127/><W67/><G67/><T97/><D97/><U14/><E14/><V133/><F133/><W124/><G124/><T125/><D125/><U11/><E11/><V26/><REACH who="2" step="1"/><F23/><REACH who="2" ten="245,245,215,275" step="2"/><W31/><G115/><T50/><D50/><U110/><E110/><V47/><F47/><W104/><G104/><T90/><D107/><U60/><E60/><V129/><F129/><W35/><G113/><T121/><D105/><U32/><E20/><V102/><F102/><W46/><G39/><T10/><D121/><U130/><E101/><V44/><F44/><W98/><G40/><T69/><D90/><U41/><E41/><V38/><F38/><W16/><G22/><T108/><D108/><U100/><E100/><V117/><F117/><W56/><G112/><T55/><D69/><U53/><E130/><V3/><F3/><W86/><G56/><T34/><D55/><AGARI ba="1,2" hai="15,18,21,24,25,26,55,59,61,76,79,84,91,94" machi="55" ten="40,5200,0" yaku="1,1,8,1,53,1" doraHai="103" doraHaiUra="89" who="2" fromWho="0" sc="245,-55,245,0,215,75,275,0" /><INIT seed="2,0,0,0,3,129" ten="190,245,290,275" oya="2" hai0="36,27,12,2,37,23,125,22,115,96,105,78,94" hai1="111,102,9,31,29,42,17,57,91,72,11,112,62" hai2="41,46,76,90,110,39,21,81,51,59,19,28,35" hai3="6,83,109,67,52,118,14,132,55,10,61,85,103"/><V44/><F110/><W8/><G109/><T80/><D2/><U30/><E111/><V79/><F35/><W128/><G118/><T123/><D115/><U49/><E72/><V116/><F116/><W100/><G132/><T47/><D105/><U95/><E102/><V107/><F107/><W133/><G128/><T65/><D123/><U86/><E112/><V56/><F28/><W131/><G131/><T87/><D125/><U18/><E49/><V121/><F121/><W70/><G133/><T77/><D65/><U1/><E42/><V34/><F34/><W4/><G103/><T98/><D78/><U120/><E120/><V26/><F90/><W43/><G100/><T74/><D74/><U84/><E84/><V124/><F124/><W24/><G24/><T33/><D33/><U48/><E48/><V16/><F19/><N who="1" m="7177" /><E1/><V58/><REACH who="2" step="1"/><F81/><REACH who="2" ten="190,245,280,275" step="2"/><W60/><G43/><AGARI ba="0,1" hai="16,21,26,39,41,43,44,46,51,56,58,59,76,79" machi="43" ten="40,7700,0" yaku="1,1,2,1,54,1,53,0" doraHai="129" doraHaiUra="5" who="2" fromWho="3" sc="190,0,245,0,280,87,275,-77" /><INIT seed="2,1,0,4,5,33" ten="190,245,367,198" oya="2" hai0="87,57,82,99,15,42,61,114,10,131,14,103,52" hai1="90,107,73,108,134,106,30,19,84,64,112,76,38" hai2="70,88,4,66,124,53,80,55,95,109,79,96,40" hai3="58,102,16,34,104,127,113,22,27,89,94,31,93"/><V5/><F124/><W63/><G127/><T18/><D131/><U35/><E112/><V13/><F109/><W78/><G113/><T49/><D114/><U6/><E38/><V48/><F70/><W8/><G78/><T17/><D42/><U1/><E108/><V101/><F66/><W3/><G104/><T132/><D132/><U46/><E134/><V110/><F110/><W100/><G94/><T44/><D99/><U32/><E46/><V97/><F40/><W71/><G71/><T120/><D120/><U128/><E128/><V12/><F12/><W11/><G34/><T39/><D103/><U67/><E19/><V105/><F13/><W91/><G31/><T24/><D24/><U50/><E50/><V20/><F20/><W77/><G77/><T135/><D39/><U0/><E76/><V45/><REACH who="2" step="1"/><F55/><REACH who="2" ten="190,245,357,198" step="2"/><W43/><G43/><T2/><D135/><U111/><E64/><V65/><F65/><W60/><G11/><T36/><D36/><U83/><E67/><V29/><F29/><W21/><G21/><T25/><D25/><U72/><E30/><V129/><F129/><W130/><G130/><T47/><D2/><U51/><E111/><V69/><F69/><W74/><G3/><T7/><D15/><U98/><E1/><V37/><F37/><W117/><G8/><T23/><D23/><U26/><E32/><V41/><F41/><W121/><G22/><T123/><D123/><U81/><E35/><V133/><F133/><W9/><G27/><T62/><D10/><U75/><E0/><V68/><F68/><W122/><G121/><RYUUKYOKU ba="1,1" sc="190,-10,245,-10,357,30,198,-10" hai2="4,5,45,48,53,79,80,88,95,96,97,101,105" /><INIT seed="2,2,1,2,5,60" ten="180,235,387,188" oya="2" hai0="6,5,78,15,50,11,84,21,105,56,29,106,70" hai1="47,16,98,74,30,40,77,135,42,0,124,53,20" hai2="79,9,37,85,51,71,34,75,8,25,64,55,59" hai3="27,116,18,66,62,80,45,101,114,13,86,43,4"/><V115/><F115/><W125/><G116/><T127/><D70/><U122/><E0/><V31/><F75/><W90/><G114/><T41/><D127/><U10/><E124/><V54/><F37/><W103/><G125/><T89/><D5/><U7/><E135/><V81/><REACH who="2" step="1"/><F55/><REACH who="2" ten="180,235,377,188" step="2"/><W91/><G43/><T63/><D41/><U112/><E53/><V100/><F100/><W109/><G103/><T48/><D106/><U19/><E42/><V28/><F28/><W23/><G101/><T24/><D105/><U72/><E112/><V130/><F130/><W118/><G118/><T22/><D78/><U102/><E30/><V26/><F26/><W119/><G119/><T57/><D29/><U87/><E74/><V36/><F36/><W65/><G91/><T97/><D24/><U110/><E72/><V111/><F111/><W113/><G109/><T96/><D89/><U128/><E110/><V46/><F46/><W61/><G45/><T33/><D97/><U99/><E102/><V129/><F129/><W68/><G113/><T35/><D96/><U17/><E99/><V73/><F73/><W69/><G27/><T38/><D38/><N who="1" m="21911" /><E98/><V49/><F49/><W88/><G90/><T82/><D50/><U108/><E128/><V123/><F123/><W121/><G121/><T131/><D48/><U76/><E122/><V132/><F132/><W93/><G93/><T92/><D92/><U3/><E108/><V107/><F107/><W32/><G32/><T117/><D131/><U67/><E77/><V39/><F39/><W133/><G133/><T12/><D117/><RYUUKYOKU ba="2,2" sc="180,-15,235,-15,377,15,188,15" hai2="8,9,25,31,34,51,54,59,64,71,79,81,85" hai3="4,13,18,23,61,62,65,66,68,69,80,86,88" /><INIT seed="2,3,2,3,5,109" ten="165,220,392,203" oya="2" hai0="133,54,131,101,83,26,13,37,99,132,60,25,41" hai1="78,38,10,2,87,106,15,45,117,116,47,72,124" hai2="121,81,80,70,65,31,35,42,92,64,49,17,48" hai3="94,77,51,120,21,134,59,44,95,46,114,39,43"/><V111/><F121/><W122/><G77/><T56/><D131/><U107/><E124/><V88/><F111/><W93/><G59/><T12/><D83/><N who="2" m="31818" /><F35/><W4/><G4/><T55/><D55/><U5/><E72/><V3/><F3/><W108/><G108/><T7/><D41/><U33/><E87/><V63/><F70/><W53/><G134/><N who="0" m="51819" /><D37/><U126/><E78/><V115/><F115/><W112/><REACH who="3" step="1"/><G21/><REACH who="3" ten="165,220,392,193" step="2"/><T28/><D7/><U40/><E5/><V119/><F119/><W20/><G20/><N who="0" m="15399" /><D26/><U125/><E117/><V97/><F65/><W34/><G34/><T110/><D110/><U22/><E33/><V79/><F79/><W36/><G36/><T14/><D14/><U0/><E22/><V90/><F64/><W29/><G29/><T18/><D18/><N who="1" m="8567" /><E116/><V8/><F31/><W1/><G1/><T129/><D129/><U105/><E2/><V84/><F17/><W128/><G128/><T11/><D11/><U30/><E0/><V73/><F8/><W85/><G85/><T98/><D98/><U66/><E30/><V57/><F84/><W50/><G50/><T71/><D71/><U82/><E66/><N who="2" m="39279" /><F49/><W127/><G127/><N who="1" m="48650" /><E47/><N who="2" m="25719" /><F73/><W104/><G104/><AGARI ba="3,3" hai="12,13,54,56,60,99,101,104" m="15399,51819" machi="104" ten="30,1000,0" yaku="20,1" doraHai="109" who="0" fromWho="3" sc="165,49,220,0,392,0,193,-19" /><INIT seed="3,0,0,3,0,71" ten="214,220,392,174" oya="3" hai0="135,59,126,23,42,64,134,61,92,119,60,7,9" hai1="88,97,89,8,45,122,32,120,131,68,18,3,86" hai2="50,101,62,84,103,115,95,25,46,121,132,87,52" hai3="93,24,6,66,118,22,13,34,63,85,73,70,55"/><W117/><G73/><T30/><D119/><U96/><E68/><V98/><F115/><W90/><G34/><T38/><D126/><U40/><E32/><V17/><F132/><N who="0" m="50730" /><D92/><U15/><E131/><V21/><F121/><W53/><G6/><T114/><D114/><U36/><E3/><V37/><F37/><W91/><G13/><T123/><D123/><U58/><E58/><N who="2" m="35143" /><F103/><W2/><G2/><T43/><D38/><U79/><E79/><V82/><F82/><W77/><G77/><T48/><D48/><U78/><E78/><V110/><F110/><W106/><G106/><T104/><D104/><U47/><E47/><V33/><F33/><W1/><G1/><N who="0" m="239" /><D60/><U10/><E10/><V127/><F127/><W75/><G75/><T124/><D124/><U65/><E65/><V100/><F100/><W105/><G105/><T0/><D0/><U128/><E128/><V130/><F130/><W57/><G91/><T133/><D133/><U108/><E108/><V99/><F99/><W35/><G35/><T129/><D129/><U107/><E97/><V56/><F56/><W20/><G57/><T83/><D83/><U76/><E76/><V16/><F17/><N who="3" m="12303" /><G118/><T113/><D113/><U5/><E18/><V28/><F28/><W69/><G69/><T49/><D49/><U94/><E107/><V102/><F102/><W72/><G72/><T19/><D30/><U51/><E51/><V125/><F125/><W27/><G117/><T39/><D39/><U109/><E109/><V12/><F12/><AGARI ba="0,0" hai="12,19,23,42,43,59,61,64" m="239,50730" machi="12" ten="30,1000,0" yaku="20,1" doraHai="71" who="0" fromWho="2" sc="214,10,220,0,392,-10,174,0" /><INIT seed="4,0,0,2,4,92" ten="224,220,382,174" oya="0" hai0="121,72,54,39,132,119,66,109,105,43,73,90,52" hai1="47,1,24,44,113,29,78,6,96,30,124,116,28" hai2="22,84,76,31,45,93,46,87,40,94,101,85,68" hai3="57,79,11,117,38,115,37,107,0,41,20,42,67"/><T69/><D119/><U8/><E116/><V65/><F68/><W81/><G117/><T100/><D121/><U114/><E124/><V134/><F134/><W64/><G20/><T53/><D132/><U14/><E78/><V3/><F3/><W98/><G11/><T82/><D109/><U17/><E96/><V19/><F31/><N who="1" m="11849" /><E47/><V125/><F125/><W126/><G0/><T5/><D5/><U133/><E44/><N who="2" m="17003" /><F40/><W135/><G135/><T106/><D43/><U89/><E89/><V88/><F65/><W74/><G115/><N who="1" m="44042" /><E133/><V122/><F122/><W50/><G126/><T18/><D39/><U128/><E128/><V130/><F130/><W80/><G42/><T108/><D108/><U34/><E1/><V10/><F101/><W55/><G41/><T27/><D90/><U16/><AGARI ba="0,0" hai="6,8,14,16,17,24,30,34" m="44042,11849" machi="16" ten="30,8000,1" yaku="15,1,11,1,34,2,54,1" doraHai="92" who="1" fromWho="1" sc="224,-40,220,80,382,-20,174,-20" /><INIT seed="5,0,0,0,0,42" ten="184,300,362,154" oya="1" hai0="15,35,31,83,78,104,80,109,1,39,47,72,97" hai1="88,125,85,32,2,58,56,84,115,105,70,25,18" hai2="38,59,120,75,133,128,49,50,134,130,24,117,11" hai3="26,17,106,81,135,74,66,112,71,0,77,73,44"/><U69/><E105/><V76/><F38/><W8/><G17/><T4/><D109/><U22/><E2/><V33/><F120/><W61/><G112/><T79/><D15/><U12/><E115/><V96/><F117/><W57/><G135/><N who="2" m="51721" /><F96/><W111/><G111/><T16/><D16/><U86/><E125/><V113/><F113/><W127/><G127/><T14/><D14/><U55/><E58/><V93/><F93/><W7/><G26/><N who="0" m="18935" /><D97/><U54/><E54/><V114/><F114/><W68/><G106/><T13/><D13/><U48/><E32/><V100/><F100/><W40/><REACH who="3" step="1"/><G74/><REACH who="3" ten="184,300,362,144" step="2"/><N who="0" m="43095" /><D104/><U90/><E25/><V43/><F24/><W64/><G64/><T41/><D4/><U122/><E122/><V45/><F75/><W107/><G107/><T6/><D6/><U121/><E121/><V63/><F128/><W118/><G118/><T91/><D91/><U110/><E110/><V30/><F130/><W94/><G94/><T103/><D103/><U116/><E116/><V21/><F76/><W36/><AGARI ba="0,1" hai="0,7,8,36,40,44,57,61,66,68,71,73,77,81" machi="36" ten="20,12000,2" yaku="1,1,0,1,7,1,25,2,52,1,53,1" doraHai="42" doraHaiUra="60" who="3" fromWho="3" sc="184,-30,300,-60,362,-30,144,130" /><INIT seed="6,0,0,5,5,55" ten="154,240,332,274" oya="2" hai0="39,50,65,88,113,69,73,56,81,43,110,120,10" hai1="117,62,40,11,21,87,51,118,100,52,8,119,34" hai2="5,18,12,66,96,94,126,134,106,85,13,135,79" hai3="76,122,82,59,104,108,132,77,6,54,107,80,98"/><V72/><F126/><W99/><G6/><T38/><D120/><U47/><E34/><V75/><F5/><W127/><G122/><T130/><D110/><U121/><E121/><V90/><F66/><W71/><G71/><T123/><D113/><U78/><E100/><V30/><F30/><W33/><G33/><T20/><D123/><U74/><E74/><V115/><F115/><W29/><G29/><T112/><D112/><U9/><E21/><V111/><F111/><W36/><G36/><T44/><D130/><U46/><E62/><V3/><F3/><W35/><G35/><T24/><D10/><U14/><E78/><V95/><F106/><W89/><G132/><N who="2" m="50729" /><F79/><W97/><G89/><T84/><D73/><N who="2" m="28234" /><F18/><W48/><G127/><T125/><D125/><U16/><REACH who="1" step="1"/><E87/><REACH who="1" ten="154,230,332,274" step="2"/><V92/><F96/><W103/><G108/><T86/><D86/><U42/><E42/><V101/><F101/><W58/><G99/><T67/><D69/><U116/><N who="1" m="29696" /><DORA hai="41" /><U61/><E61/><V45/><F85/><W2/><G98/><T91/><D91/><U102/><E102/><V129/><F129/><W31/><G97/><T1/><D39/><AGARI ba="0,1" hai="8,9,11,14,16,39,40,46,47,51,52" m="29696" machi="39" ten="70,12000,2" yaku="1,1,52,2,54,2,53,1" doraHai="55,41" doraHaiUra="15,0" who="1" fromWho="0" sc="154,-120,230,130,332,0,274,0" /><INIT seed="7,0,0,0,1,134" ten="34,360,332,274" oya="3" hai0="70,69,135,3,94,99,2,50,27,116,45,23,35" hai1="5,18,124,47,62,14,88,91,29,105,21,13,97" hai2="76,58,81,93,121,65,39,129,22,89,25,54,106" hai3="46,4,95,59,102,34,127,55,133,0,108,109,68"/><W100/><G68/><T71/><D135/><U104/><E124/><V128/><F39/><W92/><G34/><T132/><D132/><U125/><E125/><V12/><F121/><W80/><G46/><T32/><D99/><U120/><E120/><V75/><F12/><W16/><G133/><T72/><D45/><U64/><E29/><V42/><F65/><W44/><G44/><T122/><D122/><U118/><E118/><V98/><F42/><W96/><G4/><T9/><D94/><U112/><E112/><V131/><F106/><W77/><G0/><T84/><D84/><U20/><E47/><V37/><F37/><W82/><G16/><T74/><D50/><U8/><E21/><V115/><F115/><W10/><G10/><T83/><D23/><U56/><E104/><V63/><REACH who="2" step="1"/><F22/><REACH who="2" ten="34,360,322,274" step="2"/><W110/><G127/><T41/><D41/><U48/><E48/><V52/><F52/><W101/><G59/><T78/><D116/><U113/><REACH who="1" step="1"/><E113/><REACH who="1" ten="34,350,322,274" step="2"/><V7/><F7/><W57/><G108/><T119/><D119/><U19/><E19/><V49/><F49/><N who="3" m="30959" /><G110/><T26/><D9/><U40/><E40/><V24/><AGARI ba="0,2" hai="24,25,54,58,63,75,76,81,89,93,98,128,129,131" machi="24" ten="40,12000,2" yaku="1,1,0,1,19,1,53,3" doraHai="134" doraHaiUra="126" who="2" fromWho="2" sc="34,-30,350,-30,322,140,274,-60" owari="4,-50.0,320,12.0,462,57.0,214,-19.0" /></mjloggm>