<mjloggm ver="2.3"><GO type="169" lobby="0"/><UN n0="%E6%9A%97%E3%81%84%E7%AC%A6" n1="%6D%69%74%73%75%36%31%31" n2="%E3%82%86%E3%81%84%E3%81%A1%E3%82%83%E3%82%93%E3%81%AE%E3%83%91%E3%83%91" n3="%E3%82%A6%E3%83%AB%E3%83%88%E3%83%A9%E7%AB%8B%E7%9B%B4" dan="17,17,18,17" rate="2167.14,2144.84,2091.14,2149.75" sx="M,M,M,M"/><TAIKYOKU oya="0"/><INIT seed="0,0,0,0,0,68" ten="250,250,250,250" oya="0" hai0="69,43,22,97,54,98,5,29,31,105,38,130,115" hai1="46,99,126,83,91,51,113,120,11,122,8,123,65" hai2="107,82,131,42,104,118,125,132,117,72,77,101,37" hai3="58,95,110,100,134,106,2,44,6,50,39,45,48"/><T55/><D69/><U56/><E113/><V63/><F63/><W129/><G106/><T52/><D115/><U57/><E126/><V17/><F17/><W64/><G95/><T13/><D105/><U79/><E65/><V4/><F125/><W84/><G84/><T116/><D116/><N who="2" m="44650" /><F131/><W70/><G100/><T76/><D76/><U36/><E99/><V16/><F132/><W81/><G81/><T30/><D130/><U89/><E79/><V93/><F4/><W128/><G2/><T26/><D5/><U78/><E78/><V92/><F92/><W19/><G19/><T59/><D13/><U10/><E83/><V127/><F127/><W87/><G6/><T94/><D59/><U15/><E15/><V90/><F16/><W119/><G119/><T14/><D14/><U34/><E34/><V66/><F66/><W53/><G134/><T24/><D94/><U25/><E25/><V1/><F1/><W102/><G70/><T7/><D7/><U108/><E51/><V121/><F121/><W3/><G3/><T61/><D61/><U135/><E135/><V33/><F33/><W21/><G64/><T124/><D124/><U20/><E20/><V18/><F18/><W85/><G21/><T9/><D9/><U0/><E0/><V35/><F35/><W32/><G32/><N who="0" m="20519" /><D31/><U23/><E23/><V60/><F101/><W96/><G129/><T49/><D49/><U114/><E114/><V40/><F60/><W80/><G50/><T67/><D67/><U111/><E120/><V133/><F133/><W103/><G128/><T62/><D62/><RYUUKYOKU ba="0,0" sc="250,30,250,-10,250,-10,250,-10" hai0="22,26,30,38,43,52,54,55,97,98" /><INIT seed="0,1,0,1,3,131" ten="280,240,240,240" oya="0" hai0="83,108,126,106,17,16,129,68,102,25,121,40,133" hai1="70,85,65,74,13,92,9,69,122,35,115,72,51" hai2="38,49,6,105,2,96,116,112,20,78,123,98,120" hai3="57,59,124,19,81,75,33,36,29,1,53,101,4"/><T5/><D68/><U32/><E122/><V91/><F49/><W125/><G101/><T52/><D121/><N who="2" m="46666" /><F38/><W30/><G4/><T90/><D40/><U88/><E115/><V93/><F20/><W103/><G1/><T111/><D5/><U54/><E70/><V11/><F11/><W87/><G103/><T130/><D102/><U50/><E50/><V61/><F61/><W84/><G19/><N who="0" m="7243" /><D106/><U18/><E35/><V15/><F15/><W34/><G75/><T97/><D25/><U3/><E32/><V67/><F67/><W27/><G27/><T89/><D83/><U48/><E48/><V8/><F112/><W71/><G81/><T95/><D90/><U41/><E41/><V110/><F116/><W42/><G42/><T44/><D126/><U55/><E3/><V104/><F78/><W24/><G24/><T107/><D107/><U28/><E28/><V37/><F37/><W14/><G36/><T63/><D44/><U21/><E9/><V43/><F43/><W45/><G45/><T94/><D95/><U64/><E55/><V118/><F118/><W100/><G53/><T56/><D133/><U76/><E76/><V10/><F10/><W109/><G71/><T128/><AGARI ba="1,0" hai="52,56,63,89,94,97,108,111,128,129,130" m="7243" machi="128" ten="40,7800,0" yaku="19,1,54,2" doraHai="131" who="0" fromWho="0" sc="280,81,240,-27,240,-27,240,-27" /><INIT seed="0,2,0,0,3,35" ten="361,213,213,213" oya="0" hai0="103,111,96,101,133,40,135,28,134,44,45,75,20" hai1="46,97,5,87,42,16,60,70,71,48,114,38,132" hai2="117,8,0,4,78,3,53,6,56,14,21,105,57" hai3="104,22,115,126,72,54,68,116,61,41,119,15,108"/><T129/><D75/><U33/><E33/><V49/><F105/><W9/><G115/><T29/><D129/><U118/><E118/><V99/><F117/><W13/><G104/><T106/><D103/><U127/><E114/><V39/><F39/><W73/><G41/><T76/><D76/><U86/><E5/><V37/><F37/><W107/><G107/><T95/><D106/><U94/><E127/><V55/><F78/><W27/><G126/><T64/><D64/><U51/><E132/><V30/><F99/><W10/><G108/><T11/><D111/><U74/><E74/><V67/><F6/><W91/><G91/><T112/><D112/><U88/><E71/><V79/><F67/><W93/><G93/><T2/><D20/><U69/><E69/><V100/><F100/><W1/><G22/><T77/><D77/><U110/><E110/><V125/><F79/><W18/><G68/><T36/><D45/><U80/><E86/><V63/><REACH who="2" step="1"/><F125/><REACH who="2" ten="361,213,203,213" step="2"/><W130/><G116/><T102/><D102/><U25/><E70/><V124/><F124/><W128/><G119/><T122/><D122/><U31/><E60/><V121/><F121/><W34/><G61/><T62/><D62/><U24/><E38/><V131/><F131/><W81/><G130/><T83/><D83/><U47/><E97/><V59/><F59/><W65/><G81/><T23/><D23/><U32/><E80/><V7/><F7/><AGARI ba="2,1" hai="2,7,11,28,29,36,40,44,95,96,101,133,134,135" machi="7" ten="40,3900,0" yaku="20,1,52,1" doraHai="35" who="0" fromWho="2" sc="361,55,213,0,203,-45,213,0" /><INIT seed="0,3,0,4,0,42" ten="416,213,158,213" oya="0" hai0="79,52,101,90,89,18,10,80,121,47,78,107,12" hai1="93,54,1,56,91,55,84,23,35,75,85,73,24" hai2="30,17,105,16,122,87,72,48,74,125,29,7,102" hai3="69,92,46,115,88,110,108,113,124,114,28,13,40"/><T38/><D121/><U126/><E1/><V11/><F122/><W44/><G69/><T117/><D117/><U6/><E6/><V127/><F87/><W51/><G124/><T67/><D67/><U104/><E104/><V39/><F39/><W59/><G28/><N who="2" m="10857" /><F102/><W123/><G123/><T77/><D38/><U62/><E126/><N who="2" m="48139" /><F105/><W14/><G59/><T63/><D63/><U82/><E35/><V49/><F49/><W71/><G71/><T100/><D107/><U128/><E128/><V41/><F41/><W20/><G46/><T118/><D118/><U97/><E85/><V50/><F50/><W65/><G65/><T81/><D81/><U133/><E133/><V70/><F48/><W112/><N who="3" m="28672" /><DORA hai="34" /><W32/><G32/><T134/><D134/><U130/><E130/><V60/><F60/><W61/><G61/><T131/><D131/><U31/><REACH who="1" step="1"/><E55/><REACH who="1" ten="416,203,158,213" step="2"/><V26/><F7/><W37/><G37/><T96/><D52/><U68/><E68/><V4/><F70/><W27/><G110/><T53/><D96/><U5/><E5/><V106/><F106/><W83/><G108/><T64/><D53/><U94/><E94/><V33/><F72/><W109/><G109/><T76/><D80/><U43/><E43/><V45/><F74/><W135/><G83/><T111/><D111/><U86/><E86/><V66/><F33/><W21/><G135/><T3/><D3/><U116/><E116/><V99/><F4/><W19/><G40/><T119/><N who="0" m="19456" /><DORA hai="15" /><T120/><D119/><U132/><E132/><V98/><F98/><W58/><G92/><RYUUKYOKU ba="3,1" sc="416,-10,203,30,158,-10,213,-10" hai1="23,24,31,54,56,62,73,75,82,84,91,93,97" /><INIT seed="1,4,1,3,3,91" ten="406,233,148,203" oya="1" hai0="42,128,92,73,67,66,19,77,34,46,129,0,3" hai1="27,28,84,54,7,15,115,63,43,119,69,124,132" hai2="89,127,122,96,65,103,20,38,45,114,87,125,26" hai3="72,16,93,47,57,62,75,64,70,95,94,133,88"/><U81/><E119/><V58/><F122/><W24/><G70/><T51/><D34/><U109/><E115/><V8/><F8/><W56/><G133/><T117/><D117/><U61/><E132/><V23/><F114/><W100/><G100/><T53/><D77/><U21/><E43/><V131/><F131/><N who="0" m="50250" /><D73/><U37/><E37/><V6/><F6/><W99/><G75/><T31/><D31/><U76/><E124/><V74/><F74/><W39/><G72/><T13/><D53/><U90/><E69/><V130/><F130/><W112/><G112/><T104/><D104/><U1/><E1/><N who="0" m="585" /><D92/><U110/><E76/><V126/><F126/><W9/><G57/><T29/><D29/><U108/><REACH who="1" step="1"/><E54/><REACH who="1" ten="406,223,148,203" step="2"/><V10/><F125/><W68/><G68/><T44/><D42/><U71/><E71/><V33/><F127/><W48/><G39/><T52/><D46/><U116/><E116/><V17/><F45/><W36/><G36/><T79/><D79/><U105/><E105/><V118/><F38/><W82/><G47/><T12/><D52/><U35/><E35/><V2/><F33/><W113/><G113/><T106/><D44/><U55/><E55/><V80/><F118/><W22/><G48/><T85/><D106/><U49/><E49/><V78/><F78/><W25/><G99/><T4/><D51/><U11/><AGARI ba="4,2" hai="7,11,15,21,27,28,61,63,81,84,90,108,109,110" machi="11" ten="40,12000,1" yaku="1,1,0,1,14,1,10,1,53,0" doraHai="91" doraHaiUra="135" who="1" fromWho="1" sc="406,-44,223,152,148,-44,203,-44" /><INIT seed="1,5,0,2,2,75" ten="362,375,104,159" oya="1" hai0="115,22,127,1,101,113,33,41,2,71,39,98,27" hai1="7,84,51,53,44,85,9,94,36,78,35,28,60" hai2="48,125,45,114,81,24,123,106,29,135,72,117,59" hai3="12,76,110,16,63,32,77,116,5,118,109,100,55"/><U14/><E36/><V67/><F123/><W56/><G32/><T68/><D22/><U104/><E104/><V17/><F117/><N who="3" m="45163" /><G100/><T61/><D127/><U89/><E35/><V83/><F106/><W65/><G5/><T40/><D40/><U0/><E28/><V73/><F125/><W31/><G31/><N who="0" m="19711" /><D71/><U18/><E60/><N who="2" m="38303" /><F73/><W91/><G91/><T8/><D41/><U131/><E131/><V46/><F72/><W132/><G132/><T26/><D26/><U49/><E49/><V121/><F135/><W93/><G93/><T97/><D97/><U54/><E54/><V58/><F121/><W129/><G129/><T79/><D39/><U42/><E53/><N who="2" m="32039" /><F114/><W15/><G110/><T99/><D1/><U87/><REACH who="1" step="1"/><E78/><REACH who="1" ten="362,365,104,159" step="2"/><N who="3" m="30314" /><G109/><T47/><D115/><U111/><E111/><V50/><F29/><W122/><G122/><T120/><D113/><U37/><E37/><V52/><F45/><W90/><G55/><T43/><D120/><U57/><E57/><V80/><F52/><W102/><G56/><T74/><D68/><U128/><E128/><V4/><F46/><W66/><G63/><T11/><D61/><U62/><E62/><V13/><F50/><W92/><G66/><T38/><D47/><U95/><E95/><V96/><F80/><W70/><G65/><T6/><D38/><U3/><E3/><V20/><F83/><W112/><G70/><T119/><D119/><U134/><E134/><V25/><F81/><W88/><G112/><T10/><D2/><U124/><E124/><V86/><F20/><AGARI ba="5,1" hai="0,7,9,14,18,20,42,44,51,84,85,87,89,94" machi="20" ten="30,2900,0" yaku="1,1,7,1,53,0" doraHai="75" doraHaiUra="21" who="1" fromWho="2" sc="362,0,365,54,104,-44,159,0" /><INIT seed="1,6,0,3,3,33" ten="362,419,60,159" oya="1" hai0="87,2,71,69,75,128,15,35,123,21,111,9,83" hai1="108,57,26,82,37,121,59,88,62,18,96,43,5" hai2="105,132,124,74,112,104,78,36,41,42,44,102,19" hai3="63,68,125,126,45,133,85,56,129,27,12,76,25"/><U107/><E121/><V113/><F42/><W47/><G68/><T135/><D75/><U3/><E107/><V1/><F19/><W99/><G99/><T86/><D35/><U22/><E108/><V91/><F91/><W81/><G12/><T4/><D111/><U58/><E37/><V14/><F14/><W55/><G129/><T29/><D128/><U70/><E43/><V79/><F124/><W94/><G94/><T115/><D115/><N who="2" m="44106" /><F132/><W13/><G13/><T80/><D135/><U109/><E109/><V17/><F17/><W7/><G7/><T31/><D123/><U95/><E82/><N who="2" m="45399" /><F79/><W38/><G133/><T60/><D60/><U50/><E50/><V127/><F127/><N who="3" m="48651" /><G38/><T97/><D97/><U122/><E70/><V48/><F48/><N who="3" m="29087" /><G45/><T64/><D64/><AGARI ba="6,0" hai="25,27,56,63,64,76,81,85" m="29087,48651" machi="64" ten="30,1000,0" yaku="18,1" doraHai="33" who="3" fromWho="0" sc="362,-28,419,0,60,0,159,28" /><INIT seed="2,0,0,0,4,129" ten="334,419,60,187" oya="2" hai0="27,109,106,65,71,120,91,13,124,4,130,84,76" hai1="50,133,0,127,92,113,44,85,19,3,96,36,100" hai2="69,104,33,121,48,108,12,80,61,49,8,34,58" hai3="11,9,1,51,70,45,42,117,87,32,135,93,134"/><V118/><F121/><W123/><G117/><T125/><D106/><U16/><E113/><V90/><F118/><W53/><G70/><T79/><D120/><U94/><E36/><V26/><F104/><W99/><G32/><T119/><D119/><U31/><E31/><V52/><F108/><W6/><G123/><T10/><D130/><U83/><E92/><V30/><F34/><W46/><G87/><T97/><D97/><U116/><E116/><V17/><REACH who="2" step="1"/><F69/><REACH who="2" ten="334,419,50,187" step="2"/><W7/><G42/><T29/><D109/><U57/><E127/><V24/><F24/><W60/><G45/><T2/><D125/><U111/><E111/><V115/><F115/><W56/><G46/><T15/><D124/><U126/><E126/><V62/><F62/><W72/><G60/><T68/><D68/><U21/><E57/><V39/><F39/><W28/><G56/><T102/><D27/><U38/><E38/><V40/><F40/><W47/><G47/><T14/><D71/><U107/><E107/><V55/><F55/><W131/><G53/><T95/><D65/><U20/><E50/><V105/><F105/><W64/><G51/><T37/><D37/><U122/><E122/><V18/><F18/><W89/><G131/><T78/><D29/><U5/><E44/><V110/><F110/><W41/><G64/><T54/><D54/><U86/><E19/><V25/><F25/><W101/><G41/><T81/><D102/><U23/><E100/><V74/><F74/><W63/><G72/><T73/><AGARI ba="0,1" hai="2,4,10,13,14,15,73,76,78,79,81,84,91,95" machi="73" ten="30,1100,0" yaku="0,1" doraHai="129" who="0" fromWho="0" sc="334,21,419,-3,50,-5,187,-3" /><INIT seed="3,0,0,0,3,124" ten="355,416,45,184" oya="3" hai0="31,54,123,61,87,9,74,111,90,108,102,88,7" hai1="121,128,96,44,6,133,105,40,75,134,131,1,3" hai2="122,39,43,60,109,36,91,100,117,28,114,14,23" hai3="20,57,77,10,95,64,71,112,52,34,126,104,94"/><W85/><G104/><T106/><D31/><U4/><E121/><V135/><F117/><W26/><G34/><T59/><D74/><U55/><E55/><V118/><F118/><W99/><G112/><T58/><D123/><U22/><E22/><V130/><F109/><N who="0" m="42058" /><D102/><N who="1" m="62663" /><E75/><V68/><F122/><W8/><G126/><T24/><D24/><U25/><E25/><V113/><F100/><N who="3" m="60535" /><G71/><T103/><D103/><U17/><E17/><N who="2" m="10679" /><F28/><N who="3" m="17479" /><G64/><N who="0" m="38967" /><D106/><U81/><E81/><V63/><F68/><W132/><G132/><N who="1" m="50794" /><E4/><V37/><F135/><W73/><G73/><T35/><D35/><U78/><E78/><V45/><F114/><W116/><G116/><T15/><D87/><U127/><E127/><V84/><F113/><W98/><G85/><T101/><D101/><U18/><E18/><V92/><F84/><W48/><G77/><T16/><D7/><U56/><E56/><V82/><F91/><AGARI ba="0,0" hai="8,10,48,52,57,91,95,98" m="17479,60535" machi="91" ten="30,2900,0" yaku="8,1,54,1" doraHai="124" who="3" fromWho="2" sc="355,0,416,0,45,-29,184,29" /><INIT seed="3,1,0,5,1,101" ten="355,416,16,213" oya="3" hai0="0,58,78,52,132,29,89,122,75,72,55,39,19" hai1="47,87,16,9,12,80,62,133,95,50,35,70,33" hai2="83,37,86,124,41,97,126,113,114,73,67,42,119" hai3="61,127,85,91,92,46,121,59,31,18,1,26,8"/><W24/><G121/><T22/><D0/><U116/><E133/><V90/><F67/><W4/><G127/><N who="2" m="48681" /><F37/><W81/><G46/><T44/><D122/><U94/><E116/><V3/><F3/><W134/><G134/><T99/><D29/><U111/><E111/><V128/><F42/><W79/><G18/><T118/><D118/><U135/><E135/><V27/><F41/><W28/><G28/><T112/><D78/><U2/><E2/><V49/><F49/><W107/><G107/><T77/><D77/><U123/><E123/><V64/><F64/><W109/><G31/><T54/><D112/><U68/><E68/><V74/><F27/><W82/><G82/><T105/><D132/><U60/><E70/><V88/><F119/><W98/><REACH who="3" step="1"/><G109/><REACH who="3" ten="355,416,16,203" step="2"/><T57/><D105/><U21/><E35/><V104/><F128/><W65/><AGARI ba="1,1" hai="1,4,8,24,26,59,61,65,79,81,85,91,92,98" machi="65" ten="20,12000,1" yaku="1,1,2,1,0,1,7,1,53,1" doraHai="101" doraHaiUra="7" who="3" fromWho="3" sc="355,-41,416,-41,16,-41,203,133" owari="314,-9.0,375,48.0,-25,-53.0,336,14.0" /></mjloggm>