<mjloggm ver="2.3"><GO type="169" lobby="0"/><UN n0="%E5%B0%B1%E6%B4%BB%E7%94%9F%40%E5%B7%9D%E6%9D%91%E8%BB%8D%E5%9B%A3" n1="%E6%9D%9F%E5%AD%90" n2="%E3%81%84%E3%81%9F%E3%83%92%E3%83%AD" n3="%E3%81%B5%E3%81%8F%E3%82%84%E3%82%93" dan="17,17,17,17" rate="2131.87,2199.96,2153.21,2106.94" sx="M,M,M,M"/><TAIKYOKU oya="0"/><INIT seed="0,0,0,4,1,67" ten="250,250,250,250" oya="0" hai0="29,109,51,126,70,53,95,18,54,33,93,133,82" hai1="15,77,63,39,102,108,24,22,112,12,64,125,20" hai2="84,3,98,114,56,79,7,30,34,103,128,88,37" hai3="50,36,124,35,57,49,16,65,55,9,76,28,117"/><T58/><D126/><U80/><E108/><V14/><F37/><W85/><G36/><T123/><D123/><U47/><E125/><V66/><F3/><W127/><G117/><T130/><D133/><U96/><E47/><V75/><F114/><W32/><G65/><T81/><D70/><U105/><E39/><V90/><F75/><W118/><G118/><T46/><D130/><U52/><E112/><V19/><F7/><W110/><G110/><T62/><D109/><U74/><E22/><N who="2" m="11639" /><F34/><W31/><G85/><T71/><D71/><U72/><E72/><V1/><F1/><W0/><G0/><T10/><D29/><U92/><E105/><V106/><F106/><W8/><G76/><T100/><D33/><U113/><E52/><V91/><F30/><W87/><G87/><T69/><D69/><U122/><E122/><V4/><F4/><W115/><G55/><T17/><D17/><U101/><E101/><V2/><F2/><W44/><G16/><T104/><D104/><U131/><E131/><V41/><F41/><W21/><G115/><T40/><D40/><U23/><E23/><V61/><F128/><W59/><G21/><T73/><D73/><U86/><E74/><V132/><F132/><W111/><G111/><T68/><D68/><N who="1" m="42015" /><E113/><V116/><F116/><W26/><REACH who="3" step="1"/><G44/><REACH who="3" ten="250,250,250,240" step="2"/><T42/><D54/><U60/><E20/><V48/><F79/><W5/><G5/><T38/><D38/><U6/><E6/><V121/><F121/><W45/><G45/><T11/><D18/><U97/><E77/><V25/><F84/><W99/><G99/><RYUUKYOKU ba="0,1" sc="250,-10,250,-10,250,-10,240,30" hai3="8,9,26,28,31,32,35,49,50,57,59,124,127" /><INIT seed="1,1,1,2,2,110" ten="240,240,240,270" oya="1" hai0="24,47,81,29,129,74,108,72,10,107,104,56,134" hai1="97,96,133,93,14,123,95,46,38,90,59,87,6" hai2="106,11,82,85,19,0,125,31,27,92,94,45,44" hai3="5,60,89,100,120,50,41,122,21,127,30,73,18"/><U34/><E34/><V124/><F106/><W52/><G73/><T55/><D108/><U51/><E123/><V128/><F128/><W105/><G30/><T130/><D134/><U37/><E133/><V79/><F94/><W83/><G5/><T84/><D47/><U121/><E121/><V101/><F101/><W4/><G4/><T116/><D10/><U7/><E59/><V58/><F58/><W117/><G41/><T2/><D2/><U77/><E77/><V62/><F62/><W71/><G117/><T3/><D3/><U8/><E6/><V69/><F69/><W61/><G61/><T109/><D109/><U64/><E64/><V63/><F63/><W111/><G111/><T86/><D116/><U76/><E76/><V48/><F92/><W88/><G60/><N who="0" m="35871" /><D104/><U78/><E78/><V119/><F119/><W68/><G68/><T9/><D9/><U65/><E65/><V98/><F98/><W26/><G71/><T70/><D107/><U13/><E13/><N who="2" m="7615" /><F48/><W25/><G105/><T32/><D70/><U28/><E28/><V35/><F0/><W91/><G100/><T17/><D74/><U66/><E66/><V114/><F114/><W99/><G99/><N who="1" m="37962" /><E95/><V42/><F42/><W20/><G122/><T1/><D1/><U135/><E135/><V16/><F16/><N who="3" m="12423" /><G120/><T12/><D72/><U53/><E38/><V39/><F39/><W131/><G131/><N who="0" m="50187" /><D81/><U67/><E37/><V103/><F103/><W15/><G83/><T40/><D40/><U23/><E67/><V132/><F132/><W75/><G75/><T22/><AGARI ba="1,1" hai="12,17,22,24,29,32,84,86" m="50187,35871" machi="22" ten="30,2000,0" yaku="5,1,19,1" doraHai="110" who="0" fromWho="0" sc="240,33,240,-11,240,-6,270,-6" /><INIT seed="2,0,0,5,0,132" ten="273,229,234,264" oya="2" hai0="9,27,102,28,76,46,97,30,94,103,59,92,117" hai1="89,133,114,64,112,29,16,39,130,100,87,61,98" hai2="74,15,40,84,88,135,55,75,85,96,60,19,134" hai3="24,83,125,69,42,35,49,10,115,122,120,57,34"/><V3/><F3/><W108/><G69/><T62/><D117/><U118/><E118/><V86/><F40/><W116/><G116/><T101/><D76/><U8/><E39/><V63/><F55/><N who="3" m="31983" /><G42/><T25/><D9/><U123/><E133/><N who="2" m="50699" /><F63/><W68/><G68/><T0/><D0/><U106/><E130/><V53/><F53/><W37/><G37/><T79/><D79/><U7/><E123/><V71/><F60/><W107/><G107/><T1/><D46/><U5/><E112/><V77/><F71/><W78/><G115/><T23/><D1/><U4/><E114/><V31/><F31/><W131/><G10/><T56/><D94/><U36/><E36/><V18/><F77/><W52/><G52/><T54/><REACH who="0" step="1"/><D56/><REACH who="0" ten="263,229,234,264" step="2"/><U127/><E8/><N who="2" m="6503" /><F19/><W20/><G78/><T48/><D48/><U95/><E16/><V73/><F96/><W33/><G120/><T119/><D119/><U104/><E104/><V67/><F67/><W32/><G122/><T45/><D45/><U44/><E44/><V47/><F47/><W26/><G131/><T121/><D121/><U80/><E106/><V22/><F22/><AGARI ba="0,1" hai="22,23,25,27,28,30,54,59,62,92,97,101,102,103" machi="22" ten="30,7700,0" yaku="1,1,7,1,9,1,8,1,53,0" doraHai="132" doraHaiUra="38" who="0" fromWho="2" sc="263,87,229,0,234,-77,264,0" /><INIT seed="3,0,0,2,2,84" ten="350,229,157,264" oya="3" hai0="12,91,9,47,38,7,85,67,127,11,33,79,56" hai1="13,114,51,25,126,107,53,6,20,24,118,54,65" hai2="35,100,99,49,3,77,111,39,93,0,70,68,64" hai3="43,30,133,58,108,82,86,66,61,15,87,19,105"/><W5/><G105/><T40/><D33/><U104/><E114/><V88/><F39/><W27/><G133/><T73/><D127/><U78/><E126/><V59/><F77/><W2/><G43/><T123/><D123/><U113/><E113/><V36/><F35/><W21/><G108/><T76/><D73/><U63/><E78/><V48/><F36/><W83/><G87/><T14/><D56/><U55/><E104/><V135/><F135/><W80/><G2/><T18/><REACH who="0" step="1"/><D67/><REACH who="0" ten="340,229,157,264" step="2"/><U34/><E34/><V46/><F111/><W72/><G72/><T57/><D57/><U81/><E118/><V17/><F70/><W22/><G5/><T69/><D69/><U4/><E65/><V116/><F68/><W134/><G134/><T50/><D50/><U130/><E51/><V117/><F116/><W115/><G115/><T110/><D110/><U26/><E63/><N who="2" m="38015" /><F117/><W44/><G44/><T129/><D129/><U98/><E130/><V97/><F0/><W60/><G61/><T32/><D32/><U131/><E131/><V16/><F3/><W1/><G1/><T112/><D112/><U94/><E107/><V128/><F49/><W71/><G71/><T122/><D122/><U8/><E6/><V10/><F128/><W62/><G60/><T95/><AGARI ba="0,1" hai="7,9,11,12,14,18,38,40,47,76,79,85,91,95" machi="95" ten="20,5200,0" yaku="1,1,0,1,7,1,52,1,53,0" doraHai="84" doraHaiUra="29" who="0" fromWho="0" sc="340,62,229,-13,157,-13,264,-26" /><INIT seed="4,0,0,3,4,69" ten="402,216,144,238" oya="0" hai0="74,127,23,105,60,86,66,51,2,28,53,122,126" hai1="1,107,97,91,102,16,63,44,7,48,103,87,96" hai2="106,112,81,19,41,129,33,133,4,85,37,117,82" hai3="83,120,101,121,131,79,20,26,55,49,109,25,14"/><T75/><D122/><N who="3" m="47209" /><G131/><T73/><D2/><U90/><E7/><V13/><F106/><W124/><G124/><T93/><D105/><U10/><E1/><V68/><F33/><W67/><G67/><T94/><D28/><U17/><E63/><V77/><F68/><W43/><G43/><T118/><D23/><U29/><E29/><V24/><F129/><W34/><G101/><T57/><D118/><U47/><E47/><V64/><F117/><W72/><G109/><T11/><D11/><U58/><E58/><V27/><F64/><W31/><G14/><T8/><D8/><U95/><E10/><V50/><F4/><W114/><G114/><T113/><D113/><U110/><E110/><V42/><F112/><W88/><G88/><T130/><D130/><U108/><E108/><V62/><F62/><W21/><G26/><N who="2" m="9769" /><F37/><W0/><G0/><T18/><D18/><U3/><E3/><V38/><F38/><W65/><G65/><T70/><D86/><U135/><E135/><V54/><F82/><W59/><AGARI ba="0,0" hai="20,21,25,31,34,49,55,59,72,79,83" m="47209" machi="59" ten="30,1100,0" yaku="13,1" doraHai="69" who="3" fromWho="3" sc="402,-5,216,-3,144,-3,238,11" /><INIT seed="5,0,0,3,2,101" ten="397,213,141,249" oya="1" hai0="61,126,49,54,39,27,125,92,21,119,131,42,122" hai1="132,98,75,86,135,95,87,120,58,88,76,35,78" hai2="128,63,16,20,81,91,38,97,34,99,64,4,51" hai3="17,83,56,28,121,109,108,117,67,113,40,70,72"/><U53/><E35/><V130/><F38/><W85/><G72/><T66/><D119/><U14/><E14/><N who="2" m="9239" /><F34/><W133/><G121/><T94/><D131/><N who="2" m="50218" /><F4/><W24/><G70/><T0/><D0/><U43/><E43/><V52/><F81/><W10/><G40/><T62/><D42/><U73/><E53/><V50/><F50/><W15/><G117/><T3/><D3/><U123/><E58/><N who="2" m="36983" /><F91/><W55/><G83/><T110/><D39/><U106/><E106/><V79/><F79/><N who="1" m="30249" /><E75/><V57/><AGARI ba="0,0" hai="51,52,57,97,99" m="36983,50218,9239" machi="57" ten="30,4000,0" yaku="19,1,54,2" doraHai="101" who="2" fromWho="2" sc="397,-10,213,-20,141,40,249,-10" /><INIT seed="6,0,0,5,5,8" ten="387,193,181,239" oya="2" hai0="6,44,81,69,128,16,67,87,36,120,73,124,5" hai1="60,56,18,123,21,100,34,65,110,37,28,116,11" hai2="126,99,32,13,50,49,115,94,107,23,57,45,38" hai3="68,121,0,14,91,35,117,29,51,114,127,64,113"/><V80/><F32/><W132/><G0/><T104/><D73/><U77/><E110/><V86/><F107/><W4/><G121/><T47/><D104/><U130/><E116/><V42/><F115/><W26/><G117/><T58/><D69/><U43/><E130/><V12/><F126/><W84/><G127/><T40/><D47/><U92/><E34/><V85/><F38/><W134/><G51/><T72/><D120/><U98/><E123/><V131/><F131/><W76/><G76/><T103/><D72/><U20/><E77/><N who="2" m="46223" /><F86/><W135/><G64/><T78/><D103/><U108/><E108/><V95/><F23/><W30/><G30/><T93/><D124/><U55/><E28/><V62/><F50/><W106/><G68/><T15/><D128/><U22/><E11/><V25/><F25/><W112/><G106/><T111/><D111/><U83/><E83/><V39/><F39/><W63/><G63/><T2/><D2/><U48/><E37/><V101/><F95/><N who="3" m="54759" /><G135/><T75/><D75/><U46/><REACH who="1" step="1"/><E65/><AGARI ba="0,0" hai="12,13,42,45,49,57,62,65,94,99,101" m="46223" machi="65" ten="30,5800,0" yaku="8,1,52,2" doraHai="8" who="2" fromWho="1" sc="387,0,193,-58,181,58,239,0" /><INIT seed="6,1,0,4,0,47" ten="387,135,239,239" oya="2" hai0="73,20,91,35,38,4,129,3,66,27,88,44,24" hai1="30,50,5,6,34,63,100,109,111,131,41,85,114" hai2="80,79,67,7,105,51,43,94,82,48,99,75,115" hai3="116,53,9,57,21,39,122,78,58,103,22,29,64"/><V125/><F105/><W89/><G39/><T104/><D104/><U86/><E63/><V13/><F43/><W54/><G78/><T15/><D73/><U98/><E41/><V130/><F130/><W124/><G116/><T0/><D66/><U17/><E17/><V1/><F1/><W68/><G103/><T121/><D121/><U31/><E100/><V132/><F132/><W92/><G68/><T56/><D56/><U72/><E98/><V8/><F115/><W87/><G124/><T23/><D129/><U96/><E96/><V134/><F134/><W108/><G108/><T133/><D133/><U45/><E45/><V12/><F125/><W59/><G64/><T42/><D35/><U107/><E107/><V10/><F82/><W93/><G93/><T19/><D15/><U2/><E2/><V69/><F69/><W55/><G29/><T106/><D106/><U77/><E34/><V81/><F81/><W52/><G122/><T117/><D117/><U60/><E60/><V33/><F33/><W127/><G127/><T97/><D4/><U62/><E62/><V120/><F120/><W112/><G112/><T36/><D36/><U46/><E46/><V119/><F119/><W14/><N who="3" m="13824" /><DORA hai="11" /><W61/><G61/><T83/><D97/><U128/><E114/><V26/><F26/><W95/><G95/><T118/><D118/><U101/><E101/><N who="2" m="60663" /><F67/><W28/><G28/><T70/><D70/><U110/><E110/><V49/><F49/><W65/><G65/><T102/><D102/><U32/><E32/><V84/><F84/><W135/><G135/><RYUUKYOKU ba="1,0" sc="387,-15,135,-15,239,15,239,15" hai2="7,8,10,12,13,48,51,75,79,80" hai3="9,14,21,22,57,58,59,87,89,92" /><INIT seed="6,2,0,2,5,129" ten="372,120,254,254" oya="2" hai0="14,124,67,115,77,122,15,86,83,26,1,70,119" hai1="81,20,52,78,17,46,6,88,44,127,66,84,111" hai2="39,56,90,11,106,80,60,54,116,2,126,114,19" hai3="0,110,73,89,69,117,108,118,28,30,113,92,34"/><V43/><F106/><W53/><G0/><T50/><D122/><U104/><E111/><V130/><F116/><W31/><G69/><T132/><D1/><U93/><E127/><V18/><F126/><W8/><G73/><T5/><D124/><U3/><E66/><V79/><F130/><W32/><G53/><T91/><D119/><N who="3" m="45577" /><G89/><T125/><D125/><U25/><E104/><V12/><F2/><W51/><G51/><T112/><D50/><U23/><E6/><V82/><F43/><W102/><G92/><T63/><D26/><U48/><E3/><V9/><F39/><W4/><G102/><T133/><D77/><U37/><E37/><V121/><F121/><W47/><G47/><T94/><D94/><U55/><E44/><V105/><F105/><W135/><G113/><N who="0" m="43595" /><D14/><U58/><E23/><V65/><F114/><W71/><G71/><T62/><D62/><U134/><E134/><N who="0" m="51817" /><D15/><U27/><E27/><V38/><F38/><W100/><G135/><T97/><D5/><U85/><REACH who="1" step="1"/><E58/><REACH who="1" ten="372,110,254,254" step="2"/><V128/><F128/><W95/><G4/><T59/><D59/><U24/><E24/><V45/><F56/><W10/><G110/><T21/><D21/><U42/><AGARI ba="2,1" hai="17,20,25,42,46,48,52,55,78,81,84,85,88,93" machi="42" ten="20,12000,2" yaku="1,1,0,1,7,1,8,1,54,2,53,1" doraHai="129" doraHaiUra="36" who="1" fromWho="1" sc="372,-32,110,136,254,-62,254,-32" /><INIT seed="7,0,0,4,4,126" ten="340,246,192,222" oya="3" hai0="92,33,91,127,15,84,133,56,101,37,102,129,36" hai1="2,18,16,75,83,67,59,72,122,12,115,128,69" hai2="88,116,110,124,100,68,117,125,50,80,47,26,40" hai3="76,120,132,74,23,19,96,45,131,21,106,39,95"/><W103/><G120/><T78/><D33/><U17/><E2/><V130/><F68/><W71/><G71/><T3/><D3/><U13/><E122/><V73/><F110/><W58/><G132/><T53/><D127/><N who="2" m="48714" /><F100/><W55/><G131/><T111/><D78/><U113/><E128/><V52/><F130/><W7/><G7/><T0/><D0/><U86/><E69/><V25/><F73/><W79/><G79/><T6/><D37/><U57/><E67/><V82/><F80/><W97/><G76/><T66/><D36/><U54/><E86/><N who="2" m="50263" /><F40/><W87/><G87/><T48/><D66/><U28/><E83/><V63/><F63/><W135/><G74/><T11/><D111/><U8/><E72/><V60/><F60/><W22/><G135/><T32/><D32/><U1/><E75/><V81/><F81/><W4/><G4/><T112/><D129/><U24/><E1/><V31/><F31/><W20/><G39/><T98/><D101/><U118/><E118/><AGARI ba="0,0" hai="25,26,47,50,52,116,117,118" m="50263,48714" machi="118" ten="30,3900,0" yaku="18,1,54,2" doraHai="126" who="2" fromWho="1" sc="340,0,246,-39,192,39,222,0" owari="340,44.0,207,-29.0,231,3.0,222,-18.0" /></mjloggm>