<mjloggm ver="2.3"><GO type="169" lobby="0"/><UN n0="%E3%83%AD%E3%83%B3%E3%82%88%E3%82%8A%E8%A8%BC%E6%8B%A0" n1="%E3%82%A6%E3%83%AB%E3%83%88%E3%83%A9%E7%AB%8B%E7%9B%B4" n2="%66%75%6A%69%6D%75%72%61" n3="%E7%94%98%E7%B2%95%E3%81%A4%E3%81%B0%E3%82%81" dan="17,18,16,16" rate="2174.65,2181.10,2114.97,2076.55" sx="M,M,M,F"/><TAIKYOKU oya="0"/><INIT seed="0,0,0,4,3,94" ten="250,250,250,250" oya="0" hai0="38,119,16,95,121,17,123,32,57,88,89,13,111" hai1="43,7,2,31,108,131,67,39,124,113,6,1,56" hai2="37,87,24,71,30,97,103,129,18,44,122,19,118" hai3="62,85,116,96,115,0,100,64,132,90,23,25,73"/><T135/><D119/><U59/><E67/><V49/><F122/><W74/><G116/><T77/><D38/><U80/><E31/><V68/><F37/><W78/><G115/><T65/><D32/><U40/><E80/><V46/><F129/><W91/><G0/><T101/><D135/><U11/><E39/><V5/><F5/><W48/><G132/><T63/><D77/><U110/><E11/><V34/><F118/><W127/><G127/><T98/><D111/><U81/><E81/><V47/><F49/><W70/><G48/><T93/><D101/><U51/><E51/><V99/><F103/><W15/><G15/><T14/><D14/><U72/><E72/><V130/><F87/><W133/><G133/><T114/><D114/><U66/><E66/><V109/><F130/><W36/><G36/><T41/><D41/><U106/><E106/><V12/><F19/><W8/><G8/><T52/><D65/><U82/><E82/><V9/><REACH who="2" step="1"/><F109/><REACH who="2" ten="250,250,240,250" step="2"/><W55/><G74/><T92/><D17/><U76/><E131/><V3/><F3/><W50/><G73/><T10/><D95/><U104/><E104/><V120/><F120/><W105/><G85/><AGARI ba="0,1" hai="10,13,16,52,57,63,85,88,89,92,93,98,121,123" machi="85" ten="30,12000,1" yaku="7,1,52,1,54,3" doraHai="94" who="0" fromWho="3" sc="250,130,250,0,240,0,250,-120" /><INIT seed="0,1,0,4,5,38" ten="380,250,240,130" oya="0" hai0="118,40,95,26,2,97,122,80,68,16,25,51,115" hai1="78,57,33,111,54,109,112,36,43,76,64,72,63" hai2="87,9,116,79,34,73,108,117,69,88,21,24,15" hai3="81,82,66,23,0,19,98,65,86,35,119,48,105"/><T30/><D115/><U99/><E33/><V84/><F69/><W130/><G119/><N who="2" m="45641" /><F34/><W42/><G130/><T45/><D118/><U8/><E112/><V29/><F108/><N who="1" m="41545" /><E72/><V22/><F73/><W17/><G35/><T89/><D122/><U37/><E37/><V53/><F79/><N who="1" m="30249" /><E99/><V70/><F70/><W85/><G98/><T129/><D68/><U93/><E93/><N who="2" m="54407" /><F87/><W104/><G48/><T18/><D2/><U41/><E36/><V59/><F24/><W110/><G110/><T107/><D129/><U75/><E75/><V71/><F71/><W60/><G23/><T132/><D132/><U125/><E125/><V3/><F3/><W126/><G0/><T47/><D107/><U13/><E64/><V124/><F124/><W4/><G126/><T1/><D1/><U12/><E12/><V121/><F29/><W50/><G50/><N who="0" m="26919" /><D30/><U92/><E92/><V91/><F91/><W5/><REACH who="3" step="1"/><G60/><REACH who="3" ten="380,250,240,120" step="2"/><T96/><D96/><U6/><AGARI ba="1,1" hai="6,8,13,41,43,54,57,63" m="30249,41545" machi="6" ten="30,4000,0" yaku="14,1,52,2" doraHai="38" who="1" fromWho="1" sc="380,-21,250,53,240,-11,120,-11" /><INIT seed="1,0,0,5,2,39" ten="359,303,229,109" oya="1" hai0="9,105,132,127,42,129,59,93,54,126,52,124,33" hai1="46,61,85,5,4,104,47,120,16,100,112,63,24" hai2="78,96,71,87,92,84,64,31,90,26,53,101,82" hai3="15,77,8,3,1,62,40,37,125,117,89,81,130"/><U18/><E120/><V49/><F71/><W22/><G130/><T21/><D33/><U32/><E104/><V116/><F116/><W29/><G125/><T94/><D105/><U114/><E100/><V83/><F64/><W111/><G111/><T65/><D65/><U25/><E85/><V36/><F36/><W44/><G117/><T70/><D70/><U41/><REACH who="1" step="1"/><E32/><REACH who="1" ten="359,293,229,109" step="2"/><V51/><REACH who="2" step="1"/><F53/><REACH who="2" ten="359,293,219,109" step="2"/><W11/><G37/><T68/><D54/><U86/><E86/><V34/><AGARI ba="0,2" hai="26,31,34,49,51,78,82,83,84,87,90,92,96,101" machi="34" ten="20,5200,0" yaku="1,1,2,1,0,1,7,1,53,0" doraHai="39" doraHaiUra="57" who="2" fromWho="2" sc="359,-13,293,-26,219,72,109,-13" /><INIT seed="2,0,0,4,1,104" ten="346,267,291,96" oya="2" hai0="37,17,79,64,58,113,69,92,46,121,72,39,11" hai1="15,94,52,33,12,91,97,90,50,125,132,112,81" hai2="120,43,96,51,78,107,54,62,30,28,83,22,41" hai3="98,59,53,105,25,16,23,128,32,106,76,124,118"/><V10/><F120/><W103/><G118/><T38/><D113/><U26/><E112/><V68/><F10/><W127/><G128/><T114/><D114/><U133/><E125/><N who="3" m="48202" /><G76/><T7/><D121/><U5/><E5/><V100/><F68/><W75/><G75/><T87/><D17/><U84/><E26/><V44/><F62/><N who="3" m="36207" /><G32/><T111/><D92/><AGARI ba="0,0" hai="16,23,25,92,98,103,105,106" m="36207,48202" machi="92" ten="30,2000,0" yaku="18,1,54,1" doraHai="104" who="3" fromWho="0" sc="346,-20,267,0,291,0,96,20" /><INIT seed="3,0,0,1,0,84" ten="326,267,291,116" oya="3" hai0="108,26,15,46,107,31,98,9,113,53,133,37,90" hai1="93,82,117,29,10,76,118,71,127,30,43,16,81" hai2="38,122,23,7,125,5,95,19,65,61,3,32,91" hai3="96,12,109,129,59,83,112,132,106,14,45,80,121"/><W42/><G112/><T44/><D108/><U1/><E71/><V18/><F38/><W40/><G121/><T56/><D133/><U0/><E43/><V128/><F32/><W111/><G129/><T27/><D113/><U114/><E114/><V75/><F75/><W72/><G132/><T123/><D123/><U124/><E93/><V48/><F3/><N who="1" m="1097" /><E76/><V70/><F128/><W49/><G59/><T67/><D67/><U41/><E41/><V20/><F48/><W103/><G42/><T2/><D2/><U62/><E62/><V50/><F50/><W101/><G101/><T78/><D78/><U36/><E36/><V104/><F104/><W25/><G25/><T74/><D74/><U13/><E82/><N who="3" m="31274" /><G72/><T47/><D107/><U8/><E10/><V119/><F119/><N who="1" m="45577" /><E81/><V86/><F122/><W115/><G115/><T134/><D37/><U51/><E51/><V63/><F63/><W34/><G34/><T85/><D98/><U100/><E100/><V110/><F110/><AGARI ba="0,0" hai="12,14,40,45,49,96,103,106,109,110,111" m="31274" machi="110" ten="30,2900,0" yaku="14,1,10,1" doraHai="84" who="3" fromWho="2" sc="326,0,267,0,291,-29,116,29" /><INIT seed="3,1,0,2,4,124" ten="326,267,262,145" oya="3" hai0="23,1,64,15,28,46,81,79,31,122,120,108,135" hai1="11,68,9,63,84,4,118,44,60,127,12,134,117" hai2="95,37,43,113,109,107,105,103,87,25,94,132,110" hai3="111,61,116,10,102,55,89,88,30,56,38,18,67"/><W36/><G116/><N who="1" m="44650" /><E127/><V47/><F113/><W17/><G30/><T2/><D108/><N who="2" m="41578" /><F132/><W78/><G111/><T16/><D135/><U51/><E68/><V77/><F25/><W62/><G102/><T39/><D64/><U50/><E50/><V66/><F66/><W100/><G100/><T8/><D2/><N who="1" m="151" /><E84/><V33/><F33/><W24/><G78/><T49/><D122/><U114/><E114/><V129/><F103/><W76/><G76/><T0/><D0/><U86/><E86/><V3/><F3/><W123/><G123/><T121/><D121/><U70/><E70/><V71/><F71/><W54/><G67/><T59/><D59/><U32/><E32/><V22/><F22/><W115/><G115/><T48/><D48/><U125/><E125/><V74/><F74/><W80/><G24/><T65/><D65/><U73/><E73/><V40/><F87/><W72/><G72/><T126/><D126/><U93/><E93/><N who="2" m="35339" /><F77/><W57/><REACH who="3" step="1"/><G10/><REACH who="3" ten="326,267,262,135" step="2"/><T128/><D120/><U90/><E134/><V97/><F107/><W133/><G133/><T29/><D79/><U53/><E90/><V35/><F105/><W106/><G106/><T91/><D91/><U85/><E85/><V42/><F35/><W21/><G21/><T130/><D8/><U101/><E101/><V19/><F97/><W83/><AGARI ba="1,1" hai="17,18,36,38,54,55,56,57,61,62,80,83,88,89" machi="83" ten="25,12000,1" yaku="1,1,0,1,22,2,54,1,53,0" doraHai="124" doraHaiUra="82" who="3" fromWho="3" sc="326,-41,267,-41,262,-41,135,133" /><INIT seed="3,2,0,4,1,105" ten="285,226,221,268" oya="3" hai0="2,64,96,84,5,134,74,6,21,0,11,126,29" hai1="85,19,39,86,110,28,58,83,37,133,80,97,69" hai2="79,68,99,120,73,66,123,45,89,65,102,122,109" hai3="78,128,62,121,23,88,107,20,104,87,13,40,70"/><W44/><G121/><T8/><D134/><U125/><E69/><V30/><F109/><W60/><G78/><T3/><D126/><U132/><E28/><V76/><F30/><W42/><G128/><T34/><D64/><N who="2" m="24682" /><F68/><W90/><G13/><T116/><D116/><U47/><E97/><V103/><F45/><W117/><G70/><T54/><D96/><U111/><E19/><V14/><F14/><W101/><G87/><N who="1" m="33290" /><E58/><V61/><F61/><W43/><G43/><T36/><D36/><N who="1" m="13899" /><E47/><V38/><F38/><W112/><G44/><T4/><D84/><U24/><E24/><V91/><F99/><W118/><REACH who="3" step="1"/><G101/><REACH who="3" ten="285,226,221,258" step="2"/><N who="2" m="38409" /><F76/><W52/><G52/><T32/><D54/><U27/><E111/><V131/><F131/><W16/><G16/><T93/><D3/><U33/><E110/><V98/><F98/><W72/><G72/><T71/><D74/><U15/><E15/><V50/><F50/><W51/><G51/><T22/><D71/><U108/><E108/><V81/><AGARI ba="2,1" hai="73,79,81,89,91,120,122,123" m="38409,24682" machi="81" ten="40,2700,0" yaku="13,1,52,1" doraHai="105" who="2" fromWho="2" sc="285,-9,226,-9,221,43,258,-15" /><INIT seed="4,0,0,2,4,119" ten="276,217,264,243" oya="0" hai0="28,10,78,85,123,2,51,93,114,80,24,100,116" hai1="15,19,43,0,34,134,32,106,125,126,42,86,35" hai2="62,20,79,133,57,64,99,7,91,95,94,63,115" hai3="117,69,108,21,122,73,101,17,72,16,6,65,27"/><T128/><D116/><U60/><E106/><V68/><F115/><W30/><G117/><T112/><D128/><U130/><E0/><V102/><F133/><W132/><G108/><T111/><D111/><U75/><E75/><V50/><F79/><W77/><G132/><T55/><D123/><U13/><E134/><V25/><F7/><W31/><G6/><T110/><D110/><U97/><E130/><V47/><F63/><W36/><G36/><T5/><D93/><U70/><E97/><V129/><F129/><W89/><G101/><T52/><D100/><U121/><E86/><V87/><F68/><W90/><G69/><T56/><REACH who="0" step="1"/><D55/><REACH who="0" ten="266,217,264,243" step="2"/><U45/><E121/><V61/><F64/><W118/><G65/><T41/><D41/><U83/><E43/><N who="2" m="24959" /><F57/><W29/><G122/><T105/><D105/><U8/><E42/><V98/><F98/><W107/><G107/><T96/><D96/><U59/><E70/><V9/><F9/><W58/><G118/><T49/><D49/><U54/><E45/><V46/><F46/><W81/><G58/><T33/><AGARI ba="0,1" hai="2,5,10,24,28,33,51,52,56,78,80,85,112,114" machi="33" ten="30,6000,0" yaku="1,1,0,1,54,1,53,0" doraHai="119" doraHaiUra="40" who="0" fromWho="0" sc="266,70,217,-20,264,-20,243,-20" /><INIT seed="4,1,0,4,2,22" ten="336,197,244,223" oya="0" hai0="79,124,99,114,33,59,24,73,77,68,86,30,134" hai1="47,82,3,13,108,54,37,56,18,63,65,11,34" hai2="6,10,27,123,89,71,81,55,98,16,115,69,0" hai3="121,91,17,8,21,128,80,101,45,4,26,117,94"/><T103/><D73/><U83/><E108/><V25/><F123/><W1/><G117/><T127/><D114/><U116/><E116/><V20/><F115/><W67/><G128/><T49/><D68/><U5/><E34/><V88/><F71/><W112/><G112/><T29/><D134/><U31/><E31/><V122/><F69/><W48/><G121/><T109/><D109/><U78/><E78/><V130/><F122/><W38/><G67/><T118/><D118/><U14/><E3/><V93/><F130/><W32/><G38/><T74/><D74/><U70/><E37/><V50/><F81/><W43/><G80/><T125/><D86/><U44/><E44/><V107/><F107/><W51/><G101/><T113/><D113/><U95/><E95/><V135/><F135/><W36/><REACH who="3" step="1"/><G32/><REACH who="3" ten="336,197,244,213" step="2"/><T87/><D33/><U90/><E70/><V15/><REACH who="2" step="1"/><F89/><REACH who="2" ten="336,197,234,213" step="2"/><W102/><G102/><T105/><D103/><U62/><E90/><V92/><F92/><W35/><G35/><T104/><D104/><U76/><E83/><V111/><F111/><W19/><G19/><T75/><D105/><U53/><E82/><V110/><F110/><W46/><G46/><AGARI ba="1,2" hai="0,6,10,15,16,20,25,27,46,50,55,88,93,98" machi="46" ten="30,12000,2" yaku="1,1,7,1,52,2,54,2,53,1" doraHai="22" doraHaiUra="40" who="2" fromWho="3" sc="336,0,197,0,234,143,213,-123" /><INIT seed="5,0,0,4,3,10" ten="336,197,377,90" oya="1" hai0="26,116,122,49,58,6,82,41,94,21,79,33,85" hai1="39,36,106,4,96,52,71,19,76,126,66,17,101" hai2="1,102,25,7,100,89,63,61,77,31,103,80,70" hai3="68,120,57,104,72,51,60,86,14,107,88,45,44"/><U9/><E126/><V8/><F70/><W114/><G120/><T134/><D116/><U40/><E76/><V121/><F121/><W128/><G72/><T131/><D122/><U43/><E52/><V34/><REACH who="2" step="1"/><F89/><REACH who="2" ten="336,197,367,90" step="2"/><W28/><G68/><T12/><D134/><U119/><E119/><V38/><F38/><W127/><G127/><T111/><D111/><U73/><E39/><V20/><F20/><W53/><G128/><T2/><D21/><U123/><E36/><V64/><F64/><W113/><G28/><T97/><D33/><U75/><E123/><V81/><F81/><W110/><G110/><T117/><D82/><U93/><E66/><V115/><F115/><W54/><G113/><T118/><D131/><U105/><E71/><V35/><F35/><W78/><G114/><T42/><D118/><U29/><E29/><V55/><F55/><W15/><G45/><T99/><D117/><U30/><E30/><V24/><F24/><W46/><G46/><T3/><D26/><U0/><E43/><V132/><F132/><W48/><G48/><T92/><D49/><U65/><E65/><V23/><F23/><W62/><G62/><T74/><D42/><U50/><E50/><V129/><F129/><W108/><G108/><T133/><D41/><U16/><E40/><V112/><F112/><W83/><REACH who="3" step="1"/><G78/><REACH who="3" ten="336,197,367,80" step="2"/><T13/><D79/><U87/><E75/><AGARI ba="0,2" hai="1,7,8,25,31,34,61,63,75,77,80,100,102,103" machi="75" ten="40,1300,0" yaku="1,1,53,0" doraHai="10" doraHaiUra="18" who="2" fromWho="1" sc="336,0,197,-13,367,33,80,0" /><INIT seed="6,0,0,5,3,126" ten="336,184,400,80" oya="2" hai0="98,50,16,125,10,34,13,18,23,104,53,97,28" hai1="37,33,117,9,0,27,135,115,48,70,5,78,14" hai2="102,113,133,96,83,46,61,77,75,127,108,80,112" hai3="72,88,56,111,8,54,12,4,63,52,73,92,64"/><V42/><F127/><W24/><G111/><T41/><D125/><U60/><E117/><V120/><F61/><W129/><G129/><T81/><D41/><U17/><E37/><V1/><F120/><W58/><G24/><T44/><D104/><U32/><E78/><N who="2" m="44127" /><F46/><W86/><REACH who="3" step="1"/><G64/><REACH who="3" ten="336,184,400,70" step="2"/><T21/><D34/><U31/><E33/><V67/><F67/><W59/><G59/><T71/><D71/><U121/><E121/><V62/><F108/><W119/><G119/><T130/><D130/><U7/><E27/><V43/><F133/><W26/><G26/><T118/><D118/><U101/><E32/><V6/><F62/><AGARI ba="0,1" hai="4,8,12,52,54,56,58,62,63,72,73,86,88,92" machi="62" ten="30,8000,1" yaku="1,1,7,1,9,1,54,2,53,0" doraHai="126" doraHaiUra="122" who="3" fromWho="2" sc="336,0,184,0,400,-80,70,90" /><INIT seed="7,0,0,0,1,113" ten="336,184,320,160" oya="3" hai0="20,90,69,41,29,7,13,117,107,27,17,0,38" hai1="14,50,129,134,31,100,48,88,46,5,44,3,119" hai2="82,4,39,73,74,53,30,71,76,123,42,101,98" hai3="47,43,112,118,68,25,40,124,87,92,121,62,35"/><W65/><G121/><T126/><D117/><U72/><E72/><N who="2" m="43271" /><F53/><W125/><G112/><T61/><D107/><U91/><E3/><V96/><F98/><W133/><G133/><T21/><D126/><N who="3" m="48745" /><G118/><T78/><D78/><U2/><E129/><V105/><F123/><W11/><G11/><T135/><D135/><U16/><E134/><V67/><F4/><W84/><G92/><T58/><D69/><U8/><E119/><V108/><F30/><N who="3" m="19919" /><G40/><T110/><D110/><U106/><E31/><V79/><F79/><W83/><G83/><T120/><D120/><U122/><E122/><V28/><F28/><W6/><G6/><T75/><D7/><U97/><E2/><V45/><F108/><W115/><G115/><T130/><D130/><U1/><E1/><V64/><F64/><W22/><G22/><T70/><D0/><U102/><E5/><V37/><F37/><AGARI ba="0,0" hai="37,43,47,62,65,68,84,87" m="19919,48745" machi="37" ten="30,1500,0" yaku="18,1" doraHai="113" who="3" fromWho="2" sc="336,0,184,0,320,-15,160,15" /><INIT seed="7,1,0,4,4,25" ten="336,184,305,175" oya="3" hai0="88,108,37,59,0,125,53,114,32,84,129,51,5" hai1="123,77,79,44,9,109,26,22,7,76,107,89,43" hai2="28,116,111,71,92,124,20,62,86,60,30,4,45" hai3="15,8,96,135,48,78,21,52,69,64,134,34,35"/><W97/><G78/><T11/><D108/><U131/><E107/><V38/><F111/><W106/><G21/><T2/><D37/><U40/><E123/><V57/><F116/><W126/><G126/><T56/><D125/><U104/><E104/><V127/><F127/><W50/><G64/><T63/><D129/><U73/><E109/><V118/><F118/><W82/><G82/><T10/><D32/><N who="3" m="12329" /><G69/><T75/><D75/><U103/><E103/><V94/><F71/><W17/><G106/><T16/><D114/><U27/><E131/><V90/><F20/><W6/><G6/><T1/><D16/><U122/><E122/><V98/><F4/><W115/><G50/><T46/><D59/><U101/><E101/><V95/><F124/><W12/><G12/><T42/><D11/><U23/><E73/><V100/><F94/><AGARI ba="1,0" hai="0,1,2,5,10,42,46,51,53,56,63,84,88,94" machi="94" ten="30,2000,0" yaku="7,1,54,1" doraHai="25" who="0" fromWho="2" sc="336,23,184,0,305,-23,175,0" owari="359,46.0,184,-22.0,282,8.0,175,-32.0" /></mjloggm>