<mjloggm ver="2.3"><GO type="169" lobby="0"/><UN n0="%E3%82%B7%E3%83%A3%E3%82%AD%E3%82%AA%E3%83%8B" n1="%33%E7%95%AA%44%48%E4%BA%95%E7%AB%AF" n2="%E5%B0%B1%E6%B4%BB%E7%94%9F%40%E5%B7%9D%E6%9D%91%E8%BB%8D%E5%9B%A3" n3="%E3%83%96%E3%83%AB%E3%83%96%E3%83%AB%E3%83%8F%E3%83%BC%E3%83%84" dan="17,16,17,18" rate="2171.19,2135.74,2153.58,2248.21" sx="M,M,M,M"/><TAIKYOKU oya="0"/><INIT seed="0,0,0,4,5,102" ten="250,250,250,250" oya="0" hai0="62,109,4,40,56,12,5,95,27,39,103,98,94" hai1="81,133,16,7,10,65,13,25,91,59,74,19,100" hai2="20,121,49,108,57,110,44,75,64,1,111,77,38" hai3="105,106,131,123,41,87,36,52,3,92,26,71,73"/><T58/><D109/><U51/><E133/><V42/><F121/><W35/><G123/><T114/><D114/><U28/><E100/><V117/><F1/><W127/><G73/><T31/><D56/><U61/><E51/><V72/><F117/><W126/><G3/><T107/><D40/><U11/><E11/><V113/><F113/><W125/><G71/><T18/><D39/><U128/><E128/><V66/><F77/><W54/><G131/><T2/><D2/><U119/><E119/><V79/><F79/><W68/><G68/><T112/><D112/><U101/><E101/><V129/><F20/><W78/><G41/><T67/><D5/><U86/><REACH who="1" step="1"/><E74/><REACH who="1" ten="250,240,250,250" step="2"/><V130/><F72/><W21/><G36/><T135/><D135/><U134/><E134/><V88/><F75/><W32/><G35/><AGARI ba="0,1" hai="7,10,13,16,19,25,28,35,59,61,65,81,86,91" machi="35" ten="30,7700,0" yaku="1,1,7,1,54,1,53,1" doraHai="102" doraHaiUra="63" who="1" fromWho="3" sc="250,0,240,87,250,0,250,-77" /><INIT seed="1,0,0,5,2,14" ten="250,327,250,173" oya="1" hai0="91,39,54,61,123,96,97,15,114,19,33,135,60" hai1="45,2,93,127,12,80,77,107,58,51,79,0,57" hai2="68,132,134,105,125,31,43,84,42,53,20,18,104" hai3="52,41,120,95,62,23,117,94,100,108,3,75,101"/><U13/><E107/><V85/><F68/><W116/><G75/><T128/><D114/><U72/><E127/><V99/><F31/><W37/><G120/><T118/><D118/><N who="3" m="45673" /><G3/><T71/><D39/><U24/><E79/><V10/><F10/><W109/><G23/><T38/><D38/><U44/><E2/><V28/><F28/><W21/><G41/><N who="2" m="15369" /><F53/><W64/><G37/><T47/><D33/><U29/><E0/><V131/><F131/><W121/><G121/><T9/><D135/><N who="2" m="51754" /><F125/><W119/><G64/><T55/><D128/><U30/><E30/><V115/><F115/><W63/><G119/><T73/><D71/><U1/><E1/><V88/><F99/><W32/><G32/><T40/><D40/><U17/><E45/><V112/><F85/><W48/><G21/><T16/><D73/><U70/><E70/><V98/><F98/><N who="3" m="59479" /><G101/><T46/><D123/><U56/><E72/><V7/><F7/><W126/><G126/><T67/><D67/><U69/><E69/><V124/><F124/><W86/><G63/><N who="0" m="24139" /><D97/><U25/><E29/><V8/><F8/><W5/><G62/><T111/><D55/><U66/><E66/><V22/><F22/><W50/><G5/><T74/><D74/><U76/><E51/><N who="3" m="19498" /><G52/><T59/><D47/><U106/><E44/><V11/><F11/><W82/><G95/><N who="0" m="56447" /><D46/><U122/><E122/><V6/><F6/><W110/><G108/><T130/><D111/><U133/><E133/><V87/><F112/><W78/><AGARI ba="0,0" hai="78,82,86,109,110" m="19498,59479,45673" machi="78" ten="30,1100,0" yaku="12,1" doraHai="14" who="3" fromWho="3" sc="250,-3,327,-5,250,-3,173,11" /><INIT seed="2,0,0,0,2,69" ten="247,322,247,184" oya="2" hai0="13,113,105,85,76,59,130,117,134,74,1,53,65" hai1="50,42,43,100,45,112,46,64,33,47,123,128,32" hai2="87,96,57,30,40,126,93,98,101,51,78,52,82" hai3="120,67,36,22,90,83,14,35,7,116,20,68,132"/><V131/><F126/><W55/><G35/><T75/><D113/><U110/><E112/><V127/><F127/><W23/><G116/><T12/><D1/><U54/><E110/><V3/><F3/><W73/><G120/><T119/><D105/><U17/><E123/><V61/><F131/><W129/><G132/><T97/><D134/><U89/><E64/><V34/><F34/><W19/><G7/><T103/><D65/><U27/><E100/><V38/><F30/><W29/><G55/><T109/><D109/><U121/><E121/><V0/><F0/><W124/><G129/><T81/><D103/><U106/><E106/><V108/><F96/><W95/><G124/><T102/><D97/><U86/><E128/><V63/><REACH who="2" step="1"/><F108/><REACH who="2" ten="247,322,237,184" step="2"/><W84/><G29/><T62/><D130/><U26/><E33/><V80/><F80/><W91/><G83/><T79/><D79/><U21/><E32/><V122/><F122/><W99/><G99/><T18/><D81/><N who="1" m="49359" /><E27/><V133/><F133/><W58/><G73/><T5/><D75/><U107/><E107/><V37/><F37/><W56/><G36/><T70/><D74/><U115/><E115/><V28/><F28/><W118/><G118/><T92/><D117/><U66/><E26/><V16/><F16/><W9/><G90/><T60/><D76/><U24/><E17/><V15/><F15/><W39/><G39/><T25/><D119/><U104/><E24/><V4/><F4/><W77/><G77/><T49/><D5/><U2/><E104/><V10/><F10/><W44/><G9/><T135/><D18/><RYUUKYOKU ba="0,1" sc="247,-10,322,-10,237,30,184,-10" hai2="38,40,51,52,57,61,63,78,82,87,93,98,101" /><INIT seed="2,1,1,1,0,66" ten="237,312,267,174" oya="2" hai0="21,61,115,38,119,105,126,103,118,48,41,107,94" hai1="28,129,54,121,123,82,1,31,108,59,12,0,130" hai2="47,109,6,32,76,46,5,97,79,85,113,73,68" hai3="18,104,80,57,127,16,128,100,4,10,95,98,22"/><V64/><F73/><W60/><G127/><T101/><D115/><U125/><E82/><V58/><F32/><W23/><G128/><N who="1" m="49258" /><E125/><V20/><F68/><W71/><G71/><T83/><D38/><U19/><E108/><V72/><F72/><W92/><G80/><T116/><D126/><U52/><E31/><V56/><F113/><W17/><G92/><T78/><D61/><N who="1" m="36071" /><E54/><V26/><F97/><W90/><G104/><N who="0" m="40011" /><D94/><U3/><E28/><V132/><F109/><W110/><G100/><T44/><D21/><AGARI ba="1,1" hai="0,1,3,12,19,21,121,123" m="36071,49258" machi="21" ten="40,2600,0" yaku="19,1,54,1" doraHai="66" who="1" fromWho="0" sc="237,-29,312,39,267,0,174,0" /><INIT seed="3,0,0,4,5,6" ten="208,351,267,174" oya="3" hai0="102,67,57,53,41,120,50,19,114,48,9,110,100" hai1="52,83,62,76,2,56,106,11,81,96,127,68,47" hai2="38,101,43,34,55,98,111,123,92,78,103,69,115" hai3="16,135,5,117,89,104,70,128,58,95,131,25,129"/><W77/><G104/><T109/><D120/><U132/><E132/><V99/><F34/><W54/><G70/><T107/><D114/><U32/><E32/><V134/><F69/><W18/><G117/><T27/><D67/><U72/><E127/><V91/><F38/><W71/><G71/><T124/><D124/><U30/><E30/><V31/><F31/><W65/><G65/><T61/><D107/><U24/><E24/><V94/><F43/><W49/><G135/><T87/><D87/><U13/><E2/><V80/><F134/><W64/><G64/><T1/><D1/><U7/><E68/><V88/><F115/><W97/><G77/><T3/><D27/><U59/><E47/><V93/><F55/><W22/><REACH who="3" step="1"/><G5/><REACH who="3" ten="208,351,267,164" step="2"/><T23/><D109/><U84/><E106/><N who="2" m="63799" /><F111/><W44/><G44/><T4/><D110/><U82/><E76/><V125/><F125/><W12/><G12/><T133/><D133/><U126/><E126/><V35/><F123/><W10/><G10/><T37/><D9/><U0/><E13/><V20/><F35/><W8/><G8/><T28/><D4/><U130/><E7/><V121/><F121/><W60/><G60/><T86/><D3/><U15/><E11/><V74/><F20/><W46/><G46/><T39/><D61/><U17/><E15/><V14/><F14/><W73/><G73/><T113/><D113/><U51/><E0/><V40/><F40/><W108/><G108/><T29/><D41/><U116/><E62/><V33/><F33/><W90/><G90/><AGARI ba="0,1" hai="74,78,80,88,90,91,92,93,94,99,103" m="63799" machi="90" ten="30,12000,2" yaku="35,5,54,1" doraHai="6" who="2" fromWho="3" sc="208,0,351,0,267,130,164,-120" /><INIT seed="4,0,0,3,4,16" ten="208,351,397,44" oya="0" hai0="36,13,129,10,41,107,42,108,96,7,64,22,106" hai1="134,48,26,58,110,57,119,45,93,4,109,53,83" hai2="28,2,47,123,125,17,59,84,15,34,27,117,85" hai3="38,44,112,40,135,111,18,95,113,30,127,62,46"/><T128/><D108/><U88/><E119/><V101/><F123/><W78/><G111/><T99/><D64/><U3/><E134/><V43/><F2/><W51/><G135/><T126/><D126/><U56/><E4/><V90/><F101/><W61/><G127/><T102/><D36/><U24/><E3/><V74/><F74/><W75/><G30/><T79/><D79/><U114/><E114/><N who="3" m="44138" /><G95/><T29/><D99/><U68/><E68/><V20/><F125/><W86/><G75/><T69/><D69/><U121/><E121/><V25/><F59/><W12/><G86/><T6/><D6/><U31/><E83/><V54/><F54/><N who="3" m="30071" /><G78/><T49/><D107/><U73/><E73/><V98/><F98/><W5/><G5/><T80/><D80/><U133/><E133/><V131/><F85/><W92/><G92/><T116/><D116/><U89/><E89/><V65/><F90/><W37/><G38/><T76/><D76/><U33/><REACH who="1" step="1"/><E26/><REACH who="1" ten="208,341,397,44" step="2"/><V21/><F27/><W39/><G39/><T132/><D132/><U91/><E91/><V120/><F25/><W11/><AGARI ba="0,1" hai="11,12,18,37,40,44,61,62" m="30071,44138" machi="11" ten="30,1100,0" yaku="15,1" doraHai="16" who="3" fromWho="3" sc="208,-5,341,-3,397,-3,44,21" /><INIT seed="5,0,0,4,3,87" ten="203,338,394,65" oya="1" hai0="102,93,60,111,62,79,125,25,47,134,77,35,98" hai1="37,42,65,2,20,22,90,33,96,27,99,84,131" hai2="116,55,100,57,61,59,89,71,109,34,108,67,78" hai3="68,91,120,82,39,132,14,83,6,70,121,46,12"/><U24/><E2/><V32/><F116/><W38/><G6/><T45/><D111/><U85/><E131/><V118/><F118/><W64/><G64/><T74/><D134/><U63/><E33/><V73/><F100/><W66/><G66/><T8/><D125/><U23/><E42/><V19/><F19/><W56/><G46/><T76/><D74/><U28/><E37/><V110/><F89/><W80/><G80/><T126/><D126/><U107/><E85/><V94/><F94/><W86/><G86/><T105/><D105/><U21/><E107/><V43/><F43/><W119/><G56/><T10/><D35/><U3/><E3/><V97/><F97/><W36/><G36/><T69/><D69/><U30/><E96/><V5/><F5/><W31/><G31/><T113/><D113/><U72/><E99/><V58/><F55/><W81/><G81/><T130/><D130/><U13/><E13/><V115/><F115/><W40/><G40/><T4/><D25/><U16/><E72/><V135/><F135/><W129/><G129/><T114/><D114/><U51/><E30/><V53/><F53/><W122/><G122/><T41/><D47/><U124/><E124/><V52/><F52/><W7/><G7/><T92/><D92/><N who="1" m="54343" /><E51/><V9/><F9/><N who="0" m="3690" /><D4/><U15/><E27/><V1/><F1/><W123/><G123/><T18/><D18/><U54/><E65/><V29/><F29/><W101/><G132/><T127/><D41/><U117/><E117/><V17/><F17/><W104/><G119/><T48/><D127/><U26/><E26/><RYUUKYOKU ba="0,0" sc="203,10,338,10,394,10,65,-30" hai0="45,48,60,62,76,77,79,93,98,102" hai1="15,16,20,21,22,23,24,28,54,63" hai2="32,34,57,58,59,61,67,71,73,78,108,109,110" /><INIT seed="5,1,0,1,3,47" ten="213,348,404,35" oya="1" hai0="129,18,15,1,49,61,74,28,41,6,50,128,90" hai1="44,81,65,2,122,10,80,77,59,30,32,103,134" hai2="91,3,83,87,17,108,27,24,11,99,4,66,82" hai3="26,107,63,37,125,101,92,31,39,76,135,0,96"/><U67/><E122/><V43/><F108/><W14/><G0/><T48/><D74/><U88/><E134/><V69/><F43/><W12/><G135/><T100/><D28/><U75/><E103/><V106/><F82/><W22/><G125/><T20/><D100/><U56/><E30/><V71/><F66/><W114/><G114/><T46/><D90/><U13/><E32/><V64/><F64/><W89/><G76/><T121/><D121/><U94/><E2/><V23/><F27/><W62/><G39/><T117/><D117/><U38/><E81/><V124/><F124/><W7/><G37/><T133/><D133/><U54/><E38/><V126/><F126/><W35/><G14/><T116/><D116/><U115/><E44/><V57/><F57/><W127/><G127/><T34/><D34/><U131/><E59/><V25/><F25/><W110/><G110/><T79/><D79/><U95/><E95/><V119/><F119/><W8/><REACH who="3" step="1"/><G35/><REACH who="3" ten="213,348,404,25" step="2"/><T53/><D1/><U111/><E111/><V68/><F3/><W120/><G120/><T86/><D6/><U70/><E115/><V98/><F4/><W58/><G58/><N who="0" m="35023" /><D86/><AGARI ba="1,1" hai="7,8,12,22,26,31,62,63,86,89,92,96,101,107" machi="86" ten="30,3900,0" yaku="1,1,7,1,53,1" doraHai="47" doraHaiUra="97" who="3" fromWho="0" sc="213,-42,348,0,404,0,25,52" /><INIT seed="6,0,0,1,1,101" ten="171,348,404,77" oya="2" hai0="45,55,130,72,110,4,41,63,65,88,123,100,95" hai1="61,59,22,60,90,64,119,30,49,117,47,112,120" hai2="24,36,84,56,70,52,46,75,19,16,89,25,6" hai3="3,58,33,129,62,12,86,32,17,66,103,77,26"/><V53/><F75/><W51/><G3/><T87/><D72/><U21/><E112/><V115/><F70/><W0/><G0/><T108/><D123/><U91/><E120/><V74/><F74/><W44/><G129/><T35/><D35/><U85/><E119/><V39/><F6/><W124/><G124/><T104/><D130/><U73/><E73/><V113/><F46/><W107/><G26/><N who="2" m="10345" /><F36/><W40/><G86/><T109/><D4/><U114/><E30/><V2/><F2/><W20/><REACH who="3" step="1"/><G77/><REACH who="3" ten="171,348,404,67" step="2"/><T81/><D109/><U57/><E117/><V94/><F113/><W69/><G69/><T67/><D108/><U99/><E114/><V37/><F115/><W23/><G23/><T96/><D110/><U102/><E22/><V76/><F76/><W31/><G31/><T105/><D55/><U1/><E21/><V116/><F116/><W11/><G11/><T14/><D14/><U98/><E85/><V42/><F42/><W79/><G79/><T133/><D67/><U134/><E1/><V121/><F53/><W38/><G38/><T80/><D41/><U131/><E131/><V43/><F39/><W71/><G71/><T126/><D65/><U125/><E125/><V13/><F37/><W127/><G127/><T48/><D126/><U28/><E28/><V78/><F43/><W9/><G9/><T111/><D87/><U10/><E10/><N who="2" m="6199" /><F78/><W15/><G15/><T128/><D128/><U7/><E64/><V132/><F52/><W54/><G54/><T97/><D111/><U18/><E59/><V106/><F56/><W27/><G27/><RYUUKYOKU ba="0,1" sc="171,-10,348,-10,404,-10,67,30" hai3="12,17,20,32,33,40,44,51,58,62,66,103,107" /><INIT seed="7,1,1,3,2,123" ten="161,338,394,97" oya="3" hai0="72,64,4,22,17,89,7,92,127,41,133,10,51" hai1="46,108,67,120,48,15,96,83,39,54,113,32,35" hai2="31,14,63,115,94,122,61,129,45,87,27,50,131" hai3="98,119,18,70,69,95,77,1,106,40,102,25,80"/><W84/><G119/><T85/><D72/><U112/><E120/><V49/><F115/><W23/><G1/><T128/><D133/><U19/><E67/><V73/><F73/><W65/><G40/><T99/><D128/><N who="2" m="49226" /><F14/><W30/><G65/><T9/><D64/><U75/><E32/><N who="2" m="20607" /><F122/><W76/><G76/><T36/><D36/><U26/><E39/><V135/><F135/><W81/><G81/><N who="0" m="49327" /><D127/><U60/><E60/><N who="2" m="23115" /><F45/><W44/><G44/><N who="0" m="25999" /><D7/><U71/><E71/><V121/><F121/><W3/><G3/><T0/><D4/><U13/><E96/><V90/><AGARI ba="1,1" hai="49,50,87,90,94" m="23115,20607,49226" machi="90" ten="30,1100,0" yaku="19,1" doraHai="123" who="2" fromWho="2" sc="161,-4,338,-4,394,24,97,-6" owari="157,-24.0,334,13.0,418,52.0,91,-41.0" /></mjloggm>