<mjloggm ver="2.3"><GO type="225" lobby="0"/><UN n0="%E3%82%A6%E3%83%AB%E3%83%88%E3%83%A9%E7%AB%8B%E7%9B%B4" n1="%E3%83%9B%E3%83%B3%E3%82%A4%E3%83%84%E5%8E%A8" n2="%E3%82%AB%E3%83%A9%E3%82%B9%E3%81%AE%E5%AD%90" n3="%E3%81%A9%E3%82%93%E3%82%88%E3%81%8F%4D%6B%2E%32" dan="17,17,16,16" rate="2144.12,2201.87,2074.90,2197.68" sx="M,M,M,M"/><TAIKYOKU oya="0"/><INIT seed="0,0,0,4,1,81" ten="250,250,250,250" oya="0" hai0="1,82,79,46,113,31,0,124,125,38,12,135,40" hai1="18,2,97,43,39,93,3,83,118,98,115,35,29" hai2="32,85,64,11,60,47,70,131,100,54,122,111,102" hai3="75,92,56,94,7,101,20,91,28,49,25,52,77"/><T41/><D113/><U59/><E118/><V16/><F122/><W88/><G7/><T17/><D40/><U42/><E18/><V50/><F32/><W110/><G110/><T5/><D31/><U109/><E109/><V99/><F111/><W76/><G101/><T22/><D135/><U95/><E59/><V45/><F131/><W89/><G75/><T62/><D62/><U86/><E29/><V13/><F47/><W66/><G66/><T55/><D55/><U133/><E35/><V126/><F126/><N who="0" m="48746" /><D5/><U10/><E42/><V58/><F70/><W119/><G119/><T80/><D80/><U74/><E83/><V15/><F15/><W57/><G57/><T23/><D23/><U71/><E43/><V72/><F72/><AGARI ba="0,0" hai="0,1,12,17,22,38,41,46,72,79,82" m="48746" machi="72" ten="30,1500,0" yaku="18,1" doraHai="81" who="0" fromWho="2" sc="250,15,250,0,250,-15,250,0" /><INIT seed="0,1,0,3,4,95" ten="265,250,235,250" oya="0" hai0="49,36,18,117,120,46,115,34,7,48,68,1,83" hai1="98,41,12,26,99,116,11,131,74,4,71,110,50" hai2="90,38,69,77,133,30,33,19,104,134,82,65,73" hai3="118,113,132,43,92,32,17,86,61,123,45,70,81"/><T129/><D120/><U105/><E71/><V25/><F90/><W55/><G118/><T40/><D117/><U111/><E74/><V59/><F59/><W2/><G113/><T87/><D115/><U128/><E105/><V14/><F38/><W28/><G2/><T9/><D129/><N who="1" m="49739" /><E26/><V63/><REACH who="2" step="1"/><F104/><REACH who="2" ten="265,250,225,250" step="2"/><W52/><G123/><T76/><D68/><U119/><E116/><V42/><F42/><W106/><G106/><T124/><D124/><U16/><E119/><V23/><AGARI ba="1,1" hai="14,19,23,25,30,33,63,65,69,73,77,82,133,134" machi="23" ten="30,2000,0" yaku="1,1,0,1,53,0" doraHai="95" doraHaiUra="85" who="2" fromWho="2" sc="265,-11,250,-6,225,33,250,-6" /><INIT seed="1,0,0,1,0,125" ten="254,244,258,244" oya="1" hai0="9,105,114,69,40,45,130,91,61,97,127,101,120" hai1="109,64,82,74,90,32,8,49,30,106,134,55,12" hai2="47,62,21,42,54,112,10,18,34,6,84,33,119" hai3="94,76,88,78,73,123,85,68,100,80,14,110,35"/><U77/><E106/><V53/><F119/><W20/><G68/><T17/><D114/><U81/><E134/><V133/><F112/><W87/><G35/><T56/><D127/><U116/><E116/><V132/><F34/><W63/><G123/><T83/><D69/><U98/><E64/><V121/><F33/><W60/><G110/><T102/><D102/><U104/><E109/><V23/><F121/><W95/><G20/><T27/><D120/><U122/><E122/><V15/><F84/><N who="3" m="52487" /><G14/><T86/><D130/><U46/><E30/><V39/><F23/><W117/><G63/><T5/><D17/><U24/><E24/><V59/><REACH who="2" step="1"/><F54/><REACH who="2" ten="254,244,248,244" step="2"/><W51/><G117/><T43/><D27/><AGARI ba="0,1" hai="6,10,15,18,21,27,39,42,47,53,59,62,132,133" machi="27" ten="40,5200,0" yaku="1,1,2,1,53,1" doraHai="125" doraHaiUra="11" who="2" fromWho="0" sc="254,-52,244,0,248,62,244,0" /><INIT seed="2,0,0,0,4,91" ten="202,244,310,244" oya="2" hai0="59,38,81,116,43,112,100,32,122,0,30,44,10" hai1="123,66,36,90,16,18,135,113,105,15,25,17,127" hai2="130,67,35,96,75,63,70,42,68,58,3,110,84" hai3="102,55,114,2,133,51,26,64,73,131,13,108,87"/><V128/><F75/><W28/><G2/><T11/><D122/><U6/><E113/><V74/><F74/><W14/><G73/><T80/><D112/><U56/><E36/><V76/><F3/><W46/><G108/><T101/><D116/><U39/><E39/><V77/><F35/><W60/><G131/><N who="2" m="50217" /><F110/><W62/><G133/><T23/><D32/><U92/><E105/><V88/><F42/><W19/><G114/><T72/><D59/><U24/><E127/><V37/><F96/><W21/><G102/><T52/><D52/><U22/><E135/><V83/><F37/><W5/><G5/><T7/><D11/><N who="1" m="4599" /><E24/><V79/><AGARI ba="0,0" hai="58,63,67,68,70,76,77,79,83,84,88" m="50217" machi="79" ten="30,3000,0" yaku="19,1,54,1" doraHai="91" who="2" fromWho="2" sc="202,-10,244,-10,310,30,244,-10" /><INIT seed="2,1,0,1,4,99" ten="192,234,340,234" oya="2" hai0="115,71,31,16,26,131,44,41,123,91,9,88,0" hai1="51,77,52,101,67,22,113,30,14,36,81,134,74" hai2="86,49,84,75,48,34,17,13,50,61,104,29,87" hai3="111,42,33,100,95,119,19,126,38,5,102,132,43"/><V59/><F75/><W73/><G119/><T117/><D123/><U106/><E36/><V122/><F122/><W90/><G73/><T97/><D115/><U54/><E113/><V4/><F4/><W20/><G33/><T93/><D71/><U135/><E67/><V72/><F72/><W133/><G111/><T23/><D117/><U62/><E62/><V76/><F104/><W116/><G116/><T7/><D131/><U57/><E54/><V83/><F29/><W70/><G70/><T35/><D93/><U112/><E112/><V53/><REACH who="2" step="1"/><F34/><REACH who="2" ten="192,234,330,234" step="2"/><W124/><G5/><T3/><D3/><U47/><E30/><V129/><F129/><W103/><G38/><T69/><D69/><U65/><E106/><V125/><F125/><N who="3" m="48235" /><G133/><T58/><D97/><U25/><E74/><V89/><F89/><W15/><G132/><T18/><D18/><U32/><E32/><V80/><F80/><W127/><G127/><T56/><D91/><U2/><E81/><V60/><F60/><W68/><G68/><T46/><D88/><U105/><E135/><V1/><F1/><W64/><G64/><T24/><REACH who="0" step="1"/><D44/><REACH who="0" ten="182,234,330,234" step="2"/><U79/><E134/><V121/><F121/><W82/><G82/><T37/><AGARI ba="1,2" hai="0,7,9,16,23,24,26,31,35,37,41,46,56,58" machi="37" ten="20,8000,1" yaku="1,1,2,1,0,1,7,1,54,1,53,0" doraHai="99" doraHaiUra="92" who="0" fromWho="0" sc="182,103,234,-21,330,-41,234,-21" /><INIT seed="3,0,0,0,3,112" ten="285,213,289,213" oya="3" hai0="16,96,82,56,104,1,44,48,72,110,10,101,4" hai1="14,5,120,12,115,132,85,77,29,107,43,13,76" hai2="17,88,105,74,31,84,124,37,71,7,51,114,125" hai3="133,94,0,113,98,34,86,41,49,121,109,91,45"/><W39/><G113/><T40/><D110/><U2/><E115/><V126/><F114/><W6/><G34/><T55/><D16/><U28/><E107/><V54/><F37/><W27/><G121/><T68/><D68/><U52/><E132/><V65/><F105/><W78/><G133/><T127/><D127/><U92/><E43/><V118/><F118/><W90/><G78/><T42/><D72/><U106/><E106/><V60/><F74/><W116/><G109/><T75/><D75/><U35/><E35/><V50/><F31/><N who="1" m="11849" /><E2/><V93/><F7/><W46/><G27/><T59/><D82/><N who="1" m="47303" /><E77/><V26/><F54/><W80/><G0/><T21/><D21/><AGARI ba="0,0" hai="17,21,26,50,51,60,65,71,84,88,93,124,125,126" machi="21" ten="40,2600,0" yaku="18,1,54,1" doraHai="112" who="2" fromWho="0" sc="285,-26,213,0,289,26,213,0" owari="259,6.0,213,-19.0,315,42.0,213,-29.0" /></mjloggm>