<mjloggm ver="2.3"><GO type="169" lobby="0"/><UN n0="%E5%B0%B1%E6%B4%BB%E7%94%9F%40%E5%B7%9D%E6%9D%91%E8%BB%8D%E5%9B%A3" n1="%7A%65%61%6C%E2%88%AB" n2="%E8%85%90%E7%94%9F%E8%B1%9A%E3%82%B3%E3%83%84%E3%83%9C%E3%83%BC" n3="%E2%98%86%E3%82%BF%E3%82%B9%E3%83%9E%E3%83%8B%E3%82%A2" dan="17,16,17,17" rate="2209.89,2106.40,2201.94,2150.16" sx="M,M,M,M"/><TAIKYOKU oya="0"/><INIT seed="0,0,0,3,0,64" ten="250,250,250,250" oya="0" hai0="57,81,133,34,89,131,107,41,4,53,50,14,5" hai1="52,56,30,62,79,44,55,97,21,36,88,85,101" hai2="109,66,51,7,60,118,82,54,29,73,75,92,93" hai3="20,129,43,25,102,61,67,126,12,10,26,31,90"/><T115/><D107/><U48/><E79/><V19/><F109/><W63/><G129/><T76/><D115/><U104/><E36/><V99/><F118/><W13/><G126/><T70/><D34/><U59/><E30/><V22/><F7/><W45/><G102/><T1/><D1/><U100/><E100/><V49/><F49/><W119/><G119/><T135/><D131/><U78/><E78/><V108/><F108/><W113/><G113/><T95/><D41/><U18/><E21/><V58/><F92/><W116/><G116/><T8/><D70/><U15/><E15/><V27/><F82/><W17/><G26/><T98/><REACH who="0" step="1"/><D4/><REACH who="0" ten="240,250,250,250" step="2"/><U106/><E106/><V0/><F0/><W11/><G43/><T23/><D23/><U134/><E134/><V65/><F19/><W68/><G17/><T42/><D42/><U84/><E18/><V77/><F22/><W117/><G20/><T80/><D80/><U112/><E112/><V72/><F29/><W39/><G31/><T37/><D37/><U121/><E121/><V38/><F38/><W130/><G39/><T86/><AGARI ba="0,1" hai="5,8,14,50,53,57,76,81,86,89,95,98,133,135" machi="86" ten="30,6000,0" yaku="1,1,0,1,53,1" doraHai="64" doraHaiUra="46" who="0" fromWho="0" sc="240,70,250,-20,250,-20,250,-20" /><INIT seed="0,1,0,4,0,3" ten="310,230,230,230" oya="0" hai0="23,51,78,113,64,129,69,79,68,85,22,66,28" hai1="90,41,4,21,42,105,70,117,131,72,44,81,0" hai2="86,14,103,98,11,56,39,60,71,54,107,82,30" hai3="9,48,13,8,15,27,75,25,91,89,122,46,84"/><T92/><D113/><U94/><E117/><V74/><F39/><W19/><G75/><T132/><D132/><U34/><E34/><V87/><F71/><W80/><G91/><T2/><D2/><U37/><E105/><V45/><F30/><W50/><G122/><T83/><D129/><U43/><E70/><V126/><F126/><W35/><G35/><T114/><D114/><U63/><E63/><V109/><F109/><W67/><G67/><T53/><D79/><N who="1" m="44263" /><E21/><V135/><F135/><W101/><G101/><T118/><D118/><U18/><E18/><V47/><F87/><W1/><G1/><T133/><D133/><U16/><E16/><V93/><F74/><W127/><G50/><T73/><D69/><U5/><E5/><N who="2" m="3439" /><F107/><W110/><G127/><T125/><D125/><U61/><E61/><V123/><F123/><W12/><G12/><T116/><D68/><U65/><E65/><V32/><F32/><W17/><G110/><T33/><D33/><U40/><E40/><AGARI ba="1,0" hai="8,9,13,15,17,19,25,27,40,46,48,80,84,89" machi="40" ten="30,3900,0" yaku="7,1,9,1,8,1" doraHai="3" who="3" fromWho="1" sc="310,0,230,-42,230,0,230,42" /><INIT seed="1,0,0,5,4,22" ten="310,188,230,272" oya="1" hai0="63,20,73,59,87,32,35,64,99,131,117,51,133" hai1="68,26,54,0,36,15,24,111,2,39,97,44,88" hai2="8,10,4,34,38,71,125,116,126,102,93,46,100" hai3="82,25,13,57,127,21,104,19,121,94,76,67,132"/><U3/><E68/><V42/><F116/><W47/><G104/><T6/><D73/><U107/><E111/><V69/><F34/><W119/><G121/><T28/><D117/><U5/><E54/><V85/><F85/><W29/><G119/><T1/><D133/><U52/><E52/><V95/><F4/><W123/><G123/><T55/><D131/><U65/><E65/><V56/><F56/><W113/><G113/><T120/><D120/><U118/><E118/><V60/><F60/><N who="3" m="38287" /><G132/><T128/><D128/><U30/><E44/><V79/><F79/><W31/><G127/><T108/><D108/><U134/><E134/><V130/><F130/><W83/><G76/><T115/><D115/><U106/><E5/><V80/><F46/><W17/><G47/><T23/><D99/><U135/><E15/><V66/><F66/><W62/><G94/><T18/><D87/><U61/><E61/><V89/><F80/><N who="3" m="30763" /><G62/><T43/><D43/><U114/><E135/><V72/><F72/><W110/><G110/><T81/><D81/><U53/><E53/><V49/><F42/><W33/><G33/><T11/><D63/><U109/><E109/><V27/><F38/><N who="1" m="14377" /><E114/><V45/><F45/><W98/><G98/><T78/><D64/><U75/><E75/><V91/><F49/><W92/><G92/><T41/><D78/><U40/><E40/><V90/><F90/><W105/><G105/><N who="1" m="39946" /><E88/><V96/><F96/><W122/><G122/><T84/><D41/><U124/><E124/><V37/><F37/><W112/><G112/><T101/><D55/><U129/><E97/><RYUUKYOKU ba="0,0" sc="310,-15,188,-15,230,15,272,15" hai2="8,10,27,69,71,89,91,93,95,100,102,125,126" hai3="13,17,19,21,25,29,31" /><INIT seed="2,1,0,5,2,51" ten="295,173,245,287" oya="2" hai0="67,131,123,93,100,98,97,71,127,1,58,16,42" hai1="19,52,80,124,125,36,66,53,46,13,135,21,122" hai2="4,31,64,119,76,114,133,126,25,132,86,89,7" hai3="88,106,50,54,48,17,45,59,94,121,118,43,107"/><V90/><F119/><W38/><G121/><T96/><D1/><U85/><E135/><N who="2" m="51787" /><F64/><W39/><G118/><T99/><D71/><U2/><E2/><V30/><F114/><W110/><G110/><T8/><D123/><U101/><E101/><V0/><F126/><N who="1" m="48745" /><E66/><V24/><F76/><W109/><G109/><T40/><D127/><U47/><E122/><V78/><F78/><W61/><G39/><T108/><D131/><U83/><E83/><N who="2" m="49375" /><F90/><W112/><G112/><T15/><D108/><U79/><E46/><V22/><F0/><W37/><G37/><T14/><D14/><U33/><E33/><AGARI ba="1,0" hai="4,7,22,24,25,30,31,33" m="49375,51787" machi="33" ten="30,1500,0" yaku="20,1" doraHai="51" who="2" fromWho="1" sc="295,0,173,-18,245,18,287,0" /><INIT seed="2,2,0,2,3,40" ten="295,155,263,287" oya="2" hai0="86,93,135,1,102,96,35,44,52,110,78,38,59" hai1="132,58,55,74,94,95,79,56,17,22,45,64,72" hai2="98,49,106,112,41,4,111,53,105,85,103,73,84" hai3="31,90,99,24,69,100,104,34,43,20,13,30,46"/><V109/><F73/><W7/><G69/><T12/><D1/><U42/><E132/><V119/><F112/><W97/><G97/><T11/><D110/><N who="2" m="41994" /><F119/><W70/><G70/><T130/><D130/><U118/><E118/><V125/><F125/><W127/><G127/><T15/><D35/><U28/><E28/><V116/><F116/><W91/><G31/><T14/><D135/><U33/><E33/><V8/><F41/><W68/><G68/><T83/><D38/><U2/><E2/><N who="2" m="23" /><F105/><W67/><G67/><T50/><REACH who="0" step="1"/><D59/><AGARI ba="2,0" hai="49,53,59,84,85,98,103,106" m="23,41994" machi="59" ten="30,2900,0" yaku="14,1,10,1" doraHai="40" who="2" fromWho="0" sc="295,-35,155,0,263,35,287,0" /><INIT seed="2,3,0,5,5,92" ten="260,155,298,287" oya="2" hai0="9,29,37,46,20,91,125,121,4,86,8,117,75" hai1="16,118,23,26,109,83,12,116,81,128,94,19,54" hai2="49,114,5,98,85,113,77,44,66,21,28,90,11" hai3="58,96,87,88,100,82,99,93,78,36,31,107,27"/><V119/><F119/><W110/><G36/><T104/><D75/><U111/><E54/><V135/><F135/><W1/><G1/><T89/><D104/><U97/><E128/><V76/><F66/><W71/><G71/><T24/><D121/><U32/><E83/><V122/><F122/><W41/><G41/><T14/><D125/><U132/><E81/><V103/><F114/><W56/><REACH who="3" step="1"/><G110/><REACH who="3" ten="260,155,298,277" step="2"/><N who="1" m="41994" /><E132/><V69/><F69/><W115/><G115/><T126/><D126/><U57/><E57/><V95/><F113/><W34/><AGARI ba="3,1" hai="27,31,34,56,58,78,82,87,88,93,96,99,100,107" machi="34" ten="20,12000,2" yaku="1,1,0,1,7,1,52,2,54,1,53,0" doraHai="92" doraHaiUra="106" who="3" fromWho="3" sc="260,-33,155,-33,298,-63,277,139" /><INIT seed="3,0,0,4,1,91" ten="227,122,235,416" oya="3" hai0="115,64,125,134,20,86,24,94,38,3,87,27,131" hai1="108,39,62,5,57,74,30,121,89,66,35,49,12" hai2="54,73,60,11,111,78,21,28,9,99,69,59,104" hai3="80,90,92,46,68,128,17,0,119,31,15,33,56"/><W8/><G68/><T100/><D3/><U14/><E39/><V113/><F113/><W52/><G119/><T114/><D38/><U105/><E121/><V6/><F111/><W7/><G128/><T88/><D131/><U48/><E74/><V112/><F112/><N who="0" m="43050" /><D134/><U116/><E105/><V123/><F123/><W34/><G31/><T109/><D109/><U61/><E108/><V22/><F69/><W75/><G46/><T102/><D125/><U45/><E116/><V41/><F41/><W130/><G80/><T2/><D2/><U106/><E106/><V107/><F107/><W19/><G75/><T77/><D64/><U50/><E35/><V44/><F44/><W84/><G17/><N who="0" m="12303" /><D27/><U103/><E30/><V43/><F43/><W36/><G36/><T93/><D77/><U97/><E62/><V122/><F122/><W32/><G130/><T40/><D40/><U133/><E133/><V132/><F132/><W63/><REACH who="3" step="1"/><G34/><REACH who="3" ten="227,122,235,406" step="2"/><T126/><D126/><U79/><E45/><V51/><F28/><W127/><G127/><T25/><D25/><U85/><E5/><V120/><F6/><W82/><G82/><T72/><D72/><U81/><REACH who="1" step="1"/><E103/><REACH who="1" ten="227,112,235,406" step="2"/><N who="2" m="62591" /><F73/><W26/><G26/><T65/><D65/><U67/><E67/><V37/><F37/><W18/><G18/><T124/><D124/><U55/><E55/><V29/><F54/><W53/><G53/><T95/><D88/><U70/><E70/><V42/><F29/><W13/><G13/><T117/><D117/><U71/><E71/><V23/><F120/><W118/><G118/><T16/><D16/><RYUUKYOKU ba="0,2" sc="227,10,112,10,235,-30,406,10" hai0="86,87,93,94,95,100,102" hai1="12,14,48,49,50,57,61,66,79,81,85,89,97" hai3="0,7,8,15,19,32,33,52,56,63,84,90,92" /><INIT seed="3,1,2,0,5,17" ten="237,122,205,416" oya="3" hai0="2,1,101,115,114,42,122,51,49,105,71,63,103" hai1="135,117,84,20,113,15,98,109,120,12,26,6,8" hai2="59,56,96,82,43,24,53,126,61,38,125,65,30" hai3="41,34,81,16,100,35,18,111,85,118,23,127,83"/><W50/><G118/><T33/><D33/><U90/><E109/><V133/><F133/><W77/><G111/><T36/><D122/><U69/><E113/><N who="0" m="43017" /><D36/><U106/><E135/><V92/><F82/><W39/><G39/><T91/><D91/><U67/><E120/><V5/><F5/><W54/><G41/><T73/><D73/><U94/><E117/><V116/><F116/><W3/><G3/><N who="0" m="1035" /><D105/><U27/><E69/><V13/><F13/><W48/><G127/><N who="2" m="48649" /><F43/><W102/><G18/><T4/><D4/><U110/><E67/><V64/><F59/><W132/><G132/><T10/><D10/><U25/><E110/><V60/><F60/><W40/><G81/><T19/><D19/><N who="1" m="10367" /><E106/><V7/><F7/><W93/><G93/><T104/><D104/><U72/><E72/><V130/><F130/><W134/><G34/><T124/><D124/><U47/><E47/><V128/><F128/><W123/><G35/><T119/><D119/><U74/><E74/><V62/><F62/><W29/><G123/><T88/><D63/><U112/><E112/><V14/><F38/><W32/><G32/><T107/><D71/><U31/><E84/><V129/><F129/><W95/><G85/><T46/><D107/><U89/><E90/><N who="2" m="55319" /><F14/><W45/><G134/><T0/><D0/><U21/><AGARI ba="1,2" hai="6,8,12,21,25,26,27,31,89,94,98" m="10367" machi="21" ten="30,4000,0" yaku="8,1,52,2" doraHai="17" who="1" fromWho="1" sc="237,-11,122,63,205,-11,416,-21" /><INIT seed="4,0,0,4,2,13" ten="226,185,194,395" oya="0" hai0="45,4,105,87,41,108,95,113,71,19,29,74,120" hai1="24,5,99,1,114,25,128,100,89,59,73,79,44" hai2="17,11,27,46,2,28,43,81,42,58,10,6,92" hai3="18,126,26,127,48,22,121,69,130,65,88,135,110"/><T50/><D120/><U102/><E128/><V55/><F81/><W134/><G110/><T132/><D105/><U23/><E114/><V118/><F118/><W115/><G115/><T34/><D74/><U67/><E1/><V35/><F92/><W131/><G121/><T85/><D71/><U96/><E5/><V124/><F124/><N who="3" m="47659" /><G48/><T63/><D113/><U119/><E119/><V21/><F11/><W78/><G78/><T82/><D4/><U54/><E79/><V37/><F43/><W9/><G88/><T129/><D129/><N who="3" m="49161" /><G9/><T97/><D82/><U32/><E89/><V38/><F38/><W0/><G0/><T72/><D72/><U123/><E99/><V122/><F122/><W111/><G111/><T117/><D117/><U7/><E96/><V16/><F35/><W133/><G65/><T68/><D87/><U47/><E67/><V64/><F64/><W116/><G116/><T20/><D85/><U106/><E100/><V8/><F10/><W93/><G93/><T60/><D95/><U107/><E102/><V83/><F83/><W109/><G109/><T112/><D108/><U57/><E73/><V101/><F101/><W36/><G69/><T12/><D68/><U90/><E123/><V30/><F30/><W75/><G75/><T77/><D29/><U70/><E107/><V66/><F66/><W104/><G36/><T56/><D112/><U61/><E70/><V15/><F2/><W91/><G91/><T14/><D77/><U80/><E90/><V3/><F3/><W49/><G49/><AGARI ba="0,0" hai="6,8,15,16,17,21,27,28,37,42,46,49,55,58" machi="49" ten="30,7700,0" yaku="7,1,52,2,54,1" doraHai="13" who="2" fromWho="3" sc="226,0,185,0,194,77,395,-77" /><INIT seed="5,0,0,5,4,115" ten="226,185,271,318" oya="1" hai0="73,6,135,96,41,77,108,33,12,89,5,15,62" hai1="72,50,42,13,16,19,28,131,99,30,52,118,4" hai2="25,34,120,91,87,29,104,82,127,38,9,86,14" hai3="80,8,101,79,117,93,102,56,18,44,17,7,78"/><U67/><E72/><V112/><F120/><W39/><G79/><T23/><D33/><U107/><E67/><V88/><F38/><W111/><G111/><T130/><D108/><U11/><E118/><V92/><F112/><W64/><G117/><T133/><D130/><U40/><E131/><V3/><F127/><W100/><G93/><N who="0" m="56367" /><D41/><N who="1" m="15979" /><E99/><V75/><F75/><W0/><G44/><T22/><D73/><U46/><E107/><V43/><F43/><W81/><G39/><T114/><D114/><U106/><E106/><V26/><F26/><W61/><REACH who="3" step="1"/><G80/><REACH who="3" ten="226,185,271,308" step="2"/><T37/><D77/><U35/><E35/><V109/><F109/><W94/><G94/><T31/><D37/><U47/><E46/><V48/><F104/><W134/><G134/><T85/><D133/><U59/><E47/><V36/><F36/><W68/><G68/><T63/><D135/><U60/><E50/><V10/><F48/><W32/><G32/><T97/><D63/><U124/><E124/><V71/><F71/><W1/><G1/><T54/><D62/><U103/><E103/><V83/><F3/><W58/><G58/><T21/><D97/><U105/><E105/><V90/><F92/><W66/><G66/><T27/><D54/><U51/><E51/><V110/><F110/><W20/><G20/><N who="0" m="7787" /><D85/><AGARI ba="0,1" hai="0,7,8,17,18,56,61,64,78,81,85,100,101,102" machi="85" ten="40,1300,0" yaku="1,1,53,0" doraHai="115" doraHaiUra="121" who="3" fromWho="0" sc="226,-13,185,0,271,0,308,23" /><INIT seed="6,0,0,0,3,15" ten="213,185,271,331" oya="2" hai0="13,6,67,60,17,117,79,84,43,4,115,74,94" hai1="89,93,7,75,8,29,22,71,28,124,34,40,64" hai2="61,32,39,41,42,129,26,44,9,3,86,88,18" hai3="38,95,54,5,133,45,108,12,1,105,35,91,81"/><V36/><F129/><W69/><G105/><T53/><D115/><U51/><E75/><V46/><F61/><W11/><G69/><T120/><D120/><U70/><E124/><V125/><F125/><W33/><G108/><T87/><D74/><U21/><E34/><V49/><F32/><W90/><G133/><T59/><D43/><U123/><E70/><V63/><F63/><W135/><G135/><T101/><D117/><U85/><E71/><V0/><F49/><W130/><G130/><T113/><D113/><U58/><E123/><V92/><F9/><W62/><G38/><T110/><D110/><U97/><E64/><V76/><F76/><W104/><G104/><T48/><D79/><U106/><E106/><V126/><F126/><W50/><G1/><T131/><D87/><U37/><E37/><V77/><F77/><W80/><G91/><N who="0" m="53607" /><D101/><U99/><E99/><V100/><F100/><W14/><G14/><T128/><D128/><U68/><E68/><V16/><F26/><W83/><REACH who="3" step="1"/><G62/><REACH who="3" ten="213,185,271,321" step="2"/><T10/><D131/><U30/><E97/><AGARI ba="0,1" hai="5,11,12,33,35,45,50,54,80,81,83,90,95,97" machi="97" ten="40,2600,0" yaku="1,1,2,1,53,0" doraHai="15" doraHaiUra="111" who="3" fromWho="1" sc="213,0,185,-26,271,0,321,36" /><INIT seed="7,0,0,4,3,3" ten="213,159,271,357" oya="3" hai0="84,95,56,134,82,32,13,5,41,68,60,98,133" hai1="53,111,104,109,83,6,10,108,99,90,91,11,43" hai2="35,9,57,69,107,131,94,102,14,101,26,78,86" hai3="128,59,33,46,120,103,126,66,71,63,7,51,47"/><W110/><G33/><T106/><D32/><U116/><E43/><V77/><F69/><W113/><G120/><T2/><D68/><U0/><E116/><V61/><F107/><W54/><G113/><T38/><D106/><U22/><E22/><V21/><F131/><W88/><G103/><T44/><D2/><U23/><E23/><V87/><F35/><W117/><G117/><T122/><D122/><U1/><E53/><N who="2" m="33967" /><F78/><W70/><G70/><T34/><D34/><U29/><E29/><N who="2" m="17615" /><F77/><W115/><G115/><T76/><D98/><U18/><E83/><V132/><F132/><W30/><G30/><T65/><D95/><U114/><E114/><V39/><F39/><W75/><G75/><T73/><D73/><U19/><E104/><V62/><F62/><W125/><G128/><T37/><D37/><U64/><E64/><V40/><F40/><W97/><G110/><T67/><D67/><U121/><E121/><V123/><F123/><W81/><G71/><T93/><D93/><U124/><E124/><V45/><F45/><W12/><G47/><T105/><D105/><U119/><E119/><V16/><F94/><W15/><G81/><T50/><D38/><U8/><E99/><V74/><F74/><W52/><G97/><T31/><D31/><U100/><E100/><AGARI ba="0,0" hai="9,14,16,86,87,100,101,102" m="17615,33967" machi="100" ten="30,2000,0" yaku="8,1,54,1" doraHai="3" who="2" fromWho="1" sc="213,0,159,-20,271,20,357,0" owari="213,-19.0,139,-36.0,291,9.0,357,46.0" /></mjloggm>