<mjloggm ver="2.3"><GO type="169" lobby="0"/><UN n0="%E5%8F%8B%E6%B2%A2" n1="%E5%B0%B1%E6%B4%BB%E7%94%9F%40%E5%B7%9D%E6%9D%91%E8%BB%8D%E5%9B%A3" n2="%E3%81%84%E3%81%9F%E3%83%92%E3%83%AD" n3="%E3%81%99%E3%81%BF%E3%82%84%E3%81%AB" dan="16,17,17,18" rate="2147.89,2129.59,2165.12,2202.79" sx="M,M,M,M"/><TAIKYOKU oya="0"/><INIT seed="0,0,0,0,2,0" ten="250,250,250,250" oya="0" hai0="21,96,77,40,54,79,127,46,120,13,44,9,101" hai1="3,112,8,49,122,114,33,121,50,45,11,132,91" hai2="118,133,27,16,25,129,24,97,109,89,6,65,58" hai3="42,135,56,100,64,67,134,23,74,38,30,107,55"/><T17/><D127/><U71/><E71/><V99/><F118/><W1/><G74/><T113/><D113/><N who="1" m="43627" /><E33/><V81/><F129/><W34/><G34/><T78/><D120/><N who="1" m="46187" /><E3/><V130/><F130/><W36/><G1/><T19/><D54/><U39/><E132/><V26/><F133/><N who="3" m="50699" /><G100/><T124/><D124/><U92/><E39/><V7/><F109/><W94/><G107/><T35/><D35/><U126/><E126/><V4/><N who="2" m="6144" /><DORA hai="117" /><V57/><F16/><W131/><G38/><T98/><D98/><N who="2" m="37386" /><F65/><W115/><G36/><T125/><D125/><U80/><E80/><V53/><F53/><W28/><G55/><T86/><D86/><AGARI ba="0,0" hai="4,6,7,57,58,81,86,89" m="37386,6144" machi="86" ten="50,8000,1" yaku="8,1,52,3" doraHai="0,117" who="2" fromWho="0" sc="250,-80,250,0,250,80,250,0" /><INIT seed="1,0,0,4,1,76" ten="170,250,330,250" oya="1" hai0="68,126,75,5,107,58,70,83,133,95,6,28,84" hai1="111,33,50,112,69,93,123,74,39,128,25,114,32" hai2="18,71,11,106,12,63,77,42,62,35,43,96,44" hai3="52,51,103,45,7,129,105,41,8,27,102,110,4"/><U3/><RYUUKYOKU type="yao9" ba="0,0" sc="170,0,250,0,330,0,250,0" hai1="3,25,32,33,39,50,69,74,93,111,112,114,123,128" /><INIT seed="1,1,0,0,1,44" ten="170,250,330,250" oya="1" hai0="57,15,37,104,100,105,76,26,88,79,114,49,24" hai1="41,90,116,73,81,131,74,87,58,38,102,3,123" hai2="92,77,56,93,129,12,82,14,64,25,0,20,91" hai3="128,29,11,109,94,30,120,7,40,97,98,112,21"/><U83/><E3/><V51/><F0/><W8/><G120/><T13/><D37/><U68/><E68/><V17/><F129/><W46/><G128/><T53/><D114/><U124/><E123/><V45/><F93/><W95/><G112/><T9/><D13/><U10/><E116/><V133/><F133/><W47/><G109/><T2/><D2/><U67/><E131/><V89/><F89/><W118/><G118/><T80/><D105/><U62/><E124/><V54/><F64/><W32/><G32/><T119/><D119/><U4/><E102/><V31/><F45/><W125/><G21/><T103/><D103/><U84/><E41/><V6/><F6/><W18/><G18/><T99/><D76/><U122/><E38/><V65/><F65/><W5/><REACH who="3" step="1"/><G125/><REACH who="3" ten="170,250,330,240" step="2"/><T110/><D110/><U106/><E122/><V135/><F135/><W121/><G121/><T134/><D134/><U52/><E106/><V43/><F43/><AGARI ba="1,1" hai="5,7,8,11,29,30,40,43,46,47,94,95,97,98" machi="43" ten="25,6400,0" yaku="1,1,22,2,8,1,53,0" doraHai="44" doraHaiUra="132" who="3" fromWho="2" sc="170,0,250,0,330,-67,240,77" /><INIT seed="2,0,0,3,4,63" ten="170,250,263,317" oya="2" hai0="111,14,84,124,102,48,51,120,21,78,87,76,60" hai1="53,35,37,131,31,61,6,123,34,0,103,85,112" hai2="128,121,81,69,11,27,71,19,83,7,24,33,104" hai3="129,29,3,55,125,16,57,114,52,115,28,70,43"/><V65/><F104/><W5/><G70/><T130/><D111/><U62/><E37/><V110/><F121/><W68/><G68/><T30/><D130/><U26/><E112/><N who="3" m="43050" /><G43/><T116/><D124/><U46/><E35/><V134/><F128/><W39/><G39/><T73/><D73/><U127/><E123/><V32/><F110/><W118/><G118/><T96/><D120/><U86/><E127/><V23/><F134/><W10/><G129/><T93/><D87/><U20/><E131/><V67/><F23/><W36/><G36/><T100/><D116/><U15/><E103/><V49/><F19/><W42/><G42/><T101/><D14/><U94/><E94/><V47/><F49/><N who="3" m="30863" /><G55/><T38/><D38/><U59/><E46/><V98/><F98/><W91/><G91/><N who="0" m="55359" /><D60/><U44/><E62/><V119/><F47/><W25/><G125/><T82/><D78/><U41/><E44/><V13/><F13/><W8/><G25/><AGARI ba="0,0" hai="21,25,30,48,51,76,82,84,100,101,102" m="55359" machi="25" ten="30,1000,0" yaku="8,1" doraHai="63" who="0" fromWho="3" sc="170,10,250,0,263,0,317,-10" /><INIT seed="3,0,0,3,2,73" ten="180,250,263,307" oya="3" hai0="22,25,120,61,1,116,55,46,86,47,134,30,4" hai1="102,90,52,21,83,91,124,114,131,50,87,32,48" hai2="39,66,56,103,109,108,110,121,97,123,42,67,51" hai3="11,133,130,10,76,113,37,99,89,44,101,69,85"/><W54/><G69/><T23/><D116/><U29/><E32/><V33/><F33/><W57/><G113/><T127/><D120/><N who="2" m="46154" /><F97/><W38/><G130/><T12/><D134/><U40/><E114/><V24/><F24/><W115/><G115/><T68/><D127/><U3/><E3/><V128/><F103/><W18/><G133/><T65/><D1/><U100/><E124/><V36/><F128/><W111/><G44/><T129/><D129/><U105/><E105/><V9/><F9/><W60/><G111/><T34/><D4/><U14/><E131/><V53/><F42/><W104/><G11/><T92/><D55/><U112/><E112/><V71/><F71/><W49/><G10/><T82/><D92/><U13/><E91/><V84/><F84/><W16/><G76/><T125/><D125/><U98/><E40/><V59/><F59/><W43/><G43/><T63/><D22/><U20/><E50/><V75/><F75/><W45/><G49/><T72/><D72/><U5/><E5/><V2/><F2/><W79/><G79/><T78/><REACH who="0" step="1"/><D63/><REACH who="0" ten="170,250,263,307" step="2"/><U118/><E118/><V96/><F96/><W93/><G60/><T31/><D31/><U17/><E98/><V94/><F94/><W41/><G93/><T0/><D0/><U81/><E29/><V77/><F77/><W122/><G99/><T62/><D62/><U27/><E21/><V8/><F8/><W64/><G104/><T74/><D74/><U126/><E126/><V6/><F6/><W119/><G119/><T35/><D35/><U19/><E100/><V106/><F106/><RYUUKYOKU ba="0,1" sc="170,15,250,-15,263,15,307,-15" hai0="12,23,25,30,34,46,47,61,65,68,78,82,86" hai2="36,39,51,53,56,66,67,108,109,110" /><INIT seed="4,1,1,2,4,10" ten="185,235,278,292" oya="0" hai0="40,78,8,114,73,57,111,85,43,4,39,76,64" hai1="79,112,9,62,99,101,65,69,71,29,124,44,92" hai2="67,19,130,30,131,125,42,95,113,135,96,33,56" hai3="35,77,134,61,45,27,58,129,118,52,127,86,34"/><T122/><D122/><U68/><E124/><V5/><F125/><W104/><G127/><T128/><D73/><U14/><E112/><V36/><F113/><W82/><G118/><T26/><D114/><U66/><E29/><V98/><F98/><W81/><G104/><T109/><D128/><U28/><E28/><V97/><F96/><W24/><G129/><N who="2" m="49161" /><F135/><W75/><G134/><T133/><D133/><U1/><E1/><V0/><F5/><W103/><G103/><T7/><D26/><U22/><E79/><N who="0" m="30249" /><D39/><U18/><E65/><V55/><F67/><W70/><G70/><T100/><D100/><U116/><E116/><V121/><F0/><W60/><G75/><T46/><D46/><U120/><E120/><V117/><F121/><W51/><G45/><T88/><D57/><U53/><E22/><V49/><F36/><W41/><G35/><T90/><D64/><U107/><E107/><V119/><F42/><N who="0" m="15914" /><D85/><U94/><E44/><V110/><F33/><W80/><G34/><T91/><D8/><U93/><E53/><V106/><F55/><W105/><G41/><T126/><D126/><U15/><E101/><V20/><F97/><W123/><G105/><T108/><AGARI ba="1,1" hai="4,7,88,90,91,108,109,111" m="15914,30249" machi="108" ten="40,12000,1" yaku="28,2,10,1,54,1" doraHai="10" who="0" fromWho="0" sc="185,133,235,-41,278,-41,292,-41" /><INIT seed="4,2,0,2,0,69" ten="318,194,237,251" oya="0" hai0="19,132,72,96,102,84,42,114,124,34,97,21,68" hai1="59,15,133,28,101,0,65,135,117,25,18,70,98" hai2="32,82,12,109,105,30,92,113,3,74,76,31,67" hai3="126,88,129,56,125,111,103,115,40,62,57,9,22"/><T90/><D72/><U10/><E70/><V27/><F3/><W45/><G111/><T77/><D68/><U54/><E117/><V123/><F105/><W91/><G103/><T24/><D114/><U14/><E0/><V134/><F109/><W26/><G9/><T35/><D77/><U75/><E75/><V55/><F113/><W93/><G129/><T131/><D131/><U112/><E112/><V120/><F134/><W36/><G115/><T89/><D132/><U100/><E15/><V29/><F29/><W48/><G48/><T7/><D124/><N who="3" m="47721" /><G93/><T4/><D42/><U20/><E65/><V108/><F67/><N who="3" m="39367" /><G57/><T128/><D128/><U58/><E58/><V6/><F108/><W5/><G5/><T64/><D64/><U41/><E41/><V104/><F104/><W43/><G43/><T53/><D53/><U51/><REACH who="1" step="1"/><E101/><REACH who="1" ten="318,184,237,251" step="2"/><V121/><F120/><W46/><G46/><T110/><D110/><U86/><E86/><V38/><F74/><W130/><G130/><T61/><D84/><U39/><E39/><V71/><F38/><W80/><G80/><T106/><D106/><AGARI ba="2,1" hai="10,14,18,20,25,28,51,54,59,98,100,106,133,135" machi="106" ten="40,2600,0" yaku="1,1,53,1" doraHai="69" doraHaiUra="17" who="1" fromWho="0" sc="318,-32,184,42,237,0,251,0" /><INIT seed="5,0,0,4,0,35" ten="286,226,237,251" oya="1" hai0="1,107,86,132,39,82,32,19,52,44,8,75,5" hai1="62,43,31,84,60,119,45,46,14,121,42,38,64" hai2="122,29,118,123,22,27,63,20,109,85,106,110,41" hai3="53,126,90,79,93,74,78,81,120,3,13,17,108"/><U117/><E31/><V114/><F106/><W130/><G120/><T55/><D32/><U105/><E105/><V18/><F41/><W23/><G108/><T96/><D132/><U7/><E84/><V25/><F85/><W21/><G126/><T59/><D75/><U135/><E14/><V4/><F63/><W70/><G70/><T12/><D39/><N who="1" m="21727" /><E7/><V11/><F118/><N who="1" m="45065" /><E121/><N who="2" m="46091" /><F114/><W40/><G40/><T0/><D5/><U66/><E135/><V6/><F6/><W26/><G79/><T54/><D44/><U89/><E89/><V91/><F91/><W28/><G90/><T2/><D107/><U71/><E62/><V77/><F77/><W125/><G78/><T98/><D86/><U61/><E60/><V49/><F49/><W127/><G74/><T68/><D82/><U48/><E48/><V124/><F124/><W131/><G81/><T111/><D96/><U56/><E66/><V51/><F51/><W73/><G73/><T94/><D98/><U134/><E134/><V57/><F57/><AGARI ba="0,0" hai="38,43,46,56,57,61,64,71" m="45065,21727" machi="57" ten="30,2900,0" yaku="34,2" doraHai="35" who="1" fromWho="2" sc="286,0,226,29,237,-29,251,0" /><INIT seed="5,1,0,0,3,85" ten="286,255,208,251" oya="1" hai0="41,11,102,65,56,18,60,15,70,0,88,30,104" hai1="63,132,33,26,67,57,120,110,20,121,118,135,101" hai2="27,76,133,73,39,119,103,87,134,93,50,109,8" hai3="5,129,97,38,52,10,14,107,71,115,22,72,122"/><U80/><E33/><V131/><F39/><W68/><G122/><N who="1" m="47210" /><E101/><V99/><F119/><W62/><G72/><T12/><D0/><U7/><E7/><V94/><F109/><W42/><G115/><T2/><D2/><U34/><E34/><V113/><F113/><W53/><G129/><T89/><D30/><U45/><E80/><V108/><F131/><W117/><G117/><T6/><D70/><U29/><E118/><V69/><F69/><W78/><G71/><T123/><D123/><U77/><E77/><V84/><F108/><W4/><G78/><T47/><D102/><U96/><E96/><V124/><F8/><W83/><G83/><T91/><D104/><U37/><E110/><V66/><F66/><W17/><G5/><T100/><D100/><U21/><E21/><V32/><F50/><W59/><G97/><T35/><D35/><U24/><E24/><V81/><F27/><W40/><G107/><T75/><D75/><U112/><E112/><V28/><F28/><W9/><G9/><N who="0" m="6511" /><D91/><U13/><E13/><V61/><F61/><W98/><G62/><T58/><D58/><U19/><E29/><V3/><F3/><W128/><G68/><T125/><D125/><U64/><E64/><V116/><F32/><W23/><G128/><T114/><D114/><U105/><E105/><N who="2" m="63743" /><F124/><W36/><G59/><T74/><D74/><U130/><E130/><V49/><F49/><AGARI ba="1,0" hai="6,11,12,41,47,49,56,60,65,88,89" m="6511" machi="49" ten="30,7700,0" yaku="8,1,52,2,54,1" doraHai="85" who="0" fromWho="2" sc="286,80,255,0,208,-80,251,0" /><INIT seed="6,0,0,4,4,25" ten="366,255,128,251" oya="2" hai0="102,104,135,71,113,84,90,43,108,131,59,46,112" hai1="21,83,85,26,87,22,57,130,3,74,80,99,117" hai2="17,68,29,61,2,66,73,62,75,115,101,124,82" hai3="93,134,24,119,13,49,9,70,126,69,106,129,86"/><V58/><F2/><W110/><G110/><T79/><D71/><U28/><E3/><V36/><F36/><W52/><G106/><T120/><D108/><U114/><E74/><V38/><F38/><W125/><G119/><T40/><D120/><U111/><E111/><V121/><F121/><W8/><G129/><T60/><D131/><U5/><E130/><V23/><F124/><N who="3" m="47723" /><G134/><T18/><D79/><U54/><E5/><V33/><F115/><W45/><G24/><T88/><D135/><U95/><E114/><N who="0" m="44137" /><D46/><U63/><E22/><V91/><F101/><W98/><G86/><N who="1" m="32778" /><E117/><V1/><F1/><W94/><G93/><T105/><D18/><U123/><E123/><V7/><F7/><N who="3" m="3231" /><G9/><T67/><D90/><AGARI ba="0,0" hai="21,26,28,54,57,63,80,83,90,95,99" m="32778" machi="90" ten="30,2000,0" yaku="8,1,52,1" doraHai="25" who="1" fromWho="0" sc="366,-20,255,20,128,0,251,0" /><AGARI ba="0,0" hai="45,49,52,69,70,90,94,98" m="3231,47723" machi="90" ten="30,2000,0" yaku="18,1,54,1" doraHai="25" who="3" fromWho="0" sc="346,-20,275,0,128,0,251,20" /><INIT seed="7,0,0,0,0,115" ten="326,275,128,271" oya="3" hai0="57,103,47,114,76,80,59,46,6,123,17,112,65" hai1="82,30,122,117,116,31,66,90,98,11,120,127,69" hai2="96,8,52,25,93,109,42,81,99,79,87,135,132" hai3="24,29,34,73,124,75,84,61,40,131,91,62,7"/><W92/><G124/><T58/><D123/><N who="1" m="47147" /><E69/><V20/><F109/><W18/><G131/><T101/><D6/><U100/><E66/><V27/><F42/><W126/><G126/><T49/><D65/><U3/><E127/><V63/><F8/><W48/><G7/><T68/><D68/><U45/><E45/><V94/><F135/><W111/><G111/><T72/><D46/><U74/><E11/><V4/><F4/><W14/><G75/><T83/><D17/><U0/><E90/><V128/><F128/><W106/><G106/><T28/><D28/><N who="1" m="10795" /><E82/><V108/><F108/><W15/><G73/><T13/><D13/><U33/><E33/><V2/><F2/><W16/><G48/><T38/><D83/><U26/><E26/><V70/><F70/><W89/><G89/><T1/><D1/><U51/><E51/><V36/><F36/><W133/><G133/><T19/><D19/><U78/><E78/><V41/><F41/><W130/><G40/><N who="0" m="22935" /><D49/><U50/><E50/><V64/><F64/><W97/><G97/><N who="2" m="37449" /><F132/><W9/><G130/><T53/><D114/><U23/><E23/><AGARI ba="0,0" hai="9,14,15,16,18,23,24,29,34,61,62,84,91,92" machi="23" ten="30,2900,0" yaku="7,1,54,1" doraHai="115" who="3" fromWho="1" sc="326,0,275,-29,128,0,271,29" /><INIT seed="7,1,0,3,1,38" ten="326,246,128,300" oya="3" hai0="109,41,129,52,29,133,20,1,35,121,37,84,106" hai1="45,132,82,68,111,40,21,126,117,62,69,85,134" hai2="107,83,77,58,7,2,95,22,66,6,81,25,91" hai3="72,125,99,114,4,51,96,86,5,89,123,102,34"/><W55/><G123/><T65/><D109/><U93/><E111/><V105/><F81/><W8/><G72/><T135/><D121/><U14/><E126/><V70/><F70/><W59/><G34/><T98/><D1/><U13/><E93/><V3/><F3/><W118/><G118/><T48/><D65/><U73/><E73/><V60/><F2/><W33/><G33/><T0/><D0/><U50/><E117/><V88/><F91/><W130/><G125/><T131/><D35/><U15/><E21/><V122/><F107/><W12/><G114/><T56/><D84/><U113/><E62/><V32/><F105/><W76/><G76/><T74/><D74/><U71/><REACH who="1" step="1"/><E113/><REACH who="1" ten="326,236,128,300" step="2"/><V103/><F122/><W57/><G130/><T128/><D106/><U119/><E119/><V120/><F120/><W49/><G102/><T127/><D127/><U101/><E101/><V11/><F32/><W75/><G75/><T80/><D20/><U108/><E108/><V53/><F103/><W54/><G5/><T90/><D129/><U115/><E115/><V47/><F11/><W104/><G104/><T46/><D128/><U24/><E24/><V17/><F66/><W39/><G39/><T78/><D131/><U97/><E97/><N who="2" m="57575" /><F47/><W79/><G79/><AGARI ba="1,1" hai="13,14,15,40,45,50,68,69,71,79,82,85,132,134" machi="79" ten="50,3200,0" yaku="1,1,52,1,53,0" doraHai="38" doraHaiUra="18" who="1" fromWho="3" sc="326,0,236,45,128,0,300,-35" owari="326,42.0,281,8.0,128,-37.0,265,-13.0" /></mjloggm>