<mjloggm ver="2.3"><GO type="169" lobby="0"/><UN n0="%E3%82%A8%E3%83%83%E3%83%95%E3%82%A7%E3%83%AB%E5%A1%94" n1="%3E%5F%30%40%E6%9D%8F%E6%9D%8F%E8%BB%8D%E5%9C%98" n2="%E5%B0%8F%E6%89%8B%E8%BF%94%E6%92%B2%E6%BB%85%E4%BC%9A%E9%95%B7" n3="%E3%82%A6%E3%83%AB%E3%83%88%E3%83%A9%E7%AB%8B%E7%9B%B4" dan="16,18,16,17" rate="2040.41,2176.76,2087.72,2150.29" sx="M,F,M,M"/><TAIKYOKU oya="0"/><INIT seed="0,0,0,1,0,18" ten="250,250,250,250" oya="0" hai0="45,77,14,105,9,43,79,118,103,50,74,35,68" hai1="19,76,82,33,87,91,96,40,102,130,131,3,7" hai2="70,42,39,48,52,31,25,122,92,0,58,13,98" hai3="111,53,44,134,1,89,17,117,113,97,72,34,55"/><T125/><D118/><U27/><E40/><V132/><F0/><W100/><G113/><T11/><D68/><U124/><E124/><V24/><F132/><W107/><G117/><T116/><D35/><U26/><E3/><V67/><F122/><W28/><G134/><T64/><D64/><U84/><E7/><V60/><F13/><W61/><G111/><T15/><D125/><U66/><E66/><V12/><F12/><W126/><G126/><T36/><D36/><U23/><E33/><V51/><F51/><W63/><G72/><T128/><D74/><U6/><E6/><V65/><F65/><W29/><G89/><T101/><D116/><U21/><E91/><N who="2" m="55583" /><F31/><W109/><G109/><T127/><D127/><U110/><E110/><V8/><F8/><W120/><G1/><T80/><D105/><U123/><E123/><V71/><F71/><W104/><G104/><T115/><D11/><U86/><E130/><V10/><F10/><W59/><G120/><T95/><D128/><U57/><E57/><V4/><F4/><W30/><G34/><T108/><D108/><U119/><E119/><V83/><F83/><W69/><G69/><T85/><D9/><U94/><E131/><V93/><F93/><W133/><G133/><T2/><D2/><U54/><E54/><V62/><F62/><W112/><G112/><T78/><D115/><U106/><E106/><V38/><F38/><W90/><G63/><T88/><D95/><U37/><E37/><V22/><F22/><W46/><G55/><T20/><D20/><U129/><E129/><V135/><F135/><RYUUKYOKU ba="0,0" sc="250,10,250,10,250,10,250,-30" hai0="14,15,43,45,50,77,78,79,80,85,88,101,103" hai1="19,21,23,26,27,76,82,84,86,87,94,96,102" hai2="24,25,39,42,48,52,58,60,67,70" /><INIT seed="0,1,0,2,1,43" ten="260,260,260,220" oya="0" hai0="97,63,53,88,14,114,109,130,104,49,108,113,81" hai1="44,41,78,10,50,103,2,47,86,91,70,25,27" hai2="11,5,92,85,95,56,39,0,3,31,28,131,129" hai3="94,38,37,73,134,61,59,17,16,67,30,20,105"/><T42/><D130/><N who="2" m="49674" /><F0/><W7/><G105/><T90/><D42/><U45/><E70/><V29/><F39/><W99/><G73/><T62/><D14/><U119/><E119/><V96/><F85/><W32/><G134/><T89/><D81/><N who="1" m="47415" /><E2/><V111/><F111/><N who="0" m="42570" /><D97/><U13/><E103/><N who="2" m="60807" /><F56/><W72/><G72/><T65/><D104/><U71/><E71/><V22/><F95/><W101/><G7/><T135/><D135/><U128/><E128/><V125/><F125/><W98/><G98/><T132/><D132/><U48/><E91/><V117/><F117/><W69/><G69/><N who="0" m="42167" /><D63/><U87/><E87/><V122/><F122/><W80/><G80/><T82/><D82/><U79/><E79/><V120/><F120/><W21/><G38/><T118/><D118/><U84/><E84/><V83/><F83/><W124/><G37/><T133/><D133/><U93/><E93/><V74/><F74/><W102/><G102/><T76/><D76/><U4/><E41/><V24/><AGARI ba="1,0" hai="3,5,11,22,24,28,29,31" m="60807,49674" machi="24" ten="30,1100,0" yaku="19,1" doraHai="43" who="2" fromWho="2" sc="260,-6,260,-4,260,14,220,-4" /><INIT seed="1,0,0,4,1,33" ten="254,256,274,216" oya="1" hai0="42,123,71,37,113,105,1,104,118,31,133,108,57" hai1="112,82,87,135,47,95,15,72,17,134,62,61,63" hai2="53,74,13,73,70,36,52,76,34,106,125,110,75" hai3="78,94,8,124,60,40,18,91,85,12,2,116,54"/><U59/><E112/><V83/><F106/><W119/><G124/><T51/><RYUUKYOKU type="yao9" ba="0,0" sc="254,0,256,0,274,0,216,0" hai0="1,31,37,42,51,57,71,104,105,108,113,118,123,133" /><INIT seed="1,1,0,3,2,129" ten="254,256,274,216" oya="1" hai0="79,27,62,114,80,36,71,4,60,9,108,110,56" hai1="55,118,89,54,13,111,107,64,120,48,127,72,25" hai2="83,22,96,105,106,109,46,19,7,67,124,100,123" hai3="43,130,53,50,33,98,12,37,86,94,1,17,91"/><U81/><E118/><V6/><F109/><W21/><G130/><T119/><D119/><U10/><E120/><V8/><F124/><W42/><G37/><T23/><D71/><U45/><E127/><V115/><F123/><W47/><G33/><T3/><D114/><U61/><E111/><N who="0" m="42537" /><D56/><N who="1" m="36903" /><E72/><V90/><F106/><W117/><G117/><T34/><D34/><U88/><E107/><V133/><F67/><W44/><G1/><T84/><D36/><U41/><E25/><V93/><F83/><W113/><G113/><T128/><D128/><U2/><E2/><V75/><F75/><W11/><G47/><T77/><D79/><U51/><E81/><V68/><F68/><W76/><G76/><T35/><D35/><U29/><E29/><AGARI ba="1,0" hai="3,4,9,23,27,29,60,62,77,80,84" m="42537" machi="29" ten="30,1000,0" yaku="14,1" doraHai="129" who="0" fromWho="1" sc="254,13,256,-13,274,0,216,0" /><INIT seed="2,0,0,2,2,68" ten="267,243,274,216" oya="2" hai0="128,79,123,135,92,8,10,24,46,74,16,108,121" hai1="109,130,132,101,6,91,64,28,115,60,113,17,119" hai2="31,30,126,26,37,75,110,116,125,100,5,34,39" hai3="55,51,66,117,133,96,81,95,69,21,85,67,15"/><V52/><F116/><W134/><G117/><T22/><D108/><U42/><E109/><V2/><F110/><W124/><G124/><N who="2" m="47721" /><F75/><W86/><G69/><T111/><D111/><U1/><E119/><V40/><F40/><W49/><G21/><T84/><D74/><U97/><E130/><V112/><F112/><W90/><G15/><T56/><D128/><U73/><E132/><V53/><F100/><W47/><G86/><T78/><D135/><U59/><E73/><V32/><F5/><W4/><G4/><T57/><D46/><U0/><E6/><V50/><F2/><W19/><G19/><T104/><D104/><U12/><E42/><V54/><F50/><W77/><G133/><T106/><D106/><U107/><E1/><V102/><F102/><W122/><G134/><T65/><D123/><U82/><E0/><V27/><AGARI ba="0,0" hai="26,27,30,31,32,34,37,39,52,53,54" m="47721" machi="27" ten="40,12000,1" yaku="18,1,52,2,54,1" doraHai="68" who="2" fromWho="2" sc="267,-40,243,-40,274,120,216,-40" /><INIT seed="2,1,0,3,2,31" ten="227,203,394,176" oya="2" hai0="79,18,38,32,56,58,68,122,133,81,73,19,119" hai1="88,59,131,29,22,63,69,24,121,101,135,55,44" hai2="92,33,106,97,100,40,5,30,127,2,64,12,35" hai3="130,115,83,74,62,78,70,109,85,77,82,47,95"/><V120/><F120/><W61/><G109/><T134/><D68/><U39/><E121/><V25/><F127/><W17/><G130/><T0/><D122/><U102/><E131/><V93/><F40/><W37/><G115/><T21/><D0/><U60/><E135/><N who="0" m="51721" /><D38/><U27/><E88/><V124/><F124/><W14/><G70/><T84/><D119/><U113/><E113/><V118/><F118/><W1/><G1/><T105/><D105/><U90/><E90/><V107/><F64/><W53/><G95/><T104/><D104/><U91/><E91/><V99/><F5/><W132/><G132/><T66/><D66/><U34/><E69/><V87/><F12/><W3/><G3/><T8/><D84/><U46/><E63/><V41/><F41/><W75/><G85/><T96/><D96/><U71/><E71/><V94/><F2/><W86/><G86/><T20/><D8/><U110/><E110/><V49/><F87/><W4/><G4/><T16/><D32/><U51/><E39/><V129/><F129/><W52/><G37/><T76/><D79/><U9/><E9/><V15/><F49/><W126/><G126/><T80/><D81/><U117/><E117/><V67/><F67/><W45/><G14/><T65/><D65/><U54/><E46/><V50/><F15/><W26/><G26/><T98/><D98/><U28/><AGARI ba="1,0" hai="22,24,27,28,29,34,44,51,54,55,59,60,101,102" machi="28" ten="20,2700,0" yaku="0,1,7,1,52,1" doraHai="31" who="1" fromWho="1" sc="227,-8,203,30,394,-14,176,-8" /><INIT seed="3,0,0,1,1,119" ten="219,233,380,168" oya="3" hai0="128,67,40,117,42,109,107,105,34,130,125,46,16" hai1="35,43,91,5,118,111,100,82,127,93,2,134,15" hai2="79,76,129,102,59,22,75,39,80,96,72,44,50" hai3="61,17,24,55,23,41,133,77,32,29,64,94,68"/><W27/><G133/><T19/><D34/><U81/><E35/><V26/><F129/><N who="0" m="49770" /><D67/><U120/><E2/><V51/><F39/><W78/><G41/><N who="0" m="15979" /><D46/><U21/><E118/><V71/><F71/><W47/><REACH who="3" step="1"/><G94/><REACH who="3" ten="219,233,380,158" step="2"/><T25/><D117/><U92/><E43/><V131/><F131/><W88/><G88/><T126/><D109/><U108/><E91/><V18/><F102/><W48/><AGARI ba="0,1" hai="17,23,24,27,29,32,47,48,55,61,64,68,77,78" machi="48" ten="30,3000,0" yaku="1,1,0,1,53,0" doraHai="119" doraHaiUra="52" who="3" fromWho="3" sc="219,-10,233,-10,380,-10,158,40" /><INIT seed="3,1,0,3,1,51" ten="209,223,370,198" oya="3" hai0="40,67,78,34,45,90,104,25,32,15,72,60,23" hai1="31,84,96,18,110,95,86,65,118,9,108,117,22" hai2="83,39,43,112,28,125,98,133,42,47,74,64,33" hai3="102,132,134,76,41,68,81,14,36,66,37,17,129"/><W63/><G102/><T127/><D104/><U91/><E65/><V20/><F125/><W6/><G6/><T113/><D15/><U38/><E9/><V56/><F133/><N who="3" m="51307" /><G41/><T57/><D127/><U19/><E31/><V123/><F42/><W100/><G100/><T54/><D113/><U116/><E38/><V61/><F33/><W46/><G46/><T24/><D24/><N who="1" m="14423" /><E19/><V30/><F123/><W62/><G62/><T11/><D11/><U82/><E86/><V124/><F112/><W8/><G129/><T27/><D27/><U99/><E99/><V80/><F74/><AGARI ba="1,0" hai="8,14,17,36,37,63,66,68,74,76,81" m="51307" machi="74" ten="30,1500,0" yaku="20,1" doraHai="51" who="3" fromWho="2" sc="209,0,223,0,370,-18,198,18" /><INIT seed="3,2,0,0,2,94" ten="209,223,352,216" oya="3" hai0="51,79,55,47,1,32,121,30,54,3,19,31,91" hai1="90,21,131,25,53,64,2,5,114,45,81,112,82" hai2="123,67,120,38,49,78,113,124,72,80,88,56,135" hai3="59,37,26,119,22,97,86,104,116,68,111,20,61"/><W58/><G37/><T60/><D121/><N who="2" m="46666" /><F38/><W16/><G68/><T71/><D79/><U14/><E131/><V11/><F124/><W130/><G130/><T65/><D19/><U18/><E64/><V36/><F36/><W4/><G4/><T70/><D70/><U29/><E82/><V87/><F135/><W42/><G42/><T117/><D117/><U118/><E118/><V106/><F106/><W35/><G35/><T7/><D7/><U105/><E105/><V110/><F110/><W129/><G129/><T63/><D31/><U93/><E81/><N who="2" m="49263" /><F11/><W50/><G111/><T24/><D91/><U33/><E45/><V128/><F113/><W28/><G86/><T99/><D99/><N who="1" m="57783" /><E53/><N who="2" m="31791" /><F128/><W103/><G50/><T41/><D55/><U133/><E133/><V44/><F44/><W134/><G134/><T126/><D126/><U6/><E6/><V98/><F98/><W27/><REACH who="3" step="1"/><G59/><REACH who="3" ten="209,223,352,206" step="2"/><T89/><D71/><U127/><E127/><V96/><F72/><W75/><G75/><T8/><D41/><U77/><E114/><V15/><F78/><W95/><G95/><T9/><D51/><U100/><E77/><V73/><F73/><W69/><G69/><T84/><D84/><U108/><E112/><V48/><F48/><W57/><G57/><T102/><D32/><U74/><E74/><V92/><F92/><W23/><G23/><T34/><D34/><U109/><E108/><V101/><F80/><W85/><G85/><T107/><D107/><U17/><E109/><V115/><F115/><W125/><G125/><T0/><D89/><U122/><E122/><RYUUKYOKU ba="2,1" sc="209,-10,223,-10,352,-10,206,30" hai3="16,20,22,26,27,28,58,61,97,103,104,116,119" /><INIT seed="3,3,1,0,4,48" ten="199,213,342,236" oya="3" hai0="104,9,101,134,49,3,15,82,6,69,97,53,8" hai1="114,32,37,22,100,52,88,126,87,42,127,68,105" hai2="4,17,73,13,115,40,36,56,38,107,47,125,25" hai3="121,35,1,103,24,108,45,12,119,5,124,110,67"/><W106/><G67/><T133/><D69/><U132/><E32/><V28/><F107/><W61/><G61/><T74/><D82/><N who="1" m="49271" /><E68/><V70/><F70/><W94/><G106/><T116/><D74/><U80/><E114/><V46/><F73/><W72/><G72/><T14/><D116/><U91/><E22/><V66/><F4/><W71/><G71/><T31/><D31/><U50/><E42/><V51/><F115/><W26/><G119/><T77/><D77/><U27/><E37/><V60/><F46/><W59/><G121/><T2/><D15/><U75/><E132/><N who="0" m="50793" /><D9/><U30/><E30/><V112/><F112/><W34/><G1/><T39/><D39/><U86/><E75/><V96/><F38/><W78/><G78/><T64/><D64/><U120/><E105/><V118/><F36/><W57/><G12/><T21/><D21/><U16/><E100/><V109/><F28/><W62/><G103/><T130/><D130/><U44/><E120/><V128/><F13/><W90/><G35/><T84/><D84/><U89/><E27/><V83/><F25/><W11/><G26/><T135/><N who="0" m="50801" /><T63/><DORA hai="43" /><D63/><U92/><E92/><V113/><F60/><W23/><G34/><T131/><D131/><U81/><E16/><V58/><F17/><N who="3" m="12399" /><G62/><T0/><D3/><U33/><E33/><V102/><F128/><W29/><G29/><T122/><D122/><U10/><E10/><V99/><F118/><W129/><G129/><T18/><D18/><U79/><E81/><V41/><F113/><W65/><G11/><T19/><D19/><RYUUKYOKU ba="3,1" sc="199,15,213,15,342,-15,236,-15" hai0="0,2,6,8,14,49,53,97,101,104" hai1="44,50,52,79,80,86,89,91,126,127" /><INIT seed="4,4,1,4,0,16" ten="214,228,327,221" oya="0" hai0="91,24,30,78,115,75,3,83,118,104,51,67,135" hai1="27,39,111,6,121,59,63,130,11,126,34,60,31" hai2="40,4,124,58,37,32,76,2,8,116,129,47,98" hai3="23,29,109,95,103,79,64,101,81,96,93,33,52"/><T46/><D118/><U13/><E121/><V119/><F129/><W73/><G109/><T112/><D3/><U68/><E111/><V57/><F124/><W102/><G33/><T71/><D104/><U105/><E105/><V99/><F32/><W85/><G64/><T80/><D135/><U50/><E39/><V56/><REACH who="2" step="1"/><F76/><REACH who="2" ten="214,228,317,221" step="2"/><W18/><G79/><T100/><D115/><U10/><E126/><V17/><F17/><W44/><G18/><T125/><D125/><U92/><E130/><V35/><F35/><W70/><G29/><T89/><D112/><U54/><E34/><V9/><F9/><W107/><G107/><T45/><D78/><U84/><E11/><V53/><F53/><W97/><G52/><T134/><D134/><U49/><E54/><V14/><F14/><W36/><G103/><T77/><D100/><U61/><E31/><V90/><F90/><W88/><G88/><T74/><D91/><N who="1" m="53351" /><E13/><V133/><F133/><W110/><G102/><T113/><D113/><U106/><E10/><V20/><F20/><W87/><G23/><T86/><D30/><U128/><E128/><V12/><F12/><W122/><G101/><T22/><D22/><U38/><E106/><V5/><F5/><W108/><G108/><T25/><D77/><U42/><E6/><V65/><F65/><W82/><G110/><T1/><D67/><U55/><E55/><V43/><F43/><W28/><G28/><T15/><D15/><U0/><E42/><V132/><F132/><W114/><G114/><T26/><D89/><U131/><E131/><V48/><F48/><RYUUKYOKU ba="4,2" sc="214,-10,228,-10,317,30,221,-10" hai2="2,4,8,37,40,47,56,57,58,98,99,116,119" /><INIT seed="5,5,2,3,0,133" ten="204,218,347,211" oya="1" hai0="17,113,119,52,88,8,45,81,110,106,6,4,126" hai1="114,99,44,22,30,97,64,76,53,11,73,84,98" hai2="94,9,122,101,10,49,51,46,54,83,80,121,79" hai3="42,102,27,36,109,132,85,29,118,59,129,95,31"/><U60/><E114/><V55/><F122/><W0/><G109/><T117/><D110/><U90/><E73/><V120/><F120/><W87/><G0/><T127/><D106/><U37/><E76/><V116/><F116/><N who="0" m="44618" /><D113/><U5/><E30/><V48/><F121/><W112/><G36/><T33/><D33/><U91/><E22/><V18/><F51/><W67/><G31/><T77/><D17/><U107/><E107/><V131/><F131/><W7/><G29/><T93/><D45/><U16/><E16/><V69/><F69/><W28/><G7/><T61/><D52/><U108/><E108/><V23/><F101/><W78/><G42/><T32/><D61/><U96/><E37/><V65/><F94/><W58/><G28/><T82/><D32/><U105/><E105/><V34/><F65/><W103/><G67/><T130/><D130/><U39/><E39/><V25/><F34/><W89/><G27/><T2/><D6/><U104/><E104/><V19/><F19/><W124/><G129/><T92/><D92/><N who="1" m="56351" /><E64/><V74/><REACH who="2" step="1"/><F83/><REACH who="2" ten="204,218,337,211" step="2"/><W62/><G118/><T125/><D77/><U100/><E100/><V38/><F38/><W26/><G78/><T123/><D123/><U21/><E60/><V43/><F43/><W35/><G62/><T12/><D2/><N who="1" m="439" /><E53/><V128/><F128/><W115/><G35/><T71/><D71/><U20/><E44/><AGARI ba="5,3" hai="9,10,18,23,25,44,46,48,49,54,55,74,79,80" machi="44" ten="30,3900,0" yaku="1,1,7,1,9,1,53,0" doraHai="133" doraHaiUra="70" who="2" fromWho="1" sc="204,0,218,-54,337,84,211,0" /><INIT seed="6,0,0,2,5,87" ten="204,164,421,211" oya="2" hai0="64,105,75,44,96,26,111,37,10,103,81,126,5" hai1="118,35,23,54,47,36,80,60,50,21,99,40,66" hai2="51,128,97,29,76,30,100,125,13,52,53,134,72" hai3="43,117,90,42,121,122,9,83,95,48,124,104,79"/><V11/><F125/><W123/><G104/><T82/><D64/><U89/><E118/><V32/><F134/><W0/><G117/><T78/><D26/><U24/><E35/><V20/><F128/><W133/><G124/><T101/><D82/><U88/><E80/><V61/><F76/><W112/><G133/><T132/><D103/><U73/><E99/><V58/><F72/><W41/><G112/><T1/><D132/><U131/><E73/><V14/><F32/><W71/><G71/><T25/><D25/><U85/><E85/><V91/><F100/><W57/><G57/><T108/><REACH who="0" step="1"/><D126/><REACH who="0" ten="194,164,421,211" step="2"/><U63/><E131/><V106/><F106/><W86/><G83/><T27/><D27/><U62/><E66/><V116/><F116/><W38/><G79/><T94/><D94/><U114/><E114/><V135/><F135/><W18/><G123/><T93/><D93/><U98/><E98/><V109/><F97/><W34/><G95/><T22/><D22/><U2/><E23/><V3/><F20/><W45/><G122/><T84/><D84/><U15/><E2/><V59/><F3/><W74/><G34/><T4/><D4/><U7/><E7/><V56/><F14/><N who="3" m="7503" /><G121/><T102/><D102/><U120/><E15/><V19/><F13/><W31/><G0/><T70/><D70/><U12/><E12/><V16/><F11/><W129/><G129/><T127/><D127/><U119/><E120/><V8/><F8/><W46/><G74/><T55/><D55/><U67/><E119/><V77/><F77/><W130/><G130/><T113/><D113/><RYUUKYOKU ba="0,1" sc="194,30,164,-10,421,-10,211,-10" hai0="1,5,10,37,44,75,78,81,96,101,105,108,111" /><INIT seed="7,1,1,1,0,0" ten="224,154,411,201" oya="3" hai0="108,70,9,125,113,35,118,28,54,38,2,34,129" hai1="50,112,71,80,84,47,82,11,43,135,40,5,63" hai2="37,33,29,133,72,92,87,60,115,3,116,124,97" hai3="57,20,96,90,76,64,12,78,15,91,107,23,89"/><W41/><G41/><T59/><RYUUKYOKU type="yao9" ba="1,1" sc="224,0,154,0,411,0,201,0" hai0="2,9,28,34,35,38,54,59,70,108,113,118,125,129" /><INIT seed="7,2,1,4,1,100" ten="224,154,411,201" oya="3" hai0="107,87,49,61,95,50,66,37,128,16,15,111,81" hai1="112,47,35,27,2,54,25,115,71,36,7,134,99" hai2="38,78,21,103,40,116,63,74,23,17,26,89,91" hai3="75,76,30,24,67,55,8,126,18,53,43,88,73"/><W124/><G43/><T4/><D107/><U86/><E71/><V42/><F103/><W19/><G67/><T102/><D37/><U90/><E134/><V77/><F63/><W62/><G88/><T132/><D4/><U79/><E79/><V13/><F74/><W125/><G8/><T45/><D132/><U10/><E35/><V41/><F116/><W14/><G62/><T68/><D128/><U34/><E34/><V122/><F122/><W56/><G76/><N who="2" m="29289" /><F38/><W39/><G39/><T0/><D0/><U130/><E130/><V12/><F12/><W72/><G14/><T28/><D28/><AGARI ba="2,1" hai="13,17,21,23,26,28,40,41,42,89,91" m="29289" machi="28" ten="30,1000,0" yaku="8,1" doraHai="100" who="2" fromWho="0" sc="224,-16,154,0,411,26,201,0" owari="208,1.0,154,-35.0,437,54.0,201,-20.0" /></mjloggm>