<mjloggm ver="2.3"><GO type="169" lobby="0"/><UN n0="%E3%83%88%E3%83%88%E3%83%AA%E5%85%88%E7%94%9F%31%39%E6%AD%B3" n1="%E3%82%AC%E3%83%9F%E3%82%B4%E3%83%B3" n2="%E4%B8%96%E3%82%92%E7%9B%B4%E3%81%99%E8%80%85" n3="%E4%B8%80%E9%96%83%E3%81%95%E3%82%93" dan="18,16,17,16" rate="2267.37,2195.08,2075.85,2116.62" sx="F,M,M,M"/><TAIKYOKU oya="0"/><INIT seed="0,0,0,2,5,68" ten="250,250,250,250" oya="0" hai0="30,116,128,43,76,82,42,10,130,34,125,47,60" hai1="32,107,41,6,9,64,90,4,75,127,51,111,28" hai2="106,35,54,16,135,71,77,40,132,25,115,85,129" hai3="78,62,56,117,104,29,59,21,61,79,124,118,94"/><T26/><D116/><U20/><E111/><V103/><F71/><W8/><G104/><T13/><D125/><U98/><E127/><V66/><F66/><W114/><G124/><T17/><D60/><U67/><E75/><V99/><F40/><W49/><G114/><T58/><D58/><U119/><E32/><V19/><F54/><W80/><G49/><T12/><D12/><U97/><E119/><V46/><F46/><W81/><G94/><T14/><D14/><U39/><E39/><V23/><F35/><W70/><G70/><T122/><D122/><U11/><E107/><V120/><F120/><W33/><G33/><T5/><D17/><U95/><E98/><V123/><F123/><W44/><G44/><T57/><D57/><U102/><E102/><V22/><F115/><W31/><G21/><T45/><D45/><N who="1" m="26031" /><E20/><V92/><F129/><N who="0" m="49770" /><D47/><U38/><E28/><V52/><F52/><W63/><G63/><T15/><D15/><N who="1" m="5543" /><E38/><V7/><F7/><W91/><G91/><T72/><AGARI ba="0,0" hai="5,10,13,26,30,34,42,43,72,76,82" m="49770" machi="72" ten="30,1500,0" yaku="19,1" doraHai="68" who="0" fromWho="0" sc="250,15,250,-5,250,-5,250,-5" /><INIT seed="0,1,0,1,1,123" ten="265,245,245,245" oya="0" hai0="68,22,80,40,54,26,15,79,52,77,38,58,4" hai1="13,101,89,132,90,120,30,21,135,0,5,57,39" hai2="1,50,124,118,113,34,44,46,103,94,84,42,99" hai3="8,109,48,107,73,81,28,92,49,31,6,116,87"/><T121/><D121/><U9/><E120/><V59/><F113/><W19/><G107/><T88/><D68/><U24/><E39/><V128/><F124/><W104/><G104/><T125/><D125/><U83/><E101/><V7/><F34/><W14/><G116/><T122/><D122/><U127/><E127/><V91/><F118/><W108/><G73/><T85/><D54/><U62/><E0/><V32/><F32/><W130/><G92/><T36/><D36/><U35/><E35/><V23/><F128/><W16/><G130/><T114/><D114/><U65/><REACH who="1" step="1"/><E83/><REACH who="1" ten="265,235,245,245" step="2"/><V75/><F1/><W10/><G31/><N who="0" m="17879" /><D38/><U117/><E117/><V119/><F119/><W60/><G28/><T37/><D37/><U33/><E33/><V61/><F103/><W72/><G72/><T3/><D3/><U110/><E110/><N who="3" m="42602" /><G60/><N who="0" m="35911" /><D40/><U63/><E63/><V55/><F42/><W78/><G19/><T82/><D82/><U100/><E100/><V47/><F61/><W20/><G10/><AGARI ba="1,1" hai="4,10,15,77,79,80,85,88" m="35911,17879" machi="10" ten="30,5800,0" yaku="8,1,54,2" doraHai="123" who="0" fromWho="3" sc="265,71,235,0,245,0,245,-61" /><INIT seed="0,2,0,5,4,35" ten="336,235,245,184" oya="0" hai0="62,114,74,36,116,19,129,45,110,130,111,96,90" hai1="83,131,82,30,103,89,106,41,4,44,109,128,15" hai2="93,72,65,91,24,78,52,71,50,22,122,102,16" hai3="67,108,39,105,86,23,42,79,29,18,20,31,21"/><T77/><D114/><U9/><E109/><N who="0" m="41481" /><D116/><U87/><E30/><V3/><F122/><W118/><G108/><T125/><D125/><U7/><E7/><V66/><F71/><W55/><G118/><T101/><D90/><U10/><E10/><V14/><F3/><W123/><G105/><T6/><D6/><U32/><E32/><V2/><F2/><W126/><G67/><T47/><D62/><U57/><E57/><V0/><F0/><W75/><G75/><T53/><D53/><U95/><E106/><V85/><F102/><W54/><G126/><T81/><D19/><U94/><E82/><N who="2" m="47319" /><F14/><W132/><G123/><T12/><D12/><U64/><E64/><V68/><F68/><W104/><G104/><N who="0" m="63527" /><D36/><U37/><REACH who="1" step="1"/><E103/><REACH who="1" ten="336,225,245,184" step="2"/><V34/><F34/><W8/><G18/><T13/><D130/><AGARI ba="2,1" hai="4,9,15,37,41,44,83,87,89,94,95,128,130,131" machi="130" ten="40,5200,0" yaku="1,1,2,1,19,1,53,0" doraHai="35" doraHaiUra="61" who="1" fromWho="0" sc="336,-58,225,68,245,0,184,0" /><INIT seed="1,0,0,4,4,31" ten="278,293,245,184" oya="1" hai0="48,89,77,55,4,42,97,98,10,116,21,100,53" hai1="109,78,81,22,9,83,134,61,20,70,14,93,30" hai2="123,74,133,1,3,91,66,65,28,75,73,7,17" hai3="35,32,114,102,27,105,126,52,26,113,127,95,99"/><U79/><E134/><V132/><F28/><W131/><G105/><T6/><D116/><U121/><E121/><V107/><F107/><W8/><G8/><T37/><D77/><U44/><E109/><V82/><F17/><W69/><G69/><T111/><D111/><U47/><E93/><V117/><F7/><W16/><G131/><T120/><D120/><U34/><E70/><V92/><F82/><W112/><G52/><T96/><D100/><U19/><E61/><V0/><F123/><W56/><G56/><T5/><D37/><U76/><E34/><N who="3" m="12842" /><G16/><T94/><D10/><U85/><E78/><V13/><F117/><W68/><G68/><T129/><D129/><U39/><E39/><V58/><F58/><W124/><AGARI ba="0,0" hai="26,27,95,99,102,112,113,114,124,126,127" m="12842" machi="124" ten="50,8000,1" yaku="18,1,52,3" doraHai="31" who="3" fromWho="3" sc="278,-20,293,-40,245,-20,184,80" /><INIT seed="2,0,0,2,3,73" ten="258,253,225,264" oya="2" hai0="133,37,60,80,107,53,38,23,24,104,135,68,62" hai1="61,54,22,124,55,76,102,82,67,21,27,96,134" hai2="3,90,7,64,120,81,75,110,51,57,77,0,98" hai3="63,94,34,44,95,48,114,126,116,103,40,88,17"/><V91/><F120/><W4/><G126/><T16/><D80/><U14/><E134/><N who="0" m="51209" /><D53/><U25/><E124/><V30/><F30/><W10/><G114/><T71/><D62/><U123/><E123/><V74/><F75/><W19/><G116/><T79/><D79/><U41/><E41/><V93/><F110/><W97/><G34/><T52/><D68/><U121/><E121/><V43/><F7/><W31/><G63/><T39/><D71/><U122/><E122/><V12/><F64/><W33/><G33/><T46/><D46/><U115/><E115/><V45/><F12/><N who="3" m="5191" /><G31/><T119/><D119/><U28/><E14/><V113/><F113/><W127/><G127/><T13/><D13/><U78/><E82/><V11/><F11/><W118/><G118/><T70/><D70/><U101/><E28/><V59/><REACH who="2" step="1"/><F91/><REACH who="2" ten="258,253,215,264" step="2"/><W125/><G125/><T32/><D32/><U1/><E67/><V42/><F42/><W9/><G9/><T65/><D65/><U132/><E132/><V56/><AGARI ba="0,1" hai="0,3,43,45,51,56,57,59,74,77,81,90,93,98" machi="56" ten="30,6000,0" yaku="1,1,0,1,52,1,53,0" doraHai="73" doraHaiUra="99" who="2" fromWho="2" sc="258,-20,253,-20,215,70,264,-20" /><INIT seed="2,1,0,1,5,128" ten="238,233,285,244" oya="2" hai0="92,31,108,111,25,75,89,22,88,56,134,24,15" hai1="77,86,109,40,3,38,47,55,57,121,123,125,49" hai2="112,35,0,45,91,124,126,11,66,2,44,58,114" hai3="93,53,79,78,133,23,62,28,42,81,103,107,61"/><V95/><F35/><W74/><G107/><T105/><D75/><U30/><E3/><N who="2" m="1067" /><F11/><W98/><G79/><T60/><D105/><U68/><E125/><N who="2" m="48235" /><F66/><W7/><G42/><T54/><D134/><U101/><E109/><N who="0" m="42057" /><D92/><U127/><E127/><V18/><F58/><W82/><G7/><T131/><D131/><U116/><E116/><V4/><F4/><W83/><G23/><N who="0" m="15807" /><D15/><U97/><E68/><V117/><F18/><AGARI ba="1,0" hai="18,22,24,54,56,60,88,89" m="15807,42057" machi="18" ten="30,2000,0" yaku="14,1,54,1" doraHai="128" who="0" fromWho="2" sc="238,23,233,0,285,-23,244,0" /><INIT seed="3,0,0,0,1,53" ten="261,233,262,244" oya="3" hai0="14,13,58,38,41,99,51,3,31,90,96,0,123" hai1="78,63,56,57,16,75,128,30,84,26,95,109,88" hai2="12,111,39,120,93,34,119,116,103,81,115,125,54" hai3="122,92,61,46,55,19,112,113,44,49,60,83,15"/><W76/><G122/><T82/><D123/><U114/><E114/><V22/><F39/><W23/><G92/><T59/><D38/><U21/><E109/><V101/><F54/><W72/><REACH who="3" step="1"/><G46/><REACH who="3" ten="261,233,262,234" step="2"/><N who="0" m="26063" /><D3/><U33/><E128/><V52/><F120/><W94/><G94/><T45/><D0/><U37/><E37/><V118/><F93/><W70/><G70/><T40/><D45/><U71/><E71/><V87/><F119/><W134/><G134/><T102/><D102/><U127/><E127/><V10/><F125/><W1/><G1/><T124/><D124/><U27/><REACH who="1" step="1"/><E63/><AGARI ba="0,1" hai="15,19,23,44,49,55,60,61,63,72,76,83,112,113" machi="63" ten="40,3900,0" yaku="1,1,53,1" doraHai="53" doraHaiUra="47" who="3" fromWho="1" sc="261,0,233,-39,262,0,234,49" /><INIT seed="3,1,0,4,5,123" ten="261,194,262,283" oya="3" hai0="30,88,110,96,44,134,92,93,97,35,26,43,5" hai1="120,75,116,135,3,133,72,48,21,65,109,28,6" hai2="106,68,39,60,66,37,115,1,16,36,47,99,100" hai3="83,108,25,34,59,89,85,74,76,127,22,84,41"/><W9/><G34/><T10/><D134/><N who="1" m="51211" /><E120/><V101/><F115/><W129/><G129/><T51/><D110/><U121/><E121/><V33/><F1/><W118/><G118/><T78/><D78/><U104/><E104/><V19/><F33/><W125/><G108/><T62/><D62/><U52/><E109/><V90/><F101/><W126/><G9/><T70/><D70/><U98/><E98/><V71/><F68/><W49/><G89/><T38/><D38/><U23/><E65/><V7/><F7/><W91/><G91/><T73/><D73/><U50/><E50/><V29/><F29/><W102/><G102/><T86/><REACH who="0" step="1"/><D93/><REACH who="0" ten="251,194,262,283" step="2"/><U13/><E116/><V56/><F71/><W80/><G80/><T81/><D81/><U46/><E75/><V17/><REACH who="2" step="1"/><F90/><REACH who="2" ten="251,194,252,283" step="2"/><W131/><G125/><T31/><D31/><U4/><E28/><V119/><F119/><W11/><G126/><T27/><D27/><U130/><E3/><AGARI ba="1,2" hai="3,5,10,26,30,35,43,44,51,86,88,92,96,97" machi="3" ten="30,3900,0" yaku="1,1,7,1,54,1,53,0" doraHai="123" doraHaiUra="105" who="0" fromWho="1" sc="251,62,194,-42,252,0,283,0" /><INIT seed="4,0,0,3,4,24" ten="313,152,252,283" oya="0" hai0="26,79,114,56,25,11,70,122,49,121,71,53,62" hai1="0,133,52,6,113,54,17,85,109,107,46,69,86" hai2="13,58,45,95,12,1,9,63,120,104,76,132,50" hai3="39,15,102,100,14,77,8,60,129,81,101,48,115"/><T61/><D114/><U119/><E109/><V108/><F104/><W73/><G39/><T82/><D25/><U5/><E119/><V117/><F108/><W30/><G115/><T35/><D11/><U28/><E113/><V96/><F120/><W33/><G129/><T29/><D62/><U92/><E107/><V106/><F106/><W32/><G60/><T67/><REACH who="0" step="1"/><D71/><REACH who="0" ten="303,152,252,283" step="2"/><U38/><E69/><V78/><F9/><W37/><G8/><T91/><D91/><U7/><E133/><V103/><F132/><W128/><G128/><T84/><AGARI ba="0,1" hai="26,29,35,49,53,56,61,67,70,79,82,84,121,122" machi="84" ten="20,7800,0" yaku="1,1,0,1,7,1,52,1,53,0" doraHai="24" doraHaiUra="18" who="0" fromWho="0" sc="303,88,152,-26,252,-26,283,-26" /><INIT seed="4,1,0,2,2,39" ten="391,126,226,257" oya="0" hai0="20,6,79,9,72,86,8,78,74,59,34,26,21" hai1="101,120,133,97,28,110,16,50,67,130,30,87,38" hai2="118,3,104,76,108,23,13,33,47,64,126,132,94" hai3="83,89,77,106,55,105,103,19,117,65,90,98,60"/><T63/><D34/><U84/><E38/><V80/><F47/><W52/><G117/><T14/><D9/><U95/><E120/><V31/><F64/><W48/><G106/><T129/><D129/><U107/><E110/><V131/><F94/><W43/><G43/><T0/><D0/><U100/><E130/><V68/><F80/><W119/><G119/><T102/><D102/><U5/><E5/><V45/><F45/><W27/><G27/><T82/><D79/><U24/><E133/><V134/><F76/><W99/><G19/><T36/><D36/><U62/><E50/><V92/><F92/><W123/><G123/><T69/><D69/><U17/><E30/><V32/><F104/><W122/><G122/><T51/><D51/><U40/><E40/><V73/><F73/><W111/><G111/><T124/><D124/><U125/><E125/><V114/><F68/><W112/><G112/><T88/><D78/><U4/><E4/><V116/><F114/><W91/><G99/><T2/><D2/><U93/><E101/><V49/><F49/><W25/><G25/><T85/><D85/><N who="1" m="32843" /><E95/><V128/><F3/><W71/><REACH who="3" step="1"/><G48/><REACH who="3" ten="391,126,226,247" step="2"/><T135/><D26/><U42/><E42/><V37/><F37/><W10/><G10/><T58/><D21/><N who="1" m="15375" /><E107/><V109/><F23/><W18/><G18/><T15/><D20/><U66/><E66/><V53/><F126/><W96/><G96/><T56/><D8/><U81/><E81/><V41/><F41/><W115/><G115/><T127/><D127/><U75/><E75/><AGARI ba="1,1" hai="52,55,60,65,71,75,77,83,89,90,91,98,103,105" machi="75" ten="40,2600,0" yaku="1,1,54,1,53,0" doraHai="39" doraHaiUra="113" who="3" fromWho="1" sc="391,0,126,-29,226,0,247,39" /><INIT seed="5,0,0,1,3,25" ten="391,97,226,286" oya="1" hai0="115,63,0,86,90,48,124,33,24,123,68,99,57" hai1="76,130,132,71,16,78,77,67,7,43,134,98,94" hai2="104,9,37,49,3,4,131,62,13,72,19,84,97" hai3="65,101,81,32,85,121,135,70,79,60,100,30,6"/><U10/><E130/><V23/><F72/><W61/><G121/><T95/><D0/><U5/><E43/><V36/><F131/><W112/><G112/><T119/><D123/><U51/><E51/><V54/><F62/><W108/><G108/><T82/><D119/><U17/><E67/><V45/><REACH who="2" step="1"/><F84/><REACH who="2" ten="391,97,216,286" step="2"/><W73/><G73/><T53/><D86/><U39/><E71/><V46/><F46/><W118/><G118/><T40/><D63/><U102/><E39/><V88/><F88/><W55/><G61/><T41/><D90/><U91/><E91/><V27/><F27/><W29/><G65/><T92/><D24/><U116/><E116/><V34/><F34/><W35/><G35/><T107/><D33/><U50/><E50/><V31/><F31/><W26/><G32/><T8/><D48/><U126/><E126/><V125/><F125/><W14/><G26/><T80/><D68/><U117/><E117/><V58/><F58/><N who="3" m="34911" /><G70/><T64/><D64/><U133/><REACH who="1" step="1"/><E7/><REACH who="1" ten="391,87,216,286" step="2"/><V28/><F28/><N who="3" m="10859" /><G135/><T74/><D124/><U11/><E11/><AGARI ba="0,2" hai="6,11,14,79,81,85,100,101" m="10859,34911" machi="11" ten="30,7700,0" yaku="8,1,52,3" doraHai="25" who="3" fromWho="1" sc="391,0,87,-77,216,0,286,97" /><INIT seed="6,0,0,1,5,120" ten="391,10,216,383" oya="2" hai0="105,134,30,34,115,12,126,69,27,70,35,14,128" hai1="124,71,52,129,6,89,19,91,131,96,61,8,50" hai2="3,28,117,29,83,132,67,125,60,101,65,39,2" hai3="17,123,41,84,119,46,15,116,31,90,45,58,10"/><V0/><F117/><W78/><G123/><T57/><D105/><U7/><E124/><V54/><F39/><W113/><G113/><T94/><D115/><U49/><E19/><V4/><F125/><W26/><G78/><T100/><D126/><U103/><E71/><V86/><F132/><W62/><G116/><T59/><D134/><U40/><E40/><V92/><F4/><W5/><G119/><T21/><D128/><U88/><E61/><V112/><F112/><W93/><G5/><T133/><D133/><U36/><E36/><V118/><F118/><W87/><G87/><T23/><D94/><U24/><E24/><V135/><F135/><W109/><G109/><T108/><D100/><U33/><E33/><V122/><F122/><W51/><G45/><T16/><D108/><U22/><E22/><V43/><F43/><W18/><G18/><T85/><D85/><U77/><E77/><V95/><F54/><W38/><G38/><T66/><D16/><U130/><E8/><V1/><F0/><W121/><G121/><T20/><D66/><N who="2" m="25098" /><F60/><W44/><G44/><T107/><D107/><U63/><E63/><V37/><F37/><W82/><G82/><T13/><REACH who="0" step="1"/><D35/><REACH who="0" ten="381,10,216,383" step="2"/><U98/><E98/><N who="2" m="59591" /><F95/><W55/><G26/><T11/><D11/><U76/><E76/><N who="2" m="46439" /><F29/><AGARI ba="0,1" hai="10,15,17,29,31,41,46,51,55,58,62,84,90,93" machi="29" ten="40,1300,0" yaku="8,1" doraHai="120" who="3" fromWho="2" sc="381,0,10,0,216,-13,383,23" /><INIT seed="7,0,0,3,5,119" ten="381,10,203,406" oya="3" hai0="21,80,114,107,9,125,20,52,64,75,76,121,77" hai1="40,13,96,84,53,102,72,19,65,123,67,45,101" hai2="12,36,120,50,2,54,74,116,104,18,94,111,37" hai3="16,90,29,81,28,15,95,6,113,10,43,68,92"/><W46/><G113/><T33/><BYE who="1" /><D121/><U106/><E106/><V118/><F104/><W47/><G68/><T130/><D33/><U100/><E100/><V88/><F74/><W132/><G132/><T48/><D107/><U133/><E133/><V129/><F2/><W93/><G6/><T41/><D130/><U82/><E82/><V57/><F111/><W32/><G32/><T112/><D125/><U60/><E60/><V83/><F83/><W98/><G47/><T127/><D127/><U79/><E79/><V39/><F129/><W131/><G131/><T1/><D76/><U51/><E51/><V7/><F7/><W26/><G26/><T103/><D41/><U89/><E89/><V42/><F42/><W38/><REACH who="3" step="1"/><G98/><REACH who="3" ten="381,10,203,396" step="2"/><T108/><D108/><U24/><E24/><V134/><F134/><W110/><G110/><T22/><D103/><U34/><E34/><V4/><F4/><W49/><G49/><T23/><D64/><U86/><E86/><AGARI ba="0,1" hai="10,15,16,28,29,38,43,46,81,86,90,92,93,95" machi="86" ten="40,3900,0" yaku="1,1,54,1,53,0" doraHai="119" doraHaiUra="117" who="3" fromWho="1" sc="381,0,10,-39,203,0,396,49" owari="381,18.0,-29,-53.0,203,-20.0,445,55.0" /></mjloggm>