<mjloggm ver="2.3"><GO type="169" lobby="0"/><UN n0="%E4%BF%BA%E3%81%AE%E5%AB%81" n1="%E6%97%A9%E7%94%B0%E9%80%B2" n2="%E7%A0%B2%E3%81%AE%E4%B8%8A%E3%81%AE%E3%81%82%E3%81%AE%E5%A8%98" n3="%E5%B0%B1%E6%B4%BB%E7%94%9F%40%E5%B7%9D%E6%9D%91%E8%BB%8D%E5%9B%A3" dan="16,16,16,17" rate="2067.02,2136.31,2110.89,2200.42" sx="F,M,F,M"/><TAIKYOKU oya="0"/><INIT seed="0,0,0,0,2,116" ten="250,250,250,250" oya="0" hai0="105,15,29,7,45,14,78,121,117,6,81,87,92" hai1="99,53,89,70,62,60,118,71,36,13,5,47,28" hai2="54,80,41,79,108,59,61,129,113,133,82,40,57" hai3="76,46,125,4,58,48,8,37,114,101,25,126,122"/><T95/><D117/><U23/><E118/><V30/><F108/><W86/><G114/><T17/><D105/><U93/><E71/><V42/><F133/><W50/><G101/><T112/><D112/><U20/><E70/><V22/><F129/><W85/><G25/><T106/><D106/><U35/><E35/><V123/><F113/><W102/><G102/><T64/><D121/><U96/><E96/><V132/><F132/><W44/><G37/><T18/><D29/><U90/><E90/><V119/><F123/><W128/><G128/><T24/><D45/><U9/><E36/><V83/><F119/><W19/><G19/><N who="0" m="7179" /><D64/><U1/><E1/><V16/><F30/><W110/><G110/><T0/><D24/><N who="1" m="16391" /><E23/><V72/><REACH who="2" step="1"/><F59/><REACH who="2" ten="250,250,240,250" step="2"/><W31/><G58/><T115/><D115/><U3/><E3/><V2/><F2/><W100/><G31/><T33/><D0/><U73/><E73/><V109/><F109/><W21/><G122/><T65/><D33/><U52/><E47/><V88/><F88/><W51/><G46/><T98/><D78/><U68/><E68/><V124/><F124/><W120/><G44/><T77/><D77/><U69/><E69/><V66/><F66/><W49/><G76/><T94/><D65/><U26/><E26/><AGARI ba="0,1" hai="16,22,26,40,41,42,54,57,61,72,79,80,82,83" machi="26" ten="40,5200,0" yaku="1,1,54,1,53,1" doraHai="116" doraHaiUra="75" who="2" fromWho="1" sc="250,0,250,-52,240,62,250,0" /><INIT seed="1,0,0,3,3,63" ten="250,198,302,250" oya="1" hai0="94,57,7,69,13,91,123,44,102,64,133,26,67" hai1="18,70,110,36,74,27,65,50,29,99,100,55,35" hai2="3,78,77,43,117,97,2,34,14,80,53,68,90" hai3="16,32,47,109,38,84,96,12,106,127,49,66,134"/><U130/><E110/><V124/><F117/><W58/><G32/><T5/><D69/><U105/><E130/><V24/><F68/><W116/><G116/><T56/><D133/><U54/><E74/><V30/><F124/><W59/><G109/><T88/><D123/><U76/><E76/><V23/><F43/><W71/><G127/><T62/><D26/><U28/><E36/><V10/><F34/><W39/><G134/><T135/><D135/><U17/><E29/><V119/><F119/><W82/><G106/><T51/><D102/><U42/><E42/><V107/><F53/><W95/><G39/><T0/><D0/><U72/><E72/><V113/><F113/><W9/><G38/><T132/><D132/><U37/><E37/><V129/><F129/><W19/><G19/><N who="1" m="7178" /><E50/><V83/><F83/><W114/><G114/><T46/><D51/><U21/><E21/><V125/><F78/><W131/><G66/><T8/><D62/><AGARI ba="0,0" hai="27,28,35,54,55,62,65,70,99,100,105" m="7178" machi="62" ten="30,2900,0" yaku="25,1,52,1" doraHai="63" who="1" fromWho="0" sc="250,-29,198,29,302,0,250,0" /><INIT seed="1,1,0,4,4,13" ten="221,227,302,250" oya="1" hai0="125,50,23,96,123,3,6,98,70,54,57,31,10" hai1="91,1,89,94,11,41,131,128,48,82,5,101,46" hai2="28,67,117,90,9,100,53,17,40,86,26,49,76" hai3="108,0,45,73,88,18,99,30,38,92,22,62,133"/><U104/><E104/><V61/><F117/><W19/><G0/><T32/><D125/><U102/><E91/><V24/><F40/><W36/><G73/><T47/><D123/><U59/><E82/><V81/><F100/><W109/><G133/><T75/><D75/><U95/><E95/><V72/><F28/><W122/><G122/><T119/><D70/><U55/><E128/><V34/><F34/><W124/><G124/><T114/><D114/><U103/><E131/><V85/><F72/><W21/><G62/><T63/><D119/><U120/><E120/><V65/><F65/><W118/><G30/><T107/><D32/><U58/><REACH who="1" step="1"/><E41/><REACH who="1" ten="221,217,302,250" step="2"/><V66/><F90/><W44/><G118/><T105/><D105/><U77/><E77/><V51/><F81/><W16/><G38/><T127/><D107/><U84/><AGARI ba="1,1" hai="1,5,11,46,48,55,58,59,84,89,94,101,102,103" machi="84" ten="30,6000,0" yaku="1,1,0,1,53,1" doraHai="13" doraHaiUra="43" who="1" fromWho="1" sc="221,-21,217,73,302,-21,250,-21" /><INIT seed="1,2,0,2,4,88" ten="200,290,281,229" oya="1" hai0="98,83,33,113,51,28,114,118,70,92,76,45,77" hai1="102,50,17,101,71,111,65,22,44,81,133,7,32" hai2="36,119,39,104,123,110,9,109,68,87,4,69,30" hai3="129,120,31,24,34,59,37,29,62,73,27,1,42"/><U58/><E133/><V52/><F123/><W40/><G120/><T117/><D70/><N who="2" m="27242" /><F119/><W41/><G129/><T80/><D28/><U125/><E32/><V20/><F104/><W61/><G73/><N who="0" m="43055" /><D33/><U131/><E71/><V97/><F97/><W107/><G107/><T0/><D51/><U54/><E131/><V19/><F87/><W55/><G1/><T75/><D45/><U46/><E125/><V135/><F52/><W130/><G130/><T49/><D49/><U14/><E111/><N who="2" m="42507" /><F30/><W5/><G5/><T128/><D0/><U43/><E65/><V115/><F135/><W99/><G99/><T82/><D82/><U60/><E7/><V64/><F64/><W47/><REACH who="3" step="1"/><G62/><REACH who="3" ten="200,290,281,219" step="2"/><T57/><D128/><U48/><REACH who="1" step="1"/><E81/><REACH who="1" ten="200,280,281,219" step="2"/><V66/><F115/><N who="0" m="44042" /><D57/><U15/><E15/><N who="2" m="9343" /><F66/><W116/><G116/><T86/><D75/><U96/><E96/><V89/><F4/><W124/><G124/><T132/><D132/><U10/><E10/><V53/><F9/><W134/><G134/><T106/><D106/><U108/><E108/><V126/><F126/><W11/><G11/><T94/><D98/><U38/><E38/><V18/><F36/><W63/><G63/><T72/><D72/><U56/><E56/><V122/><F39/><W79/><G79/><T16/><D118/><U35/><E35/><AGARI ba="2,2" hai="24,27,29,31,34,35,37,40,41,42,47,55,59,61" machi="35" ten="30,3900,0" yaku="1,1,7,1,9,1,53,0" doraHai="88" doraHaiUra="103" who="3" fromWho="1" sc="200,0,280,-45,281,0,219,65" /><INIT seed="2,0,0,1,1,93" ten="200,235,281,284" oya="2" hai0="31,53,15,54,75,119,77,95,56,69,124,35,30" hai1="109,79,71,7,28,107,111,42,3,72,98,84,103" hai2="33,65,90,122,6,70,39,47,41,99,13,101,4" hai3="50,25,52,27,87,49,43,55,78,19,128,67,118"/><V32/><F122/><W1/><G1/><T88/><D69/><U66/><E42/><V61/><F90/><W80/><G118/><T73/><D119/><U114/><E114/><V120/><F120/><W12/><G128/><T76/><D124/><U37/><E28/><V104/><REACH who="2" step="1"/><F13/><REACH who="2" ten="200,235,271,284" step="2"/><W63/><G27/><T123/><D123/><U5/><E111/><V58/><F58/><N who="3" m="37367" /><G25/><T20/><D15/><U113/><E109/><V127/><F127/><W130/><G130/><T48/><D56/><U115/><E115/><V34/><AGARI ba="0,1" hai="4,6,32,33,34,39,41,47,61,65,70,99,101,104" machi="34" ten="30,11700,0" yaku="1,1,0,1,52,1,53,1" doraHai="93" doraHaiUra="68" who="2" fromWho="2" sc="200,-39,235,-39,271,127,284,-39" /><INIT seed="2,1,0,0,4,100" ten="161,196,398,245" oya="2" hai0="126,64,73,22,79,70,55,5,116,58,72,115,82" hai1="123,54,37,61,102,134,122,1,42,66,45,121,125" hai2="17,111,128,96,98,30,27,35,51,112,16,15,89" hai3="97,93,109,47,49,41,25,113,105,68,65,119,110"/><V46/><F112/><W56/><G119/><T39/><D115/><U94/><E1/><V53/><F128/><W120/><G113/><T23/><D39/><U107/><E94/><V21/><F111/><N who="3" m="42507" /><G120/><T33/><D33/><U104/><E102/><V8/><REACH who="2" step="1"/><F89/><REACH who="2" ten="161,196,388,245" step="2"/><W52/><G25/><AGARI ba="1,1" hai="8,15,16,17,21,25,27,30,35,46,51,53,96,98" machi="25" ten="30,12000,1" yaku="1,1,2,1,7,1,54,1,53,1" doraHai="100" doraHaiUra="50" who="2" fromWho="3" sc="161,0,196,0,388,133,245,-123" /><INIT seed="2,2,0,5,1,15" ten="161,196,521,122" oya="2" hai0="118,46,52,65,60,99,106,33,131,121,130,32,34" hai1="51,95,103,10,21,123,97,20,57,38,9,98,83" hai2="36,67,105,17,14,107,3,129,135,1,77,84,54" hai3="55,0,27,13,30,31,124,72,88,50,5,19,64"/><V80/><F36/><W122/><G72/><T134/><D134/><U69/><E69/><V35/><F35/><W120/><G124/><T93/><D121/><U40/><E38/><V76/><F135/><W22/><G64/><T109/><D109/><U8/><E123/><V59/><F67/><W128/><G128/><T133/><D133/><U56/><E83/><V127/><F127/><W63/><G63/><T71/><D106/><U116/><E116/><V96/><F129/><W18/><G120/><T58/><D46/><U81/><E81/><V102/><F76/><W39/><G39/><T112/><D112/><U28/><E98/><V101/><F101/><W87/><G0/><T7/><D7/><U85/><E85/><V61/><REACH who="2" step="1"/><F105/><REACH who="2" ten="161,196,511,122" step="2"/><W79/><G79/><T44/><D130/><U62/><E103/><V75/><F75/><W117/><G117/><T6/><D118/><U70/><E70/><V74/><F74/><W92/><G122/><T91/><D71/><U82/><E8/><AGARI ba="2,1" hai="1,3,8,14,17,54,59,61,77,80,84,96,102,107" machi="8" ten="30,5800,0" yaku="1,1,7,1,52,1,53,0" doraHai="15" doraHaiUra="126" who="2" fromWho="1" sc="161,0,196,-64,511,74,122,0" /><INIT seed="2,3,0,0,2,24" ten="161,132,585,122" oya="2" hai0="13,67,96,31,92,134,68,119,98,38,118,111,4" hai1="104,8,116,48,30,50,132,108,125,105,35,17,25" hai2="124,44,135,60,101,71,129,133,131,89,62,63,5" hai3="3,41,40,46,106,127,22,59,102,21,70,100,113"/><V28/><F101/><W57/><G3/><T81/><D111/><U36/><E108/><V42/><F5/><W66/><G106/><T91/><D134/><N who="2" m="51210" /><F89/><W107/><G107/><T1/><D38/><U93/><E132/><V103/><F103/><N who="3" m="39467" /><G70/><T15/><D67/><U37/><E125/><V90/><F90/><W0/><G0/><T74/><D68/><U10/><E105/><V86/><F86/><W117/><G117/><N who="0" m="44555" /><D98/><U16/><E104/><V115/><F115/><W120/><G120/><T123/><D123/><U97/><E116/><V73/><F73/><W122/><G122/><T128/><D128/><U6/><E37/><N who="2" m="21583" /><F124/><W55/><G127/><T23/><D4/><U27/><E36/><V43/><F43/><N who="3" m="16459" /><G113/><T19/><D1/><U69/><E69/><V79/><F71/><W109/><G109/><T87/><D74/><U18/><E97/><V94/><F94/><W64/><G46/><T11/><D96/><U88/><E88/><V130/><F79/><W51/><G59/><T14/><D92/><U26/><E93/><V99/><F99/><W80/><G80/><T2/><D2/><U82/><E82/><V61/><F61/><W53/><G53/><T45/><D45/><U110/><E110/><V77/><F77/><W78/><G78/><T54/><D54/><U32/><E32/><V83/><F83/><W56/><G66/><T112/><D112/><U58/><E35/><V20/><F63/><AGARI ba="3,0" hai="21,22,51,55,56,57,63,64" m="16459,39467" machi="63" ten="30,1000,0" yaku="8,1" doraHai="24" who="3" fromWho="2" sc="161,0,132,0,585,-19,122,19" /><INIT seed="3,0,0,0,2,107" ten="161,132,566,141" oya="3" hai0="88,105,112,115,33,21,81,70,118,85,122,111,20" hai1="18,10,120,117,123,27,103,83,59,39,133,48,31" hai2="14,57,8,24,74,6,67,135,93,40,127,22,52" hai3="121,131,9,28,19,65,109,106,100,91,34,69,41"/><W49/><G121/><T61/><D118/><U13/><E39/><V51/><F74/><W89/><G131/><T87/><D122/><U26/><E117/><V64/><F135/><W50/><G109/><T128/><D33/><U108/><E108/><V66/><F127/><W130/><G130/><T43/><D111/><U78/><E133/><V63/><F93/><W96/><G19/><T54/><D43/><U7/><E103/><V42/><F63/><N who="3" m="40127" /><G9/><T80/><D105/><U58/><E27/><V60/><F60/><W35/><G35/><T84/><D128/><U102/><E102/><V134/><F134/><W113/><G113/><N who="0" m="43595" /><D85/><U77/><E77/><V4/><F4/><W73/><G73/><T56/><D70/><U38/><E38/><V62/><F62/><W32/><G32/><T114/><N who="0" m="43603" /><T116/><DORA hai="92" /><D116/><U75/><E7/><V47/><F57/><W132/><G132/><T55/><D55/><U126/><E126/><V25/><F25/><N who="3" m="18703" /><G41/><T129/><D129/><U86/><E123/><V71/><F71/><W1/><G1/><T5/><D5/><U68/><E68/><V72/><F72/><W23/><G23/><T45/><D45/><U44/><E120/><V36/><F36/><W90/><AGARI ba="0,0" hai="49,50,89,90,91,96,100,106" m="18703,40127" machi="90" ten="30,3000,0" yaku="25,1,52,1" doraHai="107,92" who="3" fromWho="3" sc="161,-10,132,-10,566,-10,141,30" /><INIT seed="3,1,0,0,4,68" ten="151,122,556,171" oya="3" hai0="128,117,116,93,75,121,90,30,47,34,98,18,44" hai1="69,96,48,50,111,7,135,76,64,120,118,134,89" hai2="130,52,94,126,83,55,31,17,102,113,65,72,88" hai3="13,122,5,71,49,124,54,3,114,107,22,41,26"/><W32/><G114/><T77/><D121/><U4/><E111/><V29/><F113/><W33/><G107/><T60/><D128/><U70/><E120/><V42/><F42/><W133/><G71/><N who="1" m="27146" /><E76/><V92/><F65/><W46/><G122/><T27/><D60/><U78/><E78/><V63/><F130/><W12/><G124/><T109/><D109/><U86/><E64/><V51/><F126/><W82/><G133/><N who="1" m="50698" /><E96/><V115/><F72/><W35/><G82/><T15/><D77/><U40/><E118/><V80/><F83/><W39/><G3/><T81/><D81/><N who="1" m="49359" /><E40/><V11/><F80/><W19/><REACH who="3" step="1"/><G5/><AGARI ba="1,0" hai="4,5,7,48,50" m="49359,50698,27146" machi="5" ten="30,1000,0" yaku="20,1" doraHai="68" who="1" fromWho="3" sc="151,0,122,13,556,0,171,-13" /><INIT seed="4,0,0,3,0,99" ten="151,135,556,158" oya="0" hai0="96,53,134,59,135,107,127,80,97,82,17,23,72" hai1="4,128,81,63,19,91,28,36,105,30,90,34,115" hai2="94,95,126,56,92,117,68,71,62,83,35,32,70" hai3="116,64,7,49,22,2,108,111,58,69,37,55,44"/><T38/><D127/><U93/><E105/><V85/><F126/><W51/><G22/><T1/><D1/><U18/><E36/><V103/><F103/><W113/><G2/><T66/><D38/><U24/><E128/><V41/><F41/><N who="3" m="22575" /><G7/><T67/><D67/><U109/><E109/><N who="3" m="42058" /><G116/><T100/><D66/><U12/><E30/><V61/><F61/><N who="3" m="40079" /><G113/><T48/><D96/><U89/><E115/><V47/><F117/><W8/><G8/><T57/><D57/><U132/><E4/><V114/><F114/><W26/><G26/><T87/><D72/><U11/><E19/><V119/><F32/><W120/><G120/><T122/><D122/><U84/><E63/><AGARI ba="0,0" hai="49,51,55,58,63" m="40079,42058,22575" machi="63" ten="30,2000,0" yaku="34,2" doraHai="99" who="3" fromWho="1" sc="151,0,135,-20,556,0,158,20" /><INIT seed="5,0,0,1,4,83" ten="151,115,556,178" oya="1" hai0="67,45,116,54,5,113,128,103,52,72,76,79,86" hai1="6,1,106,81,117,121,94,27,112,20,32,74,63" hai2="118,80,105,111,31,29,85,30,87,39,48,3,43" hai3="102,4,40,135,108,34,114,120,99,133,9,95,18"/><U22/><E117/><V92/><F105/><W98/><G108/><T37/><D116/><U51/><E121/><V11/><F39/><W82/><G34/><T84/><D72/><U21/><E106/><V64/><F64/><W17/><G120/><T28/><D67/><U130/><E63/><V58/><F111/><W15/><G40/><T25/><D5/><U57/><E112/><V65/><F118/><W66/><G66/><T10/><D10/><U2/><E130/><V127/><F127/><W46/><G46/><T100/><D37/><U97/><E32/><V115/><F115/><W42/><G42/><T89/><D113/><U75/><E27/><V91/><F3/><W96/><G82/><T7/><D7/><U123/><E123/><V36/><F36/><W104/><G114/><T23/><D128/><U62/><E62/><N who="2" m="38103" /><F11/><W26/><G26/><T90/><D103/><U124/><E124/><V16/><F16/><N who="3" m="6251" /><G104/><T13/><D100/><U53/><E6/><V19/><F19/><W24/><G24/><T12/><D12/><U107/><E107/><V35/><F35/><W44/><G44/><T70/><D13/><U110/><E110/><V69/><F69/><W47/><G47/><T59/><D70/><U60/><E60/><V88/><F43/><W132/><AGARI ba="0,0" hai="4,9,15,95,96,98,99,102,132,133,135" m="6251" machi="132" ten="40,2700,0" yaku="20,1,54,1" doraHai="83" who="3" fromWho="3" sc="151,-7,115,-13,556,-7,178,27" /><INIT seed="6,0,0,4,0,113" ten="144,102,549,205" oya="2" hai0="94,80,54,25,31,102,55,46,99,43,115,132,62" hai1="9,110,52,78,64,57,68,111,69,49,135,116,120" hai2="77,106,101,4,26,127,86,36,30,72,88,12,76" hai3="29,7,13,119,96,97,48,91,71,126,0,124,65"/><V15/><F36/><W130/><G119/><T92/><D115/><U112/><E78/><V59/><F127/><W42/><G0/><T22/><D132/><U38/><E38/><V85/><F72/><W84/><G29/><T107/><D80/><U83/><E83/><V73/><F73/><W98/><G71/><N who="1" m="27210" /><E9/><V50/><F101/><W40/><G65/><T104/><D104/><U131/><E116/><V3/><F3/><W20/><G130/><T75/><D75/><U37/><E37/><V109/><F106/><W27/><G48/><N who="0" m="26719" /><D107/><U18/><E18/><V123/><F123/><W8/><G124/><T121/><D121/><U133/><E120/><V16/><F4/><W118/><G118/><T6/><D6/><U34/><E34/><V45/><F85/><W5/><G5/><T2/><D2/><U79/><E79/><V108/><F76/><W41/><G126/><T103/><D62/><N who="1" m="37967" /><E112/><V125/><F77/><W100/><G100/><T39/><D39/><U67/><E67/><V128/><F125/><W51/><G20/><T1/><D1/><U95/><E95/><V44/><F109/><N who="1" m="41481" /><E131/><V60/><F108/><W66/><G27/><T129/><D129/><U114/><E114/><V82/><F128/><W58/><G66/><T28/><D28/><U35/><E35/><V56/><F30/><W17/><G7/><T70/><D70/><U117/><E117/><V134/><F26/><W47/><G84/><T90/><D102/><U63/><E63/><V61/><F61/><W93/><G17/><T14/><D14/><U87/><E87/><AGARI ba="0,0" hai="22,25,31,54,55,87,90,92,94,99,103" m="26719" machi="87" ten="30,1000,0" yaku="8,1" doraHai="113" who="0" fromWho="1" sc="144,10,102,-10,549,0,205,0" /><INIT seed="7,0,0,4,2,6" ten="154,92,549,205" oya="3" hai0="10,119,107,37,112,85,28,29,45,54,58,47,17" hai1="133,69,70,49,65,32,135,105,25,111,40,103,96" hai2="52,7,48,50,8,34,38,90,115,11,1,16,9" hai3="123,35,27,61,77,122,95,91,19,100,132,84,125"/><W102/><G125/><T18/><D119/><U44/><E111/><V13/><F38/><W104/><G132/><T78/><D107/><U114/><E114/><V71/><F71/><W81/><G35/><T89/><D78/><U88/><E70/><V67/><F67/><W80/><G27/><T12/><D112/><U129/><E129/><V72/><F72/><W22/><G19/><T98/><D98/><U134/><E88/><V101/><F115/><W60/><G22/><T59/><D37/><U24/><REACH who="1" step="1"/><E32/><REACH who="1" ten="154,82,549,205" step="2"/><V41/><F48/><W15/><G91/><T55/><D89/><U21/><E21/><V83/><F52/><W62/><G61/><AGARI ba="0,1" hai="24,25,40,44,49,61,65,69,96,103,105,133,134,135" machi="61" ten="40,2600,0" yaku="1,1,20,1,53,0" doraHai="6" doraHaiUra="14" who="1" fromWho="3" sc="154,0,82,36,549,0,205,-26" owari="154,-25.0,118,-38.0,549,65.0,179,-2.0" /></mjloggm>