<mjloggm ver="2.3"><GO type="169" lobby="0"/><UN n0="%E3%81%84%E3%81%97%E3%82%82%E3%82%8A" n1="%E3%83%81%E3%83%A3%E3%82%A4%E3%82%B8" n2="%E3%83%88%E3%83%88%E3%83%AA%E5%85%88%E7%94%9F%31%39%E6%AD%B3" n3="%E3%81%9F%E3%81%8C%E3%82%84%E3%81%99" dan="16,17,18,16" rate="2108.93,2148.47,2206.88,2097.45" sx="M,M,F,M"/><TAIKYOKU oya="0"/><INIT seed="0,0,0,3,5,79" ten="250,250,250,250" oya="0" hai0="93,63,104,68,19,109,67,13,60,83,106,10,23" hai1="113,31,135,62,51,73,84,133,29,12,119,118,57" hai2="55,122,117,36,76,4,114,69,116,112,3,25,64" hai3="0,103,100,99,80,128,30,111,70,50,56,44,24"/><T127/><D127/><U39/><E73/><V35/><F55/><W90/><G0/><T85/><D93/><U77/><E39/><V54/><F54/><W88/><G70/><T130/><D130/><U87/><E51/><V2/><F36/><W15/><G56/><T28/><D109/><U27/><E12/><V34/><F76/><W121/><G121/><T46/><D46/><U91/><E77/><V75/><F75/><W8/><G128/><T115/><D115/><N who="2" m="44074" /><F64/><W96/><G111/><T21/><D63/><U37/><E37/><V16/><F69/><W89/><G24/><T26/><REACH who="0" step="1"/><D10/><REACH who="0" ten="240,250,250,250" step="2"/><U17/><E113/><V78/><F122/><W65/><G44/><T61/><D61/><U98/><E118/><V129/><F129/><W49/><G8/><T6/><D6/><U94/><E119/><V7/><F117/><W108/><G108/><T42/><D42/><U71/><E71/><V97/><F116/><W120/><G120/><T101/><D101/><U33/><E133/><V74/><F4/><W48/><G103/><T5/><D5/><U38/><E135/><V18/><F7/><W1/><G100/><T95/><D95/><U102/><E102/><V72/><F3/><W81/><G1/><T41/><D41/><U124/><E124/><V52/><F2/><W59/><G99/><T40/><D40/><U125/><E125/><V82/><F72/><W123/><G96/><T66/><D66/><U126/><E126/><V43/><F97/><W32/><G65/><T22/><D22/><N who="1" m="13775" /><E33/><N who="2" m="12299" /><F43/><W110/><G123/><T132/><D132/><U86/><E38/><RYUUKYOKU ba="0,1" sc="240,15,250,15,250,-15,250,-15" hai0="13,19,21,23,26,28,60,67,68,83,85,104,106" hai1="29,31,57,62,84,86,87,91,94,98" /><INIT seed="0,1,1,2,5,103" ten="255,265,235,235" oya="0" hai0="117,59,89,31,9,116,62,45,84,97,76,60,81" hai1="30,133,109,11,123,114,108,33,131,126,80,119,71" hai2="87,61,124,43,128,83,2,1,16,20,58,118,26" hai3="125,44,110,52,122,101,96,129,36,82,32,29,24"/><T66/><D45/><U120/><RYUUKYOKU type="yao9" ba="1,1" sc="255,0,265,0,235,0,235,0" hai1="11,30,33,71,80,108,109,114,119,120,123,126,131,133" /><INIT seed="0,2,1,1,4,91" ten="255,265,235,235" oya="0" hai0="69,96,32,43,6,86,59,99,17,14,103,88,132" hai1="36,0,18,81,20,15,121,68,135,47,84,123,64" hai2="76,7,72,49,25,3,92,129,60,101,2,46,67" hai3="131,56,108,1,107,16,114,62,58,27,109,126,106"/><T79/><D69/><U77/><E135/><V52/><F129/><W111/><G1/><T42/><D32/><U5/><E68/><V21/><F7/><W41/><G114/><T118/><D118/><U39/><E64/><V33/><F33/><W35/><G41/><T13/><D132/><U117/><E117/><V100/><F100/><W113/><G113/><T82/><D59/><U71/><E71/><V34/><F34/><W22/><G126/><T110/><D110/><U75/><E84/><V124/><F124/><W74/><G74/><T134/><D134/><U38/><E47/><V23/><F23/><W8/><G58/><T51/><D51/><U44/><E44/><V37/><F37/><W128/><G8/><N who="0" m="4247" /><D99/><U120/><E5/><V119/><F119/><W105/><REACH who="3" step="1"/><G35/><REACH who="3" ten="255,265,235,225" step="2"/><T53/><D53/><AGARI ba="2,2" hai="16,22,27,53,56,62,105,106,107,108,109,111,128,131" machi="53" ten="50,8000,1" yaku="1,1,2,1,14,1,54,1,53,0" doraHai="91" doraHaiUra="73" who="3" fromWho="0" sc="255,-86,265,0,235,0,225,106" /><INIT seed="1,0,0,2,3,51" ten="169,265,235,331" oya="1" hai0="79,28,96,129,115,130,59,94,0,1,64,102,134" hai1="63,82,2,109,30,78,61,17,22,49,8,111,44" hai2="87,18,16,48,9,117,100,83,12,4,135,116,55" hai3="10,110,14,113,58,39,101,67,120,15,26,29,73"/><U89/><E89/><N who="2" m="51455" /><F135/><W33/><G73/><T74/><D115/><U7/><E30/><V123/><F123/><W52/><G39/><T103/><D103/><U57/><E82/><V46/><F4/><W41/><G41/><T107/><D134/><U125/><E78/><V37/><F37/><W60/><G113/><T77/><D107/><U76/><E76/><N who="0" m="29257" /><D74/><U112/><E112/><V36/><F36/><W34/><G120/><T124/><D124/><U38/><E38/><V13/><F100/><W3/><G34/><T126/><D28/><U53/><E125/><V69/><F69/><W54/><G101/><T6/><D6/><U97/><E97/><V65/><F65/><W81/><G81/><T122/><D122/><U128/><E128/><N who="0" m="49257" /><D126/><U56/><E61/><AGARI ba="0,0" hai="0,1,59,61,64,94,96,102" m="49257,29257" machi="61" ten="30,1000,0" yaku="19,1" doraHai="51" who="0" fromWho="1" sc="169,10,265,-10,235,0,331,0" /><INIT seed="2,0,0,2,1,29" ten="179,255,235,331" oya="2" hai0="70,41,44,43,94,84,21,131,114,55,30,6,40" hai1="0,133,97,129,3,116,108,1,112,86,92,7,60" hai2="89,36,67,37,98,10,118,95,126,73,117,135,42" hai3="105,54,24,31,87,134,25,22,119,56,68,52,27"/><V39/><F73/><W9/><G105/><T101/><D114/><U127/><E86/><V99/><F135/><W132/><G68/><T90/><D70/><U79/><E79/><V11/><F126/><W93/><G119/><T106/><D131/><U51/><E7/><V111/><F111/><W102/><G9/><T46/><D6/><U45/><E108/><V38/><F67/><W5/><G5/><T100/><D106/><U23/><E112/><V2/><F2/><W48/><G134/><T33/><D33/><U80/><E80/><V19/><F10/><W62/><G132/><T8/><D8/><U121/><E121/><V20/><F11/><W96/><REACH who="3" step="1"/><G87/><REACH who="3" ten="179,255,235,321" step="2"/><T49/><REACH who="0" step="1"/><D46/><AGARI ba="0,1" hai="22,24,25,27,31,46,48,52,54,56,62,93,96,102" machi="46" ten="30,8000,1" yaku="1,1,2,1,7,1,8,1,54,1,53,0" doraHai="29" doraHaiUra="4" who="3" fromWho="0" sc="179,-80,255,0,235,0,321,90" /><INIT seed="3,0,0,2,4,112" ten="99,255,235,411" oya="3" hai0="103,126,9,109,129,23,36,119,93,40,86,78,100" hai1="79,34,125,116,15,73,42,106,44,92,69,45,76" hai2="122,49,8,48,97,75,4,46,68,74,61,128,53" hai3="28,43,110,114,39,35,5,17,11,24,135,1,87"/><W27/><G87/><T14/><D109/><U82/><E69/><V118/><F118/><W31/><G43/><T26/><D126/><U47/><E34/><V12/><F128/><W71/><G39/><T30/><D129/><U94/><E125/><V50/><F122/><W19/><G71/><T18/><D36/><U104/><E42/><V120/><F120/><W77/><G77/><N who="1" m="29770" /><E82/><V134/><F134/><W63/><G63/><T72/><D119/><U6/><E6/><V38/><F38/><W62/><G62/><T85/><D72/><U115/><E115/><V51/><REACH who="2" step="1"/><F97/><REACH who="2" ten="99,255,225,411" step="2"/><W117/><G114/><T95/><D40/><U132/><E116/><V81/><F81/><W41/><G117/><T0/><D0/><U21/><E132/><V105/><F105/><W64/><G41/><T107/><D107/><U37/><E37/><V83/><F83/><W131/><G135/><T13/><D78/><U113/><E113/><V22/><F22/><W29/><G131/><T20/><D86/><U67/><E104/><V108/><F108/><W33/><G110/><T89/><REACH who="0" step="1"/><D95/><REACH who="0" ten="89,255,225,411" step="2"/><U55/><E106/><V16/><F16/><AGARI ba="0,2" hai="9,13,14,16,18,20,23,26,30,85,89,93,100,103" machi="16" ten="30,8000,1" yaku="1,1,2,1,7,1,8,1,54,1,53,0" doraHai="112" doraHaiUra="56" who="0" fromWho="2" sc="89,100,255,0,225,-80,411,0" /><INIT seed="4,0,0,4,5,77" ten="189,255,145,411" oya="0" hai0="91,82,73,46,4,45,110,14,7,85,52,61,89" hai1="93,5,102,104,16,30,27,28,36,60,40,31,48" hai2="12,109,59,78,118,32,65,124,83,133,115,100,42" hai3="120,33,26,24,92,67,130,103,75,44,50,25,121"/><T29/><D110/><U0/><E104/><V21/><F32/><W119/><G67/><T43/><D29/><U1/><E36/><V81/><F109/><W126/><G119/><T34/><D34/><U37/><E37/><V98/><F118/><W49/><G33/><T55/><D73/><U35/><E60/><N who="2" m="38047" /><F78/><W113/><G75/><T11/><D7/><U56/><E56/><V62/><F115/><W108/><G108/><T70/><D70/><U10/><E48/><V101/><F133/><W111/><G111/><T106/><D106/><U134/><E40/><V79/><F79/><W72/><G72/><T97/><D61/><U8/><E102/><N who="2" m="39531" /><F124/><W69/><G126/><T17/><D4/><N who="1" m="1031" /><E93/><V47/><F98/><W20/><G69/><T68/><D68/><U88/><E88/><V112/><F112/><W63/><G113/><T64/><D64/><U19/><E134/><V127/><F127/><W3/><G120/><T128/><D46/><U117/><E117/><V116/><F116/><W51/><G44/><T129/><D91/><U57/><E57/><V114/><F114/><W53/><G121/><T18/><D97/><U84/><E84/><V131/><F131/><N who="0" m="50250" /><D18/><AGARI ba="0,0" hai="1,5,10,16,18,19,27,28,30,31,35" m="1031" machi="18" ten="30,12000,2" yaku="35,5,54,1" doraHai="77" who="1" fromWho="0" sc="189,-120,255,120,145,0,411,0" /><INIT seed="5,0,0,3,3,47" ten="69,375,145,411" oya="1" hai0="18,30,100,132,59,13,130,21,122,73,113,67,129" hai1="65,24,22,96,56,10,57,127,17,95,52,108,16" hai2="27,124,1,101,87,2,34,48,121,70,116,123,105" hai3="29,92,128,15,14,62,83,85,89,31,81,109,23"/><U4/><E127/><V88/><F116/><W120/><G81/><T115/><D73/><U40/><E108/><V71/><F124/><W19/><G128/><N who="0" m="49259" /><D100/><U32/><E32/><V77/><F77/><W37/><G37/><T112/><D67/><U103/><E40/><V20/><F34/><W93/><G120/><T66/><D66/><U0/><E57/><V38/><F38/><W26/><G109/><T41/><D41/><U102/><E102/><V133/><F133/><W126/><G126/><T94/><D94/><U76/><E76/><V43/><F101/><W49/><G62/><T90/><D59/><U99/><E99/><V134/><F105/><W46/><G15/><N who="0" m="9439" /><D90/><U91/><E65/><V7/><F134/><W55/><REACH who="3" step="1"/><G31/><REACH who="3" ten="69,375,145,401" step="2"/><T33/><D132/><U25/><E25/><V118/><F123/><W97/><G97/><T107/><D122/><U53/><E103/><V6/><F121/><W131/><G131/><T79/><D79/><U58/><E17/><V44/><F27/><W72/><G72/><T12/><D107/><U36/><E36/><V50/><F87/><W35/><AGARI ba="0,1" hai="14,19,23,26,29,35,46,49,55,83,85,89,92,93" machi="35" ten="20,5200,0" yaku="1,1,0,1,7,1,52,1,53,0" doraHai="47" doraHaiUra="68" who="3" fromWho="3" sc="69,-13,375,-26,145,-13,401,62" /><INIT seed="6,0,0,5,3,10" ten="56,349,132,463" oya="2" hai0="128,87,36,130,12,73,15,45,69,52,4,118,25" hai1="29,2,83,28,135,93,102,42,72,60,89,80,82" hai2="125,132,77,122,107,108,92,90,116,98,79,115,41" hai3="21,1,94,74,121,95,131,40,23,11,86,127,57"/><V64/><F116/><W18/><G74/><T16/><D73/><U19/><E2/><V61/><F122/><W37/><G40/><T48/><D69/><U120/><E72/><V31/><F115/><W81/><G37/><T76/><D118/><U14/><E120/><V85/><F132/><W133/><G127/><T123/><D123/><U62/><E102/><V3/><F3/><W112/><G131/><N who="0" m="50219" /><D36/><U22/><E42/><V97/><F125/><W70/><G70/><T34/><D4/><U7/><E7/><V13/><F108/><W47/><G47/><T54/><D54/><U113/><E113/><V126/><F126/><W129/><G133/><T32/><D25/><U43/><E43/><V63/><F41/><W75/><G75/><T84/><D15/><U49/><E49/><V101/><F31/><N who="1" m="11849" /><E135/><V88/><F13/><W111/><G111/><T117/><D117/><U58/><E58/><V134/><F134/><W78/><G112/><T96/><D96/><AGARI ba="0,0" hai="14,19,22,60,62,80,82,83,89,93,96" m="11849" machi="96" ten="30,2000,0" yaku="8,1,52,1" doraHai="10" who="1" fromWho="0" sc="56,-20,349,20,132,0,463,0" /><INIT seed="7,0,0,2,0,38" ten="36,369,132,463" oya="3" hai0="109,77,126,32,16,57,128,14,41,34,55,22,133" hai1="95,40,110,15,121,61,10,129,13,43,65,18,134" hai2="47,0,3,75,114,8,17,81,117,7,33,135,49" hai3="53,94,85,9,67,83,23,19,108,132,37,119,125"/><W98/><G37/><T58/><D109/><U12/><E110/><V24/><F117/><W5/><G132/><T122/><D122/><U31/><E121/><V35/><F0/><W44/><G125/><T99/><D126/><U36/><E36/><V1/><F1/><W56/><G108/><T101/><D133/><U59/><E134/><V70/><F70/><W60/><G119/><T113/><D128/><U100/><E129/><V76/><F135/><W2/><G44/><T45/><D77/><U92/><E31/><V68/><F68/><W123/><G123/><T127/><D113/><U79/><E79/><V54/><F114/><W105/><G105/><T115/><D115/><U91/><E100/><V46/><F46/><W28/><G28/><T87/><D87/><N who="1" m="52351" /><E95/><V96/><F96/><W103/><G85/><T66/><D66/><U64/><E65/><V97/><F97/><W72/><G83/><T50/><D127/><U63/><E63/><V69/><F69/><W73/><G67/><T120/><D120/><U88/><E88/><V124/><F124/><W26/><AGARI ba="0,0" hai="2,5,9,19,23,26,53,56,60,72,73,94,98,103" machi="26" ten="20,2100,0" yaku="0,1,7,1" doraHai="38" who="3" fromWho="3" sc="36,-7,369,-7,132,-7,463,21" owari="29,-47.0,362,16.0,125,-27.0,484,58.0" /></mjloggm>