<mjloggm ver="2.3"><GO type="169" lobby="0"/><UN n0="%73%69%6E%73%69%73%74" n1="%E3%83%AD%E3%83%83%E3%83%86%E9%9B%80%E7%90%83" n2="%E5%B0%B1%E6%B4%BB%E7%94%9F%40%E5%B7%9D%E6%9D%91%E8%BB%8D%E5%9B%A3" n3="%E6%BE%A4%E6%9D%91%E6%8B%93%E4%B8%80" dan="17,18,16,17" rate="2139.56,2211.84,2159.77,2192.37" sx="M,M,M,M"/><TAIKYOKU oya="0"/><INIT seed="0,0,0,4,5,82" ten="250,250,250,250" oya="0" hai0="69,58,40,105,2,120,4,109,86,98,66,122,43" hai1="55,14,33,114,37,19,126,108,135,76,32,65,81" hai2="110,97,16,54,85,116,118,18,129,128,38,83,115" hai3="117,79,50,71,107,63,35,12,48,99,36,102,67"/><T64/><D2/><U52/><E108/><V3/><F3/><W94/><G117/><N who="2" m="45161" /><F38/><W10/><G36/><T78/><D4/><U77/><E126/><V0/><F0/><W89/><G79/><T5/><D5/><U95/><E135/><V100/><F54/><W74/><G74/><T121/><D69/><U17/><E37/><V46/><F46/><W13/><G35/><T73/><D73/><U49/><E114/><V132/><F110/><W11/><G13/><T111/><D111/><U90/><E65/><V72/><F72/><W45/><G12/><T84/><D109/><U106/><E106/><N who="2" m="63759" /><F115/><W25/><G25/><T61/><D78/><U20/><E77/><N who="2" m="46319" /><F132/><W96/><REACH who="3" step="1"/><G50/><REACH who="3" ten="250,250,250,240" step="2"/><T134/><D134/><U75/><E49/><V70/><F70/><W133/><G133/><T23/><D120/><U119/><E119/><V51/><F51/><W91/><G91/><T34/><D34/><U6/><E32/><V104/><F104/><W127/><G127/><T124/><D105/><U29/><E33/><V39/><F39/><W113/><G113/><T30/><D124/><U57/><E14/><V1/><F1/><W112/><G112/><T56/><D121/><U22/><E76/><V8/><F8/><W80/><G80/><T31/><D122/><U123/><E81/><V62/><F62/><W103/><G103/><T27/><D61/><U101/><E123/><V87/><F87/><W125/><G125/><T9/><D9/><U24/><E101/><V7/><F7/><W130/><G130/><AGARI ba="0,1" hai="16,18,128,129,130" m="46319,63759,45161" machi="130" ten="30,7700,0" yaku="19,1,12,1,52,1,54,1" doraHai="82" who="2" fromWho="3" sc="250,0,250,0,250,87,240,-77" /><INIT seed="1,0,0,4,3,98" ten="250,250,337,163" oya="1" hai0="59,77,72,73,65,42,40,110,120,10,76,31,20" hai1="16,69,109,13,64,3,104,131,75,15,121,45,41" hai2="22,33,78,96,134,46,11,36,44,17,67,132,57" hai3="60,34,53,108,0,111,61,1,24,103,93,27,101"/><U14/><E121/><V18/><F33/><W105/><G34/><T95/><D120/><U83/><E3/><V79/><F11/><W19/><G93/><T102/><D110/><U117/><E117/><V81/><F96/><W106/><G53/><T25/><D10/><U29/><E109/><V21/><F57/><W89/><G89/><T23/><D23/><N who="2" m="8714" /><F36/><W55/><G55/><T49/><D72/><U130/><E29/><V116/><F81/><W92/><G92/><T112/><D112/><U113/><E104/><V38/><F38/><W48/><G48/><T127/><D73/><U84/><E75/><V68/><F67/><W35/><G35/><T119/><D119/><U87/><E113/><V118/><F68/><W70/><G70/><T124/><D49/><N who="1" m="26799" /><E83/><V30/><F30/><W56/><G56/><T125/><D40/><U99/><E99/><V80/><F80/><W94/><G94/><T115/><D42/><U54/><E54/><V32/><F32/><W90/><G90/><T50/><D50/><U52/><E52/><V8/><F118/><W86/><G86/><N who="1" m="32810" /><E16/><AGARI ba="0,0" hai="0,1,16,19,24,27,60,61,101,103,105,106,108,111" machi="16" ten="25,8000,1" yaku="22,2,52,2,54,1" doraHai="98" who="3" fromWho="1" sc="250,0,250,-80,337,0,163,80" /><INIT seed="2,0,0,2,0,79" ten="250,170,337,243" oya="2" hai0="128,32,86,122,95,39,27,41,22,53,104,33,78" hai1="28,117,60,30,13,132,108,46,105,48,52,82,130" hai2="43,38,100,51,103,29,96,66,72,9,36,20,131" hai3="87,49,62,71,8,80,44,89,10,34,123,6,23"/><V11/><F72/><W56/><G123/><T4/><D122/><U94/><E108/><V135/><F131/><W12/><G71/><T2/><D104/><U69/><E105/><V112/><F112/><W110/><G34/><T88/><D128/><U91/><E117/><V92/><F135/><W76/><G110/><T40/><D39/><U111/><E111/><V116/><F116/><W113/><G113/><T47/><D2/><U21/><E132/><V70/><F100/><W63/><G10/><T35/><D4/><U84/><E130/><V26/><F51/><W19/><G56/><T83/><D53/><U129/><E129/><V18/><F43/><W77/><G77/><T97/><REACH who="0" step="1"/><D47/><REACH who="0" ten="240,170,337,243" step="2"/><U68/><E60/><V64/><F38/><W85/><G44/><T37/><D37/><U61/><E61/><V42/><F36/><W24/><REACH who="3" step="1"/><G49/><REACH who="3" ten="240,170,337,233" step="2"/><T45/><D45/><U102/><E48/><V81/><F70/><W93/><AGARI ba="0,2" hai="6,8,12,19,23,24,62,63,76,80,85,87,89,93" machi="93" ten="20,12000,2" yaku="1,1,2,1,0,1,7,1,8,1,52,1,53,0" doraHai="79" doraHaiUra="109" who="3" fromWho="3" sc="240,-30,170,-30,337,-60,233,140" /><INIT seed="3,0,0,2,2,74" ten="210,140,277,373" oya="3" hai0="82,15,51,57,109,45,12,56,6,50,131,26,110" hai1="1,33,68,42,2,37,28,55,14,67,92,91,7" hai2="104,73,125,132,116,16,19,40,60,4,111,13,128" hai3="135,78,0,130,43,8,86,83,105,54,79,80,10"/><W85/><G135/><T5/><D82/><U11/><E33/><V133/><F104/><W84/><G130/><T53/><D26/><U62/><E28/><V29/><F40/><W46/><G105/><T38/><D38/><U59/><E91/><V63/><F116/><W119/><G119/><T48/><D131/><U30/><E92/><V44/><F44/><W25/><G85/><T36/><D36/><U124/><E30/><V24/><F128/><W121/><G121/><T97/><D97/><U99/><E99/><V47/><F47/><W93/><G93/><T69/><D45/><N who="1" m="23759" /><E124/><V115/><F111/><N who="0" m="42506" /><D69/><U77/><E77/><V94/><F73/><W49/><G0/><T103/><D103/><U58/><E58/><N who="0" m="22633" /><D53/><U81/><E81/><V64/><F125/><W101/><G101/><T127/><D127/><U32/><E32/><V100/><F100/><W96/><G96/><T9/><D9/><N who="3" m="3689" /><G25/><T35/><D35/><U20/><E20/><V112/><F24/><W3/><G3/><T123/><D123/><U98/><E98/><V90/><F94/><W27/><G27/><T120/><D120/><U65/><E65/><V76/><F64/><W34/><G34/><T75/><D75/><U113/><E1/><V107/><F107/><W87/><G87/><T41/><D41/><AGARI ba="0,0" hai="41,43,46,49,54,78,79,80,83,84,86" m="3689" machi="41" ten="30,5800,0" yaku="8,1,52,2" doraHai="74" who="3" fromWho="0" sc="210,-58,140,0,277,0,373,58" /><INIT seed="3,1,0,3,5,68" ten="152,140,277,431" oya="3" hai0="96,35,121,61,45,5,3,67,82,70,103,92,6" hai1="95,73,126,11,88,107,48,39,74,20,133,119,85" hai2="105,54,102,108,15,42,94,1,128,87,130,55,26" hai3="75,84,56,37,28,110,25,2,79,66,125,123,7"/><W44/><G123/><T76/><D121/><U60/><E126/><V118/><F1/><W115/><G125/><T129/><D129/><U23/><E133/><V77/><F108/><W116/><G116/><T32/><D45/><U62/><E119/><V43/><F105/><W8/><G115/><T97/><D97/><U21/><E107/><V33/><F15/><W124/><G124/><T90/><D90/><U38/><E48/><V135/><F135/><W91/><G110/><T65/><D65/><U131/><E131/><N who="2" m="50219" /><F102/><W49/><G75/><T53/><D53/><N who="2" m="19978" /><F118/><W50/><G79/><T106/><D92/><U64/><E62/><V80/><F94/><W9/><G9/><N who="0" m="2239" /><D6/><U27/><E27/><V63/><F63/><W18/><G66/><T100/><D100/><U111/><E111/><V99/><F99/><W17/><G56/><T78/><D78/><U104/><E104/><V134/><F134/><W98/><G98/><T101/><D101/><U13/><E73/><AGARI ba="1,0" hai="32,35,61,67,70,73,76,82,96,103,106" m="2239" machi="73" ten="30,2000,0" yaku="33,2" doraHai="68" who="0" fromWho="1" sc="152,23,140,-23,277,0,431,0" /><INIT seed="4,0,0,3,1,69" ten="175,117,277,431" oya="0" hai0="15,115,38,101,91,52,62,80,22,131,132,89,104" hai1="13,19,63,4,105,12,83,124,100,26,86,76,75" hai2="60,73,120,71,14,31,77,114,58,133,117,47,44" hai3="122,65,6,8,64,109,135,123,102,98,49,1,78"/><T81/><D38/><U33/><E124/><V20/><F71/><W93/><G109/><T56/><D115/><U9/><E105/><V72/><F114/><W96/><G135/><T53/><D132/><U51/><E100/><V112/><F112/><W39/><G39/><T129/><D53/><U107/><E107/><V45/><F133/><W54/><G78/><T68/><D68/><U48/><E63/><V35/><F120/><N who="3" m="46123" /><G98/><N who="0" m="61495" /><D81/><U84/><E26/><V125/><F47/><AGARI ba="0,0" hai="1,6,8,47,49,54,64,65,93,96,102" m="46123" machi="47" ten="30,1000,0" yaku="13,1" doraHai="69" who="3" fromWho="2" sc="175,0,117,0,277,-10,431,10" /><INIT seed="5,0,0,5,0,38" ten="175,117,267,441" oya="1" hai0="87,83,44,4,47,39,54,53,21,73,120,116,9" hai1="131,91,67,43,37,80,97,121,19,6,104,111,92" hai2="17,29,50,114,13,109,55,32,79,36,123,125,63" hai3="10,103,57,93,82,59,58,100,28,16,52,60,126"/><U135/><E121/><V7/><F36/><W18/><G126/><T65/><D116/><U48/><E135/><V108/><F7/><W20/><G82/><T133/><D133/><U102/><E131/><V124/><F79/><W127/><G127/><N who="2" m="48713" /><F123/><W62/><G58/><T30/><D65/><U5/><E111/><V46/><F114/><W88/><G10/><T71/><D71/><U110/><E110/><V84/><F84/><N who="3" m="52359" /><G28/><T75/><D75/><U118/><E118/><V0/><F0/><W90/><G90/><T122/><D73/><U129/><E37/><V106/><F106/><W2/><G2/><T94/><D39/><U134/><E134/><V1/><F1/><W105/><G105/><T86/><D4/><U45/><E129/><V3/><F3/><W26/><G18/><T95/><D30/><U117/><E117/><V89/><F89/><W27/><G27/><T128/><D128/><U70/><E80/><V35/><F63/><W23/><G23/><T69/><D83/><U12/><E70/><V113/><F113/><W81/><G81/><T77/><D69/><U96/><REACH who="1" step="1"/><E67/><AGARI ba="0,0" hai="16,20,26,52,57,59,60,62,67,100,103" m="52359" machi="67" ten="30,7700,0" yaku="8,1,54,3" doraHai="38" who="3" fromWho="1" sc="175,0,117,-77,267,0,441,77" /><INIT seed="6,0,0,4,4,128" ten="175,40,267,518" oya="2" hai0="74,103,81,113,77,40,2,90,1,88,13,133,134" hai1="127,80,114,16,36,55,135,29,18,50,125,39,53" hai2="22,34,64,0,28,117,69,26,122,116,106,49,78" hai3="101,41,19,118,59,23,91,57,92,124,71,33,84"/><V83/><F122/><W98/><G124/><T109/><D109/><U44/><E114/><V21/><F0/><N who="0" m="106" /><D113/><U66/><E66/><V67/><F106/><W35/><G71/><T126/><D126/><U37/><E29/><V70/><F49/><W61/><G41/><T99/><D40/><U105/><E105/><V8/><F8/><W43/><G43/><T119/><D13/><U3/><E3/><V38/><F38/><W24/><G57/><T30/><D30/><U132/><E80/><V32/><F83/><W60/><G60/><T76/><D76/><U6/><E6/><V56/><F28/><W31/><G118/><T68/><D68/><U17/><E125/><V82/><F82/><W48/><G48/><T112/><D119/><U42/><REACH who="1" step="1"/><E127/><REACH who="1" ten="175,30,267,518" step="2"/><V58/><F78/><W104/><G31/><T5/><D5/><U10/><E10/><V9/><F9/><W52/><AGARI ba="0,1" hai="19,23,24,33,35,52,59,61,84,91,92,98,101,104" machi="52" ten="20,2700,0" yaku="0,1,7,1,54,1" doraHai="128" who="3" fromWho="3" sc="175,-7,30,-7,267,-13,518,37" /><INIT seed="7,0,0,3,3,100" ten="168,23,254,555" oya="3" hai0="10,43,135,0,98,37,35,85,4,48,134,84,11" hai1="81,15,76,16,123,99,79,18,60,68,34,19,57" hai2="47,58,56,21,70,92,113,74,40,25,9,12,118" hai3="22,42,104,77,66,63,30,124,126,54,5,20,29"/><W131/><G42/><T41/><D35/><U39/><E123/><V95/><F70/><W119/><G54/><T62/><D37/><U114/><E114/><V116/><F74/><W14/><G77/><T50/><D98/><U59/><E34/><V102/><F113/><W106/><G5/><T90/><D62/><U65/><E39/><V128/><F128/><W51/><G63/><T61/><D61/><U69/><E69/><V127/><F127/><W80/><G80/><T125/><D125/><U36/><E36/><V52/><F58/><W26/><G14/><T8/><D4/><U88/><E68/><V97/><F92/><W28/><G28/><T107/><D107/><U13/><E59/><V108/><F47/><W122/><G131/><T93/><D0/><U112/><E112/><V96/><F40/><N who="0" m="15434" /><D84/><U49/><E49/><V33/><F96/><W64/><G51/><T83/><D83/><U117/><E117/><V2/><F2/><W82/><G82/><T115/><D115/><U111/><E111/><V89/><F33/><W101/><G101/><T109/><D109/><U75/><REACH who="1" step="1"/><E79/><REACH who="1" ten="168,13,254,555" step="2"/><V24/><F108/><W17/><G119/><T133/><AGARI ba="0,1" hai="8,10,11,48,50,85,90,93,133,134,135" m="15434" machi="133" ten="40,1500,0" yaku="20,1" doraHai="100" who="0" fromWho="0" sc="168,25,13,-4,254,-4,555,-7" owari="193,-21.0,9,-49.0,250,5.0,548,65.0" /></mjloggm>