<mjloggm ver="2.3"><GO type="169" lobby="0"/><UN n0="%E5%B0%B1%E6%B4%BB%E7%94%9F%40%E5%B7%9D%E6%9D%91%E8%BB%8D%E5%9B%A3" n1="%E3%83%A1%E3%82%AC%E3%83%87%E3%82%B8" n2="%E4%B8%AD%E5%A0%85%EF%BC%A0%E3%83%8F%E3%83%BC%E3%83%99%E3%82%B9%E3%83%88" n3="%E3%82%B4%E3%83%BC%E3%83%AB%E3%83%87%E3%83%B3%E3%81%B2%E3%82%88%E3%81%93" dan="17,16,16,17" rate="2190.29,2070.56,2098.21,2197.39" sx="M,M,F,M"/><TAIKYOKU oya="0"/><INIT seed="0,0,0,2,5,26" ten="250,250,250,250" oya="0" hai0="12,71,105,30,119,56,67,18,6,7,29,114,103" hai1="45,130,37,129,72,44,61,79,66,95,97,54,94" hai2="109,48,20,17,28,53,108,63,99,57,88,101,91" hai3="4,127,46,128,78,112,84,50,39,5,43,69,13"/><T80/><D114/><U35/><E35/><V104/><F28/><N who="0" m="10858" /><D71/><U41/><E79/><V86/><F63/><W22/><G112/><T113/><D113/><U73/><E95/><V100/><F100/><W93/><G69/><T92/><D105/><U124/><E124/><V134/><F134/><W102/><G127/><T58/><D80/><U76/><E54/><V87/><F87/><W77/><G39/><T122/><D122/><U132/><E45/><V14/><REACH who="2" step="1"/><F91/><REACH who="2" ten="250,250,240,250" step="2"/><N who="3" m="53479" /><G102/><T96/><D119/><U62/><E62/><V31/><F31/><W55/><G128/><T40/><D40/><U51/><E132/><V36/><F36/><W25/><G43/><T0/><D0/><U85/><E37/><V24/><F24/><W126/><G126/><T98/><D98/><U106/><E106/><V52/><F52/><W64/><G64/><T15/><D15/><U111/><E130/><V38/><F38/><W27/><G13/><T33/><D33/><U115/><E129/><V68/><F68/><W83/><G27/><T123/><D123/><U89/><E97/><V107/><F107/><W90/><G90/><T120/><D120/><U65/><E65/><V9/><F9/><W135/><G135/><T121/><D121/><U118/><E115/><V131/><F131/><W49/><G49/><T3/><D3/><U125/><E125/><V60/><F60/><W117/><G117/><T32/><D32/><U47/><E118/><V81/><AGARI ba="0,1" hai="14,17,20,48,53,57,81,86,88,99,101,104,108,109" machi="81" ten="30,4000,0" yaku="1,1,0,1,54,1,53,0" doraHai="26" doraHaiUra="116" who="2" fromWho="2" sc="250,-20,250,-10,240,50,250,-10" /><INIT seed="1,0,0,4,4,39" ten="230,240,290,240" oya="1" hai0="90,14,49,114,0,42,3,58,78,115,133,36,100" hai1="128,61,132,120,89,13,77,96,79,92,38,55,53" hai2="135,113,112,80,41,123,18,27,110,119,2,26,52" hai3="59,9,118,31,101,108,85,29,117,10,25,129,65"/><U54/><E120/><V19/><F123/><W43/><G108/><T11/><D133/><U28/><E128/><V95/><F119/><N who="3" m="45579" /><G129/><T67/><D100/><U91/><E132/><V40/><F135/><W106/><G85/><T47/><D78/><N who="1" m="29707" /><E38/><V107/><F110/><W86/><G86/><T37/><D90/><N who="1" m="55319" /><E28/><V93/><F2/><W71/><G59/><T4/><D37/><U45/><E45/><V102/><F102/><W23/><G31/><T134/><D134/><U122/><E122/><V33/><F52/><N who="1" m="20073" /><E13/><V34/><REACH who="2" step="1"/><F107/><REACH who="2" ten="230,240,280,240" step="2"/><W99/><G43/><T8/><D3/><U69/><E69/><V12/><F12/><W82/><G71/><T62/><REACH who="0" step="1"/><D36/><REACH who="0" ten="220,240,280,240" step="2"/><U84/><E84/><V121/><F121/><W56/><G101/><T35/><D35/><U5/><E91/><V72/><F72/><W15/><G65/><T20/><D20/><U73/><E89/><V83/><AGARI ba="0,2" hai="18,19,26,27,33,34,40,41,80,83,93,95,112,113" machi="83" ten="25,12000,2" yaku="1,1,0,1,22,2,52,2,53,0" doraHai="39" doraHaiUra="63" who="2" fromWho="2" sc="220,-30,240,-60,280,140,240,-30" /><INIT seed="2,0,0,0,4,36" ten="190,180,420,210" oya="2" hai0="60,72,108,71,88,14,15,116,104,5,67,126,93" hai1="31,83,101,100,22,44,81,2,85,118,32,49,11" hai2="17,115,96,68,1,4,92,42,129,89,121,20,19" hai3="9,86,125,23,13,51,21,57,94,128,28,133,114"/><V61/><F121/><W37/><G37/><T62/><D104/><U113/><E32/><V43/><F115/><W65/><G114/><T119/><D72/><U39/><E39/><V97/><F129/><W102/><G128/><T46/><D108/><U64/><E113/><V7/><F1/><W74/><G74/><T53/><D126/><U38/><E38/><V48/><F48/><W111/><G125/><T58/><D46/><U78/><E118/><V135/><F135/><W47/><G111/><T112/><D112/><U6/><E64/><V134/><F134/><W69/><G69/><T52/><D53/><U41/><REACH who="1" step="1"/><E81/><REACH who="1" ten="190,170,420,210" step="2"/><V30/><F68/><W54/><G133/><T122/><D122/><U99/><E99/><V8/><F96/><N who="3" m="59671" /><G28/><T84/><REACH who="0" step="1"/><D5/><REACH who="0" ten="180,170,420,210" step="2"/><U55/><E55/><V107/><F7/><N who="3" m="3263" /><G86/><T33/><D33/><U95/><E95/><V59/><F107/><W91/><G91/><T120/><D120/><U12/><E12/><AGARI ba="0,2" hai="12,14,15,52,58,60,62,67,71,84,88,93,116,119" machi="12" ten="40,5200,0" yaku="1,1,54,2,53,0" doraHai="36" doraHaiUra="29" who="0" fromWho="1" sc="180,72,170,-52,420,0,210,0" /><INIT seed="3,0,0,0,1,87" ten="252,118,420,210" oya="3" hai0="100,132,67,133,62,92,82,39,63,3,99,114,24" hai1="108,8,134,129,53,59,52,65,58,104,125,34,19" hai2="112,68,97,72,96,4,103,69,41,93,127,121,118" hai3="54,30,101,43,16,111,31,26,36,95,131,123,71"/><W91/><G123/><T110/><D3/><U66/><E104/><V84/><F118/><W14/><G71/><T115/><D39/><U81/><E34/><V130/><F112/><N who="0" m="43050" /><D110/><U78/><E108/><V48/><F72/><W70/><G70/><T120/><D120/><U113/><E113/><V1/><F121/><W76/><G111/><T5/><D5/><U55/><E129/><V29/><F130/><W109/><G109/><T57/><D24/><U75/><E134/><N who="0" m="51817" /><D82/><U33/><E33/><V98/><F127/><W15/><G131/><T61/><AGARI ba="0,0" hai="57,61,62,63,67,92,99,100" m="51817,43050" machi="61" ten="40,2700,0" yaku="11,1,20,1" doraHai="87" who="0" fromWho="0" sc="252,27,118,-7,420,-7,210,-13" /><INIT seed="4,0,0,5,0,82" ten="279,111,413,197" oya="0" hai0="7,98,16,29,23,90,114,121,112,65,89,122,35" hai1="34,87,110,14,100,133,123,76,77,51,130,94,97" hai2="67,125,80,58,61,57,120,118,116,66,84,72,11" hai3="86,74,55,92,62,135,93,95,45,27,113,41,50"/><T31/><D65/><U39/><E39/><V9/><F120/><N who="0" m="46186" /><D98/><U109/><E34/><V105/><F105/><W96/><G74/><T15/><D90/><U104/><E123/><V21/><F72/><W5/><G113/><N who="0" m="43627" /><D89/><N who="1" m="53567" /><E14/><V28/><F125/><W22/><G135/><T64/><D64/><U3/><E3/><V99/><F99/><W106/><G106/><T63/><D63/><U49/><E49/><V47/><F47/><W17/><G5/><T24/><D31/><U48/><E48/><V75/><F75/><W40/><G86/><T20/><D7/><U85/><E51/><V54/><F67/><W127/><G127/><T33/><AGARI ba="0,0" hai="15,16,20,23,24,29,33,35" m="43627,46186" machi="33" ten="40,12000,1" yaku="15,1,34,2,54,1" doraHai="82" who="0" fromWho="0" sc="279,120,111,-40,413,-40,197,-40" /><INIT seed="4,1,0,4,1,29" ten="399,71,373,157" oya="0" hai0="52,88,80,117,107,115,112,3,42,98,86,0,25" hai1="10,59,41,83,110,14,62,103,105,73,48,129,39" hai2="26,15,106,21,20,57,130,13,31,109,123,28,60" hai3="71,51,76,85,124,54,77,45,38,27,43,125,23"/><T78/><D117/><U22/><E39/><V65/><F106/><W47/><G71/><T56/><D42/><U131/><E22/><V91/><F123/><W114/><G114/><N who="0" m="43563" /><D25/><U50/><E110/><V11/><F109/><W34/><G34/><T64/><D64/><U132/><E132/><V100/><F130/><W63/><G63/><N who="0" m="36231" /><D78/><U84/><E41/><V90/><F100/><AGARI ba="1,0" hai="0,3,80,86,88,98,100,107" m="36231,43563" machi="100" ten="30,5800,0" yaku="15,1,54,2" doraHai="29" who="0" fromWho="2" sc="399,61,71,0,373,-61,157,0" /><INIT seed="4,2,0,4,5,88" ten="460,71,312,157" oya="0" hai0="67,61,112,96,71,74,130,132,43,100,66,59,133" hai1="58,35,42,93,19,116,22,126,120,121,60,34,68" hai2="24,69,107,103,57,63,47,10,30,25,76,109,37" hai3="90,54,52,72,73,81,129,4,8,12,127,46,65"/><T117/><D117/><U13/><E68/><V53/><F109/><W131/><G127/><T106/><D74/><N who="3" m="28777" /><G65/><T0/><D0/><U49/><E116/><V56/><F76/><W27/><G46/><T16/><D112/><U84/><E126/><V124/><F124/><W48/><G48/><T15/><D130/><N who="3" m="49673" /><G27/><T62/><REACH who="0" step="1"/><D43/><REACH who="0" ten="450,71,312,157" step="2"/><U102/><E42/><V11/><F37/><W82/><G90/><T5/><D5/><U108/><E121/><V78/><F78/><W92/><G92/><T51/><D51/><U118/><E120/><V2/><F2/><W7/><G7/><T38/><D38/><U36/><E118/><V83/><F107/><W44/><G44/><T80/><D80/><AGARI ba="2,1" hai="4,8,12,52,54,80,81,82" m="49673,28777" machi="80" ten="30,2000,0" yaku="19,1,54,1" doraHai="88" who="3" fromWho="0" sc="450,-26,71,0,312,0,157,36" /><INIT seed="5,0,0,0,1,30" ten="424,71,312,193" oya="1" hai0="8,20,40,131,112,17,45,108,133,64,86,39,87" hai1="52,113,25,0,63,44,21,43,70,115,121,72,66" hai2="69,126,97,11,32,127,74,76,53,98,33,134,65" hai3="29,88,1,77,55,35,51,18,7,132,57,15,119"/><U46/><E0/><V92/><F11/><N who="3" m="2543" /><G77/><T95/><D108/><U5/><E5/><V111/><F111/><W109/><G109/><T22/><D131/><U107/><E72/><V81/><F134/><W3/><G3/><T123/><D133/><U100/><E121/><V71/><F53/><W118/><G132/><T89/><D112/><N who="1" m="43083" /><E100/><V47/><F47/><W23/><G88/><T73/><D123/><U31/><E107/><V124/><F97/><W129/><G129/><T48/><D73/><U42/><E46/><V16/><F16/><W59/><G59/><T116/><D116/><U67/><E67/><V24/><F24/><AGARI ba="0,0" hai="15,18,23,24,29,35,51,55,57,118,119" m="2543" machi="24" ten="30,2000,0" yaku="24,1,52,1" doraHai="30" who="3" fromWho="2" sc="424,0,71,0,312,-20,193,20" /><INIT seed="6,0,0,2,2,67" ten="424,71,292,213" oya="2" hai0="127,116,4,28,53,79,13,69,59,111,108,113,94" hai1="112,135,3,80,48,50,106,46,29,62,55,74,96" hai2="101,10,82,115,8,81,91,22,95,77,128,56,86" hai3="103,70,21,33,97,105,38,17,7,57,45,76,26"/><V122/><F122/><W34/><G70/><T83/><D69/><U49/><E3/><V88/><F115/><W125/><G125/><T24/><D113/><U117/><E112/><V124/><F124/><W31/><G7/><T65/><D127/><U123/><E117/><V64/><F128/><W63/><G76/><T51/><D65/><U5/><E135/><V47/><F101/><W36/><G45/><T9/><D94/><U84/><E74/><V42/><F22/><W19/><G34/><T40/><D40/><U87/><E5/><V102/><F102/><W61/><G61/><T60/><D60/><U119/><E119/><V93/><F56/><W85/><G85/><T52/><D53/><U73/><E123/><V25/><F25/><W71/><G19/><T90/><D90/><U78/><E106/><V75/><F64/><N who="3" m="41375" /><G57/><T32/><D116/><U44/><E96/><V0/><F0/><W43/><G43/><T54/><D54/><U118/><E118/><V92/><REACH who="2" step="1"/><F91/><REACH who="2" ten="424,71,282,213" step="2"/><W100/><G100/><T120/><D120/><U72/><E62/><V27/><F27/><AGARI ba="0,1" hai="17,21,26,27,31,33,36,38,97,103,105" m="41375" machi="27" ten="30,2000,0" yaku="25,1,52,1" doraHai="67" who="3" fromWho="2" sc="424,0,71,0,282,-20,213,30" /><INIT seed="7,0,0,3,2,58" ten="424,71,262,243" oya="3" hai0="104,48,67,79,101,107,35,20,50,59,15,119,75" hai1="106,54,81,10,40,38,72,21,86,82,108,78,97" hai2="130,2,14,83,74,89,24,33,80,115,7,44,102" hai3="73,125,84,16,135,8,131,127,103,76,57,77,126"/><W94/><G73/><T112/><D35/><U18/><E108/><V19/><F115/><W37/><G37/><T9/><D119/><U63/><E38/><V3/><F102/><W6/><G131/><T17/><D112/><U31/><E106/><V113/><F113/><W117/><G117/><T1/><D79/><U60/><E40/><V68/><F68/><W36/><G36/><T128/><D75/><U39/><E39/><V124/><F124/><W5/><G135/><T52/><D128/><U22/><E97/><V55/><F130/><W69/><G69/><T133/><D133/><U70/><E70/><V66/><F66/><W71/><G71/><T4/><D67/><U87/><E72/><V123/><F123/><W88/><G103/><T11/><D101/><U47/><E31/><V61/><F61/><W46/><G46/><T42/><D42/><U23/><E10/><V25/><F74/><W100/><G100/><T12/><D50/><U111/><E111/><V90/><F33/><W99/><G57/><T32/><D32/><U91/><E18/><AGARI ba="0,0" hai="1,4,9,11,12,15,17,18,20,48,52,59,104,107" machi="18" ten="30,2000,0" yaku="7,1,54,1" doraHai="58" who="0" fromWho="1" sc="424,20,71,-20,262,0,243,0" owari="444,55.0,51,-45.0,262,6.0,243,-16.0" /></mjloggm>