<mjloggm ver="2.3"><GO type="169" lobby="0"/><UN n0="%E5%91%82%E5%A7%AB" n1="%E3%83%88%E3%83%88%E3%83%AA%E5%85%88%E7%94%9F%31%39%E6%AD%B3" n2="%E3%81%9F%E3%82%93%E3%82%86%E3%81%86" n3="%74%61%74%73%75%37%30%32" dan="16,18,16,16" rate="2159.40,2236.49,2122.42,2156.80" sx="F,F,F,M"/><TAIKYOKU oya="0"/><INIT seed="0,0,0,0,4,11" ten="250,250,250,250" oya="0" hai0="20,94,124,132,127,78,88,99,71,14,62,35,0" hai1="67,6,82,121,120,19,117,3,119,28,32,68,56" hai2="1,36,95,45,30,110,39,49,107,80,77,10,58" hai3="113,85,66,70,18,25,15,59,23,123,79,90,98"/><T105/><D35/><U13/><E68/><V8/><F107/><W133/><G133/><T86/><D0/><U4/><E82/><V38/><F30/><W97/><G113/><T75/><D132/><U44/><E44/><V51/><F110/><W135/><G70/><T125/><D75/><U46/><E46/><V87/><F95/><W101/><G79/><T31/><D31/><U91/><E91/><V54/><REACH who="2" step="1"/><F1/><REACH who="2" ten="250,250,240,250" step="2"/><W92/><G135/><T53/><D105/><U43/><E3/><V93/><F93/><W108/><G108/><T76/><D99/><U12/><E28/><V73/><F73/><W42/><G123/><T122/><D122/><U112/><E120/><V9/><F9/><W134/><G134/><T52/><D71/><U115/><E121/><V16/><F16/><N who="3" m="12519" /><G101/><T84/><D86/><U72/><E72/><V40/><AGARI ba="0,1" hai="8,10,36,38,39,40,45,49,51,54,58,77,80,87" machi="40" ten="30,2000,0" yaku="1,1,0,1,53,0" doraHai="11" doraHaiUra="106" who="2" fromWho="2" sc="250,-10,250,-5,240,30,250,-5" /><INIT seed="1,0,0,3,0,3" ten="240,245,270,245" oya="1" hai0="38,70,121,2,85,111,23,15,84,30,41,104,17" hai1="65,130,128,35,114,49,103,20,32,75,134,9,127" hai2="97,69,25,122,133,37,79,109,54,19,16,118,0" hai3="125,27,120,132,74,106,46,24,7,56,33,131,95"/><U40/><E114/><V64/><F122/><W83/><G106/><T18/><D111/><U67/><E75/><V53/><F118/><W72/><G120/><T76/><D2/><U98/><E134/><V63/><F109/><W26/><G132/><T115/><D70/><U10/><E127/><V101/><F133/><W91/><G125/><T78/><D104/><U28/><E20/><V11/><F37/><W60/><G131/><N who="1" m="50218" /><E49/><V34/><F79/><W99/><G33/><N who="1" m="12874" /><E28/><V71/><F69/><W50/><G83/><T45/><D30/><U43/><E98/><V59/><F34/><W110/><G110/><T22/><D121/><U100/><E10/><V119/><F119/><W52/><REACH who="3" step="1"/><G7/><REACH who="3" ten="240,245,270,235" step="2"/><T55/><D115/><U81/><E81/><V108/><F108/><W6/><G6/><T21/><D18/><U8/><E8/><V112/><F19/><W96/><G96/><T88/><D17/><U102/><E9/><V42/><F0/><W90/><G90/><T86/><D88/><U57/><E57/><V36/><F71/><W13/><G13/><T116/><D15/><U89/><E89/><V68/><F68/><W66/><AGARI ba="0,1" hai="24,26,27,46,50,52,56,60,66,72,74,91,95,99" machi="66" ten="30,4000,0" yaku="1,1,0,1,54,1,53,0" doraHai="3" doraHaiUra="5" who="3" fromWho="3" sc="240,-10,245,-20,270,-10,235,50" /><INIT seed="2,0,0,4,0,18" ten="230,225,260,285" oya="2" hai0="120,106,121,37,50,9,34,74,87,12,65,41,132" hai1="115,14,89,123,78,96,116,30,85,36,55,22,20" hai2="133,112,38,127,62,72,68,84,53,61,1,15,125" hai3="17,103,46,45,131,82,80,21,111,102,27,5,97"/><V64/><F72/><W99/><G131/><T56/><D74/><U32/><E115/><V129/><F1/><W63/><G111/><T134/><D106/><U10/><E116/><V43/><F84/><W6/><G63/><N who="0" m="38119" /><D34/><U58/><E36/><V49/><F112/><W31/><G17/><T128/><D128/><U60/><E123/><V114/><F114/><W70/><G70/><T101/><D101/><U29/><E96/><V122/><F15/><W44/><G6/><T119/><D119/><U2/><E78/><V39/><F129/><W88/><G5/><N who="0" m="3119" /><D37/><U109/><E2/><V54/><F122/><W24/><G27/><T86/><D86/><U35/><E35/><V42/><F64/><W135/><G135/><N who="0" m="51755" /><D87/><U117/><E32/><V40/><F133/><W98/><REACH who="3" step="1"/><G88/><REACH who="3" ten="230,225,260,275" step="2"/><T51/><D51/><U48/><E48/><V124/><F68/><W69/><G69/><T19/><D19/><N who="1" m="8663" /><E109/><V59/><F61/><W26/><G26/><T105/><D50/><U113/><E117/><V4/><F4/><W90/><G90/><T16/><D16/><U77/><E113/><V71/><F71/><W81/><AGARI ba="0,1" hai="21,24,31,44,45,46,80,81,82,97,98,99,102,103" machi="81" ten="40,12000,2" yaku="1,1,0,1,29,2,8,1,52,1,53,0" doraHai="18" doraHaiUra="67" who="3" fromWho="3" sc="230,-30,225,-30,260,-60,275,130" /><INIT seed="3,0,0,5,0,102" ten="200,195,200,405" oya="3" hai0="20,5,36,64,23,130,117,54,40,97,109,126,62" hai1="12,108,42,111,72,100,88,63,41,24,55,34,53" hai2="96,86,95,127,7,81,37,52,6,14,58,43,103" hai3="22,70,118,104,28,73,3,27,44,13,110,74,10"/><W49/><G118/><T48/><D117/><U99/><E72/><V18/><F127/><W8/><G70/><T128/><D109/><N who="1" m="42059" /><E12/><V46/><F18/><W15/><G104/><T98/><D126/><U120/><E120/><V57/><F57/><W4/><G110/><T87/><D5/><U125/><E88/><V45/><F45/><W83/><G83/><T76/><D40/><N who="1" m="15467" /><E63/><V50/><F14/><W112/><G112/><T31/><D36/><U133/><E133/><V122/><F122/><W0/><G74/><T17/><D76/><AGARI ba="0,0" hai="6,7,37,43,46,50,52,58,76,81,86,95,96,103" machi="76" ten="30,2000,0" yaku="7,1,54,1" doraHai="102" who="2" fromWho="0" sc="200,-20,195,0,200,20,405,0" /><INIT seed="4,0,0,3,4,118" ten="180,195,220,405" oya="0" hai0="126,80,20,25,71,116,7,77,106,52,78,135,75" hai1="62,117,120,130,134,131,11,45,30,22,59,88,3" hai2="112,102,49,48,66,8,119,37,55,85,113,87,103" hai3="28,51,70,50,133,96,94,0,17,99,43,68,35"/><T32/><D116/><U27/><E117/><V64/><F37/><W41/><G0/><T5/><D71/><U57/><E134/><V31/><F119/><W54/><G17/><T46/><D32/><U82/><E120/><V16/><F31/><W10/><G28/><T4/><D106/><U21/><E45/><V86/><F8/><W110/><G10/><T128/><D135/><U111/><E111/><V58/><F16/><W83/><G94/><T122/><D126/><U79/><E57/><V74/><F74/><W6/><G54/><T65/><D122/><U67/><E21/><V29/><F29/><W124/><G83/><T76/><D65/><U91/><E11/><V105/><F105/><W114/><G6/><T36/><D128/><N who="1" m="49195" /><E3/><V2/><F2/><W132/><G110/><T56/><D20/><U115/><E115/><N who="2" m="44107" /><F49/><W81/><G81/><T100/><D25/><U93/><E93/><V24/><F24/><W23/><G23/><T33/><D33/><U39/><E39/><V121/><F121/><W14/><G114/><T109/><D109/><U73/><AGARI ba="0,0" hai="22,27,30,59,62,67,73,79,82,88,91" m="49195" machi="73" ten="30,2000,0" yaku="19,1,54,1" doraHai="118" who="1" fromWho="1" sc="180,-10,195,20,220,-5,405,-5" /><INIT seed="5,0,0,4,1,12" ten="170,215,215,400" oya="1" hai0="93,72,94,124,99,13,42,47,10,22,126,128,41" hai1="6,80,84,19,20,57,68,118,100,107,110,8,43" hai2="108,24,97,96,127,131,67,14,106,45,117,9,71" hai3="104,95,49,123,112,85,92,129,35,0,64,86,38"/><U34/><E118/><V23/><F117/><W55/><G0/><T18/><D72/><U61/><E34/><V2/><F2/><W78/><G104/><T70/><D70/><U46/><E110/><V132/><F108/><W69/><G38/><T11/><D128/><U111/><E111/><V60/><F131/><W39/><G39/><T115/><D115/><U17/><E68/><V75/><F75/><W87/><G35/><T30/><D94/><U1/><E20/><V101/><F97/><W63/><G78/><T59/><D59/><U109/><E109/><V76/><F76/><W90/><G123/><T31/><D11/><U4/><E100/><V51/><F127/><N who="0" m="48682" /><D10/><U79/><E107/><V103/><F103/><W54/><G55/><T133/><D133/><U130/><E6/><V37/><F37/><W120/><G112/><T32/><D47/><U65/><REACH who="1" step="1"/><E130/><REACH who="1" ten="170,205,215,400" step="2"/><V105/><F106/><W36/><G69/><T114/><D114/><U116/><E116/><V119/><F119/><W73/><G129/><T27/><D31/><U25/><E25/><V16/><F132/><W58/><G95/><T56/><D32/><U28/><E28/><V5/><F5/><W102/><G92/><T134/><D134/><U29/><E29/><V82/><F82/><W21/><G102/><N who="0" m="60783" /><D30/><U50/><AGARI ba="0,1" hai="1,4,8,17,19,43,46,50,57,61,65,79,80,84" machi="50" ten="20,12000,1" yaku="1,1,0,1,7,1,52,2,53,0" doraHai="12" doraHaiUra="26" who="1" fromWho="1" sc="170,-40,205,130,215,-40,400,-40" /><INIT seed="5,1,0,1,1,73" ten="130,335,175,360" oya="1" hai0="135,13,88,131,50,12,51,25,91,11,132,9,133" hai1="118,6,114,27,98,86,21,115,97,18,72,101,55" hai2="54,43,34,125,127,48,70,106,121,19,32,44,37" hai3="108,66,60,47,36,89,57,20,40,79,14,119,52"/><U99/><E118/><V95/><F106/><W39/><G108/><T74/><D74/><U28/><E72/><V105/><F105/><W62/><G119/><T87/><D131/><U16/><E101/><V56/><F121/><W82/><G89/><N who="0" m="34379" /><D87/><U85/><E6/><V38/><F95/><W67/><G39/><T3/><D25/><U107/><E107/><V41/><F19/><N who="1" m="7209" /><E55/><V45/><REACH who="2" step="1"/><F70/><REACH who="2" ten="130,335,165,360" step="2"/><W22/><G66/><T7/><D3/><U116/><E116/><V113/><F113/><AGARI ba="1,1" hai="21,27,28,85,86,97,98,99,113,114,115" m="7209" machi="113" ten="30,2900,0" yaku="15,1,54,1" doraHai="73" who="1" fromWho="2" sc="130,0,335,42,165,-32,360,0" /><INIT seed="5,2,0,3,2,25" ten="130,377,133,360" oya="1" hai0="5,135,124,21,112,107,65,99,88,36,0,59,97" hai1="110,67,46,133,83,79,11,14,86,78,125,57,94" hai2="74,120,19,93,109,37,43,89,75,72,129,56,16" hai3="34,63,2,53,38,58,102,54,10,40,17,23,35"/><U70/><E70/><V77/><F120/><W128/><G128/><T27/><D36/><U39/><E133/><V45/><F109/><W66/><G102/><T106/><D135/><U52/><E110/><V73/><F129/><W62/><G38/><T29/><D112/><U13/><E125/><V103/><F103/><W100/><G40/><T95/><D124/><U96/><E67/><V80/><REACH who="2" step="1"/><F56/><REACH who="2" ten="130,377,123,360" step="2"/><W104/><G100/><T122/><D122/><U64/><E57/><V1/><F1/><W113/><G2/><T24/><D107/><U132/><E132/><V15/><F15/><W91/><G104/><T85/><D106/><U119/><E13/><V68/><F68/><W55/><G113/><T101/><D101/><U30/><E14/><V84/><AGARI ba="2,1" hai="16,19,37,43,45,72,73,74,75,77,80,84,89,93" machi="84" ten="30,4000,0" yaku="1,1,0,1,54,1,53,0" doraHai="25" doraHaiUra="26" who="2" fromWho="2" sc="130,-12,377,-22,123,56,360,-12" /><INIT seed="6,0,0,3,0,18" ten="118,355,179,348" oya="2" hai0="51,22,58,134,109,5,70,76,105,20,74,125,92" hai1="94,131,36,132,1,99,82,43,121,80,120,60,39" hai2="88,86,112,0,114,126,129,8,119,44,64,45,107" hai3="89,9,12,108,34,28,24,3,68,15,21,10,73"/><V75/><F75/><W71/><G73/><T35/><D109/><U54/><E1/><V87/><F119/><W123/><G108/><T26/><D105/><U4/><E4/><N who="2" m="1031" /><F107/><W55/><G123/><N who="1" m="47178" /><E131/><V135/><F64/><W33/><G89/><T127/><D70/><U111/><E111/><V30/><F129/><W97/><G97/><T63/><D134/><U96/><E96/><V130/><F130/><W29/><G55/><T93/><D5/><U46/><E39/><V37/><F37/><W122/><G71/><T66/><D51/><U116/><E132/><V16/><F87/><W32/><G68/><T31/><D76/><U23/><E116/><V69/><F30/><N who="3" m="17679" /><G3/><T2/><D2/><U98/><E98/><V78/><F78/><W90/><G90/><T133/><D74/><U65/><E54/><V11/><F69/><W47/><G47/><T103/><D133/><U52/><E52/><V50/><F135/><W42/><G42/><T100/><D100/><N who="1" m="60535" /><E65/><V95/><F50/><W91/><G91/><T7/><D103/><U79/><E60/><V115/><F126/><N who="0" m="48138" /><D7/><U6/><E6/><V81/><F95/><AGARI ba="0,0" hai="20,22,26,31,35,58,63,66,92,93,95" m="48138" machi="95" ten="30,3900,0" yaku="18,1,52,2" doraHai="18" who="0" fromWho="2" sc="118,39,355,0,179,-39,348,0" /><INIT seed="7,0,0,3,5,4" ten="157,355,140,348" oya="3" hai0="114,118,14,124,26,67,7,47,131,44,38,31,75" hai1="2,76,87,97,46,60,33,20,15,125,105,95,107" hai2="98,134,70,9,36,1,23,59,65,24,101,25,91" hai3="116,64,62,83,130,85,81,35,12,5,80,8,22"/><W40/><G116/><T6/><D118/><U56/><E33/><V127/><F36/><W77/><G35/><T19/><D75/><U50/><E2/><V94/><F70/><W3/><G130/><T54/><D131/><U18/><E125/><V29/><F127/><W66/><G40/><T88/><D124/><U122/><E122/><V135/><F25/><W34/><G34/><T90/><D114/><U79/><E87/><V42/><F42/><W68/><REACH who="3" step="1"/><G66/><REACH who="3" ten="157,355,140,338" step="2"/><T57/><D67/><N who="1" m="39303" /><E107/><V51/><F91/><W110/><G110/><T82/><D88/><N who="1" m="55527" /><E105/><V133/><F65/><W89/><G89/><T13/><D90/><U86/><E86/><V0/><F9/><W99/><G99/><T43/><D43/><AGARI ba="0,1" hai="15,18,20,43,46,50,76,79" m="55527,39303" machi="43" ten="30,2000,0" yaku="8,1,54,1" doraHai="4" who="1" fromWho="0" sc="157,-20,355,30,140,0,338,0" owari="137,-36.0,385,48.0,140,-26.0,338,14.0" /></mjloggm>