<mjloggm ver="2.3"><GO type="225" lobby="0"/><UN n0="%72%69%6F%75%63%68%61%6E" n1="%E3%83%88%E3%83%88%E3%83%AA%E5%85%88%E7%94%9F%31%39%E6%AD%B3" n2="%4D%4F%44" n3="%53%65%6E%61%72" dan="16,17,16,16" rate="2065.65,2171.80,2097.24,2148.75" sx="M,F,F,M"/><TAIKYOKU oya="0"/><INIT seed="0,0,0,4,4,65" ten="250,250,250,250" oya="0" hai0="35,125,12,16,22,134,48,7,63,83,110,54,70" hai1="23,67,66,117,21,111,4,37,73,69,93,1,47" hai2="116,108,3,106,61,9,24,123,86,81,95,19,77" hai3="85,130,50,94,114,91,34,87,10,55,8,45,33"/><T43/><D35/><U97/><E117/><V42/><F106/><W53/><G114/><T26/><D43/><U18/><E73/><V17/><F123/><W89/><G130/><T38/><D38/><U32/><E32/><V14/><F108/><W102/><G102/><T56/><D110/><U127/><E111/><V31/><F116/><W88/><G34/><T135/><D125/><U80/><E127/><V60/><F3/><W132/><G132/><N who="0" m="50731" /><D83/><U5/><E80/><V41/><F95/><N who="3" m="54671" /><G33/><T6/><D12/><U121/><E121/><V99/><F99/><N who="3" m="57807" /><G55/><N who="0" m="34207" /><D70/><U76/><E1/><V13/><F42/><W62/><G62/><T98/><D98/><U92/><E97/><V112/><F41/><W100/><G100/><T51/><D51/><U20/><E37/><V64/><F112/><W84/><G84/><T71/><D71/><U52/><E69/><V59/><F61/><W105/><G105/><T124/><D124/><U104/><E104/><V0/><F0/><W74/><G74/><T90/><D90/><U107/><E107/><V30/><REACH who="2" step="1"/><F24/><REACH who="2" ten="250,250,240,250" step="2"/><W36/><G36/><T113/><D113/><U119/><E119/><V131/><F131/><W78/><G78/><T96/><D96/><U133/><E76/><V118/><F118/><W25/><G25/><T57/><AGARI ba="0,1" hai="6,7,16,22,26,48,54,57" m="34207,50731" machi="57" ten="30,3000,0" yaku="20,1,54,1" doraHai="65" who="0" fromWho="0" sc="250,40,250,-10,240,-10,250,-10" /><INIT seed="0,1,0,5,0,109" ten="290,240,230,240" oya="0" hai0="89,86,110,73,37,9,11,88,6,69,14,101,132" hai1="95,91,46,35,108,131,79,129,34,114,17,90,41" hai2="87,118,16,33,12,53,105,117,55,30,54,123,60" hai3="80,18,8,64,26,15,119,48,32,84,3,93,78"/><T130/><D69/><U66/><E108/><V67/><F123/><W59/><G119/><N who="2" m="45577" /><F105/><W20/><G3/><T21/><D110/><U31/><E66/><V36/><F36/><W40/><G32/><T83/><D37/><N who="1" m="21807" /><E79/><V56/><F87/><W128/><G128/><N who="1" m="49226" /><E31/><V58/><F30/><W98/><G40/><T51/><D132/><U135/><E135/><V5/><F33/><W70/><G70/><T97/><D130/><U85/><E114/><V44/><F44/><W121/><G121/><T115/><D115/><U74/><E74/><V71/><F5/><W38/><G38/><T19/><D73/><U61/><E61/><V122/><F122/><W133/><G133/><T81/><D51/><U47/><E47/><V124/><F124/><W27/><G48/><T94/><D6/><U42/><E42/><V29/><F29/><W24/><G64/><T10/><REACH who="0" step="1"/><D81/><REACH who="0" ten="280,240,230,240" step="2"/><N who="1" m="49455" /><E17/><V1/><F1/><W63/><G63/><T57/><D57/><U77/><E77/><AGARI ba="1,1" hai="9,10,11,14,19,21,77,83,86,88,89,94,97,101" machi="77" ten="40,7700,0" yaku="1,1,8,1,54,1,53,0" doraHai="109" doraHaiUra="0" who="0" fromWho="1" sc="280,90,240,-80,230,0,240,0" /><INIT seed="0,2,0,1,3,69" ten="370,160,230,240" oya="0" hai0="25,58,124,27,102,42,11,71,15,112,19,3,35" hai1="95,4,9,67,61,31,128,105,82,52,104,33,93" hai2="96,48,20,109,36,76,47,74,44,79,22,0,41" hai3="127,99,64,100,85,38,110,88,39,59,34,66,16"/><T103/><D112/><U121/><E121/><V125/><F109/><W91/><G34/><T131/><D71/><U80/><E128/><V28/><F125/><W78/><G110/><T117/><D117/><U55/><E33/><V120/><F120/><W12/><G127/><T24/><D124/><U26/><E26/><V114/><F0/><W97/><G78/><T57/><D35/><U98/><E31/><V5/><F5/><W122/><G122/><T70/><D70/><U107/><E67/><V90/><F114/><W56/><G85/><T18/><D131/><U119/><E119/><V49/><F74/><W68/><G68/><T94/><D3/><U8/><E61/><V135/><F135/><W73/><G12/><N who="0" m="7455" /><D42/><U101/><E93/><V92/><F36/><W81/><G81/><T84/><D84/><U115/><E115/><V86/><F86/><W83/><G83/><T75/><D75/><U89/><E80/><V106/><F106/><W60/><G73/><T130/><D130/><U50/><E55/><N who="2" m="30087" /><F28/><W37/><G37/><T45/><D45/><U21/><E21/><AGARI ba="2,0" hai="20,21,22,41,47,49,76,79,90,92,96" m="30087" machi="21" ten="30,1000,0" yaku="8,1" doraHai="69" who="2" fromWho="1" sc="370,0,160,-16,230,16,240,0" /><INIT seed="1,0,0,4,2,1" ten="370,144,246,240" oya="1" hai0="72,18,114,74,51,54,43,24,71,105,17,101,16" hai1="55,9,30,80,133,12,109,116,91,41,32,89,13" hai2="0,98,95,73,82,78,123,10,50,40,84,88,31" hai3="35,127,130,126,60,94,34,132,96,97,113,39,27"/><U135/><E116/><V56/><F123/><W26/><G113/><T115/><D71/><U53/><E109/><V106/><F31/><W28/><G39/><T63/><D43/><U112/><E112/><V29/><F29/><N who="3" m="19767" /><G60/><T77/><D63/><U2/><E41/><V87/><F56/><W11/><G132/><N who="1" m="50762" /><E2/><V70/><F70/><W111/><G111/><T110/><D110/><U7/><E13/><V103/><F87/><W44/><G44/><T85/><D24/><N who="1" m="18503" /><E80/><V68/><F68/><W90/><G11/><T45/><D115/><U4/><E4/><N who="2" m="1287" /><F40/><W58/><G58/><T93/><D114/><U49/><E53/><V36/><F36/><W22/><G35/><T19/><D19/><U81/><E81/><V129/><F50/><W62/><G62/><T108/><D108/><U6/><E6/><V131/><AGARI ba="0,0" hai="73,78,82,84,88,95,98,103,106,129,131" m="1287" machi="131" ten="30,4000,0" yaku="24,1,52,1,54,1" doraHai="1" who="2" fromWho="2" sc="370,-10,144,-20,246,40,240,-10" /><INIT seed="2,0,0,4,0,114" ten="360,124,286,230" oya="2" hai0="19,112,29,99,130,35,46,54,55,88,41,39,61" hai1="133,2,20,12,57,6,97,45,102,121,126,56,94" hai2="101,113,42,128,124,34,9,52,93,27,134,123,84" hai3="67,107,31,111,82,73,69,13,3,72,106,85,44"/><V24/><F113/><W120/><G3/><T115/><D130/><U25/><E121/><V1/><F123/><W117/><G120/><T47/><D19/><U30/><E133/><V60/><F128/><W127/><G31/><T131/><D131/><U75/><E75/><V98/><F124/><W36/><G13/><T109/><D35/><U89/><E126/><V92/><F42/><W53/><G53/><N who="0" m="19979" /><D29/><U26/><E2/><V78/><F34/><W5/><G85/><T50/><D88/><U7/><E45/><V22/><F134/><W81/><G44/><T16/><D16/><U10/><E7/><V77/><F1/><W49/><G49/><T104/><D99/><U58/><REACH who="1" step="1"/><E25/><REACH who="1" ten="360,114,286,230" step="2"/><V48/><F27/><W129/><G5/><T21/><D46/><U132/><E132/><V91/><F24/><W38/><G73/><T68/><D47/><U51/><E51/><V17/><F48/><W28/><G72/><T83/><D50/><U71/><E71/><V118/><F60/><W80/><G69/><T18/><D68/><U0/><E0/><V119/><F119/><W33/><G117/><T59/><D61/><U37/><E37/><V86/><F118/><W90/><G38/><T62/><D39/><U108/><E108/><V70/><F70/><W116/><G36/><T64/><D109/><U40/><E40/><V11/><F11/><W14/><G111/><T125/><D41/><U103/><AGARI ba="0,1" hai="6,10,12,20,26,30,56,57,58,89,94,97,102,103" machi="103" ten="30,4000,0" yaku="1,1,0,1,8,1,53,0" doraHai="114" doraHaiUra="100" who="1" fromWho="1" sc="360,-10,114,50,286,-20,230,-10" /><INIT seed="3,0,0,4,5,49" ten="350,164,266,220" oya="3" hai0="84,65,106,99,76,13,112,37,20,28,120,104,48" hai1="79,61,111,25,96,127,22,50,38,30,125,94,54" hai2="32,83,3,75,1,86,109,110,52,132,102,78,10" hai3="17,97,95,59,41,71,53,51,29,36,105,92,42"/><W62/><G29/><T12/><D120/><U19/><E38/><V44/><F32/><W67/><G42/><T72/><D37/><U123/><E123/><V100/><F132/><W113/><G113/><T119/><D119/><U39/><E39/><V58/><F75/><W128/><G128/><T40/><D72/><U70/><E111/><V56/><F44/><N who="3" m="23591" /><G17/><T4/><D106/><U5/><E79/><V101/><F10/><W9/><G9/><N who="0" m="4135" /><D104/><U63/><E5/><V107/><F107/><W68/><G68/><T134/><D134/><U45/><E70/><V126/><F126/><W18/><G18/><N who="0" m="10319" /><D112/><U114/><E114/><V91/><F78/><W133/><G133/><T43/><D65/><U46/><E46/><V55/><F58/><W118/><G118/><T82/><D28/><U8/><E8/><V7/><F7/><W77/><G77/><T26/><D26/><U6/><E6/><V115/><F115/><W135/><G135/><T103/><D48/><U0/><E0/><N who="2" m="75" /><F56/><W81/><G81/><T69/><D69/><U121/><E121/><V57/><F57/><W74/><G74/><T131/><D131/><U31/><E31/><V93/><F83/><W21/><G21/><T88/><D103/><AGARI ba="0,0" hai="51,53,59,62,67,71,92,95,97,103,105" m="23591" machi="103" ten="30,2900,0" yaku="24,1,52,1" doraHai="49" who="3" fromWho="0" sc="350,-29,164,0,266,0,220,29" /><INIT seed="3,1,0,2,1,115" ten="321,164,266,249" oya="3" hai0="57,103,60,77,121,125,69,43,10,97,93,130,45" hai1="9,5,50,48,24,68,3,124,81,14,23,44,123" hai2="12,21,53,116,52,109,67,87,105,46,42,90,135" hai3="28,65,111,106,25,16,26,102,74,76,1,49,34"/><W71/><G1/><T82/><D121/><U112/><E123/><V32/><F32/><W13/><G26/><T8/><D69/><U129/><E112/><V56/><F105/><W0/><G0/><T119/><D119/><U85/><E68/><V30/><F116/><W128/><G128/><T75/><D130/><U37/><E129/><V7/><F109/><W63/><G111/><T22/><D22/><U72/><E124/><V89/><F135/><W131/><G131/><T47/><D125/><U35/><E72/><V36/><F30/><W108/><G108/><T62/><D62/><U15/><E37/><V100/><F100/><W64/><G64/><T126/><D126/><U91/><E14/><V70/><F70/><W99/><G49/><T38/><D45/><U4/><E4/><V132/><F132/><W41/><G41/><T55/><AGARI ba="1,0" hai="8,10,38,43,47,55,57,60,75,77,82,93,97,103" machi="55" ten="20,1500,0" yaku="0,1,7,1" doraHai="115" who="0" fromWho="0" sc="321,18,164,-5,266,-5,249,-8" owari="339,44.0,159,-34.0,261,6.0,241,-16.0" /></mjloggm>