<mjloggm ver="2.3"><GO type="169" lobby="0"/><UN n0="%6A%75%6D%70%2D%75%70" n1="%E3%82%A6%E3%83%AB%E3%83%88%E3%83%A9%E7%AB%8B%E7%9B%B4" n2="%E9%9D%92%E3%81%84%E7%8D%85%E5%AD%90" n3="%E3%83%A9%E3%83%A0%E3%83%80%E3%81%95%E3%82%93" dan="16,18,16,17" rate="2086.86,2190.37,2070.68,2181.92" sx="M,M,M,M"/><TAIKYOKU oya="0"/><INIT seed="0,0,0,1,2,79" ten="250,250,250,250" oya="0" hai0="71,81,19,78,133,134,104,89,72,2,44,120,15" hai1="14,63,23,11,121,86,132,20,112,61,114,90,56" hai2="67,27,8,36,69,84,16,21,40,98,4,32,83" hai3="45,127,66,0,39,54,3,55,131,51,60,25,125"/><T130/><D120/><U43/><E121/><V80/><F69/><W116/><G116/><T38/><D71/><U17/><E132/><V5/><F67/><W70/><G25/><T99/><D130/><U50/><E61/><V129/><F129/><W22/><G22/><T91/><D2/><U100/><E100/><V113/><F113/><N who="1" m="43625" /><E50/><V59/><F59/><W49/><G131/><T47/><D104/><U106/><E43/><V93/><F84/><W6/><G6/><T97/><D97/><U52/><E106/><V126/><F4/><W68/><G0/><T12/><D12/><U9/><E23/><V111/><F126/><W76/><G3/><T10/><D99/><U48/><E63/><V28/><F40/><W74/><G70/><T62/><D62/><U7/><E7/><V117/><F36/><W96/><G96/><T105/><D105/><U87/><E87/><V119/><F117/><W107/><G107/><T124/><D124/><U65/><E65/><V122/><F119/><W102/><G102/><T58/><D58/><U41/><E41/><V123/><F122/><W26/><G26/><T30/><D30/><U42/><E42/><V18/><F123/><W64/><G64/><T109/><D109/><U29/><E29/><V31/><F111/><W33/><G39/><T108/><D108/><U24/><E24/><N who="2" m="14375" /><F28/><W37/><G37/><T85/><D72/><U128/><E128/><V57/><F18/><W95/><G127/><T53/><D38/><U94/><AGARI ba="0,0" hai="9,11,14,17,20,48,52,56,86,90,94" m="43625" machi="94" ten="30,4000,0" yaku="25,1,11,1,54,1" doraHai="79" who="1" fromWho="1" sc="250,-20,250,40,250,-10,250,-10" /><INIT seed="1,0,0,0,1,108" ten="230,290,240,240" oya="1" hai0="83,65,0,70,55,40,24,15,105,90,4,93,17" hai1="30,113,3,49,37,26,42,101,73,11,46,71,127" hai2="116,23,34,124,77,9,22,57,109,128,86,33,115" hai3="97,72,16,21,59,104,10,106,60,91,1,130,125"/><U19/><E71/><V75/><F57/><W111/><G72/><T84/><D105/><U107/><E127/><V14/><F86/><W52/><G111/><T27/><D40/><U13/><E73/><V132/><F77/><W66/><G125/><T32/><D32/><N who="2" m="12394" /><F75/><W133/><G130/><T48/><D4/><U8/><E107/><V45/><F45/><W129/><G129/><T61/><D0/><U103/><E37/><V43/><F43/><W135/><G66/><T18/><D18/><U82/><E82/><V80/><F80/><W5/><G106/><T118/><D93/><U85/><E85/><V95/><F95/><N who="3" m="56575" /><G104/><T99/><D99/><U87/><E87/><V53/><F128/><W29/><G29/><T102/><D118/><U122/><E122/><V58/><F124/><W39/><G39/><T88/><D90/><U44/><E44/><V120/><F120/><W62/><G62/><T131/><D131/><U38/><E38/><V41/><F41/><W64/><G64/><T89/><D89/><U114/><E101/><V110/><F116/><W119/><G119/><T74/><D102/><U81/><E103/><V28/><F28/><W51/><G51/><T7/><D7/><N who="1" m="1151" /><E81/><V56/><F56/><W6/><G6/><T36/><D36/><U69/><E69/><V121/><F121/><W117/><G117/><T2/><D2/><U31/><E31/><V25/><F110/><W63/><G63/><T94/><D94/><U20/><E30/><V12/><F109/><W78/><G78/><T35/><D74/><U67/><E67/><V98/><F98/><RYUUKYOKU ba="0,0" sc="230,-15,290,15,240,-15,240,15" hai1="11,13,19,20,26,42,46,49,113,114" hai3="1,5,10,16,21,52,59,60,133,135" /><INIT seed="1,1,0,1,4,124" ten="215,305,225,255" oya="1" hai0="119,6,20,82,23,59,77,47,51,38,130,68,91" hai1="111,21,84,100,87,101,13,2,102,104,83,70,31" hai2="133,94,7,8,22,117,16,76,30,25,19,33,118" hai3="129,128,80,9,52,28,109,113,54,43,74,48,35"/><U135/><E2/><N who="2" m="119" /><F94/><W103/><G113/><T57/><D68/><U125/><E70/><V131/><F76/><W85/><G74/><T123/><D119/><N who="2" m="45578" /><F19/><W11/><G109/><T106/><D123/><U15/><E104/><V81/><F81/><W120/><G120/><T89/><D38/><U5/><E111/><V73/><F73/><W58/><G103/><T49/><D106/><U107/><E107/><V98/><F98/><W108/><G108/><T40/><D6/><U46/><E135/><V66/><F66/><W61/><G43/><T3/><D3/><U4/><E125/><V17/><F17/><W26/><G11/><T14/><D14/><U97/><E101/><V78/><F78/><W115/><G9/><T122/><D77/><U116/><E97/><V45/><F45/><W105/><G105/><T64/><D122/><U126/><E116/><V110/><F110/><W37/><G37/><T99/><D99/><U0/><E46/><V36/><F36/><W24/><G24/><T92/><D92/><U53/><E83/><V90/><F90/><W72/><G72/><T55/><D82/><U34/><E0/><V42/><F42/><W62/><G115/><T67/><D47/><U41/><E41/><V27/><F131/><N who="3" m="50251" /><G54/><T32/><D40/><U112/><E53/><V121/><F121/><W134/><G134/><AGARI ba="1,0" hai="16,22,25,27,30,33,133,134" m="45578,119" machi="134" ten="30,3900,0" yaku="34,2,54,1" doraHai="124" who="2" fromWho="3" sc="215,0,305,0,225,42,255,-42" /><INIT seed="2,0,0,1,2,2" ten="215,305,267,213" oya="2" hai0="9,47,38,65,119,93,126,95,56,3,36,88,101" hai1="102,133,90,33,11,12,30,27,110,82,54,69,109" hai2="39,96,117,17,120,51,22,89,118,34,91,84,24" hai3="74,70,75,15,81,111,53,131,40,42,13,116,85"/><V0/><F39/><W32/><G116/><T52/><D119/><U49/><E69/><V10/><F120/><W79/><G70/><T87/><D126/><U1/><E102/><V132/><F132/><W46/><G32/><T21/><D21/><U64/><E64/><V104/><F89/><W5/><G111/><T123/><D123/><U78/><E1/><V72/><F72/><W44/><G131/><T57/><D65/><U86/><E78/><V29/><F51/><W62/><G62/><T8/><D38/><U43/><E43/><V55/><F55/><W94/><G53/><T60/><D56/><U50/><E133/><V37/><F37/><W77/><G94/><T135/><D135/><U125/><E125/><V112/><F112/><W4/><REACH who="3" step="1"/><G85/><REACH who="3" ten="215,305,267,203" step="2"/><T113/><D113/><U16/><REACH who="1" step="1"/><E49/><REACH who="1" ten="215,295,267,203" step="2"/><V128/><F117/><W105/><G105/><T59/><D36/><U134/><E134/><V68/><F68/><W45/><G45/><AGARI ba="0,2" hai="11,12,16,27,30,33,45,50,54,82,86,90,109,110" machi="45" ten="40,8000,1" yaku="1,1,25,2,54,1,53,1" doraHai="2" doraHaiUra="41" who="1" fromWho="3" sc="215,0,295,100,267,0,203,-80" /><INIT seed="3,0,0,2,2,54" ten="215,395,267,123" oya="3" hai0="98,25,74,121,7,50,113,36,40,22,21,95,88" hai1="84,118,100,109,4,56,101,32,39,87,119,132,26" hai2="10,34,65,52,3,5,44,62,92,96,117,77,41" hai3="12,43,126,16,85,68,63,15,76,90,131,58,49"/><W73/><G131/><T99/><D36/><U17/><E39/><V18/><F34/><W59/><G126/><T8/><D74/><U23/><E109/><V82/><F117/><N who="1" m="44553" /><E132/><V55/><F18/><W120/><G120/><T14/><D121/><U89/><E4/><V9/><F9/><W6/><G73/><T125/><D125/><U112/><E112/><V27/><F27/><W64/><G76/><T110/><D110/><U46/><E46/><V91/><F65/><W79/><G79/><T97/><D113/><U51/><E32/><V106/><F106/><W33/><G33/><T129/><D129/><U0/><E87/><V75/><F62/><W35/><G35/><T29/><D22/><U45/><E56/><V57/><F57/><N who="3" m="36975" /><G6/><T114/><D114/><U116/><E0/><V11/><F11/><N who="3" m="6175" /><G68/><T111/><D111/><U42/><E116/><V134/><F134/><W81/><G15/><T28/><D28/><U48/><E48/><AGARI ba="0,0" hai="3,5,10,41,44,48,52,55,75,77,82,91,92,96" machi="48" ten="30,2000,0" yaku="7,1,54,1" doraHai="54" who="2" fromWho="1" sc="215,0,395,-20,267,20,123,0" /><INIT seed="4,0,0,1,0,19" ten="215,375,287,123" oya="0" hai0="72,76,130,114,29,35,4,90,119,50,33,45,115" hai1="11,106,91,8,7,70,71,18,55,98,103,28,20" hai2="69,116,102,85,88,131,86,120,94,79,56,108,49" hai3="125,66,47,84,129,135,65,128,63,2,124,123,0"/><T118/><D90/><U134/><E134/><V37/><F37/><W5/><G84/><T112/><D130/><N who="3" m="50281" /><G5/><T54/><D4/><U46/><E28/><V21/><F131/><W117/><G2/><T80/><REACH who="0" step="1"/><D29/><REACH who="0" ten="205,375,287,123" step="2"/><U61/><E7/><V107/><F88/><W53/><G0/><T109/><D109/><U41/><E91/><V60/><F108/><W15/><G117/><AGARI ba="0,1" hai="33,35,45,50,54,72,76,80,112,114,115,117,118,119" machi="117" ten="50,12000,1" yaku="1,1,15,1,53,2" doraHai="19" doraHaiUra="31" who="0" fromWho="3" sc="205,130,375,0,287,0,123,-120" /><INIT seed="4,1,0,0,4,99" ten="335,375,287,3" oya="0" hai0="131,106,110,134,39,89,101,81,125,7,57,100,108" hai1="11,122,66,94,79,40,46,70,80,31,62,9,71" hai2="27,64,87,124,63,18,118,20,127,121,97,30,21" hai3="93,56,117,68,51,45,37,2,4,35,90,17,104"/><T123/><D123/><U55/><E122/><V111/><F111/><N who="0" m="42538" /><D106/><U78/><E71/><N who="2" m="42399" /><F87/><W48/><G117/><T115/><D115/><U54/><E31/><V65/><F121/><W88/><G68/><T86/><D39/><U116/><E94/><V128/><F118/><W28/><G104/><T5/><D125/><N who="2" m="48202" /><F97/><W47/><G37/><T135/><D57/><U105/><E79/><V12/><F65/><W44/><G56/><T15/><D15/><U126/><E116/><V77/><F77/><W61/><G61/><T60/><D60/><U95/><E78/><V36/><F36/><W112/><G112/><T72/><D131/><AGARI ba="1,0" hai="12,18,20,21,27,30,128,131" m="48202,42399" machi="131" ten="30,1000,0" yaku="18,1" doraHai="99" who="2" fromWho="0" sc="335,-13,375,0,287,13,3,0" /><INIT seed="5,0,0,2,3,99" ten="322,375,300,3" oya="1" hai0="43,56,39,0,12,122,84,134,10,52,20,71,88" hai1="48,4,105,81,89,113,108,51,36,103,25,118,68" hai2="116,42,30,125,112,78,64,120,123,129,16,80,91" hai3="133,8,59,32,76,124,26,115,70,19,93,94,135"/><U3/><E68/><V17/><F42/><W102/><G70/><T45/><D71/><U82/><E36/><V114/><F64/><W104/><G115/><N who="2" m="44073" /><F116/><W55/><G124/><T101/><D134/><N who="3" m="51209" /><G76/><T131/><D131/><U60/><E4/><V7/><F7/><W33/><G8/><T66/><D122/><U127/><E3/><V23/><F125/><W100/><G104/><T132/><D132/><U65/><E65/><V40/><F40/><W46/><G46/><T5/><D101/><N who="3" m="39017" /><G19/><N who="2" m="7241" /><F91/><W62/><G26/><T35/><D66/><U37/><E105/><V2/><F129/><W28/><G28/><T50/><D35/><AGARI ba="0,0" hai="32,33,35,55,59,62,93,94" m="39017,51209" machi="35" ten="30,7700,0" yaku="20,1,52,3" doraHai="99" who="3" fromWho="0" sc="322,-77,375,0,300,0,3,77" /><INIT seed="6,0,0,0,1,91" ten="245,375,300,80" oya="2" hai0="105,32,42,131,10,108,68,5,0,76,27,57,4" hai1="74,44,73,130,49,52,75,3,43,134,85,48,59" hai2="21,123,24,36,66,89,129,118,62,14,8,58,51" hai3="96,19,25,90,31,11,101,65,50,6,88,16,70"/><V77/><F36/><W64/><G50/><T127/><D68/><U56/><E3/><V23/><F118/><W86/><G70/><T54/><D105/><U15/><E130/><V124/><F123/><W119/><G119/><T71/><D71/><U2/><E2/><V133/><F129/><W132/><G132/><T111/><D127/><U109/><E109/><V81/><F124/><W110/><G110/><T41/><D5/><U99/><E134/><V125/><F133/><W135/><G135/><T112/><D112/><U116/><E116/><V13/><F125/><W95/><G65/><T104/><D104/><U45/><E99/><V46/><F89/><W61/><G61/><T78/><D131/><U72/><E72/><V94/><F94/><W126/><G64/><T98/><D98/><U84/><E15/><V60/><F60/><W69/><G69/><T97/><D97/><U115/><E115/><V67/><F67/><W122/><G122/><T38/><D111/><U7/><E7/><N who="2" m="3231" /><F14/><N who="3" m="5495" /><G126/><T102/><D102/><U47/><REACH who="1" step="1"/><E47/><REACH who="1" ten="245,365,300,80" step="2"/><V53/><F24/><W37/><G101/><T117/><D108/><U39/><E39/><V107/><F107/><W26/><G37/><T121/><D117/><U18/><E18/><N who="3" m="6698" /><G31/><N who="0" m="19583" /><D38/><U9/><E9/><V80/><F77/><N who="0" m="29802" /><D121/><U87/><AGARI ba="0,1" hai="43,44,45,48,49,52,56,59,73,74,75,84,85,87" machi="87" ten="40,5200,0" yaku="1,1,0,1,54,1,53,0" doraHai="91" doraHaiUra="113" who="1" fromWho="1" sc="245,-13,365,62,300,-26,80,-13" /><INIT seed="7,0,0,3,2,51" ten="232,427,274,67" oya="3" hai0="114,70,90,47,19,121,94,61,31,25,84,95,44" hai1="134,96,79,7,86,14,37,104,124,125,42,27,29" hai2="26,48,80,102,132,67,34,131,21,58,57,40,12" hai3="16,81,112,91,83,50,15,73,13,17,9,71,130"/><W117/><G117/><T69/><D121/><U109/><E109/><V56/><F132/><W123/><G123/><T116/><D70/><U30/><E42/><V98/><F34/><W78/><G71/><T100/><D19/><U6/><E37/><V110/><F110/><W122/><G122/><T8/><D8/><U72/><E72/><V2/><F2/><W32/><G32/><T88/><D100/><U35/><E30/><N who="2" m="17743" /><F12/><W93/><G112/><T28/><D28/><U5/><E14/><V105/><F80/><W115/><G115/><T82/><D82/><N who="1" m="47455" /><E96/><V120/><F105/><W1/><G1/><T119/><D114/><U22/><E104/><V103/><F131/><W39/><G39/><T49/><D49/><U118/><E134/><V20/><F120/><W10/><G130/><T59/><D69/><U92/><E92/><N who="2" m="58695" /><F20/><W33/><G33/><T3/><D3/><U111/><E111/><V135/><F103/><W60/><G83/><T108/><D108/><U38/><E38/><V133/><F135/><W101/><G101/><T65/><D116/><U41/><E35/><V107/><F107/><W4/><G50/><T87/><D119/><U54/><E118/><V66/><F133/><W52/><G4/><T129/><D129/><U18/><E5/><V62/><F62/><W77/><G77/><T85/><D85/><U126/><E6/><V46/><AGARI ba="0,0" hai="40,46,48,56,57,58,66,67" m="58695,17743" machi="46" ten="30,1100,0" yaku="8,1" doraHai="51" who="2" fromWho="2" sc="232,-3,427,-3,274,11,67,-5" owari="229,-17.0,424,52.0,285,9.0,62,-44.0" /></mjloggm>