<mjloggm ver="2.3"><GO type="169" lobby="0"/><UN n0="%E3%81%97%E3%82%85%E3%81%86%E3%83%BC%E3%80%82" n1="%E5%B0%B1%E6%B4%BB%E7%94%9F%40%E5%B7%9D%E6%9D%91%E8%BB%8D%E5%9B%A3" n2="%E3%83%9B%E3%83%BB%E3%82%B8%E3%83%A5%E3%83%B3" n3="%E6%99%AE%E8%B3%A2" dan="18,16,17,16" rate="2301.88,2167.39,2225.98,2187.31" sx="M,M,M,F"/><TAIKYOKU oya="0"/><INIT seed="0,0,0,2,0,2" ten="250,250,250,250" oya="0" hai0="37,131,12,20,53,96,109,88,41,85,33,94,106" hai1="14,76,16,87,59,25,104,124,54,111,4,112,58" hai2="34,84,32,128,21,86,65,36,5,135,95,107,122" hai3="89,77,18,45,127,23,6,49,28,35,8,115,90"/><T40/><D33/><U129/><E104/><V31/><F107/><W17/><G127/><T50/><D37/><U24/><E124/><V46/><F122/><W22/><G115/><T1/><D1/><U101/><E111/><V7/><F65/><W134/><G134/><T9/><D131/><U121/><E129/><V55/><F128/><W97/><G77/><T117/><D117/><U52/><E112/><V72/><F72/><W44/><G35/><T91/><D109/><U75/><E75/><V3/><F3/><W42/><G45/><N who="0" m="27855" /><D20/><N who="1" m="11287" /><E101/><V123/><F123/><W108/><G108/><T0/><D0/><U69/><E69/><V99/><F34/><W120/><G120/><T48/><D48/><N who="1" m="30983" /><E4/><N who="2" m="1611" /><F32/><W67/><G67/><T80/><D106/><U73/><E73/><V13/><F36/><W116/><G116/><T47/><D47/><U51/><E121/><V29/><F135/><W63/><G63/><T71/><D71/><U82/><AGARI ba="0,0" hai="24,25,51,54,59,76,82,87" m="30983,11287" machi="82" ten="30,4000,0" yaku="8,1,54,2" doraHai="2" who="1" fromWho="1" sc="250,-20,250,40,250,-10,250,-10" /><INIT seed="1,0,0,1,0,51" ten="230,290,240,240" oya="1" hai0="21,42,43,113,116,59,48,2,97,61,8,119,17" hai1="7,14,110,71,52,41,64,106,10,20,76,108,79" hai2="75,124,28,78,46,73,122,95,98,115,57,85,109" hai3="135,114,23,29,101,24,26,49,11,31,69,128,58"/><U130/><E106/><V87/><F28/><W44/><G114/><T121/><D113/><U6/><E41/><V55/><F115/><W107/><G69/><T112/><D112/><U123/><E123/><V92/><F122/><W19/><G128/><T3/><D121/><U84/><E130/><V99/><F109/><N who="1" m="42089" /><E7/><V68/><F68/><W30/><G135/><T47/><D119/><U134/><E134/><V9/><F46/><W4/><G58/><T74/><D74/><U13/><E84/><V40/><F40/><W70/><G70/><T35/><D35/><U91/><E91/><V118/><F118/><W88/><G88/><T83/><D116/><U33/><E33/><V96/><F124/><W82/><G82/><T117/><D117/><U27/><E64/><V90/><F9/><W15/><G101/><T56/><D43/><U37/><E37/><V129/><F129/><W126/><G107/><T93/><D83/><U102/><E102/><V63/><F78/><N who="1" m="29737" /><E71/><V132/><F132/><W86/><G86/><T125/><D125/><U39/><E39/><V36/><F36/><W18/><G126/><T111/><D111/><U22/><E14/><V62/><F85/><W104/><G104/><T12/><D2/><U53/><E22/><V5/><F5/><W60/><G60/><N who="2" m="23081" /><F95/><W50/><G44/><T81/><D81/><U103/><E103/><V72/><F75/><W65/><G65/><T0/><D61/><U131/><E131/><V100/><F100/><W45/><G45/><T127/><D127/><U25/><E20/><AGARI ba="0,0" hai="4,11,15,18,19,20,23,24,26,29,30,31,49,50" machi="20" ten="40,2600,0" yaku="9,1,8,1" doraHai="51" who="3" fromWho="1" sc="230,0,290,-26,240,0,240,26" /><INIT seed="2,0,0,2,0,12" ten="230,264,240,266" oya="2" hai0="108,123,21,81,92,69,17,50,79,129,66,22,64" hai1="18,35,52,25,68,28,29,10,51,43,74,30,46" hai2="130,126,132,55,13,115,77,7,71,87,110,44,72" hai3="104,14,91,99,86,127,80,76,107,89,121,88,83"/><V114/><F72/><N who="3" m="43015" /><G14/><N who="0" m="9399" /><D69/><U23/><E68/><V20/><F71/><W32/><G32/><T19/><D123/><U119/><E74/><V94/><F44/><W122/><G127/><T98/><D108/><U67/><E67/><V62/><F126/><W0/><G0/><T118/><D129/><U2/><E119/><V105/><F130/><W24/><G24/><N who="0" m="14431" /><D118/><U57/><E2/><V27/><F105/><N who="3" m="40523" /><G99/><T53/><D81/><U36/><REACH who="1" step="1"/><E10/><REACH who="1" ten="230,254,240,266" step="2"/><N who="2" m="4319" /><F110/><W31/><G31/><T134/><D134/><U93/><E93/><V61/><F132/><W45/><G45/><N who="0" m="27855" /><D79/><AGARI ba="0,1" hai="79,83,86,88,89,91,121,122" m="40523,43015" machi="79" ten="30,3900,0" yaku="34,2,54,1" doraHai="12" who="3" fromWho="0" sc="230,-39,254,0,240,0,266,49" /><INIT seed="3,0,0,1,4,80" ten="191,254,240,315" oya="3" hai0="38,10,73,52,110,64,123,16,30,89,22,129,41" hai1="72,95,60,117,100,1,87,78,31,114,109,118,45" hai2="15,40,105,33,108,85,128,27,47,35,97,56,63" hai3="103,65,121,25,58,28,3,66,74,101,36,115,17"/><W23/><G115/><T61/><D123/><U49/><E1/><V88/><F108/><W131/><G121/><T8/><D73/><U130/><E114/><V69/><F128/><W19/><G74/><T46/><D129/><U4/><E130/><V53/><F69/><W81/><G3/><T14/><D110/><U77/><E72/><V124/><F124/><W127/><G36/><T59/><D30/><U7/><E31/><V43/><F15/><W107/><G107/><T92/><REACH who="0" step="1"/><D64/><REACH who="0" ten="181,254,240,315" step="2"/><U84/><E109/><V75/><F75/><W113/><G66/><T21/><D21/><U29/><E29/><V93/><F27/><W70/><G28/><T132/><D132/><U99/><E117/><V90/><F105/><W134/><G134/><T12/><D12/><U57/><E118/><V55/><F55/><W11/><G65/><T20/><D20/><U54/><E4/><V125/><F125/><W76/><G127/><T71/><D71/><U79/><E7/><V24/><F24/><W32/><G70/><T62/><D62/><U83/><E83/><V120/><F120/><W44/><G23/><T135/><D135/><U104/><E104/><V34/><REACH who="2" step="1"/><F47/><REACH who="2" ten="181,254,230,315" step="2"/><W98/><G131/><T51/><D51/><U68/><E68/><V106/><F106/><W2/><G44/><T119/><D119/><U9/><E9/><V5/><F5/><W102/><G25/><T18/><D18/><U50/><E50/><V13/><F13/><W122/><G17/><T86/><AGARI ba="0,2" hai="8,10,14,16,22,38,41,46,52,59,61,86,89,92" machi="86" ten="20,12000,2" yaku="1,1,0,1,7,1,52,1,54,2,53,0" doraHai="80" doraHaiUra="96" who="0" fromWho="0" sc="181,140,254,-30,230,-30,315,-60" /><INIT seed="4,0,0,1,0,9" ten="321,224,200,255" oya="0" hai0="84,101,91,76,82,96,17,107,110,89,50,5,88" hai1="79,100,52,62,26,71,27,0,34,14,112,65,21" hai2="75,54,42,80,93,49,85,16,72,61,48,1,31" hai3="7,11,67,33,69,106,59,64,29,122,92,15,24"/><T121/><D121/><U95/><E0/><V44/><F1/><W118/><G118/><T130/><D5/><U81/><E34/><V120/><F120/><W74/><G74/><N who="0" m="43287" /><D17/><U102/><E112/><V78/><F31/><W37/><G37/><T123/><D50/><U40/><E40/><V70/><F93/><W103/><G122/><T22/><D22/><U36/><E36/><V114/><F114/><W73/><G73/><T20/><D20/><U125/><E125/><V135/><F135/><W56/><G92/><N who="0" m="54279" /><D123/><U3/><E3/><V105/><F105/><W41/><G41/><T55/><D55/><U28/><E95/><V97/><F97/><N who="3" m="61807" /><G67/><T124/><D124/><U38/><E38/><V98/><F98/><W68/><G69/><T128/><D110/><U6/><E27/><V115/><F115/><W53/><G53/><T43/><D43/><U35/><E52/><V109/><F109/><W25/><G25/><T119/><D119/><U129/><E35/><V66/><REACH who="2" step="1"/><F16/><REACH who="2" ten="321,224,190,255" step="2"/><W12/><G12/><T32/><D32/><U113/><E113/><V127/><F127/><W132/><G132/><T2/><D2/><U46/><E14/><V90/><F90/><AGARI ba="0,1" hai="89,90,91,96,101,107,128,130" m="54279,43287" machi="90" ten="30,11600,0" yaku="24,1,34,2,54,1" doraHai="9" who="0" fromWho="2" sc="321,126,224,0,190,-116,255,0" /><INIT seed="4,1,0,2,4,17" ten="447,224,74,255" oya="0" hai0="26,54,63,58,78,86,42,59,55,50,39,109,88" hai1="92,103,36,113,56,87,8,43,94,19,40,112,14" hai2="70,111,35,72,96,38,98,127,83,84,34,91,71" hai3="23,4,3,67,73,114,10,90,124,119,2,134,131"/><T116/><D116/><U104/><E104/><V121/><F38/><W106/><G106/><T82/><D109/><U101/><E36/><V18/><F111/><W30/><G73/><T53/><D39/><U27/><E27/><V89/><F72/><W110/><G110/><T20/><D42/><N who="1" m="15915" /><E56/><V65/><F121/><W1/><G67/><N who="0" m="39415" /><D78/><U15/><E87/><V117/><F117/><W62/><G62/><T64/><D64/><U122/><E122/><V28/><F127/><W132/><G119/><T6/><D6/><U128/><E128/><V105/><F65/><W75/><G75/><T68/><D68/><U133/><E133/><N who="3" m="51306" /><G124/><T99/><D99/><U41/><E41/><V130/><F130/><W108/><G108/><T125/><D125/><U47/><E47/><V16/><F105/><W12/><G90/><T0/><D0/><N who="3" m="105" /><G131/><T129/><D129/><U22/><E103/><V33/><F28/><AGARI ba="1,0" hai="20,26,28,50,53,54,55,59,82,86,88" m="39415" machi="28" ten="30,5800,0" yaku="8,1,52,1,54,1" doraHai="17" who="0" fromWho="2" sc="447,61,224,0,74,-61,255,0" /><INIT seed="4,2,0,1,5,107" ten="508,224,13,255" oya="0" hai0="84,97,89,125,20,34,30,56,66,108,47,91,29" hai1="127,2,98,23,28,42,102,5,96,83,86,132,77" hai2="32,45,19,31,1,119,55,39,6,95,18,37,58" hai3="87,43,124,82,17,50,114,9,120,16,38,110,126"/><T13/><D34/><U106/><E132/><V115/><F115/><W75/><G110/><T54/><D125/><N who="3" m="48233" /><G114/><T26/><D108/><U99/><E127/><V71/><F71/><W51/><G120/><T74/><D74/><U92/><E42/><V90/><F119/><W105/><G105/><T131/><D131/><U69/><E69/><V133/><F133/><W121/><G121/><T118/><D118/><U64/><E64/><V122/><F122/><W94/><G94/><N who="0" m="56543" /><D66/><U79/><E79/><V80/><F80/><W33/><G33/><T53/><D47/><U134/><E134/><V81/><F81/><W72/><G38/><T112/><D112/><U21/><E28/><V44/><F37/><W52/><G43/><T68/><D68/><U24/><E24/><V128/><F128/><W35/><G35/><T65/><D13/><U130/><E130/><V10/><F31/><W36/><G36/><T41/><D41/><U93/><E5/><V103/><F103/><W78/><G50/><T85/><D30/><U117/><E2/><V14/><F32/><W49/><G49/><T113/><D113/><U67/><E67/><V60/><F39/><W116/><G116/><T76/><D76/><U88/><REACH who="1" step="1"/><E117/><REACH who="1" ten="508,214,13,255" step="2"/><V25/><F25/><W7/><G7/><T11/><D65/><U62/><E62/><V135/><F135/><W46/><G17/><N who="2" m="6153" /><F1/><W101/><G101/><AGARI ba="2,1" hai="21,23,77,83,86,88,92,93,96,98,99,101,102,106" machi="101" ten="30,3900,0" yaku="1,1,7,1,54,1,53,0" doraHai="107" doraHaiUra="61" who="1" fromWho="3" sc="508,0,214,55,13,0,255,-45" /><INIT seed="5,0,0,0,1,96" ten="508,269,13,210" oya="1" hai0="99,25,48,45,43,17,87,108,100,16,56,13,46" hai1="10,91,80,95,14,54,8,73,29,113,0,110,88" hai2="21,124,75,50,116,38,130,120,64,18,5,40,74" hai3="66,37,69,128,11,101,42,60,109,93,23,118,71"/><U106/><E106/><V59/><F120/><W2/><G109/><T63/><D108/><U125/><E110/><V85/><F116/><W117/><G128/><T57/><D87/><U15/><E0/><V98/><F130/><W123/><G123/><T12/><D46/><U82/><E73/><V83/><F124/><W111/><G111/><T132/><D132/><U89/><E125/><V94/><F5/><W115/><G115/><T129/><D129/><U68/><E68/><V30/><F38/><W112/><G112/><T26/><D56/><U70/><E70/><V135/><F135/><W107/><G107/><T7/><D7/><N who="1" m="3359" /><E29/><V4/><F4/><W3/><G3/><T22/><D13/><U81/><E54/><V131/><F131/><W33/><G33/><T76/><D17/><N who="1" m="8439" /><E113/><V72/><F30/><W67/><G118/><T44/><D44/><U34/><E34/><V65/><F40/><W35/><G35/><T52/><D76/><U39/><E39/><V32/><F32/><W90/><G117/><T134/><D134/><U49/><E49/><V47/><F50/><W1/><G1/><T62/><D63/><U9/><E9/><V103/><F47/><W19/><G2/><T31/><D31/><U55/><E55/><V104/><F104/><AGARI ba="0,0" hai="12,16,22,25,26,43,45,48,52,57,62,99,100,104" machi="104" ten="30,7700,0" yaku="7,1,52,1,54,2" doraHai="96" who="0" fromWho="2" sc="508,77,269,0,13,-77,210,0" owari="585,68.0,269,7.0,-64,-56.0,210,-19.0" /></mjloggm>