<mjloggm ver="2.3"><GO type="169" lobby="0"/><UN n0="%E3%81%A1%E3%81%A3%E7%89%8C%E6%93%8D%E4%BD%9C" n1="%E3%83%88%E3%83%88%E3%83%AA%E5%85%88%E7%94%9F%31%39%E6%AD%B3" n2="%E3%82%A2%E3%82%AB%E3%82%AE%EF%BC%A0%E5%B7%9D%E6%9D%91%E8%BB%8D%E5%9B%A3" n3="%E3%82%A2%E3%82%AB%E2%98%86%E3%82%A6%E3%83%BC%E3%83%94%E3%83%B3" dan="16,19,18,17" rate="2134.53,2270.43,2191.51,2154.88" sx="M,F,M,M"/><TAIKYOKU oya="0"/><INIT seed="0,0,0,4,2,65" ten="250,250,250,250" oya="0" hai0="98,46,2,60,14,51,44,29,1,28,72,49,121" hai1="103,97,84,87,34,118,125,106,113,79,59,25,86" hai2="105,126,33,6,68,73,39,92,133,8,45,38,69" hai3="112,134,41,42,48,3,94,61,52,22,83,116,53"/><T100/><D72/><U62/><E118/><V18/><F18/><W35/><G35/><T74/><D74/><U85/><E125/><V90/><F133/><W58/><G3/><T123/><D14/><U75/><E113/><V95/><F126/><W128/><G128/><T88/><D100/><U36/><E36/><V24/><F95/><W66/><G134/><T32/><D60/><U130/><E130/><V30/><F105/><W57/><G116/><T77/><D77/><U127/><E127/><V20/><F20/><W99/><G112/><T120/><D32/><U64/><E75/><V12/><F73/><W93/><G83/><T63/><D63/><U26/><REACH who="1" step="1"/><E34/><REACH who="1" ten="250,240,250,250" step="2"/><V117/><F117/><W11/><G11/><T81/><D123/><U107/><E107/><V102/><F102/><W21/><G21/><T91/><REACH who="0" step="1"/><D81/><AGARI ba="0,1" hai="25,26,59,62,64,79,81,84,85,86,87,97,103,106" machi="81" ten="40,2600,0" yaku="1,1,53,1" doraHai="65" doraHaiUra="76" who="1" fromWho="0" sc="250,-26,240,36,250,0,250,0" /><INIT seed="1,0,0,5,5,118" ten="224,276,250,250" oya="1" hai0="34,16,60,98,17,56,36,133,61,124,38,96,125" hai1="62,119,55,64,123,106,77,45,52,12,121,114,10" hai2="67,103,2,112,102,127,74,9,35,134,68,19,131" hai3="49,115,89,104,100,5,30,7,94,88,54,82,3"/><U116/><E106/><V23/><F74/><W11/><G115/><T63/><D34/><U31/><E31/><V32/><F127/><N who="0" m="48714" /><D56/><U65/><E77/><V14/><F134/><W37/><G37/><N who="0" m="14443" /><D133/><U75/><E75/><V111/><F131/><W128/><G128/><T28/><D28/><U29/><E29/><V71/><F111/><W135/><G135/><T53/><D53/><U113/><E12/><V107/><F112/><N who="1" m="43113" /><E10/><V109/><F109/><W73/><G7/><T70/><D70/><N who="1" m="42263" /><E65/><V76/><F67/><W15/><G30/><T83/><D83/><U66/><E66/><V46/><F71/><W47/><G104/><T126/><D126/><U0/><E0/><V80/><F68/><W90/><G3/><T93/><D93/><U120/><E55/><V59/><F107/><W8/><G8/><T42/><D42/><U22/><E22/><V95/><F35/><W58/><G73/><T129/><D129/><U132/><E132/><V44/><F32/><W48/><G82/><T105/><D105/><U78/><E78/><V20/><F2/><W21/><G21/><T97/><AGARI ba="0,0" hai="16,17,60,61,63,96,97,98" m="14443,48714" machi="97" ten="40,8000,1" yaku="28,2,18,1,54,1" doraHai="118" who="0" fromWho="0" sc="224,80,276,-40,250,-20,250,-20" /><INIT seed="2,0,0,4,3,18" ten="304,236,230,230" oya="2" hai0="30,34,132,97,2,57,52,107,14,6,12,115,35" hai1="102,62,17,53,11,127,60,33,95,23,25,86,126" hai2="83,77,114,5,51,28,43,124,87,69,26,84,61" hai3="32,56,81,134,75,64,44,16,130,109,79,111,59"/><V125/><F114/><W105/><G32/><T108/><D108/><N who="3" m="41545" /><G105/><T96/><D2/><U93/><E33/><V73/><F5/><W15/><G134/><T48/><D115/><U113/><E113/><V68/><F73/><W104/><G104/><T82/><D132/><U24/><E102/><V120/><F120/><W19/><G130/><T39/><D39/><U66/><E24/><V36/><F36/><W38/><G64/><T119/><D119/><U29/><E86/><V76/><F43/><N who="3" m="22647" /><G19/><T41/><D107/><U31/><E53/><V122/><F122/><W58/><G59/><T90/><D35/><U133/><E133/><V9/><F68/><W71/><G71/><T135/><D34/><U112/><E112/><V110/><F110/><W98/><G98/><T21/><D97/><U20/><E17/><V123/><F123/><W131/><G131/><T92/><D6/><U0/><E25/><V13/><F26/><W49/><G49/><T46/><D135/><U7/><E66/><N who="2" m="41167" /><F51/><W116/><G116/><T47/><D48/><U118/><E118/><V74/><F28/><N who="1" m="10825" /><E62/><V72/><F72/><W103/><G103/><T65/><D30/><U99/><E60/><V80/><F74/><W45/><G45/><T10/><D47/><U128/><E128/><V117/><F117/><W55/><G55/><T121/><D46/><U70/><E70/><V54/><F54/><W85/><G75/><T129/><D52/><U37/><E37/><V94/><F94/><N who="1" m="35849" /><E99/><V78/><F78/><W42/><G42/><T100/><D121/><U1/><E1/><V3/><F3/><RYUUKYOKU ba="0,0" sc="304,-30,236,10,230,10,230,10" hai1="0,7,11,20,23,126,127" hai2="9,13,76,77,80,83,84,87,124,125" hai3="15,16,56,58,79,81,85" /><INIT seed="2,1,0,2,2,102" ten="274,246,240,240" oya="2" hai0="79,61,10,30,48,119,7,84,83,90,77,71,22" hai1="132,122,70,106,2,27,112,86,47,125,11,52,32" hai2="15,31,49,72,105,24,17,36,131,43,96,14,103" hai3="4,110,34,82,1,111,85,29,97,42,50,116,38"/><V44/><F131/><W66/><G38/><T101/><D119/><U89/><E112/><V8/><F72/><W67/><G116/><T12/><D101/><U104/><E70/><V100/><F100/><W78/><G97/><T128/><D128/><U57/><E47/><V130/><F130/><W3/><G50/><T39/><D39/><U23/><E32/><V99/><F99/><W76/><G42/><T9/><D48/><U55/><E132/><V51/><REACH who="2" step="1"/><F15/><REACH who="2" ten="274,246,230,240" step="2"/><W98/><G98/><T109/><D12/><U114/><E114/><V124/><F124/><W37/><G3/><T92/><D109/><U20/><E125/><V18/><F18/><W135/><G1/><T60/><D7/><U40/><E2/><V74/><F74/><W0/><G4/><T73/><D73/><U117/><E117/><V56/><F56/><W95/><G0/><T126/><D71/><U80/><E57/><V108/><F108/><W115/><G110/><T54/><D126/><U63/><E86/><V5/><F5/><W134/><G85/><T113/><D84/><U33/><E122/><V69/><F69/><W26/><G111/><T64/><D113/><U35/><E106/><V118/><F118/><W21/><G115/><T59/><D59/><U93/><E104/><V81/><F81/><W127/><G127/><T62/><D83/><U53/><E80/><V133/><F133/><W129/><G129/><T19/><D19/><U16/><E16/><V107/><F107/><W6/><G82/><T28/><D77/><U25/><E93/><V121/><F121/><W46/><G76/><RYUUKYOKU ba="1,1" sc="274,-10,246,-10,230,30,240,-10" hai2="8,14,17,24,31,36,43,44,49,51,96,103,105" /><INIT seed="2,2,1,3,2,86" ten="264,236,260,230" oya="2" hai0="112,8,15,2,103,85,27,3,14,111,56,37,92" hai1="75,16,84,134,74,57,60,131,40,24,66,93,61" hai2="71,79,72,80,44,126,90,39,62,130,107,132,54" hai3="49,114,19,69,87,105,12,47,9,30,48,11,115"/><V94/><F107/><W121/><G121/><T20/><D112/><N who="3" m="43049" /><G105/><T29/><D37/><U95/><E131/><V91/><F130/><W113/><G113/><T55/><D111/><U1/><E1/><V36/><F132/><W6/><G69/><T23/><D23/><U77/><E134/><V42/><F126/><W13/><G30/><T22/><D22/><N who="1" m="13383" /><E75/><V33/><F33/><W21/><G87/><T98/><D85/><U88/><E74/><V51/><F94/><W59/><G59/><T127/><D127/><U64/><E40/><V110/><F110/><W18/><G47/><T108/><D108/><U117/><E117/><V28/><F28/><W122/><G122/><T81/><D81/><N who="1" m="49167" /><E77/><V100/><F100/><W133/><G133/><T31/><D3/><AGARI ba="2,1" hai="3,6,9,11,12,13,18,19,21,48,49" m="43049" machi="3" ten="30,1000,0" yaku="11,1" doraHai="86" who="3" fromWho="0" sc="264,-16,236,0,260,0,230,26" /><INIT seed="3,0,0,1,5,56" ten="248,236,260,256" oya="3" hai0="49,13,134,72,130,124,96,78,127,27,80,107,123" hai1="64,112,4,73,92,88,129,133,50,51,14,108,12" hai2="30,106,25,22,45,1,109,81,126,24,29,60,110" hai3="11,40,100,98,63,21,61,83,131,58,8,105,116"/><W82/><G116/><T2/><D2/><U114/><E73/><V31/><F106/><W75/><G131/><T95/><D123/><U121/><E121/><V97/><F1/><W48/><G40/><T135/><D27/><U16/><E129/><V62/><F126/><N who="0" m="48170" /><D130/><U6/><E108/><N who="2" m="41579" /><F97/><W7/><G11/><T119/><D119/><U36/><E36/><V99/><F99/><W19/><G48/><N who="1" m="18474" /><E114/><V32/><F31/><W69/><G69/><T125/><D125/><U33/><E33/><V44/><F81/><W90/><G58/><T28/><D28/><U111/><E64/><V115/><F115/><W39/><G39/><T91/><D13/><U93/><E133/><N who="0" m="50697" /><D49/><U120/><E120/><V10/><F10/><W102/><G8/><T54/><D54/><U37/><E37/><V5/><F5/><N who="1" m="2153" /><E112/><V68/><F68/><W18/><G7/><T34/><D34/><U42/><E111/><V71/><F71/><W26/><G21/><T77/><D77/><U117/><E117/><V57/><F57/><W41/><G19/><T15/><D15/><U65/><E12/><V76/><F76/><W101/><G26/><T67/><D67/><U128/><E65/><V118/><F118/><W55/><G18/><T85/><D107/><U23/><E128/><V43/><F43/><W9/><G105/><T38/><D38/><U20/><E42/><V47/><AGARI ba="0,0" hai="22,24,25,29,30,32,44,45,47,60,62" m="41579" machi="47" ten="30,4000,0" yaku="14,1,52,2" doraHai="56" who="2" fromWho="2" sc="248,-10,236,-10,260,40,256,-20" /><INIT seed="4,0,0,4,4,63" ten="238,226,300,236" oya="0" hai0="91,14,68,32,117,86,83,88,120,28,116,54,31" hai1="51,101,58,92,10,113,124,22,25,56,128,70,61" hai2="18,121,40,59,112,24,74,7,114,17,27,37,77" hai3="64,29,65,23,122,99,134,21,52,46,15,72,111"/><T42/><D120/><U55/><E128/><V49/><F121/><W109/><G72/><T95/><D42/><U130/><E130/><V66/><F7/><W41/><G122/><T12/><D68/><U67/><E124/><V2/><F2/><W6/><G111/><T57/><D116/><U43/><E113/><V9/><F37/><W48/><G109/><T90/><D117/><U133/><E133/><V110/><F110/><W80/><G134/><T106/><D106/><U38/><E10/><V103/><F103/><W0/><G0/><T5/><D32/><U47/><E101/><V20/><F40/><W126/><G99/><N who="0" m="57855" /><D90/><U131/><E92/><V50/><F74/><W125/><G80/><T33/><D33/><U123/><E131/><V8/><F77/><W132/><G132/><T78/><D78/><U35/><E35/><V102/><F102/><W79/><G79/><T13/><D5/><U73/><E123/><V105/><F105/><W96/><G96/><T53/><D53/><U44/><REACH who="1" step="1"/><E73/><REACH who="1" ten="238,216,300,236" step="2"/><V107/><F107/><W135/><G135/><T89/><D89/><U104/><E104/><V11/><F114/><W3/><G126/><T115/><D115/><U76/><E76/><V4/><F112/><W118/><G125/><T16/><D88/><U119/><E119/><V26/><F4/><W30/><G118/><T87/><D83/><U82/><E82/><V71/><F20/><W98/><G6/><T129/><D129/><U84/><E84/><V36/><F17/><AGARI ba="0,1" hai="17,22,25,38,43,44,47,51,55,56,58,61,67,70" machi="17" ten="30,3900,0" yaku="1,1,7,1,52,1,53,0" doraHai="63" doraHaiUra="34" who="1" fromWho="2" sc="238,0,216,49,300,-39,236,0" /><INIT seed="5,0,0,1,5,1" ten="238,265,261,236" oya="1" hai0="112,5,61,126,39,83,87,94,131,31,27,71,120" hai1="91,100,121,125,133,85,80,58,122,86,36,72,114" hai2="29,20,77,52,79,67,99,123,107,7,128,23,37" hai3="13,75,57,129,115,135,62,111,2,97,98,8,26"/><U90/><E36/><V53/><F123/><N who="1" m="47113" /><E58/><V117/><F37/><W82/><G2/><T118/><D39/><U21/><E21/><N who="2" m="8267" /><F107/><W105/><G26/><T63/><D118/><U103/><E114/><V113/><F117/><W101/><G115/><T70/><D112/><U78/><E133/><V102/><F113/><W10/><G135/><T104/><D104/><U92/><E125/><V51/><F128/><W19/><G129/><T24/><D120/><U9/><E9/><V11/><F67/><W132/><G132/><T88/><D131/><U12/><E12/><N who="2" m="5247" /><F29/><W25/><G98/><T30/><D126/><U38/><E38/><V134/><F134/><W35/><G10/><T48/><D5/><U127/><E127/><V34/><F34/><W45/><G35/><T47/><D70/><U66/><E66/><V54/><F99/><W60/><G25/><N who="0" m="9803" /><D71/><U108/><E108/><V65/><F102/><W116/><G111/><T93/><D31/><U44/><E44/><N who="2" m="27751" /><F65/><W18/><G116/><T46/><D46/><U130/><E130/><V106/><F106/><W41/><G57/><T64/><D30/><U56/><E56/><V76/><AGARI ba="0,0" hai="53,54,76,77,79" m="27751,5247,8267" machi="76" ten="30,4000,0" yaku="8,1,52,1,54,1" doraHai="1" who="2" fromWho="2" sc="238,-10,265,-20,261,40,236,-10" /><INIT seed="6,0,0,2,0,48" ten="228,245,301,226" oya="2" hai0="109,81,67,100,90,44,110,59,88,60,62,8,33" hai1="96,43,80,40,84,47,7,25,75,50,22,106,127" hai2="49,133,86,5,35,9,79,51,34,2,36,117,120" hai3="115,126,6,114,130,17,74,55,11,1,69,52,94"/><V4/><F120/><W38/><G126/><T87/><D33/><U56/><E127/><V73/><F117/><W92/><G130/><T132/><D132/><U83/><E75/><V82/><F133/><W85/><G74/><T78/><D100/><U12/><E106/><V102/><F102/><W46/><G69/><T112/><D112/><N who="3" m="43049" /><G17/><T134/><D134/><U70/><E70/><V128/><F128/><W28/><G28/><T116/><D116/><U61/><E96/><V24/><F5/><W31/><G31/><T91/><D44/><U57/><E43/><V0/><F0/><W45/><G45/><T53/><REACH who="0" step="1"/><D8/><REACH who="0" ten="218,245,301,226" step="2"/><U21/><E47/><V68/><F9/><W72/><G72/><T63/><D63/><U39/><E61/><V107/><F73/><W129/><G129/><T105/><D105/><U32/><E32/><V18/><F107/><W124/><G124/><T16/><D16/><U29/><E29/><V97/><F18/><W54/><G85/><T71/><AGARI ba="0,1" hai="53,59,60,62,67,71,78,81,87,88,90,91,109,110" machi="71" ten="30,7900,0" yaku="1,1,0,1,52,1,54,1,53,0" doraHai="48" doraHaiUra="30" who="0" fromWho="0" sc="218,89,245,-20,301,-39,226,-20" /><INIT seed="7,0,0,3,4,128" ten="307,225,262,206" oya="3" hai0="39,31,68,122,25,24,124,8,51,66,16,79,126" hai1="130,23,69,3,123,27,34,0,120,38,10,125,4" hai2="107,116,13,1,14,30,132,22,127,6,35,92,129" hai3="19,75,76,89,43,5,111,26,134,62,135,72,59"/><W84/><G111/><T117/><D39/><U71/><E38/><V58/><F107/><W106/><G106/><T2/><D117/><U121/><E130/><V100/><F100/><W94/><G43/><T118/><D122/><U101/><E101/><V91/><F116/><W96/><G5/><T47/><D79/><U61/><E125/><V119/><F127/><W56/><G84/><T49/><D66/><U103/><E103/><V12/><F35/><W18/><G59/><T41/><D68/><U104/><E104/><V42/><F42/><W88/><G89/><T50/><D118/><U57/><E3/><V87/><F129/><W73/><G76/><T46/><D2/><U17/><REACH who="1" step="1"/><E34/><REACH who="1" ten="307,215,262,206" step="2"/><V53/><F119/><W86/><G96/><T32/><D32/><U105/><E105/><V20/><F1/><W109/><G109/><T113/><D124/><U45/><E45/><V114/><F22/><W63/><G63/><T36/><D47/><U98/><E98/><V82/><F20/><W15/><G26/><T74/><D25/><U44/><E44/><V29/><F14/><W77/><G77/><T95/><D46/><U65/><AGARI ba="0,1" hai="0,4,10,17,23,27,57,61,65,69,71,120,121,123" machi="65" ten="30,2000,0" yaku="1,1,0,1,53,0" doraHai="128" doraHaiUra="93" who="1" fromWho="1" sc="307,-5,215,30,262,-5,206,-10" owari="302,39.0,245,-15.0,257,6.0,196,-30.0" /></mjloggm>