<mjloggm ver="2.3"><GO type="225" lobby="0"/><UN n0="%E6%84%9B%E5%AE%95%E3%83%8D%E3%82%AD%E3%80%82" n1="%E3%82%8A%E3%82%81%E3%82%8D" n2="%E6%A9%8B%E6%9C%AC%E5%8D%83%E5%85%89%E5%B9%B4" n3="%E5%B0%B1%E6%B4%BB%E7%94%9F%40%E5%B7%9D%E6%9D%91%E8%BB%8D%E5%9B%A3" dan="16,16,17,18" rate="2190.95,2169.85,2157.08,2156.23" sx="M,M,M,M"/><TAIKYOKU oya="0"/><INIT seed="0,0,0,1,5,122" ten="250,250,250,250" oya="0" hai0="127,85,5,123,28,115,32,64,51,87,31,2,88" hai1="1,135,6,76,37,79,48,62,73,50,82,4,93" hai2="30,90,118,53,26,105,59,80,17,33,52,7,45" hai3="47,44,60,83,40,20,56,10,63,43,77,111,15"/><T124/><D123/><U16/><E37/><V38/><F38/><BYE who="2" /><W108/><G20/><T131/><D115/><U22/><E79/><V23/><F23/><W21/><G21/><T67/><D131/><U119/><E1/><V70/><F70/><W42/><G83/><T65/><D51/><U18/><E135/><V55/><F55/><W114/><G77/><T92/><D87/><U104/><E104/><V128/><F128/><W3/><G3/><T68/><D68/><U117/><E18/><V54/><F54/><W39/><G114/><T100/><D100/><U132/><E132/><V24/><F24/><W97/><G97/><T49/><D49/><U116/><E93/><V13/><F13/><W89/><G89/><T8/><REACH who="0" step="1"/><D32/><REACH who="0" ten="240,250,250,250" step="2"/><UN n2="%E6%A9%8B%E6%9C%AC%E5%8D%83%E5%85%89%E5%B9%B4" /><U84/><E84/><N who="2" m="50439" /><F118/><W0/><G39/><T25/><D25/><U75/><E75/><V61/><F26/><W125/><G125/><AGARI ba="0,1" hai="2,5,8,28,31,64,65,67,85,88,92,124,125,127" machi="125" ten="40,7700,0" yaku="1,1,18,1,54,1,53,0" doraHai="122" doraHaiUra="46" who="0" fromWho="3" sc="240,87,250,0,250,0,250,-77" /><INIT seed="0,1,0,4,0,117" ten="327,250,250,173" oya="0" hai0="67,28,128,103,132,23,122,19,31,80,49,104,106" hai1="68,14,57,30,42,129,101,52,1,135,13,27,90" hai2="54,127,133,85,20,123,72,131,3,119,16,97,8" hai3="105,65,12,96,63,10,39,25,24,93,18,113,64"/><T91/><D67/><U36/><E1/><V29/><F72/><W45/><G113/><T9/><D9/><U15/><E68/><V44/><F119/><W70/><G105/><T108/><D49/><U2/><E2/><V47/><F97/><W4/><G65/><T46/><D46/><U78/><E42/><V0/><F131/><W7/><G7/><T115/><D115/><U55/><E36/><V43/><F133/><W111/><G111/><T75/><D128/><U37/><E37/><V77/><F127/><W125/><G125/><T58/><D58/><U26/><E135/><V121/><F29/><W62/><G62/><T112/><D112/><U61/><E78/><V69/><F69/><W50/><G39/><T109/><D132/><U32/><E101/><V59/><F3/><W94/><G94/><T102/><D102/><U40/><E40/><V35/><F35/><W116/><G4/><T79/><D91/><U83/><E129/><V92/><F8/><W98/><G98/><N who="0" m="61559" /><D106/><U22/><E55/><V87/><F0/><W126/><G126/><T71/><D71/><U60/><E60/><V89/><F87/><W6/><G6/><T21/><D21/><U41/><E41/><V134/><F77/><W84/><G84/><T17/><D23/><U124/><E124/><V74/><F74/><W120/><G116/><T56/><D79/><U73/><E14/><N who="2" m="9239" /><F134/><W130/><G130/><T33/><D33/><U114/><E114/><V86/><F86/><W100/><REACH who="3" step="1"/><G120/><REACH who="3" ten="327,250,250,163" step="2"/><N who="2" m="46153" /><F43/><AGARI ba="1,1" hai="10,12,18,24,25,43,45,50,63,64,70,93,96,100" machi="43" ten="30,2000,0" yaku="1,1,7,1,53,0" doraHai="117" doraHaiUra="51" who="3" fromWho="2" sc="327,0,250,0,250,-23,163,33" /><INIT seed="1,0,0,4,1,27" ten="327,250,227,196" oya="1" hai0="24,92,80,32,79,75,2,8,134,39,31,38,23" hai1="108,81,73,55,20,12,62,43,17,5,103,91,72" hai2="9,61,123,25,106,117,110,68,88,118,115,97,21" hai3="30,125,52,47,51,29,86,89,14,10,26,40,76"/><U135/><E135/><V74/><F123/><W33/><G125/><T6/><D134/><U129/><E129/><V28/><F74/><W104/><G104/><T126/><D126/><U63/><E103/><V96/><F110/><W127/><G127/><T109/><D109/><U41/><E108/><V70/><F115/><W46/><G76/><T78/><D78/><U112/><E112/><V71/><F61/><W49/><G26/><T59/><D92/><U4/><E73/><V130/><F130/><W93/><G33/><T128/><D128/><U44/><E72/><V85/><F9/><W11/><G11/><T87/><D87/><N who="1" m="50671" /><E44/><V35/><F35/><W19/><AGARI ba="0,0" hai="10,14,19,29,30,40,46,47,49,51,52,86,89,93" machi="19" ten="20,12000,2" yaku="0,1,7,1,8,1,52,2,54,1" doraHai="27" who="3" fromWho="3" sc="327,-30,250,-60,227,-30,196,120" /><INIT seed="2,0,0,0,4,10" ten="297,190,197,316" oya="2" hai0="22,117,12,125,133,44,94,96,68,77,79,42,11" hai1="89,58,120,7,135,46,78,110,111,131,128,85,21" hai2="51,70,3,130,23,31,45,126,8,82,69,101,47" hai3="19,81,18,9,35,17,129,119,50,57,56,64,15"/><V26/><F130/><N who="1" m="49705" /><E120/><V29/><F126/><W134/><G119/><T62/><D125/><U20/><E7/><V54/><F101/><W37/><G37/><T99/><D133/><U43/><E78/><V41/><F82/><W39/><G39/><T48/><D22/><N who="1" m="8811" /><E58/><V104/><F104/><W34/><G129/><T80/><D117/><U90/><E135/><V114/><F114/><W72/><G134/><T65/><D94/><N who="1" m="54575" /><E90/><V71/><F31/><W59/><G64/><T112/><D112/><U13/><E13/><V106/><F106/><W52/><G81/><T40/><D40/><U113/><E113/><V73/><F73/><W63/><G72/><T53/><D53/><U76/><E76/><V61/><F61/><W91/><G91/><T109/><D109/><U88/><E88/><V122/><F122/><W93/><G93/><T6/><REACH who="0" step="1"/><D79/><REACH who="0" ten="287,190,197,316" step="2"/><U123/><E123/><V87/><F41/><W121/><G35/><T83/><D83/><U30/><E30/><V14/><F47/><N who="3" m="27743" /><G34/><T1/><D1/><U16/><E46/><V84/><REACH who="2" step="1"/><F3/><REACH who="2" ten="287,190,187,316" step="2"/><W118/><G121/><T28/><D28/><U49/><E43/><V92/><F92/><W98/><G118/><T4/><D4/><AGARI ba="0,2" hai="4,8,14,23,26,29,45,51,54,69,70,71,84,87" machi="4" ten="40,3900,0" yaku="1,1,52,1,53,0" doraHai="10" doraHaiUra="60" who="2" fromWho="0" sc="287,-39,190,0,187,59,316,0" /><INIT seed="2,1,0,4,1,98" ten="248,190,246,316" oya="2" hai0="53,20,3,56,32,114,44,13,15,124,109,17,28" hai1="50,5,26,19,76,66,54,112,122,85,96,27,68" hai2="100,117,87,35,118,14,89,31,123,108,79,121,8" hai3="7,57,104,88,43,73,127,38,120,36,18,51,46"/><V81/><F35/><W25/><G120/><N who="2" m="46153" /><F14/><W47/><G73/><T116/><D114/><U86/><E122/><V60/><F60/><W34/><G104/><T45/><D3/><U83/><E112/><V37/><F31/><W24/><G7/><T74/><D74/><U133/><E133/><V129/><F37/><W113/><G113/><T11/><D116/><N who="2" m="44650" /><F8/><W70/><G70/><T39/><D39/><U135/><E135/><V62/><F62/><W110/><G57/><T23/><D32/><U93/><E66/><V1/><F1/><W103/><G34/><T52/><D28/><U65/><E65/><V12/><F12/><W2/><G18/><T107/><D17/><U49/><E68/><V58/><F58/><W92/><G51/><T91/><D56/><U72/><E5/><V102/><F129/><W30/><G30/><T6/><D11/><U115/><E115/><V67/><F67/><W78/><G43/><T90/><D6/><U71/><E71/><V10/><F10/><W40/><G40/><T0/><D0/><U16/><E49/><V69/><F69/><W9/><G9/><T131/><D131/><U63/><E63/><V101/><F108/><W33/><G2/><T61/><D61/><U29/><E19/><V48/><F48/><W95/><G110/><T75/><D109/><U4/><E4/><V105/><F105/><W132/><G33/><T42/><D42/><U125/><E16/><V41/><F41/><W111/><G111/><T21/><D107/><U64/><E64/><V128/><F128/><W59/><G38/><T77/><D13/><RYUUKYOKU ba="1,0" sc="248,-10,190,-10,246,30,316,-10" hai2="79,81,87,89,100,101,102" /><INIT seed="2,2,0,3,5,20" ten="238,180,276,306" oya="2" hai0="31,79,34,124,120,78,84,109,64,44,27,86,74" hai1="98,65,67,29,112,30,1,0,46,33,13,62,88" hai2="103,85,38,45,106,90,95,94,25,72,21,83,87" hai3="82,75,127,10,71,52,122,42,41,116,69,100,60"/><V134/><F134/><W32/><G32/><T53/><D120/><U3/><E112/><V14/><F14/><W50/><G100/><T8/><D74/><U16/><E46/><V114/><F114/><W17/><G122/><T99/><D109/><U80/><E33/><V47/><F38/><W92/><G116/><T77/><D124/><U131/><E131/><V70/><F70/><W66/><G71/><T59/><D99/><U37/><E37/><V104/><F104/><W115/><G92/><N who="2" m="35369" /><F103/><W56/><G115/><T19/><D8/><U110/><E110/><V135/><F106/><W5/><G127/><T133/><D133/><U43/><E43/><V11/><F11/><W55/><G17/><T125/><D19/><U48/><E48/><V89/><F72/><W57/><G82/><T132/><D132/><U93/><E80/><N who="2" m="49319" /><F135/><W22/><G75/><T96/><D125/><U18/><E18/><AGARI ba="2,0" hai="18,21,25,45,47,83,87,90" m="49319,35369" machi="18" ten="30,2900,0" yaku="8,1,52,1" doraHai="20" who="2" fromWho="1" sc="238,0,180,-35,276,35,306,0" /><INIT seed="2,3,0,0,1,53" ten="238,145,311,306" oya="2" hai0="85,29,12,98,89,15,21,14,4,134,100,118,124" hai1="91,125,127,3,117,69,36,23,52,18,109,27,129" hai2="49,80,37,58,111,51,83,108,9,66,116,19,73" hai3="105,46,128,59,74,38,71,113,61,64,41,1,63"/><V62/><F37/><W42/><G1/><T106/><D134/><U78/><E36/><V2/><F116/><W24/><G105/><T28/><D118/><U16/><E117/><V110/><F19/><W131/><G74/><T132/><D132/><U95/><E3/><V8/><F8/><W43/><G24/><T70/><D70/><U115/><E115/><V17/><F17/><W96/><G96/><T79/><D79/><U33/><E33/><V94/><F94/><W5/><G5/><T76/><D76/><U30/><E69/><V6/><F73/><W13/><G13/><T0/><D0/><U25/><E109/><V56/><F51/><W122/><G122/><T99/><D99/><U97/><E129/><N who="3" m="49738" /><G113/><T75/><D75/><U86/><E18/><V133/><F133/><W57/><G71/><T47/><D124/><U81/><REACH who="1" step="1"/><E52/><AGARI ba="3,0" hai="2,6,9,49,52,56,58,62,66,80,83,108,110,111" machi="52" ten="40,12000,1" yaku="14,1,10,1,52,2,54,1" doraHai="53" who="2" fromWho="1" sc="238,0,145,-129,311,129,306,0" /><AGARI ba="3,0" hai="38,41,42,43,46,52,57,59,61,63,64" m="49738" machi="52" ten="30,12000,2" yaku="19,1,34,2,52,2,54,1" doraHai="53" who="3" fromWho="1" sc="238,0,16,-120,440,0,306,120" owari="238,-16.0,-104,-60.0,440,53.0,426,23.0" /></mjloggm>