<mjloggm ver="2.3"><GO type="169" lobby="0"/><UN n0="%E8%B5%A4%E9%98%AA%E9%83%81%E4%B9%83" n1="%E5%A0%B4%E4%BB%A3" n2="%E5%B0%B1%E6%B4%BB%E7%94%9F%40%E5%B7%9D%E6%9D%91%E8%BB%8D%E5%9B%A3" n3="%E2%80%A0%E3%81%BE%E3%83%BC%E5%9D%8A%E2%80%A0" dan="16,16,18,17" rate="2063.53,2110.62,2228.93,2155.71" sx="F,M,M,M"/><TAIKYOKU oya="0"/><INIT seed="0,0,0,1,4,65" ten="250,250,250,250" oya="0" hai0="4,108,5,7,80,82,61,113,117,101,20,107,104" hai1="91,125,35,55,27,64,85,90,29,92,23,17,133" hai2="9,118,102,71,73,134,100,81,122,18,95,112,78" hai3="43,72,54,114,88,79,22,126,77,89,49,12,59"/><T67/><D113/><U30/><E125/><V48/><F122/><W60/><G114/><T121/><D117/><U86/><E133/><V69/><F112/><W45/><G126/><T63/><D121/><U131/><E131/><V98/><F118/><W37/><G72/><T84/><D108/><U25/><E64/><V15/><F134/><W135/><G135/><T52/><D20/><U38/><E38/><V74/><F74/><W1/><G1/><T66/><D101/><U110/><E110/><V21/><F102/><W75/><G75/><T103/><D103/><U41/><E41/><V10/><F10/><W19/><REACH who="3" step="1"/><G37/><REACH who="3" ten="250,250,250,240" step="2"/><T83/><D84/><U109/><E109/><V132/><F132/><W28/><G28/><T31/><D31/><U115/><E115/><V47/><REACH who="2" step="1"/><F9/><REACH who="2" ten="250,250,240,240" step="2"/><W44/><G44/><T50/><D107/><U97/><E35/><V51/><F51/><W94/><G94/><T32/><D104/><U13/><E92/><V116/><F116/><W120/><G120/><T128/><D128/><U56/><E23/><V130/><F130/><W46/><G46/><N who="0" m="27735" /><D32/><U123/><E123/><V40/><AGARI ba="0,2" hai="15,18,21,40,47,48,69,71,73,78,81,95,98,100" machi="40" ten="20,12000,2" yaku="1,1,0,1,7,1,52,2,53,1" doraHai="65" doraHaiUra="8" who="2" fromWho="2" sc="250,-60,250,-30,240,140,240,-30" /><INIT seed="1,0,0,2,3,54" ten="190,220,380,210" oya="1" hai0="87,116,88,3,57,122,8,94,60,47,95,92,35" hai1="1,112,133,46,108,125,44,93,102,39,42,99,2" hai2="111,78,74,113,17,124,23,6,49,84,90,114,27" hai3="41,12,62,24,85,89,33,36,19,30,118,107,104"/><U22/><E112/><N who="2" m="43115" /><F6/><W0/><G0/><T11/><D116/><U109/><E125/><V69/><F69/><W20/><G118/><T101/><D35/><U13/><E133/><V63/><F111/><N who="1" m="42569" /><E44/><V103/><F103/><W38/><G38/><T55/><D122/><U132/><E132/><V135/><F135/><W59/><G41/><T65/><D3/><U86/><E86/><V75/><F78/><W37/><G37/><T43/><D65/><U50/><E39/><V130/><F130/><W66/><REACH who="3" step="1"/><G36/><REACH who="3" ten="190,220,380,200" step="2"/><T134/><D134/><U9/><E22/><V31/><F124/><W52/><G52/><T79/><D101/><U72/><E72/><V96/><F75/><W71/><G71/><T32/><D43/><U117/><E117/><V48/><F74/><W126/><G126/><T7/><D55/><U105/><E105/><V4/><F23/><W98/><G98/><T64/><D32/><U15/><E1/><V51/><F96/><W123/><G123/><T110/><D110/><U16/><E2/><V91/><F84/><W67/><G67/><T29/><D87/><U83/><E83/><AGARI ba="0,1" hai="12,19,20,24,30,33,59,62,66,83,85,89,104,107" machi="83" ten="30,7700,0" yaku="1,1,7,1,52,1,53,1" doraHai="54" doraHaiUra="10" who="3" fromWho="1" sc="190,0,220,-77,380,0,200,87" /><INIT seed="2,0,0,0,5,124" ten="190,143,380,287" oya="2" hai0="72,44,18,100,16,61,28,120,129,47,38,31,27" hai1="82,34,135,63,123,128,26,108,14,59,43,41,21" hai2="118,117,110,65,116,23,91,35,98,32,130,95,20" hai3="36,10,17,94,60,105,70,81,115,92,125,101,54"/><V8/><F110/><W104/><G125/><T89/><D120/><U68/><E34/><V9/><F65/><W48/><G36/><T112/><D112/><U87/><E68/><V64/><F64/><W58/><G104/><T103/><D38/><U25/><E108/><V90/><F98/><W126/><G126/><T107/><D107/><U6/><E135/><V78/><F118/><W19/><G115/><T45/><D72/><U62/><E123/><V75/><F95/><W84/><G105/><T74/><D74/><U122/><E122/><V93/><F93/><W33/><G33/><T40/><D129/><U76/><E128/><V127/><F75/><W29/><G29/><N who="0" m="11339" /><D40/><N who="1" m="15435" /><E59/><V50/><F127/><W99/><G92/><T13/><D61/><N who="1" m="23051" /><E21/><V106/><F106/><W88/><G70/><T111/><D111/><U109/><E109/><V51/><REACH who="2" step="1"/><F78/><REACH who="2" ten="190,143,370,287" step="2"/><W3/><G94/><T85/><D103/><U22/><E76/><V86/><F86/><W1/><G99/><T24/><D100/><U79/><E79/><V71/><F71/><W102/><G101/><T119/><D119/><U55/><E87/><V12/><F12/><W11/><G102/><T83/><D13/><U42/><E14/><V69/><F69/><W73/><G73/><T37/><D37/><U53/><E26/><AGARI ba="0,1" hai="16,18,24,26,27,44,45,47,83,85,89" m="11339" machi="26" ten="30,2000,0" yaku="8,1,54,1" doraHai="124" who="0" fromWho="1" sc="190,30,143,-20,370,0,287,0" /><INIT seed="3,0,0,3,5,121" ten="220,123,370,287" oya="3" hai0="62,75,48,119,112,74,99,56,92,54,101,128,0" hai1="45,70,67,1,26,94,23,77,78,52,80,44,38" hai2="109,65,134,36,9,113,8,41,83,51,95,100,46" hai3="50,2,31,4,105,40,35,131,108,43,32,57,126"/><W115/><G105/><T34/><D119/><U129/><E129/><V116/><F113/><W19/><G115/><T110/><D34/><U85/><E1/><V20/><F116/><W29/><G131/><T66/><D0/><U25/><E38/><V96/><F134/><W84/><G126/><T63/><D128/><U53/><E78/><V60/><F109/><W61/><G32/><T27/><D112/><U135/><E135/><V64/><F36/><W12/><G2/><T118/><D118/><U14/><E70/><V93/><F93/><W102/><G4/><T21/><D110/><U7/><E67/><V89/><F20/><W117/><G117/><T13/><D13/><U59/><E94/><V58/><F65/><W68/><G68/><T5/><D5/><U16/><E7/><V91/><F91/><W42/><G102/><T130/><D130/><U72/><E72/><V122/><F122/><W71/><G71/><T120/><D120/><U124/><E124/><V123/><F123/><W76/><G35/><T97/><D97/><U133/><E133/><V15/><F15/><W114/><G50/><T82/><D82/><U81/><E80/><V111/><F111/><W49/><G49/><T17/><REACH who="0" step="1"/><D63/><REACH who="0" ten="210,123,370,287" step="2"/><N who="1" m="36327" /><E53/><V10/><F83/><N who="3" m="47207" /><G108/><T30/><D30/><N who="3" m="11273" /><G114/><T28/><D28/><N who="1" m="17471" /><E26/><V103/><AGARI ba="0,1" hai="8,9,10,41,46,51,58,60,64,89,95,96,100,103" machi="103" ten="30,2000,0" yaku="0,1,8,1" doraHai="121" who="2" fromWho="2" sc="210,-5,123,-5,370,30,287,-10" /><INIT seed="4,0,0,1,3,27" ten="205,118,400,277" oya="0" hai0="122,6,101,32,112,61,1,33,129,94,77,121,45" hai1="123,17,67,131,109,11,57,55,25,72,120,53,40" hai2="41,80,30,68,76,9,43,63,74,78,62,10,38" hai3="98,108,59,70,21,5,16,125,22,111,44,106,114"/><T100/><D77/><U104/><E109/><V35/><F76/><W93/><G70/><T13/><D1/><U34/><E72/><V24/><F62/><W42/><G106/><T48/><D61/><U117/><E117/><V91/><F91/><W50/><G114/><T65/><D65/><U73/><E73/><V26/><F26/><W110/><G125/><T127/><D127/><U52/><E104/><V15/><F38/><W79/><G79/><T66/><D66/><U119/><E119/><V18/><F9/><W60/><G5/><T113/><D129/><U84/><E40/><V29/><F29/><W3/><G3/><T130/><D130/><U90/><E131/><V88/><F68/><W47/><G47/><T7/><D45/><U116/><E116/><V96/><F63/><W19/><G22/><T12/><D94/><U83/><E67/><V118/><F118/><W107/><G107/><T97/><D97/><U0/><E57/><V54/><F54/><W92/><G98/><T2/><D2/><U4/><REACH who="1" step="1"/><E17/><REACH who="1" ten="205,108,400,277" step="2"/><V102/><F43/><W14/><G19/><T87/><D113/><U82/><E82/><V135/><F41/><W86/><G110/><T56/><D112/><U71/><E71/><V128/><F128/><W36/><G111/><T103/><D56/><U23/><E23/><V51/><F74/><W49/><G108/><T105/><D105/><U133/><E133/><V39/><F35/><W28/><G59/><T115/><D115/><U37/><E37/><V81/><F39/><W124/><G124/><T132/><D132/><U20/><E20/><RYUUKYOKU ba="0,1" sc="205,-10,108,30,400,-10,277,-10" hai1="0,4,11,25,34,52,53,55,83,84,90,120,123" /><INIT seed="5,1,1,5,4,63" ten="195,138,390,267" oya="1" hai0="105,3,17,15,85,119,83,132,25,88,103,0,45" hai1="35,7,38,62,92,121,101,53,74,86,116,26,24" hai2="131,130,12,96,89,47,87,31,125,33,135,58,56" hai3="6,36,69,41,32,113,95,9,117,43,77,13,70"/><U81/><E121/><V20/><F135/><W112/><G32/><T23/><D132/><U90/><E38/><V102/><F125/><W14/><G117/><T75/><D119/><U82/><E116/><V127/><F47/><W37/><G77/><T106/><D75/><U49/><E7/><V133/><F33/><W118/><G118/><T128/><D128/><N who="2" m="49194" /><F133/><W4/><G95/><T91/><D45/><U126/><E126/><V108/><F108/><W80/><REACH who="3" step="1"/><G9/><REACH who="3" ten="195,138,390,257" step="2"/><T11/><D106/><U114/><E35/><V93/><F127/><W134/><G134/><T59/><D105/><U60/><E114/><V27/><F12/><W30/><G30/><T44/><D0/><U16/><E24/><V22/><F22/><W104/><G104/><AGARI ba="1,2" hai="20,27,31,56,58,87,89,93,96,102,104" m="49194" machi="104" ten="30,1000,0" yaku="19,1" doraHai="63" who="2" fromWho="3" sc="195,0,138,0,390,33,257,-13" /><INIT seed="6,0,0,5,0,64" ten="195,138,423,244" oya="2" hai0="111,79,38,36,25,108,65,15,120,105,0,123,8" hai1="66,78,135,114,84,129,41,76,69,6,106,68,134" hai2="3,85,21,67,116,82,46,121,29,45,61,83,107" hai3="53,86,90,22,81,57,92,9,93,115,112,126,7"/><V59/><F116/><W74/><G126/><T39/><D105/><U24/><E106/><V42/><F121/><N who="0" m="46666" /><D15/><U62/><E114/><N who="3" m="43562" /><G74/><T33/><D79/><U119/><E119/><V103/><F3/><N who="3" m="255" /><G22/><T1/><D65/><U40/><E129/><V58/><F58/><W118/><G118/><T97/><D97/><U32/><E6/><V100/><F107/><W35/><G35/><T96/><D96/><U49/><E49/><AGARI ba="0,0" hai="49,53,57,81,86,90,92,93" m="255,43562" machi="49" ten="30,2000,0" yaku="15,1,11,1" doraHai="64" who="3" fromWho="1" sc="195,0,138,-20,423,0,244,20" /><INIT seed="7,0,0,2,1,127" ten="195,118,423,264" oya="3" hai0="104,9,16,0,32,60,31,128,10,7,98,107,134" hai1="91,39,122,37,4,130,42,69,30,80,63,126,22" hai2="121,6,71,74,102,116,2,19,24,101,12,68,120" hai3="14,64,97,82,124,131,123,75,51,119,45,26,99"/><W90/><G119/><T79/><D128/><U41/><E122/><N who="2" m="47211" /><F74/><W112/><G131/><T108/><D108/><U11/><E126/><V111/><F111/><W54/><G123/><T81/><D134/><U35/><E35/><V27/><F116/><W70/><G124/><T83/><D60/><U66/><E130/><V47/><F47/><W13/><G112/><T1/><D98/><N who="3" m="37385" /><G64/><T57/><D57/><U62/><E62/><V115/><F6/><W87/><G75/><T23/><D31/><U48/><E30/><V125/><F2/><W94/><G70/><N who="2" m="26665" /><F125/><W93/><G26/><N who="2" m="9769" /><F115/><W103/><G103/><T18/><D32/><U100/><E100/><V56/><F56/><W109/><G109/><T40/><D40/><U105/><E22/><AGARI ba="0,0" hai="12,19,22,101,102" m="9769,26665,47211" machi="22" ten="30,1000,0" yaku="13,1" doraHai="127" who="2" fromWho="1" sc="195,0,118,-10,423,10,264,0" owari="195,-20.0,108,-39.0,433,53.0,264,6.0" /></mjloggm>