<mjloggm ver="2.3"><GO type="169" lobby="0"/><UN n0="%E5%96%A7%E5%98%A9%E5%B8%AB%E2%98%86%E8%8A%B1%E5%B1%B1" n1="%E3%82%82%E3%81%BF%E3%81%82%E3%81%92" n2="%E8%85%90%E7%94%9F%E8%B1%9A%E3%82%B3%E3%83%84%E3%83%9C%E3%83%BC" n3="%E3%82%A6%E3%83%AB%E3%83%88%E3%83%A9%E7%AB%8B%E7%9B%B4" dan="17,16,17,18" rate="2154.74,2023.14,2205.68,2196.36" sx="M,M,M,M"/><TAIKYOKU oya="0"/><INIT seed="0,0,0,4,4,37" ten="250,250,250,250" oya="0" hai0="57,19,110,11,69,6,132,12,82,30,103,34,42" hai1="87,121,59,52,112,36,122,131,54,63,45,85,39" hai2="5,51,47,4,10,29,76,77,107,117,65,68,35" hai3="104,66,109,43,58,21,135,67,38,89,94,128,98"/><T73/><D69/><U119/><E119/><V93/><F107/><W53/><G109/><T72/><D132/><U31/><E31/><V15/><F117/><W48/><G128/><T27/><D110/><U101/><E101/><V95/><F29/><W130/><G130/><T14/><D103/><U9/><E131/><V28/><F28/><W40/><G104/><T1/><D14/><U126/><E9/><V26/><F26/><W23/><G135/><T96/><D96/><U86/><E126/><V41/><F35/><W114/><G38/><T60/><D82/><U124/><E124/><V50/><F68/><W83/><G83/><T129/><D42/><N who="3" m="15913" /><G114/><T97/><D97/><U74/><E112/><V71/><F71/><W115/><G115/><T78/><D78/><U32/><E36/><V7/><F77/><W62/><G67/><T24/><D24/><U100/><E39/><V70/><F65/><W80/><G80/><T16/><D19/><U22/><E74/><V105/><F105/><W61/><G61/><T84/><D129/><U8/><E63/><V44/><F70/><W99/><G99/><T102/><D84/><U106/><E86/><V111/><F111/><W0/><G0/><T17/><D17/><U133/><E87/><V92/><F76/><W120/><G120/><T2/><D2/><U125/><E85/><V88/><F88/><W64/><G64/><N who="0" m="38927" /><D102/><U123/><E100/><V108/><F108/><W33/><G33/><T134/><D134/><U25/><E133/><V75/><F75/><W81/><G81/><T91/><D91/><U113/><E122/><RYUUKYOKU ba="0,0" sc="250,10,250,-30,250,10,250,10" hai0="1,6,11,12,16,27,30,34,72,73" hai2="4,5,7,10,15,41,44,47,50,51,92,93,95" hai3="21,23,48,53,58,62,66,89,94,98" /><INIT seed="0,1,0,4,4,85" ten="260,220,260,260" oya="0" hai0="21,7,22,28,20,72,113,73,116,50,84,87,129" hai1="12,18,41,134,2,66,118,36,70,121,119,98,110" hai2="37,47,82,132,24,6,91,54,75,112,31,83,17" hai3="63,86,104,52,101,40,61,65,106,114,71,103,32"/><T14/><D113/><U79/><E121/><V46/><F112/><W94/><G32/><T16/><D116/><U105/><E2/><V56/><F6/><W115/><G40/><T130/><D7/><U26/><E110/><V44/><F132/><W11/><G11/><T109/><D109/><U133/><E79/><V3/><F3/><W53/><G86/><N who="0" m="32811" /><D50/><U48/><E36/><V19/><F37/><W100/><G94/><T1/><D1/><U102/><E26/><V4/><F4/><W10/><G10/><N who="0" m="6231" /><D28/><U29/><E29/><V131/><F131/><AGARI ba="1,0" hai="20,21,22,72,73,129,130,131" m="6231,32811" machi="131" ten="30,2900,0" yaku="19,1,54,1" doraHai="85" who="0" fromWho="2" sc="260,32,220,0,260,-32,260,0" /><INIT seed="0,2,0,4,2,82" ten="292,220,228,260" oya="0" hai0="92,26,108,122,71,23,102,22,25,5,3,0,105" hai1="91,2,65,117,81,97,52,121,101,106,75,98,109" hai2="12,49,128,80,38,125,44,130,21,93,77,32,1" hai3="107,68,120,74,103,111,114,129,67,15,46,119,70"/><T53/><D71/><U16/><E121/><V73/><F32/><W28/><G103/><T135/><D105/><U62/><E117/><V31/><F1/><W83/><G83/><T123/><D53/><U84/><E109/><V87/><F38/><W66/><G15/><T40/><D40/><U79/><E2/><N who="0" m="553" /><D92/><N who="1" m="54375" /><E97/><V50/><F125/><W131/><G46/><T47/><D47/><U19/><E65/><V33/><F33/><W127/><G74/><T54/><D54/><U43/><E43/><V7/><F93/><W100/><G107/><T35/><D102/><U39/><E39/><V9/><F73/><W20/><G100/><T113/><D35/><U124/><E124/><V37/><F37/><W6/><G70/><T17/><D108/><U104/><E104/><V56/><F56/><AGARI ba="2,0" hai="16,19,52,56,62,75,79,81,98,101,106" m="54375" machi="56" ten="30,7700,0" yaku="24,1,52,1,54,2" doraHai="82" who="1" fromWho="2" sc="292,0,220,83,228,-83,260,0" /><INIT seed="1,0,0,4,4,40" ten="292,303,145,260" oya="1" hai0="54,84,131,56,22,74,31,68,96,69,23,132,59" hai1="37,43,73,125,133,8,10,27,89,115,53,117,135" hai2="30,21,105,99,16,110,106,36,88,45,9,14,20" hai3="83,79,50,5,15,6,128,85,77,47,102,13,90"/><U82/><E117/><V111/><F106/><W114/><G114/><T12/><D74/><U112/><E125/><V86/><F30/><W124/><G128/><T108/><D132/><N who="1" m="50763" /><E53/><V121/><F121/><W71/><G71/><T134/><D108/><N who="2" m="41514" /><F99/><W80/><G102/><T95/><D131/><U72/><E27/><V0/><F0/><W42/><G124/><T39/><D39/><U1/><E89/><V92/><F105/><W18/><G15/><T94/><D69/><U101/><E101/><V120/><F120/><W19/><G18/><T119/><D68/><U75/><E82/><V103/><F103/><W81/><G83/><T57/><D119/><U35/><E35/><V127/><F127/><W130/><G130/><T33/><D33/><U11/><E1/><V29/><F29/><W32/><G32/><T63/><D31/><U51/><E37/><V93/><F93/><W126/><G126/><T38/><D38/><U109/><E109/><V116/><F116/><W34/><G34/><T76/><D94/><U44/><AGARI ba="0,0" hai="8,10,11,43,44,51,72,73,75,112,115" m="50763" machi="44" ten="40,3900,0" yaku="20,1,52,1" doraHai="40" who="1" fromWho="1" sc="292,-13,303,39,145,-13,260,-13" /><INIT seed="1,1,0,4,5,20" ten="279,342,132,247" oya="1" hai0="135,5,81,80,101,4,21,22,70,124,86,119,131" hai1="98,111,1,133,23,107,129,78,97,104,71,43,120" hai2="77,126,11,117,10,110,6,123,29,108,105,53,58" hai3="49,114,106,55,122,92,39,118,44,99,64,50,72"/><U57/><E120/><V31/><F105/><W45/><G72/><T82/><D70/><U69/><E1/><V46/><F123/><W84/><G39/><T100/><D119/><U112/><E112/><V51/><F117/><W79/><G106/><T76/><D124/><U96/><E43/><V130/><F126/><W125/><G125/><T0/><D131/><U26/><E78/><V16/><F130/><W19/><G64/><T121/><D135/><U60/><E133/><V67/><F77/><W14/><G114/><T2/><D121/><U68/><E129/><V88/><F67/><W38/><G38/><T134/><D134/><U30/><REACH who="1" step="1"/><E111/><REACH who="1" ten="279,332,132,247" step="2"/><V32/><F110/><W37/><G122/><T3/><D76/><U94/><E94/><V27/><F108/><W132/><G132/><T52/><D0/><U128/><E128/><V66/><F66/><AGARI ba="1,1" hai="23,26,30,57,60,66,68,69,71,96,97,98,104,107" machi="66" ten="50,9600,0" yaku="1,1,52,1,53,1" doraHai="20" doraHaiUra="25" who="1" fromWho="2" sc="279,0,332,109,132,-99,247,0" /><INIT seed="1,2,0,4,4,53" ten="279,441,33,247" oya="1" hai0="82,3,75,133,60,43,68,124,4,98,135,80,25" hai1="34,128,87,40,96,134,103,38,0,94,108,115,112" hai2="76,15,102,11,1,30,46,119,117,6,13,78,2" hai3="101,8,90,7,31,45,36,91,118,73,56,59,48"/><U49/><E0/><V47/><F102/><W105/><G73/><T9/><D124/><U54/><E34/><V74/><F74/><W125/><G36/><T116/><D116/><U92/><E134/><N who="0" m="51209" /><D75/><U26/><E128/><V107/><F11/><W93/><G105/><T14/><D43/><U19/><E108/><V29/><REACH who="2" step="1"/><F6/><REACH who="2" ten="279,441,23,247" step="2"/><W106/><G101/><T33/><D4/><U109/><E103/><V17/><F17/><W23/><G8/><T114/><D9/><U20/><E19/><V24/><F24/><W22/><G7/><T37/><D25/><U85/><E26/><V69/><F69/><W41/><G31/><T88/><D68/><U95/><E115/><V28/><F28/><W70/><G70/><T104/><D114/><U83/><E112/><V63/><F63/><W57/><G106/><AGARI ba="2,1" hai="1,2,13,15,29,30,46,47,76,78,106,107,117,119" machi="106" ten="25,3200,0" yaku="1,1,22,2,53,0" doraHai="53" doraHaiUra="132" who="2" fromWho="3" sc="279,0,441,0,23,48,247,-38" /><INIT seed="2,0,0,3,0,107" ten="279,441,71,209" oya="2" hai0="51,37,89,116,39,114,110,57,64,87,17,100,88" hai1="68,2,80,90,5,24,41,135,61,65,72,112,129" hai2="123,91,86,111,99,108,25,101,20,81,122,96,69" hai3="59,83,31,113,32,13,76,18,11,53,121,128,6"/><V105/><F69/><W70/><G70/><T125/><D114/><U21/><E112/><V109/><REACH who="2" step="1"/><F99/><REACH who="2" ten="279,441,61,209" step="2"/><W74/><G113/><T4/><D116/><U52/><E68/><V23/><F23/><W56/><G121/><T42/><D125/><U63/><E21/><V54/><F54/><W40/><G128/><T127/><D127/><U124/><E52/><V133/><F133/><W48/><G40/><T117/><D42/><U43/><E129/><V78/><F78/><W38/><G32/><T134/><D117/><U97/><E135/><V45/><F45/><W85/><G59/><T33/><D57/><U1/><E97/><V102/><F102/><W14/><G56/><T132/><D100/><U95/><E124/><V46/><F46/><W77/><G53/><T82/><D33/><U3/><E43/><V94/><F94/><W67/><G77/><T28/><D134/><U126/><E95/><V35/><F35/><W119/><G76/><T79/><D79/><U44/><E41/><V7/><F7/><W9/><G6/><T131/><D4/><U0/><E44/><V34/><F34/><W55/><G55/><T15/><D131/><U103/><E5/><V12/><F12/><W93/><G14/><T115/><D15/><U106/><E126/><V60/><F60/><W50/><G13/><T104/><D132/><U49/><E0/><V62/><F62/><W98/><G93/><T19/><D115/><U66/><E1/><V92/><F92/><W120/><G98/><T30/><D37/><U16/><E2/><V22/><F22/><W73/><G38/><RYUUKYOKU ba="0,1" sc="279,-10,441,-10,61,30,209,-10" hai2="20,25,81,86,91,96,101,105,108,109,111,122,123" /><INIT seed="2,1,1,1,3,73" ten="269,431,91,199" oya="2" hai0="31,130,25,113,106,92,99,129,127,104,77,115,93" hai1="59,51,57,109,23,46,29,26,76,36,62,34,16" hai2="7,91,64,41,22,114,96,71,17,110,6,67,20" hai3="126,112,68,98,70,133,84,8,82,87,44,54,128"/><V81/><F114/><N who="0" m="43530" /><D25/><U134/><E109/><V88/><F110/><W38/><G126/><T65/><D65/><N who="2" m="25162" /><F71/><W56/><G128/><N who="0" m="49259" /><D31/><U75/><E134/><V74/><F74/><W45/><G87/><T103/><D127/><U5/><E5/><N who="2" m="1547" /><F41/><W123/><G70/><T27/><D27/><U55/><E36/><V100/><F81/><W63/><G82/><T111/><D111/><U102/><E75/><V124/><F124/><W48/><G38/><T42/><D42/><U39/><E39/><V40/><F40/><W15/><G68/><T66/><D66/><U72/><E34/><V79/><F100/><W122/><G122/><T37/><D37/><U4/><E102/><V116/><F96/><W83/><G98/><N who="0" m="61559" /><D77/><U120/><E76/><V69/><F69/><W60/><G112/><T132/><D132/><U24/><E120/><V61/><F79/><N who="3" m="46207" /><G123/><T52/><D52/><U78/><E55/><V119/><F61/><N who="3" m="23627" /><G133/><T53/><D53/><U28/><E62/><V121/><F17/><AGARI ba="1,1" hai="8,15,17,44,45,48,54,56" m="23627,46207" machi="17" ten="30,2000,0" yaku="8,1,52,1" doraHai="73" who="3" fromWho="2" sc="269,0,431,0,91,-23,199,33" /><INIT seed="3,0,0,2,2,106" ten="269,431,68,232" oya="3" hai0="130,10,90,97,21,14,33,102,133,100,63,1,35" hai1="11,120,134,46,65,23,126,61,85,34,122,79,87" hai2="6,98,72,96,25,64,123,58,16,121,75,77,22" hai3="0,49,118,92,53,52,27,41,109,110,82,29,113"/><W7/><G113/><T129/><D133/><U73/><E34/><V18/><F77/><W3/><G118/><T84/><D1/><U17/><E126/><V78/><F78/><W59/><G41/><T55/><D21/><U44/><E134/><V13/><F6/><W19/><G19/><T30/><D63/><U36/><E36/><V62/><F96/><W38/><G38/><T48/><D30/><U37/><E37/><V91/><F91/><W47/><G82/><N who="0" m="49431" /><D33/><U2/><E87/><V76/><F98/><W128/><G92/><N who="0" m="58407" /><D102/><U32/><E32/><V5/><F5/><W57/><G57/><T39/><D35/><U119/><E61/><V107/><F107/><W50/><G7/><T115/><D39/><U26/><E2/><V20/><REACH who="2" step="1"/><F76/><REACH who="2" ten="269,431,58,232" step="2"/><W111/><G128/><T66/><D129/><U88/><E79/><V116/><F116/><W80/><G80/><T105/><D105/><U99/><E119/><V69/><F69/><W60/><G60/><T4/><D130/><U28/><E99/><V135/><F135/><W104/><G104/><T24/><D115/><U67/><E88/><V127/><F127/><W117/><G117/><T42/><D4/><U74/><E122/><AGARI ba="0,1" hai="13,16,18,20,22,25,58,62,64,72,75,121,122,123" machi="122" ten="40,8000,1" yaku="1,1,13,1,52,2,54,1,53,0" doraHai="106" doraHaiUra="95" who="2" fromWho="1" sc="269,0,431,-80,58,90,232,0" /><INIT seed="4,0,0,3,2,68" ten="269,351,148,232" oya="0" hai0="92,70,36,111,49,9,96,23,69,128,2,112,40" hai1="52,48,54,90,10,44,119,27,127,12,41,73,97" hai2="118,109,37,4,117,55,106,87,61,120,133,131,32" hai3="56,129,101,18,100,58,108,130,115,65,6,3,122"/><T42/><D112/><U15/><E73/><V107/><F87/><W75/><G75/><T83/><D128/><U53/><E119/><V60/><F4/><W14/><G108/><T5/><D111/><U46/><E127/><V95/><F109/><W17/><G115/><T124/><D124/><U80/><E27/><V102/><F32/><W25/><G25/><T51/><D42/><U59/><E15/><V93/><F131/><W71/><G14/><T78/><D23/><U94/><E80/><V72/><F72/><W20/><G20/><T103/><D69/><U91/><E91/><V99/><F55/><W105/><G65/><T135/><D70/><U50/><REACH who="1" step="1"/><E46/><REACH who="1" ten="269,341,148,232" step="2"/><V7/><F118/><W126/><G126/><T125/><D125/><U74/><E74/><V98/><F117/><W24/><G130/><T76/><D83/><U123/><E123/><V29/><F120/><W63/><G122/><T89/><D89/><U132/><E132/><V16/><F133/><W84/><G24/><T88/><D135/><U121/><E121/><V57/><F29/><W0/><G129/><T113/><D113/><U116/><E116/><V86/><F102/><W114/><G101/><T85/><D78/><U38/><E38/><V35/><F37/><W11/><G100/><T47/><REACH who="0" step="1"/><D76/><REACH who="0" ten="259,341,148,232" step="2"/><U79/><E79/><V66/><F107/><W64/><G105/><T13/><D13/><U33/><E33/><V82/><F35/><W45/><G114/><T43/><D43/><U28/><E28/><V77/><F77/><W21/><G0/><T1/><D1/><U81/><E81/><RYUUKYOKU ba="0,2" sc="259,15,341,15,148,-15,232,-15" hai0="2,5,9,36,40,47,49,51,85,88,92,96,103" hai1="10,12,41,44,48,50,52,53,54,59,90,94,97" /><INIT seed="4,1,2,4,4,98" ten="274,356,133,217" oya="0" hai0="69,65,42,97,89,91,46,27,18,38,76,127,123" hai1="17,48,109,32,6,66,55,121,118,84,78,52,79" hai2="103,2,51,61,99,3,70,29,90,11,56,50,96" hai3="75,100,126,20,39,134,105,117,1,59,62,86,122"/><T23/><D123/><U31/><E118/><V7/><F70/><W101/><G105/><T28/><D127/><U102/><E109/><V129/><F129/><W120/><G75/><T9/><D76/><U12/><E6/><V47/><F29/><W104/><G104/><T131/><D131/><U80/><E32/><V37/><F90/><W10/><G39/><T36/><D36/><U57/><E31/><V49/><F99/><W30/><G86/><T54/><D54/><N who="1" m="31943" /><E66/><V110/><F110/><W5/><G117/><T35/><D9/><N who="1" m="6287" /><E121/><N who="3" m="46698" /><G134/><T93/><D65/><U43/><E79/><V119/><F119/><W77/><G77/><T64/><D64/><U60/><E60/><V16/><F2/><W15/><G126/><T22/><D69/><U115/><E115/><V19/><F37/><W72/><G72/><T68/><D68/><U94/><E43/><V132/><F47/><W4/><G4/><T82/><D35/><U133/><E133/><V106/><REACH who="2" step="1"/><F132/><REACH who="2" ten="274,356,123,217" step="2"/><W116/><G116/><T8/><D38/><U92/><E78/><V0/><F0/><W26/><G1/><T83/><D46/><U71/><E71/><V63/><F63/><W128/><G128/><T40/><D28/><U87/><E80/><V73/><F73/><W130/><G130/><T88/><D82/><U21/><E84/><V112/><F112/><W44/><G44/><T41/><D83/><U81/><E87/><V113/><F113/><W25/><G62/><T53/><D91/><U85/><E85/><V13/><F13/><W45/><G45/><T24/><D89/><U114/><E81/><RYUUKYOKU ba="1,3" sc="274,-10,356,-10,123,30,217,-10" hai2="3,7,11,16,19,49,50,51,56,61,96,103,106" /><INIT seed="5,2,3,3,0,84" ten="264,346,153,207" oya="1" hai0="43,103,132,37,58,65,134,93,123,27,38,72,90" hai1="114,40,79,100,110,60,9,89,127,129,3,62,54" hai2="115,66,8,5,11,112,76,15,96,121,63,50,67" hai3="86,116,51,92,57,117,118,101,124,91,31,109,78"/><U135/><E114/><N who="2" m="43563" /><F121/><W55/><G124/><T71/><D123/><U20/><E129/><V70/><F76/><W64/><G109/><T16/><D72/><U19/><E135/><N who="0" m="51753" /><D103/><U53/><E127/><V104/><F67/><W69/><G31/><T44/><D71/><U45/><E79/><V81/><F81/><N who="3" m="47415" /><G101/><T4/><D4/><U42/><E100/><N who="2" m="62471" /><F50/><W35/><G35/><T14/><D27/><N who="1" m="14751" /><E3/><V73/><F8/><W99/><G64/><T94/><D38/><U24/><E9/><V61/><F61/><N who="1" m="23657" /><E24/><V30/><F30/><W46/><G46/><T133/><D133/><U87/><E110/><V56/><F73/><W120/><G120/><T17/><D65/><U26/><E26/><V7/><F7/><W80/><G80/><T28/><D28/><U29/><E29/><V74/><F74/><W41/><G41/><N who="1" m="15978" /><E45/><V18/><F5/><W23/><G23/><T106/><D44/><U102/><E102/><V131/><F131/><W111/><G111/><T83/><D43/><U107/><E107/><V39/><F39/><W33/><G33/><T48/><D37/><U13/><E13/><V22/><F11/><W2/><G2/><T25/><D106/><U1/><E1/><V105/><F105/><W122/><G122/><T97/><D25/><U59/><E59/><AGARI ba="2,3" hai="15,18,22,56,59,63,66,70" m="62471,43563" machi="59" ten="30,2000,0" yaku="15,1,11,1" doraHai="84" who="2" fromWho="1" sc="264,0,346,-26,153,56,207,0" /><INIT seed="6,0,0,1,2,70" ten="264,320,209,207" oya="2" hai0="130,114,124,46,5,28,20,74,25,134,69,66,91" hai1="58,112,115,84,113,87,10,118,26,125,97,88,18" hai2="127,129,12,77,54,51,30,17,135,132,106,62,82" hai3="128,73,33,7,63,90,93,0,85,31,100,55,131"/><V56/><F106/><W57/><G73/><T11/><D74/><U83/><E125/><V117/><F117/><W34/><G100/><T3/><D114/><U41/><E118/><V35/><F127/><W50/><G31/><T4/><D124/><U59/><E41/><V75/><F129/><N who="3" m="49739" /><G7/><T9/><D130/><U6/><E97/><V48/><F30/><W94/><G0/><T108/><D108/><U110/><E110/><V24/><F24/><W122/><G122/><T61/><D134/><N who="2" m="51242" /><F35/><W21/><G21/><AGARI ba="0,0" hai="12,17,21,48,51,54,56,62,75,77,82" m="51242" machi="21" ten="30,1500,0" yaku="20,1" doraHai="70" who="2" fromWho="3" sc="264,0,320,0,209,15,207,-15" /><INIT seed="6,1,0,3,4,68" ten="264,320,224,192" oya="2" hai0="51,111,52,87,53,76,40,29,44,12,20,4,56" hai1="64,71,1,17,135,27,105,90,28,38,30,92,16" hai2="59,54,22,115,25,63,133,34,0,31,26,62,35" hai3="117,23,124,89,7,39,123,58,97,10,46,50,119"/><V130/><F0/><W84/><G123/><T118/><D118/><U37/><E105/><V132/><F115/><W24/><G124/><T80/><D111/><U8/><E135/><N who="2" m="51787" /><F130/><W100/><G58/><T2/><D2/><U32/><E30/><N who="2" m="17719" /><F63/><W86/><G86/><T93/><D93/><U19/><E71/><V6/><F6/><W18/><G97/><T41/><D41/><U36/><E64/><V67/><F35/><W73/><G100/><T121/><D121/><U78/><E78/><V70/><F70/><W66/><G73/><T95/><D95/><U113/><E113/><V82/><F82/><W13/><G66/><AGARI ba="1,0" hai="26,31,34,54,59,62,66,67" m="17719,51787" machi="66" ten="30,1500,0" yaku="20,1" doraHai="68" who="2" fromWho="3" sc="264,0,320,0,224,18,192,-18" /><INIT seed="6,2,0,3,4,21" ten="264,320,242,174" oya="2" hai0="118,134,96,15,64,0,61,68,108,102,127,93,120" hai1="104,98,79,107,121,23,27,2,60,3,63,10,70" hai2="51,59,124,65,43,123,14,99,20,129,101,8,109" hai3="91,24,105,36,131,18,46,56,16,135,47,49,128"/><V97/><F123/><W112/><G105/><T95/><D0/><U103/><E107/><V132/><F129/><N who="3" m="49739" /><G135/><T82/><D108/><U50/><E121/><V19/><F132/><W115/><G91/><T42/><D127/><U78/><E50/><V72/><F72/><W34/><G56/><T17/><D118/><U117/><E117/><V57/><F124/><W45/><G49/><T126/><D126/><U119/><E119/><V12/><F109/><W11/><G36/><T37/><D134/><U1/><E10/><V71/><F71/><W22/><G34/><T52/><D42/><U33/><E33/><V66/><F59/><W69/><G69/><T53/><D37/><U88/><E88/><V87/><F87/><W90/><G90/><T40/><D40/><U114/><E114/><N who="3" m="43562" /><G11/><T85/><D93/><U83/><E70/><V5/><F99/><W30/><AGARI ba="2,0" hai="16,18,22,24,30,45,46,47" m="43562,49739" machi="30" ten="40,8000,1" yaku="19,1,15,1,11,1,52,1,54,1" doraHai="21" who="3" fromWho="3" sc="264,-22,320,-22,242,-42,174,86" /><INIT seed="7,0,0,1,0,121" ten="242,298,200,260" oya="3" hai0="50,11,74,68,108,116,13,73,10,14,79,48,47" hai1="117,52,133,37,33,120,113,126,19,124,88,61,125" hai2="67,128,104,78,91,34,123,35,77,107,40,92,58" hai3="38,20,119,76,132,57,96,16,93,29,22,129,63"/><W103/><G38/><T130/><D68/><U122/><E113/><V9/><F123/><W53/><G129/><T94/><D94/><U43/><E133/><V3/><F128/><W31/><G132/><T71/><D71/><U90/><E117/><V81/><F40/><W18/><G76/><T72/><D130/><U60/><E33/><V46/><F46/><W59/><G59/><T24/><D24/><U54/><E19/><V36/><F36/><W110/><G110/><T23/><D23/><U85/><E37/><V102/><F77/><W114/><G114/><T7/><D116/><U42/><E126/><V12/><F3/><W109/><G109/><T84/><D108/><U27/><E27/><V127/><F127/><W21/><G119/><T101/><D101/><U106/><E85/><V98/><F107/><AGARI ba="0,0" hai="42,43,52,54,60,61,88,90,106,107,120,122,124,125" machi="107" ten="25,6400,0" yaku="22,2,54,2" doraHai="121" who="1" fromWho="2" sc="242,0,298,64,200,-64,260,0" owari="242,-16.0,362,46.0,136,-36.0,260,6.0" /></mjloggm>