<mjloggm ver="2.3"><GO type="169" lobby="0"/><UN n0="%48%65%61%72%E2%80%A0%73%31%38" n1="%E3%82%8A%E3%82%81%E3%82%8D" n2="%E3%82%B7%E3%82%A7%E3%83%95%E3%83%81%E3%83%A7%E3%82%B3" n3="%E5%B0%B1%E6%B4%BB%E7%94%9F%40%E5%B7%9D%E6%9D%91%E8%BB%8D%E5%9B%A3" dan="17,16,16,17" rate="2142.74,2090.72,2140.41,2201.82" sx="F,F,M,M"/><TAIKYOKU oya="0"/><INIT seed="0,0,0,4,3,46" ten="250,250,250,250" oya="0" hai0="70,29,1,17,118,87,43,5,114,93,0,80,101" hai1="19,91,55,8,108,13,124,60,74,49,58,64,28" hai2="32,116,31,120,3,79,25,97,107,121,61,44,21" hai3="98,15,45,27,81,83,56,112,48,102,50,119,75"/><T7/><D114/><U42/><E108/><V18/><F116/><W34/><G112/><T41/><D118/><U115/><E115/><V82/><F3/><W57/><G119/><T65/><D29/><U85/><E124/><V133/><F133/><W113/><G113/><T125/><D17/><U72/><E42/><V131/><F131/><W110/><G110/><T129/><D125/><U59/><REACH who="1" step="1"/><E28/><REACH who="1" ten="250,240,250,250" step="2"/><V30/><F30/><W122/><G122/><T16/><D41/><U103/><E103/><V71/><F120/><W106/><G34/><T52/><D43/><U36/><E36/><V20/><F121/><W123/><G123/><T67/><D101/><U12/><E12/><V37/><F32/><W6/><G27/><T63/><D0/><U109/><E109/><V78/><F37/><W111/><G111/><T69/><D1/><U10/><E10/><V135/><F31/><W22/><G15/><T24/><D24/><U23/><E23/><V51/><F20/><W39/><G22/><T127/><D127/><U130/><E130/><V38/><F38/><W66/><G39/><T62/><D129/><U2/><E2/><V4/><F135/><W9/><G9/><T128/><D128/><U77/><E77/><V35/><F78/><W100/><G100/><T92/><D5/><U134/><E134/><V117/><F4/><W68/><G6/><T54/><D7/><U94/><AGARI ba="0,1" hai="8,13,19,49,55,58,59,60,64,72,74,85,91,94" machi="94" ten="20,12000,2" yaku="1,1,0,1,7,1,52,1,53,2" doraHai="46" doraHaiUra="105" who="1" fromWho="1" sc="250,-60,240,130,250,-30,250,-30" /><INIT seed="1,0,0,0,4,61" ten="190,370,220,220" oya="1" hai0="129,9,66,13,7,14,47,35,117,58,43,120,38" hai1="102,44,94,23,110,4,90,105,111,131,57,25,41" hai2="119,37,33,27,12,63,132,16,53,118,108,3,80" hai3="59,125,28,6,30,1,103,106,15,100,79,86,84"/><U87/><E131/><V48/><F37/><W73/><G1/><T126/><D129/><U78/><E78/><V98/><F3/><W54/><G73/><T81/><D117/><U40/><E4/><V11/><F108/><N who="1" m="41513" /><E44/><V99/><F132/><W62/><G125/><T122/><D126/><U134/><E134/><V68/><F118/><W107/><G107/><T104/><D104/><U124/><E124/><V135/><F135/><W42/><G42/><T74/><D35/><U114/><E114/><V29/><F80/><N who="3" m="47135" /><G86/><T82/><D13/><U127/><E127/><V95/><F119/><W70/><G106/><T123/><REACH who="0" step="1"/><D74/><REACH who="0" ten="180,370,220,220" step="2"/><U17/><E105/><V39/><F33/><W18/><G6/><T121/><N who="0" m="30720" /><DORA hai="0" /><T56/><D56/><U52/><E102/><N who="3" m="38954" /><G70/><T55/><D55/><U116/><E116/><V34/><F53/><W67/><G54/><T112/><D112/><U21/><E21/><AGARI ba="0,1" hai="15,18,21,28,30,59,62,67" m="38954,47135" machi="21" ten="30,2000,0" yaku="8,1,52,1" doraHai="61,0" who="3" fromWho="1" sc="180,0,370,-20,220,0,220,30" /><INIT seed="2,0,0,1,3,45" ten="180,350,220,250" oya="2" hai0="27,129,41,30,20,82,64,8,1,134,5,23,116" hai1="44,90,61,58,131,12,11,10,108,123,110,50,73" hai2="59,55,107,89,52,15,78,21,25,63,17,42,33" hai3="96,94,124,3,102,97,19,56,16,24,86,120,37"/><V72/><F107/><W29/><G3/><T77/><D116/><U106/><E106/><V126/><F126/><W88/><G37/><T99/><D134/><U9/><E73/><V115/><F115/><W67/><G120/><T47/><D129/><U95/><E131/><V81/><F42/><W103/><G124/><T40/><D99/><N who="1" m="57847" /><E123/><V39/><F39/><W76/><G76/><T48/><D64/><N who="1" m="38967" /><E110/><V28/><REACH who="2" step="1"/><F89/><REACH who="2" ten="180,350,210,250" step="2"/><W112/><G112/><T4/><D40/><N who="1" m="24839" /><E108/><V66/><AGARI ba="0,1" hai="15,17,21,25,28,33,52,55,59,63,66,72,78,81" machi="66" ten="20,7800,0" yaku="1,1,0,1,7,1,54,1,53,0" doraHai="45" doraHaiUra="35" who="2" fromWho="2" sc="180,-26,350,-26,210,88,250,-26" /><INIT seed="2,1,0,2,2,78" ten="154,324,298,224" oya="2" hai0="68,21,27,121,104,4,45,7,81,88,1,10,94" hai1="33,50,96,35,5,44,29,106,36,101,133,30,135" hai2="59,8,3,12,76,84,64,117,131,75,71,48,66" hai3="77,11,92,85,90,132,62,39,65,95,18,119,67"/><V115/><F117/><W69/><G119/><T2/><D121/><U61/><E36/><V14/><F75/><W134/><G39/><T120/><D120/><U0/><E61/><V102/><F115/><W43/><G43/><T13/><D68/><U25/><E5/><N who="2" m="3087" /><F3/><W113/><G113/><T32/><D32/><U103/><E0/><V15/><F71/><W111/><G111/><T9/><D13/><N who="2" m="4618" /><F102/><W55/><G67/><T63/><D63/><U110/><E103/><V20/><F20/><W83/><G11/><T97/><D45/><U79/><E110/><V26/><F26/><W116/><G116/><T118/><D118/><U98/><E33/><V89/><F76/><W108/><G18/><T40/><D40/><U112/><E79/><V57/><F131/><W28/><G28/><T109/><D109/><U24/><E112/><V93/><F48/><W22/><G22/><T42/><D42/><U122/><E122/><V72/><F72/><W6/><G6/><T47/><D47/><U127/><E30/><V19/><F19/><W105/><G105/><T53/><D104/><U123/><E123/><V100/><F100/><W31/><G31/><N who="0" m="17903" /><D53/><N who="1" m="29895" /><E25/><V41/><F41/><W91/><G55/><T73/><D73/><U37/><E37/><V16/><F16/><W80/><G108/><T129/><D129/><U130/><E130/><V51/><F51/><W107/><G107/><T56/><D56/><AGARI ba="1,0" hai="56,57,59,64,66,84,89,93" m="4618,3087" machi="56" ten="30,1500,0" yaku="8,1" doraHai="78" who="2" fromWho="0" sc="154,-18,324,0,298,18,224,0" /><INIT seed="2,2,0,3,4,50" ten="136,324,316,224" oya="2" hai0="97,89,118,20,46,58,110,112,4,2,31,35,64" hai1="68,71,16,19,84,26,49,103,28,109,81,99,63" hai2="14,41,105,79,43,52,122,42,94,60,88,120,1" hai3="56,95,101,7,6,38,51,27,90,121,33,102,8"/><V11/><F105/><W29/><G38/><T74/><D112/><U44/><E109/><V61/><F1/><W133/><G121/><T40/><D35/><U73/><E73/><V77/><F120/><W129/><G129/><T12/><D110/><U72/><E72/><V48/><F122/><W135/><G7/><T25/><D74/><U67/><E71/><V117/><F117/><W21/><G33/><T75/><D75/><U104/><E84/><N who="2" m="52487" /><F60/><W93/><G93/><T85/><D97/><U59/><E81/><V100/><F61/><W66/><G133/><T39/><D2/><U23/><REACH who="1" step="1"/><E59/><REACH who="1" ten="136,314,316,224" step="2"/><N who="2" m="33159" /><F100/><W130/><G130/><T55/><D118/><U54/><AGARI ba="2,1" hai="16,19,23,26,28,44,49,54,63,67,68,99,103,104" machi="54" ten="20,12000,2" yaku="1,1,0,1,7,1,52,1,54,1,53,1" doraHai="50" doraHaiUra="62" who="1" fromWho="1" sc="136,-32,314,136,316,-62,224,-32" /><INIT seed="3,0,0,0,1,19" ten="104,450,254,192" oya="3" hai0="32,41,77,117,135,38,94,126,46,15,61,48,3" hai1="56,134,55,8,85,98,133,96,114,58,131,6,33" hai2="112,130,124,69,115,22,63,83,34,37,100,43,106" hai3="60,121,64,31,14,123,21,72,97,30,40,59,73"/><W35/><G35/><T128/><D117/><U120/><E120/><V39/><F22/><W44/><G121/><T5/><D32/><U23/><E114/><N who="2" m="43563" /><F124/><W132/><G123/><T105/><D105/><U45/><E33/><V87/><F87/><W116/><G116/><T42/><D126/><U80/><E131/><V36/><F83/><W79/><G132/><N who="1" m="50794" /><E23/><V70/><F34/><W29/><G97/><T122/><D135/><U20/><E20/><V18/><F18/><W109/><G109/><T90/><D122/><U88/><E45/><N who="2" m="23783" /><F130/><W71/><G79/><T66/><D77/><U82/><E82/><V102/><F102/><W76/><G76/><T93/><D90/><U75/><E75/><V68/><F63/><W4/><G72/><T95/><D61/><N who="1" m="35999" /><E58/><V51/><F51/><W78/><G78/><T49/><D49/><U81/><E81/><V119/><F119/><W62/><G73/><T50/><D50/><U111/><E111/><V86/><F86/><W47/><G40/><T129/><D41/><U91/><E91/><V103/><F103/><W12/><G62/><T2/><D48/><U118/><E118/><V26/><F26/><W28/><G71/><T57/><D129/><U11/><E11/><V125/><F125/><W7/><N who="3" m="7680" /><DORA hai="113" /><W108/><G108/><T16/><D128/><U9/><E9/><V74/><F74/><W25/><G25/><T110/><D110/><U67/><E67/><V65/><F65/><W84/><G84/><T17/><D66/><U1/><AGARI ba="0,0" hai="1,6,8,80,85,88,96,98" m="35999,50794" machi="1" ten="30,2000,0" yaku="20,1,54,1" doraHai="19,113" who="1" fromWho="1" sc="104,-5,450,20,254,-5,192,-10" /><INIT seed="4,0,0,3,0,19" ten="99,470,249,182" oya="0" hai0="56,85,26,52,119,117,79,8,84,90,69,4,70" hai1="51,101,35,120,102,16,49,15,62,108,32,13,89" hai2="46,100,1,114,34,94,111,123,67,128,87,74,77" hai3="80,20,76,83,116,73,97,91,68,9,41,99,130"/><T47/><D47/><U95/><E108/><V66/><F34/><W115/><G68/><T82/><D119/><U5/><E120/><V134/><F1/><W31/><G116/><T131/><D117/><U81/><E81/><N who="2" m="45239" /><F46/><W110/><G110/><T135/><D135/><U33/><E62/><V14/><F14/><W42/><G115/><T23/><D131/><U60/><E60/><V37/><F37/><W125/><G125/><T25/><D25/><U12/><E5/><V59/><F59/><W109/><G109/><T88/><D84/><U36/><E36/><V0/><F0/><W86/><G130/><T61/><D69/><U112/><E112/><V129/><F111/><W40/><REACH who="3" step="1"/><G9/><REACH who="3" ten="99,470,249,172" step="2"/><T107/><D70/><U43/><E33/><V63/><F114/><W53/><G53/><T57/><D56/><U64/><E35/><V72/><F129/><W24/><AGARI ba="0,1" hai="20,24,31,40,41,42,73,76,80,83,86,91,97,99" machi="24" ten="30,4000,0" yaku="1,1,0,1,52,1,53,0" doraHai="19" doraHaiUra="71" who="3" fromWho="3" sc="99,-20,470,-10,249,-10,172,50" /><INIT seed="5,0,0,1,4,38" ten="79,460,239,222" oya="1" hai0="69,95,119,88,2,87,1,20,58,70,104,52,30" hai1="98,86,55,112,32,75,12,39,118,28,31,60,40" hai2="42,127,0,130,79,50,33,111,56,132,135,74,102" hai3="59,45,5,109,113,27,8,103,57,125,63,78,43"/><U9/><E75/><V80/><F111/><W99/><G109/><T41/><D104/><U105/><E118/><V13/><F0/><W4/><G125/><T22/><D119/><U18/><E32/><V81/><F127/><W14/><G113/><T115/><D115/><U21/><E112/><V73/><F130/><W84/><G27/><T107/><D107/><U93/><E105/><V64/><F33/><W47/><G4/><T94/><D94/><U19/><E86/><V65/><F102/><W83/><G63/><T100/><D100/><U17/><E17/><V15/><F56/><W97/><G47/><T133/><D133/><U123/><E123/><V16/><F50/><N who="3" m="26943" /><G97/><T54/><D54/><U23/><E9/><V110/><F110/><W51/><G51/><T71/><D41/><U134/><E40/><V24/><F42/><W128/><G128/><T126/><D126/><U116/><E39/><V91/><F24/><W76/><G78/><T122/><D122/><U66/><E134/><N who="2" m="51243" /><F13/><W62/><G62/><T46/><D46/><U68/><E116/><V114/><F114/><W101/><G101/><T53/><D53/><U117/><E117/><V26/><F26/><W108/><G108/><T82/><D30/><U131/><E55/><V11/><F74/><W6/><G6/><T120/><D120/><U67/><E131/><V29/><F29/><W48/><G48/><N who="0" m="30983" /><D1/><U10/><E67/><V44/><F44/><W61/><G61/><T77/><D2/><U34/><E34/><V37/><F37/><W106/><AGARI ba="0,0" hai="5,8,14,57,59,76,83,84,99,103,106" m="26943" machi="106" ten="30,2000,0" yaku="25,1,52,1" doraHai="38" who="3" fromWho="3" sc="79,-5,460,-10,239,-5,222,20" /><INIT seed="6,0,0,3,5,46" ten="74,450,234,242" oya="2" hai0="33,42,22,58,116,39,9,100,18,31,89,87,94" hai1="41,81,98,57,124,36,129,27,23,111,97,70,1" hai2="65,28,61,8,19,6,131,103,53,59,79,77,134" hai3="112,74,91,51,3,76,44,11,50,54,78,5,13"/><V115/><F115/><W120/><G120/><T104/><D116/><U108/><E70/><V45/><F131/><W60/><G3/><T55/><D9/><U47/><E129/><V119/><F119/><W127/><G74/><T40/><D39/><U117/><E117/><V20/><F28/><W109/><G109/><T71/><D71/><U80/><E1/><V29/><F29/><W83/><G112/><T15/><D33/><U110/><E124/><V68/><F103/><W25/><G60/><T10/><D31/><U26/><E57/><V17/><F134/><W118/><G25/><T30/><D30/><U56/><E26/><V43/><F8/><W135/><G135/><T69/><D10/><U12/><E12/><V105/><F6/><W90/><G127/><T67/><D67/><U14/><E14/><V7/><F7/><W34/><G34/><T24/><D24/><U130/><E130/><V84/><F84/><N who="3" m="48231" /><G78/><T121/><D69/><U32/><E32/><V133/><F105/><W128/><G128/><T123/><D123/><U38/><E38/><N who="2" m="21751" /><F133/><W64/><G64/><T132/><D132/><U48/><E36/><V63/><F20/><W49/><G118/><T2/><D2/><U16/><REACH who="1" step="1"/><E56/><REACH who="1" ten="74,440,234,242" step="2"/><N who="2" m="34959" /><F68/><W106/><G106/><T96/><REACH who="0" step="1"/><D121/><REACH who="0" ten="64,440,234,242" step="2"/><U126/><E126/><V73/><F65/><W72/><G11/><T122/><D122/><U4/><E4/><V113/><F113/><W101/><G5/><T66/><D66/><U82/><AGARI ba="0,2" hai="16,23,27,41,47,48,80,81,82,97,98,108,110,111" machi="82" ten="40,8000,1" yaku="1,1,0,1,52,1,54,1,53,1" doraHai="46" doraHaiUra="21" who="1" fromWho="1" sc="64,-20,440,100,234,-40,242,-20" /><INIT seed="7,0,0,4,0,2" ten="44,540,194,222" oya="3" hai0="85,47,7,53,50,111,77,11,79,15,112,102,123" hai1="40,36,68,76,37,110,61,91,106,57,86,135,113" hai2="64,107,38,56,9,129,97,119,26,120,84,92,33" hai3="25,116,80,14,39,67,19,126,4,20,34,10,132"/><W70/><G39/><T62/><D123/><U17/><E110/><V21/><F119/><W63/><G116/><T131/><D111/><U108/><E108/><V5/><F38/><W100/><G132/><T93/><D131/><U127/><E127/><V109/><F33/><W115/><G115/><T41/><D112/><U94/><E113/><V75/><F75/><W69/><G126/><T43/><D62/><U54/><E106/><V44/><F107/><W60/><G100/><T71/><D71/><U55/><E68/><V128/><F84/><W96/><G96/><T98/><D77/><U0/><E0/><V133/><F133/><W6/><G34/><T35/><D35/><U45/><E37/><V30/><F44/><W42/><G42/><T89/><D79/><U49/><E76/><V83/><F83/><W95/><G95/><T28/><D28/><U27/><E135/><V3/><F120/><W8/><G80/><T117/><D117/><U118/><E118/><V46/><F46/><W31/><G10/><T114/><D114/><U51/><E36/><V124/><F124/><W58/><G69/><T24/><D24/><U87/><E27/><V78/><F78/><W81/><G81/><T23/><D23/><U72/><E94/><V1/><F1/><W32/><G32/><T99/><D99/><U12/><E40/><V134/><F134/><W103/><G103/><T104/><D104/><U130/><E130/><N who="2" m="50283" /><F109/><W48/><G48/><T88/><D102/><U29/><E51/><V59/><F64/><AGARI ba="0,0" hai="4,6,8,14,19,20,25,31,58,60,63,64,67,70" machi="64" ten="30,5800,0" yaku="7,1,52,2" doraHai="2" who="3" fromWho="2" sc="44,0,540,0,194,-58,222,58" /><INIT seed="7,1,0,0,1,72" ten="44,540,136,280" oya="3" hai0="39,109,75,113,94,115,1,66,60,0,45,88,52" hai1="55,70,69,68,58,81,103,62,108,44,84,64,79" hai2="87,104,90,116,89,25,29,128,46,131,97,30,13" hai3="22,119,93,73,48,38,14,63,20,50,124,112,27"/><W92/><G38/><T102/><D102/><U12/><E108/><V107/><F116/><W11/><G73/><T95/><D95/><U83/><E103/><N who="2" m="62575" /><F107/><W47/><G119/><T4/><D75/><U127/><E127/><V125/><F125/><W34/><G34/><T43/><D109/><U24/><E83/><N who="2" m="49407" /><F13/><W74/><G74/><T21/><D21/><U3/><E3/><V5/><F5/><W18/><G124/><T56/><D66/><U19/><E24/><V78/><F78/><W132/><G63/><T71/><D71/><U77/><E44/><V32/><F30/><W98/><G50/><T85/><D4/><U51/><E77/><V49/><F90/><W37/><G37/><T41/><D41/><U106/><E106/><V54/><F32/><W121/><G20/><AGARI ba="1,0" hai="12,19,20,51,55,58,62,64,68,69,70,79,81,84" machi="20" ten="30,2000,0" yaku="7,1,52,1" doraHai="72" who="1" fromWho="3" sc="44,0,540,23,136,0,280,-23" owari="44,-46.0,563,66.0,136,-26.0,257,6.0" /></mjloggm>