<mjloggm ver="2.3"><GO type="169" lobby="0"/><UN n0="%E8%B1%86%E7%89%B9%EF%BC%A0%E6%B2%B3%E6%9D%91%E8%BB%8D%E5%9B%A3" n1="%E5%B0%B1%E6%B4%BB%E7%94%9F%40%E5%B7%9D%E6%9D%91%E8%BB%8D%E5%9B%A3" n2="%E9%8A%80%E8%89%B2%E8%87%AA%E8%BB%A2%E8%BB%8A" n3="%E9%9D%92%E5%B1%B1%E5%AD%A6%E9%99%A2%EF%BC%94%E5%B9%B4" dan="18,17,16,16" rate="2206.62,2186.93,2030.84,2116.76" sx="M,F,M,M"/><TAIKYOKU oya="0"/><INIT seed="0,0,0,3,3,121" ten="250,250,250,250" oya="0" hai0="93,47,18,36,76,130,50,42,39,5,12,126,101" hai1="122,25,98,61,83,115,106,104,48,124,120,119,8" hai2="63,72,24,58,30,97,56,21,127,22,28,100,7" hai3="27,6,79,37,46,66,95,16,92,80,132,3,103"/><T96/><D130/><U40/><E119/><V75/><F7/><W109/><G66/><T134/><D134/><U41/><E115/><V35/><F127/><W82/><G132/><T71/><D126/><U19/><E124/><V81/><F58/><W2/><G80/><T15/><D71/><U29/><E98/><V31/><F81/><W65/><G65/><T33/><D33/><U111/><E83/><V51/><F51/><W125/><G125/><T89/><D76/><U86/><E86/><V67/><F35/><W45/><G109/><T123/><D123/><U129/><E61/><V131/><F131/><W74/><G103/><T112/><D112/><U78/><E78/><V114/><F114/><W102/><G102/><T94/><D5/><U64/><E64/><V135/><F135/><W4/><G4/><T26/><D26/><U52/><E8/><V23/><REACH who="2" step="1"/><F24/><REACH who="2" ten="250,250,240,250" step="2"/><W117/><G6/><T118/><D118/><U10/><E25/><V88/><F88/><W99/><G117/><T14/><D39/><U91/><E48/><V59/><F59/><W73/><G37/><T85/><REACH who="0" step="1"/><D36/><REACH who="0" ten="240,250,240,250" step="2"/><U133/><E129/><V1/><F1/><N who="3" m="11" /><G27/><T44/><D44/><U107/><E133/><V128/><F128/><W0/><N who="3" m="19" /><W53/><DORA hai="11" /><G46/><T68/><D68/><U57/><E122/><V113/><F113/><W43/><G45/><T108/><D108/><U116/><E111/><V62/><F62/><W105/><G79/><T90/><D90/><U9/><E120/><V49/><F49/><W32/><G32/><T110/><D110/><U77/><E91/><RYUUKYOKU ba="0,2" sc="240,15,250,-15,240,15,250,-15" hai0="12,14,15,18,42,47,50,85,89,93,94,96,101" hai2="21,22,23,28,30,31,56,63,67,72,75,97,100" /><INIT seed="0,1,2,0,2,115" ten="255,235,255,235" oya="0" hai0="114,63,12,13,113,49,27,40,38,119,56,18,69" hai1="133,88,68,5,34,70,67,10,86,17,25,57,120" hai2="0,111,118,107,130,1,131,11,66,55,14,62,37" hai3="47,77,19,126,45,93,61,2,46,81,31,54,58"/><T87/><D119/><U124/><E120/><V132/><F107/><W74/><G2/><T65/><D27/><U108/><E108/><V100/><F100/><W3/><G3/><T103/><D103/><U53/><E133/><V123/><F123/><W134/><G31/><T51/><D51/><U106/><E106/><V23/><F37/><W85/><G126/><T26/><D26/><U97/><E97/><V8/><F132/><W128/><G128/><N who="2" m="49193" /><F55/><W44/><G134/><T83/><D13/><U50/><E67/><V127/><F111/><W33/><G33/><T94/><D94/><U110/><E110/><V89/><F11/><W78/><G78/><T7/><D7/><U4/><E124/><V71/><F127/><W41/><G19/><T6/><D6/><U105/><E105/><V82/><F23/><W20/><G20/><T28/><D28/><U32/><E5/><N who="2" m="3343" /><F118/><W92/><REACH who="3" step="1"/><G74/><REACH who="3" ten="255,235,255,225" step="2"/><T64/><D113/><U116/><E116/><V72/><F72/><W60/><G60/><N who="0" m="38023" /><D114/><U30/><E34/><V91/><F1/><W29/><G29/><T52/><D18/><U99/><E17/><V109/><F0/><W117/><G117/><T84/><D12/><U112/><E112/><V98/><F109/><W48/><AGARI ba="1,3" hai="41,44,45,46,47,48,54,58,61,77,81,85,92,93" machi="48" ten="30,4000,0" yaku="1,1,0,1,8,1,53,0" doraHai="115" doraHaiUra="21" who="3" fromWho="3" sc="255,-21,235,-11,255,-11,225,73" /><INIT seed="1,0,0,1,1,83" ten="234,224,244,298" oya="1" hai0="50,26,132,43,37,41,117,60,93,95,116,54,100" hai1="78,80,66,119,35,105,16,31,133,32,68,34,45" hai2="19,10,42,29,28,49,84,1,106,64,52,98,20" hai3="17,121,114,3,107,79,0,108,113,15,111,130,72"/><U94/><E105/><V6/><F42/><N who="0" m="15882" /><D37/><U74/><E119/><V18/><F64/><W23/><G107/><T55/><D117/><U30/><E133/><V102/><F84/><W73/><G130/><T59/><D132/><U92/><E45/><V57/><REACH who="2" step="1"/><F19/><REACH who="2" ten="234,224,234,298" step="2"/><W46/><G17/><T101/><D116/><U14/><E66/><V109/><F109/><W124/><G108/><T62/><D55/><U131/><E68/><V120/><F120/><W69/><G121/><T125/><D54/><U129/><E31/><V76/><F76/><W91/><G79/><T88/><D125/><U87/><E30/><V103/><F103/><W38/><G111/><T71/><D100/><U126/><E126/><V12/><AGARI ba="0,1" hai="1,6,10,12,18,20,28,29,49,52,57,98,102,106" machi="12" ten="20,5200,0" yaku="1,1,0,1,7,1,54,1,53,0" doraHai="83" doraHaiUra="122" who="2" fromWho="2" sc="234,-13,224,-26,234,62,298,-13" /><INIT seed="2,0,0,1,4,79" ten="221,198,296,285" oya="2" hai0="68,57,5,15,8,111,0,97,95,116,109,101,100" hai1="126,70,60,38,7,82,129,110,20,44,13,128,21" hai2="40,92,12,30,84,88,112,3,42,125,9,127,48" hai3="36,102,19,117,52,33,96,98,115,58,16,86,132"/><V71/><F71/><W24/><G117/><T35/><D68/><U67/><E126/><N who="2" m="48139" /><F3/><W61/><G36/><T2/><D35/><U23/><E110/><N who="0" m="41993" /><D116/><U65/><E67/><V47/><F30/><W56/><G132/><T17/><D57/><U130/><E38/><V26/><F26/><W89/><G115/><T122/><D122/><U6/><E44/><V108/><F112/><W118/><G118/><T18/><D18/><U124/><E13/><V107/><F107/><W93/><G98/><N who="0" m="59487" /><D17/><U28/><E28/><V10/><F108/><W32/><G58/><T105/><AGARI ba="0,0" hai="0,2,5,8,15,97,101,105" m="59487,41993" machi="105" ten="30,1100,0" yaku="14,1" doraHai="79" who="0" fromWho="0" sc="221,11,198,-3,296,-5,285,-3" /><INIT seed="3,0,0,4,2,72" ten="232,195,291,282" oya="3" hai0="111,126,63,82,133,70,55,60,52,78,93,37,49" hai1="73,22,54,10,67,89,117,15,19,77,16,7,99" hai2="75,11,131,128,118,17,113,79,58,21,62,115,23" hai3="1,56,27,2,41,68,100,112,114,71,40,119,84"/><W39/><G84/><T32/><D37/><U25/><E117/><V134/><F118/><W103/><G56/><T127/><D32/><U28/><E67/><V9/><F134/><W43/><G27/><T66/><D133/><U98/><E54/><V96/><F96/><W20/><G20/><T86/><D111/><U33/><E89/><V90/><F90/><W14/><G14/><T64/><D93/><U29/><E19/><V50/><F50/><W135/><G119/><T107/><D107/><U4/><E4/><V13/><F23/><W47/><G39/><T12/><D12/><U108/><E108/><V105/><F105/><W48/><G48/><T18/><D18/><U101/><E101/><N who="3" m="38986" /><G47/><T121/><D121/><U65/><E65/><N who="2" m="39127" /><F113/><N who="3" m="43627" /><G135/><T35/><D35/><U42/><E42/><V122/><F122/><W91/><G91/><T83/><D83/><N who="1" m="45487" /><E29/><V102/><F102/><W51/><G51/><T94/><D94/><U61/><E61/><V110/><F115/><W97/><G97/><T57/><REACH who="0" step="1"/><D55/><REACH who="0" ten="222,195,291,282" step="2"/><U36/><E36/><V45/><F110/><W5/><G5/><T88/><D88/><U109/><E109/><V34/><F34/><W6/><G6/><T81/><D81/><U129/><E129/><V95/><F131/><W120/><G120/><T74/><D74/><U44/><E44/><AGARI ba="0,1" hai="44,49,52,57,60,63,64,66,70,78,82,86,126,127" machi="44" ten="40,8000,1" yaku="1,1,52,1,54,1,53,1" doraHai="72" doraHaiUra="76" who="0" fromWho="1" sc="222,90,195,-80,291,0,282,0" /><INIT seed="4,0,0,3,4,97" ten="312,115,291,282" oya="0" hai0="95,78,100,23,117,36,89,8,71,127,53,99,12" hai1="10,46,2,45,51,50,129,111,126,59,58,54,86" hai2="3,113,94,17,24,44,92,19,128,104,132,103,120" hai3="4,70,116,81,7,18,21,1,66,80,79,25,31"/><T125/><D117/><U68/><E2/><V131/><F3/><W88/><G116/><T69/><D36/><U42/><E10/><V135/><F104/><W119/><G119/><T90/><D78/><U76/><E76/><V26/><F44/><W123/><G123/><T105/><D23/><U75/><E75/><V57/><F57/><W67/><G1/><T11/><D53/><U93/><E93/><N who="2" m="35947" /><F120/><W40/><G40/><T110/><D8/><U49/><E86/><V43/><F43/><W118/><G31/><T16/><D110/><U15/><E15/><V107/><F107/><W29/><G29/><T61/><D89/><U96/><E96/><V122/><F103/><W28/><G28/><T91/><D91/><U30/><E30/><V14/><F113/><W73/><G118/><T48/><D48/><N who="1" m="26679" /><E111/><V74/><F74/><W38/><G38/><T121/><D121/><U108/><E108/><V56/><F56/><N who="1" m="21545" /><E129/><N who="2" m="49739" /><F122/><W134/><G70/><T115/><D115/><U32/><E32/><V9/><F19/><W82/><G82/><T101/><D71/><U52/><E126/><N who="0" m="48137" /><D105/><U5/><E5/><V102/><F102/><N who="0" m="39530" /><D69/><U0/><E0/><V39/><F39/><W13/><G73/><T130/><D130/><U83/><E83/><V6/><F6/><W33/><G80/><T37/><D37/><U77/><E77/><V65/><F9/><W112/><G79/><T55/><D55/><N who="1" m="21035" /><E68/><V64/><F26/><W47/><G25/><T22/><D22/><U60/><E46/><V114/><F24/><W34/><G21/><T62/><AGARI ba="0,0" hai="11,12,16,61,62,90,95,99" m="39530,48137" machi="62" ten="30,12000,1" yaku="18,1,52,3,54,1" doraHai="97" who="0" fromWho="0" sc="312,120,115,-40,291,-40,282,-40" /><INIT seed="4,1,0,2,4,24" ten="432,75,251,242" oya="0" hai0="51,99,112,82,60,33,134,117,26,103,23,68,71" hai1="36,98,128,84,79,83,57,121,62,56,31,9,111" hai2="17,15,90,78,47,77,64,92,65,32,38,133,41" hai3="94,108,27,135,18,63,67,30,43,8,73,96,20"/><T132/><D117/><U37/><E121/><V40/><F32/><W42/><G135/><N who="0" m="51755" /><D112/><U48/><E111/><V81/><F133/><W66/><G73/><T118/><D118/><U29/><E128/><V105/><F105/><W87/><G87/><T70/><D33/><U5/><E37/><V53/><F53/><W34/><G8/><T72/><D51/><U22/><E36/><V50/><F40/><W61/><G61/><T28/><D82/><U102/><E22/><V39/><F39/><W91/><G67/><N who="2" m="25673" /><F81/><W86/><G96/><T93/><D72/><U97/><E48/><V59/><F59/><N who="1" m="22601" /><E62/><AGARI ba="1,0" hai="23,26,28,60,62,68,70,71,93,99,103" m="51755" machi="62" ten="40,3900,0" yaku="20,1,52,1" doraHai="24" who="0" fromWho="1" sc="432,42,75,-42,251,0,242,0" /><INIT seed="4,2,0,5,3,123" ten="474,33,251,242" oya="0" hai0="29,44,59,83,16,35,91,96,45,57,13,100,9" hai1="94,81,114,93,14,132,109,33,87,4,88,77,103" hai2="127,12,50,48,62,84,104,61,66,133,18,65,52" hai3="85,79,119,70,2,97,8,51,101,128,113,7,6"/><T95/><D35/><U1/><E1/><V20/><F104/><W41/><G7/><T23/><D29/><U38/><E33/><V86/><F127/><W25/><G70/><T3/><D3/><U5/><E38/><V72/><F72/><W130/><G119/><T115/><D115/><U124/><E124/><V110/><F110/><W36/><G36/><T117/><D117/><U118/><E118/><V28/><F28/><W125/><G25/><T53/><D9/><U43/><E114/><V30/><F30/><W105/><G113/><T56/><D53/><U126/><E126/><V116/><F116/><W55/><G41/><T10/><D10/><U34/><E34/><V74/><F74/><W135/><G135/><T112/><D112/><U27/><E132/><V111/><F111/><W39/><G39/><T71/><D71/><U107/><E109/><V49/><F133/><W90/><G79/><T47/><D83/><U32/><E43/><V24/><F24/><W15/><G2/><T68/><D68/><U31/><E93/><V80/><F86/><W102/><G125/><T58/><D59/><U121/><E14/><V82/><F82/><W46/><G101/><AGARI ba="2,0" hai="13,16,23,44,45,47,56,57,58,91,95,96,100,101" machi="101" ten="40,3900,0" yaku="8,1,54,1" doraHai="123" who="0" fromWho="3" sc="474,45,33,0,251,0,242,-45" /><INIT seed="4,3,0,1,5,40" ten="519,33,251,197" oya="0" hai0="72,41,60,100,86,34,55,37,93,120,28,43,16" hai1="127,65,77,3,23,102,50,74,14,61,49,88,1" hai2="84,130,112,66,118,18,47,116,85,70,82,57,68" hai3="91,5,69,106,129,108,9,42,81,4,2,46,20"/><T125/><D120/><U67/><E127/><V104/><F104/><W8/><G106/><T126/><D72/><U33/><E33/><V19/><F112/><W7/><G69/><T115/><D115/><U36/><E36/><V133/><F133/><W0/><G7/><T45/><D43/><U98/><E77/><V132/><F132/><W122/><G20/><T29/><D34/><U107/><E74/><V51/><F57/><W111/><G129/><T105/><D105/><U103/><E23/><V26/><F26/><W35/><G35/><T62/><D16/><U89/><E61/><N who="0" m="23657" /><D55/><U12/><E107/><V25/><F25/><W59/><G59/><T135/><D135/><U22/><E22/><V110/><F110/><W11/><G11/><T121/><D121/><U6/><E6/><V38/><F38/><W54/><G54/><T71/><D71/><U52/><E98/><V99/><F99/><W119/><G119/><T113/><D113/><U30/><REACH who="1" step="1"/><E52/><REACH who="1" ten="519,23,251,197" step="2"/><V97/><F97/><W95/><G122/><T24/><D126/><U15/><E15/><V96/><F96/><W32/><G32/><T27/><D125/><U117/><E117/><V92/><F116/><W79/><G111/><T114/><D114/><U123/><E123/><V128/><F118/><W53/><G108/><T73/><D73/><U75/><E75/><V80/><F66/><W109/><G109/><T101/><D101/><U78/><E78/><V124/><F124/><W21/><G79/><T17/><D100/><U56/><E56/><V134/><F134/><W64/><G53/><T10/><D37/><RYUUKYOKU ba="3,1" sc="519,-10,23,30,251,-10,197,-10" hai1="1,3,12,14,30,49,50,65,67,88,89,102,103" /><INIT seed="5,4,1,1,3,72" ten="509,53,241,187" oya="1" hai0="80,8,118,130,85,52,76,26,12,18,119,63,122" hai1="102,93,51,62,14,116,0,135,25,16,127,132,129" hai2="70,98,120,121,88,20,53,4,125,32,38,50,77" hai3="61,106,74,87,30,68,117,21,59,41,11,65,105"/><U99/><E0/><V66/><F32/><W37/><G74/><T69/><D130/><U113/><E116/><V95/><F38/><W45/><G117/><T10/><D119/><U73/><E129/><V47/><F4/><W101/><G11/><T2/><D118/><U6/><E127/><V97/><F125/><W35/><G35/><T44/><D26/><U43/><E113/><V55/><F70/><W36/><G36/><T96/><D96/><U126/><E126/><V108/><F66/><W133/><G133/><N who="1" m="51274" /><E73/><V115/><F115/><W123/><G123/><T75/><D69/><U1/><E62/><V89/><F108/><W34/><G34/><T110/><D110/><U54/><E1/><V27/><F77/><W67/><G67/><T40/><D76/><U124/><E124/><V91/><F55/><W29/><G101/><T107/><D52/><U31/><E43/><V58/><F47/><W13/><G29/><T82/><D44/><N who="1" m="28007" /><E6/><V134/><F134/><W90/><G68/><T56/><D40/><U111/><E111/><V94/><F89/><W33/><G90/><T15/><D2/><U7/><E7/><V39/><F39/><W81/><G37/><T22/><D75/><U9/><E25/><V79/><F27/><N who="3" m="18655" /><G45/><T84/><D63/><U71/><E71/><V46/><F46/><W64/><G41/><T92/><D56/><U103/><E31/><V49/><F58/><W48/><G48/><T60/><D60/><U5/><E5/><V86/><F50/><W28/><G65/><T57/><D57/><U19/><E19/><V131/><F131/><RYUUKYOKU ba="4,1" sc="509,-10,53,30,241,-10,187,-10" hai1="9,14,16,93,99,102,103" /><INIT seed="5,5,1,0,1,115" ten="499,83,231,177" oya="1" hai0="13,108,47,36,32,131,37,24,117,4,27,45,93" hai1="70,5,17,23,75,102,92,51,12,66,80,112,69" hai2="104,53,49,73,101,0,59,8,72,40,62,90,14" hai3="77,110,119,84,44,55,71,19,97,3,65,11,26"/><U50/><E112/><V6/><F0/><W111/><G97/><T95/><D13/><U35/><E35/><V38/><F104/><W79/><G65/><T127/><D32/><U94/><E5/><V89/><F101/><W128/><G71/><T63/><D4/><U87/><E75/><V68/><F73/><W42/><G55/><T20/><D20/><U57/><E70/><V113/><F72/><W29/><G128/><T43/><D63/><N who="1" m="38255" /><E69/><V30/><F30/><W22/><G110/><T33/><D108/><U106/><E106/><V109/><F109/><W132/><G111/><T74/><D33/><U76/><E102/><V121/><F121/><W48/><G84/><T78/><D74/><U135/><E135/><V54/><F113/><W116/><G132/><T126/><D78/><U130/><E130/><V133/><F133/><W67/><G67/><T103/><D103/><U86/><E86/><V58/><F68/><W46/><G44/><T7/><D7/><U39/><E39/><V82/><F38/><W123/><G123/><T9/><D131/><U120/><E120/><V124/><F124/><W34/><G11/><T85/><D9/><U21/><E21/><V1/><F1/><W118/><G3/><T41/><D85/><U114/><E114/><V81/><F40/><W107/><G107/><T18/><D18/><U28/><E28/><V105/><F105/><W2/><G2/><T25/><D25/><AGARI ba="5,1" hai="19,22,25,26,29,34,42,46,48,77,79,116,118,119" machi="25" ten="40,8000,1" yaku="12,1,52,3" doraHai="115" who="3" fromWho="0" sc="499,-95,83,0,231,0,177,105" /><INIT seed="6,0,0,0,4,100" ten="404,83,231,282" oya="2" hai0="7,108,122,71,73,11,3,91,123,65,113,81,32" hai1="131,42,86,30,127,35,54,49,93,51,83,59,79" hai2="98,61,118,21,15,16,66,50,129,40,2,78,69" hai3="39,76,68,102,119,62,48,37,23,52,105,126,134"/><V110/><F118/><W64/><G119/><T70/><D91/><U44/><E131/><V45/><F129/><W84/><G126/><T20/><D20/><U96/><E127/><V87/><F2/><W95/><G134/><T114/><D108/><U56/><E35/><V46/><F110/><W25/><G95/><T94/><D94/><U103/><REACH who="1" step="1"/><E30/><REACH who="1" ten="404,73,231,282" step="2"/><V1/><F1/><W4/><G4/><T17/><D32/><U111/><E111/><V38/><F38/><W0/><G0/><T36/><D36/><U72/><E72/><V57/><F69/><W97/><G76/><N who="0" m="44175" /><D70/><U67/><E67/><V47/><F98/><W24/><G84/><T133/><D133/><U18/><E18/><V115/><F115/><N who="0" m="44042" /><D17/><U92/><E92/><V5/><F5/><W63/><G63/><AGARI ba="0,1" hai="3,7,11,63,65,71,122,123" m="44042,44175" machi="63" ten="30,2000,0" yaku="15,1,23,1" doraHai="100" who="0" fromWho="3" sc="404,30,73,0,231,0,282,-20" /><INIT seed="7,0,0,1,5,82" ten="434,73,231,262" oya="3" hai0="81,97,129,23,134,33,104,6,89,40,71,94,125" hai1="93,36,69,39,0,127,99,48,46,85,114,103,92" hai2="130,107,16,105,56,19,112,78,80,79,13,106,41" hai3="126,4,90,62,83,7,8,38,32,131,54,55,88"/><W44/><G32/><T10/><D33/><U115/><E0/><V17/><F112/><W37/><G126/><T45/><D71/><U95/><E69/><V60/><F41/><W117/><G117/><T28/><D125/><U20/><E127/><V91/><F130/><W86/><G131/><T135/><D129/><U58/><E58/><V25/><F25/><W9/><G90/><T132/><D81/><U57/><E57/><V70/><F70/><W65/><G37/><T118/><D104/><U24/><E39/><V2/><F2/><W76/><G76/><T102/><D118/><U34/><E34/><V42/><F42/><W72/><G72/><T113/><D113/><U74/><E36/><V120/><F120/><W68/><G38/><N who="0" m="21655" /><D23/><U133/><E74/><V26/><F26/><W98/><G98/><T67/><D67/><U30/><E133/><V66/><REACH who="2" step="1"/><F13/><REACH who="2" ten="434,73,221,262" step="2"/><W108/><G108/><T84/><D28/><U124/><E124/><V101/><F101/><W12/><G44/><T109/><D109/><U21/><E21/><V27/><F27/><W63/><G62/><T64/><D64/><U75/><E75/><V49/><F49/><W11/><G8/><T31/><D31/><U3/><E3/><AGARI ba="0,1" hai="3,4,7,9,11,12,54,55,63,65,68,83,86,88" machi="3" ten="30,5800,0" yaku="7,1,52,1,54,1" doraHai="82" who="3" fromWho="1" sc="434,0,73,-58,221,0,262,68" /><INIT seed="7,1,0,5,0,29" ten="434,15,221,330" oya="3" hai0="67,40,93,49,0,128,63,64,124,8,21,115,83" hai1="119,31,130,96,51,60,104,82,125,73,135,91,32" hai2="61,109,68,66,20,85,1,77,33,123,2,79,39" hai3="113,28,46,41,59,25,75,121,112,106,71,9,53"/><W97/><G121/><T11/><D128/><U58/><E31/><V84/><F39/><W22/><G71/><T118/><D118/><U92/><E51/><V30/><F20/><W44/><G75/><T81/><D124/><U16/><E60/><V17/><F17/><W108/><G108/><T76/><D115/><N who="3" m="44105" /><G9/><N who="0" m="3659" /><D0/><U56/><E56/><V94/><F109/><W72/><G72/><T12/><D93/><U69/><E58/><V7/><F7/><W3/><G3/><T36/><D36/><U126/><E16/><V78/><F123/><W27/><G41/><T101/><D101/><U47/><E47/><V127/><F94/><W129/><G129/><T37/><D37/><U4/><E4/><V100/><F100/><N who="3" m="62735" /><G27/><T132/><D40/><U111/><E92/><V117/><F117/><W43/><G43/><T62/><D83/><U86/><E86/><V15/><F15/><W19/><G19/><N who="0" m="10471" /><D81/><U6/><E82/><V122/><F127/><W110/><G110/><T23/><D76/><U14/><E14/><V105/><F105/><W114/><N who="3" m="44113" /><W10/><DORA hai="50" /><G10/><T102/><D102/><U133/><E6/><V45/><F45/><W54/><G54/><T26/><D26/><U103/><E103/><V89/><F68/><W131/><G131/><T80/><D80/><U95/><E95/><V88/><F2/><W134/><G134/><T57/><D132/><U55/><E55/><V13/><F1/><W120/><G120/><T34/><D67/><U35/><E130/><V42/><F122/><W98/><G98/><T116/><D64/><U38/><E111/><RYUUKYOKU ba="1,0" sc="434,-10,15,-10,221,-10,330,30" hai3="22,25,28,44,46,53,59" /><INIT seed="7,2,0,0,5,34" ten="424,5,211,360" oya="3" hai0="63,30,67,29,65,0,14,96,37,72,48,77,47" hai1="110,87,130,129,115,7,27,135,17,40,55,122,49" hai2="21,73,60,19,112,5,124,3,102,43,54,103,132" hai3="41,59,38,114,123,81,42,46,15,100,8,105,121"/><W53/><G114/><T118/><D0/><U88/><E122/><V18/><F73/><W36/><G81/><T109/><D109/><U95/><E40/><V101/><F101/><W62/><G100/><T11/><D118/><U84/><E7/><V83/><F83/><W79/><G79/><T58/><D37/><U33/><E110/><V20/><F20/><W6/><REACH who="3" step="1"/><G105/><REACH who="3" ten="424,5,211,350" step="2"/><T76/><D72/><U125/><E115/><V69/><F69/><W44/><AGARI ba="2,1" hai="6,8,15,36,38,41,42,44,46,53,59,62,121,123" machi="44" ten="30,11700,0" yaku="1,1,2,1,0,1,9,1,53,0" doraHai="34" doraHaiUra="98" who="3" fromWho="3" sc="424,-41,5,-41,211,-41,350,133" owari="383,18.0,-36,-54.0,170,-23.0,483,59.0" /></mjloggm>