<mjloggm ver="2.3"><GO type="169" lobby="0"/><UN n0="%E5%B0%B1%E6%B4%BB%E7%94%9F%40%E5%B7%9D%E6%9D%91%E8%BB%8D%E5%9B%A3" n1="%E9%98%BF%E4%BF%AE%E7%BE%85%E4%BD%B3%E5%A5%88" n2="%6D%6F%6E%6F%6B%65%61" n3="%E5%80%89%E6%A9%8B%EF%BC%A0%E4%BA%8B%E5%8B%99" dan="17,17,16,16" rate="2208.86,2227.59,2154.73,2087.44" sx="M,F,M,F"/><TAIKYOKU oya="0"/><INIT seed="0,0,0,4,4,87" ten="250,250,250,250" oya="0" hai0="42,39,78,21,32,43,99,74,93,30,65,81,94" hai1="22,7,97,14,66,27,37,52,15,109,125,86,11" hai2="48,127,92,82,54,100,69,71,89,58,41,130,56" hai3="36,25,45,120,62,72,12,112,134,55,28,18,31"/><T73/><D73/><U95/><E37/><V77/><F127/><W80/><G112/><T119/><D119/><U0/><E109/><V101/><F130/><W90/><G31/><T75/><D75/><U35/><E66/><V111/><F111/><W108/><G108/><T107/><D32/><U53/><E125/><V24/><F41/><W124/><G124/><T70/><D107/><U4/><E86/><V85/><F58/><W123/><G72/><T47/><D43/><U19/><E35/><V61/><F24/><W110/><G36/><T20/><D30/><U96/><E96/><V63/><F71/><W67/><G25/><T135/><D135/><U68/><E68/><V26/><F26/><W64/><G28/><T98/><D65/><U34/><E34/><V133/><F133/><W116/><G67/><T60/><D60/><N who="2" m="23114" /><F69/><W132/><G62/><T17/><D70/><U5/><E0/><V102/><F77/><W10/><G64/><T106/><D106/><U88/><REACH who="1" step="1"/><E15/><REACH who="1" ten="250,240,250,250" step="2"/><V103/><N who="2" m="25600" /><DORA hai="50" /><V105/><F105/><W51/><G110/><T38/><D38/><U122/><E122/><N who="3" m="46634" /><G116/><T114/><D39/><U23/><E23/><V118/><F118/><W8/><G8/><T83/><D21/><U126/><E126/><V44/><F44/><W117/><G117/><T1/><D47/><U76/><E76/><V16/><F82/><W84/><AGARI ba="0,1" hai="10,12,18,45,51,55,80,84,90,132,134" m="46634" machi="84" ten="30,7900,0" yaku="25,1,13,1,52,2" doraHai="87,50" who="3" fromWho="3" sc="250,-39,240,-20,250,-20,250,89" /><INIT seed="1,0,0,4,2,57" ten="211,220,230,339" oya="1" hai0="95,81,5,73,84,109,49,51,130,58,62,39,13" hai1="85,67,63,79,55,3,83,11,33,88,101,64,60" hai2="128,30,100,35,105,50,98,45,69,134,16,135,23" hai3="108,59,119,103,125,117,37,75,40,21,4,14,68"/><U92/><E33/><V94/><F128/><W111/><G68/><T132/><D39/><U24/><E24/><V112/><F112/><W44/><G75/><T74/><D74/><U20/><E20/><V31/><F69/><W54/><G103/><T32/><D32/><U82/><E3/><V110/><F110/><N who="3" m="42027" /><G125/><T120/><D73/><U91/><E11/><V72/><F72/><W96/><G96/><T48/><D109/><U12/><E12/><V93/><F93/><W27/><G14/><T38/><D38/><U6/><E6/><V18/><F105/><W127/><G4/><T15/><D130/><U2/><E2/><V87/><F87/><W19/><G127/><T89/><D132/><N who="2" m="50730" /><F35/><W10/><G10/><T53/><D120/><U7/><E7/><V47/><F47/><W107/><G107/><T25/><D5/><U115/><E115/><V41/><F18/><W78/><G78/><T52/><D25/><AGARI ba="0,0" hai="16,23,25,30,31,41,45,50,94,98,100" m="50730" machi="25" ten="30,2000,0" yaku="20,1,54,1" doraHai="57" who="2" fromWho="0" sc="211,-20,220,0,230,20,339,0" /><INIT seed="2,0,0,5,0,109" ten="191,220,250,339" oya="2" hai0="45,69,123,131,133,106,26,95,4,90,120,129,73" hai1="58,21,96,122,82,7,67,12,94,1,63,62,0" hai2="52,119,135,75,61,112,115,16,97,92,86,24,124" hai3="20,56,11,35,60,2,28,59,54,113,42,128,78"/><V65/><F75/><W99/><G35/><T55/><D69/><U9/><E122/><N who="0" m="46633" /><D4/><U89/><E63/><V5/><F119/><W134/><G42/><T46/><D26/><U79/><REACH who="1" step="1"/><E21/><REACH who="1" ten="191,210,250,339" step="2"/><N who="2" m="13351" /><F124/><W126/><G20/><T68/><D68/><U41/><E41/><V81/><F5/><W101/><G60/><T98/><D55/><U125/><E125/><V37/><F65/><W25/><G54/><T43/><D43/><U14/><E14/><V48/><F48/><W104/><G126/><T114/><D129/><U31/><E31/><V29/><F29/><W17/><G28/><T70/><D70/><U130/><E130/><V110/><F37/><W100/><G128/><T15/><D15/><U84/><AGARI ba="0,1" hai="0,1,7,9,12,58,62,67,79,82,84,89,94,96" machi="84" ten="20,2700,0" yaku="1,1,0,1,7,1,53,0" doraHai="109" doraHaiUra="50" who="1" fromWho="1" sc="191,-7,210,37,250,-13,339,-7" /><INIT seed="3,0,0,3,3,48" ten="184,247,237,332" oya="3" hai0="95,75,91,125,100,16,112,23,63,97,73,98,49" hai1="124,39,56,22,36,128,13,105,102,15,61,53,93" hai2="117,85,104,74,134,8,34,30,77,76,45,26,113" hai3="27,127,132,119,19,24,51,109,72,40,42,35,123"/><W7/><G123/><T3/><D3/><U60/><E128/><V54/><F134/><W90/><G119/><T43/><D125/><U126/><E105/><V81/><F113/><W78/><G127/><N who="1" m="48682" /><E22/><V110/><F117/><W135/><G7/><T41/><D112/><U92/><E102/><V71/><F71/><W65/><G109/><T83/><D63/><U62/><E56/><V44/><F104/><W17/><G65/><T84/><D98/><U18/><E18/><V133/><F110/><W111/><G111/><T82/><D73/><U20/><E20/><V106/><F106/><W66/><G66/><T37/><D37/><N who="1" m="14411" /><E53/><V33/><F133/><W122/><G122/><T2/><D2/><U25/><E25/><V14/><F34/><W31/><G27/><T87/><D75/><U94/><AGARI ba="0,0" hai="13,15,60,61,62,92,93,94" m="14411,48682" machi="94" ten="40,5200,0" yaku="28,2,18,1" doraHai="48" who="1" fromWho="1" sc="184,-13,247,52,237,-13,332,-26" /><INIT seed="4,0,0,1,5,62" ten="171,299,224,306" oya="0" hai0="72,135,111,27,46,113,120,131,24,58,70,80,9" hai1="88,11,90,10,76,40,112,43,18,107,92,82,123" hai2="16,99,5,25,7,28,20,39,31,89,23,124,50" hai3="95,100,118,49,30,121,36,129,91,56,63,134,45"/><T54/><D70/><U117/><E107/><V68/><F39/><W126/><G36/><T33/><D120/><U29/><E117/><V79/><F68/><W37/><G37/><T78/><D113/><U104/><E104/><V66/><F79/><W98/><G118/><T103/><D111/><U13/><E123/><V53/><F124/><W47/><G126/><T128/><D135/><U84/><E29/><V105/><F105/><W57/><G121/><T116/><D116/><U115/><E11/><V2/><F2/><W94/><G134/><T51/><D103/><U35/><E90/><V0/><F0/><W86/><G129/><T127/><D127/><U6/><E35/><V102/><F66/><N who="3" m="39271" /><G30/><T41/><D9/><U4/><E4/><V3/><F3/><W52/><AGARI ba="0,0" hai="45,47,49,52,57,86,91,94,95,98,100" m="39271" machi="52" ten="30,4000,0" yaku="8,1,52,1,54,1" doraHai="62" who="3" fromWho="3" sc="171,-20,299,-10,224,-10,306,40" /><INIT seed="5,0,0,2,4,104" ten="151,289,214,346" oya="1" hai0="18,30,5,59,77,101,62,50,124,120,103,132,70" hai1="33,10,119,133,12,0,48,95,110,129,94,28,74" hai2="45,71,31,8,105,41,57,127,14,112,108,4,88" hai3="19,135,58,53,39,61,97,55,100,20,72,44,79"/><U73/><E119/><V76/><F105/><W43/><G135/><T87/><D132/><U37/><E133/><V52/><F71/><W47/><G47/><T6/><D124/><U128/><E37/><V9/><F127/><W25/><G79/><T1/><D30/><U91/><E0/><V3/><F112/><W123/><G123/><T85/><D70/><U114/><E48/><V60/><F108/><W21/><G21/><T42/><D1/><U107/><E95/><V116/><F116/><W92/><G72/><N who="1" m="27754" /><E107/><V113/><F76/><W38/><G38/><T126/><D126/><U24/><E110/><V125/><F125/><W22/><G22/><T40/><D50/><U83/><E83/><V78/><F78/><W111/><G111/><T80/><D120/><U34/><E114/><V96/><F113/><W67/><AGARI ba="0,0" hai="19,20,25,39,43,44,53,55,58,61,67,92,97,100" machi="67" ten="20,1500,0" yaku="0,1,7,1" doraHai="104" who="3" fromWho="3" sc="151,-4,289,-7,214,-4,346,15" /><INIT seed="6,0,0,3,1,121" ten="147,282,210,361" oya="2" hai0="92,101,119,15,43,130,81,56,74,26,132,114,86" hai1="37,8,117,123,58,9,112,99,75,115,19,78,113" hai2="47,34,69,73,72,28,89,120,82,107,125,41,68" hai3="27,85,108,7,133,39,1,54,83,129,45,110,96"/><V17/><F17/><W71/><G71/><N who="2" m="27209" /><F89/><W6/><G6/><T111/><D111/><U100/><E117/><V60/><F60/><W124/><G27/><T44/><D114/><U126/><E123/><V98/><F120/><W18/><G18/><T61/><D130/><U70/><E37/><N who="2" m="21935" /><F82/><W30/><G30/><T63/><D132/><U122/><E122/><V88/><F88/><W16/><G16/><T103/><D119/><U42/><E70/><V35/><F125/><W91/><G133/><T87/><D74/><N who="2" m="28778" /><F28/><W46/><G124/><T38/><D63/><U65/><E126/><V102/><AGARI ba="0,0" hai="34,35,98,102,107" m="28778,21935,27209" machi="102" ten="40,3900,0" yaku="33,2" doraHai="121" who="2" fromWho="2" sc="147,-13,282,-13,210,39,361,-13" /><INIT seed="6,1,0,3,2,74" ten="134,269,249,348" oya="2" hai0="128,6,60,15,83,47,72,129,10,121,7,117,119" hai1="33,28,22,19,32,38,102,18,4,99,91,94,104" hai2="48,2,73,53,100,17,88,41,57,13,65,0,76" hai3="114,25,70,69,105,31,62,113,5,85,20,120,109"/><V77/><F73/><W115/><G109/><T110/><D60/><U55/><E38/><V23/><F100/><W125/><G120/><T45/><D110/><U98/><E4/><N who="0" m="1577" /><D72/><U37/><E37/><V93/><F65/><W40/><G105/><T135/><D83/><U90/><E19/><V134/><F134/><W64/><G125/><T9/><D121/><U14/><E28/><V3/><REACH who="2" step="1"/><F41/><REACH who="2" ten="134,269,239,348" step="2"/><W111/><G40/><T112/><D135/><U34/><E102/><V61/><F61/><W30/><G111/><T81/><D112/><U103/><E103/><V8/><F8/><N who="0" m="3178" /><D15/><U35/><E14/><V106/><F106/><W78/><G115/><T66/><D66/><U63/><E104/><V96/><AGARI ba="1,1" hai="0,2,3,13,17,23,48,53,57,76,77,88,93,96" machi="96" ten="30,12000,1" yaku="1,1,0,1,52,2,54,1,53,0" doraHai="74" doraHaiUra="79" who="2" fromWho="2" sc="134,-41,269,-41,239,133,348,-41" /><INIT seed="6,2,0,4,5,99" ten="93,228,372,307" oya="2" hai0="103,58,80,47,94,55,123,109,3,29,17,21,91" hai1="84,120,60,76,26,28,89,116,43,132,93,62,125" hai2="126,92,108,24,61,115,113,7,39,45,134,59,70" hai3="34,31,49,67,51,16,135,106,124,8,78,53,32"/><V2/><F2/><W5/><G67/><T15/><D109/><U98/><E116/><V35/><F7/><W48/><G78/><T40/><D123/><U97/><E132/><V81/><F81/><W114/><G135/><T71/><D71/><U90/><E125/><V10/><F10/><W102/><G124/><T75/><D3/><U131/><E131/><V112/><F134/><W110/><G110/><T72/><D29/><U104/><E43/><N who="2" m="22783" /><F108/><W133/><G31/><T0/><D0/><U56/><E120/><V33/><F126/><W25/><G133/><T95/><D80/><U6/><E6/><V100/><F70/><W79/><G53/><T54/><D54/><U41/><E41/><V69/><F69/><W57/><G5/><T101/><D75/><U9/><E9/><V118/><F118/><W18/><G8/><T4/><D72/><U73/><E104/><V44/><F44/><W122/><G106/><T121/><D121/><U1/><E1/><V82/><F82/><W83/><G83/><T65/><D65/><U27/><E73/><V14/><F14/><W13/><G13/><T127/><D127/><U38/><E38/><V119/><F119/><W68/><G68/><T63/><D4/><U107/><E107/><V117/><F117/><W74/><G74/><T129/><D129/><U87/><E28/><N who="2" m="19591" /><F35/><W85/><G34/><T52/><D55/><U88/><E76/><V130/><F130/><W36/><G79/><T96/><D94/><N who="1" m="54535" /><E98/><N who="2" m="59463" /><F115/><W19/><G114/><T86/><D96/><U50/><E50/><AGARI ba="2,0" hai="15,17,21,40,47,50,52,58,63,86,91,95,101,103" machi="50" ten="30,8000,1" yaku="7,1,8,1,52,2,54,1" doraHai="99" who="0" fromWho="1" sc="93,86,228,-86,372,0,307,0" /><INIT seed="7,0,0,0,5,6" ten="179,142,372,307" oya="3" hai0="50,74,27,8,37,109,55,117,84,134,19,133,33" hai1="61,96,69,100,0,126,105,70,29,93,3,40,135" hai2="65,42,38,118,102,88,47,49,114,31,101,76,131" hai3="15,14,17,99,58,12,125,86,25,60,81,124,122"/><W92/><G122/><T130/><D74/><U2/><E40/><V128/><F114/><W89/><G25/><T72/><D72/><U21/><E135/><N who="0" m="51721" /><D37/><U123/><E123/><V75/><F65/><W112/><G112/><T85/><D130/><U28/><E126/><V90/><F38/><W113/><G113/><T97/><D97/><U132/><E132/><V87/><F31/><W26/><G26/><T82/><D109/><U54/><E21/><V108/><F118/><W5/><G5/><T22/><D82/><U57/><E105/><V56/><F90/><W64/><REACH who="3" step="1"/><G17/><REACH who="3" ten="179,142,372,297" step="2"/><T115/><D19/><U120/><REACH who="1" step="1"/><E120/><REACH who="1" ten="179,132,372,297" step="2"/><V107/><F128/><W91/><AGARI ba="0,2" hai="12,14,15,58,60,64,81,86,89,91,92,99,124,125" machi="91" ten="30,18000,2" yaku="1,1,2,1,0,1,53,3" doraHai="6" doraHaiUra="10" who="3" fromWho="3" sc="179,-60,132,-60,372,-60,297,200" owari="119,-28.0,72,-43.0,312,11.0,497,60.0" /></mjloggm>