<mjloggm ver="2.3"><GO type="225" lobby="0"/><UN n0="%E5%8E%9F%E5%AE%BF%E3%82%B8%E3%82%A7%E3%83%B3%E3%83%8C" n1="%E3%81%A9%E3%82%93%E3%82%88%E3%81%8F%4D%6B%2E%32" n2="%E3%82%A6%E3%83%AB%E3%83%88%E3%83%A9%E7%AB%8B%E7%9B%B4" n3="%E3%81%9F%E3%81%8C%E3%81%BF%E5%89%9B" dan="16,16,17,16" rate="2144.11,2107.02,2161.98,2081.38" sx="M,M,M,M"/><TAIKYOKU oya="0"/><INIT seed="0,0,0,5,4,116" ten="250,250,250,250" oya="0" hai0="72,16,107,14,127,38,74,40,55,10,73,43,31" hai1="45,44,94,11,118,49,46,34,48,24,111,93,60" hai2="102,21,5,68,70,78,63,114,9,36,122,83,119" hai3="132,121,25,35,18,15,103,22,87,85,130,30,61"/><T6/><D107/><U110/><E118/><V108/><F119/><W109/><G132/><T12/><D31/><U47/><E11/><V131/><F114/><W37/><G37/><T79/><D127/><U124/><E124/><V89/><F89/><W96/><G130/><T99/><D99/><U23/><E34/><V51/><F21/><W128/><G128/><T115/><D115/><U77/><E77/><V64/><F51/><N who="1" m="19529" /><E60/><V105/><F36/><W13/><G109/><N who="1" m="41482" /><E47/><V62/><F62/><W4/><G4/><T117/><D117/><U113/><E113/><V123/><F70/><W81/><G61/><T50/><D79/><U26/><E23/><V135/><F108/><W59/><G59/><T101/><D38/><U90/><E90/><V133/><F131/><W75/><G15/><T91/><D91/><U71/><E71/><V17/><F17/><W104/><G35/><T41/><D101/><U66/><E66/><V92/><F92/><AGARI ba="0,0" hai="24,26,44,45,46,92,93,94" m="41482,19529" machi="92" ten="40,5200,0" yaku="28,2,14,1" doraHai="116" who="1" fromWho="2" sc="250,0,250,52,250,-52,250,0" /><INIT seed="1,0,0,0,2,58" ten="250,302,198,250" oya="1" hai0="83,72,25,24,105,135,57,103,52,124,97,16,81" hai1="14,64,132,15,26,49,127,120,74,99,86,2,110" hai2="27,22,92,104,45,80,68,51,122,113,19,115,12" hai3="1,34,89,106,62,126,82,43,21,31,128,67,56"/><U87/><E74/><V85/><F104/><W41/><G106/><T75/><D124/><U133/><E2/><V77/><F68/><W9/><G34/><T6/><D6/><U125/><E120/><V8/><F122/><W60/><G126/><N who="1" m="48138" /><E64/><V28/><REACH who="2" step="1"/><F92/><REACH who="2" ten="250,302,188,250" step="2"/><W100/><G128/><T37/><D135/><U18/><E132/><V84/><F84/><W54/><G100/><T5/><D83/><U35/><E86/><V39/><F39/><W130/><G130/><T30/><D37/><U98/><E87/><V71/><F71/><W66/><G82/><T32/><D81/><U116/><E133/><V61/><F61/><W40/><G89/><T102/><D102/><U94/><E94/><V4/><F4/><W79/><G79/><T48/><D5/><U96/><E98/><V10/><F10/><W76/><G76/><T38/><D38/><U95/><E95/><V20/><F20/><W114/><G9/><T3/><D75/><U93/><E93/><V134/><F134/><W108/><G21/><T0/><D72/><U117/><E96/><V29/><F29/><W44/><G31/><T69/><D69/><U55/><E99/><V70/><F70/><W50/><G1/><T112/><D105/><U101/><E101/><V46/><F46/><N who="3" m="27991" /><G108/><T65/><D103/><U63/><E110/><V7/><F7/><W111/><G111/><T121/><D0/><U17/><E63/><V107/><F107/><W53/><G62/><T73/><D3/><U36/><E36/><V23/><F23/><W88/><G60/><T42/><D121/><U78/><E78/><RYUUKYOKU ba="0,1" sc="250,-10,302,-10,188,30,250,-10" hai2="8,12,19,22,27,28,45,51,77,80,85,113,115" /><INIT seed="2,1,1,2,4,28" ten="240,292,218,240" oya="2" hai0="46,84,9,80,27,125,89,130,124,93,102,95,116" hai1="85,83,17,87,58,114,59,41,44,77,97,57,32" hai2="15,62,30,66,119,131,82,134,48,127,10,13,35" hai3="74,60,68,5,20,98,22,105,36,96,101,107,64"/><V33/><F119/><W52/><G36/><T25/><D130/><U37/><E114/><V71/><F131/><W23/><G74/><T0/><D46/><U24/><E97/><V3/><F3/><W135/><G5/><N who="0" m="1191" /><D116/><U8/><E87/><V104/><F104/><W34/><G135/><T132/><D132/><U90/><E90/><V53/><F134/><W133/><G133/><T94/><D102/><U69/><E69/><V81/><F127/><AGARI ba="1,1" hai="25,27,80,84,89,93,94,95,124,125,127" m="1191" machi="127" ten="30,1000,0" yaku="18,1" doraHai="28" who="0" fromWho="2" sc="240,23,292,0,218,-13,240,0" /><INIT seed="3,0,0,0,1,121" ten="263,292,205,240" oya="3" hai0="104,98,95,62,84,3,80,38,116,4,28,47,101" hai1="96,49,92,119,23,40,99,93,46,100,51,57,130" hai2="31,91,33,76,0,79,52,29,37,61,125,81,53" hai3="5,118,6,88,132,131,69,26,17,111,63,18,112"/><W73/><G73/><T7/><D116/><U67/><E130/><V35/><F37/><W74/><G74/><T44/><D28/><N who="2" m="10826" /><F81/><W86/><G118/><T127/><D127/><U45/><E119/><V68/><F61/><W106/><G106/><T27/><D27/><U39/><E39/><V128/><F91/><W94/><G131/><T24/><D24/><U43/><E23/><V126/><F68/><W70/><G112/><T72/><D62/><N who="1" m="38351" /><E93/><V16/><F128/><W12/><G132/><T50/><D38/><U117/><E117/><V82/><F82/><W105/><G105/><T120/><D120/><U2/><E2/><V97/><F97/><AGARI ba="0,0" hai="40,43,45,46,49,51,92,96,97,99,100" m="38351" machi="97" ten="30,1000,0" yaku="8,1" doraHai="121" who="1" fromWho="2" sc="263,0,292,10,205,-10,240,0" owari="263,6.0,302,40.0,195,-30.0,240,-16.0" /></mjloggm>