<mjloggm ver="2.3"><GO type="169" lobby="0"/><UN n0="%E3%83%88%E3%83%88%E3%83%AA%E5%85%88%E7%94%9F%31%39%E6%AD%B3" n1="%E6%9F%9A%E6%AF%94%E6%A5%93%E4%BB%81" n2="%E6%AE%8B%E5%B0%BF%E6%84%9F%E3%81%AA%E3%81%84%EF%BC%9F" n3="%E5%B9%B3%E4%BA%95%E9%8A%80%E4%BA%8C" dan="18,16,16,17" rate="2224.95,2082.70,2134.22,2189.59" sx="F,M,F,F"/><TAIKYOKU oya="0"/><INIT seed="0,0,0,2,3,46" ten="250,250,250,250" oya="0" hai0="0,117,115,17,90,62,77,72,124,133,63,71,58" hai1="127,67,18,93,112,114,60,73,42,8,95,56,43" hai2="75,79,101,33,111,14,118,52,39,19,126,96,131" hai3="116,80,89,119,5,47,13,49,40,70,48,81,110"/><T64/><D115/><N who="1" m="44075" /><E73/><V20/><F111/><W74/><G70/><T30/><D117/><U10/><E127/><V113/><F39/><W23/><G110/><T3/><D124/><U99/><E95/><V107/><F113/><W121/><G121/><T26/><D133/><U36/><E36/><V21/><F33/><W66/><G66/><T44/><D17/><U51/><E51/><V61/><F126/><W92/><G116/><T27/><D90/><N who="1" m="55735" /><E18/><V82/><F118/><W106/><G106/><T132/><D132/><U41/><AGARI ba="0,0" hai="8,10,41,42,43,56,60,67" m="55735,44075" machi="41" ten="30,1100,0" yaku="11,1" doraHai="46" who="1" fromWho="1" sc="250,-5,250,11,250,-3,250,-3" /><INIT seed="1,0,0,3,2,117" ten="245,261,247,247" oya="1" hai0="87,95,45,21,114,31,106,119,49,131,7,27,113" hai1="77,79,0,58,39,133,25,88,130,26,105,115,48" hai2="52,63,81,73,16,29,109,10,116,8,123,50,35" hai3="53,134,126,44,55,89,135,97,93,65,96,92,60"/><U22/><E115/><V62/><F109/><W1/><G1/><T12/><D119/><U125/><E105/><V78/><F116/><W91/><G126/><T30/><D106/><U70/><E70/><V41/><F123/><W66/><G44/><T34/><D131/><U3/><E39/><V121/><F121/><W76/><G76/><T15/><D30/><U104/><E104/><V69/><F41/><W37/><REACH who="3" step="1"/><G60/><REACH who="3" ten="245,261,247,237" step="2"/><T23/><D45/><U59/><E3/><V132/><F63/><W32/><G32/><T83/><D34/><U19/><E0/><V122/><F122/><W4/><G4/><T107/><D7/><U2/><E2/><V102/><F132/><W80/><G80/><T85/><D83/><U46/><E125/><V90/><F81/><W108/><G108/><T94/><D113/><U127/><E127/><V18/><F62/><W128/><G128/><T124/><D114/><U82/><E130/><V68/><F78/><W101/><G101/><T11/><D124/><U99/><E133/><V71/><F102/><W54/><G54/><T28/><D49/><U24/><E79/><V42/><F42/><W57/><G57/><T112/><D112/><U84/><E59/><V38/><F38/><AGARI ba="0,1" hai="37,38,53,55,65,66,89,91,92,93,96,97,134,135" machi="38" ten="25,3200,0" yaku="1,1,22,2,53,0" doraHai="117" doraHaiUra="5" who="3" fromWho="2" sc="245,0,261,0,247,-32,237,42" /><INIT seed="2,0,0,0,4,42" ten="245,261,215,279" oya="2" hai0="27,118,94,22,20,91,4,55,21,13,1,37,102" hai1="17,107,111,43,133,68,16,128,67,104,110,29,124" hai2="88,78,35,52,112,70,58,103,45,48,7,105,69" hai3="19,83,30,86,109,76,33,100,32,50,132,64,9"/><V90/><F112/><W47/><G109/><N who="1" m="41482" /><E29/><V10/><F35/><W65/><G132/><T113/><D113/><U92/><E133/><V18/><F78/><W72/><G100/><T24/><D118/><U6/><E6/><V3/><F18/><N who="1" m="7273" /><E128/><V127/><F127/><W31/><G32/><T85/><D1/><U38/><E92/><V82/><F105/><W99/><G31/><T59/><D37/><U77/><E77/><V36/><F103/><W61/><G30/><T14/><D102/><U8/><E8/><V119/><F119/><W135/><G9/><N who="0" m="4263" /><D14/><U34/><E34/><V97/><F90/><W84/><G76/><T121/><D121/><U41/><E41/><V54/><F36/><W81/><G135/><T39/><D39/><U120/><E120/><V71/><F97/><W5/><G99/><T56/><D24/><U122/><E124/><V25/><F25/><W49/><G5/><T134/><D27/><U79/><E79/><V108/><F108/><W98/><G98/><T116/><D116/><U66/><E122/><V11/><F11/><W57/><G33/><T12/><D12/><U75/><E75/><V117/><F117/><W62/><G19/><T15/><D15/><U80/><E80/><V40/><REACH who="2" step="1"/><F58/><REACH who="2" ten="245,261,205,279" step="2"/><N who="0" m="22058" /><D134/><U96/><E107/><V46/><F46/><W44/><G57/><T63/><D20/><U28/><E28/><V125/><F125/><W87/><REACH who="3" step="1"/><G84/><AGARI ba="0,1" hai="3,7,10,40,45,48,52,54,69,70,71,82,84,88" machi="84" ten="40,12000,1" yaku="1,1,52,1,54,2,53,0" doraHai="42" doraHaiUra="130" who="2" fromWho="3" sc="245,0,261,0,205,130,279,-120" /><INIT seed="2,1,0,3,3,79" ten="245,261,335,159" oya="2" hai0="40,76,38,47,74,6,131,5,85,80,92,81,42" hai1="128,57,15,110,89,113,3,41,17,36,45,50,77" hai2="99,35,29,104,86,59,87,30,51,72,11,13,101" hai3="119,21,132,70,94,39,114,96,112,98,116,58,12"/><V54/><F72/><W52/><G70/><T84/><D131/><U83/><E113/><N who="3" m="43626" /><G39/><T2/><D40/><U123/><E3/><V115/><F115/><W97/><G132/><T102/><D2/><U20/><E128/><V134/><F134/><W64/><G64/><T43/><D43/><U56/><E110/><V93/><F35/><W71/><G71/><T1/><D1/><U44/><E123/><V37/><F37/><W16/><G94/><T103/><D74/><U33/><E33/><V105/><F105/><W65/><G65/><T7/><REACH who="0" step="1"/><D92/><REACH who="0" ten="235,261,335,159" step="2"/><U53/><REACH who="1" step="1"/><E89/><AGARI ba="1,1" hai="5,6,7,38,42,47,76,80,81,84,85,89,102,103" machi="89" ten="40,8000,1" yaku="1,1,2,1,52,2,53,0" doraHai="79" doraHaiUra="125" who="0" fromWho="1" sc="235,93,261,-83,335,0,159,0" /><INIT seed="3,0,0,4,2,66" ten="328,178,335,159" oya="3" hai0="7,71,99,21,83,127,129,6,94,80,70,48,0" hai1="130,58,40,29,133,34,1,79,135,19,84,55,12" hai2="60,15,9,75,4,45,63,128,114,8,17,116,125" hai3="86,90,110,126,56,61,36,73,89,62,82,33,106"/><W98/><G33/><T115/><D129/><U96/><E1/><V14/><F75/><W32/><G32/><T81/><D127/><U134/><E130/><V31/><F116/><W28/><G126/><T76/><D76/><U2/><E2/><V104/><F104/><W35/><G73/><T93/><D115/><U87/><E40/><V74/><F74/><W118/><G118/><T25/><D48/><U119/><E119/><V54/><F114/><W124/><G124/><T113/><D113/><U53/><E96/><V59/><F128/><W77/><G36/><T38/><D38/><U18/><E53/><V23/><F45/><W92/><G110/><T50/><D50/><N who="1" m="31095" /><E79/><V78/><F78/><W121/><G121/><T13/><D0/><U105/><E105/><V10/><F125/><W120/><G120/><T37/><D37/><U91/><E84/><V131/><F131/><W72/><G106/><T20/><D99/><U107/><E107/><V52/><F31/><W57/><G72/><T123/><D123/><U112/><E112/><V49/><F63/><N who="3" m="24075" /><G28/><N who="0" m="17447" /><D71/><U117/><E117/><V132/><F132/><W41/><G35/><T26/><D70/><U100/><E100/><V16/><F4/><N who="0" m="1578" /><D13/><U69/><E69/><V42/><F42/><W85/><G41/><T5/><D5/><U97/><E97/><V111/><F111/><W11/><G11/><N who="2" m="4169" /><F49/><W22/><G22/><T46/><D46/><U108/><E108/><V122/><F122/><W88/><G85/><T43/><D43/><U102/><E12/><V3/><F3/><W109/><G109/><T68/><D68/><RYUUKYOKU ba="0,0" sc="328,10,178,-30,335,10,159,10" hai0="21,26,80,81,83,93,94" hai2="10,14,15,16,17,23,52,54,59,60" hai3="56,57,77,82,86,88,89,90,92,98" /><INIT seed="3,1,0,1,4,104" ten="338,148,345,169" oya="3" hai0="7,108,61,6,92,39,73,19,103,34,96,30,70" hai1="68,32,49,91,98,99,90,121,75,20,87,105,54" hai2="44,47,17,94,120,133,26,69,125,33,31,128,101" hai3="114,23,58,46,42,21,18,112,130,78,5,118,83"/><W88/><G118/><T86/><D39/><U3/><E32/><V27/><F69/><W60/><G130/><T97/><D108/><U93/><E68/><V111/><F111/><W35/><G35/><T80/><D73/><U51/><E3/><V76/><F76/><W135/><G135/><T127/><D127/><U55/><E121/><V64/><F64/><W9/><G114/><T74/><D74/><U15/><E75/><V132/><F125/><W41/><G112/><T85/><D96/><U123/><E123/><V124/><F124/><W37/><G41/><T72/><D72/><U43/><E105/><V119/><F119/><W107/><G107/><T62/><D85/><U110/><E110/><V126/><F126/><W106/><G78/><T82/><D82/><U84/><E43/><V29/><F17/><W89/><G106/><T10/><D34/><U12/><REACH who="1" step="1"/><E20/><REACH who="1" ten="338,138,345,169" step="2"/><N who="2" m="15591" /><F120/><W8/><G21/><T100/><D70/><U113/><E113/><V63/><F128/><W95/><G23/><T115/><D115/><U1/><E1/><V24/><F33/><W59/><G42/><T2/><D2/><U16/><E16/><V122/><F122/><W4/><G18/><T117/><D117/><U13/><E13/><V45/><F133/><W81/><G5/><T38/><D19/><U48/><E48/><V79/><F132/><W65/><G4/><T50/><D7/><U11/><E11/><V56/><F31/><W116/><G8/><T25/><D10/><U14/><E14/><V36/><F26/><W57/><G9/><T102/><D6/><U66/><E66/><RYUUKYOKU ba="1,1" sc="338,-10,138,30,345,-10,169,-10" hai1="12,15,49,51,54,55,84,87,90,91,93,98,99" /><INIT seed="4,2,1,5,2,51" ten="328,168,335,159" oya="0" hai0="108,97,123,85,55,125,127,23,6,14,4,90,88" hai1="131,47,5,53,121,1,54,84,10,82,135,71,119" hai2="60,19,80,65,76,75,99,3,134,106,101,79,116" hai3="39,70,117,98,40,37,46,41,114,29,87,9,63"/><T69/><D123/><U72/><E121/><V56/><F3/><W96/><G117/><T74/><D69/><U130/><E119/><V43/><F116/><W2/><G114/><T105/><D74/><U95/><E71/><V38/><F79/><W59/><G70/><T118/><D118/><U50/><E135/><V11/><F134/><W122/><G122/><T15/><D108/><U102/><E72/><V28/><F28/><W44/><G29/><T33/><D33/><U16/><E16/><V36/><F43/><W92/><G92/><N who="0" m="56455" /><D105/><U8/><E8/><V111/><F111/><W27/><G27/><T112/><D112/><U13/><E1/><V34/><F34/><W126/><G126/><N who="0" m="48139" /><D55/><N who="1" m="30175" /><E95/><V35/><F35/><W133/><G133/><T132/><D132/><U21/><E21/><V128/><F128/><N who="1" m="49193" /><E102/><V48/><F101/><W89/><G40/><T42/><D42/><U32/><E32/><V109/><F106/><W7/><G39/><T73/><D73/><U94/><E94/><V49/><F75/><W12/><G37/><T58/><D23/><U113/><E113/><V77/><F109/><W31/><G41/><T30/><D30/><U25/><E25/><V100/><F38/><W104/><G31/><T45/><D14/><U120/><E120/><V110/><F36/><W18/><G104/><T17/><D15/><U129/><N who="1" m="49201" /><U52/><DORA hai="107" /><E54/><V64/><F110/><W93/><G2/><T22/><D17/><U20/><E20/><V81/><F19/><W67/><G18/><T24/><D22/><U68/><E68/><V86/><F100/><RYUUKYOKU ba="2,1" sc="328,-15,168,15,335,-15,159,15" hai1="5,10,13,52,53,82,84" hai3="7,9,12,44,46,59,63,67,87,89,93,96,98" /><INIT seed="5,3,1,4,5,85" ten="313,183,320,174" oya="1" hai0="104,49,9,12,126,32,68,43,50,74,113,76,115" hai1="121,59,41,16,89,97,88,13,73,75,90,82,96" hai2="24,14,38,36,69,92,81,102,3,33,130,65,48" hai3="98,110,21,4,31,111,1,18,34,25,122,100,22"/><U109/><E121/><V20/><F3/><W52/><G122/><T86/><D74/><U15/><E109/><V27/><F33/><W7/><G7/><N who="0" m="3135" /><D32/><U2/><E2/><V128/><F14/><W19/><G22/><T94/><D68/><U57/><E41/><V125/><F125/><W112/><G112/><N who="0" m="43083" /><D104/><U17/><REACH who="1" step="1"/><E88/><REACH who="1" ten="313,173,320,174" step="2"/><V11/><F130/><W131/><G131/><T87/><D43/><U47/><E47/><V30/><F128/><W56/><G110/><T64/><D126/><U132/><E132/><V78/><F81/><AGARI ba="3,2" hai="13,15,16,17,57,59,73,75,81,82,89,90,96,97" machi="81" ten="25,18000,2" yaku="1,1,22,2,52,2,54,1,53,0" doraHai="85" doraHaiUra="40" who="1" fromWho="2" sc="313,0,173,209,320,-189,174,0" /><INIT seed="5,4,0,2,1,21" ten="313,382,131,174" oya="1" hai0="59,133,74,14,68,119,125,57,35,82,15,50,47" hai1="5,93,1,129,24,28,69,54,42,44,126,23,128" hai2="33,115,4,106,114,30,77,11,60,32,43,122,27" hai3="95,67,97,58,80,45,90,36,46,0,34,104,96"/><U110/><E69/><V108/><F106/><W78/><G0/><T117/><D68/><U65/><E65/><V18/><F43/><W52/><G67/><T85/><D74/><U135/><E135/><V72/><F60/><W17/><G36/><T130/><D35/><U116/><E116/><V73/><F122/><W98/><G34/><T40/><D133/><U76/><E126/><V79/><F108/><W8/><G104/><T9/><D130/><U134/><E134/><V87/><F32/><W48/><G8/><T105/><D105/><U109/><E76/><N who="2" m="29259" /><F18/><W13/><G80/><T12/><D125/><U132/><E132/><V38/><F87/><W118/><G78/><N who="0" m="46295" /><D117/><U71/><E71/><V37/><F38/><W102/><G118/><T49/><D119/><U29/><E29/><V81/><F81/><W39/><G39/><T41/><D9/><N who="1" m="2223" /><E54/><V53/><F53/><W20/><REACH who="3" step="1"/><G102/><REACH who="3" ten="313,382,131,164" step="2"/><T123/><D123/><U16/><E110/><V62/><F37/><W63/><G63/><T89/><D89/><U99/><E109/><V121/><F62/><W94/><G94/><T124/><D124/><U100/><E129/><V101/><F121/><W86/><AGARI ba="4,1" hai="13,17,20,45,46,48,52,58,86,90,95,96,97,98" machi="86" ten="30,12000,2" yaku="1,1,0,1,25,2,8,1,54,1,53,0" doraHai="21" doraHaiUra="111" who="3" fromWho="3" sc="313,-34,382,-64,131,-34,164,142" /><INIT seed="6,0,0,3,1,93" ten="279,318,97,306" oya="2" hai0="29,106,24,47,116,58,74,67,129,45,103,112,35" hai1="131,69,54,32,2,51,86,19,118,15,59,130,50" hai2="88,33,20,126,96,108,25,78,42,39,12,46,90" hai3="127,72,0,87,11,113,17,60,49,23,7,123,21"/><V128/><F33/><W102/><G72/><T81/><D116/><U111/><E111/><V9/><F78/><W10/><G123/><T55/><D112/><U56/><E69/><V8/><F126/><W40/><G127/><T43/><D129/><N who="1" m="49163" /><E2/><V119/><F119/><W6/><G60/><T120/><D120/><U95/><E32/><V135/><F128/><W64/><G64/><T1/><D1/><U89/><E118/><V62/><F135/><W121/><G113/><T63/><D74/><U71/><E71/><V38/><F38/><W107/><G87/><T4/><D4/><U125/><E125/><V26/><F108/><W68/><G17/><T117/><D117/><U84/><E84/><V94/><F62/><W133/><G68/><N who="0" m="42111" /><D81/><U101/><E101/><V105/><F105/><W109/><G133/><T134/><D43/><U100/><E100/><V16/><REACH who="2" step="1"/><F90/><REACH who="2" ten="279,318,87,306" step="2"/><W79/><G79/><T61/><D134/><U124/><E124/><V52/><F52/><W75/><G109/><T99/><AGARI ba="0,1" hai="24,29,35,45,47,55,58,61,99,103,106" m="42111" machi="99" ten="30,2000,0" yaku="25,1,52,1" doraHai="93" who="0" fromWho="0" sc="279,30,318,-5,87,-10,306,-5" /><INIT seed="7,0,0,3,2,99" ten="309,313,77,301" oya="3" hai0="118,108,23,20,120,100,38,50,59,55,86,115,131" hai1="122,48,56,132,37,104,13,4,70,25,65,36,22" hai2="119,88,130,28,79,67,82,95,93,91,76,2,33" hai3="74,123,83,69,26,42,47,10,102,89,27,9,49"/><W17/><G123/><T52/><D108/><U71/><E104/><V80/><F67/><W1/><G69/><T0/><D118/><U35/><E122/><V103/><F28/><W73/><G73/><T45/><D120/><U68/><E132/><V57/><F57/><W87/><G74/><T72/><D72/><U106/><E106/><V31/><F31/><W113/><G113/><T8/><D115/><U24/><E35/><V18/><F18/><W15/><REACH who="3" step="1"/><G102/><REACH who="3" ten="309,313,77,291" step="2"/><T30/><D131/><U134/><E71/><V114/><F33/><W90/><G90/><T117/><D117/><U111/><E70/><V105/><F2/><W32/><G32/><T97/><D30/><U3/><E3/><V62/><F62/><W116/><G116/><T34/><D34/><U109/><E109/><V107/><F119/><W78/><G78/><T43/><D86/><U53/><E111/><V84/><F114/><W46/><G46/><T127/><D127/><U5/><E68/><V81/><F130/><W128/><G128/><T16/><D55/><U125/><E125/><V98/><F107/><W85/><G85/><AGARI ba="0,1" hai="76,79,80,81,82,84,85,88,91,93,95,98,103,105" machi="85" ten="40,16000,3" yaku="9,1,35,6,52,1,54,1" doraHai="99" who="2" fromWho="3" sc="309,0,313,0,77,170,291,-160" owari="309,11.0,313,41.0,247,-15.0,131,-37.0" /></mjloggm>