<mjloggm ver="2.3"><GO type="169" lobby="0"/><UN n0="%E7%8B%9B%E6%B1%9F%E7%A9%BA%E6%89%8B%EF%BC%91%E7%B4%9A" n1="%64%6F%75%6D%6F%6B%75%6E" n2="%79%75%2D%2D%2D%2D%2D%75" n3="%E3%83%88%E3%83%88%E3%83%AA%E5%85%88%E7%94%9F%31%39%E6%AD%B3" dan="17,17,17,18" rate="2136.66,2192.28,2141.49,2200.72" sx="M,M,M,F"/><TAIKYOKU oya="0"/><INIT seed="0,0,0,4,0,100" ten="250,250,250,250" oya="0" hai0="88,98,68,76,53,108,23,109,128,112,47,129,48" hai1="116,31,124,70,96,9,40,8,89,41,38,93,122" hai2="126,130,97,19,102,27,59,44,46,42,114,16,12" hai3="104,65,91,63,75,84,135,127,43,45,131,0,21"/><T64/><D112/><U29/><E70/><V37/><F114/><W85/><G0/><T74/><D23/><U69/><E69/><V57/><F130/><N who="0" m="50282" /><D68/><U71/><E71/><V36/><F126/><W117/><G131/><T106/><D64/><U14/><E38/><V77/><F77/><W30/><G75/><T87/><D76/><U132/><E116/><V26/><F44/><W120/><G117/><T13/><D13/><U133/><E9/><V99/><F37/><W33/><G33/><T103/><D74/><U56/><E124/><V101/><F46/><W49/><G127/><T4/><D4/><U95/><E95/><AGARI ba="0,0" hai="47,48,53,87,88,95,98,103,106,108,109" m="50282" machi="95" ten="30,5800,0" yaku="19,1,52,1,54,1" doraHai="100" who="0" fromWho="1" sc="250,58,250,-58,250,0,250,0" /><INIT seed="0,1,0,5,0,88" ten="308,192,250,250" oya="0" hai0="122,63,62,33,0,29,127,37,86,94,90,78,40" hai1="66,28,84,11,55,117,89,51,49,132,133,10,83" hai2="36,67,13,85,131,96,50,64,73,129,98,17,111" hai3="20,14,100,19,134,7,135,126,58,71,112,92,43"/><T116/><D122/><U5/><E117/><V4/><F73/><W130/><G112/><T74/><D116/><U109/><E109/><V107/><F36/><W103/><G71/><T59/><D0/><U79/><E66/><V99/><F111/><W38/><G130/><N who="2" m="49673" /><F4/><W102/><G126/><T81/><D127/><U110/><E28/><V77/><F107/><W6/><G58/><T115/><D115/><U30/><E30/><V128/><N who="2" m="49681" /><V23/><DORA hai="21" /><F50/><W121/><G121/><T31/><D33/><U1/><E110/><V72/><F72/><W105/><G105/><T69/><D69/><U8/><E51/><V52/><F52/><W119/><G119/><T97/><D74/><U47/><REACH who="1" step="1"/><E79/><REACH who="1" ten="308,182,250,250" step="2"/><V39/><F39/><W91/><G38/><T25/><D63/><U68/><E68/><V42/><F77/><W18/><G135/><AGARI ba="1,1" hai="1,5,8,10,11,47,49,55,83,84,89,132,133,135" machi="135" ten="40,2600,0" yaku="1,1,20,1,53,0" doraHai="88,21" doraHaiUra="60,12" who="1" fromWho="3" sc="308,0,182,39,250,0,250,-29" /><INIT seed="1,0,0,4,3,80" ten="308,221,250,221" oya="1" hai0="46,116,5,133,27,114,8,24,126,36,115,0,6" hai1="63,29,131,103,44,112,87,57,19,92,47,13,132" hai2="28,52,55,106,26,123,32,77,25,66,41,62,3" hai3="82,113,16,88,104,50,122,35,12,95,33,1,100"/><U105/><E112/><V96/><F123/><W53/><G122/><T74/><D116/><U90/><E131/><V91/><F3/><W22/><G113/><T43/><D126/><U85/><E29/><V58/><F41/><W21/><G1/><T10/><D133/><U121/><E121/><V65/><F77/><W86/><G104/><T110/><D110/><U23/><E132/><V61/><F26/><W109/><G109/><T117/><D117/><U18/><E18/><V71/><F91/><W98/><G21/><T60/><D27/><U73/><E73/><V38/><F38/><W45/><AGARI ba="0,0" hai="12,16,22,33,35,45,50,53,82,86,88,95,98,100" machi="45" ten="20,8000,1" yaku="0,1,7,1,52,1,54,2" doraHai="80" who="3" fromWho="3" sc="308,-20,221,-40,250,-20,221,80" /><INIT seed="2,0,0,1,0,51" ten="288,181,230,301" oya="2" hai0="93,89,55,56,5,49,41,128,110,19,7,80,113" hai1="36,30,78,124,10,95,133,82,111,72,47,52,28" hai2="2,13,48,70,1,69,106,66,117,98,135,16,109" hai3="134,27,26,132,94,116,53,127,77,42,38,3,23"/><V14/><F117/><W50/><G116/><T24/><D113/><U54/><E124/><V57/><F135/><N who="3" m="51755" /><G3/><T88/><D110/><U96/><E133/><V8/><F109/><W0/><G0/><T75/><D128/><U44/><E111/><V64/><F1/><W108/><G108/><T85/><D41/><U58/><E10/><V125/><F2/><W103/><G38/><T25/><D75/><U45/><E36/><V112/><F125/><W130/><G42/><T29/><D19/><U61/><REACH who="1" step="1"/><E54/><REACH who="1" ten="288,171,230,301" step="2"/><N who="2" m="31943" /><F112/><W92/><G53/><T99/><REACH who="0" step="1"/><D25/><REACH who="0" ten="278,171,230,301" step="2"/><U9/><E9/><V34/><F8/><W31/><G127/><T84/><D84/><U90/><AGARI ba="0,2" hai="28,30,44,45,47,52,58,61,72,78,82,90,95,96" machi="90" ten="30,7900,0" yaku="1,1,0,1,52,1,54,1,53,0" doraHai="51" doraHaiUra="121" who="1" fromWho="1" sc="278,-20,171,99,230,-39,301,-20" /><INIT seed="3,0,0,1,4,108" ten="258,270,191,281" oya="3" hai0="25,49,3,61,5,9,111,58,100,78,59,96,81" hai1="50,2,10,98,88,113,107,103,4,134,23,94,95" hai2="85,17,69,118,97,40,20,56,82,128,122,104,1" hai3="117,32,80,39,131,53,30,21,121,127,115,16,124"/><W133/><G117/><T87/><D111/><U73/><E113/><V18/><F69/><W6/><G121/><T51/><D25/><U101/><E73/><V93/><F122/><W68/><G68/><T11/><D11/><U91/><E134/><V14/><F104/><W83/><G39/><T102/><D102/><U34/><E34/><V79/><F1/><W24/><G133/><T116/><D116/><U89/><E107/><V47/><F128/><W22/><G131/><T105/><REACH who="0" step="1"/><D59/><REACH who="0" ten="248,270,191,281" step="2"/><U42/><E103/><V120/><F56/><W132/><G132/><T65/><AGARI ba="0,1" hai="3,5,9,49,51,58,61,65,78,81,87,96,100,105" machi="65" ten="20,5200,0" yaku="1,1,2,1,0,1,7,1,53,0" doraHai="108" doraHaiUra="27" who="0" fromWho="0" sc="248,62,270,-13,191,-13,281,-26" /><INIT seed="4,0,0,1,4,24" ten="310,257,178,255" oya="0" hai0="19,5,65,119,40,32,26,20,75,99,130,81,1" hai1="15,10,61,46,14,112,104,76,84,34,82,25,67" hai2="72,111,113,57,47,63,101,21,6,31,114,4,105" hai3="49,17,54,18,36,98,115,68,125,118,107,53,90"/><T124/><D119/><U45/><E104/><V2/><F111/><W121/><G118/><T85/><D75/><U70/><E15/><V43/><F72/><W73/><G36/><T60/><D130/><U22/><E34/><V80/><F2/><W12/><G73/><T41/><D124/><U95/><E95/><V109/><F109/><W103/><G68/><T79/><D32/><U7/><REACH who="1" step="1"/><E112/><REACH who="1" ten="310,247,178,255" step="2"/><N who="2" m="43115" /><F80/><W134/><G107/><T74/><D81/><U23/><E23/><V44/><F105/><W135/><G115/><T28/><D20/><U89/><E89/><V97/><F101/><W29/><G90/><T123/><D1/><U0/><E0/><V128/><F128/><W83/><G103/><T9/><D123/><U58/><E58/><V126/><F126/><W66/><G125/><T92/><D92/><U56/><E56/><V86/><F57/><W50/><G121/><T69/><D69/><U91/><E91/><V11/><F21/><W42/><G12/><T27/><D9/><U88/><E88/><V96/><F11/><W30/><G83/><T94/><D94/><U116/><E116/><V55/><F6/><W62/><G98/><T93/><D5/><U133/><E133/><V110/><F4/><W122/><G122/><T78/><D99/><U48/><E48/><V33/><F96/><W64/><G62/><T51/><D60/><U35/><E35/><V131/><F63/><W132/><G132/><T71/><D93/><U100/><E100/><V13/><F97/><W117/><G117/><T59/><D71/><U120/><E120/><V129/><F131/><RYUUKYOKU ba="0,1" sc="310,-15,247,15,178,-15,255,15" hai1="7,10,14,22,25,45,46,61,67,70,76,82,84" hai3="17,18,29,30,42,49,50,53,54,64,66,134,135" /><INIT seed="5,1,1,0,2,99" ten="295,262,163,270" oya="1" hai0="96,5,0,2,130,95,26,60,121,118,21,14,101" hai1="133,100,10,79,104,32,51,54,49,86,11,94,3" hai2="47,131,91,71,135,87,117,53,59,13,109,111,34" hai3="56,45,39,82,30,73,110,70,40,85,116,65,75"/><U63/><E32/><V113/><F71/><W33/><G110/><T120/><D118/><U35/><E35/><V41/><F117/><W24/><G116/><T89/><D130/><U90/><E3/><V25/><F131/><W80/><G80/><T1/><D60/><U134/><E79/><V67/><F67/><W132/><G70/><T17/><D5/><U81/><E104/><V7/><F135/><N who="1" m="51721" /><E63/><V18/><F113/><W4/><G132/><T57/><D57/><N who="1" m="32975" /><E51/><V122/><F122/><N who="0" m="47210" /><D14/><U97/><AGARI ba="1,1" hai="10,11,81,86,90,94,97,100" m="32975,51721" machi="97" ten="30,3000,0" yaku="20,1,52,1" doraHai="99" who="1" fromWho="1" sc="295,-11,262,43,163,-11,270,-11" /><INIT seed="5,2,0,4,4,116" ten="284,305,152,259" oya="1" hai0="98,7,31,119,99,64,86,128,56,90,95,10,91" hai1="94,125,51,102,79,52,124,24,111,26,114,73,106" hai2="60,0,76,85,83,109,13,22,101,19,57,93,107" hai3="18,39,104,105,100,14,66,42,78,40,92,89,48"/><U122/><E122/><V121/><F109/><W84/><G39/><T25/><D119/><U9/><E106/><V72/><F0/><W34/><G34/><T126/><D126/><U12/><E111/><V47/><F47/><W46/><G42/><T117/><D117/><U77/><E102/><V130/><F130/><W82/><G100/><T97/><D128/><U50/><E50/><V45/><F45/><W30/><G30/><T5/><D91/><U118/><E118/><V134/><F134/><W132/><G66/><T21/><D10/><U1/><E1/><V23/><F23/><W29/><G29/><T96/><N who="0" m="24576" /><DORA hai="75" /><T123/><REACH who="0" step="1"/><D123/><REACH who="0" ten="274,305,152,259" step="2"/><U20/><E124/><V69/><F101/><W3/><G132/><T80/><D80/><U81/><E125/><V33/><F107/><W43/><G105/><T38/><D38/><U37/><E37/><V15/><F121/><W133/><G133/><T41/><D41/><U70/><E81/><V16/><F93/><W87/><G104/><T127/><D127/><U58/><E94/><V55/><F72/><W88/><G43/><T61/><AGARI ba="2,1" hai="5,7,21,25,31,56,61,64,86,90,95" m="24576" machi="61" ten="40,8000,1" yaku="1,1,0,1,8,1,53,1" doraHai="116,75" doraHaiUra="135,54" who="0" fromWho="0" sc="274,96,305,-42,152,-22,259,-22" /><INIT seed="6,0,0,2,2,89" ten="370,263,130,237" oya="2" hai0="80,21,66,93,20,130,109,76,95,111,71,56,81" hai1="103,29,26,27,108,92,52,131,70,40,78,132,48" hai2="105,125,101,44,85,14,8,99,51,55,17,25,88" hai3="69,122,39,38,41,0,113,124,30,97,2,133,60"/><V119/><F125/><W35/><G122/><T107/><D107/><U114/><E70/><V6/><F119/><W134/><G124/><T19/><D71/><U129/><E108/><V104/><F104/><W86/><G113/><T31/><D130/><U43/><E132/><N who="3" m="50794" /><G86/><T18/><D56/><U65/><E65/><V90/><F85/><W16/><G97/><T37/><D31/><U62/><E62/><V22/><AGARI ba="0,0" hai="6,8,14,17,22,25,44,51,55,88,90,99,101,105" machi="22" ten="30,3000,0" yaku="0,1,54,1" doraHai="89" who="2" fromWho="2" sc="370,-10,263,-10,130,30,237,-10" /><INIT seed="6,1,0,2,0,123" ten="360,253,160,227" oya="2" hai0="3,47,53,30,54,37,51,58,49,9,134,79,55" hai1="92,25,122,101,11,39,85,1,59,129,6,126,67" hai2="24,80,70,110,60,48,113,33,133,94,28,43,57" hai3="35,120,100,78,5,104,21,117,82,19,45,52,99"/><V102/><F133/><W13/><G120/><T112/><D112/><U56/><E39/><V20/><F113/><W135/><G135/><T65/><D30/><U42/><E126/><V74/><F33/><W91/><G117/><T131/><D79/><U118/><E129/><V125/><F125/><W106/><G35/><T71/><D9/><U34/><E42/><V61/><F70/><W84/><G5/><T86/><D86/><U7/><E7/><V103/><F110/><W10/><G21/><T41/><D3/><U96/><E122/><V2/><F2/><W14/><G14/><T93/><D93/><U17/><E118/><V73/><F73/><W109/><G109/><T87/><D87/><U40/><E40/><V36/><F36/><W121/><G121/><T107/><D107/><U124/><E124/><V50/><F74/><W77/><G104/><T114/><D114/><U105/><E67/><V72/><F72/><W29/><G29/><T128/><D134/><U64/><E64/><V12/><F12/><W75/><G75/><T46/><D54/><U16/><E34/><V22/><F80/><W66/><G66/><T127/><D127/><U116/><E116/><V18/><F43/><W0/><G0/><T68/><D65/><U81/><E105/><V90/><F102/><W111/><G111/><T23/><D23/><N who="1" m="13543" /><E17/><V26/><F103/><W8/><G8/><T89/><D89/><U130/><E130/><AGARI ba="1,0" hai="37,41,46,47,49,51,53,55,58,68,71,128,130,131" machi="130" ten="40,8000,1" yaku="19,1,34,3" doraHai="123" who="0" fromWho="1" sc="360,83,253,-83,160,0,227,0" /><INIT seed="7,0,0,2,1,99" ten="443,170,160,227" oya="3" hai0="124,29,94,28,92,22,57,12,64,128,43,125,102" hai1="107,26,42,61,131,98,122,130,126,116,69,79,89" hai2="81,97,24,65,85,11,96,127,84,19,9,83,70" hai3="3,49,46,4,120,37,121,25,33,21,77,27,45"/><W39/><G77/><T101/><D43/><U135/><E122/><V40/><F127/><W1/><G21/><T10/><D128/><N who="1" m="49195" /><E116/><V108/><F108/><W60/><G49/><T17/><D92/><N who="1" m="56591" /><E107/><V111/><F111/><W82/><G82/><N who="2" m="31241" /><F70/><W75/><G60/><T32/><D57/><U58/><E126/><V78/><F65/><W53/><G4/><T100/><D64/><U35/><E135/><V106/><F106/><W20/><G20/><T50/><D50/><U34/><E79/><V7/><F40/><W47/><G39/><T91/><D32/><U71/><E42/><V104/><F104/><W76/><G33/><N who="1" m="12298" /><E26/><V6/><F78/><W67/><G76/><T87/><D22/><U41/><E41/><V56/><F24/><W8/><G27/><T88/><D91/><U63/><E63/><V38/><F38/><W123/><G25/><T74/><D17/><U103/><E103/><V16/><F6/><W112/><G37/><T118/><D12/><U109/><E109/><V15/><F9/><W51/><G8/><T132/><D10/><U2/><E2/><V110/><F110/><W105/><G1/><T66/><D66/><AGARI ba="0,0" hai="58,61,66,69,71" m="12298,56591,49195" machi="66" ten="30,1000,0" yaku="19,1" doraHai="99" who="1" fromWho="0" sc="443,-10,170,10,160,0,227,0" owari="433,53.0,180,-22.0,160,-34.0,227,3.0" /></mjloggm>