<mjloggm ver="2.3"><GO type="169" lobby="0"/><UN n0="%E3%83%96%E3%83%AB%E3%83%96%E3%83%AB%E3%83%8F%E3%83%BC%E3%83%84" n1="%E3%82%A6%E3%83%AB%E3%83%88%E3%83%A9%E7%AB%8B%E7%9B%B4" n2="%E3%82%8C%E3%81%A3%E3%81%A9%E3%81%82%E3%81%84" n3="%73%65%69%6C" dan="17,18,16,16" rate="2153.34,2196.94,2143.63,2124.38" sx="M,M,M,M"/><TAIKYOKU oya="0"/><INIT seed="0,0,0,5,4,120" ten="250,250,250,250" oya="0" hai0="57,118,53,88,107,104,128,48,76,28,67,54,32" hai1="51,26,22,21,43,102,112,98,80,119,111,59,12" hai2="116,30,24,66,20,31,109,42,83,36,133,108,75" hai3="123,16,49,134,40,47,81,127,8,37,41,129,63"/><T17/><D118/><U135/><E119/><V97/><F133/><W64/><G123/><T62/><D76/><U110/><E135/><V6/><F116/><W71/><G134/><T74/><D74/><U100/><E112/><V87/><F75/><W91/><G127/><T84/><D128/><U0/><E0/><V89/><F6/><W105/><G105/><T130/><D130/><U25/><E80/><V1/><F1/><W61/><G129/><T70/><D53/><U113/><E12/><V35/><F97/><W23/><G8/><T52/><D54/><U85/><E85/><V106/><F106/><W2/><G2/><T73/><D73/><U38/><E38/><V39/><F66/><W7/><G7/><T50/><D50/><U131/><E131/><V34/><F34/><W117/><G63/><T46/><D17/><N who="1" m="12463" /><E98/><V77/><F77/><W5/><G5/><T122/><D122/><U9/><E9/><V114/><F114/><W99/><G117/><T13/><D13/><U45/><E59/><V33/><F33/><W125/><G125/><T95/><REACH who="0" step="1"/><D57/><REACH who="0" ten="240,250,250,250" step="2"/><U103/><E113/><V19/><F39/><W55/><G37/><T132/><D132/><U15/><E15/><N who="2" m="9343" /><F36/><W121/><G121/><T44/><D44/><U86/><E45/><V10/><F31/><W27/><G47/><T68/><D68/><U4/><E51/><V96/><F42/><N who="3" m="16491" /><G49/><T14/><D14/><U90/><E43/><V94/><F10/><W29/><G55/><T101/><D101/><U11/><E102/><N who="2" m="60695" /><F30/><W124/><G29/><T82/><D82/><U65/><E103/><RYUUKYOKU ba="0,1" sc="240,15,250,-15,250,15,250,-15" hai0="28,32,46,48,52,62,67,70,84,88,95,104,107" hai2="24,35,83,87,89,108,109" /><INIT seed="0,1,1,4,5,99" ten="255,235,265,235" oya="0" hai0="115,51,67,121,85,58,13,97,96,123,103,125,42" hai1="54,49,93,70,107,12,100,66,87,105,129,6,109" hai2="132,127,65,78,5,33,22,56,27,37,113,68,124" hai3="133,30,74,126,80,24,59,34,23,110,57,106,16"/><T40/><D115/><U38/><E38/><V63/><F113/><W32/><G110/><T8/><D125/><N who="2" m="48202" /><F132/><W0/><G126/><T11/><D85/><U79/><E109/><V73/><F37/><W35/><G133/><T102/><D67/><U41/><E41/><V39/><F39/><W114/><G114/><T75/><D75/><U26/><E129/><V104/><F5/><W91/><G106/><T18/><D58/><U36/><E36/><V53/><F104/><W88/><G0/><T69/><D51/><U61/><E26/><V29/><F78/><W45/><G45/><T76/><D76/><U84/><E84/><V48/><F73/><W21/><G74/><T72/><D72/><U83/><E12/><V44/><F22/><W119/><G119/><T128/><D13/><U20/><E20/><V7/><F7/><W71/><G71/><AGARI ba="1,1" hai="27,29,33,44,48,53,56,63,65,68,71" m="48202" machi="71" ten="30,1000,0" yaku="18,1" doraHai="99" who="2" fromWho="3" sc="255,0,235,0,265,23,235,-13" /><INIT seed="1,0,0,1,3,3" ten="255,235,288,222" oya="1" hai0="60,40,68,74,109,5,21,86,36,59,46,48,92" hai1="77,90,33,112,78,106,97,29,118,108,66,127,83" hai2="56,129,130,76,24,104,101,14,102,89,116,69,17" hai3="1,31,99,34,113,27,117,87,72,35,63,44,84"/><U13/><E118/><V75/><F116/><W80/><G117/><T54/><D74/><U20/><E112/><V15/><F69/><W91/><G113/><T52/><D109/><U42/><E108/><V47/><F24/><W131/><G131/><T49/><D21/><U8/><E127/><V85/><F47/><W133/><G133/><T114/><D114/><U119/><E119/><V88/><F56/><W6/><G72/><T98/><D86/><U57/><E42/><V9/><F75/><W28/><G63/><T7/><D36/><U19/><E106/><V105/><F76/><W67/><G67/><T2/><D2/><U135/><E33/><V73/><F73/><W100/><G44/><N who="0" m="25607" /><D68/><U18/><E29/><V50/><F85/><W58/><G31/><T61/><D60/><N who="1" m="38159" /><E135/><V32/><F32/><W11/><G34/><T38/><D38/><U51/><E51/><V37/><F50/><W94/><G87/><T120/><D120/><U96/><E83/><V0/><F37/><W53/><G58/><T30/><D30/><U134/><E134/><V64/><F0/><W82/><REACH who="3" step="1"/><G53/><REACH who="3" ten="255,235,288,212" step="2"/><T12/><D12/><N who="1" m="9319" /><E97/><V124/><F64/><W55/><G55/><T123/><D123/><U128/><E128/><V110/><F130/><W70/><G70/><T39/><D39/><U4/><E96/><V79/><F129/><W16/><G16/><T107/><D107/><AGARI ba="0,1" hai="1,6,11,27,28,35,80,82,84,91,94,99,100,107" machi="107" ten="30,7700,0" yaku="1,1,7,1,52,1,53,1" doraHai="3" doraHaiUra="81" who="3" fromWho="0" sc="255,-77,235,0,288,0,212,87" /><INIT seed="2,0,0,5,4,93" ten="178,235,288,299" oya="2" hai0="115,78,65,35,90,4,130,74,106,97,117,110,84" hai1="85,113,48,7,43,50,14,125,108,51,20,2,98" hai2="128,55,105,38,124,31,87,94,56,49,121,67,83" hai3="47,111,57,109,54,96,101,36,6,24,119,71,100"/><V112/><F112/><W80/><G119/><T102/><D35/><U15/><E113/><V10/><F121/><W134/><G134/><T70/><D115/><U3/><E125/><V17/><F105/><W91/><G71/><T107/><D117/><U25/><E85/><V66/><F38/><W79/><G6/><T12/><D107/><U114/><E114/><V33/><F124/><W11/><G11/><T123/><D123/><U39/><E108/><N who="3" m="41546" /><G24/><T62/><D130/><U120/><E120/><V76/><F128/><W52/><G91/><T95/><D110/><U118/><E118/><V0/><F33/><W9/><G9/><T72/><REACH who="0" step="1"/><D78/><REACH who="0" ten="168,235,288,299" step="2"/><U40/><E2/><V61/><F0/><W68/><G79/><T82/><D82/><U44/><E3/><V63/><F76/><W34/><G80/><T59/><D59/><U81/><E81/><V103/><F83/><W53/><G34/><T129/><D129/><U21/><E21/><V126/><F56/><W8/><G57/><T131/><D131/><U58/><E58/><V73/><F126/><W86/><G68/><T18/><D18/><U28/><E20/><V135/><F17/><W46/><G8/><AGARI ba="0,1" hai="4,8,12,62,65,70,72,74,84,90,95,97,102,106" machi="8" ten="40,2600,0" yaku="1,1,52,1,53,0" doraHai="93" doraHaiUra="75" who="0" fromWho="3" sc="168,36,235,0,288,0,299,-26" /><INIT seed="3,0,0,4,3,14" ten="204,235,288,273" oya="3" hai0="18,46,98,108,78,5,83,126,60,29,1,33,28" hai1="127,87,19,76,119,107,9,32,69,6,134,118,65" hai2="81,132,66,10,117,93,133,49,20,90,106,97,68" hai3="73,50,40,30,123,36,45,101,47,62,51,2,57"/><W67/><G123/><T63/><D108/><U44/><E32/><V22/><F117/><W128/><G128/><T129/><D129/><U94/><E107/><V8/><F106/><W41/><G73/><T80/><D126/><U4/><E127/><V48/><F81/><W42/><G2/><T77/><D1/><U26/><E134/><N who="2" m="51819" /><F66/><W24/><G101/><T109/><D5/><U75/><E75/><V104/><F68/><N who="3" m="42103" /><G24/><T111/><D46/><N who="3" m="17417" /><G30/><T38/><D98/><U0/><E26/><V43/><F43/><N who="3" m="16459" /><G57/><T71/><D71/><U11/><E69/><V58/><F104/><W39/><N who="3" m="16467" /><W131/><DORA hai="25" /><G131/><T12/><D12/><U99/><E0/><V124/><F124/><W54/><G54/><T31/><D31/><U115/><E4/><V82/><F82/><W56/><G56/><T59/><D59/><U91/><E6/><V74/><F74/><W64/><G64/><T55/><D55/><U23/><E65/><V53/><F8/><W21/><G21/><N who="2" m="8297" /><F10/><W105/><G105/><T112/><D33/><U61/><E9/><V122/><F122/><W116/><G116/><T52/><D52/><U120/><E11/><V92/><F92/><W79/><G79/><T110/><D110/><U85/><E76/><V35/><F35/><W113/><G113/><T130/><D130/><U72/><E115/><V34/><F34/><W16/><G16/><T95/><D18/><U88/><E120/><V17/><F17/><W27/><G27/><T13/><D112/><U121/><E119/><V37/><F48/><AGARI ba="0,0" hai="36,39,48,50,51" m="16467,17417,42103" machi="48" ten="40,12000,1" yaku="35,5" doraHai="14,25" who="3" fromWho="2" sc="204,0,235,0,288,-120,273,120" /><INIT seed="3,1,0,0,0,5" ten="204,235,168,393" oya="3" hai0="55,15,112,7,97,3,89,111,45,76,53,102,41" hai1="16,9,38,49,35,98,135,127,100,22,28,67,25" hai2="87,72,39,58,128,84,36,47,19,46,4,60,17" hai3="69,115,123,92,31,90,62,104,42,2,48,70,63"/><W124/><G123/><T13/><D111/><U109/><E38/><V77/><F4/><W78/><G104/><T103/><D112/><U52/><E109/><V54/><F128/><W37/><G115/><T71/><D71/><U6/><E67/><V125/><F125/><W65/><G2/><T18/><D3/><U113/><E135/><V99/><F99/><W108/><G37/><T1/><D76/><U94/><E127/><V26/><F72/><W33/><G78/><T86/><D1/><U34/><E28/><V79/><F26/><W29/><G124/><T30/><D30/><U117/><E117/><V64/><F64/><W133/><G133/><T73/><D13/><U11/><E113/><V83/><F58/><W80/><G80/><T119/><D7/><U21/><E21/><V12/><F83/><W51/><G33/><T75/><D102/><U23/><E23/><V95/><F60/><W8/><G8/><N who="1" m="3146" /><E34/><V121/><F95/><W74/><G65/><T0/><D73/><U107/><E107/><V130/><F121/><W56/><G74/><T96/><D75/><U61/><E35/><V32/><F32/><W57/><G108/><T59/><D119/><U14/><E61/><V122/><F122/><W85/><G29/><T106/><D106/><U120/><E120/><V134/><F130/><W129/><G31/><T44/><D18/><U66/><E66/><V114/><F134/><W40/><G129/><T27/><D0/><U101/><E6/><V126/><F126/><W116/><G116/><T118/><D118/><U24/><E101/><V91/><F114/><RYUUKYOKU ba="1,0" sc="204,-10,235,30,168,-10,393,-10" hai1="14,16,22,24,25,49,52,94,98,100" /><INIT seed="4,2,0,0,3,30" ten="194,265,158,383" oya="0" hai0="121,91,117,107,53,42,130,126,64,87,40,100,106" hai1="20,96,23,29,41,93,65,112,98,36,24,71,26" hai2="99,118,32,10,45,22,7,110,1,68,104,131,14" hai3="28,15,119,4,9,19,132,70,74,0,38,122,123"/><T21/><D121/><N who="3" m="46089" /><G74/><T79/><D117/><U102/><E112/><V115/><F68/><W56/><G70/><T89/><D64/><U92/><E36/><V129/><F45/><W16/><G38/><T50/><D79/><U54/><E41/><V116/><F110/><W2/><G56/><T113/><D113/><U109/><E54/><V127/><F99/><W83/><G83/><T88/><D126/><U135/><E135/><V120/><F104/><W37/><G37/><T13/><D130/><N who="2" m="49674" /><F115/><W48/><G48/><T133/><D133/><U101/><E109/><V18/><F120/><W46/><G46/><T49/><D100/><U85/><E85/><V78/><F78/><W58/><G58/><N who="0" m="33071" /><D50/><U82/><E82/><V124/><F32/><W66/><G66/><T3/><D106/><U12/><E65/><V34/><F34/><W8/><G119/><AGARI ba="2,0" hai="1,7,10,14,18,22,116,118,119,124,127" m="49674" machi="119" ten="30,7700,0" yaku="12,1,19,1,34,2" doraHai="30" who="2" fromWho="3" sc="194,0,265,0,158,83,383,-83" /><INIT seed="5,0,0,0,2,109" ten="194,265,241,300" oya="1" hai0="34,19,38,71,42,95,128,96,97,75,1,68,4" hai1="91,48,35,81,60,114,78,22,18,130,29,0,113" hai2="76,47,37,117,27,110,13,105,123,40,67,80,41" hai3="64,36,131,43,3,69,26,65,50,82,61,39,10"/><U134/><E0/><V85/><F110/><W44/><G131/><T93/><D128/><U51/><E130/><V5/><F123/><W63/><G26/><T49/><D38/><N who="3" m="14377" /><G82/><T132/><D34/><U59/><E91/><V25/><F117/><W133/><G10/><T84/><D84/><U66/><E29/><V23/><F105/><W9/><G9/><T121/><D75/><U106/><E106/><V53/><F67/><N who="3" m="25675" /><G3/><T2/><D42/><N who="2" m="16490" /><F37/><W89/><G89/><T28/><D49/><U30/><E134/><V24/><F5/><W116/><G116/><T125/><D4/><U62/><E62/><N who="3" m="23562" /><G133/><T124/><D28/><U57/><E30/><N who="2" m="17695" /><F13/><W56/><G56/><T118/><D132/><U107/><E107/><V14/><F14/><W103/><G103/><T83/><D118/><U135/><E59/><V129/><F129/><W119/><G119/><T32/><D32/><U111/><E35/><V92/><F92/><W17/><G17/><T31/><D31/><U79/><E135/><V58/><F58/><W16/><G16/><T7/><D19/><U99/><E111/><V11/><F11/><W46/><G46/><T94/><D94/><U88/><E18/><V55/><F47/><W90/><G90/><T6/><D83/><U21/><E21/><V115/><F25/><W20/><G20/><T33/><D33/><U45/><E22/><V112/><F27/><W77/><G77/><N who="1" m="29194" /><E45/><V100/><F100/><W87/><G87/><T54/><D121/><U126/><E81/><V98/><F98/><W8/><G8/><T72/><D72/><U122/><E99/><RYUUKYOKU ba="0,0" sc="194,10,265,-30,241,10,300,10" hai0="1,2,6,7,54,68,71,93,95,96,97,124,125" hai2="53,55,76,80,85,112,115" hai3="43,44,50,69" /><INIT seed="6,1,0,2,2,18" ten="204,235,251,310" oya="2" hai0="99,80,123,59,95,35,8,23,75,130,135,82,61" hai1="92,22,30,133,7,57,49,44,78,19,50,97,115" hai2="62,89,69,114,125,4,120,54,68,65,39,79,116" hai3="132,91,113,28,11,41,55,118,0,104,10,43,74"/><V103/><F79/><W110/><G104/><T37/><D35/><U119/><E119/><V26/><F116/><W124/><G74/><T56/><D123/><U73/><E7/><V32/><F120/><W21/><G55/><T72/><D37/><U15/><E115/><V87/><F114/><W67/><G67/><T106/><D106/><U52/><E133/><V48/><F39/><W5/><G91/><T96/><D8/><U131/><E131/><V76/><F76/><W111/><G113/><T70/><D70/><U1/><E1/><V13/><F103/><W100/><G100/><T9/><D9/><U127/><E127/><V77/><F77/><W46/><G124/><T63/><D95/><U40/><E30/><V102/><F102/><W42/><G11/><T6/><D6/><U27/><E78/><V12/><F69/><W128/><G132/><T64/><D64/><U16/><E73/><V20/><F32/><W126/><G128/><T71/><D71/><U117/><E117/><V107/><F107/><W29/><G118/><T84/><D84/><U129/><E129/><V90/><F4/><W83/><G126/><T47/><D130/><U81/><E81/><N who="2" m="49391" /><F90/><W38/><G83/><T33/><D33/><U109/><E109/><V51/><F125/><W3/><G0/><T36/><D36/><U53/><E92/><V34/><F34/><W25/><G110/><T17/><D135/><U45/><E97/><V121/><F121/><W14/><G111/><T60/><D72/><U101/><E101/><V66/><F66/><W134/><G3/><T122/><D75/><RYUUKYOKU ba="1,0" sc="204,0,235,0,251,0,310,0" /><INIT seed="7,2,0,5,1,96" ten="204,235,251,310" oya="3" hai0="84,103,48,6,13,17,92,88,73,72,10,41,99" hai1="18,7,52,46,111,47,101,109,98,16,32,126,122" hai2="74,51,75,107,53,14,76,87,5,100,19,29,97" hai3="3,21,30,106,112,133,22,31,80,8,93,49,131"/><W66/><G106/><T104/><D41/><U50/><E32/><V38/><F29/><W129/><G112/><T43/><D43/><U61/><E61/><V68/><F68/><W113/><G113/><T123/><D123/><U114/><E114/><V71/><F5/><N who="3" m="1087" /><G66/><T118/><D118/><U119/><E126/><V116/><F38/><W128/><G133/><T125/><D125/><U95/><E122/><V0/><F0/><W37/><G37/><T62/><D48/><N who="1" m="28695" /><E111/><V108/><F116/><W26/><G80/><T45/><D45/><U91/><E109/><V12/><F71/><W69/><G69/><T127/><D127/><U11/><E119/><V15/><F19/><N who="3" m="12607" /><G22/><T102/><D102/><U34/><E34/><V39/><F108/><W65/><G65/><T33/><D33/><U67/><E67/><V94/><F39/><W132/><G132/><T35/><D35/><U40/><E91/><N who="2" m="53631" /><F76/><W110/><G110/><T20/><D20/><U121/><BYE who="0" /><E121/><V54/><F54/><W9/><G9/><T134/><D134/><U63/><E63/><V1/><F1/><W42/><G42/><T2/><D2/><U56/><E56/><N who="2" m="32831" /><F75/><W28/><G49/><T89/><D89/><U83/><E83/><V79/><F79/><W130/><G130/><T120/><D120/><U115/><E115/><V64/><F74/><W86/><G131/><T27/><D27/><U36/><E36/><V82/><F82/><W55/><G55/><T90/><D90/><U4/><E4/><UN n0="%E3%83%96%E3%83%AB%E3%83%96%E3%83%AB%E3%83%8F%E3%83%BC%E3%83%84" /><V70/><F64/><W58/><G58/><T77/><D72/><U135/><E135/><RYUUKYOKU ba="2,0" sc="204,-30,235,10,251,10,310,10" hai1="7,11,16,18,40,47,50,95,98,101" hai2="12,14,15,70,97,100,107" hai3="28,30,31,86,93,128,129" owari="174,-33.0,245,-15.0,261,6.0,320,42.0" /></mjloggm>