<mjloggm ver="2.3"><GO type="169" lobby="0"/><UN n0="%64%6F%6F%6F%6F%77%79" n1="%E3%83%89%E3%83%A9%E3%83%AD%E3%83%B3%E3%83%80%E3%82%A4%E3%83%B4" n2="%E3%82%A6%E3%83%AB%E3%83%88%E3%83%A9%E7%AB%8B%E7%9B%B4" n3="%47%2D%6E%65%74" dan="16,16,18,16" rate="2061.78,2077.67,2163.77,2073.32" sx="M,M,M,F"/><TAIKYOKU oya="0"/><INIT seed="0,0,0,0,1,87" ten="250,250,250,250" oya="0" hai0="129,125,12,122,91,63,10,4,116,132,76,118,78" hai1="61,30,109,13,57,103,42,3,23,101,24,31,45" hai2="15,11,106,26,97,110,46,93,1,5,14,20,81" hai3="38,16,27,19,70,0,121,111,50,48,95,33,43"/><T135/><D122/><U107/><E109/><V35/><F110/><W120/><G111/><T55/><D125/><U123/><E3/><V51/><F106/><W82/><G70/><T128/><D55/><U22/><E107/><V54/><F81/><W32/><G0/><T126/><D63/><U2/><E2/><V133/><F35/><W117/><G117/><N who="0" m="45163" /><D126/><U65/><E123/><V28/><REACH who="2" step="1"/><F133/><REACH who="2" ten="250,250,240,250" step="2"/><N who="0" m="51274" /><D91/><AGARI ba="0,1" hai="1,5,11,14,15,20,26,28,46,51,54,91,93,97" machi="91" ten="30,3900,0" yaku="1,1,7,1,52,1,53,0" doraHai="87" doraHaiUra="134" who="2" fromWho="0" sc="250,-39,250,0,240,49,250,0" /><INIT seed="1,0,0,4,0,89" ten="211,250,289,250" oya="1" hai0="5,63,76,22,35,91,37,28,71,78,30,46,31" hai1="135,73,110,103,104,72,95,84,6,27,119,20,75" hai2="113,13,12,112,55,26,54,56,88,32,41,29,64" hai3="8,44,68,24,132,94,109,120,36,23,49,15,53"/><U9/><E119/><V2/><F2/><W57/><G120/><T4/><D35/><U51/><E104/><V50/><F64/><W17/><G68/><T11/><D22/><U70/><E70/><V33/><F41/><W122/><G122/><T99/><D37/><U115/><E115/><N who="2" m="44107" /><F33/><W86/><G109/><T134/><D46/><U60/><E135/><V82/><F55/><W19/><G132/><T79/><D134/><U74/><E74/><V124/><F124/><W87/><G36/><T116/><D116/><U42/><E110/><V34/><F34/><W47/><G87/><AGARI ba="0,0" hai="12,13,26,29,32,50,54,56,82,87,88" m="44107" machi="87" ten="30,2000,0" yaku="11,1,54,1" doraHai="89" who="2" fromWho="3" sc="211,0,250,0,289,20,250,-20" /><INIT seed="2,0,0,1,1,69" ten="211,250,309,230" oya="2" hai0="46,19,77,22,61,32,27,102,70,134,87,117,81" hai1="26,38,104,89,100,97,28,129,47,20,40,130,106" hai2="79,67,15,78,53,124,66,107,76,17,56,83,1" hai3="121,55,13,101,4,92,91,41,11,0,25,90,7"/><V110/><F1/><W123/><G41/><T34/><D134/><U128/><REACH who="1" step="1"/><E89/><REACH who="1" ten="211,240,309,230" step="2"/><V3/><F124/><W16/><G91/><T95/><D117/><U36/><E36/><V31/><F110/><W10/><G101/><T48/><D102/><U57/><E57/><V109/><F109/><W21/><REACH who="3" step="1"/><G55/><REACH who="3" ten="211,240,309,220" step="2"/><T6/><D77/><U60/><E60/><V59/><F53/><W108/><G108/><T73/><D61/><U86/><E86/><AGARI ba="0,2" hai="0,4,7,10,11,13,16,21,25,86,90,92,121,123" machi="86" ten="30,3900,0" yaku="1,1,7,1,54,1,53,0" doraHai="69" doraHaiUra="131" who="3" fromWho="1" sc="211,0,240,-39,309,0,220,59" /><INIT seed="3,0,0,5,4,116" ten="211,201,309,279" oya="3" hai0="15,129,134,99,128,39,27,57,79,36,74,48,33" hai1="14,88,97,77,113,18,108,107,8,90,115,110,84" hai2="96,16,85,100,30,51,124,91,94,117,38,28,81" hai3="25,121,120,11,54,20,23,2,68,29,82,64,66"/><W58/><G82/><N who="0" m="45431" /><D15/><U17/><E77/><V34/><F38/><W32/><G32/><T102/><D48/><U5/><E107/><V135/><F124/><W3/><G23/><T21/><D57/><U105/><E105/><V103/><F135/><W95/><G66/><T55/><D55/><U50/><E50/><V40/><F103/><W62/><G95/><N who="0" m="58751" /><D33/><U52/><E97/><V67/><F67/><W73/><G73/><T13/><D13/><U122/><E122/><V133/><F133/><W10/><G10/><T49/><D49/><U56/><E90/><V9/><F34/><W131/><G131/><N who="0" m="50251" /><D134/><U98/><E18/><AGARI ba="0,0" hai="18,21,27,36,39" m="50251,58751,45431" machi="18" ten="30,1000,0" yaku="19,1" doraHai="116" who="0" fromWho="1" sc="211,10,201,-10,309,0,279,0" /><INIT seed="4,0,0,1,1,85" ten="221,191,309,279" oya="0" hai0="94,33,17,27,77,128,107,71,106,115,23,4,64" hai1="41,48,62,69,34,124,25,57,32,21,114,89,116" hai2="79,54,10,11,84,121,86,126,122,45,81,18,72" hai3="35,135,43,68,82,61,90,15,74,113,24,104,109"/><T50/><D115/><U40/><E116/><V83/><F126/><W37/><G15/><T129/><D33/><U102/><E69/><V53/><F72/><W125/><G109/><T6/><D77/><U28/><E124/><V73/><F73/><W66/><G90/><T39/><D39/><U130/><E130/><N who="0" m="50281" /><D71/><U31/><E114/><V93/><F93/><W42/><G42/><T51/><D64/><U12/><E102/><V127/><F127/><W132/><G125/><T52/><D94/><U13/><E34/><V38/><F38/><W9/><G9/><T120/><D51/><U95/><E31/><V110/><F79/><N who="3" m="44407" /><G104/><N who="0" m="39979" /><D120/><U63/><E63/><V5/><F83/><W67/><G67/><T108/><D108/><U92/><E92/><V76/><F81/><W99/><G113/><T46/><AGARI ba="0,0" hai="4,6,17,23,27,46,50,52" m="39979,50281" machi="46" ten="30,3000,0" yaku="19,1,54,1" doraHai="85" who="0" fromWho="0" sc="221,30,191,-10,309,-10,279,-10" /><INIT seed="4,1,0,1,3,64" ten="251,181,299,269" oya="0" hai0="14,12,28,77,23,19,70,3,107,44,45,30,126" hai1="109,101,11,95,25,39,60,87,66,135,73,104,52" hai2="59,131,127,119,84,110,15,98,71,100,112,82,103" hai3="123,35,120,96,55,40,86,2,63,37,114,93,106"/><T80/><D107/><U99/><E109/><V8/><F110/><W4/><G35/><T124/><D3/><U111/><E111/><V47/><F127/><N who="0" m="48682" /><D70/><U76/><E39/><V132/><F131/><W1/><G86/><N who="0" m="48399" /><D14/><U133/><E73/><V57/><F71/><W118/><G106/><T7/><D7/><U129/><E129/><V122/><F132/><W6/><G114/><T46/><AGARI ba="1,0" hai="12,19,23,28,30,44,45,46" m="48399,48682" machi="46" ten="30,1500,0" yaku="18,1" doraHai="64" who="0" fromWho="0" sc="251,18,181,-6,299,-6,269,-6" /><INIT seed="4,2,0,1,1,24" ten="269,175,293,263" oya="0" hai0="16,46,108,19,129,128,81,130,110,97,58,120,30" hai1="106,3,101,87,1,57,78,126,56,80,112,50,28" hai2="67,86,63,40,41,84,88,21,93,125,6,107,61" hai3="114,102,29,39,90,133,59,77,0,34,109,91,55"/><T117/><D117/><U25/><E126/><V54/><F107/><W127/><G109/><N who="0" m="42091" /><D120/><U132/><E132/><V66/><F6/><W31/><G39/><T64/><D46/><U8/><E112/><V89/><F21/><W33/><G0/><T73/><D30/><N who="3" m="11273" /><G33/><T47/><D47/><U92/><E106/><V53/><REACH who="2" step="1"/><F93/><REACH who="2" ten="269,175,283,263" step="2"/><W116/><G34/><T119/><D119/><U75/><E92/><V49/><F49/><W12/><G116/><T7/><D7/><U122/><E50/><V38/><F38/><W123/><G127/><AGARI ba="2,1" hai="40,41,53,54,61,63,66,67,84,86,88,89,125,127" machi="127" ten="25,12000,2" yaku="1,1,22,2,54,1,53,2" doraHai="24" doraHaiUra="135" who="2" fromWho="3" sc="269,0,175,0,283,136,263,-126" /><INIT seed="5,0,0,5,4,45" ten="269,175,419,137" oya="1" hai0="30,11,2,64,67,10,5,126,73,97,76,101,48" hai1="86,22,89,106,32,99,79,118,18,75,40,63,94" hai2="37,114,47,15,87,93,85,132,134,107,71,14,39" hai3="131,108,58,28,116,41,55,127,46,12,17,129,8"/><U25/><E118/><V113/><F107/><W102/><G108/><T82/><D126/><U65/><E40/><V59/><F59/><W98/><G127/><T130/><D130/><N who="3" m="49673" /><G116/><T111/><D111/><U95/><E32/><V7/><F71/><W49/><G28/><T133/><D133/><U26/><E106/><V62/><F62/><W38/><G98/><T105/><D30/><U43/><E43/><V36/><F47/><W54/><G102/><T9/><D9/><U6/><E6/><V34/><F34/><W60/><G55/><T104/><D104/><U4/><E4/><V103/><F103/><W120/><G120/><T109/><D109/><U84/><E26/><V80/><F93/><W91/><G91/><T23/><D23/><U57/><REACH who="1" step="1"/><E95/><REACH who="1" ten="269,165,419,137" step="2"/><V110/><F7/><W128/><N who="3" m="49681" /><W33/><DORA hai="112" /><G33/><T29/><D105/><U16/><E16/><V96/><F134/><W121/><G121/><T35/><D35/><U66/><E66/><V27/><F132/><W20/><G8/><T70/><D10/><U78/><E78/><V123/><F110/><W115/><G115/><T50/><D29/><U19/><E19/><V24/><F123/><W100/><G100/><T1/><D67/><U0/><E0/><V51/><F114/><W119/><G119/><T52/><D1/><U53/><E53/><V122/><F113/><W135/><G135/><T124/><D52/><U3/><E3/><V81/><F122/><W92/><G92/><N who="0" m="58535" /><D124/><U13/><E13/><V117/><F14/><W68/><G38/><N who="2" m="9729" /><V21/><DORA hai="77" /><F15/><W69/><AGARI ba="0,1" hai="12,17,20,41,46,49,54,58,60,68,69" m="49681" machi="69" ten="40,5200,0" yaku="5,1,19,1,52,1" doraHai="45,112,77" who="3" fromWho="3" sc="269,-13,165,-26,419,-13,137,62" /><INIT seed="6,0,0,4,4,115" ten="256,139,406,199" oya="2" hai0="135,54,127,101,107,103,59,57,53,71,64,10,108" hai1="86,110,34,123,80,32,27,24,111,0,121,98,19" hai2="70,35,75,52,93,112,124,67,81,41,113,28,130" hai3="62,119,126,45,12,9,129,114,96,23,56,36,65"/><V29/><F41/><W46/><G119/><T50/><D108/><N who="1" m="41515" /><E86/><V31/><F67/><W100/><G126/><T97/><D127/><U42/><E80/><V61/><F70/><W74/><G129/><T3/><D103/><U55/><E98/><V25/><F93/><W37/><G74/><T43/><D43/><U38/><E55/><V77/><F130/><W120/><G120/><N who="1" m="46154" /><E38/><V66/><F66/><W51/><G46/><T39/><D39/><U89/><E89/><V102/><F102/><W2/><G2/><T122/><D64/><U58/><E58/><N who="2" m="35015" /><F124/><W44/><G44/><T131/><D131/><U90/><E90/><V133/><F133/><W22/><G37/><T85/><D71/><U109/><N who="1" m="41523" /><U6/><DORA hai="83" /><E42/><V4/><F81/><W21/><G36/><T117/><D101/><U26/><E19/><V95/><F77/><W16/><G114/><T7/><D135/><U105/><E105/><V88/><F75/><W99/><G100/><T134/><D107/><U47/><E47/><V1/><F95/><W49/><G49/><T76/><D50/><U33/><E0/><V69/><F1/><W15/><G51/><T78/><D122/><U73/><E73/><V20/><F69/><W48/><G48/><T84/><D3/><U30/><E6/><V125/><F4/><N who="3" m="3111" /><G45/><T104/><D104/><U5/><E5/><V79/><F125/><W60/><G60/><T63/><D7/><U91/><E91/><V132/><F113/><W8/><AGARI ba="0,0" hai="8,15,16,21,22,23,56,62,65,96,99" m="3111" machi="8" ten="30,2000,0" yaku="8,1,54,1" doraHai="115,83" who="3" fromWho="3" sc="256,-5,139,-5,406,-10,199,20" /><INIT seed="7,0,0,5,1,112" ten="251,134,396,219" oya="3" hai0="127,86,38,12,11,41,10,54,101,80,16,121,88" hai1="107,57,124,48,126,22,123,37,20,45,58,8,9" hai2="60,29,59,15,28,133,44,109,18,30,25,119,36" hai3="77,135,53,122,104,90,52,82,23,14,70,43,125"/><W65/><G122/><T87/><D121/><U21/><E123/><V39/><F109/><W5/><G104/><T120/><D120/><U7/><E107/><V110/><F110/><W3/><G3/><T56/><D127/><U42/><E37/><V78/><F119/><W35/><G35/><T67/><D67/><U51/><E51/><V19/><F78/><W81/><G135/><T49/><D101/><U24/><E24/><V108/><F108/><W1/><G1/><T69/><D69/><U105/><E105/><V17/><F25/><W83/><G43/><T32/><D32/><U116/><E116/><V103/><F103/><W62/><G125/><T115/><D115/><U111/><E111/><V73/><F73/><W96/><G77/><N who="0" m="46351" /><D41/><U34/><E34/><V72/><F44/><W27/><G14/><T114/><D38/><U13/><E124/><V46/><F72/><W99/><G5/><T71/><D71/><U91/><E126/><V93/><F133/><W68/><G68/><T102/><D102/><U64/><E64/><V131/><F46/><W55/><REACH who="3" step="1"/><G90/><REACH who="3" ten="251,134,396,209" step="2"/><T0/><D114/><U98/><REACH who="1" step="1"/><E9/><REACH who="1" ten="251,124,396,209" step="2"/><V100/><F15/><W113/><G113/><T118/><D0/><U117/><E117/><V134/><F134/><W2/><G2/><T128/><D118/><U4/><E4/><V79/><F79/><W84/><G84/><T66/><D10/><U47/><E47/><V31/><F100/><W76/><G76/><T50/><D11/><U89/><E89/><V85/><F85/><W92/><G92/><AGARI ba="0,2" hai="7,8,13,20,21,22,42,45,48,57,58,91,92,98" machi="92" ten="40,2600,0" yaku="1,1,8,1,53,0" doraHai="112" doraHaiUra="97" who="1" fromWho="3" sc="251,0,124,46,396,0,209,-26" owari="251,5.0,170,-33.0,396,50.0,183,-22.0" /></mjloggm>