<mjloggm ver="2.3"><GO type="169" lobby="0"/><UN n0="%74%61%6B%75%61%6B%61" n1="%72%79%75%6D%69%74%69" n2="%E3%83%88%E3%83%88%E3%83%AA%E5%85%88%E7%94%9F%31%39%E6%AD%B3" n3="%E3%82%84%E3%81%BE%E3%83%BC%E3%82%93" dan="19,16,19,16" rate="2214.57,2083.60,2236.24,2076.56" sx="M,M,F,M"/><TAIKYOKU oya="0"/><INIT seed="0,0,0,0,3,130" ten="250,250,250,250" oya="0" hai0="97,72,24,96,42,6,115,134,44,84,12,17,74" hai1="98,78,83,131,100,133,1,4,122,126,109,14,77" hai2="105,18,129,75,38,89,30,91,119,13,65,45,10" hai3="68,40,19,11,63,37,39,102,32,50,8,94,35"/><T81/><D115/><U43/><E122/><V59/><F105/><W31/><G68/><T53/><D6/><U125/><E131/><V110/><F129/><W52/><G63/><T124/><D124/><U123/><E1/><V112/><F112/><W103/><G40/><T120/><D24/><U23/><E123/><V36/><F75/><W117/><G117/><T57/><D74/><U5/><E109/><V87/><F110/><W67/><G67/><T51/><D72/><U33/><E33/><V135/><F135/><W62/><G62/><T116/><D134/><U82/><E43/><V21/><F45/><W27/><G35/><T7/><D7/><U55/><E14/><V29/><F89/><W99/><G103/><T93/><D93/><U54/><E100/><V70/><F70/><W113/><G113/><T3/><D3/><U108/><E108/><V60/><F119/><W88/><G102/><T114/><D114/><U73/><E73/><V41/><F10/><W76/><G76/><N who="0" m="46119" /><D116/><U85/><E85/><V2/><F2/><W69/><G69/><T86/><D86/><U61/><E61/><V26/><F41/><W121/><G121/><T0/><D0/><U48/><E98/><N who="0" m="37993" /><D120/><U15/><E15/><V71/><F71/><W25/><G8/><N who="0" m="6279" /><D42/><U66/><E126/><V16/><F18/><W132/><G132/><T101/><D101/><U128/><E133/><V104/><F104/><W28/><G11/><T111/><D111/><U80/><E125/><V49/><F13/><W46/><G31/><N who="2" m="11785" /><F38/><W22/><AGARI ba="0,0" hai="19,22,25,27,28,32,37,39,46,50,52,88,94,99" machi="22" ten="30,4000,0" yaku="0,1,54,2" doraHai="130" who="3" fromWho="3" sc="250,-20,250,-10,250,-10,250,40" /><INIT seed="1,0,0,1,3,75" ten="230,240,240,290" oya="1" hai0="9,18,97,20,74,11,33,69,61,105,4,3,55" hai1="62,126,112,101,63,16,51,29,81,66,130,113,27" hai2="83,24,50,56,52,91,57,36,35,14,118,108,93" hai3="86,135,71,119,25,128,109,102,72,31,42,120,114"/><U6/><E126/><V1/><F118/><W100/><G42/><T47/><D33/><U94/><E130/><V67/><F1/><W44/><G44/><T116/><D116/><U85/><E6/><V132/><F36/><W43/><G43/><T37/><D74/><U28/><E51/><V41/><F108/><W2/><G25/><T92/><D105/><U13/><E112/><V82/><F41/><W21/><G21/><T115/><D37/><U8/><E113/><V22/><F35/><W0/><G31/><T123/><D11/><U84/><E27/><V98/><F132/><W30/><G30/><T53/><D47/><U99/><E63/><N who="2" m="38383" /><F14/><W133/><G2/><T89/><D123/><U76/><REACH who="1" step="1"/><E85/><REACH who="1" ten="230,230,240,290" step="2"/><V12/><F12/><W46/><G114/><T73/><D115/><U60/><E60/><V70/><F70/><AGARI ba="0,1" hai="8,13,16,28,29,62,66,70,76,81,84,94,99,101" machi="70" ten="30,12000,1" yaku="1,1,7,1,52,1,54,1,53,1" doraHai="75" doraHaiUra="10" who="1" fromWho="2" sc="230,0,230,130,240,-120,290,0" /><INIT seed="1,1,0,4,2,46" ten="230,360,120,290" oya="1" hai0="47,43,100,49,116,12,62,11,75,60,104,86,34" hai1="108,56,26,125,37,132,127,130,77,55,76,63,97" hai2="39,109,98,120,111,7,18,99,54,87,51,35,44" hai3="89,122,6,50,23,67,70,48,2,20,21,19,102"/><U3/><E132/><V14/><F120/><W15/><G122/><T31/><D75/><U4/><E130/><V96/><F35/><W29/><G102/><T74/><D116/><U103/><E37/><V24/><F24/><W33/><G70/><T42/><D74/><U45/><E108/><V124/><F7/><W81/><G67/><T101/><D34/><U38/><E26/><V64/><F39/><W95/><G81/><T8/><D31/><U71/><E4/><V5/><F5/><W126/><G126/><N who="1" m="48138" /><E3/><V59/><F124/><W129/><G129/><T92/><D42/><N who="1" m="22743" /><E71/><V84/><F111/><W65/><G33/><T94/><D104/><AGARI ba="1,0" hai="55,56,63,76,77,97,103,104" m="22743,48138" machi="104" ten="30,1500,0" yaku="18,1" doraHai="46" who="1" fromWho="0" sc="230,-18,360,18,120,0,290,0" /><INIT seed="1,2,0,1,4,114" ten="212,378,120,290" oya="1" hai0="65,108,111,124,84,60,15,58,21,63,13,110,75" hai1="18,69,132,31,95,11,102,36,105,130,99,71,37" hai2="29,35,48,10,59,24,8,44,88,61,86,5,120" hai3="1,12,51,134,72,67,109,135,62,83,46,115,39"/><U117/><E130/><V56/><F120/><W103/><G115/><T2/><D75/><U119/><E31/><V125/><F125/><W0/><G39/><T42/><D124/><U45/><E132/><N who="3" m="50730" /><G109/><T131/><D131/><U50/><E105/><V30/><F30/><W38/><G38/><T100/><D2/><U32/><E32/><V17/><F17/><W129/><G129/><T49/><D100/><U80/><E80/><V40/><F61/><W74/><G12/><T33/><D33/><U43/><E37/><V76/><F76/><N who="3" m="44439" /><G103/><T116/><D84/><U122/><E122/><V20/><F35/><W87/><G87/><T121/><D121/><U85/><E85/><V53/><F40/><N who="3" m="25031" /><G72/><T104/><D104/><U23/><E11/><V16/><F29/><W3/><G3/><T133/><D133/><U106/><E106/><V27/><F27/><W28/><G28/><T9/><D60/><U118/><REACH who="1" step="1"/><E36/><REACH who="1" ten="212,368,120,290" step="2"/><V98/><F98/><W64/><G64/><T73/><D73/><U22/><E22/><V78/><F78/><W6/><G6/><T113/><D21/><U77/><E77/><V126/><F126/><W52/><G52/><T79/><D79/><U66/><E66/><V25/><F8/><W34/><G34/><T4/><D9/><U54/><E54/><V93/><REACH who="2" step="1"/><F25/><AGARI ba="2,1" hai="18,23,25,43,45,50,69,71,95,99,102,117,118,119" machi="25" ten="40,12000,1" yaku="1,1,52,3,53,1" doraHai="114" doraHaiUra="91" who="1" fromWho="2" sc="212,0,368,136,120,-126,290,0" owari="212,-19.0,504,61.0,-6,-51.0,290,9.0" /></mjloggm>