<mjloggm ver="2.3"><GO type="225" lobby="0"/><UN n0="%74%61%74%73%75%37%30%32" n1="%E3%81%B5%E3%81%8F%E3%82%84%E3%82%93" n2="%E3%83%88%E3%83%88%E3%83%AA%E5%85%88%E7%94%9F%31%39%E6%AD%B3" n3="%E3%81%BE%E3%81%99%E3%81%8F%E3%81%AF%E3%81%8C%E3%81%97" dan="17,17,17,16" rate="2277.91,2145.41,2167.54,2056.53" sx="M,F,F,M"/><TAIKYOKU oya="0"/><INIT seed="0,0,0,2,3,105" ten="250,250,250,250" oya="0" hai0="70,10,24,39,65,90,75,18,64,134,83,27,37" hai1="54,84,67,6,45,76,50,94,60,43,99,120,59" hai2="68,101,26,122,63,106,80,126,47,9,86,78,53" hai3="111,41,125,113,33,87,97,36,42,117,25,31,17"/><T110/><D134/><U57/><E120/><V100/><F122/><W61/><G117/><T115/><D115/><U11/><E76/><V38/><F126/><W48/><G113/><T28/><D110/><U19/><E84/><V123/><F123/><W82/><G111/><T96/><D70/><U49/><E19/><V3/><F106/><W32/><G32/><T58/><D39/><U29/><E29/><V13/><F3/><W16/><G36/><T14/><D37/><U44/><E59/><N who="2" m="35311" /><F68/><W15/><G97/><T112/><D112/><U109/><E109/><V135/><F38/><W88/><G125/><T92/><D27/><U107/><E107/><V108/><F135/><W12/><G61/><T79/><REACH who="0" step="1"/><D58/><REACH who="0" ten="240,250,250,250" step="2"/><U77/><E57/><V103/><F26/><W85/><G15/><T132/><D132/><U62/><E62/><V91/><F108/><W133/><G12/><T121/><D121/><U4/><E60/><V8/><F13/><W51/><G133/><T74/><D74/><U124/><E124/><V73/><F73/><W34/><G51/><T128/><D128/><U129/><E129/><V66/><F66/><W93/><G48/><T72/><D72/><U69/><E67/><V2/><F2/><W52/><G25/><T46/><D46/><U21/><E69/><V127/><F127/><W56/><G56/><T23/><AGARI ba="0,1" hai="10,14,18,23,24,28,64,65,75,79,83,90,92,96" machi="23" ten="20,7800,0" yaku="1,1,0,1,7,1,52,1,53,0" doraHai="105" doraHaiUra="119" who="0" fromWho="0" sc="240,88,250,-26,250,-26,250,-26" /><INIT seed="0,1,0,5,0,20" ten="328,224,224,224" oya="0" hai0="32,8,122,105,22,6,52,85,51,61,23,94,53" hai1="119,121,79,104,130,34,89,49,18,96,55,78,118" hai2="13,133,48,66,16,131,30,84,26,65,64,21,102" hai3="108,29,62,113,126,95,11,82,63,5,124,59,81"/><T69/><D32/><U111/><E34/><V134/><F131/><W54/><G113/><T93/><D105/><U103/><E121/><V9/><F102/><W0/><G108/><T123/><D122/><U70/><E70/><V46/><REACH who="2" step="1"/><F84/><REACH who="2" ten="328,224,214,224" step="2"/><W116/><G116/><T112/><D123/><U99/><E130/><V45/><F45/><W57/><G29/><T135/><D112/><U71/><E119/><V44/><F44/><W125/><REACH who="3" step="1"/><G95/><REACH who="3" ten="328,224,214,214" step="2"/><T72/><D93/><U14/><E118/><V114/><F114/><W36/><G36/><T83/><D94/><U1/><E111/><V87/><F87/><W41/><G41/><AGARI ba="1,2" hai="9,13,16,21,26,30,41,46,48,64,65,66,133,134" machi="41" ten="40,8000,1" yaku="1,1,52,1,54,1,53,1" doraHai="20" doraHaiUra="43" who="2" fromWho="3" sc="328,0,224,0,214,103,214,-83" /><INIT seed="1,0,0,4,3,39" ten="328,224,317,131" oya="1" hai0="16,122,60,103,56,92,114,77,11,126,18,79,72" hai1="25,33,2,52,29,88,38,6,119,15,37,96,89" hai2="44,35,101,73,22,112,108,121,47,111,133,124,3" hai3="7,102,32,71,26,87,81,46,13,61,1,43,82"/><U10/><E119/><V36/><RYUUKYOKU type="yao9" ba="0,0" sc="328,0,224,0,317,0,131,0" hai2="3,22,35,36,44,47,73,101,108,111,112,121,124,133" /><INIT seed="1,1,0,1,3,12" ten="328,224,317,131" oya="1" hai0="32,106,6,86,58,130,40,8,11,33,37,2,124" hai1="97,41,45,100,46,95,47,74,63,129,71,75,19" hai2="123,81,79,89,119,80,91,70,61,43,113,25,90" hai3="77,121,117,22,28,51,52,53,3,82,24,105,1"/><U0/><E0/><V88/><F119/><W64/><G121/><T96/><D58/><U14/><E129/><V135/><F123/><W108/><G108/><T26/><D86/><U125/><E125/><V29/><F135/><W67/><G105/><T17/><D17/><U20/><REACH who="1" step="1"/><E41/><REACH who="1" ten="328,214,317,131" step="2"/><V65/><F43/><W60/><G117/><T93/><D40/><U44/><N who="1" m="11776" /><DORA hai="39" /><U34/><E34/><V31/><F113/><W114/><G114/><T101/><D33/><U36/><E36/><V62/><F81/><W122/><G122/><T120/><D32/><U10/><E10/><V30/><F62/><W126/><G126/><T18/><D11/><U84/><E84/><V133/><F133/><W109/><G109/><T21/><D8/><U69/><E69/><V83/><F83/><W13/><G3/><T23/><D2/><U38/><E38/><V87/><N who="2" m="22528" /><DORA hai="68" /><V35/><AGARI ba="1,1" hai="25,29,30,31,35,61,65,70,79,80,87" m="22528" machi="35" ten="40,5200,0" yaku="4,1,0,1,54,1" doraHai="12,39,68" who="2" fromWho="2" sc="328,-14,214,-27,317,65,131,-14" /><INIT seed="2,0,0,1,2,8" ten="314,187,382,117" oya="2" hai0="115,97,133,7,19,6,34,36,79,66,118,108,45" hai1="100,111,50,41,62,20,110,77,74,42,56,31,134" hai2="25,18,113,27,112,16,3,105,40,102,29,82,120" hai3="47,30,51,70,94,128,95,80,63,104,52,55,99"/><V73/><F120/><W129/><G30/><T17/><D115/><U114/><E114/><V24/><F3/><W14/><G104/><T9/><D34/><U12/><E134/><V83/><F29/><W81/><G95/><T106/><D133/><U68/><E68/><V44/><F105/><W67/><G55/><T61/><D7/><U4/><E100/><V125/><F102/><W126/><G126/><T135/><D97/><U132/><E132/><V33/><F125/><W130/><REACH who="3" step="1"/><G14/><REACH who="3" ten="314,187,382,107" step="2"/><N who="0" m="5431" /><D108/><U22/><E31/><V116/><F112/><W96/><G96/><T87/><D106/><U59/><E12/><V26/><F113/><W89/><AGARI ba="0,1" hai="47,51,52,63,67,70,80,81,89,94,99,128,129,130" machi="89" ten="30,7900,0" yaku="1,1,0,1,19,1,54,1,53,0" doraHai="8" doraHaiUra="38" who="3" fromWho="3" sc="314,-20,187,-20,382,-39,107,89" /><INIT seed="3,0,0,4,3,0" ten="294,167,343,196" oya="3" hai0="7,62,34,135,114,57,78,38,97,132,32,22,40" hai1="130,65,106,39,26,21,63,43,124,120,5,50,25" hai2="76,45,6,128,17,64,41,14,133,108,13,126,99" hai3="2,82,79,107,59,112,33,92,95,116,8,29,69"/><W3/><G69/><T87/><D114/><U74/><E120/><V56/><F108/><W83/><G112/><T53/><D97/><U115/><E115/><V98/><F128/><W47/><G107/><T122/><D122/><U94/><E106/><V19/><F133/><N who="0" m="51274" /><D40/><U127/><E74/><V66/><F126/><N who="1" m="48169" /><E130/><V46/><F76/><W134/><G8/><T1/><D38/><U75/><E75/><V28/><F28/><W15/><G15/><N who="2" m="5641" /><F6/><W117/><G29/><T102/><D102/><U12/><E39/><V89/><F98/><W9/><G9/><N who="0" m="2287" /><D22/><U61/><E94/><N who="2" m="56783" /><F56/><W72/><G134/><T101/><D101/><U90/><E90/><V110/><F110/><W125/><G125/><T4/><D4/><U58/><E21/><V73/><F73/><W54/><G72/><T109/><D109/><U93/><E93/><V18/><F41/><W91/><G95/><T129/><D129/><U27/><E43/><V113/><F113/><W70/><G92/><T121/><D121/><U30/><E30/><V105/><F105/><W52/><G52/><T118/><D118/><U36/><E36/><V37/><F37/><W111/><G54/><T103/><D103/><U20/><E20/><V11/><F11/><W88/><G111/><T31/><D31/><U86/><E86/><V42/><F42/><W77/><G77/><T35/><D87/><U48/><E63/><V85/><F85/><W51/><G79/><AGARI ba="0,0" hai="32,34,35,53,57,62,78,79" m="2287,51274" machi="79" ten="40,2600,0" yaku="20,1,52,1" doraHai="0" who="0" fromWho="3" sc="294,26,167,0,343,0,196,-26" owari="320,12.0,167,-33.0,343,44.0,170,-23.0" /></mjloggm>