<mjloggm ver="2.3"><GO type="169" lobby="0"/><UN n0="%E3%80%90%E7%BD%AA%E6%AD%8C%E3%80%91" n1="%E3%81%BF%E3%82%85%E3%83%BC%E3%82%8B" n2="%E5%B0%B1%E6%B4%BB%E7%94%9F%40%E5%B7%9D%E6%9D%91%E8%BB%8D%E5%9B%A3" n3="%E7%B4%94%EF%BC%93%E9%BE%8D%E9%96%80" dan="19,16,17,17" rate="2275.70,2076.66,2231.30,2130.58" sx="F,M,M,F"/><TAIKYOKU oya="0"/><INIT seed="0,0,0,4,2,70" ten="250,250,250,250" oya="0" hai0="124,21,20,45,126,86,22,97,29,65,0,74,12" hai1="76,79,119,117,25,53,41,23,101,123,60,87,50" hai2="4,81,19,3,72,36,32,68,38,30,108,128,2" hai3="100,58,103,33,110,48,28,57,40,13,127,54,102"/><T93/><D74/><U113/><E123/><V129/><F108/><W11/><G110/><T46/><D0/><N who="2" m="42" /><F19/><W56/><G127/><N who="0" m="48683" /><D65/><U75/><E101/><V27/><F4/><W63/><G33/><T15/><D29/><U83/><E113/><V67/><F67/><W39/><G28/><T120/><D86/><U95/><E41/><V98/><F98/><W16/><REACH who="3" step="1"/><G63/><REACH who="3" ten="250,250,250,240" step="2"/><T61/><D61/><U109/><E60/><V94/><F68/><W1/><G1/><T89/><D120/><U14/><E109/><V52/><F30/><W18/><G18/><T43/><D46/><AGARI ba="0,1" hai="11,13,16,39,40,46,48,54,56,57,58,100,102,103" machi="46" ten="40,5200,0" yaku="1,1,52,1,54,1,53,0" doraHai="70" doraHaiUra="134" who="3" fromWho="0" sc="250,-52,250,0,250,0,240,62" /><INIT seed="1,0,0,0,2,17" ten="198,250,250,302" oya="1" hai0="45,31,127,131,8,21,2,109,29,4,69,74,38" hai1="46,106,92,40,112,132,72,43,61,14,86,34,27" hai2="100,111,76,15,126,90,82,97,102,98,71,96,118" hai3="130,12,105,19,11,41,42,7,51,104,73,33,119"/><U60/><E72/><V25/><F71/><W75/><G33/><T101/><D109/><U134/><E106/><V23/><F118/><W3/><G119/><T70/><D131/><U1/><E1/><V125/><F15/><W99/><G130/><T122/><D122/><U44/><E14/><V54/><F90/><W28/><G28/><T64/><D127/><N who="2" m="48650" /><F54/><W53/><G73/><T123/><D123/><U107/><E107/><V56/><F56/><W133/><G133/><T18/><D101/><U22/><E34/><V113/><F111/><W124/><G124/><T5/><D5/><U24/><E112/><V63/><F63/><W87/><G7/><T20/><D74/><U58/><E58/><V10/><F10/><W65/><G75/><T62/><D70/><U121/><E121/><V85/><F113/><W79/><G12/><T66/><D66/><U48/><E61/><V81/><F82/><W26/><G11/><T57/><D69/><U103/><E60/><V91/><F91/><W16/><G65/><T9/><D9/><U52/><E134/><V35/><F35/><W88/><G88/><T55/><D21/><U83/><E22/><V68/><F68/><W94/><G3/><T67/><D67/><U49/><E132/><V77/><F77/><W108/><G79/><T39/><D64/><U110/><E110/><V30/><AGARI ba="0,0" hai="23,25,30,76,81,85,96,97,98,100,102" m="48650" machi="30" ten="30,2000,0" yaku="18,1,52,1" doraHai="17" who="2" fromWho="2" sc="198,-5,250,-10,250,20,302,-5" /><INIT seed="2,0,0,2,5,50" ten="193,240,270,297" oya="2" hai0="44,23,92,62,78,67,103,6,31,2,83,122,101" hai1="121,43,131,134,9,39,84,99,124,49,130,98,19" hai2="80,118,82,48,64,127,54,76,34,77,107,22,133" hai3="38,132,113,42,90,117,95,93,96,33,17,59,55"/><V5/><F34/><W125/><G117/><T86/><D122/><U15/><E121/><V72/><F118/><W88/><G33/><T105/><D105/><U85/><E39/><V116/><F116/><W29/><G125/><T0/><D44/><N who="1" m="25759" /><E124/><V97/><F127/><W47/><G132/><T41/><D41/><U71/><E71/><V26/><F64/><W135/><G135/><T65/><D65/><U12/><E134/><V45/><F5/><W21/><G29/><T32/><D32/><U104/><E12/><V89/><F133/><W109/><G109/><T40/><D40/><U87/><E104/><V79/><F107/><W14/><G113/><T51/><D51/><U73/><E73/><V1/><F1/><W13/><G13/><T53/><D6/><U112/><E112/><V20/><F20/><W102/><REACH who="3" step="1"/><G95/><REACH who="3" ten="193,240,270,287" step="2"/><T4/><D92/><U56/><E131/><V110/><F110/><W115/><G115/><T114/><D114/><U111/><E130/><V63/><F72/><W106/><G106/><T70/><D2/><U75/><E111/><V35/><F35/><W81/><G81/><T100/><D0/><U27/><E75/><V69/><F82/><W24/><G24/><N who="0" m="16799" /><D4/><U126/><E126/><V3/><F3/><W123/><G123/><T57/><D70/><U46/><E27/><V68/><F80/><W52/><G52/><T91/><D67/><U37/><E56/><V18/><F68/><W66/><G66/><T36/><D78/><U128/><E128/><V94/><F69/><W60/><AGARI ba="0,1" hai="14,17,21,38,42,47,55,59,60,88,90,93,96,102" machi="60" ten="20,8000,1" yaku="1,1,0,1,7,1,52,1,54,1,53,0" doraHai="50" doraHaiUra="7" who="3" fromWho="3" sc="193,-20,240,-20,270,-40,287,90" /><INIT seed="3,0,0,2,0,0" ten="173,220,230,377" oya="3" hai0="109,13,110,87,52,122,48,97,8,24,103,92,10" hai1="84,7,125,98,5,12,64,63,1,116,77,134,111" hai2="15,40,39,101,119,19,76,73,123,3,88,108,57" hai3="114,71,118,54,112,132,31,61,9,128,49,62,131"/><W17/><G31/><T44/><D122/><U66/><E116/><V79/><F3/><W94/><G94/><T34/><D87/><U72/><E1/><V35/><F35/><W46/><G17/><T124/><D124/><U96/><E72/><V107/><F119/><W104/><G9/><T28/><REACH who="0" step="1"/><D10/><REACH who="0" ten="163,220,230,377" step="2"/><U135/><E125/><V21/><F73/><W126/><G126/><T27/><D27/><U33/><E111/><V129/><F108/><W32/><G118/><T6/><AGARI ba="0,1" hai="6,8,13,24,28,34,44,48,52,92,97,103,109,110" machi="6" ten="30,7900,0" yaku="1,1,0,1,52,1,54,1,53,0" doraHai="0" doraHaiUra="83" who="0" fromWho="0" sc="163,89,220,-20,230,-20,377,-39" /><INIT seed="4,0,0,3,2,18" ten="252,200,210,338" oya="0" hai0="38,131,53,55,58,106,77,110,75,108,68,33,134" hai1="15,32,2,27,74,127,121,100,0,126,101,30,84" hai2="97,25,111,72,70,29,115,133,22,51,52,95,86" hai3="93,89,36,123,78,85,117,118,112,82,79,91,107"/><T76/><D68/><U14/><E74/><V8/><F72/><W40/><G40/><T13/><D75/><U49/><E84/><V43/><F111/><N who="0" m="42538" /><D13/><N who="1" m="4619" /><E49/><V135/><F70/><W17/><G17/><T105/><D58/><U1/><E101/><V44/><F8/><W119/><G36/><T56/><D56/><U48/><E48/><V12/><F12/><W35/><G35/><T81/><D33/><U92/><E92/><V120/><F120/><W69/><G69/><T114/><D81/><U125/><E100/><V45/><F115/><W80/><G112/><T21/><D114/><U130/><E130/><V31/><F86/><N who="3" m="48415" /><G107/><T60/><D60/><U24/><E24/><V16/><F43/><W64/><G64/><T66/><D66/><U71/><E71/><V129/><F45/><W46/><G46/><T99/><D38/><U5/><E121/><V83/><F83/><W94/><G123/><T61/><D131/><U11/><AGARI ba="0,0" hai="0,1,2,5,11,27,30,32,125,126,127" m="4619" machi="11" ten="40,5200,0" yaku="18,1,34,2" doraHai="18" who="1" fromWho="1" sc="252,-26,200,52,210,-13,338,-13" /><INIT seed="5,0,0,5,0,4" ten="226,252,197,325" oya="1" hai0="131,36,128,62,116,88,86,104,113,78,39,87,24" hai1="71,65,135,59,25,69,43,63,28,67,14,120,83" hai2="70,133,15,68,26,127,10,118,55,119,51,110,123" hai3="125,102,66,18,41,130,44,85,101,97,61,74,121"/><U34/><E120/><V30/><F123/><W98/><G74/><T32/><D116/><U17/><E135/><V23/><F110/><W95/><G121/><T84/><D104/><U93/><E43/><V54/><F133/><W90/><G130/><N who="0" m="49707" /><D62/><U64/><E93/><V5/><F127/><W50/><G125/><T40/><D113/><U0/><E0/><V122/><F122/><W103/><REACH who="3" step="1"/><G18/><REACH who="3" ten="226,252,197,315" step="2"/><T29/><D78/><U106/><E106/><V46/><REACH who="2" step="1"/><F55/><REACH who="2" ten="226,252,187,315" step="2"/><W124/><G124/><T58/><D40/><U94/><E67/><V75/><F75/><W81/><G81/><T56/><D39/><U107/><E83/><V48/><F48/><W7/><G7/><T1/><D36/><U11/><E107/><V134/><F134/><W108/><G108/><T9/><D88/><U37/><E37/><V99/><F99/><W27/><G27/><T89/><D89/><U31/><E94/><V47/><F47/><W19/><G19/><T16/><D16/><U6/><E65/><V20/><F20/><W13/><G13/><T109/><D109/><U22/><REACH who="1" step="1"/><E31/><REACH who="1" ten="226,242,187,315" step="2"/><V53/><F53/><W33/><G33/><T45/><D32/><U72/><E72/><V38/><F38/><W105/><G105/><T60/><D29/><U76/><E76/><V114/><F114/><W3/><G3/><T8/><D1/><U12/><AGARI ba="0,3" hai="6,11,12,14,17,22,25,28,34,59,63,64,69,71" machi="12" ten="20,7800,0" yaku="1,1,0,1,7,1,52,1,53,0" doraHai="4" doraHaiUra="117" who="1" fromWho="1" sc="226,-26,242,108,187,-26,315,-26" /><INIT seed="5,1,0,0,4,64" ten="200,350,161,289" oya="1" hai0="50,17,108,135,51,132,9,75,40,49,76,133,84" hai1="80,39,62,19,101,100,79,128,89,107,81,86,3" hai2="71,105,43,90,37,29,38,47,93,61,116,32,23" hai3="65,103,126,1,57,85,97,74,122,110,26,42,70"/><U35/><E3/><V69/><F105/><W16/><G1/><T41/><D108/><U123/><E35/><V118/><F32/><W10/><G74/><T106/><D106/><U111/><E39/><V109/><F109/><W4/><G122/><T73/><D84/><U117/><E123/><V15/><F38/><W6/><G70/><T91/><D91/><U124/><E111/><V125/><F125/><W53/><G65/><T102/><D102/><U46/><E124/><V31/><F31/><W68/><G68/><T119/><D119/><U66/><E117/><V95/><F95/><W34/><G42/><N who="0" m="16491" /><D76/><U134/><E46/><V82/><F82/><W98/><G103/><T67/><D67/><U8/><E107/><V48/><F37/><W92/><G85/><T2/><D17/><U20/><E80/><V120/><F120/><W104/><G104/><T24/><D24/><U99/><E79/><V52/><F116/><W27/><G34/><T36/><D36/><U63/><E100/><V114/><F114/><W13/><G110/><T55/><D55/><U22/><E101/><V7/><F118/><W121/><G121/><T112/><D112/><U5/><E86/><V56/><F29/><W96/><G92/><T28/><D28/><U72/><E72/><V30/><F30/><W77/><G77/><T60/><D60/><U88/><E81/><V59/><F59/><W45/><G126/><T131/><D131/><U25/><E128/><V54/><F43/><W130/><G130/><T44/><D44/><U83/><E83/><V94/><F94/><W18/><G45/><RYUUKYOKU ba="1,0" sc="200,30,350,-10,161,-10,289,-10" hai0="2,9,49,50,51,73,75,132,133,135" /><INIT seed="6,2,0,1,5,103" ten="230,340,151,279" oya="2" hai0="69,36,26,118,56,79,107,90,34,27,110,58,73" hai1="14,94,129,28,109,108,7,91,1,19,86,74,117" hai2="96,98,25,2,17,116,88,70,37,123,21,80,76" hai3="119,83,55,133,53,10,130,115,135,12,22,121,6"/><V65/><F116/><W0/><G121/><T30/><D110/><U114/><E74/><V33/><F123/><W5/><G119/><T92/><D118/><U54/><E117/><V47/><F2/><W78/><G130/><T11/><D69/><U81/><E129/><V134/><F33/><W120/><G120/><T82/><D36/><U63/><E28/><V62/><F134/><N who="3" m="51211" /><G115/><T128/><D128/><U124/><E114/><V101/><F88/><W38/><G38/><T3/><D27/><U51/><E63/><V64/><F64/><W59/><G59/><T9/><D107/><U72/><E124/><V52/><F101/><W4/><G22/><T15/><D11/><N who="1" m="2543" /><E72/><V131/><F131/><W126/><G126/><T87/><REACH who="0" step="1"/><D3/><REACH who="0" ten="220,340,151,279" step="2"/><U105/><E105/><V8/><F8/><N who="3" m="4119" /><G4/><AGARI ba="2,1" hai="4,9,15,26,30,34,56,58,73,79,82,87,90,92" machi="4" ten="30,2000,0" yaku="1,1,7,1,53,0" doraHai="103" doraHaiUra="97" who="0" fromWho="3" sc="220,36,340,0,151,0,279,-26" /><INIT seed="7,0,0,1,2,127" ten="256,340,151,253" oya="3" hai0="103,129,7,80,89,125,77,46,119,44,104,101,30" hai1="10,17,106,8,56,128,24,110,131,73,133,114,65" hai2="36,108,35,39,27,33,64,54,86,66,71,109,22" hai3="26,90,13,99,82,49,40,43,81,63,19,57,115"/><W29/><G115/><T42/><D119/><U41/><E106/><V32/><F86/><W95/><G26/><T116/><D129/><N who="1" m="49739" /><E73/><V6/><F6/><W72/><G29/><T59/><D89/><U47/><E110/><V16/><F54/><N who="3" m="34231" /><G72/><T15/><D46/><U76/><E76/><V52/><F71/><W92/><G92/><T91/><D30/><U97/><E114/><V113/><F113/><W122/><G122/><T9/><D59/><U124/><E124/><V1/><F1/><W45/><G40/><T53/><D53/><U100/><E133/><V107/><F107/><W69/><G69/><T126/><D91/><U123/><E123/><V25/><F25/><W118/><G118/><T18/><D18/><U88/><E88/><V61/><F108/><W2/><G2/><T55/><D55/><U67/><E56/><V96/><F109/><W3/><G3/><T84/><D116/><U68/><E68/><V34/><N who="2" m="8192" /><DORA hai="31" /><V132/><F132/><W70/><G70/><T134/><D134/><U5/><E97/><V105/><F52/><W50/><G50/><N who="0" m="26903" /><D103/><U120/><E100/><V28/><F28/><W111/><G111/><T121/><D121/><U130/><E120/><V4/><F4/><W74/><G74/><T14/><D15/><N who="1" m="7415" /><E24/><V0/><F0/><W62/><G62/><T112/><D112/><U79/><E79/><V102/><REACH who="2" step="1"/><F61/><REACH who="2" ten="256,340,141,253" step="2"/><W98/><G98/><AGARI ba="0,1" hai="7,9,14,77,80,84,98,101,104,125,126" m="26903" machi="98" ten="30,1000,0" yaku="25,1" doraHai="127,31" who="0" fromWho="3" sc="256,20,340,0,141,0,253,-10" owari="276,8.0,340,44.0,141,-36.0,243,-16.0" /></mjloggm>