<mjloggm ver="2.3"><GO type="169" lobby="0"/><UN n0="%69%67%6F%6D%69%78" n1="%E3%82%B3%E3%83%BC%E3%83%A9%E3%81%8F%E3%81%A0%E3%81%95%E3%81%84" n2="%E8%B5%A4%E7%A5%9E%E9%A2%A8%E9%9B%B2" n3="%E3%82%A6%E3%83%AB%E3%83%88%E3%83%A9%E7%AB%8B%E7%9B%B4" dan="16,17,16,16" rate="2055.56,2234.08,2114.95,2138.49" sx="M,M,M,M"/><TAIKYOKU oya="0"/><INIT seed="0,0,0,0,3,98" ten="250,250,250,250" oya="0" hai0="50,73,121,31,79,106,126,45,29,27,72,22,56" hai1="81,102,60,124,1,111,28,10,129,17,62,12,42" hai2="110,8,117,58,103,33,24,116,67,94,96,35,87" hai3="118,68,131,99,49,53,9,97,36,100,120,43,7"/><T52/><D121/><U30/><E111/><V38/><F110/><W54/><G118/><N who="2" m="45673" /><F38/><W80/><G68/><T59/><D126/><U3/><E124/><V23/><F8/><W84/><G131/><T76/><D106/><U135/><E129/><V71/><F87/><W64/><G64/><T113/><D113/><U70/><E135/><V47/><F47/><W4/><G36/><T128/><D128/><U2/><E42/><V0/><F0/><W37/><G37/><T91/><D91/><U115/><E115/><V41/><F41/><W13/><G99/><T132/><D132/><U48/><E48/><V18/><F71/><W74/><G74/><T25/><D73/><U26/><E81/><V75/><F75/><W130/><G130/><T16/><D72/><U5/><E102/><V123/><F123/><W57/><G120/><T114/><D114/><U46/><E46/><V125/><F125/><W86/><G43/><T112/><D112/><U101/><E101/><V65/><F65/><W92/><G80/><T88/><D88/><U90/><E90/><V77/><F77/><W127/><G127/><T6/><D6/><U85/><E85/><V15/><F15/><W95/><G4/><T32/><REACH who="0" step="1"/><D31/><REACH who="0" ten="240,250,250,250" step="2"/><U105/><E105/><V51/><F51/><N who="3" m="30911" /><G95/><T104/><D104/><U44/><E28/><V39/><F39/><W119/><G119/><T63/><D63/><AGARI ba="0,1" hai="18,23,24,33,35,58,63,67,94,96,103" m="45673" machi="63" ten="30,2000,0" yaku="12,1,52,1" doraHai="98" who="2" fromWho="0" sc="240,-20,250,0,250,30,250,0" /><INIT seed="1,0,0,3,3,11" ten="220,250,280,250" oya="1" hai0="122,99,24,117,125,98,49,54,81,62,27,41,48" hai1="66,42,85,103,43,14,64,102,18,92,12,115,17" hai2="129,71,86,119,60,109,130,76,22,126,8,26,83" hai3="108,47,51,45,132,96,38,6,97,75,21,63,9"/><U104/><E104/><V110/><F119/><W58/><G75/><T34/><D122/><U57/><E115/><V87/><F126/><W111/><G38/><T88/><D125/><U50/><E85/><V133/><F133/><W59/><G21/><T72/><D117/><U3/><E3/><V94/><F60/><W74/><G74/><T79/><D99/><N who="1" m="59751" /><E103/><V7/><F71/><W52/><G132/><T101/><D41/><N who="1" m="15371" /><E50/><V56/><F56/><W39/><G39/><T65/><D49/><U113/><E113/><V100/><F100/><W55/><G97/><T68/><D68/><U33/><E33/><V46/><F46/><W20/><G96/><T37/><D37/><U5/><E5/><V106/><F106/><W2/><REACH who="3" step="1"/><G20/><REACH who="3" ten="220,250,280,240" step="2"/><T30/><D98/><U70/><E70/><V16/><F87/><W32/><G32/><T128/><D34/><U131/><E131/><N who="2" m="50187" /><F94/><W31/><G31/><T44/><D128/><U23/><E57/><V123/><F123/><W105/><G105/><T121/><D30/><U91/><E91/><V82/><F82/><W116/><G116/><T1/><D101/><U29/><E29/><V77/><F77/><W80/><G80/><T15/><D121/><U78/><E78/><V10/><F10/><AGARI ba="0,1" hai="10,12,14,17,18,23,64,66" m="15371,59751" machi="10" ten="30,5800,0" yaku="8,1,52,2" doraHai="11" who="1" fromWho="2" sc="220,0,250,68,280,-58,240,0" /><INIT seed="1,1,0,4,1,68" ten="220,318,222,240" oya="1" hai0="61,26,71,51,2,105,83,35,125,17,118,101,72" hai1="121,69,116,109,33,132,14,13,89,79,24,98,28" hai2="6,52,100,102,29,115,25,119,27,63,0,113,5" hai3="107,66,37,7,1,10,8,32,133,4,91,42,129"/><U130/><E116/><V47/><F119/><W39/><G32/><T82/><D118/><U31/><E121/><V9/><F6/><W93/><G107/><T103/><D2/><U65/><E130/><V126/><F126/><W97/><G129/><T87/><D125/><U112/><E112/><N who="2" m="43083" /><F27/><W106/><G133/><T120/><D120/><U134/><E79/><V30/><F30/><W23/><G66/><T22/><D72/><U45/><E31/><V40/><F63/><W85/><G42/><T48/><D35/><U99/><E45/><V114/><F52/><W111/><G23/><T88/><D82/><U50/><E50/><N who="2" m="26983" /><F114/><W58/><G58/><T64/><D105/><U74/><E74/><V53/><F53/><W117/><G117/><T77/><D77/><U15/><E109/><V46/><F46/><W19/><G19/><T108/><D108/><U60/><REACH who="1" step="1"/><E89/><REACH who="1" ten="220,308,222,240" step="2"/><V11/><F102/><W34/><G111/><T86/><D51/><U110/><E110/><V123/><F100/><W44/><G44/><T128/><D48/><U59/><E59/><V16/><F123/><W76/><G76/><T78/><D128/><U95/><E95/><V20/><F29/><W38/><G106/><T21/><D103/><U135/><AGARI ba="1,1" hai="13,14,15,24,28,33,60,65,69,98,99,132,134,135" machi="135" ten="40,12000,1" yaku="1,1,0,1,20,1,53,2" doraHai="68" doraHaiUra="94" who="1" fromWho="1" sc="220,-41,308,133,222,-41,240,-41" /><INIT seed="1,2,0,0,2,24" ten="179,441,181,199" oya="1" hai0="106,114,61,23,57,62,13,65,107,95,91,93,127" hai1="134,4,111,25,49,104,34,41,27,7,113,32,124" hai2="115,38,85,89,87,123,73,78,122,44,36,64,88" hai3="46,90,68,97,105,75,50,112,86,132,30,31,121"/><U129/><E104/><V8/><F64/><W29/><G112/><T92/><D114/><U128/><E113/><V77/><F115/><W18/><G121/><T1/><D1/><U9/><E41/><V58/><F8/><W3/><G75/><T45/><D127/><U120/><E49/><V26/><F26/><N who="1" m="9737" /><E120/><V125/><F58/><W131/><G68/><T52/><D91/><U76/><E76/><V118/><F44/><W42/><G3/><T22/><D13/><N who="1" m="5287" /><E124/><V110/><F125/><W6/><G6/><T19/><D45/><U133/><E7/><V96/><F73/><W101/><G131/><N who="1" m="50250" /><E111/><V82/><F110/><W54/><G18/><T119/><D107/><U0/><E0/><V14/><F38/><W63/><G63/><T2/><D106/><U37/><E37/><V20/><F36/><W69/><G69/><T130/><D2/><U39/><E39/><V55/><F123/><W17/><G17/><T98/><D130/><U47/><E47/><V11/><F122/><W28/><N who="3" m="7168" /><DORA hai="83" /><W16/><G16/><T103/><D19/><U100/><E100/><V12/><F77/><W99/><G42/><T48/><D48/><U102/><E102/><V71/><F78/><W35/><G46/><T33/><D103/><U5/><E5/><V56/><F71/><W60/><G50/><T43/><D43/><U51/><E51/><V126/><F126/><W40/><G40/><T109/><D109/><U72/><E72/><V94/><F56/><W67/><G105/><T53/><D61/><U21/><E21/><V79/><F20/><W10/><G60/><RYUUKYOKU ba="2,0" sc="179,-10,441,30,181,-10,199,-10" hai1="32,34,133,134" /><INIT seed="1,3,0,0,4,134" ten="169,471,171,189" oya="1" hai0="68,82,46,40,10,26,13,19,31,75,39,129,111" hai1="66,54,3,6,94,114,57,25,97,130,8,28,42" hai2="47,62,89,118,106,73,113,90,22,69,93,124,17" hai3="44,37,4,120,103,119,43,24,58,86,78,52,11"/><U27/><E114/><V56/><F118/><W49/><G120/><T9/><D68/><U12/><E130/><V71/><F106/><W2/><G119/><T67/><D67/><U88/><E66/><V127/><F73/><W91/><G103/><T92/><D129/><U87/><E42/><V79/><F79/><W102/><G102/><T108/><D92/><U132/><E132/><V64/><F47/><W61/><G24/><T41/><D41/><U84/><E3/><V30/><F30/><W100/><G100/><T15/><D82/><U65/><E65/><V60/><F113/><W85/><G78/><T131/><D75/><U105/><E105/><V109/><F109/><W5/><G5/><T70/><D70/><U35/><REACH who="1" step="1"/><E25/><REACH who="1" ten="169,461,171,189" step="2"/><N who="2" m="14543" /><F71/><W107/><G107/><T0/><D131/><U51/><AGARI ba="3,1" hai="6,8,12,27,28,35,51,54,57,84,87,88,94,97" machi="51" ten="20,7800,0" yaku="1,1,0,1,7,1,54,1,53,0" doraHai="134" doraHaiUra="36" who="1" fromWho="1" sc="169,-29,461,97,171,-29,189,-29" /><INIT seed="1,4,0,0,5,83" ten="140,558,142,160" oya="1" hai0="100,47,3,60,81,43,103,63,41,20,19,14,128" hai1="92,68,75,101,23,124,131,107,9,53,119,17,51" hai2="27,125,67,18,34,93,94,37,111,82,129,46,57" hai3="6,106,36,95,104,80,134,91,29,7,85,90,126"/><U61/><E119/><V89/><F37/><W35/><G36/><T72/><D3/><U16/><E107/><N who="3" m="41002" /><G29/><T70/><D43/><U122/><E122/><V113/><F34/><W78/><G7/><T108/><D128/><U8/><E75/><V28/><F46/><W32/><G6/><T105/><D108/><U33/><E33/><V0/><F0/><W123/><G32/><T52/><D63/><U99/><E124/><V64/><F57/><W2/><G2/><T42/><D42/><U25/><E131/><V112/><F28/><W114/><G35/><T84/><D72/><U127/><E127/><V66/><F129/><W15/><G15/><T44/><D105/><U71/><E71/><V26/><F125/><W62/><G62/><T24/><D70/><U76/><E76/><V12/><F111/><W54/><G54/><T31/><D44/><U118/><E118/><V21/><F113/><W55/><G55/><T102/><D41/><U73/><E73/><V22/><F112/><W5/><G126/><T115/><D115/><U69/><E69/><V10/><F10/><W59/><G114/><T13/><D31/><U116/><E116/><V96/><F22/><W49/><G123/><T39/><D39/><U11/><E68/><V117/><F117/><W97/><G134/><T133/><D133/><U77/><E61/><V110/><F110/><W130/><G130/><T38/><D38/><U45/><E17/><V135/><F135/><W79/><G5/><T98/><D60/><U1/><E1/><V88/><F82/><W86/><G97/><AGARI ba="4,0" hai="12,18,21,26,27,64,66,67,88,89,93,94,96,97" machi="97" ten="40,5200,0" yaku="9,1,8,1,54,1" doraHai="83" who="2" fromWho="3" sc="140,0,558,0,142,64,160,-64" /><INIT seed="2,0,0,4,1,113" ten="140,558,206,96" oya="2" hai0="60,54,81,18,115,59,92,130,84,41,52,122,102" hai1="19,77,119,121,131,78,114,32,11,4,90,94,103" hai2="109,13,8,87,39,50,47,73,56,125,40,105,86" hai3="27,0,98,107,96,35,51,23,108,74,58,31,93"/><V85/><F73/><W55/><G74/><T21/><D115/><U29/><E114/><V70/><F70/><W135/><G0/><T5/><D122/><U44/><E103/><V63/><F105/><W71/><G71/><T1/><D41/><U132/><E19/><V128/><F128/><W9/><G108/><T68/><D68/><U75/><E131/><V88/><F109/><W101/><G135/><T127/><D130/><U110/><E110/><V45/><F125/><W80/><G80/><T134/><D127/><U15/><E132/><V14/><F39/><W30/><G9/><T120/><D120/><U43/><E121/><V124/><F45/><W24/><REACH who="3" step="1"/><G98/><REACH who="3" ten="140,558,206,86" step="2"/><T104/><D134/><U22/><E75/><V133/><F133/><W111/><G111/><T48/><D1/><U129/><E129/><V10/><F124/><W72/><G72/><T28/><D104/><AGARI ba="0,1" hai="23,24,27,30,31,35,51,55,58,93,96,101,104,107" machi="104" ten="40,1300,0" yaku="1,1,53,0" doraHai="113" doraHaiUra="7" who="3" fromWho="0" sc="140,-13,558,0,206,0,86,23" /><INIT seed="3,0,0,0,1,77" ten="127,558,206,109" oya="3" hai0="95,65,45,91,35,24,121,27,102,53,8,56,28" hai1="109,71,68,76,120,60,16,10,122,75,83,15,133" hai2="6,82,46,103,29,61,50,11,111,44,93,3,131" hai3="80,47,2,4,112,32,20,48,107,12,42,104,70"/><W90/><G112/><T40/><D121/><U79/><E109/><V17/><F111/><W33/><G70/><T99/><D65/><U81/><E133/><V23/><F131/><W126/><G2/><T130/><D130/><U36/><E36/><V113/><F113/><W94/><G126/><T97/><D8/><U51/><E51/><V22/><F61/><W88/><G107/><T58/><D27/><U66/><E71/><V115/><F115/><W49/><G104/><T9/><D9/><U74/><AGARI ba="0,0" hai="10,15,16,60,66,68,74,75,76,79,81,83,120,122" machi="74" ten="20,12000,2" yaku="0,1,7,1,9,1,52,2,54,1" doraHai="77" who="1" fromWho="1" sc="127,-30,558,120,206,-30,109,-60" /><INIT seed="4,0,0,0,0,87" ten="97,678,176,49" oya="0" hai0="115,125,128,91,39,107,61,70,29,4,51,75,86" hai1="59,26,108,63,9,135,32,105,77,45,2,34,11" hai2="69,35,93,119,126,97,28,0,1,54,78,76,57" hai3="114,109,124,16,67,71,44,104,30,74,121,80,18"/><T23/><D75/><U129/><E105/><V49/><F69/><W106/><G109/><T90/><D39/><U41/><E108/><V47/><F126/><W99/><G124/><T88/><D125/><U117/><E117/><V42/><F119/><W122/><G30/><T89/><D107/><U127/><E127/><V113/><F113/><W31/><G31/><T25/><D115/><U17/><E129/><V132/><F132/><W95/><G114/><T66/><D128/><U36/><E135/><V64/><F64/><W83/><G44/><T65/><D65/><U100/><E100/><V8/><F1/><W111/><G111/><T131/><D131/><U19/><E77/><V13/><F0/><W6/><G6/><T79/><D4/><U120/><E120/><N who="3" m="46186" /><G106/><T40/><D79/><U96/><E96/><V85/><F28/><W24/><G104/><T123/><D123/><U52/><E2/><V72/><F72/><W3/><G3/><T12/><D12/><U103/><E103/><V73/><F85/><W27/><G67/><T56/><D70/><U58/><E58/><V22/><F22/><N who="3" m="13383" /><G74/><T15/><D15/><N who="1" m="7423" /><E9/><V82/><F35/><W38/><G38/><T46/><N who="0" m="22528" /><DORA hai="48" /><T60/><D86/><U5/><E5/><N who="2" m="3215" /><F73/><W118/><G118/><T81/><D60/><U84/><E84/><V92/><F97/><W130/><G130/><T10/><D10/><U50/><E36/><N who="2" m="21959" /><F82/><AGARI ba="0,0" hai="23,25,29,40,46,51,56,61,66,81,82" m="22528" machi="82" ten="50,18000,2" yaku="8,1,52,4,54,1" doraHai="87,48" who="0" fromWho="2" sc="97,180,678,0,176,-180,49,0" owari="277,8.0,678,77.0,-4,-50.0,49,-35.0" /></mjloggm>