<mjloggm ver="2.3"><GO type="169" lobby="0"/><UN n0="%67%61%72%75%63%69%61" n1="%31%2F%32%31" n2="%E3%83%88%E3%83%88%E3%83%AA%E5%85%88%E7%94%9F%31%39%E6%AD%B3" n3="%E3%83%A4%E3%82%AD%E3%83%B3" dan="16,16,19,17" rate="2192.74,2078.66,2281.36,2167.19" sx="M,M,F,M"/><TAIKYOKU oya="0"/><INIT seed="0,0,0,3,0,39" ten="250,250,250,250" oya="0" hai0="25,125,4,19,17,47,108,83,36,63,33,84,88" hai1="122,20,123,24,37,104,55,135,48,1,110,49,22" hai2="80,114,38,77,30,75,111,23,128,66,113,14,100" hai3="34,99,2,87,106,12,35,9,74,69,70,3,90"/><T78/><D125/><U121/><E104/><V130/><F111/><W57/><G57/><T71/><D4/><U5/><E37/><V79/><F38/><W10/><G87/><T15/><D108/><U60/><E110/><V16/><F77/><W76/><G90/><T59/><D71/><U41/><E5/><V129/><F66/><W98/><G12/><T105/><D105/><U21/><E1/><V91/><F100/><W64/><G64/><T13/><D33/><U56/><E135/><V62/><F62/><W73/><G106/><T97/><D36/><U28/><E48/><V112/><F91/><W107/><G107/><T32/><D47/><U46/><AGARI ba="0,0" hai="20,21,22,24,28,41,46,49,55,56,60,121,122,123" machi="46" ten="40,2700,0" yaku="0,1,52,1" doraHai="39" who="1" fromWho="1" sc="250,-13,250,27,250,-7,250,-7" /><INIT seed="1,0,0,0,1,96" ten="237,277,243,243" oya="1" hai0="65,59,112,33,18,31,25,17,28,131,30,67,107" hai1="52,66,134,32,133,19,132,15,76,130,21,58,27" hai2="128,117,110,0,43,37,47,2,4,98,45,106,35" hai3="8,51,40,75,119,13,56,68,93,109,126,87,34"/><U62/><E130/><V20/><F117/><W36/><G75/><T5/><D112/><U3/><E3/><V29/><F20/><W46/><G34/><T88/><D107/><U73/><E73/><V9/><F47/><W49/><G68/><T91/><D131/><U39/><E76/><V11/><F128/><W50/><G109/><T90/><D5/><U103/><E39/><V16/><F110/><W125/><G119/><T53/><D33/><U97/><E66/><N who="0" m="25097" /><D25/><U42/><E42/><V38/><F38/><W64/><G64/><T1/><D1/><U114/><E114/><V82/><F82/><W54/><G87/><T41/><D41/><U120/><E120/><V121/><F121/><W74/><G93/><T94/><D94/><N who="1" m="58807" /><E32/><V24/><F16/><N who="0" m="6250" /><D31/><U44/><E44/><V92/><F92/><W69/><G74/><T84/><D84/><U71/><E71/><V10/><F2/><W95/><G95/><T83/><D83/><U6/><E6/><V89/><F106/><W113/><G69/><T118/><D118/><U123/><E123/><V111/><F111/><W102/><G113/><T104/><D104/><U60/><E27/><V135/><F98/><W55/><G36/><T81/><D81/><U63/><AGARI ba="0,0" hai="15,19,21,52,58,60,62,63,132,133,134" m="58807" machi="63" ten="40,7800,0" yaku="20,1,52,1,54,1" doraHai="96" who="1" fromWho="1" sc="237,-26,277,78,243,-26,243,-26" /><INIT seed="1,1,0,4,4,107" ten="211,355,217,217" oya="1" hai0="98,135,69,59,58,5,19,82,83,76,122,66,1" hai1="34,45,2,87,118,96,52,126,114,7,56,101,91" hai2="79,20,15,35,109,75,80,95,103,42,78,27,30" hai3="3,25,86,62,53,65,37,64,127,111,92,94,99"/><U132/><E118/><V63/><F109/><W16/><G37/><T124/><D69/><U50/><E114/><V21/><F42/><W17/><G3/><T93/><D122/><U108/><E126/><V123/><F123/><W40/><G40/><T133/><D124/><U12/><E34/><V54/><F103/><W74/><G74/><T49/><D83/><U115/><E132/><V44/><F95/><W41/><G41/><T33/><D33/><U13/><E115/><V128/><F128/><W0/><G0/><T105/><D105/><U106/><E108/><V31/><F31/><W88/><G111/><T48/><D19/><N who="3" m="7241" /><G25/><T26/><D26/><U104/><E104/><V113/><F113/><W24/><G24/><T55/><D66/><U116/><E116/><V129/><F129/><W61/><G127/><T57/><D5/><U43/><E7/><V22/><F15/><W117/><G117/><T89/><D1/><U71/><E71/><V130/><F130/><W67/><G53/><T77/><D77/><U121/><E2/><V97/><F78/><W120/><G120/><T9/><D9/><U32/><E32/><V110/><F110/><W125/><G125/><T70/><D70/><U29/><E29/><V90/><F35/><W81/><G92/><T85/><D55/><U73/><E73/><V6/><F6/><W68/><G68/><T28/><D28/><U134/><E134/><AGARI ba="1,0" hai="48,49,57,58,59,76,82,85,89,93,98,133,134,135" machi="134" ten="40,1300,0" yaku="20,1" doraHai="107" who="0" fromWho="1" sc="211,16,355,-16,217,0,217,0" /><INIT seed="2,0,0,5,3,36" ten="227,339,217,217" oya="2" hai0="134,50,4,14,105,116,107,79,74,54,37,117,30" hai1="76,126,33,47,13,58,17,35,22,55,7,0,59" hai2="99,71,1,92,123,18,135,120,81,124,130,113,2" hai3="132,48,85,52,125,100,65,110,129,133,32,102,44"/><V10/><F113/><W27/><G110/><T24/><D37/><U60/><E126/><V96/><F71/><W91/><G125/><T114/><D114/><U15/><E0/><V3/><F124/><W38/><G65/><T109/><D109/><U29/><E76/><V108/><F108/><W112/><G112/><T121/><D121/><U21/><E59/><V119/><F119/><N who="0" m="45642" /><D79/><U70/><E70/><V93/><F130/><W23/><G32/><N who="0" m="20551" /><D74/><U89/><E29/><V75/><F135/><N who="3" m="51787" /><G38/><T118/><D134/><U26/><E7/><V62/><F62/><W67/><G67/><T115/><D115/><U46/><E35/><V83/><F75/><W127/><G129/><T131/><D131/><U98/><E33/><V40/><F3/><W94/><G127/><T103/><D103/><U68/><E68/><V61/><F61/><W9/><G9/><N who="0" m="4391" /><D118/><U12/><REACH who="1" step="1"/><E21/><REACH who="1" ten="227,329,217,217" step="2"/><V106/><F10/><W41/><G23/><T104/><D104/><U25/><E25/><V63/><F106/><W77/><G27/><T39/><D39/><U97/><E97/><V51/><F99/><W82/><G77/><T45/><AGARI ba="0,1" hai="45,50,54,105,107" m="4391,20551,45642" machi="45" ten="30,1100,0" yaku="12,1" doraHai="36" who="0" fromWho="0" sc="227,21,329,-3,217,-5,217,-3" /><INIT seed="3,0,0,2,3,45" ten="248,326,212,214" oya="3" hai0="23,86,76,8,51,37,11,1,108,34,97,111,115" hai1="113,63,71,48,77,74,94,121,78,128,33,102,122" hai2="87,124,57,72,81,61,56,16,75,125,133,21,116" hai3="123,5,106,95,79,104,15,92,22,39,109,50,30"/><W114/><G39/><T130/><D37/><U60/><E33/><V26/><F116/><W107/><G114/><T9/><D34/><U110/><E71/><V64/><F133/><W89/><G123/><T25/><D130/><U4/><E74/><V49/><F75/><W24/><G79/><T29/><D115/><U67/><E128/><V54/><REACH who="2" step="1"/><F72/><REACH who="2" ten="248,326,202,214" step="2"/><W28/><G109/><T68/><D111/><U2/><E110/><V132/><F132/><W129/><G129/><T134/><D134/><U3/><E113/><V65/><F65/><W98/><G107/><T10/><D108/><U6/><E67/><V0/><F0/><W126/><G106/><T73/><D73/><U105/><E105/><V14/><F14/><W46/><G104/><T27/><D1/><U119/><E119/><V7/><F7/><W100/><G15/><T101/><D68/><U62/><E2/><V42/><F42/><N who="3" m="24919" /><G5/><T44/><D27/><U96/><E3/><V93/><F93/><W66/><G66/><T40/><D40/><U31/><E121/><V127/><F127/><W99/><G126/><T12/><D12/><U135/><E122/><V13/><F13/><W18/><AGARI ba="0,1" hai="18,22,24,28,30,89,92,95,98,99,100" m="24919" machi="18" ten="30,3000,0" yaku="8,1,52,1" doraHai="45" who="3" fromWho="3" sc="248,-10,326,-10,202,-10,214,40" /><INIT seed="3,1,0,4,4,89" ten="238,316,192,254" oya="3" hai0="27,129,62,131,116,98,33,22,67,91,61,8,83" hai1="88,70,15,38,48,80,65,110,92,135,0,109,126" hai2="13,14,2,54,108,64,87,105,35,25,112,122,125" hai3="78,16,39,119,69,104,90,41,20,46,18,29,23"/><W113/><G113/><T56/><D33/><U103/><E38/><V6/><F112/><W75/><G119/><T79/><D116/><U11/><E0/><V21/><F105/><W115/><G115/><T121/><D121/><U99/><E135/><V9/><F122/><W73/><G69/><T71/><D8/><U5/><E126/><V107/><F107/><W30/><G104/><T134/><D134/><U47/><E65/><V102/><F102/><W32/><G32/><T93/><D83/><U24/><E24/><V63/><F35/><W66/><G66/><T31/><REACH who="0" step="1"/><D79/><REACH who="0" ten="228,316,192,254" step="2"/><U60/><E80/><V58/><F125/><W117/><G117/><T7/><D7/><U50/><E109/><V44/><F108/><W127/><G127/><T17/><D17/><U3/><E110/><V52/><F9/><W53/><G78/><T59/><D59/><U55/><E70/><V10/><F44/><W43/><G46/><T72/><D72/><U81/><E3/><V106/><F2/><W45/><G75/><T74/><D74/><U37/><E37/><V101/><F10/><W49/><G73/><T12/><D12/><U51/><E47/><V68/><F6/><W4/><G4/><T76/><D76/><U36/><E15/><V82/><F13/><N who="3" m="9231" /><G39/><T57/><D57/><U123/><E123/><V95/><F68/><W34/><G34/><T114/><D114/><U86/><E5/><V97/><F14/><N who="3" m="9687" /><G30/><T132/><D132/><U28/><E81/><V94/><F21/><W42/><G29/><T124/><D124/><U40/><E28/><V26/><F25/><RYUUKYOKU ba="1,1" sc="228,15,316,-15,192,-15,254,15" hai0="22,27,31,56,61,62,67,71,91,93,98,129,131" hai3="41,42,43,45,49,53,90" /><INIT seed="3,2,1,0,0,81" ten="243,301,177,269" oya="3" hai0="26,73,22,100,1,110,11,84,129,114,24,108,18" hai1="3,67,120,4,70,74,69,15,31,25,126,107,103" hai2="21,97,58,75,125,104,47,66,102,44,37,33,90" hai3="6,34,109,28,93,63,40,8,85,36,111,77,30"/><W56/><G34/><T54/><D73/><U2/><E15/><V117/><F117/><W124/><G124/><T12/><D114/><U96/><E126/><V10/><F33/><W98/><G40/><T13/><D129/><U135/><E135/><V121/><F125/><W113/><G36/><T78/><D100/><U131/><E131/><V92/><F75/><W64/><G113/><T101/><D101/><U123/><E74/><V45/><F121/><N who="1" m="46665" /><E4/><V94/><F10/><W53/><G64/><T14/><D54/><U118/><E118/><V72/><F72/><W130/><G130/><T62/><D62/><N who="1" m="40183" /><E70/><V19/><F37/><W55/><G55/><T32/><D32/><AGARI ba="2,1" hai="2,3,25,31,32,96,103,107" m="40183,46665" machi="32" ten="30,2000,0" yaku="25,1,23,1" doraHai="81" who="1" fromWho="0" sc="243,-26,301,36,177,0,269,0" /><INIT seed="4,0,0,3,4,92" ten="217,337,177,269" oya="0" hai0="110,52,76,84,87,65,112,117,128,55,4,82,63" hai1="56,30,27,17,118,0,60,111,80,33,61,54,20" hai2="25,95,48,94,72,24,67,2,99,93,59,58,81" hai3="131,1,26,64,134,11,135,31,14,28,91,46,124"/><T85/><D117/><U101/><E118/><V123/><F123/><W57/><G1/><T109/><D112/><U53/><E0/><V70/><F2/><W122/><G122/><T120/><D120/><U79/><E111/><N who="0" m="42505" /><D128/><U121/><E121/><V132/><F132/><W5/><G131/><T21/><D4/><U102/><E33/><V78/><F70/><W127/><G46/><T126/><D126/><N who="3" m="48169" /><G91/><T114/><D114/><U89/><E30/><N who="3" m="11306" /><G26/><T116/><D21/><U69/><E69/><V10/><F10/><W104/><G104/><T23/><D23/><U86/><E79/><V77/><F77/><W42/><G42/><T62/><D116/><U8/><E8/><V75/><F75/><W13/><G13/><T12/><D12/><U98/><E80/><V44/><F24/><W18/><G5/><T68/><D63/><AGARI ba="0,0" hai="11,14,18,57,63,64,134,135" m="11306,48169" machi="63" ten="30,1000,0" yaku="18,1" doraHai="92" who="3" fromWho="0" sc="217,-10,337,0,177,0,269,10" /><INIT seed="5,0,0,1,5,79" ten="207,337,177,279" oya="1" hai0="97,113,128,29,49,51,107,105,17,126,48,96,9" hai1="134,58,36,62,14,98,95,92,22,108,122,109,24" hai2="31,94,40,72,38,63,75,69,127,5,114,74,71" hai3="66,123,23,33,61,99,8,73,1,135,37,54,88"/><U117/><E117/><V11/><F127/><W20/><G33/><T76/><D126/><U125/><E122/><V120/><F120/><W119/><G37/><T90/><D128/><U44/><E125/><V16/><F31/><W18/><G123/><T55/><D76/><U91/><E134/><V78/><F114/><W112/><G73/><T12/><D113/><U21/><E14/><V102/><F102/><W87/><G112/><T101/><D29/><U124/><E124/><V104/><F104/><W3/><G99/><T103/><REACH who="0" step="1"/><D90/><REACH who="0" ten="197,337,177,279" step="2"/><N who="1" m="55671" /><E109/><V10/><F78/><W15/><G119/><T56/><AGARI ba="0,1" hai="9,12,17,48,49,51,55,56,96,97,101,103,105,107" machi="56" ten="20,5200,0" yaku="1,1,0,1,7,1,9,1,53,0" doraHai="79" doraHaiUra="39" who="0" fromWho="0" sc="197,62,337,-26,177,-13,279,-13" /><INIT seed="6,0,0,3,3,135" ten="259,311,164,266" oya="2" hai0="60,10,70,20,94,95,133,114,40,85,128,3,48" hai1="74,6,12,82,41,30,58,98,134,23,96,86,113" hai2="131,53,125,51,27,118,132,104,1,35,72,25,123" hai3="102,84,9,111,65,32,120,66,52,115,87,67,76"/><V11/><RYUUKYOKU type="yao9" ba="0,0" sc="259,0,311,0,164,0,266,0" hai2="1,11,25,27,35,51,53,72,104,118,123,125,131,132" /><INIT seed="6,1,0,5,5,44" ten="259,311,164,266" oya="2" hai0="121,42,26,6,14,76,13,133,118,52,28,5,60" hai1="46,83,50,57,37,94,66,0,27,45,51,56,116" hai2="90,97,127,31,101,85,114,130,12,80,53,125,8" hai3="91,33,23,84,82,63,87,38,48,100,7,98,105"/><V2/><F2/><W107/><G38/><T24/><D121/><U77/><E0/><V35/><F114/><W11/><G33/><T73/><D42/><U36/><E27/><V88/><F130/><W108/><G108/><T115/><D115/><U99/><E83/><V16/><F90/><W110/><G110/><T89/><D133/><U43/><E77/><V32/><F53/><W113/><G63/><T104/><D104/><U21/><E21/><V65/><F65/><W72/><G72/><T47/><D73/><U129/><E94/><V131/><F131/><W92/><G23/><N who="0" m="15391" /><D76/><U117/><E99/><V34/><REACH who="2" step="1"/><F31/><REACH who="2" ten="259,311,154,266" step="2"/><W69/><G113/><T111/><D111/><U124/><E129/><V62/><F62/><W18/><G91/><T120/><D120/><U128/><E128/><V93/><AGARI ba="1,1" hai="8,12,16,32,34,35,80,85,88,93,97,101,125,127" machi="93" ten="40,12000,1" yaku="1,1,0,1,54,2,53,1" doraHai="44" doraHaiUra="15" who="2" fromWho="2" sc="259,-41,311,-41,154,133,266,-41" /><INIT seed="6,2,0,0,0,85" ten="218,270,287,225" oya="2" hai0="50,120,118,24,125,91,84,23,29,2,45,126,95" hai1="61,123,81,6,14,97,107,78,129,71,109,119,131" hai2="13,47,122,1,101,117,20,82,132,10,105,30,12" hai3="135,98,37,77,96,32,108,19,111,51,87,52,17"/><V35/><F117/><W3/><G37/><T114/><D120/><U43/><E119/><V33/><F122/><W93/><G3/><T42/><D118/><U100/><E123/><V8/><F1/><W113/><G32/><T74/><D2/><U60/><E109/><V112/><F112/><W90/><G113/><T54/><D114/><U104/><E43/><V75/><F132/><W64/><G135/><T36/><REACH who="0" step="1"/><D74/><REACH who="0" ten="208,270,287,225" step="2"/><U67/><E129/><V72/><F75/><W53/><G111/><T15/><D15/><U127/><E131/><V133/><F12/><W59/><G108/><T11/><D11/><U58/><E14/><V124/><F10/><W26/><G26/><T27/><D27/><U46/><E6/><V110/><F110/><W28/><G28/><T63/><D63/><U99/><E60/><V80/><F72/><W41/><G19/><T130/><D130/><U5/><E5/><V56/><F133/><W79/><G17/><T69/><D69/><U48/><E71/><V44/><F8/><W116/><G116/><T134/><D134/><U40/><E127/><V18/><F124/><W89/><G64/><T16/><D16/><U55/><E67/><V92/><F30/><W68/><G68/><T57/><AGARI ba="2,1" hai="23,24,29,36,42,45,50,54,57,84,91,95,125,126" machi="57" ten="30,4000,0" yaku="1,1,0,1,52,1,53,0" doraHai="85" doraHaiUra="73" who="0" fromWho="0" sc="208,56,270,-12,287,-22,225,-12" /><INIT seed="7,0,0,2,4,59" ten="264,258,265,213" oya="3" hai0="14,26,80,53,38,61,33,126,41,122,74,55,70" hai1="27,44,37,29,46,18,43,15,0,58,66,120,133" hai2="16,131,134,62,92,108,31,76,118,77,5,64,115" hai3="101,35,112,13,95,106,110,123,79,81,105,69,94"/><W32/><G69/><T39/><D122/><U23/><E120/><V50/><F108/><W85/><G123/><T42/><D74/><U34/><E133/><V113/><F118/><W56/><G110/><T84/><D126/><U48/><E0/><V22/><F134/><W103/><G13/><T28/><D38/><U87/><E87/><V21/><F131/><W36/><G36/><T127/><D127/><U67/><REACH who="1" step="1"/><E58/><REACH who="1" ten="264,248,265,213" step="2"/><V128/><F128/><W100/><G56/><T47/><D84/><U12/><E12/><V97/><F113/><W83/><G112/><T24/><D14/><U20/><E20/><V75/><F22/><W3/><G3/><T68/><D70/><U90/><E90/><V98/><F21/><W10/><G35/><T7/><D68/><U121/><E121/><V63/><F115/><W57/><G32/><T4/><D33/><U45/><E45/><V25/><F76/><N who="3" m="46247" /><G57/><T71/><D71/><U54/><AGARI ba="0,1" hai="15,18,23,27,29,34,37,43,44,46,48,54,66,67" machi="54" ten="20,5200,0" yaku="1,1,0,1,7,1,53,1" doraHai="59" doraHaiUra="49" who="1" fromWho="1" sc="264,-13,248,62,265,-13,213,-26" owari="251,-15.0,310,41.0,252,5.0,187,-31.0" /></mjloggm>