<mjloggm ver="2.3"><GO type="169" lobby="0"/><UN n0="%E3%82%A6%E3%83%AB%E3%83%88%E3%83%A9%E7%AB%8B%E7%9B%B4" n1="%70%70%61%61%6F%6F" n2="%E5%A8%98%E3%80%82" n3="%E3%83%8F%E3%82%A4%E3%83%86%E3%83%B3%E3%83%9C%E3%83%BC" dan="17,17,17,16" rate="2164.35,2164.18,2183.54,2081.04" sx="M,M,M,M"/><TAIKYOKU oya="0"/><INIT seed="0,0,0,2,3,26" ten="250,250,250,250" oya="0" hai0="105,10,38,44,98,40,50,116,39,63,106,120,124" hai1="128,41,14,112,70,31,115,91,107,111,94,29,130" hai2="17,96,71,67,108,75,12,45,73,104,134,21,51" hai3="95,16,35,88,69,27,78,42,119,58,54,37,0"/><T114/><D120/><U61/><E111/><V132/><F108/><W99/><G119/><T127/><D116/><U92/><E107/><V53/><F67/><W72/><G69/><T57/><D114/><N who="1" m="43563" /><E41/><V133/><REACH who="2" step="1"/><F71/><REACH who="2" ten="250,250,240,250" step="2"/><W81/><G0/><T65/><D10/><U121/><E121/><V30/><F30/><N who="1" m="11273" /><E14/><V11/><F11/><W46/><G35/><T113/><D113/><U9/><E9/><V60/><F60/><W80/><G72/><T34/><D34/><U85/><E94/><V97/><F97/><W2/><G2/><T23/><D23/><U79/><E79/><V15/><F15/><W83/><G78/><T129/><D106/><U84/><E84/><V131/><F131/><W52/><REACH who="3" step="1"/><G58/><REACH who="3" ten="250,250,240,240" step="2"/><T87/><D129/><U110/><E110/><V117/><F117/><W62/><G62/><T49/><D57/><U3/><E3/><V109/><F109/><W6/><G6/><T100/><D63/><U77/><E77/><V32/><F32/><W4/><G4/><T118/><D118/><U8/><E8/><V18/><F18/><W43/><G43/><T126/><D40/><U135/><E70/><V82/><F82/><W68/><G68/><T33/><D33/><U55/><E135/><V1/><F1/><W90/><G90/><T36/><D126/><U24/><E24/><V25/><F25/><W123/><G123/><T48/><D127/><U93/><E61/><V20/><F20/><AGARI ba="0,2" hai="16,20,27,37,42,46,52,54,80,81,83,88,95,99" machi="20" ten="40,8000,1" yaku="1,1,54,3,53,0" doraHai="26" doraHaiUra="122" who="3" fromWho="2" sc="250,0,250,0,240,-80,240,100" /><INIT seed="1,0,0,3,2,78" ten="250,250,160,340" oya="1" hai0="37,36,128,103,8,34,111,133,17,134,88,30,105" hai1="0,67,86,9,66,100,81,97,90,22,38,57,73" hai2="84,63,69,19,120,79,54,40,62,23,61,91,59" hai3="53,112,25,115,102,41,48,33,4,96,68,116,107"/><U29/><E38/><V109/><F120/><W1/><G41/><T64/><D103/><U3/><E73/><V6/><F109/><W47/><G116/><T119/><D105/><U83/><E83/><V10/><F40/><W5/><G68/><T104/><D104/><U45/><E45/><V106/><F106/><W49/><G49/><T118/><D111/><U28/><E28/><V46/><F46/><W87/><G1/><T56/><D56/><U99/><E99/><V85/><F79/><W52/><G53/><T123/><D64/><U31/><E31/><V113/><F113/><W127/><G127/><T70/><D70/><U93/><E9/><V16/><F69/><W121/><G121/><T124/><D124/><U11/><E11/><V65/><F65/><W125/><G125/><T21/><D8/><U131/><E131/><V101/><F101/><W129/><G129/><T82/><D128/><U126/><E66/><V94/><F84/><W76/><G33/><T95/><D123/><U110/><E110/><V42/><F42/><W75/><G75/><T89/><D34/><U35/><E35/><V39/><F39/><W108/><G108/><T58/><D30/><U2/><E126/><V117/><F117/><W20/><G115/><T60/><D119/><U72/><E72/><V74/><F74/><W98/><G98/><N who="0" m="57711" /><D118/><U14/><E14/><N who="2" m="5463" /><F19/><N who="3" m="12447" /><G112/><T55/><D37/><U32/><E32/><V18/><F18/><W132/><G132/><T114/><D36/><U7/><E67/><V44/><F44/><W135/><G135/><T15/><D114/><U71/><E71/><RYUUKYOKU ba="0,0" sc="250,10,250,-30,160,10,340,10" hai0="15,17,21,55,58,60,82,88,133,134" hai2="16,23,54,59,61,62,63,85,91,94" hai3="4,5,47,48,52,76,87,96,102,107" /><INIT seed="2,1,0,1,4,36" ten="260,220,170,350" oya="2" hai0="0,30,55,12,6,121,32,112,37,86,101,13,44" hai1="110,20,83,91,87,113,94,84,116,90,58,92,99" hai2="53,78,111,39,11,57,133,130,15,135,25,69,104" hai3="19,18,7,103,59,43,4,8,68,22,119,96,81"/><V82/><F104/><W95/><G68/><T117/><D112/><U132/><E113/><V106/><F106/><W73/><G119/><T54/><D121/><U134/><E116/><V85/><F69/><W48/><G73/><T51/><D37/><U127/><E58/><V45/><F25/><W16/><G81/><T72/><D72/><U125/><E20/><V31/><F31/><W128/><G128/><T124/><D117/><U42/><E42/><V93/><F93/><W38/><G38/><T89/><D124/><N who="1" m="47691" /><E110/><V17/><F111/><W80/><G80/><T118/><D118/><U102/><AGARI ba="1,0" hai="83,84,87,90,91,92,94,99,102,132,134" m="47691" machi="102" ten="30,4000,0" yaku="18,1,34,2" doraHai="36" who="1" fromWho="1" sc="260,-11,220,43,170,-21,350,-11" /><INIT seed="3,0,0,0,1,16" ten="249,263,149,339" oya="3" hai0="103,6,73,106,34,97,104,27,8,66,29,0,130" hai1="39,107,89,41,65,43,126,9,5,113,12,76,19" hai2="71,30,54,31,121,92,11,37,122,21,4,101,99" hai3="80,25,83,1,62,86,44,133,49,74,69,94,50"/><W100/><G1/><T7/><D130/><U128/><E113/><V90/><F37/><W33/><G74/><T3/><D66/><U129/><E126/><V119/><F71/><W91/><G133/><T102/><D73/><U55/><E107/><V58/><F101/><W15/><G50/><T82/><D82/><U95/><E76/><V117/><F117/><W131/><G131/><N who="1" m="50250" /><E65/><V36/><F36/><W10/><G69/><T51/><D51/><U132/><E132/><V108/><F108/><W72/><G62/><T20/><D34/><U24/><E39/><V57/><F119/><W17/><G72/><T96/><REACH who="0" step="1"/><D7/><REACH who="0" ten="239,263,149,339" step="2"/><U45/><E5/><V63/><F122/><W48/><G48/><T116/><D116/><U127/><E127/><V111/><F121/><W85/><G83/><T40/><D40/><U32/><E43/><V87/><F111/><W60/><G60/><T14/><AGARI ba="0,1" hai="0,3,6,8,14,20,27,29,96,97,102,103,104,106" machi="14" ten="20,8000,1" yaku="1,1,0,1,7,1,9,1,52,1,53,0" doraHai="16" doraHaiUra="112" who="0" fromWho="0" sc="239,90,263,-20,149,-20,339,-40" /><INIT seed="4,0,0,3,4,44" ten="329,243,129,299" oya="0" hai0="12,124,120,110,75,78,14,31,36,58,59,52,80" hai1="94,132,86,69,18,10,33,81,127,73,109,92,65" hai2="67,125,82,41,91,113,101,24,50,28,123,43,98" hai3="66,126,99,9,0,57,89,37,116,19,38,111,130"/><T119/><D119/><U133/><E109/><V32/><F123/><W76/><G111/><T105/><D120/><U93/><E33/><V83/><F113/><W79/><G116/><T118/><D118/><U100/><E127/><V6/><F125/><W60/><G126/><T4/><D110/><U13/><E73/><V129/><F129/><W108/><G108/><T88/><D105/><U15/><E69/><V40/><F67/><W2/><G130/><T11/><D124/><U117/><E65/><V3/><F3/><W115/><G115/><T84/><D36/><U26/><E117/><V8/><F8/><W7/><G2/><T97/><D31/><U112/><E26/><V1/><F1/><W85/><G99/><T114/><D114/><U17/><E112/><V63/><F63/><W45/><G19/><T122/><D122/><U23/><E100/><V34/><F34/><W22/><G22/><T27/><D27/><U68/><E68/><V131/><F6/><W87/><G87/><T77/><D14/><U107/><E107/><V71/><F71/><W61/><G61/><N who="0" m="36039" /><D75/><U95/><N who="1" m="23552" /><DORA hai="5" /><U21/><REACH who="1" step="1"/><E23/><REACH who="1" ten="329,233,129,299" step="2"/><V30/><F131/><W48/><G85/><T56/><D97/><U72/><E72/><V29/><F98/><W49/><G66/><T53/><D59/><U104/><E104/><V42/><F101/><W16/><G57/><T106/><D106/><U70/><E70/><V134/><F32/><W25/><G25/><T47/><D56/><U55/><E55/><V35/><F35/><W90/><G45/><T54/><D54/><U64/><E64/><RYUUKYOKU ba="0,1" sc="329,15,233,15,129,-15,299,-15" hai0="4,11,12,47,53,77,78,80,84,88" hai1="10,13,15,17,18,21,81,86,132,133" /><INIT seed="4,1,1,2,4,28" ten="344,248,114,284" oya="0" hai0="50,91,69,24,12,16,106,33,97,125,2,71,92" hai1="45,13,37,34,26,101,100,8,23,64,120,114,77" hai2="113,66,43,134,96,84,98,15,88,75,32,52,127" hai3="90,112,119,104,58,48,126,0,35,99,87,94,76"/><T11/><D125/><U57/><E120/><V117/><F127/><W3/><G126/><T72/><D72/><U17/><E114/><V19/><F75/><W103/><G119/><T1/><D106/><U107/><E77/><V111/><F111/><W47/><G112/><T118/><D118/><U116/><E116/><V133/><F117/><W20/><G58/><T25/><D50/><U78/><E78/><V86/><F113/><W39/><G39/><T109/><D109/><U93/><E107/><V44/><F66/><W18/><G76/><T38/><D38/><U81/><E81/><N who="2" m="49167" /><F86/><W4/><G4/><T36/><D36/><U31/><E93/><V124/><F32/><W121/><G35/><T131/><D131/><U46/><E34/><V79/><F79/><W129/><G121/><T74/><D74/><U21/><E8/><N who="2" m="6631" /><F43/><W6/><G6/><T67/><D67/><U132/><E132/><N who="2" m="50795" /><F124/><W42/><REACH who="3" step="1"/><G129/><REACH who="3" ten="344,248,114,274" step="2"/><T30/><D71/><U14/><E37/><V9/><F9/><W135/><G135/><T102/><D69/><U59/><E23/><V130/><F130/><W41/><G41/><T62/><D33/><U95/><E21/><V5/><F5/><W105/><G105/><T53/><D11/><U29/><E64/><V63/><F63/><W115/><G115/><T7/><D62/><U22/><E22/><V60/><F60/><W61/><G61/><T82/><D7/><U80/><E57/><V89/><F89/><W49/><G49/><AGARI ba="1,2" hai="44,49,52,96,98" m="50795,6631,49167" machi="49" ten="30,7700,0" yaku="25,1,20,1,54,2" doraHai="28" who="2" fromWho="3" sc="344,0,248,0,114,100,274,-80" /><INIT seed="5,0,0,5,2,90" ten="344,248,214,194" oya="1" hai0="110,105,58,93,9,32,111,28,56,5,26,65,14" hai1="7,15,91,33,119,39,22,86,43,129,30,120,128" hai2="13,115,88,63,18,71,82,87,117,84,107,17,1" hai3="52,72,6,97,11,112,123,114,25,108,135,116,31"/><U36/><E119/><V54/><F1/><W103/><G123/><T127/><D105/><U74/><E33/><V92/><F107/><W34/><G72/><T98/><D127/><U109/><E120/><V80/><F117/><W57/><G108/><T68/><D68/><U69/><E74/><V78/><F115/><W60/><G116/><T19/><D58/><U35/><E35/><V44/><F71/><W124/><G124/><T95/><D65/><U10/><E109/><V79/><F92/><W42/><G42/><T8/><D56/><U66/><E43/><V76/><F13/><W49/><G60/><T85/><D85/><U130/><E30/><V126/><F126/><W132/><G114/><T102/><D95/><N who="1" m="54775" /><E22/><V101/><F101/><W73/><G73/><T89/><D102/><U77/><E77/><N who="2" m="29803" /><F63/><AGARI ba="0,0" hai="7,10,15,36,39,63,66,69,128,129,130" m="54775" machi="63" ten="30,2900,0" yaku="19,1,52,1" doraHai="90" who="1" fromWho="2" sc="344,0,248,29,214,-29,194,0" /><INIT seed="5,1,0,3,4,127" ten="344,277,185,194" oya="1" hai0="2,90,37,12,82,133,109,67,93,101,8,97,94" hai1="70,20,64,72,4,79,80,13,128,114,111,121,129" hai2="71,108,16,74,33,31,24,123,125,14,118,98,46" hai3="69,88,66,92,63,43,107,68,132,17,38,62,99"/><U50/><E121/><V39/><F108/><W3/><G3/><T85/><D109/><U49/><E111/><V11/><F118/><W100/><G132/><T29/><D133/><U5/><E114/><V36/><F123/><W61/><G69/><T7/><D37/><U75/><E75/><V40/><F125/><W18/><G18/><T59/><D29/><U89/><E89/><V1/><F71/><W65/><G65/><T41/><D41/><U0/><E0/><V77/><F98/><W57/><G57/><T126/><D126/><U30/><E4/><V117/><F117/><W115/><G115/><T112/><D112/><U102/><E102/><V35/><F1/><W15/><G43/><T106/><D12/><U130/><E30/><V120/><F120/><W134/><G38/><T76/><D76/><U55/><E55/><V25/><F25/><W45/><G45/><T83/><D106/><U73/><E73/><V110/><F110/><W84/><REACH who="3" step="1"/><G134/><REACH who="3" ten="344,277,185,184" step="2"/><T27/><D67/><U124/><E124/><V44/><F39/><W6/><G6/><T53/><D27/><U26/><E26/><V131/><F46/><W60/><G60/><AGARI ba="1,1" hai="2,7,8,53,59,60,82,83,85,90,93,94,97,101" machi="60" ten="30,1000,0" yaku="7,1" doraHai="127" who="0" fromWho="3" sc="344,23,277,0,185,0,184,-13" /><INIT seed="6,0,0,5,5,83" ten="367,277,185,171" oya="2" hai0="106,82,123,90,11,101,133,119,71,131,130,100,63" hai1="113,65,84,105,115,59,77,103,1,68,27,14,128" hai2="89,127,102,69,20,42,61,33,73,120,17,94,36" hai3="109,117,110,47,32,57,97,56,12,80,64,10,46"/><V108/><F120/><W88/><G117/><T6/><D123/><U134/><E1/><V99/><F73/><W96/><G32/><T26/><D133/><U93/><E134/><V41/><F33/><W62/><G110/><T95/><D119/><U15/><E105/><V19/><F108/><W114/><G109/><T66/><D82/><N who="1" m="47183" /><E68/><V78/><F78/><W58/><G114/><N who="1" m="43530" /><E128/><N who="0" m="49193" /><D26/><U35/><E65/><V112/><F112/><W43/><G97/><N who="0" m="57591" /><D106/><U9/><E59/><N who="3" m="22602" /><G43/><T74/><D74/><U3/><E93/><V21/><F36/><W49/><G49/><T121/><D121/><U31/><E103/><V52/><F42/><W39/><G39/><T72/><D72/><U8/><E8/><V48/><F41/><W122/><G122/><T132/><D132/><U28/><E28/><V34/><F102/><W16/><G96/><T67/><D67/><U40/><E40/><V129/><F129/><W38/><G38/><T0/><AGARI ba="0,0" hai="0,6,11,63,66,71,100,101" m="57591,49193" machi="0" ten="30,1100,0" yaku="19,1" doraHai="83" who="0" fromWho="0" sc="367,11,277,-3,185,-5,171,-3" /><INIT seed="7,0,0,0,3,35" ten="378,274,180,168" oya="3" hai0="27,60,43,74,114,131,79,53,11,104,15,29,113" hai1="111,66,122,56,87,96,57,130,34,41,3,26,21" hai2="118,45,76,73,91,69,63,10,24,116,124,126,50" hai3="72,105,6,83,75,13,93,54,12,80,67,20,2"/><W108/><G105/><T18/><D104/><U92/><E111/><V78/><F10/><W5/><G67/><T117/><D43/><U133/><E122/><V51/><F24/><W101/><G108/><T134/><D117/><N who="2" m="45162" /><F73/><W25/><G2/><T110/><D110/><U85/><E130/><V107/><F107/><W70/><G70/><T94/><D94/><U89/><E34/><V55/><F91/><W39/><G39/><T16/><D18/><U49/><E3/><V97/><F97/><N who="3" m="59567" /><G75/><T121/><D134/><U37/><E37/><V65/><F51/><W14/><G72/><T106/><D106/><U88/><E133/><V8/><F8/><W119/><G54/><T33/><D121/><U28/><E66/><V77/><F69/><W61/><G61/><T42/><D131/><U58/><E89/><V95/><F95/><W125/><G125/><N who="2" m="48233" /><F65/><W129/><G129/><T40/><D79/><U123/><E123/><V135/><F135/><W19/><G119/><T82/><D33/><U112/><E112/><V44/><F63/><W81/><AGARI ba="0,0" hai="5,6,12,13,14,19,20,25,80,81,83" m="59567" machi="81" ten="30,1500,0" yaku="8,1" doraHai="35" who="3" fromWho="3" sc="378,-5,274,-5,180,-5,168,15" /><INIT seed="7,1,0,2,2,68" ten="373,269,175,183" oya="3" hai0="3,39,16,70,49,95,15,28,92,31,105,78,84" hai1="11,38,97,119,47,23,33,96,74,50,75,128,59" hai2="80,117,67,37,132,5,45,6,48,65,120,102,53" hai3="94,79,72,8,55,133,54,32,34,106,58,12,121"/><W27/><G121/><T1/><D39/><U73/><E33/><V89/><F117/><W76/><G106/><T9/><D70/><U22/><E119/><V51/><F37/><W64/><G72/><T26/><D1/><U21/><E128/><V85/><F132/><W131/><G34/><T18/><D3/><U108/><E108/><V91/><F102/><W29/><G131/><T122/><D105/><U60/><E11/><V71/><F71/><W10/><G133/><T93/><D49/><U19/><E19/><V110/><F110/><W115/><G115/><T104/><D104/><U109/><E38/><V126/><F126/><W14/><G64/><N who="2" m="24649" /><F120/><W63/><G55/><T57/><D57/><U113/><E59/><N who="2" m="33191" /><F91/><W35/><G35/><T99/><D99/><U36/><E22/><V41/><AGARI ba="1,0" hai="5,6,41,45,51,80,85,89" m="33191,24649" machi="41" ten="30,1100,0" yaku="8,1" doraHai="68" who="2" fromWho="2" sc="373,-4,269,-4,175,14,183,-6" owari="369,46.0,265,7.0,189,-21.0,177,-32.0" /></mjloggm>