<mjloggm ver="2.3"><GO type="169" lobby="0"/><UN n0="%E8%BF%BD%E6%86%B6%E3%81%AE%E3%83%B4%E3%82%A3%E3%83%B4%E3%82%A3" n1="%6D%61%73%79" n2="%EF%BC%A0%E3%81%BF%E3%82%84" n3="%E3%82%A6%E3%83%AB%E3%83%88%E3%83%A9%E7%AB%8B%E7%9B%B4" dan="16,16,17,17" rate="2033.51,2047.14,2157.28,2198.25" sx="M,M,M,M"/><TAIKYOKU oya="0"/><INIT seed="0,0,0,1,4,49" ten="250,250,250,250" oya="0" hai0="81,80,86,24,31,57,27,98,32,99,48,104,78" hai1="9,37,72,112,126,8,71,109,59,34,101,5,47" hai2="2,39,63,42,83,33,13,93,107,46,53,96,68" hai3="66,18,29,89,22,102,17,74,92,120,0,60,127"/><T97/><D104/><U75/><E112/><V95/><F2/><W103/><G127/><T41/><D27/><U11/><E126/><V21/><F33/><W20/><G120/><T10/><D10/><U52/><E109/><V28/><F83/><W3/><G74/><T105/><D105/><U118/><E34/><V54/><F107/><W25/><G0/><T113/><D113/><U111/><E118/><V6/><F28/><W70/><G3/><T125/><D125/><U67/><E111/><V12/><F12/><W19/><REACH who="3" step="1"/><G22/><REACH who="3" ten="250,250,250,240" step="2"/><T91/><D41/><N who="1" m="22959" /><E101/><V131/><F131/><W38/><G38/><T23/><D32/><U119/><E119/><V43/><F43/><W88/><G88/><T64/><D91/><U56/><E5/><V45/><F6/><W94/><G94/><T124/><D124/><U51/><E59/><V130/><F130/><W61/><G61/><AGARI ba="0,1" hai="8,9,11,51,52,56,61,67,71,72,75" m="22959" machi="61" ten="30,3900,0" yaku="24,1,52,1,54,1" doraHai="49" who="1" fromWho="3" sc="250,0,250,49,250,0,240,-39" /><INIT seed="1,0,0,2,0,18" ten="250,299,250,201" oya="1" hai0="84,49,0,12,94,51,96,32,60,36,97,85,26" hai1="130,3,103,30,17,43,41,67,58,6,125,66,10" hai2="23,25,101,134,82,27,88,115,87,76,44,75,132" hai3="72,100,64,105,117,126,113,5,86,78,104,4,98"/><U120/><E120/><V52/><F115/><W56/><G113/><T80/><D36/><U106/><E130/><V53/><F101/><W42/><G126/><T22/><D0/><U119/><E125/><V46/><F46/><W95/><G117/><T118/><D118/><U38/><E119/><V107/><F107/><W122/><G122/><T31/><D60/><U16/><E30/><N who="2" m="17727" /><F27/><W45/><G105/><T92/><D12/><U114/><E114/><V81/><F44/><W90/><G56/><T133/><D133/><AGARI ba="0,0" hai="52,53,75,76,81,82,87,88,132,133,134" m="17727" machi="133" ten="30,7700,0" yaku="20,1,52,1,54,2" doraHai="18" who="2" fromWho="0" sc="250,-77,299,0,250,77,201,0" /><INIT seed="2,0,0,3,4,55" ten="173,299,327,201" oya="2" hai0="27,115,1,38,132,77,21,25,63,76,122,118,53" hai1="54,108,123,120,59,37,35,51,31,58,129,65,64" hai2="85,52,117,107,42,70,91,33,67,4,95,84,103" hai3="19,89,100,101,61,11,24,97,109,80,20,9,40"/><V26/><F117/><W130/><G109/><T105/><D118/><U135/><E35/><V133/><F133/><W49/><G130/><T22/><D132/><U121/><E135/><V36/><F4/><W18/><G61/><T14/><D122/><U96/><E31/><V124/><F124/><W30/><G30/><T92/><D1/><U60/><E96/><V2/><F2/><W75/><G75/><T57/><D105/><U46/><E129/><V72/><F72/><W8/><G19/><N who="0" m="10487" /><D38/><U82/><E82/><V43/><F36/><W102/><G80/><T79/><D115/><U16/><E16/><V34/><F52/><W98/><REACH who="3" step="1"/><G89/><REACH who="3" ten="173,299,327,191" step="2"/><T13/><D92/><U87/><E108/><V12/><F95/><W94/><G94/><T41/><D41/><N who="1" m="22831" /><E87/><V28/><F84/><W69/><G69/><T32/><D32/><U116/><E116/><V104/><F34/><W71/><G71/><T106/><D106/><U99/><E99/><V6/><F104/><W39/><G39/><T50/><D63/><N who="1" m="38015" /><E123/><V128/><F107/><W66/><G66/><T126/><D79/><U78/><E78/><V0/><F67/><W110/><G110/><T3/><D77/><U56/><AGARI ba="0,1" hai="51,54,56,58,60,65,120,121" m="38015,22831" machi="56" ten="30,8000,1" yaku="34,2,52,3" doraHai="55" who="1" fromWho="1" sc="173,-20,299,90,327,-40,191,-20" /><INIT seed="3,0,0,5,1,15" ten="153,389,287,171" oya="3" hai0="121,112,75,102,47,41,55,22,109,73,128,62,131" hai1="60,10,126,36,114,87,79,81,104,101,93,8,67" hai2="57,125,76,86,17,85,35,1,134,106,123,66,88" hai3="58,52,54,116,42,27,30,130,14,100,84,118,20"/><W107/><G130/><T21/><D121/><U133/><E114/><V0/><F123/><W53/><G42/><T48/><D112/><U63/><E36/><V9/><F106/><W2/><G2/><T24/><D109/><U132/><E126/><V99/><F35/><W129/><G129/><N who="0" m="49739" /><D102/><U16/><E104/><V59/><F134/><N who="1" m="51817" /><E63/><N who="2" m="38255" /><F1/><W91/><G58/><N who="0" m="35167" /><D22/><U113/><E113/><V11/><F0/><W33/><G100/><T28/><AGARI ba="0,0" hai="21,24,28,41,47,48,73,75" m="35167,49739" machi="28" ten="30,1100,0" yaku="19,1" doraHai="15" who="0" fromWho="0" sc="153,11,389,-3,287,-3,171,-5" /><INIT seed="4,0,0,4,5,30" ten="164,386,284,166" oya="0" hai0="115,46,84,23,59,57,83,14,44,125,109,93,6" hai1="108,36,2,32,88,132,113,63,42,76,94,106,133" hai2="43,8,122,54,75,90,121,52,16,110,10,77,79" hai3="116,120,9,102,131,48,22,112,35,5,55,91,56"/><T105/><D105/><U41/><E108/><V31/><F110/><W104/><G116/><T47/><D109/><U19/><E2/><V13/><F43/><W80/><G131/><T74/><D115/><U86/><E106/><V103/><F103/><W97/><G112/><T85/><D125/><U61/><E113/><V117/><F117/><W134/><G134/><N who="1" m="51818" /><E76/><V124/><F124/><W65/><G120/><T98/><D74/><U29/><E19/><V78/><F75/><W69/><G22/><T114/><D114/><U81/><E94/><V18/><F31/><W62/><G91/><T49/><D49/><U127/><E127/><V40/><F40/><N who="1" m="15465" /><E36/><V101/><F101/><W0/><REACH who="3" step="1"/><G80/><REACH who="3" ten="164,386,284,156" step="2"/><T34/><D83/><U126/><E126/><V66/><F121/><W1/><G1/><T45/><D23/><U99/><E88/><V67/><F90/><W17/><G17/><T128/><D128/><U51/><E81/><V28/><F122/><W71/><G71/><T73/><D98/><U118/><E99/><V92/><F28/><W72/><G72/><T39/><D73/><U33/><E29/><V27/><F18/><W129/><G129/><T70/><D70/><U111/><E111/><V119/><F16/><W135/><G135/><T38/><D38/><U37/><E37/><V25/><F119/><W123/><G123/><T11/><D39/><U95/><E118/><V21/><F21/><W3/><G3/><T82/><D82/><U87/><E86/><V12/><F78/><W20/><G20/><T15/><D84/><U24/><E87/><V4/><F4/><RYUUKYOKU ba="0,1" sc="164,-15,386,-15,284,15,156,15" hai2="8,10,12,13,25,27,52,54,66,67,77,79,92" hai3="0,5,9,35,48,55,56,62,65,69,97,102,104" /><INIT seed="5,1,1,5,3,133" ten="149,371,299,171" oya="1" hai0="32,55,101,102,74,78,93,125,12,131,104,17,110" hai1="92,14,6,21,44,39,128,66,109,119,111,58,94" hai2="120,60,36,76,23,7,37,130,67,38,68,121,34" hai3="33,97,54,81,65,83,95,88,99,71,96,115,57"/><U50/><E119/><V56/><F34/><W84/><G33/><T35/><D104/><U45/><E39/><V89/><F76/><W108/><G108/><N who="1" m="41546" /><E128/><V24/><F130/><W113/><G65/><T72/><D110/><U87/><E66/><V46/><F7/><W70/><G71/><T20/><D131/><U2/><E2/><V69/><F89/><W42/><G42/><T0/><D0/><U98/><E87/><V9/><F9/><W62/><REACH who="3" step="1"/><G70/><REACH who="3" ten="149,371,299,161" step="2"/><T61/><D35/><U41/><E41/><V123/><F68/><W80/><AGARI ba="1,2" hai="54,57,62,80,81,83,84,88,95,96,97,99,113,115" machi="80" ten="40,8000,1" yaku="1,1,2,1,0,1,54,1,53,0" doraHai="133" doraHaiUra="11" who="3" fromWho="3" sc="149,-21,371,-41,299,-21,161,103" /><INIT seed="6,0,0,4,5,87" ten="128,330,278,264" oya="2" hai0="16,34,52,62,6,99,1,29,50,25,104,84,27" hai1="20,48,100,106,30,63,60,49,53,10,26,79,11" hai2="51,65,47,115,66,110,131,24,7,133,56,57,17" hai3="22,117,46,76,109,77,111,126,12,93,112,9,70"/><V119/><F7/><W73/><G70/><T98/><D62/><U75/><E75/><V41/><F119/><W42/><G117/><T113/><D113/><U108/><E108/><V128/><F17/><W28/><G112/><T21/><D104/><U123/><E79/><V40/><F24/><W32/><G32/><T44/><REACH who="0" step="1"/><D84/><REACH who="0" ten="118,330,278,264" step="2"/><U37/><E106/><V80/><F115/><W72/><G72/><T8/><AGARI ba="0,1" hai="1,6,8,16,21,25,27,29,34,44,50,52,98,99" machi="8" ten="30,8000,1" yaku="1,1,2,1,0,1,54,2,53,0" doraHai="87" doraHaiUra="88" who="0" fromWho="0" sc="118,90,330,-20,278,-40,264,-20" /><INIT seed="7,0,0,0,3,79" ten="208,310,238,244" oya="3" hai0="35,114,89,93,97,128,57,118,122,40,54,106,132" hai1="69,107,7,84,110,22,44,10,5,24,94,123,121" hai2="4,88,68,74,25,21,9,113,111,73,131,126,30" hai3="14,85,2,13,83,70,59,115,100,95,112,48,71"/><W16/><G2/><T102/><D35/><U11/><E107/><V26/><F111/><W20/><G13/><T135/><D40/><U120/><E69/><V98/><F68/><W134/><G134/><T117/><D122/><U42/><E110/><V19/><F113/><N who="3" m="43595" /><G48/><T72/><D114/><U91/><E11/><V92/><F131/><W82/><G59/><T23/><D23/><U133/><E133/><N who="0" m="51273" /><D54/><U32/><E32/><V51/><F51/><W61/><G71/><T49/><D49/><U108/><E108/><V65/><F65/><N who="3" m="41263" /><G85/><N who="0" m="52399" /><D57/><U58/><E58/><V119/><F119/><N who="0" m="45578" /><D72/><U127/><E5/><V27/><F73/><W66/><G66/><T39/><D39/><U41/><E7/><V28/><F74/><W55/><G55/><T33/><D33/><U53/><E10/><V77/><F4/><W129/><G129/><AGARI ba="0,0" hai="97,102,106,128,129" m="45578,52399,51273" machi="129" ten="40,5200,0" yaku="20,1,34,2" doraHai="79" who="0" fromWho="3" sc="208,52,310,0,238,0,244,-52" owari="260,6.0,310,41.0,238,-16.0,192,-31.0" /></mjloggm>