<mjloggm ver="2.3"><GO type="169" lobby="0"/><UN n0="%E5%B0%B1%E6%B4%BB%E7%94%9F%40%E5%B7%9D%E6%9D%91%E8%BB%8D%E5%9B%A3" n1="%E4%BF%BA%54%55%45%45%45%45%45" n2="%E6%97%A5%E6%9B%9C%E6%97%A5%E3%82%88%E3%82%8A%E3%81%AE%E4%BD%BF%E8%80%85" n3="%E3%83%A9%E3%83%83%E3%82%AD%E3%83%BC%E3%83%89%E3%83%83%E3%82%B0" dan="17,17,18,16" rate="2144.84,2140.84,2185.06,2066.70" sx="M,F,M,M"/><TAIKYOKU oya="0"/><INIT seed="0,0,0,1,4,64" ten="250,250,250,250" oya="0" hai0="25,118,95,65,131,117,56,108,124,26,84,93,104" hai1="105,61,73,111,101,30,79,120,3,88,74,29,9" hai2="106,81,126,7,33,119,71,40,50,114,83,15,59" hai3="10,19,16,135,78,134,27,89,34,57,24,2,4"/><T28/><D104/><U90/><E120/><V0/><F0/><W53/><G78/><T130/><D124/><U69/><E111/><V39/><F106/><W70/><G89/><T42/><D42/><U13/><E3/><V102/><F33/><W18/><G70/><T122/><D122/><U43/><E43/><V129/><F114/><W133/><REACH who="3" step="1"/><G34/><REACH who="3" ten="250,250,250,240" step="2"/><T100/><D108/><U21/><E69/><V14/><F71/><W80/><G80/><T45/><D117/><U121/><E88/><V58/><F81/><W132/><N who="3" m="33792" /><DORA hai="41" /><W82/><G82/><T23/><D118/><U109/><E90/><V76/><F76/><W110/><G110/><T48/><D130/><U94/><E79/><V127/><F83/><W87/><G87/><T36/><D131/><U51/><E109/><V37/><F119/><W66/><G66/><T35/><D84/><U60/><E121/><V63/><F129/><W77/><G77/><T113/><D113/><U125/><E73/><V52/><F127/><W22/><G22/><T67/><D67/><U20/><E21/><V97/><F126/><W5/><G5/><T1/><D65/><U99/><E20/><V91/><F91/><W75/><G75/><T44/><D35/><U68/><E74/><V96/><F7/><W11/><G11/><T86/><D86/><U98/><E68/><V116/><F116/><W55/><G55/><T92/><D23/><U38/><E125/><V8/><F8/><W46/><G46/><T17/><D45/><U31/><E9/><V62/><F50/><AGARI ba="0,1" hai="2,4,10,16,18,19,24,27,50,53,57" m="33792" machi="50" ten="70,8000,1" yaku="1,1,20,1,54,1,53,2" doraHai="64,41" doraHaiUra="47,54" who="3" fromWho="2" sc="250,0,250,0,250,-80,240,90" /><INIT seed="1,0,0,2,5,51" ten="250,250,170,330" oya="1" hai0="101,80,106,81,66,19,113,97,54,125,49,103,42" hai1="15,21,16,14,18,38,28,100,37,89,57,132,71" hai2="5,8,104,47,98,122,53,24,7,13,1,111,50" hai3="115,119,44,55,92,130,32,35,30,29,72,68,36"/><U67/><E71/><V27/><F122/><W108/><G68/><T39/><D113/><U82/><E132/><V65/><F111/><W64/><G64/><T84/><D125/><U25/><E100/><V76/><F76/><W40/><G72/><T134/><D134/><U41/><E41/><V110/><F110/><W91/><G115/><T75/><D66/><U121/><E121/><V78/><F78/><W105/><G105/><T56/><D101/><U62/><E82/><V3/><F65/><W26/><G130/><T109/><D109/><U52/><E89/><V6/><F104/><W117/><G108/><T17/><D75/><U23/><REACH who="1" step="1"/><E67/><REACH who="1" ten="250,240,170,330" step="2"/><V94/><F1/><W2/><G40/><T128/><D81/><U20/><AGARI ba="0,1" hai="14,15,16,18,20,21,23,25,28,37,38,52,57,62" machi="20" ten="20,24000,3" yaku="1,1,2,1,0,1,7,1,9,1,52,1,54,2,53,2" doraHai="51" doraHaiUra="69" who="1" fromWho="1" sc="250,-80,240,250,170,-80,330,-80" /><INIT seed="1,1,0,0,0,112" ten="170,490,90,250" oya="1" hai0="114,116,16,67,1,10,64,108,122,88,129,6,73" hai1="13,81,133,41,3,103,0,33,48,58,65,57,87" hai2="121,46,104,24,68,12,134,47,28,79,39,86,34" hai3="14,27,110,77,105,37,84,118,7,43,127,123,35"/><U91/><E33/><V106/><F121/><W60/><G105/><T45/><D73/><U126/><E133/><V98/><F68/><W89/><G110/><T25/><D114/><U132/><E132/><V135/><F12/><W72/><G60/><T8/><D108/><U9/><E126/><V50/><F39/><W71/><G71/><T5/><D122/><U95/><E0/><V4/><F4/><W54/><G54/><T83/><D129/><U70/><E3/><V74/><F74/><W63/><G63/><T101/><D101/><U109/><E109/><V30/><F30/><W59/><G59/><T44/><D116/><U56/><E70/><V115/><F115/><W120/><G127/><T99/><D1/><U92/><E65/><V69/><F69/><W29/><G77/><T113/><D113/><U117/><E117/><V90/><F79/><W38/><G72/><T96/><D25/><U55/><E41/><V128/><F128/><W40/><G118/><T15/><D83/><U23/><E23/><V21/><F34/><W19/><G7/><T94/><D99/><N who="1" m="59903" /><E81/><V36/><F36/><W20/><G37/><T93/><D93/><U52/><E48/><V82/><F47/><N who="0" m="17994" /><D10/><U42/><E42/><N who="2" m="24919" /><F106/><W53/><G38/><T31/><D31/><U75/><E75/><V119/><F119/><W62/><G123/><T32/><D32/><U80/><E80/><V125/><F125/><W22/><G120/><T17/><D6/><AGARI ba="1,0" hai="6,9,13,52,55,56,57,58,87,91,92" m="59903" machi="6" ten="30,2900,0" yaku="8,1,54,1" doraHai="112" who="1" fromWho="0" sc="170,-32,490,32,90,0,250,0" /><INIT seed="1,2,0,3,0,59" ten="138,522,90,250" oya="1" hai0="39,77,54,87,53,4,65,83,28,76,15,34,92" hai1="107,47,99,75,135,48,36,13,33,68,88,49,62" hai2="52,78,30,127,64,20,11,63,123,104,115,125,50" hai3="101,3,82,90,23,113,16,57,121,84,27,124,22"/><U61/><E75/><V112/><F104/><W14/><G3/><T2/><D39/><U41/><E33/><V8/><F78/><W103/><G124/><N who="2" m="47689" /><F30/><W108/><G108/><T21/><D76/><U122/><E122/><V118/><F123/><W26/><G121/><T79/><D79/><U126/><E126/><V128/><F20/><W45/><G45/><T105/><D105/><U66/><E135/><V40/><F40/><W119/><G113/><N who="2" m="43593" /><F118/><W70/><G70/><T55/><D92/><U95/><E13/><V25/><F25/><W18/><G119/><T91/><D34/><U6/><E6/><V111/><F111/><W131/><G131/><T1/><D77/><U94/><E107/><V109/><F109/><W81/><G81/><T71/><D28/><U74/><E74/><V7/><F7/><W43/><G43/><T12/><D12/><U0/><E0/><V19/><F19/><W120/><G120/><T9/><REACH who="0" step="1"/><D21/><REACH who="0" ten="128,522,90,250" step="2"/><U35/><E35/><V85/><F85/><W132/><G14/><T32/><D32/><U117/><E95/><V106/><F106/><W86/><G22/><T133/><D133/><U114/><E114/><V42/><F128/><W72/><G23/><T37/><D37/><U10/><E117/><V31/><F31/><W73/><G132/><T98/><D98/><U17/><E17/><V51/><F42/><W130/><G130/><T24/><D24/><U129/><E129/><V80/><F80/><W56/><G82/><T96/><D96/><U58/><E10/><N who="2" m="3627" /><F64/><AGARI ba="2,1" hai="36,41,47,48,49,58,61,62,64,66,68,88,94,99" machi="64" ten="30,11600,0" yaku="7,1,52,2,54,1" doraHai="59" who="1" fromWho="2" sc="128,0,522,132,90,-122,250,0" owari="128,-27.0,654,75.0,-32,-53.0,250,5.0" /></mjloggm>