<mjloggm ver="2.3"><GO type="169" lobby="0"/><UN n0="%E5%B0%B1%E6%B4%BB%E7%94%9F%40%E5%B7%9D%E6%9D%91%E8%BB%8D%E5%9B%A3" n1="%E6%96%87%E5%9B%9B%E9%83%8E" n2="%E3%81%8B%E3%81%8D%E9%86%A4%E6%B2%B9" n3="%E6%B9%98%E5%8C%97%E2%91%AD%E4%B8%89%E4%BA%95%E5%AF%BF" dan="17,16,17,16" rate="2166.07,2124.09,2118.47,2210.24" sx="M,M,M,M"/><TAIKYOKU oya="0"/><INIT seed="0,0,0,1,4,67" ten="250,250,250,250" oya="0" hai0="129,16,100,73,38,104,130,118,103,94,21,24,59" hai1="4,79,102,110,47,96,31,117,27,29,63,91,11" hai2="15,111,53,70,50,125,68,81,9,10,33,56,77" hai3="45,75,86,122,48,44,35,84,127,37,101,88,82"/><T120/><D118/><U71/><E117/><V62/><F33/><W131/><G35/><T28/><D73/><U92/><E110/><V2/><F111/><W69/><G75/><T43/><D104/><U106/><E79/><V124/><F2/><W40/><G131/><N who="0" m="50187" /><D120/><U78/><E78/><V58/><F58/><W42/><G122/><T18/><D59/><U17/><E47/><V87/><F10/><W14/><G101/><N who="0" m="38987" /><D94/><U41/><E41/><V54/><F54/><W12/><G127/><N who="2" m="48713" /><F62/><W36/><G69/><T3/><D3/><U83/><E17/><AGARI ba="0,0" hai="9,15,17,50,53,56,68,70,77,81,87" m="48713" machi="17" ten="30,3900,0" yaku="18,1,52,2" doraHai="67" who="2" fromWho="1" sc="250,0,250,-39,250,39,250,0" /><INIT seed="1,0,0,0,5,49" ten="250,211,289,250" oya="1" hai0="52,97,118,24,76,43,44,8,114,85,91,11,6" hai1="112,19,60,123,26,53,31,12,100,46,13,54,77" hai2="42,0,94,45,78,107,63,40,134,71,65,25,102" hai3="68,21,9,103,67,129,41,37,30,66,55,113,106"/><U1/><E123/><V20/><F134/><W34/><G113/><T5/><D118/><U73/><E112/><V119/><F119/><W82/><G129/><T125/><D114/><U99/><E1/><V56/><F0/><W86/><G9/><T15/><D125/><U120/><E120/><V50/><F107/><W59/><G21/><T70/><D70/><U124/><E124/><V33/><F33/><W110/><G110/><T105/><D24/><U80/><E46/><V28/><F71/><W14/><G14/><T135/><D135/><U27/><E12/><V75/><F75/><W69/><G30/><T4/><D76/><U116/><E116/><V108/><F108/><W32/><G67/><T90/><D43/><U95/><E60/><V93/><F93/><W22/><G22/><T89/><D85/><U16/><E26/><V83/><F83/><W104/><G103/><T39/><D39/><U117/><E117/><V92/><F92/><W18/><G18/><T126/><D126/><U121/><E19/><V128/><F128/><W84/><G86/><T57/><D44/><U109/><E121/><V98/><F78/><W130/><G69/><T132/><D132/><U47/><E47/><V3/><F3/><W96/><G130/><T64/><D64/><U115/><E109/><V87/><F87/><W48/><G34/><T79/><D79/><U62/><E115/><V81/><F81/><W74/><G32/><T61/><D15/><U133/><E133/><V38/><F38/><W35/><G37/><T7/><N who="0" m="1536" /><DORA hai="10" /><T29/><D29/><U2/><E2/><RYUUKYOKU ba="0,0" sc="250,15,211,-15,289,15,250,-15" hai0="8,11,52,57,61,89,90,91,97,105" hai2="20,25,28,40,42,45,50,56,63,65,94,98,102" /><INIT seed="2,1,0,3,4,31" ten="265,196,304,235" oya="2" hai0="3,88,36,111,109,118,59,67,128,78,93,121,79" hai1="103,126,53,99,46,0,101,112,62,37,30,90,95" hai2="84,87,23,6,66,89,33,4,16,47,44,127,18" hai3="70,12,26,55,7,17,92,86,19,123,57,20,49"/><V120/><F120/><W63/><G123/><T73/><D3/><U52/><E112/><V64/><F23/><W135/><G135/><T94/><D121/><U119/><E119/><V82/><F82/><W107/><G107/><T125/><D36/><U133/><E0/><V56/><F56/><W21/><G70/><T28/><D73/><U27/><E133/><V54/><F89/><N who="3" m="53303" /><G7/><T132/><D132/><U115/><E115/><V40/><F54/><W71/><G71/><T34/><D118/><U50/><E37/><V106/><F127/><W75/><G75/><T24/><D94/><U5/><E5/><V1/><F1/><W48/><AGARI ba="1,0" hai="12,17,19,20,21,26,48,49,55,57,63" m="53303" machi="48" ten="30,1100,0" yaku="8,1" doraHai="31" who="3" fromWho="3" sc="265,-4,196,-4,304,-6,235,14" /><INIT seed="3,0,0,5,2,40" ten="261,192,298,249" oya="3" hai0="94,42,9,47,28,14,23,107,37,58,108,41,29" hai1="130,120,1,31,24,12,51,126,49,82,113,30,27" hai2="7,60,79,70,62,80,98,65,8,39,125,61,103" hai3="123,83,134,66,77,34,133,121,101,13,109,104,22"/><W112/><G34/><T115/><D107/><U50/><E120/><N who="3" m="46154" /><G22/><T85/><D115/><U87/><E113/><V25/><F39/><W33/><G13/><T38/><D108/><U44/><E1/><V19/><F125/><W95/><G33/><T90/><D23/><U68/><E68/><V59/><F70/><W6/><G112/><T105/><D105/><U64/><E64/><V2/><F19/><W21/><G6/><T26/><D26/><N who="1" m="9771" /><E126/><V73/><F25/><W132/><G21/><T111/><D111/><U122/><E122/><V10/><F10/><W76/><G109/><T11/><D58/><U71/><E71/><V0/><F2/><W92/><G66/><T128/><D128/><U97/><E130/><V118/><F118/><W48/><G48/><N who="1" m="18538" /><E12/><V57/><F57/><W69/><G69/><T106/><D106/><AGARI ba="0,0" hai="0,7,8,59,60,61,62,65,73,79,80,98,103,106" machi="106" ten="30,1000,0" yaku="7,1" doraHai="40" who="2" fromWho="0" sc="261,-10,192,0,298,10,249,0" /><INIT seed="4,0,0,4,3,25" ten="251,192,308,249" oya="0" hai0="26,1,45,129,93,31,18,99,83,41,94,16,57" hai1="133,33,73,48,106,24,58,27,134,92,21,59,69" hai2="63,15,47,20,68,46,127,101,119,108,54,78,62" hai3="126,22,96,12,23,122,55,95,61,117,125,105,67"/><T116/><D1/><U113/><E106/><V82/><F108/><W111/><G105/><T9/><D116/><U49/><E69/><V72/><F119/><W86/><G117/><T121/><D121/><U32/><E73/><V39/><F127/><N who="3" m="48651" /><G111/><T30/><D129/><U43/><E92/><N who="0" m="35433" /><D99/><U19/><E113/><V97/><F39/><W4/><G122/><T85/><D57/><U34/><E43/><V28/><F68/><N who="3" m="42095" /><G86/><T91/><D26/><U8/><E8/><V13/><F97/><W5/><G55/><T135/><D135/><N who="1" m="51723" /><E27/><V65/><F54/><W77/><G77/><T42/><D9/><U87/><E87/><V88/><F78/><W14/><G12/><T112/><D112/><U81/><E81/><V89/><F82/><W29/><G29/><N who="0" m="10763" /><D42/><U107/><E107/><V66/><F72/><W79/><G79/><T84/><D85/><U60/><E59/><V36/><F28/><W132/><G132/><T44/><D44/><U114/><E114/><V98/><F98/><W109/><G109/><T118/><D118/><U2/><E2/><V75/><F75/><W74/><G74/><T123/><D123/><U38/><E38/><V110/><F36/><W128/><G128/><T53/><D53/><AGARI ba="0,0" hai="19,21,24,32,33,34,48,49,53,58,60" m="51723" machi="53" ten="40,1300,0" yaku="20,1" doraHai="25" who="1" fromWho="0" sc="251,-13,192,13,308,0,249,0" /><INIT seed="5,0,0,3,5,65" ten="238,205,308,249" oya="1" hai0="133,83,105,86,72,60,24,27,94,85,23,122,77" hai1="123,33,104,78,100,11,40,37,73,18,64,32,97" hai2="99,31,50,89,45,109,108,38,17,62,3,35,88" hai3="4,55,70,95,117,107,129,29,103,82,84,118,91"/><U119/><E119/><N who="3" m="45578" /><G29/><T106/><D122/><U96/><E123/><V128/><F38/><W7/><G129/><T74/><D133/><U49/><E37/><V80/><F3/><W44/><G107/><T28/><D74/><U26/><E96/><V48/><F128/><W53/><G70/><T57/><D27/><U2/><E64/><V126/><F126/><W10/><G44/><T115/><D115/><U46/><E26/><V110/><F31/><W112/><G112/><T41/><D41/><U111/><E111/><V101/><F35/><W113/><G113/><T121/><D121/><U30/><E30/><V68/><F50/><W127/><G127/><T124/><D124/><U79/><E78/><V116/><F116/><W43/><G43/><T36/><D36/><U5/><REACH who="1" step="1"/><E18/><REACH who="1" ten="238,195,308,249" step="2"/><V63/><F17/><W59/><G7/><T114/><D114/><U69/><E69/><V87/><F68/><W9/><G4/><T131/><D131/><U102/><E102/><V25/><F25/><W135/><G135/><T20/><D24/><U76/><E76/><V52/><REACH who="2" step="1"/><F89/><REACH who="2" ten="238,195,298,249" step="2"/><W15/><G91/><T71/><D28/><U1/><E1/><V125/><F125/><W22/><G15/><T0/><D71/><U6/><E6/><V134/><F134/><W14/><G14/><T21/><D0/><U58/><E58/><V120/><F120/><W81/><G59/><T66/><D77/><U47/><E47/><V51/><F51/><W90/><G90/><N who="0" m="53583" /><D57/><U56/><E56/><V75/><F75/><W13/><G13/><T67/><D72/><U98/><E98/><RYUUKYOKU ba="0,2" sc="238,-15,195,15,298,15,249,-15" hai1="2,5,11,32,33,40,46,49,73,79,97,100,104" hai2="45,48,52,62,63,80,87,88,99,101,108,109,110" /><INIT seed="5,1,2,3,4,58" ten="223,210,313,234" oya="1" hai0="103,129,105,26,81,102,31,123,130,3,45,36,18" hai1="46,71,131,125,38,90,109,39,51,24,97,68,60" hai2="77,63,87,111,98,74,79,121,19,67,115,5,47" hai3="48,49,53,30,43,35,69,89,64,42,22,41,13"/><U126/><E24/><V133/><F111/><W85/><G35/><T101/><D3/><U28/><E28/><V100/><F121/><W70/><G30/><T122/><D18/><U66/><E71/><V52/><F74/><W108/><G108/><T33/><D105/><U32/><E32/><V14/><F5/><W135/><G135/><T56/><D81/><U20/><E20/><V2/><F2/><W116/><G116/><T11/><D11/><U119/><E109/><V91/><F115/><W114/><G114/><T73/><D73/><U54/><E119/><V17/><F133/><W21/><G49/><T27/><D27/><U9/><E9/><N who="2" m="6351" /><F19/><N who="3" m="10479" /><G22/><T127/><D127/><N who="1" m="48651" /><E131/><N who="0" m="50185" /><D56/><U78/><E78/><V62/><F67/><W44/><G69/><T34/><D34/><U92/><AGARI ba="1,2" hai="38,39,46,51,54,60,66,68,90,92,97" m="48651" machi="92" ten="30,3000,0" yaku="18,1,52,1" doraHai="58" who="1" fromWho="1" sc="223,-11,210,53,313,-11,234,-11" /><INIT seed="5,2,0,3,1,61" ten="212,263,302,223" oya="1" hai0="74,36,87,122,59,125,9,100,77,68,16,104,79" hai1="91,43,51,7,78,42,58,49,34,97,53,60,11" hai2="99,124,45,80,71,46,63,13,113,25,18,28,85" hai3="57,3,117,130,109,0,105,33,96,88,119,98,73"/><U47/><E34/><V106/><F124/><W102/><G33/><T108/><D68/><U44/><E78/><V134/><F134/><W95/><G73/><T121/><D36/><U70/><E70/><V83/><F113/><W101/><G109/><T39/><D39/><U110/><E110/><V31/><F31/><W69/><G69/><T50/><D74/><U84/><E97/><V32/><F83/><W93/><G130/><T103/><D125/><U15/><E84/><V94/><F106/><W90/><G57/><T41/><D108/><U1/><REACH who="1" step="1"/><E91/><REACH who="1" ten="212,253,302,223" step="2"/><V65/><F85/><W115/><G115/><T67/><D87/><U55/><E55/><V64/><F71/><W72/><G72/><T6/><D79/><U131/><E131/><V126/><F99/><W81/><G81/><T27/><D77/><U26/><E26/><V14/><F80/><W52/><G105/><T129/><D104/><U30/><E30/><V75/><F75/><W35/><G35/><T54/><D129/><U17/><E17/><V62/><F18/><W82/><G82/><T10/><D103/><U48/><E48/><V24/><F32/><W120/><G120/><T114/><D100/><U23/><E23/><V2/><F28/><W5/><G5/><T118/><D121/><U116/><E116/><V128/><F128/><W8/><G8/><T111/><D118/><U56/><E56/><V40/><F25/><W112/><G112/><T86/><D122/><U37/><E37/><V133/><F24/><W29/><G29/><T76/><D114/><U4/><E4/><V38/><F38/><RYUUKYOKU ba="2,1" sc="212,-15,253,15,302,-15,223,15" hai1="1,7,11,15,42,43,44,47,49,51,53,58,60" hai3="0,3,52,88,90,93,95,96,98,101,102,117,119" /><INIT seed="5,3,1,5,2,55" ten="197,268,287,238" oya="1" hai0="95,34,48,110,130,54,17,90,68,134,26,57,42" hai1="30,96,94,58,128,129,86,107,43,2,82,80,73" hai2="93,97,127,56,28,66,99,88,120,131,61,126,89" hai3="83,29,9,76,51,104,33,49,16,65,113,1,85"/><U44/><E2/><V102/><F120/><W101/><G113/><T32/><D110/><U35/><E107/><V50/><F131/><N who="1" m="50249" /><E73/><V111/><F111/><W79/><G76/><T23/><D130/><U46/><E30/><V4/><F4/><W36/><G36/><T12/><D134/><U21/><E21/><V63/><F28/><W87/><G85/><T75/><D75/><U62/><E35/><V22/><F22/><W78/><G79/><T45/><D68/><U125/><E125/><N who="2" m="47627" /><F50/><W31/><G1/><T74/><D74/><U123/><E123/><V20/><F20/><W70/><G70/><T15/><D34/><U27/><E27/><V41/><F41/><W105/><G105/><T112/><D32/><U64/><E86/><V6/><F6/><W8/><G104/><T109/><D109/><U7/><E7/><V72/><F72/><W115/><G33/><T38/><REACH who="0" step="1"/><D112/><REACH who="0" ten="187,268,287,238" step="2"/><U119/><E119/><V18/><F99/><AGARI ba="3,2" hai="12,15,17,23,26,38,42,45,48,54,57,90,95,99" machi="99" ten="30,8000,1" yaku="1,1,2,1,7,1,52,1,53,1" doraHai="55" doraHaiUra="14" who="0" fromWho="2" sc="187,109,268,0,287,-89,238,0" /><INIT seed="6,0,0,3,4,54" ten="296,268,198,238" oya="2" hai0="24,61,85,43,93,44,90,73,118,119,26,16,49" hai1="108,36,15,4,77,14,68,18,3,121,78,76,5" hai2="29,40,122,72,86,80,131,35,111,74,95,66,130" hai3="101,65,117,88,116,19,0,104,34,17,135,9,63"/><V39/><F122/><W128/><G135/><T21/><D73/><U6/><E108/><V96/><F111/><W64/><G128/><N who="2" m="49193" /><F66/><W113/><G34/><T100/><D100/><U30/><E3/><V81/><F40/><W98/><G113/><T134/><D134/><U42/><E68/><V47/><F47/><W126/><G126/><T1/><D1/><U27/><E121/><V7/><F39/><W57/><G65/><T124/><D124/><U31/><E36/><V59/><F7/><W23/><G88/><T71/><D26/><U106/><E42/><V70/><F70/><W107/><G107/><T53/><D71/><U99/><E106/><V92/><F59/><W62/><G63/><T8/><D8/><U109/><E109/><V123/><F123/><W25/><REACH who="3" step="1"/><G17/><REACH who="3" ten="296,268,198,228" step="2"/><T97/><D85/><U58/><E18/><V28/><F35/><W132/><G132/><T48/><REACH who="0" step="1"/><D61/><REACH who="0" ten="286,268,198,228" step="2"/><U89/><E99/><V45/><F96/><W129/><G129/><T52/><D52/><U105/><E105/><V120/><F120/><W103/><G103/><T127/><D127/><U10/><E10/><V13/><F86/><W102/><G102/><T50/><D50/><U46/><E27/><V20/><F74/><W11/><G11/><T110/><D110/><U82/><E89/><V115/><F72/><W41/><G41/><T22/><D22/><U91/><E91/><V87/><F115/><W12/><G12/><T60/><D60/><U75/><E15/><V56/><F87/><W2/><G2/><T79/><D79/><U55/><E76/><V125/><F13/><RYUUKYOKU ba="0,2" sc="286,15,268,-15,198,-15,228,15" hai0="16,21,24,43,44,48,49,53,90,93,97,118,119" hai3="0,9,19,23,25,57,62,64,98,101,104,116,117" /><INIT seed="7,1,2,5,4,128" ten="301,253,183,243" oya="3" hai0="51,50,96,101,134,88,42,61,15,2,113,102,70" hai1="111,20,92,65,26,54,16,24,8,45,106,37,38" hai2="133,81,35,46,114,90,30,31,13,0,77,60,132" hai3="27,76,87,120,32,85,109,126,53,125,29,7,3"/><W28/><G120/><T11/><D2/><U122/><E122/><V47/><F0/><W72/><G109/><T112/><D134/><N who="2" m="51818" /><F114/><N who="0" m="44138" /><D70/><U83/><E111/><V131/><F131/><W14/><G29/><N who="2" m="10761" /><F35/><W68/><G68/><T94/><D61/><U21/><E106/><V91/><F13/><W4/><G72/><T110/><D110/><U71/><E8/><V57/><F47/><W121/><G121/><T6/><D42/><U52/><E45/><V80/><F46/><W115/><G115/><T73/><D73/><U129/><E129/><V104/><F104/><W5/><G3/><T95/><D102/><U58/><E26/><V105/><F105/><W86/><G53/><T108/><D108/><U100/><E54/><N who="2" m="33847" /><F81/><W17/><REACH who="3" step="1"/><G76/><REACH who="3" ten="301,253,183,233" step="2"/><T84/><AGARI ba="1,3" hai="6,11,15,50,51,84,88,94,95,96,101" m="44138" machi="84" ten="30,4000,0" yaku="15,1,11,1,54,1" doraHai="128" who="0" fromWho="0" sc="301,73,253,-11,183,-11,233,-21" owari="374,48.0,242,4.0,172,-33.0,212,-19.0" /></mjloggm>