<mjloggm ver="2.3"><GO type="169" lobby="0"/><UN n0="%E6%97%85%E4%BA%BA%E3%81%A1%E3%82%88%E3%81%99%E3%81%91" n1="%E5%A4%A9%E7%A5%9E%E4%B9%83%E9%9B%80" n2="%49%53%53%4F%4E%34" n3="%E3%82%A6%E3%83%AB%E3%83%88%E3%83%A9%E7%AB%8B%E7%9B%B4" dan="17,16,17,17" rate="2173.44,2077.73,2150.45,2153.58" sx="M,M,M,M"/><TAIKYOKU oya="0"/><INIT seed="0,0,0,3,4,123" ten="250,250,250,250" oya="0" hai0="130,19,36,21,97,45,89,35,3,74,120,11,15" hai1="49,129,110,127,42,28,88,58,22,83,113,10,62" hai2="32,105,72,75,0,135,99,48,2,95,121,12,80" hai3="9,73,111,18,93,41,77,46,47,52,34,29,44"/><T8/><D120/><U119/><E119/><V61/><F121/><W17/><G34/><T50/><D35/><U26/><E127/><V91/><F75/><W59/><G29/><T82/><D130/><U40/><E129/><V92/><F92/><W39/><G73/><T55/><D36/><U51/><E113/><V13/><F32/><W109/><G77/><T125/><D125/><U6/><E110/><N who="3" m="41994" /><G93/><T100/><D3/><U115/><E115/><V33/><F80/><W60/><G9/><T79/><D89/><U37/><E37/><V102/><F95/><AGARI ba="0,0" hai="8,11,15,19,21,45,50,55,74,79,82,95,97,100" machi="95" ten="30,1500,0" yaku="7,1" doraHai="123" who="0" fromWho="2" sc="250,15,250,0,250,-15,250,0" /><INIT seed="0,1,0,2,5,128" ten="265,250,235,250" oya="0" hai0="51,77,113,131,78,39,3,95,85,103,10,106,64" hai1="52,16,48,46,120,19,123,107,87,60,111,17,36" hai2="43,102,108,92,79,44,71,21,68,42,126,82,133" hai3="119,8,58,45,27,2,20,98,35,50,65,18,75"/><T94/><D39/><U34/><E34/><V112/><F112/><W118/><G75/><T59/><D113/><U15/><E107/><V37/><F43/><W101/><G35/><T5/><D131/><U57/><E111/><V26/><F108/><W32/><G32/><T89/><D106/><U130/><E130/><V12/><F12/><W91/><G91/><T70/><D70/><U31/><E31/><V54/><F54/><W55/><G2/><T122/><D122/><U47/><E87/><V74/><F126/><W83/><G83/><T0/><D0/><U114/><E114/><V97/><REACH who="2" step="1"/><F133/><REACH who="2" ten="265,250,225,250" step="2"/><W29/><G118/><T76/><D64/><U63/><E15/><V25/><F25/><W53/><G119/><T73/><D73/><U81/><E36/><V72/><F72/><W11/><G65/><T80/><REACH who="0" step="1"/><D103/><REACH who="0" ten="255,250,225,250" step="2"/><U30/><E123/><V100/><F100/><W66/><G66/><T62/><D62/><U125/><E63/><V90/><F90/><W1/><G1/><T23/><D23/><U135/><E120/><V24/><F24/><W129/><G129/><T110/><D110/><U6/><E135/><V41/><F41/><W28/><G8/><T93/><D93/><U67/><E60/><V117/><F117/><W134/><G11/><T96/><D96/><U104/><E125/><V124/><F124/><W99/><G134/><T56/><D56/><U33/><E57/><V49/><F49/><N who="3" m="31087" /><G99/><T7/><D7/><U61/><E6/><V14/><F14/><W116/><G116/><T127/><D127/><U105/><E61/><V115/><F115/><RYUUKYOKU ba="1,2" sc="255,10,250,-30,225,10,250,10" hai0="3,5,10,51,59,76,77,78,80,85,89,94,95" hai2="21,26,37,42,44,68,71,74,79,82,92,97,102" hai3="18,20,27,28,29,45,50,53,98,101" /><INIT seed="0,2,2,1,4,67" ten="265,220,235,260" oya="0" hai0="37,117,52,4,97,2,58,78,124,57,130,85,0" hai1="32,13,66,46,99,6,86,127,63,24,105,19,9" hai2="106,61,81,93,20,79,72,3,49,47,114,73,76" hai3="95,75,25,14,50,125,39,107,103,55,111,56,69"/><T74/><D117/><U38/><E127/><V80/><F3/><W30/><G75/><T27/><D37/><U15/><E86/><V22/><F106/><W65/><G125/><T41/><D124/><U68/><E38/><V87/><F114/><W121/><G111/><T132/><D41/><U134/><E134/><V23/><F61/><N who="3" m="40111" /><G14/><T51/><D74/><U112/><E112/><V26/><F93/><W82/><G82/><T98/><D132/><U5/><E46/><V77/><F87/><W36/><G95/><T1/><D4/><U8/><E19/><V84/><F84/><W118/><G118/><T21/><D58/><U43/><E43/><V17/><REACH who="2" step="1"/><F79/><REACH who="2" ten="265,220,225,260" step="2"/><W18/><G121/><T96/><D130/><U42/><E105/><V126/><F126/><W40/><G107/><T28/><REACH who="0" step="1"/><D0/><REACH who="0" ten="255,220,225,260" step="2"/><U59/><E6/><V64/><F64/><W60/><G39/><T109/><D109/><U54/><E5/><V101/><F101/><W31/><G103/><T94/><D94/><U16/><E99/><V62/><F62/><W12/><G60/><T35/><D35/><U120/><E63/><V108/><F108/><W131/><G36/><T33/><D33/><U29/><E120/><V123/><F123/><W92/><G92/><T104/><D104/><U88/><E32/><V128/><F128/><W119/><G131/><T91/><D91/><U10/><E88/><V34/><F34/><W129/><G129/><T7/><D7/><U11/><E66/><V71/><F71/><W113/><G113/><T48/><D48/><U115/><E68/><V44/><F44/><RYUUKYOKU ba="2,4" sc="255,15,220,-15,225,15,260,-15" hai0="1,2,21,27,28,51,52,57,78,85,96,97,98" hai2="17,20,22,23,26,47,49,72,73,76,77,80,81" /><INIT seed="0,3,4,5,4,102" ten="270,205,240,245" oya="0" hai0="23,54,115,1,55,61,84,73,69,21,50,104,127" hai1="100,29,14,20,27,51,17,72,80,64,22,92,2" hai2="78,133,3,65,38,109,119,101,46,71,5,132,40" hai3="77,114,24,98,111,128,108,103,96,121,56,105,10"/><T48/><D73/><U52/><E2/><V43/><F109/><N who="3" m="42059" /><G114/><T110/><D115/><U134/><E134/><N who="2" m="51819" /><F119/><W19/><G128/><T25/><D110/><U125/><E125/><V49/><F101/><N who="3" m="62631" /><G77/><T13/><D104/><U90/><E64/><V67/><F78/><W93/><G56/><N who="0" m="34975" /><D1/><U75/><E80/><V106/><F106/><W18/><G121/><T7/><D69/><U95/><E100/><V59/><F71/><W35/><G10/><N who="0" m="4319" /><D127/><U126/><E126/><V129/><F129/><W6/><G6/><T88/><D25/><U124/><E124/><V123/><F123/><W12/><G12/><T31/><D31/><AGARI ba="3,4" hai="18,19,24,31,35,93,98,103" m="62631,42059" machi="31" ten="30,2000,0" yaku="14,1,52,1" doraHai="102" who="3" fromWho="0" sc="270,-29,205,0,240,0,245,69" /><INIT seed="1,0,0,4,4,76" ten="241,205,240,314" oya="1" hai0="26,133,85,8,64,33,75,18,34,14,125,37,118" hai1="24,7,112,120,92,40,132,45,3,15,127,134,107" hai2="47,13,51,48,50,68,81,42,131,73,94,32,30" hai3="56,98,104,19,100,11,23,84,119,78,59,113,123"/><U116/><E107/><V25/><F68/><W21/><G113/><T36/><D75/><U83/><E120/><V135/><F131/><W27/><G123/><T129/><D118/><U0/><E116/><V1/><F1/><W49/><G119/><T20/><D129/><U103/><E112/><V5/><F135/><N who="1" m="51753" /><E83/><V38/><F94/><W124/><G124/><T95/><D125/><U97/><E24/><V62/><F62/><W88/><G78/><T65/><D133/><U2/><E127/><V12/><REACH who="2" step="1"/><F5/><REACH who="2" ten="241,205,230,314" step="2"/><W57/><G104/><T77/><D95/><U111/><E0/><V86/><F86/><W79/><G84/><T63/><D63/><U35/><E3/><V80/><F80/><W108/><G98/><T130/><D130/><U61/><E61/><V4/><F4/><W121/><G121/><T110/><D64/><U28/><E2/><V22/><F22/><W126/><G23/><T72/><D65/><U74/><E7/><V9/><F9/><W16/><G11/><T106/><D85/><U46/><E74/><V102/><F102/><W122/><G100/><T109/><D106/><U29/><E103/><V67/><F67/><W101/><G101/><T105/><D105/><U96/><E35/><V93/><F93/><W128/><G128/><T31/><D33/><U99/><E92/><V41/><F41/><W60/><G60/><T71/><D71/><U55/><E40/><V91/><F91/><W87/><G88/><T89/><D89/><U66/><E66/><V114/><F114/><W52/><G126/><T115/><D115/><U82/><E82/><RYUUKYOKU ba="0,1" sc="241,-10,205,-10,230,30,314,-10" hai2="12,13,25,30,32,38,42,47,48,50,51,73,81" /><INIT seed="2,1,1,2,1,2" ten="231,195,260,304" oya="2" hai0="30,120,127,123,45,91,12,38,5,134,20,118,22" hai1="85,129,36,81,109,106,75,122,108,13,52,95,71" hai2="105,70,88,96,97,61,1,73,28,40,110,77,26" hai3="63,62,121,115,107,18,53,31,112,0,37,94,104"/><V44/><F1/><W92/><G31/><T16/><D91/><U126/><E71/><V76/><F96/><W59/><G0/><T135/><D38/><U119/><E119/><V67/><F73/><W4/><G37/><T54/><D45/><U133/><E36/><V49/><F110/><W34/><G34/><T35/><D54/><U93/><E13/><V39/><F39/><W117/><G117/><T9/><D118/><U113/><E52/><V114/><F114/><W8/><G18/><T84/><D84/><U57/><E57/><V33/><REACH who="2" step="1"/><F88/><REACH who="2" ten="231,195,250,304" step="2"/><W51/><G115/><T7/><D127/><U131/><E113/><V111/><F111/><W98/><G112/><T101/><D101/><AGARI ba="1,2" hai="26,28,33,40,44,49,61,67,70,76,77,97,101,105" machi="101" ten="40,7700,0" yaku="1,1,25,2,53,0" doraHai="2" doraHaiUra="124" who="2" fromWho="0" sc="231,-80,195,0,250,100,304,0" /><INIT seed="2,2,0,4,2,122" ten="151,195,350,304" oya="2" hai0="64,115,29,62,23,18,38,9,79,12,127,90,28" hai1="76,17,108,129,63,25,80,111,27,10,103,39,75" hai2="36,78,88,22,48,0,87,121,20,37,85,135,130" hai3="107,124,83,52,114,69,65,70,35,100,110,1,49"/><V34/><F34/><W71/><G1/><T89/><D115/><U8/><E129/><V96/><F121/><W117/><G117/><T53/><D127/><U46/><E103/><V119/><F0/><W51/><G35/><T24/><D38/><U31/><E63/><V56/><F119/><W68/><G100/><T13/><D79/><U84/><E75/><V60/><F48/><W45/><G83/><T47/><D28/><U4/><E17/><V94/><F37/><W54/><G107/><T97/><D97/><U118/><E118/><V72/><F36/><W19/><G19/><T5/><D53/><U112/><E112/><V3/><F3/><W73/><G73/><T128/><D47/><U15/><E10/><V30/><F72/><W134/><G114/><T41/><D41/><N who="1" m="22847" /><E31/><V21/><F30/><W86/><G86/><T99/><D99/><U105/><E105/><V98/><F98/><W66/><G124/><T11/><REACH who="0" step="1"/><D128/><REACH who="0" ten="141,195,350,304" step="2"/><U113/><E113/><V67/><F130/><W2/><G45/><T106/><D106/><U6/><E6/><V91/><F78/><W59/><G66/><T82/><D82/><U126/><E126/><V43/><F43/><W116/><G65/><T123/><D123/><U104/><E104/><V44/><F44/><W32/><G116/><T55/><D55/><U95/><E95/><N who="2" m="54687" /><F96/><W57/><G54/><T133/><D133/><U81/><E81/><N who="2" m="49583" /><F135/><W132/><G134/><T102/><D102/><U16/><E4/><V93/><AGARI ba="2,1" hai="20,21,22,56,60,67,93,94" m="49583,54687" machi="93" ten="30,3000,0" yaku="8,1,54,1" doraHai="122" who="2" fromWho="2" sc="141,-12,195,-12,350,46,304,-12" /><INIT seed="2,3,0,5,5,111" ten="129,183,396,292" oya="2" hai0="38,69,61,41,33,9,92,116,1,48,73,26,0" hai1="8,88,89,13,118,100,47,22,20,21,121,94,28" hai2="66,2,23,90,19,74,102,72,81,31,85,7,132" hai3="120,40,25,46,91,68,34,78,44,99,49,70,96"/><V37/><F37/><W95/><G120/><T104/><D116/><U54/><E118/><V113/><F113/><W67/><G78/><T16/><D104/><U59/><E47/><V15/><F132/><W80/><G67/><T128/><D38/><U84/><E121/><V10/><F102/><W17/><G80/><T109/><D73/><U36/><E36/><V4/><F66/><W103/><G46/><T55/><D109/><U126/><E126/><V119/><F119/><W115/><G115/><T12/><D128/><U14/><E100/><V108/><F108/><W130/><G130/><T75/><D75/><U98/><E28/><V83/><F7/><W30/><REACH who="3" step="1"/><G17/><REACH who="3" ten="129,183,396,282" step="2"/><T51/><D16/><N who="1" m="10263" /><E59/><V82/><F81/><W32/><G32/><T106/><D33/><U114/><E114/><V71/><F71/><W45/><G45/><T29/><D69/><U63/><E54/><V76/><F31/><W62/><G62/><T117/><D61/><U131/><E63/><V18/><F18/><W3/><G3/><T97/><D0/><U53/><E53/><V50/><F74/><W110/><G110/><T87/><D1/><U122/><E131/><V129/><F129/><W135/><G135/><T11/><D29/><U79/><E79/><V60/><F60/><W134/><G134/><T124/><D117/><U43/><E122/><V125/><F125/><W112/><G112/><T35/><D124/><U127/><E127/><V24/><F2/><W133/><G133/><T52/><D35/><U58/><E58/><V123/><F123/><W101/><G101/><N who="0" m="60583" /><D55/><U39/><E43/><RYUUKYOKU ba="3,1" sc="129,-15,183,-15,396,15,282,15" hai2="4,10,15,19,23,24,50,72,76,82,83,85,90" hai3="25,30,34,40,44,49,68,70,91,95,96,99,103" /><INIT seed="2,4,1,0,1,47" ten="114,168,411,297" oya="2" hai0="99,8,76,21,11,127,78,135,61,32,3,6,117" hai1="73,119,43,28,133,75,96,44,95,77,37,19,46" hai2="18,87,33,113,7,126,50,40,72,105,42,53,16" hai3="93,34,98,112,111,14,65,71,60,2,68,94,91"/><V102/><F72/><W62/><G2/><T110/><D32/><U109/><E119/><V132/><F113/><W64/><G34/><T118/><D110/><U97/><E133/><V108/><F33/><W83/><G111/><T115/><D115/><U85/><E109/><V66/><F108/><W31/><G31/><T124/><D135/><U26/><E19/><V27/><F66/><W15/><G112/><T55/><D21/><U104/><E85/><V88/><F132/><W90/><REACH who="3" step="1"/><G83/><REACH who="3" ten="114,168,411,287" step="2"/><T79/><D117/><U4/><E104/><V39/><F105/><W81/><G81/><T41/><D118/><U107/><E107/><V122/><F122/><W114/><G114/><T101/><D124/><U120/><E28/><V130/><F126/><W106/><G106/><T52/><D127/><U67/><E120/><V9/><F39/><W17/><G17/><T63/><D3/><U23/><E37/><V84/><F18/><W128/><G128/><T45/><D6/><U92/><E4/><V74/><F130/><W10/><G10/><T86/><D8/><U54/><E23/><V56/><F7/><W24/><G24/><T69/><D11/><U51/><E26/><V20/><F9/><W80/><G80/><T30/><D30/><U35/><E35/><V22/><F22/><W29/><G29/><T38/><D78/><U123/><E123/><V0/><F0/><W70/><G70/><T121/><D76/><U13/><E77/><V12/><F27/><W134/><G134/><T48/><D121/><U129/><E129/><V116/><F116/><W131/><G131/><RYUUKYOKU ba="4,2" sc="114,-10,168,-10,411,-10,287,30" hai3="14,15,60,62,64,65,68,71,90,91,93,94,98" /><INIT seed="3,5,2,4,0,33" ten="104,158,401,317" oya="3" hai0="117,37,49,98,56,41,128,19,91,0,130,115,104" hai1="116,84,125,8,75,82,99,120,52,17,22,105,81" hai2="59,51,55,111,69,76,11,134,58,124,97,18,87" hai3="135,114,5,65,106,83,67,4,28,24,10,129,72"/><W102/><G114/><T57/><D115/><U44/><E120/><V62/><F111/><W95/><G106/><T48/><D117/><U53/><E116/><V132/><F124/><W96/><G129/><N who="0" m="49771" /><D0/><U30/><E125/><V92/><F69/><W66/><G135/><N who="2" m="51753" /><F18/><W85/><G72/><T101/><D37/><U126/><E126/><V88/><F11/><W6/><G10/><T108/><D108/><U7/><E75/><V39/><F39/><W13/><G13/><T40/><D19/><U16/><E30/><V100/><F76/><W113/><G113/><T122/><D122/><U36/><E17/><V77/><F77/><W103/><G103/><T127/><D127/><U63/><E36/><V93/><F62/><W110/><G110/><T9/><D9/><U70/><E70/><V47/><AGARI ba="5,2" hai="47,51,55,58,59,87,88,92,93,97,100" m="51753" machi="47" ten="30,2000,0" yaku="20,1,54,1" doraHai="33" who="2" fromWho="2" sc="104,-10,158,-10,401,55,317,-15" /><INIT seed="4,0,0,1,2,13" ten="94,148,456,302" oya="0" hai0="56,50,48,26,91,24,54,115,8,62,40,28,83" hai1="77,127,118,49,68,124,110,128,27,97,106,70,134" hai2="89,121,6,47,11,66,103,108,55,76,114,94,84" hai3="14,129,25,31,51,132,15,44,99,135,105,116,65"/><T98/><D115/><U46/><E118/><V92/><F114/><W82/><G65/><T1/><D1/><U73/><E110/><V42/><F108/><W4/><G82/><T95/><D8/><U96/><E134/><N who="3" m="51242" /><G4/><T88/><D40/><U61/><E128/><V32/><F32/><N who="3" m="20591" /><G129/><T81/><D24/><U37/><E27/><V60/><F55/><N who="3" m="30183" /><G116/><T53/><D91/><U71/><E61/><V111/><F111/><W102/><AGARI ba="0,0" hai="14,15,99,102,105" m="30183,20591,51242" machi="102" ten="30,1100,0" yaku="20,1" doraHai="13" who="3" fromWho="3" sc="94,-5,148,-3,456,-3,302,11" /><INIT seed="5,0,0,0,1,69" ten="89,145,453,313" oya="1" hai0="115,123,66,92,82,104,44,113,15,45,53,70,14" hai1="77,88,120,95,118,103,90,51,83,36,19,56,25" hai2="29,33,5,58,125,133,65,98,86,59,101,62,48" hai3="28,55,3,85,52,127,99,11,76,134,122,106,135"/><U130/><E120/><V108/><F108/><W105/><G122/><T112/><D123/><U47/><E118/><V57/><F125/><W37/><G37/><T131/><D104/><U68/><E68/><V74/><F74/><W9/><G28/><T61/><D131/><U26/><E130/><V18/><F5/><W46/><G127/><T12/><D82/><U4/><E4/><V10/><F48/><W72/><G72/><T87/><REACH who="0" step="1"/><D53/><REACH who="0" ten="79,145,453,313" step="2"/><N who="1" m="31807" /><E83/><V81/><F81/><W111/><G52/><T75/><D75/><U84/><E77/><V41/><F133/><W114/><G55/><T63/><D63/><U126/><E126/><V22/><F62/><W124/><G76/><T116/><D116/><U91/><E95/><V39/><F65/><W35/><G124/><T49/><D49/><U117/><E117/><V1/><F59/><W2/><G135/><T71/><D71/><U107/><E107/><V50/><F58/><W0/><G106/><T34/><D34/><U7/><E84/><V96/><F50/><W110/><G85/><T100/><D100/><U27/><E103/><V40/><F86/><W109/><G35/><T17/><D17/><U30/><E19/><V93/><F57/><W24/><G111/><T94/><D94/><U78/><E30/><V64/><F29/><W21/><G110/><T42/><D42/><N who="1" m="22983" /><E7/><V8/><F93/><W38/><G109/><T31/><D31/><U43/><E43/><V54/><F101/><W89/><G105/><T102/><D102/><U13/><E78/><V60/><F33/><W20/><G134/><T16/><D16/><RYUUKYOKU ba="0,1" sc="79,15,145,15,453,-15,313,-15" hai0="12,14,15,44,45,61,66,70,87,92,112,113,115" hai1="13,25,26,27,88,90,91" /><INIT seed="5,1,1,2,5,41" ten="94,160,438,298" oya="1" hai0="131,39,72,49,75,66,135,121,112,54,114,99,128" hai1="36,70,107,1,101,106,31,8,88,29,84,23,85" hai2="79,26,56,7,35,40,134,65,96,27,69,55,42" hai3="89,45,20,38,105,10,2,52,64,104,126,59,82"/><U28/><E70/><V86/><F69/><W44/><G38/><T94/><D121/><U47/><E85/><V111/><F35/><W34/><G34/><T100/><D39/><U103/><E23/><V77/><F111/><W109/><G109/><T118/><D66/><U91/><E91/><V102/><F65/><W4/><G64/><T48/><D118/><U132/><E132/><V87/><F7/><W58/><G58/><T14/><D135/><U60/><E60/><V5/><F5/><W51/><G126/><T122/><D122/><U97/><E8/><V78/><F96/><W18/><G89/><T116/><D116/><U0/><E103/><V37/><F102/><W17/><G17/><T43/><D14/><U110/><E107/><V81/><F37/><W74/><G105/><T71/><D71/><U90/><E90/><N who="2" m="51535" /><F87/><W95/><G95/><T15/><D15/><U108/><E108/><V53/><F53/><W16/><G18/><T22/><D22/><U130/><E110/><V133/><F133/><W19/><G19/><T67/><D67/><U125/><E125/><V21/><F21/><W12/><REACH who="3" step="1"/><G104/><REACH who="3" ten="94,160,438,288" step="2"/><T6/><D6/><U9/><E106/><V119/><F134/><W11/><G11/><T117/><D117/><U127/><E9/><V120/><F119/><W124/><G124/><T62/><D112/><U68/><E127/><V25/><F120/><W76/><AGARI ba="1,2" hai="2,4,10,12,16,20,44,45,51,52,59,74,76,82" machi="76" ten="30,12000,2" yaku="1,1,0,1,52,2,54,2,53,0" doraHai="41" doraHaiUra="24" who="3" fromWho="3" sc="94,-31,160,-61,438,-31,288,143" /><INIT seed="6,0,0,4,3,23" ten="63,99,407,431" oya="2" hai0="8,120,116,55,108,96,102,51,128,78,134,117,47" hai1="45,37,122,52,118,44,77,76,39,131,2,49,110" hai2="59,95,105,127,68,12,56,9,29,88,60,70,4" hai3="54,133,123,83,124,27,90,74,107,61,43,64,36"/><V85/><F105/><W1/><G123/><T50/><D108/><U11/><E122/><V53/><F127/><W38/><G1/><T132/><D120/><U113/><E118/><N who="0" m="45673" /><D78/><U62/><E11/><V20/><REACH who="2" step="1"/><F56/><REACH who="2" ten="63,99,397,431" step="2"/><W10/><G107/><T19/><D19/><U75/><E110/><V46/><F46/><W126/><G124/><T30/><D30/><U17/><E44/><V48/><F48/><W99/><G126/><T101/><D8/><U125/><E49/><V86/><F86/><W21/><G10/><T33/><D33/><U82/><E45/><V16/><F16/><W28/><G36/><T115/><D115/><U84/><E17/><V41/><F41/><W135/><G43/><T7/><D7/><U34/><E39/><V32/><F32/><W94/><G38/><T87/><D51/><U42/><E37/><V80/><F80/><W114/><G114/><T106/><D87/><U63/><E84/><V130/><F130/><W109/><G109/><T100/><D128/><U57/><E131/><V58/><F58/><N who="3" m="36919" /><G83/><T104/><D104/><U91/><E34/><V22/><F22/><W103/><G74/><T6/><D6/><U35/><E75/><V89/><F89/><W66/><G90/><T25/><D25/><AGARI ba="0,1" hai="4,9,12,20,25,29,53,59,60,68,70,85,88,95" machi="25" ten="40,12000,1" yaku="1,1,52,1,54,1,53,1" doraHai="23" doraHaiUra="26" who="2" fromWho="0" sc="63,-120,99,0,397,130,431,0" owari="-57,-56.0,99,-30.0,527,63.0,431,23.0" /></mjloggm>