<mjloggm ver="2.3"><GO type="169" lobby="0"/><UN n0="%E3%83%81%E3%83%A3%E3%82%A4%E3%82%B8" n1="%41%2E%4B%39%6D%65%63" n2="%E5%B0%B1%E6%B4%BB%E7%94%9F%40%E5%B7%9D%E6%9D%91%E8%BB%8D%E5%9B%A3" n3="%52%69%2D%4D%6F%2D" dan="17,16,18,16" rate="2173.89,2152.04,2303.33,2069.01" sx="M,M,M,M"/><TAIKYOKU oya="0"/><INIT seed="0,0,0,1,5,133" ten="250,250,250,250" oya="0" hai0="82,119,34,126,2,65,30,46,1,56,67,27,4" hai1="83,89,41,20,96,29,52,5,24,120,19,78,51" hai2="21,36,134,16,105,72,79,55,37,121,62,118,53" hai3="64,14,28,114,54,66,69,113,101,15,92,128,76"/><T60/><D119/><U103/><E120/><V57/><F121/><W58/><G128/><T130/><D130/><U33/><E5/><V127/><F134/><W38/><G38/><T17/><D17/><U122/><E122/><V91/><F105/><W123/><G123/><T68/><D82/><U106/><E41/><V10/><F10/><W32/><G76/><T111/><D111/><U80/><E89/><V107/><F107/><W0/><G0/><T40/><D4/><U115/><E115/><V108/><F108/><W23/><G32/><T84/><D84/><U97/><E97/><V49/><F118/><W31/><G69/><T47/><D47/><U12/><REACH who="1" step="1"/><E78/><REACH who="1" ten="250,240,250,250" step="2"/><V59/><F91/><W86/><G113/><T8/><D2/><U109/><E109/><V6/><F6/><W43/><G43/><T116/><D116/><U74/><E74/><V25/><F79/><W61/><G114/><T22/><D1/><U132/><E132/><V3/><F3/><W81/><G101/><T39/><D34/><U13/><E13/><V100/><F72/><W50/><G14/><T110/><D110/><U48/><E48/><V45/><F100/><W9/><G50/><T77/><D77/><U71/><E71/><V95/><F37/><W11/><G15/><T94/><D68/><U98/><E98/><V112/><F112/><W125/><G86/><T18/><D39/><U73/><E73/><V35/><F36/><W135/><G135/><T131/><D131/><U7/><E7/><V63/><F49/><W104/><G61/><N who="0" m="38055" /><D40/><U85/><E85/><V90/><F62/><RYUUKYOKU ba="0,1" sc="250,-10,240,30,250,-10,250,-10" hai1="12,19,20,24,29,33,51,52,80,83,96,103,106" /><INIT seed="1,1,1,4,0,76" ten="240,270,240,240" oya="1" hai0="103,62,109,10,48,96,17,115,19,35,6,32,95" hai1="11,30,53,105,51,52,130,24,94,33,20,104,0" hai2="82,22,80,37,131,101,13,60,44,90,36,63,65" hai3="84,28,1,8,99,39,132,29,102,79,38,66,123"/><U54/><E130/><V15/><F131/><W127/><G123/><T4/><D109/><U25/><E51/><V100/><F44/><W108/><G66/><T125/><D115/><U43/><E43/><V133/><F90/><W75/><G75/><T14/><D125/><U31/><REACH who="1" step="1"/><E94/><REACH who="1" ten="240,260,240,240" step="2"/><V86/><F133/><W126/><G132/><T21/><D48/><U93/><E93/><V57/><F36/><W61/><G39/><T16/><D62/><U89/><E89/><V68/><F37/><W7/><G61/><T88/><D88/><U59/><E59/><V26/><F68/><W117/><G38/><T129/><D95/><U128/><E128/><V12/><F63/><W58/><G58/><T110/><D129/><U45/><E45/><V55/><F65/><W3/><G126/><T71/><D71/><U83/><E83/><N who="2" m="31787" /><F86/><W9/><G84/><T116/><D96/><U92/><E92/><V34/><F34/><N who="0" m="12842" /><D103/><U98/><E98/><V78/><F78/><W27/><G79/><T46/><D46/><U119/><E119/><V118/><F118/><W97/><G117/><T91/><D91/><U40/><E40/><V74/><F74/><W120/><G102/><T49/><D49/><U23/><E23/><V121/><F121/><W42/><G120/><T77/><D116/><U114/><E114/><V124/><F124/><W67/><G127/><T47/><D77/><U72/><E72/><V111/><F111/><W106/><G108/><T73/><D47/><U18/><E18/><AGARI ba="1,2" hai="12,13,15,18,22,26,55,57,60,100,101" m="31787" machi="18" ten="30,7700,0" yaku="8,1,52,3" doraHai="76" who="2" fromWho="1" sc="240,0,260,-80,240,100,240,0" /><INIT seed="2,0,0,2,2,95" ten="240,180,340,240" oya="2" hai0="87,135,38,34,81,102,116,56,92,26,1,107,47" hai1="89,121,129,27,100,39,90,120,3,13,32,130,48" hai2="83,23,5,131,63,15,73,80,132,79,14,113,112" hai3="68,75,19,119,74,12,40,134,57,55,93,6,51"/><V4/><F131/><N who="1" m="50185" /><E39/><V29/><F132/><W50/><G119/><T110/><D135/><U97/><E3/><V45/><F45/><W58/><G68/><T54/><D110/><U0/><E0/><V10/><F63/><W84/><G134/><T103/><D1/><U88/><E48/><V94/><F80/><W104/><G104/><T69/><D116/><U9/><E27/><V28/><F94/><W117/><G6/><T114/><D69/><U70/><E32/><V25/><F29/><W30/><G30/><T106/><D114/><U21/><E21/><V24/><F24/><W64/><G117/><T66/><D66/><U108/><E70/><V43/><F43/><W98/><G84/><T82/><D47/><U118/><E108/><V126/><F126/><W99/><G40/><T111/><D38/><U96/><E118/><V11/><AGARI ba="0,0" hai="4,5,10,11,14,15,23,25,28,73,79,83,112,113" machi="11" ten="30,3000,0" yaku="0,1,9,1" doraHai="95" who="2" fromWho="2" sc="240,-10,180,-10,340,30,240,-10" /><INIT seed="2,1,0,2,5,23" ten="230,170,370,230" oya="2" hai0="2,113,48,96,106,7,117,107,65,38,98,104,124" hai1="1,66,45,123,39,18,79,63,76,17,8,37,25" hai2="50,83,60,69,59,88,24,135,62,43,119,36,20" hai3="28,46,26,85,134,14,133,114,19,10,86,115,30"/><V110/><F119/><W93/><G46/><T56/><D38/><U92/><E123/><V100/><F36/><W94/><G14/><T82/><D113/><U12/><E39/><V125/><F69/><W49/><G49/><T33/><D33/><U73/><E73/><V129/><F129/><W55/><G55/><T87/><D2/><U42/><E1/><V84/><F125/><W41/><G19/><T75/><D7/><U53/><E53/><N who="2" m="32183" /><F135/><W57/><G57/><T71/><D71/><U81/><E81/><V126/><F126/><W61/><G10/><T90/><D124/><U54/><E54/><V101/><F43/><W118/><G61/><N who="2" m="23657" /><F110/><W13/><G41/><T77/><D48/><U97/><E17/><AGARI ba="1,0" hai="17,20,24,83,84,88,100,101" m="23657,32183" machi="17" ten="30,5800,0" yaku="8,1,52,1,54,1" doraHai="23" who="2" fromWho="1" sc="230,0,170,-61,370,61,230,0" /><INIT seed="2,2,0,3,2,74" ten="230,109,431,230" oya="2" hai0="69,89,83,2,10,29,124,88,46,14,9,43,110" hai1="100,58,16,87,75,67,119,63,92,76,57,104,122" hai2="23,15,5,4,113,31,121,53,117,48,103,82,79" hai3="129,134,116,115,73,40,33,12,72,1,8,105,107"/><V125/><F117/><W11/><G116/><T94/><D110/><U39/><E119/><V41/><F121/><W133/><G33/><T120/><D69/><U60/><E122/><V111/><F113/><W26/><G115/><T61/><D124/><U132/><E39/><V97/><F125/><W112/><G112/><T86/><D29/><U30/><E132/><N who="3" m="50794" /><G129/><T35/><D35/><U6/><E6/><V49/><F41/><W99/><G26/><T56/><D2/><U101/><E30/><V106/><F49/><W70/><G70/><T130/><D130/><U54/><E104/><V37/><F37/><W50/><G8/><T47/><D120/><U20/><E75/><N who="3" m="28746" /><G99/><N who="0" m="57799" /><D43/><U131/><E131/><V13/><F111/><W68/><G68/><T34/><D34/><U135/><E135/><V38/><F38/><W18/><G1/><T81/><D81/><N who="1" m="47527" /><E92/><V77/><F82/><W36/><G36/><T114/><D114/><U91/><E91/><V108/><F108/><W98/><G98/><T27/><D27/><AGARI ba="2,0" hai="16,20,27,54,57,58,60,63,67,100,101" m="47527" machi="27" ten="30,3900,0" yaku="8,1,52,1,54,1" doraHai="74" who="1" fromWho="0" sc="230,-45,109,45,431,0,230,0" /><INIT seed="3,0,0,2,0,131" ten="185,154,431,230" oya="3" hai0="22,89,96,11,38,95,61,14,112,72,68,43,76" hai1="39,66,127,20,64,123,52,37,92,46,118,107,45" hai2="110,97,54,16,71,94,24,108,102,122,50,53,51" hai3="60,79,13,87,93,26,70,121,104,83,30,56,82"/><W113/><G113/><T135/><D135/><U57/><E107/><V133/><F133/><W59/><G121/><T101/><D112/><U3/><E3/><V115/><F71/><W1/><G1/><T73/><D22/><U128/><E20/><N who="2" m="13319" /><F115/><W17/><G104/><T114/><D114/><U78/><E78/><V91/><F122/><W29/><G70/><T67/><D76/><U84/><E84/><V125/><F125/><W49/><G82/><T32/><D32/><U48/><E92/><V7/><F7/><W65/><G26/><T27/><D27/><U25/><E25/><V18/><F18/><W40/><G93/><T99/><D43/><U8/><E8/><V2/><F2/><W44/><REACH who="3" step="1"/><G56/><REACH who="3" ten="185,154,431,220" step="2"/><T36/><D72/><U75/><E75/><V130/><F130/><W31/><G31/><T55/><D73/><U80/><E123/><V42/><F110/><W5/><G5/><T134/><D134/><U109/><E80/><V111/><F111/><W28/><G28/><T77/><D95/><U81/><E81/><V58/><F108/><W117/><G117/><T33/><D68/><U106/><E109/><V12/><F12/><W41/><G41/><T63/><D14/><U116/><E106/><V105/><F42/><W15/><G15/><T19/><D19/><U47/><E128/><V4/><F4/><W119/><G119/><N who="1" m="45610" /><E127/><V74/><F74/><W6/><G6/><T62/><D77/><U90/><E90/><V124/><F124/><W23/><AGARI ba="0,1" hai="13,17,23,29,30,40,44,49,59,60,65,79,83,87" machi="23" ten="20,7800,0" yaku="1,1,0,1,7,1,8,1,53,0" doraHai="131" doraHaiUra="69" who="3" fromWho="3" sc="185,-26,154,-26,431,-26,220,88" /><INIT seed="3,1,0,3,4,117" ten="159,128,405,308" oya="3" hai0="37,52,126,97,46,55,79,65,82,98,104,23,113" hai1="34,111,102,36,132,62,71,6,70,127,125,33,38" hai2="48,114,24,50,58,94,0,4,100,9,84,21,103" hai3="56,90,89,49,44,121,8,76,7,91,75,83,67"/><W106/><G106/><T108/><D108/><U18/><E102/><V131/><F114/><W17/><G17/><T31/><D126/><N who="1" m="48139" /><E6/><V80/><F131/><W11/><G121/><T32/><D113/><U41/><E111/><V69/><F69/><N who="1" m="26121" /><E18/><V39/><F39/><N who="1" m="14889" /><E41/><V107/><F107/><W45/><G7/><T92/><D65/><U10/><E10/><V119/><F119/><W87/><G75/><T86/><D32/><N who="1" m="12395" /><E62/><V26/><F26/><W47/><G49/><T129/><D104/><U64/><E64/><V88/><F58/><W28/><G28/><T25/><D129/><U115/><E115/><V128/><F128/><W96/><G96/><T109/><D109/><U19/><E19/><V123/><F48/><W134/><G11/><T29/><D29/><U63/><E63/><V22/><F22/><W51/><G8/><T112/><D112/><U77/><E77/><V118/><F50/><W81/><G67/><T15/><D15/><U74/><E132/><V66/><F66/><W30/><G134/><T53/><REACH who="0" step="1"/><D92/><REACH who="0" ten="149,128,405,308" step="2"/><U101/><E101/><V124/><F124/><W42/><G30/><T13/><D13/><U120/><E74/><V110/><F110/><W27/><G44/><T16/><D16/><U68/><N who="1" m="26129" /><U85/><DORA hai="73" /><E85/><V3/><F100/><W116/><G87/><T5/><D5/><U54/><E54/><V40/><F103/><W135/><G135/><T60/><D60/><U95/><E95/><V105/><F84/><W130/><G130/><T12/><D12/><U93/><E93/><V72/><F105/><W133/><G133/><RYUUKYOKU ba="1,1" sc="149,15,128,15,405,-15,308,-15" hai0="23,25,31,37,46,52,53,55,79,82,86,97,98" hai1="120" /><INIT seed="4,2,1,2,2,113" ten="164,143,390,293" oya="0" hai0="55,83,1,117,127,96,126,53,72,28,2,39,66" hai1="40,128,107,35,62,115,125,6,51,57,108,14,11" hai2="110,111,131,106,12,4,73,118,13,65,104,23,90" hai3="68,9,30,33,48,0,41,130,70,116,63,112,31"/><T19/><D28/><U32/><E107/><V8/><F73/><W91/><G112/><T42/><D66/><U20/><E115/><V37/><F37/><W43/><G130/><T10/><D96/><U38/><E108/><V64/><F131/><W69/><G63/><T34/><D34/><U123/><E128/><V89/><F23/><W67/><G67/><T93/><D93/><U5/><E123/><V87/><F87/><W79/><G79/><N who="0" m="44519" /><D19/><U132/><E38/><V46/><F46/><W54/><G116/><T3/><D10/><U25/><E5/><V49/><F49/><W74/><G74/><T58/><D58/><U21/><E132/><V77/><F77/><W29/><G33/><T134/><D134/><U103/><E103/><V100/><F100/><W80/><G80/><T18/><D18/><U47/><E21/><V99/><F99/><W119/><G91/><T27/><D27/><U84/><E84/><V120/><F8/><W36/><G119/><T59/><D59/><U44/><E44/><V97/><F97/><W109/><G109/><T82/><D82/><U52/><REACH who="1" step="1"/><E125/><REACH who="1" ten="164,133,390,293" step="2"/><N who="0" m="47625" /><D117/><U45/><E45/><AGARI ba="2,2" hai="1,2,3,39,42,45,53,55" m="47625,44519" machi="45" ten="40,2000,0" yaku="18,1" doraHai="113" who="0" fromWho="1" sc="164,46,133,-26,390,0,293,0" /><INIT seed="4,3,0,4,2,117" ten="210,107,390,293" oya="0" hai0="57,38,91,31,4,5,60,135,76,116,18,68,12" hai1="90,53,24,65,17,9,8,22,30,29,36,14,86" hai2="129,11,121,77,98,50,111,79,61,67,58,32,131" hai3="92,97,54,7,59,51,3,95,118,84,43,42,40"/><T102/><D116/><U114/><E36/><V113/><F121/><W37/><G118/><T33/><D68/><U52/><E114/><V78/><F111/><W120/><G37/><T82/><D38/><U89/><E65/><V85/><F32/><W2/><G7/><T83/><D135/><U73/><E73/><V94/><F113/><W20/><G120/><T100/><D91/><U87/><E30/><V27/><F11/><W71/><G71/><T126/><D126/><U69/><E69/><V132/><F132/><W125/><G125/><T10/><D33/><U35/><E35/><V93/><F50/><W112/><G112/><T133/><D31/><U21/><E21/><V13/><F13/><W115/><G115/><T41/><D41/><U123/><E123/><V101/><F27/><W106/><G106/><T1/><D133/><U56/><E9/><V47/><F47/><W122/><G122/><T110/><D110/><U128/><E128/><N who="2" m="49227" /><F94/><W25/><G3/><T46/><D46/><U130/><E130/><V64/><F64/><W103/><G2/><T96/><D1/><U16/><E29/><V70/><F70/><W48/><G48/><T6/><D76/><U124/><E124/><V15/><F15/><W99/><G43/><T88/><D82/><AGARI ba="3,0" hai="58,61,67,77,78,79,82,85,93,98,101" m="49227" machi="82" ten="30,1000,0" yaku="19,1" doraHai="117" who="2" fromWho="0" sc="210,-19,107,0,390,19,293,0" /><INIT seed="5,0,0,1,0,87" ten="191,107,409,293" oya="1" hai0="85,117,5,70,106,99,124,66,25,69,103,68,81" hai1="47,86,104,49,135,28,17,51,9,60,97,115,72" hai2="114,105,91,26,92,78,94,2,29,7,37,43,46" hai3="107,45,134,116,59,101,15,62,16,89,57,56,23"/><U129/><E72/><V84/><F105/><W113/><G113/><T100/><D124/><U38/><E115/><V6/><F114/><W118/><G134/><T120/><D117/><N who="3" m="45161" /><G45/><T54/><D100/><U35/><E135/><V96/><F2/><W34/><G34/><T61/><D5/><U21/><E129/><V83/><REACH who="2" step="1"/><F92/><REACH who="2" ten="191,107,399,293" step="2"/><W19/><G107/><T1/><D120/><U71/><E104/><V41/><F41/><W10/><G101/><T13/><D1/><U122/><E122/><V74/><F74/><W4/><G62/><T110/><D110/><U53/><E60/><V0/><F0/><W112/><G112/><T127/><D127/><U36/><E36/><V95/><F95/><W12/><G4/><T31/><D54/><U90/><E38/><V64/><F64/><W42/><G42/><T76/><D13/><U58/><E53/><V65/><F65/><W39/><G39/><T102/><D102/><U18/><E51/><V121/><F121/><W128/><G128/><T111/><D111/><U27/><E49/><V119/><F119/><W3/><G3/><T48/><D48/><U67/><E67/><V88/><F88/><AGARI ba="0,1" hai="10,12,15,16,19,23,56,57,59,88,89" m="45161" machi="88" ten="30,8000,1" yaku="12,1,52,2,54,2" doraHai="87" who="3" fromWho="2" sc="191,0,107,0,399,-80,293,90" /><INIT seed="6,0,0,3,0,101" ten="191,107,319,383" oya="2" hai0="98,71,9,24,41,43,31,30,56,59,11,23,48" hai1="79,55,29,132,21,75,20,88,108,52,126,13,26" hai2="93,77,69,62,50,34,73,94,115,1,49,96,117" hai3="61,92,16,125,78,45,105,5,102,87,81,35,131"/><V112/><F34/><W104/><G35/><T76/><D71/><U121/><E108/><V135/><F1/><W70/><G5/><T127/><D127/><U44/><E126/><V51/><F117/><W6/><G125/><T124/><D124/><U17/><E132/><V60/><F135/><W120/><G120/><T36/><D36/><U118/><E118/><V3/><F3/><W129/><G6/><T58/><D76/><U39/><E121/><V134/><F134/><W107/><G16/><N who="0" m="12391" /><D98/><U28/><E28/><N who="0" m="10793" /><D48/><U37/><E79/><V116/><F116/><W110/><G110/><T67/><D67/><U53/><E75/><V106/><F77/><W99/><REACH who="3" step="1"/><G45/><REACH who="3" ten="191,107,319,373" step="2"/><T83/><D83/><U68/><E44/><V7/><F7/><W82/><G82/><T109/><D109/><U57/><E68/><V133/><F133/><W54/><G54/><T15/><D15/><U111/><E111/><V119/><F119/><W46/><G46/><T14/><D14/><U130/><E130/><V89/><F73/><W4/><G4/><T40/><AGARI ba="0,1" hai="9,11,40,41,43,56,58,59" m="10793,12391" machi="40" ten="40,2700,0" yaku="8,1,54,1" doraHai="101" who="0" fromWho="0" sc="191,37,107,-7,319,-13,373,-7" /><INIT seed="7,0,0,2,4,118" ten="228,100,306,366" oya="3" hai0="73,6,18,116,74,70,60,54,127,41,49,82,45" hai1="123,53,58,50,101,111,104,15,125,63,36,120,132" hai2="65,134,37,34,46,29,113,80,42,133,95,71,99" hai3="16,25,62,77,40,22,24,130,17,69,35,126,32"/><W44/><G77/><T105/><D116/><U31/><E111/><V108/><F108/><W103/><G126/><T78/><D105/><U52/><E31/><V28/><F34/><W114/><G114/><T90/><D127/><U4/><E101/><V117/><F117/><W13/><G103/><T38/><D18/><U11/><E104/><V1/><F1/><W93/><G93/><T19/><D19/><U12/><E125/><V7/><F7/><W0/><G0/><T43/><D90/><U61/><E36/><V57/><F113/><W122/><G130/><T76/><D6/><U124/><E124/><V100/><F80/><W75/><G75/><T91/><D91/><U115/><E115/><V48/><F29/><W106/><G106/><T9/><D9/><U94/><E132/><V131/><F28/><W55/><G17/><T68/><D43/><U79/><E79/><V67/><F131/><W128/><G40/><T135/><D135/><U2/><E94/><V89/><F100/><W81/><G16/><T51/><D38/><U27/><E27/><V56/><F133/><W21/><G25/><T26/><D26/><U121/><REACH who="1" step="1"/><E63/><REACH who="1" ten="228,90,306,366" step="2"/><V86/><F134/><W112/><G24/><T88/><D60/><U8/><E8/><V83/><F37/><W14/><G112/><T39/><D78/><U20/><E20/><V98/><F95/><W30/><G30/><T102/><D39/><U119/><E119/><V10/><F10/><W92/><G92/><T109/><D102/><U72/><E72/><V47/><F89/><W3/><G21/><T64/><D76/><RYUUKYOKU ba="0,1" sc="228,-10,90,30,306,-10,366,-10" hai1="2,4,11,12,15,50,52,53,58,61,120,121,123" owari="218,-18.0,120,-38.0,296,10.0,366,46.0" /></mjloggm>