<mjloggm ver="2.3"><GO type="225" lobby="0"/><UN n0="%E3%83%AD%E3%83%9C%E3%82%B3%E3%83%97" n1="%E3%82%82%E3%82%81%E3%82%93%E3%81%AA%E3%81%A1%E3%82%83%E3%81%84" n2="%63%6F%61" n3="%E3%82%A6%E3%83%AB%E3%83%88%E3%83%A9%E7%AB%8B%E7%9B%B4" dan="16,17,17,17" rate="2104.37,2145.65,2152.28,2169.30" sx="M,M,M,M"/><TAIKYOKU oya="0"/><INIT seed="0,0,0,5,0,79" ten="250,250,250,250" oya="0" hai0="68,29,23,1,102,127,116,22,34,60,132,114,100" hai1="33,104,67,103,25,5,21,88,115,10,24,113,7" hai2="106,89,123,94,75,15,71,98,118,110,121,49,122" hai3="45,36,69,11,64,8,80,109,95,90,135,13,35"/><T44/><D116/><U87/><E33/><V70/><F118/><W93/><G35/><T14/><D114/><N who="1" m="43531" /><E67/><V111/><F75/><W38/><G64/><N who="0" m="40967" /><D1/><N who="1" m="303" /><E7/><V63/><F63/><W125/><G69/><T9/><D34/><U126/><E126/><V86/><F49/><W58/><G38/><T53/><D127/><U78/><E78/><V17/><F71/><W42/><G125/><T28/><D23/><U129/><E129/><V47/><F47/><W124/><G11/><T3/><D3/><U81/><E21/><V2/><F2/><W105/><G8/><T83/><D22/><U61/><E61/><V51/><F51/><W56/><G36/><T50/><D28/><U57/><E57/><V108/><F70/><W120/><G58/><T62/><D29/><U97/><AGARI ba="0,0" hai="24,25,81,87,88,97,103,104" m="303,43531" machi="97" ten="30,4000,0" yaku="11,1,52,1,54,1" doraHai="79" who="1" fromWho="1" sc="250,-20,250,40,250,-10,250,-10" /><INIT seed="1,0,0,4,1,53" ten="230,290,240,240" oya="1" hai0="82,81,34,12,73,130,132,10,105,54,52,75,35" hai1="9,41,50,38,27,72,100,107,99,61,63,1,8" hai2="90,62,40,86,39,119,56,94,3,106,123,95,125" hai3="64,51,114,21,28,16,80,88,101,102,2,29,113"/><U45/><E72/><V13/><F123/><W42/><G2/><T127/><D105/><U116/><E116/><V121/><F121/><W118/><G118/><T19/><D130/><U65/><E1/><V69/><F119/><W44/><G64/><T30/><D127/><U104/><E104/><V96/><F3/><W134/><G134/><T117/><D117/><U126/><E126/><V124/><F106/><W17/><G17/><T43/><D43/><U22/><E38/><V23/><F69/><W49/><G49/><T92/><D132/><U108/><E108/><V93/><F124/><W83/><G114/><T111/><D111/><U36/><E36/><V31/><F125/><W78/><G78/><T112/><D112/><U79/><E79/><V129/><F129/><W77/><G77/><T122/><D122/><U55/><E41/><V70/><F70/><W47/><G47/><T85/><D75/><U110/><E61/><V68/><F68/><W46/><G46/><T89/><D73/><U60/><E60/><V0/><F0/><W15/><G83/><N who="0" m="31755" /><D35/><U4/><E4/><V66/><F39/><W7/><G7/><T133/><D133/><U71/><REACH who="1" step="1"/><E110/><REACH who="1" ten="230,280,240,240" step="2"/><V24/><F40/><W74/><G74/><T87/><D92/><U131/><E131/><V84/><F94/><W76/><G76/><T58/><D89/><U135/><E135/><V26/><F93/><W59/><G113/><T32/><D32/><U109/><E109/><V14/><F96/><W37/><G88/><T97/><D34/><U11/><E11/><V5/><F5/><W6/><G6/><RYUUKYOKU ba="0,1" sc="230,-10,280,30,240,-10,240,-10" hai1="8,9,22,27,45,50,55,63,65,71,99,100,107" /><INIT seed="1,1,1,0,3,103" ten="220,310,230,230" oya="1" hai0="46,72,109,23,122,86,25,77,42,19,30,100,5" hai1="115,121,29,54,73,50,105,33,130,58,78,106,39" hai2="116,45,52,64,14,34,31,123,38,87,12,37,124" hai3="104,53,17,92,107,112,71,62,35,49,11,36,4"/><U94/><E39/><V40/><F116/><W27/><G112/><T99/><D72/><U132/><E121/><V10/><F123/><W61/><G61/><T95/><D122/><U102/><E115/><V59/><F87/><W118/><G92/><T69/><D69/><U76/><E29/><V88/><F124/><W131/><G131/><T68/><D68/><U21/><E33/><V63/><F34/><W96/><G96/><T74/><D74/><U24/><E130/><V133/><F133/><W89/><G89/><T60/><D109/><U80/><E78/><V13/><F31/><N who="3" m="19967" /><G17/><T28/><D5/><U117/><E117/><V90/><F38/><W0/><G49/><N who="0" m="26839" /><D60/><U65/><E132/><V9/><F64/><N who="3" m="41367" /><G53/><T101/><D101/><U134/><E65/><V48/><F37/><W79/><G118/><T32/><D32/><U57/><E134/><V84/><F90/><W75/><G36/><T108/><D108/><U85/><E57/><V15/><N who="2" m="3072" /><DORA hai="111" /><V56/><F59/><W55/><G55/><T43/><D43/><U93/><E93/><AGARI ba="1,1" hai="9,10,40,45,48,52,56,63,84,88,93" m="3072" machi="93" ten="50,6400,0" yaku="8,1,54,2" doraHai="103,111" who="2" fromWho="1" sc="220,0,310,-67,230,77,230,0" /><INIT seed="2,0,0,5,5,96" ten="220,243,307,230" oya="2" hai0="92,20,129,61,2,33,50,78,4,17,116,82,62" hai1="43,12,45,80,59,118,53,81,44,72,42,84,19" hai2="109,67,58,113,75,28,0,103,8,71,120,47,48" hai3="104,88,37,35,74,90,134,7,51,22,115,121,36"/><V114/><F120/><W110/><G121/><T21/><D33/><U93/><E118/><V85/><F75/><W70/><G35/><T66/><D116/><U99/><E72/><V95/><F71/><W132/><G70/><T60/><D129/><U106/><E106/><V117/><F117/><W133/><G110/><T11/><D50/><U127/><E127/><V26/><F26/><W135/><G135/><T77/><D92/><U10/><E45/><V126/><F126/><W97/><G115/><T29/><D29/><U23/><E23/><V39/><F39/><N who="3" m="14923" /><G74/><T55/><D55/><U108/><E108/><V125/><F125/><W6/><G22/><T98/><D98/><U40/><E84/><V5/><F5/><N who="3" m="1547" /><G51/><T16/><D66/><U76/><E76/><V107/><F28/><W83/><G83/><T73/><REACH who="0" step="1"/><D78/><REACH who="0" ten="210,243,307,230" step="2"/><U128/><E128/><V1/><F113/><W94/><G104/><T65/><D65/><U9/><E44/><V38/><F114/><W87/><G90/><T130/><D130/><U54/><E54/><V24/><F107/><W131/><G131/><T69/><D69/><U13/><E93/><V52/><F109/><W15/><G97/><T27/><D27/><U79/><E99/><V32/><F32/><W3/><G3/><T111/><D111/><U102/><E79/><V18/><F38/><W34/><G34/><T119/><D119/><U57/><E53/><V91/><F67/><W64/><G64/><T123/><D123/><U68/><E68/><V56/><F103/><W63/><G63/><T41/><D41/><U100/><E43/><RYUUKYOKU ba="0,1" sc="210,10,243,10,307,-30,230,10" hai0="2,4,11,16,17,20,21,60,61,62,73,77,82" hai1="9,10,12,13,19,40,42,57,59,80,81,100,102" hai3="15,87,88,94,132,133,134" /><INIT seed="3,1,1,0,4,118" ten="220,253,277,240" oya="3" hai0="115,51,19,129,2,117,69,99,123,76,102,46,111" hai1="84,32,113,100,36,59,56,9,40,92,67,15,27" hai2="14,17,121,95,87,65,127,26,97,53,79,18,82" hai3="55,112,50,33,0,96,125,24,70,60,74,7,131"/><W135/><G74/><T119/><D69/><U122/><E113/><V81/><F81/><W1/><G112/><T42/><D2/><U105/><E122/><V83/><F83/><W64/><G7/><T63/><D115/><U98/><E36/><V31/><F121/><W30/><G125/><T38/><D123/><U68/><E40/><V37/><F37/><W61/><G131/><T21/><D129/><U44/><E44/><V10/><F127/><W128/><G128/><T66/><D111/><U58/><E84/><V106/><F106/><W71/><G135/><T52/><D76/><U116/><E116/><V72/><F65/><W5/><G5/><T11/><D11/><U86/><E86/><V90/><F53/><W47/><G96/><T23/><D66/><AGARI ba="1,1" hai="0,1,24,30,33,47,50,55,60,61,64,66,70,71" machi="66" ten="40,2000,0" yaku="9,1" doraHai="118" who="3" fromWho="0" sc="220,-23,253,0,277,0,240,33" /><INIT seed="3,2,0,5,2,48" ten="197,253,277,273" oya="3" hai0="42,52,18,35,76,41,62,30,72,103,20,85,63" hai1="116,71,0,13,7,108,135,2,24,66,91,21,131" hai2="40,36,90,119,61,54,80,8,78,75,82,126,60" hai3="74,65,47,59,50,51,127,129,26,39,101,3,123"/><W84/><G74/><T69/><D72/><U11/><E108/><V133/><F119/><W122/><G3/><T96/><D69/><U27/><E116/><V118/><F118/><W100/><G39/><T87/><D35/><U33/><E66/><V43/><F43/><N who="0" m="16394" /><D30/><N who="1" m="19679" /><E71/><V77/><F126/><W113/><G113/><T121/><D121/><U132/><E91/><V125/><F125/><W31/><G129/><T10/><D10/><U34/><E131/><V14/><F133/><N who="1" m="51273" /><E34/><V12/><F90/><W92/><G127/><T83/><D85/><U128/><E128/><V109/><F109/><W17/><G31/><AGARI ba="2,0" hai="0,2,7,11,13,21,24,31" m="51273,19679" machi="31" ten="30,3900,0" yaku="20,1,34,2" doraHai="48" who="1" fromWho="3" sc="197,0,253,45,277,0,273,-45" /><INIT seed="4,0,0,4,1,48" ten="197,298,277,228" oya="0" hai0="73,103,50,94,43,84,31,38,108,28,116,128,15" hai1="21,6,109,42,91,51,85,72,114,100,17,34,83" hai2="10,33,120,61,76,25,119,26,129,89,58,115,41" hai3="24,39,59,23,77,88,65,27,8,64,40,13,131"/><T81/><D116/><U86/><E34/><V123/><F115/><W102/><G77/><T135/><D73/><U130/><E72/><V20/><F119/><W99/><G131/><T93/><D38/><U53/><E109/><V30/><F129/><W19/><G40/><T75/><D75/><U97/><E130/><V80/><F41/><W101/><G39/><T124/><D128/><U112/><E6/><V68/><F68/><W49/><G27/><T87/><D108/><U14/><E42/><V127/><F127/><W46/><G46/><N who="0" m="25951" /><D124/><U55/><E85/><V2/><F89/><W133/><G133/><T104/><D104/><U71/><E71/><V118/><F118/><W4/><G65/><T66/><D135/><U106/><E51/><V79/><F79/><W0/><G0/><T126/><D126/><U70/><E70/><V113/><F113/><AGARI ba="0,0" hai="14,17,21,53,55,83,86,91,97,100,106,112,113,114" machi="113" ten="40,8000,1" yaku="15,1,11,1,52,2" doraHai="48" who="1" fromWho="2" sc="197,0,298,80,277,-80,228,0" owari="197,-20.0,378,47.0,197,-30.0,228,3.0" /></mjloggm>