<mjloggm ver="2.3"><GO type="169" lobby="0"/><UN n0="%E3%81%88%E3%82%8B%E3%81%9F%E3%81%9D" n1="%E3%82%A6%E3%83%AB%E3%83%88%E3%83%A9%E7%AB%8B%E7%9B%B4" n2="%E3%83%8A%E3%82%AB%E3%83%9E%E3%82%B9%E3%83%86%E3%82%A3%E3%83%95" n3="%6F%6E%65%73%74%61%72" dan="16,17,16,16" rate="2123.23,2213.76,2080.55,2149.45" sx="F,M,M,M"/><TAIKYOKU oya="0"/><INIT seed="0,0,0,4,2,48" ten="250,250,250,250" oya="0" hai0="85,84,95,104,126,63,37,66,65,32,99,17,90" hai1="22,69,96,132,108,4,72,129,54,5,120,8,113" hai2="83,61,9,27,0,74,60,123,100,107,28,76,70" hai3="77,34,6,86,12,125,10,2,49,93,81,59,68"/><T67/><D126/><U40/><E72/><V78/><F123/><W35/><G125/><T80/><D37/><U26/><E120/><V88/><F76/><W43/><G68/><T75/><D32/><U101/><E69/><V24/><F24/><W64/><G2/><T62/><D104/><U130/><E108/><V1/><F61/><N who="3" m="37951" /><G93/><T38/><D38/><U3/><E40/><V21/><F9/><W122/><G122/><T11/><D75/><U53/><E5/><V30/><F30/><W15/><G15/><N who="0" m="7423" /><D85/><U47/><E47/><AGARI ba="0,0" hai="6,10,12,34,35,43,47,49,77,81,86" m="37951" machi="47" ten="30,1000,0" yaku="25,1" doraHai="48" who="3" fromWho="1" sc="250,0,250,-10,250,0,250,10" /><INIT seed="1,0,0,0,5,60" ten="250,240,250,260" oya="1" hai0="95,61,10,1,126,17,27,73,15,119,55,46,108" hai1="83,76,8,81,30,116,24,38,41,92,102,111,96" hai2="23,117,58,39,35,110,3,77,89,26,68,106,88" hai3="128,28,113,12,134,64,59,75,101,98,62,13,11"/><U51/><E116/><V50/><F117/><W86/><G128/><T69/><D119/><U90/><E111/><V36/><F106/><W2/><G134/><T20/><D108/><U47/><E8/><V93/><F35/><W40/><G75/><T97/><D1/><U21/><E76/><V33/><F33/><W19/><G2/><T124/><D73/><U18/><E38/><V118/><F68/><W72/><G72/><T85/><D85/><U53/><E30/><V123/><F77/><W105/><G28/><T5/><D46/><U130/><E130/><V129/><F129/><W52/><G40/><T16/><D5/><U42/><E83/><V29/><F3/><W84/><G113/><T107/><D107/><U66/><E66/><V104/><F104/><W57/><REACH who="3" step="1"/><G13/><REACH who="3" ten="250,240,250,250" step="2"/><T14/><D15/><U82/><E42/><V71/><F118/><W91/><G91/><T120/><D120/><U132/><E132/><V114/><F123/><W43/><G43/><T34/><D34/><U4/><E41/><V80/><F114/><W67/><G67/><T121/><D121/><U7/><E90/><V78/><F89/><W31/><G31/><T49/><D124/><U87/><E82/><V45/><F110/><W32/><G32/><T63/><D126/><U131/><E131/><V9/><F29/><W109/><G109/><T127/><D127/><U25/><E25/><V70/><F26/><W54/><G54/><T133/><D133/><U135/><E135/><V56/><F88/><W94/><G94/><T99/><D95/><U6/><E81/><V100/><F93/><RYUUKYOKU ba="0,1" sc="250,-15,240,15,250,-15,250,15" hai1="4,6,7,18,21,24,47,51,53,87,92,96,102" hai3="11,12,19,52,57,59,62,64,84,86,98,101,105" /><INIT seed="1,1,1,4,0,1" ten="235,255,235,265" oya="1" hai0="78,97,82,29,7,115,103,81,65,18,63,41,10" hai1="50,108,48,40,135,68,100,39,104,116,4,61,6" hai2="105,89,73,112,96,126,34,74,37,43,121,79,130" hai3="92,131,17,58,72,83,53,99,47,80,15,119,55"/><U45/><E116/><V127/><F121/><W51/><G131/><T66/><D115/><U21/><E135/><V123/><F123/><W128/><G128/><T64/><D29/><U22/><E108/><V14/><F130/><W88/><G72/><T91/><D41/><U16/><E39/><V27/><F112/><W2/><G2/><T111/><D111/><U25/><E104/><V76/><F14/><W110/><G110/><T38/><D38/><U31/><E100/><N who="2" m="62599" /><F43/><W132/><G132/><T20/><D91/><U70/><E50/><V120/><F37/><W9/><REACH who="3" step="1"/><G119/><REACH who="3" ten="235,255,235,255" step="2"/><T87/><D81/><U32/><E32/><V3/><F3/><W109/><G109/><T113/><D113/><U56/><E70/><V0/><F0/><W107/><G107/><T86/><D86/><U67/><REACH who="1" step="1"/><E68/><REACH who="1" ten="235,245,235,255" step="2"/><V122/><F120/><W60/><AGARI ba="1,3" hai="9,15,17,47,51,53,55,58,60,80,83,88,92,99" machi="60" ten="20,12000,2" yaku="1,1,0,1,7,1,8,1,54,1,53,1" doraHai="1" doraHaiUra="13" who="3" fromWho="3" sc="235,-31,245,-61,235,-31,255,153" /><INIT seed="2,0,0,0,2,128" ten="204,184,204,408" oya="2" hai0="82,9,22,126,18,34,50,26,51,13,48,19,108" hai1="64,70,15,0,135,58,75,103,123,4,124,106,100" hai2="3,81,122,44,113,79,38,14,28,120,125,94,97" hai3="118,71,131,68,23,85,55,110,127,59,88,116,56"/><V102/><F113/><W72/><G131/><T115/><D115/><U101/><E70/><V91/><F125/><W130/><G72/><T74/><D126/><U57/><E0/><V35/><F3/><W33/><G130/><T111/><D34/><U67/><E75/><V96/><F14/><W86/><G33/><T133/><D133/><U30/><E30/><V25/><F38/><W12/><G127/><T105/><D105/><U83/><E124/><V98/><F44/><W8/><G23/><T65/><D65/><N who="1" m="25163" /><E106/><V60/><F60/><W10/><G12/><T93/><D93/><U63/><E63/><V89/><F96/><W7/><G55/><T29/><D29/><U53/><E53/><V32/><F32/><W36/><G36/><T78/><AGARI ba="0,0" hai="9,13,18,19,22,26,48,50,51,74,78,82,108,111" machi="78" ten="30,1100,0" yaku="0,1" doraHai="128" who="0" fromWho="0" sc="204,11,184,-3,204,-5,408,-3" /><INIT seed="3,0,0,5,4,78" ten="215,181,199,405" oya="3" hai0="132,30,32,68,70,7,24,75,107,131,112,93,114" hai1="73,56,99,135,12,72,69,60,14,63,86,102,92" hai2="80,25,1,44,36,116,57,49,89,62,126,34,119" hai3="64,103,125,55,35,51,22,110,66,5,39,2,13"/><W29/><G39/><T98/><D107/><U81/><E135/><V27/><F36/><W26/><G125/><T108/><D132/><U133/><E133/><V31/><F1/><W94/><G110/><T37/><D108/><U82/><E69/><V9/><F126/><W71/><G71/><T59/><D131/><U74/><E63/><V100/><F100/><W130/><G130/><T106/><D106/><U3/><E3/><V113/><F9/><N who="3" m="2231" /><G94/><T83/><D37/><U33/><E33/><V84/><F113/><N who="0" m="43626" /><D59/><U134/><E134/><V42/><REACH who="2" step="1"/><F25/><REACH who="2" ten="215,181,189,405" step="2"/><W121/><G103/><N who="0" m="60879" /><D7/><U10/><E14/><V127/><F127/><W109/><G109/><T11/><D11/><U61/><E12/><V96/><F96/><W65/><G26/><T47/><D47/><U19/><E10/><V88/><F88/><W111/><G13/><T117/><D117/><U20/><E99/><V23/><F23/><W118/><G22/><T101/><D101/><U122/><E102/><V38/><F38/><W41/><G111/><T123/><D123/><U120/><E120/><V43/><F43/><W128/><G118/><T95/><D24/><U17/><E122/><V46/><F46/><N who="3" m="28151" /><G121/><T4/><D4/><U52/><E20/><V104/><F104/><W54/><G128/><T16/><D32/><U58/><E58/><V18/><F18/><W28/><G41/><T15/><D68/><U8/><E17/><V0/><F0/><W105/><G105/><T124/><D70/><U40/><E19/><V85/><F85/><W76/><G35/><T50/><D124/><U21/><E40/><RYUUKYOKU ba="0,1" sc="215,-10,181,-10,189,30,405,-10" hai2="27,31,34,42,44,49,57,62,80,84,89,116,119" /><INIT seed="4,1,1,2,0,6" ten="205,171,219,395" oya="0" hai0="37,5,72,119,83,41,4,23,61,20,127,55,17" hai1="53,114,109,107,32,51,27,77,57,100,68,33,73" hai2="89,102,62,16,81,36,103,12,60,129,11,56,112" hai3="21,104,108,3,0,58,122,64,59,54,29,116,92"/><T131/><D119/><U19/><E109/><V86/><F36/><W82/><G104/><T106/><D106/><U47/><E68/><V63/><F112/><W15/><G116/><T18/><D127/><U66/><E114/><V30/><F129/><W78/><G108/><T128/><D37/><U135/><E135/><V2/><F2/><W85/><G122/><T90/><D41/><U91/><E73/><V7/><F30/><W46/><G46/><T111/><D111/><U24/><E77/><V123/><F123/><W94/><G3/><T118/><D118/><U42/><E66/><V48/><F7/><W69/><G69/><T74/><D55/><AGARI ba="1,1" hai="11,12,16,48,55,56,60,62,63,81,86,89,102,103" machi="55" ten="40,5200,0" yaku="8,1,52,1,54,1" doraHai="6" who="2" fromWho="0" sc="205,-55,171,0,219,65,395,0" /><INIT seed="5,0,0,4,1,0" ten="150,171,284,395" oya="1" hai0="56,60,120,88,106,135,57,80,115,110,6,29,103" hai1="27,124,107,65,53,61,102,24,11,49,112,33,85" hai2="58,118,100,3,117,41,90,45,70,26,69,127,109" hai3="30,86,35,43,83,82,48,99,15,123,23,75,89"/><U37/><E37/><V7/><F109/><W76/><G123/><T54/><D110/><U133/><E112/><V67/><F100/><W71/><G71/><T22/><D115/><U19/><E124/><V114/><F114/><W73/><G35/><T51/><D120/><U96/><E133/><V31/><F90/><W62/><G62/><T2/><D135/><U12/><E85/><V108/><F108/><W40/><G73/><T28/><D106/><U105/><E105/><V10/><F58/><W130/><G130/><T119/><D119/><U34/><E27/><V38/><F127/><W55/><G99/><T50/><D103/><U52/><E24/><V5/><F5/><W97/><G97/><T14/><D2/><U93/><E107/><V32/><F67/><W13/><G13/><T116/><D116/><AGARI ba="0,0" hai="3,7,10,26,31,32,38,41,45,69,70,116,117,118" machi="116" ten="40,5200,0" yaku="23,2,52,1" doraHai="0" who="2" fromWho="0" sc="150,-52,171,0,284,52,395,0" /><INIT seed="6,0,0,3,5,65" ten="98,171,336,395" oya="2" hai0="59,9,19,69,133,100,45,22,57,87,4,39,53" hai1="21,117,98,37,75,90,97,123,122,114,10,0,44" hai2="77,49,8,48,25,27,11,3,56,105,106,34,104" hai3="81,132,68,40,101,74,43,15,72,32,71,30,99"/><V121/><F121/><W108/><G108/><T88/><D133/><U50/><E37/><V102/><F77/><W135/><G15/><T125/><D125/><U128/><E75/><N who="3" m="28714" /><G81/><T109/><D109/><U26/><E114/><V2/><F56/><W129/><G129/><T62/><D100/><U66/><E66/><V67/><F67/><W84/><G84/><T18/><D69/><N who="3" m="26697" /><G40/><T6/><D9/><U52/><E90/><V80/><F80/><W79/><G43/><T113/><D113/><U73/><E73/><V47/><F102/><W1/><G1/><T95/><D19/><U23/><E128/><V42/><F48/><W86/><G86/><T31/><D31/><U70/><E0/><V63/><F2/><W38/><G38/><T14/><D39/><U55/><E50/><V131/><F49/><W12/><G12/><T120/><D120/><U5/><E123/><V130/><F3/><W60/><G60/><T58/><D45/><U127/><E44/><V54/><F47/><W92/><G79/><T46/><REACH who="0" step="1"/><D46/><REACH who="0" ten="88,171,336,395" step="2"/><U35/><E10/><V16/><F8/><W96/><G135/><T13/><D13/><U103/><E103/><V85/><F11/><W83/><G132/><T36/><D36/><U29/><E122/><V134/><F134/><W20/><G30/><T93/><D93/><U17/><E29/><V124/><F130/><W76/><G101/><T110/><D110/><U115/><E70/><V89/><F131/><W111/><G111/><T24/><D24/><U82/><E26/><V41/><F25/><W119/><G92/><T126/><D126/><RYUUKYOKU ba="0,1" sc="88,30,171,-10,336,-10,395,-10" hai0="4,6,14,18,22,53,57,58,59,62,87,88,95" /><INIT seed="7,1,1,3,4,93" ten="118,161,326,385" oya="3" hai0="76,78,128,32,20,68,29,0,116,37,106,30,31" hai1="26,45,99,13,21,34,62,81,117,131,86,114,10" hai2="63,52,54,8,129,112,2,46,27,33,85,110,40" hai3="122,23,84,92,16,6,4,55,15,12,57,88,60"/><W58/><G122/><T65/><D116/><U41/><E34/><V64/><F110/><W123/><G123/><T91/><D32/><U75/><E75/><V56/><F112/><W25/><G58/><T53/><D0/><U133/><E62/><V132/><F132/><W113/><G113/><T96/><D37/><U77/><E114/><V22/><F33/><W5/><AGARI ba="1,1" hai="4,5,6,12,15,16,23,25,55,57,60,84,88,92" machi="5" ten="30,11700,0" yaku="0,1,8,1,54,2" doraHai="93" who="3" fromWho="3" sc="118,-40,161,-40,326,-40,385,130" owari="78,-42.0,121,-28.0,286,9.0,515,61.0" /></mjloggm>