<mjloggm ver="2.3"><GO type="169" lobby="0"/><UN n0="%E4%B8%89%E5%B0%BA%E7%8E%89" n1="%E5%B0%B1%E6%B4%BB%E7%94%9F%40%E5%B7%9D%E6%9D%91%E8%BB%8D%E5%9B%A3" n2="%73%68%6F%6F%74%33%39" n3="%E7%A7%81%E3%81%AF%E3%81%8C%E3%81%A1%E3%81%BB%E3%82%82" dan="17,17,18,17" rate="2117.47,2148.32,2231.74,2179.92" sx="M,M,M,M"/><TAIKYOKU oya="0"/><INIT seed="0,0,0,4,1,120" ten="250,250,250,250" oya="0" hai0="30,93,14,4,68,124,130,76,52,2,108,7,33" hai1="113,62,51,0,49,107,67,13,89,46,100,121,96" hai2="103,12,80,128,98,3,6,57,5,118,70,31,73" hai3="32,115,125,53,105,25,10,34,97,94,37,83,82"/><T123/><D123/><U119/><E0/><V88/><F70/><W110/><G115/><T133/><D68/><U106/><E121/><V38/><F38/><W16/><G105/><T11/><D76/><U116/><E107/><V112/><F3/><W65/><G37/><T24/><D124/><U77/><E113/><V35/><F128/><W132/><G65/><T55/><D130/><U84/><E77/><V135/><F135/><W29/><G125/><T86/><D133/><U114/><E114/><V91/><F118/><W101/><G32/><T36/><D36/><U63/><E49/><V9/><F5/><W69/><G69/><T95/><D108/><U131/><E131/><V42/><F42/><W126/><G126/><T74/><D74/><U58/><E63/><V134/><F134/><W111/><G53/><T28/><D28/><U122/><E13/><V78/><F112/><W26/><G132/><T41/><D41/><U23/><E23/><V85/><F57/><W79/><G79/><T109/><D109/><N who="3" m="41481" /><G10/><T48/><D55/><U87/><E87/><V61/><F73/><W19/><G19/><T39/><D86/><U60/><E122/><V20/><F35/><W64/><G64/><T47/><D39/><U8/><E67/><V127/><F127/><W92/><G92/><T1/><D7/><U45/><E106/><V54/><F54/><W56/><G56/><T40/><D52/><U75/><E116/><V59/><F59/><W129/><G129/><T104/><D104/><U66/><E119/><V15/><F78/><W27/><G27/><T102/><D95/><RYUUKYOKU ba="0,0" sc="250,15,250,-15,250,-15,250,15" hai0="1,2,4,11,14,24,30,33,40,47,48,93,102" hai3="16,25,26,29,34,82,83,94,97,101" /><INIT seed="0,1,0,1,2,112" ten="265,235,235,265" oya="0" hai0="113,88,99,34,87,102,86,29,35,89,101,126,32" hai1="12,41,10,75,52,46,37,117,36,118,71,114,0" hai2="19,58,132,54,109,98,47,78,93,9,79,20,59" hai3="53,123,103,2,92,7,76,77,127,121,11,44,42"/><T108/><D113/><U3/><E114/><V60/><F109/><W30/><G30/><T104/><D108/><U134/><E37/><V24/><F132/><W50/><G127/><T40/><D126/><U56/><E71/><V100/><F47/><W28/><G28/><T39/><D39/><U95/><E75/><V116/><F116/><W57/><G92/><T106/><D29/><U27/><E27/><V110/><F110/><W130/><G130/><T81/><D40/><U129/><E129/><V62/><REACH who="2" step="1"/><F9/><REACH who="2" ten="265,235,225,265" step="2"/><W96/><G123/><T125/><D125/><U70/><E134/><V8/><F8/><W135/><G135/><T63/><D63/><U64/><E3/><V55/><AGARI ba="1,1" hai="19,20,24,54,55,58,59,60,62,78,79,93,98,100" machi="55" ten="20,8000,1" yaku="1,1,0,1,7,1,9,1,8,1,53,0" doraHai="112" doraHaiUra="66" who="2" fromWho="2" sc="265,-41,235,-21,225,93,265,-21" /><INIT seed="1,0,0,3,4,63" ten="224,214,318,244" oya="1" hai0="58,16,45,8,31,79,128,33,96,75,23,53,64" hai1="37,51,116,87,47,43,55,26,5,12,13,112,77" hai2="71,0,131,3,57,122,20,114,88,30,2,60,9" hai3="130,100,111,41,104,62,92,85,67,120,39,118,106"/><U36/><E116/><V22/><F122/><W119/><G120/><T90/><D33/><U4/><E112/><V27/><F114/><W72/><G72/><T10/><D75/><U78/><E37/><V126/><F126/><W6/><G6/><T24/><D79/><U68/><E68/><V84/><F131/><W66/><G62/><N who="0" m="37975" /><D128/><U82/><E77/><V91/><F71/><W18/><G18/><T95/><D31/><U105/><E105/><N who="3" m="40554" /><G130/><T97/><D96/><U14/><REACH who="1" step="1"/><E26/><REACH who="1" ten="224,204,318,244" step="2"/><V80/><F9/><W74/><G39/><T65/><D8/><U93/><E93/><V46/><F27/><W125/><G92/><T99/><D10/><U127/><E127/><V38/><F38/><W1/><G125/><T117/><D117/><U133/><E133/><V35/><F80/><W134/><G134/><T21/><D95/><U98/><E98/><V61/><F2/><W89/><G1/><T108/><D97/><U17/><E17/><V54/><F0/><W103/><G119/><T34/><D99/><U132/><E132/><V70/><F3/><W135/><G135/><T19/><D16/><U29/><E29/><V32/><F30/><W110/><G118/><T109/><D19/><U11/><E11/><V129/><F70/><W15/><G15/><T115/><D24/><U49/><E49/><V81/><F81/><W83/><G83/><T56/><D115/><U7/><E7/><V73/><F129/><W113/><G113/><T94/><D94/><U42/><E42/><V123/><F123/><W76/><G76/><T44/><D90/><U101/><E101/><RYUUKYOKU ba="0,1" sc="224,-10,204,30,318,-10,244,-10" hai1="4,5,12,13,14,36,43,47,51,55,78,82,87" /><INIT seed="1,1,1,5,0,23" ten="214,234,308,234" oya="1" hai0="54,32,36,5,108,16,68,78,94,113,111,29,64" hai1="0,10,99,97,87,67,130,2,24,25,8,66,125" hai2="75,27,116,86,104,40,93,79,100,65,102,7,105" hai3="134,129,126,119,107,33,80,110,45,77,63,47,35"/><U70/><E87/><V118/><F7/><W48/><G107/><N who="2" m="41033" /><F27/><W43/><G110/><N who="0" m="42027" /><D113/><U38/><E38/><V28/><F28/><W133/><G129/><T71/><D5/><U74/><E74/><V81/><F65/><W124/><G63/><T117/><D117/><N who="2" m="45162" /><F40/><W26/><G119/><T101/><D78/><U109/><E109/><V22/><F22/><W72/><G47/><T69/><D36/><U96/><E125/><N who="3" m="48234" /><G33/><T120/><D54/><U42/><E42/><V13/><F13/><W106/><G106/><T98/><D120/><U123/><E123/><V9/><F9/><N who="1" m="3689" /><E70/><V19/><F19/><W103/><G103/><T44/><D44/><U92/><E130/><V51/><F51/><W1/><G1/><N who="1" m="618" /><E92/><V55/><F55/><W95/><G95/><T46/><D69/><U90/><E90/><AGARI ba="1,1" hai="75,79,81,86,90,93,100,102" m="45162,41033" machi="90" ten="30,2000,0" yaku="34,2" doraHai="23" who="2" fromWho="1" sc="214,0,234,-23,308,33,234,0" /><INIT seed="2,0,0,1,4,62" ten="214,211,341,234" oya="2" hai0="34,91,132,16,113,69,17,72,26,103,75,121,71" hai1="82,56,74,107,64,111,45,10,115,67,73,77,106" hai2="80,81,88,27,63,51,83,76,95,12,53,96,123" hai3="57,32,54,21,98,61,134,92,47,55,11,6,90"/><V118/><F123/><W19/><G134/><T78/><D113/><U124/><E115/><V120/><F120/><W117/><G117/><T94/><D121/><U50/><E124/><V87/><F118/><W24/><G32/><T122/><D122/><U86/><E111/><V36/><F36/><W101/><G101/><T133/><D103/><U15/><E74/><V28/><F12/><W116/><G116/><T0/><D0/><U99/><E73/><V13/><F13/><W60/><G47/><T44/><D44/><U31/><E31/><V128/><F128/><W104/><G104/><T40/><D40/><U48/><E99/><V126/><F126/><W38/><G38/><T8/><D8/><U39/><E39/><V84/><F63/><W20/><G20/><T112/><D112/><U131/><E131/><V43/><F43/><W52/><G60/><T30/><D78/><U68/><E68/><N who="0" m="26185" /><D75/><U42/><E106/><V79/><F83/><W125/><G125/><T119/><D72/><U105/><E105/><V5/><F5/><W4/><G4/><T59/><D59/><U129/><E107/><V23/><F51/><W127/><G127/><T25/><D25/><U93/><E93/><V35/><F53/><W1/><AGARI ba="0,0" hai="1,6,11,19,21,24,52,54,55,57,61,90,92,98" machi="1" ten="20,8000,1" yaku="0,1,7,1,25,2,54,1" doraHai="62" who="3" fromWho="3" sc="214,-20,211,-20,341,-40,234,80" /><INIT seed="3,0,0,4,4,5" ten="194,191,301,314" oya="3" hai0="26,134,55,93,74,20,49,123,52,91,8,66,125" hai1="59,114,40,24,44,42,79,15,31,128,19,58,120" hai2="124,29,17,11,97,9,90,92,0,71,113,135,38" hai3="99,28,89,87,10,110,133,56,23,104,88,32,7"/><W25/><G133/><T86/><D123/><U16/><E120/><V102/><F113/><W85/><G110/><T100/><D134/><U127/><E114/><V67/><F135/><W12/><G104/><T46/><D74/><U13/><E127/><V122/><F122/><W118/><G118/><T115/><D115/><U54/><E128/><V27/><F38/><W62/><G32/><T73/><D73/><U117/><E117/><V106/><F0/><W78/><G99/><T53/><D66/><U119/><E119/><V77/><F17/><W65/><REACH who="3" step="1"/><G87/><REACH who="3" ten="194,191,301,304" step="2"/><T132/><D132/><U43/><E79/><V33/><F124/><W121/><G121/><T21/><D125/><U131/><E131/><V1/><F77/><W70/><G70/><T98/><D86/><U81/><E81/><AGARI ba="0,1" hai="7,10,12,23,25,28,56,62,65,78,81,85,88,89" machi="81" ten="40,12000,1" yaku="1,1,8,1,52,1,54,1,53,1" doraHai="5" doraHaiUra="57" who="3" fromWho="1" sc="194,0,191,-120,301,0,304,130" /><INIT seed="3,1,0,2,3,110" ten="194,71,301,434" oya="3" hai0="32,79,78,17,123,107,82,54,130,27,20,59,33" hai1="85,5,134,128,131,1,80,37,25,64,111,119,98" hai2="72,6,91,31,0,81,7,132,12,13,77,46,88" hai3="125,124,60,19,35,68,30,8,102,75,94,114,105"/><W10/><G75/><T69/><D123/><U104/><E111/><V118/><F118/><W18/><G94/><T122/><D122/><U56/><E37/><V11/><F132/><W62/><G102/><T21/><D69/><U3/><E119/><V15/><F31/><W108/><G108/><T63/><D107/><U53/><E134/><V87/><F7/><W117/><G117/><T43/><D43/><U65/><E25/><V106/><F106/><W129/><G105/><T93/><D130/><N who="1" m="49707" /><E98/><V49/><REACH who="2" step="1"/><F72/><REACH who="2" ten="194,71,291,434" step="2"/><W61/><G129/><T36/><D32/><U23/><E104/><V90/><F90/><W83/><G30/><T95/><D33/><U99/><E5/><V9/><F9/><N who="3" m="3691" /><G35/><T76/><D36/><U103/><E3/><V126/><F126/><N who="3" m="48747" /><G68/><T74/><D79/><N who="1" m="46239" /><E1/><V55/><AGARI ba="1,1" hai="0,6,11,12,13,15,46,49,55,77,81,87,88,91" machi="55" ten="30,4000,0" yaku="1,1,0,1,54,1,53,0" doraHai="110" doraHaiUra="97" who="2" fromWho="2" sc="194,-11,71,-11,291,53,434,-21" /><INIT seed="4,0,0,0,0,50" ten="183,60,344,413" oya="0" hai0="69,20,31,78,56,71,73,23,22,41,121,117,2" hai1="60,33,83,34,90,104,93,9,87,54,114,58,116" hai2="59,109,21,43,45,125,100,98,81,15,75,37,97" hai3="46,67,134,4,131,86,63,61,65,91,101,126,68"/><T24/><D117/><U57/><E104/><V70/><F109/><W11/><G134/><T55/><D121/><U62/><E116/><V99/><F70/><W25/><G131/><T3/><D69/><U122/><E122/><V18/><F125/><W130/><G130/><T89/><D71/><U44/><E114/><V38/><F38/><W103/><G126/><T10/><D41/><U27/><E44/><V47/><F47/><W52/><G25/><T96/><D78/><U19/><E83/><V112/><F112/><W80/><G65/><T84/><D73/><U17/><E9/><V132/><F132/><W95/><G95/><T106/><D96/><U135/><E135/><V119/><F119/><W85/><G86/><T79/><D79/><U105/><E105/><V0/><F0/><W120/><G120/><T74/><D74/><U72/><E72/><V40/><F40/><W110/><G110/><T77/><D77/><U108/><E108/><V66/><F81/><W128/><G128/><T53/><D106/><U115/><E115/><V29/><F29/><W5/><G5/><T133/><D133/><U51/><E51/><N who="2" m="27071" /><F75/><W123/><G123/><T39/><D39/><U30/><REACH who="1" step="1"/><E33/><REACH who="1" ten="183,50,344,413" step="2"/><V111/><F37/><W49/><REACH who="3" step="1"/><G63/><REACH who="3" ten="183,50,344,403" step="2"/><N who="0" m="36239" /><D10/><U12/><E12/><AGARI ba="0,2" hai="4,11,12,46,49,52,61,67,68,80,85,91,101,103" machi="12" ten="30,7700,0" yaku="1,1,7,1,52,1,54,1,53,0" doraHai="50" doraHaiUra="36" who="3" fromWho="1" sc="183,0,50,-77,344,0,403,97" owari="183,-22.0,-27,-53.0,344,14.0,500,61.0" /></mjloggm>