<mjloggm ver="2.3"><GO type="225" lobby="0"/><UN n0="%E3%83%AD%E3%83%9C%E3%82%B3%E3%83%97" n1="%E5%AE%89%E6%9C%AC%E5%BD%A9%E8%8A%B1" n2="%E5%A3%87%E2%98%86%E8%9C%9C" n3="%E3%82%A6%E3%83%AB%E3%83%88%E3%83%A9%E7%AB%8B%E7%9B%B4" dan="17,17,17,17" rate="2148.06,2133.78,2184.25,2102.72" sx="M,F,M,M"/><TAIKYOKU oya="0"/><INIT seed="0,0,0,1,5,29" ten="250,250,250,250" oya="0" hai0="1,19,78,55,39,123,54,112,74,30,37,59,122" hai1="9,101,5,10,127,80,107,81,105,119,73,31,103" hai2="64,94,38,111,133,47,6,25,21,70,66,118,131" hai3="42,15,115,116,12,58,125,33,120,67,92,2,44"/><T89/><D112/><U109/><E119/><V49/><F38/><W22/><G2/><T7/><D19/><U87/><E31/><V18/><F111/><W93/><G33/><T28/><D1/><U57/><E109/><V13/><F133/><W23/><G116/><T114/><D7/><U83/><E127/><V53/><F131/><W134/><G134/><T126/><D114/><U43/><E43/><V24/><F118/><W45/><G125/><T104/><D126/><U132/><E132/><V41/><F70/><W117/><G117/><T98/><D74/><U124/><E124/><V35/><F94/><N who="3" m="36459" /><G120/><T63/><D78/><U69/><E69/><V14/><F35/><W95/><G95/><T20/><D89/><U65/><E73/><V128/><F128/><W16/><G42/><T0/><D104/><U84/><E105/><V62/><F41/><W52/><G67/><N who="2" m="25641" /><F62/><N who="3" m="36167" /><G115/><T113/><D113/><U90/><E107/><V110/><F110/><W121/><G121/><T51/><D123/><U77/><E83/><V82/><F82/><W11/><G23/><T71/><D20/><U102/><E5/><AGARI ba="0,0" hai="5,11,12,15,16,22,44,45" m="36167,36459" machi="5" ten="30,3900,0" yaku="8,1,54,2" doraHai="29" who="3" fromWho="1" sc="250,0,250,-39,250,0,250,39" /><INIT seed="1,0,0,2,4,79" ten="250,211,250,289" oya="1" hai0="117,51,4,21,84,44,24,30,76,6,39,82,113" hai1="133,31,104,60,132,92,88,85,134,80,37,95,96" hai2="110,118,91,77,45,129,124,66,102,49,20,3,120" hai3="135,119,105,115,97,53,47,29,13,56,23,75,125"/><U128/><E37/><V22/><F118/><W59/><G115/><T14/><D113/><U18/><E31/><V106/><F120/><W0/><G0/><T126/><D117/><U131/><E60/><V111/><F3/><W63/><G119/><T64/><D39/><U27/><E18/><V114/><F129/><N who="1" m="49737" /><E27/><V99/><F124/><W54/><G75/><T16/><D126/><U65/><E65/><V34/><F34/><W123/><G105/><T68/><D64/><U71/><E71/><V19/><F66/><W38/><G123/><T89/><D76/><U50/><E50/><V94/><F77/><W11/><G47/><T2/><D2/><U5/><E5/><V122/><F122/><W43/><G43/><N who="0" m="24991" /><D68/><U55/><E55/><N who="2" m="30127" /><F19/><W52/><G38/><T112/><D112/><U70/><E70/><V90/><F114/><W100/><G125/><T46/><D46/><U7/><E7/><V32/><F32/><W116/><G116/><T61/><D61/><U86/><E86/><V130/><F130/><W83/><G63/><T81/><D81/><U87/><E87/><V73/><F73/><W10/><G83/><T101/><D101/><AGARI ba="0,0" hai="80,85,88,92,95,96,101,104,132,133,134" m="49737" machi="101" ten="40,18000,2" yaku="20,1,19,1,34,2,52,1,54,1" doraHai="79" who="1" fromWho="0" sc="250,-180,211,180,250,0,289,0" /><INIT seed="1,1,0,3,5,129" ten="70,391,250,289" oya="1" hai0="95,128,107,12,100,125,118,11,32,54,10,96,65" hai1="44,103,64,127,131,72,77,133,8,79,101,121,81" hai2="14,110,52,39,69,38,48,111,70,67,28,92,63" hai3="93,7,114,43,58,37,62,109,41,120,18,31,85"/><U6/><E133/><V61/><F28/><W1/><G1/><T46/><D118/><U94/><E121/><V123/><F14/><W59/><G7/><T60/><D32/><U4/><E131/><V80/><F92/><W49/><G31/><T119/><D119/><U24/><E127/><V26/><F26/><W17/><G120/><T84/><D125/><U73/><E64/><N who="2" m="41119" /><F80/><W22/><G37/><N who="2" m="13833" /><F123/><W51/><G114/><T40/><D128/><U91/><E24/><V105/><F105/><W134/><G62/><T108/><D108/><U97/><E6/><V50/><F50/><W68/><G93/><T33/><D33/><U122/><E122/><V35/><F35/><W117/><G22/><T55/><D84/><U75/><E8/><V106/><F106/><W124/><G85/><T74/><D74/><N who="1" m="43255" /><E4/><V25/><F25/><W42/><G124/><T89/><D107/><U132/><E103/><V66/><F66/><W45/><G17/><T21/><D100/><U13/><E13/><V88/><F88/><W9/><G18/><T71/><D21/><U98/><E98/><V87/><F87/><W53/><G9/><T36/><REACH who="0" step="1"/><D11/><REACH who="0" ten="60,391,250,289" step="2"/><U19/><E101/><V135/><F111/><W27/><G109/><T47/><D47/><U90/><E72/><V113/><F110/><W76/><G45/><T30/><D30/><U34/><E44/><N who="2" m="27655" /><F113/><W99/><G117/><T126/><D126/><U16/><E73/><V83/><F83/><W5/><G99/><T78/><D78/><U56/><E77/><V29/><F29/><W115/><G76/><T57/><D57/><RYUUKYOKU ba="1,1" sc="60,15,391,-15,250,15,289,-15" hai0="10,12,36,40,46,54,55,60,65,71,89,95,96" hai2="61,67,70,135" /><INIT seed="2,2,1,2,2,51" ten="75,376,265,274" oya="2" hai0="82,119,23,57,16,26,66,50,81,120,112,2,125" hai1="39,38,102,77,37,94,3,99,127,29,135,100,49" hai2="92,61,69,12,56,109,70,101,0,14,54,68,113" hai3="118,110,24,134,44,35,40,98,62,21,133,5,130"/><V36/><F113/><W108/><G118/><T4/><D120/><U71/><E71/><V121/><F121/><W59/><G35/><T41/><D112/><U46/><E3/><V42/><F0/><W103/><G5/><T85/><D119/><U124/><E135/><N who="3" m="51722" /><G130/><T105/><D105/><U75/><E29/><V84/><F109/><W32/><G32/><T7/><D125/><N who="1" m="48203" /><E77/><V6/><F6/><W87/><G87/><T30/><D2/><U132/><E132/><V1/><F1/><W83/><G83/><T74/><D74/><U116/><E75/><V91/><REACH who="2" step="1"/><F101/><REACH who="2" ten="75,376,255,274" step="2"/><W64/><G103/><T90/><D82/><U65/><E102/><V114/><F114/><W76/><G110/><T67/><D7/><U88/><E116/><V19/><F19/><W20/><G108/><T55/><D4/><U13/><E100/><V93/><F93/><W111/><G111/><T79/><D79/><U129/><E129/><V17/><F17/><W43/><G76/><T117/><D117/><U78/><E78/><V60/><F60/><W128/><G62/><T15/><REACH who="0" step="1"/><D41/><REACH who="0" ten="65,376,255,274" step="2"/><U122/><E122/><V106/><F106/><W80/><G43/><T8/><AGARI ba="2,3" hai="8,15,16,23,26,30,50,55,57,66,67,81,85,90" machi="8" ten="20,12000,2" yaku="1,1,2,1,0,1,7,1,8,1,52,1,54,1,53,0" doraHai="51" doraHaiUra="97" who="0" fromWho="0" sc="65,156,376,-32,255,-62,274,-32" /><INIT seed="3,0,0,4,0,77" ten="221,344,193,242" oya="3" hai0="89,88,33,127,125,111,27,7,117,1,94,10,4" hai1="23,58,90,56,35,128,103,0,82,14,60,84,55" hai2="124,28,26,52,113,44,6,100,135,25,107,57,132" hai3="17,46,120,93,32,130,29,75,101,30,108,81,42"/><W83/><G120/><T95/><D117/><U67/><E0/><V2/><F113/><W65/><G75/><T34/><D111/><U38/><E35/><V104/><F44/><W64/><G130/><T131/><D27/><N who="2" m="10250" /><F28/><N who="3" m="10859" /><G108/><T86/><D131/><U16/><E38/><V15/><F2/><W105/><G105/><N who="2" m="40521" /><F100/><W96/><G17/><T9/><D1/><U97/><E128/><V5/><F15/><W49/><G32/><T39/><D86/><U20/><E20/><V22/><F22/><W21/><G21/><T87/><D87/><U50/><E97/><V66/><F66/><AGARI ba="0,0" hai="42,46,49,64,65,66,81,83,93,96,101" m="10859" machi="66" ten="30,5800,0" yaku="8,1,52,2" doraHai="77" who="3" fromWho="2" sc="221,0,344,0,193,-58,242,58" /><INIT seed="3,1,0,3,4,18" ten="221,344,135,300" oya="3" hai0="19,62,73,129,75,128,80,74,130,82,6,118,36" hai1="61,30,109,65,102,60,33,35,115,114,41,135,14" hai2="125,89,3,131,7,51,134,104,2,58,22,29,26" hai3="91,122,111,0,99,64,43,17,4,98,86,107,119"/><W20/><G119/><T105/><D118/><U108/><E135/><V97/><F104/><W87/><G122/><T116/><D116/><U59/><E102/><V34/><F97/><W121/><G121/><T48/><D36/><U25/><E41/><V113/><F89/><W78/><G111/><N who="1" m="42570" /><E33/><V92/><F92/><N who="3" m="54399" /><G0/><N who="2" m="41" /><F58/><W126/><G126/><T8/><D105/><U88/><E88/><V110/><F51/><W53/><G4/><T24/><D62/><U112/><E14/><V106/><F106/><W5/><G5/><T38/><D38/><U101/><E101/><V28/><F110/><W84/><G107/><T127/><D127/><U90/><E90/><V95/><F95/><W11/><G43/><T45/><D45/><U68/><E112/><V83/><F83/><N who="3" m="47223" /><G64/><AGARI ba="1,0" hai="25,30,35,59,60,61,64,65,68,114,115" m="42570" machi="64" ten="30,1000,0" yaku="14,1" doraHai="18" who="1" fromWho="3" sc="221,0,344,13,135,0,300,-13" owari="221,-18.0,357,45.0,135,-36.0,287,9.0" /></mjloggm>