<mjloggm ver="2.3"><GO type="169" lobby="0"/><UN n0="%E3%83%8D%E3%82%AA%E3%81%91%E3%82%8D%E3%81%A3%E3%81%A1%E3%82%87" n1="%E5%B0%B1%E6%B4%BB%E7%94%9F%40%E5%B7%9D%E6%9D%91%E8%BB%8D%E5%9B%A3" n2="%E6%B4%A5%E7%94%B0%E6%B2%BC%E3%81%A3%E5%AD%90" n3="%E3%82%88%E3%81%A4%E3%81%B0%E3%81%A8%EF%BC%81" dan="16,18,16,17" rate="2133.59,2252.61,2138.01,2163.87" sx="M,M,M,F"/><TAIKYOKU oya="0"/><INIT seed="0,0,0,4,3,5" ten="250,250,250,250" oya="0" hai0="134,23,26,83,74,100,57,13,48,3,71,120,20" hai1="121,46,15,17,10,133,39,130,117,103,52,19,50" hai2="33,124,35,27,105,54,44,55,58,61,38,78,76" hai3="99,123,111,75,97,63,79,135,72,60,64,29,125"/><T85/><D120/><U129/><E117/><V12/><F105/><W69/><G111/><T31/><D3/><U88/><E121/><V128/><F128/><N who="1" m="49257" /><E133/><V113/><F113/><W102/><G125/><T80/><D71/><U116/><E116/><V43/><F124/><W21/><G135/><T36/><D36/><U73/><E73/><V6/><F55/><W67/><G79/><T118/><D118/><U24/><E103/><V14/><F14/><W87/><G87/><T109/><D109/><U22/><E39/><V106/><F106/><W95/><G97/><T131/><D134/><U65/><E65/><V70/><F70/><W84/><G84/><T47/><D57/><U115/><E115/><V108/><F108/><W34/><G34/><T37/><D37/><U53/><E53/><V2/><F2/><W92/><G92/><T77/><D100/><U56/><E56/><V101/><F101/><W114/><G114/><T107/><D107/><U18/><E88/><V94/><F94/><W89/><G89/><T9/><D131/><U41/><E41/><V62/><F62/><W32/><G32/><T68/><D68/><U28/><AGARI ba="0,0" hai="10,15,17,18,19,22,24,28,46,50,52" m="49257" machi="28" ten="30,4000,0" yaku="19,1,52,1,54,1" doraHai="5" who="1" fromWho="1" sc="250,-20,250,40,250,-10,250,-10" /><INIT seed="1,0,0,2,5,9" ten="230,290,240,240" oya="1" hai0="110,53,10,89,35,103,8,23,61,64,87,55,37" hai1="47,1,28,3,133,93,117,76,126,102,127,104,101" hai2="118,52,90,77,132,99,57,124,97,129,59,17,115" hai3="4,12,67,43,121,26,78,7,27,32,60,85,14"/><U135/><E28/><V20/><F118/><W33/><G43/><T130/><D110/><U54/><E117/><V5/><F5/><W22/><G121/><T131/><D35/><N who="3" m="13385" /><G85/><T25/><D37/><U62/><E76/><V69/><F69/><W41/><G78/><T134/><D103/><N who="1" m="39435" /><E104/><V18/><F77/><W39/><G60/><T116/><D134/><N who="1" m="51211" /><E93/><V24/><F132/><W66/><G41/><T16/><D116/><U11/><E11/><N who="0" m="4137" /><D131/><U75/><E75/><V70/><F129/><W108/><G22/><T95/><D130/><U98/><E98/><V96/><F70/><W83/><G83/><T15/><D25/><N who="3" m="9225" /><G39/><T49/><D49/><N who="1" m="28991" /><E62/><V109/><F109/><W6/><G108/><T31/><D31/><U63/><E63/><V120/><F120/><W65/><AGARI ba="0,0" hai="4,6,7,12,14,65,66,67" m="9225,13385" machi="65" ten="40,8000,1" yaku="28,2,52,2" doraHai="9" who="3" fromWho="3" sc="230,-20,290,-40,240,-20,240,80" /><INIT seed="2,0,0,5,3,105" ten="210,250,220,320" oya="2" hai0="76,56,32,57,63,45,69,132,35,113,120,126,13" hai1="4,95,28,92,67,44,33,109,103,72,34,74,93" hai2="70,43,22,75,83,94,81,104,100,108,78,91,9" hai3="115,10,62,125,80,107,117,118,65,123,102,24,87"/><V41/><F70/><W131/><G123/><T129/><D120/><U8/><E103/><V51/><F83/><W64/><G125/><T133/><D45/><U61/><E44/><V68/><F68/><W90/><G131/><T119/><D113/><U6/><E109/><V77/><F77/><W71/><G65/><T0/><D0/><U106/><E106/><V26/><F9/><W88/><G115/><T14/><D76/><U114/><E114/><V23/><F108/><W18/><G90/><T48/><D48/><U31/><E8/><V124/><F124/><W46/><G46/><T127/><D69/><U130/><E130/><V73/><F73/><N who="1" m="28265" /><E67/><V97/><F51/><W60/><G60/><T40/><D40/><U66/><E66/><V116/><F116/><W82/><G62/><T53/><D63/><U20/><E20/><V38/><F38/><W11/><G64/><T58/><D129/><U7/><E61/><V121/><F121/><W47/><G102/><T15/><D53/><U55/><E55/><V101/><F23/><W110/><G47/><T5/><D5/><U2/><E2/><V29/><F101/><W30/><G71/><T122/><D122/><U54/><E54/><V49/><F49/><W79/><G110/><T59/><N who="0" m="14336" /><DORA hai="37" /><T39/><D39/><U36/><E36/><V42/><F42/><W1/><G107/><T128/><D128/><U98/><E98/><AGARI ba="0,0" hai="22,26,29,41,43,75,78,81,91,94,97,98,100,104" machi="98" ten="30,11600,0" yaku="7,1,52,3" doraHai="105,37" who="2" fromWho="1" sc="210,0,250,-116,220,116,320,0" /><INIT seed="2,1,0,4,3,64" ten="210,134,336,320" oya="2" hai0="133,78,7,8,5,103,69,63,74,23,98,132,77" hai1="120,113,96,110,82,38,19,83,117,128,39,114,26" hai2="121,129,127,92,13,87,84,50,12,42,29,22,59" hai3="124,11,94,30,81,48,43,25,47,73,71,116,65"/><V97/><F121/><W119/><G124/><T44/><D44/><U93/><E117/><V91/><F127/><W1/><G1/><T40/><D23/><U75/><E120/><V0/><F0/><W2/><G94/><T57/><D5/><U56/><E110/><V107/><F107/><W27/><G27/><T109/><D109/><U37/><E128/><V122/><F122/><W111/><G111/><T21/><D21/><U3/><E3/><V86/><F129/><W61/><G2/><N who="0" m="119" /><D40/><U106/><E106/><V79/><F79/><W70/><G11/><T31/><D31/><U99/><E56/><V35/><F35/><W134/><G134/><N who="0" m="51819" /><D74/><U105/><E75/><V16/><F29/><W28/><G30/><T60/><D63/><U9/><E105/><V62/><F12/><W17/><G17/><T76/><D76/><U126/><E126/><V18/><F18/><W85/><G73/><T14/><D14/><U68/><E26/><V51/><F42/><W34/><G116/><T46/><D46/><U95/><E38/><V15/><F15/><W20/><G34/><T115/><D115/><U24/><E24/><V4/><F4/><W6/><G6/><T101/><D103/><U130/><E19/><V55/><AGARI ba="1,0" hai="13,16,22,50,51,55,59,62,84,86,87,91,92,97" machi="55" ten="30,6000,0" yaku="0,1,8,1,54,1" doraHai="64" who="2" fromWho="2" sc="210,-21,134,-21,336,63,320,-21" /><INIT seed="2,2,0,3,4,79" ten="189,113,399,299" oya="2" hai0="104,90,132,128,124,58,26,135,34,75,134,127,59" hai1="122,67,21,106,78,99,118,105,11,131,9,19,107" hai2="130,8,70,95,36,89,119,38,6,23,25,98,0" hai3="39,129,5,28,88,50,47,20,51,74,7,43,45"/><V32/><F119/><W56/><G74/><T92/><D104/><U40/><E118/><V12/><F130/><W133/><G133/><T108/><D75/><U37/><E122/><V121/><F121/><W113/><G113/><T52/><D26/><U81/><E131/><V114/><F114/><W64/><G39/><T71/><D71/><U13/><E67/><V14/><F70/><W24/><G129/><T102/><D102/><U49/><E99/><V94/><F32/><W123/><G123/><T109/><D34/><U85/><REACH who="1" step="1"/><E49/><REACH who="1" ten="189,103,399,299" step="2"/><V41/><F38/><W27/><G64/><T76/><D128/><U31/><E31/><V57/><F36/><W72/><G50/><N who="0" m="30999" /><D59/><U77/><E77/><V82/><F57/><W46/><G56/><T3/><D76/><U60/><E60/><V15/><F41/><W126/><G43/><T68/><D68/><U117/><E117/><V112/><F112/><W101/><G51/><T16/><D16/><U115/><E115/><V18/><F98/><W69/><G28/><T93/><D3/><U100/><E100/><V4/><F4/><W125/><G69/><T1/><D1/><U17/><E17/><V87/><AGARI ba="2,1" hai="0,6,8,12,14,15,18,23,25,82,87,89,94,95" machi="87" ten="30,3000,0" yaku="0,1,52,1" doraHai="79" who="2" fromWho="2" sc="189,-12,103,-12,399,46,299,-12" /><INIT seed="2,3,0,2,1,19" ten="177,91,445,287" oya="2" hai0="75,127,24,29,54,106,23,135,58,33,84,128,87" hai1="76,16,73,81,21,26,36,8,83,35,79,44,0" hai2="80,64,72,114,110,124,61,15,97,25,113,71,11" hai3="102,121,74,112,116,34,50,109,107,134,122,3,9"/><V48/><F124/><W37/><RYUUKYOKU type="yao9" ba="3,0" sc="177,0,91,0,445,0,287,0" hai3="3,9,34,37,50,74,102,107,109,112,116,121,122,134" /><INIT seed="2,4,0,2,5,92" ten="177,91,445,287" oya="2" hai0="74,30,112,89,130,29,90,80,68,9,99,95,33" hai1="19,46,103,20,73,93,106,64,135,124,84,88,79" hai2="118,86,16,104,72,57,122,125,21,75,51,12,11" hai3="61,40,47,44,67,132,121,63,10,83,76,22,36"/><V7/><F104/><W134/><G121/><T37/><D112/><U13/><E135/><V39/><F118/><W54/><G10/><T111/><D111/><U107/><E124/><V48/><F39/><W133/><G22/><T114/><D114/><U105/><E64/><V109/><F122/><W77/><G83/><T25/><D68/><U52/><E73/><V26/><F125/><W34/><G34/><T60/><D60/><U6/><E6/><V128/><F128/><W108/><G76/><T78/><D37/><U35/><E35/><V50/><F109/><W53/><G77/><T91/><D130/><U126/><E126/><V82/><REACH who="2" step="1"/><F57/><REACH who="2" ten="177,91,435,287" step="2"/><W119/><G108/><T18/><D30/><U123/><E123/><V115/><F115/><W28/><G119/><T62/><D29/><U15/><E79/><AGARI ba="4,1" hai="7,11,12,16,21,26,48,50,51,72,75,79,82,86" machi="79" ten="40,3900,0" yaku="1,1,54,1,53,0" doraHai="92" doraHaiUra="96" who="2" fromWho="1" sc="177,0,91,-51,435,61,287,0" /><INIT seed="2,5,0,3,3,107" ten="177,40,496,287" oya="2" hai0="129,92,17,78,131,73,119,118,60,101,30,74,99" hai1="8,49,62,75,91,47,94,22,36,110,83,96,106" hai2="24,79,61,95,123,56,2,32,88,116,7,41,104" hai3="66,113,3,114,120,80,5,13,71,69,122,63,134"/><V112/><F112/><N who="3" m="43115" /><G3/><T39/><D39/><U90/><E110/><V53/><F123/><W133/><G80/><T43/><D43/><U100/><E36/><V128/><F104/><W58/><G5/><T84/><D30/><U117/><E117/><N who="0" m="44553" /><D17/><U46/><E62/><V31/><F116/><W45/><G13/><T52/><D52/><U103/><E8/><V109/><F109/><W72/><G45/><T111/><D60/><U126/><E126/><V35/><F128/><N who="0" m="49226" /><D111/><U6/><E6/><V11/><F79/><W57/><G72/><N who="0" m="27755" /><D78/><U34/><E34/><V38/><F38/><W127/><G58/><T135/><D84/><U1/><E1/><V97/><F41/><W44/><G44/><T33/><D33/><AGARI ba="5,0" hai="2,7,11,24,31,32,33,35,53,56,61,88,95,97" machi="33" ten="30,2900,0" yaku="7,1,54,1" doraHai="107" who="2" fromWho="0" sc="177,-44,40,0,496,44,287,0" /><INIT seed="2,6,0,2,5,97" ten="133,40,540,287" oya="2" hai0="24,2,28,17,78,94,128,41,45,49,20,75,19" hai1="79,64,76,44,99,68,42,117,108,13,105,48,133" hai2="9,29,39,87,113,12,18,90,22,91,89,107,121" hai3="27,118,60,50,98,59,124,0,109,106,56,114,100"/><V3/><F113/><W46/><G0/><T80/><D2/><U61/><E117/><V25/><F107/><W10/><G109/><T33/><D128/><U36/><E108/><V21/><F39/><W104/><G104/><T110/><D110/><U55/><E133/><V8/><F121/><W126/><G118/><T95/><REACH who="0" step="1"/><D17/><REACH who="0" ten="123,40,540,287" step="2"/><U58/><REACH who="1" step="1"/><E13/><AGARI ba="6,1" hai="13,19,20,24,28,33,41,45,49,75,78,80,94,95" machi="13" ten="30,3900,0" yaku="1,1,2,1,7,1,53,0" doraHai="97" doraHaiUra="5" who="0" fromWho="1" sc="123,67,40,-57,540,0,287,0" owari="190,-21.0,-17,-52.0,540,64.0,287,9.0" /></mjloggm>