<mjloggm ver="2.3"><GO type="169" lobby="0"/><UN n0="%E5%B0%B1%E6%B4%BB%E7%94%9F%40%E5%B7%9D%E6%9D%91%E8%BB%8D%E5%9B%A3" n1="%74%61%6E%70%61%74%73%75" n2="%E8%B5%A4%E7%A5%9E%E9%A2%A8%E9%9B%B2" n3="%E3%82%84%E3%81%BE%E3%83%BC%E3%82%93" dan="17,16,16,17" rate="2213.97,2086.67,2104.89,2180.93" sx="M,M,M,M"/><TAIKYOKU oya="0"/><INIT seed="0,0,0,2,2,55" ten="250,250,250,250" oya="0" hai0="119,8,40,59,84,91,93,110,67,18,105,17,125" hai1="103,3,114,102,95,115,25,2,107,70,10,4,35" hai2="81,89,129,86,69,12,6,31,96,19,58,121,77" hai3="61,134,56,130,65,108,79,34,43,127,120,15,128"/><T9/><D119/><U113/><E70/><V20/><F121/><W39/><G34/><T49/><D105/><U7/><E107/><V87/><F69/><W38/><G15/><T101/><D125/><U47/><E47/><V73/><F129/><N who="3" m="49771" /><G79/><T28/><D28/><N who="1" m="19855" /><E95/><V5/><F73/><W21/><G21/><T51/><D101/><U83/><E83/><V90/><F31/><W98/><G98/><T54/><D54/><U80/><E80/><V45/><F45/><N who="3" m="23807" /><G127/><T0/><D0/><N who="1" m="43" /><E103/><V66/><F96/><W22/><G22/><T14/><D110/><U74/><E102/><V112/><F112/><N who="1" m="28673" /><U46/><DORA hai="117" /><E46/><V1/><F1/><W94/><G94/><T23/><D40/><U50/><E50/><V29/><F29/><W62/><G108/><T42/><D42/><U26/><E74/><V13/><F77/><W63/><G38/><T33/><D33/><U11/><E26/><V122/><F122/><W104/><G120/><T75/><D75/><U64/><E64/><V97/><F97/><W37/><G37/><T82/><D93/><U72/><E72/><V124/><F124/><W24/><G24/><T132/><D82/><U27/><E27/><V30/><F30/><W99/><G99/><T88/><D84/><U57/><E57/><V126/><F126/><W116/><G104/><T36/><D36/><U41/><E41/><V109/><F109/><W32/><G32/><T78/><D78/><U48/><E48/><V123/><F123/><W52/><G116/><T44/><D51/><U92/><E92/><N who="2" m="54327" /><F12/><W60/><G65/><T118/><D67/><RYUUKYOKU ba="0,0" sc="250,-30,250,10,250,10,250,10" hai1="4,7,10,11" hai2="5,6,13,19,20,58,66,81,87,90" hai3="52,56,60,61,62,63,134" /><INIT seed="1,1,0,3,4,95" ten="220,260,260,260" oya="1" hai0="102,65,88,121,37,66,15,64,29,53,81,61,25" hai1="92,90,82,23,52,131,59,18,60,120,63,50,73" hai2="7,99,35,30,132,126,116,97,128,32,49,31,78" hai3="6,0,58,2,36,14,117,9,84,91,44,103,119"/><U26/><E131/><V46/><F116/><N who="3" m="44619" /><G103/><T21/><D37/><U1/><E1/><N who="3" m="618" /><G58/><N who="0" m="35023" /><D121/><U4/><E4/><V129/><F32/><W79/><G79/><T48/><D102/><U107/><E107/><V98/><F35/><W17/><G36/><T24/><D48/><U101/><E101/><V106/><F106/><W74/><G44/><T54/><D54/><U110/><E110/><V96/><F132/><W86/><G74/><T133/><D133/><U93/><E120/><V12/><F126/><W62/><G62/><N who="1" m="23594" /><E73/><V83/><N who="2" m="24576" /><DORA hai="80" /><V8/><F129/><W69/><G69/><T13/><D25/><U27/><E27/><V22/><F22/><N who="3" m="11575" /><G91/><T56/><D56/><U77/><E77/><V70/><F70/><W3/><AGARI ba="1,0" hai="3,6,9,84,86" m="11575,618,44619" machi="3" ten="30,4000,0" yaku="12,1,52,2" doraHai="95,80" who="3" fromWho="3" sc="220,-11,260,-21,260,-11,260,43" /><INIT seed="2,0,0,2,3,101" ten="209,239,249,303" oya="2" hai0="31,93,133,127,36,38,16,135,56,60,55,8,116" hai1="92,122,115,97,119,63,32,41,64,86,87,82,47" hai2="89,25,59,19,110,53,11,7,134,123,109,67,84" hai3="33,77,9,0,57,128,66,114,107,37,18,120,121"/><V79/><F123/><W68/><G37/><T23/><D127/><U113/><E32/><V118/><F118/><W48/><G33/><T28/><D116/><U40/><E122/><V12/><F79/><W111/><G111/><N who="2" m="42505" /><F67/><W90/><G68/><T15/><D93/><U22/><E22/><N who="2" m="13535" /><F134/><N who="0" m="51210" /><D23/><U46/><E119/><V51/><F84/><W1/><G77/><T126/><D126/><U42/><E87/><V10/><F10/><W129/><G120/><T62/><D62/><U4/><E86/><V78/><F78/><W2/><G121/><T65/><D65/><U91/><E82/><V124/><F89/><W6/><G90/><T131/><D131/><U102/><E91/><V49/><F124/><W83/><G83/><T98/><D98/><U3/><E64/><V99/><F99/><W21/><G128/><T44/><D36/><U61/><E97/><V52/><F53/><W20/><G129/><T104/><D104/><U70/><E70/><V125/><F125/><W96/><G107/><T14/><D14/><U72/><E72/><V45/><F45/><W17/><G0/><T54/><D55/><U5/><E3/><V13/><F13/><W35/><G2/><T88/><D88/><U100/><E42/><AGARI ba="0,0" hai="8,15,16,28,31,38,42,44,54,56,60" m="51210" machi="42" ten="30,2000,0" yaku="20,1,54,1" doraHai="101" who="0" fromWho="1" sc="209,20,239,-20,249,0,303,0" /><INIT seed="3,0,0,5,0,122" ten="229,219,249,303" oya="3" hai0="34,111,115,84,18,107,103,98,62,53,55,36,64" hai1="75,66,7,112,69,125,95,50,99,19,94,4,91" hai2="72,76,110,132,78,3,117,80,93,129,120,12,17" hai3="82,70,22,79,46,51,102,119,86,73,65,97,49"/><W20/><G119/><T109/><D109/><U130/><E75/><V44/><F117/><W74/><G65/><T101/><D36/><U118/><E112/><V1/><F1/><W96/><G70/><T32/><D103/><U38/><E38/><V63/><F3/><W83/><G73/><T40/><D40/><U43/><E125/><V39/><F78/><W6/><G6/><T121/><D121/><U114/><E114/><V100/><F120/><W131/><G131/><T106/><D106/><U87/><E130/><V124/><F129/><W29/><G29/><T92/><D111/><U28/><E28/><V89/><F124/><W33/><G33/><T134/><D134/><U85/><E69/><V23/><F132/><W126/><G126/><T113/><D18/><U58/><E66/><V35/><F35/><W13/><G13/><T68/><D113/><U31/><E31/><V16/><F100/><W42/><G51/><T67/><D67/><U8/><E118/><V41/><F63/><W47/><G47/><T5/><D5/><N who="1" m="2123" /><E94/><V45/><F45/><W88/><REACH who="3" step="1"/><G97/><REACH who="3" ten="229,219,249,293" step="2"/><T2/><D115/><U108/><E108/><V128/><F110/><W116/><G116/><T57/><D2/><U104/><E50/><V25/><F128/><W48/><G48/><T37/><D37/><U11/><E58/><V52/><F52/><N who="0" m="20042" /><D68/><U71/><E71/><V60/><F60/><W54/><G54/><T56/><D56/><U77/><E43/><V26/><F17/><W61/><G61/><T127/><D127/><U21/><E19/><V0/><F0/><W14/><G14/><RYUUKYOKU ba="0,1" sc="229,10,219,-30,249,10,293,10" hai0="32,34,57,62,64,84,92,98,101,107" hai2="12,16,23,25,26,39,41,44,72,76,80,89,93" hai3="20,22,42,46,49,74,79,82,83,86,88,96,102" /><INIT seed="3,1,1,5,5,116" ten="239,189,259,303" oya="3" hai0="96,90,56,92,86,82,42,133,46,71,127,57,122" hai1="130,101,128,6,25,106,13,23,53,9,63,102,114" hai2="20,50,76,43,70,118,48,120,26,110,59,32,105" hai3="35,5,27,66,49,60,0,129,134,47,36,112,84"/><W67/><G112/><T52/><D71/><U104/><E114/><V95/><F118/><W131/><G36/><T19/><D127/><U54/><E102/><V15/><F105/><W29/><G134/><T119/><D133/><U74/><E74/><V111/><F70/><W24/><G5/><T81/><D119/><U94/><E94/><V11/><F32/><W78/><G0/><T14/><D122/><U124/><E124/><V65/><F76/><W132/><G132/><T87/><D87/><U115/><E115/><V38/><F38/><W85/><G27/><T75/><D75/><U100/><E100/><V39/><F39/><W16/><G16/><T77/><D81/><U1/><E101/><V97/><F50/><W79/><G79/><T103/><D77/><U3/><E104/><V21/><F21/><W126/><G126/><T31/><D31/><N who="1" m="17855" /><E106/><V55/><F43/><N who="3" m="24831" /><G78/><T41/><D56/><N who="1" m="35215" /><E54/><V7/><F65/><N who="3" m="24587" /><G60/><N who="0" m="35879" /><D46/><U125/><E125/><V17/><F120/><W99/><G99/><T135/><D135/><U2/><E2/><V68/><F68/><W108/><G108/><N who="2" m="41513" /><F97/><W107/><G107/><T34/><D34/><U30/><E30/><N who="2" m="17735" /><F95/><W40/><G40/><T117/><D117/><U4/><E1/><V51/><F7/><W37/><G37/><T93/><D92/><U8/><E3/><V22/><F51/><W88/><G88/><N who="0" m="51287" /><D103/><U98/><E98/><V18/><F18/><W109/><G109/><T61/><D61/><U64/><E64/><V113/><F113/><W10/><G35/><T73/><D73/><U121/><E121/><V91/><F91/><RYUUKYOKU ba="1,1" sc="239,10,189,10,259,10,303,-30" hai0="14,19,41,42,90,93,96" hai1="4,6,8,9,13,128,130" hai2="11,15,17,22,48,55,59" /><INIT seed="4,2,1,5,3,18" ten="249,199,269,273" oya="0" hai0="15,51,34,57,70,120,88,130,105,38,132,117,7" hai1="26,135,104,133,25,61,54,107,77,66,134,49,113" hai2="83,1,20,37,81,110,67,30,95,89,31,74,122" hai3="71,69,3,22,5,86,93,21,0,90,97,56,12"/><T48/><D70/><N who="1" m="42319" /><E77/><V46/><F110/><W109/><G109/><T118/><D38/><U79/><E79/><V47/><F122/><W32/><G32/><T24/><D105/><N who="1" m="40523" /><E113/><V96/><F1/><W45/><G69/><T58/><D120/><U78/><E78/><V43/><F47/><AGARI ba="2,1" hai="25,26,47,49,54,133,134,135" m="40523,42319" machi="47" ten="40,1300,0" yaku="20,1" doraHai="18" who="1" fromWho="2" sc="249,0,199,29,269,-19,273,0" /><INIT seed="5,0,0,3,2,126" ten="249,228,250,273" oya="1" hai0="117,47,77,58,25,109,43,60,108,113,66,39,103" hai1="82,90,55,53,93,135,83,74,84,21,52,1,49" hai2="51,48,133,88,41,122,15,68,36,80,44,111,115" hai3="32,45,65,7,23,37,121,130,129,105,86,71,70"/><U94/><E1/><V76/><F111/><W11/><G32/><T10/><D113/><U5/><E5/><V125/><F122/><W99/><G121/><T30/><D117/><U116/><E135/><V69/><F69/><W57/><G37/><T123/><D123/><U8/><E8/><V81/><F68/><W34/><G34/><T12/><D77/><U124/><E124/><V98/><F125/><W132/><G132/><T40/><D43/><U96/><E116/><V112/><F133/><W78/><G45/><T119/><D119/><U4/><E4/><V2/><F2/><W131/><G23/><T22/><REACH who="0" step="1"/><D103/><REACH who="0" ten="239,228,250,273" step="2"/><N who="1" m="60815" /><E74/><V54/><F115/><W19/><G78/><T9/><D9/><U101/><E101/><V46/><F112/><W104/><G104/><T100/><D100/><U3/><E3/><V26/><F36/><W120/><G105/><T16/><AGARI ba="0,1" hai="10,12,16,22,25,30,39,40,47,58,60,66,108,109" machi="16" ten="20,8000,1" yaku="1,1,0,1,7,1,54,1,53,1" doraHai="126" doraHaiUra="62" who="0" fromWho="0" sc="239,90,228,-40,250,-20,273,-20" /><INIT seed="6,0,0,0,3,122" ten="329,188,230,253" oya="2" hai0="74,67,90,134,87,50,135,27,118,7,45,40,21" hai1="78,22,103,111,2,129,108,38,3,52,128,109,80" hai2="54,8,131,0,29,116,88,89,98,31,62,132,102" hai3="30,93,14,1,97,20,25,41,60,130,36,28,110"/><V46/><F116/><W79/><G1/><T92/><D74/><N who="1" m="43095" /><E38/><V73/><F73/><W105/><G105/><T16/><D7/><U47/><E103/><V35/><F29/><W133/><G79/><T124/><D124/><U121/><E22/><V106/><F131/><N who="1" m="50249" /><E121/><V6/><F132/><N who="0" m="50730" /><D67/><U64/><E64/><V119/><F119/><AGARI ba="0,0" hai="16,21,27,40,45,50,87,90,92,118,119" m="50730" machi="119" ten="30,2000,0" yaku="20,1,54,1" doraHai="122" who="0" fromWho="2" sc="329,20,188,0,230,-20,253,0" /><INIT seed="7,0,0,4,3,104" ten="349,188,210,253" oya="3" hai0="12,69,14,72,130,10,89,127,73,65,17,75,60" hai1="114,97,24,26,123,113,82,102,3,61,67,5,108" hai2="64,98,124,32,16,134,87,1,42,54,30,70,4" hai3="106,85,28,83,44,81,57,115,13,120,94,84,38"/><W105/><G120/><T122/><D122/><U95/><E108/><V15/><F42/><W46/><G28/><T0/><D130/><U93/><E123/><V41/><F41/><W62/><G94/><T128/><D128/><U31/><E82/><V109/><F109/><W11/><G38/><T111/><D111/><U88/><E3/><V43/><F43/><W126/><G115/><N who="1" m="44042" /><E5/><V96/><F98/><W22/><G105/><T19/><D127/><U78/><E78/><V58/><F64/><W2/><G106/><T39/><D39/><U49/><E49/><V100/><F70/><W53/><G2/><T112/><D112/><U59/><E31/><V34/><F124/><W36/><G36/><T56/><D0/><U117/><E117/><V63/><F134/><W37/><G37/><T91/><REACH who="0" step="1"/><D69/><REACH who="0" ten="339,188,210,253" step="2"/><U116/><E116/><V48/><F1/><W119/><G126/><T135/><D135/><U133/><E133/><V99/><F34/><W51/><G119/><T33/><D33/><U55/><E67/><V110/><F110/><W71/><G71/><T40/><D40/><U35/><E35/><V101/><F32/><W52/><G44/><T121/><D121/><U125/><E125/><V86/><F30/><W25/><G46/><T76/><D76/><U103/><E103/><V131/><F131/><W66/><G66/><T80/><D80/><U107/><E107/><V6/><F101/><W50/><G81/><T18/><D18/><U9/><E9/><AGARI ba="0,1" hai="9,10,12,14,17,19,56,60,65,72,73,75,89,91" machi="9" ten="40,8000,1" yaku="1,1,9,1,52,3,53,0" doraHai="104" doraHaiUra="74" who="0" fromWho="1" sc="339,90,188,-80,210,0,253,0" owari="429,53.0,108,-39.0,210,-19.0,253,5.0" /></mjloggm>