<mjloggm ver="2.3"><GO type="169" lobby="0"/><UN n0="%E3%81%9C%E3%82%8D%E3%82%81%E3%81%90" n1="%E5%B0%B1%E6%B4%BB%E7%94%9F%40%E5%B7%9D%E6%9D%91%E8%BB%8D%E5%9B%A3" n2="%68%65%74" n3="%E3%81%86%E3%81%8D%E3%81%A7%E3%82%93" dan="16,17,16,17" rate="2142.68,2225.44,2120.60,2117.00" sx="F,M,M,M"/><TAIKYOKU oya="0"/><INIT seed="0,0,0,1,1,52" ten="250,250,250,250" oya="0" hai0="33,72,135,50,76,104,75,60,46,11,15,4,27" hai1="25,18,127,130,28,128,121,97,71,0,115,77,99" hai2="36,62,85,93,125,43,69,22,90,107,116,12,54" hai3="44,47,70,6,23,1,132,83,42,20,95,55,120"/><T78/><D104/><U21/><E71/><V109/><F107/><W38/><G70/><T37/><D37/><U57/><E121/><V14/><F109/><W63/><G120/><T88/><D135/><U133/><E0/><V79/><F125/><W56/><G95/><T19/><D75/><U101/><E133/><V87/><F36/><W94/><G94/><T98/><D72/><U103/><E115/><V86/><F43/><W124/><G132/><T112/><D112/><U118/><E77/><V32/><F32/><W58/><G47/><T34/><D34/><U10/><E118/><V61/><F69/><W117/><G117/><T129/><D129/><U82/><E82/><N who="2" m="47327" /><F116/><W113/><G113/><T84/><D98/><U51/><E127/><V30/><F87/><W17/><G83/><N who="0" m="49183" /><D33/><U41/><E99/><V110/><F110/><W73/><G73/><T123/><D123/><U122/><E122/><V3/><F3/><W31/><G124/><T35/><D35/><U5/><E28/><V119/><F119/><W8/><G31/><T105/><D105/><U126/><E126/><V24/><F62/><W40/><G42/><N who="0" m="24919" /><D60/><U92/><E101/><V134/><F134/><W102/><G102/><T108/><D108/><U16/><E41/><V59/><AGARI ba="0,0" hai="12,14,22,24,30,54,59,61,86,90,93" m="47327" machi="59" ten="30,2000,0" yaku="8,1,52,1" doraHai="52" who="2" fromWho="2" sc="250,-10,250,-5,250,20,250,-5" /><INIT seed="1,0,0,3,0,72" ten="240,245,270,245" oya="1" hai0="129,29,51,18,47,55,122,75,62,8,89,28,110" hai1="5,101,108,88,130,77,3,80,133,105,30,132,45" hai2="127,100,16,7,84,57,106,117,46,38,33,42,116" hai3="85,102,123,124,86,92,66,37,91,115,12,19,58"/><U134/><E130/><V49/><F33/><W113/><G37/><T95/><D129/><U76/><E30/><V128/><F7/><W71/><G71/><T120/><D110/><U131/><E131/><V34/><F34/><W27/><G123/><T25/><D75/><U36/><E108/><V90/><F128/><W53/><G66/><T125/><D125/><U43/><E5/><V44/><F57/><W97/><G85/><T4/><D62/><U68/><E68/><V60/><F60/><W94/><G27/><T6/><D18/><U21/><E21/><V121/><F127/><W119/><G119/><T107/><D107/><U82/><E3/><V54/><F121/><N who="0" m="46698" /><D25/><U56/><E56/><V73/><F73/><W1/><G1/><N who="0" m="15" /><D6/><U61/><E61/><V11/><F100/><W15/><G12/><T70/><D70/><U104/><E101/><V74/><F106/><N who="1" m="41065" /><E82/><N who="2" m="49431" /><F74/><W112/><G124/><T96/><AGARI ba="0,0" hai="28,29,47,51,55,89,95,96" m="15,46698" machi="96" ten="30,1100,0" yaku="13,1" doraHai="72" who="0" fromWho="0" sc="240,11,245,-5,270,-3,245,-3" /><INIT seed="2,0,0,3,1,33" ten="251,240,267,242" oya="2" hai0="53,45,25,84,79,75,85,13,51,110,106,88,14" hai1="61,129,2,29,94,130,81,78,133,46,30,112,87" hai2="21,3,67,22,134,103,4,16,11,5,17,121,104" hai3="96,71,69,58,118,115,63,34,99,109,72,9,131"/><V123/><F67/><W47/><G34/><T56/><D110/><U114/><E133/><V8/><F103/><W86/><G72/><T117/><D117/><U32/><E61/><V82/><F82/><W97/><G109/><T90/><D106/><U122/><E122/><V24/><F104/><W73/><G73/><T28/><D75/><U0/><E46/><V38/><F38/><W15/><G118/><T70/><D70/><U66/><E66/><V49/><F49/><W100/><G100/><T43/><D79/><U92/><E32/><V37/><F37/><W10/><G131/><N who="1" m="50186" /><E30/><V19/><F134/><W62/><G47/><T126/><D126/><U12/><E12/><N who="2" m="5127" /><F19/><W27/><G63/><T127/><D127/><U50/><E50/><V125/><F125/><W65/><G62/><T124/><D124/><U60/><E60/><V57/><F57/><W1/><G58/><T77/><D77/><U116/><E29/><V98/><F98/><W95/><G96/><T26/><D28/><U119/><E119/><V120/><F120/><W74/><G97/><T31/><D31/><U36/><E36/><V89/><F89/><W102/><G99/><T113/><D90/><U54/><E54/><V93/><F93/><N who="1" m="35945" /><E116/><V42/><F42/><W44/><G65/><T111/><D43/><U101/><E101/><V41/><F41/><W35/><G102/><T105/><D45/><U68/><E68/><V20/><F20/><W132/><G132/><T64/><D64/><U135/><E135/><V23/><F23/><W80/><G71/><T83/><D53/><U40/><E40/><RYUUKYOKU ba="0,0" sc="251,-15,240,15,267,15,242,-15" hai1="0,2,78,81,87,112,114" hai2="3,5,11,16,17,21,22,24,121,123" /><INIT seed="2,1,0,0,1,129" ten="236,255,282,227" oya="2" hai0="8,26,127,36,10,89,28,5,31,116,0,105,41" hai1="50,66,72,118,131,7,17,46,52,73,70,15,20" hai2="48,51,110,57,2,1,122,58,90,22,130,100,14" hai3="80,44,68,25,101,124,29,128,32,95,125,86,4"/><V33/><F33/><W81/><G68/><T78/><D105/><U114/><E131/><V13/><F122/><W60/><G128/><T16/><D78/><U77/><E114/><V126/><F130/><W34/><G34/><BYE who="3" /><UN n3="%E3%81%86%E3%81%8D%E3%81%A7%E3%82%93" /><T6/><D89/><U35/><E118/><V49/><F90/><N who="3" m="53719" /><G101/><T3/><D41/><U40/><E35/><V111/><F100/><W115/><G4/><T27/><D36/><U39/><E7/><V30/><F30/><W83/><G60/><T98/><D98/><U108/><E108/><N who="2" m="41515" /><F126/><N who="3" m="48747" /><G44/><T96/><D96/><U21/><E77/><V53/><F22/><W45/><G45/><T59/><D127/><U37/><E21/><V84/><F84/><W85/><G115/><T74/><D74/><U82/><E82/><V63/><F57/><W38/><G38/><T123/><D59/><N who="1" m="33175" /><E39/><V132/><F1/><W75/><G75/><T133/><D123/><U69/><E69/><V88/><F2/><W117/><G117/><T62/><D62/><AGARI ba="1,0" hai="15,17,20,37,40,46,62,66,70,72,73" m="33175" machi="62" ten="30,2000,0" yaku="24,1,54,1" doraHai="129" who="1" fromWho="0" sc="236,-23,255,23,282,0,227,0" /><INIT seed="3,0,0,4,1,45" ten="213,278,282,227" oya="3" hai0="33,105,87,79,66,35,72,8,40,48,32,92,51" hai1="43,38,118,6,74,127,11,2,88,116,117,27,80" hai2="70,22,73,31,89,0,76,29,94,84,18,126,123" hai3="101,106,125,37,7,103,53,16,23,110,102,41,63"/><W98/><G125/><T75/><D105/><U122/><E122/><V47/><F0/><W135/><G135/><T82/><D66/><U91/><E127/><V107/><F47/><W42/><G7/><T12/><D40/><U81/><E27/><V19/><F70/><W113/><G113/><T3/><D3/><U1/><E1/><V5/><F5/><W115/><G115/><T20/><D20/><U57/><E57/><V83/><F19/><W109/><G98/><T21/><D21/><U46/><E80/><V30/><F123/><W133/><G106/><T134/><D134/><U114/><E114/><V50/><F126/><W85/><G85/><T49/><REACH who="0" step="1"/><D92/><REACH who="0" ten="203,278,282,227" step="2"/><U129/><E129/><V111/><F107/><W44/><G42/><T52/><D52/><U95/><E95/><V68/><F94/><W26/><REACH who="3" step="1"/><G133/><REACH who="3" ten="203,278,282,217" step="2"/><T120/><D120/><U112/><E112/><V56/><F111/><W128/><G128/><T36/><D36/><U100/><E100/><V131/><F131/><W13/><G13/><T77/><D77/><AGARI ba="0,2" hai="2,6,11,38,43,46,74,77,81,88,91,116,117,118" machi="77" ten="40,8000,1" yaku="25,2,12,1,54,1" doraHai="45" who="1" fromWho="0" sc="203,-80,278,100,282,0,217,0" /><INIT seed="4,0,0,1,0,117" ten="123,378,282,217" oya="0" hai0="11,131,97,19,87,76,99,6,32,115,33,21,112" hai1="107,36,92,44,29,126,7,59,25,130,109,134,37" hai2="8,125,91,45,34,31,104,42,48,135,133,132,65" hai3="58,13,100,38,30,119,81,52,82,57,23,35,110"/><T98/><D131/><U105/><E109/><V70/><F104/><W50/><G38/><T106/><D106/><U75/><E75/><V4/><F125/><W101/><G35/><T1/><D76/><U3/><E130/><V12/><F91/><W47/><G119/><T2/><D2/><U54/><E134/><V89/><F89/><W90/><G110/><T83/><D83/><N who="3" m="31753" /><G90/><T28/><D87/><U94/><E126/><V41/><F65/><W61/><G57/><T102/><D102/><U103/><E7/><V17/><F70/><W129/><G129/><T77/><D77/><U79/><E79/><V111/><F111/><W113/><G113/><N who="0" m="43595" /><D28/><U0/><E0/><V114/><F114/><W85/><G85/><T86/><D86/><U22/><E3/><V95/><F95/><W96/><G96/><N who="0" m="24579" /><T68/><DORA hai="62" /><D68/><U73/><E73/><V122/><F31/><W121/><G30/><T56/><D56/><U5/><E103/><V16/><F34/><W14/><G100/><T116/><D116/><U20/><E94/><V71/><F71/><W128/><G58/><T10/><D10/><U108/><E92/><V118/><F118/><W63/><G128/><T26/><AGARI ba="0,0" hai="1,6,11,19,21,26,32,33" m="24579,43595" machi="26" ten="40,2100,0" yaku="15,1" doraHai="117,62" who="0" fromWho="0" sc="123,21,378,-7,282,-7,217,-7" /><INIT seed="4,1,0,0,0,67" ten="144,371,275,210" oya="0" hai0="41,96,32,71,64,79,36,133,63,23,123,9,118" hai1="124,26,0,18,58,56,44,3,77,106,97,119,111" hai2="103,43,10,135,38,5,19,30,34,68,65,109,92" hai3="116,52,40,33,21,54,61,75,7,16,42,59,13"/><T130/><D32/><U122/><E111/><V85/><F19/><W47/><G75/><T126/><D118/><U37/><E119/><V94/><F85/><W88/><G33/><T8/><D123/><U25/><E122/><V72/><F72/><W1/><G116/><T22/><D126/><U69/><E124/><V70/><F65/><W98/><G7/><T128/><D133/><U99/><E77/><V102/><F43/><N who="3" m="16427" /><G1/><T66/><D79/><U93/><E44/><V4/><F38/><W114/><G114/><T86/><D96/><U45/><E45/><V125/><F34/><W78/><G78/><T24/><D66/><U6/><E6/><V31/><F10/><W108/><G108/><T14/><D86/><U28/><E28/><V100/><F125/><W112/><G112/><T62/><D62/><U15/><E15/><V27/><F103/><W55/><G47/><N who="0" m="23975" /><D14/><U60/><E60/><V113/><F113/><W131/><G131/><N who="0" m="50219" /><D23/><U90/><E26/><V101/><F101/><W117/><G117/><T84/><D84/><U51/><E25/><V2/><F27/><W127/><G127/><T53/><D53/><U48/><E106/><V129/><F129/><W110/><G110/><T91/><D91/><U73/><E73/><V107/><F109/><W132/><G132/><T115/><D115/><U17/><E90/><V76/><F76/><W82/><G82/><T49/><D49/><U120/><E120/><V39/><F135/><W104/><G104/><T12/><D12/><U57/><E37/><V81/><F39/><W50/><G61/><T46/><D46/><RYUUKYOKU ba="1,0" sc="144,15,371,-15,275,-15,210,15" hai0="8,9,22,24,63,64,71" hai3="13,16,21,50,52,54,55,59,88,98" /><INIT seed="4,2,0,3,4,101" ten="159,356,260,225" oya="0" hai0="115,122,46,42,128,76,103,58,72,4,9,24,28" hai1="3,118,11,20,21,39,61,26,129,130,29,52,35" hai2="131,87,5,40,55,113,80,105,98,38,60,1,95" hai3="102,70,63,108,90,123,83,78,51,67,66,116,92"/><T64/><D122/><U91/><E39/><V33/><F33/><W44/><G108/><T99/><D115/><U120/><E120/><V97/><F113/><W107/><G67/><T85/><D128/><N who="1" m="49259" /><E118/><V22/><F131/><W96/><G123/><T65/><D72/><U71/><E91/><V23/><F38/><W69/><G70/><T16/><D76/><U73/><E73/><V50/><F40/><W54/><G116/><T53/><D85/><U134/><E134/><V18/><F60/><W88/><REACH who="3" step="1"/><G92/><REACH who="3" ten="159,356,260,215" step="2"/><N who="0" m="58855" /><D65/><U112/><E112/><V77/><F95/><W25/><G25/><T81/><D64/><U132/><E132/><V119/><F119/><W110/><G110/><T133/><D133/><U106/><E106/><V0/><F105/><W45/><G45/><T93/><D93/><U57/><E71/><V43/><F80/><W62/><G62/><T32/><D81/><U74/><E74/><AGARI ba="2,1" hai="44,51,54,63,66,69,74,78,83,88,90,96,102,107" machi="74" ten="30,7700,0" yaku="1,1,7,1,52,1,54,1,53,0" doraHai="101" doraHaiUra="126" who="3" fromWho="1" sc="159,0,356,-83,260,0,215,93" /><INIT seed="5,0,0,1,4,47" ten="159,273,260,308" oya="1" hai0="110,59,44,116,100,46,38,76,97,39,68,131,14" hai1="119,107,129,28,53,104,41,127,11,84,117,49,17" hai2="130,114,30,78,134,79,69,99,12,82,35,50,111" hai3="20,27,93,92,72,124,24,29,25,105,1,96,64"/><U2/><E127/><V0/><F69/><W42/><G72/><T81/><D110/><U126/><E126/><V23/><F0/><W16/><G1/><T18/><D68/><U26/><E129/><V120/><F35/><W125/><G105/><T73/><D131/><U94/><E41/><V63/><F130/><W57/><G42/><T58/><D116/><U70/><E70/><V103/><F63/><N who="3" m="37999" /><G125/><T101/><D46/><U32/><E104/><V67/><F67/><W121/><G121/><T83/><D83/><U95/><E107/><V86/><F114/><W8/><G92/><T4/><D4/><U19/><E95/><V15/><F134/><W135/><G135/><T74/><D74/><U87/><E2/><V62/><F62/><W21/><G8/><T6/><D6/><U37/><E37/><V65/><F65/><W45/><G45/><T40/><D39/><U61/><E61/><V113/><F113/><W91/><G124/><T128/><D128/><U51/><E53/><V108/><F79/><W98/><G96/><T123/><D123/><U33/><E94/><N who="2" m="58871" /><F120/><W88/><G91/><T13/><D101/><U133/><E133/><V89/><F89/><W22/><G29/><T52/><D100/><U55/><E11/><V80/><F80/><W85/><G98/><T90/><D97/><U5/><E55/><V118/><F118/><W75/><G75/><T34/><D38/><U56/><E5/><V112/><F112/><W77/><G77/><T109/><D76/><U106/><E106/><V31/><F111/><W7/><G7/><T54/><D109/><RYUUKYOKU ba="0,0" sc="159,-10,273,-10,260,-10,308,30" hai3="16,20,21,22,24,25,27,85,88,93" /><INIT seed="6,1,0,5,0,48" ten="149,263,250,338" oya="2" hai0="122,56,75,99,132,78,57,54,68,3,45,70,73" hai1="72,124,91,113,50,104,118,110,123,135,108,55,35" hai2="25,94,27,6,62,107,29,43,90,1,114,134,97" hai3="127,58,89,125,80,52,111,19,64,28,39,86,32"/><V53/><F114/><W109/><G64/><T8/><D122/><U37/><RYUUKYOKU type="yao9" ba="1,0" sc="149,0,263,0,250,0,338,0" hai1="35,37,50,55,72,91,104,108,110,113,118,123,124,135" /><INIT seed="6,2,0,4,4,54" ten="149,263,250,338" oya="2" hai0="65,2,45,127,131,120,11,43,116,38,114,51,134" hai1="129,69,75,42,83,93,117,108,106,6,3,86,53" hai2="123,50,35,67,16,115,49,109,124,95,36,20,82" hai3="30,128,0,125,133,105,48,31,24,58,99,22,18"/><V77/><F36/><W62/><G0/><T103/><D103/><U7/><E106/><V85/><F123/><W90/><G128/><T25/><D25/><U55/><E117/><V34/><F115/><W41/><G133/><T63/><D11/><U13/><E69/><V60/><F124/><W97/><G105/><T9/><D9/><U26/><E129/><V102/><F109/><W78/><G78/><T121/><D2/><U113/><E113/><V56/><F34/><W59/><G97/><T14/><D14/><U68/><E68/><V91/><F35/><W19/><G18/><T81/><D81/><U96/><E75/><V89/><F102/><W92/><G125/><T10/><D10/><U52/><E3/><V21/><F21/><W44/><G58/><N who="0" m="37111" /><D114/><U76/><E108/><V100/><F100/><W71/><G71/><T104/><D104/><U135/><E135/><V73/><REACH who="2" step="1"/><F91/><REACH who="2" ten="149,263,240,338" step="2"/><W119/><G119/><T84/><D127/><U126/><E126/><V40/><F40/><W107/><G107/><T66/><D116/><U39/><E42/><V29/><F29/><W110/><G110/><T8/><D121/><U98/><E39/><V33/><F33/><W122/><G122/><T80/><D120/><U70/><E26/><AGARI ba="2,1" hai="16,20,26,49,50,56,60,67,73,77,82,85,89,95" machi="26" ten="30,11600,0" yaku="1,1,7,1,52,1,54,1,53,0" doraHai="54" doraHaiUra="37" who="2" fromWho="1" sc="149,0,263,-122,240,132,338,0" /><INIT seed="6,3,0,2,4,57" ten="149,141,372,338" oya="2" hai0="9,51,115,78,40,99,121,84,102,16,97,60,44" hai1="111,116,43,77,59,76,96,13,49,123,53,106,6" hai2="21,101,2,125,74,45,82,4,72,48,24,67,7" hai3="113,5,114,91,38,56,47,61,36,22,119,62,28"/><V69/><F101/><W80/><G5/><T93/><D121/><U75/><E116/><V70/><F2/><W79/><G91/><T133/><D115/><N who="3" m="44041" /><G47/><T128/><D128/><U110/><E123/><V63/><F70/><W65/><G62/><T3/><D133/><U11/><E75/><V89/><F125/><W85/><G119/><T131/><D131/><U64/><E43/><V98/><F98/><W15/><G28/><T37/><D37/><U25/><E25/><V122/><F122/><W20/><G22/><T120/><D120/><U88/><E106/><V12/><F12/><W35/><G35/><T73/><D97/><U1/><E1/><V30/><F89/><W90/><G79/><T19/><D3/><U31/><E31/><V129/><F129/><W108/><G108/><T103/><D103/><U39/><E39/><V27/><F27/><W81/><G80/><N who="0" m="47127" /><D73/><U68/><E110/><V23/><F23/><W41/><G41/><T124/><D124/><U105/><E111/><V54/><REACH who="2" step="1"/><F74/><REACH who="2" ten="149,141,362,338" step="2"/><W33/><G33/><T29/><D102/><U46/><E68/><V42/><F42/><W50/><G20/><T127/><D127/><U126/><E126/><V86/><F86/><W26/><G26/><T109/><D109/><U0/><E0/><V107/><F107/><W92/><G15/><T18/><D99/><U52/><E105/><V112/><F112/><W17/><G90/><T58/><D40/><U66/><E77/><AGARI ba="3,1" hai="4,7,21,24,30,45,48,54,63,67,69,72,77,82" machi="77" ten="40,3900,0" yaku="1,1,52,1,53,0" doraHai="57" doraHaiUra="94" who="2" fromWho="1" sc="149,0,141,-48,362,58,338,0" /><INIT seed="6,4,0,4,1,12" ten="149,93,420,338" oya="2" hai0="128,31,97,133,62,90,106,42,98,129,130,75,20" hai1="70,94,34,124,28,101,40,19,32,63,35,49,71" hai2="2,119,113,74,11,100,72,33,86,38,18,58,92" hai3="15,66,51,88,43,1,102,59,14,127,69,53,8"/><V89/><F38/><W46/><G102/><T21/><D133/><U135/><E124/><V115/><F33/><W5/><G127/><T77/><D42/><U54/><E135/><V85/><F100/><W126/><G126/><T29/><D106/><U56/><E28/><N who="0" m="10825" /><D62/><U83/><E83/><V105/><F105/><W13/><G69/><T30/><D90/><U47/><E101/><V67/><F86/><W55/><G66/><T111/><D111/><U91/><REACH who="1" step="1"/><E19/><REACH who="1" ten="149,83,420,338" step="2"/><V99/><F18/><W27/><G5/><T26/><D20/><U6/><E6/><V108/><F108/><W112/><G8/><T9/><D9/><U120/><E120/><V24/><F11/><W61/><G112/><T82/><AGARI ba="4,1" hai="21,26,30,75,77,82,97,98,128,129,130" m="10825" machi="82" ten="40,1500,0" yaku="19,1" doraHai="12" who="0" fromWho="0" sc="149,37,83,-8,420,-11,338,-8" /><INIT seed="7,0,0,3,3,9" ten="186,75,409,330" oya="3" hai0="110,26,53,134,44,98,17,57,5,109,45,14,102" hai1="122,87,121,4,125,56,21,92,70,113,20,27,111" hai2="10,29,40,99,64,76,119,90,128,107,85,86,130" hai3="2,1,72,36,117,39,75,42,63,95,33,104,97"/><W43/><G95/><T100/><D134/><U105/><E70/><V129/><F119/><W6/><G63/><T18/><D5/><U116/><E105/><V69/><F29/><W19/><G19/><T80/><D80/><U123/><E56/><V112/><F112/><W23/><G23/><T114/><D26/><U61/><E61/><N who="2" m="40079" /><F40/><W48/><G48/><T38/><D53/><U32/><E92/><N who="2" m="56727" /><F107/><W133/><G6/><T59/><D45/><U35/><E87/><V34/><F34/><W101/><G133/><T49/><D49/><U51/><E51/><V83/><F10/><W15/><G15/><T22/><D44/><U50/><E50/><V37/><F37/><N who="3" m="14411" /><G33/><T68/><D38/><U131/><E116/><V77/><F77/><W132/><G132/><T47/><D47/><U94/><E94/><V54/><F54/><W0/><G117/><T93/><D93/><U89/><E89/><V46/><F46/><W31/><G31/><T81/><D68/><U62/><E62/><V124/><F124/><W91/><G91/><T79/><D79/><U8/><E125/><V66/><F66/><W7/><G7/><T135/><D135/><U84/><E84/><AGARI ba="0,0" hai="76,83,84,85,86,128,129,130" m="56727,40079" machi="84" ten="30,1000,0" yaku="19,1" doraHai="9" who="2" fromWho="1" sc="186,0,75,-10,409,10,330,0" owari="186,-21.0,65,-43.0,419,51.0,330,13.0" /></mjloggm>