<mjloggm ver="2.3"><GO type="169" lobby="0"/><UN n0="%6E%61%63%6F%6D%61%69%69" n1="%E3%83%88%E3%83%88%E3%83%AA%E5%85%88%E7%94%9F%31%39%E6%AD%B3" n2="%E3%81%84%E3%81%AA%E3%81%8B%EF%BC%99" n3="%4E%6E%31%33%34" dan="16,19,16,16" rate="2100.32,2273.28,2094.46,2142.41" sx="F,F,M,M"/><TAIKYOKU oya="0"/><INIT seed="0,0,0,1,3,26" ten="250,250,250,250" oya="0" hai0="76,23,47,30,86,2,58,102,85,125,104,93,113" hai1="34,129,9,44,52,78,4,20,115,45,84,16,100" hai2="19,89,83,131,32,46,49,96,75,105,74,51,7" hai3="90,53,122,13,73,38,11,39,99,79,127,24,55"/><T0/><D113/><U106/><E34/><V130/><F32/><W94/><G127/><T80/><D125/><U103/><E129/><N who="2" m="49163" /><F7/><W15/><G122/><T67/><D104/><U126/><E126/><V81/><F19/><W128/><G128/><T48/><D2/><U21/><E115/><V60/><F60/><W6/><G24/><N who="0" m="16671" /><D0/><U109/><E109/><V36/><F36/><W22/><G79/><T118/><D118/><U5/><E106/><V132/><F51/><W114/><G73/><N who="2" m="27657" /><F49/><W134/><G134/><T95/><D86/><U59/><E21/><V108/><F46/><N who="1" m="18025" /><E9/><V62/><F108/><W91/><G114/><T31/><D102/><N who="1" m="38955" /><E84/><V101/><F105/><W27/><G39/><T97/><D97/><U88/><E78/><V71/><F96/><W133/><G38/><T135/><D135/><U3/><E3/><V63/><F132/><W35/><G133/><T111/><D111/><U14/><E88/><V8/><F89/><W117/><G91/><T124/><D124/><U33/><E33/><V65/><F101/><W72/><G72/><T10/><D10/><U37/><E37/><V54/><F8/><N who="3" m="4247" /><G35/><T29/><D93/><U50/><AGARI ba="0,0" hai="4,5,14,16,20,50,52,59" m="38955,18025" machi="50" ten="30,4000,0" yaku="8,1,54,2" doraHai="26" who="1" fromWho="1" sc="250,-20,250,40,250,-10,250,-10" /><INIT seed="1,0,0,1,3,19" ten="230,290,240,240" oya="1" hai0="87,125,119,31,116,89,82,121,1,135,3,26,102" hai1="103,53,105,56,111,133,117,97,59,122,12,29,131" hai2="35,13,22,124,46,62,55,95,106,114,58,113,80" hai3="43,37,81,64,47,6,0,18,83,2,67,104,4"/><U73/><E117/><V108/><F106/><W77/><G104/><T39/><D39/><U52/><E122/><V71/><F35/><W76/><G18/><T130/><D121/><U33/><E73/><V78/><F108/><W60/><G60/><T129/><D135/><U5/><E133/><V23/><F124/><W92/><G92/><T16/><D102/><U25/><E131/><N who="0" m="50185" /><D125/><U91/><E111/><V94/><F13/><W69/><G69/><T36/><D36/><U65/><E91/><V70/><F70/><W88/><G37/><T50/><D50/><U34/><E34/><V20/><F46/><W85/><G47/><T45/><D31/><U57/><REACH who="1" step="1"/><E65/><REACH who="1" ten="230,280,240,240" step="2"/><V72/><REACH who="2" step="1"/><F71/><REACH who="2" ten="230,280,230,240" step="2"/><W110/><G110/><T44/><D119/><U75/><E75/><V40/><F40/><W24/><G43/><T51/><D116/><U99/><E99/><V28/><F28/><W109/><G109/><T115/><D115/><AGARI ba="0,2" hai="20,22,23,55,58,62,72,78,80,94,95,113,114,115" machi="115" ten="40,8000,1" yaku="1,1,11,1,52,3,53,0" doraHai="19" doraHaiUra="21" who="2" fromWho="0" sc="230,-80,280,0,230,100,240,0" /><INIT seed="2,0,0,3,4,4" ten="150,280,330,240" oya="2" hai0="100,14,88,15,75,132,79,8,103,112,117,51,131" hai1="25,63,92,94,39,116,130,68,22,122,96,24,76" hai2="72,18,50,62,45,133,26,83,126,12,118,97,60" hai3="71,36,1,114,6,13,34,42,40,19,52,120,82"/><V78/><F118/><W47/><G120/><T102/><D112/><U54/><E116/><V16/><F126/><W67/><G114/><T95/><D117/><U64/><E39/><V23/><F97/><W93/><G34/><T9/><D131/><U35/><E130/><V74/><F74/><W127/><G42/><T101/><D132/><U46/><E122/><V129/><F133/><W84/><G127/><T119/><D119/><U70/><E76/><V105/><F105/><W37/><G93/><T28/><D28/><U61/><E35/><V89/><F89/><W31/><G31/><T41/><D79/><U32/><E32/><V77/><F77/><W104/><G104/><T53/><D41/><U57/><E46/><V65/><F65/><W128/><G6/><T21/><D75/><U121/><E121/><V135/><F135/><W80/><G1/><T44/><D102/><U55/><E92/><V85/><F72/><W49/><G128/><T115/><D21/><U86/><E86/><V109/><F109/><W3/><G3/><T98/><D115/><U56/><E64/><V48/><F129/><W108/><G108/><T0/><D0/><U106/><E106/><V11/><F48/><W81/><G84/><T43/><D43/><AGARI ba="0,0" hai="11,12,16,18,23,26,43,45,50,60,62,78,83,85" machi="43" ten="30,11600,0" yaku="7,1,8,1,52,1,54,1" doraHai="4" who="2" fromWho="0" sc="150,-116,280,0,330,116,240,0" /><INIT seed="2,1,0,0,4,116" ten="34,280,446,240" oya="2" hai0="77,93,64,1,54,111,135,114,67,90,102,134,130" hai1="47,86,37,26,108,40,6,78,50,119,28,109,120" hai2="95,51,73,126,113,94,96,62,57,122,99,39,103" hai3="76,48,123,24,21,84,46,53,88,100,82,105,42"/><V117/><F39/><W115/><G115/><T110/><D1/><U55/><E119/><V118/><F113/><W12/><G123/><T74/><D114/><U97/><E6/><V101/><F73/><W131/><G131/><T71/><D71/><U85/><E97/><V61/><F126/><W66/><G66/><T60/><D54/><U20/><E120/><V38/><F38/><W36/><G12/><T79/><D60/><U63/><E63/><V33/><F33/><W98/><G76/><N who="0" m="29259" /><D102/><U89/><E78/><V106/><F122/><W3/><G3/><T58/><D58/><U92/><REACH who="1" step="1"/><E86/><REACH who="1" ten="34,270,446,240" step="2"/><V16/><F117/><W34/><G98/><T128/><D74/><U25/><E25/><V129/><F118/><W22/><G105/><T104/><D104/><U27/><E27/><V81/><F106/><W59/><REACH who="3" step="1"/><G100/><REACH who="3" ten="34,270,446,230" step="2"/><T19/><D19/><U13/><E13/><V4/><F16/><W35/><G35/><T29/><D29/><AGARI ba="1,2" hai="21,22,24,29,34,36,42,46,48,53,59,82,84,88" machi="29" ten="40,2600,0" yaku="1,1,54,1,53,0" doraHai="116" doraHaiUra="127" who="3" fromWho="0" sc="34,-29,270,0,446,0,230,49" /><INIT seed="3,0,0,2,5,69" ten="5,270,446,279" oya="3" hai0="26,102,98,118,31,80,76,84,92,100,47,7,53" hai1="48,63,126,113,111,135,115,65,57,101,105,110,58" hai2="21,33,129,96,18,28,54,30,13,77,112,36,121" hai3="71,134,116,49,85,83,87,75,37,46,6,27,38"/><W123/><G123/><T72/><D118/><U122/><E105/><V106/><F112/><N who="1" m="43081" /><E101/><V78/><F36/><N who="3" m="13931" /><G116/><T73/><D7/><U50/><E122/><V9/><F106/><W35/><G71/><T82/><D53/><N who="1" m="31927" /><E135/><V44/><F96/><W132/><G6/><T55/><D55/><N who="1" m="32103" /><E126/><V25/><F54/><N who="3" m="30007" /><G27/><T86/><D47/><U60/><E60/><V42/><F44/><W24/><G24/><T56/><D56/><AGARI ba="0,0" hai="56,63,65,110,111" m="32103,31927,43081" machi="56" ten="30,2000,0" yaku="34,2" doraHai="69" who="1" fromWho="0" sc="5,-20,270,20,446,0,279,0" owari="-15,-52.0,290,9.0,446,55.0,279,-12.0" /></mjloggm>