<mjloggm ver="2.3"><GO type="169" lobby="0"/><UN n0="%E5%B0%B1%E6%B4%BB%E7%94%9F%40%E5%B7%9D%E6%9D%91%E8%BB%8D%E5%9B%A3" n1="%E3%81%99%E3%81%BF%E3%82%84%E3%81%AB" n2="%E6%9A%97%E3%81%84%E7%AC%A6" n3="%6F%6B%61%65%72%69" dan="18,18,19,16" rate="2250.10,2199.72,2299.72,2121.58" sx="M,M,M,F"/><TAIKYOKU oya="0"/><INIT seed="0,0,0,0,1,42" ten="250,250,250,250" oya="0" hai0="130,123,47,55,61,79,135,45,83,12,24,121,9" hai1="78,128,43,69,76,80,11,94,50,59,133,96,86" hai2="10,44,65,15,75,112,106,29,99,27,28,105,5" hai3="54,82,129,30,13,125,57,41,85,62,110,100,0"/><T127/><D130/><U115/><E69/><V22/><F75/><W23/><G129/><T132/><D61/><U40/><E128/><V116/><F112/><W88/><G0/><T58/><D24/><U67/><E115/><V64/><F106/><W32/><G32/><T36/><D36/><U3/><E133/><N who="0" m="51273" /><D127/><U77/><E3/><V108/><F29/><W38/><G125/><T63/><D121/><U19/><E11/><V97/><F105/><W1/><G1/><T111/><D111/><U93/><E19/><V21/><F108/><W39/><G110/><T6/><D123/><U103/><E94/><V126/><F22/><W95/><G41/><T17/><D6/><U72/><E72/><AGARI ba="0,0" hai="9,12,17,45,47,55,58,63,72,79,83" m="51273" machi="72" ten="30,5800,0" yaku="20,1,52,2" doraHai="42" who="0" fromWho="1" sc="250,58,250,-58,250,0,250,0" /><INIT seed="0,1,0,3,5,102" ten="308,192,250,250" oya="0" hai0="23,97,103,115,64,120,106,119,40,49,47,51,42" hai1="93,132,30,8,90,75,96,21,72,73,56,38,33" hai2="68,52,107,54,67,123,108,34,70,99,48,20,13" hai3="121,117,88,27,122,16,6,82,11,74,18,50,83"/><T61/><D119/><U12/><E38/><V55/><F34/><W125/><G117/><T29/><D120/><N who="3" m="46185" /><G125/><T89/><D115/><U46/><E33/><V36/><F123/><W1/><G27/><T128/><D128/><U4/><E132/><V111/><F36/><W58/><G74/><T94/><D29/><U116/><E116/><V109/><F20/><W65/><G50/><T35/><D35/><U98/><E46/><V134/><F13/><W77/><G77/><T44/><D23/><U110/><E110/><V124/><F124/><W130/><G130/><T60/><REACH who="0" step="1"/><D64/><REACH who="0" ten="298,192,250,250" step="2"/><U59/><E30/><V28/><F28/><W101/><G65/><T63/><D63/><U53/><E21/><V76/><F67/><W79/><G11/><T105/><D105/><U85/><REACH who="1" step="1"/><E59/><REACH who="1" ten="298,182,250,250" step="2"/><V19/><F111/><W84/><G58/><T112/><D112/><U126/><E126/><V57/><F57/><W62/><G62/><AGARI ba="1,2" hai="4,8,12,53,56,62,72,73,75,85,90,93,96,98" machi="62" ten="40,1300,0" yaku="1,1,53,0" doraHai="102" doraHaiUra="31" who="1" fromWho="3" sc="298,0,182,36,250,0,250,-16" /><INIT seed="1,0,0,2,0,107" ten="298,218,250,234" oya="1" hai0="18,74,8,32,53,29,82,121,78,114,34,104,20" hai1="135,3,23,109,40,41,131,123,120,133,36,113,65" hai2="129,55,13,126,76,50,68,52,102,64,115,57,132" hai3="119,87,98,99,1,63,90,127,7,17,38,118,25"/><U11/><E65/><V66/><F102/><W110/><G38/><T42/><D114/><U73/><E113/><V92/><F115/><W21/><G110/><T88/><D104/><U14/><E36/><V122/><F122/><W81/><G127/><T124/><D42/><U19/><E41/><V84/><F126/><W58/><G7/><T91/><D124/><U95/><E95/><V22/><F68/><W59/><G1/><T103/><D103/><U51/><E51/><V47/><F132/><N who="1" m="50761" /><E40/><V70/><F70/><W106/><G59/><T26/><D121/><N who="1" m="46667" /><E73/><V30/><F76/><W111/><G111/><T44/><D44/><U2/><E109/><V86/><F86/><W117/><REACH who="3" step="1"/><G106/><REACH who="3" ten="298,218,250,224" step="2"/><T89/><D53/><AGARI ba="0,1" hai="17,21,25,53,58,63,81,87,90,98,99,117,118,119" machi="53" ten="40,8000,1" yaku="1,1,2,1,12,1,53,1" doraHai="107" doraHaiUra="12" who="3" fromWho="0" sc="298,-80,218,0,250,0,224,90" /><INIT seed="2,0,0,5,1,80" ten="218,218,250,314" oya="2" hai0="40,65,24,7,72,95,78,133,94,34,103,29,113" hai1="30,85,67,75,43,66,37,41,27,47,64,23,14" hai2="54,99,61,58,19,28,62,102,91,73,92,132,12" hai3="82,68,90,127,98,130,69,0,71,96,22,107,101"/><V128/><F73/><W25/><G0/><T124/><D113/><U60/><E75/><V8/><F132/><W32/><G130/><T59/><D133/><U123/><E123/><V18/><F128/><W93/><G127/><T48/><D124/><U16/><E43/><V106/><F28/><W49/><G49/><T63/><D7/><U88/><E60/><V3/><F3/><W119/><G119/><T79/><D72/><U10/><E67/><V135/><F135/><W129/><G129/><T112/><D112/><U45/><E47/><V26/><F62/><W33/><REACH who="3" step="1"/><G82/><AGARI ba="0,0" hai="10,14,16,23,27,30,37,41,45,64,66,82,85,88" machi="82" ten="30,7700,0" yaku="7,1,52,1,54,2" doraHai="80" who="1" fromWho="3" sc="218,0,218,77,250,0,314,-77" /><INIT seed="3,0,0,5,1,130" ten="218,295,250,237" oya="3" hai0="18,116,114,26,94,59,38,134,119,11,98,103,110" hai1="19,67,40,48,52,42,20,111,46,118,97,43,124" hai2="15,107,113,73,74,112,39,92,88,65,76,127,71" hai3="58,121,99,6,122,54,77,30,123,89,37,79,100"/><W104/><G37/><T31/><D38/><U17/><E111/><V2/><F2/><W23/><G6/><T9/><D110/><U33/><E33/><V7/><F39/><W69/><G69/><T96/><D114/><N who="2" m="44138" /><F65/><W108/><G108/><T12/><D134/><U10/><E124/><V24/><F24/><W101/><G101/><T21/><D11/><U68/><E118/><V93/><F71/><W35/><G89/><T84/><D84/><U80/><E67/><V50/><F50/><W70/><G70/><T44/><D44/><U41/><E68/><V13/><F13/><W0/><G0/><T28/><D28/><U135/><E135/><V82/><F15/><W32/><G23/><T55/><REACH who="0" step="1"/><D96/><REACH who="0" ten="208,295,250,237" step="2"/><U95/><E10/><V62/><F74/><W14/><G30/><T51/><AGARI ba="0,1" hai="9,12,18,21,26,31,51,55,59,94,98,103,116,119" machi="51" ten="20,5200,0" yaku="1,1,2,1,0,1,7,1,53,0" doraHai="130" doraHaiUra="129" who="0" fromWho="0" sc="208,62,295,-13,250,-13,237,-26" /><INIT seed="4,0,0,1,3,60" ten="270,282,237,211" oya="0" hai0="21,127,1,83,57,53,72,5,27,68,31,12,44" hai1="58,130,15,117,119,8,133,56,97,70,92,32,74" hai2="108,77,128,7,42,112,87,96,94,107,26,51,89" hai3="84,50,106,102,18,2,75,48,121,78,59,62,6"/><T105/><D68/><U47/><E32/><V38/><F38/><W79/><G75/><T17/><D105/><U28/><E74/><V88/><F108/><W37/><G37/><T98/><D127/><U131/><E28/><V82/><F112/><W115/><G115/><T4/><D1/><U100/><E70/><V129/><F26/><W19/><G121/><T85/><D72/><U54/><E47/><V36/><F36/><W24/><G2/><T135/><D44/><U114/><E133/><V0/><F51/><W14/><G6/><T3/><D3/><U11/><E58/><V66/><F42/><W99/><G24/><T45/><D98/><U9/><E15/><V49/><F49/><W35/><G35/><T34/><D45/><U111/><E111/><V113/><F7/><W39/><G39/><T23/><D34/><U122/><E122/><V43/><F43/><W125/><G125/><T90/><REACH who="0" step="1"/><D135/><REACH who="0" ten="260,282,237,211" step="2"/><U55/><E114/><V46/><F46/><W95/><G106/><T93/><D93/><U61/><E117/><V76/><F0/><W52/><G84/><T101/><D101/><U81/><E119/><V71/><F107/><W118/><G118/><T20/><D20/><U123/><E123/><V13/><F113/><W16/><G14/><T67/><D67/><N who="1" m="39335" /><E81/><V132/><F132/><W73/><G73/><T22/><D22/><U40/><E40/><V91/><F71/><W63/><G102/><T126/><D126/><U29/><E100/><V10/><F82/><W134/><G134/><T116/><D116/><U110/><E110/><V80/><F80/><RYUUKYOKU ba="0,1" sc="260,30,282,-10,237,-10,211,-10" hai0="4,5,12,17,21,23,27,31,53,57,83,85,90" /><INIT seed="4,1,1,2,1,75" ten="290,272,227,201" oya="0" hai0="91,98,57,44,104,129,113,13,18,122,74,56,42" hai1="111,83,28,16,40,131,73,61,101,70,48,4,81" hai2="25,87,97,17,6,126,46,84,77,52,95,21,9" hai3="53,79,8,72,102,121,31,105,86,50,1,123,27"/><T119/><D113/><U92/><E111/><V55/><F126/><W64/><G72/><T90/><D119/><U100/><E4/><V134/><F134/><W24/><G64/><T2/><D2/><U3/><E3/><V33/><F33/><W62/><G62/><T80/><D122/><N who="3" m="46601" /><G105/><T94/><D104/><U135/><E28/><V69/><F69/><W112/><G112/><T51/><D129/><U106/><E106/><V103/><F87/><W14/><G102/><T118/><D118/><U89/><E131/><V63/><F46/><N who="3" m="27863" /><G1/><T85/><REACH who="0" step="1"/><D74/><REACH who="0" ten="280,272,227,201" step="2"/><U127/><E73/><V26/><F63/><W49/><G86/><T108/><D108/><U0/><E61/><V10/><F84/><W109/><G109/><T117/><D117/><U20/><E0/><V54/><F97/><W67/><G49/><T71/><D71/><U19/><E48/><V22/><F6/><W124/><G124/><T130/><D130/><U5/><E5/><V45/><F45/><W133/><G133/><T60/><D60/><U76/><E70/><V115/><F115/><W88/><G67/><T30/><D30/><U47/><E127/><V41/><F17/><W128/><G31/><T68/><D68/><U38/><E135/><V59/><F59/><W116/><G116/><T93/><D93/><U39/><E92/><V114/><F95/><W58/><G128/><T99/><D99/><U37/><E19/><V65/><F65/><W96/><G96/><T82/><D82/><U11/><E83/><V107/><F107/><W12/><G58/><T120/><D120/><U34/><E47/><RYUUKYOKU ba="1,2" sc="280,30,272,-10,227,-10,201,-10" hai0="13,18,42,44,51,56,57,80,85,90,91,94,98" /><INIT seed="4,2,2,2,5,101" ten="310,262,217,191" oya="0" hai0="61,91,13,121,76,111,62,26,54,125,85,82,65" hai1="33,41,120,96,51,17,67,37,48,118,94,86,3" hai2="71,100,20,12,40,30,70,9,58,1,133,77,126" hai3="52,75,89,14,6,92,99,8,90,43,68,7,115"/><T11/><D121/><U128/><E120/><V2/><F77/><W131/><G115/><T27/><D125/><U134/><E33/><V122/><F40/><W87/><G75/><T113/><D113/><U66/><E3/><V109/><F71/><W53/><G68/><T117/><D117/><U81/><E37/><V106/><F70/><W60/><G131/><T98/><D54/><U38/><E38/><V57/><F57/><W108/><G108/><T15/><D15/><U10/><E134/><V124/><F58/><W21/><G60/><N who="0" m="23147" /><D65/><U19/><E118/><V105/><F100/><W102/><G43/><T56/><D56/><U5/><E128/><V74/><F74/><W78/><G78/><T130/><D130/><U72/><E72/><V93/><F122/><W49/><G21/><T114/><D114/><U127/><E127/><N who="2" m="48683" /><F109/><W69/><G69/><T107/><D107/><N who="2" m="40970" /><F133/><W73/><G73/><T104/><D104/><U22/><E41/><V135/><F135/><W119/><G119/><T132/><D132/><U45/><E45/><V83/><F83/><W4/><G102/><T103/><D103/><U116/><E116/><V36/><F93/><N who="3" m="54463" /><G53/><T50/><D111/><U46/><E67/><V84/><F36/><W110/><G110/><T79/><D79/><U0/><E66/><V32/><F32/><W29/><G92/><N who="0" m="56607" /><D50/><U25/><E51/><V59/><F59/><W64/><G49/><T123/><D123/><U35/><E35/><V55/><F55/><W31/><G52/><T112/><D112/><U34/><E34/><V44/><F1/><W63/><G64/><RYUUKYOKU ba="2,2" sc="310,30,262,-10,217,-10,191,-10" hai0="11,13,26,27,76,82,85" /><INIT seed="4,3,2,1,0,105" ten="340,252,207,181" oya="0" hai0="75,135,98,1,126,71,9,25,83,74,108,47,18" hai1="45,76,125,85,121,119,33,84,100,6,103,23,57" hai2="109,20,29,60,78,94,24,13,52,92,82,93,68" hai3="2,118,130,124,38,120,113,34,22,104,28,15,0"/><T31/><D71/><U96/><E33/><V27/><F68/><W99/><RYUUKYOKU type="yao9" ba="3,2" sc="340,0,252,0,207,0,181,0" hai3="0,2,15,22,28,34,38,99,104,113,118,120,124,130" /><INIT seed="4,4,2,1,3,125" ten="340,252,207,181" oya="0" hai0="13,35,59,5,124,38,119,56,106,27,98,57,114" hai1="101,18,111,21,14,65,55,96,128,122,113,68,103" hai2="100,64,74,73,76,87,90,4,42,7,6,102,53" hai3="89,0,127,115,86,83,17,30,104,63,112,116,108"/><T84/><D38/><U3/><E3/><V79/><F64/><W41/><G116/><T93/><D119/><U131/><E122/><V49/><F74/><W118/><G118/><T81/><D106/><U60/><E111/><V28/><F73/><W78/><G104/><T19/><D124/><U12/><E113/><N who="3" m="43594" /><G108/><T29/><D5/><U95/><E103/><N who="2" m="39467" /><F42/><W94/><G30/><T67/><D67/><U70/><E68/><V25/><F28/><W82/><G127/><T31/><D114/><U11/><REACH who="1" step="1"/><E55/><REACH who="1" ten="340,242,207,181" step="2"/><V88/><F25/><W126/><G126/><T80/><D27/><U75/><E75/><V97/><F97/><W26/><G0/><T99/><D99/><U37/><E37/><V85/><F85/><W69/><G86/><T36/><D36/><U23/><E23/><V47/><F87/><W117/><G69/><T33/><D33/><U121/><E121/><V43/><F53/><W62/><G117/><T44/><D35/><U107/><E107/><V22/><F22/><W45/><G41/><T133/><D84/><U34/><E34/><V105/><F105/><W77/><G26/><T1/><D1/><U61/><E61/><V109/><F109/><W10/><G63/><T16/><D81/><U132/><E132/><V54/><F54/><W50/><G62/><T9/><D80/><U92/><E92/><V135/><F135/><W72/><G83/><T129/><D133/><U58/><E58/><V120/><F120/><W66/><G82/><T20/><D93/><U71/><E71/><V91/><AGARI ba="4,3" hai="4,6,7,43,47,49,76,79,88,90,91" m="39467" machi="91" ten="40,2700,0" yaku="8,1,54,1" doraHai="125" who="2" fromWho="2" sc="340,-17,242,-11,207,69,181,-11" /><INIT seed="5,0,0,5,2,18" ten="323,231,276,170" oya="1" hai0="24,133,61,52,73,113,4,16,55,101,118,13,70" hai1="26,50,98,91,65,115,69,126,72,38,49,123,36" hai2="42,64,21,119,12,48,66,84,114,77,129,22,108" hai3="135,76,59,0,56,58,94,51,30,43,71,132,54"/><U80/><E123/><V28/><F108/><W100/><G0/><T130/><D73/><U32/><E69/><V17/><F119/><W109/><G71/><T99/><D118/><U96/><E65/><N who="2" m="25195" /><F129/><W112/><G76/><T127/><D113/><U131/><E115/><V107/><F107/><W75/><G75/><T81/><D70/><U93/><E126/><V14/><F28/><W110/><G30/><T1/><D61/><U44/><E50/><V7/><F7/><W46/><G94/><T29/><D133/><N who="3" m="51273" /><G100/><T67/><D67/><U47/><E47/><N who="2" m="25719" /><F114/><W89/><G89/><T78/><D4/><U68/><E68/><V34/><F34/><W37/><G112/><T6/><D6/><U134/><E134/><V97/><F97/><W103/><G103/><T63/><D1/><U39/><E98/><V3/><F3/><W9/><G9/><T85/><D99/><U53/><E131/><V128/><F128/><W105/><G105/><T25/><D101/><U116/><E116/><V79/><F84/><W20/><G20/><N who="2" m="7785" /><F17/><W95/><G95/><T104/><D104/><U121/><E72/><V35/><F35/><W5/><G5/><T15/><D29/><U33/><E33/><V62/><F62/><W124/><G124/><T87/><D63/><U122/><E80/><V40/><F40/><W27/><G27/><T106/><D106/><U102/><E102/><V41/><F41/><W57/><AGARI ba="0,0" hai="37,43,46,51,54,56,57,58,59,109,110" m="51273" machi="57" ten="30,4000,0" yaku="20,1,34,2" doraHai="18" who="3" fromWho="3" sc="323,-10,231,-20,276,-10,170,40" /><INIT seed="6,0,0,1,2,111" ten="313,211,266,210" oya="2" hai0="89,104,132,12,72,32,19,119,55,13,79,9,21" hai1="97,130,124,64,25,93,3,15,107,100,134,109,126" hai2="43,52,91,51,36,22,62,7,92,17,120,115,58" hai3="131,98,127,90,102,44,33,11,57,18,66,60,114"/><V47/><F7/><W85/><G127/><N who="1" m="48682" /><E3/><V117/><F120/><W46/><G131/><T28/><D104/><U75/><E64/><V69/><F117/><W56/><G33/><T63/><D32/><U76/><E25/><V2/><F2/><W112/><G56/><N who="0" m="35231" /><D72/><U110/><E15/><V10/><F10/><W96/><G18/><T108/><D79/><U133/><E130/><V42/><F42/><W37/><G11/><T80/><D108/><N who="1" m="41579" /><E93/><V106/><F106/><N who="3" m="63815" /><G98/><T40/><D40/><U50/><E50/><V23/><F23/><W88/><G37/><T65/><D119/><U87/><E87/><N who="2" m="52351" /><F69/><W59/><G59/><T16/><D65/><U27/><E27/><V86/><F86/><W0/><G0/><T118/><D118/><U20/><E20/><V49/><F49/><W38/><G38/><T74/><D74/><U35/><E35/><V78/><F62/><W95/><G90/><T14/><D21/><U67/><E67/><V99/><F36/><W77/><G77/><T8/><D14/><U68/><E68/><V94/><F78/><W135/><G135/><T116/><D132/><U4/><E4/><V61/><F22/><W84/><G84/><N who="0" m="50311" /><D116/><U83/><AGARI ba="0,0" hai="75,76,83,97,100,107,133,134" m="41579,48682" machi="83" ten="40,8000,1" yaku="18,1,23,1,34,2" doraHai="111" who="1" fromWho="1" sc="313,-20,211,80,266,-40,210,-20" /><INIT seed="7,0,0,1,4,17" ten="293,291,226,190" oya="3" hai0="130,70,116,110,6,21,126,78,37,74,54,71,36" hai1="127,79,133,1,131,5,4,7,115,31,29,111,58" hai2="93,55,33,106,99,85,14,86,134,112,38,83,26" hai3="15,90,34,88,100,8,16,84,50,61,43,62,64"/><W82/><G34/><T35/><D110/><U56/><E1/><V47/><F106/><W114/><G114/><T53/><D35/><U67/><E111/><V9/><F38/><W10/><G100/><T59/><D6/><U32/><E32/><V121/><F86/><N who="3" m="50263" /><G10/><T30/><D116/><U19/><E115/><V44/><F112/><W69/><G69/><T105/><D105/><U52/><E79/><V12/><F134/><W40/><G64/><T132/><D132/><U81/><E81/><V57/><F121/><W72/><G72/><T92/><D130/><U117/><E131/><V20/><F33/><W120/><G120/><T113/><D126/><U2/><E127/><V63/><F85/><W76/><G76/><T124/><D124/><U27/><E2/><V102/><F83/><N who="3" m="49439" /><G50/><T122/><D78/><U65/><E67/><V87/><F87/><W25/><G25/><T119/><D74/><U39/><E39/><V66/><F66/><W103/><G103/><T75/><D75/><U68/><E68/><V135/><F135/><W108/><G108/><T94/><D113/><U104/><E104/><V51/><F51/><W49/><G49/><T11/><D122/><U28/><E117/><V3/><F3/><W101/><G101/><T60/><D119/><U95/><E133/><V128/><F128/><W77/><G77/><T73/><D73/><U41/><E65/><V118/><F118/><W97/><G97/><T18/><D37/><U46/><E27/><V91/><F102/><W129/><G129/><T13/><D36/><U109/><E109/><V89/><F26/><RYUUKYOKU ba="0,0" sc="293,-10,291,-10,226,-10,190,30" hai3="8,15,16,40,43,61,62" /><INIT seed="7,1,0,2,0,76" ten="283,281,216,220" oya="3" hai0="77,80,92,119,8,113,84,40,47,89,101,121,1" hai1="64,128,127,87,73,28,44,106,129,6,135,10,97" hai2="46,105,17,61,25,88,14,110,123,27,43,100,69" hai3="53,41,130,93,51,116,72,83,58,37,99,95,104"/><W23/><G116/><T22/><D119/><U96/><E73/><V18/><F110/><W0/><G0/><T78/><D121/><U24/><E106/><V132/><F105/><W91/><G130/><N who="1" m="50282" /><E64/><V50/><F100/><W45/><G23/><T49/><D113/><U79/><E44/><V122/><F69/><W66/><G66/><T39/><D39/><U94/><E127/><V103/><F61/><W111/><G111/><T38/><D38/><U11/><E11/><N who="2" m="6367" /><F103/><W102/><REACH who="3" step="1"/><G91/><REACH who="3" ten="283,281,216,210" step="2"/><T4/><D22/><U125/><E125/><V29/><F132/><W124/><G124/><T16/><D1/><U55/><E135/><V131/><F131/><W32/><G32/><T74/><D89/><U86/><E10/><V112/><F112/><W48/><G48/><T3/><D49/><U57/><E79/><AGARI ba="1,1" hai="37,41,45,51,53,58,72,79,83,93,95,99,102,104" machi="79" ten="40,3900,0" yaku="1,1,52,1,53,0" doraHai="76" doraHaiUra="2" who="3" fromWho="1" sc="283,0,281,-42,216,0,210,52" /><INIT seed="7,2,0,0,3,119" ten="283,239,216,262" oya="3" hai0="108,130,96,91,5,83,90,32,67,131,48,55,52" hai1="78,113,25,56,17,7,10,89,20,59,51,58,3" hai2="1,94,95,50,47,123,117,115,127,42,23,6,61" hai3="106,112,74,4,93,75,81,39,15,124,98,84,86"/><W85/><G39/><T76/><D108/><U35/><E113/><V132/><F117/><W121/><G121/><T92/><D32/><U68/><E68/><V129/><F115/><W14/><G112/><T114/><D114/><U24/><E78/><V134/><F6/><W12/><G106/><T44/><D67/><U72/><E72/><V110/><F1/><W133/><G133/><N who="2" m="51305" /><F110/><W41/><G41/><N who="0" m="24591" /><D91/><U99/><E35/><V97/><F61/><W13/><G124/><T49/><D49/><U126/><E126/><V107/><F127/><W118/><G118/><T16/><D16/><U104/><E25/><V73/><F73/><W122/><G122/><T77/><D5/><U8/><E104/><V102/><F123/><W31/><G75/><N who="0" m="43423" /><D77/><U38/><E38/><V28/><F129/><AGARI ba="2,0" hai="52,55,90,92,96,129,130,131" m="43423,24591" machi="129" ten="30,2000,0" yaku="19,1,54,1" doraHai="119" who="0" fromWho="2" sc="283,26,239,0,216,-26,262,0" owari="309,41.0,239,-16.0,190,-31.0,262,6.0" /></mjloggm>