<mjloggm ver="2.3"><GO type="169" lobby="0"/><UN n0="%E3%83%AD%E3%83%83%E3%83%86%E9%9B%80%E7%90%83" n1="%E3%82%A6%E3%83%AB%E3%83%88%E3%83%A9%E7%AB%8B%E7%9B%B4" n2="%68%6F%73%69%67%61%6D%69" n3="%7A%68%6B%64%73%68%67%79" dan="18,17,17,17" rate="2184.67,2147.63,2210.57,2160.43" sx="M,M,M,F"/><TAIKYOKU oya="0"/><INIT seed="0,0,0,0,1,11" ten="250,250,250,250" oya="0" hai0="108,37,106,57,118,75,133,81,48,54,135,100,2" hai1="88,30,72,86,104,35,90,67,61,71,122,3,123" hai2="17,84,50,22,8,83,41,113,63,103,4,60,51" hai3="5,131,130,6,40,26,56,99,29,79,32,98,89"/><T20/><D2/><U13/><E72/><V59/><F113/><W49/><G79/><T15/><D37/><U94/><E3/><V39/><F39/><W85/><G40/><T19/><D118/><U47/><E104/><V114/><F114/><W38/><G38/><T65/><D65/><U77/><E77/><V55/><F103/><W16/><G49/><T119/><D119/><U24/><E47/><V121/><F121/><W80/><G56/><T27/><D108/><U34/><E34/><V112/><F112/><W117/><G117/><T0/><D0/><U21/><REACH who="1" step="1"/><E90/><REACH who="1" ten="250,240,250,250" step="2"/><V58/><F41/><W7/><G130/><T52/><D106/><U120/><E120/><V134/><F134/><W124/><G131/><T105/><D105/><U23/><E23/><V44/><F44/><W128/><G128/><T96/><D135/><U12/><E12/><V126/><F22/><N who="3" m="15575" /><G124/><T62/><D133/><U91/><E91/><V18/><F126/><W53/><G32/><T92/><D75/><U45/><E45/><V107/><F107/><W109/><G109/><T42/><D42/><U73/><E73/><V76/><F76/><W102/><G102/><T116/><D116/><U115/><E115/><V129/><F129/><W74/><G74/><T87/><D15/><U69/><E69/><V10/><F10/><W31/><G89/><T70/><D70/><U46/><E46/><V82/><F8/><W1/><G1/><T43/><D43/><U28/><E28/><V33/><F33/><W132/><G31/><T66/><D48/><U9/><E9/><V36/><F36/><RYUUKYOKU ba="0,1" sc="250,15,240,15,250,-15,250,-15" hai0="19,20,27,52,54,57,62,66,81,87,92,96,100" hai1="13,21,24,30,35,61,67,71,86,88,94,122,123" /><INIT seed="0,1,1,2,3,27" ten="265,255,235,235" oya="0" hai0="47,78,40,111,101,36,53,100,57,134,108,103,96" hai1="129,84,33,119,58,106,52,24,112,19,0,17,66" hai2="95,44,1,123,46,115,125,114,94,110,104,70,81" hai3="49,32,74,9,16,56,130,105,121,7,21,128,124"/><T72/><D134/><U6/><E119/><V135/><F123/><W67/><G74/><T85/><D72/><U12/><E106/><V42/><F104/><W92/><G105/><T37/><D37/><U120/><E120/><V41/><F1/><W43/><G121/><T3/><D3/><U113/><E66/><V59/><F70/><W45/><G32/><T127/><D127/><U48/><E129/><V34/><F34/><W75/><G75/><T116/><D116/><U38/><E38/><V31/><F81/><W77/><G77/><T11/><D11/><U73/><E73/><V13/><F13/><N who="3" m="5311" /><G124/><T5/><D5/><U61/><E0/><V91/><F125/><W55/><G92/><N who="0" m="58375" /><D85/><U98/><E98/><V99/><F99/><W69/><G69/><T54/><D78/><U39/><E39/><V89/><F59/><W15/><G128/><T35/><D35/><U87/><E113/><V122/><F122/><W80/><G130/><T83/><D83/><U102/><E112/><V64/><F64/><W62/><G80/><T23/><D23/><N who="1" m="13423" /><E6/><V71/><F71/><W68/><G68/><T117/><D117/><U90/><E33/><V82/><F82/><W14/><G14/><T97/><D97/><U60/><E87/><V109/><REACH who="2" step="1"/><F135/><REACH who="2" ten="265,255,225,235" step="2"/><W107/><G107/><T65/><D103/><U25/><E102/><V50/><F50/><W2/><G2/><T76/><D101/><U4/><E12/><V132/><F132/><W126/><G126/><T22/><D76/><U51/><E51/><V18/><F18/><W10/><G67/><T133/><D65/><RYUUKYOKU ba="1,2" sc="265,-15,255,-15,225,15,235,15" hai2="31,41,42,44,46,89,91,94,95,109,110,114,115" hai3="10,15,16,21,43,45,49,55,56,62" /><INIT seed="1,2,2,5,0,86" ten="250,240,240,250" oya="1" hai0="131,90,116,52,129,75,72,70,89,112,50,134,57" hai1="35,13,99,101,110,16,120,51,34,119,66,44,107" hai2="125,62,68,58,25,77,93,135,103,124,78,84,8" hai3="55,0,65,117,24,61,47,123,5,118,19,46,7"/><U31/><E120/><V96/><F68/><N who="3" m="42031" /><G123/><T76/><D116/><N who="3" m="44649" /><G55/><T127/><D112/><U37/><E119/><V32/><F135/><W17/><G17/><T79/><D134/><U94/><E37/><V82/><F8/><N who="3" m="2087" /><G7/><T14/><D70/><U98/><E110/><V27/><F77/><N who="0" m="29770" /><D14/><U10/><E66/><V105/><F105/><W21/><AGARI ba="2,2" hai="19,21,24,46,47" m="2087,44649,42031" machi="21" ten="30,1100,0" yaku="12,1" doraHai="86" who="3" fromWho="3" sc="250,-5,240,-7,240,-5,250,37" /><INIT seed="2,0,0,0,1,10" ten="245,233,235,287" oya="2" hai0="99,1,128,73,29,14,111,74,122,75,115,20,40" hai1="6,101,116,121,16,110,134,11,44,71,92,4,7" hai2="66,53,126,90,94,89,86,135,72,130,113,105,59" hai3="22,118,112,108,5,124,39,106,28,2,17,76,131"/><V104/><F113/><W9/><G106/><T97/><D1/><U82/><E71/><V56/><F72/><W119/><G39/><T100/><D115/><U84/><E116/><N who="3" m="44586" /><G76/><T34/><D111/><U54/><E110/><V26/><F135/><W102/><G102/><T25/><D128/><U52/><E134/><V117/><F117/><W65/><G65/><T63/><D122/><U38/><E121/><V67/><F130/><W68/><G68/><T103/><D40/><U49/><E38/><V60/><F126/><W80/><G80/><T62/><D100/><U33/><E33/><V123/><F123/><W114/><G108/><T45/><D45/><U35/><E35/><V21/><F90/><W91/><G131/><T13/><D34/><U78/><E92/><V47/><F47/><W24/><G91/><T57/><D99/><U50/><E101/><V88/><F89/><W51/><G51/><N who="1" m="19466" /><E44/><V58/><F67/><W133/><G133/><T120/><D120/><U18/><E18/><V30/><REACH who="2" step="1"/><F59/><REACH who="2" ten="245,233,225,287" step="2"/><W61/><G124/><T98/><D57/><U55/><E55/><V48/><AGARI ba="0,1" hai="21,26,30,48,53,56,58,60,66,86,88,94,104,105" machi="48" ten="20,18000,2" yaku="1,1,2,1,0,1,7,1,54,1,53,1" doraHai="10" doraHaiUra="81" who="2" fromWho="2" sc="245,-60,233,-60,225,190,287,-60" /><INIT seed="2,1,0,5,2,2" ten="185,173,415,227" oya="2" hai0="21,55,43,70,84,123,9,77,122,79,131,12,4" hai1="109,80,102,76,58,113,11,67,0,54,135,82,100" hai2="124,15,127,48,6,134,47,66,32,31,129,26,23" hai3="96,41,53,94,115,103,35,95,98,61,72,62,13"/><V64/><F129/><W27/><G72/><T112/><D112/><U125/><E113/><V42/><F134/><W33/><G115/><T90/><D131/><U10/><E135/><V71/><F23/><W44/><G13/><T60/><D43/><U74/><E125/><N who="2" m="48203" /><F71/><W25/><G35/><T19/><D123/><U24/><E109/><V104/><F104/><W7/><G7/><T50/><D60/><U111/><E111/><V16/><F16/><W121/><G121/><T75/><D75/><U88/><E67/><V81/><F81/><W69/><G69/><T126/><D70/><U89/><E24/><V59/><F59/><N who="3" m="35055" /><G62/><T107/><D107/><U83/><E82/><V128/><F128/><W133/><G33/><T52/><D122/><U38/><E83/><V37/><F37/><W92/><G133/><T117/><D117/><U56/><E80/><V93/><F93/><N who="3" m="35947" /><G98/><T49/><D126/><U22/><E38/><V110/><F110/><W106/><G106/><T51/><D90/><U5/><E88/><V99/><F99/><W46/><G27/><N who="0" m="14783" /><D84/><U1/><E89/><V36/><F36/><W73/><G73/><T91/><D91/><U45/><E74/><V120/><F120/><W34/><G34/><T116/><D116/><U68/><E68/><V114/><F114/><W108/><G108/><T132/><D132/><U14/><E76/><AGARI ba="1,0" hai="4,9,12,49,50,51,52,55,76,77,79" m="14783" machi="76" ten="30,3900,0" yaku="8,1,52,1,54,1" doraHai="2" who="0" fromWho="1" sc="185,42,173,-42,415,0,227,0" /><INIT seed="3,0,0,2,1,120" ten="227,131,415,227" oya="3" hai0="18,33,61,127,109,17,32,13,102,78,56,73,97" hai1="98,94,24,125,54,96,68,128,0,42,44,107,113" hai2="28,50,51,25,57,19,92,122,84,81,83,77,91" hai3="1,6,99,121,110,59,48,11,95,60,115,62,89"/><W67/><G121/><T134/><D134/><U36/><E113/><V23/><F122/><W129/><G115/><T132/><D127/><U87/><E125/><V35/><F57/><W46/><G129/><T20/><D132/><U75/><E75/><V76/><F83/><W21/><G110/><T39/><D109/><U52/><E0/><V112/><F112/><W4/><G6/><T64/><D39/><U8/><E68/><V16/><F76/><W14/><G60/><T2/><D2/><U55/><E128/><V119/><F119/><W85/><G21/><T123/><D123/><U101/><E87/><V103/><F103/><W130/><G130/><T12/><D78/><U80/><E80/><V100/><F100/><W133/><G133/><T41/><D41/><U86/><E86/><V7/><F7/><W70/><G70/><T45/><D45/><U126/><E126/><V10/><F10/><W104/><G104/><T47/><D47/><U135/><E135/><V118/><F118/><W72/><G72/><T117/><D117/><U88/><E8/><V49/><REACH who="2" step="1"/><F35/><REACH who="2" ten="227,131,405,227" step="2"/><W82/><G1/><T124/><D124/><U34/><E34/><V9/><F9/><W40/><G82/><T90/><D33/><U65/><E65/><V71/><F71/><W106/><REACH who="3" step="1"/><G106/><REACH who="3" ten="227,131,405,217" step="2"/><T131/><D32/><U114/><E114/><V5/><F5/><W63/><G63/><T26/><D61/><U108/><E108/><V37/><F37/><W38/><G38/><T105/><D105/><U79/><E79/><V111/><F111/><W15/><G15/><T22/><D12/><RYUUKYOKU ba="0,2" sc="227,-30,131,10,405,10,217,10" hai1="24,36,42,44,52,54,55,88,94,96,98,101,107" hai2="16,19,23,25,28,49,50,51,77,81,84,91,92" hai3="4,11,14,40,46,48,59,62,67,85,89,95,99" /><INIT seed="3,1,2,3,1,5" ten="197,141,415,227" oya="3" hai0="67,51,3,82,129,74,75,96,69,21,101,34,57" hai1="112,94,98,30,60,90,4,41,27,80,85,16,126" hai2="110,104,29,113,19,26,11,62,76,120,40,78,32" hai3="15,63,2,6,132,25,93,115,124,134,73,117,18"/><W128/><G73/><T107/><D34/><U92/><E112/><V17/><F113/><W35/><G115/><T56/><D3/><U31/><E126/><V54/><F104/><W66/><G117/><T10/><D129/><U47/><E4/><V109/><F40/><W87/><G128/><T28/><D69/><U77/><E60/><V50/><F62/><W36/><G36/><T37/><D37/><U116/><E116/><V79/><F120/><W105/><G105/><T106/><D106/><U13/><E27/><V118/><F118/><W59/><G124/><T43/><D67/><U121/><E121/><V14/><REACH who="2" step="1"/><F19/><REACH who="2" ten="197,141,405,227" step="2"/><W64/><G66/><T133/><D43/><U130/><E130/><V45/><AGARI ba="1,3" hai="11,14,17,26,29,32,45,50,54,76,78,79,109,110" machi="45" ten="30,8000,1" yaku="1,1,2,1,0,1,52,1,53,1" doraHai="5" doraHaiUra="12" who="2" fromWho="2" sc="197,-21,141,-21,405,113,227,-41" /><INIT seed="4,0,0,3,4,135" ten="176,120,518,186" oya="0" hai0="74,98,76,114,55,106,122,57,42,105,101,87,0" hai1="5,26,118,52,47,19,128,102,4,112,39,68,33" hai2="82,51,11,58,100,59,79,73,77,90,75,116,93" hai3="72,117,119,66,120,24,130,50,109,91,110,35,63"/><T8/><D122/><U56/><E118/><V40/><F116/><W69/><G91/><T12/><D0/><U7/><E68/><V95/><F40/><W9/><G9/><T53/><D74/><U25/><E128/><V115/><F115/><W43/><G72/><T13/><D114/><U104/><E112/><V127/><F11/><W46/><G35/><T10/><D42/><U15/><E39/><V61/><F51/><W31/><G120/><T45/><D45/><U92/><E104/><V67/><F61/><W96/><G96/><T125/><D106/><U81/><E47/><V32/><F67/><W121/><G121/><T94/><D125/><U34/><E81/><N who="2" m="45231" /><F58/><W78/><G78/><T23/><D105/><U30/><E92/><V18/><F59/><W36/><G24/><T3/><D3/><U44/><E102/><V41/><F18/><W129/><G31/><T131/><D131/><N who="3" m="50185" /><G50/><T70/><D23/><U80/><E80/><V103/><F32/><W64/><G64/><T107/><D8/><U83/><E83/><V65/><F65/><W123/><G123/><T62/><D10/><U27/><E30/><V2/><F2/><W49/><G49/><T85/><D107/><U14/><E44/><V21/><F21/><W6/><G6/><T134/><D12/><U89/><E34/><V132/><F75/><W48/><G48/><T71/><D13/><N who="1" m="4619" /><E33/><V38/><F79/><W126/><G119/><T37/><D76/><U20/><E89/><V99/><F90/><W97/><G117/><T22/><D37/><U108/><E108/><V113/><F113/><RYUUKYOKU ba="0,0" sc="176,-10,120,30,518,-10,186,-10" hai1="4,5,7,19,20,25,26,27,52,56" /><INIT seed="5,1,0,4,2,46" ten="166,150,508,176" oya="1" hai0="24,20,4,17,3,117,41,100,69,31,14,60,92" hai1="97,66,55,101,116,68,64,15,13,29,123,106,131" hai2="1,51,44,126,84,12,104,86,36,124,89,27,11" hai3="87,74,73,42,88,107,72,76,111,52,94,98,110"/><U135/><E116/><V77/><F104/><W49/><G42/><T128/><D117/><U39/><E131/><V112/><F36/><W57/><REACH who="3" step="1"/><G76/><REACH who="3" ten="166,150,508,166" step="2"/><T61/><D41/><U25/><E123/><V99/><F77/><W133/><G133/><T37/><D128/><U7/><E135/><V105/><F126/><W18/><G18/><T109/><D17/><U122/><E122/><V5/><F124/><W22/><G22/><T121/><D20/><U9/><E39/><V85/><F112/><W43/><G43/><T58/><D37/><U45/><E68/><V26/><F5/><W102/><AGARI ba="1,1" hai="49,52,57,72,73,74,87,88,94,98,102,107,110,111" machi="102" ten="40,8000,1" yaku="1,1,0,1,52,1,54,2,53,0" doraHai="46" doraHaiUra="35" who="3" fromWho="3" sc="166,-21,150,-41,508,-21,166,93" /><INIT seed="6,0,0,1,4,56" ten="145,109,487,259" oya="2" hai0="4,47,69,84,121,105,73,26,5,126,24,115,92" hai1="103,0,87,23,135,125,9,67,63,100,61,16,134" hai2="20,104,79,30,14,18,83,95,53,29,107,76,112" hai3="111,34,72,102,80,81,124,122,129,51,94,13,130"/><V110/><F112/><W41/><G34/><T38/><D121/><U133/><E125/><V131/><F131/><W11/><G122/><T123/><D123/><U22/><E87/><V31/><F110/><W52/><G41/><T17/><D105/><U90/><E90/><V85/><F76/><W43/><G43/><T70/><D73/><U7/><E23/><V35/><F35/><W48/><G48/><T91/><D115/><U32/><E32/><V65/><F65/><W45/><G111/><T77/><D77/><U58/><REACH who="1" step="1"/><E63/><REACH who="1" ten="145,99,487,259" step="2"/><V57/><F85/><W93/><G124/><T15/><D126/><U3/><E3/><V96/><F20/><W64/><G72/><T59/><D91/><U98/><E98/><V44/><F96/><W71/><G130/><T50/><D84/><U19/><E19/><V78/><F18/><W6/><G129/><T99/><D17/><U49/><E49/><V74/><F74/><W46/><G102/><T60/><D60/><U62/><E62/><V132/><F31/><W88/><G88/><T75/><D75/><U54/><E54/><V33/><F53/><W42/><G52/><T97/><D97/><U21/><E21/><V86/><F30/><W39/><G51/><T25/><D50/><U28/><E28/><V10/><F29/><W106/><G39/><T116/><D38/><U55/><E55/><V27/><F33/><W12/><G42/><T117/><D99/><U120/><E120/><V82/><F86/><W40/><G40/><T128/><D128/><U1/><E1/><V68/><F44/><W113/><G46/><RYUUKYOKU ba="0,1" sc="145,-10,99,30,487,-10,259,-10" hai1="0,7,9,16,22,58,61,67,100,103,133,134,135" /><INIT seed="7,1,1,4,1,113" ten="135,129,477,249" oya="3" hai0="105,68,9,81,13,58,62,47,6,37,57,21,95" hai1="65,32,125,87,103,34,35,124,126,4,123,115,39" hai2="90,131,24,53,106,59,111,98,133,1,10,63,128" hai3="3,45,64,2,121,92,0,71,42,117,22,23,52"/><W8/><G121/><T61/><D105/><U97/><E123/><V36/><F111/><W94/><G8/><T116/><D116/><U43/><E115/><V101/><F36/><W114/><G114/><T100/><D68/><U73/><E73/><V79/><F133/><W69/><G117/><T40/><D81/><U91/><E4/><V28/><F79/><W109/><G109/><T48/><D37/><U132/><E132/><V31/><F90/><W104/><G104/><T82/><D82/><N who="1" m="49655" /><E65/><V107/><F107/><W72/><G72/><T67/><D21/><U102/><E97/><V112/><F112/><W118/><G118/><T41/><D41/><U96/><E96/><V27/><F27/><W51/><G69/><T49/><D49/><U18/><E18/><V20/><F31/><W127/><G127/><N who="1" m="32514" /><U46/><AGARI ba="1,1" hai="32,34,35,39,43,46,102,103" m="32514,49655" machi="46" ten="50,3200,0" yaku="4,1,18,1" doraHai="113" who="1" fromWho="1" sc="135,-9,129,45,477,-9,249,-17" owari="126,-37.0,174,-23.0,468,57.0,232,3.0" /></mjloggm>