<mjloggm ver="2.3"><GO type="169" lobby="0"/><UN n0="%E3%83%94%E3%83%A8%E3%81%A3%E3%81%99" n1="%64%6F%6F%6F%6F%77%79" n2="%E3%83%88%E3%83%88%E3%83%AA%E5%85%88%E7%94%9F%31%39%E6%AD%B3" n3="%74%61%6E%61%4B%61" dan="16,16,19,16" rate="2090.06,2124.37,2272.23,2132.78" sx="M,M,F,M"/><TAIKYOKU oya="0"/><INIT seed="0,0,0,0,3,7" ten="250,250,250,250" oya="0" hai0="3,29,13,77,55,57,128,87,12,8,121,44,15" hai1="107,47,129,132,0,72,65,23,80,21,112,40,74" hai2="122,53,36,38,123,120,127,108,118,34,25,2,99" hai3="59,135,105,104,98,79,62,31,126,64,111,54,42"/><T20/><D121/><U16/><E0/><V33/><F2/><W17/><G111/><T130/><D44/><U133/><E107/><V117/><F108/><W119/><G119/><N who="2" m="45577" /><F127/><W106/><G126/><T48/><D77/><U125/><E125/><V28/><F34/><W81/><G31/><T115/><D87/><U1/><E1/><V96/><F53/><W58/><G135/><N who="1" m="51786" /><E112/><V91/><F91/><W95/><G42/><T69/><D69/><U110/><E110/><V61/><F61/><W27/><G27/><N who="0" m="16615" /><D3/><U39/><E129/><N who="0" m="49769" /><BYE who="2" /><D115/><U14/><E65/><V45/><F45/><W32/><G32/><T85/><D85/><U43/><E43/><V11/><F11/><AGARI ba="0,0" hai="8,11,12,13,15,48,55,57" m="49769,16615" machi="11" ten="30,5800,0" yaku="19,1,52,2" doraHai="7" who="0" fromWho="2" sc="250,58,250,0,250,-58,250,0" /><INIT seed="0,1,0,3,2,78" ten="308,250,192,250" oya="0" hai0="92,112,12,85,57,118,29,67,40,8,59,86,3" hai1="93,111,90,88,64,120,127,61,49,97,32,55,129" hai2="63,16,73,133,82,18,17,38,26,28,30,0,39" hai3="9,132,24,66,19,41,100,34,115,70,22,5,14"/><T116/><D3/><U4/><E32/><V13/><F13/><W74/><G74/><T37/><D112/><U11/><E120/><V50/><F50/><W96/><G115/><T130/><D130/><U53/><E111/><V79/><F79/><W77/><G77/><T6/><D86/><U117/><E117/><V21/><F21/><W54/><G41/><T98/><D29/><U83/><E127/><V106/><F106/><W104/><G132/><T7/><D7/><U33/><E33/><V94/><F94/><W128/><G128/><T1/><D1/><U110/><E129/><V65/><F65/><W68/><G66/><T60/><D85/><U51/><E110/><V48/><F48/><W135/><G135/><T125/><D125/><U123/><E123/><V134/><F134/><W113/><G113/><T58/><D40/><U91/><E83/><V75/><F75/><W15/><REACH who="3" step="1"/><G54/><REACH who="3" ten="308,250,192,240" step="2"/><T20/><D37/><U42/><E42/><V87/><F87/><W84/><G84/><T25/><D118/><U72/><E72/><V2/><F2/><W101/><G101/><N who="0" m="60615" /><D116/><U52/><E49/><V45/><F45/><W76/><G76/><T35/><D67/><U27/><E51/><V56/><F56/><W10/><G10/><T46/><D46/><U89/><E61/><V62/><F62/><W80/><G80/><T126/><D126/><U31/><E64/><V99/><F99/><W119/><G119/><T103/><D103/><U102/><N who="1" m="22528" /><DORA hai="43" /><U114/><E114/><V107/><F107/><W131/><G131/><T36/><D60/><U44/><E11/><RYUUKYOKU ba="1,1" sc="308,-10,250,-10,192,-10,240,30" hai3="5,9,14,15,19,22,24,34,68,70,96,100,104" /><INIT seed="1,2,1,0,4,134" ten="298,240,182,270" oya="1" hai0="35,18,61,87,95,46,105,101,13,49,91,48,74" hai1="127,126,9,72,64,2,20,6,15,5,73,75,40" hai2="50,102,39,99,90,110,34,3,10,85,29,28,37" hai3="104,103,89,123,70,57,1,26,98,52,115,94,124"/><U80/><E40/><V42/><F42/><W130/><G123/><T55/><D74/><U135/><E135/><V76/><F76/><W51/><G115/><T97/><D35/><U109/><E109/><V122/><F122/><W66/><G1/><T86/><D61/><U30/><E64/><V117/><F117/><W19/><G130/><T38/><D38/><U100/><E100/><V11/><F11/><W43/><G43/><T58/><D87/><U106/><E106/><V82/><F82/><W119/><G119/><T4/><D4/><U125/><E6/><V68/><F68/><W45/><G124/><T81/><D49/><U63/><E63/><V25/><F25/><W7/><G7/><T33/><D33/><U128/><E128/><UN n2="%E3%83%88%E3%83%88%E3%83%AA%E5%85%88%E7%94%9F%31%39%E6%AD%B3" /><V112/><F112/><W8/><G70/><T53/><D53/><U78/><REACH who="1" step="1"/><E15/><REACH who="1" ten="298,230,182,270" step="2"/><V17/><F110/><W129/><G129/><T132/><D132/><U83/><E83/><N who="2" m="49471" /><F3/><W113/><G113/><T108/><D108/><U0/><E0/><V47/><F39/><W41/><G66/><T65/><D65/><U71/><E71/><V12/><F37/><W23/><G104/><T27/><D105/><U62/><E62/><V14/><F14/><W36/><G103/><T44/><D13/><U96/><E96/><V116/><F116/><W21/><G26/><AGARI ba="2,2" hai="2,5,9,20,26,30,72,73,75,78,80,125,126,127" machi="26" ten="40,12000,1" yaku="1,1,18,1,52,3,53,0" doraHai="134" doraHaiUra="131" who="1" fromWho="3" sc="298,0,230,146,182,0,270,-126" /><INIT seed="1,3,0,0,3,30" ten="298,376,182,144" oya="1" hai0="41,106,3,86,36,37,58,121,123,96,103,110,94" hai1="63,44,104,26,34,5,100,115,82,49,126,7,101" hai2="64,40,125,97,24,89,81,122,132,61,127,19,91" hai3="112,23,73,129,18,38,66,50,130,55,84,68,46"/><U131/><E115/><V80/><F122/><N who="0" m="46602" /><D3/><U98/><E126/><N who="2" m="48139" /><F132/><W16/><G73/><T45/><D110/><U21/><E131/><N who="3" m="50186" /><G112/><T17/><D17/><U78/><E101/><V0/><F0/><W12/><G38/><N who="0" m="21687" /><D58/><U35/><E63/><V54/><F40/><W90/><G18/><T88/><AGARI ba="3,0" hai="36,37,86,88,94,96,103,106" m="21687,46602" machi="88" ten="30,2000,0" yaku="13,1,54,1" doraHai="30" who="0" fromWho="0" sc="298,29,376,-13,182,-8,144,-8" /><INIT seed="2,0,0,0,3,12" ten="327,363,174,136" oya="2" hai0="90,133,125,60,130,23,52,38,58,57,119,4,98" hai1="2,86,69,82,18,94,117,61,109,15,71,31,129" hai2="113,42,77,73,62,84,59,78,8,112,93,70,7" hai3="116,64,126,39,54,29,19,135,34,41,67,131,13"/><V72/><F70/><W47/><G116/><T68/><D38/><U124/><E2/><V127/><F127/><W55/><BYE who="2" /><G126/><T63/><D125/><U40/><E117/><V101/><F101/><W111/><G111/><T92/><D68/><U3/><E109/><V87/><F87/><W85/><G135/><T100/><D130/><U97/><E3/><V107/><F107/><W50/><G131/><T22/><D133/><U10/><E129/><V88/><F88/><W35/><G85/><T53/><D119/><U37/><E124/><V81/><F81/><W5/><G5/><T120/><D120/><U80/><E31/><V9/><F9/><W105/><G105/><T46/><D46/><U74/><E74/><V79/><F79/><W95/><G95/><T14/><D100/><U102/><E40/><V66/><F66/><W48/><G39/><T20/><REACH who="0" step="1"/><D4/><REACH who="0" ten="317,363,174,136" step="2"/><N who="1" m="3527" /><E37/><V36/><F36/><W30/><G47/><T134/><D134/><U132/><E71/><V76/><F76/><W25/><G41/><T43/><D43/><U75/><E132/><V121/><F121/><W103/><G103/><T118/><D118/><U108/><E69/><V56/><F56/><W104/><G104/><T27/><D27/><U99/><E108/><V33/><F33/><W26/><G25/><T122/><D122/><U45/><E102/><V0/><F0/><W1/><G26/><T21/><D21/><U16/><E45/><V44/><F44/><W6/><G6/><T123/><D123/><U128/><E128/><V89/><F89/><W91/><G91/><T11/><D11/><RYUUKYOKU ba="0,1" sc="317,30,363,-10,174,-10,136,-10" hai0="14,20,22,23,52,53,57,58,60,63,90,92,98" /><INIT seed="3,1,1,1,1,84" ten="347,353,164,126" oya="3" hai0="101,102,117,63,16,25,57,114,20,81,31,100,80" hai1="110,131,24,120,52,22,130,5,122,96,48,36,46" hai2="54,103,17,119,106,133,15,118,7,30,27,38,61" hai3="85,26,14,35,99,98,32,66,97,111,42,108,69"/><W112/><G112/><T23/><D117/><U3/><E110/><N who="3" m="42026" /><G42/><T59/><D114/><U93/><E36/><V10/><F10/><W33/><G14/><N who="0" m="9239" /><D59/><U18/><E5/><V37/><F37/><W109/><N who="3" m="42034" /><W49/><DORA hai="124" /><G49/><T9/><D9/><U129/><REACH who="1" step="1"/><E3/><REACH who="1" ten="347,343,164,126" step="2"/><V47/><F47/><W40/><G40/><T132/><D132/><U95/><E95/><V113/><F113/><W43/><G43/><T53/><AGARI ba="1,2" hai="23,25,31,53,57,63,80,81,100,101,102" m="9239" machi="53" ten="30,2000,0" yaku="8,1,54,1" doraHai="84,124" who="0" fromWho="0" sc="347,43,343,-6,164,-6,126,-11" /><INIT seed="4,0,0,5,1,31" ten="390,337,158,115" oya="0" hai0="78,19,76,101,131,124,135,99,33,82,83,128,54" hai1="1,112,60,7,86,120,28,109,58,11,8,116,29" hai2="119,18,125,121,79,38,20,12,102,100,107,39,23" hai3="14,126,97,34,127,110,22,106,87,111,46,72,134"/><T73/><D33/><U130/><E120/><V123/><F123/><W5/><G72/><N who="0" m="43271" /><D54/><U68/><E68/><V32/><F32/><W85/><G134/><T89/><D19/><U53/><E116/><V61/><F61/><W3/><G3/><T49/><D49/><U13/><E112/><V92/><F92/><W51/><G34/><T94/><D135/><U64/><E130/><N who="0" m="49705" /><D124/><U133/><E109/><V35/><F35/><W41/><G111/><T50/><D50/><U115/><E115/><V69/><F69/><W113/><G110/><T108/><D108/><U27/><E133/><V70/><F70/><W4/><G113/><T52/><D52/><U0/><E64/><V42/><F42/><W63/><G63/><T17/><D17/><U67/><E67/><V114/><F114/><W2/><G2/><T59/><D59/><U47/><E47/><V62/><F62/><W21/><G4/><T66/><D66/><U88/><E27/><V16/><F16/><N who="3" m="10391" /><G5/><T55/><D55/><U15/><E0/><V129/><F129/><W105/><G22/><T81/><D81/><N who="1" m="49231" /><E1/><V30/><F30/><W40/><G40/><T117/><D117/><U71/><E71/><V9/><F9/><W77/><G127/><T118/><D118/><U80/><E80/><V36/><F36/><W91/><G126/><T84/><D73/><U37/><E37/><V103/><F103/><AGARI ba="0,0" hai="78,83,84,89,94,99,101,103" m="49705,43271" machi="103" ten="30,5800,0" yaku="19,1,34,2" doraHai="31" who="0" fromWho="2" sc="390,58,337,0,158,-58,115,0" /><INIT seed="4,1,0,4,2,135" ten="448,337,100,115" oya="0" hai0="99,115,129,4,93,41,105,126,12,75,96,23,1" hai1="29,55,80,59,8,82,118,103,106,27,64,45,108" hai2="77,32,114,48,78,50,73,25,17,31,84,88,21" hai3="2,91,124,35,102,97,20,104,83,119,95,98,66"/><T120/><D75/><U127/><E118/><V100/><F100/><N who="3" m="62487" /><G35/><T71/><D71/><U47/><E108/><V18/><F18/><W130/><G2/><T63/><D1/><U44/><E106/><V46/><F46/><W89/><G20/><T34/><D34/><U107/><E107/><V51/><F51/><W7/><G7/><T36/><D105/><U19/><E103/><V42/><F42/><W30/><G30/><T79/><D79/><U57/><E127/><V22/><F22/><W28/><G28/><T112/><D99/><U14/><E64/><V113/><F113/><W54/><G54/><T85/><D126/><U16/><E19/><V0/><F0/><W24/><G24/><T74/><D74/><U117/><E117/><V131/><F131/><W49/><G49/><T76/><D129/><U128/><E128/><V109/><F109/><W26/><G26/><T81/><D120/><U62/><REACH who="1" step="1"/><E59/><REACH who="1" ten="448,327,100,115" step="2"/><V5/><F5/><W43/><G66/><T111/><D111/><U15/><E15/><V90/><F90/><W56/><G56/><T39/><D4/><U60/><E60/><V86/><F86/><N who="3" m="50399" /><G130/><T58/><D12/><U6/><E6/><V94/><F94/><N who="3" m="58679" /><G119/><T116/><D116/><U72/><E72/><V37/><F37/><W65/><G65/><T3/><D39/><U52/><E52/><V110/><F110/><W69/><G69/><T10/><D36/><U38/><E38/><V70/><F70/><W87/><G43/><T133/><D41/><U67/><E67/><V33/><F33/><AGARI ba="1,1" hai="8,14,16,27,29,33,44,45,47,55,57,62,80,82" machi="33" ten="40,5200,0" yaku="1,1,54,1,53,1" doraHai="135" doraHaiUra="13" who="1" fromWho="2" sc="448,0,327,65,100,-55,115,0" /><INIT seed="5,0,0,5,0,16" ten="448,392,45,115" oya="1" hai0="70,108,84,42,101,117,129,22,100,13,87,69,83" hai1="122,49,106,59,104,112,93,39,47,4,3,31,128" hai2="29,78,91,127,79,107,38,60,126,81,54,105,88" hai3="8,19,18,41,10,134,62,86,72,90,14,55,98"/><U53/><E122/><V71/><F71/><W28/><G72/><T133/><D108/><U135/><E135/><V26/><F26/><W67/><G28/><T37/><D69/><U7/><E128/><V109/><F109/><W73/><G73/><T50/><D70/><U115/><E31/><V46/><F46/><W89/><G41/><T124/><D37/><U44/><E93/><V120/><F120/><W131/><G131/><T125/><D133/><U15/><E15/><V23/><F23/><W102/><G134/><T56/><D87/><U111/><E111/><V95/><F95/><N who="3" m="58719" /><G67/><T110/><D110/><U17/><E17/><N who="3" m="6154" /><G14/><T61/><D117/><U36/><E47/><V75/><F75/><W6/><G6/><N who="1" m="2090" /><E3/><V97/><F97/><W32/><G32/><T24/><D129/><U77/><E77/><V58/><F58/><N who="3" m="35167" /><G90/><T103/><D13/><U65/><E65/><V45/><F45/><W64/><G64/><N who="0" m="38951" /><D42/><N who="1" m="22599" /><E39/><V11/><F11/><W35/><G35/><T74/><D74/><U114/><AGARI ba="0,0" hai="49,53,59,104,106,112,114,115" m="22599,2090" machi="114" ten="40,2100,0" yaku="15,1" doraHai="16" who="1" fromWho="1" sc="448,-7,392,21,45,-7,115,-7" /><INIT seed="5,1,0,5,4,109" ten="441,413,38,108" oya="1" hai0="120,14,49,35,2,123,5,115,21,8,43,101,110" hai1="112,16,54,107,117,59,18,80,12,78,68,58,19" hai2="124,126,37,20,108,121,83,105,27,23,53,52,44" hai3="87,39,65,119,92,84,70,73,13,64,113,28,79"/><U99/><E117/><V42/><F42/><W46/><G119/><T100/><D35/><U0/><E0/><V111/><F111/><W82/><G28/><T32/><D32/><U76/><E68/><V91/><F91/><W69/><G39/><T71/><D71/><U48/><E112/><V29/><F29/><W88/><G113/><T66/><D66/><U134/><E134/><V60/><F60/><W72/><G46/><N who="0" m="25823" /><D115/><U81/><E99/><V50/><F50/><W94/><G13/><T11/><D21/><U38/><E107/><V103/><F103/><W133/><G133/><T47/><D47/><U93/><E93/><V22/><F22/><W85/><G69/><T74/><D74/><N who="3" m="28777" /><G64/><T9/><D110/><U128/><E38/><UN n2="%E3%83%88%E3%83%88%E3%83%AA%E5%85%88%E7%94%9F%31%39%E6%AD%B3" /><V4/><F121/><N who="0" m="46666" /><D11/><U1/><E128/><V96/><F108/><W131/><G65/><T45/><D45/><N who="1" m="27919" /><E1/><V34/><F34/><W130/><G70/><T57/><D57/><N who="1" m="21515" /><E12/><V6/><F37/><W63/><G63/><T89/><D89/><AGARI ba="1,0" hai="79,82,84,85,87,88,89,92,94,130,131" m="28777" machi="89" ten="30,3900,0" yaku="34,2,54,1" doraHai="109" who="3" fromWho="0" sc="441,-42,413,0,38,0,108,42" /><INIT seed="6,0,0,2,0,25" ten="399,413,38,150" oya="2" hai0="17,91,115,21,58,20,130,87,88,125,66,76,105" hai1="3,22,4,67,46,32,1,51,23,2,39,85,56" hai2="71,92,123,89,50,8,68,24,57,108,132,69,73" hai3="100,5,80,59,96,129,10,99,60,110,134,128,101"/><V114/><F123/><W64/><G110/><T120/><D105/><U79/><E32/><V124/><F73/><W117/><G117/><T61/><D120/><U122/><E39/><V81/><F108/><W0/><G134/><T127/><D115/><U135/><E135/><V94/><F132/><W111/><G111/><T29/><D29/><U95/><E122/><V77/><F114/><W74/><G74/><T34/><D34/><U33/><E33/><V37/><F37/><W78/><G78/><T62/><D130/><N who="3" m="50281" /><G80/><N who="0" m="47495" /><D61/><U6/><E56/><V15/><F124/><N who="0" m="47690" /><D21/><U90/><E67/><V43/><F77/><W19/><G19/><T14/><AGARI ba="0,0" hai="14,17,20,58,62,66,88,91" m="47690,47495" machi="14" ten="30,2000,0" yaku="18,1,54,1" doraHai="25" who="0" fromWho="0" sc="399,20,413,-5,38,-10,150,-5" /><INIT seed="7,0,0,4,0,123" ten="419,408,28,145" oya="3" hai0="31,121,73,46,51,66,54,34,107,49,56,113,97" hai1="108,10,115,98,57,47,102,71,50,122,76,26,83" hai2="4,28,12,133,2,21,9,22,60,14,18,42,130" hai3="132,103,39,58,30,81,64,111,74,62,131,96,99"/><W36/><G111/><T59/><D73/><U16/><E71/><V95/><F42/><W77/><G131/><T61/><D121/><U92/><E122/><V52/><F130/><W109/><G109/><T55/><D113/><U82/><E115/><V91/><F133/><W41/><G132/><T101/><D31/><U78/><E108/><V7/><F28/><W104/><G41/><T89/><D89/><U6/><E57/><V126/><F126/><W87/><G30/><T67/><D34/><U110/><E110/><V23/><F2/><W85/><REACH who="3" step="1"/><G96/><REACH who="3" ten="419,408,28,135" step="2"/><T53/><AGARI ba="0,1" hai="46,49,51,53,54,55,56,59,61,66,67,97,101,107" machi="53" ten="20,1500,0" yaku="0,1,7,1" doraHai="123" who="0" fromWho="0" sc="419,25,408,-4,28,-4,135,-7" owari="444,55.0,404,20.0,24,-48.0,128,-27.0" /></mjloggm>