<mjloggm ver="2.3"><GO type="225" lobby="0"/><UN n0="%E8%B6%B3%E3%81%AE%E8%B8%8F%E3%81%BF%E5%A0%B4%E3%82%82%E3%81%AA%E3%81%84" n1="%E3%82%A6%E3%83%AB%E3%83%88%E3%83%A9%E7%AB%8B%E7%9B%B4" n2="%6E%75%6D%62%65%72%69%6A" n3="%65%69%6B%31" dan="17,17,16,17" rate="2212.91,2153.15,2145.63,2211.47" sx="M,M,M,M"/><TAIKYOKU oya="0"/><INIT seed="0,0,0,5,2,97" ten="250,250,250,250" oya="0" hai0="127,123,32,112,46,43,109,9,86,14,85,25,115" hai1="99,105,49,7,82,118,31,103,120,102,61,101,93" hai2="111,53,122,135,42,119,35,95,121,79,56,50,80" hai3="63,38,17,107,33,1,83,100,16,45,19,26,132"/><T60/><D123/><U106/><E120/><V130/><F35/><W74/><G1/><T18/><D127/><U64/><E118/><V131/><F111/><W28/><G132/><T128/><D128/><N who="2" m="49194" /><F135/><W125/><G125/><T20/><D32/><U126/><E126/><V10/><F119/><W6/><G6/><T98/><D109/><U69/><E31/><V90/><F10/><W134/><G134/><T5/><D112/><U2/><E82/><V65/><F65/><W22/><G74/><T57/><D98/><U92/><E92/><V68/><F68/><W30/><G83/><T91/><D91/><U8/><REACH who="1" step="1"/><E49/><REACH who="1" ten="250,240,250,250" step="2"/><V66/><F121/><W89/><G30/><T124/><D124/><U58/><E58/><V59/><F122/><W113/><G28/><T48/><REACH who="0" step="1"/><D115/><REACH who="0" ten="240,240,250,250" step="2"/><U62/><E62/><V52/><F79/><W73/><G63/><T29/><D29/><U11/><E11/><V87/><F80/><W67/><G113/><T4/><D4/><U75/><E75/><V40/><F66/><AGARI ba="0,2" hai="5,9,14,18,20,25,43,46,48,57,60,66,85,86" machi="66" ten="30,5800,0" yaku="1,1,7,1,8,1,53,0" doraHai="97" doraHaiUra="77" who="0" fromWho="2" sc="240,78,240,0,250,-58,250,0" /><INIT seed="0,1,0,3,5,82" ten="318,240,192,250" oya="0" hai0="79,60,92,98,86,104,106,67,28,77,19,103,84" hai1="20,125,126,65,8,18,122,54,85,1,133,21,78" hai2="119,13,70,66,30,112,130,14,90,53,51,72,93" hai3="118,80,36,81,47,46,50,95,120,49,37,108,94"/><T129/><D28/><U96/><E65/><V9/><F112/><W27/><G27/><T44/><D44/><U10/><E122/><V57/><F72/><W100/><G100/><T68/><D129/><U131/><E96/><V40/><F130/><W128/><G128/><T102/><D19/><U115/><E131/><V41/><F119/><W134/><G120/><T74/><D74/><U123/><E123/><V91/><F30/><W34/><G108/><T32/><D32/><U117/><E117/><V127/><F127/><N who="1" m="48649" /><E133/><V25/><F25/><W4/><G118/><T61/><D68/><U132/><E132/><V59/><F70/><W0/><G134/><T3/><D3/><U109/><E109/><V17/><F91/><W64/><G64/><T5/><D67/><U121/><E121/><V48/><F14/><W6/><REACH who="3" step="1"/><G0/><REACH who="3" ten="318,240,192,240" step="2"/><T83/><D103/><U75/><E1/><V42/><F66/><W38/><G38/><T62/><D5/><U97/><E115/><V116/><F116/><W23/><G23/><T12/><D12/><U58/><E21/><V15/><F15/><W33/><AGARI ba="1,1" hai="4,6,33,34,36,37,46,47,49,50,80,81,94,95" machi="33" ten="25,6400,0" yaku="1,1,0,1,22,2,53,0" doraHai="82" doraHaiUra="55" who="3" fromWho="3" sc="318,-33,240,-17,192,-17,240,77" /><INIT seed="1,0,0,2,4,43" ten="285,223,175,317" oya="1" hai0="114,130,55,51,92,61,29,71,90,82,24,126,111" hai1="22,97,48,103,18,37,122,134,132,53,124,135,52" hai2="120,131,56,108,5,129,116,64,101,128,17,78,65" hai3="88,16,59,14,85,67,100,86,69,105,62,4,7"/><U45/><E37/><V40/><F5/><W25/><G25/><T118/><D114/><U89/><E124/><V96/><F116/><W19/><G86/><T113/><D113/><U33/><E33/><V117/><F117/><W72/><G72/><T83/><D118/><U119/><E119/><V84/><F120/><W68/><G105/><T60/><D126/><U3/><E3/><V8/><F108/><W9/><G100/><T30/><D111/><U11/><E11/><V46/><F56/><W32/><G32/><T10/><D10/><U81/><E122/><V73/><F73/><W127/><G127/><T34/><D30/><U54/><E89/><V93/><F78/><W104/><G104/><T109/><D130/><U99/><E81/><V6/><F17/><W2/><G19/><T12/><D12/><N who="1" m="9543" /><E97/><V47/><F84/><W58/><G69/><T95/><D109/><U125/><E125/><V0/><REACH who="2" step="1"/><F47/><REACH who="2" ten="285,223,165,317" step="2"/><W31/><G7/><T20/><D71/><U26/><E26/><V74/><F74/><W77/><G77/><T76/><D76/><U106/><AGARI ba="0,1" hai="45,48,52,53,54,99,103,106,132,134,135" m="9543" machi="106" ten="30,6000,0" yaku="20,1,52,1,54,1" doraHai="43" who="1" fromWho="1" sc="285,-20,223,70,165,-20,317,-20" /><INIT seed="1,1,0,1,2,32" ten="265,293,145,297" oya="1" hai0="31,35,34,11,90,18,57,67,54,23,98,108,105" hai1="1,104,126,27,17,131,65,14,2,25,119,107,19" hai2="125,4,86,96,29,111,103,59,70,12,97,76,99" hai3="61,89,20,77,50,74,95,113,134,114,81,71,3"/><U72/><E72/><V21/><F70/><W6/><G134/><T102/><D108/><U39/><E39/><V132/><F132/><W47/><G20/><T112/><D112/><U120/><E65/><V88/><F111/><W53/><G71/><T22/><D67/><U46/><E46/><V100/><F125/><W58/><G6/><T110/><D110/><U45/><E45/><V73/><F73/><W38/><G38/><T115/><D115/><U124/><E14/><V37/><F37/><W85/><REACH who="3" step="1"/><G3/><REACH who="3" ten="265,293,145,287" step="2"/><T41/><D23/><U122/><E131/><V51/><F4/><W82/><G82/><T52/><D22/><U84/><E84/><V79/><F100/><W130/><G130/><T42/><D35/><U69/><E69/><V30/><F103/><W10/><G10/><T123/><D34/><U40/><E40/><AGARI ba="1,1" hai="40,47,50,53,58,61,74,77,81,85,89,95,113,114" machi="40" ten="30,2000,0" yaku="1,1,7,1,53,0" doraHai="32" doraHaiUra="24" who="3" fromWho="1" sc="265,0,293,-23,145,0,287,33" /><INIT seed="2,0,0,3,0,7" ten="265,270,145,320" oya="2" hai0="15,8,70,126,38,65,13,124,51,53,96,18,20" hai1="63,28,23,106,12,19,129,71,135,131,111,21,133" hai2="75,72,4,104,93,90,0,119,58,132,108,91,41" hai3="11,54,29,76,128,49,79,84,32,98,3,85,22"/><V95/><F41/><W102/><G32/><T61/><D38/><U127/><E106/><V134/><F58/><W107/><G128/><N who="1" m="49226" /><E111/><V30/><F30/><W105/><G105/><T117/><D117/><U26/><E71/><V66/><F66/><W120/><G120/><T6/><REACH who="0" step="1"/><D96/><REACH who="0" ten="255,270,145,320" step="2"/><U14/><E127/><V86/><F119/><W121/><G98/><T114/><D114/><U39/><E39/><V115/><F115/><W80/><G121/><T123/><D123/><U62/><E12/><V45/><F108/><W67/><G3/><T78/><D78/><U17/><E28/><V109/><F109/><W60/><G79/><T113/><D113/><U42/><E42/><V64/><F104/><W48/><G76/><T59/><AGARI ba="0,1" hai="6,8,13,15,18,20,51,53,59,61,65,70,124,126" machi="59" ten="30,4000,0" yaku="1,1,0,1,52,1,53,0" doraHai="7" doraHaiUra="35" who="0" fromWho="0" sc="255,50,270,-10,145,-20,320,-10" /><INIT seed="3,0,0,0,1,48" ten="305,260,125,310" oya="3" hai0="121,46,82,86,94,41,27,118,111,57,31,39,15" hai1="89,56,60,26,119,0,114,17,84,30,122,108,44" hai2="18,61,21,8,128,120,115,33,112,16,69,127,85" hai3="42,50,12,107,35,63,80,51,88,130,92,124,135"/><W100/><G35/><T70/><D70/><U6/><E114/><V64/><F33/><W133/><G130/><T77/><D118/><U36/><E119/><V81/><F127/><W1/><G1/><T79/><D121/><U19/><E108/><V49/><F120/><W22/><G124/><T20/><D111/><U87/><E87/><V132/><F132/><N who="3" m="50763" /><G42/><T11/><D57/><U24/><E122/><V65/><F128/><W10/><G22/><T25/><D25/><U105/><E105/><V76/><F65/><W13/><G80/><T66/><D66/><U131/><E131/><V4/><F49/><N who="3" m="18443" /><G10/><T126/><D126/><U101/><E101/><V125/><F125/><W37/><G37/><T75/><D94/><U38/><E44/><V2/><REACH who="2" step="1"/><F18/><REACH who="2" ten="305,260,115,310" step="2"/><W68/><G63/><T34/><D34/><U3/><E60/><V117/><F117/><W14/><G68/><T98/><D39/><U91/><E36/><V106/><F106/><W58/><G107/><T78/><D41/><U7/><E38/><V45/><F45/><W72/><G58/><T74/><D46/><U5/><E56/><V28/><F28/><W96/><G72/><T104/><D74/><U59/><E59/><V29/><F29/><W109/><G109/><T116/><D75/><U102/><E30/><V67/><F67/><W134/><G134/><T54/><D116/><U97/><E19/><V99/><F99/><W113/><G113/><T53/><D98/><U47/><E17/><V23/><F23/><W52/><G96/><T40/><D104/><N who="1" m="63567" /><E47/><V123/><F123/><W93/><G100/><RYUUKYOKU ba="0,1" sc="305,-10,260,-10,115,30,310,-10" hai2="2,4,8,16,21,61,64,69,76,81,85,112,115" owari="295,10.0,250,-15.0,145,-35.0,310,40.0" /></mjloggm>