<mjloggm ver="2.3"><GO type="225" lobby="0"/><UN n0="%53%65%6E%61%72" n1="%63%6F%61" n2="%E5%A3%87%E2%98%86%E8%9C%9C" n3="%E3%82%A6%E3%83%AB%E3%83%88%E3%83%A9%E7%AB%8B%E7%9B%B4" dan="16,16,17,17" rate="2061.12,2167.06,2191.53,2149.44" sx="M,M,M,M"/><TAIKYOKU oya="0"/><INIT seed="0,0,0,5,3,65" ten="250,250,250,250" oya="0" hai0="1,104,17,50,128,26,118,14,13,134,7,123,12" hai1="15,119,61,115,3,93,131,10,87,133,37,53,52" hai2="113,41,38,117,135,35,11,102,105,0,54,70,9" hai3="112,77,103,34,83,120,100,47,2,69,71,8,106"/><T86/><D104/><U59/><E119/><V97/><F54/><W126/><G100/><T111/><D118/><U48/><E131/><V122/><F9/><W51/><G112/><T129/><D86/><U4/><E133/><V98/><F98/><N who="3" m="61815" /><G51/><T91/><D91/><U57/><E115/><V24/><F117/><W31/><G47/><T125/><D50/><U130/><E130/><N who="0" m="50281" /><D134/><U28/><E37/><V80/><F80/><W5/><G120/><T121/><D125/><U27/><E87/><V18/><F18/><W94/><G94/><T45/><D45/><U132/><E132/><V49/><F49/><W85/><G85/><T108/><D1/><U81/><E81/><V95/><F95/><W63/><G63/><T60/><D60/><U92/><REACH who="1" step="1"/><E3/><REACH who="1" ten="250,240,250,250" step="2"/><V44/><F135/><W36/><G36/><T66/><D7/><U19/><E19/><V72/><F113/><W88/><G126/><T39/><D39/><U58/><E58/><V90/><F0/><W114/><G114/><T6/><D6/><U43/><E43/><V21/><F41/><W99/><G99/><T109/><D66/><U30/><E30/><V64/><F38/><W32/><G31/><T75/><D75/><U89/><E89/><V101/><F90/><W62/><G88/><T76/><D76/><U22/><AGARI ba="0,1" hai="4,10,15,22,27,28,48,52,53,57,59,61,92,93" machi="22" ten="20,8000,1" yaku="1,1,0,1,7,1,8,1,54,1,53,0" doraHai="65" doraHaiUra="74" who="1" fromWho="1" sc="250,-40,240,90,250,-20,250,-20" /><INIT seed="1,0,0,0,3,109" ten="210,330,230,230" oya="1" hai0="71,132,46,90,123,81,18,13,21,106,55,84,40" hai1="79,107,92,7,34,117,73,69,124,77,125,105,108" hai2="49,12,27,94,67,72,58,99,115,8,39,59,42" hai3="103,111,70,122,128,87,131,60,31,33,9,45,96"/><U23/><E23/><V37/><F72/><W50/><G122/><T65/><D123/><U121/><E7/><V119/><F119/><W104/><G111/><T10/><D106/><U16/><E16/><N who="2" m="8199" /><F39/><W66/><G87/><T54/><D132/><U48/><E48/><V56/><F37/><W74/><G74/><T1/><D65/><U35/><E73/><V75/><F75/><W0/><G9/><T83/><D71/><U51/><E51/><V44/><F115/><W2/><G50/><T135/><D135/><U85/><E121/><V17/><F17/><W26/><G45/><T100/><D100/><U32/><E117/><V127/><F127/><W28/><G28/><T62/><D62/><U52/><E69/><V43/><F27/><W15/><G15/><T41/><D81/><U5/><E108/><V30/><F30/><W19/><G19/><T64/><D1/><AGARI ba="0,0" hai="0,1,2,26,31,33,60,66,70,96,103,104,128,131" machi="1" ten="40,8000,1" yaku="25,2,23,2" doraHai="109" who="3" fromWho="0" sc="210,-80,330,0,230,0,230,80" /><INIT seed="2,0,0,2,2,6" ten="130,330,230,310" oya="2" hai0="131,72,112,39,12,102,64,54,38,100,124,31,41" hai1="67,98,63,61,56,110,59,97,34,69,123,8,7" hai2="0,30,5,75,115,19,125,35,122,3,24,13,27" hai3="85,48,114,55,22,128,105,14,10,4,119,73,44"/><V82/><F75/><W133/><G119/><T117/><D112/><U68/><E34/><V37/><F37/><W25/><G73/><T83/><D117/><U104/><E110/><V51/><F82/><W70/><G105/><T121/><D121/><U86/><E86/><V81/><F81/><W16/><G70/><T18/><D124/><U28/><E28/><N who="2" m="19847" /><F51/><W127/><G127/><T130/><D64/><U101/><E98/><V11/><F125/><W71/><G71/><T20/><D31/><U29/><E29/><V66/><F66/><W84/><G114/><T103/><D54/><U60/><E123/><V36/><F36/><W95/><G128/><T135/><D135/><U57/><REACH who="1" step="1"/><E67/><REACH who="1" ten="130,320,230,310" step="2"/><V90/><F122/><W93/><G133/><T43/><D39/><U26/><E26/><V62/><F115/><W126/><G126/><T113/><D113/><U106/><E106/><V58/><F27/><W40/><G40/><T77/><REACH who="0" step="1"/><D38/><REACH who="0" ten="120,320,230,310" step="2"/><U132/><E132/><V89/><F30/><W46/><G46/><T87/><D87/><AGARI ba="0,2" hai="4,10,14,16,22,25,44,48,55,84,85,87,93,95" machi="87" ten="40,5200,0" yaku="8,1,52,1,54,1" doraHai="6" who="3" fromWho="0" sc="120,-52,320,0,230,0,310,72" /><INIT seed="3,0,0,5,0,128" ten="68,320,230,382" oya="3" hai0="38,43,89,71,49,8,20,50,94,22,132,79,85" hai1="4,103,66,57,116,83,63,3,102,21,120,110,123" hai2="106,14,130,69,112,53,133,108,76,124,54,29,35" hai3="105,30,41,42,117,73,70,2,118,75,52,74,97"/><W51/><G70/><T72/><D71/><U45/><E110/><V96/><F112/><W113/><G2/><T121/><D121/><U131/><E131/><V86/><F108/><W134/><G30/><T58/><D38/><U59/><E116/><V82/><F124/><W46/><G113/><T98/><D72/><U44/><E21/><V111/><F111/><W101/><REACH who="3" step="1"/><G134/><REACH who="3" ten="68,320,230,372" step="2"/><T61/><D132/><U95/><E3/><V115/><F115/><W1/><G1/><T90/><D79/><U84/><E120/><V36/><F130/><W6/><G6/><T7/><D22/><U23/><E23/><V122/><F122/><W15/><G15/><T100/><D20/><U80/><E123/><V60/><F14/><W93/><G93/><T19/><D19/><U27/><E95/><V107/><F107/><W32/><G32/><T65/><D43/><AGARI ba="0,1" hai="41,42,43,46,51,52,73,74,75,97,101,105,117,118" machi="43" ten="40,3900,0" yaku="1,1,54,1,53,0" doraHai="128" doraHaiUra="24" who="3" fromWho="0" sc="68,-39,320,0,230,0,372,49" owari="29,-47.0,320,12.0,230,-17.0,421,52.0" /></mjloggm>