<mjloggm ver="2.3"><GO type="41" lobby="0"/><UN n0="%E6%9D%B1%E6%A8%AA%E6%A1%83%E5%AD%90%EF%BC%A0%E9%B6%B4%E8%B3%80" n1="%E3%82%89%E3%82%8A%E3%81%82%E3%82%93" n2="%E5%B0%B1%E6%B4%BB%E7%94%9F%40%E5%B7%9D%E6%9D%91%E8%BB%8D%E5%9B%A3" n3="%E3%82%AD%E3%83%A3%E3%83%86%E3%82%A3%E3%83%BC%40%39%32" dan="13,15,17,13" rate="1819.61,2005.21,2194.07,1865.63" sx="F,M,F,M"/><TAIKYOKU oya="0"/><INIT seed="0,0,0,3,0,23" ten="250,250,250,250" oya="0" hai0="6,128,87,12,49,38,100,81,107,135,114,62,102" hai1="132,16,74,83,32,117,116,0,50,13,79,129,106" hai2="11,48,61,41,58,55,8,78,130,17,93,44,95" hai3="29,103,124,92,46,36,126,19,60,51,56,25,71"/><T127/><D114/><U59/><E0/><V108/><F108/><W90/><G36/><T112/><D112/><U99/><E32/><V119/><F130/><W105/><G71/><T88/><D38/><U123/><E123/><V72/><F119/><W52/><G105/><T110/><D127/><N who="3" m="48681" /><G19/><T111/><D135/><U76/><E76/><V33/><F33/><W7/><G7/><T104/><D128/><U122/><E122/><V115/><F115/><W113/><G103/><N who="0" m="39467" /><D62/><U94/><E106/><V98/><F93/><W89/><G113/><T1/><D1/><U64/><E132/><V47/><F78/><W70/><G70/><T85/><D85/><U118/><E129/><V28/><F28/><W82/><G82/><T80/><D80/><U91/><E117/><V101/><F72/><W27/><G92/><T3/><D3/><U43/><E64/><V26/><REACH who="2" step="1"/><F44/><REACH who="2" ten="250,250,240,250" step="2"/><W84/><G29/><T65/><D111/><U69/><E118/><V2/><F2/><W18/><G46/><T30/><D110/><U57/><E116/><V54/><F54/><W42/><G52/><T39/><D30/><U9/><REACH who="1" step="1"/><E69/><REACH who="1" ten="250,240,240,250" step="2"/><V53/><F53/><W63/><G42/><T75/><D107/><U133/><E133/><V21/><AGARI ba="0,2" hai="8,11,17,21,26,41,47,48,55,58,61,95,98,101" machi="21" ten="30,7900,0" yaku="1,1,0,1,8,1,52,1,53,0" doraHai="23" doraHaiUra="67" who="2" fromWho="2" sc="250,-39,240,-20,240,99,250,-20" /><INIT seed="1,0,0,5,0,132" ten="211,220,339,230" oya="1" hai0="108,113,16,49,111,85,13,39,91,20,97,125,75" hai1="73,14,26,25,77,66,2,40,105,63,104,24,12" hai2="101,96,3,116,8,109,69,129,19,23,67,95,78" hai3="38,124,119,57,110,112,86,60,41,120,59,118,44"/><U34/><E2/><V61/><F116/><N who="3" m="44587" /><G86/><T45/><D39/><U36/><E34/><V133/><F109/><N who="0" m="42058" /><D75/><U80/><E105/><V84/><F133/><W100/><G110/><T123/><D113/><U103/><E40/><V53/><F129/><W50/><G100/><T72/><D72/><U47/><E47/><V83/><F53/><N who="3" m="31927" /><G112/><T27/><D97/><U82/><E36/><V4/><F23/><W42/><G42/><N who="0" m="24759" /><D123/><U58/><REACH who="1" step="1"/><E80/><REACH who="1" ten="211,210,339,230" step="2"/><V22/><F83/><W76/><G120/><T64/><D64/><U128/><E128/><V98/><F101/><W89/><G76/><T126/><D27/><U48/><E48/><V121/><F121/><W1/><G1/><T37/><D37/><U5/><E5/><V114/><F78/><W55/><G89/><T102/><D102/><U99/><AGARI ba="0,1" hai="12,14,24,25,26,58,63,66,73,77,82,99,103,104" machi="99" ten="30,3000,0" yaku="1,1,0,1,53,0" doraHai="132" doraHaiUra="43" who="1" fromWho="1" sc="211,-10,210,40,339,-10,230,-10" /><INIT seed="1,1,0,3,0,57" ten="201,250,329,220" oya="1" hai0="68,122,56,13,76,35,70,115,82,135,28,106,51" hai1="54,71,124,61,44,12,65,96,91,99,53,93,11" hai2="58,59,50,73,75,23,104,81,133,128,113,130,20" hai3="8,29,9,33,27,125,36,87,25,30,62,31,17"/><U131/><E131/><N who="2" m="50219" /><F104/><W98/><G36/><T108/><D115/><U7/><E124/><V114/><F81/><W78/><G98/><T4/><D108/><U92/><REACH who="1" step="1"/><E44/><REACH who="1" ten="201,240,329,220" step="2"/><V118/><F118/><W46/><G125/><T80/><D122/><U21/><E21/><N who="2" m="8267" /><F133/><W129/><G46/><T84/><D135/><U26/><E26/><V102/><F102/><AGARI ba="1,1" hai="7,11,12,53,54,61,65,71,91,92,93,96,99,102" machi="102" ten="30,5800,0" yaku="1,1,7,1,52,1,53,0" doraHai="57" doraHaiUra="111" who="1" fromWho="2" sc="201,0,240,71,329,-61,220,0" /><INIT seed="1,2,0,0,1,9" ten="201,311,268,220" oya="1" hai0="79,96,4,114,81,60,47,117,132,38,80,58,16" hai1="26,92,99,31,43,118,103,93,18,113,88,124,78" hai2="53,1,34,33,48,129,69,39,95,77,32,6,133" hai3="97,89,110,10,126,11,63,28,123,35,55,46,101"/><U109/><E118/><V116/><F39/><W131/><G123/><T14/><D114/><U37/><E113/><V70/><F116/><W49/><G126/><T130/><D117/><U111/><E124/><V64/><F129/><W51/><G110/><N who="1" m="41994" /><E78/><V76/><F133/><W74/><G131/><T127/><D132/><U94/><E18/><V62/><F70/><W87/><G74/><T19/><D130/><U0/><E0/><V66/><F64/><W107/><G63/><T2/><D2/><U72/><E72/><V121/><F121/><W57/><G35/><T134/><D134/><U50/><E37/><V85/><F6/><W125/><G28/><T90/><D38/><U128/><E128/><V41/><F41/><W115/><G115/><T67/><D47/><N who="1" m="25983" /><E103/><V100/><F1/><W112/><G125/><T3/><D3/><U45/><E45/><V21/><F100/><W122/><G112/><T56/><D19/><U75/><E75/><V7/><F7/><W105/><G122/><T8/><D4/><U30/><E30/><V13/><F13/><W54/><REACH who="3" step="1"/><G107/><REACH who="3" ten="201,311,268,210" step="2"/><T68/><D127/><U108/><E108/><V82/><F69/><W12/><G12/><T24/><D68/><U17/><E17/><V61/><F66/><W23/><G23/><AGARI ba="2,1" hai="23,26,31,88,92,93,94,99" m="25983,41994" machi="23" ten="30,5800,0" yaku="14,1,10,1,54,1" doraHai="9" who="1" fromWho="3" sc="201,0,311,74,268,0,210,-64" /><INIT seed="1,3,0,5,3,23" ten="201,385,268,146" oya="1" hai0="58,40,62,24,85,63,110,114,102,48,121,33,64" hai1="52,87,54,73,76,132,120,41,45,49,42,117,90" hai2="97,57,84,60,130,118,113,44,9,128,55,29,94" hai3="47,2,116,65,131,31,27,8,88,119,35,126,91"/><U104/><E120/><V124/><F118/><W43/><G131/><T112/><D114/><U22/><E117/><V61/><F113/><W7/><G126/><T82/><D112/><U129/><E104/><V81/><F124/><W28/><G119/><T96/><D110/><U100/><E129/><N who="2" m="49771" /><F9/><W83/><G116/><T125/><D121/><U108/><E108/><V89/><F29/><W103/><G65/><T50/><D125/><U71/><E71/><V14/><F14/><W16/><G103/><T66/><D40/><U72/><E132/><V19/><F19/><W59/><G59/><T135/><D135/><U101/><E73/><V18/><F18/><W46/><G83/><T5/><D5/><U111/><E76/><N who="2" m="46119" /><F44/><W86/><G31/><T79/><D33/><U25/><E72/><V38/><F38/><W75/><G75/><T36/><D36/><U51/><E111/><V93/><F93/><W15/><G43/><T80/><D80/><N who="1" m="49511" /><E41/><V92/><F92/><W122/><G122/><T69/><D82/><U13/><E13/><V56/><F56/><W39/><G39/><T98/><D58/><N who="1" m="33039" /><E42/><V70/><F70/><W3/><G3/><T26/><D69/><U21/><E21/><V11/><F11/><W78/><G47/><T106/><D79/><U34/><E34/><V12/><F12/><W133/><G46/><T1/><D1/><U37/><E37/><V99/><F99/><W20/><G133/><T53/><D106/><U30/><AGARI ba="3,0" hai="22,25,30,45,51,54,100,101" m="33039,49511" machi="30" ten="30,6000,0" yaku="8,1,52,1,54,1" doraHai="23" who="1" fromWho="1" sc="201,-23,385,69,268,-23,146,-23" /><INIT seed="1,4,0,3,1,67" ten="178,454,245,123" oya="1" hai0="85,39,25,41,51,40,43,55,37,83,133,19,73" hai1="117,114,80,9,112,123,125,129,115,126,113,50,81" hai2="53,99,75,32,24,86,93,1,135,7,28,88,62" hai3="104,42,46,82,60,36,70,118,102,76,74,121,103"/><U90/><E112/><V134/><F75/><W18/><G18/><T49/><D73/><U84/><E9/><V34/><F34/><W2/><G102/><T52/><D133/><U130/><E50/><N who="0" m="18953" /><D25/><U44/><E44/><V21/><F32/><W26/><G26/><T17/><D85/><N who="1" m="50471" /><E117/><V22/><F22/><W128/><G118/><T92/><D92/><U33/><E33/><V63/><F53/><N who="0" m="20554" /><D83/><U59/><E59/><V68/><F63/><W5/><G128/><N who="1" m="49258" /><E123/><V61/><F61/><W27/><G27/><T127/><D127/><N who="1" m="48651" /><E115/><V48/><F48/><W116/><G121/><T29/><D29/><U20/><E20/><V106/><F7/><W124/><G124/><T78/><D78/><AGARI ba="4,0" hai="78,81,84,113,114" m="48651,49258,50471" machi="78" ten="30,11600,0" yaku="19,1,18,1,34,2" doraHai="67" who="1" fromWho="0" sc="178,-128,454,128,245,0,123,0" /><INIT seed="1,5,0,2,1,32" ten="50,582,245,123" oya="1" hai0="94,53,74,23,82,105,30,68,112,121,70,135,35" hai1="81,124,111,120,41,10,78,50,51,40,18,20,36" hai2="29,122,48,46,22,17,109,92,97,71,128,6,104" hai3="33,130,67,56,49,84,75,15,99,27,3,5,107"/><U90/><E120/><V127/><F104/><W117/><G75/><T103/><D112/><U34/><E34/><V101/><F71/><W79/><G79/><T91/><D121/><U59/><E124/><V108/><F122/><W13/><G130/><T25/><D135/><U72/><E111/><V133/><F133/><W1/><G117/><T42/><D42/><U63/><E10/><V47/><F128/><W52/><G67/><T16/><D53/><U62/><E90/><V7/><F29/><W73/><G73/><T12/><D103/><U87/><E72/><V132/><F132/><W28/><G84/><T95/><D105/><U31/><E31/><V0/><F46/><W21/><G33/><T102/><D102/><U125/><E125/><V86/><F86/><W57/><G57/><T113/><D113/><U26/><E36/><V119/><F119/><W60/><G60/><N who="1" m="23082" /><E59/><V4/><F127/><W89/><G89/><T19/><D19/><U54/><E54/><V83/><F83/><W45/><G45/><T66/><D66/><U131/><E131/><V9/><F108/><W98/><G107/><T110/><D110/><U106/><E106/><V93/><F93/><N who="0" m="35338" /><D74/><U64/><E64/><V100/><F100/><W85/><G85/><T43/><D43/><AGARI ba="5,0" hai="18,20,26,40,41,43,50,51,78,81,87" m="23082" machi="43" ten="30,1500,0" yaku="8,1" doraHai="32" who="1" fromWho="0" sc="50,-30,582,30,245,0,123,0" /><INIT seed="1,6,0,0,0,48" ten="20,612,245,123" oya="1" hai0="72,122,52,135,43,4,62,68,37,1,110,82,128" hai1="102,78,28,22,111,29,45,2,25,8,6,125,34" hai2="49,70,55,79,50,134,60,24,92,126,40,35,107" hai3="100,38,10,74,85,33,58,19,124,97,87,26,91"/><U75/><E102/><V119/><F107/><W65/><G124/><T57/><D110/><U18/><E78/><V130/><F79/><W115/><G115/><T12/><D72/><U73/><E45/><V17/><F35/><W51/><G74/><T27/><D128/><U20/><E73/><V42/><F24/><W105/><G38/><T84/><D135/><U7/><E75/><V44/><F17/><W31/><G91/><T86/><D68/><U99/><E99/><V54/><F92/><W101/><G101/><T39/><D122/><U5/><E111/><V16/><F16/><W41/><G41/><T127/><D1/><U67/><E67/><N who="2" m="41319" /><F119/><W3/><G3/><T129/><D127/><U15/><E125/><V121/><F126/><W61/><G10/><T133/><D129/><U76/><E76/><V59/><F130/><W112/><G112/><T106/><D133/><U47/><E47/><N who="2" m="25831" /><F134/><W131/><G131/><T46/><D106/><U94/><E94/><V118/><F118/><W93/><G105/><T21/><D4/><U95/><E95/><V11/><F11/><W103/><G103/><T88/><D12/><U77/><E77/><V69/><F69/><W56/><G19/><T120/><D120/><U53/><E53/><N who="2" m="19979" /><F121/><W89/><G100/><T66/><D84/><U117/><E117/><V109/><F109/><W23/><G33/><T98/><D98/><U14/><E14/><V90/><F90/><W132/><G132/><T80/><D80/><U30/><E30/><V71/><F71/><W36/><G89/><T108/><D108/><U64/><E28/><RYUUKYOKU ba="6,0" sc="20,-10,612,-10,245,30,123,-10" hai2="42,44,50,59" /><INIT seed="2,7,0,0,3,19" ten="10,602,275,113" oya="2" hai0="39,88,17,129,38,34,47,26,67,9,108,105,106" hai1="33,97,96,16,95,24,43,124,5,73,119,48,64" hai2="112,42,10,32,81,121,14,62,20,65,13,126,123" hai3="110,46,104,56,31,133,125,69,52,59,44,27,113"/><V127/><F42/><W80/><G110/><T107/><D108/><U55/><E119/><V15/><F32/><W99/><G133/><T122/><D122/><N who="2" m="46602" /><F81/><W117/><G117/><T37/><D67/><U58/><E73/><V83/><F83/><W50/><G125/><N who="2" m="47625" /><F112/><W0/><G113/><T115/><D115/><U103/><E124/><V7/><F20/><W120/><G0/><T18/><D129/><U132/><E132/><V25/><F25/><W41/><G120/><T6/><D34/><U66/><E33/><V100/><F100/><W79/><G69/><AGARI ba="7,0" hai="7,10,13,14,15,62,65,69" m="47625,46602" machi="69" ten="30,1500,0" yaku="18,1" doraHai="19" who="2" fromWho="3" sc="10,0,602,0,275,36,113,-36" /><INIT seed="2,8,0,2,4,25" ten="10,602,311,77" oya="2" hai0="135,119,77,68,46,97,76,125,48,5,12,40,57" hai1="107,17,121,16,126,122,81,62,36,55,92,94,20" hai2="49,84,45,28,95,117,2,29,131,73,53,64,15" hai3="103,105,33,30,113,8,63,80,50,109,27,89,102"/><V101/><F2/><W99/><G109/><T115/><D115/><U9/><E107/><V60/><F73/><W123/><G113/><T14/><D68/><U38/><E81/><V128/><F117/><W34/><G123/><N who="1" m="47114" /><E126/><V23/><F128/><W69/><G50/><T22/><D125/><U4/><E55/><V21/><F131/><W108/><G108/><T18/><D135/><U10/><E62/><V88/><F101/><W78/><G89/><T31/><D119/><U35/><E35/><V98/><F98/><W43/><G43/><T110/><D110/><U44/><E44/><V90/><F90/><W11/><G34/><T130/><D130/><U75/><E75/><V3/><F3/><W120/><G120/><T72/><D97/><U87/><E87/><V67/><F21/><W83/><G103/><T106/><D106/><U59/><E59/><V52/><F53/><W124/><G124/><T47/><D47/><U56/><E56/><N who="2" m="36871" /><F67/><N who="3" m="41215" /><G80/><T0/><D72/><AGARI ba="8,0" hai="8,11,27,30,33,72,78,83,99,102,105" m="41215" machi="72" ten="30,2000,0" yaku="25,1,52,1" doraHai="25" who="3" fromWho="0" sc="10,-44,602,0,311,0,77,44" owari="-34,-53.0,602,70.0,311,11.0,121,-28.0" /></mjloggm>