<mjloggm ver="2.3"><GO type="169" lobby="0"/><UN n0="%64%6F%6E%63%68%61%6E%33" n1="%6C%67%32%31" n2="%E3%82%A6%E3%83%AB%E3%83%88%E3%83%A9%E7%AB%8B%E7%9B%B4" n3="%64%6F%6F%6F%6F%77%79" dan="17,16,18,16" rate="2174.31,2067.34,2156.50,2158.96" sx="M,M,M,M"/><TAIKYOKU oya="0"/><INIT seed="0,0,0,2,0,3" ten="250,250,250,250" oya="0" hai0="129,19,36,23,82,5,70,44,104,40,112,57,100" hai1="119,110,32,48,22,125,14,107,132,30,131,26,45" hai2="75,98,134,113,46,95,88,126,55,69,68,90,29" hai3="47,97,127,103,8,74,21,51,59,58,72,91,16"/><T130/><D112/><U54/><E119/><V67/><F75/><W115/><G115/><T117/><D117/><U86/><E110/><V41/><F113/><W31/><G127/><T83/><D70/><U1/><E125/><V133/><F126/><W80/><G31/><T71/><D71/><U17/><E107/><V128/><F55/><W49/><G8/><T116/><D116/><U24/><E132/><N who="2" m="50795" /><F67/><W25/><G51/><T89/><D57/><U7/><E131/><N who="0" m="50185" /><D89/><U102/><E102/><V87/><F29/><W34/><G34/><T13/><D5/><U92/><E92/><N who="2" m="54303" /><F128/><W53/><G74/><T79/><D79/><U9/><REACH who="1" step="1"/><E86/><REACH who="1" ten="250,240,250,250" step="2"/><V2/><F2/><AGARI ba="0,1" hai="1,2,7,9,14,17,22,24,26,30,32,45,48,54" machi="2" ten="40,5200,0" yaku="1,1,2,1,52,1,53,0" doraHai="3" doraHaiUra="111" who="1" fromWho="2" sc="250,0,240,62,250,-52,250,0" /><INIT seed="1,0,0,2,4,92" ten="250,302,198,250" oya="1" hai0="79,104,71,4,128,69,13,67,117,66,73,112,125" hai1="131,90,122,70,72,5,18,133,32,17,120,95,50" hai2="123,68,58,54,44,26,24,97,74,63,84,93,19" hai3="111,2,46,65,38,88,47,57,33,80,16,14,94"/><U82/><E133/><V7/><F74/><W77/><G2/><T35/><D73/><U108/><E131/><V75/><F75/><W53/><G33/><T134/><D79/><U41/><E70/><V60/><F123/><W91/><G111/><T55/><D35/><U27/><E5/><V96/><F7/><W115/><G65/><T52/><D4/><U114/><E114/><V76/><F68/><W49/><G115/><T99/><D13/><U81/><E81/><N who="2" m="47143" /><F93/><W124/><G124/><T102/><D112/><U126/><E126/><V85/><F85/><N who="3" m="48271" /><G38/><T23/><D125/><U59/><E108/><V37/><F37/><W98/><G91/><T113/><D113/><U28/><E72/><V110/><F110/><W51/><G51/><T89/><D117/><U10/><E82/><V130/><F130/><W45/><G57/><T42/><D71/><U22/><E120/><V6/><F6/><W39/><G39/><T25/><D69/><U40/><E59/><N who="2" m="34935" /><F44/><W116/><G116/><T135/><D128/><U20/><E32/><V21/><F26/><W87/><G87/><T101/><D135/><U11/><E122/><V36/><F36/><W132/><G132/><T8/><D134/><U43/><E27/><V107/><F107/><W64/><G64/><AGARI ba="0,0" hai="19,21,24,58,63,64,96,97" m="34935,47143" machi="64" ten="30,3900,0" yaku="8,1,52,2" doraHai="92" who="2" fromWho="3" sc="250,0,302,0,198,39,250,-39" /><INIT seed="2,0,0,1,2,79" ten="250,302,237,211" oya="2" hai0="130,59,1,99,12,30,42,46,97,2,71,61,39" hai1="89,115,105,92,113,6,13,72,103,21,106,17,36" hai2="20,123,26,14,7,37,77,108,9,10,51,63,94" hai3="134,5,24,96,110,3,34,29,126,82,75,19,124"/><V47/><F123/><W121/><G121/><T129/><D30/><U81/><E36/><V16/><F108/><W69/><G69/><T109/><D71/><U35/><E35/><V62/><F37/><W8/><G110/><T101/><D109/><U93/><E6/><V58/><F77/><N who="3" m="44351" /><G19/><T60/><D12/><U44/><E44/><V32/><F32/><W18/><G18/><T41/><D41/><U120/><E120/><V128/><F128/><N who="0" m="49258" /><D97/><N who="1" m="61679" /><E93/><V131/><F131/><W107/><G134/><T64/><D61/><U28/><E106/><AGARI ba="0,0" hai="1,2,39,42,46,59,60,64,99,101,106" m="49258" machi="106" ten="30,1000,0" yaku="19,1" doraHai="79" who="0" fromWho="1" sc="250,10,302,-10,237,0,211,0" /><INIT seed="3,0,0,4,0,62" ten="260,292,237,211" oya="3" hai0="73,102,11,122,19,28,22,117,101,45,20,78,115" hai1="134,121,57,70,2,82,47,120,103,69,109,112,58" hai2="84,114,38,83,41,110,79,8,29,125,4,116,93" hai3="68,35,13,14,123,107,32,113,98,46,43,15,72"/><W111/><G113/><T87/><D117/><U133/><E2/><V89/><F116/><W21/><G72/><T39/><D73/><U9/><E103/><V16/><F114/><W26/><G68/><N who="1" m="26218" /><E9/><V96/><F29/><W95/><G107/><T126/><D122/><N who="1" m="47211" /><E82/><V27/><F110/><W40/><G111/><T131/><D126/><U34/><E34/><V66/><F125/><W54/><G54/><T92/><D131/><U129/><E109/><V30/><F66/><W94/><G43/><T56/><D11/><U97/><E97/><V132/><F132/><N who="1" m="50793" /><E112/><V50/><F4/><W6/><G6/><T48/><D102/><U17/><E17/><V71/><F16/><W74/><G74/><T0/><D101/><U49/><E129/><V67/><F8/><W80/><G80/><T60/><D0/><U108/><E108/><V76/><F76/><W100/><G95/><T3/><D92/><U130/><E130/><V124/><F124/><W118/><G118/><T1/><D1/><U25/><E25/><V42/><F27/><W12/><N who="3" m="3072" /><DORA hai="59" /><W63/><G123/><T55/><D3/><U106/><E106/><V127/><F127/><W119/><G119/><T23/><D115/><U33/><E33/><N who="3" m="12874" /><G21/><T85/><D22/><U51/><E47/><V31/><F83/><W105/><G26/><T64/><D23/><U75/><E75/><V52/><F93/><W7/><G7/><T91/><D20/><U18/><E18/><V36/><F79/><W24/><G24/><T86/><D19/><U99/><E99/><V81/><F96/><W53/><G98/><RYUUKYOKU ba="0,0" sc="260,-10,292,30,237,-10,211,-10" hai1="49,51,57,58" /><INIT seed="4,1,0,4,5,75" ten="250,322,227,201" oya="0" hai0="129,77,38,103,59,52,49,74,112,65,73,41,105" hai1="18,51,117,0,56,13,120,25,9,108,21,32,33" hai2="44,87,68,4,100,116,133,83,23,57,79,58,31" hai3="81,46,86,67,91,98,12,92,11,84,99,53,78"/><T113/><D129/><U7/><E108/><V128/><F68/><W134/><G67/><T107/><D65/><U125/><E51/><V76/><F128/><W55/><G134/><T22/><D22/><N who="1" m="11599" /><E56/><N who="2" m="21611" /><F133/><W24/><G24/><T80/><D74/><U94/><E94/><V90/><F116/><W40/><G99/><T85/><D73/><U36/><E36/><V110/><F110/><W131/><G98/><T19/><D19/><N who="1" m="12479" /><E117/><V132/><F132/><W6/><REACH who="3" step="1"/><G131/><REACH who="3" ten="250,322,227,191" step="2"/><T14/><D103/><U29/><E33/><V17/><F100/><W54/><G54/><T82/><D107/><U104/><E104/><V2/><F31/><W61/><G61/><T16/><D105/><U111/><E111/><V64/><F64/><W102/><G102/><T27/><D27/><N who="1" m="18495" /><E120/><V122/><F122/><W97/><G97/><T43/><D43/><U35/><E35/><V95/><F44/><W88/><G88/><T26/><D26/><U20/><E125/><V37/><F90/><W63/><G63/><T28/><D41/><U126/><E126/><V96/><F96/><W124/><G124/><T62/><D62/><U47/><E47/><V93/><F79/><W135/><G135/><T109/><D109/><U101/><E101/><V114/><F76/><W42/><G42/><T1/><D77/><U8/><E8/><V3/><F23/><AGARI ba="1,1" hai="0,7,9,20,23" m="18495,12479,11599" machi="23" ten="30,12000,2" yaku="24,1,35,5" doraHai="75" who="1" fromWho="2" sc="250,0,322,133,227,-123,191,0" /><INIT seed="5,0,0,5,5,26" ten="250,455,104,191" oya="1" hai0="32,62,118,6,88,123,82,97,39,22,107,105,135" hai1="132,134,35,40,19,81,3,29,99,34,80,16,2" hai2="84,92,125,114,89,129,83,56,116,46,108,37,94" hai3="124,122,113,49,41,130,20,101,128,18,30,86,59"/><U119/><E40/><V68/><F68/><W8/><G122/><T14/><D32/><U11/><E99/><V110/><F116/><W17/><G113/><T106/><D39/><U58/><E58/><V0/><F0/><W104/><G124/><T75/><D118/><U73/><E73/><V50/><F125/><W52/><G41/><T126/><D62/><U45/><E45/><V133/><F114/><W79/><G101/><N who="0" m="62639" /><D22/><U98/><E98/><V13/><F129/><N who="3" m="49771" /><G8/><T117/><D14/><U90/><E90/><V60/><F37/><W38/><G104/><N who="0" m="39979" /><D6/><U5/><E119/><V69/><F69/><W53/><G38/><T76/><D126/><U57/><E57/><V61/><F110/><W131/><G131/><T78/><D117/><U85/><E11/><V21/><F108/><W96/><G53/><T120/><D135/><U12/><E12/><V27/><F133/><W102/><G59/><T36/><D36/><U127/><E127/><V93/><F13/><W71/><G49/><T31/><D76/><U7/><E29/><N who="2" m="17647" /><F56/><W28/><G71/><T33/><D31/><U43/><REACH who="1" step="1"/><E43/><AGARI ba="0,0" hai="43,46,50,60,61,83,84,89,92,93,94" m="17647" machi="43" ten="30,2000,0" yaku="8,1,52,1" doraHai="26" who="2" fromWho="1" sc="250,0,455,-20,104,20,191,0" /><INIT seed="6,0,0,5,2,118" ten="250,435,124,191" oya="2" hai0="104,45,37,64,132,10,33,60,77,124,56,24,17" hai1="91,65,32,103,112,59,85,93,131,84,63,115,30" hai2="76,81,7,40,71,31,5,57,67,47,16,36,94" hai3="75,72,66,53,9,98,68,22,88,21,102,69,82"/><V27/><F94/><W55/><G9/><T28/><D104/><U52/><E131/><V41/><F71/><W1/><G1/><T108/><D108/><U120/><E120/><V100/><F100/><W83/><G102/><T42/><D132/><U13/><E103/><V90/><F90/><W3/><G3/><T46/><D124/><U80/><E13/><V92/><F92/><W125/><G88/><T73/><D46/><U58/><E30/><V34/><F41/><W19/><G19/><T6/><D17/><U123/><E123/><V48/><F67/><W38/><G66/><T105/><D105/><U4/><E4/><V25/><F57/><W43/><G125/><T2/><D77/><N who="1" m="46095" /><E32/><V0/><F48/><W23/><G23/><T79/><D79/><U26/><E26/><V119/><F119/><W106/><G106/><T11/><D11/><U89/><E89/><V49/><F36/><W15/><G15/><T95/><D95/><U39/><E39/><V50/><F50/><W14/><G14/><T99/><D99/><U101/><E101/><V116/><F116/><W44/><G38/><T114/><D73/><U111/><E111/><V78/><F0/><W129/><G43/><T96/><D96/><U8/><E8/><V122/><F122/><W126/><G98/><T74/><D74/><U130/><E130/><V107/><F107/><W51/><G129/><T117/><D117/><U86/><E86/><N who="2" m="48423" /><F78/><W12/><G51/><T87/><D87/><U18/><E18/><V35/><F16/><W128/><G128/><T110/><D110/><U29/><E29/><AGARI ba="0,0" hai="5,7,25,27,29,31,34,35,40,47,49" m="48423" machi="29" ten="30,1500,0" yaku="6,1" doraHai="118" who="2" fromWho="1" sc="250,0,435,-15,124,15,191,0" /><INIT seed="6,1,0,2,4,60" ten="250,420,139,191" oya="2" hai0="125,62,8,67,7,101,77,113,135,17,81,111,56" hai1="29,92,43,129,116,64,61,133,36,55,107,20,109" hai2="40,13,118,19,94,21,93,75,99,4,84,124,114" hai3="47,2,112,66,51,24,87,48,122,22,11,97,106"/><V58/><F75/><W110/><G110/><T44/><D111/><U68/><E107/><V15/><F118/><W74/><G74/><T100/><D113/><U73/><E109/><V9/><F114/><W41/><G112/><T102/><D135/><U3/><E3/><V115/><F115/><W65/><G122/><T32/><D125/><U105/><E105/><V76/><F124/><W18/><G106/><T27/><D44/><U10/><E92/><V123/><F123/><W59/><G97/><T31/><D17/><U5/><E133/><V16/><F40/><W104/><G104/><T35/><D35/><U45/><E129/><V90/><F58/><W53/><REACH who="3" step="1"/><G87/><REACH who="3" ten="250,420,139,181" step="2"/><T89/><D102/><U132/><E73/><V39/><F39/><W28/><G28/><T80/><D101/><U96/><E29/><V23/><F76/><W103/><G103/><T0/><D100/><U25/><E36/><V72/><F72/><W79/><G79/><T83/><D89/><U85/><E96/><V42/><F42/><W52/><G52/><T108/><D108/><U69/><E43/><V54/><F54/><W6/><AGARI ba="1,1" hai="2,6,11,18,22,24,41,47,48,51,53,59,65,66" machi="6" ten="30,7900,0" yaku="1,1,0,1,52,2,53,0" doraHai="60" doraHaiUra="130" who="3" fromWho="3" sc="250,-21,420,-21,139,-40,181,92" /><INIT seed="7,0,0,5,5,94" ten="229,399,99,273" oya="3" hai0="8,16,88,99,58,134,29,44,130,119,26,14,132" hai1="11,56,54,66,95,2,36,75,115,65,93,46,0" hai2="100,90,81,73,80,121,50,117,106,48,110,38,43" hai3="18,55,6,79,76,35,108,9,98,133,112,40,57"/><W28/><G40/><T104/><D119/><U126/><E75/><V82/><F43/><W17/><G112/><T51/><D130/><U71/><E115/><V62/><F62/><W45/><G45/><T19/><D58/><U127/><E71/><V37/><F117/><W92/><G133/><T32/><D19/><U61/><E93/><V111/><F121/><W109/><G18/><T105/><D88/><U52/><E95/><V84/><F73/><W53/><G17/><T124/><D124/><N who="1" m="47659" /><E11/><V103/><F90/><N who="3" m="55575" /><G28/><T70/><D70/><U31/><E31/><V41/><F84/><W128/><G35/><T33/><D33/><U96/><E96/><V13/><F13/><N who="3" m="5303" /><G128/><T122/><D122/><U5/><E5/><V129/><F129/><W15/><G15/><T64/><D99/><U86/><E86/><V27/><F27/><W7/><G7/><T131/><D131/><U34/><E34/><V47/><F106/><W20/><G20/><T74/><D74/><U89/><E89/><V23/><F23/><W63/><G55/><N who="1" m="21034" /><E66/><V3/><F3/><W68/><G68/><T83/><D64/><U1/><E1/><V123/><F123/><W114/><G114/><T120/><D120/><U116/><E116/><V59/><F103/><W77/><G77/><T101/><D101/><U24/><E24/><V118/><F100/><W85/><G79/><T39/><D105/><U42/><AGARI ba="0,0" hai="0,2,36,42,46,56,61,65" m="21034,47659" machi="42" ten="30,2000,0" yaku="18,1,54,1" doraHai="94" who="1" fromWho="1" sc="229,-5,399,20,99,-5,273,-10" owari="224,-18.0,419,53.0,94,-41.0,263,6.0" /></mjloggm>