<mjloggm ver="2.3"><GO type="169" lobby="0"/><UN n0="%55%4E%4C%4F%4F%53%45" n1="%E3%83%88%E3%83%88%E3%83%AA%E5%85%88%E7%94%9F%31%39%E6%AD%B3" n2="%E5%8D%9A%E9%BA%97%E3%82%86%E3%81%8B%E3%82%8A" n3="%E3%83%9E%E3%82%AC%E3%82%B8%E3%83%B3" dan="16,19,16,16" rate="2204.44,2277.97,2097.71,2174.21" sx="F,F,M,F"/><TAIKYOKU oya="0"/><INIT seed="0,0,0,0,1,5" ten="250,250,250,250" oya="0" hai0="71,49,81,135,116,107,44,129,103,133,132,15,18" hai1="72,33,85,93,92,48,75,96,43,38,127,100,46" hai2="84,56,122,80,22,24,112,16,101,119,117,113,134" hai3="95,76,121,1,63,89,99,62,77,36,65,53,58"/><T66/><D116/><N who="2" m="44618" /><F122/><W34/><G36/><T97/><D129/><U108/><E33/><V111/><F134/><W115/><G34/><T73/><D66/><U105/><E108/><V2/><F101/><W40/><G40/><T114/><D71/><U60/><E127/><V78/><F111/><W86/><G1/><T52/><D114/><U90/><E38/><V32/><F2/><W128/><G115/><T118/><D118/><U23/><E60/><V19/><F32/><W82/><G128/><T124/><D124/><U50/><E50/><V17/><F56/><N who="3" m="35087" /><G121/><T83/><REACH who="0" step="1"/><D73/><REACH who="0" ten="240,250,250,250" step="2"/><U42/><E75/><V37/><F113/><W61/><G65/><T126/><D126/><U91/><E72/><V4/><F112/><W120/><G120/><T130/><D130/><U6/><E43/><V31/><F37/><W27/><G58/><T54/><D54/><U39/><E39/><V35/><F35/><W26/><G77/><T9/><AGARI ba="0,1" hai="9,15,18,44,49,52,81,83,97,103,107,132,133,135" machi="9" ten="30,12000,1" yaku="1,1,0,1,20,1,52,1,54,1,53,0" doraHai="5" doraHaiUra="57" who="0" fromWho="0" sc="240,130,250,-40,250,-40,250,-40" /><INIT seed="0,1,0,1,5,26" ten="370,210,210,210" oya="0" hai0="55,102,69,54,128,65,111,36,89,127,81,118,107" hai1="105,29,10,121,5,134,2,13,110,130,48,73,80" hai2="109,97,133,82,50,108,66,103,57,114,28,52,94" hai3="68,56,84,101,51,83,78,92,135,16,35,40,104"/><T7/><D36/><U64/><E121/><V39/><F39/><W120/><G68/><T46/><D118/><U33/><E105/><V34/><F114/><W67/><G104/><T93/><D128/><U77/><E130/><V132/><F66/><W23/><G120/><T99/><D127/><U113/><E113/><V24/><REACH who="2" step="1"/><F82/><REACH who="2" ten="370,210,200,210" step="2"/><W62/><G135/><AGARI ba="1,1" hai="24,28,34,50,52,57,94,97,103,108,109,132,133,135" machi="135" ten="40,8000,1" yaku="1,1,2,1,20,1,52,1,54,1,53,0" doraHai="26" doraHaiUra="87" who="2" fromWho="3" sc="370,0,210,0,200,93,210,-83" /><INIT seed="1,0,0,4,2,53" ten="370,210,293,127" oya="1" hai0="6,66,135,127,118,61,132,42,103,25,24,0,88" hai1="123,77,29,45,73,117,120,113,76,39,64,2,81" hai2="83,93,110,95,85,59,13,48,65,115,15,82,60" hai3="129,5,78,40,67,134,84,41,102,38,72,51,47"/><U125/><E113/><V124/><F124/><W1/><G129/><T12/><D0/><U114/><E114/><V3/><F3/><W131/><G131/><T128/><D128/><U119/><E125/><V75/><F110/><W116/><G134/><N who="0" m="51243" /><D103/><U57/><E2/><V130/><F130/><W87/><G116/><T89/><D42/><U16/><E29/><V111/><F111/><W37/><G67/><T8/><D118/><U104/><E104/><V19/><F15/><W27/><G102/><T99/><D127/><U63/><E77/><N who="2" m="46287" /><F75/><W30/><G72/><T34/><D99/><U68/><E117/><V18/><F18/><W96/><G96/><T94/><D94/><U14/><E119/><V79/><F115/><W50/><G78/><T98/><D98/><U58/><E45/><V54/><F83/><W33/><G5/><T32/><D25/><U9/><REACH who="1" step="1"/><E39/><REACH who="1" ten="370,200,293,127" step="2"/><V86/><F79/><W100/><G1/><T133/><D133/><U105/><E105/><V74/><F74/><W107/><G107/><T112/><D112/><U36/><E36/><V52/><F86/><W122/><G100/><T91/><D91/><U92/><E92/><V10/><F93/><W46/><G122/><AGARI ba="0,1" hai="9,14,16,57,58,63,64,68,73,76,81,120,122,123" machi="122" ten="40,12000,1" yaku="1,1,52,2,54,1,53,0" doraHai="53" doraHaiUra="90" who="1" fromWho="3" sc="370,0,200,130,293,0,127,-120" /><INIT seed="1,1,0,0,3,16" ten="370,330,293,7" oya="1" hai0="73,40,54,58,115,51,78,120,69,100,80,17,105" hai1="121,110,129,112,3,77,75,130,28,104,62,2,82" hai2="132,7,36,65,18,38,24,27,43,118,94,108,70" hai3="39,25,21,53,127,135,93,49,125,15,98,102,63"/><U9/><E112/><V92/><F118/><W84/><G39/><T42/><D115/><U11/><E121/><V111/><F7/><W60/><G135/><T57/><D69/><U68/><E104/><V23/><F132/><W19/><G84/><T74/><D74/><U128/><E110/><N who="2" m="42027" /><F43/><W6/><G6/><T50/><D120/><U107/><E107/><V67/><F70/><W46/><G25/><N who="2" m="9801" /><F23/><W1/><G1/><N who="1" m="10" /><E28/><V96/><F18/><W85/><G85/><T64/><D17/><U114/><E114/><V48/><F48/><W20/><G20/><T5/><D5/><U26/><E26/><V117/><F96/><W91/><G102/><T87/><D100/><U99/><E99/><V95/><F117/><W10/><G10/><T122/><D122/><U44/><E44/><V56/><F56/><W33/><G33/><T29/><D29/><U31/><E31/><V30/><F30/><W116/><G116/><T41/><D105/><U76/><E76/><V35/><F35/><W34/><G34/><T55/><D73/><U22/><E22/><V88/><F88/><W113/><G113/><T103/><D103/><U45/><E45/><V32/><F32/><W106/><G106/><T83/><D83/><U86/><E75/><V4/><F4/><W81/><G81/><T101/><D101/><U133/><E133/><V59/><F59/><W134/><G134/><T90/><D64/><AGARI ba="1,0" hai="9,11,62,64,68,77,82,86,128,129,130" m="10" machi="64" ten="40,2000,0" yaku="19,1" doraHai="16" who="1" fromWho="0" sc="370,-23,330,23,293,0,7,0" /><AGARI ba="1,0" hai="36,38,64,65,67,92,94,95" m="9801,42027" machi="64" ten="40,5200,0" yaku="28,2,14,1" doraHai="16" who="2" fromWho="0" sc="347,-52,353,0,293,52,7,0" /><INIT seed="1,2,0,3,4,101" ten="295,353,345,7" oya="1" hai0="39,106,115,37,77,72,67,117,22,38,87,110,88" hai1="74,57,82,91,43,0,75,102,18,65,105,71,28" hai2="84,48,23,25,127,104,12,21,119,123,86,103,27" hai3="49,29,130,125,134,53,17,95,76,89,35,3,58"/><U59/><E0/><V92/><F119/><W55/><G3/><T112/><D117/><U79/><E74/><V122/><F104/><W66/><G66/><T63/><D110/><U69/><E43/><V81/><F127/><W113/><G113/><T116/><D116/><U111/><E111/><V11/><F48/><W94/><G76/><T46/><D46/><U8/><E8/><V13/><F81/><W10/><G125/><T64/><D64/><U7/><E7/><V42/><F42/><W96/><G29/><T2/><D2/><U68/><E18/><V14/><F11/><W36/><G36/><T47/><D47/><U131/><E131/><V41/><F41/><W90/><G35/><T135/><D135/><U45/><E45/><V129/><F129/><W109/><G109/><T124/><D124/><U54/><E28/><N who="2" m="17455" /><F122/><W26/><G134/><T24/><D106/><U100/><E105/><V5/><F5/><W73/><G73/><T98/><D98/><U32/><E32/><V114/><F114/><W132/><G132/><T121/><D121/><U4/><E4/><V99/><F123/><W9/><G130/><T118/><D118/><U85/><E65/><V108/><F108/><W56/><G26/><T6/><D6/><U44/><E44/><V16/><AGARI ba="2,0" hai="12,13,14,16,23,27,84,86,92,99,103" m="17455" machi="16" ten="30,2000,0" yaku="8,1,54,1" doraHai="101" who="2" fromWho="2" sc="295,-7,353,-12,345,26,7,-7" /><INIT seed="2,0,0,5,2,50" ten="288,341,371,0" oya="2" hai0="41,132,111,124,62,77,113,103,129,54,12,18,29" hai1="128,55,59,58,71,14,47,10,116,23,35,92,97" hai2="37,114,24,21,43,81,48,32,70,63,115,40,2" hai3="46,33,52,134,84,49,69,79,64,99,28,121,38"/><V91/><F2/><W96/><G121/><T68/><D113/><U73/><E116/><V45/><F91/><W76/><G28/><T5/><D5/><N who="1" m="3407" /><E73/><V13/><F13/><W93/><G33/><T100/><D111/><U57/><E71/><V9/><F9/><W17/><G134/><T66/><D132/><U89/><E35/><V74/><F48/><W109/><G109/><T36/><D129/><U42/><E128/><V78/><F40/><W127/><G127/><T61/><D124/><U105/><E105/><V60/><F60/><W11/><G38/><T4/><D4/><U22/><E42/><V86/><F86/><W51/><G64/><T31/><D77/><N who="3" m="29769" /><G69/><T106/><D103/><U75/><E75/><V30/><F21/><N who="1" m="7689" /><E47/><V7/><F7/><W123/><G123/><T80/><D80/><U8/><E8/><V98/><F98/><W125/><G125/><T53/><D61/><U34/><E34/><V102/><F102/><W0/><G0/><T101/><D101/><U118/><E118/><V65/><AGARI ba="0,0" hai="24,30,32,37,43,45,63,65,70,74,78,81,114,115" machi="65" ten="30,6000,0" yaku="0,1,23,2" doraHai="50" who="2" fromWho="2" sc="288,-20,341,-20,371,60,0,-20" owari="268,-13.0,321,12.0,431,53.0,-20,-52.0" /></mjloggm>