<mjloggm ver="2.3"><GO type="225" lobby="0"/><UN n0="%E3%82%A6%E3%83%AB%E3%83%88%E3%83%A9%E7%AB%8B%E7%9B%B4" n1="%45%6D%75%72%61%74%65%64" n2="%E9%9B%80%E9%AC%BC%E8%94%B5%E6%88%B8" n3="%E3%81%95%E3%81%8B%E3%81%95%E3%81%BE%E3%82%A8%E3%83%9E%E3%83%8E%E3%83%B3" dan="17,17,16,18" rate="2190.80,2144.46,2103.28,2253.38" sx="M,M,M,M"/><TAIKYOKU oya="0"/><INIT seed="0,0,0,0,0,70" ten="250,250,250,250" oya="0" hai0="85,3,35,104,79,12,28,59,71,73,20,130,121" hai1="94,78,60,103,113,124,93,119,80,49,34,95,13" hai2="50,10,77,135,61,87,44,111,125,89,134,29,25" hai3="112,15,96,2,43,68,115,38,69,81,84,129,7"/><T23/><D71/><U117/><E34/><V46/><F125/><W63/><G96/><T57/><D73/><U92/><E124/><V62/><F77/><W26/><G129/><T116/><D3/><U131/><E131/><V67/><F111/><W132/><G132/><N who="2" m="50729" /><F10/><N who="3" m="2423" /><G15/><T4/><D35/><U48/><E113/><V127/><F127/><W122/><G84/><T17/><D104/><U82/><E13/><V18/><F18/><W114/><G26/><N who="0" m="16479" /><D116/><U110/><E110/><V24/><F24/><W107/><G81/><N who="0" m="47295" /><D130/><U36/><E119/><V105/><F105/><W65/><G69/><T16/><D121/><U106/><E106/><V45/><F50/><W75/><G107/><T30/><D30/><U120/><E120/><V102/><F67/><W9/><G9/><N who="0" m="6159" /><D4/><U90/><E117/><V31/><F31/><W88/><G122/><T64/><D64/><U126/><E126/><V83/><F102/><W14/><G75/><T11/><D11/><U100/><E100/><V37/><F37/><W41/><G38/><T51/><D51/><U98/><E36/><V1/><F1/><W91/><G115/><T8/><D8/><U40/><E48/><V108/><F108/><W22/><G114/><T109/><D109/><U128/><E128/><V86/><F86/><W76/><G112/><T0/><D0/><U54/><E103/><V74/><F74/><W19/><G76/><T47/><D47/><N who="1" m="25831" /><E78/><V58/><F46/><W32/><G32/><T56/><D56/><AGARI ba="0,0" hai="54,56,60,80,82,90,92,93,94,95,98" m="25831" machi="56" ten="30,1000,0" yaku="8,1" doraHai="70" who="1" fromWho="0" sc="250,-10,250,10,250,0,250,0" /><INIT seed="1,0,0,0,5,109" ten="240,260,250,250" oya="1" hai0="116,65,30,124,44,126,74,86,112,4,6,12,133" hai1="85,131,19,132,56,70,22,27,58,81,75,84,59" hai2="46,95,15,40,41,125,119,71,122,67,50,99,26" hai3="82,16,62,60,47,9,130,101,79,134,87,104,2"/><U97/><E70/><V49/><F122/><W48/><G130/><T135/><D74/><U61/><E131/><V20/><F125/><N who="0" m="48234" /><D65/><U115/><E115/><V34/><F34/><W28/><G134/><N who="0" m="51211" /><D116/><U83/><E132/><V63/><F119/><W114/><G114/><T94/><D112/><U5/><E5/><V0/><F0/><W80/><G2/><T111/><D111/><U102/><E61/><V128/><F128/><W90/><G28/><T18/><D44/><U37/><E37/><V96/><F15/><N who="3" m="7279" /><G101/><T72/><D72/><U123/><E123/><V25/><F25/><W31/><G31/><T103/><D30/><U53/><E53/><V23/><F26/><W36/><G36/><T57/><D57/><U127/><E75/><V55/><F41/><N who="3" m="24687" /><G104/><T21/><D103/><U24/><E24/><V7/><F71/><W110/><G110/><T1/><D1/><U8/><E127/><V88/><F40/><W89/><G89/><AGARI ba="0,0" hai="4,6,12,18,21,86,89,94" m="51211,48234" machi="89" ten="30,2000,0" yaku="18,1,20,1" doraHai="109" who="0" fromWho="3" sc="240,20,260,0,250,0,250,-20" /><INIT seed="2,0,0,2,4,112" ten="260,260,250,230" oya="2" hai0="122,81,33,48,54,57,73,128,15,8,11,23,129" hai1="21,85,71,132,121,111,19,101,120,84,37,131,92" hai2="2,66,77,49,134,79,64,135,50,125,52,102,31" hai3="10,61,83,7,116,110,114,4,98,118,26,42,36"/><V113/><F113/><W68/><G114/><T60/><D33/><U95/><E37/><V86/><F2/><N who="3" m="279" /><G7/><T70/><D122/><N who="1" m="47211" /><E71/><V133/><F125/><W28/><G110/><T80/><D23/><U74/><E74/><V109/><F109/><W38/><G98/><T106/><D106/><U9/><E111/><V96/><F50/><W69/><G83/><T46/><D70/><N who="3" m="27241" /><G61/><T63/><D63/><U99/><E9/><V45/><F31/><W18/><G18/><T3/><D3/><U27/><E131/><N who="0" m="50249" /><D73/><U1/><E1/><V14/><F14/><W32/><G42/><N who="0" m="24663" /><D8/><U76/><E76/><N who="2" m="29259" /><F86/><W104/><G104/><AGARI ba="0,0" hai="45,49,52,64,66,96,102,104,133,134,135" m="29259" machi="104" ten="30,2900,0" yaku="20,1,54,1" doraHai="112" who="2" fromWho="3" sc="260,0,260,0,250,29,230,-29" /><INIT seed="2,1,0,0,0,102" ten="260,260,279,201" oya="2" hai0="58,77,80,110,130,27,13,122,128,4,20,47,123" hai1="124,57,93,49,87,21,117,66,111,121,88,25,69" hai2="41,3,67,108,74,72,113,46,82,78,62,131,1" hai3="54,26,98,29,103,133,85,50,73,134,24,55,43"/><V120/><F120/><N who="0" m="46122" /><D58/><U107/><E121/><V36/><F113/><W7/><G73/><T71/><D47/><U17/><E117/><V56/><F131/><N who="0" m="50218" /><D71/><U14/><E107/><V125/><F125/><W8/><G85/><T94/><D94/><U16/><E124/><V65/><F108/><W34/><G26/><T5/><D13/><U64/><E111/><V35/><F35/><W12/><G43/><T44/><D44/><U84/><E84/><V86/><F67/><W92/><REACH who="3" step="1"/><G50/><REACH who="3" ten="260,260,279,191" step="2"/><T99/><D110/><U51/><E51/><V81/><F74/><W42/><G42/><T31/><D99/><U70/><E70/><V9/><F72/><AGARI ba="1,1" hai="4,5,20,27,31,72,77,80" m="50218,46122" machi="72" ten="30,1000,0" yaku="19,1" doraHai="102" who="0" fromWho="2" sc="260,23,260,0,279,-13,191,0" /><INIT seed="3,0,0,3,1,85" ten="283,260,266,191" oya="3" hai0="67,48,4,76,24,106,103,16,50,22,47,42,7" hai1="35,41,75,45,14,31,86,71,72,64,89,61,37" hai2="135,55,120,17,129,90,74,124,126,6,36,100,18" hai3="60,117,130,27,109,10,77,131,54,49,102,125,105"/><W63/><G117/><T68/><D76/><U57/><E14/><V93/><F74/><W12/><G125/><T32/><D32/><U92/><REACH who="1" step="1"/><E71/><REACH who="1" ten="283,250,266,191" step="2"/><V58/><F126/><W19/><G109/><T43/><D68/><U96/><E96/><V104/><F124/><W33/><G77/><T128/><D128/><N who="3" m="49193" /><G102/><T20/><D103/><U21/><E21/><V132/><F100/><W1/><G105/><T44/><D106/><U26/><AGARI ba="0,1" hai="26,31,35,37,41,45,57,61,64,72,75,86,89,92" machi="26" ten="30,4000,0" yaku="1,1,0,1,52,1,53,0" doraHai="85" doraHaiUra="118" who="1" fromWho="1" sc="283,-10,250,50,266,-10,191,-20" owari="273,7.0,300,40.0,256,-14.0,171,-33.0" /></mjloggm>