<mjloggm ver="2.3"><GO type="225" lobby="0"/><UN n0="%E3%83%9B%E3%83%B3%E3%82%A4%E3%83%84%E5%8E%A8" n1="%E3%82%AB%E3%83%A9%E3%82%B9%E3%81%AE%E5%AD%90" n2="%E3%82%A6%E3%83%AB%E3%83%88%E3%83%A9%E7%AB%8B%E7%9B%B4" n3="%E3%81%A9%E3%82%93%E3%82%88%E3%81%8F%4D%6B%2E%32" dan="17,16,17,16" rate="2199.17,2090.03,2142.31,2187.12" sx="M,M,M,M"/><TAIKYOKU oya="0"/><INIT seed="0,0,0,0,2,89" ten="250,250,250,250" oya="0" hai0="75,34,96,124,35,28,60,88,119,128,97,100,127" hai1="93,58,20,73,79,129,45,3,61,87,94,110,23" hai2="50,115,25,76,15,86,78,26,5,29,66,81,71" hai3="59,37,40,99,84,104,135,42,131,77,91,27,36"/><T116/><D75/><U57/><E3/><V65/><F115/><W22/><G131/><T125/><D128/><U130/><E73/><V101/><F71/><W39/><G135/><T0/><D0/><U95/><E110/><V63/><F101/><W16/><G77/><T1/><D1/><U109/><E109/><V21/><F63/><W47/><G59/><N who="1" m="22538" /><E130/><V117/><F117/><W38/><G42/><T120/><D60/><U133/><E129/><V53/><F78/><W14/><G99/><T10/><D10/><U92/><E133/><V9/><REACH who="2" step="1"/><F26/><REACH who="2" ten="250,250,240,250" step="2"/><W122/><G122/><T118/><D120/><U54/><E61/><V113/><F113/><W107/><REACH who="3" step="1"/><G27/><REACH who="3" ten="250,250,240,240" step="2"/><T11/><D118/><U13/><E79/><V82/><F82/><AGARI ba="0,2" hai="14,16,22,36,37,38,39,40,47,82,84,91,104,107" machi="82" ten="40,5200,0" yaku="1,1,2,1,54,1,53,0" doraHai="89" doraHaiUra="123" who="3" fromWho="2" sc="250,0,250,0,240,-52,240,72" /><INIT seed="1,0,0,2,2,128" ten="250,250,188,312" oya="1" hai0="66,11,61,3,21,64,33,69,90,43,114,132,125" hai1="9,121,20,89,108,95,93,130,120,60,18,74,112" hai2="79,116,81,84,7,35,2,4,105,109,113,104,52" hai3="31,50,51,68,115,25,46,134,38,15,127,6,44"/><U117/><E117/><V24/><F116/><W27/><G115/><T100/><D33/><U119/><E119/><V129/><F113/><W49/><G68/><T48/><D114/><U80/><E112/><V19/><F129/><W54/><G127/><T106/><D132/><U73/><E130/><V10/><F109/><W45/><G38/><T34/><D34/><U67/><E108/><V59/><F7/><W36/><G36/><T22/><D90/><U40/><E40/><V41/><F41/><W96/><G134/><T13/><D66/><U78/><E9/><V107/><F19/><W111/><G111/><T23/><D3/><U123/><E74/><V122/><F122/><W85/><G85/><T82/><D82/><U47/><E47/><V101/><F24/><W17/><G6/><T55/><D43/><U16/><E95/><V1/><F35/><W126/><G126/><T28/><D125/><U63/><E18/><V8/><F8/><W94/><G54/><T77/><D77/><U62/><E67/><V42/><F42/><W86/><G86/><T97/><D28/><U124/><E124/><V131/><F131/><W71/><G71/><T14/><REACH who="0" step="1"/><D11/><REACH who="0" ten="240,250,188,312" step="2"/><U57/><E89/><V118/><F118/><W91/><G31/><T133/><D133/><U102/><E102/><V39/><F39/><W5/><G5/><T72/><D72/><U12/><E93/><V98/><REACH who="2" step="1"/><F1/><REACH who="2" ten="240,250,178,312" step="2"/><W103/><G103/><T76/><D76/><U83/><REACH who="1" step="1"/><E80/><REACH who="1" ten="240,240,178,312" step="2"/><V26/><F26/><W0/><G0/><T110/><D110/><U30/><E30/><V65/><F65/><RYUUKYOKU ba="0,3" sc="240,0,240,0,178,0,312,0" hai0="13,14,21,22,23,48,55,61,64,69,97,100,106" hai1="12,16,20,57,60,62,63,73,78,83,120,121,123" hai2="2,4,10,52,59,79,81,84,98,101,104,105,107" hai3="15,17,25,27,44,45,46,49,50,51,91,94,96" /><INIT seed="1,1,3,5,4,130" ten="240,240,178,312" oya="1" hai0="33,6,70,102,97,4,125,133,44,20,95,29,86" hai1="37,110,66,108,96,48,135,77,63,112,106,89,72" hai2="129,65,131,58,50,51,59,87,2,35,81,82,69" hai3="88,56,54,49,117,15,8,38,27,52,31,13,107"/><U118/><E112/><V80/><F2/><W61/><G107/><T120/><D70/><U62/><E118/><V98/><F35/><W91/><G38/><T64/><D64/><U123/><E123/><V45/><F98/><W36/><G36/><T78/><D125/><U24/><E37/><V42/><F87/><W57/><G117/><T109/><D33/><U21/><E135/><V14/><F14/><W9/><G15/><T115/><D115/><U105/><E48/><V30/><F30/><W73/><G73/><T46/><D109/><N who="1" m="42091" /><E77/><V75/><F75/><W113/><G113/><T43/><D120/><U84/><E72/><V119/><F119/><W0/><G0/><T53/><D53/><U68/><E63/><N who="2" m="40127" /><F51/><W127/><G127/><T94/><D133/><U17/><E96/><V90/><F90/><N who="3" m="34347" /><G13/><T101/><D78/><U99/><E99/><V16/><F16/><W85/><G85/><T1/><D97/><U26/><E24/><V32/><F32/><W93/><G93/><AGARI ba="1,3" hai="17,21,26,62,66,68,84,89,93,105,106" m="42091" machi="93" ten="30,2900,0" yaku="14,1,10,1" doraHai="130" who="1" fromWho="3" sc="240,0,240,62,178,0,312,-32" /><INIT seed="1,2,0,4,0,47" ten="240,302,178,280" oya="1" hai0="64,56,44,49,80,42,54,103,53,12,67,122,96" hai1="25,127,52,114,40,36,76,131,129,19,83,59,78" hai2="29,126,41,4,93,1,115,73,60,91,132,48,21" hai3="94,37,62,18,65,92,123,61,32,107,135,10,27"/><U86/><E114/><V84/><F115/><W28/><G123/><T57/><D80/><U24/><E78/><V9/><F126/><W15/><G107/><T2/><D12/><U125/><E40/><V110/><F110/><W11/><G37/><N who="0" m="21583" /><D96/><U38/><E38/><V39/><F132/><W98/><G135/><T30/><D103/><U117/><E36/><V43/><F39/><W6/><G65/><N who="0" m="25163" /><D30/><U134/><E117/><V50/><F60/><W124/><G124/><N who="1" m="47690" /><E134/><V128/><F128/><N who="1" m="49225" /><E19/><V119/><F119/><W46/><G46/><N who="0" m="27831" /><D2/><U51/><AGARI ba="2,0" hai="24,25,51,52,59,76,83,86" m="49225,47690" machi="51" ten="30,11700,0" yaku="18,1,19,1,52,1,54,1" doraHai="47" who="1" fromWho="1" sc="240,-41,302,123,178,-41,280,-41" /><INIT seed="1,3,0,3,5,12" ten="199,425,137,239" oya="1" hai0="68,77,4,36,41,6,30,21,18,67,65,28,10" hai1="84,48,15,112,33,85,62,116,79,87,106,38,37" hai2="7,102,130,31,121,56,34,71,55,104,75,89,90" hai3="105,43,25,50,127,35,133,64,135,0,82,70,22"/><U19/><E116/><V100/><F121/><W9/><G105/><T60/><D67/><U111/><E112/><V76/><F71/><W39/><G39/><T49/><D4/><U81/><E106/><V92/><F7/><N who="3" m="1255" /><G35/><T124/><D124/><U99/><E99/><N who="2" m="61535" /><F55/><W66/><G127/><T14/><D36/><U61/><E33/><V24/><F56/><W123/><G70/><T74/><D74/><U26/><E38/><V27/><F27/><W59/><G82/><T129/><D77/><U108/><E37/><V120/><F120/><W119/><G119/><T95/><D95/><U5/><E26/><V1/><F1/><W52/><G43/><T29/><D129/><U115/><E5/><V117/><F117/><W125/><G125/><T57/><D68/><U98/><E115/><V128/><F100/><W134/><G123/><T40/><REACH who="0" step="1"/><D49/><REACH who="0" ten="189,425,137,239" step="2"/><U17/><E48/><V51/><F51/><W80/><G80/><T97/><D97/><U96/><E81/><N who="2" m="45215" /><F92/><W114/><G114/><T44/><D44/><U69/><E69/><V93/><F93/><W16/><AGARI ba="3,1" hai="16,22,25,50,52,59,64,66,133,134,135" m="1255" machi="16" ten="30,7900,0" yaku="20,1,52,1,54,2" doraHai="12" who="3" fromWho="3" sc="189,-23,425,-42,137,-23,239,98" /><INIT seed="2,0,0,5,4,44" ten="166,383,114,337" oya="2" hai0="112,70,57,25,56,116,80,11,39,53,86,85,117" hai1="16,93,3,68,18,58,26,109,133,127,123,98,81" hai2="31,47,10,91,90,43,46,20,54,131,33,41,60" hai3="110,78,36,95,27,63,111,23,0,128,92,79,13"/><V4/><F33/><W67/><G0/><T103/><D70/><U2/><E68/><V135/><F131/><W77/><G36/><T134/><D112/><U42/><E3/><V97/><F135/><W89/><G13/><T12/><D39/><U114/><E2/><V1/><F60/><W106/><G106/><T121/><D121/><U118/><E118/><N who="0" m="45673" /><D134/><U8/><E133/><V45/><F54/><W108/><G89/><N who="0" m="51367" /><D103/><U6/><E114/><V76/><F76/><W122/><G128/><T105/><D105/><U96/><E123/><V34/><F34/><W59/><REACH who="3" step="1"/><G122/><REACH who="3" ten="166,383,114,327" step="2"/><T48/><D12/><U61/><E26/><V28/><F91/><W49/><G49/><T101/><D48/><U7/><E61/><V62/><F62/><W35/><G35/><T72/><D101/><U50/><E50/><V21/><F90/><W82/><G82/><T124/><D25/><U104/><E81/><V29/><REACH who="2" step="1"/><F97/><REACH who="2" ten="166,383,104,327" step="2"/><W102/><G102/><T129/><D129/><U52/><E98/><V64/><F64/><W119/><G119/><T19/><D53/><U66/><E96/><V5/><F5/><W130/><G130/><T107/><D124/><U37/><E52/><V14/><F14/><W32/><G32/><T65/><D65/><U73/><E66/><V9/><F9/><W51/><G51/><T99/><D11/><U94/><E8/><V30/><N who="2" m="7168" /><DORA hai="40" /><V88/><F88/><W74/><G74/><T87/><D72/><U125/><E73/><V120/><F120/><W113/><G113/><T22/><D99/><U69/><E6/><V15/><F15/><RYUUKYOKU ba="0,2" sc="166,-15,383,-15,104,15,327,15" hai2="1,4,10,20,21,41,43,45,46,47" hai3="23,27,59,63,67,77,78,79,92,95,108,110,111" /><INIT seed="2,1,2,3,4,127" ten="151,368,119,342" oya="2" hai0="101,51,11,135,126,90,62,18,117,92,78,73,132" hai1="10,86,63,115,82,83,47,33,81,114,34,21,6" hai2="116,103,24,64,15,108,35,13,130,131,106,36,16" hai3="79,23,77,22,71,57,7,4,97,87,94,107,104"/><V129/><F116/><W52/><G71/><T93/><D126/><U31/><E33/><V12/><F36/><W55/><G87/><T120/><D120/><U84/><E34/><V66/><F108/><W124/><G124/><T105/><D105/><U113/><E47/><V119/><F119/><W68/><G68/><T41/><D62/><U56/><E31/><N who="2" m="19943" /><F16/><W2/><G2/><T8/><D117/><U27/><E27/><V45/><F45/><W109/><G109/><T76/><D101/><U30/><E30/><V58/><F58/><W1/><G1/><T85/><D93/><U37/><E37/><V39/><F39/><W100/><G104/><T95/><D95/><U19/><E19/><V59/><F59/><W102/><G107/><T80/><D78/><N who="3" m="29705" /><G102/><T28/><D28/><U98/><E98/><AGARI ba="1,2" hai="12,13,15,64,66,98,103,106,129,130,131" m="19943" machi="98" ten="40,12000,1" yaku="19,1,52,3" doraHai="127" who="2" fromWho="1" sc="151,0,368,-123,119,143,342,0" /><INIT seed="2,2,0,5,5,0" ten="151,245,262,342" oya="2" hai0="113,20,57,27,2,1,121,41,100,16,9,56,127" hai1="69,86,131,98,102,4,104,75,79,77,59,23,38" hai2="76,85,17,32,99,61,35,47,130,34,25,14,48" hai3="116,28,135,88,110,132,43,133,129,105,118,21,3"/><V119/><F119/><N who="3" m="45611" /><G105/><T66/><D113/><U117/><E69/><V95/><F130/><W50/><G3/><T87/><D121/><U44/><E117/><V107/><F107/><W63/><G110/><T109/><D109/><U39/><E131/><V53/><F61/><W115/><G115/><T5/><D127/><U72/><E59/><V114/><F114/><W112/><G112/><T46/><D100/><U70/><E70/><V108/><F108/><W134/><G129/><T126/><D126/><U29/><E29/><V83/><F25/><N who="3" m="16431" /><G63/><T80/><D66/><U82/><E23/><V73/><F73/><W18/><G18/><T120/><D120/><U67/><E67/><V94/><REACH who="2" step="1"/><F99/><REACH who="2" ten="151,245,252,342" step="2"/><W68/><G134/><T11/><D11/><AGARI ba="2,1" hai="11,14,17,32,34,35,47,48,53,76,83,85,94,95" machi="11" ten="40,3900,0" yaku="1,1,2,1,53,0" doraHai="0" doraHaiUra="22" who="2" fromWho="0" sc="151,-45,245,0,252,55,342,0" /><INIT seed="2,3,0,1,3,123" ten="106,245,307,342" oya="2" hai0="8,35,101,22,37,57,103,3,20,87,111,26,12" hai1="86,28,134,17,19,44,109,128,83,60,30,32,23" hai2="39,46,115,24,41,43,49,16,119,65,2,40,95" hai3="13,72,130,74,89,4,29,90,9,85,0,1,69"/><V76/><F119/><W77/><G69/><T63/><D37/><U61/><E32/><V96/><F115/><W121/><G121/><T47/><D47/><U75/><E75/><V27/><F2/><W135/><G135/><T91/><D3/><U56/><E134/><V48/><F39/><W98/><G130/><T45/><D45/><U92/><E128/><V18/><F76/><W50/><G29/><T112/><D112/><U81/><E44/><N who="2" m="25607" /><F65/><W7/><G98/><T80/><D35/><U127/><E127/><V15/><F43/><W10/><G50/><T5/><D111/><U31/><E109/><V52/><F41/><W122/><G122/><T64/><REACH who="0" step="1"/><D22/><REACH who="0" ten="96,245,307,342" step="2"/><U129/><E23/><N who="2" m="11679" /><F18/><AGARI ba="3,1" hai="5,8,12,18,20,26,57,63,64,80,87,91,101,103" machi="18" ten="30,8000,1" yaku="1,1,7,1,8,1,53,2" doraHai="123" doraHaiUra="99" who="0" fromWho="2" sc="96,99,245,0,307,-89,342,0" /><INIT seed="3,0,0,5,2,109" ten="195,245,218,342" oya="3" hai0="129,114,31,59,83,13,21,52,51,125,43,27,23" hai1="40,39,127,70,115,67,42,75,132,30,64,77,22" hai2="121,78,47,10,60,35,91,89,126,96,93,87,19" hai3="105,68,16,58,84,104,73,28,12,14,45,76,94"/><W113/><G68/><T116/><D116/><U134/><E75/><V90/><F35/><W118/><G113/><T38/><D129/><U71/><E77/><V107/><F107/><W122/><G28/><T112/><D125/><U81/><E81/><N who="2" m="47543" /><F126/><W74/><G12/><T5/><D83/><U6/><E6/><V1/><F1/><W69/><G69/><N who="1" m="26122" /><E22/><V9/><F121/><W32/><G32/><T18/><REACH who="0" step="1"/><D5/><REACH who="0" ten="185,245,218,342" step="2"/><U46/><E127/><V4/><F4/><W15/><G118/><T100/><D100/><U88/><E115/><V99/><F91/><W106/><G122/><T111/><D111/><U41/><E88/><V7/><F7/><W48/><G76/><T124/><D124/><U82/><E82/><V101/><F101/><W128/><G128/><T86/><D86/><U85/><E85/><V61/><F47/><AGARI ba="0,1" hai="13,18,21,23,27,31,38,43,47,51,52,59,112,114" machi="47" ten="40,12000,2" yaku="1,1,52,2,54,1,53,2" doraHai="109" doraHaiUra="110" who="0" fromWho="2" sc="185,130,245,0,218,-120,342,0" owari="315,12.0,245,-15.0,98,-40.0,342,43.0" /></mjloggm>