<mjloggm ver="2.3"><GO type="169" lobby="0"/><UN n0="%E3%83%A4%E3%82%AD%E3%83%B3" n1="%E5%B0%B1%E6%B4%BB%E7%94%9F%40%E5%B7%9D%E6%9D%91%E8%BB%8D%E5%9B%A3" n2="%E5%99%82%E3%81%AE%E3%81%8D%E3%81%BF%E3%81%A9%E3%82%8A" n3="%E3%82%A2%E3%82%AB%E3%82%AE%EF%BC%A0%E5%B7%9D%E6%9D%91%E8%BB%8D%E5%9B%A3" dan="16,17,16,16" rate="2115.21,2217.04,2113.39,2094.36" sx="M,M,F,M"/><TAIKYOKU oya="0"/><INIT seed="0,0,0,1,3,102" ten="250,250,250,250" oya="0" hai0="43,31,107,0,96,103,52,117,68,84,128,59,58" hai1="15,75,127,99,97,108,76,38,48,50,6,64,32" hai2="41,121,86,95,27,56,70,29,51,39,30,62,82" hai3="122,24,7,79,131,85,134,49,60,42,65,124,25"/><T33/><D117/><U61/><E32/><V14/><F121/><W36/><G36/><T47/><D68/><U123/><E38/><V113/><F70/><W77/><G122/><T101/><D0/><U81/><E123/><V54/><F39/><W133/><G7/><T114/><D114/><U132/><E127/><V1/><F1/><W67/><G124/><T87/><D103/><U106/><E108/><V66/><F95/><W104/><G131/><T92/><D128/><U100/><E132/><V63/><F62/><W9/><G9/><T69/><D69/><U112/><E112/><V119/><F113/><W105/><G60/><T74/><D74/><U11/><REACH who="1" step="1"/><E99/><REACH who="1" ten="250,240,250,250" step="2"/><V93/><F119/><W57/><G134/><T18/><D33/><U83/><E83/><V109/><F82/><W37/><G133/><T45/><D96/><U110/><E110/><V89/><F109/><W129/><G37/><T13/><D101/><U28/><E28/><V44/><F30/><W17/><G129/><T23/><D31/><U40/><E40/><V55/><F14/><W98/><G42/><T88/><D43/><U78/><E78/><V8/><F8/><W73/><G98/><T126/><D126/><U4/><E4/><V80/><F80/><W116/><G79/><T20/><D20/><AGARI ba="0,1" hai="20,27,29,41,44,51,54,55,56,63,66,86,89,93" machi="20" ten="30,2000,0" yaku="7,1,8,1" doraHai="102" who="2" fromWho="0" sc="250,-20,240,0,250,30,250,0" /><INIT seed="1,0,0,5,0,100" ten="230,240,280,250" oya="1" hai0="131,45,134,32,38,57,4,7,71,58,130,69,56" hai1="103,17,105,2,54,108,129,28,15,9,22,18,40" hai2="86,110,85,104,41,120,114,8,44,34,93,19,135" hai3="1,60,47,88,67,89,31,75,25,62,50,83,124"/><U74/><E74/><V79/><F120/><W33/><G1/><T29/><D32/><U42/><E129/><N who="0" m="49161" /><D29/><U35/><E108/><V55/><F104/><W3/><G3/><T23/><D23/><U113/><E113/><V66/><F110/><W65/><G124/><T49/><D38/><U102/><E102/><V12/><F135/><W78/><G62/><T26/><D26/><N who="1" m="18839" /><E54/><V16/><F34/><W133/><G133/><T92/><D92/><U52/><E18/><V106/><F106/><W117/><G117/><T64/><D134/><U112/><E112/><V36/><F114/><W84/><G75/><T11/><D64/><U24/><E24/><V27/><F66/><W96/><G96/><T72/><D72/><U14/><E14/><V43/><F79/><W77/><G77/><T125/><D125/><U48/><E103/><V10/><F36/><W51/><G67/><T6/><D11/><U91/><E91/><N who="2" m="53487" /><F86/><W95/><G95/><T87/><D87/><U101/><E101/><V53/><F10/><W61/><G61/><T70/><D45/><N who="1" m="27663" /><E105/><V59/><F44/><W111/><G111/><T98/><D49/><U0/><E0/><V115/><F115/><W118/><G118/><T30/><D30/><U37/><E37/><V123/><F123/><W39/><G39/><T80/><D80/><U21/><E21/><N who="2" m="13735" /><F55/><W126/><G126/><T73/><D73/><U107/><E107/><V97/><F43/><N who="1" m="16425" /><E2/><V13/><F41/><N who="3" m="24943" /><G51/><T82/><D82/><U68/><E68/><V109/><F109/><W99/><G99/><AGARI ba="0,0" hai="4,6,7,56,57,58,69,70,71,98,99" m="49161" machi="99" ten="50,8000,1" yaku="29,2,28,2,19,1" doraHai="100" who="0" fromWho="3" sc="230,80,240,0,280,0,250,-80" /><INIT seed="2,0,0,1,0,92" ten="310,240,280,170" oya="2" hai0="17,32,98,2,41,4,83,7,35,63,56,84,126" hai1="66,97,129,100,109,27,15,11,42,79,22,88,104" hai2="73,114,54,74,30,127,20,57,118,68,89,48,113" hai3="44,65,70,45,10,6,117,93,124,1,12,23,112"/><V36/><F118/><W59/><G117/><T21/><D41/><U0/><E0/><V29/><F68/><W103/><G70/><T43/><D43/><U51/><E109/><V62/><F127/><W116/><G116/><T94/><D35/><U130/><E79/><V49/><F36/><W128/><G124/><T120/><D32/><U85/><E66/><V5/><F5/><W86/><G128/><T16/><D120/><U26/><E51/><V78/><F89/><W64/><G112/><T81/><D2/><U58/><E58/><V107/><F107/><W122/><G122/><T18/><D21/><U121/><E42/><V110/><F110/><W75/><G75/><T61/><D126/><U28/><E27/><V105/><F105/><W102/><G1/><T135/><D135/><U19/><REACH who="1" step="1"/><E121/><REACH who="1" ten="310,230,280,170" step="2"/><V134/><F78/><W131/><G65/><N who="0" m="39079" /><D63/><U40/><E40/><V82/><F49/><W67/><G67/><T76/><D83/><AGARI ba="0,1" hai="11,15,19,22,26,28,83,85,88,97,100,104,129,130" machi="83" ten="40,5200,0" yaku="1,1,52,1,54,1,53,0" doraHai="92" doraHaiUra="46" who="1" fromWho="0" sc="310,-52,230,62,280,0,170,0" /><INIT seed="3,0,0,3,1,120" ten="258,292,280,170" oya="3" hai0="50,3,47,22,63,67,76,36,19,44,135,104,123" hai1="96,18,11,73,83,94,26,115,128,87,23,85,111" hai2="66,34,84,89,98,40,16,97,107,37,121,13,100" hai3="24,117,86,10,35,65,5,27,80,112,91,51,42"/><W52/><G117/><T31/><D123/><U99/><E115/><V4/><F121/><W101/><G112/><T0/><D104/><U60/><E128/><V55/><F34/><W46/><G65/><T14/><D135/><U116/><E116/><V103/><F4/><W72/><G72/><T33/><D36/><U21/><E73/><V8/><F66/><W20/><G35/><T134/><D134/><U75/><E75/><V126/><F126/><W58/><G101/><T130/><D76/><U106/><E11/><V54/><F40/><W62/><REACH who="3" step="1"/><G20/><REACH who="3" ten="258,292,280,160" step="2"/><T79/><D33/><U129/><E23/><V15/><F37/><W82/><G82/><T45/><D67/><U30/><E83/><V68/><F68/><W41/><G41/><T124/><D22/><U133/><E21/><V6/><F103/><W81/><G81/><T88/><D130/><U56/><E129/><V108/><F100/><W7/><G7/><T61/><D124/><U38/><E38/><V17/><F6/><W25/><G25/><T9/><D79/><U12/><E26/><V70/><F70/><W105/><G105/><T110/><D88/><U93/><E106/><V59/><F107/><W53/><G53/><T95/><D95/><U122/><E94/><V49/><F55/><W74/><G74/><T28/><D31/><U71/><E93/><V102/><F102/><W90/><G90/><T131/><D28/><U64/><E71/><V78/><F78/><W118/><G118/><T109/><D131/><U57/><E64/><V125/><F125/><W92/><G92/><T77/><D77/><RYUUKYOKU ba="0,1" sc="258,-10,292,-10,280,-10,160,30" hai3="5,10,24,27,42,46,51,52,58,62,80,86,91" /><INIT seed="3,1,1,5,2,97" ten="248,282,270,190" oya="3" hai0="118,117,9,107,81,127,58,3,10,25,121,93,69" hai1="42,70,61,54,16,21,100,126,134,48,2,36,106" hai2="123,44,64,83,23,7,112,15,51,82,67,113,52" hai3="65,50,94,60,68,80,72,47,133,53,12,84,119"/><W55/><G119/><T46/><D69/><U135/><E2/><V14/><F123/><W88/><G133/><N who="1" m="50698" /><E126/><V62/><F113/><W20/><G55/><T91/><D107/><U87/><E87/><V95/><F112/><W129/><G129/><T63/><D121/><U57/><E36/><V77/><F95/><W104/><G104/><T103/><D127/><U115/><E115/><V29/><F83/><W102/><G72/><T101/><D81/><U0/><E0/><V66/><F62/><W26/><G12/><T125/><D125/><U24/><E42/><V39/><F39/><W17/><REACH who="3" step="1"/><G80/><REACH who="3" ten="248,282,270,180" step="2"/><T13/><D3/><U18/><E61/><V35/><F7/><W6/><G6/><T49/><D118/><U19/><E70/><V109/><F109/><W76/><G76/><T132/><D117/><U128/><E128/><V98/><F82/><W122/><G122/><T40/><D132/><U38/><E38/><V71/><F77/><W99/><G99/><AGARI ba="1,2" hai="16,18,19,21,24,48,54,57,99,100,106" m="50698" machi="99" ten="30,3900,0" yaku="20,1,52,1,54,1" doraHai="97" who="1" fromWho="3" sc="248,0,282,62,270,0,180,-42" /><INIT seed="4,0,0,1,4,115" ten="248,344,270,138" oya="0" hai0="131,113,80,111,56,11,50,17,0,110,20,95,63" hai1="65,37,121,120,75,27,32,99,96,8,38,106,123" hai2="86,118,85,6,21,45,48,36,25,13,66,133,112" hai3="78,41,55,134,84,39,51,116,2,71,54,64,5"/><T46/><D113/><U94/><E75/><V43/><F112/><W125/><G116/><T58/><D131/><U104/><E65/><V127/><F133/><W132/><G125/><T62/><D80/><U44/><E8/><V23/><F127/><W82/><G5/><T128/><D128/><U114/><E114/><V67/><F36/><W61/><G2/><T1/><D95/><U16/><E44/><V76/><F118/><W19/><G19/><T129/><D129/><U122/><E122/><V119/><F119/><W24/><G24/><T105/><D105/><U12/><E27/><V107/><F107/><W4/><G4/><T28/><D28/><U70/><E70/><V29/><F23/><W68/><G68/><T72/><D72/><U60/><E60/><V15/><F15/><W88/><G78/><T92/><D92/><U102/><E32/><V93/><F93/><W73/><G73/><T83/><D83/><U124/><E124/><V98/><F98/><W47/><REACH who="3" step="1"/><G54/><REACH who="3" ten="248,344,270,128" step="2"/><N who="0" m="30039" /><D1/><U53/><E53/><V33/><F76/><W89/><G89/><T108/><D0/><U69/><E69/><V97/><F66/><W40/><G40/><T10/><D17/><U30/><E16/><N who="2" m="10383" /><F6/><W126/><G126/><T7/><D7/><U103/><E30/><V74/><F67/><W59/><AGARI ba="0,1" hai="39,41,47,51,55,59,61,64,71,82,84,88,132,134" machi="59" ten="30,12000,2" yaku="1,1,0,1,24,2,54,1,53,1" doraHai="115" doraHaiUra="57" who="3" fromWho="3" sc="248,-60,344,-30,270,-30,128,130" /><INIT seed="5,0,0,0,5,7" ten="188,314,240,258" oya="1" hai0="16,62,1,19,22,104,126,23,79,125,72,87,114" hai1="55,124,112,49,37,11,28,102,29,35,33,130,68" hai2="121,118,44,75,103,101,122,61,4,106,30,2,39" hai3="98,108,31,59,81,43,3,117,133,128,78,109,134"/><U120/><E37/><V99/><F101/><W115/><G3/><T127/><D72/><U63/><E120/><V132/><F118/><W113/><G43/><T73/><D73/><U6/><E102/><V47/><F47/><W69/><G69/><T90/><D79/><U13/><E124/><V34/><F132/><N who="3" m="50795" /><G31/><T26/><D1/><U50/><E130/><V135/><F135/><W5/><G5/><T18/><D104/><U20/><E112/><N who="3" m="43082" /><G128/><T70/><D114/><U15/><E68/><V85/><F44/><W67/><G117/><T94/><REACH who="0" step="1"/><D26/><REACH who="0" ten="178,314,240,258" step="2"/><U38/><E35/><V83/><F34/><W56/><G109/><T71/><D71/><U129/><E33/><V91/><F75/><N who="3" m="43231" /><G108/><T76/><D76/><U74/><E74/><V27/><F27/><W21/><G67/><AGARI ba="0,1" hai="16,18,19,22,23,62,67,70,87,90,94,125,126,127" machi="67" ten="50,8000,1" yaku="1,1,18,1,54,1,53,1" doraHai="7" doraHaiUra="60" who="0" fromWho="3" sc="178,90,314,0,240,0,258,-80" /><INIT seed="6,0,0,2,4,72" ten="268,314,240,178" oya="2" hai0="51,120,122,101,15,90,134,125,91,63,49,64,105" hai1="5,113,40,99,6,103,92,61,26,109,10,88,131" hai2="111,127,76,82,4,118,77,31,132,38,30,126,33" hai3="74,67,65,0,102,44,62,96,9,48,86,11,117"/><V1/><F118/><W104/><G117/><T22/><D101/><U97/><E109/><V54/><F111/><W112/><G74/><T110/><D105/><U115/><E131/><V106/><F38/><W2/><G112/><N who="1" m="43082" /><E40/><V60/><F106/><W128/><G128/><T95/><D110/><U100/><E26/><V21/><F132/><W59/><G67/><T83/><D125/><N who="2" m="47626" /><F33/><W124/><G124/><T42/><D90/><U45/><E45/><V108/><F82/><W43/><REACH who="3" step="1"/><G86/><REACH who="3" ten="268,314,240,168" step="2"/><T50/><D134/><U47/><E97/><V46/><F108/><W29/><G29/><N who="2" m="10761" /><F21/><W52/><G52/><T35/><D35/><U68/><E99/><V23/><F23/><W114/><G114/><T8/><D22/><U123/><E123/><V55/><F55/><W135/><G135/><T73/><D122/><U85/><E85/><V32/><F32/><W87/><G87/><T75/><D120/><U12/><E68/><V56/><F46/><W107/><G107/><T41/><D75/><U28/><E47/><V27/><F27/><W66/><G66/><T25/><D25/><U18/><E28/><V14/><F1/><AGARI ba="0,1" hai="0,1,2,9,11,43,44,48,59,62,65,96,102,104" machi="1" ten="40,1300,0" yaku="1,1,53,0" doraHai="72" doraHaiUra="130" who="3" fromWho="2" sc="268,0,314,0,240,-13,168,23" /><INIT seed="7,0,0,0,5,28" ten="268,314,227,191" oya="3" hai0="78,10,107,99,93,32,111,82,66,34,74,95,115" hai1="134,47,5,9,37,112,109,104,49,105,69,110,36" hai2="51,11,84,121,39,50,67,108,101,2,0,59,120" hai3="113,125,52,65,70,42,77,7,55,79,43,38,117"/><W27/><G117/><T13/><D111/><U62/><E49/><N who="2" m="18443" /><F108/><W19/><G38/><N who="1" m="14954" /><E47/><V44/><F101/><W22/><G125/><T118/><D115/><U41/><E41/><N who="3" m="15370" /><G113/><T86/><D66/><N who="1" m="41175" /><E134/><V35/><F35/><W128/><G70/><T100/><D118/><U91/><E91/><V31/><F44/><W80/><G65/><T30/><D30/><U14/><E14/><V114/><F31/><W46/><G128/><T122/><D122/><N who="2" m="47210" /><F39/><W56/><G46/><T64/><D64/><U132/><E132/><V48/><F114/><W53/><G7/><N who="0" m="3295" /><D95/><U92/><E92/><V15/><F84/><N who="3" m="48143" /><G79/><T85/><D85/><U102/><E112/><V103/><F103/><W4/><G4/><T73/><D73/><U76/><E76/><V29/><F29/><W123/><G123/><T12/><D12/><U17/><E17/><N who="2" m="8447" /><F67/><W116/><G116/><T119/><D119/><U54/><E105/><V45/><F59/><AGARI ba="0,0" hai="19,22,27,52,53,55,56,59" m="48143,15370" machi="59" ten="30,2900,0" yaku="8,1,54,1" doraHai="28" who="3" fromWho="2" sc="268,0,314,0,227,-29,191,29" /><INIT seed="7,1,0,5,5,80" ten="268,314,198,220" oya="3" hai0="47,126,54,104,109,89,50,99,133,96,25,57,43" hai1="30,83,38,0,31,34,16,135,132,24,1,21,100" hai2="102,2,117,6,61,115,36,18,79,87,66,78,97" hai3="73,45,20,56,72,94,85,118,114,63,14,41,15"/><W111/><G118/><T40/><D109/><U55/><E38/><V86/><F117/><W107/><G111/><T95/><D126/><U84/><E100/><V60/><F36/><W35/><G107/><T52/><D133/><N who="1" m="51275" /><E55/><V64/><F115/><W5/><G35/><T116/><D116/><U62/><E62/><N who="2" m="24171" /><F6/><W22/><G114/><T76/><D76/><N who="2" m="29226" /><F2/><N who="1" m="1129" /><E34/><V28/><F28/><W29/><G73/><T101/><D25/><U112/><E112/><V42/><F42/><W17/><G72/><T124/><D124/><U11/><E11/><V46/><F46/><W48/><G29/><T58/><D47/><U59/><E59/><V27/><F27/><W120/><G5/><T75/><D75/><U32/><E32/><V9/><F97/><W71/><G71/><T10/><D10/><U122/><E122/><V8/><F102/><W49/><G120/><T19/><D19/><U127/><E127/><V67/><F9/><W70/><G70/><T131/><D131/><U51/><E51/><AGARI ba="1,0" hai="40,43,50,51,52,54,57,58,89,95,96,99,101,104" machi="51" ten="30,3900,0" yaku="7,1,9,1,54,1" doraHai="80" who="0" fromWho="1" sc="268,42,314,-42,198,0,220,0" owari="310,41.0,272,7.0,198,-30.0,220,-18.0" /></mjloggm>