<mjloggm ver="2.3"><GO type="169" lobby="0"/><UN n0="%E3%83%8D%E3%82%AA%E3%81%91%E3%82%8D%E3%81%A3%E3%81%A1%E3%82%87" n1="%E6%97%A9%E7%94%B0%E9%80%B2" n2="%E3%83%AD%E3%83%83%E3%83%86%E9%9B%80%E7%90%83" n3="%E3%82%A6%E3%83%AB%E3%83%88%E3%83%A9%E7%AB%8B%E7%9B%B4" dan="16,16,17,17" rate="2119.89,2077.26,2167.70,2184.68" sx="M,M,M,M"/><TAIKYOKU oya="0"/><INIT seed="0,0,0,1,0,120" ten="250,250,250,250" oya="0" hai0="66,102,101,0,98,106,53,130,103,88,94,59,96" hai1="31,79,51,28,38,76,41,123,15,131,105,75,82" hai2="30,22,119,2,72,134,26,114,132,126,16,127,108" hai3="69,12,32,67,14,52,10,93,20,11,64,24,77"/><T57/><D0/><U50/><E123/><V99/><F72/><W71/><G32/><T110/><D130/><U33/><E131/><V17/><F99/><W39/><G39/><T92/><D110/><U45/><E105/><V27/><F108/><W78/><G93/><T62/><REACH who="0" step="1"/><D106/><REACH who="0" ten="240,250,250,250" step="2"/><U91/><E15/><V4/><F119/><W104/><G104/><T90/><D90/><U3/><E91/><V121/><F121/><W115/><G115/><T100/><D100/><U61/><E3/><V23/><F114/><W42/><G24/><T21/><D21/><U58/><E33/><V89/><F89/><W111/><G20/><T13/><D13/><U133/><E79/><V95/><F30/><W34/><G34/><T135/><D135/><N who="2" m="51754" /><F95/><W124/><G111/><T125/><D125/><U56/><E133/><V85/><F85/><W19/><G124/><T80/><D80/><U116/><E28/><V87/><F87/><W46/><G78/><T70/><D70/><U81/><E31/><V97/><F97/><W83/><G71/><T35/><D35/><U128/><E128/><V29/><F29/><W112/><G69/><T74/><D74/><U9/><E75/><V49/><F49/><AGARI ba="0,1" hai="49,53,57,59,62,66,88,92,94,96,98,101,102,103" machi="49" ten="30,11600,0" yaku="1,1,7,1,8,1,54,1,53,0" doraHai="120" doraHaiUra="37" who="0" fromWho="2" sc="240,126,250,0,250,-116,250,0" /><INIT seed="0,1,0,2,2,37" ten="366,250,134,250" oya="0" hai0="45,88,19,132,16,110,104,89,17,91,34,66,112" hai1="49,103,18,60,14,6,125,109,62,41,51,69,65" hai2="119,107,70,10,82,12,94,87,106,93,0,67,56" hai3="5,38,40,115,117,83,111,76,21,120,84,101,134"/><T130/><D112/><U85/><E109/><V47/><F70/><W77/><G117/><T116/><D116/><U42/><E125/><V90/><F0/><W73/><G115/><T127/><D127/><U129/><E129/><V36/><F119/><W121/><G5/><T57/><D34/><U11/><E103/><V26/><F26/><W1/><G1/><T126/><D126/><U108/><E108/><V31/><F31/><W61/><G61/><N who="1" m="23658" /><E65/><V24/><F24/><W105/><G21/><T72/><D72/><U59/><E69/><V52/><F67/><W32/><G40/><N who="1" m="15466" /><E59/><V50/><F56/><W71/><G71/><T99/><D57/><U102/><E102/><V118/><F36/><W128/><G32/><T122/><D66/><U2/><E2/><V20/><F118/><W64/><G64/><T54/><D130/><U98/><E98/><V48/><F48/><N who="1" m="18505" /><E85/><V123/><F123/><W53/><G38/><T35/><D122/><N who="3" m="47209" /><G111/><T7/><D110/><U78/><E78/><V113/><F113/><W44/><G128/><T4/><D99/><U58/><E58/><V135/><F107/><W3/><G3/><T96/><D104/><U46/><E46/><V75/><F106/><W114/><G114/><T43/><D96/><U95/><E95/><V33/><F94/><W63/><G101/><T81/><D43/><U30/><E30/><V22/><F93/><W25/><G105/><T39/><D39/><U13/><E13/><V97/><F97/><W79/><G44/><T23/><D45/><U133/><E133/><V55/><F135/><W74/><G134/><RYUUKYOKU ba="1,0" sc="366,-10,250,30,134,-10,250,-10" hai1="6,11,14,18" /><INIT seed="1,2,0,1,1,41" ten="356,280,124,240" oya="1" hai0="107,123,20,115,48,126,75,76,31,95,16,65,92" hai1="66,97,7,27,122,129,50,1,44,99,39,17,64" hai2="49,59,19,6,38,18,118,96,131,109,100,68,63" hai3="2,73,45,55,54,81,127,60,69,112,85,71,134"/><U121/><E39/><V42/><F118/><W72/><G2/><T0/><D107/><U102/><E99/><V111/><F131/><W132/><G85/><T52/><D65/><U22/><E129/><V124/><F124/><W61/><G81/><T93/><D115/><U5/><E66/><V51/><F6/><W13/><G13/><T87/><D75/><U74/><E74/><V46/><F68/><W12/><G12/><T40/><D40/><U47/><E64/><N who="2" m="39039" /><F38/><W119/><G127/><T91/><D76/><U23/><E7/><V67/><F67/><W24/><G24/><T53/><D53/><U56/><E56/><V125/><F51/><W120/><G112/><T29/><D0/><U33/><E33/><V9/><F9/><W28/><G119/><T62/><D62/><U83/><E83/><V117/><F117/><W106/><G106/><T15/><D123/><U80/><E80/><V86/><F86/><W130/><G130/><T34/><D34/><U70/><E70/><V90/><F90/><W14/><G120/><T26/><D126/><U77/><E77/><V21/><F21/><W78/><G78/><T89/><D89/><U114/><E114/><V8/><F8/><W108/><G73/><T105/><D105/><N who="1" m="63695" /><E5/><V128/><F128/><W98/><G72/><T25/><D25/><N who="1" m="14543" /><E1/><V43/><F43/><W84/><G71/><T30/><D26/><U110/><E122/><V36/><F36/><W11/><G69/><T57/><AGARI ba="2,0" hai="15,16,20,29,30,31,48,52,57,87,91,92,93,95" machi="57" ten="30,12000,2" yaku="0,1,25,2,8,1,54,2" doraHai="41" who="0" fromWho="0" sc="356,126,280,-62,124,-32,240,-32" /><INIT seed="2,0,0,5,0,80" ten="482,218,92,208" oya="2" hai0="48,52,106,129,30,133,103,67,6,9,21,75,104" hai1="66,120,92,122,61,98,16,70,63,26,108,1,18" hai2="55,29,2,37,85,42,131,36,79,35,101,62,53" hai3="73,0,54,126,44,107,81,65,7,59,46,71,57"/><V125/><F2/><W41/><G107/><T17/><D75/><U117/><E108/><V124/><F131/><W135/><G7/><T116/><D133/><U12/><E117/><V64/><F101/><W72/><G0/><T38/><D38/><N who="2" m="14954" /><F29/><W94/><G94/><T90/><D67/><U91/><E1/><V49/><F35/><W111/><G81/><T24/><D116/><U132/><E132/><V4/><F4/><W88/><G88/><T77/><D77/><U119/><E119/><V40/><F85/><W121/><G135/><T50/><D50/><U112/><E112/><V114/><F79/><W97/><G97/><T113/><D113/><U25/><E63/><V34/><F34/><W69/><G73/><T45/><D103/><U14/><E14/><V123/><F123/><N who="1" m="47145" /><E18/><V31/><F31/><W47/><G121/><T102/><D102/><U78/><E78/><V127/><F114/><W93/><G72/><T89/><D129/><U115/><E115/><V105/><F105/><W118/><G118/><T23/><D104/><U15/><E15/><V60/><F60/><W74/><G74/><T95/><D106/><U87/><E98/><V56/><F55/><W96/><G96/><T68/><D68/><AGARI ba="0,0" hai="40,42,49,53,56,62,64,68,124,125,127" m="14954" machi="68" ten="40,7700,0" yaku="18,1,34,2" doraHai="80" who="2" fromWho="0" sc="482,-77,218,0,92,77,208,0" /><INIT seed="2,1,0,2,0,100" ten="405,218,169,208" oya="2" hai0="54,49,86,59,41,60,12,66,13,104,10,43,110" hai1="131,135,22,1,87,61,133,8,38,26,120,18,15" hai2="17,119,125,80,132,6,70,77,16,5,105,130,94" hai3="89,117,40,3,32,47,9,4,81,101,58,62,63"/><V14/><F119/><W111/><G117/><T68/><D104/><U116/><E38/><V126/><F105/><W114/><G32/><T29/><D110/><U84/><E116/><V23/><F70/><W45/><G114/><T118/><D118/><U103/><E120/><V31/><F31/><W76/><G111/><T115/><D115/><U102/><E1/><V90/><F132/><N who="1" m="50761" /><E131/><V46/><F130/><W52/><G101/><N who="1" m="38410" /><E61/><V55/><F55/><W67/><G89/><T127/><D127/><N who="2" m="48650" /><F46/><W95/><G95/><T83/><D29/><AGARI ba="1,0" hai="8,15,18,22,26,29,84,87" m="38410,50761" machi="29" ten="30,1000,0" yaku="20,1" doraHai="100" who="1" fromWho="0" sc="405,-13,218,13,169,0,208,0" /><INIT seed="3,0,0,2,0,29" ten="392,231,169,208" oya="3" hai0="31,20,9,16,37,32,53,133,84,42,60,3,125" hai1="77,97,108,6,121,72,61,67,110,57,2,88,51" hai2="8,93,34,115,94,63,36,56,131,73,126,106,74" hai3="10,85,119,69,22,0,19,40,130,118,12,54,14"/><W90/><G130/><T21/><D125/><U129/><E121/><V135/><F106/><W7/><G69/><T102/><D102/><U114/><E114/><V68/><F68/><W82/><G40/><T49/><D37/><U48/><E129/><V81/><F36/><W13/><REACH who="3" step="1"/><G54/><REACH who="3" ten="392,231,169,198" step="2"/><T78/><D42/><U112/><E112/><V26/><F115/><W100/><G100/><T62/><D53/><U5/><E108/><V55/><F131/><W134/><G134/><T30/><D133/><U120/><E110/><V50/><F135/><W83/><G83/><T35/><D60/><U111/><E61/><V24/><F81/><W86/><G86/><T109/><D62/><U70/><E111/><V76/><F63/><W80/><G80/><T127/><D84/><U75/><E70/><V92/><F74/><W58/><G58/><T27/><D78/><U91/><E57/><V18/><F76/><W113/><G113/><T117/><D109/><U103/><E77/><V59/><F73/><W101/><G101/><T23/><D127/><U39/><E103/><V124/><F56/><W52/><G52/><T38/><D117/><AGARI ba="0,1" hai="0,7,10,12,13,14,19,22,82,85,90,117,118,119" machi="117" ten="40,2000,0" yaku="1,1,53,0" doraHai="29" doraHaiUra="66" who="3" fromWho="0" sc="392,-20,231,0,169,0,198,30" /><INIT seed="3,1,0,4,1,76" ten="372,231,169,228" oya="3" hai0="103,38,95,85,126,70,3,15,122,92,10,87,106" hai1="16,98,36,91,64,30,81,7,62,90,59,47,42" hai2="63,9,14,100,45,78,74,109,21,102,75,67,110" hai3="27,53,68,69,132,128,13,93,58,129,52,79,44"/><W99/><G132/><T130/><D3/><U82/><E7/><V1/><F1/><W127/><G127/><T29/><D29/><U116/><E116/><V32/><F32/><W6/><G27/><T35/><D70/><U77/><E30/><V96/><F21/><W50/><G79/><T135/><D38/><U120/><E120/><V107/><F102/><W0/><G0/><T84/><D35/><U40/><E40/><V117/><F45/><W108/><G108/><N who="2" m="41577" /><F78/><W119/><G119/><T131/><D122/><U123/><E123/><V83/><F83/><W118/><G118/><T125/><D15/><U34/><E34/><V65/><F117/><W11/><G69/><T43/><D10/><U2/><E82/><V115/><F115/><W37/><G68/><T18/><D18/><U24/><E2/><V23/><F23/><W73/><G73/><N who="2" m="27657" /><F63/><W31/><G31/><T133/><D43/><U113/><E113/><V61/><F61/><W124/><G124/><N who="0" m="47723" /><D106/><U28/><E28/><V20/><F20/><W33/><G33/><T86/><D103/><U46/><E46/><V25/><F25/><W105/><G105/><T66/><D66/><U12/><E24/><V94/><F107/><W19/><G37/><T8/><D8/><U48/><E36/><V5/><AGARI ba="1,0" hai="5,9,14,65,67,94,96,100" m="27657,41577" machi="5" ten="30,1100,0" yaku="14,1" doraHai="76" who="2" fromWho="2" sc="372,-4,231,-4,169,14,228,-6" /><INIT seed="4,0,0,1,4,32" ten="368,227,183,222" oya="0" hai0="128,58,62,27,110,85,49,126,121,9,105,26,18" hai1="119,91,33,108,22,130,53,47,36,45,103,31,14" hai2="92,70,63,114,72,68,48,41,29,56,89,24,21" hai3="135,8,94,71,76,82,84,83,116,102,44,43,54"/><T118/><D105/><U50/><E108/><V100/><F114/><W11/><G116/><T0/><D121/><U3/><E130/><V81/><F100/><W80/><G135/><T55/><D118/><U28/><E119/><V127/><F127/><W86/><G71/><T39/><D39/><U132/><E132/><V51/><F72/><W101/><G54/><T67/><D128/><U88/><E3/><V75/><F75/><W61/><G61/><T12/><D0/><U133/><E103/><N who="3" m="39434" /><G94/><T109/><D126/><U37/><E133/><V125/><F81/><W134/><G134/><T96/><D96/><U129/><E37/><V120/><F120/><W106/><G106/><T10/><D10/><N who="3" m="3625" /><G76/><T98/><D98/><U87/><E33/><V64/><F125/><W59/><G59/><T6/><D6/><U46/><E36/><V57/><F70/><W5/><G5/><T60/><D60/><U40/><E40/><V34/><F34/><W115/><G115/><T1/><D1/><U122/><E122/><V77/><F77/><W20/><G20/><T52/><D55/><U66/><E66/><V19/><F29/><N who="1" m="11337" /><E129/><V90/><F90/><N who="1" m="34345" /><E87/><N who="3" m="33322" /><G43/><T107/><D85/><U25/><E14/><V69/><F69/><W79/><G79/><T73/><D73/><U111/><E111/><N who="0" m="42505" /><D107/><U2/><E2/><V123/><F123/><W17/><G17/><AGARI ba="0,0" hai="17,22,25,45,46,47,50,53" m="34345,11337" machi="17" ten="30,2000,0" yaku="8,1,54,1" doraHai="32" who="1" fromWho="3" sc="368,0,227,20,183,0,222,-20" /><INIT seed="5,0,0,2,0,107" ten="368,247,183,202" oya="1" hai0="127,110,9,115,104,18,79,122,56,66,26,113,72" hai1="3,30,105,69,114,47,36,76,71,5,17,94,21" hai2="119,10,4,88,80,78,102,125,55,128,0,13,60" hai3="103,118,133,73,31,108,42,43,7,32,34,129,89"/><U132/><E105/><V68/><F125/><W29/><G7/><T23/><D110/><U67/><E114/><V111/><F128/><W27/><G89/><T98/><D127/><U62/><E30/><V46/><F119/><W100/><G27/><T130/><D130/><U57/><E132/><V112/><F111/><W49/><G129/><T81/><D122/><U97/><E76/><V124/><F124/><W135/><G108/><T38/><D38/><U90/><E5/><V33/><F33/><W22/><G22/><T24/><D24/><U74/><E74/><V20/><F102/><W109/><G109/><T45/><D45/><U126/><E3/><V15/><F112/><W58/><G58/><T54/><D66/><U11/><E11/><V2/><F68/><W63/><G49/><T101/><REACH who="0" step="1"/><D9/><REACH who="0" ten="358,247,183,202" step="2"/><U121/><E126/><V131/><F46/><W92/><G135/><T70/><D70/><U75/><E71/><V134/><F134/><W16/><G133/><T51/><AGARI ba="0,1" hai="18,23,26,51,54,56,72,79,81,98,101,104,113,115" machi="51" ten="30,7900,0" yaku="1,1,0,1,52,1,53,1" doraHai="107" doraHaiUra="93" who="0" fromWho="0" sc="358,89,247,-39,183,-20,202,-20" /><INIT seed="6,0,0,2,4,116" ten="447,208,163,182" oya="2" hai0="89,41,84,32,59,111,125,66,29,73,36,71,68" hai1="26,70,58,91,38,108,35,22,92,28,97,34,82" hai2="50,67,17,60,114,62,39,90,93,51,79,96,94" hai3="118,75,129,45,65,55,119,107,27,47,42,46,43"/><V122/><F114/><W33/><G27/><T76/><D111/><U126/><E126/><V109/><F109/><W69/><G33/><T16/><D16/><U5/><E70/><V104/><F104/><W20/><G20/><T99/><D99/><U117/><E117/><N who="3" m="44554" /><G75/><T56/><D89/><U133/><E38/><V100/><F122/><W6/><G6/><T78/><D84/><U12/><E108/><V53/><F39/><W63/><G107/><T105/><D66/><U102/><E58/><N who="2" m="37335" /><F79/><W8/><G8/><T54/><D54/><U120/><E120/><V77/><F77/><W0/><G0/><T25/><D41/><N who="3" m="15369" /><G129/><T106/><D25/><U130/><E130/><V14/><F94/><W37/><G37/><T135/><D36/><U19/><E5/><V10/><F100/><W21/><G21/><T80/><D80/><U124/><E35/><V103/><F103/><W74/><G74/><T121/><D121/><U1/><E1/><V131/><F131/><W72/><G72/><T83/><D83/><U31/><E102/><V95/><F95/><W52/><AGARI ba="0,0" hai="45,46,47,52,55,63,65,69" m="15369,44554" machi="52" ten="40,5200,0" yaku="34,2,54,1" doraHai="116" who="3" fromWho="3" sc="447,-13,208,-13,163,-26,182,52" /><INIT seed="7,0,0,0,4,135" ten="434,195,137,234" oya="3" hai0="104,131,77,54,26,20,43,109,32,84,114,113,127" hai1="91,123,97,75,13,8,112,88,6,27,100,42,63" hai2="92,68,39,34,133,78,108,46,105,7,103,66,85" hai3="101,16,65,67,121,45,23,125,126,87,41,4,33"/><W5/><G33/><T10/><D109/><U19/><E112/><V129/><F108/><W12/><G101/><T47/><D54/><U70/><E123/><V98/><F129/><W99/><G99/><T1/><D32/><U107/><E75/><V80/><F133/><W71/><G87/><T29/><D104/><U86/><E42/><V89/><F34/><W117/><G121/><T22/><D127/><N who="3" m="48649" /><G117/><T93/><D22/><U116/><E116/><V50/><F39/><N who="3" m="21695" /><G71/><T37/><D131/><U21/><E86/><V106/><F7/><AGARI ba="0,0" hai="4,5,7,12,16,23,65,67" m="21695,48649" machi="7" ten="30,12000,1" yaku="18,1,52,3,54,1" doraHai="135" who="3" fromWho="2" sc="434,0,195,0,137,-120,234,120" /><INIT seed="7,1,0,0,3,1" ten="434,195,17,354" oya="3" hai0="55,13,115,44,96,75,128,63,72,33,97,6,53" hai1="14,132,24,134,35,19,36,61,73,100,3,125,135" hai2="66,57,94,109,122,8,70,101,29,52,49,82,102" hai3="38,99,48,60,20,67,107,46,90,93,26,28,83"/><W5/><G107/><T56/><D33/><U117/><E36/><V87/><F109/><W81/><G38/><T69/><D69/><U78/><E3/><V112/><F112/><W91/><G91/><T79/><D128/><U45/><E100/><V0/><F122/><W30/><G30/><T59/><D44/><U88/><E125/><V4/><F70/><W12/><G12/><T74/><D79/><U124/><E124/><V127/><F66/><W113/><G113/><T47/><D47/><U41/><E117/><V7/><F127/><W85/><G85/><T25/><D25/><U121/><E121/><V123/><F123/><W34/><G34/><T9/><REACH who="0" step="1"/><D115/><REACH who="0" ten="424,195,17,354" step="2"/><U71/><E78/><V98/><F29/><W15/><G15/><T37/><D37/><U42/><E73/><V131/><F131/><W111/><G111/><T58/><D58/><U22/><E45/><V43/><F43/><N who="3" m="24671" /><G5/><T23/><D23/><U114/><E114/><V16/><F102/><W129/><G129/><T21/><D21/><U95/><E35/><V105/><F105/><W80/><G80/><T40/><D40/><U76/><E76/><V50/><F50/><AGARI ba="1,1" hai="6,9,13,50,53,55,56,59,63,72,74,75,96,97" machi="50" ten="40,2600,0" yaku="1,1,52,1,53,0" doraHai="1" doraHaiUra="18" who="0" fromWho="2" sc="424,39,195,0,17,-29,354,0" owari="463,56.0,195,-20.0,-12,-51.0,354,15.0" /></mjloggm>