<mjloggm ver="2.3"><GO type="225" lobby="0"/><UN n0="%E3%82%A6%E3%83%AB%E3%83%88%E3%83%A9%E7%AB%8B%E7%9B%B4" n1="%4B%52%65%72%65%65%65%4E" n2="%E6%9D%A5%E9%80%B1%E3%81%AE%E7%B3%B8%E4%BA%95" n3="%E6%9D%8E%E8%B3%80" dan="17,16,17,16" rate="2134.78,2174.27,2211.42,2072.08" sx="M,M,M,M"/><TAIKYOKU oya="0"/><INIT seed="0,0,0,4,1,95" ten="250,250,250,250" oya="0" hai0="16,105,47,41,125,39,46,73,110,66,99,21,25" hai1="113,35,84,101,31,121,28,129,126,91,116,3,19" hai2="56,103,76,37,22,7,69,20,11,82,13,86,60" hai3="27,0,29,17,88,63,115,112,131,49,2,38,132"/><T57/><D73/><U58/><E121/><V8/><F69/><W90/><G38/><T51/><D125/><U1/><E116/><V114/><F114/><W48/><G131/><T53/><D110/><U124/><E129/><V96/><F11/><W75/><G17/><T92/><D105/><U32/><E101/><V72/><F37/><W111/><G132/><T44/><REACH who="0" step="1"/><D66/><REACH who="0" ten="240,250,250,250" step="2"/><U36/><E124/><V26/><F72/><W50/><G75/><T102/><AGARI ba="0,1" hai="16,21,25,39,41,44,46,47,51,53,57,92,99,102" machi="102" ten="20,18000,2" yaku="1,1,2,1,0,1,7,1,52,1,54,1,53,0" doraHai="95" doraHaiUra="24" who="0" fromWho="0" sc="240,190,250,-60,250,-60,250,-60" /><INIT seed="0,1,0,0,2,123" ten="430,190,190,190" oya="0" hai0="68,43,127,106,95,103,97,50,113,76,7,27,16" hai1="69,135,98,117,66,104,90,101,120,102,58,64,54" hai2="121,18,115,36,118,105,111,31,6,72,91,83,49" hai3="79,44,132,93,52,48,124,2,133,8,46,40,13"/><T1/><D68/><U87/><E117/><V17/><F36/><W47/><G124/><T131/><D113/><U82/><E120/><V74/><F121/><W5/><G93/><T20/><D127/><U9/><E135/><N who="3" m="51786" /><G79/><T28/><D131/><U108/><E69/><V73/><F31/><W29/><G29/><T37/><D37/><U35/><E35/><V3/><F105/><W88/><G88/><T57/><D76/><U45/><E102/><V110/><F118/><W10/><G40/><T38/><D106/><U134/><E134/><V56/><F115/><W65/><G65/><T30/><D43/><U100/><E100/><V80/><F6/><AGARI ba="1,0" hai="2,5,6,8,10,13,44,46,47,48,52" m="51786" machi="6" ten="30,2000,0" yaku="20,1,54,1" doraHai="123" who="3" fromWho="2" sc="430,0,190,0,190,-23,190,23" /><INIT seed="1,0,0,2,5,3" ten="430,190,167,213" oya="1" hai0="98,48,78,94,92,30,26,108,47,133,4,116,25" hai1="51,43,5,53,27,124,23,110,95,103,86,83,11" hai2="126,87,75,64,45,82,115,66,29,70,109,32,111" hai3="96,22,93,52,74,132,6,39,58,8,81,106,120"/><U18/><E124/><V50/><F75/><W119/><G106/><T28/><D116/><U12/><E110/><N who="2" m="41995" /><F126/><W127/><G127/><T91/><D78/><U63/><E63/><V13/><F115/><W61/><G39/><T40/><D133/><U135/><E135/><V128/><F128/><W72/><G132/><T38/><D38/><U57/><E43/><V69/><F13/><W0/><G120/><T37/><D37/><U123/><E123/><V9/><F9/><W36/><G36/><T42/><D42/><U118/><E118/><V100/><F100/><W102/><G119/><T71/><D71/><N who="2" m="27146" /><F29/><W113/><G113/><T104/><D104/><U16/><E103/><V1/><F1/><W24/><G81/><T60/><D30/><AGARI ba="0,0" hai="0,6,8,22,24,30,52,58,61,72,74,93,96,102" machi="30" ten="30,3900,0" yaku="7,1,52,1,54,1" doraHai="3" who="3" fromWho="0" sc="430,-39,190,0,167,0,213,39" /><INIT seed="2,0,0,5,2,61" ten="391,190,167,252" oya="2" hai0="106,54,69,63,38,3,104,121,43,28,134,35,118" hai1="12,26,52,109,45,96,14,112,72,100,7,25,73" hai2="50,31,1,91,75,86,131,39,49,5,62,110,17" hai3="67,98,48,37,57,65,70,68,108,88,122,11,92"/><V24/><F39/><W124/><G37/><T115/><RYUUKYOKU type="yao9" ba="0,0" sc="391,0,190,0,167,0,252,0" hai0="3,28,35,38,43,54,63,69,104,106,115,118,121,134" /><INIT seed="2,1,0,5,1,107" ten="391,190,167,252" oya="2" hai0="52,102,45,14,29,35,16,15,106,6,43,37,108" hai1="114,2,56,125,122,33,76,10,60,46,64,124,78" hai2="87,58,50,83,117,118,90,79,32,82,132,91,31" hai3="57,26,18,94,121,23,131,129,127,11,113,67,72"/><V116/><F132/><W28/><G121/><T100/><D106/><U8/><E114/><V1/><F1/><W66/><G127/><T47/><D108/><U112/><E112/><V20/><F32/><W24/><G72/><T44/><D29/><U39/><E33/><V36/><F36/><W19/><G94/><T34/><D45/><U71/><E122/><V88/><F31/><W130/><G113/><T74/><D74/><U30/><E30/><V40/><F20/><N who="3" m="15431" /><G57/><T25/><D25/><U85/><E56/><V13/><F13/><AGARI ba="1,0" hai="11,13,18,19,23,24,66,67,129,130,131" m="15431" machi="13" ten="30,1000,0" yaku="19,1" doraHai="107" who="3" fromWho="2" sc="391,0,190,0,167,-13,252,13" /><INIT seed="3,0,0,5,1,39" ten="391,190,154,265" oya="3" hai0="50,38,24,44,35,10,11,84,105,65,117,18,87" hai1="42,58,48,76,34,124,3,55,66,43,110,33,77" hai2="119,79,17,21,72,96,134,51,82,80,102,90,128" hai3="109,75,7,67,123,125,26,30,12,106,97,9,132"/><W116/><G116/><T130/><D38/><U118/><E3/><V88/><F119/><W127/><G123/><T25/><D105/><U23/><E118/><V111/><F111/><W49/><G67/><T78/><D35/><U98/><E34/><V104/><F128/><W114/><G114/><T99/><D117/><U37/><E37/><V126/><F126/><W91/><G75/><T94/><D65/><U112/><E112/><V41/><F134/><W63/><G63/><T93/><D130/><U6/><E33/><V22/><F82/><W113/><G113/><T16/><D78/><N who="1" m="30315" /><E124/><V8/><F8/><W129/><G132/><T46/><D50/><U135/><E135/><V122/><F122/><W60/><G60/><T89/><D89/><U53/><E66/><V95/><F17/><W92/><G109/><T85/><D85/><U54/><E6/><V31/><F31/><W61/><G129/><T4/><D99/><U19/><E110/><V28/><F28/><W69/><G49/><T52/><D52/><N who="1" m="20075" /><E98/><V45/><F90/><W100/><G91/><T29/><D29/><U81/><E81/><V2/><F2/><W70/><G70/><T0/><D0/><U59/><E59/><V62/><F62/><W115/><G115/><T101/><D101/><U1/><E1/><V32/><F32/><W68/><G68/><T20/><D4/><U57/><E57/><V56/><F56/><W74/><G125/><T64/><D64/><U121/><E121/><V40/><F40/><W107/><G69/><T5/><D5/><U133/><E133/><V120/><F120/><RYUUKYOKU ba="0,0" sc="391,10,190,10,154,10,265,-30" hai0="10,11,16,18,20,24,25,44,46,84,87,93,94" hai1="19,23,42,43,48,55,58" hai2="21,22,41,45,51,72,79,80,88,95,96,102,104" owari="401,50.0,200,-20.0,164,-34.0,235,4.0" /></mjloggm>