<mjloggm ver="2.3"><GO type="169" lobby="0"/><UN n0="%E5%B0%B1%E6%B4%BB%E7%94%9F%40%E5%B7%9D%E6%9D%91%E8%BB%8D%E5%9B%A3" n1="%6D%61%73%79" n2="%47%4F%4B%49%47%45%4E" n3="%E3%83%88%E3%83%90%E3%82%BE" dan="17,16,16,17" rate="2185.24,2050.80,2142.52,2153.83" sx="M,M,M,M"/><TAIKYOKU oya="0"/><INIT seed="0,0,0,0,0,90" ten="250,250,250,250" oya="0" hai0="30,20,127,98,61,52,114,54,28,25,2,103,69" hai1="129,51,10,17,45,31,120,77,112,135,133,39,58" hai2="1,21,72,102,71,82,104,80,107,86,99,49,128" hai3="15,48,87,24,32,3,67,124,100,16,105,115,43"/><T60/><D2/><U132/><E120/><V35/><F35/><W38/><G38/><T125/><D114/><U7/><E112/><V29/><F71/><W93/><G3/><T113/><D113/><U119/><E119/><V106/><F1/><W27/><G115/><T14/><D14/><U94/><E31/><V26/><F128/><W47/><G105/><T4/><D4/><U65/><E39/><V5/><F5/><W70/><G32/><T41/><D41/><U91/><E17/><V117/><F117/><W134/><G134/><T74/><D74/><U66/><E77/><V13/><F13/><W96/><G124/><N who="0" m="47691" /><D28/><U53/><E45/><V64/><F64/><W111/><G111/><T8/><D8/><U22/><E22/><V109/><F109/><W122/><G122/><T89/><D89/><U59/><E59/><V62/><F72/><W126/><G126/><T42/><D42/><U97/><REACH who="1" step="1"/><E129/><REACH who="1" ten="250,240,250,250" step="2"/><V95/><F29/><W101/><G47/><T130/><D130/><U33/><E33/><V44/><F21/><W116/><G116/><T19/><D30/><U73/><E73/><V110/><F110/><W23/><G23/><T55/><D69/><U92/><E92/><AGARI ba="0,1" hai="19,20,25,52,54,55,60,61,92,98,103" m="47691" machi="92" ten="30,5800,0" yaku="18,1,52,1,54,1" doraHai="90" who="0" fromWho="1" sc="250,68,240,-58,250,0,250,0" /><INIT seed="0,1,0,4,4,28" ten="318,182,250,250" oya="0" hai0="30,120,19,38,23,87,124,116,106,21,89,66,60" hai1="42,111,83,39,53,118,65,32,86,46,54,64,114" hai2="59,27,74,62,95,102,121,8,63,131,1,99,76" hai3="80,44,91,69,108,29,115,122,134,78,4,119,135"/><T84/><D116/><U97/><E118/><V15/><F121/><W49/><G119/><T125/><D120/><U71/><E111/><V109/><F1/><W34/><G122/><T72/><D72/><U57/><E114/><V68/><F109/><W100/><G69/><T90/><D38/><U104/><E104/><V127/><F68/><W98/><G108/><T18/><D106/><U128/><E97/><V112/><F112/><W52/><G115/><T36/><D36/><U130/><E86/><V75/><F127/><W132/><G4/><T10/><D10/><U85/><E85/><V45/><F45/><W105/><G91/><T5/><D30/><U16/><E32/><V9/><F63/><W25/><G80/><T113/><D113/><U117/><E117/><V51/><F51/><W37/><G37/><T126/><D5/><U107/><E83/><V58/><F9/><W129/><G78/><T22/><D87/><U101/><E54/><V41/><F41/><W40/><G129/><N who="1" m="49770" /><E101/><V20/><F131/><W110/><G110/><T47/><D47/><U33/><E107/><V31/><F76/><W50/><G50/><T12/><D84/><U26/><E71/><V61/><F75/><W123/><G123/><T17/><REACH who="0" step="1"/><D12/><REACH who="0" ten="308,182,250,250" step="2"/><U82/><E82/><V96/><F74/><W79/><G79/><T81/><D81/><U3/><E3/><V93/><F15/><W2/><G2/><T103/><D103/><U0/><E0/><V13/><F13/><W24/><G25/><T94/><D94/><U70/><E39/><V88/><F8/><W67/><G40/><RYUUKYOKU ba="1,1" sc="308,10,182,-30,250,10,250,10" hai0="17,18,19,21,22,23,60,66,89,90,124,125,126" hai2="20,27,31,58,59,61,62,88,93,95,96,99,102" hai3="24,29,34,44,49,52,67,98,100,105,132,134,135" /><INIT seed="0,2,1,4,2,22" ten="318,152,260,260" oya="0" hai0="76,79,83,32,127,61,39,42,132,18,9,40,33" hai1="7,67,78,97,68,2,87,95,4,93,77,17,109" hai2="102,8,16,81,123,90,46,44,45,38,34,134,59" hai3="56,51,25,62,23,21,55,112,49,37,114,128,110"/><T133/><D61/><U29/><E2/><V117/><F34/><N who="0" m="13418" /><D39/><U122/><E122/><V1/><F123/><W119/><G119/><T66/><D66/><U11/><E109/><V30/><F38/><W3/><G37/><T92/><D92/><U64/><E29/><V31/><F1/><W101/><G110/><T72/><D79/><U107/><E68/><V52/><F117/><W85/><G101/><T50/><D50/><U99/><E87/><N who="2" m="50543" /><F102/><W48/><G85/><T60/><D60/><U36/><E36/><V130/><F130/><W108/><G128/><T54/><D54/><U24/><E11/><V105/><F105/><W57/><G108/><T131/><D131/><U121/><E17/><V116/><F116/><W75/><G75/><T0/><D127/><U126/><E121/><V98/><F98/><W58/><G3/><T103/><D103/><U111/><E111/><V69/><F69/><W27/><G55/><T91/><D91/><U41/><E41/><V106/><F106/><W96/><G96/><T15/><D0/><U28/><E107/><V80/><F80/><W113/><G62/><T84/><D72/><U120/><E120/><V20/><F52/><W19/><G19/><T35/><D35/><U94/><E126/><V135/><F59/><W104/><G104/><T65/><D65/><N who="1" m="25163" /><E99/><V129/><F129/><W86/><G86/><T88/><D76/><N who="1" m="29291" /><E97/><V6/><F31/><W73/><G73/><T10/><D9/><U53/><E53/><V71/><F71/><W89/><G89/><T125/><D125/><U43/><E43/><V13/><F30/><RYUUKYOKU ba="2,1" sc="318,0,152,0,260,0,260,0" hai0="10,15,18,40,42,83,84,88,132,133" hai1="4,7,24,28,93,94,95" hai2="6,8,13,16,20,44,45,46,134,135" hai3="21,23,25,27,48,49,51,56,57,58,112,113,114" /><INIT seed="0,3,1,3,5,111" ten="318,152,260,260" oya="0" hai0="106,69,102,91,121,63,31,133,118,42,28,49,44" hai1="3,120,108,23,96,76,55,14,50,29,24,112,72" hai2="7,127,10,48,21,81,128,47,53,99,13,15,2" hai3="62,134,38,64,123,93,98,135,26,36,119,37,82"/><T67/><D118/><U41/><E120/><V97/><F127/><W34/><G119/><T89/><D121/><U18/><E108/><V101/><F128/><W115/><G123/><T19/><D133/><N who="3" m="50697" /><G115/><T110/><D110/><U70/><E70/><V117/><F117/><W130/><G82/><T132/><D132/><U88/><E3/><V33/><F33/><W39/><G130/><T6/><D6/><U71/><E71/><V40/><F81/><W52/><G36/><T58/><D69/><U103/><E41/><V83/><F83/><W8/><G8/><T68/><D68/><U94/><E72/><V57/><F21/><W45/><G64/><T114/><D114/><U109/><E109/><V35/><F35/><W65/><G65/><T87/><D91/><U5/><E5/><V79/><F79/><W4/><G4/><T92/><REACH who="0" step="1"/><D19/><REACH who="0" ten="308,152,260,260" step="2"/><U129/><E112/><V122/><F122/><W85/><G38/><T59/><D59/><N who="1" m="33271" /><E129/><V9/><F2/><W78/><G37/><T60/><D60/><U16/><E76/><V32/><F57/><W84/><G78/><T22/><D22/><N who="1" m="15511" /><E18/><N who="2" m="8495" /><F32/><W116/><G116/><T80/><D80/><U17/><E17/><V124/><F124/><W104/><G39/><T75/><D75/><U100/><AGARI ba="3,2" hai="14,16,23,88,94,96,100,103" m="15511,33271" machi="100" ten="30,4000,0" yaku="8,1,54,2" doraHai="111" who="1" fromWho="1" sc="308,-23,152,69,260,-13,260,-13" /><INIT seed="1,0,0,4,4,30" ten="285,221,247,247" oya="1" hai0="10,33,75,14,108,103,11,112,95,25,131,90,113" hai1="118,109,34,110,83,74,97,31,127,77,82,86,134" hai2="21,70,107,56,130,28,101,121,47,135,61,35,65" hai3="40,119,100,102,5,106,1,41,123,114,42,59,2"/><U78/><E118/><V122/><F130/><W126/><G123/><T13/><D75/><U64/><E64/><V52/><F21/><W66/><G114/><T105/><D108/><N who="1" m="41579" /><E134/><V39/><F135/><W84/><G119/><T46/><D131/><U71/><E71/><V133/><F133/><W15/><G15/><T67/><D67/><U132/><E132/><V92/><F92/><W4/><G66/><T7/><D103/><U20/><E20/><V22/><F22/><W129/><G84/><T49/><D105/><U62/><E62/><V27/><F47/><W124/><G59/><T24/><D33/><U48/><E48/><N who="2" m="30727" /><F39/><W72/><G129/><T37/><D37/><U104/><E127/><N who="3" m="48682" /><G72/><T26/><D113/><U111/><N who="1" m="41587" /><U44/><DORA hai="85" /><E44/><V19/><F19/><W23/><G23/><T73/><D73/><U87/><E74/><V80/><F80/><W91/><G91/><T76/><D76/><U128/><E128/><V99/><AGARI ba="0,0" hai="27,28,35,61,65,70,99,101,107,121,122" m="30727" machi="99" ten="30,4000,0" yaku="25,1,52,1,54,1" doraHai="30,85" who="2" fromWho="2" sc="285,-10,221,-20,247,40,247,-10" /><INIT seed="2,0,0,3,3,103" ten="275,201,287,237" oya="2" hai0="123,6,86,12,129,88,32,3,133,99,13,53,8" hai1="68,74,50,95,28,65,7,135,109,29,34,110,97" hai2="82,98,122,31,118,43,132,94,76,96,84,4,55" hai3="64,2,101,113,71,112,21,18,16,46,104,57,37"/><V38/><F122/><W69/><G2/><T121/><D32/><U75/><E7/><V89/><F118/><W44/><G57/><T79/><D129/><U49/><E135/><V117/><F117/><W116/><G116/><T15/><D133/><U72/><E68/><N who="3" m="26186" /><G64/><T27/><D27/><N who="1" m="18719" /><E29/><V63/><F132/><W39/><G101/><T47/><D79/><U19/><E19/><N who="3" m="7210" /><G21/><T48/><REACH who="0" step="1"/><D99/><REACH who="0" ten="265,201,287,237" step="2"/><U42/><E97/><V111/><F98/><W5/><G5/><T41/><D41/><U36/><E42/><V9/><F43/><W115/><G104/><T107/><D107/><U78/><E78/><V100/><F76/><W62/><G62/><T30/><D30/><U87/><E74/><V22/><F31/><W1/><G1/><T114/><D114/><U58/><E75/><V106/><F106/><W35/><G35/><T59/><D59/><U80/><E58/><V67/><F63/><W119/><G119/><T51/><D51/><U25/><E72/><V70/><F70/><W0/><G0/><T91/><D91/><U105/><E50/><V128/><F89/><W92/><G92/><AGARI ba="0,1" hai="3,6,8,12,13,15,47,48,53,86,88,92,121,123" machi="92" ten="40,2600,0" yaku="1,1,54,1,53,0" doraHai="103" doraHaiUra="125" who="0" fromWho="3" sc="265,36,201,0,287,0,237,-26" /><INIT seed="3,0,0,2,3,125" ten="301,201,287,211" oya="3" hai0="31,20,27,14,32,97,73,135,72,57,11,104,21" hai1="55,128,6,29,48,58,84,87,109,113,76,44,1" hai2="30,53,66,47,102,15,119,115,89,116,129,42,121" hai3="75,34,78,81,36,18,114,132,35,80,86,88,94"/><W91/><G114/><T96/><D135/><U90/><E113/><V4/><F115/><W77/><G36/><T67/><D73/><U63/><E109/><V7/><F102/><W127/><G127/><T107/><D72/><U54/><E29/><V112/><F66/><W46/><G132/><T71/><D71/><U24/><E24/><V103/><F103/><W50/><G18/><T108/><D108/><U98/><E1/><V93/><F30/><W49/><G49/><T122/><D122/><U12/><E128/><V120/><F112/><W131/><G131/><T101/><D96/><U8/><E76/><V69/><F69/><W0/><G0/><T39/><D39/><U52/><REACH who="1" step="1"/><E54/><REACH who="1" ten="301,191,287,211" step="2"/><V23/><F53/><W92/><G77/><T117/><D27/><U41/><E41/><V9/><F129/><W130/><G130/><T38/><D31/><U83/><E83/><V45/><F42/><W25/><G25/><T118/><D32/><U100/><E100/><V5/><F121/><W3/><G3/><T17/><D104/><U37/><E37/><V99/><F120/><W40/><REACH who="3" step="1"/><G81/><REACH who="3" ten="301,191,287,201" step="2"/><T61/><D38/><U95/><AGARI ba="0,2" hai="6,8,12,44,48,52,55,58,63,84,87,90,95,98" machi="95" ten="30,7900,0" yaku="1,1,0,1,8,1,54,1,53,0" doraHai="125" doraHaiUra="106" who="1" fromWho="1" sc="301,-20,191,99,287,-20,201,-39" /><INIT seed="4,0,0,4,2,99" ten="281,290,267,162" oya="0" hai0="88,23,118,49,126,4,42,79,48,40,43,84,50" hai1="7,108,87,31,131,22,95,102,51,90,12,78,67" hai2="125,124,30,82,132,85,107,59,111,9,5,105,38" hai3="135,103,101,61,134,10,18,96,119,41,0,72,58"/><T39/><D118/><U115/><E108/><V28/><F111/><W36/><G119/><T68/><D68/><U13/><E131/><V44/><F132/><N who="3" m="50731" /><G72/><T14/><D126/><N who="2" m="48746" /><F59/><W120/><G120/><T57/><D79/><U83/><E115/><V63/><F63/><W53/><G96/><T37/><D57/><U123/><E123/><V116/><F44/><N who="3" m="23591" /><G18/><T25/><D14/><U106/><E106/><N who="2" m="40459" /><F38/><W34/><G34/><T104/><D104/><U113/><E113/><V81/><F116/><W17/><G17/><T98/><D98/><N who="1" m="59743" /><E67/><V73/><F73/><W114/><G114/><T64/><D64/><U52/><E7/><AGARI ba="0,0" hai="0,7,10,53,58,61,101,103" m="23591,50731" machi="7" ten="30,3900,0" yaku="20,1,52,2" doraHai="99" who="3" fromWho="1" sc="281,0,290,-39,267,0,162,39" /><INIT seed="5,0,0,3,4,109" ten="281,251,267,201" oya="1" hai0="108,66,86,122,65,75,33,90,112,99,37,110,123" hai1="24,61,101,105,89,98,111,35,72,40,39,135,97" hai2="103,70,1,119,9,16,18,120,52,121,13,78,59" hai3="5,64,41,43,68,74,81,55,96,14,48,6,50"/><U42/><E111/><N who="0" m="42537" /><D37/><U82/><E135/><V117/><F70/><W60/><G74/><T63/><D33/><U113/><E72/><V92/><F78/><W8/><G81/><T57/><D75/><U83/><E39/><V25/><F1/><W17/><G96/><T104/><D104/><U76/><E76/><V53/><F119/><W19/><G19/><T22/><D22/><U106/><E61/><V45/><F117/><W125/><G125/><T127/><D99/><U131/><E24/><V130/><F130/><W27/><G27/><T32/><D32/><U79/><E35/><V4/><F120/><N who="0" m="46122" /><D112/><U114/><E131/><V23/><F121/><W107/><G107/><T10/><D10/><U116/><E116/><V124/><F124/><W29/><G29/><T91/><D127/><U30/><E30/><N who="2" m="17727" /><F45/><W7/><REACH who="3" step="1"/><G50/><REACH who="3" ten="281,251,267,191" step="2"/><T11/><D86/><N who="1" m="50399" /><E98/><N who="2" m="59847" /><F18/><W26/><G26/><T31/><D31/><U100/><E100/><V134/><F134/><W69/><G69/><T54/><D11/><U80/><E106/><V88/><F4/><W49/><G49/><T73/><D73/><N who="1" m="43119" /><E82/><V94/><F59/><AGARI ba="0,1" hai="5,6,7,8,14,17,41,43,48,55,59,60,64,68" machi="59" ten="40,2600,0" yaku="1,1,53,1" doraHai="109" doraHaiUra="56" who="3" fromWho="2" sc="281,0,251,0,267,-26,191,36" /><INIT seed="6,0,0,0,5,12" ten="281,251,241,227" oya="2" hai0="76,74,73,96,47,67,35,56,57,102,100,54,37" hai1="38,48,103,6,119,133,128,50,72,108,91,14,129" hai2="114,53,90,39,113,66,55,26,127,32,1,49,63" hai3="36,122,58,101,89,110,15,116,65,92,30,29,68"/><V21/><F1/><W105/><G116/><T3/><D35/><U27/><E108/><V13/><F39/><W31/><G110/><T71/><D3/><U118/><E38/><V112/><F127/><W135/><G122/><T28/><D28/><U124/><E72/><V123/><F123/><W79/><G36/><T87/><D56/><U75/><E75/><V130/><F130/><N who="1" m="50281" /><E103/><V61/><F32/><W98/><G68/><T43/><D87/><U51/><E124/><V10/><F90/><W20/><G79/><T7/><D7/><U125/><E125/><V95/><F95/><W52/><G65/><T23/><D23/><U4/><E133/><V24/><F49/><W131/><G135/><T33/><D33/><U46/><E46/><V115/><N who="2" m="29184" /><DORA hai="59" /><V16/><F26/><W5/><G131/><T82/><D96/><U11/><E27/><V19/><F61/><N who="3" m="36039" /><G105/><T78/><D78/><U126/><E126/><V42/><F42/><W121/><G121/><T120/><D74/><U17/><E91/><V97/><F97/><W45/><G45/><T99/><D99/><U88/><E88/><V41/><F41/><W25/><G89/><T132/><D132/><U44/><E44/><V86/><F86/><W104/><G104/><T81/><D120/><U134/><E134/><V107/><F107/><W109/><G109/><T69/><D82/><U117/><AGARI ba="0,0" hai="4,6,11,14,17,48,50,51,117,118,119" m="50281" machi="117" ten="40,2700,0" yaku="19,1,52,1" doraHai="12,59" who="1" fromWho="1" sc="281,-7,251,27,241,-13,227,-7" /><INIT seed="7,0,0,3,4,79" ten="274,278,228,220" oya="3" hai0="75,24,114,32,13,116,3,15,37,63,36,39,124" hai1="44,38,51,119,115,14,68,88,6,62,97,81,71" hai2="109,56,60,35,61,102,48,107,4,127,8,41,70" hai3="122,27,18,30,132,19,103,42,134,20,26,33,91"/><W46/><G122/><T10/><D116/><U22/><E38/><V108/><F35/><W66/><G66/><T84/><D75/><U106/><E106/><V98/><F127/><W120/><G120/><T121/><D121/><U111/><E111/><V100/><F100/><W96/><G91/><T50/><D124/><U87/><E115/><V76/><F76/><W83/><G19/><T31/><D114/><U73/><E73/><V11/><F11/><W29/><G29/><T5/><D63/><U101/><E62/><V47/><F70/><W95/><REACH who="3" step="1"/><G83/><REACH who="3" ten="274,278,228,210" step="2"/><T99/><D31/><U126/><E126/><V43/><F108/><W104/><G104/><T82/><D82/><U128/><E81/><V45/><F109/><W69/><G69/><T12/><D5/><U25/><E71/><V65/><F65/><W40/><G40/><T64/><D64/><U86/><E68/><V53/><F41/><W57/><G57/><T54/><D54/><U58/><E58/><V28/><F28/><W55/><G55/><T93/><D32/><U74/><E88/><V21/><F56/><W135/><G135/><T113/><D93/><U23/><E6/><V131/><F43/><W34/><G34/><T72/><D113/><U117/><E117/><V89/><F89/><W110/><G110/><T130/><D130/><U94/><E128/><V2/><F131/><W49/><AGARI ba="0,1" hai="18,20,26,27,30,33,42,46,49,95,96,103,132,134" machi="49" ten="30,3000,0" yaku="1,1,0,1,53,0" doraHai="79" doraHaiUra="85" who="3" fromWho="3" sc="274,-10,278,-10,228,-10,210,40" /><INIT seed="7,1,0,3,4,59" ten="264,268,218,250" oya="3" hai0="114,113,31,58,50,124,32,60,129,128,63,52,127" hai1="121,77,134,99,27,135,49,3,53,74,0,132,20" hai2="76,91,108,41,72,47,120,95,64,131,82,44,42" hai3="48,90,56,75,28,122,57,78,15,9,8,65,94"/><W23/><G122/><T13/><D32/><U17/><E121/><V51/><F108/><W67/><G78/><T2/><D2/><U66/><E74/><V116/><F120/><W46/><G75/><T81/><D31/><U115/><E77/><V118/><F131/><N who="0" m="50250" /><D81/><U92/><E66/><N who="3" m="25098" /><G23/><T100/><D100/><U112/><E53/><V69/><F64/><W54/><G28/><T117/><D13/><U130/><E49/><V38/><REACH who="2" step="1"/><F69/><REACH who="2" ten="264,268,208,250" step="2"/><W12/><G8/><T86/><D117/><U34/><E130/><V68/><F68/><W37/><G37/><T39/><D39/><U70/><E70/><V73/><F73/><W14/><G9/><T16/><D127/><U93/><E0/><V7/><F7/><W19/><G19/><T123/><D124/><U84/><E3/><V35/><F35/><W55/><G55/><T103/><D16/><U85/><E34/><V22/><F22/><W29/><G29/><T96/><D123/><U21/><E17/><V24/><F24/><W105/><G105/><N who="0" m="63719" /><D86/><AGARI ba="1,1" hai="38,41,42,44,47,51,72,76,82,86,91,95,116,118" machi="86" ten="30,3900,0" yaku="1,1,7,1,53,1" doraHai="59" doraHaiUra="79" who="2" fromWho="0" sc="264,-42,268,0,208,52,250,0" /><AGARI ba="1,0" hai="12,14,15,46,48,54,56,57,86,90,94" m="25098" machi="86" ten="30,1500,0" yaku="8,1" doraHai="59" who="3" fromWho="0" sc="222,-15,268,0,260,0,250,15" /><INIT seed="7,2,0,2,5,91" ten="207,268,260,265" oya="3" hai0="50,39,10,95,77,0,72,62,86,126,117,83,20" hai1="90,131,60,94,96,32,30,28,105,12,127,4,129" hai2="106,102,43,80,47,84,24,130,134,52,54,2,113" hai3="101,45,33,99,103,121,108,110,67,65,93,69,97"/><W119/><G119/><T19/><D117/><U114/><E127/><V79/><F2/><W34/><G121/><T75/><D126/><U9/><E114/><V31/><F113/><W115/><G45/><T78/><D39/><U120/><E120/><V59/><F130/><N who="1" m="49673" /><E105/><V123/><F134/><W16/><G115/><T51/><D62/><U14/><E60/><V88/><F123/><W73/><G73/><T92/><D0/><U25/><E30/><V56/><F106/><W64/><G69/><T98/><D10/><U70/><E70/><V100/><F43/><W40/><G40/><T107/><D107/><U37/><E37/><V82/><F82/><W118/><G118/><T42/><D42/><U53/><E53/><N who="2" m="20587" /><F47/><W128/><G128/><T58/><D58/><N who="2" m="22058" /><F79/><N who="0" m="30218" /><D75/><U11/><E11/><V26/><F31/><W63/><G63/><T89/><D72/><U135/><E135/><V87/><F87/><W15/><G33/><T61/><D61/><U122/><E122/><V13/><F13/><AGARI ba="2,0" hai="4,9,12,13,14,25,28,32,90,94,96" m="49673" machi="13" ten="30,2000,0" yaku="19,1,52,1" doraHai="91" who="1" fromWho="2" sc="207,0,268,26,260,-26,265,0" /><INIT seed="8,0,0,5,1,127" ten="207,294,234,265" oya="0" hai0="5,42,120,97,33,14,57,99,71,53,100,36,68" hai1="111,22,105,16,122,72,54,101,80,21,31,26,95" hai2="59,66,124,47,87,82,109,76,83,10,86,73,98" hai3="78,91,110,69,79,131,41,49,32,11,116,4,6"/><T61/><D120/><U0/><E105/><V94/><F109/><W50/><G116/><T93/><D33/><U130/><E0/><V58/><F124/><W102/><G69/><T107/><D36/><U20/><E111/><V81/><F73/><W133/><G110/><T40/><D68/><U70/><E70/><V12/><F47/><W45/><G32/><T125/><D125/><U89/><E130/><V38/><F38/><W65/><G65/><T39/><D39/><U103/><E72/><V74/><F74/><W24/><G24/><T19/><D5/><U60/><E80/><V75/><F75/><W104/><G133/><T25/><D71/><U77/><E77/><V128/><F128/><W132/><G132/><T129/><D129/><U27/><E21/><V64/><F82/><W123/><G123/><T135/><D135/><U18/><E31/><V28/><F28/><W96/><G131/><T17/><D25/><U2/><E2/><V63/><F64/><W88/><G49/><T7/><D7/><U55/><E122/><V126/><F126/><W67/><G67/><T113/><D113/><U52/><E60/><V46/><F83/><W112/><G4/><T114/><D114/><U84/><AGARI ba="0,0" hai="16,18,20,22,26,27,52,54,55,84,89,95,101,103" machi="84" ten="30,8000,1" yaku="0,1,9,1,8,1,54,2" doraHai="127" who="1" fromWho="1" sc="207,-40,294,80,234,-20,265,-20" owari="167,-33.0,374,47.0,214,-19.0,245,5.0" /></mjloggm>