<mjloggm ver="2.3"><GO type="169" lobby="0"/><UN n0="%E3%82%88%E3%81%A4%E3%81%B0%E3%81%A8%EF%BC%81" n1="%68%69%6E%61%6A%69%6E%6E" n2="%E3%82%AD%E3%83%9F%E3%82%BF%E3%83%9E%E3%82%B4" n3="%E3%83%88%E3%83%88%E3%83%AA%E5%85%88%E7%94%9F%31%39%E6%AD%B3" dan="17,16,16,18" rate="2152.68,2110.06,2128.91,2201.27" sx="F,M,M,F"/><TAIKYOKU oya="0"/><INIT seed="0,0,0,4,5,106" ten="250,250,250,250" oya="0" hai0="48,45,0,41,82,49,118,30,100,3,90,113,7" hai1="115,102,18,62,9,11,2,80,84,47,83,53,112" hai2="69,38,60,71,24,10,26,76,93,4,81,8,122" hai3="105,55,127,85,77,125,44,29,98,135,101,132,57"/><T1/><D118/><U6/><E102/><V108/><F108/><W67/><G67/><T124/><D113/><U73/><E62/><V16/><F38/><W88/><G44/><T129/><D100/><U99/><E99/><V50/><F10/><W103/><G29/><T54/><D124/><N who="3" m="47689" /><G57/><T86/><D129/><U13/><E83/><V5/><F4/><W52/><G77/><T33/><D30/><U28/><E28/><V23/><F26/><W74/><G74/><T43/><D33/><U104/><E104/><V70/><F50/><W58/><G101/><T123/><D123/><U32/><E32/><V36/><F36/><W91/><G91/><T133/><D133/><N who="3" m="51273" /><G58/><T96/><D96/><U17/><E73/><V87/><F122/><W111/><G111/><T35/><D35/><U126/><E126/><V131/><F69/><W19/><G19/><T134/><D134/><U51/><E18/><V37/><F37/><W65/><G65/><T22/><D22/><U59/><E59/><V94/><F70/><W114/><G114/><T78/><D7/><U89/><AGARI ba="0,0" hai="2,6,9,11,13,17,47,51,53,80,84,89,112,115" machi="89" ten="30,4000,0" yaku="0,1,25,2" doraHai="106" who="1" fromWho="1" sc="250,-20,250,40,250,-10,250,-10" /><INIT seed="1,0,0,4,4,133" ten="230,290,240,240" oya="1" hai0="80,6,32,83,22,25,12,13,37,131,63,42,100" hai1="128,93,49,55,104,121,40,51,109,107,85,125,20" hai2="60,72,59,38,110,132,67,48,65,10,71,29,0" hai3="76,112,34,66,45,130,75,126,17,113,78,108,97"/><U120/><E128/><V101/><F38/><W44/><G130/><T18/><D131/><U127/><E20/><V92/><F72/><W114/><G34/><T102/><D37/><U74/><E74/><V81/><F110/><W84/><G75/><T106/><D42/><U98/><E109/><V27/><F81/><N who="0" m="31306" /><D106/><U30/><E30/><V36/><F36/><W9/><G84/><T134/><D134/><U116/><E116/><V129/><F48/><W64/><G108/><T24/><D12/><U16/><E16/><V28/><F28/><W52/><G97/><T70/><D70/><U77/><E40/><V86/><F71/><W5/><G17/><T56/><D32/><U7/><E7/><V43/><F43/><W58/><G126/><N who="1" m="48138" /><E85/><V118/><F118/><W103/><G114/><T73/><D73/><U90/><E77/><V89/><F132/><W15/><G112/><T61/><D61/><U11/><E11/><V82/><F10/><W26/><G113/><T95/><D6/><U111/><E111/><V2/><F129/><W87/><G26/><T46/><D24/><U119/><E119/><V79/><F79/><W39/><G78/><T4/><D25/><U33/><E33/><V23/><F2/><W123/><G76/><T50/><D4/><U94/><E93/><V35/><F0/><W115/><G115/><T47/><D95/><U96/><E51/><V135/><F35/><W105/><G39/><T1/><D50/><U21/><E21/><V99/><F135/><W19/><G5/><T57/><D22/><U68/><E68/><V41/><F41/><RYUUKYOKU ba="0,0" sc="230,-10,290,-10,240,30,240,-10" hai2="23,27,29,59,60,65,67,82,86,89,92,99,101" /><INIT seed="2,1,0,4,4,132" ten="220,280,270,230" oya="2" hai0="26,52,87,100,90,58,3,91,107,88,36,116,19" hai1="82,67,81,10,106,131,122,98,15,125,99,12,77" hai2="39,86,108,69,113,45,54,60,49,70,96,97,117" hai3="57,110,127,6,22,76,28,7,84,14,135,114,8"/><V83/><F113/><W74/><G74/><T0/><D36/><U121/><E67/><V50/><F117/><W101/><G135/><T78/><D116/><U111/><E131/><V25/><F39/><W42/><G114/><T75/><D75/><U63/><E63/><V16/><F108/><W102/><G110/><T27/><D107/><U118/><E118/><V123/><F123/><W129/><G129/><T119/><D100/><U128/><E128/><V13/><F25/><N who="3" m="16439" /><G127/><T80/><D119/><U126/><E111/><V43/><F60/><W89/><G76/><T35/><D35/><U24/><E24/><V61/><F61/><W71/><G42/><T62/><REACH who="0" step="1"/><D27/><REACH who="0" ten="210,280,270,230" step="2"/><U59/><E106/><V34/><F34/><W112/><G102/><T30/><D30/><U37/><E37/><V130/><F130/><W5/><G101/><T66/><D66/><U68/><E122/><V134/><F134/><W38/><G38/><T65/><D65/><U21/><E121/><V124/><F69/><W105/><G105/><T40/><D40/><U4/><E68/><V41/><F70/><W46/><G71/><T56/><D56/><U2/><E59/><V64/><F64/><W31/><G31/><T11/><D11/><U17/><E10/><V79/><F43/><W23/><G112/><T120/><D120/><U20/><E125/><V44/><F124/><W53/><G57/><T92/><D92/><U103/><E126/><V47/><F45/><W94/><G23/><AGARI ba="1,1" hai="0,3,19,23,26,52,58,62,78,80,87,88,90,91" machi="23" ten="40,12000,2" yaku="1,1,54,2,53,3" doraHai="132" doraHaiUra="85" who="0" fromWho="3" sc="210,133,280,0,270,0,230,-123" /><AGARI ba="1,0" hai="13,16,23,41,44,47,49,50,54,79,83,86,96,97" machi="23" ten="30,5800,0" yaku="7,1,8,1,54,1" doraHai="132" who="2" fromWho="3" sc="343,0,280,0,270,58,107,-58" /><INIT seed="2,2,0,5,4,124" ten="343,280,328,49" oya="2" hai0="74,8,43,20,83,67,54,64,135,0,27,13,108" hai1="60,56,96,52,44,106,85,105,129,41,103,80,48" hai2="38,122,134,14,112,24,100,40,19,5,21,71,62" hai3="95,9,102,65,45,6,107,78,31,58,34,84,1"/><V111/><F112/><W76/><G107/><T26/><D0/><U61/><E106/><V77/><F122/><W30/><G65/><T104/><D104/><U46/><E46/><V25/><F100/><W39/><G58/><T59/><D43/><U42/><E42/><V53/><F134/><W73/><G34/><T22/><D108/><U10/><E10/><V66/><F111/><W7/><G7/><T16/><D74/><U70/><E70/><V2/><F77/><W113/><G113/><T90/><D83/><U121/><E121/><V98/><F98/><W120/><G120/><T89/><D64/><U114/><E114/><V57/><F2/><W123/><G123/><T116/><D67/><U101/><E101/><V51/><REACH who="2" step="1"/><F5/><REACH who="2" ten="343,280,318,49" step="2"/><W88/><G102/><T47/><D135/><U37/><E103/><V11/><F11/><W132/><G132/><T72/><D8/><U94/><E96/><V17/><F17/><W125/><G76/><T97/><D16/><U12/><E105/><V69/><F69/><W82/><G125/><T33/><D97/><U91/><E12/><V110/><F110/><W126/><G126/><T133/><D13/><U15/><E15/><V130/><F130/><W32/><REACH who="3" step="1"/><G32/><REACH who="3" ten="343,280,318,39" step="2"/><T118/><D33/><U35/><E35/><V36/><F36/><W49/><G49/><T127/><D133/><U75/><E37/><V92/><F92/><W87/><G87/><T55/><D127/><U119/><E94/><V86/><F86/><W50/><G50/><T117/><D117/><U79/><E119/><V131/><F131/><W29/><G29/><RYUUKYOKU ba="2,2" sc="343,-15,280,-15,318,15,39,15" hai2="14,19,21,24,25,38,40,51,53,57,62,66,71" hai3="1,6,9,30,31,39,45,73,78,82,84,88,95" /><INIT seed="2,3,2,5,3,82" ten="328,265,333,54" oya="2" hai0="51,113,72,97,123,2,78,114,31,39,64,106,35" hai1="67,93,41,52,99,50,115,17,7,88,10,131,85" hai2="121,118,92,40,105,25,77,132,69,26,129,108,66" hai3="4,104,6,36,89,21,133,83,61,37,95,20,1"/><V112/><F40/><W81/><G104/><T44/><D123/><U49/><E115/><V57/><F57/><W12/><G1/><T120/><D120/><U90/><E131/><V130/><F105/><W34/><G34/><T43/><D2/><U18/><E67/><V87/><F112/><W94/><G12/><T63/><D51/><U122/><E122/><V71/><F121/><W15/><G15/><T126/><D126/><U58/><E41/><V24/><F118/><W70/><G89/><T23/><D23/><U29/><E29/><V86/><F132/><W128/><G61/><T33/><D78/><U0/><E49/><V73/><F108/><W103/><G128/><N who="2" m="49257" /><F66/><W38/><G38/><T134/><D72/><U91/><E91/><N who="2" m="53367" /><F73/><W102/><REACH who="3" step="1"/><G70/><REACH who="3" ten="328,265,333,44" step="2"/><T53/><D106/><U42/><E42/><V125/><F125/><W30/><G30/><T68/><D31/><U98/><E98/><V76/><F76/><W45/><G45/><T80/><D97/><U127/><E127/><V48/><F71/><W84/><G84/><T135/><D113/><U100/><E90/><V62/><F62/><W54/><G54/><T22/><D53/><U27/><E27/><V117/><F69/><W11/><G11/><T109/><D114/><U14/><E0/><V79/><F79/><W9/><G9/><T59/><D68/><U124/><E124/><V47/><F77/><W101/><G101/><T32/><D63/><U60/><E60/><V19/><F87/><W107/><G107/><AGARI ba="3,3" hai="7,10,14,17,18,50,52,58,85,88,93,99,100,107" machi="107" ten="30,7700,0" yaku="7,1,52,1,54,2" doraHai="82" who="1" fromWho="3" sc="328,0,265,116,333,0,44,-86" owari="328,-7.0,381,48.0,333,13.0,-42,-54.0" /></mjloggm>