<mjloggm ver="2.3"><GO type="225" lobby="0"/><UN n0="%E9%8C%AF%E4%B9%B1%E3%82%AB%E3%83%AB%E3%83%94%E3%82%B9" n1="%E7%89%8C%E5%AD%90" n2="%E3%82%A6%E3%83%AB%E3%83%88%E3%83%A9%E7%AB%8B%E7%9B%B4" n3="%E3%83%98%E3%82%AF%E3%82%B5%E3%83%BC" dan="17,16,17,17" rate="2118.93,2175.14,2205.19,2164.64" sx="F,F,M,M"/><TAIKYOKU oya="0"/><INIT seed="0,0,0,4,4,119" ten="250,250,250,250" oya="0" hai0="60,22,104,47,121,69,123,97,116,54,62,34,98" hai1="114,24,13,49,113,45,131,122,82,77,2,23,58" hai2="88,12,35,130,70,79,40,92,111,89,63,16,5" hai3="67,32,135,68,107,20,39,28,74,3,94,36,57"/><T100/><D116/><U18/><E2/><V50/><F35/><W66/><G107/><T110/><D110/><U101/><E131/><V129/><F5/><W71/><G135/><T42/><D98/><U75/><E101/><V103/><F79/><W108/><G108/><T25/><D54/><U10/><E58/><V51/><F111/><W105/><G105/><T14/><D14/><U41/><REACH who="1" step="1"/><E122/><REACH who="1" ten="250,240,250,250" step="2"/><V7/><F103/><W84/><G3/><T96/><D69/><U65/><E65/><V27/><F70/><W9/><G71/><T102/><D34/><U30/><AGARI ba="0,1" hai="10,13,18,23,24,30,41,45,49,75,77,82,113,114" machi="30" ten="30,2000,0" yaku="1,1,0,1,53,0" doraHai="119" doraHaiUra="80" who="1" fromWho="1" sc="250,-10,240,30,250,-5,250,-5" /><INIT seed="1,0,0,0,5,107" ten="240,270,245,245" oya="1" hai0="58,119,75,8,97,60,133,87,110,90,4,96,108" hai1="45,114,34,40,113,6,85,65,0,63,49,51,86" hai2="64,70,102,88,52,26,130,12,48,15,129,78,73" hai3="79,104,81,80,20,105,68,11,16,22,118,47,117"/><U106/><E106/><V125/><F102/><W74/><G68/><T135/><D119/><N who="3" m="45577" /><G47/><T35/><D75/><U19/><E34/><V10/><F64/><W109/><G109/><N who="0" m="42091" /><D35/><U93/><E6/><V76/><F70/><W131/><G131/><N who="2" m="50185" /><F26/><W132/><G132/><N who="0" m="50763" /><D8/><U24/><E0/><V43/><F43/><W127/><G127/><T33/><D4/><U30/><E30/><V55/><F125/><W98/><G80/><N who="0" m="49511" /><D33/><U61/><E65/><AGARI ba="0,0" hai="58,60,65,96,97" m="49511,50763,42091" machi="65" ten="30,2000,0" yaku="14,1,20,1" doraHai="107" who="0" fromWho="1" sc="240,20,270,-20,245,0,245,0" /><INIT seed="2,0,0,5,3,85" ten="260,250,245,245" oya="2" hai0="76,60,12,123,58,18,110,36,132,83,54,79,88" hai1="59,4,68,1,15,27,6,113,41,124,92,131,40" hai2="82,94,56,77,39,48,16,3,127,30,34,117,38" hai3="17,31,52,28,84,75,5,111,55,7,108,14,101"/><V50/><F3/><W19/><G75/><T80/><D123/><U24/><E113/><V53/><F117/><W129/><G129/><T115/><D115/><U103/><E68/><V22/><F127/><W95/><G101/><T96/><D36/><U121/><E1/><V89/><F34/><W118/><G118/><T63/><D63/><U78/><E131/><V26/><F30/><W114/><G114/><T97/><D110/><N who="3" m="42025" /><G95/><N who="0" m="56423" /><D97/><N who="1" m="59815" /><E124/><V64/><F64/><W0/><G84/><T74/><D74/><U47/><E121/><V44/><F82/><N who="0" m="31274" /><D132/><U13/><E78/><V102/><F77/><W91/><G0/><T65/><D65/><U10/><E59/><V90/><F39/><W73/><G73/><T72/><D72/><U105/><E105/><V120/><F38/><W21/><G91/><N who="2" m="34825" /><F120/><W106/><G106/><T104/><D104/><U33/><E33/><V35/><F35/><W99/><G99/><T37/><D37/><U25/><E47/><V66/><F66/><W51/><G28/><T109/><D109/><U23/><E4/><V71/><F71/><W45/><G31/><T69/><D69/><U133/><E133/><V122/><F122/><W49/><G17/><AGARI ba="0,0" hai="6,10,13,15,17,23,24,25,27,40,41" m="59815" machi="17" ten="30,1000,0" yaku="8,1" doraHai="85" who="1" fromWho="3" sc="260,0,250,10,245,0,245,-10" /><INIT seed="3,0,0,3,1,48" ten="260,260,245,235" oya="3" hai0="11,9,117,119,113,77,76,55,56,86,98,36,108" hai1="71,72,124,52,129,57,45,34,97,8,44,54,123" hai2="88,66,67,134,112,62,116,93,110,120,13,15,99" hai3="107,47,89,73,10,78,79,131,102,3,94,30,106"/><W33/><G131/><T2/><D36/><U43/><E34/><V75/><F112/><W109/><G109/><T20/><D108/><U49/><E72/><V24/><F116/><W17/><G33/><T100/><D2/><U101/><E71/><V114/><F114/><W130/><G130/><T40/><D40/><U39/><E129/><V50/><F75/><W58/><G30/><T12/><D113/><U31/><E123/><V14/><F110/><W83/><G78/><N who="0" m="30315" /><D86/><U16/><E31/><V91/><F134/><W51/><G58/><T6/><D119/><U25/><E124/><V65/><F120/><W104/><G102/><T132/><D132/><U22/><E8/><V105/><F105/><W64/><G64/><T111/><D117/><U19/><E19/><V53/><F24/><W95/><G89/><T133/><D133/><U23/><E23/><V18/><F91/><W125/><G125/><T21/><D11/><U59/><E54/><V90/><F90/><W115/><G115/><T1/><D1/><U80/><E80/><V38/><F38/><W0/><G0/><T85/><D111/><U41/><E41/><V27/><F27/><W37/><G37/><T70/><D70/><U5/><E5/><V35/><F35/><W92/><G3/><T63/><D85/><U128/><E128/><V81/><F81/><W126/><G126/><T4/><D4/><U122/><E122/><V135/><F135/><W26/><G10/><T69/><D69/><U32/><E32/><V74/><F74/><W84/><G73/><T68/><D68/><U127/><E127/><RYUUKYOKU ba="0,0" sc="260,15,260,15,245,-15,235,-15" hai0="6,9,12,20,21,55,56,63,98,100" hai1="16,22,25,39,43,44,45,49,52,57,59,97,101" /><INIT seed="4,1,0,1,5,130" ten="275,275,230,220" oya="0" hai0="10,84,18,88,132,13,82,51,37,45,90,50,126" hai1="56,63,35,109,14,36,46,110,11,60,54,77,78" hai2="71,75,2,21,72,121,103,124,85,117,58,42,96" hai3="49,87,22,32,43,31,81,98,69,105,80,125,62"/><T91/><D132/><U16/><E35/><V129/><F121/><W113/><G113/><T76/><D126/><U89/><E110/><V112/><F71/><W30/><G125/><T26/><D37/><U66/><E109/><V47/><F124/><W17/><G105/><T133/><D133/><U135/><E135/><V70/><F70/><W38/><G38/><T20/><D45/><U34/><E34/><V15/><F2/><W12/><G32/><T128/><D128/><U127/><E127/><V100/><F112/><W93/><G69/><T40/><D40/><U27/><E27/><V64/><F85/><W101/><G62/><T48/><D48/><N who="1" m="28951" /><E36/><V102/><F96/><W23/><G23/><T33/><REACH who="0" step="1"/><D33/><REACH who="0" ten="265,275,230,220" step="2"/><U28/><E63/><V108/><F129/><W95/><G49/><T119/><D119/><U131/><E131/><V25/><F117/><W120/><G43/><T5/><AGARI ba="1,1" hai="5,10,13,18,20,26,50,51,76,82,84,88,90,91" machi="5" ten="30,12000,1" yaku="1,1,0,1,8,1,54,1,53,1" doraHai="130" doraHaiUra="3" who="0" fromWho="0" sc="265,133,275,-41,230,-41,220,-41" owari="398,50.0,234,3.0,189,-21.0,179,-32.0" /></mjloggm>