<mjloggm ver="2.3"><GO type="169" lobby="0"/><UN n0="%E5%B0%B1%E6%B4%BB%E7%94%9F%40%E5%B7%9D%E6%9D%91%E8%BB%8D%E5%9B%A3" n1="%67%6F%69%73%75%62%61%69" n2="%E3%81%8F%E3%82%8B%E3%82%8B" n3="%62%6F%6F%6B%65%72%4B" dan="16,16,17,16" rate="2097.00,2149.39,2104.34,2009.63" sx="M,M,M,M"/><TAIKYOKU oya="0"/><INIT seed="0,0,0,2,1,106" ten="250,250,250,250" oya="0" hai0="135,55,37,45,8,33,115,72,79,0,4,110,123" hai1="26,50,25,66,134,83,48,29,116,117,112,52,17" hai2="95,132,122,129,23,59,89,96,21,15,9,71,99" hai3="12,81,31,76,70,65,58,62,102,82,133,125,10"/><T107/><RYUUKYOKU type="yao9" ba="0,0" sc="250,0,250,0,250,0,250,0" hai0="0,4,8,33,37,45,55,72,79,107,110,115,123,135" /><INIT seed="0,1,0,1,2,5" ten="250,250,250,250" oya="0" hai0="7,59,90,53,113,25,87,47,112,134,29,103,84" hai1="116,68,115,109,73,17,35,39,94,110,126,22,92" hai2="55,70,24,77,95,50,88,135,61,93,98,28,66" hai3="99,26,71,91,38,13,18,106,74,23,97,75,67"/><T48/><D134/><U57/><E68/><V132/><F77/><W31/><G38/><T85/><D103/><U123/><E39/><V114/><F114/><W62/><G97/><T51/><D7/><U125/><E73/><V83/><F83/><W100/><REACH who="3" step="1"/><G91/><REACH who="3" ten="250,250,250,240" step="2"/><T9/><D90/><U131/><E115/><V21/><REACH who="2" step="1"/><F95/><REACH who="2" ten="250,250,240,240" step="2"/><W15/><G15/><T30/><D112/><U60/><E94/><V89/><F89/><W37/><G37/><T129/><D113/><U11/><E92/><V41/><F41/><W128/><G128/><T133/><D129/><U0/><E131/><V63/><F63/><W2/><G2/><T96/><D96/><U10/><E0/><V104/><F104/><W120/><G120/><T45/><D133/><U119/><E123/><V86/><F86/><W14/><G14/><T102/><D102/><U76/><E119/><V105/><F105/><W46/><G46/><AGARI ba="1,2" hai="21,24,28,46,50,55,61,66,70,88,93,98,132,135" machi="46" ten="40,5200,0" yaku="1,1,54,1,53,1" doraHai="5" doraHaiUra="20" who="2" fromWho="3" sc="250,0,250,0,240,75,240,-55" /><INIT seed="1,0,0,0,4,97" ten="250,250,315,185" oya="1" hai0="102,70,115,107,11,129,89,86,12,73,84,27,135" hai1="106,44,116,33,87,118,119,41,0,99,133,81,123" hai2="101,77,76,124,50,35,82,47,68,63,94,6,61" hai3="110,4,64,3,10,28,132,120,48,134,66,43,9"/><U105/><E0/><V36/><F36/><W7/><G120/><T17/><D115/><U75/><E33/><V91/><F35/><W16/><G28/><T112/><D112/><U38/><E123/><V25/><F6/><W65/><G110/><T18/><D73/><U71/><E71/><V45/><F124/><W78/><G78/><T26/><D70/><U31/><E133/><V52/><F25/><W111/><G111/><T90/><D129/><U85/><E31/><V55/><F68/><W37/><G37/><T13/><D107/><U131/><E131/><V42/><F42/><W127/><G127/><T34/><D34/><U51/><E51/><N who="2" m="28783" /><F82/><W67/><N who="3" m="16896" /><DORA hai="59" /><W113/><G113/><T79/><D79/><N who="2" m="30282" /><F101/><W74/><G74/><T62/><D102/><U121/><E121/><V130/><F130/><W126/><G126/><T117/><D117/><U49/><E75/><V29/><F29/><W93/><G93/><T19/><D19/><U128/><E128/><V53/><F53/><W39/><G39/><T60/><REACH who="0" step="1"/><D11/><REACH who="0" ten="240,250,315,185" step="2"/><U40/><E106/><V69/><F69/><W58/><G9/><T2/><D2/><U72/><E72/><V100/><F100/><W22/><G10/><T24/><D24/><U125/><E125/><V14/><F14/><N who="3" m="9495" /><G3/><T108/><D108/><U15/><E105/><V83/><F83/><W8/><G8/><T98/><D98/><AGARI ba="0,1" hai="47,50,55,61,63,91,94,98" m="30282,28783" machi="98" ten="30,7700,0" yaku="8,1,52,2,54,1" doraHai="97,59" who="2" fromWho="0" sc="240,-77,250,0,315,87,185,0" /><INIT seed="2,0,0,3,1,74" ten="163,250,402,185" oya="2" hai0="133,93,60,17,82,26,109,30,5,36,104,72,117" hai1="115,41,80,105,121,24,126,53,108,100,85,43,91" hai2="29,45,128,120,103,62,98,73,83,69,90,116,119" hai3="47,132,48,131,0,110,122,125,89,21,111,25,52"/><V67/><F120/><W114/><G122/><T123/><D104/><U84/><E115/><V37/><F128/><W95/><G131/><T99/><D123/><U130/><E121/><V12/><F12/><W13/><G0/><T127/><D109/><N who="3" m="41481" /><G132/><T81/><D36/><U49/><E108/><V23/><F23/><W65/><G65/><T33/><D127/><U40/><E126/><V134/><F134/><W96/><G125/><T71/><D133/><U61/><E130/><V7/><F7/><W34/><G34/><T63/><D117/><U42/><E61/><V107/><F29/><N who="3" m="17583" /><G13/><T75/><D5/><U27/><N who="1" m="10240" /><DORA hai="2" /><U35/><E35/><V86/><F37/><W101/><G101/><T135/><D135/><U3/><E3/><V79/><REACH who="2" step="1"/><F45/><REACH who="2" ten="163,250,392,185" step="2"/><W50/><G114/><T18/><D18/><U31/><E31/><V28/><F28/><W19/><G19/><T77/><D17/><U58/><E24/><V56/><F56/><W124/><G124/><T15/><D15/><U4/><E27/><V16/><F16/><W22/><G22/><T88/><D71/><U78/><E4/><V68/><F68/><W113/><G113/><T76/><AGARI ba="0,1" hai="26,30,33,60,63,72,75,76,77,81,82,88,93,99" machi="76" ten="30,8000,1" yaku="0,1,9,1,52,2,54,1" doraHai="74,2" who="0" fromWho="0" sc="163,90,250,-20,392,-40,185,-20" /><INIT seed="3,0,0,4,5,49" ten="253,230,352,165" oya="3" hai0="98,24,18,30,33,135,47,17,132,84,87,32,58" hai1="22,88,102,106,40,76,68,86,43,90,115,6,23" hai2="125,44,41,130,105,114,14,25,134,70,36,131,60" hai3="53,2,63,96,55,78,93,34,4,64,128,116,113"/><W45/><G116/><T82/><D33/><U50/><E115/><V79/><F114/><W54/><G113/><T5/><D5/><U28/><E68/><V31/><F14/><W59/><G34/><T77/><D47/><U9/><E106/><V129/><F105/><W91/><G128/><T97/><D87/><U57/><E102/><V118/><F118/><W42/><G78/><T127/><D127/><U26/><E23/><N who="2" m="15807" /><F79/><W95/><G95/><T111/><D111/><U103/><E103/><V112/><F112/><W1/><REACH who="3" step="1"/><G4/><REACH who="3" ten="253,230,352,155" step="2"/><T65/><D97/><U67/><E76/><V89/><F130/><W21/><G21/><T3/><D98/><U94/><E90/><V109/><F89/><W110/><G110/><T71/><D77/><U0/><REACH who="1" step="1"/><E67/><REACH who="1" ten="253,220,352,155" step="2"/><V122/><F131/><W92/><G92/><T19/><D65/><U29/><E29/><V99/><F129/><W119/><G119/><T52/><D30/><U10/><E10/><V101/><F109/><W83/><G83/><T74/><D82/><U46/><E46/><V13/><F44/><W51/><AGARI ba="0,2" hai="1,2,42,45,51,53,54,55,59,63,64,91,93,96" machi="51" ten="30,12000,1" yaku="1,1,0,1,52,3,53,0" doraHai="49" doraHaiUra="75" who="3" fromWho="3" sc="253,-40,220,-40,352,-40,155,140" /><INIT seed="3,1,0,2,5,112" ten="213,180,312,295" oya="3" hai0="12,94,3,90,117,46,135,47,68,105,98,52,66" hai1="64,35,65,121,11,2,20,60,78,84,27,19,24" hai2="5,41,38,71,76,91,32,31,83,14,126,6,70" hai3="92,33,61,133,106,34,59,110,69,73,93,119,99"/><W88/><G73/><T7/><D3/><U129/><E121/><V9/><F91/><W51/><G106/><T100/><D135/><U1/><E129/><V50/><F126/><W86/><G133/><T17/><D7/><U72/><E72/><V39/><F5/><W4/><G119/><T95/><D105/><U109/><E109/><V79/><F79/><W116/><G116/><T0/><D0/><U37/><E37/><V123/><F123/><W87/><G110/><T53/><D117/><U45/><E45/><N who="0" m="16905" /><D66/><U36/><E36/><V107/><F107/><W128/><G128/><T21/><D68/><U132/><E132/><V82/><F70/><W67/><G4/><T49/><D49/><U18/><E64/><V130/><F71/><W118/><G118/><T26/><D26/><U54/><E54/><V23/><F32/><W108/><G108/><T77/><D77/><U134/><E35/><V42/><F39/><W8/><G8/><T80/><D80/><N who="2" m="30762" /><F38/><W124/><G124/><T30/><D30/><U16/><E134/><V75/><F130/><W48/><G33/><T114/><D114/><U122/><E122/><V74/><F50/><N who="3" m="18987" /><G34/><T81/><D81/><N who="1" m="47159" /><E11/><V63/><F76/><W127/><G69/><T10/><D10/><U25/><E20/><V101/><F75/><W111/><G111/><T13/><D13/><U57/><E1/><V97/><F74/><W104/><G127/><T120/><D120/><U55/><E2/><V102/><F9/><W40/><G104/><T96/><AGARI ba="1,0" hai="12,17,21,52,53,90,94,95,96,98,100" m="16905" machi="96" ten="30,2000,0" yaku="8,1,54,1" doraHai="112" who="0" fromWho="0" sc="213,23,180,-6,312,-6,295,-11" /><INIT seed="4,0,0,1,1,6" ten="236,174,306,284" oya="0" hai0="123,29,110,39,33,49,34,86,16,132,128,18,64" hai1="5,68,2,54,22,114,14,48,43,90,62,83,66" hai2="47,100,96,12,111,134,89,17,127,87,75,35,1" hai3="25,44,37,78,24,15,61,50,8,88,113,7,103"/><T106/><D39/><U77/><E114/><V63/><F1/><W19/><G103/><T133/><D106/><U85/><E2/><V31/><F111/><W32/><G37/><T102/><D102/><U104/><E104/><V131/><F75/><W51/><G78/><T119/><D64/><U74/><E43/><V105/><F131/><W9/><G61/><T70/><D70/><U53/><E48/><V81/><F127/><W72/><G72/><T28/><D86/><U30/><E30/><N who="0" m="11881" /><D49/><U46/><E46/><V56/><F47/><W92/><G32/><N who="0" m="12395" /><D128/><U97/><E97/><V109/><F35/><W116/><G116/><T108/><D123/><U71/><E71/><V26/><F100/><W23/><G51/><T45/><D45/><U40/><E40/><V98/><F105/><W3/><G113/><T82/><D82/><U112/><E112/><V55/><F81/><W10/><G50/><T124/><D124/><U36/><E36/><V101/><F87/><W73/><G73/><T120/><D120/><U11/><REACH who="1" step="1"/><E22/><REACH who="1" ten="236,164,306,284" step="2"/><V41/><F98/><W38/><G44/><T91/><D119/><U126/><E126/><V58/><F96/><W67/><G38/><T117/><D117/><U76/><E76/><V20/><F41/><W52/><G23/><T80/><D91/><U94/><AGARI ba="0,1" hai="5,11,14,53,54,62,66,68,74,77,83,85,90,94" machi="94" ten="20,8000,1" yaku="1,1,0,1,7,1,52,1,53,1" doraHai="6" doraHaiUra="60" who="1" fromWho="1" sc="236,-40,164,90,306,-20,284,-20" /><INIT seed="5,0,0,3,2,51" ten="196,254,286,264" oya="1" hai0="87,123,128,100,46,81,17,117,109,115,63,67,90" hai1="43,112,40,106,14,44,89,65,84,126,76,24,33" hai2="13,118,66,83,21,103,32,107,71,96,15,72,133" hai3="80,22,120,28,58,25,54,68,102,121,35,50,42"/><U135/><E106/><V134/><F32/><W41/><G68/><T61/><D117/><U19/><E112/><V30/><F118/><W9/><G102/><T113/><D109/><U101/><E135/><N who="2" m="51723" /><F71/><W77/><G9/><T85/><D123/><U0/><E0/><V119/><F66/><W16/><G41/><T37/><D128/><U105/><E126/><V56/><F56/><W18/><G42/><T124/><D124/><U116/><E116/><V36/><F36/><W98/><G98/><T6/><D6/><U92/><E65/><V122/><F122/><W88/><G18/><T114/><D100/><U20/><E76/><N who="2" m="44423" /><F119/><W125/><G125/><T12/><D87/><U93/><E105/><V127/><F127/><W11/><G11/><T55/><D67/><U69/><E69/><V111/><F111/><W59/><G59/><T64/><D64/><U60/><E60/><V130/><F130/><W79/><G120/><T82/><D82/><U110/><E110/><V38/><F38/><W74/><G121/><T23/><REACH who="0" step="1"/><D37/><REACH who="0" ten="186,254,286,264" step="2"/><U2/><E101/><V129/><F129/><W26/><G74/><T10/><D10/><U31/><E93/><V94/><F107/><W91/><G80/><T3/><D3/><U1/><E40/><V132/><F132/><W104/><G104/><T5/><D5/><U39/><AGARI ba="0,1" hai="1,2,14,19,20,24,31,33,39,43,44,84,89,92" machi="39" ten="20,2100,0" yaku="0,1,7,1" doraHai="51" who="1" fromWho="1" sc="186,-7,254,31,286,-7,264,-7" /><INIT seed="5,1,0,2,0,106" ten="179,285,279,257" oya="1" hai0="52,29,115,38,82,118,74,93,9,47,110,119,78" hai1="57,62,2,103,15,130,71,116,49,120,30,34,16" hai2="73,31,10,60,109,11,87,76,133,127,96,69,123" hai3="131,35,6,48,4,92,86,102,70,66,41,45,125"/><U67/><E2/><V1/><F109/><W3/><G131/><T112/><D29/><U46/><E116/><V98/><F123/><W80/><G35/><T7/><D93/><U55/><E120/><V124/><F133/><W89/><G3/><N who="0" m="255" /><D110/><U75/><E130/><V0/><F31/><W68/><G125/><N who="2" m="48201" /><F0/><W51/><G51/><N who="0" m="28799" /><D38/><U44/><E103/><V13/><F1/><W72/><G102/><T27/><D27/><U111/><E111/><V117/><F87/><W135/><G135/><T25/><D25/><U28/><E75/><V50/><F50/><W99/><G70/><T40/><D40/><U36/><E34/><V33/><F33/><W77/><G86/><T37/><D37/><U95/><E95/><V129/><F117/><W108/><G108/><T5/><D5/><U88/><E88/><V84/><F84/><W54/><G41/><T126/><D126/><U56/><E71/><V32/><F32/><W18/><G18/><T23/><D23/><N who="1" m="11679" /><E36/><V64/><F129/><W114/><G114/><AGARI ba="1,0" hai="74,78,82,112,114,115,118,119" m="28799,255" machi="114" ten="30,3900,0" yaku="15,1,52,1,54,1" doraHai="106" who="0" fromWho="3" sc="179,42,285,0,279,0,257,-42" /><INIT seed="6,0,0,1,0,1" ten="221,285,279,215" oya="2" hai0="91,20,101,61,14,85,50,7,0,122,108,104,3" hai1="54,19,132,43,52,47,22,17,76,126,75,38,112" hai2="13,5,39,10,65,110,98,127,71,66,24,2,84" hai3="8,116,79,134,115,89,9,78,58,131,40,12,51"/><V118/><F118/><W35/><G116/><T36/><D36/><U87/><E112/><V117/><F117/><W92/><G35/><T120/><D108/><U72/><E126/><V135/><F39/><W74/><G134/><T88/><D61/><U37/><E132/><V44/><F135/><W114/><G131/><T124/><D124/><U129/><E129/><V11/><F127/><W53/><G40/><T21/><D50/><U81/><E37/><V26/><F110/><W113/><G74/><T63/><D63/><U86/><E86/><V56/><F44/><W128/><G128/><T102/><D85/><U46/><E17/><V103/><F71/><W121/><G121/><T49/><D49/><U60/><E46/><V42/><F42/><W68/><G68/><T30/><D14/><U130/><E130/><V99/><F84/><N who="3" m="52263" /><G9/><T64/><D30/><U105/><E105/><V109/><F109/><W48/><G48/><T125/><D125/><U32/><E32/><V133/><F133/><W31/><G31/><T57/><D104/><U16/><E19/><AGARI ba="0,0" hai="8,12,19,51,53,58,78,79,113,114,115" m="52263" machi="19" ten="30,2000,0" yaku="15,1,11,1" doraHai="1" who="3" fromWho="1" sc="221,0,285,-20,279,0,215,20" /><INIT seed="7,0,0,5,1,70" ten="221,265,279,235" oya="3" hai0="135,10,20,121,7,48,76,38,14,125,67,114,12" hai1="45,55,54,89,16,127,85,37,18,62,86,72,128" hai2="51,132,83,4,40,106,93,32,66,92,6,115,102" hai3="42,122,28,97,15,101,33,73,96,94,81,82,65"/><W5/><G122/><T129/><D121/><U43/><E72/><V21/><F32/><W25/><G73/><T105/><D105/><U46/><E127/><V107/><F66/><W68/><G42/><T41/><D125/><U3/><E3/><V126/><F126/><W44/><G44/><T133/><D76/><U52/><E128/><V29/><F83/><W75/><G75/><T131/><D67/><U58/><E45/><V104/><F40/><W110/><G110/><T79/><D79/><U24/><E24/><V111/><F51/><W87/><G87/><T88/><D48/><U30/><E30/><V23/><F111/><W26/><G26/><T130/><D114/><U2/><E2/><V119/><F119/><W124/><G124/><T90/><D41/><U50/><E37/><V108/><F108/><W64/><G64/><T17/><REACH who="0" step="1"/><D38/><REACH who="0" ten="211,265,279,235" step="2"/><U71/><E71/><V116/><F115/><W9/><REACH who="3" step="1"/><G97/><REACH who="3" ten="211,265,279,225" step="2"/><T59/><D59/><U123/><E123/><V8/><F116/><W36/><G36/><T1/><D1/><U98/><E98/><V91/><F106/><W57/><G57/><T47/><D47/><U99/><E99/><V19/><F107/><W117/><G117/><T39/><D39/><U49/><E85/><V84/><F104/><W61/><AGARI ba="0,2" hai="5,9,15,25,28,33,61,65,68,81,82,94,96,101" machi="61" ten="30,3000,0" yaku="1,1,0,1,53,0" doraHai="70" doraHaiUra="113" who="3" fromWho="3" sc="211,-10,265,-10,279,-10,225,50" /><INIT seed="7,1,0,4,0,87" ten="201,255,269,275" oya="3" hai0="19,115,11,134,76,126,125,61,37,24,104,49,54" hai1="118,81,35,1,82,101,20,73,79,124,129,111,113" hai2="98,112,4,56,67,102,62,50,84,120,51,100,65" hai3="48,103,72,21,106,91,40,30,92,16,9,130,39"/><W34/><G72/><T29/><D37/><U128/><E35/><V14/><F112/><W105/><G103/><T17/><D104/><U27/><E1/><V23/><F120/><W38/><G34/><T52/><D76/><N who="1" m="44175" /><E20/><V6/><F100/><W89/><G21/><T59/><D115/><U33/><E33/><V74/><F74/><W0/><G92/><T32/><D134/><U10/><E10/><V133/><F133/><W122/><G9/><T15/><REACH who="0" step="1"/><D17/><REACH who="0" ten="191,255,269,275" step="2"/><U22/><E79/><V132/><F132/><W26/><G106/><T57/><AGARI ba="1,1" hai="11,15,19,24,29,32,49,52,54,57,59,61,125,126" machi="57" ten="30,7900,0" yaku="1,1,2,1,0,1,54,1,53,0" doraHai="87" doraHaiUra="90" who="0" fromWho="0" sc="191,92,255,-21,269,-21,275,-40" /><INIT seed="8,0,0,0,0,32" ten="283,234,248,235" oya="0" hai0="66,10,40,41,27,96,29,105,82,121,3,35,112" hai1="68,48,24,55,123,106,70,104,80,67,0,30,119" hai2="43,39,15,97,131,103,44,71,133,76,124,54,117" hai3="89,107,33,62,77,102,1,118,79,38,11,58,90"/><T16/><D121/><U93/><E123/><V45/><F131/><W125/><G118/><T101/><D112/><U52/><E119/><V36/><F117/><W57/><G33/><T134/><D134/><U31/><E80/><V5/><F133/><W65/><G38/><T84/><D66/><U4/><E93/><V56/><F71/><W78/><G125/><T26/><D26/><U46/><E31/><V127/><F76/><W83/><G107/><T92/><D105/><U9/><E55/><V8/><F56/><W75/><G102/><T88/><REACH who="0" step="1"/><D3/><REACH who="0" ten="273,234,248,235" step="2"/><U128/><E128/><V69/><F127/><W115/><G115/><T111/><D111/><U28/><E28/><V63/><F124/><W18/><G1/><T61/><D61/><U42/><E42/><V12/><F63/><W49/><G62/><T126/><D126/><U94/><E67/><V37/><F43/><W91/><G65/><T20/><D20/><U73/><E70/><V23/><F23/><W122/><G122/><T100/><D100/><U85/><E68/><V21/><F69/><W81/><G75/><T51/><D51/><U17/><E73/><V132/><F132/><W130/><G49/><T60/><D60/><U95/><E17/><V22/><F22/><W110/><G110/><T114/><D114/><U87/><E106/><N who="2" m="63855" /><F21/><W113/><G113/><T135/><D135/><U99/><E104/><V14/><F39/><W50/><G50/><T72/><D72/><U19/><E19/><V59/><F37/><W74/><G130/><T53/><D53/><U98/><E24/><V47/><F36/><RYUUKYOKU ba="0,1" sc="273,15,234,-15,248,15,235,-15" hai0="10,16,27,29,35,40,41,82,84,88,92,96,101" hai2="5,8,12,14,15,44,45,47,54,59" /><INIT seed="8,1,1,5,0,74" ten="288,219,263,220" oya="0" hai0="116,104,1,0,58,71,16,102,26,99,3,68,13" hai1="38,87,75,119,109,117,32,108,132,105,83,85,22" hai2="95,14,90,113,61,62,64,29,115,35,63,120,79" hai3="131,20,33,37,103,23,88,49,91,67,66,51,27"/><T70/><D116/><N who="1" m="44619" /><E32/><V78/><F120/><W11/><G37/><T92/><D58/><U101/><E38/><V56/><F113/><W94/><G131/><T124/><D124/><U21/><E21/><V69/><F115/><W86/><G11/><T25/><REACH who="0" step="1"/><D104/><REACH who="0" ten="278,219,263,220" step="2"/><U114/><E114/><V89/><F56/><W110/><G110/><N who="1" m="42602" /><E132/><V60/><F69/><W72/><G66/><T43/><D43/><U42/><E42/><V18/><F64/><W44/><G67/><T128/><D128/><U112/><E112/><V130/><F130/><W41/><G41/><T100/><D100/><U59/><E59/><V57/><F57/><W121/><G103/><T34/><D34/><U50/><E50/><V123/><F62/><W2/><G51/><T73/><D73/><U65/><E65/><V53/><F35/><W111/><G72/><T36/><D36/><U76/><E22/><AGARI ba="1,2" hai="0,1,3,13,16,22,25,26,68,70,71,92,99,102" machi="22" ten="50,9600,0" yaku="1,1,54,1,53,1" doraHai="74" doraHaiUra="97" who="0" fromWho="1" sc="278,119,219,-99,263,0,220,0" owari="397,50.0,120,-38.0,263,6.0,220,-18.0" /></mjloggm>