<mjloggm ver="2.3"><GO type="169" lobby="0"/><UN n0="%E5%B0%B1%E6%B4%BB%E7%94%9F%40%E5%B7%9D%E6%9D%91%E8%BB%8D%E5%9B%A3" n1="%63%75%72%65%74%61%70%65" n2="%66%75%6B%75%30%32" n3="%E3%81%AE%E3%81%86%E3%81%AA%E3%82%81%E3%82%8D%E3%82%93" dan="18,16,16,17" rate="2206.74,2145.15,2122.64,2191.92" sx="M,M,M,M"/><TAIKYOKU oya="0"/><INIT seed="0,0,0,1,2,92" ten="250,250,250,250" oya="0" hai0="53,81,129,14,126,64,111,108,8,35,32,40,120" hai1="36,107,71,127,52,78,96,46,135,2,0,118,134" hai2="48,94,119,115,99,28,109,45,69,112,84,117,27" hai3="90,104,16,10,56,34,37,88,122,74,3,13,60"/><T106/><D120/><U33/><E71/><V57/><F69/><W102/><G74/><T116/><D116/><N who="2" m="44618" /><F57/><W114/><G114/><T62/><D106/><U61/><E118/><V131/><F84/><W21/><G37/><T125/><D40/><U73/><E33/><N who="0" m="12873" /><D53/><U30/><E30/><V49/><F109/><N who="0" m="42058" /><D81/><U9/><E127/><N who="0" m="48649" /><D129/><U44/><E46/><V31/><F131/><W128/><G128/><T55/><D55/><U105/><E105/><V11/><F45/><W72/><G122/><T18/><D62/><U65/><E65/><AGARI ba="0,0" hai="8,14,18,64,65" m="48649,42058,12873" machi="65" ten="40,7700,0" yaku="14,1,10,1,18,1" doraHai="92" who="0" fromWho="1" sc="250,77,250,-77,250,0,250,0" /><INIT seed="0,1,0,1,0,125" ten="327,173,250,250" oya="0" hai0="85,126,20,30,23,132,45,118,21,99,90,10,25" hai1="97,115,38,122,35,130,66,71,9,82,86,96,73" hai2="119,91,110,129,104,127,34,72,121,0,64,39,14" hai3="120,114,44,83,101,89,55,58,12,116,37,27,103"/><T29/><D118/><U107/><E122/><V74/><F14/><W4/><G116/><T105/><D126/><U33/><E38/><V62/><F91/><W68/><G114/><T6/><D132/><U2/><E73/><V18/><F18/><W109/><G68/><T59/><D45/><U113/><E66/><V47/><F62/><W40/><G109/><T13/><D30/><U31/><E71/><V11/><F11/><W42/><G120/><T36/><D36/><U1/><E86/><V56/><F56/><W16/><G4/><T49/><D99/><U57/><E57/><V32/><F64/><W98/><G27/><T108/><D105/><U94/><E94/><V43/><F43/><N who="3" m="16427" /><G44/><T54/><REACH who="0" step="1"/><D108/><REACH who="0" ten="317,173,250,250" step="2"/><U88/><E107/><V123/><F47/><W106/><G37/><T67/><D67/><U28/><E28/><V41/><F121/><W24/><G106/><T93/><AGARI ba="1,1" hai="6,10,13,20,21,23,25,29,49,54,59,85,90,93" machi="93" ten="20,12000,1" yaku="1,1,0,1,7,1,8,1,53,1" doraHai="125" doraHaiUra="51" who="0" fromWho="0" sc="317,133,173,-41,250,-41,250,-41" /><INIT seed="0,2,0,4,0,107" ten="450,132,209,209" oya="0" hai0="103,26,31,65,116,87,122,28,7,108,99,60,82" hai1="47,127,25,42,16,8,134,48,27,17,79,30,94" hai2="5,62,6,56,121,59,115,119,63,3,57,133,117" hai3="104,96,80,37,72,124,132,86,39,118,19,68,2"/><T130/><D116/><N who="2" m="44618" /><F121/><W55/><G118/><T93/><D122/><U20/><E127/><V53/><F115/><W101/><G68/><T112/><D112/><U85/><E134/><V52/><F133/><W109/><G132/><T50/><D130/><U45/><E45/><V54/><F3/><W125/><G2/><T111/><D7/><AGARI ba="2,0" hai="5,6,7,52,53,54,56,57,59,62,63" m="44618" machi="7" ten="40,8000,1" yaku="28,2,12,1,54,1" doraHai="107" who="2" fromWho="0" sc="450,-86,132,0,209,86,209,0" /><INIT seed="1,0,0,2,0,133" ten="364,132,295,209" oya="1" hai0="58,90,9,119,2,117,126,107,101,106,120,103,131" hai1="61,23,74,32,12,87,11,85,55,19,21,100,43" hai2="60,17,82,50,79,44,1,41,130,122,56,54,15" hai3="37,78,109,110,116,132,18,97,108,25,128,33,83"/><U102/><E74/><V20/><F130/><W62/><G132/><T31/><D31/><U127/><E32/><V113/><F113/><W129/><G37/><T73/><D58/><U115/><E115/><V65/><F1/><W10/><G116/><T76/><D9/><U123/><E123/><V91/><F122/><W69/><G97/><T86/><D2/><U112/><E112/><V46/><F91/><W70/><G62/><T29/><D29/><U72/><E72/><V48/><F82/><W57/><G57/><T124/><D120/><U71/><E43/><V3/><F3/><W51/><G51/><T135/><D135/><U45/><E71/><N who="3" m="27146" /><G33/><T36/><D36/><U88/><E87/><V30/><F30/><W59/><G59/><T66/><D66/><U68/><E68/><V8/><F79/><W49/><G49/><T81/><D131/><N who="3" m="50249" /><G25/><T114/><D114/><U121/><E121/><V6/><F50/><W92/><G92/><N who="0" m="54359" /><D107/><U14/><E45/><V98/><F98/><W22/><G10/><T4/><D4/><U134/><E134/><V89/><F46/><W63/><G63/><T5/><D5/><N who="1" m="3183" /><E102/><N who="0" m="38921" /><D106/><U0/><E0/><V104/><F104/><W7/><G7/><T34/><D34/><U95/><E100/><V24/><F65/><W35/><G35/><T94/><D94/><U118/><E118/><AGARI ba="0,0" hai="73,76,81,117,118,119,124,126" m="38921,54359" machi="118" ten="30,7700,0" yaku="34,2,52,2" doraHai="133" who="0" fromWho="1" sc="364,77,132,-77,295,0,209,0" /><INIT seed="2,0,0,3,1,95" ten="441,55,295,209" oya="2" hai0="19,76,59,11,130,55,104,73,124,62,20,135,21" hai1="48,88,113,115,43,36,30,69,52,37,64,38,120" hai2="118,110,26,126,71,25,56,40,103,82,97,116,39" hai3="117,18,83,49,79,13,58,80,1,66,125,24,119"/><V2/><F71/><W46/><G1/><T14/><D104/><U63/><E120/><V41/><F2/><W31/><G125/><T86/><D130/><U106/><E106/><V81/><F126/><W53/><G83/><T45/><D124/><U114/><E30/><V92/><F110/><W121/><G121/><T94/><D73/><U72/><E72/><V0/><F0/><W22/><G66/><T42/><D135/><U67/><E88/><V132/><F132/><W85/><REACH who="3" step="1"/><G46/><REACH who="3" ten="441,55,295,199" step="2"/><T17/><D76/><U133/><E133/><V75/><F82/><W5/><G5/><T102/><D45/><U60/><E43/><V51/><F41/><W101/><G101/><T131/><D42/><U74/><E74/><V29/><F75/><W32/><AGARI ba="0,1" hai="13,18,22,24,31,32,49,53,58,79,80,85,117,119" machi="32" ten="20,2700,0" yaku="1,1,0,1,7,1,53,0" doraHai="95" doraHaiUra="122" who="3" fromWho="3" sc="441,-7,55,-7,295,-13,199,37" /><INIT seed="3,0,0,3,1,73" ten="434,48,282,236" oya="3" hai0="39,24,60,62,110,8,130,85,106,38,64,87,92" hai1="40,63,90,113,123,117,120,126,4,37,70,5,112" hai2="69,124,0,56,58,111,68,79,52,95,102,54,80" hai3="33,31,43,103,26,49,132,118,99,34,81,16,19"/><W51/><G118/><T59/><D106/><U84/><E117/><V82/><F0/><W97/><G34/><T88/><D110/><U91/><E84/><V134/><F111/><W61/><G132/><T47/><D130/><U17/><E63/><V93/><F134/><W83/><G61/><T14/><D24/><U53/><E53/><V89/><F124/><W125/><G125/><T42/><D62/><U2/><E2/><V116/><F116/><W122/><G122/><T36/><REACH who="0" step="1"/><D85/><REACH who="0" ten="424,48,282,236" step="2"/><U50/><E126/><V74/><F74/><W32/><G26/><T15/><D15/><U127/><E127/><V115/><F115/><W119/><G119/><T29/><D29/><U108/><E108/><V65/><F65/><W10/><G31/><T3/><D3/><U71/><E123/><V18/><F68/><W128/><G128/><T114/><D114/><U129/><E129/><V25/><F69/><W104/><G104/><T105/><D105/><U30/><E30/><V44/><F25/><W28/><G28/><T22/><D22/><U66/><E120/><V100/><F18/><AGARI ba="0,1" hai="8,14,18,36,38,39,42,47,59,60,64,87,88,92" machi="18" ten="30,3900,0" yaku="1,1,7,1,54,1,53,0" doraHai="73" doraHaiUra="23" who="0" fromWho="2" sc="424,49,48,0,282,-39,236,0" /><INIT seed="4,0,0,2,0,80" ten="473,48,243,236" oya="0" hai0="19,76,61,41,116,34,68,40,119,67,128,84,6" hai1="21,118,115,52,15,77,53,56,91,20,60,11,102" hai2="96,65,134,26,92,57,110,45,105,59,70,37,82" hai3="10,132,48,135,39,8,73,101,100,33,124,103,46"/><T95/><D128/><U85/><E118/><V117/><F105/><W121/><G124/><T111/><D34/><U79/><E115/><V27/><F110/><W122/><G73/><T98/><D111/><U47/><E102/><V109/><F109/><W78/><G78/><T127/><D127/><U44/><E79/><V125/><F125/><W24/><G39/><T130/><D130/><U63/><E77/><V71/><F117/><W4/><G24/><T75/><D75/><U22/><E63/><V3/><F3/><N who="3" m="31" /><G10/><T28/><D28/><U51/><E47/><V38/><F82/><W89/><G89/><T18/><D6/><U7/><REACH who="1" step="1"/><E21/><REACH who="1" ten="473,38,243,236" step="2"/><V81/><F45/><W29/><G103/><T31/><D61/><U83/><AGARI ba="0,1" hai="7,11,15,20,22,44,51,52,53,56,60,83,85,91" machi="83" ten="20,16000,3" yaku="1,1,2,1,0,1,7,1,8,1,52,1,54,1,53,1" doraHai="80" doraHaiUra="9" who="1" fromWho="1" sc="473,-80,38,170,243,-40,236,-40" /><INIT seed="5,0,0,3,2,82" ten="393,208,203,196" oya="1" hai0="40,33,39,90,76,32,118,21,52,88,37,126,16" hai1="8,89,95,107,129,18,30,3,128,120,106,24,68" hai2="7,27,15,47,63,131,61,84,83,71,58,79,9" hai3="127,96,57,12,73,132,104,64,105,94,133,0,74"/><U97/><E68/><V103/><F131/><N who="1" m="50249" /><E120/><V67/><F103/><W22/><G0/><T23/><D118/><U31/><E18/><V113/><F113/><W86/><G12/><T130/><D130/><U109/><E109/><V93/><F93/><W101/><G22/><T75/><D126/><U45/><E45/><V38/><F27/><W2/><G2/><T42/><D76/><U19/><E19/><V56/><F38/><W102/><G64/><T5/><D5/><N who="1" m="1087" /><E30/><V70/><REACH who="2" step="1"/><F47/><REACH who="2" ten="393,208,193,196" step="2"/><W17/><G127/><T34/><D39/><U53/><E24/><V13/><F13/><W81/><G102/><T54/><D37/><U111/><E111/><V26/><F26/><W124/><G124/><T78/><D33/><U4/><E95/><V66/><AGARI ba="0,1" hai="7,9,15,56,58,61,63,66,67,70,71,79,83,84" machi="66" ten="20,8000,1" yaku="1,1,0,1,7,1,9,1,52,1,53,0" doraHai="82" doraHaiUra="134" who="2" fromWho="2" sc="393,-20,208,-40,193,90,196,-20" /><INIT seed="6,0,0,4,5,113" ten="373,168,283,176" oya="2" hai0="5,131,18,125,79,115,89,38,31,37,104,77,109" hai1="34,61,90,83,130,132,58,29,87,21,127,74,78" hai2="110,30,112,16,33,122,91,121,47,59,118,23,117" hai3="27,8,4,119,81,57,68,52,44,111,22,43,28"/><V14/><F47/><W85/><G68/><T40/><D104/><U20/><E130/><V102/><F102/><W71/><G71/><T100/><D131/><U55/><E127/><V6/><F59/><W107/><G107/><T39/><D40/><U10/><E132/><V65/><F91/><W41/><G44/><T92/><D100/><U129/><E34/><V62/><F62/><W101/><G101/><T126/><D31/><U70/><E29/><V35/><F65/><W114/><G111/><T120/><D120/><N who="2" m="46186" /><F112/><W86/><G114/><T84/><D5/><U64/><E10/><N who="2" m="4439" /><F110/><W124/><G124/><N who="0" m="47723" /><D115/><U80/><E129/><V93/><F93/><W51/><G119/><N who="2" m="45577" /><F30/><W26/><G85/><T9/><D109/><U105/><E105/><V63/><F63/><AGARI ba="0,0" hai="20,21,55,58,61,63,64,70,74,78,80,83,87,90" machi="63" ten="30,1000,0" yaku="7,1" doraHai="113" who="1" fromWho="2" sc="373,0,168,10,283,-10,176,0" /><INIT seed="7,0,0,2,0,42" ten="373,178,273,176" oya="3" hai0="28,34,104,64,66,103,65,92,50,99,101,119,77" hai1="4,69,58,63,46,118,55,8,79,6,116,75,18" hai2="57,122,102,59,21,37,48,89,20,3,113,117,16" hai3="112,9,23,39,73,131,97,45,135,12,29,108,106"/><W62/><G73/><T105/><D119/><N who="1" m="45611" /><E69/><V96/><F117/><W123/><G123/><T111/><D111/><U1/><E6/><V90/><F37/><W87/><G108/><T80/><D34/><U26/><E46/><V82/><F3/><W51/><G39/><T81/><D28/><U115/><E115/><V72/><F122/><W76/><G112/><T33/><D33/><U125/><E125/><V130/><F130/><W91/><G131/><T52/><D101/><U124/><E124/><V14/><F72/><W107/><G135/><T71/><D71/><U43/><E43/><V60/><F82/><N who="3" m="47559" /><G107/><T98/><D98/><U31/><E18/><V114/><F114/><W133/><G133/><T7/><D7/><U15/><E75/><V127/><F127/><W110/><G110/><T120/><D120/><U40/><E40/><V0/><F0/><W129/><G129/><T17/><D17/><U2/><E79/><V5/><F5/><N who="3" m="3119" /><G106/><T70/><D70/><U126/><E126/><V27/><F113/><W94/><G62/><T22/><D22/><AGARI ba="0,0" hai="1,2,4,8,15,22,26,31,55,58,63" m="45611" machi="22" ten="30,1000,0" yaku="12,1" doraHai="42" who="1" fromWho="0" sc="373,-10,178,10,273,0,176,0" owari="363,46.0,188,-21.0,273,7.0,176,-32.0" /></mjloggm>