<mjloggm ver="2.3"><GO type="169" lobby="0"/><UN n0="%E5%B0%B1%E6%B4%BB%E7%94%9F%40%E5%B7%9D%E6%9D%91%E8%BB%8D%E5%9B%A3" n1="%E6%89%8B%E5%BD%B9%E3%82%A2%E3%83%BC%E3%83%86%E3%82%A3%E3%82%B9%E3%83%88" n2="%72%61%67%61%2D%6D" n3="%6B%6F%6A%69%6D%6F%6E%39" dan="17,16,16,17" rate="2214.35,2116.30,2111.69,2162.40" sx="M,M,M,M"/><TAIKYOKU oya="0"/><INIT seed="0,0,0,1,5,117" ten="250,250,250,250" oya="0" hai0="71,28,37,11,104,126,89,27,7,51,124,55,84" hai1="114,48,5,31,81,108,68,95,118,46,10,76,1" hai2="98,106,45,77,59,23,63,61,100,43,24,58,116" hai3="129,6,112,113,87,85,93,132,44,82,130,91,26"/><T101/><D37/><U125/><E118/><V34/><F77/><W42/><G6/><T105/><D71/><U96/><E108/><V123/><F116/><W54/><G54/><T21/><D101/><U72/><E125/><V12/><F12/><W18/><G18/><T69/><D69/><U39/><E68/><V38/><F34/><W78/><G26/><T15/><D124/><U70/><E70/><V133/><F133/><W127/><G127/><T36/><D36/><U47/><E31/><V9/><F9/><W4/><G4/><T73/><D73/><U16/><E114/><V60/><REACH who="2" step="1"/><F123/><REACH who="2" ten="250,250,240,250" step="2"/><W107/><G132/><T110/><D126/><U120/><E120/><V56/><F56/><W75/><G112/><T2/><D2/><U19/><E47/><V80/><F80/><W97/><G113/><T3/><D3/><U83/><E83/><V103/><F103/><W53/><G82/><T29/><D110/><U121/><E121/><V67/><F67/><W74/><G78/><T99/><D15/><U64/><E64/><V66/><F66/><W35/><G35/><T102/><D11/><U62/><E1/><V49/><F49/><W13/><G13/><T131/><D7/><U90/><E39/><V79/><F79/><W94/><G75/><T0/><D0/><N who="1" m="295" /><E62/><V128/><F128/><W52/><G74/><T115/><D131/><U41/><E48/><V22/><F22/><W20/><G20/><T92/><D115/><U134/><E134/><V40/><F40/><W122/><G130/><T119/><D119/><U17/><E41/><V8/><F8/><RYUUKYOKU ba="0,1" sc="250,-15,250,15,240,15,250,-15" hai1="16,17,19,46,72,76,81,90,95,96" hai2="23,24,38,43,45,58,59,60,61,63,98,100,106" /><INIT seed="1,1,1,2,2,75" ten="235,265,255,235" oya="1" hai0="5,78,64,4,110,114,24,74,86,104,53,127,18" hai1="68,28,58,36,118,70,3,30,115,15,56,87,120" hai2="77,125,39,20,34,72,13,84,122,62,47,51,66" hai3="95,54,92,123,23,131,50,97,124,102,112,67,126"/><U109/><E115/><V11/><F34/><W73/><G123/><T0/><D74/><U69/><E3/><V27/><F72/><W113/><G73/><T128/><D104/><U35/><E118/><V135/><F39/><W94/><G67/><T37/><D37/><U29/><E120/><V80/><F122/><W121/><G121/><T33/><D0/><U117/><E117/><V99/><F99/><W49/><G23/><T21/><D64/><U46/><E109/><V98/><F98/><W93/><G131/><T85/><D127/><N who="3" m="48681" /><G50/><T42/><D42/><U100/><E100/><V17/><F125/><W55/><G55/><T133/><D33/><U91/><E35/><V82/><F82/><W6/><G6/><T12/><D53/><U89/><E15/><V61/><F66/><W108/><G108/><T59/><D12/><U41/><REACH who="1" step="1"/><E91/><REACH who="1" ten="235,255,255,235" step="2"/><V31/><REACH who="2" step="1"/><F135/><REACH who="2" ten="235,255,245,235" step="2"/><W65/><G65/><T38/><D133/><U90/><E90/><V60/><F60/><W14/><G14/><T88/><D88/><U107/><E107/><V106/><F106/><W81/><G81/><AGARI ba="1,3" hai="28,29,30,36,41,46,56,58,68,69,70,81,87,89" machi="81" ten="50,9600,0" yaku="1,1,53,2" doraHai="75" doraHaiUra="52" who="1" fromWho="3" sc="235,0,255,129,245,0,235,-99" /><INIT seed="1,2,0,2,3,128" ten="235,384,245,136" oya="1" hai0="27,17,80,103,29,19,74,24,53,70,25,10,56" hai1="102,11,133,46,101,47,122,21,121,4,69,16,114" hai2="34,112,32,66,77,117,50,54,91,64,55,45,95" hai3="82,135,84,81,79,105,75,57,52,118,42,92,62"/><U26/><E114/><V88/><F112/><W3/><G118/><T97/><D70/><U120/><E69/><V67/><F117/><W15/><G3/><T22/><D74/><U78/><E78/><V63/><F77/><W126/><G105/><T8/><D80/><U31/><E133/><V28/><F28/><W96/><G126/><T41/><D41/><U48/><E31/><V108/><F108/><W125/><G125/><T13/><D10/><U33/><E33/><V100/><F32/><W39/><G15/><T5/><D29/><U18/><E18/><V9/><F9/><W44/><G135/><T40/><D40/><U130/><E130/><V73/><F73/><W68/><G68/><T119/><D17/><U6/><E47/><V124/><F34/><W115/><G115/><T89/><D89/><U60/><E60/><V110/><F110/><W23/><G23/><T36/><D36/><U99/><E99/><N who="2" m="59519" /><F124/><W61/><G61/><T123/><D123/><U58/><E6/><V109/><F109/><W87/><REACH who="3" step="1"/><G82/><REACH who="3" ten="235,384,245,126" step="2"/><T116/><D116/><U104/><E104/><V83/><F83/><W134/><G134/><T106/><D119/><U71/><E71/><V98/><F98/><W132/><G132/><T72/><D72/><U131/><E121/><V93/><F93/><W111/><G111/><T7/><D7/><U1/><E122/><V107/><F107/><W65/><G65/><T127/><D127/><U38/><E120/><V37/><F37/><W86/><G86/><T14/><D13/><U51/><E38/><V90/><F63/><AGARI ba="2,1" hai="5,8,14,19,22,24,25,27,53,56,63,97,103,106" machi="63" ten="30,1000,0" yaku="7,1" doraHai="128" who="0" fromWho="2" sc="235,26,384,0,245,-16,126,0" /><INIT seed="2,0,0,1,1,85" ten="261,384,229,126" oya="2" hai0="62,52,5,135,46,56,0,39,33,48,32,59,68" hai1="86,117,73,101,49,131,4,92,91,51,119,116,124" hai2="123,20,114,63,75,128,8,71,107,77,102,95,93" hai3="134,104,22,35,129,106,120,28,121,47,111,29,2"/><V115/><F123/><W54/><G111/><T37/><D0/><U72/><E4/><V112/><F128/><W60/><G2/><T7/><D135/><U50/><E131/><V65/><F8/><W53/><G129/><T13/><D7/><U57/><E124/><V108/><F108/><W99/><G35/><T38/><D5/><U27/><E101/><V61/><F61/><W11/><G11/><T105/><D13/><U15/><E15/><V97/><REACH who="2" step="1"/><F20/><REACH who="2" ten="261,384,219,126" step="2"/><W19/><G121/><T41/><D32/><U76/><E117/><V40/><F40/><W24/><G120/><T70/><D33/><U31/><E116/><V44/><F44/><W10/><G10/><T6/><D6/><U17/><E119/><V82/><AGARI ba="0,1" hai="63,65,71,75,77,82,93,95,97,102,107,112,114,115" machi="82" ten="40,3900,0" yaku="1,1,0,1,53,0" doraHai="85" doraHaiUra="26" who="2" fromWho="2" sc="261,-13,384,-13,219,49,126,-13" /><INIT seed="2,1,0,5,0,6" ten="248,371,268,113" oya="2" hai0="79,44,128,89,1,29,85,61,135,21,105,65,51" hai1="90,55,115,47,34,59,32,127,31,49,25,91,26" hai2="15,94,84,83,16,52,19,4,131,106,57,24,110" hai3="111,64,5,118,0,14,39,86,124,113,123,22,97"/><V13/><F106/><W18/><G123/><T68/><D105/><U66/><E115/><V3/><F3/><W60/><G118/><T101/><D128/><U71/><E127/><V126/><F126/><W20/><G39/><T93/><D135/><U2/><E2/><V67/><F67/><W130/><G111/><T74/><D1/><U116/><E116/><V27/><F4/><W100/><G124/><T37/><D37/><U8/><E71/><V62/><F94/><W82/><G130/><T45/><D101/><U69/><E69/><V122/><F110/><W109/><G109/><T119/><D119/><U114/><E114/><V30/><F30/><W58/><G113/><T132/><D132/><U7/><E66/><V72/><F72/><W38/><G38/><T104/><D104/><U125/><E125/><V70/><F70/><W121/><G121/><T53/><D79/><U95/><E47/><V54/><F54/><W28/><G28/><T108/><D74/><U107/><E107/><V78/><F131/><W56/><G56/><T42/><D108/><U48/><E48/><V77/><F77/><N who="3" m="46415" /><G5/><T10/><D44/><U11/><E7/><V99/><F122/><W80/><G80/><T102/><D42/><U87/><E91/><V35/><F35/><W134/><G134/><T50/><D102/><U41/><E41/><V129/><F129/><W103/><G0/><T9/><D51/><U76/><E76/><V73/><F73/><W43/><G43/><T63/><D63/><U92/><E92/><V23/><F99/><W40/><G97/><T33/><D33/><RYUUKYOKU ba="1,0" sc="248,10,371,10,268,10,113,-30" hai0="9,10,21,29,45,50,53,61,65,68,85,89,93" hai1="8,11,25,26,31,32,34,49,55,59,87,90,95" hai2="13,15,16,19,23,24,27,52,57,62,78,83,84" /><INIT seed="2,2,0,0,5,107" ten="258,381,278,83" oya="2" hai0="103,7,96,106,45,81,1,68,18,119,117,102,126" hai1="42,33,93,101,100,124,51,21,53,9,72,71,91" hai2="98,17,99,61,50,0,69,108,86,127,70,57,76" hai3="11,130,120,132,16,90,46,30,111,110,134,22,23"/><V128/><F0/><W59/><G90/><T29/><D68/><U54/><E33/><V49/><F127/><W25/><G59/><T83/><D126/><U2/><E71/><V79/><F128/><W135/><G46/><T121/><D121/><U56/><E72/><V112/><F112/><W14/><G120/><T15/><D29/><U43/><E124/><V114/><F114/><W39/><G39/><T94/><D7/><U6/><E21/><V116/><F116/><N who="0" m="44618" /><D1/><U92/><E54/><V10/><F10/><W4/><REACH who="3" step="1"/><G130/><REACH who="3" ten="258,381,278,73" step="2"/><T67/><D45/><U115/><E115/><V20/><F69/><W109/><G109/><T3/><D67/><U28/><E91/><V97/><F70/><W35/><G35/><T87/><D3/><AGARI ba="2,1" hai="3,4,11,14,16,22,23,25,30,110,111,132,134,135" machi="3" ten="40,12000,2" yaku="1,1,20,1,34,3,54,1,53,0" doraHai="107" doraHaiUra="105" who="3" fromWho="0" sc="258,-126,381,0,278,0,73,136" /><INIT seed="3,0,0,2,2,47" ten="132,381,278,209" oya="3" hai0="93,32,9,68,117,13,15,35,63,100,124,120,19" hai1="84,123,101,85,96,60,25,75,17,87,48,122,40" hai2="94,97,18,126,23,1,44,24,3,128,38,104,70" hai3="71,102,56,5,64,36,46,34,105,131,99,77,33"/><W43/><G56/><T78/><D120/><U14/><E75/><V106/><F70/><W74/><G5/><T52/><D117/><U91/><E25/><V132/><F128/><W66/><G66/><T10/><D124/><U92/><E60/><V81/><F81/><W125/><G125/><T89/><D78/><U61/><E61/><V51/><F38/><W45/><G131/><T103/><D35/><U62/><E62/><V76/><F76/><W69/><G46/><T0/><D0/><U54/><E40/><V111/><F111/><W39/><G39/><T42/><D32/><N who="3" m="12393" /><G64/><T31/><D31/><U72/><E72/><V108/><F126/><W29/><G29/><T115/><D115/><U129/><E129/><V135/><F108/><W116/><G116/><T113/><D42/><U67/><E67/><V8/><F106/><W121/><G121/><T118/><D118/><U4/><E4/><V98/><F104/><W65/><G65/><T2/><D2/><U30/><E30/><V127/><F127/><W88/><G88/><T90/><D113/><U130/><E130/><V107/><F107/><W41/><G41/><T134/><D134/><N who="2" m="51242" /><F8/><W37/><G37/><T7/><D68/><N who="3" m="26185" /><G77/><T79/><D79/><U114/><E114/><V133/><F133/><W57/><G57/><N who="0" m="35239" /><D89/><U50/><E122/><V49/><F44/><W59/><G59/><T83/><D83/><N who="1" m="49567" /><E123/><V28/><F28/><W110/><G74/><T20/><D20/><N who="1" m="11319" /><E54/><V73/><F73/><W80/><G110/><T22/><D22/><U27/><E101/><N who="2" m="60599" /><F98/><AGARI ba="0,0" hai="7,9,10,13,15,19,90,93,98,100,103" m="35239" machi="98" ten="30,2000,0" yaku="8,1,54,1" doraHai="47" who="0" fromWho="2" sc="132,20,381,0,278,-20,209,0" /><INIT seed="4,0,0,5,4,76" ten="152,381,258,209" oya="0" hai0="33,8,135,30,111,84,27,57,47,11,23,10,131" hai1="26,43,105,103,82,133,38,106,134,1,109,102,37" hai2="41,96,29,89,36,70,44,3,110,73,5,98,65" hai3="128,78,17,113,88,130,19,59,48,50,87,12,99"/><T122/><D122/><U55/><E1/><V16/><F110/><W7/><G113/><T94/><D111/><U51/><E26/><V54/><F29/><W104/><G78/><T14/><D131/><N who="3" m="50217" /><G7/><T28/><D135/><N who="1" m="51723" /><E82/><V64/><F54/><N who="3" m="32199" /><G50/><T90/><D47/><N who="1" m="28159" /><E109/><V62/><F64/><W80/><G12/><T6/><D30/><U46/><E37/><V58/><F70/><W25/><G25/><T77/><D77/><U120/><E120/><V34/><F34/><W114/><G114/><T53/><REACH who="0" step="1"/><D33/><REACH who="0" ten="142,381,258,209" step="2"/><U9/><E46/><V22/><F44/><W61/><G61/><AGARI ba="0,1" hai="6,8,10,11,14,23,27,28,53,57,61,84,90,94" machi="61" ten="30,11600,0" yaku="1,1,2,1,7,1,8,1,53,0" doraHai="76" doraHaiUra="115" who="0" fromWho="3" sc="142,126,381,0,258,0,209,-116" /><INIT seed="4,1,0,4,2,78" ten="268,381,258,93" oya="0" hai0="96,38,122,115,83,120,94,27,53,76,135,7,80" hai1="123,19,67,9,124,46,88,45,33,69,49,112,15" hai2="58,129,35,40,11,118,126,116,91,104,32,109,131" hai3="36,105,29,10,47,85,44,119,106,62,16,128,81"/><T63/><D38/><U99/><E123/><V84/><F104/><W6/><G119/><N who="2" m="45609" /><F11/><W20/><G128/><N who="2" m="49225" /><F40/><W70/><G29/><T117/><D117/><U133/><E133/><V57/><F109/><W125/><G125/><T92/><D135/><U42/><E124/><V43/><F43/><W18/><G62/><T134/><D134/><U3/><E3/><V14/><F14/><W121/><G70/><T108/><D108/><U48/><E33/><N who="2" m="12875" /><F126/><W86/><G86/><T41/><D41/><U103/><E42/><V65/><F65/><W23/><G121/><T68/><D7/><U102/><E67/><V71/><F71/><W2/><G36/><T61/><D68/><U21/><E69/><V75/><F75/><W28/><G105/><T56/><D120/><U72/><E9/><V0/><F0/><W114/><G106/><T30/><D122/><U95/><E72/><V4/><F4/><W66/><G66/><T17/><D76/><U74/><E74/><V82/><AGARI ba="1,0" hai="57,58,82,84,91" m="12875,49225,45609" machi="82" ten="40,5200,0" yaku="12,1,19,1,52,1" doraHai="78" who="2" fromWho="2" sc="268,-27,381,-14,258,55,93,-14" /><INIT seed="5,0,0,5,4,28" ten="241,367,313,79" oya="1" hai0="76,1,11,45,91,110,103,73,16,51,30,132,119" hai1="5,70,65,32,42,113,128,56,69,57,118,33,47" hai2="53,74,14,12,83,94,60,124,67,71,101,66,29" hai3="0,24,49,6,90,48,88,105,78,9,10,75,46"/><U55/><E118/><V98/><F124/><W84/><G105/><T106/><D110/><U59/><E5/><V64/><F29/><W117/><G117/><T123/><D132/><U89/><E113/><V126/><F126/><W25/><G90/><T111/><D111/><U134/><E134/><V35/><F35/><W109/><G109/><T112/><D112/><U52/><E89/><V4/><F71/><N who="1" m="27145" /><E65/><V19/><F4/><W129/><G129/><T20/><D30/><U7/><E7/><V81/><F74/><W18/><G78/><T104/><D123/><U50/><E33/><V54/><F12/><W95/><G75/><T23/><D119/><U122/><E32/><V27/><F27/><W77/><G77/><T135/><D135/><U96/><E96/><V58/><REACH who="2" step="1"/><F53/><REACH who="2" ten="241,367,303,79" step="2"/><N who="1" m="20553" /><E128/><V100/><F100/><W34/><G34/><T87/><D103/><U125/><E122/><V107/><F107/><W37/><G25/><T22/><D104/><U121/><E121/><V43/><F43/><W79/><G24/><T99/><D106/><U131/><E131/><V3/><F3/><W127/><G127/><AGARI ba="0,1" hai="42,47,50,56,57,59,125,127" m="20553,27145" machi="127" ten="40,7700,0" yaku="34,2,54,1" doraHai="28" who="1" fromWho="3" sc="241,0,367,87,303,0,79,-77" /><INIT seed="5,1,0,0,5,68" ten="241,454,303,2" oya="1" hai0="72,33,45,91,56,120,37,23,5,78,71,42,109" hai1="3,43,8,2,101,31,118,74,17,73,96,89,88" hai2="93,1,121,52,22,49,100,48,124,47,19,132,58" hai3="38,24,6,114,66,119,115,57,129,26,51,29,122"/><U116/><E43/><V41/><F121/><W20/><G119/><T11/><D109/><U30/><E17/><V77/><F1/><W111/><G122/><T60/><D33/><U64/><E64/><V84/><F132/><W9/><G111/><T110/><D110/><U90/><E96/><N who="2" m="59407" /><F124/><W14/><G129/><T36/><D120/><U4/><E101/><V125/><F125/><W135/><G135/><T75/><D71/><U16/><E16/><V62/><F84/><W108/><G108/><T92/><D23/><U103/><E103/><V61/><F77/><W53/><G66/><T130/><D130/><U18/><E18/><V128/><F128/><W0/><G26/><AGARI ba="1,0" hai="19,22,26,41,47,48,49,52,58,61,62" m="59407" machi="26" ten="30,2000,0" yaku="8,1,54,1" doraHai="68" who="2" fromWho="3" sc="241,0,454,0,303,23,2,-23" owari="241,-16.0,454,55.0,326,13.0,-21,-52.0" /></mjloggm>