<mjloggm ver="2.3"><GO type="169" lobby="0"/><UN n0="%E3%81%99%E3%81%9A%E3%82%81%E3%82%AF%E3%83%AC%E3%82%A4%E3%82%B8%E3%83%BC" n1="%E8%82%89%E2%98%86%E6%A3%92%E5%A4%AA%E9%83%8E" n2="%E3%82%A6%E3%83%AB%E3%83%88%E3%83%A9%E7%AB%8B%E7%9B%B4" n3="%E3%81%8B%E3%81%8D" dan="20,16,16,17" rate="2162.83,2138.39,2146.66,2191.85" sx="M,M,M,M"/><TAIKYOKU oya="0"/><INIT seed="0,0,0,1,2,70" ten="250,250,250,250" oya="0" hai0="88,114,100,91,127,134,31,113,0,128,120,104,21" hai1="8,67,58,45,51,40,107,39,98,125,105,43,12" hai2="24,96,82,38,33,62,86,121,26,132,1,89,102" hai3="50,30,75,85,20,131,115,73,79,87,74,69,10"/><T37/><D0/><U27/><E125/><V93/><F121/><W119/><G69/><T94/><D120/><U108/><E108/><V66/><F1/><W130/><G10/><T17/><D127/><U54/><E27/><V19/><F132/><W52/><G115/><T106/><D31/><U64/><E43/><V23/><F33/><W124/><G124/><T42/><D134/><U56/><E56/><V72/><F72/><W81/><G119/><T110/><D110/><U60/><E67/><V3/><F3/><W99/><G99/><T103/><D128/><N who="3" m="49193" /><G87/><T49/><D49/><U34/><E98/><V47/><F47/><N who="3" m="27743" /><G20/><T63/><D21/><U15/><E34/><V111/><F111/><W97/><G97/><T13/><D63/><U78/><E78/><V44/><F44/><W95/><G30/><T135/><D135/><U4/><REACH who="1" step="1"/><E15/><REACH who="1" ten="250,240,250,250" step="2"/><V65/><F26/><W80/><G95/><T126/><D94/><U57/><AGARI ba="0,1" hai="4,8,12,39,40,45,51,54,57,58,60,64,105,107" machi="57" ten="20,8000,1" yaku="1,1,2,1,0,1,7,1,52,1,53,0" doraHai="70" doraHaiUra="32" who="1" fromWho="1" sc="250,-40,240,90,250,-20,250,-20" /><INIT seed="1,0,0,5,2,134" ten="210,330,230,230" oya="1" hai0="68,105,23,78,133,3,80,118,9,77,88,103,37" hai1="123,119,50,108,17,87,91,41,94,7,110,16,40" hai2="31,53,0,62,45,69,44,26,48,129,101,10,70" hai3="54,75,56,115,85,38,32,130,51,83,1,132,39"/><U18/><E7/><V109/><F0/><W104/><G115/><T89/><D68/><U71/><E71/><V117/><F117/><W114/><G114/><T64/><D64/><U5/><E119/><V55/><F129/><W127/><G104/><T2/><D37/><U95/><E123/><V28/><F109/><N who="1" m="42089" /><E5/><V113/><F113/><W90/><G1/><T131/><D131/><U25/><E95/><V125/><F101/><W52/><G130/><T33/><D105/><U49/><E25/><V97/><F97/><W120/><G132/><T99/><D133/><U63/><E63/><V21/><F62/><W11/><G120/><T116/><D99/><U57/><E57/><V59/><F59/><W58/><G58/><T34/><D103/><U86/><E87/><V13/><F26/><W81/><G56/><T128/><D128/><U6/><E6/><V20/><F13/><W93/><G85/><T92/><D92/><U22/><E22/><V73/><F73/><W36/><G75/><T102/><D23/><U74/><E74/><V15/><F15/><W126/><G93/><T29/><D102/><U107/><E107/><V67/><F67/><W79/><G32/><T30/><D80/><U98/><E98/><V84/><F84/><W46/><G83/><T112/><D112/><U19/><N who="1" m="4096" /><DORA hai="65" /><U47/><E41/><V72/><F72/><W135/><G81/><T43/><D43/><U42/><E42/><V82/><F82/><W111/><G111/><T35/><D35/><U14/><E14/><V106/><F106/><W66/><G135/><T60/><D60/><RYUUKYOKU ba="0,0" sc="210,15,330,15,230,-15,230,-15" hai0="2,3,9,29,30,33,34,77,78,88,89,116,118" hai1="40,47,49,50,86,91,94" /><INIT seed="1,1,0,2,4,124" ten="225,345,215,215" oya="1" hai0="0,107,132,31,93,89,72,32,76,123,97,55,108" hai1="128,64,102,18,5,115,38,79,87,116,84,22,130" hai2="13,48,88,58,62,96,73,91,117,41,109,101,1" hai3="21,36,39,7,52,106,95,68,19,113,49,54,125"/><U80/><E38/><V110/><F1/><W127/><G106/><T46/><D0/><U56/><E116/><V30/><F73/><W104/><G104/><T16/><D108/><N who="2" m="41578" /><F30/><W35/><G35/><T11/><D132/><U85/><E115/><V126/><F126/><N who="3" m="48139" /><G68/><T47/><D107/><U134/><E5/><V98/><F117/><W42/><G7/><T33/><D123/><U67/><E102/><V9/><F48/><W122/><G122/><T83/><D31/><U78/><E134/><V114/><F41/><W28/><G28/><T8/><D8/><U100/><E100/><V65/><F114/><W86/><G42/><T17/><D47/><U111/><E111/><V74/><F74/><W60/><G60/><T50/><REACH who="0" step="1"/><D11/><REACH who="0" ten="215,345,215,215" step="2"/><U69/><E79/><V29/><F29/><W37/><G113/><T27/><D27/><N who="1" m="14807" /><E69/><V3/><F3/><W81/><G95/><T90/><D90/><N who="2" m="34346" /><F101/><W94/><G94/><T6/><D6/><AGARI ba="1,1" hai="6,9,13,58,62,65,96,98" m="34346,41578" machi="6" ten="30,2000,0" yaku="14,1,54,1" doraHai="124" who="2" fromWho="0" sc="215,-23,345,0,215,33,215,0" /><INIT seed="2,0,0,3,2,90" ten="192,345,248,215" oya="2" hai0="61,117,40,7,21,49,14,53,120,8,66,124,132" hai1="17,88,86,15,43,25,100,35,125,134,70,114,135" hai2="50,32,37,116,130,67,36,102,28,77,103,47,105" hai3="5,84,51,83,54,97,82,65,6,74,73,91,0"/><V22/><F116/><W123/><G123/><T62/><D132/><N who="1" m="50731" /><E70/><V27/><F130/><W85/><G65/><T93/><D124/><U99/><E114/><V92/><F105/><W71/><G71/><T101/><D120/><U128/><E43/><V39/><F77/><W106/><G74/><T104/><D104/><N who="1" m="63519" /><E125/><V18/><F67/><W4/><G73/><T96/><D40/><U11/><E128/><V23/><F92/><N who="3" m="56479" /><G106/><T69/><D117/><U89/><E86/><N who="3" m="33386" /><G0/><T13/><D62/><U109/><E109/><V80/><F80/><W79/><G79/><T57/><REACH who="0" step="1"/><D21/><REACH who="0" ten="182,345,248,215" step="2"/><N who="1" m="13487" /><E35/><V46/><F32/><W38/><G38/><T98/><D98/><U64/><E64/><V72/><F39/><W118/><G118/><T58/><D58/><AGARI ba="0,1" hai="4,5,6,51,54,58,82,83" m="33386,56479" machi="58" ten="30,2000,0" yaku="8,1,52,1" doraHai="90" who="3" fromWho="0" sc="182,-20,345,0,248,0,215,30" /><INIT seed="3,0,0,5,1,134" ten="162,345,248,245" oya="3" hai0="23,128,99,95,38,39,46,37,65,109,129,18,127" hai1="85,19,105,100,132,75,74,131,123,90,80,122,44" hai2="17,70,71,120,9,30,1,57,41,36,63,77,32" hai3="64,56,89,79,35,83,108,15,60,4,55,72,104"/><W53/><G35/><T24/><D65/><U6/><E44/><V88/><F120/><N who="1" m="46121" /><E19/><V54/><F77/><W91/><G104/><T52/><D109/><U117/><E6/><V102/><F102/><W43/><G43/><T69/><D69/><U48/><E48/><V61/><F30/><W0/><G0/><T20/><D20/><U78/><E132/><V73/><F73/><N who="1" m="27657" /><E131/><V33/><F41/><W34/><G34/><T126/><D52/><U121/><E121/><V11/><F36/><W84/><G108/><T94/><D94/><U81/><E117/><V28/><F28/><W67/><G55/><T76/><D76/><U124/><E100/><V2/><F54/><W58/><G72/><T26/><D24/><U119/><E119/><V42/><F42/><W40/><G40/><T93/><D93/><N who="1" m="54479" /><E105/><V50/><F50/><N who="3" m="30775" /><G64/><T118/><D46/><U31/><E31/><V8/><F57/><W14/><G14/><T107/><D107/><U113/><E113/><V49/><F49/><W97/><G15/><T116/><D116/><U133/><E133/><V21/><F1/><W101/><G4/><T103/><D118/><U47/><E47/><V98/><F2/><W92/><AGARI ba="0,0" hai="58,60,67,79,83,84,89,91,92,97,101" m="30775" machi="92" ten="30,1500,0" yaku="8,1" doraHai="134" who="3" fromWho="3" sc="162,-5,345,-5,248,-5,245,15" /><INIT seed="3,1,0,5,4,114" ten="157,340,243,260" oya="3" hai0="36,19,84,78,20,92,22,12,0,132,85,46,104" hai1="131,5,65,50,95,76,49,99,24,133,23,29,88" hai2="126,111,89,128,116,18,67,101,66,15,124,10,72" hai3="94,3,98,112,107,130,59,83,74,39,4,62,14"/><W9/><G112/><T25/><D104/><U37/><E37/><V63/><F72/><W16/><G130/><T8/><D132/><U69/><E131/><V100/><F128/><W105/><G39/><T119/><D0/><U27/><E133/><V34/><F34/><W122/><G122/><T42/><D78/><U121/><E121/><V61/><F89/><W71/><G71/><T45/><D45/><U32/><E5/><V90/><F90/><W7/><G83/><T44/><D119/><U93/><E76/><V30/><F30/><W135/><G74/><T134/><D134/><U26/><E26/><V75/><F75/><W123/><G123/><T96/><D46/><U68/><E65/><V77/><F77/><W2/><G135/><T47/><D44/><U118/><E118/><V35/><F35/><W56/><G4/><T55/><D22/><U57/><E95/><V79/><F79/><W1/><G7/><T17/><REACH who="0" step="1"/><D55/><REACH who="0" ten="147,340,243,260" step="2"/><U53/><E50/><V43/><F116/><W58/><REACH who="3" step="1"/><G62/><REACH who="3" ten="147,340,243,250" step="2"/><T64/><D64/><U109/><E109/><V125/><F111/><W120/><G120/><T102/><AGARI ba="1,2" hai="8,12,17,19,20,25,36,42,47,84,85,92,96,102" machi="102" ten="20,2700,0" yaku="1,1,0,1,7,1,53,0" doraHai="114" doraHaiUra="103" who="0" fromWho="0" sc="147,50,340,-8,243,-8,250,-14" /><INIT seed="4,0,0,5,5,39" ten="197,332,235,236" oya="0" hai0="107,93,47,84,88,17,74,97,112,77,15,58,87" hai1="52,18,119,81,55,118,19,120,65,24,100,60,29" hai2="69,41,53,127,38,132,68,108,98,128,71,72,35" hai3="89,6,36,62,103,131,121,1,0,12,33,106,109"/><T25/><D112/><U117/><E120/><V94/><F108/><W2/><G109/><T43/><D25/><U102/><E81/><V96/><F72/><W67/><G33/><T28/><D28/><U66/><E29/><V51/><F35/><W85/><G131/><T122/><D122/><U78/><E78/><V9/><F128/><W13/><G121/><T126/><D126/><U92/><E24/><V46/><F127/><W79/><G79/><T134/><D134/><U20/><E20/><V48/><F132/><W44/><G103/><T135/><D135/><U21/><E21/><V110/><F110/><W5/><G106/><T80/><D58/><U40/><E119/><V27/><F9/><W130/><G6/><T76/><D107/><U83/><E83/><V123/><F123/><W99/><G99/><T90/><D97/><U111/><E111/><V16/><F53/><W56/><G5/><T42/><D74/><U34/><E34/><V4/><F4/><W23/><G23/><N who="0" m="11711" /><D47/><U95/><E60/><V45/><F45/><W73/><G73/><T63/><D63/><U54/><E54/><V31/><F31/><W86/><G130/><T50/><D50/><U64/><E64/><V115/><F115/><W37/><G37/><T59/><D59/><U7/><E7/><V57/><F57/><W30/><G30/><T124/><D124/><U32/><E32/><V49/><F98/><W70/><G56/><T82/><D93/><U104/><E104/><V3/><F3/><W61/><G0/><T11/><D11/><U14/><E14/><V22/><F71/><RYUUKYOKU ba="0,0" sc="197,10,332,10,235,10,236,-30" hai0="42,43,76,77,80,82,84,87,88,90" hai1="18,19,40,52,55,65,66,92,95,100,102,117,118" hai2="16,22,27,38,41,46,48,49,51,68,69,94,96" /><INIT seed="4,1,0,4,0,62" ten="207,342,245,206" oya="0" hai0="82,114,33,42,70,17,64,6,105,18,74,126,24" hai1="109,91,56,46,50,122,32,135,125,37,28,30,78" hai2="40,81,22,92,94,106,132,1,113,96,27,57,120" hai3="69,12,3,60,38,52,84,68,119,98,66,112,123"/><T110/><D42/><U100/><E109/><V61/><F120/><W127/><G3/><T41/><D110/><U88/><E122/><V8/><F113/><W87/><G123/><T115/><D6/><U124/><E37/><V89/><F132/><W31/><G119/><T71/><D41/><N who="1" m="24911" /><E78/><V11/><F40/><W118/><G118/><T59/><D105/><U44/><E100/><V117/><F117/><W65/><G38/><T72/><D59/><U102/><E102/><V36/><F36/><W16/><G127/><N who="1" m="48714" /><E44/><V9/><F1/><W4/><G112/><N who="0" m="43051" /><D126/><U63/><E135/><V45/><F45/><W99/><G31/><N who="1" m="11818" /><E32/><V48/><F106/><W39/><G39/><T55/><D55/><AGARI ba="1,0" hai="55,56,63,88,91" m="11818,48714,24911" machi="55" ten="30,2000,0" yaku="18,1,54,1" doraHai="62" who="1" fromWho="0" sc="207,-23,342,23,245,0,206,0" /><INIT seed="5,0,0,0,5,12" ten="184,365,245,206" oya="1" hai0="60,24,105,46,103,20,78,45,124,38,106,115,35" hai1="76,25,56,85,109,122,43,30,132,47,91,75,118" hai2="92,77,17,40,32,61,119,88,93,108,126,48,82" hai3="131,2,113,70,51,15,0,125,27,68,87,84,66"/><U13/><E122/><V83/><F108/><W63/><G70/><T71/><D115/><U111/><E118/><V55/><F32/><W41/><G113/><T133/><D133/><U110/><E56/><V44/><F119/><W18/><G131/><T134/><D134/><U58/><E58/><N who="2" m="35039" /><F126/><W81/><G125/><T1/><D1/><U121/><E132/><V130/><F130/><W100/><G100/><T64/><D124/><U50/><E121/><V7/><F7/><W107/><G107/><T90/><D78/><U21/><E13/><V73/><F73/><W8/><G84/><T49/><D35/><U16/><E76/><V37/><F37/><W69/><G68/><T57/><D90/><U28/><E75/><V11/><F93/><AGARI ba="0,0" hai="16,21,25,28,30,43,47,50,85,91,93,109,110,111" machi="93" ten="40,7700,0" yaku="10,1,52,1,54,1" doraHai="12" who="1" fromWho="2" sc="184,0,365,77,245,-77,206,0" /><INIT seed="5,1,0,3,4,113" ten="184,442,168,206" oya="1" hai0="90,22,42,11,38,8,128,110,30,68,127,84,28" hai1="116,91,123,77,19,124,93,108,53,29,55,12,67" hai2="54,122,69,65,74,76,134,111,135,100,121,5,14" hai3="109,33,99,66,102,15,105,45,13,70,56,98,82"/><U46/><E116/><V119/><F100/><W81/><G109/><T50/><D68/><U16/><E123/><N who="2" m="47115" /><F76/><W104/><G56/><T40/><D38/><U133/><E124/><V75/><F14/><W87/><G33/><T4/><D127/><U73/><E67/><V131/><F5/><W26/><G26/><T18/><D128/><U60/><E29/><N who="0" m="11369" /><D4/><U36/><E108/><V35/><F35/><W48/><G66/><T9/><D50/><U101/><E101/><V31/><F31/><W6/><G70/><T118/><D118/><U112/><E77/><V120/><N who="2" m="47123" /><V103/><DORA hai="39" /><F103/><W21/><G104/><T34/><D110/><U72/><E19/><V17/><F17/><N who="3" m="10415" /><G102/><T7/><D7/><U79/><E16/><V10/><F10/><N who="3" m="4567" /><G105/><T58/><D58/><U129/><E12/><V126/><F126/><W1/><G1/><T107/><D107/><U52/><E79/><V92/><F111/><W44/><G44/><T49/><D49/><U62/><E91/><V57/><F119/><W94/><G94/><N who="0" m="54599" /><D34/><U106/><E93/><V20/><F92/><W27/><G27/><AGARI ba="1,0" hai="8,9,11,18,22,27,40,42" m="54599,11369" machi="27" ten="30,3900,0" yaku="8,1,52,2" doraHai="113,39" who="0" fromWho="3" sc="184,42,442,0,168,0,206,-42" /><INIT seed="6,0,0,0,4,38" ten="226,442,168,164" oya="2" hai0="108,115,105,55,135,42,12,24,113,85,33,20,3" hai1="21,8,134,17,6,5,53,112,45,106,103,109,81" hai2="7,99,72,90,27,60,104,16,84,28,107,100,91" hai3="41,86,37,79,75,73,59,31,29,89,133,98,1"/><V23/><F72/><W2/><G133/><T82/><D105/><U54/><E109/><V35/><F7/><W130/><G130/><T25/><D108/><U123/><E123/><V9/><F9/><W30/><G98/><T26/><D3/><U19/><E112/><N who="0" m="43081" /><D42/><U126/><E81/><V66/><F84/><W61/><G79/><T124/><D124/><U88/><E126/><V127/><F107/><W39/><G2/><T132/><D33/><U110/><E110/><V62/><F127/><W111/><G1/><T87/><D55/><U128/><E128/><V68/><F62/><W131/><G131/><T49/><D49/><U51/><E54/><V71/><F71/><W122/><G122/><T77/><D87/><U92/><E103/><V80/><F80/><W65/><G111/><T18/><AGARI ba="0,0" hai="12,18,20,24,25,26,77,82,85,132,135" m="43081" machi="18" ten="40,1500,0" yaku="15,1" doraHai="38" who="0" fromWho="0" sc="226,15,442,-4,168,-7,164,-4" /><INIT seed="7,0,0,2,5,107" ten="241,438,161,160" oya="3" hai0="73,86,60,121,55,34,90,88,46,116,89,24,18" hai1="50,106,37,71,123,99,59,81,45,105,3,131,75" hai2="111,11,5,57,132,21,28,114,77,127,30,63,135" hai3="6,36,29,14,104,2,49,19,22,82,87,15,118"/><W79/><G36/><T134/><D73/><U110/><E110/><V38/><F38/><W53/><G104/><T80/><D134/><N who="2" m="51242" /><F114/><W17/><G118/><T1/><D1/><U94/><E71/><V72/><F127/><W4/><G29/><T54/><D34/><U20/><E123/><V0/><F111/><W65/><G65/><T120/><D116/><U47/><E20/><V10/><F10/><W52/><G2/><T74/><D74/><U68/><E59/><V133/><N who="2" m="51250" /><V27/><DORA hai="25" /><F72/><W115/><G115/><T129/><D129/><U33/><E33/><V12/><F77/><W43/><G43/><T119/><D121/><U70/><E131/><V58/><F0/><W125/><G125/><T117/><D120/><U62/><E70/><V103/><F103/><W113/><G113/><T97/><D90/><U44/><E50/><V78/><F78/><W35/><G35/><T122/><D89/><U7/><E62/><V26/><F63/><W96/><G96/><T69/><D97/><U42/><E68/><V40/><F40/><W126/><G126/><T16/><D69/><U95/><E106/><V108/><F108/><W91/><G79/><T84/><D122/><U51/><E105/><V83/><F83/><W85/><G85/><T48/><D86/><U67/><E67/><V64/><F64/><W32/><G32/><AGARI ba="0,0" hai="5,11,12,21,26,27,28,30,32,57,58" m="51250" machi="32" ten="40,5200,0" yaku="20,1,52,2" doraHai="107,25" who="2" fromWho="3" sc="241,0,438,0,161,52,160,-52" owari="241,4.0,438,54.0,213,-19.0,108,-39.0" /></mjloggm>