<mjloggm ver="2.3"><GO type="169" lobby="0"/><UN n0="%E3%83%88%E3%83%88%E3%83%AA%E5%85%88%E7%94%9F%31%39%E6%AD%B3" n1="%E4%B8%8D%E8%81%B4%E3%81%B1%E3%81%BF%E3%82%85%E3%81%B1%E3%81%BF%E3%82%85" n2="%E5%B9%B3%E4%BA%95%E9%8A%80%E4%BA%8C" n3="%E3%81%9F%E3%81%BE%E3%81%93%E3%82%8D" dan="19,16,17,16" rate="2265.70,2107.48,2143.42,2056.14" sx="F,M,F,M"/><TAIKYOKU oya="0"/><INIT seed="0,0,0,2,0,104" ten="250,250,250,250" oya="0" hai0="26,87,105,3,115,20,33,83,28,10,35,69,119" hai1="64,85,99,78,111,47,9,53,48,75,73,120,61" hai2="60,107,127,49,1,18,117,44,128,89,100,29,76" hai3="40,106,77,133,90,109,98,32,132,36,2,57,52"/><T0/><D115/><U58/><E120/><V17/><F1/><W88/><G32/><T19/><D119/><U63/><E111/><V71/><F117/><W116/><G2/><T7/><D0/><U103/><E9/><V67/><F128/><W80/><G109/><T21/><D105/><U125/><E125/><V102/><F127/><W11/><G11/><T56/><D69/><U129/><E129/><V79/><F29/><W112/><G112/><T54/><D21/><U22/><E22/><V130/><F130/><W113/><G113/><T31/><D35/><U95/><E78/><V134/><F134/><N who="3" m="51819" /><G116/><T14/><D31/><U126/><E126/><V5/><F5/><W122/><G122/><T50/><D87/><U131/><E131/><V51/><F51/><N who="3" m="30879" /><G106/><T70/><D70/><U72/><E85/><V8/><F71/><W12/><G12/><T62/><REACH who="0" step="1"/><D83/><REACH who="0" ten="240,250,250,250" step="2"/><U84/><E84/><V93/><F107/><W30/><G30/><T81/><D81/><U82/><E82/><V118/><F118/><W74/><G98/><T27/><D27/><U42/><E75/><V59/><F76/><W68/><G68/><AGARI ba="0,1" hai="42,47,48,53,58,61,63,64,68,72,73,95,99,103" machi="68" ten="30,3900,0" yaku="7,1,52,2" doraHai="104" who="1" fromWho="3" sc="240,0,250,49,250,0,250,-39" /><INIT seed="1,0,0,2,1,102" ten="240,299,250,211" oya="1" hai0="52,103,11,50,118,112,105,115,76,95,22,9,78" hai1="27,85,72,101,116,69,73,104,37,3,120,130,80" hai2="119,39,43,7,93,129,134,14,0,44,126,68,26" hai3="58,54,83,110,46,65,59,36,25,82,106,53,42"/><U107/><E37/><V56/><F68/><W18/><G110/><T23/><D95/><U41/><E69/><V70/><F70/><W86/><G65/><T81/><D118/><U133/><E41/><V5/><F119/><W6/><G6/><T127/><D127/><U34/><E3/><V99/><F126/><W40/><G36/><T32/><D32/><U38/><E38/><V2/><F134/><W31/><G46/><T108/><D108/><U29/><E101/><V47/><F129/><W123/><G18/><T122/><D103/><U97/><E97/><V135/><F135/><W84/><G25/><T8/><D122/><U92/><E92/><V98/><F26/><W100/><G100/><T28/><D105/><N who="1" m="40523" /><E85/><V91/><F98/><W10/><G106/><T60/><D60/><U113/><E113/><V88/><F91/><W75/><G75/><N who="1" m="28746" /><E80/><V117/><F117/><W131/><G123/><T13/><D112/><U15/><E15/><V87/><F99/><W63/><G83/><T1/><D1/><N who="2" m="618" /><F14/><W90/><G82/><T66/><D115/><U64/><E133/><V111/><F111/><W33/><G90/><T94/><D94/><U125/><E125/><V74/><F74/><W51/><G84/><T30/><D81/><U49/><E120/><V62/><F44/><W19/><G86/><T61/><D13/><U55/><E116/><V114/><F114/><W45/><G45/><N who="0" m="27727" /><D78/><U109/><E109/><V57/><F62/><W24/><G63/><T20/><D76/><U12/><E130/><V21/><F21/><W132/><G131/><T124/><D124/><RYUUKYOKU ba="0,0" sc="240,15,299,-15,250,15,211,-15" hai0="8,9,11,20,22,23,28,30,61,66" hai2="5,7,39,43,47,56,57,87,88,93" /><INIT seed="2,1,0,1,5,38" ten="255,284,265,196" oya="2" hai0="132,130,118,117,53,91,113,30,135,95,110,35,0" hai1="26,97,60,20,8,61,122,109,89,93,6,84,43" hai2="50,1,83,21,88,9,114,52,24,62,92,96,31" hai3="80,44,123,119,46,127,2,81,108,70,36,40,33"/><V112/><F62/><W42/><G119/><N who="0" m="45579" /><D0/><U58/><E109/><V48/><F48/><W124/><G123/><T90/><D113/><U134/><E134/><N who="0" m="51241" /><D110/><U126/><E126/><N who="3" m="48170" /><G108/><T15/><D130/><U29/><E122/><V22/><F22/><W49/><G2/><T74/><D74/><U55/><E43/><V78/><F9/><W10/><G10/><T56/><D15/><N who="1" m="5527" /><E61/><V87/><REACH who="2" step="1"/><F1/><REACH who="2" ten="255,284,255,196" step="2"/><W11/><G11/><T19/><D35/><U76/><E60/><V100/><F100/><W131/><G33/><T7/><D7/><U107/><E20/><V71/><F71/><W32/><G32/><T66/><D66/><U77/><E29/><V39/><F39/><N who="3" m="21535" /><G70/><T4/><D4/><U13/><E26/><V86/><F86/><W73/><G73/><T68/><D68/><U133/><E13/><V18/><F18/><W12/><G131/><T64/><D64/><U129/><E129/><V25/><F25/><W14/><G36/><T94/><D19/><U16/><E16/><V99/><F99/><W79/><G14/><T5/><D30/><U51/><E133/><V41/><F41/><W63/><G12/><T101/><D101/><U23/><E23/><V104/><F104/><W69/><G69/><T45/><D5/><U54/><E54/><V28/><F28/><W121/><G63/><T37/><D37/><U111/><E111/><V17/><F17/><W67/><G67/><T34/><D34/><U125/><E125/><V85/><F85/><N who="3" m="48287" /><G121/><T105/><D105/><U82/><E107/><V57/><AGARI ba="1,1" hai="21,24,31,50,52,57,78,83,87,88,92,96,112,114" machi="57" ten="20,12000,1" yaku="1,1,0,1,7,1,54,2,53,0" doraHai="38" doraHaiUra="3" who="2" fromWho="2" sc="255,-41,284,-41,255,133,196,-41" /><INIT seed="2,2,0,1,3,30" ten="214,243,388,155" oya="2" hai0="73,13,50,133,108,81,87,78,49,63,2,128,96" hai1="44,121,102,72,11,89,55,84,113,97,135,64,90" hai2="21,25,29,75,109,39,0,85,99,9,15,8,103" hai3="69,38,46,65,36,27,74,110,37,26,32,18,130"/><V127/><F75/><W82/><G110/><T20/><D2/><U59/><E113/><V114/><F114/><W67/><G18/><T94/><D108/><U1/><E72/><V131/><F109/><W52/><G130/><T118/><D118/><U129/><E135/><V70/><F131/><W58/><G82/><T24/><D133/><U92/><E129/><V17/><F39/><W79/><G79/><T112/><D112/><U123/><E64/><V98/><F70/><W122/><G74/><T66/><D13/><U53/><E44/><V62/><F62/><N who="3" m="40183" /><G122/><N who="1" m="46602" /><E90/><V33/><F127/><W48/><G26/><T115/><D73/><U51/><E55/><V71/><F71/><W91/><G91/><T101/><D128/><U83/><E11/><V61/><F61/><N who="3" m="38071" /><G27/><T35/><D35/><U111/><E111/><V31/><F8/><W119/><G32/><T80/><D80/><U57/><E57/><V43/><F29/><W86/><G86/><T28/><D115/><U5/><E5/><N who="2" m="1191" /><F103/><W4/><G4/><T68/><AGARI ba="2,0" hai="20,24,28,49,50,63,66,68,78,81,87,94,96,101" machi="68" ten="20,1500,0" yaku="0,1,7,1" doraHai="30" who="0" fromWho="0" sc="214,21,243,-6,388,-9,155,-6" /><INIT seed="3,0,0,4,3,133" ten="235,237,379,149" oya="3" hai0="59,88,118,110,95,41,102,61,22,71,128,69,131" hai1="132,32,25,28,23,51,62,97,38,7,126,47,77" hai2="9,48,104,49,13,27,58,119,108,115,44,12,78" hai3="24,134,124,109,53,20,123,135,103,16,87,68,21"/><W116/><G68/><T90/><D118/><U33/><E132/><N who="3" m="50730" /><G123/><T75/><D75/><U121/><E121/><V1/><F104/><W70/><G70/><N who="0" m="26635" /><D41/><U117/><E38/><V72/><F115/><W15/><G116/><T14/><D110/><U74/><E62/><V10/><F1/><W130/><G103/><T64/><D102/><U79/><E7/><V63/><F72/><W17/><G109/><T86/><D90/><U46/><E97/><V54/><F78/><W100/><G100/><T105/><D105/><U8/><E8/><V112/><F112/><W93/><G53/><T91/><D91/><U129/><E23/><V6/><F119/><W39/><G39/><T120/><D120/><U76/><E77/><V83/><F54/><W89/><G130/><N who="0" m="49707" /><D22/><U106/><E106/><V99/><F108/><W50/><G50/><T37/><D14/><U34/><E129/><V111/><F12/><W30/><G30/><T18/><D18/><U101/><E101/><V45/><F13/><W43/><G43/><T0/><D37/><U96/><E74/><V92/><F111/><W40/><G40/><T73/><D73/><U65/><E117/><V94/><F48/><W11/><G20/><T31/><D31/><U55/><E33/><V60/><F49/><W98/><G98/><T67/><D0/><U26/><E96/><V56/><F99/><W84/><G84/><T2/><D2/><U57/><E34/><V85/><F85/><W52/><G52/><AGARI ba="0,0" hai="52,59,61,64,67,86,88,95" m="49707,26635" machi="52" ten="30,3900,0" yaku="19,1,54,2" doraHai="133" who="0" fromWho="3" sc="235,39,237,0,379,0,149,-39" /><INIT seed="4,0,0,1,3,14" ten="274,237,379,110" oya="0" hai0="55,116,4,77,41,88,109,24,27,2,47,121,130" hai1="7,63,132,58,75,25,92,94,83,114,90,106,81" hai2="3,119,0,133,74,19,72,108,15,17,13,33,118" hai3="26,64,54,93,107,123,98,129,57,124,52,53,104"/><T49/><D116/><N who="2" m="44586" /><F74/><W89/><G124/><T117/><D117/><U29/><E132/><V30/><F72/><W61/><G129/><T59/><D121/><U60/><E114/><V87/><F87/><W38/><G38/><T112/><D112/><U95/><E106/><V46/><F133/><W113/><G113/><T22/><D130/><U103/><E7/><V80/><F80/><W67/><G123/><T69/><D69/><U131/><E131/><V20/><F46/><W40/><G40/><T99/><D109/><U65/><E75/><V127/><F127/><W50/><G104/><T111/><D111/><U76/><E76/><V110/><F30/><W86/><G107/><T45/><D77/><U135/><E63/><V6/><F33/><W78/><G67/><T96/><D27/><U10/><E90/><V115/><F115/><W21/><G78/><T62/><D45/><U73/><E73/><V31/><F31/><W5/><G86/><T51/><D51/><U101/><E83/><V16/><F17/><N who="3" m="12591" /><G5/><T122/><D122/><U34/><E81/><V126/><F126/><W23/><G23/><T11/><REACH who="0" step="1"/><D88/><REACH who="0" ten="264,237,379,110" step="2"/><U56/><E135/><V36/><F36/><W37/><G37/><T39/><D39/><U91/><E91/><V102/><F110/><W82/><G82/><T18/><AGARI ba="0,1" hai="2,4,11,18,22,24,41,47,49,55,59,62,96,99" machi="18" ten="20,7800,0" yaku="1,1,0,1,7,1,52,1,53,0" doraHai="14" doraHaiUra="128" who="0" fromWho="0" sc="264,88,237,-26,379,-26,110,-26" /><INIT seed="4,1,0,1,2,89" ten="352,211,353,84" oya="0" hai0="123,11,69,0,101,49,22,61,71,96,16,107,39" hai1="120,53,81,14,5,113,9,124,42,57,66,1,87" hai2="27,47,40,45,48,26,59,114,63,98,35,52,56" hai3="82,135,100,32,28,122,97,44,55,15,50,119,85"/><T64/><D123/><U74/><E120/><V108/><F108/><W41/><G122/><T116/><D116/><U7/><E124/><V88/><F35/><W73/><G119/><T110/><D39/><U83/><E42/><V93/><F114/><W76/><G135/><T37/><D37/><U80/><E66/><N who="2" m="39295" /><F47/><W6/><G32/><T58/><D110/><U24/><E74/><V60/><AGARI ba="1,0" hai="26,27,40,45,48,52,56,60,88,93,98" m="39295" machi="60" ten="30,7900,0" yaku="8,1,52,1,54,2" doraHai="89" who="2" fromWho="2" sc="352,-40,211,-21,353,82,84,-21" /><INIT seed="5,0,0,3,0,125" ten="312,190,435,63" oya="1" hai0="120,35,20,86,131,75,49,52,25,19,31,65,73" hai1="114,98,39,87,96,40,30,123,83,118,36,74,129" hai2="121,13,122,51,78,133,105,37,1,82,72,85,116" hai3="17,79,61,23,58,71,117,41,128,109,47,103,91"/><U92/><E123/><V11/><F37/><W132/><G109/><T43/><D120/><U102/><E118/><V95/><F116/><W42/><G117/><T100/><D43/><U113/><E30/><V14/><F1/><W29/><G71/><T130/><D65/><U70/><E70/><V68/><F68/><W56/><G132/><T59/><D100/><U126/><E126/><V46/><F105/><W6/><G103/><T93/><D93/><U77/><E40/><V81/><F95/><W22/><G6/><T62/><D86/><U16/><E98/><V27/><F14/><W63/><G79/><T60/><D60/><U69/><E69/><V90/><F27/><W55/><G91/><T38/><D62/><U48/><E48/><V15/><F15/><W104/><G104/><T12/><REACH who="0" step="1"/><D38/><REACH who="0" ten="302,190,435,63" step="2"/><U4/><E36/><V89/><F122/><W45/><G55/><T111/><D111/><U134/><E39/><V88/><F121/><W21/><G29/><T94/><D94/><U0/><E87/><V5/><F133/><W76/><G61/><T101/><D101/><U7/><E134/><V9/><F85/><W106/><G63/><T24/><D24/><U50/><E92/><V10/><F81/><W64/><G42/><T2/><D2/><U18/><E0/><V3/><F3/><W34/><G41/><T54/><D54/><U108/><E108/><V135/><F135/><W32/><G64/><T112/><D112/><U80/><E102/><V28/><F28/><W26/><G106/><T66/><D66/><U99/><E113/><V124/><F124/><RYUUKYOKU ba="0,1" sc="302,15,190,-15,435,15,63,-15" hai0="12,19,20,25,31,35,49,52,59,73,75,130,131" hai2="5,9,10,11,13,46,51,72,78,82,88,89,90" /><INIT seed="6,1,1,1,5,44" ten="317,175,450,48" oya="2" hai0="78,107,3,110,38,93,82,124,41,31,30,54,88" hai1="19,64,81,23,94,32,26,120,105,35,69,40,22" hai2="37,29,58,12,132,2,90,102,1,63,73,96,53" hai3="18,119,92,99,76,122,133,14,75,74,27,65,6"/><V123/><F37/><W77/><G6/><T33/><D110/><U129/><E105/><V48/><F73/><W103/><G27/><T128/><D3/><U55/><E129/><V20/><F123/><W16/><G122/><T49/><D107/><U85/><E40/><V109/><F109/><W57/><G119/><T47/><D128/><U56/><E94/><V83/><F132/><W98/><G133/><T114/><D114/><U11/><E11/><V113/><F113/><W111/><G111/><T79/><D124/><U84/><E84/><V5/><F63/><W131/><G131/><T121/><D121/><U28/><E64/><V101/><F2/><W115/><G115/><T24/><D30/><U45/><E45/><V61/><F1/><W135/><G135/><T25/><D25/><U13/><E69/><V127/><F127/><W108/><G108/><T87/><D93/><U34/><E23/><V66/><F20/><W46/><G46/><AGARI ba="1,1" hai="24,31,33,38,41,46,47,49,54,78,79,82,87,88" machi="46" ten="30,3900,0" yaku="7,1,52,1,54,1" doraHai="44" who="0" fromWho="3" sc="317,52,175,0,450,0,48,-42" /><INIT seed="7,0,0,3,2,99" ten="369,175,450,6" oya="3" hai0="9,2,81,60,53,98,92,39,37,109,21,32,116" hai1="128,120,8,62,119,70,1,111,104,84,49,25,103" hai2="23,75,107,12,38,100,58,129,40,17,0,90,122" hai3="54,29,114,106,105,126,11,76,72,82,64,91,61"/><W85/><G29/><T33/><D109/><U118/><E111/><V95/><F75/><W24/><G24/><T125/><D116/><U43/><E120/><V47/><F122/><W67/><G67/><T80/><D125/><U59/><E70/><V46/><F0/><W113/><G54/><T15/><D2/><U20/><E1/><V131/><F47/><W87/><G11/><T68/><D39/><U110/><E104/><V101/><F107/><N who="3" m="40971" /><G126/><T16/><D37/><U94/><E110/><V42/><F58/><W133/><G133/><T123/><D123/><U45/><E8/><V13/><F13/><W18/><G18/><T10/><D10/><U117/><E84/><N who="3" m="32330" /><G61/><T134/><D134/><U26/><E20/><V56/><F56/><W96/><G64/><T52/><D68/><U77/><E25/><V121/><F40/><W44/><G44/><T57/><D53/><U112/><E26/><V28/><F28/><W50/><G50/><T31/><D9/><U130/><E62/><V19/><F19/><W78/><G78/><T4/><D4/><U115/><E77/><V55/><F55/><W66/><G66/><T83/><REACH who="0" step="1"/><D31/><REACH who="0" ten="359,175,450,6" step="2"/><U51/><E59/><V135/><F135/><W88/><G96/><T27/><D27/><U108/><E108/><V41/><F121/><W35/><G35/><T14/><D14/><U73/><E51/><V124/><F124/><W74/><G74/><T48/><D48/><U69/><E73/><V79/><F38/><W93/><G93/><T97/><D97/><N who="1" m="59831" /><E69/><V30/><F30/><W102/><G102/><N who="2" m="39529" /><F12/><W5/><G5/><RYUUKYOKU ba="0,1" sc="359,10,175,10,450,-30,6,10" hai0="15,16,21,32,33,52,57,60,80,81,83,92,98" hai1="43,45,49,112,115,117,118,119,128,130" hai3="72,76,82,88,91,113,114" /><INIT seed="7,1,1,4,3,7" ten="369,185,420,16" oya="3" hai0="49,83,111,5,133,34,1,101,119,48,51,85,43" hai1="8,126,132,117,10,105,110,39,0,59,84,63,103" hai2="17,122,19,73,20,18,55,128,89,107,68,95,81" hai3="23,106,78,108,25,13,98,41,53,125,62,15,134"/><W24/><G108/><T64/><D111/><U130/><E110/><V92/><F107/><W124/><G78/><T27/><D119/><U76/><E39/><V115/><F68/><W35/><G41/><T70/><D133/><U36/><E36/><V54/><F122/><W135/><G62/><T118/><D118/><U75/><E75/><V120/><F120/><W77/><G53/><N who="2" m="19977" /><F73/><W57/><G57/><T96/><D34/><U28/><E10/><V12/><F115/><W114/><G77/><T66/><D27/><U50/><E84/><N who="2" m="50319" /><F128/><W26/><G98/><T31/><D31/><U6/><E8/><N who="2" m="6279" /><F19/><N who="3" m="12415" /><G106/><T80/><D43/><U121/><E126/><N who="3" m="48746" /><G114/><T82/><D70/><U102/><E50/><V90/><F90/><W30/><G26/><AGARI ba="1,1" hai="18,20,26,92,95" m="6279,50319,19977" machi="26" ten="30,2000,0" yaku="8,1,52,1" doraHai="7" who="2" fromWho="3" sc="369,0,185,0,420,33,16,-23" owari="369,17.0,185,-21.0,453,55.0,-7,-51.0" /></mjloggm>