<mjloggm ver="2.3"><GO type="169" lobby="0"/><UN n0="%E3%81%84%E3%81%A3%E3%81%8D%40%4B%55" n1="%E5%B0%B1%E6%B4%BB%E7%94%9F%40%E5%B7%9D%E6%9D%91%E8%BB%8D%E5%9B%A3" n2="%E6%B0%B4%E6%9C%AC%E3%82%86%E3%81%8B%E3%82%8A" n3="%52%65%3A%7A%61%77%61" dan="16,17,16,16" rate="2058.22,2254.27,2167.26,2071.67" sx="M,M,F,F"/><TAIKYOKU oya="0"/><INIT seed="0,0,0,4,1,6" ten="250,250,250,250" oya="0" hai0="105,21,59,42,58,22,129,11,25,51,133,2,32" hai1="74,9,28,78,33,92,56,116,87,124,67,27,49" hai2="134,57,127,4,107,86,100,93,81,37,90,47,30" hai3="101,35,84,5,71,40,115,95,80,38,106,0,110"/><T10/><D105/><U94/><E116/><V34/><F134/><W50/><G106/><T14/><D32/><U29/><E29/><V52/><F127/><W131/><G38/><T109/><D133/><U102/><E124/><V135/><F135/><W46/><G71/><T68/><D68/><U96/><E74/><V18/><F34/><W41/><G115/><T89/><D2/><U130/><E130/><V104/><F30/><W114/><G114/><T103/><D103/><U73/><E73/><V55/><F4/><W61/><G61/><T99/><D129/><U82/><E92/><V126/><F126/><W132/><G35/><T98/><D42/><U44/><E67/><V66/><F66/><W119/><G119/><T69/><D69/><U54/><REACH who="1" step="1"/><E56/><REACH who="1" ten="250,240,250,250" step="2"/><V48/><F107/><W108/><G131/><T36/><D58/><U113/><E113/><V91/><F104/><W79/><G95/><T12/><D59/><U83/><E83/><V62/><F100/><W120/><G101/><T121/><D121/><U15/><E15/><V20/><F93/><W85/><G80/><T76/><D12/><U128/><E128/><V112/><F112/><W26/><G132/><T97/><D14/><U125/><E125/><V77/><F37/><W13/><G13/><AGARI ba="0,1" hai="13,18,20,47,48,52,55,57,62,77,81,86,90,91" machi="13" ten="30,3900,0" yaku="7,1,8,1,54,1" doraHai="6" who="2" fromWho="3" sc="250,0,240,0,250,49,250,-39" /><INIT seed="1,0,0,1,2,122" ten="250,240,299,211" oya="1" hai0="111,81,36,105,35,33,39,58,12,20,80,29,89" hai1="0,66,43,31,91,10,17,76,119,131,67,77,69" hai2="63,46,15,61,127,1,25,100,57,129,65,42,103" hai3="22,4,18,88,44,49,132,116,79,94,7,109,115"/><U53/><E119/><V64/><F1/><W84/><G116/><T16/><D105/><U130/><E31/><V73/><F73/><W85/><G115/><T5/><D81/><U86/><E43/><V71/><F129/><N who="1" m="49161" /><E53/><V45/><F127/><W124/><G124/><T114/><D114/><U96/><E96/><V90/><F25/><W75/><G75/><T128/><D128/><U102/><E102/><V74/><F74/><W78/><G132/><T118/><D118/><U99/><E99/><V97/><F15/><N who="3" m="9567" /><G109/><T23/><D111/><U59/><E59/><V126/><F126/><W120/><G120/><T123/><D123/><U56/><E56/><V48/><F90/><N who="3" m="53583" /><G79/><N who="1" m="30282" /><E69/><V52/><REACH who="2" step="1"/><F97/><REACH who="2" ten="250,240,289,211" step="2"/><W68/><G68/><T47/><D89/><U95/><E0/><V54/><F54/><N who="3" m="29991" /><G78/><T87/><D39/><AGARI ba="0,1" hai="39,42,45,46,48,52,57,61,63,64,65,71,100,103" machi="39" ten="30,3900,0" yaku="1,1,7,1,54,1,53,0" doraHai="122" doraHaiUra="92" who="2" fromWho="0" sc="250,-39,240,0,289,49,211,0" /><INIT seed="2,0,0,4,0,57" ten="211,240,338,211" oya="2" hai0="11,63,67,5,88,94,93,66,54,2,135,110,21" hai1="38,127,36,91,72,13,83,58,43,75,41,20,121" hai2="1,97,70,73,0,56,18,31,77,85,51,124,23" hai3="109,17,64,14,99,22,3,112,118,45,25,19,119"/><V120/><F70/><W48/><G3/><T8/><D110/><U132/><E127/><V35/><F120/><W114/><G109/><T81/><D135/><U47/><E132/><V86/><F124/><W59/><G99/><T28/><D11/><U82/><E121/><V65/><F73/><W79/><G79/><T71/><D67/><U9/><E20/><V30/><F1/><W89/><G89/><T26/><REACH who="0" step="1"/><D54/><REACH who="0" ten="201,240,338,211" step="2"/><U115/><E115/><V102/><F65/><W134/><G114/><T74/><D74/><U133/><E133/><V76/><F0/><W123/><G134/><T62/><D62/><U95/><E75/><V111/><F111/><W96/><G112/><T126/><D126/><U131/><E72/><V42/><F42/><W34/><G64/><T46/><D46/><U100/><E47/><V16/><F56/><W108/><G45/><T128/><D128/><U106/><E58/><V103/><F51/><W15/><G59/><T107/><D107/><U80/><E43/><V78/><F35/><W49/><G48/><T90/><D90/><U130/><E41/><V87/><F23/><W122/><G49/><T50/><D50/><U6/><E106/><V129/><F129/><N who="1" m="49161" /><E100/><V33/><F33/><W116/><G22/><T68/><D68/><U29/><E29/><V101/><F97/><AGARI ba="0,1" hai="6,9,13,36,38,80,82,83,91,95,97" m="49161" machi="97" ten="30,1000,0" yaku="19,1" doraHai="57" who="1" fromWho="2" sc="201,0,240,20,338,-10,211,0" /><INIT seed="3,0,0,4,1,53" ten="201,260,328,211" oya="3" hai0="131,94,10,57,135,120,83,89,28,127,0,62,106" hai1="133,48,114,110,25,5,32,119,84,91,18,9,2" hai2="7,105,117,99,69,61,79,68,130,6,98,42,21" hai3="134,122,46,97,71,66,56,50,59,100,107,123,58"/><W26/><G134/><T75/><D120/><U101/><E114/><V40/><F117/><W121/><G26/><T88/><D135/><U116/><E101/><V51/><F130/><W80/><G80/><T17/><D106/><U23/><E133/><V38/><F38/><W86/><G86/><T115/><D131/><U3/><E3/><V34/><F34/><W125/><G125/><T90/><D127/><U95/><E110/><V64/><F79/><W11/><G11/><T36/><D36/><U104/><E104/><V108/><F108/><W33/><G33/><T16/><D28/><U81/><E32/><V72/><F72/><W87/><G87/><N who="0" m="50303" /><D0/><U63/><E81/><V73/><F73/><W96/><G96/><N who="0" m="57423" /><D75/><U118/><E63/><V67/><F105/><W1/><G1/><T78/><D78/><U76/><E48/><V15/><F51/><W35/><G35/><T29/><D29/><U43/><E43/><V109/><F109/><W128/><G128/><T126/><D126/><U22/><E22/><V8/><F21/><W49/><REACH who="3" step="1"/><G46/><REACH who="3" ten="201,260,328,201" step="2"/><T74/><D74/><U85/><E76/><V103/><F8/><W27/><G27/><T44/><D44/><U92/><E92/><V41/><F98/><AGARI ba="0,1" hai="2,5,9,18,23,25,84,85,91,95,98,116,118,119" machi="98" ten="40,1300,0" yaku="12,1" doraHai="53" who="1" fromWho="2" sc="201,0,260,23,328,-13,201,0" /><INIT seed="4,0,0,5,0,103" ten="201,283,315,201" oya="0" hai0="119,68,32,97,40,76,64,93,14,77,90,61,42" hai1="63,62,113,66,22,34,30,51,54,117,4,128,37" hai2="11,125,112,39,80,127,84,1,0,7,10,29,21" hai3="102,59,75,114,16,48,82,89,126,121,134,85,129"/><T120/><D120/><U33/><E37/><V8/><F39/><W58/><G114/><T18/><D119/><U25/><E117/><V124/><F112/><W20/><G121/><T87/><D32/><U96/><E113/><V94/><F94/><W23/><G126/><T110/><D110/><U106/><E128/><V3/><F84/><W132/><G129/><T56/><D68/><U2/><E2/><N who="2" m="1131" /><F80/><W73/><G102/><T36/><D36/><U44/><E4/><V24/><AGARI ba="0,0" hai="3,7,8,10,11,21,24,29,124,125,127" m="1131" machi="24" ten="40,5200,0" yaku="18,1,34,2" doraHai="103" who="2" fromWho="2" sc="201,-26,283,-13,315,52,201,-13" /><INIT seed="5,0,0,4,2,121" ten="175,270,367,188" oya="1" hai0="95,2,101,126,70,119,24,44,130,131,18,107,84" hai1="1,62,33,133,76,65,23,30,37,25,66,106,48" hai2="36,102,86,45,111,56,19,83,89,3,64,55,118" hai3="5,99,17,81,80,4,50,71,15,28,51,20,11"/><U127/><E37/><V67/><F118/><W13/><G71/><T73/><D119/><U32/><E106/><V10/><F111/><W9/><G28/><T43/><D73/><U112/><E1/><V114/><F114/><W132/><G99/><T38/><D70/><U87/><E112/><V54/><F102/><W79/><G132/><T122/><D122/><U60/><E127/><V21/><F10/><W12/><REACH who="3" step="1"/><G81/><REACH who="3" ten="175,270,367,178" step="2"/><T97/><D126/><U110/><E133/><V69/><F69/><W6/><G6/><T98/><D2/><U22/><E30/><V120/><F3/><W35/><G35/><T16/><D24/><U135/><E25/><V59/><F83/><W75/><AGARI ba="0,1" hai="4,5,9,11,12,13,15,17,20,50,51,75,79,80" machi="75" ten="20,8000,1" yaku="1,1,0,1,7,1,9,1,53,1" doraHai="121" doraHaiUra="72" who="3" fromWho="3" sc="175,-20,270,-40,367,-20,178,90" /><INIT seed="6,0,0,1,0,114" ten="155,230,347,268" oya="2" hai0="49,41,63,97,31,100,26,93,122,34,2,9,18" hai1="15,130,38,28,54,32,37,126,127,94,68,110,81" hai2="47,61,5,98,67,96,8,40,14,4,7,10,52" hai3="113,115,0,33,59,25,6,83,30,129,118,39,86"/><V20/><F20/><W101/><G39/><T71/><D122/><U123/><E68/><V112/><F112/><N who="3" m="43083" /><G101/><T82/><D82/><U44/><E110/><V80/><F80/><W57/><G129/><T131/><D131/><U42/><E38/><V27/><F27/><W69/><G69/><T105/><D93/><U76/><E130/><V99/><F52/><W108/><G108/><T13/><D49/><U66/><E66/><V24/><F24/><W133/><G133/><T60/><D60/><U92/><E54/><V48/><REACH who="2" step="1"/><F14/><REACH who="2" ten="155,230,337,268" step="2"/><W107/><G0/><T12/><D41/><U111/><E81/><V17/><F17/><W16/><G16/><T23/><D2/><U21/><E21/><V46/><F46/><W85/><G83/><T74/><D74/><U29/><E44/><V121/><F121/><W109/><G25/><T70/><REACH who="0" step="1"/><D63/><REACH who="0" ten="145,230,337,268" step="2"/><U119/><E42/><V51/><F51/><W77/><G33/><T128/><D128/><U116/><E32/><V50/><F50/><W102/><G109/><T134/><D134/><U36/><E123/><V84/><F84/><W132/><G86/><T1/><D1/><U88/><E111/><V53/><F53/><W65/><G85/><T72/><D72/><U11/><E37/><V64/><F64/><W45/><G65/><T78/><D78/><U89/><E36/><V19/><F19/><AGARI ba="0,2" hai="9,12,13,18,19,23,26,31,34,70,71,97,100,105" machi="19" ten="30,2000,0" yaku="1,1,7,1,53,0" doraHai="114" doraHaiUra="90" who="0" fromWho="2" sc="145,40,230,0,337,-20,268,0" /><INIT seed="7,0,0,1,1,74" ten="185,230,317,268" oya="3" hai0="111,77,53,0,129,101,86,120,79,95,126,29,110" hai1="4,88,63,28,127,12,17,23,99,107,72,65,57" hai2="115,11,34,103,5,125,1,36,98,50,130,78,105" hai3="113,108,40,82,76,22,133,96,60,112,46,135,131"/><W13/><G108/><T41/><D0/><U64/><E127/><V55/><F36/><N who="3" m="21767" /><G96/><N who="0" m="59551" /><D29/><U33/><E72/><V14/><F34/><W75/><G131/><T121/><D53/><U66/><E107/><V52/><F125/><W80/><G60/><T37/><D37/><U100/><E100/><V106/><F130/><W26/><G13/><T42/><D42/><U81/><E4/><V83/><F115/><N who="3" m="44107" /><G82/><T32/><D32/><U116/><E116/><V24/><F24/><W92/><G92/><T8/><D41/><U38/><E38/><V70/><F70/><W3/><G3/><T117/><D126/><U91/><E28/><AGARI ba="0,0" hai="22,26,28,75,76,80,133,135" m="44107,21767" machi="28" ten="30,2900,0" yaku="15,1,52,1" doraHai="74" who="3" fromWho="1" sc="185,0,230,-29,317,0,268,29" /><INIT seed="7,1,0,1,1,82" ten="185,201,317,297" oya="3" hai0="117,76,118,88,125,44,64,61,101,78,36,99,2" hai1="104,108,70,12,10,119,18,16,42,20,93,4,56" hai2="122,102,59,92,25,87,21,7,6,111,53,35,29" hai3="43,81,129,60,63,28,130,58,79,71,48,54,67"/><W3/><G3/><T65/><D2/><U109/><E104/><V123/><F111/><N who="1" m="42569" /><E70/><V47/><F47/><W75/><G28/><T83/><D118/><U0/><E56/><V52/><F35/><W31/><G31/><T103/><D117/><U110/><E93/><V40/><F40/><W134/><G134/><T33/><D33/><U113/><E42/><V39/><F39/><W72/><G75/><T27/><D125/><U49/><E49/><V51/><F53/><W97/><G97/><T126/><D126/><U120/><E119/><V5/><F87/><W124/><G124/><T11/><D36/><U32/><N who="1" m="42577" /><U127/><DORA hai="1" /><E127/><V34/><F34/><W38/><G63/><T37/><D37/><U107/><E107/><V14/><F14/><W46/><AGARI ba="1,0" hai="38,43,46,48,54,58,60,67,71,72,79,81,129,130" machi="46" ten="30,6000,0" yaku="0,1,24,2" doraHai="82,1" who="3" fromWho="3" sc="185,-21,201,-21,317,-21,297,63" owari="164,-34.0,180,-22.0,296,10.0,360,46.0" /></mjloggm>