<mjloggm ver="2.3"><GO type="225" lobby="0"/><UN n0="%E3%82%A6%E3%83%92%E3%83%A7%E5%8A%A9" n1="%E3%83%88%E3%83%88%E3%83%AA%E5%85%88%E7%94%9F%31%39%E6%AD%B3" n2="%E5%A5%B3%E5%AD%90%E5%8A%9B%E2%98%86%E3%81%94%E3%82%8A%E3%82%89" n3="%64%61%61%61%61%61%61%61" dan="16,17,17,17" rate="2145.26,2202.59,2208.04,2199.96" sx="M,F,F,F"/><TAIKYOKU oya="0"/><INIT seed="0,0,0,3,5,33" ten="250,250,250,250" oya="0" hai0="132,83,131,111,84,114,40,37,14,50,63,52,48" hai1="93,72,39,127,90,106,110,74,57,123,124,89,21" hai2="115,73,10,116,91,65,36,122,5,22,120,53,49" hai3="77,80,112,30,31,117,82,134,56,51,8,126,59"/><T17/><D114/><U12/><E123/><V75/><F115/><W29/><G112/><T105/><D105/><U88/><E39/><V61/><F36/><W99/><G117/><T3/><D3/><U23/><E106/><V7/><F116/><W55/><G134/><T46/><D132/><U44/><E110/><V32/><F32/><W58/><G126/><N who="1" m="48170" /><E44/><V103/><F103/><W98/><G8/><T101/><D111/><U119/><E119/><V25/><F75/><N who="1" m="28713" /><E57/><N who="3" m="22122" /><G77/><T92/><D63/><U67/><E67/><V71/><F73/><W70/><G70/><T102/><D37/><U9/><E93/><V2/><F7/><AGARI ba="0,0" hai="7,9,12,21,23,88,89,90" m="28713,48170" machi="7" ten="40,2600,0" yaku="18,1,54,1" doraHai="33" who="1" fromWho="2" sc="250,0,250,26,250,-26,250,0" /><INIT seed="1,0,0,2,1,26" ten="250,276,224,250" oya="1" hai0="118,58,55,75,35,54,66,117,38,40,82,64,108" hai1="6,7,1,93,74,52,23,133,83,45,16,81,112" hai2="63,73,100,107,11,119,22,91,61,32,2,109,62" hai3="105,14,47,60,102,94,31,42,128,111,103,98,86"/><U85/><E112/><V71/><F119/><N who="0" m="45578" /><D35/><U21/><E133/><V80/><F32/><W29/><G128/><T87/><D75/><U92/><E74/><V88/><F71/><W59/><G111/><T20/><D20/><U41/><E23/><V49/><F109/><W15/><G103/><T19/><D19/><U46/><E1/><V34/><F34/><W78/><G105/><T123/><D87/><U106/><E106/><V130/><F130/><W12/><G78/><T25/><D25/><N who="1" m="14503" /><E41/><V33/><F33/><W124/><G86/><T68/><D82/><N who="1" m="31243" /><E46/><V110/><F110/><W67/><REACH who="3" step="1"/><G124/><REACH who="3" ten="250,276,224,240" step="2"/><T129/><D108/><U56/><E85/><V96/><F73/><W37/><AGARI ba="0,1" hai="12,14,15,29,31,37,42,47,59,60,67,94,98,102" machi="37" ten="30,8000,1" yaku="1,1,2,1,0,1,52,2,53,0" doraHai="26" doraHaiUra="134" who="3" fromWho="3" sc="250,-20,276,-40,224,-20,240,90" /><INIT seed="2,0,0,5,3,7" ten="230,236,204,330" oya="2" hai0="115,1,97,59,32,53,43,131,0,24,55,82,96" hai1="77,121,125,42,117,34,48,25,21,28,128,105,2" hai2="108,61,132,41,63,26,13,112,47,107,36,111,14" hai3="45,57,38,98,85,60,27,15,16,80,104,72,122"/><V74/><F112/><W102/><G72/><T134/><D115/><U9/><E117/><V103/><F74/><W76/><G122/><T49/><D43/><U31/><E105/><V58/><F132/><W129/><G129/><T101/><D134/><U93/><E128/><V73/><F73/><W130/><G130/><T90/><D131/><U6/><E121/><V30/><F107/><W11/><G27/><T126/><D126/><U64/><E125/><V50/><F103/><W10/><G45/><T3/><D55/><U23/><E77/><V116/><F36/><W133/><G133/><T89/><D82/><U62/><E28/><V88/><F116/><W65/><G38/><T78/><D78/><U94/><E48/><V123/><F88/><W51/><G51/><T29/><REACH who="0" step="1"/><D96/><REACH who="0" ten="220,236,204,330" step="2"/><U52/><E42/><V87/><F123/><W12/><G76/><T70/><D70/><U44/><E52/><N who="2" m="33991" /><F63/><W86/><G80/><T109/><D109/><N who="2" m="42058" /><F87/><W79/><G79/><T37/><D37/><U20/><REACH who="1" step="1"/><E44/><REACH who="1" ten="220,226,204,330" step="2"/><V118/><F118/><W127/><G127/><T17/><D17/><AGARI ba="0,2" hai="10,11,12,15,16,17,57,60,65,85,86,98,102,104" machi="17" ten="30,8000,1" yaku="7,1,9,1,52,2,54,1" doraHai="7" who="3" fromWho="0" sc="220,-80,226,0,204,0,330,100" /><INIT seed="3,0,0,4,1,23" ten="140,226,204,430" oya="3" hai0="119,32,135,35,129,77,100,13,66,105,10,46,99" hai1="122,124,38,93,50,1,112,65,74,131,117,27,102" hai2="9,36,64,91,126,98,120,86,95,90,2,75,108" hai3="56,134,17,49,96,45,15,82,68,31,54,6,20"/><W118/><G68/><T104/><D119/><U128/><E38/><V3/><F108/><W4/><G118/><T39/><D105/><U107/><E74/><V130/><F75/><W103/><G134/><T8/><D135/><U71/><E1/><V85/><F126/><W16/><G31/><T70/><D10/><U80/><E107/><V132/><F132/><W123/><G123/><T133/><D133/><U59/><E112/><V73/><F73/><W67/><G82/><T43/><D129/><U78/><E122/><V14/><F120/><W24/><G67/><T44/><D44/><U81/><E71/><V58/><F36/><W60/><G96/><T121/><D121/><U116/><E124/><V111/><F111/><W26/><G103/><T72/><D13/><U48/><E93/><V97/><F3/><W0/><G0/><T115/><D8/><U7/><E102/><V84/><F2/><W19/><G15/><T42/><D42/><U33/><E7/><N who="3" m="2602" /><G20/><T29/><D29/><N who="1" m="19647" /><E80/><V92/><F130/><N who="1" m="49705" /><E81/><V61/><F85/><W37/><G37/><T21/><D21/><U89/><E78/><V106/><F106/><W12/><G12/><T51/><D51/><U47/><E116/><V113/><F113/><W83/><G83/><T34/><D115/><U94/><E50/><V55/><F64/><W127/><G127/><T52/><D77/><U79/><E79/><V63/><F63/><W18/><G60/><T53/><REACH who="0" step="1"/><D72/><REACH who="0" ten="130,226,204,430" step="2"/><U41/><E117/><V40/><F40/><W57/><G45/><T109/><D109/><U69/><E47/><V11/><F14/><RYUUKYOKU ba="0,1" sc="130,15,226,-15,204,15,430,-15" hai0="32,34,35,39,43,46,52,53,66,70,99,100,104" hai2="9,11,55,58,61,84,86,90,91,92,95,97,98" owari="145,-35.0,211,-19.0,219,2.0,425,52.0" /></mjloggm>