<mjloggm ver="2.3"><GO type="169" lobby="0"/><UN n0="%E3%81%91%E3%82%93%31%39%37%30" n1="%E5%B0%B1%E6%B4%BB%E7%94%9F%40%E5%B7%9D%E6%9D%91%E8%BB%8D%E5%9B%A3" n2="%69%63%65%6D%61%6E%32" n3="%47%45%59%55" dan="16,17,16,16" rate="2143.99,2212.54,2125.62,2085.19" sx="M,M,M,M"/><TAIKYOKU oya="0"/><INIT seed="0,0,0,2,5,52" ten="250,250,250,250" oya="0" hai0="35,85,124,115,67,83,58,3,109,111,26,19,116" hai1="30,13,73,86,102,106,36,0,110,5,81,74,63" hai2="37,25,45,88,120,130,101,84,113,31,51,69,80" hai3="44,107,12,2,128,95,117,46,23,105,133,127,41"/><T97/><D115/><U59/><E110/><N who="0" m="41993" /><D116/><U20/><E36/><V16/><F69/><W131/><G117/><T38/><D38/><U121/><E121/><V70/><F70/><W122/><G2/><T129/><D3/><U125/><E125/><V126/><F113/><W39/><G127/><T28/><D124/><U90/><E0/><V103/><F37/><W100/><G46/><T104/><D129/><N who="3" m="49737" /><G133/><T54/><D67/><U96/><E5/><V62/><F120/><W32/><G32/><T112/><D19/><U89/><E90/><V7/><F7/><W75/><G75/><T66/><D66/><U108/><E108/><V14/><F130/><W15/><G122/><T64/><D64/><U71/><E71/><V87/><F62/><W11/><G23/><T77/><D112/><U132/><E132/><V1/><F1/><W24/><G24/><T61/><D97/><U98/><E96/><V68/><F68/><W91/><G15/><T17/><D17/><U65/><E13/><V40/><F126/><W22/><G22/><T123/><D123/><U82/><REACH who="1" step="1"/><E81/><REACH who="1" ten="250,240,250,250" step="2"/><N who="2" m="49167" /><F25/><AGARI ba="0,1" hai="20,25,30,59,63,65,73,74,82,86,89,98,102,106" machi="25" ten="40,2600,0" yaku="1,1,52,1,53,0" doraHai="52" doraHaiUra="114" who="1" fromWho="2" sc="250,0,240,36,250,-26,250,0" /><INIT seed="1,0,0,5,5,39" ten="250,276,224,250" oya="1" hai0="46,121,58,56,12,65,101,21,79,119,129,85,132" hai1="111,5,64,35,103,2,72,26,10,47,94,61,92" hai2="78,7,30,93,71,16,44,6,15,87,88,131,4" hai3="20,63,73,127,48,128,76,116,68,102,38,52,40"/><U9/><E72/><V110/><F71/><W60/><G102/><T98/><D119/><U24/><E111/><V28/><F110/><W49/><G76/><T117/><D117/><U125/><E125/><V90/><F131/><W104/><G104/><T67/><D129/><U99/><E35/><V108/><F108/><W82/><G82/><T107/><D132/><U27/><E10/><V43/><F90/><W17/><G73/><T54/><D121/><U66/><E66/><V74/><F74/><W89/><G116/><T97/><D97/><U95/><REACH who="1" step="1"/><E47/><REACH who="1" ten="250,266,224,250" step="2"/><V57/><F78/><W0/><G127/><T113/><D65/><U109/><E109/><V53/><F43/><W70/><G128/><T84/><D67/><U19/><E19/><V106/><F106/><W29/><G40/><T45/><D107/><U51/><E51/><N who="2" m="28903" /><F57/><AGARI ba="0,1" hai="2,5,9,24,26,27,57,61,64,92,94,95,99,103" machi="57" ten="40,3900,0" yaku="1,1,53,1" doraHai="39" doraHaiUra="59" who="1" fromWho="2" sc="250,0,266,49,224,-39,250,0" /><INIT seed="1,1,0,3,4,3" ten="250,315,185,250" oya="1" hai0="4,72,27,80,105,45,55,100,116,43,68,37,133" hai1="10,14,122,110,84,16,34,31,60,2,39,64,46" hai2="53,61,33,42,91,102,41,131,54,21,13,108,70" hai3="28,106,66,19,23,94,109,118,62,24,40,63,22"/><U74/><BYE who="2" /><E74/><V129/><F129/><W99/><G106/><UN n2="%69%63%65%6D%61%6E%32" /><T7/><D116/><U97/><E122/><V130/><F33/><W85/><G109/><T86/><D72/><U65/><E110/><V35/><F35/><W93/><G118/><T117/><D117/><U89/><E2/><V111/><F102/><W87/><G40/><N who="2" m="15465" /><F91/><N who="3" m="55743" /><G94/><T9/><D68/><U96/><E39/><V75/><F75/><W115/><G115/><T57/><D133/><U36/><E36/><V82/><F82/><W79/><G79/><T103/><D27/><U88/><E34/><V113/><F21/><W121/><G121/><T29/><D29/><U50/><E31/><V92/><F13/><N who="3" m="9583" /><G66/><N who="1" m="25706" /><E60/><AGARI ba="1,0" hai="23,24,28,60,62,63,85,87" m="9583,55743" machi="60" ten="30,1000,0" yaku="8,1" doraHai="3" who="3" fromWho="1" sc="250,0,315,-13,185,0,250,13" /><INIT seed="2,0,0,0,0,17" ten="250,302,185,263" oya="2" hai0="61,78,45,74,0,41,128,76,48,114,121,132,39" hai1="26,36,93,131,98,1,109,29,64,124,112,21,46" hai2="134,92,34,73,56,88,31,28,59,18,79,122,19" hai3="120,8,35,13,135,50,20,63,77,66,116,68,44"/><V84/><F122/><W97/><G116/><T99/><D114/><U5/><E112/><V53/><F134/><W83/><G35/><T100/><D121/><U49/><E131/><V52/><F73/><W82/><G120/><T81/><D128/><U47/><E124/><V25/><F79/><W54/><G135/><T106/><D78/><U94/><E109/><V3/><F3/><W130/><G130/><T117/><D132/><U51/><E36/><V42/><F42/><W67/><G66/><T95/><D48/><U71/><E71/><V111/><F111/><W7/><G77/><T9/><D61/><U55/><E64/><V60/><F28/><W85/><G85/><T16/><D95/><U62/><E62/><AGARI ba="0,0" hai="18,19,25,31,34,52,53,56,59,60,62,84,88,92" machi="62" ten="30,11600,0" yaku="7,1,9,1,54,2" doraHai="17" who="2" fromWho="1" sc="250,0,302,-116,185,116,263,0" /><INIT seed="2,1,0,1,0,134" ten="250,186,301,263" oya="2" hai0="65,69,26,112,57,84,129,135,101,56,58,111,99" hai1="108,12,106,61,52,31,103,5,107,89,123,30,121" hai2="22,70,24,109,118,14,9,46,6,88,113,19,119" hai3="53,116,71,2,95,16,90,120,42,105,36,102,15"/><V130/><F70/><W43/><G116/><T29/><D112/><U60/><E108/><V100/><F113/><W8/><G120/><N who="1" m="46154" /><E89/><V7/><F100/><W78/><G71/><T77/><D111/><U133/><E133/><V59/><F109/><W87/><G2/><T18/><D135/><U34/><E103/><V92/><F46/><W117/><G117/><T1/><D1/><U40/><E40/><V27/><F130/><W64/><G64/><T132/><D18/><U66/><E34/><V49/><F24/><W50/><G36/><T114/><D114/><U44/><E5/><V125/><F6/><W10/><G10/><T23/><D129/><U122/><E12/><V131/><F131/><W47/><REACH who="3" step="1"/><G78/><REACH who="3" ten="250,186,301,253" step="2"/><T21/><D132/><U85/><E122/><V3/><F3/><W63/><G63/><T76/><D76/><U104/><E61/><V4/><F118/><W33/><G33/><T91/><D77/><U96/><E66/><V0/><F119/><W110/><G110/><T25/><D69/><U41/><E60/><V54/><F0/><W86/><G86/><T28/><D65/><U73/><E85/><N who="2" m="52239" /><F7/><W72/><G72/><T11/><D11/><U126/><E73/><V67/><F67/><W124/><G124/><T82/><REACH who="0" step="1"/><D58/><REACH who="0" ten="240,186,301,253" step="2"/><U51/><E126/><V79/><F125/><W128/><G128/><T74/><D74/><U38/><E96/><AGARI ba="1,2" hai="8,15,16,42,43,47,50,53,87,90,95,96,102,105" machi="96" ten="40,2600,0" yaku="1,1,54,1,53,0" doraHai="134" doraHaiUra="127" who="3" fromWho="1" sc="240,0,186,-29,301,0,253,49" /><INIT seed="3,0,0,0,5,65" ten="240,157,301,302" oya="3" hai0="31,18,107,103,101,127,125,122,56,62,73,110,26" hai1="46,50,55,28,17,13,27,94,36,0,38,93,52" hai2="100,132,43,37,35,63,135,111,99,6,84,20,128" hai3="11,29,87,59,49,53,89,66,44,109,45,118,42"/><W134/><G118/><T69/><D122/><U83/><E0/><V33/><F6/><W82/><G134/><N who="2" m="51241" /><F111/><W74/><G109/><T78/><D110/><U124/><E124/><V67/><F84/><W8/><G66/><T81/><D18/><U72/><E38/><V19/><F43/><W113/><G113/><T98/><D103/><U131/><E36/><V120/><F37/><W23/><G74/><T116/><D116/><U32/><E131/><V106/><F128/><W2/><G2/><T130/><D130/><U34/><E34/><V61/><F61/><W77/><G77/><T126/><D56/><U3/><E3/><V41/><F41/><W119/><G119/><T64/><D125/><U70/><E70/><N who="2" m="42367" /><F120/><W54/><G42/><T86/><D86/><U105/><E105/><V7/><F7/><W123/><G123/><T39/><D39/><U48/><E83/><V71/><F71/><W24/><REACH who="3" step="1"/><G44/><REACH who="3" ten="240,157,301,292" step="2"/><T108/><D108/><U10/><REACH who="1" step="1"/><E72/><REACH who="1" ten="240,147,301,292" step="2"/><V121/><F121/><W92/><G92/><T12/><D127/><U90/><E90/><V51/><F35/><W40/><G40/><T129/><D126/><U85/><E85/><V9/><F33/><W15/><G15/><T114/><D129/><U96/><E96/><V79/><F79/><W47/><G47/><AGARI ba="0,2" hai="10,13,17,27,28,32,46,47,48,50,52,55,93,94" machi="47" ten="30,12000,2" yaku="1,1,7,1,9,1,54,1,53,2" doraHai="65" doraHaiUra="88" who="1" fromWho="3" sc="240,0,147,140,301,0,292,-120" /><INIT seed="4,0,0,3,2,20" ten="240,287,301,172" oya="0" hai0="69,61,89,19,126,80,66,79,107,33,18,99,78" hai1="97,103,9,132,27,72,17,124,15,10,29,67,41" hai2="4,119,51,100,102,11,98,12,130,56,94,14,125" hai3="23,36,83,87,91,135,32,134,2,30,123,129,81"/><T96/><D126/><U39/><E132/><N who="3" m="50730" /><G36/><T34/><D96/><U13/><E124/><V21/><F119/><W60/><G2/><T44/><D79/><U120/><E120/><V35/><F35/><W40/><G40/><T1/><D1/><U53/><E72/><V113/><F113/><W85/><G123/><T70/><D70/><U48/><E67/><V71/><F71/><W68/><G129/><T133/><D44/><U92/><E41/><V121/><F121/><W108/><G108/><T112/><D112/><U5/><E39/><V105/><F130/><W43/><G43/><T63/><D63/><U31/><REACH who="1" step="1"/><E27/><REACH who="1" ten="240,277,301,172" step="2"/><V128/><F125/><W26/><G68/><T54/><D133/><U131/><E131/><V24/><F128/><W28/><G60/><T42/><D42/><U73/><E73/><V8/><F105/><W82/><G87/><T110/><D107/><U106/><E106/><V0/><F0/><W77/><G77/><T93/><D110/><U64/><E64/><V59/><F51/><W6/><G6/><T25/><D54/><U95/><E95/><V127/><F127/><W57/><G57/><AGARI ba="0,1" hai="5,9,10,13,15,17,29,31,48,53,57,92,97,103" machi="57" ten="30,3900,0" yaku="1,1,7,1,8,1,53,0" doraHai="20" doraHaiUra="22" who="1" fromWho="3" sc="240,0,277,49,301,0,172,-39" /><INIT seed="5,0,0,1,1,130" ten="240,326,301,133" oya="1" hai0="121,110,21,28,83,81,38,58,3,80,43,89,98" hai1="78,87,32,74,90,100,50,64,10,51,17,88,41" hai2="72,5,37,92,35,129,114,30,93,9,133,0,70" hai3="103,55,66,109,24,40,60,102,44,14,8,52,39"/><U105/><E32/><V47/><F129/><W6/><G109/><T31/><D110/><U104/><E64/><V111/><F111/><W49/><G24/><T94/><D3/><U119/><E119/><V16/><F70/><W91/><G91/><T96/><D121/><U29/><E29/><V86/><F72/><W1/><G1/><T63/><D38/><U131/><E131/><V65/><F65/><W46/><REACH who="3" step="1"/><G55/><REACH who="3" ten="240,326,301,123" step="2"/><T23/><D31/><U15/><E90/><N who="2" m="53335" /><F30/><W106/><G106/><T53/><D28/><U57/><E104/><V62/><F35/><W123/><G123/><T71/><D43/><U84/><E105/><V135/><F114/><W20/><G20/><T128/><D128/><U45/><E100/><V26/><F26/><W25/><G25/><T7/><D23/><U132/><E78/><V107/><F107/><W22/><G22/><T85/><D21/><U118/><E118/><V99/><F0/><W18/><G18/><T73/><D7/><U67/><E88/><N who="2" m="55719" /><F5/><W113/><G113/><T116/><D116/><U101/><E17/><V69/><F16/><W19/><G19/><T75/><D98/><U77/><E101/><V124/><F9/><W2/><G2/><T13/><D13/><U36/><E77/><V95/><F95/><W97/><G97/><T54/><D54/><U120/><E15/><V76/><F76/><W11/><G11/><T61/><D96/><U42/><E120/><V82/><F82/><W127/><G127/><T115/><D115/><U34/><E10/><V27/><F124/><W117/><G117/><T48/><D80/><RYUUKYOKU ba="0,1" sc="240,-10,326,-10,301,-10,123,30" hai3="6,8,14,39,40,44,46,49,52,60,66,102,103" /><INIT seed="6,1,1,0,5,49" ten="230,316,291,153" oya="2" hai0="42,5,51,47,30,0,39,8,91,23,18,110,50" hai1="95,124,127,45,78,11,27,94,53,135,125,44,104" hai2="119,114,109,75,41,81,121,54,108,29,88,120,80" hai3="87,70,103,59,77,83,100,14,55,19,57,118,92"/><V111/><F41/><W2/><G118/><T97/><D110/><U115/><E104/><V60/><F29/><W112/><G70/><T12/><D30/><U89/><E115/><V90/><F119/><W63/><G2/><T71/><D71/><U24/><E135/><V33/><F33/><W72/><G112/><T76/><D91/><N who="2" m="34858" /><F114/><W86/><G72/><T1/><D97/><N who="1" m="57551" /><E78/><N who="2" m="44127" /><F81/><W4/><G4/><T61/><D61/><U37/><E95/><V99/><F99/><W102/><G87/><T67/><D67/><U130/><E130/><V105/><F105/><W48/><G92/><T10/><D76/><U34/><E34/><V58/><AGARI ba="1,1" hai="54,58,60,108,109,111,120,121" m="44127,34858" machi="58" ten="40,7800,0" yaku="10,1,52,1,54,1" doraHai="49" who="2" fromWho="2" sc="230,-27,316,-27,291,91,153,-27" /><INIT seed="6,2,0,0,4,83" ten="203,289,382,126" oya="2" hai0="114,13,72,101,125,65,15,0,35,7,115,88,26" hai1="73,24,99,57,4,74,132,59,107,10,123,38,25" hai2="130,49,64,82,37,61,67,62,90,120,46,45,36" hai3="124,39,94,134,30,60,2,100,87,53,81,5,66"/><V80/><F120/><W23/><G39/><T97/><D72/><U76/><E38/><N who="2" m="14955" /><F90/><W105/><G105/><T110/><D110/><U78/><E132/><V28/><F28/><W133/><G124/><T108/><D125/><U122/><E99/><V129/><F80/><W40/><G40/><T71/><D108/><U111/><E111/><V104/><F82/><W116/><G116/><T22/><D15/><U117/><E10/><V68/><F104/><W8/><G53/><T109/><D109/><U48/><E48/><V9/><F9/><W17/><G30/><T96/><D0/><U58/><E107/><V79/><F79/><N who="1" m="30249" /><E4/><V3/><F3/><W63/><G100/><T119/><D119/><U131/><E131/><N who="2" m="50187" /><F49/><W27/><G94/><T34/><D7/><U121/><E117/><V21/><F21/><W126/><G126/><T135/><D35/><U44/><E73/><V77/><F77/><W93/><G93/><T19/><D34/><U75/><E75/><V118/><F118/><W29/><G29/><T91/><D97/><U6/><E74/><V92/><F92/><W103/><G103/><T84/><D101/><U20/><E6/><V85/><F85/><W12/><G2/><T11/><D96/><U31/><E25/><V95/><F95/><W55/><G87/><T69/><D26/><U89/><E89/><V56/><AGARI ba="2,0" hai="45,46,56,61,62,64,67,68" m="50187,14955" machi="56" ten="30,6000,0" yaku="19,1,34,2" doraHai="83" who="2" fromWho="2" sc="203,-22,289,-22,382,66,126,-22" /><INIT seed="6,3,0,1,0,97" ten="181,267,448,104" oya="2" hai0="22,87,126,32,86,64,13,68,107,19,52,124,47" hai1="127,121,31,54,16,53,111,34,56,11,51,93,1" hai2="67,74,4,76,6,48,49,45,81,23,75,43,57" hai3="85,24,33,36,61,120,70,102,113,129,78,92,116"/><V44/><F23/><W15/><G116/><T101/><D32/><U135/><E111/><V26/><F26/><W98/><G120/><T20/><D64/><U134/><E127/><N who="0" m="48681" /><D68/><U30/><E121/><V104/><F104/><W80/><G129/><T27/><D107/><U123/><E123/><V7/><F75/><W39/><G113/><T9/><D22/><U71/><E71/><V37/><F37/><W100/><G100/><T73/><D73/><U95/><E1/><V91/><F91/><W46/><G46/><T84/><D101/><U132/><E54/><V103/><F103/><W94/><G94/><N who="1" m="35850" /><E34/><V3/><F57/><W106/><G92/><T66/><D66/><U79/><E79/><V25/><F67/><N who="3" m="41327" /><G15/><AGARI ba="3,0" hai="11,15,16,30,31,51,53,56,132,134,135" m="35850" machi="15" ten="40,2600,0" yaku="20,1,54,1" doraHai="97" who="1" fromWho="3" sc="181,0,267,35,448,0,104,-35" /><INIT seed="7,0,0,3,4,61" ten="181,302,448,69" oya="3" hai0="112,0,129,9,76,41,1,111,133,73,39,11,98" hai1="102,117,17,99,83,63,26,93,34,55,54,57,8" hai2="36,4,126,59,68,52,128,19,85,53,12,45,79" hai3="42,10,38,108,20,90,43,78,14,50,135,80,67"/><W132/><G38/><T116/><D116/><U74/><E117/><V118/><F118/><W40/><G108/><T120/><D120/><U105/><E105/><V60/><F4/><W115/><G115/><T46/><D111/><U121/><E121/><V37/><F126/><W100/><G100/><T131/><D112/><U127/><E127/><V84/><F128/><N who="0" m="49226" /><D133/><N who="3" m="51273" /><G20/><T23/><D23/><N who="1" m="13679" /><E102/><V56/><F68/><W92/><G50/><T7/><D98/><U104/><E34/><V16/><F79/><W122/><G122/><T6/><D76/><U114/><E74/><AGARI ba="0,0" hai="0,1,6,7,9,11,39,41,46,73,74" m="49226" machi="74" ten="30,2000,0" yaku="19,1,23,1" doraHai="61" who="0" fromWho="1" sc="181,20,302,-20,448,0,69,0" owari="201,-20.0,282,8.0,448,55.0,69,-43.0" /></mjloggm>