<mjloggm ver="2.3"><GO type="41" lobby="0"/><UN n0="%E5%B0%B1%E6%B4%BB%E7%94%9F%40%E5%B7%9D%E6%9D%91%E8%BB%8D%E5%9B%A3" n1="%6D%6F%6E%6F%2D%31%34" n2="%E3%82%BF%E3%83%9E%E3%83%8D%E3%82%AE" n3="%E3%81%9F%E3%82%93%E3%82%86%E3%81%86" dan="18,15,14,15" rate="2200.87,2000.26,2099.35,2009.00" sx="M,M,M,F"/><TAIKYOKU oya="0"/><INIT seed="0,0,0,2,1,17" ten="250,250,250,250" oya="0" hai0="106,28,50,107,70,98,43,79,69,84,96,75,86" hai1="65,126,111,127,100,40,58,116,60,39,6,5,19" hai2="37,0,105,131,125,114,104,30,26,130,9,67,108" hai3="103,7,48,44,113,55,92,1,47,27,49,45,110"/><T22/><D75/><U20/><E116/><V94/><F114/><W2/><G113/><T115/><D115/><U57/><E100/><V74/><F37/><W97/><G110/><T56/><D79/><U117/><E111/><V21/><F108/><W51/><G7/><T23/><D28/><U91/><E58/><V53/><F67/><W95/><G95/><T82/><D56/><U73/><E73/><V41/><F41/><W88/><G103/><T33/><D82/><U83/><E117/><V77/><F94/><W52/><REACH who="3" step="1"/><G27/><REACH who="3" ten="250,250,250,240" step="2"/><T134/><D134/><U31/><E6/><V124/><F26/><W89/><G89/><T81/><D81/><U38/><E5/><V4/><F4/><W46/><G46/><T14/><D14/><U119/><E91/><V121/><F0/><AGARI ba="0,1" hai="0,1,2,44,45,47,48,49,51,52,55,88,92,97" machi="0" ten="50,6400,0" yaku="1,1,54,2,53,0" doraHai="17" doraHaiUra="54" who="3" fromWho="2" sc="250,0,250,0,250,-64,240,74" /><INIT seed="1,0,0,4,0,107" ten="250,250,186,314" oya="1" hai0="85,134,83,42,35,6,41,133,77,95,115,21,61" hai1="120,29,90,58,135,66,55,106,44,25,104,64,26" hai2="96,10,88,67,68,81,9,117,92,49,123,130,11" hai3="79,125,124,36,70,40,53,119,47,91,103,63,34"/><U69/><E120/><V129/><F117/><W1/><G34/><T57/><D35/><U114/><E114/><V110/><F123/><W50/><G1/><T84/><D115/><U12/><E135/><N who="0" m="51721" /><D6/><U17/><E106/><V54/><F110/><W15/><G103/><T132/><D21/><N who="1" m="15535" /><E104/><V127/><F127/><N who="3" m="48715" /><G91/><N who="0" m="53735" /><D132/><U112/><E69/><V28/><F28/><W38/><G15/><T37/><D37/><N who="3" m="14441" /><G79/><T3/><D3/><U20/><E44/><V76/><F67/><AGARI ba="0,0" hai="41,42,57,61,67,77,83,85" m="53735,51721" machi="67" ten="30,1000,0" yaku="20,1" doraHai="107" who="0" fromWho="2" sc="250,10,250,0,186,-10,314,0" /><INIT seed="2,0,0,2,2,14" ten="260,250,176,314" oya="2" hai0="35,116,26,123,98,119,129,94,4,49,55,41,111" hai1="38,73,127,39,124,128,122,46,100,108,93,28,27" hai2="118,59,10,52,6,68,0,84,71,53,81,126,62" hai3="64,66,57,82,43,34,77,134,45,17,18,60,21"/><V113/><F126/><N who="1" m="48169" /><E73/><V48/><F118/><N who="0" m="45098" /><D123/><U42/><E108/><V117/><F113/><W13/><G34/><T90/><D129/><U61/><E61/><V96/><F96/><W78/><G134/><T115/><D115/><U12/><E128/><V106/><F106/><W47/><G66/><T70/><D70/><U114/><E114/><V103/><F103/><W109/><G109/><T105/><D111/><U89/><E12/><V65/><F117/><W5/><G5/><T2/><D41/><U56/><E56/><V33/><F33/><W72/><G77/><T58/><D105/><U85/><E100/><V95/><F95/><W120/><G120/><T83/><D83/><U22/><E122/><V11/><F11/><W87/><G72/><T15/><D2/><U76/><E76/><V121/><F121/><W25/><G43/><T74/><D74/><U86/><E85/><V31/><F31/><W32/><G32/><T30/><D15/><U36/><AGARI ba="0,0" hai="22,27,28,36,38,39,42,46,86,89,93" m="48169" machi="36" ten="30,1100,0" yaku="18,1" doraHai="14" who="1" fromWho="1" sc="260,-3,250,11,176,-5,314,-3" /><INIT seed="3,0,0,1,0,81" ten="257,261,171,311" oya="3" hai0="108,90,130,21,57,104,83,87,61,55,9,135,43" hai1="84,3,4,88,23,100,125,69,121,49,7,74,113" hai2="46,79,53,133,27,44,31,94,34,50,76,111,42" hai3="120,106,109,37,85,123,132,93,47,72,32,13,75"/><W64/><G32/><T60/><D104/><U18/><E69/><V38/><F111/><W112/><G64/><T0/><D108/><U105/><E74/><V119/><F119/><W28/><G109/><T62/><D130/><U35/><E35/><V5/><F133/><W80/><G28/><T58/><D135/><U102/><E113/><V12/><F5/><N who="1" m="2121" /><E105/><V134/><F134/><W14/><G132/><T66/><D0/><U67/><E67/><V128/><F128/><W41/><G106/><T36/><D9/><U118/><E121/><V126/><F126/><W122/><G93/><T101/><D101/><U114/><E114/><V99/><REACH who="2" step="1"/><F12/><REACH who="2" ten="257,261,161,311" step="2"/><W103/><G112/><T11/><D11/><U6/><N who="1" m="2129" /><U52/><DORA hai="1" /><E125/><V54/><F54/><W20/><G14/><T71/><D55/><U33/><E118/><V22/><F22/><W97/><G13/><T78/><D21/><U116/><E33/><V127/><F127/><W51/><G20/><T39/><D43/><U82/><E116/><V45/><F45/><W92/><REACH who="3" step="1"/><G37/><REACH who="3" ten="257,261,161,301" step="2"/><T117/><D36/><U96/><E3/><V131/><F131/><W15/><G15/><T29/><D39/><U107/><E107/><V98/><F98/><W30/><G30/><T124/><D29/><U19/><E96/><V129/><F129/><W91/><AGARI ba="0,2" hai="41,47,51,72,75,80,85,91,92,97,103,120,122,123" machi="91" ten="30,12000,1" yaku="1,1,0,1,52,1,53,2" doraHai="81,1" doraHaiUra="95,40" who="3" fromWho="3" sc="257,-40,261,-40,161,-40,301,140" /><INIT seed="3,1,0,2,5,56" ten="217,221,121,441" oya="3" hai0="27,71,0,99,53,91,37,46,12,123,35,51,22" hai1="130,96,43,72,88,125,44,128,55,4,61,13,54" hai2="64,36,82,15,119,34,42,78,107,133,8,118,47" hai3="131,77,59,104,60,94,9,98,65,50,29,32,33"/><W70/><G131/><N who="1" m="50218" /><E72/><V90/><F133/><W45/><G77/><T58/><D0/><U126/><E55/><V73/><F34/><W74/><G74/><T1/><D1/><U63/><E54/><V18/><F107/><W2/><G104/><T5/><D123/><U86/><E96/><V6/><F90/><W79/><G79/><T111/><D71/><U69/><E69/><V40/><F40/><W116/><G70/><T93/><D35/><U81/><E4/><V23/><REACH who="2" step="1"/><F64/><REACH who="2" ten="217,221,111,441" step="2"/><W28/><G32/><T109/><D109/><U16/><E126/><V120/><F120/><W121/><G33/><T20/><D111/><U106/><E125/><V115/><F115/><W84/><G121/><T7/><D37/><N who="1" m="21615" /><E106/><V67/><F67/><W62/><G65/><T113/><D113/><U24/><E24/><AGARI ba="1,1" hai="6,8,15,18,23,24,36,42,47,73,78,82,118,119" machi="24" ten="30,3900,0" yaku="1,1,7,1,53,1" doraHai="56" doraHaiUra="76" who="2" fromWho="1" sc="217,0,221,-42,111,52,441,0" /><INIT seed="4,0,0,0,4,88" ten="217,179,163,441" oya="0" hai0="132,37,57,113,79,45,11,62,54,105,110,4,133" hai1="97,118,56,58,46,22,25,107,124,108,66,10,7" hai2="67,52,101,29,85,30,21,82,103,102,59,78,119" hai3="84,44,2,98,87,3,17,128,28,121,120,64,109"/><T33/><D105/><U89/><E108/><V100/><F119/><W117/><G109/><T42/><D33/><U129/><E129/><V70/><N who="2" m="26112" /><DORA hai="47" /><V20/><F67/><W135/><G117/><T43/><D110/><U115/><E107/><V41/><F70/><W35/><G98/><T49/><D113/><U91/><E91/><V81/><F41/><W0/><G128/><T130/><D130/><U26/><E115/><V60/><F82/><W18/><G64/><T5/><D79/><U61/><E26/><V32/><F32/><W126/><G28/><AGARI ba="0,0" hai="20,21,28,29,30,52,59,60,78,81,85" m="26112" machi="28" ten="50,3200,0" yaku="8,1,54,1" doraHai="88,47" who="2" fromWho="3" sc="217,0,179,0,163,32,441,-32" /><INIT seed="5,0,0,4,0,17" ten="217,179,195,409" oya="1" hai0="55,6,13,97,107,86,135,115,104,78,117,119,102" hai1="76,77,36,9,3,22,122,118,93,15,64,98,25" hai2="134,1,113,63,21,24,111,35,106,71,128,66,75" hai3="103,120,26,52,4,48,92,116,16,127,10,29,47"/><U87/><E3/><V11/><RYUUKYOKU type="yao9" ba="0,0" sc="217,0,179,0,195,0,409,0" hai2="1,11,21,24,35,63,66,71,75,106,111,113,128,134" /><INIT seed="5,1,0,2,2,96" ten="217,179,195,409" oya="1" hai0="88,126,14,27,107,54,37,3,52,108,29,81,38" hai1="131,104,46,9,4,121,94,62,22,60,115,86,56" hai2="109,21,20,6,44,97,90,68,73,16,89,12,85" hai3="53,8,80,1,33,13,98,39,113,63,119,18,82"/><U70/><E104/><V5/><F109/><W71/><G39/><T19/><D3/><U51/><E121/><V58/><F68/><W28/><G113/><T61/><D107/><U34/><E34/><V40/><F73/><W35/><G35/><T66/><D108/><U128/><E70/><V87/><F97/><W129/><G129/><T45/><D126/><U93/><E22/><V0/><F0/><W74/><G74/><T110/><D110/><U79/><E62/><V135/><F135/><W49/><G1/><T30/><D38/><U112/><E79/><V65/><F20/><W15/><G13/><T36/><D36/><U100/><E86/><N who="2" m="32779" /><F58/><W42/><G42/><T105/><D105/><U83/><E83/><V26/><F65/><W24/><G119/><T95/><D81/><U132/><E94/><V77/><F77/><W102/><G63/><T10/><D37/><U2/><E132/><V69/><F69/><W41/><G71/><T111/><D111/><U55/><E115/><V23/><F5/><W134/><G41/><T32/><D30/><U125/><E112/><V50/><F6/><W75/><G75/><T116/><D45/><U25/><E25/><V122/><F122/><W120/><G120/><T47/><D47/><U118/><E125/><V127/><F127/><W133/><G134/><T123/><D123/><U99/><REACH who="1" step="1"/><E118/><REACH who="1" ten="217,169,195,409" step="2"/><V114/><F114/><W91/><G133/><T76/><D76/><U43/><AGARI ba="1,1" hai="2,4,9,43,46,51,55,56,60,93,99,100,128,131" machi="43" ten="30,11700,0" yaku="1,1,2,1,0,1,52,1,53,0" doraHai="96" doraHaiUra="17" who="1" fromWho="1" sc="217,-40,169,130,195,-40,409,-40" /><INIT seed="5,2,0,3,4,38" ten="177,299,155,369" oya="1" hai0="57,23,4,52,42,34,70,117,45,135,3,65,69" hai1="108,30,113,71,20,50,76,85,124,80,51,48,22" hai2="54,37,24,10,28,36,74,56,81,67,19,107,125" hai3="13,105,33,83,46,15,9,29,95,55,101,111,27"/><U134/><E71/><V2/><F67/><W92/><G111/><T31/><D117/><U66/><E113/><V88/><F107/><W72/><G15/><T103/><D34/><U44/><E134/><V43/><F125/><W109/><G109/><T17/><D135/><U99/><E124/><V133/><F133/><W25/><G25/><T12/><D103/><U116/><E66/><V115/><F115/><W93/><G105/><T41/><D31/><U5/><E116/><V89/><F37/><W128/><G128/><T100/><D100/><U35/><E99/><V119/><F119/><W64/><G64/><T126/><D126/><U61/><E61/><V120/><F120/><W6/><G101/><T114/><D114/><U78/><E5/><N who="2" m="1335" /><F19/><W14/><G14/><T94/><D94/><U102/><E102/><V62/><F24/><W8/><G8/><T82/><D82/><U68/><E68/><V7/><F28/><W47/><G55/><T96/><D96/><U122/><E122/><V132/><F7/><W0/><G0/><T21/><D69/><U127/><E30/><V130/><F130/><W86/><G72/><T40/><D70/><U110/><E35/><V104/><F104/><W79/><AGARI ba="2,0" hai="6,9,13,27,29,33,46,47,79,83,86,92,93,95" machi="79" ten="30,1100,0" yaku="0,1" doraHai="38" who="3" fromWho="3" sc="177,-5,299,-7,155,-5,369,17" /><INIT seed="6,0,0,2,1,43" ten="172,292,150,386" oya="2" hai0="71,100,53,109,123,48,64,110,9,82,95,20,98" hai1="75,127,101,89,47,91,45,3,62,117,74,46,130" hai2="125,134,38,56,72,50,116,2,120,80,88,70,10" hai3="126,133,132,17,73,68,44,27,114,90,41,58,106"/><V30/><F116/><W87/><G68/><T8/><D123/><U25/><E117/><V92/><F120/><W59/><G73/><N who="1" m="27658" /><E25/><V35/><F70/><W21/><G106/><T63/><D82/><U105/><E62/><V12/><F2/><W84/><G126/><T52/><D53/><U119/><E119/><V97/><F125/><W55/><G55/><T18/><D109/><U93/><E105/><V107/><F38/><N who="3" m="21559" /><G87/><T54/><D54/><U112/><E93/><V60/><F134/><N who="3" m="51819" /><G114/><T28/><D28/><U118/><E118/><V81/><F107/><W4/><G4/><T24/><REACH who="0" step="1"/><D110/><REACH who="0" ten="162,292,150,386" step="2"/><U13/><E127/><V14/><F30/><W108/><G108/><T42/><D42/><U65/><E112/><V111/><F111/><W115/><G115/><T131/><D131/><U129/><E65/><N who="2" m="39047" /><F35/><W78/><G78/><T40/><D40/><U128/><E3/><V33/><F33/><W102/><G102/><T135/><D135/><U5/><E101/><V122/><F122/><W57/><G59/><AGARI ba="0,1" hai="8,9,18,20,24,48,52,59,63,64,71,95,98,100" machi="59" ten="30,3900,0" yaku="1,1,7,1,54,1,53,0" doraHai="43" doraHaiUra="29" who="0" fromWho="3" sc="162,49,292,0,150,0,386,-39" /><INIT seed="7,0,0,2,0,111" ten="211,292,150,347" oya="3" hai0="17,105,97,123,34,67,27,3,118,134,20,47,94" hai1="109,130,59,125,110,128,64,39,85,61,2,131,69" hai2="60,103,6,126,65,35,66,89,8,11,5,86,90" hai3="108,121,31,52,107,92,36,96,32,104,57,55,114"/><W0/><G0/><T75/><D123/><U21/><E2/><V10/><F126/><W28/><G36/><T68/><D118/><U50/><E85/><V30/><F103/><W56/><G32/><T19/><D105/><U44/><E21/><V38/><F38/><W106/><G121/><T1/><D75/><U76/><E76/><V53/><F35/><W12/><G12/><T79/><D79/><U41/><E125/><V49/><F30/><W45/><G45/><T62/><D134/><U95/><E95/><V14/><F60/><W101/><G108/><N who="1" m="41578" /><E39/><V113/><F113/><W73/><G114/><T15/><D47/><U4/><E4/><V29/><F29/><W88/><G73/><T127/><D127/><U63/><E63/><V46/><F10/><W58/><G101/><T116/><D116/><U71/><AGARI ba="0,0" hai="41,44,50,59,61,64,69,71,128,130,131" m="41578" machi="71" ten="40,5200,0" yaku="19,1,34,2" doraHai="111" who="1" fromWho="1" sc="211,-13,292,52,150,-13,347,-26" owari="198,-20.0,344,44.0,137,-36.0,321,12.0" /></mjloggm>