<mjloggm ver="2.3"><GO type="169" lobby="0"/><UN n0="%E3%83%8B%E3%83%A3%E3%83%83%E3%83%94%E3%83%BC%E5%A4%8F%E7%9B%AE" n1="%E5%B0%B1%E6%B4%BB%E7%94%9F%40%E5%B7%9D%E6%9D%91%E8%BB%8D%E5%9B%A3" n2="%E3%81%8F%E3%82%89%E3%81%BE%E3%82%82%E3%82%93" n3="%E3%81%A1%E3%82%83%E3%81%93%E3%81%93" dan="18,17,16,17" rate="2175.49,2181.93,2056.89,2146.21" sx="M,M,M,F"/><TAIKYOKU oya="0"/><INIT seed="0,0,0,2,1,125" ten="250,250,250,250" oya="0" hai0="51,130,96,33,7,64,3,58,70,25,48,17,28" hai1="36,5,20,22,69,10,56,49,109,53,118,43,90" hai2="38,45,39,32,126,35,21,44,8,71,100,97,83" hai3="112,65,121,129,108,55,91,89,30,99,6,40,16"/><T74/><D74/><U26/><E118/><V133/><F71/><W95/><G121/><T15/><D70/><U9/><E109/><V128/><F83/><W86/><G108/><T124/><D124/><U75/><E75/><V23/><F8/><W67/><G112/><T135/><D135/><U111/><E111/><V12/><F12/><W132/><G132/><T18/><D18/><U31/><E69/><V113/><F97/><W66/><G129/><T85/><D96/><U117/><E117/><V115/><F100/><W50/><G40/><T105/><D105/><U37/><E43/><V11/><F11/><W102/><G30/><T73/><D73/><U72/><E72/><V94/><F94/><W76/><G6/><T61/><D130/><U62/><E49/><V98/><F98/><W84/><G16/><T114/><D114/><U93/><E22/><V122/><F133/><W60/><G60/><T107/><D107/><U79/><E79/><V88/><F126/><W42/><G42/><T52/><D64/><U19/><E31/><V2/><F2/><W0/><G0/><T92/><D7/><U41/><E41/><V1/><F1/><W46/><G76/><T54/><D54/><U24/><E24/><V82/><F128/><W77/><G77/><T81/><D92/><U131/><E131/><V103/><F122/><W134/><G134/><T13/><D3/><N who="1" m="191" /><E10/><V80/><F103/><W47/><G47/><T104/><D104/><U29/><E29/><V78/><F78/><W27/><G27/><T57/><D17/><U116/><E116/><V87/><F87/><AGARI ba="0,0" hai="46,50,55,65,66,67,84,86,87,89,91,95,99,102" machi="87" ten="40,2600,0" yaku="6,1,8,1" doraHai="125" who="3" fromWho="2" sc="250,0,250,0,250,-26,250,26" /><AGARI ba="0,0" hai="19,20,26,36,37,53,56,62,87,90,93" m="191" machi="87" ten="30,1000,0" yaku="6,1" doraHai="125" who="1" fromWho="2" sc="250,0,250,10,224,-10,276,0" /><INIT seed="1,0,0,1,0,24" ten="250,260,214,276" oya="1" hai0="28,104,129,55,69,117,119,53,115,126,95,114,31" hai1="58,83,21,5,16,67,120,70,63,8,1,44,125" hai2="74,108,134,101,96,37,112,80,110,0,61,81,121" hai3="33,49,86,105,22,41,116,65,92,3,10,29,94"/><U35/><E120/><V2/><F37/><W93/><G105/><T109/><D104/><U89/><E35/><V6/><F121/><W36/><G116/><N who="0" m="44619" /><D95/><U133/><E125/><V7/><F134/><W60/><G36/><T76/><D76/><U14/><E133/><V51/><F112/><N who="0" m="43050" /><D126/><U128/><E128/><V66/><F51/><W13/><G33/><T124/><D124/><U54/><E44/><V100/><F74/><W78/><G3/><T127/><D127/><U84/><REACH who="1" step="1"/><E70/><REACH who="1" ten="250,250,214,276" step="2"/><V15/><F108/><W62/><G41/><T12/><D69/><U130/><E130/><V40/><F40/><W118/><G118/><T34/><D129/><U26/><E26/><V107/><F110/><W88/><G78/><T45/><D34/><U57/><E57/><V9/><F2/><W18/><G65/><AGARI ba="0,1" hai="1,5,8,14,16,21,54,58,63,65,67,83,84,89" machi="65" ten="40,3900,0" yaku="1,1,54,1,53,0" doraHai="24" doraHaiUra="132" who="1" fromWho="3" sc="250,0,250,49,214,0,276,-39" /><INIT seed="1,1,0,4,1,65" ten="250,299,214,237" oya="1" hai0="71,28,11,56,13,85,17,16,83,89,20,62,91" hai1="43,75,23,77,52,119,115,50,88,101,49,98,130" hai2="19,87,128,118,60,67,30,22,96,27,31,8,127" hai3="18,58,74,14,97,112,81,33,122,15,82,107,72"/><U76/><E119/><V133/><F118/><W6/><G33/><T26/><D71/><U25/><E115/><V92/><F133/><W73/><G112/><T55/><REACH who="0" step="1"/><D91/><REACH who="0" ten="240,299,214,237" step="2"/><U131/><E131/><V123/><F123/><W3/><G122/><T45/><D45/><N who="1" m="25791" /><E75/><V105/><F128/><W114/><G114/><T29/><AGARI ba="1,1" hai="11,13,16,17,20,26,28,29,55,56,62,83,85,89" machi="29" ten="30,7900,0" yaku="1,1,0,1,8,1,54,1,53,0" doraHai="65" doraHaiUra="106" who="0" fromWho="0" sc="240,92,299,-40,214,-21,237,-21" /><INIT seed="2,0,0,5,0,66" ten="332,259,193,216" oya="2" hai0="111,49,24,48,92,27,98,53,76,109,65,46,123" hai1="50,18,17,88,107,121,40,81,114,93,85,77,116" hai2="41,57,9,90,36,106,55,69,91,131,70,96,129" hai3="117,120,101,119,23,11,25,130,105,59,38,33,63"/><V86/><F9/><W108/><G108/><N who="0" m="41547" /><D123/><U87/><E116/><V3/><F3/><W12/><G38/><T22/><D76/><U13/><E114/><V71/><F41/><W84/><G130/><N who="2" m="49673" /><F36/><W83/><G120/><T94/><D65/><U61/><E121/><V128/><N who="2" m="49681" /><V35/><DORA hai="103" /><F35/><W19/><G33/><T67/><D67/><U60/><E107/><V115/><F115/><W113/><G105/><T68/><D68/><U5/><E5/><V54/><F54/><W132/><G132/><T14/><D48/><U6/><E6/><V43/><F43/><W126/><G126/><T100/><D92/><U80/><E80/><V127/><F127/><W20/><G20/><T7/><D22/><U97/><E97/><V112/><F112/><W45/><G101/><T15/><D7/><U82/><E82/><V72/><F72/><W28/><G45/><T56/><D46/><N who="1" m="25927" /><E18/><V10/><F10/><AGARI ba="0,0" hai="10,13,17,60,61,77,81,85,87,88,93" m="25927" machi="10" ten="30,2000,0" yaku="8,1,54,1" doraHai="66,103" who="1" fromWho="2" sc="332,0,259,20,193,-20,216,0" /><INIT seed="3,0,0,4,3,46" ten="332,279,173,216" oya="3" hai0="43,85,34,107,81,117,91,19,76,72,27,18,83" hai1="102,97,5,89,56,123,86,98,92,126,132,30,16" hai2="67,3,120,38,78,49,48,77,37,104,0,45,108" hai3="79,4,121,73,61,9,109,75,63,128,15,1,122"/><W127/><G127/><T93/><D117/><U95/><E95/><V118/><F104/><W26/><G128/><T58/><D107/><U69/><E69/><V62/><F118/><W13/><G75/><T20/><D34/><U115/><E115/><V112/><F112/><W124/><G73/><T84/><D43/><U100/><E123/><N who="3" m="47114" /><G79/><T53/><D72/><U14/><E30/><V44/><F120/><W82/><G82/><T28/><REACH who="0" step="1"/><D83/><REACH who="0" ten="322,279,173,216" step="2"/><U125/><E125/><V40/><F108/><W51/><G124/><T23/><D23/><U66/><E126/><V12/><F38/><W32/><G32/><T6/><D6/><U22/><E5/><V101/><F37/><W113/><G109/><T105/><D105/><U47/><E132/><V52/><F101/><W70/><G113/><T54/><D54/><U41/><E102/><V94/><F94/><W99/><G4/><T33/><D33/><U57/><E100/><V8/><F3/><W39/><G1/><T65/><D65/><U21/><E21/><V24/><F0/><W130/><G39/><T2/><D2/><U59/><E66/><V96/><F67/><W87/><G130/><T134/><D134/><U133/><E133/><V129/><F129/><W17/><G9/><T71/><D71/><U11/><E22/><V135/><F135/><W50/><G70/><T119/><D119/><U64/><E64/><V74/><F74/><W25/><G25/><T103/><D103/><U7/><E7/><V111/><F24/><W42/><G26/><T90/><D90/><U80/><E80/><V31/><F111/><RYUUKYOKU ba="0,1" sc="322,15,279,15,173,-15,216,-15" hai0="18,19,20,27,28,53,58,76,81,84,85,91,93" hai1="11,14,16,41,47,56,57,59,86,89,92,97,98" /><INIT seed="4,1,1,2,0,91" ten="337,294,158,201" oya="0" hai0="98,103,10,55,78,47,106,119,62,108,60,27,111" hai1="18,80,109,61,135,70,19,0,45,8,92,66,39" hai2="49,116,87,56,50,115,15,117,134,30,127,24,100" hai3="36,73,9,74,51,86,46,90,28,120,79,43,102"/><T34/><D119/><N who="2" m="45642" /><F115/><W65/><G65/><T114/><D114/><U130/><E109/><N who="0" m="42057" /><D78/><U42/><E135/><V12/><F134/><W131/><G131/><T133/><D133/><U54/><E130/><V72/><F72/><W83/><G120/><T35/><D10/><U64/><E64/><V21/><F127/><W112/><G102/><T118/><D118/><U11/><E80/><V88/><F100/><W101/><G101/><T132/><D132/><U69/><E69/><V2/><F2/><W110/><G110/><T113/><D113/><U77/><E77/><V22/><F56/><W121/><G112/><T67/><D27/><U31/><E31/><V6/><F6/><W40/><G28/><T41/><D55/><U82/><E82/><N who="2" m="49271" /><F22/><W37/><G121/><T33/><D67/><U14/><E0/><V59/><F59/><W76/><G9/><T68/><D68/><U81/><E81/><V107/><F107/><W53/><G40/><T94/><D106/><U29/><E29/><V13/><AGARI ba="1,1" hai="12,13,15,21,24,30,49,50" m="49271,45642" machi="13" ten="30,2000,0" yaku="12,1,54,1" doraHai="91" who="2" fromWho="2" sc="337,-11,294,-6,158,33,201,-6" /><INIT seed="5,0,0,4,2,82" ten="326,288,191,195" oya="1" hai0="17,32,90,77,93,5,60,45,84,35,72,29,97" hai1="54,100,20,25,39,37,134,124,7,22,46,69,36" hai2="74,115,3,71,63,61,34,88,81,127,112,40,130" hai3="105,67,27,96,117,92,13,128,38,42,89,106,33"/><U58/><E69/><V16/><F34/><W55/><G67/><T101/><D29/><U83/><E134/><V62/><F3/><W0/><G0/><T64/><D5/><U56/><E124/><V23/><F130/><W49/><G128/><T4/><D4/><U126/><E126/><V47/><F127/><W87/><G117/><T131/><D131/><U12/><E100/><V113/><F71/><W11/><G42/><T24/><D45/><U52/><E46/><V76/><F88/><N who="3" m="55303" /><G38/><T68/><D17/><U53/><E83/><V6/><F6/><N who="3" m="3319" /><G33/><T26/><D32/><U104/><E104/><V102/><F102/><W91/><G91/><T114/><D114/><U8/><REACH who="1" step="1"/><E22/><REACH who="1" ten="326,278,191,195" step="2"/><V132/><F132/><W122/><G105/><N who="0" m="63663" /><D35/><U1/><E1/><V57/><F47/><N who="3" m="28095" /><G106/><T2/><D2/><U133/><E133/><V50/><F40/><W48/><G122/><T116/><D116/><U111/><E111/><V14/><F57/><W109/><G109/><T75/><D68/><U15/><E15/><V78/><F78/><W85/><G27/><T59/><D24/><U9/><E9/><V86/><F74/><W30/><G30/><AGARI ba="0,1" hai="7,8,12,20,25,30,36,37,39,52,53,54,56,58" machi="30" ten="50,4800,0" yaku="1,1,54,1,53,0" doraHai="82" doraHaiUra="43" who="1" fromWho="3" sc="326,0,278,58,191,0,195,-48" /><INIT seed="5,1,0,3,3,114" ten="326,336,191,147" oya="1" hai0="71,85,120,30,82,27,22,12,31,79,38,36,17" hai1="118,101,108,127,33,20,0,53,11,132,77,117,124" hai2="70,69,2,96,130,29,83,93,55,113,57,54,105" hai3="86,40,47,15,92,62,19,61,87,18,95,112,52"/><U119/><E33/><V67/><F105/><W6/><G112/><T39/><D71/><U66/><E108/><V76/><F2/><W135/><G135/><T91/><D120/><U21/><E132/><V94/><F113/><W81/><G6/><T72/><REACH who="0" step="1"/><D27/><REACH who="0" ten="316,336,191,147" step="2"/><U45/><E101/><V28/><F70/><W23/><G87/><T13/><D13/><U3/><E77/><V48/><F69/><W123/><G123/><T100/><D100/><U24/><E66/><V58/><F76/><W64/><G64/><T73/><D73/><U5/><E0/><V89/><F67/><W121/><G121/><T104/><D104/><U8/><E8/><V60/><F130/><W9/><G61/><T50/><D50/><N who="1" m="28879" /><E24/><V103/><REACH who="2" step="1"/><F83/><AGARI ba="1,1" hai="12,17,22,30,31,36,38,39,72,79,82,83,85,91" machi="83" ten="40,2600,0" yaku="1,1,53,1" doraHai="114" doraHaiUra="80" who="0" fromWho="2" sc="316,39,336,0,191,-29,147,0" /><INIT seed="6,0,0,1,0,35" ten="355,336,162,147" oya="2" hai0="61,81,103,113,91,102,13,69,73,5,67,132,59" hai1="24,83,97,133,79,47,122,19,4,94,115,60,130" hai2="74,87,15,37,30,123,134,14,9,128,117,93,54" hai3="88,104,108,111,125,116,32,96,100,25,57,80,92"/><V77/><F37/><W114/><G116/><T23/><D113/><U48/><E122/><V105/><F117/><W45/><G45/><T131/><D131/><U26/><E115/><V17/><F123/><W119/><G119/><T90/><D132/><U56/><E130/><V82/><F134/><W29/><G114/><T49/><D73/><U31/><E4/><V55/><F128/><W62/><G80/><T84/><D69/><U8/><E133/><V51/><F105/><W118/><G125/><T34/><D34/><U58/><E8/><V7/><F30/><W10/><G10/><N who="0" m="4303" /><D49/><U120/><E19/><V101/><F51/><W12/><G12/><T107/><D107/><U95/><E95/><V98/><REACH who="2" step="1"/><F74/><REACH who="2" ten="355,336,152,147" step="2"/><W11/><G118/><T40/><D40/><N who="1" m="24679" /><E31/><V33/><F33/><W39/><G39/><T109/><D109/><U1/><E120/><V135/><F135/><W71/><G111/><T68/><D61/><U22/><E60/><V36/><F36/><W3/><G108/><T27/><D68/><U121/><E121/><V75/><F75/><W66/><G71/><T124/><D124/><U86/><E58/><V20/><AGARI ba="0,1" hai="7,9,14,15,17,20,54,55,77,82,87,93,98,101" machi="20" ten="20,7800,0" yaku="1,1,0,1,7,1,8,1,53,0" doraHai="35" doraHaiUra="46" who="2" fromWho="2" sc="355,-26,336,-26,152,88,147,-26" /><INIT seed="6,1,0,2,4,121" ten="329,310,240,121" oya="2" hai0="69,59,56,117,118,75,105,98,96,39,60,6,119" hai1="3,88,24,47,114,17,32,16,127,44,70,41,65" hai2="80,74,37,123,83,13,28,93,31,46,9,79,68" hai3="66,81,134,7,5,8,10,55,92,130,72,126,128"/><V89/><F68/><W4/><G66/><N who="0" m="41159" /><D75/><U58/><E3/><V103/><F123/><W42/><G42/><T135/><D39/><U122/><E70/><V36/><F103/><W113/><G113/><T104/><D6/><U102/><E102/><V115/><F83/><W106/><G106/><N who="0" m="41067" /><D135/><U43/><E127/><V54/><F115/><W120/><G126/><T61/><D56/><U23/><E32/><V30/><F54/><AGARI ba="1,0" hai="54,59,61,96,98,117,118,119" m="41067,41159" machi="54" ten="40,1300,0" yaku="12,1" doraHai="121" who="0" fromWho="2" sc="329,16,310,0,240,-16,121,0" /><INIT seed="7,0,0,1,4,71" ten="345,310,224,121" oya="3" hai0="77,45,96,64,53,39,27,38,42,91,111,94,13" hai1="19,8,15,58,17,50,135,69,31,102,56,66,104" hai2="59,47,124,65,54,23,97,73,82,81,78,26,49" hai3="125,16,48,95,128,103,24,70,105,134,87,75,35"/><W120/><G70/><T101/><D111/><U123/><E123/><V121/><F124/><W37/><G120/><T68/><D77/><U3/><E135/><V129/><F129/><W63/><G75/><T112/><D112/><U85/><E3/><V130/><F130/><W18/><G128/><T34/><D53/><U113/><E113/><V29/><F121/><W118/><G118/><T12/><D39/><U40/><E31/><V110/><F110/><W41/><G134/><T1/><D1/><U133/><E133/><V72/><F97/><N who="3" m="61679" /><G48/><T92/><D34/><U109/><E109/><V30/><F30/><N who="3" m="19911" /><G125/><T51/><D27/><U106/><E69/><V131/><F131/><W22/><G22/><T32/><D32/><U98/><E106/><V86/><F65/><W57/><G87/><T20/><D20/><U28/><E28/><V76/><REACH who="2" step="1"/><F86/><REACH who="2" ten="345,310,214,121" step="2"/><W117/><G117/><T107/><D64/><U79/><E66/><V10/><F10/><W4/><G4/><T43/><D68/><U14/><E85/><V127/><F127/><W88/><G57/><AGARI ba="0,1" hai="23,26,29,47,49,54,57,59,72,73,76,78,81,82" machi="57" ten="40,5200,0" yaku="1,1,9,1,53,1" doraHai="71" doraHaiUra="44" who="2" fromWho="3" sc="345,0,310,0,214,62,121,-52" owari="345,44.0,310,11.0,276,-12.0,69,-43.0" /></mjloggm>