<mjloggm ver="2.3"><GO type="169" lobby="0"/><UN n0="%E3%82%A6%E3%83%AB%E3%83%88%E3%83%A9%E7%AB%8B%E7%9B%B4" n1="%70%69%2D%70%6F" n2="%E3%83%97%E3%83%AD%E3%82%AD%E3%82%B7%E3%83%BC" n3="%E5%BE%A9%E8%AE%90%E3%81%A1%E3%82%83%E3%82%93" dan="17,18,16,16" rate="2216.41,2238.59,2133.17,2139.50" sx="M,M,M,F"/><TAIKYOKU oya="0"/><INIT seed="0,0,0,4,1,134" ten="250,250,250,250" oya="0" hai0="97,130,86,73,108,53,77,60,54,61,48,27,49" hai1="109,41,9,135,81,89,5,119,116,52,24,87,91" hai2="6,28,76,13,43,12,67,103,118,46,105,1,100" hai3="64,71,132,3,122,66,127,22,31,129,44,92,4"/><T30/><D73/><U47/><E135/><V99/><F118/><W2/><G31/><T70/><D108/><U114/><E109/><V45/><F76/><W128/><G132/><T68/><D97/><U23/><E114/><V18/><F28/><W125/><G122/><T85/><D30/><U112/><E112/><V32/><F103/><W123/><G123/><T16/><D77/><U111/><E111/><V36/><F1/><W39/><G22/><T95/><D95/><U15/><E89/><V57/><F6/><W40/><G92/><T82/><D82/><U107/><E107/><V20/><F32/><W25/><G25/><T26/><REACH who="0" step="1"/><D130/><REACH who="0" ten="240,250,250,250" step="2"/><U10/><E81/><V88/><F99/><W62/><G66/><T37/><D37/><U0/><E116/><V29/><F67/><W101/><G101/><T124/><D124/><N who="3" m="47689" /><G4/><T120/><D120/><U69/><E119/><V78/><F100/><W17/><G17/><AGARI ba="0,1" hai="16,17,26,27,48,49,53,54,60,61,68,70,85,86" machi="17" ten="25,9600,0" yaku="1,1,22,2,54,1,53,0" doraHai="134" doraHaiUra="94" who="0" fromWho="3" sc="240,106,250,0,250,0,250,-96" /><INIT seed="0,1,0,1,5,127" ten="346,250,250,154" oya="0" hai0="27,71,94,60,118,65,45,53,81,46,5,51,47" hai1="11,82,122,66,59,14,100,2,67,125,0,49,17" hai2="80,39,79,40,120,22,85,108,15,13,76,54,30" hai3="32,1,124,18,21,23,96,88,111,64,52,92,10"/><T50/><D5/><U89/><E122/><V110/><F120/><W132/><G32/><T117/><D81/><U119/><E119/><V83/><F40/><W48/><G124/><T116/><D94/><U128/><E100/><V123/><F39/><W126/><G126/><T104/><D27/><U12/><E125/><V95/><F123/><W63/><G132/><T36/><D104/><U113/><E113/><V19/><F95/><W105/><G105/><T72/><D72/><U7/><E2/><V75/><F30/><W93/><G93/><T97/><D97/><U106/><E106/><V20/><F54/><W41/><G41/><T129/><D36/><U37/><E37/><V107/><F107/><W115/><G115/><T133/><D133/><U56/><E0/><V9/><F20/><W73/><G73/><T90/><D90/><U103/><E103/><V55/><F55/><W57/><G111/><T121/><D121/><U61/><E82/><V16/><AGARI ba="1,0" hai="9,13,15,16,19,22,75,76,79,80,83,85,108,110" machi="16" ten="30,2000,0" yaku="0,1,54,1" doraHai="127" who="2" fromWho="2" sc="346,-11,250,-6,250,23,154,-6" /><INIT seed="1,0,0,5,2,44" ten="335,244,273,148" oya="1" hai0="73,66,21,49,24,25,60,4,117,98,30,5,31" hai1="57,92,61,107,41,26,74,81,58,106,102,2,127" hai2="67,114,1,11,36,133,88,79,91,87,27,119,20" hai3="55,118,38,64,89,80,90,97,70,86,84,32,75"/><U94/><E2/><V122/><F119/><W99/><G75/><T71/><D73/><U23/><E127/><V52/><F122/><W46/><G118/><T96/><D117/><U104/><E41/><V85/><F36/><W69/><G32/><T45/><D98/><U72/><E72/><V128/><F128/><W63/><G70/><T10/><D96/><U109/><E109/><V33/><F33/><W135/><G135/><T108/><D10/><U56/><E61/><V103/><F103/><W125/><G125/><T124/><D108/><U3/><E3/><V16/><F67/><W29/><G29/><T28/><D28/><U105/><N who="1" m="26624" /><DORA hai="95" /><U37/><E37/><V65/><F65/><W35/><G35/><T100/><D100/><U9/><E9/><V62/><F133/><W42/><REACH who="3" step="1"/><G55/><REACH who="3" ten="335,244,273,138" step="2"/><T115/><D124/><U82/><E74/><V68/><F68/><W130/><G130/><T53/><D115/><U129/><E129/><V8/><F114/><W93/><AGARI ba="0,1" hai="38,42,46,63,64,69,80,84,86,89,90,93,97,99" machi="93" ten="20,12000,2" yaku="1,1,0,1,7,1,52,2,53,2" doraHai="44,95" doraHaiUra="78,76" who="3" fromWho="3" sc="335,-30,244,-60,273,-30,138,130" /><INIT seed="2,0,0,5,3,16" ten="305,184,243,268" oya="2" hai0="110,61,101,66,128,46,10,129,32,72,81,58,78" hai1="114,70,49,91,1,93,60,55,19,18,39,69,97" hai2="57,31,40,122,106,22,3,113,73,90,120,74,84" hai3="92,82,14,28,99,85,41,121,126,44,5,0,116"/><V87/><F3/><W119/><G0/><T35/><D101/><U134/><E39/><V42/><F106/><W13/><G121/><T64/><D64/><U80/><E114/><V36/><F113/><W62/><G126/><T83/><D110/><U132/><E1/><V43/><F36/><W37/><G62/><T108/><D108/><U86/><E19/><V131/><F131/><N who="0" m="50250" /><D10/><U75/><E75/><V94/><F74/><W17/><G28/><T105/><D105/><U7/><E7/><V89/><F73/><W15/><G5/><T127/><D83/><U77/><E18/><V45/><F45/><W8/><G116/><T20/><D46/><U88/><E60/><V65/><F57/><W12/><G119/><T102/><D102/><U24/><E24/><N who="2" m="16791" /><F122/><W30/><G30/><T47/><D47/><U11/><E11/><V48/><F120/><W52/><G52/><T133/><D127/><U79/><E70/><V135/><F135/><N who="1" m="51753" /><E69/><V27/><F27/><W54/><G54/><T26/><D133/><U68/><E68/><V38/><F38/><W63/><G63/><T76/><D35/><U118/><E118/><V109/><F109/><W4/><G4/><T9/><D32/><U112/><E112/><V123/><F123/><W130/><G130/><T34/><D34/><U25/><E25/><V67/><F48/><W51/><G37/><T50/><D50/><U107/><E107/><V115/><F115/><W56/><G56/><AGARI ba="0,0" hai="49,55,56,77,79,80,86,88,91,93,97" m="51753" machi="56" ten="30,2000,0" yaku="20,1,54,1" doraHai="16" who="1" fromWho="3" sc="305,0,184,20,243,0,268,-20" /><INIT seed="3,0,0,5,4,11" ten="305,204,243,248" oya="3" hai0="1,96,83,66,0,21,119,108,71,74,37,93,117" hai1="60,128,64,92,120,24,87,10,132,40,62,106,5" hai2="26,29,28,70,50,76,56,100,86,57,51,72,78" hai3="12,73,134,115,101,2,75,105,79,54,52,68,77"/><W7/><G68/><T104/><D93/><U30/><E106/><V89/><F72/><W55/><G2/><T110/><D21/><U121/><E128/><V99/><F70/><W118/><G118/><T131/><D37/><U126/><E126/><V130/><F130/><W31/><G31/><T125/><D125/><U109/><E109/><N who="0" m="42089" /><D131/><U9/><E132/><V13/><F26/><W135/><G115/><T69/><D69/><U49/><E120/><V47/><F99/><W59/><G59/><T38/><D38/><U133/><E121/><V113/><F113/><W3/><G3/><T14/><D14/><U19/><E10/><V114/><F114/><W39/><G39/><T81/><D81/><U65/><E30/><V33/><F33/><W16/><G7/><T112/><D0/><U34/><E34/><V107/><F107/><W27/><G27/><T42/><D42/><U32/><E32/><V35/><F35/><W20/><G101/><N who="0" m="62503" /><D1/><U43/><E24/><V22/><F100/><W127/><G105/><T58/><D58/><U18/><E133/><N who="3" m="50698" /><G127/><T23/><D112/><U4/><E9/><V41/><F57/><W45/><G45/><T53/><D71/><U123/><E123/><V15/><F56/><W98/><G98/><T82/><D119/><U84/><E92/><V95/><F29/><W103/><G103/><T63/><D117/><U90/><E90/><V17/><F28/><W36/><G36/><T94/><D94/><U85/><E85/><V97/><F86/><W88/><G88/><T25/><D25/><U8/><E8/><N who="2" m="6311" /><F50/><AGARI ba="0,0" hai="4,5,18,19,40,43,49,50,60,62,64,65,84,87" machi="50" ten="25,3200,0" yaku="22,2,8,1" doraHai="11" who="1" fromWho="2" sc="305,0,204,32,243,-32,248,0" /><INIT seed="4,0,0,1,2,39" ten="305,236,211,248" oya="0" hai0="131,119,69,85,100,46,94,112,95,106,51,31,89" hai1="122,118,76,88,16,12,55,65,23,80,6,0,129" hai2="97,75,29,56,61,18,96,59,11,133,105,50,115" hai3="14,73,44,99,116,52,41,40,58,45,117,102,10"/><T93/><D69/><U74/><E118/><V49/><F75/><W98/><G73/><T43/><D119/><U68/><E122/><V90/><F115/><W111/><G111/><T9/><D112/><U21/><E129/><V125/><F125/><W79/><G79/><T24/><D131/><U35/><E35/><V63/><F133/><W67/><G67/><T124/><D124/><U130/><E130/><V30/><F105/><W103/><G116/><T7/><D106/><U27/><E0/><V108/><F108/><W128/><G128/><T25/><D100/><N who="3" m="38441" /><G117/><T66/><D66/><U104/><E104/><V70/><F70/><W37/><G37/><T53/><D53/><U114/><E114/><V54/><F90/><W91/><G44/><T5/><D5/><U126/><E126/><V64/><F11/><W110/><G45/><T36/><D36/><U17/><E6/><V82/><F82/><W81/><G110/><T42/><D42/><N who="3" m="16489" /><G81/><T22/><D25/><U3/><E3/><AGARI ba="0,0" hai="3,7,9,22,24,31,43,46,51,85,89,93,94,95" machi="3" ten="30,2900,0" yaku="7,1,52,1" doraHai="39" who="0" fromWho="1" sc="305,29,236,-29,211,0,248,0" /><INIT seed="4,1,0,2,3,18" ten="334,207,211,248" oya="0" hai0="120,106,115,35,77,96,43,99,33,88,46,6,8" hai1="79,26,118,51,57,61,67,72,78,15,28,60,122" hai2="104,55,84,20,129,50,19,9,116,27,37,22,7" hai3="130,74,107,110,75,91,14,135,63,82,71,95,70"/><T80/><D115/><U1/><E118/><V125/><F37/><W48/><G110/><T113/><D113/><U73/><E122/><V102/><F116/><W132/><G107/><T52/><D99/><U38/><E1/><V85/><F129/><W128/><G48/><T53/><D35/><U42/><E38/><V62/><F125/><W64/><G70/><T92/><D33/><U54/><E42/><V0/><F62/><W117/><G117/><T127/><D106/><U89/><E15/><V16/><F102/><W133/><G14/><T10/><D10/><U111/><E111/><V81/><F81/><W109/><G109/><T23/><D23/><U36/><E36/><V76/><F76/><W112/><G112/><T2/><D127/><U98/><E61/><V87/><F104/><W134/><G82/><T94/><D94/><U32/><E73/><N who="3" m="27658" /><G133/><T34/><D34/><U121/><E72/><V12/><F87/><AGARI ba="1,0" hai="63,64,71,87,91,95,128,130,132,134,135" m="27658" machi="87" ten="40,1300,0" yaku="20,1" doraHai="18" who="3" fromWho="2" sc="334,0,207,0,211,-16,248,16" /><INIT seed="5,0,0,4,3,70" ten="334,207,195,264" oya="1" hai0="88,72,78,25,57,119,5,2,80,33,86,135,110" hai1="35,36,60,65,121,122,34,16,111,37,9,3,52" hai2="18,67,8,7,4,55,130,22,105,120,53,13,131" hai3="26,94,103,69,93,96,104,89,108,126,98,66,109"/><U50/><E121/><V44/><F105/><W1/><G1/><T0/><D110/><U127/><E122/><V90/><F120/><W51/><G126/><T6/><D6/><U76/><E111/><V83/><F67/><W81/><G51/><T115/><D119/><U19/><E127/><V62/><F62/><W56/><G56/><T61/><D5/><U112/><E112/><V91/><F7/><W12/><G12/><T31/><D135/><U29/><E76/><V49/><F55/><W41/><G41/><T48/><D48/><U95/><E3/><V54/><F54/><W102/><G26/><T116/><D116/><U46/><E95/><V133/><F133/><W38/><G38/><T15/><D15/><U84/><E84/><V125/><F125/><W40/><G40/><T73/><D73/><U24/><E34/><V68/><F68/><W132/><G132/><T100/><D100/><U63/><E63/><V20/><F20/><W21/><G21/><T107/><D107/><U118/><E118/><V92/><F83/><W71/><G71/><T47/><D47/><U101/><E101/><V45/><F44/><W134/><G134/><T87/><D72/><U117/><E117/><V106/><F106/><W99/><G69/><T79/><D115/><U113/><E113/><V28/><F28/><W124/><G124/><T30/><D30/><U129/><E129/><N who="2" m="49163" /><F92/><W128/><G128/><T14/><D2/><U27/><E9/><V17/><F4/><W10/><G10/><T123/><D33/><U11/><E11/><V97/><F97/><W114/><G108/><RYUUKYOKU ba="0,0" sc="334,-10,207,-10,195,30,264,-10" hai2="8,13,17,18,22,45,49,53,90,91" /><INIT seed="6,1,0,0,0,24" ten="324,197,225,254" oya="2" hai0="54,55,56,103,36,39,132,46,73,125,116,65,7" hai1="12,108,35,1,40,45,80,23,129,96,21,26,18" hai2="124,106,58,130,63,120,43,79,119,11,66,105,53" hai3="50,90,97,122,133,110,86,16,0,99,134,51,27"/><V101/><F120/><W74/><G74/><T17/><D17/><U82/><E129/><V135/><F119/><W68/><G0/><T28/><D103/><U14/><E108/><V38/><F130/><W95/><G68/><T109/><D55/><U121/><E121/><V83/><F135/><W48/><G110/><T70/><D56/><U75/><E1/><V3/><F124/><W67/><G67/><T47/><D46/><U64/><E64/><V94/><F66/><W89/><G122/><T115/><D47/><U61/><E61/><V33/><F33/><W62/><G62/><T2/><D7/><U69/><E69/><V37/><F94/><W9/><G9/><T4/><D4/><U31/><E75/><V72/><F101/><W112/><G112/><T107/><D54/><U104/><E104/><V52/><F53/><W42/><G42/><T25/><D65/><U49/><REACH who="1" step="1"/><E96/><REACH who="1" ten="324,187,225,254" step="2"/><V118/><F106/><W81/><G97/><T113/><D107/><U44/><E44/><V100/><F105/><W127/><G127/><T13/><D125/><U57/><E57/><V19/><F3/><W131/><G131/><T15/><D2/><U102/><E102/><V10/><F100/><W78/><G133/><T60/><D132/><U114/><E114/><V5/><F118/><W41/><G134/><T29/><D115/><U34/><E34/><V77/><F72/><W117/><G117/><T84/><D113/><U30/><E30/><V92/><F63/><W59/><G59/><T128/><D116/><U98/><E98/><V8/><F58/><W111/><G99/><RYUUKYOKU ba="1,1" sc="324,-10,187,30,225,-10,254,-10" hai1="12,14,18,21,23,26,31,35,40,45,49,80,82" /><INIT seed="7,2,1,4,3,55" ten="314,217,215,244" oya="3" hai0="109,72,116,9,52,74,12,48,59,120,26,14,22" hai1="39,46,21,11,117,49,31,78,68,114,57,98,80" hai2="123,127,66,2,20,85,103,7,44,69,28,131,36" hai3="92,50,17,90,24,51,27,71,118,125,65,133,0"/><W84/><G118/><T18/><D109/><U67/><E114/><V108/><F108/><W4/><G133/><T56/><D120/><U97/><E117/><V95/><F123/><W29/><G125/><T13/><D74/><U54/><E11/><V81/><F127/><W135/><G135/><T119/><D72/><N who="1" m="43079" /><E21/><V124/><F124/><W129/><G0/><T45/><D119/><U41/><E31/><V87/><F131/><W53/><G129/><T122/><D122/><U34/><E34/><V70/><F7/><W82/><G4/><T58/><D116/><U32/><E32/><V99/><F2/><W134/><G17/><AGARI ba="2,1" hai="9,12,13,14,17,18,22,26,45,48,52,56,58,59" machi="17" ten="40,8000,1" yaku="8,1,52,3,54,1" doraHai="55" who="0" fromWho="3" sc="314,96,217,0,215,0,244,-86" owari="410,50.0,217,2.0,215,-18.0,158,-34.0" /></mjloggm>