<mjloggm ver="2.3"><GO type="169" lobby="0"/><UN n0="%6D%61%63%6A%72" n1="%E3%82%A6%E3%83%AB%E3%83%88%E3%83%A9%E7%AB%8B%E7%9B%B4" n2="%E3%81%84%E3%81%97%E3%82%82%E3%82%8A" n3="%74%61%74%73%75%37%30%32" dan="18,18,16,16" rate="2274.67,2205.16,2055.62,2150.85" sx="M,M,M,M"/><TAIKYOKU oya="0"/><INIT seed="0,0,0,4,0,15" ten="250,250,250,250" oya="0" hai0="120,107,10,124,80,18,4,66,78,134,89,5,20" hai1="52,135,86,40,11,46,96,59,22,104,84,91,26" hai2="54,125,23,109,77,24,49,132,41,47,93,33,116" hai3="30,79,14,76,57,127,121,114,44,62,83,25,119"/><T100/><D120/><U71/><E71/><V12/><F109/><W95/><G121/><T122/><D122/><U113/><E11/><V45/><F125/><W82/><G127/><T108/><D124/><U35/><E35/><V128/><F128/><W13/><G114/><T92/><D108/><U56/><E56/><V73/><F33/><W8/><G119/><T51/><D134/><U94/><E104/><V81/><F116/><W39/><G39/><T118/><D118/><U90/><E135/><V9/><F132/><W85/><G44/><T42/><D66/><U38/><E91/><V19/><F93/><W97/><G25/><T105/><D100/><U27/><E27/><V55/><REACH who="2" step="1"/><F47/><REACH who="2" ten="250,250,240,250" step="2"/><W60/><G60/><T72/><D105/><U16/><E113/><V131/><F131/><W3/><G30/><AGARI ba="0,1" hai="9,12,19,23,24,30,41,45,49,54,55,73,77,81" machi="30" ten="30,3900,0" yaku="1,1,7,1,52,1,53,0" doraHai="15" doraHaiUra="70" who="2" fromWho="3" sc="250,0,250,0,240,49,250,-39" /><INIT seed="1,0,0,5,2,42" ten="250,250,289,211" oya="1" hai0="0,74,27,94,47,120,105,1,54,36,59,72,35" hai1="88,60,69,43,39,85,109,40,123,97,118,76,114" hai2="46,125,100,65,71,129,12,98,58,135,28,134,89" hai3="70,68,67,6,78,128,7,83,96,115,117,87,73"/><U49/><E123/><V8/><F71/><W48/><G115/><T93/><D105/><U90/><E118/><V112/><F112/><W50/><G117/><T19/><D120/><U80/><E114/><V79/><F79/><W26/><G128/><T52/><D36/><U25/><E109/><V21/><F129/><W91/><G96/><T23/><D35/><U24/><E39/><V17/><F89/><N who="1" m="34409" /><E69/><V33/><F125/><W124/><G124/><T119/><D119/><U101/><E60/><N who="2" m="38039" /><F33/><W126/><G126/><T63/><D1/><U32/><E32/><V104/><F28/><W108/><G108/><T3/><D3/><U75/><E75/><V99/><F99/><W37/><G37/><T66/><D0/><U95/><E43/><V45/><F8/><W2/><G67/><T22/><D72/><U31/><E31/><V34/><F34/><W14/><G70/><T82/><D66/><U30/><E30/><V131/><F131/><W62/><G62/><T111/><D111/><U127/><E127/><V53/><F53/><W4/><G68/><T106/><D106/><U44/><AGARI ba="0,0" hai="24,25,40,44,49,76,80,85,95,97,101" m="34409" machi="44" ten="30,6000,0" yaku="8,1,52,1,54,1" doraHai="42" who="1" fromWho="1" sc="250,-20,250,60,289,-20,211,-20" /><INIT seed="1,1,0,3,4,6" ten="230,310,269,191" oya="1" hai0="14,77,38,132,120,131,31,115,32,22,15,55,21" hai1="100,66,10,80,105,60,11,74,25,40,89,61,91" hai2="79,18,118,81,68,53,126,103,69,48,124,42,128" hai3="50,98,123,106,96,16,121,41,44,101,33,88,43"/><U0/><E0/><V26/><F118/><W83/><G33/><T27/><D38/><U28/><E40/><V111/><F111/><W97/><G43/><T95/><D115/><U1/><E1/><V90/><F103/><W47/><G44/><T63/><D131/><U34/><E61/><V59/><F90/><N who="1" m="34313" /><E80/><V72/><F128/><W70/><G70/><T94/><D132/><U58/><E58/><V78/><F78/><W5/><G5/><T45/><D120/><U133/><E74/><V99/><F99/><W7/><G7/><T73/><D73/><U2/><E2/><V8/><F42/><W110/><G110/><T84/><D32/><U119/><E119/><V29/><F69/><W36/><G36/><T13/><D22/><U104/><E104/><V112/><F68/><W129/><G129/><T85/><D77/><U82/><E82/><V17/><F112/><W87/><G123/><T20/><D20/><U92/><E92/><V67/><F67/><W125/><G125/><T4/><D95/><U51/><E51/><V117/><F117/><W71/><G71/><T35/><D94/><U102/><E133/><V108/><F108/><W135/><G135/><T109/><D109/><U64/><E64/><V57/><F124/><W19/><G121/><T127/><D127/><U3/><E3/><V114/><F114/><W39/><G39/><T37/><D35/><U49/><E49/><V93/><F93/><W75/><G75/><T46/><D37/><U113/><E113/><V122/><F81/><W24/><G24/><N who="0" m="16783" /><D46/><U65/><E25/><V12/><F126/><RYUUKYOKU ba="1,0" sc="230,-10,310,-10,269,-10,191,30" hai3="16,19,41,47,50,83,87,88,96,97,98,101,106" /><INIT seed="2,2,0,2,0,112" ten="220,300,259,221" oya="2" hai0="97,70,53,123,77,49,69,45,85,79,46,13,65" hai1="66,67,61,44,19,21,93,71,15,125,102,126,24" hai2="16,80,122,103,81,107,96,118,101,27,43,56,4" hai3="133,32,87,89,100,84,35,28,63,117,58,135,37"/><V113/><F113/><W1/><G37/><T121/><D97/><U110/><E67/><V120/><F118/><W64/><G1/><T132/><D13/><U73/><E73/><V131/><F131/><W18/><G87/><T59/><D79/><U111/><E44/><N who="0" m="17001" /><D85/><U5/><E93/><V129/><F43/><W88/><G117/><T115/><D77/><U26/><E102/><V62/><F129/><W94/><G100/><T3/><D3/><U29/><E5/><V30/><F4/><W99/><G18/><T14/><D14/><U55/><E55/><V36/><F36/><W38/><G38/><T116/><D115/><U20/><REACH who="1" step="1"/><E26/><REACH who="1" ten="220,290,259,221" step="2"/><V50/><F103/><W130/><G130/><T105/><D116/><U128/><E128/><V74/><F74/><W92/><REACH who="3" step="1"/><G28/><REACH who="3" ten="220,290,259,211" step="2"/><T8/><D121/><U109/><AGARI ba="2,2" hai="15,19,20,21,24,29,61,66,71,109,110,111,125,126" machi="109" ten="40,5200,0" yaku="1,1,0,1,14,1,53,0" doraHai="112" doraHaiUra="91" who="1" fromWho="1" sc="220,-15,290,78,259,-28,211,-15" /><INIT seed="3,0,0,2,0,2" ten="205,368,231,196" oya="3" hai0="45,29,134,107,97,59,102,0,135,117,73,133,132" hai1="16,27,76,32,61,42,127,113,43,54,118,87,38" hai2="7,99,80,11,39,103,24,85,90,131,18,121,123" hai3="34,28,14,1,3,101,8,111,10,98,95,22,52"/><W75/><G75/><T83/><N who="0" m="33792" /><DORA hai="110" /><T60/><D117/><U20/><E38/><V64/><F39/><W68/><G68/><T25/><D0/><U77/><E113/><V5/><F64/><W46/><G111/><T31/><D45/><U119/><E32/><V70/><F70/><W30/><G34/><T106/><D106/><U92/><E127/><V33/><F131/><W49/><G8/><T53/><REACH who="0" step="1"/><D25/><REACH who="0" ten="195,368,231,196" step="2"/><U96/><E27/><V129/><F129/><W6/><REACH who="3" step="1"/><G3/><REACH who="3" ten="195,368,231,186" step="2"/><T4/><D4/><U93/><E119/><V9/><F123/><W63/><G63/><T13/><D13/><U48/><E61/><V81/><F121/><W82/><G82/><T108/><D108/><U44/><E118/><V125/><F81/><W67/><G67/><T74/><D74/><U55/><E20/><V35/><F7/><W69/><G69/><T41/><D41/><U71/><E43/><V21/><F5/><W126/><G126/><T62/><D62/><U57/><E42/><V84/><F125/><W15/><G15/><T124/><D124/><U91/><E71/><V47/><F80/><W79/><G79/><AGARI ba="0,2" hai="29,31,53,59,60,73,79,83,97,102,107" m="33792" machi="79" ten="70,12000,2" yaku="1,1,20,1,53,4" doraHai="2,110" doraHaiUra="88,130" who="0" fromWho="3" sc="195,140,368,0,231,0,186,-120" /><INIT seed="4,0,0,0,0,36" ten="335,368,231,66" oya="0" hai0="16,129,37,50,64,101,125,34,109,100,41,44,24" hai1="65,47,75,40,62,11,22,131,126,96,124,49,111" hai2="94,106,67,46,110,90,70,104,42,27,19,84,33" hai3="103,17,30,6,89,29,80,108,18,45,14,122,39"/><T5/><D125/><U114/><E75/><V127/><F110/><W2/><G108/><T63/><D109/><U118/><E111/><V119/><F127/><N who="1" m="48681" /><E118/><V73/><F73/><W55/><G122/><T115/><D115/><U10/><E131/><V7/><F7/><W130/><G130/><T123/><D129/><U78/><E78/><V53/><F119/><W12/><G103/><T21/><D123/><U120/><E120/><V74/><F74/><W26/><G2/><T3/><D34/><U51/><E114/><V52/><F70/><W133/><G6/><T0/><D37/><U1/><E1/><V20/><F67/><W134/><G39/><T85/><D0/><U117/><E117/><V105/><REACH who="2" step="1"/><F33/><REACH who="2" ten="335,368,221,66" step="2"/><W82/><G26/><T4/><D4/><U25/><E65/><V135/><F135/><W99/><G99/><T23/><D5/><U121/><E96/><V102/><F102/><W81/><G89/><T113/><D3/><U88/><E88/><V107/><N who="2" m="26624" /><DORA hai="60" /><V28/><F28/><W15/><G30/><T69/><D113/><U59/><E121/><V68/><F68/><W79/><G29/><T91/><REACH who="0" step="1"/><D23/><REACH who="0" ten="325,368,221,66" step="2"/><U98/><E22/><V9/><F9/><W95/><G79/><T38/><D38/><AGARI ba="0,2" hai="19,20,27,38,42,46,52,53,84,90,94" m="26624" machi="38" ten="70,8000,1" yaku="1,1,52,1,54,1,53,0" doraHai="36,60" doraHaiUra="77,58" who="2" fromWho="0" sc="325,-80,368,0,221,100,66,0" /><INIT seed="5,0,0,5,5,52" ten="245,368,321,66" oya="1" hai0="113,102,100,23,107,5,108,50,25,97,105,101,72" hai1="44,39,134,53,46,116,84,18,41,21,15,11,88" hai2="29,122,96,74,81,87,68,62,2,42,60,106,26" hai3="13,66,33,69,111,16,135,61,14,63,70,119,121"/><U117/><E134/><V73/><F122/><W123/><G135/><T27/><D108/><U3/><E3/><V83/><F2/><W55/><G111/><T6/><D72/><U17/><E46/><V57/><F68/><W9/><G33/><T86/><D113/><U104/><E104/><V51/><F42/><W37/><G37/><T65/><D65/><U91/><E53/><V129/><F51/><W36/><G36/><T126/><D126/><U110/><E110/><V85/><F62/><W22/><G119/><T20/><D50/><U10/><E91/><V47/><F47/><W103/><G103/><T75/><D75/><U127/><E127/><V115/><F129/><W95/><G95/><T78/><D86/><U64/><E64/><V19/><F19/><W71/><G71/><T131/><D78/><U31/><E31/><V133/><F133/><W30/><G30/><T94/><D94/><U89/><E89/><V114/><F87/><W99/><G99/><T125/><D125/><U38/><E38/><V109/><F109/><W8/><G22/><N who="0" m="8235" /><D97/><U130/><E130/><V118/><F118/><W35/><G35/><T80/><D131/><U58/><E44/><V112/><F106/><N who="0" m="40458" /><D80/><N who="2" m="30794" /><F96/><W12/><G12/><T79/><D79/><U93/><E39/><V48/><F85/><W56/><REACH who="3" step="1"/><G70/><REACH who="3" ten="245,368,321,56" step="2"/><T124/><D124/><U77/><E117/><V128/><F128/><W120/><G120/><T49/><D27/><U45/><E116/><V24/><F24/><W54/><G54/><T98/><D25/><N who="1" m="14511" /><E93/><V132/><F112/><W4/><AGARI ba="0,1" hai="4,8,9,13,14,16,55,56,61,63,66,69,121,123" machi="4" ten="20,8000,1" yaku="1,1,0,1,7,1,52,1,54,1,53,0" doraHai="52" doraHaiUra="28" who="3" fromWho="3" sc="245,-20,368,-40,321,-20,56,90" /><INIT seed="6,0,0,3,3,19" ten="225,328,301,146" oya="2" hai0="54,115,58,99,34,14,98,73,37,126,38,93,60" hai1="31,47,95,128,36,29,110,100,112,20,121,68,76" hai2="26,35,72,113,106,123,89,108,16,70,50,56,33" hai3="67,9,77,97,25,104,4,62,101,84,118,88,91"/><V64/><F113/><W7/><G118/><T66/><D115/><U8/><E68/><V87/><F123/><W132/><G132/><T125/><D73/><U2/><E110/><V49/><F72/><W114/><G114/><T1/><D1/><U11/><E128/><V53/><F106/><W28/><G77/><T57/><D34/><U117/><E117/><V51/><F108/><W71/><G84/><T130/><D14/><U131/><E131/><V119/><F119/><W74/><G74/><T111/><D130/><U3/><E76/><V32/><F70/><W10/><G10/><T48/><D111/><U27/><E31/><V82/><REACH who="2" step="1"/><F64/><REACH who="2" ten="225,328,291,146" step="2"/><W116/><G116/><T65/><D65/><U83/><E121/><V43/><F43/><W78/><G78/><T12/><D125/><U94/><E112/><V24/><F24/><W103/><G103/><T13/><D126/><U127/><E27/><V0/><F0/><W107/><G107/><T41/><D41/><U15/><E100/><V129/><F129/><W6/><REACH who="3" step="1"/><G9/><REACH who="3" ten="225,328,291,136" step="2"/><T17/><D98/><U46/><E11/><V96/><F96/><W39/><G39/><T52/><D38/><U135/><E8/><V85/><F85/><W80/><G80/><T59/><D37/><U124/><E83/><V44/><F44/><W23/><AGARI ba="0,2" hai="4,6,7,23,25,28,62,67,71,88,91,97,101,104" machi="23" ten="30,8000,1" yaku="1,1,0,1,52,1,54,1,53,1" doraHai="19" doraHaiUra="63" who="3" fromWho="3" sc="225,-20,328,-20,291,-40,136,100" /><INIT seed="7,0,0,0,3,101" ten="205,308,251,236" oya="3" hai0="27,71,96,25,128,129,74,33,117,100,70,130,135" hai1="3,59,24,56,112,53,88,83,40,68,43,5,127" hai2="37,42,55,75,133,92,132,57,23,131,34,69,121" hai3="11,114,54,38,84,110,6,49,12,32,78,108,41"/><W29/><G114/><T7/><D117/><U63/><E68/><V18/><F34/><W0/><G0/><T15/><D74/><U105/><E105/><V26/><F69/><N who="0" m="26122" /><D33/><U120/><E120/><V72/><F121/><W39/><G29/><T118/><D118/><U28/><E112/><V19/><F131/><N who="0" m="33538" /><T113/><DORA hai="125" /><D113/><U13/><E127/><V97/><F72/><W1/><G1/><T17/><D7/><U122/><E122/><V80/><F75/><W62/><G32/><T50/><D50/><U8/><E3/><V103/><F37/><W106/><G106/><N who="0" m="63751" /><D135/><U93/><E5/><V61/><F133/><W65/><G39/><T98/><D98/><U99/><E99/><V102/><F132/><W4/><G6/><T22/><AGARI ba="0,0" hai="15,17,22,25,27" m="63751,33538,26122" machi="22" ten="50,12000,2" yaku="19,1,52,5" doraHai="101,125" who="0" fromWho="0" sc="205,120,308,-30,251,-30,236,-60" owari="325,42.0,278,8.0,221,-18.0,176,-32.0" /></mjloggm>