<mjloggm ver="2.3"><GO type="169" lobby="0"/><UN n0="%EF%BC%BA%EF%BC%A5%EF%BC%B2%EF%BC%AF%EF%BC%8D%EF%BC%AD%EF%BC%A1%EF%BC%B8" n1="%E3%82%A6%E3%83%AB%E3%83%88%E3%83%A9%E7%AB%8B%E7%9B%B4" n2="%E3%81%AE%E3%81%86%E3%81%AA%E3%82%81%E3%82%8D%E3%82%93" n3="%68%69%6E%61%6A%69%6E%6E" dan="16,17,16,16" rate="2160.62,2182.43,2132.71,2135.56" sx="M,M,M,M"/><TAIKYOKU oya="0"/><INIT seed="0,0,0,3,0,3" ten="250,250,250,250" oya="0" hai0="97,28,78,101,5,99,87,120,16,95,122,38,104" hai1="54,89,100,36,6,44,128,76,134,84,27,43,22" hai2="10,47,74,75,81,64,109,133,72,108,132,35,42" hai3="40,112,37,60,26,23,25,53,121,126,94,48,17"/><T55/><D38/><U49/><E128/><V1/><F35/><W11/><G121/><T20/><D28/><U79/><E100/><V34/><F34/><W52/><G126/><T130/><D130/><U114/><E114/><V103/><F103/><W80/><G80/><T31/><D31/><U18/><E134/><N who="2" m="51819" /><F64/><W15/><G37/><T135/><D135/><U106/><E106/><V68/><F68/><W107/><G107/><T32/><D32/><U105/><E105/><V30/><F30/><W45/><G112/><T70/><D70/><U71/><E71/><V98/><F98/><W127/><G127/><T110/><D110/><N who="2" m="42602" /><F1/><W82/><G94/><T111/><D111/><U77/><E36/><N who="2" m="21959" /><F10/><W129/><G129/><T39/><D99/><U117/><E117/><V51/><F51/><W19/><G60/><T62/><D39/><U125/><E125/><V57/><F57/><W102/><G102/><T12/><D104/><U0/><E0/><V13/><F13/><W69/><G69/><T116/><D116/><U92/><REACH who="1" step="1"/><E6/><REACH who="1" ten="250,240,250,250" step="2"/><V131/><F131/><W85/><REACH who="3" step="1"/><G26/><REACH who="3" ten="250,240,250,240" step="2"/><T9/><D120/><U73/><E73/><V124/><F124/><W41/><G41/><AGARI ba="0,2" hai="18,22,27,41,43,44,49,54,76,77,79,84,89,92" machi="41" ten="40,5200,0" yaku="1,1,8,1,53,1" doraHai="3" doraHaiUra="86" who="1" fromWho="3" sc="250,0,240,72,250,0,240,-52" /><INIT seed="1,0,0,3,3,26" ten="250,312,250,188" oya="1" hai0="118,123,43,92,91,60,125,133,59,48,93,121,1" hai1="78,52,120,134,109,25,110,61,80,21,5,63,67" hai2="65,75,19,128,70,28,7,98,55,24,13,103,49" hai3="114,101,71,58,40,39,4,32,34,51,86,41,37"/><U47/><E5/><V66/><F75/><W124/><G71/><T64/><D118/><U6/><E6/><V108/><F108/><N who="1" m="41577" /><E120/><N who="0" m="46153" /><D133/><U97/><E97/><V119/><F119/><W95/><G114/><T0/><D125/><U76/><E134/><V81/><F128/><W62/><G124/><T105/><D105/><U23/><E23/><N who="2" m="15391" /><F70/><W74/><G74/><T17/><D17/><U11/><E11/><N who="2" m="6591" /><F7/><W69/><G4/><T44/><D92/><U38/><E80/><V113/><F81/><W45/><G40/><T131/><D131/><U102/><E102/><V16/><F113/><W8/><G8/><T82/><D82/><U2/><E2/><V53/><F16/><W126/><G126/><T20/><D20/><U104/><E104/><V122/><F122/><W54/><G101/><T46/><D46/><U50/><E38/><V107/><F107/><W33/><REACH who="3" step="1"/><G69/><REACH who="3" ten="250,312,250,178" step="2"/><T111/><D111/><U129/><E129/><V14/><F103/><W115/><G115/><T106/><D106/><U88/><E88/><AGARI ba="0,1" hai="32,33,34,37,39,41,45,51,54,58,62,86,88,95" machi="88" ten="40,8000,1" yaku="1,1,54,1,53,3" doraHai="26" doraHaiUra="30" who="3" fromWho="1" sc="250,0,312,-80,250,0,178,90" /><INIT seed="2,0,0,3,0,70" ten="250,232,250,268" oya="2" hai0="63,73,22,91,46,61,43,132,99,88,36,117,106" hai1="124,25,77,33,121,6,75,126,103,23,11,4,27" hai2="111,49,8,10,130,35,69,60,98,37,39,104,15" hai3="65,97,90,56,17,120,129,133,119,71,3,18,109"/><V81/><F130/><W29/><G129/><T134/><D73/><U28/><E103/><V26/><F111/><W59/><G109/><T105/><D117/><U76/><E75/><V78/><F49/><W47/><G3/><T50/><D22/><U54/><E54/><V66/><F10/><W32/><G133/><N who="0" m="51307" /><D50/><U45/><E45/><V80/><F80/><W24/><G47/><T42/><D42/><U83/><E4/><V113/><F113/><W108/><G108/><T110/><D110/><U135/><E135/><V2/><F15/><W82/><G120/><T9/><D9/><U96/><E96/><V101/><F8/><W74/><G74/><T114/><D114/><U127/><E83/><V85/><F2/><W14/><G82/><T19/><D19/><N who="1" m="12543" /><E121/><V5/><F5/><W94/><G18/><T116/><D116/><U64/><E64/><V30/><AGARI ba="0,0" hai="26,30,35,37,39,60,66,69,78,81,85,98,101,104" machi="30" ten="30,12000,1" yaku="0,1,25,2,52,2" doraHai="70" who="2" fromWho="2" sc="250,-40,232,-40,250,120,268,-40" /><INIT seed="2,1,0,4,5,132" ten="210,192,370,228" oya="2" hai0="47,101,12,46,93,95,77,79,87,32,23,105,24" hai1="7,119,35,5,83,90,40,126,21,88,98,13,4" hai2="82,115,135,71,20,108,72,25,96,16,70,112,128" hai3="111,57,14,28,45,104,43,8,110,59,65,91,1"/><V78/><F128/><W124/><G104/><T103/><D105/><U62/><E35/><V100/><F135/><W33/><G1/><T73/><D32/><U64/><E119/><V58/><F108/><W134/><G134/><T85/><D73/><U114/><E114/><V11/><F58/><W67/><G91/><T50/><D12/><U48/><E126/><V3/><F3/><W17/><G33/><T97/><D23/><U36/><E36/><V66/><F11/><W84/><G28/><T53/><D50/><U18/><E98/><V80/><F80/><W61/><G124/><T6/><D97/><U41/><E83/><V27/><F27/><W121/><G121/><T120/><D120/><U76/><E76/><V133/><F133/><W37/><G84/><T92/><D92/><U49/><E49/><V22/><F22/><W51/><G51/><T55/><REACH who="0" step="1"/><D6/><REACH who="0" ten="200,192,370,228" step="2"/><U75/><E75/><V38/><F38/><W81/><G81/><T102/><D102/><U15/><E15/><V109/><F100/><W125/><G125/><T117/><D117/><U113/><E113/><V122/><F96/><W42/><G111/><T31/><D31/><U86/><E86/><V60/><F109/><W129/><G110/><T123/><D123/><U63/><E48/><V94/><F122/><W54/><G14/><T26/><AGARI ba="1,1" hai="24,26,46,47,53,55,77,79,85,87,93,95,101,103" machi="26" ten="25,8000,1" yaku="1,1,0,1,22,2,8,1,53,0" doraHai="132" doraHaiUra="34" who="0" fromWho="0" sc="200,93,192,-21,370,-41,228,-21" /><INIT seed="3,0,0,1,3,135" ten="293,171,329,207" oya="3" hai0="6,50,101,67,89,23,123,59,92,46,112,11,7" hai1="73,40,75,56,125,51,65,91,3,111,133,47,114" hai2="86,69,132,121,36,52,1,126,12,100,14,96,129" hai3="84,98,24,28,63,34,95,120,134,82,60,19,74"/><W90/><G134/><T70/><D70/><U48/><E114/><V113/><F132/><W15/><G120/><T41/><D123/><U64/><E133/><V58/><F121/><W83/><G74/><T94/><D112/><U87/><E3/><V21/><F113/><W128/><G128/><T124/><D124/><U42/><E111/><V68/><F1/><W72/><G72/><T13/><D23/><U5/><E5/><V118/><F118/><W10/><REACH who="3" step="1"/><G83/><REACH who="3" ten="293,171,329,197" step="2"/><T39/><D39/><U37/><E37/><V93/><F36/><W20/><G20/><T122/><D122/><U32/><E32/><V88/><F129/><W17/><G17/><T130/><D130/><U77/><E75/><V105/><F126/><W0/><G0/><T102/><D6/><U97/><E73/><V53/><F53/><W9/><G9/><T26/><D11/><U33/><E33/><V131/><F131/><W104/><G104/><T31/><D7/><U119/><E125/><V2/><F2/><W110/><G110/><T22/><D31/><U27/><E119/><V109/><F109/><W29/><G29/><T103/><D22/><U106/><E106/><V99/><F21/><W8/><G8/><T62/><D26/><U115/><E27/><V57/><F52/><W16/><G16/><T108/><D108/><U81/><E115/><V61/><F105/><W71/><G71/><T35/><D35/><U127/><E127/><V78/><F69/><W4/><G4/><T18/><D18/><U76/><E81/><V43/><F68/><W38/><G38/><T45/><D13/><RYUUKYOKU ba="0,1" sc="293,-10,171,-10,329,-10,197,30" hai3="10,15,19,24,28,34,60,63,82,84,90,95,98" /><INIT seed="3,1,1,2,4,49" ten="283,161,319,227" oya="3" hai0="43,92,18,119,97,47,53,21,32,54,1,10,132" hai1="110,29,124,127,7,38,122,101,130,39,15,91,100" hai2="128,25,75,74,68,65,9,69,67,44,4,95,93" hai3="82,41,8,115,0,31,58,20,30,129,12,13,84"/><W79/><G115/><T42/><D119/><U60/><E122/><V62/><F128/><W71/><G71/><T55/><D132/><U108/><E29/><V113/><F113/><W107/><G107/><T35/><D10/><N who="1" m="4575" /><E91/><V103/><F44/><W27/><G41/><T16/><D1/><U126/><E60/><V50/><F50/><W112/><G129/><T52/><N who="0" m="13824" /><DORA hai="106" /><T88/><D18/><U134/><E130/><V133/><F133/><W104/><G104/><T87/><D97/><U76/><E76/><V85/><F25/><W102/><G102/><N who="1" m="39530" /><E134/><V123/><F123/><W80/><G58/><T72/><D72/><U11/><E11/><V118/><F118/><W116/><G31/><T111/><D111/><AGARI ba="1,1" hai="38,39,108,110,111,124,126,127" m="39530,4575" machi="111" ten="40,2600,0" yaku="14,1,18,1" doraHai="49,106" who="1" fromWho="0" sc="283,-29,161,39,319,0,227,0" /><INIT seed="4,0,0,2,4,7" ten="254,200,319,227" oya="0" hai0="0,65,76,9,38,113,5,79,45,116,42,17,6" hai1="83,114,81,84,134,132,127,14,104,16,30,90,107" hai2="40,21,60,120,91,31,121,23,130,124,75,123,54" hai3="67,12,59,68,122,115,1,126,94,112,128,135,93"/><T35/><D116/><U51/><E30/><V71/><F75/><W77/><G1/><T4/><D35/><U18/><E127/><V62/><F124/><W70/><G122/><T103/><D113/><U92/><E114/><V3/><F3/><W19/><G126/><T32/><D32/><U108/><E108/><V73/><F73/><W101/><G77/><T99/><D65/><U117/><E117/><V96/><F130/><W24/><G128/><T74/><D76/><U36/><E36/><V58/><F40/><W34/><G135/><N who="1" m="51754" /><E51/><V56/><F71/><W131/><G131/><T72/><D72/><U97/><E18/><V66/><F31/><W57/><G34/><T2/><D17/><U87/><E14/><V82/><F82/><N who="1" m="31241" /><E16/><V20/><F121/><W49/><G19/><T53/><D2/><U63/><E63/><V98/><F120/><W50/><G12/><T33/><D33/><U37/><E37/><V102/><F123/><W8/><G24/><T27/><D27/><U106/><AGARI ba="0,0" hai="84,87,90,92,97,104,106,107" m="31241,51754" machi="106" ten="40,5200,0" yaku="20,1,34,2" doraHai="7" who="1" fromWho="1" sc="254,-26,200,52,319,-13,227,-13" /><INIT seed="5,0,0,1,4,112" ten="228,252,306,214" oya="1" hai0="42,105,70,3,72,125,47,1,65,130,83,0,135" hai1="123,4,49,76,27,30,59,82,75,115,5,11,106" hai2="41,33,35,34,31,58,60,67,100,69,127,68,94" hai3="103,118,38,24,133,48,8,120,129,43,73,90,108"/><U85/><E106/><V132/><F132/><W87/><G133/><T40/><D135/><U89/><E123/><V18/><F127/><W121/><G73/><T77/><D42/><U26/><E115/><V102/><F41/><W114/><G38/><N who="0" m="21911" /><D130/><U117/><E117/><V119/><F119/><W54/><G114/><T15/><D15/><U23/><E11/><V6/><F6/><W110/><G103/><T56/><D56/><U53/><REACH who="1" step="1"/><E27/><REACH who="1" ten="228,242,306,214" step="2"/><V126/><F126/><W37/><G24/><T79/><D125/><U86/><E86/><V95/><F68/><W113/><G118/><T98/><D105/><U28/><E28/><V96/><F69/><W64/><G113/><T104/><D72/><U21/><E21/><V52/><F31/><W51/><G8/><T39/><D104/><U25/><E25/><V12/><F35/><W66/><G121/><T122/><D70/><U46/><E46/><V50/><F33/><W116/><G116/><T57/><D122/><U13/><E13/><V36/><F34/><W84/><G120/><T101/><D0/><U14/><E14/><V134/><F134/><W92/><G37/><T81/><D3/><U99/><E99/><V17/><F36/><W20/><G20/><T2/><D2/><U63/><E63/><V22/><F22/><W111/><G87/><T9/><D9/><U44/><E44/><N who="2" m="27719" /><F12/><W10/><G10/><T78/><D1/><U7/><E7/><V16/><F17/><W19/><G19/><T71/><D39/><U29/><E29/><V61/><F60/><W45/><G129/><T109/><D71/><RYUUKYOKU ba="0,1" sc="228,-30,242,10,306,10,214,10" hai1="4,5,23,26,30,49,53,59,75,76,82,85,89" hai2="16,18,58,61,67,94,95,96,100,102" hai3="43,45,48,51,54,64,66,84,90,92,108,110,111" /><INIT seed="5,1,1,5,3,106" ten="198,252,316,224" oya="1" hai0="24,123,27,85,35,46,129,33,82,105,66,87,0" hai1="68,55,81,63,114,36,102,44,31,128,132,56,112" hai2="16,108,40,119,69,90,97,50,11,2,61,80,126" hai3="76,34,70,125,38,54,30,113,134,28,135,116,19"/><U94/><E31/><V52/><F108/><W41/><G70/><T4/><D105/><U3/><E3/><V18/><F119/><W29/><G116/><T14/><D0/><U15/><E15/><V26/><F126/><W91/><G125/><T47/><D14/><U21/><E21/><V13/><F2/><W60/><G91/><T98/><D98/><N who="1" m="59735" /><E68/><V43/><F69/><W65/><G34/><T107/><D107/><U32/><E32/><V101/><F61/><W58/><G19/><T42/><D82/><U20/><E20/><N who="2" m="13575" /><F101/><W130/><G76/><T8/><D8/><U5/><E5/><V67/><F67/><W121/><G121/><T12/><D12/><U110/><E110/><V109/><F109/><W83/><G65/><T49/><D66/><U115/><E81/><V86/><F97/><W79/><G38/><T92/><D4/><U84/><E84/><V39/><F39/><W62/><G62/><T59/><D85/><U89/><E89/><V48/><F48/><W64/><G64/><T103/><D87/><U45/><E128/><V120/><F120/><W7/><G130/><T111/><D129/><U51/><E36/><V71/><F71/><W124/><G7/><T99/><D111/><U1/><E1/><V127/><F127/><W100/><G124/><T75/><D123/><U73/><E73/><V118/><F118/><W104/><G100/><T23/><D75/><U57/><E132/><N who="3" m="50730" /><G104/><T25/><D103/><U72/><E72/><V37/><F37/><W122/><G122/><T74/><D74/><U9/><E9/><V133/><F133/><RYUUKYOKU ba="1,1" sc="198,-15,252,15,316,15,224,-15" hai1="44,45,51,55,56,57,63,112,114,115" hai2="11,13,18,40,43,50,52,80,86,90" /><INIT seed="5,2,1,0,0,82" ten="183,267,331,209" oya="1" hai0="35,87,50,28,127,59,23,98,128,135,95,12,62" hai1="10,97,0,79,47,84,17,103,100,45,78,7,74" hai2="57,21,20,75,4,133,56,36,77,90,116,44,121" hai3="73,110,102,129,5,119,54,68,122,2,94,111,42"/><U6/><E74/><V11/><F116/><W9/><G119/><T120/><D35/><U58/><E7/><V30/><F121/><W15/><G68/><T40/><D128/><U130/><E130/><V91/><F133/><W131/><G122/><T1/><D1/><U38/><E100/><V13/><F75/><W61/><G73/><T34/><D135/><U29/><E29/><V33/><F77/><W48/><G61/><T134/><D134/><U109/><E109/><V65/><F33/><W89/><G102/><T49/><D120/><U93/><E38/><V80/><F90/><W24/><G42/><T92/><D34/><U27/><E58/><V125/><F125/><W85/><G2/><T53/><D127/><U52/><E52/><V51/><F36/><W123/><G123/><T63/><D87/><U60/><E60/><N who="0" m="23081" /><D98/><U83/><REACH who="1" step="1"/><E79/><REACH who="1" ten="183,257,331,209" step="2"/><V86/><F30/><W55/><G131/><T118/><D118/><U76/><E76/><V70/><F70/><W39/><G39/><T32/><D32/><U117/><E117/><V25/><F65/><W14/><G129/><T19/><D28/><U106/><E106/><V81/><F57/><W18/><G55/><N who="0" m="32239" /><D40/><U72/><E72/><V107/><F107/><W31/><G54/><T115/><D115/><U43/><E43/><V124/><F124/><W69/><G69/><T113/><D113/><U108/><E108/><V132/><F132/><W22/><G48/><T26/><D26/><U88/><E88/><N who="2" m="51271" /><F25/><W96/><G96/><T99/><D99/><U16/><E16/><V37/><F37/><W67/><G67/><RYUUKYOKU ba="2,2" sc="183,10,257,10,331,-30,209,10" hai0="12,19,23,50,53,92,95" hai1="0,6,10,17,27,45,47,78,83,84,93,97,103" hai3="5,9,14,15,18,22,24,31,85,89,94,110,111" /><INIT seed="5,3,2,1,1,69" ten="193,267,301,219" oya="1" hai0="29,97,4,115,8,3,21,22,0,27,110,123,82" hai1="37,74,79,9,109,57,53,112,25,98,118,15,78" hai2="96,49,75,70,26,68,93,108,32,121,52,76,13" hai3="66,133,11,72,65,73,36,40,35,77,50,55,100"/><U92/><E118/><V38/><F108/><W89/><G35/><N who="0" m="20927" /><D82/><U2/><E2/><V56/><F121/><W107/><G89/><T124/><D97/><U119/><E119/><V16/><F38/><W28/><G28/><T88/><D88/><U102/><E109/><V127/><F127/><W87/><G87/><T116/><D110/><U94/><E37/><V81/><F26/><W126/><G126/><T61/><D61/><U54/><E25/><V129/><F129/><W90/><G90/><T39/><D39/><U105/><E112/><V99/><F32/><W135/><G55/><T131/><D116/><U44/><E44/><V45/><F45/><N who="3" m="23687" /><G50/><T20/><D124/><U104/><E54/><V125/><F125/><W111/><G111/><T60/><D60/><U83/><E79/><V19/><F19/><W23/><G77/><T47/><D47/><U62/><E94/><V86/><F75/><W67/><G73/><T103/><D103/><U51/><REACH who="1" step="1"/><E51/><REACH who="1" ten="193,257,301,219" step="2"/><V17/><F93/><W14/><G107/><T58/><D115/><U12/><E12/><V64/><F13/><W120/><G120/><T134/><D3/><U101/><E101/><V85/><F76/><W48/><G100/><T59/><D123/><U80/><E80/><V114/><F81/><W6/><G48/><T42/><D42/><U33/><E33/><V130/><F114/><W71/><G72/><T34/><D34/><U106/><E106/><V95/><F95/><W31/><G71/><T46/><D46/><U132/><E132/><V24/><F70/><W5/><G135/><T7/><D134/><RYUUKYOKU ba="3,3" sc="193,-10,257,30,301,-10,219,-10" hai1="9,15,53,57,62,74,78,83,92,98,102,104,105" /><INIT seed="5,4,3,3,1,8" ten="183,287,291,209" oya="1" hai0="66,79,133,125,16,111,80,105,110,93,5,40,0" hai1="28,61,14,104,88,2,37,33,121,119,60,113,53" hai2="95,120,109,64,58,115,18,59,127,117,81,77,45" hai3="91,41,32,43,55,94,27,98,97,47,86,71,108"/><U123/><E2/><V34/><F109/><W51/><G108/><T83/><D105/><U6/><E104/><V100/><F117/><W73/><G73/><T49/><D66/><U99/><E37/><V129/><F120/><W4/><G71/><T22/><D83/><U10/><E119/><V106/><F106/><W84/><G4/><T12/><D133/><U116/><E116/><V46/><F34/><W31/><G97/><T131/><D125/><U92/><E113/><V13/><F127/><W50/><G43/><T57/><D131/><U114/><E114/><V39/><F115/><W82/><REACH who="3" step="1"/><G82/><REACH who="3" ten="183,287,291,199" step="2"/><T42/><D110/><U112/><E112/><V7/><F7/><W68/><G68/><T63/><D111/><U70/><E70/><V44/><F81/><W1/><G1/><T75/><D93/><U62/><E123/><V78/><F129/><W107/><G107/><T38/><D38/><U65/><E121/><V23/><F39/><W15/><G15/><T29/><D0/><U96/><E96/><V118/><F118/><W36/><G36/><T134/><D5/><U103/><E99/><V20/><F95/><W24/><G24/><N who="0" m="16535" /><D134/><U132/><E92/><V56/><F100/><W69/><G69/><T35/><D42/><U26/><E103/><V11/><F64/><W87/><G87/><T124/><D40/><U90/><E65/><V122/><F122/><W135/><G135/><T130/><D124/><U67/><E67/><V9/><F13/><W89/><G89/><N who="1" m="34410" /><E132/><V74/><F74/><W17/><G17/><T76/><D75/><U72/><E72/><RYUUKYOKU ba="4,4" sc="183,-15,287,15,291,-15,199,15" hai1="6,10,14,26,28,33,53,60,61,62" hai3="27,31,32,41,47,50,51,55,84,86,91,94,98" /><INIT seed="5,5,4,3,3,126" ten="168,302,276,214" oya="1" hai0="15,83,97,47,42,111,19,62,70,81,66,86,14" hai1="112,77,73,94,113,131,93,21,102,4,127,36,122" hai2="33,103,23,89,54,6,55,13,17,114,5,31,29" hai3="110,78,16,124,104,24,120,106,135,75,109,45,28"/><U72/><E36/><V0/><F0/><W25/><G120/><T7/><D111/><U130/><E122/><V8/><F33/><W132/><G124/><T57/><D7/><N who="2" m="2570" /><F103/><W105/><G45/><T20/><D97/><N who="1" m="59695" /><E127/><V134/><F134/><N who="3" m="51243" /><G16/><N who="0" m="10263" /><D70/><U115/><E4/><N who="2" m="3207" /><F114/><W98/><G98/><T49/><D86/><U129/><E77/><V27/><F89/><W37/><G37/><T43/><D43/><U51/><E21/><AGARI ba="5,4" hai="15,19,21,42,47,49,57,62,66,81,83" m="10263" machi="21" ten="30,2000,0" yaku="8,1,54,1" doraHai="126" who="0" fromWho="1" sc="168,75,302,-35,276,0,214,0" /><INIT seed="6,0,0,0,5,133" ten="243,267,276,214" oya="2" hai0="46,51,16,126,54,47,21,20,19,45,64,73,22" hai1="7,90,30,14,69,85,5,56,72,4,39,135,67" hai2="89,80,98,44,95,92,18,53,65,88,108,57,94" hai3="59,26,74,120,114,105,43,121,131,122,91,79,77"/><V129/><F129/><W119/><G105/><T102/><D73/><U76/><E39/><V117/><F117/><W111/><G119/><T12/><D126/><U62/><E135/><V78/><F108/><W109/><G43/><T81/><D81/><U49/><E30/><V118/><F118/><W104/><G104/><T125/><D125/><U115/><E115/><V63/><F18/><N who="0" m="6698" /><D102/><U106/><E106/><V113/><F113/><W110/><G114/><T130/><D130/><U127/><E127/><V31/><F31/><W0/><G0/><T123/><D123/><U101/><E101/><V32/><F32/><W28/><G131/><T23/><D64/><U48/><E69/><V37/><F37/><W40/><G40/><T6/><N who="0" m="5632" /><DORA hai="29" /><T8/><AGARI ba="0,0" hai="6,8,12,45,46,47,51,54" m="5632,6698" machi="8" ten="50,6400,0" yaku="4,1,8,1,54,1" doraHai="133,29" who="0" fromWho="0" sc="243,64,267,-16,276,-32,214,-16" /><INIT seed="7,0,0,2,2,90" ten="307,251,244,198" oya="3" hai0="0,126,47,21,121,63,65,17,15,130,33,94,45" hai1="66,13,95,9,112,27,54,25,37,117,79,134,93" hai2="29,98,115,96,20,116,43,19,4,41,5,81,57" hai3="53,92,86,78,73,24,103,133,75,23,82,129,100"/><W113/><G133/><T72/><D121/><U58/><E37/><V99/><F116/><W68/><G68/><T59/><D72/><U89/><E112/><V3/><F115/><W120/><G120/><T10/><D126/><U38/><E38/><V118/><F118/><W18/><G113/><T110/><D110/><U42/><E42/><N who="2" m="15883" /><F3/><W36/><G36/><T88/><D33/><U119/><E134/><V123/><F123/><W52/><G129/><T56/><D130/><U34/><E34/><V30/><F81/><W83/><G75/><T1/><D1/><U7/><E79/><V77/><F57/><W40/><G40/><T51/><D0/><U28/><E66/><V8/><F77/><W39/><G39/><T132/><D132/><U11/><E11/><V35/><F35/><W85/><G73/><T49/><D10/><U32/><E27/><N who="2" m="14751" /><F8/><W114/><G114/><T60/><D47/><U22/><E32/><V109/><F109/><W76/><REACH who="3" step="1"/><G103/><REACH who="3" ten="307,251,244,188" step="2"/><T71/><D71/><U125/><E119/><V55/><F55/><W46/><G46/><T127/><D127/><U74/><E125/><V48/><F48/><W87/><G87/><N who="0" m="52511" /><D45/><U67/><E74/><V64/><F64/><AGARI ba="0,1" hai="15,17,21,49,51,56,59,60,63,64,65" m="52511" machi="64" ten="30,3900,0" yaku="8,1,52,1,54,1" doraHai="90" who="0" fromWho="2" sc="307,49,251,0,244,-39,188,0" owari="356,45.0,251,5.0,205,-19.0,188,-31.0" /></mjloggm>