<mjloggm ver="2.3"><GO type="169" lobby="0"/><UN n0="%63%72%69%74%74%65%72" n1="%4B%E3%80%82" n2="%E3%82%A6%E3%83%AB%E3%83%88%E3%83%A9%E7%AB%8B%E7%9B%B4" n3="%E3%81%9B%E3%81%95%E3%81%BF%E3%82%93%E2%99%AA" dan="16,18,16,16" rate="2055.18,2258.61,2122.51,2118.34" sx="M,M,M,F"/><TAIKYOKU oya="0"/><INIT seed="0,0,0,5,0,90" ten="250,250,250,250" oya="0" hai0="2,108,86,70,100,107,21,16,77,76,124,59,17" hai1="133,9,46,5,135,66,6,43,35,71,116,36,95" hai2="132,115,52,15,58,69,128,102,32,121,130,63,109" hai3="105,44,114,29,65,10,79,25,51,56,75,85,101"/><T57/><D70/><U73/><E116/><V94/><F32/><W60/><G114/><T41/><D2/><U92/><E35/><V106/><F106/><W104/><G75/><T22/><D124/><U84/><E84/><V27/><F115/><W28/><G28/><T129/><D129/><N who="2" m="49770" /><F121/><W19/><G101/><T112/><D112/><U91/><E91/><V11/><F109/><W88/><G79/><T3/><D3/><N who="1" m="191" /><E6/><V67/><F27/><W80/><G29/><T45/><D108/><U50/><E50/><N who="2" m="30999" /><F132/><N who="1" m="50761" /><E73/><V134/><F134/><W37/><G37/><T68/><D68/><U111/><E111/><V24/><F24/><W26/><G105/><T61/><D107/><U93/><E71/><V113/><F113/><W4/><G104/><T120/><D120/><U123/><E66/><V83/><F83/><W40/><REACH who="3" step="1"/><G19/><REACH who="3" ten="250,250,250,240" step="2"/><T97/><D17/><U125/><E123/><V39/><F39/><W96/><G96/><T82/><D97/><U78/><E78/><V89/><F102/><W131/><G131/><T47/><D100/><U53/><E53/><V42/><F89/><W31/><G31/><T48/><D76/><U62/><E62/><V81/><F63/><W49/><G49/><T23/><D61/><U18/><E18/><V126/><F67/><W87/><G87/><T13/><REACH who="0" step="1"/><D47/><REACH who="0" ten="240,250,250,240" step="2"/><U0/><E0/><AGARI ba="0,2" hai="0,4,10,25,26,40,44,51,56,60,65,80,85,88" machi="0" ten="30,8000,1" yaku="1,1,7,1,54,1,53,2" doraHai="90" doraHaiUra="20" who="3" fromWho="1" sc="240,0,250,-80,250,0,240,100" /><INIT seed="1,0,0,4,1,98" ten="240,170,250,340" oya="1" hai0="67,32,124,103,61,126,27,81,47,108,54,41,119" hai1="55,130,106,40,66,125,104,118,18,77,11,2,76" hai2="87,99,122,134,82,90,69,71,123,65,16,72,29" hai3="36,64,58,37,75,7,74,21,3,19,14,133,46"/><U115/><E118/><V78/><F29/><W30/><G133/><T96/><D119/><U100/><E115/><V68/><F65/><W43/><G36/><T48/><D108/><U86/><E130/><V49/><F134/><W63/><REACH who="3" step="1"/><G30/><REACH who="3" ten="240,170,250,330" step="2"/><T57/><D124/><U102/><E125/><V112/><F112/><W70/><G70/><T127/><D126/><U97/><E40/><V15/><F71/><W0/><G0/><T101/><D127/><U45/><E2/><V8/><F69/><W88/><G88/><T120/><D120/><U4/><E77/><V80/><F68/><W89/><G89/><T33/><D81/><U92/><E76/><V38/><F38/><W51/><G51/><T85/><D48/><U93/><E106/><V17/><F49/><W132/><G132/><T44/><D61/><U34/><E104/><V5/><F122/><W94/><G94/><T110/><D110/><U84/><E92/><V10/><F123/><W39/><G39/><T83/><D83/><U50/><E93/><V24/><F82/><W121/><G121/><T73/><D73/><U9/><E50/><V20/><F72/><W116/><G116/><T60/><D60/><U52/><E45/><V12/><F78/><W56/><G56/><T95/><D57/><U111/><E111/><V109/><F109/><W42/><G42/><T31/><D41/><U114/><E114/><V107/><F107/><W6/><G6/><T22/><D47/><U129/><E4/><V23/><F5/><W62/><G62/><T113/><D44/><U1/><E1/><V53/><F80/><RYUUKYOKU ba="0,1" sc="240,-10,170,-10,250,-10,330,30" hai3="3,7,14,19,21,37,43,46,58,63,64,74,75" /><INIT seed="2,1,1,3,1,32" ten="230,160,240,360" oya="2" hai0="124,87,29,92,83,6,22,45,106,42,116,133,16" hai1="125,47,18,119,68,84,60,40,95,72,81,57,66" hai2="130,62,14,118,86,19,79,115,0,17,54,34,102" hai3="123,103,128,100,11,131,3,28,96,64,107,58,69"/><V78/><F118/><W104/><G58/><T80/><D106/><U75/><E119/><V61/><F115/><W33/><G123/><T53/><D116/><U27/><E125/><V55/><F34/><W101/><G101/><T8/><D124/><U98/><E68/><V134/><F102/><W65/><G103/><T109/><D109/><U38/><E18/><N who="2" m="6667" /><F0/><W2/><G107/><T126/><D126/><U82/><E27/><V71/><F71/><W24/><G64/><T117/><D117/><U1/><E82/><V13/><F130/><N who="3" m="49707" /><G11/><T25/><D133/><U15/><E15/><N who="2" m="5643" /><F86/><W127/><G127/><T121/><D121/><U9/><E98/><V4/><F4/><W113/><G113/><T35/><D87/><U23/><E95/><V12/><N who="2" m="5651" /><V52/><DORA hai="7" /><F134/><W48/><G48/><T110/><D92/><U21/><E75/><V44/><F44/><W112/><G112/><T49/><D110/><U41/><E72/><V50/><F50/><W30/><G30/><T89/><D29/><U120/><E120/><V10/><F10/><W59/><G69/><T77/><D35/><U73/><E73/><V129/><F129/><W37/><G37/><T39/><D8/><U108/><E108/><V5/><F5/><W135/><G135/><T132/><D6/><N who="1" m="1231" /><E38/><V43/><F43/><N who="1" m="16457" /><E47/><V97/><F97/><W93/><G104/><T70/><D70/><U51/><E51/><V46/><F46/><W105/><G105/><T94/><D132/><U91/><E23/><V67/><F67/><W111/><G111/><T63/><D22/><U76/><E21/><RYUUKYOKU ba="1,1" sc="230,-30,160,10,240,10,360,10" hai1="57,60,66,76,81,84,91" hai2="52,54,55,61,62,78,79" hai3="2,3,24,28,33,59,65,93,96,100" /><INIT seed="2,2,1,0,1,3" ten="200,170,250,370" oya="2" hai0="8,93,101,52,86,118,89,45,110,126,105,70,95" hai1="54,116,49,129,14,31,64,119,109,94,122,80,67" hai2="73,46,85,28,98,44,65,115,30,103,79,135,117" hai3="76,60,53,96,104,21,50,55,72,7,131,23,123"/><V87/><F117/><W43/><G123/><T84/><D70/><U25/><E122/><V29/><F115/><W130/><G72/><T111/><D8/><U0/><E0/><V12/><F135/><W24/><G76/><T124/><D45/><N who="2" m="17514" /><F73/><W27/><G43/><T19/><D19/><U33/><E129/><V26/><F26/><W88/><G60/><T128/><D52/><U17/><E116/><V34/><F34/><W71/><G71/><T102/><D118/><U1/><E1/><V121/><F121/><W47/><G104/><T91/><D105/><U37/><E37/><V40/><F40/><W59/><G47/><T39/><D39/><U127/><E119/><V82/><F65/><W32/><G32/><T56/><REACH who="0" step="1"/><D56/><REACH who="0" ten="190,170,250,370" step="2"/><U100/><E54/><V51/><F51/><W120/><G59/><T18/><D18/><U92/><E49/><V4/><F30/><W99/><G50/><T125/><D125/><U83/><E127/><V97/><F29/><W114/><G120/><T38/><D38/><U112/><E31/><V5/><F28/><W74/><G53/><T108/><D108/><U68/><E109/><V10/><F4/><W66/><G7/><T107/><D107/><U20/><E68/><V2/><F5/><W75/><G66/><T6/><D6/><U90/><E67/><V9/><F9/><W77/><G55/><T81/><D81/><U13/><E64/><V42/><F10/><W63/><G114/><T16/><D16/><U133/><E112/><V78/><F2/><W62/><G131/><AGARI ba="2,2" hai="84,86,89,91,93,95,101,102,110,111,124,126,128,131" machi="131" ten="25,16000,3" yaku="1,1,22,2,34,3,53,2" doraHai="3" doraHaiUra="134" who="0" fromWho="3" sc="190,186,170,0,250,0,370,-166" /><INIT seed="3,0,0,0,0,91" ten="376,170,250,204" oya="3" hai0="131,3,101,40,71,41,69,87,119,130,81,43,5" hai1="55,115,104,26,57,15,10,77,75,102,13,24,12" hai2="19,123,90,59,85,58,1,127,73,70,20,46,132" hai3="96,95,2,51,67,37,6,4,118,23,113,31,129"/><W114/><G118/><T38/><D38/><U42/><E115/><V49/><F73/><W7/><G37/><T16/><D119/><U53/><E42/><V135/><F70/><W18/><G2/><T108/><D108/><U105/><E75/><V0/><F127/><W128/><G31/><T78/><D101/><U17/><E77/><V11/><F59/><W29/><G29/><T94/><D94/><U62/><E104/><V61/><F123/><W84/><G67/><T48/><D48/><U30/><E105/><V32/><F32/><W68/><G51/><T103/><D103/><U65/><E102/><V117/><F11/><W54/><G54/><N who="1" m="20490" /><E30/><V36/><F36/><W133/><G84/><T44/><D44/><U76/><E76/><V111/><F117/><W134/><G68/><T8/><D16/><N who="1" m="8215" /><E15/><V50/><F1/><W126/><G113/><T120/><D120/><U64/><E64/><N who="2" m="38967" /><F0/><W45/><G114/><T97/><D97/><U34/><E34/><V33/><F33/><W52/><G126/><T63/><D63/><U93/><E93/><N who="2" m="54479" /><F111/><W86/><G45/><T56/><D56/><U121/><E121/><V27/><F46/><W28/><G28/><T92/><D92/><U47/><E47/><V14/><F14/><N who="3" m="9687" /><G52/><T100/><REACH who="0" step="1"/><D100/><REACH who="0" ten="366,170,250,204" step="2"/><U60/><E60/><V9/><F9/><AGARI ba="0,1" hai="9,13,17,24,26,57,62,65" m="8215,20490" machi="9" ten="30,2000,0" yaku="8,1,54,1" doraHai="91" who="1" fromWho="2" sc="366,0,170,30,250,-20,204,0" /><INIT seed="4,0,0,5,0,69" ten="366,200,230,204" oya="0" hai0="123,78,29,132,68,103,115,134,109,38,74,62,131" hai1="72,94,0,107,110,101,20,88,11,43,56,122,34" hai2="127,50,1,124,118,8,111,116,15,61,60,18,9" hai3="22,31,30,66,16,104,125,47,70,105,64,133,112"/><T46/><D123/><U4/><E110/><V108/><F50/><W35/><G112/><T45/><D103/><U106/><E122/><V126/><F61/><W96/><G35/><T65/><D29/><U2/><E34/><V53/><F53/><W135/><G47/><T87/><D74/><U77/><E0/><V119/><F60/><W76/><G76/><T99/><D99/><U102/><E102/><V57/><F57/><W73/><G73/><T6/><D6/><AGARI ba="0,0" hai="1,6,8,9,15,18,108,111,116,118,119,124,126,127" machi="6" ten="50,8000,1" yaku="12,1,18,1,34,3" doraHai="69" who="2" fromWho="0" sc="366,-80,200,0,230,80,204,0" /><INIT seed="5,0,0,0,0,94" ten="286,200,310,204" oya="1" hai0="128,105,114,29,46,127,107,123,14,23,24,21,15" hai1="36,124,121,103,95,82,122,134,49,65,44,59,6" hai2="10,27,28,63,120,85,104,2,102,25,41,133,87" hai3="78,135,16,71,116,112,70,84,51,77,55,99,125"/><U129/><E36/><V20/><F120/><W119/><G112/><T48/><D114/><U75/><E6/><V31/><F133/><W97/><G135/><T80/><D123/><U113/><E134/><V81/><F41/><W12/><G125/><T115/><D115/><U40/><E113/><V30/><F30/><W8/><G70/><T18/><D127/><U38/><E124/><V110/><F110/><W56/><G71/><T17/><D80/><U69/><E129/><V90/><F104/><W89/><G77/><T91/><D91/><U93/><E75/><V52/><F102/><W5/><G78/><T126/><D128/><U26/><E82/><V47/><F10/><W68/><G68/><T7/><D7/><U111/><E26/><V66/><F2/><W9/><G119/><T54/><REACH who="0" step="1"/><D126/><REACH who="0" ten="276,200,310,204" step="2"/><U60/><E111/><V83/><F90/><W130/><G130/><T117/><D117/><U42/><E103/><V1/><F83/><N who="3" m="49311" /><G116/><T61/><D61/><N who="1" m="40111" /><E93/><V92/><F92/><W45/><G56/><T43/><D43/><N who="1" m="24735" /><E95/><V131/><F131/><W0/><AGARI ba="0,1" hai="0,5,8,9,12,16,45,51,55,97,99" m="49311" machi="0" ten="30,7900,0" yaku="25,1,52,2,54,1" doraHai="94" who="3" fromWho="3" sc="276,-20,200,-39,310,-20,204,89" /><INIT seed="6,0,0,1,1,10" ten="256,161,290,293" oya="2" hai0="16,76,11,132,77,33,5,25,52,74,45,96,106" hai1="81,71,86,53,112,105,85,30,54,126,117,133,104" hai2="15,64,2,23,63,110,8,100,83,62,36,49,17" hai3="113,124,34,61,93,131,22,90,102,58,115,129,88"/><V127/><F36/><W46/><G34/><T82/><D77/><U135/><E30/><V70/><F127/><W69/><G69/><T122/><D122/><U121/><E71/><V20/><F110/><W42/><G124/><T14/><D132/><U26/><E26/><V134/><F134/><W84/><G102/><T28/><D5/><U55/><E126/><V109/><F109/><W3/><G3/><T75/><D75/><U79/><E121/><V78/><F100/><W29/><G29/><T111/><D111/><U73/><E73/><V89/><F89/><W107/><G107/><T128/><D128/><N who="3" m="49225" /><G22/><T44/><D106/><U91/><E55/><V125/><F125/><W68/><G68/><T0/><D96/><U38/><E91/><V114/><F114/><N who="3" m="43531" /><G90/><T39/><D0/><U66/><E112/><V97/><F2/><W31/><G31/><T6/><D33/><U80/><E79/><V92/><F23/><W94/><G94/><T57/><D28/><U103/><E103/><V19/><F78/><W7/><G7/><T51/><REACH who="0" step="1"/><D39/><REACH who="0" ten="246,161,290,293" step="2"/><U4/><E4/><V21/><F19/><W12/><G12/><T35/><D35/><U37/><REACH who="1" step="1"/><E117/><REACH who="1" ten="246,151,290,293" step="2"/><V130/><F130/><W50/><G61/><T24/><D24/><U56/><E56/><AGARI ba="0,2" hai="42,46,50,56,58,84,88,93" m="43531,49225" machi="56" ten="30,7700,0" yaku="19,1,15,1,11,1,54,1" doraHai="10" who="3" fromWho="1" sc="246,0,151,-77,290,0,293,97" /><INIT seed="7,0,0,4,2,62" ten="246,74,290,390" oya="3" hai0="43,91,117,83,133,135,96,87,124,3,108,112,48" hai1="59,16,90,25,115,2,85,50,99,9,119,129,69" hai2="102,100,15,121,49,65,8,36,106,35,72,88,4" hai3="95,94,110,14,1,73,20,21,107,71,128,84,37"/><W34/><G1/><T38/><D38/><U11/><E69/><V44/><F72/><W51/><G51/><T7/><D3/><U104/><E115/><V52/><F35/><W93/><G93/><T41/><D7/><U82/><E129/><V134/><F134/><N who="0" m="51210" /><D48/><U5/><E119/><V81/><F106/><W131/><G95/><N who="0" m="56447" /><D43/><U53/><E104/><V23/><F36/><W46/><G21/><T39/><D39/><U13/><E99/><V30/><F121/><W42/><G20/><T45/><D45/><U105/><E105/><V26/><F65/><W56/><G46/><T19/><D19/><U97/><E97/><V92/><F81/><W47/><G42/><T79/><D41/><U33/><E33/><V109/><F109/><W6/><G34/><T24/><D24/><U118/><E118/><V57/><F44/><W29/><G47/><T17/><D17/><U28/><E28/><V40/><F40/><W60/><G29/><T114/><D117/><U74/><E74/><V122/><F122/><W103/><G37/><T67/><D67/><U130/><E130/><V32/><F32/><W132/><G128/><T31/><D31/><U101/><E101/><V63/><F49/><W111/><G131/><T123/><D123/><U68/><E68/><V76/><F30/><W116/><G132/><T10/><D10/><U66/><E25/><V12/><F26/><W27/><G27/><T113/><D108/><U18/><REACH who="1" step="1"/><E18/><REACH who="1" ten="246,64,290,390" step="2"/><V126/><F102/><W22/><G103/><T55/><D114/><U64/><AGARI ba="0,1" hai="2,5,9,11,13,16,50,53,59,64,66,82,85,90" machi="64" ten="30,12000,2" yaku="1,1,2,1,0,1,52,2,54,1,53,1" doraHai="62" doraHaiUra="86" who="1" fromWho="1" sc="246,-30,64,130,290,-30,390,-60" owari="216,-18.0,194,-31.0,260,6.0,330,43.0" /></mjloggm>