<mjloggm ver="2.3"><GO type="41" lobby="0"/><UN n0="%E5%B0%B1%E6%B4%BB%E7%94%9F%40%E5%B7%9D%E6%9D%91%E8%BB%8D%E5%9B%A3" n1="%E3%82%A4%E3%83%83%E3%82%BB" n2="%73%73%2D%6E%65%6B%6F" n3="%62%61%62%79%6C%6F%6E" dan="16,13,14,13" rate="2149.15,1883.30,1938.37,1902.09" sx="M,M,M,M"/><TAIKYOKU oya="0"/><INIT seed="0,0,0,5,0,28" ten="250,250,250,250" oya="0" hai0="91,62,78,75,61,102,95,51,18,69,56,92,67" hai1="48,116,76,88,112,7,43,104,4,72,37,103,128" hai2="26,101,49,45,79,20,73,44,58,113,111,23,110" hai3="81,133,65,12,66,1,129,50,27,107,55,47,0"/><T30/><D102/><U114/><E116/><V89/><F101/><W52/><G107/><T59/><D30/><U5/><E37/><V16/><F113/><W68/><G133/><T42/><D75/><U121/><E121/><V132/><F132/><W14/><G129/><T98/><D78/><U63/><E63/><V106/><F106/><W74/><G1/><T38/><D38/><U25/><E25/><V83/><F58/><W119/><G0/><T86/><D61/><U64/><E64/><V19/><F89/><W71/><G68/><T93/><D18/><U77/><E48/><V17/><F45/><W125/><G125/><T127/><D127/><U100/><E43/><V134/><F134/><W131/><G131/><T108/><D108/><N who="2" m="41514" /><F23/><W24/><G119/><T29/><D29/><U120/><E128/><V123/><F123/><W118/><G118/><T46/><REACH who="0" step="1"/><D98/><REACH who="0" ten="240,250,250,250" step="2"/><U57/><E120/><V82/><F19/><W80/><G74/><T87/><D87/><U70/><E112/><V8/><F79/><W33/><G33/><T2/><D2/><U60/><E114/><V84/><F84/><W41/><G24/><T94/><AGARI ba="0,1" hai="42,46,51,56,59,62,67,69,86,91,92,93,94,95" machi="94" ten="30,3000,0" yaku="1,1,0,1,53,0" doraHai="28" doraHaiUra="11" who="0" fromWho="0" sc="240,40,250,-10,250,-10,250,-10" /><INIT seed="0,1,0,0,4,75" ten="280,240,240,240" oya="0" hai0="6,53,91,25,117,42,33,108,26,17,39,131,22" hai1="68,106,109,64,18,3,27,107,12,0,94,29,14" hai2="44,32,116,21,95,2,99,30,105,36,98,74,110" hai3="69,8,114,100,126,121,41,52,71,104,49,134,1"/><T35/><D117/><U84/><E109/><V113/><F74/><W59/><G114/><T70/><D70/><U83/><E68/><V81/><F32/><N who="0" m="12362" /><D39/><U101/><E64/><V85/><F2/><W37/><G126/><T80/><D42/><U103/><E3/><V65/><F65/><W23/><G134/><T119/><D91/><U135/><E0/><V82/><F116/><W13/><G121/><T46/><D46/><U123/><E135/><V87/><F44/><W11/><G1/><T79/><D53/><U112/><E123/><V89/><F110/><W120/><G120/><T51/><D51/><U45/><E112/><V31/><F36/><W122/><G122/><T43/><D43/><U63/><E45/><V60/><F60/><W61/><G37/><T57/><D57/><U58/><E63/><V96/><F105/><W47/><G23/><N who="0" m="13551" /><D119/><U48/><E107/><V15/><F113/><W133/><G100/><T73/><D6/><U128/><E106/><V93/><F99/><W66/><G104/><T115/><D115/><U125/><E48/><V92/><F98/><W24/><G69/><T124/><D108/><U118/><E58/><V34/><F96/><W5/><G59/><T20/><D124/><U102/><E118/><V9/><F95/><W130/><G71/><T90/><D131/><U56/><E94/><V4/><F93/><W7/><G66/><T16/><D90/><U38/><E125/><V77/><F92/><W54/><G49/><T97/><D97/><U88/><E38/><V72/><F89/><W62/><G61/><T28/><D28/><RYUUKYOKU ba="1,0" sc="280,30,240,-10,240,-10,240,-10" hai0="16,20,22,26,73,79,80" /><INIT seed="0,2,0,5,2,39" ten="310,230,230,230" oya="0" hai0="131,88,82,73,93,91,79,54,46,50,97,47,72" hai1="90,95,56,80,28,8,94,74,20,96,107,52,111" hai2="108,70,38,84,49,122,27,58,45,109,104,21,1" hai3="29,134,103,132,48,17,100,61,123,13,26,60,5"/><T99/><D131/><U31/><E111/><N who="2" m="42571" /><F70/><W10/><G123/><T7/><D7/><U62/><E107/><V22/><F1/><W101/><G48/><T118/><D118/><U44/><E74/><V66/><F38/><W41/><G41/><T69/><D69/><U15/><E20/><V32/><F104/><W16/><G132/><T81/><D47/><U65/><E80/><V19/><F84/><W33/><REACH who="3" step="1"/><G134/><REACH who="3" ten="310,230,230,220" step="2"/><T30/><D30/><U68/><E44/><V25/><F122/><W87/><G87/><T124/><D124/><U3/><E3/><V78/><F49/><W24/><G24/><T126/><D126/><U9/><E31/><V98/><F27/><W105/><G105/><T102/><D97/><U75/><E28/><V117/><F98/><W18/><AGARI ba="2,1" hai="5,10,13,16,17,18,26,29,33,60,61,100,101,103" machi="18" ten="30,7900,0" yaku="1,1,0,1,54,1,53,1" doraHai="39" doraHaiUra="4" who="3" fromWho="3" sc="310,-41,230,-22,230,-22,220,95" /><INIT seed="1,0,0,0,2,33" ten="269,208,208,315" oya="1" hai0="0,53,102,97,65,94,109,34,115,127,104,122,69" hai1="46,62,80,47,93,75,131,25,90,38,123,57,56" hai2="11,58,42,135,7,36,3,74,103,96,16,76,19" hai3="5,88,125,110,67,112,1,18,51,132,133,63,20"/><U45/><E123/><V134/><F58/><W129/><G112/><T116/><RYUUKYOKU type="yao9" ba="0,0" sc="269,0,208,0,208,0,315,0" hai0="0,34,53,65,69,94,97,102,104,109,115,116,122,127" /><INIT seed="1,1,0,5,3,112" ten="269,208,208,315" oya="1" hai0="65,110,89,56,135,14,116,6,117,80,114,44,85" hai1="81,71,94,24,104,50,77,46,75,13,132,100,42" hai2="103,109,124,93,28,111,29,118,40,68,25,97,123" hai3="95,87,99,126,92,35,9,5,48,45,34,63,12"/><U26/><E71/><V23/><F68/><W88/><G126/><T130/><D114/><U115/><E115/><V101/><F124/><W79/><G63/><T49/><D110/><N who="2" m="41994" /><F40/><W15/><G15/><T59/><D135/><U21/><E104/><V1/><F1/><W119/><G119/><T91/><D130/><U47/><E47/><V98/><F118/><W52/><REACH who="3" step="1"/><G79/><REACH who="3" ten="269,208,208,305" step="2"/><T70/><D70/><U127/><E132/><V16/><F123/><W43/><G43/><T74/><D65/><U60/><E127/><V8/><F8/><W0/><G0/><T19/><D6/><U61/><E13/><V129/><F129/><W83/><G83/><T55/><D74/><U108/><E108/><V120/><F120/><W10/><G10/><N who="0" m="6615" /><D91/><AGARI ba="1,1" hai="5,9,12,34,35,45,48,52,87,88,91,92,95,99" machi="91" ten="30,8000,1" yaku="1,1,7,1,54,2,53,1" doraHai="112" doraHaiUra="2" who="3" fromWho="0" sc="269,-83,208,0,208,0,305,93" /><INIT seed="2,0,0,3,0,122" ten="186,208,208,398" oya="2" hai0="103,77,128,65,55,134,31,32,15,35,75,101,78" hai1="52,49,7,115,119,123,66,3,86,12,69,34,58" hai2="92,90,57,68,9,108,40,2,24,109,74,120,80" hai3="107,121,135,106,125,83,129,99,44,13,61,48,45"/><V10/><F68/><W118/><G121/><T126/><D65/><U93/><E34/><N who="0" m="12841" /><D31/><U20/><E3/><V14/><F40/><W22/><G118/><T114/><D114/><U25/><E119/><V30/><F120/><W59/><G135/><T18/><D55/><U63/><E123/><V112/><F112/><W26/><G129/><T19/><D15/><U37/><E115/><V5/><F57/><W127/><G13/><T33/><D33/><U132/><E132/><V130/><F130/><W39/><G39/><T84/><D84/><U97/><E86/><V36/><F36/><W76/><G99/><T95/><D95/><U81/><E81/><V117/><F117/><W1/><G1/><T124/><D75/><U111/><E111/><N who="2" m="42571" /><F80/><W94/><G94/><T11/><D11/><U91/><E37/><V87/><F74/><W43/><G45/><T105/><D105/><U110/><E110/><V62/><F62/><W73/><G106/><T60/><D60/><U56/><E69/><V89/><F89/><W102/><G107/><T46/><D46/><U16/><E7/><N who="2" m="1271" /><F24/><AGARI ba="0,0" hai="12,16,20,24,25,49,52,56,58,63,66,91,93,97" machi="24" ten="40,5200,0" yaku="8,1,54,2" doraHai="122" who="1" fromWho="2" sc="186,0,208,52,208,-52,398,0" /><INIT seed="3,0,0,1,1,62" ten="186,260,156,398" oya="3" hai0="54,75,68,44,106,48,35,20,39,21,1,65,85" hai1="124,88,109,58,17,104,34,22,18,30,69,128,92" hai2="114,3,72,28,112,127,26,132,126,5,67,4,110" hai3="119,25,113,84,87,108,14,19,49,10,53,117,134"/><W115/><G134/><T83/><D35/><U120/><E104/><V38/><F38/><W55/><G108/><T57/><D106/><U73/><E73/><V64/><F72/><W99/><G99/><T76/><D1/><U47/><E120/><V33/><F110/><W15/><G25/><T118/><D118/><U8/><E109/><V111/><F111/><W94/><G94/><T133/><D75/><U2/><E69/><V16/><F132/><W50/><G19/><T135/><D135/><U86/><E128/><V103/><F103/><W89/><G89/><T41/><D133/><U37/><E124/><N who="2" m="47659" /><F16/><W42/><G42/><T51/><D51/><U23/><E37/><V63/><F63/><AGARI ba="0,0" hai="20,21,39,41,44,48,54,57,63,65,68,76,83,85" machi="63" ten="40,5200,0" yaku="24,2,52,1" doraHai="62" who="0" fromWho="2" sc="186,52,260,0,156,-52,398,0" /><INIT seed="4,0,0,1,3,117" ten="238,260,104,398" oya="0" hai0="107,37,11,19,34,18,68,93,85,82,131,129,130" hai1="73,54,104,87,14,132,42,30,133,8,52,21,43" hai2="12,91,126,80,118,122,76,66,46,83,49,103,100" hai3="115,123,102,97,53,24,96,75,40,90,60,89,41"/><T105/><D68/><U125/><E104/><N who="0" m="40009" /><D37/><U50/><E73/><V124/><F66/><W62/><G75/><T108/><D34/><U67/><E67/><V119/><F12/><W116/><G116/><N who="2" m="44585" /><F49/><W39/><G115/><T9/><D93/><U51/><E125/><N who="2" m="48235" /><F46/><W135/><G135/><N who="1" m="51786" /><E21/><V47/><F47/><W81/><G24/><T56/><D56/><N who="1" m="32791" /><E30/><V27/><F27/><W128/><G40/><T95/><D95/><U112/><E112/><V61/><F61/><W72/><G41/><T55/><D55/><U92/><E54/><V59/><F59/><W98/><G60/><T134/><D134/><U33/><E51/><V35/><F35/><W3/><G62/><T78/><D108/><U69/><E33/><V23/><F23/><W28/><G53/><T88/><D78/><U121/><E69/><V38/><F38/><W64/><G39/><T22/><D18/><N who="1" m="8519" /><E42/><V2/><F2/><W58/><G64/><T84/><D84/><U70/><E43/><V0/><F0/><W114/><G3/><T48/><D48/><U109/><E109/><V10/><F10/><W74/><G28/><T25/><AGARI ba="0,0" hai="9,11,19,22,25,82,85,88,129,130,131" m="40009" machi="25" ten="40,3900,0" yaku="19,1,54,1" doraHai="117" who="0" fromWho="0" sc="238,39,260,-13,104,-13,398,-13" /><INIT seed="4,1,0,3,5,112" ten="277,247,91,385" oya="0" hai0="12,38,57,75,47,3,46,27,76,55,49,81,113" hai1="19,18,82,102,8,48,42,7,124,116,104,33,16" hai2="22,79,60,108,51,28,50,31,41,96,100,93,109" hai3="13,11,92,87,74,122,21,127,32,23,54,114,135"/><T105/><D113/><U86/><E33/><V91/><F109/><W107/><G32/><T10/><D105/><U43/><E124/><V4/><F108/><W63/><G74/><T103/><D103/><U90/><E116/><V36/><F36/><W56/><G107/><T133/><D133/><U80/><E104/><V123/><F123/><W64/><G135/><T110/><D110/><U101/><E80/><V20/><F4/><W84/><G114/><T5/><D27/><U73/><E73/><V70/><F79/><W24/><G127/><T59/><REACH who="0" step="1"/><D12/><REACH who="0" ten="267,247,91,385" step="2"/><U94/><E102/><V125/><F100/><W1/><G13/><T83/><D83/><U106/><E106/><V44/><F125/><W120/><G120/><T78/><D78/><U77/><E101/><V71/><F31/><W58/><G122/><T9/><D9/><U52/><E82/><V118/><F28/><W72/><G24/><T67/><D67/><U14/><REACH who="1" step="1"/><E77/><REACH who="1" ten="267,237,91,385" step="2"/><V98/><F118/><W121/><G121/><T117/><D117/><U61/><E61/><V129/><F60/><W34/><G63/><T126/><D126/><U89/><E89/><V17/><F91/><W88/><G88/><T130/><D130/><U119/><E119/><V115/><F129/><W53/><G64/><T62/><D62/><U25/><E25/><V6/><F115/><W30/><G1/><T65/><D65/><U95/><E95/><V29/><F93/><W99/><G92/><T69/><D69/><U66/><E66/><V111/><F70/><W85/><G11/><T2/><D2/><U134/><E134/><RYUUKYOKU ba="1,2" sc="267,15,237,15,91,-15,385,-15" hai0="3,5,10,38,46,47,49,55,57,59,75,76,81" hai1="7,8,14,16,18,19,42,43,48,52,86,90,94" /><INIT seed="4,2,2,1,0,86" ten="282,252,76,370" oya="0" hai0="115,3,0,85,7,63,20,47,97,28,120,80,42" hai1="89,58,76,21,68,130,92,43,37,126,132,114,100" hai2="91,45,17,96,57,13,102,50,82,123,11,41,44" hai3="31,79,83,108,5,127,67,112,36,56,118,25,8"/><T134/><D120/><U121/><E68/><V110/><F110/><W9/><G108/><T106/><D115/><U73/><E121/><V60/><F123/><W107/><G118/><T51/><D134/><U40/><E132/><V35/><F35/><W65/><G107/><T59/><D106/><U22/><E114/><V66/><F45/><W14/><G36/><T116/><D116/><U128/><E100/><V122/><F122/><W39/><G39/><T15/><D97/><U103/><E103/><V4/><F4/><W77/><G127/><T48/><D48/><U124/><E76/><V95/><REACH who="2" step="1"/><F82/><REACH who="2" ten="282,252,66,370" step="2"/><W70/><G83/><T101/><D7/><U49/><E37/><V38/><F38/><W30/><G112/><T111/><D111/><U98/><E73/><V10/><F10/><W55/><G8/><T18/><D3/><U93/><E58/><V125/><F125/><N who="1" m="48233" /><E49/><V53/><F53/><W34/><G9/><T131/><D0/><U64/><E64/><V33/><F33/><W129/><G5/><T104/><D59/><U135/><E135/><V117/><F117/><W119/><G65/><T46/><D46/><U6/><E6/><V24/><F24/><W72/><G67/><T61/><D47/><U71/><E71/><V16/><F16/><W113/><G25/><T1/><D51/><U81/><E81/><V75/><F75/><W23/><G70/><T90/><D80/><U19/><E19/><V105/><F105/><W26/><G72/><T32/><D104/><U29/><E29/><V74/><F74/><W87/><G113/><T94/><D28/><RYUUKYOKU ba="2,3" sc="282,-10,252,-10,66,30,370,-10" hai2="11,13,17,41,44,50,57,60,66,91,95,96,102" /><INIT seed="5,3,3,4,4,3" ten="272,242,96,360" oya="1" hai0="133,69,75,74,132,123,17,49,72,63,120,68,83" hai1="27,36,7,117,48,126,67,37,71,4,93,97,56" hai2="11,62,66,22,103,101,105,38,43,102,64,121,73" hai3="90,52,129,8,12,10,99,53,25,78,82,119,110"/><U47/><E117/><V89/><F121/><N who="0" m="46666" /><D17/><U98/><E126/><V0/><F73/><N who="0" m="28266" /><D49/><U57/><E71/><N who="0" m="27209" /><D63/><N who="1" m="38375" /><E37/><V58/><F105/><W85/><G129/><T1/><D1/><U124/><E36/><V35/><F35/><W54/><G110/><T6/><D6/><N who="1" m="2091" /><E124/><V115/><F115/><W2/><G119/><T76/><AGARI ba="3,3" hai="75,76,83,132,133" m="27209,28266,46666" machi="76" ten="40,2700,0" yaku="13,1,23,1" doraHai="3" who="0" fromWho="0" sc="272,66,242,-16,96,-10,360,-10" /><INIT seed="6,0,0,1,5,49" ten="338,226,86,350" oya="2" hai0="6,68,118,0,59,97,102,129,19,84,75,77,48" hai1="124,34,72,123,106,56,53,38,121,4,130,94,131" hai2="63,80,78,20,61,33,74,55,92,23,29,2,52" hai3="35,31,112,67,46,26,81,119,86,27,47,120,110"/><V95/><F2/><W13/><G119/><T98/><D68/><U126/><E34/><V3/><F3/><W111/><G120/><N who="1" m="46154" /><E94/><V105/><F105/><W30/><G67/><T44/><D75/><U122/><N who="1" m="46162" /><U107/><DORA hai="96" /><E4/><V83/><F33/><W115/><G13/><T134/><D98/><U116/><E38/><V66/><F29/><W117/><G117/><T114/><D59/><U1/><E1/><V127/><F127/><N who="1" m="48681" /><E72/><V17/><F17/><W43/><G110/><T108/><D19/><U125/><N who="1" m="48689" /><U5/><DORA hai="73" /><E5/><V57/><F83/><W109/><G109/><T88/><D6/><U11/><E11/><V70/><REACH who="2" step="1"/><F55/><REACH who="2" ten="338,226,76,350" step="2"/><W18/><G111/><T133/><D0/><U54/><E116/><V99/><F99/><W58/><G81/><T50/><D118/><U25/><E25/><V135/><F135/><W60/><G26/><T93/><D133/><U62/><E53/><V82/><F82/><W85/><G27/><T41/><D134/><U28/><E28/><V22/><AGARI ba="0,1" hai="20,22,23,52,57,61,63,66,70,74,78,80,92,95" machi="22" ten="30,12000,1" yaku="1,1,0,1,52,2,54,1,53,0" doraHai="49,96,73" doraHaiUra="71,12,40" who="2" fromWho="2" sc="338,-40,226,-40,76,130,350,-40" /><INIT seed="6,1,0,4,4,99" ten="298,186,206,310" oya="2" hai0="105,86,92,56,42,129,5,82,37,74,81,7,30" hai1="98,11,85,103,76,100,88,130,124,110,22,102,75" hai2="91,50,101,107,66,131,96,89,134,95,34,108,2" hai3="64,93,3,35,112,0,65,87,69,125,118,52,19"/><V47/><F34/><W43/><G118/><T122/><D105/><U111/><E22/><V36/><F2/><W83/><G35/><T126/><D74/><U40/><E11/><V25/><F131/><W79/><G125/><T97/><D122/><U4/><E4/><V63/><F36/><W60/><G65/><T135/><D37/><U49/><E49/><V70/><F134/><W24/><G43/><T127/><D42/><U28/><E28/><V123/><F123/><W128/><G128/><T10/><D30/><U1/><E40/><V41/><F25/><W94/><G94/><T104/><D104/><U57/><E57/><V71/><F108/><N who="1" m="41513" /><E1/><V77/><F77/><W117/><G93/><T48/><D135/><U45/><E45/><V62/><F107/><W84/><G112/><T132/><D132/><U27/><E27/><V21/><F21/><W133/><G117/><T114/><D114/><U18/><E18/><V115/><F115/><W14/><G24/><T44/><D56/><U29/><E29/><V55/><F41/><W54/><G84/><T13/><D7/><U20/><E20/><V78/><F78/><W6/><G6/><T23/><D23/><U61/><E61/><V31/><F31/><W73/><G87/><T113/><D86/><U9/><E130/><V59/><F71/><W109/><G109/><T67/><D67/><U17/><E75/><V53/><AGARI ba="1,0" hai="47,50,53,55,59,62,63,66,70,89,91,95,96,101" machi="53" ten="20,3900,0" yaku="0,1,7,1,52,1" doraHai="99" who="2" fromWho="2" sc="298,-14,186,-14,206,42,310,-14" /><INIT seed="6,2,0,2,2,28" ten="284,172,248,296" oya="2" hai0="96,32,48,90,134,44,95,101,63,115,57,128,23" hai1="76,103,25,15,85,9,127,1,58,3,109,107,79" hai2="47,30,46,51,102,118,14,34,33,98,26,0,62" hai3="27,89,124,36,126,50,111,65,55,73,122,43,108"/><V77/><F118/><W8/><G73/><T80/><D115/><U131/><E109/><N who="3" m="42058" /><G27/><T125/><D32/><U17/><E131/><V133/><F0/><W6/><G89/><T56/><D128/><U82/><E127/><N who="3" m="48682" /><G65/><T68/><D68/><U31/><E76/><V84/><F133/><W105/><G105/><T74/><D134/><U92/><E107/><V87/><F62/><W132/><G132/><T49/><D49/><U78/><E78/><V7/><F77/><W94/><G94/><T123/><D123/><U53/><E92/><V81/><F81/><W117/><G117/><T135/><D135/><U64/><E64/><V20/><F87/><W114/><G114/><T18/><D63/><U16/><E17/><V66/><F66/><W67/><G67/><T41/><D125/><U11/><E11/><V91/><F91/><W86/><G86/><N who="0" m="50503" /><D74/><U35/><REACH who="1" step="1"/><E103/><REACH who="1" ten="284,162,248,296" step="2"/><V42/><F102/><W54/><G122/><T5/><D5/><U69/><E69/><V116/><F116/><W52/><G8/><T45/><D95/><U2/><E2/><V100/><F100/><W104/><G104/><T39/><D101/><U59/><E59/><V83/><F7/><W19/><G19/><T88/><D57/><U13/><E13/><V38/><F14/><W93/><G93/><T12/><D56/><U97/><E97/><V21/><F98/><W110/><G6/><T106/><D106/><U99/><E99/><V22/><F84/><W71/><G71/><T130/><D130/><U24/><E24/><V129/><F129/><W61/><G110/><T113/><D96/><RYUUKYOKU ba="2,1" sc="284,-10,162,30,248,-10,296,-10" hai1="1,3,9,15,16,25,31,35,53,58,79,82,85" /><INIT seed="7,3,1,0,1,29" ten="274,192,238,286" oya="3" hai0="11,63,92,66,68,25,114,99,59,52,104,16,73" hai1="69,41,19,32,122,57,110,31,28,38,61,119,85" hai2="21,125,123,36,50,127,88,131,55,42,116,7,133" hai3="89,91,70,71,117,62,56,30,4,20,105,83,134"/><W80/><G117/><T126/><D73/><U128/><E119/><V77/><F116/><W109/><G105/><T103/><D126/><N who="2" m="48138" /><F77/><W60/><G134/><T10/><D114/><U9/><E122/><V129/><F123/><W15/><G109/><T17/><D104/><U82/><E69/><V18/><F7/><W6/><G70/><T33/><D33/><U90/><E110/><V67/><F67/><W35/><G35/><T118/><D118/><U81/><E128/><N who="2" m="49227" /><F88/><W46/><G71/><T12/><D25/><U53/><E32/><V47/><F36/><W94/><G46/><T95/><D95/><U115/><E115/><V8/><F8/><N who="3" m="4487" /><G6/><T79/><D79/><U0/><E0/><V65/><F65/><N who="3" m="39047" /><G62/><T86/><D86/><U96/><E38/><V1/><F1/><W74/><G74/><T93/><D93/><U45/><E45/><V24/><F42/><W48/><G48/><T34/><D68/><U107/><E41/><V5/><F5/><W72/><G72/><T84/><D84/><U58/><E107/><V101/><F101/><W112/><G112/><T3/><D66/><N who="1" m="39215" /><E82/><N who="3" m="31274" /><G94/><T44/><D44/><U120/><E120/><V102/><F102/><W113/><G113/><T106/><D99/><U51/><E96/><V64/><F64/><W108/><G108/><T76/><D76/><U26/><E9/><V100/><F100/><W22/><G30/><T121/><D103/><U14/><E14/><V54/><F54/><W49/><G49/><T87/><D3/><U135/><E135/><AGARI ba="3,1" hai="18,21,24,47,50,55,133,135" m="49227,48138" machi="135" ten="40,8000,1" yaku="30,2,18,1,19,1" doraHai="29" who="2" fromWho="1" sc="274,0,192,-89,238,99,286,0" owari="274,-13.0,103,-40.0,337,44.0,286,9.0" /></mjloggm>