<mjloggm ver="2.3"><GO type="41" lobby="0"/><UN n0="%66%69%73%68%6D%61%6E" n1="%6E%61%6B%75%6D%6F" n2="%E3%83%9F%E3%83%89%E3%82%AC%E3%83%AD%E3%83%B3" n3="%E5%B0%B1%E6%B4%BB%E7%94%9F%40%E5%B7%9D%E6%9D%91%E8%BB%8D%E5%9B%A3" dan="13,14,13,17" rate="1808.45,1911.95,1856.95,2136.63" sx="M,M,M,M"/><TAIKYOKU oya="0"/><INIT seed="0,0,0,2,3,51" ten="250,250,250,250" oya="0" hai0="48,21,105,11,127,42,126,12,45,120,91,10,102" hai1="131,44,94,73,68,134,63,58,41,132,46,27,107" hai2="65,81,87,80,52,67,78,111,118,53,70,19,100" hai3="97,33,43,24,40,5,37,25,124,104,76,15,129"/><T35/><D120/><U101/><E107/><V135/><F70/><W128/><G124/><N who="0" m="47659" /><D35/><U36/><E27/><N who="3" m="10314" /><G33/><T17/><D105/><U66/><E94/><V119/><F111/><W125/><G76/><T6/><D102/><U64/><E101/><V130/><F130/><N who="3" m="50283" /><G37/><T56/><D91/><U34/><E73/><N who="2" m="43087" /><F19/><W54/><G125/><T9/><D56/><U50/><E34/><V85/><F100/><N who="3" m="62479" /><G5/><AGARI ba="0,0" hai="5,6,9,10,11,12,17,21,42,45,48" m="47659" machi="5" ten="30,1500,0" yaku="18,1" doraHai="51" who="0" fromWho="3" sc="250,15,250,0,250,0,250,-15" /><INIT seed="0,1,0,5,0,87" ten="265,250,250,235" oya="0" hai0="76,42,107,22,116,133,106,3,88,110,84,44,83" hai1="66,43,9,118,4,18,72,67,81,96,75,34,60" hai2="123,6,41,74,78,115,21,91,122,102,134,63,86" hai3="24,52,29,10,112,55,129,31,54,47,64,117,104"/><T46/><D116/><U25/><E118/><V105/><F115/><W28/><G117/><T77/><D133/><U39/><E67/><V130/><F134/><W127/><G112/><T33/><D33/><U1/><E18/><V79/><F130/><W57/><G104/><T69/><D69/><N who="1" m="42183" /><E81/><V119/><F119/><W17/><G129/><T56/><D3/><U98/><E98/><V51/><F6/><W126/><G47/><T113/><D113/><U37/><E96/><N who="2" m="61639" /><F21/><W89/><G64/><T94/><D110/><U27/><E27/><V85/><F63/><W135/><G135/><T7/><D106/><U8/><E8/><V95/><F41/><W108/><G108/><T38/><D107/><U26/><E26/><V45/><F45/><N who="0" m="17514" /><D38/><N who="1" m="14347" /><E43/><V40/><F40/><W93/><G57/><T36/><D36/><U73/><E25/><V109/><F51/><W131/><G131/><T114/><D114/><U124/><E124/><N who="3" m="47658" /><G10/><T99/><D42/><U82/><E82/><N who="2" m="45399" /><F109/><W65/><G65/><T49/><D7/><U92/><E92/><V59/><F59/><W16/><G24/><T80/><D22/><U90/><E90/><V30/><F30/><N who="3" m="7683" /><W19/><DORA hai="0" /><G19/><T53/><D83/><AGARI ba="1,0" hai="79,83,85,86,91,95,122,123" m="45399,61639" machi="83" ten="30,7700,0" yaku="24,1,34,2,52,1" doraHai="87,0" who="2" fromWho="0" sc="265,-80,250,0,250,80,235,0" /><INIT seed="1,0,0,3,2,92" ten="185,250,330,235" oya="1" hai0="55,124,33,38,88,111,47,95,84,123,9,51,73" hai1="62,52,115,77,83,37,41,68,27,19,135,21,1" hai2="104,93,116,63,26,108,20,44,54,23,60,45,11" hai3="18,17,131,4,78,126,106,67,6,90,100,86,85"/><U53/><E115/><V36/><F116/><W96/><G131/><T43/><D33/><U74/><E135/><V46/><F108/><W125/><G67/><T87/><D111/><U8/><E62/><N who="2" m="23595" /><F104/><W24/><G78/><T56/><D123/><U0/><E68/><V66/><F36/><W35/><G86/><T113/><D124/><N who="3" m="47721" /><G35/><T107/><D113/><U89/><E89/><V25/><F66/><W50/><G50/><T57/><D73/><U75/><E75/><V59/><F11/><W80/><G24/><N who="2" m="9321" /><F93/><W69/><G69/><T129/><D129/><U91/><E91/><V7/><F7/><AGARI ba="0,0" hai="4,6,7,17,18,80,85,90,96,100,106" m="47721" machi="7" ten="30,2000,0" yaku="18,1,52,1" doraHai="92" who="3" fromWho="2" sc="185,0,250,0,330,-20,235,20" /><INIT seed="2,0,0,4,3,3" ten="185,250,310,255" oya="2" hai0="40,111,71,18,30,47,66,118,132,109,55,35,67" hai1="69,0,121,122,70,84,88,74,100,125,49,63,114" hai2="10,135,72,119,61,99,57,41,96,27,94,44,89" hai3="14,46,16,73,58,107,56,54,26,17,4,108,130"/><V60/><F119/><W106/><G73/><T133/><D30/><U22/><E74/><V123/><F123/><W21/><G108/><N who="0" m="41547" /><D18/><U51/><E100/><V37/><F135/><N who="0" m="51786" /><D35/><U7/><E125/><V117/><F117/><W48/><G130/><T13/><D13/><U1/><E63/><V24/><F72/><W102/><G107/><T52/><D118/><U92/><E114/><V12/><F99/><W45/><G106/><T115/><D115/><U79/><E79/><V19/><REACH who="2" step="1"/><F61/><REACH who="2" ten="185,250,300,255" step="2"/><W81/><G102/><T75/><D75/><U87/><E122/><V93/><F93/><W103/><G103/><T65/><D71/><U20/><E121/><V80/><F80/><W38/><G81/><T34/><D34/><U77/><E92/><V101/><F101/><W64/><G38/><AGARI ba="0,1" hai="38,40,47,52,55,65,66,67" m="51786,41547" machi="38" ten="40,8000,1" yaku="14,1,20,1,34,2,54,1" doraHai="3" who="0" fromWho="3" sc="185,90,250,0,300,0,255,-80" /><INIT seed="3,0,0,1,3,54" ten="275,250,300,175" oya="3" hai0="61,90,116,55,33,70,11,100,12,120,114,129,65" hai1="85,17,45,38,40,24,91,69,80,59,124,13,89" hai2="82,75,130,76,115,117,9,26,99,108,97,72,57" hai3="94,14,10,86,113,37,1,110,134,73,131,43,50"/><W62/><G73/><T22/><D120/><U51/><E124/><V64/><F108/><W39/><G1/><T102/><D116/><U81/><E69/><V4/><F115/><W44/><G113/><T126/><D114/><U15/><E38/><V106/><F117/><W88/><G131/><T18/><D33/><U31/><E17/><V52/><F130/><W20/><G134/><T98/><D129/><U118/><E118/><V27/><F72/><W42/><G110/><T23/><D126/><U8/><E8/><V95/><F64/><W58/><G20/><T135/><D135/><U71/><E71/><V34/><F106/><W83/><G94/><T133/><D133/><U2/><E2/><V67/><F67/><N who="3" m="39383" /><G39/><T53/><D23/><N who="1" m="15775" /><E59/><V103/><F99/><W121/><G37/><T19/><D90/><U16/><E16/><V128/><F34/><W105/><G105/><T6/><D19/><U47/><E47/><V74/><F74/><W104/><G104/><T5/><D6/><U60/><E60/><V78/><F128/><W84/><G84/><AGARI ba="0,0" hai="13,15,40,45,51,80,81,84,85,89,91" m="15775" machi="84" ten="30,1000,0" yaku="8,1" doraHai="54" who="1" fromWho="3" sc="275,0,250,10,300,0,175,-10" /><INIT seed="4,0,0,2,5,72" ten="275,260,300,165" oya="0" hai0="92,50,16,1,23,52,112,108,45,104,87,9,18" hai1="34,127,78,38,6,43,130,60,100,46,33,27,84" hai2="53,64,28,70,26,123,39,128,79,111,5,98,77" hai3="86,24,58,2,132,65,56,35,121,115,32,37,89"/><T54/><D104/><U0/><E84/><V105/><F123/><W116/><G116/><T85/><D112/><U57/><E130/><V68/><F111/><W41/><G2/><T69/><D108/><U74/><E100/><V40/><F128/><W106/><G106/><T51/><D69/><U59/><E27/><V110/><F110/><W29/><G121/><T21/><D1/><U93/><E93/><V4/><F70/><W120/><G120/><T3/><D3/><U25/><E25/><V80/><F80/><W94/><G115/><T47/><D92/><U95/><E95/><V13/><F64/><W61/><G132/><T119/><D119/><U66/><E59/><V81/><F81/><W109/><G109/><T75/><D75/><U103/><E103/><V55/><F68/><W99/><G56/><T114/><D114/><U133/><E127/><V11/><F4/><W117/><G117/><T30/><D9/><N who="1" m="2247" /><E133/><V118/><F118/><W102/><G41/><T91/><D30/><U82/><AGARI ba="0,0" hai="33,34,38,43,46,57,60,66,74,78,82" m="2247" machi="82" ten="30,2000,0" yaku="25,1,52,1" doraHai="72" who="1" fromWho="1" sc="275,-10,260,20,300,-5,165,-5" /><INIT seed="5,0,0,5,1,18" ten="265,280,295,160" oya="1" hai0="35,6,22,55,102,50,60,58,72,113,13,17,3" hai1="116,40,39,5,129,46,33,123,110,134,76,15,64" hai2="73,45,91,90,24,114,132,66,122,92,29,128,81" hai3="109,56,47,99,53,14,59,82,42,101,111,38,34"/><U126/><E15/><V25/><F122/><W54/><G34/><T106/><D72/><U105/><E5/><V95/><F132/><W31/><G31/><T86/><D35/><U83/><E64/><V120/><F120/><W93/><G82/><T100/><D113/><U16/><E16/><V74/><F128/><W125/><G125/><T115/><D115/><U2/><E46/><V121/><F121/><W75/><G75/><T41/><D106/><U89/><E89/><V52/><F66/><W94/><G14/><T78/><D3/><U26/><E26/><V28/><F114/><W124/><G124/><T112/><D6/><U4/><E4/><V119/><F81/><W61/><REACH who="3" step="1"/><G93/><REACH who="3" ten="265,280,295,150" step="2"/><T80/><D112/><U63/><E83/><V57/><F74/><W8/><G8/><T77/><D77/><U104/><E76/><V30/><F73/><W117/><G117/><T51/><D51/><AGARI ba="0,1" hai="38,42,47,51,53,54,56,59,61,94,99,101,109,111" machi="51" ten="30,2000,0" yaku="1,1,7,1,53,0" doraHai="18" doraHaiUra="27" who="3" fromWho="0" sc="265,-20,280,0,295,0,150,30" /><INIT seed="6,0,0,2,4,118" ten="245,280,295,180" oya="2" hai0="78,86,35,87,42,106,6,125,9,111,104,15,116" hai1="23,112,75,39,113,30,33,21,132,27,108,117,65" hai2="3,126,17,18,134,41,56,63,20,25,70,81,67" hai3="90,88,38,109,89,8,28,123,85,10,120,26,44"/><V93/><F3/><W82/><G109/><T127/><D35/><U91/><E91/><V73/><F134/><W97/><G38/><T119/><D42/><U130/><E65/><V1/><F1/><W19/><G44/><T2/><D2/><U79/><E79/><V43/><F126/><N who="0" m="48138" /><D111/><U40/><E40/><V135/><F135/><W110/><G110/><T76/><D15/><U53/><E53/><V24/><F70/><W105/><G10/><T80/><D6/><U61/><E61/><V100/><F73/><W29/><G29/><T12/><D12/><U101/><E101/><V69/><F69/><W7/><G19/><T98/><D9/><U122/><E75/><V121/><F81/><W68/><G68/><T5/><D5/><U50/><E50/><V37/><F37/><W54/><G54/><T34/><D34/><U114/><E39/><V55/><F55/><W59/><G59/><T128/><D128/><U48/><E48/><V14/><F25/><W64/><G64/><T47/><D47/><U77/><E77/><N who="0" m="29801" /><D98/><U95/><E95/><V83/><F83/><W72/><G72/><T58/><D58/><U74/><E74/><V32/><F32/><W11/><G11/><T45/><D45/><U51/><E51/><V115/><F41/><W36/><G36/><T57/><D57/><U103/><E103/><V22/><F43/><W52/><G26/><T96/><D96/><U129/><E108/><V84/><F100/><N who="3" m="62607" /><G52/><T71/><D71/><U131/><E132/><V31/><F67/><W60/><G60/><T66/><D66/><U107/><E117/><RYUUKYOKU ba="0,0" sc="245,0,280,0,295,0,180,0" /><INIT seed="7,1,0,4,3,28" ten="245,280,295,180" oya="3" hai0="26,118,90,74,115,70,52,64,3,126,20,114,23" hai1="12,39,91,49,135,47,13,38,57,55,98,43,108" hai2="31,116,54,134,66,46,104,18,88,11,61,2,105" hai3="19,60,117,107,27,99,15,48,97,76,75,131,51"/><W83/><G117/><T65/><D74/><U41/><E108/><V72/><F116/><W102/><G131/><T96/><D3/><U8/><E135/><V84/><F72/><W106/><G27/><T95/><D118/><U101/><E91/><V29/><F134/><W92/><G60/><T111/><D111/><U67/><E67/><V82/><F104/><W81/><G83/><T86/><D126/><U109/><E109/><V100/><F100/><W44/><G99/><T24/><D70/><U89/><E89/><V73/><F105/><W124/><G124/><T103/><D52/><U121/><E121/><V113/><F113/><N who="0" m="43018" /><D23/><U93/><E8/><V36/><F73/><W94/><G107/><N who="0" m="63975" /><D24/><U10/><E10/><V133/><F133/><W33/><G33/><T40/><D40/><U68/><E68/><N who="2" m="42063" /><F36/><W85/><G75/><T80/><D80/><U129/><E129/><V125/><F125/><W77/><G77/><T4/><D4/><U22/><E22/><V63/><F2/><W79/><G79/><T58/><D58/><U123/><E123/><V53/><F53/><W9/><REACH who="3" step="1"/><G51/><REACH who="3" ten="245,280,295,170" step="2"/><T7/><D7/><U21/><E21/><V120/><F63/><W45/><G45/><AGARI ba="1,1" hai="12,13,38,39,41,43,45,47,49,55,57,93,98,101" machi="45" ten="40,1300,0" yaku="9,1" doraHai="28" who="1" fromWho="3" sc="245,0,280,26,295,0,170,-16" owari="245,-15.0,306,40.0,295,10.0,154,-35.0" /></mjloggm>