<mjloggm ver="2.3"><GO type="169" lobby="0"/><UN n0="%E3%81%AB%E3%81%9B%E6%82%9F%E7%A9%BA" n1="%E3%83%88%E3%83%88%E3%83%AA%E5%85%88%E7%94%9F%31%39%E6%AD%B3" n2="%E6%96%91%E7%9B%AE%56" n3="%66%75%6A%69%32%32%39" dan="16,19,16,16" rate="2149.18,2274.78,2145.27,2131.89" sx="M,F,M,M"/><TAIKYOKU oya="0"/><INIT seed="0,0,0,3,2,124" ten="250,250,250,250" oya="0" hai0="88,66,1,19,13,60,91,117,8,90,119,131,56" hai1="72,67,34,130,4,41,11,39,6,18,50,133,75" hai2="126,79,49,127,61,116,109,48,93,114,20,108,28" hai3="74,36,128,9,104,17,103,43,16,15,78,89,101"/><T25/><D1/><U107/><E107/><V87/><F116/><W7/><G128/><T21/><REACH who="0" step="1"/><D131/><REACH who="0" ten="240,250,250,250" step="2"/><U58/><E130/><V84/><F127/><W32/><G32/><T112/><D112/><U95/><E34/><V97/><F126/><W22/><G104/><T110/><D110/><U24/><E133/><V3/><F3/><N who="3" m="255" /><G17/><AGARI ba="0,1" hai="8,13,17,19,21,25,56,60,66,88,90,91,117,119" machi="17" ten="40,3900,0" yaku="1,1,54,1,53,0" doraHai="124" doraHaiUra="30" who="0" fromWho="3" sc="240,49,250,0,250,0,250,-39" /><INIT seed="0,1,0,1,1,41" ten="289,250,250,211" oya="0" hai0="133,78,23,111,2,69,131,50,21,84,107,13,67" hai1="81,76,121,53,11,85,129,122,135,24,29,127,77" hai2="44,126,112,99,110,79,98,103,65,100,32,113,102" hai3="7,105,48,116,93,119,35,71,72,34,31,60,14"/><T42/><D2/><U0/><E129/><V28/><F126/><W91/><G105/><T63/><D107/><U57/><E127/><V56/><F79/><W134/><G72/><T83/><D131/><U104/><E104/><V36/><F110/><W132/><G48/><T37/><D133/><N who="3" m="51305" /><G7/><T74/><D111/><U117/><E117/><V59/><F32/><N who="3" m="12331" /><G31/><T19/><D37/><U120/><E135/><V45/><F28/><W3/><G3/><T64/><D64/><U15/><E0/><V33/><F33/><W4/><G71/><T25/><D74/><U51/><E29/><V39/><F102/><W61/><G4/><T125/><D125/><U30/><E30/><V92/><F92/><W97/><G14/><T96/><D96/><U58/><E24/><V43/><F65/><W18/><G18/><T106/><D106/><U40/><E121/><V26/><F26/><W94/><G94/><T115/><D25/><U89/><E120/><V123/><F43/><W82/><G82/><T5/><D5/><N who="1" m="3567" /><E40/><V22/><F123/><W75/><G75/><T88/><D115/><U9/><E9/><V1/><F1/><W95/><G95/><T49/><D42/><U38/><E38/><V20/><AGARI ba="1,0" hai="20,22,36,39,44,45,56,59,98,99,100,103,112,113" machi="20" ten="25,8000,1" yaku="0,1,22,2,52,2" doraHai="41" who="2" fromWho="2" sc="289,-41,250,-21,250,83,211,-21" /><INIT seed="1,0,0,3,0,20" ten="248,229,333,190" oya="1" hai0="6,21,32,68,58,99,128,84,5,72,102,124,133" hai1="19,1,26,105,113,97,114,10,48,107,4,49,116" hai2="54,2,17,79,86,11,132,50,13,33,131,130,34" hai3="90,59,36,64,23,104,29,110,41,129,115,28,25"/><U92/><E116/><V24/><F132/><W94/><G104/><T62/><D72/><U85/><E105/><V134/><F134/><W45/><G115/><T53/><D133/><U74/><E74/><V18/><F2/><W38/><G110/><T60/><D128/><N who="2" m="49194" /><F86/><W71/><G71/><T51/><D124/><U120/><E120/><V101/><F79/><W98/><G129/><T81/><D32/><U100/><E113/><V118/><F101/><W39/><REACH who="3" step="1"/><G29/><REACH who="3" ten="248,229,333,180" step="2"/><T125/><D68/><U82/><E107/><V31/><F118/><W117/><G117/><T112/><D112/><U15/><E114/><V37/><F37/><W57/><G57/><T14/><D125/><U96/><E96/><V77/><F77/><W88/><G88/><T61/><D99/><U106/><E106/><V44/><F31/><W43/><G43/><T47/><D58/><U40/><E40/><V35/><F33/><W109/><G109/><T30/><D102/><U73/><E100/><V22/><AGARI ba="0,1" hai="11,13,17,18,22,24,34,35,44,50,54" m="49194" machi="22" ten="30,2000,0" yaku="19,1,52,1" doraHai="20" who="2" fromWho="2" sc="248,-5,229,-10,333,30,180,-5" /><INIT seed="2,0,0,5,1,102" ten="243,219,363,175" oya="2" hai0="26,92,81,47,59,25,135,114,61,7,68,79,6" hai1="37,27,103,41,18,57,87,134,97,116,31,36,120" hai2="127,40,17,14,109,32,126,104,112,43,99,15,9" hai3="0,33,12,101,121,10,91,11,4,122,30,66,118"/><V24/><F109/><W60/><G118/><T88/><D114/><U123/><E116/><V82/><F82/><W75/><G75/><T19/><D68/><U115/><E115/><V38/><F14/><W96/><G91/><T48/><D135/><U94/><E134/><V53/><F53/><W28/><G28/><T84/><D6/><U125/><E125/><N who="2" m="47627" /><F38/><W90/><G90/><T100/><D7/><U56/><E87/><V85/><F85/><W108/><G108/><T77/><D100/><U46/><E18/><V71/><F71/><W89/><G89/><T105/><D105/><U72/><E37/><V78/><F78/><W128/><G128/><T5/><D5/><U83/><E83/><V107/><F112/><W95/><G30/><T58/><D19/><U74/><E57/><V50/><F50/><W2/><G33/><T44/><D59/><U63/><E74/><V93/><F24/><N who="0" m="9322" /><D48/><U3/><E72/><V70/><F70/><W54/><G54/><N who="0" m="34007" /><D79/><U20/><REACH who="1" step="1"/><E3/><REACH who="1" ten="243,209,363,175" step="2"/><V16/><F17/><W23/><G0/><T45/><D77/><U51/><E51/><V21/><F32/><W35/><G35/><T117/><D117/><U111/><E111/><V64/><F21/><W98/><G23/><T132/><D132/><U124/><E124/><V39/><F39/><W129/><G129/><T113/><D113/><U110/><E110/><V1/><F1/><W62/><G2/><T13/><D81/><U119/><E119/><V69/><F69/><W8/><G4/><T52/><D13/><U76/><E76/><V22/><F22/><W133/><G133/><RYUUKYOKU ba="0,1" sc="243,15,209,15,363,-15,175,-15" hai0="44,45,47,52,84,88,92" hai1="20,27,31,36,41,46,56,63,94,97,103,120,123" /><INIT seed="3,1,1,4,4,22" ten="258,224,348,160" oya="3" hai0="89,108,132,116,61,87,40,54,131,23,20,101,121" hai1="97,36,127,117,99,102,110,68,105,135,118,5,39" hai2="3,76,21,88,12,75,80,0,30,28,79,107,70" hai3="63,78,95,103,73,10,98,130,106,111,15,72,58"/><W42/><G130/><T56/><D116/><N who="1" m="44651" /><E68/><V93/><F107/><W109/><G42/><T4/><D121/><U85/><E110/><N who="3" m="41994" /><G78/><T82/><D132/><U122/><E122/><V84/><F76/><W133/><G106/><T44/><D131/><U2/><E127/><V91/><F70/><W125/><G133/><T104/><D4/><U59/><E135/><V126/><F126/><W100/><G100/><T74/><D74/><U57/><E97/><V48/><F91/><W62/><G125/><T32/><D101/><U29/><E85/><V7/><F0/><W24/><G24/><T37/><D104/><U128/><E128/><V27/><F3/><W16/><G63/><T53/><D108/><U38/><E29/><V81/><F28/><W112/><G112/><T94/><D87/><U14/><E2/><V114/><F114/><W31/><G31/><T18/><D40/><U55/><E99/><V113/><F113/><W41/><G41/><T66/><D61/><N who="1" m="36031" /><E102/><V92/><F75/><W67/><AGARI ba="1,1" hai="10,15,16,58,62,67,72,73,95,98,103" m="41994" machi="67" ten="30,6000,0" yaku="14,1,10,1,54,1" doraHai="22" who="3" fromWho="3" sc="258,-21,224,-21,348,-21,160,73" /><INIT seed="3,2,0,4,2,33" ten="237,203,327,233" oya="3" hai0="78,15,30,104,89,31,94,86,11,127,64,28,90" hai1="108,118,111,115,36,45,70,39,56,29,49,135,65" hai2="126,3,16,93,26,119,91,84,103,114,76,99,14" hai3="52,80,23,85,122,71,9,133,8,41,101,58,27"/><W53/><G71/><T81/><D104/><U120/><E29/><V109/><F126/><W105/><G122/><T128/><D128/><U17/><E17/><V48/><F76/><W112/><G112/><T25/><D127/><U6/><E6/><V83/><F26/><W125/><G125/><T12/><D64/><U107/><E107/><V57/><F119/><W13/><G41/><T5/><D15/><U95/><E95/><V121/><F121/><W2/><G133/><T22/><REACH who="0" step="1"/><D89/><REACH who="0" ten="227,203,327,233" step="2"/><U54/><E120/><V110/><F114/><W18/><G105/><T75/><AGARI ba="2,1" hai="5,11,12,22,25,28,30,31,75,78,81,86,90,94" machi="75" ten="20,5200,0" yaku="1,1,2,1,0,1,7,1,53,0" doraHai="33" doraHaiUra="38" who="0" fromWho="0" sc="227,68,203,-15,327,-15,233,-28" /><INIT seed="4,0,0,4,0,43" ten="295,188,312,205" oya="0" hai0="34,8,114,59,93,134,112,76,48,14,35,63,55" hai1="89,42,11,20,117,91,65,71,84,99,90,5,52" hai2="126,40,133,60,51,78,50,68,66,13,74,28,107" hai3="75,67,22,92,104,17,106,127,110,123,105,108,6"/><T4/><D134/><U27/><E117/><V95/><F107/><W69/><G75/><T80/><D93/><U122/><E122/><V1/><F1/><W119/><G119/><T30/><D63/><U62/><E42/><V58/><F126/><W125/><G123/><T72/><REACH who="0" step="1"/><D30/><REACH who="0" ten="285,188,312,205" step="2"/><U103/><E62/><V3/><F28/><W54/><G92/><T118/><D118/><U124/><E124/><N who="3" m="47690" /><G104/><T61/><D61/><U45/><E71/><V39/><F95/><W26/><G106/><T0/><D0/><U97/><E103/><V96/><F3/><W24/><G105/><T82/><D82/><U32/><E97/><V64/><F96/><W9/><G69/><T29/><D29/><U23/><E99/><V98/><F98/><W53/><G67/><T2/><D2/><U109/><E65/><V44/><F133/><W21/><G110/><T130/><D130/><U81/><E109/><V25/><F64/><W19/><G108/><T73/><D73/><U38/><E81/><V115/><F68/><W129/><G129/><T49/><D49/><N who="1" m="28719" /><E84/><V79/><F74/><W46/><G46/><T36/><D36/><U113/><E38/><V94/><F94/><W15/><AGARI ba="0,1" hai="6,9,15,17,19,21,22,24,26,53,54" m="47690" machi="15" ten="30,1100,0" yaku="18,1" doraHai="43" who="3" fromWho="3" sc="285,-5,188,-3,312,-3,205,21" /><INIT seed="5,0,0,4,0,127" ten="280,185,309,226" oya="1" hai0="81,60,10,43,36,18,92,19,105,52,54,37,96" hai1="3,74,9,8,120,115,133,58,83,48,119,126,1" hai2="53,109,102,77,7,113,2,131,30,71,78,51,27" hai3="11,65,0,111,90,44,14,84,95,129,26,6,57"/><U24/><E119/><V32/><F71/><W80/><G111/><T110/><D110/><U82/><E120/><V116/><F113/><W46/><G129/><T106/><D43/><U69/><E69/><V55/><F131/><W94/><G0/><T117/><D117/><U72/><E115/><V73/><F102/><W132/><G132/><T89/><D37/><U100/><E126/><V13/><F116/><W67/><G26/><T38/><D38/><U40/><E133/><V64/><F64/><N who="3" m="24651" /><G57/><N who="0" m="34855" /><D36/><U79/><E100/><V41/><F41/><W35/><G35/><T121/><D106/><U87/><E24/><V28/><F28/><W123/><G123/><T59/><D105/><U33/><E33/><V49/><F73/><W50/><G46/><T76/><D10/><U61/><E61/><V12/><F2/><W4/><G6/><T45/><D45/><N who="1" m="25639" /><E58/><V103/><F103/><W31/><G31/><T20/><D20/><U68/><E68/><V125/><F125/><W75/><G75/><T104/><D104/><U135/><E135/><V114/><F114/><W17/><G4/><T101/><D76/><N who="2" m="29290" /><F109/><W21/><G21/><T5/><D5/><N who="1" m="1071" /><E9/><V63/><F7/><W128/><G128/><T93/><D121/><U130/><E130/><V91/><F63/><W34/><G34/><T39/><D39/><U118/><E3/><V15/><F51/><W22/><G22/><T112/><D112/><U23/><E118/><V98/><F49/><W70/><G70/><T42/><D42/><AGARI ba="0,0" hai="11,14,17,42,44,50,80,84,90,94,95" m="24651" machi="42" ten="30,1000,0" yaku="8,1" doraHai="127" who="3" fromWho="0" sc="280,-10,185,0,309,0,226,10" /><INIT seed="6,0,0,5,2,26" ten="270,185,309,236" oya="2" hai0="127,81,123,78,126,31,107,118,98,108,113,19,130" hai1="55,60,69,65,13,112,16,89,24,80,9,18,71" hai2="41,76,40,50,102,114,87,12,15,14,99,32,51" hai3="74,97,63,91,0,88,52,75,7,125,33,34,72"/><V101/><F32/><W94/><G125/><N who="0" m="47627" /><D108/><U68/><E112/><V77/><F87/><W83/><G0/><T132/><D123/><U42/><E42/><N who="2" m="16491" /><F99/><W110/><G7/><T28/><D113/><U25/><E55/><V23/><F23/><W49/><G63/><T86/><D130/><U92/><E80/><V79/><F114/><W35/><G110/><T43/><D43/><U56/><REACH who="1" step="1"/><E18/><REACH who="1" ten="270,175,309,236" step="2"/><V8/><F8/><W66/><G66/><T20/><D118/><U96/><AGARI ba="0,1" hai="9,13,16,24,25,56,60,65,68,69,71,89,92,96" machi="96" ten="30,7900,0" yaku="1,1,2,1,0,1,54,1,53,0" doraHai="26" doraHaiUra="36" who="1" fromWho="1" sc="270,-20,175,89,309,-39,236,-20" /><INIT seed="7,0,0,0,0,88" ten="250,264,270,216" oya="3" hai0="46,128,68,73,1,103,130,66,13,15,25,72,76" hai1="40,115,45,133,102,82,98,31,50,2,65,9,48" hai2="49,120,90,21,18,117,51,23,54,77,69,109,38" hai3="81,33,47,32,101,12,93,83,86,114,39,134,61"/><W79/><G114/><T123/><D1/><U104/><E115/><V75/><F38/><W55/><G134/><T74/><D123/><U58/><E133/><V122/><F69/><W110/><G110/><T84/><D103/><U129/><E129/><N who="0" m="49769" /><D25/><U30/><E82/><V62/><F77/><W121/><G121/><T108/><D108/><U17/><E65/><V132/><F75/><W6/><G83/><N who="0" m="47207" /><D46/><U57/><E2/><V26/><F26/><W42/><G61/><AGARI ba="0,0" hai="13,15,61,66,68,72,73,74" m="47207,49769" machi="61" ten="40,1300,0" yaku="19,1" doraHai="88" who="0" fromWho="3" sc="250,13,264,0,270,0,216,-13" /><INIT seed="8,0,0,5,4,0" ten="263,264,270,203" oya="0" hai0="102,19,26,73,98,125,48,111,110,11,62,71,66" hai1="35,92,49,57,134,13,2,46,24,27,45,100,88" hai2="33,101,117,128,30,120,42,87,109,50,47,130,15" hai3="1,18,79,8,131,94,6,69,23,122,3,106,55"/><T93/><D73/><U67/><E2/><V77/><F101/><W54/><G106/><T85/><D125/><U95/><E134/><V74/><F117/><W107/><G107/><T113/><D113/><U103/><E35/><V31/><F74/><W90/><G69/><T65/><D65/><U20/><E95/><V5/><F120/><W53/><G122/><T108/><D48/><U126/><E126/><V119/><F119/><W43/><G131/><T83/><D26/><U17/><E46/><V37/><F37/><W44/><G79/><T80/><REACH who="0" step="1"/><D85/><REACH who="0" ten="253,264,270,203" step="2"/><N who="1" m="52239" /><E27/><V63/><F130/><W123/><G123/><T127/><D127/><U16/><E67/><V59/><F128/><W118/><G118/><T38/><D38/><U39/><E39/><V96/><F50/><W32/><G32/><T104/><D104/><U61/><E61/><V86/><F63/><W12/><G1/><T70/><D70/><U34/><E34/><V72/><F72/><W10/><G10/><T133/><D133/><U129/><E57/><V135/><F59/><W121/><G121/><T68/><D68/><U124/><E124/><V64/><F64/><W9/><G9/><T60/><D60/><U115/><E129/><V58/><F58/><W114/><G114/><T91/><D91/><U4/><E115/><V41/><F33/><W112/><G112/><T29/><D29/><N who="1" m="17543" /><E49/><V40/><F31/><W51/><REACH who="3" step="1"/><G43/><REACH who="3" ten="253,264,270,193" step="2"/><T116/><D116/><U99/><E45/><V82/><F47/><W36/><G36/><T105/><D105/><N who="1" m="63647" /><E103/><V97/><F135/><W76/><G76/><T132/><D132/><RYUUKYOKU ba="0,2" sc="253,10,264,10,270,-30,193,10" hai0="11,19,62,66,71,80,83,93,98,102,108,110,111" hai1="4,13,16,17" hai3="3,6,8,12,18,23,44,51,53,54,55,90,94" /><INIT seed="8,1,2,3,2,8" ten="263,274,240,203" oya="0" hai0="28,17,50,84,67,14,106,95,41,31,71,39,38" hai1="61,87,79,89,104,88,108,43,122,5,59,82,32" hai2="47,75,128,49,24,15,65,133,4,85,3,97,48" hai3="130,40,109,37,76,56,35,1,114,98,21,91,94"/><T101/><D106/><U127/><E108/><V19/><F75/><W29/><G109/><T66/><D39/><U10/><E122/><V126/><F126/><W135/><G114/><T103/><D38/><U74/><E127/><V2/><F133/><W62/><G1/><T45/><D71/><U90/><E43/><V72/><F65/><N who="0" m="24586" /><D84/><U51/><E32/><V115/><F128/><W92/><G135/><T80/><D80/><U125/><E51/><V0/><F72/><W117/><G130/><T112/><D112/><U77/><E104/><V73/><F73/><W120/><G120/><T9/><D95/><U100/><E100/><AGARI ba="1,2" hai="9,14,17,28,31,41,45,50,100,101,103" m="24586" machi="100" ten="30,2900,0" yaku="8,1,52,1" doraHai="8" who="0" fromWho="1" sc="263,52,274,-32,240,0,203,0" owari="315,42.0,242,4.0,240,-16.0,203,-30.0" /></mjloggm>