<mjloggm ver="2.3"><GO type="169" lobby="0"/><UN n0="%E3%83%88%E3%83%88%E3%83%AA%E5%85%88%E7%94%9F%31%39%E6%AD%B3" n1="%70%61%72%61%6F%6E%64%65" n2="%E3%82%B7%E3%83%B3%E3%83%87%E3%83%AB%E3%83%A9" n3="%E3%81%BE%E3%83%BC%E3%81%95%EF%BC%A0%EF%BC%92%EF%BC%91" dan="18,17,16,17" rate="2226.15,2179.14,2109.32,2214.20" sx="F,M,F,M"/><TAIKYOKU oya="0"/><INIT seed="0,0,0,3,1,19" ten="250,250,250,250" oya="0" hai0="121,9,110,38,3,64,91,116,66,81,95,123,25" hai1="87,78,58,55,69,83,60,84,129,82,46,114,88" hai2="15,90,18,12,100,79,126,112,13,68,76,119,102" hai3="115,37,108,50,111,67,53,33,107,80,59,101,54"/><T7/><D116/><U52/><E129/><V5/><F112/><W4/><G33/><T109/><D38/><U62/><E114/><V2/><F119/><W42/><G115/><T86/><D64/><U133/><E133/><V6/><F126/><W117/><G117/><T20/><D66/><U134/><E134/><V74/><F68/><W24/><G4/><N who="2" m="1641" /><F74/><W30/><G67/><T21/><D81/><U124/><E124/><V22/><F90/><W41/><G80/><T89/><D89/><U92/><E69/><V34/><F34/><W23/><G54/><T1/><D1/><U75/><E46/><V120/><F120/><W93/><G107/><T56/><D56/><N who="1" m="34823" /><E75/><V73/><F73/><W135/><G135/><T27/><D121/><U45/><E45/><V122/><F2/><W61/><G37/><T72/><D72/><U43/><E43/><V105/><F105/><W14/><G41/><T99/><D86/><U104/><E104/><V26/><F122/><W47/><REACH who="3" step="1"/><G14/><REACH who="3" ten="250,250,250,240" step="2"/><T132/><D132/><U48/><E83/><V44/><F44/><W36/><G36/><T8/><D123/><U0/><E0/><V49/><F49/><AGARI ba="0,1" hai="48,49,55,58,62,78,82,84,87,88,92" m="34823" machi="49" ten="30,3900,0" yaku="8,1,54,2" doraHai="19" who="1" fromWho="2" sc="250,0,250,49,250,-39,240,0" /><INIT seed="1,0,0,5,2,34" ten="250,299,211,240" oya="1" hai0="99,1,83,130,50,89,46,70,29,102,14,58,62" hai1="115,67,93,36,90,61,112,98,76,25,3,42,116" hai2="18,9,103,73,81,124,87,119,16,133,13,91,111" hai3="0,118,6,49,117,22,24,10,57,51,38,97,43"/><U120/><E120/><V8/><F119/><N who="3" m="45579" /><G97/><T31/><D130/><U20/><E116/><V40/><F111/><W109/><G109/><T108/><D70/><U63/><E76/><V94/><F124/><W74/><G74/><T77/><D1/><U134/><E134/><V88/><F133/><W11/><G11/><T23/><D108/><U39/><E63/><V80/><F40/><W7/><G7/><T72/><D89/><U53/><E53/><V125/><F125/><W41/><G38/><T84/><D72/><U100/><E3/><V27/><F27/><W122/><G122/><T85/><D85/><U2/><E2/><V45/><F45/><W47/><G57/><T69/><D69/><U55/><E39/><V66/><F66/><W132/><G132/><T96/><D14/><U28/><E36/><V104/><F73/><W65/><G65/><N who="0" m="39127" /><D23/><U95/><E42/><N who="3" m="15882" /><G47/><T48/><D46/><U35/><E55/><V15/><F91/><W79/><G79/><T12/><D99/><AGARI ba="0,0" hai="8,9,13,15,16,18,80,81,87,88,94,99,103,104" machi="99" ten="40,5200,0" yaku="9,1,54,2" doraHai="34" who="2" fromWho="0" sc="250,-52,299,0,211,52,240,0" /><INIT seed="2,0,0,2,4,82" ten="198,299,263,240" oya="2" hai0="77,134,29,22,58,41,32,33,105,37,81,126,34" hai1="111,100,79,117,84,51,131,90,46,16,55,127,31" hai2="47,89,36,1,71,11,38,17,98,62,107,76,116" hai3="59,110,74,124,70,125,115,50,21,20,57,28,135"/><V30/><F116/><W83/><G70/><T128/><D105/><U35/><E117/><V14/><F76/><W130/><G110/><T45/><D128/><U65/><E111/><V12/><F1/><W56/><G130/><T39/><D134/><U112/><E112/><V40/><F30/><W106/><G106/><T108/><D108/><U19/><E100/><V23/><F38/><W42/><G115/><T94/><D126/><U122/><E131/><V72/><F72/><W75/><G135/><T129/><D129/><U18/><E127/><N who="3" m="48714" /><G28/><T103/><D39/><U24/><E65/><V96/><F107/><W123/><G123/><T8/><D8/><U73/><E73/><N who="3" m="27658" /><G83/><T6/><D6/><U67/><E67/><V88/><F71/><W97/><G97/><T2/><D2/><U4/><E4/><V119/><F119/><W104/><G104/><T78/><D81/><U26/><E79/><V69/><F69/><W91/><G91/><T27/><REACH who="0" step="1"/><D58/><REACH who="0" ten="188,299,263,240" step="2"/><U102/><E122/><V132/><F132/><W87/><G59/><T52/><D52/><U60/><E55/><V5/><F5/><W53/><G57/><T120/><D120/><U61/><E35/><V13/><F11/><W113/><G113/><T121/><D121/><U63/><E46/><V80/><F80/><W54/><G54/><T3/><D3/><U7/><E7/><V9/><F9/><W66/><G66/><T109/><D109/><U93/><E60/><V25/><F62/><W43/><G56/><T114/><D114/><U101/><E63/><V44/><F47/><W48/><G53/><RYUUKYOKU ba="0,1" sc="188,15,299,-15,263,15,240,-15" hai0="22,27,29,32,33,34,37,41,45,77,78,94,103" hai2="12,13,14,17,23,25,36,40,44,88,89,96,98" /><INIT seed="2,1,1,1,5,7" ten="203,284,278,225" oya="2" hai0="66,3,41,21,45,104,78,8,108,36,48,31,2" hai1="50,18,10,35,16,29,76,15,87,72,5,94,101" hai2="135,129,118,115,49,124,32,46,92,89,57,30,55" hai3="65,70,112,40,134,24,20,96,51,85,6,125,109"/><V131/><F115/><W73/><G73/><T81/><D104/><U54/><E72/><V113/><F113/><W80/><G112/><T117/><D108/><U95/><E35/><V53/><F118/><W98/><G109/><T102/><D102/><U116/><E116/><V58/><F124/><W83/><G125/><T42/><D117/><U11/><E29/><V43/><F135/><W110/><G110/><T114/><D114/><U122/><E122/><V126/><F126/><W77/><G83/><T84/><D66/><U23/><E18/><V79/><F79/><W17/><G134/><T107/><D107/><U67/><E67/><V90/><F30/><W0/><G70/><T133/><D133/><U127/><E5/><V39/><F32/><W121/><G65/><T52/><D41/><U119/><E119/><V47/><F47/><W106/><G106/><T38/><D38/><U123/><E123/><V22/><F22/><W34/><G34/><T75/><D84/><U64/><E64/><V120/><F120/><W61/><G61/><T63/><D63/><U105/><E105/><V91/><REACH who="2" step="1"/><F92/><REACH who="2" ten="203,284,268,225" step="2"/><N who="1" m="35369" /><E127/><V56/><F56/><W99/><G121/><T26/><D31/><U103/><E76/><V14/><F14/><W130/><G77/><T69/><D21/><U74/><E74/><V37/><F37/><W13/><G20/><T111/><D111/><U88/><E103/><V62/><AGARI ba="1,2" hai="39,43,46,49,53,55,57,58,62,89,90,91,129,131" machi="62" ten="30,3000,0" yaku="1,1,0,1,53,0" doraHai="7" doraHaiUra="82" who="2" fromWho="2" sc="203,-11,284,-11,268,53,225,-11" /><INIT seed="2,2,0,1,1,49" ten="192,273,321,214" oya="2" hai0="62,117,47,94,0,79,104,98,86,41,19,6,69" hai1="25,15,75,54,63,123,83,124,33,40,97,82,14" hai2="67,58,108,18,29,109,21,45,78,34,135,39,119" hai3="101,44,102,113,2,26,4,68,106,100,115,3,127"/><V38/><F119/><W8/><G106/><T36/><D117/><U121/><E40/><V107/><F135/><W128/><G68/><T48/><D104/><U105/><E124/><V11/><F107/><W24/><G127/><T77/><D86/><U52/><E63/><N who="2" m="38391" /><F78/><W111/><G111/><N who="2" m="42569" /><F11/><W81/><G128/><T130/><D130/><U131/><E131/><V42/><F34/><W30/><G81/><N who="1" m="30730" /><E75/><V90/><F90/><W66/><G66/><T85/><D77/><U71/><E71/><V72/><F72/><W61/><G61/><T95/><D62/><U57/><E57/><V64/><F64/><W122/><G102/><T27/><D79/><U32/><E25/><N who="2" m="14519" /><F29/><W37/><G30/><T93/><D69/><U76/><E76/><V99/><F99/><W46/><G8/><T12/><D98/><U43/><E97/><V55/><F55/><N who="1" m="21033" /><E43/><V7/><F7/><W35/><G4/><T125/><D125/><U50/><E50/><AGARI ba="2,0" hai="38,39,42,45,50" m="14519,42569,38391" machi="50" ten="30,2900,0" yaku="14,1,10,1" doraHai="49" who="2" fromWho="1" sc="192,0,273,-35,321,35,214,0" /><INIT seed="2,3,0,4,4,91" ten="192,238,356,214" oya="2" hai0="100,105,133,4,26,35,43,38,92,17,1,5,74" hai1="102,14,113,112,90,77,66,83,52,110,27,111,79" hai2="70,9,123,98,55,30,20,37,40,67,68,8,11" hai3="2,128,61,48,82,127,126,58,18,34,46,117,32"/><V94/><F123/><W47/><G117/><T130/><D74/><U134/><E66/><V95/><F55/><W101/><G2/><T51/><D38/><U99/><E27/><V135/><F135/><W29/><G128/><T86/><D133/><U36/><E36/><V62/><F70/><W76/><G101/><T108/><D130/><U103/><E14/><V33/><F33/><W21/><G29/><T54/><D43/><U22/><E22/><V104/><F104/><W69/><G69/><T65/><D65/><U84/><E52/><V131/><F131/><W24/><G34/><T23/><D108/><N who="1" m="41515" /><E134/><V0/><F0/><W25/><G25/><T80/><D105/><N who="1" m="63711" /><E103/><V107/><F107/><W41/><G46/><T39/><D39/><U96/><E96/><V116/><F98/><W114/><G32/><T115/><D35/><U129/><E129/><V78/><F37/><W56/><G61/><T57/><D1/><U122/><E122/><V88/><F62/><W132/><G132/><T72/><D100/><U106/><E106/><V50/><F67/><W89/><G58/><T31/><D31/><U7/><E7/><V44/><F30/><W97/><G56/><T28/><D28/><U125/><E125/><V121/><F68/><W64/><G64/><T3/><D3/><U81/><E77/><V15/><F78/><W6/><G127/><T16/><D5/><U120/><E120/><V12/><F121/><W75/><G126/><T93/><D57/><U49/><E49/><N who="2" m="26759" /><F15/><W19/><G48/><T63/><D51/><U42/><E42/><V73/><F50/><RYUUKYOKU ba="3,0" sc="192,-10,238,30,356,-10,214,-10" hai1="79,81,83,84,90,112,113" /><INIT seed="3,4,0,2,4,5" ten="182,268,346,204" oya="3" hai0="40,133,66,67,110,55,21,10,16,121,92,27,118" hai1="44,34,90,76,19,48,131,57,62,2,71,79,14" hai2="113,65,46,132,63,30,89,127,97,126,38,39,59" hai3="83,17,12,31,134,0,75,64,115,18,117,80,93"/><W9/><G115/><T95/><D118/><U120/><E2/><V112/><F30/><W33/><G117/><T72/><D72/><U96/><E34/><V130/><F130/><W102/><G134/><T6/><D121/><U32/><E32/><V8/><F132/><W124/><G124/><N who="2" m="47657" /><F8/><W11/><G64/><T125/><D133/><U111/><E120/><V29/><F29/><W81/><G75/><T52/><D110/><U104/><E71/><V78/><F78/><W42/><G42/><T87/><D40/><N who="1" m="24583" /><E104/><V107/><F46/><W129/><G129/><T56/><D55/><N who="1" m="34111" /><E111/><V53/><F107/><W1/><G33/><T100/><D125/><U58/><E58/><V47/><F38/><W84/><G31/><T54/><D54/><U15/><E15/><V94/><F53/><W36/><G36/><T135/><D135/><U35/><E35/><V114/><F114/><W98/><G84/><T60/><D100/><U77/><E131/><V45/><F45/><W25/><G25/><T106/><D106/><U82/><E96/><V74/><F74/><W20/><G20/><T103/><D103/><U43/><E43/><AGARI ba="4,0" hai="39,43,47,59,63,65,89,94,97,112,113" m="47657" machi="43" ten="30,1000,0" yaku="18,1" doraHai="5" who="2" fromWho="1" sc="182,0,268,-22,346,22,204,0" /><INIT seed="4,0,0,4,0,73" ten="182,246,368,204" oya="0" hai0="22,129,38,42,102,67,128,121,55,5,45,16,68" hai1="87,112,20,91,39,85,98,23,7,64,109,12,15" hai2="107,114,122,84,133,60,34,99,115,49,41,35,62" hai3="70,3,89,92,94,57,119,120,58,61,37,54,108"/><T127/><D121/><U116/><E109/><V52/><F122/><W51/><G108/><T24/><D127/><U46/><E39/><V135/><F41/><W50/><G120/><T80/><D102/><U44/><E116/><V33/><F84/><W1/><G119/><T25/><D5/><U40/><E64/><V83/><F83/><W72/><G37/><T19/><D55/><U76/><E40/><V74/><F74/><W118/><G118/><T93/><D93/><U48/><E98/><V81/><F81/><W88/><G70/><T110/><D110/><U4/><E48/><V26/><F26/><W9/><G72/><T59/><D68/><U77/><E91/><V100/><F62/><W53/><G9/><T6/><D6/><U113/><AGARI ba="0,0" hai="4,7,12,15,20,23,44,46,76,77,85,87,112,113" machi="113" ten="25,8000,1" yaku="0,1,22,2,52,2" doraHai="73" who="1" fromWho="1" sc="182,-40,246,80,368,-20,204,-20" /><INIT seed="5,0,0,2,5,48" ten="142,326,348,184" oya="1" hai0="94,79,54,107,73,85,45,33,35,57,55,130,27" hai1="17,18,23,44,133,123,72,46,10,34,100,132,47" hai2="56,121,11,14,22,103,3,83,134,40,124,99,8" hai3="108,51,42,87,61,76,2,78,26,92,110,126,39"/><U0/><E34/><V52/><F121/><W69/><G2/><T117/><D107/><U118/><E118/><V101/><F124/><W53/><G126/><T19/><D117/><U5/><E72/><V122/><F122/><W86/><G26/><T32/><D73/><U135/><E123/><V9/><F134/><W49/><G39/><T20/><D130/><U70/><E70/><V129/><F129/><W64/><G42/><T96/><D45/><U24/><REACH who="1" step="1"/><E100/><REACH who="1" ten="142,316,348,184" step="2"/><V60/><F103/><W88/><G110/><T131/><D131/><U115/><E115/><V119/><F101/><W63/><G108/><T95/><D35/><U116/><E116/><V29/><F119/><W93/><G69/><T1/><D32/><U102/><E102/><V68/><F68/><W109/><G109/><T105/><D33/><U15/><E15/><V75/><F14/><W91/><G64/><T6/><D1/><U90/><E90/><V112/><F3/><W74/><G74/><T16/><D79/><U66/><E66/><V67/><F67/><W120/><G120/><T97/><D105/><U4/><E4/><V106/><F106/><W113/><G113/><T111/><D6/><U38/><E38/><V13/><F13/><W127/><G127/><T28/><D111/><U82/><E82/><V43/><F112/><W114/><G114/><T25/><D94/><U104/><E104/><V50/><F83/><W81/><G81/><T98/><D95/><U36/><E36/><V128/><F75/><W21/><G93/><T71/><D71/><U65/><E65/><V58/><F128/><RYUUKYOKU ba="0,1" sc="142,-10,316,30,348,-10,184,-10" hai1="0,5,10,17,18,23,24,44,46,47,132,133,135" /><INIT seed="5,1,1,3,0,17" ten="132,346,338,174" oya="1" hai0="25,39,91,86,7,82,127,54,55,131,34,13,52" hai1="103,15,33,121,49,129,69,78,114,90,50,93,46" hai2="71,88,31,128,81,99,59,0,94,2,80,53,113" hai3="27,65,44,104,111,56,108,124,102,135,22,83,62"/><U75/><E121/><V107/><F71/><W73/><G135/><T67/><D39/><U14/><E69/><V19/><F31/><W51/><G124/><T8/><D127/><U68/><E68/><V11/><F128/><W28/><G104/><T116/><D116/><U89/><E33/><V134/><F134/><W58/><G58/><T37/><D37/><U109/><E114/><V77/><F113/><W9/><G9/><T130/><REACH who="0" step="1"/><D67/><REACH who="0" ten="122,346,338,174" step="2"/><U85/><E129/><V29/><F0/><W57/><G111/><T133/><D133/><U70/><E109/><V120/><F2/><W126/><G108/><T123/><D123/><U125/><E125/><V23/><F120/><W20/><G126/><T21/><D21/><U4/><E70/><V119/><F23/><W10/><G10/><T1/><D1/><U36/><E36/><V101/><F11/><W122/><G122/><T63/><D63/><U41/><E4/><V87/><F119/><W64/><G64/><T45/><D45/><U79/><E46/><V40/><F59/><W5/><G5/><T16/><D16/><U42/><E50/><V24/><F19/><W72/><G57/><T6/><D6/><U100/><E49/><V61/><F61/><W76/><G20/><T32/><D32/><U60/><E60/><V74/><F29/><AGARI ba="1,2" hai="7,8,13,25,29,34,52,54,55,82,86,91,130,131" machi="29" ten="40,5200,0" yaku="1,1,54,1,53,1" doraHai="17" doraHaiUra="26" who="0" fromWho="2" sc="122,75,346,0,338,-55,174,0" /><INIT seed="6,0,0,4,4,121" ten="197,346,283,174" oya="2" hai0="120,106,133,10,59,111,129,101,97,102,53,11,115" hai1="34,89,36,15,40,57,112,0,74,8,6,128,116" hai2="122,126,67,90,28,108,56,79,22,69,55,13,75" hai3="117,4,41,124,31,100,26,93,85,38,77,27,5"/><V21/><F122/><W88/><G117/><T96/><D120/><U63/><E116/><V130/><F69/><W33/><G124/><T20/><D115/><U60/><E112/><V92/><F67/><W95/><G27/><T105/><D129/><U37/><E74/><V71/><F71/><W103/><G77/><T30/><D133/><U19/><E40/><V86/><F130/><W135/><G135/><T68/><D68/><U50/><E50/><V76/><F126/><W118/><G118/><T80/><D111/><U82/><E63/><V49/><F108/><W24/><G24/><T81/><D20/><U25/><E128/><V9/><F75/><W84/><G41/><T23/><D23/><N who="2" m="8714" /><F28/><W48/><G48/><T46/><D46/><U119/><E36/><V52/><F55/><W127/><G38/><T70/><D70/><U109/><E37/><V12/><F12/><W32/><G127/><T114/><D114/><U132/><E15/><V16/><AGARI ba="0,0" hai="9,13,16,49,52,56,76,79,86,90,92" m="8714" machi="16" ten="30,6000,0" yaku="8,1,54,2" doraHai="121" who="2" fromWho="2" sc="197,-20,346,-20,283,60,174,-20" /><INIT seed="6,1,0,2,3,130" ten="177,326,343,154" oya="2" hai0="108,111,1,77,114,49,133,35,123,17,103,81,129" hai1="97,92,18,15,131,26,55,122,24,120,116,126,45" hai2="73,16,121,21,54,10,27,37,43,89,39,75,36" hai3="52,127,44,68,38,80,67,82,0,132,79,110,40"/><V65/><F121/><N who="1" m="46697" /><E116/><V78/><F65/><W58/><G110/><T90/><D123/><U95/><E126/><V135/><F43/><W25/><G127/><T30/><D90/><N who="1" m="55447" /><E131/><V23/><F10/><W134/><G0/><T88/><D49/><N who="1" m="29103" /><E95/><V72/><F78/><W102/><G102/><T98/><D129/><U57/><E57/><V60/><F89/><W106/><G106/><T47/><D111/><U32/><E32/><V53/><F60/><N who="3" m="40039" /><G25/><T33/><D108/><U7/><E7/><V11/><F11/><AGARI ba="1,0" hai="11,15,18,24,26" m="29103,55447,46697" machi="11" ten="30,1000,0" yaku="13,1" doraHai="130" who="1" fromWho="2" sc="177,0,326,13,343,-13,154,0" /><INIT seed="7,0,0,3,0,45" ten="177,339,330,154" oya="3" hai0="53,32,76,29,133,68,11,110,123,51,36,63,114" hai1="132,96,91,30,23,94,92,71,111,5,129,8,86" hai2="48,126,97,19,62,7,39,115,60,31,40,61,108" hai3="80,99,83,46,77,43,10,87,90,89,102,81,44"/><W134/><G134/><T82/><D110/><U109/><E71/><V21/><F108/><W69/><G69/><T101/><D36/><U22/><E132/><V128/><F39/><W14/><G44/><T116/><D133/><U18/><E30/><V85/><F115/><W98/><G81/><T42/><D42/><U106/><E106/><V38/><F38/><W65/><G65/><T4/><D116/><U124/><E22/><V50/><F126/><W130/><G130/><T70/><D123/><U49/><E129/><V35/><F40/><W88/><G83/><T72/><D63/><U79/><E49/><N who="2" m="19051" /><F35/><W113/><G113/><T28/><D101/><U64/><E64/><V41/><F41/><W54/><G54/><T100/><D100/><U9/><E79/><V52/><F128/><W75/><G75/><T74/><D74/><U24/><E124/><V13/><F97/><W55/><G55/><T47/><D114/><U25/><E25/><N who="2" m="16815" /><F85/><W112/><G112/><T3/><D28/><U1/><E8/><N who="2" m="6567" /><F7/><W27/><G27/><T57/><D47/><U122/><E122/><V127/><F127/><W17/><REACH who="3" step="1"/><G102/><AGARI ba="0,0" hai="1,5,9,18,23,24,86,91,92,94,96,102,109,111" machi="102" ten="30,1000,0" yaku="7,1" doraHai="45" who="1" fromWho="3" sc="177,0,339,10,330,0,154,-10" owari="177,-22.0,349,45.0,330,13.0,144,-36.0" /></mjloggm>