<mjloggm ver="2.3"><GO type="169" lobby="0"/><UN n0="%6D%75%6B%69%74%74%69" n1="%7A%61%6B%75%72%6F%72%6F" n2="%CE%BC%E3%81%97%E3%82%82%E3%81%A7" n3="%E3%82%A6%E3%83%AB%E3%83%88%E3%83%A9%E7%AB%8B%E7%9B%B4" dan="16,16,16,18" rate="2028.36,2063.97,2107.35,2208.63" sx="M,M,M,M"/><TAIKYOKU oya="0"/><INIT seed="0,0,0,1,5,92" ten="250,250,250,250" oya="0" hai0="5,10,50,130,105,58,9,104,29,38,96,125,118" hai1="124,74,43,129,133,27,103,42,110,77,83,62,75" hai2="64,98,87,31,35,80,71,100,111,33,14,113,23" hai3="84,55,32,66,22,49,123,28,21,94,0,6,89"/><T72/><D118/><U40/><E110/><V81/><F113/><W114/><G114/><T102/><D38/><U12/><E124/><V97/><F111/><W18/><G123/><T4/><D72/><U20/><E133/><V101/><F71/><W86/><G66/><T120/><D120/><U56/><E129/><V88/><F64/><W19/><G32/><T90/><D130/><U37/><E12/><V67/><F67/><W8/><G28/><T116/><D116/><U65/><E103/><N who="2" m="39499" /><F35/><W115/><G115/><T45/><D105/><U26/><E74/><V15/><F33/><W79/><G22/><T99/><D125/><U25/><REACH who="1" step="1"/><E37/><REACH who="1" ten="250,240,250,250" step="2"/><V17/><F14/><W69/><G0/><T52/><D102/><U57/><E57/><V108/><F108/><W82/><G69/><T36/><D58/><U112/><E112/><V78/><BYE who="1" /><F31/><W95/><G6/><N who="0" m="2667" /><D104/><UN n1="%7A%61%6B%75%72%6F%72%6F" /><U7/><E7/><V16/><F17/><W128/><G128/><T2/><D36/><U61/><E61/><V44/><F44/><W59/><G19/><T134/><D134/><U121/><E121/><V60/><F60/><W63/><G63/><T76/><D45/><U24/><E24/><V39/><F39/><W127/><G127/><T135/><D135/><U70/><E70/><V68/><F68/><W131/><G131/><T11/><D2/><U54/><E54/><V3/><F3/><W117/><G117/><T47/><D52/><U107/><E107/><V91/><F15/><N who="3" m="9439" /><G8/><T51/><D11/><U30/><AGARI ba="0,1" hai="20,25,26,27,30,40,42,43,56,62,65,75,77,83" machi="30" ten="30,2000,0" yaku="1,1,0,1,53,0" doraHai="92" doraHaiUra="122" who="1" fromWho="1" sc="250,-10,240,30,250,-5,250,-5" /><INIT seed="1,0,0,5,5,59" ten="240,270,245,245" oya="1" hai0="129,88,99,79,116,101,98,130,3,93,56,61,86" hai1="110,41,54,80,111,71,38,35,21,85,36,92,108" hai2="44,64,58,126,5,60,6,84,19,50,120,9,65" hai3="27,135,40,128,28,29,133,30,132,37,125,122,90"/><U81/><E71/><V45/><F120/><W33/><G122/><T97/><D116/><U105/><E35/><V24/><F126/><W70/><G70/><T18/><D3/><U23/><E105/><V91/><F65/><W34/><G40/><T25/><D79/><U8/><E8/><V14/><F24/><N who="3" m="18567" /><G37/><N who="1" m="14442" /><E41/><V0/><F0/><W83/><G90/><T10/><D101/><U76/><E81/><N who="2" m="49551" /><F45/><W32/><G83/><T96/><N who="0" m="25088" /><DORA hai="104" /><T123/><D123/><U89/><E54/><AGARI ba="0,0" hai="5,6,9,14,19,44,50,54,58,60,64" m="49551" machi="54" ten="30,3900,0" yaku="25,1,8,1,52,1" doraHai="59,104" who="2" fromWho="1" sc="240,0,270,-39,245,39,245,0" /><INIT seed="2,0,0,3,4,75" ten="240,231,284,245" oya="2" hai0="100,91,98,31,90,45,21,58,25,35,116,113,70" hai1="78,129,107,50,12,120,82,33,111,128,59,0,15" hai2="18,72,131,11,32,73,26,81,55,71,134,119,10" hai3="96,38,61,103,122,42,20,84,124,130,68,51,53"/><V117/><F71/><W69/><G124/><T14/><D70/><U95/><E107/><V6/><F134/><W5/><G130/><N who="1" m="50282" /><E33/><V7/><F131/><W92/><G122/><T49/><D113/><U127/><E111/><V126/><F126/><W94/><G5/><T88/><D116/><U23/><E127/><V65/><F65/><W66/><G69/><T48/><D58/><U40/><E0/><V3/><F55/><W46/><G20/><T9/><D35/><U99/><E23/><V102/><F102/><W8/><G8/><T16/><REACH who="0" step="1"/><D45/><REACH who="0" ten="230,231,284,245" step="2"/><N who="1" m="25895" /><E59/><V17/><F32/><W89/><REACH who="3" step="1"/><G53/><REACH who="3" ten="230,231,284,235" step="2"/><T97/><D97/><U109/><E120/><V60/><F119/><W57/><G57/><T106/><AGARI ba="0,2" hai="9,14,16,21,25,31,48,49,88,90,91,98,100,106" machi="106" ten="30,7900,0" yaku="1,1,0,1,54,2,53,0" doraHai="75" doraHaiUra="30" who="0" fromWho="0" sc="230,99,231,-20,284,-39,235,-20" /><INIT seed="3,0,0,1,3,50" ten="329,211,245,215" oya="3" hai0="89,119,88,126,16,71,47,116,43,33,98,108,54" hai1="7,55,101,76,52,51,92,124,17,28,65,32,59" hai2="56,135,130,113,58,37,15,120,77,86,27,107,45" hai3="12,81,11,67,68,97,49,122,133,84,72,118,91"/><W2/><G122/><T10/><D71/><U128/><E128/><V9/><F107/><W85/><G118/><T63/><D33/><U103/><E124/><V94/><F113/><W66/><G2/><T79/><D126/><U23/><E7/><V117/><F117/><W36/><G36/><T78/><D119/><U5/><E5/><V73/><F73/><W39/><G39/><T96/><D116/><U42/><E76/><N who="0" m="29225" /><D108/><U102/><E32/><V80/><F120/><W82/><G133/><T57/><D43/><U25/><E92/><V26/><F135/><W20/><G20/><T64/><D47/><N who="1" m="26103" /><E28/><V22/><F130/><W35/><G35/><T131/><D64/><N who="3" m="24617" /><G68/><T111/><D111/><U70/><E70/><V40/><F94/><N who="3" m="56543" /><G72/><T46/><D46/><U115/><E115/><V125/><F125/><W100/><G100/><T30/><D30/><U105/><E105/><V38/><F38/><W62/><G62/><AGARI ba="0,0" hai="17,23,25,52,55,59,62,65,101,102,103" m="26103" machi="62" ten="30,7700,0" yaku="8,1,52,2,54,1" doraHai="50" who="1" fromWho="3" sc="329,0,211,77,245,0,215,-77" /><INIT seed="4,0,0,2,2,113" ten="329,288,245,138" oya="0" hai0="55,85,65,42,80,33,21,63,2,125,20,127,101" hai1="122,11,76,88,96,37,4,107,28,14,41,3,110" hai2="10,35,57,53,91,66,62,134,69,13,32,18,129" hai3="109,82,25,50,60,98,19,93,72,44,70,78,124"/><T83/><D33/><U94/><E122/><V23/><F134/><W119/><G109/><T22/><D2/><U64/><E110/><V106/><F129/><W114/><G114/><T135/><D42/><U117/><E28/><V67/><F106/><W89/><G124/><N who="0" m="47691" /><D135/><U0/><E107/><V26/><F91/><W73/><G73/><T128/><D128/><U6/><E64/><V49/><REACH who="2" step="1"/><F67/><REACH who="2" ten="329,288,235,138" step="2"/><W100/><G89/><T133/><D133/><U40/><E88/><V38/><F38/><W56/><G70/><T12/><D65/><U131/><E37/><V132/><F132/><W115/><G115/><T68/><D101/><U8/><E131/><V123/><F123/><W116/><G60/><T46/><D63/><U47/><E76/><V81/><F81/><W61/><G61/><T71/><D83/><U90/><E90/><V111/><F111/><W15/><G56/><T58/><D58/><U54/><E94/><V51/><F51/><W43/><REACH who="3" step="1"/><G25/><REACH who="3" ten="329,288,235,128" step="2"/><T45/><D71/><U16/><E96/><V59/><F59/><W121/><G121/><T108/><D68/><U5/><E47/><V24/><F24/><W34/><G34/><T112/><D46/><U103/><E103/><V52/><F52/><W1/><G1/><T97/><D55/><U27/><E54/><V87/><F87/><W102/><G102/><T77/><D85/><U86/><E86/><V118/><F118/><W9/><AGARI ba="0,2" hai="9,15,19,43,44,50,72,78,82,93,98,100,116,119" machi="9" ten="20,12000,2" yaku="1,1,0,1,7,1,52,2,53,1" doraHai="113" doraHaiUra="104" who="3" fromWho="3" sc="329,-60,288,-30,235,-30,128,140" /><INIT seed="5,0,0,1,2,97" ten="269,258,205,268" oya="1" hai0="93,91,84,105,12,62,128,26,16,132,124,75,115" hai1="59,64,86,104,121,35,38,7,89,34,30,74,70" hai2="50,45,77,52,33,41,73,131,123,127,95,19,85" hai3="66,110,96,18,79,61,63,24,68,98,42,21,13"/><U81/><E121/><V134/><F123/><W106/><G110/><T99/><D75/><U55/><E38/><V82/><F127/><W101/><G79/><T17/><D124/><U4/><E74/><V72/><F33/><W103/><G42/><T65/><D115/><U1/><E104/><V22/><F131/><W120/><G120/><T130/><D132/><U36/><E36/><V56/><F134/><W44/><G44/><T14/><D26/><U53/><E70/><V117/><F117/><W29/><G66/><T3/><D3/><U122/><E122/><V108/><F108/><W6/><G6/><T2/><D2/><U37/><E37/><V43/><F95/><W48/><G48/><T129/><D105/><U25/><E35/><V9/><F9/><W119/><G68/><N who="0" m="42039" /><D99/><U46/><E64/><V80/><F80/><W83/><G83/><T32/><D32/><U90/><E90/><V126/><F126/><W135/><G135/><T60/><D60/><N who="1" m="35951" /><E1/><V57/><F73/><W11/><G119/><T31/><D31/><U94/><E81/><V15/><F72/><W100/><G100/><T88/><D91/><U71/><E71/><V78/><F78/><W69/><G69/><T51/><D51/><N who="1" m="29175" /><E34/><V116/><F116/><W49/><G49/><T5/><D5/><U107/><E107/><AGARI ba="0,0" hai="11,13,18,21,24,29,61,63,96,98,101,103,106,107" machi="107" ten="30,7700,0" yaku="7,1,9,1,52,2" doraHai="97" who="3" fromWho="1" sc="269,0,258,-77,205,0,268,77" /><INIT seed="6,0,0,0,1,59" ten="269,181,205,345" oya="2" hai0="120,90,28,15,76,21,101,19,100,57,102,38,67" hai1="25,84,44,30,74,55,78,114,116,5,132,47,33" hai2="50,131,42,64,87,91,77,48,97,65,20,133,10" hai3="11,79,86,66,134,111,127,0,135,123,109,83,92"/><V104/><F133/><N who="3" m="50699" /><G123/><T126/><D120/><U117/><E132/><V36/><F131/><W107/><G107/><T6/><D38/><U105/><E105/><V61/><F65/><W14/><G0/><T75/><D126/><U94/><E74/><V12/><F77/><W98/><G66/><T22/><D75/><U37/><E114/><V39/><F20/><W89/><G127/><T71/><D71/><U119/><E5/><AGARI ba="0,0" hai="5,11,14,79,83,86,89,92,98,109,111" m="50699" machi="5" ten="30,1000,0" yaku="20,1" doraHai="59" who="3" fromWho="1" sc="269,0,181,-10,205,0,345,10" /><INIT seed="7,0,0,5,0,73" ten="269,171,205,355" oya="3" hai0="76,88,77,36,121,19,11,64,84,70,10,28,45" hai1="3,89,22,21,57,85,133,1,18,128,29,34,14" hai2="56,101,87,46,15,107,71,126,118,80,82,79,4" hai3="9,90,31,125,113,105,69,30,74,135,97,26,134"/><W20/><G74/><T112/><D121/><U8/><E128/><V0/><F118/><W5/><G69/><T48/><D36/><U67/><E133/><V119/><F71/><W13/><G113/><T66/><D70/><U98/><E98/><V93/><F119/><W49/><G125/><T40/><D112/><U17/><E67/><N who="0" m="25641" /><D28/><U99/><E99/><N who="2" m="59631" /><F0/><N who="1" m="73" /><E57/><V2/><F2/><W127/><G127/><T37/><D37/><U120/><E89/><V100/><F107/><W111/><G31/><T114/><D114/><U86/><E120/><V109/><F109/><W117/><G111/><T92/><D11/><U60/><E60/><V41/><F100/><W58/><G105/><T110/><D110/><U44/><E44/><V6/><F126/><W39/><G39/><T129/><D129/><U68/><E68/><V94/><F94/><N who="3" m="56535" /><G117/><T24/><D10/><U62/><E62/><V53/><F82/><W108/><G108/><T103/><D103/><U122/><E122/><V95/><F95/><W132/><G135/><T43/><D43/><U123/><E123/><V116/><F116/><W83/><G134/><T65/><N who="0" m="25649" /><T35/><DORA hai="47" /><D35/><U72/><E72/><V7/><F46/><W130/><G132/><T91/><D91/><U16/><E86/><V61/><F41/><W115/><G130/><T51/><D40/><U52/><E85/><V38/><F38/><W96/><G115/><T32/><D84/><U54/><E34/><V27/><F27/><W124/><G26/><T33/><D24/><N who="1" m="16535" /><E21/><V23/><F23/><W131/><G20/><T81/><D33/><RYUUKYOKU ba="0,0" sc="269,-15,171,15,205,15,355,-15" hai1="8,14,16,17,18,52,54" hai2="4,6,7,15,53,56,61,79,80,87" owari="254,5.0,186,-31.0,220,-18.0,340,44.0" /></mjloggm>