<mjloggm ver="2.3"><GO type="41" lobby="0"/><UN n0="%73%69%72%6F%75%75%75" n1="%6B%73%6B%31%38%38%37" n2="%67%74%79%6F%6E" n3="%E5%B0%B1%E6%B4%BB%E7%94%9F%40%E5%B7%9D%E6%9D%91%E8%BB%8D%E5%9B%A3" dan="14,13,14,16" rate="1956.09,1814.52,1985.38,2206.14" sx="M,M,M,M"/><TAIKYOKU oya="0"/><INIT seed="0,0,0,0,2,2" ten="250,250,250,250" oya="0" hai0="29,38,56,115,81,25,7,1,79,54,103,120,93" hai1="15,74,133,58,34,124,128,73,11,78,85,61,64" hai2="105,31,116,97,13,88,35,3,49,12,83,57,48" hai3="106,50,55,18,43,126,8,98,130,121,67,131,107"/><T23/><D115/><U118/><E34/><V87/><F3/><W10/><G43/><T94/><D120/><U41/><E118/><V24/><F116/><W68/><G126/><T125/><D38/><U123/><E123/><V62/><F48/><W76/><G76/><T53/><D125/><U96/><E124/><V47/><F97/><W59/><G68/><T108/><D108/><U102/><E41/><V45/><F105/><W134/><G67/><T82/><D103/><U6/><E128/><N who="3" m="49194" /><G134/><T60/><D82/><U77/><E133/><V129/><F129/><W52/><G121/><T91/><D91/><U42/><E42/><V40/><REACH who="2" step="1"/><F45/><REACH who="2" ten="250,250,240,250" step="2"/><W71/><G98/><T92/><D1/><U80/><REACH who="1" step="1"/><E78/><REACH who="1" ten="250,240,240,250" step="2"/><V122/><F122/><W101/><G107/><AGARI ba="0,2" hai="6,11,15,58,61,64,73,74,77,80,85,96,102,107" machi="107" ten="30,7700,0" yaku="1,1,2,1,7,1,52,1,53,0" doraHai="2" doraHaiUra="109" who="1" fromWho="3" sc="250,0,240,97,240,0,250,-77" /><INIT seed="1,0,0,3,5,14" ten="250,337,240,173" oya="1" hai0="27,8,133,76,126,108,127,79,13,96,40,66,63" hai1="46,49,26,107,11,41,69,60,103,34,30,93,62" hai2="37,115,70,113,99,0,33,97,50,45,32,18,67" hai3="3,53,64,135,36,52,122,125,15,111,75,31,121"/><U20/><E69/><V38/><F0/><W110/><G3/><T100/><D108/><N who="3" m="41513" /><G75/><T65/><D40/><U12/><E34/><V25/><F67/><W51/><G31/><T87/><D133/><U81/><E81/><V24/><F70/><W55/><G36/><T35/><D66/><U134/><E134/><V5/><F5/><W17/><G135/><T124/><D87/><U9/><E107/><V39/><F50/><W119/><G64/><T7/><D27/><N who="2" m="10314" /><F45/><N who="3" m="27759" /><G125/><T44/><D44/><U68/><E68/><V28/><F28/><W19/><G119/><T132/><D35/><N who="2" m="13386" /><F18/><N who="3" m="6667" /><G15/><T123/><D132/><U114/><E9/><V86/><F86/><W84/><G84/><T58/><REACH who="0" step="1"/><D123/><AGARI ba="0,0" hai="53,55,121,122,123" m="6667,27759,41513" machi="123" ten="30,8000,1" yaku="14,1,52,3,54,1" doraHai="14" who="3" fromWho="0" sc="250,-80,337,0,240,0,173,80" /><INIT seed="2,0,0,1,2,111" ten="170,337,240,253" oya="2" hai0="35,92,34,119,105,58,46,88,71,39,20,57,72" hai1="27,135,69,30,116,28,4,19,50,48,51,16,115" hai2="99,64,89,106,14,86,1,84,67,32,13,132,60" hai3="104,128,29,121,55,87,42,114,38,9,66,102,6"/><V33/><F1/><W130/><G121/><T31/><D72/><U117/><E69/><V95/><F132/><W68/><G29/><T15/><D105/><U100/><E4/><V61/><F106/><W47/><G87/><T21/><D71/><U7/><E7/><V3/><F3/><N who="3" m="223" /><G55/><T40/><D119/><U74/><E74/><V83/><F86/><W37/><G38/><T22/><D15/><U17/><E135/><V18/><F13/><W41/><G41/><T82/><D82/><U101/><E27/><V10/><F61/><N who="3" m="40015" /><G114/><T65/><D65/><U127/><E115/><V24/><F24/><W23/><G23/><T129/><D129/><U73/><E73/><V75/><F75/><W25/><G25/><T2/><D31/><N who="1" m="11819" /><E127/><V112/><F112/><W93/><G93/><T36/><D39/><U110/><E110/><V126/><F126/><W53/><G53/><T91/><D2/><U80/><E80/><V77/><REACH who="2" step="1"/><F67/><REACH who="2" ten="170,337,230,253" step="2"/><W85/><G85/><T5/><D35/><U134/><E134/><V79/><F79/><W120/><G120/><T122/><D34/><U125/><E125/><V90/><F90/><W124/><G124/><T63/><D91/><U109/><E109/><V118/><F118/><AGARI ba="0,1" hai="16,17,19,48,50,51,100,101,116,117,118" m="11819" machi="118" ten="40,5200,0" yaku="28,2,54,1" doraHai="111" who="1" fromWho="2" sc="170,0,337,62,230,-52,253,0" /><INIT seed="3,0,0,5,1,0" ten="170,399,178,253" oya="3" hai0="74,8,89,47,76,83,93,33,105,87,17,27,94" hai1="51,66,31,1,102,40,71,113,126,132,96,109,73" hai2="63,72,15,86,62,19,21,41,11,78,135,82,115" hai3="60,67,7,56,69,108,29,45,122,5,64,131,98"/><W37/><G122/><T80/><D105/><U130/><E31/><V49/><F115/><W23/><G131/><T99/><D33/><U3/><E66/><V110/><F135/><W97/><G69/><T18/><D27/><U43/><E51/><V129/><F129/><W107/><G67/><T34/><D34/><U12/><E12/><V103/><F72/><W52/><G108/><T101/><D47/><U2/><E43/><V57/><F110/><W118/><G118/><T48/><D48/><U61/><E61/><V85/><F103/><W120/><G120/><T4/><REACH who="0" step="1"/><D83/><REACH who="0" ten="160,399,178,253" step="2"/><U16/><E113/><V125/><F63/><W104/><G104/><T79/><D79/><U90/><E126/><V22/><F82/><W106/><G106/><T114/><D114/><U95/><E130/><V116/><F78/><W46/><G107/><T20/><D20/><U68/><E132/><V84/><F125/><W111/><G111/><T26/><D26/><U117/><E117/><V54/><F116/><W121/><G121/><T25/><D25/><U100/><E109/><V124/><F124/><W58/><G23/><T6/><D6/><N who="3" m="2057" /><G37/><T88/><D88/><U119/><E90/><V9/><F22/><W36/><G36/><T123/><D123/><U13/><E119/><V32/><F32/><W59/><G29/><T28/><D28/><U10/><E40/><V92/><F92/><W128/><G128/><T55/><D55/><U14/><E1/><AGARI ba="0,1" hai="1,4,8,17,18,74,76,80,87,89,93,94,99,101" machi="1" ten="30,3900,0" yaku="1,1,7,1,52,1,53,0" doraHai="0" doraHaiUra="112" who="0" fromWho="1" sc="160,49,399,-39,178,0,253,0" /><INIT seed="4,0,0,5,2,25" ten="209,360,178,253" oya="0" hai0="135,99,77,30,15,52,68,12,60,79,53,82,125" hai1="120,121,2,72,115,4,0,37,61,27,1,19,106" hai2="117,78,90,123,97,36,111,18,16,104,21,94,57" hai3="44,133,119,47,134,14,50,54,74,33,35,62,8"/><T88/><D135/><N who="3" m="51721" /><G74/><T64/><D125/><U58/><E37/><V105/><F36/><W108/><G108/><T24/><D12/><U49/><E106/><V43/><F111/><W56/><G119/><T6/><D6/><U100/><E100/><V83/><F117/><W107/><G107/><T109/><D15/><U127/><E127/><V59/><F43/><N who="3" m="24863" /><G47/><T13/><D13/><U67/><E72/><V22/><F123/><W118/><G118/><T5/><D5/><AGARI ba="0,0" hai="5,8,14,33,35,54,56,62" m="24863,51721" machi="5" ten="30,1000,0" yaku="20,1" doraHai="25" who="3" fromWho="0" sc="209,-10,360,0,178,0,253,10" /><INIT seed="5,0,0,1,2,34" ten="199,360,178,263" oya="1" hai0="110,62,66,92,89,1,23,97,3,8,50,17,25" hai1="79,12,42,68,69,2,43,74,19,18,35,106,48" hai2="99,123,49,22,28,0,111,80,60,6,113,30,46" hai3="37,132,107,109,117,59,15,56,5,27,53,103,94"/><U127/><E35/><V33/><F111/><W86/><G37/><T11/><D110/><U75/><E106/><V88/><F123/><W14/><G107/><T61/><D50/><U100/><E100/><V77/><F33/><W96/><G109/><T45/><D45/><U44/><E127/><V126/><F126/><W105/><G132/><T7/><REACH who="0" step="1"/><D66/><REACH who="0" ten="189,360,178,263" step="2"/><U63/><E63/><V115/><F60/><W119/><G53/><T10/><D10/><U125/><E43/><V32/><F49/><W81/><G117/><T87/><D87/><U64/><E125/><V102/><F46/><W76/><G119/><T116/><D116/><U82/><E64/><V36/><F36/><W67/><G67/><T57/><D57/><U112/><E75/><V91/><F32/><W9/><G59/><T47/><D47/><U71/><E112/><V131/><F113/><W101/><G56/><T104/><D104/><U78/><E71/><V135/><F135/><W93/><G105/><T16/><D16/><U31/><E68/><V26/><F30/><W51/><G51/><T24/><D24/><U130/><E19/><V129/><F115/><W114/><G27/><T133/><D133/><U98/><E31/><V55/><F55/><W72/><G114/><T128/><D128/><U95/><E69/><V122/><F129/><W85/><G15/><T120/><D120/><U38/><E48/><V121/><F131/><W118/><G118/><T54/><D54/><U29/><E29/><V20/><F122/><W40/><G40/><T65/><D65/><U4/><E130/><V21/><F121/><RYUUKYOKU ba="0,1" sc="189,15,360,-15,178,-15,263,15" hai0="1,3,7,8,11,17,23,25,61,62,89,92,97" hai3="5,9,14,72,76,81,85,86,93,94,96,101,103" /><INIT seed="6,1,1,3,2,127" ten="204,345,163,278" oya="2" hai0="73,56,118,37,86,104,94,108,19,64,110,53,133" hai1="75,91,26,54,129,33,102,40,61,50,117,4,71" hai2="18,25,34,22,15,6,67,57,99,88,130,112,13" hai3="66,17,47,29,76,135,111,20,81,68,124,96,85"/><V134/><F134/><W41/><G111/><T7/><D73/><U31/><E75/><V109/><F109/><W2/><G2/><T58/><D104/><U89/><E117/><V28/><F112/><W27/><G124/><T10/><D37/><U84/><E4/><V30/><F28/><W123/><G123/><T83/><D133/><U115/><E115/><V105/><F13/><W69/><G135/><T11/><D94/><U98/><E40/><V128/><F6/><W80/><G66/><T51/><D118/><U113/><E113/><V35/><F34/><W49/><G96/><T132/><D132/><U103/><E129/><N who="2" m="49771" /><F67/><W5/><G5/><T87/><D64/><U131/><E131/><V62/><F62/><W74/><G29/><T23/><D7/><U16/><E71/><V122/><F57/><W39/><G39/><T72/><D108/><U3/><E3/><V8/><F105/><W38/><G38/><T97/><D58/><U1/><E1/><V44/><F44/><W48/><G48/><T65/><D65/><U14/><E89/><AGARI ba="1,1" hai="17,20,27,41,47,49,68,69,74,76,80,81,85,89" machi="89" ten="30,1000,0" yaku="7,1" doraHai="127" who="3" fromWho="1" sc="204,0,345,-13,163,0,278,23" /><INIT seed="7,0,0,5,3,90" ten="204,332,163,301" oya="3" hai0="95,72,13,39,130,41,83,24,115,89,110,63,68" hai1="71,92,57,105,0,15,94,103,1,117,28,31,16" hai2="48,8,51,53,50,116,91,33,5,56,76,9,80" hai3="6,82,122,124,36,60,45,14,74,111,54,47,30"/><W49/><G122/><T119/><D110/><U25/><E71/><V42/><F116/><W55/><G111/><T23/><D119/><U10/><E117/><V100/><F33/><W131/><G131/><T67/><D13/><U135/><E135/><V34/><F34/><W12/><G124/><T65/><D65/><U61/><E105/><V73/><F100/><W37/><G30/><T2/><D2/><U109/><E103/><V134/><F134/><W118/><G118/><T112/><D130/><U86/><E86/><V108/><F108/><W32/><G32/><T85/><D41/><U21/><E31/><V40/><F9/><W78/><G14/><T66/><D39/><U77/><E77/><V101/><F101/><W17/><G6/><T127/><D127/><U99/><E99/><V129/><F129/><W59/><REACH who="3" step="1"/><G45/><REACH who="3" ten="204,332,163,291" step="2"/><T46/><D46/><U62/><E109/><V84/><F40/><W75/><G75/><T88/><D72/><U120/><E120/><V43/><F43/><W87/><G87/><T125/><D85/><U70/><E1/><V18/><F42/><W20/><AGARI ba="0,1" hai="12,17,20,36,37,47,49,54,55,59,60,74,78,82" machi="20" ten="20,3900,0" yaku="1,1,0,1,7,1,53,0" doraHai="90" doraHaiUra="98" who="3" fromWho="3" sc="204,-13,332,-13,163,-13,291,49" owari="191,-21.0,319,12.0,150,-35.0,340,44.0" /></mjloggm>