<mjloggm ver="2.3"><GO type="169" lobby="0"/><UN n0="%E3%81%A4%E3%81%8B%E3%82%93%E3%81%BD%E3%81%8F%E3%82%93" n1="%58%57" n2="%E3%82%AE%E3%82%AC%E3%83%9E%E3%82%A4%E3%83%B3" n3="%E3%82%A6%E3%83%AB%E3%83%88%E3%83%A9%E7%AB%8B%E7%9B%B4" dan="16,16,16,17" rate="2097.65,2150.70,2142.01,2195.69" sx="M,M,M,M"/><TAIKYOKU oya="0"/><INIT seed="0,0,0,2,4,46" ten="250,250,250,250" oya="0" hai0="21,34,101,119,44,75,64,14,111,22,70,131,39" hai1="58,105,117,99,84,57,12,37,31,29,120,30,113" hai2="90,115,127,78,110,89,48,8,25,118,35,56,54" hai3="100,68,27,36,88,38,9,28,97,3,82,116,43"/><T132/><D34/><U94/><E37/><V50/><F115/><W98/><G68/><T53/><D75/><U42/><E113/><V114/><F114/><W69/><G69/><T107/><D119/><U55/><E117/><V45/><F118/><W87/><G116/><T13/><D132/><U23/><E42/><V92/><F110/><W60/><G43/><T80/><D111/><U122/><E58/><V59/><F127/><W18/><G60/><T130/><D80/><U85/><E105/><V125/><F125/><W74/><G74/><T49/><D39/><U123/><E12/><N who="0" m="4713" /><D64/><U121/><N who="1" m="30720" /><DORA hai="61" /><U5/><E23/><V129/><F129/><N who="0" m="49162" /><D70/><U16/><E5/><V86/><F78/><W33/><G18/><T95/><D107/><U93/><E16/><V104/><F104/><W62/><G62/><T91/><D101/><U71/><E71/><V65/><F35/><W126/><G126/><T73/><D73/><U0/><E0/><V26/><F90/><W134/><G134/><T66/><D66/><U77/><E77/><V67/><F8/><W51/><G100/><T4/><D4/><U96/><E57/><N who="2" m="22091" /><F50/><W32/><G51/><T102/><D102/><U52/><E94/><V109/><F109/><W19/><G33/><T112/><D112/><U40/><E93/><V15/><F15/><N who="3" m="7663" /><G3/><T6/><D6/><U1/><E1/><V79/><F79/><W2/><G2/><T20/><D95/><U135/><E135/><V108/><F108/><W47/><G38/><T106/><D106/><U83/><E83/><V133/><F133/><W41/><AGARI ba="0,0" hai="27,28,32,36,41,47,82,87,88,97,98" m="7663" machi="41" ten="30,2000,0" yaku="5,1,54,1" doraHai="46,61" who="3" fromWho="3" sc="250,-10,250,-5,250,-5,250,20" /><INIT seed="1,0,0,3,0,101" ten="240,245,245,270" oya="1" hai0="10,103,16,97,94,117,35,99,50,6,78,7,118" hai1="42,2,115,110,61,108,131,58,92,17,20,27,5" hai2="49,79,57,9,22,44,70,29,38,12,39,37,89" hai3="121,127,81,87,14,13,104,95,93,135,125,74,82"/><U69/><E115/><V68/><F79/><N who="3" m="44279" /><G121/><T114/><D35/><U54/><E42/><N who="2" m="24727" /><F89/><N who="3" m="51447" /><G13/><T84/><D114/><U107/><E69/><V30/><F22/><W105/><G14/><T55/><D97/><U28/><E92/><N who="3" m="35402" /><G135/><T47/><D117/><U53/><E131/><V109/><F12/><W76/><G76/><T129/><D118/><U130/><E130/><V41/><F30/><W106/><AGARI ba="0,0" hai="104,105,106,125,127" m="35402,51447,44279" machi="106" ten="40,8000,1" yaku="34,2,52,3" doraHai="101" who="3" fromWho="3" sc="240,-20,245,-40,245,-20,270,80" /><INIT seed="2,0,0,3,3,129" ten="220,205,225,350" oya="2" hai0="77,131,34,124,127,31,85,5,120,108,93,53,45" hai1="52,62,59,116,83,25,7,41,70,4,88,72,61" hai2="19,113,64,33,18,135,38,123,119,36,128,27,63" hai3="110,132,69,112,0,125,23,58,122,57,76,49,54"/><V28/><F123/><W73/><G0/><T126/><D120/><U37/><E116/><V44/><F119/><W40/><G122/><T42/><D131/><U67/><E25/><V29/><F128/><W101/><G73/><T121/><D121/><U80/><E72/><V1/><F113/><W15/><G76/><T10/><D108/><U99/><E80/><V100/><F1/><W6/><G69/><T3/><D53/><U60/><E41/><V90/><F29/><W105/><G112/><T30/><D34/><U68/><E37/><V20/><F135/><W48/><G132/><T9/><D9/><U26/><E26/><V98/><F90/><W56/><G125/><T71/><D71/><U21/><E21/><V22/><F22/><W107/><G107/><T133/><D133/><U51/><E51/><V74/><F74/><W95/><G105/><T75/><D93/><U66/><E99/><V106/><F44/><N who="3" m="25607" /><G110/><T39/><REACH who="0" step="1"/><D85/><AGARI ba="0,0" hai="4,7,52,59,60,61,62,66,67,68,70,83,85,88" machi="85" ten="40,5200,0" yaku="9,1,54,2" doraHai="129" who="1" fromWho="0" sc="220,-52,205,52,225,0,350,0" /><INIT seed="3,0,0,3,5,69" ten="168,257,225,350" oya="3" hai0="52,62,64,131,20,36,104,70,126,114,105,68,6" hai1="119,93,14,54,3,15,51,8,132,32,101,66,44" hai2="31,48,28,125,25,76,106,60,11,89,96,45,37" hai3="82,9,110,103,63,87,109,80,33,83,59,61,108"/><W113/><G33/><T128/><D6/><U46/><E32/><V19/><F125/><W88/><G113/><T35/><D35/><U10/><E3/><V38/><F76/><W100/><G9/><T16/><D126/><U115/><E119/><V50/><F60/><N who="3" m="23115" /><G59/><T94/><D114/><U134/><E115/><V41/><F50/><W97/><G97/><T1/><D1/><U84/><E66/><V67/><F67/><W99/><G99/><T98/><D70/><U40/><E101/><AGARI ba="0,0" hai="80,82,83,87,88,100,101,103,108,109,110" m="23115" machi="101" ten="40,7700,0" yaku="14,1,10,1,54,1" doraHai="69" who="3" fromWho="1" sc="168,0,257,-77,225,0,350,77" /><INIT seed="3,1,0,5,5,106" ten="168,180,225,427" oya="3" hai0="86,102,57,34,41,45,121,25,88,84,20,95,43" hai1="96,62,119,76,39,30,42,1,115,49,72,52,117" hai2="66,6,63,7,101,69,44,89,83,4,114,33,120" hai3="118,111,108,46,29,51,109,40,59,105,107,122,94"/><W0/><G0/><T79/><D121/><U82/><E115/><V98/><F114/><W113/><G113/><T38/><D34/><U93/><E1/><V80/><F120/><W100/><G122/><T78/><D102/><U97/><E30/><V47/><F33/><W99/><G118/><N who="1" m="45066" /><E62/><V71/><F71/><W21/><REACH who="3" step="1"/><G59/><REACH who="3" ten="168,180,225,417" step="2"/><T19/><D57/><N who="1" m="32911" /><E93/><V65/><F69/><W23/><G23/><T127/><D127/><U77/><E76/><V91/><F47/><AGARI ba="1,1" hai="39,42,47,72,77,82,96,97" m="32911,45066" machi="47" ten="30,3900,0" yaku="12,1,52,1,54,1" doraHai="106" who="1" fromWho="2" sc="168,0,180,52,225,-42,417,0" /><INIT seed="4,0,0,3,3,70" ten="168,232,183,417" oya="0" hai0="122,88,40,124,16,94,76,119,101,67,95,107,118" hai1="48,114,72,56,111,74,112,32,52,39,100,63,29" hai2="93,27,71,46,97,57,60,24,19,110,106,130,91" hai3="103,89,28,59,80,131,35,62,68,125,47,128,81"/><T96/><D40/><U43/><E100/><V45/><F110/><W134/><G68/><T25/><D67/><U22/><E32/><V86/><F130/><W73/><G103/><T132/><D122/><U41/><E22/><N who="2" m="13407" /><F71/><W65/><G134/><T102/><D25/><U50/><E29/><V69/><F69/><W33/><G125/><T20/><D124/><U104/><E104/><V6/><F106/><W120/><G28/><T109/><D132/><U123/><E111/><V85/><F6/><W61/><G47/><N who="2" m="17929" /><F27/><W3/><G3/><T13/><D109/><U8/><E8/><V58/><F58/><W64/><G59/><T53/><D76/><U21/><E21/><V82/><F82/><W78/><G78/><T98/><REACH who="0" step="1"/><D53/><AGARI ba="0,0" hai="53,57,60,85,86,91,93,97" m="17929,13407" machi="53" ten="30,2000,0" yaku="25,1,8,1" doraHai="70" who="2" fromWho="0" sc="168,-20,232,0,183,20,417,0" /><INIT seed="5,0,0,1,1,118" ten="148,232,203,417" oya="1" hai0="108,1,134,19,129,102,77,6,3,66,116,123,24" hai1="15,30,112,135,46,7,117,75,39,14,35,9,127" hai2="8,17,2,76,44,21,4,20,36,26,11,29,28" hai3="74,31,12,57,95,5,72,122,43,22,131,104,121"/><U97/><E75/><V34/><F76/><W33/><G104/><T133/><D116/><U109/><E97/><V99/><F99/><W27/><G43/><T13/><D108/><U96/><E96/><V132/><F36/><W60/><G95/><T93/><D102/><U71/><E71/><V125/><F44/><W110/><G110/><T41/><D93/><U78/><E78/><V55/><F55/><W69/><G69/><T89/><D77/><U63/><E63/><V32/><F132/><N who="0" m="50794" /><D89/><U73/><E73/><V94/><F94/><W18/><G131/><T105/><D105/><U100/><E100/><V120/><F125/><W47/><G47/><T70/><D41/><U90/><E135/><V128/><F128/><W83/><G83/><T54/><D54/><U56/><E127/><V107/><F107/><W0/><G74/><T91/><D91/><U59/><E90/><V85/><F85/><W79/><G79/><T126/><D126/><U80/><E80/><V37/><F37/><W106/><G106/><T115/><D129/><U38/><E39/><V16/><F120/><W25/><G25/><T86/><D86/><U82/><E38/><V84/><F84/><W68/><G68/><T45/><D45/><U40/><E46/><V92/><F92/><W87/><G87/><T113/><D123/><U23/><E40/><V81/><F81/><W101/><G101/><T51/><D24/><U130/><E117/><V53/><F53/><N who="3" m="33839" /><G72/><T50/><D70/><U52/><E130/><V62/><F26/><W42/><G42/><T48/><D66/><U61/><E109/><RYUUKYOKU ba="0,0" sc="148,-10,232,-10,203,-10,417,30" hai3="0,5,12,18,22,27,31,33,121,122" /><INIT seed="6,1,0,1,0,121" ten="138,222,193,447" oya="2" hai0="122,16,87,130,46,92,74,82,112,108,94,132,31" hai1="2,23,61,118,14,134,8,86,119,11,123,117,59" hai2="21,55,29,73,36,41,56,106,76,0,89,101,30" hai3="34,63,20,100,65,51,128,49,18,50,68,110,60"/><V114/><F114/><W37/><G34/><T90/><D122/><U72/><E72/><V75/><F89/><W28/><G28/><T135/><D31/><U99/><E123/><V25/><F30/><W126/><G37/><T43/><D112/><U98/><E2/><V42/><F0/><W38/><G38/><T69/><D69/><U97/><E23/><V83/><F75/><W32/><G32/><T120/><D120/><U91/><E14/><V115/><F36/><W113/><G60/><T48/><D130/><U125/><E125/><V22/><F115/><W62/><G62/><T45/><D45/><U9/><E134/><N who="0" m="51241" /><D74/><U66/><E86/><V24/><F24/><W27/><G27/><T88/><D16/><U13/><E13/><V116/><F22/><W15/><G100/><T79/><D79/><U39/><E39/><V52/><F116/><W78/><G78/><T54/><D43/><U70/><E91/><V7/><F7/><W96/><G96/><N who="0" m="57367" /><D82/><U12/><E12/><V47/><F47/><W4/><G113/><T40/><D40/><U6/><E6/><V58/><F101/><W19/><G15/><T103/><D103/><U1/><E1/><V133/><F133/><W67/><G4/><T105/><D105/><U44/><E44/><V10/><F106/><W26/><G20/><T64/><D64/><U124/><E124/><V129/><F129/><W57/><G26/><T111/><AGARI ba="1,0" hai="46,48,54,87,88,94,108,111" m="57367,51241" machi="111" ten="30,7900,0" yaku="20,1,52,2,54,1" doraHai="121" who="0" fromWho="0" sc="138,82,222,-21,193,-40,447,-21" /><INIT seed="7,0,0,2,1,39" ten="220,201,153,426" oya="3" hai0="16,93,72,19,67,70,69,38,88,86,121,65,95" hai1="20,32,133,0,97,55,58,11,9,74,126,79,57" hai2="115,102,42,107,14,75,50,4,131,96,62,37,132" hai3="61,13,125,33,119,45,108,81,85,68,24,116,109"/><W84/><G13/><T21/><D38/><U35/><E126/><V2/><F115/><W27/><G45/><T18/><D121/><U25/><E133/><V51/><F132/><W112/><G81/><T87/><D72/><U22/><E79/><V91/><F131/><W89/><G89/><T114/><D114/><U49/><E74/><V43/><F14/><W29/><G61/><T123/><D123/><U113/><E113/><V94/><F62/><W3/><G112/><T56/><D56/><U103/><E0/><V54/><F75/><W80/><G80/><T7/><D7/><U59/><E32/><V128/><F128/><W17/><G17/><T117/><D117/><U36/><E36/><V40/><F37/><W134/><G33/><T23/><D18/><U12/><E35/><V104/><F51/><W76/><G3/><T34/><D34/><U83/><E83/><V46/><REACH who="2" step="1"/><F91/><AGARI ba="0,0" hai="16,19,21,23,65,67,69,70,86,87,88,91,93,95" machi="91" ten="25,6400,0" yaku="22,2,54,2" doraHai="39" who="0" fromWho="2" sc="220,64,201,0,153,-64,426,0" owari="284,8.0,201,-20.0,89,-41.0,426,53.0" /></mjloggm>