<mjloggm ver="2.3"><GO type="169" lobby="0"/><UN n0="%E5%B0%B1%E6%B4%BB%E7%94%9F%40%E5%B7%9D%E6%9D%91%E8%BB%8D%E5%9B%A3" n1="%6B%62%37%37%37" n2="%E3%83%AA%E3%83%83%E3%83%97%E3%83%AB%E3%83%A9%E3%83%83%E3%83%97%E3%83%AB" n3="%E5%96%A7%E5%98%A9%E5%B8%AB%E2%98%86%E8%8A%B1%E5%B1%B1" dan="16,16,16,16" rate="2107.53,2058.80,2109.65,2136.08" sx="M,M,F,M"/><TAIKYOKU oya="0"/><INIT seed="0,0,0,2,0,79" ten="250,250,250,250" oya="0" hai0="67,135,61,81,48,108,112,63,64,73,95,122,125" hai1="105,31,129,28,123,110,76,101,41,71,49,27,47" hai2="77,56,39,128,103,107,36,90,16,98,40,133,33" hai3="119,102,78,106,26,54,7,8,46,30,25,22,134"/><T91/><D122/><U80/><E110/><V89/><F33/><W130/><G130/><T59/><D112/><U29/><E123/><V20/><F128/><W44/><G134/><T84/><D135/><U96/><E129/><V37/><F133/><W6/><G119/><T121/><D121/><U2/><E71/><V65/><F40/><W127/><G127/><T131/><D131/><U72/><REACH who="1" step="1"/><E2/><REACH who="1" ten="250,240,250,250" step="2"/><V13/><REACH who="2" step="1"/><F77/><REACH who="2" ten="250,240,240,250" step="2"/><W93/><G78/><T14/><D108/><U1/><E1/><V12/><F12/><W100/><G26/><AGARI ba="0,2" hai="26,27,28,29,31,41,47,49,72,76,80,96,101,105" machi="26" ten="40,2600,0" yaku="1,1,52,1,53,0" doraHai="79" doraHaiUra="4" who="1" fromWho="3" sc="250,0,240,46,240,0,250,-26" /><INIT seed="1,0,0,2,0,131" ten="250,286,240,224" oya="1" hai0="47,53,51,59,76,66,19,26,133,54,132,39,52" hai1="81,111,9,98,124,31,46,80,125,74,127,27,116" hai2="84,78,128,112,100,89,41,72,16,5,105,32,119" hai3="75,108,45,115,123,60,85,7,70,33,107,97,96"/><U83/><E116/><V10/><F119/><W135/><G75/><T50/><D76/><U43/><E98/><N who="2" m="61591" /><F32/><W67/><G115/><T65/><D26/><U57/><E111/><V71/><F71/><W87/><G123/><T35/><D35/><U25/><E9/><V1/><F16/><W130/><G130/><T15/><D39/><U113/><E113/><V88/><F112/><W62/><G108/><T102/><D102/><U48/><E57/><V23/><F23/><W73/><G73/><T101/><D101/><U86/><E74/><V120/><F120/><W95/><G7/><T38/><D38/><U0/><E0/><V24/><F24/><N who="1" m="9289" /><E31/><V122/><F122/><W99/><G107/><T94/><D94/><U134/><E86/><V28/><F28/><W49/><G95/><T29/><D29/><U3/><E3/><V61/><F1/><W110/><G33/><T77/><D77/><U121/><E121/><V79/><F79/><W2/><G2/><T13/><D54/><U68/><E68/><V63/><F78/><W109/><G109/><T126/><D126/><U14/><E14/><N who="0" m="5129" /><D19/><U64/><E64/><V44/><F72/><W114/><G110/><T55/><D55/><U6/><E6/><V82/><F5/><W36/><G36/><T42/><D53/><U30/><E30/><V90/><F128/><W12/><G114/><T103/><D103/><U58/><E58/><V34/><F34/><W117/><G117/><T104/><D104/><U20/><E20/><V40/><F10/><W92/><G70/><T11/><D11/><U21/><E21/><RYUUKYOKU ba="0,0" sc="250,15,286,15,240,-15,224,-15" hai0="42,47,50,51,52,59,65,66,132,133" hai1="43,46,48,80,81,83,124,125,127,134" /><INIT seed="1,1,0,3,0,74" ten="265,301,225,209" oya="1" hai0="102,71,14,55,7,89,0,123,60,73,75,95,110" hai1="125,69,128,96,53,99,78,124,4,35,105,28,90" hai2="19,8,38,25,118,126,40,52,121,22,83,100,103" hai3="120,98,134,30,11,59,33,37,132,72,101,21,109"/><U3/><E99/><V113/><F118/><W54/><G120/><T48/><D0/><U45/><E128/><V65/><F121/><W43/><G33/><T93/><D110/><U122/><E122/><V49/><F65/><W66/><G109/><T68/><D123/><U6/><E69/><V131/><F131/><W67/><G72/><T26/><D26/><U94/><E105/><V15/><F113/><W79/><G11/><T27/><D27/><U39/><E28/><V119/><F119/><W57/><G79/><T82/><D102/><U24/><E24/><V62/><F126/><N who="1" m="48745" /><E35/><V16/><F38/><W107/><G21/><T9/><D60/><U20/><E20/><V32/><F32/><W76/><G30/><T10/><D10/><N who="1" m="2335" /><E6/><V58/><F83/><W70/><G70/><T80/><D95/><U111/><E111/><V13/><F13/><W106/><G98/><T23/><D23/><U115/><E115/><V77/><F77/><W41/><G76/><T91/><D93/><U36/><E78/><V47/><AGARI ba="1,0" hai="8,15,16,19,22,25,40,47,49,52,58,62,100,103" machi="47" ten="30,7900,0" yaku="0,1,8,1,54,2" doraHai="74" who="2" fromWho="2" sc="265,-21,301,-40,225,82,209,-21" /><INIT seed="2,0,0,2,0,6" ten="244,261,307,188" oya="2" hai0="92,93,129,22,122,28,133,88,121,43,120,127,5" hai1="67,115,58,37,95,61,89,13,69,36,96,3,23" hai2="124,79,57,52,78,53,64,60,42,8,26,9,44" hai3="103,87,24,123,12,76,39,15,84,27,119,11,62"/><V35/><F124/><W73/><G119/><T130/><D43/><U80/><E3/><V65/><F35/><W20/><G123/><T107/><D107/><U131/><E115/><V59/><F26/><W105/><G39/><T81/><D5/><U106/><E131/><N who="0" m="50185" /><D28/><U32/><E32/><V74/><F74/><W132/><G132/><T19/><D133/><U14/><E14/><V17/><F17/><N who="3" m="10303" /><G73/><T31/><D31/><U68/><E68/><V109/><F109/><W82/><G105/><T77/><D127/><U54/><E106/><V102/><F102/><W99/><G87/><N who="0" m="50287" /><D77/><N who="2" m="29194" /><F42/><W50/><G62/><T16/><D19/><U117/><E80/><V71/><F71/><W86/><G86/><T48/><D48/><U94/><E117/><V135/><F135/><W75/><G75/><T45/><D45/><U85/><E69/><V126/><F44/><W4/><G50/><T2/><D2/><U1/><E1/><V100/><F126/><W101/><G99/><T38/><D38/><U125/><E125/><V55/><F100/><AGARI ba="0,0" hai="4,11,12,24,27,76,82,84,100,101,103" m="10303" machi="100" ten="30,2000,0" yaku="8,1,52,1" doraHai="6" who="3" fromWho="2" sc="244,0,261,0,307,-20,188,20" /><INIT seed="3,0,0,5,4,65" ten="244,261,287,208" oya="3" hai0="87,98,57,22,69,75,76,12,45,71,28,103,120" hai1="95,121,18,90,39,70,93,92,134,27,81,50,52" hai2="86,62,9,5,91,126,59,115,44,8,104,61,4" hai3="36,23,111,42,20,83,128,53,35,16,73,78,119"/><W19/><G119/><T43/><D75/><U56/><E39/><V1/><F104/><W17/><G35/><T89/><D76/><U47/><E121/><V32/><F32/><W100/><G128/><T63/><D120/><U48/><E70/><V15/><F126/><W68/><G111/><T84/><D12/><U58/><E134/><V26/><F26/><W135/><G135/><T25/><D87/><U41/><E81/><V21/><F21/><W127/><G127/><T108/><D108/><U101/><E101/><V88/><F115/><W46/><G100/><T10/><D10/><U31/><E58/><V54/><F44/><W51/><REACH who="3" step="1"/><G68/><REACH who="3" ten="244,261,287,198" step="2"/><T74/><D103/><U129/><E129/><V80/><REACH who="2" step="1"/><F91/><REACH who="2" ten="244,261,277,198" step="2"/><W77/><G77/><T131/><D131/><U55/><E90/><V105/><F105/><W29/><G29/><T130/><D130/><U6/><E31/><V66/><F66/><W113/><G113/><T13/><D28/><U122/><E122/><V49/><AGARI ba="0,2" hai="1,4,5,8,9,15,49,54,59,61,62,80,86,88" machi="49" ten="20,5200,0" yaku="1,1,0,1,7,1,54,1,53,0" doraHai="65" doraHaiUra="125" who="2" fromWho="2" sc="244,-13,261,-13,277,72,198,-26" /><INIT seed="4,0,0,3,5,124" ten="231,248,349,172" oya="0" hai0="50,135,82,10,104,56,71,55,94,99,24,84,63" hai1="88,120,40,109,96,33,113,91,53,90,11,31,58" hai2="32,38,129,83,28,45,16,69,12,103,128,108,117" hai3="97,119,20,98,8,9,34,76,81,123,86,122,112"/><T132/><D104/><U13/><E109/><V59/><F108/><W87/><G34/><T77/><D10/><U110/><E110/><V75/><F69/><W17/><G119/><T105/><D105/><U22/><E120/><N who="3" m="46122" /><G112/><T41/><D24/><U39/><E33/><V15/><F117/><W57/><G87/><T130/><D130/><N who="2" m="50282" /><F103/><W134/><G134/><N who="0" m="51243" /><D41/><U106/><E113/><V18/><F59/><W66/><G66/><N who="0" m="41439" /><D94/><U67/><E67/><V116/><F116/><W14/><G57/><T126/><D99/><AGARI ba="0,0" hai="8,9,14,17,20,76,81,86,97,98,99" m="46122" machi="99" ten="30,1000,0" yaku="13,1" doraHai="124" who="3" fromWho="0" sc="231,-10,248,0,349,0,172,10" /><INIT seed="5,0,0,5,1,48" ten="221,248,349,182" oya="1" hai0="79,122,68,100,85,9,18,11,107,57,25,53,46" hai1="45,92,130,24,60,113,49,82,20,112,52,118,29" hai2="63,55,51,56,34,61,33,40,86,62,26,5,28" hai3="43,114,134,127,31,93,116,22,13,80,133,59,108"/><U119/><E130/><V67/><F5/><W35/><G108/><T77/><D68/><U64/><E82/><V83/><F40/><W71/><G71/><T125/><D125/><U94/><E94/><V50/><F50/><W132/><G43/><T0/><D122/><U84/><E84/><V74/><F74/><W90/><G127/><T78/><D0/><U75/><E75/><V76/><REACH who="2" step="1"/><F34/><REACH who="2" ten="221,248,339,182" step="2"/><W14/><G35/><T44/><D44/><AGARI ba="0,1" hai="26,28,33,44,51,55,56,61,62,63,67,76,83,86" machi="44" ten="30,7700,0" yaku="1,1,2,1,7,1,52,1,53,0" doraHai="48" doraHaiUra="88" who="2" fromWho="0" sc="221,-77,248,0,339,87,182,0" /><INIT seed="6,0,0,4,1,5" ten="144,248,426,182" oya="2" hai0="124,104,132,34,125,59,16,70,83,109,33,37,14" hai1="120,18,111,17,135,88,75,78,126,28,110,81,117" hai2="46,6,15,127,80,2,108,131,36,91,95,25,3" hai3="102,76,74,89,50,43,40,77,22,123,99,82,11"/><V100/><F108/><W113/><G123/><T112/><D109/><U49/><E117/><V61/><F100/><W9/><G113/><T38/><D70/><U129/><E120/><V134/><F25/><W51/><G22/><T20/><D104/><U71/><E71/><V133/><F80/><W48/><G89/><T24/><D112/><U47/><E111/><V35/><F35/><N who="0" m="13322" /><D132/><U122/><E28/><V128/><F61/><W93/><REACH who="3" step="1"/><G77/><REACH who="3" ten="144,248,426,172" step="2"/><T27/><D27/><U52/><E110/><V119/><F91/><W62/><G62/><T31/><D59/><U29/><E122/><V105/><F134/><W23/><G23/><N who="0" m="15775" /><D83/><U0/><E135/><V94/><F133/><W10/><AGARI ba="0,1" hai="9,10,11,40,43,48,50,51,74,76,82,93,99,102" machi="10" ten="30,8000,1" yaku="1,1,0,1,52,3,53,0" doraHai="5" doraHaiUra="85" who="3" fromWho="3" sc="144,-20,248,-20,426,-40,172,90" /><INIT seed="7,0,0,5,4,126" ten="124,228,386,262" oya="3" hai0="99,15,129,65,23,81,103,48,0,79,44,123,105" hai1="39,84,106,22,125,40,95,29,5,134,47,76,132" hai2="56,86,20,72,8,31,133,75,28,91,37,6,121" hai3="11,19,26,17,12,62,77,55,54,73,35,45,59"/><W25/><G35/><T16/><D123/><U109/><E106/><V135/><F37/><W64/><G73/><T2/><D65/><U58/><E109/><V85/><F121/><W34/><G77/><T87/><REACH who="0" step="1"/><D129/><REACH who="0" ten="114,228,386,262" step="2"/><U131/><E131/><V33/><F135/><W93/><G64/><T70/><D70/><U71/><E125/><V61/><F133/><W130/><G130/><T112/><D112/><U92/><E71/><V51/><F75/><W66/><G66/><T108/><D108/><U69/><E69/><V96/><F72/><W127/><G127/><T80/><D80/><U36/><E134/><V4/><F96/><W128/><G128/><T111/><D111/><U74/><E132/><V89/><F51/><W118/><G62/><T122/><D122/><U30/><E39/><V42/><F42/><W49/><G49/><T24/><D24/><U78/><E74/><V124/><F124/><W41/><G25/><T98/><D98/><U7/><E36/><V114/><F114/><W18/><G26/><T83/><D83/><U43/><E84/><V14/><F85/><W117/><G41/><T46/><D46/><U120/><E120/><V3/><F86/><W107/><G45/><T50/><D50/><U97/><E97/><V82/><F82/><W9/><G118/><T57/><D57/><U119/><E47/><V100/><F56/><W101/><G59/><T90/><D90/><U113/><E58/><V60/><F89/><W53/><G117/><T94/><D94/><U88/><E119/><V115/><F115/><W110/><G110/><T68/><D68/><RYUUKYOKU ba="0,1" sc="114,30,228,-10,386,-10,262,-10" hai0="0,2,15,16,23,44,48,79,81,87,99,103,105" owari="144,-36.0,218,-18.0,386,49.0,252,5.0" /></mjloggm>