<mjloggm ver="2.3"><GO type="169" lobby="0"/><UN n0="%E3%82%A6%E3%83%AB%E3%83%88%E3%83%A9%E7%AB%8B%E7%9B%B4" n1="%E7%94%9F%E3%81%8D%E3%81%A6%E3%81%A6%E3%82%88%E3%81%8B%E3%81%A3%E3%81%9F" n2="%E4%B8%89%E8%89%B2%E5%90%8C%E5%88%BB%E2%98%86" n3="%6B%69%79%6F%6E%61%72%69" dan="18,16,18,16" rate="2205.92,2097.57,2247.29,2107.73" sx="M,F,M,M"/><TAIKYOKU oya="0"/><INIT seed="0,0,0,0,5,66" ten="250,250,250,250" oya="0" hai0="72,53,23,12,110,41,118,122,65,121,64,46,85" hai1="7,52,6,15,51,117,106,48,63,81,49,1,33" hai2="67,2,93,99,102,83,19,55,96,130,18,56,108" hai3="29,43,17,104,71,91,4,8,42,14,47,26,54"/><T97/><D72/><U116/><E33/><V123/><F123/><W80/><G104/><T124/><D118/><U44/><E106/><V74/><F2/><W62/><G4/><T73/><D73/><U82/><E1/><V27/><F108/><W28/><G28/><T77/><D110/><U111/><E111/><V132/><F130/><W120/><G120/><T10/><D124/><U89/><E117/><V113/><F113/><W112/><G112/><T5/><D53/><U84/><E116/><V61/><F132/><W32/><G71/><T58/><D97/><U76/><E63/><V78/><F55/><W131/><G131/><T13/><D58/><U68/><E68/><V20/><REACH who="2" step="1"/><F99/><REACH who="2" ten="250,250,240,250" step="2"/><W129/><G129/><T88/><D122/><U87/><E52/><V114/><F114/><W38/><G62/><T128/><D121/><U127/><E127/><V35/><F35/><W40/><G54/><T37/><D128/><U107/><E44/><V86/><F86/><W21/><G32/><T119/><D119/><U134/><E134/><V0/><F0/><W50/><G43/><T105/><D65/><U31/><E87/><V25/><F25/><W11/><G42/><T92/><D64/><U39/><E84/><V60/><F60/><W59/><G40/><T57/><D77/><U70/><E76/><V125/><F125/><W133/><G133/><T79/><D79/><U94/><E15/><V101/><F101/><W135/><G135/><T69/><D13/><U75/><E75/><V9/><F9/><W34/><G34/><T100/><D41/><U98/><E98/><RYUUKYOKU ba="0,1" sc="250,-10,250,-10,240,30,250,-10" hai2="18,19,20,27,56,61,67,74,78,83,93,96,102" /><INIT seed="1,1,1,0,5,62" ten="240,240,270,240" oya="1" hai0="103,18,77,135,26,78,125,10,8,98,60,111,21" hai1="15,129,68,123,114,12,7,116,58,55,67,32,11" hai2="52,33,128,115,132,37,127,71,41,113,57,59,91" hai3="117,118,34,109,133,5,29,45,38,105,3,96,20"/><U44/><E116/><N who="3" m="44650" /><G109/><T131/><D111/><U28/><E123/><V112/><F33/><W122/><G122/><T36/><D36/><U119/><E119/><V53/><F91/><W99/><G133/><T42/><D135/><U106/><E106/><V13/><F132/><W90/><G105/><T2/><D42/><U80/><E114/><V4/><F4/><W22/><G34/><T79/><D2/><U27/><E129/><V89/><F89/><W93/><G99/><T110/><D110/><U17/><E80/><V76/><F13/><W30/><G45/><T107/><D131/><U64/><E44/><N who="2" m="23599" /><F76/><W124/><G38/><T75/><D75/><U56/><E56/><N who="2" m="21579" /><F128/><W108/><G108/><T43/><D79/><U23/><REACH who="1" step="1"/><E68/><REACH who="1" ten="240,230,270,240" step="2"/><V126/><F71/><W1/><G124/><AGARI ba="1,2" hai="52,53,112,113,115,124,126,127" m="21579,23599" machi="124" ten="40,8000,1" yaku="11,1,18,1,34,2,54,1" doraHai="62" who="2" fromWho="3" sc="240,0,230,0,270,103,240,-83" /><INIT seed="2,0,0,2,2,52" ten="240,230,373,157" oya="2" hai0="83,54,49,3,122,70,99,101,131,10,14,88,23" hai1="45,12,8,30,50,44,126,129,105,132,38,94,32" hai2="13,7,116,48,63,115,112,97,5,90,106,55,103" hai3="37,64,42,57,134,69,36,51,81,34,16,6,82"/><V100/><F116/><W15/><G34/><T65/><D131/><U1/><E105/><V31/><F103/><W77/><G134/><T66/><D122/><U113/><E113/><V60/><F31/><W102/><G102/><T107/><D3/><U18/><E38/><V33/><F33/><W4/><G37/><T127/><D23/><U125/><E129/><V40/><F40/><W78/><G36/><T46/><D70/><U9/><E94/><V89/><F115/><W118/><G118/><T75/><D127/><N who="1" m="48651" /><E50/><V108/><F108/><W130/><G130/><T53/><D53/><U73/><E73/><V93/><F112/><W91/><G69/><T124/><D75/><U17/><E17/><V68/><F13/><W72/><G42/><T95/><D124/><U59/><E59/><N who="2" m="33255" /><F106/><W0/><G0/><T11/><D11/><U109/><E109/><V128/><F128/><W39/><G39/><T123/><D123/><U80/><E132/><V21/><F21/><W110/><G110/><T67/><D107/><U85/><E30/><V96/><F68/><W61/><G51/><T2/><D2/><U111/><E111/><V27/><F27/><W76/><G91/><N who="2" m="34825" /><F97/><W133/><G133/><T58/><D101/><U25/><E25/><V29/><F29/><W19/><G19/><N who="0" m="8663" /><D83/><N who="3" m="31753" /><G72/><T20/><D20/><AGARI ba="0,0" hai="4,6,15,16,20,57,61,64,76,77,78" m="31753" machi="20" ten="30,3900,0" yaku="8,1,52,1,54,1" doraHai="52" who="3" fromWho="0" sc="240,-39,230,0,373,0,157,39" /><INIT seed="3,0,0,5,3,56" ten="201,230,373,196" oya="3" hai0="50,81,61,75,33,17,59,60,110,31,89,128,118" hai1="15,125,66,2,70,8,71,133,11,58,92,45,55" hai2="7,85,73,20,18,104,26,37,64,29,109,107,41" hai3="134,32,100,117,129,12,27,88,74,78,23,35,120"/><W121/><G121/><T112/><BYE who="3" /><D118/><U96/><E133/><V127/><F73/><W114/><G114/><T9/><D112/><U97/><E125/><V123/><F109/><W76/><G76/><T24/><D110/><U57/><E2/><V62/><F127/><W10/><G10/><T65/><D128/><U25/><E71/><V126/><F126/><W80/><G80/><T42/><D42/><U69/><E70/><V40/><F7/><W53/><G53/><T49/><D9/><U28/><E69/><V14/><F123/><W94/><G94/><T103/><D17/><U46/><E66/><V43/><F37/><W95/><G95/><T4/><D4/><U48/><E15/><V102/><F85/><W98/><G98/><T130/><D103/><U67/><E46/><V131/><F102/><W90/><G90/><T86/><D130/><U72/><E45/><V124/><F131/><W47/><G47/><T99/><D99/><U39/><E39/><V68/><REACH who="2" step="1"/><F124/><REACH who="2" ten="201,230,363,196" step="2"/><W34/><G34/><AGARI ba="0,1" hai="14,18,20,26,29,34,40,41,43,62,64,68,104,107" machi="34" ten="40,5200,0" yaku="1,1,2,1,52,1,53,0" doraHai="56" doraHaiUra="135" who="2" fromWho="3" sc="201,0,230,0,363,62,196,-52" /><INIT seed="4,0,0,2,3,46" ten="201,230,425,144" oya="0" hai0="61,55,82,128,70,2,92,4,98,122,107,57,68" hai1="93,90,96,51,116,83,50,66,67,94,64,7,106" hai2="117,11,38,22,88,134,95,101,69,41,49,5,47" hai3="54,103,9,24,87,37,63,48,15,129,113,120,125"/><T77/><D122/><U25/><E106/><V3/><F134/><W13/><G13/><T29/><D107/><U133/><E116/><V131/><F117/><W12/><G12/><T0/><D128/><U127/><E133/><V1/><F101/><W28/><G28/><T84/><D29/><U105/><E105/><V124/><F124/><W18/><G18/><T34/><D34/><U26/><E127/><V102/><F102/><W75/><G75/><T135/><D135/><U30/><E7/><V72/><F131/><W91/><G91/><T44/><D44/><U56/><E56/><V31/><F69/><W132/><G132/><T86/><D86/><U123/><E83/><V126/><F72/><W23/><G23/><T16/><D16/><U89/><E123/><V45/><F126/><W8/><G8/><T130/><D130/><U43/><E43/><V115/><F115/><W53/><G53/><T62/><D4/><U71/><E71/><V59/><F59/><W110/><G110/><T36/><D36/><U17/><E17/><V121/><F121/><W33/><G33/><T52/><D70/><U6/><E6/><V10/><F10/><W60/><G60/><T14/><D14/><U100/><E100/><V20/><F1/><W85/><G85/><T32/><D32/><U42/><E42/><N who="2" m="24823" /><F31/><W58/><G58/><N who="0" m="35015" /><D68/><U112/><E112/><V79/><F79/><W19/><G19/><T104/><D104/><U76/><E76/><V114/><F114/><W40/><G40/><T119/><D119/><U73/><E73/><V65/><F65/><W21/><G21/><RYUUKYOKU ba="0,0" sc="201,15,230,-15,425,15,144,-15" hai0="0,2,55,57,62,77,82,84,92,98" hai2="3,5,11,20,22,38,41,45,88,95" /><INIT seed="4,1,0,2,4,78" ten="216,215,440,129" oya="0" hai0="83,132,112,134,113,41,27,49,133,20,100,52,24" hai1="61,17,73,135,75,43,110,122,111,36,72,103,23" hai2="99,97,101,46,121,32,35,67,6,22,21,114,89" hai3="15,130,96,104,56,58,108,64,3,13,29,2,34"/><T19/><D100/><U117/><E117/><V86/><F121/><W127/><G127/><T18/><D41/><U8/><E122/><V124/><F6/><W69/><G69/><T16/><D83/><U9/><E103/><V116/><F124/><W30/><G30/><N who="0" m="17671" /><D27/><U45/><E61/><V25/><F21/><W118/><G118/><T53/><D53/><U119/><E119/><V105/><F99/><W65/><G65/><T88/><D88/><U50/><E36/><V115/><F67/><W5/><G5/><T59/><AGARI ba="1,0" hai="16,18,19,49,52,59,112,113,132,133,134" m="17671" machi="59" ten="40,7800,0" yaku="20,1,54,2" doraHai="78" who="0" fromWho="0" sc="216,81,215,-27,440,-27,129,-27" /><INIT seed="4,2,0,1,4,121" ten="297,188,413,102" oya="0" hai0="28,54,65,111,27,115,93,30,25,7,19,84,130" hai1="53,101,103,8,33,44,100,69,81,113,58,23,132" hai2="48,56,13,1,117,3,14,0,38,123,47,36,112" hai3="5,131,119,17,63,126,60,68,114,49,118,2,10"/><T91/><D130/><U6/><E69/><V9/><F123/><W32/><G32/><T78/><D115/><U86/><E33/><V29/><F112/><W79/><G79/><T26/><D7/><U12/><E113/><V90/><F117/><W31/><G31/><T22/><D65/><U70/><E70/><V89/><F29/><N who="0" m="11370" /><D111/><U37/><E132/><V135/><F14/><W109/><G109/><T74/><D74/><U87/><E23/><V133/><F56/><W15/><G15/><T99/><D54/><U94/><E94/><V35/><F35/><W45/><G45/><T42/><D42/><U71/><E71/><V39/><F135/><W50/><G50/><T43/><D43/><U21/><E21/><V122/><F122/><W34/><G34/><T124/><D124/><U105/><E105/><V127/><F127/><W110/><G110/><T18/><D18/><U125/><E125/><V61/><F61/><W120/><G120/><T55/><D55/><U51/><E37/><V77/><F133/><W95/><G95/><N who="0" m="54759" /><D78/><U134/><E134/><V96/><F77/><W92/><G92/><T20/><D20/><U106/><E106/><V62/><F62/><W46/><G46/><T59/><D59/><U80/><E44/><V41/><REACH who="2" step="1"/><F96/><REACH who="2" ten="297,188,403,102" step="2"/><W98/><G98/><T24/><D24/><U66/><E66/><V72/><F72/><W82/><G82/><AGARI ba="2,1" hai="6,8,12,51,53,58,80,81,82,86,87,100,101,103" machi="82" ten="40,1300,0" yaku="8,1" doraHai="121" who="1" fromWho="3" sc="297,0,188,29,403,0,102,-19" /><INIT seed="5,0,0,0,3,107" ten="297,217,403,83" oya="1" hai0="3,45,97,50,39,84,101,8,66,135,64,15,112" hai1="32,48,44,118,28,79,20,105,122,93,68,133,116" hai2="134,4,127,82,22,95,131,128,115,94,52,70,123" hai3="114,19,126,88,53,33,24,26,85,80,87,77,108"/><U56/><E68/><V30/><F123/><W98/><G98/><T31/><D3/><U17/><E105/><V2/><F70/><W109/><G109/><T36/><D112/><U99/><E122/><V35/><F35/><W106/><G106/><T13/><D135/><U130/><E133/><V59/><F127/><W102/><G102/><T23/><D84/><U25/><E56/><V117/><F117/><W29/><G29/><T100/><D39/><U41/><E79/><V110/><F110/><W6/><G6/><T9/><D36/><U47/><E47/><V129/><F115/><W78/><G78/><T16/><D31/><U46/><E46/><V5/><F82/><W57/><G57/><T111/><D111/><U1/><E1/><V55/><F134/><W81/><G81/><T120/><D120/><U58/><E58/><V71/><F71/><W92/><G92/><N who="2" m="35369" /><F2/><W132/><G132/><T74/><D74/><U96/><E96/><V0/><F0/><W42/><G42/><T10/><D15/><U89/><REACH who="1" step="1"/><E130/><REACH who="1" ten="297,207,403,83" step="2"/><V40/><F40/><W65/><G65/><N who="0" m="25195" /><D97/><U83/><E83/><V124/><F124/><W125/><G125/><T72/><D72/><U21/><E21/><V69/><F69/><W103/><G103/><T119/><D119/><U67/><E67/><V18/><F55/><AGARI ba="0,1" hai="8,9,10,13,16,23,45,50,55,100,101" m="25195" machi="55" ten="30,2000,0" yaku="8,1,54,1" doraHai="107" who="0" fromWho="2" sc="297,30,207,0,403,-20,83,0" /><INIT seed="6,0,0,1,0,55" ten="327,207,383,83" oya="2" hai0="50,124,67,89,23,135,5,112,74,84,97,101,106" hai1="86,13,65,110,79,103,95,121,8,119,43,37,39" hai2="77,26,123,16,59,115,34,19,63,78,1,61,0" hai3="75,58,76,133,20,4,128,85,127,17,91,87,116"/><V118/><F118/><W126/><G126/><T68/><D124/><U109/><E119/><V130/><F123/><W93/><G93/><T49/><D135/><U71/><E121/><V40/><F40/><W12/><G12/><T22/><D112/><U15/><E79/><V82/><F115/><W44/><G44/><T73/><D5/><UN n3="%6B%69%79%6F%6E%61%72%69" /><U36/><E43/><V134/><F134/><W52/><G116/><T125/><D125/><U10/><E65/><V38/><F38/><W57/><G127/><T104/><D68/><U83/><E83/><V7/><F130/><W29/><G133/><T88/><D67/><U47/><E47/><V45/><F45/><W2/><G128/><T14/><D84/><U27/><E27/><V81/><F26/><N who="3" m="16583" /><G75/><T69/><D14/><U129/><E71/><V51/><F51/><W99/><G2/><T41/><D41/><U33/><E33/><V117/><F117/><W21/><G4/><T90/><D69/><U120/><E120/><V60/><F7/><W105/><G105/><T122/><D122/><U32/><E32/><V98/><F34/><W100/><G100/><T62/><D62/><U42/><E42/><V132/><F63/><N who="3" m="36263" /><G76/><T24/><D24/><U54/><E103/><V3/><F132/><W53/><G99/><T64/><D106/><U70/><E70/><V11/><F1/><W28/><G28/><T80/><D74/><U107/><E107/><V94/><F3/><W131/><G131/><T72/><D73/><U46/><E129/><V25/><F78/><W56/><G91/><T18/><D72/><U35/><E37/><RYUUKYOKU ba="0,0" sc="327,0,207,0,383,0,83,0" /><INIT seed="7,1,0,3,0,36" ten="327,207,383,83" oya="3" hai0="46,111,123,69,88,24,126,22,125,64,13,100,35" hai1="6,14,45,76,1,81,0,94,91,63,50,90,60" hai2="83,131,117,132,107,114,105,112,77,44,65,124,86" hai3="95,121,20,102,133,17,84,53,49,115,68,92,2"/><W74/><G115/><N who="2" m="44073" /><F117/><W97/><G133/><T47/><D100/><U21/><E0/><V134/><F131/><W12/><G121/><T10/><D35/><U101/><E1/><V27/><F124/><W37/><G74/><T25/><D64/><U15/><E101/><V23/><F44/><W120/><G120/><T79/><D79/><U16/><E76/><V52/><F52/><W96/><G2/><T128/><D69/><U42/><E81/><V103/><F65/><W99/><G37/><T43/><D47/><U7/><E91/><V89/><F89/><W4/><G4/><N who="1" m="1578" /><E14/><V93/><F93/><W39/><G39/><T73/><D73/><U80/><E80/><V59/><F59/><W26/><G68/><T118/><D118/><U87/><AGARI ba="1,0" hai="15,16,21,42,45,50,60,63,87,90,94" m="1578" machi="87" ten="30,4000,0" yaku="8,1,52,1,54,1" doraHai="36" who="1" fromWho="1" sc="327,-11,207,43,383,-11,83,-21" owari="316,12.0,250,-15.0,372,47.0,62,-44.0" /></mjloggm>