<mjloggm ver="2.3"><GO type="169" lobby="0"/><UN n0="%E3%82%B7%E3%83%A3%E3%83%BC%E3%83%AA%E3%83%97%E3%83%88%E3%83%A9" n1="%E6%A1%9C%E4%BA%95%E3%81%95%E3%82%93" n2="%E5%AE%AE%E5%B4%8E%E7%9C%8C%E4%BB%A3%E8%A1%A8" n3="%E3%82%A6%E3%83%AB%E3%83%88%E3%83%A9%E7%AB%8B%E7%9B%B4" dan="16,17,16,17" rate="2063.70,2183.82,2079.96,2158.37" sx="M,M,M,M"/><TAIKYOKU oya="0"/><INIT seed="0,0,0,0,3,135" ten="250,250,250,250" oya="0" hai0="129,101,103,47,120,73,102,97,22,21,134,54,61" hai1="46,35,30,67,20,78,86,100,114,48,116,11,18" hai2="80,27,8,96,31,23,104,72,117,128,85,91,122" hai3="131,109,40,111,110,36,66,50,51,9,112,75,107"/><T133/><D120/><U6/><E116/><V2/><F122/><W32/><G32/><T99/><D73/><U14/><E114/><V10/><F117/><W89/><G107/><T124/><D54/><U34/><E67/><V126/><F126/><W39/><G75/><T130/><D47/><U108/><E108/><V53/><F128/><N who="0" m="49258" /><D61/><U125/><E125/><V121/><F121/><W24/><G131/><T115/><D115/><U98/><E86/><V69/><F69/><W15/><G112/><T52/><D52/><U57/><E78/><V38/><F38/><N who="3" m="14379" /><G66/><T43/><D43/><U127/><E57/><V93/><F53/><W60/><G60/><T44/><D44/><U84/><E84/><V92/><F2/><W123/><G123/><T3/><D3/><U0/><E127/><V58/><F58/><W42/><G42/><T119/><D119/><U74/><E74/><V1/><F1/><W5/><G40/><T76/><D76/><U105/><E30/><V62/><F62/><W17/><G89/><T49/><D49/><U28/><E28/><V19/><F31/><W13/><G24/><T81/><D81/><U37/><E37/><V82/><F82/><W45/><G45/><T29/><D124/><U64/><E64/><V16/><F19/><W41/><G41/><AGARI ba="0,0" hai="0,6,11,14,18,20,34,35,41,46,48,98,100,105" machi="41" ten="30,1000,0" yaku="7,1" doraHai="135" who="1" fromWho="3" sc="250,0,250,10,250,0,250,-10" /><INIT seed="1,0,0,1,4,65" ten="250,260,250,240" oya="1" hai0="42,46,28,53,97,89,112,126,32,60,90,34,27" hai1="107,69,37,9,31,93,7,103,81,131,2,76,113" hai2="120,64,116,104,94,88,22,87,129,54,29,101,128" hai3="99,92,3,118,41,86,124,39,75,105,123,134,91"/><U23/><E113/><V66/><F116/><W67/><G123/><T96/><D112/><U44/><E131/><N who="2" m="50251" /><F120/><W82/><G118/><T85/><D126/><U127/><E127/><V59/><F104/><W4/><G124/><T8/><D34/><U73/><E93/><V55/><F101/><W49/><G134/><T58/><D8/><U119/><E119/><V70/><F70/><W71/><G49/><T1/><D1/><U25/><E103/><V16/><F29/><W77/><G67/><N who="2" m="25641" /><F59/><W11/><G71/><T84/><D84/><U24/><E24/><AGARI ba="0,0" hai="16,22,24,54,55,87,88,94" m="25641,50251" machi="24" ten="30,3900,0" yaku="19,1,54,2" doraHai="65" who="2" fromWho="1" sc="250,0,260,-39,250,39,240,0" /><INIT seed="2,0,0,4,1,46" ten="250,221,289,240" oya="2" hai0="28,105,88,64,18,129,51,104,30,84,26,74,31" hai1="77,41,127,9,90,24,82,135,66,56,79,83,73" hai2="35,94,69,108,89,15,34,60,103,58,92,6,63" hai3="16,14,20,128,57,10,13,61,22,70,38,75,119"/><V121/><F121/><W78/><G119/><T45/><D74/><U126/><E135/><V130/><F130/><W17/><G128/><T113/><D129/><U76/><E41/><V21/><F108/><W115/><G115/><T7/><D113/><U37/><E37/><V91/><F103/><W67/><G38/><T109/><D109/><U32/><E9/><V33/><F69/><W54/><G10/><T99/><D64/><U44/><E44/><V134/><F134/><W12/><G12/><T3/><D3/><U100/><E100/><V50/><F21/><W102/><G102/><T53/><D99/><U95/><E66/><V114/><F58/><W19/><G19/><T110/><D7/><U116/><E56/><V80/><F80/><N who="1" m="30761" /><E24/><V87/><F114/><W96/><G96/><T71/><D71/><U72/><E32/><V47/><F15/><W29/><G29/><T132/><D110/><U120/><E116/><V49/><F6/><W52/><G70/><T85/><D132/><U124/><E120/><V107/><F107/><W86/><G75/><T40/><D40/><U5/><E5/><V131/><F131/><W55/><G86/><AGARI ba="0,0" hai="72,73,76,77,79,86,90,95,124,126,127" m="30761" machi="86" ten="40,5200,0" yaku="18,1,34,2" doraHai="46" who="1" fromWho="3" sc="250,0,221,52,289,0,240,-52" /><INIT seed="3,0,0,5,0,3" ten="250,273,289,188" oya="3" hai0="132,36,95,66,77,128,39,35,86,83,127,47,87" hai1="115,109,82,116,90,46,75,124,114,125,96,68,57" hai2="7,24,105,52,22,42,13,10,104,30,70,31,122" hai3="29,63,89,59,33,121,17,25,58,126,106,112,84"/><W101/><G121/><T41/><D132/><U60/><E68/><V61/><F122/><W123/><G123/><T117/><D117/><U1/><E1/><V129/><F129/><W48/><G126/><N who="1" m="48746" /><E46/><V20/><F42/><W130/><G130/><T100/><D128/><U51/><E51/><V14/><F70/><W107/><G112/><T91/><D127/><U131/><E131/><V103/><F103/><W50/><G17/><T88/><D35/><U0/><E0/><V85/><F85/><W113/><G113/><T28/><D28/><U69/><E69/><V11/><F22/><W38/><G38/><T37/><D66/><U111/><E116/><V53/><F31/><W71/><G71/><T64/><D64/><U21/><E21/><V27/><F27/><W49/><G101/><T76/><REACH who="0" step="1"/><D100/><REACH who="0" ten="240,273,289,188" step="2"/><U99/><E114/><V32/><F32/><W45/><G45/><T81/><D81/><U18/><E115/><V110/><F110/><W56/><REACH who="3" step="1"/><G63/><REACH who="3" ten="240,273,289,178" step="2"/><T9/><D9/><U5/><E60/><V73/><F61/><W92/><AGARI ba="0,2" hai="25,29,33,48,49,50,56,58,59,84,89,92,106,107" machi="92" ten="30,6000,0" yaku="1,1,2,1,0,1,53,0" doraHai="3" doraHaiUra="98" who="3" fromWho="3" sc="240,-20,273,-20,289,-20,178,80" /><INIT seed="3,1,0,5,0,80" ten="220,253,269,258" oya="3" hai0="8,9,129,16,30,99,97,55,102,67,72,53,46" hai1="61,131,134,18,59,62,110,79,87,108,71,10,75" hai2="28,91,105,70,132,128,112,42,57,40,93,78,17" hai3="114,47,95,54,26,19,27,36,43,130,88,25,13"/><W94/><G114/><T113/><D72/><U124/><E75/><V34/><F70/><W68/><G68/><T106/><D129/><U73/><E73/><V109/><F112/><W58/><G130/><T74/><D74/><U38/><E38/><V111/><F105/><W92/><G58/><T81/><D113/><U117/><E131/><V41/><F128/><W24/><N who="3" m="6144" /><DORA hai="4" /><W31/><G54/><T86/><D30/><U127/><E71/><V1/><F1/><W89/><REACH who="3" step="1"/><G31/><REACH who="3" ten="220,253,269,248" step="2"/><T126/><D67/><U64/><E59/><V116/><F28/><W63/><G63/><T52/><D126/><U65/><E62/><V83/><F57/><W60/><G60/><T11/><D97/><U118/><E61/><V39/><F111/><W0/><G0/><T20/><D46/><U45/><E45/><V121/><F109/><W32/><G32/><T84/><REACH who="0" step="1"/><D81/><REACH who="0" ten="210,253,269,248" step="2"/><N who="1" m="47551" /><E65/><V133/><F34/><W35/><G35/><T12/><AGARI ba="1,2" hai="8,9,11,12,16,20,52,53,55,84,86,99,102,106" machi="12" ten="30,16000,3" yaku="1,1,0,1,52,5,54,2,53,1" doraHai="80,4" doraHaiUra="2,101" who="0" fromWho="0" sc="210,183,253,-41,269,-41,248,-81" /><INIT seed="4,0,0,3,1,118" ten="393,212,228,167" oya="0" hai0="49,46,96,81,75,39,2,54,58,63,35,117,119" hai1="68,10,56,21,44,12,82,101,74,50,72,59,86" hai2="36,33,57,30,4,99,116,71,37,103,77,60,107" hai3="3,114,16,28,24,69,133,106,130,8,26,70,91"/><T29/><D2/><U129/><E68/><V111/><F111/><W126/><G114/><T9/><D9/><U11/><E129/><V115/><F115/><W128/><G106/><T94/><D39/><U0/><E101/><V27/><F116/><W83/><G126/><T88/><D35/><U100/><E100/><V105/><F105/><W6/><G133/><T131/><D29/><U51/><E0/><V40/><F40/><W67/><G67/><T34/><D34/><U79/><E72/><V73/><F4/><W90/><G70/><T19/><D131/><N who="3" m="50217" /><G69/><T61/><D61/><U113/><E113/><V112/><F57/><N who="1" m="22089" /><E74/><V13/><F13/><W32/><G83/><T20/><D81/><U1/><E1/><V127/><F112/><W66/><G66/><T48/><D48/><N who="1" m="18475" /><E44/><V42/><F42/><W123/><G123/><T84/><D75/><U14/><E14/><V98/><F98/><W23/><AGARI ba="0,0" hai="3,6,8,16,23,24,26,28,32,90,91" m="50217" machi="23" ten="30,2000,0" yaku="19,1,54,1" doraHai="118" who="3" fromWho="3" sc="393,-10,212,-5,228,-5,167,20" /><INIT seed="5,0,0,0,1,41" ten="383,207,223,187" oya="1" hai0="124,60,52,36,63,118,69,10,20,26,134,34,45" hai1="50,101,71,113,125,108,32,98,65,22,17,93,122" hai2="15,110,72,13,97,6,59,70,102,25,35,83,2" hai3="103,75,92,7,121,85,96,44,55,127,133,42,99"/><U51/><E122/><V111/><F13/><W84/><G121/><T79/><D34/><U82/><E32/><V66/><F59/><W49/><G75/><T120/><D118/><U11/><E113/><V14/><F14/><W135/><G127/><T117/><D117/><U53/><E125/><V24/><F24/><W106/><G7/><T18/><D124/><U86/><E108/><V38/><F15/><W74/><G74/><T107/><D107/><U73/><E73/><V100/><F100/><W89/><REACH who="3" step="1"/><G42/><REACH who="3" ten="383,207,223,177" step="2"/><T87/><D120/><U4/><E4/><V40/><F6/><W56/><G56/><T23/><D69/><U27/><E11/><V5/><F5/><W47/><G47/><T61/><D10/><U119/><E119/><V109/><F109/><W132/><AGARI ba="0,1" hai="44,49,55,84,85,89,92,96,99,103,106,132,133,135" machi="132" ten="30,7900,0" yaku="1,1,0,1,20,1,52,1,53,0" doraHai="41" doraHaiUra="112" who="3" fromWho="3" sc="383,-20,207,-39,223,-20,177,89" /><INIT seed="6,0,0,3,2,10" ten="363,168,203,266" oya="2" hai0="107,62,122,132,69,34,63,29,89,112,133,0,19" hai1="79,15,1,105,127,49,5,93,92,61,50,18,100" hai2="113,101,58,129,123,76,36,23,109,28,59,102,67" hai3="51,80,13,135,90,103,11,68,27,37,125,38,116"/><V134/><F123/><W111/><G68/><T52/><D112/><U12/><E127/><V86/><F113/><W39/><G111/><T7/><D107/><U126/><E126/><V83/><F109/><W20/><G125/><T87/><D122/><U41/><E1/><V110/><F110/><W70/><G70/><T71/><D19/><U24/><E105/><V47/><F129/><W4/><G103/><T73/><D73/><U72/><E72/><V33/><F33/><W82/><G116/><T106/><D106/><U45/><E79/><V42/><F134/><W46/><G90/><T53/><D7/><U57/><E50/><V124/><F124/><W120/><G135/><N who="0" m="51787" /><D0/><U119/><E119/><V97/><F67/><W88/><G88/><T118/><D62/><U114/><E114/><V17/><F28/><W84/><G84/><T128/><D128/><U60/><E60/><V44/><F44/><W131/><G120/><T43/><D43/><U74/><E74/><V95/><REACH who="2" step="1"/><F102/><REACH who="2" ten="363,168,193,266" step="2"/><W54/><REACH who="3" step="1"/><G131/><REACH who="3" ten="363,168,193,256" step="2"/><T66/><D118/><U65/><E100/><V75/><F75/><W56/><G56/><T94/><D71/><U6/><E57/><V2/><F2/><W98/><G98/><T64/><D64/><U130/><E130/><V91/><F91/><W117/><G117/><T31/><D69/><U9/><E65/><V55/><F55/><N who="0" m="21066" /><D66/><U85/><E85/><V8/><F8/><W78/><G78/><T30/><D63/><U108/><E61/><V121/><F121/><W115/><G115/><T3/><D3/><U48/><E108/><V40/><F40/><RYUUKYOKU ba="0,2" sc="363,10,168,-30,193,10,256,10" hai0="29,30,31,34,87,89,94" hai2="17,23,36,42,47,58,59,76,83,86,95,97,101" hai3="4,11,13,20,27,37,38,39,46,51,54,80,82" /><INIT seed="6,1,2,5,3,119" ten="373,138,203,266" oya="2" hai0="61,117,59,2,24,71,45,53,42,16,131,18,36" hai1="44,104,25,46,79,123,65,35,73,85,87,122,112" hai2="17,90,10,63,113,86,20,100,109,127,51,125,108" hai3="98,134,124,66,128,62,96,31,69,107,82,126,38"/><V75/><F51/><W11/><G38/><T50/><D2/><U76/><E104/><V116/><F63/><W9/><G128/><T55/><D131/><U74/><E25/><V135/><F75/><W72/><G31/><T101/><D117/><U133/><E65/><V41/><F41/><W92/><G107/><T120/><D120/><N who="1" m="46123" /><E35/><V91/><F116/><W32/><G98/><T3/><D3/><U95/><E112/><V27/><F100/><N who="3" m="60423" /><G134/><T28/><D101/><U84/><E133/><V99/><F135/><W58/><G69/><T68/><D68/><U23/><E23/><V1/><F113/><W29/><G29/><T15/><D15/><U14/><E14/><N who="2" m="7383" /><F1/><W102/><G102/><T52/><D71/><U12/><E12/><V4/><F4/><W39/><G32/><T56/><D53/><U34/><E34/><AGARI ba="1,2" hai="16,18,24,28,34,36,42,45,50,52,55,56,59,61" machi="34" ten="30,3900,0" yaku="7,1,54,2" doraHai="119" who="0" fromWho="1" sc="373,62,138,-42,203,0,266,0" /><INIT seed="7,0,0,1,5,12" ten="435,96,203,266" oya="3" hai0="93,114,77,122,7,48,59,27,24,125,3,83,68" hai1="36,43,57,8,82,62,81,32,106,98,18,105,134" hai2="100,115,2,95,11,108,33,73,47,0,14,46,133" hai3="64,118,66,10,42,9,19,72,54,67,126,40,31"/><W5/><G72/><T91/><D68/><U17/><E134/><V13/><F95/><W53/><G31/><T107/><D107/><U35/><E8/><V88/><F14/><N who="3" m="7639" /><G126/><T124/><D122/><U104/><E98/><V96/><F13/><N who="3" m="5295" /><G118/><T50/><D7/><U29/><E29/><V99/><F99/><W1/><G1/><T85/><D3/><U84/><E43/><AGARI ba="0,0" hai="40,42,43,53,54,64,66,67" m="5295,7639" machi="43" ten="30,2900,0" yaku="8,1,52,1" doraHai="12" who="3" fromWho="1" sc="435,0,96,-29,203,0,266,29" /><INIT seed="7,1,0,4,1,68" ten="435,67,203,295" oya="3" hai0="61,84,127,41,53,50,93,4,77,57,13,33,59" hai1="2,113,119,108,62,134,88,0,48,132,36,109,24" hai2="81,74,110,79,38,43,122,65,99,104,47,5,92" hai3="39,83,15,25,90,54,76,14,116,56,35,125,98"/><W120/><G120/><T91/><D127/><U21/><E48/><V32/><F122/><W133/><G116/><T17/><D33/><U67/><E62/><V31/><F110/><W107/><G125/><T70/><D70/><U63/><E63/><V121/><F121/><W23/><G35/><T51/><D4/><U18/><E67/><V10/><F65/><W115/><G39/><T75/><D41/><U37/><E21/><V46/><F104/><W8/><G115/><T55/><D75/><U11/><E24/><V80/><F80/><W82/><G133/><T71/><D77/><U86/><E86/><V129/><F129/><W103/><G8/><N who="0" m="6311" /><D71/><U60/><E60/><AGARI ba="1,0" hai="50,51,53,55,57,59,60,61,84,91,93" m="6311" machi="60" ten="30,1000,0" yaku="8,1" doraHai="68" who="0" fromWho="1" sc="435,13,67,-13,203,0,295,0" owari="448,55.0,54,-45.0,203,-20.0,295,10.0" /></mjloggm>