<mjloggm ver="2.3"><GO type="169" lobby="0"/><UN n0="%E3%83%88%E3%83%88%E3%83%AA%E5%85%88%E7%94%9F%31%39%E6%AD%B3" n1="%EF%BC%88%E2%88%AA%EF%BC%BE%CF%89%EF%BC%BE%29%E2%98%86" n2="%E3%81%8B%E3%81%AB%E3%83%9E%E3%82%B8%E3%83%B3" n3="%E5%8D%97%E6%98%9F%E6%98%8E%E6%97%A5%E6%AD%A9" dan="19,17,17,18" rate="2290.88,2119.29,2217.60,2186.71" sx="F,F,M,M"/><TAIKYOKU oya="0"/><INIT seed="0,0,0,3,3,19" ten="250,250,250,250" oya="0" hai0="52,118,26,107,79,80,89,41,77,31,48,43,17" hai1="85,95,66,78,75,121,132,0,64,1,102,87,84" hai2="67,38,62,59,46,44,27,91,96,32,11,20,127" hai3="90,86,36,57,69,119,35,58,28,122,110,42,45"/><T131/><D118/><U106/><E121/><V129/><F129/><W39/><G69/><T134/><D107/><U15/><E106/><V29/><F127/><W65/><G119/><T34/><D131/><U82/><E132/><V50/><F38/><W73/><G73/><T68/><D68/><U133/><E133/><V70/><F11/><W135/><G135/><T9/><D134/><U49/><E49/><V128/><F128/><W83/><G122/><T123/><D123/><U88/><E102/><V6/><F6/><W56/><G110/><T101/><D101/><U24/><E24/><V105/><F32/><W7/><G7/><T51/><D51/><U76/><E76/><V60/><F50/><W111/><G111/><T120/><D120/><U98/><REACH who="1" step="1"/><E15/><REACH who="1" ten="250,240,250,250" step="2"/><V93/><REACH who="2" step="1"/><F105/><REACH who="2" ten="250,240,240,250" step="2"/><W115/><G39/><T61/><D48/><U25/><E25/><V104/><F104/><W71/><G36/><T99/><D26/><U22/><E22/><V92/><F92/><W53/><G35/><T10/><D34/><U130/><E130/><V40/><F40/><W21/><G42/><T117/><D43/><U33/><E33/><V13/><F13/><W108/><G21/><T116/><D41/><U112/><E112/><V37/><F37/><W113/><G108/><T125/><D117/><U4/><E4/><V97/><F97/><W94/><G94/><T74/><D99/><U3/><AGARI ba="0,2" hai="0,1,3,64,66,75,78,82,84,85,87,88,95,98" machi="3" ten="40,5200,0" yaku="1,1,0,1,54,1,53,0" doraHai="19" doraHaiUra="5" who="1" fromWho="1" sc="250,-26,240,72,240,-13,250,-13" /><INIT seed="1,0,0,0,1,39" ten="224,312,227,237" oya="1" hai0="133,114,122,127,57,50,125,32,48,77,38,91,99" hai1="21,124,61,44,119,112,85,109,22,10,65,134,87" hai2="62,104,78,89,131,45,30,117,41,49,126,94,95" hai3="81,74,120,97,116,67,80,101,14,82,36,64,63"/><U8/><E112/><V20/><F117/><W68/><G120/><T17/><D114/><U46/><E119/><V47/><F104/><W100/><G116/><T71/><D71/><U29/><E134/><V18/><F126/><W90/><G74/><T23/><D32/><U107/><E107/><V98/><F131/><W42/><G67/><T34/><D34/><U9/><E124/><V53/><F78/><W92/><REACH who="3" step="1"/><G14/><REACH who="3" ten="224,312,227,227" step="2"/><T83/><D125/><U69/><E109/><V129/><F129/><W11/><G11/><T28/><D122/><U33/><E33/><V7/><F7/><W86/><G86/><T123/><D123/><U15/><E15/><V2/><F2/><W12/><G12/><T106/><D127/><U35/><E35/><V105/><F105/><W43/><G43/><T3/><D106/><U84/><REACH who="1" step="1"/><E29/><REACH who="1" ten="224,302,227,227" step="2"/><V52/><F30/><W54/><G54/><T113/><D28/><U103/><E103/><V75/><F53/><W13/><G13/><T88/><D133/><U60/><E60/><V40/><F62/><W27/><G27/><T5/><D113/><U66/><E66/><V26/><F75/><W128/><G128/><T72/><D3/><U110/><E110/><V111/><F111/><W51/><G51/><T93/><D48/><U70/><E70/><V76/><F52/><W56/><G56/><T115/><D57/><U4/><E4/><V130/><F130/><W55/><G55/><T19/><D5/><U24/><E24/><V73/><F49/><W132/><G132/><T135/><D135/><U58/><E58/><V59/><F59/><RYUUKYOKU ba="0,2" sc="224,-15,302,15,227,-15,227,15" hai1="8,9,10,21,22,44,46,61,65,69,84,85,87" hai3="36,42,63,64,68,80,81,82,90,92,97,100,101" /><INIT seed="1,1,2,0,2,113" ten="209,317,212,242" oya="1" hai0="44,127,94,46,83,118,82,41,67,108,0,125,16" hai1="53,111,58,49,71,26,135,72,133,102,120,20,52" hai2="47,130,60,19,106,66,21,4,6,59,95,69,88" hai3="3,35,5,97,12,74,18,11,56,50,93,80,28"/><U61/><E72/><V29/><F130/><W79/><G50/><N who="0" m="26895" /><D0/><U68/><E120/><V105/><F29/><W91/><G56/><T57/><D118/><U8/><E8/><V39/><F69/><W64/><G64/><T31/><D108/><U48/><E102/><V24/><F106/><W63/><G63/><N who="0" m="38383" /><D31/><N who="1" m="17863" /><E111/><V122/><F105/><W134/><G134/><N who="1" m="51210" /><E61/><V89/><F122/><W73/><G73/><T121/><D121/><U45/><AGARI ba="1,2" hai="45,48,49,52,53,58,68,71" m="51210,17863" machi="45" ten="30,3000,0" yaku="20,1,54,1" doraHai="113" who="1" fromWho="1" sc="209,-11,317,53,212,-11,242,-11" /><INIT seed="1,2,0,4,4,90" ten="198,370,201,231" oya="1" hai0="31,77,8,119,28,114,74,104,20,73,7,21,3" hai1="83,89,61,69,14,60,46,2,92,13,44,112,32" hai2="122,48,1,6,22,80,113,86,19,33,59,100,55" hai3="102,109,24,65,129,79,26,115,39,30,76,17,72"/><U43/><E2/><V58/><F122/><W125/><G115/><T51/><D114/><U0/><E0/><V117/><F113/><W9/><G39/><T135/><D104/><U111/><E32/><V54/><F33/><W124/><G109/><T67/><D119/><U23/><E112/><V106/><F117/><W71/><G129/><T34/><D135/><U36/><E83/><V127/><F127/><N who="3" m="48715" /><G102/><T45/><D67/><U134/><E134/><V18/><F1/><W12/><G72/><T56/><D56/><U132/><E111/><V57/><F6/><W38/><G38/><T37/><D37/><U66/><E60/><V103/><F106/><W64/><G26/><T85/><D85/><U15/><E46/><N who="2" m="27927" /><F55/><W128/><G128/><T70/><D70/><U98/><REACH who="1" step="1"/><E132/><REACH who="1" ten="198,360,201,231" step="2"/><V96/><F57/><W35/><G71/><T91/><D34/><U81/><E81/><V123/><F58/><W118/><G118/><T68/><D68/><U99/><E99/><V110/><F59/><W126/><G126/><T107/><D3/><U108/><E108/><V82/><F110/><W16/><G65/><T42/><D45/><U105/><E105/><V131/><F131/><W94/><G64/><T95/><D107/><U4/><E4/><V88/><F80/><W93/><G79/><T52/><D77/><U87/><E87/><V97/><F97/><W101/><G76/><T50/><D74/><U62/><E62/><V41/><F96/><N who="3" m="59535" /><G94/><T53/><D95/><U78/><E78/><V121/><F82/><W63/><G63/><T11/><D73/><U47/><E47/><RYUUKYOKU ba="2,1" sc="198,-15,360,15,201,-15,231,15" hai1="13,14,15,23,36,43,44,61,66,69,89,92,98" hai3="9,12,16,17,24,30,35" /><INIT seed="1,3,1,4,3,106" ten="183,375,186,246" oya="1" hai0="96,37,104,132,67,17,31,108,33,15,134,117,82" hai1="105,88,121,112,19,135,133,99,9,36,35,2,63" hai2="13,64,119,44,5,0,52,118,128,66,32,60,30" hai3="20,11,18,87,86,3,123,78,8,94,16,127,84"/><U85/><E112/><V95/><F0/><W50/><G123/><T130/><D117/><U69/><E36/><V92/><F64/><W131/><G127/><T39/><D108/><U58/><E35/><V6/><F32/><W51/><G131/><T62/><D130/><U1/><E69/><V90/><F128/><W97/><G78/><T79/><D31/><U77/><E77/><V61/><F30/><W102/><G18/><T110/><D33/><U27/><E121/><V122/><F122/><W26/><G3/><T109/><D96/><U116/><E116/><V70/><F95/><W59/><REACH who="3" step="1"/><G59/><REACH who="3" ten="183,375,186,236" step="2"/><N who="0" m="37343" /><D109/><U114/><E114/><V14/><F119/><W74/><G74/><T115/><D110/><U72/><E72/><V107/><F118/><W25/><G25/><T75/><D115/><U56/><E56/><V21/><F70/><W80/><G80/><T73/><D73/><U100/><E2/><V81/><F81/><W89/><G89/><T55/><D82/><N who="1" m="49207" /><E27/><V40/><F90/><W48/><AGARI ba="3,2" hai="8,11,16,20,26,48,50,51,84,86,87,94,97,102" machi="48" ten="30,7900,0" yaku="1,1,0,1,8,1,54,1,53,0" doraHai="106" doraHaiUra="65" who="3" fromWho="3" sc="183,-23,375,-42,186,-23,236,108" /><INIT seed="2,0,0,3,2,57" ten="160,333,163,344" oya="2" hai0="114,81,37,129,66,28,18,98,12,118,132,124,63" hai1="41,48,64,105,29,6,46,21,102,99,38,97,109" hai2="44,135,31,108,83,116,2,77,67,15,127,65,60" hai3="85,122,69,96,1,115,49,121,106,45,24,70,84"/><V51/><F2/><W72/><G72/><T30/><D114/><U20/><E109/><V35/><F116/><W32/><G1/><T13/><D37/><U110/><E110/><V78/><F108/><W88/><G115/><T10/><D118/><U14/><E38/><V90/><F127/><W74/><G74/><T16/><D124/><U43/><E43/><V113/><F113/><W27/><G106/><T54/><D129/><U75/><E75/><V59/><F135/><W101/><G101/><T3/><D3/><U33/><E64/><N who="2" m="38943" /><F35/><W55/><G96/><T26/><D132/><U87/><E87/><N who="2" m="50559" /><F31/><W111/><G111/><T94/><D26/><U117/><E117/><V133/><F133/><W71/><G24/><T93/><D54/><U104/><E33/><V79/><F15/><W125/><G125/><T112/><D81/><U4/><E29/><V42/><AGARI ba="0,0" hai="42,44,51,65,67,77,78,79" m="50559,38943" machi="42" ten="30,3000,0" yaku="8,1,52,1" doraHai="57" who="2" fromWho="2" sc="160,-10,333,-10,163,30,344,-10" /><INIT seed="2,1,0,0,0,43" ten="150,323,193,334" oya="2" hai0="126,133,55,127,53,46,90,73,99,24,106,75,6" hai1="67,63,107,51,95,120,125,132,128,113,105,16,15" hai2="124,49,38,114,84,14,45,93,9,97,37,96,122" hai3="112,27,22,98,60,39,130,8,111,76,62,42,110"/><V32/><F122/><W31/><G130/><T2/><D133/><U85/><E113/><V69/><F114/><W40/><G112/><T129/><D129/><U92/><E128/><V36/><F69/><W86/><G98/><T0/><D24/><U66/><E132/><V1/><F32/><W58/><G8/><T117/><D117/><U116/><E116/><V50/><F50/><W23/><G23/><T12/><D12/><U64/><E125/><N who="0" m="47625" /><D6/><U80/><E63/><V100/><F1/><N who="0" m="618" /><D55/><U121/><E51/><V101/><F84/><W13/><G13/><T29/><D29/><U7/><E7/><V57/><F57/><W48/><G39/><T33/><D33/><U11/><E120/><V134/><F124/><W108/><G62/><T102/><D90/><U41/><E41/><V18/><F134/><W59/><G48/><AGARI ba="1,0" hai="46,48,53,73,75,99,102,106" m="618,47625" machi="48" ten="30,2000,0" yaku="18,1,52,1" doraHai="43" who="0" fromWho="3" sc="150,23,323,0,193,0,334,-23" /><INIT seed="3,0,0,3,5,16" ten="173,323,193,311" oya="3" hai0="92,46,38,27,117,77,99,49,7,115,71,43,122" hai1="135,4,134,65,21,127,44,64,22,55,70,9,107" hai2="93,74,131,24,78,67,69,106,73,128,129,47,75" hai3="96,130,34,123,94,98,81,110,119,68,113,104,18"/><W3/><RYUUKYOKU type="yao9" ba="0,0" sc="173,0,323,0,193,0,311,0" hai3="3,18,34,68,81,94,96,98,104,110,113,119,123,130" /><INIT seed="3,1,0,0,5,6" ten="173,323,193,311" oya="3" hai0="13,57,118,134,132,83,129,80,94,44,119,50,63" hai1="128,58,62,89,30,33,68,116,127,29,47,101,109" hai2="11,82,99,93,133,79,20,52,135,2,121,27,0" hai3="25,105,111,76,126,110,102,88,9,100,67,43,51"/><W104/><G76/><T103/><D129/><U38/><E68/><V107/><F107/><N who="3" m="41035" /><G67/><T46/><D103/><U90/><E101/><V77/><F121/><W130/><G130/><T65/><D94/><U12/><E116/><V4/><F0/><W1/><G25/><T41/><D80/><U125/><E33/><V48/><F82/><W98/><G43/><T54/><D13/><U60/><E47/><V24/><F79/><W71/><G51/><T23/><D23/><U56/><E12/><V117/><F77/><W86/><G71/><T21/><D21/><U15/><E15/><V55/><F117/><N who="0" m="44554" /><D83/><U64/><E38/><AGARI ba="1,0" hai="38,41,44,46,50,54,57,63,65,132,134" m="44554" machi="38" ten="30,2000,0" yaku="34,2" doraHai="6" who="0" fromWho="1" sc="173,23,323,-23,193,0,311,0" /><INIT seed="4,0,0,5,4,7" ten="196,300,193,311" oya="0" hai0="54,125,42,8,116,103,69,17,44,81,35,84,5" hai1="61,107,134,27,87,19,41,56,126,30,105,26,36" hai2="45,46,104,119,9,101,62,89,15,75,94,55,20" hai3="132,40,13,91,106,86,3,128,130,22,51,93,68"/><T53/><D116/><U114/><E134/><V16/><F119/><W37/><G3/><T59/><D69/><U32/><E126/><V115/><F75/><W121/><G68/><T111/><D125/><U83/><E41/><V4/><F115/><W49/><G132/><T24/><D111/><U39/><E39/><V48/><F104/><W28/><G106/><T129/><D129/><N who="3" m="49769" /><G121/><T102/><D35/><U120/><E36/><V10/><F101/><W122/><G122/><T2/><D17/><U110/><E110/><V123/><F123/><W108/><G108/><T97/><D24/><U33/><E114/><V23/><F62/><W65/><G65/><T72/><D72/><U43/><E43/><V21/><F45/><N who="3" m="23695" /><G28/><T60/><D54/><U135/><E135/><V34/><F34/><W96/><G86/><T58/><D58/><U113/><E113/><V31/><F31/><W0/><G0/><T95/><D102/><U74/><E74/><V112/><F112/><W99/><G99/><T12/><D2/><U64/><E120/><V73/><F73/><W6/><G22/><N who="2" m="8809" /><F4/><W47/><G47/><T133/><D133/><U79/><E19/><V67/><F67/><W63/><G63/><T82/><REACH who="0" step="1"/><D84/><AGARI ba="0,0" hai="9,10,15,16,23,46,48,55,84,89,94" m="8809" machi="84" ten="30,7700,0" yaku="8,1,52,2,54,1" doraHai="7" who="2" fromWho="0" sc="196,-77,300,0,193,77,311,0" /><INIT seed="5,0,0,1,3,4" ten="119,300,270,311" oya="1" hai0="115,83,92,91,60,111,47,121,24,70,27,32,19" hai1="59,68,40,65,8,106,124,3,61,11,89,101,74" hai2="116,98,53,82,87,125,14,97,29,18,36,48,112" hai3="123,57,100,63,51,69,76,2,35,105,45,94,20"/><U10/><E74/><V135/><F116/><W49/><G35/><T120/><D111/><U13/><E3/><V128/><F36/><W62/><G105/><T129/><D115/><U130/><E40/><V72/><F72/><W39/><G2/><T85/><D129/><U34/><E34/><V50/><F112/><W113/><G76/><T104/><D104/><U25/><E25/><V86/><F128/><W12/><G113/><T44/><D70/><U90/><E130/><V127/><F29/><W17/><G123/><T71/><D71/><U58/><E124/><N who="2" m="47691" /><F48/><W132/><G39/><T122/><D60/><U7/><E68/><V1/><F1/><W118/><G132/><T5/><D5/><U95/><E106/><V75/><F75/><W84/><G118/><T54/><D54/><U30/><E30/><V96/><F82/><W6/><G6/><T28/><D24/><U88/><E59/><N who="2" m="33207" /><F135/><W41/><G69/><T43/><D43/><U42/><E42/><V26/><F26/><W56/><G51/><T16/><REACH who="0" step="1"/><D83/><REACH who="0" ten="109,300,270,311" step="2"/><U15/><E7/><V79/><F79/><W78/><G63/><T114/><D114/><U67/><E67/><V133/><F133/><W38/><G62/><T107/><D107/><U37/><E37/><V126/><F126/><W22/><G38/><T134/><D134/><U73/><E73/><V81/><F81/><W46/><G41/><T102/><D102/><U109/><E109/><V33/><F33/><W119/><G100/><T131/><D131/><U9/><N who="1" m="2048" /><DORA hai="0" /><U64/><E64/><V103/><F103/><W55/><G119/><RYUUKYOKU ba="0,1" sc="109,10,300,10,270,10,311,-30" hai0="16,19,27,28,32,44,47,85,91,92,120,121,122" hai1="13,15,58,61,65,88,89,90,95,101" hai2="14,18,86,87,96,97,98" /><INIT seed="5,1,1,0,2,108" ten="119,310,280,281" oya="1" hai0="19,17,68,126,87,77,109,105,132,4,55,125,65" hai1="95,5,100,34,8,116,74,96,98,43,15,36,66" hai2="93,75,1,112,49,45,117,31,32,124,127,6,88" hai3="78,90,3,92,114,131,29,42,82,35,24,44,38"/><U89/><E74/><V123/><F75/><W47/><G131/><T10/><D109/><U81/><E34/><V7/><F123/><W23/><G3/><T25/><D105/><U13/><E116/><V16/><F117/><W86/><G47/><T18/><D132/><U41/><E66/><V67/><F67/><W101/><G101/><T102/><D102/><U37/><E15/><V63/><F63/><W115/><REACH who="3" step="1"/><G35/><REACH who="3" ten="119,310,280,271" step="2"/><T62/><D126/><U85/><REACH who="1" step="1"/><E98/><AGARI ba="1,2" hai="23,24,29,38,42,44,78,82,86,90,92,98,114,115" machi="98" ten="40,8000,1" yaku="1,1,2,1,52,2,53,0" doraHai="108" doraHaiUra="118" who="3" fromWho="1" sc="119,0,310,-83,280,0,271,103" /><INIT seed="6,0,0,3,1,117" ten="119,227,280,374" oya="2" hai0="14,90,71,9,94,0,89,38,23,31,113,34,68" hai1="112,73,109,79,134,110,126,43,85,83,56,107,122" hai2="130,52,55,13,35,116,57,32,111,64,49,62,133" hai3="40,28,16,54,93,92,12,69,8,5,45,120,50"/><V51/><F116/><W118/><G120/><T132/><D38/><U42/><E107/><V129/><F133/><W29/><G69/><T70/><D132/><U44/><E112/><V66/><F13/><W82/><G118/><T91/><D113/><U104/><E104/><V61/><REACH who="2" step="1"/><F57/><REACH who="2" ten="119,227,270,374" step="2"/><W65/><G12/><T37/><D0/><U48/><E134/><V121/><F121/><W58/><G58/><T17/><D68/><U25/><E122/><V127/><F127/><W105/><G5/><T7/><D70/><U46/><E126/><V88/><F88/><W18/><G8/><T59/><D71/><U72/><E56/><V96/><F96/><W115/><G115/><T78/><D59/><U76/><E25/><V106/><F106/><W124/><G124/><T60/><D60/><U15/><E15/><V128/><F128/><W36/><G105/><T6/><D6/><U67/><E109/><AGARI ba="0,1" hai="32,35,49,51,52,55,61,62,64,66,109,111,129,130" machi="109" ten="25,9600,0" yaku="1,1,22,2,54,1,53,0" doraHai="117" doraHaiUra="19" who="2" fromWho="1" sc="119,0,227,-96,270,106,374,0" /><INIT seed="6,1,0,4,5,97" ten="119,131,376,374" oya="2" hai0="67,62,20,129,71,5,118,74,120,43,38,29,39" hai1="40,76,21,89,45,1,11,93,99,65,60,100,47" hai2="110,53,24,50,57,19,122,10,134,84,116,30,36" hai3="127,48,3,98,94,64,56,119,92,61,101,135,128"/><V111/><F36/><W131/><G3/><T54/><D120/><U124/><E76/><V102/><F122/><W51/><G119/><T35/><D118/><U15/><E124/><V80/><F116/><W0/><G0/><T133/><D74/><U107/><E1/><V115/><F134/><W126/><G135/><T112/><D133/><U123/><E21/><V44/><F115/><W113/><G94/><T26/><D112/><U49/><E45/><V73/><F73/><W69/><G113/><T42/><D5/><U52/><E123/><V86/><F102/><W103/><G103/><T82/><D129/><N who="3" m="49737" /><G69/><T14/><D82/><U132/><E132/><V28/><F84/><W130/><G130/><T25/><D14/><U90/><E40/><V27/><F57/><W77/><G77/><T33/><D33/><U32/><E32/><V17/><F110/><W63/><G63/><T96/><D96/><U41/><E41/><V9/><F111/><W91/><G91/><T117/><D117/><U66/><E107/><V70/><F70/><W72/><G72/><T6/><D39/><U81/><E81/><V18/><F27/><W7/><G7/><T78/><D78/><U2/><E2/><V12/><F9/><W34/><G34/><T121/><D121/><U8/><E8/><V23/><F28/><W88/><G88/><AGARI ba="1,0" hai="10,12,17,18,19,23,24,30,44,50,53,80,86,88" machi="88" ten="30,12000,1" yaku="7,1,25,2,8,1,54,1" doraHai="97" who="2" fromWho="3" sc="119,0,131,0,376,123,374,-123" /><INIT seed="6,2,0,1,4,8" ten="119,131,499,251" oya="2" hai0="44,118,134,16,69,48,56,115,1,30,37,26,36" hai1="59,89,20,79,80,76,19,90,123,125,22,111,73" hai2="83,93,97,41,120,88,34,13,101,78,3,14,50" hai3="2,0,122,127,91,46,94,116,86,117,11,121,62"/><V107/><F3/><W4/><G0/><T81/><D69/><U39/><E39/><V99/><F34/><W55/><G127/><T130/><D1/><U52/><E111/><V102/><F120/><W65/><G46/><T128/><D115/><U133/><E125/><V126/><F126/><W132/><G55/><T92/><D134/><U6/><E6/><V112/><F112/><W54/><G54/><N who="0" m="29959" /><D118/><U109/><E109/><V87/><F41/><W66/><G132/><T60/><D92/><U68/><E68/><V95/><F50/><W40/><G40/><T12/><D81/><U135/><E123/><V64/><F64/><W43/><G66/><N who="0" m="39175" /><D26/><U61/><E76/><V51/><F51/><W42/><G122/><T108/><D30/><U74/><E20/><V63/><F63/><W77/><G121/><T24/><D24/><U114/><E114/><V75/><AGARI ba="2,0" hai="13,14,75,78,83,87,88,93,95,97,99,101,102,107" machi="75" ten="20,18000,2" yaku="0,1,7,1,24,2,52,2,54,1" doraHai="8" who="2" fromWho="2" sc="119,-62,131,-62,499,186,251,-62" /><INIT seed="6,3,0,0,5,66" ten="57,69,685,189" oya="2" hai0="60,101,127,62,16,105,20,104,108,109,34,35,42" hai1="122,31,113,107,46,13,97,43,67,24,102,5,9" hai2="93,91,22,83,98,0,78,37,95,69,80,131,124" hai3="59,4,68,58,72,116,90,52,76,119,48,19,15"/><V65/><F37/><W84/><G68/><T40/><D101/><U2/><E113/><V100/><F0/><W30/><G4/><T71/><D20/><U45/><E45/><V87/><F22/><N who="3" m="11647" /><G30/><T89/><D89/><U77/><E77/><N who="2" m="46479" /><F65/><W50/><G72/><T12/><D12/><U29/><E29/><V132/><F69/><W36/><G36/><T118/><D71/><U64/><E2/><V112/><F112/><W130/><G76/><T135/><D16/><U44/><E44/><V18/><F18/><W133/><G130/><T63/><D135/><U121/><E121/><V25/><F25/><W49/><G133/><T123/><D127/><U51/><REACH who="1" step="1"/><E122/><REACH who="1" ten="57,59,685,189" step="2"/><V23/><F124/><W88/><G119/><T26/><D123/><U134/><E134/><V53/><F132/><W106/><G116/><T110/><D118/><U115/><E115/><V27/><F131/><W38/><G38/><T129/><D129/><U21/><AGARI ba="3,1" hai="5,9,13,21,24,31,43,46,51,64,67,97,102,107" machi="21" ten="20,2700,0" yaku="1,1,0,1,7,1,53,0" doraHai="66" doraHaiUra="54" who="1" fromWho="1" sc="57,-10,59,46,685,-16,189,-10" /><INIT seed="7,0,0,0,0,53" ten="47,105,669,179" oya="3" hai0="110,96,17,120,85,33,23,112,30,84,70,101,20" hai1="37,132,79,107,97,74,88,48,82,64,31,52,113" hai2="2,122,55,77,81,34,58,106,50,126,66,73,130" hai3="95,102,49,125,108,114,72,42,111,19,29,86,91"/><W89/><G72/><T124/><D110/><U63/><E37/><V92/><F106/><W51/><G102/><T133/><D120/><U22/><E107/><V0/><F122/><W123/><G29/><T4/><D70/><U46/><E113/><V83/><F34/><W35/><G35/><T100/><D33/><U39/><E132/><V21/><F126/><W134/><G49/><T18/><D133/><U60/><E39/><V28/><F130/><W94/><G125/><T5/><D124/><U104/><E104/><V45/><F83/><W16/><G134/><T129/><D112/><U116/><E116/><V14/><F92/><W59/><G123/><T56/><D30/><U67/><E31/><V93/><F93/><W26/><G114/><T103/><D129/><U25/><E88/><V65/><F65/><W15/><G111/><T47/><D47/><U62/><E97/><V69/><F69/><W115/><G115/><T11/><D11/><U38/><E38/><V32/><F32/><W24/><G108/><T41/><D41/><U3/><E3/><V78/><F78/><W118/><G42/><T117/><D117/><U131/><E131/><V54/><F66/><N who="1" m="25129" /><E22/><V76/><F76/><W105/><G105/><T71/><D71/><U12/><E12/><V44/><F14/><W87/><G118/><T61/><D100/><U80/><E25/><N who="3" m="9834" /><G15/><T13/><D13/><U1/><E1/><N who="2" m="619" /><F54/><AGARI ba="0,0" hai="16,19,51,54,59,86,87,89,91,94,95" m="9834" machi="54" ten="30,5800,0" yaku="8,1,52,1,54,1" doraHai="53" who="3" fromWho="2" sc="47,0,105,0,669,-58,179,58" /><INIT seed="7,1,0,0,2,15" ten="47,105,611,237" oya="3" hai0="16,101,96,7,124,131,1,74,97,42,114,76,77" hai1="134,99,2,55,21,51,73,117,94,130,98,121,57" hai2="111,18,118,106,39,92,133,46,3,125,88,83,112" hai3="31,82,30,19,24,65,67,43,90,56,127,100,29"/><W48/><G127/><T8/><D124/><U41/><E73/><V119/><F3/><W116/><G116/><T12/><D131/><U32/><E32/><V6/><F6/><W64/><G100/><T10/><D114/><U20/><E2/><V45/><F106/><W109/><G109/><T107/><D74/><U102/><E121/><V27/><F39/><W68/><G68/><T50/><D42/><U63/><E130/><V85/><F112/><W75/><G75/><T128/><D128/><U59/><E134/><V91/><F125/><W11/><G82/><T93/><REACH who="0" step="1"/><D50/><REACH who="0" ten="37,105,611,237" step="2"/><U0/><E117/><V79/><F91/><AGARI ba="1,1" hai="1,7,8,10,12,16,76,77,91,93,96,97,101,107" machi="91" ten="30,8000,1" yaku="1,1,2,1,7,1,52,1,54,1,53,0" doraHai="15" doraHaiUra="40" who="0" fromWho="2" sc="37,93,105,0,611,-83,237,0" owari="130,-27.0,105,-39.0,528,62.0,237,4.0" /></mjloggm>