<mjloggm ver="2.3"><GO type="169" lobby="0"/><UN n0="%E5%B0%B1%E6%B4%BB%E7%94%9F%40%E5%B7%9D%E6%9D%91%E8%BB%8D%E5%9B%A3" n1="%73%69%6C%65%6E%2E" n2="%E3%81%BF%E3%81%91%E3%81%AD%E3%81%93%E3%80%82" n3="%E3%81%BF%E3%82%85%E3%83%BC%E3%82%8B" dan="17,16,16,16" rate="2224.56,2175.30,2119.58,2083.68" sx="M,M,F,M"/><TAIKYOKU oya="0"/><INIT seed="0,0,0,1,2,56" ten="250,250,250,250" oya="0" hai0="53,74,62,106,33,114,112,31,96,22,38,134,110" hai1="32,107,126,68,14,12,17,6,63,71,127,93,67" hai2="25,124,29,54,83,131,95,21,19,79,46,128,133" hai3="132,94,72,123,103,80,100,42,50,52,120,24,51"/><T121/><D121/><U43/><E107/><V84/><F124/><N who="1" m="47657" /><E43/><V27/><F133/><W111/><G132/><T11/><D74/><U5/><E32/><V117/><F117/><W122/><G111/><T23/><D38/><U135/><E135/><V92/><F46/><N who="3" m="25943" /><G94/><T64/><D134/><U41/><E41/><V28/><F19/><W65/><G24/><N who="0" m="18663" /><D110/><U70/><E93/><V59/><F128/><W91/><G65/><T119/><D119/><U30/><E30/><V109/><F109/><W66/><G66/><T82/><D53/><U77/><E77/><V90/><F79/><N who="3" m="44135" /><G91/><T8/><D82/><U58/><E14/><V101/><F101/><W18/><G18/><T10/><D112/><U85/><E85/><V20/><REACH who="2" step="1"/><F131/><REACH who="2" ten="250,250,240,250" step="2"/><W87/><G87/><T7/><D114/><U102/><E102/><V81/><F81/><W44/><AGARI ba="0,1" hai="44,51,52,100,103,120,122,123" m="44135,25943" machi="44" ten="30,2000,0" yaku="13,1,54,1" doraHai="56" who="3" fromWho="3" sc="250,-10,250,-5,240,-5,250,30" /><INIT seed="1,0,0,2,0,42" ten="240,245,235,280" oya="1" hai0="40,2,75,101,67,106,11,17,115,59,13,63,50" hai1="132,122,86,98,18,125,94,71,23,128,130,53,19" hai2="61,22,8,34,26,51,88,74,97,131,93,114,108" hai3="100,72,49,46,83,124,1,56,38,76,57,55,127"/><U78/><E71/><V118/><F118/><W6/><G100/><T48/><D115/><U47/><E122/><V99/><F108/><W69/><G69/><T104/><D75/><U133/><E86/><V95/><F131/><N who="1" m="50217" /><E78/><V30/><F74/><W111/><G111/><T91/><D2/><U82/><E82/><V105/><F105/><W25/><G25/><T44/><D101/><N who="1" m="60631" /><E23/><V64/><F114/><W123/><G123/><T52/><REACH who="0" step="1"/><D91/><REACH who="0" ten="230,245,235,280" step="2"/><U90/><E90/><V129/><F129/><W96/><G1/><T12/><D12/><U16/><E125/><V109/><F109/><W5/><G127/><T41/><D41/><U110/><E110/><V36/><F88/><W9/><G124/><T60/><D60/><U102/><E102/><V112/><F61/><W120/><G120/><T107/><D107/><U89/><E89/><V33/><F112/><W92/><G92/><T27/><D27/><U70/><E70/><AGARI ba="0,1" hai="11,13,17,40,44,48,50,52,59,63,67,70,104,106" machi="70" ten="30,7700,0" yaku="1,1,7,1,52,1,54,1,53,0" doraHai="42" doraHaiUra="134" who="0" fromWho="1" sc="230,87,245,-77,235,0,280,0" /><INIT seed="2,0,0,0,3,97" ten="317,168,235,280" oya="2" hai0="46,59,72,54,45,14,77,99,19,4,41,10,90" hai1="98,44,8,122,42,29,5,39,43,17,81,0,33" hai2="27,56,1,123,47,104,121,38,82,3,57,93,116" hai3="22,105,135,113,30,58,62,63,79,64,83,34,89"/><V25/><F104/><W67/><G113/><T23/><D72/><U114/><E114/><V2/><F116/><W94/><G105/><T125/><D77/><U13/><E122/><V107/><F107/><W108/><G34/><T18/><D125/><U28/><E43/><V53/><F82/><W96/><G135/><T132/><D132/><U87/><E98/><V50/><F93/><W20/><G108/><T88/><D19/><U66/><E66/><V15/><F15/><W119/><G119/><T32/><D32/><U115/><E33/><V100/><F100/><W130/><G30/><T24/><D99/><U91/><REACH who="1" step="1"/><E115/><REACH who="1" ten="317,158,235,280" step="2"/><V92/><F121/><W11/><G130/><T128/><D128/><U86/><E86/><V95/><F123/><W80/><G80/><T21/><D41/><U117/><E117/><V16/><F38/><W70/><G11/><AGARI ba="0,1" hai="0,5,8,11,13,17,28,29,39,42,44,81,87,91" machi="11" ten="30,2000,0" yaku="1,1,7,1,53,0" doraHai="97" doraHaiUra="134" who="1" fromWho="3" sc="317,0,158,30,235,0,280,-20" /><INIT seed="3,0,0,1,3,96" ten="317,188,235,260" oya="3" hai0="114,86,22,14,8,33,41,113,54,109,12,117,79" hai1="2,71,111,3,99,63,56,37,129,88,24,112,121" hai2="82,25,21,6,19,31,42,78,119,4,55,125,90" hai3="107,65,89,72,126,13,34,70,73,35,50,87,67"/><W1/><G1/><T64/><D109/><U69/><E112/><N who="0" m="43113" /><D33/><U11/><E111/><V135/><F135/><W91/><G107/><T94/><D117/><U0/><E37/><V95/><F125/><W127/><G50/><T29/><D64/><U81/><E129/><V43/><F119/><W26/><G13/><T128/><D41/><U48/><E48/><V75/><F55/><W98/><G26/><T83/><D128/><U46/><E46/><V85/><F43/><W133/><G133/><T40/><D40/><U23/><E11/><V61/><F42/><W122/><G70/><T132/><D132/><U16/><E121/><V130/><F130/><W27/><G27/><N who="0" m="16631" /><D8/><U105/><E105/><V36/><F36/><W84/><REACH who="3" step="1"/><G98/><REACH who="3" ten="317,188,235,250" step="2"/><T49/><D14/><U120/><E120/><AGARI ba="0,1" hai="34,35,65,67,72,73,84,87,89,91,120,122,126,127" machi="120" ten="25,9600,0" yaku="1,1,2,1,22,2,53,0" doraHai="96" doraHaiUra="15" who="3" fromWho="1" sc="317,0,188,-96,235,0,250,106" /><INIT seed="3,1,0,5,5,64" ten="317,92,235,356" oya="3" hai0="26,83,38,117,73,36,41,82,51,8,84,98,124" hai1="39,116,28,1,132,46,113,130,119,75,128,16,135" hai2="102,21,34,133,129,10,95,19,22,112,68,59,121" hai3="31,55,110,134,23,32,9,48,69,33,126,50,7"/><W85/><G126/><T118/><D124/><U0/><E75/><V53/><F34/><W107/><G107/><T96/><D26/><U78/><E78/><V24/><F112/><W127/><G127/><T11/><D73/><U97/><E97/><V42/><F42/><W92/><G134/><N who="1" m="51242" /><E46/><V101/><F133/><W25/><G48/><T100/><D51/><U3/><E39/><V80/><F121/><W72/><G72/><T6/><D6/><U63/><E63/><V81/><F129/><N who="1" m="49769" /><E113/><V17/><F101/><W27/><G110/><T35/><D35/><U44/><E44/><V106/><F102/><W122/><G122/><T4/><D4/><U40/><E40/><V104/><F104/><W58/><G69/><T62/><D62/><U108/><E108/><V56/><F106/><W93/><G33/><T109/><D109/><U2/><N who="1" m="0" /><DORA hai="111" /><U43/><E43/><V57/><F68/><W61/><G85/><T86/><D41/><U67/><E67/><V125/><F125/><W94/><G50/><T88/><D100/><U114/><E114/><V60/><F59/><W66/><G66/><T20/><D88/><U49/><E49/><V120/><F57/><W15/><G93/><T89/><D89/><U12/><E28/><AGARI ba="1,0" hai="7,9,15,23,25,27,28,31,32,55,58,61,92,94" machi="28" ten="30,1500,0" yaku="7,1" doraHai="64,111" who="3" fromWho="1" sc="317,0,92,-18,235,0,356,18" /><INIT seed="3,2,0,3,0,29" ten="317,74,235,374" oya="3" hai0="115,19,11,31,101,57,35,59,132,10,100,55,3" hai1="12,13,76,85,39,61,94,41,81,105,97,125,68" hai2="106,70,112,44,127,67,34,126,36,122,91,21,111" hai3="4,22,130,2,102,17,113,65,116,123,9,50,38"/><W80/><G38/><T133/><D115/><U66/><E125/><V89/><F106/><W16/><G116/><T52/><D19/><U114/><E114/><V99/><F112/><W121/><G113/><T134/><D31/><U56/><E68/><V87/><F67/><W73/><G130/><T117/><D3/><U72/><E41/><V83/><F70/><W48/><G65/><T96/><D96/><U42/><E42/><V26/><F111/><W107/><G17/><T27/><D27/><U124/><E39/><V74/><F74/><W69/><G69/><T120/><D117/><U63/><E63/><V128/><F128/><W135/><G135/><T110/><D110/><U30/><E30/><V33/><F122/><W45/><G102/><N who="0" m="39531" /><D35/><U0/><E0/><V54/><F36/><W92/><G107/><T24/><D24/><U37/><E37/><V93/><F54/><N who="0" m="20522" /><D120/><U86/><E124/><N who="2" m="47659" /><F44/><W90/><G45/><T62/><D62/><U103/><REACH who="1" step="1"/><E86/><REACH who="1" ten="317,64,235,374" step="2"/><V47/><F87/><N who="3" m="52319" /><G121/><T20/><D134/><U14/><E14/><V60/><F26/><N who="3" m="14663" /><G123/><T25/><D133/><U118/><E118/><V109/><F109/><W71/><G71/><T75/><D75/><U5/><E5/><V84/><F60/><W18/><G18/><N who="0" m="12439" /><D132/><U32/><E32/><V78/><F34/><W40/><G40/><T46/><D46/><U58/><E58/><AGARI ba="2,1" hai="10,11,57,58,59" m="12439,20522,39531" machi="58" ten="30,2000,0" yaku="8,1,54,1" doraHai="29" who="0" fromWho="1" sc="317,36,64,-26,235,0,374,0" /><INIT seed="4,0,0,4,3,65" ten="353,38,235,374" oya="0" hai0="48,18,11,112,120,52,26,32,27,44,30,100,36" hai1="40,89,42,14,101,90,3,113,83,47,76,49,6" hai2="132,12,43,134,82,95,8,123,105,122,73,109,60" hai3="124,55,130,35,37,108,106,84,38,78,119,10,81"/><T74/><D120/><U25/><E3/><V22/><F43/><W2/><G119/><T97/><D112/><U23/><E101/><V107/><F60/><W28/><G106/><N who="2" m="40457" /><F22/><W114/><G108/><T98/><D74/><U19/><E40/><V13/><F95/><W126/><G114/><T53/><D36/><U72/><E113/><V61/><F61/><W99/><G99/><T116/><D116/><U46/><E47/><V59/><F59/><W56/><G130/><T9/><D53/><U102/><E102/><V57/><F57/><W133/><G133/><N who="2" m="51305" /><F109/><W80/><G28/><T103/><D103/><U33/><E33/><V118/><F12/><W125/><G35/><T94/><D98/><U17/><REACH who="1" step="1"/><E6/><REACH who="1" ten="353,28,235,374" step="2"/><N who="2" m="3223" /><F118/><W115/><G115/><T91/><D100/><U20/><AGARI ba="0,1" hai="14,17,19,20,23,25,42,46,49,72,76,83,89,90" machi="20" ten="20,5200,0" yaku="1,1,0,1,7,1,53,1" doraHai="65" doraHaiUra="104" who="1" fromWho="1" sc="353,-26,28,62,235,-13,374,-13" /><INIT seed="5,0,0,3,5,67" ten="327,90,222,361" oya="1" hai0="20,49,42,133,15,115,69,10,97,62,106,61,36" hai1="51,118,72,98,31,87,129,9,102,126,2,35,21" hai2="50,19,111,4,104,16,11,117,30,103,123,44,73" hai3="116,45,119,56,38,82,100,109,46,37,5,39,124"/><U22/><E72/><V54/><F111/><W6/><G109/><T33/><D33/><U60/><E118/><N who="3" m="45098" /><G56/><T132/><D36/><U26/><E87/><V107/><F73/><W7/><G82/><T63/><D115/><U57/><E51/><V43/><F123/><W99/><G124/><T114/><D114/><U71/><E129/><V134/><F134/><N who="0" m="51818" /><D20/><U53/><E126/><V110/><F110/><W66/><G66/><N who="0" m="41167" /><D106/><AGARI ba="0,0" hai="5,6,7,37,38,39,45,46,99,100,106" m="45098" machi="106" ten="40,1300,0" yaku="12,1" doraHai="67" who="3" fromWho="0" sc="327,-13,90,0,222,0,361,13" /><INIT seed="6,0,0,4,5,11" ten="314,90,222,374" oya="2" hai0="127,128,122,109,16,3,59,88,46,44,6,8,54" hai1="119,117,86,43,31,82,65,74,12,101,90,111,17" hai2="105,15,35,72,23,75,18,7,55,108,93,45,57" hai3="95,26,62,67,135,5,36,0,125,37,84,80,120"/><V132/><F105/><W4/><G120/><T124/><D109/><U133/><E111/><V22/><F35/><W52/><G135/><T97/><D122/><U126/><E126/><N who="0" m="48169" /><D128/><U33/><E133/><V68/><F68/><W34/><G125/><T83/><D16/><U42/><E65/><V63/><F108/><W71/><G5/><T21/><D21/><U94/><E117/><V47/><F132/><W27/><G0/><T30/><D30/><U66/><E119/><V118/><F72/><W77/><G4/><T53/><D53/><U51/><E66/><V28/><F75/><W73/><G52/><T9/><D9/><U25/><E51/><V107/><F107/><W92/><G34/><T48/><D83/><U102/><E101/><V32/><F32/><W129/><G129/><T41/><D41/><U121/><E121/><V91/><F7/><W116/><G116/><T19/><D19/><U13/><E12/><V87/><F118/><W70/><G70/><T79/><D79/><U60/><E60/><V39/><F39/><W78/><G36/><T10/><D10/><U123/><E123/><V2/><F2/><W81/><G37/><T40/><D40/><U115/><E115/><V1/><F1/><W50/><G50/><T49/><D49/><U114/><E114/><V100/><F100/><W20/><G27/><AGARI ba="0,0" hai="15,18,22,23,27,28,45,47,55,57,63,87,91,93" machi="27" ten="40,3900,0" yaku="8,1,52,1" doraHai="11" who="2" fromWho="3" sc="314,0,90,0,222,39,374,-39" /><INIT seed="6,1,0,4,2,26" ten="314,90,261,335" oya="2" hai0="50,30,3,44,40,0,130,113,120,86,105,41,77" hai1="125,114,135,55,68,57,69,124,36,117,10,24,61" hai2="80,46,118,28,45,64,6,4,17,63,133,97,74" hai3="48,82,72,129,43,12,35,9,31,32,29,119,71"/><V131/><F118/><W62/><G119/><T108/><D120/><U110/><E24/><V11/><F131/><W122/><G122/><T101/><D108/><U73/><E10/><V132/><F97/><W65/><G129/><T127/><D130/><U75/><E57/><V89/><F17/><W99/><G35/><T67/><D67/><U78/><E78/><N who="2" m="44119" /><F89/><W37/><G32/><T60/><D60/><U76/><E61/><V27/><F6/><W54/><G99/><T16/><D41/><U116/><E55/><V94/><F94/><W112/><G112/><T102/><D105/><U87/><E87/><V5/><F5/><N who="3" m="3119" /><G82/><T21/><D101/><U8/><E8/><V123/><F123/><W19/><G19/><T93/><D77/><U85/><E85/><V98/><F98/><W81/><G81/><T100/><D100/><U106/><E76/><V58/><F4/><W91/><G91/><T59/><D86/><U84/><E84/><V134/><F11/><W126/><G72/><T79/><D93/><U20/><E20/><AGARI ba="1,0" hai="20,27,28,45,46,58,63,64,132,133,134" m="44119" machi="20" ten="30,2900,0" yaku="20,1,52,1" doraHai="26" who="2" fromWho="1" sc="314,0,90,-32,261,32,335,0" /><INIT seed="6,2,0,5,4,14" ten="314,58,293,335" oya="2" hai0="25,51,20,66,43,128,48,110,103,133,116,7,106" hai1="68,50,115,130,18,90,10,1,134,122,0,127,73" hai2="44,15,79,40,112,37,16,96,126,74,57,64,107" hai3="9,23,117,4,6,55,58,12,61,11,38,69,119"/><V22/><F112/><W3/><G38/><T113/><D110/><U102/><E50/><V27/><F126/><W111/><G111/><T36/><D113/><U26/><E26/><V24/><F79/><W109/><G109/><T70/><D7/><U121/><E90/><V118/><F74/><W91/><G69/><T101/><D128/><U63/><E63/><V35/><F118/><W67/><G67/><T30/><D133/><U39/><E102/><V83/><F83/><W13/><G91/><T59/><D116/><U31/><E10/><V132/><F132/><W85/><G85/><T77/><D106/><U19/><E31/><V88/><F35/><W78/><G78/><T2/><D2/><U5/><E5/><V34/><F34/><W41/><G41/><T75/><D75/><U120/><E120/><V65/><F65/><W99/><G99/><T49/><D77/><U87/><E87/><V82/><F107/><W47/><G47/><N who="0" m="25727" /><D70/><U104/><E18/><V8/><F8/><W93/><G93/><T46/><D36/><U92/><E19/><V29/><F29/><W32/><G32/><T54/><D66/><U42/><E42/><AGARI ba="2,0" hai="20,25,30,42,46,49,51,54,59,101,103" m="25727" machi="42" ten="30,1000,0" yaku="8,1" doraHai="14" who="0" fromWho="1" sc="314,16,58,-16,293,0,335,0" /><INIT seed="7,0,0,5,0,104" ten="330,42,293,335" oya="3" hai0="40,8,58,125,48,132,129,51,23,39,103,109,92" hai1="107,22,10,91,46,69,31,36,34,122,14,57,4" hai2="32,29,61,116,5,95,26,134,35,128,70,66,44" hai3="96,49,65,113,90,1,84,130,119,120,18,62,60"/><W38/><G38/><T45/><D109/><U9/><E57/><V123/><F116/><W67/><G119/><T110/><D110/><U131/><E91/><V73/><F128/><W71/><G120/><T106/><D106/><U7/><E46/><V102/><F123/><W42/><G1/><T0/><D129/><U121/><E69/><V16/><F134/><W2/><G2/><T127/><D132/><U133/><E36/><V83/><F5/><W59/><G130/><T17/><D8/><U41/><E107/><V87/><F35/><W6/><G6/><T43/><D0/><U105/><E41/><V111/><F111/><W55/><G113/><T97/><D58/><U108/><E105/><V77/><F44/><N who="3" m="25751" /><G71/><T114/><D114/><U15/><E108/><V72/><REACH who="2" step="1"/><F16/><REACH who="2" ten="330,42,283,335" step="2"/><W64/><G18/><T33/><D33/><U85/><E85/><V93/><F93/><N who="3" m="56375" /><G84/><T118/><D118/><U124/><E131/><V68/><F68/><W13/><G13/><N who="0" m="9647" /><D43/><U82/><E82/><V53/><F53/><W30/><G30/><T99/><D99/><AGARI ba="0,1" hai="26,29,32,61,66,70,72,73,77,83,87,95,99,102" machi="99" ten="40,5200,0" yaku="1,1,52,2,53,0" doraHai="104" doraHaiUra="115" who="2" fromWho="0" sc="330,-52,42,0,283,62,335,0" owari="278,-12.0,42,-46.0,345,44.0,335,14.0" /></mjloggm>