<mjloggm ver="2.3"><GO type="169" lobby="0"/><UN n0="%E3%81%84%E3%81%9F%E3%83%92%E3%83%AD" n1="%E3%83%94%E3%82%B3%E3%83%9E%E3%82%B9%E3%83%86%E3%82%A3%E3%83%95" n2="%E9%9A%A0%E5%9C%B0%E5%89%8D" n3="%E3%83%88%E3%83%88%E3%83%AA%E5%85%88%E7%94%9F%31%39%E6%AD%B3" dan="16,17,16,19" rate="2149.55,2155.72,2155.95,2276.56" sx="M,M,M,F"/><TAIKYOKU oya="0"/><INIT seed="0,0,0,3,0,123" ten="250,250,250,250" oya="0" hai0="67,57,119,108,60,15,72,127,63,68,64,52,61" hai1="93,92,1,71,87,98,13,82,22,95,131,31,62" hai2="94,30,129,37,18,46,17,88,101,34,102,43,115" hai3="114,120,116,6,59,110,76,112,134,23,33,39,99"/><T89/><D72/><U50/><E1/><V9/><F115/><W66/><G76/><T16/><D119/><U8/><E131/><V5/><F129/><W75/><G59/><T25/><D127/><U49/><E71/><V83/><F34/><W121/><G99/><T40/><D40/><U105/><E62/><V4/><F30/><W135/><G66/><T103/><D103/><U56/><E105/><V85/><F5/><W117/><G39/><T124/><D124/><U55/><E50/><V86/><F18/><W44/><G44/><T2/><D2/><U111/><E111/><V35/><F17/><W28/><G6/><T91/><D25/><U45/><E56/><V36/><F37/><W12/><G75/><T7/><D7/><U73/><E73/><V51/><F35/><W48/><G48/><T47/><D108/><U19/><E31/><V53/><F53/><W32/><G28/><T41/><D61/><U10/><REACH who="1" step="1"/><E98/><REACH who="1" ten="250,240,250,250" step="2"/><V104/><F104/><W96/><G96/><T38/><REACH who="0" step="1"/><D64/><REACH who="0" ten="240,240,250,250" step="2"/><U20/><E20/><AGARI ba="0,2" hai="15,16,20,38,41,47,52,57,60,63,67,68,89,91" machi="20" ten="30,12000,1" yaku="1,1,2,1,7,1,54,2,53,0" doraHai="123" doraHaiUra="125" who="0" fromWho="1" sc="240,140,240,-120,250,0,250,0" /><INIT seed="0,1,0,2,3,90" ten="380,120,250,250" oya="0" hai0="112,92,59,87,91,126,46,55,65,42,102,54,74" hai1="52,75,29,4,61,1,94,28,110,40,23,108,95" hai2="97,114,124,89,32,78,73,16,125,123,22,132,27" hai3="130,37,63,84,98,111,119,11,5,115,21,133,70"/><T36/><D112/><U121/><E75/><V76/><F123/><W109/><G115/><T15/><D74/><U101/><E121/><V13/><F114/><W120/><G120/><T24/><D126/><N who="2" m="48746" /><F132/><W69/><G119/><T39/><D39/><U34/><E34/><V0/><F0/><W49/><G37/><T128/><D128/><U17/><E40/><V26/><F73/><W47/><G133/><T104/><D104/><U10/><E101/><V96/><F27/><W77/><G130/><T12/><D102/><U105/><E105/><V3/><F3/><W116/><G116/><T127/><D127/><U20/><E28/><N who="2" m="19479" /><F96/><W58/><G21/><T99/><D99/><U41/><E41/><V38/><F38/><W106/><G106/><T48/><D65/><U2/><E2/><V88/><F89/><W35/><G35/><T19/><D55/><U85/><E29/><V43/><F43/><N who="3" m="24831" /><G98/><T129/><D129/><U83/><E23/><V131/><F131/><W82/><G69/><T7/><D7/><U25/><E108/><V93/><AGARI ba="1,0" hai="13,16,22,76,78,88,93,97" m="19479,48746" machi="93" ten="30,7900,0" yaku="18,1,52,1,54,2" doraHai="90" who="2" fromWho="2" sc="380,-40,120,-21,250,82,250,-21" /><INIT seed="1,0,0,1,2,76" ten="340,99,332,229" oya="1" hai0="43,52,17,123,46,109,21,19,133,130,122,56,110" hai1="79,64,11,22,23,131,70,4,31,81,3,118,126" hai2="35,40,28,129,39,124,68,29,119,67,101,54,106" hai3="45,32,38,75,69,112,86,42,30,61,78,58,20"/><U25/><E118/><V49/><F119/><W73/><G112/><T71/><D71/><U27/><E131/><V50/><F129/><W89/><G32/><T24/><D19/><U111/><E126/><V82/><F124/><W9/><G78/><T26/><D26/><U44/><E111/><N who="0" m="42505" /><D133/><U7/><E7/><V83/><F35/><W60/><G9/><T65/><D65/><U10/><E10/><V0/><F39/><W41/><G41/><T90/><D90/><U62/><E44/><N who="2" m="25735" /><F0/><W121/><G121/><T14/><D14/><U120/><E120/><V57/><F106/><W66/><G20/><T51/><D130/><U115/><E115/><V95/><F68/><W87/><G30/><N who="2" m="11881" /><F67/><W102/><G69/><T8/><D8/><U128/><E128/><V103/><F95/><W100/><G66/><T114/><D114/><U18/><REACH who="1" step="1"/><E79/><REACH who="1" ten="340,89,332,229" step="2"/><V96/><F96/><W94/><G45/><T116/><D116/><U1/><E1/><V99/><F99/><W127/><G127/><T135/><D135/><U63/><E63/><AGARI ba="0,1" hai="17,21,24,43,46,51,52,56,63,122,123" m="42505" machi="63" ten="30,2000,0" yaku="14,1,54,1" doraHai="76" who="0" fromWho="1" sc="340,30,89,-20,332,0,229,0" /><INIT seed="2,0,0,0,2,118" ten="370,69,332,229" oya="2" hai0="104,106,100,92,102,25,21,55,12,120,135,51,54" hai1="63,127,45,129,0,65,56,39,53,34,75,122,88" hai2="36,61,96,128,97,22,44,80,105,90,9,114,93" hai3="73,35,126,11,16,17,116,124,37,43,64,4,40"/><V119/><F119/><W111/><G116/><T84/><D135/><U87/><E75/><V41/><F114/><W99/><G35/><T33/><D33/><U8/><E34/><V68/><F128/><W103/><G73/><T5/><D106/><U23/><E129/><V117/><F117/><W123/><G64/><T89/><D120/><U50/><E127/><N who="3" m="48682" /><G111/><T72/><D72/><U81/><E39/><V110/><F110/><W58/><G58/><T1/><D1/><U83/><E23/><V6/><F80/><W131/><G131/><T78/><D78/><U14/><E0/><V48/><F22/><W15/><G123/><T76/><D76/><U2/><E2/><V82/><F82/><W115/><G115/><T28/><D104/><U47/><E122/><V109/><F109/><W70/><G70/><T67/><D67/><U107/><E107/><V27/><F27/><W130/><G130/><T95/><D95/><U31/><E31/><V29/><F29/><W134/><G134/><T98/><D98/><U24/><E24/><V7/><F9/><W86/><G86/><T38/><D38/><U101/><E101/><V121/><F121/><W60/><G60/><T57/><D55/><U20/><E20/><V3/><F3/><W59/><G59/><T66/><D66/><U10/><E83/><V26/><F26/><W62/><G62/><T49/><D49/><N who="1" m="28863" /><E14/><V46/><F61/><W13/><G37/><T91/><D91/><U94/><E94/><V125/><F68/><W74/><G15/><T52/><D54/><AGARI ba="0,0" hai="8,10,45,50,54,56,63,65,81,87,88" m="28863" machi="54" ten="30,2000,0" yaku="8,1,54,1" doraHai="118" who="1" fromWho="0" sc="370,-20,69,20,332,0,229,0" /><INIT seed="3,0,0,1,4,135" ten="350,89,332,229" oya="3" hai0="126,57,66,35,28,131,11,4,27,45,29,127,92" hai1="65,34,54,58,108,13,79,85,82,98,15,83,125" hai2="123,110,61,93,97,16,74,94,129,109,62,46,122" hai3="41,10,47,22,20,50,59,75,70,0,23,25,60"/><W33/><G75/><T103/><D29/><U111/><E34/><V102/><F74/><W43/><G70/><T114/><D114/><U128/><E65/><V56/><F46/><W69/><G69/><T121/><D121/><N who="2" m="46090" /><F129/><W52/><G0/><T100/><D131/><U49/><E128/><V101/><F56/><W63/><G10/><T81/><D81/><U96/><E83/><V36/><F36/><W119/><G119/><T48/><D57/><U2/><E2/><V1/><F1/><W26/><G33/><T115/><D66/><U88/><E125/><N who="0" m="47625" /><D115/><U38/><E38/><V8/><F8/><W73/><G73/><T19/><D92/><N who="2" m="35434" /><F16/><N who="3" m="12423" /><G63/><N who="2" m="24073" /><F97/><N who="1" m="37481" /><E79/><V40/><F40/><N who="3" m="15435" /><G26/><T105/><D105/><U64/><E64/><AGARI ba="0,0" hai="22,23,47,50,52,59,60,64" m="15435,12423" machi="64" ten="30,5800,0" yaku="8,1,54,2" doraHai="135" who="3" fromWho="1" sc="350,0,89,-58,332,0,229,58" /><INIT seed="3,1,0,0,5,71" ten="350,31,332,287" oya="3" hai0="84,78,38,0,113,58,15,97,46,4,48,16,76" hai1="100,33,56,43,2,1,88,42,129,18,132,70,87" hai2="85,74,14,47,65,41,8,30,93,13,60,21,134" hai3="92,123,115,99,126,29,62,69,27,19,6,133,86"/><W57/><G115/><T109/><D113/><U127/><E70/><V117/><F74/><W49/><G123/><T72/><D72/><U61/><E33/><V108/><F117/><W26/><G133/><T95/><D109/><U107/><E132/><V75/><F134/><W77/><G126/><T39/><D58/><U50/><E127/><V90/><F75/><W94/><G6/><T9/><D78/><U110/><E110/><V98/><F108/><W102/><G69/><T34/><D34/><U106/><E129/><V32/><F32/><W68/><G68/><T66/><D66/><U3/><E18/><V28/><F21/><W25/><G49/><T96/><D96/><U22/><E22/><V104/><F13/><W36/><G36/><T124/><D84/><U81/><E100/><V111/><F111/><W112/><G112/><T120/><D76/><U12/><E12/><V91/><F104/><W7/><G7/><T121/><D120/><U125/><E125/><V53/><F65/><N who="3" m="39119" /><G19/><T35/><D35/><U135/><E135/><V52/><F60/><W105/><G105/><T40/><D121/><U54/><REACH who="1" step="1"/><E43/><REACH who="1" ten="350,21,332,287" step="2"/><V45/><F30/><W103/><G29/><T63/><D124/><U67/><E67/><V101/><F28/><W89/><G102/><T64/><D0/><U55/><E55/><N who="2" m="21067" /><F41/><W114/><G114/><T119/><D4/><U80/><E80/><N who="2" m="49447" /><F101/><W130/><G130/><T37/><D119/><U128/><E128/><V31/><F31/><W73/><G27/><T118/><D118/><U59/><E59/><V116/><F116/><W122/><G122/><RYUUKYOKU ba="1,1" sc="350,-30,21,10,332,10,287,10" hai1="1,2,3,42,50,54,56,61,81,87,88,106,107" hai2="8,14,45,47,91,93,98" hai3="25,26,73,77,86,89,92,94,99,103" /><INIT seed="3,2,1,4,5,52" ten="320,31,342,297" oya="3" hai0="33,107,68,10,85,54,113,121,135,81,84,94,50" hai1="86,80,19,7,15,93,115,8,24,31,129,11,120" hai2="95,39,87,55,45,118,96,48,43,5,61,103,51" hai3="62,60,42,99,20,26,21,56,111,41,59,44,123"/><W46/><G111/><T3/><D107/><U58/><E120/><V18/><F118/><W128/><G128/><T104/><D104/><U126/><E129/><V130/><F130/><W14/><G99/><T69/><D33/><U34/><E115/><V133/><F133/><W72/><G72/><T28/><D28/><U63/><E93/><V65/><F5/><W73/><G73/><T77/><D121/><U102/><E102/><V35/><F35/><W29/><G123/><T6/><D135/><U0/><E126/><V90/><F18/><N who="3" m="10327" /><G46/><T132/><D113/><U13/><E13/><V127/><F55/><N who="3" m="33823" /><G44/><T119/><D119/><U82/><REACH who="1" step="1"/><E86/><REACH who="1" ten="320,21,342,297" step="2"/><V89/><F127/><W4/><G4/><T12/><D132/><U105/><E105/><V112/><F112/><W131/><G131/><T9/><D85/><U114/><E114/><V109/><F109/><W92/><G92/><T75/><D94/><U67/><AGARI ba="2,2" hai="0,7,8,11,15,19,24,31,34,58,63,67,80,82" machi="67" ten="20,5200,0" yaku="1,1,0,1,7,1,52,1,53,0" doraHai="52" doraHaiUra="134" who="1" fromWho="1" sc="320,-15,21,78,342,-15,297,-28" /><INIT seed="4,0,0,0,1,90" ten="305,99,327,269" oya="0" hai0="101,31,117,57,17,32,96,126,13,55,75,88,120" hai1="43,50,11,34,8,29,16,68,113,45,84,12,1" hai2="37,92,18,99,95,97,108,72,5,105,58,47,73" hai3="93,42,20,25,40,102,82,64,0,63,104,121,123"/><T133/><D75/><U61/><E113/><V48/><F105/><W80/><G0/><T111/><D117/><U130/><E130/><V23/><F108/><W49/><G104/><T87/><D120/><N who="3" m="46153" /><G102/><T100/><D111/><U28/><E34/><V71/><F71/><N who="3" m="42399" /><G93/><T35/><D133/><U6/><REACH who="1" step="1"/><E84/><REACH who="1" ten="305,89,327,269" step="2"/><V51/><F72/><W94/><G80/><T131/><D131/><U128/><E128/><V60/><F73/><W135/><G82/><T15/><D35/><U129/><E129/><V36/><F99/><W46/><G135/><T85/><D85/><U41/><E41/><V127/><F97/><W132/><G132/><T2/><D96/><U86/><E86/><V134/><F134/><W53/><G94/><T103/><D32/><U119/><E119/><V38/><F95/><W24/><G42/><T62/><D87/><U77/><E77/><V74/><F92/><W76/><G40/><T91/><D103/><U98/><E98/><V54/><F74/><W27/><G76/><T10/><D101/><U116/><E116/><V110/><F110/><W3/><G3/><T66/><D2/><U109/><E109/><V22/><F127/><W81/><G81/><T9/><D126/><U115/><E115/><V125/><F125/><W19/><AGARI ba="0,1" hai="19,20,24,25,27,46,49,53" m="42399,46153" machi="19" ten="30,1100,0" yaku="13,1" doraHai="90" who="3" fromWho="3" sc="305,-5,89,-3,327,-3,269,21" /><INIT seed="5,0,0,4,0,7" ten="300,86,324,290" oya="1" hai0="71,69,66,2,17,46,101,44,63,28,55,121,130" hai1="12,93,14,122,9,16,131,4,24,81,99,27,57" hai2="75,25,68,106,65,135,52,73,84,92,76,70,104" hai3="87,20,132,102,80,0,127,47,60,32,3,56,26"/><U118/><E118/><V120/><F120/><W112/><G32/><T77/><D121/><U91/><E122/><V103/><F135/><W30/><G132/><T79/><D28/><U35/><E131/><V105/><F65/><W108/><G108/><T51/><D130/><U29/><E27/><V64/><F25/><W115/><G127/><T85/><D71/><U8/><E81/><V110/><F110/><W18/><G47/><T83/><D2/><U72/><E57/><V100/><F64/><N who="3" m="38919" /><G102/><N who="2" m="38953" /><F70/><W15/><G87/><T39/><D101/><U58/><REACH who="1" step="1"/><E58/><REACH who="1" ten="300,76,324,290" step="2"/><V49/><F68/><W86/><G26/><T67/><D67/><U61/><E61/><V59/><F59/><W117/><G117/><T50/><D39/><U82/><E82/><N who="2" m="47175" /><F49/><W53/><G30/><T128/><D128/><U129/><E129/><V133/><F133/><W97/><G80/><T22/><D77/><U90/><E90/><V33/><F33/><W124/><G124/><T38/><D38/><U114/><E114/><V96/><F52/><W107/><G53/><T36/><D36/><U41/><E41/><V126/><F126/><W43/><G43/><T31/><D51/><U34/><E34/><V19/><F75/><AGARI ba="0,1" hai="4,8,9,12,14,16,24,29,35,72,75,91,93,99" machi="75" ten="40,12000,1" yaku="1,1,52,2,54,1,53,0" doraHai="7" doraHaiUra="125" who="1" fromWho="2" sc="300,0,76,130,324,-120,290,0" /><INIT seed="5,1,0,4,5,94" ten="300,206,204,290" oya="1" hai0="62,109,116,0,80,46,54,43,95,92,129,58,90" hai1="114,84,91,15,77,44,97,52,124,112,6,128,71" hai2="66,9,75,36,28,96,38,125,115,121,3,12,47" hai3="69,22,34,63,4,111,42,89,41,117,133,17,74"/><U134/><E71/><V27/><F121/><W100/><G111/><T2/><D109/><U53/><E128/><V20/><F75/><W29/><G74/><T123/><D116/><U33/><E33/><V14/><F125/><W18/><G117/><T72/><D129/><U11/><E124/><V55/><F115/><N who="1" m="44073" /><E134/><V37/><F66/><W64/><G133/><T40/><D40/><U98/><E77/><V76/><F76/><W67/><G18/><T7/><D123/><U61/><E53/><V51/><F3/><W79/><G79/><T83/><D95/><N who="1" m="54759" /><E44/><V93/><REACH who="2" step="1"/><F9/><REACH who="2" ten="300,206,194,290" step="2"/><W48/><G64/><T60/><D0/><U19/><E6/><V86/><F86/><W110/><G4/><T26/><D72/><U30/><E30/><V1/><F1/><W13/><G110/><T104/><D2/><U78/><E78/><V106/><F106/><W103/><G29/><T107/><D104/><U35/><E35/><V68/><F68/><W122/><G122/><T126/><D107/><U24/><E24/><V87/><F87/><W73/><G73/><T102/><D126/><U49/><E49/><V56/><F56/><AGARI ba="1,1" hai="11,15,19,52,56,61,97,98" m="54759,44073" machi="56" ten="30,11600,0" yaku="15,1,52,2,54,1" doraHai="94" who="1" fromWho="2" sc="300,0,206,129,194,-119,290,0" /><INIT seed="5,2,0,3,0,113" ten="300,335,75,290" oya="1" hai0="115,79,95,35,27,129,110,3,55,50,96,109,93" hai1="23,117,121,83,30,76,94,53,123,40,15,103,38" hai2="73,1,128,52,91,48,62,71,18,101,106,100,67" hai3="70,60,31,87,108,92,80,58,98,85,4,33,10"/><U133/><E133/><V86/><F73/><W97/><G108/><T29/><D3/><U111/><E111/><V132/><F132/><W57/><G87/><T82/><D115/><U118/><E38/><V72/><F72/><W89/><G98/><T104/><D104/><U14/><E40/><V65/><F128/><W130/><G130/><T45/><D93/><U114/><E114/><V74/><F74/><W107/><G107/><T36/><D129/><U42/><E42/><V22/><F67/><W20/><G33/><T39/><D39/><U61/><E15/><V119/><F1/><W126/><G126/><T75/><D36/><U5/><E30/><V41/><F41/><W120/><G120/><T49/><D50/><U124/><E124/><V122/><F119/><N who="1" m="45577" /><E94/><V51/><F51/><W46/><G46/><T47/><D47/><U77/><E103/><AGARI ba="2,0" hai="27,29,35,45,49,55,75,79,82,95,96,103,109,110" machi="103" ten="30,1000,0" yaku="7,1" doraHai="113" who="0" fromWho="1" sc="300,16,335,-16,75,0,290,0" /><INIT seed="6,0,0,5,1,64" ten="316,319,75,290" oya="2" hai0="109,47,78,28,107,4,53,111,43,131,96,127,21" hai1="14,135,35,67,23,132,123,121,36,118,102,90,50" hai2="37,68,60,126,93,6,119,32,124,17,115,31,56" hai3="89,71,128,100,134,117,44,8,42,48,0,39,122"/><V125/><F119/><W105/><G117/><T120/><D120/><N who="1" m="46155" /><E118/><V104/><F104/><W49/><G122/><T77/><D4/><U72/><E36/><V98/><F37/><W20/><G128/><T30/><D53/><U116/><E35/><V84/><F115/><W58/><G71/><T57/><D57/><U86/><E116/><V79/><F17/><W9/><G134/><T55/><D55/><U108/><E72/><V61/><F6/><W5/><G9/><T54/><D54/><U27/><E102/><N who="2" m="60751" /><F31/><W29/><G58/><T65/><D65/><U69/><E50/><V74/><F74/><W19/><G29/><T16/><D131/><U45/><E14/><V1/><F1/><W34/><G34/><T110/><D127/><N who="2" m="32514" /><V130/><DORA hai="15" /><F130/><W13/><G100/><T97/><D107/><U112/><E112/><V66/><F32/><W3/><G105/><T129/><D30/><N who="1" m="17791" /><E45/><V83/><F61/><W82/><G3/><T87/><D28/><U73/><E108/><V10/><F10/><W41/><G41/><T22/><D21/><U52/><E73/><V46/><F46/><W133/><G133/><T70/><D129/><U24/><E24/><V76/><F76/><W85/><AGARI ba="0,0" hai="0,5,8,13,19,20,39,42,44,48,49,82,85,89" machi="85" ten="30,2000,0" yaku="0,1,52,1" doraHai="64,15" who="3" fromWho="3" sc="316,-5,319,-5,75,-10,290,20" /><INIT seed="7,0,0,3,4,40" ten="311,314,65,310" oya="3" hai0="26,44,56,112,63,91,92,132,113,108,123,35,51" hai1="25,67,131,48,97,126,133,38,102,73,14,110,62" hai2="94,98,19,10,2,107,134,16,33,5,3,124,39" hai3="117,65,60,120,76,116,54,118,83,21,93,0,109"/><W18/><G120/><T46/><D123/><U70/><E110/><V95/><F39/><W130/><G0/><T24/><D108/><U58/><E73/><V34/><F107/><W12/><G109/><T89/><D132/><U61/><E38/><V59/><F134/><W66/><G130/><T27/><D35/><U30/><E133/><V127/><F98/><W72/><G93/><T80/><D80/><U71/><E131/><V32/><F59/><W135/><G135/><T100/><D100/><U68/><E126/><V4/><F95/><W37/><G37/><T17/><D17/><N who="2" m="6730" /><F94/><W114/><G114/><N who="0" m="44139" /><D51/><U85/><E14/><V122/><F122/><W57/><AGARI ba="0,0" hai="12,18,21,54,57,60,65,66,72,76,83,116,117,118" machi="57" ten="40,2100,0" yaku="0,1" doraHai="40" who="3" fromWho="3" sc="311,-7,314,-7,65,-7,310,21" owari="304,-10.0,307,11.0,58,-44.0,331,43.0" /></mjloggm>