<mjloggm ver="2.3"><GO type="169" lobby="0"/><UN n0="%E7%99%BD%E9%BB%92%E7%A5%9E" n1="%E3%82%A6%E3%83%AB%E3%83%88%E3%83%A9%E7%AB%8B%E7%9B%B4" n2="%E7%88%86%E5%BC%BE%E4%BA%94%E9%83%8E%EF%BC%92" n3="%42%61%72%64%61%6E%74" dan="17,17,18,16" rate="2169.35,2181.73,2157.10,2111.86" sx="F,M,M,M"/><TAIKYOKU oya="0"/><INIT seed="0,0,0,3,2,104" ten="250,250,250,250" oya="0" hai0="72,52,2,58,11,75,98,54,92,51,68,94,95" hai1="73,128,81,37,125,82,43,118,39,27,40,55,65" hai2="12,109,106,123,117,112,29,115,129,34,76,41,101" hai3="122,28,47,4,87,22,108,24,38,90,19,135,57"/><T15/><D68/><U86/><E65/><V78/><F41/><W111/><G135/><T84/><D2/><U64/><E64/><V126/><F12/><W130/><G130/><T71/><D71/><U3/><E55/><V44/><F44/><W132/><G132/><T70/><D70/><U6/><E27/><V33/><F101/><W61/><G4/><T89/><D54/><U69/><E69/><V30/><F106/><W63/><G122/><T119/><D119/><U36/><E118/><V110/><F117/><W14/><G38/><T1/><D1/><U13/><E13/><V59/><F59/><W124/><G47/><T134/><D134/><U105/><E105/><V31/><F129/><W131/><G124/><T74/><REACH who="0" step="1"/><D98/><REACH who="0" ten="240,250,250,250" step="2"/><U53/><E53/><V80/><F126/><W32/><G131/><T35/><D35/><U62/><E125/><V67/><F67/><W99/><G99/><T20/><D20/><U7/><E3/><V103/><F34/><W42/><G32/><T77/><D77/><U79/><E128/><V85/><F33/><W26/><G22/><T9/><D9/><U18/><E43/><V83/><F123/><W56/><G42/><T45/><D45/><U93/><E40/><V49/><F78/><W25/><G57/><T16/><AGARI ba="0,1" hai="11,15,16,51,52,58,72,74,75,84,89,92,94,95" machi="16" ten="30,18000,2" yaku="1,1,0,1,52,3,54,2,53,0" doraHai="104" doraHaiUra="96" who="0" fromWho="0" sc="240,190,250,-60,250,-60,250,-60" /><INIT seed="0,1,0,4,3,40" ten="430,190,190,190" oya="0" hai0="113,115,73,92,69,24,135,64,49,55,99,68,116" hai1="59,117,71,95,28,70,19,50,103,54,97,109,88" hai2="132,65,57,129,9,48,86,83,26,13,32,126,15" hai3="51,2,114,23,77,118,107,87,27,10,110,29,111"/><T63/><D73/><U11/><E117/><V45/><F129/><W130/><G118/><T85/><D116/><U133/><E109/><V78/><F126/><W91/><G114/><T105/><D69/><U90/><E133/><V41/><F132/><W119/><G107/><T101/><D135/><U134/><E134/><V104/><F104/><W1/><G130/><T122/><D122/><U35/><E35/><V3/><F3/><W34/><G77/><T25/><D24/><U102/><E28/><V30/><F15/><W52/><G119/><T106/><D25/><U82/><E71/><V42/><F57/><N who="3" m="32927" /><G10/><T127/><D127/><U67/><E67/><V22/><F65/><W33/><G34/><T96/><D85/><N who="1" m="50231" /><E70/><V44/><F32/><W81/><G33/><T112/><REACH who="0" step="1"/><D99/><REACH who="0" ten="420,190,190,190" step="2"/><U36/><E36/><V79/><F86/><W84/><G84/><T120/><D120/><U6/><E97/><V72/><F72/><W125/><G125/><T17/><D17/><U37/><E19/><V0/><F26/><W75/><G75/><T21/><D21/><U31/><E37/><V12/><F22/><W58/><G23/><T60/><D60/><U53/><E31/><V62/><F62/><W131/><G131/><T74/><D74/><U80/><E6/><V93/><F30/><W100/><G27/><T5/><D5/><U43/><E11/><V7/><F9/><W46/><G29/><T128/><D128/><U20/><E20/><V47/><F7/><W124/><G124/><T18/><D18/><U38/><E38/><V4/><F4/><W56/><G87/><RYUUKYOKU ba="1,1" sc="420,30,190,-10,190,-10,190,-10" hai0="49,55,63,64,68,92,96,101,105,106,112,113,115" /><INIT seed="0,2,1,2,5,59" ten="450,180,180,180" oya="0" hai0="101,106,125,83,64,65,113,73,33,55,17,5,44" hai1="22,107,48,25,21,66,11,63,69,20,3,98,31" hai2="26,82,50,4,30,93,42,130,40,60,111,110,24" hai3="16,2,38,108,32,70,135,61,127,123,76,47,68"/><T100/><D33/><U12/><E3/><V89/><F82/><W95/><G76/><T78/><D113/><U29/><E48/><V75/><F75/><W81/><G81/><T86/><D125/><U124/><E124/><V15/><F130/><W9/><G95/><T104/><D5/><U120/><E120/><V90/><F15/><W49/><G47/><T118/><D118/><U6/><REACH who="1" step="1"/><E31/><REACH who="1" ten="450,170,180,180" step="2"/><V27/><F30/><W18/><G49/><T37/><D37/><U72/><E72/><V117/><F50/><W71/><G38/><T74/><D73/><U41/><E41/><V67/><F40/><W114/><G127/><T53/><D74/><U92/><E92/><V56/><F42/><W57/><G123/><T35/><D106/><U102/><AGARI ba="2,2" hai="6,11,12,20,21,22,25,29,63,66,69,98,102,107" machi="102" ten="30,4000,0" yaku="1,1,0,1,52,1,53,0" doraHai="59" doraHaiUra="87" who="1" fromWho="1" sc="450,-22,170,66,180,-12,180,-12" /><INIT seed="1,0,0,4,0,60" ten="428,236,168,168" oya="1" hai0="9,92,29,66,108,135,44,65,55,91,47,58,53" hai1="83,4,32,116,121,50,41,93,89,109,43,14,128" hai2="16,22,99,75,107,48,90,96,126,76,124,67,101" hai3="20,51,111,0,59,132,95,74,131,81,88,71,45"/><U25/><E116/><V114/><F48/><W72/><G71/><T18/><D108/><U34/><E121/><V64/><F114/><W120/><G120/><T11/><D135/><U112/><E112/><V117/><F117/><W87/><G111/><T105/><D29/><U54/><E109/><V21/><F21/><W23/><G132/><T37/><D37/><U84/><E128/><V46/><F46/><N who="0" m="17450" /><D105/><U118/><E118/><V125/><F90/><W115/><G0/><T30/><D30/><U35/><E25/><N who="2" m="14535" /><F99/><W28/><G131/><T36/><D36/><U130/><E130/><V78/><F75/><W8/><G115/><T56/><D55/><U113/><E113/><V82/><F82/><W102/><G28/><T70/><D70/><U86/><E54/><V26/><F26/><W69/><G69/><T85/><D58/><U33/><E50/><V10/><F10/><N who="0" m="3594" /><D18/><U104/><E104/><V61/><F61/><AGARI ba="0,0" hai="53,56,61,65,66,85,91,92" m="3594,17450" machi="61" ten="30,3900,0" yaku="8,1,52,2" doraHai="60" who="0" fromWho="2" sc="428,39,236,0,168,-39,168,0" /><INIT seed="2,0,0,3,0,17" ten="467,236,129,168" oya="2" hai0="34,20,134,70,131,64,22,50,105,76,43,119,122" hai1="114,28,73,113,130,90,54,49,100,78,4,94,133" hai2="0,125,32,42,13,19,3,61,58,31,98,111,132" hai3="2,27,36,47,81,109,106,44,77,124,82,59,10"/><V48/><F125/><W21/><G124/><T8/><D105/><U72/><E4/><V89/><F132/><W126/><G106/><T65/><D34/><U116/><E100/><V68/><F111/><W135/><G109/><T52/><D134/><U15/><E133/><V83/><F68/><W45/><G135/><T5/><D122/><U1/><E1/><V123/><F123/><W67/><G126/><T11/><D70/><U101/><E101/><V102/><F48/><W25/><G25/><T6/><D43/><U63/><E63/><V86/><F42/><W84/><G36/><T57/><D76/><U71/><E49/><V24/><F19/><W120/><G120/><T16/><D119/><U39/><E39/><V69/><F13/><W118/><G118/><T29/><D131/><U46/><E15/><V121/><F121/><W92/><G92/><T128/><D128/><U115/><E71/><V53/><REACH who="2" step="1"/><F69/><REACH who="2" ten="467,236,119,168" step="2"/><W40/><G40/><T14/><D5/><U99/><E116/><V41/><F41/><W7/><G2/><T95/><D6/><U55/><E130/><V79/><F79/><W88/><G7/><T129/><D129/><U60/><E78/><V93/><AGARI ba="0,1" hai="0,3,24,31,32,53,58,61,83,86,89,93,98,102" machi="93" ten="20,12000,1" yaku="1,1,0,1,7,1,53,2" doraHai="17" doraHaiUra="35" who="2" fromWho="2" sc="467,-40,236,-40,119,130,168,-40" /><INIT seed="2,1,0,1,3,112" ten="427,196,249,128" oya="2" hai0="79,20,124,92,106,53,66,133,72,62,55,23,27" hai1="99,59,120,18,9,128,16,58,105,30,108,122,24" hai2="115,36,56,76,103,83,91,82,131,26,48,93,75" hai3="37,101,117,60,8,107,61,98,19,0,46,88,89"/><V102/><F36/><W35/><G117/><T90/><D106/><U44/><E44/><V49/><F115/><W2/><G35/><T68/><D133/><U39/><E39/><V73/><F131/><W51/><G37/><T63/><D124/><U127/><E127/><V13/><F26/><W54/><G0/><T123/><D123/><N who="1" m="47147" /><E128/><V11/><F49/><W87/><G89/><T113/><D113/><U95/><E105/><V119/><F119/><W129/><G129/><T114/><D114/><U100/><E108/><V78/><F48/><W134/><G134/><T25/><D63/><U3/><E3/><V130/><F56/><N who="1" m="21545" /><E9/><V52/><F52/><W80/><REACH who="3" step="1"/><G2/><REACH who="3" ten="427,196,249,118" step="2"/><T22/><D90/><U10/><E10/><V71/><F130/><W65/><G65/><T15/><D66/><U74/><E74/><V85/><REACH who="2" step="1"/><F71/><REACH who="2" ten="427,196,239,118" step="2"/><W111/><G111/><T33/><D68/><U31/><E31/><V32/><F32/><AGARI ba="1,2" hai="16,18,24,30,32,95,99,100" m="21545,47147" machi="32" ten="30,2000,0" yaku="13,1,54,1" doraHai="112" who="1" fromWho="2" sc="427,0,196,43,239,-23,118,0" /><INIT seed="3,0,0,3,0,38" ten="427,239,216,118" oya="3" hai0="71,20,27,22,126,111,81,25,92,99,16,58,89" hai1="49,34,107,127,37,131,2,51,116,7,4,74,1" hai2="12,60,5,115,106,9,50,40,42,17,62,123,94" hai3="65,77,86,26,72,56,104,83,61,11,19,68,135"/><W117/><G117/><T114/><D111/><U52/><E107/><V32/><F106/><W91/><G135/><T132/><D71/><U102/><E102/><V109/><F32/><W55/><G104/><T8/><D132/><U76/><E34/><V3/><F109/><W29/><G11/><T101/><D126/><U70/><E70/><V35/><F35/><W41/><G19/><T98/><D114/><U33/><E33/><V44/><F123/><W21/><G41/><N who="2" m="15977" /><F3/><W88/><REACH who="3" step="1"/><G72/><REACH who="3" ten="427,239,216,108" step="2"/><T130/><D8/><U112/><E74/><V85/><F115/><W105/><G105/><T79/><D16/><U45/><E112/><V93/><F17/><W75/><G75/><T28/><D28/><U23/><E116/><V82/><F94/><W80/><G80/><T10/><D81/><U100/><E7/><V6/><F93/><W39/><G39/><T128/><D92/><U57/><E4/><V119/><F6/><W120/><G120/><T110/><D10/><U129/><E37/><V118/><F119/><W15/><G15/><T96/><D110/><U13/><E13/><V18/><F5/><W53/><G53/><T47/><D27/><U54/><E52/><N who="2" m="29767" /><F118/><W30/><G30/><T69/><D25/><U134/><E1/><V63/><F82/><W66/><G66/><T125/><D125/><U113/><E127/><V133/><F133/><W46/><G46/><T87/><D47/><U108/><E2/><V0/><F0/><W31/><G31/><T48/><D22/><U36/><E134/><V43/><F43/><W64/><G64/><T84/><D20/><RYUUKYOKU ba="0,1" sc="427,-15,239,-15,216,15,108,15" hai2="9,12,18,60,62,63,85" hai3="21,26,29,55,56,61,65,68,77,83,86,88,91" /><INIT seed="3,1,1,0,5,119" ten="412,224,231,123" oya="3" hai0="35,66,99,105,123,50,44,93,109,56,0,94,73" hai1="125,71,19,7,49,23,53,72,132,8,95,37,14" hai2="129,124,22,121,58,21,90,30,26,110,96,70,117" hai3="42,89,106,52,57,64,122,69,29,78,20,131,60"/><W13/><G122/><T11/><D73/><U51/><E132/><V92/><F70/><W62/><G131/><T40/><D35/><U9/><E125/><V100/><F124/><W61/><G106/><T2/><D109/><U48/><E37/><V97/><F117/><W6/><G78/><T43/><D43/><U128/><E128/><V55/><F110/><W3/><G3/><T111/><D111/><U126/><E126/><V127/><F127/><W47/><G89/><T74/><D74/><U116/><E116/><V36/><F36/><W85/><G85/><T68/><D68/><U18/><E71/><V54/><F121/><W39/><G62/><T134/><D134/><U101/><E72/><V103/><F129/><W77/><G77/><T76/><D76/><U135/><E135/><V133/><F133/><W15/><REACH who="3" step="1"/><G6/><REACH who="3" ten="412,224,231,113" step="2"/><T46/><D123/><U82/><E7/><V88/><F90/><W4/><G4/><T75/><D2/><U115/><E101/><V67/><F100/><W28/><G28/><T24/><D0/><U114/><E114/><V16/><F97/><W32/><G32/><T81/><D99/><U104/><E104/><V80/><F103/><W10/><G10/><T87/><D11/><U31/><E8/><V107/><F107/><W45/><G45/><T27/><D87/><U38/><E9/><V79/><F79/><W12/><G12/><T41/><D105/><U130/><E14/><N who="2" m="9367" /><F80/><W1/><G1/><T63/><D81/><U112/><E82/><V98/><F98/><W83/><G83/><T86/><D75/><U65/><E112/><RYUUKYOKU ba="1,2" sc="412,-15,224,-15,231,15,113,15" hai2="22,26,30,54,55,58,67,88,92,96" hai3="13,15,20,29,39,42,47,52,57,60,61,64,69" /><INIT seed="3,2,2,3,2,30" ten="397,209,246,128" oya="3" hai0="48,120,17,71,24,121,37,74,101,104,123,46,32" hai1="60,109,14,54,86,28,102,113,82,85,41,62,105" hai2="56,89,112,61,118,43,131,5,66,81,15,52,133" hai3="122,50,18,90,57,108,84,77,68,75,73,96,25"/><W114/><G122/><T65/><D74/><U6/><E113/><V55/><F118/><W29/><G114/><T20/><D32/><U9/><E109/><V127/><F112/><W1/><G68/><T100/><D37/><U38/><E38/><V115/><F115/><W22/><G1/><T72/><D72/><U107/><E41/><V47/><F133/><W99/><G108/><T69/><D104/><U42/><E42/><V64/><F64/><W27/><G77/><T124/><D124/><U67/><E102/><V16/><F5/><W3/><G3/><T63/><REACH who="0" step="1"/><D69/><REACH who="0" ten="387,209,246,128" step="2"/><U11/><E107/><V19/><F127/><W130/><G75/><T97/><D97/><U7/><E105/><V0/><F0/><W94/><G73/><T51/><D51/><U103/><E85/><N who="2" m="50351" /><F131/><W116/><G130/><T87/><D87/><U40/><E86/><V83/><F83/><W78/><G116/><T88/><D88/><U34/><E82/><V135/><F135/><W132/><G132/><T2/><D2/><U110/><E34/><V117/><F117/><W35/><REACH who="3" step="1"/><G78/><REACH who="3" ten="387,209,246,118" step="2"/><T10/><D10/><U8/><E11/><V33/><F33/><W13/><G13/><T4/><D4/><U125/><E14/><V58/><F15/><W126/><G126/><T59/><D59/><U80/><E125/><V21/><F58/><W49/><G49/><T106/><D106/><U44/><E110/><V53/><F21/><W12/><G12/><T70/><D70/><N who="1" m="42343" /><E9/><V128/><F128/><W92/><G92/><T91/><D91/><U119/><E8/><V26/><F56/><RYUUKYOKU ba="2,4" sc="387,15,209,-15,246,-15,118,15" hai0="17,20,24,46,48,63,65,71,100,101,120,121,123" hai3="18,22,25,27,29,35,50,57,84,90,94,96,99" /><INIT seed="3,3,4,5,0,31" ten="402,194,231,133" oya="3" hai0="89,105,104,61,39,36,5,87,127,0,25,11,85" hai1="80,91,46,12,71,95,18,69,33,108,55,4,40" hai2="66,72,9,119,121,27,7,100,135,38,70,97,30" hai3="84,134,125,117,76,90,22,79,53,54,47,45,110"/><W13/><G117/><T19/><D127/><U63/><E108/><V86/><F119/><W28/><G125/><T106/><D61/><U114/><E114/><V32/><F121/><W96/><G110/><T75/><D75/><U74/><E4/><V52/><F86/><W34/><G134/><T58/><D58/><U49/><E33/><V48/><F135/><W17/><G96/><T50/><D50/><U60/><E71/><V67/><F72/><W102/><G102/><T133/><D133/><U65/><E60/><V132/><F38/><W128/><G128/><T10/><D87/><U57/><E74/><V77/><F77/><N who="3" m="29771" /><G28/><T42/><D42/><U122/><E80/><V112/><F112/><W83/><G34/><T120/><D120/><U109/><E109/><V21/><F21/><W41/><G41/><T23/><REACH who="0" step="1"/><D11/><REACH who="0" ten="392,194,231,133" step="2"/><N who="1" m="6431" /><E69/><V2/><F132/><W3/><G3/><T99/><D99/><N who="1" m="57855" /><E122/><V116/><F116/><W107/><G107/><T126/><D126/><U64/><AGARI ba="3,5" hai="40,46,49,55,57,63,64,65" m="57855,6431" machi="64" ten="30,1100,0" yaku="8,1" doraHai="31" who="1" fromWho="1" sc="392,-6,194,70,231,-6,133,-8" /><INIT seed="4,0,0,5,2,102" ten="386,264,225,125" oya="0" hai0="135,50,84,43,45,90,82,36,33,114,27,73,80" hai1="129,39,134,16,126,62,22,108,133,123,40,57,131" hai2="110,12,9,85,81,103,100,25,2,130,1,87,58" hai3="118,54,53,15,35,113,77,17,56,74,44,89,52"/><T70/><D70/><U65/><E108/><V116/><F110/><W63/><G118/><T119/><D119/><U42/><E123/><V95/><F116/><W38/><G113/><T92/><D114/><U104/><E104/><V86/><F130/><N who="1" m="49673" /><E39/><V10/><F25/><W125/><G35/><T76/><D135/><N who="1" m="51723" /><E126/><V111/><F111/><W0/><G125/><T67/><D67/><U59/><E59/><V64/><F81/><W124/><G124/><T96/><D36/><U41/><E41/><V88/><F9/><W101/><G0/><T5/><D5/><U21/><E21/><V23/><F23/><W49/><G101/><N who="2" m="38985" /><F1/><W48/><G38/><T69/><D69/><U75/><E75/><V98/><F2/><W109/><G109/><T4/><D4/><U20/><E20/><V120/><F120/><W79/><G74/><T18/><D33/><U3/><E3/><V32/><F32/><W72/><G72/><T106/><D27/><AGARI ba="0,0" hai="16,22,27,40,42,57,62,65" m="51723,49673" machi="27" ten="30,3900,0" yaku="19,1,20,1,54,1" doraHai="102" who="1" fromWho="0" sc="386,-39,264,39,225,0,125,0" /><INIT seed="5,0,0,1,0,0" ten="347,303,225,125" oya="1" hai0="109,56,114,118,8,50,20,65,83,18,34,88,16" hai1="125,10,111,26,93,75,85,101,103,21,31,129,52" hai2="135,86,39,35,25,11,108,134,115,96,100,36,72" hai3="131,90,87,55,30,38,124,104,80,112,14,95,105"/><U47/><E75/><V22/><F72/><W121/><G38/><T2/><D34/><U92/><E111/><V122/><F108/><W91/><G30/><T37/><D37/><U45/><E129/><V28/><F86/><W41/><G41/><T53/><D109/><U58/><E125/><V32/><F122/><W81/><G14/><N who="0" m="7239" /><D2/><U57/><E57/><V94/><F36/><W79/><G55/><T120/><D118/><U13/><E47/><V3/><F39/><W123/><G124/><T4/><D114/><U15/><E45/><V40/><F40/><W110/><G110/><T49/><D120/><N who="3" m="46153" /><G112/><T17/><D65/><U42/><E42/><V97/><F115/><W98/><G131/><T117/><D117/><U44/><E44/><V63/><F63/><W59/><G59/><T51/><D4/><N who="1" m="3271" /><E15/><V24/><F32/><W19/><G19/><N who="0" m="7179" /><D20/><U6/><E6/><V33/><F33/><W84/><AGARI ba="0,0" hai="79,80,81,84,87,90,91,95,98,104,105" m="46153" machi="84" ten="30,2000,0" yaku="34,2" doraHai="0" who="3" fromWho="3" sc="347,-5,303,-10,225,-5,125,20" /><INIT seed="6,0,0,2,0,96" ten="342,293,220,145" oya="2" hai0="88,129,38,80,97,5,41,99,100,121,84,73,11" hai1="8,133,131,17,117,81,0,62,78,66,102,56,39" hai2="123,112,64,34,130,36,1,10,116,60,63,37,72" hai3="28,98,59,61,127,4,128,6,47,27,105,23,22"/><V103/><F63/><W53/><G128/><T111/><D129/><U13/><E117/><V106/><F116/><W57/><G127/><T92/><D111/><U43/><E131/><V35/><F130/><W122/><G122/><T51/><D121/><U12/><E0/><V77/><F112/><W113/><G113/><T2/><D38/><U55/><E133/><V14/><F123/><W74/><G74/><T132/><D132/><U86/><E43/><V90/><F90/><W15/><G47/><T46/><D73/><U69/><E39/><V124/><F124/><W67/><G105/><T135/><D135/><U42/><E42/><V3/><F14/><W110/><G110/><T49/><D49/><U48/><E13/><V40/><F36/><W58/><G98/><T16/><REACH who="0" step="1"/><D99/><REACH who="0" ten="332,293,220,145" step="2"/><U125/><E125/><V20/><F37/><W50/><G59/><T32/><D32/><U79/><E56/><V26/><F35/><W25/><REACH who="3" step="1"/><G15/><REACH who="3" ten="332,293,220,135" step="2"/><T21/><D21/><U18/><E12/><V134/><F134/><W76/><G76/><T70/><D70/><U93/><E78/><V119/><F20/><W107/><G107/><T54/><D54/><U104/><E104/><V95/><F106/><W65/><G65/><T44/><D44/><U24/><E66/><V83/><F64/><W85/><G85/><T75/><D75/><U71/><E86/><V9/><F72/><W52/><G52/><T33/><D33/><U7/><E69/><V108/><F34/><W101/><G101/><T87/><D87/><U82/><E71/><V115/><F77/><W68/><G68/><RYUUKYOKU ba="0,2" sc="332,15,293,-15,220,-15,135,15" hai0="2,5,11,16,41,46,51,80,84,88,92,97,100" hai3="4,6,22,23,25,27,28,50,53,57,58,61,67" /><INIT seed="7,1,2,2,0,81" ten="347,278,205,150" oya="3" hai0="31,132,100,95,77,86,96,21,74,29,124,34,46" hai1="32,45,75,87,38,61,23,43,99,4,11,70,18" hai2="79,93,72,2,102,15,80,42,94,109,114,62,85" hai3="49,16,90,83,9,64,69,13,47,8,121,98,57"/><W51/><G121/><T127/><D132/><U41/><E32/><V48/><F2/><W36/><G69/><T101/><D34/><U128/><E75/><V30/><F109/><W65/><G36/><T123/><D123/><U44/><E128/><V88/><F30/><W112/><G112/><T78/><D46/><U131/><E131/><V126/><F126/><N who="0" m="48170" /><D101/><U122/><E99/><V71/><F114/><W28/><G28/><N who="0" m="10827" /><D74/><U105/><E105/><V118/><F118/><W54/><G8/><T59/><D21/><U111/><E61/><V10/><F62/><W66/><G98/><T119/><D119/><U92/><E70/><V116/><F71/><W84/><REACH who="3" step="1"/><G66/><REACH who="3" ten="347,278,205,140" step="2"/><T35/><D96/><U27/><E122/><V63/><F116/><W53/><AGARI ba="1,3" hai="9,13,16,47,49,51,53,54,57,64,65,83,84,90" machi="53" ten="20,24000,3" yaku="1,1,2,1,0,1,7,1,25,2,8,1,52,1,54,1,53,0" doraHai="81" doraHaiUra="129" who="3" fromWho="3" sc="347,-81,278,-81,205,-81,140,273" owari="266,7.0,197,-20.0,124,-38.0,413,51.0" /></mjloggm>