<mjloggm ver="2.3"><GO type="169" lobby="0"/><UN n0="%53%61%62%75%52%75%6E" n1="%4A%61%6E%2D%4D%61%63%68" n2="%68%69%70%64%63%61%73%68" n3="%E3%83%88%E3%83%88%E3%83%AA%E5%85%88%E7%94%9F%31%39%E6%AD%B3" dan="16,17,16,18" rate="2021.95,2203.35,2068.92,2226.81" sx="M,M,M,F"/><TAIKYOKU oya="0"/><INIT seed="0,0,0,1,4,4" ten="250,250,250,250" oya="0" hai0="2,84,88,53,0,116,96,8,32,5,66,18,30" hai1="113,129,31,19,25,11,133,86,38,125,124,61,105" hai2="21,63,3,47,77,93,134,80,27,6,97,39,98" hai3="128,22,20,108,60,43,12,126,69,109,40,37,76"/><T52/><D116/><U58/><E38/><V67/><F134/><W48/><G37/><T51/><D66/><U87/><E105/><V101/><F98/><W49/><G128/><T94/><D0/><U59/><E113/><V36/><F47/><W102/><G76/><T28/><D32/><U111/><E133/><V74/><F6/><W65/><G102/><T81/><D18/><U91/><E129/><V46/><F46/><W100/><G100/><T99/><D99/><U122/><E122/><V83/><F83/><W120/><G120/><T41/><D41/><N who="3" m="15945" /><G126/><N who="1" m="48746" /><E111/><N who="3" m="42570" /><G20/><T34/><D34/><N who="1" m="20847" /><E61/><V55/><F3/><W112/><G112/><T9/><D9/><U64/><E64/><V35/><F35/><W121/><G121/><T135/><D135/><U29/><E29/><V24/><F24/><W71/><G69/><T119/><D119/><U118/><E87/><V56/><REACH who="2" step="1"/><F55/><REACH who="2" ten="250,250,240,250" step="2"/><W103/><G103/><T107/><D107/><U16/><E118/><V78/><F78/><W15/><G15/><N who="0" m="5519" /><D53/><U130/><E130/><V95/><F95/><W50/><G12/><T75/><D2/><U114/><E114/><V82/><F82/><W90/><G65/><T44/><D75/><U117/><E117/><V57/><F57/><W89/><G71/><T123/><D123/><U14/><E19/><AGARI ba="0,1" hai="19,21,27,36,39,56,63,67,74,77,80,93,97,101" machi="19" ten="30,2000,0" yaku="1,1,7,1,53,0" doraHai="4" doraHaiUra="127" who="2" fromWho="1" sc="250,0,250,-20,240,30,250,0" /><INIT seed="1,0,0,5,0,115" ten="250,230,270,250" oya="1" hai0="49,80,88,68,73,123,25,66,67,78,59,134,46" hai1="116,61,104,96,55,57,122,42,12,40,29,90,89" hai2="22,65,81,117,105,45,125,69,83,44,20,100,74" hai3="10,98,37,9,1,110,48,5,91,18,35,4,53"/><U7/><E122/><V58/><F69/><W99/><G110/><T28/><D134/><U70/><E70/><V64/><F58/><W26/><G37/><T2/><D2/><U126/><E29/><V101/><F74/><W19/><G35/><T107/><D107/><U8/><E116/><V41/><F41/><W63/><G63/><T132/><D132/><U62/><E126/><V118/><REACH who="2" step="1"/><F105/><REACH who="2" ten="250,230,260,250" step="2"/><W111/><G111/><T21/><D59/><N who="1" m="35071" /><E104/><V38/><F38/><W23/><G53/><T127/><D127/><AGARI ba="0,1" hai="20,22,44,45,64,65,81,83,100,101,117,118,125,127" machi="127" ten="25,12000,2" yaku="1,1,22,2,52,2,53,2" doraHai="115" doraHaiUra="114" who="2" fromWho="0" sc="250,-120,230,0,260,130,250,0" /><INIT seed="2,0,0,4,5,68" ten="130,230,390,250" oya="2" hai0="21,128,73,16,65,6,110,80,26,12,63,84,9" hai1="0,19,89,82,72,114,14,95,126,70,130,45,15" hai2="93,23,131,22,87,127,1,71,37,116,91,97,53" hai3="35,48,105,24,59,55,3,75,98,100,13,40,42"/><V120/><F116/><W61/><G3/><T11/><D110/><U124/><E0/><V88/><F120/><W41/><G75/><T64/><D128/><U121/><E70/><V54/><F71/><W118/><G118/><T2/><D73/><U31/><E31/><V66/><F66/><W133/><G133/><T29/><REACH who="0" step="1"/><D63/><REACH who="0" ten="120,230,390,250" step="2"/><U81/><E130/><V17/><F131/><W96/><G61/><T50/><D50/><U117/><E72/><V28/><F1/><W51/><G48/><T92/><D92/><U43/><E117/><V135/><F135/><W69/><G51/><T38/><D38/><N who="1" m="21751" /><E121/><V8/><F37/><W107/><G105/><T52/><D52/><N who="2" m="20074" /><F28/><W25/><G55/><T74/><D74/><U113/><E114/><V129/><F129/><W58/><G107/><T76/><AGARI ba="0,1" hai="2,6,9,11,12,16,21,26,29,64,65,76,80,84" machi="76" ten="20,5200,0" yaku="1,1,0,1,7,1,54,1,53,0" doraHai="68" doraHaiUra="111" who="0" fromWho="0" sc="120,62,230,-13,390,-26,250,-13" /><INIT seed="3,0,0,1,1,5" ten="182,217,364,237" oya="3" hai0="106,15,66,113,21,105,76,6,104,130,91,115,120" hai1="73,23,126,116,121,93,8,58,111,30,75,45,86" hai2="74,84,125,127,123,64,29,134,131,69,46,94,36" hai3="49,122,119,40,68,59,3,27,16,82,77,85,55"/><W87/><G119/><T81/><D120/><U56/><E121/><V101/><F123/><W17/><G122/><T102/><D130/><U70/><E70/><V32/><F74/><W103/><G68/><T41/><D66/><U1/><E73/><V2/><F2/><W133/><G133/><T10/><D41/><U92/><E75/><V80/><F134/><W72/><G3/><T18/><D102/><U54/><E56/><V96/><F131/><W63/><G103/><T11/><D91/><U107/><E45/><V52/><F64/><W112/><G112/><N who="0" m="43083" /><D6/><U135/><E107/><N who="0" m="27393" /><T57/><DORA hai="98" /><D57/><U62/><E135/><V20/><F32/><W50/><G40/><T38/><D38/><U95/><E116/><V67/><F67/><W65/><G65/><T44/><D44/><U13/><E126/><N who="2" m="48139" /><F69/><W34/><G34/><T28/><D28/><U60/><E60/><V99/><F99/><W109/><G17/><T9/><D21/><U61/><E61/><V53/><F29/><W39/><G39/><T37/><D37/><U48/><E62/><V78/><F20/><N who="3" m="13703" /><G63/><T35/><D35/><U118/><E118/><V79/><F79/><W14/><G77/><T110/><D110/><U12/><E111/><V90/><F78/><N who="3" m="44359" /><G109/><T100/><D100/><U89/><E30/><V43/><AGARI ba="0,0" hai="36,43,46,52,53,80,84,90,94,96,101" m="48139" machi="43" ten="30,4000,0" yaku="18,1,52,1,54,1" doraHai="5,98" who="2" fromWho="2" sc="182,-10,217,-10,364,40,237,-20" /><INIT seed="4,0,0,1,5,130" ten="172,207,404,217" oya="0" hai0="129,44,17,113,51,93,3,6,99,27,42,94,63" hai1="106,53,18,114,105,98,57,78,91,111,4,56,47" hai2="103,107,71,22,72,36,46,108,37,116,62,135,119" hai3="61,9,70,128,85,19,79,92,122,121,104,24,8"/><T0/><D113/><U5/><E78/><V13/><F108/><W66/><G104/><T29/><D129/><U74/><E74/><V7/><F72/><W26/><G128/><T30/><D30/><U60/><E111/><V25/><F46/><W83/><G92/><T96/><D17/><U112/><E47/><V15/><F103/><W131/><G131/><T33/><D6/><U31/><E31/><V10/><F107/><W95/><G95/><T28/><D28/><U12/><E91/><V43/><F43/><W20/><REACH who="3" step="1"/><G24/><REACH who="3" ten="172,207,404,207" step="2"/><T76/><D94/><U127/><E106/><V40/><F25/><W48/><G48/><T16/><D99/><U81/><E98/><V80/><F36/><W64/><G64/><T120/><D120/><AGARI ba="0,1" hai="8,9,19,20,26,61,66,70,79,83,85,120,121,122" machi="120" ten="40,2600,0" yaku="1,1,13,1,53,0" doraHai="130" doraHaiUra="50" who="3" fromWho="0" sc="172,-26,207,0,404,0,207,36" /><INIT seed="5,0,0,1,2,13" ten="146,207,404,243" oya="1" hai0="31,123,29,37,132,110,7,61,97,125,131,57,17" hai1="130,3,89,80,96,27,44,107,81,133,38,115,88" hai2="47,30,77,50,25,98,128,73,104,2,127,19,69" hai3="103,91,15,101,119,117,94,63,54,10,134,124,79"/><U72/><E3/><V92/><F104/><W21/><G134/><T55/><D110/><U32/><E133/><V84/><F73/><W109/><G109/><T4/><D37/><U59/><E59/><V111/><F69/><W11/><G124/><T126/><D132/><U114/><E130/><V34/><F2/><W14/><G79/><T120/><D97/><U39/><E44/><V42/><F111/><W53/><G21/><T58/><D131/><U116/><E116/><N who="3" m="44618" /><G63/><T52/><D61/><U65/><E65/><V108/><F108/><W70/><G103/><T87/><D87/><U45/><E45/><V49/><F50/><W35/><G101/><T64/><REACH who="0" step="1"/><D17/><REACH who="0" ten="136,207,404,243" step="2"/><U106/><E72/><V41/><F128/><W68/><G70/><T16/><D16/><U83/><E96/><V0/><F19/><W102/><G68/><T20/><D20/><U129/><E129/><V22/><F98/><W93/><G35/><T28/><D28/><N who="1" m="19487" /><E38/><V75/><F34/><W56/><G10/><T76/><D76/><U105/><E39/><V66/><F77/><W118/><G11/><T112/><D112/><AGARI ba="0,1" hai="80,81,83,88,89,105,106,107,112,114,115" m="19487" machi="112" ten="40,3900,0" yaku="15,1,54,1" doraHai="13" who="1" fromWho="0" sc="136,-39,207,49,404,0,243,0" /><INIT seed="5,1,0,3,0,101" ten="97,256,404,243" oya="1" hai0="12,73,32,114,130,90,41,52,84,6,62,82,103" hai1="11,37,18,16,116,38,5,87,96,7,125,97,79" hai2="80,75,19,131,83,133,26,13,107,93,121,85,128" hai3="47,23,78,25,64,50,30,60,21,49,24,15,20"/><U117/><E87/><V51/><F121/><W22/><G78/><T61/><D114/><U127/><E11/><V29/><F133/><W95/><G95/><T135/><D32/><U63/><E63/><V129/><F75/><W106/><G106/><T108/><D108/><U48/><E48/><V69/><F69/><W46/><G15/><T56/><D135/><U70/><E70/><V105/><F51/><N who="3" m="19467" /><G25/><T67/><D41/><U100/><E100/><V115/><F115/><W36/><G36/><T39/><D130/><U3/><REACH who="1" step="1"/><E79/><REACH who="1" ten="97,246,404,243" step="2"/><N who="2" m="46239" /><F128/><W4/><G4/><T92/><D39/><U27/><E27/><V1/><F26/><W94/><G94/><T17/><D6/><U98/><E98/><V89/><F93/><W91/><G91/><T40/><D40/><U110/><E110/><V66/><F89/><W76/><G76/><T55/><D62/><U0/><AGARI ba="1,1" hai="0,3,5,7,16,18,37,38,96,97,116,117,125,127" machi="0" ten="25,12000,1" yaku="1,1,0,1,22,2,54,1,53,0" doraHai="101" doraHaiUra="59" who="1" fromWho="1" sc="97,-41,246,133,404,-41,243,-41" /><INIT seed="5,2,0,4,5,97" ten="56,379,363,202" oya="1" hai0="50,37,132,65,5,44,134,126,90,13,79,80,58" hai1="32,100,99,34,28,0,82,103,72,129,30,119,62" hai2="117,125,17,76,86,70,64,66,102,92,7,96,48" hai3="16,45,98,78,113,107,57,73,94,11,101,42,93"/><U105/><E119/><V124/><F117/><W18/><G113/><T4/><D90/><U2/><E129/><V120/><F120/><W130/><G130/><T123/><D123/><U56/><E30/><V21/><F7/><W112/><G112/><T104/><D126/><N who="2" m="48746" /><F70/><W88/><G94/><T53/><D104/><U74/><E28/><V43/><F86/><N who="3" m="52375" /><G57/><T52/><D65/><N who="2" m="25194" /><F76/><W59/><G59/><T3/><D13/><U24/><E24/><N who="2" m="14383" /><F43/><W84/><G84/><T89/><D89/><U71/><E56/><V55/><F48/><N who="3" m="26679" /><G11/><T60/><D37/><U118/><E118/><V33/><F55/><W68/><G68/><T25/><D25/><U23/><E71/><V40/><F40/><W46/><G46/><T114/><D114/><U116/><E116/><V106/><F33/><W31/><G31/><T121/><D121/><U127/><E127/><V41/><F41/><W108/><G108/><T67/><D53/><U49/><E49/><V39/><F39/><W91/><G91/><T47/><D47/><U9/><E34/><V63/><F63/><W19/><G19/><T109/><D109/><U61/><E32/><V10/><F10/><W22/><G22/><T35/><D35/><U27/><E9/><V36/><F36/><W6/><G6/><T77/><D5/><U135/><E62/><V110/><F110/><W128/><G128/><T83/><D77/><U131/><E61/><V115/><F115/><W95/><G95/><AGARI ba="2,0" hai="92,95,96,102,106" m="14383,25194,48746" machi="95" ten="30,2000,0" yaku="18,1,52,1" doraHai="97" who="2" fromWho="3" sc="56,0,379,0,363,26,202,-26" /><INIT seed="6,0,0,2,5,121" ten="56,379,389,176" oya="2" hai0="105,20,94,9,55,44,104,29,59,56,33,120,57" hai1="63,135,1,60,77,32,73,102,65,7,93,40,36" hai2="97,117,116,85,50,19,109,106,72,4,6,118,22" hai3="98,61,86,114,42,26,123,43,87,5,64,107,53"/><V46/><F72/><W58/><G123/><T96/><D120/><U62/><E32/><V115/><F115/><W119/><G119/><T34/><D20/><U131/><E102/><V79/><F97/><W103/><G114/><T89/><D29/><U108/><E93/><V37/><F37/><W75/><G75/><T38/><D38/><U31/><E31/><V66/><F66/><W39/><G5/><T133/><D133/><U54/><E108/><V70/><F70/><W71/><G26/><T30/><D9/><N who="1" m="2287" /><E54/><V47/><F106/><W10/><G10/><T69/><D69/><N who="1" m="42151" /><E135/><V48/><F47/><N who="3" m="24031" /><G43/><T41/><D41/><U112/><E112/><V8/><F8/><W67/><G67/><T124/><D30/><U0/><E131/><V3/><F3/><W78/><G78/><T88/><D89/><U125/><E125/><V92/><F109/><W2/><G2/><T49/><REACH who="0" step="1"/><D124/><REACH who="0" ten="46,379,389,176" step="2"/><U51/><E36/><V18/><F117/><W99/><G71/><T126/><D126/><U12/><E0/><V84/><F118/><W83/><G103/><T68/><D68/><U134/><E134/><V127/><F127/><W129/><G129/><T74/><D74/><U130/><E130/><V11/><F116/><W45/><G86/><T25/><D25/><U95/><E12/><V76/><F11/><W27/><G27/><T14/><D14/><U113/><E113/><V16/><F22/><W17/><G87/><T13/><D13/><U90/><E73/><V91/><F85/><W128/><G128/><T111/><D111/><U82/><E77/><V122/><F79/><RYUUKYOKU ba="0,1" sc="46,30,379,-10,389,-10,176,-10" hai0="33,34,44,49,55,56,57,59,88,94,96,104,105" /><INIT seed="7,1,1,2,3,103" ten="76,369,379,166" oya="3" hai0="21,77,43,78,94,46,115,29,84,119,90,30,80" hai1="73,120,92,131,11,76,72,68,81,39,105,134,69" hai2="64,70,124,113,129,96,79,3,97,22,8,34,54" hai3="31,32,109,98,47,89,4,135,71,59,19,85,83"/><W5/><G71/><T37/><D119/><U10/><E120/><V53/><F34/><W50/><G135/><T66/><D66/><U104/><E92/><V55/><F124/><W118/><G118/><T87/><D78/><N who="1" m="44231" /><E10/><V25/><F129/><W33/><G109/><T102/><D115/><U45/><E11/><V88/><F113/><W86/><G33/><T40/><D40/><N who="1" m="22687" /><E131/><V123/><F123/><W42/><G32/><T49/><D37/><U111/><E134/><V56/><F70/><N who="1" m="27241" /><E111/><V63/><F79/><W27/><G31/><T99/><REACH who="0" step="1"/><D21/><REACH who="0" ten="66,369,379,166" step="2"/><U0/><E0/><V14/><F3/><W106/><G4/><T65/><D65/><U62/><E62/><V17/><F88/><W117/><G5/><AGARI ba="1,2" hai="5,8,14,17,22,25,53,54,55,56,63,64,96,97" machi="5" ten="40,1300,0" yaku="8,1" doraHai="103" who="2" fromWho="3" sc="66,0,369,0,379,36,166,-16" owari="66,-43.0,369,17.0,415,51.0,150,-25.0" /></mjloggm>