<mjloggm ver="2.3"><GO type="169" lobby="0"/><UN n0="%E3%83%A4%E3%82%AD%E3%83%B3" n1="%E5%B0%B1%E6%B4%BB%E7%94%9F%40%E5%B7%9D%E6%9D%91%E8%BB%8D%E5%9B%A3" n2="%73%61%6E%64%69%72%69%73" n3="%E3%81%9F%E3%81%8C%E3%82%84%E3%81%99" dan="19,17,18,17" rate="2190.36,2240.75,2215.65,2203.15" sx="M,M,M,M"/><TAIKYOKU oya="0"/><INIT seed="0,0,0,1,1,38" ten="250,250,250,250" oya="0" hai0="14,10,96,91,87,127,117,72,45,60,115,97,59" hai1="119,1,121,90,33,135,52,132,39,54,56,36,3" hai2="46,109,18,128,113,58,31,126,71,105,116,7,12" hai3="5,62,27,131,13,9,123,99,78,28,100,82,40"/><T118/><D72/><U26/><E119/><V42/><F71/><W11/><G11/><T57/><D115/><U83/><E121/><V67/><F105/><W93/><G131/><T84/><D127/><U8/><E39/><V73/><F73/><W114/><G123/><T101/><D45/><U2/><E36/><V107/><F107/><W24/><G114/><T85/><D91/><U70/><E70/><V108/><F113/><W23/><G27/><T30/><D30/><U80/><E8/><V34/><F7/><W53/><G53/><N who="1" m="20586" /><E56/><V21/><F128/><W125/><G62/><T81/><D81/><N who="1" m="31307" /><E90/><V29/><F34/><W92/><G125/><T61/><D117/><U47/><E47/><V112/><F126/><W19/><G93/><N who="0" m="58511" /><D97/><U49/><E49/><V16/><F116/><W130/><G130/><T63/><D118/><U51/><E51/><N who="2" m="27095" /><F112/><W94/><G94/><T48/><D48/><U32/><E26/><N who="2" m="14631" /><F109/><W133/><G28/><T69/><D69/><U88/><E88/><V6/><F108/><W76/><G76/><T134/><D134/><AGARI ba="0,0" hai="1,2,3,32,33,132,134,135" m="31307,20586" machi="134" ten="40,8000,1" yaku="28,2,20,1,54,1" doraHai="38" who="1" fromWho="0" sc="250,-80,250,80,250,0,250,0" /><INIT seed="1,0,0,0,2,97" ten="170,330,250,250" oya="1" hai0="90,62,69,22,3,135,63,133,34,46,48,98,93" hai1="85,70,24,18,49,129,117,112,44,35,1,131,68" hai2="82,115,125,41,121,23,127,75,9,11,118,106,26" hai3="94,74,8,88,67,109,5,59,126,6,37,123,100"/><U101/><E1/><V86/><F75/><W27/><G37/><T12/><D34/><U95/><E117/><V130/><F106/><W29/><G74/><T71/><D3/><U66/><E112/><V110/><F121/><W64/><G126/><N who="2" m="48137" /><F118/><W14/><G109/><T103/><D69/><U55/><E85/><V128/><F41/><W31/><G5/><T89/><D22/><N who="1" m="13399" /><E35/><V13/><F110/><W116/><G123/><T28/><D28/><U122/><E122/><V19/><F115/><W53/><G29/><T73/><D12/><U120/><E120/><V124/><N who="2" m="48145" /><V7/><DORA hai="25" /><F11/><W45/><G45/><T134/><D73/><U80/><E80/><V79/><AGARI ba="0,0" hai="7,9,13,19,23,26,79,82,86,128,130" m="48145" machi="79" ten="40,1500,0" yaku="18,1" doraHai="97,25" who="2" fromWho="2" sc="170,-4,330,-7,250,15,250,-4" /><INIT seed="2,0,0,2,3,64" ten="166,323,265,246" oya="2" hai0="125,9,127,104,40,32,51,88,80,67,93,54,114" hai1="24,81,112,69,45,6,27,31,66,108,124,68,39" hai2="34,106,109,117,94,85,42,15,43,3,84,25,99" hai3="83,131,133,91,19,57,60,37,44,5,72,87,103"/><V121/><F3/><W7/><G72/><T105/><D32/><U11/><E112/><V21/><F106/><W18/><G133/><T8/><D40/><U92/><E124/><N who="0" m="47689" /><D80/><U130/><E130/><V135/><F117/><W110/><G131/><T102/><D67/><U126/><E66/><V20/><F121/><W30/><G30/><T95/><D95/><U55/><E126/><V26/><F34/><W46/><G37/><T12/><D114/><U62/><E92/><V13/><F94/><W119/><G103/><T29/><D29/><U47/><E108/><V23/><F99/><W90/><G110/><T49/><D49/><U65/><E81/><V76/><F109/><W123/><G123/><T28/><D28/><U113/><E113/><V97/><F97/><W116/><G116/><T96/><D12/><N who="2" m="4682" /><F76/><W129/><G129/><T52/><D54/><U134/><E134/><V120/><F120/><W71/><G119/><T14/><D14/><U122/><E122/><V1/><F1/><W111/><G111/><T115/><D115/><U2/><E31/><V70/><F135/><W17/><G83/><T75/><D75/><U33/><E33/><V56/><F43/><W63/><G7/><T22/><D22/><U58/><E39/><V101/><F42/><W132/><G5/><T82/><D82/><U41/><E41/><V79/><F23/><W107/><G132/><T48/><D48/><N who="1" m="29071" /><E47/><V78/><F78/><W100/><G46/><N who="0" m="27767" /><D105/><U89/><E89/><V86/><F101/><W50/><G107/><T61/><D61/><U4/><E4/><V128/><F128/><RYUUKYOKU ba="0,0" sc="166,15,323,15,265,-15,246,-15" hai0="8,9,88,93,96,102,104" hai1="2,6,11,24,27,58,62,65,68,69" /><INIT seed="3,1,0,3,1,107" ten="181,338,250,231" oya="3" hai0="53,46,11,93,6,85,132,57,71,56,5,87,49" hai1="28,29,27,47,0,105,95,120,76,121,90,43,99" hai2="48,131,101,51,135,80,59,75,7,17,118,50,63" hai3="128,114,30,122,77,55,124,3,19,82,33,2,117"/><W66/><G55/><T96/><D71/><U32/><E0/><V100/><F118/><W34/><G66/><T74/><D132/><U81/><E29/><V65/><F131/><W98/><G98/><T94/><D74/><U16/><E105/><V119/><F119/><W112/><G82/><T1/><D6/><U104/><E104/><V42/><F135/><W110/><G77/><T83/><D94/><U123/><E16/><V97/><F42/><W127/><G19/><T60/><D83/><U91/><E91/><V9/><F17/><W86/><G86/><T70/><D70/><U106/><E106/><V58/><F58/><W20/><G30/><T113/><D113/><U126/><E126/><V79/><REACH who="2" step="1"/><F97/><REACH who="2" ten="181,338,240,231" step="2"/><W14/><G117/><T25/><D57/><U40/><REACH who="1" step="1"/><E47/><REACH who="1" ten="181,328,240,231" step="2"/><V111/><F111/><W68/><G110/><T52/><REACH who="0" step="1"/><D25/><REACH who="0" ten="171,328,240,231" step="2"/><U45/><E45/><V36/><F36/><W89/><G124/><T108/><D108/><U41/><E41/><V72/><F72/><AGARI ba="1,3" hai="27,28,32,40,43,72,76,81,90,95,99,120,121,123" machi="72" ten="40,5200,0" yaku="1,1,52,1,53,1" doraHai="107" doraHaiUra="24" who="1" fromWho="2" sc="171,0,328,85,240,-55,231,0" /><INIT seed="4,0,0,0,2,71" ten="171,413,185,231" oya="0" hai0="88,99,124,5,50,6,101,67,54,4,87,107,27" hai1="128,29,135,22,26,131,102,112,3,58,11,61,81" hai2="126,53,110,55,121,95,16,9,32,92,31,20,109" hai3="7,38,119,12,62,123,76,2,17,8,75,68,120"/><T13/><D124/><U14/><E135/><V89/><F121/><W23/><G68/><T82/><D67/><U10/><E112/><V94/><F126/><W79/><G62/><T48/><D27/><U34/><E102/><V127/><F127/><W129/><G119/><T117/><D117/><U115/><E115/><V59/><F9/><W111/><G111/><T21/><D21/><U63/><E81/><V98/><F110/><W66/><G66/><T104/><D104/><U73/><E73/><V57/><F31/><W45/><G129/><N who="1" m="49738" /><E58/><V105/><F32/><W72/><G76/><T80/><D80/><U47/><E47/><V106/><F106/><W91/><G91/><T43/><D43/><U74/><E74/><V30/><F30/><W113/><G113/><T35/><D35/><U69/><E69/><V40/><F40/><W96/><G96/><T130/><D130/><U86/><E86/><V46/><F46/><W24/><G75/><T64/><D64/><U133/><E133/><V125/><F105/><W44/><G44/><T36/><D36/><U15/><E3/><V19/><F109/><W41/><REACH who="3" step="1"/><G24/><REACH who="3" ten="171,413,185,221" step="2"/><T42/><D42/><U116/><E116/><V134/><F125/><W0/><G0/><T37/><D50/><U85/><E85/><V51/><F134/><W108/><G108/><T114/><D114/><U28/><E61/><V56/><F51/><W100/><G100/><T60/><D60/><U70/><E63/><V97/><F97/><W84/><G84/><T25/><D48/><U65/><E70/><V1/><F1/><W122/><G122/><RYUUKYOKU ba="0,1" sc="171,-10,413,-10,185,-10,221,30" hai3="2,7,8,12,17,23,38,41,45,72,79,120,123" /><INIT seed="5,1,1,0,0,92" ten="161,403,175,251" oya="1" hai0="47,102,113,105,64,17,63,6,130,107,100,38,56" hai1="5,89,65,19,11,36,21,86,4,115,82,54,67" hai2="108,93,88,129,106,76,3,128,14,111,134,41,1" hai3="59,43,62,15,110,125,70,7,30,120,116,22,118"/><U73/><E36/><V9/><F106/><W72/><G72/><T13/><D113/><U83/><E115/><V133/><F41/><W101/><G70/><T52/><D130/><N who="2" m="50282" /><F76/><W99/><G43/><T95/><D6/><U91/><E54/><V35/><F35/><W94/><G110/><N who="2" m="42025" /><F3/><W23/><G120/><T124/><D124/><U34/><E34/><V8/><F1/><W97/><G125/><T132/><D132/><N who="2" m="50794" /><F14/><W98/><G15/><T61/><D38/><U74/><E74/><V26/><F26/><W20/><G30/><T57/><D47/><U109/><E109/><V16/><F16/><W78/><G78/><T29/><D29/><U25/><E73/><V87/><AGARI ba="1,1" hai="8,9,87,88,93" m="50794,42025,50282" machi="87" ten="40,5200,0" yaku="19,1,20,1,54,1" doraHai="92" who="2" fromWho="2" sc="161,-14,403,-27,175,65,251,-14" /><INIT seed="6,0,0,4,5,18" ten="147,376,240,237" oya="2" hai0="12,89,2,122,135,55,29,96,58,50,85,1,66" hai1="99,43,27,48,103,3,44,32,83,70,22,17,19" hai2="75,107,24,67,130,86,105,73,54,106,39,94,34" hai3="101,40,81,21,28,93,72,102,114,15,115,16,88"/><V91/><F39/><W125/><G40/><T64/><D122/><U56/><E70/><V128/><F67/><W47/><G47/><T108/><D108/><U117/><E3/><V46/><F54/><W14/><G125/><T60/><D135/><U95/><E117/><V51/><F51/><W98/><G28/><T126/><D126/><U127/><E127/><V63/><F46/><W23/><G72/><N who="2" m="27721" /><F63/><W4/><G81/><T124/><D124/><U82/><E32/><V59/><F59/><W121/><G121/><T133/><D133/><U109/><E109/><V31/><F24/><W69/><G69/><T57/><D96/><U129/><E129/><N who="2" m="49771" /><F31/><W30/><G4/><T26/><D12/><U90/><E19/><V36/><F36/><W53/><G53/><T25/><D66/><U68/><E68/><V104/><N who="2" m="26624" /><DORA hai="112" /><V0/><F34/><W131/><G131/><T65/><D65/><U111/><E111/><V52/><F52/><W116/><G116/><T61/><D50/><U37/><E56/><V92/><F0/><W113/><G14/><T79/><D26/><AGARI ba="0,0" hai="15,16,21,23,26,30,88,93,98,101,102,113,114,115" machi="26" ten="40,12000,2" yaku="15,1,11,1,52,2,54,2" doraHai="18,112" who="3" fromWho="0" sc="147,-120,376,0,240,0,237,120" /><INIT seed="7,0,0,0,4,40" ten="27,376,240,357" oya="3" hai0="97,45,42,38,109,80,30,125,107,82,56,108,119" hai1="29,22,64,14,99,48,73,116,94,39,57,19,134" hai2="18,98,78,133,10,104,41,32,126,84,60,16,115" hai3="106,36,62,85,81,92,128,117,12,91,103,59,44"/><W28/><G106/><T46/><D119/><U118/><E39/><V20/><F32/><W7/><G128/><T27/><D56/><U66/><E73/><V130/><F115/><W122/><G122/><T93/><D125/><U63/><E134/><V100/><F133/><W72/><G117/><N who="1" m="45162" /><E29/><V54/><F130/><W105/><G28/><T102/><D93/><U49/><E66/><V31/><F41/><W114/><G114/><T86/><D86/><U83/><E83/><V90/><F78/><W95/><G105/><T74/><D82/><U23/><E23/><V3/><F126/><W69/><G69/><T96/><D96/><U35/><E35/><V68/><F31/><W25/><G25/><T110/><D110/><U70/><E70/><V15/><F3/><W8/><G72/><T87/><D87/><U53/><E64/><V65/><F54/><W21/><G21/><T129/><D129/><U33/><E33/><V77/><F77/><W132/><G132/><T79/><D27/><U26/><E26/><V37/><F37/><W124/><G124/><T71/><D30/><U1/><E1/><V34/><F34/><W55/><REACH who="3" step="1"/><G103/><AGARI ba="0,0" hai="14,19,22,48,49,53,57,63,94,99,103" m="45162" machi="103" ten="30,1000,0" yaku="12,1" doraHai="40" who="1" fromWho="3" sc="27,0,376,10,240,0,357,-10" owari="27,-47.0,386,48.0,240,-16.0,347,15.0" /></mjloggm>