<mjloggm ver="2.3"><GO type="169" lobby="0"/><UN n0="%E9%BE%8D%E9%96%80%E6%B8%95%E9%80%8F%E8%8A%B1" n1="%E3%82%B8%E3%83%A3%E3%82%B9%E3%82%BF%E3%82%A6%E3%82%A7%E3%82%A4" n2="%68%65%61%6C%74%68%79%37" n3="%E3%82%A6%E3%83%AB%E3%83%88%E3%83%A9%E7%AB%8B%E7%9B%B4" dan="18,17,17,18" rate="2196.59,2194.77,2177.95,2165.23" sx="M,M,M,M"/><TAIKYOKU oya="0"/><INIT seed="0,0,0,2,4,15" ten="250,250,250,250" oya="0" hai0="25,121,109,104,131,47,24,87,27,45,111,52,34" hai1="35,126,11,53,66,74,54,129,59,38,40,101,37" hai2="134,124,80,107,0,97,39,44,70,16,43,108,31" hai3="56,77,106,7,75,9,99,105,48,12,73,93,62"/><T69/><D121/><U116/><E35/><V112/><F108/><N who="0" m="41546" /><D69/><U132/><E74/><V84/><F112/><W122/><G122/><T110/><D104/><U120/><E101/><V64/><F0/><W41/><G75/><T92/><D131/><U3/><E3/><V23/><F31/><W30/><G30/><N who="0" m="19783" /><D110/><U58/><E120/><V72/><F72/><W117/><G117/><T21/><D52/><U86/><E116/><V2/><F2/><W67/><G73/><T10/><D10/><U18/><E129/><V102/><F124/><W60/><G106/><T68/><D68/><U51/><E66/><V114/><F114/><W82/><G105/><T100/><D27/><U17/><E40/><V81/><F134/><W135/><G135/><T119/><D119/><U1/><E132/><V115/><F115/><W33/><G67/><T57/><D57/><U113/><E126/><V130/><F130/><W4/><G56/><T78/><D78/><U13/><E113/><V76/><F64/><W65/><G77/><T14/><D14/><U63/><E1/><V29/><F70/><W46/><G12/><T36/><D36/><U88/><REACH who="1" step="1"/><E18/><REACH who="1" ten="250,240,250,250" step="2"/><V125/><F125/><W8/><G65/><T94/><D100/><U71/><E71/><V85/><F29/><W55/><G41/><T32/><D32/><U20/><E20/><V50/><F23/><W22/><G22/><T128/><D128/><U98/><E98/><V26/><F43/><W91/><G33/><T49/><D21/><U118/><E118/><V83/><F97/><W28/><G99/><T127/><D127/><RYUUKYOKU ba="0,1" sc="250,-10,240,30,250,-10,250,-10" hai1="11,13,17,37,38,51,53,54,58,59,63,86,88" /><INIT seed="1,1,1,3,1,74" ten="240,270,240,240" oya="1" hai0="45,36,84,43,83,71,86,93,62,19,80,18,67" hai1="20,5,106,77,15,125,51,118,72,17,49,25,121" hai2="126,55,102,2,8,113,99,90,101,68,88,10,4" hai3="3,82,108,114,30,107,133,37,91,0,70,134,16"/><U130/><E106/><V41/><F126/><W129/><G30/><T109/><D109/><U40/><E118/><V131/><F131/><W123/><G91/><T127/><D93/><U119/><E121/><V13/><F68/><W21/><G82/><T27/><D127/><U32/><E119/><V73/><F73/><W23/><G37/><T79/><REACH who="0" step="1"/><D27/><REACH who="0" ten="230,270,240,240" step="2"/><U33/><E125/><V39/><F113/><W75/><G108/><T52/><D52/><U54/><E130/><V46/><F55/><W60/><G129/><T100/><D100/><U92/><E92/><V1/><F102/><W57/><G114/><T48/><D48/><U11/><E49/><V63/><F63/><W58/><G60/><T44/><D44/><U132/><E40/><V76/><F101/><W97/><G107/><T87/><D87/><U111/><E111/><V34/><F46/><W117/><G75/><T103/><D103/><U96/><E96/><V66/><F41/><W47/><G97/><T78/><AGARI ba="1,2" hai="18,19,36,43,45,62,67,71,78,79,80,83,84,86" machi="78" ten="20,12000,2" yaku="1,1,0,1,7,1,9,1,52,2,53,0" doraHai="74" doraHaiUra="22" who="0" fromWho="0" sc="230,143,270,-61,240,-31,240,-31" /><INIT seed="2,0,0,0,3,75" ten="373,209,209,209" oya="2" hai0="11,129,90,36,109,23,3,28,92,24,101,18,82" hai1="42,81,130,20,80,70,78,69,53,122,94,22,107" hai2="132,128,91,67,58,126,131,73,41,86,83,64,2" hai3="12,74,114,105,39,13,62,35,9,4,15,115,59"/><V52/><F2/><W51/><G39/><T124/><D36/><U30/><E107/><V125/><F41/><W84/><G74/><T87/><D109/><U32/><E42/><V103/><F103/><W48/><G35/><T77/><D124/><N who="2" m="47722" /><F73/><W17/><G84/><T40/><D129/><N who="2" m="49738" /><F132/><W76/><G76/><T88/><D40/><U6/><E130/><V26/><F26/><W34/><G34/><T98/><D3/><U1/><E1/><V14/><F14/><AGARI ba="0,0" hai="11,14,18,23,24,28,77,82,87,88,90,92,98,101" machi="14" ten="40,5200,0" yaku="8,1,52,1,54,1" doraHai="75" who="0" fromWho="2" sc="373,52,209,0,209,-52,209,0" /><INIT seed="3,0,0,0,2,129" ten="425,209,157,209" oya="3" hai0="111,133,118,78,35,128,2,70,71,32,127,19,29" hai1="8,22,41,117,53,99,114,18,5,134,116,83,56" hai2="54,58,91,94,108,63,16,112,44,9,3,62,125" hai3="115,17,25,102,85,21,79,110,11,12,131,50,30"/><W107/><G115/><T120/><RYUUKYOKU type="yao9" ba="0,0" sc="425,0,209,0,157,0,209,0" hai0="2,19,29,32,35,70,71,78,111,118,120,127,128,133" /><INIT seed="3,1,0,1,5,58" ten="425,209,157,209" oya="3" hai0="72,101,19,91,41,108,37,90,65,44,112,83,23" hai1="80,29,97,24,42,46,124,6,96,57,14,1,49" hai2="131,98,12,110,118,85,111,39,34,50,78,123,134" hai3="104,62,93,99,11,82,52,94,105,56,92,74,84"/><W87/><G11/><T10/><D108/><N who="2" m="41514" /><F39/><W102/><REACH who="3" step="1"/><G105/><REACH who="3" ten="425,209,157,199" step="2"/><T20/><D10/><N who="1" m="4439" /><E124/><V59/><F118/><W64/><G64/><T113/><D65/><U13/><E1/><V66/><F66/><W25/><G25/><T119/><D119/><U32/><E13/><V17/><F12/><W70/><G70/><T128/><D112/><U67/><E24/><V28/><F123/><W115/><G115/><T117/><D113/><U76/><E32/><V81/><F34/><W75/><G75/><T107/><D117/><U22/><E22/><V125/><F125/><W31/><G31/><T5/><D20/><U45/><E29/><V69/><F28/><W51/><G51/><T4/><D23/><U26/><E26/><V114/><F50/><W60/><G60/><T7/><D107/><U18/><E18/><V2/><F17/><W9/><G9/><T48/><D19/><U103/><E49/><V126/><F126/><W43/><G43/><T54/><D72/><U0/><E42/><V61/><F69/><W40/><G40/><T21/><D21/><U33/><E33/><V8/><F8/><W68/><G68/><T109/><D41/><U132/><E67/><V135/><F114/><W27/><G27/><T36/><D109/><U71/><E71/><V86/><F2/><W127/><G127/><T95/><D48/><U130/><E0/><V106/><F106/><W16/><G16/><T38/><D38/><U15/><E15/><V63/><F61/><W120/><G120/><T116/><D37/><U77/><E132/><V35/><F134/><W122/><G122/><RYUUKYOKU ba="1,1" sc="425,-10,209,-10,157,-10,199,30" hai3="52,56,62,74,82,84,87,92,93,94,99,102,104" /><INIT seed="3,2,1,3,3,22" ten="415,199,147,229" oya="3" hai0="73,125,83,7,99,59,9,84,102,128,112,15,64" hai1="52,134,46,118,58,4,90,129,75,27,30,66,113" hai2="85,79,68,37,116,36,132,23,133,117,53,34,96" hai3="51,94,57,12,105,69,18,35,31,29,130,21,124"/><W122/><G105/><T101/><D73/><U10/><E75/><V44/><F34/><W8/><G69/><T82/><D125/><U2/><E113/><V106/><F106/><W63/><G122/><T61/><D128/><U17/><E134/><N who="2" m="51819" /><F96/><W95/><G35/><T131/><D131/><U77/><E77/><V104/><F104/><W121/><G124/><T115/><D83/><U92/><E129/><V43/><F85/><W56/><G121/><T86/><D86/><U41/><E66/><V40/><F79/><W19/><G51/><T60/><D60/><U135/><E135/><V114/><F23/><W48/><G48/><T39/><D39/><N who="2" m="14922" /><F68/><W54/><G130/><T71/><D71/><U24/><E118/><N who="2" m="45675" /><F114/><N who="0" m="43562" /><D99/><U47/><E30/><V87/><F87/><W109/><G31/><T28/><D28/><U91/><E91/><AGARI ba="2,1" hai="7,9,15,59,61,64,82,84,91,101,102" m="43562" machi="91" ten="30,1000,0" yaku="11,1" doraHai="22" who="0" fromWho="1" sc="415,26,199,-16,147,0,229,0" /><INIT seed="4,0,0,1,2,59" ten="441,183,147,229" oya="0" hai0="108,84,33,99,127,94,17,32,89,107,105,124,41" hai1="96,83,87,122,64,35,53,78,97,46,74,10,63" hai2="36,70,45,130,115,68,29,25,8,73,103,62,4" hai3="98,132,23,13,40,88,60,30,2,114,24,67,75"/><T44/><D17/><U82/><E35/><N who="0" m="13385" /><D99/><U112/><E122/><V0/><F115/><W106/><G2/><T19/><D19/><U9/><E112/><V5/><F130/><W120/><G75/><T69/><D69/><U57/><E96/><V3/><F103/><W110/><G110/><T134/><D134/><U54/><E97/><V37/><F73/><W111/><G111/><T28/><D28/><U26/><E26/><V56/><F5/><W80/><G132/><T42/><D42/><U85/><E74/><V118/><F3/><W49/><G13/><T61/><D61/><U109/><E109/><V76/><F76/><W79/><G79/><T38/><D108/><U95/><E95/><V58/><F58/><N who="3" m="37271" /><G106/><T102/><D102/><U16/><E46/><V91/><F91/><W34/><G34/><T50/><D38/><U20/><E9/><V86/><F118/><W21/><G114/><T81/><D94/><U131/><E10/><V125/><F37/><W113/><G21/><T116/><D116/><U72/><E131/><V71/><F36/><W14/><G14/><T121/><D121/><U135/><E135/><V65/><F86/><N who="3" m="50247" /><G98/><T6/><D107/><U12/><E72/><V129/><F129/><W1/><G1/><T128/><D105/><U66/><E66/><V39/><F39/><W27/><G120/><T104/><D104/><U100/><E100/><V18/><F29/><W119/><G119/><T22/><D128/><U126/><E126/><V123/><F125/><W43/><G113/><T51/><D127/><U48/><E48/><V117/><F117/><RYUUKYOKU ba="0,0" sc="441,-10,183,30,147,-10,229,-10" hai1="12,16,20,53,54,57,63,64,78,82,83,85,87" /><INIT seed="5,1,0,0,0,119" ten="431,213,137,219" oya="1" hai0="113,131,34,129,1,120,9,116,22,61,10,118,99" hai1="84,86,49,107,91,46,126,134,33,38,105,66,52" hai2="108,31,60,47,101,48,54,104,35,16,88,89,135" hai3="45,111,114,132,37,128,39,12,4,115,121,117,75"/><U71/><E33/><V77/><F108/><W19/><G4/><N who="0" m="1167" /><D34/><U8/><E126/><V130/><F135/><W15/><G15/><T6/><D99/><U51/><E134/><V13/><F130/><N who="0" m="49674" /><D113/><U96/><E38/><V63/><F77/><W87/><G19/><T70/><D120/><U123/><E123/><V11/><F104/><W76/><G12/><N who="0" m="5207" /><D22/><U65/><E71/><V106/><F106/><W25/><G121/><T62/><D70/><U98/><E8/><V81/><F101/><W43/><G115/><T0/><D0/><U68/><E68/><V82/><F35/><W90/><G114/><T78/><D78/><U124/><E124/><V125/><F125/><W85/><G76/><T28/><D28/><U72/><E72/><V29/><F31/><W112/><G75/><T95/><D95/><U24/><E24/><V55/><F29/><W44/><G25/><T79/><D79/><U2/><E2/><V23/><F23/><W36/><G112/><T20/><D20/><U59/><E91/><N who="2" m="34891" /><F60/><AGARI ba="1,0" hai="60,61,62,116,118" m="5207,49674,1167" machi="60" ten="30,1000,0" yaku="19,1" doraHai="119" who="0" fromWho="2" sc="431,13,213,0,137,-13,219,0" /><INIT seed="6,0,0,5,4,112" ten="444,213,124,219" oya="2" hai0="55,37,81,94,45,76,63,96,29,26,2,6,90" hai1="122,114,104,43,78,12,61,17,85,105,34,108,106" hai2="113,9,33,88,135,38,127,119,50,101,66,25,70" hai3="99,42,132,82,111,19,11,100,75,131,39,27,44"/><V62/><F113/><W115/><G111/><T24/><D63/><U126/><E114/><V46/><F38/><W129/><G115/><T124/><D124/><U49/><E34/><V125/><F101/><W22/><G11/><N who="0" m="2519" /><D55/><U89/><E108/><V74/><F74/><W1/><G1/><T23/><D23/><U118/><E118/><V102/><F102/><W40/><G40/><N who="0" m="22671" /><D29/><U10/><E61/><V14/><F135/><W121/><G121/><T8/><D8/><U60/><E60/><V57/><F119/><W103/><G132/><T35/><D35/><U71/><E71/><V47/><F70/><W93/><G103/><T16/><D16/><U52/><E43/><V65/><F65/><W3/><G3/><T117/><D117/><U5/><E126/><N who="2" m="48139" /><F50/><W59/><G100/><T48/><D48/><U7/><E122/><V21/><F33/><W54/><G39/><T72/><AGARI ba="0,0" hai="24,26,72,76,81,90,94,96" m="22671,2519" machi="72" ten="30,1100,0" yaku="25,1" doraHai="112" who="0" fromWho="0" sc="444,11,213,-3,124,-5,219,-3" /><INIT seed="7,0,0,1,1,18" ten="455,210,119,216" oya="3" hai0="58,107,10,42,109,36,45,59,129,79,43,97,9" hai1="130,47,61,115,16,122,24,48,66,101,4,87,85" hai2="37,52,46,116,112,20,135,120,74,99,71,89,86" hai3="81,0,88,28,119,91,6,118,84,93,51,111,2"/><W38/><G38/><T44/><D109/><U19/><E122/><V106/><F116/><W105/><G105/><T103/><D129/><U11/><E115/><V78/><F112/><W68/><G68/><T39/><D79/><U57/><E130/><V67/><F120/><W82/><G111/><T7/><D9/><U110/><E101/><V49/><F135/><W98/><G28/><T80/><D80/><U133/><E133/><V14/><F37/><W22/><G51/><T113/><D113/><U1/><E110/><V108/><F108/><W134/><G134/><T123/><D123/><U94/><E94/><V83/><F71/><W63/><G63/><T8/><D8/><U73/><E73/><V34/><F34/><W31/><G82/><T126/><D126/><U17/><REACH who="1" step="1"/><E24/><REACH who="1" ten="455,200,119,216" step="2"/><V3/><F3/><AGARI ba="0,1" hai="3,7,10,36,39,42,43,44,45,58,59,97,103,107" machi="3" ten="30,2000,0" yaku="7,1,9,1" doraHai="18" who="0" fromWho="2" sc="455,30,200,0,119,-20,216,0" owari="485,58.0,200,-20.0,99,-40.0,216,2.0" /></mjloggm>