<mjloggm ver="2.3"><GO type="169" lobby="0"/><UN n0="%E5%B0%B1%E6%B4%BB%E7%94%9F%40%E5%B7%9D%E6%9D%91%E8%BB%8D%E5%9B%A3" n1="%E3%83%8D%E3%83%BC%E3%83%A0%E3%83%AC%E3%82%B9%EF%BC%97" n2="%E3%81%98%E3%81%BF%E3%81%84%E3%81%A3%5A" n3="%6D%75%6B%69%74%74%69" dan="17,17,16,17" rate="2246.66,2155.93,2116.91,2118.69" sx="M,M,M,M"/><TAIKYOKU oya="0"/><INIT seed="0,0,0,2,5,62" ten="250,250,250,250" oya="0" hai0="78,92,77,69,91,67,88,46,109,80,111,49,34" hai1="17,8,3,18,15,74,86,94,129,33,61,50,14" hai2="70,56,118,126,12,25,48,83,114,93,27,128,66" hai3="103,124,85,130,44,81,76,57,45,84,36,6,39"/><T37/><D34/><U1/><E74/><V133/><F70/><W13/><G124/><T43/><D37/><U68/><E33/><V98/><F114/><W59/><G130/><T26/><D26/><U71/><E129/><V100/><F128/><W63/><G103/><T115/><D115/><U121/><E121/><V96/><F126/><W75/><G75/><T116/><D116/><U97/><E86/><V55/><F133/><W19/><G6/><T40/><D40/><U60/><E50/><V53/><F118/><W132/><G132/><T52/><D43/><U108/><E108/><N who="0" m="41545" /><D80/><U41/><E41/><V4/><F83/><W82/><G39/><T35/><D35/><U134/><E134/><V65/><F55/><N who="3" m="34239" /><G59/><T72/><D72/><U10/><REACH who="1" step="1"/><E94/><REACH who="1" ten="250,240,250,250" step="2"/><V38/><F38/><W5/><G36/><T32/><D32/><U23/><E23/><V28/><F98/><AGARI ba="0,1" hai="1,3,8,10,14,15,17,18,60,61,68,71,97,98" machi="98" ten="25,3200,0" yaku="1,1,22,2,53,0" doraHai="62" doraHaiUra="123" who="1" fromWho="2" sc="250,0,240,42,250,-32,250,0" /><INIT seed="1,0,0,5,3,32" ten="250,282,218,250" oya="1" hai0="70,120,80,48,102,3,97,117,57,128,105,89,9" hai1="96,112,129,99,17,88,101,44,114,31,43,34,135" hai2="51,82,65,55,15,14,33,132,38,63,127,40,119" hai3="87,4,133,100,131,5,27,12,90,95,122,8,24"/><U91/><E135/><V22/><F33/><W6/><G122/><T58/><D70/><U11/><E129/><V10/><F132/><W46/><G133/><T93/><D117/><U85/><E34/><V37/><F119/><W118/><G118/><T121/><D128/><U0/><E31/><V59/><F127/><W2/><G131/><T60/><D48/><U73/><E73/><V69/><F22/><W110/><G110/><T7/><D80/><U64/><E64/><V18/><F15/><W30/><G100/><T35/><D35/><U134/><E134/><V126/><F126/><W23/><G2/><T47/><D47/><U13/><E0/><V125/><F125/><W104/><G104/><T45/><D45/><U67/><E67/><V54/><F40/><W76/><G76/><T66/><REACH who="0" step="1"/><D57/><REACH who="0" ten="240,282,218,250" step="2"/><U94/><E44/><V21/><F38/><W50/><REACH who="3" step="1"/><G27/><REACH who="3" ten="240,282,218,240" step="2"/><T1/><D1/><U103/><E112/><V115/><F115/><W26/><G26/><T109/><D109/><U86/><E114/><V52/><F37/><W42/><AGARI ba="0,2" hai="4,5,6,8,12,23,24,30,42,46,50,87,90,95" machi="42" ten="20,5200,0" yaku="1,1,0,1,7,1,8,1,53,0" doraHai="32" doraHaiUra="28" who="3" fromWho="3" sc="240,-13,282,-26,218,-13,240,72" /><INIT seed="2,0,0,0,0,127" ten="227,256,205,312" oya="2" hai0="39,6,123,60,13,87,49,32,46,73,52,8,38" hai1="4,120,114,117,109,17,23,62,106,51,119,16,133" hai2="103,115,89,2,101,104,132,50,130,79,71,112,14" hai3="55,111,22,18,59,74,70,116,29,10,75,20,86"/><V7/><F71/><W99/><G116/><T131/><D73/><U128/><E114/><N who="2" m="43563" /><F50/><W21/><G70/><T11/><D32/><U94/><E106/><V35/><F14/><N who="3" m="7511" /><G75/><T66/><D123/><U76/><E120/><V36/><F7/><W88/><G74/><T31/><D31/><U30/><E109/><V58/><F2/><W67/><G111/><T118/><D118/><U81/><E133/><V125/><F36/><W68/><G68/><T19/><D87/><U92/><E128/><V105/><F58/><W5/><G99/><T54/><D54/><U64/><E4/><V77/><F35/><W12/><G67/><T97/><D97/><U90/><E51/><V69/><F69/><W57/><G29/><T126/><D126/><U26/><E119/><V34/><F34/><W25/><G25/><T82/><D131/><U15/><E117/><V47/><F47/><W121/><G121/><T65/><D65/><U63/><E17/><V91/><F130/><W37/><G37/><T42/><D42/><U110/><E110/><V108/><F108/><W100/><G100/><N who="2" m="38473" /><F132/><W122/><G122/><T48/><D48/><U107/><E64/><V113/><F113/><W95/><G55/><T61/><D66/><U93/><E107/><N who="2" m="41035" /><F125/><W98/><G5/><T102/><D39/><U96/><E63/><N who="0" m="24137" /><D38/><U83/><E62/><V124/><F124/><W27/><G27/><T80/><D102/><N who="1" m="60695" /><E30/><V53/><F53/><W44/><G44/><T41/><D41/><U78/><E26/><V24/><F24/><W56/><G12/><AGARI ba="0,0" hai="6,8,11,12,13,19,46,49,52,80,82" m="24137" machi="12" ten="30,2000,0" yaku="8,1,54,1" doraHai="127" who="0" fromWho="3" sc="227,20,256,0,205,0,312,-20" /><INIT seed="3,0,0,5,4,135" ten="247,256,205,292" oya="3" hai0="129,3,85,96,30,119,113,40,70,25,131,43,2" hai1="97,22,102,89,133,52,13,16,34,67,99,114,14" hai2="108,54,21,27,79,125,53,24,117,35,103,38,50" hai3="20,68,58,107,115,95,51,69,91,72,81,78,112"/><W110/><G107/><T106/><D70/><U64/><E114/><V75/><F38/><W57/><G20/><T31/><D119/><U23/><E34/><V82/><F117/><W116/><G116/><T80/><D96/><U124/><E133/><V61/><F108/><W1/><G1/><N who="0" m="11" /><D106/><U36/><E36/><V101/><F35/><W109/><G51/><T92/><D92/><U32/><E32/><V77/><F125/><W100/><G100/><T42/><D25/><U65/><E124/><V86/><F75/><W0/><G0/><T4/><D4/><U123/><E123/><V128/><F128/><N who="0" m="49226" /><D113/><N who="3" m="43593" /><G69/><T84/><D80/><U19/><E102/><V87/><F61/><W94/><G68/><T105/><D105/><U45/><E89/><V111/><F111/><N who="3" m="42507" /><G95/><T71/><D71/><U15/><E15/><V11/><F50/><AGARI ba="0,0" hai="13,14,16,19,22,23,45,50,52,64,65,67,97,99" machi="50" ten="40,8000,1" yaku="9,1,8,1,54,2" doraHai="135" who="1" fromWho="2" sc="247,0,256,80,205,-80,292,0" /><INIT seed="4,0,0,3,2,100" ten="247,336,125,292" oya="0" hai0="134,86,30,13,36,47,114,12,120,64,58,124,122" hai1="4,129,98,126,94,90,72,33,66,101,89,14,104" hai2="73,31,108,132,127,77,35,102,82,1,123,91,40" hai3="32,68,62,42,11,76,38,21,2,57,74,79,52"/><T15/><D114/><U117/><E117/><V56/><F1/><W26/><G32/><T70/><D70/><U27/><E72/><V113/><F123/><W41/><G68/><T103/><D124/><U9/><E129/><V24/><F127/><W65/><G38/><T131/><D131/><U92/><E126/><V81/><F40/><N who="3" m="15467" /><G74/><T5/><D5/><U128/><E128/><V116/><F116/><W63/><G2/><T106/><D36/><U54/><E66/><V85/><F102/><W80/><G11/><T51/><D30/><U16/><E54/><V17/><F108/><W109/><G109/><T60/><D86/><U45/><E45/><V10/><F113/><W130/><G130/><T59/><D59/><U43/><E43/><V39/><F39/><W121/><G121/><T25/><D25/><U29/><REACH who="1" step="1"/><E4/><REACH who="1" ten="247,326,125,292" step="2"/><V87/><F73/><W23/><G65/><T125/><D125/><U96/><E96/><V110/><F110/><W53/><G53/><T112/><D112/><U118/><E118/><V6/><F6/><W107/><G52/><T115/><D115/><U7/><E7/><V28/><F85/><W48/><G63/><T34/><D47/><U111/><E111/><V50/><F87/><W95/><G62/><T46/><D60/><U18/><E18/><V93/><F17/><W119/><G119/><T20/><D46/><U3/><E3/><V88/><F50/><W84/><G48/><T135/><D51/><U44/><E44/><V55/><F55/><W99/><G99/><T75/><D75/><U0/><E0/><V69/><F31/><RYUUKYOKU ba="0,1" sc="247,-10,326,30,125,-10,292,-10" hai1="9,14,16,27,29,33,89,90,92,94,98,101,104" /><INIT seed="5,1,1,4,3,109" ten="237,356,115,282" oya="1" hai0="117,7,30,36,11,111,39,92,21,121,84,61,73" hai1="56,85,125,16,128,101,3,87,2,89,100,46,82" hai2="102,67,18,133,5,35,15,38,50,80,66,34,23" hai3="48,8,44,42,131,99,81,12,71,1,10,123,58"/><U105/><E128/><V120/><F38/><W59/><G71/><T31/><D73/><U135/><E135/><V54/><F133/><W32/><G123/><T74/><D74/><U78/><E125/><V132/><F132/><W26/><G131/><T110/><D117/><U49/><E56/><V127/><F120/><W76/><G1/><T24/><D31/><U4/><E16/><V106/><F127/><W62/><G99/><T115/><D61/><U112/><E112/><V72/><F106/><W52/><G32/><T122/><D115/><U83/><E4/><V130/><F102/><W27/><G59/><T103/><D121/><U43/><REACH who="1" step="1"/><E101/><REACH who="1" ten="237,346,115,282" step="2"/><V108/><F130/><W104/><G104/><T129/><D129/><U68/><E68/><V64/><F5/><W126/><G126/><T57/><D57/><U94/><E94/><V40/><F18/><W75/><G10/><T119/><D103/><U95/><E95/><V22/><F67/><W70/><G70/><T19/><D111/><U53/><E53/><V60/><F54/><W14/><G8/><T25/><D11/><U86/><E86/><V134/><F72/><W17/><G17/><T9/><D7/><U77/><E77/><V6/><F6/><W20/><G76/><T33/><D19/><U113/><E113/><V79/><F79/><W63/><G58/><T55/><D55/><U0/><E0/><V96/><F134/><W28/><G52/><T97/><D110/><U91/><E91/><V124/><F108/><W90/><G90/><T51/><D92/><U69/><E69/><V116/><F124/><RYUUKYOKU ba="1,2" sc="237,-10,346,30,115,-10,282,-10" hai1="2,3,43,46,49,78,82,83,85,87,89,100,105" /><INIT seed="5,2,2,3,3,114" ten="227,376,105,272" oya="1" hai0="20,98,1,50,22,116,31,120,133,83,70,8,51" hai1="11,36,63,69,27,13,92,59,7,111,93,14,42" hai2="62,17,39,95,60,132,113,46,58,4,19,82,78" hai3="99,129,84,119,9,66,71,85,48,2,124,94,110"/><U79/><E69/><V103/><F113/><W56/><G110/><T54/><D70/><U122/><E122/><V34/><F34/><W35/><G35/><T12/><D1/><U125/><E111/><V102/><F132/><W118/><G71/><T18/><D116/><N who="3" m="44585" /><G124/><T55/><D133/><U52/><E125/><V108/><F108/><W135/><G135/><T45/><D120/><U81/><E27/><V75/><F4/><N who="3" m="1175" /><G129/><T47/><D31/><U123/><E123/><V91/><F62/><N who="3" m="38215" /><G48/><T80/><D98/><U104/><E104/><V61/><F61/><W0/><G0/><T77/><D80/><U121/><E121/><V30/><F39/><W29/><G29/><T38/><D38/><U6/><E36/><V67/><F30/><W3/><G3/><T107/><D107/><U44/><E42/><V65/><F65/><W101/><AGARI ba="2,2" hai="84,85,94,99,101" m="38215,1175,44585" machi="101" ten="30,7900,0" yaku="12,1,52,3" doraHai="114" who="3" fromWho="3" sc="227,-22,376,-41,105,-22,272,105" /><INIT seed="6,0,0,1,1,44" ten="205,335,83,377" oya="2" hai0="53,51,43,46,34,66,16,22,82,62,110,98,41" hai1="63,58,109,47,40,127,38,103,74,76,126,92,37" hai2="121,48,5,123,70,122,91,113,116,15,39,35,120" hai3="20,97,102,71,95,18,86,9,68,3,94,33,28"/><V14/><N who="2" m="31232" /><DORA hai="6" /><V112/><F39/><W31/><G33/><T107/><D34/><U24/><E109/><V17/><F70/><W93/><G71/><T88/><D107/><U114/><E114/><V80/><F116/><W50/><G68/><T11/><D110/><U81/><E37/><V57/><F35/><W111/><G111/><T42/><D11/><U2/><E2/><V7/><F91/><N who="3" m="53495" /><G3/><T59/><D82/><U45/><E45/><V99/><F80/><W23/><G94/><N who="0" m="56647" /><D66/><U90/><E103/><V36/><F36/><W72/><G72/><T56/><D56/><U134/><E24/><AGARI ba="0,0" hai="16,22,24,41,42,43,46,51,53,59,62" m="56647" machi="24" ten="30,8000,1" yaku="25,1,8,1,52,1,54,2" doraHai="44,6" who="0" fromWho="1" sc="205,80,335,-80,83,0,377,0" /><INIT seed="7,0,0,3,2,52" ten="285,255,83,377" oya="3" hai0="118,135,42,24,21,50,8,29,35,117,40,114,22" hai1="16,92,36,104,105,91,116,17,111,55,87,61,37" hai2="102,25,33,96,68,58,131,125,67,39,110,78,57" hai3="112,83,44,99,72,115,74,3,128,107,15,119,71"/><W108/><G3/><T77/><D77/><U20/><E111/><V123/><F110/><W47/><G108/><T75/><D75/><U93/><E116/><V66/><F78/><N who="3" m="44487" /><G119/><T98/><D135/><U5/><E5/><V12/><F12/><W76/><G71/><T95/><D114/><N who="3" m="43561" /><G128/><T13/><D40/><U26/><E93/><V38/><F131/><W60/><G60/><T11/><D11/><U127/><E127/><V79/><F79/><W63/><G63/><T80/><D80/><U101/><E17/><V49/><F33/><W122/><G122/><T41/><D41/><U88/><E91/><V59/><F123/><W34/><G34/><T130/><D130/><U106/><REACH who="1" step="1"/><E101/><REACH who="1" ten="285,245,83,377" step="2"/><V53/><F125/><W28/><G107/><T0/><D0/><U62/><E62/><N who="2" m="40023" /><F25/><W70/><G28/><T45/><D117/><U124/><E124/><V103/><F103/><W94/><G94/><T81/><D118/><U31/><E31/><V23/><F102/><W18/><G18/><N who="0" m="8487" /><D81/><U64/><E64/><V84/><F96/><W2/><G99/><T51/><D95/><U97/><E97/><V56/><F84/><W132/><G74/><T4/><D98/><U121/><E121/><V129/><F23/><N who="0" m="8714" /><D4/><U73/><E73/><V30/><F30/><W1/><G76/><T134/><D134/><U6/><E6/><V10/><F10/><W69/><G132/><T48/><D35/><U90/><E90/><V65/><F129/><W46/><G2/><T32/><D32/><U113/><E113/><V82/><F82/><W43/><G1/><T19/><D19/><RYUUKYOKU ba="0,1" sc="285,10,245,10,83,10,377,-30" hai0="24,29,42,45,48,50,51" hai1="16,20,26,36,37,55,61,87,88,92,104,105,106" hai2="38,39,49,53,56,57,58,59,65,67" owari="295,10.0,255,-14.0,93,-41.0,357,45.0" /></mjloggm>