<mjloggm ver="2.3"><GO type="169" lobby="0"/><UN n0="%E6%97%85%E4%BA%BA%E3%81%A1%E3%82%88%E3%81%99%E3%81%91" n1="%E5%A0%B4%E4%BB%A3" n2="%E7%A5%9E%E6%A5%BD%E5%9D%82%E3%82%86%E3%81%8B" n3="%E3%82%A6%E3%83%AB%E3%83%88%E3%83%A9%E7%AB%8B%E7%9B%B4" dan="16,16,16,17" rate="2120.04,2099.50,2062.19,2206.54" sx="M,M,M,M"/><TAIKYOKU oya="0"/><INIT seed="0,0,0,1,5,29" ten="250,250,250,250" oya="0" hai0="77,30,100,38,65,84,125,37,114,48,8,126,20" hai1="118,87,129,44,103,133,85,76,67,35,104,97,112" hai2="75,99,4,94,11,83,123,45,27,21,0,62,54" hai3="55,73,42,33,3,32,1,7,9,52,43,109,81"/><T115/><D100/><U113/><E118/><V18/><F123/><W60/><G81/><N who="0" m="47151" /><D65/><U36/><E35/><V122/><F122/><W88/><G88/><T13/><D48/><U64/><E133/><V69/><F69/><W31/><G31/><T111/><D111/><U51/><E129/><V135/><F135/><W34/><G73/><T92/><D92/><U26/><E36/><V28/><F75/><W23/><G23/><T86/><D86/><N who="1" m="32779" /><E26/><V10/><F83/><W14/><G109/><T25/><D38/><U56/><E56/><V5/><F45/><W70/><G70/><T49/><D49/><U107/><E107/><V121/><F121/><W78/><G78/><T53/><D37/><U96/><E96/><V95/><F28/><W2/><REACH who="3" step="1"/><G60/><REACH who="3" ten="250,250,250,240" step="2"/><T120/><D120/><U91/><E76/><V116/><F116/><W46/><G46/><T58/><D30/><U22/><E91/><V131/><F131/><W98/><G98/><T105/><D20/><U24/><E22/><V41/><F99/><W134/><G134/><T17/><D115/><N who="1" m="44107" /><E24/><V59/><REACH who="2" step="1"/><F41/><AGARI ba="0,1" hai="1,2,3,7,9,14,32,33,34,41,42,43,52,55" machi="41" ten="50,8000,1" yaku="1,1,52,3,54,1,53,0" doraHai="29" doraHaiUra="12" who="3" fromWho="2" sc="250,0,250,0,250,-80,240,90" /><AGARI ba="0,0" hai="41,44,51,64,67,97,103,104" m="44107,32779" machi="41" ten="30,1000,0" yaku="11,1" doraHai="29" who="1" fromWho="2" sc="250,0,250,10,170,-10,330,0" /><INIT seed="1,0,0,0,2,106" ten="250,260,160,330" oya="1" hai0="63,134,85,33,11,128,121,93,125,71,6,65,119" hai1="40,114,110,72,36,19,4,35,48,31,59,103,10" hai2="26,126,100,73,131,18,108,60,109,74,52,37,28" hai3="13,49,104,86,67,117,58,102,22,92,94,98,75"/><U51/><E114/><V25/><F37/><W16/><G117/><T69/><D119/><U129/><E103/><V124/><F131/><W15/><G75/><N who="2" m="28681" /><F100/><W83/><G15/><T30/><D128/><U54/><E129/><V81/><F81/><W105/><G105/><T66/><D121/><U95/><E19/><V96/><F96/><W122/><G122/><T116/><D116/><U99/><E48/><V115/><F115/><W78/><REACH who="3" step="1"/><G49/><REACH who="3" ten="250,260,160,320" step="2"/><T2/><D2/><N who="1" m="279" /><E72/><V70/><F26/><W87/><G87/><T135/><D85/><U29/><E51/><V7/><F109/><W55/><G55/><T8/><D66/><U44/><E54/><V61/><F108/><W17/><G17/><T53/><D53/><U34/><E110/><V43/><F18/><W68/><G68/><T38/><D69/><U90/><E29/><V127/><F7/><W91/><G91/><T47/><D6/><U64/><E31/><V9/><F70/><W42/><G42/><T77/><D30/><U130/><E130/><V112/><F112/><W62/><AGARI ba="0,1" hai="13,16,22,58,62,67,78,83,86,92,94,98,102,104" machi="62" ten="30,4000,0" yaku="1,1,0,1,54,1,53,0" doraHai="106" doraHaiUra="50" who="3" fromWho="3" sc="250,-10,260,-20,160,-10,320,50" /><INIT seed="2,0,0,1,2,99" ten="240,240,150,370" oya="2" hai0="44,132,122,81,67,86,63,8,105,76,115,73,70" hai1="100,12,43,116,19,114,127,71,53,4,3,25,2" hai2="111,107,56,135,110,85,9,37,52,61,64,5,79" hai3="78,32,92,54,89,118,119,129,74,30,109,26,36"/><V103/><F135/><W49/><G36/><T126/><D115/><U31/><E71/><V7/><F37/><W98/><G109/><N who="2" m="41481" /><F64/><W123/><G123/><T134/><D122/><U88/><E43/><V82/><F9/><W128/><G78/><T57/><D105/><U23/><E114/><V11/><F11/><W101/><G89/><T28/><D28/><U48/><E116/><V69/><F69/><W75/><G119/><T35/><D35/><U94/><E4/><V125/><F125/><W41/><G41/><T1/><D126/><U15/><E127/><V34/><F34/><W55/><G118/><T62/><D44/><U58/><E12/><V39/><F39/><W97/><G97/><AGARI ba="0,0" hai="5,7,52,56,61,79,82,85,97,103,107" m="41481" machi="97" ten="30,11600,0" yaku="14,1,10,1,52,1,54,1" doraHai="99" who="2" fromWho="3" sc="240,0,240,0,150,116,370,-116" /><INIT seed="2,1,0,5,0,126" ten="240,240,266,254" oya="2" hai0="98,36,111,1,38,133,94,122,26,9,47,33,97" hai1="88,66,99,113,65,135,85,100,63,64,57,50,17" hai2="83,54,132,55,68,27,101,106,20,103,10,30,62" hai3="2,72,49,108,69,123,29,70,60,87,71,34,8"/><V48/><F132/><W81/><G123/><T21/><D122/><U15/><E113/><V73/><F106/><W95/><G108/><T77/><D111/><U128/><E128/><V107/><F107/><W22/><G34/><T89/><D33/><U61/><E135/><V6/><F73/><W131/><G72/><T3/><D77/><U42/><E42/><V116/><F116/><W79/><G131/><T37/><D133/><U59/><E99/><V24/><F83/><W67/><G95/><T25/><D25/><U18/><E100/><V91/><F91/><W14/><G2/><T96/><D47/><U124/><E124/><V120/><F24/><W40/><G22/><T102/><D9/><U84/><E50/><V129/><F129/><W75/><G29/><T53/><D53/><U114/><E114/><V117/><F117/><W76/><G76/><T58/><D58/><U0/><E0/><V134/><F134/><W119/><G75/><T35/><D35/><U78/><E65/><N who="2" m="41015" /><F120/><W13/><G13/><T46/><D46/><U32/><E32/><V115/><F115/><W110/><G110/><T43/><D43/><U4/><E4/><V7/><F7/><W109/><G109/><T104/><REACH who="0" step="1"/><D97/><REACH who="0" ten="230,240,266,254" step="2"/><U16/><E78/><V90/><F54/><W82/><G119/><T52/><D52/><U39/><E85/><V28/><F55/><W105/><G40/><T23/><D23/><N who="1" m="11679" /><E39/><V130/><F130/><W44/><G44/><T19/><AGARI ba="1,1" hai="1,3,19,21,26,36,37,38,89,94,96,98,102,104" machi="19" ten="30,2000,0" yaku="1,1,0,1,53,0" doraHai="126" doraHaiUra="5" who="0" fromWho="0" sc="230,33,240,-6,266,-11,254,-6" /><INIT seed="3,0,0,2,1,94" ten="263,234,255,248" oya="3" hai0="82,27,130,19,47,8,1,24,52,23,113,112,21" hai1="126,67,117,102,33,54,80,116,135,22,12,51,29" hai2="70,48,89,49,7,125,77,114,91,118,134,87,10" hai3="4,129,59,35,103,110,98,30,11,108,66,31,6"/><W62/><G129/><T97/><D130/><U65/><E33/><V76/><F114/><W20/><G35/><T86/><D1/><U115/><E115/><N who="0" m="44105" /><D8/><U50/><E126/><V28/><F134/><W63/><G63/><T18/><D97/><U55/><E135/><V2/><F70/><W96/><G96/><T58/><D47/><N who="1" m="27999" /><E80/><V72/><F10/><W106/><G6/><T69/><D69/><U127/><E127/><V38/><F7/><W45/><G45/><T107/><D107/><U14/><E102/><V131/><F2/><W64/><G64/><T16/><D82/><U71/><E71/><V92/><F125/><W42/><G42/><T13/><D86/><U3/><E3/><V41/><F87/><W39/><G39/><T34/><D34/><U90/><E67/><V119/><F72/><W83/><G83/><T93/><D93/><U132/><E65/><V104/><F92/><W60/><G60/><N who="0" m="35911" /><D13/><U32/><E14/><V101/><F104/><W88/><G88/><T37/><D37/><U124/><E90/><V133/><F91/><W36/><G36/><T57/><D57/><U109/><E124/><V0/><F89/><W73/><G73/><T17/><AGARI ba="0,0" hai="16,17,18,19,21,23,24,27" m="35911,44105" machi="17" ten="30,4000,0" yaku="11,1,54,2" doraHai="94" who="0" fromWho="0" sc="263,40,234,-10,255,-10,248,-20" /><INIT seed="4,0,0,4,0,5" ten="303,224,245,228" oya="0" hai0="121,13,37,55,93,106,122,2,41,94,56,124,33" hai1="125,126,128,4,76,42,110,31,16,101,88,114,69" hai2="130,45,38,133,7,49,116,104,78,59,57,32,64" hai3="73,35,92,84,12,119,0,62,6,103,123,39,117"/><T25/><D106/><U109/><E69/><V50/><F130/><W71/><G73/><T65/><D2/><U79/><E128/><V82/><F133/><W107/><G39/><T91/><D65/><U111/><E101/><V68/><F104/><W28/><G123/><T113/><D124/><N who="1" m="47723" /><E4/><V10/><F32/><W15/><G0/><T21/><D33/><U27/><E42/><V89/><F89/><W75/><G75/><T40/><D40/><U24/><E114/><V53/><F116/><W100/><G107/><T36/><D113/><U29/><E16/><V67/><F38/><W11/><G100/><T99/><D37/><U66/><E88/><V8/><F68/><W120/><G120/><T77/><D41/><U102/><E102/><V70/><F70/><W97/><G84/><T47/><D36/><U9/><E9/><N who="2" m="3691" /><F7/><W72/><G72/><T98/><D77/><N who="1" m="29771" /><E66/><N who="2" m="25131" /><F50/><W135/><G135/><T129/><D129/><U17/><E17/><V52/><F53/><W112/><G112/><T22/><D55/><U95/><E95/><V20/><F20/><W30/><G119/><T44/><D22/><U81/><E81/><V14/><F14/><W63/><G15/><T87/><D13/><U58/><E58/><N who="2" m="22027" /><F78/><W115/><G117/><T43/><D122/><U74/><E74/><V85/><F85/><W46/><G71/><T1/><D87/><U127/><N who="1" m="47731" /><U51/><DORA hai="132" /><E51/><V18/><F18/><W83/><G115/><T90/><D121/><U134/><E134/><V86/><F86/><W26/><G83/><AGARI ba="0,0" hai="45,49,52,82,83" m="22027,25131,3691" machi="83" ten="30,8000,1" yaku="8,1,52,3,54,1" doraHai="5,132" who="2" fromWho="3" sc="303,0,224,0,245,80,228,-80" /><INIT seed="5,0,0,4,0,93" ten="303,224,325,148" oya="1" hai0="115,28,7,22,81,33,6,65,51,95,128,4,88" hai1="34,5,102,49,45,123,114,64,101,69,0,57,126" hai2="9,60,77,117,100,62,78,50,116,68,104,111,30" hai3="23,99,72,89,47,8,13,40,122,15,44,127,42"/><U121/><E34/><V39/><F39/><W36/><G72/><T109/><D109/><U106/><E114/><V27/><F111/><W79/><G79/><T70/><D115/><U29/><E29/><V19/><F50/><W53/><G122/><T38/><D38/><U59/><E126/><V3/><F60/><W2/><G127/><T113/><D70/><U107/><BYE who="3" /><E69/><V135/><F135/><W108/><G108/><T24/><D65/><UN n3="%E3%82%A6%E3%83%AB%E3%83%88%E3%83%A9%E7%AB%8B%E7%9B%B4" /><U124/><E124/><V61/><F62/><W132/><G132/><T74/><D74/><U133/><E133/><V84/><F84/><W82/><G53/><T83/><D113/><U92/><E92/><V12/><F3/><W26/><G2/><T129/><D51/><U56/><E0/><V55/><F78/><W67/><G67/><T43/><D43/><U35/><E35/><N who="2" m="20959" /><F55/><W131/><G131/><N who="0" m="50251" /><D33/><U110/><E64/><N who="2" m="40975" /><F77/><W90/><G82/><T118/><D118/><U85/><E85/><AGARI ba="0,0" hai="4,6,7,22,24,28,81,83,85,88,95" m="50251" machi="85" ten="30,2000,0" yaku="19,1,54,1" doraHai="93" who="0" fromWho="1" sc="303,20,224,-20,325,0,148,0" /><INIT seed="6,0,0,1,0,93" ten="323,204,325,148" oya="2" hai0="110,134,100,69,124,4,50,18,113,60,104,86,87" hai1="21,72,79,117,118,89,27,78,46,122,54,14,59" hai2="56,77,45,31,121,88,133,127,47,120,68,71,74" hai3="44,1,13,103,63,76,9,135,125,126,33,36,48"/><V34/><F56/><W35/><G36/><T29/><D110/><U3/><E3/><V85/><F133/><W105/><G1/><T8/><D134/><U94/><E122/><V32/><F31/><W107/><G76/><T81/><D18/><U57/><E72/><V28/><F28/><W53/><G63/><T83/><D50/><U37/><E59/><V55/><F77/><W109/><G109/><T66/><D29/><U49/><E117/><V2/><F2/><W41/><G53/><T62/><D60/><U23/><E23/><V12/><F55/><W43/><G135/><T130/><D8/><U123/><E123/><V7/><F74/><W98/><G107/><T80/><D4/><U116/><E27/><V10/><F127/><W64/><G64/><T39/><D39/><U111/><E111/><V6/><F10/><W82/><G82/><T96/><D124/><N who="3" m="47721" /><G43/><T128/><REACH who="0" step="1"/><D113/><REACH who="0" ten="313,204,325,148" step="2"/><U11/><E116/><V38/><F38/><W65/><G65/><T84/><AGARI ba="0,1" hai="62,66,69,80,81,83,84,86,87,96,100,104,128,130" machi="84" ten="40,8000,1" yaku="1,1,2,1,0,1,52,1,53,0" doraHai="93" doraHaiUra="115" who="0" fromWho="0" sc="313,90,204,-20,325,-40,148,-20" /><INIT seed="7,0,0,2,3,120" ten="403,184,285,128" oya="3" hai0="19,2,127,84,50,47,56,95,107,0,83,91,74" hai1="43,16,126,29,51,70,119,133,64,58,114,8,1" hai2="131,3,90,132,115,40,22,52,28,103,124,17,106" hai3="93,12,5,109,130,59,61,24,135,27,99,23,4"/><W105/><G105/><T26/><D107/><U134/><E114/><V111/><F103/><W63/><G130/><T33/><D56/><U101/><E126/><V69/><F90/><W89/><G135/><N who="1" m="51722" /><E119/><V80/><F131/><W121/><G121/><T77/><D127/><U94/><E70/><V25/><F3/><W14/><G109/><T87/><D87/><U96/><E29/><V48/><F111/><W55/><G63/><T66/><D66/><U62/><E16/><V49/><F17/><N who="3" m="12399" /><G27/><T73/><D73/><U37/><E37/><V35/><F69/><W6/><AGARI ba="0,0" hai="4,5,6,12,14,55,59,61,89,93,99" m="12399" machi="6" ten="30,3000,0" yaku="25,1,8,1" doraHai="120" who="3" fromWho="3" sc="403,-10,184,-10,285,-10,128,30" /><INIT seed="7,1,0,3,0,93" ten="393,174,275,158" oya="3" hai0="67,117,80,74,95,62,98,35,97,86,135,134,107" hai1="44,68,112,19,115,106,11,108,16,18,77,69,0" hai2="109,56,30,125,65,20,49,99,34,55,126,82,70" hai3="81,83,15,91,2,3,92,32,87,42,43,9,132"/><W133/><G32/><T85/><D117/><U104/><E108/><V94/><F109/><W54/><G54/><T120/><D120/><U75/><E44/><V48/><F34/><W114/><G114/><N who="1" m="43562" /><E75/><V8/><F8/><W1/><G43/><T59/><D35/><U73/><E73/><V5/><F5/><W119/><G42/><T84/><D107/><N who="1" m="41003" /><E77/><V100/><F30/><W29/><G29/><T6/><D6/><AGARI ba="1,0" hai="0,6,11,16,18,19,68,69" m="41003,43562" machi="6" ten="40,2600,0" yaku="15,1,54,1" doraHai="93" who="1" fromWho="0" sc="393,-29,174,29,275,0,158,0" owari="364,46.0,203,-20.0,275,8.0,158,-34.0" /></mjloggm>