<mjloggm ver="2.3"><GO type="169" lobby="0"/><UN n0="%E3%81%B5%E3%81%8B%E3%81%98" n1="%E3%81%A9%E3%82%93%E3%82%88%E3%81%8F" n2="%E3%83%88%E3%83%88%E3%83%AA%E5%85%88%E7%94%9F%31%39%E6%AD%B3" n3="%68%6F%73%69%67%61%6D%69" dan="16,19,18,17" rate="2116.87,2273.10,2208.02,2182.11" sx="M,M,F,M"/><TAIKYOKU oya="0"/><INIT seed="0,0,0,0,2,12" ten="250,250,250,250" oya="0" hai0="46,109,23,70,91,39,44,14,100,49,5,94,64" hai1="31,72,88,1,50,3,66,4,101,58,95,61,118" hai2="81,74,29,114,55,130,63,36,123,24,93,20,106" hai3="82,47,42,79,102,99,84,111,103,40,110,17,22"/><T124/><D124/><U126/><E72/><V69/><F106/><W51/><G40/><T45/><D109/><U0/><E126/><V33/><F114/><W67/><G67/><T77/><D39/><U83/><E118/><V8/><F123/><W11/><G11/><N who="0" m="4463" /><D70/><U21/><E101/><V7/><F36/><W54/><G42/><T41/><D64/><U57/><E83/><V71/><F130/><W34/><G34/><T107/><D107/><U13/><E31/><V76/><F93/><W125/><G125/><T115/><D77/><U15/><E4/><V2/><F63/><W60/><G60/><T78/><D78/><U62/><E50/><V9/><F9/><W26/><REACH who="3" step="1"/><G103/><REACH who="3" ten="250,250,250,240" step="2"/><T86/><D115/><U68/><E68/><V120/><F33/><W10/><G10/><T59/><D100/><U25/><E61/><V104/><F69/><W129/><G129/><T134/><D41/><U90/><E58/><V16/><F71/><W6/><G6/><T97/><D134/><U132/><E132/><V133/><F133/><W135/><G135/><T48/><D23/><U85/><REACH who="1" step="1"/><E90/><REACH who="1" ten="250,240,250,240" step="2"/><V113/><F113/><W128/><G128/><T119/><D119/><U38/><E38/><V92/><F7/><W28/><G28/><T105/><D91/><U18/><AGARI ba="0,2" hai="0,1,3,13,15,18,21,25,57,62,66,85,88,95" machi="18" ten="30,7900,0" yaku="1,1,0,1,52,1,54,1,53,0" doraHai="12" doraHaiUra="131" who="1" fromWho="1" sc="250,-39,240,99,250,-20,240,-20" /><INIT seed="1,0,0,3,5,122" ten="211,339,230,220" oya="1" hai0="124,11,66,26,71,135,46,39,110,70,82,51,41" hai1="97,30,3,42,123,105,18,50,10,43,62,44,32" hai2="78,134,112,4,86,56,5,128,117,81,47,49,69" hai3="129,21,45,52,34,14,36,116,40,80,103,99,75"/><U96/><E123/><V90/><F117/><W87/><G34/><T20/><D135/><U79/><E79/><V93/><F69/><W29/><G75/><T133/><D133/><U6/><E43/><V25/><F134/><W76/><G116/><T37/><D124/><U64/><E105/><V19/><F128/><W60/><G129/><T35/><D35/><U54/><E42/><V132/><F132/><W85/><G85/><T101/><D101/><U23/><E30/><V107/><F107/><W109/><G29/><T1/><D82/><U74/><E32/><V7/><F112/><W8/><G21/><T106/><D106/><U125/><E74/><V88/><F56/><W55/><G60/><T48/><D48/><U119/><E125/><V104/><F104/><W33/><G33/><T0/><D70/><U13/><REACH who="1" step="1"/><E119/><REACH who="1" ten="211,329,230,220" step="2"/><V16/><F78/><W84/><G76/><T92/><D41/><U9/><E9/><V28/><F28/><W63/><G8/><T113/><D11/><U100/><E100/><V24/><F24/><W72/><G103/><T2/><D26/><U58/><AGARI ba="0,1" hai="3,6,10,13,18,23,44,50,54,58,62,64,96,97" machi="58" ten="20,7800,0" yaku="1,1,0,1,7,1,53,1" doraHai="122" doraHaiUra="15" who="1" fromWho="1" sc="211,-26,329,88,230,-26,220,-26" /><INIT seed="1,1,0,5,4,95" ten="185,417,204,194" oya="1" hai0="101,22,108,20,119,80,25,133,8,132,66,64,56" hai1="91,127,59,35,110,113,23,87,61,58,13,92,128" hai2="67,18,129,41,103,44,125,109,50,7,51,42,106" hai3="90,12,107,105,118,124,81,9,27,31,36,126,6"/><U135/><E113/><V112/><F109/><W83/><G36/><T63/><D108/><U94/><E35/><V78/><F112/><W38/><G38/><T26/><D119/><U14/><E127/><N who="3" m="48682" /><G118/><T4/><D80/><N who="3" m="30793" /><G90/><T57/><D101/><U74/><E74/><V130/><F78/><W53/><G53/><T123/><D123/><U2/><E2/><V48/><F125/><W96/><G96/><T75/><D75/><U69/><E128/><V98/><F67/><W117/><G117/><T99/><D99/><U120/><E135/><N who="0" m="51785" /><D64/><U65/><E120/><V76/><F76/><W1/><G1/><N who="0" m="15" /><D56/><U39/><E39/><V47/><F48/><W11/><G11/><T85/><D85/><U0/><E0/><V93/><F106/><W17/><G6/><T104/><D104/><U68/><E110/><V32/><F7/><W116/><G116/><T29/><D25/><U28/><E59/><V52/><F130/><W43/><G43/><T88/><D88/><U60/><E92/><V46/><F129/><W82/><G82/><T49/><D49/><U24/><E68/><V10/><F46/><W73/><G73/><T72/><D72/><U131/><E131/><V34/><F52/><AGARI ba="1,0" hai="13,14,23,24,28,52,58,60,61,65,69,87,91,94" machi="52" ten="30,2900,0" yaku="7,1,54,1" doraHai="95" who="1" fromWho="2" sc="185,0,417,32,204,-32,194,0" /><INIT seed="1,2,0,0,2,117" ten="185,449,172,194" oya="1" hai0="131,74,25,86,7,122,89,98,42,29,68,6,35" hai1="13,77,49,125,114,27,54,118,105,103,58,134,73" hai2="126,75,26,107,120,90,46,81,32,69,130,87,108" hai3="16,39,53,1,21,8,119,95,61,104,30,44,96"/><U65/><E118/><V19/><F69/><W41/><G119/><T12/><D74/><U67/><E114/><V121/><F107/><W59/><G104/><T112/><D112/><U62/><E125/><V100/><F100/><W102/><G30/><T34/><D68/><U28/><E134/><V18/><F126/><W99/><G99/><T101/><D35/><U11/><E73/><V127/><F127/><W4/><G1/><T111/><D111/><U33/><E77/><V116/><F116/><W47/><G47/><T72/><D72/><U91/><E91/><V124/><F124/><W82/><G82/><T5/><D131/><U78/><E78/><V20/><F108/><W56/><G56/><T31/><D31/><U83/><E83/><V57/><F130/><W93/><G4/><T135/><D135/><U133/><E133/><V55/><F32/><W45/><G45/><T52/><D42/><U70/><E67/><V14/><F46/><W79/><G79/><T15/><D52/><U17/><E105/><V84/><F84/><W113/><G113/><T115/><D115/><U36/><E103/><V85/><F85/><W66/><G8/><T51/><D51/><U92/><E92/><V80/><F80/><W76/><G76/><T64/><D64/><U9/><E36/><V128/><F128/><W0/><G0/><T94/><REACH who="0" step="1"/><D122/><REACH who="0" ten="175,449,172,194" step="2"/><U97/><E33/><V88/><F75/><W50/><G66/><T10/><D10/><U38/><E9/><N who="2" m="6479" /><F55/><W43/><G43/><T24/><D24/><U123/><E123/><N who="2" m="47179" /><F57/><W40/><G40/><T48/><D48/><RYUUKYOKU ba="2,1" sc="175,15,449,-15,172,15,194,-15" hai0="5,6,7,12,15,25,29,34,86,89,94,98,101" hai2="19,20,26,81,87,88,90" /><INIT seed="2,3,1,1,2,89" ten="190,434,187,179" oya="2" hai0="126,40,50,42,116,123,74,110,109,70,114,63,37" hai1="29,15,99,87,100,94,130,14,119,124,117,85,93" hai2="133,11,102,23,132,91,64,1,111,112,9,105,10" hai3="28,118,96,19,104,68,18,77,61,72,101,51,0"/><V47/><F112/><W75/><G118/><T41/><D74/><U22/><E124/><V107/><F1/><W134/><G0/><T38/><D114/><U92/><E130/><V90/><F111/><N who="0" m="42506" /><D126/><U65/><E65/><V79/><F79/><W121/><G121/><T7/><D7/><U122/><E122/><V83/><F64/><W34/><G134/><N who="2" m="51817" /><F102/><W95/><G51/><T129/><D123/><U106/><E14/><V4/><F4/><W71/><G71/><T115/><D115/><U30/><E30/><V80/><F23/><W49/><G49/><T53/><D129/><U43/><E43/><V33/><F33/><W54/><G72/><T20/><D20/><U81/><E85/><N who="2" m="50471" /><F47/><W24/><G77/><T31/><D31/><U108/><E108/><V131/><F131/><W8/><G75/><T67/><D116/><U21/><E21/><V13/><F13/><W128/><G128/><T46/><AGARI ba="3,1" hai="37,38,40,41,42,46,50,53,63,67,70" m="42506" machi="46" ten="30,4000,0" yaku="14,1,34,2" doraHai="89" who="0" fromWho="0" sc="190,59,434,-13,187,-23,179,-13" /><INIT seed="3,0,0,3,5,11" ten="249,421,164,166" oya="3" hai0="126,39,7,52,95,114,90,5,128,26,79,119,103" hai1="36,122,67,28,37,85,65,101,51,55,25,100,130" hai2="13,87,72,3,124,121,58,127,133,123,113,69,47" hai3="31,33,70,97,41,49,27,35,94,81,62,59,10"/><W23/><G70/><T19/><D119/><U48/><E122/><N who="2" m="46603" /><F3/><W57/><G81/><T60/><D39/><U4/><E4/><V71/><F72/><W17/><G57/><N who="0" m="34855" /><D128/><U104/><E48/><V0/><F0/><W64/><G49/><T21/><D126/><N who="2" m="48170" /><F113/><W92/><G41/><T63/><D114/><U50/><E50/><V112/><F112/><W89/><G94/><T120/><D120/><U14/><E130/><V6/><F47/><W98/><G98/><N who="0" m="57719" /><D79/><U38/><E104/><V46/><F46/><W118/><G118/><T32/><D32/><U84/><E36/><V78/><F133/><W1/><G1/><T56/><D103/><U20/><E100/><V93/><F58/><W53/><G64/><AGARI ba="0,0" hai="5,7,19,21,26,56,63,64" m="57719,34855" machi="64" ten="30,3900,0" yaku="25,1,8,1,54,1" doraHai="11" who="0" fromWho="3" sc="249,39,421,0,164,0,166,-39" /><INIT seed="4,0,0,1,4,73" ten="288,421,164,127" oya="0" hai0="18,13,105,51,104,75,121,56,33,29,63,96,118" hai1="119,9,5,129,48,100,26,128,46,90,98,45,1" hai2="72,52,114,99,0,117,34,49,133,83,79,10,102" hai3="15,6,35,59,64,108,78,77,43,50,22,84,126"/><T67/><D118/><U85/><E119/><V82/><F117/><W40/><G108/><T76/><D121/><U38/><E26/><V17/><F114/><W113/><G35/><T132/><D132/><U123/><E38/><V89/><F133/><W44/><G113/><T115/><D115/><U55/><E46/><V53/><F34/><W11/><G126/><T88/><D51/><U122/><E90/><V101/><F53/><W110/><G110/><T81/><D29/><U27/><E27/><V127/><F127/><W106/><G106/><T28/><D28/><U107/><REACH who="1" step="1"/><E85/><REACH who="1" ten="288,411,164,127" step="2"/><V86/><F99/><W19/><G84/><T97/><D96/><U36/><E36/><V4/><REACH who="2" step="1"/><F17/><REACH who="2" ten="288,411,154,127" step="2"/><W23/><G40/><T16/><D18/><U71/><E71/><V69/><F69/><W25/><REACH who="3" step="1"/><G23/><REACH who="3" ten="288,411,154,117" step="2"/><T32/><D33/><U8/><E8/><V47/><AGARI ba="0,3" hai="0,4,10,47,49,52,72,79,82,83,86,89,101,102" machi="47" ten="20,8000,1" yaku="1,1,0,1,7,1,52,1,54,1,53,0" doraHai="73" doraHaiUra="24" who="2" fromWho="2" sc="288,-40,411,-20,154,110,117,-20" /><INIT seed="5,0,0,5,3,130" ten="248,391,264,97" oya="1" hai0="72,63,67,126,66,57,20,71,8,104,115,122,85" hai1="74,129,22,114,53,123,49,87,17,23,9,39,134" hai2="75,100,43,5,61,117,36,21,119,10,19,110,38" hai3="62,103,127,52,32,24,79,112,56,95,120,15,93"/><U29/><E123/><V60/><F110/><W131/><G120/><T94/><D72/><U51/><E39/><V7/><F75/><W27/><G131/><T106/><D122/><U44/><E74/><V3/><F100/><W31/><G112/><T88/><D67/><U77/><E114/><V37/><F43/><W0/><G0/><T101/><D115/><U4/><E129/><V133/><F7/><W132/><G127/><T111/><D111/><U59/><E29/><V18/><F133/><W113/><G113/><T78/><D78/><U76/><E134/><V2/><F2/><W58/><G132/><T33/><D33/><U42/><E17/><V64/><F60/><W84/><G24/><T82/><D126/><U80/><REACH who="1" step="1"/><E77/><REACH who="1" ten="248,381,264,97" step="2"/><V30/><F30/><W92/><G79/><N who="0" m="46303" /><D104/><U40/><E40/><V25/><REACH who="2" step="1"/><F19/><REACH who="2" ten="248,381,254,97" step="2"/><W121/><G121/><T41/><D41/><U81/><E81/><V83/><F83/><W1/><G31/><T6/><D6/><U128/><E128/><V91/><F91/><W11/><G103/><T47/><D101/><U48/><E48/><V65/><F65/><W116/><G62/><T86/><D63/><U35/><E35/><V13/><F13/><AGARI ba="0,2" hai="4,9,13,22,23,42,44,49,51,53,59,76,80,87" machi="13" ten="30,12000,1" yaku="1,1,7,1,25,2,8,1,53,0" doraHai="130" doraHaiUra="89" who="1" fromWho="2" sc="248,0,381,140,254,-120,97,0" /><INIT seed="5,1,0,4,5,26" ten="248,521,134,97" oya="1" hai0="46,107,45,56,3,104,63,13,126,77,120,15,102" hai1="72,53,131,71,25,80,119,2,29,122,18,60,76" hai2="82,125,112,90,8,88,97,30,36,69,20,130,98" hai3="115,103,117,10,100,33,42,121,132,39,85,124,22"/><U91/><E122/><V109/><F109/><W89/><G33/><T96/><D3/><U51/><E119/><V127/><F69/><W54/><G121/><T0/><D120/><U111/><E2/><V43/><F130/><W65/><G65/><T58/><D0/><U106/><E106/><V34/><F34/><W44/><G117/><T52/><D126/><N who="2" m="48138" /><F112/><W40/><G124/><T70/><D70/><U11/><E131/><V49/><F36/><W38/><G115/><T92/><D77/><U113/><E113/><V27/><F8/><W68/><G68/><T61/><D104/><U110/><E91/><N who="2" m="34859" /><F82/><W116/><G116/><T41/><D107/><U19/><E71/><V86/><F86/><W133/><G10/><T105/><D105/><U14/><E60/><V101/><F101/><W31/><G54/><T12/><D41/><U4/><E110/><V75/><F75/><W7/><G103/><T62/><D61/><U118/><E118/><V83/><F83/><W35/><G100/><T21/><D21/><U1/><E111/><V59/><F59/><W94/><G22/><T16/><D62/><U114/><E114/><V81/><F81/><W50/><G38/><T84/><D58/><U78/><E76/><V128/><F128/><W66/><G66/><T37/><D37/><U93/><E1/><V99/><F99/><W6/><G39/><T57/><D96/><U48/><E80/><V79/><F79/><W134/><REACH who="3" step="1"/><G40/><REACH who="3" ten="248,521,134,87" step="2"/><T123/><D102/><U64/><E64/><V74/><F74/><W47/><G47/><AGARI ba="1,1" hai="20,27,30,43,47,49,97,98" m="34859,48138" machi="47" ten="30,3900,0" yaku="18,1,52,1,54,1" doraHai="26" who="2" fromWho="3" sc="248,0,521,0,134,52,87,-42" /><INIT seed="6,0,0,3,4,56" ten="248,521,186,45" oya="2" hai0="116,124,78,60,1,105,88,38,57,5,117,37,77" hai1="110,47,114,3,17,2,51,27,97,100,128,68,79" hai2="103,61,62,109,25,46,101,112,14,70,126,45,64" hai3="44,21,66,49,133,10,98,19,123,75,131,58,7"/><V87/><F112/><W92/><G123/><T129/><D105/><U50/><E110/><V99/><F109/><W127/><G75/><T32/><D32/><U89/><E68/><V29/><F126/><W40/><G127/><T9/><D124/><U134/><E128/><V63/><F14/><W80/><G131/><T31/><D31/><U102/><E134/><V107/><F101/><W35/><G35/><T52/><D129/><U84/><E79/><N who="0" m="30217" /><D88/><U69/><E69/><V6/><F6/><W93/><G133/><T122/><D122/><U65/><E65/><V0/><F0/><W76/><G98/><T72/><D72/><U24/><E102/><V83/><F87/><W81/><G81/><T130/><D130/><U23/><E27/><V120/><F83/><W113/><G113/><T36/><D36/><U135/><E51/><V43/><F120/><W13/><G80/><T106/><D106/><U96/><E114/><V71/><F71/><W20/><G76/><T82/><D82/><U12/><E24/><V54/><F54/><W86/><G86/><T22/><D22/><N who="3" m="8809" /><G7/><T132/><D132/><U15/><E135/><V28/><F28/><W74/><G74/><T94/><D38/><U39/><E39/><N who="2" m="21759" /><F46/><W8/><G8/><T85/><D37/><U34/><E34/><AGARI ba="0,0" hai="25,29,34,61,62,63,64,70,99,103,107" m="21759" machi="34" ten="30,11600,0" yaku="25,1,52,3" doraHai="56" who="2" fromWho="1" sc="248,0,521,-116,186,116,45,0" /><INIT seed="6,1,0,2,2,47" ten="248,405,302,45" oya="2" hai0="82,5,13,77,43,129,72,94,26,71,39,62,76" hai1="123,102,133,110,32,65,10,42,81,50,112,132,89" hai2="134,61,103,11,64,15,31,118,117,36,115,119,125" hai3="99,128,113,35,54,96,3,84,19,88,73,75,92"/><V20/><F36/><W130/><G3/><T7/><D129/><N who="3" m="49769" /><G35/><T27/><D76/><U80/><E123/><V109/><F115/><W60/><G19/><T95/><D43/><U131/><E32/><V87/><F134/><W126/><G60/><T135/><D39/><U29/><E29/><V120/><F120/><W23/><G23/><T38/><D38/><U14/><E131/><V48/><F125/><W69/><G69/><T116/><D135/><N who="1" m="51787" /><E110/><V83/><F109/><W74/><G54/><T66/><D94/><U41/><E65/><V70/><F103/><W107/><G126/><T121/><D27/><U58/><E102/><V91/><F20/><W93/><G107/><T52/><D62/><U45/><E42/><V33/><F31/><W67/><G67/><T100/><D7/><N who="1" m="3423" /><E112/><V28/><F28/><W0/><G0/><T79/><D5/><U25/><E25/><V127/><F33/><W12/><G12/><T2/><D71/><U44/><E44/><V1/><F127/><W114/><G93/><T18/><D95/><U17/><E17/><V6/><REACH who="2" step="1"/><F1/><REACH who="2" ten="248,405,292,45" step="2"/><W90/><G90/><T24/><D2/><U8/><E89/><V46/><F46/><W108/><G108/><T34/><D34/><U16/><E58/><V106/><F106/><W22/><G22/><T55/><D121/><U56/><E56/><V78/><F78/><W30/><G30/><T49/><D79/><U53/><E41/><V124/><F124/><W37/><G37/><T111/><D77/><U51/><E51/><AGARI ba="1,1" hai="6,11,15,48,51,61,64,70,83,87,91,117,118,119" machi="51" ten="40,7700,0" yaku="1,1,52,2,53,0" doraHai="47" doraHaiUra="122" who="2" fromWho="1" sc="248,0,405,-80,292,90,45,0" /><INIT seed="6,2,0,1,4,39" ten="248,325,382,45" oya="2" hai0="106,88,131,82,5,27,108,40,104,21,10,71,64" hai1="6,95,29,83,98,0,125,103,50,30,69,33,114" hai2="51,28,85,133,7,132,24,54,87,126,23,37,67" hai3="128,32,48,25,118,101,124,123,66,11,58,93,49"/><V122/><F122/><W97/><G123/><T112/><D108/><U94/><E69/><V43/><F126/><W42/><G118/><T135/><D112/><U47/><E114/><V76/><F67/><W16/><G124/><T70/><D131/><U121/><E125/><V62/><F62/><W3/><G128/><T92/><D135/><N who="2" m="51786" /><F76/><W1/><G32/><T61/><D71/><U31/><E121/><V129/><F129/><W115/><G115/><T56/><D70/><U78/><E94/><V111/><F111/><W74/><G74/><T73/><D40/><U17/><E33/><V107/><F107/><W91/><G101/><T22/><D82/><U116/><E116/><V105/><F105/><W60/><G49/><T26/><D73/><U117/><E117/><V90/><F7/><W41/><G1/><T127/><D127/><U130/><E130/><V99/><F99/><W81/><G3/><T14/><D22/><U57/><E57/><N who="2" m="32991" /><F90/><W109/><G109/><T44/><D104/><U18/><E6/><V53/><F53/><N who="3" m="32039" /><G81/><T15/><D106/><U65/><E65/><V59/><F59/><N who="3" m="37151" /><G11/><T46/><D44/><AGARI ba="2,0" hai="23,24,28,37,43,44,85,87" m="32991,51786" machi="44" ten="30,2900,0" yaku="20,1,52,1" doraHai="39" who="2" fromWho="0" sc="248,-35,325,0,382,35,45,0" /><INIT seed="6,3,0,5,2,54" ten="213,325,417,45" oya="2" hai0="91,77,88,37,129,30,71,5,112,73,96,11,43" hai1="10,62,65,108,44,46,76,102,123,93,9,28,15" hai2="47,113,135,87,66,4,81,124,127,2,111,98,18" hai3="16,101,99,120,8,6,51,97,31,90,119,34,125"/><V126/><F113/><W19/><G119/><T53/><D71/><U68/><E108/><V22/><F111/><W39/><G39/><T35/><D112/><U105/><E123/><V74/><F74/><W107/><G120/><T48/><D129/><U40/><E76/><V64/><F135/><W36/><G36/><T26/><D96/><U56/><E28/><V38/><F98/><W92/><G125/><T82/><D43/><U122/><E122/><V20/><F20/><W132/><G132/><T60/><D60/><U29/><E29/><V63/><F4/><W115/><G115/><T69/><D69/><U109/><E109/><V95/><F95/><W89/><G89/><T55/><D37/><U130/><E130/><V134/><F2/><W117/><G117/><T100/><D100/><U103/><E105/><V13/><F134/><W12/><REACH who="3" step="1"/><G51/><REACH who="3" ten="213,325,417,35" step="2"/><T21/><D48/><U25/><E102/><V121/><F121/><W32/><G32/><T0/><D35/><U80/><E103/><V23/><F38/><W7/><G7/><T50/><D50/><U118/><E118/><V79/><F126/><W59/><G59/><T106/><D91/><U42/><E68/><V3/><F127/><W27/><AGARI ba="3,1" hai="6,8,12,16,19,27,31,34,90,92,97,99,101,107" machi="27" ten="30,8000,1" yaku="1,1,0,1,54,1,53,2" doraHai="54" doraHaiUra="14" who="3" fromWho="3" sc="213,-23,325,-23,417,-43,35,99" /><INIT seed="7,0,0,0,3,106" ten="190,302,374,134" oya="3" hai0="114,23,78,28,76,134,33,51,46,128,45,73,91" hai1="62,10,36,44,52,1,58,132,117,119,77,6,112" hai2="102,67,64,32,96,55,98,123,110,82,118,22,90" hai3="129,107,15,17,111,105,131,135,99,13,113,49,103"/><W47/><G111/><T7/><D33/><U37/><E112/><V122/><F118/><N who="1" m="45065" /><E77/><V121/><F32/><W65/><G113/><T25/><D46/><U63/><E63/><V24/><F110/><W60/><G135/><T2/><D23/><U57/><E57/><V16/><F55/><W50/><G107/><T74/><D25/><U0/><E0/><V8/><F8/><W100/><G100/><T88/><D28/><U130/><E130/><N who="3" m="49674" /><G17/><T125/><D51/><N who="3" m="19465" /><G47/><T39/><D45/><U85/><E132/><V43/><F43/><W92/><G105/><T94/><D134/><U116/><E116/><V31/><F31/><W86/><G86/><T59/><D114/><U87/><E37/><V48/><F48/><W27/><G27/><T11/><D39/><U53/><E53/><V18/><F18/><W133/><G133/><T20/><D7/><U97/><E97/><N who="2" m="37483" /><F102/><W104/><G104/><T81/><D91/><U124/><E124/><V35/><F35/><W61/><G61/><T75/><D88/><U71/><E71/><AGARI ba="0,0" hai="13,15,60,65,71,92,99,103" m="19465,49674" machi="71" ten="30,1500,0" yaku="19,1" doraHai="106" who="3" fromWho="1" sc="190,0,302,-15,374,0,134,15" /><INIT seed="7,1,0,0,4,129" ten="190,287,374,149" oya="3" hai0="10,69,56,64,111,96,120,75,72,104,30,67,51" hai1="11,94,98,21,122,103,81,0,39,97,14,17,118" hai2="124,74,32,80,123,113,16,115,8,125,76,63,90" hai3="88,50,107,86,33,77,1,62,31,116,38,47,71"/><W79/><G116/><T60/><D111/><U7/><E122/><V127/><F123/><W68/><G1/><T9/><D120/><U134/><E39/><V43/><F32/><W106/><G38/><T12/><D9/><U87/><E134/><V2/><F43/><W44/><G107/><T131/><D131/><U105/><E118/><V95/><F63/><W23/><G106/><T58/><D64/><U19/><E19/><V100/><F100/><W121/><G33/><T22/><D58/><U54/><E54/><V45/><F45/><W57/><G121/><T52/><D96/><U36/><E36/><V5/><F16/><W128/><G128/><T27/><D104/><U65/><E65/><V13/><F2/><W28/><G71/><T108/><D108/><U26/><E98/><AGARI ba="1,0" hai="5,8,13,74,76,80,90,95,98,113,115,124,125,127" machi="98" ten="40,1300,0" yaku="18,1" doraHai="129" who="2" fromWho="1" sc="190,0,287,-16,374,16,149,0" owari="190,-21.0,271,7.0,390,49.0,149,-35.0" /></mjloggm>