<mjloggm ver="2.3"><GO type="169" lobby="0"/><UN n0="%E5%B0%B1%E6%B4%BB%E7%94%9F%40%E5%B7%9D%E6%9D%91%E8%BB%8D%E5%9B%A3" n1="%6F%6B%61%65%72%69" n2="%6D%61%63%6A%72" n3="%47%4F%4B%49%47%45%4E" dan="18,16,18,16" rate="2248.66,2124.93,2269.14,2114.67" sx="M,F,M,M"/><TAIKYOKU oya="0"/><INIT seed="0,0,0,5,5,115" ten="250,250,250,250" oya="0" hai0="9,18,64,82,67,89,45,134,95,7,16,81,52" hai1="70,37,19,133,100,57,90,65,39,130,26,119,76" hai2="47,48,24,42,56,12,106,102,69,116,132,8,59" hai3="10,78,113,107,80,1,91,62,5,73,98,121,43"/><T53/><D134/><U71/><E100/><V120/><F120/><W96/><G113/><T97/><D7/><U15/><E133/><V58/><F132/><W23/><G121/><T112/><D112/><U21/><E130/><V129/><F69/><W32/><G32/><T63/><D64/><U118/><E76/><V135/><F135/><W92/><G62/><T28/><D28/><U20/><E71/><V105/><F129/><W33/><G33/><T38/><D38/><U17/><E70/><V79/><F102/><W6/><G6/><T74/><D74/><U41/><E90/><V51/><F24/><W25/><G43/><T46/><D67/><U2/><E2/><V86/><F116/><W75/><G73/><T83/><D9/><U44/><REACH who="1" step="1"/><E39/><REACH who="1" ten="250,240,250,250" step="2"/><V30/><F105/><W99/><REACH who="3" step="1"/><G107/><REACH who="3" ten="250,240,250,240" step="2"/><T127/><D127/><U110/><E110/><V88/><F106/><W31/><AGARI ba="0,2" hai="1,5,10,23,25,31,75,78,80,91,92,96,98,99" machi="31" ten="20,5200,0" yaku="1,1,2,1,0,1,7,1,53,0" doraHai="115" doraHaiUra="122" who="3" fromWho="3" sc="250,-26,240,-13,250,-13,240,72" /><INIT seed="1,0,0,1,0,2" ten="224,227,237,312" oya="1" hai0="52,66,71,43,3,124,73,121,29,123,70,36,88" hai1="44,76,90,65,95,84,89,47,35,108,97,106,117" hai2="116,34,115,120,82,51,92,62,24,103,128,101,55" hai3="75,11,57,21,122,45,114,48,31,72,132,119,58"/><U135/><E35/><V68/><F116/><W131/><G122/><N who="0" m="46603" /><D73/><U60/><E117/><V30/><F120/><W26/><G114/><T10/><D124/><U83/><E108/><V107/><F115/><W39/><G119/><T4/><D29/><U130/><E135/><V18/><F128/><W32/><G132/><T19/><D66/><U69/><E130/><V13/><F92/><W112/><G112/><T28/><D28/><U49/><E49/><V98/><F101/><W37/><G131/><T14/><D43/><U38/><E38/><V127/><F82/><W42/><G72/><T50/><D36/><U80/><REACH who="1" step="1"/><E106/><REACH who="1" ten="224,217,237,312" step="2"/><V1/><F127/><W27/><G37/><T110/><D110/><U46/><E46/><V9/><F51/><W81/><G39/><T91/><D71/><U109/><E109/><V53/><REACH who="2" step="1"/><F1/><REACH who="2" ten="224,217,227,312" step="2"/><W86/><G48/><T8/><D70/><U94/><E94/><V64/><AGARI ba="0,2" hai="9,13,18,24,30,34,53,55,62,64,68,98,103,107" machi="64" ten="30,8000,1" yaku="1,1,2,1,0,1,25,2,53,0" doraHai="2" doraHaiUra="129" who="2" fromWho="2" sc="224,-20,217,-40,227,100,312,-20" /><INIT seed="2,0,0,5,5,4" ten="204,177,327,292" oya="2" hai0="7,39,122,24,48,53,55,96,18,130,104,40,110" hai1="107,44,124,119,92,45,113,100,14,63,46,80,95" hai2="52,51,123,68,49,43,77,36,27,111,41,126,81" hai3="31,66,34,5,2,71,76,32,23,88,118,114,60"/><V74/><F123/><W103/><G118/><T109/><D122/><U47/><E119/><V26/><F36/><W102/><G114/><T6/><D130/><U82/><E113/><V91/><F68/><W121/><G121/><T56/><D39/><U105/><E124/><V101/><F126/><W12/><G76/><T13/><D40/><U10/><E107/><V120/><F120/><W86/><G2/><T94/><D24/><U73/><E105/><V38/><F38/><W116/><G116/><T22/><D104/><U125/><E125/><V58/><F101/><W57/><G71/><T16/><D18/><U61/><N who="1" m="11264" /><DORA hai="70" /><U33/><E33/><V115/><F49/><W90/><G32/><T135/><D55/><U98/><E95/><V129/><F115/><W35/><G35/><T72/><D72/><U127/><E127/><V93/><F129/><W28/><G34/><T84/><D84/><U99/><E99/><V83/><F83/><N who="1" m="31785" /><E73/><V112/><F112/><W64/><G66/><T117/><D135/><U132/><E132/><V128/><F128/><W79/><G79/><T67/><D67/><U25/><E25/><V17/><F27/><N who="3" m="16511" /><G31/><T54/><D54/><U8/><E14/><V20/><REACH who="2" step="1"/><F111/><REACH who="2" ten="204,177,317,292" step="2"/><N who="0" m="42506" /><D117/><U62/><AGARI ba="0,1" hai="8,10,61,62,63,92,98,100" m="31785,11264" machi="62" ten="50,6400,0" yaku="8,1,52,2" doraHai="4,70" who="1" fromWho="1" sc="204,-16,177,74,317,-32,292,-16" /><INIT seed="3,0,0,1,2,16" ten="188,251,285,276" oya="3" hai0="108,106,47,35,9,14,109,32,123,101,114,124,90" hai1="46,1,28,80,4,130,119,68,104,51,62,40,45" hai2="12,112,38,58,17,30,33,103,73,81,92,59,83" hai3="23,55,99,91,115,134,26,49,41,75,128,36,24"/><W93/><G75/><T71/><D123/><U13/><E104/><V21/><F38/><W65/><G115/><T27/><D114/><U63/><E1/><V85/><F112/><W88/><G128/><T18/><D71/><U76/><E119/><V29/><F73/><W15/><G134/><T43/><D124/><U44/><E130/><V79/><F81/><W121/><G121/><T78/><D78/><U8/><E28/><N who="2" m="10859" /><F33/><W56/><G65/><T89/><D101/><U113/><E113/><V54/><F54/><W131/><G131/><T10/><D10/><U11/><E11/><V70/><F70/><W110/><G110/><N who="0" m="42603" /><D106/><U19/><E68/><V120/><F120/><W22/><G36/><N who="0" m="21991" /><D32/><U133/><E133/><V34/><F34/><W118/><G41/><T98/><D98/><AGARI ba="0,0" hai="12,17,21,58,59,79,83,85,92,98,103" m="10859" machi="98" ten="30,2000,0" yaku="8,1,52,1" doraHai="16" who="2" fromWho="0" sc="188,-20,251,0,285,20,276,0" /><INIT seed="4,0,0,3,0,1" ten="168,251,305,276" oya="0" hai0="133,36,11,89,118,26,78,19,0,5,53,18,31" hai1="55,65,10,57,63,125,86,88,38,70,116,123,117" hai2="49,9,60,85,40,14,47,43,76,23,121,3,44" hai3="22,111,69,91,16,27,100,102,8,66,79,94,83"/><T41/><D118/><U81/><E123/><V39/><F121/><W45/><G111/><T17/><D133/><U58/><E125/><V82/><F3/><W37/><G69/><T59/><D78/><U67/><E38/><V50/><F60/><W15/><G66/><T120/><D120/><U80/><E67/><V119/><F119/><W7/><G45/><T71/><D71/><U34/><E34/><V13/><F23/><W114/><G37/><T101/><D101/><U61/><E70/><V105/><F105/><W107/><G107/><T130/><D130/><U72/><REACH who="1" step="1"/><E10/><REACH who="1" ten="168,241,305,276" step="2"/><V135/><F135/><W4/><G114/><T51/><D89/><U77/><AGARI ba="0,1" hai="55,57,58,61,63,65,72,77,80,81,86,88,116,117" machi="77" ten="30,7900,0" yaku="1,1,2,1,0,1,54,1,53,0" doraHai="1" doraHaiUra="20" who="1" fromWho="1" sc="168,-39,241,89,305,-20,276,-20" /><INIT seed="5,0,0,2,1,18" ten="129,330,285,256" oya="1" hai0="115,21,123,105,69,117,102,55,75,108,4,57,65" hai1="98,121,37,104,52,61,113,125,12,58,59,64,106" hai2="11,93,28,78,70,44,3,85,29,81,1,0,77" hai3="40,13,10,109,122,45,34,73,47,5,107,39,30"/><U80/><E121/><V134/><F70/><W128/><G122/><T42/><D75/><U60/><E37/><V87/><F134/><W43/><G107/><T35/><D35/><U126/><E113/><V53/><F11/><W17/><G109/><T133/><D123/><U118/><E118/><V110/><F110/><W32/><G73/><T15/><D108/><U103/><E104/><V96/><F53/><W20/><G128/><T48/><D117/><U97/><E97/><V9/><F44/><W14/><REACH who="3" step="1"/><G30/><REACH who="3" ten="129,330,285,246" step="2"/><T86/><D133/><U33/><E106/><V132/><F132/><W36/><AGARI ba="0,1" hai="5,10,13,14,17,20,32,34,36,39,40,43,45,47" machi="36" ten="20,12000,2" yaku="1,1,2,1,0,1,7,1,9,1,52,1,53,1" doraHai="18" doraHaiUra="19" who="3" fromWho="3" sc="129,-30,330,-60,285,-30,246,130" /><INIT seed="6,0,0,2,3,115" ten="99,270,255,376" oya="2" hai0="2,4,110,39,6,45,52,58,94,79,70,112,30" hai1="32,126,76,34,82,51,133,81,26,97,124,0,9" hai2="12,101,125,7,55,88,72,11,119,100,83,98,24" hai3="23,80,96,89,36,47,8,92,86,122,121,62,13"/><V68/><F125/><N who="1" m="48233" /><E133/><V106/><F68/><W75/><G75/><T16/><D70/><U78/><E97/><V27/><F100/><W48/><G36/><T42/><D110/><U117/><E117/><V33/><F119/><W130/><G23/><T77/><D112/><U66/><E66/><V49/><F33/><W61/><G130/><T22/><D30/><U118/><E118/><V116/><F116/><W73/><G73/><T108/><D108/><U84/><E51/><V15/><F15/><W60/><G121/><T44/><D44/><U17/><E26/><V40/><F40/><N who="3" m="24679" /><G122/><T28/><D28/><U74/><E17/><V14/><F14/><W20/><G20/><T93/><D2/><U127/><E127/><V59/><REACH who="2" step="1"/><F72/><REACH who="2" ten="99,270,245,376" step="2"/><W128/><G128/><T99/><D4/><AGARI ba="0,1" hai="0,4,9,32,34,74,76,78,81,82,84" m="48233" machi="4" ten="30,1000,0" yaku="18,1" doraHai="115" who="1" fromWho="0" sc="99,-10,270,20,245,0,376,0" /><INIT seed="7,0,0,5,5,73" ten="89,290,245,376" oya="3" hai0="68,82,69,24,94,80,19,104,9,54,88,16,48" hai1="91,116,93,12,6,78,40,105,14,56,87,102,128" hai2="58,5,33,134,62,89,108,21,111,115,61,28,63" hai3="47,131,132,123,98,51,1,106,42,110,7,85,76"/><W64/><G123/><T125/><D104/><U49/><E116/><V26/><F115/><W37/><G64/><T124/><D24/><U46/><E128/><V114/><F114/><W66/><G66/><T45/><D80/><U122/><E122/><V121/><F121/><W25/><G106/><T29/><D29/><U103/><E105/><V67/><F134/><W118/><G98/><T97/><D69/><U57/><E14/><V75/><F75/><W120/><G1/><T0/><D68/><U112/><E112/><V59/><F33/><W71/><G71/><T77/><D0/><U70/><E70/><V55/><F61/><W130/><G25/><T18/><D124/><U74/><E74/><V27/><F27/><W4/><G110/><T101/><D125/><U41/><E41/><V31/><F31/><W20/><G20/><T15/><REACH who="0" step="1"/><D77/><REACH who="0" ten="79,290,245,376" step="2"/><U22/><E78/><V50/><F28/><W10/><G76/><T119/><D119/><U126/><E126/><V72/><F26/><W113/><G118/><T92/><D92/><U39/><E93/><V86/><F108/><W65/><G113/><T109/><D109/><U17/><E12/><V53/><F111/><W99/><G130/><T23/><D23/><U43/><E22/><V8/><F21/><W11/><G131/><T32/><D32/><U13/><E13/><V35/><F35/><W90/><G120/><T133/><D133/><U135/><E135/><V60/><F67/><W107/><G107/><T34/><D34/><U83/><E83/><N who="2" m="49375" /><F8/><W2/><G132/><T38/><D38/><U100/><E39/><RYUUKYOKU ba="0,1" sc="79,30,290,-10,245,-10,376,-10" hai0="9,15,16,18,19,45,48,54,82,88,94,97,101" owari="109,-39.0,280,8.0,235,-16.0,376,47.0" /></mjloggm>