<mjloggm ver="2.3"><GO type="41" lobby="0"/><UN n0="%E5%B0%B1%E6%B4%BB%E7%94%9F%40%E5%B7%9D%E6%9D%91%E8%BB%8D%E5%9B%A3" n1="%E3%83%9F%E3%83%89%E3%82%AC%E3%83%AD%E3%83%B3" n2="%E3%82%A2%E3%83%AB%E3%83%9E%E3%82%AE" n3="%6D%75%6B%69%74%74%69" dan="17,13,14,15" rate="2185.88,1927.41,1925.18,2007.91" sx="M,M,M,M"/><TAIKYOKU oya="0"/><INIT seed="0,0,0,1,5,57" ten="250,250,250,250" oya="0" hai0="27,30,103,72,45,90,26,98,131,94,49,51,22" hai1="12,19,55,37,95,47,33,1,63,101,71,125,80" hai2="99,35,123,66,120,75,41,64,77,8,135,25,114" hai3="70,79,44,109,46,87,110,134,111,36,128,83,107"/><T29/><D72/><U82/><E1/><V76/><F114/><W54/><G107/><T23/><D131/><U118/><E33/><V53/><F135/><W73/><G134/><T104/><REACH who="0" step="1"/><D45/><REACH who="0" ten="240,250,250,250" step="2"/><U132/><E47/><V18/><F75/><W124/><G128/><T127/><D127/><U133/><E125/><V48/><F123/><W84/><G124/><T106/><D106/><U117/><E132/><V116/><F120/><W60/><G46/><T21/><D21/><U52/><E133/><V100/><F35/><W96/><G44/><T16/><D16/><U61/><E19/><V81/><F18/><W13/><G73/><T24/><D24/><U97/><E117/><V74/><F25/><W108/><G108/><T5/><D5/><U58/><E118/><V56/><F74/><W112/><G111/><T20/><D20/><U32/><E32/><V121/><F116/><W69/><G110/><T28/><D28/><U3/><E3/><V102/><F121/><W17/><G109/><T65/><D65/><U14/><E80/><V122/><F81/><W0/><G83/><T92/><D92/><U15/><E95/><V129/><F122/><W38/><G0/><T50/><D50/><U4/><E82/><V105/><F105/><W7/><G17/><T88/><D88/><U6/><E6/><V2/><F129/><W126/><G7/><T10/><D10/><U130/><E130/><V91/><F8/><W93/><G126/><T119/><D119/><U43/><E4/><V40/><F2/><W11/><G11/><T62/><D62/><U68/><E61/><RYUUKYOKU ba="0,1" sc="240,30,250,-10,250,-10,250,-10" hai0="22,23,26,27,29,30,49,51,90,94,98,103,104" /><INIT seed="0,1,1,4,1,44" ten="270,240,240,240" oya="0" hai0="110,81,116,9,58,74,61,130,16,98,126,23,10" hai1="8,103,69,31,120,38,115,134,71,34,121,129,85" hai2="21,73,100,18,6,99,46,83,105,39,56,48,76" hai3="88,68,54,64,36,114,96,26,107,72,22,106,77"/><T5/><D116/><U135/><E129/><V63/><F39/><W65/><G36/><T89/><D130/><U94/><E38/><V108/><F6/><W93/><G114/><T104/><D126/><U43/><E43/><V122/><F122/><W33/><G33/><T17/><D110/><U87/><E8/><V111/><F111/><W19/><G54/><T59/><D104/><U70/><E31/><V37/><F37/><W132/><G132/><N who="1" m="50730" /><E34/><V20/><F108/><W24/><G24/><T82/><D74/><U15/><E15/><V119/><F119/><W32/><G32/><T30/><D30/><U35/><E35/><V131/><F131/><W84/><G68/><T123/><D123/><N who="1" m="47179" /><E115/><V117/><F117/><W125/><G125/><T75/><D75/><U41/><E41/><V14/><F21/><W112/><G112/><T67/><D58/><U50/><E50/><V101/><F101/><N who="3" m="62759" /><G107/><T90/><D17/><U25/><E25/><V11/><F11/><N who="0" m="4106" /><D5/><U47/><E47/><V78/><F56/><W133/><G133/><T109/><D109/><U45/><E45/><V102/><F46/><W127/><G127/><T29/><D29/><U2/><E2/><V40/><F105/><W0/><G0/><T7/><D7/><U95/><E103/><V13/><F102/><W42/><G42/><T118/><D118/><U1/><E1/><V79/><F40/><W27/><G27/><N who="0" m="14823" /><D90/><U3/><E3/><V62/><F100/><W12/><G26/><T53/><D67/><U80/><E80/><AGARI ba="1,1" hai="12,19,22,64,65,72,77,80,84,88,93" m="62759" machi="80" ten="30,2000,0" yaku="24,1,54,1" doraHai="44" who="3" fromWho="1" sc="270,0,240,-23,240,0,240,33" /><INIT seed="1,0,0,0,5,10" ten="270,217,240,273" oya="1" hai0="99,114,18,92,111,116,27,108,84,78,82,17,52" hai1="109,86,23,55,83,48,0,122,66,112,62,79,6" hai2="75,129,49,124,45,37,19,98,100,33,133,118,30" hai3="8,68,107,85,104,88,34,58,47,31,115,51,64"/><U25/><E112/><V14/><F118/><W1/><G115/><T54/><D114/><U103/><E122/><V3/><F75/><W5/><G68/><T9/><D116/><U15/><E103/><V4/><F37/><W44/><G34/><T125/><D125/><U102/><E102/><V42/><F124/><W38/><G31/><T127/><D127/><U80/><E80/><V134/><F129/><W126/><G126/><T110/><D27/><U70/><E0/><V106/><F33/><W28/><G28/><T12/><D18/><U22/><E109/><V113/><F30/><W50/><G38/><T120/><D120/><U94/><E94/><V26/><F26/><W46/><G64/><T36/><D36/><U71/><E71/><V29/><F29/><W123/><G123/><T20/><D20/><U24/><E22/><V73/><F73/><W60/><G60/><T89/><AGARI ba="0,0" hai="9,12,17,52,54,78,82,84,89,92,99,108,110,111" machi="89" ten="30,7900,0" yaku="0,1,14,1,52,1,54,1" doraHai="10" who="0" fromWho="0" sc="270,79,217,-39,240,-20,273,-20" /><INIT seed="2,0,0,3,0,87" ten="349,178,220,253" oya="2" hai0="13,122,109,26,19,47,98,132,126,99,117,118,58" hai1="89,133,128,111,65,74,48,33,32,114,57,107,17" hai2="115,119,94,80,71,110,43,73,34,38,82,88,27" hai3="53,5,60,1,40,9,39,91,16,0,106,100,108"/><V67/><F119/><N who="0" m="45578" /><D109/><U59/><E111/><V42/><F110/><W49/><G108/><T54/><D122/><U134/><E114/><V120/><F115/><W2/><G60/><T86/><D132/><N who="1" m="50795" /><E128/><V102/><F120/><W14/><G39/><T52/><D26/><U135/><N who="1" m="50803" /><U113/><DORA hai="103" /><E113/><V105/><F38/><W123/><G40/><T104/><D104/><U125/><E125/><V101/><F101/><W15/><G123/><T46/><D86/><U63/><E74/><V7/><F7/><W90/><G106/><T76/><D76/><U70/><E107/><V72/><F72/><W75/><G100/><T12/><D12/><U130/><E130/><V23/><F34/><N who="1" m="13417" /><E17/><V28/><F73/><W41/><G41/><T31/><D31/><U3/><E3/><V84/><F43/><W79/><G79/><T44/><D126/><U29/><E29/><V22/><F42/><W93/><G75/><T116/><D116/><U64/><E65/><V56/><F71/><W36/><G36/><T25/><D25/><U55/><E89/><V112/><F112/><W37/><G37/><T24/><D24/><U4/><E4/><V8/><F105/><W85/><G91/><T30/><D30/><U50/><E50/><V45/><F88/><W129/><G129/><T18/><D18/><U77/><E77/><V95/><F28/><W51/><REACH who="3" step="1"/><G53/><REACH who="3" ten="349,178,220,243" step="2"/><T97/><D54/><U81/><E81/><V83/><F83/><W11/><AGARI ba="0,1" hai="0,1,2,5,9,11,14,15,16,49,51,85,90,93" machi="11" ten="40,8000,1" yaku="1,1,2,1,0,1,52,1,54,1,53,0" doraHai="87,103" doraHaiUra="68,131" who="3" fromWho="3" sc="349,-20,178,-20,220,-40,243,90" /><INIT seed="3,0,0,4,4,54" ten="329,158,180,333" oya="3" hai0="95,68,34,9,127,108,14,37,129,57,103,83,16" hai1="24,84,125,71,50,11,75,89,0,59,43,22,42" hai2="110,70,90,15,48,20,113,53,33,65,106,18,56" hai3="134,28,8,26,5,60,123,39,36,2,92,88,4"/><W86/><G123/><T55/><D68/><U45/><E71/><V126/><F113/><W91/><G134/><T35/><D37/><U32/><E32/><V73/><F33/><W128/><G128/><T107/><D107/><U66/><E125/><V58/><F106/><W80/><G5/><T12/><D129/><U51/><E75/><V46/><F73/><W82/><G60/><T21/><D127/><U3/><E43/><V41/><F126/><W27/><G27/><T49/><D108/><U100/><E100/><V63/><F110/><W10/><G10/><T74/><D74/><U124/><E11/><V118/><F118/><W29/><G29/><T99/><REACH who="0" step="1"/><D83/><REACH who="0" ten="319,158,180,333" step="2"/><U120/><E124/><V111/><F111/><W122/><G122/><T135/><D135/><U114/><E120/><V7/><F7/><AGARI ba="0,1" hai="7,9,12,14,16,21,34,35,49,55,57,95,99,103" machi="7" ten="30,7700,0" yaku="1,1,7,1,52,1,54,1,53,0" doraHai="54" doraHaiUra="76" who="0" fromWho="2" sc="319,87,158,0,180,-77,333,0" /><INIT seed="4,0,0,3,3,67" ten="406,158,103,333" oya="0" hai0="69,124,60,86,36,15,112,79,127,54,57,25,96" hai1="103,48,133,43,118,123,6,66,11,122,33,94,77" hai2="84,89,56,129,106,83,91,121,125,2,31,1,65" hai3="87,120,90,40,20,98,128,134,34,18,8,55,116"/><T109/><D36/><U10/><E118/><V41/><F121/><W30/><G116/><T42/><D42/><U51/><E33/><V70/><F106/><W93/><G120/><T73/><D73/><U52/><E77/><V28/><F129/><W88/><G128/><T24/><D109/><U12/><E66/><V108/><F108/><W62/><G134/><T13/><D112/><U131/><E131/><V95/><F125/><W132/><G132/><T92/><D69/><U81/><E81/><V21/><F41/><W44/><G34/><T74/><D74/><U99/><E133/><V130/><F130/><W78/><G78/><T27/><D124/><U61/><E61/><V39/><F39/><W82/><G30/><T49/><D127/><U126/><E126/><V58/><F70/><W111/><G111/><T19/><D60/><U100/><E103/><V135/><F135/><W26/><G8/><T46/><D46/><U105/><E11/><V68/><F68/><W80/><G80/><N who="0" m="47391" /><D19/><U29/><E29/><V72/><F72/><W53/><REACH who="3" step="1"/><G62/><REACH who="3" ten="406,158,103,323" step="2"/><T119/><D119/><U101/><E122/><V0/><F65/><W104/><G104/><T9/><D9/><U64/><E123/><V59/><REACH who="2" step="1"/><F21/><REACH who="2" ten="406,158,93,323" step="2"/><W50/><AGARI ba="0,2" hai="18,20,26,40,44,50,53,55,82,87,88,90,93,98" machi="50" ten="20,8000,1" yaku="1,1,0,1,7,1,8,1,54,1,53,0" doraHai="67" doraHaiUra="75" who="3" fromWho="3" sc="406,-40,158,-20,93,-20,323,100" /><INIT seed="5,0,0,3,1,100" ten="366,138,73,423" oya="1" hai0="131,80,107,36,73,10,25,62,55,60,23,122,51" hai1="95,12,30,45,32,105,69,22,35,57,79,16,127" hai2="56,50,112,21,86,68,66,49,130,102,132,53,9" hai3="24,114,59,6,120,113,90,97,38,108,14,94,123"/><U33/><E69/><V117/><F117/><W101/><G108/><T116/><D36/><U125/><E45/><V46/><F132/><W133/><G38/><T42/><D116/><U54/><E79/><V70/><F130/><W64/><G133/><T67/><D131/><U118/><E118/><V65/><F112/><N who="3" m="43115" /><G24/><T19/><D107/><U111/><E111/><V52/><F9/><N who="3" m="4407" /><G101/><T119/><D119/><U43/><E43/><N who="2" m="24799" /><F21/><W44/><G44/><T93/><D122/><U3/><E3/><V11/><F11/><W1/><G1/><T109/><D109/><U77/><E77/><V124/><F86/><W29/><G29/><T34/><D34/><U74/><E74/><V20/><F20/><W83/><G83/><T28/><D73/><U72/><E72/><V98/><F98/><W84/><G97/><T81/><D93/><U26/><E105/><V0/><F102/><W27/><G27/><T17/><D42/><U128/><E128/><V5/><F5/><W121/><G121/><T31/><D67/><N who="2" m="25610" /><F0/><W92/><G92/><T89/><D80/><U87/><E95/><V48/><F124/><N who="1" m="47689" /><E87/><V71/><F71/><W63/><AGARI ba="0,0" hai="59,63,64,84,90,94,120,123" m="4407,43115" machi="63" ten="30,1100,0" yaku="15,1" doraHai="100" who="3" fromWho="3" sc="366,-3,138,-5,73,-3,423,11" /><INIT seed="6,0,0,3,4,21" ten="363,133,70,434" oya="2" hai0="1,42,17,2,24,41,3,23,5,82,124,128,109" hai1="112,50,27,15,35,28,83,49,38,101,127,116,107" hai2="60,18,100,65,40,34,58,80,98,8,84,131,63" hai3="64,69,59,56,39,94,129,43,48,76,105,78,71"/><V77/><F34/><W122/><G105/><T0/><D109/><U44/><E38/><V55/><F131/><W102/><G122/><T88/><D128/><U114/><E116/><V7/><F40/><W81/><G129/><T14/><D124/><U73/><E127/><V52/><F18/><W4/><G4/><T47/><D1/><U57/><E44/><V45/><F45/><N who="3" m="23807" /><G59/><T103/><D103/><U97/><E57/><V104/><REACH who="2" step="1"/><F63/><REACH who="2" ten="363,133,60,434" step="2"/><W92/><G71/><T54/><D47/><U30/><E30/><V22/><F22/><W113/><G69/><T89/><D42/><U86/><E73/><V53/><F53/><W29/><G29/><T36/><D41/><U16/><E112/><V111/><F111/><W11/><G113/><T110/><D110/><U90/><REACH who="1" step="1"/><E114/><REACH who="1" ten="363,123,60,434" step="2"/><V32/><F32/><W70/><G70/><T108/><D36/><U10/><AGARI ba="0,2" hai="10,15,16,27,28,35,49,50,83,86,90,97,101,107" machi="10" ten="20,12000,2" yaku="1,1,2,1,0,1,7,1,52,1,54,1,53,0" doraHai="21" doraHaiUra="33" who="1" fromWho="1" sc="363,-30,123,140,60,-60,434,-30" /><INIT seed="7,0,0,3,2,60" ten="333,263,0,404" oya="3" hai0="22,34,129,123,80,37,31,29,66,20,14,49,122" hai1="81,33,108,19,135,78,63,9,94,68,55,48,126" hai2="36,32,98,39,70,133,127,102,90,30,79,16,11" hai3="86,120,111,6,89,10,74,99,3,128,50,103,27"/><W118/><G118/><T45/><D37/><U72/><E108/><V61/><F61/><W25/><G74/><T125/><D125/><U53/><E126/><V110/><F79/><W95/><G120/><T114/><D129/><U42/><E135/><V54/><F98/><W132/><G132/><T8/><D114/><U41/><E33/><V26/><F102/><W12/><G128/><T92/><D34/><U119/><E119/><V84/><F84/><W13/><G111/><T124/><D124/><U93/><E93/><V88/><F127/><W85/><G3/><T87/><D92/><U75/><E75/><V112/><F110/><W96/><G50/><T43/><D66/><U105/><E105/><V52/><F32/><W121/><G121/><T100/><D100/><U64/><E55/><V23/><F133/><W21/><G13/><T28/><D122/><U73/><E73/><V38/><F112/><W67/><G67/><T56/><D56/><U101/><E101/><V91/><F11/><W113/><G113/><T131/><D131/><U59/><REACH who="1" step="1"/><E94/><REACH who="1" ten="333,253,0,404" step="2"/><V46/><F70/><W35/><G35/><T17/><REACH who="0" step="1"/><D123/><REACH who="0" ten="323,253,0,404" step="2"/><U130/><E130/><V4/><F46/><W82/><G103/><T109/><D109/><U40/><E40/><V69/><F69/><W2/><G95/><T107/><D107/><U62/><E62/><V134/><F134/><W83/><G99/><T77/><AGARI ba="0,2" hai="8,14,17,20,22,28,29,31,43,45,49,77,80,87" machi="77" ten="30,7900,0" yaku="1,1,0,1,8,1,53,1" doraHai="60" doraHaiUra="44" who="0" fromWho="0" sc="323,99,253,-20,0,-20,404,-39" owari="422,52.0,233,-17.0,-20,-52.0,365,17.0" /></mjloggm>