<mjloggm ver="2.3"><GO type="169" lobby="0"/><UN n0="%E3%82%A6%E3%83%AB%E3%83%88%E3%83%A9%E7%AB%8B%E7%9B%B4" n1="%6B%6F%6A%69%6D%6F%6E%39" n2="%E5%91%82%E5%A7%AB" n3="%E3%83%94%E3%82%AB%E5%90%BE%E9%83%8E" dan="17,17,17,17" rate="2184.51,2173.60,2168.69,2181.52" sx="M,M,F,M"/><TAIKYOKU oya="0"/><INIT seed="0,0,0,3,2,11" ten="250,250,250,250" oya="0" hai0="43,40,39,80,50,97,104,129,35,67,10,4,118" hai1="95,63,9,75,68,21,135,79,26,28,38,54,116" hai2="111,121,87,84,32,78,109,125,96,33,13,14,106" hai3="57,22,20,74,29,69,42,81,61,126,31,30,110"/><T117/><D35/><N who="2" m="13386" /><F121/><W3/><G3/><T36/><D50/><U82/><E116/><V73/><F73/><W2/><G2/><T72/><D67/><U100/><E135/><V89/><F78/><W59/><G69/><T119/><D129/><U48/><E38/><V134/><F134/><W23/><G42/><T27/><D27/><U1/><E100/><N who="2" m="62727" /><F87/><W34/><G34/><T105/><D97/><U70/><E95/><N who="2" m="54695" /><F125/><W60/><G126/><T127/><D127/><U86/><E75/><V47/><F47/><W71/><G74/><T56/><D56/><N who="3" m="21577" /><G81/><T52/><D52/><U131/><E131/><V25/><F25/><W41/><G41/><T5/><D80/><U124/><E63/><N who="3" m="24138" /><G71/><T101/><D72/><U98/><E124/><V24/><F24/><W94/><G94/><T85/><D118/><U103/><E54/><V65/><F65/><W91/><G91/><T122/><D122/><U55/><E55/><V66/><F66/><W17/><G17/><T107/><D107/><U112/><E48/><V123/><F123/><W7/><G7/><T130/><D130/><U49/><E49/><V45/><F45/><W93/><G93/><T51/><D51/><U108/><E70/><V44/><F44/><W83/><G83/><T62/><D62/><U133/><E68/><V46/><F46/><W12/><G12/><T115/><D4/><N who="1" m="1167" /><E133/><V77/><F77/><W90/><G90/><T120/><D120/><U113/><E113/><V88/><F88/><W64/><G64/><T92/><D115/><U102/><E112/><V99/><F99/><W6/><G6/><RYUUKYOKU ba="0,0" sc="250,-15,250,-15,250,15,250,15" hai2="13,14,109,111" hai3="20,22,23,29,30,31,110" /><INIT seed="1,1,0,1,2,113" ten="235,235,265,265" oya="1" hai0="63,53,19,114,2,57,78,46,95,58,72,43,54" hai1="23,90,34,101,87,68,16,120,9,112,85,4,75" hai2="99,55,28,98,70,111,67,51,27,133,127,24,109" hai3="18,69,132,119,76,26,35,71,77,61,80,74,11"/><U56/><E112/><V36/><F36/><W128/><G128/><T50/><D2/><U42/><E120/><V79/><F133/><W89/><G132/><T105/><D105/><U8/><E68/><V124/><F79/><W5/><G77/><T39/><D114/><U104/><E75/><V7/><F7/><W118/><G89/><T66/><D95/><U123/><E34/><V108/><F67/><N who="3" m="41199" /><G18/><T82/><D19/><U31/><E31/><V115/><F70/><W52/><G52/><T83/><D83/><U32/><E32/><V103/><F115/><W88/><G88/><T6/><D6/><U25/><E123/><V129/><F129/><W0/><G71/><T96/><D96/><U102/><E42/><V121/><F121/><W116/><G35/><T60/><REACH who="0" step="1"/><D66/><REACH who="0" ten="225,235,265,265" step="2"/><U12/><E104/><N who="2" m="63607" /><F99/><W134/><G134/><T38/><AGARI ba="1,1" hai="38,39,43,46,50,53,54,57,58,60,63,72,78,82" machi="38" ten="30,4000,0" yaku="1,1,0,1,9,1,53,0" doraHai="113" doraHaiUra="125" who="0" fromWho="0" sc="225,53,235,-21,265,-11,265,-11" /><INIT seed="2,0,0,5,0,130" ten="278,214,254,254" oya="2" hai0="112,80,104,30,118,49,0,45,84,78,29,109,9" hai1="42,89,31,95,66,10,53,85,107,3,46,88,59" hai2="13,32,133,65,39,43,129,131,72,117,15,26,113" hai3="40,81,83,28,56,20,82,110,97,35,135,75,115"/><V22/><F113/><W21/><G75/><T103/><D112/><U70/><E107/><V14/><F72/><W125/><G115/><T51/><D109/><U4/><E31/><N who="2" m="19575" /><F65/><W79/><G79/><T96/><D118/><U52/><E70/><V127/><F43/><W111/><G40/><T23/><D51/><U74/><E74/><V90/><F39/><W55/><G97/><T73/><D23/><N who="3" m="8777" /><G35/><T36/><D84/><U93/><E59/><V62/><F62/><N who="3" m="36127" /><G28/><T67/><D67/><U47/><E66/><V105/><F105/><W11/><G11/><T38/><D38/><U121/><E121/><V60/><F60/><W44/><G44/><T2/><D2/><U33/><E33/><V100/><F100/><W6/><G6/><T108/><D36/><U41/><E41/><V134/><F117/><W124/><G135/><N who="2" m="51721" /><F127/><AGARI ba="0,0" hai="81,82,83,110,111,124,125,127" m="36127,8777" machi="127" ten="40,1300,0" yaku="18,1" doraHai="130" who="3" fromWho="2" sc="278,0,214,0,254,-13,254,13" /><INIT seed="3,0,0,4,2,107" ten="278,214,241,267" oya="3" hai0="5,42,112,10,24,64,83,20,76,44,85,37,79" hai1="89,65,17,91,116,8,73,93,28,111,69,7,63" hai2="81,115,31,121,3,52,47,78,94,70,41,0,51" hai3="134,106,19,96,71,53,88,74,35,49,84,38,40"/><W16/><G71/><T118/><D118/><U13/><E111/><V120/><F115/><W2/><G2/><T14/><D112/><U104/><E116/><V87/><F70/><W29/><G74/><T101/><D101/><U66/><E104/><V30/><F0/><W130/><G40/><T117/><D64/><U103/><E66/><V127/><F3/><W1/><G1/><T126/><D126/><U45/><E28/><V129/><F129/><W36/><G130/><T68/><D68/><U122/><E122/><N who="2" m="47211" /><F127/><W72/><G72/><T100/><D100/><U133/><E133/><V48/><F94/><W55/><G134/><T98/><D98/><U92/><E73/><V110/><F110/><W128/><G128/><T86/><D117/><U125/><E125/><V123/><N who="2" m="47219" /><V114/><DORA hai="124" /><F114/><W108/><G108/><T11/><D11/><U43/><E103/><V95/><F95/><W4/><G96/><T58/><D58/><AGARI ba="0,0" hai="30,31,41,47,48,51,52,58,78,81,87" m="47219" machi="58" ten="40,2600,0" yaku="13,1,54,1" doraHai="107,124" who="2" fromWho="0" sc="278,-26,214,0,241,26,267,0" /><INIT seed="4,0,0,4,4,92" ten="252,214,267,267" oya="0" hai0="23,41,100,94,88,101,55,51,109,128,0,85,57" hai1="12,31,1,35,37,103,133,54,60,20,7,78,4" hai2="98,122,120,87,81,79,29,17,36,117,90,26,134" hai3="132,71,95,73,44,65,39,28,14,80,131,74,112"/><T42/><D0/><U18/><E37/><V93/><F36/><W43/><G28/><T84/><D128/><U33/><E78/><V58/><F134/><W104/><G104/><T52/><D109/><U91/><E103/><N who="0" m="39497" /><D85/><U64/><E54/><V59/><F117/><W113/><G131/><T129/><D129/><U67/><E133/><V97/><F17/><W45/><G132/><T34/><D34/><U22/><E91/><V11/><F11/><W10/><G45/><N who="0" m="27759" /><D23/><U124/><E124/><V115/><F115/><W3/><G3/><T121/><D121/><U8/><E64/><V30/><F120/><W96/><G65/><T56/><D56/><U32/><E60/><AGARI ba="0,0" hai="41,42,55,57,60,84,88,94" m="27759,39497" machi="60" ten="30,5800,0" yaku="8,1,54,2" doraHai="92" who="0" fromWho="1" sc="252,58,214,-58,267,0,267,0" /><INIT seed="4,1,0,0,1,40" ten="310,156,267,267" oya="0" hai0="71,95,6,59,134,82,12,81,72,15,94,50,13" hai1="14,115,121,106,35,119,16,108,47,101,43,25,44" hai2="123,24,131,31,49,53,22,122,79,61,84,126,76" hai3="74,109,17,111,102,98,89,26,68,60,30,124,20"/><T7/><D71/><U92/><E121/><V64/><F131/><W97/><G74/><T73/><D134/><U70/><E70/><V10/><F126/><W63/><G124/><T104/><D104/><U19/><E119/><V4/><F123/><W1/><G1/><T55/><D73/><U62/><E108/><V32/><F32/><W42/><G63/><T46/><D72/><U58/><E106/><V132/><F132/><W41/><G41/><T66/><D66/><U113/><E101/><V33/><F33/><W5/><G5/><N who="0" m="1547" /><D59/><U129/><E92/><AGARI ba="1,0" hai="12,13,15,46,50,55,81,82,92,94,95" m="1547" machi="92" ten="30,2900,0" yaku="8,1,52,1" doraHai="40" who="0" fromWho="1" sc="310,32,156,-32,267,0,267,0" /><INIT seed="4,2,0,2,0,37" ten="342,124,267,267" oya="0" hai0="42,81,105,18,16,44,91,71,58,121,28,131,89" hai1="65,72,99,17,119,54,73,43,3,79,67,134,130" hai2="69,24,59,125,10,75,34,64,50,63,77,68,20" hai3="2,128,104,40,21,31,33,32,39,83,107,8,129"/><T56/><D121/><U13/><E3/><V116/><F116/><W111/><G111/><T5/><D105/><N who="3" m="40521" /><G21/><T84/><D71/><U135/><E119/><V96/><F125/><W7/><G83/><T102/><D102/><U122/><E122/><V46/><F34/><N who="3" m="13419" /><G31/><T100/><D100/><U94/><E130/><V19/><F96/><W108/><G108/><T61/><D28/><U55/><E99/><V93/><F93/><W30/><G30/><T118/><D131/><U92/><E13/><V82/><REACH who="2" step="1"/><F10/><REACH who="2" ten="342,124,257,267" step="2"/><W45/><AGARI ba="2,1" hai="2,7,8,39,40,45,128,129" m="13419,40521" machi="45" ten="40,2700,0" yaku="23,1,52,1" doraHai="37" who="3" fromWho="3" sc="342,-15,124,-9,257,-9,267,43" /><INIT seed="5,0,0,4,4,84" ten="327,115,248,310" oya="1" hai0="52,17,44,104,61,130,83,85,27,14,7,20,48" hai1="111,131,21,107,80,29,35,113,4,82,31,124,69" hai2="13,53,72,12,34,108,33,60,50,120,70,125,26" hai3="40,39,81,15,90,92,95,75,100,103,127,51,110"/><U3/><E107/><V94/><F108/><W1/><G1/><T134/><D104/><U2/><E69/><V99/><F120/><W89/><G39/><T18/><D130/><U66/><E66/><V25/><F72/><W42/><G110/><T91/><D134/><U49/><E131/><V24/><F125/><W74/><G127/><T68/><D68/><U97/><E111/><V133/><F133/><W28/><G28/><N who="1" m="10826" /><E35/><V86/><F86/><W106/><G106/><T121/><D121/><U65/><E65/><V37/><F37/><W64/><G64/><T135/><D135/><U5/><E124/><V88/><F60/><W116/><G51/><T59/><D7/><N who="1" m="2635" /><E49/><V10/><F70/><W87/><G116/><T58/><D61/><U54/><E54/><V22/><F22/><AGARI ba="0,0" hai="14,17,18,20,22,27,44,48,52,58,59,83,85,91" machi="22" ten="30,7700,0" yaku="7,1,8,1,52,1,54,1" doraHai="84" who="0" fromWho="2" sc="327,77,115,0,248,-77,310,0" /><INIT seed="6,0,0,2,4,108" ten="404,115,171,310" oya="2" hai0="92,72,51,35,9,1,39,119,25,109,61,27,5" hai1="15,116,117,3,14,76,60,23,46,128,67,96,16" hai2="40,79,38,29,121,98,97,28,85,18,47,134,127" hai3="122,36,54,64,103,49,12,114,131,58,11,4,91"/><V124/><F121/><W100/><G36/><T113/><D109/><U63/><E3/><V56/><F134/><W55/><G122/><T6/><D51/><U106/><E128/><V81/><F18/><W33/><G64/><T68/><D92/><U112/><E112/><V104/><F56/><W78/><G33/><T30/><D113/><U65/><E76/><V99/><REACH who="2" step="1"/><F104/><REACH who="2" ten="404,115,161,310" step="2"/><W77/><G114/><T7/><D119/><U22/><E46/><V94/><F94/><W70/><G70/><T82/><D68/><U133/><E133/><V69/><F69/><W102/><G131/><T135/><D135/><U129/><E129/><V32/><F32/><W88/><G55/><T2/><D35/><U21/><E116/><V50/><F50/><W13/><G54/><T10/><D39/><U71/><E117/><V42/><F42/><W0/><G58/><T75/><D7/><U43/><E43/><V59/><F59/><W130/><G49/><T37/><D37/><U110/><E110/><V93/><F93/><W86/><G130/><T105/><D105/><U19/><E106/><V74/><F74/><W101/><G4/><T53/><D53/><U20/><E96/><V26/><F26/><W48/><G48/><T118/><D118/><U125/><E125/><AGARI ba="0,1" hai="28,29,38,40,47,79,81,85,97,98,99,124,125,127" machi="125" ten="40,3900,0" yaku="1,1,18,1,53,0" doraHai="108" doraHaiUra="52" who="2" fromWho="1" sc="404,0,115,-39,161,49,310,0" /><INIT seed="6,1,0,3,3,84" ten="404,76,210,310" oya="2" hai0="97,113,23,41,80,50,46,120,8,124,69,106,87" hai1="130,22,3,79,5,129,77,55,134,63,122,76,36" hai2="88,98,27,116,99,132,56,33,24,18,131,39,26" hai3="123,21,43,110,89,58,92,60,61,6,114,35,1"/><V127/><F116/><W30/><G35/><T31/><D69/><U28/><E36/><V54/><F39/><W117/><G110/><T95/><D106/><U125/><E122/><V119/><F119/><W59/><G117/><T7/><D120/><U9/><E134/><V53/><F132/><W49/><G123/><T13/><D113/><U16/><E28/><V100/><F131/><W34/><G34/><T82/><D124/><U17/><E125/><V10/><F127/><W126/><G1/><T12/><D87/><U19/><REACH who="1" step="1"/><E22/><REACH who="1" ten="404,66,210,310" step="2"/><V118/><F118/><W101/><G21/><T45/><D31/><U68/><E68/><V20/><F33/><W85/><G30/><T81/><D23/><U78/><N who="1" m="19456" /><DORA hai="102" /><U32/><E32/><V52/><F10/><W86/><G126/><T105/><D8/><U65/><E65/><V133/><F133/><W75/><G114/><T67/><D67/><U15/><E15/><V66/><F27/><W38/><G38/><T83/><D13/><U29/><E29/><V11/><F11/><W91/><G75/><T107/><D12/><U62/><E62/><V14/><F26/><W51/><G61/><T109/><D109/><U135/><E135/><V2/><F24/><W108/><G60/><T64/><D64/><U4/><E4/><V103/><F66/><W112/><G112/><T70/><D7/><U96/><E96/><V128/><F98/><W47/><G108/><T48/><D70/><U40/><E40/><V44/><F99/><W121/><G121/><T71/><N who="0" m="20480" /><DORA hai="94" /><T25/><D71/><U73/><E73/><RYUUKYOKU ba="1,1" sc="404,-10,66,30,210,-10,310,-10" hai1="3,5,9,16,17,19,55,63,129,130" /><INIT seed="7,2,1,1,1,51" ten="394,96,200,300" oya="3" hai0="17,16,58,74,23,52,39,126,10,26,125,54,120" hai1="76,42,6,104,57,118,115,83,87,49,20,69,1" hai2="80,44,116,93,122,84,24,37,55,27,94,109,70" hai3="79,38,22,46,48,53,32,114,96,88,8,89,130"/><W106/><G32/><T77/><D39/><U41/><E118/><V61/><F109/><W60/><G114/><T11/><D120/><U73/><E115/><V100/><F116/><W121/><G121/><T30/><D77/><U64/><E69/><V34/><F34/><W127/><G130/><T99/><D74/><U128/><E128/><V102/><F37/><W5/><G127/><N who="0" m="48651" /><D99/><U15/><E104/><V71/><F44/><W108/><G108/><T105/><D105/><U4/><E1/><V31/><F31/><W21/><G79/><T119/><D119/><U7/><E73/><V131/><F61/><W129/><G129/><T123/><D123/><U59/><E64/><V81/><F131/><W13/><G38/><T9/><D52/><U85/><E85/><V18/><F18/><W67/><G106/><T14/><D17/><U101/><E101/><V0/><F0/><W35/><G35/><T90/><D90/><N who="3" m="34921" /><G96/><T25/><D30/><U2/><E2/><V29/><F29/><W43/><G67/><T111/><D111/><U95/><E95/><V33/><F33/><W107/><G107/><T75/><D75/><U36/><E36/><V40/><F84/><W117/><G117/><T113/><D113/><U72/><E72/><V62/><F122/><W56/><AGARI ba="2,1" hai="5,8,13,21,22,43,46,48,53,56,60" m="34921" machi="56" ten="30,6000,0" yaku="8,1,52,1,54,1" doraHai="51" who="3" fromWho="3" sc="394,-22,96,-22,200,-22,300,76" owari="372,17.0,74,-43.0,178,-22.0,376,48.0" /></mjloggm>