<mjloggm ver="2.3"><GO type="41" lobby="0"/><UN n0="%66%61%62%65%72%67%65" n1="%E5%B0%B1%E6%B4%BB%E7%94%9F%40%E5%B7%9D%E6%9D%91%E8%BB%8D%E5%9B%A3" n2="%E3%82%AF%E3%82%B9%E3%83%8F" n3="%E6%A0%B9%E5%B2%B8%E5%92%8C%E7%BE%8E" dan="15,17,15,13" rate="2032.80,2147.17,1982.51,1869.41" sx="F,M,F,F"/><TAIKYOKU oya="0"/><INIT seed="0,0,0,4,5,104" ten="250,250,250,250" oya="0" hai0="107,43,82,18,88,38,33,7,70,83,122,16,73" hai1="6,2,21,108,91,24,109,40,54,52,45,28,19" hai2="9,22,112,129,71,60,13,116,92,68,134,77,50" hai3="11,20,58,48,85,66,12,90,44,4,128,0,15"/><T127/><D122/><U46/><E2/><V115/><F116/><W97/><G97/><T55/><D33/><U113/><E6/><V99/><F77/><W110/><G128/><T62/><D107/><U114/><E91/><V81/><F81/><W64/><G110/><N who="1" m="42602" /><E28/><V56/><F129/><W75/><G75/><T111/><D111/><U25/><E25/><V126/><F126/><W31/><G58/><T67/><D127/><U57/><E54/><V14/><F134/><W121/><G121/><T59/><D7/><U74/><E74/><V117/><F117/><W27/><G15/><T79/><D83/><U80/><E80/><V5/><F50/><W8/><G11/><T89/><D88/><U41/><E45/><V72/><F72/><W63/><G63/><T53/><D89/><U39/><E41/><V119/><F119/><W51/><G51/><AGARI ba="0,0" hai="19,21,24,39,40,46,51,52,57,113,114" m="42602" machi="51" ten="30,2000,0" yaku="14,1,54,1" doraHai="104" who="1" fromWho="3" sc="250,0,250,20,250,0,250,-20" /><INIT seed="1,0,0,0,2,62" ten="250,270,250,230" oya="1" hai0="116,69,38,23,118,24,129,0,115,22,17,67,89" hai1="92,59,33,70,107,72,102,73,30,57,26,68,10" hai2="82,6,9,46,14,20,36,127,132,53,47,32,122" hai3="52,2,61,119,91,15,124,42,90,51,111,25,80"/><U88/><E107/><V27/><F122/><W41/><G2/><T95/><D115/><U110/><E102/><V1/><F132/><W96/><G124/><T55/><D38/><U7/><E110/><V54/><F127/><W130/><G111/><T77/><D0/><U8/><E57/><V74/><F47/><N who="3" m="27775" /><G130/><T84/><D129/><U86/><E59/><V44/><F44/><W94/><G61/><T48/><D77/><U4/><E10/><V134/><F134/><W43/><G119/><T79/><D79/><U99/><E86/><V87/><F74/><W18/><G25/><T60/><REACH who="0" step="1"/><D23/><REACH who="0" ten="240,270,250,230" step="2"/><U66/><E72/><V13/><F36/><W120/><G120/><T45/><AGARI ba="0,1" hai="17,22,24,45,48,55,60,67,69,84,89,95,116,118" machi="45" ten="20,12000,2" yaku="1,1,2,1,0,1,7,1,52,1,53,1" doraHai="62" doraHaiUra="12" who="0" fromWho="0" sc="240,130,270,-60,250,-30,230,-30" /><INIT seed="2,0,0,1,4,37" ten="370,210,220,200" oya="2" hai0="86,107,56,39,95,77,112,64,45,118,110,124,109" hai1="134,84,101,57,79,76,108,17,12,33,91,4,6" hai2="113,30,18,93,31,114,23,92,2,75,98,3,61" hai3="47,53,123,121,104,122,70,5,42,1,60,120,80"/><V66/><F75/><W63/><N who="3" m="31232" /><DORA hai="51" /><W133/><G133/><T62/><D107/><U46/><E33/><V128/><F128/><W36/><G104/><T100/><D112/><U102/><E108/><N who="0" m="41577" /><D124/><U11/><E57/><V38/><F38/><W22/><G22/><T132/><D132/><U14/><E46/><V9/><F9/><N who="3" m="2223" /><G53/><T58/><D118/><U13/><E17/><V29/><F93/><W55/><G55/><T26/><D26/><U24/><E24/><V59/><F113/><W126/><G126/><T7/><D100/><N who="1" m="38507" /><E134/><V35/><F114/><W83/><G83/><N who="0" m="47471" /><D7/><N who="1" m="2603" /><E11/><V103/><REACH who="2" step="1"/><F35/><REACH who="2" ten="370,210,210,200" step="2"/><W68/><G63/><T69/><D95/><AGARI ba="0,1" hai="12,13,14,76,79,84,91,95" m="2603,38507" machi="95" ten="30,1000,0" yaku="8,1" doraHai="37,51" who="1" fromWho="0" sc="370,-10,210,20,210,0,200,0" /><INIT seed="3,0,0,4,4,1" ten="360,230,210,200" oya="3" hai0="8,43,132,71,114,39,104,5,76,17,45,13,94" hai1="84,30,72,108,78,35,28,88,122,121,129,36,95" hai2="115,57,119,77,7,18,103,109,59,58,112,89,14" hai3="27,83,54,81,99,133,44,64,85,126,11,111,40"/><W63/><G126/><T6/><D104/><U107/><E36/><V80/><F109/><W125/><G111/><T41/><D71/><U70/><E70/><V32/><F32/><W49/><G133/><T33/><D33/><U38/><E38/><V12/><F119/><W42/><G125/><T135/><D114/><U117/><E108/><V106/><F89/><W118/><G118/><T55/><D43/><N who="3" m="16425" /><G27/><T124/><D124/><U15/><E107/><V60/><F60/><W56/><G99/><T61/><D76/><U69/><E69/><V87/><F103/><W86/><G11/><T31/><D31/><U10/><E129/><V105/><F105/><W53/><G64/><T51/><D61/><U0/><E0/><V66/><F106/><W130/><G130/><T113/><D113/><U131/><E131/><V23/><REACH who="2" step="1"/><F66/><REACH who="2" ten="360,230,200,200" step="2"/><W91/><G86/><T102/><D135/><U26/><E117/><V9/><AGARI ba="0,1" hai="7,9,12,14,18,23,57,58,59,77,80,87,112,115" machi="9" ten="30,7900,0" yaku="1,1,2,1,0,1,52,1,53,0" doraHai="1" doraHaiUra="134" who="2" fromWho="2" sc="360,-20,230,-20,200,89,200,-39" /><INIT seed="4,0,0,3,1,42" ten="340,210,289,161" oya="0" hai0="129,58,130,109,54,5,12,94,9,25,7,73,57" hai1="60,102,111,33,18,46,99,91,118,124,126,110,68" hai2="105,23,100,31,29,20,26,132,47,59,86,53,116" hai3="88,101,135,115,19,98,114,85,44,50,37,24,77"/><T41/><D73/><U6/><E6/><V39/><F132/><W127/><G37/><T113/><D113/><N who="3" m="43017" /><G77/><T1/><D109/><N who="1" m="41483" /><E91/><V28/><F116/><W72/><G72/><T3/><D25/><U14/><E33/><V55/><F105/><N who="3" m="63671" /><G127/><N who="1" m="48682" /><E118/><V8/><F100/><W45/><G50/><T10/><D94/><U78/><E78/><V64/><F64/><W4/><G4/><T51/><D12/><U96/><E102/><V75/><F8/><W133/><G19/><T90/><D90/><U13/><E18/><V103/><F75/><W117/><G24/><T27/><D27/><U112/><E112/><V92/><F39/><W21/><G21/><T38/><D58/><U120/><E120/><V61/><F23/><W30/><G30/><T56/><D57/><U95/><E95/><V62/><F61/><W84/><G84/><T17/><D17/><U121/><E121/><V106/><F106/><W81/><G117/><T107/><D107/><U2/><E2/><V122/><F122/><W0/><G0/><T67/><D67/><N who="1" m="41063" /><E14/><V35/><F86/><W52/><G52/><T70/><D70/><U134/><E13/><V48/><F35/><W87/><G85/><T108/><D108/><U80/><E134/><AGARI ba="0,0" hai="44,45,81,87,88,133,134,135" m="63671,43017" machi="134" ten="30,8000,1" yaku="20,1,15,1,52,2,54,1" doraHai="42" who="3" fromWho="1" sc="340,0,210,-80,289,0,161,80" /><INIT seed="5,0,0,2,0,79" ten="340,130,289,241" oya="1" hai0="96,128,31,116,102,74,27,40,0,73,19,44,16" hai1="2,91,75,93,11,26,17,65,37,42,103,49,86" hai2="32,3,120,119,108,127,46,84,82,66,63,59,61" hai3="69,48,131,8,39,54,72,100,10,51,57,124,122"/><U43/><E37/><V111/><F120/><W36/><G72/><T118/><D0/><U81/><E65/><V115/><F119/><W41/><G100/><T4/><D4/><U85/><E75/><V70/><F3/><W22/><G22/><T53/><D74/><U1/><E103/><V34/><F127/><W6/><G10/><T45/><D73/><U80/><E2/><V77/><F115/><W68/><G8/><T14/><D53/><U21/><E85/><V110/><REACH who="2" step="1"/><F46/><REACH who="2" ten="340,130,279,241" step="2"/><N who="3" m="25679" /><G6/><T67/><D45/><N who="1" m="25783" /><E1/><V95/><F95/><W29/><G122/><T107/><D44/><U106/><E106/><V56/><F56/><W123/><G124/><T47/><D47/><U23/><E43/><V38/><F38/><W121/><G39/><T88/><D40/><U50/><E50/><V113/><F113/><W52/><G36/><T104/><D118/><U135/><E135/><V112/><F112/><W25/><G69/><T133/><D116/><U20/><E26/><V9/><F9/><W114/><G68/><T101/><D27/><U71/><E71/><V18/><F18/><W28/><G114/><T129/><D133/><U83/><E11/><V105/><F105/><W35/><G25/><T97/><D107/><U30/><E17/><V134/><F134/><W117/><G117/><T55/><D16/><U89/><E30/><V13/><F13/><W24/><G29/><T12/><D19/><U62/><E62/><V90/><F90/><W99/><G123/><T60/><D31/><U58/><E91/><V76/><F76/><W130/><G121/><T98/><D88/><RYUUKYOKU ba="0,1" sc="340,-15,130,15,279,15,241,-15" hai1="20,21,23,58,80,81,83,86,89,93" hai2="32,34,59,61,63,66,70,77,82,84,108,110,111" /><INIT seed="5,1,1,2,3,42" ten="325,145,294,226" oya="1" hai0="1,30,43,61,25,50,104,68,111,22,38,5,80" hai1="35,52,89,3,60,40,59,51,33,32,73,64,63" hai2="17,84,27,135,128,125,19,90,48,124,134,66,31" hai3="26,100,45,44,110,101,118,69,72,108,14,23,34"/><U112/><E3/><V58/><F66/><W24/><G69/><T85/><D111/><U83/><E112/><V74/><F74/><W97/><G72/><T47/><D104/><U11/><E11/><V91/><F58/><W127/><G34/><T46/><D1/><U37/><E89/><N who="2" m="33803" /><F48/><W4/><G127/><N who="2" m="48713" /><F84/><W71/><G71/><T36/><D5/><U86/><E86/><V107/><F107/><W8/><G118/><T21/><D21/><U0/><E0/><V54/><F54/><W115/><G115/><T109/><D109/><U93/><E93/><V41/><F41/><W20/><G110/><T55/><D68/><U10/><E10/><V117/><F117/><W94/><G101/><T76/><D61/><U126/><E126/><V29/><F128/><W79/><G79/><T62/><D62/><U96/><E96/><V65/><F65/><W88/><G100/><T2/><D2/><U92/><E92/><V132/><F27/><N who="3" m="10283" /><G108/><T114/><D114/><U81/><E73/><V57/><F57/><W122/><G122/><T95/><D95/><U6/><E6/><V123/><F123/><W18/><G23/><T28/><D36/><U70/><REACH who="1" step="1"/><E63/><REACH who="1" ten="325,135,294,226" step="2"/><V56/><F56/><W7/><G8/><T103/><D103/><U9/><E9/><V130/><F130/><W113/><G113/><T39/><D30/><AGARI ba="1,2" hai="17,19,29,30,31,132,134,135" m="48713,33803" machi="30" ten="40,8000,1" yaku="28,2,20,1,18,1" doraHai="42" who="2" fromWho="0" sc="325,-83,135,0,294,103,226,0" /><INIT seed="6,0,0,5,5,119" ten="242,135,397,226" oya="2" hai0="53,15,23,40,122,49,58,52,97,108,62,45,6" hai1="64,89,59,101,54,14,42,120,100,22,102,118,32" hai2="44,107,51,70,129,71,67,84,73,121,105,9,131" hai3="123,36,134,76,29,38,82,33,26,106,92,69,77"/><V124/><F121/><W28/><G92/><T126/><D108/><U25/><E118/><V79/><F73/><N who="3" m="43279" /><G134/><T20/><D122/><U87/><E32/><V57/><F9/><W41/><G123/><T24/><D126/><U63/><E120/><V39/><F39/><W75/><G41/><T113/><D113/><U81/><E42/><V98/><F98/><W111/><G111/><T104/><D40/><U85/><E14/><V31/><F31/><W128/><G128/><T7/><D104/><U90/><E64/><V61/><F124/><W83/><G29/><N who="0" m="17543" /><D97/><U132/><E132/><V112/><F112/><W135/><G135/><T4/><D23/><U5/><E5/><V43/><F105/><W95/><G95/><T94/><D94/><U114/><E114/><V50/><F50/><W103/><G69/><T96/><D96/><AGARI ba="0,0" hai="26,28,33,36,38,75,77,83,96,103,106" m="43279" machi="96" ten="30,2000,0" yaku="33,2" doraHai="119" who="3" fromWho="0" sc="242,-20,135,0,397,0,226,20" /><INIT seed="7,0,0,2,2,83" ten="222,135,397,246" oya="3" hai0="8,114,52,124,70,17,72,109,97,28,135,26,120" hai1="88,60,3,6,45,2,44,51,125,69,11,50,15" hai2="81,63,49,36,32,33,111,0,38,118,20,90,82" hai3="94,126,99,74,56,57,37,95,86,40,19,43,122"/><W24/><G74/><T129/><D109/><U21/><E125/><V108/><F63/><W84/><G37/><T123/><D70/><U77/><E77/><V46/><F20/><N who="3" m="13343" /><G94/><T62/><D72/><U71/><E60/><V48/><F46/><W53/><G57/><N who="0" m="35111" /><D97/><U29/><E69/><V80/><F118/><W92/><G92/><T39/><D39/><N who="2" m="14890" /><F90/><N who="3" m="55799" /><G122/><T112/><D124/><U127/><E71/><V79/><F79/><W115/><G115/><N who="0" m="44075" /><D135/><U121/><E121/><V68/><F68/><W102/><G102/><T104/><D104/><U75/><E75/><V73/><F73/><W64/><G64/><T18/><D129/><U4/><E127/><V25/><F0/><W98/><G98/><T7/><D123/><U67/><E67/><V12/><F33/><W10/><G10/><T55/><D120/><U5/><E2/><V96/><F96/><W128/><G128/><T133/><D133/><U66/><E66/><V76/><F76/><W119/><G119/><T103/><D103/><U85/><E3/><V47/><F80/><W110/><G110/><T1/><D55/><U65/><E65/><V31/><F81/><W113/><G113/><T27/><D27/><U23/><E45/><V30/><F82/><W89/><G89/><T107/><D107/><U91/><E91/><V42/><F108/><W116/><G116/><T54/><D54/><U130/><E130/><V106/><F111/><W14/><G14/><T105/><D105/><U16/><E44/><N who="2" m="25623" /><F12/><W134/><G134/><T41/><D41/><N who="3" m="15945" /><G126/><T132/><D132/><U131/><E131/><V35/><F106/><RYUUKYOKU ba="0,0" sc="222,15,135,-15,397,-15,246,15" hai0="1,7,8,17,18,26,28" hai3="53,56,84,86" /><INIT seed="7,1,0,1,1,134" ten="237,120,382,261" oya="3" hai0="0,112,55,132,135,133,60,9,107,69,74,111,17" hai1="7,34,99,43,61,126,8,4,86,115,48,117,85" hai2="98,128,25,84,129,91,46,5,45,64,114,70,30" hai3="131,13,119,122,50,32,87,3,67,116,81,105,52"/><W53/><G3/><T125/><D111/><U106/><E34/><V93/><F114/><W95/><G105/><T35/><D112/><U72/><E72/><V71/><F5/><W40/><G32/><T22/><D35/><U78/><E115/><V104/><F46/><N who="3" m="25927" /><G131/><N who="2" m="50249" /><F45/><W33/><G33/><T121/><D121/><U38/><E117/><V36/><F36/><W89/><G122/><T27/><D107/><U100/><E38/><V124/><F124/><W56/><G119/><T19/><D74/><U18/><E61/><V113/><F113/><W42/><G42/><T92/><D125/><U14/><E126/><V39/><F39/><W6/><G116/><T110/><D110/><U83/><E7/><V118/><F118/><W108/><G108/><T57/><D69/><U15/><E15/><V24/><F64/><W66/><G81/><T80/><D80/><U101/><E86/><V1/><F1/><W77/><G77/><T79/><D79/><U68/><E68/><N who="2" m="26155" /><F30/><W44/><G44/><T102/><D0/><U123/><E123/><V51/><F51/><N who="3" m="30751" /><G53/><T10/><D19/><U103/><E18/><V127/><F127/><W90/><G89/><T76/><D76/><U82/><E82/><N who="2" m="49559" /><F104/><W63/><G63/><T47/><D47/><N who="1" m="25727" /><E106/><V21/><F98/><AGARI ba="1,0" hai="9,10,17,22,27,55,57,60,92,98,102,132,133,135" machi="98" ten="40,1300,0" yaku="20,1" doraHai="134" who="0" fromWho="2" sc="237,16,120,0,382,-16,261,0" owari="253,-15.0,120,-38.0,366,47.0,261,6.0" /></mjloggm>