<mjloggm ver="2.3"><GO type="169" lobby="0"/><UN n0="%47%4F%4B%49%47%45%4E" n1="%73%69%72%75%6E%65%6B%6F" n2="%E3%81%86%E3%81%91%E3%81%AA%E3%81%8C%E3%81%99%E3%81%9C" n3="%E3%82%A6%E3%83%AB%E3%83%88%E3%83%A9%E7%AB%8B%E7%9B%B4" dan="16,17,16,17" rate="2114.89,2117.10,2083.80,2193.41" sx="M,M,F,M"/><TAIKYOKU oya="0"/><INIT seed="0,0,0,4,4,121" ten="250,250,250,250" oya="0" hai0="126,117,70,135,2,134,115,9,26,80,3,97,99" hai1="39,30,109,53,43,55,122,15,45,108,119,82,34" hai2="24,95,79,7,89,68,62,16,36,111,92,132,14" hai3="77,116,101,6,58,51,8,88,49,1,29,13,33"/><T75/><D70/><U25/><E122/><V67/><F132/><N who="0" m="50730" /><D117/><U71/><E119/><V86/><F36/><W28/><G116/><T69/><D69/><U61/><E15/><V10/><F111/><N who="1" m="42569" /><E82/><V19/><F79/><W12/><G101/><T96/><D115/><U48/><E48/><V52/><F52/><N who="1" m="20041" /><E71/><V37/><F37/><W91/><G13/><T129/><D126/><U41/><E41/><V57/><F68/><W59/><G12/><T35/><D129/><U124/><E61/><V118/><F118/><W11/><G51/><T21/><D35/><U32/><E124/><V125/><F125/><W120/><G49/><T50/><D50/><U107/><E107/><V127/><F127/><W83/><G120/><T60/><D60/><U105/><E105/><V4/><F95/><W84/><G83/><T42/><D42/><U93/><E32/><V22/><AGARI ba="0,0" hai="4,7,10,14,16,19,22,24,57,62,67,86,89,92" machi="22" ten="30,4000,0" yaku="0,1,8,1,54,1" doraHai="121" who="2" fromWho="2" sc="250,-20,250,-10,250,40,250,-10" /><INIT seed="1,0,0,0,2,80" ten="230,240,290,240" oya="1" hai0="53,56,85,71,75,49,77,42,61,36,121,51,0" hai1="14,114,72,94,88,79,9,44,17,111,50,63,54" hai2="123,27,129,3,43,120,118,102,132,115,76,65,28" hai3="103,68,84,108,83,26,5,52,29,110,100,92,131"/><U91/><E114/><V113/><F3/><W24/><G68/><T101/><D0/><U41/><E111/><N who="3" m="42538" /><G5/><T97/><D75/><U13/><E72/><V19/><F118/><W21/><G131/><T12/><D36/><U119/><E79/><V59/><F129/><W95/><G26/><T11/><D71/><U107/><E107/><V57/><F132/><W117/><G117/><T15/><D15/><N who="1" m="7407" /><E119/><V93/><F19/><W89/><G52/><T116/><D116/><U46/><E91/><V40/><F76/><N who="3" m="46183" /><G95/><N who="0" m="58559" /><D42/><U22/><E22/><V2/><F2/><W112/><G112/><T126/><D126/><U34/><E34/><V35/><F123/><W133/><G133/><T86/><D121/><U18/><E18/><V7/><F7/><W45/><G45/><T74/><D74/><U73/><E73/><V135/><F135/><W58/><G58/><T55/><D77/><U32/><E32/><V106/><F120/><W4/><G4/><N who="0" m="3175" /><D61/><U105/><E63/><V6/><F6/><W23/><G23/><T31/><D31/><U20/><E20/><V1/><F1/><W39/><G39/><T30/><D30/><U33/><E33/><V125/><F115/><W64/><G64/><T60/><D60/><U104/><E14/><V38/><F38/><W124/><G124/><T48/><D48/><N who="1" m="28951" /><E13/><V122/><F125/><W127/><G127/><T37/><D37/><U99/><E50/><V78/><F113/><W69/><G69/><T109/><D109/><U10/><E10/><V66/><F122/><W130/><G130/><T70/><D70/><U62/><E62/><RYUUKYOKU ba="0,0" sc="230,10,240,10,290,-30,240,10" hai0="49,51,53,55,56,85,86" hai1="41,44,88,94,99,104,105" hai3="21,24,29,89,92,100,103" /><INIT seed="1,1,0,2,1,54" ten="240,250,260,250" oya="1" hai0="111,47,1,25,106,3,7,109,82,77,45,15,87" hai1="0,131,33,62,80,74,72,99,118,68,135,61,102" hai2="65,91,34,23,81,44,78,85,64,125,86,41,94" hai3="98,20,127,63,129,90,14,130,95,110,56,55,51"/><U49/><E118/><V71/><F125/><W117/><G127/><T35/><D106/><U36/><E36/><V24/><F34/><W67/><G117/><T69/><D69/><U4/><E33/><V59/><F71/><W38/><G38/><T116/><D15/><U104/><E135/><V121/><F121/><W48/><G110/><N who="0" m="41995" /><D116/><U105/><E105/><V43/><F44/><N who="0" m="16970" /><D7/><U32/><E131/><N who="3" m="50186" /><G67/><N who="2" m="25673" /><F59/><W97/><G97/><T6/><D6/><U89/><E68/><V66/><N who="2" m="25681" /><V26/><DORA hai="2" /><F26/><W13/><G13/><T39/><D39/><U113/><E113/><V133/><F133/><W57/><G57/><T22/><D35/><U124/><E32/><V73/><F73/><W132/><G132/><T126/><D126/><U60/><E124/><V9/><F9/><W11/><G20/><T10/><D10/><U93/><E72/><V58/><F58/><W30/><G30/><AGARI ba="1,0" hai="1,3,22,25,30,77,82,87" m="16970,41995" machi="30" ten="30,1000,0" yaku="14,1" doraHai="54,2" who="0" fromWho="3" sc="240,13,250,0,260,0,250,-13" /><AGARI ba="1,0" hai="23,24,30,41,43,78,81,85,86,91,94" m="25681" machi="30" ten="30,1000,0" yaku="8,1" doraHai="54,2" who="2" fromWho="3" sc="253,0,250,0,260,10,237,-10" /><INIT seed="2,0,0,3,3,130" ten="253,250,270,227" oya="2" hai0="59,61,80,109,133,68,123,115,95,111,69,135,86" hai1="54,44,45,30,124,27,81,19,84,41,51,42,104" hai2="103,129,36,11,82,29,6,32,0,127,94,116,90" hai3="72,21,76,13,112,89,66,119,26,132,70,38,47"/><V67/><F116/><W106/><G119/><T60/><D115/><U28/><E104/><V56/><F36/><W128/><G106/><T48/><D95/><U39/><E124/><V24/><F127/><W78/><G128/><T108/><D123/><U105/><E105/><V43/><F129/><W33/><G112/><T122/><D122/><U96/><E96/><V74/><F43/><W87/><G72/><T4/><D4/><U88/><E19/><V64/><F103/><W23/><G33/><T93/><D93/><U7/><E7/><V25/><F56/><W97/><G97/><T5/><D5/><U57/><REACH who="1" step="1"/><E27/><REACH who="1" ten="253,240,270,227" step="2"/><V22/><F25/><W131/><G26/><T31/><D31/><U46/><E46/><V114/><F114/><W134/><G47/><T92/><D108/><U14/><E14/><V2/><F32/><W65/><G131/><T101/><D109/><U62/><AGARI ba="0,1" hai="28,30,39,41,42,44,45,51,54,57,62,81,84,88" machi="62" ten="20,5200,0" yaku="1,1,0,1,7,1,54,1,53,0" doraHai="130" doraHaiUra="121" who="1" fromWho="1" sc="253,-13,240,62,270,-26,227,-13" /><INIT seed="3,0,0,3,4,13" ten="240,302,244,214" oya="3" hai0="111,64,11,92,78,27,98,130,128,80,21,115,41" hai1="50,5,43,30,45,60,84,101,61,93,70,66,65" hai2="22,121,102,82,122,129,25,76,125,3,134,14,72" hai3="36,131,106,77,46,37,19,89,87,68,100,107,51"/><W28/><G68/><T52/><D64/><U119/><E119/><V110/><F3/><W39/><G28/><T29/><D41/><U103/><E5/><V32/><F110/><W124/><G77/><T17/><D111/><U112/><E112/><V88/><F102/><W95/><G131/><N who="0" m="50219" /><D11/><U0/><E0/><V71/><F71/><W58/><G124/><T1/><D1/><U96/><E30/><V10/><F129/><W91/><G100/><N who="0" m="60487" /><D115/><U62/><E103/><V114/><F125/><W26/><G58/><T90/><D90/><U108/><E108/><V56/><F114/><W20/><REACH who="3" step="1"/><G91/><REACH who="3" ten="240,302,244,204" step="2"/><T118/><D118/><U44/><E70/><V12/><F56/><W109/><G109/><T4/><D78/><U40/><REACH who="1" step="1"/><E84/><REACH who="1" ten="240,292,244,204" step="2"/><V38/><F122/><W55/><AGARI ba="0,2" hai="19,20,26,36,37,39,46,51,55,87,89,95,106,107" machi="55" ten="30,11700,0" yaku="1,1,0,1,52,1,53,1" doraHai="13" doraHaiUra="49" who="3" fromWho="3" sc="240,-39,292,-39,244,-39,204,137" /><INIT seed="3,1,0,4,5,46" ten="201,253,205,341" oya="3" hai0="113,49,45,95,44,130,67,85,73,79,70,50,54" hai1="94,126,75,55,32,123,127,124,81,120,121,43,34" hai2="13,77,62,27,84,38,92,51,7,33,9,108,86" hai3="61,58,14,134,37,4,53,69,6,107,15,133,104"/><W57/><G69/><T36/><D36/><U39/><E94/><V99/><F38/><W19/><G37/><T68/><D73/><U22/><E22/><V122/><F122/><W89/><G89/><T82/><D67/><U8/><E8/><V59/><F108/><W30/><G30/><T103/><D130/><U16/><E55/><V5/><F5/><W106/><G58/><T96/><REACH who="0" step="1"/><D113/><REACH who="0" ten="191,253,205,341" step="2"/><U23/><E75/><V100/><F77/><W105/><G134/><T28/><D28/><U117/><E117/><V88/><F33/><W47/><G133/><T18/><D18/><U80/><E32/><V26/><F86/><W74/><G19/><T125/><D125/><U24/><E34/><V97/><F99/><W119/><G74/><T87/><D87/><U52/><REACH who="1" step="1"/><E52/><AGARI ba="1,1" hai="44,45,49,50,52,54,68,70,79,82,85,95,96,103" machi="52" ten="30,12000,2" yaku="1,1,7,1,9,1,52,2,54,1,53,0" doraHai="46" doraHaiUra="131" who="0" fromWho="1" sc="191,133,253,-123,205,0,341,0" /><INIT seed="4,0,0,4,4,19" ten="324,130,205,341" oya="0" hai0="0,67,82,21,86,126,31,39,135,72,8,95,77" hai1="117,43,29,68,1,80,12,99,4,75,73,100,9" hai2="116,93,102,32,17,122,66,5,83,16,106,127,87" hai3="110,13,6,51,81,20,74,78,129,69,71,35,121"/><T112/><D39/><U36/><E68/><V48/><F122/><W111/><G35/><T59/><D135/><U41/><E117/><V60/><F116/><W133/><G6/><T115/><D0/><U11/><E29/><V40/><F32/><W109/><G133/><T89/><D8/><U28/><E28/><V118/><F106/><W98/><G121/><T131/><D126/><U105/><E80/><V23/><F5/><W114/><G114/><N who="0" m="43563" /><D131/><U63/><E63/><V125/><F17/><W62/><G129/><T76/><D76/><U47/><REACH who="1" step="1"/><E41/><REACH who="1" ten="324,120,205,341" step="2"/><V123/><F118/><W94/><G62/><N who="0" m="38367" /><D31/><U2/><E2/><V56/><F123/><W44/><G111/><T70/><D70/><U119/><E119/><V27/><F40/><W104/><G71/><T37/><D37/><U57/><E57/><V84/><F48/><W3/><G69/><T130/><D130/><U79/><E79/><V96/><F83/><W22/><G3/><T14/><D77/><U46/><E46/><V113/><F113/><W45/><G78/><T30/><D30/><U90/><E90/><V58/><F56/><W101/><G110/><T33/><D82/><U50/><E50/><V55/><F66/><W134/><G51/><T15/><D89/><U24/><E24/><V26/><F27/><W38/><G81/><T61/><D61/><U25/><E25/><V92/><F127/><W64/><G64/><T49/><D49/><U42/><E42/><V52/><F125/><W53/><G109/><T54/><D54/><U10/><E10/><V65/><F55/><W120/><G53/><RYUUKYOKU ba="0,1" sc="324,-10,120,30,205,-10,341,-10" hai1="1,4,9,11,12,36,43,47,73,75,99,100,105" /><INIT seed="5,1,1,2,2,42" ten="314,150,195,331" oya="1" hai0="105,73,28,62,134,16,85,70,54,30,40,113,47" hai1="59,5,35,68,112,8,36,3,116,76,135,111,32" hai2="7,65,31,92,53,10,33,88,78,77,1,114,86" hai3="104,66,23,97,130,44,94,118,49,29,125,119,128"/><U37/><E116/><N who="3" m="44586" /><G104/><T17/><D105/><U60/><E68/><V133/><F133/><W43/><G66/><T91/><D73/><U63/><E135/><V110/><F110/><W46/><G125/><T79/><D113/><U39/><E112/><V129/><F114/><W14/><G14/><T132/><D79/><U51/><E111/><V24/><F129/><W61/><G61/><T71/><D71/><U101/><E101/><V55/><F65/><W124/><G124/><T11/><D70/><U126/><E126/><V93/><F93/><W121/><G121/><T56/><D132/><U75/><E51/><V99/><REACH who="2" step="1"/><F78/><REACH who="2" ten="314,150,185,331" step="2"/><W15/><G94/><T123/><D134/><U96/><E76/><V57/><F57/><W69/><G69/><T9/><D123/><U41/><E59/><V74/><F74/><W4/><G128/><T72/><D72/><U27/><E75/><V12/><F12/><W100/><G15/><T48/><D9/><U38/><E27/><V107/><F107/><W82/><G130/><T84/><D11/><U117/><E117/><V109/><F109/><W120/><G120/><T95/><D84/><U87/><E87/><V98/><F98/><W83/><G97/><T108/><D108/><U18/><E96/><V90/><F90/><W67/><G67/><T26/><D26/><U115/><E115/><V19/><F19/><AGARI ba="1,2" hai="16,17,19,28,30,40,47,48,54,56,62,85,91,95" machi="19" ten="40,5200,0" yaku="8,1,52,1,54,1" doraHai="42" who="0" fromWho="2" sc="314,75,150,0,185,-55,331,0" /><INIT seed="6,0,0,5,0,61" ten="389,150,130,331" oya="2" hai0="47,3,79,37,67,113,28,103,118,95,33,51,31" hai1="9,116,16,25,27,5,88,114,115,77,48,2,126" hai2="124,72,73,83,35,132,13,75,82,128,10,30,45" hai3="123,52,85,41,22,69,12,86,19,110,119,60,97"/><V108/><F108/><W109/><G119/><T46/><D3/><U74/><E116/><V92/><F128/><W89/><G123/><T135/><D113/><N who="1" m="43019" /><E126/><V104/><F104/><W64/><G41/><T71/><D37/><U87/><E77/><V34/><F124/><W65/><G86/><T23/><D33/><U54/><E16/><V6/><F132/><W99/><G65/><T90/><D79/><U4/><E4/><V134/><F134/><W129/><G129/><T11/><D11/><U91/><E74/><V21/><F92/><W24/><G24/><N who="1" m="9290" /><E87/><V125/><F125/><W62/><G97/><T66/><D23/><U50/><E50/><V39/><F21/><W43/><G99/><T101/><D51/><U100/><E100/><V59/><F34/><W57/><REACH who="3" step="1"/><G43/><REACH who="3" ten="389,150,130,321" step="2"/><T29/><D118/><U84/><E84/><V96/><F96/><W8/><G8/><T1/><D135/><U18/><E18/><V131/><F131/><W117/><G117/><T44/><D29/><U133/><E133/><V78/><F30/><W14/><G14/><T105/><D31/><U111/><E111/><V55/><F35/><W130/><G130/><T68/><D28/><U15/><E15/><V122/><F122/><W32/><G32/><T80/><D1/><U49/><E54/><V26/><F26/><W0/><G0/><T93/><D103/><U58/><E9/><V121/><F121/><W17/><G17/><T76/><D101/><U36/><E2/><V7/><F7/><W63/><G63/><T42/><D42/><U107/><E5/><V38/><F75/><RYUUKYOKU ba="0,1" sc="389,-10,150,-10,130,-10,321,30" hai3="12,19,22,52,57,60,62,64,69,85,89,109,110" /><INIT seed="7,1,1,0,3,110" ten="379,140,120,351" oya="3" hai0="12,112,113,116,47,11,0,133,103,8,80,67,14" hai1="71,41,132,125,26,124,83,29,130,21,49,82,15" hai2="111,36,9,72,32,106,66,35,24,34,115,45,44" hai3="114,102,60,56,40,121,118,39,53,13,128,100,74"/><W57/><G121/><T51/><D116/><U108/><E108/><V97/><F111/><W73/><G118/><T48/><D103/><N who="3" m="39465" /><G39/><T75/><D67/><U10/><E71/><V68/><F72/><W7/><G40/><T33/><D33/><U69/><E69/><V95/><F106/><W104/><G104/><T1/><D80/><U131/><E49/><V93/><F36/><W101/><G101/><T90/><D90/><U91/><E41/><V2/><F24/><W122/><G122/><T94/><D94/><U88/><E132/><V120/><F120/><W129/><G57/><T70/><D70/><U63/><E63/><V81/><F81/><N who="1" m="30729" /><E91/><V64/><F68/><W59/><G59/><T127/><D47/><U55/><E88/><V86/><F35/><W84/><G84/><T20/><D127/><N who="1" m="48715" /><E55/><V123/><F123/><W89/><G89/><T126/><D126/><U85/><E85/><V6/><F86/><W92/><G92/><T16/><D133/><U77/><E77/><V107/><F95/><W28/><G28/><T65/><D65/><N who="2" m="25194" /><F107/><W99/><G99/><T22/><D75/><N who="3" m="28681" /><G114/><N who="0" m="44139" /><D51/><U87/><E87/><V43/><F115/><W38/><G38/><T61/><D48/><U4/><AGARI ba="1,1" hai="4,10,15,21,26,29,130,131" m="48715,30729" machi="4" ten="30,1100,0" yaku="18,1" doraHai="110" who="1" fromWho="1" sc="379,-4,140,24,120,-4,351,-6" owari="375,47.0,164,-24.0,116,-38.0,345,15.0" /></mjloggm>