<mjloggm ver="2.3"><GO type="169" lobby="0"/><UN n0="%44%26%46" n1="%E3%82%A6%E3%83%AB%E3%83%88%E3%83%A9%E7%AB%8B%E7%9B%B4" n2="%E3%82%AB%E3%83%B3%E3%83%80%E3%82%BF" n3="%E3%83%AD%E3%83%83%E3%83%86%E9%9B%80%E7%90%83" dan="16,17,16,18" rate="2104.68,2230.77,2066.61,2241.10" sx="M,M,M,M"/><TAIKYOKU oya="0"/><INIT seed="0,0,0,1,2,118" ten="250,250,250,250" oya="0" hai0="34,15,45,86,61,98,51,39,106,63,58,135,69" hai1="18,24,84,57,125,44,74,78,99,59,79,65,27" hai2="32,130,16,102,94,64,127,134,33,112,73,93,75" hai3="10,41,36,28,91,0,43,56,25,19,126,121,77"/><T50/><D34/><U113/><E74/><V38/><F38/><W82/><G126/><T120/><D86/><U1/><E1/><V3/><F3/><W132/><G132/><T4/><D4/><U85/><E125/><V109/><F127/><W53/><G91/><T60/><D15/><U26/><E113/><V42/><F42/><W89/><G89/><T133/><D98/><U48/><E99/><V117/><F64/><W13/><G0/><T104/><D104/><U71/><E71/><V31/><F117/><W49/><G36/><T80/><D80/><U22/><E85/><V107/><F31/><W66/><G66/><N who="0" m="41183" /><D106/><U54/><E65/><V67/><F67/><W23/><REACH who="3" step="1"/><G121/><REACH who="3" ten="250,250,250,240" step="2"/><T9/><D120/><U90/><E79/><V6/><F134/><W70/><G70/><T87/><D39/><U14/><REACH who="1" step="1"/><E78/><REACH who="1" ten="250,240,250,240" step="2"/><V95/><F102/><W81/><G81/><AGARI ba="0,2" hai="14,18,22,24,26,27,44,48,54,57,59,81,84,90" machi="81" ten="40,8000,1" yaku="1,1,2,1,8,1,53,1" doraHai="118" doraHaiUra="40" who="1" fromWho="3" sc="250,0,240,100,250,0,240,-80" /><INIT seed="1,0,0,5,4,79" ten="250,340,250,160" oya="1" hai0="7,6,134,18,59,98,66,25,120,44,124,90,74" hai1="76,52,69,114,10,126,58,118,46,60,26,57,30" hai2="75,88,49,129,65,1,121,37,31,36,42,130,50" hai3="62,97,132,27,103,104,13,22,94,8,24,78,102"/><U108/><E118/><V38/><F1/><W72/><G132/><T91/><D74/><U115/><E69/><V128/><F75/><W70/><G103/><T127/><D120/><U41/><E126/><N who="0" m="48169" /><D134/><U14/><E108/><V33/><F121/><W80/><G104/><T86/><D98/><U135/><E58/><V117/><F117/><W89/><G102/><T110/><D110/><U122/><E76/><V45/><F65/><W111/><G111/><T17/><D44/><U4/><E122/><V21/><F33/><W2/><G2/><T93/><D90/><U107/><E107/><V83/><F49/><W82/><G22/><N who="0" m="13519" /><D18/><U0/><E135/><V131/><F131/><W95/><G95/><T64/><D64/><U87/><E87/><N who="2" m="50303" /><F21/><W133/><G133/><T123/><D123/><U100/><E0/><V29/><AGARI ba="0,0" hai="29,31,36,37,38,42,45,50,128,129,130" m="50303" machi="29" ten="40,5200,0" yaku="19,1,52,1,54,1" doraHai="79" who="2" fromWho="2" sc="250,-13,340,-26,250,52,160,-13" /><INIT seed="2,0,0,0,5,93" ten="237,314,302,147" oya="2" hai0="53,124,8,13,46,94,1,26,7,41,3,120,66" hai1="12,118,71,70,83,63,87,43,98,92,4,102,25" hai2="56,54,96,19,16,68,21,74,65,10,126,32,36" hai3="80,109,18,103,115,73,2,39,79,129,113,110,104"/><V55/><F74/><W17/><G2/><T42/><D120/><U37/><E118/><V78/><F32/><W61/><G39/><T40/><D66/><U64/><E37/><V116/><F36/><W86/><G61/><T131/><D131/><U60/><E43/><V107/><F78/><W51/><G51/><T0/><D124/><U59/><E25/><V58/><F126/><W31/><G31/><T15/><D15/><U105/><E105/><V23/><F10/><W14/><G129/><T49/><D26/><U133/><E133/><V95/><F107/><W11/><G17/><T20/><D20/><U91/><REACH who="1" step="1"/><E63/><REACH who="1" ten="237,304,302,147" step="2"/><V50/><F116/><W9/><G115/><T123/><D123/><U85/><E85/><V45/><F68/><W125/><G113/><T84/><D84/><U5/><E5/><V99/><F65/><W122/><G125/><T134/><D134/><U112/><E112/><V30/><F30/><W100/><G122/><T135/><D135/><U47/><E47/><V88/><F45/><W6/><G86/><T52/><D42/><U35/><E35/><V48/><F19/><W130/><G130/><T101/><REACH who="0" step="1"/><D41/><REACH who="0" ten="227,304,302,147" step="2"/><U77/><E77/><V24/><F23/><W128/><G128/><T106/><D106/><U111/><E111/><N who="3" m="42506" /><G104/><T76/><D76/><U27/><E27/><V33/><F33/><W72/><G72/><T89/><D89/><U81/><E81/><V34/><F34/><W28/><G28/><T121/><D121/><U38/><E38/><V69/><F69/><W114/><G114/><T44/><D44/><U29/><E29/><RYUUKYOKU ba="0,2" sc="227,0,304,0,302,0,147,0" hai0="0,1,3,7,8,13,40,46,49,52,53,94,101" hai1="4,12,59,60,64,70,71,83,87,91,92,98,102" hai2="16,21,24,48,50,54,55,56,58,88,95,96,99" hai3="6,9,11,14,18,73,79,80,100,103" /><INIT seed="2,1,2,0,1,87" ten="227,304,302,147" oya="2" hai0="67,133,131,28,88,126,118,11,113,7,109,117,74" hai1="40,41,98,79,46,21,36,59,56,89,31,65,104" hai2="111,110,71,97,121,72,80,37,77,55,82,68,112" hai3="10,123,132,101,50,22,0,8,125,42,30,27,26"/><V69/><F112/><W106/><G125/><T48/><D74/><U81/><E65/><V5/><F121/><W66/><G132/><T53/><D113/><U70/><E70/><V34/><F34/><W114/><G123/><T94/><D126/><U96/><E41/><V129/><F129/><W75/><G75/><T33/><D131/><U130/><E130/><V20/><F37/><W2/><G114/><T93/><D93/><U64/><E64/><V6/><F20/><W12/><G66/><T122/><D122/><U124/><E124/><V13/><F13/><W61/><G61/><T85/><D67/><U90/><E104/><V116/><F116/><N who="0" m="44650" /><D133/><U43/><E36/><V63/><F82/><W35/><G101/><T103/><D103/><U52/><E46/><V92/><F63/><W128/><G106/><T119/><D109/><N who="2" m="41482" /><F55/><W23/><G128/><T39/><D39/><U107/><E52/><V14/><F14/><W62/><G62/><T134/><D134/><U120/><E81/><V49/><F49/><W76/><G50/><T32/><N who="0" m="44658" /><T15/><DORA hai="54" /><D28/><U100/><E31/><V19/><F19/><N who="3" m="10599" /><G42/><T60/><D60/><U25/><E43/><V135/><F135/><W3/><G76/><T108/><D108/><U102/><E40/><V115/><F115/><W57/><G57/><AGARI ba="1,2" hai="7,11,15,32,33,48,53,57,85,88,94" m="44658" machi="57" ten="40,8000,1" yaku="12,1,52,2,54,1" doraHai="87,54" who="0" fromWho="3" sc="227,103,304,0,302,0,147,-83" /><INIT seed="3,0,0,2,4,69" ten="330,304,302,64" oya="3" hai0="128,108,35,101,134,26,58,14,118,96,42,114,18" hai1="77,51,4,116,60,80,129,120,132,7,13,126,11" hai2="39,2,53,70,46,5,102,45,85,90,22,86,83" hai3="0,9,16,52,54,100,64,105,38,48,115,76,63"/><W104/><G115/><T99/><D118/><U133/><E120/><V75/><F70/><W87/><G38/><T74/><D74/><U82/><E116/><V28/><F102/><W61/><G0/><T113/><D128/><U123/><E123/><V79/><F53/><W111/><G111/><T92/><D108/><U72/><E129/><V55/><F55/><W94/><G105/><T17/><D42/><U41/><E126/><V36/><F46/><N who="3" m="27671" /><G104/><T130/><D134/><N who="1" m="51819" /><E82/><V19/><F28/><W59/><G76/><T109/><D109/><U6/><E60/><V33/><F33/><W122/><G122/><T57/><D130/><U32/><E32/><V110/><F110/><W135/><G135/><T62/><D113/><U30/><E30/><V78/><F78/><W127/><G127/><T71/><D35/><U49/><E49/><V95/><F45/><AGARI ba="0,0" hai="4,6,7,11,13,41,45,51,72,77,80" m="51819" machi="45" ten="30,1000,0" yaku="20,1" doraHai="69" who="1" fromWho="2" sc="330,0,304,10,302,-10,64,0" /><INIT seed="4,0,0,0,3,26" ten="330,314,292,64" oya="0" hai0="34,10,116,11,75,102,125,92,79,5,38,77,66" hai1="117,126,89,9,31,112,35,132,40,72,121,41,64" hai2="58,82,104,96,133,8,123,120,2,76,53,63,127" hai3="98,29,101,118,94,81,27,99,61,69,80,13,131"/><T90/><D38/><U111/><E72/><V87/><F127/><W130/><G13/><T124/><D116/><U67/><E9/><V93/><F133/><W100/><G61/><T78/><D75/><U107/><E89/><V0/><F104/><W19/><G19/><T23/><D34/><U129/><E35/><V60/><F60/><W108/><G69/><T105/><D102/><U57/><E57/><V43/><F43/><W119/><G27/><T135/><D105/><U15/><E15/><V128/><F128/><W18/><G18/><T25/><D66/><U49/><E107/><V86/><F86/><W68/><G68/><T3/><D11/><U46/><E67/><V39/><F39/><W71/><G71/><T37/><D37/><U59/><E64/><V24/><F24/><W32/><G32/><T83/><D135/><U1/><E132/><V21/><F21/><W30/><REACH who="3" step="1"/><G94/><REACH who="3" ten="330,314,292,54" step="2"/><T42/><D92/><U88/><E1/><V28/><F2/><W73/><G73/><T103/><D3/><U20/><E20/><V7/><F0/><W4/><G4/><T91/><D5/><U55/><E41/><V97/><F7/><W109/><AGARI ba="0,1" hai="29,30,80,81,98,99,100,101,108,109,118,119,130,131" machi="109" ten="25,12000,2" yaku="1,1,0,1,22,2,52,2,53,0" doraHai="26" doraHaiUra="50" who="3" fromWho="3" sc="330,-60,314,-30,292,-30,54,130" /><INIT seed="5,0,0,2,5,58" ten="270,284,262,184" oya="1" hai0="76,45,53,34,44,6,49,135,126,73,105,129,119" hai1="82,131,106,99,39,120,59,113,103,114,17,43,96" hai2="25,65,79,52,133,30,48,11,51,61,112,83,92" hai3="94,31,80,12,75,88,37,107,118,23,50,20,10"/><U132/><E120/><V74/><F133/><W104/><G37/><T2/><D105/><U91/><E39/><V9/><F112/><N who="1" m="43113" /><E43/><V128/><F128/><W55/><G118/><T33/><D135/><U29/><E29/><V56/><F92/><W35/><G35/><T18/><D119/><U3/><E3/><V26/><F51/><W57/><G80/><T7/><D18/><U46/><E46/><V16/><F26/><W124/><G75/><T116/><D116/><U121/><E132/><V98/><F98/><W123/><G124/><T122/><D122/><U102/><E59/><V108/><F16/><W68/><G68/><T130/><D126/><U5/><E17/><V115/><F108/><W111/><G111/><T47/><D76/><U89/><E5/><N who="0" m="1545" /><D73/><U8/><E8/><V42/><F42/><W63/><G123/><T54/><D2/><U90/><E121/><V134/><F134/><W4/><G50/><T38/><D38/><U60/><E60/><V127/><F127/><W36/><G36/><T95/><D49/><U101/><E131/><N who="0" m="50185" /><D95/><N who="1" m="58527" /><E103/><V0/><F0/><W32/><G32/><AGARI ba="0,0" hai="32,33,34,44,45,47,53,54" m="50185,1545" machi="32" ten="40,5200,0" yaku="28,2,19,1" doraHai="58" who="0" fromWho="3" sc="270,52,284,0,262,0,184,-52" /><INIT seed="6,0,0,4,5,61" ten="322,284,262,132" oya="2" hai0="5,73,31,44,45,63,78,99,56,2,127,133,7" hai1="70,12,132,117,27,1,60,8,86,49,41,24,25" hai2="104,79,51,75,3,107,16,58,54,28,81,59,125" hai3="13,48,80,47,123,87,89,74,14,128,97,39,64"/><V11/><F125/><W40/><G128/><T32/><D127/><U37/><E117/><V135/><F135/><W26/><G123/><T126/><D126/><U116/><E116/><V129/><F129/><W121/><G121/><T120/><D120/><U130/><E37/><V134/><F134/><W103/><G74/><T6/><D2/><U9/><E130/><V69/><F69/><W96/><G39/><T85/><D73/><U43/><E132/><V71/><F71/><W18/><G26/><T55/><D133/><U10/><E1/><V88/><F28/><W91/><G91/><T34/><D99/><U109/><E109/><V33/><F33/><W94/><G97/><T42/><D31/><U108/><E108/><V113/><F113/><W93/><G93/><T84/><D45/><U100/><E100/><V22/><F59/><W106/><G106/><T62/><D32/><U115/><E115/><V0/><F88/><W131/><G131/><T53/><D34/><U20/><E86/><V112/><F112/><W76/><G76/><T92/><D78/><U114/><E114/><V35/><F35/><W17/><REACH who="3" step="1"/><G64/><REACH who="3" ten="322,284,262,122" step="2"/><T105/><D105/><U19/><E27/><N who="2" m="14791" /><F107/><W90/><G90/><T119/><D119/><U102/><E25/><V23/><F104/><W66/><G66/><T52/><D92/><U111/><E24/><V57/><F79/><W36/><G36/><N who="0" m="21575" /><D85/><U77/><E77/><V30/><F75/><W68/><G68/><T83/><D84/><U98/><E111/><V21/><F30/><W72/><G72/><T82/><D82/><U15/><E98/><RYUUKYOKU ba="0,1" sc="322,-10,284,-10,262,-10,122,30" hai3="13,14,17,18,40,47,48,80,87,89,94,96,103" /><INIT seed="7,1,1,1,0,126" ten="312,274,252,152" oya="3" hai0="103,55,123,135,9,35,44,65,82,127,57,93,72" hai1="95,49,42,27,23,86,39,15,67,125,113,91,61" hai2="104,4,1,110,13,29,134,119,10,99,73,7,84" hai3="100,21,3,12,60,115,36,131,2,54,26,59,22"/><W56/><G115/><T75/><D123/><U105/><E105/><V111/><F73/><W6/><G36/><T18/><D35/><U24/><E39/><V122/><F119/><W62/><G100/><T32/><D32/><U11/><E125/><V64/><F64/><W25/><G12/><T20/><D75/><U101/><E101/><V112/><F122/><W108/><G6/><T85/><D72/><U117/><E117/><V48/><F112/><W107/><G107/><T78/><D135/><U40/><E113/><V69/><F69/><W53/><REACH who="3" step="1"/><G108/><REACH who="3" ten="312,274,252,142" step="2"/><T16/><D127/><U63/><E15/><N who="2" m="5575" /><F111/><W5/><G5/><T96/><D9/><U52/><E11/><V118/><F13/><W81/><G81/><T58/><D18/><U47/><E27/><V19/><F104/><W109/><G109/><T17/><D17/><N who="1" m="12399" /><E67/><V14/><F19/><W128/><AGARI ba="1,2" hai="2,3,21,22,25,26,53,54,56,59,60,62,128,131" machi="128" ten="25,18000,2" yaku="1,1,0,1,22,2,52,2,53,0" doraHai="126" doraHaiUra="74" who="3" fromWho="3" sc="312,-61,274,-61,252,-61,142,203" owari="251,5.0,213,-19.0,191,-31.0,345,45.0" /></mjloggm>