<mjloggm ver="2.3"><GO type="169" lobby="0"/><UN n0="%E5%AE%88%E6%9D%91%E6%A1%9C%E5%BC%A5" n1="%E5%B9%BB%E3%81%AB%E8%B3%AD%E3%81%91%E3%82%8D" n2="%52%69%2D%4D%6F%2D" n3="%E5%B0%B1%E6%B4%BB%E7%94%9F%40%E5%B7%9D%E6%9D%91%E8%BB%8D%E5%9B%A3" dan="16,16,16,18" rate="2148.18,2116.59,2067.90,2292.51" sx="M,M,M,M"/><TAIKYOKU oya="0"/><INIT seed="0,0,0,0,5,100" ten="250,250,250,250" oya="0" hai0="123,126,2,59,97,9,116,95,88,25,73,106,72" hai1="31,110,107,105,62,129,128,70,103,124,42,22,82" hai2="117,130,109,6,16,84,76,93,66,19,8,53,44" hai3="67,57,46,50,56,37,112,27,14,91,118,32,48"/><T51/><D123/><U64/><E110/><V33/><F109/><W43/><G118/><T4/><D116/><U85/><E124/><V13/><F117/><W34/><G112/><T135/><D135/><U133/><E133/><V5/><F130/><N who="1" m="50281" /><E103/><V134/><F134/><W81/><G32/><T90/><D126/><U65/><E42/><V131/><F131/><W23/><G34/><T30/><D106/><N who="1" m="40459" /><E65/><V58/><F33/><W54/><G14/><T60/><D51/><U104/><N who="1" m="40467" /><U71/><DORA hai="125" /><E22/><V36/><F66/><W87/><G67/><T39/><D39/><U12/><E12/><V79/><F13/><W127/><G127/><T38/><D38/><U21/><E21/><V7/><F36/><W17/><G37/><T99/><D25/><U92/><E31/><V89/><F53/><W15/><G15/><T35/><D30/><U121/><E121/><V52/><F52/><W40/><G40/><T69/><D35/><U0/><E0/><V41/><F41/><W45/><AGARI ba="0,0" hai="17,23,27,43,45,46,48,50,54,56,57,81,87,91" machi="45" ten="20,2700,0" yaku="0,1,7,1,8,1" doraHai="100,125" who="3" fromWho="3" sc="250,-13,250,-7,250,-7,250,27" /><INIT seed="1,0,0,0,3,94" ten="237,243,243,277" oya="1" hai0="107,113,118,117,114,55,120,49,54,4,21,104,116" hai1="56,135,71,112,121,16,36,127,106,33,5,111,125" hai2="91,126,99,130,67,75,124,11,58,19,48,76,89" hai3="63,129,70,96,43,64,44,45,73,8,6,0,134"/><U7/><RYUUKYOKU type="yao9" ba="0,0" sc="237,0,243,0,243,0,277,0" hai1="5,7,16,33,36,56,71,106,111,112,121,125,127,135" /><INIT seed="1,1,0,1,1,43" ten="237,243,243,277" oya="1" hai0="40,51,59,32,25,86,61,16,41,23,121,48,28" hai1="38,90,95,62,100,89,114,6,109,22,103,73,133" hai2="108,104,77,135,99,53,13,14,30,84,1,92,65" hai3="18,50,68,63,34,39,4,130,57,116,47,12,120"/><U3/><E114/><V21/><F1/><W124/><G120/><T94/><D121/><U71/><E38/><V67/><F108/><W78/><G34/><T119/><D119/><U112/><E112/><V60/><F135/><W24/><G116/><T96/><D86/><U9/><E73/><V31/><F104/><W27/><G68/><T81/><D81/><U42/><E42/><V105/><F105/><W5/><G39/><T20/><D32/><U74/><E74/><V88/><F53/><N who="3" m="29919" /><G78/><T36/><D36/><U129/><E133/><V69/><F67/><N who="3" m="39407" /><G124/><T8/><D8/><U2/><E2/><V113/><F113/><W26/><G130/><T111/><D111/><U19/><E129/><V70/><F69/><W80/><G80/><T11/><D11/><AGARI ba="1,0" hai="4,5,11,12,18,24,26,27" m="39407,29919" machi="11" ten="30,2000,0" yaku="8,1,52,1" doraHai="43" who="3" fromWho="0" sc="237,-23,243,0,243,0,277,23" /><INIT seed="2,0,0,0,0,96" ten="214,243,243,300" oya="2" hai0="135,62,130,87,56,73,52,64,47,16,26,6,25" hai1="133,8,82,125,65,21,2,81,66,77,89,86,92" hai2="53,60,40,104,4,108,127,12,123,99,22,63,134" hai3="105,0,117,75,44,57,112,13,19,14,84,11,80"/><V42/><F123/><W10/><G117/><T122/><D73/><U74/><E133/><V100/><F134/><W28/><G112/><T78/><D135/><U45/><E125/><V68/><F127/><W101/><G75/><T131/><D122/><U70/><E70/><V126/><F126/><W9/><G28/><T49/><D6/><U41/><E21/><V120/><F120/><W121/><G121/><T43/><D78/><U97/><E2/><V124/><F124/><W35/><G35/><T20/><D87/><U23/><E8/><V33/><F33/><W109/><G109/><T111/><D111/><U39/><REACH who="1" step="1"/><E23/><REACH who="1" ten="214,233,243,300" step="2"/><V79/><F108/><W129/><G0/><T98/><D26/><U116/><E116/><V5/><F68/><W83/><G11/><T76/><D76/><AGARI ba="0,1" hai="39,41,45,65,66,74,76,77,81,82,86,89,92,97" machi="76" ten="30,2000,0" yaku="1,1,7,1,53,0" doraHai="96" doraHaiUra="46" who="1" fromWho="0" sc="214,-20,233,30,243,0,300,0" /><INIT seed="3,0,0,1,1,44" ten="194,263,243,300" oya="3" hai0="37,91,110,16,27,68,25,99,117,12,101,132,84" hai1="50,114,66,102,103,81,98,100,115,83,9,7,46" hai2="95,10,64,89,3,38,14,32,8,87,88,35,28" hai3="116,43,69,52,57,49,4,76,6,53,72,131,31"/><W104/><G116/><T34/><D117/><U134/><E134/><V118/><F118/><W1/><G104/><T106/><D110/><U109/><E109/><V67/><F38/><W77/><G69/><T21/><D132/><U125/><E125/><V74/><F74/><W112/><G112/><T86/><D68/><U80/><E66/><V122/><F122/><W54/><G1/><T107/><D107/><U121/><E98/><V93/><F3/><W61/><G72/><T5/><D5/><N who="3" m="2153" /><G31/><T96/><D37/><U78/><E78/><N who="3" m="30314" /><G131/><T17/><D34/><U65/><E65/><V92/><F28/><W73/><G73/><T63/><D63/><U20/><E20/><V120/><F120/><W105/><G105/><T58/><D58/><U29/><E29/><V23/><F35/><W48/><G43/><T113/><D27/><U26/><E26/><V41/><F41/><W85/><G85/><T82/><D86/><U18/><E121/><V129/><F32/><W40/><G40/><T55/><D99/><U62/><E62/><V126/><F129/><W119/><G119/><T13/><D113/><U94/><E115/><V33/><F33/><W2/><G2/><T71/><D71/><U127/><E114/><V59/><F87/><W90/><G90/><T70/><D70/><U75/><E75/><V124/><F89/><W79/><N who="3" m="30322" /><W56/><DORA hai="42" /><G56/><T11/><D25/><U0/><E127/><N who="2" m="48683" /><F88/><W135/><G135/><T108/><D108/><U22/><E102/><V111/><F111/><W130/><G130/><T123/><D123/><U128/><E128/><RYUUKYOKU ba="0,0" sc="194,15,263,-15,243,-15,300,15" hai0="11,12,13,16,17,21,55,82,84,91,96,101,106" hai3="48,49,52,53,54,57,61" /><INIT seed="3,1,0,5,0,127" ten="209,248,228,315" oya="3" hai0="47,81,120,49,2,93,98,54,107,128,60,26,19" hai1="28,129,95,135,77,55,122,110,10,42,48,39,73" hai2="112,3,29,17,18,71,91,5,40,89,88,15,13" hai3="33,14,105,61,31,124,123,101,84,1,59,64,126"/><W76/><G1/><T35/><D120/><U37/><E28/><V58/><F112/><W32/><G123/><T11/><D107/><U80/><E95/><V97/><F71/><W74/><G74/><T62/><D35/><U83/><E39/><V8/><F29/><W115/><G115/><T131/><D81/><U36/><E37/><V56/><F97/><W9/><G105/><T21/><D11/><U34/><E34/><V46/><F3/><W109/><G101/><T20/><D2/><U68/><E83/><V104/><F104/><W6/><G31/><T87/><D87/><U133/><E68/><V38/><REACH who="2" step="1"/><F5/><REACH who="2" ten="209,248,218,315" step="2"/><W119/><G119/><T94/><D98/><U114/><E114/><V96/><F96/><W57/><G109/><T67/><D128/><U23/><E110/><V16/><F16/><W51/><G33/><T24/><D131/><U132/><E129/><V79/><F79/><W52/><G32/><T108/><D108/><U27/><E122/><V134/><F134/><W69/><G69/><T45/><D19/><N who="1" m="12799" /><E135/><V44/><F44/><W66/><G76/><T12/><D47/><N who="1" m="24007" /><E10/><AGARI ba="1,1" hai="8,10,13,15,17,18,38,40,46,56,58,88,89,91" machi="10" ten="40,5200,0" yaku="1,1,9,1,54,1,53,0" doraHai="127" doraHaiUra="90" who="2" fromWho="1" sc="209,0,248,-55,218,65,315,0" /><INIT seed="4,0,0,3,4,14" ten="209,193,283,315" oya="0" hai0="69,103,66,15,12,3,91,93,70,40,114,55,100" hai1="27,64,105,111,61,46,107,126,77,42,112,113,67" hai2="7,58,97,9,36,130,99,29,53,84,1,89,108" hai3="131,82,21,30,75,128,26,101,47,132,72,133,73"/><T35/><D3/><U118/><E118/><V95/><F108/><W85/><G101/><T96/><D114/><N who="1" m="44139" /><E111/><V71/><F71/><W62/><G62/><T117/><D117/><U60/><E27/><V23/><F36/><W43/><G47/><T0/><D0/><U17/><E77/><V123/><F130/><N who="3" m="49707" /><G43/><T37/><D35/><U56/><E126/><V124/><F123/><W79/><AGARI ba="0,0" hai="21,26,30,72,73,75,79,82,85,132,133" m="49707" machi="79" ten="40,1500,0" yaku="19,1" doraHai="14" who="3" fromWho="3" sc="209,-7,193,-4,283,-4,315,15" /><INIT seed="5,0,0,1,0,120" ten="202,189,279,330" oya="1" hai0="114,128,11,122,14,44,88,55,65,123,27,91,118" hai1="101,53,78,105,25,60,81,68,31,51,4,127,10" hai2="20,16,92,57,116,89,40,42,75,23,2,35,97" hai3="24,76,79,48,61,73,108,74,17,1,41,107,46"/><U12/><E127/><V86/><F116/><W93/><G107/><T15/><D118/><U52/><E51/><V7/><F35/><W71/><G1/><T103/><D114/><U117/><E117/><V26/><F75/><W131/><G131/><T67/><D128/><U33/><E81/><V38/><F38/><W18/><G108/><T64/><D103/><U58/><E78/><V85/><F2/><W96/><G74/><T111/><D27/><U28/><E28/><V19/><F7/><W0/><G0/><T125/><D125/><U29/><E31/><V62/><F86/><W124/><G124/><T37/><D111/><U39/><E58/><V45/><F85/><W56/><G71/><T90/><D37/><U32/><E32/><V9/><F9/><W109/><G109/><T82/><D82/><U130/><E130/><V112/><F45/><W13/><G24/><T100/><D100/><U102/><E102/><V49/><F49/><W129/><G73/><T77/><D77/><N who="3" m="29769" /><G13/><N who="0" m="4619" /><D11/><U70/><E70/><V132/><F112/><W59/><G129/><T34/><D44/><U133/><E133/><V98/><F132/><W121/><G121/><N who="0" m="46091" /><D55/><U87/><E87/><V72/><F72/><W47/><G47/><T63/><D34/><U126/><E39/><V115/><F115/><W119/><G119/><T134/><D134/><U30/><E30/><V43/><F97/><W22/><G96/><T110/><D110/><U50/><E126/><V6/><F98/><W94/><G46/><T69/><AGARI ba="0,0" hai="63,64,65,67,69,88,90,91" m="46091,4619" machi="69" ten="40,2700,0" yaku="13,1,54,1" doraHai="120" who="0" fromWho="0" sc="202,27,189,-13,279,-7,330,-7" /><INIT seed="6,0,0,5,5,48" ten="229,176,272,323" oya="2" hai0="121,131,110,24,58,96,126,89,18,45,129,68,133" hai1="27,28,73,34,85,100,61,72,15,52,14,113,108" hai2="3,102,43,99,77,94,23,21,1,19,5,95,103" hai3="128,60,65,122,83,109,26,120,79,50,55,130,90"/><V75/><F43/><W53/><G109/><T64/><D68/><U40/><E108/><V63/><F5/><W125/><G90/><T56/><D110/><U107/><E40/><V119/><F119/><W91/><G91/><T118/><D121/><N who="3" m="46697" /><G26/><T4/><D4/><U42/><E85/><V46/><F46/><W2/><G2/><T97/><D126/><U76/><E42/><V47/><F47/><W17/><G17/><T69/><D133/><U70/><E113/><V112/><F112/><W51/><G83/><T87/><D45/><U44/><E15/><V32/><F32/><W35/><G79/><T6/><D6/><U92/><E92/><V132/><F132/><W7/><G7/><T54/><D58/><U101/><E101/><V78/><F63/><W82/><G82/><N who="0" m="49399" /><D18/><U115/><E115/><V117/><F117/><W12/><G12/><T39/><D24/><U88/><E88/><V134/><F134/><W59/><G35/><T49/><D39/><U80/><E72/><V135/><F135/><W123/><G123/><T29/><D29/><U86/><E14/><V105/><F19/><W22/><G22/><T11/><D11/><U36/><E86/><V33/><F33/><W111/><G111/><T84/><D84/><U124/><E124/><V37/><F23/><W30/><G30/><T67/><D118/><U41/><E100/><V31/><F102/><W66/><G125/><T9/><D9/><U57/><REACH who="1" step="1"/><E70/><REACH who="1" ten="229,166,272,323" step="2"/><V20/><F103/><W25/><G25/><T114/><D69/><U74/><E74/><V16/><F75/><W38/><G38/><RYUUKYOKU ba="0,1" sc="229,-10,166,30,272,-10,323,-10" hai1="27,28,34,36,41,44,52,57,61,73,76,80,107" /><INIT seed="7,1,1,3,3,54" ten="219,196,262,313" oya="3" hai0="60,57,59,81,133,94,120,62,65,35,3,79,44" hai1="41,76,124,52,130,23,26,66,40,24,10,25,106" hai2="7,13,39,32,38,100,122,43,48,33,19,28,102" hai3="31,82,12,30,58,20,71,15,37,111,97,126,113"/><W112/><G71/><T14/><D3/><U77/><E106/><V93/><F7/><W18/><G37/><T11/><D120/><U63/><E66/><V27/><F32/><W134/><G134/><T75/><D35/><U127/><E10/><V0/><F0/><W5/><G111/><T9/><D133/><U22/><E130/><V105/><F93/><W61/><G126/><N who="1" m="48170" /><E63/><V117/><F105/><W103/><G82/><T67/><D94/><U91/><E91/><V128/><F100/><W89/><G89/><T108/><D108/><U45/><E45/><V101/><F102/><W51/><G51/><T6/><D11/><U123/><E52/><V121/><F101/><W90/><G90/><T16/><D44/><U4/><E4/><AGARI ba="1,1" hai="4,6,9,14,16,57,59,60,62,65,67,75,79,81" machi="4" ten="40,8000,1" yaku="9,1,52,2,54,1" doraHai="54" who="0" fromWho="1" sc="219,93,196,-83,262,0,313,0" owari="312,11.0,113,-39.0,262,-14.0,313,42.0" /></mjloggm>