<mjloggm ver="2.3"><GO type="169" lobby="0"/><UN n0="%4A%2E%63%6F%6D%40%4B%31" n1="%E5%B0%8F%E6%89%8B%E8%BF%94%E6%92%B2%E6%BB%85%E4%BC%9A%E9%95%B7" n2="%E3%83%88%E3%83%88%E3%83%AA%E5%85%88%E7%94%9F%31%39%E6%AD%B3" n3="%E6%99%AE%E8%B3%A2" dan="16,16,18,16" rate="2087.50,2106.17,2234.43,2174.42" sx="F,M,F,F"/><TAIKYOKU oya="0"/><INIT seed="0,0,0,0,3,10" ten="250,250,250,250" oya="0" hai0="23,1,33,112,48,72,3,25,74,88,55,37,46" hai1="79,11,111,123,93,82,2,77,63,101,15,94,53" hai2="104,132,103,61,54,70,114,59,126,120,127,45,128" hai3="97,121,52,49,116,110,134,100,118,124,43,66,28"/><T89/><D33/><U99/><E111/><V125/><F104/><W83/><G110/><T31/><D112/><U130/><E130/><V40/><F103/><W113/><G113/><T0/><REACH who="0" step="1"/><D37/><REACH who="0" ten="240,250,250,250" step="2"/><U95/><E123/><V60/><F114/><W80/><G121/><T67/><D67/><U22/><E2/><V42/><F120/><W115/><G66/><T109/><D109/><U87/><E79/><V90/><F128/><W96/><G115/><T122/><D122/><U106/><E22/><V75/><F127/><W102/><G124/><T76/><D76/><U9/><E9/><V47/><F125/><W50/><G118/><T5/><D5/><N who="1" m="3567" /><E106/><V92/><F126/><W68/><G116/><T20/><D20/><U135/><E135/><V12/><F132/><W73/><G134/><T105/><D105/><U24/><E24/><V19/><F70/><W4/><G68/><T107/><D107/><U16/><E77/><V32/><F32/><W65/><G4/><T108/><D108/><U58/><E101/><V26/><F26/><W38/><G102/><T35/><D35/><U8/><E8/><V34/><F34/><W117/><G100/><T56/><D56/><U44/><E58/><V17/><F59/><W84/><G117/><T119/><D119/><U39/><E39/><V51/><F90/><AGARI ba="0,1" hai="0,1,3,23,25,31,46,48,55,72,74,88,89,90" machi="90" ten="40,12000,1" yaku="1,1,54,1,53,3" doraHai="10" doraHaiUra="86" who="0" fromWho="2" sc="240,130,250,0,250,-120,250,0" /><INIT seed="0,1,0,1,2,121" ten="370,250,130,250" oya="0" hai0="74,115,69,39,55,36,37,109,13,29,14,67,91" hai1="129,18,119,128,92,41,80,105,83,81,38,98,130" hai2="124,46,78,51,10,101,111,135,86,93,79,22,132" hai3="32,25,7,23,11,50,133,95,90,62,76,106,75"/><T49/><D115/><U2/><E119/><V43/><F124/><W47/><G106/><T102/><D74/><U16/><E105/><V88/><F111/><W3/><G133/><N who="2" m="51273" /><F101/><W117/><G117/><T31/><D102/><N who="1" m="60743" /><E2/><V66/><F66/><W24/><G62/><T77/><D77/><U110/><E110/><V52/><F10/><W96/><G32/><T56/><D91/><U114/><E114/><V15/><F43/><W100/><G100/><T73/><D73/><U108/><E108/><V134/><N who="2" m="51281" /><V28/><DORA hai="21" /><F28/><W9/><G9/><T42/><D29/><U0/><E0/><V19/><AGARI ba="1,0" hai="15,19,22,46,51,52,78,79,86,88,93" m="51281" machi="19" ten="40,5200,0" yaku="20,1,54,2" doraHai="121,21" who="2" fromWho="2" sc="370,-27,250,-14,130,55,250,-14" /><INIT seed="1,0,0,4,0,23" ten="343,236,185,236" oya="1" hai0="107,94,132,5,44,19,35,62,64,133,18,8,96" hai1="100,116,97,113,45,130,117,15,30,101,74,58,59" hai2="32,129,10,70,14,82,104,33,7,112,6,72,75" hai3="56,37,91,89,95,61,135,92,26,83,27,109,78"/><U57/><E113/><V54/><F104/><W134/><G109/><T121/><D35/><U40/><E74/><V55/><F112/><W85/><G37/><T12/><D107/><U34/><E130/><V102/><F102/><W98/><G135/><N who="0" m="51787" /><D44/><U87/><E87/><V103/><F103/><W43/><G43/><T110/><D121/><U28/><E15/><V81/><F70/><W131/><G131/><T11/><D11/><U51/><E101/><V60/><F129/><W69/><G69/><N who="0" m="42135" /><D110/><U122/><E122/><V77/><F60/><W22/><G22/><T126/><D126/><U114/><E114/><V38/><F38/><W52/><G134/><T36/><D36/><U2/><E2/><V29/><F7/><W118/><G118/><T105/><D105/><U9/><E9/><V53/><REACH who="2" step="1"/><F29/><REACH who="2" ten="343,236,175,236" step="2"/><W99/><AGARI ba="0,1" hai="26,27,52,56,61,78,83,85,89,91,92,95,98,99" machi="99" ten="20,12000,2" yaku="0,1,7,1,9,1,8,1,52,2,54,1" doraHai="23" who="3" fromWho="3" sc="343,-30,236,-60,175,-30,236,130" /><INIT seed="2,0,0,2,5,111" ten="313,176,145,366" oya="2" hai0="27,70,41,45,13,1,15,35,114,22,64,53,10" hai1="110,71,46,7,95,79,131,122,116,129,96,49,67" hai2="9,88,47,93,17,99,119,52,100,50,24,12,36" hai3="126,133,130,91,125,118,124,48,37,30,98,90,55"/><V127/><F127/><W31/><G118/><T25/><D1/><U42/><E110/><V59/><F119/><W43/><G133/><T83/><D53/><U97/><E116/><V102/><F36/><W72/><G72/><T105/><D105/><U120/><E79/><V75/><F75/><W115/><G130/><N who="1" m="49674" /><E7/><V54/><REACH who="2" step="1"/><F24/><REACH who="2" ten="313,176,135,366" step="2"/><W51/><G37/><T4/><D25/><U103/><E96/><V21/><F21/><W81/><G98/><T92/><D22/><U26/><E26/><V8/><F8/><W32/><G32/><T62/><D10/><U117/><E117/><V56/><F56/><W73/><G73/><T5/><D35/><U109/><E109/><V29/><F29/><W128/><G128/><T76/><D27/><U61/><AGARI ba="0,1" hai="42,46,49,61,67,71,95,97,103,120,122" m="49674" machi="61" ten="30,1100,0" yaku="19,1" doraHai="111" who="1" fromWho="1" sc="313,-3,176,21,135,-5,366,-3" /><INIT seed="3,0,0,1,2,48" ten="310,197,130,363" oya="3" hai0="61,80,2,63,3,135,87,75,94,109,27,126,115" hai1="124,88,45,44,98,90,11,100,68,112,97,134,8" hai2="47,70,79,106,1,24,132,66,54,29,22,113,65" hai3="33,42,41,78,118,31,60,14,105,5,53,76,49"/><W59/><G118/><T127/><D109/><U43/><E68/><V28/><F113/><W84/><G105/><T10/><D115/><U107/><E112/><V83/><F106/><W72/><G72/><T81/><D135/><U13/><E124/><V103/><F103/><W77/><G84/><T117/><D117/><U34/><E34/><V50/><F1/><W40/><G31/><T82/><D27/><U7/><E134/><V26/><F70/><W9/><REACH who="3" step="1"/><G33/><REACH who="3" ten="310,197,130,353" step="2"/><T46/><D75/><U67/><E107/><V16/><F132/><W92/><G92/><T101/><D87/><U23/><E98/><V35/><REACH who="2" step="1"/><F29/><REACH who="2" ten="310,197,120,353" step="2"/><W37/><G37/><T56/><D126/><U58/><E97/><V121/><F121/><W71/><G71/><T99/><D127/><U57/><E7/><V69/><F69/><W30/><G30/><T85/><D99/><U133/><E133/><V129/><F129/><W55/><G55/><T86/><D85/><AGARI ba="0,2" hai="16,22,24,26,28,35,47,50,54,65,66,79,83,85" machi="85" ten="30,7700,0" yaku="1,1,7,1,52,1,54,1,53,0" doraHai="48" doraHaiUra="116" who="2" fromWho="0" sc="310,-77,197,0,120,97,353,0" /><INIT seed="4,0,0,2,5,64" ten="233,197,217,353" oya="0" hai0="41,15,75,24,8,83,48,122,123,31,90,3,115" hai1="23,43,86,95,133,55,4,85,21,107,27,103,98" hai2="19,79,57,114,30,58,51,91,105,62,54,45,70" hai3="71,16,18,94,99,36,78,20,5,81,2,59,69"/><T22/><D115/><U72/><E72/><V63/><F114/><W130/><G36/><T110/><D3/><U126/><E133/><V92/><F105/><W52/><G130/><T119/><D119/><U1/><E126/><V73/><F30/><W128/><G128/><T49/><D110/><U125/><E125/><V111/><F111/><W124/><G124/><T9/><D9/><U11/><E43/><V109/><F109/><W89/><G5/><T121/><D41/><U29/><E55/><V0/><F0/><W34/><G34/><T88/><D75/><U76/><E76/><V135/><F135/><W104/><G104/><T14/><D14/><U44/><E44/><V50/><F70/><W53/><G53/><T17/><REACH who="0" step="1"/><D83/><REACH who="0" ten="223,197,217,353" step="2"/><U77/><E11/><V96/><F73/><W106/><G2/><T42/><D42/><U40/><E40/><V120/><F120/><W60/><G81/><T7/><D7/><U68/><E4/><V108/><F108/><W113/><G113/><T65/><D65/><U84/><E1/><V101/><F54/><W39/><G39/><T56/><D56/><U35/><E77/><V93/><F57/><W13/><G78/><T66/><D66/><U32/><E68/><V10/><F58/><W97/><G71/><T47/><D47/><U74/><E74/><V67/><F79/><W134/><G69/><T61/><D61/><N who="2" m="23050" /><F67/><W102/><G134/><T26/><D26/><U46/><E27/><V12/><F45/><W25/><G13/><T82/><D82/><U112/><E46/><V6/><F6/><W38/><G38/><RYUUKYOKU ba="0,1" sc="223,10,197,-30,217,10,353,10" hai0="8,15,17,22,24,31,48,49,88,90,121,122,123" hai2="10,12,19,50,51,91,92,93,96,101" hai3="16,18,20,25,52,59,60,89,94,97,99,102,106" /><INIT seed="4,1,1,4,2,120" ten="233,167,227,363" oya="0" hai0="117,63,33,77,10,107,102,0,95,11,118,105,39" hai1="60,66,112,18,85,14,82,8,121,7,76,64,32" hai2="103,45,49,134,4,87,6,75,81,52,16,88,74" hai3="61,19,94,96,132,69,47,80,42,3,48,1,9"/><T15/><D39/><U51/><E121/><V129/><F129/><W12/><G132/><T40/><D33/><U25/><E112/><V78/><F134/><W73/><G69/><T20/><D40/><U97/><E97/><V101/><F75/><W127/><G127/><T116/><D77/><U91/><E91/><V89/><F89/><W58/><G80/><T72/><D72/><U55/><E60/><V108/><F108/><W83/><G83/><T2/><D63/><U122/><E122/><V31/><F31/><W44/><G44/><T113/><D113/><U71/><E71/><V21/><F78/><W56/><G73/><T67/><D67/><U34/><E34/><V46/><F46/><W90/><G58/><T131/><D131/><U28/><REACH who="1" step="1"/><E7/><REACH who="1" ten="233,157,227,363" step="2"/><N who="2" m="2603" /><F74/><W114/><G114/><T98/><D116/><U84/><E84/><V17/><F17/><W57/><G57/><AGARI ba="1,2" hai="8,14,18,25,28,32,51,55,57,64,66,76,82,85" machi="57" ten="30,2000,0" yaku="1,1,7,1,53,0" doraHai="120" doraHaiUra="106" who="1" fromWho="3" sc="233,0,157,43,227,0,363,-23" /><INIT seed="5,0,0,5,0,134" ten="233,200,227,340" oya="1" hai0="36,35,60,32,31,81,90,86,122,43,8,17,131" hai1="132,33,97,58,120,117,25,52,121,42,67,100,61" hai2="135,111,29,129,46,95,1,0,96,69,7,83,80" hai3="126,14,110,92,107,38,62,15,50,49,75,98,91"/><U116/><E33/><V10/><F111/><W102/><G126/><T108/><D108/><U30/><E25/><V44/><F69/><W73/><G38/><T68/><D131/><U47/><E30/><V103/><F1/><W133/><G110/><T118/><D118/><N who="1" m="45675" /><E97/><V71/><F71/><W13/><G133/><T109/><D122/><N who="1" m="47211" /><E100/><V18/><F129/><W28/><G28/><T89/><D31/><U74/><E74/><V123/><F135/><W24/><G24/><T66/><D109/><U119/><N who="1" m="45683" /><U106/><DORA hai="115" /><E106/><V21/><F123/><W39/><G75/><T88/><D90/><U124/><E124/><V41/><F44/><W53/><G73/><T93/><D17/><U12/><E12/><V57/><F57/><W22/><G13/><T40/><D8/><U2/><E2/><V34/><F29/><W125/><G125/><T79/><D89/><U113/><E132/><V127/><F34/><W78/><G14/><T85/><D32/><U128/><E128/><V4/><F4/><W9/><G15/><T87/><D35/><U94/><E94/><V27/><REACH who="2" step="1"/><F127/><REACH who="2" ten="233,200,217,340" step="2"/><W20/><G20/><T16/><D16/><U77/><E113/><V112/><F112/><W63/><G22/><T65/><D79/><U82/><E77/><V70/><F70/><W19/><G78/><T130/><D68/><N who="1" m="42095" /><E82/><V3/><F3/><W55/><G19/><T99/><D81/><U72/><E72/><V54/><F54/><W48/><G55/><T64/><D130/><U76/><E76/><V11/><F11/><W45/><G9/><T105/><D65/><RYUUKYOKU ba="0,1" sc="233,-10,200,-10,217,30,340,-10" hai2="0,7,10,18,21,27,41,46,80,83,95,96,103" /><INIT seed="6,1,1,5,0,94" ten="223,190,247,330" oya="2" hai0="63,33,47,115,7,88,0,134,25,96,40,9,66" hai1="16,12,26,85,75,112,32,90,42,114,102,105,126" hai2="83,98,2,107,78,4,51,100,87,19,82,8,53" hai3="48,79,123,13,28,71,125,6,73,30,120,70,110"/><V113/><F113/><N who="1" m="43625" /><E75/><V130/><F130/><W131/><G110/><T69/><D115/><U60/><E126/><V97/><F82/><W116/><G116/><T84/><D134/><U81/><E42/><V65/><F65/><W56/><G125/><T38/><D25/><U124/><E124/><V119/><F119/><W20/><G131/><T68/><D33/><U24/><E32/><V103/><F19/><W27/><G30/><T95/><REACH who="0" step="1"/><D68/><REACH who="0" ten="213,190,247,330" step="2"/><U61/><E24/><V22/><F22/><W92/><G27/><T121/><D121/><U93/><E26/><V46/><REACH who="2" step="1"/><F107/><REACH who="2" ten="213,190,237,330" step="2"/><W39/><G123/><T127/><D127/><U122/><E105/><V5/><F5/><W49/><G120/><T99/><AGARI ba="1,3" hai="0,7,9,38,40,47,63,66,69,84,88,95,96,99" machi="99" ten="30,8000,1" yaku="1,1,0,1,52,2,54,1,53,0" doraHai="94" doraHaiUra="111" who="0" fromWho="0" sc="213,113,190,-21,237,-41,330,-21" /><INIT seed="7,0,0,3,2,2" ten="326,169,196,309" oya="3" hai0="53,85,8,28,43,93,97,125,35,117,24,11,9" hai1="76,54,94,7,108,32,37,128,72,57,124,75,42" hai2="123,115,81,104,64,0,113,83,116,79,82,15,107" hai3="50,131,51,55,98,132,5,18,84,49,101,110,126"/><W100/><G131/><T16/><D117/><U121/><E108/><V33/><F116/><W87/><G132/><T62/><D43/><U78/><E32/><V102/><F0/><W41/><G126/><T13/><D125/><U14/><E75/><V45/><F123/><W46/><G110/><T4/><D4/><U114/><E72/><V20/><F33/><W65/><G65/><T22/><D85/><N who="3" m="32841" /><G5/><T91/><D35/><U10/><E37/><V23/><F79/><N who="1" m="30249" /><E114/><N who="2" m="43531" /><F102/><N who="3" m="39531" /><G98/><T47/><D62/><N who="1" m="36151" /><E121/><V105/><F64/><W61/><G18/><T90/><D90/><U86/><E128/><V130/><F130/><W36/><G36/><T67/><D67/><U12/><E124/><V27/><F105/><W71/><G71/><T77/><D77/><U59/><E42/><V109/><F109/><W134/><G134/><T52/><D53/><U17/><E59/><AGARI ba="0,0" hai="41,46,49,50,51,55,59,61" m="39531,32841" machi="59" ten="30,1500,0" yaku="8,1" doraHai="2" who="3" fromWho="1" sc="326,0,169,-15,196,0,309,15" /><INIT seed="7,1,0,0,0,35" ten="326,154,196,324" oya="3" hai0="90,60,126,14,112,106,131,20,84,80,51,123,12" hai1="40,61,125,99,27,124,58,85,24,97,113,83,68" hai2="102,30,10,96,69,65,120,22,110,36,121,92,46" hai3="127,87,81,18,107,41,39,98,62,37,128,54,1"/><W21/><G1/><T115/><D123/><N who="2" m="47178" /><F110/><W52/><G127/><N who="1" m="48714" /><E24/><N who="2" m="16663" /><F10/><W57/><G128/><T2/><D131/><U108/><E27/><V130/><F130/><W15/><G41/><T133/><D2/><U135/><E40/><N who="2" m="22791" /><F65/><W103/><G54/><T13/><D126/><U117/><E68/><AGARI ba="1,0" hai="68,69,92,96,102" m="22791,16663,47178" machi="68" ten="30,1000,0" yaku="13,1" doraHai="35" who="2" fromWho="1" sc="326,0,154,-13,196,13,324,0" owari="326,43.0,141,-36.0,209,-19.0,324,12.0" /></mjloggm>