<mjloggm ver="2.3"><GO type="169" lobby="0"/><UN n0="%79%6F%6A%6F" n1="%E3%82%A6%E3%83%AB%E3%83%88%E3%83%A9%E7%AB%8B%E7%9B%B4" n2="%74%61%6B%75%61%6B%61" n3="%E3%80%9D%E3%83%A9%E3%83%A0%E3%83%80%E3%83%87%E3%83%AB%E3%82%BF%E3%80%9F" dan="16,18,17,16" rate="2113.51,2216.47,2203.06,2091.86" sx="F,M,M,F"/><TAIKYOKU oya="0"/><INIT seed="0,0,0,0,4,20" ten="250,250,250,250" oya="0" hai0="42,124,4,75,99,36,65,101,121,58,128,133,18" hai1="35,119,34,48,104,108,12,23,90,13,122,83,103" hai2="98,60,91,16,102,77,43,52,6,70,123,28,30" hai3="53,15,67,59,93,79,1,54,74,84,8,132,61"/><T96/><D121/><U69/><E69/><V97/><F123/><W131/><G1/><T57/><D75/><U107/><E122/><V31/><F6/><W73/><G132/><T39/><D133/><U10/><E103/><V130/><F130/><W109/><G131/><T24/><D4/><U125/><E104/><V110/><F110/><W118/><G118/><T127/><D128/><U117/><E107/><V66/><F43/><W120/><G109/><T106/><D99/><U95/><E83/><V27/><F77/><W14/><G120/><T71/><D71/><U62/><E62/><V114/><F114/><W50/><G53/><T63/><D57/><U11/><E108/><V85/><F102/><W40/><G40/><T72/><D72/><U5/><E125/><N who="0" m="48201" /><D42/><U113/><E113/><V46/><F46/><W51/><G50/><T135/><D135/><U100/><E48/><V86/><F86/><W17/><G15/><T111/><D111/><U88/><E12/><V115/><F115/><W92/><G93/><T126/><N who="0" m="48209" /><T76/><DORA hai="134" /><D76/><U112/><E13/><V7/><F7/><W19/><G74/><T22/><AGARI ba="0,0" hai="18,22,24,36,39,58,63,65,96,101,106" m="48209" machi="22" ten="40,18000,2" yaku="18,1,52,5" doraHai="20,134" who="0" fromWho="0" sc="250,180,250,-60,250,-60,250,-60" /><INIT seed="0,1,0,3,5,134" ten="430,190,190,190" oya="0" hai0="23,8,117,71,130,26,118,98,69,47,14,19,88" hai1="133,105,62,67,74,116,3,80,50,60,109,48,25" hai2="42,123,36,104,13,11,0,68,94,86,24,40,110" hai3="102,121,66,52,119,126,115,32,65,38,93,63,73"/><T30/><D130/><U132/><E105/><V4/><F123/><W129/><G32/><T131/><D131/><U1/><E80/><V72/><F104/><W108/><G121/><T21/><D47/><U84/><E84/><V100/><F72/><W127/><G119/><T96/><D96/><U85/><E85/><V20/><F68/><W113/><G73/><T33/><D21/><U55/><E74/><V114/><F114/><N who="3" m="43531" /><G38/><T89/><D89/><U5/><E25/><V41/><F110/><W103/><G93/><T82/><D82/><U7/><E67/><N who="3" m="25610" /><G129/><T107/><D117/><U35/><E35/><V76/><F36/><W77/><G77/><T16/><D118/><U31/><E116/><V44/><F76/><W99/><G99/><T120/><D120/><U2/><E109/><V95/><F100/><W91/><G91/><T6/><D19/><U124/><E1/><V125/><F0/><W106/><G106/><T58/><D58/><U46/><E46/><V12/><F44/><W135/><G108/><T17/><D17/><U18/><E18/><N who="2" m="10311" /><F94/><W10/><G10/><T53/><D107/><U54/><REACH who="1" step="1"/><E31/><REACH who="1" ten="430,180,190,190" step="2"/><V78/><F95/><W92/><G92/><N who="0" m="56583" /><D33/><U128/><E128/><V22/><F86/><W83/><G83/><T56/><D30/><U64/><E64/><V122/><F122/><W45/><G45/><T75/><D75/><U112/><E112/><V28/><F78/><W57/><G135/><T101/><D101/><U70/><E70/><V9/><F9/><W29/><G29/><T111/><D111/><U27/><E27/><V87/><F87/><RYUUKYOKU ba="1,1" sc="430,0,180,0,190,0,190,0" hai0="6,8,14,16,23,26,53,56,69,71" hai1="2,3,5,7,48,50,54,55,60,62,124,132,133" hai2="4,11,13,22,24,28,40,41,42,125" hai3="52,57,63,102,103,126,127" /><INIT seed="0,2,1,2,0,35" ten="430,180,190,190" oya="0" hai0="51,86,59,21,14,37,9,99,13,17,95,58,92" hai1="94,134,70,126,10,74,109,133,127,118,81,62,18" hai2="45,50,128,66,47,27,26,49,100,88,56,125,114" hai3="34,52,2,72,73,108,7,83,110,67,89,60,22"/><T55/><D37/><U75/><E118/><V68/><F114/><W78/><G34/><T130/><D130/><U104/><E104/><V135/><F128/><W64/><G22/><T24/><D14/><N who="1" m="7511" /><E109/><N who="3" m="42090" /><G89/><T76/><D59/><U57/><E70/><V36/><F100/><W97/><G97/><T15/><D15/><U19/><E19/><V54/><F125/><N who="1" m="47625" /><E94/><V87/><F36/><W107/><G107/><T44/><D58/><U132/><E81/><N who="2" m="49263" /><F68/><W1/><G7/><N who="0" m="3263" /><D99/><U6/><E6/><V39/><F135/><N who="1" m="34561" /><U93/><DORA hai="65" /><E93/><V80/><F80/><AGARI ba="2,1" hai="17,21,24,44,51,55,76,80,86,92,95" m="3263" machi="80" ten="30,1500,0" yaku="8,1" doraHai="35,65" who="0" fromWho="2" sc="430,31,180,0,190,-21,190,0" /><INIT seed="0,3,0,5,4,62" ten="461,180,169,190" oya="0" hai0="84,67,13,8,82,85,55,106,112,58,73,125,122" hai1="36,79,20,22,19,39,133,4,110,94,124,69,2" hai2="64,54,108,111,99,115,83,27,113,77,78,89,17" hai3="116,71,103,35,63,123,66,131,0,46,68,16,72"/><T48/><D122/><U51/><E124/><V45/><F17/><W40/><G72/><T107/><D112/><N who="2" m="43082" /><F27/><W81/><G0/><T95/><D73/><U97/><E19/><V86/><F54/><W28/><G116/><T37/><D37/><U52/><E20/><V130/><F45/><W24/><G123/><T104/><D125/><U21/><E52/><V32/><F32/><W132/><G132/><T7/><D67/><U5/><E22/><V76/><F64/><W60/><G131/><T41/><D41/><U135/><E21/><V90/><F130/><W49/><G103/><T109/><D109/><N who="2" m="42058" /><F90/><W75/><G60/><T9/><D9/><U61/><E110/><V128/><F128/><W74/><G71/><T118/><D118/><U44/><E69/><V91/><F91/><W101/><G101/><T26/><D26/><U88/><E61/><V127/><F127/><W14/><REACH who="3" step="1"/><G81/><REACH who="3" ten="461,180,169,180" step="2"/><T93/><D82/><U43/><E135/><V80/><F99/><W3/><G3/><T50/><D85/><AGARI ba="3,1" hai="76,77,78,80,83,85,86,89" m="42058,43082" machi="85" ten="30,3900,0" yaku="14,1,34,2" doraHai="62" who="2" fromWho="0" sc="461,-48,180,0,169,58,180,0" /><INIT seed="1,0,0,4,3,121" ten="413,180,227,180" oya="1" hai0="92,53,64,2,12,18,99,118,51,80,6,1,9" hai1="17,11,95,108,67,47,86,101,26,116,70,35,55" hai2="127,100,109,43,29,128,93,126,74,42,75,46,134" hai3="90,32,77,27,5,58,30,49,89,41,119,21,133"/><U111/><E116/><V38/><F109/><N who="1" m="42057" /><E67/><V19/><F128/><W45/><G119/><T115/><D64/><U31/><E70/><V7/><F134/><W104/><G104/><T125/><D118/><U83/><E101/><V114/><F7/><W96/><G133/><T107/><D115/><U88/><E83/><V15/><F42/><W84/><G32/><T59/><D80/><U62/><E47/><V4/><F4/><W39/><G5/><T122/><D122/><U72/><E72/><V8/><F29/><W79/><G39/><T87/><D59/><N who="1" m="35199" /><E17/><V36/><F36/><W110/><G110/><T117/><D18/><U81/><E81/><V40/><F114/><W25/><G58/><T13/><D117/><U50/><E11/><V22/><F8/><W94/><G25/><T3/><D9/><U82/><E82/><AGARI ba="0,0" hai="21,27,30,41,45,49,77,79,82,84,89,90,94,96" machi="82" ten="30,2000,0" yaku="7,1,8,1" doraHai="121" who="3" fromWho="1" sc="413,0,180,-20,227,0,180,20" /><INIT seed="2,0,0,2,3,45" ten="413,160,227,200" oya="2" hai0="18,86,33,58,83,96,131,8,39,32,113,108,19" hai1="30,104,10,88,4,130,134,67,121,132,48,11,60" hai2="9,26,15,122,85,126,119,84,78,2,3,64,93" hai3="91,99,69,7,79,24,107,95,49,38,6,100,94"/><V50/><F122/><W53/><G38/><T23/><D113/><U55/><E104/><V31/><F119/><W56/><G69/><T112/><D39/><U35/><E30/><V74/><F126/><W71/><G71/><T89/><D108/><U5/><E35/><V109/><F109/><W70/><G70/><T92/><D131/><U25/><E25/><V66/><F74/><W128/><G128/><T106/><D106/><U28/><E28/><V135/><F135/><N who="1" m="51753" /><E130/><V73/><F73/><W115/><G115/><T81/><D81/><U110/><E110/><V34/><F84/><W20/><G79/><T103/><D112/><U102/><E102/><V13/><F13/><W101/><G107/><T62/><D8/><N who="1" m="3115" /><E121/><V12/><F12/><W117/><G117/><T133/><D18/><U44/><E88/><N who="2" m="53391" /><F3/><W125/><G125/><T63/><D133/><U46/><E46/><V105/><F105/><W118/><G118/><T127/><D127/><U82/><E82/><V111/><F2/><W41/><G41/><T90/><D103/><N who="3" m="39497" /><G95/><T129/><D129/><U22/><E22/><N who="2" m="15831" /><F111/><W59/><G59/><AGARI ba="0,0" hai="4,5,44,48,55,59,60,67" m="3115,51753" machi="59" ten="30,2000,0" yaku="20,1,52,1" doraHai="45" who="1" fromWho="3" sc="413,0,160,20,227,0,200,-20" /><INIT seed="3,0,0,5,3,91" ten="413,180,227,180" oya="3" hai0="30,35,34,83,80,133,8,90,104,115,60,103,29" hai1="26,107,114,1,125,24,126,65,98,20,9,128,45" hai2="49,42,124,111,92,28,52,57,106,5,131,105,16" hai3="119,37,22,64,40,66,0,73,61,15,95,78,7"/><W76/><G119/><T113/><D133/><U123/><E65/><V33/><F111/><W38/><G0/><T134/><D134/><U51/><E123/><V89/><F124/><N who="1" m="47721" /><E114/><V84/><F131/><W13/><G40/><T48/><D8/><U100/><E128/><V96/><F5/><W17/><G73/><T122/><D60/><U14/><E20/><V58/><F42/><W19/><G7/><T71/><D71/><U82/><E82/><V27/><F58/><W46/><G46/><T87/><D48/><U12/><E1/><V117/><F117/><W112/><G112/><T85/><D103/><U130/><E130/><V79/><REACH who="2" step="1"/><F16/><REACH who="2" ten="413,180,217,180" step="2"/><W102/><G61/><T56/><D56/><U101/><E45/><V97/><F97/><W69/><G69/><T3/><D115/><U121/><E98/><V108/><F108/><W70/><G70/><T88/><D113/><U47/><E47/><V129/><F129/><W132/><G132/><T68/><D68/><U11/><E11/><V135/><F135/><W53/><G22/><T36/><D36/><U31/><E9/><V10/><F10/><W75/><G75/><T110/><D110/><U23/><E23/><V62/><F62/><W44/><G44/><T72/><D3/><U59/><E59/><V41/><F41/><W63/><G63/><T6/><D6/><U4/><E4/><V94/><F94/><W127/><G95/><T54/><D72/><U43/><E43/><V77/><F77/><W99/><G127/><T116/><D116/><U50/><E14/><V21/><F21/><W86/><G99/><RYUUKYOKU ba="0,1" sc="413,-10,180,-10,217,30,180,-10" hai2="27,28,33,49,52,57,79,84,89,92,96,105,106" /><INIT seed="4,1,1,4,2,62" ten="403,170,247,170" oya="0" hai0="4,61,113,75,117,66,127,49,6,15,47,18,27" hai1="5,85,125,56,57,12,124,42,115,38,30,103,16" hai2="32,22,77,0,44,46,9,63,98,84,26,92,102" hai3="97,105,132,10,3,48,65,37,28,108,21,76,133"/><T31/><D117/><U60/><E5/><V36/><F32/><W70/><G37/><T95/><D113/><U123/><E123/><V107/><F36/><W72/><G108/><T121/><D75/><U69/><E30/><V43/><F43/><W116/><G116/><T83/><D83/><U7/><E7/><V118/><F118/><W35/><G21/><T110/><D127/><N who="1" m="48715" /><E103/><V99/><F9/><W130/><G48/><T24/><D121/><U89/><E115/><V50/><F0/><W100/><G130/><T17/><D95/><N who="1" m="54703" /><E42/><V25/><F63/><N who="3" m="40255" /><G10/><T78/><D17/><U91/><E91/><V80/><F50/><W33/><G3/><T129/><D129/><U59/><E38/><V45/><REACH who="2" step="1"/><F22/><REACH who="2" ten="403,170,237,170" step="2"/><W135/><G28/><T41/><D31/><U8/><E69/><V101/><AGARI ba="1,2" hai="25,26,44,45,46,77,80,84,92,98,99,101,102,107" machi="101" ten="30,4000,0" yaku="1,1,2,1,0,1,53,0" doraHai="62" doraHaiUra="39" who="2" fromWho="2" sc="403,-21,170,-11,237,63,170,-11" /><INIT seed="5,0,0,4,5,13" ten="382,159,300,159" oya="1" hai0="96,116,33,12,24,129,135,130,82,112,0,21,40" hai1="11,17,125,67,101,36,2,49,20,51,39,109,59" hai2="114,77,74,124,104,61,63,10,8,79,95,25,99" hai3="9,118,107,80,72,44,56,120,126,87,83,92,127"/><U88/><E101/><V103/><F124/><N who="3" m="47659" /><G120/><T91/><D116/><U64/><E125/><V65/><F114/><W100/><G118/><T90/><D0/><U75/><E75/><V16/><F104/><W86/><G44/><T27/><D112/><U29/><E39/><V38/><F38/><W30/><G30/><T42/><D135/><U68/><E68/><V31/><F74/><W4/><G72/><T28/><D12/><N who="1" m="7327" /><E2/><V47/><F47/><W6/><G107/><T131/><D96/><U97/><E36/><V23/><F61/><W119/><G119/><T46/><D82/><N who="3" m="31273" /><G56/><T14/><D33/><U98/><E109/><V48/><F48/><N who="1" m="18505" /><E59/><N who="2" m="37119" /><F8/><W111/><G111/><T128/><D130/><U133/><E133/><V113/><F113/><W84/><G9/><T50/><D128/><U5/><E5/><N who="3" m="2154" /><G100/><T69/><D69/><U117/><E117/><V93/><F93/><AGARI ba="0,0" hai="84,86,87,92,93" m="2154,31273,47659" machi="93" ten="40,5200,0" yaku="28,2,18,1" doraHai="13" who="3" fromWho="2" sc="382,0,159,0,300,-52,159,52" /><INIT seed="6,0,0,5,4,108" ten="382,159,248,211" oya="2" hai0="79,64,74,46,40,80,65,50,98,20,86,115,32" hai1="131,55,58,4,101,19,60,84,110,39,51,89,12" hai2="96,57,105,36,123,72,14,1,99,100,126,113,41" hai3="87,104,124,44,66,106,78,9,85,120,22,54,49"/><V135/><F123/><W11/><G120/><T71/><D32/><U122/><E39/><V125/><F1/><W107/><G124/><N who="2" m="47721" /><F72/><W25/><G66/><T5/><D5/><U28/><E122/><V90/><F135/><W92/><G92/><T37/><D98/><U29/><E110/><V117/><F57/><W61/><G61/><T95/><D20/><U82/><E131/><V10/><F41/><W3/><G3/><T21/><D21/><U112/><E112/><V23/><F23/><W26/><G26/><T68/><D95/><U97/><E4/><V8/><F96/><W52/><G54/><T102/><D102/><U134/><E134/><V111/><F90/><W121/><G121/><T88/><D88/><U128/><E128/><V38/><F8/><W35/><G35/><T109/><D74/><U34/><E34/><V27/><F27/><W15/><G78/><T69/><D109/><U83/><E83/><V75/><F75/><W56/><G56/><T127/><D127/><U129/><E129/><V94/><F105/><W48/><G48/><T24/><D50/><U70/><E70/><V59/><F111/><W62/><G62/><T76/><D24/><U81/><E81/><V63/><F38/><W13/><G13/><T130/><D130/><U103/><E60/><V93/><F36/><W132/><G132/><T31/><D40/><U6/><E6/><V17/><F63/><W91/><G91/><T7/><D7/><U119/><E119/><V77/><F117/><W45/><G45/><T116/><D116/><U0/><E0/><V42/><F42/><RYUUKYOKU ba="0,0" sc="382,0,159,0,248,0,211,0" /><INIT seed="7,1,0,2,0,22" ten="382,159,248,211" oya="3" hai0="128,76,129,20,41,94,40,32,72,124,90,92,50" hai1="43,35,118,68,62,13,82,107,54,56,21,38,1" hai2="101,34,30,97,60,121,31,133,130,78,120,85,99" hai3="9,23,26,24,25,10,53,83,131,116,81,106,125"/><W73/><G106/><T64/><D32/><U66/><E1/><V12/><F130/><W74/><G116/><T8/><D64/><U28/><E118/><V51/><F133/><W48/><G125/><T7/><D124/><U0/><E0/><V42/><F60/><W127/><G127/><T105/><D105/><U65/><E107/><V104/><F12/><W113/><G131/><T46/><D40/><U119/><E119/><V114/><F97/><W16/><G113/><T59/><D59/><U33/><E66/><V70/><F70/><W86/><G74/><T39/><D92/><U15/><E82/><N who="3" m="31242" /><G86/><T36/><D72/><U14/><E43/><V95/><F78/><W2/><G2/><T4/><D76/><U18/><E38/><V45/><F114/><W123/><G73/><T67/><D39/><U77/><E77/><V135/><F34/><W44/><G123/><N who="2" m="47177" /><F135/><W71/><G71/><T6/><D36/><U109/><E109/><V122/><F122/><W11/><AGARI ba="1,0" hai="9,10,11,16,23,24,25,26,44,48,53" m="31242" machi="11" ten="30,12000,1" yaku="8,1,52,3,54,1" doraHai="22" who="3" fromWho="3" sc="382,-41,159,-41,248,-41,211,123" /><INIT seed="7,2,0,2,1,27" ten="341,118,207,334" oya="3" hai0="16,45,6,32,111,134,53,99,97,126,26,90,93" hai1="2,29,94,51,74,11,115,21,89,102,55,0,77" hai2="70,114,132,116,19,65,35,38,131,105,1,67,118" hai3="80,87,72,18,41,117,30,112,4,76,25,46,17"/><W78/><G117/><T129/><D111/><U23/><E102/><V58/><F19/><W133/><G112/><T68/><D68/><U113/><E77/><V3/><F58/><W8/><G133/><T61/><D126/><U66/><E74/><V79/><F65/><W108/><G78/><T24/><D134/><U44/><E66/><V86/><F86/><W119/><G119/><T36/><D129/><U63/><E63/><V20/><F20/><W81/><G81/><T43/><D6/><U100/><E100/><V88/><F88/><W15/><G72/><T59/><D32/><U135/><E135/><V22/><F22/><N who="3" m="15671" /><G108/><T52/><D16/><U83/><E83/><V37/><F67/><W123/><G123/><T7/><D7/><U71/><E23/><V34/><F79/><W33/><G33/><T91/><D53/><U110/><E71/><V75/><F35/><W57/><G57/><T62/><D61/><U82/><E82/><V125/><F116/><W84/><G84/><T9/><D9/><U49/><E49/><AGARI ba="2,0" hai="4,8,15,17,18,41,46,49,76,80,87" m="15671" machi="49" ten="30,5800,0" yaku="25,1,8,1,52,1" doraHai="27" who="3" fromWho="1" sc="341,0,118,-64,207,0,334,64" owari="341,14.0,54,-45.0,207,-19.0,398,50.0" /></mjloggm>