<mjloggm ver="2.3"><GO type="169" lobby="0"/><UN n0="%54%45%53%48%49%4D%41%4E" n1="%E7%AB%8B%E8%8F%AF%E5%A5%8F" n2="%E5%B0%B1%E6%B4%BB%E7%94%9F%40%E5%B7%9D%E6%9D%91%E8%BB%8D%E5%9B%A3" n3="%E8%85%90%E7%94%9F%E8%B1%9A%E3%82%B3%E3%83%84%E3%83%9C%E3%83%BC" dan="16,17,17,16" rate="2075.44,2184.94,2173.70,2132.92" sx="M,F,F,M"/><TAIKYOKU oya="0"/><INIT seed="0,0,0,5,2,54" ten="250,250,250,250" oya="0" hai0="66,84,39,43,37,5,56,32,50,103,1,74,104" hai1="124,79,61,115,65,121,80,49,75,20,28,128,3" hai2="31,26,129,12,113,71,51,14,77,58,21,76,62" hai3="0,98,36,125,132,95,16,135,133,82,97,114,126"/><T81/><D32/><U33/><E121/><V9/><F113/><W42/><G114/><T27/><D27/><U52/><E115/><V11/><F129/><W70/><G70/><T123/><D123/><U108/><E108/><V8/><F71/><W24/><G0/><T122/><D122/><U44/><E3/><V131/><F51/><W22/><G82/><T4/><D4/><U92/><E33/><V10/><F131/><W107/><G107/><T110/><D110/><U53/><E128/><V118/><F118/><W35/><G35/><T38/><D74/><U101/><E124/><N who="3" m="47722" /><G95/><T67/><D104/><U40/><E28/><V69/><F69/><W90/><G90/><T116/><D116/><U127/><E127/><V17/><REACH who="2" step="1"/><F14/><REACH who="2" ten="250,250,240,250" step="2"/><W117/><G117/><T78/><D50/><U47/><E47/><AGARI ba="0,1" hai="16,22,24,36,42,47,97,98,132,133,135" m="47722" machi="47" ten="40,5200,0" yaku="20,1,18,1,54,1" doraHai="54" who="3" fromWho="1" sc="250,0,250,-52,240,0,250,62" /><INIT seed="1,0,0,4,0,16" ten="250,198,240,312" oya="1" hai0="46,6,113,86,89,88,108,19,115,4,51,8,73" hai1="20,15,31,41,72,55,5,85,82,81,97,25,71" hai2="49,94,126,99,52,110,44,127,9,0,38,24,83" hai3="58,39,111,45,13,117,105,42,121,56,104,101,59"/><U37/><E71/><V129/><F129/><W122/><G111/><T17/><D73/><U116/><E116/><V135/><F110/><W84/><G117/><T47/><D108/><U76/><E97/><V114/><F114/><W106/><G101/><T92/><D113/><U100/><E100/><V22/><F135/><W80/><REACH who="3" step="1"/><G13/><REACH who="3" ten="250,198,240,302" step="2"/><T11/><D115/><U90/><E15/><V26/><F0/><W120/><G120/><T65/><D65/><U91/><E5/><V87/><F38/><W93/><G93/><T123/><D123/><U132/><E132/><V130/><F130/><W50/><G50/><T10/><D92/><U118/><E118/><V48/><F49/><W32/><G32/><T107/><D51/><U68/><E68/><V75/><F126/><W131/><G131/><T28/><D4/><U2/><E2/><V36/><F36/><W134/><G134/><T33/><D6/><U133/><E133/><V54/><F127/><W30/><G30/><T35/><D28/><U53/><REACH who="1" step="1"/><E91/><AGARI ba="0,1" hai="39,42,45,56,58,59,80,84,91,104,105,106,121,122" machi="91" ten="50,1600,0" yaku="1,1,53,0" doraHai="16" doraHaiUra="1" who="3" fromWho="1" sc="250,0,198,-16,240,0,302,26" /><INIT seed="2,0,0,1,5,61" ten="250,182,240,328" oya="2" hai0="73,97,68,87,8,129,128,134,7,93,119,106,28" hai1="18,33,114,49,79,90,109,25,71,36,123,44,63" hai2="50,16,60,91,101,10,111,94,15,37,85,38,82" hai3="121,95,62,132,75,110,22,48,56,39,26,11,96"/><V120/><F120/><W118/><G121/><T130/><D73/><U131/><E109/><V58/><F111/><W135/><G110/><T65/><D119/><U77/><E131/><V116/><F116/><W46/><G39/><T52/><D134/><U108/><E108/><V133/><F133/><W127/><G127/><T67/><D68/><U40/><E123/><V45/><F101/><W17/><G118/><T84/><D28/><U13/><E114/><V9/><F94/><W64/><G75/><T32/><D32/><U6/><E6/><V1/><F1/><W42/><REACH who="3" step="1"/><G11/><REACH who="3" ten="250,182,240,318" step="2"/><T112/><D8/><U117/><E36/><V19/><F10/><W107/><G107/><T27/><D106/><U31/><E117/><V12/><F38/><W76/><G76/><T35/><D128/><U104/><E104/><V29/><F37/><W53/><G53/><T41/><D129/><U30/><E77/><V14/><F29/><W124/><G124/><T66/><D130/><U100/><E79/><V92/><F19/><W99/><G99/><T83/><D97/><U3/><E30/><V125/><F125/><W70/><G70/><T21/><D52/><U5/><E31/><V86/><F86/><W51/><G51/><T0/><D87/><U69/><E49/><V78/><F78/><W4/><G4/><T88/><D84/><U72/><E69/><V34/><F34/><W24/><G24/><T105/><D35/><U113/><E33/><V59/><F9/><W20/><G20/><T55/><D105/><U74/><E74/><V98/><F16/><W115/><G115/><RYUUKYOKU ba="0,1" sc="250,-10,182,-10,240,-10,318,30" hai3="17,22,26,42,46,48,56,62,64,95,96,132,135" /><INIT seed="3,1,1,3,4,20" ten="240,172,230,348" oya="3" hai0="50,101,99,117,41,102,64,4,134,40,39,71,112" hai1="5,114,25,47,60,126,29,118,110,58,75,78,97" hai2="14,107,18,135,17,66,42,88,23,24,87,89,52" hai3="124,67,32,92,30,120,95,133,2,48,96,113,11"/><W1/><G113/><T77/><D117/><U9/><E110/><V85/><F107/><W63/><G120/><T84/><D112/><U6/><E114/><V7/><F66/><W43/><G133/><T121/><D39/><U26/><E118/><V16/><F42/><W86/><G124/><T0/><D121/><U83/><E126/><V93/><F135/><W31/><G31/><T62/><D134/><U90/><E47/><V28/><F52/><W111/><G86/><T22/><D102/><U98/><E29/><V74/><F74/><W76/><G76/><T115/><D115/><U27/><E90/><V12/><F7/><W13/><G95/><AGARI ba="1,1" hai="12,14,16,17,18,23,24,28,85,87,88,89,93,95" machi="95" ten="40,8000,1" yaku="9,1,8,1,52,1,54,2" doraHai="20" who="2" fromWho="3" sc="240,0,172,0,230,93,348,-83" /><INIT seed="4,0,0,4,4,80" ten="240,172,323,265" oya="0" hai0="102,35,111,90,64,29,36,132,134,95,91,118,44" hai1="22,66,73,121,68,2,40,98,23,82,96,112,104" hai2="10,11,93,27,87,81,125,123,14,122,49,53,120" hai3="63,5,92,16,135,85,94,48,17,103,45,26,75"/><T89/><D118/><U58/><E121/><V4/><F125/><W33/><G75/><T114/><D114/><U71/><E2/><V88/><F27/><W77/><G5/><T42/><D111/><U133/><E133/><N who="0" m="51305" /><D64/><U55/><E112/><V128/><F128/><W78/><G135/><T119/><D119/><U61/><E40/><V127/><F127/><W84/><G33/><T7/><D7/><U39/><E39/><V12/><F81/><W108/><G63/><T99/><D29/><U57/><E104/><V19/><F123/><W126/><G126/><T109/><D109/><U13/><E71/><V31/><F31/><W115/><G115/><T106/><D35/><U76/><E68/><V74/><F74/><W18/><G108/><T47/><D47/><AGARI ba="0,0" hai="4,10,11,12,14,19,47,49,53,87,88,93,120,122" machi="47" ten="30,3900,0" yaku="7,1,52,1,54,1" doraHai="80" who="2" fromWho="0" sc="240,-39,172,0,323,39,265,0" /><INIT seed="5,0,0,5,0,39" ten="201,172,362,265" oya="1" hai0="115,40,125,65,85,37,24,95,49,87,102,44,82" hai1="109,103,133,74,59,86,12,80,35,111,83,11,19" hai2="52,71,90,21,135,123,120,54,92,48,89,0,13" hai3="78,91,5,107,62,132,105,34,14,53,131,7,121"/><U45/><E133/><V10/><F71/><W36/><G34/><T63/><D115/><U41/><E35/><V8/><F135/><W3/><G3/><T20/><D125/><U33/><E33/><V118/><F118/><W97/><G121/><T23/><D37/><U18/><E74/><V51/><F0/><W46/><G78/><T6/><D6/><U104/><E59/><N who="2" m="33159" /><F123/><W31/><G31/><T60/><D85/><U119/><E119/><V70/><F70/><W101/><G46/><T77/><D65/><U108/><E18/><N who="2" m="10447" /><F120/><W73/><G73/><T58/><D58/><U110/><N who="1" m="28160" /><DORA hai="2" /><U134/><E134/><V72/><F72/><W81/><G5/><T68/><D68/><U79/><E86/><N who="2" m="52279" /><F90/><W66/><G91/><T84/><D20/><U69/><E79/><V96/><F96/><W93/><G97/><N who="0" m="59711" /><D87/><U57/><E69/><V88/><F88/><W17/><G132/><T28/><AGARI ba="0,0" hai="23,24,28,40,44,49,60,63,77,82,84" m="59711" machi="28" ten="30,2000,0" yaku="8,1,52,1" doraHai="39,2" who="0" fromWho="0" sc="201,20,172,-10,362,-5,265,-5" /><INIT seed="6,0,0,4,4,82" ten="221,162,357,260" oya="2" hai0="84,12,119,18,74,21,117,75,27,108,98,45,99" hai1="125,64,38,13,93,59,107,72,10,123,62,101,58" hai2="66,36,132,130,104,47,42,94,0,1,3,131,133" hai3="90,37,83,55,110,19,95,77,52,121,54,129,39"/><V41/><F104/><W60/><G110/><T86/><D108/><U96/><E125/><V50/><F66/><W114/><G121/><T20/><D45/><U135/><E135/><N who="2" m="51787" /><F94/><W78/><G78/><T109/><D109/><U122/><E72/><N who="0" m="27689" /><D98/><U134/><E134/><V69/><F69/><W22/><G129/><N who="2" m="49161" /><F36/><W46/><G39/><T32/><D99/><U92/><E38/><V33/><F33/><W127/><G95/><T30/><D32/><U31/><E31/><V63/><F63/><W126/><G60/><T53/><D53/><AGARI ba="0,0" hai="0,1,3,41,42,47,50,53" m="49161,51787" machi="53" ten="40,3900,0" yaku="20,1,19,1" doraHai="82" who="2" fromWho="0" sc="221,-39,162,0,357,39,260,0" /><INIT seed="6,1,0,0,2,30" ten="182,162,396,260" oya="2" hai0="130,118,19,122,40,73,107,6,93,127,84,98,0" hai1="101,89,91,52,53,48,23,88,106,117,95,64,123" hai2="92,41,29,77,80,59,110,69,54,108,36,113,46" hai3="5,99,90,35,56,44,27,129,16,24,81,34,43"/><V70/><F29/><W39/><G5/><T7/><D122/><U68/><E117/><V75/><F92/><W60/><G129/><T71/><D71/><U47/><E123/><V13/><F113/><W37/><G37/><T128/><D73/><U112/><E112/><V63/><REACH who="2" step="1"/><F13/><REACH who="2" ten="182,162,386,260" step="2"/><W119/><G119/><T111/><D118/><U14/><E106/><V114/><F114/><W126/><G27/><T31/><D107/><U18/><E68/><AGARI ba="1,1" hai="36,41,46,54,59,63,68,69,70,75,77,80,108,110" machi="68" ten="40,2000,0" yaku="1,1,53,0" doraHai="30" doraHaiUra="132" who="2" fromWho="1" sc="182,0,162,-23,386,33,260,0" /><INIT seed="6,2,0,3,0,10" ten="182,139,419,260" oya="2" hai0="87,6,80,20,109,9,130,106,110,105,8,34,39" hai1="83,3,116,19,126,60,99,23,66,2,17,53,32" hai2="97,89,132,86,79,27,77,75,127,67,73,90,112" hai3="30,51,21,119,37,69,7,55,98,61,14,76,68"/><V50/><F67/><W91/><G119/><T26/><D39/><U57/><E126/><V111/><F50/><W93/><G37/><T124/><D34/><U24/><E116/><V48/><F48/><W33/><G76/><T125/><D130/><U108/><E108/><V5/><F5/><W65/><G33/><T52/><D80/><U71/><E32/><V41/><F41/><W47/><G30/><T92/><D87/><U28/><E83/><V49/><F49/><W29/><G29/><T42/><D42/><U18/><E71/><V22/><F22/><W59/><G7/><T117/><D117/><U13/><E53/><V104/><F27/><W64/><G68/><T113/><D92/><U101/><REACH who="1" step="1"/><E13/><REACH who="1" ten="182,129,419,260" step="2"/><V131/><F127/><N who="0" m="48714" /><D52/><U129/><E129/><V118/><F131/><W82/><G82/><T72/><D110/><U95/><AGARI ba="2,1" hai="2,3,17,18,19,23,24,28,57,60,66,95,99,101" machi="95" ten="30,12000,2" yaku="1,1,0,1,25,2,53,2" doraHai="10" doraHaiUra="35" who="1" fromWho="1" sc="182,-32,129,136,419,-62,260,-32" /><INIT seed="7,0,0,0,5,132" ten="150,265,357,228" oya="3" hai0="11,115,122,114,10,61,79,111,133,89,53,84,58" hai1="23,68,72,91,124,126,128,0,55,9,22,41,63" hai2="116,108,24,13,56,81,29,57,50,26,17,45,131" hai3="15,52,4,71,36,35,28,49,100,101,66,8,135"/><W85/><G36/><T127/><D122/><U38/><E72/><V65/><F108/><W54/><G135/><T21/><D133/><U95/><E128/><V25/><F116/><W18/><G71/><T37/><D37/><U117/><E117/><V109/><F109/><W93/><G66/><T110/><D79/><U42/><E0/><V83/><F131/><W39/><G39/><T75/><D75/><U129/><E9/><N who="2" m="6319" /><F29/><W47/><G54/><T70/><D70/><U98/><E129/><V107/><F107/><W82/><G93/><T34/><D34/><U86/><E86/><V5/><F5/><W40/><G40/><N who="1" m="15466" /><E38/><V7/><F7/><W76/><G28/><T59/><D59/><N who="2" m="22602" /><F65/><W77/><G35/><T33/><D33/><U14/><E14/><V78/><F78/><N who="3" m="30315" /><G4/><T46/><D46/><U120/><E120/><V44/><F44/><W48/><G48/><T134/><D134/><U94/><E94/><V74/><F74/><W20/><G20/><T60/><D21/><U112/><E112/><N who="0" m="43049" /><D61/><U87/><E87/><V16/><F16/><W64/><G64/><T19/><D10/><U88/><E91/><AGARI ba="0,0" hai="8,15,18,47,49,52,82,85,91,100,101" m="30315" machi="91" ten="30,5800,0" yaku="25,1,8,1,54,1" doraHai="132" who="3" fromWho="1" sc="150,0,265,-58,357,0,228,58" /><INIT seed="7,1,0,0,2,64" ten="150,207,357,286" oya="3" hai0="51,115,103,121,2,36,37,91,90,80,39,0,127" hai1="129,135,40,61,24,118,74,33,81,107,128,83,122" hai2="71,55,14,68,46,86,102,9,117,125,66,106,97" hai3="35,133,7,123,104,116,99,85,112,19,82,92,12"/><W110/><G110/><T96/><D121/><U53/><E122/><V32/><F32/><W54/><G116/><T79/><D127/><U57/><E118/><V25/><F117/><W73/><G35/><T31/><D31/><U21/><E33/><V98/><F66/><W23/><G112/><T77/><D115/><U65/><E107/><V16/><F125/><W114/><G114/><T56/><D0/><U41/><E135/><V75/><F75/><W48/><G73/><T113/><D113/><U109/><E109/><V26/><F98/><W38/><G104/><T11/><D2/><U111/><E111/><V6/><F86/><W93/><G38/><T95/><D11/><U5/><E5/><V126/><F126/><W1/><G133/><T18/><D18/><U20/><E53/><V8/><F26/><W94/><G123/><T27/><D27/><U29/><E20/><V52/><F55/><W70/><G1/><T17/><D17/><U89/><E74/><V63/><F9/><W105/><G105/><T120/><D120/><U44/><E40/><V134/><F134/><W84/><G7/><T42/><D79/><U30/><E30/><V108/><F108/><W101/><G19/><T119/><D119/><U67/><E67/><V76/><F76/><W34/><G34/><T58/><D42/><U47/><E41/><V88/><F6/><W22/><G22/><T132/><D132/><U28/><E21/><V69/><F25/><W100/><G23/><T131/><D131/><U3/><E129/><V43/><F8/><W15/><G15/><T72/><D51/><RYUUKYOKU ba="1,0" sc="150,30,207,-10,357,-10,286,-10" hai0="36,37,39,56,58,72,77,80,90,91,95,96,103" owari="180,-32.0,197,-20.0,347,44.0,276,8.0" /></mjloggm>