<mjloggm ver="2.3"><GO type="169" lobby="0"/><UN n0="%E2%91%A3%E3%82%BB%E3%83%B3%E3%83%81" n1="%E3%83%88%E3%83%88%E3%83%AA%E5%85%88%E7%94%9F%31%39%E6%AD%B3" n2="%E5%8D%97%E5%8D%97%E5%8D%97" n3="%E3%81%8B%E3%81%97%E3%81%8B%E3%81%8A" dan="16,18,16,17" rate="2087.80,2248.40,2138.83,2179.37" sx="M,F,M,M"/><TAIKYOKU oya="0"/><INIT seed="0,0,0,5,5,82" ten="250,250,250,250" oya="0" hai0="68,34,75,24,79,134,41,97,101,84,42,1,129" hai1="78,30,133,103,86,126,16,119,19,49,69,93,116" hai2="76,94,72,37,59,128,115,95,63,27,18,111,66" hai3="135,81,132,17,58,31,8,70,46,36,117,105,98"/><T99/><D1/><U73/><E69/><V47/><F115/><W15/><G70/><T7/><D7/><U110/><E73/><V131/><F111/><W89/><G117/><T123/><D75/><U74/><E74/><V85/><F72/><W55/><G31/><T65/><D99/><U38/><E38/><V114/><F114/><W80/><G36/><T62/><D123/><U130/><E30/><V3/><F3/><W26/><G26/><T109/><D134/><N who="3" m="51241" /><G46/><T28/><D129/><N who="2" m="49738" /><F47/><W52/><G105/><T44/><D109/><U48/><E126/><V57/><F57/><W20/><G8/><T22/><D22/><U67/><E110/><V40/><F40/><W29/><G29/><T124/><D124/><U122/><E122/><V12/><F27/><W104/><G104/><N who="0" m="63535" /><D79/><U127/><E127/><V108/><F37/><W56/><G98/><T87/><D42/><U92/><E133/><V45/><F45/><W61/><G89/><T120/><D120/><U11/><E130/><V77/><F108/><W4/><G4/><T2/><D2/><U33/><E103/><V14/><F77/><W50/><AGARI ba="0,0" hai="15,17,20,50,52,55,56,58,61,80,81" m="51241" machi="50" ten="30,2000,0" yaku="20,1,54,1" doraHai="82" who="3" fromWho="3" sc="250,-10,250,-5,250,-5,250,20" /><INIT seed="1,0,0,1,2,59" ten="240,245,245,270" oya="1" hai0="58,62,6,74,76,27,101,98,123,13,88,85,24" hai1="36,124,19,95,65,114,20,75,17,1,4,120,82" hai2="132,7,96,133,93,125,52,90,110,73,116,29,55" hai3="77,12,40,134,118,57,26,39,91,38,104,97,14"/><U61/><E114/><V48/><F116/><W119/><G77/><T50/><D123/><U100/><E120/><V103/><F73/><W105/><G134/><N who="2" m="51817" /><F110/><W45/><G26/><T131/><D131/><U46/><E124/><V89/><F125/><W117/><G57/><T113/><D113/><U2/><E100/><V21/><F7/><W84/><G38/><T25/><D74/><U86/><E95/><V8/><F8/><W41/><G41/><T31/><D76/><U30/><E75/><V44/><F55/><W102/><REACH who="3" step="1"/><G105/><REACH who="3" ten="240,245,245,260" step="2"/><T60/><D31/><U115/><E30/><V81/><F81/><AGARI ba="0,1" hai="12,14,39,40,45,81,84,91,97,102,104,117,118,119" machi="81" ten="40,8000,1" yaku="1,1,2,1,12,1,53,1" doraHai="59" doraHaiUra="71" who="3" fromWho="2" sc="240,0,245,0,245,-80,260,90" /><INIT seed="2,0,0,5,4,126" ten="240,245,165,350" oya="2" hai0="119,0,97,135,12,64,56,111,89,18,32,109,14" hai1="93,134,45,112,11,6,21,4,115,22,102,53,71" hai2="35,1,15,3,68,114,44,23,41,118,10,128,16" hai3="8,26,46,127,130,61,43,9,132,86,77,90,131"/><V20/><F114/><W123/><G123/><T110/><D0/><U121/><E71/><V104/><F104/><W72/><G127/><T17/><D32/><U67/><E67/><V36/><F118/><W88/><G132/><T100/><D135/><U122/><E134/><V92/><F35/><W85/><G61/><N who="0" m="37927" /><D119/><U38/><E93/><V124/><F68/><W59/><G59/><T60/><D60/><U57/><E102/><V19/><F124/><W54/><G54/><T73/><D73/><U69/><E69/><V79/><F79/><W83/><G26/><T51/><D89/><U55/><E57/><V24/><F92/><W99/><G99/><T95/><D51/><U113/><E38/><V28/><REACH who="2" step="1"/><F128/><REACH who="2" ten="240,245,155,350" step="2"/><N who="3" m="49195" /><G72/><T13/><AGARI ba="0,1" hai="12,13,14,17,18,95,97,100,109,110,111" m="37927" machi="13" ten="40,1500,0" yaku="14,1" doraHai="126" who="0" fromWho="0" sc="240,25,245,-4,155,-7,350,-4" /><INIT seed="3,0,0,0,1,62" ten="265,241,148,346" oya="3" hai0="104,54,22,122,73,21,131,56,119,46,130,113,19" hai1="105,37,10,45,72,134,63,39,6,86,7,61,121" hai2="69,52,16,29,1,100,88,18,59,128,4,42,43" hai3="84,132,106,38,13,8,78,55,95,98,75,94,133"/><W102/><G38/><T81/><D119/><U116/><E121/><V120/><F120/><W66/><G66/><T9/><D122/><U135/><E72/><V11/><F69/><W118/><G118/><T68/><D104/><U48/><E105/><V99/><F128/><W123/><G123/><T129/><D68/><U101/><E101/><V24/><F100/><W5/><G55/><T33/><D33/><U103/><E103/><V31/><F42/><W44/><G44/><T111/><D111/><U49/><E86/><V40/><F43/><W64/><G64/><T87/><D73/><U36/><E116/><V71/><F40/><W93/><REACH who="3" step="1"/><G84/><REACH who="3" ten="265,241,148,336" step="2"/><T74/><D46/><U47/><E39/><V50/><F71/><W17/><G17/><T15/><D74/><U70/><E70/><V91/><F31/><W27/><G27/><T57/><D113/><U65/><E65/><V117/><F117/><W3/><G3/><T92/><D57/><U14/><E14/><V114/><F114/><W109/><G109/><T97/><D56/><U35/><E36/><V0/><F0/><W30/><G30/><T112/><D54/><U83/><E37/><V12/><F1/><W124/><G124/><T23/><D112/><U76/><E47/><V34/><REACH who="2" step="1"/><F99/><REACH who="2" ten="265,241,138,336" step="2"/><W77/><G77/><N who="0" m="46511" /><D97/><U110/><E110/><V60/><F60/><W85/><G85/><T26/><D131/><U82/><E76/><V53/><F53/><W126/><G126/><T107/><D130/><U32/><E45/><V51/><F51/><W96/><G96/><T89/><D129/><U115/><E115/><RYUUKYOKU ba="0,2" sc="265,-30,241,10,138,10,336,10" hai1="6,7,10,32,35,48,49,61,63,82,83,134,135" hai2="4,11,12,16,18,24,29,34,50,52,59,88,91" hai3="5,8,13,75,78,93,94,95,98,102,106,132,133" /><INIT seed="3,1,2,0,0,32" ten="235,251,148,346" oya="3" hai0="93,6,48,82,100,86,121,44,58,21,105,112,74" hai1="70,47,135,122,89,15,61,73,24,51,4,108,57" hai2="33,133,131,41,36,76,23,68,29,101,94,50,0" hai3="38,104,91,25,55,83,42,129,39,119,63,96,99"/><W12/><G119/><T1/><D121/><U28/><E70/><V109/><F50/><W31/><G129/><T111/><D105/><U78/><E108/><V45/><F23/><W130/><G130/><T9/><D111/><U113/><E113/><V20/><F131/><W8/><G42/><T125/><D125/><U128/><E128/><V75/><F20/><W134/><G134/><T85/><D112/><U77/><E73/><V123/><F109/><W120/><G120/><T40/><D58/><U49/><E135/><V19/><F19/><W59/><G38/><T26/><D74/><U22/><E51/><V90/><F123/><W92/><G39/><T97/><REACH who="0" step="1"/><D82/><REACH who="0" ten="225,251,148,346" step="2"/><U71/><E122/><V34/><F133/><W126/><G126/><T60/><D60/><U127/><E57/><V69/><F69/><W118/><G118/><T66/><D66/><U64/><E127/><V37/><F68/><W110/><G110/><T107/><D107/><U98/><E61/><V65/><F65/><W27/><G83/><T52/><D52/><N who="1" m="29759" /><E64/><V17/><F75/><W14/><G104/><T132/><D132/><U53/><E53/><V84/><F41/><W35/><G55/><T54/><D54/><U16/><E71/><V117/><F117/><W116/><G116/><T46/><D46/><U106/><E106/><V43/><F45/><W18/><G59/><T81/><D81/><U3/><E28/><AGARI ba="1,3" hai="1,6,9,21,26,28,40,44,48,85,86,93,97,100" machi="28" ten="30,3900,0" yaku="1,1,7,1,52,1,53,0" doraHai="32" doraHaiUra="62" who="0" fromWho="1" sc="225,72,251,-42,148,0,346,0" /><INIT seed="4,0,0,1,5,119" ten="297,209,148,346" oya="0" hai0="60,47,72,87,83,62,32,10,125,129,19,101,63" hai1="58,37,127,108,56,107,84,121,44,73,13,64,28" hai2="131,99,109,75,40,66,94,123,74,36,126,7,48" hai3="113,95,51,30,110,120,35,133,22,117,1,4,55"/><T27/><D72/><U2/><E108/><V45/><F109/><W132/><G110/><T33/><D125/><U43/><E2/><V11/><F126/><W6/><G35/><T71/><D71/><U96/><E73/><V115/><F115/><W65/><G65/><T31/><D129/><U54/><E127/><V85/><F131/><W111/><G111/><T34/><D101/><U98/><E121/><V86/><F66/><W91/><G117/><T57/><D57/><U69/><E107/><V104/><F104/><W130/><G130/><T128/><D128/><U82/><E28/><V46/><F75/><W100/><G100/><T103/><D103/><U39/><E39/><V78/><F74/><W23/><G113/><T76/><D47/><U16/><E58/><V67/><F67/><W90/><G120/><T106/><D106/><U5/><E5/><N who="3" m="2154" /><G1/><T52/><D52/><U18/><E64/><V88/><F78/><W12/><G12/><T102/><D102/><U93/><E93/><V70/><F70/><W41/><G41/><T20/><REACH who="0" step="1"/><D10/><REACH who="0" ten="287,209,148,346" step="2"/><U122/><E69/><V61/><F123/><W26/><G55/><T97/><D97/><N who="1" m="37483" /><E122/><V118/><F118/><W25/><G51/><T50/><D50/><U53/><E56/><V24/><F61/><W92/><G133/><T21/><D21/><N who="1" m="11407" /><E53/><V79/><F36/><W0/><G132/><T80/><D80/><U135/><E54/><V29/><F46/><W15/><G22/><T9/><D9/><U38/><E135/><V112/><F112/><W8/><G8/><T116/><D116/><U14/><E38/><RYUUKYOKU ba="0,1" sc="287,30,209,-10,148,-10,346,-10" hai0="19,20,27,31,32,33,34,60,62,63,76,83,87" /><INIT seed="4,1,1,2,0,32" ten="317,199,138,336" oya="0" hai0="83,73,90,101,56,4,62,86,19,88,67,118,55" hai1="34,33,28,122,7,103,111,51,80,54,43,119,9" hai2="49,8,74,36,48,14,110,58,69,1,128,115,124" hai3="23,66,71,60,29,25,57,93,109,121,3,63,127"/><T108/><D118/><U102/><E119/><V6/><F110/><W68/><G109/><T81/><D108/><U112/><E111/><V21/><F36/><W120/><G127/><T16/><D101/><U107/><E122/><N who="3" m="47210" /><G3/><T78/><D4/><U2/><E112/><V72/><F69/><W52/><G93/><T106/><D106/><U98/><E28/><V85/><F115/><W40/><G40/><T15/><D90/><U11/><E43/><V129/><F124/><W37/><G37/><T105/><D105/><U46/><E102/><V91/><F74/><W100/><G100/><T82/><D82/><U79/><REACH who="1" step="1"/><E11/><REACH who="1" ten="317,189,138,336" step="2"/><V135/><F8/><W117/><G117/><T42/><D42/><U65/><E65/><V44/><F129/><W47/><G71/><T26/><D26/><U61/><E61/><V59/><F128/><W76/><G68/><T95/><D83/><U30/><E30/><V0/><F72/><AGARI ba="1,2" hai="2,7,9,33,34,46,51,54,72,79,80,98,103,107" machi="72" ten="30,3900,0" yaku="1,1,7,1,52,1,53,0" doraHai="32" doraHaiUra="114" who="1" fromWho="2" sc="317,0,189,62,138,-42,336,0" /><INIT seed="5,0,0,1,2,88" ten="317,251,96,336" oya="1" hai0="49,131,79,61,122,64,1,67,33,110,54,24,23" hai1="113,99,17,68,77,119,73,21,69,31,94,26,102" hai2="74,4,103,123,82,134,86,58,75,89,124,15,20" hai3="18,115,47,51,107,65,92,66,57,5,50,56,28"/><U25/><E119/><V80/><F58/><N who="3" m="22635" /><G107/><T100/><D1/><U133/><E113/><V90/><F20/><W48/><G5/><T7/><D33/><U44/><E133/><V111/><F15/><W116/><G28/><T10/><D110/><U78/><E44/><V34/><F4/><W14/><G115/><T53/><D131/><U85/><E73/><N who="2" m="27659" /><F34/><W91/><G47/><T3/><D79/><U87/><E78/><V76/><F123/><W128/><G128/><T117/><D117/><U72/><E72/><N who="2" m="43015" /><F111/><W114/><G114/><T71/><D67/><U8/><E8/><V2/><F2/><W55/><G55/><T62/><D62/><U96/><E77/><N who="2" m="46415" /><F134/><W109/><G116/><T112/><D112/><U97/><E68/><V22/><F22/><N who="3" m="11607" /><G109/><T126/><D122/><U120/><E69/><V52/><F52/><W32/><G32/><T63/><D63/><U93/><E120/><V6/><F6/><W16/><G16/><T84/><D49/><U40/><E40/><V0/><F0/><W106/><G65/><T95/><D54/><U38/><E38/><V46/><F46/><W104/><G66/><T121/><D53/><U37/><E37/><V27/><F27/><W19/><G19/><T130/><D121/><U59/><E59/><V127/><F103/><W129/><G129/><T70/><D70/><U101/><E26/><V125/><AGARI ba="0,0" hai="89,90,124,125,127" m="46415,43015,27659" machi="125" ten="40,5200,0" yaku="18,1,34,2" doraHai="88" who="2" fromWho="2" sc="317,-13,251,-26,96,52,336,-13" /><INIT seed="6,0,0,1,1,113" ten="304,225,148,323" oya="2" hai0="133,103,101,67,102,70,68,61,29,132,74,23,122" hai1="91,46,72,43,34,77,71,37,12,110,112,3,56" hai2="2,48,95,18,105,126,84,128,107,13,75,87,115" hai3="38,22,25,121,15,127,40,65,9,5,98,53,30"/><V39/><F39/><W83/><G121/><T104/><D74/><U32/><E110/><V76/><F2/><W42/><G127/><T63/><D122/><U108/><E108/><V28/><F28/><W7/><G65/><T0/><D0/><U129/><E71/><N who="0" m="27177" /><D67/><U81/><E3/><V135/><F48/><W4/><G38/><T31/><D23/><U109/><E109/><V41/><F41/><N who="3" m="15979" /><G98/><T99/><D99/><U60/><E129/><V96/><F18/><N who="3" m="8559" /><G53/><T1/><D104/><N who="2" m="40010" /><F13/><W111/><G111/><T52/><D52/><U118/><E32/><V19/><F19/><W93/><G93/><T36/><D36/><U21/><E34/><V69/><F69/><W55/><G55/><T44/><D44/><U119/><E56/><V24/><F24/><W88/><G88/><T117/><D1/><U123/><E60/><N who="0" m="23113" /><D117/><U50/><E123/><V114/><F126/><W62/><G62/><T35/><D35/><U20/><E37/><V97/><F128/><W80/><AGARI ba="0,0" hai="4,5,7,22,25,30,80,83" m="8559,15979" machi="80" ten="30,1100,0" yaku="8,1" doraHai="113" who="3" fromWho="3" sc="304,-3,225,-3,148,-5,323,11" /><INIT seed="7,0,0,1,1,92" ten="301,222,143,334" oya="3" hai0="45,0,109,91,95,20,111,115,13,108,57,113,79" hai1="19,46,18,124,94,133,67,44,39,110,17,14,9" hai2="38,96,42,30,70,72,2,29,48,127,99,98,76" hai3="71,34,130,100,24,134,83,63,129,31,78,11,121"/><W81/><G121/><T125/><D0/><U62/><E110/><V102/><F70/><W53/><G134/><T33/><D33/><U112/><E133/><V16/><F127/><W135/><G135/><T55/><D125/><U3/><E124/><V118/><F118/><W56/><G71/><T116/><D79/><U132/><E132/><V15/><F2/><W126/><G126/><T101/><D101/><U66/><E112/><N who="0" m="43081" /><D45/><U37/><E3/><V21/><F38/><W103/><G11/><T10/><D20/><U40/><E67/><V93/><F76/><W6/><G6/><N who="0" m="3287" /><D116/><U122/><E122/><V80/><F80/><N who="3" m="30795" /><G78/><T50/><D111/><U123/><E123/><V43/><F72/><W106/><G106/><T22/><D22/><U51/><E37/><V8/><F21/><W119/><G119/><T128/><D128/><AGARI ba="0,0" hai="24,31,34,53,56,63,100,103,128,129,130" m="30795" machi="128" ten="30,1500,0" yaku="19,1" doraHai="92" who="3" fromWho="0" sc="301,-15,222,0,143,0,334,15" owari="286,9.0,222,-18.0,143,-36.0,349,45.0" /></mjloggm>