<mjloggm ver="2.3"><GO type="41" lobby="0"/><UN n0="%E3%81%9B%E3%81%B6%E3%82%93%E3%82%89%E3%81%A3%E3%81%97%E3%82%85" n1="%E5%B0%B1%E6%B4%BB%E7%94%9F%40%E5%B7%9D%E6%9D%91%E8%BB%8D%E5%9B%A3" n2="%34%31%36%30" n3="%72%79%75%31%31%35" dan="14,17,15,13" rate="1949.75,2189.73,1990.39,1863.52" sx="M,M,F,M"/><TAIKYOKU oya="0"/><INIT seed="0,0,0,0,3,114" ten="250,250,250,250" oya="0" hai0="5,91,55,123,82,99,70,56,112,81,77,31,84" hai1="1,102,113,73,44,19,127,79,67,122,62,72,78" hai2="39,45,32,28,92,29,64,21,101,129,9,65,57" hai3="46,51,121,118,89,43,7,47,85,63,128,110,35"/><T68/><D112/><U49/><E1/><V97/><F129/><W12/><G128/><T105/><D123/><U80/><E122/><V3/><F32/><W76/><G121/><T53/><D31/><U93/><E113/><V2/><F39/><W119/><G35/><T61/><D5/><U96/><E127/><V36/><F29/><W14/><G63/><T125/><D125/><U104/><E19/><V60/><F65/><W26/><G26/><T18/><D105/><U75/><E79/><V50/><F36/><W126/><G126/><T103/><D103/><U116/><E116/><V16/><F9/><W17/><G110/><T11/><D55/><U33/><E33/><V37/><F37/><W0/><G0/><T42/><D42/><U40/><REACH who="1" step="1"/><E104/><REACH who="1" ten="250,240,250,250" step="2"/><V59/><F28/><W94/><G76/><T15/><REACH who="0" step="1"/><D99/><REACH who="0" ten="240,240,250,250" step="2"/><U95/><E95/><V109/><F109/><W134/><G7/><T48/><D48/><U6/><E6/><V83/><F97/><W66/><G51/><T107/><D107/><U23/><E23/><V90/><F21/><W22/><G22/><T41/><D41/><U8/><E8/><V69/><F50/><W133/><G43/><T132/><D132/><U30/><E30/><V25/><F92/><W87/><G94/><T10/><D10/><U74/><E74/><AGARI ba="0,2" hai="11,15,18,53,56,61,68,70,74,77,81,82,84,91" machi="74" ten="30,5800,0" yaku="1,1,7,1,53,1" doraHai="114" doraHaiUra="86" who="0" fromWho="1" sc="240,78,240,-58,250,0,250,0" /><INIT seed="0,1,0,1,2,49" ten="318,182,250,250" oya="0" hai0="42,88,84,3,112,28,104,118,70,34,99,66,21" hai1="53,39,35,124,114,129,92,25,57,67,29,60,15" hai2="75,37,51,12,135,107,123,78,56,13,85,116,45" hai3="65,105,103,31,133,134,18,23,16,33,79,106,95"/><T44/><D118/><U24/><E124/><V125/><F123/><W121/><G121/><T61/><D112/><U109/><E129/><V59/><F125/><W117/><G117/><T8/><D34/><U1/><E1/><V73/><F107/><W52/><G79/><T108/><D108/><U80/><E114/><V62/><F135/><N who="3" m="51723" /><G65/><T58/><D104/><N who="3" m="40041" /><G33/><T69/><D99/><U90/><E109/><V4/><F37/><W50/><G103/><T9/><D70/><U2/><E2/><V128/><F128/><W43/><G95/><T126/><D69/><U19/><E39/><V22/><F116/><W113/><G113/><T41/><D3/><U20/><E80/><N who="2" m="47255" /><F75/><W83/><G83/><N who="0" m="49183" /><D126/><U26/><REACH who="1" step="1"/><E67/><REACH who="1" ten="318,172,250,250" step="2"/><V32/><F73/><W74/><G74/><T77/><D77/><U98/><AGARI ba="1,1" hai="15,19,20,24,25,26,29,35,53,57,60,90,92,98" machi="98" ten="20,12000,2" yaku="1,1,2,1,0,1,7,1,52,1,53,1" doraHai="49" doraHaiUra="91" who="1" fromWho="1" sc="318,-61,172,133,250,-31,250,-31" /><INIT seed="1,0,0,1,1,127" ten="257,305,219,219" oya="1" hai0="67,45,37,112,57,9,87,82,11,83,58,97,91" hai1="40,22,89,64,35,99,51,23,46,107,113,121,135" hai2="72,65,61,78,119,32,115,53,55,105,17,134,14" hai3="120,124,13,123,34,100,92,30,44,54,19,75,88"/><U86/><BYE who="2" /><E35/><V66/><F66/><W6/><G75/><UN n2="%34%31%36%30" /><T15/><D112/><U101/><E121/><V29/><F119/><W80/><G124/><T111/><D111/><U47/><E113/><V31/><F134/><W62/><G6/><T94/><D82/><U8/><E135/><V125/><F125/><W50/><G80/><T27/><D27/><U26/><E64/><V70/><F78/><W59/><G100/><T102/><D67/><U7/><E26/><V74/><F32/><W126/><G30/><T118/><D11/><U28/><E28/><V49/><F105/><W69/><G34/><T52/><D37/><U3/><REACH who="1" step="1"/><E46/><REACH who="1" ten="257,295,219,219" step="2"/><V77/><F29/><W84/><G126/><T0/><D118/><U10/><E10/><V104/><F31/><W103/><G69/><T76/><D0/><U21/><E21/><V116/><F65/><W90/><G123/><T20/><D20/><U79/><E79/><V68/><F77/><W16/><G120/><T129/><D129/><U12/><E12/><V33/><F14/><W132/><G132/><T43/><D76/><U114/><E114/><V117/><F33/><W42/><G13/><T130/><D130/><U71/><E71/><V5/><F115/><W63/><G44/><T109/><D109/><U95/><AGARI ba="0,1" hai="3,7,8,22,23,40,47,51,86,89,95,99,101,107" machi="95" ten="20,7800,0" yaku="1,1,0,1,7,1,53,1" doraHai="127" doraHaiUra="4" who="1" fromWho="1" sc="257,-26,295,88,219,-26,219,-26" /><INIT seed="1,1,0,2,3,61" ten="231,383,193,193" oya="1" hai0="39,121,110,40,6,46,13,116,106,5,127,87,29" hai1="11,135,44,89,83,77,27,100,16,88,47,19,99" hai2="75,68,62,54,114,112,102,91,133,38,37,10,17" hai3="1,131,58,52,94,101,108,79,92,48,118,55,124"/><U73/><E135/><V51/><F133/><W86/><G1/><T45/><D116/><U25/><E25/><V80/><F102/><W65/><G118/><T36/><D106/><U90/><E27/><V122/><F122/><W20/><G108/><T35/><D121/><U34/><E34/><V113/><F10/><W56/><G124/><T67/><D67/><U22/><E22/><V82/><F17/><W23/><G131/><T84/><D29/><U8/><E8/><V119/><F119/><W3/><G3/><T43/><D35/><U103/><E103/><V2/><F2/><W109/><G109/><T123/><D123/><U115/><E115/><V64/><F91/><W120/><G120/><T97/><D97/><U125/><E125/><V53/><F53/><W33/><G33/><T15/><D110/><U85/><E73/><V4/><F4/><W57/><G101/><T41/><D41/><U24/><E24/><V7/><F7/><W9/><G9/><T76/><D76/><U12/><REACH who="1" step="1"/><E19/><REACH who="1" ten="231,373,193,193" step="2"/><V30/><F75/><W28/><G20/><T69/><D127/><U104/><AGARI ba="1,1" hai="11,12,16,44,47,77,83,85,88,89,90,99,100,104" machi="104" ten="30,18000,2" yaku="1,1,2,1,0,1,54,2,53,1" doraHai="61" doraHaiUra="81" who="1" fromWho="1" sc="231,-61,373,193,193,-61,193,-61" /><INIT seed="1,2,0,0,5,119" ten="170,566,132,132" oya="1" hai0="36,19,77,30,110,78,109,83,71,125,86,58,18" hai1="90,2,49,14,6,126,102,115,37,44,33,75,118" hai2="108,52,23,64,32,117,100,80,5,15,128,46,47" hai3="107,28,59,127,16,114,70,87,116,104,135,97,55"/><U38/><E118/><V45/><F117/><W89/><G116/><T98/><D71/><U112/><E75/><V51/><F108/><N who="0" m="41578" /><D36/><U88/><E2/><V22/><F128/><W131/><G70/><T56/><D125/><U7/><E33/><V99/><F32/><W82/><G127/><T20/><D98/><U41/><E126/><V42/><F64/><W39/><G131/><T111/><D111/><U53/><E102/><V79/><F5/><W34/><G39/><T94/><D94/><U123/><E123/><V65/><F65/><W93/><G114/><T1/><D1/><U0/><E0/><V11/><F11/><W31/><G135/><T27/><D78/><U35/><E35/><V103/><F103/><W121/><G121/><T8/><D8/><U62/><E62/><V91/><F91/><W60/><G34/><T17/><AGARI ba="2,0" hai="17,18,19,20,27,30,56,58,77,83,86" m="41578" machi="17" ten="30,1100,0" yaku="14,1" doraHai="119" who="0" fromWho="0" sc="170,17,566,-7,132,-5,132,-5" /><INIT seed="2,0,0,2,3,1" ten="187,559,127,127" oya="2" hai0="125,29,5,77,135,57,13,97,124,58,68,82,61" hai1="41,17,102,22,6,49,3,122,10,111,84,31,63" hai2="116,90,4,64,47,74,127,11,66,27,117,67,46" hai3="15,18,21,93,134,71,36,35,73,20,39,40,56"/><V48/><F127/><N who="0" m="48714" /><D29/><U14/><E111/><V89/><F74/><W28/><G71/><T112/><D112/><U87/><E122/><V94/><F27/><W85/><G35/><T103/><D135/><U43/><E102/><V100/><F100/><W37/><G73/><N who="0" m="43311" /><D68/><U86/><E31/><V23/><F23/><W65/><G134/><T55/><D58/><U32/><E32/><V0/><F47/><W51/><G28/><T45/><D45/><U62/><REACH who="1" step="1"/><E49/><REACH who="1" ten="187,549,127,127" step="2"/><V83/><F83/><W101/><G101/><T9/><D103/><U126/><E126/><V88/><REACH who="2" step="1"/><F94/><REACH who="2" ten="187,549,117,127" step="2"/><W75/><G93/><T106/><D106/><U69/><E69/><V128/><F128/><W113/><G113/><T44/><D44/><U7/><E7/><V54/><AGARI ba="0,2" hai="0,4,11,46,48,54,64,66,67,88,89,90,116,117" machi="54" ten="30,11700,0" yaku="1,1,0,1,52,1,54,1,53,0" doraHai="1" doraHaiUra="19" who="2" fromWho="2" sc="187,-39,549,-39,117,137,127,-39" /><INIT seed="2,1,0,4,2,115" ten="148,510,254,88" oya="2" hai0="8,53,41,120,134,22,36,129,68,19,14,71,56" hai1="52,9,64,100,28,63,24,62,116,35,107,72,109" hai2="17,108,85,92,42,16,74,133,5,26,54,84,132" hai3="75,73,127,20,66,3,90,4,104,70,89,135,80"/><V57/><F74/><W76/><G104/><T78/><D120/><U96/><E109/><V95/><F108/><W128/><G75/><T59/><D134/><N who="2" m="51818" /><F42/><W99/><G135/><T94/><D129/><U58/><E72/><V13/><F5/><W10/><G128/><T114/><D114/><U122/><E122/><V125/><F26/><W15/><G127/><T123/><D123/><U82/><E82/><V44/><F44/><W47/><G99/><T126/><D126/><U51/><E9/><V98/><F125/><W29/><G70/><T61/><D78/><U12/><E12/><V65/><F65/><W7/><G66/><T119/><D41/><U121/><E121/><V43/><F43/><W37/><G37/><T50/><D36/><U69/><E63/><N who="2" m="36279" /><F17/><W33/><G47/><T46/><D59/><U38/><E38/><V31/><F31/><W67/><G67/><T110/><D110/><U49/><E49/><V83/><F83/><W124/><G124/><T39/><D39/><U131/><E131/><V2/><F2/><W18/><REACH who="3" step="1"/><G4/><REACH who="3" ten="148,510,254,78" step="2"/><T77/><D71/><U91/><E64/><V48/><F98/><W27/><AGARI ba="1,1" hai="3,7,10,15,18,20,27,29,33,73,76,80,89,90" machi="27" ten="30,8000,1" yaku="1,1,2,1,0,1,24,2,53,0" doraHai="115" doraHaiUra="88" who="3" fromWho="3" sc="148,-21,510,-21,254,-41,78,93" /><INIT seed="3,0,0,2,3,30" ten="127,489,213,171" oya="3" hai0="101,27,59,32,129,103,31,126,26,60,11,113,34" hai1="117,72,3,50,69,135,71,39,48,16,28,105,132" hai2="131,36,18,53,13,128,96,80,100,134,43,4,86" hai3="19,108,107,114,127,35,109,79,52,17,122,98,120"/><W102/><G79/><T130/><D113/><U45/><E117/><V110/><F110/><N who="3" m="42603" /><G114/><T1/><D126/><U73/><E3/><V124/><F124/><W104/><G127/><T68/><D68/><N who="1" m="26187" /><E28/><V133/><F4/><W7/><G7/><T63/><D59/><U78/><E105/><N who="2" m="63623" /><F53/><W67/><G67/><T94/><D94/><U41/><E78/><N who="2" m="46359" /><F43/><W111/><G107/><T64/><D31/><U25/><E73/><V91/><F91/><W93/><N who="3" m="42611" /><W112/><DORA hai="23" /><G112/><T66/><D11/><U54/><E72/><V20/><F36/><W21/><G104/><T40/><D40/><U65/><E65/><V38/><F38/><W123/><G52/><T51/><D51/><U76/><E76/><V58/><F58/><W95/><G95/><T106/><D106/><U61/><E61/><V12/><F12/><N who="3" m="9383" /><G19/><T116/><REACH who="0" step="1"/><D1/><REACH who="0" ten="117,489,213,171" step="2"/><U85/><E41/><V0/><F0/><W6/><G6/><T57/><D57/><U81/><E54/><V77/><F77/><W97/><G97/><T37/><D37/><U33/><E39/><V74/><F74/><W2/><G2/><T14/><D14/><U9/><E45/><V47/><F47/><W90/><G102/><T83/><D83/><U55/><E55/><V119/><F119/><AGARI ba="0,1" hai="26,27,32,34,60,63,64,66,101,103,116,119,129,130" machi="119" ten="25,12000,2" yaku="1,1,22,2,52,4,53,0" doraHai="30,23" doraHaiUra="44,46" who="0" fromWho="2" sc="117,130,489,0,213,-120,171,0" /><INIT seed="4,0,0,0,1,127" ten="247,489,93,171" oya="0" hai0="122,134,120,132,4,114,48,3,1,93,22,73,17" hai1="109,29,44,5,59,87,82,45,27,6,49,77,31" hai2="80,14,0,10,92,96,53,68,79,41,129,113,56" hai3="78,28,74,61,67,13,23,62,105,18,99,43,124"/><T76/><D114/><U7/><E109/><V102/><F113/><W30/><G124/><T33/><D33/><U52/><REACH who="1" step="1"/><E31/><REACH who="1" ten="247,479,93,171" step="2"/><V83/><F68/><W40/><G30/><T115/><D115/><U121/><E121/><V50/><F0/><W103/><G28/><T54/><D122/><U126/><E126/><V72/><F41/><W116/><G43/><T35/><D120/><U108/><E108/><V58/><F83/><W119/><G40/><T107/><D3/><U86/><E86/><V16/><REACH who="2" step="1"/><F129/><REACH who="2" ten="247,479,83,171" step="2"/><W112/><G112/><T130/><D1/><U117/><E117/><V118/><F118/><W70/><G119/><T37/><D130/><U19/><E19/><V106/><F106/><W51/><G116/><T66/><D107/><U12/><E12/><V131/><F131/><W47/><G13/><T110/><D17/><U95/><E95/><V69/><F69/><W32/><G18/><T15/><D93/><U21/><AGARI ba="0,2" hai="5,6,7,21,27,29,44,45,49,52,59,77,82,87" machi="21" ten="30,7900,0" yaku="1,1,0,1,8,1,54,1,53,0" doraHai="127" doraHaiUra="123" who="1" fromWho="1" sc="247,-39,479,99,83,-20,171,-20" /><INIT seed="5,0,0,3,0,98" ten="208,578,63,151" oya="1" hai0="69,90,108,94,79,97,52,73,42,7,81,112,14" hai1="44,31,59,54,23,106,105,0,126,121,127,70,68" hai2="24,27,63,103,109,128,122,61,67,78,102,82,95" hai3="130,132,111,133,88,57,110,46,17,53,72,64,6"/><U58/><E121/><V84/><F109/><W28/><G72/><T50/><D108/><U15/><E0/><V125/><F122/><W47/><G28/><T2/><D2/><U75/><E75/><V32/><F128/><W49/><G6/><T76/><D112/><U30/><E15/><V85/><F125/><N who="1" m="47625" /><E23/><V48/><F32/><W25/><G130/><T86/><D69/><N who="1" m="26731" /><E44/><V66/><F48/><W4/><G64/><T39/><D39/><U104/><E54/><V35/><F35/><W119/><G4/><T34/><D34/><U134/><E134/><V36/><F95/><W89/><G111/><T129/><D129/><U22/><E22/><V124/><F124/><W3/><G110/><T10/><D73/><U107/><N who="1" m="27136" /><DORA hai="9" /><U91/><E91/><V100/><F36/><W99/><G3/><T131/><D131/><U20/><E20/><V71/><REACH who="2" step="1"/><F84/><REACH who="2" ten="208,578,53,151" step="2"/><W96/><G49/><T33/><D33/><U5/><E5/><V101/><N who="2" m="25600" /><DORA hai="120" /><V115/><F115/><W29/><G132/><T83/><D42/><U45/><E45/><V13/><F13/><W123/><G133/><T114/><D114/><U40/><E40/><V11/><F11/><W8/><G123/><T77/><D86/><U55/><E55/><V60/><F60/><W87/><G47/><AGARI ba="0,1" hai="7,10,14,47,50,52,76,77,79,81,83,90,94,97" machi="47" ten="40,5200,0" yaku="8,1,52,1,54,1" doraHai="98,9,120" who="0" fromWho="3" sc="208,62,578,0,53,0,151,-52" /><INIT seed="6,0,0,2,4,45" ten="270,578,53,99" oya="2" hai0="36,55,123,134,65,27,93,127,25,84,26,94,78" hai1="4,79,128,22,106,15,89,30,17,130,126,24,86" hai2="119,31,39,114,5,109,0,80,23,50,68,96,111" hai3="42,121,73,72,117,48,69,85,35,107,77,100,99"/><V34/><F39/><W95/><G35/><T20/><D123/><U92/><E126/><V115/><F119/><W33/><G69/><T13/><D36/><U81/><E106/><V101/><F68/><W18/><G33/><T51/><D134/><U70/><E70/><V58/><F80/><W76/><G18/><N who="0" m="10319" /><D65/><U108/><E108/><N who="2" m="41547" /><F34/><W19/><G19/><T54/><D54/><U132/><E4/><V47/><F58/><W11/><G11/><T133/><D133/><U43/><E43/><N who="2" m="24959" /><F5/><W71/><G71/><T118/><D118/><U14/><E132/><V28/><F0/><W102/><G48/><T110/><D127/><U120/><E120/><V98/><F98/><N who="3" m="61847" /><G42/><T1/><D1/><U32/><REACH who="1" step="1"/><E14/><REACH who="1" ten="270,568,53,99" step="2"/><V8/><F8/><W6/><G6/><T66/><D110/><U122/><E122/><V112/><F23/><W21/><G121/><T104/><D104/><AGARI ba="0,1" hai="28,31,96,101,104,112,114,115" m="24959,41547" machi="104" ten="40,7700,0" yaku="15,1,10,1,52,1" doraHai="45" who="2" fromWho="0" sc="270,-77,568,0,53,87,99,0" /><INIT seed="6,1,0,2,5,67" ten="193,568,140,99" oya="2" hai0="30,23,1,125,78,132,34,47,74,21,99,11,15" hai1="54,26,117,71,70,25,50,49,37,120,84,20,88" hai2="13,5,127,48,22,35,92,51,110,87,129,61,16" hai3="96,59,73,4,18,83,86,10,124,101,32,44,2"/><V121/><F121/><W109/><G109/><T113/><D113/><U39/><E117/><V45/><F110/><W33/><G73/><T38/><D1/><U28/><E120/><V111/><F111/><W19/><G124/><T62/><D125/><U55/><E39/><V131/><F127/><W107/><G19/><T40/><D99/><U95/><E37/><V64/><F35/><W133/><G133/><T29/><D132/><U116/><E116/><V118/><F118/><W104/><G104/><T112/><D62/><U80/><E80/><V119/><F119/><W114/><G114/><T0/><D15/><U103/><E103/><V36/><F5/><W135/><G135/><T41/><D41/><U75/><E75/><V43/><F87/><W42/><G59/><T24/><D30/><U57/><E26/><V97/><F97/><W79/><REACH who="3" step="1"/><G18/><REACH who="3" ten="193,568,140,89" step="2"/><T105/><D105/><U102/><E102/><V128/><REACH who="2" step="1"/><F92/><REACH who="2" ten="193,568,130,89" step="2"/><W12/><G12/><T68/><D112/><U53/><E53/><V52/><F52/><W134/><G134/><T7/><REACH who="0" step="1"/><D68/><AGARI ba="1,2" hai="13,16,22,36,43,45,48,51,61,64,68,128,129,131" machi="68" ten="40,12000,1" yaku="1,1,19,1,52,1,54,1,53,0" doraHai="67" doraHaiUra="76" who="2" fromWho="0" sc="193,-123,568,0,130,143,89,0" /><INIT seed="6,2,0,2,4,51" ten="70,568,273,89" oya="2" hai0="77,70,116,33,71,50,23,34,8,86,121,90,5" hai1="115,94,80,135,119,41,122,16,20,4,110,96,35" hai2="134,39,104,91,74,60,103,47,87,113,65,1,38" hai3="64,14,28,124,10,43,93,101,49,108,40,95,63"/><V114/><F74/><W55/><G108/><T3/><D121/><U98/><E35/><V36/><F1/><W118/><G118/><T26/><D116/><U81/><E119/><V127/><F134/><W9/><G124/><T17/><D77/><U97/><E122/><V89/><F127/><W56/><G28/><T48/><D71/><U59/><E110/><V109/><F109/><W61/><G61/><T78/><D78/><U100/><E135/><V15/><F47/><W27/><G27/><T30/><D70/><U69/><E69/><V37/><F37/><W58/><G9/><T132/><D132/><U31/><E115/><N who="2" m="44043" /><F15/><W57/><G57/><T75/><D75/><U112/><E112/><V21/><F21/><W0/><G0/><T24/><D34/><U73/><E73/><V83/><F103/><W82/><G82/><AGARI ba="2,0" hai="3,5,8,17,23,24,26,30,33,48,50,82,86,90" machi="82" ten="30,1000,0" yaku="7,1" doraHai="51" who="0" fromWho="3" sc="70,16,568,0,273,0,89,-16" /><INIT seed="7,0,0,5,4,115" ten="86,568,273,73" oya="3" hai0="78,8,110,72,27,107,32,83,3,64,15,94,26" hai1="84,11,54,109,103,48,113,90,117,43,22,39,108" hai2="63,121,73,71,28,50,61,133,18,122,51,89,59" hai3="16,42,97,130,53,85,95,21,19,40,41,31,2"/><W79/><G2/><T127/><D110/><U114/><E103/><V74/><F28/><W4/><G4/><T13/><D107/><U123/><E123/><N who="2" m="47115" /><F133/><W24/><G130/><T56/><D3/><U23/><E43/><V99/><F18/><W29/><G29/><T104/><D104/><U105/><E105/><V86/><F99/><W93/><G53/><T47/><D15/><U37/><E11/><V14/><F14/><W106/><G106/><T44/><D94/><N who="1" m="54599" /><E117/><V116/><F116/><W49/><G49/><N who="2" m="18441" /><F71/><W119/><G119/><T0/><D0/><U35/><E35/><V25/><F25/><W7/><G7/><T46/><D32/><U120/><E120/><V81/><F63/><W82/><REACH who="3" step="1"/><G95/><REACH who="3" ten="86,568,273,63" step="2"/><T126/><D64/><AGARI ba="0,1" hai="59,61,64,73,74,81,86,89" m="18441,47115" machi="64" ten="30,1000,0" yaku="13,1" doraHai="115" who="2" fromWho="0" sc="86,-10,568,0,273,20,63,0" owari="76,-32.0,568,67.0,293,9.0,63,-44.0" /></mjloggm>