<mjloggm ver="2.3"><GO type="225" lobby="0"/><UN n0="%E5%A3%87%E2%98%86%E8%9C%9C" n1="%E3%81%82%E3%82%89%E3%81%8F%E3%82%8C" n2="%E3%82%B8%E3%83%A7%E3%83%BC%E3%82%BF%E3%82%AF%E3%83%8F%E3%82%A4" n3="%E3%82%A6%E3%83%AB%E3%83%88%E3%83%A9%E7%AB%8B%E7%9B%B4" dan="17,17,16,17" rate="2186.37,2203.71,2150.12,2106.53" sx="M,F,F,M"/><TAIKYOKU oya="0"/><INIT seed="0,0,0,0,5,67" ten="250,250,250,250" oya="0" hai0="10,7,28,64,81,3,36,49,55,125,93,118,57" hai1="35,126,111,15,37,106,62,108,66,11,22,121,69" hai2="40,85,92,133,51,5,74,59,116,27,65,33,101" hai3="24,91,12,107,113,45,46,77,95,30,47,76,44"/><T71/><D118/><U16/><E121/><V130/><F74/><W60/><G113/><T80/><D125/><U18/><E35/><V17/><F116/><W110/><G107/><T96/><D28/><U99/><E126/><V102/><F5/><W14/><N who="3" m="11264" /><DORA hai="115" /><W0/><G0/><T52/><D36/><U63/><E63/><V4/><F4/><W120/><G110/><N who="1" m="42026" /><E37/><V79/><F40/><W134/><G134/><T56/><D71/><U129/><E129/><V42/><F130/><W19/><G60/><T98/><D64/><U104/><E99/><V6/><F6/><W100/><G100/><T132/><D132/><U8/><E8/><V124/><F42/><W68/><G68/><T82/><REACH who="0" step="1"/><D93/><REACH who="0" ten="240,250,250,250" step="2"/><U84/><E84/><V109/><F133/><W48/><G95/><T90/><D90/><U29/><E29/><V94/><F124/><W70/><G91/><T9/><D9/><U119/><E119/><V114/><F109/><W112/><G70/><T26/><D26/><AGARI ba="0,1" hai="11,15,16,18,22,26,62,66,69,104,106" m="42026" machi="26" ten="30,3900,0" yaku="14,1,52,1,54,1" doraHai="67,115" who="1" fromWho="0" sc="240,-39,250,49,250,0,250,0" /><INIT seed="1,0,0,1,1,97" ten="201,299,250,250" oya="1" hai0="66,135,12,107,85,64,50,11,69,13,54,133,20" hai1="93,32,134,67,7,130,46,53,70,30,62,82,26" hai2="98,44,112,89,36,74,119,58,17,3,103,0,121" hai3="132,10,94,78,45,51,48,28,75,96,22,23,24"/><U16/><E130/><V120/><F119/><W118/><G118/><T92/><D107/><U37/><E134/><V90/><F74/><W128/><G132/><N who="0" m="50763" /><D20/><U18/><E7/><V68/><F68/><W60/><G128/><T25/><D25/><U33/><E33/><V9/><F112/><W52/><G75/><T38/><D38/><U55/><E82/><V125/><F125/><W127/><G127/><T95/><D69/><U6/><E6/><V109/><F109/><W99/><G78/><T80/><D80/><U88/><E55/><V123/><F58/><N who="3" m="34887" /><G10/><T106/><D106/><U111/><E111/><V124/><F124/><W102/><G45/><N who="0" m="27983" /><D13/><U41/><REACH who="1" step="1"/><E53/><REACH who="1" ten="201,289,250,250" step="2"/><V65/><F120/><W108/><G108/><T79/><D79/><U126/><E126/><V15/><F123/><W29/><G51/><T87/><D66/><U72/><E72/><V131/><F65/><W86/><G48/><T115/><D64/><U81/><E81/><V117/><F131/><W47/><G47/><T105/><D115/><U104/><E104/><N who="2" m="63607" /><F121/><W63/><G63/><T61/><D105/><U27/><E27/><V5/><F117/><W2/><G24/><T57/><D61/><U91/><E91/><N who="2" m="34827" /><F5/><W49/><G49/><T71/><D71/><U34/><E34/><V77/><F77/><W19/><G2/><N who="2" m="553" /><F44/><W110/><G110/><T40/><D57/><U39/><E39/><V31/><F36/><W129/><G129/><T56/><D56/><U122/><E122/><V8/><F31/><W84/><G29/><T14/><D14/><U101/><E101/><V35/><F35/><RYUUKYOKU ba="0,1" sc="201,-15,289,15,250,15,250,-15" hai1="16,18,26,30,32,37,41,46,62,67,70,88,93" hai2="8,9,15,17" /><INIT seed="1,1,1,3,1,80" ten="186,304,265,235" oya="1" hai0="97,79,130,85,129,17,53,14,134,44,26,135,83" hai1="23,15,61,7,62,16,73,70,12,55,40,19,66" hai2="63,92,89,123,8,9,21,72,32,81,94,114,103" hai3="43,68,39,45,20,75,67,126,60,88,74,58,3"/><U112/><E112/><V13/><F32/><W98/><G3/><T96/><D26/><U6/><E73/><V87/><F123/><W76/><G76/><T78/><D53/><U101/><E101/><V18/><F114/><W33/><G33/><T42/><D17/><U105/><E105/><V127/><F127/><W2/><G2/><T117/><D14/><U56/><E40/><V11/><F72/><W50/><G20/><AGARI ba="1,1" hai="6,7,12,15,16,19,20,23,55,56,61,62,66,70" machi="20" ten="30,5800,0" yaku="7,1,9,1,54,1" doraHai="80" who="1" fromWho="3" sc="186,0,304,71,265,0,235,-61" /><INIT seed="1,2,0,4,3,90" ten="186,375,265,174" oya="1" hai0="130,78,50,95,86,23,72,1,42,6,32,34,67" hai1="47,33,57,88,133,77,105,93,44,15,24,125,66" hai2="117,31,59,53,89,104,0,135,112,27,134,126,108" hai3="96,100,115,79,119,54,106,62,109,124,111,92,101"/><U7/><E105/><V85/><F117/><W120/><G62/><T55/><D72/><U84/><E125/><V3/><F104/><W8/><G54/><T81/><D130/><U131/><E131/><V37/><F37/><W35/><G8/><T94/><D67/><U30/><E133/><N who="2" m="50699" /><F108/><N who="3" m="41547" /><G35/><T70/><D70/><U13/><E77/><V68/><F68/><W64/><G64/><T38/><D34/><U80/><E80/><N who="2" m="49319" /><F126/><W132/><G124/><T116/><D32/><U113/><E113/><V29/><F112/><W75/><G115/><T74/><D86/><U82/><E82/><V39/><F39/><W56/><G56/><N who="0" m="32887" /><D23/><N who="1" m="15647" /><E7/><V99/><F99/><N who="3" m="59495" /><G119/><T61/><D116/><U22/><E33/><N who="2" m="20671" /><F31/><W107/><G132/><T129/><D129/><U103/><E103/><V65/><F65/><W17/><G107/><T26/><D26/><U43/><E22/><V128/><F128/><W121/><G17/><T18/><D18/><U51/><E44/><V71/><F71/><W10/><G10/><N who="0" m="2383" /><D61/><AGARI ba="2,0" hai="13,15,43,47,51,57,61,66,84,88,93" m="15647" machi="61" ten="30,5800,0" yaku="8,1,52,1,54,1" doraHai="90" who="1" fromWho="0" sc="186,-64,375,64,265,0,174,0" /><AGARI ba="2,0" hai="0,3,53,59,61" m="20671,49319,50699" machi="61" ten="30,1000,0" yaku="20,1" doraHai="90" who="2" fromWho="0" sc="122,-10,439,0,265,10,174,0" /><INIT seed="1,3,0,3,2,33" ten="112,439,275,174" oya="1" hai0="86,1,41,96,94,32,20,17,131,22,88,11,81" hai1="134,5,132,45,27,115,46,104,107,120,25,42,61" hai2="65,70,71,47,23,66,39,14,28,93,3,2,57" hai3="98,114,97,91,24,119,10,15,12,117,67,54,68"/><U130/><E120/><V112/><F93/><W99/><G114/><T123/><D123/><U19/><E115/><V59/><F28/><W4/><G67/><T76/><D32/><U8/><E130/><V35/><F35/><W62/><G68/><T56/><D131/><U101/><E61/><V6/><F23/><W116/><G24/><T125/><D125/><U40/><E19/><V16/><F16/><W95/><G62/><T83/><D41/><U69/><E69/><V111/><F14/><N who="3" m="5163" /><G54/><T79/><D56/><U133/><E101/><V128/><F112/><W103/><G103/><T102/><D17/><U78/><E78/><V122/><F128/><W49/><G49/><T43/><D43/><N who="1" m="16427" /><E25/><V26/><F26/><W77/><G77/><T29/><D29/><U105/><E27/><V34/><F34/><W126/><G126/><T64/><D64/><U80/><E80/><V37/><F122/><W72/><G72/><T36/><D36/><U0/><AGARI ba="3,0" hai="0,5,8,45,46,104,105,107,132,133,134" m="16427" machi="0" ten="40,3900,0" yaku="20,1,52,1" doraHai="33" who="1" fromWho="1" sc="112,-16,439,48,275,-16,174,-16" /><INIT seed="1,4,0,5,0,34" ten="96,487,259,158" oya="1" hai0="123,26,127,53,108,73,128,8,86,66,17,27,16" hai1="102,71,43,44,22,80,87,122,77,67,111,18,55" hai2="57,9,95,41,63,101,126,100,58,134,70,45,74" hai3="94,21,19,117,90,42,5,84,78,107,64,3,28"/><U125/><E122/><V2/><F74/><W96/><G117/><T59/><D73/><U62/><E125/><V89/><F70/><W85/><G64/><T91/><D127/><U119/><E119/><V14/><F126/><W51/><G28/><T103/><D108/><U32/><E32/><V120/><F120/><W88/><G107/><T75/><D75/><U33/><E33/><V68/><F68/><W97/><G78/><T50/><D128/><U1/><E1/><V49/><F2/><W25/><G5/><T4/><D103/><N who="2" m="39498" /><F63/><W0/><G0/><T76/><D76/><U61/><E102/><V56/><F134/><W83/><G3/><T40/><D40/><U54/><E61/><V69/><F69/><W98/><G42/><T109/><D66/><U124/><E111/><V114/><F114/><W38/><REACH who="3" step="1"/><G51/><REACH who="3" ten="96,487,259,148" step="2"/><T112/><D109/><U46/><E124/><V79/><F79/><W11/><G11/><T6/><D123/><U118/><E118/><V65/><F65/><W24/><G24/><N who="0" m="9259" /><D112/><U39/><E44/><V110/><F110/><W47/><G47/><T82/><D8/><U130/><E130/><V131/><F131/><W105/><G105/><T93/><D6/><U81/><E46/><V7/><F58/><W129/><G129/><T99/><D4/><U36/><E43/><V23/><F23/><W30/><G30/><T116/><D116/><U92/><E77/><V20/><F20/><W60/><G60/><T135/><D135/><U132/><E132/><V13/><F13/><W72/><G72/><T31/><D31/><U121/><E67/><RYUUKYOKU ba="4,1" sc="96,10,487,-30,259,10,148,10" hai0="16,17,50,53,59,82,86,91,93,99" hai2="7,9,14,41,45,49,56,57,89,95" hai3="19,21,25,38,83,84,85,88,90,94,96,97,98" /><INIT seed="2,5,1,3,5,85" ten="106,457,269,158" oya="2" hai0="45,105,92,67,41,106,20,112,23,96,60,0,50" hai1="27,33,59,90,71,31,63,84,49,29,32,102,74" hai2="65,115,51,129,104,134,72,15,7,117,69,86,135" hai3="46,89,77,76,12,107,53,97,121,108,101,56,119"/><V88/><F115/><W68/><G68/><T122/><D122/><U87/><E74/><V116/><F104/><W62/><G121/><T16/><D0/><U6/><E71/><V111/><F72/><W37/><G119/><T52/><D112/><U75/><E75/><V91/><F129/><W43/><G108/><T99/><D41/><U98/><E6/><V66/><F111/><W38/><G38/><T39/><D39/><U78/><E49/><V130/><F130/><W120/><G120/><T1/><D1/><U14/><E14/><V83/><F51/><W80/><REACH who="3" step="1"/><G12/><REACH who="3" ten="106,457,269,148" step="2"/><T11/><D11/><U110/><E110/><V17/><F117/><W40/><G40/><T125/><D125/><U94/><E27/><V34/><F116/><W127/><G127/><T55/><D55/><U9/><E9/><N who="2" m="6383" /><F69/><W10/><G10/><T48/><D48/><U133/><E63/><V35/><F7/><W113/><G113/><T57/><D23/><U36/><E36/><V3/><F3/><W4/><G4/><T73/><D73/><U64/><E33/><N who="2" m="12299" /><F66/><W28/><G28/><T58/><D67/><U114/><E32/><V42/><F65/><W22/><G22/><T124/><D124/><U81/><E114/><V70/><F70/><W5/><G5/><T128/><D128/><U8/><E64/><V100/><F42/><W118/><G118/><T13/><D60/><U54/><E8/><V82/><F135/><W26/><G26/><T123/><D123/><U24/><E133/><V79/><F134/><W21/><G21/><T2/><D2/><U18/><E24/><RYUUKYOKU ba="5,2" sc="106,-10,457,-10,269,-10,148,30" hai3="37,43,46,53,56,62,76,77,80,89,97,101,107" /><INIT seed="3,6,2,3,4,23" ten="96,447,259,178" oya="3" hai0="133,68,17,53,62,14,67,116,114,52,56,21,72" hai1="128,20,64,5,50,16,4,27,75,2,33,102,129" hai2="99,115,92,96,0,63,94,44,91,70,93,59,29" hai3="82,37,103,76,54,84,66,78,40,35,109,10,57"/><W85/><G35/><T121/><D116/><U41/><E75/><V106/><F70/><W42/><G37/><T83/><D121/><U49/><E64/><V134/><F0/><W26/><G66/><T123/><D123/><U9/><E5/><V101/><F115/><W87/><G103/><T38/><D114/><U88/><E102/><V32/><F134/><W74/><G10/><T90/><D38/><U135/><E135/><V107/><F107/><W15/><G15/><T43/><D43/><U100/><E100/><V51/><F29/><W36/><G109/><T8/><D133/><U126/><E126/><V117/><F32/><W31/><G36/><T25/><D68/><U47/><E33/><V122/><F117/><W98/><G98/><T1/><D1/><U6/><E6/><V60/><F60/><W119/><G119/><T28/><D72/><U124/><E124/><V131/><F131/><N who="1" m="50249" /><E88/><V7/><F7/><W19/><G78/><T81/><D90/><U18/><E50/><V24/><F122/><W12/><G42/><T130/><D130/><U80/><E80/><AGARI ba="6,2" hai="8,14,17,21,25,28,52,53,56,62,67,80,81,83" machi="80" ten="40,5200,0" yaku="8,1,52,1,54,1" doraHai="23" who="0" fromWho="1" sc="96,90,447,-70,259,0,178,0" owari="186,-21.0,377,47.0,259,6.0,178,-32.0" /></mjloggm>