<mjloggm ver="2.3"><GO type="169" lobby="0"/><UN n0="%E3%82%AA%E3%82%AB%E3%83%AB%E3%83%88%E4%B8%80%E8%89%B2" n1="%E3%83%88%E3%83%88%E3%83%AA%E5%85%88%E7%94%9F%31%39%E6%AD%B3" n2="%53%50%49%43%41%40%58" n3="%E3%81%97%E3%82%85%E3%81%86%E3%83%BC%E3%80%82" dan="16,18,18,18" rate="2086.39,2249.58,2197.40,2252.24" sx="M,F,M,M"/><TAIKYOKU oya="0"/><INIT seed="0,0,0,5,0,60" ten="250,250,250,250" oya="0" hai0="6,91,127,5,101,31,74,7,9,43,19,67,13" hai1="105,55,32,14,28,30,63,66,121,79,111,8,80" hai2="46,133,114,35,57,134,56,39,117,49,50,108,33" hai3="2,4,116,118,69,23,41,51,27,81,45,64,75"/><T92/><D74/><U3/><E121/><V61/><F114/><W76/><G23/><T53/><D127/><U26/><E3/><V83/><F108/><W71/><G27/><T16/><D43/><U96/><E111/><V52/><F117/><W17/><G17/><T0/><D31/><U120/><E120/><V15/><F39/><W98/><G98/><T103/><D53/><U10/><E30/><V72/><F15/><W102/><G102/><N who="0" m="38923" /><D0/><U126/><E126/><V129/><F129/><W25/><G25/><T68/><D68/><U11/><E55/><N who="2" m="31855" /><F83/><W54/><G71/><T37/><D37/><U58/><E96/><V65/><F72/><W125/><G125/><T73/><D73/><U95/><E95/><V124/><F124/><W135/><G135/><AGARI ba="0,0" hai="33,35,46,50,52,57,61,65,133,134,135" m="31855" machi="135" ten="30,3900,0" yaku="20,1,52,1,54,1" doraHai="60" who="2" fromWho="3" sc="250,0,250,0,250,39,250,-39" /><INIT seed="1,0,0,2,3,53" ten="250,250,289,211" oya="1" hai0="52,16,86,35,91,119,54,67,87,114,39,65,110" hai1="90,43,75,63,71,17,33,51,25,115,125,117,120" hai2="103,123,14,96,80,11,98,82,116,20,4,66,104" hai3="109,127,59,24,58,81,68,22,134,31,26,15,12"/><U133/><E115/><V10/><F116/><W128/><G68/><T37/><D35/><U74/><E117/><V44/><F123/><W72/><G109/><T107/><D119/><U3/><E3/><V135/><F135/><W61/><G134/><T60/><D107/><U55/><E133/><V50/><F66/><W95/><G128/><T28/><D28/><U34/><E120/><V6/><F20/><N who="3" m="15751" /><G72/><T0/><D0/><U64/><E125/><V45/><F98/><W8/><G61/><T106/><D106/><U121/><E121/><V56/><F45/><W111/><G111/><T132/><D132/><U122/><E122/><V97/><F97/><W19/><G127/><T77/><D110/><U32/><E43/><V92/><F104/><W99/><G81/><T89/><D77/><U113/><E113/><V5/><F56/><N who="3" m="21547" /><G8/><N who="2" m="3113" /><F14/><W9/><G9/><T85/><D114/><U100/><E75/><V101/><F80/><W76/><G76/><T62/><D85/><U23/><E74/><V93/><F82/><W129/><G129/><T126/><D126/><U1/><E1/><V48/><F44/><W73/><G73/><T118/><D118/><U124/><E124/><V30/><F48/><W130/><G130/><T7/><D7/><U57/><E33/><V105/><F50/><W2/><G2/><T13/><D13/><U102/><E34/><V49/><F49/><W41/><G41/><T42/><D42/><U46/><E32/><V84/><F105/><W69/><G69/><T18/><AGARI ba="0,0" hai="16,18,37,39,52,54,60,62,65,67,86,87,89,91" machi="18" ten="25,8000,1" yaku="0,1,22,2,54,2" doraHai="53" who="0" fromWho="0" sc="250,80,250,-40,289,-20,211,-20" /><INIT seed="2,0,0,0,0,33" ten="330,210,269,191" oya="2" hai0="72,37,59,133,11,79,106,21,66,45,5,47,102" hai1="107,40,65,62,78,41,57,38,103,97,96,92,73" hai2="52,67,30,49,42,127,85,36,60,129,120,89,109" hai3="77,128,7,130,9,114,126,56,88,84,8,81,115"/><V20/><F120/><W0/><G126/><T121/><D121/><U50/><E38/><V16/><F127/><W76/><G56/><T32/><D32/><U116/><E116/><V122/><F122/><W24/><G24/><T28/><D133/><U99/><E99/><V100/><F129/><N who="3" m="49771" /><G9/><T132/><D132/><U54/><E78/><AGARI ba="0,0" hai="0,7,8,76,77,78,81,84,88,114,115" m="49771" machi="78" ten="30,3900,0" yaku="19,1,52,1,54,1" doraHai="33" who="3" fromWho="1" sc="330,0,210,-39,269,0,191,39" /><INIT seed="3,0,0,4,5,125" ten="330,171,269,230" oya="3" hai0="26,54,111,64,2,47,129,24,114,99,25,128,135" hai1="108,16,81,79,40,32,27,83,4,70,106,7,5" hai2="122,80,42,109,90,36,6,59,58,53,112,65,66" hai3="45,71,133,11,119,84,115,96,93,100,51,44,62"/><W52/><G119/><T72/><D111/><U78/><E70/><V134/><F112/><W17/><G115/><T1/><D114/><U50/><E106/><V127/><F109/><W73/><G133/><T102/><D72/><U95/><E108/><V0/><F127/><W21/><G73/><T88/><D64/><U15/><E32/><V3/><F134/><W61/><G71/><T110/><D110/><U41/><E27/><V105/><F105/><W9/><G45/><T75/><D75/><U77/><E95/><V63/><F122/><W124/><G124/><T34/><D34/><U82/><E50/><V89/><F6/><W87/><G87/><T18/><D18/><U76/><N who="1" m="19456" /><DORA hai="55" /><U132/><E132/><V74/><F74/><W31/><G84/><T85/><D135/><U123/><E123/><V56/><F36/><W30/><G11/><AGARI ba="0,0" hai="4,5,7,11,15,16,40,41,81,82,83" m="19456" machi="11" ten="60,8000,1" yaku="29,2,8,1,54,1" doraHai="125,55" who="1" fromWho="3" sc="330,0,171,80,269,0,230,-80" /><INIT seed="4,0,0,5,5,18" ten="330,251,269,150" oya="0" hai0="39,108,46,32,100,111,67,115,25,3,72,123,84" hai1="50,65,118,63,104,2,135,57,1,5,41,51,68" hai2="34,130,31,22,77,24,132,15,17,97,54,28,101" hai3="71,81,134,126,131,88,99,74,96,61,79,12,29"/><T48/><D72/><U89/><E118/><V59/><F130/><W98/><G131/><T69/><D39/><U76/><E104/><V87/><F132/><W91/><G134/><T113/><D3/><U103/><E103/><V92/><F31/><W19/><G29/><N who="0" m="19503" /><D123/><U95/><E135/><V120/><F120/><W78/><G126/><T109/><D100/><U6/><E76/><V52/><REACH who="2" step="1"/><F59/><REACH who="2" ten="330,251,259,150" step="2"/><W9/><REACH who="3" step="1"/><G79/><REACH who="3" ten="330,251,259,140" step="2"/><T102/><D108/><U129/><E129/><V43/><F43/><W55/><G55/><T36/><D109/><U124/><E41/><V8/><F8/><W45/><G45/><T62/><D46/><U11/><E124/><V60/><F60/><W64/><AGARI ba="0,2" hai="9,12,19,61,64,71,74,78,81,88,91,96,98,99" machi="64" ten="30,4000,0" yaku="1,1,0,1,54,1,53,0" doraHai="18" doraHaiUra="53" who="3" fromWho="3" sc="330,-20,251,-10,259,-10,140,60" /><INIT seed="5,0,0,5,5,98" ten="310,241,249,200" oya="1" hai0="79,5,50,106,118,7,69,41,123,117,28,8,129" hai1="95,21,0,15,97,116,111,128,82,87,73,33,122" hai2="34,10,17,54,135,133,19,27,81,107,110,22,94" hai3="108,53,93,39,48,35,31,105,63,132,51,90,84"/><U104/><E116/><V38/><F107/><W9/><G108/><T86/><D69/><U43/><E122/><V134/><F110/><W60/><G39/><T102/><D123/><U65/><E111/><V55/><F38/><W99/><G132/><T67/><D67/><U2/><E104/><V59/><F34/><W131/><G131/><T92/><D129/><U18/><E73/><V6/><F81/><W112/><G112/><T49/><D28/><U89/><E33/><V70/><F70/><W62/><G31/><T16/><D106/><U119/><E119/><V91/><F19/><W114/><G35/><T56/><D49/><U83/><E128/><V24/><F24/><W121/><G114/><T44/><D56/><U127/><E82/><V20/><F20/><W85/><G121/><T13/><D117/><U101/><E127/><V36/><F36/><W109/><G109/><T130/><D130/><U124/><E124/><V115/><F115/><W42/><G9/><T26/><D26/><U47/><REACH who="1" step="1"/><E65/><REACH who="1" ten="310,231,249,200" step="2"/><V30/><F133/><W113/><G113/><T77/><D118/><U4/><E4/><V46/><F6/><W120/><G120/><T88/><D5/><U72/><E72/><V61/><F134/><W76/><G105/><T78/><D7/><U23/><E23/><V58/><F22/><W3/><G3/><T126/><D126/><U25/><E25/><V71/><F27/><W40/><G53/><T80/><D80/><U100/><E100/><AGARI ba="0,1" hai="8,13,16,41,44,50,77,78,79,86,88,92,100,102" machi="100" ten="40,8000,1" yaku="8,1,52,2,54,2" doraHai="98" who="0" fromWho="1" sc="310,90,231,-80,249,0,200,0" /><INIT seed="6,0,0,0,2,89" ten="400,151,249,200" oya="2" hai0="120,133,76,1,113,55,117,14,16,10,124,6,103" hai1="23,135,3,49,99,69,93,111,43,118,34,80,82" hai2="129,131,42,41,121,52,39,90,75,59,47,31,79" hai3="37,64,87,27,28,128,101,104,78,22,86,29,65"/><V13/><F121/><W108/><G108/><T9/><D120/><U30/><E111/><V0/><F0/><W88/><G37/><T56/><D113/><U77/><E118/><V66/><F31/><N who="3" m="17911" /><G101/><T92/><D117/><U33/><E69/><V109/><F109/><W67/><G104/><T122/><D122/><U81/><E3/><V96/><F66/><W100/><G100/><T58/><D124/><U125/><E125/><V112/><F112/><W107/><G107/><T2/><D133/><U84/><E135/><V91/><F42/><W40/><G40/><T48/><D76/><U7/><E7/><V62/><F13/><W97/><G128/><N who="2" m="49225" /><F96/><W126/><G126/><T71/><D71/><U94/><E34/><V21/><F21/><W127/><G127/><T8/><D1/><U68/><E33/><V110/><F110/><W132/><G132/><T38/><D38/><U57/><E68/><V15/><F15/><W53/><G53/><T50/><D10/><U63/><E99/><V45/><F45/><W74/><G74/><T114/><D114/><U106/><E106/><V70/><F70/><W85/><G78/><T123/><D123/><U83/><E23/><V44/><F44/><W105/><G105/><T116/><D116/><U35/><E30/><N who="3" m="11882" /><G97/><T119/><D119/><U54/><E35/><V12/><F12/><W18/><G18/><T130/><D130/><U95/><E43/><V51/><F39/><W5/><G5/><T20/><D20/><U72/><E72/><V98/><F98/><W11/><G11/><T32/><D32/><U46/><E46/><RYUUKYOKU ba="0,0" sc="400,-30,151,10,249,10,200,10" hai1="49,54,57,63,77,80,81,82,83,84,93,94,95" hai2="41,47,51,52,59,62,75,79,90,91" hai3="64,65,67,85,86,87,88" /><INIT seed="6,1,0,3,2,76" ten="370,161,259,210" oya="2" hai0="44,49,0,41,98,110,94,101,47,93,13,128,109" hai1="36,32,54,123,52,91,22,87,97,15,35,131,129" hai2="28,61,48,85,71,104,122,46,83,20,124,72,99" hai3="25,132,84,37,59,126,9,135,75,78,65,70,1"/><V134/><F122/><W92/><G70/><T53/><D0/><U68/><E36/><V10/><F72/><W95/><G75/><T31/><D128/><N who="1" m="49227" /><E68/><V17/><F124/><W39/><G25/><T120/><D120/><U33/><E97/><V96/><F134/><N who="3" m="51243" /><G126/><T8/><D31/><U80/><E123/><V100/><F28/><W45/><G65/><T73/><D93/><N who="3" m="35913" /><G59/><T16/><D73/><U127/><E127/><V29/><F61/><W82/><G45/><T26/><D26/><U103/><E103/><V34/><F71/><W11/><G11/><T119/><D119/><U121/><E121/><V2/><F100/><W51/><G51/><AGARI ba="1,0" hai="8,13,16,41,44,47,49,51,53,94,98,101,109,110" machi="51" ten="30,2000,0" yaku="7,1,54,1" doraHai="76" who="0" fromWho="3" sc="370,23,161,0,259,0,210,-23" /><INIT seed="7,0,0,5,3,100" ten="393,161,259,187" oya="3" hai0="8,47,130,98,14,11,77,87,72,67,127,105,134" hai1="41,92,108,84,4,35,23,118,115,18,70,26,99" hai2="30,64,73,32,86,6,56,109,78,60,90,62,104" hai3="116,52,102,51,55,68,106,122,112,61,121,95,59"/><W48/><G95/><T12/><D72/><U66/><E108/><V40/><F109/><W131/><G116/><T44/><D67/><U45/><E118/><V21/><F104/><W31/><G31/><T128/><D127/><U3/><E115/><V123/><F32/><W132/><G112/><T29/><D29/><U111/><E111/><V2/><F73/><W28/><G28/><T110/><D110/><U74/><E74/><V34/><F34/><W125/><G125/><T89/><D77/><U17/><E35/><V36/><F78/><W22/><G22/><T15/><D134/><U50/><E84/><V20/><F123/><W82/><G82/><T80/><D98/><U94/><E18/><V9/><F30/><W76/><G76/><T71/><D105/><U0/><E4/><V25/><F25/><W97/><G132/><T24/><D71/><U119/><E119/><V5/><F5/><W65/><G131/><N who="0" m="50219" /><D24/><U117/><E117/><V1/><F60/><W53/><G53/><T88/><D89/><U120/><E120/><V10/><F10/><AGARI ba="0,0" hai="8,10,11,12,14,15,44,47,80,87,88" m="50219" machi="10" ten="30,2000,0" yaku="19,1,54,1" doraHai="100" who="0" fromWho="2" sc="393,20,161,0,259,-20,187,0" owari="413,51.0,161,-34.0,239,4.0,187,-21.0" /></mjloggm>