<mjloggm ver="2.3"><GO type="169" lobby="0"/><UN n0="%E7%A7%81%E3%81%AF%E3%81%8C%E3%81%A1%E3%81%BB%E3%82%82" n1="%E3%83%87%E3%82%A3%E3%82%BD%E3%83%BC%E3%83%AB" n2="%E5%B0%B1%E6%B4%BB%E7%94%9F%40%E5%B7%9D%E6%9D%91%E8%BB%8D%E5%9B%A3" n3="%E3%81%8B%E3%81%8D%E9%86%A4%E6%B2%B9" dan="17,16,17,17" rate="2235.59,2112.92,2167.95,2134.24" sx="M,M,M,M"/><TAIKYOKU oya="0"/><INIT seed="0,0,0,3,2,16" ten="250,250,250,250" oya="0" hai0="7,121,14,71,87,133,83,91,99,2,8,21,135" hai1="111,67,33,35,13,132,109,57,9,126,120,108,85" hai2="51,127,131,70,19,128,18,46,75,12,79,29,86" hai3="92,41,45,44,97,22,43,98,77,1,62,31,23"/><T74/><D71/><U37/><E120/><V76/><F75/><W94/><G1/><T32/><D121/><U113/><E37/><V102/><F70/><W38/><G31/><T101/><D74/><U61/><E113/><V78/><F127/><W129/><G62/><T123/><D32/><U42/><E126/><V52/><F29/><W114/><G77/><T106/><D123/><U55/><E42/><V60/><F102/><W4/><G4/><T66/><D66/><U134/><E85/><V93/><F60/><W82/><G82/><T110/><D110/><U65/><E65/><V5/><F5/><W54/><G54/><T119/><D119/><U48/><E9/><V26/><F26/><W107/><G107/><T105/><D105/><U10/><E10/><V68/><F68/><W17/><G17/><T118/><D118/><U20/><E20/><V63/><F63/><W34/><G129/><N who="2" m="49737" /><F12/><W73/><G73/><T6/><D6/><U125/><E13/><V104/><F104/><W96/><G34/><N who="1" m="12810" /><E125/><V122/><F122/><W64/><G64/><T47/><REACH who="0" step="1"/><D47/><AGARI ba="0,0" hai="47,48,55,57,61,67,108,109,111,132,134" m="12810" machi="47" ten="40,1300,0" yaku="14,1" doraHai="16" who="1" fromWho="0" sc="250,-13,250,13,250,0,250,0" /><INIT seed="1,0,0,5,5,8" ten="237,263,250,250" oya="1" hai0="96,73,53,43,99,95,81,108,70,10,90,35,21" hai1="58,103,50,77,1,3,62,80,45,119,69,102,74" hai2="22,110,115,63,48,106,46,101,24,28,4,86,6" hai3="72,56,37,16,126,78,26,92,61,122,114,15,89"/><U52/><E119/><V105/><F110/><W121/><G114/><T113/><D35/><U83/><E69/><V25/><F115/><W67/><G37/><T27/><D70/><U42/><REACH who="1" step="1"/><E83/><REACH who="1" ten="237,253,250,250" step="2"/><V71/><F71/><W91/><G122/><T7/><D113/><U0/><AGARI ba="0,1" hai="0,1,3,42,45,50,52,58,62,74,77,80,102,103" machi="0" ten="30,11700,0" yaku="1,1,2,1,0,1,54,1,53,0" doraHai="8" doraHaiUra="2" who="1" fromWho="1" sc="237,-39,253,127,250,-39,250,-39" /><INIT seed="1,1,0,3,3,111" ten="198,380,211,211" oya="1" hai0="48,76,77,53,94,51,69,23,104,129,46,43,47" hai1="71,73,3,41,16,84,11,21,117,7,25,131,31" hai2="44,120,39,26,28,72,108,102,134,128,100,78,66" hai3="63,91,52,50,74,67,93,98,65,19,59,0,97"/><U1/><E73/><V49/><F108/><W113/><G74/><T34/><D104/><U57/><E71/><V60/><F120/><W122/><G122/><T30/><D34/><U17/><E117/><V85/><F72/><W126/><G0/><T119/><D69/><U130/><E41/><V106/><F39/><W56/><G126/><T112/><D129/><N who="1" m="49163" /><E84/><V87/><F128/><W20/><G113/><T68/><D68/><U38/><E38/><V133/><F60/><W42/><G42/><T12/><D112/><U58/><E58/><V82/><F66/><W88/><G91/><T115/><D115/><U22/><E57/><V75/><F87/><N who="3" m="52383" /><G67/><T89/><D119/><U109/><E109/><V18/><F18/><N who="1" m="7273" /><E3/><V2/><F2/><W135/><G135/><N who="2" m="51721" /><F75/><W124/><G124/><T27/><REACH who="0" step="1"/><D12/><AGARI ba="1,0" hai="12,19,20,50,52,56,59,63,65,97,98" m="52383" machi="12" ten="30,7700,0" yaku="25,1,8,1,54,2" doraHai="111" who="3" fromWho="0" sc="198,-80,380,0,211,0,211,80" /><INIT seed="2,0,0,4,0,55" ten="118,380,211,291" oya="2" hai0="20,125,46,90,12,81,118,19,86,98,67,104,92" hai1="52,65,36,116,62,132,16,24,27,8,61,0,44" hai2="59,111,35,113,75,112,32,96,129,127,82,25,71" hai3="68,21,53,63,121,7,74,33,56,108,28,6,70"/><V14/><F71/><W99/><G121/><T43/><D125/><U2/><E116/><V26/><F127/><W80/><G33/><T50/><D118/><U123/><E123/><V1/><F1/><W13/><G108/><T133/><D133/><U131/><E132/><V105/><F129/><W5/><G99/><T23/><D104/><U72/><E72/><V3/><F3/><W60/><G13/><T29/><D67/><U97/><E131/><V102/><F14/><W95/><G95/><T57/><D57/><U109/><E109/><V94/><F105/><W130/><G63/><T115/><D115/><U37/><E97/><V10/><F10/><W103/><G103/><T54/><D29/><U30/><E8/><V119/><F119/><W101/><G101/><T11/><REACH who="0" step="1"/><D43/><REACH who="0" ten="108,380,211,291" step="2"/><U107/><E107/><V134/><F134/><W4/><G130/><T100/><AGARI ba="0,1" hai="11,12,19,20,23,46,50,54,81,86,90,92,98,100" machi="100" ten="20,16000,3" yaku="1,1,2,1,0,1,7,1,25,2,8,1,53,1" doraHai="55" doraHaiUra="42" who="0" fromWho="0" sc="108,170,380,-40,211,-80,291,-40" /><INIT seed="3,0,0,1,1,82" ten="278,340,131,251" oya="3" hai0="75,133,52,90,99,108,83,49,131,117,18,127,88" hai1="85,102,98,125,12,81,116,7,96,80,70,92,100" hai2="113,47,27,61,33,16,50,74,62,65,58,28,37" hai3="1,24,120,67,105,9,97,13,79,128,134,132,135"/><W71/><G120/><T123/><D123/><U51/><E70/><V110/><F113/><W32/><G128/><T94/><D117/><U86/><E116/><V112/><F112/><W55/><G79/><T119/><D119/><U60/><E60/><V57/><F74/><W4/><G13/><T121/><D121/><U39/><E39/><V22/><F110/><W25/><G55/><T78/><D108/><U43/><E125/><V11/><F37/><W48/><G48/><T68/><D68/><U17/><E7/><V20/><F11/><W5/><G5/><T107/><D107/><U130/><E130/><V23/><F47/><W104/><G97/><T129/><D127/><U19/><E43/><V0/><F50/><W41/><G41/><T64/><D64/><U6/><E6/><V8/><F8/><W29/><REACH who="3" step="1"/><G25/><REACH who="3" ten="278,340,131,241" step="2"/><T44/><D131/><U26/><E51/><V84/><F0/><W3/><G3/><T122/><D122/><U38/><E38/><V101/><F101/><W89/><G89/><T72/><D129/><U35/><E26/><V91/><F33/><W53/><G53/><T124/><D124/><U95/><E12/><V126/><F126/><W36/><G36/><T63/><D90/><U93/><E95/><N who="2" m="54759" /><F28/><W114/><G114/><T103/><D103/><U73/><E73/><V76/><F76/><W40/><G40/><T46/><D75/><U34/><AGARI ba="0,1" hai="17,19,34,35,80,81,85,86,92,93,96,98,100,102" machi="34" ten="25,8000,1" yaku="0,1,22,2,52,2" doraHai="82" who="1" fromWho="1" sc="278,-20,340,90,131,-20,241,-40" /><INIT seed="4,0,0,2,4,12" ten="258,430,111,201" oya="0" hai0="32,82,120,126,33,123,96,104,90,47,66,62,52" hai1="10,56,53,6,34,122,110,114,74,76,100,128,75" hai2="107,99,27,130,106,46,87,131,16,25,7,68,51" hai3="101,109,1,67,115,93,14,84,45,50,97,135,92"/><T63/><D126/><U103/><E110/><V59/><F68/><W118/><G1/><T124/><D124/><U83/><E122/><V22/><F7/><W73/><G73/><T85/><D123/><U26/><E75/><V42/><F27/><W91/><G115/><T48/><D120/><U4/><E114/><V60/><F87/><W31/><G135/><T105/><D63/><U57/><E128/><V111/><F111/><W13/><G109/><T43/><D43/><U8/><E34/><V81/><F81/><W2/><G2/><T77/><D105/><U38/><E26/><V21/><F21/><W127/><G127/><T29/><D29/><U15/><E38/><V88/><F106/><W39/><G39/><T54/><D54/><U44/><E44/><V61/><F107/><W134/><G134/><T17/><D17/><U86/><E74/><V11/><F11/><W94/><G118/><T58/><REACH who="0" step="1"/><D90/><REACH who="0" ten="248,430,111,201" step="2"/><U30/><E30/><V64/><REACH who="2" step="1"/><F60/><REACH who="2" ten="248,430,101,201" step="2"/><W125/><G125/><T55/><D55/><U119/><E119/><V23/><F23/><W9/><G9/><T102/><AGARI ba="0,2" hai="32,33,47,48,52,58,62,66,77,82,85,96,102,104" machi="102" ten="30,11700,0" yaku="1,1,0,1,54,1,53,1" doraHai="12" doraHaiUra="95" who="0" fromWho="0" sc="248,137,430,-39,101,-39,201,-39" /><INIT seed="4,1,0,1,0,14" ten="385,391,62,162" oya="0" hai0="101,37,112,123,84,53,105,22,106,42,89,50,59" hai1="34,27,88,31,0,97,52,82,98,108,13,20,10" hai2="29,15,61,134,110,71,16,23,122,85,103,48,30" hai3="116,77,120,65,3,1,94,96,78,115,41,130,2"/><T83/><D123/><U18/><E108/><V40/><F110/><W100/><G116/><T57/><D112/><U17/><E0/><V26/><F122/><W49/><G120/><T104/><D101/><U74/><E52/><V124/><F124/><W133/><G115/><T80/><D59/><U64/><E64/><V4/><F134/><W25/><G133/><T62/><D62/><U75/><E98/><V32/><F103/><W86/><G130/><T39/><D42/><U128/><E128/><V90/><F29/><W44/><G65/><T79/><REACH who="0" step="1"/><D22/><REACH who="0" ten="375,391,62,162" step="2"/><U67/><E67/><V121/><F121/><W55/><G41/><T81/><D81/><U72/><E82/><V135/><F135/><W35/><G100/><T132/><D132/><U38/><E38/><V114/><F114/><W58/><G58/><T109/><D109/><U36/><E36/><V69/><F61/><W118/><G118/><T63/><D63/><U56/><E56/><V47/><REACH who="2" step="1"/><F4/><REACH who="2" ten="375,391,52,162" step="2"/><W119/><G119/><T51/><D51/><U33/><REACH who="1" step="1"/><E31/><REACH who="1" ten="375,381,52,162" step="2"/><V127/><F127/><W70/><G70/><T95/><D95/><AGARI ba="1,3" hai="10,13,17,18,20,27,33,34,72,74,75,88,95,97" machi="95" ten="40,8000,1" yaku="1,1,2,1,52,2,54,1,53,0" doraHai="14" doraHaiUra="43" who="1" fromWho="0" sc="375,-83,381,113,52,0,162,0" /><AGARI ba="1,0" hai="15,16,23,26,30,32,40,47,48,69,71,85,90,95" machi="95" ten="30,8000,1" yaku="1,1,7,1,52,1,54,1,53,1" doraHai="14" doraHaiUra="43" who="2" fromWho="0" sc="292,-80,494,0,52,80,162,0" /><INIT seed="5,0,0,1,1,134" ten="212,494,132,162" oya="1" hai0="50,87,71,131,102,41,86,103,107,93,117,51,111" hai1="121,89,14,36,19,101,1,76,27,123,120,112,59" hai2="106,28,55,3,63,64,23,56,5,88,84,22,78" hai3="113,62,46,26,83,129,80,39,47,91,66,116,21"/><U67/><E1/><V33/><F106/><W75/><G113/><T82/><D71/><U48/><E36/><V128/><F128/><W60/><G129/><T54/><D107/><U20/><E112/><V124/><F78/><W10/><G116/><T96/><D111/><U6/><E101/><V42/><F42/><W99/><G39/><T94/><D117/><U31/><E6/><V34/><F124/><W70/><G75/><T2/><D2/><U74/><E74/><V68/><F3/><W77/><G77/><T13/><D13/><U52/><E76/><V37/><F5/><W133/><G133/><T16/><D16/><U61/><E89/><V132/><F132/><W25/><G10/><T122/><D82/><U58/><REACH who="1" step="1"/><E121/><REACH who="1" ten="212,484,132,162" step="2"/><V72/><F37/><W85/><G91/><T17/><D122/><U127/><E127/><V105/><F72/><W126/><G126/><T45/><D103/><U7/><E7/><V104/><F104/><W32/><G99/><T115/><D115/><U108/><E108/><V81/><F105/><W100/><G100/><T53/><D96/><U24/><E24/><V12/><F12/><W44/><G26/><T43/><D102/><U4/><E4/><V11/><F88/><W18/><G25/><T0/><D0/><U118/><E118/><V110/><F110/><W65/><G85/><T125/><D125/><U40/><E40/><V92/><F84/><W130/><G130/><T49/><D131/><U79/><E79/><V35/><F81/><W8/><G83/><T9/><D87/><U57/><E57/><V98/><F56/><RYUUKYOKU ba="0,1" sc="212,-10,484,30,132,-10,162,-10" hai1="14,19,20,27,31,48,52,58,59,61,67,120,123" /><INIT seed="5,1,1,2,3,53" ten="202,514,122,152" oya="1" hai0="24,21,41,120,84,89,102,16,80,95,127,105,49" hai1="20,72,82,22,115,37,116,106,91,122,79,70,100" hai2="88,118,42,40,55,96,48,35,92,10,97,66,126" hai3="132,133,58,59,131,99,124,18,73,8,93,60,30"/><U13/><E116/><V103/><F35/><W50/><G73/><T46/><D127/><U76/><E122/><V61/><F118/><W85/><G30/><T74/><D120/><U101/><E37/><V27/><F126/><W0/><G124/><T7/><D7/><U33/><E33/><V51/><F27/><W117/><G117/><T129/><D129/><U63/><E79/><V19/><F10/><W14/><G0/><T77/><D102/><U81/><E115/><V39/><F19/><W71/><G85/><T43/><D105/><U5/><E70/><V87/><F39/><W110/><G50/><T45/><D45/><U94/><E63/><V121/><F121/><W47/><G47/><T113/><D113/><U104/><E5/><V6/><F6/><W34/><G110/><T112/><D112/><U1/><E1/><V44/><F51/><W83/><G83/><T38/><D38/><U119/><E13/><V26/><F26/><W98/><G98/><T128/><D128/><U111/><E111/><V36/><F36/><W3/><G3/><T69/><D69/><U17/><E17/><V75/><F75/><W23/><G8/><T125/><D125/><U4/><E4/><V11/><F11/><W65/><G34/><T90/><D90/><U114/><E114/><V130/><F130/><W67/><G131/><T135/><D135/><N who="3" m="51785" /><G67/><T2/><D2/><U25/><E82/><N who="2" m="49271" /><F96/><W109/><G109/><T15/><D15/><U12/><E119/><V123/><F123/><W28/><G28/><T9/><D9/><U31/><E22/><V54/><F66/><RYUUKYOKU ba="1,1" sc="202,10,514,-30,122,10,152,10" hai0="16,21,24,41,43,46,49,74,77,80,84,89,95" hai2="40,42,44,48,54,55,61,92,97,103" hai3="14,18,23,58,59,60,65,71,93,99" /><INIT seed="6,2,1,5,2,82" ten="212,484,132,162" oya="2" hai0="46,109,125,78,4,35,94,127,34,49,115,48,65" hai1="104,123,54,19,32,89,63,26,126,92,67,88,16" hai2="102,51,52,57,121,33,101,62,79,5,86,56,75" hai3="37,64,130,11,36,91,24,25,7,95,87,53,68"/><V100/><F121/><W17/><G130/><T114/><D4/><U76/><E104/><V129/><F33/><N who="0" m="12298" /><D109/><U43/><E123/><V112/><F112/><N who="0" m="43050" /><D65/><U119/><E119/><V105/><F129/><W61/><G53/><T23/><D78/><U55/><E126/><V72/><F5/><W27/><REACH who="3" step="1"/><G17/><REACH who="3" ten="212,484,132,152" step="2"/><T110/><D110/><U73/><E55/><V12/><F105/><W120/><G120/><T111/><D111/><U77/><E54/><V103/><N who="2" m="26112" /><DORA hai="128" /><V131/><F131/><W20/><G20/><T44/><D23/><U69/><E19/><V2/><F2/><AGARI ba="2,2" hai="2,7,11,24,25,27,36,37,61,64,68,87,91,95" machi="2" ten="40,5200,0" yaku="1,1,52,1,53,1" doraHai="82,128" doraHaiUra="84,74" who="3" fromWho="2" sc="212,0,484,0,132,-58,152,78" /><INIT seed="7,0,0,0,3,19" ten="212,484,74,230" oya="3" hai0="3,48,26,21,5,63,135,51,41,17,110,112,76" hai1="43,101,94,130,37,9,30,99,46,129,65,69,42" hai2="16,105,95,79,113,49,22,118,78,14,134,59,8" hai3="90,35,85,27,93,50,102,4,34,115,132,108,86"/><W131/><G115/><T72/><D110/><U111/><E111/><V89/><F105/><W124/><G108/><T117/><D63/><N who="1" m="40127" /><E30/><V55/><F113/><W83/><G124/><T82/><D112/><U106/><E9/><V98/><F118/><W0/><G131/><N who="1" m="50186" /><E43/><V133/><F133/><W31/><G132/><T77/><D77/><U6/><E6/><V74/><F74/><W40/><G4/><T109/><D117/><U25/><E25/><V39/><F39/><W120/><G0/><T1/><D1/><U61/><E61/><V20/><F134/><W127/><G127/><T84/><D84/><U70/><E70/><V28/><F28/><W58/><G40/><T18/><D135/><U44/><E44/><V12/><REACH who="2" step="1"/><F8/><REACH who="2" ten="212,484,64,230" step="2"/><W52/><G31/><T24/><D109/><U13/><E13/><V125/><F125/><W122/><G27/><T11/><D11/><U116/><E116/><V32/><F32/><W81/><G34/><T100/><D26/><U123/><E123/><V121/><F121/><W80/><G35/><T67/><D24/><U126/><E126/><V7/><F7/><W53/><G122/><T23/><D5/><U114/><E114/><V60/><F60/><W54/><G120/><T56/><D3/><U71/><E71/><V103/><F103/><W96/><G102/><T119/><D100/><U64/><E64/><V47/><F47/><W92/><G50/><T62/><D119/><U15/><E15/><V75/><F75/><W128/><G58/><T38/><D56/><U29/><E29/><V91/><F91/><N who="3" m="55359" /><G128/><T104/><D38/><RYUUKYOKU ba="0,1" sc="212,-30,484,10,64,10,230,10" hai1="37,42,46,94,99,101,106" hai2="12,14,16,20,22,49,55,59,78,79,89,95,98" hai3="52,53,54,80,81,83,85,86,90,92" /><INIT seed="7,1,1,3,3,13" ten="182,494,74,240" oya="3" hai0="49,135,62,83,113,57,19,123,125,94,120,117,134" hai1="58,84,90,25,103,79,21,26,20,24,41,121,61" hai2="52,22,110,75,86,65,64,33,106,16,54,111,92" hai3="30,10,32,100,118,108,31,78,105,96,76,45,59"/><W99/><G118/><T131/><D117/><U130/><E121/><V93/><F106/><W102/><G108/><T71/><D94/><N who="2" m="36458" /><F33/><W40/><G59/><T112/><D83/><N who="1" m="47231" /><E130/><V12/><F75/><W67/><G67/><N who="2" m="25673" /><F111/><W88/><G88/><T2/><D2/><U127/><E127/><V81/><F110/><W43/><G10/><T9/><D125/><U80/><E103/><V74/><F74/><W89/><G89/><AGARI ba="1,1" hai="12,16,22,52,54,81,86,89" m="25673,36458" machi="89" ten="30,7700,0" yaku="8,1,52,1,54,2" doraHai="13" who="2" fromWho="3" sc="182,0,494,0,74,90,240,-80" owari="182,-2.0,494,60.0,164,-24.0,160,-34.0" /></mjloggm>