<mjloggm ver="2.3"><GO type="169" lobby="0"/><UN n0="%E5%B0%B1%E6%B4%BB%E7%94%9F%40%E5%B7%9D%E6%9D%91%E8%BB%8D%E5%9B%A3" n1="%E4%BD%90%E5%80%89%E7%80%AC%E6%B4%A5%E7%BE%8E" n2="%68%69%6E%6F%6D%61%72%75" n3="%E3%83%B4%E3%82%A1%E3%83%AA%E3%83%BC" dan="16,16,16,16" rate="2147.89,2041.84,2122.03,2200.26" sx="M,F,M,M"/><TAIKYOKU oya="0"/><INIT seed="0,0,0,0,5,86" ten="250,250,250,250" oya="0" hai0="13,90,124,130,2,31,54,79,4,5,95,118,77" hai1="73,67,125,108,46,49,58,94,14,6,56,74,97" hai2="35,85,57,18,37,0,128,43,20,40,7,16,22" hai3="30,103,10,47,52,12,63,23,114,78,132,48,8"/><T127/><D2/><U84/><E125/><N who="0" m="48201" /><D118/><U61/><E108/><V50/><F35/><W34/><G34/><T129/><D31/><U106/><E106/><V55/><F37/><W70/><G132/><T51/><D79/><U123/><E123/><V25/><F128/><N who="0" m="49258" /><D77/><U87/><E74/><V92/><F7/><W88/><G103/><T45/><D13/><U110/><E73/><V76/><F0/><W32/><G78/><T91/><D91/><N who="1" m="55519" /><E110/><V66/><F66/><W41/><G32/><T82/><D82/><U21/><E56/><V121/><F121/><W107/><G107/><T98/><AGARI ba="0,0" hai="4,5,45,51,54,90,95,98" m="49258,48201" machi="98" ten="30,6000,0" yaku="18,1,19,1,52,1" doraHai="86" who="0" fromWho="0" sc="250,60,250,-20,250,-20,250,-20" /><INIT seed="0,1,0,0,0,2" ten="310,230,230,230" oya="0" hai0="132,62,5,26,66,86,54,95,16,17,119,116,11" hai1="35,40,91,25,125,57,102,24,100,133,93,105,94" hai2="108,89,4,92,63,90,22,68,42,104,12,36,47" hai3="77,121,71,69,48,70,129,76,38,33,127,123,103"/><T78/><D132/><U37/><E105/><V60/><F104/><W114/><G38/><T45/><D116/><U13/><E133/><V10/><F108/><W3/><G33/><T106/><D106/><U120/><E120/><N who="3" m="46154" /><G3/><T59/><D119/><U124/><E13/><V44/><F68/><W64/><G64/><T84/><D78/><N who="3" m="30313" /><G103/><N who="1" m="39466" /><E35/><V79/><F79/><W98/><G98/><T72/><D72/><U73/><E73/><V135/><F135/><W107/><G107/><T126/><D126/><N who="1" m="48747" /><E57/><V46/><F90/><W115/><G127/><T67/><D67/><U83/><E40/><V112/><F112/><N who="3" m="43051" /><G48/><N who="0" m="28943" /><D26/><N who="1" m="10347" /><E37/><V74/><F74/><W82/><G82/><T18/><D95/><N who="1" m="36363" /><E83/><V28/><F42/><W56/><G56/><T131/><D131/><AGARI ba="1,0" hai="69,70,71,129,131" m="43051,30313,46154" machi="131" ten="50,6400,0" yaku="28,2,13,1" doraHai="2" who="3" fromWho="0" sc="310,-67,230,0,230,0,230,67" /><INIT seed="1,0,0,4,4,75" ten="243,230,230,297" oya="1" hai0="28,49,73,8,41,53,15,127,51,86,55,9,4" hai1="2,105,66,99,59,132,111,118,110,133,117,121,122" hai2="101,14,45,50,97,54,22,52,32,78,120,128,26" hai3="93,31,100,62,108,44,107,104,71,13,96,1,103"/><U10/><E2/><V47/><F120/><N who="1" m="46185" /><E10/><V37/><F32/><W27/><G1/><T70/><D73/><U83/><E66/><V25/><F128/><W3/><G3/><T94/><D70/><U126/><E59/><V131/><F131/><W29/><G108/><N who="1" m="41514" /><E126/><V11/><F78/><W12/><G93/><T5/><D28/><U46/><E46/><V57/><F37/><W116/><G116/><N who="1" m="44650" /><E83/><V91/><F91/><W56/><G44/><T115/><D127/><U102/><AGARI ba="0,0" hai="99,102,105,132,133" m="44650,41514,46185" machi="102" ten="40,12000,1" yaku="14,1,10,1,23,1,34,2" doraHai="75" who="1" fromWho="1" sc="243,-40,230,120,230,-40,297,-40" /><INIT seed="1,1,0,0,4,99" ten="203,350,190,257" oya="1" hai0="104,116,78,30,134,69,57,77,27,124,40,4,21" hai1="16,102,46,92,108,23,97,60,42,44,125,90,95" hai2="101,127,115,70,66,91,28,29,82,3,43,37,109" hai3="22,39,36,61,83,84,121,50,48,107,87,6,52"/><U67/><E125/><V38/><F115/><W73/><G73/><T1/><D69/><U51/><E108/><V45/><F3/><W26/><G107/><T93/><D104/><U105/><E46/><V98/><F109/><W120/><G6/><T54/><D116/><U86/><E86/><V53/><F38/><W96/><G96/><T56/><D124/><U58/><REACH who="1" step="1"/><E90/><REACH who="1" ten="203,340,190,257" step="2"/><V131/><F127/><W133/><G87/><T88/><D78/><U14/><AGARI ba="1,1" hai="14,16,23,42,44,51,58,60,67,92,95,97,102,105" machi="14" ten="20,18000,2" yaku="1,1,2,1,0,1,7,1,52,1,54,1,53,0" doraHai="99" doraHaiUra="119" who="1" fromWho="1" sc="203,-61,340,193,190,-61,257,-61" /><INIT seed="1,2,0,1,5,116" ten="142,533,129,196" oya="1" hai0="83,19,80,56,46,107,104,87,45,88,95,81,125" hai1="42,90,24,105,86,131,22,101,13,21,100,77,65" hai2="134,0,106,48,52,43,8,109,96,61,60,110,72" hai3="124,62,94,64,84,108,25,114,78,49,73,68,31"/><U135/><E42/><V18/><F72/><W54/><G108/><N who="2" m="41577" /><F43/><W33/><G124/><T98/><D125/><U117/><E65/><V40/><F40/><W38/><G38/><T2/><D2/><U92/><E117/><V111/><N who="2" m="41585" /><V14/><DORA hai="97" /><F134/><W20/><G114/><T93/><D56/><U39/><E39/><V112/><F112/><W127/><G127/><T50/><D19/><N who="1" m="10479" /><E105/><V132/><F132/><W17/><G73/><T30/><D30/><N who="1" m="17687" /><E131/><V128/><F128/><W11/><G11/><T113/><D113/><U4/><E135/><V16/><F18/><W58/><G94/><T85/><D50/><U63/><E4/><N who="2" m="1031" /><F96/><W5/><G5/><T15/><D15/><U89/><E63/><V23/><F106/><N who="0" m="40490" /><D45/><AGARI ba="2,0" hai="14,16,23,45,48,52,60,61" m="1031,41585" machi="45" ten="40,5200,0" yaku="14,1,54,2" doraHai="116,97" who="2" fromWho="0" sc="142,-58,533,0,129,58,196,0" /><INIT seed="2,0,0,1,0,77" ten="84,533,187,196" oya="2" hai0="111,54,15,32,52,1,51,98,132,28,88,115,124" hai1="75,49,82,25,71,65,131,76,116,56,6,80,125" hai2="113,19,104,41,14,45,60,55,13,62,22,126,130" hai3="134,96,107,73,18,87,72,37,128,68,35,119,44"/><V5/><F104/><W97/><G18/><T20/><D1/><U64/><E116/><V114/><F126/><W90/><G44/><T9/><D115/><U31/><E131/><V47/><F130/><W46/><G46/><T94/><D124/><U2/><E125/><V92/><F114/><W127/><G87/><T42/><D32/><U105/><E105/><V93/><F113/><W123/><G96/><T74/><D74/><U8/><E71/><V108/><F108/><W67/><G97/><T24/><D111/><U12/><E2/><V103/><F55/><W129/><G90/><T79/><D79/><U3/><E3/><V84/><F103/><W101/><G67/><N who="1" m="25674" /><E76/><V86/><F41/><W21/><G21/><T122/><D122/><U106/><E75/><V78/><F5/><W58/><G58/><T39/><D39/><U89/><E106/><V117/><F78/><W120/><G101/><T95/><D132/><U34/><E34/><V17/><F117/><W70/><G35/><T102/><D42/><U36/><E89/><V112/><F112/><W4/><G4/><N who="0" m="3495" /><D51/><U85/><E36/><V26/><F26/><W69/><G107/><T38/><D38/><U0/><E0/><V43/><F43/><W50/><G70/><T48/><D48/><U118/><E31/><V27/><F27/><W11/><G37/><T29/><D29/><U10/><E25/><V110/><F110/><W66/><G127/><T7/><D7/><U40/><E6/><V57/><F57/><W121/><G120/><T133/><D133/><U91/><E40/><V53/><F53/><RYUUKYOKU ba="0,0" sc="84,15,533,-15,187,15,196,-15" hai0="20,24,28,52,54,88,94,95,98,102" hai2="13,14,17,19,22,45,47,60,62,84,86,92,93" /><INIT seed="2,1,0,4,3,67" ten="99,518,202,181" oya="2" hai0="38,10,95,93,78,104,44,29,108,105,123,117,16" hai1="36,128,34,122,11,133,76,82,110,72,115,89,129" hai2="83,81,41,51,32,5,118,124,60,94,107,1,66" hai3="31,57,62,25,99,119,24,35,135,54,77,114,4"/><V65/><F32/><W134/><G119/><T42/><D123/><U69/><RYUUKYOKU type="yao9" ba="1,0" sc="99,0,518,0,202,0,181,0" hai1="11,34,36,69,72,76,82,89,110,115,122,128,129,133" /><INIT seed="2,2,0,3,5,10" ten="99,518,202,181" oya="2" hai0="35,83,2,29,84,28,46,33,34,81,15,123,121" hai1="98,73,109,16,101,17,135,125,115,133,4,66,70" hai2="103,32,11,20,59,36,9,48,62,104,44,100,71" hai3="13,110,53,50,106,5,56,74,43,130,21,129,120"/><V91/><F32/><W116/><G106/><T3/><D46/><U1/><E73/><V64/><F104/><W117/><G74/><T26/><D84/><U102/><E115/><V12/><F36/><W38/><G120/><N who="0" m="46155" /><D83/><U80/><E109/><V30/><F71/><W107/><G107/><T131/><D81/><U7/><E125/><V61/><F61/><W42/><G110/><T27/><D131/><N who="3" m="50185" /><G38/><T41/><D41/><N who="3" m="15369" /><G5/><T31/><D15/><U69/><E80/><V112/><F112/><W47/><G47/><T94/><D94/><U96/><E66/><V87/><F11/><W63/><G63/><T18/><D18/><AGARI ba="2,0" hai="13,18,21,50,53,56,116,117" m="15369,50185" machi="18" ten="30,2000,0" yaku="19,1,52,1" doraHai="10" who="3" fromWho="0" sc="99,-26,518,0,202,0,181,26" /><INIT seed="3,0,0,3,2,72" ten="73,518,202,207" oya="3" hai0="7,27,37,61,54,131,17,43,60,102,38,50,25" hai1="23,35,39,123,52,47,95,2,125,104,49,36,24" hai2="80,45,28,30,73,115,77,19,11,135,129,82,118" hai3="1,51,9,55,99,20,76,6,40,15,4,116,83"/><W65/><G65/><T16/><D131/><U59/><E2/><V88/><F118/><W42/><G99/><T3/><D3/><U79/><E35/><V29/><F129/><W63/><G63/><T41/><D50/><U58/><E104/><V21/><F115/><W70/><G70/><T53/><REACH who="0" step="1"/><D102/><REACH who="0" ten="63,518,202,207" step="2"/><U106/><E49/><V111/><F111/><W107/><G116/><T128/><D128/><U113/><E113/><V122/><F122/><W78/><G1/><T67/><D67/><U62/><E123/><V132/><F11/><W14/><G51/><T130/><D130/><U119/><E119/><V10/><F10/><W64/><G64/><T22/><D22/><U133/><E23/><V48/><F48/><W100/><G20/><T12/><D12/><U13/><E13/><V8/><F45/><W87/><G9/><T86/><D86/><U134/><E47/><V32/><F8/><W108/><G87/><T110/><D110/><U31/><E39/><V121/><F32/><W89/><G100/><T105/><D105/><U124/><E36/><V66/><F66/><W98/><G107/><T96/><D96/><U120/><E106/><V81/><F121/><W103/><G103/><T34/><D34/><U114/><E120/><V112/><F112/><W26/><G98/><T117/><D117/><U91/><E114/><V18/><F21/><W71/><G108/><T68/><D68/><U85/><E85/><N who="2" m="50231" /><F81/><W90/><G71/><T46/><D46/><U101/><E101/><V126/><F126/><W94/><G83/><T74/><D74/><U109/><E125/><RYUUKYOKU ba="0,1" sc="63,15,518,-15,202,15,207,-15" hai0="7,16,17,25,27,37,38,41,43,53,54,60,61" hai2="18,19,28,29,30,73,77,80,132,135" /><INIT seed="4,1,1,2,4,32" ten="78,503,217,192" oya="0" hai0="112,114,90,116,122,52,27,28,33,21,105,26,84" hai1="15,23,29,49,65,85,37,76,96,10,11,12,61" hai2="80,51,47,131,82,63,121,135,38,127,106,130,5" hai3="48,102,9,95,31,67,58,7,18,73,109,34,93"/><T99/><D116/><U66/><E37/><V22/><F106/><W88/><G73/><T54/><D122/><U128/><E128/><V77/><F121/><W24/><G18/><T120/><D120/><U43/><E96/><V79/><F38/><W107/><G95/><T126/><D126/><U2/><E2/><V86/><F127/><W92/><G93/><N who="0" m="54471" /><D105/><U133/><E133/><V87/><F135/><W20/><G109/><T8/><D8/><U110/><E110/><V17/><F63/><W16/><G102/><T97/><D97/><U39/><E39/><V101/><F5/><W98/><G107/><T104/><D99/><U53/><E43/><V3/><F101/><W94/><G94/><T75/><D75/><U42/><E10/><V0/><F0/><W30/><G34/><T44/><D44/><U125/><E42/><V68/><F3/><W35/><G35/><T55/><D104/><U72/><E11/><V123/><F68/><W41/><G41/><T4/><D4/><U119/><E72/><V60/><F60/><N who="3" m="38295" /><G48/><T118/><D118/><U124/><E119/><V46/><F123/><W13/><AGARI ba="1,1" hai="7,9,13,16,20,24,30,31,88,92,98" m="38295" machi="13" ten="30,4000,0" yaku="8,1,54,2" doraHai="32" who="3" fromWho="3" sc="78,-21,503,-11,217,-11,192,53" /><INIT seed="5,0,0,5,4,104" ten="57,492,206,245" oya="1" hai0="101,28,127,99,109,49,114,76,6,66,131,36,62" hai1="48,132,75,112,5,12,121,55,116,34,65,45,106" hai2="3,128,90,16,119,35,58,87,39,51,53,117,118" hai3="91,2,25,82,84,38,14,33,73,97,110,134,23"/><U71/><E75/><V94/><F35/><W18/><G2/><T107/><D109/><U77/><E106/><V89/><F3/><W21/><G33/><T113/><D36/><U1/><E34/><V54/><F39/><W24/><G14/><T31/><D127/><U0/><E1/><V64/><F64/><W60/><G38/><T29/><D131/><U59/><E0/><V122/><F122/><W111/><G134/><T74/><D6/><U86/><E71/><V96/><F128/><W8/><G8/><T44/><D76/><U108/><E116/><V70/><F70/><W27/><G73/><T100/><D100/><U102/><E121/><V124/><F124/><W103/><G60/><T85/><D85/><U78/><E112/><V126/><F126/><W26/><G23/><T50/><D74/><U11/><E108/><V19/><REACH who="2" step="1"/><F54/><REACH who="2" ten="57,492,196,245" step="2"/><W9/><REACH who="3" step="1"/><G9/><REACH who="3" ten="57,492,196,235" step="2"/><T10/><D10/><U125/><E125/><V105/><F105/><AGARI ba="0,2" hai="18,21,24,25,26,27,82,84,91,97,103,105,110,111" machi="105" ten="40,2600,0" yaku="1,1,2,1,53,0" doraHai="104" doraHaiUra="47" who="3" fromWho="2" sc="57,0,492,0,196,-26,235,46" /><INIT seed="6,0,0,5,0,39" ten="57,492,170,281" oya="2" hai0="32,77,42,86,64,84,4,101,68,76,99,8,67" hai1="95,120,70,6,100,110,27,113,35,75,20,38,37" hai2="22,62,55,59,98,7,15,19,24,14,10,79,3" hai3="115,105,125,94,61,131,123,18,21,88,1,112,26"/><V5/><F79/><W135/><G1/><T12/><D32/><U44/><E70/><V106/><F7/><W93/><G105/><T63/><D67/><U130/><E75/><V2/><F2/><W50/><G123/><T127/><D127/><U108/><E35/><V57/><F106/><W41/><G135/><T103/><D103/><U129/><E6/><V43/><F43/><W54/><G94/><T114/><D114/><N who="3" m="43561" /><G61/><T33/><D33/><U13/><E13/><V85/><F85/><N who="3" m="52367" /><G41/><T65/><D65/><U9/><E120/><V92/><REACH who="2" step="1"/><F59/><REACH who="2" ten="57,492,160,281" step="2"/><N who="3" m="33239" /><G131/><T107/><D77/><U121/><E113/><V134/><F134/><W102/><G102/><AGARI ba="0,1" hai="3,5,10,14,15,19,22,24,55,57,62,92,98,102" machi="102" ten="30,11600,0" yaku="1,1,7,1,53,2" doraHai="39" doraHaiUra="11" who="2" fromWho="3" sc="57,0,492,0,160,126,281,-116" /><INIT seed="6,1,0,2,5,7" ten="57,492,286,165" oya="2" hai0="93,98,30,86,11,100,103,95,85,110,81,118,13" hai1="9,12,75,55,39,115,107,70,90,32,94,122,47" hai2="26,3,128,105,36,49,129,106,56,68,65,126,53" hai3="121,58,91,20,127,96,0,44,69,87,88,83,4"/><V60/><F36/><W102/><G127/><T10/><D110/><U111/><E32/><V71/><F126/><W50/><G69/><T125/><D125/><U24/><E70/><V5/><F3/><W132/><G4/><T92/><D118/><U29/><E75/><V135/><F5/><W48/><G0/><T54/><D30/><U63/><E107/><V22/><F71/><W40/><G132/><T57/><D13/><U19/><E115/><V74/><F74/><W104/><G20/><T18/><D18/><U61/><E111/><V82/><F82/><W119/><G121/><T45/><D45/><U21/><E122/><V62/><F62/><W59/><G119/><T42/><D42/><U46/><E39/><V23/><F23/><W131/><G131/><N who="2" m="50249" /><F135/><W116/><G116/><T114/><D114/><U17/><E29/><AGARI ba="1,0" hai="22,26,29,49,53,56,60,65,68,105,106" m="50249" machi="29" ten="30,1500,0" yaku="19,1" doraHai="7" who="2" fromWho="1" sc="57,0,492,-18,286,18,165,0" /><INIT seed="6,2,0,0,2,52" ten="57,474,304,165" oya="2" hai0="131,47,132,10,126,122,100,6,128,49,55,84,130" hai1="58,60,29,90,75,82,16,92,27,107,15,54,24" hai2="39,11,86,42,103,93,123,89,115,73,129,102,109" hai3="38,76,101,25,26,83,124,98,33,48,111,30,9"/><V105/><F39/><W116/><G111/><T13/><D122/><U119/><E107/><V85/><F42/><W28/><G124/><T80/><D126/><U12/><E119/><V50/><F50/><W59/><G9/><T23/><D132/><U22/><E75/><V108/><F11/><W64/><G38/><T74/><D74/><U68/><E82/><V31/><F31/><W36/><G36/><T37/><D37/><U0/><E0/><V127/><F127/><W99/><G116/><T110/><D110/><N who="2" m="42602" /><F123/><W88/><G76/><T18/><D100/><N who="2" m="38442" /><F105/><W70/><G70/><T94/><D94/><U114/><E114/><V61/><F61/><N who="3" m="37951" /><G48/><T66/><D66/><U1/><E1/><V121/><F121/><W134/><G33/><T17/><REACH who="0" step="1"/><D23/><REACH who="0" ten="47,474,304,165" step="2"/><N who="1" m="15615" /><E68/><V45/><F115/><W125/><G134/><T34/><D34/><U72/><E72/><V81/><F73/><W3/><G125/><T79/><AGARI ba="2,1" hai="6,10,13,17,18,47,49,55,79,80,84,128,130,131" machi="79" ten="30,4000,0" yaku="1,1,0,1,19,1,53,0" doraHai="52" doraHaiUra="96" who="0" fromWho="0" sc="47,56,474,-12,304,-22,165,-12" /><INIT seed="7,0,0,3,4,34" ten="103,462,282,153" oya="3" hai0="132,123,15,62,32,90,27,99,85,73,49,66,51" hai1="59,75,63,36,24,74,126,81,40,21,61,22,91" hai2="0,107,83,42,5,47,65,44,80,3,88,20,109" hai3="92,13,57,78,18,39,101,89,117,118,79,87,55"/><W128/><G39/><T41/><D73/><U4/><E126/><V131/><F107/><W19/><G128/><T134/><D123/><U124/><E124/><V46/><F109/><W111/><G111/><T12/><D99/><U127/><E127/><V76/><F42/><W23/><G101/><T68/><D15/><U135/><E4/><V58/><F5/><W105/><G105/><T31/><D12/><U29/><E135/><V48/><F131/><W25/><G118/><T38/><D38/><U9/><E9/><V1/><F20/><W30/><G18/><T28/><D28/><U10/><E10/><V93/><F76/><W71/><G71/><T52/><D41/><U114/><E114/><V84/><REACH who="2" step="1"/><F48/><REACH who="2" ten="103,462,272,153" step="2"/><N who="3" m="30951" /><G117/><T113/><D113/><U60/><E40/><V69/><F69/><W100/><G100/><T45/><REACH who="0" step="1"/><D49/><REACH who="0" ten="93,462,272,153" step="2"/><U102/><E36/><V2/><N who="2" m="0" /><DORA hai="133" /><V7/><F7/><W97/><G97/><T122/><D122/><U6/><E6/><V11/><F11/><AGARI ba="0,2" hai="11,13,19,23,25,30,78,79,87,89,92" m="30951" machi="11" ten="30,1500,0" yaku="8,1" doraHai="34,133" who="3" fromWho="2" sc="93,0,462,0,272,-15,153,35" /><INIT seed="7,1,0,3,2,98" ten="93,462,257,188" oya="3" hai0="43,122,33,71,117,30,44,53,99,54,76,41,24" hai1="19,123,27,87,7,102,126,108,107,84,10,5,90" hai2="118,34,40,70,47,1,13,26,120,16,74,130,50" hai3="83,32,101,115,96,48,125,15,134,112,113,14,85"/><W2/><G2/><T58/><D117/><U31/><E123/><V17/><F74/><W37/><G32/><T128/><D122/><U21/><E108/><V103/><F70/><W97/><G37/><T75/><D128/><U4/><E126/><V29/><F120/><W60/><G96/><T88/><D71/><U6/><E107/><V94/><F118/><W78/><G134/><T36/><D43/><U3/><E102/><V46/><F1/><W104/><G125/><T95/><REACH who="0" step="1"/><D58/><REACH who="0" ten="83,462,257,188" step="2"/><U25/><E3/><V59/><F59/><W111/><G111/><T67/><D67/><U8/><E4/><V63/><F40/><W79/><G60/><T131/><D131/><U61/><E5/><V62/><F63/><W129/><G129/><T52/><D52/><U9/><E6/><V20/><F62/><W49/><G79/><T39/><D39/><U119/><E7/><V22/><F130/><W23/><REACH who="3" step="1"/><G23/><REACH who="3" ten="83,462,257,178" step="2"/><T28/><D28/><U114/><E31/><V91/><F50/><AGARI ba="1,2" hai="14,15,48,49,50,78,83,85,97,101,104,112,113,115" machi="50" ten="40,12000,1" yaku="1,1,2,1,15,1,52,1,53,1" doraHai="98" doraHaiUra="92" who="3" fromWho="2" sc="83,0,462,0,257,-123,178,143" /><INIT seed="7,2,0,4,4,35" ten="83,462,134,321" oya="3" hai0="100,86,107,119,127,57,14,83,28,55,130,45,78" hai1="24,126,31,117,104,22,116,112,81,56,18,9,0" hai2="61,29,5,84,64,120,77,34,74,121,123,79,88" hai3="73,129,106,13,3,91,46,67,122,53,108,40,125"/><W39/><G3/><T69/><D69/><U51/><E104/><V54/><F5/><W30/><G73/><T60/><D119/><N who="1" m="45643" /><E126/><V92/><F74/><W85/><G106/><T8/><D127/><U99/><E112/><V59/><F34/><W58/><G30/><T66/><D130/><U44/><E99/><V19/><F29/><W97/><G67/><T27/><D107/><U105/><E105/><V76/><F19/><W128/><G97/><T71/><D100/><U33/><E81/><V42/><F42/><W15/><G122/><T93/><D93/><U115/><E56/><V134/><F134/><W113/><G113/><T62/><D45/><U1/><E115/><V102/><F102/><W41/><G41/><T23/><D71/><U103/><E103/><V20/><F20/><W17/><G108/><T95/><D95/><U68/><E68/><V63/><F63/><N who="3" m="36303" /><G17/><T32/><D32/><U131/><E131/><N who="3" m="50250" /><G125/><T25/><D25/><N who="1" m="14551" /><E9/><V4/><F4/><W87/><G87/><T12/><D66/><AGARI ba="2,0" hai="54,59,61,64,66,76,77,79,84,88,92,120,121,123" machi="66" ten="50,3200,0" yaku="13,1,54,1" doraHai="35" who="2" fromWho="0" sc="83,-38,462,0,134,38,321,0" owari="45,-45.0,462,56.0,172,-23.0,321,12.0" /></mjloggm>