<mjloggm ver="2.3"><GO type="169" lobby="0"/><UN n0="%52%E3%82%B9%E3%83%A9%E3%83%83%E3%82%B0" n1="%E3%81%BE%E3%81%AA%E3%81%84%E3%81%9F%E3%82%88%E3%81%86%E3%81%98%E3%82%87" n2="%E7%84%A1%E9%99%90%E6%9C%88%E8%AA%AD" n3="%E5%B0%B1%E6%B4%BB%E7%94%9F%40%E5%B7%9D%E6%9D%91%E8%BB%8D%E5%9B%A3" dan="16,16,16,16" rate="2034.85,2094.32,2126.01,2159.25" sx="M,M,M,M"/><TAIKYOKU oya="0"/><INIT seed="0,0,0,4,2,93" ten="250,250,250,250" oya="0" hai0="39,79,110,26,43,94,4,45,57,0,49,47,27" hai1="23,132,99,51,82,119,78,76,21,95,6,9,101" hai2="67,68,105,55,13,89,56,106,64,113,59,10,77" hai3="40,102,122,61,115,54,42,63,117,111,126,66,133"/><T52/><D0/><U129/><E119/><V104/><F113/><W84/><G117/><T80/><D4/><U90/><E129/><V32/><F32/><W41/><G115/><T92/><D92/><U97/><E132/><V36/><F36/><W85/><G133/><T100/><D110/><U28/><E51/><V135/><F135/><W98/><G111/><T38/><D38/><U127/><E127/><V131/><F131/><W2/><G2/><T69/><D69/><U114/><E114/><V73/><F68/><W1/><G1/><T20/><D47/><U29/><E29/><V12/><F12/><W33/><G33/><T30/><D27/><N who="1" m="16495" /><E23/><V103/><F103/><W96/><G126/><T22/><D22/><U60/><E60/><N who="3" m="23114" /><G102/><T134/><D134/><U72/><E72/><V53/><F89/><W34/><G34/><T70/><D70/><U37/><E37/><V112/><F112/><W15/><G66/><T120/><D120/><U81/><E78/><V128/><F128/><W3/><G3/><T25/><D25/><U62/><E62/><V5/><F77/><W118/><G118/><T8/><D8/><U109/><E76/><V31/><F73/><W35/><G35/><T65/><D65/><U86/><E109/><V7/><F67/><W16/><G54/><N who="2" m="20489" /><F64/><W18/><G122/><T108/><D108/><U83/><E101/><V107/><F107/><W14/><G14/><AGARI ba="0,0" hai="6,9,14,81,82,83,86,90,95,97,99" m="16495" machi="14" ten="30,3900,0" yaku="8,1,52,2" doraHai="93" who="1" fromWho="3" sc="250,0,250,39,250,0,250,-39" /><INIT seed="1,0,0,3,1,34" ten="250,289,250,211" oya="1" hai0="2,59,39,29,41,47,112,6,62,15,130,81,122" hai1="100,68,111,0,71,30,121,32,110,13,60,40,77" hai2="12,10,31,25,114,26,8,22,129,89,70,73,90" hai3="82,51,50,115,52,93,24,46,105,86,118,21,123"/><U58/><E121/><V113/><F73/><W36/><G105/><T42/><D112/><N who="2" m="43114" /><F70/><W117/><G123/><T57/><D122/><U103/><E40/><V7/><F90/><W88/><G115/><T18/><D130/><U91/><E77/><V125/><F89/><W134/><G36/><T132/><D132/><U104/><E91/><V95/><F95/><W23/><G134/><T106/><D106/><U96/><E100/><V37/><F37/><W5/><G5/><T9/><D29/><U99/><E99/><V45/><F45/><W72/><G50/><T107/><D107/><U119/><E119/><N who="3" m="45578" /><G24/><T49/><D81/><U94/><E104/><V124/><F129/><W109/><G109/><N who="1" m="41482" /><E13/><N who="2" m="5279" /><F25/><W16/><G16/><AGARI ba="0,0" hai="10,12,16,22,26,31,124,125" m="5279,43114" machi="16" ten="30,7700,0" yaku="11,1,34,2,54,1" doraHai="34" who="2" fromWho="3" sc="250,0,289,0,250,77,211,-77" /><INIT seed="2,0,0,1,4,117" ten="250,289,327,134" oya="2" hai0="67,20,25,9,44,121,54,52,132,100,112,70,71" hai1="102,110,36,96,66,51,98,18,61,101,134,133,68" hai2="7,2,91,81,26,11,14,113,33,58,84,83,13" hai3="63,118,123,21,79,85,62,95,90,23,108,131,50"/><V47/><F113/><W76/><G118/><T93/><D112/><U129/><E36/><V120/><F120/><W4/><G123/><T10/><D132/><N who="1" m="50795" /><E110/><V72/><F58/><W106/><G106/><T24/><D67/><U109/><E109/><V15/><F47/><W103/><G108/><T31/><D71/><U99/><E129/><V39/><F39/><W69/><G131/><T80/><D70/><U34/><E34/><V104/><F104/><W28/><G4/><T111/><D111/><U55/><E18/><V22/><F33/><W17/><G69/><T126/><D80/><U128/><E128/><V92/><REACH who="2" step="1"/><F72/><REACH who="2" ten="250,289,317,134" step="2"/><W1/><G62/><T114/><D44/><AGARI ba="0,1" hai="44,51,55,61,66,68,96,98,99,101,102" m="50795" machi="44" ten="30,1000,0" yaku="20,1" doraHai="117" who="1" fromWho="0" sc="250,-10,289,20,317,0,134,0" /><INIT seed="3,0,0,5,5,33" ten="240,309,317,134" oya="3" hai0="21,129,76,11,51,39,124,70,30,86,61,120,100" hai1="110,5,114,69,58,44,49,31,71,85,72,50,34" hai2="119,13,118,42,101,57,37,77,103,80,134,54,23" hai3="78,64,95,3,83,112,20,6,84,66,7,24,56"/><W2/><G112/><T131/><D39/><U27/><E72/><V19/><F134/><W117/><G117/><T18/><D120/><U92/><E114/><V9/><F119/><W128/><G128/><T73/><D73/><U26/><E110/><V38/><F118/><W97/><G7/><T108/><D108/><U123/><E123/><V46/><F37/><W8/><G56/><T109/><D109/><U29/><E5/><V81/><F23/><W4/><G4/><T59/><D100/><U113/><E113/><V91/><F91/><W10/><G10/><T132/><D132/><U133/><E133/><V60/><F80/><W96/><G96/><T115/><D115/><U28/><E58/><V32/><F32/><W126/><G126/><T104/><D104/><U43/><E50/><V122/><F122/><W0/><G66/><T116/><D116/><U106/><E106/><V90/><F90/><W40/><G64/><T130/><D124/><U107/><E107/><V17/><F17/><W36/><G40/><T82/><D70/><U74/><E74/><AGARI ba="0,0" hai="9,13,19,38,42,46,54,57,60,74,77,81,101,103" machi="74" ten="30,1000,0" yaku="7,1" doraHai="33" who="2" fromWho="1" sc="240,0,309,-10,317,10,134,0" /><INIT seed="4,0,0,1,2,54" ten="240,299,327,134" oya="0" hai0="86,92,128,23,100,15,1,84,30,103,48,112,105" hai1="113,6,81,31,70,125,9,45,52,13,14,47,89" hai2="16,21,24,76,34,95,132,111,19,123,88,80,27" hai3="127,29,44,106,43,50,10,69,108,64,115,73,61"/><T36/><D112/><U131/><E113/><V3/><F111/><W134/><G115/><T4/><D36/><U39/><E70/><V110/><F110/><W65/><G108/><T42/><D128/><U97/><E131/><V126/><F123/><W93/><G106/><T56/><D1/><U83/><E125/><V130/><F130/><W40/><G127/><T18/><D105/><U116/><E116/><V133/><F126/><W63/><G134/><N who="2" m="51817" /><F3/><W87/><G73/><T67/><D4/><U96/><E31/><V107/><F107/><W71/><G29/><T25/><D42/><U94/><E97/><N who="2" m="57575" /><F34/><W60/><G10/><T102/><D92/><U26/><E26/><N who="2" m="14631" /><F19/><W74/><G74/><AGARI ba="0,0" hai="24,27,74,76,80" m="14631,57575,51817" machi="74" ten="30,3900,0" yaku="20,1,54,2" doraHai="54" who="2" fromWho="3" sc="240,0,299,0,327,39,134,-39" /><INIT seed="5,0,0,4,3,75" ten="240,299,366,95" oya="1" hai0="48,11,110,119,118,102,113,50,100,14,91,67,92" hai1="22,13,32,121,69,122,0,74,99,116,25,78,97" hai2="115,59,24,40,35,73,93,85,106,71,17,15,129" hai3="96,38,66,94,16,62,23,124,46,81,34,114,19"/><U101/><E116/><V105/><F73/><W60/><G34/><T18/><D110/><U112/><E0/><V131/><F71/><W36/><G114/><T55/><D113/><U135/><E112/><V58/><F115/><W132/><G132/><T80/><D67/><U104/><E135/><V134/><F134/><W43/><G124/><T10/><D118/><U89/><E13/><V133/><F133/><W2/><G2/><T84/><D119/><U3/><E3/><V44/><F106/><W39/><G81/><T42/><D42/><U1/><E1/><V6/><F105/><W8/><G8/><T90/><D48/><U31/><E22/><V61/><F6/><W20/><G20/><T72/><D72/><U86/><E97/><V126/><F126/><W53/><G53/><T65/><D65/><U83/><REACH who="1" step="1"/><E69/><REACH who="1" ten="240,289,366,95" step="2"/><V4/><F15/><W21/><G21/><T109/><D10/><U54/><E54/><V29/><F35/><W70/><G62/><T111/><D111/><U41/><E41/><V49/><F40/><W103/><REACH who="3" step="1"/><G19/><REACH who="3" ten="240,289,366,85" step="2"/><T68/><D109/><U76/><E76/><V51/><F17/><W26/><AGARI ba="0,2" hai="16,23,26,36,38,39,43,46,60,66,70,94,96,103" machi="26" ten="20,8000,1" yaku="1,1,2,1,0,1,7,1,54,1,53,0" doraHai="75" doraHaiUra="87" who="3" fromWho="3" sc="240,-20,289,-40,366,-20,85,100" /><INIT seed="6,0,0,1,0,99" ten="220,249,346,185" oya="2" hai0="35,96,88,32,74,83,107,50,76,130,95,13,77" hai1="29,84,73,11,127,115,100,18,121,72,90,53,134" hai2="67,69,109,91,24,122,12,16,3,49,62,0,128" hai3="104,22,63,71,17,93,70,15,65,102,25,87,98"/><V20/><F122/><W4/><G71/><T6/><D130/><U117/><E117/><V125/><F128/><W119/><G119/><T57/><D76/><U39/><E121/><V81/><F125/><W110/><G110/><T94/><D107/><U31/><E127/><V79/><F109/><W106/><G4/><T114/><D114/><U2/><E115/><V126/><F126/><W19/><REACH who="3" step="1"/><G87/><REACH who="3" ten="220,249,346,175" step="2"/><T97/><D6/><U54/><E84/><V47/><F91/><W103/><G103/><T5/><D5/><U1/><E100/><V45/><F24/><W92/><G92/><T52/><D13/><U131/><E90/><AGARI ba="0,1" hai="32,35,50,52,57,74,77,83,88,90,94,95,96,97" machi="90" ten="30,7700,0" yaku="7,1,9,1,54,2" doraHai="99" who="0" fromWho="1" sc="220,87,249,-77,346,0,175,0" /><INIT seed="7,0,0,3,0,54" ten="307,172,346,175" oya="3" hai0="10,87,49,27,31,26,82,24,85,30,21,89,81" hai1="12,110,28,114,0,51,62,135,59,41,121,33,2" hai2="6,16,86,55,132,36,109,100,103,47,20,131,57" hai3="18,106,126,118,108,68,111,1,78,117,29,71,61"/><W35/><G1/><T101/><D101/><U119/><E121/><V44/><F109/><N who="3" m="42059" /><G106/><T74/><D74/><U129/><E110/><V11/><F131/><W91/><G78/><T76/><D21/><U70/><E129/><V56/><F132/><W116/><G126/><T80/><D80/><U124/><E135/><V34/><F34/><W38/><G38/><T113/><D113/><U52/><E114/><V125/><F125/><W120/><G120/><T98/><D98/><U5/><E124/><V39/><F39/><W133/><G133/><T123/><D123/><U69/><E119/><N who="3" m="30466" /><W42/><DORA hai="84" /><G42/><T93/><D93/><U134/><E134/><V92/><F36/><W75/><G75/><T102/><D102/><U3/><E41/><V66/><F103/><W15/><G61/><T40/><REACH who="0" step="1"/><D10/><REACH who="0" ten="297,172,346,175" step="2"/><U8/><E33/><V50/><F11/><N who="3" m="6527" /><G91/><T32/><D32/><U96/><E8/><V83/><F100/><W37/><G37/><T95/><D95/><U23/><E23/><V105/><F92/><W25/><AGARI ba="0,1" hai="25,29,35,68,71" m="6527,30466,42059" machi="25" ten="50,2400,0" yaku="10,1" doraHai="54,84" who="3" fromWho="3" sc="297,-8,172,-8,346,-8,175,34" /><INIT seed="7,1,0,0,2,82" ten="289,164,338,209" oya="3" hai0="100,11,13,43,26,107,49,112,21,55,19,6,85" hai1="109,111,37,84,52,46,15,135,98,53,44,41,48" hai2="39,123,35,65,90,120,76,127,134,66,110,93,36" hai3="91,63,71,96,88,62,101,125,61,3,51,24,5"/><W87/><G71/><T14/><D112/><U45/><E98/><V27/><F110/><N who="1" m="41993" /><E15/><V30/><F134/><W4/><G125/><T78/><D43/><N who="1" m="22639" /><E84/><V33/><F33/><W81/><G51/><T95/><D107/><U124/><E124/><V74/><F127/><W92/><G3/><T8/><D100/><U118/><E135/><V60/><F66/><W126/><G126/><T67/><D67/><U59/><E53/><V122/><F76/><W16/><G101/><T73/><D73/><U18/><E18/><V10/><F10/><W58/><G58/><T114/><D114/><U105/><E105/><V80/><F80/><W132/><G132/><T115/><D95/><U99/><E99/><N who="2" m="57783" /><F74/><W32/><G32/><T0/><D78/><U117/><E46/><V72/><F72/><W116/><G116/><T47/><D115/><U17/><E17/><V83/><F83/><W104/><G104/><T102/><D102/><U29/><E29/><V131/><F131/><W77/><G77/><T113/><D113/><U64/><E64/><V94/><F94/><W12/><G24/><T28/><D85/><U22/><E22/><AGARI ba="1,0" hai="4,5,12,16,22,61,62,63,81,87,88,91,92,96" machi="22" ten="40,12000,1" yaku="8,1,52,1,54,2" doraHai="82" who="3" fromWho="1" sc="289,0,164,-123,338,0,209,123" /><INIT seed="7,2,0,3,0,27" ten="289,41,338,332" oya="3" hai0="103,124,22,13,67,101,3,16,51,28,11,29,129" hai1="43,41,21,79,81,50,8,18,85,80,135,116,6" hai2="128,10,65,120,92,95,20,17,40,26,118,63,96" hai3="46,47,0,55,98,87,54,36,78,48,45,19,49"/><W74/><G0/><T93/><D124/><U31/><E135/><V61/><F118/><W34/><G74/><T30/><D129/><U90/><E116/><V100/><F128/><W122/><G122/><T71/><D71/><U110/><E110/><V106/><F120/><W66/><G34/><T75/><D75/><U117/><E117/><V15/><F40/><W73/><G73/><T9/><D67/><U70/><E70/><V132/><F132/><W121/><G121/><T7/><D93/><U14/><E81/><V94/><REACH who="2" step="1"/><F65/><REACH who="2" ten="289,41,328,332" step="2"/><W42/><G66/><T84/><D84/><U89/><E31/><AGARI ba="2,1" hai="10,15,17,20,26,31,61,63,92,94,95,96,100,106" machi="31" ten="40,5200,0" yaku="1,1,2,1,52,1,53,0" doraHai="27" doraHaiUra="72" who="2" fromWho="1" sc="289,0,41,-58,328,68,332,0" owari="289,-11.0,-17,-52.0,396,50.0,332,13.0" /></mjloggm>