<mjloggm ver="2.3"><GO type="169" lobby="0"/><UN n0="%E8%99%8E%E7%9A%AE%E7%8C%AB" n1="%E5%B0%B1%E6%B4%BB%E7%94%9F%40%E5%B7%9D%E6%9D%91%E8%BB%8D%E5%9B%A3" n2="%E8%B5%A4%E7%A5%9E%E9%A2%A8%E9%9B%B2" n3="%E3%81%B9%E3%81%91%E3%82%93" dan="17,17,16,16" rate="2161.99,2150.29,2108.04,2134.20" sx="F,M,M,M"/><TAIKYOKU oya="0"/><INIT seed="0,0,0,3,2,100" ten="250,250,250,250" oya="0" hai0="89,8,3,64,88,56,75,113,65,103,7,91,59" hai1="83,5,28,90,51,116,9,80,36,119,70,121,61" hai2="92,26,57,62,123,18,69,46,48,45,1,29,101" hai3="134,33,63,85,47,81,98,110,112,122,50,133,108"/><T66/><D113/><U49/><E36/><V131/><F123/><W117/><G33/><T30/><D75/><U125/><E121/><V17/><F1/><W20/><G122/><T86/><D30/><U37/><E37/><V96/><F69/><W105/><G112/><T93/><D103/><U104/><E125/><V13/><F131/><W22/><G63/><T11/><D8/><U14/><E28/><V84/><F84/><W10/><G10/><T24/><D24/><U43/><E104/><V34/><F18/><W128/><G128/><T95/><REACH who="0" step="1"/><D91/><REACH who="0" ten="240,250,250,250" step="2"/><U6/><E90/><V35/><F35/><W124/><G124/><T135/><D135/><U27/><E27/><V111/><F34/><W72/><G72/><T4/><D4/><U115/><E6/><V42/><F29/><W44/><G134/><T19/><D19/><U106/><E9/><V0/><F26/><W58/><G133/><T60/><D60/><U2/><E61/><V52/><F0/><W78/><G78/><T73/><D73/><U68/><E2/><V74/><F74/><W55/><G22/><T132/><D132/><U114/><E5/><V118/><F118/><W120/><G20/><T15/><D15/><U21/><E14/><V129/><F129/><W16/><G117/><T31/><D31/><U71/><E21/><N who="2" m="11439" /><F111/><W94/><G108/><T67/><N who="0" m="16384" /><DORA hai="109" /><T130/><D130/><U82/><E114/><V40/><F62/><W23/><G110/><T127/><D127/><U126/><E115/><V53/><F101/><W54/><G16/><T41/><D41/><N who="2" m="15978" /><F53/><W25/><G54/><RYUUKYOKU ba="0,1" sc="240,15,250,-15,250,15,250,-15" hai0="3,7,11,56,59,86,88,89,93,95" hai2="45,46,48,52,57,92,96" /><INIT seed="0,1,1,2,3,133" ten="255,235,265,235" oya="0" hai0="47,117,98,40,23,0,72,27,39,100,33,37,9" hai1="128,12,70,65,123,92,96,85,112,55,129,4,49" hai2="84,122,113,51,76,130,35,97,60,52,36,6,26" hai3="34,46,116,126,105,62,18,121,15,1,57,74,82"/><T127/><D117/><U48/><E123/><V53/><F122/><W78/><G121/><T66/><D66/><U50/><E112/><V19/><F113/><W111/><G1/><T29/><D23/><U22/><E85/><V101/><F36/><W108/><G116/><T45/><D72/><U95/><E65/><V25/><F6/><W42/><G34/><T68/><D68/><U93/><E70/><V7/><F7/><W132/><G105/><N who="0" m="63639" /><D9/><N who="1" m="4135" /><E22/><V77/><F35/><W54/><G132/><T21/><D21/><U16/><E16/><V91/><F60/><W69/><G69/><T31/><D31/><U17/><E17/><V88/><F19/><W24/><G24/><T63/><D63/><U41/><E41/><V134/><F134/><W32/><G32/><T120/><D120/><U115/><E115/><V44/><F84/><W2/><G2/><T124/><D0/><U87/><E87/><V14/><F14/><W3/><G3/><T99/><D99/><U94/><E55/><V13/><F13/><W38/><G15/><T110/><D110/><N who="3" m="42025" /><G18/><T109/><D109/><U8/><E8/><V135/><F135/><W119/><G119/><T106/><D106/><U58/><E58/><V118/><F118/><W28/><G28/><T86/><D86/><U89/><E128/><V30/><F130/><W125/><AGARI ba="1,1" hai="38,42,46,54,57,62,74,78,82,125,126" m="42025" machi="125" ten="30,4000,0" yaku="14,1,52,2" doraHai="133" who="3" fromWho="3" sc="255,-21,235,-11,265,-11,235,53" /><INIT seed="1,0,0,3,2,56" ten="234,224,254,288" oya="1" hai0="55,20,78,77,121,54,93,98,90,26,94,125,38" hai1="64,107,24,61,97,33,72,66,65,108,41,46,132" hai2="74,117,103,100,28,11,83,79,17,12,22,53,5" hai3="52,122,3,134,82,109,86,23,13,73,69,111,6"/><U50/><E72/><V59/><F117/><W15/><G122/><T88/><D38/><U80/><E132/><V112/><F28/><W45/><G134/><T71/><D71/><U40/><E108/><N who="3" m="41546" /><G69/><T119/><D119/><U27/><E80/><V1/><REACH who="2" step="1"/><F112/><REACH who="2" ten="234,224,244,288" step="2"/><W49/><G73/><T87/><D121/><U60/><E40/><V21/><F21/><W39/><G23/><T19/><D125/><U43/><E43/><V32/><F32/><W42/><G42/><T115/><D115/><U51/><E33/><V113/><F113/><W34/><G34/><T76/><AGARI ba="0,1" hai="19,20,26,54,55,76,77,78,87,88,90,93,94,98" machi="76" ten="30,4000,0" yaku="0,1,8,1,54,1" doraHai="56" who="0" fromWho="0" sc="234,50,224,-20,244,-10,288,-10" /><INIT seed="2,0,0,5,1,100" ten="284,204,234,278" oya="2" hai0="75,105,40,133,8,28,88,65,129,110,23,0,124" hai1="48,11,101,114,49,111,72,77,6,26,81,125,55" hai2="122,112,84,39,54,1,109,120,115,24,2,67,25" hai3="135,73,76,46,93,18,62,21,13,78,80,69,96"/><V31/><F39/><W10/><G135/><T5/><D133/><U87/><E114/><V45/><F67/><W20/><G76/><T64/><D110/><U83/><E111/><V47/><F109/><W132/><G132/><T70/><D129/><U33/><E125/><V89/><F31/><W59/><G46/><T82/><D124/><U104/><E33/><V22/><F84/><W12/><G69/><T127/><D127/><U43/><E26/><V50/><F89/><W41/><G41/><T32/><D32/><U57/><E43/><V117/><F22/><W71/><G71/><T79/><D40/><U7/><E48/><V3/><F117/><W42/><G42/><T4/><D4/><U52/><E55/><V92/><F92/><W90/><G12/><T68/><D68/><U53/><E53/><AGARI ba="0,0" hai="10,13,18,20,21,53,59,62,73,78,80,90,93,96" machi="53" ten="30,1000,0" yaku="7,1" doraHai="100" who="3" fromWho="1" sc="284,0,204,-10,234,0,278,10" /><INIT seed="3,0,0,1,4,83" ten="284,194,234,288" oya="3" hai0="32,75,94,116,102,44,128,42,40,121,92,54,85" hai1="76,53,2,117,130,3,50,55,1,33,114,131,58" hai2="118,15,7,113,19,65,43,111,41,56,25,101,8" hai3="38,16,71,64,9,28,91,66,23,77,24,52,29"/><W31/><G38/><T105/><D116/><U110/><E114/><V63/><F118/><W14/><G77/><T11/><D121/><U125/><E117/><V126/><F113/><W6/><G71/><T69/><D75/><U21/><E33/><V68/><F111/><W13/><G91/><T20/><D32/><U18/><E110/><V82/><F126/><W79/><G79/><T119/><D119/><U100/><E100/><V35/><F101/><W109/><G109/><T45/><D69/><U74/><E125/><V99/><F99/><W107/><G107/><T88/><D128/><U103/><E103/><V115/><F68/><W37/><G37/><T134/><D105/><U73/><E55/><V96/><F96/><W70/><G70/><T135/><D11/><U120/><E120/><V72/><F115/><W108/><G108/><T34/><D34/><U12/><REACH who="1" step="1"/><E76/><REACH who="1" ten="284,184,234,288" step="2"/><V87/><F35/><W4/><G52/><T62/><D102/><U127/><E127/><V49/><F72/><AGARI ba="0,1" hai="1,2,3,12,18,21,50,53,58,72,73,74,130,131" machi="72" ten="50,8000,1" yaku="1,1,53,3" doraHai="83" doraHaiUra="104" who="1" fromWho="2" sc="284,0,184,90,234,-80,288,0" /><INIT seed="4,0,0,4,4,84" ten="284,274,154,288" oya="0" hai0="37,50,103,40,12,119,44,62,111,81,80,54,38" hai1="69,43,126,8,28,122,79,1,5,13,39,63,98" hai2="130,85,11,107,132,47,10,96,25,30,113,26,51" hai3="65,68,76,3,60,110,117,121,90,114,105,32,16"/><T67/><D119/><U118/><E122/><V15/><F107/><W112/><G117/><T20/><D111/><U108/><E108/><V21/><F96/><W73/><G110/><T124/><D124/><U14/><E126/><V41/><F113/><N who="3" m="43627" /><G121/><T78/><D103/><U120/><E120/><V34/><F130/><W74/><G105/><T116/><D116/><U99/><E118/><V131/><F131/><W49/><G32/><T18/><D78/><U88/><E79/><V86/><F132/><W31/><G31/><T52/><D54/><U95/><E28/><V23/><F34/><W36/><G36/><T83/><REACH who="0" step="1"/><D40/><REACH who="0" ten="274,274,154,288" step="2"/><U42/><E42/><V123/><F123/><W87/><G76/><T33/><D33/><U29/><E43/><V48/><F48/><W70/><G49/><T0/><D0/><U19/><E39/><V82/><F15/><W94/><G3/><T125/><D125/><U7/><E1/><V93/><F41/><W134/><G134/><T17/><D17/><U77/><E77/><V97/><F51/><W104/><G104/><T22/><D22/><U106/><E13/><V66/><F66/><N who="3" m="41031" /><G16/><T59/><AGARI ba="0,1" hai="12,18,20,37,38,44,50,52,59,62,67,80,81,83" machi="59" ten="30,6000,0" yaku="1,1,0,1,54,1,53,0" doraHai="84" doraHaiUra="101" who="0" fromWho="0" sc="274,70,274,-20,154,-20,288,-20" /><INIT seed="4,1,0,0,1,126" ten="344,254,134,268" oya="0" hai0="130,32,122,50,31,69,34,124,93,123,114,106,33" hai1="29,27,20,49,52,15,85,14,120,72,96,16,2" hai2="39,9,89,74,54,66,79,10,75,59,113,57,87" hai3="6,78,60,97,73,55,7,91,26,112,105,3,21"/><T67/><D106/><U131/><E72/><V36/><F66/><W41/><G112/><T38/><D38/><U107/><E120/><V58/><F113/><W135/><G135/><T76/><D114/><U133/><E2/><V12/><F54/><W70/><G41/><T68/><D124/><U108/><E108/><V110/><F110/><W11/><G7/><T46/><D31/><U63/><E133/><V84/><F79/><W88/><G78/><T90/><D76/><U62/><E131/><V128/><F59/><W37/><G37/><T19/><D19/><U24/><E96/><V104/><F12/><N who="1" m="4649" /><E107/><V101/><F101/><W25/><G73/><T28/><D28/><U40/><E40/><V100/><F100/><W92/><G105/><T42/><D130/><U61/><E85/><V121/><F104/><W118/><G118/><T4/><D4/><U23/><E62/><V53/><F53/><W30/><G25/><T134/><D134/><U17/><E29/><V99/><F99/><W115/><G115/><T0/><D0/><U13/><N who="1" m="4657" /><U95/><DORA hai="43" /><E95/><V1/><F1/><W127/><G127/><T132/><D132/><U103/><E103/><V56/><F128/><W5/><G5/><T109/><D109/><U119/><E119/><V82/><F121/><W65/><G55/><T51/><D122/><U117/><E117/><V81/><F58/><AGARI ba="1,0" hai="16,17,20,23,24,27,49,52,58,61,63" m="4657" machi="58" ten="30,3900,0" yaku="8,1,54,2" doraHai="126,43" who="1" fromWho="2" sc="344,0,254,42,134,-42,268,0" /><INIT seed="5,0,0,4,3,13" ten="344,296,92,268" oya="1" hai0="43,70,123,44,62,46,108,125,101,16,97,99,112" hai1="29,85,36,10,49,92,69,7,57,83,91,39,102" hai2="82,124,35,26,84,90,133,126,107,56,72,135,53" hai3="41,81,3,40,65,11,61,67,78,71,68,96,104"/><U87/><E69/><V33/><F107/><W120/><G120/><T54/><D108/><U86/><E29/><N who="2" m="19639" /><F35/><W118/><G118/><T14/><D123/><U2/><E102/><V100/><F100/><W80/><G104/><T116/><D116/><U5/><E5/><V12/><F12/><W23/><G96/><T111/><D111/><U19/><E19/><V129/><F72/><W47/><G23/><T131/><D112/><U73/><E73/><V66/><F66/><W18/><G67/><T48/><D125/><N who="2" m="48234" /><F53/><W27/><G27/><T130/><D70/><U34/><E34/><V79/><F56/><W63/><G65/><T77/><D77/><U103/><E103/><V28/><F28/><W132/><G78/><T38/><D62/><U37/><E83/><V95/><F95/><W119/><G119/><T51/><D38/><U98/><E57/><V113/><F90/><W45/><G3/><T109/><D109/><U89/><E49/><V52/><F52/><W134/><G11/><T17/><D14/><U22/><E22/><V42/><F42/><W115/><G115/><T106/><D97/><U25/><E25/><V4/><F4/><W20/><G20/><T0/><D0/><U58/><E58/><V60/><F60/><W24/><G24/><T105/><D105/><U117/><E117/><V15/><F15/><W114/><G114/><T121/><D121/><U76/><E76/><V32/><F32/><W64/><G64/><T127/><D127/><U94/><AGARI ba="0,0" hai="2,7,10,36,37,39,85,86,87,89,91,92,94,98" machi="94" ten="40,2100,0" yaku="0,1" doraHai="13" who="1" fromWho="1" sc="344,-7,296,21,92,-7,268,-7" /><INIT seed="5,1,0,1,0,11" ten="337,317,85,261" oya="1" hai0="102,38,124,99,28,16,58,60,75,80,129,130,6" hai1="64,115,85,37,97,5,35,70,78,19,111,3,54" hai2="10,42,43,22,112,32,49,25,7,73,134,92,82" hai3="109,59,45,126,84,87,27,113,0,53,95,52,61"/><U29/><E37/><V132/><F32/><W98/><G109/><T123/><D38/><U103/><E111/><V13/><F92/><W15/><G0/><T36/><D36/><U66/><E115/><V33/><F112/><W34/><G113/><T121/><D6/><U127/><E127/><V106/><F106/><W120/><G120/><N who="0" m="46155" /><D28/><U40/><E40/><V14/><F33/><W114/><G114/><T94/><D124/><U48/><E70/><V44/><F43/><W72/><G72/><T62/><D75/><U2/><E19/><N who="2" m="12511" /><F82/><W65/><G126/><T41/><D41/><U21/><E35/><V91/><F91/><W81/><G34/><T55/><D80/><U57/><E5/><V26/><F26/><W68/><G27/><T23/><D62/><U51/><E51/><V125/><F73/><W110/><G110/><T31/><D31/><U107/><E3/><V77/><F77/><W133/><G133/><N who="2" m="51305" /><F125/><W18/><G45/><T100/><D100/><U108/><E2/><AGARI ba="1,0" hai="2,7,10,13,14,42,44,49" m="51305,12511" machi="2" ten="30,3900,0" yaku="20,1,52,2" doraHai="11" who="2" fromWho="1" sc="337,0,317,-42,85,42,261,0" /><INIT seed="6,0,0,1,3,17" ten="337,275,127,261" oya="2" hai0="71,23,7,28,34,64,118,61,46,47,2,126,38" hai1="114,116,45,105,89,95,16,111,132,88,112,134,70" hai2="66,135,49,65,40,12,108,50,15,57,97,1,32" hai3="54,13,14,82,119,121,63,117,104,68,107,69,123"/><V72/><F1/><W48/><G82/><T93/><D126/><U58/><E70/><N who="3" m="27242" /><G63/><T115/><D34/><U37/><E105/><N who="3" m="40522" /><G54/><T83/><D118/><N who="3" m="45065" /><G48/><T52/><D52/><U73/><E73/><V24/><F72/><W60/><G60/><T56/><D93/><U84/><E111/><V128/><F108/><W101/><G101/><T99/><D83/><N who="1" m="49183" /><E58/><V125/><F125/><W26/><G26/><T43/><D61/><U41/><E116/><V127/><F127/><W30/><G30/><T79/><D56/><U19/><E89/><V35/><F57/><W103/><G103/><T31/><D31/><U98/><E98/><V122/><F24/><W75/><G75/><T62/><D99/><U0/><E95/><V124/><F97/><W102/><G102/><T10/><D62/><U9/><E9/><V5/><F124/><W77/><G77/><T109/><D79/><U81/><E81/><V67/><F67/><W113/><G113/><N who="1" m="43626" /><E0/><V59/><F59/><W131/><G131/><T129/><D115/><U80/><E80/><V21/><F128/><W18/><G18/><AGARI ba="0,0" hai="16,18,19,37,41,45,132,134" m="43626,49183" machi="18" ten="30,3900,0" yaku="15,1,54,2" doraHai="17" who="1" fromWho="3" sc="337,0,275,39,127,0,261,-39" /><INIT seed="7,0,0,2,4,101" ten="337,314,127,222" oya="3" hai0="99,50,97,82,72,116,77,91,120,32,22,31,103" hai1="28,80,71,121,24,129,16,29,100,17,53,64,84" hai2="34,9,5,14,90,119,94,41,6,127,69,107,4" hai3="12,89,96,123,40,125,81,132,10,92,79,33,37"/><W57/><G123/><T23/><D116/><U93/><E121/><V59/><F119/><W88/><G33/><T124/><D120/><U126/><E126/><V74/><F69/><W131/><G125/><T135/><D124/><U130/><E71/><V30/><F127/><W76/><G131/><N who="1" m="50186" /><E64/><V83/><F41/><W113/><G113/><T58/><D135/><U55/><E93/><V47/><F47/><W114/><G114/><T51/><D32/><N who="1" m="20487" /><E29/><V68/><F68/><W78/><G132/><T60/><D91/><N who="1" m="51591" /><E100/><V111/><F111/><W112/><G112/><T63/><D99/><U7/><E7/><V52/><F30/><W73/><G40/><T106/><D63/><U26/><E26/><V0/><F34/><W62/><G37/><T54/><D31/><U25/><E25/><V108/><F108/><W2/><G2/><T35/><D35/><U70/><E70/><V15/><F0/><W3/><G3/><T117/><D117/><U49/><E55/><V85/><F83/><W98/><G98/><T66/><D50/><U61/><E61/><V102/><F74/><W118/><G118/><T133/><D133/><U21/><E21/><V105/><F102/><W95/><G95/><T27/><D27/><U1/><E1/><V104/><REACH who="2" step="1"/><F9/><REACH who="2" ten="337,314,117,222" step="2"/><W19/><G89/><T39/><D39/><U48/><E48/><AGARI ba="0,1" hai="4,5,6,14,15,48,52,59,85,90,94,104,105,107" machi="48" ten="50,16000,3" yaku="1,1,2,1,52,3,54,1,53,2" doraHai="101" doraHaiUra="11" who="2" fromWho="1" sc="337,0,314,-160,117,170,222,0" owari="337,44.0,154,-35.0,287,9.0,222,-18.0" /></mjloggm>