<mjloggm ver="2.3"><GO type="169" lobby="0"/><UN n0="%E5%B0%B1%E6%B4%BB%E7%94%9F%40%E5%B7%9D%E6%9D%91%E8%BB%8D%E5%9B%A3" n1="%6D%75%6B%69%74%74%69" n2="%E3%82%8A%E3%82%87%E3%81%86%E3%81%BE%35%37%32%34" n3="%E3%83%AA%E3%82%B5%E3%81%95%E3%81%BE" dan="17,17,16,16" rate="2261.83,2180.43,2146.56,2061.95" sx="M,M,M,F"/><TAIKYOKU oya="0"/><INIT seed="0,0,0,3,5,95" ten="250,250,250,250" oya="0" hai0="81,92,35,10,0,105,33,59,52,104,62,75,58" hai1="8,46,45,78,119,97,83,13,73,28,32,114,23" hai2="12,128,134,113,121,49,76,30,44,116,19,129,64" hai3="18,74,3,65,70,102,98,109,100,115,125,90,51"/><T27/><BYE who="1" /><D33/><UN n1="%6D%75%6B%69%74%74%69" /><U66/><E119/><V69/><F121/><W22/><G115/><T50/><D75/><U40/><E32/><V37/><F37/><W122/><G109/><T41/><D81/><U24/><E114/><V55/><F113/><W106/><G74/><T26/><D41/><U43/><E66/><V5/><F5/><W14/><G3/><T16/><D26/><U117/><E117/><V130/><F30/><W124/><G122/><T54/><D92/><U7/><E46/><V89/><F116/><W84/><G102/><T11/><D11/><U47/><E47/><V36/><F36/><W34/><G34/><T87/><D87/><U80/><E45/><V4/><F4/><W42/><G51/><T101/><D101/><U31/><E31/><V56/><F76/><W118/><G42/><T2/><D35/><U63/><E63/><N who="2" m="40095" /><F56/><W77/><G77/><T57/><D57/><U15/><E83/><V107/><F89/><W85/><G90/><T112/><D112/><U60/><E60/><V88/><F88/><W94/><G118/><T123/><D123/><U91/><REACH who="1" step="1"/><E15/><REACH who="1" ten="250,240,250,250" step="2"/><V9/><F134/><W6/><G14/><T38/><D38/><U53/><E53/><V68/><F68/><W71/><G65/><T21/><REACH who="0" step="1"/><D2/><REACH who="0" ten="240,240,250,250" step="2"/><U120/><E120/><V17/><F107/><N who="3" m="63895" /><G71/><T127/><D127/><U20/><E20/><V25/><F129/><W103/><G70/><T48/><D48/><U110/><E110/><V1/><F1/><W67/><G106/><T29/><D29/><U96/><E96/><V126/><F126/><W133/><G125/><RYUUKYOKU ba="0,2" sc="240,10,240,10,250,10,250,-30" hai0="0,10,16,21,27,50,52,54,58,59,62,104,105" hai1="7,8,13,23,24,28,40,43,73,78,80,91,97" hai2="9,12,17,19,25,44,49,55,128,130" /><INIT seed="0,1,2,4,4,97" ten="250,250,260,220" oya="0" hai0="89,10,57,129,11,114,103,83,60,93,113,6,123" hai1="17,130,78,120,48,68,32,122,118,27,131,135,101" hai2="124,63,28,107,5,112,73,37,86,55,64,38,46" hai3="88,94,85,31,100,71,34,61,24,59,7,108,23"/><T76/><D123/><U79/><E68/><V49/><F73/><W2/><G108/><T98/><D129/><N who="1" m="49163" /><E118/><V102/><F112/><W39/><G39/><T133/><D133/><U96/><E135/><V35/><F124/><W29/><G71/><T53/><D10/><U115/><E115/><V21/><F5/><W42/><G42/><T134/><D134/><U90/><E48/><V95/><F107/><W50/><G50/><T77/><D77/><N who="1" m="29195" /><E90/><V3/><F3/><W15/><G2/><T33/><D33/><U82/><E82/><V56/><F35/><W105/><G34/><T36/><D36/><U110/><E110/><V70/><F70/><W25/><G105/><T109/><D109/><U106/><E17/><V9/><F9/><N who="3" m="4543" /><G29/><AGARI ba="1,2" hai="27,29,32,96,101,106,120,122" m="29195,49163" machi="29" ten="30,2000,0" yaku="19,1,52,1" doraHai="97" who="1" fromWho="3" sc="250,0,250,43,260,0,220,-23" /><INIT seed="1,0,0,0,5,97" ten="250,293,260,197" oya="1" hai0="28,78,59,120,5,48,81,42,107,86,22,80,102" hai1="66,111,77,92,14,75,18,88,6,34,52,85,115" hai2="105,53,1,117,73,94,132,4,134,112,38,19,0" hai3="67,95,9,133,124,56,17,71,72,128,122,21,8"/><U91/><E115/><V130/><F105/><W41/><G122/><T70/><D70/><U69/><E34/><V119/><F73/><W36/><G128/><T47/><D120/><U87/><E6/><V89/><F38/><W103/><G133/><N who="2" m="51305" /><F130/><W104/><G124/><T83/><D5/><U35/><E35/><V108/><F112/><W30/><G72/><T129/><D129/><U131/><E131/><V40/><F40/><W11/><G71/><T99/><REACH who="0" step="1"/><D59/><REACH who="0" ten="240,293,260,197" step="2"/><U90/><E69/><V55/><F4/><W39/><G56/><T27/><AGARI ba="0,1" hai="22,27,28,42,47,48,78,80,81,83,86,99,102,107" machi="27" ten="30,7900,0" yaku="1,1,2,1,0,1,52,1,53,0" doraHai="97" doraHaiUra="110" who="0" fromWho="0" sc="240,89,293,-39,260,-20,197,-20" /><INIT seed="2,0,0,0,2,97" ten="329,254,240,177" oya="2" hai0="76,30,110,129,123,98,133,130,40,95,99,34,46" hai1="29,39,16,7,105,126,54,62,134,2,68,87,47" hai2="37,38,44,22,77,111,93,94,56,78,103,91,119" hai3="106,32,75,66,125,116,79,5,117,17,85,45,84"/><V124/><F119/><W128/><G128/><N who="0" m="49259" /><D123/><U60/><E105/><V48/><F124/><W92/><G125/><T9/><D110/><U101/><E126/><V122/><F122/><W100/><G32/><T74/><D133/><U18/><E134/><V53/><F111/><W64/><G5/><T90/><D9/><U50/><E29/><V41/><F38/><W21/><G45/><T14/><D14/><U132/><E132/><V6/><F6/><W0/><G0/><T52/><D98/><U135/><E135/><V27/><F103/><W67/><G106/><T42/><D76/><U72/><E72/><V73/><F73/><W35/><G35/><T127/><D74/><U31/><E31/><V12/><F94/><W71/><G71/><T115/><D115/><U61/><E39/><V81/><F81/><N who="3" m="47167" /><G75/><T112/><D112/><U11/><E68/><V104/><F104/><W70/><G70/><T28/><D127/><U69/><E69/><V26/><F26/><W25/><G117/><T120/><D120/><U88/><REACH who="1" step="1"/><E101/><REACH who="1" ten="329,244,240,177" step="2"/><V49/><F37/><W114/><G114/><T59/><D30/><U33/><E33/><V109/><F109/><W63/><G116/><T58/><D28/><U43/><E43/><V118/><F118/><W8/><G100/><T80/><D42/><U3/><E3/><V13/><F41/><W57/><G8/><T4/><D40/><U15/><E15/><V36/><F13/><W55/><G66/><T131/><D34/><U23/><E23/><V10/><F22/><W89/><AGARI ba="0,1" hai="17,21,25,55,57,63,64,67,85,89,92" m="47167" machi="89" ten="30,1100,0" yaku="8,1" doraHai="97" who="3" fromWho="3" sc="329,-3,244,-3,240,-5,177,21" /><INIT seed="3,0,0,5,3,56" ten="326,241,235,198" oya="3" hai0="80,107,101,133,121,8,30,46,26,50,9,51,55" hai1="20,37,130,49,70,45,129,95,5,23,29,17,103" hai2="64,125,27,10,52,111,13,117,92,104,63,135,128" hai3="19,35,131,81,11,72,40,114,44,67,41,58,134"/><W124/><G35/><T113/><D121/><U12/><E70/><V53/><F117/><W38/><G114/><T98/><D133/><U48/><E37/><V57/><F104/><W127/><G134/><T118/><D118/><U39/><E39/><V21/><F135/><W43/><G19/><T65/><D113/><U88/><E103/><V36/><F36/><W24/><G24/><T68/><D80/><U16/><E5/><N who="2" m="3279" /><F125/><N who="3" m="48203" /><G11/><T34/><D51/><U42/><E49/><V47/><F111/><W97/><G97/><T28/><D30/><U71/><E71/><V69/><F69/><W106/><G106/><T2/><D2/><U61/><E29/><N who="2" m="17647" /><F128/><W62/><G131/><T116/><D116/><U93/><E93/><V54/><F92/><W73/><G81/><T123/><D123/><U18/><E61/><AGARI ba="0,0" hai="8,9,26,28,34,46,50,55,61,65,68,98,101,107" machi="61" ten="40,5200,0" yaku="25,2,52,1" doraHai="56" who="0" fromWho="1" sc="326,52,241,-52,235,0,198,0" /><INIT seed="4,0,0,4,4,107" ten="378,189,235,198" oya="0" hai0="117,130,76,94,18,91,64,80,22,75,43,93,6" hai1="65,82,61,113,13,95,134,29,59,102,122,105,121" hai2="133,87,99,30,67,127,25,86,45,131,38,33,123" hai3="124,90,77,54,14,108,78,8,50,84,52,120,11"/><T15/><D117/><U112/><E105/><V89/><F123/><W39/><G124/><T72/><D130/><U10/><E29/><V53/><F127/><W71/><G108/><T98/><D64/><U44/><E134/><V92/><F133/><W74/><G71/><T109/><D109/><U31/><E31/><V17/><F131/><W119/><G119/><T111/><D111/><U48/><E82/><V28/><F28/><W16/><G39/><T47/><D6/><U23/><E23/><V56/><F67/><W24/><G120/><T5/><D5/><N who="1" m="3279" /><E95/><V69/><F69/><W41/><G74/><T62/><D62/><U128/><E102/><V79/><F79/><N who="3" m="30219" /><G24/><T46/><D46/><U103/><E103/><V106/><F106/><W37/><G37/><T68/><D68/><U129/><E122/><V63/><REACH who="2" step="1"/><F17/><REACH who="2" ten="378,189,225,198" step="2"/><W49/><G8/><T60/><D18/><U85/><E121/><V32/><F32/><W51/><G41/><AGARI ba="0,1" hai="25,30,33,38,41,45,53,56,63,86,87,89,92,99" machi="41" ten="40,1300,0" yaku="1,1,53,0" doraHai="107" doraHaiUra="12" who="2" fromWho="3" sc="378,0,189,0,225,23,198,-13" /><INIT seed="5,0,0,3,1,63" ten="378,189,248,185" oya="1" hai0="128,32,101,86,34,58,129,108,72,47,135,93,84" hai1="15,105,2,103,118,81,17,37,115,10,52,107,66" hai2="114,3,31,100,13,67,132,16,33,127,91,83,68" hai3="121,54,124,113,77,49,85,102,26,48,73,109,106"/><U7/><E118/><V75/><F3/><W25/><G109/><T38/><D108/><U90/><E37/><V88/><F100/><W112/><G121/><T53/><D72/><U59/><E115/><N who="3" m="44106" /><G73/><T57/><D135/><U20/><E103/><V131/><F31/><W119/><G124/><T99/><D38/><U56/><E66/><V78/><F33/><N who="0" m="12906" /><D47/><U41/><E41/><V87/><F114/><W0/><G0/><T55/><D58/><U64/><E64/><V65/><F127/><W40/><G119/><T61/><D55/><U14/><E2/><V130/><F132/><W92/><G106/><T122/><D122/><U18/><E7/><V62/><F67/><W120/><G120/><T89/><D101/><U42/><E42/><V21/><REACH who="2" step="1"/><F91/><REACH who="2" ten="378,189,238,185" step="2"/><N who="3" m="53359" /><G102/><T110/><D110/><U27/><E90/><V71/><F71/><W80/><G40/><T60/><D89/><U74/><E107/><V96/><F96/><W79/><G77/><T94/><D99/><U11/><E105/><V36/><F36/><W70/><G70/><T8/><D53/><U4/><E52/><V23/><F23/><W51/><G54/><T104/><D104/><U117/><REACH who="1" step="1"/><E117/><REACH who="1" ten="378,179,238,185" step="2"/><V69/><F69/><W95/><G49/><T126/><D126/><U24/><E24/><V19/><F19/><W123/><G51/><T44/><D44/><U98/><E98/><V28/><F28/><W125/><G48/><T39/><D39/><U35/><E35/><V116/><F116/><W1/><G125/><T5/><D5/><U43/><E43/><V22/><F22/><W6/><G123/><RYUUKYOKU ba="0,2" sc="378,-15,179,15,238,15,185,-15" hai1="4,10,11,14,15,17,18,20,27,56,59,74,81" hai2="13,16,21,62,65,68,75,78,83,87,88,130,131" /><INIT seed="5,1,2,3,1,131" ten="363,194,253,170" oya="1" hai0="121,7,26,118,22,117,25,113,108,36,79,52,0" hai1="78,8,133,127,86,105,39,82,101,106,111,15,83" hai2="100,88,77,128,19,11,87,38,59,53,95,123,67" hai3="114,91,6,120,94,57,110,43,103,65,10,73,29"/><U102/><E39/><V125/><F123/><W16/><G110/><T32/><D36/><U21/><E111/><V129/><F38/><W4/><G120/><T112/><D79/><N who="1" m="46431" /><E21/><V45/><F125/><W119/><G114/><N who="0" m="44139" /><D108/><U51/><E51/><V18/><F77/><W104/><G73/><T35/><D121/><U44/><E44/><V72/><F72/><W31/><G104/><N who="1" m="40042" /><E15/><V41/><F100/><N who="1" m="38505" /><E8/><V60/><F41/><W37/><G119/><N who="0" m="45579" /><D52/><U116/><E116/><V90/><F45/><W14/><G103/><T58/><D58/><U62/><E62/><V49/><F49/><W42/><G37/><T55/><D55/><U17/><E17/><V64/><F19/><W126/><G126/><T85/><D7/><N who="3" m="2601" /><G43/><T98/><D0/><U33/><E33/><V1/><F1/><W97/><G42/><T96/><D35/><U9/><E9/><V40/><F40/><W107/><G107/><T50/><D50/><U71/><E71/><V75/><F18/><W99/><G57/><T89/><D32/><U69/><E69/><V5/><F5/><W132/><G65/><N who="2" m="25161" /><F11/><W12/><G12/><T74/><D25/><U13/><E13/><V54/><F54/><W24/><G31/><T63/><D63/><U130/><E127/><V68/><F68/><W20/><G99/><T81/><D74/><N who="1" m="43479" /><E130/><N who="2" m="50283" /><F75/><W27/><G27/><T84/><D22/><U135/><AGARI ba="1,2" hai="133,135" m="43479,38505,40042,46431" machi="135" ten="40,12000,1" yaku="34,2,52,2" doraHai="131" who="1" fromWho="1" sc="363,-41,194,143,253,-41,170,-41" /><INIT seed="5,2,0,5,0,63" ten="322,337,212,129" oya="1" hai0="66,113,125,26,120,112,92,76,102,70,19,109,48" hai1="67,6,123,21,100,65,0,31,94,35,117,124,64" hai2="8,127,89,18,53,71,28,44,42,88,91,114,51" hai3="61,111,106,75,13,98,59,95,10,40,14,74,115"/><U97/><E117/><V20/><F127/><W46/><G115/><N who="0" m="44107" /><D120/><U12/><E123/><V62/><F114/><W73/><G111/><T81/><D125/><U3/><E124/><V38/><F28/><W82/><G106/><T116/><D109/><U7/><E35/><V86/><F8/><W99/><G82/><T79/><D48/><U90/><E3/><V96/><F96/><W39/><G95/><T49/><D49/><U77/><E0/><V133/><F133/><W104/><G104/><T45/><D45/><U135/><E135/><V55/><F38/><W25/><G25/><T9/><D81/><U110/><E110/><V54/><F71/><W83/><G83/><T17/><D26/><N who="1" m="16847" /><E77/><N who="0" m="29769" /><D9/><N who="1" m="4151" /><E7/><V126/><F126/><W50/><G39/><T72/><D72/><U47/><E47/><V32/><F32/><W41/><G41/><T60/><D116/><U34/><E34/><V134/><F134/><W5/><REACH who="3" step="1"/><G14/><REACH who="3" ten="322,337,212,119" step="2"/><T84/><D84/><U129/><E129/><V69/><F86/><W22/><G22/><T128/><D128/><U52/><E52/><AGARI ba="2,1" hai="5,10,13,40,46,50,52,59,61,73,74,75,98,99" machi="52" ten="40,2600,0" yaku="1,1,54,1,53,0" doraHai="63" doraHaiUra="101" who="3" fromWho="1" sc="322,0,337,-32,212,0,119,42" /><INIT seed="6,0,0,4,2,47" ten="322,305,212,161" oya="2" hai0="16,20,131,12,56,8,27,59,106,63,9,68,32" hai1="132,11,109,92,130,41,99,23,74,103,71,86,52" hai2="84,64,90,40,116,25,94,45,95,98,102,93,0" hai3="55,37,35,96,42,60,82,51,44,62,80,89,70"/><V10/><F116/><W88/><G35/><T100/><D131/><U5/><E109/><V65/><F25/><W108/><G108/><T15/><D68/><U17/><E74/><V73/><F73/><W13/><G13/><N who="0" m="5195" /><D106/><U83/><E71/><V125/><F125/><W97/><G70/><T22/><D100/><U66/><E130/><V6/><REACH who="2" step="1"/><F94/><REACH who="2" ten="322,305,202,161" step="2"/><W127/><G127/><T29/><D32/><U134/><E92/><V61/><F61/><N who="3" m="23659" /><G37/><AGARI ba="0,1" hai="0,6,10,37,40,45,64,65,84,90,93,95,98,102" machi="37" ten="30,5800,0" yaku="1,1,7,1,53,1" doraHai="47" doraHaiUra="34" who="2" fromWho="3" sc="322,0,305,0,202,68,161,-58" /><INIT seed="6,1,0,0,0,6" ten="322,305,270,103" oya="2" hai0="112,33,64,131,109,119,123,121,108,42,89,85,92" hai1="133,23,8,40,128,4,49,122,3,102,1,70,51" hai2="12,91,56,54,25,135,87,14,127,73,113,118,114" hai3="62,124,90,130,34,134,0,104,29,105,9,2,59"/><V67/><F73/><W13/><G134/><T115/><D33/><U68/><E133/><V21/><F135/><W99/><G130/><T111/><D42/><U65/><E128/><V106/><F67/><W20/><G124/><T31/><D31/><U76/><E3/><V120/><F106/><W86/><G0/><T75/><D64/><U57/><E122/><N who="0" m="46601" /><D131/><U74/><E102/><V116/><F127/><W132/><G132/><T24/><D24/><U44/><E23/><V36/><F36/><W110/><G110/><T41/><D41/><U19/><E19/><N who="2" m="12479" /><F12/><W7/><G29/><T129/><D129/><U117/><E117/><V18/><F120/><W82/><G34/><T22/><D22/><U39/><E65/><V95/><F14/><W53/><G20/><T16/><D16/><U103/><E103/><V61/><F18/><W125/><G125/><T35/><D35/><U47/><E57/><V98/><F87/><W126/><G126/><T52/><D52/><N who="1" m="29735" /><E51/><V83/><F83/><AGARI ba="1,0" hai="1,4,8,39,40,47,68,70,74,76,83" m="29735" machi="83" ten="30,3900,0" yaku="25,1,52,1,54,1" doraHai="6" who="1" fromWho="2" sc="322,0,305,42,270,-42,103,0" /><INIT seed="7,0,0,0,1,83" ten="322,347,228,103" oya="3" hai0="32,135,126,123,107,119,29,93,73,44,97,57,78" hai1="38,95,46,129,108,28,74,101,27,65,110,5,40" hai2="30,116,10,0,22,69,24,134,8,4,106,9,76" hai3="68,35,64,96,34,12,117,131,132,49,31,87,50"/><W80/><G117/><T26/><D123/><U56/><E74/><V59/><F69/><W130/><G132/><T86/><D119/><U25/><E5/><V41/><F106/><W21/><G96/><T125/><D135/><U61/><E129/><N who="3" m="49162" /><G64/><T75/><D44/><U48/><E38/><V14/><F134/><W115/><G115/><T16/><D57/><U3/><E3/><V66/><F116/><W90/><G68/><T60/><D60/><U43/><E43/><V11/><F0/><W42/><G42/><T114/><D16/><U133/><E133/><V47/><F76/><W7/><G21/><T20/><D32/><N who="3" m="12329" /><G31/><T71/><D71/><U100/><E27/><V58/><REACH who="2" step="1"/><F66/><REACH who="2" ten="322,347,218,103" step="2"/><W52/><G52/><T89/><D114/><U102/><E65/><V94/><F94/><W45/><G45/><T79/><D107/><U67/><E95/><V6/><F6/><W17/><G7/><T124/><D97/><U33/><AGARI ba="0,1" hai="25,28,33,40,46,48,56,61,67,100,101,102,108,110" machi="33" ten="30,1100,0" yaku="0,1" doraHai="83" who="1" fromWho="1" sc="322,-3,347,21,218,-3,103,-5" owari="319,12.0,368,46.0,215,-18.0,98,-40.0" /></mjloggm>