<mjloggm ver="2.3"><GO type="225" lobby="0"/><UN n0="%63%6F%61" n1="%E3%82%B1%E3%83%AD%E3%83%B3%E3%83%91%E3%82%B9" n2="%E3%82%A6%E3%83%AB%E3%83%88%E3%83%A9%E7%AB%8B%E7%9B%B4" n3="%E3%83%9B%E3%83%B3%E3%82%A4%E3%83%84%E5%8E%A8" dan="16,16,17,16" rate="2165.11,2003.79,2168.48,2111.54" sx="M,M,M,M"/><TAIKYOKU oya="0"/><INIT seed="0,0,0,1,1,69" ten="250,250,250,250" oya="0" hai0="106,78,86,31,107,73,79,43,82,0,67,88,91" hai1="101,25,134,16,44,12,14,121,75,98,4,68,87" hai2="93,50,56,109,70,48,39,129,66,23,60,41,55" hai3="135,11,5,3,57,6,51,117,40,111,19,13,74"/><T130/><D0/><U108/><E75/><V76/><F76/><N who="0" m="29226" /><D31/><U96/><E121/><V116/><F93/><W113/><G74/><T28/><D28/><U47/><E68/><V126/><F23/><W62/><G117/><T71/><D43/><U61/><E108/><V110/><F116/><W15/><G113/><T24/><D24/><U127/><E127/><V90/><F90/><N who="0" m="34346" /><D67/><U119/><E119/><V125/><F50/><W2/><G135/><T32/><D71/><U53/><E25/><V59/><F56/><W118/><G111/><N who="2" m="42505" /><F129/><W30/><G118/><T20/><D20/><U27/><E27/><V34/><F34/><W128/><G128/><T52/><D52/><U7/><E53/><V26/><F26/><W105/><G40/><T103/><D32/><U95/><E134/><V94/><F94/><W123/><G123/><T49/><D49/><U102/><E95/><V36/><F41/><W115/><G51/><T64/><D64/><U83/><E61/><V120/><F120/><W37/><G62/><T54/><D54/><U114/><E114/><V104/><F104/><N who="0" m="39978" /><D130/><U42/><E42/><V45/><F70/><W65/><G65/><T18/><D18/><U17/><E17/><V35/><F35/><W131/><G19/><T77/><D103/><U33/><E16/><V81/><F81/><W85/><G131/><T132/><D132/><U1/><E33/><V89/><F89/><W97/><G115/><T72/><AGARI ba="0,0" hai="72,73,77,82,86" m="39978,34346,29226" machi="72" ten="40,18000,2" yaku="35,5,54,1" doraHai="69" who="0" fromWho="0" sc="250,180,250,-60,250,-60,250,-60" /><INIT seed="0,1,0,1,2,96" ten="430,190,190,190" oya="0" hai0="40,115,125,26,47,69,5,76,41,22,126,72,24" hai1="50,68,4,31,108,58,15,133,101,49,111,62,100" hai2="0,110,17,43,89,128,30,36,48,71,20,103,12" hai3="57,92,84,104,34,8,66,80,2,6,25,135,51"/><T123/><D69/><U91/><E68/><V59/><F0/><W81/><G104/><T52/><D115/><U32/><E133/><V13/><F71/><W116/><G116/><T54/><D123/><U113/><E113/><V87/><F110/><N who="1" m="42025" /><E91/><V37/><F128/><W70/><G70/><T65/><D65/><N who="1" m="39127" /><E31/><V63/><F30/><W98/><G135/><T55/><D5/><U45/><E32/><V35/><F35/><W19/><G84/><T23/><D76/><U21/><E49/><V127/><F127/><N who="0" m="48650" /><D72/><U107/><E107/><V86/><F37/><W39/><G39/><N who="0" m="21919" /><D41/><N who="1" m="24879" /><E21/><AGARI ba="1,0" hai="21,22,23,24,26,52,54,55" m="21919,48650" machi="21" ten="30,2900,0" yaku="18,1,54,1" doraHai="96" who="0" fromWho="1" sc="430,32,190,-32,190,0,190,0" /><INIT seed="0,2,0,5,4,65" ten="462,158,190,190" oya="0" hai0="42,39,89,109,23,107,73,83,32,29,92,98,26" hai1="133,37,81,9,45,125,80,0,61,55,24,46,87" hai2="15,97,72,71,68,112,13,54,127,90,50,19,43" hai3="70,44,126,123,103,48,114,67,25,34,3,69,113"/><T28/><D109/><U84/><E125/><V62/><F72/><W4/><G103/><T111/><D111/><U100/><E133/><V102/><F112/><N who="3" m="43115" /><G3/><T52/><D107/><U56/><E100/><V31/><F31/><W11/><G4/><T130/><D130/><U106/><E106/><V63/><F43/><N who="3" m="24607" /><G11/><T85/><D73/><U18/><E37/><V95/><F127/><W132/><G25/><T51/><D42/><U14/><E0/><V5/><F102/><W27/><G27/><T134/><D39/><U1/><E1/><V2/><F2/><W41/><G34/><T17/><D32/><U40/><E40/><V122/><F122/><W33/><G33/><T10/><D10/><U93/><E24/><V57/><F5/><W104/><G104/><T115/><D115/><U35/><E35/><V16/><F15/><W96/><G96/><T108/><D108/><U20/><E9/><V75/><F75/><W30/><G30/><T8/><D8/><U49/><E20/><V21/><REACH who="2" step="1"/><F19/><REACH who="2" ten="462,158,180,190" step="2"/><W135/><G126/><T118/><D134/><N who="3" m="51241" /><G41/><T66/><D28/><U99/><E18/><V121/><F121/><W101/><G101/><N who="0" m="60615" /><D29/><U119/><E14/><V110/><F110/><W38/><G123/><T36/><D17/><U78/><E119/><V79/><F79/><W128/><G38/><T74/><D36/><U124/><E124/><V64/><F64/><W82/><G67/><T88/><D66/><U76/><E78/><V120/><F120/><W116/><G116/><T105/><D118/><U131/><E76/><V60/><AGARI ba="2,1" hai="13,16,21,50,54,57,60,62,63,68,71,90,95,97" machi="60" ten="30,12000,2" yaku="1,1,0,1,52,2,54,1,53,1" doraHai="65" doraHaiUra="12" who="2" fromWho="2" sc="462,-62,158,-32,180,136,190,-32" /><INIT seed="1,0,0,5,3,123" ten="400,126,316,158" oya="1" hai0="119,16,48,131,31,21,19,116,29,96,98,41,87" hai1="17,91,72,62,52,79,94,38,122,111,118,83,109" hai2="39,37,40,106,85,65,49,80,42,126,134,44,84" hai3="61,77,47,107,130,70,132,30,57,10,63,88,4"/><U43/><E122/><V3/><F106/><W135/><G107/><T33/><D33/><U60/><E118/><V81/><F3/><W104/><G104/><T89/><D131/><U45/><E17/><N who="0" m="6729" /><D119/><U95/><E95/><V5/><F5/><W82/><G30/><N who="0" m="11275" /><D116/><U15/><E15/><V23/><F23/><W113/><G113/><T2/><D2/><U114/><E114/><V129/><F65/><W20/><G20/><T121/><D121/><U100/><E100/><V105/><F105/><W90/><G70/><T18/><D48/><U14/><E14/><V73/><F73/><W58/><G10/><T27/><D41/><U54/><E62/><V108/><F49/><W125/><G4/><T8/><D8/><U0/><E0/><V117/><F117/><W133/><G130/><T56/><D56/><U86/><REACH who="1" step="1"/><E60/><REACH who="1" ten="400,116,316,158" step="2"/><V76/><F129/><W28/><G61/><T97/><D97/><U34/><E34/><V69/><F81/><AGARI ba="0,1" hai="18,21,27,81,87,89,96,98" m="11275,6729" machi="81" ten="30,2000,0" yaku="8,1,54,1" doraHai="123" who="0" fromWho="2" sc="400,30,116,0,316,-20,158,0" /><INIT seed="2,0,0,1,3,44" ten="430,116,296,158" oya="2" hai0="106,65,36,133,30,115,119,88,51,66,77,10,19" hai1="56,12,33,75,91,97,76,70,100,69,72,89,1" hai2="29,31,94,46,24,59,40,32,4,117,95,80,67" hai3="25,125,61,121,90,96,126,120,37,68,108,105,111"/><V131/><F117/><W63/><G25/><T83/><D36/><U17/><E1/><V13/><F131/><W48/><G90/><T52/><D106/><U38/><E38/><V71/><F71/><W73/><G96/><T101/><D101/><U104/><E33/><V15/><F31/><W118/><G73/><T122/><D122/><N who="3" m="47209" /><G37/><T34/><D34/><U116/><E116/><V62/><F80/><W99/><G99/><T22/><D115/><U103/><E103/><V45/><F45/><W93/><G93/><T3/><D133/><U49/><E91/><V123/><F123/><W6/><G6/><T112/><D112/><U8/><E89/><V85/><F85/><W78/><G78/><T57/><D3/><U28/><E28/><V79/><F79/><W41/><G105/><T60/><D119/><U0/><E0/><V128/><F128/><W109/><G118/><T82/><D30/><U81/><REACH who="1" step="1"/><E75/><REACH who="1" ten="430,106,296,158" step="2"/><V20/><F32/><W132/><G132/><T98/><D77/><U39/><E39/><V9/><F15/><W130/><G130/><T86/><D83/><U2/><E2/><V124/><F124/><N who="3" m="47723" /><G68/><T27/><D82/><U114/><E114/><V14/><F14/><W11/><G11/><T84/><D10/><U102/><E102/><V26/><F26/><W23/><G23/><T50/><D22/><U7/><E7/><V107/><F107/><W18/><G18/><T47/><D19/><U92/><E92/><V55/><F95/><W43/><G48/><T113/><D50/><U74/><E74/><V5/><F94/><W127/><G127/><RYUUKYOKU ba="0,1" sc="430,-15,106,15,296,-15,158,15" hai1="8,12,17,49,56,69,70,72,76,81,97,100,104" hai3="41,43,61,63,108,109,111" /><INIT seed="3,1,1,4,5,71" ten="415,121,281,173" oya="3" hai0="116,88,76,21,49,19,64,59,127,131,119,22,48" hai1="98,129,92,47,37,84,50,28,56,31,18,53,63" hai2="34,65,97,134,135,8,3,46,35,123,94,20,30" hai3="0,106,81,133,33,57,118,10,23,75,39,115,96"/><W17/><G118/><T112/><D131/><U86/><E129/><V68/><F123/><W87/><G33/><T55/><D127/><U74/><E74/><V26/><F46/><W9/><G115/><T126/><D126/><U12/><E37/><V15/><F65/><W25/><G75/><T104/><D104/><U99/><E86/><V93/><F68/><W111/><G39/><T38/><D38/><U83/><E31/><V52/><F52/><W122/><G122/><T78/><D112/><U24/><E92/><V36/><F36/><W16/><G133/><N who="2" m="50697" /><F3/><W5/><G111/><T69/><D22/><U60/><E24/><V58/><F58/><W66/><G10/><T90/><D116/><U2/><E28/><V80/><F80/><W121/><G121/><T103/><D103/><U73/><E73/><V107/><F107/><W105/><G66/><T101/><D101/><U77/><E2/><V13/><F13/><W132/><G57/><T70/><D70/><U41/><REACH who="1" step="1"/><E63/><REACH who="1" ten="415,111,281,173" step="2"/><V43/><F94/><W61/><G61/><T54/><D119/><U1/><E1/><V40/><F35/><W117/><G117/><T4/><D76/><U91/><E91/><N who="2" m="55487" /><F34/><W95/><G132/><T110/><D110/><U6/><E6/><AGARI ba="1,2" hai="6,8,15,20,26,30,40,43" m="55487,50697" machi="6" ten="30,1000,0" yaku="20,1" doraHai="71" who="2" fromWho="1" sc="415,0,111,-13,281,33,173,0" owari="415,52.0,98,-40.0,314,11.0,173,-23.0" /></mjloggm>