<mjloggm ver="2.3"><GO type="169" lobby="0"/><UN n0="%E3%82%A6%E3%83%AB%E3%83%88%E3%83%A9%E7%AB%8B%E7%9B%B4" n1="%65%72%61%6E%76%69%74%61" n2="%E3%81%88%E3%82%8B%E3%81%9F%E3%81%9D" n3="%6A%69%7A%6F%75%2D" dan="18,16,16,16" rate="2212.24,2111.90,2216.71,2078.81" sx="M,M,F,M"/><TAIKYOKU oya="0"/><INIT seed="0,0,0,2,5,60" ten="250,250,250,250" oya="0" hai0="16,96,59,51,12,82,4,58,133,34,48,118,40" hai1="119,110,22,66,106,115,103,36,86,135,116,65,88" hai2="63,42,75,29,111,130,10,23,9,93,73,78,97" hai3="50,109,8,84,100,101,120,55,61,80,94,122,17"/><T129/><D118/><U30/><E36/><V7/><F111/><W32/><G32/><T128/><D34/><U33/><E33/><V43/><F130/><N who="0" m="50282" /><D4/><U72/><E72/><V41/><F78/><W95/><G61/><T83/><D133/><U69/><E69/><V0/><F10/><W15/><G109/><T67/><D96/><N who="1" m="61799" /><E110/><V125/><F125/><W47/><G95/><T90/><D90/><U126/><E119/><V52/><F29/><W2/><G2/><T49/><D40/><U21/><E116/><V99/><F23/><N who="1" m="8713" /><E30/><V76/><F76/><W64/><G64/><T57/><D67/><U3/><E3/><V132/><F132/><W74/><G74/><T37/><D37/><U89/><E89/><V131/><F99/><N who="3" m="59511" /><G101/><T104/><D104/><U26/><E26/><V20/><F131/><W11/><G122/><T6/><D6/><U35/><E35/><V24/><F24/><W44/><G120/><T98/><D98/><U105/><E105/><V102/><REACH who="2" step="1"/><F20/><AGARI ba="0,0" hai="12,16,20,48,49,51,57,58,59,82,83" m="50282" machi="20" ten="40,3900,0" yaku="19,1,54,1" doraHai="60" who="0" fromWho="2" sc="250,39,250,0,250,-39,250,0" /><INIT seed="0,1,0,5,2,56" ten="289,250,211,250" oya="0" hai0="79,17,42,51,48,64,101,82,47,45,112,59,44" hai1="119,81,131,50,34,78,5,95,20,39,88,14,120" hai2="30,108,38,90,55,74,35,52,124,110,135,19,73" hai3="100,99,94,122,18,60,67,23,85,10,76,91,13"/><T109/><D112/><U92/><E39/><V69/><F38/><W7/><G76/><T104/><D109/><N who="2" m="42090" /><F69/><W22/><G122/><T1/><D1/><U134/><E34/><V115/><F115/><W96/><G96/><T102/><D17/><U28/><E120/><V9/><F124/><W72/><G72/><N who="2" m="27753" /><F135/><W0/><G0/><T125/><D125/><U116/><E134/><V123/><F123/><W71/><REACH who="3" step="1"/><G7/><REACH who="3" ten="289,250,211,240" step="2"/><T127/><D127/><U114/><E5/><V66/><F90/><W132/><G132/><T129/><D129/><U106/><E131/><V70/><F35/><W11/><G11/><T126/><D126/><U53/><E88/><V33/><F33/><W26/><G26/><T37/><D102/><U65/><E114/><V98/><F98/><W6/><G6/><T62/><D101/><U8/><E78/><V54/><F9/><W63/><G63/><T27/><D27/><U15/><E8/><V121/><F121/><W58/><G58/><T43/><D104/><AGARI ba="1,1" hai="10,13,18,22,23,60,67,71,85,91,94,99,100,104" machi="104" ten="30,3900,0" yaku="1,1,7,1,52,1,53,0" doraHai="56" doraHaiUra="133" who="3" fromWho="0" sc="289,-42,250,0,211,0,240,52" /><INIT seed="1,0,0,4,2,50" ten="247,250,211,292" oya="1" hai0="73,91,78,95,15,93,125,121,47,105,82,74,98" hai1="97,28,42,57,86,119,13,117,132,8,3,39,109" hai2="9,128,124,59,81,71,62,11,76,32,51,80,43" hai3="12,56,16,66,45,101,37,83,96,4,25,38,133"/><U14/><E3/><V63/><F32/><W26/><G133/><T6/><D15/><U134/><E28/><V106/><F106/><W77/><G4/><T103/><D6/><U110/><E39/><V120/><F120/><W112/><G112/><T36/><D47/><U10/><E42/><V58/><F124/><W115/><G115/><T29/><D29/><U70/><E70/><V89/><F128/><W116/><G116/><N who="1" m="44618" /><E86/><V75/><F71/><W54/><G66/><T131/><D36/><U23/><E57/><V60/><F89/><W85/><G45/><T30/><D30/><U24/><E97/><V18/><F75/><W126/><G126/><T64/><D64/><U88/><E88/><V118/><F118/><W68/><G68/><T92/><D125/><U67/><E24/><V79/><F63/><N who="3" m="36247" /><G37/><T111/><D131/><U104/><E104/><V52/><F18/><W122/><G122/><T41/><D41/><U27/><E27/><V2/><F43/><W44/><G44/><T34/><D34/><U31/><E31/><V107/><F107/><W49/><G49/><T0/><D0/><U5/><E67/><V33/><F33/><W61/><G61/><T102/><D121/><U21/><E132/><V87/><F2/><W135/><G135/><T22/><D73/><U7/><E134/><V53/><F51/><W130/><G130/><T40/><D40/><U65/><E65/><V90/><F90/><W114/><G114/><T46/><D91/><U100/><E100/><V108/><F87/><W19/><G38/><T48/><D103/><U20/><AGARI ba="0,0" hai="5,7,8,10,13,14,20,21,23,109,110" m="44618" machi="20" ten="40,7800,0" yaku="5,1,34,2" doraHai="50" who="1" fromWho="1" sc="247,-26,250,78,211,-26,292,-26" /><INIT seed="1,1,0,0,4,133" ten="221,328,185,266" oya="1" hai0="52,27,1,40,71,75,83,81,47,28,43,16,132" hai1="19,124,5,60,91,26,23,103,64,134,89,7,42" hai2="123,115,78,72,18,126,38,11,13,48,33,51,77" hai3="96,84,4,15,12,119,58,54,106,65,8,31,3"/><U79/><E134/><V50/><F123/><W112/><G112/><T45/><D1/><U37/><E103/><V10/><F115/><W6/><G65/><T111/><D71/><U102/><E102/><V120/><F120/><W90/><G31/><T0/><D0/><U107/><E107/><V105/><F105/><W35/><G35/><T36/><D75/><U46/><E79/><V94/><F33/><W110/><G110/><T30/><D111/><U41/><E41/><V108/><F108/><W17/><G119/><T2/><D2/><U114/><E114/><V88/><F38/><W49/><G106/><T68/><D68/><U56/><REACH who="1" step="1"/><E124/><REACH who="1" ten="221,318,185,266" step="2"/><V121/><F126/><W55/><G90/><AGARI ba="1,1" hai="5,7,19,23,26,37,42,46,56,60,64,89,90,91" machi="90" ten="40,3900,0" yaku="1,1,2,1,53,0" doraHai="133" doraHaiUra="109" who="1" fromWho="3" sc="221,0,318,52,185,0,266,-42" /><INIT seed="1,2,0,0,5,60" ten="221,370,185,224" oya="1" hai0="6,77,0,79,130,128,27,74,124,51,39,101,132" hai1="88,62,44,52,73,131,115,105,49,93,104,57,21" hai2="50,83,71,41,5,116,63,67,76,114,121,54,78" hai3="106,30,96,85,33,2,135,61,53,17,133,94,108"/><U68/><E73/><V12/><F121/><W18/><G2/><T107/><D39/><U42/><E115/><V20/><F116/><W129/><G108/><T72/><D6/><U23/><E131/><V16/><F114/><W28/><G129/><T98/><D27/><U8/><E8/><V26/><F41/><W47/><G85/><T46/><D51/><U45/><E45/><V102/><F102/><N who="3" m="60695" /><G106/><T15/><D15/><U120/><E120/><V29/><F5/><W38/><G33/><T118/><D46/><U86/><E23/><V100/><F100/><W82/><G82/><T113/><D0/><U40/><E40/><V43/><F43/><N who="3" m="23031" /><G53/><T80/><D113/><U64/><REACH who="1" step="1"/><E21/><REACH who="1" ten="221,360,185,224" step="2"/><V91/><F83/><W56/><G135/><T69/><D80/><U19/><E19/><V125/><F125/><W103/><G17/><T7/><D124/><U123/><E123/><V25/><F91/><W110/><G18/><T55/><D130/><U10/><E10/><V109/><F109/><W13/><G110/><T122/><D128/><U36/><AGARI ba="2,1" hai="36,42,44,49,52,57,62,64,68,86,88,93,104,105" machi="36" ten="20,24000,3" yaku="1,1,0,1,7,1,24,2,52,1,54,2,53,0" doraHai="60" doraHaiUra="95" who="1" fromWho="1" sc="221,-82,360,256,185,-82,224,-82" /><INIT seed="1,3,0,4,2,58" ten="139,616,103,142" oya="1" hai0="125,76,27,62,26,134,25,115,6,78,29,67,98" hai1="119,73,71,14,121,101,87,63,123,68,93,111,116" hai2="11,9,122,38,54,17,31,92,53,117,81,12,47" hai3="70,3,13,44,108,2,51,107,120,46,10,96,33"/><U56/><E73/><V7/><F122/><W50/><G33/><T16/><D115/><U22/><E101/><V5/><F117/><N who="1" m="45129" /><E93/><V32/><F32/><W103/><G70/><N who="1" m="26666" /><E87/><V36/><F31/><W15/><G108/><T100/><D6/><U133/><E22/><V37/><F81/><W130/><G130/><T49/><D26/><U80/><E14/><V104/><F104/><W39/><G39/><T84/><D27/><U124/><E80/><V106/><F106/><W28/><G120/><N who="1" m="46154" /><E111/><V118/><F118/><W64/><G28/><T34/><D29/><U86/><E86/><V66/><F92/><W77/><G77/><T0/><D84/><U55/><E133/><V35/><F35/><W112/><G10/><T21/><D134/><U24/><E24/><V131/><F9/><W18/><G18/><T89/><D16/><U132/><E132/><V19/><F19/><W129/><G96/><T60/><D98/><U72/><E72/><V135/><F7/><W105/><G103/><T42/><D100/><U94/><E94/><V88/><F5/><W79/><G79/><T43/><D78/><U85/><E85/><V95/><F135/><W57/><G105/><T52/><D76/><U109/><E109/><V8/><F11/><W20/><G107/><T97/><D34/><U48/><E124/><V113/><F8/><W41/><G20/><T4/><D125/><U1/><E1/><V75/><F75/><W59/><G3/><T127/><D0/><U128/><E128/><V82/><F131/><W83/><G129/><T90/><D127/><U110/><E110/><RYUUKYOKU ba="3,0" sc="139,-10,616,30,103,-10,142,-10" hai1="48,55,56,63" /><INIT seed="1,4,0,3,4,53" ten="129,646,93,132" oya="1" hai0="108,109,112,11,51,75,21,91,92,72,54,103,67" hai1="130,124,38,68,23,88,26,27,62,14,7,33,106" hai2="81,3,43,64,83,119,41,2,133,6,59,101,84" hai3="40,113,17,70,5,34,111,29,37,9,135,18,115"/><U16/><E38/><V94/><F119/><W90/><G70/><T116/><D103/><U117/><E106/><V49/><F133/><W97/><G111/><T60/><D11/><U50/><E117/><V126/><F126/><W8/><G40/><N who="2" m="15433" /><F3/><N who="3" m="63" /><G37/><T78/><D21/><U89/><E124/><V39/><F2/><W35/><G90/><T76/><D112/><U32/><E130/><V86/><F39/><W102/><G97/><T12/><D12/><U66/><E50/><V105/><F105/><W13/><G102/><T99/><D116/><U79/><E79/><V118/><F6/><N who="3" m="3255" /><G135/><T123/><D123/><U15/><E7/><V100/><F118/><W125/><G125/><T52/><D54/><U58/><E68/><V98/><F101/><W28/><G115/><T82/><D75/><U110/><E110/><V63/><F49/><W80/><G80/><AGARI ba="4,0" hai="59,63,64,80,81,83,84,86,94,98,100" m="15433" machi="80" ten="30,2000,0" yaku="8,1,52,1" doraHai="53" who="2" fromWho="3" sc="129,0,646,0,93,32,132,-32" /><INIT seed="2,0,0,0,2,103" ten="129,646,125,100" oya="2" hai0="51,73,85,46,113,6,55,24,128,118,134,79,87" hai1="3,126,53,71,100,26,16,133,82,135,42,41,131" hai2="64,7,22,49,120,96,14,45,38,2,37,90,59" hai3="63,44,91,122,25,101,130,92,95,11,98,75,19"/><V121/><F2/><W88/><G75/><T0/><D113/><U48/><E3/><V74/><F74/><W8/><G130/><T125/><D128/><U123/><E71/><V39/><F64/><W72/><G72/><T47/><D118/><U33/><E131/><V110/><F110/><W52/><G122/><T97/><D125/><U32/><E126/><V54/><F96/><N who="3" m="59551" /><G91/><T80/><D134/><N who="1" m="51211" /><E100/><V61/><F90/><W66/><G66/><T17/><D97/><U114/><E82/><V20/><F20/><N who="3" m="13471" /><G44/><T21/><REACH who="0" step="1"/><D47/><REACH who="0" ten="119,646,125,100" step="2"/><N who="1" m="27807" /><E114/><V62/><F45/><W40/><G40/><N who="1" m="15466" /><E123/><V29/><F121/><W117/><G117/><T83/><D83/><U78/><E78/><V5/><F120/><W23/><G23/><AGARI ba="0,1" hai="16,23,26,32,33" m="15466,27807,51211" machi="23" ten="30,2000,0" yaku="20,1,54,1" doraHai="103" who="1" fromWho="3" sc="119,0,646,30,125,0,100,-20" /><INIT seed="3,0,0,2,5,0" ten="119,676,125,80" oya="3" hai0="78,88,56,77,1,130,49,29,47,135,51,45,27" hai1="52,113,65,111,11,63,40,15,35,85,109,131,10" hai2="80,107,73,37,2,9,104,53,83,122,97,6,99" hai3="120,60,84,115,126,14,18,64,133,59,33,71,26"/><W34/><G115/><T114/><D1/><U94/><E35/><V32/><F32/><W62/><G120/><T41/><D130/><U119/><E113/><V3/><F122/><W13/><G133/><T24/><D135/><U89/><E131/><V17/><F37/><W124/><G84/><T117/><D56/><U121/><E121/><V39/><F39/><W28/><G34/><T67/><D67/><U91/><E40/><V76/><F2/><W101/><G101/><T96/><D114/><U81/><E52/><V118/><F118/><W125/><REACH who="3" step="1"/><G18/><REACH who="3" ten="119,676,125,70" step="2"/><T79/><D117/><U129/><E129/><V112/><F112/><W127/><N who="3" m="31744" /><DORA hai="95" /><W12/><G12/><T116/><D116/><U25/><E15/><V46/><F17/><W36/><G36/><T19/><D19/><U66/><E119/><V102/><F73/><W92/><G92/><N who="0" m="56327" /><D29/><U72/><E72/><V100/><F76/><W110/><G110/><T48/><D41/><U5/><E111/><V82/><F82/><W21/><G21/><T93/><D93/><U8/><E109/><V90/><F90/><W87/><G87/><T57/><D79/><U54/><E91/><V30/><F30/><W50/><G50/><AGARI ba="0,1" hai="3,6,9,46,50,53,80,83,97,99,100,102,104,107" machi="50" ten="40,8000,1" yaku="9,1,52,3" doraHai="0,95" who="2" fromWho="3" sc="119,0,676,0,125,90,70,-80" owari="119,-28.0,676,77.0,215,2.0,-10,-51.0" /></mjloggm>