<mjloggm ver="2.3"><GO type="233" lobby="0"/><UN n0="%74%61%6B%75%61%6B%61" n1="%E5%B0%8F%E9%98%AA%E3%81%A1%E3%81%B2%E3%82%8D" n2="%E9%8C%AF%E4%B9%B1%E3%82%AB%E3%83%AB%E3%83%94%E3%82%B9" n3="%E3%82%A6%E3%83%AB%E3%83%88%E3%83%A9%E7%AB%8B%E7%9B%B4" dan="17,17,18,18" rate="2140.89,2214.09,2192.36,2205.00" sx="M,F,F,M"/><TAIKYOKU oya="0"/><INIT seed="0,0,0,2,3,108" ten="250,250,250,250" oya="0" hai0="113,17,26,14,36,104,13,73,59,58,79,35,117" hai1="80,132,126,96,64,66,119,55,135,69,97,9,82" hai2="8,77,124,130,61,63,50,54,93,18,39,10,115" hai3="131,49,43,127,78,133,81,23,76,53,129,91,28"/><T0/><D117/><U107/><E119/><V85/><F115/><W89/><G43/><T11/><D104/><U87/><E126/><V70/><F39/><W106/><G106/><T21/><D36/><U95/><E9/><V65/><F124/><W25/><G127/><T16/><D0/><U42/><E42/><V22/><F130/><N who="3" m="49675" /><G133/><N who="1" m="51274" /><E55/><V51/><F63/><W57/><G78/><T31/><REACH who="0" step="1"/><D113/><REACH who="0" ten="240,250,250,250" step="2"/><U29/><E107/><V71/><F71/><W33/><G33/><T3/><D3/><U7/><E69/><V32/><F32/><W37/><G37/><T44/><D44/><U94/><E66/><V38/><F38/><W110/><G110/><T120/><D120/><U109/><E64/><V121/><F121/><W19/><G28/><T86/><D86/><AGARI ba="0,1" hai="19,23,25,49,53,57,76,81,86,89,91" m="49675" machi="86" ten="30,1000,0" yaku="19,1" doraHai="108" who="3" fromWho="0" sc="240,-10,250,0,250,0,250,20" /><INIT seed="1,0,0,0,2,48" ten="230,250,250,270" oya="1" hai0="60,38,43,41,28,30,65,61,131,101,110,8,96" hai1="33,126,64,115,37,6,85,17,53,132,111,80,91" hai2="40,32,86,97,35,82,95,49,112,73,58,22,92" hai3="94,104,13,99,34,69,71,9,42,0,116,121,102"/><U87/><E33/><V109/><F109/><W55/><G121/><T19/><D110/><U3/><E115/><V122/><F122/><W18/><G34/><T127/><D127/><U62/><E111/><V56/><F112/><W27/><G116/><T52/><D38/><U77/><E132/><V5/><F73/><W81/><G0/><T63/><D65/><U108/><E37/><V46/><F32/><W44/><G27/><T29/><D131/><U93/><E108/><V16/><F5/><W114/><G114/><T68/><D68/><U100/><E100/><V134/><F35/><W118/><G118/><T74/><D74/><U129/><E129/><V15/><F134/><W84/><G94/><N who="0" m="58519" /><D8/><U76/><E126/><V11/><F22/><W47/><G47/><T24/><D19/><U90/><E6/><V51/><F51/><W66/><G66/><T31/><D24/><U75/><E3/><V54/><F40/><N who="0" m="15434" /><D29/><U67/><E17/><V7/><F7/><W50/><REACH who="3" step="1"/><G42/><REACH who="3" ten="230,250,250,260" step="2"/><T103/><D103/><U135/><E135/><V88/><F95/><W26/><G26/><T125/><D125/><U128/><E128/><V57/><F92/><W4/><G4/><T70/><D70/><U36/><E64/><V1/><F1/><W105/><G105/><T14/><D14/><U20/><E67/><V98/><AGARI ba="0,1" hai="11,15,16,46,49,54,56,57,58,82,86,88,97,98" machi="98" ten="30,12000,2" yaku="0,1,25,2,8,1,52,1,54,2" doraHai="48" who="2" fromWho="2" sc="230,-30,250,-60,250,130,260,-30" /><INIT seed="2,0,0,1,0,23" ten="200,190,380,230" oya="2" hai0="66,25,76,42,105,87,122,123,103,28,99,119,82" hai1="118,107,20,21,30,19,79,45,6,27,127,96,57" hai2="63,97,52,111,102,72,51,32,125,16,126,64,100" hai3="24,58,73,110,61,71,86,36,77,132,8,35,114"/><V60/><F72/><W34/><G73/><T92/><D119/><U62/><E118/><V101/><F32/><W59/><G36/><T75/><D42/><U90/><E127/><N who="2" m="48651" /><F111/><W9/><G110/><T31/><D31/><U120/><E120/><V93/><F64/><W130/><G114/><T80/><D66/><U53/><E79/><V17/><F60/><W33/><G71/><T39/><D39/><U40/><E6/><V69/><F63/><W104/><G104/><T11/><D11/><U55/><E107/><V26/><F69/><W18/><G130/><T108/><D108/><U67/><E40/><V112/><F112/><W54/><G132/><T22/><REACH who="0" step="1"/><D105/><REACH who="0" ten="190,190,380,230" step="2"/><U50/><E67/><V131/><F131/><W13/><G8/><T2/><D2/><U115/><E115/><V129/><F129/><W38/><G38/><T78/><AGARI ba="0,1" hai="22,25,28,75,76,78,80,82,87,92,99,103,122,123" machi="78" ten="20,12000,2" yaku="1,1,0,1,7,1,52,1,53,2" doraHai="23" doraHaiUra="117" who="0" fromWho="0" sc="190,130,190,-30,380,-60,230,-30" /><INIT seed="3,0,0,1,3,113" ten="320,160,320,200" oya="3" hai0="124,19,106,76,83,53,133,20,128,45,99,120,22" hai1="25,0,98,121,97,15,35,41,65,52,92,23,11" hai2="132,118,108,31,111,59,116,54,32,48,94,9,73" hai3="71,103,16,69,67,51,24,2,39,100,42,57,3"/><W36/><G51/><T10/><D120/><U63/><E121/><V115/><F115/><W62/><G24/><T96/><D124/><U110/><E110/><N who="2" m="42027" /><F132/><W4/><G16/><T114/><D106/><U46/><E35/><V135/><F135/><W75/><G75/><T47/><D128/><U5/><E0/><V80/><F94/><W125/><G125/><T1/><D45/><U130/><E130/><V27/><F9/><W12/><G12/><T8/><D8/><U104/><E104/><V79/><AGARI ba="0,0" hai="27,31,32,48,54,59,73,79,80,116,118" m="42027" machi="79" ten="30,4000,0" yaku="14,1,52,2" doraHai="113" who="2" fromWho="2" sc="320,-10,160,-10,320,40,200,-20" /><INIT seed="4,0,0,1,1,59" ten="310,150,360,180" oya="0" hai0="111,93,43,23,49,125,129,119,133,1,9,114,34" hai1="15,27,20,81,74,68,60,109,42,35,25,46,29" hai2="36,87,92,101,51,45,110,7,44,124,38,12,91" hai3="102,55,121,103,52,58,105,112,131,22,53,33,0"/><T84/><D119/><U69/><E109/><V66/><F110/><W16/><G33/><T41/><D34/><U128/><E128/><V17/><F124/><W70/><G70/><T73/><D73/><U13/><E68/><V11/><F66/><W134/><G0/><T98/><D111/><U89/><E89/><V63/><F63/><N who="3" m="36295" /><G105/><T115/><D84/><U14/><E81/><V5/><F101/><N who="3" m="38411" /><G131/><T3/><D125/><U113/><E74/><V54/><F38/><W65/><G112/><T57/><D1/><U4/><E113/><V86/><F44/><W85/><G134/><T30/><D133/><U24/><E4/><N who="2" m="1611" /><F36/><W117/><G117/><T72/><D72/><U122/><E122/><V99/><AGARI ba="0,0" hai="11,12,17,45,51,54,86,87,91,92,99" m="1611" machi="99" ten="30,1100,0" yaku="8,1" doraHai="59" who="2" fromWho="2" sc="310,-5,150,-3,360,11,180,-3" /><INIT seed="5,0,0,0,2,135" ten="305,147,371,177" oya="1" hai0="23,15,56,132,30,35,9,128,125,41,8,51,14" hai1="12,34,74,127,104,93,109,84,120,94,63,134,97" hai2="82,103,45,60,3,112,92,110,39,106,111,67,58" hai3="105,53,37,88,117,25,16,77,17,123,44,100,52"/><U27/><E120/><V2/><F106/><W108/><G108/><T68/><D68/><U36/><E36/><V99/><F112/><W0/><G0/><T73/><D73/><U6/><E74/><V78/><F45/><W107/><G123/><T55/><D35/><U64/><E104/><V65/><F65/><W114/><G77/><T133/><D128/><U32/><E134/><V76/><F76/><W42/><G114/><T54/><D41/><U129/><E129/><V86/><REACH who="2" step="1"/><F39/><REACH who="2" ten="305,147,361,177" step="2"/><W101/><G44/><T102/><D133/><U95/><E109/><AGARI ba="0,1" hai="2,3,58,60,67,78,82,86,92,99,103,109,110,111" machi="109" ten="40,5200,0" yaku="1,1,2,1,53,1" doraHai="135" doraHaiUra="75" who="2" fromWho="1" sc="305,0,147,-52,361,62,177,0" /><INIT seed="6,0,0,4,4,131" ten="305,95,423,177" oya="2" hai0="7,52,78,58,40,29,102,113,114,98,100,121,93" hai1="124,79,115,72,57,83,27,47,38,117,70,10,59" hai2="77,1,13,105,133,97,86,31,108,28,135,118,84" hai3="92,15,127,3,8,69,134,61,24,75,43,95,99"/><V122/><F1/><W20/><G75/><T32/><D121/><U65/><E117/><V25/><F118/><W129/><G43/><T54/><D78/><U62/><E115/><N who="0" m="44041" /><D7/><U82/><E124/><V132/><F122/><W103/><G95/><T17/><D40/><U67/><E10/><V94/><F105/><W9/><G9/><T91/><D17/><U110/><E110/><V21/><F108/><W16/><G3/><T51/><D54/><U80/><E27/><AGARI ba="0,0" hai="27,29,32,51,52,58,91,93,98,100,102" m="44041" machi="27" ten="30,2000,0" yaku="15,1,54,1" doraHai="131" who="0" fromWho="1" sc="305,20,95,-20,423,0,177,0" /><INIT seed="7,0,0,3,4,95" ten="325,75,423,177" oya="3" hai0="117,84,29,50,66,119,14,39,28,93,78,80,57" hai1="4,22,64,67,83,27,6,128,94,116,124,73,18" hai2="10,96,97,70,98,74,72,36,56,61,3,44,76" hai3="62,79,86,90,20,69,131,51,129,130,100,46,112"/><W26/><G79/><T65/><D39/><U134/><E128/><V103/><F70/><W115/><G100/><T33/><D33/><U48/><E134/><V68/><F68/><W30/><G62/><T32/><D32/><U11/><E124/><V120/><F120/><W7/><G7/><T45/><D93/><U58/><E116/><V132/><F103/><W123/><G69/><T41/><D66/><U81/><E4/><N who="2" m="1311" /><F72/><W113/><G123/><T24/><D24/><U31/><E73/><V38/><F38/><W25/><G25/><T35/><D35/><U135/><E135/><V19/><F19/><W15/><G15/><T21/><D117/><U108/><E108/><V87/><F87/><W127/><G127/><T126/><D119/><U133/><E133/><V107/><F107/><W9/><G9/><T17/><D126/><U23/><E67/><V75/><F75/><W110/><G110/><T13/><D13/><U16/><E31/><V122/><F122/><W5/><G5/><T53/><D41/><U59/><E94/><V47/><F36/><W54/><G86/><T42/><D42/><U121/><E121/><V118/><F118/><W0/><G0/><T104/><D104/><U85/><E85/><V89/><F74/><W2/><G2/><T77/><D77/><U43/><E6/><V52/><F76/><W34/><G34/><T105/><D105/><U1/><E1/><V91/><F132/><W60/><G90/><T111/><D111/><U40/><E11/><V102/><F102/><W125/><G130/><T12/><D12/><U8/><E8/><RYUUKYOKU ba="0,0" sc="325,15,75,-15,423,15,177,-15" hai0="14,17,21,28,29,45,50,53,57,65,78,80,84" hai2="44,47,52,56,61,89,91,96,97,98" owari="340,14.0,60,-44.0,438,54.0,162,-24.0" /></mjloggm>