<mjloggm ver="2.3"><GO type="169" lobby="0"/><UN n0="%E5%B0%B1%E6%B4%BB%E7%94%9F%40%E5%B7%9D%E6%9D%91%E8%BB%8D%E5%9B%A3" n1="%E3%81%8B%E3%81%8D%E9%86%A4%E6%B2%B9" n2="%E6%93%8D" n3="%44%72%2E%E9%9B%80" dan="17,17,16,16" rate="2165.93,2128.39,2127.41,2068.65" sx="M,M,M,M"/><TAIKYOKU oya="0"/><INIT seed="0,0,0,4,2,94" ten="250,250,250,250" oya="0" hai0="60,98,67,124,97,87,107,113,30,123,99,37,42" hai1="71,106,104,10,65,128,77,50,8,131,115,72,68" hai2="90,130,18,62,109,70,49,81,24,29,38,64,19" hai3="73,91,31,56,88,46,12,43,1,83,9,101,118"/><T11/><D123/><U47/><E77/><V51/><F38/><W20/><G118/><T80/><D113/><U15/><E72/><V66/><F66/><W54/><G1/><T89/><D124/><U5/><E115/><V53/><F51/><W116/><G116/><T23/><D107/><N who="1" m="41003" /><E65/><V120/><F120/><W119/><G119/><T133/><D133/><U39/><E10/><V86/><F130/><N who="1" m="49705" /><E39/><V16/><F109/><W45/><G101/><T28/><D23/><U92/><E92/><V4/><F4/><W82/><G73/><T78/><D78/><U114/><E114/><V59/><REACH who="2" step="1"/><F19/><REACH who="2" ten="250,250,240,250" step="2"/><W7/><G7/><T96/><D37/><U121/><E121/><V85/><F85/><W105/><G31/><T52/><D42/><AGARI ba="0,1" hai="5,8,15,42,47,50,68,71" m="49705,41003" machi="42" ten="30,1000,0" yaku="19,1" doraHai="94" who="1" fromWho="0" sc="250,-10,250,20,240,0,250,0" /><INIT seed="1,0,0,1,4,25" ten="240,270,240,250" oya="1" hai0="66,59,86,61,44,13,126,37,20,81,34,63,55" hai1="51,30,118,28,36,54,9,133,33,106,47,78,121" hai2="97,68,46,24,0,100,40,99,3,122,74,67,72" hai3="79,38,88,32,48,101,18,89,60,11,62,45,96"/><U14/><E118/><V76/><F99/><W116/><G38/><T108/><D34/><U1/><E1/><V43/><F43/><W125/><G116/><T71/><D108/><U15/><E33/><V109/><F122/><W5/><G32/><T73/><D126/><U10/><E121/><V22/><F109/><W87/><G125/><T93/><D73/><U102/><E36/><V104/><F74/><W23/><G89/><T12/><D93/><U53/><E133/><V131/><F131/><W8/><G101/><T65/><D20/><U98/><E78/><V6/><F6/><W117/><G96/><T4/><D4/><U27/><E27/><V110/><F110/><W49/><G49/><T19/><D19/><U17/><REACH who="1" step="1"/><E54/><REACH who="1" ten="240,260,240,250" step="2"/><V115/><F76/><W7/><G79/><T124/><D124/><U95/><E95/><V92/><F92/><W64/><G117/><T114/><D114/><U132/><E132/><V16/><F115/><W112/><G112/><T41/><D55/><U77/><E77/><AGARI ba="0,1" hai="12,13,37,41,44,59,61,63,65,66,71,77,81,86" machi="77" ten="30,1000,0" yaku="7,1" doraHai="25" who="0" fromWho="1" sc="240,20,260,-10,240,0,250,0" /><INIT seed="2,0,0,0,5,129" ten="260,250,240,250" oya="2" hai0="22,120,117,106,18,128,17,6,23,108,37,135,52" hai1="62,66,69,48,90,63,101,40,100,26,93,34,71" hai2="107,122,74,92,46,20,33,45,14,89,131,82,50" hai3="70,24,124,115,102,112,39,61,104,27,58,134,86"/><V73/><F33/><W56/><G124/><T80/><D37/><U83/><E83/><V59/><F107/><W114/><G39/><T109/><D106/><U3/><E3/><V49/><F59/><W76/><G70/><T54/><D120/><U85/><E40/><V67/><F67/><W31/><G76/><T95/><D128/><U130/><E48/><V78/><F74/><W30/><G86/><T132/><D6/><U9/><E9/><V60/><F60/><W15/><G15/><T4/><D4/><U113/><E113/><V36/><F131/><W64/><G58/><T7/><D7/><U79/><E79/><V19/><F122/><W91/><G91/><T38/><D38/><U110/><E110/><N who="0" m="42601" /><D95/><U98/><E130/><V16/><F36/><W65/><G65/><T10/><D10/><U41/><E66/><V103/><F103/><W44/><G44/><T43/><D43/><U75/><E41/><V28/><F28/><W32/><G102/><T77/><D117/><U0/><E101/><V99/><F46/><W51/><G104/><T126/><D126/><U2/><E100/><V94/><F94/><W81/><G81/><T35/><D35/><U84/><E34/><V12/><REACH who="2" step="1"/><F45/><REACH who="2" ten="260,250,230,250" step="2"/><W68/><G114/><T29/><D29/><U8/><E93/><V123/><F123/><W42/><G112/><T5/><D54/><U119/><E71/><V47/><F47/><W25/><G115/><T1/><D52/><U55/><E55/><V127/><F127/><W87/><G68/><T72/><D72/><U111/><E75/><V96/><F96/><RYUUKYOKU ba="0,1" sc="260,-10,250,-10,230,30,250,-10" hai2="12,14,16,19,20,49,50,73,78,82,89,92,99" /><INIT seed="2,1,1,3,2,63" ten="250,240,260,240" oya="2" hai0="112,91,127,43,135,54,50,101,95,115,26,8,49" hai1="76,21,2,66,104,106,128,12,125,89,105,73,31" hai2="53,98,3,113,58,6,38,131,56,35,37,14,103" hai3="69,47,0,52,13,72,134,94,109,60,36,90,92"/><V45/><F3/><W116/><G0/><T77/><D127/><U110/><E2/><V41/><F35/><W61/><G116/><T57/><D135/><U67/><E125/><V48/><F113/><W44/><G72/><T84/><D77/><U108/><E128/><V87/><F131/><W86/><G134/><T83/><D26/><N who="1" m="16847" /><E89/><V75/><F75/><W81/><G109/><N who="1" m="42090" /><E12/><V107/><F87/><W129/><G129/><T85/><D8/><U74/><E74/><V102/><F102/><W51/><G61/><T71/><D71/><U124/><E124/><V78/><F78/><W15/><G15/><T121/><D121/><U4/><E4/><V97/><F97/><W68/><G68/><T62/><D101/><U122/><E122/><V111/><F111/><W23/><G36/><T93/><D93/><U82/><AGARI ba="1,1" hai="66,67,73,76,82,104,105,106" m="42090,16847" machi="82" ten="40,5200,0" yaku="14,1,52,2" doraHai="63" who="1" fromWho="1" sc="250,-14,240,65,260,-27,240,-14" /><INIT seed="3,0,0,1,3,51" ten="236,305,233,226" oya="3" hai0="134,42,108,29,2,61,41,75,128,71,109,36,87" hai1="15,50,3,67,115,88,82,11,54,14,57,124,113" hai2="105,116,127,81,12,70,84,35,55,91,7,13,60" hai3="122,24,8,31,132,9,72,66,104,90,69,125,100"/><W98/><G122/><T16/><D75/><U111/><E3/><V96/><F116/><W85/><G132/><T102/><D2/><U77/><E111/><N who="0" m="42569" /><D29/><U32/><E32/><V21/><F35/><N who="3" m="20967" /><G72/><T79/><D102/><U25/><E25/><V76/><F127/><W110/><G125/><T53/><D128/><U78/><E124/><V103/><F7/><W10/><G110/><T27/><D36/><U74/><E78/><V117/><F117/><W97/><G97/><T38/><D71/><U114/><E11/><V6/><F6/><W37/><G37/><T52/><D61/><U121/><E121/><V118/><F118/><W112/><G112/><T135/><D135/><U45/><REACH who="1" step="1"/><E88/><REACH who="1" ten="236,295,233,226" step="2"/><V18/><F91/><W86/><G90/><T63/><D134/><U59/><E59/><V4/><F70/><W43/><G43/><N who="0" m="16395" /><D38/><U48/><E48/><V65/><F103/><W44/><G44/><T68/><D79/><U89/><E89/><V62/><F76/><W17/><G17/><T20/><D87/><U58/><E58/><V93/><F84/><W19/><G19/><T130/><D130/><U26/><E26/><V33/><F18/><W0/><G0/><T49/><D49/><U94/><E94/><V30/><F93/><W47/><G47/><T1/><D1/><U131/><E131/><V99/><F33/><W80/><G80/><T83/><D83/><U133/><E133/><V56/><F81/><W22/><G22/><T73/><D73/><U107/><E107/><V40/><F105/><W64/><G69/><T129/><D129/><U34/><E34/><RYUUKYOKU ba="0,1" sc="236,10,295,10,233,-30,226,10" hai0="16,20,27,52,53,63,68" hai1="14,15,45,50,54,57,67,74,77,82,113,114,115" hai3="8,9,10,64,66,85,86,98,100,104" /><INIT seed="3,1,1,4,0,82" ten="246,305,203,236" oya="3" hai0="23,117,110,44,57,62,92,118,108,6,26,135,81" hai1="133,104,0,22,33,56,69,84,19,49,58,35,80" hai2="18,17,109,130,132,46,30,54,4,8,88,48,52" hai3="73,36,39,13,31,9,5,121,42,96,72,61,116"/><W47/><G121/><T79/><D6/><U134/><E69/><V83/><F132/><N who="1" m="50793" /><E104/><V64/><F64/><W119/><G36/><T128/><D135/><U113/><E0/><V87/><F130/><W3/><G13/><T71/><D128/><U77/><E113/><V59/><F30/><W7/><G7/><T89/><D71/><U50/><E50/><V122/><F122/><W41/><G41/><T25/><D44/><U27/><E49/><N who="2" m="31183" /><F109/><N who="0" m="42090" /><D81/><U93/><E93/><V68/><F68/><W95/><G31/><N who="0" m="17855" /><D26/><U11/><E11/><V29/><F29/><W125/><G61/><T43/><D79/><U126/><E126/><V34/><F34/><AGARI ba="1,1" hai="19,22,27,33,34,35,56,58,77,80,84" m="50793" machi="34" ten="30,2000,0" yaku="20,1,52,1" doraHai="82" who="1" fromWho="2" sc="246,0,305,33,203,-23,236,0" /><INIT seed="4,0,0,0,4,0" ten="246,338,180,236" oya="0" hai0="115,107,54,68,117,92,48,109,97,81,15,50,46" hai1="8,76,91,80,65,39,41,63,71,112,61,134,28" hai2="120,45,60,93,77,35,130,102,42,6,4,21,118" hai3="52,66,79,36,104,55,23,56,20,58,64,133,44"/><T101/><D117/><U69/><E134/><V114/><F120/><W83/><G133/><T57/><D68/><U26/><E91/><V43/><F35/><W33/><G33/><T99/><D109/><U37/><E112/><V2/><F2/><W27/><G104/><T22/><D115/><U86/><E41/><V3/><F3/><W122/><G122/><T70/><D70/><U121/><E121/><V131/><F114/><W98/><G98/><T59/><D81/><U18/><E18/><V74/><F118/><W132/><G132/><T24/><D15/><U14/><E8/><V105/><F105/><W96/><G96/><T106/><D97/><U62/><E14/><V49/><F43/><W7/><G36/><T10/><D10/><U17/><E17/><V82/><F60/><W119/><G83/><T108/><D108/><U53/><E63/><V111/><F111/><W1/><G1/><T95/><D106/><U40/><E40/><V100/><F21/><W30/><G119/><T9/><D9/><U47/><E69/><V32/><F32/><W72/><G72/><T94/><REACH who="0" step="1"/><D48/><REACH who="0" ten="236,338,180,236" step="2"/><U31/><E71/><V16/><F93/><W85/><G27/><T110/><D110/><U67/><E26/><V51/><F51/><W13/><G13/><T116/><D116/><U75/><E80/><V103/><REACH who="2" step="1"/><F16/><AGARI ba="0,1" hai="16,22,24,46,50,54,57,59,92,94,95,99,101,107" machi="16" ten="40,3900,0" yaku="1,1,54,1,53,0" doraHai="0" doraHaiUra="113" who="0" fromWho="2" sc="236,49,338,0,180,-39,236,0" /><INIT seed="4,1,0,4,0,110" ten="285,338,141,236" oya="0" hai0="43,54,36,79,32,104,96,56,9,42,18,92,117" hai1="102,78,59,11,86,129,13,40,98,16,22,53,87" hai2="44,107,125,66,120,90,19,75,12,31,29,71,105" hai3="57,85,6,94,37,17,27,128,25,10,65,118,33"/><T46/><D117/><U130/><E40/><V15/><F75/><W131/><G37/><T50/><D32/><U124/><E11/><V81/><F120/><W112/><G118/><T73/><D104/><U14/><E14/><V123/><F123/><W41/><G41/><T3/><D43/><U126/><E78/><V67/><F44/><W76/><G65/><T45/><D79/><U108/><E108/><V127/><F81/><W28/><G57/><T4/><D18/><U109/><E109/><V77/><F77/><W111/><G111/><T1/><D73/><U38/><E38/><V95/><F19/><W106/><G106/><T72/><D72/><U100/><E87/><V48/><F48/><W58/><G58/><T62/><D3/><U82/><E86/><V8/><F8/><W97/><G85/><T23/><D23/><U89/><E89/><V119/><F95/><W30/><G76/><T122/><D122/><U55/><E82/><V74/><F74/><W7/><G94/><T20/><D20/><U101/><E98/><V84/><F84/><W134/><G97/><T113/><D46/><U133/><E133/><V80/><F80/><W70/><G134/><T63/><REACH who="0" step="1"/><D113/><REACH who="0" ten="275,338,141,236" step="2"/><U51/><E124/><V135/><F119/><W35/><G112/><T116/><D116/><U68/><E126/><V114/><F114/><W121/><G17/><T103/><AGARI ba="1,1" hai="1,4,9,36,42,45,50,54,56,62,63,92,96,103" machi="103" ten="20,7800,0" yaku="1,1,0,1,7,1,53,1" doraHai="110" doraHaiUra="69" who="0" fromWho="0" sc="275,91,338,-27,141,-27,236,-27" /><INIT seed="4,2,0,0,4,39" ten="366,311,114,209" oya="0" hai0="78,37,60,58,10,23,53,113,41,12,16,92,42" hai1="87,45,5,34,11,93,116,8,65,20,21,30,57" hai2="0,46,35,52,84,91,98,66,95,129,47,105,43" hai3="110,108,31,100,130,106,72,123,124,18,122,28,67"/><T86/><D113/><U19/><E116/><V101/><F35/><W94/><G124/><T85/><D37/><U125/><E21/><V132/><F0/><W17/><G94/><T118/><D118/><U62/><E11/><V55/><F132/><W80/><G67/><T83/><D10/><U131/><E131/><V64/><F129/><W126/><G126/><T112/><D112/><U26/><E125/><V71/><F47/><W117/><G117/><T73/><D73/><U114/><E114/><V3/><F3/><W121/><G130/><T51/><D60/><U107/><E107/><V133/><F133/><W127/><G127/><T111/><D111/><N who="3" m="42537" /><G80/><N who="0" m="47255" /><D92/><U90/><E45/><V96/><F66/><W7/><G7/><T104/><D104/><U77/><E77/><AGARI ba="2,0" hai="12,16,23,41,42,51,53,58,77,83,86" m="47255" machi="77" ten="30,11600,0" yaku="8,1,52,2,54,1" doraHai="39" who="0" fromWho="1" sc="366,122,311,-122,114,0,209,0" /><INIT seed="4,3,0,2,3,115" ten="488,189,114,209" oya="0" hai0="135,79,99,17,80,40,84,14,107,29,13,102,67" hai1="49,56,58,26,72,37,43,32,60,76,27,70,38" hai2="133,63,114,83,6,130,88,122,97,41,125,8,98" hai3="62,132,18,25,87,101,105,35,74,36,93,68,64"/><T34/><D135/><U39/><E26/><V59/><F122/><W4/><G132/><T112/><D112/><U7/><E27/><V116/><F133/><W123/><G123/><T81/><D67/><N who="1" m="41319" /><E7/><V100/><F114/><W86/><G36/><T95/><D34/><U118/><E76/><V77/><F41/><W57/><G74/><T82/><D29/><U53/><E72/><V120/><F120/><W0/><G57/><N who="1" m="22122" /><E32/><V2/><F130/><W71/><G71/><T16/><D107/><U127/><E127/><V3/><F3/><W48/><G93/><T106/><D106/><U55/><E118/><V46/><F46/><AGARI ba="3,0" hai="37,38,39,43,46,49,53,55" m="22122,41319" machi="46" ten="40,8000,1" yaku="35,5" doraHai="115" who="1" fromWho="2" sc="488,0,189,89,114,-89,209,0" /><INIT seed="5,0,0,1,2,115" ten="488,278,25,209" oya="1" hai0="68,32,86,108,62,41,63,3,17,55,102,69,12" hai1="87,44,70,107,106,30,97,9,105,61,13,52,96" hai2="27,111,34,19,8,135,76,25,54,81,74,123,77" hai3="37,31,125,90,5,133,4,65,2,60,10,73,122"/><U24/><E87/><V47/><F123/><W66/><G122/><T58/><D3/><U100/><E97/><V78/><F111/><W11/><G133/><T40/><D32/><U129/><E129/><V15/><F135/><W82/><G125/><T93/><D108/><U72/><E72/><V124/><F124/><W39/><G31/><T49/><D68/><U121/><E121/><V128/><F128/><W94/><G66/><T42/><D69/><U23/><E70/><V75/><F34/><W116/><G116/><T88/><D102/><U80/><E80/><V57/><F47/><W26/><G26/><T20/><AGARI ba="0,0" hai="12,17,20,40,41,42,49,55,58,62,63,86,88,93" machi="20" ten="30,8000,1" yaku="0,1,25,2,8,1,54,1" doraHai="115" who="0" fromWho="0" sc="488,80,278,-40,25,-20,209,-20" /><INIT seed="6,0,0,2,4,90" ten="568,238,5,189" oya="2" hai0="96,21,56,50,58,55,120,15,48,116,47,18,61" hai1="101,94,88,36,70,40,83,78,26,35,80,82,10" hai2="9,46,117,28,128,31,66,95,23,105,133,57,91" hai3="29,6,76,68,74,123,64,7,39,41,20,13,38"/><V92/><F105/><W77/><G123/><T86/><D120/><U12/><E70/><V11/><F117/><W22/><G68/><T62/><D116/><U24/><E101/><V106/><F106/><W0/><G13/><T45/><D96/><U17/><E35/><V53/><F133/><W25/><G29/><N who="2" m="11337" /><F128/><W84/><G84/><T32/><D32/><U73/><E36/><N who="3" m="13866" /><G25/><T127/><D86/><U5/><E40/><V79/><F79/><W75/><G41/><T63/><D127/><U134/><E134/><V107/><F107/><W49/><G49/><T65/><D65/><U111/><E111/><V34/><F34/><W1/><G64/><T131/><D131/><U14/><E73/><V33/><F33/><W125/><G125/><T37/><D37/><U114/><E114/><V81/><F23/><W89/><G89/><T71/><D71/><U118/><E78/><V19/><F19/><W85/><G85/><T3/><D3/><U16/><E118/><V102/><F102/><W69/><G69/><T59/><D47/><U43/><E43/><AGARI ba="0,0" hai="15,18,21,43,45,48,50,55,56,58,59,61,62,63" machi="43" ten="40,1300,0" yaku="8,1" doraHai="90" who="0" fromWho="1" sc="568,13,238,-13,5,0,189,0" /><INIT seed="7,0,0,2,0,41" ten="581,225,5,189" oya="3" hai0="44,106,98,103,88,83,107,77,17,93,121,66,61" hai1="128,51,87,68,127,133,11,76,124,21,1,48,36" hai2="102,134,123,117,115,5,8,29,118,30,67,112,101" hai3="15,100,14,40,90,126,16,25,46,113,86,120,110"/><W60/><G120/><T108/><D108/><U92/><E36/><V18/><F67/><W71/><G100/><T95/><D121/><U47/><E68/><V53/><F53/><W56/><G71/><T57/><D17/><U62/><E62/><V72/><F72/><W27/><G126/><N who="1" m="48170" /><E51/><V94/><F94/><W54/><G113/><T63/><D63/><U105/><E105/><V79/><F79/><W74/><G74/><T4/><D4/><U85/><E76/><V20/><F102/><W52/><G14/><T58/><D58/><U64/><E64/><V104/><F101/><W22/><G110/><T23/><D23/><U59/><E59/><V69/><F104/><W122/><G122/><T78/><D44/><U70/><E70/><V10/><F69/><W82/><G54/><T33/><D33/><U28/><E21/><V2/><F123/><W19/><G19/><T135/><D135/><U119/><E133/><V12/><F134/><W75/><G75/><T43/><D43/><U0/><E28/><V45/><F45/><W26/><G26/><T109/><D109/><U6/><E47/><V114/><F20/><W13/><G27/><T9/><D9/><U24/><E11/><V31/><AGARI ba="0,0" hai="2,5,8,10,12,18,29,30,31,112,114,115,117,118" machi="31" ten="40,8000,1" yaku="0,1,15,1,34,3" doraHai="41" who="2" fromWho="2" sc="581,-20,225,-20,5,80,189,-40" owari="561,65.0,205,1.0,85,-41.0,149,-25.0" /></mjloggm>