<mjloggm ver="2.3"><GO type="225" lobby="0"/><UN n0="%E5%B0%B1%E6%B4%BB%E7%94%9F%40%E5%B7%9D%E6%9D%91%E8%BB%8D%E5%9B%A3" n1="%E5%85%AC%E5%8B%99%E5%93%A1%E3%81%8F%E3%82%93" n2="%53%65%6E%61%72" n3="%E6%9E%9D%E8%B1%86%E3%82%AB%E3%83%AC%E3%83%BC%E7%94%98%E5%8F%A3" dan="17,17,18,16" rate="2180.01,2135.79,2224.89,2078.48" sx="F,F,M,F"/><TAIKYOKU oya="0"/><INIT seed="0,0,0,3,5,85" ten="250,250,250,250" oya="0" hai0="26,71,42,64,53,47,122,108,40,133,5,44,52" hai1="104,125,94,90,83,119,54,45,35,124,48,39,95" hai2="96,49,87,73,131,12,33,112,113,61,15,115,111" hai3="84,79,78,13,116,23,117,105,11,100,77,3,43"/><T20/><D122/><U76/><E104/><V82/><F111/><W62/><G43/><N who="0" m="16427" /><D71/><U1/><E39/><V50/><F131/><W65/><G23/><T34/><D34/><U7/><E35/><V69/><F73/><W107/><G3/><T88/><D108/><U16/><E119/><V103/><F33/><W67/><G84/><T30/><D5/><U4/><E95/><V19/><F69/><W32/><G32/><T56/><D133/><U57/><E1/><V18/><F61/><W27/><G27/><T51/><D64/><U10/><E124/><V130/><F130/><W102/><G78/><T101/><D101/><U120/><E120/><V9/><F96/><W91/><G13/><T41/><N who="0" m="16435" /><T123/><DORA hai="126" /><D53/><U46/><E125/><V2/><F103/><W75/><G67/><T99/><D123/><U98/><E7/><V106/><F106/><W97/><G102/><T93/><AGARI ba="0,0" hai="20,26,30,44,47,51,52,56,88,93,99" m="16435" machi="93" ten="40,12000,1" yaku="8,1,52,1,54,2" doraHai="85,126" who="0" fromWho="0" sc="250,120,250,-40,250,-40,250,-40" /><INIT seed="0,1,0,4,4,7" ten="370,210,210,210" oya="0" hai0="104,6,123,114,73,58,32,122,54,124,110,81,84" hai1="127,132,40,89,42,9,119,70,92,131,93,126,12" hai2="101,43,133,5,90,34,72,21,14,125,83,45,118" hai3="116,62,79,100,98,120,65,4,117,39,103,24,134"/><T23/><D32/><U60/><E119/><V36/><F34/><W31/><G120/><T55/><D73/><U75/><E75/><V63/><F118/><W16/><G134/><T78/><D104/><U30/><E30/><V10/><F133/><W91/><G79/><T35/><D35/><U48/><E132/><V69/><F125/><N who="1" m="47625" /><E131/><V22/><F101/><W15/><G4/><T11/><D114/><U20/><E20/><V64/><REACH who="2" step="1"/><F90/><REACH who="2" ten="370,210,200,210" step="2"/><W59/><G117/><T99/><D124/><U28/><E89/><V66/><F66/><W76/><G116/><T129/><D129/><U130/><E130/><V61/><F61/><W74/><G100/><T1/><D122/><U37/><E60/><V56/><F56/><W68/><G103/><T44/><D123/><U108/><E70/><V112/><F112/><W87/><G68/><T51/><D110/><U52/><E108/><V105/><F105/><W107/><G107/><T71/><D71/><U82/><E40/><V86/><F86/><W121/><G121/><T50/><D99/><U3/><E42/><V8/><F8/><W94/><G98/><T49/><D23/><U53/><E9/><V27/><F27/><W80/><G24/><T13/><D1/><U97/><E97/><V96/><F96/><W106/><G87/><T41/><D55/><U95/><E3/><V38/><F38/><AGARI ba="1,1" hai="6,11,13,38,41,44,49,50,51,54,58,78,81,84" machi="38" ten="30,2900,0" yaku="7,1,52,1" doraHai="7" who="0" fromWho="2" sc="370,42,210,0,200,-32,210,0" /><INIT seed="0,2,0,4,4,99" ten="412,210,168,210" oya="0" hai0="96,122,72,60,100,54,49,15,85,34,55,25,24" hai1="88,119,98,125,44,101,121,59,40,74,83,106,123" hai2="29,37,133,115,52,84,134,93,30,47,11,90,111" hai3="80,39,91,2,58,9,113,126,105,45,28,118,14"/><T117/><D72/><U120/><E119/><V43/><F115/><W26/><G118/><T102/><D34/><U109/><E59/><V107/><F107/><W19/><G113/><T76/><D96/><U62/><E62/><V27/><F111/><W89/><G126/><T112/><D112/><U12/><E12/><V131/><F131/><W64/><G105/><T127/><D127/><U4/><E4/><V46/><F11/><W130/><G130/><T1/><D1/><U78/><E125/><V63/><F29/><W67/><G2/><T53/><D60/><U81/><E109/><V48/><REACH who="2" step="1"/><F63/><REACH who="2" ten="412,210,158,210" step="2"/><W116/><G116/><T57/><D117/><U22/><E120/><V70/><F70/><W20/><G80/><N who="0" m="47239" /><D122/><U92/><E83/><V8/><F8/><W68/><G68/><T66/><D49/><U79/><E22/><AGARI ba="2,1" hai="22,27,30,37,43,46,47,48,52,84,90,93,133,134" machi="22" ten="40,2600,0" yaku="1,1,54,1,53,0" doraHai="99" doraHaiUra="104" who="2" fromWho="1" sc="412,0,210,-32,158,42,210,0" /><INIT seed="1,0,0,3,2,20" ten="412,178,200,210" oya="1" hai0="92,113,48,125,5,3,11,121,68,105,97,25,60" hai1="49,85,34,47,70,55,120,45,39,91,129,102,36" hai2="65,44,134,41,64,88,108,40,75,29,38,90,135" hai3="109,80,10,73,84,104,32,124,114,112,106,87,22"/><U43/><E120/><V72/><F29/><W4/><G32/><T117/><D113/><U33/><E129/><V53/><F53/><W83/><G73/><N who="2" m="28233" /><F135/><W7/><G22/><T76/><D105/><U52/><E70/><V94/><F134/><W122/><G10/><T133/><D133/><U54/><E102/><V96/><F41/><W132/><G132/><T98/><D125/><U26/><E36/><V27/><F90/><W18/><G18/><T130/><D130/><U93/><REACH who="1" step="1"/><E34/><REACH who="1" ten="412,168,200,210" step="2"/><V78/><F38/><W61/><G122/><T12/><D68/><U63/><E63/><V42/><F65/><W69/><G69/><T28/><D60/><U101/><E101/><V15/><F64/><W23/><G61/><T58/><D121/><U21/><E21/><V2/><F40/><W95/><G23/><N who="0" m="15423" /><D117/><U62/><E62/><V81/><F42/><W118/><G118/><T123/><D123/><U0/><E0/><V37/><F37/><W77/><G114/><T46/><D3/><U51/><E51/><V56/><F2/><W119/><G119/><T17/><D48/><U116/><E116/><V35/><F35/><W89/><G112/><T100/><D100/><U31/><AGARI ba="0,1" hai="26,31,33,39,43,45,47,49,52,54,55,85,91,93" machi="31" ten="30,11700,0" yaku="1,1,0,1,52,1,54,1,53,0" doraHai="20" doraHaiUra="126" who="1" fromWho="1" sc="412,-39,168,127,200,-39,210,-39" /><INIT seed="1,1,0,3,5,88" ten="373,295,161,171" oya="1" hai0="84,14,11,82,26,36,21,76,119,135,81,66,101" hai1="60,83,102,29,80,32,38,74,8,91,111,123,63" hai2="98,1,92,46,55,48,43,89,12,99,53,71,41" hai3="118,79,2,7,104,17,125,112,24,56,27,128,31"/><U34/><E123/><V70/><F1/><W121/><G79/><T3/><D3/><U10/><E38/><V52/><F43/><W114/><G56/><T97/><D119/><U39/><E39/><V132/><F132/><W75/><G75/><T116/><D116/><U62/><E111/><V122/><F122/><W59/><G59/><T106/><D36/><U72/><E102/><V20/><REACH who="2" step="1"/><F99/><REACH who="2" ten="373,295,151,171" step="2"/><W50/><G121/><T42/><D42/><U87/><E72/><V35/><F35/><W54/><G118/><T18/><D135/><U30/><E74/><V22/><F22/><W13/><G114/><T37/><D37/><U58/><E34/><V129/><F129/><W69/><G128/><T100/><D66/><U5/><E32/><V134/><F134/><W47/><G112/><T96/><D96/><U23/><E23/><V133/><F133/><W57/><G125/><T61/><D97/><U73/><E73/><V94/><F94/><W124/><G124/><T115/><D106/><U0/><E0/><V65/><F65/><W110/><G104/><T19/><D82/><U127/><E80/><V4/><F4/><W77/><G110/><T95/><D95/><U90/><E5/><V103/><F103/><W109/><G109/><T105/><D105/><U68/><E127/><V49/><F49/><W113/><G113/><T25/><D115/><U108/><E83/><V107/><F107/><W6/><G2/><T45/><D101/><U64/><E108/><V9/><F9/><W15/><G6/><N who="0" m="3447" /><D100/><U33/><E33/><V93/><F93/><W85/><G7/><RYUUKYOKU ba="1,1" sc="373,-10,295,-10,151,30,171,-10" hai2="12,20,41,46,48,52,53,55,70,71,89,92,98" /><INIT seed="2,2,1,1,2,125" ten="363,285,181,161" oya="2" hai0="20,19,3,39,58,49,34,112,54,123,99,33,83" hai1="131,16,41,113,127,7,25,72,71,46,64,91,67" hai2="66,57,126,107,75,118,81,60,11,80,22,48,102" hai3="98,59,109,73,13,133,40,132,28,120,86,36,53"/><V89/><F118/><W93/><G120/><T117/><D123/><U70/><E72/><V122/><F122/><W21/><G73/><T17/><D3/><U9/><E113/><V85/><F126/><W68/><G68/><T105/><D112/><U88/><E127/><V130/><F130/><W14/><G109/><T78/><D39/><U95/><E131/><V37/><F37/><W12/><G86/><T108/><D108/><U27/><E71/><V101/><F107/><W4/><G4/><T35/><D117/><U69/><E69/><V97/><F97/><W0/><G0/><T8/><D8/><U43/><E70/><V104/><F104/><W51/><G40/><T56/><D56/><U110/><E110/><V76/><F48/><W42/><G42/><T115/><D115/><U135/><E135/><N who="3" m="51786" /><G36/><T32/><D20/><N who="1" m="13447" /><E27/><V6/><REACH who="2" step="1"/><F22/><REACH who="2" ten="363,285,171,161" step="2"/><W84/><G84/><T10/><D33/><U90/><E43/><V111/><F111/><W29/><G21/><T79/><D99/><U119/><E119/><V63/><F63/><W106/><G106/><T1/><D105/><U5/><E41/><V18/><F18/><W116/><G116/><T74/><D78/><U121/><E121/><V114/><F114/><W96/><G96/><T52/><D19/><U128/><E128/><V23/><F23/><W47/><G47/><T31/><D17/><U55/><E46/><V15/><AGARI ba="2,2" hai="6,11,15,57,60,66,75,76,80,81,85,89,101,102" machi="15" ten="20,7800,0" yaku="1,1,0,1,7,1,53,1" doraHai="125" doraHaiUra="87" who="2" fromWho="2" sc="363,-28,285,-28,171,104,161,-28" /><INIT seed="2,3,0,5,4,132" ten="335,257,275,133" oya="2" hai0="100,83,101,70,99,4,58,71,25,122,75,0,66" hai1="7,67,48,82,21,46,90,57,135,108,38,3,130" hai2="23,72,95,78,134,77,93,96,107,9,55,15,61" hai3="129,51,8,87,42,22,20,106,81,49,16,26,56"/><V103/><F134/><W45/><G106/><T84/><D122/><U31/><E108/><V43/><F43/><W131/><G131/><T91/><D75/><U2/><E130/><V11/><F107/><W40/><G129/><T126/><D126/><U112/><E112/><V35/><F35/><W5/><G56/><T32/><D100/><U73/><E135/><V18/><F93/><W94/><G94/><T24/><D4/><U111/><E111/><V74/><F74/><W123/><G123/><T19/><D0/><U104/><E104/><V64/><F55/><W52/><G22/><T1/><D1/><U60/><E38/><V69/><F72/><W29/><G29/><T41/><D41/><U119/><E119/><V30/><F30/><W47/><G51/><T54/><D66/><U109/><E7/><V105/><F105/><W37/><G47/><T97/><D101/><U88/><E109/><V65/><F65/><W92/><G92/><T59/><D59/><U34/><E34/><V14/><F23/><W68/><G68/><T79/><D79/><N who="1" m="44399" /><E21/><V127/><F127/><W114/><G114/><T98/><D32/><U63/><E31/><V33/><F33/><W10/><G37/><T86/><D86/><U116/><E116/><V117/><F117/><W118/><G118/><T128/><D128/><U39/><E39/><V124/><F124/><W13/><G10/><T89/><D89/><AGARI ba="3,0" hai="5,8,13,16,20,26,40,42,45,49,52,81,87,89" machi="89" ten="30,7700,0" yaku="7,1,8,1,54,2" doraHai="132" who="3" fromWho="0" sc="335,-86,257,0,275,0,133,86" /><INIT seed="3,0,0,2,5,89" ten="249,257,275,219" oya="3" hai0="87,8,61,93,13,44,36,54,113,65,30,72,17" hai1="126,2,40,108,55,83,112,50,80,33,22,23,60" hai2="119,81,111,122,7,21,24,16,46,62,45,39,103" hai3="124,20,37,59,9,57,102,92,1,10,3,48,47"/><W4/><G37/><T110/><D72/><U28/><E112/><V131/><F119/><W34/><G34/><T118/><D110/><U74/><E2/><V123/><F111/><W58/><G124/><T127/><D118/><U41/><E126/><V71/><F131/><W52/><G20/><T66/><D127/><U12/><E108/><V84/><F7/><W86/><G9/><T134/><D134/><U15/><E60/><V31/><F31/><W64/><G3/><T29/><D113/><U78/><E83/><V25/><F25/><W79/><G79/><T94/><D87/><U5/><E5/><V117/><F117/><W109/><G109/><T115/><D115/><U82/><E82/><V129/><F103/><W120/><G120/><N who="2" m="46121" /><F39/><W70/><G70/><T19/><D19/><U6/><E33/><V56/><F71/><W90/><REACH who="3" step="1"/><G102/><REACH who="3" ten="249,257,275,209" step="2"/><T114/><D36/><U18/><E28/><N who="0" m="10857" /><D114/><U0/><E0/><V43/><F129/><W116/><G116/><T49/><D61/><AGARI ba="0,1" hai="1,4,10,47,48,52,57,58,59,61,64,86,90,92" machi="61" ten="40,18000,2" yaku="1,1,52,1,54,1,53,3" doraHai="89" doraHaiUra="53" who="3" fromWho="0" sc="249,-180,257,0,275,0,209,190" owari="69,-43.0,257,-14.0,275,8.0,399,49.0" /></mjloggm>