<mjloggm ver="2.3"><GO type="41" lobby="0"/><UN n0="%E5%B0%B1%E6%B4%BB%E7%94%9F%40%E5%B7%9D%E6%9D%91%E8%BB%8D%E5%9B%A3" n1="%73%70%61%68%61%2C%2C" n2="%E9%B3%B4%E3%81%8D%E3%81%AE%E7%AB%9C" n3="%E3%81%AF%E3%81%90%E3%82%8A%E3%82%93%EF%BC%A0" dan="17,13,14,16" rate="2228.27,2048.68,1921.32,1977.39" sx="M,M,M,M"/><TAIKYOKU oya="0"/><INIT seed="0,0,0,5,3,61" ten="250,250,250,250" oya="0" hai0="96,93,84,113,66,19,78,105,10,73,62,16,29" hai1="95,63,94,5,12,50,35,68,53,26,76,121,47" hai2="106,54,67,108,86,39,11,118,123,89,109,30,1" hai3="129,7,115,116,134,37,102,87,59,91,17,34,103"/><T130/><D113/><U112/><E121/><V9/><F123/><W3/><G116/><T74/><D130/><U92/><E76/><V122/><F122/><W90/><G134/><T127/><D127/><U71/><E112/><V32/><F106/><W38/><G34/><T126/><D126/><U85/><E35/><V0/><F118/><W72/><G72/><T52/><D29/><U56/><E26/><N who="2" m="18519" /><F67/><W104/><G17/><T69/><D105/><U48/><E48/><V125/><F39/><W33/><G33/><T27/><D27/><U119/><E85/><V46/><F125/><W110/><G87/><T55/><D74/><U114/><E114/><V97/><F97/><W45/><G104/><T99/><D73/><U20/><E119/><V44/><F54/><W77/><G77/><T131/><D131/><U15/><E15/><V21/><F21/><W98/><G98/><T8/><D96/><U40/><E20/><V31/><F31/><W132/><G3/><N who="2" m="1097" /><F46/><W135/><G45/><T18/><D78/><U57/><REACH who="1" step="1"/><E56/><REACH who="1" ten="250,240,250,250" step="2"/><V111/><F44/><W22/><G59/><N who="0" m="37215" /><D84/><U65/><E65/><V107/><F11/><AGARI ba="0,1" hai="5,11,12,40,47,50,53,57,63,68,71,92,94,95" machi="11" ten="40,1300,0" yaku="1,1,53,0" doraHai="61" doraHaiUra="83" who="1" fromWho="2" sc="250,0,240,23,250,-13,250,0" /><INIT seed="1,0,0,1,4,132" ten="250,263,237,250" oya="1" hai0="108,116,107,90,113,43,128,106,27,103,94,117,87" hai1="5,70,63,131,49,81,120,104,31,126,6,7,86" hai2="3,96,97,91,82,37,65,34,78,57,62,100,125" hai3="69,19,4,47,33,17,50,14,42,13,61,102,80"/><U68/><E104/><V44/><F3/><W58/><G33/><T129/><D43/><U105/><E105/><N who="0" m="39945" /><D27/><U135/><E135/><V83/><F34/><W39/><G102/><T77/><D113/><U127/><E120/><V74/><F125/><N who="1" m="47625" /><E31/><V60/><F60/><W76/><G69/><T124/><D124/><U15/><E131/><N who="0" m="50249" /><D108/><U11/><E49/><V53/><F100/><W54/><G39/><T64/><D64/><N who="1" m="40991" /><E70/><V130/><F130/><W84/><G14/><T111/><D111/><U72/><E72/><V30/><F30/><W0/><G0/><T52/><D52/><U92/><E92/><V123/><F123/><W40/><G42/><T18/><D18/><U32/><E32/><V16/><F37/><W28/><G28/><T25/><D94/><U26/><E26/><V88/><F74/><W51/><G50/><T9/><D25/><U22/><E22/><V79/><F83/><W67/><G54/><T93/><D93/><U35/><E35/><V114/><F114/><W8/><AGARI ba="0,0" hai="4,8,13,17,19,40,47,51,58,61,67,76,80,84" machi="8" ten="30,7900,0" yaku="0,1,25,2,8,1" doraHai="132" who="3" fromWho="3" sc="250,-20,263,-39,237,-20,250,79" /><INIT seed="2,0,0,2,5,0" ten="230,224,217,329" oya="2" hai0="13,92,68,87,22,114,15,73,77,129,5,72,109" hai1="9,12,4,117,122,35,8,123,71,36,101,49,46" hai2="70,11,57,128,82,132,40,34,126,86,67,113,17" hai3="74,125,59,88,106,58,130,1,52,110,99,7,107"/><V19/><F113/><W121/><G110/><T91/><D114/><U26/><E71/><V38/><F70/><W39/><G121/><N who="1" m="46090" /><E101/><V105/><F105/><W79/><G39/><T104/><D109/><U133/><E36/><V18/><F132/><W2/><G59/><T43/><D129/><U81/><E81/><V100/><F128/><W80/><G130/><T24/><D68/><U27/><E49/><V119/><F119/><W53/><G53/><T60/><D104/><U20/><E46/><V75/><F34/><W98/><G98/><T120/><D120/><U124/><E133/><V89/><F75/><W95/><G125/><T78/><D43/><U102/><E102/><V127/><F100/><W45/><G45/><T111/><D111/><U56/><E56/><V61/><REACH who="2" step="1"/><F11/><REACH who="2" ten="230,224,207,329" step="2"/><W62/><G106/><T30/><D73/><U48/><E117/><V64/><F64/><W96/><G107/><T54/><D72/><U131/><E131/><V66/><F66/><W23/><G74/><T28/><D77/><U51/><E124/><V47/><AGARI ba="0,1" hai="17,18,19,38,40,47,57,61,67,82,86,89,126,127" machi="47" ten="30,3000,0" yaku="1,1,0,1,53,0" doraHai="0" doraHaiUra="97" who="2" fromWho="2" sc="230,-10,224,-10,207,40,329,-10" /><INIT seed="2,1,0,0,0,73" ten="220,214,247,319" oya="2" hai0="86,22,60,14,80,6,98,65,72,93,75,70,88" hai1="61,115,3,91,116,1,126,54,20,97,63,42,84" hai2="55,100,45,38,133,123,31,108,12,18,113,0,81" hai3="131,112,25,128,53,24,36,5,79,127,134,23,27"/><V67/><F123/><W124/><G36/><T114/><D114/><U57/><E116/><V119/><F119/><W107/><G107/><T118/><D118/><U9/><E115/><V77/><F0/><W103/><G103/><T130/><D130/><N who="3" m="49705" /><G112/><T33/><D33/><U46/><E97/><V35/><F113/><W29/><G5/><T48/><D48/><U90/><E90/><V34/><F67/><W64/><G64/><T52/><D52/><U111/><E111/><V47/><F133/><W68/><G68/><T28/><D28/><U30/><E9/><V62/><F100/><W32/><G79/><T49/><D49/><U43/><E43/><V17/><F108/><W69/><G69/><T83/><D83/><U11/><E11/><V56/><F18/><N who="3" m="12407" /><G53/><T92/><D92/><U40/><E40/><V94/><F94/><W10/><G10/><T117/><D117/><U19/><E63/><V132/><F132/><W106/><G106/><T101/><REACH who="0" step="1"/><D6/><REACH who="0" ten="210,214,247,319" step="2"/><U66/><E30/><V4/><F4/><W104/><G104/><T78/><D78/><U120/><E54/><V99/><F31/><N who="3" m="19567" /><G134/><T13/><D13/><U102/><E66/><V121/><F12/><W89/><G89/><T50/><D50/><U87/><E91/><V82/><F38/><W110/><G110/><T105/><D105/><U95/><E95/><V85/><F77/><W135/><G135/><T122/><D122/><U8/><E120/><V7/><F121/><W129/><G129/><T74/><D74/><U76/><E76/><V125/><F82/><W39/><G39/><T2/><D2/><RYUUKYOKU ba="1,1" sc="210,15,214,-15,247,-15,319,15" hai0="14,22,60,65,70,72,75,80,86,88,93,98,101" hai3="27,29,124,127" /><INIT seed="3,2,1,4,3,79" ten="225,199,232,334" oya="3" hai0="13,49,2,130,98,30,35,61,69,10,36,66,59" hai1="87,28,126,44,105,60,21,63,85,56,128,106,50" hai2="135,12,103,123,100,115,118,116,131,113,39,112,19" hai3="133,76,31,121,9,52,8,134,47,82,88,40,22"/><W3/><G121/><T55/><D130/><U53/><E28/><V25/><F39/><W34/><G34/><T38/><D2/><U71/><E71/><V68/><F68/><W77/><G77/><T81/><D98/><U122/><E122/><V132/><F123/><W1/><G1/><T37/><D30/><U26/><E128/><V78/><F131/><W24/><G3/><T114/><D114/><U14/><E126/><V48/><F48/><N who="3" m="28703" /><G40/><T64/><D64/><U120/><E120/><V11/><F78/><W102/><G102/><T67/><D67/><U54/><E63/><V23/><F103/><W75/><G88/><T99/><D99/><U111/><E14/><V107/><F100/><W72/><G72/><T92/><D92/><U17/><E111/><V125/><F107/><W57/><G57/><T41/><D35/><U74/><E74/><V45/><F45/><W62/><G62/><T42/><REACH who="0" step="1"/><D81/><REACH who="0" ten="215,199,232,334" step="2"/><U46/><E105/><V73/><F125/><W5/><G31/><T83/><D83/><U0/><E106/><V18/><REACH who="2" step="1"/><F73/><REACH who="2" ten="215,199,222,334" step="2"/><W119/><G75/><T27/><D27/><U93/><E0/><V84/><F84/><W70/><G24/><T94/><D94/><U96/><REACH who="1" step="1"/><E44/><REACH who="1" ten="215,189,222,334" step="2"/><V129/><F129/><W7/><G76/><T90/><D90/><AGARI ba="2,4" hai="17,21,26,46,50,53,54,56,60,85,87,90,93,96" machi="90" ten="30,12000,2" yaku="1,1,2,1,7,1,25,2,8,1,53,0" doraHai="79" doraHaiUra="108" who="1" fromWho="0" sc="215,-126,189,166,222,0,334,0" /><INIT seed="4,0,0,2,4,120" ten="89,355,222,334" oya="0" hai0="94,74,126,99,62,105,90,122,9,82,100,54,27" hai1="81,11,102,113,131,49,114,3,36,103,86,73,115" hai2="84,16,18,55,47,80,111,20,68,127,119,25,38" hai3="15,70,95,64,65,112,69,6,2,58,96,134,83"/><T121/><D126/><U10/><E36/><V12/><F68/><W63/><G2/><T40/><D40/><U116/><E116/><V98/><F127/><W5/><G112/><T1/><D1/><U56/><E73/><V46/><F119/><W60/><G134/><T109/><D9/><N who="1" m="3083" /><E3/><V135/><F135/><W53/><G15/><T106/><D27/><U52/><E131/><V128/><F128/><W91/><REACH who="3" step="1"/><G83/><REACH who="3" ten="89,355,222,324" step="2"/><T51/><D62/><AGARI ba="0,1" hai="5,6,53,58,60,62,63,64,65,69,70,91,95,96" machi="62" ten="30,8000,1" yaku="1,1,2,1,7,1,9,1,53,1" doraHai="120" doraHaiUra="85" who="3" fromWho="0" sc="89,-80,355,0,222,0,324,90" /><INIT seed="5,0,0,4,4,65" ten="9,355,222,414" oya="1" hai0="67,33,37,85,51,49,4,26,115,7,96,17,72" hai1="104,0,101,77,10,32,120,70,98,35,62,124,88" hai2="103,127,31,6,12,45,66,73,15,30,54,92,74" hai3="42,59,126,25,47,11,128,53,50,84,34,29,27"/><U28/><E120/><V118/><F118/><W20/><G126/><T44/><D72/><U123/><E123/><V133/><F127/><W122/><G122/><T60/><D115/><U57/><E77/><V87/><F133/><W68/><G128/><T107/><D37/><U5/><E57/><V48/><F66/><W83/><G68/><N who="0" m="42087" /><D107/><U24/><E35/><V130/><F130/><W95/><G11/><T99/><D85/><U110/><E124/><V105/><F105/><W41/><G95/><T86/><D86/><U116/><E116/><V21/><F74/><W46/><G46/><T109/><D109/><U135/><E135/><V43/><F73/><W75/><G75/><T14/><D14/><U9/><E9/><N who="2" m="4151" /><F54/><W134/><G47/><T38/><D17/><U93/><E110/><V97/><F87/><W13/><G13/><T2/><D51/><U56/><E56/><V132/><F132/><W19/><REACH who="3" step="1"/><G134/><REACH who="3" ten="9,355,222,404" step="2"/><T119/><D119/><U100/><REACH who="1" step="1"/><E104/><REACH who="1" ten="9,345,222,404" step="2"/><V22/><F15/><W114/><G114/><T23/><D2/><U64/><AGARI ba="0,2" hai="0,5,10,24,28,32,62,64,70,88,93,98,100,101" machi="64" ten="30,12000,1" yaku="1,1,2,1,0,1,52,1,54,1,53,0" doraHai="65" doraHaiUra="131" who="1" fromWho="1" sc="9,-40,345,140,222,-40,404,-40" owari="-31,-53.0,485,59.0,182,-22.0,364,16.0" /></mjloggm>