<mjloggm ver="2.3"><GO type="169" lobby="0"/><UN n0="%EF%BC%B3%E3%81%9E%E3%81%88%E2%98%86" n1="%E5%B0%B1%E6%B4%BB%E7%94%9F%40%E5%B7%9D%E6%9D%91%E8%BB%8D%E5%9B%A3" n2="%74%61%63%6F%73" n3="%E5%BE%A9%E8%AE%90%E3%81%A1%E3%82%83%E3%82%93" dan="16,17,16,17" rate="2018.11,2176.20,2117.16,2236.83" sx="M,M,M,F"/><TAIKYOKU oya="0"/><INIT seed="0,0,0,4,1,16" ten="250,250,250,250" oya="0" hai0="1,31,42,117,67,74,60,109,118,17,133,130,84" hai1="102,101,63,111,81,32,105,25,14,23,24,62,92" hai2="110,8,125,106,46,77,49,73,59,80,37,41,5" hai3="15,65,21,50,134,120,33,56,79,52,44,61,30"/><T27/><D74/><U124/><E105/><V96/><F110/><W86/><G134/><T11/><D133/><U75/><E111/><V28/><F28/><W39/><G120/><T107/><D109/><U64/><E124/><V71/><F71/><W36/><G33/><T131/><D42/><U22/><E32/><V87/><F125/><W121/><G121/><T34/><D84/><U114/><E114/><V82/><F106/><W7/><G7/><N who="0" m="1519" /><D17/><N who="1" m="12367" /><E75/><V48/><F96/><W12/><G39/><T91/><D91/><U135/><E135/><V0/><REACH who="2" step="1"/><F59/><REACH who="2" ten="250,250,240,250" step="2"/><W10/><G30/><T35/><D107/><U66/><E81/><V68/><F68/><W112/><G112/><T13/><D31/><N who="1" m="17855" /><E92/><V58/><F58/><W40/><G56/><T113/><D113/><U69/><E69/><V104/><F104/><W54/><G65/><N who="1" m="25194" /><E102/><V51/><F51/><W127/><G50/><T88/><D118/><U55/><E101/><V45/><F45/><W6/><G44/><T93/><D117/><U95/><E95/><V38/><F38/><W19/><G36/><T26/><D93/><U78/><E55/><V70/><F70/><W72/><G54/><T18/><D67/><U85/><E85/><V53/><F53/><W128/><G86/><T103/><D103/><U43/><E43/><V57/><F57/><W123/><G40/><T4/><D131/><U99/><E99/><V108/><F108/><W116/><G128/><T119/><D130/><U132/><E132/><V94/><F94/><W122/><G123/><T9/><D119/><U98/><E98/><V100/><F100/><RYUUKYOKU ba="0,1" sc="250,-10,250,-10,240,30,250,-10" hai2="0,5,8,37,41,46,48,49,73,77,80,82,87" /><INIT seed="1,1,1,1,1,113" ten="240,240,270,240" oya="1" hai0="68,88,81,65,108,29,74,51,5,117,0,75,44" hai1="55,94,124,28,133,104,123,71,23,2,54,121,90" hai2="18,60,35,83,91,89,47,109,98,93,17,63,99" hai3="24,9,22,61,85,6,50,42,19,125,58,57,39"/><U77/><E104/><V48/><F35/><W122/><G122/><T46/><D29/><U132/><E71/><V129/><F109/><W107/><G107/><T12/><D0/><U114/><E2/><V96/><F129/><W64/><G125/><T37/><D37/><U127/><E77/><V86/><F60/><W119/><G39/><T76/><D108/><U52/><E114/><V10/><F63/><W134/><G134/><N who="1" m="51818" /><E23/><V106/><F106/><W14/><G119/><T32/><D65/><U105/><E28/><V40/><REACH who="2" step="1"/><F10/><REACH who="2" ten="240,240,260,240" step="2"/><W16/><G85/><AGARI ba="1,2" hai="17,18,40,47,48,83,85,86,89,91,93,96,98,99" machi="85" ten="40,5200,0" yaku="1,1,2,1,8,1,53,0" doraHai="113" doraHaiUra="131" who="2" fromWho="3" sc="240,0,240,0,260,75,240,-55" /><INIT seed="2,0,0,1,5,126" ten="240,240,335,185" oya="2" hai0="74,99,7,32,111,72,122,85,53,81,128,15,118" hai1="71,46,0,54,107,64,9,130,21,16,5,26,96" hai2="127,112,50,93,59,124,51,135,33,120,77,123,20" hai3="119,22,103,125,62,86,45,25,47,38,101,66,2"/><V88/><F33/><W89/><G2/><T98/><D32/><U87/><E71/><V13/><F112/><W134/><G119/><T76/><D7/><U4/><E4/><V41/><F77/><W92/><G125/><N who="2" m="48201" /><F135/><W100/><G38/><T79/><D15/><U39/><E64/><V68/><F68/><W57/><REACH who="3" step="1"/><G134/><REACH who="3" ten="240,240,335,175" step="2"/><T67/><D118/><U44/><E39/><V58/><F120/><W113/><G113/><T49/><D122/><U19/><E107/><V27/><F123/><W48/><G48/><T129/><D49/><U84/><E0/><V78/><F50/><W116/><G116/><T61/><D61/><U104/><E104/><V91/><F51/><W40/><G40/><T97/><D111/><U70/><E46/><V105/><F41/><W114/><G114/><T43/><D43/><U117/><E44/><V35/><F105/><W34/><G34/><T6/><D67/><U108/><E117/><V82/><F35/><W55/><G55/><T132/><D53/><U95/><E54/><V12/><F59/><W28/><AGARI ba="0,1" hai="22,25,28,45,47,57,62,66,86,89,92,100,101,103" machi="28" ten="30,7900,0" yaku="1,1,0,1,8,1,53,1" doraHai="126" doraHaiUra="63" who="3" fromWho="3" sc="240,-20,240,-20,335,-39,175,89" /><INIT seed="3,0,0,0,4,58" ten="220,220,296,264" oya="3" hai0="81,30,64,38,34,10,31,79,45,84,85,78,3" hai1="40,24,23,55,75,66,115,100,11,6,70,128,41" hai2="26,28,93,36,119,122,56,108,116,22,133,88,102" hai3="72,127,107,98,51,46,67,126,92,29,69,103,95"/><W99/><G72/><T110/><D110/><U71/><E115/><V113/><F113/><W129/><G129/><T33/><D64/><U114/><E75/><V97/><F36/><W60/><G29/><T54/><D54/><U90/><E114/><V131/><F108/><W47/><G107/><T104/><D104/><U2/><E128/><V1/><F1/><W83/><G83/><T94/><D3/><U48/><E100/><V120/><F131/><W86/><G86/><T25/><D10/><U130/><E130/><V62/><F133/><W7/><G7/><T121/><D121/><N who="2" m="46698" /><F102/><W0/><G0/><T101/><D101/><U65/><E90/><V87/><F87/><W16/><G95/><T74/><D79/><U27/><E27/><V35/><F35/><W17/><G99/><T5/><D94/><U8/><E8/><V105/><F105/><W50/><G50/><T112/><D112/><U109/><E109/><V132/><F132/><W73/><G73/><T14/><D85/><U21/><E21/><V124/><F124/><N who="3" m="47659" /><G47/><T61/><D45/><U59/><E70/><V117/><F119/><W32/><G32/><T77/><D34/><U63/><REACH who="1" step="1"/><E65/><AGARI ba="0,0" hai="22,26,28,56,62,65,88,93,97,116,117" m="46698" machi="65" ten="30,3900,0" yaku="13,1,52,1,54,1" doraHai="58" who="2" fromWho="1" sc="220,0,220,-39,296,39,264,0" /><INIT seed="4,0,0,1,2,47" ten="220,181,335,264" oya="0" hai0="102,85,134,20,14,6,130,120,132,110,2,94,107" hai1="3,49,95,122,5,65,19,37,15,60,129,25,61" hai2="50,119,63,115,135,38,57,113,33,34,112,105,126" hai3="111,41,69,116,54,78,86,11,73,108,16,39,118"/><T88/><D120/><U127/><E37/><V46/><F105/><W32/><G73/><T21/><D130/><U52/><E122/><V98/><F38/><W103/><G32/><T109/><D107/><U74/><E74/><V70/><F70/><W43/><G69/><T123/><D123/><U58/><E3/><V133/><F98/><W97/><G39/><T10/><D102/><U71/><E129/><V104/><F104/><W81/><G116/><T114/><D114/><U42/><E127/><V1/><F1/><W83/><G118/><T79/><D79/><U59/><E5/><V22/><F22/><N who="0" m="8810" /><D2/><U66/><E25/><V68/><F68/><W31/><G31/><T124/><D124/><U93/><E42/><N who="2" m="24919" /><F126/><W72/><G103/><T0/><D0/><U77/><E77/><V62/><F62/><W100/><G100/><T82/><D94/><U51/><E51/><V55/><F119/><W90/><G78/><T67/><D67/><U23/><AGARI ba="0,0" hai="15,19,23,49,52,58,59,60,61,65,66,71,93,95" machi="23" ten="20,5200,0" yaku="0,1,7,1,52,1,54,1" doraHai="47" who="1" fromWho="1" sc="220,-26,181,52,335,-13,264,-13" /><INIT seed="5,0,0,5,5,3" ten="194,233,322,251" oya="1" hai0="8,45,63,20,31,102,27,14,111,71,26,78,134" hai1="96,99,84,115,75,43,28,133,94,124,37,50,93" hai2="123,107,129,88,12,80,130,67,112,42,39,110,9" hai3="41,51,97,119,83,36,103,104,47,7,90,85,0"/><U98/><E37/><V60/><F107/><W46/><G119/><T59/><D111/><U68/><E75/><V44/><F110/><W49/><REACH who="3" step="1"/><G47/><REACH who="3" ten="194,233,322,241" step="2"/><T25/><D134/><U54/><E133/><V117/><F117/><W56/><G56/><T30/><D71/><U113/><E124/><V24/><F123/><W18/><G18/><T34/><D45/><U101/><E28/><V108/><F108/><W125/><G125/><T69/><D69/><U17/><E68/><V19/><F112/><N who="1" m="43081" /><E43/><V64/><F42/><W82/><G82/><T5/><D31/><U73/><E73/><V95/><F80/><W121/><G121/><T52/><D34/><U128/><E128/><V57/><F44/><W79/><G79/><T1/><D78/><U10/><E17/><V40/><F129/><W58/><G58/><T23/><D30/><U61/><E61/><V53/><F130/><W127/><G127/><T66/><D59/><U35/><E54/><V105/><F40/><W29/><G29/><T21/><D52/><U120/><E50/><V16/><F39/><W91/><G91/><T86/><D66/><U65/><E65/><V135/><F135/><W126/><G126/><T132/><D63/><U33/><E120/><V15/><F64/><W114/><G114/><T131/><D132/><U74/><E74/><V6/><F67/><W13/><G13/><T89/><D131/><U109/><E109/><V81/><F15/><W55/><G55/><T122/><D122/><U77/><E101/><V87/><F53/><W11/><AGARI ba="0,1" hai="0,7,11,36,41,46,49,51,83,85,90,97,103,104" machi="11" ten="30,7900,0" yaku="1,1,0,1,52,1,53,1" doraHai="3" doraHaiUra="76" who="3" fromWho="3" sc="194,-20,233,-39,322,-20,241,89" /><INIT seed="6,0,0,3,5,59" ten="174,194,302,330" oya="2" hai0="95,26,22,62,28,12,86,60,29,15,34,44,90" hai1="7,91,64,113,134,76,129,120,66,124,17,8,112" hai2="53,32,18,11,45,0,27,74,50,114,2,127,65" hai3="107,1,37,110,71,69,133,61,41,78,48,82,96"/><V89/><F74/><W68/><G110/><T108/><D108/><U109/><E109/><V75/><F75/><W24/><G133/><T132/><D132/><U9/><E134/><V63/><F114/><W121/><G121/><T125/><D125/><U105/><E105/><V70/><F127/><W98/><G37/><T135/><D135/><U14/><E124/><V33/><F89/><W123/><G1/><T119/><D119/><U100/><E100/><V79/><F79/><W54/><G41/><T36/><D36/><U93/><E76/><V13/><REACH who="2" step="1"/><F27/><REACH who="2" ten="174,194,292,330" step="2"/><W6/><G24/><T25/><REACH who="0" step="1"/><D44/><REACH who="0" ten="164,194,292,330" step="2"/><U49/><E120/><V10/><F10/><W46/><G46/><T47/><D47/><U92/><E113/><V30/><F30/><W117/><G123/><T88/><D88/><U3/><E112/><V55/><F55/><W116/><G54/><T73/><D73/><U52/><E91/><V126/><F126/><W4/><G116/><T38/><D38/><U99/><E9/><V103/><F103/><W101/><G101/><T67/><D67/><U16/><E66/><V111/><F111/><W80/><G117/><T31/><D31/><U56/><E64/><V102/><F102/><W87/><G78/><T81/><D81/><U106/><E8/><V83/><F83/><W97/><G82/><T51/><D51/><U131/><E52/><V130/><F130/><W85/><G48/><T77/><D77/><U40/><E131/><V118/><F118/><W42/><G80/><T35/><D35/><AGARI ba="0,2" hai="0,2,11,13,18,32,33,35,45,50,53,63,65,70" machi="35" ten="40,3900,0" yaku="1,1,52,1,53,0" doraHai="59" doraHaiUra="19" who="2" fromWho="0" sc="164,-39,194,0,292,59,330,0" /><INIT seed="6,1,0,3,1,44" ten="125,194,351,330" oya="2" hai0="126,25,12,100,8,9,29,30,10,21,58,80,77" hai1="26,73,64,135,101,17,124,130,88,122,86,36,116" hai2="56,115,94,0,55,5,20,32,49,79,52,118,53" hai3="128,84,69,92,125,46,4,13,103,83,97,68,7"/><V3/><F32/><W74/><G125/><T66/><D126/><U108/><E73/><V106/><F106/><W117/><G117/><T93/><D30/><U11/><E108/><V31/><F118/><W81/><G128/><T35/><D35/><U67/><E36/><V102/><F115/><W15/><G74/><T42/><D42/><U43/><E43/><V63/><F79/><W45/><G84/><T60/><D77/><U54/><E124/><V91/><F102/><W111/><G92/><T82/><REACH who="0" step="1"/><D12/><REACH who="0" ten="115,194,351,330" step="2"/><N who="1" m="7327" /><E122/><V72/><F31/><W129/><G15/><T76/><D76/><U24/><E116/><V38/><F0/><W27/><G13/><T104/><D104/><U110/><E110/><V40/><F3/><W47/><G111/><T48/><D48/><U59/><E135/><V131/><F49/><W57/><G129/><T16/><D16/><U132/><E130/><V6/><F40/><W22/><G7/><T37/><D37/><U34/><E132/><V87/><F38/><W96/><G4/><T133/><D133/><U33/><E33/><V105/><F105/><W41/><G41/><T50/><D50/><N who="1" m="31191" /><E34/><V98/><F131/><W134/><G134/><T112/><D112/><U89/><E26/><V120/><F5/><W18/><G18/><T127/><D127/><U75/><E24/><V123/><F6/><W61/><G27/><T99/><AGARI ba="1,1" hai="8,9,10,21,25,29,58,60,66,80,82,93,99,100" machi="99" ten="30,8000,1" yaku="1,1,0,1,25,2,8,1,53,0" doraHai="44" doraHaiUra="109" who="0" fromWho="0" sc="115,93,194,-21,351,-41,330,-21" /><INIT seed="7,0,0,5,4,132" ten="208,173,310,309" oya="3" hai0="20,135,87,17,44,74,54,47,63,2,56,57,90" hai1="24,32,83,100,111,108,21,116,107,18,105,121,91" hai2="41,39,60,43,126,127,72,131,86,117,5,13,6" hai3="12,133,48,95,0,66,125,71,77,89,110,22,113"/><W51/><G0/><T104/><D74/><U114/><E121/><V76/><F117/><W96/><G133/><T129/><D104/><U35/><E116/><V1/><F131/><W97/><G113/><T11/><D2/><U122/><E122/><V49/><F39/><W70/><G110/><T69/><D69/><U59/><E114/><V120/><F72/><W42/><G71/><T25/><D129/><U82/><E108/><V34/><F34/><W53/><G70/><T46/><D135/><U29/><E111/><V112/><F112/><W3/><G3/><T109/><D11/><U23/><E35/><V81/><F120/><W115/><G115/><T36/><D109/><U64/><E32/><V28/><F28/><W68/><G68/><T98/><D98/><U30/><E100/><V14/><F60/><W38/><G38/><T52/><D36/><U67/><E91/><V9/><F1/><W33/><G33/><T99/><D99/><U118/><E118/><V88/><F88/><W78/><G66/><N who="0" m="39279" /><D56/><U31/><E59/><V124/><F49/><W26/><G96/><T50/><D50/><U128/><E128/><V4/><F14/><W8/><G42/><AGARI ba="0,0" hai="4,5,6,9,13,41,42,43,76,81,86,124,126,127" machi="42" ten="40,8000,1" yaku="18,1,52,3" doraHai="132" who="2" fromWho="3" sc="208,0,173,0,310,80,309,-80" owari="208,-19.0,173,-33.0,390,49.0,229,3.0" /></mjloggm>