<mjloggm ver="2.3"><GO type="169" lobby="0"/><UN n0="%E3%81%8D%E3%81%8F%E3%81%A6%E3%81%83%E3%81%99%E2%98%86" n1="%E3%82%A6%E3%83%AB%E3%83%88%E3%83%A9%E7%AB%8B%E7%9B%B4" n2="%57%6F%6D%62%61%74" n3="%E9%87%8C%E4%B8%AD%E4%BA%9C%E7%9F%A2%E5%AD%90" dan="16,18,16,16" rate="2091.44,2191.69,2055.36,2075.43" sx="M,M,M,M"/><TAIKYOKU oya="0"/><INIT seed="0,0,0,4,3,54" ten="250,250,250,250" oya="0" hai0="5,106,30,90,40,52,131,49,22,2,34,48,32" hai1="60,53,126,83,75,133,82,114,92,61,43,109,67" hai2="101,35,123,70,96,99,17,21,135,64,125,98,19" hai3="97,85,93,91,117,132,120,104,84,39,13,108,45"/><T80/><D106/><U46/><E114/><V38/><F123/><W29/><G117/><T50/><D131/><U129/><E129/><V33/><F125/><W102/><G120/><T94/><D80/><U66/><E126/><V81/><F38/><W95/><G108/><T86/><D86/><U122/><E122/><V15/><F135/><W71/><G71/><T116/><D116/><U134/><E53/><V79/><F64/><W36/><G132/><T72/><D72/><U37/><E92/><V124/><F70/><W118/><G118/><T59/><D40/><U100/><E100/><V110/><F110/><W27/><G13/><T111/><D111/><U107/><E107/><V103/><F124/><W20/><REACH who="3" step="1"/><G45/><REACH who="3" ten="250,250,250,240" step="2"/><T128/><D128/><U112/><E109/><V55/><F15/><W41/><G41/><T23/><D2/><U51/><E46/><V119/><F119/><W18/><G18/><T10/><D30/><U24/><E43/><V76/><F17/><W58/><G58/><T8/><D59/><U130/><E130/><V73/><F19/><W12/><G12/><T7/><D5/><U74/><E112/><V9/><F103/><W14/><G14/><T65/><D7/><U11/><E134/><V4/><F101/><W113/><G113/><T127/><D127/><U44/><E44/><V87/><F4/><W1/><G1/><T57/><D57/><U105/><E133/><V121/><F121/><W31/><G31/><T69/><D69/><U42/><E42/><V77/><F73/><W28/><G28/><T47/><D47/><U89/><E75/><RYUUKYOKU ba="0,1" sc="250,-10,250,-10,250,-10,240,30" hai3="20,27,29,36,39,84,85,91,93,95,97,102,104" /><INIT seed="1,1,1,3,2,54" ten="240,240,240,270" oya="1" hai0="46,97,116,6,67,135,110,45,32,0,101,20,48" hai1="130,22,66,121,88,96,103,19,12,102,64,131,92" hai2="35,72,68,52,119,29,85,75,91,62,114,120,33" hai3="59,26,81,61,8,60,132,47,98,4,74,86,23"/><U28/><E28/><V41/><F119/><W58/><G74/><T65/><D116/><U109/><E121/><V69/><F120/><W99/><G47/><T16/><D32/><U82/><E109/><V31/><F41/><W111/><G111/><T124/><D110/><U38/><E38/><V37/><F37/><W113/><G132/><T106/><D135/><U129/><REACH who="1" step="1"/><E82/><REACH who="1" ten="240,230,240,270" step="2"/><V40/><F29/><N who="3" m="17631" /><G113/><T125/><D124/><U107/><E107/><V70/><F31/><W122/><G122/><T14/><D125/><U95/><E95/><V127/><F114/><W50/><G8/><T112/><D112/><U93/><E93/><V3/><F127/><W2/><G2/><T78/><D0/><U57/><E57/><N who="3" m="21514" /><G4/><T117/><D6/><U42/><E42/><V63/><F40/><W100/><G50/><T44/><D48/><U56/><E56/><V39/><F3/><W13/><G13/><T76/><D44/><U9/><E9/><V105/><F105/><W34/><G34/><T134/><D45/><U123/><E123/><V1/><F1/><W80/><G80/><T25/><D46/><U73/><E73/><V115/><F39/><W77/><G100/><AGARI ba="1,2" hai="12,19,22,64,66,88,92,96,100,102,103,129,130,131" machi="100" ten="40,7700,0" yaku="1,1,19,1,54,1,53,0" doraHai="54" doraHaiUra="24" who="1" fromWho="3" sc="240,0,230,100,240,0,270,-80" /><INIT seed="1,2,0,2,1,92" ten="240,330,240,190" oya="1" hai0="114,57,49,65,111,10,4,90,54,36,32,134,125" hai1="102,73,23,79,5,6,80,99,71,81,22,115,85" hai2="100,67,120,59,17,83,91,64,70,13,108,119,39" hai3="50,121,93,103,101,31,55,63,14,96,37,130,118"/><U113/><E71/><V87/><F120/><W105/><G37/><T21/><D114/><U26/><E6/><V123/><F119/><W109/><G121/><T60/><D32/><U25/><E5/><V107/><F108/><W84/><G109/><T106/><D111/><U19/><E81/><V86/><F39/><W46/><G118/><T52/><D36/><U88/><E79/><V20/><F123/><W94/><G130/><T117/><D117/><U69/><E73/><V11/><F70/><W126/><G126/><T97/><D125/><U3/><E3/><V56/><F100/><W131/><G131/><T72/><D134/><U18/><E69/><V132/><F107/><AGARI ba="2,0" hai="18,19,22,23,25,26,80,85,88,99,102,107,113,115" machi="107" ten="30,11600,0" yaku="7,1,9,1,52,1,54,1" doraHai="92" who="1" fromWho="2" sc="240,0,330,122,240,-122,190,0" /><INIT seed="1,3,0,5,0,132" ten="240,452,118,190" oya="1" hai0="53,108,10,6,47,69,128,90,59,67,87,40,127" hai1="66,38,61,8,45,3,133,21,56,62,51,48,89" hai2="92,97,98,126,79,1,81,15,101,25,130,117,86" hai3="84,85,94,116,41,54,95,26,102,120,107,16,37"/><U104/><E104/><V64/><F1/><W14/><G120/><T134/><D108/><U30/><E133/><V119/><F25/><W60/><G107/><T78/><D134/><U106/><E106/><V32/><F32/><W88/><G26/><T124/><D128/><U72/><E72/><V113/><F64/><W114/><G114/><T23/><D78/><U125/><E89/><V49/><F130/><W74/><G74/><T82/><D23/><U68/><E21/><V39/><F39/><W17/><G116/><T93/><D69/><U57/><E8/><V55/><F113/><W24/><G24/><T76/><D67/><N who="1" m="39343" /><E3/><V65/><F65/><W35/><G35/><T123/><D123/><U7/><E7/><V63/><F63/><W29/><G29/><T9/><D6/><U129/><E30/><V34/><F34/><W11/><G41/><T77/><D47/><U22/><E22/><V52/><F126/><N who="0" m="48170" /><D40/><N who="1" m="22679" /><E125/><V99/><F15/><W33/><G33/><T122/><D122/><U31/><E31/><V12/><F12/><W135/><G135/><T109/><D109/><U71/><E129/><V83/><F117/><W96/><G14/><T58/><D77/><U50/><AGARI ba="3,0" hai="48,50,51,56,62,66,68,71" m="22679,39343" machi="50" ten="30,12000,1" yaku="35,5" doraHai="132" who="1" fromWho="1" sc="240,-43,452,129,118,-43,190,-43" /><INIT seed="1,4,0,5,4,77" ten="197,581,75,147" oya="1" hai0="16,81,65,78,107,52,109,87,63,10,3,76,34" hai1="70,21,86,33,8,19,124,89,116,92,59,30,44" hai2="82,64,23,26,53,111,115,120,104,121,133,117,58" hai3="6,49,83,99,15,114,118,128,95,31,74,98,79"/><U101/><E70/><V9/><F104/><W24/><G114/><T41/><D107/><U130/><E116/><V36/><F36/><W55/><G118/><T12/><D34/><U106/><E124/><V1/><F117/><W80/><G128/><T57/><D109/><U129/><E8/><V13/><F111/><W61/><G61/><T62/><D3/><U100/><E44/><V91/><F115/><W88/><G99/><T66/><D41/><U11/><E11/><V18/><F133/><W46/><G80/><T38/><D38/><U47/><E47/><V17/><F64/><N who="0" m="24682" /><D63/><U71/><E59/><V7/><F82/><W93/><G93/><T60/><D60/><U103/><E71/><V35/><F91/><AGARI ba="4,0" hai="10,12,16,52,57,62,76,78,81,87,91" m="24682" machi="91" ten="30,7700,0" yaku="8,1,52,1,54,2" doraHai="77" who="0" fromWho="2" sc="197,89,581,0,75,-89,147,0" owari="286,9.0,581,67.0,-14,-51.0,147,-25.0" /></mjloggm>