<mjloggm ver="2.3"><GO type="41" lobby="0"/><UN n0="%6F%6F%6F%6F%6F%6F%6C%6C" n1="%4E%2E%4B%2E%2C" n2="%7A%65%6B%79" n3="%E3%82%A6%E3%83%AB%E3%83%88%E3%83%A9%E7%AB%8B%E7%9B%B4" dan="15,15,15,16" rate="1951.47,2013.17,2027.18,2161.62" sx="M,M,F,M"/><TAIKYOKU oya="0"/><INIT seed="0,0,0,0,5,114" ten="250,250,250,250" oya="0" hai0="27,16,12,0,58,26,33,46,40,34,79,60,78" hai1="17,67,86,30,13,125,21,77,98,131,87,69,109" hai2="7,53,100,14,75,72,3,85,10,61,11,64,95" hai3="115,52,116,8,133,90,108,120,83,6,15,70,24"/><T113/><D113/><U106/><E109/><V111/><F111/><W107/><G107/><T68/><D68/><U63/><E131/><V118/><F118/><W49/><G70/><T18/><D0/><U80/><E125/><V91/><F100/><W62/><G115/><T20/><D34/><U99/><E106/><V45/><F45/><W25/><G108/><T65/><D33/><U128/><E128/><V102/><F102/><W130/><G130/><T29/><D29/><U4/><E4/><V55/><F72/><W73/><G116/><T51/><REACH who="0" step="1"/><D27/><REACH who="0" ten="240,250,250,250" step="2"/><U126/><E30/><V23/><F3/><W50/><G25/><T92/><D92/><U117/><E117/><V122/><F95/><W37/><G24/><T110/><D110/><U94/><E126/><V127/><F127/><W121/><G121/><T31/><D31/><U56/><E69/><V103/><F122/><W32/><G32/><T134/><D134/><U76/><E94/><V123/><F123/><W124/><G133/><T22/><AGARI ba="0,1" hai="12,16,18,20,22,26,40,46,51,58,60,65,78,79" machi="22" ten="20,12000,1" yaku="1,1,0,1,7,1,8,1,54,1,53,0" doraHai="114" doraHaiUra="81" who="0" fromWho="0" sc="240,130,250,-40,250,-40,250,-40" /><INIT seed="0,1,0,5,0,15" ten="370,210,210,210" oya="0" hai0="109,25,70,111,1,50,110,108,89,98,84,10,40" hai1="133,107,12,99,105,14,118,54,85,39,8,23,92" hai2="45,37,20,46,132,125,48,106,35,32,63,115,130" hai3="17,131,90,124,102,7,47,19,2,24,120,126,113"/><T34/><D70/><U104/><E118/><V88/><F115/><W86/><G113/><T101/><D34/><U16/><E133/><V61/><F132/><W128/><G102/><T76/><D76/><U9/><E39/><V135/><F135/><W53/><G120/><T6/><D25/><U67/><E67/><V60/><F106/><W44/><G7/><T58/><D40/><U3/><E85/><V59/><F130/><N who="3" m="49707" /><G2/><T51/><D58/><U82/><E82/><V77/><F77/><W27/><G27/><T72/><N who="0" m="27648" /><DORA hai="18" /><T91/><D72/><U93/><E3/><V33/><F125/><N who="3" m="48235" /><G24/><T49/><REACH who="0" step="1"/><D84/><REACH who="0" ten="360,210,210,210" step="2"/><U11/><E99/><V83/><F59/><W29/><G29/><T80/><D80/><U122/><E122/><V31/><F35/><W0/><G47/><T5/><D5/><U62/><E62/><V81/><F60/><W112/><G112/><T4/><D4/><U52/><REACH who="1" step="1"/><E12/><REACH who="1" ten="360,200,210,210" step="2"/><V73/><F63/><W119/><G0/><T71/><D71/><U87/><E87/><V74/><F73/><W114/><G114/><T95/><AGARI ba="1,2" hai="1,6,10,49,50,51,89,91,95,98,101" m="27648" machi="95" ten="60,12000,1" yaku="1,1,0,1,14,1,10,1,53,0" doraHai="15,18" doraHaiUra="127,26" who="0" fromWho="0" sc="360,143,200,-41,210,-41,210,-41" /><INIT seed="0,2,0,3,0,110" ten="503,159,169,169" oya="0" hai0="85,109,30,71,52,56,27,99,104,91,53,3,60" hai1="131,103,42,36,119,112,118,54,106,76,8,23,90" hai2="77,127,33,49,11,115,65,57,0,116,117,72,16" hai3="93,58,97,133,100,94,113,70,15,101,62,12,47"/><T14/><D3/><U82/><E36/><V79/><F33/><W123/><G70/><T29/><D14/><U126/><E42/><V124/><F115/><W102/><G113/><T59/><D109/><U17/><E112/><V98/><F98/><W134/><G47/><T132/><D132/><N who="3" m="50793" /><G123/><T96/><D71/><U122/><E122/><V35/><F35/><W28/><G28/><N who="0" m="10859" /><D27/><U69/><E69/><V128/><F128/><W19/><G94/><N who="0" m="54639" /><D104/><U48/><E131/><V40/><F72/><W87/><G87/><T73/><D73/><U108/><E108/><V2/><F40/><W9/><G15/><T63/><AGARI ba="2,0" hai="52,53,56,59,60,63,96,99" m="54639,10859" machi="63" ten="30,3000,0" yaku="8,1,54,1" doraHai="110" who="0" fromWho="0" sc="503,36,159,-12,169,-12,169,-12" /><INIT seed="0,3,0,5,0,46" ten="539,147,157,157" oya="0" hai0="28,123,56,60,65,67,110,66,35,24,61,124,107" hai1="133,127,99,21,85,130,73,29,37,19,98,42,114" hai2="129,22,43,30,72,17,126,102,95,117,89,44,121" hai3="97,39,83,71,14,64,50,18,3,104,10,113,47"/><T49/><D123/><U51/><E73/><V82/><F121/><W135/><G113/><T32/><D107/><U105/><E114/><V52/><F117/><W2/><G39/><T7/><D7/><U0/><E0/><V118/><F118/><W45/><G135/><T63/><D124/><U111/><E133/><V4/><F4/><W77/><G47/><T112/><D112/><U108/><E37/><V40/><F102/><W59/><G71/><T87/><D87/><U55/><E42/><V27/><F129/><W115/><G115/><T94/><D94/><U134/><E134/><V128/><F128/><W69/><G69/><T119/><D119/><U15/><E130/><V91/><F126/><W122/><G122/><T5/><D5/><U20/><E105/><V81/><F72/><W11/><G11/><T38/><D38/><U131/><E85/><N who="2" m="52719" /><F30/><W1/><G59/><T96/><D96/><U54/><E131/><V53/><F89/><W8/><G64/><T6/><D6/><U88/><E55/><N who="2" m="21067" /><F43/><N who="3" m="24895" /><G97/><T33/><REACH who="0" step="1"/><D110/><REACH who="0" ten="529,147,157,157" step="2"/><U120/><E111/><V92/><F92/><W86/><G104/><T13/><D13/><U93/><E108/><V116/><F116/><W80/><G80/><T84/><D84/><N who="1" m="52359" /><E120/><V26/><F26/><W23/><G2/><T103/><D103/><U79/><E127/><V125/><F125/><W74/><G74/><T36/><D36/><U75/><E75/><V100/><F100/><W101/><G101/><T109/><D109/><U16/><E99/><V58/><F27/><W9/><G3/><T78/><D78/><U41/><E98/><RYUUKYOKU ba="3,1" sc="529,15,147,-15,157,-15,157,15" hai0="24,28,32,33,35,49,56,60,61,63,65,66,67" hai3="1,8,9,10,14,18,23,77,83,86" /><INIT seed="0,4,1,5,1,135" ten="544,132,142,172" oya="0" hai0="30,70,84,34,21,57,109,130,14,8,97,108,103" hai1="127,128,126,125,1,99,49,74,72,71,23,44,118" hai2="132,96,56,94,75,107,82,36,29,88,47,4,111" hai3="50,89,65,77,122,115,9,90,119,22,66,51,60"/><T35/><D70/><U80/><E1/><V16/><F4/><W76/><G9/><T54/><D84/><U105/><E118/><V10/><F132/><W52/><G60/><T15/><D130/><U93/><E105/><V85/><F111/><N who="0" m="42570" /><D15/><U102/><E71/><V134/><F134/><W6/><G6/><N who="0" m="3351" /><D21/><U113/><E113/><V24/><F75/><W7/><G22/><T28/><D35/><U32/><E32/><V42/><F107/><W67/><G7/><T20/><D20/><U3/><E3/><V117/><F117/><W33/><G33/><T131/><D131/><U78/><E128/><V53/><F29/><W59/><G77/><T12/><D12/><U64/><E23/><N who="2" m="13415" /><F10/><W95/><G76/><T26/><D26/><U112/><E112/><V98/><F36/><W61/><G115/><T46/><D46/><U116/><E116/><V68/><F68/><W106/><G119/><T87/><D87/><N who="1" m="48535" /><E64/><V39/><F82/><W27/><G67/><T86/><D86/><U13/><E13/><V11/><F11/><W37/><G65/><T41/><D41/><AGARI ba="4,1" hai="41,44,49,72,74,93,99,102,125,126,127" m="48535" machi="41" ten="30,7700,0" yaku="18,1,52,3" doraHai="135" who="1" fromWho="0" sc="544,-89,132,99,142,0,172,0" /><INIT seed="1,0,0,3,1,121" ten="455,231,142,172" oya="1" hai0="70,58,15,120,80,22,77,7,94,72,81,135,76" hai1="43,47,83,53,64,4,41,118,116,102,112,44,95" hai2="113,60,50,36,99,78,117,114,32,73,1,39,54" hai3="33,57,30,27,49,35,125,106,134,0,46,87,110"/><U20/><E112/><N who="2" m="43115" /><F117/><W5/><G106/><T48/><D70/><U92/><E4/><V132/><F132/><W11/><G134/><T26/><D94/><U17/><E53/><V3/><F32/><W29/><G125/><T111/><D111/><U85/><E64/><V62/><F99/><W51/><G110/><T63/><D48/><U28/><E28/><V69/><F78/><W68/><G68/><T23/><D120/><U91/><E102/><V104/><F73/><W19/><G19/><T131/><D131/><U79/><E95/><V34/><F34/><W107/><G107/><T74/><D26/><U105/><E105/><V38/><F104/><W65/><G87/><T37/><D37/><U115/><E115/><V119/><F119/><W71/><G71/><T67/><D135/><U9/><E9/><AGARI ba="0,0" hai="7,9,15,22,23,58,63,67,72,74,76,77,80,81" machi="9" ten="40,1300,0" yaku="9,1" doraHai="121" who="0" fromWho="1" sc="455,13,231,-13,142,0,172,0" /><INIT seed="2,0,0,0,5,26" ten="468,218,142,172" oya="2" hai0="63,0,9,33,84,132,71,129,75,86,79,85,83" hai1="117,112,88,18,69,115,133,42,8,52,58,38,32" hai2="97,110,41,4,109,67,101,36,127,131,2,82,125" hai3="121,23,35,116,22,80,102,65,16,122,47,17,46"/><V123/><F123/><W5/><G80/><T30/><D132/><U124/><E117/><V55/><F131/><W13/><G102/><T50/><D50/><U113/><E69/><V7/><F67/><W120/><G65/><T56/><D71/><U98/><E133/><V24/><F82/><W21/><G116/><T134/><D129/><U15/><E32/><V6/><F55/><W87/><G87/><T66/><D134/><U10/><E124/><N who="2" m="47691" /><F24/><W31/><G47/><T81/><D0/><U45/><E8/><V60/><F60/><W106/><G46/><T40/><D9/><U74/><E74/><V3/><F41/><W54/><G106/><T105/><D40/><U135/><E135/><V90/><F90/><W92/><G92/><T111/><D111/><N who="2" m="42506" /><F36/><W14/><G54/><T12/><D12/><N who="3" m="4713" /><G5/><T25/><REACH who="0" step="1"/><D105/><AGARI ba="0,0" hai="2,3,4,6,7,97,101,105" m="42506,47691" machi="105" ten="40,7700,0" yaku="18,1,14,1,10,1" doraHai="26" who="2" fromWho="0" sc="468,-77,218,0,142,77,172,0" /><INIT seed="2,1,0,4,2,76" ten="391,218,219,172" oya="2" hai0="119,67,14,66,73,60,125,13,35,11,37,127,100" hai1="82,15,36,34,81,45,109,126,61,0,116,25,6" hai2="24,62,113,65,18,46,63,120,131,22,133,44,21" hai3="16,94,91,117,79,83,122,123,108,114,59,97,124"/><V68/><F120/><W72/><G117/><T86/><D73/><U132/><E116/><V129/><F113/><W78/><G114/><T135/><D35/><U38/><E0/><V103/><F133/><W130/><G130/><N who="2" m="49673" /><F103/><W93/><G59/><T107/><D37/><U95/><E132/><V8/><F8/><W42/><G42/><T28/><D28/><U112/><E112/><V134/><F134/><W105/><G16/><T102/><D119/><U110/><E95/><V74/><F74/><N who="3" m="43479" /><G108/><N who="1" m="41578" /><E126/><V77/><F77/><W32/><G32/><T50/><D50/><U49/><E61/><V30/><F62/><W3/><G3/><T98/><D135/><U23/><E34/><V92/><F92/><N who="3" m="56479" /><G105/><T57/><D127/><U104/><E104/><V33/><F33/><W1/><G1/><T20/><D125/><U40/><E15/><AGARI ba="1,0" hai="15,18,21,22,24,30,44,46,63,65,68" m="49673" machi="15" ten="30,1500,0" yaku="19,1" doraHai="76" who="2" fromWho="1" sc="391,0,218,-18,219,18,172,0" /><INIT seed="2,2,0,4,2,90" ten="391,200,237,172" oya="2" hai0="93,128,18,79,127,17,8,2,15,43,135,13,55" hai1="54,22,6,70,104,40,103,9,132,125,97,47,133" hai2="99,20,129,73,113,32,46,84,7,21,61,81,42" hai3="26,19,57,59,110,35,45,124,49,115,67,82,68"/><V109/><F113/><W11/><G110/><T89/><D79/><U120/><E70/><V29/><F73/><W69/><G115/><T63/><D43/><U100/><E100/><V5/><F109/><W28/><G124/><T25/><D127/><U83/><E125/><V34/><F61/><W65/><G68/><T95/><D2/><U134/><E54/><V102/><F129/><W51/><G69/><T77/><D77/><U10/><E120/><V106/><F21/><W114/><G114/><T64/><D25/><U112/><E112/><V36/><F20/><W126/><G126/><T117/><D117/><U12/><E83/><V98/><F98/><W94/><G82/><T78/><D78/><U62/><E62/><V86/><F29/><W30/><G19/><T3/><D3/><U105/><E22/><V16/><F16/><W38/><G26/><T121/><D121/><U130/><E10/><V111/><F111/><W39/><G11/><T24/><D24/><U71/><E71/><V48/><F36/><W122/><G122/><T58/><D128/><U91/><E91/><V41/><F41/><W1/><G1/><T23/><D89/><U27/><E27/><V14/><F14/><W92/><REACH who="3" step="1"/><G45/><REACH who="3" ten="391,200,237,162" step="2"/><T4/><D4/><U88/><E130/><V56/><F5/><W72/><G72/><T44/><D135/><U33/><E33/><AGARI ba="2,1" hai="28,30,33,35,38,39,49,51,57,59,65,67,92,94" machi="33" ten="25,8000,1" yaku="1,1,22,2,52,2,53,0" doraHai="90" doraHaiUra="0" who="3" fromWho="1" sc="391,0,200,-86,237,0,162,96" /><INIT seed="3,0,0,5,5,16" ten="391,114,237,258" oya="3" hai0="120,117,125,102,70,126,100,82,9,57,39,67,23" hai1="69,81,78,14,113,36,58,38,134,111,37,27,93" hai2="32,71,8,15,61,40,121,135,31,41,64,19,90" hai3="44,83,123,77,94,116,17,51,55,109,110,101,108"/><W89/><G123/><T7/><D39/><U103/><E113/><V10/><F121/><W54/><G116/><T4/><D70/><U92/><E69/><V59/><F135/><W29/><G29/><T35/><D35/><U132/><E111/><V11/><F71/><W65/><G65/><T107/><D117/><U127/><E127/><V97/><F32/><W130/><G130/><T6/><D82/><U118/><E118/><V42/><F31/><W33/><G33/><T128/><D128/><U49/><E27/><V50/><F50/><W0/><G0/><T84/><D84/><U53/><E14/><V47/><F47/><W87/><G101/><T13/><D9/><U52/><E53/><V85/><REACH who="2" step="1"/><F97/><REACH who="2" ten="391,114,227,258" step="2"/><N who="3" m="57551" /><G17/><N who="0" m="10671" /><D120/><U76/><E76/><V34/><F34/><W95/><G95/><AGARI ba="0,1" hai="8,10,11,15,19,40,41,42,59,61,64,85,90,95" machi="95" ten="40,2600,0" yaku="1,1,8,1,53,0" doraHai="16" doraHaiUra="43" who="2" fromWho="3" sc="391,0,114,0,227,36,258,-26" /><INIT seed="4,0,0,0,2,84" ten="391,114,263,232" oya="0" hai0="2,30,3,18,17,80,68,56,41,59,135,131,31" hai1="88,115,67,33,71,89,61,15,124,58,108,106,0" hai2="128,13,76,87,72,114,78,57,126,23,133,8,66" hai3="104,37,29,64,24,62,86,25,32,103,120,54,117"/><T82/><D41/><U63/><E108/><V43/><F114/><W118/><G37/><T112/><D112/><U53/><E115/><V113/><F113/><W10/><G120/><T9/><D9/><U21/><E106/><V91/><F72/><W19/><G54/><T130/><REACH who="0" step="1"/><D68/><REACH who="0" ten="381,114,263,232" step="2"/><U27/><E124/><V69/><F126/><W36/><G10/><T110/><D110/><U134/><E134/><AGARI ba="0,1" hai="2,3,17,18,30,31,56,59,80,82,130,131,134,135" machi="134" ten="25,4800,0" yaku="1,1,22,2,53,0" doraHai="84" doraHaiUra="65" who="0" fromWho="1" sc="381,58,114,-48,263,0,232,0" /><INIT seed="4,1,0,4,2,97" ten="439,66,263,232" oya="0" hai0="104,13,73,6,53,25,46,49,62,128,7,12,80" hai1="9,103,35,31,95,117,26,59,8,113,28,36,107" hai2="17,63,64,21,88,79,121,71,127,15,85,29,74" hai3="3,57,42,45,91,81,75,5,87,108,112,115,40"/><T22/><D104/><U111/><E117/><V1/><F1/><W89/><G108/><T23/><D73/><U44/><E111/><V54/><F121/><W130/><G130/><T16/><D128/><U27/><E107/><V39/><F39/><W50/><G75/><T58/><D80/><U93/><E113/><N who="3" m="43594" /><G57/><T43/><REACH who="0" step="1"/><D12/><REACH who="0" ten="429,66,263,232" step="2"/><U134/><E134/><V60/><F74/><W114/><G114/><T99/><D99/><U10/><E59/><V135/><F15/><W67/><G81/><T30/><AGARI ba="1,1" hai="6,7,13,16,22,23,25,30,43,46,49,53,58,62" machi="30" ten="20,12000,1" yaku="1,1,0,1,7,1,8,1,54,1,53,0" doraHai="97" doraHaiUra="120" who="0" fromWho="0" sc="429,133,66,-41,263,-41,232,-41" /><INIT seed="4,2,0,2,1,87" ten="562,25,222,191" oya="0" hai0="35,17,7,64,100,114,51,118,22,53,124,68,86" hai1="115,21,9,129,81,56,16,10,45,104,32,107,58" hai2="94,123,125,12,121,57,133,71,130,105,0,89,66" hai3="103,63,15,117,4,93,69,13,50,83,33,52,62"/><T14/><D35/><U90/><E115/><V102/><F0/><W47/><G33/><T30/><D118/><U29/><E32/><V74/><F74/><W55/><G69/><T27/><D100/><U112/><E112/><V8/><F71/><W122/><G117/><T128/><D128/><U131/><E29/><V127/><F130/><N who="1" m="49673" /><E45/><V79/><F79/><W76/><G55/><T28/><D124/><N who="2" m="47690" /><F133/><W98/><G122/><T84/><D64/><U1/><E1/><V36/><F36/><W49/><G49/><T126/><D68/><U25/><E58/><V92/><F105/><N who="1" m="40521" /><E56/><V73/><F57/><W37/><G37/><T6/><D114/><U72/><E72/><V70/><F73/><W95/><G63/><T31/><D126/><U41/><E41/><V34/><F34/><W99/><G62/><T111/><D111/><U80/><E80/><V24/><F66/><W91/><G4/><N who="0" m="1579" /><D27/><U20/><E20/><V61/><F24/><W43/><G43/><T116/><D116/><U11/><E11/><V85/><F61/><W75/><AGARI ba="2,0" hai="13,15,47,50,52,75,76,83,91,93,95,98,99,103" machi="75" ten="20,5200,0" yaku="0,1,7,1,52,1,54,1" doraHai="87" who="3" fromWho="3" sc="562,-28,25,-15,222,-15,191,58" /><INIT seed="5,0,0,5,3,64" ten="534,10,207,249" oya="1" hai0="117,5,125,51,87,32,123,115,54,69,73,27,44" hai1="104,21,112,20,63,48,77,128,103,110,113,68,108" hai2="45,7,109,47,99,19,36,49,30,37,3,82,74" hai3="59,85,129,78,114,58,124,10,2,72,70,130,92"/><U62/><E77/><V15/><F30/><W6/><G70/><T26/><D69/><U120/><E103/><V43/><F109/><N who="1" m="42089" /><E104/><V46/><F99/><W122/><G122/><T17/><D125/><U135/><E120/><V96/><F96/><W22/><G114/><N who="1" m="44138" /><E68/><V105/><F105/><W76/><G124/><T35/><D117/><U119/><E119/><V107/><F107/><W132/><G132/><T33/><D73/><U116/><E116/><V79/><F36/><W60/><G72/><T38/><D38/><U66/><E135/><V75/><F49/><W39/><G39/><T88/><D5/><U31/><E128/><N who="3" m="49258" /><G22/><N who="1" m="8810" /><E66/><V28/><F74/><W93/><G78/><T97/><D123/><U91/><E48/><V134/><F75/><W118/><G118/><T1/><D97/><U52/><E52/><V106/><F134/><W83/><G60/><N who="1" m="23082" /><E91/><V24/><F79/><W94/><AGARI ba="0,0" hai="2,6,10,58,59,76,83,85,92,93,94" m="49258" machi="94" ten="30,1100,0" yaku="19,1" doraHai="64" who="3" fromWho="3" sc="534,-3,10,-5,207,-3,249,11" /><INIT seed="6,0,0,4,3,119" ten="531,5,204,260" oya="2" hai0="72,42,85,1,112,104,123,22,110,68,9,92,6" hai1="118,32,0,88,15,78,90,122,59,49,84,60,45" hai2="131,133,2,98,50,107,116,134,75,135,108,125,28" hai3="51,46,100,12,95,61,52,25,129,54,93,115,70"/><V86/><F28/><W67/><G129/><T114/><D123/><U76/><E32/><V99/><F116/><W5/><G115/><T128/><D104/><U29/><E0/><V33/><F33/><W16/><G100/><T30/><D68/><U39/><E39/><V48/><F131/><W94/><G25/><T124/><D124/><U53/><E29/><V117/><F117/><W71/><G5/><T74/><D42/><U102/><E118/><V23/><F125/><W44/><G71/><T63/><D63/><U106/><E122/><V47/><F2/><W18/><G12/><T109/><D128/><U11/><E102/><N who="2" m="62935" /><F75/><W19/><G19/><T56/><D56/><U77/><E106/><V43/><F108/><W8/><G8/><T69/><D69/><U55/><E84/><V91/><F99/><W4/><G4/><AGARI ba="0,0" hai="4,11,15,45,49,53,55,59,60,76,77,78,88,90" machi="4" ten="40,2600,0" yaku="8,1,54,1" doraHai="119" who="1" fromWho="3" sc="531,0,5,26,204,0,260,-26" /><INIT seed="7,0,0,4,2,6" ten="531,31,204,234" oya="3" hai0="7,122,16,25,81,20,23,48,40,10,97,94,73" hai1="19,134,76,41,123,103,58,51,29,46,30,107,61" hai2="115,86,84,124,85,131,72,113,108,21,128,102,62" hai3="117,106,105,3,78,32,31,49,18,92,120,82,4"/><W79/><G120/><T24/><D122/><U111/><E123/><V93/><F62/><W28/><G117/><T64/><D64/><U132/><E111/><V127/><F21/><W95/><G82/><T55/><D40/><U110/><E110/><V87/><F72/><W112/><G49/><T121/><D121/><U57/><E57/><V96/><F108/><W54/><G4/><T101/><D81/><U47/><E47/><V5/><F5/><W11/><G18/><T17/><D73/><U75/><E19/><V9/><F9/><W35/><G54/><T44/><D7/><U88/><E88/><V65/><F84/><W114/><G3/><T119/><D10/><AGARI ba="0,0" hai="10,11,28,31,32,35,78,79,92,95,105,106,112,114" machi="10" ten="25,9600,0" yaku="22,2,52,2" doraHai="6" who="3" fromWho="0" sc="531,-96,31,0,204,0,234,96" /><INIT seed="7,1,0,3,2,21" ten="435,31,204,330" oya="3" hai0="4,81,60,31,110,122,32,123,83,102,47,68,29" hai1="1,124,6,121,65,108,127,66,132,78,28,15,118" hai2="98,87,103,120,128,12,23,49,67,54,126,113,64" hai3="114,26,16,62,20,106,22,99,19,130,97,24,90"/><W79/><G114/><T129/><D110/><U34/><E121/><V27/><F120/><W61/><G130/><T43/><D102/><U51/><E108/><V45/><F128/><W5/><G79/><T104/><D104/><U7/><E118/><V89/><F113/><W74/><G74/><T109/><D109/><U135/><E1/><V80/><F12/><W115/><G115/><T101/><D101/><U8/><E78/><V69/><F69/><W86/><G5/><T77/><D4/><U70/><E6/><V71/><F71/><W133/><G133/><N who="1" m="51274" /><E51/><V131/><F126/><N who="1" m="48169" /><E66/><V134/><F134/><W38/><G38/><T55/><D77/><U85/><E65/><V11/><F131/><W53/><G106/><T46/><D129/><U58/><E58/><V92/><F11/><W63/><G53/><T48/><D68/><U41/><E70/><V30/><AGARI ba="1,0" hai="23,27,30,45,49,54,64,67,80,87,89,92,98,103" machi="30" ten="20,5200,0" yaku="0,1,7,1,8,1,52,1" doraHai="21" who="2" fromWho="2" sc="435,-14,31,-14,204,55,330,-27" owari="421,52.0,17,-48.0,259,-14.0,303,10.0" /></mjloggm>