<mjloggm ver="2.3"><GO type="225" lobby="0"/><UN n0="%E8%B5%A4%E8%A3%8F%E3%83%9B%E3%82%B7%E3%83%BC%E3%83%8E" n1="%48%65%61%72%E2%80%A0%73%31%38" n2="%E5%B0%B1%E6%B4%BB%E7%94%9F%40%E5%B7%9D%E6%9D%91%E8%BB%8D%E5%9B%A3" n3="%48%69%74%6C%65%72" dan="16,16,17,17" rate="2164.67,2155.16,2185.53,2217.87" sx="M,F,M,M"/><TAIKYOKU oya="0"/><INIT seed="0,0,0,4,2,54" ten="250,250,250,250" oya="0" hai0="100,73,97,15,118,68,79,50,74,123,27,24,78" hai1="33,104,92,22,98,72,57,113,75,131,103,4,30" hai2="82,13,88,99,134,117,11,61,8,12,80,49,1" hai3="90,107,135,3,18,19,35,31,101,60,114,2,130"/><T121/><D68/><U69/><E69/><V41/><F1/><W51/><G114/><T16/><D118/><U108/><E113/><V62/><F134/><W58/><G135/><T76/><D50/><U119/><E119/><V44/><F117/><W9/><G51/><T56/><D56/><U38/><E38/><V86/><F80/><W96/><G130/><T42/><D42/><U128/><E33/><V132/><F132/><W29/><G90/><T45/><D45/><U5/><E104/><V36/><F36/><W64/><G3/><T77/><N who="0" m="19456" /><DORA hai="112" /><T55/><D55/><U70/><E70/><V48/><F99/><W46/><G46/><T133/><D133/><U34/><E34/><V84/><F84/><W17/><REACH who="3" step="1"/><G35/><REACH who="3" ten="250,250,250,240" step="2"/><T59/><D74/><U6/><E75/><V126/><F49/><W89/><G89/><T105/><D73/><U7/><E72/><V122/><F122/><W14/><G14/><T71/><D71/><U53/><N who="1" m="1024" /><DORA hai="25" /><U66/><E131/><V43/><F12/><W40/><G40/><T67/><D123/><U93/><E128/><V83/><F43/><W0/><G0/><T110/><D121/><U23/><E108/><V109/><F109/><W115/><G115/><T116/><D110/><U47/><E47/><V127/><F13/><W124/><G124/><N who="2" m="47657" /><F82/><W10/><G10/><AGARI ba="0,1" hai="8,10,11,41,44,48,61,62,83,86,88" m="47657" machi="10" ten="30,2000,0" yaku="18,1,54,1" doraHai="54,112,25" who="2" fromWho="3" sc="250,0,250,0,250,30,240,-20" /><INIT seed="1,0,0,3,2,73" ten="250,250,280,220" oya="1" hai0="56,88,28,79,20,127,65,46,111,13,102,62,53" hai1="132,43,4,69,106,2,31,61,123,108,122,47,95" hai2="94,74,87,22,80,12,119,92,134,32,124,18,57" hai3="37,50,103,58,115,71,121,118,3,40,96,24,117"/><U45/><E106/><V82/><F32/><W49/><G3/><T33/><D33/><U8/><E31/><V41/><F119/><N who="3" m="45579" /><G24/><T54/><D102/><U110/><E132/><V6/><F6/><W112/><G103/><T99/><D111/><N who="1" m="42539" /><E95/><V72/><F124/><W114/><G96/><T27/><D127/><U109/><N who="1" m="42547" /><U128/><DORA hai="29" /><E128/><V66/><F41/><W34/><G34/><T44/><D13/><U17/><E17/><V85/><F134/><W76/><G76/><T10/><D79/><U16/><E16/><V120/><F74/><W116/><N who="3" m="45587" /><W90/><DORA hai="1" /><G90/><T25/><D25/><U5/><E5/><V105/><F72/><W91/><G91/><T55/><D10/><U19/><E19/><V15/><F105/><W7/><G7/><T38/><D38/><N who="1" m="21751" /><E47/><V104/><F104/><W81/><G81/><T133/><D133/><U30/><E30/><V84/><F15/><W51/><G121/><T60/><D60/><U64/><AGARI ba="0,0" hai="2,4,8,61,64,69,122,123" m="21751,42547" machi="64" ten="40,12000,1" yaku="14,1,10,1,23,1,52,1" doraHai="73,29,1" who="1" fromWho="1" sc="250,-40,250,120,280,-40,220,-40" /><INIT seed="1,1,0,1,2,82" ten="210,370,240,180" oya="1" hai0="122,55,126,3,95,105,37,51,76,96,118,13,8" hai1="7,121,28,83,56,120,20,135,42,44,9,117,106" hai2="65,23,94,36,5,66,71,114,72,81,33,86,68" hai3="87,26,128,18,61,53,29,78,101,89,52,15,6"/><U75/><E106/><V57/><F33/><W43/><G128/><T85/><D118/><U16/><E56/><V110/><F110/><W0/><G43/><T58/><D3/><U116/><E28/><V59/><F36/><W132/><G132/><T111/><D37/><U50/><E117/><V115/><F72/><W40/><G40/><T27/><D27/><U104/><E104/><V70/><F5/><W32/><G78/><T17/><D111/><U84/><E75/><V127/><F94/><W2/><G101/><T74/><D126/><U63/><E63/><V134/><F23/><N who="3" m="11743" /><G2/><T24/><D24/><U88/><E135/><V21/><F21/><W73/><G61/><T4/><D105/><U112/><E112/><N who="2" m="43051" /><F134/><W48/><G48/><T100/><D74/><U109/><E109/><V39/><F39/><W131/><G73/><T123/><D4/><U54/><E116/><V133/><F133/><W46/><G46/><T38/><D38/><U30/><E42/><V64/><F127/><W80/><G131/><T98/><D98/><U34/><E34/><V91/><AGARI ba="1,0" hai="57,59,64,65,66,68,70,71,81,86,91" m="43051" machi="91" ten="40,2700,0" yaku="11,1,52,1" doraHai="82" who="2" fromWho="2" sc="210,-8,370,-14,240,30,180,-8" /><INIT seed="2,0,0,0,1,104" ten="202,356,270,172" oya="2" hai0="113,13,68,83,80,52,64,45,41,34,95,50,70" hai1="18,58,118,90,76,6,38,125,106,67,98,81,7" hai2="49,121,112,119,42,22,132,84,10,53,16,133,31" hai3="120,35,94,65,97,4,24,131,54,82,86,0,8"/><V33/><F42/><W129/><G120/><T21/><D34/><U114/><E38/><V40/><F40/><W91/><G65/><T124/><D124/><U105/><E105/><V73/><F73/><W20/><G54/><T126/><D126/><U128/><E125/><V63/><F121/><W102/><REACH who="3" step="1"/><G35/><REACH who="3" ten="202,356,270,162" step="2"/><T115/><D64/><U72/><E67/><V135/><F119/><W46/><G46/><T87/><D115/><U77/><E114/><V93/><F112/><W66/><G66/><T30/><D113/><U27/><E118/><V11/><F33/><W127/><G127/><T79/><D41/><U3/><E58/><V19/><F63/><W134/><G134/><T51/><D70/><U2/><E128/><V26/><F53/><W47/><G47/><T96/><D68/><U48/><E48/><V61/><F61/><W78/><G78/><T25/><D51/><U110/><E76/><V74/><F49/><W15/><G15/><T85/><D13/><U36/><E77/><V1/><F1/><W117/><G117/><T59/><D45/><U100/><E2/><V44/><F44/><W12/><G12/><T17/><D83/><U88/><E81/><V28/><F132/><W32/><G32/><T71/><D71/><U60/><E3/><V89/><F133/><W122/><G122/><T23/><D80/><U62/><E62/><V56/><F135/><W75/><G75/><T39/><D79/><U92/><E60/><V29/><F74/><W37/><G37/><T101/><D39/><U99/><E36/><V130/><F130/><W108/><G108/><RYUUKYOKU ba="0,1" sc="202,15,356,-15,270,-15,162,15" hai0="17,21,23,25,30,50,52,59,85,87,95,96,101" hai3="0,4,8,20,24,82,86,91,94,97,102,129,131" /><INIT seed="3,1,1,5,1,25" ten="217,341,255,177" oya="3" hai0="78,43,34,114,85,107,23,126,124,80,99,118,12" hai1="64,50,7,14,125,62,113,45,21,11,22,30,77" hai2="129,108,110,134,112,121,76,88,127,90,57,52,44" hai3="133,130,69,38,65,51,86,81,13,5,29,67,71"/><W132/><G38/><T96/><D34/><U26/><E113/><V105/><F105/><W24/><G130/><T131/><D43/><U94/><E77/><V101/><F112/><W9/><G51/><T72/><D114/><U119/><E119/><V123/><F101/><W73/><G73/><T135/><D118/><U41/><E125/><N who="0" m="48233" /><D131/><U4/><E94/><V0/><F0/><W104/><G104/><T3/><D3/><U27/><E64/><V2/><F2/><W120/><G120/><N who="2" m="46153" /><F134/><N who="3" m="51819" /><G71/><T109/><D135/><U89/><E89/><N who="2" m="34411" /><F129/><W111/><G69/><T35/><D35/><U98/><E98/><V122/><N who="2" m="46161" /><V19/><DORA hai="58" /><F127/><W39/><G39/><T63/><D107/><U54/><E41/><V33/><F33/><N who="3" m="20647" /><G111/><N who="2" m="42537" /><F76/><AGARI ba="1,1" hai="5,9,13,65,67,76,81,86" m="20647,51819" machi="76" ten="30,2900,0" yaku="20,1,52,1" doraHai="25,58" who="3" fromWho="2" sc="217,0,341,0,255,-32,177,42" /><INIT seed="3,2,0,1,5,35" ten="217,341,223,219" oya="3" hai0="8,33,53,109,103,129,36,22,48,87,31,125,14" hai1="56,119,70,120,65,24,134,40,92,58,102,133,38" hai2="46,118,89,27,101,17,90,131,0,74,10,57,20" hai3="69,107,16,30,21,73,25,19,106,128,44,63,71"/><W5/><G73/><T41/><D33/><U72/><E72/><V98/><F118/><W121/><G121/><T39/><D103/><U84/><E120/><V85/><F74/><W9/><G128/><T95/><D129/><U6/><E6/><V26/><F131/><W122/><G122/><T123/><D123/><U1/><E1/><V86/><F27/><W117/><G117/><T135/><D41/><U99/><E24/><V108/><F108/><W51/><G106/><T15/><D109/><U7/><E7/><V111/><F111/><W62/><G107/><T43/><D43/><U75/><E75/><V4/><F57/><W54/><G71/><T59/><D135/><N who="1" m="51723" /><E119/><V116/><F46/><W79/><G79/><T32/><D32/><U100/><E100/><V81/><F116/><W82/><G82/><T124/><D31/><U67/><E84/><V76/><F86/><W91/><G91/><N who="0" m="53759" /><D15/><U37/><E40/><V88/><F89/><W2/><REACH who="3" step="1"/><G69/><REACH who="3" ten="217,341,223,209" step="2"/><T105/><D105/><AGARI ba="2,1" hai="0,4,10,17,20,26,76,81,85,88,90,98,101,105" machi="105" ten="30,3900,0" yaku="7,1,52,1,54,1" doraHai="35" who="2" fromWho="0" sc="217,-45,341,0,223,55,209,0" owari="172,-33.0,341,44.0,278,8.0,209,-19.0" /></mjloggm>