<mjloggm ver="2.3"><GO type="169" lobby="0"/><UN n0="%E2%99%AA%E3%82%A6%E3%82%B5%E3%82%AE%E2%99%AA" n1="%E3%82%BF%E3%82%AD%E3%83%88%E3%83%BC%E3%83%AB" n2="%E5%B0%B1%E6%B4%BB%E7%94%9F%40%E5%B7%9D%E6%9D%91%E8%BB%8D%E5%9B%A3" n3="%E7%B6%BE%E9%A6%99" dan="16,16,18,16" rate="2095.26,2123.28,2175.77,2180.45" sx="F,M,M,F"/><TAIKYOKU oya="0"/><INIT seed="0,0,0,0,5,131" ten="250,250,250,250" oya="0" hai0="76,77,4,45,9,89,48,60,59,94,102,52,22" hai1="84,62,29,105,129,87,74,36,50,42,73,61,57" hai2="40,28,56,6,43,124,119,38,134,20,68,95,75" hai3="83,113,16,24,120,67,14,0,54,13,2,107,55"/><T104/><D104/><U37/><E129/><V128/><F68/><W115/><G107/><T41/><D102/><U27/><E105/><V44/><F75/><W133/><G67/><T63/><D63/><U46/><E73/><V121/><F128/><W116/><G116/><T112/><D112/><U93/><E74/><V96/><F121/><W10/><G120/><T135/><D135/><U65/><E62/><V99/><F43/><W125/><G133/><T97/><REACH who="0" step="1"/><D22/><REACH who="0" ten="240,250,250,250" step="2"/><U49/><E36/><V26/><F134/><W39/><G113/><T98/><D98/><U85/><E37/><V114/><F114/><W3/><G115/><T58/><D58/><U11/><E49/><V90/><F119/><W100/><G39/><T69/><D69/><U51/><E51/><V19/><F56/><W12/><G100/><T31/><D31/><U66/><E57/><V47/><F47/><W81/><G125/><T35/><D35/><U72/><E61/><V88/><F28/><W21/><G10/><T1/><AGARI ba="0,1" hai="1,4,9,41,45,48,52,59,60,76,77,89,94,97" machi="1" ten="20,7800,0" yaku="1,1,0,1,7,1,54,1,53,0" doraHai="131" doraHaiUra="80" who="0" fromWho="0" sc="240,88,250,-26,250,-26,250,-26" /><INIT seed="0,1,0,3,0,98" ten="328,224,224,224" oya="0" hai0="17,5,126,105,82,21,65,56,53,34,60,86,55" hai1="75,41,124,8,30,129,25,48,130,37,9,135,46" hai2="101,45,35,109,69,84,67,12,33,14,99,116,11" hai3="79,111,114,0,127,39,59,38,93,97,94,121,72"/><T131/><D34/><U78/><E124/><V58/><F69/><W23/><G114/><T74/><D74/><U81/><E135/><V73/><F73/><W85/><G127/><T134/><D134/><U113/><E113/><V66/><F116/><W47/><G0/><T118/><D118/><U100/><E48/><V102/><F45/><W77/><G121/><T63/><D126/><U22/><REACH who="1" step="1"/><E100/><REACH who="1" ten="328,214,224,224" step="2"/><V62/><F102/><W122/><G39/><T110/><D131/><AGARI ba="1,1" hai="8,9,22,25,30,37,41,46,75,78,81,129,130,131" machi="131" ten="40,5200,0" yaku="1,1,2,1,19,1,53,0" doraHai="98" doraHaiUra="90" who="1" fromWho="0" sc="328,-55,214,65,224,0,224,0" /><INIT seed="1,0,0,4,3,19" ten="273,279,224,224" oya="1" hai0="21,62,8,16,10,117,95,4,24,70,77,18,63" hai1="14,34,130,7,72,96,17,76,37,93,114,90,113" hai2="9,47,92,50,67,65,23,22,116,11,131,105,101" hai3="26,103,68,39,78,123,51,107,29,5,1,74,127"/><U41/><E34/><V46/><F105/><W43/><G68/><T99/><D70/><U85/><E130/><V73/><F73/><W15/><G123/><T58/><D117/><U61/><E7/><V32/><F32/><W80/><G127/><T66/><D77/><U59/><E41/><V81/><F81/><W31/><G51/><T118/><D118/><U25/><E25/><V108/><F108/><W129/><G129/><T79/><D79/><U119/><E37/><V126/><F131/><W110/><G110/><T57/><D4/><U28/><E28/><V132/><F126/><W13/><G103/><T35/><D35/><U97/><E72/><V55/><F47/><N who="3" m="24063" /><G107/><T125/><D125/><U44/><E44/><V91/><F101/><W86/><G86/><T83/><D83/><U49/><E49/><V104/><F104/><W38/><G38/><T100/><D18/><U60/><E60/><V98/><F132/><W111/><G111/><T27/><D24/><U94/><E119/><V20/><F116/><W106/><G106/><T84/><D84/><U6/><E97/><V121/><F121/><W124/><G124/><T134/><D134/><U3/><E76/><V69/><F69/><W87/><G87/><T40/><D40/><U30/><E30/><N who="3" m="11274" /><G26/><T0/><D0/><U36/><E36/><V54/><F54/><AGARI ba="0,0" hai="8,10,16,21,27,54,57,58,62,63,66,95,99,100" machi="54" ten="30,7700,0" yaku="7,1,8,1,52,1,54,1" doraHai="19" who="0" fromWho="2" sc="273,77,279,0,224,-77,224,0" /><INIT seed="2,0,0,0,5,90" ten="350,279,147,224" oya="2" hai0="39,15,83,88,99,132,112,98,131,115,107,53,28" hai1="95,9,33,57,50,110,48,73,104,97,127,3,133" hai2="32,72,129,38,106,116,62,76,109,21,125,30,94" hai3="45,6,128,93,59,0,7,54,71,17,20,26,60"/><V24/><F106/><W67/><G128/><T37/><D28/><U10/><E133/><V78/><F116/><W2/><G45/><T103/><D15/><U82/><E127/><V118/><F118/><W11/><G93/><N who="0" m="56615" /><D53/><U18/><E104/><V114/><F38/><W79/><G79/><T122/><D39/><U65/><E3/><V75/><F114/><N who="0" m="43562" /><D37/><U123/><E18/><V16/><F129/><W19/><G7/><T89/><D132/><U111/><E33/><V96/><F125/><W77/><G77/><T1/><D1/><U100/><E9/><V134/><F134/><W87/><G0/><T61/><D61/><N who="1" m="38063" /><E10/><V8/><F8/><W101/><G17/><T14/><D14/><U68/><E68/><V4/><F4/><W63/><G11/><T55/><D55/><U34/><E34/><V92/><F62/><W44/><G6/><T46/><D46/><U113/><E113/><V29/><F32/><W35/><G44/><T58/><D58/><U49/><E49/><V81/><F109/><W102/><G2/><T41/><D41/><U36/><E36/><V86/><F30/><W80/><G35/><T12/><D12/><U130/><E130/><V56/><F56/><W124/><G124/><T52/><D52/><U70/><E70/><V43/><F43/><W23/><G20/><T69/><D69/><U64/><E111/><V120/><F29/><W126/><G126/><T91/><D131/><U105/><E110/><V22/><F22/><W25/><G25/><T121/><D83/><U108/><E108/><V51/><F21/><W5/><G5/><RYUUKYOKU ba="0,0" sc="350,15,279,-15,147,-15,224,15" hai0="89,91,99,103,107,121,122" hai3="19,23,26,54,59,60,63,67,71,80,87,101,102" /><INIT seed="3,1,0,4,1,81" ten="365,264,132,239" oya="3" hai0="39,7,24,65,4,97,134,11,30,20,57,135,22" hai1="126,112,131,76,5,104,133,38,23,3,100,62,47" hai2="63,99,129,19,51,18,46,35,32,15,90,33,96" hai3="34,13,60,119,114,117,8,74,44,50,6,101,88"/><W82/><G114/><T55/><D39/><U41/><E126/><V68/><F129/><W79/><G34/><T91/><D65/><U12/><E131/><V122/><F122/><W103/><G60/><T86/><D97/><U70/><E133/><N who="0" m="50697" /><D22/><U102/><E104/><V110/><F110/><W84/><G117/><T89/><D89/><U66/><E112/><V52/><F90/><W64/><G64/><T85/><D91/><U67/><E67/><V36/><F36/><W69/><G69/><T75/><D75/><U56/><E12/><V128/><F128/><W49/><G119/><T43/><D43/><U9/><E23/><V108/><F108/><W109/><G109/><T105/><D105/><U58/><E58/><V53/><F68/><W48/><REACH who="3" step="1"/><G44/><REACH who="3" ten="365,264,132,229" step="2"/><T37/><D37/><U2/><E70/><V123/><F123/><W16/><G16/><T116/><D116/><U98/><E47/><V17/><REACH who="2" step="1"/><F15/><REACH who="2" ten="365,264,122,229" step="2"/><W83/><AGARI ba="1,2" hai="6,8,13,48,49,50,74,79,82,83,84,88,101,103" machi="83" ten="30,11700,0" yaku="1,1,0,1,52,1,54,1,53,0" doraHai="81" doraHaiUra="54" who="3" fromWho="3" sc="365,-40,264,-40,122,-40,229,140" /><INIT seed="3,2,0,0,5,62" ten="325,224,82,369" oya="3" hai0="53,48,32,43,77,33,44,113,45,8,60,25,6" hai1="90,42,74,22,122,46,49,105,28,80,103,111,12" hai2="10,128,40,15,107,63,73,35,76,95,31,82,23" hai3="127,85,41,11,58,26,126,118,47,115,64,119,38"/><W61/><G115/><T78/><D113/><U135/><E111/><V18/><F107/><W55/><G85/><T14/><D33/><U92/><E135/><V13/><F128/><W106/><G106/><T112/><D112/><U124/><E124/><N who="3" m="47658" /><G11/><T34/><D34/><U29/><E122/><V98/><F40/><W59/><G26/><T132/><D132/><U121/><E121/><V52/><F35/><W51/><AGARI ba="2,0" hai="38,41,47,51,55,58,59,61,64,118,119" m="47658" machi="51" ten="30,11700,0" yaku="18,1,34,2,52,1" doraHai="62" who="3" fromWho="3" sc="325,-41,224,-41,82,-41,369,123" /><INIT seed="3,3,0,0,5,103" ten="284,183,41,492" oya="3" hai0="26,31,30,116,71,127,11,70,114,95,8,41,121" hai1="75,16,23,118,60,74,100,73,2,25,113,57,10" hai2="39,110,34,64,85,126,87,0,29,53,1,134,101" hai3="50,24,37,104,102,84,59,12,76,81,49,5,54"/><W61/><G37/><T99/><D116/><U125/><E113/><V21/><F39/><W107/><G102/><T129/><D121/><U105/><E118/><V97/><F34/><W94/><G94/><T120/><D120/><U58/><E125/><V82/><F126/><W38/><G38/><T56/><D114/><U83/><E83/><V66/><F110/><W109/><G109/><T20/><D127/><U115/><E115/><V77/><F134/><W19/><G5/><T14/><D129/><U98/><E2/><V72/><F53/><W65/><G24/><T52/><D41/><U63/><E10/><V48/><F48/><W124/><G124/><T42/><D42/><U55/><REACH who="1" step="1"/><E73/><REACH who="1" ten="284,173,41,492" step="2"/><V69/><F1/><W46/><G50/><T119/><D8/><AGARI ba="3,1" hai="8,12,19,46,49,54,59,61,65,76,81,84,104,107" machi="8" ten="30,5800,0" yaku="7,1,52,2" doraHai="103" who="3" fromWho="0" sc="284,-67,173,0,41,0,492,77" /><INIT seed="3,4,0,1,2,25" ten="217,173,41,569" oya="3" hai0="16,4,68,135,36,10,39,77,3,30,44,8,96" hai1="14,116,85,82,23,20,35,54,132,59,9,133,15" hai2="18,94,100,61,72,74,120,1,69,102,63,101,104" hai3="71,81,108,121,51,24,93,113,45,41,65,112,95"/><W34/><G121/><T19/><D68/><U5/><E35/><V76/><F104/><W111/><G81/><T55/><D135/><N who="1" m="51787" /><E15/><V2/><F120/><W124/><G124/><T103/><D77/><N who="1" m="46287" /><E116/><V42/><F42/><W79/><G79/><T17/><D10/><U29/><E29/><V89/><F18/><W7/><G7/><T43/><D55/><U126/><E126/><V58/><F76/><W98/><G65/><T127/><D127/><U33/><E33/><V0/><F69/><W84/><G71/><T130/><D130/><U53/><E53/><V28/><F28/><N who="3" m="19719" /><G84/><T37/><REACH who="0" step="1"/><D30/><REACH who="0" ten="207,173,41,569" step="2"/><U32/><E32/><V86/><REACH who="2" step="1"/><F58/><REACH who="2" ten="207,173,31,569" step="2"/><W12/><G112/><T128/><D128/><U129/><E129/><V91/><F91/><W134/><G113/><T90/><D90/><U109/><E109/><V78/><F78/><W26/><G134/><T105/><AGARI ba="4,2" hai="3,4,8,16,17,19,36,37,39,43,44,96,103,105" machi="105" ten="30,4000,0" yaku="1,1,0,1,54,1,53,0" doraHai="25" doraHaiUra="75" who="0" fromWho="0" sc="207,72,173,-14,31,-14,569,-24" /><INIT seed="4,0,0,1,5,130" ten="279,159,17,545" oya="0" hai0="93,46,25,102,18,27,7,61,105,97,9,124,63" hai1="122,53,99,36,45,13,55,21,49,20,134,95,58" hai2="57,10,92,75,91,123,107,19,1,127,74,2,129" hai3="30,72,82,108,16,119,31,8,22,96,44,64,118"/><T128/><D128/><U87/><E122/><V26/><F107/><W38/><G108/><T109/><D109/><U39/><E87/><V114/><F129/><W131/><G64/><T15/><D124/><U112/><E112/><V50/><F123/><W23/><G96/><T62/><D105/><U100/><E134/><V14/><F114/><W88/><G38/><T60/><N who="0" m="15360" /><DORA hai="54" /><T101/><D101/><U59/><E39/><V103/><F103/><W71/><G71/><T94/><D46/><U40/><E13/><V51/><F127/><W121/><G30/><T24/><REACH who="0" step="1"/><D94/><REACH who="0" ten="269,159,17,545" step="2"/><U80/><E80/><V6/><F26/><W120/><G44/><T47/><D47/><U5/><E5/><AGARI ba="0,1" hai="5,7,9,15,18,24,25,27,93,97,102" m="15360" machi="5" ten="60,5800,0" yaku="1,1,8,1,53,0" doraHai="130,54" doraHaiUra="84,69" who="0" fromWho="1" sc="269,68,159,-58,17,0,545,0" /><INIT seed="4,1,0,2,1,7" ten="337,101,17,545" oya="0" hai0="35,47,64,3,25,124,40,126,74,38,81,34,80" hai1="78,59,77,91,73,129,5,36,62,111,100,135,76" hai2="88,57,84,55,56,31,11,127,122,86,99,85,75" hai3="107,21,106,97,92,18,33,41,116,128,98,46,53"/><T66/><D25/><U1/><E111/><V30/><F75/><W16/><G33/><T119/><D119/><U60/><E100/><V132/><F122/><W95/><G128/><T22/><D22/><U89/><E129/><V79/><F132/><W44/><G53/><T2/><D74/><U0/><E73/><V58/><F127/><W113/><G21/><T90/><D90/><U8/><E0/><V49/><F79/><W134/><G134/><T72/><D72/><U63/><E135/><V94/><REACH who="2" step="1"/><F11/><REACH who="2" ten="337,101,7,545" step="2"/><W65/><G113/><T71/><D126/><U26/><E59/><AGARI ba="1,1" hai="30,31,49,55,56,57,58,59,84,85,86,88,94,99" machi="59" ten="40,8000,1" yaku="1,1,2,1,8,1,54,1,53,0" doraHai="7" doraHaiUra="115" who="2" fromWho="1" sc="337,0,101,-83,7,93,545,0" /><INIT seed="5,0,0,2,4,65" ten="337,18,100,545" oya="1" hai0="38,56,1,45,103,95,63,44,12,78,108,79,62" hai1="92,129,35,69,54,127,96,73,83,120,66,18,4" hai2="75,59,121,130,106,17,26,25,37,24,6,23,32" hai3="49,115,116,52,91,20,119,132,98,30,51,109,72"/><U19/><E120/><V101/><F121/><W67/><G72/><T53/><D1/><U36/><E35/><V47/><F75/><W33/><G33/><T125/><D125/><U40/><E127/><V50/><F130/><W80/><G67/><T131/><D131/><U13/><E129/><V87/><F6/><W14/><G109/><T55/><D108/><U97/><E54/><V88/><F37/><W34/><G34/><T107/><D107/><U74/><E4/><V9/><F9/><W94/><G115/><T2/><D2/><U27/><E27/><V89/><F89/><W118/><G132/><T100/><D12/><U85/><E36/><V77/><F77/><W21/><G30/><T105/><D105/><U64/><E40/><V113/><F113/><W71/><G71/><T61/><D38/><U81/><E85/><V134/><F59/><N who="3" m="33167" /><G51/><T7/><D63/><U110/><E110/><V11/><F11/><W16/><G80/><T3/><D3/><U57/><E57/><V112/><F112/><W68/><G68/><T128/><D128/><U123/><E123/><V48/><F134/><W104/><G104/><T39/><D39/><U70/><E13/><N who="2" m="9647" /><F32/><W114/><G114/><T15/><D7/><U58/><E58/><V60/><F60/><W22/><AGARI ba="0,0" hai="14,16,20,21,22,91,94,98,116,118,119" m="33167" machi="22" ten="40,5200,0" yaku="12,1,54,2" doraHai="65" who="3" fromWho="3" sc="337,-13,18,-26,100,-13,545,52" owari="324,12.0,-8,-51.0,87,-31.0,597,70.0" /></mjloggm>