<mjloggm ver="2.3"><GO type="225" lobby="0"/><UN n0="%E5%87%BA%E6%B0%B4" n1="%E3%82%AB%E3%83%A9%E3%82%B9%E3%81%AE%E5%AD%90" n2="%E5%B0%B1%E6%B4%BB%E7%94%9F%40%E5%B7%9D%E6%9D%91%E8%BB%8D%E5%9B%A3" n3="%6C%65%74%69%74%62%65" dan="16,17,17,17" rate="2065.78,2161.80,2179.90,2146.00" sx="M,M,M,F"/><TAIKYOKU oya="0"/><INIT seed="0,0,0,1,1,95" ten="250,250,250,250" oya="0" hai0="125,28,3,113,101,30,121,73,98,39,93,110,46" hai1="11,34,60,128,65,64,131,47,26,36,72,100,52" hai2="82,33,114,7,119,123,115,87,29,91,32,24,62" hai3="48,108,122,45,129,14,117,79,15,41,99,134,116"/><T40/><D121/><U88/><E72/><V84/><F123/><W118/><G122/><T97/><D113/><U56/><E100/><V10/><F33/><W71/><G108/><T94/><D125/><U133/><E133/><V124/><F124/><W85/><G71/><T53/><D110/><U102/><E102/><V104/><F104/><W69/><G69/><T19/><D3/><U103/><E103/><V2/><F119/><W83/><G134/><T54/><D73/><U23/><E34/><V107/><F107/><W63/><G129/><N who="1" m="49738" /><E11/><V135/><F135/><W5/><G63/><T18/><D18/><N who="1" m="12663" /><E36/><V90/><REACH who="2" step="1"/><F62/><REACH who="2" ten="250,250,240,250" step="2"/><W67/><G117/><T58/><D19/><U76/><E76/><V43/><F43/><W6/><G116/><T77/><D77/><U105/><E105/><V61/><F61/><W8/><G118/><T21/><D21/><U81/><E47/><V75/><F75/><W42/><G41/><T31/><REACH who="0" step="1"/><D58/><REACH who="0" ten="240,250,240,250" step="2"/><U78/><E78/><V27/><F27/><W86/><G79/><T12/><D12/><U106/><E106/><V112/><F112/><W49/><G14/><T92/><D92/><AGARI ba="0,2" hai="2,7,10,24,29,32,82,84,87,90,91,92,114,115" machi="92" ten="30,2000,0" yaku="1,1,7,1,53,0" doraHai="95" doraHaiUra="16" who="2" fromWho="0" sc="240,-20,250,0,240,40,250,0" /><INIT seed="1,0,0,5,2,88" ten="220,250,280,250" oya="1" hai0="62,29,82,0,103,102,60,101,116,128,81,11,49" hai1="45,80,134,26,114,106,48,10,21,105,85,35,46" hai2="96,50,126,117,20,108,115,59,73,94,99,98,37" hai3="23,47,38,77,72,30,132,32,122,70,135,78,125"/><U31/><E114/><V15/><F37/><W17/><G122/><T71/><D116/><U36/><E134/><V69/><F69/><W90/><G70/><T6/><D128/><U68/><E68/><V74/><F117/><W12/><G125/><T63/><D71/><U79/><E10/><V109/><F126/><W52/><G72/><T130/><D130/><U9/><E36/><V66/><F74/><W41/><G90/><T104/><D104/><U61/><E61/><N who="2" m="38207" /><F50/><W129/><G129/><T28/><REACH who="0" step="1"/><D49/><REACH who="0" ten="210,250,280,250" step="2"/><U44/><E48/><V127/><F127/><W111/><G132/><T39/><D39/><U42/><E42/><V75/><F115/><W51/><G135/><T5/><D5/><U112/><E112/><V110/><F75/><W25/><REACH who="3" step="1"/><G111/><REACH who="3" ten="210,250,280,240" step="2"/><T55/><D55/><U113/><E113/><V91/><F73/><W93/><G93/><T107/><D107/><U131/><E131/><V87/><F109/><W56/><AGARI ba="0,2" hai="12,17,23,25,30,32,38,41,47,51,52,56,77,78" machi="56" ten="20,8000,1" yaku="1,1,0,1,7,1,54,1,53,1" doraHai="88" doraHaiUra="22" who="3" fromWho="3" sc="210,-20,250,-40,280,-20,240,100" /><INIT seed="2,0,0,4,1,67" ten="190,210,260,340" oya="2" hai0="63,94,96,35,33,14,101,105,68,50,53,38,89" hai1="27,88,61,60,23,31,77,6,1,93,16,99,46" hai2="52,115,111,132,41,21,117,29,26,36,95,82,74" hai3="54,66,79,110,45,58,133,92,75,42,123,107,17"/><V120/><F120/><W129/><G107/><T103/><D38/><U85/><E1/><V119/><F115/><W130/><G123/><T62/><D14/><U7/><E46/><V87/><F36/><W102/><G110/><T125/><D125/><U15/><E61/><V0/><F0/><W80/><G66/><T5/><D5/><U98/><E60/><V20/><F41/><W108/><G108/><T59/><D103/><U18/><E18/><V13/><F74/><W57/><G17/><T70/><D62/><U40/><E40/><V2/><F2/><W83/><G83/><T116/><D116/><U84/><E77/><V10/><F111/><W64/><G64/><T128/><D128/><N who="3" m="49257" /><G133/><T25/><D63/><U56/><E56/><V126/><F21/><W72/><G72/><T24/><D24/><U3/><E3/><V127/><F95/><W49/><G54/><T19/><D19/><U112/><E112/><V135/><F52/><W69/><G69/><T55/><D55/><U65/><E65/><V91/><F117/><W106/><G106/><T39/><D39/><U8/><E85/><V43/><F43/><W76/><G79/><T114/><D114/><U97/><AGARI ba="0,0" hai="6,7,8,15,16,23,27,31,84,88,93,97,98,99" machi="97" ten="30,7900,0" yaku="0,1,8,1,54,2" doraHai="67" who="1" fromWho="1" sc="190,-20,210,79,260,-39,340,-20" /><INIT seed="3,0,0,4,4,72" ten="170,289,221,320" oya="3" hai0="73,34,130,70,45,9,105,44,132,36,35,86,113" hai1="84,43,109,30,90,46,54,71,55,62,129,83,1" hai2="94,128,114,50,3,33,93,81,10,97,27,91,77" hai3="49,0,101,85,11,117,48,131,87,12,125,120,19"/><W15/><G120/><T102/><D102/><U16/><E1/><V37/><F37/><W2/><G117/><T116/><D86/><N who="3" m="32777" /><G0/><T67/><D67/><U119/><E109/><V20/><F114/><W14/><G2/><T53/><D53/><U8/><E129/><V95/><F33/><W26/><G131/><T25/><D25/><U23/><E119/><V31/><F128/><W115/><G125/><T22/><D22/><U68/><E8/><V13/><F3/><W79/><G79/><T118/><D9/><U4/><E4/><V80/><F50/><N who="3" m="19563" /><G115/><T6/><D6/><U42/><E30/><V63/><F63/><W127/><G127/><T126/><D44/><U65/><E71/><V75/><F81/><W122/><G122/><T32/><D32/><U5/><E5/><AGARI ba="0,0" hai="5,10,13,20,27,31,75,77,80,91,93,94,95,97" machi="5" ten="30,2000,0" yaku="7,1,52,1" doraHai="72" who="2" fromWho="1" sc="170,0,289,-20,221,20,320,0" owari="170,-33.0,269,7.0,241,-16.0,320,42.0" /></mjloggm>