<mjloggm ver="2.3"><GO type="169" lobby="0"/><UN n0="%E3%83%95%E3%82%A1%E3%83%B3%E3%83%95%E3%82%A1%E3%83%BC%E3%83%AC" n1="%E3%82%A6%E3%83%AB%E3%83%88%E3%83%A9%E7%AB%8B%E7%9B%B4" n2="%6A%75%6D%70%2D%75%70" n3="%68%65%74" dan="16,16,16,16" rate="2088.72,2104.32,2098.46,2116.99" sx="M,M,M,M"/><TAIKYOKU oya="0"/><INIT seed="0,0,0,4,2,67" ten="250,250,250,250" oya="0" hai0="36,23,76,121,27,48,125,75,8,41,68,77,16" hai1="40,21,42,11,24,59,32,50,33,13,52,135,56" hai2="2,14,0,93,15,87,45,95,78,82,20,81,110" hai3="122,65,114,118,83,29,109,71,28,51,34,97,96"/><T91/><D121/><U102/><E135/><V115/><F110/><W90/><G109/><T127/><D68/><U86/><E102/><V92/><F115/><W80/><G114/><T72/><D91/><U131/><E131/><V106/><F106/><W105/><G118/><T6/><D48/><U111/><E111/><V49/><F2/><W126/><G126/><N who="0" m="48139" /><D76/><U70/><E70/><V26/><F0/><W53/><G122/><T3/><D77/><U134/><E32/><V132/><F81/><W54/><G34/><T46/><AGARI ba="0,0" hai="3,6,8,16,23,27,36,41,46,72,75" m="48139" machi="46" ten="30,3000,0" yaku="18,1,54,1" doraHai="67" who="0" fromWho="0" sc="250,30,250,-10,250,-10,250,-10" /><INIT seed="0,1,0,1,3,79" ten="280,240,240,240" oya="0" hai0="105,4,87,102,5,112,65,135,33,23,25,40,32" hai1="64,15,56,41,126,35,67,55,0,90,70,34,106" hai2="59,61,9,38,75,6,98,88,37,27,72,42,118" hai3="39,95,30,3,14,89,113,24,97,48,85,57,54"/><T22/><D102/><U47/><E0/><V13/><F118/><W51/><G3/><T2/><D105/><U71/><E106/><V100/><F100/><W76/><G39/><T7/><D65/><N who="1" m="25163" /><E90/><V114/><F114/><W26/><G113/><T46/><D112/><U12/><E15/><V122/><F122/><W11/><G30/><T45/><D135/><U19/><E19/><V10/><F42/><W31/><G31/><T133/><D133/><U116/><E12/><V17/><F27/><W74/><G74/><T131/><D131/><U81/><E81/><V119/><F72/><W43/><G97/><T104/><D104/><U44/><E34/><V36/><F75/><W111/><G111/><T80/><D2/><U99/><E99/><V21/><F119/><W109/><G109/><T20/><D25/><U73/><E73/><V63/><F63/><W69/><G69/><N who="1" m="26122" /><E35/><V124/><F124/><W117/><G117/><T28/><D28/><U77/><E77/><V53/><REACH who="2" step="1"/><F6/><REACH who="2" ten="280,240,230,240" step="2"/><W128/><G26/><T83/><D5/><U129/><E116/><V96/><F96/><W78/><G24/><T86/><D20/><U94/><E126/><V18/><F18/><N who="3" m="8543" /><G128/><T134/><D134/><U120/><E120/><V101/><F101/><W60/><G43/><AGARI ba="1,1" hai="4,7,22,23,32,33,40,43,45,46,80,83,86,87" machi="43" ten="25,9600,0" yaku="22,2,52,2" doraHai="79" who="0" fromWho="3" sc="280,109,240,0,230,0,240,-99" /><INIT seed="0,2,0,4,5,81" ten="389,240,230,141" oya="0" hai0="116,96,1,6,34,89,54,63,48,50,98,62,93" hai1="68,103,9,90,11,18,121,113,72,71,25,126,101" hai2="118,100,134,29,31,123,67,106,117,66,44,132,45" hai3="114,26,30,61,111,115,33,35,119,65,53,124,84"/><T122/><D122/><U43/><E121/><V15/><F15/><W4/><G111/><T74/><D74/><U0/><E72/><V129/><F100/><W7/><G124/><T28/><D116/><N who="2" m="44650" /><F123/><W22/><G119/><T3/><D28/><N who="2" m="10826" /><F106/><W105/><G105/><T24/><D24/><U107/><E107/><V120/><F129/><W20/><G53/><T108/><D34/><U95/><E126/><V97/><F97/><W51/><G51/><T16/><D16/><U110/><E103/><V85/><F85/><W60/><G65/><N who="2" m="24585" /><F120/><W87/><G26/><T5/><D108/><U57/><E101/><V19/><F19/><W127/><G30/><T40/><D96/><U73/><E73/><V80/><F80/><W128/><REACH who="3" step="1"/><G127/><REACH who="3" ten="389,240,230,131" step="2"/><T99/><D48/><U49/><E49/><V10/><F10/><W76/><G76/><T21/><D50/><U69/><E11/><V75/><F75/><W83/><G83/><T39/><D54/><U59/><E9/><V82/><F82/><W70/><G70/><T56/><D56/><U109/><E59/><V125/><F125/><W91/><G91/><T78/><D89/><U77/><E57/><V13/><F13/><W14/><G14/><T130/><D78/><U104/><E77/><V92/><F92/><W79/><G79/><T23/><D93/><U55/><E95/><V52/><F52/><W8/><G8/><T102/><D102/><U12/><E55/><V58/><F58/><W64/><G64/><T135/><D63/><U38/><E71/><V47/><AGARI ba="2,1" hai="44,45,47,132,134" m="24585,10826,44650" machi="47" ten="40,5200,0" yaku="28,2,12,1" doraHai="81" who="2" fromWho="2" sc="389,-28,240,-15,230,68,131,-15" /><INIT seed="1,0,0,5,0,44" ten="361,225,298,116" oya="1" hai0="109,122,70,17,98,114,68,32,25,7,80,57,91" hai1="43,78,24,37,8,81,125,45,35,59,74,85,23" hai2="21,96,97,72,71,29,27,63,6,41,132,101,133" hai3="116,67,120,107,5,15,76,89,30,77,42,102,93"/><U1/><E125/><V126/><F72/><W10/><G120/><T115/><D7/><U99/><E99/><V113/><F126/><W39/><G116/><T88/><D109/><U53/><E35/><V103/><F113/><W94/><G107/><T52/><D122/><U92/><E92/><V100/><F41/><W50/><G39/><T65/><D91/><U119/><E119/><V66/><REACH who="2" step="1"/><F6/><REACH who="2" ten="361,225,288,116" step="2"/><W26/><G42/><T105/><D115/><U47/><E74/><V104/><F104/><W121/><G121/><T48/><D114/><U83/><E43/><V60/><F60/><W58/><G5/><T82/><D105/><U16/><E37/><V135/><AGARI ba="0,1" hai="21,27,29,63,66,71,96,97,100,101,103,132,133,135" machi="135" ten="40,8000,1" yaku="1,1,0,1,20,1,53,1" doraHai="44" doraHaiUra="62" who="2" fromWho="2" sc="361,-20,225,-40,288,90,116,-20" /><INIT seed="2,0,0,1,4,113" ten="341,185,378,96" oya="2" hai0="83,75,87,34,102,89,3,96,56,7,68,93,109" hai1="6,17,11,94,53,28,67,71,22,57,37,52,115" hai2="54,29,65,106,74,16,118,59,62,131,4,26,124" hai3="77,66,32,100,130,0,95,99,91,58,125,61,2"/><V127/><F106/><W43/><G130/><T92/><D68/><U122/><E115/><V46/><F74/><W107/><G125/><N who="2" m="48201" /><F4/><W73/><G32/><T36/><D36/><U98/><E37/><V76/><F76/><W14/><G43/><T18/><D34/><U63/><E122/><V85/><F85/><W51/><G51/><T132/><D18/><U27/><E71/><V120/><F120/><W101/><G101/><T24/><D24/><U31/><E31/><V12/><F131/><W72/><G72/><T9/><D109/><U41/><E41/><V129/><F46/><W70/><G70/><T8/><D8/><U116/><E28/><V123/><F65/><W60/><G60/><T49/><D132/><U39/><E39/><V111/><F111/><W86/><REACH who="3" step="1"/><G14/><REACH who="3" ten="341,185,378,86" step="2"/><T69/><D69/><U90/><E116/><V128/><F118/><W25/><G25/><T20/><D75/><U126/><E126/><V45/><F123/><W64/><G64/><T84/><D49/><U50/><E50/><N who="2" m="29007" /><F26/><W35/><G35/><T79/><D56/><U82/><E82/><AGARI ba="0,1" hai="0,2,58,61,66,73,77,82,86,91,95,99,100,107" machi="82" ten="40,8000,1" yaku="1,1,24,2,53,1" doraHai="113" doraHaiUra="81" who="3" fromWho="1" sc="341,0,185,-80,378,0,86,90" /><INIT seed="3,0,0,0,3,43" ten="341,105,378,176" oya="3" hai0="12,83,76,53,71,99,1,45,13,90,113,20,31" hai1="56,18,103,9,29,129,17,110,32,73,114,97,33" hai2="51,47,75,64,42,62,0,87,65,116,81,120,38" hai3="77,35,115,16,52,133,104,37,101,126,89,55,125"/><W94/><G115/><T107/><D1/><U92/><E114/><V95/><F0/><W91/><G133/><T82/><D71/><U111/><E73/><V2/><F2/><W112/><G112/><T105/><D113/><U57/><E129/><V24/><F116/><W59/><G35/><T14/><D83/><U86/><E86/><V106/><F106/><W134/><G134/><T67/><D67/><U39/><E39/><V127/><F127/><N who="3" m="48651" /><G37/><T80/><D80/><U88/><E103/><V135/><F135/><W124/><N who="3" m="48659" /><W109/><DORA hai="122" /><G109/><N who="1" m="41482" /><E29/><V108/><F108/><W100/><G77/><T15/><D99/><U19/><E9/><V54/><F75/><W93/><G104/><T49/><D90/><N who="3" m="34313" /><G55/><T23/><D107/><U96/><E96/><V34/><F38/><W21/><G101/><T63/><D105/><U50/><E50/><V74/><F74/><W132/><G100/><T130/><D130/><U61/><E56/><V66/><F51/><N who="3" m="31135" /><G132/><T118/><D118/><U119/><E119/><V5/><F64/><AGARI ba="0,0" hai="17,18,19,32,33,57,61,64,88,92,97" m="41482" machi="64" ten="30,8000,1" yaku="14,1,52,3,54,1" doraHai="43,122" who="1" fromWho="2" sc="341,0,105,80,378,-80,176,0" /><INIT seed="4,0,0,3,4,105" ten="341,185,298,176" oya="0" hai0="20,59,24,12,82,27,46,126,4,6,5,63,14" hai1="41,127,87,65,39,117,91,42,99,75,58,33,69" hai2="54,71,35,60,109,23,88,90,121,94,79,113,50" hai3="115,61,32,119,16,64,21,83,49,68,122,118,44"/><T56/><D126/><U52/><E117/><V98/><F35/><W26/><G115/><T128/><D128/><U85/><E33/><V55/><F71/><W17/><G122/><T72/><D46/><U13/><E127/><V114/><F79/><W120/><G120/><T108/><D108/><U86/><E75/><V11/><F11/><W7/><G7/><T62/><D72/><U10/><E39/><V30/><F109/><W81/><G32/><T76/><D76/><U9/><E65/><V51/><F60/><N who="0" m="23082" /><D82/><U57/><E69/><V15/><F90/><W66/><G66/><T131/><D131/><U111/><E111/><V8/><F23/><W48/><G48/><N who="2" m="18473" /><F30/><W77/><G17/><T2/><D2/><U43/><E52/><N who="2" m="20011" /><F121/><W84/><G83/><T102/><D102/><U38/><E38/><V96/><F8/><W92/><G92/><T36/><D36/><U97/><E9/><V132/><F15/><N who="0" m="5674" /><D20/><U53/><E91/><V101/><F132/><W123/><REACH who="3" step="1"/><G123/><REACH who="3" ten="341,185,298,166" step="2"/><T89/><D5/><N who="1" m="3279" /><E53/><AGARI ba="0,1" hai="16,21,26,44,49,53,61,64,68,77,81,84,118,119" machi="53" ten="30,3900,0" yaku="1,1,7,1,54,1,53,0" doraHai="105" doraHaiUra="107" who="3" fromWho="1" sc="341,0,185,-39,298,0,166,49" /><INIT seed="5,0,0,1,3,61" ten="341,146,298,215" oya="1" hai0="90,94,23,53,127,134,42,62,17,76,18,49,98" hai1="126,115,116,113,135,91,40,22,16,68,64,81,65" hai2="38,6,87,47,0,27,25,92,33,24,117,14,119" hai3="102,54,83,51,105,63,8,11,95,82,67,31,89"/><U3/><E3/><V133/><F87/><W88/><G31/><T34/><D34/><U93/><E116/><V50/><F92/><W118/><G118/><N who="2" m="45065" /><F50/><W130/><G130/><T74/><D127/><U10/><E68/><V97/><F47/><N who="3" m="28031" /><G105/><T99/><D134/><U30/><E135/><V100/><F97/><N who="3" m="59711" /><G82/><T44/><D99/><N who="1" m="57791" /><E126/><V114/><F100/><W128/><G128/><T21/><D76/><U121/><E121/><V129/><F38/><W86/><G89/><T35/><D35/><U78/><E40/><V60/><F133/><W69/><G69/><T2/><D2/><U13/><E30/><V41/><F129/><W26/><G26/><N who="2" m="6657" /><V37/><DORA hai="77" /><F41/><W80/><G80/><T123/><D123/><U110/><E22/><N who="0" m="8201" /><D74/><N who="1" m="43223" /><E110/><V15/><F33/><W29/><G29/><T108/><D108/><U39/><E39/><V70/><F37/><W85/><G85/><T84/><D84/><U103/><E103/><V48/><F70/><W20/><G20/><T107/><D107/><U28/><E28/><V12/><F0/><W46/><G46/><T106/><D106/><U36/><E36/><V73/><F73/><W72/><G72/><T111/><D111/><U4/><E4/><V79/><F6/><W7/><G7/><T5/><D5/><U58/><E58/><AGARI ba="0,0" hai="17,18,42,44,49,53,58,62,90,94,98" m="8201" machi="58" ten="30,1000,0" yaku="8,1" doraHai="61,77" who="0" fromWho="1" sc="341,10,146,-10,298,0,215,0" /><INIT seed="6,0,0,2,5,33" ten="351,136,298,215" oya="2" hai0="4,88,12,112,134,76,60,68,75,50,6,123,53" hai1="38,130,31,40,65,23,56,96,103,77,63,73,21" hai2="54,128,81,15,41,107,104,13,79,97,36,132,90" hai3="32,135,27,26,116,87,66,39,99,64,72,111,133"/><V108/><F132/><N who="3" m="50763" /><G72/><T9/><D134/><U82/><E130/><V70/><F128/><W24/><G116/><T125/><D76/><U127/><E127/><V115/><F70/><W52/><G39/><T34/><D34/><U3/><E38/><V113/><F41/><W78/><G32/><T92/><D75/><U110/><E110/><V37/><F54/><W80/><G111/><T48/><D68/><U19/><E40/><V85/><F15/><W118/><G118/><T55/><D123/><U20/><E19/><V28/><F13/><W43/><G43/><T93/><D60/><U106/><E106/><V42/><F42/><W129/><G129/><T25/><D25/><U59/><E59/><V29/><F29/><W101/><G52/><N who="0" m="20043" /><D112/><N who="2" m="43082" /><F28/><W67/><G24/><T114/><D114/><U30/><E30/><V61/><F61/><W44/><G44/><T10/><D125/><U86/><E73/><V98/><F36/><W126/><G126/><T47/><D47/><U58/><E58/><V35/><F35/><W89/><G78/><T16/><D93/><AGARI ba="0,0" hai="26,27,64,66,67,80,87,89,93,99,101" m="50763" machi="93" ten="30,1000,0" yaku="20,1" doraHai="33" who="3" fromWho="0" sc="351,-10,136,0,298,0,215,10" /><INIT seed="7,0,0,2,2,66" ten="341,136,298,225" oya="3" hai0="21,76,82,4,15,9,94,91,93,120,95,69,107" hai1="108,128,111,78,11,23,106,85,84,75,74,86,109" hai2="12,19,92,8,60,13,5,41,54,121,61,43,68" hai3="18,103,122,132,35,39,81,126,100,58,51,96,50"/><W3/><G39/><T22/><D69/><U63/><E23/><N who="0" m="8713" /><D107/><U57/><E11/><V71/><F121/><W110/><G35/><T37/><D37/><U67/><E57/><V135/><F135/><W27/><G3/><T72/><D72/><N who="1" m="27691" /><E63/><V112/><F112/><W7/><G7/><T130/><D130/><U48/><E48/><V99/><F54/><W0/><G51/><T88/><D120/><U59/><E59/><V114/><F114/><W80/><G58/><T53/><D82/><U101/><E67/><V90/><F60/><W17/><G50/><T55/><D76/><U2/><E2/><V79/><F79/><W117/><G27/><T70/><D70/><U125/><E78/><V77/><F77/><W89/><G0/><T49/><D53/><U14/><E14/><V115/><F115/><W98/><G122/><T42/><D42/><U28/><E28/><V29/><F29/><W123/><G123/><T127/><D127/><U25/><E25/><V118/><F61/><W104/><G126/><T34/><D34/><U32/><E32/><V45/><F43/><W26/><G26/><T97/><D97/><U47/><E47/><AGARI ba="0,0" hai="4,9,15,47,49,55,88,91,93,94,95" m="8713" machi="47" ten="30,2000,0" yaku="8,1,54,1" doraHai="66" who="0" fromWho="1" sc="341,20,136,-20,298,0,225,0" owari="361,45.0,116,-38.0,298,10.0,225,-17.0" /></mjloggm>