<mjloggm ver="2.3"><GO type="169" lobby="0"/><UN n0="%79%6F%73%68%69%72%6F%75" n1="%42%61%72%64%61%6E%74" n2="%E3%82%A6%E3%83%AB%E3%83%88%E3%83%A9%E7%AB%8B%E7%9B%B4" n3="%E3%81%BD%E3%82%93%E3%81%93%E3%81%A4%E9%98%BF%E8%B3%80%E9%87%8E%E5%A7%89" dan="16,17,17,16" rate="2195.56,2119.91,2186.76,2033.79" sx="M,M,M,F"/><TAIKYOKU oya="0"/><INIT seed="0,0,0,2,0,60" ten="250,250,250,250" oya="0" hai0="94,110,100,102,20,2,4,86,17,45,33,70,23" hai1="56,39,87,91,11,25,5,122,114,88,118,65,131" hai2="58,18,62,116,43,22,55,106,127,9,123,3,79" hai3="124,38,12,82,105,83,89,67,120,49,111,40,63"/><T31/><D33/><U90/><E122/><V15/><F123/><W66/><G105/><T77/><D70/><U64/><E118/><V48/><F106/><W29/><G38/><T133/><D133/><U37/><E131/><V1/><F116/><W41/><G29/><T97/><D110/><U35/><E114/><V95/><F127/><W16/><G124/><T26/><D100/><U57/><E37/><V42/><F79/><W69/><G111/><T34/><D34/><U98/><E39/><V126/><F126/><W75/><G75/><T103/><D103/><U53/><E98/><V135/><F135/><W54/><G67/><N who="1" m="25674" /><E35/><V46/><F43/><W129/><G129/><T19/><D2/><U74/><E74/><V32/><F32/><W52/><G54/><T13/><D4/><U85/><E25/><V8/><F3/><W24/><G24/><T71/><D71/><U125/><E125/><V10/><F1/><W117/><G117/><T130/><D130/><U28/><E28/><V101/><F101/><W119/><G119/><T14/><D31/><U108/><E108/><V84/><F84/><N who="1" m="32329" /><E53/><V128/><F128/><W61/><G120/><T51/><D86/><U92/><E92/><AGARI ba="0,0" hai="8,9,10,15,18,22,42,46,48,55,58,62,92,95" machi="92" ten="40,1300,0" yaku="8,1" doraHai="60" who="2" fromWho="1" sc="250,0,250,-13,250,13,250,0" /><INIT seed="1,0,0,5,3,73" ten="250,237,263,250" oya="1" hai0="48,118,49,115,80,56,109,107,60,28,43,51,95" hai1="119,47,11,82,86,92,31,83,104,13,42,135,87" hai2="69,39,32,18,116,9,130,30,54,90,74,20,88" hai3="105,111,122,103,113,6,114,24,123,57,89,75,67"/><U26/><E104/><V21/><F116/><W23/><G6/><T7/><D107/><U16/><E119/><V71/><F39/><W25/><G75/><T38/><D118/><U58/><E135/><V44/><F32/><W10/><G10/><T132/><D132/><U50/><E58/><V81/><F9/><W133/><G133/><T125/><D28/><U40/><E40/><V52/><F30/><W121/><G89/><T64/><D95/><U36/><E36/><V41/><F41/><W70/><G70/><N who="0" m="42247" /><D80/><U1/><E1/><V117/><F117/><W127/><G103/><T93/><D93/><U8/><E8/><V99/><F74/><W72/><G72/><T94/><D94/><U100/><E86/><V3/><F44/><W112/><G105/><T131/><D7/><U55/><E42/><V33/><F18/><W84/><G84/><T128/><D115/><U35/><REACH who="1" step="1"/><E87/><REACH who="1" ten="250,227,263,250" step="2"/><V62/><F3/><W97/><G112/><T76/><D38/><U61/><E61/><V96/><F62/><N who="3" m="38351" /><G113/><T4/><D43/><U66/><E66/><V19/><F69/><W110/><G114/><T120/><D56/><U63/><E63/><V53/><F71/><W59/><G59/><T2/><D2/><U27/><E27/><V37/><F37/><W22/><G25/><T34/><D4/><U78/><E78/><V46/><F53/><W101/><G24/><T126/><D76/><U124/><E124/><V108/><F54/><W17/><G127/><T134/><D126/><U129/><E129/><V12/><F130/><W29/><G121/><T102/><D128/><RYUUKYOKU ba="0,1" sc="250,-10,227,30,263,-10,250,-10" hai1="11,13,16,26,31,35,47,50,55,82,83,92,100" /><INIT seed="1,1,1,5,2,113" ten="240,257,253,240" oya="1" hai0="90,17,3,65,49,100,40,108,48,27,109,103,63" hai1="112,134,72,129,91,102,122,32,124,120,22,128,67" hai2="1,59,110,12,24,84,47,30,44,116,74,117,34" hai3="71,127,98,85,51,25,4,89,11,135,121,56,60"/><U78/><E67/><V114/><F74/><W37/><G121/><T94/><D3/><U99/><E32/><V132/><F1/><W105/><G37/><T119/><D119/><U14/><E22/><V46/><F114/><W19/><G71/><N who="0" m="42431" /><D17/><U69/><E14/><V26/><F110/><N who="0" m="42602" /><D27/><U9/><E9/><V86/><F132/><W115/><G127/><T5/><D5/><U7/><E7/><V130/><F130/><N who="1" m="50281" /><E69/><V38/><F38/><W23/><G135/><T126/><D126/><U15/><E15/><V39/><F39/><W58/><G115/><T111/><N who="0" m="42610" /><T80/><DORA hai="54" /><D80/><N who="1" m="45127" /><E134/><V42/><F42/><W45/><G4/><T68/><D68/><U81/><E124/><V79/><F12/><W92/><G11/><T0/><D0/><U61/><E61/><V131/><F131/><W82/><G60/><T8/><D8/><U16/><E16/><V28/><F26/><W36/><G36/><T66/><D66/><U118/><E112/><V2/><F30/><W52/><REACH who="3" step="1"/><G105/><REACH who="3" ten="240,257,253,230" step="2"/><T75/><D49/><U62/><E62/><V96/><F2/><W50/><G50/><T93/><D48/><U88/><E122/><V35/><F34/><W133/><G133/><T101/><D40/><U55/><E120/><V123/><F35/><W76/><AGARI ba="1,2" hai="19,23,25,45,51,52,56,58,76,82,85,89,92,98" machi="76" ten="20,16000,3" yaku="1,1,0,1,7,1,8,1,52,2,54,1,53,1" doraHai="113,54" doraHaiUra="20,106" who="3" fromWho="3" sc="240,-41,257,-81,253,-41,230,183" /><INIT seed="2,0,0,3,1,60" ten="199,176,212,413" oya="2" hai0="10,0,99,41,34,29,35,53,26,86,94,42,21" hai1="43,119,50,112,40,37,9,32,44,55,19,107,128" hai2="51,71,49,13,48,90,101,105,52,134,126,64,91" hai3="58,67,118,25,65,103,36,124,113,57,77,106,28"/><V15/><F105/><W127/><G118/><T131/><D131/><U115/><E107/><V11/><F101/><W7/><G36/><T33/><D86/><U69/><E32/><V123/><F123/><W4/><G77/><T85/><D85/><U89/><E89/><N who="2" m="33803" /><F71/><W54/><G113/><T117/><D117/><U129/><E9/><V72/><F72/><W109/><G109/><T14/><D0/><U111/><E19/><N who="2" m="8639" /><F126/><N who="3" m="48171" /><G57/><T39/><D39/><U82/><E111/><V88/><N who="2" m="33811" /><V104/><DORA hai="116" /><F104/><W68/><G68/><T63/><D94/><U132/><E119/><V108/><F108/><W80/><G80/><T61/><D99/><U81/><E82/><V98/><F98/><N who="3" m="61815" /><G4/><T121/><D121/><U38/><E81/><V59/><F134/><W83/><G7/><T5/><REACH who="0" step="1"/><D53/><REACH who="0" ten="189,176,212,413" step="2"/><U27/><E37/><V73/><F73/><W95/><G83/><T22/><D22/><U76/><E38/><V97/><F97/><W87/><G87/><T122/><D122/><U84/><E84/><V20/><F64/><W133/><G95/><T12/><D12/><U46/><E115/><V56/><F52/><W92/><G92/><T6/><D6/><U75/><E55/><V96/><F96/><W1/><G67/><T125/><D125/><U74/><E112/><V31/><F15/><W79/><G65/><T45/><D45/><U66/><E74/><V102/><F102/><W24/><G1/><T16/><D16/><U70/><E75/><V18/><F18/><W135/><G79/><T130/><D130/><U93/><E66/><V100/><F100/><RYUUKYOKU ba="0,1" sc="189,15,176,-15,212,15,413,-15" hai0="5,10,14,21,26,29,33,34,35,41,42,61,63" hai2="20,31,48,49,51,56,59" /><INIT seed="2,1,1,5,2,85" ten="204,161,227,398" oya="2" hai0="86,72,76,40,77,89,16,106,9,87,109,88,43" hai1="0,65,126,39,27,10,112,93,44,37,56,60,3" hai2="107,91,96,13,134,84,128,81,7,102,123,36,115" hai3="120,42,114,50,75,83,98,80,2,99,24,29,4"/><V101/><F36/><W15/><G120/><T59/><D106/><U105/><E105/><V111/><F7/><W100/><G2/><T57/><D72/><U71/><E112/><V45/><F45/><W121/><G121/><T1/><D1/><U97/><E126/><V92/><F123/><W74/><G74/><T41/><D109/><U133/><E133/><V117/><F13/><W73/><G73/><T47/><D47/><U30/><E71/><V23/><F23/><W38/><G38/><T54/><D87/><U18/><E18/><V20/><F20/><W125/><G125/><T110/><D110/><U46/><E46/><V129/><F111/><W58/><G75/><T108/><D108/><U35/><E10/><V124/><F124/><W33/><G114/><T69/><D69/><U34/><E34/><V52/><F52/><W55/><G42/><T6/><D6/><U53/><E39/><V12/><F12/><W127/><G98/><T49/><D59/><U5/><E5/><V32/><F32/><W63/><G63/><T122/><D122/><U17/><E17/><V22/><F22/><W62/><G62/><T95/><D89/><U113/><E113/><V48/><F115/><W104/><REACH who="3" step="1"/><G127/><REACH who="3" ten="204,161,227,388" step="2"/><T26/><D26/><U11/><E37/><V68/><F48/><W118/><G118/><T67/><D67/><U90/><E0/><V119/><F134/><W116/><G116/><N who="2" m="44617" /><F68/><W132/><G132/><T31/><D31/><U70/><E70/><V14/><F14/><AGARI ba="1,2" hai="9,14,16,40,41,43,49,54,57,76,77,86,88,95" machi="14" ten="40,8000,1" yaku="8,1,52,1,54,2" doraHai="85" who="0" fromWho="2" sc="204,103,161,0,227,-83,388,0" /><INIT seed="3,0,0,4,5,11" ten="307,161,144,388" oya="3" hai0="41,3,43,127,30,106,1,4,121,26,60,89,48" hai1="108,87,113,61,88,122,102,6,107,95,38,32,28" hai2="54,131,45,55,46,31,114,37,72,2,64,112,120" hai3="133,59,96,40,13,104,117,83,82,21,103,77,116"/><W56/><G40/><T22/><D121/><U80/><E113/><N who="2" m="43627" /><F31/><W68/><G68/><T47/><D127/><U90/><E38/><V67/><F2/><W69/><G69/><T18/><D106/><U71/><E122/><V42/><F72/><W115/><G83/><T50/><D60/><U35/><E108/><V99/><F99/><W73/><G133/><T10/><D1/><U109/><E109/><V0/><F0/><W63/><G59/><T20/><D89/><U130/><E130/><V51/><F120/><W8/><G21/><T91/><D91/><U33/><E6/><V93/><F93/><W19/><REACH who="3" step="1"/><G115/><REACH who="3" ten="307,161,144,378" step="2"/><T132/><D132/><U14/><E71/><V24/><F131/><W57/><G57/><T111/><D111/><U25/><E80/><V81/><F81/><W74/><G74/><T39/><REACH who="0" step="1"/><D41/><REACH who="0" ten="297,161,144,378" step="2"/><U123/><E123/><V7/><F42/><W79/><G79/><T126/><D126/><U75/><E75/><V97/><F67/><AGARI ba="0,2" hai="8,13,19,56,63,67,73,77,82,96,103,104,116,117" machi="67" ten="30,11600,0" yaku="1,1,7,1,52,1,53,1" doraHai="11" doraHaiUra="5" who="3" fromWho="2" sc="297,0,161,0,144,-116,378,136" /><INIT seed="3,1,0,2,1,40" ten="297,161,28,514" oya="3" hai0="38,106,115,134,107,13,20,0,127,126,43,124,120" hai1="105,56,44,42,33,8,135,73,62,50,68,7,48" hai2="14,64,37,19,104,72,51,92,24,76,129,70,82" hai3="78,28,4,60,52,58,122,11,109,123,113,27,9"/><W57/><G113/><T90/><D120/><U85/><E73/><V119/><F37/><W18/><G18/><N who="0" m="10319" /><D134/><U59/><E105/><V36/><F36/><W5/><G109/><T131/><D131/><U116/><E33/><V89/><F119/><W100/><G100/><T112/><D0/><U132/><E116/><V128/><F24/><W17/><G17/><T26/><D26/><U103/><E103/><V47/><F104/><N who="0" m="39978" /><D90/><U84/><E68/><V75/><F75/><W2/><G78/><T91/><D91/><U25/><E25/><V49/><F49/><W111/><G111/><T101/><D101/><U39/><E50/><V114/><F114/><N who="0" m="43562" /><D43/><U54/><E135/><V69/><F129/><W35/><G58/><T98/><D38/><U99/><E132/><V32/><F128/><W77/><G77/><T125/><D125/><U110/><E110/><V61/><F32/><W79/><G79/><T81/><D98/><U74/><E99/><V96/><F70/><W117/><G117/><T45/><D81/><U55/><E74/><V15/><REACH who="2" step="1"/><F19/><REACH who="2" ten="297,161,18,514" step="2"/><W130/><G130/><T53/><D127/><U118/><E118/><V29/><F29/><W65/><G122/><T10/><D126/><U21/><E39/><V6/><F6/><W66/><G123/><T46/><D124/><U71/><E7/><V121/><F121/><W12/><AGARI ba="1,1" hai="2,4,5,9,11,12,27,28,35,52,57,60,65,66" machi="12" ten="20,3900,0" yaku="0,1,7,1,54,1" doraHai="40" who="3" fromWho="3" sc="297,-14,161,-14,18,-14,514,52" /><INIT seed="3,2,0,4,5,17" ten="283,147,4,566" oya="3" hai0="131,90,37,51,93,114,48,30,41,9,19,122,75" hai1="106,104,78,3,85,24,8,32,120,97,69,98,36" hai2="63,68,23,20,16,35,88,110,64,111,80,6,86" hai3="116,128,96,26,65,82,49,11,2,92,58,27,54"/><W119/><G128/><T31/><D122/><U81/><E36/><V107/><F35/><W121/><G121/><T59/><D37/><U126/><E69/><V73/><F107/><W10/><G82/><T79/><D131/><U112/><E126/><V1/><F73/><W40/><G40/><T115/><D79/><U0/><E112/><N who="0" m="43049" /><D75/><U44/><E44/><V70/><F70/><W108/><G10/><T102/><D102/><U42/><E42/><V94/><F6/><W55/><G65/><T38/><D38/><U72/><E72/><V12/><F1/><W105/><G26/><T99/><D41/><U18/><E120/><V74/><F23/><W100/><G105/><T76/><D76/><U125/><E125/><V34/><F34/><W89/><G100/><T4/><D19/><U56/><E32/><V45/><F45/><W130/><G130/><T22/><D22/><U118/><E0/><V129/><F129/><W13/><G2/><N who="0" m="151" /><D59/><U29/><E56/><V87/><F74/><W43/><G43/><T101/><D90/><U53/><E78/><V52/><F52/><W123/><G55/><T135/><D135/><U7/><E53/><V62/><F62/><W124/><G123/><T33/><D33/><U61/><E61/><V60/><F60/><W57/><G57/><T46/><D46/><U67/><E67/><V133/><F133/><W50/><G124/><T91/><D101/><U25/><E7/><V39/><F39/><W109/><G58/><T84/><D84/><U83/><E85/><V15/><F15/><W132/><G13/><T5/><D5/><RYUUKYOKU ba="2,0" sc="283,15,147,-15,4,15,566,-15" hai0="30,31,48,51,91,93,99" hai2="12,16,20,63,64,68,80,86,87,88,94,110,111" /><INIT seed="4,3,0,3,5,10" ten="298,132,19,551" oya="0" hai0="54,30,122,120,98,91,117,49,99,16,62,22,89" hai1="74,123,90,72,80,92,132,50,58,8,12,84,115" hai2="121,23,64,70,34,52,56,45,28,104,7,130,18" hai3="125,107,131,51,135,5,105,76,87,65,2,67,44"/><T0/><D117/><U39/><E39/><V113/><F121/><W112/><G112/><T75/><D75/><U133/><E123/><V6/><F113/><W94/><G131/><T41/><D0/><U127/><E115/><V61/><F130/><W60/><G135/><N who="1" m="51786" /><E127/><V100/><F45/><W82/><G125/><T79/><D79/><N who="1" m="46111" /><E58/><V93/><F104/><W53/><G94/><N who="0" m="56655" /><D122/><U83/><E50/><V110/><F110/><W134/><G65/><T57/><D30/><U36/><E83/><V73/><F73/><W95/><G5/><T97/><D91/><U21/><E21/><V128/><F128/><W48/><G2/><T42/><D120/><U17/><E36/><V86/><F28/><W26/><G134/><T35/><D35/><U114/><E114/><V71/><F34/><W1/><G1/><T3/><D3/><U20/><E20/><V13/><F71/><W63/><G107/><T38/><D38/><U59/><E59/><V25/><F25/><W96/><G26/><N who="0" m="14663" /><D41/><U88/><E90/><N who="2" m="53463" /><F100/><N who="3" m="60447" /><G105/><T33/><D33/><U37/><E37/><V108/><F108/><W106/><G106/><T119/><D119/><U102/><E102/><V103/><F103/><W118/><G118/><T101/><D101/><U81/><E81/><V40/><F40/><N who="3" m="24583" /><G67/><T11/><D42/><U55/><E55/><V14/><F14/><W15/><G15/><T43/><D43/><U129/><E129/><V111/><F111/><W66/><G66/><T46/><D57/><AGARI ba="3,0" hai="51,53,57,60,63,76,82,87" m="24583,60447" machi="57" ten="30,1000,0" yaku="8,1" doraHai="10" who="3" fromWho="0" sc="298,-19,132,0,19,0,551,19" /><INIT seed="5,0,0,2,5,74" ten="279,132,19,570" oya="1" hai0="73,81,65,75,94,48,21,113,34,23,55,3,10" hai1="133,77,69,53,47,135,7,118,51,86,35,45,6" hai2="121,30,12,26,76,128,17,104,102,88,97,8,131" hai3="82,59,2,70,64,49,79,60,89,0,32,110,31"/><U95/><E118/><V92/><F121/><W115/><G115/><T41/><D34/><U78/><E69/><V111/><F111/><W119/><G110/><T99/><D113/><U57/><E35/><V66/><F66/><W14/><G31/><T129/><D129/><U44/><E95/><V91/><F76/><N who="1" m="29289" /><E86/><V72/><F72/><W109/><G32/><T107/><D75/><U61/><E61/><V127/><F127/><W52/><G109/><T13/><D73/><U83/><E83/><V90/><REACH who="2" step="1"/><F104/><REACH who="2" ten="279,132,9,570" step="2"/><W108/><G119/><T116/><D65/><U124/><E124/><V38/><F38/><W25/><G108/><T112/><D107/><U5/><E135/><V20/><AGARI ba="0,1" hai="8,12,17,20,26,30,88,90,91,92,97,102,128,131" machi="20" ten="30,4000,0" yaku="1,1,0,1,54,1,53,0" doraHai="74" doraHaiUra="123" who="2" fromWho="2" sc="279,-10,132,-20,9,50,570,-10" /><INIT seed="6,0,0,4,5,110" ten="269,112,59,560" oya="2" hai0="11,26,21,73,77,40,113,97,103,16,17,124,86" hai1="29,71,125,57,114,59,92,112,122,2,78,38,68" hai2="45,74,123,50,89,128,12,25,46,22,54,118,95" hai3="4,88,3,32,70,0,72,130,132,20,5,15,129"/><V10/><F123/><W87/><G72/><T126/><D73/><U14/><E2/><N who="3" m="554" /><G132/><T37/><D113/><N who="1" m="43627" /><E122/><V8/><F118/><W76/><G76/><T51/><D37/><U99/><E38/><V116/><F116/><W111/><G32/><T90/><D77/><U43/><E43/><V36/><F74/><W47/><G70/><N who="1" m="26666" /><E78/><V31/><F128/><N who="3" m="49259" /><G47/><T133/><D133/><U27/><E14/><V75/><F75/><W19/><G111/><T104/><D40/><U30/><E125/><V48/><F36/><W127/><G127/><T52/><D126/><U39/><E39/><V6/><F12/><W108/><G108/><T24/><D124/><U56/><E27/><V9/><F6/><W82/><AGARI ba="0,0" hai="4,5,15,19,20,82,87,88" m="49259,554" machi="82" ten="30,2000,0" yaku="19,1,54,1" doraHai="110" who="3" fromWho="3" sc="269,-5,112,-5,59,-10,560,20" /><INIT seed="7,0,0,1,5,6" ten="264,107,49,580" oya="3" hai0="118,29,60,10,132,31,3,11,57,69,71,8,63" hai1="49,38,95,14,104,43,33,42,70,92,86,2,112" hai2="88,106,129,12,123,44,100,21,53,15,4,74,41" hai3="77,94,19,68,111,27,78,37,76,67,24,45,52"/><W126/><G126/><T135/><D118/><U58/><E104/><V39/><F74/><W87/><G67/><N who="0" m="41191" /><D71/><U55/><E112/><V40/><F123/><W103/><G68/><T16/><D16/><U131/><E2/><V28/><F129/><W79/><G37/><T72/><D72/><U0/><E0/><V115/><F115/><W109/><G19/><T61/><D3/><U133/><E133/><N who="0" m="51273" /><D61/><U56/><E33/><V85/><F41/><W62/><G52/><AGARI ba="0,0" hai="8,10,11,29,31,52,57,63" m="51273,41191" machi="52" ten="30,8000,1" yaku="20,1,52,3,54,1" doraHai="6" who="0" fromWho="3" sc="264,80,107,0,49,0,580,-80" owari="344,14.0,107,-29.0,49,-45.0,500,60.0" /></mjloggm>