<mjloggm ver="2.3"><GO type="169" lobby="0"/><UN n0="%E3%83%AA%E3%82%B5%E3%81%95%E3%81%BE" n1="%6A%75%6D%70%2D%75%70" n2="%E5%B0%B1%E6%B4%BB%E7%94%9F%40%E5%B7%9D%E6%9D%91%E8%BB%8D%E5%9B%A3" n3="%E5%91%82%E5%A7%AB" dan="16,16,18,19" rate="2072.68,2081.10,2167.39,2259.75" sx="F,M,M,F"/><TAIKYOKU oya="0"/><INIT seed="0,0,0,3,3,72" ten="250,250,250,250" oya="0" hai0="67,112,11,36,116,62,56,50,43,130,123,71,22" hai1="97,19,35,27,1,65,21,51,105,8,32,106,124" hai2="69,2,68,37,10,20,42,95,26,104,66,61,96" hai3="85,47,127,81,74,75,99,121,33,113,111,3,70"/><T126/><D22/><U115/><E115/><V41/><F104/><W134/><RYUUKYOKU type="yao9" ba="0,0" sc="250,0,250,0,250,0,250,0" hai3="3,33,47,70,74,75,81,85,99,111,113,121,127,134" /><INIT seed="0,1,0,3,2,107" ten="250,250,250,250" oya="0" hai0="61,114,67,34,129,13,7,93,85,77,92,21,111" hai1="44,125,16,66,74,83,14,55,72,39,131,10,84" hai2="113,5,120,20,25,41,3,121,134,80,71,56,30" hai3="101,115,50,96,116,43,52,59,64,94,26,95,29"/><T8/><D114/><U42/><E131/><V31/><F71/><W112/><G116/><T132/><D129/><U98/><E125/><V106/><F106/><W127/><G127/><T91/><D34/><U123/><E123/><V24/><F41/><W104/><G43/><T97/><D132/><U87/><E87/><V69/><F69/><W48/><G48/><T88/><D111/><U2/><E98/><V51/><F51/><W49/><G49/><T9/><D77/><U18/><E55/><V124/><F56/><W45/><G104/><T103/><D9/><U118/><E118/><V19/><F80/><W86/><G95/><T0/><D0/><U99/><E99/><V15/><F124/><W78/><G86/><T33/><D33/><U109/><E109/><V54/><F54/><W76/><G115/><T73/><D73/><U82/><E82/><V57/><F57/><W23/><G112/><T100/><REACH who="0" step="1"/><D21/><REACH who="0" ten="240,250,250,250" step="2"/><U105/><E105/><V89/><F113/><W79/><REACH who="3" step="1"/><G78/><REACH who="3" ten="240,250,250,240" step="2"/><T60/><D60/><AGARI ba="1,2" hai="23,26,29,45,50,52,59,60,64,76,79,94,96,101" machi="60" ten="40,12000,2" yaku="1,1,2,1,25,2,8,1,54,1,53,0" doraHai="107" doraHaiUra="110" who="3" fromWho="0" sc="240,-123,250,0,250,0,240,143" /><INIT seed="1,0,0,0,1,24" ten="117,250,250,383" oya="1" hai0="41,122,54,9,12,85,73,115,66,79,75,18,130" hai1="131,117,100,45,80,84,96,127,111,70,30,46,95" hai2="32,42,104,3,11,6,72,14,59,16,26,112,128" hai3="105,29,103,91,39,21,133,94,35,101,61,47,67"/><U23/><E117/><V50/><F104/><W19/><G105/><T113/><D130/><U97/><E70/><V123/><F72/><W58/><G133/><T107/><D107/><U77/><E131/><V43/><F123/><W76/><G76/><T102/><D102/><U129/><E129/><V25/><F128/><W134/><G134/><T83/><D122/><U20/><E127/><V109/><F109/><W31/><G39/><T81/><D66/><U108/><E97/><V57/><F112/><W88/><G47/><T17/><D41/><U52/><E23/><V64/><F64/><W106/><G35/><T55/><D75/><U119/><E119/><V38/><F38/><W132/><G132/><T40/><D40/><U51/><REACH who="1" step="1"/><E46/><REACH who="1" ten="117,240,250,383" step="2"/><V135/><F135/><W89/><G106/><T116/><D116/><U37/><E37/><V28/><F25/><AGARI ba="0,1" hai="20,25,30,45,51,52,77,80,84,95,96,100,108,111" machi="25" ten="40,7700,0" yaku="1,1,52,1,54,1,53,0" doraHai="24" doraHaiUra="126" who="1" fromWho="2" sc="117,0,240,87,250,-77,383,0" /><INIT seed="1,1,0,1,0,28" ten="117,327,173,383" oya="1" hai0="8,90,125,91,108,17,100,106,18,70,39,50,58" hai1="66,135,129,26,113,71,16,112,75,134,46,51,93" hai2="30,43,12,10,41,99,89,32,74,34,61,1,126" hai3="25,40,78,67,103,115,97,79,2,82,72,49,62"/><U122/><E122/><V132/><F74/><W127/><G115/><T92/><D70/><U60/><E75/><V77/><F1/><W94/><G2/><T11/><D39/><U114/><E93/><V42/><F77/><W96/><G127/><T128/><D125/><U109/><E129/><V4/><F126/><W45/><G78/><T121/><D128/><U111/><E16/><N who="0" m="6249" /><D106/><U24/><E24/><V23/><F132/><N who="1" m="50729" /><E26/><V54/><F23/><W65/><G25/><T14/><D108/><N who="1" m="41547" /><E113/><V101/><F30/><W0/><G0/><T22/><D22/><U7/><E7/><V21/><F21/><W85/><G72/><T102/><D121/><U3/><E3/><V117/><F117/><W119/><G119/><T9/><D14/><U59/><E59/><V15/><F15/><W55/><G96/><N who="0" m="59399" /><D102/><U63/><E63/><V13/><F13/><W84/><G84/><T19/><N who="0" m="6257" /><T98/><DORA hai="81" /><D98/><U27/><E27/><V48/><F61/><W20/><G20/><T120/><D120/><U5/><E5/><V56/><REACH who="2" step="1"/><F89/><REACH who="2" ten="117,327,163,383" step="2"/><W131/><G131/><T123/><D123/><U76/><E76/><V31/><F31/><W107/><G62/><T33/><D90/><U105/><E105/><AGARI ba="1,1" hai="4,10,12,32,34,41,42,43,48,54,56,99,101,105" machi="105" ten="40,5200,0" yaku="1,1,52,2,53,0" doraHai="28,81" doraHaiUra="69,57" who="2" fromWho="1" sc="117,0,327,-55,163,65,383,0" /><INIT seed="2,0,0,0,4,64" ten="117,272,228,383" oya="2" hai0="117,134,133,46,40,108,2,10,76,88,115,72,95" hai1="50,126,82,83,14,63,23,86,35,6,69,49,97" hai2="0,114,3,27,94,93,18,41,70,62,85,78,131" hai3="42,81,30,107,9,26,25,66,73,61,121,68,125"/><V130/><F114/><W120/><G26/><T51/><D115/><U80/><E126/><V59/><F41/><W1/><G125/><T118/><D2/><U52/><E35/><V56/><F3/><W109/><G109/><T91/><D10/><N who="1" m="4439" /><E69/><V12/><F27/><W71/><G42/><T100/><D108/><U11/><E63/><V102/><F0/><W31/><G31/><T32/><D32/><U67/><E67/><V5/><F5/><N who="3" m="1199" /><G107/><T7/><D7/><U13/><E97/><V60/><F102/><W48/><G48/><T33/><D100/><U57/><E23/><V119/><F119/><N who="0" m="45578" /><D33/><U89/><E49/><V65/><F78/><N who="3" m="44239" /><G71/><T47/><D76/><U122/><E122/><V22/><F85/><W44/><G44/><N who="0" m="25991" /><D72/><U53/><E53/><V39/><F39/><W129/><G129/><N who="2" m="49161" /><F59/><W45/><G45/><N who="0" m="16907" /><D91/><U77/><E77/><V92/><F92/><W96/><G96/><AGARI ba="0,0" hai="88,95,96,133,134" m="16907,25991,45578" machi="96" ten="30,2000,0" yaku="12,1,54,1" doraHai="64" who="0" fromWho="3" sc="117,20,272,0,228,0,383,-20" /><INIT seed="3,0,0,5,2,26" ten="137,272,228,363" oya="3" hai0="12,135,74,77,50,104,85,42,76,7,113,34,10" hai1="97,63,4,27,45,127,79,89,44,119,28,16,70" hai2="94,111,121,131,38,39,91,0,86,17,90,93,123" hai3="71,84,68,122,117,36,66,54,46,43,112,101,33"/><W21/><G33/><T114/><D135/><U92/><E127/><V96/><F0/><W116/><G101/><T102/><D74/><U65/><E119/><N who="3" m="45642" /><G21/><T110/><D110/><U22/><E4/><V125/><F111/><W103/><G103/><T72/><D72/><U24/><REACH who="1" step="1"/><E79/><REACH who="1" ten="137,262,228,363" step="2"/><V19/><F125/><W130/><G122/><N who="2" m="46601" /><F131/><W49/><G130/><T3/><D77/><U2/><E2/><V32/><F32/><AGARI ba="0,1" hai="16,22,24,27,28,32,44,45,63,65,70,89,92,97" machi="32" ten="30,8000,1" yaku="1,1,7,1,52,1,54,1,53,1" doraHai="26" doraHaiUra="18" who="1" fromWho="2" sc="137,0,262,90,228,-80,363,0" /><INIT seed="4,0,0,2,0,6" ten="137,352,148,363" oya="0" hai0="106,130,33,96,83,17,32,47,56,31,90,73,107" hai1="11,40,119,28,88,67,99,13,45,65,42,71,126" hai2="114,92,102,134,100,9,63,124,131,34,116,132,101" hai3="35,15,41,48,19,51,72,123,89,97,30,60,91"/><T98/><D130/><U76/><E119/><V14/><F34/><W93/><G72/><T53/><D47/><U4/><E126/><V109/><F109/><W66/><G123/><T8/><D73/><U80/><E71/><V57/><F124/><W82/><G41/><T7/><D17/><U85/><E28/><V21/><F116/><W111/><G111/><T55/><D83/><U10/><E10/><V39/><F39/><W103/><G30/><T84/><D84/><N who="1" m="48135" /><E99/><V125/><F125/><W135/><G135/><N who="2" m="51753" /><F131/><W118/><G35/><T18/><D55/><U3/><E3/><V64/><F114/><W26/><G26/><T22/><D90/><U104/><E104/><V29/><F92/><W68/><G118/><T79/><D79/><U95/><E40/><V86/><F86/><W58/><G68/><T12/><D31/><U62/><E62/><V117/><F117/><W1/><G1/><T23/><D23/><U24/><E24/><N who="2" m="16527" /><F102/><W69/><G103/><T105/><D33/><U128/><E128/><V70/><F70/><W129/><G69/><T2/><REACH who="0" step="1"/><D32/><REACH who="0" ten="127,352,148,363" step="2"/><U0/><E0/><V59/><F59/><W113/><G129/><T120/><D120/><U25/><E25/><V74/><F74/><W36/><G113/><T94/><D94/><U44/><E44/><V75/><F75/><W27/><G93/><T16/><D16/><AGARI ba="0,1" hai="9,14,16,57,63,64,100,101" m="16527,51753" machi="16" ten="30,3900,0" yaku="20,1,52,1,54,1" doraHai="6" who="2" fromWho="0" sc="127,-39,352,0,148,49,363,0" /><INIT seed="5,0,0,4,5,15" ten="88,352,197,363" oya="1" hai0="59,6,113,87,52,41,98,111,123,129,122,62,55" hai1="18,134,101,21,77,127,65,67,96,89,31,97,45" hai2="44,95,131,121,53,107,10,93,58,19,7,91,128" hai3="54,115,8,43,72,16,26,42,70,86,63,61,108"/><U48/><E134/><V28/><F107/><W69/><G72/><T90/><D111/><U132/><E132/><V17/><F121/><W24/><G108/><T47/><D113/><U79/><E127/><V14/><F28/><W4/><G4/><T100/><D129/><N who="2" m="49738" /><F44/><W73/><G73/><T78/><D78/><N who="1" m="29707" /><E31/><V9/><F9/><W118/><G115/><T119/><D6/><U39/><E89/><V80/><F80/><W40/><G86/><T37/><D55/><N who="1" m="30095" /><E39/><V135/><F135/><W82/><G82/><T81/><REACH who="0" step="1"/><D119/><REACH who="0" ten="78,352,197,363" step="2"/><U83/><E67/><V22/><F91/><W3/><G118/><T36/><D36/><U1/><E65/><V33/><F33/><W112/><G112/><T35/><D35/><U56/><E1/><V110/><F110/><W106/><G3/><T126/><D126/><U27/><E101/><V84/><F84/><W30/><G54/><T109/><D109/><U130/><E130/><V49/><F7/><W66/><G66/><T94/><AGARI ba="0,1" hai="37,41,47,52,59,62,81,87,90,94,98,100,122,123" machi="94" ten="30,4000,0" yaku="1,1,0,1,54,1,53,0" doraHai="15" doraHaiUra="105" who="0" fromWho="0" sc="78,50,352,-20,197,-10,363,-10" /><INIT seed="6,0,0,1,0,68" ten="128,332,187,353" oya="2" hai0="108,95,37,26,38,118,4,8,89,90,61,45,16" hai1="0,123,15,7,21,101,51,42,19,112,92,78,74" hai2="109,133,44,98,67,69,70,131,10,63,75,30,72" hai3="110,28,71,73,102,77,76,122,33,113,105,25,41"/><V99/><F109/><W103/><G110/><T20/><D108/><U17/><E112/><V1/><F30/><W14/><G103/><T135/><D135/><U54/><E42/><V3/><F44/><W9/><G77/><T85/><D118/><U111/><E111/><V130/><F10/><W31/><G31/><T60/><D45/><U6/><E78/><V12/><F12/><W32/><G32/><T57/><D89/><U86/><E74/><V65/><REACH who="2" step="1"/><F63/><REACH who="2" ten="128,332,177,353" step="2"/><W117/><G28/><T59/><D61/><U119/><E0/><V49/><F49/><W50/><G50/><T91/><D91/><U55/><E51/><V124/><F124/><W35/><G14/><T66/><D59/><U2/><E15/><AGARI ba="0,1" hai="4,8,15,16,20,26,37,38,57,60,66,85,90,95" machi="15" ten="30,7700,0" yaku="7,1,52,2,54,1" doraHai="68" who="0" fromWho="1" sc="128,87,332,-77,177,0,353,0" /><INIT seed="7,0,0,5,0,40" ten="215,255,177,353" oya="3" hai0="113,60,47,83,10,114,119,6,107,97,65,51,110" hai1="9,124,54,62,29,5,61,32,45,95,130,71,42" hai2="68,1,30,70,112,8,94,75,18,20,73,17,24" hai3="28,121,79,63,109,78,84,128,76,81,2,85,59"/><W135/><G2/><T66/><D110/><U38/><E71/><V31/><F112/><N who="0" m="43114" /><D119/><U15/><E124/><V129/><F129/><W89/><G135/><T55/><D83/><U120/><E130/><V111/><F111/><W46/><G128/><T13/><D60/><U52/><E120/><V57/><F57/><W92/><G109/><T64/><D64/><U123/><E123/><V116/><F116/><W7/><G7/><T14/><D13/><U90/><E29/><V132/><F132/><W99/><G28/><T102/><AGARI ba="0,0" hai="6,10,14,47,51,55,65,66,97,102,107" m="43114" machi="102" ten="30,4000,0" yaku="15,1,11,1,52,1" doraHai="40" who="0" fromWho="0" sc="215,40,255,-10,177,-10,353,-20" owari="255,6.0,245,-15.0,167,-33.0,333,42.0" /></mjloggm>