<mjloggm ver="2.3"><GO type="169" lobby="0"/><UN n0="%E6%9D%9F%E5%AD%90" n1="%45%47%41%4B%55" n2="%E4%BC%8A%E8%A3%8F%E9%87%8E%E5%8A%A0%E5%A5%88" n3="%E5%B0%B1%E6%B4%BB%E7%94%9F%40%E5%B7%9D%E6%9D%91%E8%BB%8D%E5%9B%A3" dan="17,16,16,17" rate="2167.40,2047.82,2102.74,2185.86" sx="M,M,M,M"/><TAIKYOKU oya="0"/><INIT seed="0,0,0,2,0,36" ten="250,250,250,250" oya="0" hai0="88,66,38,70,107,55,24,98,47,28,119,43,114" hai1="49,20,123,26,35,61,41,79,1,25,131,12,89" hai2="73,126,110,57,67,30,97,78,33,74,112,76,18" hai3="8,113,132,80,10,0,106,42,94,45,15,22,128"/><T27/><D114/><U90/><E1/><V135/><F112/><W133/><G106/><T39/><D119/><U17/><E123/><V105/><F110/><W99/><G113/><T101/><D39/><U31/><E131/><V29/><F126/><W134/><G128/><T75/><D75/><U16/><E79/><V5/><F18/><W69/><G69/><T2/><D2/><U109/><E109/><V9/><F135/><W11/><G80/><T93/><D55/><U48/><E61/><V115/><F115/><W92/><G0/><T59/><D59/><U21/><REACH who="1" step="1"/><E49/><REACH who="1" ten="250,240,250,250" step="2"/><V62/><F76/><W125/><G125/><T108/><D108/><U100/><E100/><V4/><F78/><W64/><G64/><T129/><D129/><U46/><AGARI ba="0,1" hai="12,16,17,20,21,25,26,31,35,41,46,48,89,90" machi="46" ten="30,8000,1" yaku="1,1,0,1,52,1,54,1,53,1" doraHai="36" doraHaiUra="40" who="1" fromWho="1" sc="250,-40,240,90,250,-20,250,-20" /><INIT seed="1,0,0,2,2,116" ten="210,330,230,230" oya="1" hai0="69,38,110,71,65,35,133,88,37,117,95,85,53" hai1="123,36,42,10,84,15,21,40,126,60,122,67,104" hai2="45,50,32,125,81,131,2,87,68,56,80,0,82" hai3="120,16,92,55,54,79,43,108,25,28,39,9,99"/><U109/><E104/><V62/><F68/><W20/><G120/><T11/><D117/><U78/><E21/><V100/><F32/><W48/><G108/><T59/><D35/><U121/><E109/><V114/><F114/><W134/><G134/><T94/><D110/><U7/><E126/><V66/><F125/><W27/><G79/><T91/><D133/><U33/><E33/><V47/><F131/><W70/><G70/><T130/><D130/><U18/><E36/><V89/><F100/><W76/><G76/><T30/><D30/><U90/><E78/><V57/><F0/><W22/><G39/><T96/><D69/><U113/><E7/><V8/><F2/><W77/><G77/><T12/><D65/><U111/><E113/><V119/><F8/><W51/><G9/><T26/><D26/><U83/><REACH who="1" step="1"/><E111/><REACH who="1" ten="210,320,230,230" step="2"/><V74/><F119/><W64/><G28/><T29/><D29/><U58/><AGARI ba="0,1" hai="10,15,18,40,42,58,60,67,83,84,90,121,122,123" machi="58" ten="30,18000,2" yaku="1,1,2,1,0,1,52,3,53,0" doraHai="116" doraHaiUra="17" who="1" fromWho="1" sc="210,-60,320,190,230,-60,230,-60" /><INIT seed="1,1,0,1,2,132" ten="150,510,170,170" oya="1" hai0="64,33,89,0,23,36,31,66,121,56,95,123,117" hai1="82,128,62,114,107,108,42,91,129,84,65,1,105" hai2="124,4,9,87,6,20,116,15,44,131,58,21,28" hai3="135,32,76,73,88,133,48,93,47,67,79,101,130"/><U30/><E1/><V83/><F116/><W19/><G32/><T63/><D117/><U40/><E114/><V109/><F109/><W111/><G111/><T45/><D0/><U72/><E72/><V119/><F119/><W80/><G130/><N who="1" m="50282" /><E30/><V22/><F131/><W25/><G67/><T97/><D33/><U55/><E55/><V38/><F124/><W11/><G79/><T53/><D66/><U90/><E90/><V115/><F115/><W106/><G106/><N who="1" m="40458" /><E108/><V8/><F28/><W74/><G74/><T86/><D64/><U96/><E96/><V17/><F44/><W37/><G101/><T13/><D45/><U59/><AGARI ba="1,0" hai="40,42,59,62,65,82,84,91" m="40458,50282" machi="59" ten="30,1500,0" yaku="19,1" doraHai="132" who="1" fromWho="1" sc="150,-6,510,18,170,-6,170,-6" /><INIT seed="1,2,0,2,2,48" ten="144,528,164,164" oya="1" hai0="38,22,122,27,53,46,92,102,15,7,134,21,71" hai1="83,41,75,74,59,90,39,3,99,49,108,1,52" hai2="35,94,44,78,72,106,45,43,115,26,133,117,17" hai3="121,103,13,95,0,29,9,54,84,93,62,129,69"/><U14/><E108/><V113/><F117/><W130/><G121/><T124/><D71/><U127/><E127/><V111/><F111/><W57/><G0/><T112/><D112/><N who="2" m="43082" /><F106/><W87/><G69/><T132/><D124/><U118/><E118/><V79/><F133/><N who="0" m="51306" /><D38/><U30/><E30/><N who="2" m="19927" /><F17/><W105/><G29/><T40/><D40/><U80/><E74/><V88/><F72/><W4/><G105/><T81/><D81/><U76/><E14/><V96/><F44/><W34/><G34/><T104/><D104/><U126/><E126/><V60/><F60/><W123/><G123/><T70/><D70/><U18/><E18/><V98/><F98/><W25/><G25/><T131/><D122/><U128/><E99/><V11/><F11/><W33/><G33/><T20/><D131/><N who="3" m="50185" /><G103/><T24/><D102/><U55/><E128/><V107/><F107/><W114/><G114/><T68/><D68/><U116/><E116/><V82/><F82/><W119/><G119/><T77/><D92/><AGARI ba="2,0" hai="4,9,13,54,57,62,84,87,92,93,95" m="50185" machi="92" ten="30,2000,0" yaku="19,1,52,1" doraHai="48" who="3" fromWho="0" sc="144,-26,528,0,164,0,164,26" /><INIT seed="2,0,0,4,4,25" ten="118,528,164,190" oya="2" hai0="40,81,98,16,38,70,102,41,100,107,99,66,124" hai1="113,30,11,47,32,87,88,59,4,39,109,46,69" hai2="48,120,76,75,110,74,71,111,132,115,64,15,20" hai3="105,122,65,130,21,131,29,24,37,33,118,67,68"/><V97/><F115/><W51/><G37/><T18/><D124/><U84/><E69/><V95/><F120/><W35/><G122/><T27/><D81/><U53/><E113/><V82/><F132/><W22/><G105/><T90/><D90/><U101/><E101/><N who="2" m="60607" /><F74/><W19/><G51/><T49/><D38/><U85/><E39/><V73/><F75/><W57/><G68/><T7/><D7/><U112/><E46/><V52/><F64/><N who="3" m="24651" /><G57/><T92/><D49/><U36/><E47/><N who="2" m="27679" /><F71/><W86/><G86/><T42/><REACH who="0" step="1"/><D27/><REACH who="0" ten="108,528,164,190" step="2"/><U8/><E36/><V135/><F135/><W31/><G118/><T60/><AGARI ba="0,1" hai="16,18,40,41,42,60,66,70,92,98,99,100,102,107" machi="60" ten="30,7900,0" yaku="1,1,2,1,0,1,54,1,53,0" doraHai="25" doraHaiUra="83" who="0" fromWho="0" sc="108,89,528,-20,164,-39,190,-20" /><INIT seed="3,0,0,4,4,93" ten="197,508,125,170" oya="3" hai0="10,92,2,81,45,44,16,123,57,7,100,56,67" hai1="42,20,79,121,59,3,70,14,133,34,66,62,78" hai2="108,110,88,131,64,36,48,11,65,127,85,122,40" hai3="77,84,38,99,90,104,103,37,126,55,114,29,115"/><W120/><G120/><T113/><D123/><U69/><E3/><V86/><F122/><W135/><G126/><T51/><D113/><U54/><E34/><V22/><F36/><W15/><G135/><T83/><D45/><U13/><E70/><V125/><F131/><W130/><G130/><T47/><D47/><U87/><E133/><V23/><F11/><W102/><G29/><T94/><D94/><U118/><E118/><V9/><F9/><W25/><G25/><T24/><D81/><U112/><E42/><V5/><F5/><W41/><G77/><T124/><D83/><U106/><E106/><V98/><F48/><W119/><G119/><T43/><D124/><N who="2" m="47690" /><F40/><W80/><G103/><T116/><D116/><U30/><E112/><V21/><F98/><W26/><G26/><T128/><D128/><U17/><E69/><V50/><F50/><W46/><G38/><T91/><D100/><U132/><E132/><V61/><F61/><W82/><G82/><T31/><D67/><N who="2" m="25674" /><F88/><W109/><G109/><AGARI ba="0,0" hai="21,22,23,85,86,108,109,110" m="25674,47690" machi="109" ten="40,8000,1" yaku="28,2,14,1,18,1" doraHai="93" who="2" fromWho="3" sc="197,0,508,0,125,80,170,-80" /><INIT seed="4,0,0,4,0,56" ten="197,508,205,90" oya="0" hai0="38,31,13,97,12,83,40,71,132,92,6,17,65" hai1="91,2,121,130,25,127,51,102,122,111,112,114,118" hai2="18,37,55,81,115,75,101,100,116,134,9,4,129" hai3="43,79,59,23,62,78,60,7,48,74,34,27,99"/><T105/><D105/><U50/><E2/><V108/><F37/><W52/><G34/><T29/><D132/><U77/><E77/><N who="3" m="29194" /><G74/><T106/><D106/><U90/><E111/><V39/><F39/><W109/><G109/><T89/><D40/><U76/><E76/><N who="2" m="44191" /><F108/><W68/><G68/><T131/><D38/><U82/><E25/><V16/><F55/><W117/><G117/><T3/><D3/><U54/><E118/><V28/><F28/><N who="0" m="10826" /><D71/><U24/><E54/><V63/><F116/><W125/><G125/><T36/><D36/><U26/><E127/><V53/><F101/><W58/><G7/><T45/><D131/><U95/><E102/><V30/><F30/><N who="3" m="17791" /><G43/><T32/><D32/><U87/><E130/><V124/><F124/><W21/><G21/><T84/><D65/><U66/><E66/><V64/><F64/><N who="3" m="38935" /><G99/><T14/><D6/><U123/><E123/><V103/><F4/><W22/><G22/><T72/><D72/><U42/><E121/><V73/><F73/><W20/><G20/><T86/><D17/><N who="2" m="6762" /><F129/><W61/><AGARI ba="0,0" hai="48,52,59,61,62" m="38935,17791,29194" machi="61" ten="30,8000,1" yaku="8,1,52,3,54,1" doraHai="56" who="3" fromWho="3" sc="197,-40,508,-20,205,-20,90,80" /><INIT seed="5,0,0,0,0,65" ten="157,488,185,170" oya="1" hai0="128,84,2,29,82,11,106,129,130,21,88,69,60" hai1="94,17,24,48,76,86,27,89,46,124,116,75,38" hai2="71,93,51,30,36,62,32,127,97,83,108,53,123" hai3="44,125,120,10,43,28,66,42,68,3,20,64,5"/><U1/><E1/><V101/><F108/><W135/><G120/><T70/><D106/><U50/><E38/><V132/><F123/><W111/><G111/><T59/><D2/><U9/><E50/><V12/><F127/><W56/><G125/><T103/><D103/><U34/><E116/><V133/><F83/><W0/><G0/><T95/><D11/><U91/><E76/><V41/><F12/><W96/><G135/><N who="2" m="51785" /><F30/><W25/><G68/><N who="0" m="26219" /><D29/><U7/><E91/><V37/><F32/><W35/><G35/><T61/><D21/><U126/><E94/><V33/><F33/><W122/><G122/><T121/><D121/><U23/><E86/><V39/><F93/><W67/><G96/><N who="0" m="57447" /><D59/><U16/><E23/><V26/><F101/><W98/><G98/><T113/><D113/><U52/><E9/><V40/><F97/><W112/><G112/><T54/><D54/><U104/><E104/><V102/><F102/><W81/><G81/><T57/><D57/><U8/><E8/><V117/><F117/><W79/><G79/><AGARI ba="0,0" hai="60,61,79,82,84,128,129,130" m="57447,26219" machi="79" ten="40,8000,1" yaku="19,1,52,3,54,1" doraHai="65" who="0" fromWho="3" sc="157,80,488,0,185,0,170,-80" /><INIT seed="6,0,0,4,0,128" ten="237,488,185,90" oya="2" hai0="35,65,102,10,2,114,127,68,23,108,40,47,70" hai1="132,118,1,39,122,7,13,123,20,66,85,119,99" hai2="41,78,33,134,22,79,115,92,34,110,112,55,69" hai3="131,120,124,116,80,30,61,4,81,88,18,63,104"/><V52/><F69/><W48/><G131/><T11/><D108/><U90/><E39/><V14/><F41/><W26/><G26/><T125/><D35/><N who="2" m="13322" /><F110/><W82/><G30/><T60/><D70/><U58/><E66/><V45/><F92/><W27/><G104/><T54/><D54/><N who="2" m="20522" /><F45/><W93/><G116/><T57/><D68/><U96/><E96/><V76/><F14/><W25/><G124/><N who="0" m="47691" /><D102/><U67/><E99/><V113/><F22/><W62/><G120/><T97/><D97/><U94/><E94/><V28/><F28/><W49/><G4/><N who="0" m="1303" /><D23/><U29/><E20/><V83/><F83/><W50/><G18/><T98/><D98/><AGARI ba="0,0" hai="25,27,48,49,50,61,62,63,80,81,82,88,93,98" machi="98" ten="50,8000,1" yaku="29,2,8,1,54,1" doraHai="128" who="3" fromWho="0" sc="237,-80,488,0,185,0,90,80" /><INIT seed="7,0,0,4,3,37" ten="157,488,185,170" oya="3" hai0="34,85,120,33,71,74,22,58,39,99,13,31,23" hai1="67,62,15,125,92,28,86,29,80,105,63,113,66" hai2="109,93,75,111,3,35,65,130,30,76,82,50,90" hai3="123,8,10,9,26,40,11,103,17,2,115,119,61"/><W48/><G119/><T102/><D74/><U72/><E72/><V21/><F3/><W81/><G123/><T116/><D71/><U53/><E105/><V79/><F35/><W70/><G115/><T45/><D116/><U121/><E53/><V101/><F130/><W124/><G124/><T110/><D110/><N who="2" m="41994" /><F50/><W133/><G133/><T42/><D120/><U12/><E92/><V98/><F65/><W134/><G134/><T132/><D132/><U36/><E36/><V14/><F14/><W24/><G103/><T59/><D34/><U100/><E100/><V84/><F21/><W118/><G118/><T127/><D127/><U129/><E129/><V95/><F30/><W94/><G94/><N who="2" m="35849" /><F75/><W122/><G2/><T112/><D112/><U108/><E108/><V60/><F60/><W55/><G122/><T77/><D33/><U135/><E29/><V96/><F96/><W44/><G17/><N who="0" m="10543" /><D99/><U88/><E28/><V5/><F5/><W131/><G131/><T117/><D102/><U16/><E135/><V7/><F7/><W73/><N who="3" m="2560" /><DORA hai="126" /><W56/><REACH who="3" step="1"/><G70/><REACH who="3" ten="157,488,185,160" step="2"/><T128/><D128/><U6/><E113/><V64/><F64/><W46/><G46/><T43/><D117/><U20/><E67/><V57/><F57/><W25/><G25/><N who="0" m="16831" /><D59/><U68/><E66/><V87/><F101/><W4/><G4/><T0/><D0/><U83/><E6/><V91/><F98/><W52/><G52/><T19/><D58/><U27/><E125/><V104/><F104/><W114/><G114/><T41/><D19/><U47/><E121/><V51/><F51/><RYUUKYOKU ba="0,1" sc="157,10,488,-30,185,10,160,10" hai0="39,41,42,43,45,77,85" hai2="76,79,82,84,87,90,91" hai3="24,26,40,44,48,55,56,61,73,81" /><INIT seed="7,1,1,4,1,104" ten="167,458,195,170" oya="3" hai0="100,119,39,29,59,65,63,37,116,24,74,94,89" hai1="45,109,107,21,47,48,49,79,123,20,11,130,3" hai2="30,61,54,105,114,27,78,121,51,122,41,132,90" hai3="101,91,93,77,25,68,57,111,129,35,96,4,83"/><W40/><G68/><T18/><D74/><U60/><E107/><V28/><F105/><W113/><G113/><T62/><D18/><U120/><E109/><V71/><F114/><W117/><G117/><T22/><D63/><U97/><E60/><V134/><F78/><W23/><G111/><T10/><D10/><U85/><E97/><V52/><F90/><W34/><G129/><T125/><D125/><U133/><E130/><V95/><F95/><W115/><G115/><T6/><D6/><U42/><E133/><N who="2" m="51307" /><F41/><W66/><G4/><T31/><D31/><N who="2" m="11818" /><F27/><W124/><G124/><T64/><D64/><U131/><E47/><N who="2" m="27775" /><F54/><W108/><G108/><T118/><D89/><U46/><E21/><V87/><F87/><W126/><G126/><T14/><D94/><U135/><E11/><V69/><F61/><N who="3" m="38191" /><G40/><T53/><D65/><U80/><E3/><V128/><F128/><W55/><G55/><T81/><D100/><U76/><E131/><V16/><F16/><N who="3" m="12519" /><G35/><T13/><D39/><U36/><E123/><AGARI ba="1,1" hai="69,71,121,122,123" m="27775,11818,51307" machi="123" ten="30,3900,0" yaku="13,1,20,1,54,1" doraHai="104" who="2" fromWho="1" sc="167,0,458,-42,195,52,170,0" owari="167,-33.0,416,51.0,247,5.0,170,-23.0" /></mjloggm>