<mjloggm ver="2.3"><GO type="169" lobby="0"/><UN n0="%E5%B0%B1%E6%B4%BB%E7%94%9F%40%E5%B7%9D%E6%9D%91%E8%BB%8D%E5%9B%A3" n1="%E3%82%B5%E3%83%B3%E3%83%9E%E9%81%93%E6%A5%BD%E4%BB%A3%E8%A1%A8" n2="%61%68%68%68%68%68%68%61" n3="%6A%61%73%6D%69%6E%65%33" dan="18,17,17,16" rate="2218.11,2205.15,2198.55,2013.05" sx="M,M,M,M"/><TAIKYOKU oya="0"/><INIT seed="0,0,0,3,1,111" ten="250,250,250,250" oya="0" hai0="42,100,0,119,19,120,26,15,16,87,65,48,86" hai1="108,37,131,90,71,123,18,105,93,103,38,34,70" hai2="85,44,130,41,116,135,67,126,122,12,58,113,17" hai3="78,60,94,22,31,62,28,101,112,107,117,132,14"/><T98/><D0/><U33/><E18/><V2/><F122/><W74/><G107/><T59/><D120/><U106/><E90/><V128/><F2/><W1/><G117/><T39/><D119/><U54/><E93/><V125/><F116/><W35/><G1/><T127/><D127/><N who="2" m="48650" /><F85/><W75/><G112/><T29/><D39/><N who="1" m="14859" /><E103/><V61/><F113/><W99/><G132/><T84/><D42/><U4/><E4/><V46/><F41/><W25/><G31/><T3/><D3/><U81/><E81/><V80/><F80/><W69/><G78/><T76/><D76/><U77/><E77/><V82/><F82/><W66/><REACH who="3" step="1"/><G62/><REACH who="3" ten="250,250,250,240" step="2"/><T51/><D29/><U30/><E30/><V45/><F135/><W64/><G64/><T5/><D65/><U83/><E123/><V27/><F67/><W56/><G56/><T57/><D57/><U73/><E108/><V63/><F58/><W95/><G95/><N who="0" m="58463" /><D59/><U20/><E83/><V109/><F109/><W52/><G52/><T133/><D133/><U72/><E54/><V104/><F104/><N who="1" m="40041" /><E20/><N who="2" m="13711" /><F63/><W92/><G92/><T47/><D47/><U129/><E129/><V88/><F61/><W91/><G91/><T110/><D110/><U97/><E131/><V24/><F88/><W9/><G9/><N who="0" m="4527" /><D26/><U68/><E97/><V40/><F24/><W102/><G102/><T55/><D55/><U6/><E6/><V43/><F12/><W96/><G96/><T32/><D32/><AGARI ba="0,1" hai="32,33,34,68,70,71,72,73" m="40041,14859" machi="32" ten="40,32000,5" yakuman="44" doraHai="111" who="1" fromWho="0" sc="250,-320,250,330,250,0,240,0" owari="-70,-57.0,580,68.0,250,5.0,240,-16.0" /></mjloggm>