<mjloggm ver="2.3"><GO type="97" lobby="0"/><UN n0="%E3%81%8B%E3%82%8F%E3%82%90%E3%82%90" n1="%E3%82%81%E3%82%AC%E3%83%8F%E3%81%9B" n2="%E5%B0%B1%E6%B4%BB%E7%94%9F%40%E5%B7%9D%E6%9D%91%E8%BB%8D%E5%9B%A3" n3="%44%44%42%63%61%74" dan="15,15,16,14" rate="1980.96,1957.55,2161.46,1924.63" sx="M,M,M,M"/><TAIKYOKU oya="0"/><INIT seed="0,0,0,4,1,38" ten="250,250,250,250" oya="0" hai0="79,40,132,102,5,108,128,27,43,62,57,106,63" hai1="100,58,54,41,92,66,99,120,39,98,48,73,0" hai2="119,51,2,112,104,133,81,103,75,86,33,87,91" hai3="67,3,82,55,42,8,80,61,123,56,76,96,134"/><T78/><D106/><U31/><E120/><V71/><F33/><W26/><G123/><T95/><D128/><U113/><E0/><V116/><F2/><W129/><G129/><T126/><D132/><U45/><E73/><V15/><F71/><W118/><G118/><N who="2" m="45097" /><F15/><W50/><G134/><T94/><D126/><U11/><E113/><V69/><F69/><W4/><G26/><T9/><D108/><U10/><E31/><V125/><F51/><W83/><G96/><N who="0" m="59671" /><D27/><U60/><REACH who="1" step="1"/><E99/><REACH who="1" ten="250,240,250,250" step="2"/><N who="2" m="61567" /><F133/><W44/><REACH who="3" step="1"/><G76/><REACH who="3" ten="250,240,250,240" step="2"/><N who="0" m="29227" /><D95/><U111/><E111/><V16/><F112/><W53/><AGARI ba="0,2" hai="3,4,8,42,44,50,53,55,56,61,67,80,82,83" machi="53" ten="30,4000,0" yaku="1,1,0,1,52,1,53,0" doraHai="38" doraHaiUra="23" who="3" fromWho="3" sc="250,-20,240,-10,250,-10,240,60" /><INIT seed="1,0,0,3,0,92" ten="230,230,240,300" oya="1" hai0="81,113,59,126,68,79,35,32,71,46,13,78,9" hai1="38,83,34,24,75,37,25,26,29,119,31,125,55" hai2="8,90,82,6,40,62,131,2,91,41,5,93,7" hai3="33,95,97,14,108,47,123,30,72,106,130,87,21"/><U103/><E119/><V53/><F131/><W67/><G72/><T121/><D113/><U104/><E125/><V85/><F2/><W60/><G130/><T70/><D121/><U58/><E103/><V96/><REACH who="2" step="1"/><F8/><REACH who="2" ten="230,230,230,300" step="2"/><W117/><G123/><T80/><D126/><U114/><E114/><V4/><N who="2" m="1536" /><DORA hai="134" /><V94/><F94/><W63/><G117/><T133/><D133/><U42/><E104/><V69/><F69/><W39/><G95/><T88/><D70/><U50/><E34/><V44/><F44/><W109/><G47/><T15/><D46/><U66/><E42/><V73/><F73/><W28/><G33/><T3/><D3/><U20/><E38/><V100/><F100/><W116/><G39/><T86/><D9/><U48/><E37/><V84/><F84/><W19/><G87/><T129/><D86/><U1/><E1/><V111/><F111/><W16/><G116/><T12/><D129/><U49/><E75/><V101/><F101/><W64/><G109/><T54/><D71/><U132/><E132/><V43/><F43/><W110/><G108/><T98/><D68/><U17/><E83/><V27/><F27/><N who="1" m="10313" /><E66/><V127/><F127/><W76/><G110/><T65/><D81/><U122/><E122/><V115/><F115/><W11/><G67/><T61/><D80/><U120/><E120/><V74/><F74/><W45/><G64/><T51/><D65/><U22/><E31/><V135/><F135/><W77/><G30/><T118/><D118/><U112/><E112/><V52/><F52/><W107/><G28/><T99/><D78/><RYUUKYOKU ba="0,1" sc="230,-15,230,15,230,15,300,-15" hai1="17,20,22,26,29,48,49,50,55,58" hai2="40,41,53,62,82,85,90,91,93,96" /><INIT seed="1,1,1,1,4,1" ten="215,245,245,285" oya="1" hai0="94,49,0,121,53,16,37,6,25,83,5,111,92" hai1="66,125,38,51,39,48,52,117,57,19,28,63,86" hai2="120,43,56,118,2,11,65,71,84,18,34,55,131" hai3="93,101,74,15,20,80,128,3,113,129,45,26,119"/><U46/><E117/><V135/><F34/><W73/><G3/><T70/><D70/><N who="1" m="42335" /><E86/><V82/><F118/><W134/><G119/><T85/><D37/><N who="1" m="13835" /><E19/><V72/><F120/><W59/><G113/><T130/><D130/><U91/><E91/><V31/><F135/><W12/><G45/><N who="0" m="27823" /><D111/><U95/><E95/><N who="0" m="36393" /><D0/><U9/><E9/><V14/><F131/><W27/><G93/><T30/><D30/><U127/><E28/><V41/><F72/><W126/><G80/><T106/><D106/><U107/><E107/><V24/><F2/><W87/><G59/><T110/><D110/><U10/><E10/><V40/><F65/><W123/><G20/><N who="0" m="13447" /><D121/><U60/><E51/><N who="2" m="30847" /><F71/><W98/><G123/><T104/><D104/><U47/><E47/><V133/><F133/><W79/><G134/><T36/><D36/><U109/><E109/><V116/><F116/><W54/><G79/><AGARI ba="1,1" hai="5,6,79,83,85" m="13447,36393,27823" machi="79" ten="30,7700,0" yaku="8,1,52,2,54,1" doraHai="1" who="0" fromWho="3" sc="215,90,245,0,245,0,285,-80" /><INIT seed="2,0,0,2,3,97" ten="305,245,245,205" oya="2" hai0="107,30,133,17,116,28,74,130,82,16,73,85,93" hai1="78,76,77,90,36,45,10,105,13,75,27,95,129" hai2="58,44,125,42,79,64,35,121,67,7,96,113,114" hai3="89,86,115,65,60,21,122,59,6,108,31,33,124"/><V1/><F121/><W40/><G122/><T68/><D107/><U126/><E105/><V47/><F35/><W57/><G33/><T34/><D68/><U69/><E69/><V18/><F1/><W48/><G124/><T132/><D116/><U104/><E104/><V4/><F79/><W9/><G115/><T92/><D130/><U98/><E129/><V25/><F96/><W19/><G31/><N who="0" m="11819" /><D34/><U127/><E27/><V135/><F125/><N who="1" m="47625" /><E75/><N who="0" m="28681" /><D82/><U103/><E90/><V23/><F135/><N who="0" m="51786" /><D85/><U46/><E36/><V72/><F72/><W119/><G119/><T117/><D117/><U26/><E26/><V110/><F110/><W111/><G40/><T61/><D61/><U51/><E51/><V52/><F113/><W2/><G48/><T38/><D38/><U20/><E20/><V102/><F42/><W37/><G37/><T106/><D106/><U53/><E53/><V8/><F114/><W3/><G57/><T128/><D128/><U50/><E50/><V39/><F39/><W54/><G54/><T83/><D83/><U24/><E24/><V118/><F118/><W0/><G0/><T29/><N who="0" m="11827" /><T70/><DORA hai="99" /><D70/><U131/><E131/><V134/><F134/><W88/><G3/><T43/><D43/><U15/><E15/><V112/><F112/><W22/><G22/><T11/><D11/><U94/><E94/><AGARI ba="0,0" hai="16,17,92,93,94" m="51786,28681,11827" machi="94" ten="40,8000,1" yaku="28,2,20,1,54,1" doraHai="97,99" who="0" fromWho="1" sc="305,80,245,-80,245,0,205,0" /><INIT seed="3,0,0,5,5,95" ten="385,165,245,205" oya="3" hai0="120,106,135,82,23,68,91,105,117,42,110,65,92" hai1="15,100,80,36,31,53,104,51,70,73,132,130,1" hai2="11,35,129,107,48,124,78,103,6,38,96,121,57" hai3="90,12,0,37,39,52,81,131,74,76,84,3,43"/><W125/><G131/><T62/><D117/><U32/><E1/><V118/><F38/><W97/><G97/><T86/><D120/><U122/><E36/><V114/><F118/><W56/><G125/><T128/><D128/><U71/><E122/><V34/><F114/><W89/><G89/><T40/><D110/><U109/><E109/><V72/><F129/><W24/><G24/><T102/><D135/><U116/><E130/><V13/><F124/><W111/><G111/><T22/><D106/><U66/><E116/><V41/><F121/><W64/><G64/><T49/><D105/><U115/><E115/><V83/><F57/><W26/><G39/><T29/><D29/><U133/><E70/><V20/><F20/><W94/><G26/><T8/><D8/><U75/><E32/><V7/><REACH who="2" step="1"/><F6/><REACH who="2" ten="385,165,235,205" step="2"/><W60/><REACH who="3" step="1"/><G12/><REACH who="3" ten="385,165,235,195" step="2"/><T119/><D119/><U98/><E133/><V79/><F79/><W99/><G99/><T126/><D126/><U25/><E132/><V21/><F21/><W54/><G54/><T63/><D22/><U55/><E75/><V67/><F67/><W69/><G69/><T30/><D23/><U16/><E73/><V46/><AGARI ba="0,2" hai="7,11,13,34,35,41,46,48,72,78,83,96,103,107" machi="46" ten="30,4000,0" yaku="1,1,0,1,52,1,53,0" doraHai="95" doraHaiUra="85" who="2" fromWho="2" sc="385,-10,165,-10,235,60,195,-20" owari="375,46.0,155,-34.0,295,10.0,175,-22.0" /></mjloggm>