<mjloggm ver="2.3"><GO type="169" lobby="0"/><UN n0="%E3%83%88%E3%83%88%E3%83%AA%E5%85%88%E7%94%9F%31%39%E6%AD%B3" n1="%E3%83%95%E3%82%A7%E3%83%AB%E3%83%8A%E3%83%B3%E3%83%89" n2="%7A%61%74%74%6F" n3="%7A%65%52%6F" dan="18,16,16,16" rate="2226.46,2127.28,2073.23,2146.86" sx="F,M,M,M"/><TAIKYOKU oya="0"/><INIT seed="0,0,0,4,1,127" ten="250,250,250,250" oya="0" hai0="33,46,3,80,54,48,114,75,8,82,55,86,10" hai1="45,121,64,117,4,126,6,95,85,67,111,60,91" hai2="133,37,81,83,16,100,101,79,41,9,120,68,90" hai3="50,21,38,113,51,94,28,122,72,40,26,19,56"/><T53/><D114/><U98/><E117/><V102/><F68/><W30/><G72/><T36/><D33/><U134/><E121/><V18/><F120/><W13/><G113/><T43/><D36/><U71/><E126/><V59/><F133/><W7/><G38/><T65/><D3/><U110/><E134/><V5/><F90/><W31/><G122/><T125/><D125/><U1/><E67/><V49/><F81/><W84/><G40/><T103/><D103/><U76/><E45/><V92/><F92/><W63/><G7/><T32/><D32/><U128/><E128/><V105/><F105/><W135/><G135/><T109/><D109/><N who="1" m="41483" /><E1/><V104/><F104/><W93/><G26/><T22/><D75/><U66/><E66/><V35/><F35/><W20/><G20/><T62/><D22/><U12/><E12/><V61/><F37/><W0/><G0/><T27/><D27/><U89/><E76/><V116/><F116/><W112/><G112/><T119/><D119/><U11/><E11/><V74/><F49/><N who="3" m="18443" /><G84/><T132/><D132/><U73/><E73/><V44/><F44/><W47/><G47/><T106/><D106/><U29/><E29/><N who="3" m="7426" /><W87/><DORA hai="42" /><G87/><T130/><D86/><U115/><E115/><V58/><F41/><W107/><G107/><T77/><D77/><U123/><E123/><V131/><F74/><W24/><G24/><T99/><D43/><U15/><E15/><V57/><F79/><W118/><G118/><T14/><D14/><U39/><E39/><V69/><F69/><W88/><G88/><T70/><D46/><RYUUKYOKU ba="0,0" sc="250,-15,250,15,250,-15,250,15" hai1="4,6,60,64,71,85,89,91,95,98" hai3="13,19,21,56,63,93,94" /><INIT seed="1,1,0,0,2,6" ten="235,265,235,265" oya="1" hai0="128,29,78,32,89,95,77,38,74,72,102,123,117" hai1="60,44,10,122,66,75,131,47,111,27,73,45,104" hai2="126,86,107,135,132,130,24,13,34,22,113,42,129" hai3="98,99,15,124,0,11,87,59,61,14,46,106,25"/><U35/><E104/><V93/><F107/><W53/><G0/><T5/><D38/><U28/><E122/><V49/><F42/><W85/><G124/><T81/><D117/><U118/><E118/><V80/><F93/><W71/><G71/><T91/><D29/><U97/><E131/><N who="2" m="50187" /><F49/><W20/><G46/><T70/><D5/><U1/><E97/><N who="3" m="36874" /><G106/><T18/><D18/><U17/><E111/><V23/><F113/><W103/><G103/><T76/><D32/><U114/><E114/><V39/><F39/><W65/><G65/><T69/><D128/><U7/><REACH who="1" step="1"/><E17/><REACH who="1" ten="235,255,235,265" step="2"/><N who="2" m="10543" /><F126/><W19/><G15/><T125/><D125/><U84/><E84/><V55/><F86/><W115/><G115/><T133/><D123/><U33/><E33/><V100/><F34/><W58/><G85/><T121/><D121/><U52/><E52/><V16/><F55/><W26/><G87/><T31/><D72/><U21/><E21/><N who="2" m="13351" /><F80/><W48/><G20/><T37/><D81/><U88/><E88/><V108/><F108/><W57/><G61/><T101/><D89/><U9/><E9/><V119/><F119/><W43/><G53/><T4/><D91/><U36/><E36/><V134/><F23/><W67/><G67/><T63/><D37/><U62/><E62/><V105/><F105/><W82/><G82/><T12/><D63/><U50/><E50/><V112/><F112/><W64/><G64/><T56/><D102/><AGARI ba="1,1" hai="100,102,132,134,135" m="13351,10543,50187" machi="102" ten="40,5200,0" yaku="20,1,19,1,54,1" doraHai="6" who="2" fromWho="0" sc="235,-55,255,0,235,65,265,0" /><INIT seed="2,0,0,1,4,100" ten="180,255,300,265" oya="2" hai0="86,18,41,42,55,53,57,80,108,103,70,5,56" hai1="43,37,12,72,96,16,46,114,97,3,94,102,0" hai2="118,83,117,68,93,81,60,85,71,101,98,115,92" hai3="91,58,65,8,1,4,20,54,90,95,9,130,112"/><V132/><F115/><W62/><G130/><T2/><D70/><U110/><E110/><V31/><F132/><W26/><G112/><T35/><D108/><U27/><E114/><V105/><F83/><W109/><G109/><T129/><D129/><U123/><E72/><V113/><F113/><W88/><G9/><T106/><D35/><U17/><E123/><V69/><F60/><W11/><G11/><T28/><D28/><U10/><REACH who="1" step="1"/><E97/><REACH who="1" ten="180,245,300,265" step="2"/><V107/><F31/><W22/><G95/><T133/><D133/><U34/><E34/><V127/><F127/><W24/><REACH who="3" step="1"/><G65/><REACH who="3" ten="180,245,300,255" step="2"/><T82/><D82/><U121/><E121/><V64/><F64/><W23/><AGARI ba="0,2" hai="1,4,8,20,22,23,24,26,54,58,62,88,90,91" machi="23" ten="30,7900,0" yaku="1,1,2,1,0,1,54,1,53,0" doraHai="100" doraHaiUra="126" who="3" fromWho="3" sc="180,-20,245,-20,300,-39,255,99" /><INIT seed="3,0,0,1,2,39" ten="160,225,261,354" oya="3" hai0="130,90,124,115,64,119,61,62,76,48,135,120,12" hai1="38,36,109,47,8,122,118,3,65,27,132,25,21" hai2="49,94,108,97,87,26,96,127,89,104,44,55,88" hai3="121,13,37,112,5,53,23,15,30,98,17,131,29"/><W129/><G37/><T74/><D119/><U57/><E122/><V41/><F108/><W52/><G121/><T78/><D120/><U95/><E109/><V68/><F68/><W32/><G112/><T19/><D130/><N who="3" m="49673" /><G98/><T82/><D135/><U7/><E132/><V116/><F127/><W85/><G85/><T22/><D124/><U84/><E118/><V133/><F133/><W16/><G5/><T92/><D115/><U103/><E27/><V31/><F116/><W56/><G32/><T40/><D76/><U63/><E47/><V100/><F55/><N who="3" m="21067" /><G56/><T81/><D81/><U134/><E134/><V80/><F26/><W86/><G86/><T35/><D35/><U72/><E72/><V114/><F31/><W67/><G67/><T43/><D48/><U91/><REACH who="1" step="1"/><E103/><REACH who="1" ten="160,215,261,354" step="2"/><V113/><AGARI ba="0,1" hai="41,44,49,80,87,88,89,94,96,97,100,104,113,114" machi="113" ten="30,4000,0" yaku="0,1,52,1,54,1" doraHai="39" who="2" fromWho="2" sc="160,-10,215,-10,261,50,354,-20" /><INIT seed="4,0,0,4,1,57" ten="150,205,311,334" oya="0" hai0="127,14,77,20,22,28,84,15,101,65,110,25,18" hai1="80,70,121,43,90,124,116,74,82,46,63,60,39" hai2="85,61,118,27,79,21,32,19,73,108,44,40,104" hai3="128,86,52,92,113,71,11,132,59,122,55,1,112"/><T134/><D134/><U29/><E116/><V102/><F73/><W105/><G105/><T26/><D127/><U38/><E121/><V109/><F118/><W4/><G71/><T107/><D110/><U42/><E124/><V83/><F32/><W76/><G122/><T103/><D65/><U100/><E100/><V88/><F79/><W47/><G132/><T16/><D107/><U41/><E29/><V129/><F129/><W17/><G128/><T69/><D69/><U12/><E70/><V24/><F24/><W125/><G125/><T131/><D131/><U13/><E43/><V68/><F102/><W98/><G17/><T54/><D54/><U93/><E93/><V8/><F8/><W72/><G72/><T34/><REACH who="0" step="1"/><D26/><REACH who="0" ten="140,205,311,334" step="2"/><U130/><E130/><V67/><REACH who="2" step="1"/><F104/><REACH who="2" ten="140,205,301,334" step="2"/><W117/><G117/><T133/><D133/><U126/><E126/><V123/><F123/><W115/><G115/><T45/><D45/><U51/><E46/><V36/><AGARI ba="0,2" hai="19,21,27,36,40,44,61,67,68,83,85,88,108,109" machi="36" ten="20,8000,1" yaku="1,1,0,1,7,1,52,1,54,1,53,0" doraHai="57" doraHaiUra="89" who="2" fromWho="2" sc="140,-40,205,-20,301,100,334,-20" /><INIT seed="5,0,0,0,1,4" ten="100,185,401,314" oya="1" hai0="16,66,42,13,60,55,121,67,117,50,6,114,22" hai1="131,75,119,25,74,128,56,85,130,78,118,108,2" hai2="30,51,73,125,129,64,61,89,120,11,76,101,69" hai3="28,14,59,58,94,93,107,110,18,10,36,126,116"/><U88/><E2/><V7/><F125/><W95/><G107/><T23/><D117/><N who="1" m="44555" /><E25/><V37/><F129/><W44/><G116/><T63/><D114/><U68/><E68/><V112/><F101/><W123/><G110/><T38/><D121/><U122/><E56/><V54/><F112/><W96/><G123/><T8/><D38/><U0/><E0/><V105/><F105/><W97/><G126/><T39/><D39/><U113/><E113/><V41/><F89/><W17/><G28/><T84/><D42/><U133/><E122/><V32/><F32/><W31/><G31/><T65/><D84/><U29/><E29/><V71/><F30/><W100/><G36/><T26/><REACH who="0" step="1"/><D23/><REACH who="0" ten="90,185,401,314" step="2"/><U111/><E133/><V91/><F41/><W43/><G43/><T104/><D104/><U19/><E19/><V40/><F40/><W24/><G17/><T15/><D15/><U9/><E9/><V45/><F37/><W48/><G24/><T53/><D53/><U80/><E75/><V90/><F120/><W106/><G97/><T46/><AGARI ba="0,1" hai="6,8,13,16,22,26,46,50,55,60,63,65,66,67" machi="46" ten="30,8000,1" yaku="1,1,0,1,8,1,52,1,54,1,53,0" doraHai="4" doraHaiUra="79" who="0" fromWho="0" sc="90,90,185,-40,401,-20,314,-20" /><INIT seed="6,0,0,2,2,53" ten="180,145,381,294" oya="2" hai0="5,49,76,15,108,11,22,99,44,18,125,33,55" hai1="102,78,38,65,2,1,91,8,48,16,57,96,58" hai2="88,17,84,105,114,47,123,52,26,63,134,10,42" hai3="98,74,127,34,87,14,3,92,85,107,43,83,68"/><V36/><F123/><W46/><G3/><T21/><D125/><U73/><E38/><V35/><F105/><W113/><G127/><T79/><D108/><U37/><E37/><V93/><F114/><W130/><G107/><T0/><D33/><U13/><E73/><V20/><F134/><W111/><G68/><T103/><D22/><U41/><E78/><V129/><F129/><W120/><G34/><T72/><D72/><U67/><E2/><V77/><F35/><W110/><G74/><T45/><D45/><N who="1" m="25647" /><E1/><V119/><F10/><W121/><G14/><T29/><D29/><U86/><E96/><V133/><F133/><W135/><G46/><T116/><D116/><U59/><E102/><V112/><F112/><W31/><G31/><T51/><D51/><U25/><E25/><V95/><F77/><W24/><G24/><T23/><D23/><U60/><E60/><V122/><F122/><W71/><G71/><T56/><REACH who="0" step="1"/><D44/><REACH who="0" ten="170,145,381,294" step="2"/><U117/><E117/><V126/><F126/><W61/><G135/><T81/><D81/><AGARI ba="0,1" hai="8,13,16,57,58,59,65,67,81,86,91" m="25647" machi="81" ten="30,8000,1" yaku="8,1,52,3,54,1" doraHai="53" who="1" fromWho="0" sc="170,-80,145,90,381,0,294,0" /><INIT seed="7,0,0,1,2,88" ten="90,235,381,294" oya="3" hai0="110,8,85,132,17,54,102,7,31,120,124,30,77" hai1="11,59,64,105,134,69,118,46,6,86,14,133,62" hai2="75,74,106,55,58,79,38,114,95,94,61,67,10" hai3="122,127,135,48,0,131,34,89,115,83,108,126,66"/><W90/><G0/><T13/><D132/><U92/><E105/><V71/><F106/><W42/><G34/><T68/><D124/><N who="3" m="47657" /><G122/><T2/><D110/><U9/><E118/><V23/><F114/><W121/><G121/><T51/><D68/><U32/><E32/><V22/><F38/><W41/><G115/><T130/><D130/><U29/><E29/><V129/><F129/><W78/><G131/><T123/><D123/><U3/><E69/><V76/><F75/><W84/><G135/><T60/><D120/><U109/><E46/><V113/><F113/><W53/><G66/><T16/><D60/><U44/><E44/><V26/><F10/><W87/><G108/><T96/><D17/><U98/><E109/><V103/><F103/><W56/><G90/><T100/><D100/><U25/><E25/><V39/><F39/><W27/><G27/><T116/><D116/><U119/><E119/><V104/><F104/><W37/><G37/><T52/><D54/><U49/><E49/><N who="2" m="31087" /><F74/><W112/><G112/><T73/><D73/><U125/><E125/><V63/><F23/><W33/><G33/><T12/><D2/><U20/><E20/><V36/><F36/><W19/><G19/><T111/><D111/><U43/><E134/><V70/><F71/><W57/><G57/><N who="0" m="32927" /><D30/><U97/><E133/><V107/><F107/><W24/><G24/><T91/><D31/><U99/><E3/><V4/><F4/><W101/><G101/><T50/><D7/><U15/><E9/><V93/><F63/><W1/><G1/><T65/><D8/><U40/><E15/><RYUUKYOKU ba="0,0" sc="90,-30,235,10,381,10,294,10" hai1="6,11,14,40,43,59,62,64,86,92,97,98,99" hai2="22,26,61,67,70,76,79,93,94,95" hai3="41,42,48,53,56,78,83,84,87,89" /><INIT seed="7,1,0,5,0,14" ten="60,245,391,304" oya="3" hai0="120,8,86,77,59,42,36,117,48,76,51,72,63" hai1="102,53,41,27,90,92,106,15,2,84,85,130,38" hai2="10,82,19,105,68,61,89,80,54,57,43,73,55" hai3="131,18,30,50,129,134,69,70,3,125,21,101,111"/><W118/><G118/><T108/><D86/><U7/><E2/><V44/><F105/><W26/><G101/><T122/><D8/><U65/><E130/><N who="3" m="49674" /><G111/><T103/><D103/><U46/><E65/><V132/><F132/><W99/><G99/><T66/><D76/><U45/><E106/><V75/><F68/><N who="3" m="26219" /><G134/><T22/><D77/><U56/><E102/><V0/><F55/><W109/><G109/><T95/><D22/><U119/><E119/><V67/><F54/><W64/><G64/><T87/><D87/><U29/><E46/><V62/><F62/><W126/><G50/><T78/><D95/><U52/><E85/><N who="2" m="50343" /><F73/><W96/><G96/><T13/><D13/><U127/><E56/><V128/><F75/><W60/><G60/><T17/><D78/><U88/><E90/><V79/><F128/><W11/><G30/><T74/><D59/><U81/><E92/><V35/><F44/><W94/><G94/><T33/><D63/><U6/><E6/><AGARI ba="1,0" hai="3,6,11,18,21,26,125,126" m="26219,49674" machi="6" ten="40,3900,0" yaku="19,1,52,1" doraHai="14" who="3" fromWho="1" sc="60,0,245,-42,391,0,304,42" /><INIT seed="7,2,0,2,0,19" ten="60,203,391,346" oya="3" hai0="51,67,37,89,84,107,10,16,48,32,36,127,6" hai1="64,35,74,82,41,20,53,87,14,70,97,131,94" hai2="108,117,18,88,104,57,109,38,58,116,23,31,8" hai3="13,43,78,63,66,11,30,119,22,124,68,28,111"/><W100/><G119/><T102/><D127/><U4/><E35/><V114/><F104/><W112/><G124/><T34/><D67/><U17/><E74/><V45/><F114/><W1/><G111/><T106/><D6/><U62/><E131/><V135/><F38/><W65/><G1/><T120/><D10/><U110/><E110/><N who="2" m="42603" /><F45/><W7/><G112/><T113/><D84/><U46/><E4/><V44/><F88/><W103/><G65/><T81/><D89/><U92/><E53/><V40/><F40/><W0/><G43/><T33/><D16/><U121/><E97/><V80/><F44/><W12/><G78/><T130/><D113/><U134/><E134/><V26/><F80/><W15/><REACH who="3" step="1"/><G30/><REACH who="3" ten="60,203,391,336" step="2"/><T49/><D81/><U47/><E41/><V55/><F55/><W79/><G79/><T98/><D130/><U29/><E29/><V75/><F75/><W77/><G77/><T91/><D91/><U61/><E82/><V56/><F135/><W90/><G90/><T50/><N who="0" m="12288" /><DORA hai="76" /><T133/><D133/><U122/><E64/><V93/><F116/><W60/><G60/><T69/><D120/><U105/><E122/><V71/><F117/><W132/><G132/><T126/><D126/><U101/><E121/><V72/><F72/><W24/><AGARI ba="2,1" hai="0,7,11,12,13,15,22,24,28,63,66,68,100,103" machi="24" ten="30,6000,0" yaku="1,1,0,1,52,1,53,0" doraHai="19,76" doraHaiUra="85,52" who="3" fromWho="3" sc="60,-22,203,-22,391,-22,336,76" owari="38,-46.0,181,-22.0,369,17.0,412,51.0" /></mjloggm>