<mjloggm ver="2.3"><GO type="169" lobby="0"/><UN n0="%E3%81%93%E3%81%98%E3%81%BE%E3%82%82%E3%82%93" n1="%E5%B0%B1%E6%B4%BB%E7%94%9F%40%E5%B7%9D%E6%9D%91%E8%BB%8D%E5%9B%A3" n2="%E2%98%86%E5%AE%AE%E6%B0%B8%E7%85%A7%E3%81%A1%E3%82%83%E3%82%93%E2%98%86" n3="%E9%BA%BB%E9%9B%80%E7%89%87%E6%83%B3%E3%81%84" dan="16,17,16,16" rate="2121.77,2225.15,2149.08,2140.31" sx="M,M,M,M"/><TAIKYOKU oya="0"/><INIT seed="0,0,0,5,4,82" ten="250,250,250,250" oya="0" hai0="90,94,80,64,37,40,112,71,126,2,67,118,84" hai1="0,55,78,111,50,99,27,79,86,6,19,57,97" hai2="102,125,14,92,53,66,134,87,30,119,108,22,75" hai3="104,8,129,25,113,20,54,34,16,96,116,115,5"/><T110/><D112/><N who="3" m="43081" /><G54/><T106/><D106/><U127/><E127/><V52/><F75/><W91/><G91/><T88/><D118/><U77/><E111/><V131/><F108/><W63/><G63/><T7/><D110/><U89/><E0/><V128/><F119/><W1/><G96/><T38/><D126/><U12/><E27/><N who="2" m="16759" /><F134/><W133/><G104/><T93/><D7/><U105/><E6/><V44/><F125/><W18/><G116/><T117/><D2/><U107/><E107/><V68/><F44/><W10/><G133/><T109/><D109/><U42/><E42/><V15/><F66/><W60/><G60/><T65/><D71/><U43/><E43/><V59/><F53/><W39/><G39/><T23/><D117/><U135/><E135/><V33/><F33/><W21/><G129/><N who="2" m="49737" /><F68/><W29/><G10/><T85/><D40/><U76/><N who="1" m="19968" /><DORA hai="123" /><U56/><E56/><V61/><F102/><W9/><G9/><T130/><D130/><U3/><E3/><V45/><F45/><W70/><G70/><T26/><D80/><N who="1" m="49351" /><E105/><V46/><F46/><W73/><G73/><T83/><D83/><U28/><E28/><AGARI ba="0,0" hai="23,26,28,37,38,64,65,67,84,85,88,90,93,94" machi="28" ten="40,12000,1" yaku="9,1,52,2,54,1" doraHai="82,123" who="0" fromWho="1" sc="250,120,250,-120,250,0,250,0" /><INIT seed="0,1,0,3,0,89" ten="370,130,250,250" oya="0" hai0="114,35,9,127,17,63,65,118,132,2,15,115,102" hai1="49,59,101,38,25,42,39,31,30,20,105,123,24" hai2="88,98,11,92,64,100,34,61,36,28,40,94,48" hai3="53,29,6,4,87,134,7,120,116,121,43,58,104"/><T73/><D118/><U110/><E123/><N who="3" m="47178" /><G104/><T52/><D73/><U27/><E110/><V119/><F119/><W10/><G43/><T41/><D41/><U60/><E27/><V57/><F34/><W19/><G116/><T76/><D76/><U80/><E80/><V93/><F36/><W74/><G74/><T99/><D35/><U91/><E91/><V68/><F68/><W113/><G113/><T82/><D82/><U67/><E105/><V95/><F11/><W66/><G66/><T111/><D111/><U77/><E77/><V86/><F28/><W37/><G37/><T129/><D132/><U108/><E101/><V85/><F85/><W81/><G29/><T133/><D133/><U50/><E108/><V5/><F5/><W45/><G45/><AGARI ba="1,0" hai="40,45,48,57,61,64,86,88,92,93,94,95,98,100" machi="45" ten="40,12000,2" yaku="8,1,52,4,54,1" doraHai="89" who="2" fromWho="3" sc="370,0,130,0,250,123,250,-123" /><INIT seed="1,0,0,5,1,34" ten="370,130,373,127" oya="1" hai0="9,87,64,8,135,1,67,21,45,80,59,63,26" hai1="10,113,86,81,82,14,115,127,114,108,17,58,123" hai2="54,68,40,61,129,13,15,24,99,22,72,132,105" hai3="83,43,30,70,38,18,47,126,66,121,101,106,60"/><U23/><E123/><V97/><F132/><W33/><G126/><T110/><D135/><U92/><E127/><V131/><F72/><W5/><G18/><T12/><D110/><U51/><E108/><V4/><F40/><W76/><G121/><T62/><D45/><U116/><E116/><V122/><F122/><W88/><G88/><N who="0" m="51303" /><D12/><N who="2" m="4682" /><F4/><W94/><G94/><T79/><D79/><U118/><E118/><V119/><F105/><W37/><G37/><T2/><D2/><U11/><E82/><V55/><F68/><W77/><G5/><T39/><D1/><U117/><E117/><V36/><F61/><W133/><G133/><T52/><D39/><U107/><E107/><V42/><F42/><W53/><G53/><N who="2" m="19977" /><F36/><W112/><G112/><T49/><D63/><U104/><E104/><V7/><F7/><W3/><G3/><T0/><D0/><U89/><REACH who="1" step="1"/><E81/><REACH who="1" ten="370,120,373,127" step="2"/><V57/><F119/><W46/><G83/><T29/><D62/><U120/><E120/><V56/><F129/><W16/><G106/><T69/><D69/><U125/><E125/><V85/><F131/><W90/><G60/><T124/><D124/><U28/><E28/><N who="2" m="17431" /><F85/><W100/><G70/><T98/><D98/><AGARI ba="0,1" hai="56,57,97,98,99" m="17431,19977,4682" machi="98" ten="30,1000,0" yaku="8,1" doraHai="34" who="2" fromWho="0" sc="370,-10,120,0,373,20,127,0" /><INIT seed="2,0,0,0,0,65" ten="360,120,393,127" oya="2" hai0="45,106,134,61,132,54,73,95,59,113,23,41,30" hai1="120,86,117,122,130,123,5,49,27,72,118,108,11" hai2="89,47,96,40,103,62,52,69,7,10,21,28,56" hai3="37,6,38,16,34,94,48,50,80,87,29,77,78"/><V104/><F89/><W25/><G6/><T3/><D106/><U115/><E72/><V24/><F69/><W66/><G78/><T114/><D3/><N who="1" m="447" /><E49/><V2/><F47/><W31/><G31/><T112/><D73/><U68/><E68/><V98/><F40/><W58/><G50/><N who="0" m="26927" /><D95/><U18/><E86/><V46/><F46/><W131/><G131/><T125/><D23/><N who="1" m="13815" /><E130/><V82/><REACH who="2" step="1"/><F98/><REACH who="2" ten="360,120,383,127" step="2"/><W74/><G38/><T76/><D59/><U111/><E115/><V63/><F63/><W97/><G37/><T15/><D61/><U32/><E32/><V121/><F121/><W128/><G128/><T43/><D43/><U0/><E0/><V88/><F88/><W8/><G48/><T116/><D113/><U133/><E133/><V9/><F9/><W92/><G58/><T4/><D134/><U57/><E57/><V91/><F91/><W126/><G66/><T109/><D132/><U102/><E102/><V39/><F39/><W129/><G129/><T55/><D114/><U33/><E33/><V70/><F70/><W110/><G8/><T44/><D112/><U1/><E1/><V71/><F71/><W107/><G97/><T14/><D44/><U79/><E79/><V51/><F51/><W64/><G77/><T90/><D76/><U42/><E42/><V19/><F19/><W84/><G16/><T100/><D90/><U119/><AGARI ba="0,1" hai="108,111,117,118,119,120,122,123" m="13815,447" machi="119" ten="40,5200,0" yaku="13,1,34,2" doraHai="65" who="1" fromWho="1" sc="360,-13,120,62,383,-26,127,-13" /><INIT seed="3,0,0,3,3,90" ten="347,182,357,114" oya="3" hai0="102,23,14,129,48,65,79,56,3,27,120,84,104" hai1="105,34,32,11,69,88,64,92,117,42,94,81,68" hai2="116,22,36,93,111,110,46,52,70,39,43,47,77" hai3="30,76,38,17,57,59,75,49,61,113,10,67,2"/><W125/><G38/><T45/><D3/><U33/><E117/><V114/><F116/><W78/><G113/><T1/><D1/><U5/><E105/><V50/><F39/><W19/><G125/><T124/><D120/><U133/><E133/><V63/><F114/><W62/><G30/><T98/><D124/><U87/><E42/><V115/><F115/><W55/><G75/><T28/><D14/><U37/><E37/><V134/><F77/><W40/><G2/><T107/><D129/><U8/><E64/><N who="2" m="41247" /><F93/><W112/><G112/><T18/><D104/><U25/><E25/><V6/><F22/><W95/><G95/><T73/><D73/><U72/><E72/><V118/><F6/><W126/><G126/><T123/><D123/><U74/><E74/><V85/><F85/><W122/><G122/><T130/><D130/><U97/><E81/><V41/><F118/><W20/><G10/><T29/><D84/><U127/><E127/><V82/><F82/><W132/><G132/><T60/><D79/><N who="3" m="30249" /><G20/><T4/><D4/><U0/><REACH who="1" step="1"/><E8/><REACH who="1" ten="347,172,357,114" step="2"/><V9/><F9/><W86/><G86/><T12/><D27/><U21/><E21/><V121/><F121/><W7/><G7/><T26/><D26/><U109/><E109/><N who="2" m="41483" /><F134/><W119/><G119/><T83/><D83/><U44/><E44/><AGARI ba="0,1" hai="17,19,40,44,49,55,57,59,61,62,67" m="30249" machi="44" ten="30,1500,0" yaku="8,1" doraHai="90" who="3" fromWho="1" sc="347,0,172,-15,357,0,114,25" /><INIT seed="3,1,0,4,4,127" ten="347,157,357,139" oya="3" hai0="112,105,115,3,48,66,50,104,77,78,29,36,75" hai1="31,41,114,21,25,10,47,32,103,91,27,89,118" hai2="24,88,44,1,96,135,46,53,38,131,65,82,106" hai3="45,113,20,13,69,84,87,80,51,8,70,18,119"/><W60/><G119/><T43/><D3/><U90/><E114/><N who="0" m="43561" /><D66/><U101/><E118/><V72/><F1/><W58/><G113/><T109/><D109/><U97/><E10/><V98/><F135/><W39/><G39/><T130/><D29/><U67/><E67/><V63/><F106/><W9/><G70/><T128/><D36/><U40/><E47/><V4/><F4/><W42/><G69/><T0/><D0/><U61/><E61/><V54/><F24/><W107/><G107/><N who="0" m="41035" /><D75/><U94/><REACH who="1" step="1"/><E101/><REACH who="1" ten="347,147,357,139" step="2"/><V129/><F65/><N who="3" m="39063" /><G87/><T86/><D86/><U16/><AGARI ba="1,1" hai="16,21,25,27,31,32,40,41,89,90,91,94,97,103" machi="16" ten="30,12000,2" yaku="1,1,0,1,54,1,53,3" doraHai="127" doraHaiUra="85" who="1" fromWho="1" sc="347,-31,147,133,357,-31,139,-61" /><INIT seed="4,0,0,3,1,132" ten="316,280,326,78" oya="0" hai0="63,27,59,2,36,51,85,97,65,91,41,72,60" hai1="80,76,26,106,66,42,55,88,61,47,38,67,40" hai2="25,90,8,39,32,57,115,28,131,123,103,77,110" hai3="24,19,95,9,125,102,46,69,129,62,122,70,112"/><T109/><D72/><U104/><E42/><V113/><F110/><W71/><G122/><T82/><D2/><U120/><E120/><V133/><F123/><W114/><G129/><T118/><D118/><U75/><E55/><V111/><F111/><W20/><G62/><T83/><D109/><U16/><E67/><V105/><F131/><W29/><G46/><N who="0" m="26063" /><D36/><U107/><E88/><V7/><F90/><W21/><G9/><T12/><D27/><U92/><E92/><V78/><F133/><W44/><G44/><T13/><D63/><U31/><E16/><V98/><F57/><W87/><G87/><N who="0" m="50679" /><D97/><U127/><E26/><V86/><F86/><W17/><G95/><T50/><D50/><U30/><E30/><V74/><F39/><W81/><G81/><T11/><D11/><U121/><E31/><V99/><F99/><W1/><G1/><T108/><D108/><U33/><E33/><V48/><F48/><W45/><G45/><T22/><D22/><U52/><E121/><V43/><F43/><W0/><G0/><T126/><D126/><U15/><E15/><N who="2" m="5535" /><F74/><W117/><G117/><T94/><D94/><U5/><E5/><V35/><F32/><W119/><G119/><T124/><D124/><U130/><E130/><V6/><F6/><W134/><G134/><T10/><D10/><U64/><E127/><V116/><F116/><W68/><G125/><T18/><D18/><N who="3" m="6665" /><G69/><T101/><D101/><U3/><E3/><V54/><F54/><W128/><G128/><T14/><D14/><U79/><E79/><AGARI ba="0,0" hai="12,13,59,60,65,79,83,85" m="50679,26063" machi="79" ten="30,1500,0" yaku="8,1" doraHai="132" who="0" fromWho="1" sc="316,15,280,-15,326,0,78,0" /><INIT seed="4,1,0,2,5,48" ten="331,265,326,78" oya="0" hai0="47,40,117,83,34,21,36,132,128,73,26,124,88" hai1="135,63,50,45,112,11,37,113,100,107,71,93,56" hai2="1,22,76,69,75,103,86,57,114,23,82,133,27" hai3="92,68,29,9,122,102,115,43,3,33,77,6,16"/><T87/><D117/><U129/><E107/><V39/><F69/><W108/><G108/><T101/><D124/><U30/><E129/><V5/><F114/><N who="1" m="44137" /><E135/><V46/><F133/><W118/><G115/><T104/><D132/><U72/><E72/><V51/><F103/><W126/><G126/><T106/><D128/><U98/><E30/><V85/><F57/><W10/><G68/><T105/><D34/><U60/><E11/><N who="2" m="2479" /><F51/><W13/><G118/><T49/><D36/><U53/><E71/><V96/><F96/><W91/><G102/><T125/><D125/><U55/><E37/><V15/><F15/><W109/><G109/><T62/><D73/><U116/><E116/><V64/><F64/><W44/><G77/><T80/><D62/><AGARI ba="1,0" hai="45,50,53,55,56,60,62,63,93,98,100" m="44137" machi="62" ten="30,7700,0" yaku="15,1,11,1,52,2" doraHai="48" who="1" fromWho="0" sc="331,-80,265,80,326,0,78,0" /><INIT seed="5,0,0,0,2,30" ten="251,345,326,78" oya="1" hai0="88,25,96,58,3,117,73,85,37,4,98,105,77" hai1="91,60,64,76,121,38,102,0,51,16,123,12,104" hai2="20,1,116,99,61,50,133,2,47,118,106,90,7" hai3="87,126,135,48,45,21,110,80,10,31,78,101,8"/><U44/><E0/><V93/><F133/><W109/><G126/><T115/><D117/><U39/><E76/><V57/><F2/><W82/><G135/><T41/><D115/><U28/><E28/><V83/><F20/><W52/><G109/><T9/><D58/><U62/><E104/><V120/><F120/><W53/><G110/><T34/><D105/><U130/><E130/><V65/><F106/><W68/><G101/><T122/><D122/><U22/><E102/><V119/><F83/><W124/><G68/><T63/><D63/><U17/><E91/><V35/><F1/><W113/><G113/><T33/><D25/><U94/><E94/><V19/><F7/><W23/><G124/><T95/><D98/><U72/><E72/><V127/><F127/><W71/><G71/><T75/><D96/><U112/><E112/><V26/><F19/><W70/><G70/><T49/><D49/><U15/><E51/><V11/><F26/><W69/><G69/><T131/><D131/><U56/><E44/><V6/><F116/><W40/><G31/><T107/><D107/><U132/><E132/><V89/><F118/><W42/><G42/><T36/><D73/><U134/><E134/><V108/><F108/><W32/><G32/><T5/><D5/><U46/><E46/><V86/><F35/><W54/><REACH who="3" step="1"/><G82/><REACH who="3" ten="251,345,326,68" step="2"/><N who="0" m="45375" /><D36/><U92/><E39/><V27/><F119/><W128/><G128/><T18/><D37/><U59/><E38/><V29/><F29/><W114/><G114/><T14/><D41/><U13/><E121/><V125/><F125/><W111/><G111/><RYUUKYOKU ba="0,1" sc="251,15,345,-15,326,-15,68,15" hai0="3,4,9,14,18,33,34,85,88,95" hai3="8,10,21,23,40,45,48,52,53,54,78,80,87" /><INIT seed="6,1,1,2,2,124" ten="266,330,311,83" oya="2" hai0="17,115,76,75,128,63,64,113,118,66,1,125,65" hai1="43,16,134,38,37,78,72,41,39,110,21,81,30" hai2="123,28,59,99,31,0,93,18,60,74,83,79,54" hai3="71,120,34,103,91,7,104,26,94,8,135,126,84"/><V102/><F0/><W68/><G120/><T86/><D75/><U119/><E110/><V22/><REACH who="2" step="1"/><F123/><REACH who="2" ten="266,330,301,83" step="2"/><W85/><G126/><T132/><D125/><U4/><E119/><V25/><AGARI ba="1,2" hai="18,22,25,28,31,54,59,60,74,79,83,93,99,102" machi="25" ten="20,7800,0" yaku="1,1,2,1,0,1,7,1,53,0" doraHai="124" doraHaiUra="5" who="2" fromWho="2" sc="266,-27,330,-27,301,101,83,-27" /><INIT seed="6,2,0,5,4,80" ten="239,303,402,56" oya="2" hai0="59,117,100,45,13,71,84,108,105,65,92,123,62" hai1="21,94,115,38,30,60,110,129,72,96,107,5,46" hai2="57,106,104,124,68,6,122,41,16,15,23,51,8" hai3="79,113,114,77,67,133,48,130,36,93,3,7,135"/><V74/><F122/><W22/><G36/><T126/><D123/><U1/><E110/><V47/><F124/><W27/><G67/><T37/><D108/><U112/><E107/><V86/><F74/><W127/><G48/><T40/><D126/><U19/><E72/><V103/><F68/><W25/><G127/><T31/><D117/><U56/><E129/><V35/><F35/><W53/><G53/><T119/><D119/><U42/><E30/><V111/><F111/><W0/><G93/><T76/><D31/><U33/><E33/><V50/><F103/><W128/><G77/><T121/><D121/><U75/><E5/><V9/><F104/><W17/><G79/><T39/><D105/><U78/><E78/><V97/><F97/><W95/><G95/><T64/><D100/><U4/><E4/><V88/><F6/><W52/><G52/><T20/><D65/><U118/><E1/><N who="3" m="586" /><G7/><T10/><D71/><U29/><E75/><V12/><F106/><W109/><G109/><T54/><D64/><U18/><E118/><V14/><F57/><W85/><G85/><T90/><D76/><U125/><E125/><V43/><F51/><W132/><G25/><T69/><D69/><U82/><E96/><V63/><F63/><W34/><G34/><T28/><D45/><U55/><E94/><N who="2" m="54551" /><F43/><W81/><G81/><T116/><D40/><U73/><E82/><V26/><AGARI ba="2,0" hai="8,9,12,14,15,16,23,26,41,47,50" m="54551" machi="26" ten="30,11700,0" yaku="8,1,52,1,54,2" doraHai="80" who="2" fromWho="2" sc="239,-41,303,-41,402,123,56,-41" /><INIT seed="6,3,0,5,4,130" ten="198,262,525,15" oya="2" hai0="73,91,121,77,3,120,119,0,104,63,62,88,29" hai1="98,102,135,117,109,9,52,33,124,26,7,54,115" hai2="99,51,69,78,55,127,4,35,103,19,21,47,82" hai3="75,64,128,1,90,68,97,44,43,10,50,59,45"/><V87/><F127/><W5/><G128/><T36/><D36/><U8/><E117/><V83/><F69/><W57/><G75/><T95/><D119/><U86/><E109/><V15/><F35/><W30/><G68/><T20/><D104/><U131/><E124/><V58/><F4/><W94/><G64/><T13/><D77/><U61/><E131/><V84/><F47/><W27/><REACH who="3" step="1"/><G45/><REACH who="3" ten="198,262,525,5" step="2"/><T22/><D73/><U24/><E115/><V46/><F46/><W118/><G118/><T76/><D121/><U40/><E40/><V105/><F78/><W28/><G28/><T14/><D29/><U72/><E54/><V39/><F39/><W16/><G16/><T48/><D120/><U114/><E52/><V6/><F55/><W122/><G122/><T34/><D76/><U116/><E72/><V49/><F19/><W101/><G101/><T18/><D18/><U23/><E102/><V100/><F103/><W93/><G93/><T132/><D95/><U53/><E53/><V60/><F100/><W42/><G42/><T89/><D89/><U96/><E116/><V25/><F83/><W66/><G66/><T111/><D48/><U56/><E114/><V67/><F51/><W113/><G113/><T38/><D38/><U12/><E56/><V79/><F58/><W129/><G129/><T70/><D70/><U112/><E112/><V134/><F49/><W92/><G92/><T81/><D81/><U80/><E80/><N who="2" m="47135" /><F105/><W37/><G37/><T123/><D123/><U32/><E61/><V106/><F60/><W108/><G108/><T11/><D111/><RYUUKYOKU ba="3,1" sc="198,-10,262,-10,525,-10,5,30" hai3="1,5,10,27,30,43,44,50,57,59,90,94,97" /><INIT seed="7,4,1,0,3,123" ten="188,252,515,35" oya="3" hai0="114,72,45,107,94,102,42,8,54,22,26,24,14" hai1="84,0,32,40,92,100,18,82,121,69,3,83,106" hai2="13,25,96,1,53,104,58,43,133,66,98,87,80" hai3="9,44,110,120,132,56,81,111,23,126,112,64,134"/><W130/><G120/><T52/><D107/><U67/><E32/><V36/><F1/><W73/><G112/><T59/><D72/><U115/><E121/><V50/><F133/><N who="3" m="51307" /><G126/><T116/><D116/><U5/><E115/><V55/><F104/><W16/><G130/><T109/><D114/><U88/><E40/><V33/><F36/><W31/><G44/><T49/><D109/><N who="3" m="41481" /><G73/><T75/><D75/><U47/><E47/><V38/><F38/><W6/><G81/><T108/><D108/><U74/><E83/><V4/><F80/><W78/><G78/><T57/><D57/><U46/><E46/><V21/><F58/><W19/><G56/><T2/><D2/><U113/><E3/><V17/><F43/><W124/><G64/><T35/><D42/><U99/><E67/><V85/><F66/><W95/><G95/><T118/><D118/><U30/><E113/><V76/><F76/><W29/><G124/><T93/><D93/><U77/><E69/><V60/><F55/><W63/><G63/><T41/><D59/><U48/><E48/><V135/><F60/><W119/><G119/><T86/><D54/><U70/><E70/><V37/><F37/><W39/><G39/><T89/><D41/><U90/><E106/><V71/><F71/><W129/><G129/><T28/><D45/><U20/><E82/><V62/><F62/><W79/><G79/><T127/><D127/><U15/><E77/><V51/><F135/><W7/><G19/><N who="0" m="12383" /><D49/><U65/><E65/><V10/><F53/><W11/><G11/><T68/><D52/><U105/><E105/><RYUUKYOKU ba="4,1" sc="188,0,252,0,515,0,35,0" owari="188,-21.0,252,5.0,525,62.0,35,-46.0" /></mjloggm>