<mjloggm ver="2.3"><GO type="169" lobby="0"/><UN n0="%E5%B0%B1%E6%B4%BB%E7%94%9F%40%E5%B7%9D%E6%9D%91%E8%BB%8D%E5%9B%A3" n1="%E3%80%93%E4%B9%9D%E6%9D%A1%E3%82%AB%E3%83%AC%E3%83%B3%E3%80%93" n2="%64%64%6D%75" n3="%6B%65%6E%31%31%30%34" dan="18,16,16,16" rate="2283.28,2107.24,2074.48,2057.70" sx="M,F,M,M"/><TAIKYOKU oya="0"/><INIT seed="0,0,0,1,2,109" ten="250,250,250,250" oya="0" hai0="39,75,40,29,36,2,67,25,20,24,58,66,50" hai1="51,26,22,37,115,82,81,116,112,62,3,14,107" hai2="11,119,108,114,48,117,7,123,102,118,104,69,41" hai3="113,74,130,106,126,111,71,60,122,10,93,80,9"/><T52/><D75/><U46/><E3/><V55/><F69/><W70/><G10/><T42/><D2/><U92/><E107/><V56/><F123/><W83/><G9/><T53/><D20/><U1/><E1/><N who="2" m="495" /><F108/><W101/><G60/><N who="0" m="35911" /><D29/><N who="1" m="17623" /><E116/><V23/><F41/><N who="0" m="15978" /><D25/><U89/><E62/><V30/><F30/><W86/><G71/><T125/><D24/><U131/><E131/><V64/><F64/><N who="0" m="24618" /><D125/><U90/><E14/><V100/><F23/><W134/><G86/><T43/><D43/><N who="1" m="25055" /><E90/><V16/><F16/><W110/><G101/><N who="2" m="39017" /><F104/><W121/><G93/><T17/><D17/><U57/><E82/><V128/><F128/><W18/><G18/><T105/><D105/><U99/><E81/><V35/><F35/><W19/><G19/><T129/><D129/><U33/><E33/><V38/><F118/><W73/><G106/><T68/><D68/><U4/><E4/><V15/><F15/><W65/><G70/><T63/><D63/><U94/><E94/><V13/><F13/><W45/><G130/><T95/><D95/><U103/><E103/><V98/><F119/><W79/><G126/><T31/><D31/><U5/><E5/><V127/><F127/><W76/><G111/><T61/><D61/><U8/><E8/><V12/><F12/><W77/><G110/><T84/><D84/><U6/><E6/><V21/><F21/><W133/><G65/><T32/><D32/><U59/><E99/><V47/><F98/><W87/><G79/><T91/><D91/><U34/><E34/><V120/><F117/><W132/><G87/><T54/><D50/><RYUUKYOKU ba="0,0" sc="250,30,250,-10,250,-10,250,-10" hai0="36,39,53,54" /><INIT seed="0,1,0,0,0,101" ten="280,240,240,240" oya="0" hai0="97,106,61,0,120,117,67,100,119,65,38,84,21" hai1="126,15,16,50,109,6,40,95,20,22,131,24,57" hai2="93,5,70,121,81,32,1,85,62,108,127,80,82" hai3="107,69,96,14,2,11,64,66,39,105,135,9,28"/><T124/><D120/><U89/><E109/><V71/><F121/><W102/><G39/><T103/><D124/><U33/><E126/><V86/><F127/><W74/><G74/><T91/><D0/><U122/><E122/><V10/><F32/><W49/><G135/><T44/><D100/><U59/><E131/><V56/><F108/><W17/><G28/><T58/><D67/><U55/><E33/><V132/><F132/><W75/><G75/><T90/><D90/><U112/><E112/><V41/><F41/><W63/><G66/><T83/><REACH who="0" step="1"/><D21/><REACH who="0" ten="270,240,240,240" step="2"/><U134/><E134/><V129/><F129/><W48/><G2/><T18/><D18/><U79/><E22/><V128/><F128/><W125/><G125/><T30/><D30/><U51/><E79/><V111/><F111/><W98/><G11/><T37/><D37/><U78/><E78/><V42/><F1/><W36/><G36/><T29/><D29/><U87/><E6/><V130/><F130/><W31/><G31/><T8/><D8/><U12/><E59/><V3/><F3/><W88/><G88/><T35/><D35/><U114/><REACH who="1" step="1"/><E114/><REACH who="1" ten="270,230,240,240" step="2"/><V92/><F5/><W110/><G110/><T123/><D123/><U46/><AGARI ba="1,2" hai="12,15,16,20,24,40,46,50,51,55,57,87,89,95" machi="46" ten="30,8000,1" yaku="1,1,2,1,0,1,8,1,54,1,53,0" doraHai="101" doraHaiUra="76" who="1" fromWho="1" sc="270,-41,230,103,240,-21,240,-21" /><INIT seed="1,0,0,1,3,73" ten="229,333,219,219" oya="1" hai0="16,116,14,45,129,123,106,61,35,17,90,100,7" hai1="124,75,22,40,56,3,101,33,96,44,83,8,50" hai2="66,76,120,52,10,21,51,112,67,117,122,104,135" hai3="126,41,43,109,72,12,71,2,63,15,39,97,9"/><U118/><E33/><V28/><F117/><W128/><G2/><T79/><D35/><U5/><E118/><V47/><F104/><W78/><G109/><T130/><D116/><U64/><E124/><V80/><F135/><W110/><G110/><T105/><D90/><U30/><E30/><V48/><F112/><W85/><G72/><T102/><D61/><U1/><E22/><V99/><F99/><W6/><G128/><T69/><D7/><U46/><E1/><V103/><F103/><W111/><G39/><T4/><D4/><U19/><E19/><V70/><F10/><W87/><G126/><T107/><D69/><U95/><E64/><V81/><F70/><W114/><G114/><T27/><D45/><U18/><E18/><V62/><F62/><W36/><G36/><T125/><D125/><U68/><E68/><V113/><F113/><W108/><G63/><T13/><D27/><U38/><E56/><V20/><F47/><W58/><G58/><T127/><D127/><U42/><E75/><V88/><F28/><W65/><G71/><T24/><D24/><U55/><REACH who="1" step="1"/><E83/><REACH who="1" ten="229,323,219,219" step="2"/><V37/><F67/><W92/><G65/><T134/><D134/><U26/><E26/><V98/><F66/><W11/><G6/><T29/><D29/><U23/><E23/><V115/><F115/><W119/><G119/><T93/><D17/><U121/><E121/><V0/><F20/><W53/><G111/><T89/><D123/><U49/><E49/><V84/><F48/><W94/><G108/><T31/><D31/><U60/><E60/><V34/><F122/><RYUUKYOKU ba="0,1" sc="229,-10,323,30,219,-10,219,-10" hai1="3,5,8,38,40,42,44,46,50,55,95,96,101" /><INIT seed="1,1,1,2,5,129" ten="219,353,209,209" oya="1" hai0="3,30,39,51,35,63,101,83,78,43,92,56,52" hai1="53,127,0,12,97,86,91,45,108,4,113,49,88" hai2="8,75,90,106,9,16,57,24,72,128,118,135,82" hai3="116,26,40,93,37,50,112,109,119,28,81,123,17"/><U67/><E113/><V71/><F71/><W122/><G37/><T130/><D3/><U73/><E73/><V96/><F118/><N who="3" m="45099" /><G81/><T80/><D130/><U36/><E0/><V44/><F128/><W77/><G77/><T114/><D114/><U47/><E127/><V95/><F44/><N who="3" m="25863" /><G112/><T10/><D39/><U103/><E67/><V13/><F82/><W46/><G46/><T111/><D111/><U1/><E1/><V18/><F106/><W25/><G109/><T5/><D30/><U98/><E108/><V22/><F135/><W14/><G93/><T74/><D35/><U79/><E36/><V55/><REACH who="2" step="1"/><F8/><REACH who="2" ten="219,353,199,209" step="2"/><N who="3" m="6343" /><G26/><T85/><D80/><N who="1" m="47391" /><E47/><V69/><F69/><W131/><G131/><T23/><D74/><U126/><E45/><V38/><F38/><W68/><G68/><T15/><D43/><U76/><E76/><V66/><F66/><W62/><G62/><AGARI ba="1,2" hai="9,13,16,18,22,24,55,57,62,72,75,90,95,96" machi="62" ten="30,8000,1" yaku="1,1,7,1,25,2,54,1,53,0" doraHai="129" doraHaiUra="124" who="2" fromWho="3" sc="219,0,353,0,199,103,209,-83" /><INIT seed="2,0,0,4,0,69" ten="219,353,302,126" oya="2" hai0="89,134,60,99,57,23,120,110,63,78,122,74,70" hai1="53,25,14,58,4,22,116,34,75,37,87,12,15" hai2="61,77,45,8,119,32,71,43,76,104,55,115,131" hai3="16,108,111,10,98,85,94,36,92,39,29,91,73"/><V88/><F119/><W121/><G73/><T27/><D110/><N who="3" m="42025" /><G121/><T7/><D134/><U64/><E75/><V65/><F115/><W133/><G133/><T54/><D7/><U13/><E116/><V42/><F32/><W41/><G29/><T11/><D11/><N who="1" m="4199" /><E37/><N who="3" m="14410" /><G41/><T126/><D126/><U30/><E34/><V2/><F104/><W40/><G40/><T90/><D78/><U20/><E64/><V106/><F77/><W46/><G46/><T79/><D79/><U124/><E87/><V5/><F76/><W31/><G31/><T86/><D74/><U33/><E124/><V28/><F28/><W50/><G50/><T125/><D125/><U72/><E72/><V83/><F42/><W118/><G118/><T6/><D63/><N who="1" m="36303" /><E33/><V0/><F43/><W21/><G10/><T81/><D70/><U24/><E30/><V123/><F123/><W82/><G98/><T100/><D120/><U67/><E22/><V113/><F45/><W17/><G17/><T130/><D122/><U35/><E20/><V128/><F8/><W68/><G68/><T44/><D44/><U49/><E49/><V47/><F47/><W132/><G132/><T80/><D6/><U117/><E117/><V105/><F5/><W96/><G96/><T38/><D38/><U1/><E35/><V59/><F71/><W103/><G103/><T93/><D23/><U51/><E51/><V9/><F9/><W18/><G16/><T95/><D100/><U129/><E25/><AGARI ba="0,0" hai="18,21,25,82,85,91,92,94" m="14410,42025" machi="25" ten="30,7700,0" yaku="14,1,52,3" doraHai="69" who="3" fromWho="1" sc="219,0,353,-77,302,0,126,77" /><INIT seed="3,0,0,4,1,133" ten="219,276,302,203" oya="3" hai0="131,32,11,42,40,110,70,45,17,5,0,43,7" hai1="92,74,28,66,53,39,60,26,126,129,81,102,52" hai2="38,75,72,68,46,79,101,122,2,130,121,106,41" hai3="94,132,10,6,69,127,31,67,90,119,135,36,116"/><W80/><G36/><T113/><D32/><U61/><E39/><V89/><F89/><W95/><G31/><T3/><D70/><U71/><E129/><V86/><F130/><W108/><G69/><T37/><D131/><U125/><E102/><V62/><F86/><N who="3" m="50503" /><G67/><T83/><D113/><U59/><E92/><N who="3" m="35370" /><G6/><T55/><D110/><U128/><E128/><V23/><F23/><W65/><G65/><T93/><D17/><U115/><E115/><V103/><F2/><W51/><G51/><T21/><D21/><U15/><E15/><V54/><F54/><W14/><G14/><T104/><D104/><U120/><E120/><N who="2" m="46187" /><F106/><W25/><G25/><T105/><D105/><U12/><E12/><V35/><F35/><W82/><G10/><T76/><D93/><U50/><E81/><N who="2" m="45287" /><F75/><W44/><G44/><T19/><D55/><U63/><E74/><V73/><F73/><W18/><G18/><T98/><D19/><U78/><E78/><V22/><F22/><W124/><G108/><T47/><D76/><U109/><E109/><V57/><F68/><W96/><G96/><T85/><D98/><U112/><E112/><V84/><F62/><W49/><G82/><T118/><D83/><U100/><E26/><V4/><F4/><W56/><G119/><T29/><D118/><U33/><E28/><V27/><F27/><W107/><G107/><T34/><D7/><U8/><E33/><V58/><F38/><W16/><G16/><T77/><D3/><U117/><E117/><V97/><F46/><W123/><G123/><T13/><D0/><U20/><E71/><RYUUKYOKU ba="0,0" sc="219,0,276,0,302,0,203,0" /><INIT seed="4,1,0,1,4,123" ten="219,276,302,203" oya="0" hai0="86,25,134,7,119,82,11,24,95,17,50,36,130" hai1="74,2,98,30,6,12,104,57,46,68,73,26,28" hai2="0,112,72,101,22,15,39,114,41,20,108,84,44" hai3="43,9,45,78,77,115,14,100,33,109,19,85,89"/><T128/><D36/><U61/><E46/><V38/><F108/><W58/><G109/><T79/><D119/><U69/><E12/><V99/><F0/><W93/><G115/><N who="2" m="44073" /><F72/><N who="1" m="27753" /><E57/><V121/><F121/><W10/><G33/><T37/><D37/><U113/><E30/><V16/><F84/><W88/><G100/><T66/><D134/><U118/><E118/><V48/><F22/><W94/><G58/><T4/><D66/><U122/><E61/><V29/><F29/><W83/><G10/><T27/><D95/><AGARI ba="1,0" hai="15,16,20,38,39,41,44,48,95,99,101" m="44073" machi="95" ten="30,2000,0" yaku="15,1,54,1" doraHai="123" who="2" fromWho="0" sc="219,-23,276,0,302,23,203,0" /><INIT seed="5,0,0,3,1,20" ten="196,276,325,203" oya="1" hai0="44,134,61,124,34,27,113,59,110,91,128,123,11" hai1="18,104,84,132,115,43,85,4,135,69,86,118,74" hai2="64,51,53,121,96,62,32,109,103,3,56,65,68" hai3="54,36,126,17,67,114,37,127,125,10,87,130,122"/><U107/><E69/><V100/><F121/><W102/><G122/><T71/><D123/><U73/><E4/><V0/><F65/><W33/><G130/><T89/><D110/><U94/><E43/><V40/><F40/><W39/><G114/><T129/><D71/><U48/><E48/><V120/><F120/><W24/><G67/><T6/><D113/><U106/><E18/><V117/><F103/><W12/><G102/><T5/><D44/><U63/><E63/><V38/><F38/><W21/><G33/><T90/><D134/><N who="1" m="51243" /><E115/><V50/><F117/><W41/><G87/><N who="1" m="33354" /><E118/><V26/><F109/><W119/><G119/><T2/><D124/><U22/><E22/><V49/><F49/><W66/><G66/><T131/><D5/><U105/><N who="1" m="33362" /><U55/><DORA hai="99" /><E55/><V101/><F101/><W80/><G80/><T28/><D61/><U45/><E45/><V79/><F50/><W82/><G82/><T83/><D59/><U23/><E23/><V111/><F79/><W57/><G41/><T60/><D60/><U25/><E25/><V13/><F111/><W16/><G39/><T72/><D83/><U30/><E30/><N who="2" m="19543" /><F13/><W97/><G97/><T1/><D72/><N who="1" m="27755" /><E107/><AGARI ba="0,0" hai="0,3,51,53,56,62,64,68,96,100,107" m="19543" machi="107" ten="30,3900,0" yaku="25,1,52,2" doraHai="20,99" who="2" fromWho="1" sc="196,0,276,-39,325,39,203,0" /><INIT seed="6,0,0,2,1,56" ten="196,237,364,203" oya="2" hai0="63,12,71,110,88,14,128,108,84,120,118,86,13" hai1="15,28,116,93,95,94,129,134,60,65,109,68,52" hai2="105,111,82,4,124,24,39,112,11,107,99,38,59" hai3="114,74,9,61,72,49,91,41,70,100,7,58,26"/><V125/><F112/><W54/><G114/><T50/><D120/><U117/><E109/><V90/><F111/><W25/><G100/><T0/><D0/><U83/><E134/><V85/><F24/><W37/><G74/><T64/><D118/><U131/><E28/><V121/><F121/><W1/><G72/><T32/><D32/><U67/><E67/><V66/><F99/><W92/><G37/><T96/><D128/><N who="1" m="49227" /><E83/><V77/><F77/><W102/><G102/><T87/><REACH who="0" step="1"/><D50/><REACH who="0" ten="186,237,364,203" step="2"/><U119/><E116/><V97/><F39/><W101/><G101/><T75/><D75/><U29/><E119/><V113/><F38/><W2/><G2/><T6/><D6/><U53/><E117/><V81/><F113/><W16/><G7/><T51/><D51/><U78/><E78/><V80/><F125/><W122/><G1/><T34/><D34/><U43/><E43/><V22/><F124/><W106/><G122/><T69/><D69/><U133/><E68/><V27/><F4/><W40/><G70/><T35/><D35/><U123/><E123/><V17/><F90/><W42/><G49/><T20/><D20/><U33/><E33/><V103/><F107/><W130/><G106/><T132/><D132/><U127/><E133/><V36/><F36/><W115/><G115/><T23/><D23/><U104/><E127/><V57/><F105/><W21/><G130/><T8/><D8/><U46/><E104/><N who="2" m="63599" /><F11/><W76/><G9/><T48/><D48/><U30/><E46/><V135/><F135/><W31/><G21/><T73/><D73/><U98/><E98/><RYUUKYOKU ba="0,1" sc="186,30,237,-10,364,-10,203,-10" hai0="12,13,14,63,64,71,84,86,87,88,96,108,110" /><INIT seed="7,1,1,4,1,95" ten="216,227,354,193" oya="3" hai0="37,41,104,101,51,27,28,77,34,105,102,133,45" hai1="19,10,121,62,87,8,75,88,92,64,134,6,90" hai2="85,71,98,73,36,9,124,113,125,80,43,79,39" hai3="23,132,108,49,24,117,131,74,118,50,86,112,30"/><W1/><G74/><T106/><D133/><U100/><E121/><V119/><F119/><W72/><G72/><T5/><D77/><U63/><E75/><V0/><F71/><W114/><G132/><T111/><D111/><U130/><E134/><V110/><F110/><W13/><G108/><T127/><D127/><N who="2" m="48714" /><F113/><N who="3" m="43627" /><G1/><T65/><D5/><U2/><E90/><V82/><F43/><W122/><G122/><T52/><REACH who="0" step="1"/><D65/><REACH who="0" ten="206,227,354,193" step="2"/><U89/><E64/><V116/><F116/><N who="3" m="44651" /><G131/><T120/><D120/><U33/><E6/><V126/><F126/><W55/><G55/><T31/><D31/><U68/><E130/><V4/><F4/><W103/><G103/><T16/><D16/><U18/><E100/><V99/><F0/><W32/><G86/><T109/><D109/><U47/><E87/><V70/><F85/><W22/><G32/><T76/><D76/><U107/><E33/><V40/><F73/><W94/><G94/><T93/><D93/><U60/><E92/><V20/><F79/><W91/><G91/><T3/><D3/><U29/><E89/><V11/><F82/><W54/><G54/><T17/><D17/><AGARI ba="1,2" hai="13,17,22,23,24,30,49,50" m="44651,43627" machi="17" ten="30,1500,0" yaku="15,1" doraHai="95" who="3" fromWho="0" sc="206,-18,227,0,354,0,193,38" /><INIT seed="7,2,0,1,0,104" ten="188,227,354,231" oya="3" hai0="94,131,1,115,50,22,34,12,121,118,108,75,48" hai1="117,37,102,97,98,3,47,36,93,63,125,92,9" hai2="68,29,45,72,2,20,130,84,14,4,133,107,60" hai3="134,31,49,44,101,43,91,109,112,28,6,79,59"/><W111/><G112/><T41/><D34/><U74/><E74/><V27/><F72/><W89/><G134/><T87/><D1/><U8/><E117/><V65/><F133/><W132/><G132/><T51/><D108/><N who="3" m="41545" /><G101/><T128/><D118/><U114/><E114/><V76/><F107/><W24/><G79/><T35/><D35/><U26/><E125/><V5/><F130/><W57/><G6/><T71/><D71/><U69/><E26/><V23/><F2/><W56/><G31/><T77/><D115/><U82/><E82/><V39/><F14/><W53/><G43/><T70/><D70/><U95/><E3/><V0/><F23/><AGARI ba="2,0" hai="23,24,28,44,49,53,56,57,59,89,91" m="41545" machi="23" ten="30,1500,0" yaku="10,1" doraHai="104" who="3" fromWho="2" sc="188,0,227,0,354,-21,231,21" /><INIT seed="7,3,0,5,4,107" ten="188,227,333,252" oya="3" hai0="113,8,11,0,18,85,55,15,112,105,58,45,52" hai1="130,14,96,1,92,118,74,51,98,54,7,135,79" hai2="26,63,122,64,9,78,13,39,114,72,48,67,62" hai3="49,32,50,95,101,83,2,20,115,103,44,129,100"/><W93/><G32/><T3/><D105/><U36/><E36/><V69/><F39/><W82/><G2/><T33/><D33/><U24/><E1/><V124/><F26/><W76/><G115/><N who="0" m="44107" /><D11/><N who="1" m="4479" /><E135/><V40/><F114/><W61/><G129/><T46/><D85/><U59/><E130/><V116/><F116/><W21/><G61/><N who="0" m="36039" /><D46/><U121/><E121/><V10/><F122/><W53/><G76/><T5/><D5/><U60/><E74/><V88/><F72/><W117/><G117/><T109/><D109/><U77/><E118/><V125/><F78/><N who="1" m="29705" /><E24/><V68/><F9/><W106/><G106/><T128/><D128/><U4/><E4/><V65/><F69/><W80/><G50/><AGARI ba="3,0" hai="0,3,8,15,18,45,50,55" m="36039,44107" machi="50" ten="30,3900,0" yaku="15,1,11,1,54,1" doraHai="107" who="0" fromWho="3" sc="188,48,227,0,333,0,252,-48" owari="236,4.0,227,-17.0,333,43.0,204,-30.0" /></mjloggm>