<mjloggm ver="2.3"><GO type="233" lobby="0"/><UN n0="%E9%8C%AF%E4%B9%B1%E3%82%AB%E3%83%AB%E3%83%94%E3%82%B9" n1="%6E%65%70%65%72%6F" n2="%E3%82%A6%E3%83%AB%E3%83%88%E3%83%A9%E7%AB%8B%E7%9B%B4" n3="%72%61%74%74%61%74%74%61" dan="18,17,18,17" rate="2162.06,2158.32,2173.32,2127.78" sx="F,M,M,M"/><TAIKYOKU oya="0"/><INIT seed="0,0,0,5,5,28" ten="250,250,250,250" oya="0" hai0="30,87,84,10,70,29,41,82,74,135,83,90,65" hai1="79,95,98,20,4,58,124,16,121,64,42,72,107" hai2="23,130,106,22,43,0,69,60,24,126,6,45,5" hai3="78,96,132,57,39,120,93,67,68,59,71,109,25"/><T56/><D70/><U33/><E121/><V116/><F106/><W117/><G117/><T63/><D135/><U112/><E33/><V86/><F116/><W46/><G120/><T55/><D74/><U2/><E107/><V85/><F126/><W111/><G78/><T127/><D127/><U21/><E42/><V31/><F130/><W48/><G39/><T100/><D100/><U76/><E21/><V36/><F23/><W91/><G132/><T89/><D41/><U128/><E128/><V1/><F69/><N who="3" m="26699" /><G67/><T73/><D73/><U18/><E112/><V118/><F118/><W52/><G25/><T88/><D65/><U17/><E124/><V66/><F60/><W104/><G104/><T61/><D61/><N who="1" m="37943" /><E72/><V122/><F66/><W47/><G47/><T19/><D90/><N who="1" m="55671" /><E4/><V97/><F122/><W80/><G80/><T133/><D133/><U38/><E38/><V99/><F5/><W114/><G114/><T44/><D44/><U105/><E2/><V35/><F6/><W115/><G115/><T119/><D119/><U37/><E37/><V8/><F1/><W27/><G27/><T134/><D134/><U110/><E110/><AGARI ba="0,0" hai="46,48,52,57,59,91,93,96,109,110,111" m="26699" machi="110" ten="30,2000,0" yaku="14,1,54,1" doraHai="28" who="3" fromWho="1" sc="250,0,250,-20,250,0,250,20" /><INIT seed="1,0,0,4,0,48" ten="250,230,250,270" oya="1" hai0="18,123,125,120,29,37,39,93,8,34,87,7,77" hai1="99,122,50,43,74,94,47,79,33,11,28,10,31" hai2="105,62,21,91,32,132,110,114,26,54,1,40,4" hai3="75,0,119,84,128,133,57,69,129,6,63,36,80"/><U52/><E122/><N who="0" m="46633" /><D125/><U116/><E116/><V25/><F105/><W49/><G69/><T15/><D77/><U64/><E64/><V41/><F114/><W56/><G36/><N who="0" m="13899" /><D34/><U109/><E109/><V96/><F110/><W51/><G75/><T104/><D104/><U88/><E79/><V121/><F132/><W89/><G133/><T55/><D29/><N who="1" m="11339" /><E33/><V44/><F32/><W70/><G70/><T106/><D106/><U131/><E131/><N who="3" m="50250" /><G119/><T98/><D87/><U72/><E74/><V23/><F121/><W112/><G57/><T126/><D7/><U30/><E72/><V17/><F4/><W130/><G112/><T117/><D117/><U22/><E43/><V101/><F1/><W134/><G134/><T19/><D19/><U83/><E83/><V3/><F3/><W100/><G130/><T97/><D126/><U103/><E103/><V107/><F91/><W86/><G100/><N who="0" m="60463" /><D98/><U82/><E82/><V76/><F76/><W58/><G86/><T85/><D85/><U67/><E67/><V12/><F41/><W61/><G6/><T127/><D127/><U95/><E95/><V65/><F65/><N who="3" m="39079" /><G0/><T81/><D81/><U2/><E2/><V35/><F35/><W113/><G113/><T46/><D18/><U42/><E42/><V24/><F40/><W53/><AGARI ba="0,0" hai="49,51,53,58,63,80,84,89" m="39079,50250" machi="53" ten="30,2000,0" yaku="19,1,52,1" doraHai="48" who="3" fromWho="3" sc="250,-5,230,-10,250,-5,270,20" /><INIT seed="2,0,0,3,4,24" ten="245,220,245,290" oya="2" hai0="132,78,129,88,89,2,111,104,124,28,48,60,73" hai1="131,115,1,103,58,128,34,122,21,117,0,121,66" hai2="69,8,26,50,118,53,14,63,64,20,23,25,67" hai3="110,134,116,112,65,56,10,40,119,33,19,42,130"/><V120/><F120/><N who="1" m="46185" /><E103/><V62/><F118/><W126/><G33/><T47/><D2/><N who="1" m="1131" /><E34/><V71/><F25/><W70/><G110/><T11/><D104/><U86/><E86/><V83/><F83/><W72/><G72/><T85/><D73/><U41/><E41/><V133/><F133/><W49/><G134/><T38/><D38/><U59/><E117/><V77/><F77/><W12/><G42/><N who="0" m="24695" /><D111/><U51/><E51/><V87/><F87/><W44/><G49/><T94/><D78/><U82/><E82/><V39/><F39/><W27/><G40/><T15/><D129/><N who="1" m="49739" /><E115/><V32/><F32/><W109/><G112/><T31/><D124/><U113/><E113/><V127/><F127/><W61/><G126/><T100/><D100/><U17/><E66/><V57/><REACH who="2" step="1"/><F26/><AGARI ba="0,0" hai="17,21,26,58,59" m="49739,1131,46185" machi="26" ten="40,2600,0" yaku="13,1,19,1" doraHai="24" who="1" fromWho="2" sc="245,0,220,26,245,-26,290,0" /><INIT seed="3,0,0,5,5,35" ten="245,246,219,290" oya="3" hai0="30,115,25,12,131,129,106,60,34,23,55,16,109" hai1="103,37,48,11,45,99,22,117,108,133,36,88,21" hai2="17,126,68,86,42,101,40,5,1,56,13,114,79" hai3="110,66,49,3,100,33,76,50,67,75,94,8,64"/><W111/><G33/><T107/><D109/><N who="3" m="41481" /><G75/><T69/><D115/><U119/><E108/><V102/><F68/><W52/><G76/><T116/><D116/><N who="1" m="44619" /><E88/><V24/><F114/><W39/><G39/><N who="1" m="14922" /><E11/><V0/><F126/><W92/><G50/><T84/><D84/><U118/><E133/><V46/><F24/><W81/><G81/><T32/><D32/><U9/><E9/><N who="2" m="4271" /><F17/><W29/><G29/><T6/><D6/><U130/><E130/><V91/><F56/><N who="3" m="32783" /><G100/><N who="2" m="38505" /><F42/><W19/><G19/><T124/><D124/><U2/><E2/><V104/><F91/><W18/><G18/><T112/><D112/><U65/><E65/><V80/><F104/><W28/><G28/><T83/><D107/><N who="1" m="63999" /><E118/><V93/><F93/><W43/><G43/><AGARI ba="0,0" hai="21,22,43,45,48" m="63999,14922,44619" machi="43" ten="30,1000,0" yaku="12,1" doraHai="35" who="1" fromWho="3" sc="245,0,246,10,219,0,290,-10" /><INIT seed="4,0,0,4,2,44" ten="245,256,219,280" oya="0" hai0="40,84,126,52,39,119,16,101,10,50,90,19,48" hai1="63,94,59,41,45,68,4,47,76,83,9,106,64" hai2="103,89,117,60,86,51,38,3,113,93,69,43,133" hai3="99,131,118,128,97,122,21,57,8,98,75,56,78"/><T80/><D119/><U29/><E106/><V66/><F117/><W12/><G118/><T108/><D39/><U96/><E68/><V14/><F3/><W13/><G122/><T36/><D36/><U24/><E41/><V109/><F109/><W65/><G78/><T73/><D73/><U46/><E83/><V22/><F113/><W20/><G75/><T87/><D126/><U129/><E76/><V25/><F133/><W49/><G65/><T85/><D108/><U127/><E127/><V42/><F38/><W18/><G49/><N who="0" m="19051" /><D40/><U7/><E9/><V125/><F125/><W92/><G92/><T2/><D2/><U123/><E129/><N who="3" m="49738" /><G20/><T91/><D101/><N who="1" m="60567" /><E123/><V116/><F103/><W95/><G95/><N who="0" m="54727" /><D10/><U30/><E30/><V110/><F116/><W0/><G0/><T102/><D102/><U130/><E130/><V71/><F110/><W120/><G120/><T77/><D52/><U37/><E37/><V54/><F71/><W124/><G124/><T115/><D115/><U100/><E100/><V121/><F121/><W53/><G53/><T34/><D34/><U6/><E29/><V15/><F43/><W74/><G74/><T23/><D23/><U132/><E132/><V67/><F42/><W33/><G33/><T5/><D5/><AGARI ba="0,0" hai="5,8,12,13,18,21,56,57,97,98,99" m="49738" machi="5" ten="30,1000,0" yaku="19,1" doraHai="44" who="3" fromWho="0" sc="245,-10,256,0,219,0,280,10" /><INIT seed="5,0,0,0,1,33" ten="235,256,219,290" oya="1" hai0="102,3,54,117,70,87,101,83,12,82,91,116,132" hai1="104,60,8,0,53,99,126,39,128,24,56,96,121" hai2="76,58,36,112,81,11,79,15,111,1,127,37,67" hai3="13,40,129,97,78,130,115,45,62,73,68,69,65"/><U71/><E121/><V114/><F111/><W10/><G115/><N who="2" m="44073" /><F127/><W98/><G69/><T4/><D3/><U89/><E128/><N who="3" m="49258" /><G78/><N who="2" m="29737" /><F81/><N who="0" m="30730" /><D70/><U59/><E126/><V119/><F119/><N who="0" m="45642" /><D54/><U109/><E71/><V108/><F108/><W7/><G73/><T134/><D4/><U107/><E39/><AGARI ba="0,0" hai="7,10,13,39,40,45,62,65,68,97,98" m="49258" machi="39" ten="30,1000,0" yaku="19,1" doraHai="33" who="3" fromWho="1" sc="235,0,256,-10,219,0,290,10" /><INIT seed="6,0,0,1,2,128" ten="235,246,219,300" oya="2" hai0="48,82,84,94,118,2,93,42,47,117,34,104,12" hai1="61,97,40,25,134,75,49,124,87,74,59,78,119" hai2="38,11,30,24,14,58,96,79,44,103,52,60,121" hai3="127,71,27,64,91,98,99,0,43,62,41,6,51"/><V9/><F121/><W106/><G127/><T1/><D104/><U8/><E119/><N who="0" m="45577" /><D12/><U132/><E124/><V4/><F79/><W107/><G0/><N who="0" m="107" /><D34/><U115/><E115/><V126/><F11/><W108/><G6/><T123/><D123/><U21/><E97/><V101/><F126/><W36/><G98/><T3/><N who="0" m="115" /><T102/><DORA hai="113" /><D102/><U10/><E87/><V135/><F135/><N who="1" m="51753" /><E49/><V116/><F116/><W76/><G99/><T67/><D67/><N who="1" m="39359" /><E40/><V63/><F96/><W70/><G106/><T55/><D42/><U125/><E125/><V73/><F63/><W133/><G43/><T77/><AGARI ba="0,0" hai="47,48,55,77,82,84,93,94" m="115,45577" machi="77" ten="50,8000,1" yaku="12,1,52,3" doraHai="128,113" who="0" fromWho="0" sc="235,80,246,-20,219,-40,300,-20" /><INIT seed="7,0,0,3,1,58" ten="315,226,179,280" oya="3" hai0="100,3,87,20,32,46,98,130,62,45,113,53,41" hai1="56,125,19,91,123,39,70,94,59,133,9,29,43" hai2="60,75,78,61,47,122,12,50,28,119,15,116,66" hai3="73,36,131,112,23,14,17,90,107,124,96,57,92"/><W97/><G112/><T37/><D32/><U79/><E123/><V83/><F122/><W85/><G36/><T44/><D3/><U72/><E70/><V115/><F115/><W24/><G73/><T71/><D87/><U134/><E29/><V7/><F28/><W117/><G117/><T118/><D20/><U2/><E19/><V127/><F127/><W93/><G124/><T84/><D84/><U64/><E64/><V74/><F74/><W30/><G107/><T27/><D27/><U40/><E125/><V49/><F49/><W68/><G68/><T6/><D6/><U5/><E40/><V54/><F15/><W11/><G131/><T126/><D130/><U89/><E89/><V88/><F88/><N who="3" m="55335" /><G57/><N who="0" m="35119" /><D118/><U77/><E77/><V42/><F42/><W4/><G85/><T82/><D71/><U103/><E103/><V35/><F35/><W16/><AGARI ba="0,0" hai="4,11,14,16,17,23,24,30,90,92,97" m="55335" machi="16" ten="30,6000,0" yaku="8,1,54,2" doraHai="58" who="3" fromWho="3" sc="315,-20,226,-20,179,-20,280,60" owari="295,10.0,206,-19.0,159,-34.0,340,43.0" /></mjloggm>