<mjloggm ver="2.3"><GO type="169" lobby="0"/><UN n0="%E3%83%8B%E3%83%A3%E3%83%83%E3%83%94%E3%83%BC%E5%A4%8F%E7%9B%AE" n1="%7A%65%72%6F%52%58" n2="%E3%83%88%E3%83%88%E3%83%AA%E5%85%88%E7%94%9F%31%39%E6%AD%B3" n3="%E3%82%82%E3%81%98%E3%82%89" dan="18,16,19,16" rate="2250.79,2119.34,2261.46,2041.32" sx="M,M,F,F"/><TAIKYOKU oya="0"/><INIT seed="0,0,0,0,4,11" ten="250,250,250,250" oya="0" hai0="62,117,115,29,49,48,103,65,79,86,70,126,107" hai1="58,40,18,129,83,45,50,20,55,33,80,28,47" hai2="35,73,78,127,52,14,89,27,74,106,32,60,9" hai3="77,51,36,84,12,5,94,132,67,112,128,71,63"/><T72/><D117/><U7/><E129/><V97/><F127/><W37/><G128/><T3/><D115/><U22/><E7/><V109/><F109/><W56/><G132/><T105/><D3/><U26/><E45/><V113/><F113/><W108/><G108/><T8/><D72/><U96/><E96/><V53/><F27/><W76/><G112/><T2/><D29/><U15/><REACH who="1" step="1"/><E33/><REACH who="1" ten="250,240,250,250" step="2"/><V95/><F35/><W100/><G5/><T120/><D126/><U64/><E64/><V130/><F32/><W0/><G67/><T19/><D65/><U66/><E66/><V135/><F130/><W102/><G71/><T13/><D70/><U17/><E17/><V4/><F135/><W34/><G34/><T91/><D19/><U30/><E30/><V110/><F110/><W118/><G118/><T134/><D134/><U6/><E6/><V59/><F106/><W104/><G104/><T54/><D105/><U85/><E85/><V123/><F123/><W10/><G84/><T43/><D86/><U46/><E46/><V125/><F125/><W31/><G31/><T114/><D107/><U23/><E23/><V44/><F78/><W111/><G76/><T82/><D79/><U75/><E75/><V57/><REACH who="2" step="1"/><F44/><REACH who="2" ten="250,240,240,250" step="2"/><W61/><G77/><T69/><D120/><U119/><E119/><V121/><F121/><W98/><G111/><T38/><D69/><U99/><E99/><V87/><F87/><W88/><G98/><T24/><D114/><U81/><E81/><V101/><F101/><W93/><G102/><T90/><D103/><U21/><E21/><RYUUKYOKU ba="0,2" sc="250,-15,240,15,240,15,250,-15" hai1="15,18,20,22,26,28,40,47,50,55,58,80,83" hai2="4,9,14,52,53,57,59,60,73,74,89,95,97" /><INIT seed="1,1,2,1,0,47" ten="235,255,255,235" oya="1" hai0="42,71,9,55,12,109,56,67,126,95,19,98,10" hai1="31,112,133,29,8,105,80,48,33,131,88,123,36" hai2="100,91,23,92,24,4,65,72,90,27,127,87,94" hai3="44,7,134,116,51,30,106,86,104,20,110,58,34"/><U53/><E123/><V74/><F127/><W70/><G70/><T78/><D109/><U59/><E105/><V28/><F100/><W37/><G34/><T25/><D126/><U125/><E112/><V52/><F65/><W119/><G110/><T130/><D78/><U66/><E36/><V132/><F4/><W82/><G7/><T122/><D130/><U32/><E131/><V117/><F117/><N who="3" m="45131" /><G58/><T79/><D79/><U41/><E133/><V6/><F6/><W38/><G134/><T35/><D42/><U13/><E33/><V89/><F132/><W61/><G61/><T49/><D122/><U26/><E125/><V113/><F27/><N who="3" m="16743" /><G106/><T107/><D107/><U64/><E41/><V0/><F0/><W73/><G73/><T3/><D71/><U75/><E75/><V129/><F129/><W43/><G104/><T60/><D35/><U115/><E115/><V46/><F113/><W76/><AGARI ba="1,2" hai="37,38,43,44,51,76,82,86" m="16743,45131" machi="76" ten="30,2000,0" yaku="12,1,52,1" doraHai="47" who="3" fromWho="3" sc="235,-6,255,-11,255,-6,235,43" /><INIT seed="2,0,0,5,4,108" ten="229,244,249,278" oya="2" hai0="123,50,124,51,28,39,112,114,21,29,13,19,74" hai1="58,33,83,40,103,34,45,22,121,92,54,5,18" hai2="118,16,73,134,11,115,27,88,42,17,82,8,26" hai3="72,91,102,43,84,110,109,10,98,20,126,30,75"/><V56/><F118/><W44/><G10/><N who="2" m="3625" /><F115/><N who="0" m="44074" /><D74/><U78/><E5/><V113/><F134/><W15/><G126/><T135/><D39/><U105/><E105/><V61/><F73/><W52/><G72/><T116/><D51/><U25/><E121/><V64/><F42/><W53/><G75/><T90/><D90/><U69/><E69/><V14/><F113/><W85/><G109/><T96/><D50/><U127/><E127/><V130/><F130/><W66/><G66/><T46/><D46/><U104/><E104/><V57/><F57/><W95/><G84/><T107/><D96/><U63/><E92/><V71/><F71/><W100/><G110/><T55/><D55/><U94/><E94/><V77/><F77/><W101/><G98/><T49/><D49/><U125/><E103/><V41/><F41/><W59/><G59/><T6/><D107/><U24/><E125/><V119/><F119/><W99/><G99/><T70/><D70/><U79/><E79/><V47/><F47/><W65/><G65/><T86/><D86/><U128/><E83/><V36/><F36/><W12/><G43/><T67/><D67/><U32/><E78/><V48/><F48/><N who="3" m="28679" /><G53/><T38/><D38/><U117/><E117/><V129/><F129/><W106/><G106/><T31/><D116/><U9/><E128/><V35/><F35/><W62/><G62/><T76/><D124/><U37/><E9/><N who="2" m="6223" /><F17/><W111/><G111/><T133/><D123/><U81/><E81/><V7/><F7/><W89/><G89/><T4/><D76/><U131/><E131/><V97/><F97/><RYUUKYOKU ba="0,0" sc="229,0,244,0,249,0,278,0" hai0="4,6,13,19,21,28,29,31,133,135" hai1="18,22,24,25,32,33,34,37,40,45,54,58,63" hai2="26,27,56,61,64,82,88" hai3="12,15,20,30,85,91,95,100,101,102" /><INIT seed="2,1,0,0,1,96" ten="229,244,249,278" oya="2" hai0="53,106,38,93,67,131,33,41,79,22,25,50,114" hai1="119,95,84,65,73,124,10,99,62,43,78,47,11" hai2="66,92,6,34,100,87,123,75,134,86,23,125,76" hai3="132,15,4,30,59,88,108,37,14,48,118,116,129"/><V111/><F123/><W35/><G37/><T77/><D106/><U103/><E119/><V64/><F34/><W57/><G108/><T58/><D114/><U9/><E73/><V29/><F111/><W18/><G132/><T127/><D33/><U20/><E124/><V51/><F134/><W110/><G110/><T72/><D72/><U89/><E78/><V13/><F125/><W55/><G129/><T121/><D121/><U39/><E20/><V60/><F75/><W24/><G59/><T74/><D74/><U19/><E19/><N who="2" m="10735" /><F6/><W112/><G112/><T32/><D32/><U109/><E109/><V97/><F29/><W83/><G4/><T40/><D131/><U70/><REACH who="1" step="1"/><E9/><REACH who="1" ten="229,234,249,278" step="2"/><V80/><F60/><W63/><G63/><T135/><D127/><U42/><E42/><V56/><F86/><W113/><G113/><T107/><D41/><U69/><E69/><V117/><F117/><W94/><G18/><T36/><D40/><U17/><E17/><V133/><F133/><W1/><G118/><T7/><D135/><U26/><E26/><V27/><F27/><W5/><G116/><T101/><D25/><U49/><E49/><V8/><F8/><W2/><G5/><T126/><D50/><U82/><AGARI ba="1,1" hai="10,11,39,43,47,62,65,70,82,84,89,95,99,103" machi="82" ten="20,5200,0" yaku="1,1,0,1,7,1,52,1,53,0" doraHai="96" doraHaiUra="105" who="1" fromWho="1" sc="229,-14,234,65,249,-27,278,-14" /><INIT seed="3,0,0,4,4,58" ten="215,299,222,264" oya="3" hai0="26,4,81,25,3,102,59,51,22,99,127,86,31" hai1="97,10,103,27,82,29,55,66,60,20,84,106,39" hai2="17,95,78,110,28,129,0,5,88,65,121,33,46" hai3="108,98,48,57,2,85,123,94,62,43,18,7,30"/><W67/><G123/><T23/><D127/><U37/><E10/><V12/><F121/><W40/><G108/><T69/><D69/><U114/><E55/><V124/><F110/><W109/><G109/><T119/><D119/><U83/><E114/><V71/><F124/><W107/><G107/><T14/><D3/><U1/><E1/><V38/><F129/><W91/><G30/><T75/><D75/><U11/><E11/><V41/><F78/><W116/><G116/><T24/><D51/><U36/><REACH who="1" step="1"/><E84/><REACH who="1" ten="215,289,222,264" step="2"/><V50/><F0/><W42/><G2/><T112/><D86/><U73/><E73/><V100/><F5/><W93/><G7/><T77/><D4/><U134/><E134/><V87/><F87/><W53/><G18/><T89/><D112/><U70/><AGARI ba="0,1" hai="20,27,29,36,37,39,60,66,70,82,83,97,103,106" machi="70" ten="30,4000,0" yaku="1,1,0,1,52,1,53,0" doraHai="58" doraHaiUra="34" who="1" fromWho="1" sc="215,-10,289,50,222,-10,264,-20" /><INIT seed="4,0,0,3,0,86" ten="205,339,212,244" oya="0" hai0="16,19,4,116,109,98,41,47,78,36,106,79,119" hai1="31,28,133,58,83,13,122,128,104,105,99,95,12" hai2="2,65,42,45,114,46,39,7,88,49,126,5,70" hai3="21,117,124,112,68,81,10,135,33,55,6,60,26"/><T127/><D127/><U14/><E122/><V8/><F126/><W67/><G124/><T131/><D131/><U110/><E110/><V20/><F114/><W63/><G33/><T51/><D109/><U108/><E108/><V56/><F7/><W53/><G112/><T80/><D4/><U121/><E121/><V15/><F70/><W94/><G117/><T32/><D32/><U40/><E133/><V93/><F65/><W22/><G81/><T9/><D36/><U64/><E40/><V71/><F71/><W1/><G63/><T101/><D79/><U102/><E128/><V113/><F113/><W134/><G22/><T50/><D50/><U59/><E83/><V92/><F92/><W72/><G72/><T62/><D62/><N who="1" m="37975" /><E105/><V132/><F56/><W18/><REACH who="3" step="1"/><G94/><REACH who="3" ten="205,339,212,234" step="2"/><T0/><D116/><U37/><E104/><V44/><F132/><AGARI ba="0,1" hai="1,6,10,18,21,26,53,55,60,67,68,132,134,135" machi="132" ten="40,8000,1" yaku="1,1,2,1,20,1,53,1" doraHai="86" doraHaiUra="3" who="3" fromWho="2" sc="205,0,339,0,212,-80,234,90" /><INIT seed="5,0,0,2,4,31" ten="205,339,132,324" oya="1" hai0="27,39,81,120,8,66,127,53,11,43,101,123,36" hai1="87,9,118,62,30,77,4,111,113,48,50,19,112" hai2="130,79,64,61,21,88,78,116,135,103,114,58,26" hai3="91,70,16,132,14,68,5,38,10,92,25,33,126"/><U128/><E118/><V65/><F116/><W80/><G132/><T84/><D66/><U105/><E105/><V73/><F135/><W40/><G80/><T99/><D53/><U2/><E128/><V108/><F108/><W57/><G126/><T63/><D63/><U69/><E30/><V72/><F130/><W74/><G74/><T94/><D27/><U59/><E69/><V121/><F121/><N who="0" m="46666" /><D127/><U6/><E6/><V56/><F103/><W18/><G57/><T37/><D43/><U117/><E117/><V134/><F134/><W46/><G18/><T12/><D12/><U0/><E0/><V98/><F114/><N who="1" m="44137" /><E19/><V109/><F109/><W7/><G7/><T97/><D97/><U17/><E17/><V131/><F131/><W76/><G33/><T90/><AGARI ba="0,0" hai="8,11,36,37,39,81,84,90,94,99,101" m="46666" machi="90" ten="40,1500,0" yaku="13,1" doraHai="31" who="0" fromWho="0" sc="205,15,339,-7,132,-4,324,-4" /><INIT seed="6,0,0,2,0,130" ten="220,332,128,320" oya="2" hai0="67,38,111,20,18,106,28,51,93,115,46,135,109" hai1="17,42,48,92,65,34,63,2,98,96,55,127,83" hai2="71,26,122,21,76,3,8,56,128,35,32,88,97" hai3="119,82,91,54,108,27,31,78,53,14,99,37,124"/><V58/><F122/><W125/><G37/><T25/><D106/><U101/><E34/><V79/><F71/><W36/><G36/><T60/><D38/><U57/><E2/><V121/><F121/><W1/><G1/><T87/><D115/><U89/><E127/><N who="3" m="48714" /><G14/><T64/><D67/><U4/><E4/><V120/><F120/><W5/><G5/><T123/><D123/><U9/><E42/><V102/><F128/><W43/><G43/><T75/><D75/><U15/><E83/><V80/><F8/><W11/><G11/><T133/><D28/><U24/><E24/><V118/><F3/><W59/><G59/><N who="2" m="22569" /><F35/><N who="3" m="20991" /><G108/><T81/><D93/><N who="1" m="56367" /><E48/><V45/><F32/><W66/><G66/><AGARI ba="0,0" hai="9,15,17,55,57,63,65,66,92,98,101" m="56367" machi="66" ten="30,1000,0" yaku="8,1" doraHai="130" who="1" fromWho="3" sc="220,0,332,10,128,0,320,-10" /><INIT seed="7,0,0,4,2,132" ten="220,342,128,310" oya="3" hai0="102,84,134,61,52,126,51,22,28,76,59,13,91" hai1="81,47,8,88,44,109,72,95,23,70,2,130,80" hai2="119,9,79,74,49,5,41,34,133,103,112,48,121" hai3="3,97,124,60,123,19,65,75,46,55,45,63,56"/><W35/><G75/><T69/><D126/><U77/><E70/><V6/><F119/><W108/><G3/><T30/><D102/><U117/><E109/><V71/><F34/><W110/><G35/><T85/><D134/><U25/><E130/><V135/><F71/><N who="3" m="42407" /><G123/><T29/><D69/><U73/><E117/><V128/><F128/><W116/><G116/><T129/><D129/><U37/><E37/><V16/><F103/><W106/><G19/><N who="0" m="10607" /><D76/><U99/><E73/><V66/><F74/><W14/><G14/><T62/><D85/><U7/><E81/><AGARI ba="0,0" hai="28,29,30,51,52,59,61,62,81,84,91" m="10607" machi="81" ten="30,2000,0" yaku="8,1,54,1" doraHai="132" who="0" fromWho="1" sc="220,20,342,-20,128,0,310,0" owari="240,-16.0,322,42.0,128,-37.0,310,11.0" /></mjloggm>