<mjloggm ver="2.3"><GO type="169" lobby="0"/><UN n0="%42%61%72%64%61%6E%74" n1="%E5%B0%B1%E6%B4%BB%E7%94%9F%40%E5%B7%9D%E6%9D%91%E8%BB%8D%E5%9B%A3" n2="%6F%68%6E%6F%79%75%6B%69" n3="%E3%81%9B%E3%81%95%E3%81%BF%E3%82%93%E2%99%AA" dan="17,17,16,16" rate="2155.53,2174.49,2094.41,2126.67" sx="M,M,M,F"/><TAIKYOKU oya="0"/><INIT seed="0,0,0,2,0,20" ten="250,250,250,250" oya="0" hai0="16,72,84,104,67,51,41,127,50,113,120,33,30" hai1="115,109,14,61,90,92,1,43,42,107,2,89,128" hai2="87,32,70,110,3,13,8,58,71,45,98,63,34" hai3="37,106,112,38,81,129,68,108,103,44,100,117,130"/><T19/><D72/><U54/><E107/><V46/><F3/><W5/><G112/><T99/><D113/><U53/><E115/><V55/><F110/><W4/><G108/><T65/><D120/><U114/><E114/><V27/><F34/><W111/><G111/><T39/><D39/><U12/><E109/><V102/><F70/><W93/><G68/><T57/><D127/><U22/><E92/><V122/><F122/><W126/><G106/><T40/><D84/><U125/><E22/><V135/><F71/><W118/><G93/><T24/><D51/><U95/><E95/><N who="2" m="58719" /><F32/><W62/><G62/><T83/><D83/><U96/><E61/><V121/><F121/><W69/><G69/><T17/><D57/><U0/><E96/><V29/><F87/><W76/><G81/><T97/><D97/><U82/><E82/><V11/><F11/><W49/><G49/><T56/><D56/><U131/><REACH who="1" step="1"/><E0/><REACH who="1" ten="250,240,250,250" step="2"/><V85/><F63/><W26/><G126/><AGARI ba="0,1" hai="1,2,12,14,42,43,53,54,89,90,125,126,128,131" machi="126" ten="25,12000,2" yaku="1,1,2,1,22,2,53,2" doraHai="20" doraHaiUra="9" who="1" fromWho="3" sc="250,0,240,130,250,0,250,-120" /><INIT seed="1,0,0,1,0,109" ten="250,370,250,130" oya="1" hai0="67,121,76,134,61,80,63,5,73,91,132,11,51" hai1="0,79,40,42,105,56,8,13,46,10,48,104,55" hai2="116,98,14,15,99,54,117,18,113,27,112,74,59" hai3="133,31,30,75,124,102,64,127,118,81,123,9,49"/><U65/><E79/><V37/><F74/><W60/><G123/><T85/><D121/><U95/><E0/><V92/><F37/><W89/><G118/><T128/><D128/><U68/><E40/><V82/><F82/><W94/><G133/><N who="0" m="51307" /><D51/><U12/><E95/><V111/><F111/><W23/><G102/><T93/><D67/><U69/><E12/><AGARI ba="0,0" hai="5,11,12,61,63,73,76,80,85,91,93" m="51307" machi="12" ten="30,1000,0" yaku="20,1" doraHai="109" who="0" fromWho="1" sc="250,10,370,-10,250,0,130,0" /><INIT seed="2,0,0,2,5,44" ten="260,360,250,130" oya="2" hai0="48,15,53,70,107,66,88,64,104,100,55,117,5" hai1="6,61,25,94,114,32,31,77,1,83,106,81,68" hai2="50,22,59,118,16,30,10,105,129,102,101,126,36" hai3="26,90,93,2,84,134,29,85,20,33,71,45,57"/><V112/><F36/><W58/><G71/><T60/><D66/><U51/><E106/><V122/><F112/><W49/><G134/><T12/><D55/><U54/><E114/><V92/><F118/><W43/><G2/><T128/><D128/><U14/><E1/><V4/><F122/><W116/><G116/><T130/><D130/><U56/><E94/><V87/><F105/><W72/><G72/><T38/><D38/><U99/><E99/><V97/><F129/><W24/><REACH who="3" step="1"/><G84/><REACH who="3" ten="260,360,250,120" step="2"/><T18/><D117/><U132/><E132/><V9/><F87/><W39/><G39/><T41/><D70/><U37/><E37/><V124/><F102/><W127/><G127/><T0/><D100/><U91/><E68/><V80/><F126/><W35/><G35/><T86/><D0/><U52/><E77/><V79/><F124/><W67/><G67/><T82/><D64/><U125/><E125/><V96/><F79/><W133/><G133/><T19/><D86/><U65/><E91/><V62/><F96/><W47/><G47/><T78/><D88/><U40/><E65/><V28/><F97/><W108/><G108/><T73/><D78/><U123/><E123/><V76/><F101/><W135/><G135/><T89/><D89/><U63/><E32/><V131/><F76/><W115/><G115/><T34/><D73/><U17/><E83/><V69/><F80/><W120/><G120/><T13/><D82/><U46/><E81/><V23/><F69/><W113/><G113/><T110/><D34/><U27/><E46/><V11/><F131/><W8/><G8/><RYUUKYOKU ba="0,1" sc="260,-10,360,-10,250,-10,120,30" hai3="20,24,26,29,33,43,45,49,57,58,85,90,93" /><INIT seed="3,1,1,0,3,120" ten="250,350,240,150" oya="3" hai0="14,82,125,15,109,115,108,134,122,37,111,64,99" hai1="5,72,59,119,12,103,16,52,121,84,10,87,8" hai2="130,69,85,86,126,73,75,101,18,45,93,118,90" hai3="9,63,91,129,40,3,2,106,22,53,19,24,67"/><W33/><G106/><T6/><D122/><U117/><E72/><N who="2" m="27723" /><F18/><W128/><G40/><T105/><D125/><U102/><E121/><V57/><F57/><W54/><G33/><T31/><D134/><U7/><E103/><V81/><F45/><W44/><G91/><T76/><D37/><U25/><E102/><V23/><F23/><W56/><G9/><T116/><D116/><N who="1" m="44619" /><E25/><V26/><F26/><W55/><REACH who="3" step="1"/><G44/><REACH who="3" ten="250,350,240,140" step="2"/><T71/><D105/><U100/><E100/><V39/><F90/><W74/><G74/><T89/><D89/><U104/><E104/><V1/><F101/><W50/><G50/><T78/><D115/><U65/><E7/><V107/><F107/><W95/><G95/><T28/><D6/><U35/><E35/><V131/><F93/><W88/><G88/><T13/><D78/><U114/><E114/><V132/><F118/><W32/><G32/><T20/><D99/><U97/><E97/><V36/><F36/><W98/><G98/><T46/><D46/><U94/><E94/><V43/><F43/><W27/><G27/><T127/><D76/><U47/><E8/><V66/><F39/><W51/><G51/><T124/><D82/><U4/><E4/><V21/><F81/><W113/><G113/><T70/><D127/><U133/><E5/><V123/><F126/><W80/><G80/><T112/><D124/><U58/><E47/><V68/><F123/><W0/><AGARI ba="1,2" hai="0,2,3,19,22,24,53,54,55,56,63,67,128,129" machi="0" ten="40,3900,0" yaku="1,1,0,1,53,0" doraHai="120" doraHaiUra="42" who="3" fromWho="3" sc="250,-14,350,-14,240,-14,140,62" /><INIT seed="3,2,0,2,4,62" ten="236,336,226,202" oya="3" hai0="133,28,11,103,24,25,135,22,78,26,68,99,91" hai1="21,115,23,30,57,77,63,92,9,94,112,55,85" hai2="100,7,53,37,60,111,45,123,0,54,13,86,124" hai3="66,80,44,33,107,84,127,131,122,118,48,51,38"/><W65/><G118/><T43/><D78/><U58/><E115/><V116/><F0/><W20/><G122/><T32/><D68/><U16/><E112/><V6/><F116/><W31/><G33/><T41/><D91/><U81/><E57/><V4/><F123/><W52/><G38/><T17/><D11/><U79/><E79/><V18/><F124/><W10/><G107/><T40/><REACH who="0" step="1"/><D26/><REACH who="0" ten="226,336,226,202" step="2"/><N who="1" m="16719" /><E9/><V29/><F100/><W89/><G127/><T3/><D3/><U34/><E34/><V102/><F102/><W46/><G131/><T109/><D109/><U88/><E77/><V42/><F111/><W117/><G10/><T105/><AGARI ba="2,1" hai="17,22,24,25,28,32,40,41,43,99,103,105,133,135" machi="105" ten="30,2000,0" yaku="1,1,0,1,53,0" doraHai="62" doraHaiUra="8" who="0" fromWho="0" sc="226,36,336,-7,226,-7,202,-12" /><INIT seed="4,0,0,0,3,55" ten="262,329,219,190" oya="0" hai0="127,131,44,36,130,8,5,123,29,81,47,125,129" hai1="33,11,63,115,101,51,119,24,120,122,89,75,95" hai2="92,112,7,31,126,67,30,117,61,50,19,70,3" hai3="72,121,0,42,57,105,9,76,54,62,124,26,12"/><T85/><D29/><U1/><E75/><V37/><F37/><W49/><G124/><N who="0" m="47691" /><D36/><U99/><E119/><V73/><F73/><W13/><G121/><T118/><D118/><U65/><E115/><V71/><F112/><W39/><G105/><T66/><D66/><U23/><E33/><V10/><F117/><W132/><G132/><T91/><D123/><U97/><E51/><V135/><F135/><W64/><G26/><T41/><D41/><U38/><E38/><V84/><F71/><W16/><G0/><AGARI ba="0,0" hai="0,5,8,44,47,81,85,91,129,130,131" m="47691" machi="0" ten="40,3900,0" yaku="19,1,18,1" doraHai="55" who="0" fromWho="3" sc="262,39,329,0,219,0,190,-39" /><INIT seed="4,1,0,3,3,74" ten="301,329,219,151" oya="0" hai0="26,109,90,93,52,100,5,133,65,39,37,23,4" hai1="125,40,33,122,120,49,24,128,34,107,114,99,20" hai2="129,127,6,19,79,25,130,15,1,126,63,111,22" hai3="132,115,36,45,84,66,67,85,86,103,31,116,46"/><T41/><D65/><U121/><E125/><N who="2" m="47627" /><F63/><W69/><G69/><T117/><D117/><U30/><E128/><N who="2" m="49259" /><F79/><W9/><G132/><T108/><D133/><U62/><E114/><V135/><F111/><N who="0" m="42570" /><D100/><U13/><E62/><V113/><F113/><W82/><G9/><T81/><D81/><U28/><E28/><V134/><F1/><W83/><G31/><N who="0" m="17887" /><D52/><U21/><E49/><V78/><F78/><W50/><G36/><N who="0" m="13899" /><D41/><U76/><E40/><V7/><F7/><W73/><G115/><T131/><D131/><U105/><E76/><V119/><F119/><W29/><G116/><T12/><D12/><U104/><E13/><V48/><F48/><W57/><G50/><T32/><D32/><U123/><E34/><V17/><F6/><W42/><G42/><T56/><D56/><U54/><E54/><V71/><F71/><W60/><G67/><T59/><D59/><U124/><E124/><V89/><F89/><W35/><G103/><T94/><D94/><U44/><E44/><N who="3" m="17002" /><G73/><T98/><AGARI ba="1,0" hai="4,5,90,93,98" m="13899,17887,42570" machi="98" ten="30,1500,0" yaku="10,1" doraHai="74" who="0" fromWho="0" sc="301,18,329,-6,219,-6,151,-6" /><INIT seed="4,2,0,2,1,103" ten="319,323,213,145" oya="0" hai0="39,51,135,117,128,107,56,75,42,85,99,49,129" hai1="2,33,119,30,124,72,80,14,67,29,4,44,134" hai2="123,15,68,108,76,52,19,61,126,58,54,16,122" hai3="130,20,47,45,114,10,25,53,70,111,73,104,26"/><T125/><D117/><U27/><E119/><V5/><F108/><W113/><G111/><T62/><D75/><U63/><E124/><V86/><F126/><W131/><G73/><T50/><D125/><U55/><E134/><V118/><F118/><W24/><G70/><T81/><D135/><U18/><E30/><V35/><F35/><W57/><G20/><T91/><D42/><U116/><E116/><V78/><F68/><W82/><G82/><T34/><D34/><U94/><E94/><V38/><F38/><W37/><G10/><T48/><D39/><U36/><E55/><V133/><F133/><W13/><G13/><T64/><N who="0" m="12288" /><DORA hai="41" /><T112/><REACH who="0" step="1"/><D112/><REACH who="0" ten="309,323,213,145" step="2"/><N who="3" m="43113" /><G37/><T79/><D79/><U32/><E32/><V97/><F78/><W60/><G104/><T121/><D121/><U87/><E72/><V9/><F122/><W89/><G89/><T23/><D23/><U21/><E36/><V7/><F123/><W43/><G43/><T71/><D71/><U66/><E44/><AGARI ba="2,1" hai="24,25,26,44,45,47,53,57,60,130,131" m="43113" machi="44" ten="40,8000,1" yaku="15,1,52,3" doraHai="103,41" who="3" fromWho="1" sc="309,0,323,-86,213,0,145,96" /><INIT seed="5,0,0,1,5,43" ten="309,237,213,241" oya="1" hai0="87,18,29,121,125,1,22,88,93,97,75,17,117" hai1="27,47,38,74,49,91,78,12,106,13,90,113,26" hai2="68,61,129,116,110,118,0,54,23,20,15,2,3" hai3="53,111,77,45,24,73,101,19,131,48,100,67,55"/><U109/><E106/><V51/><F110/><W30/><G111/><T39/><D75/><U63/><E38/><V69/><F129/><W11/><G131/><T41/><D117/><U123/><E123/><V64/><F69/><W114/><G114/><T72/><D72/><U70/><E113/><V108/><F108/><W81/><G67/><T10/><D125/><U103/><E103/><V32/><F32/><W6/><G55/><T21/><D29/><U14/><E78/><V9/><F20/><W16/><G100/><T122/><D1/><U102/><E102/><V62/><F23/><W104/><G101/><T119/><D10/><U82/><E82/><V44/><REACH who="2" step="1"/><F62/><REACH who="2" ten="309,237,203,241" step="2"/><W28/><G104/><T4/><D22/><U34/><E34/><V130/><F130/><W60/><G60/><T36/><D21/><U37/><E63/><V79/><F79/><W5/><G30/><T134/><D119/><U66/><E70/><V89/><F89/><W42/><G28/><T132/><D88/><U95/><E90/><V83/><F83/><W8/><G24/><T56/><D122/><U59/><E27/><V52/><F52/><W124/><G124/><T58/><D121/><U76/><E26/><V96/><F96/><W46/><G8/><T115/><D97/><U128/><E76/><V65/><F65/><W33/><G33/><T57/><D115/><U94/><E109/><V84/><F84/><N who="3" m="48175" /><G11/><T71/><D71/><U80/><E128/><V25/><F25/><W86/><G86/><T112/><D87/><N who="1" m="50663" /><E74/><V92/><F92/><W40/><G73/><T133/><D112/><RYUUKYOKU ba="0,1" sc="309,-10,237,-10,203,30,241,-10" hai2="0,2,3,9,15,44,51,54,61,64,68,116,118" /><INIT seed="6,1,1,5,4,127" ten="299,227,233,231" oya="2" hai0="5,18,104,102,51,66,60,69,30,31,53,115,99" hai1="56,44,13,62,100,117,25,2,26,88,130,124,57" hai2="129,92,16,116,48,12,79,42,73,84,46,112,33" hai3="6,87,15,97,68,49,65,34,123,105,108,52,54"/><V67/><F116/><W114/><G123/><T22/><D5/><U77/><E2/><V63/><F33/><W125/><G34/><T29/><D115/><U38/><E124/><V96/><F112/><W110/><G114/><T4/><D4/><U11/><E117/><V28/><F73/><W101/><G125/><T135/><D135/><U85/><E130/><V80/><F129/><W89/><G68/><T83/><D83/><N who="1" m="49215" /><E38/><V7/><F28/><W74/><G65/><T50/><REACH who="0" step="1"/><D53/><REACH who="0" ten="289,227,233,231" step="2"/><N who="1" m="34063" /><E77/><V121/><F7/><W10/><G54/><T45/><D45/><U37/><E37/><V24/><F121/><W32/><G74/><T113/><D113/><U36/><E36/><V9/><F24/><AGARI ba="1,2" hai="18,22,24,29,30,31,50,51,60,66,69,99,102,104" machi="24" ten="40,1300,0" yaku="1,1,53,0" doraHai="127" doraHaiUra="90" who="0" fromWho="2" sc="289,36,227,0,233,-16,231,0" /><INIT seed="7,0,0,4,2,135" ten="325,227,217,231" oya="3" hai0="21,61,118,90,8,115,52,26,40,10,66,108,94" hai1="9,30,5,29,63,23,120,72,43,121,116,127,18" hai2="68,89,113,31,110,11,65,56,24,67,4,76,13" hai3="44,81,48,125,85,129,73,79,124,78,114,15,82"/><W96/><G114/><T122/><D108/><U0/><E127/><N who="3" m="48714" /><G129/><T133/><D122/><N who="1" m="47211" /><E63/><V134/><F110/><W103/><G15/><T74/><D133/><U3/><E43/><V59/><F134/><W112/><G112/><T2/><D118/><U130/><E72/><V28/><F113/><W46/><G48/><T1/><D74/><U131/><E3/><V47/><F76/><W14/><G14/><T107/><D107/><AGARI ba="0,0" hai="44,46,73,78,79,81,82,85,96,103,107" m="48714" machi="107" ten="30,11600,0" yaku="18,1,52,3" doraHai="135" who="3" fromWho="0" sc="325,-116,227,0,217,0,231,116" owari="209,-29.0,227,3.0,217,-18.0,347,44.0" /></mjloggm>