<mjloggm ver="2.3"><GO type="169" lobby="0"/><UN n0="%79%6F%74%65%72%75" n1="%E3%82%A6%E3%83%AB%E3%83%88%E3%83%A9%E7%AB%8B%E7%9B%B4" n2="%E6%B8%85%E3%80%85%E3%81%97%E3%81%84%E6%94%BE%E9%8A%83" n3="%41%79%6F%75%46" dan="18,16,16,17" rate="2261.54,2128.38,2102.59,2124.41" sx="M,M,M,M"/><TAIKYOKU oya="0"/><INIT seed="0,0,0,3,5,118" ten="250,250,250,250" oya="0" hai0="128,107,20,65,39,119,61,5,37,52,46,129,135" hai1="75,121,41,131,76,132,127,22,17,49,38,63,92" hai2="69,113,0,12,130,55,114,88,28,19,4,33,59" hai3="100,124,123,122,110,45,1,11,21,84,60,58,8"/><T116/><D107/><U2/><E92/><V57/><F69/><W25/><G110/><T87/><D87/><U48/><E17/><V91/><F130/><N who="0" m="50282" /><D20/><U44/><E22/><N who="2" m="11623" /><F59/><W51/><G100/><T73/><D5/><U97/><E76/><V120/><F113/><W47/><G124/><T133/><D73/><U56/><E97/><V18/><F18/><W99/><G99/><T31/><D31/><U115/><E2/><V111/><F111/><W98/><G98/><T42/><D52/><U64/><E75/><V126/><F126/><W80/><G45/><T32/><D32/><U94/><E131/><V86/><F86/><W14/><G1/><T24/><D24/><U90/><E127/><V134/><F134/><N who="0" m="51210" /><D37/><U117/><E132/><V70/><F114/><W78/><G21/><T30/><D30/><U104/><E115/><V50/><F4/><N who="3" m="3335" /><G25/><T105/><D105/><U29/><E104/><V66/><F0/><W106/><G11/><T83/><D83/><U23/><E29/><V27/><F27/><W112/><G106/><T3/><D3/><U67/><E23/><V15/><F33/><W10/><G10/><T43/><D43/><U26/><E41/><V54/><F28/><W93/><G112/><T81/><D81/><U71/><E26/><V9/><F15/><W7/><G7/><T74/><D74/><U35/><E38/><V13/><F13/><W96/><G96/><T40/><D40/><U79/><E35/><V89/><F9/><W101/><G101/><T34/><D34/><U36/><E36/><V95/><F55/><N who="3" m="33887" /><G93/><T102/><D102/><RYUUKYOKU ba="0,0" sc="250,15,250,-15,250,-15,250,15" hai0="39,42,46,61,65,116,119" hai3="47,51,78,80,84,122,123" /><INIT seed="0,1,0,5,0,22" ten="265,235,235,265" oya="0" hai0="36,67,131,121,56,43,106,119,37,65,75,94,91" hai1="105,122,76,102,50,53,134,128,118,16,15,123,32" hai2="64,100,20,120,26,104,27,34,127,9,55,133,4" hai3="42,51,82,6,125,29,40,25,60,3,17,59,97"/><T18/><D119/><U62/><E118/><V33/><F64/><W35/><G125/><T70/><D70/><U72/><E32/><N who="2" m="12395" /><F55/><W47/><G17/><T45/><D121/><U66/><E128/><V78/><F78/><W111/><G111/><T77/><D131/><U86/><E72/><V103/><F104/><W115/><G115/><T5/><D106/><U95/><E134/><V90/><F90/><W96/><G42/><T79/><D37/><U24/><E105/><V74/><F74/><W124/><G124/><T116/><D116/><U129/><E129/><V108/><F103/><W57/><G57/><T135/><D135/><U132/><E132/><V112/><F100/><W30/><G30/><T93/><D93/><U39/><E39/><V58/><F58/><W46/><G46/><T12/><D5/><U68/><E102/><V44/><F44/><W101/><G82/><T81/><D77/><U117/><E117/><V23/><F133/><W85/><G85/><T63/><D63/><U98/><E98/><V83/><F83/><W41/><G41/><T80/><D56/><N who="1" m="32823" /><E76/><V92/><F127/><W19/><G101/><T49/><D81/><U126/><E126/><V109/><F92/><W73/><G73/><T8/><REACH who="0" step="1"/><D36/><REACH who="0" ten="255,235,235,265" step="2"/><U0/><E95/><V7/><F120/><W13/><G60/><T69/><D69/><U28/><E62/><V87/><F7/><W2/><G59/><T52/><D52/><U48/><E123/><V130/><F130/><W71/><G6/><T10/><D10/><U14/><E122/><V99/><F4/><W110/><G71/><RYUUKYOKU ba="1,1" sc="255,30,235,-10,235,-10,265,-10" hai0="8,12,18,43,45,49,65,67,75,79,80,91,94" /><INIT seed="0,2,1,2,1,39" ten="285,225,225,255" oya="0" hai0="49,22,125,4,113,120,104,5,107,74,88,32,34" hai1="53,78,12,62,1,123,8,117,111,99,83,17,108" hai2="118,79,72,23,0,30,103,98,71,97,101,3,26" hai3="133,64,57,82,55,67,59,66,81,106,9,35,127"/><T40/><D113/><U93/><E123/><V87/><F71/><W63/><G106/><T134/><D120/><U85/><E117/><V54/><F72/><W52/><G35/><T56/><D74/><U28/><E28/><V109/><F118/><W21/><G133/><T14/><D134/><U58/><REACH who="1" step="1"/><E1/><REACH who="1" ten="285,215,225,255" step="2"/><V24/><F3/><W46/><G127/><T86/><D125/><U92/><E92/><V13/><F0/><W45/><G9/><T65/><D107/><U70/><E70/><V129/><F30/><W73/><G21/><T75/><D104/><U116/><E116/><V50/><F23/><W124/><G124/><T6/><D34/><U7/><E7/><V41/><F109/><W36/><G73/><T131/><D32/><U102/><AGARI ba="2,2" hai="8,12,17,53,58,62,78,83,85,93,99,102,108,111" machi="102" ten="30,2000,0" yaku="1,1,0,1,53,0" doraHai="39" doraHaiUra="43" who="1" fromWho="1" sc="285,-12,215,46,225,-7,255,-7" /><INIT seed="1,0,0,4,0,106" ten="273,261,218,248" oya="1" hai0="74,27,19,90,98,0,72,17,43,121,53,76,29" hai1="26,87,93,2,16,85,71,32,91,67,66,38,11" hai2="103,109,47,108,73,55,34,25,125,50,12,46,115" hai3="52,97,15,101,68,100,48,14,117,126,10,132,135"/><U58/><E38/><V107/><F125/><W8/><G68/><T63/><D0/><U79/><E71/><V134/><F134/><N who="3" m="51243" /><G126/><T77/><D43/><U130/><E130/><V41/><F115/><W37/><G37/><T35/><D121/><U51/><E32/><V62/><F12/><N who="3" m="4651" /><G117/><T82/><D63/><U127/><E2/><V133/><F133/><W129/><G129/><T92/><D53/><N who="1" m="32063" /><E127/><V89/><F107/><N who="3" m="63887" /><G101/><T3/><D3/><U24/><E11/><V45/><F103/><W33/><G33/><T57/><REACH who="0" step="1"/><D57/><AGARI ba="0,0" hai="8,10,48,52,57" m="63887,4651,51243" machi="57" ten="30,2000,0" yaku="20,1,54,1" doraHai="106" who="3" fromWho="0" sc="273,-20,261,0,218,0,248,20" /><INIT seed="2,0,0,2,0,127" ten="253,261,218,268" oya="2" hai0="59,45,72,88,47,96,80,66,75,106,89,52,15" hai1="64,93,25,53,113,50,16,39,101,129,81,14,37" hai2="124,98,79,24,12,65,121,29,90,112,130,135,42" hai3="115,69,74,19,97,43,31,103,51,94,102,8,122"/><V23/><F112/><W111/><G122/><T48/><D15/><U7/><E113/><V2/><F2/><W20/><G74/><T32/><D32/><U119/><E119/><V117/><F121/><W95/><G69/><T110/><D110/><U85/><E64/><V38/><F117/><W30/><G111/><T86/><D89/><U1/><E25/><V114/><F114/><W49/><G115/><T131/><D131/><U62/><E62/><V108/><F124/><W18/><G43/><T58/><D59/><U67/><E67/><V10/><F79/><W11/><G97/><T9/><D9/><U87/><E129/><V46/><F65/><W120/><G120/><T132/><D132/><U82/><E7/><V107/><F135/><W99/><G99/><T26/><D26/><U41/><E41/><V73/><F73/><W118/><G118/><T123/><D123/><U60/><E60/><V35/><F108/><W77/><G77/><T61/><REACH who="0" step="1"/><D47/><REACH who="0" ten="243,261,218,268" step="2"/><U6/><E14/><V34/><F130/><W33/><G20/><T40/><D40/><U22/><E22/><V84/><F12/><W76/><G76/><T4/><D4/><U125/><E6/><V54/><F10/><W116/><G116/><T13/><D13/><U5/><E5/><V104/><F54/><W63/><G33/><N who="2" m="12297" /><F98/><W36/><G63/><T55/><D55/><U78/><E53/><V134/><F134/><W71/><G71/><T27/><D27/><U126/><E126/><V21/><F23/><W133/><G133/><T91/><D91/><U68/><E125/><V105/><F90/><RYUUKYOKU ba="0,1" sc="243,10,261,-30,218,10,268,10" hai0="45,48,52,58,61,66,72,75,80,86,88,96,106" hai2="21,24,29,38,42,46,84,104,105,107" hai3="8,11,18,19,30,31,36,49,51,94,95,102,103" /><INIT seed="2,1,1,3,0,77" ten="253,231,228,278" oya="2" hai0="93,28,34,59,37,16,84,131,38,132,96,0,44" hai1="72,19,17,106,8,101,98,103,124,102,64,36,2" hai2="123,74,31,54,51,70,121,62,40,110,18,135,111" hai3="65,118,86,39,27,95,127,60,71,119,50,43,42"/><V82/><F31/><W45/><G27/><T76/><D0/><U79/><E64/><N who="2" m="41239" /><F18/><W61/><G95/><T32/><D59/><U128/><E19/><V133/><F40/><W109/><G86/><T26/><D34/><U41/><E17/><V52/><F74/><W5/><G5/><T68/><D68/><U114/><E114/><V49/><F82/><W122/><G122/><N who="2" m="46601" /><F51/><W9/><G9/><T46/><D16/><U126/><E103/><V23/><F23/><W56/><G127/><T134/><D46/><N who="1" m="23847" /><E102/><V48/><F48/><W88/><G88/><N who="0" m="55335" /><D44/><U12/><E12/><V91/><F91/><W13/><G13/><T21/><D21/><U29/><E29/><V53/><F49/><W94/><G42/><T100/><D100/><U33/><E33/><V66/><F66/><N who="3" m="41423" /><G50/><T116/><D38/><U15/><E15/><V125/><F125/><W4/><G4/><T57/><D37/><U89/><E126/><V6/><F6/><W105/><G94/><T10/><D10/><U115/><E124/><V90/><F90/><W130/><G39/><T104/><D57/><U113/><E2/><V108/><AGARI ba="1,1" hai="52,53,54,108,110,111,133,135" m="46601,41239" machi="108" ten="40,12000,1" yaku="14,1,10,1,34,2,54,1" doraHai="77" who="2" fromWho="2" sc="253,-41,231,-41,228,133,278,-41" /><INIT seed="2,2,0,0,1,56" ten="212,190,361,237" oya="2" hai0="11,48,1,17,104,13,133,86,64,120,88,2,67" hai1="53,99,27,122,52,116,68,58,89,112,108,15,107" hai2="72,49,79,102,40,16,59,90,8,25,109,57,63" hai3="71,123,34,65,46,111,69,29,55,114,96,45,36"/><V7/><F102/><W35/><G123/><T24/><D120/><U28/><E122/><V44/><F109/><W38/><G96/><T31/><D104/><U9/><E68/><V91/><F59/><W41/><G29/><T21/><D133/><U70/><E70/><V4/><F72/><W93/><G93/><T110/><D110/><U92/><E108/><V42/><F79/><W131/><G111/><T113/><D113/><U126/><E126/><V77/><F77/><W121/><G121/><T97/><D97/><U127/><E127/><V115/><F42/><W37/><G114/><T39/><D39/><N who="3" m="14921" /><G34/><T106/><D106/><U100/><E112/><V82/><F115/><W33/><G33/><T85/><D85/><U50/><E116/><V22/><F7/><W30/><G30/><T124/><D48/><U78/><E78/><V117/><F82/><W98/><G98/><T19/><D124/><U61/><E27/><V23/><F23/><W73/><G35/><T132/><D132/><U83/><E28/><V129/><F129/><W75/><G75/><T12/><D1/><U135/><E83/><V32/><F32/><W51/><G73/><T43/><D43/><U119/><E135/><V81/><F81/><W66/><G131/><T95/><D2/><U103/><E107/><V125/><F125/><W134/><G134/><T101/><D101/><U0/><E0/><V74/><F74/><W84/><G84/><T87/><D86/><U118/><E118/><V5/><F117/><W20/><G20/><AGARI ba="2,0" hai="11,12,13,17,19,20,21,24,31,64,67,87,88,95" machi="20" ten="30,3900,0" yaku="7,1,8,1,54,1" doraHai="56" who="0" fromWho="3" sc="212,45,190,0,361,0,237,-45" /><INIT seed="3,0,0,5,3,59" ten="257,190,361,192" oya="3" hai0="75,87,62,86,92,22,130,118,110,54,113,69,34" hai1="108,27,36,90,127,99,129,14,121,24,12,35,61" hai2="115,116,18,134,51,43,39,102,48,74,66,40,111" hai3="78,67,132,76,13,3,135,7,4,93,123,82,109"/><W80/><G3/><T10/><D34/><U31/><E121/><V97/><F74/><W25/><G123/><T60/><D75/><U94/><E108/><V68/><F18/><W122/><G122/><T16/><D118/><U72/><E72/><V9/><F9/><W104/><G25/><N who="0" m="14535" /><D69/><U44/><E129/><V73/><F97/><W5/><G104/><T33/><D33/><U42/><E127/><V98/><F98/><W57/><G13/><T85/><D110/><U105/><E105/><V91/><F91/><W58/><G109/><T64/><D64/><U107/><E107/><V71/><F102/><W89/><G67/><T2/><D2/><U133/><E133/><N who="3" m="51274" /><G93/><T84/><D130/><U101/><E101/><V46/><F111/><W19/><G89/><N who="0" m="53287" /><D113/><U106/><E106/><V63/><F134/><W119/><G19/><T23/><D10/><U26/><E26/><V50/><F73/><N who="3" m="43023" /><G119/><T100/><D100/><U6/><E27/><V8/><F116/><W0/><G0/><T128/><D128/><U88/><E90/><V79/><F115/><W95/><G95/><T32/><D32/><U38/><E14/><V1/><F79/><W20/><G20/><T15/><D54/><U112/><E112/><V96/><F1/><W83/><G83/><T120/><D120/><U55/><E12/><V47/><F8/><W21/><G21/><T29/><D15/><U70/><E35/><V124/><F66/><W30/><G30/><T117/><D117/><U17/><E31/><V45/><F68/><W41/><G41/><T53/><D53/><U103/><E55/><RYUUKYOKU ba="0,0" sc="257,15,190,-15,361,-15,192,15" hai0="23,29,60,62,85,86,87" hai3="4,5,7,57,58,78,82" /><INIT seed="3,1,0,4,0,101" ten="272,175,346,207" oya="3" hai0="36,96,60,115,46,52,78,39,116,23,38,130,10" hai1="66,95,124,110,93,34,112,133,129,91,59,7,43" hai2="121,5,89,97,24,74,84,73,47,6,62,105,40" hai3="14,32,100,87,50,82,90,17,103,64,1,27,30"/><W31/><G31/><T68/><D116/><U80/><E34/><V83/><F121/><W102/><G1/><T2/><D130/><U37/><E112/><V33/><F62/><W104/><G64/><T131/><D131/><U56/><E129/><V44/><F24/><W45/><G104/><T48/><D115/><U122/><E122/><V8/><F8/><W42/><REACH who="3" step="1"/><G100/><REACH who="3" ten="272,175,346,197" step="2"/><T0/><D0/><U19/><E66/><V126/><F105/><W65/><G65/><T77/><D2/><U54/><E124/><V51/><F126/><W25/><G25/><T28/><D28/><U26/><E26/><V63/><F33/><W15/><G15/><T108/><D68/><U61/><E133/><V81/><F73/><W135/><G135/><T94/><D108/><U88/><E110/><V114/><F74/><W55/><G55/><T69/><D69/><U119/><E54/><V22/><F114/><W123/><G123/><T99/><D52/><U71/><E71/><V117/><F117/><W35/><G35/><T98/><D38/><U85/><E37/><V107/><F107/><W92/><G92/><T3/><D94/><U49/><E95/><V113/><F113/><W29/><G29/><T79/><D39/><U70/><E93/><V120/><F120/><W86/><G86/><T58/><D36/><U11/><E85/><V75/><F84/><W76/><G76/><T127/><D127/><U106/><E70/><V134/><F75/><W132/><G132/><T53/><D3/><U4/><E106/><V9/><F134/><W111/><G111/><T20/><D78/><RYUUKYOKU ba="1,1" sc="272,-10,175,-10,346,-10,197,30" hai3="14,17,27,30,32,42,45,50,82,87,90,102,103" /><INIT seed="3,2,1,3,0,22" ten="262,165,336,227" oya="3" hai0="27,38,107,63,87,94,34,72,124,100,10,6,76" hai1="105,118,132,26,49,37,125,110,57,54,8,86,28" hai2="31,32,41,46,58,98,97,135,103,109,0,90,81" hai3="101,84,33,55,129,128,23,83,102,15,79,48,75"/><W24/><G33/><T73/><D38/><U20/><E105/><V131/><F0/><W71/><G71/><T17/><D124/><U69/><E69/><V114/><F114/><W64/><G64/><T25/><D34/><U104/><E104/><V52/><F109/><W47/><G15/><T39/><D17/><U130/><E37/><V16/><F135/><W67/><G67/><T116/><D63/><U112/><E112/><V40/><F131/><N who="3" m="50251" /><G75/><T89/><D39/><U62/><E132/><V9/><F31/><AGARI ba="2,1" hai="23,24,31,47,48,55,79,83,84,101,102" m="50251" machi="31" ten="30,2900,0" yaku="19,1,52,1" doraHai="22" who="3" fromWho="2" sc="262,0,165,0,336,-35,227,45" /><INIT seed="3,3,0,4,3,74" ten="262,165,301,272" oya="3" hai0="41,119,62,61,127,132,10,65,13,35,18,31,58" hai1="23,67,8,99,131,80,129,104,64,110,83,97,63" hai2="115,29,0,47,26,76,27,17,59,133,6,68,60" hai3="15,100,4,111,124,134,93,56,78,72,130,89,71"/><W107/><G71/><T109/><D109/><U77/><E110/><V14/><F68/><W5/><G111/><T21/><D119/><U87/><E8/><V3/><F115/><W46/><G124/><T75/><D127/><U51/><E51/><V66/><F133/><W22/><G134/><T48/><D75/><U112/><E112/><V53/><F6/><W24/><G130/><N who="1" m="49674" /><E104/><V106/><F106/><W79/><G72/><T16/><D132/><U49/><E49/><N who="2" m="28863" /><F3/><W92/><G107/><T81/><D81/><U69/><E67/><V57/><F57/><W42/><G56/><T45/><D62/><U91/><E23/><N who="2" m="15615" /><F26/><W52/><G52/><T37/><D35/><U113/><E113/><V39/><F0/><W73/><G5/><T36/><REACH who="0" step="1"/><D31/><REACH who="0" ten="252,165,301,272" step="2"/><U102/><E102/><V32/><F32/><W118/><G100/><T19/><D19/><U20/><E20/><N who="2" m="11319" /><F39/><W94/><G22/><T50/><D50/><U30/><E30/><V122/><F122/><W54/><G4/><T82/><D82/><U98/><E83/><V40/><F40/><W114/><G42/><T43/><D43/><U128/><N who="1" m="49682" /><U117/><DORA hai="28" /><E117/><V12/><F12/><AGARI ba="3,1" hai="10,12,13,16,18,21,36,37,41,45,48,58,61,65" machi="12" ten="30,7700,0" yaku="1,1,7,1,54,1,53,1" doraHai="74,28" doraHaiUra="126,7" who="0" fromWho="2" sc="252,96,165,0,301,-86,272,0" /><INIT seed="4,0,0,2,3,19" ten="348,165,215,272" oya="0" hai0="72,87,77,6,23,15,62,79,81,21,45,9,59" hai1="40,119,42,104,47,117,64,74,48,16,13,20,111" hai2="108,121,113,32,27,122,84,50,105,71,86,56,90" hai3="52,85,75,4,41,120,100,37,0,2,30,33,28"/><T24/><D72/><U14/><E111/><V125/><F71/><W43/><G75/><T98/><D79/><U102/><E74/><V123/><F105/><W135/><G100/><T89/><D45/><U58/><E42/><V18/><F108/><W35/><G85/><T106/><D24/><U46/><E46/><V67/><F113/><W39/><G4/><T95/><D106/><U51/><E102/><V60/><F125/><W76/><G76/><T17/><D6/><U65/><E104/><V3/><F3/><W112/><G112/><T83/><D81/><U92/><E92/><V57/><F32/><W91/><G135/><T94/><D94/><U54/><REACH who="1" step="1"/><E14/><REACH who="1" ten="348,155,215,272" step="2"/><V96/><F121/><W29/><G120/><T68/><REACH who="0" step="1"/><D68/><REACH who="0" ten="338,155,215,272" step="2"/><U82/><E82/><V10/><F123/><W128/><G2/><T8/><D8/><U69/><E69/><V53/><F122/><W109/><G0/><T25/><D25/><U114/><E114/><V101/><F10/><W7/><G109/><T103/><D103/><U12/><E12/><V93/><F101/><W73/><G73/><T99/><D99/><U126/><E126/><V133/><F133/><W44/><G44/><T97/><D97/><U116/><AGARI ba="0,2" hai="13,16,20,40,47,48,51,54,58,64,65,116,117,119" machi="116" ten="30,7900,0" yaku="1,1,0,1,52,1,54,1,53,0" doraHai="19" doraHaiUra="130" who="1" fromWho="1" sc="338,-39,155,99,215,-20,272,-20" /><INIT seed="5,0,0,3,3,109" ten="299,254,195,252" oya="1" hai0="50,13,14,51,33,15,75,96,98,119,49,16,56" hai1="12,21,34,27,110,0,111,126,78,123,8,60,69" hai2="105,86,93,72,22,85,122,19,31,59,62,88,18" hai3="70,4,71,84,40,48,95,121,11,61,36,101,68"/><U82/><E123/><V9/><F72/><W20/><G121/><T37/><D119/><U113/><E34/><V45/><F105/><W5/><G5/><T89/><D37/><U100/><E0/><V133/><F133/><W73/><G20/><T108/><D108/><N who="1" m="41515" /><E100/><V130/><F130/><W112/><G48/><T127/><D127/><U114/><E126/><V77/><F122/><W103/><G61/><T91/><D75/><N who="1" m="43359" /><E60/><V92/><F45/><W90/><G73/><T1/><D1/><U52/><E52/><N who="2" m="34151" /><F9/><W118/><G118/><T3/><D3/><U26/><E69/><V132/><F132/><W131/><G131/><T58/><D33/><U7/><E27/><N who="2" m="16887" /><F93/><W80/><G95/><T6/><D58/><U124/><E124/><V64/><F64/><W99/><G71/><T94/><D56/><U44/><E44/><V54/><F54/><W55/><G55/><T23/><D6/><U83/><E83/><AGARI ba="0,0" hai="18,19,77,83,85,86,88,92" m="16887,34151" machi="83" ten="30,3900,0" yaku="8,1,54,2" doraHai="109" who="2" fromWho="1" sc="299,0,254,-39,195,39,252,0" /><INIT seed="6,0,0,4,4,23" ten="299,215,234,252" oya="2" hai0="96,135,107,39,51,108,19,13,93,0,57,127,81" hai1="14,117,76,79,5,65,30,86,121,8,91,110,25" hai2="71,63,94,1,21,31,58,119,92,42,34,54,18" hai3="68,113,133,106,118,70,67,45,59,17,15,6,66"/><V90/><F119/><W122/><G106/><T80/><D108/><U126/><E110/><V62/><F1/><W36/><G6/><T22/><D39/><U89/><E117/><V35/><F42/><W44/><G118/><T124/><D107/><U78/><E126/><N who="0" m="48169" /><D0/><U7/><E121/><V12/><F92/><W100/><G100/><N who="0" m="60431" /><D135/><U64/><E5/><V24/><F71/><W128/><G17/><T52/><AGARI ba="0,0" hai="13,19,22,51,52,57,80,81" m="60431,48169" machi="52" ten="30,2000,0" yaku="18,1,54,1" doraHai="23" who="0" fromWho="0" sc="299,20,215,-5,234,-10,252,-5" /><INIT seed="7,0,0,2,3,6" ten="319,210,224,247" oya="3" hai0="26,44,22,31,107,119,89,102,99,82,104,92,97" hai1="32,78,69,111,15,52,10,108,0,35,23,65,7" hai2="14,47,73,4,114,36,127,68,55,118,70,131,50" hai3="64,84,98,110,66,16,3,120,79,25,67,37,21"/><W2/><G120/><T85/><D119/><U95/><E65/><V90/><F118/><W53/><G37/><T29/><D44/><U49/><E69/><V39/><F73/><W72/><G72/><T24/><D99/><U8/><E78/><V91/><F70/><W135/><G135/><T20/><AGARI ba="0,0" hai="20,22,24,26,29,31,82,85,89,92,97,102,104,107" machi="20" ten="20,2700,0" yaku="0,1,7,1,9,1" doraHai="6" who="0" fromWho="0" sc="319,27,210,-7,224,-7,247,-13" owari="346,45.0,203,-30.0,217,-18.0,234,3.0" /></mjloggm>