<mjloggm ver="2.3"><GO type="169" lobby="0"/><UN n0="%E9%88%B4%E4%BE%8D" n1="%E5%B0%B1%E6%B4%BB%E7%94%9F%40%E5%B7%9D%E6%9D%91%E8%BB%8D%E5%9B%A3" n2="%E3%81%B5%E3%81%8B%E3%81%98" n3="%E3%83%94%E3%83%B3%E3%82%AF%E3%81%AE%E3%81%84%E3%81%BC%E3%81%84%E3%81%BC" dan="16,16,16,16" rate="2163.08,2125.34,2132.02,2129.79" sx="M,M,M,M"/><TAIKYOKU oya="0"/><INIT seed="0,0,0,3,2,104" ten="250,250,250,250" oya="0" hai0="39,3,69,92,24,48,112,118,102,89,45,61,94" hai1="16,57,51,133,97,44,11,67,121,55,78,41,119" hai2="108,18,109,58,106,54,12,128,110,126,129,74,135" hai3="29,62,71,8,75,40,49,95,0,28,34,63,21"/><T68/><D112/><U50/><E121/><V42/><F106/><W47/><G34/><T23/><D3/><U116/><E133/><V7/><F135/><W66/><G75/><T123/><D118/><U84/><E67/><V99/><F126/><W59/><G0/><T33/><D33/><U113/><E113/><V64/><F64/><W124/><G124/><T125/><D125/><U53/><E41/><V90/><F7/><W31/><G8/><T86/><D39/><U1/><E97/><V22/><F42/><W83/><G83/><T101/><D61/><U13/><REACH who="1" step="1"/><E1/><REACH who="1" ten="250,240,250,250" step="2"/><V20/><F99/><W70/><G66/><T73/><D123/><U107/><E107/><V65/><F65/><W88/><G70/><T132/><D132/><U131/><E131/><V25/><F128/><W87/><G71/><T10/><D68/><U4/><E4/><V93/><F129/><W26/><REACH who="3" step="1"/><G59/><REACH who="3" ten="250,240,250,240" step="2"/><T79/><D69/><U105/><E105/><V37/><F58/><W9/><G9/><T2/><D10/><U77/><E77/><V76/><F76/><W82/><G82/><AGARI ba="0,2" hai="11,13,16,44,50,51,53,55,57,78,82,84,116,119" machi="82" ten="40,2600,0" yaku="1,1,54,1,53,0" doraHai="104" doraHaiUra="120" who="1" fromWho="3" sc="250,0,240,46,250,0,240,-26" /><INIT seed="1,0,0,0,0,69" ten="250,286,250,214" oya="1" hai0="117,23,68,73,46,71,30,38,56,54,103,1,5" hai1="129,105,49,81,84,47,4,110,100,8,114,39,52" hai2="133,77,3,119,12,17,63,102,89,83,67,79,127" hai3="131,29,122,97,15,118,62,124,7,55,121,106,64"/><U59/><E114/><V128/><F119/><W82/><G118/><T60/><D117/><U88/><E129/><V10/><F128/><W90/><G131/><T72/><D103/><U70/><E70/><V36/><F133/><W28/><G124/><T96/><D96/><U135/><E135/><V91/><F127/><W51/><G106/><T76/><D30/><U24/><E110/><V104/><F3/><W134/><G134/><T16/><D5/><U53/><E24/><V130/><F130/><W78/><G122/><T25/><D1/><U26/><E26/><V58/><F77/><W132/><G132/><T37/><D72/><U31/><E31/><V40/><F102/><W98/><G121/><T116/><D116/><U42/><E53/><V22/><F10/><W109/><G109/><T108/><D108/><U9/><REACH who="1" step="1"/><E4/><REACH who="1" ten="250,276,250,214" step="2"/><V101/><F40/><W66/><G29/><T74/><D68/><U99/><AGARI ba="0,1" hai="8,9,39,42,47,49,52,59,81,84,88,99,100,105" machi="99" ten="30,18000,2" yaku="1,1,2,1,0,1,52,1,54,2,53,1" doraHai="69" doraHaiUra="93" who="1" fromWho="1" sc="250,-60,276,190,250,-60,214,-60" /><INIT seed="1,1,0,0,4,85" ten="190,466,190,154" oya="1" hai0="70,105,126,100,101,9,135,41,73,25,106,90,76" hai1="127,120,124,82,117,119,110,55,22,118,2,23,13" hai2="32,46,122,21,12,7,67,134,31,133,52,125,109" hai3="4,86,24,20,53,96,71,95,104,111,36,60,74"/><U63/><E2/><V89/><F122/><W26/><G111/><T42/><D70/><U114/><E114/><V132/><F109/><W92/><G36/><T108/><D108/><U35/><E110/><V68/><F125/><N who="1" m="48201" /><E35/><V98/><F32/><W121/><G121/><T79/><D126/><U16/><E120/><V64/><F68/><W10/><G74/><T84/><D25/><U5/><E5/><V28/><F7/><W97/><G104/><N who="0" m="40043" /><D9/><N who="1" m="6191" /><E82/><V128/><F128/><W8/><G71/><T44/><D44/><U81/><E81/><V115/><F115/><W61/><G86/><T88/><D73/><U15/><E15/><V80/><F12/><W39/><G39/><T65/><D135/><U103/><E103/><N who="0" m="39497" /><D65/><N who="2" m="25162" /><F21/><N who="1" m="7689" /><E63/><V75/><F75/><W11/><G4/><T113/><D113/><U62/><E62/><V56/><F46/><W123/><G123/><T1/><D1/><U91/><E55/><V107/><F107/><W45/><G60/><T34/><D34/><U131/><E131/><V54/><F54/><W50/><G61/><T18/><D18/><U48/><E48/><N who="2" m="30727" /><F98/><N who="3" m="37995" /><G26/><T93/><D42/><U78/><E78/><V37/><F37/><W19/><AGARI ba="1,0" hai="8,10,11,19,20,24,45,50,53,92,95" m="37995" machi="19" ten="30,1100,0" yaku="8,1" doraHai="85" who="3" fromWho="3" sc="190,-4,466,-6,190,-4,154,14" /><INIT seed="2,0,0,4,3,76" ten="186,460,186,168" oya="2" hai0="37,52,114,63,91,47,104,61,29,106,83,108,19" hai1="46,62,129,105,44,45,27,135,11,10,54,12,13" hai2="94,71,124,69,122,86,18,102,117,70,126,130,95" hai3="59,8,75,81,73,99,110,131,40,125,2,72,80"/><V23/><F117/><W16/><G40/><T30/><D114/><U107/><E129/><V26/><F122/><W119/><G119/><T49/><D108/><U14/><E135/><V113/><F113/><W43/><G110/><T53/><D37/><U101/><E27/><V41/><F130/><W120/><G120/><T92/><D104/><U116/><E116/><V60/><F41/><W51/><G131/><T64/><D106/><U103/><E105/><V33/><F33/><W15/><G2/><T6/><D6/><U100/><E107/><V25/><F25/><W21/><G125/><N who="2" m="48233" /><F102/><W93/><G8/><T57/><D19/><U0/><E0/><V24/><F24/><W77/><G77/><T88/><D83/><U111/><E111/><V31/><F31/><W115/><G115/><T38/><D38/><U9/><E62/><V32/><F32/><W85/><G85/><T17/><D17/><U97/><E97/><V84/><F60/><W79/><G79/><T55/><D91/><U98/><E98/><V42/><F42/><W96/><G96/><N who="0" m="57351" /><D63/><U132/><E132/><V22/><F22/><W133/><G133/><T36/><D36/><U28/><E28/><AGARI ba="0,0" hai="28,29,30,47,49,52,53,55,57,61,64" m="57351" machi="28" ten="30,3900,0" yaku="8,1,54,2" doraHai="76" who="0" fromWho="1" sc="186,39,460,-39,186,0,168,0" /><INIT seed="3,0,0,0,3,123" ten="225,421,186,168" oya="3" hai0="2,64,30,127,68,103,25,65,14,57,134,112,133" hai1="114,37,101,5,86,99,83,51,21,135,87,31,34" hai2="19,35,9,7,107,120,12,49,50,119,20,125,96" hai3="36,128,59,15,16,116,73,77,67,93,56,97,60"/><W8/><G116/><T40/><D2/><U104/><E37/><V53/><F119/><W98/><G36/><T28/><D68/><U90/><E114/><V63/><F35/><W42/><G42/><T41/><D112/><U61/><E135/><V85/><F120/><W6/><G128/><T18/><D103/><U0/><E34/><V80/><F125/><W45/><G45/><T121/><D121/><U74/><E74/><V115/><F115/><W78/><G73/><T47/><D127/><U131/><E131/><V89/><F107/><W117/><G117/><T72/><D72/><U26/><E61/><V24/><REACH who="2" step="1"/><F96/><REACH who="2" ten="225,421,176,168" step="2"/><W75/><G98/><T126/><D126/><U122/><E99/><V76/><F76/><W4/><G75/><T3/><D133/><U79/><E79/><N who="3" m="30218" /><G59/><AGARI ba="0,1" hai="7,9,12,19,20,24,49,50,53,59,63,80,85,89" machi="59" ten="40,2600,0" yaku="1,1,8,1,53,0" doraHai="123" doraHaiUra="95" who="2" fromWho="3" sc="225,0,421,0,176,36,168,-26" /><INIT seed="4,0,0,1,5,107" ten="225,421,212,142" oya="0" hai0="121,45,18,131,26,112,105,58,126,4,5,7,43" hai1="84,120,62,8,42,100,118,47,61,88,113,44,33" hai2="65,69,73,81,130,6,103,129,34,80,37,76,108" hai3="110,74,24,78,36,38,132,122,99,19,94,16,64"/><T53/><D112/><U51/><E33/><V72/><F108/><W50/><G110/><T9/><D121/><U23/><E120/><V123/><F123/><W125/><G122/><T60/><D105/><U14/><E118/><V20/><F34/><W104/><G104/><T68/><D126/><U27/><E100/><V40/><F103/><W1/><G1/><T57/><D131/><N who="2" m="50186" /><F6/><W31/><G125/><T124/><D124/><U98/><E98/><V15/><F65/><W128/><G128/><T66/><D53/><U95/><E47/><N who="2" m="23951" /><F69/><W70/><G132/><T67/><D67/><U56/><E56/><V39/><F39/><W32/><G50/><T49/><REACH who="0" step="1"/><D9/><REACH who="0" ten="215,421,212,142" step="2"/><U93/><E113/><V77/><F20/><AGARI ba="0,1" hai="4,5,7,18,20,26,43,45,49,57,58,60,66,68" machi="20" ten="40,3900,0" yaku="1,1,2,1,53,0" doraHai="107" doraHaiUra="30" who="0" fromWho="2" sc="215,49,421,0,212,-39,142,0" /><INIT seed="4,1,0,3,4,65" ten="264,421,173,142" oya="0" hai0="48,50,120,88,97,85,72,122,117,26,43,114,123" hai1="31,125,95,45,73,64,38,54,135,63,11,75,39" hai2="56,24,128,70,36,21,80,133,130,100,119,105,59" hai3="118,2,101,79,30,104,78,113,10,46,99,18,76"/><T52/><D114/><U96/><E31/><V92/><F105/><W66/><G118/><T102/><D72/><U108/><E108/><V47/><F119/><W5/><G113/><T40/><D117/><U94/><E94/><V6/><F133/><W51/><G30/><T90/><D26/><U14/><E135/><V57/><F6/><W3/><G66/><T106/><D48/><U12/><E125/><V61/><F80/><W91/><G91/><T0/><D0/><U49/><E14/><V9/><F9/><W71/><G71/><T112/><D112/><U98/><E98/><N who="2" m="59463" /><F47/><W60/><G60/><T127/><D127/><U13/><E13/><V62/><F36/><W93/><G18/><T20/><D20/><U34/><E34/><V29/><F70/><W124/><G124/><T32/><D32/><U53/><E53/><V68/><F68/><W115/><G115/><T17/><D17/><U27/><E27/><V129/><AGARI ba="1,0" hai="21,24,29,56,57,59,61,62,128,129,130" m="59463" machi="129" ten="40,1500,0" yaku="19,1" doraHai="65" who="2" fromWho="2" sc="264,-8,421,-5,173,18,142,-5" /><INIT seed="5,0,0,5,3,107" ten="256,416,191,137" oya="1" hai0="118,27,49,132,68,43,100,19,79,31,44,109,36" hai1="90,28,3,111,8,83,64,92,129,73,120,37,17" hai2="12,87,5,124,14,121,101,91,130,96,35,53,123" hai3="23,110,16,126,133,34,47,65,13,99,74,63,32"/><U119/><E120/><V38/><F35/><W105/><G110/><T60/><D109/><U94/><E119/><V9/><F38/><W57/><G133/><T42/><D118/><U88/><E37/><V11/><F130/><W134/><G134/><T131/><D132/><U102/><E64/><V22/><F22/><W45/><G126/><T54/><D131/><U117/><E28/><V15/><F124/><W70/><G57/><T39/><D19/><U71/><E71/><V40/><F40/><W80/><G34/><T52/><D79/><N who="1" m="44527" /><E17/><V59/><F87/><W85/><G32/><T77/><D77/><U112/><E8/><V61/><F91/><N who="1" m="34857" /><E3/><V2/><REACH who="2" step="1"/><F11/><REACH who="2" ten="256,416,181,137" step="2"/><W26/><G85/><T24/><D42/><U89/><E129/><V29/><F29/><W48/><G26/><T62/><D24/><U93/><E111/><V67/><F67/><W46/><G80/><T122/><D43/><U135/><E135/><V115/><F115/><W33/><G33/><T86/><D86/><U125/><E125/><V18/><F18/><W50/><REACH who="3" step="1"/><G74/><REACH who="3" ten="256,416,181,127" step="2"/><T81/><D81/><U103/><E112/><V10/><F10/><W0/><G0/><T69/><D27/><U95/><E117/><V84/><F84/><AGARI ba="0,2" hai="84,89,92,93,94,95,102,103" m="34857,44527" machi="84" ten="30,18000,2" yaku="35,5,52,1,54,1" doraHai="107" who="1" fromWho="2" sc="256,0,416,200,181,-180,127,0" /><INIT seed="5,1,0,0,0,55" ten="256,616,1,127" oya="1" hai0="91,126,131,84,54,109,104,64,15,125,122,14,66" hai1="38,4,128,42,86,129,133,127,115,75,6,7,41" hai2="49,116,3,69,103,20,107,100,21,35,83,121,45" hai3="40,105,33,34,13,1,58,120,11,56,8,101,114"/><U22/><E75/><V53/><F116/><W63/><G120/><T102/><D109/><U2/><E2/><V23/><F121/><W27/><G40/><N who="1" m="15466" /><E38/><V132/><F35/><W130/><G130/><N who="1" m="50282" /><E115/><V90/><F3/><W37/><G114/><T28/><D102/><N who="2" m="38954" /><F69/><W70/><G101/><T71/><D104/><U57/><E127/><V99/><F107/><W95/><G105/><T62/><D71/><U25/><E133/><V0/><F0/><W73/><G1/><T79/><D122/><U81/><E57/><V76/><F132/><W85/><G37/><T93/><D131/><U43/><E43/><V9/><F9/><W92/><G11/><T24/><D79/><N who="1" m="46399" /><E4/><V89/><F99/><W30/><G73/><T32/><D125/><U16/><AGARI ba="1,0" hai="6,7,16,22,25" m="46399,50282,15466" machi="16" ten="30,3000,0" yaku="19,1,54,1" doraHai="55" who="1" fromWho="1" sc="256,-11,616,33,1,-11,127,-11" owari="245,5.0,649,74.0,-10,-51.0,116,-28.0" /></mjloggm>