<mjloggm ver="2.3"><GO type="169" lobby="0"/><UN n0="%E3%82%A6%E3%83%AB%E3%83%88%E3%83%A9%E7%AB%8B%E7%9B%B4" n1="%E3%83%8D%E3%83%BC%E3%83%A0%E3%83%AC%E3%82%B9%EF%BC%97" n2="%E3%83%94%E3%83%B3%E3%82%AF%E3%81%AE%E3%81%84%E3%81%BC%E3%81%84%E3%81%BC" n3="%E3%81%99%E3%81%BF%E3%82%84%E3%81%AB" dan="17,16,16,18" rate="2115.16,2112.26,2174.69,2218.78" sx="M,F,M,M"/><TAIKYOKU oya="0"/><INIT seed="0,0,0,5,3,31" ten="250,250,250,250" oya="0" hai0="51,97,18,0,76,94,35,102,61,47,64,16,83" hai1="120,75,63,46,90,42,85,135,9,36,30,98,55" hai2="54,33,78,101,130,103,66,111,81,119,17,70,125" hai3="82,96,84,115,40,43,72,127,100,106,22,110,116"/><T58/><D0/><U20/><E120/><V52/><F111/><W105/><G116/><T34/><D18/><U121/><E121/><V4/><F4/><W10/><G115/><T128/><D128/><U14/><E75/><V99/><F130/><W57/><G106/><T133/><D133/><U56/><E135/><V114/><F114/><W74/><G110/><T21/><D51/><U68/><E98/><V122/><F122/><W109/><G109/><T37/><D47/><U12/><E68/><V95/><F101/><W2/><G74/><T15/><D37/><U134/><E134/><V28/><F17/><W86/><G72/><AGARI ba="0,0" hai="15,16,21,34,35,58,61,64,72,76,83,94,97,102" machi="72" ten="30,11600,0" yaku="7,1,52,2,54,1" doraHai="31" who="0" fromWho="3" sc="250,116,250,0,250,0,250,-116" /><INIT seed="0,1,0,3,5,60" ten="366,250,250,134" oya="0" hai0="111,84,24,70,76,4,23,13,21,46,128,16,14" hai1="97,28,71,95,49,26,54,90,19,131,58,87,79" hai2="10,67,99,85,6,120,127,130,42,9,112,96,86" hai3="12,27,62,73,8,105,36,33,123,72,66,83,32"/><T122/><D122/><U61/><E131/><V118/><F120/><W51/><G36/><T57/><D70/><U104/><E19/><V56/><F112/><W126/><G123/><T11/><D128/><U41/><E104/><V100/><F130/><W25/><G126/><T98/><D111/><U47/><E71/><V68/><F68/><W135/><G135/><T45/><D98/><N who="2" m="37418" /><F42/><W119/><G105/><T40/><D57/><U52/><E79/><V107/><F107/><W89/><G51/><T93/><D40/><U91/><E41/><V75/><F75/><W50/><G50/><T15/><D15/><U35/><REACH who="1" step="1"/><E87/><REACH who="1" ten="366,240,250,134" step="2"/><V59/><F86/><W17/><G17/><N who="0" m="12399" /><D76/><U108/><E108/><V29/><F85/><W7/><G73/><T38/><D38/><U1/><E1/><V22/><F127/><W110/><G72/><T134/><D134/><U3/><E3/><V0/><F0/><W78/><G110/><T117/><D117/><U109/><E109/><V116/><F116/><W37/><G119/><T39/><D39/><U2/><E2/><V115/><F118/><W48/><G37/><T55/><D84/><U34/><E34/><V124/><F124/><W121/><G78/><T101/><D16/><U129/><E129/><V53/><F115/><W94/><G33/><T92/><D4/><U88/><AGARI ba="1,1" hai="26,28,35,47,49,52,54,58,61,88,90,91,95,97" machi="88" ten="20,8000,1" yaku="1,1,0,1,7,1,54,2,53,0" doraHai="60" doraHaiUra="133" who="1" fromWho="1" sc="366,-41,240,93,250,-21,134,-21" /><INIT seed="1,0,0,4,4,8" ten="325,333,229,113" oya="1" hai0="53,19,73,83,89,52,128,46,133,97,86,39,126" hai1="51,32,64,20,94,13,9,62,65,60,71,25,38" hai2="63,41,10,7,110,68,131,17,69,55,66,34,12" hai3="84,3,24,31,29,117,76,56,54,77,49,123,87"/><U59/><E38/><V1/><F110/><W96/><G3/><T33/><D33/><U16/><E32/><V119/><F119/><W45/><G123/><T79/><D128/><U120/><E120/><V88/><F131/><W129/><G129/><T121/><D121/><U116/><E116/><V70/><F41/><W26/><G117/><T14/><D133/><U28/><E51/><V75/><F75/><W92/><G77/><T67/><D126/><U72/><E72/><V90/><F34/><W5/><G5/><T27/><D27/><U74/><E74/><V102/><F102/><W130/><G130/><T57/><D97/><U100/><E100/><V61/><F55/><W111/><G76/><T22/><D39/><U109/><REACH who="1" step="1"/><E94/><REACH who="1" ten="325,323,229,113" step="2"/><V93/><F93/><W36/><G36/><T124/><D124/><U101/><E101/><V107/><F107/><W91/><G111/><AGARI ba="0,1" hai="9,13,16,20,25,28,59,60,62,64,65,71,109,111" machi="111" ten="40,12000,1" yaku="1,1,52,1,54,1,53,2" doraHai="8" doraHaiUra="122" who="1" fromWho="3" sc="325,0,323,130,229,0,113,-120" owari="325,13.0,453,55.0,229,-17.0,-7,-51.0" /></mjloggm>