<mjloggm ver="2.3"><GO type="169" lobby="0"/><UN n0="%E3%82%AB%E3%83%96%E3%83%88" n1="%43%48%49%52%4F%52%55" n2="%E7%AD%91%E6%81%B5" n3="%E5%B0%B1%E6%B4%BB%E7%94%9F%40%E5%B7%9D%E6%9D%91%E8%BB%8D%E5%9B%A3" dan="16,16,17,17" rate="2094.21,2128.58,2136.07,2194.02" sx="M,M,M,M"/><TAIKYOKU oya="0"/><INIT seed="0,0,0,5,1,134" ten="250,250,250,250" oya="0" hai0="51,88,116,107,98,66,64,75,59,52,110,105,21" hai1="36,80,69,63,73,35,127,26,108,11,100,93,37" hai2="121,61,81,96,85,130,28,99,95,10,113,87,77" hai3="119,31,135,27,124,133,84,22,49,101,19,4,43"/><T102/><D116/><U132/><E108/><V45/><F121/><W122/><G119/><T30/><D75/><U33/><E132/><N who="3" m="50762" /><G122/><T72/><D72/><U90/><E100/><V2/><F113/><W70/><G70/><T94/><D110/><U71/><E73/><V120/><F120/><W117/><G117/><T78/><D78/><U44/><E80/><V42/><F130/><W47/><G101/><T13/><D107/><U82/><E82/><V118/><F118/><W106/><G106/><T16/><D30/><U20/><E11/><V39/><F28/><W68/><G68/><T8/><D8/><U56/><E71/><V89/><REACH who="2" step="1"/><F61/><REACH who="2" ten="250,250,240,250" step="2"/><W131/><G131/><T123/><REACH who="0" step="1"/><D123/><REACH who="0" ten="240,250,240,250" step="2"/><U112/><E112/><V62/><F62/><W86/><G31/><T5/><D5/><AGARI ba="0,2" hai="2,5,10,39,42,45,77,81,85,87,89,95,96,99" machi="5" ten="40,1300,0" yaku="1,1,53,0" doraHai="134" doraHaiUra="55" who="2" fromWho="0" sc="240,-13,250,0,240,33,250,0" /><INIT seed="1,0,0,1,0,77" ten="227,250,273,250" oya="1" hai0="50,54,124,73,8,26,112,84,15,92,16,10,101" hai1="63,82,110,29,119,40,64,71,85,91,108,109,111" hai2="59,113,39,19,43,107,36,126,44,132,66,128,18" hai3="4,25,12,70,114,38,53,60,118,69,115,129,57"/><U5/><E119/><V87/><F107/><W106/><G106/><T9/><D73/><U35/><N who="1" m="27648" /><DORA hai="67" /><U58/><E5/><V45/><F132/><W47/><G25/><T6/><D112/><N who="3" m="43049" /><G12/><T98/><D124/><U62/><E40/><N who="2" m="22535" /><F87/><W79/><G79/><T131/><D131/><U17/><E17/><V80/><F80/><W103/><G4/><T127/><D127/><U56/><E63/><N who="2" m="38271" /><F18/><W52/><G103/><T93/><D26/><AGARI ba="0,0" hai="26,29,35,56,58,62,64,71,82,85,91" m="27648" machi="26" ten="70,12000,1" yaku="14,1,10,1,52,2" doraHai="77,67" who="1" fromWho="0" sc="227,-120,250,120,273,0,250,0" /><INIT seed="1,1,0,4,3,0" ten="107,370,273,250" oya="1" hai0="1,51,69,95,62,106,22,84,72,108,21,114,123" hai1="33,52,117,120,103,26,130,81,68,90,36,17,105" hai2="30,128,9,13,67,87,132,16,60,5,122,34,41" hai3="49,100,92,107,55,66,25,46,125,15,111,23,43"/><U112/><E112/><V63/><F122/><W110/><G107/><T80/><D114/><U85/><E130/><V116/><F116/><W97/><G125/><T47/><D106/><U4/><E117/><V27/><F128/><W40/><G66/><T76/><D123/><U32/><E68/><V83/><F132/><W2/><G2/><T45/><D108/><U91/><E36/><V20/><F41/><W104/><G104/><T101/><D45/><U71/><E71/><V8/><F67/><W131/><G131/><T102/><D1/><U98/><E4/><V134/><F134/><W119/><G119/><T94/><D69/><U89/><E120/><V78/><REACH who="2" step="1"/><F9/><REACH who="2" ten="107,370,263,250" step="2"/><W10/><G110/><T19/><D62/><U86/><E52/><V75/><F75/><W58/><G111/><T38/><D38/><U3/><E81/><V127/><F127/><W7/><REACH who="3" step="1"/><G46/><REACH who="3" ten="107,370,263,240" step="2"/><T65/><D65/><U135/><E135/><V48/><F48/><W56/><G56/><T50/><D50/><U70/><E70/><V53/><F53/><W124/><G124/><T133/><D133/><U74/><E74/><V129/><F129/><W88/><G88/><T24/><D51/><U14/><E90/><V18/><F18/><AGARI ba="1,2" hai="7,10,15,18,23,25,40,43,49,55,58,92,97,100" machi="18" ten="30,7700,0" yaku="1,1,7,1,8,1,52,1,53,0" doraHai="0" doraHaiUra="35" who="3" fromWho="2" sc="107,0,370,0,263,-80,240,100" /><INIT seed="2,0,0,4,0,68" ten="107,370,183,340" oya="2" hai0="116,96,118,5,37,64,91,20,8,57,53,90,103" hai1="42,80,84,74,31,63,34,98,39,23,28,81,16" hai2="127,32,114,121,124,49,13,60,2,89,25,36,46" hai3="86,1,83,115,56,61,67,59,43,125,85,33,11"/><V15/><F2/><W76/><G115/><T120/><D120/><U29/><E74/><V134/><F121/><W45/><G125/><N who="2" m="48201" /><F114/><W77/><G33/><T131/><D64/><U3/><E3/><V78/><F134/><W50/><G59/><T9/><D20/><U21/><E21/><V135/><F135/><W69/><G69/><T51/><D131/><U10/><E10/><V100/><F78/><W54/><G67/><T47/><D91/><U7/><E7/><V35/><F100/><W38/><G76/><T111/><D90/><U95/><E34/><N who="2" m="12843" /><F36/><W24/><G24/><T52/><D111/><U129/><E129/><V55/><F25/><W119/><G119/><N who="0" m="45611" /><D5/><U126/><E126/><V12/><F89/><W93/><G93/><N who="0" m="58767" /><D37/><U79/><E39/><V40/><F60/><AGARI ba="0,0" hai="8,9,47,51,52,53,57,60" m="58767,45611" machi="60" ten="30,2000,0" yaku="12,1,54,1" doraHai="68" who="0" fromWho="2" sc="107,20,370,0,183,-20,340,0" /><INIT seed="3,0,0,4,5,98" ten="127,370,163,340" oya="3" hai0="41,72,42,48,2,16,14,44,101,19,37,126,86" hai1="29,32,113,104,75,0,35,59,52,33,100,8,4" hai2="1,57,127,66,30,73,131,38,31,106,97,91,6" hai3="40,124,22,77,96,65,121,93,3,70,92,84,134"/><W50/><G121/><T45/><D72/><U20/><E75/><V25/><F38/><W39/><G134/><T12/><D2/><U111/><E113/><V74/><F131/><W5/><G124/><T88/><D126/><U62/><E111/><V9/><F127/><W68/><G39/><T80/><REACH who="0" step="1"/><D101/><REACH who="0" ten="117,370,163,340" step="2"/><U78/><E100/><V110/><F74/><W133/><G3/><T60/><D60/><U107/><E0/><V28/><F73/><W61/><G133/><T67/><D67/><U129/><E62/><V95/><F110/><W94/><G61/><T132/><D132/><U125/><E129/><V119/><F66/><W11/><G65/><T112/><D112/><U63/><E63/><V21/><F119/><W26/><G70/><T71/><D71/><U23/><E125/><V47/><F57/><W115/><G68/><T76/><D76/><U82/><E59/><V54/><F106/><W34/><G115/><T85/><D85/><U27/><E107/><V117/><F117/><W108/><G108/><T36/><D36/><U135/><E104/><V46/><F47/><W128/><G77/><T123/><D123/><U118/><E78/><V79/><F79/><W81/><G84/><T116/><D116/><U130/><E118/><V51/><AGARI ba="0,1" hai="1,6,9,21,25,28,30,31,46,51,54,91,95,97" machi="51" ten="30,1100,0" yaku="0,1" doraHai="98" who="2" fromWho="2" sc="117,-3,370,-3,163,21,340,-5" /><INIT seed="4,0,0,1,2,35" ten="114,367,184,335" oya="0" hai0="112,130,77,102,41,81,110,125,118,0,1,53,51" hai1="95,82,88,105,91,62,83,15,132,107,10,19,78" hai2="76,56,86,71,8,116,6,32,114,119,24,104,36" hai3="30,42,2,99,54,34,58,64,38,80,73,87,33"/><T21/><D118/><N who="2" m="45098" /><F71/><W111/><G111/><T12/><D110/><U59/><E132/><V113/><F104/><W14/><G73/><T23/><D41/><U134/><E134/><V52/><F36/><W5/><G64/><T85/><D112/><U18/><E18/><V127/><F127/><W28/><G99/><T61/><D125/><U26/><E26/><V37/><F37/><W40/><G2/><T79/><D61/><U97/><E91/><V22/><F32/><W55/><G38/><T120/><D120/><U50/><E50/><N who="2" m="30743" /><F86/><W89/><G34/><T74/><D130/><U124/><E124/><V96/><F76/><W100/><G100/><T27/><D102/><U133/><E83/><V4/><F96/><W39/><G39/><T135/><D135/><U29/><E29/><N who="2" m="17559" /><F4/><W70/><G70/><T117/><D117/><U65/><E133/><V20/><F20/><W17/><G5/><T13/><D77/><U47/><E47/><V57/><F57/><W122/><G122/><T84/><D21/><U43/><E43/><V131/><F131/><W108/><G42/><T94/><D74/><AGARI ba="0,0" hai="10,15,19,59,62,65,74,78,82,88,95,97,105,107" machi="74" ten="30,2000,0" yaku="7,1,54,1" doraHai="35" who="1" fromWho="0" sc="114,-20,367,20,184,0,335,0" /><INIT seed="5,0,0,4,1,96" ten="94,387,184,335" oya="1" hai0="50,112,76,68,56,97,124,130,42,98,119,22,72" hai1="57,113,69,91,83,126,29,74,48,55,111,61,121" hai2="54,40,73,43,115,80,67,78,101,21,92,32,5" hai3="114,103,20,19,8,116,89,12,2,24,79,70,128"/><U33/><E121/><V102/><F32/><W37/><G37/><T4/><D119/><U82/><E111/><V64/><F115/><W87/><G70/><T26/><D68/><U23/><E33/><V49/><F5/><W3/><G116/><T14/><D112/><U75/><E126/><V39/><F39/><W36/><G36/><T71/><D71/><U90/><E75/><V60/><F21/><W65/><G114/><T53/><D124/><U93/><E74/><V104/><F104/><W51/><G128/><T109/><D109/><U58/><E69/><V135/><F135/><W94/><G65/><T129/><D42/><U35/><E35/><V9/><F9/><W13/><G13/><T100/><D76/><U25/><E91/><V123/><F92/><W18/><G79/><T28/><D72/><U31/><E31/><V127/><F123/><W122/><G122/><T85/><D85/><N who="1" m="52431" /><E113/><V131/><F131/><N who="0" m="50186" /><D100/><U6/><E6/><V41/><F127/><W120/><G120/><T1/><D1/><U125/><E125/><V16/><F102/><W110/><G110/><T105/><D105/><U45/><E58/><N who="2" m="34903" /><F101/><W106/><G106/><T27/><D27/><U108/><E108/><V62/><F73/><W63/><G103/><T117/><D117/><U77/><E77/><V107/><F107/><W88/><G89/><T34/><D4/><U0/><E0/><V99/><F78/><W30/><G2/><T52/><D53/><AGARI ba="0,0" hai="23,25,29,45,48,53,55,57,61,82,83" m="52431" machi="53" ten="30,1500,0" yaku="8,1" doraHai="96" who="1" fromWho="0" sc="94,-15,387,15,184,0,335,0" /><INIT seed="5,1,0,1,0,39" ten="79,402,184,335" oya="1" hai0="58,124,11,118,125,29,1,134,105,68,130,23,106" hai1="13,12,66,72,77,122,3,63,119,70,101,113,47" hai2="35,61,114,49,31,45,44,10,37,4,55,104,50" hai3="108,100,38,86,95,43,110,42,62,53,127,120,84"/><U59/><E3/><V121/><F121/><W41/><G120/><T98/><D58/><U25/><E113/><V94/><F104/><W51/><G127/><N who="0" m="48715" /><D98/><U87/><E72/><V30/><F37/><W107/><G38/><T80/><D80/><N who="1" m="47503" /><E70/><V79/><F35/><W40/><G107/><N who="0" m="40971" /><D68/><U22/><E119/><V126/><F114/><W54/><G108/><T20/><D118/><U81/><E101/><V28/><F79/><W117/><G117/><T65/><D65/><U85/><E47/><V131/><F126/><W8/><G110/><T88/><D134/><U48/><E48/><V21/><F61/><W67/><N who="3" m="10752" /><DORA hai="83" /><W123/><G123/><T74/><D74/><U26/><E26/><V32/><F50/><W2/><G2/><T92/><D29/><N who="1" m="17591" /><E122/><V103/><F45/><N who="3" m="27887" /><G8/><T75/><D75/><U7/><E7/><V115/><F4/><W82/><G67/><T89/><D130/><U24/><E24/><V76/><F10/><W0/><G0/><T78/><D78/><AGARI ba="1,0" hai="12,13,59,63,66,78,81,85" m="17591,47503" machi="78" ten="30,5800,0" yaku="8,1,52,2" doraHai="39,83" who="1" fromWho="0" sc="79,-61,402,61,184,0,335,0" /><INIT seed="5,2,0,3,0,65" ten="18,463,184,335" oya="1" hai0="2,15,19,50,45,100,60,89,38,49,66,132,102" hai1="101,78,58,14,51,12,99,33,106,133,111,59,71" hai2="23,121,29,110,25,4,92,130,20,42,53,7,72" hai3="75,127,34,21,123,41,3,98,28,114,134,63,90"/><U8/><E71/><V82/><F121/><W122/><G3/><T104/><D2/><U120/><E33/><V56/><F110/><W131/><G75/><T32/><D32/><U67/><E133/><V80/><F42/><W84/><G114/><T22/><D132/><U36/><E36/><V37/><F37/><W107/><G134/><T135/><D135/><U77/><E14/><V109/><F130/><W86/><G34/><T17/><D38/><U96/><E120/><V76/><F109/><W43/><G131/><T57/><D104/><U62/><E99/><V115/><F115/><W48/><G127/><T97/><D50/><U35/><E35/><V11/><F92/><W10/><G10/><T40/><D97/><U125/><E125/><V1/><F82/><W18/><G28/><T119/><D119/><U0/><E0/><V44/><F44/><W118/><G118/><T108/><D108/><U79/><E111/><V30/><F7/><W55/><G122/><T73/><D73/><U93/><E106/><V31/><F23/><W91/><G63/><AGARI ba="2,0" hai="1,4,11,20,25,29,30,31,53,56,63,72,76,80" machi="63" ten="30,1000,0" yaku="7,1" doraHai="65" who="2" fromWho="3" sc="18,0,463,0,184,16,335,-16" /><INIT seed="6,0,0,3,5,100" ten="18,463,200,319" oya="2" hai0="116,104,55,22,34,64,65,43,115,42,78,128,12" hai1="24,60,134,105,127,18,39,98,89,6,126,75,117" hai2="121,68,125,86,119,28,97,83,87,90,66,35,92" hai3="40,36,69,74,48,11,122,9,20,111,109,120,33"/><V113/><F66/><W71/><G36/><T38/><D34/><U108/><E6/><V15/><F68/><W67/><G33/><T41/><D78/><U62/><E98/><V77/><F28/><W103/><G74/><T61/><D22/><U112/><E89/><V96/><F35/><W110/><G103/><T52/><D12/><U25/><E18/><V59/><F119/><W124/><G124/><T10/><D10/><U4/><E4/><V130/><F121/><W8/><G20/><T23/><D23/><U30/><E112/><V123/><F123/><W132/><G132/><T99/><D99/><U14/><E14/><V29/><F29/><W84/><G84/><T31/><D31/><U51/><E30/><V101/><F113/><W54/><G40/><N who="0" m="15467" /><D104/><U91/><E105/><N who="2" m="63655" /><F59/><W3/><G3/><T44/><D115/><U80/><E117/><V13/><F13/><W58/><G71/><N who="0" m="42383" /><D116/><U5/><E24/><V49/><F15/><W135/><G135/><T95/><D95/><U88/><E25/><V16/><F16/><W21/><G21/><T37/><D128/><U82/><E134/><V7/><F130/><W53/><G120/><T94/><D94/><U114/><E114/><V76/><F7/><W17/><G122/><T2/><D2/><U1/><E5/><V27/><F27/><W50/><G17/><T32/><D32/><U85/><E1/><V63/><F97/><W107/><G109/><T93/><D93/><U57/><E108/><V81/><F92/><W73/><G110/><T46/><D65/><U45/><E75/><V131/><F131/><RYUUKYOKU ba="0,0" sc="18,30,463,-10,200,-10,319,-10" hai0="37,38,43,44,46,52,55" /><INIT seed="7,1,0,3,0,28" ten="48,453,190,309" oya="3" hai0="116,118,4,98,42,134,50,124,62,38,101,82,51" hai1="17,78,46,66,74,25,103,31,1,75,71,85,72" hai2="100,90,53,127,94,84,133,79,120,18,76,36,80" hai3="81,129,115,109,108,44,6,126,91,92,40,0,97"/><W34/><G126/><T10/><D124/><U132/><E1/><V86/><F127/><W5/><G129/><T29/><D134/><U73/><E73/><V68/><F68/><W30/><G115/><T63/><D82/><U59/><E71/><V60/><F36/><W99/><G99/><T16/><D29/><U93/><E17/><V35/><F35/><W135/><G135/><T9/><D38/><U48/><E59/><N who="2" m="34927" /><F120/><W33/><G81/><T58/><D58/><U14/><E25/><V102/><F133/><W110/><G30/><T125/><D125/><U87/><E85/><V49/><F79/><W43/><G43/><T121/><D42/><U22/><E22/><V131/><F131/><W45/><G45/><T11/><D98/><U20/><E93/><V8/><F49/><N who="3" m="26759" /><G0/><T119/><D121/><U106/><E87/><V114/><F114/><W24/><G24/><T41/><D41/><U37/><E46/><V13/><AGARI ba="1,0" hai="8,13,18,76,80,84,86,90,94,100,102" m="34927" machi="13" ten="30,1100,0" yaku="8,1" doraHai="28" who="2" fromWho="2" sc="48,-4,453,-4,190,14,309,-6" owari="44,-46.0,449,56.0,204,-20.0,303,10.0" /></mjloggm>