<mjloggm ver="2.3"><GO type="169" lobby="0"/><UN n0="%EF%BC%93%E7%95%AA%E3%82%B7%E3%83%A7%E3%83%BC%E3%83%88%E5%9D%82%E7%94%B0" n1="%E7%B4%94%EF%BC%93%E9%BE%8D%E9%96%80" n2="%E5%B0%B1%E6%B4%BB%E7%94%9F%40%E5%B7%9D%E6%9D%91%E8%BB%8D%E5%9B%A3" n3="%E6%9A%97%E3%81%84%E7%AC%A6" dan="16,17,17,18" rate="2059.74,2168.72,2231.39,2299.96" sx="M,F,M,M"/><TAIKYOKU oya="0"/><INIT seed="0,0,0,3,4,21" ten="250,250,250,250" oya="0" hai0="9,71,86,118,14,128,122,25,66,69,31,135,58" hai1="0,3,101,68,92,47,64,116,53,98,57,119,29" hai2="33,112,133,51,12,125,132,130,62,93,11,124,103" hai3="110,78,97,44,8,13,109,72,104,74,90,91,127"/><T46/><D122/><U120/><E120/><V96/><F33/><W6/><G104/><T52/><D118/><U76/><E68/><V73/><F73/><N who="3" m="28267" /><G78/><T61/><D128/><U59/><E76/><V17/><F112/><W45/><G97/><T89/><D135/><N who="2" m="51786" /><F62/><W121/><G121/><T108/><D46/><N who="3" m="18025" /><G127/><N who="2" m="48713" /><F51/><W114/><G114/><T43/><D66/><U100/><E64/><V111/><F111/><AGARI ba="0,0" hai="6,8,13,90,91,109,110,111" m="18025,28267" machi="111" ten="30,1000,0" yaku="14,1" doraHai="21" who="3" fromWho="2" sc="250,0,250,0,250,-10,250,10" /><INIT seed="1,0,0,2,2,50" ten="250,250,240,260" oya="1" hai0="3,90,97,58,70,102,15,7,46,4,41,75,38" hai1="119,8,116,92,115,24,117,64,78,5,39,98,132" hai2="80,53,60,11,61,22,52,48,99,40,2,125,88" hai3="110,26,44,123,108,17,93,49,79,0,57,107,28"/><U66/><E115/><V73/><F73/><W122/><G107/><T133/><D70/><U131/><E39/><V109/><F125/><W126/><G0/><T31/><D3/><U13/><E131/><V124/><F124/><W127/><G79/><T71/><D71/><U34/><E132/><V30/><F2/><W76/><G76/><T68/><D68/><U129/><E129/><V86/><F11/><W94/><G57/><T101/><D75/><U95/><E78/><V74/><F74/><W16/><G28/><T43/><D43/><U65/><REACH who="1" step="1"/><E98/><REACH who="1" ten="250,240,240,260" step="2"/><V55/><F99/><W51/><G127/><T87/><D38/><U120/><E120/><V91/><F109/><W47/><G126/><T72/><D97/><U33/><E33/><V37/><F37/><W85/><G85/><T6/><D87/><U10/><E10/><V96/><F96/><W105/><G105/><T83/><D72/><U45/><E45/><N who="2" m="25639" /><F91/><W9/><G9/><T77/><D90/><U23/><E23/><V36/><F36/><W1/><G1/><T59/><D46/><U25/><E25/><AGARI ba="0,1" hai="22,25,30,52,53,55,60,61,80,86,88" m="25639" machi="25" ten="30,12000,2" yaku="8,1,52,3,54,2" doraHai="50" who="2" fromWho="1" sc="250,0,240,-120,240,130,260,0" /><AGARI ba="0,0" hai="16,17,25,26,44,47,49,51,93,94,108,110,122,123" machi="25" ten="25,3200,0" yaku="22,2,54,1" doraHai="50" who="3" fromWho="1" sc="250,0,120,-32,370,0,260,32" /><INIT seed="2,0,0,2,2,95" ten="250,88,370,292" oya="2" hai0="70,100,10,27,2,134,107,29,126,79,33,83,13" hai1="56,14,131,125,120,122,65,46,55,128,18,87,105" hai2="108,44,34,85,17,41,111,49,4,30,7,114,121" hai3="132,88,80,124,113,1,74,57,102,84,75,25,38"/><V92/><F121/><N who="1" m="46697" /><E105/><V39/><F114/><W26/><G38/><T36/><D70/><U68/><E87/><V117/><F117/><W94/><G1/><T37/><D134/><U42/><E18/><V69/><F69/><W21/><G132/><T86/><D126/><U43/><E14/><V93/><F39/><W96/><G124/><T71/><D71/><U8/><E8/><V133/><F133/><W28/><G113/><T91/><D2/><U15/><E15/><V116/><F116/><W12/><G12/><T60/><D60/><N who="1" m="39975" /><E125/><V127/><F127/><W109/><G109/><N who="2" m="42057" /><F17/><W66/><G26/><T106/><D106/><U135/><E135/><V119/><F119/><W64/><G64/><T110/><D110/><U81/><E81/><V50/><F50/><W103/><G103/><T32/><D32/><U67/><E67/><V76/><F76/><W11/><G11/><T61/><D100/><U98/><E98/><V73/><F73/><W99/><G96/><T40/><D107/><U0/><E0/><V31/><F85/><W63/><AGARI ba="0,0" hai="21,25,28,57,63,66,74,75,80,84,88,94,99,102" machi="63" ten="30,8000,1" yaku="0,1,25,2,52,1,54,1" doraHai="95" who="3" fromWho="3" sc="250,-20,88,-20,370,-40,292,80" /><INIT seed="3,0,0,3,4,61" ten="230,68,330,372" oya="3" hai0="68,114,13,46,77,96,132,51,133,70,87,54,5" hai1="85,27,24,35,108,44,73,47,99,124,28,81,29" hai2="88,123,90,57,69,74,34,20,39,98,126,86,66" hai3="30,56,67,38,65,112,113,131,102,12,48,21,101"/><W122/><G38/><T135/><D96/><U49/><E108/><V127/><F34/><W129/><G122/><T79/><D114/><U110/><E110/><V76/><F39/><W16/><G113/><T33/><D33/><U53/><E124/><V80/><F69/><N who="0" m="26730" /><D87/><U107/><E73/><V10/><F10/><AGARI ba="0,0" hai="5,10,13,46,51,54,77,79,132,133,135" m="26730" machi="10" ten="40,1300,0" yaku="20,1" doraHai="61" who="0" fromWho="2" sc="230,13,68,0,330,-13,372,0" /><INIT seed="4,0,0,2,3,14" ten="243,68,317,372" oya="0" hai0="81,62,3,27,20,33,96,114,129,5,107,68,48" hai1="124,91,71,35,119,83,24,60,112,88,16,95,46" hai2="1,77,53,132,125,73,135,78,30,94,50,29,54" hai3="86,26,28,37,131,87,76,63,70,97,11,57,108"/><T103/><D129/><U42/><E119/><V122/><F1/><W9/><G37/><T121/><D114/><U38/><E124/><V113/><F122/><W7/><G108/><T98/><D121/><U12/><E83/><V85/><F73/><W101/><G76/><T56/><D33/><U128/><E128/><V59/><F113/><W32/><G11/><T21/><D98/><U80/><E112/><V2/><F2/><W115/><G131/><T126/><D126/><U4/><E80/><V100/><F54/><W118/><G118/><T90/><D5/><U117/><E117/><V34/><F34/><W116/><G115/><T123/><D3/><U111/><E111/><V82/><F78/><W72/><G72/><T13/><D123/><U6/><E71/><V69/><F69/><W89/><G89/><T49/><D68/><U75/><E75/><V66/><F66/><W120/><G120/><T19/><D81/><U127/><E127/><V104/><F104/><W93/><G70/><T41/><D90/><U18/><E60/><V44/><F44/><W134/><G134/><N who="2" m="51241" /><F125/><W65/><G116/><T64/><REACH who="0" step="1"/><D41/><REACH who="0" ten="233,68,317,372" step="2"/><U23/><E91/><V17/><F100/><W25/><G101/><T51/><D51/><U79/><E79/><V31/><F94/><W133/><G93/><T130/><D130/><U74/><E35/><V36/><F36/><W105/><G105/><T109/><D109/><U99/><REACH who="1" step="1"/><E74/><REACH who="1" ten="233,58,317,372" step="2"/><V52/><F77/><W106/><G133/><T84/><D84/><U39/><E39/><V8/><F85/><W22/><G87/><T0/><D0/><RYUUKYOKU ba="0,2" sc="233,15,58,15,317,-15,372,-15" hai0="13,19,20,21,27,48,49,56,62,64,96,103,107" hai1="4,6,12,16,18,23,24,38,42,46,88,95,99" /><INIT seed="4,1,2,5,5,25" ten="248,73,302,357" oya="0" hai0="110,120,51,103,97,74,63,72,133,31,20,126,23" hai1="37,106,86,121,15,91,22,94,93,8,29,62,13" hai2="18,48,95,122,32,33,115,24,123,88,82,130,36" hai3="59,127,117,131,39,30,68,64,119,42,124,7,54"/><T6/><D120/><U46/><E106/><V77/><F36/><W45/><G7/><T17/><D126/><N who="3" m="48169" /><G131/><T1/><D133/><U129/><E121/><V66/><F130/><W128/><G128/><T10/><D110/><U132/><E129/><V98/><F115/><W109/><G109/><T53/><D63/><U114/><E132/><V11/><F66/><W61/><G30/><T108/><D108/><U12/><E114/><V47/><F32/><W56/><G56/><T116/><D116/><U107/><E107/><V21/><F33/><W80/><G80/><T3/><D3/><U0/><E0/><V44/><F11/><W79/><G79/><T14/><D23/><U70/><E8/><V58/><F58/><W2/><G2/><T85/><D85/><U81/><E70/><V57/><F57/><W99/><G99/><T38/><D31/><U65/><E65/><V34/><F44/><W102/><G102/><T101/><D38/><U113/><E113/><V16/><F34/><W4/><G4/><T76/><D76/><U52/><E37/><V135/><F135/><W78/><G78/><T50/><D103/><U67/><E67/><V69/><F69/><W9/><G9/><T92/><D51/><AGARI ba="1,2" hai="39,42,45,51,54,59,61,64,68,117,119" m="48169" machi="51" ten="30,7700,0" yaku="24,1,18,1,34,2" doraHai="25" who="3" fromWho="0" sc="248,-80,73,0,302,0,357,100" /><INIT seed="5,0,0,0,1,20" ten="168,73,302,457" oya="1" hai0="59,32,44,116,48,120,68,41,132,36,86,9,66" hai1="76,74,117,100,35,104,106,73,56,85,109,65,80" hai2="112,121,70,118,2,105,83,123,84,130,114,75,103" hai3="98,42,31,92,39,16,115,93,47,131,43,64,90"/><U1/><E1/><V21/><F70/><W46/><G64/><T12/><D116/><U78/><E35/><V50/><F2/><W4/><G4/><T91/><D132/><U25/><E117/><V67/><F67/><W87/><G31/><T126/><D32/><U124/><E65/><V79/><F50/><W94/><G115/><T107/><D107/><N who="1" m="41003" /><E56/><V119/><F21/><W129/><G98/><T23/><D120/><N who="2" m="46154" /><F130/><N who="3" m="49675" /><G16/><T18/><D68/><U55/><E55/><V33/><F33/><W81/><G94/><T26/><D66/><U128/><E25/><V52/><F52/><W71/><G71/><T53/><D126/><U58/><E58/><V113/><F75/><N who="1" m="28681" /><E128/><V19/><F19/><W6/><G6/><T134/><D134/><U127/><E109/><V77/><F77/><N who="1" m="29801" /><E100/><V3/><F3/><W8/><G8/><T45/><D45/><U110/><E110/><V27/><F27/><W60/><G60/><T24/><D9/><U37/><E37/><AGARI ba="0,0" hai="37,39,42,43,46,47,81,87,90,92,93" m="49675" machi="37" ten="30,1000,0" yaku="19,1" doraHai="20" who="3" fromWho="1" sc="168,0,73,-10,302,0,457,10" /><INIT seed="6,0,0,1,3,33" ten="168,63,302,467" oya="2" hai0="123,53,101,118,28,129,63,60,128,1,19,5,45" hai1="88,116,9,25,34,76,0,4,99,17,51,126,115" hai2="38,78,121,52,14,127,75,23,130,113,92,98,110" hai3="105,67,81,77,96,72,64,59,83,66,134,90,70"/><V47/><F121/><W8/><G70/><T10/><D123/><U71/><E116/><V21/><F110/><W133/><G8/><T111/><D118/><U40/><E71/><V12/><F113/><W97/><G105/><T54/><D111/><U49/><E115/><V73/><F38/><W104/><G104/><T6/><D28/><U3/><E76/><V32/><F32/><W18/><G18/><T65/><D101/><U50/><E126/><V117/><F117/><W103/><G103/><T108/><D108/><U11/><E40/><V69/><F69/><W43/><G43/><T13/><D60/><U122/><E122/><V7/><F130/><N who="0" m="50282" /><D45/><U26/><E34/><V44/><F7/><N who="0" m="2570" /><D1/><U86/><E99/><V95/><F98/><W125/><G125/><T124/><D124/><U42/><E42/><V22/><F22/><W20/><G20/><T131/><D131/><U30/><E0/><V29/><F29/><W46/><G46/><T74/><D74/><U36/><E36/><V62/><F62/><W58/><G58/><AGARI ba="0,0" hai="10,13,19,53,54,58,63,65" m="2570,50282" machi="58" ten="30,1000,0" yaku="19,1" doraHai="33" who="0" fromWho="3" sc="168,10,63,0,302,0,467,-10" /><INIT seed="7,0,0,5,1,23" ten="178,63,302,457" oya="3" hai0="34,70,118,126,18,127,111,71,38,49,13,9,125" hai1="48,107,42,66,39,132,8,52,2,101,112,35,24" hai2="80,56,22,60,82,74,115,16,75,110,31,128,102" hai3="53,93,122,90,98,25,131,117,64,65,109,21,81"/><W106/><G122/><T17/><D118/><U116/><E116/><V87/><F80/><W92/><G106/><T119/><D38/><U43/><E112/><V55/><F31/><W5/><G5/><T40/><D119/><U14/><E2/><V63/><F110/><W134/><G117/><T6/><D34/><U50/><E39/><V46/><F128/><W26/><G134/><T78/><D78/><U84/><E132/><V4/><F4/><W1/><G1/><T0/><D111/><U45/><E66/><V77/><F115/><W3/><G3/><T95/><D95/><U72/><E72/><V15/><F102/><W73/><G131/><T120/><D120/><U68/><E68/><N who="0" m="26153" /><D0/><U28/><E84/><V130/><F130/><W83/><G73/><T59/><D59/><U54/><E101/><V47/><F74/><W20/><G109/><T29/><D29/><U123/><E107/><V76/><F75/><W88/><G53/><T121/><D121/><U99/><E99/><AGARI ba="0,0" hai="20,21,25,26,64,65,81,83,88,90,92,93,98,99" machi="99" ten="25,18000,2" yaku="22,2,8,1,52,2,54,1" doraHai="23" who="3" fromWho="1" sc="178,0,63,-180,302,0,457,180" owari="178,-22.0,-117,-62.0,302,10.0,637,74.0" /></mjloggm>