<mjloggm ver="2.3"><GO type="169" lobby="0"/><UN n0="%E6%B0%B4%E5%93%89%E3%81%AE%E3%83%AC%E3%82%B8%E3%82%A7%E3%83%B3%E3%83%89" n1="%E5%B0%B1%E6%B4%BB%E7%94%9F%40%E5%B7%9D%E6%9D%91%E8%BB%8D%E5%9B%A3" n2="%48%6F%6F%6F%6F%6F%6F%69" n3="%E3%81%8B%E3%81%AE%E3%82%93%E2%99%AA" dan="16,18,16,17" rate="2086.41,2237.27,2159.76,2145.42" sx="M,M,M,F"/><TAIKYOKU oya="0"/><INIT seed="0,0,0,1,0,25" ten="250,250,250,250" oya="0" hai0="106,120,85,2,8,55,132,77,125,73,135,104,128" hai1="133,122,26,93,35,53,59,11,44,32,54,78,48" hai2="39,66,51,6,17,74,71,57,86,75,118,14,15" hai3="1,0,129,127,76,56,112,24,13,116,45,98,49"/><T12/><D2/><U21/><E122/><V40/><F118/><W134/><G112/><T50/><D73/><U119/><E119/><V41/><F6/><W29/><G116/><T83/><D120/><U16/><E133/><N who="0" m="51273" /><D128/><U3/><E78/><V100/><F100/><W123/><G123/><T101/><D101/><U89/><E11/><V95/><F71/><W92/><G134/><T19/><D125/><U60/><REACH who="1" step="1"/><E3/><REACH who="1" ten="250,240,250,250" step="2"/><V124/><F124/><W30/><G127/><T42/><D42/><U79/><E79/><V90/><F41/><W109/><G76/><T5/><D5/><U4/><E4/><V88/><F40/><W110/><G129/><T65/><D65/><U108/><E108/><V130/><F66/><W22/><G109/><T36/><D36/><U67/><E67/><V64/><F39/><W23/><G110/><T113/><D113/><U68/><E68/><V80/><F64/><W82/><G0/><T115/><D115/><U103/><E103/><V114/><F130/><W70/><G1/><T27/><D27/><U117/><E117/><V91/><F114/><W87/><G70/><T72/><D72/><U69/><E69/><V7/><F7/><W99/><G24/><T37/><D37/><U46/><E46/><AGARI ba="0,1" hai="8,12,19,46,50,55,77,83,85,104,106" m="51273" machi="46" ten="30,1500,0" yaku="20,1" doraHai="25" who="0" fromWho="1" sc="250,25,240,-15,250,0,250,0" /><INIT seed="0,1,0,4,5,91" ten="275,225,250,250" oya="0" hai0="82,125,9,101,17,116,90,29,69,109,5,20,84" hai1="61,100,95,105,80,74,31,67,88,58,39,79,47" hai2="55,64,86,11,30,24,126,92,34,35,103,33,83" hai3="38,15,102,4,132,65,7,14,93,72,99,111,41"/><T62/><D116/><U123/><E123/><V26/><F126/><W118/><G118/><T71/><D125/><U21/><E39/><V114/><F114/><W42/><G72/><T85/><D29/><U50/><E105/><V51/><F64/><W54/><G132/><T45/><D101/><U49/><E100/><V27/><F11/><W36/><G65/><T134/><D134/><U37/><E37/><V75/><F75/><W122/><G111/><T28/><D28/><U44/><E44/><V1/><F1/><W60/><G38/><T66/><D109/><U59/><E59/><V112/><F112/><W98/><G98/><T107/><D107/><U63/><E63/><V108/><F108/><W8/><G36/><T73/><D73/><U12/><E47/><V121/><F121/><W124/><G124/><T94/><D45/><U68/><E68/><V89/><F103/><W76/><G76/><T46/><D46/><U127/><E127/><V18/><F18/><W70/><G70/><T2/><D71/><U81/><E81/><V6/><F6/><W120/><G120/><T53/><D53/><U115/><E115/><V96/><F55/><W40/><G122/><T22/><REACH who="0" step="1"/><D17/><REACH who="0" ten="265,225,250,250" step="2"/><U110/><E110/><V87/><F30/><W25/><G54/><T104/><D104/><U77/><E31/><V119/><F119/><W133/><G133/><T131/><D131/><U128/><E128/><V32/><F32/><W106/><G106/><T19/><D19/><N who="1" m="10471" /><E77/><AGARI ba="1,1" hai="2,5,9,20,22,62,66,69,77,82,84,85,90,94" machi="77" ten="30,5800,0" yaku="1,1,7,1,52,1,53,0" doraHai="91" doraHaiUra="130" who="0" fromWho="1" sc="265,71,225,-61,250,0,250,0" /><INIT seed="0,2,0,5,4,127" ten="336,164,250,250" oya="0" hai0="12,73,132,2,95,130,89,106,91,102,90,16,45" hai1="120,80,53,88,71,10,66,61,121,108,109,116,79" hai2="119,32,52,49,19,103,77,122,114,17,113,36,13" hai3="25,1,131,31,78,70,20,107,9,100,118,41,48"/><T133/><D2/><U111/><E116/><V126/><F122/><W67/><G118/><T87/><D130/><U134/><E134/><N who="0" m="51817" /><D73/><U62/><E10/><V14/><F119/><W82/><G107/><T0/><D0/><U105/><BYE who="0" /><E105/><V124/><F36/><W135/><G100/><T28/><D28/><U18/><E18/><N who="2" m="6667" /><F32/><W123/><G131/><T115/><D115/><U29/><E29/><V99/><F77/><W76/><G135/><T44/><D44/><U96/><E62/><V33/><F33/><W51/><G123/><T98/><D98/><U37/><E37/><V23/><F23/><W27/><G27/><T34/><D34/><U125/><E125/><N who="2" m="48235" /><F13/><W63/><G76/><T64/><D64/><U55/><E120/><V35/><F14/><W92/><G41/><T110/><D110/><U60/><E60/><V74/><F74/><W4/><REACH who="3" step="1"/><G92/><REACH who="3" ten="336,164,250,240" step="2"/><T38/><D38/><U5/><E121/><V117/><F117/><W42/><G42/><T43/><D43/><U46/><E109/><V93/><F35/><W69/><G69/><T22/><D22/><U21/><E21/><V75/><F114/><W68/><G68/><T112/><D112/><U57/><E111/><UN n0="%E6%B0%B4%E5%93%89%E3%81%AE%E3%83%AC%E3%82%B8%E3%82%A7%E3%83%B3%E3%83%89" /><V86/><F113/><W85/><AGARI ba="2,1" hai="1,4,9,20,25,31,48,51,63,67,70,78,82,85" machi="85" ten="20,2700,0" yaku="1,1,0,1,7,1,53,0" doraHai="127" doraHaiUra="8" who="3" fromWho="3" sc="336,-15,164,-9,250,-9,240,43" /><INIT seed="1,0,0,4,1,51" ten="321,155,241,283" oya="1" hai0="112,26,38,96,65,56,92,116,40,62,79,9,119" hai1="22,8,118,110,135,86,28,17,48,127,37,77,121" hai2="80,111,102,42,14,10,6,94,82,52,117,4,61" hai3="73,99,88,33,23,76,100,106,72,39,70,5,98"/><U69/><E37/><V67/><F117/><W54/><G33/><T58/><D112/><U16/><E69/><V120/><F120/><W107/><G70/><T124/><D124/><U89/><BYE who="0" /><E118/><V104/><F42/><W47/><G5/><T128/><D128/><U11/><E121/><V30/><F104/><W41/><G76/><T71/><D71/><U15/><E127/><V32/><F67/><W81/><G23/><T46/><D46/><U24/><E135/><V131/><F111/><W20/><G20/><T27/><D27/><U75/><E110/><V68/><F68/><W78/><G72/><UN n0="%E6%B0%B4%E5%93%89%E3%81%AE%E3%83%AC%E3%82%B8%E3%82%A7%E3%83%B3%E3%83%89" /><T93/><D79/><U13/><E75/><V84/><F30/><W103/><G88/><T57/><D40/><U1/><E1/><V74/><F32/><W122/><G54/><T44/><D44/><U109/><E109/><V91/><F74/><W105/><G105/><T130/><D38/><U21/><E48/><V34/><F34/><W59/><G59/><T63/><D56/><U83/><REACH who="1" step="1"/><E22/><REACH who="1" ten="321,145,241,283" step="2"/><V101/><F131/><W97/><G97/><T66/><D130/><U53/><E53/><V49/><F52/><W36/><G36/><T114/><D116/><U25/><E25/><V29/><F49/><W60/><G60/><T2/><D2/><U35/><BYE who="0" /><E35/><V12/><F61/><W55/><G55/><T115/><D115/><U0/><E0/><V123/><F123/><AGARI ba="0,1" hai="39,41,47,73,78,81,98,99,100,103,106,107,122,123" machi="123" ten="40,5200,0" yaku="9,1,23,2" doraHai="51" who="3" fromWho="2" sc="321,0,145,0,241,-52,283,62" /><INIT seed="2,0,0,0,2,59" ten="321,145,189,345" oya="2" hai0="71,122,112,119,5,7,55,57,29,110,60,52,26" hai1="18,69,4,19,90,114,13,66,86,94,63,135,102" hai2="84,30,70,124,65,58,31,89,108,116,105,104,99" hai3="50,131,125,93,28,25,103,56,79,0,46,78,51"/><V39/><F116/><W109/><G0/><T15/><D15/><U134/><E114/><V73/><F73/><W45/><G109/><T117/><D117/><U48/><E102/><V2/><F2/><W120/><G120/><T106/><D106/><U37/><E37/><UN n0="%E6%B0%B4%E5%93%89%E3%81%AE%E3%83%AC%E3%82%B8%E3%82%A7%E3%83%B3%E3%83%89" /><V100/><F105/><W72/><G125/><T133/><D119/><U11/><REACH who="1" step="1"/><E48/><REACH who="1" ten="321,135,189,345" step="2"/><V41/><F124/><W98/><G51/><T80/><D112/><U115/><E115/><V24/><F108/><W121/><G121/><T20/><D122/><U132/><AGARI ba="0,1" hai="4,11,13,18,19,63,66,69,86,90,94,132,134,135" machi="132" ten="30,7900,0" yaku="1,1,0,1,20,1,52,1,53,0" doraHai="59" doraHaiUra="27" who="1" fromWho="1" sc="321,-20,135,89,189,-39,345,-20" /><INIT seed="3,0,0,0,2,102" ten="301,224,150,325" oya="3" hai0="87,15,44,133,75,57,49,8,17,124,23,50,109" hai1="38,45,34,100,101,16,131,110,81,9,116,29,7" hai2="19,132,56,121,77,62,103,128,30,115,105,14,5" hai3="112,106,68,127,36,33,130,3,120,31,88,35,118"/><W53/><RYUUKYOKU type="yao9" ba="0,0" sc="301,0,224,0,150,0,325,0" hai3="3,31,33,35,36,53,68,88,106,112,118,120,127,130" /><INIT seed="3,1,0,1,2,13" ten="301,224,150,325" oya="3" hai0="52,16,53,19,100,102,122,18,97,99,105,50,96" hai1="57,110,93,30,45,71,109,25,59,88,72,103,42" hai2="14,17,115,54,108,75,133,112,91,84,8,36,121" hai3="35,1,51,68,107,119,116,87,20,118,76,79,85"/><W135/><G35/><T117/><D117/><U38/><E71/><V82/><F108/><N who="1" m="41577" /><E103/><N who="0" m="39465" /><D105/><U49/><E72/><V78/><F133/><W43/><G68/><T60/><D122/><U98/><E38/><V28/><F121/><W31/><G1/><T46/><D60/><U9/><E9/><V120/><F120/><W23/><G107/><T128/><D128/><U39/><E39/><V80/><F36/><W83/><G135/><T3/><D3/><U123/><E123/><V12/><F28/><W15/><G31/><T62/><D62/><U6/><E6/><V44/><REACH who="2" step="1"/><F14/><REACH who="2" ten="301,224,140,325" step="2"/><W2/><G15/><T26/><D53/><U37/><E37/><V101/><F101/><W95/><G2/><T34/><D34/><AGARI ba="1,1" hai="25,30,34,42,45,49,57,59,88,93,98" m="41577" machi="34" ten="30,2000,0" yaku="14,1,54,1" doraHai="13" who="1" fromWho="0" sc="301,-23,224,33,140,0,325,0" /><INIT seed="4,0,0,3,4,75" ten="278,257,140,325" oya="0" hai0="77,0,106,58,79,101,95,28,91,22,49,133,61" hai1="69,16,51,53,127,21,54,47,17,39,108,34,63" hai2="3,129,128,74,113,33,132,72,90,18,6,37,26" hai3="15,103,120,8,117,121,70,56,9,65,12,67,88"/><T62/><D0/><U24/><E108/><V38/><F113/><W41/><G70/><T109/><D109/><U60/><BYE who="0" /><E127/><V135/><F90/><W31/><G117/><T89/><D89/><U107/><E107/><V122/><F18/><W48/><G103/><T11/><D11/><N who="3" m="4169" /><G31/><T102/><D102/><U125/><E125/><V2/><F6/><W29/><G29/><T105/><D105/><U118/><E118/><V111/><F26/><W78/><G78/><T46/><D46/><U126/><E39/><N who="2" m="14859" /><F111/><W1/><G1/><N who="2" m="9" /><F33/><UN n0="%E6%B0%B4%E5%93%89%E3%81%AE%E3%83%AC%E3%82%B8%E3%82%A7%E3%83%B3%E3%83%89" /><W124/><G124/><T81/><D101/><U100/><E34/><V97/><F97/><W19/><G88/><T64/><D91/><U44/><E100/><V130/><F122/><N who="3" m="47211" /><G19/><T112/><D28/><U43/><E126/><V5/><F5/><W30/><G30/><T96/><D96/><U52/><E69/><V131/><F131/><W40/><G48/><T85/><D49/><N who="1" m="26783" /><E17/><V66/><F66/><N who="3" m="25099" /><G56/><T110/><D58/><U94/><E94/><V57/><F57/><W73/><G73/><AGARI ba="0,0" hai="72,73,74,128,129,130,132,135" m="9,14859" machi="73" ten="50,12000,2" yaku="28,2,26,2,19,1,31,2" doraHai="75" who="2" fromWho="3" sc="278,0,257,0,140,120,325,-120" /><INIT seed="5,0,0,2,5,127" ten="278,257,260,205" oya="1" hai0="72,135,124,97,108,100,81,29,111,131,61,84,106" hai1="18,105,2,7,71,35,87,30,110,82,75,120,62" hai2="79,102,11,55,38,56,69,85,12,34,78,20,109" hai3="128,93,33,28,39,0,42,21,51,52,36,91,70"/><U112/><E120/><V3/><F34/><W65/><G33/><T116/><D29/><U48/><E112/><V5/><F69/><W74/><G0/><T76/><D61/><U57/><E105/><V114/><F109/><W104/><G104/><T24/><D24/><U22/><E75/><V89/><F38/><W54/><G74/><T118/><D124/><U88/><E71/><V90/><F102/><W132/><G132/><T15/><D15/><U60/><E110/><N who="0" m="42025" /><D135/><U66/><E35/><V68/><F68/><W49/><G28/><T125/><D125/><U122/><E122/><V27/><F114/><W83/><G83/><N who="0" m="45447" /><D131/><U121/><E121/><V59/><F3/><W119/><G128/><T92/><D92/><U43/><E30/><N who="2" m="17767" /><F90/><AGARI ba="0,0" hai="81,84,90,97,100,106,116,118" m="45447,42025" machi="90" ten="30,2000,0" yaku="34,2" doraHai="127" who="0" fromWho="2" sc="278,20,257,0,260,-20,205,0" /><INIT seed="6,0,0,2,5,123" ten="298,257,240,205" oya="2" hai0="108,63,50,93,73,57,16,7,65,37,48,22,43" hai1="109,42,79,113,60,94,88,11,21,26,15,28,31" hai2="69,51,106,34,18,87,76,96,45,97,68,75,103" hai3="3,49,117,56,53,67,52,14,130,133,90,121,8"/><V132/><F132/><W115/><G117/><T25/><D108/><U77/><E109/><V102/><F75/><W91/><G121/><T80/><D7/><U72/><E72/><V23/><F34/><W129/><G133/><T98/><D37/><U13/><E113/><V20/><F87/><W10/><G3/><T59/><D43/><U29/><E42/><V70/><F76/><N who="1" m="29257" /><E60/><V46/><F51/><W24/><G24/><T107/><D107/><U119/><E119/><V125/><F125/><W82/><G67/><T128/><D128/><N who="3" m="49257" /><G82/><T64/><D80/><U71/><E71/><V0/><F0/><W131/><N who="3" m="49265" /><W83/><DORA hai="1" /><G83/><T122/><D73/><U61/><E61/><V54/><F54/><W134/><G115/><T17/><D122/><U27/><E27/><V92/><REACH who="2" step="1"/><F23/><REACH who="2" ten="298,257,230,205" step="2"/><W40/><G10/><T127/><D127/><U85/><E11/><V86/><F86/><W99/><G99/><T126/><D126/><U124/><E124/><V9/><F9/><W47/><G53/><N who="0" m="31927" /><D48/><U30/><AGARI ba="0,1" hai="13,15,21,26,28,29,30,31,85,88,94" m="29257" machi="30" ten="30,2000,0" yaku="8,1,54,1" doraHai="123,1" who="1" fromWho="1" sc="298,-5,257,30,230,-10,205,-5" /><INIT seed="7,0,0,5,5,43" ten="293,287,220,200" oya="3" hai0="26,30,7,23,8,29,11,50,55,124,127,24,106" hai1="100,79,45,88,99,94,129,36,25,9,117,112,44" hai2="74,78,130,128,22,123,64,122,113,73,110,56,95" hai3="103,76,134,58,33,16,47,75,48,101,120,105,125"/><W85/><G75/><N who="2" m="28681" /><F78/><W121/><G33/><T61/><D106/><U69/><E36/><V38/><F110/><W93/><G125/><N who="0" m="48203" /><D61/><U135/><E69/><V6/><F38/><W59/><G134/><T4/><D8/><U92/><E135/><V102/><F6/><N who="0" m="2090" /><D11/><U1/><E1/><V84/><F113/><W12/><G105/><T91/><D91/><U35/><E112/><V70/><F70/><W57/><G120/><T87/><D87/><U3/><E3/><V31/><F84/><W132/><G132/><T107/><D107/><U68/><E68/><V52/><F122/><W108/><G108/><T72/><D72/><U54/><E35/><V90/><F90/><N who="3" m="53455" /><G121/><T81/><D81/><U82/><E25/><N who="0" m="9833" /><D23/><U19/><E117/><V60/><F123/><W98/><G76/><T18/><D18/><U116/><E116/><V66/><F22/><N who="3" m="11527" /><G98/><T32/><D32/><U40/><E79/><V0/><F0/><W46/><G48/><T62/><D62/><U51/><E82/><V2/><F2/><W63/><G63/><T41/><D30/><U15/><E94/><V118/><F31/><W131/><G131/><N who="2" m="50217" /><F118/><W89/><G89/><T53/><D29/><U39/><E129/><V71/><F71/><W10/><G10/><T126/><D126/><U5/><E5/><V67/><F95/><W111/><G111/><T80/><D80/><U133/><E133/><V86/><F86/><W83/><G83/><T49/><D49/><U96/><E96/><V77/><F77/><W20/><G20/><T42/><D50/><N who="1" m="28999" /><E39/><V65/><N who="2" m="16384" /><DORA hai="109" /><V27/><F102/><AGARI ba="0,0" hai="46,47,57,58,59,101,102,103" m="11527,53455" machi="102" ten="30,12000,1" yaku="6,1,8,1,52,2,54,1" doraHai="43,109" who="3" fromWho="2" sc="293,0,287,0,220,-120,200,120" /><AGARI ba="0,0" hai="9,15,19,40,45,51,88,92,99,100,102" m="28999" machi="102" ten="30,8000,1" yaku="6,1,8,1,52,2,54,1" doraHai="43,109" who="1" fromWho="2" sc="293,0,287,80,100,-80,320,0" /><INIT seed="7,1,0,1,2,99" ten="293,367,20,320" oya="3" hai0="104,89,100,41,29,45,6,131,115,25,122,26,68" hai1="43,91,80,31,1,18,28,77,19,75,113,10,35" hai2="103,2,49,13,74,78,133,47,127,97,51,129,8" hai3="64,118,44,27,53,105,23,62,92,72,12,93,96"/><W7/><G118/><T21/><D122/><U32/><E113/><V5/><F127/><W107/><G72/><T24/><D115/><U87/><E43/><V109/><F109/><W34/><G34/><T85/><D68/><U90/><E90/><V55/><F133/><W86/><G92/><T30/><D131/><U102/><E102/><V116/><F116/><W15/><G86/><T94/><D6/><U117/><E117/><V65/><F129/><W128/><G128/><T11/><D11/><U119/><E119/><V125/><F125/><W84/><G84/><T81/><D104/><U70/><E70/><V108/><F108/><W39/><G105/><T126/><D126/><U52/><E19/><V110/><F110/><W66/><G107/><T111/><D111/><U63/><E31/><V37/><F65/><N who="3" m="25195" /><G39/><T67/><D67/><U57/><E28/><V14/><F49/><N who="3" m="28839" /><G62/><T76/><D100/><U112/><E112/><V73/><F73/><W48/><G7/><T22/><D26/><U95/><REACH who="1" step="1"/><E18/><REACH who="1" ten="293,357,20,320" step="2"/><V60/><F37/><W54/><G96/><T135/><D135/><U82/><E82/><V56/><F78/><W71/><G93/><T0/><D0/><U134/><E134/><V17/><F17/><N who="3" m="12783" /><G71/><T9/><D9/><U42/><E42/><V46/><F74/><W3/><G3/><T106/><D106/><U50/><E50/><V124/><F124/><W114/><G114/><T58/><D76/><U16/><E16/><V36/><F36/><W59/><AGARI ba="1,1" hai="12,15,48,54,59" m="12783,28839,25195" machi="59" ten="30,1500,0" yaku="8,1" doraHai="99" who="3" fromWho="3" sc="293,-6,357,-6,20,-6,320,28" /><INIT seed="7,2,0,2,0,134" ten="287,351,14,348" oya="3" hai0="23,60,127,99,113,15,55,81,21,5,29,62,131" hai1="93,33,0,74,103,31,104,76,88,77,25,132,129" hai2="123,85,98,28,122,128,63,130,114,97,109,35,32" hai3="36,53,94,90,8,27,116,46,48,89,135,44,34"/><W38/><G116/><T69/><D131/><N who="2" m="50218" /><F28/><W58/><G135/><T68/><D113/><U70/><E129/><V80/><F63/><W79/><G79/><T65/><D81/><U83/><E132/><V66/><F66/><W56/><G38/><T119/><D119/><U105/><E0/><V82/><F35/><W47/><G36/><T42/><D42/><U57/><E77/><V40/><F40/><W13/><G34/><T52/><D99/><N who="2" m="37898" /><F32/><W112/><G112/><T100/><D29/><U71/><E57/><N who="3" m="22122" /><G94/><T124/><D5/><U111/><E111/><V126/><F114/><W50/><G27/><T96/><D15/><U12/><E12/><V17/><F17/><N who="3" m="8359" /><G47/><T118/><D118/><U117/><E117/><V6/><F6/><W125/><G125/><N who="0" m="48203" /><D69/><U45/><E45/><V41/><F126/><W49/><G49/><T4/><D4/><U95/><E71/><V87/><F41/><AGARI ba="2,0" hai="41,44,46,48,50,53,89,90" m="8359,22122" machi="41" ten="30,1500,0" yaku="8,1" doraHai="134" who="3" fromWho="2" sc="287,0,351,0,14,-21,348,21" owari="287,-11.0,351,15.0,-7,-51.0,369,47.0" /></mjloggm>