<mjloggm ver="2.3"><GO type="169" lobby="0"/><UN n0="%E9%9B%80%E5%A3%AB%E3%81%AC%E3%82%8B%E3%82%8A%E3%82%93" n1="%E3%83%97%E3%83%AC%E3%82%B9%E3%83%97" n2="%E3%83%9E%E3%83%A1%E3%83%9D%E3%82%B3" n3="%E3%83%88%E3%83%88%E3%83%AA%E5%85%88%E7%94%9F%31%39%E6%AD%B3" dan="16,16,16,18" rate="2123.40,2050.49,2064.65,2259.69" sx="M,M,M,F"/><TAIKYOKU oya="0"/><INIT seed="0,0,0,5,2,60" ten="250,250,250,250" oya="0" hai0="75,126,13,4,25,111,116,43,36,29,12,98,108" hai1="90,73,61,1,56,67,71,120,99,19,78,81,17" hai2="74,96,63,15,7,53,27,22,38,3,103,86,107" hai3="102,92,5,123,134,130,10,58,41,125,46,21,135"/><T52/><D116/><U87/><E120/><V6/><F74/><W115/><G115/><T57/><D75/><U30/><E1/><V2/><F38/><W37/><G123/><T88/><D126/><U64/><E30/><V119/><F86/><W91/><G125/><T42/><D36/><U28/><E28/><V129/><F119/><W93/><G130/><T128/><D128/><U14/><E99/><V65/><F53/><W49/><G21/><T59/><D59/><U34/><E34/><V54/><F54/><N who="3" m="32079" /><G91/><T133/><D133/><N who="3" m="50697" /><G102/><T97/><D97/><U114/><E114/><V44/><F129/><W62/><G62/><T8/><D13/><AGARI ba="0,0" hai="5,10,13,37,41,46,92,93" m="50697,32079" machi="13" ten="30,1000,0" yaku="20,1" doraHai="60" who="3" fromWho="0" sc="250,-10,250,0,250,0,250,10" /><INIT seed="1,0,0,5,0,58" ten="240,250,250,260" oya="1" hai0="74,50,117,92,8,115,56,20,61,101,15,106,3" hai1="72,84,18,132,90,28,114,79,36,128,65,4,125" hai2="123,49,51,89,60,6,27,116,110,23,91,67,54" hai3="73,108,26,83,55,105,59,31,43,127,111,124,126"/><U53/><E114/><V82/><F123/><W68/><G105/><T35/><D35/><U109/><E36/><V7/><F116/><W95/><G68/><T80/><D106/><U48/><E4/><N who="2" m="1579" /><F110/><N who="3" m="42027" /><G43/><T44/><D3/><U16/><E109/><V131/><F131/><W97/><G83/><T11/><D115/><U33/><E128/><V135/><F135/><W30/><G26/><T107/><D107/><U40/><E132/><V99/><F67/><W47/><G47/><T2/><D80/><U86/><E72/><V77/><F77/><W104/><G104/><T70/><D70/><U62/><E40/><V103/><F103/><N who="3" m="60863" /><G73/><T17/><D2/><U113/><E113/><V5/><F5/><W121/><G121/><T134/><D117/><U64/><E64/><V63/><F82/><W85/><G85/><T102/><D74/><U38/><E79/><V12/><F12/><W96/><G96/><N who="0" m="59527" /><D102/><U119/><E119/><V10/><F10/><W76/><G76/><T112/><D112/><U25/><E84/><V24/><F99/><W66/><G66/><N who="0" m="39207" /><D134/><U94/><E38/><V133/><F133/><W129/><G129/><T39/><D39/><U37/><E37/><V29/><F91/><W19/><G127/><T100/><D100/><U41/><E125/><V88/><F89/><W122/><G122/><T87/><D87/><U34/><E41/><AGARI ba="0,0" hai="8,11,15,17,20,41,44,50" m="39207,59527" machi="41" ten="30,2000,0" yaku="8,1,52,1" doraHai="58" who="0" fromWho="1" sc="240,20,250,-20,250,0,260,0" /><INIT seed="2,0,0,3,1,134" ten="260,230,250,260" oya="2" hai0="34,114,11,54,44,57,41,6,51,21,30,118,32" hai1="108,69,25,86,85,59,83,72,76,22,89,73,55" hai2="117,12,135,106,109,47,1,19,87,58,46,0,39" hai3="17,50,93,4,37,119,9,31,67,94,16,10,3"/><V130/><F117/><W27/><G119/><T84/><D114/><U63/><E69/><V70/><F70/><W20/><G37/><T107/><D107/><U121/><E108/><V78/><F106/><W101/><G67/><T82/><D118/><U111/><E111/><V132/><F109/><W60/><G60/><T110/><D110/><U104/><E104/><V81/><F130/><W5/><G50/><T80/><D21/><U28/><REACH who="1" step="1"/><E121/><REACH who="1" ten="260,220,250,260" step="2"/><V129/><F129/><W45/><G45/><T68/><D68/><U26/><E26/><V61/><F47/><W105/><G105/><T99/><D44/><U33/><E33/><V23/><F46/><W91/><G101/><T43/><D34/><U96/><E96/><V75/><F39/><W115/><G115/><T126/><D99/><U88/><E88/><V120/><F120/><W8/><G91/><T24/><D32/><U14/><E14/><V122/><F122/><W90/><G90/><T2/><D43/><U92/><AGARI ba="0,1" hai="22,25,28,55,59,63,72,73,76,83,85,86,89,92" machi="92" ten="20,2700,0" yaku="1,1,0,1,7,1,53,0" doraHai="134" doraHaiUra="128" who="1" fromWho="1" sc="260,-7,220,37,250,-13,260,-7" /><INIT seed="3,0,0,1,1,3" ten="253,257,237,253" oya="3" hai0="122,6,120,85,57,33,38,10,36,133,58,118,61" hai1="60,2,83,89,50,74,42,102,31,53,59,55,35" hai2="116,109,97,84,18,27,112,107,72,66,48,110,44" hai3="0,77,80,28,17,64,90,23,68,47,91,127,40"/><W29/><G127/><T126/><D118/><U103/><E42/><V19/><F72/><W51/><G0/><T37/><D33/><U135/><E135/><V41/><F116/><W124/><G124/><T121/><D126/><U105/><E105/><V22/><F112/><W49/><G68/><T111/><D133/><U34/><E2/><V123/><F123/><W8/><G64/><T93/><D111/><N who="2" m="42506" /><F66/><W82/><G49/><T92/><D85/><U12/><E35/><V113/><F113/><W46/><G46/><T13/><REACH who="0" step="1"/><D58/><REACH who="0" ten="243,257,237,253" step="2"/><U56/><E74/><V125/><F84/><N who="3" m="48143" /><G82/><T88/><D88/><N who="3" m="33833" /><G8/><T71/><D71/><U26/><E83/><V30/><F125/><W7/><G7/><T67/><AGARI ba="0,1" hai="6,10,13,36,37,38,57,61,67,92,93,120,121,122" machi="67" ten="40,8000,1" yaku="1,1,0,1,52,1,53,1" doraHai="3" doraHaiUra="9" who="0" fromWho="0" sc="243,90,257,-20,237,-20,253,-40" /><INIT seed="4,0,0,2,5,135" ten="333,237,217,213" oya="0" hai0="104,79,6,77,61,23,109,92,47,84,14,99,95" hai1="56,11,119,94,118,57,53,123,114,26,62,82,69" hai2="126,128,27,24,49,120,48,70,124,30,108,89,39" hai3="93,37,65,116,80,32,17,76,105,134,42,117,74"/><T125/><D104/><U73/><E123/><V132/><F120/><W36/><G105/><T9/><D109/><U96/><E69/><V111/><F70/><W25/><G134/><T8/><D23/><U33/><E114/><V112/><F132/><W130/><G130/><T31/><D31/><U3/><E73/><V83/><F39/><W10/><G65/><T35/><D35/><U0/><E82/><V133/><F133/><W121/><G121/><T18/><D61/><U102/><E3/><V52/><F128/><W90/><G32/><T103/><D47/><U44/><E44/><V20/><F112/><W85/><G42/><T16/><D125/><N who="2" m="48234" /><F27/><W106/><G106/><T81/><D92/><U38/><E38/><V64/><F64/><W131/><G131/><T46/><D79/><U41/><E26/><V34/><F34/><W21/><G36/><T100/><D100/><U1/><E33/><V91/><F49/><W68/><G37/><T40/><D9/><U58/><E11/><V71/><F71/><W107/><G68/><T22/><D22/><U7/><E62/><V12/><F12/><W28/><G107/><T122/><D122/><U59/><E0/><V29/><F29/><W101/><G101/><T129/><D129/><U86/><E1/><V115/><F115/><W45/><G10/><T75/><D75/><U51/><E102/><V98/><F48/><AGARI ba="0,0" hai="6,8,14,16,18,40,46,48,77,81,84,95,99,103" machi="48" ten="30,12000,1" yaku="7,1,25,2,8,1,54,1" doraHai="135" who="0" fromWho="2" sc="333,120,237,0,217,-120,213,0" /><INIT seed="4,1,0,4,2,59" ten="453,237,97,213" oya="0" hai0="36,91,70,128,11,5,37,71,122,0,81,44,42" hai1="13,52,33,130,73,43,31,118,30,39,38,40,15" hai2="110,96,94,89,19,68,126,50,114,101,53,107,61" hai3="119,104,106,115,74,112,72,26,2,47,100,88,54"/><T75/><D128/><U77/><E118/><V131/><F131/><W17/><G119/><T7/><D122/><U121/><E130/><V78/><F114/><N who="3" m="43563" /><G2/><T87/><D36/><U83/><E121/><V133/><F133/><W24/><G100/><T22/><D7/><U82/><E33/><V92/><F126/><W60/><G47/><T51/><D51/><U14/><E77/><V18/><F110/><W4/><G4/><T76/><REACH who="0" step="1"/><D22/><REACH who="0" ten="443,237,97,213" step="2"/><U1/><E39/><V8/><F50/><W55/><G72/><T108/><D108/><U109/><E38/><V6/><F6/><W86/><G74/><T79/><D79/><U124/><E73/><V57/><F78/><W66/><G106/><T41/><D41/><U29/><E109/><V65/><F107/><W27/><G104/><T3/><D3/><U56/><E1/><V117/><F117/><W9/><G9/><T113/><D113/><U46/><E43/><V62/><REACH who="2" step="1"/><F8/><REACH who="2" ten="443,237,87,213" step="2"/><W103/><G17/><T32/><D32/><U129/><E129/><V132/><F132/><W63/><G103/><T125/><D125/><U93/><E124/><V95/><F95/><AGARI ba="1,2" hai="0,5,11,37,42,44,70,71,75,76,81,87,91,95" machi="95" ten="30,11600,0" yaku="1,1,7,1,25,2,53,0" doraHai="59" doraHaiUra="99" who="0" fromWho="2" sc="443,139,237,0,87,-119,213,0" owari="582,68.0,237,4.0,-32,-53.0,213,-19.0" /></mjloggm>