<mjloggm ver="2.3"><GO type="225" lobby="0"/><UN n0="%E8%85%B9%E7%97%9B%E3%81%BD%E3%81%A3%E3%81%8F%E3%82%93" n1="%E9%95%B7%E3%81%84%E5%A4%A2" n2="%E5%B0%B1%E6%B4%BB%E7%94%9F%40%E5%B7%9D%E6%9D%91%E8%BB%8D%E5%9B%A3" n3="%E3%82%A6%E3%83%92%E3%83%A7%E5%8A%A9" dan="17,17,17,17" rate="2213.16,2137.55,2197.58,2176.59" sx="M,M,M,M"/><TAIKYOKU oya="0"/><INIT seed="0,0,0,4,2,48" ten="250,250,250,250" oya="0" hai0="55,123,100,57,87,62,42,97,70,131,15,9,29" hai1="56,54,133,16,125,78,28,11,90,69,3,121,91" hai2="122,92,64,26,37,116,30,34,128,130,14,74,127" hai3="67,99,129,110,79,38,89,107,4,119,40,2,53"/><T76/><D123/><U19/><E121/><V23/><F74/><W17/><G119/><T109/><D131/><N who="2" m="50218" /><F37/><W98/><G129/><T77/><D70/><U36/><E69/><V132/><F122/><W47/><G110/><T95/><D109/><U46/><E133/><V120/><F120/><W82/><G67/><T104/><D29/><U13/><E125/><V10/><F64/><W135/><G135/><T24/><D24/><U115/><E115/><V35/><F92/><W58/><G17/><T0/><D0/><U94/><E3/><V71/><F71/><W41/><G41/><T68/><D68/><U50/><E28/><V134/><F127/><W126/><G126/><T72/><D72/><U5/><E78/><V124/><F124/><W12/><G12/><T111/><D42/><N who="1" m="24919" /><E36/><V49/><F49/><W39/><G39/><T63/><D111/><U33/><E33/><N who="2" m="12299" /><F116/><W96/><G107/><T106/><D63/><N who="1" m="36247" /><E91/><V1/><F1/><W59/><G89/><T101/><D106/><U65/><E65/><V32/><N who="2" m="12307" /><V113/><DORA hai="44" /><F113/><W61/><G99/><AGARI ba="0,0" hai="5,11,13,16,19,90,94,99" m="36247,24919" machi="99" ten="30,7700,0" yaku="8,1,52,2,54,1" doraHai="48,44" who="1" fromWho="3" sc="250,0,250,77,250,0,250,-77" /><INIT seed="1,0,0,1,5,94" ten="250,327,250,173" oya="1" hai0="76,108,67,34,39,85,63,58,5,55,46,22,95" hai1="43,44,111,80,13,62,90,25,54,83,79,70,11" hai2="65,101,113,100,23,21,126,1,120,75,105,35,109" hai3="118,132,47,28,89,104,8,59,102,72,18,123,60"/><U69/><E111/><V133/><RYUUKYOKU type="yao9" ba="0,0" sc="250,0,327,0,250,0,173,0" hai2="1,21,23,35,65,75,100,101,105,109,113,120,126,133" /><INIT seed="1,1,0,3,3,105" ten="250,327,250,173" oya="1" hai0="39,133,82,102,109,15,59,56,77,4,19,68,17" hai1="24,32,48,135,7,75,57,34,71,129,52,130,93" hai2="64,27,134,51,6,36,72,58,97,118,44,49,29" hai3="96,107,43,62,132,127,125,11,90,94,126,16,84"/><U88/><E135/><V55/><F118/><W99/><G43/><T25/><D39/><U66/><E7/><V31/><F72/><W76/><G62/><T33/><D68/><U40/><E40/><V116/><F116/><W46/><G46/><T122/><D133/><U110/><E110/><V83/><F134/><W114/><G114/><T54/><D109/><U10/><E10/><V63/><F36/><W108/><G108/><T115/><D115/><U87/><E75/><V70/><F6/><W5/><G5/><T74/><D122/><U124/><E124/><N who="3" m="31746" /><W86/><DORA hai="60" /><G132/><T89/><D102/><U113/><E113/><V98/><F83/><N who="3" m="47207" /><G16/><T35/><D4/><U30/><REACH who="1" step="1"/><E34/><REACH who="1" ten="250,317,250,173" step="2"/><V28/><F28/><W3/><G11/><T23/><D33/><U20/><E20/><V65/><F31/><W37/><G3/><T22/><D35/><U120/><E120/><V92/><F29/><W69/><G37/><T79/><D22/><U21/><E21/><V73/><F73/><W42/><G42/><T112/><D112/><U106/><E106/><V104/><F104/><W0/><G0/><T1/><D1/><U111/><E111/><V103/><F27/><W81/><G107/><T80/><D74/><U61/><AGARI ba="1,1" hai="24,30,32,48,52,57,61,66,71,87,88,93,129,130" machi="61" ten="30,12000,1" yaku="1,1,0,1,52,1,54,2,53,0" doraHai="105,60" doraHaiUra="131,100" who="1" fromWho="1" sc="250,-41,317,133,250,-41,173,-41" /><INIT seed="1,2,0,1,2,117" ten="209,450,209,132" oya="1" hai0="110,107,99,116,63,104,112,18,61,51,92,32,65" hai1="53,91,45,6,35,37,47,60,20,25,86,24,77" hai2="12,9,72,103,70,28,73,56,27,71,95,54,33" hai3="38,98,135,131,21,48,74,93,118,11,39,29,55"/><U132/><E132/><V4/><F71/><W102/><G118/><T100/><D112/><U76/><E6/><V80/><F70/><W133/><G74/><T49/><D116/><U44/><E37/><V40/><F40/><W108/><G131/><T31/><D110/><U15/><E35/><V69/><F69/><W3/><G108/><T78/><D78/><U128/><E15/><V97/><REACH who="2" step="1"/><F80/><REACH who="2" ten="209,450,199,132" step="2"/><W79/><G38/><T88/><D107/><U105/><E105/><V50/><AGARI ba="2,1" hai="4,9,12,27,28,33,50,54,56,72,73,95,97,103" machi="50" ten="20,5200,0" yaku="1,1,2,1,0,1,7,1,53,0" doraHai="117" doraHaiUra="34" who="2" fromWho="2" sc="209,-15,450,-28,199,68,132,-15" /><INIT seed="2,0,0,3,3,14" ten="194,422,267,117" oya="2" hai0="64,18,95,73,23,110,88,37,56,54,30,0,58" hai1="80,46,133,101,41,34,22,129,39,82,75,21,84" hai2="44,5,78,112,122,87,106,53,115,57,59,36,20" hai3="91,27,52,42,32,61,38,26,8,123,107,66,93"/><V114/><F122/><W70/><G123/><T28/><D0/><U15/><E34/><V62/><F106/><W48/><G107/><T94/><D73/><U119/><E119/><V16/><F5/><W65/><G65/><T109/><D37/><U116/><E116/><V113/><F113/><W126/><G126/><T60/><D95/><U125/><E101/><V51/><F36/><W103/><G103/><T7/><D7/><U49/><E125/><V83/><REACH who="2" step="1"/><F62/><REACH who="2" ten="194,422,257,117" step="2"/><W13/><G38/><T43/><D110/><U68/><E39/><V128/><F128/><W100/><G32/><T1/><D109/><U96/><E129/><V3/><F3/><W124/><G124/><T98/><D1/><U33/><E33/><V102/><F102/><W97/><G100/><T25/><D43/><U24/><E41/><V50/><F50/><AGARI ba="0,1" hai="18,23,25,28,30,50,54,56,58,60,64,88,94,98" machi="50" ten="30,7700,0" yaku="7,1,8,1,52,1,54,1" doraHai="14" who="0" fromWho="2" sc="194,87,422,0,257,-77,117,0" /><INIT seed="3,0,0,1,2,3" ten="281,422,180,117" oya="3" hai0="50,101,81,25,33,34,109,48,115,65,87,96,114" hai1="46,110,2,21,38,112,111,32,104,102,23,60,9" hai2="122,71,116,77,131,127,29,118,66,80,70,17,79" hai3="5,1,11,113,47,69,73,76,41,99,135,22,89"/><W58/><G113/><N who="0" m="43019" /><D109/><N who="1" m="41483" /><E112/><V119/><F29/><W13/><G69/><T94/><D65/><U92/><E104/><V57/><F77/><W86/><G135/><T6/><D6/><N who="1" m="1239" /><E32/><N who="0" m="12393" /><D25/><U121/><E121/><V82/><F82/><W68/><G68/><T123/><D123/><U117/><E60/><V78/><F57/><W100/><G58/><T63/><D63/><U39/><E117/><V125/><F78/><AGARI ba="0,0" hai="48,50,78,81,87,94,96,101" m="12393,43019" machi="78" ten="30,1000,0" yaku="11,1" doraHai="3" who="0" fromWho="2" sc="281,10,422,0,180,-10,117,0" owari="291,9.0,422,52.0,170,-23.0,117,-38.0" /></mjloggm>