<mjloggm ver="2.3"><GO type="169" lobby="0"/><UN n0="%E3%82%A6%E3%83%AB%E3%83%88%E3%83%A9%E7%AB%8B%E7%9B%B4" n1="%67%61%72%75%63%69%61" n2="%E5%8D%9A%E9%BA%97%E3%82%86%E3%81%8B%E3%82%8A" n3="%41%79%65%73%68%61" dan="18,16,16,16" rate="2199.10,2162.03,2138.09,2164.21" sx="M,M,M,M"/><TAIKYOKU oya="0"/><INIT seed="0,0,0,2,3,93" ten="250,250,250,250" oya="0" hai0="2,30,25,53,33,116,118,124,82,26,126,85,59" hai1="113,13,102,61,103,88,7,21,37,65,60,127,50" hai2="134,123,115,22,72,74,84,20,35,52,108,15,106" hai3="101,49,23,24,48,63,86,36,62,58,100,132,130"/><T64/><D64/><U96/><E37/><V8/><F115/><W39/><G132/><T76/><D2/><U16/><E113/><V69/><F123/><W54/><G130/><T99/><D26/><U92/><E127/><N who="0" m="48681" /><D99/><U78/><E78/><V31/><F35/><W129/><G129/><T66/><D66/><U117/><E117/><V46/><F69/><W57/><G86/><T14/><D14/><U81/><E7/><V42/><F108/><W28/><G39/><T4/><D4/><U73/><E73/><V112/><F74/><W111/><G111/><T120/><D120/><U77/><E77/><V133/><F72/><W80/><G80/><T98/><D98/><U43/><E81/><V110/><F112/><W12/><G12/><T71/><D71/><U6/><E6/><V10/><F110/><W125/><G125/><T5/><D5/><U109/><E109/><V114/><F15/><W9/><G9/><T121/><D121/><U1/><E1/><V67/><F114/><W29/><G29/><T131/><D131/><U18/><E18/><V68/><F68/><W56/><G36/><T104/><D104/><U95/><E95/><V119/><F106/><W128/><G128/><T47/><D47/><N who="1" m="25983" /><E65/><V17/><F67/><N who="3" m="39367" /><G58/><T135/><D135/><U105/><E105/><V89/><F133/><W32/><G32/><T90/><D76/><U94/><E94/><N who="2" m="54567" /><F134/><W40/><G40/><T83/><D83/><U38/><E38/><N who="2" m="21847" /><F119/><W44/><G44/><T41/><D41/><U97/><E97/><V27/><F52/><W79/><G79/><T55/><D55/><RYUUKYOKU ba="0,0" sc="250,0,250,0,250,0,250,0" hai0="25,30,33,53,59,82,85,90,116,118" hai1="13,16,21,60,61,88,92,96,102,103" hai2="8,10,17,20,22,27,31" hai3="23,24,28,48,49,54,57,63,100,101" /><INIT seed="0,1,0,5,0,69" ten="250,250,250,250" oya="0" hai0="130,49,82,70,42,80,135,27,124,73,105,32,9" hai1="114,100,78,41,17,127,92,86,35,88,43,93,84" hai2="85,101,76,71,44,64,123,96,98,28,119,126,19" hai3="57,62,34,2,120,63,40,103,122,23,48,89,115"/><T58/><D70/><U110/><E35/><V65/><F123/><W83/><G34/><T125/><D105/><U87/><E110/><V26/><F126/><N who="0" m="48746" /><D73/><U102/><E127/><V75/><F119/><W4/><G103/><N who="1" m="39466" /><E114/><V22/><F75/><W15/><G2/><T39/><D9/><U13/><E78/><V68/><F96/><W10/><G115/><T14/><D14/><U72/><E72/><V30/><F44/><N who="3" m="25607" /><G57/><T129/><D39/><U7/><E7/><V25/><F71/><W54/><G54/><N who="0" m="32079" /><D42/><N who="1" m="15883" /><E93/><N who="2" m="58575" /><F68/><W56/><G56/><T8/><D8/><AGARI ba="1,0" hai="8,13,17,84,86,87,88,92" m="15883,39466" machi="8" ten="30,2000,0" yaku="8,1,54,1" doraHai="69" who="1" fromWho="0" sc="250,-23,250,23,250,0,250,0" /><INIT seed="1,0,0,2,1,41" ten="227,273,250,250" oya="1" hai0="90,12,34,51,8,2,129,113,133,84,67,9,5" hai1="62,46,58,7,28,40,72,93,6,53,132,59,75" hai2="38,66,70,94,108,56,127,19,18,86,100,91,97" hai3="27,79,42,43,26,14,63,76,57,130,104,110,16"/><U122/><E122/><V15/><F70/><W80/><G104/><T111/><D113/><U49/><E132/><V128/><F127/><W50/><G110/><T47/><D34/><U25/><E72/><V29/><F108/><W31/><G130/><T124/><D124/><U10/><E75/><V115/><F128/><W87/><G79/><T21/><D129/><U32/><E10/><V81/><F38/><W119/><G119/><T95/><D133/><U69/><E69/><V61/><F115/><W20/><G50/><T123/><D123/><U22/><E32/><V68/><F68/><W11/><REACH who="3" step="1"/><G27/><REACH who="3" ten="227,273,250,240" step="2"/><T35/><D111/><U117/><E117/><V1/><F1/><W3/><G3/><T37/><D37/><U103/><E59/><V24/><REACH who="2" step="1"/><F15/><REACH who="2" ten="227,273,240,240" step="2"/><W39/><G39/><T73/><D12/><U74/><E74/><V116/><F116/><W89/><G89/><T120/><D90/><U96/><AGARI ba="0,2" hai="6,7,22,25,28,40,46,49,53,58,62,93,96,103" machi="96" ten="30,6000,0" yaku="0,1,8,1,52,1" doraHai="41" who="1" fromWho="1" sc="227,-20,273,80,240,-20,240,-20" /><INIT seed="1,1,0,0,1,51" ten="207,353,220,220" oya="1" hai0="116,93,135,60,75,55,61,121,56,13,91,14,85" hai1="134,59,113,133,122,32,11,44,0,77,25,17,21" hai2="33,119,95,90,130,76,22,3,41,38,63,83,86" hai3="35,27,45,108,68,127,5,40,47,19,29,107,42"/><U101/><E122/><V30/><F119/><W46/><G68/><T100/><D75/><U124/><E113/><V37/><F33/><W125/><G107/><T102/><D116/><U10/><E77/><V82/><F3/><W16/><G5/><T7/><D135/><N who="1" m="51723" /><E124/><N who="3" m="47690" /><G108/><T115/><D115/><U78/><E32/><V64/><F41/><AGARI ba="1,0" hai="16,19,27,29,35,40,41,42,45,46,47" m="47690" machi="41" ten="30,2000,0" yaku="18,1,54,1" doraHai="51" who="3" fromWho="2" sc="207,0,353,0,220,-23,220,23" /><INIT seed="2,0,0,3,3,9" ten="207,353,197,243" oya="2" hai0="51,113,22,14,23,65,56,46,2,52,104,21,83" hai1="13,88,43,30,3,64,110,91,54,42,116,73,72" hai2="0,111,16,103,120,36,123,77,130,121,109,40,11" hai3="67,135,44,45,95,101,55,87,115,94,62,47,100"/><V60/><F77/><W8/><G115/><T66/><D2/><U27/><E3/><V68/><F130/><W108/><G108/><N who="2" m="41545" /><F103/><W15/><G135/><T118/><D104/><U82/><E116/><V25/><F0/><W99/><G55/><T17/><D113/><U32/><E64/><N who="0" m="24681" /><D118/><U18/><E110/><V48/><F36/><W122/><G122/><T97/><D97/><U39/><E54/><V31/><F60/><W37/><G37/><T102/><D102/><U125/><E125/><V76/><F76/><W112/><G112/><T59/><D83/><U78/><E72/><V128/><F68/><W12/><G8/><AGARI ba="0,0" hai="8,14,17,21,22,23,46,51,52,56,59" m="24681" machi="8" ten="30,3900,0" yaku="8,1,52,1,54,1" doraHai="9" who="0" fromWho="3" sc="207,39,353,0,197,0,243,-39" /><INIT seed="3,0,0,3,5,82" ten="246,353,197,204" oya="3" hai0="30,27,93,46,72,133,106,134,35,128,54,23,91" hai1="129,64,42,75,67,116,125,124,20,29,119,84,98" hai2="74,68,117,45,63,28,53,32,113,97,102,121,108" hai3="112,37,49,70,12,65,60,9,15,59,87,41,14"/><W132/><G112/><T31/><D106/><U81/><E75/><V62/><F74/><W127/><G127/><N who="1" m="48714" /><E129/><V120/><F117/><N who="1" m="45129" /><E42/><V10/><F113/><W1/><G132/><T17/><D72/><U92/><E29/><V103/><F108/><W13/><G1/><T24/><D128/><U78/><E20/><V57/><F10/><W48/><G70/><T22/><D46/><U2/><E2/><V16/><F45/><W131/><G131/><T95/><D54/><U83/><E83/><V56/><F68/><W126/><G126/><T79/><D79/><U8/><E8/><V66/><F28/><W3/><G41/><T52/><D52/><U89/><AGARI ba="0,0" hai="64,67,78,81,84,89,92,98" m="45129,48714" machi="89" ten="30,4000,0" yaku="18,1,12,1,52,1" doraHai="82" who="1" fromWho="1" sc="246,-10,353,40,197,-10,204,-20" /><INIT seed="4,0,0,4,5,34" ten="236,393,187,184" oya="0" hai0="32,27,64,114,13,19,107,118,46,9,26,68,86" hai1="56,59,117,61,132,63,6,23,15,96,82,58,45" hai2="88,66,28,104,79,113,69,1,130,35,30,70,121" hai3="65,24,115,112,90,131,39,75,16,123,3,62,77"/><T10/><D107/><U122/><E117/><V92/><F121/><W22/><G123/><T99/><D118/><U110/><E122/><V91/><F104/><W72/><G39/><T12/><D114/><N who="3" m="43561" /><G131/><T119/><D119/><U87/><E132/><V106/><F106/><W18/><G77/><T73/><D73/><N who="3" m="28233" /><G90/><T53/><D99/><U43/><E110/><V36/><F113/><W40/><G40/><T33/><D86/><U116/><E96/><V11/><F36/><W81/><G81/><T109/><D53/><U42/><E116/><V7/><F79/><W85/><G85/><T125/><D64/><U133/><E133/><V71/><F66/><W55/><G55/><T102/><D102/><U124/><E124/><V98/><F130/><W105/><G105/><T37/><D37/><U8/><E23/><V94/><REACH who="2" step="1"/><F35/><REACH who="2" ten="236,393,177,184" step="2"/><W21/><G65/><T128/><D128/><U97/><E42/><V74/><F74/><W135/><G135/><T100/><D33/><U4/><E43/><V103/><F103/><W2/><G62/><T95/><D32/><U76/><E61/><V89/><F89/><W126/><G126/><T50/><D125/><U84/><E63/><V83/><F83/><W67/><G67/><T44/><D100/><U134/><E82/><V51/><F51/><W14/><AGARI ba="0,1" hai="2,3,14,16,18,21,22,24" m="28233,43561" machi="14" ten="30,7900,0" yaku="15,1,52,2,54,1" doraHai="34" who="3" fromWho="3" sc="236,-39,393,-20,177,-20,184,89" /><INIT seed="5,0,0,0,1,89" ten="197,373,157,273" oya="1" hai0="71,106,122,2,81,36,39,135,1,22,31,84,113" hai1="24,43,65,44,80,128,27,107,56,134,12,63,54" hai2="0,110,73,100,123,3,83,120,82,5,94,26,95" hai3="125,48,29,90,42,49,16,92,87,17,13,104,64"/><U69/><E107/><V61/><F61/><W91/><G104/><T96/><D71/><U67/><E128/><V97/><F26/><W40/><G29/><T70/><D70/><U116/><E116/><V62/><F62/><W51/><G125/><T72/><D72/><U102/><E102/><V68/><F68/><W21/><G64/><T46/><D135/><U101/><E101/><V117/><F5/><W76/><G76/><T88/><D113/><U105/><E105/><V14/><F14/><N who="3" m="9399" /><G90/><T20/><D106/><U79/><E134/><V11/><F11/><AGARI ba="0,0" hai="11,13,16,40,42,48,49,51,87,91,92" m="9399" machi="11" ten="30,3900,0" yaku="8,1,52,1,54,1" doraHai="89" who="3" fromWho="2" sc="197,0,373,0,157,-39,273,39" /><INIT seed="6,0,0,5,1,119" ten="197,373,118,312" oya="2" hai0="75,5,98,134,20,53,84,106,123,7,16,110,6" hai1="128,112,1,108,36,78,15,133,113,21,4,31,41" hai2="57,27,8,118,35,124,71,94,89,66,55,45,115" hai3="52,103,83,56,100,43,37,23,81,132,61,0,82"/><V50/><F118/><W70/><G132/><T95/><D75/><U97/><E108/><V74/><F74/><W87/><G0/><T10/><D110/><U102/><E133/><V13/><F124/><W85/><G70/><T92/><D123/><U122/><E128/><V19/><F115/><W93/><G37/><T69/><D69/><U68/><E68/><V11/><F71/><W9/><G9/><T104/><D10/><U72/><E122/><V42/><F66/><W109/><G43/><T33/><D33/><U121/><E121/><V125/><F125/><W2/><G2/><T107/><D53/><U67/><E67/><V62/><F11/><W130/><G130/><T64/><D64/><U17/><E31/><V63/><F35/><W120/><G120/><T22/><D134/><U14/><E4/><V86/><REACH who="2" step="1"/><F27/><REACH who="2" ten="197,373,108,312" step="2"/><W48/><G109/><T32/><D32/><U80/><E112/><V40/><F40/><W3/><G23/><T46/><D22/><U91/><E113/><V47/><F47/><W105/><G105/><T101/><D46/><U38/><E41/><V111/><F111/><W60/><G3/><T79/><D107/><U30/><E21/><V117/><F117/><W59/><G56/><T51/><D106/><U58/><E58/><V135/><F135/><W127/><G127/><T25/><D104/><U77/><E72/><V99/><F99/><W73/><G73/><T28/><D25/><U54/><E97/><V126/><F126/><W24/><G24/><T44/><D98/><U49/><E1/><V29/><F29/><W129/><G129/><RYUUKYOKU ba="0,1" sc="197,-10,373,-10,108,30,312,-10" hai2="8,13,19,42,45,50,55,57,62,63,86,89,94" /><INIT seed="6,1,1,4,5,102" ten="187,363,138,302" oya="2" hai0="43,78,96,8,64,65,75,99,30,47,40,69,91" hai1="127,122,63,51,128,34,113,33,3,27,111,94,73" hai2="46,9,1,101,115,66,28,23,10,95,54,25,6" hai3="135,124,88,98,131,103,53,81,87,4,58,42,48"/><V13/><F115/><W83/><G124/><T15/><D75/><U60/><E73/><V76/><F76/><W80/><G131/><T114/><D78/><U57/><E3/><V92/><F66/><W117/><G117/><T17/><D114/><U120/><E128/><V70/><F70/><W133/><G42/><N who="0" m="15915" /><D69/><U5/><E5/><V52/><F54/><W59/><G59/><T32/><D32/><U56/><E113/><V31/><F31/><W116/><G4/><T105/><D105/><U19/><E111/><V71/><F71/><W20/><G20/><T14/><D30/><U110/><E110/><V37/><F101/><W41/><G41/><T7/><D47/><U132/><E127/><V2/><F37/><W86/><G116/><T44/><D44/><U129/><E129/><V77/><F77/><W0/><G0/><T36/><D36/><U72/><E72/><V126/><F2/><W119/><G119/><T82/><D99/><U125/><E51/><N who="2" m="28791" /><F126/><W26/><G26/><T38/><D38/><U106/><E106/><V67/><F1/><W39/><G39/><T123/><D123/><N who="1" m="47147" /><E125/><V74/><F74/><W109/><G109/><T49/><D49/><U107/><E107/><V134/><F134/><N who="3" m="51211" /><G86/><N who="0" m="50647" /><D96/><U90/><E132/><V84/><F84/><W35/><G35/><T93/><D93/><AGARI ba="1,1" hai="48,53,58,80,81,83,87,88,93,98,103" m="51211" machi="93" ten="30,2000,0" yaku="20,1,54,1" doraHai="102" who="3" fromWho="0" sc="187,-23,363,0,138,0,302,33" /><INIT seed="7,0,0,3,1,111" ten="164,363,138,335" oya="3" hai0="22,43,83,33,57,19,44,36,120,116,62,18,72" hai1="56,134,103,84,45,17,23,121,13,20,52,93,9" hai2="3,71,74,4,5,0,85,91,12,63,86,27,87" hai3="32,98,37,110,65,48,88,125,14,131,132,122,108"/><W123/><G37/><T31/><D33/><U6/><E121/><N who="3" m="46090" /><G32/><T64/><D116/><U78/><E134/><V90/><F74/><W34/><G34/><T94/><D120/><U119/><E119/><V118/><F118/><W95/><G132/><T26/><REACH who="0" step="1"/><D94/><REACH who="0" ten="154,363,138,335" step="2"/><U101/><E93/><V24/><F12/><W66/><G125/><T46/><D46/><U1/><E45/><V53/><F53/><W89/><G131/><T41/><D41/><U61/><E1/><N who="2" m="587" /><F63/><W16/><G48/><T81/><D81/><N who="1" m="47159" /><E6/><N who="2" m="2667" /><F71/><W70/><G70/><T49/><D49/><U58/><E58/><V68/><F68/><W100/><G108/><T92/><D92/><U25/><E9/><V69/><F69/><W127/><G110/><T55/><D55/><U96/><E96/><V82/><F82/><W109/><G127/><T10/><D10/><U80/><E80/><V77/><F77/><AGARI ba="0,1" hai="18,19,22,26,31,36,43,44,57,62,64,72,77,83" machi="77" ten="40,2600,0" yaku="1,1,53,1" doraHai="111" doraHaiUra="39" who="0" fromWho="2" sc="154,36,363,0,138,-26,335,0" owari="190,-21.0,363,46.0,112,-39.0,335,14.0" /></mjloggm>