<mjloggm ver="2.3"><GO type="169" lobby="0"/><UN n0="%E3%82%82%E3%81%A3%E3%81%A1%E3%82%87" n1="%E5%B0%B1%E6%B4%BB%E7%94%9F%40%E5%B7%9D%E6%9D%91%E8%BB%8D%E5%9B%A3" n2="%E2%80%A0%41%71%75%61%E2%80%A0" n3="%E7%99%BD%E9%B9%BF%E6%84%9B%E8%8E%89" dan="16,18,17,17" rate="2094.97,2263.28,2089.18,2234.67" sx="F,M,M,F"/><TAIKYOKU oya="0"/><INIT seed="0,0,0,3,3,82" ten="250,250,250,250" oya="0" hai0="21,25,1,51,52,112,76,9,6,62,88,78,107" hai1="114,100,15,22,17,99,117,47,90,108,56,48,84" hai2="11,36,95,110,68,113,10,27,3,34,128,38,122" hai3="85,132,24,33,121,60,123,14,54,5,20,37,46"/><T43/><D112/><U103/><E117/><V86/><F68/><W12/><G33/><T124/><D107/><U115/><E108/><V79/><F113/><W35/><G35/><T72/><D124/><U57/><E114/><V127/><F122/><N who="3" m="46603" /><G5/><T73/><D43/><U67/><E115/><V66/><F110/><W92/><G60/><T26/><D62/><U129/><E129/><V16/><F66/><W74/><G74/><T49/><D49/><U87/><E90/><V29/><F127/><W133/><G54/><T118/><D118/><U13/><E13/><N who="3" m="5226" /><G92/><T80/><D73/><U50/><E50/><V41/><F128/><W94/><G94/><T126/><D72/><U39/><E39/><V70/><F41/><N who="3" m="22831" /><G85/><N who="1" m="32842" /><E67/><V0/><F38/><W81/><G81/><T135/><D126/><U18/><E18/><AGARI ba="0,0" hai="18,20,24,132,133" m="22831,5226,46603" machi="18" ten="30,1000,0" yaku="13,1" doraHai="82" who="3" fromWho="1" sc="250,0,250,-10,250,0,250,10" /><INIT seed="1,0,0,2,1,35" ten="250,240,250,260" oya="1" hai0="29,118,111,101,13,48,117,15,28,5,50,10,66" hai1="54,112,62,0,6,90,96,132,86,18,73,65,11" hai2="105,2,81,129,4,32,135,37,38,33,124,57,76" hai3="133,68,8,67,88,36,24,120,106,75,78,94,79"/><U123/><E112/><V99/><F57/><W27/><G106/><T19/><D66/><U53/><E123/><V58/><F58/><W84/><G120/><T130/><D101/><U82/><E132/><V93/><F124/><W121/><G121/><T17/><D111/><U83/><E18/><V74/><F129/><W127/><G36/><N who="2" m="13929" /><F93/><W7/><G127/><T14/><D50/><U40/><E40/><V71/><F71/><W91/><G75/><T23/><D48/><U80/><E96/><V31/><F31/><N who="0" m="11850" /><D130/><U63/><E63/><V22/><F22/><AGARI ba="0,0" hai="5,10,13,14,15,17,19,22,23,117,118" m="11850" machi="22" ten="30,2000,0" yaku="34,2" doraHai="35" who="0" fromWho="2" sc="250,20,240,0,250,-20,260,0" /><INIT seed="2,0,0,5,3,61" ten="270,240,230,260" oya="2" hai0="21,35,0,70,33,102,131,78,127,115,109,39,24" hai1="47,50,16,105,91,89,122,57,40,14,108,26,95" hai2="17,80,112,132,42,85,87,111,53,123,25,34,68" hai3="65,8,72,98,134,90,82,107,86,120,43,117,58"/><V38/><F123/><W69/><G69/><T73/><RYUUKYOKU type="yao9" ba="0,0" sc="270,0,240,0,230,0,260,0" hai0="0,21,24,33,35,39,70,73,78,102,109,115,127,131" /><INIT seed="2,1,0,2,4,33" ten="270,240,230,260" oya="2" hai0="130,77,14,86,56,65,10,70,131,61,134,23,13" hai1="44,126,78,57,119,79,11,54,95,12,5,74,21" hai2="37,128,18,20,46,127,72,117,3,6,80,105,122" hai3="27,120,129,89,69,109,71,32,116,7,73,8,63"/><V82/><F122/><W0/><G116/><T97/><D134/><U125/><E119/><V124/><F117/><W45/><G120/><T135/><D135/><U16/><E44/><V83/><F105/><W91/><G109/><T107/><D56/><U2/><E95/><V48/><F37/><W60/><G73/><T62/><D62/><U101/><E101/><V118/><F118/><W99/><G45/><T102/><D23/><U81/><REACH who="1" step="1"/><E78/><REACH who="1" ten="270,230,230,260" step="2"/><V68/><F46/><W17/><G91/><T40/><D77/><U19/><E19/><V103/><F18/><W132/><G89/><T114/><D102/><U38/><E38/><V113/><F103/><W88/><G17/><T52/><D131/><U35/><E35/><V39/><F39/><W28/><G129/><T110/><D130/><U51/><AGARI ba="1,1" hai="2,5,11,12,16,21,51,54,57,74,79,81,125,126" machi="51" ten="30,7900,0" yaku="1,1,0,1,52,1,54,1,53,0" doraHai="33" doraHaiUra="26" who="1" fromWho="1" sc="270,-21,230,92,230,-40,260,-21" /><INIT seed="3,0,0,2,0,57" ten="249,322,190,239" oya="3" hai0="91,24,89,46,5,12,58,11,54,130,121,77,76" hai1="40,60,75,20,127,18,71,27,111,59,67,70,132" hai2="32,119,98,92,62,65,74,49,123,35,72,53,23" hai3="134,6,38,47,52,22,107,128,68,0,116,4,3"/><W122/><G116/><T115/><D130/><U113/><E75/><V102/><F119/><W17/><G122/><T29/><D121/><U110/><E113/><V78/><F123/><W131/><G68/><T94/><D115/><U21/><E127/><V108/><F108/><N who="1" m="41513" /><E132/><V25/><F35/><W31/><G107/><T117/><D46/><U14/><E40/><V64/><F32/><W28/><G38/><T118/><D118/><U45/><E45/><V99/><F78/><W86/><G86/><T73/><D117/><U120/><E120/><V125/><F125/><W100/><G100/><T48/><D73/><U81/><E81/><V16/><F99/><W90/><G90/><T101/><D91/><U104/><E104/><V129/><F65/><W124/><G52/><T26/><D101/><U42/><E42/><V39/><F39/><W88/><G88/><T30/><D30/><AGARI ba="0,0" hai="14,18,20,21,27,30,59,60,67,70,71" m="41513" machi="30" ten="30,2000,0" yaku="14,1,52,1" doraHai="57" who="1" fromWho="0" sc="249,-20,322,20,190,0,239,0" /><INIT seed="4,0,0,0,3,80" ten="229,342,190,239" oya="0" hai0="70,56,13,53,132,20,52,126,115,82,104,5,118" hai1="76,60,9,74,12,42,69,1,125,45,63,87,0" hai2="31,68,26,134,93,57,39,44,72,122,95,119,89" hai3="16,58,47,99,75,49,88,108,116,35,102,55,46"/><T114/><D118/><U30/><E74/><V133/><F68/><W23/><G116/><T61/><D104/><U62/><E30/><V18/><F119/><W112/><G35/><T2/><D70/><U121/><E69/><V50/><F72/><W15/><G75/><T94/><D132/><N who="2" m="50794" /><F122/><W73/><G73/><T38/><D38/><U85/><E125/><V66/><F18/><W92/><G108/><T120/><D120/><U111/><E111/><V67/><F39/><W28/><G112/><N who="0" m="43051" /><D126/><U113/><E113/><V109/><F57/><W64/><G64/><N who="0" m="38951" /><D94/><N who="2" m="35850" /><F89/><W91/><G28/><T3/><D82/><U77/><E121/><V4/><F4/><W6/><G6/><T8/><D2/><U14/><E1/><V17/><F109/><W25/><G15/><N who="1" m="5674" /><E9/><V131/><F131/><W11/><G11/><T54/><D3/><U105/><E105/><V32/><F17/><W7/><G7/><T128/><D20/><U81/><E81/><V117/><F117/><W97/><G91/><T71/><D71/><U130/><E130/><AGARI ba="0,0" hai="5,8,13,52,53,54,128,130" m="38951,43051" machi="130" ten="40,3900,0" yaku="15,1,54,1" doraHai="80" who="0" fromWho="1" sc="229,39,342,-39,190,0,239,0" /><INIT seed="4,1,0,5,0,58" ten="268,303,190,239" oya="0" hai0="12,7,76,44,61,28,20,45,121,4,22,130,131" hai1="128,33,17,95,88,40,109,60,105,23,62,75,108" hai2="90,27,16,83,93,64,46,117,68,103,69,73,104" hai3="24,112,26,63,55,43,18,39,125,34,133,80,47"/><T48/><D121/><U98/><E128/><V9/><F117/><W116/><G116/><T13/><D76/><U71/><E33/><V124/><F124/><W127/><G112/><T5/><D28/><U72/><E105/><V99/><F46/><N who="0" m="18026" /><D48/><U106/><E106/><V114/><F114/><W53/><G34/><T56/><D131/><U110/><E40/><V54/><F54/><N who="3" m="20491" /><G133/><T59/><D130/><U8/><E8/><V78/><F64/><W0/><G0/><T85/><D85/><U3/><E3/><V84/><REACH who="2" step="1"/><F9/><REACH who="2" ten="268,303,180,239" step="2"/><W118/><G118/><T52/><D59/><U21/><E71/><V30/><F30/><W1/><G127/><T94/><D94/><U113/><E113/><V100/><F100/><W82/><G125/><T41/><D41/><U102/><E102/><V101/><F101/><W132/><G43/><T122/><D122/><U38/><E38/><V96/><F96/><W6/><G47/><T79/><D79/><U87/><E98/><V119/><F119/><W49/><G39/><T14/><AGARI ba="1,1" hai="4,5,7,12,13,14,20,22,52,56,61" m="18026" machi="14" ten="40,7800,0" yaku="8,1,52,1,54,1" doraHai="58" who="0" fromWho="0" sc="268,91,303,-27,180,-27,239,-27" /><INIT seed="4,2,0,5,3,45" ten="359,276,153,212" oya="0" hai0="27,75,90,48,41,58,95,53,93,122,46,50,6" hai1="126,85,65,87,61,91,135,131,74,18,47,57,12" hai2="106,125,89,32,83,4,127,102,78,86,123,39,120" hai3="121,107,51,34,70,44,49,112,109,31,133,25,103"/><T24/><D122/><N who="2" m="46634" /><F4/><W60/><G121/><T14/><D75/><U19/><E74/><N who="2" m="43479" /><F32/><W5/><G109/><T134/><D134/><U117/><E131/><V124/><F39/><W82/><G112/><T10/><D95/><U114/><E126/><V64/><F64/><N who="3" m="41223" /><G133/><T40/><D41/><U129/><E114/><V36/><F36/><W29/><G29/><T94/><D94/><U8/><E129/><V3/><F3/><W111/><G111/><T42/><REACH who="0" step="1"/><D40/><REACH who="0" ten="349,276,153,212" step="2"/><U16/><E135/><V54/><F106/><W30/><G107/><T52/><D52/><U132/><E117/><V62/><F54/><W108/><G108/><T37/><D37/><U38/><E132/><V100/><F62/><W66/><G82/><AGARI ba="2,1" hai="82,86,89,100,102,124,125,127" m="43479,46634" machi="82" ten="40,5200,0" yaku="18,1,34,2" doraHai="45" who="2" fromWho="3" sc="349,0,276,0,153,68,212,-58" /><INIT seed="5,0,0,3,0,64" ten="349,276,221,154" oya="1" hai0="132,25,88,76,24,35,90,92,117,5,69,14,46" hai1="29,20,126,114,72,3,134,54,100,41,129,74,82" hai2="53,101,61,102,34,45,7,66,50,44,19,13,121" hai3="96,0,42,106,128,75,18,104,26,123,99,31,130"/><U103/><E3/><V84/><F34/><W51/><G75/><T94/><D69/><U85/><E41/><V28/><F121/><W107/><G123/><T115/><D117/><U38/><E38/><V56/><F7/><W23/><G0/><T97/><D35/><U59/><E114/><V47/><F28/><W118/><G118/><T89/><D132/><U58/><E129/><N who="3" m="49770" /><G31/><T6/><D76/><U57/><E126/><V77/><F77/><W15/><G15/><T1/><D1/><U52/><E134/><V60/><F84/><W62/><G62/><T86/><D46/><AGARI ba="0,0" hai="18,23,26,42,46,51,96,99,104,106,107" m="49770" machi="46" ten="40,1300,0" yaku="19,1" doraHai="64" who="3" fromWho="0" sc="349,-13,276,0,221,0,154,13" /><INIT seed="6,0,0,4,5,105" ten="336,276,221,167" oya="2" hai0="17,5,89,79,59,114,99,23,78,53,29,8,119" hai1="4,80,65,54,26,57,34,30,128,135,47,46,123" hai2="95,22,14,91,77,10,97,24,58,6,107,118,18" hai3="7,60,88,66,132,101,45,106,96,98,62,133,49"/><V64/><F118/><W61/><G66/><T100/><D29/><U25/><E123/><V56/><F107/><W82/><G7/><T35/><D35/><U63/><E128/><V84/><F64/><W134/><G96/><T67/><D67/><U41/><E135/><V12/><F77/><W33/><G33/><T73/><D89/><U28/><E4/><V51/><F51/><W90/><REACH who="3" step="1"/><G82/><REACH who="3" ten="336,276,221,157" step="2"/><T115/><D99/><U44/><E80/><N who="2" m="49543" /><F24/><W103/><G103/><AGARI ba="0,1" hai="6,10,12,14,18,22,56,58,95,97,103" m="49543" machi="103" ten="30,1500,0" yaku="8,1" doraHai="105" who="2" fromWho="3" sc="336,0,276,0,221,25,157,-15" /><INIT seed="6,1,0,2,0,43" ten="336,276,246,142" oya="2" hai0="79,93,108,80,46,0,8,98,48,65,68,132,61" hai1="120,6,37,131,104,36,128,85,84,127,106,69,125" hai2="1,92,107,26,34,124,27,51,11,40,78,105,115" hai3="21,60,17,134,87,77,22,88,113,59,110,28,121"/><V58/><F115/><W94/><G121/><T122/><D108/><U32/><E6/><V89/><F78/><W74/><G110/><T96/><D122/><U44/><E120/><V111/><F111/><W56/><G134/><T130/><D132/><U45/><E69/><V103/><F124/><W112/><G28/><T16/><D130/><U53/><E53/><V3/><F103/><W33/><G33/><AGARI ba="1,0" hai="32,33,36,37,44,45,84,85,104,106,125,127,128,131" machi="33" ten="25,6400,0" yaku="22,2,52,2" doraHai="43" who="1" fromWho="3" sc="336,0,276,67,246,0,142,-67" /><INIT seed="7,0,0,5,1,18" ten="336,343,246,75" oya="3" hai0="132,6,44,106,43,111,65,107,13,28,125,113,75" hai1="69,121,14,16,128,109,35,114,29,85,91,134,8" hai2="73,17,83,112,38,127,47,86,11,105,79,41,5" hai3="25,93,53,30,70,77,110,4,56,74,49,10,123"/><W101/><G123/><T117/><D111/><U108/><E69/><V24/><F112/><W97/><G70/><T34/><D117/><U78/><E121/><V50/><F105/><W120/><G120/><T96/><D113/><U89/><E114/><V135/><F135/><W124/><G124/><T119/><D119/><U76/><E134/><V71/><F71/><W80/><G110/><T26/><D132/><U12/><E128/><V64/><F64/><W22/><G10/><T9/><D75/><U3/><E3/><V52/><F127/><W37/><G37/><T61/><D96/><U39/><E39/><V19/><F24/><W60/><REACH who="3" step="1"/><G4/><REACH who="3" ten="336,343,246,65" step="2"/><T48/><D125/><U118/><E109/><V104/><F5/><W59/><G59/><AGARI ba="0,1" hai="6,9,13,26,28,34,43,44,48,59,61,65,106,107" machi="59" ten="30,1000,0" yaku="7,1" doraHai="18" who="0" fromWho="3" sc="336,20,343,0,246,0,65,-10" owari="356,45.0,343,14.0,246,-15.0,55,-44.0" /></mjloggm>