<mjloggm ver="2.3"><GO type="169" lobby="0"/><UN n0="%E5%8D%97%E6%98%9F%E6%98%8E%E6%97%A5%E6%AD%A9" n1="%E3%83%88%E3%83%88%E3%83%AA%E5%85%88%E7%94%9F%31%39%E6%AD%B3" n2="%E4%B8%96%E3%82%92%E7%9B%B4%E3%81%99%E8%80%85" n3="%E3%83%97%E3%83%AD%E3%83%86%E3%82%A4%E3%83%B3%E5%BE%97%E7%9B%9B" dan="18,18,17,17" rate="2238.47,2261.92,2075.53,2149.26" sx="M,F,M,M"/><TAIKYOKU oya="0"/><INIT seed="0,0,0,2,0,51" ten="250,250,250,250" oya="0" hai0="59,2,125,19,26,100,72,103,18,132,31,64,124" hai1="35,84,21,118,123,135,41,36,73,4,43,93,105" hai2="71,131,6,38,56,3,23,112,57,48,61,24,33" hai3="120,1,129,45,75,91,114,115,52,99,28,58,9"/><T5/><D72/><U11/><E118/><V66/><F33/><W46/><G75/><T83/><D83/><U17/><E123/><V27/><F6/><W13/><G1/><T106/><D5/><U67/><E105/><V63/><F3/><W69/><G69/><T98/><D103/><U29/><E73/><V8/><F8/><W80/><G120/><T44/><D2/><U101/><E36/><V121/><F121/><W81/><G28/><T49/><D132/><U111/><E135/><V97/><F38/><W34/><G34/><T109/><D109/><U39/><E39/><V32/><F112/><W40/><G40/><T20/><D59/><U110/><E67/><V60/><F131/><W16/><G129/><T62/><D62/><U77/><E29/><V89/><F32/><W95/><G115/><T37/><D64/><U85/><E35/><V133/><F133/><W88/><G114/><T10/><D37/><U127/><E127/><N who="0" m="48713" /><D10/><U15/><E77/><V119/><F71/><W108/><G108/><N who="1" m="41514" /><E93/><V50/><F66/><W117/><G117/><T128/><D128/><U113/><E101/><V0/><F119/><W82/><G91/><T54/><AGARI ba="0,0" hai="18,19,20,26,31,44,49,54,98,100,106" m="48713" machi="54" ten="30,3000,0" yaku="18,1,52,1" doraHai="51" who="0" fromWho="0" sc="250,30,250,-10,250,-10,250,-10" /><INIT seed="0,1,0,2,5,8" ten="280,240,240,240" oya="0" hai0="129,91,107,77,22,33,103,128,125,65,29,117,101" hai1="0,133,89,32,61,28,40,48,25,104,17,30,74" hai2="4,26,46,118,109,119,84,80,134,54,86,83,67" hai3="126,69,53,51,7,130,96,88,100,11,85,18,127"/><T114/><D33/><U123/><E123/><V31/><F4/><W2/><G69/><T98/><D65/><U72/><E104/><V66/><F109/><W79/><G79/><T58/><D58/><U6/><E133/><V92/><F134/><W132/><G132/><T27/><D114/><U68/><E30/><V97/><F46/><W131/><G18/><T93/><D117/><N who="2" m="44554" /><F54/><W34/><G34/><T9/><D125/><N who="3" m="47625" /><G96/><T55/><D55/><U82/><E6/><V62/><F83/><N who="3" m="49215" /><G100/><T122/><D122/><U76/><E82/><V39/><F80/><W36/><G36/><T111/><D77/><U124/><E76/><V64/><F39/><W115/><G115/><T45/><D111/><U3/><E124/><V60/><F97/><W113/><G113/><T70/><D70/><U10/><E68/><V121/><F121/><W35/><G35/><T120/><D120/><U116/><E116/><V50/><F31/><W19/><G19/><T90/><D29/><U110/><E17/><V135/><F135/><W63/><G63/><T42/><D107/><U12/><E61/><V99/><F62/><W81/><G81/><T15/><D103/><U13/><E110/><V95/><F60/><W47/><AGARI ba="1,0" hai="2,7,11,47,51,53,130,131" m="49215,47625" machi="47" ten="30,2000,0" yaku="18,1,54,1" doraHai="8" who="3" fromWho="3" sc="280,-11,240,-6,240,-6,240,23" /><INIT seed="1,0,0,5,0,109" ten="269,234,234,263" oya="1" hai0="56,0,77,5,103,31,10,11,35,98,70,133,34" hai1="118,105,69,26,100,83,86,80,65,3,42,93,122" hai2="87,90,81,82,121,78,63,55,40,48,9,68,73" hai3="18,38,106,74,72,25,2,22,58,71,115,27,114"/><U21/><E118/><V28/><F121/><W112/><G71/><T54/><D70/><U30/><E122/><V85/><F40/><W94/><G106/><T46/><D133/><U123/><E123/><V14/><F28/><W6/><G38/><T45/><D77/><U130/><E3/><V15/><F63/><W124/><G124/><T32/><D11/><U127/><E127/><V125/><F68/><W84/><G27/><T50/><REACH who="0" step="1"/><D31/><REACH who="0" ten="259,234,234,263" step="2"/><U67/><E69/><V101/><F125/><W52/><G2/><T104/><AGARI ba="0,1" hai="0,5,10,32,34,35,45,46,50,54,56,98,103,104" machi="104" ten="30,4000,0" yaku="1,1,2,1,0,1,53,0" doraHai="109" doraHaiUra="16" who="0" fromWho="0" sc="259,50,234,-20,234,-10,263,-10" /><INIT seed="2,0,0,2,0,104" ten="309,214,224,253" oya="2" hai0="109,85,65,97,22,14,119,83,127,64,30,54,39" hai1="25,29,93,56,116,87,102,26,9,124,134,88,125" hai2="24,133,41,115,50,75,90,5,60,68,72,47,92" hai3="51,8,55,81,71,63,95,78,103,122,108,106,16"/><V13/><F115/><W42/><G106/><T107/><D39/><U19/><E116/><V99/><F133/><W46/><G108/><T74/><D109/><U69/><E69/><V111/><F111/><W120/><G103/><T77/><D119/><U114/><E114/><V132/><F132/><W40/><G95/><T121/><D121/><U15/><E134/><V117/><F117/><W38/><G42/><T130/><D130/><U28/><E102/><V128/><F128/><W118/><G118/><T61/><D127/><U86/><E56/><V100/><F24/><W27/><G63/><T70/><D65/><U96/><E125/><V113/><F113/><W84/><G71/><T3/><D3/><U98/><E86/><V110/><F110/><W7/><G7/><T67/><D67/><U11/><E11/><V34/><F34/><W48/><G38/><T52/><D107/><U59/><E124/><V37/><F68/><W80/><G80/><T58/><D97/><U101/><E59/><V49/><F60/><W31/><G8/><T62/><D54/><U20/><REACH who="1" step="1"/><E101/><REACH who="1" ten="309,204,224,253" step="2"/><V32/><F100/><W73/><G84/><T94/><D85/><U1/><E1/><V129/><F129/><W123/><G123/><T89/><D94/><U131/><E131/><V12/><F92/><W4/><G122/><T76/><D70/><U66/><E66/><V135/><F135/><W17/><G120/><T82/><D64/><U105/><E105/><V112/><F112/><W79/><G81/><T6/><D83/><U2/><E2/><V23/><F99/><W44/><G44/><RYUUKYOKU ba="0,1" sc="309,-10,204,30,224,-10,253,-10" hai1="9,15,19,20,25,26,28,29,87,88,93,96,98" /><INIT seed="3,1,1,5,2,73" ten="299,234,214,243" oya="3" hai0="68,6,60,36,11,4,49,132,101,14,29,50,87" hai1="120,133,47,117,74,94,70,32,104,66,95,81,90" hai2="48,130,129,125,10,118,37,64,9,19,91,123,12" hai3="13,55,23,82,16,59,46,105,71,109,43,26,83"/><W41/><G71/><T31/><D36/><U96/><E120/><V76/><F37/><W38/><G105/><T30/><D132/><U85/><E32/><V42/><F118/><W35/><G43/><T51/><D101/><N who="1" m="62503" /><E47/><N who="2" m="25719" /><F123/><W61/><REACH who="3" step="1"/><G109/><REACH who="3" ten="299,234,214,233" step="2"/><T112/><D68/><U39/><E70/><V54/><F130/><W72/><G72/><T110/><D110/><U93/><E39/><V18/><F129/><W119/><G119/><T97/><D112/><U45/><E117/><V111/><F111/><W58/><G58/><T33/><D33/><U69/><E45/><V65/><F125/><W77/><G77/><T131/><D131/><U98/><E133/><V7/><F76/><W88/><G88/><T15/><D60/><U24/><E69/><V124/><F124/><W127/><G127/><T116/><D116/><U44/><E44/><V57/><F91/><W80/><G80/><T134/><D134/><U67/><E74/><V89/><F89/><W75/><G75/><T56/><D56/><U63/><E63/><V5/><F57/><W79/><G79/><T99/><D87/><U62/><E62/><V106/><F106/><W28/><AGARI ba="1,2" hai="13,16,23,26,28,35,38,41,46,55,59,61,82,83" machi="28" ten="30,6000,0" yaku="1,1,0,1,54,1,53,0" doraHai="73" doraHaiUra="128" who="3" fromWho="3" sc="299,-21,234,-21,214,-21,233,83" /><INIT seed="3,2,0,0,1,119" ten="278,213,193,316" oya="3" hai0="90,51,131,127,45,12,52,32,88,73,108,44,13" hai1="87,135,125,96,7,34,41,109,25,116,120,130,95" hai2="2,31,56,123,134,17,79,28,16,132,124,105,49" hai3="22,128,55,92,84,82,11,48,15,0,71,99,35"/><W115/><G35/><T58/><D32/><U27/><E116/><V121/><F105/><W93/><G71/><T133/><D73/><U50/><E120/><N who="2" m="46155" /><F2/><W26/><G128/><T29/><D131/><U54/><E130/><V65/><F124/><W86/><G115/><T33/><D127/><U103/><E125/><V18/><F79/><N who="3" m="46175" /><G86/><T81/><D108/><U59/><E135/><N who="2" m="51755" /><F49/><W129/><G99/><T60/><D133/><U36/><E34/><V66/><F56/><N who="3" m="32871" /><G0/><T97/><D58/><U30/><E109/><V9/><F9/><W57/><G57/><T63/><D51/><U6/><E59/><V111/><F111/><W70/><G70/><T38/><D63/><U112/><E50/><V89/><F89/><W37/><G37/><T43/><D90/><U77/><E36/><V3/><F3/><W100/><G100/><T69/><D60/><U72/><E77/><V62/><F62/><W122/><G129/><T104/><D69/><U117/><E103/><V114/><F114/><W23/><G122/><T85/><D104/><U64/><E112/><V8/><F8/><W14/><G11/><T98/><D38/><U107/><E107/><V47/><F47/><W53/><G53/><T19/><D52/><U75/><E54/><V68/><F68/><W102/><G102/><T1/><D1/><U101/><E101/><V39/><F39/><W118/><G118/><T20/><D45/><U74/><E117/><V46/><F46/><W61/><G61/><T5/><D44/><U42/><E42/><V83/><F83/><W126/><G126/><T76/><D81/><RYUUKYOKU ba="2,0" sc="278,-10,213,-10,193,30,316,-10" hai2="16,17,18,28,31,65,66" /><INIT seed="4,3,0,4,3,126" ten="268,203,223,306" oya="0" hai0="115,118,100,26,43,41,104,117,130,79,61,35,124" hai1="2,87,89,25,54,96,75,53,119,8,38,102,22" hai2="90,14,121,123,80,40,108,106,23,45,114,122,47" hai3="48,6,66,52,99,7,29,101,56,3,62,82,135"/><T91/><D79/><U0/><E119/><V37/><F106/><W109/><G109/><T57/><D124/><U12/><E75/><V33/><F33/><W70/><G135/><T107/><D115/><U72/><E72/><V18/><F108/><W76/><G29/><T4/><D107/><U11/><E38/><V86/><REACH who="2" step="1"/><F47/><REACH who="2" ten="268,203,213,306" step="2"/><W78/><G3/><T128/><D118/><U69/><E0/><V93/><F93/><W125/><G125/><T63/><D117/><U27/><E2/><V116/><F116/><W50/><G50/><T19/><D35/><U95/><E69/><V68/><F68/><W112/><G112/><AGARI ba="3,1" hai="14,18,23,37,40,45,80,86,90,112,114,121,122,123" machi="112" ten="50,3200,0" yaku="1,1,53,1" doraHai="126" doraHaiUra="36" who="2" fromWho="3" sc="268,0,203,0,213,51,306,-41" /><INIT seed="5,0,0,4,1,53" ten="268,203,264,265" oya="1" hai0="110,112,134,8,62,70,91,107,99,90,128,55,54" hai1="36,68,58,82,16,48,100,67,97,61,126,1,22" hai2="42,63,10,34,2,44,64,9,103,120,98,119,115" hai3="7,27,28,49,133,29,129,74,95,94,124,20,86"/><U66/><E126/><V111/><F34/><W32/><G74/><T116/><D110/><U81/><E1/><V83/><F2/><W21/><G124/><T30/><D116/><U13/><E36/><V19/><F111/><W114/><G114/><T5/><D112/><U26/><E67/><V89/><F19/><W52/><G129/><T108/><D108/><U12/><E68/><V87/><F115/><W77/><G133/><T59/><D134/><U71/><E71/><V123/><F119/><W75/><G75/><T102/><D128/><U130/><E130/><V85/><F87/><W69/><G7/><T41/><D70/><U79/><E48/><V4/><F10/><W38/><G38/><T76/><D41/><U101/><E101/><V18/><F18/><W57/><G32/><T104/><D104/><U15/><REACH who="1" step="1"/><E79/><REACH who="1" ten="268,193,264,265" step="2"/><V96/><F103/><W73/><G69/><T17/><D76/><U121/><E121/><V11/><F123/><W39/><G39/><T51/><D51/><U113/><E113/><V135/><F120/><W109/><G109/><T47/><D102/><U125/><E125/><V50/><F135/><W118/><G118/><T33/><D62/><U23/><E23/><V24/><F63/><W78/><G73/><T65/><D33/><U6/><E6/><V105/><F64/><W93/><G86/><T37/><D5/><U31/><E31/><V46/><F4/><W131/><G131/><T0/><D30/><U72/><E72/><V132/><F132/><W80/><G29/><T35/><D35/><U60/><E60/><V92/><F85/><RYUUKYOKU ba="0,1" sc="268,-10,193,30,264,-10,265,-10" hai1="12,13,15,16,22,26,58,61,66,81,82,97,100" /><INIT seed="5,1,1,1,0,123" ten="258,223,254,255" oya="1" hai0="50,47,39,30,3,92,62,66,100,48,61,56,42" hai1="16,71,104,80,116,49,78,37,58,72,12,15,18" hai2="102,87,127,67,111,6,28,32,63,68,79,83,2" hai3="14,4,59,90,113,5,55,76,84,24,126,38,25"/><U36/><E116/><V105/><F127/><W21/><G38/><T45/><D3/><U132/><E71/><V8/><F111/><W23/><G76/><T86/><D30/><U10/><E104/><V135/><F135/><W117/><G126/><T46/><D100/><U7/><E132/><V33/><REACH who="2" step="1"/><F28/><REACH who="2" ten="258,223,244,255" step="2"/><N who="3" m="17423" /><G117/><T88/><D39/><U22/><REACH who="1" step="1"/><E7/><REACH who="1" ten="258,213,244,255" step="2"/><V82/><F82/><W70/><G5/><T64/><REACH who="0" step="1"/><D42/><REACH who="0" ten="248,213,244,255" step="2"/><U129/><E129/><V93/><F93/><W40/><G40/><T19/><D19/><U29/><E29/><V109/><F109/><W96/><G4/><T125/><D125/><U118/><E118/><V121/><F121/><W81/><G81/><T31/><D31/><U124/><E124/><V17/><F17/><W27/><G113/><T85/><D85/><U130/><E130/><V57/><F57/><AGARI ba="1,4" hai="45,46,47,48,50,56,57,61,62,64,66,86,88,92" machi="57" ten="40,12000,2" yaku="1,1,9,1,8,1,54,1,53,2" doraHai="123" doraHaiUra="44" who="0" fromWho="2" sc="248,163,213,0,244,-123,255,0" /><INIT seed="6,0,0,4,0,61" ten="411,213,121,255" oya="2" hai0="49,110,10,103,105,4,112,35,128,22,90,113,28" hai1="106,123,52,80,81,93,70,63,86,30,24,55,94" hai2="33,97,84,44,78,107,131,133,126,39,37,51,38" hai3="53,111,88,119,26,109,82,76,85,134,18,65,121"/><V31/><F131/><W43/><G121/><T42/><D35/><U69/><E106/><V64/><F126/><W5/><G43/><T58/><D110/><U71/><E123/><V50/><F133/><W108/><G5/><T96/><D128/><U45/><E81/><V91/><F78/><W12/><G26/><T41/><D90/><U114/><E114/><V9/><F9/><W46/><G119/><T87/><D87/><U73/><E73/><V21/><F33/><W62/><G134/><T27/><D58/><U56/><E55/><V36/><N who="2" m="9728" /><DORA hai="101" /><V124/><F124/><W3/><G3/><N who="0" m="287" /><D49/><U77/><REACH who="1" step="1"/><E45/><REACH who="1" ten="411,203,121,255" step="2"/><V19/><F44/><W98/><G53/><T68/><D105/><U14/><E14/><V83/><F64/><W16/><G12/><T7/><D113/><U25/><E25/><V104/><F107/><W99/><G46/><T8/><D27/><U102/><E102/><V15/><REACH who="2" step="1"/><F31/><REACH who="2" ten="411,203,111,255" step="2"/><W74/><G111/><T59/><D28/><U23/><AGARI ba="0,2" hai="23,24,30,52,56,63,69,70,71,77,80,86,93,94" machi="23" ten="30,4000,0" yaku="1,1,0,1,54,1,53,0" doraHai="61,101" doraHaiUra="127,132" who="1" fromWho="1" sc="411,-10,203,60,111,-20,255,-10" /><INIT seed="7,0,0,2,3,18" ten="401,263,91,245" oya="3" hai0="32,110,135,46,116,103,73,37,92,9,78,133,61" hai1="15,97,132,134,64,51,111,26,91,33,5,65,112" hai2="107,25,120,36,42,38,104,10,39,99,131,129,108" hai3="71,123,47,125,0,21,16,124,96,113,35,68,75"/><W66/><G35/><T43/><D110/><U49/><E111/><V45/><F108/><W80/><G0/><T23/><D116/><U114/><E5/><V83/><F83/><W74/><G123/><T70/><D32/><U86/><E15/><V76/><F99/><W29/><G29/><T55/><D9/><U62/><E97/><V4/><F10/><W50/><G113/><N who="1" m="43626" /><E26/><V130/><F4/><W77/><G75/><T40/><D61/><U22/><E22/><V79/><F25/><N who="3" m="14503" /><G66/><N who="1" m="25706" /><E62/><V59/><F59/><W11/><G96/><T122/><D73/><U14/><E14/><V53/><F53/><N who="3" m="29919" /><G11/><T7/><D122/><U6/><E33/><V28/><F120/><W8/><G8/><T24/><D46/><U1/><E6/><V12/><F28/><W31/><G31/><T54/><D7/><U126/><E1/><V89/><F12/><W44/><G44/><T118/><D70/><U95/><E126/><V34/><F34/><W93/><G93/><T41/><D92/><U3/><E3/><V98/><F98/><W102/><G102/><T58/><D103/><U127/><E127/><AGARI ba="0,0" hai="68,71,74,77,80,124,125,127" m="29919,14503" machi="127" ten="30,5800,0" yaku="18,1,52,1,54,1" doraHai="18" who="3" fromWho="1" sc="401,0,263,-58,91,0,245,58" /><INIT seed="7,1,0,3,1,63" ten="401,205,91,303" oya="3" hai0="123,76,111,54,0,18,100,11,24,122,38,49,60" hai1="12,86,103,121,34,84,130,40,120,114,10,30,4" hai2="89,81,16,8,108,46,134,42,133,53,109,128,50" hai3="96,116,74,15,129,35,69,64,101,27,1,77,47"/><W33/><G116/><T44/><D111/><U31/><E114/><V102/><F102/><W29/><G129/><T32/><D100/><U79/><E130/><V2/><F2/><W52/><G35/><T117/><D117/><U6/><E103/><V37/><F128/><W5/><G15/><T9/><D32/><U48/><E4/><V118/><F118/><W72/><G77/><T3/><D76/><U23/><E34/><V106/><F106/><N who="3" m="63783" /><G52/><T94/><D38/><U105/><E105/><V90/><F89/><W104/><G47/><T68/><D0/><U80/><E86/><V45/><F109/><W61/><G104/><T21/><D3/><U135/><E135/><V78/><F78/><W66/><G66/><T110/><D110/><U56/><E56/><V59/><F59/><W51/><G51/><T125/><D94/><U132/><E132/><V67/><F108/><W131/><G131/><T65/><D9/><AGARI ba="1,0" hai="1,5,9,27,29,33,61,64,69,72,74" m="63783" machi="9" ten="30,11600,0" yaku="25,1,33,2,52,1" doraHai="63" who="3" fromWho="0" sc="401,-119,205,0,91,0,303,119" owari="282,8.0,205,-19.0,91,-41.0,422,52.0" /></mjloggm>