<mjloggm ver="2.3"><GO type="169" lobby="0"/><UN n0="%E6%B0%B4%E5%B8%8C%E2%99%AA" n1="%E3%82%A6%E3%83%AB%E3%83%88%E3%83%A9%E7%AB%8B%E7%9B%B4" n2="%E2%80%A0%E3%83%81%E3%82%BF%E3%83%B3%E3%83%80%E3%82%A8%E3%83%AB%E2%80%A0" n3="%E3%81%BE%E3%81%AA%E3%81%84%E3%81%9F%E3%82%88%E3%81%86%E3%81%98%E3%82%87" dan="17,17,16,16" rate="2149.21,2101.38,2083.49,2078.02" sx="M,M,M,M"/><TAIKYOKU oya="0"/><INIT seed="0,0,0,3,0,6" ten="250,250,250,250" oya="0" hai0="68,132,58,117,111,26,133,125,91,17,13,123,10" hai1="62,103,60,89,66,83,84,97,41,18,80,2,28" hai2="90,109,115,135,42,16,85,101,3,14,96,72,1" hai3="55,110,51,49,76,127,134,77,102,118,69,44,131"/><T46/><D68/><U126/><E126/><V99/><F115/><W79/><G118/><T93/><D117/><U100/><E41/><V94/><F72/><W4/><G127/><T122/><D125/><U38/><E38/><V113/><F113/><W39/><G110/><T104/><D104/><U12/><E2/><V36/><F109/><W112/><G112/><T19/><D111/><U22/><E28/><V128/><F135/><N who="0" m="51786" /><D58/><U87/><E66/><V24/><F128/><W81/><G134/><T106/><D106/><U50/><E50/><V63/><F24/><W8/><G131/><T7/><D46/><U98/><E97/><V86/><F99/><W105/><G69/><T71/><D71/><U74/><E74/><V92/><F85/><W82/><G105/><T124/><D124/><U20/><E20/><V59/><F42/><W25/><G102/><T78/><D78/><U48/><E48/><V11/><REACH who="2" step="1"/><F36/><REACH who="2" ten="250,250,240,250" step="2"/><W47/><G39/><T52/><D26/><U56/><E98/><V31/><F31/><W30/><G25/><T70/><D70/><U73/><E73/><V40/><F40/><N who="3" m="24711" /><G30/><T54/><D123/><U0/><E84/><V119/><F119/><W5/><G5/><T23/><D122/><U129/><E87/><V15/><F15/><AGARI ba="0,1" hai="4,8,15,47,51,55,76,77,79,81,82" m="24711" machi="15" ten="30,2000,0" yaku="8,1,52,1" doraHai="6" who="3" fromWho="2" sc="250,0,250,0,240,-20,250,30" /><INIT seed="1,0,0,1,1,6" ten="250,250,220,280" oya="1" hai0="13,39,126,95,41,70,46,99,107,133,31,97,17" hai1="131,85,21,8,88,22,122,81,0,30,59,116,58" hai2="34,91,52,71,35,50,25,104,125,121,67,73,127" hai3="82,106,84,98,66,54,29,86,11,2,114,134,43"/><U55/><E122/><V100/><F121/><W18/><G114/><T103/><D133/><U135/><E116/><V69/><F73/><W56/><G134/><T89/><D126/><N who="2" m="48138" /><F67/><W132/><G132/><T119/><D119/><U102/><E135/><V115/><F115/><W10/><G29/><T27/><D70/><N who="2" m="26634" /><F25/><W129/><G129/><T113/><D113/><U63/><E131/><V47/><F91/><W49/><G66/><T62/><D62/><U42/><E30/><V79/><F79/><W87/><G2/><T16/><REACH who="0" step="1"/><D13/><REACH who="0" ten="240,250,220,280" step="2"/><U109/><E0/><V7/><F7/><W40/><G82/><T19/><D19/><U77/><E109/><V110/><F110/><W24/><G18/><T33/><AGARI ba="0,1" hai="16,17,27,31,33,39,41,46,89,95,97,99,103,107" machi="33" ten="20,5200,0" yaku="1,1,0,1,7,1,54,1,53,0" doraHai="6" doraHaiUra="9" who="0" fromWho="0" sc="240,62,250,-26,220,-13,280,-13" /><INIT seed="2,0,0,3,4,104" ten="302,224,207,267" oya="2" hai0="73,13,108,25,85,10,100,47,19,8,44,121,91" hai1="132,22,30,0,20,105,34,78,83,16,4,5,124" hai2="12,43,96,63,118,29,114,113,125,101,87,38,28" hai3="133,59,128,57,14,42,41,112,79,75,109,3,94"/><V122/><F122/><W51/><G3/><T102/><D121/><U117/><E105/><V55/><F118/><W127/><G109/><T9/><D108/><U84/><E117/><V88/><F125/><W76/><G127/><T99/><D25/><N who="1" m="18767" /><E84/><V82/><F38/><W62/><G128/><T39/><D73/><U80/><E78/><N who="3" m="29738" /><G75/><T50/><D39/><U24/><E83/><V110/><F43/><W119/><G119/><T71/><D71/><U53/><E80/><V72/><F110/><W27/><G133/><T107/><D102/><U54/><E53/><V67/><F55/><N who="3" m="31999" /><G112/><T95/><REACH who="0" step="1"/><D44/><REACH who="0" ten="292,224,207,267" step="2"/><U130/><E124/><V77/><F114/><W74/><G74/><T93/><D93/><U89/><E132/><V126/><F113/><W17/><G94/><T48/><D48/><U15/><E130/><V18/><F126/><W7/><G27/><T120/><D120/><U115/><E115/><V69/><F101/><W65/><G7/><N who="1" m="2634" /><E89/><V45/><F45/><W23/><AGARI ba="0,1" hai="14,17,23,41,42,59,62,65" m="31999,29738" machi="23" ten="30,1100,0" yaku="8,1" doraHai="104" who="3" fromWho="3" sc="292,-3,224,-3,207,-5,267,21" /><INIT seed="3,0,0,2,1,9" ten="289,221,202,288" oya="3" hai0="108,36,111,4,106,53,131,59,50,33,92,54,44" hai1="17,80,127,103,116,102,62,129,12,133,81,83,63" hai2="34,94,57,58,79,0,71,26,97,28,65,3,8" hai3="23,7,98,104,69,19,15,11,99,124,16,122,30"/><W95/><G122/><T49/><D106/><U14/><E129/><V24/><F79/><W20/><G124/><T119/><D33/><U39/><E39/><V37/><F37/><W2/><G69/><T96/><D4/><U87/><E127/><V109/><F109/><N who="0" m="42058" /><D119/><U64/><E116/><V45/><F45/><W134/><G134/><T118/><D118/><U51/><E133/><V91/><F26/><W32/><G104/><T117/><D117/><U6/><E87/><V77/><F77/><W100/><G99/><T70/><D70/><U121/><E121/><V89/><F89/><W130/><G130/><T132/><D132/><U68/><E51/><V60/><REACH who="2" step="1"/><F8/><REACH who="2" ten="289,221,192,288" step="2"/><W73/><G73/><T76/><D76/><U31/><E103/><V43/><F43/><W38/><G38/><T47/><D131/><U18/><E102/><V67/><F67/><W101/><G101/><N who="0" m="60551" /><D36/><U126/><E126/><V22/><F22/><W66/><G66/><T56/><AGARI ba="0,1" hai="44,47,49,50,53,54,56,59" m="60551,42058" machi="56" ten="30,1100,0" yaku="14,1" doraHai="9" who="0" fromWho="0" sc="289,21,221,-3,192,-3,288,-5" /><INIT seed="4,0,0,2,1,66" ten="310,218,189,283" oya="0" hai0="4,74,75,24,76,11,89,113,63,37,79,52,107" hai1="96,108,87,1,61,45,111,115,81,77,131,121,72" hai2="30,28,59,83,36,58,80,117,91,102,38,85,103" hai3="132,95,60,128,84,49,47,26,19,65,101,57,116"/><T130/><D107/><U15/><E1/><V6/><F6/><W126/><G116/><T104/><D104/><U106/><E15/><V12/><F12/><W71/><G128/><T10/><D37/><U90/><E45/><V118/><F85/><W119/><G119/><T2/><D130/><U13/><E13/><V42/><REACH who="2" step="1"/><F91/><REACH who="2" ten="310,218,179,283" step="2"/><N who="3" m="53735" /><G101/><T68/><D89/><U8/><E131/><V39/><F39/><W23/><G132/><T129/><D4/><U48/><E8/><V14/><F14/><W27/><G126/><T86/><D10/><U18/><E87/><V73/><F73/><W16/><G27/><T127/><D86/><U98/><E90/><V120/><F120/><W125/><G125/><T20/><D127/><U51/><E121/><V123/><F123/><W54/><G26/><T7/><D129/><U41/><E72/><V135/><F135/><W25/><G25/><T110/><D75/><U40/><E77/><V109/><F109/><W64/><G23/><T124/><D110/><U78/><E78/><V62/><F62/><W88/><G88/><T9/><D124/><U22/><E61/><V70/><F70/><W44/><G71/><T53/><D74/><U93/><E22/><V92/><F92/><W0/><G60/><T3/><D79/><U122/><E93/><V99/><F99/><W69/><G69/><T134/><D76/><U50/><E122/><V67/><F67/><N who="3" m="25675" /><G0/><T34/><D134/><U43/><E111/><V82/><F82/><W105/><G105/><T31/><D20/><U56/><E108/><V100/><F100/><W133/><G133/><RYUUKYOKU ba="0,1" sc="310,-15,218,-15,179,15,283,15" hai2="28,30,36,38,42,58,59,80,83,102,103,117,118" hai3="16,19,44,47,49,54,57" /><INIT seed="5,1,1,2,3,92" ten="295,203,194,298" oya="1" hai0="53,29,82,68,5,6,37,40,70,62,66,30,106" hai1="36,75,21,17,94,42,49,86,22,128,126,84,69" hai2="105,19,96,133,111,100,77,72,122,104,59,15,60" hai3="135,101,50,12,61,4,54,134,130,10,73,87,78"/><U83/><E36/><V58/><F111/><W63/><G73/><T88/><D106/><U112/><E69/><V8/><F122/><W56/><G130/><T71/><D37/><U33/><E33/><V119/><F119/><W32/><G32/><T43/><D53/><U102/><E75/><V55/><F133/><N who="3" m="50699" /><G101/><T129/><D129/><U14/><E128/><V107/><REACH who="2" step="1"/><F59/><REACH who="2" ten="295,203,184,298" step="2"/><W103/><G56/><T0/><D70/><U115/><E126/><V81/><AGARI ba="1,2" hai="8,15,19,55,58,60,72,77,81,96,100,104,105,107" machi="81" ten="30,7900,0" yaku="1,1,2,1,0,1,52,1,53,0" doraHai="92" doraHaiUra="24" who="2" fromWho="2" sc="295,-21,203,-40,184,102,298,-21" /><INIT seed="6,0,0,5,2,41" ten="274,163,286,277" oya="2" hai0="111,115,79,106,48,1,73,93,70,97,119,51,90" hai1="32,17,6,99,84,102,60,62,5,42,112,133,53" hai2="101,39,21,69,40,86,16,94,83,36,68,108,98" hai3="116,18,25,24,76,104,67,85,43,10,63,58,123"/><V34/><F34/><W128/><G123/><T47/><D70/><U30/><E112/><V75/><F75/><W45/><G116/><T77/><D111/><U118/><E118/><V78/><F108/><W92/><G104/><T8/><D119/><U105/><E133/><V135/><F135/><W50/><G128/><T33/><D33/><U107/><E42/><V82/><F82/><N who="3" m="47303" /><G92/><T132/><D115/><U4/><E107/><V52/><F52/><W9/><G18/><T72/><D132/><U37/><E37/><V117/><F117/><W3/><G3/><T13/><D1/><U80/><E17/><V54/><F54/><W131/><G131/><T35/><D35/><U89/><REACH who="1" step="1"/><E53/><REACH who="1" ten="274,153,286,277" step="2"/><V129/><F129/><W28/><G28/><T125/><D106/><U122/><E122/><V64/><F40/><W29/><G29/><T74/><D74/><U100/><E100/><V81/><F39/><W12/><G9/><T2/><D73/><U31/><E31/><V124/><F36/><W88/><G10/><T0/><D72/><U120/><E120/><V71/><F16/><W11/><G24/><AGARI ba="0,1" hai="4,5,6,24,30,32,60,62,80,84,89,99,102,105" machi="24" ten="40,1300,0" yaku="1,1,53,0" doraHai="41" doraHaiUra="38" who="1" fromWho="3" sc="274,0,153,23,286,0,277,-13" /><INIT seed="7,0,0,2,2,38" ten="274,176,286,264" oya="3" hai0="103,65,99,126,37,17,12,50,73,31,13,60,121" hai1="62,14,19,53,8,49,9,18,40,32,66,123,108" hai2="56,135,54,130,82,87,72,48,86,29,96,6,46" hai3="127,22,27,63,115,109,85,43,110,93,97,119,128"/><W64/><G119/><T10/><D37/><U0/><E108/><V69/><F69/><W41/><G115/><T23/><D126/><U95/><E123/><V80/><F135/><W129/><G85/><T74/><D121/><U79/><E32/><V81/><F130/><N who="3" m="50283" /><G127/><T68/><D50/><U52/><E95/><V11/><F72/><W61/><G109/><T133/><D133/><U33/><E33/><V120/><F120/><W106/><G106/><T77/><D77/><U5/><E19/><V101/><F29/><N who="3" m="17655" /><G110/><T112/><D112/><U55/><E79/><V4/><F56/><N who="3" m="36903" /><G63/><T117/><D117/><U116/><E116/><V58/><F58/><W114/><G114/><T125/><D125/><U90/><E90/><AGARI ba="0,0" hai="41,43,90,93,97" m="36903,17655,50283" machi="90" ten="30,5800,0" yaku="19,1,52,2" doraHai="38" who="3" fromWho="1" sc="274,0,176,-58,286,0,264,58" owari="274,-13.0,118,-38.0,286,9.0,322,42.0" /></mjloggm>