<mjloggm ver="2.3"><GO type="225" lobby="0"/><UN n0="%E5%B0%B1%E6%B4%BB%E7%94%9F%40%E5%B7%9D%E6%9D%91%E8%BB%8D%E5%9B%A3" n1="%46%4C%41%4D%45" n2="%E3%82%A8%E3%83%AB%E3%82%AD%E3%83%81" n3="%E5%90%91%E4%BA%95%E7%90%86" dan="17,16,17,16" rate="2172.59,2082.90,2235.23,2049.98" sx="F,M,M,M"/><TAIKYOKU oya="0"/><INIT seed="0,0,0,1,1,99" ten="250,250,250,250" oya="0" hai0="44,23,0,88,21,11,113,10,131,104,2,35,70" hai1="25,39,114,109,63,38,60,45,42,48,40,51,130" hai2="41,69,95,46,13,4,65,97,100,24,28,124,71" hai3="94,17,22,3,19,111,68,118,61,67,106,86,18"/><T89/><D113/><U9/><E9/><V84/><F124/><W105/><G3/><T27/><D70/><U103/><E25/><V82/><F65/><W110/><G118/><T117/><D117/><U87/><E87/><V121/><F121/><W98/><G86/><T72/><D72/><U55/><E103/><V112/><F112/><W83/><G22/><T81/><D44/><N who="1" m="26007" /><E114/><V66/><F66/><W14/><G14/><T125/><D131/><U123/><E123/><V92/><F92/><W115/><G83/><T101/><D81/><U56/><E130/><V107/><F107/><W93/><G93/><T128/><D128/><U64/><E109/><N who="3" m="41482" /><G115/><T58/><D104/><U73/><E73/><V78/><F13/><W90/><AGARI ba="0,0" hai="17,18,19,61,67,68,90,94,98,105,106" m="41482" machi="90" ten="30,1100,0" yaku="14,1" doraHai="99" who="3" fromWho="3" sc="250,-5,250,-3,250,-3,250,11" /><INIT seed="1,0,0,2,4,8" ten="245,247,247,261" oya="1" hai0="119,11,123,34,91,85,75,48,110,73,46,99,45" hai1="67,100,83,117,98,23,41,66,39,126,86,90,21" hai2="125,97,1,3,89,28,93,4,36,17,113,42,12" hai3="50,95,59,121,44,27,76,69,16,0,72,68,101"/><U53/><E117/><V134/><F134/><W24/><G0/><T81/><D119/><U129/><E129/><V96/><F125/><W74/><G121/><T51/><D34/><U35/><E35/><V80/><F113/><W92/><G76/><T58/><D123/><U132/><E132/><V103/><F28/><W102/><G59/><T60/><D110/><U115/><E115/><V20/><F4/><W31/><G50/><T38/><D38/><U29/><E126/><V131/><F131/><W7/><G31/><T122/><D122/><U37/><E37/><V118/><F118/><W135/><G135/><T94/><D73/><U84/><E41/><V127/><F127/><W88/><G7/><T70/><D70/><U33/><E39/><V54/><F54/><W40/><G40/><T114/><D75/><U106/><E33/><V5/><F5/><W13/><G44/><N who="0" m="17003" /><D11/><U6/><E6/><V63/><F42/><W77/><G77/><N who="0" m="46255" /><D114/><U47/><E47/><V71/><F36/><W57/><G57/><T64/><AGARI ba="0,0" hai="48,51,58,60,64,91,94,99" m="46255,17003" machi="64" ten="30,1100,0" yaku="8,1" doraHai="8" who="0" fromWho="0" sc="245,11,247,-5,247,-3,261,-3" /><INIT seed="2,0,0,0,0,69" ten="256,242,244,258" oya="2" hai0="108,89,65,11,100,63,123,59,111,107,38,57,56" hai1="58,25,130,4,20,97,34,47,53,43,105,2,84" hai2="128,131,64,40,93,117,1,72,55,91,88,87,8" hai3="76,22,126,104,116,96,122,21,33,7,120,66,134"/><V27/><F117/><W18/><G33/><T5/><D123/><U115/><E115/><V98/><F72/><W79/><G116/><T19/><D107/><U90/><E34/><V133/><F133/><W135/><G66/><T127/><D100/><U94/><E130/><N who="2" m="49707" /><F64/><W118/><G118/><T26/><D127/><U99/><E105/><V106/><F40/><W110/><G126/><T28/><D19/><U6/><E2/><V42/><F42/><W95/><G104/><T10/><D89/><U51/><E4/><N who="2" m="1039" /><F106/><W67/><G7/><T9/><D38/><U113/><E6/><V36/><F36/><W39/><G39/><T114/><D5/><U92/><E113/><V62/><F27/><N who="3" m="14775" /><G22/><N who="0" m="15447" /><D114/><U16/><REACH who="1" step="1"/><E94/><REACH who="1" ten="256,232,244,258" step="2"/><N who="2" m="56647" /><F62/><AGARI ba="0,1" hai="16,20,25,43,47,51,53,58,62,84,90,92,97,99" machi="62" ten="30,8000,1" yaku="1,1,7,1,8,1,54,1,53,1" doraHai="69" doraHaiUra="46" who="1" fromWho="2" sc="256,0,232,90,244,-80,258,0" /><INIT seed="3,0,0,0,3,90" ten="256,322,164,258" oya="3" hai0="103,39,46,3,42,63,68,50,117,54,70,82,65" hai1="60,123,98,34,10,35,31,97,120,45,22,7,84" hai2="47,1,114,62,14,109,89,64,27,23,11,66,100" hai3="57,13,41,37,32,105,30,21,96,80,118,81,43"/><W127/><G118/><T78/><D3/><U102/><E98/><V4/><F114/><W88/><G32/><T87/><D117/><U101/><E101/><V48/><F109/><W104/><G104/><T25/><D103/><U29/><E29/><V130/><F130/><W15/><G105/><T71/><REACH who="0" step="1"/><D25/><REACH who="0" ten="246,322,164,258" step="2"/><U110/><E102/><V26/><F100/><W126/><G126/><T18/><D18/><U72/><E110/><V16/><F89/><W53/><G127/><T33/><D33/><U28/><E35/><V116/><F116/><W99/><G30/><T55/><D55/><U85/><E34/><V124/><F124/><W106/><G57/><AGARI ba="0,1" hai="39,42,46,50,54,57,63,65,68,70,71,78,82,87" machi="57" ten="30,8000,1" yaku="1,1,7,1,24,2,53,1" doraHai="90" doraHaiUra="40" who="0" fromWho="3" sc="246,90,322,0,164,0,258,-80" owari="336,44.0,322,12.0,164,-34.0,178,-22.0" /></mjloggm>