<mjloggm ver="2.3"><GO type="169" lobby="0"/><UN n0="%E5%B0%B1%E6%B4%BB%E7%94%9F%40%E5%B7%9D%E6%9D%91%E8%BB%8D%E5%9B%A3" n1="%E4%B8%96%E7%95%8C%E3%81%AE%E9%9D%92%E6%9C%A8" n2="%E9%85%94%E5%A5%B4%E4%BA%BA" n3="%E3%81%95%E3%82%8A%E3%83%BC%E3%81%99%E3%81%93%E3%81%A3%E3%81%A8" dan="17,16,17,16" rate="2167.00,2091.28,2182.43,2159.68" sx="M,M,M,F"/><TAIKYOKU oya="0"/><INIT seed="0,0,0,5,0,97" ten="250,250,250,250" oya="0" hai0="0,96,36,55,116,57,71,79,4,17,65,99,24" hai1="83,113,6,45,30,87,95,101,77,88,91,102,124" hai2="109,7,105,66,29,18,73,52,104,118,68,75,89" hai3="37,85,70,10,27,84,25,80,46,122,22,2,112"/><T114/><D116/><U3/><E30/><V59/><F109/><W62/><G112/><T9/><D36/><U38/><E124/><V92/><F7/><W67/><G122/><T13/><D114/><U100/><E113/><V28/><F68/><W53/><G22/><T58/><D71/><U86/><E3/><V43/><F66/><W126/><G85/><T56/><D79/><U129/><E6/><V125/><F43/><W15/><G2/><T103/><D65/><U5/><E5/><V23/><F125/><W110/><G110/><T127/><D24/><U31/><E31/><V135/><F135/><W26/><G37/><T81/><D81/><N who="1" m="49231" /><E45/><V98/><F75/><W32/><G32/><T54/><D99/><N who="1" m="57855" /><E38/><V1/><F1/><W16/><G126/><T106/><REACH who="0" step="1"/><D127/><REACH who="0" ten="240,250,250,250" step="2"/><U133/><E129/><V8/><F118/><W14/><G27/><T61/><D61/><U132/><AGARI ba="0,1" hai="77,83,87,100,101,102,132,133" m="57855,49231" machi="132" ten="30,12000,2" yaku="34,2,52,3,54,1" doraHai="97" who="1" fromWho="1" sc="240,-60,250,130,250,-30,250,-30" /><INIT seed="1,0,0,5,3,48" ten="180,380,220,220" oya="1" hai0="116,75,16,14,89,28,120,56,122,8,98,72,25" hai1="109,79,27,93,87,51,33,107,110,53,62,131,70" hai2="85,42,44,127,10,84,94,101,128,132,18,76,66" hai3="74,105,126,65,35,32,36,95,61,133,86,64,54"/><U78/><E107/><V12/><F127/><W30/><G74/><T81/><D116/><U2/><E2/><V100/><F128/><W119/><G105/><T90/><D56/><N who="1" m="32831" /><E131/><V9/><F132/><W52/><G36/><T46/><D46/><U123/><E123/><N who="0" m="47145" /><D98/><U96/><E87/><V31/><F31/><W41/><G41/><T55/><D55/><N who="3" m="21033" /><G30/><T111/><D111/><N who="1" m="42507" /><E27/><V82/><F66/><W124/><G133/><T68/><D68/><U45/><E45/><V113/><F113/><W58/><G65/><T108/><D108/><U115/><E33/><V39/><F44/><W103/><G119/><T43/><D43/><U106/><E106/><V40/><F39/><W24/><G24/><T114/><D114/><U92/><E92/><V63/><F42/><W80/><G95/><T37/><D37/><U91/><E115/><V6/><F40/><W22/><G103/><T77/><D75/><U67/><AGARI ba="0,0" hai="62,67,70,78,79,91,93,96" m="42507,32831" machi="67" ten="30,6000,0" yaku="14,1,10,1,52,1" doraHai="48" who="1" fromWho="1" sc="180,-20,380,60,220,-20,220,-20" /><INIT seed="1,1,0,5,4,79" ten="160,440,200,200" oya="1" hai0="118,97,2,81,11,61,50,33,41,32,131,105,128" hai1="109,83,25,31,70,111,104,28,58,62,110,117,99" hai2="10,92,63,68,101,134,86,39,9,65,7,89,93" hai3="115,6,13,122,16,106,85,42,24,52,130,4,84"/><U67/><E117/><V74/><F74/><W120/><G106/><T30/><D118/><U127/><E127/><V20/><F134/><W82/><G115/><T17/><D61/><U132/><E132/><V88/><F39/><W14/><G42/><T21/><D97/><U49/><E83/><V90/><F10/><W8/><G130/><N who="0" m="49707" /><D105/><U71/><E49/><V44/><F44/><W40/><G40/><T23/><D50/><U129/><E129/><V34/><F34/><N who="0" m="13418" /><D41/><U53/><E25/><V91/><F20/><N who="0" m="7754" /><D81/><U57/><E57/><V72/><F101/><W3/><G84/><T60/><D60/><N who="1" m="35919" /><E70/><V77/><F77/><W36/><G36/><T47/><D47/><U133/><E133/><V100/><F100/><AGARI ba="1,0" hai="28,31,62,67,71,99,100,104,109,110,111" m="35919" machi="100" ten="30,2900,0" yaku="14,1,10,1" doraHai="79" who="1" fromWho="2" sc="160,0,440,32,200,-32,200,0" /><INIT seed="1,2,0,1,1,105" ten="160,472,168,200" oya="1" hai0="5,67,126,135,120,124,54,113,115,83,9,48,31" hai1="55,32,21,56,76,64,130,52,35,96,89,94,101" hai2="10,63,15,61,62,72,6,66,75,91,103,104,34" hai3="111,46,127,88,16,90,100,2,18,74,70,68,11"/><U19/><E130/><V39/><F39/><W71/><G111/><T117/><D117/><U33/><E76/><V132/><F34/><W81/><G100/><T23/><D67/><U79/><E79/><V98/><F132/><W84/><G127/><N who="0" m="48683" /><D135/><U114/><E114/><N who="0" m="43529" /><D83/><U4/><E4/><V17/><F66/><W14/><G74/><T107/><D107/><U27/><REACH who="1" step="1"/><E101/><REACH who="1" ten="160,462,168,200" step="2"/><V37/><F37/><W125/><G125/><T60/><D120/><U22/><E22/><V82/><REACH who="2" step="1"/><F6/><REACH who="2" ten="160,462,158,200" step="2"/><W28/><G90/><T119/><D5/><U109/><E109/><V122/><F122/><W3/><G88/><T93/><D119/><U134/><E134/><V8/><F8/><W131/><G11/><T95/><D9/><U36/><E36/><V118/><F118/><W41/><G2/><T129/><D129/><U30/><E30/><V0/><F0/><W44/><G28/><T49/><D31/><U73/><E73/><V123/><F123/><W25/><G3/><T13/><D23/><U92/><E92/><V50/><F50/><W57/><G131/><T47/><D49/><U58/><E58/><V108/><F108/><W7/><G57/><T128/><D128/><U38/><E38/><V87/><AGARI ba="2,2" hai="10,15,17,61,62,63,72,75,82,87,91,98,103,104" machi="87" ten="30,7900,0" yaku="1,1,0,1,52,2,53,0" doraHai="105" doraHaiUra="24" who="2" fromWho="2" sc="160,-22,462,-41,158,105,200,-22" /><INIT seed="2,0,0,5,5,24" ten="138,421,263,178" oya="2" hai0="17,53,120,116,62,30,93,23,40,25,65,39,28" hai1="7,42,1,38,56,135,99,107,29,50,66,84,105" hai2="80,127,90,31,81,76,15,55,114,115,86,9,75" hai3="108,49,97,11,121,72,125,48,83,71,74,128,6"/><V27/><F55/><W37/><G108/><T88/><D120/><U44/><E135/><V117/><F127/><W32/><G32/><T43/><D116/><U126/><E126/><V19/><REACH who="2" step="1"/><F117/><REACH who="2" ten="138,421,253,178" step="2"/><W130/><G125/><T2/><D2/><U0/><E0/><V4/><F4/><W67/><G6/><T33/><D53/><U45/><E7/><V60/><F60/><W91/><G130/><T101/><D101/><U63/><E1/><V119/><F119/><W10/><G128/><T51/><D39/><U47/><E63/><V12/><F12/><W96/><G37/><T87/><D51/><U112/><E50/><V26/><F26/><W5/><G48/><T36/><D36/><U106/><E38/><V132/><F132/><W3/><G49/><T94/><D43/><U16/><E42/><V18/><F18/><W79/><G3/><T110/><D40/><U34/><E16/><V14/><F14/><W123/><G5/><T133/><D133/><U113/><E47/><V124/><F124/><W73/><G123/><T103/><D110/><U59/><E45/><V95/><F95/><W58/><G121/><T64/><D33/><AGARI ba="0,1" hai="9,15,19,27,31,33,75,76,80,81,86,90,114,115" machi="33" ten="30,11600,0" yaku="1,1,7,1,52,1,53,1" doraHai="24" doraHaiUra="82" who="2" fromWho="0" sc="138,-116,421,0,253,126,178,0" /><INIT seed="2,1,0,5,5,127" ten="22,421,379,178" oya="2" hai0="34,110,75,48,25,37,38,80,98,1,63,45,8" hai1="11,119,29,14,118,84,115,30,32,134,76,54,128" hai2="88,74,56,121,78,7,27,113,99,77,65,51,92" hai3="87,15,66,10,23,116,69,36,47,123,106,120,20"/><V44/><F121/><W61/><G106/><T117/><D117/><U4/><E115/><V24/><F113/><W28/><G116/><T13/><D110/><U131/><E134/><V104/><F104/><W16/><G87/><T101/><D1/><U125/><E125/><V22/><F7/><W42/><G28/><N who="1" m="10858" /><E54/><V132/><F132/><W57/><G69/><T107/><D34/><U109/><E109/><V114/><F74/><W71/><G20/><T58/><D25/><N who="2" m="9802" /><F22/><W60/><REACH who="3" step="1"/><G23/><REACH who="3" ten="22,421,379,168" step="2"/><T95/><D75/><U124/><E32/><V90/><F114/><W35/><G35/><T86/><D107/><U17/><E124/><V21/><F21/><W102/><G102/><T73/><D73/><U91/><E76/><V133/><F133/><W108/><G108/><T62/><D86/><U43/><E119/><V59/><F90/><W31/><G31/><T46/><D80/><U67/><E91/><V93/><F93/><W3/><G3/><T83/><D83/><U97/><E118/><V9/><F9/><W5/><G5/><T41/><D8/><U72/><E72/><V55/><F65/><AGARI ba="1,1" hai="10,15,16,36,42,47,57,60,61,65,66,71,120,123" machi="65" ten="30,3900,0" yaku="1,1,7,1,54,1,53,0" doraHai="127" doraHaiUra="135" who="3" fromWho="2" sc="22,0,421,0,379,-42,168,52" /><INIT seed="3,0,0,1,2,4" ten="22,421,337,220" oya="3" hai0="106,29,96,102,18,23,53,24,100,82,7,34,114" hai1="122,107,16,49,78,94,51,14,131,75,87,31,39" hai2="115,91,112,93,69,73,58,85,68,55,38,45,88" hai3="76,30,22,64,43,47,121,81,127,129,13,63,77"/><W32/><G121/><T97/><D114/><U62/><E39/><V52/><F73/><W65/><G129/><T0/><D53/><U130/><E107/><V15/><F69/><W101/><G127/><T79/><D7/><U50/><E31/><V80/><F68/><W83/><G101/><T72/><D0/><U59/><E75/><V124/><F124/><W33/><G30/><T110/><D110/><U119/><E122/><V109/><F109/><W67/><G63/><T74/><D74/><U111/><E119/><V105/><F105/><W11/><G22/><T89/><D89/><U125/><E111/><V116/><F116/><W9/><G13/><T99/><REACH who="0" step="1"/><D102/><REACH who="0" ten="12,421,337,220" step="2"/><U90/><E125/><V60/><F112/><W95/><G76/><T5/><D5/><U3/><E3/><V2/><F2/><W41/><G77/><T10/><D10/><N who="1" m="6231" /><E78/><V118/><F115/><W35/><G47/><T28/><D28/><U40/><E131/><V8/><F118/><W37/><G9/><T86/><D86/><U117/><E130/><V70/><F45/><W12/><G11/><T133/><D133/><U17/><E117/><V44/><F91/><W135/><G135/><T57/><D57/><U27/><E87/><V98/><F55/><W20/><G41/><T108/><D108/><U132/><E40/><N who="2" m="22551" /><F70/><W54/><G54/><T48/><D48/><U120/><E132/><V42/><F42/><W25/><G43/><T128/><D128/><U61/><E120/><V1/><F1/><W6/><G37/><T46/><D46/><U126/><E126/><V36/><F36/><RYUUKYOKU ba="0,1" sc="12,30,421,-10,337,-10,220,-10" hai0="18,23,24,29,34,72,79,82,96,97,99,100,106" /><INIT seed="4,1,1,0,4,115" ten="42,411,327,210" oya="0" hai0="73,18,127,91,78,130,119,104,7,45,53,113,29" hai1="5,21,43,131,81,60,112,19,42,70,33,110,52" hai2="34,8,111,106,1,63,98,80,134,116,61,51,69" hai3="4,14,79,47,128,121,74,95,25,46,54,72,90"/><T11/><D11/><U129/><E33/><V37/><F51/><W97/><G128/><N who="1" m="49226" /><E110/><V38/><F63/><W50/><G121/><T28/><D130/><U31/><E31/><V0/><F111/><W48/><G79/><T36/><D104/><U133/><E133/><V132/><F80/><W56/><G25/><T93/><D113/><U86/><E5/><V135/><F116/><W13/><G56/><T2/><D119/><U124/><E124/><V3/><F8/><W39/><G39/><T100/><D127/><U76/><E112/><V65/><REACH who="2" step="1"/><F34/><REACH who="2" ten="42,411,317,210" step="2"/><W58/><G46/><T103/><D36/><U99/><E60/><V26/><F26/><W120/><G120/><T75/><D7/><U66/><E81/><V118/><F118/><W82/><G4/><T123/><D123/><U6/><E6/><V20/><F20/><W107/><G82/><T108/><D108/><U109/><E21/><V44/><F44/><W12/><REACH who="3" step="1"/><G107/><REACH who="3" ten="42,411,317,200" step="2"/><T77/><D75/><U114/><E114/><V41/><F41/><AGARI ba="1,3" hai="12,13,14,41,47,48,50,54,58,72,74,90,95,97" machi="41" ten="40,5200,0" yaku="1,1,2,1,53,1" doraHai="115" doraHaiUra="88" who="3" fromWho="2" sc="42,0,411,0,317,-55,200,85" /><INIT seed="5,0,0,5,2,50" ten="42,411,262,285" oya="1" hai0="74,13,72,42,67,38,10,127,104,53,95,80,128" hai1="90,24,113,37,22,1,116,92,33,54,57,11,0" hai2="81,8,100,65,103,68,76,114,99,106,119,31,20" hai3="39,84,9,12,55,59,3,109,41,7,73,34,40"/><U25/><E37/><V122/><F122/><W83/><G109/><T46/><D104/><U134/><E116/><V130/><F119/><W2/><G34/><T58/><D127/><U60/><E11/><V91/><F8/><W77/><G73/><T135/><D128/><U88/><E90/><V36/><F36/><W96/><G96/><T82/><D135/><U123/><E123/><V63/><F130/><W110/><G110/><T108/><D108/><U69/><E134/><V66/><F66/><W98/><G98/><T19/><D67/><U121/><E113/><V27/><F114/><W105/><G105/><T71/><D71/><U118/><E69/><V115/><F115/><W6/><G39/><T70/><D70/><U97/><E118/><V124/><F124/><W132/><G132/><T133/><D133/><U111/><E121/><V29/><F29/><W51/><REACH who="3" step="1"/><G6/><REACH who="3" ten="42,411,262,275" step="2"/><T44/><D44/><U87/><E87/><V35/><F103/><W101/><G101/><T16/><D19/><N who="1" m="12383" /><E111/><V93/><F35/><W26/><G26/><T61/><REACH who="0" step="1"/><D95/><REACH who="0" ten="32,411,262,275" step="2"/><U129/><E129/><V56/><F106/><W75/><G75/><AGARI ba="0,2" hai="10,13,16,38,42,46,53,58,61,72,74,75,80,82" machi="75" ten="40,8000,1" yaku="1,1,2,1,52,1,54,1,53,0" doraHai="50" doraHaiUra="47" who="0" fromWho="3" sc="32,100,411,0,262,0,275,-80" /><INIT seed="6,0,0,2,5,108" ten="132,411,262,195" oya="2" hai0="66,55,84,35,110,88,129,69,78,70,43,17,91" hai1="18,75,116,92,22,2,1,8,41,57,95,64,115" hai2="85,90,58,121,11,53,99,135,3,60,40,77,82" hai3="128,15,26,122,28,87,52,120,125,51,34,10,47"/><V107/><F135/><W126/><G128/><T83/><D110/><U63/><E75/><V45/><F121/><W44/><G44/><T109/><D109/><U42/><E2/><V67/><F67/><W102/><G102/><T13/><D129/><U71/><E95/><V123/><F123/><W23/><G34/><T79/><D35/><U5/><E71/><V72/><F107/><W46/><G46/><T38/><D38/><U127/><E127/><N who="3" m="48650" /><G87/><T89/><D43/><U7/><E7/><AGARI ba="0,0" hai="7,10,15,23,26,28,47,51,52,120,122" m="48650" machi="7" ten="30,2000,0" yaku="18,1,54,1" doraHai="108" who="3" fromWho="1" sc="132,0,411,-20,262,0,195,20" /><INIT seed="7,0,0,2,3,55" ten="132,391,262,215" oya="3" hai0="51,3,121,46,130,70,126,65,33,123,101,53,7" hai1="41,92,111,63,110,57,97,115,42,19,89,82,106" hai2="74,98,58,129,103,17,94,76,102,95,85,62,119" hai3="30,107,134,91,125,135,27,88,113,84,26,16,37"/><W100/><G113/><T133/><D33/><U93/><E115/><V108/><F108/><W109/><G109/><T128/><D3/><U32/><E106/><V15/><F129/><N who="0" m="49770" /><D7/><U73/><E32/><V72/><F119/><W120/><G37/><T69/><D101/><U79/><E42/><V49/><F49/><W36/><G36/><T40/><D126/><U77/><E79/><V118/><F118/><W22/><G120/><N who="0" m="46155" /><D133/><N who="3" m="50697" /><G125/><T59/><D65/><U1/><E1/><V29/><F29/><W8/><G84/><T2/><D2/><U43/><E19/><V0/><F0/><W116/><G116/><T124/><D124/><U56/><E110/><V25/><F25/><W4/><G100/><T11/><D11/><U39/><E39/><V71/><F74/><W61/><G107/><T48/><AGARI ba="0,0" hai="40,46,48,51,53,59,69,70" m="46155,49770" machi="48" ten="30,7900,0" yaku="19,1,34,2,52,1" doraHai="55" who="0" fromWho="0" sc="132,79,391,-20,262,-20,215,-39" owari="211,-19.0,371,47.0,242,4.0,176,-32.0" /></mjloggm>