<mjloggm ver="2.3"><GO type="169" lobby="0"/><UN n0="%E5%B0%B1%E6%B4%BB%E7%94%9F%40%E5%B7%9D%E6%9D%91%E8%BB%8D%E5%9B%A3" n1="%6D%61%74%69%6F%73%61%6E" n2="%74%61%63%6F%73" n3="%4A%61%6E%2D%4D%61%63%68" dan="17,18,16,16" rate="2176.42,2166.60,2126.89,2116.15" sx="M,M,M,M"/><TAIKYOKU oya="0"/><INIT seed="0,0,0,0,2,41" ten="250,250,250,250" oya="0" hai0="76,61,88,93,132,60,10,13,70,128,36,49,46" hai1="110,103,59,40,72,109,126,90,32,2,58,68,50" hai2="97,123,96,98,74,18,53,19,35,7,25,33,71" hai3="55,119,1,3,92,5,80,0,115,37,117,114,66"/><T4/><D128/><U27/><E68/><V127/><F123/><W122/><G92/><T116/><D116/><N who="3" m="44617" /><G80/><T52/><D132/><U81/><E2/><V42/><F74/><W91/><G91/><T47/><D70/><U44/><E103/><V130/><F71/><W23/><G55/><T65/><D76/><U133/><E133/><V101/><F101/><W129/><G66/><T135/><D135/><U78/><E126/><V84/><F42/><W6/><G37/><T9/><D9/><U94/><E27/><V95/><F7/><N who="3" m="2571" /><G129/><T20/><D20/><U45/><E32/><V26/><F53/><W63/><G63/><N who="0" m="24139" /><D36/><U31/><E31/><V86/><F95/><W106/><G106/><T111/><D111/><N who="1" m="42507" /><E45/><V34/><F127/><W8/><G8/><T39/><D39/><U99/><AGARI ba="0,0" hai="40,44,50,58,59,72,78,81,90,94,99" m="42507" machi="99" ten="30,2000,0" yaku="14,1,52,1" doraHai="41" who="1" fromWho="1" sc="250,-10,250,20,250,-5,250,-5" /><INIT seed="1,0,0,2,4,45" ten="240,270,245,245" oya="1" hai0="78,68,33,24,79,104,119,18,28,22,43,121,128" hai1="67,59,101,11,126,39,47,110,20,23,100,118,40" hai2="54,29,86,13,89,34,6,114,53,46,4,51,63" hai3="109,81,21,99,2,117,108,135,42,60,17,64,44"/><U58/><E118/><V36/><F36/><W75/><G2/><T55/><D119/><U35/><E35/><V111/><F111/><N who="3" m="42571" /><G99/><T5/><D104/><U106/><E110/><V56/><F114/><W25/><G117/><T95/><D68/><U41/><E126/><V84/><F34/><W62/><G64/><T94/><D128/><U1/><E106/><V107/><F29/><W129/><G129/><T38/><D5/><U97/><E41/><V8/><F107/><W120/><G135/><T32/><D32/><U27/><E23/><V71/><F71/><W72/><G120/><T12/><D121/><U65/><E65/><V122/><F122/><W131/><G131/><T7/><D7/><U77/><E77/><V73/><F73/><N who="3" m="28235" /><G81/><T50/><D43/><U83/><E83/><V0/><F0/><W102/><G102/><T93/><REACH who="0" step="1"/><D38/><AGARI ba="0,0" hai="17,21,25,38,42,44,60,62" m="28235,42571" machi="38" ten="30,1000,0" yaku="14,1" doraHai="45" who="3" fromWho="0" sc="240,-10,270,0,245,0,245,10" /><INIT seed="2,0,0,1,3,64" ten="230,270,245,255" oya="2" hai0="118,3,75,115,40,87,95,15,21,67,85,70,124" hai1="13,52,36,48,30,105,55,39,110,126,128,10,97" hai2="68,66,23,81,100,109,0,91,116,38,123,129,57" hai3="18,58,47,26,25,84,27,42,108,73,90,31,17"/><V43/><F116/><W62/><G73/><T111/><D3/><U133/><E30/><V5/><F123/><W28/><G108/><T117/><D75/><U14/><E110/><V113/><F113/><W6/><G6/><T132/><D111/><U119/><E119/><N who="0" m="45577" /><D115/><U103/><E133/><V33/><F33/><W8/><G8/><T54/><D40/><U9/><E126/><V80/><F109/><W19/><G42/><T121/><D121/><U101/><E128/><V20/><F100/><W89/><G47/><T50/><D95/><U102/><E97/><V44/><F57/><W78/><G78/><T114/><D114/><U32/><E32/><V46/><F46/><W130/><G130/><T86/><D124/><U112/><E112/><V49/><F38/><W135/><G135/><T94/><D94/><U63/><E63/><V7/><F0/><W60/><G58/><N who="0" m="33111" /><D132/><U127/><E127/><V120/><F120/><W93/><G90/><T12/><D21/><U37/><E105/><V35/><F35/><W88/><G89/><T41/><D41/><U29/><E29/><AGARI ba="0,0" hai="17,18,19,25,26,27,28,29,31,60,62,84,88,93" machi="29" ten="40,2600,0" yaku="8,1,54,1" doraHai="64" who="3" fromWho="1" sc="230,0,270,-26,245,0,255,26" /><INIT seed="3,0,0,0,2,134" ten="230,244,245,281" oya="3" hai0="92,18,38,63,82,7,122,14,84,0,54,9,109" hai1="28,39,27,53,133,112,44,13,120,24,21,68,115" hai2="2,60,36,37,10,86,72,32,101,79,85,47,66" hai3="75,76,118,1,83,125,49,8,65,45,23,77,135"/><W12/><G118/><T113/><D122/><U26/><E120/><V80/><F32/><W108/><G135/><T62/><D38/><U34/><E68/><V52/><F101/><W129/><G77/><T111/><D113/><U16/><E133/><V90/><F85/><W11/><G65/><T5/><D92/><U59/><E26/><V67/><F67/><W46/><G46/><T93/><D93/><U55/><E27/><V41/><F37/><W69/><G69/><T15/><D0/><U58/><E44/><V95/><F52/><W99/><G99/><T40/><D40/><U78/><E78/><V123/><F123/><W102/><G102/><T127/><D127/><U107/><E107/><V114/><F114/><W110/><G125/><T29/><D29/><U117/><E117/><V100/><F100/><W64/><G64/><T4/><D15/><U88/><E88/><V56/><F10/><W132/><G129/><T124/><D124/><U105/><E105/><V87/><F72/><W25/><G1/><T116/><D116/><U128/><E128/><V51/><F2/><W30/><G132/><T121/><D121/><U119/><E39/><V89/><REACH who="2" step="1"/><F36/><REACH who="2" ten="230,244,235,281" step="2"/><W103/><G103/><T98/><D54/><U31/><E119/><V104/><F104/><W43/><G8/><T71/><D98/><U97/><E97/><V74/><F74/><W94/><G94/><T17/><D71/><U81/><E115/><V70/><F70/><W6/><AGARI ba="0,1" hai="6,11,12,23,25,30,43,45,49,75,76,83,108,110" machi="6" ten="30,1500,0" yaku="0,1" doraHai="134" who="3" fromWho="3" sc="230,-5,244,-5,235,-5,281,25" /><INIT seed="3,1,0,2,3,45" ten="225,239,230,306" oya="3" hai0="42,54,69,103,100,0,71,132,8,63,19,61,67" hai1="10,17,47,130,125,52,27,2,70,128,60,5,126" hai2="78,91,118,62,48,135,53,119,93,114,76,123,82" hai3="134,16,92,117,129,28,35,83,49,44,98,104,124"/><W106/><G117/><T79/><D132/><U115/><E115/><V105/><F105/><W15/><G134/><T51/><D79/><U81/><E70/><V109/><F114/><W13/><G13/><T43/><D0/><U41/><E81/><V66/><F135/><W24/><G83/><T31/><D31/><U99/><E99/><V59/><F109/><W75/><G75/><T84/><D84/><U64/><E27/><V3/><F3/><W112/><G129/><N who="1" m="49770" /><E17/><V32/><F32/><W46/><G124/><T18/><D8/><U38/><E64/><V121/><F119/><W77/><G44/><T73/><D73/><U90/><E90/><V110/><F110/><W22/><G77/><T50/><REACH who="0" step="1"/><D54/><REACH who="0" ten="215,239,230,306" step="2"/><U12/><E2/><V87/><F118/><W94/><G112/><T95/><D95/><U14/><E125/><V21/><F21/><W97/><G94/><T131/><D131/><U1/><E126/><V65/><F78/><W89/><G98/><T9/><D9/><U55/><E55/><AGARI ba="1,1" hai="15,16,22,24,28,35,46,49,55,89,92,97,104,106" machi="55" ten="30,5800,0" yaku="7,1,52,1,54,1" doraHai="45" who="3" fromWho="1" sc="215,0,239,-61,230,0,306,71" /><INIT seed="3,2,0,2,4,26" ten="215,178,230,377" oya="3" hai0="59,92,4,102,52,66,103,18,91,88,49,50,23" hai1="133,11,99,33,78,58,38,48,134,97,125,83,46" hai2="42,126,25,131,0,82,122,44,3,95,39,19,112" hai3="7,79,101,113,94,20,9,34,105,70,10,120,64"/><W109/><G10/><T65/><D4/><U47/><E33/><V51/><F112/><W87/><G113/><T76/><D76/><U119/><E119/><V16/><F126/><W73/><G120/><T127/><D127/><U61/><E125/><V40/><F131/><W129/><G20/><T71/><D50/><U14/><E38/><V128/><F128/><W15/><G129/><T85/><D91/><U6/><E99/><V45/><F122/><W29/><G94/><T75/><D75/><U30/><E97/><V41/><F41/><W67/><G87/><T117/><D117/><U123/><E123/><V115/><F115/><W72/><G79/><T2/><D2/><U81/><E30/><V31/><F95/><W90/><G90/><T56/><D56/><U84/><E83/><V135/><F82/><W28/><G34/><T36/><D36/><U69/><E69/><V68/><F68/><W1/><G1/><T55/><D55/><U111/><E111/><V5/><F135/><N who="1" m="51721" /><E48/><V43/><F43/><W100/><G105/><T108/><D108/><U106/><E106/><V93/><F93/><W57/><G57/><T107/><D107/><U13/><E14/><V132/><F132/><W104/><G104/><T96/><D71/><U35/><E35/><V124/><F124/><W54/><G70/><T77/><D77/><U63/><E63/><V17/><REACH who="2" step="1"/><F5/><REACH who="2" ten="215,178,220,377" step="2"/><W80/><G80/><N who="0" m="49191" /><D103/><N who="3" m="39497" /><G109/><T12/><AGARI ba="2,1" hai="12,18,23,49,52,59,65,66,92,96,102" m="49191" machi="12" ten="30,4000,0" yaku="8,1,54,2" doraHai="26" who="0" fromWho="0" sc="215,56,178,-12,220,-12,377,-22" /><INIT seed="4,0,0,4,4,42" ten="271,166,208,355" oya="0" hai0="125,80,2,56,33,90,32,106,97,24,75,3,54" hai1="104,66,78,68,117,38,105,88,135,95,15,52,74" hai2="60,28,101,1,70,87,27,89,118,14,112,13,20" hai3="114,10,36,47,50,64,58,67,134,81,49,35,22"/><T41/><D125/><U84/><E117/><V59/><F70/><W8/><G35/><T46/><D106/><U72/><E38/><V109/><F109/><W98/><G36/><T39/><D97/><U45/><E135/><V96/><F1/><W119/><G119/><T18/><D33/><U11/><E74/><V116/><F112/><W37/><G37/><T26/><D24/><U103/><E68/><V110/><F110/><W92/><G134/><T121/><D121/><U129/><E66/><N who="3" m="25130" /><G81/><T4/><D4/><U91/><E129/><V65/><F116/><W82/><G82/><T71/><D71/><U115/><E115/><V7/><F7/><W21/><G50/><T123/><D123/><U102/><E104/><V43/><F43/><N who="3" m="24831" /><G58/><T79/><D90/><U5/><E105/><V53/><F53/><W130/><G130/><T44/><D44/><U19/><E72/><V113/><F113/><W12/><G10/><T122/><D122/><U132/><E78/><V55/><F55/><W120/><G120/><T111/><D111/><U30/><E132/><V124/><F124/><W131/><G131/><T31/><REACH who="0" step="1"/><D18/><REACH who="0" ten="261,166,208,355" step="2"/><U9/><E91/><V86/><F118/><W34/><G34/><T76/><D76/><U17/><E17/><V61/><F89/><N who="3" m="55567" /><G114/><T108/><D108/><U77/><E77/><V23/><F96/><W73/><G73/><T94/><D94/><U6/><E6/><AGARI ba="0,1" hai="6,8,12,21,22" m="55567,24831,25130" machi="6" ten="30,2000,0" yaku="8,1,52,1" doraHai="42" who="3" fromWho="1" sc="261,0,166,-20,208,0,355,30" /><INIT seed="5,0,0,5,5,41" ten="261,146,208,385" oya="1" hai0="7,44,22,27,130,86,80,8,99,76,120,102,127" hai1="11,111,82,20,135,128,13,95,66,83,71,17,10" hai2="94,124,16,29,92,101,37,108,133,55,132,54,6" hai3="35,114,81,63,36,116,38,0,70,59,129,58,88"/><U97/><E111/><V23/><F108/><W2/><G35/><T18/><D127/><U62/><E135/><N who="2" m="51787" /><F124/><W28/><G28/><T26/><D130/><U113/><E128/><V85/><F29/><W47/><G129/><T25/><D120/><U24/><E113/><V33/><F33/><W126/><G126/><T42/><D99/><U119/><E119/><V104/><F6/><W123/><G123/><T79/><D79/><U77/><E77/><V57/><F37/><W1/><G114/><T43/><D43/><U31/><REACH who="1" step="1"/><E10/><REACH who="1" ten="261,136,208,385" step="2"/><V118/><F118/><W87/><G116/><T103/><D103/><AGARI ba="0,1" hai="11,13,17,20,24,31,62,66,71,82,83,95,97,103" machi="103" ten="30,11600,0" yaku="1,1,2,1,7,1,53,1" doraHai="41" doraHaiUra="14" who="1" fromWho="0" sc="261,-116,136,126,208,0,385,0" /><INIT seed="5,1,0,4,4,105" ten="145,262,208,385" oya="1" hai0="43,8,68,87,47,24,128,110,78,10,41,18,45" hai1="88,124,89,129,23,72,106,81,40,63,121,100,82" hai2="135,85,97,32,122,74,108,116,76,132,46,80,38" hai3="20,69,112,14,37,102,48,57,123,26,104,118,65"/><U101/><E40/><N who="2" m="22807" /><F116/><W9/><G112/><T13/><D68/><U107/><E23/><V95/><F108/><W39/><G69/><T59/><D110/><U52/><E63/><V31/><F122/><W28/><G123/><T114/><D128/><U44/><E44/><V60/><F60/><W127/><G127/><T98/><D114/><U27/><E52/><V55/><F55/><W103/><G118/><T4/><D59/><U54/><E54/><V125/><F125/><W34/><G34/><T12/><D98/><U71/><E71/><V94/><F85/><W119/><G119/><T22/><D47/><U33/><E27/><N who="2" m="18559" /><F97/><W16/><G104/><N who="1" m="39978" /><E33/><V53/><F53/><W66/><G37/><T90/><D78/><N who="1" m="44231" /><E121/><V70/><F70/><W77/><G39/><T115/><D115/><U62/><E62/><V7/><F7/><W99/><G48/><T113/><D45/><U73/><E124/><V0/><F0/><W19/><G57/><T11/><D11/><U84/><E129/><V25/><F25/><W64/><G65/><T120/><D120/><U83/><E89/><V1/><F1/><W36/><G36/><T126/><D126/><U134/><E134/><AGARI ba="1,0" hai="74,76,80,94,95,132,134,135" m="18559,22807" machi="134" ten="30,2000,0" yaku="20,1,52,1" doraHai="105" who="2" fromWho="1" sc="145,0,262,-23,208,23,385,0" /><INIT seed="6,0,0,0,2,81" ten="145,239,231,385" oya="2" hai0="77,41,113,134,128,78,73,64,72,56,92,94,30" hai1="87,20,6,125,48,95,129,131,85,112,24,119,118" hai2="60,18,65,105,76,132,104,54,44,106,55,126,21" hai3="0,53,135,124,34,1,84,11,50,47,10,14,98"/><V8/><F132/><W35/><G135/><T68/><D134/><U26/><E6/><V82/><F126/><W102/><G124/><T49/><D68/><U29/><E125/><V110/><F44/><W96/><G96/><T79/><D30/><U59/><E112/><V114/><F8/><W46/><G46/><T57/><D113/><U22/><E95/><V88/><F110/><W9/><G14/><T17/><D128/><N who="1" m="49227" /><E59/><V130/><F130/><W42/><G42/><T62/><D72/><U15/><E48/><V37/><F37/><W66/><G66/><T23/><D73/><U121/><E15/><V25/><F114/><W71/><G71/><T12/><REACH who="0" step="1"/><D41/><REACH who="0" ten="135,239,231,385" step="2"/><U108/><E108/><V5/><F104/><W83/><G0/><T97/><D97/><U127/><E127/><V101/><F105/><W19/><G1/><T93/><D93/><U67/><E29/><V27/><F106/><W100/><G98/><T80/><D80/><U116/><E119/><V43/><F43/><W31/><G31/><T4/><D4/><U39/><E116/><V63/><F5/><W70/><G70/><T52/><AGARI ba="0,1" hai="12,17,23,49,52,56,57,62,64,77,78,79,92,94" machi="52" ten="30,7900,0" yaku="1,1,0,1,8,1,54,1,53,0" doraHai="81" doraHaiUra="28" who="0" fromWho="0" sc="135,89,239,-20,231,-39,385,-20" /><INIT seed="7,0,0,5,5,1" ten="224,219,192,365" oya="3" hai0="31,76,29,20,22,134,111,105,45,94,106,7,35" hai1="8,102,41,130,48,14,121,26,83,53,77,123,114" hai2="39,33,27,93,112,109,43,132,101,84,99,55,0" hai3="133,23,70,38,80,82,18,54,2,37,126,52,59"/><W30/><G2/><T127/><D111/><U21/><E41/><V24/><F109/><W51/><G70/><T116/><D76/><U96/><E114/><V12/><F0/><W78/><G30/><T110/><D35/><U10/><E130/><V117/><F117/><W11/><G82/><T86/><D45/><U15/><E15/><V103/><F112/><W32/><G32/><T28/><D94/><U50/><E50/><V63/><F132/><W19/><G126/><T108/><D86/><U113/><E113/><V69/><F33/><W44/><G18/><T85/><D85/><U36/><E36/><V4/><F101/><W62/><G11/><T57/><D57/><U71/><E71/><V124/><F124/><W98/><G98/><T131/><D31/><U25/><E123/><V66/><F55/><W47/><G47/><T74/><D74/><U56/><E121/><V92/><F39/><W119/><G133/><T87/><D134/><U60/><E60/><V3/><F43/><W107/><G107/><T88/><D116/><U95/><E21/><N who="0" m="8297" /><D131/><U75/><E10/><V104/><F3/><W13/><G119/><T125/><D106/><U65/><E65/><V58/><F69/><W34/><G34/><T100/><D108/><U42/><E42/><V97/><F84/><AGARI ba="0,0" hai="13,19,23,37,38,44,51,52,54,59,62,78,80,84" machi="84" ten="30,2900,0" yaku="7,1,54,1" doraHai="1" who="3" fromWho="2" sc="224,0,219,0,192,-29,365,29" owari="224,2.0,219,-18.0,163,-34.0,394,50.0" /></mjloggm>