<mjloggm ver="2.3"><GO type="225" lobby="0"/><UN n0="%E3%83%AD%E3%83%9C%E3%82%B3%E3%83%97" n1="%E6%9E%9D%E8%B1%86%E3%82%AB%E3%83%AC%E3%83%BC%E7%94%98%E5%8F%A3" n2="%E7%89%B9%E4%B8%8A%E3%81%AE%E9%A4%8A%E5%88%86" n3="%E5%B0%B1%E6%B4%BB%E7%94%9F%40%E5%B7%9D%E6%9D%91%E8%BB%8D%E5%9B%A3" dan="16,16,16,17" rate="2132.71,2093.04,2151.87,2164.14" sx="M,F,M,M"/><TAIKYOKU oya="0"/><INIT seed="0,0,0,0,0,96" ten="250,250,250,250" oya="0" hai0="83,75,125,51,95,127,86,78,134,23,101,45,13" hai1="1,111,79,90,116,67,53,93,104,130,16,91,63" hai2="76,98,26,113,59,129,29,114,58,21,92,112,105" hai3="41,65,103,39,133,80,74,17,6,60,108,115,25"/><T56/><D56/><U107/><E116/><V68/><F68/><W54/><G115/><T27/><D13/><U28/><E79/><V120/><F120/><W55/><G6/><T7/><D7/><U37/><E28/><V33/><F129/><W14/><G108/><T89/><D134/><U15/><E93/><V2/><F2/><W87/><G74/><T126/><D101/><U132/><E15/><V12/><F105/><W70/><G103/><T77/><D77/><U100/><E100/><V128/><F76/><W122/><G25/><T3/><D3/><U61/><E53/><V82/><F82/><W71/><G71/><T30/><REACH who="0" step="1"/><D126/><REACH who="0" ten="240,250,250,250" step="2"/><U102/><E102/><V10/><F114/><W8/><G133/><T9/><D9/><U110/><E1/><V52/><F113/><W11/><G11/><T121/><D121/><U64/><E132/><V22/><F112/><W88/><G122/><T123/><D123/><U99/><E110/><V84/><F59/><W35/><G35/><T109/><D109/><U18/><E111/><V31/><F33/><W66/><G66/><T46/><D46/><U131/><E99/><V44/><F44/><W117/><G117/><T38/><D38/><AGARI ba="0,1" hai="16,18,37,38,61,63,64,67,90,91,104,107,130,131" machi="38" ten="25,3200,0" yaku="22,2,54,1" doraHai="96" who="1" fromWho="0" sc="240,-32,250,42,250,0,250,0" /><INIT seed="1,0,0,2,3,6" ten="208,292,250,250" oya="1" hai0="26,49,59,91,41,20,37,12,68,2,106,65,77" hai1="8,5,33,61,13,60,103,3,25,109,43,97,110" hai2="100,131,82,76,10,83,62,102,7,130,67,89,111" hai3="55,46,133,66,120,114,40,9,117,107,0,71,38"/><U132/><E132/><V15/><F111/><N who="1" m="42505" /><E43/><V124/><F124/><W34/><G34/><T85/><D2/><U64/><E13/><V22/><F22/><W35/><G35/><T23/><D37/><U75/><E75/><V113/><F113/><W51/><G107/><T135/><D106/><N who="1" m="63855" /><E64/><V21/><F21/><W119/><G120/><T11/><D65/><U24/><E24/><V104/><F89/><W52/><G114/><T72/><D26/><U42/><E42/><V112/><F112/><W94/><G133/><T31/><D41/><U1/><E3/><V84/><F83/><W14/><G94/><T48/><D135/><U87/><E87/><V105/><F105/><W90/><G0/><T101/><D85/><U127/><E127/><V98/><REACH who="2" step="1"/><F102/><REACH who="2" ten="208,292,240,250" step="2"/><W79/><G90/><T47/><D91/><U86/><E86/><V36/><F36/><W29/><G79/><T129/><D77/><U95/><E95/><V45/><F45/><W73/><G73/><T80/><D72/><U17/><E33/><V123/><F123/><W118/><G38/><T108/><D47/><U50/><E50/><V88/><F88/><W70/><G29/><T81/><D31/><U128/><E128/><V99/><F99/><W54/><G66/><T78/><D129/><U56/><E56/><AGARI ba="0,1" hai="7,10,15,56,62,67,76,82,84,98,100,104,130,131" machi="56" ten="40,2600,0" yaku="1,1,52,1,53,0" doraHai="6" doraHaiUra="30" who="2" fromWho="1" sc="208,0,292,-26,240,36,250,0" /><INIT seed="2,0,0,2,0,91" ten="208,266,276,250" oya="2" hai0="26,5,4,98,34,100,94,99,97,65,42,11,135" hai1="48,52,76,61,7,20,112,9,70,127,113,12,35" hai2="33,84,37,88,21,125,0,102,85,107,96,18,117" hai3="90,80,95,66,28,60,81,105,72,79,71,86,106"/><V50/><F37/><W59/><G28/><T62/><D135/><U93/><E35/><V44/><F33/><W104/><REACH who="3" step="1"/><G71/><REACH who="3" ten="208,266,276,240" step="2"/><T56/><D42/><U123/><E70/><V110/><F117/><W109/><G109/><T82/><D82/><AGARI ba="0,1" hai="59,60,66,72,79,80,81,82,86,90,95,104,105,106" machi="82" ten="40,8000,1" yaku="1,1,52,1,53,3" doraHai="91" doraHaiUra="78" who="3" fromWho="0" sc="208,-80,266,0,276,0,240,90" /><INIT seed="3,0,0,2,4,100" ten="128,266,276,330" oya="3" hai0="10,99,8,105,4,71,126,57,5,134,52,2,46" hai1="55,95,114,125,29,101,106,6,16,23,40,104,103" hai2="94,117,42,72,132,69,77,39,92,110,84,102,122" hai3="96,34,107,97,27,112,25,81,108,22,121,129,80"/><W130/><G121/><T87/><D71/><U133/><E114/><V135/><F69/><W31/><G108/><T120/><D120/><U1/><E103/><V73/><F122/><W64/><G64/><T9/><D126/><U62/><E40/><V93/><F42/><W56/><G56/><T118/><D118/><U17/><E29/><V79/><F39/><W50/><G50/><T63/><D134/><N who="2" m="51242" /><F117/><W44/><G44/><T58/><D87/><U35/><E35/><V13/><F13/><W82/><G107/><T30/><D30/><U7/><E133/><V0/><F0/><W45/><G45/><T65/><D2/><U88/><E17/><V61/><F61/><W49/><G49/><T38/><D38/><U83/><E83/><N who="2" m="47231" /><F110/><W37/><G37/><T91/><D46/><U18/><E18/><V115/><F115/><W67/><G67/><T32/><D32/><U111/><E125/><V33/><F33/><W15/><G15/><T54/><D65/><U75/><E111/><V131/><F131/><N who="3" m="50187" /><G112/><T98/><D105/><U123/><E123/><V76/><F102/><W3/><G3/><T66/><D66/><U70/><E1/><V28/><F28/><AGARI ba="0,0" hai="22,25,27,28,31,34,80,81,82,96,97" m="50187" machi="28" ten="30,1500,0" yaku="19,1" doraHai="100" who="3" fromWho="2" sc="128,0,266,0,276,-15,330,15" owari="128,-37.0,266,7.0,261,-14.0,345,44.0" /></mjloggm>