<mjloggm ver="2.3"><GO type="169" lobby="0"/><UN n0="%E3%81%B5%E3%81%8B%E3%81%98" n1="%E3%81%A9%E3%82%93%E3%82%88%E3%81%8F" n2="%E3%83%88%E3%83%88%E3%83%AA%E5%85%88%E7%94%9F%31%39%E6%AD%B3" n3="%E3%83%86%E3%83%AC%E3%83%93%E3%81%A3%E5%AD%90" dan="16,19,18,17" rate="2090.13,2305.53,2207.91,2139.02" sx="M,M,F,M"/><TAIKYOKU oya="0"/><INIT seed="0,0,0,2,3,72" ten="250,250,250,250" oya="0" hai0="78,92,29,110,46,132,81,52,88,60,15,83,50" hai1="131,5,40,23,54,112,122,56,45,1,32,134,58" hai2="34,35,55,128,116,84,19,108,9,31,24,10,120" hai3="91,102,6,65,3,114,27,13,119,20,41,118,38"/><T79/><D132/><U105/><E122/><V42/><F120/><W44/><G114/><T48/><D110/><U80/><E105/><V43/><F35/><W85/><G3/><T125/><D125/><U77/><E32/><V82/><F108/><W17/><G102/><T47/><D29/><U37/><E134/><V16/><F128/><W115/><G115/><T63/><D15/><U26/><E131/><V21/><F116/><W33/><G65/><T51/><D51/><U59/><E112/><V11/><F55/><W89/><G89/><T101/><D101/><U14/><E14/><V73/><F73/><W126/><G126/><T86/><D81/><U129/><E129/><V8/><N who="2" m="2048" /><DORA hai="57" /><V99/><F99/><W18/><G6/><T25/><D25/><U53/><E5/><V111/><F111/><W2/><G2/><T113/><D113/><U70/><E70/><V49/><F49/><W7/><G7/><T66/><D66/><U107/><E107/><V98/><F98/><W96/><G96/><N who="0" m="57351" /><D79/><U39/><E39/><V94/><F94/><W69/><G69/><T0/><D0/><U87/><REACH who="1" step="1"/><E1/><REACH who="1" ten="250,240,250,250" step="2"/><V71/><F71/><W93/><G33/><T124/><D124/><U22/><E22/><AGARI ba="0,1" hai="13,17,18,20,22,27,38,41,44,85,91,93,118,119" machi="22" ten="30,1000,0" yaku="7,1" doraHai="72,57" who="3" fromWho="1" sc="250,0,240,-10,250,0,250,20" /><INIT seed="1,0,0,3,4,83" ten="250,230,250,270" oya="1" hai0="102,133,31,108,29,16,19,87,57,23,10,99,112" hai1="32,27,15,43,111,70,78,94,2,114,95,45,101" hai2="97,134,24,126,53,132,37,44,17,71,25,125,81" hai3="121,123,86,69,130,46,21,80,76,75,60,49,13"/><U56/><E70/><V28/><F71/><W40/><G130/><T33/><D112/><U11/><E2/><V105/><F17/><W72/><G21/><T89/><D33/><U106/><E114/><V8/><F8/><W20/><G20/><T93/><D108/><U90/><E78/><V113/><F113/><W18/><G18/><T54/><D10/><U96/><E111/><V131/><F131/><W73/><REACH who="3" step="1"/><G13/><REACH who="3" ten="250,230,250,260" step="2"/><N who="0" m="9615" /><D19/><U118/><E118/><V0/><F0/><W135/><G135/><T107/><D133/><U12/><E12/><V34/><F134/><W14/><G14/><T47/><D47/><U30/><E56/><V39/><F132/><W124/><G124/><T1/><D1/><U62/><E62/><V84/><F125/><W50/><G50/><N who="0" m="30935" /><D31/><U67/><E15/><V119/><F119/><W61/><G61/><T58/><D29/><U59/><E11/><V6/><F28/><W82/><G82/><T26/><D58/><U129/><E129/><V109/><F109/><W92/><G92/><T9/><D9/><U52/><E67/><AGARI ba="0,1" hai="40,46,49,60,67,69,72,73,75,76,80,86,121,123" machi="67" ten="40,2600,0" yaku="1,1,52,1,53,0" doraHai="83" doraHaiUra="7" who="3" fromWho="1" sc="250,0,230,-26,250,0,260,36" /><INIT seed="2,0,0,1,2,80" ten="250,204,250,296" oya="2" hai0="119,9,8,106,0,64,55,39,3,133,108,117,122" hai1="18,101,24,38,68,4,49,96,115,70,88,36,61" hai2="93,107,17,13,27,83,25,110,91,87,128,71,14" hai3="41,131,76,121,59,11,129,120,125,6,51,53,44"/><V34/><F107/><W77/><G77/><T81/><D106/><U112/><E4/><V40/><F71/><W62/><G76/><T60/><D122/><N who="3" m="47209" /><G11/><N who="0" m="4171" /><D39/><U12/><E24/><V33/><F128/><N who="3" m="49227" /><G6/><T104/><D104/><U52/><E36/><V85/><F110/><W29/><G29/><T84/><D55/><U89/><E38/><V56/><F40/><W31/><G31/><T109/><D133/><U86/><E61/><V114/><F114/><W103/><G103/><T127/><D127/><AGARI ba="0,0" hai="41,44,51,53,59,62,125,127" m="49227,47209" machi="127" ten="40,5200,0" yaku="19,1,34,2" doraHai="80" who="3" fromWho="0" sc="250,-52,204,0,250,0,296,52" /><INIT seed="3,0,0,0,0,51" ten="198,204,250,348" oya="3" hai0="19,22,84,71,125,40,92,101,18,56,2,17,11" hai1="123,119,118,63,86,127,9,66,13,85,116,35,115" hai2="46,3,0,37,73,110,126,54,90,67,29,53,62" hai3="89,6,52,75,94,45,30,79,24,131,129,72,61"/><W50/><G6/><T78/><D71/><U64/><E115/><V81/><F29/><W44/><G79/><T106/><D125/><U20/><E123/><V99/><F126/><W8/><G8/><T28/><D106/><U107/><E35/><V77/><F110/><W23/><G61/><T108/><D108/><U96/><E127/><V4/><F90/><W21/><G21/><T41/><D2/><U114/><E20/><V49/><F99/><W7/><G7/><T88/><D11/><U113/><E107/><V135/><F135/><W57/><G75/><T91/><D101/><U58/><E96/><V10/><F37/><W68/><G72/><T15/><D78/><U109/><E64/><V82/><F82/><W70/><G70/><T134/><D134/><U111/><E111/><V133/><F133/><W95/><G68/><T1/><D1/><U38/><E38/><V128/><F128/><N who="3" m="49227" /><G95/><N who="0" m="54663" /><D56/><U60/><E60/><V32/><F32/><W48/><G48/><T59/><D59/><U12/><E109/><V47/><F3/><W97/><AGARI ba="0,0" hai="23,24,30,44,45,50,52,57,89,94,97" m="49227" machi="97" ten="30,6000,0" yaku="19,1,52,1,54,1" doraHai="51" who="3" fromWho="3" sc="198,-20,204,-20,250,-20,348,60" /><INIT seed="3,1,0,5,4,7" ten="178,184,230,408" oya="3" hai0="35,127,44,68,61,77,41,55,47,23,27,43,134" hai1="71,83,114,30,123,38,125,72,96,56,102,99,29" hai2="17,20,113,37,116,87,105,25,16,9,4,89,95" hai3="45,91,94,49,79,82,51,101,39,98,118,65,92"/><W14/><G118/><T100/><D35/><U31/><E71/><V128/><F128/><W13/><G39/><T8/><D134/><U76/><E123/><V32/><F37/><W34/><G34/><T73/><D127/><U5/><E114/><V124/><F124/><W62/><G82/><T132/><D132/><U28/><E38/><V3/><F113/><W1/><G79/><T66/><D100/><U70/><E70/><V112/><F112/><W67/><G1/><T52/><D44/><U64/><N who="1" m="7168" /><DORA hai="6" /><U33/><E33/><V78/><F32/><W111/><G111/><T12/><D77/><U104/><E99/><V107/><F116/><W130/><G130/><T84/><D84/><U120/><E120/><V48/><F78/><W53/><G51/><T103/><D103/><U26/><E26/><V85/><F85/><W110/><G110/><T90/><D90/><U117/><E117/><V81/><F81/><W10/><G14/><T59/><D73/><U22/><E22/><V15/><F48/><W19/><G62/><T122/><D122/><U0/><E125/><V40/><F40/><N who="0" m="15434" /><D47/><U135/><E135/><V21/><AGARI ba="1,0" hai="3,4,9,15,16,17,20,21,25,87,89,95,105,107" machi="21" ten="20,8000,1" yaku="0,1,7,1,52,2,54,1" doraHai="7,6" who="2" fromWho="2" sc="178,-21,184,-21,230,83,408,-41" /><INIT seed="4,0,0,1,5,39" ten="157,163,313,367" oya="0" hai0="124,15,107,47,64,112,118,52,99,121,111,86,70" hai1="79,32,127,46,12,61,17,48,120,8,88,31,96" hai2="87,36,128,38,5,114,14,95,63,122,24,85,58" hai3="51,45,19,23,131,123,113,105,106,117,66,130,108"/><T60/><D118/><U100/><E120/><V27/><F122/><W54/><G123/><T132/><D121/><U44/><E79/><V53/><F114/><W133/><G113/><T75/><D75/><U35/><E127/><V49/><F128/><N who="3" m="49195" /><G117/><T72/><D112/><U67/><E31/><V57/><F36/><W25/><G108/><T103/><D72/><U34/><E48/><V69/><F69/><W22/><G133/><T9/><D132/><U0/><E0/><V74/><F74/><W90/><G66/><T10/><D124/><U59/><REACH who="1" step="1"/><E88/><REACH who="1" ten="157,153,313,367" step="2"/><N who="2" m="53647" /><F38/><W134/><G134/><T110/><D111/><U92/><AGARI ba="0,1" hai="8,12,17,32,34,35,44,46,59,61,67,92,96,100" machi="92" ten="30,2000,0" yaku="1,1,0,1,53,0" doraHai="39" doraHaiUra="81" who="1" fromWho="1" sc="157,-10,153,30,313,-5,367,-5" /><INIT seed="5,0,0,3,3,102" ten="147,183,308,362" oya="1" hai0="2,66,85,104,30,25,36,101,80,100,113,7,11" hai1="42,73,121,32,52,34,5,39,4,92,10,22,89" hai2="49,126,28,77,23,128,79,17,14,65,55,108,45" hai3="74,62,91,75,54,21,26,47,110,38,98,135,31"/><U76/><E121/><V50/><F108/><W82/><G110/><T112/><D36/><U6/><E10/><V43/><F128/><W29/><G135/><T132/><D66/><U111/><E111/><V53/><F126/><W41/><G31/><T120/><D132/><U27/><E42/><V87/><F43/><W33/><G33/><T97/><D101/><U114/><E39/><V81/><F65/><W59/><G82/><T103/><D103/><U105/><E105/><V94/><F28/><W130/><G130/><T69/><D69/><U106/><E106/><V63/><F63/><W95/><AGARI ba="0,0" hai="21,26,29,38,41,47,54,59,62,74,75,91,95,98" machi="95" ten="30,1100,0" yaku="0,1" doraHai="102" who="3" fromWho="3" sc="147,-3,183,-5,308,-3,362,11" /><INIT seed="6,0,0,4,0,107" ten="144,178,305,373" oya="2" hai0="36,48,27,60,32,40,119,34,110,111,3,22,2" hai1="93,114,37,126,59,5,41,72,54,134,87,86,1" hai2="104,43,97,96,6,7,109,133,113,73,131,55,39" hai3="135,61,122,117,120,25,70,129,74,45,132,76,62"/><V46/><F113/><W20/><G117/><T67/><D36/><U105/><E105/><V8/><F131/><W91/><G129/><T57/><D119/><U68/><E68/><V112/><F112/><W100/><G100/><T69/><D40/><U12/><E1/><V71/><F71/><W84/><G45/><T99/><D99/><U115/><E126/><V35/><F35/><W26/><G76/><T118/><D118/><U103/><E134/><V94/><F133/><N who="3" m="51275" /><G74/><T78/><D78/><U130/><E72/><V30/><F30/><N who="3" m="17703" /><G26/><T98/><D34/><U23/><E41/><V127/><F127/><W50/><G50/><T33/><D32/><U92/><E37/><V17/><F73/><W125/><G125/><T63/><D33/><U38/><E38/><V44/><F109/><W24/><G24/><T9/><D48/><U28/><E103/><V19/><F104/><W79/><G79/><T85/><D3/><U52/><E28/><V90/><F96/><W66/><G62/><T58/><D60/><U31/><E31/><V11/><F46/><W13/><G13/><T82/><D98/><U42/><E130/><V49/><F43/><W124/><G124/><T47/><D47/><U123/><E42/><V65/><F39/><W106/><G106/><T83/><D110/><U21/><E12/><N who="2" m="7327" /><F65/><W88/><G84/><T95/><D111/><U16/><E114/><V64/><F64/><W29/><G29/><N who="0" m="17655" /><D2/><U0/><E0/><V10/><F19/><W81/><G81/><N who="0" m="30731" /><D9/><AGARI ba="0,0" hai="6,7,8,9,10,44,49,55,90,94,97" m="7327" machi="9" ten="30,1500,0" yaku="8,1" doraHai="107" who="2" fromWho="0" sc="144,-15,178,0,305,15,373,0" /><INIT seed="6,1,0,2,0,80" ten="129,178,320,373" oya="2" hai0="84,91,1,130,31,14,50,117,29,102,116,134,72" hai1="115,66,0,15,5,42,43,44,48,12,52,74,11" hai2="34,78,85,45,55,121,69,13,32,112,107,83,24" hai3="25,51,4,41,54,98,46,120,27,8,87,40,36"/><V26/><F121/><W6/><G120/><T59/><D1/><U65/><E115/><V128/><F107/><W7/><G8/><T67/><D72/><U56/><E74/><V92/><F69/><W127/><G127/><T2/><D2/><U61/><E42/><N who="3" m="16490" /><G36/><T64/><D130/><U49/><REACH who="1" step="1"/><E66/><REACH who="1" ten="129,168,320,373" step="2"/><N who="0" m="25129" /><D134/><U118/><E118/><N who="0" m="45673" /><D102/><U96/><E96/><V23/><F112/><W77/><G98/><T73/><D73/><U125/><E125/><V86/><F128/><W131/><G131/><T9/><D59/><AGARI ba="1,1" hai="0,5,11,12,15,43,44,48,49,52,56,59,61,65" machi="59" ten="30,3900,0" yaku="1,1,7,1,54,1,53,0" doraHai="80" doraHaiUra="28" who="1" fromWho="0" sc="129,-42,168,52,320,0,373,0" /><INIT seed="7,0,0,2,2,12" ten="87,220,320,373" oya="3" hai0="54,135,48,19,117,103,89,104,17,36,126,95,56" hai1="74,123,76,39,5,133,22,9,132,78,124,112,98" hai2="119,0,111,77,59,58,27,44,82,2,13,108,35" hai3="15,109,84,120,32,50,85,128,49,69,75,57,72"/><W106/><G69/><T105/><D117/><U114/><E39/><V40/><F119/><W116/><G32/><T1/><D36/><U97/><E22/><V100/><F100/><W93/><G106/><T28/><D1/><U67/><E67/><V41/><F13/><W66/><G120/><T30/><D126/><U52/><E52/><V125/><F125/><W87/><G116/><T37/><D37/><U65/><E65/><V63/><F82/><W131/><G93/><T134/><D104/><U118/><E118/><V68/><F77/><N who="1" m="29801" /><E74/><V46/><F27/><W122/><G122/><T24/><D103/><U3/><E123/><V31/><F35/><W55/><G66/><T88/><D105/><U4/><E124/><V42/><F31/><N who="0" m="11818" /><D24/><U96/><E9/><V38/><F38/><W81/><G75/><T34/><D34/><U26/><E26/><V11/><F11/><W6/><G72/><T8/><D8/><U60/><E60/><V71/><F41/><W61/><G50/><T64/><D64/><U16/><E3/><V101/><F101/><W25/><G61/><AGARI ba="0,0" hai="0,2,40,42,44,46,58,59,61,63,68,71,108,111" machi="61" ten="25,1600,0" yaku="22,2" doraHai="12" who="2" fromWho="3" sc="87,0,220,0,320,16,373,-16" owari="87,-41.0,220,-18.0,336,14.0,357,45.0" /></mjloggm>