<mjloggm ver="2.3"><GO type="225" lobby="0"/><UN n0="%E3%81%84%E3%81%A3%E3%81%9F%E3%82%93" n1="%E7%82%8E%E3%81%AE%E3%82%B7%E3%83%A5%E3%83%AC%E3%83%B3" n2="%E5%B0%B1%E6%B4%BB%E7%94%9F%40%E5%B7%9D%E6%9D%91%E8%BB%8D%E5%9B%A3" n3="%E3%82%AF%E3%83%AA%E3%82%B9%E3%82%AB" dan="17,16,17,16" rate="2109.13,2112.66,2189.72,2100.31" sx="M,M,M,M"/><TAIKYOKU oya="0"/><INIT seed="0,0,0,5,3,110" ten="250,250,250,250" oya="0" hai0="82,124,27,81,74,47,17,42,129,119,67,99,69" hai1="60,101,78,123,23,31,12,46,128,118,5,54,29" hai2="38,106,90,58,25,16,88,91,28,36,4,37,127" hai3="45,33,80,40,73,39,21,121,65,41,53,22,112"/><T134/><D119/><U55/><E118/><V94/><F106/><W109/><G121/><T64/><D124/><U51/><E123/><V19/><F127/><W49/><G109/><T104/><D129/><U10/><E128/><V111/><F111/><W102/><G33/><T97/><D134/><U2/><E101/><V108/><F108/><W125/><G125/><T130/><D130/><U103/><E103/><V8/><F58/><W76/><G112/><T113/><D113/><U32/><E32/><V135/><F94/><W75/><G75/><T85/><D74/><U96/><E96/><N who="0" m="36937" /><D69/><U66/><E78/><V68/><F68/><W71/><G102/><T117/><D104/><U18/><REACH who="1" step="1"/><E54/><REACH who="1" ten="250,240,250,250" step="2"/><V63/><F135/><W105/><G105/><T6/><D117/><U98/><E98/><V59/><F91/><W86/><G73/><T43/><D85/><U62/><E62/><V70/><F90/><W100/><G100/><T0/><D64/><U7/><E7/><V133/><F88/><W89/><G76/><T93/><D67/><U1/><E1/><V56/><F133/><W95/><G95/><T52/><D93/><U35/><E35/><V13/><F70/><AGARI ba="0,1" hai="2,5,10,12,18,23,29,31,46,51,55,60,66,70" machi="70" ten="30,2000,0" yaku="1,1,7,1,53,0" doraHai="110" doraHaiUra="79" who="1" fromWho="2" sc="250,0,240,30,250,-20,250,0" /><INIT seed="1,0,0,1,4,86" ten="250,270,230,250" oya="1" hai0="5,132,123,12,26,10,115,84,90,72,55,14,50" hai1="17,33,79,97,78,1,82,100,77,65,96,75,107" hai2="80,31,88,95,105,54,106,64,118,36,99,34,101" hai3="57,47,92,6,109,41,48,25,22,35,23,125,38"/><U20/><E1/><V87/><F36/><W56/><G109/><T21/><D72/><U62/><E33/><V71/><F118/><W104/><G104/><T67/><D115/><U52/><E97/><V53/><F105/><W120/><G125/><T29/><D132/><U116/><E116/><V70/><F80/><W114/><G120/><T110/><D110/><U13/><REACH who="1" step="1"/><E52/><REACH who="1" ten="250,260,230,250" step="2"/><V74/><F74/><W69/><G35/><T73/><D123/><U60/><E60/><N who="2" m="40199" /><F71/><AGARI ba="0,1" hai="13,17,20,62,65,71,75,77,78,79,82,96,100,107" machi="71" ten="30,2900,0" yaku="1,1,7,1,53,0" doraHai="86" doraHaiUra="81" who="1" fromWho="2" sc="250,0,260,39,230,-29,250,0" /><INIT seed="1,1,0,1,0,75" ten="250,299,201,250" oya="1" hai0="28,71,29,25,111,78,118,60,125,68,5,40,13" hai1="2,53,121,43,45,7,107,19,133,4,58,42,110" hai2="49,123,103,85,98,127,114,23,47,27,16,10,69" hai3="120,89,106,93,88,41,34,59,115,39,122,32,108"/><U35/><E35/><V67/><F123/><W102/><G115/><T14/><D118/><U73/><E121/><V9/><F114/><W105/><G108/><T36/><D111/><U83/><E107/><V20/><F127/><W119/><G119/><T99/><D29/><U21/><E110/><V52/><F23/><W90/><G39/><T18/><D5/><U64/><E64/><V33/><F33/><W94/><G41/><T30/><D14/><U24/><E133/><V51/><F51/><W129/><G90/><T48/><D36/><U50/><E2/><V124/><F124/><W131/><REACH who="3" step="1"/><G59/><REACH who="3" ten="250,299,201,240" step="2"/><T15/><D40/><U12/><E43/><V113/><F113/><W6/><G6/><T80/><D125/><U87/><E73/><V100/><F100/><AGARI ba="1,1" hai="32,34,88,89,93,94,100,102,105,106,120,122,129,131" machi="100" ten="25,6400,0" yaku="1,1,22,2,54,1,53,0" doraHai="75" doraHaiUra="74" who="3" fromWho="2" sc="250,0,299,0,201,-67,240,77" /><INIT seed="2,0,0,5,5,16" ten="250,299,134,317" oya="2" hai0="128,68,88,30,22,1,93,10,11,33,69,48,63" hai1="105,13,110,53,81,12,108,28,133,23,3,78,34" hai2="56,20,35,89,49,31,50,74,2,86,44,115,95" hai3="118,57,40,103,132,87,106,26,6,134,109,38,127"/><V9/><F115/><W19/><G118/><T107/><D107/><U5/><E133/><N who="3" m="51306" /><G38/><T126/><D33/><U70/><E105/><V83/><F35/><W120/><G40/><T112/><D112/><U8/><E70/><V47/><F2/><W80/><G120/><T82/><D126/><U73/><E53/><V117/><F117/><W4/><G127/><T101/><D1/><U77/><E77/><V27/><F9/><W131/><G131/><T59/><D69/><U72/><E72/><V129/><F129/><W100/><G57/><T15/><D68/><U7/><E7/><N who="3" m="2602" /><G106/><T130/><D48/><U91/><E91/><V32/><F32/><W55/><G55/><T71/><D71/><U61/><E61/><V123/><F123/><W42/><G42/><T39/><D39/><U90/><E90/><V54/><REACH who="2" step="1"/><F50/><REACH who="2" ten="250,299,124,317" step="2"/><W60/><G109/><N who="1" m="42090" /><E34/><V99/><F99/><W17/><G60/><T98/><D128/><U94/><E3/><V92/><F92/><W65/><G65/><N who="0" m="39167" /><D130/><U24/><E94/><V66/><F66/><W84/><G84/><N who="0" m="50199" /><D11/><U121/><E121/><V36/><F36/><W75/><G87/><T41/><D10/><U114/><E114/><V111/><F111/><W0/><G0/><T122/><D122/><U14/><AGARI ba="0,1" hai="5,8,12,13,14,23,24,28,73,78,81" m="42090" machi="14" ten="30,2000,0" yaku="14,1,52,1" doraHai="16" who="1" fromWho="1" sc="250,-5,299,30,124,-10,317,-5" /><INIT seed="3,0,0,0,0,127" ten="245,329,114,312" oya="3" hai0="90,51,119,92,30,84,41,114,35,19,39,20,106" hai1="2,48,120,102,97,105,78,59,86,6,117,14,96" hai2="29,125,42,50,94,27,23,46,13,9,1,118,36" hai3="111,134,89,82,113,56,7,131,64,52,116,4,124"/><W53/><G113/><T22/><D106/><U62/><E120/><V25/><F125/><W91/><G124/><T95/><D39/><U43/><E2/><V65/><F118/><W8/><G116/><T15/><D114/><U73/><E73/><V12/><F1/><W115/><G115/><T100/><D119/><U54/><E96/><V135/><F36/><W66/><G134/><T71/><D71/><U3/><E3/><V132/><F135/><W80/><G111/><T85/><D35/><U83/><E117/><V87/><F132/><W69/><G56/><T5/><D5/><U123/><E123/><V98/><F65/><W18/><G8/><T128/><D128/><U72/><E72/><V79/><F27/><W93/><G131/><T75/><D75/><U77/><E77/><V34/><F34/><W122/><G122/><T129/><D129/><U38/><E38/><V81/><REACH who="2" step="1"/><F9/><REACH who="2" ten="245,329,104,312" step="2"/><W26/><G66/><T60/><D30/><U40/><E62/><V74/><F74/><W37/><G64/><T108/><D60/><U133/><E133/><V24/><F24/><W58/><G37/><T11/><D11/><U0/><E0/><V112/><F112/><W16/><G26/><T33/><D33/><U101/><E14/><V49/><F49/><W130/><G130/><T107/><D15/><U70/><E70/><V88/><AGARI ba="0,1" hai="12,13,23,25,29,42,46,50,79,81,87,88,94,98" machi="88" ten="20,8000,1" yaku="1,1,0,1,7,1,8,1,54,1,53,0" doraHai="127" doraHaiUra="99" who="2" fromWho="2" sc="245,-20,329,-20,104,90,312,-40" owari="225,-17.0,309,41.0,194,-31.0,272,7.0" /></mjloggm>