<mjloggm ver="2.3"><GO type="233" lobby="0"/><UN n0="%E3%82%A6%E3%83%AB%E3%83%88%E3%83%A9%E7%AB%8B%E7%9B%B4" n1="%E6%AE%8B%E5%B0%BF%E6%84%9F%E3%81%AA%E3%81%84%EF%BC%9F" n2="%79%61%6D%69" n3="%4D%4B%5A" dan="17,17,17,16" rate="2219.65,2196.17,2108.36,2110.11" sx="M,F,M,M"/><TAIKYOKU oya="0"/><INIT seed="0,0,0,1,4,85" ten="250,250,250,250" oya="0" hai0="19,28,13,22,113,99,56,115,37,69,83,67,132" hai1="73,82,88,4,55,74,109,108,96,27,35,71,15" hai2="3,50,62,117,53,133,114,23,101,105,60,21,130" hai3="102,51,120,129,32,7,76,61,107,40,78,42,92"/><T66/><D69/><U45/><E71/><V18/><F3/><W87/><G107/><T79/><D37/><U59/><E45/><V103/><F114/><W10/><G32/><T0/><D0/><U81/><E4/><V134/><F130/><W100/><G129/><T26/><D132/><N who="2" m="50794" /><F117/><W29/><G29/><T34/><D99/><U110/><E15/><N who="2" m="9439" /><F23/><W65/><G78/><T68/><D68/><U5/><E5/><V54/><F54/><W112/><G112/><T75/><REACH who="0" step="1"/><D67/><REACH who="0" ten="240,250,250,250" step="2"/><U20/><E108/><V64/><F64/><W122/><G65/><T48/><D48/><U89/><E110/><V86/><F50/><W1/><G51/><T47/><D47/><U121/><E109/><V80/><F62/><AGARI ba="0,1" hai="13,19,22,26,28,34,56,62,66,75,79,83,113,115" machi="62" ten="40,3900,0" yaku="1,1,53,1" doraHai="85" doraHaiUra="11" who="0" fromWho="2" sc="240,49,250,0,250,-39,250,0" /><INIT seed="0,1,0,1,1,13" ten="289,250,211,250" oya="0" hai0="123,127,26,54,111,51,119,12,43,120,96,112,89" hai1="3,94,124,110,29,72,24,80,77,69,86,17,130" hai2="25,41,50,100,62,106,22,115,121,4,37,27,135" hai3="76,39,88,9,91,33,19,70,68,16,116,21,90"/><T108/><D43/><U58/><E110/><N who="0" m="42025" /><D127/><U102/><E69/><V82/><F4/><W128/><G33/><T66/><D66/><U40/><E3/><V129/><F100/><W97/><G39/><T53/><D26/><U31/><E130/><V2/><F106/><W93/><G116/><T38/><D38/><U61/><E40/><V71/><F25/><N who="3" m="14503" /><G68/><T99/><D119/><U103/><E72/><V101/><F27/><W131/><G70/><T6/><D112/><U134/><E134/><V14/><F41/><W126/><G126/><T60/><D60/><U125/><E125/><V15/><F62/><W74/><G74/><T47/><D54/><U113/><E113/><V10/><F37/><W81/><G9/><N who="0" m="4151" /><D89/><U64/><E124/><V57/><F115/><W83/><G19/><T32/><D32/><U79/><E17/><V65/><F65/><W63/><G63/><T107/><D107/><U45/><E24/><V73/><F135/><W42/><G42/><T44/><D44/><U67/><E45/><V23/><F129/><N who="3" m="49739" /><G76/><T105/><D105/><U8/><E79/><V20/><F121/><AGARI ba="1,0" hai="47,51,53,96,99,120,121,123" m="4151,42025" machi="121" ten="30,2900,0" yaku="14,1,10,1" doraHai="13" who="0" fromWho="2" sc="289,32,250,0,211,-32,250,0" /><INIT seed="0,2,0,5,4,108" ten="321,250,179,250" oya="0" hai0="73,34,4,74,104,92,120,110,99,81,22,63,71" hai1="118,20,33,45,119,55,57,68,35,126,23,111,115" hai2="109,0,12,18,2,80,62,37,43,135,70,94,61" hai3="113,53,59,7,9,87,38,44,26,36,106,19,130"/><T83/><D34/><N who="1" m="12811" /><E57/><V116/><F135/><W100/><G113/><T41/><D41/><U51/><E55/><V48/><F37/><W102/><G19/><T96/><D63/><U84/><E84/><V42/><F109/><W10/><G26/><T98/><D71/><U85/><E85/><V89/><F80/><N who="0" m="30794" /><D22/><N who="1" m="8235" /><E51/><V127/><F116/><N who="1" m="44585" /><E45/><V30/><F70/><W114/><G44/><T75/><D4/><U82/><E82/><V88/><F48/><W90/><G7/><T97/><D110/><U31/><E68/><V105/><F105/><W65/><G38/><T66/><D66/><U128/><E111/><V29/><F94/><W86/><G65/><T79/><D120/><U32/><E128/><V24/><F43/><W49/><G130/><T17/><D17/><U8/><E8/><V122/><F42/><W60/><G10/><T47/><D47/><U14/><E14/><V103/><F12/><W50/><G9/><T117/><D117/><U133/><E133/><V67/><F67/><W131/><G36/><T76/><D104/><U6/><E6/><V121/><F62/><W1/><G131/><T123/><D123/><U124/><E32/><V72/><F61/><W134/><G60/><T16/><D16/><U5/><E5/><V11/><F18/><W27/><G134/><T46/><D46/><U77/><E31/><V129/><F11/><W15/><G50/><T13/><D13/><U28/><E28/><V93/><F129/><W52/><G15/><T95/><D95/><U125/><E77/><V64/><F29/><W25/><G49/><T58/><D58/><RYUUKYOKU ba="2,0" sc="321,15,250,15,179,-15,250,-15" hai0="73,74,75,76,79,92,96,97,98,99" hai1="115,124,125,126" /><INIT seed="0,3,0,3,2,69" ten="336,265,164,235" oya="0" hai0="108,59,62,129,113,66,22,0,100,57,112,36,37" hai1="91,123,103,19,86,93,87,7,21,12,4,127,60" hai2="95,10,65,71,70,134,78,106,49,92,83,45,64" hai3="35,73,76,124,131,90,38,48,25,84,107,28,96"/><T61/><D0/><U50/><E123/><V114/><F106/><W115/><G115/><N who="0" m="44107" /><D22/><U81/><E127/><V119/><F114/><W120/><G124/><T20/><D20/><U17/><E60/><V67/><F134/><W2/><G38/><N who="0" m="14955" /><D100/><U121/><E121/><V3/><F119/><W55/><G76/><T77/><D77/><N who="1" m="46383" /><E50/><V9/><F71/><W5/><G73/><T15/><D15/><N who="1" m="9407" /><E103/><V102/><F70/><W72/><G72/><T30/><D30/><U53/><E53/><N who="2" m="29871" /><F3/><W89/><G120/><T42/><D129/><U13/><E13/><V125/><F125/><W51/><G131/><T33/><D33/><U63/><E63/><V34/><F34/><W128/><G51/><T74/><D74/><U133/><E133/><V39/><F39/><W16/><G128/><T117/><D117/><U6/><E6/><V109/><F102/><W41/><G16/><T79/><D79/><U56/><E56/><V101/><F101/><W132/><G132/><T111/><D42/><U11/><AGARI ba="3,0" hai="4,7,11,12,19,87,91,93" m="9407,46383" machi="11" ten="30,1100,0" yaku="8,1" doraHai="69" who="1" fromWho="1" sc="336,-8,265,20,164,-6,235,-6" /><INIT seed="1,0,0,0,5,7" ten="328,285,158,229" oya="1" hai0="102,96,12,2,59,31,4,8,121,112,99,55,27" hai1="71,66,103,120,43,89,39,119,100,34,25,116,110" hai2="26,64,72,56,68,52,53,1,21,3,130,49,75" hai3="23,36,81,104,126,44,70,47,123,134,107,48,30"/><U113/><E113/><V79/><F130/><W17/><G123/><T22/><D112/><U41/><E120/><V76/><F68/><W83/><G70/><T77/><D121/><U54/><E89/><V46/><F64/><W11/><G36/><T124/><D124/><U65/><E54/><V40/><F76/><W63/><G47/><T74/><D74/><U92/><E71/><V73/><F79/><W93/><G63/><T86/><D2/><U50/><E50/><V101/><F101/><W24/><G126/><T19/><D102/><U16/><E92/><V29/><REACH who="2" step="1"/><F53/><REACH who="2" ten="328,285,148,229" step="2"/><W106/><G134/><T125/><D125/><U51/><E66/><V20/><F20/><W9/><G93/><T98/><D77/><U129/><E65/><V122/><F122/><W38/><G107/><T42/><D42/><U28/><E129/><V128/><F128/><W114/><G106/><T84/><REACH who="0" step="1"/><D31/><REACH who="0" ten="318,285,148,229" step="2"/><N who="1" m="19823" /><E43/><V37/><AGARI ba="0,2" hai="1,3,21,26,29,37,40,46,49,52,56,72,73,75" machi="37" ten="30,4000,0" yaku="1,1,0,1,54,1,53,0" doraHai="7" doraHaiUra="80" who="2" fromWho="2" sc="318,-10,285,-20,148,60,229,-10" /><INIT seed="2,0,0,4,1,99" ten="308,265,208,219" oya="2" hai0="47,11,96,59,104,23,76,90,58,27,17,67,21" hai1="109,6,72,32,116,61,41,37,92,7,66,2,69" hai2="1,52,103,31,29,111,45,118,14,106,68,4,114" hai3="62,132,112,108,75,51,16,13,87,40,53,46,124"/><V79/><F1/><W123/><G75/><T15/><D76/><U25/><E109/><V71/><F79/><W0/><G0/><T24/><D47/><U78/><E92/><V85/><F85/><W70/><G123/><T77/><D77/><U43/><E116/><V115/><F118/><W35/><G35/><T93/><D104/><U26/><E7/><V82/><F82/><W95/><G108/><T80/><D80/><N who="1" m="45127" /><E43/><V133/><F4/><W117/><G124/><T134/><D67/><U91/><E91/><V56/><F45/><W81/><G132/><T30/><REACH who="0" step="1"/><D134/><REACH who="0" ten="298,265,208,219" step="2"/><U129/><E37/><V36/><F133/><W83/><G117/><T65/><D65/><U94/><E66/><V64/><F111/><W10/><G112/><T48/><D48/><U135/><E69/><V127/><F64/><W101/><G70/><T60/><D60/><U74/><E61/><N who="2" m="35975" /><F127/><W88/><G62/><T44/><D44/><U113/><E135/><V120/><F120/><W126/><G126/><T100/><D100/><U12/><E74/><V28/><F36/><W128/><G40/><T3/><D3/><U50/><E2/><V89/><F71/><W130/><G101/><T110/><D110/><U9/><E113/><N who="2" m="43019" /><F68/><W42/><G42/><T125/><D125/><U107/><E41/><V18/><F103/><W22/><G46/><T119/><D119/><U57/><E50/><V49/><F49/><W122/><G122/><T54/><D54/><U98/><E107/><V8/><F106/><W63/><G83/><T55/><D55/><U38/><E38/><V5/><F89/><RYUUKYOKU ba="0,1" sc="298,15,265,-15,208,15,219,-15" hai0="11,15,17,21,23,24,27,30,58,59,90,93,96" hai2="5,8,14,18,28,29,31" /><INIT seed="2,1,1,2,4,60" ten="313,250,223,204" oya="2" hai0="102,2,40,50,22,114,1,29,99,81,92,36,128" hai1="32,123,0,16,61,122,39,62,47,27,48,10,118" hai2="6,86,112,110,12,21,45,67,38,91,89,42,73" hai3="69,51,20,103,100,96,28,132,130,93,74,18,26"/><V15/><F112/><W25/><G74/><T58/><D114/><U84/><E39/><V54/><F73/><W115/><G69/><T11/><D36/><U95/><E118/><V108/><F54/><W85/><G115/><T52/><D40/><U59/><E0/><V76/><F6/><W46/><G130/><T116/><D128/><U34/><E62/><V68/><F76/><W17/><G132/><T117/><D81/><U87/><E87/><V65/><F68/><W43/><G100/><T90/><D11/><U70/><E70/><V101/><F101/><W134/><G134/><T33/><D33/><U97/><E84/><V64/><F89/><W111/><G111/><N who="2" m="42537" /><F21/><W57/><G26/><N who="0" m="16599" /><D102/><U79/><E79/><V37/><F37/><W31/><G31/><T94/><D94/><AGARI ba="1,1" hai="12,15,38,42,45,64,65,67,86,91,94" m="42537" machi="94" ten="30,12000,1" yaku="14,1,10,1,52,3" doraHai="60" who="2" fromWho="0" sc="313,-123,250,0,223,133,204,0" /><INIT seed="2,2,0,0,3,49" ten="190,250,356,204" oya="2" hai0="134,116,123,101,10,90,46,53,6,21,0,128,18" hai1="15,93,66,100,37,56,63,126,43,24,91,51,107" hai2="62,76,1,124,105,22,30,25,96,92,5,135,54" hai3="125,45,39,38,70,59,27,40,9,110,50,89,99"/><V60/><F105/><W14/><G70/><T133/><D123/><U4/><E107/><V129/><F124/><W112/><G125/><T78/><D101/><U31/><E37/><V83/><F129/><W132/><G112/><T48/><D128/><U120/><E126/><V65/><F135/><W47/><G132/><N who="0" m="50795" /><D78/><U61/><E120/><V130/><F130/><W75/><G75/><T98/><D116/><U118/><E118/><V57/><F1/><W17/><G59/><T97/><D90/><U71/><E100/><V84/><F5/><W42/><G110/><T36/><D36/><U7/><E51/><V29/><F62/><W115/><G115/><T122/><D122/><U94/><E43/><V32/><F32/><W72/><G72/><T111/><D111/><U11/><E7/><V117/><F117/><W41/><G27/><AGARI ba="2,0" hai="0,6,10,18,21,27,46,48,53,97,98" m="50795" machi="27" ten="30,2000,0" yaku="20,1,52,1" doraHai="49" who="0" fromWho="3" sc="190,26,250,0,356,0,204,-26" /><INIT seed="3,0,0,2,4,125" ten="216,250,356,178" oya="3" hai0="86,116,40,37,127,35,114,53,34,87,115,19,131" hai1="58,56,134,42,99,25,20,111,14,120,77,15,47" hai2="82,85,132,81,90,46,23,12,95,9,68,129,110" hai3="107,67,80,78,121,16,45,97,1,17,91,69,102"/><W39/><G1/><T72/><D72/><U27/><E111/><V133/><F68/><W88/><G121/><T60/><D116/><U5/><E120/><V122/><F110/><W43/><G67/><T3/><D3/><U63/><E77/><V55/><F23/><W75/><G69/><T79/><D127/><U54/><E134/><N who="2" m="51819" /><F122/><W0/><G0/><T89/><D79/><U50/><E5/><N who="2" m="3119" /><F129/><W76/><G76/><T84/><D89/><U130/><E130/><V24/><F24/><W48/><G39/><T30/><D19/><U117/><E117/><V103/><F103/><W94/><REACH who="3" step="1"/><G88/><REACH who="3" ten="216,250,356,168" step="2"/><T51/><D37/><U123/><E123/><V62/><F90/><W135/><G135/><T7/><D115/><U28/><E99/><AGARI ba="0,1" hai="16,17,43,45,48,75,78,80,91,94,97,99,102,107" machi="99" ten="30,5800,0" yaku="1,1,7,1,54,1,53,0" doraHai="125" doraHaiUra="61" who="3" fromWho="1" sc="216,0,250,-58,356,0,168,68" /><INIT seed="3,1,0,1,5,91" ten="216,192,356,236" oya="3" hai0="23,75,56,74,127,110,54,46,25,87,14,101,111" hai1="44,43,16,130,121,27,28,33,134,62,29,9,102" hai2="122,72,106,69,49,10,76,98,113,92,77,123,117" hai3="8,3,4,65,83,66,95,0,48,107,71,103,38"/><W96/><G38/><T81/><D46/><U21/><E121/><V85/><F69/><W109/><G3/><T53/><D14/><U45/><E102/><N who="2" m="62807" /><F117/><W34/><G34/><T2/><D2/><U41/><E130/><V61/><F61/><W55/><G109/><N who="0" m="41483" /><D101/><U19/><E134/><V89/><F113/><W12/><G107/><T24/><D24/><U118/><E118/><V94/><F72/><N who="0" m="27690" /><D56/><U97/><E62/><V119/><F119/><W116/><G116/><T88/><D127/><U58/><E58/><V11/><F49/><W73/><G71/><T26/><D26/><U108/><E108/><V7/><F11/><W90/><G0/><T115/><D115/><U5/><E33/><V22/><F22/><W125/><G125/><T82/><D82/><U57/><E57/><V104/><F104/><W6/><G6/><T79/><D79/><N who="2" m="30282" /><F10/><W129/><G73/><T15/><D15/><U70/><E27/><V35/><F7/><W51/><G51/><T37/><D37/><U47/><E44/><V50/><F50/><W40/><G40/><T131/><D131/><U93/><E9/><V63/><F63/><W124/><G129/><T80/><D80/><U1/><E70/><V126/><F126/><W18/><G124/><T60/><D60/><U100/><E5/><V68/><F68/><W13/><G13/><T84/><D84/><U20/><E1/><V32/><F32/><W86/><G4/><T128/><D128/><U36/><E36/><V135/><F35/><W112/><G112/><T64/><D64/><U17/><E43/><V39/><F39/><RYUUKYOKU ba="1,0" sc="216,15,192,-15,356,-15,236,15" hai0="23,25,53,54,81,87,88" hai3="8,12,18,48,55,65,66,83,86,90,95,96,103" /><INIT seed="3,2,0,5,4,127" ten="231,177,341,251" oya="3" hai0="31,12,97,45,100,13,110,4,129,81,125,34,104" hai1="72,96,18,130,60,84,39,78,0,17,102,26,48" hai2="16,51,123,24,113,92,98,50,55,22,5,46,85" hai3="53,30,103,1,11,62,40,117,54,61,105,134,32"/><W116/><G30/><T15/><D125/><U70/><E39/><V109/><F113/><W41/><G32/><T56/><D110/><U131/><E0/><V112/><F112/><W28/><G28/><T133/><D133/><U94/><E72/><V89/><F109/><W69/><G103/><T14/><D45/><U63/><E48/><V19/><F123/><W95/><G105/><T44/><D44/><U29/><E78/><V38/><F38/><W2/><G11/><T111/><D111/><U87/><E87/><V47/><F5/><W42/><G95/><T90/><D56/><U36/><E36/><V114/><F114/><W10/><G10/><T6/><D90/><U80/><E70/><V33/><F33/><W58/><G134/><T118/><D81/><U120/><E120/><V20/><F98/><W65/><G2/><T35/><D118/><N who="3" m="45673" /><G1/><T21/><D34/><N who="1" m="20791" /><E18/><V122/><F122/><W68/><G54/><T124/><D124/><U59/><E17/><V132/><F132/><W73/><G73/><T76/><D35/><U66/><E84/><V91/><F91/><W82/><G82/><T83/><D83/><U64/><E80/><V75/><F75/><W25/><G25/><N who="0" m="16815" /><D76/><U77/><E77/><V126/><F126/><W9/><G9/><N who="0" m="4135" /><D6/><U7/><E7/><V107/><F107/><W121/><G121/><T52/><D52/><U108/><E108/><V8/><F8/><W101/><G101/><T119/><D119/><U71/><E94/><V67/><F92/><W3/><G3/><T57/><D57/><AGARI ba="2,0" hai="40,41,42,53,57,58,61,62,65,68,69" m="45673" machi="57" ten="30,2900,0" yaku="34,2" doraHai="127" who="3" fromWho="0" sc="231,-35,177,0,341,0,251,35" /><INIT seed="3,3,0,4,1,75" ten="196,177,341,286" oya="3" hai0="4,89,108,62,78,126,5,3,36,83,27,12,61" hai1="91,2,39,100,26,33,101,24,72,8,29,77,121" hai2="52,76,15,71,102,87,110,131,35,127,10,45,86" hai3="128,112,19,65,80,90,41,9,116,79,73,120,67"/><W94/><G120/><T58/><D36/><U123/><E91/><V40/><F71/><W59/><G116/><T111/><D126/><U7/><E26/><V84/><F35/><W113/><G128/><T60/><D89/><U14/><E101/><V11/><F110/><N who="0" m="42026" /><D27/><U93/><E93/><V44/><F127/><W104/><G41/><T85/><D3/><U21/><E100/><V54/><F131/><W69/><G69/><T114/><D114/><U92/><E92/><V37/><F102/><W66/><G104/><T81/><D12/><U20/><E39/><V50/><F76/><W57/><G112/><T109/><N who="0" m="42034" /><T53/><DORA hai="124" /><D83/><N who="1" m="45479" /><E21/><V42/><REACH who="2" step="1"/><F11/><REACH who="2" ten="196,177,331,286" step="2"/><W0/><G113/><T134/><D134/><U46/><E123/><V48/><F48/><AGARI ba="3,1" hai="4,5,48,53,58,60,61,62,78,81,85" m="42034" machi="48" ten="40,2600,0" yaku="14,1,52,1" doraHai="75,124" who="0" fromWho="2" sc="196,45,177,0,331,-35,286,0" /><INIT seed="4,0,0,2,2,87" ten="241,177,296,286" oya="0" hai0="55,66,11,57,114,95,65,86,78,35,54,112,64" hai1="45,77,44,37,83,100,84,31,118,106,101,129,132" hai2="71,21,59,113,63,74,12,40,42,97,61,28,43" hai3="53,103,23,30,51,18,20,72,70,6,3,14,133"/><T127/><D35/><U94/><E118/><V107/><F74/><W38/><G38/><T62/><D11/><U99/><E37/><V128/><F113/><N who="0" m="43626" /><D127/><U69/><E69/><V123/><F123/><W104/><G70/><T27/><D27/><U124/><E31/><V126/><F128/><W2/><G6/><T92/><D55/><U116/><E44/><V39/><F126/><W96/><G72/><T115/><N who="0" m="43634" /><T58/><DORA hai="76" /><D58/><U75/><E124/><V81/><F39/><W60/><G60/><T41/><D41/><U122/><E45/><V120/><F120/><W4/><G4/><T1/><D1/><U105/><E122/><V91/><F71/><W56/><G133/><T68/><D68/><U119/><E132/><V135/><F135/><W82/><G82/><AGARI ba="0,0" hai="54,57,62,64,65,66,78,82,86,92,95" m="43634" machi="82" ten="50,4800,0" yaku="15,1,52,1" doraHai="87,76" who="0" fromWho="3" sc="241,48,177,0,296,0,286,-48" /><INIT seed="4,1,0,5,5,7" ten="289,177,296,238" oya="0" hai0="54,66,135,89,111,118,105,91,124,114,9,61,104" hai1="58,19,43,125,77,93,5,40,112,15,28,119,47" hai2="65,4,13,92,0,106,53,32,42,16,82,115,84" hai3="71,46,48,96,31,102,1,25,18,81,8,22,69"/><T116/><D54/><U90/><E119/><V24/><F106/><W33/><G81/><T86/><D61/><U3/><E77/><V68/><F42/><W94/><G1/><T2/><D66/><U133/><E28/><V123/><F92/><W79/><G79/><T101/><D2/><U122/><E122/><V83/><F53/><W10/><G69/><T130/><D9/><U76/><E76/><V29/><F84/><W57/><G57/><T87/><D124/><U36/><E43/><V98/><F98/><W127/><G71/><T45/><D45/><U55/><E133/><V26/><F26/><W128/><G128/><T121/><D121/><U100/><E100/><V108/><F115/><W35/><G127/><T88/><D135/><U11/><E125/><V63/><F108/><W80/><G80/><N who="0" m="49255" /><D114/><U85/><E112/><V30/><F30/><W44/><G44/><T73/><D73/><U117/><E117/><N who="0" m="45161" /><D130/><U12/><REACH who="1" step="1"/><E19/><REACH who="1" ten="289,167,296,238" step="2"/><V56/><F123/><W97/><G18/><T70/><D101/><U64/><E64/><V38/><F65/><W59/><G31/><T131/><D131/><U21/><E21/><V39/><F29/><W109/><G22/><T134/><D134/><U17/><E17/><V78/><F16/><W120/><G120/><T126/><D126/><U52/><E52/><V23/><F23/><W107/><G102/><T113/><D113/><U51/><AGARI ba="1,1" hai="3,5,11,12,15,36,40,47,51,55,58,85,90,93" machi="51" ten="20,5200,0" yaku="1,1,0,1,7,1,52,1,53,0" doraHai="7" doraHaiUra="72" who="1" fromWho="1" sc="289,-27,167,65,296,-14,238,-14" /><INIT seed="5,0,0,0,4,112" ten="262,232,282,224" oya="1" hai0="105,71,6,110,47,106,123,54,22,33,134,51,103" hai1="59,120,7,38,101,3,26,85,30,0,1,135,127" hai2="72,20,65,108,117,97,78,37,76,29,75,12,8" hai3="130,24,80,69,119,63,86,68,87,39,34,121,90"/><U4/><E38/><V113/><F37/><W49/><G39/><T111/><D33/><U62/><E120/><V23/><F65/><W16/><G121/><T77/><D71/><U126/><E101/><V21/><F29/><W15/><G130/><T66/><D66/><U107/><E107/><V92/><F108/><W73/><G73/><T67/><D67/><U91/><E135/><V56/><F117/><W82/><G63/><T10/><D134/><U100/><E100/><N who="2" m="60455" /><F75/><W36/><G36/><T99/><D106/><U32/><E62/><V129/><F72/><W9/><G119/><T28/><D77/><N who="2" m="29802" /><F113/><W11/><G82/><T96/><D96/><U79/><E79/><V44/><F129/><W88/><G90/><T70/><D70/><U83/><REACH who="1" step="1"/><E59/><REACH who="1" ten="262,222,282,224" step="2"/><V60/><F60/><W25/><G87/><T5/><D123/><U125/><AGARI ba="0,1" hai="0,1,3,4,7,26,30,32,83,85,91,125,126,127" machi="125" ten="40,12000,1" yaku="1,1,2,1,0,1,18,1,53,0" doraHai="112" doraHaiUra="14" who="1" fromWho="1" sc="262,-40,222,130,282,-40,224,-40" /><INIT seed="5,1,0,0,0,106" ten="222,352,242,184" oya="1" hai0="127,114,92,14,15,13,81,65,79,61,71,64,44" hai1="84,85,32,26,120,16,77,93,109,42,43,66,53" hai2="40,20,31,27,122,125,70,22,39,48,18,89,49" hai3="21,78,2,69,98,35,46,80,52,133,54,128,119"/><U105/><E105/><V112/><F122/><W87/><G69/><T6/><D114/><U76/><E120/><V51/><F70/><W134/><G35/><T25/><D127/><U90/><E66/><V113/><F125/><W1/><G128/><T59/><D44/><U107/><E107/><V5/><F5/><W96/><G119/><T126/><D126/><U88/><E109/><V41/><F89/><W116/><G116/><T3/><D3/><U86/><E32/><V60/><F60/><W19/><G2/><T108/><D108/><U12/><E26/><N who="2" m="14615" /><F39/><W101/><G1/><T11/><D25/><U74/><E74/><V121/><F121/><W111/><G111/><T63/><REACH who="0" step="1"/><D92/><REACH who="0" ten="212,352,242,184" step="2"/><N who="1" m="54279" /><E77/><V30/><F113/><W33/><G46/><T72/><AGARI ba="1,1" hai="6,11,13,14,15,59,61,63,64,65,71,72,79,81" machi="72" ten="20,5200,0" yaku="1,1,0,1,7,1,52,1,53,0" doraHai="106" doraHaiUra="131" who="0" fromWho="0" sc="212,65,352,-27,242,-14,184,-14" /><INIT seed="6,0,0,0,3,44" ten="277,325,228,170" oya="2" hai0="16,54,2,113,91,21,27,73,62,89,96,106,15" hai1="128,35,67,22,70,124,57,46,110,4,24,23,81" hai2="40,41,111,1,32,66,58,107,11,33,45,0,71" hai3="9,31,116,49,12,48,93,74,28,127,43,56,30"/><V64/><F71/><W114/><G74/><T132/><D2/><U133/><E57/><V88/><F107/><W92/><G116/><T20/><D73/><U95/><E46/><V47/><F58/><W68/><G68/><T29/><D113/><U117/><E95/><N who="3" m="36426" /><G127/><T69/><D132/><U108/><E67/><V119/><F11/><W25/><G114/><T86/><D86/><U80/><E4/><V63/><F63/><W131/><G131/><T102/><REACH who="0" step="1"/><D54/><REACH who="0" ten="267,325,228,170" step="2"/><U5/><E133/><V135/><F135/><W18/><G43/><T8/><D8/><U3/><E3/><V61/><F111/><W98/><G98/><T52/><D52/><U34/><E110/><V26/><F119/><W84/><G84/><T10/><D10/><U38/><E117/><V53/><F53/><N who="3" m="31783" /><G49/><T17/><D17/><U78/><E108/><V14/><F61/><W85/><G85/><T19/><D19/><U100/><E38/><V103/><F41/><W90/><G90/><T129/><D129/><U97/><E128/><V42/><F40/><W13/><G13/><T77/><D77/><U101/><E78/><V118/><F42/><W72/><G72/><T112/><D112/><U87/><E87/><V121/><F118/><W59/><G25/><T104/><D104/><U75/><E24/><V65/><F26/><W105/><G105/><T60/><D60/><U37/><E75/><V120/><F64/><AGARI ba="0,1" hai="15,16,20,21,27,29,62,64,69,89,91,96,102,106" machi="64" ten="40,2600,0" yaku="1,1,54,1,53,0" doraHai="44" doraHaiUra="126" who="0" fromWho="2" sc="267,36,325,0,228,-26,170,0" /><INIT seed="7,0,0,0,0,129" ten="303,325,202,170" oya="3" hai0="57,29,27,105,23,24,51,40,47,81,59,60,56" hai1="102,1,7,80,6,41,91,99,28,116,76,75,3" hai2="15,54,127,86,9,123,85,37,96,110,84,113,79" hai3="72,109,63,74,77,101,48,33,126,107,71,44,87"/><W10/><G33/><T8/><D105/><U69/><E69/><V20/><F110/><W133/><G109/><T18/><D81/><U117/><E28/><V11/><F37/><W58/><G71/><T82/><D82/><U115/><E115/><V106/><F106/><W67/><G126/><T70/><D70/><U49/><E91/><V21/><F113/><W65/><G65/><T132/><D132/><U104/><E7/><N who="2" m="3519" /><F123/><W119/><G119/><N who="1" m="45642" /><E6/><V94/><F127/><W50/><G50/><T108/><D108/><U25/><E25/><V83/><F11/><W13/><G133/><T120/><D120/><U17/><E17/><V45/><F54/><W5/><G107/><T100/><D100/><U131/><E131/><V92/><F45/><AGARI ba="0,0" hai="1,3,41,45,49,75,76,80,99,102,104" m="45642" machi="45" ten="30,1000,0" yaku="12,1" doraHai="129" who="1" fromWho="2" sc="303,0,325,10,202,-10,170,0" owari="303,10.0,335,44.0,192,-21.0,170,-33.0" /></mjloggm>