<mjloggm ver="2.3"><GO type="225" lobby="0"/><UN n0="%E3%81%BF%E3%81%BF%E3%81%9A" n1="%E5%A3%87%E2%98%86%E8%9C%9C" n2="%E3%82%A6%E3%83%AB%E3%83%88%E3%83%A9%E7%AB%8B%E7%9B%B4" n3="%E6%80%96%E3%81%8F%E3%81%AA%E3%81%84%E3%81%8A" dan="17,17,17,17" rate="2176.68,2172.51,2128.39,2231.04" sx="M,M,M,M"/><TAIKYOKU oya="0"/><INIT seed="0,0,0,2,0,80" ten="250,250,250,250" oya="0" hai0="16,72,89,12,34,117,112,45,64,74,103,130,9" hai1="43,114,120,60,6,102,0,17,77,126,85,36,121" hai2="49,19,119,21,111,14,47,132,31,78,3,128,100" hai3="52,116,68,81,97,5,82,2,118,90,25,96,63"/><T65/><D112/><U20/><E114/><V42/><F111/><W11/><G116/><T37/><D117/><U62/><E102/><V91/><F119/><W59/><G68/><T70/><D34/><U123/><E126/><V28/><F128/><W110/><G110/><T7/><D103/><U32/><E32/><V73/><F132/><W131/><G131/><T124/><D130/><U106/><E106/><V101/><F3/><W135/><G135/><T53/><D124/><U1/><E43/><V33/><F78/><W84/><G118/><T29/><D29/><N who="2" m="11338" /><F73/><W26/><G81/><T113/><D113/><U24/><E36/><V27/><F33/><W105/><G105/><T83/><D7/><U115/><E115/><V104/><F104/><W46/><G96/><T61/><D65/><U79/><E79/><V8/><F91/><W50/><REACH who="3" step="1"/><G97/><REACH who="3" ten="250,250,250,240" step="2"/><T134/><D134/><U35/><E121/><V51/><F101/><W92/><G92/><T23/><D23/><U39/><E35/><V71/><F100/><W56/><G56/><T40/><REACH who="0" step="1"/><D53/><AGARI ba="0,1" hai="2,5,11,25,26,46,50,52,53,59,63,82,84,90" machi="53" ten="30,8000,1" yaku="1,1,7,1,52,1,54,1,53,1" doraHai="80" doraHaiUra="55" who="3" fromWho="0" sc="250,-80,250,0,250,0,240,90" /><INIT seed="1,0,0,2,0,81" ten="170,250,250,330" oya="1" hai0="1,87,53,63,29,73,71,78,128,77,110,105,25" hai1="123,20,95,96,131,2,75,135,19,12,58,130,99" hai2="124,120,30,45,44,28,98,114,34,112,38,133,69" hai3="92,22,125,72,102,70,132,122,68,9,109,51,103"/><U46/><E75/><V119/><F120/><W62/><G122/><T16/><D1/><U66/><E2/><V24/><F119/><W21/><G72/><T129/><D105/><U6/><E6/><V104/><F69/><W40/><G125/><T97/><D73/><U108/><E123/><V55/><F124/><W18/><G109/><T0/><D0/><U54/><E108/><V90/><F30/><W85/><G68/><T101/><D110/><U60/><E135/><V49/><F133/><W37/><G37/><T67/><D53/><U31/><E31/><V4/><F4/><W83/><G62/><T47/><D47/><U52/><E99/><V64/><F64/><W3/><G70/><T115/><D115/><N who="2" m="44074" /><F38/><W121/><G3/><T35/><D16/><U48/><REACH who="1" step="1"/><E66/><REACH who="1" ten="170,240,250,330" step="2"/><V79/><F98/><N who="3" m="59719" /><G132/><T88/><D128/><U94/><E94/><V10/><F104/><W134/><G134/><T11/><D129/><U59/><E59/><V43/><F28/><W14/><G121/><T61/><D61/><U86/><E86/><V26/><F44/><N who="3" m="25991" /><G103/><AGARI ba="0,1" hai="12,19,20,46,48,52,54,58,60,95,96,103,130,131" machi="103" ten="40,3900,0" yaku="1,1,54,1,53,0" doraHai="81" doraHaiUra="111" who="1" fromWho="3" sc="170,0,240,49,250,0,330,-39" /><INIT seed="1,1,0,4,4,34" ten="170,289,250,291" oya="1" hai0="86,130,18,27,68,15,91,72,16,61,93,48,66" hai1="120,102,81,4,3,100,124,60,14,28,19,57,52" hai2="51,55,74,13,104,101,70,10,114,43,135,44,89" hai3="63,94,108,5,129,56,67,53,17,127,111,77,79"/><U49/><E120/><V125/><F74/><W112/><G112/><T131/><D72/><U110/><E124/><V21/><F114/><W126/><G5/><T80/><D27/><U88/><E28/><V97/><F125/><N who="3" m="47627" /><G129/><T1/><D1/><U116/><E116/><V128/><F128/><W25/><G94/><T20/><D18/><U96/><E3/><V115/><F115/><W46/><G46/><T119/><D119/><U133/><E133/><V54/><F70/><W59/><G25/><T64/><D64/><U36/><E36/><V83/><F21/><W7/><G7/><T23/><D23/><U24/><E24/><V38/><F135/><W107/><G17/><T9/><D20/><U45/><E110/><N who="3" m="42026" /><G107/><T71/><D71/><U69/><E69/><V121/><F121/><W33/><G33/><T0/><D0/><U109/><E4/><V50/><F38/><W6/><G6/><T42/><REACH who="0" step="1"/><D93/><REACH who="0" ten="160,289,250,291" step="2"/><N who="1" m="56359" /><E109/><V105/><F105/><W41/><G67/><T98/><D98/><U31/><E31/><V132/><F97/><W37/><G37/><T117/><D117/><U35/><E35/><V84/><F104/><W92/><G92/><T32/><D32/><U85/><E19/><V123/><F123/><W39/><G39/><T78/><D78/><N who="1" m="46263" /><E14/><V58/><F132/><W40/><G77/><T118/><D118/><U8/><E8/><V134/><F134/><W76/><G79/><T65/><D65/><AGARI ba="1,1" hai="45,49,52,57,60,65,100,102" m="46263,56359" machi="65" ten="30,5800,0" yaku="8,1,54,2" doraHai="34" who="1" fromWho="0" sc="160,-61,289,71,250,0,291,0" /><INIT seed="1,2,0,5,0,16" ten="99,360,250,291" oya="1" hai0="117,66,99,45,86,68,1,125,10,40,30,52,78" hai1="6,132,94,58,47,116,63,20,43,69,107,77,92" hai2="101,83,18,19,54,98,62,2,5,84,128,17,48" hai3="119,12,91,90,106,70,121,60,23,51,122,34,8"/><U113/><E107/><V57/><F128/><W105/><G34/><T133/><D117/><U9/><E116/><V29/><F29/><W81/><G119/><T110/><D110/><U55/><E113/><V42/><F2/><W120/><G51/><T31/><D133/><U64/><E77/><V22/><F5/><W131/><G131/><T104/><D125/><U11/><E11/><V53/><F42/><W82/><G8/><T50/><D1/><U85/><E85/><V79/><F98/><W36/><G36/><T124/><D124/><U39/><E132/><V135/><F101/><W118/><G118/><T127/><D127/><U130/><E130/><V76/><F135/><W115/><G115/><T96/><D10/><U41/><E41/><V24/><REACH who="2" step="1"/><F79/><REACH who="2" ten="99,360,240,291" step="2"/><W44/><G121/><T87/><D99/><U89/><E6/><V21/><F21/><W65/><G122/><T33/><D78/><U129/><E20/><V35/><F35/><W72/><G120/><T3/><D3/><U14/><E129/><V59/><AGARI ba="2,1" hai="17,18,19,22,24,48,53,54,57,59,62,76,83,84" machi="59" ten="20,8000,1" yaku="1,1,0,1,7,1,8,1,52,1,53,0" doraHai="16" doraHaiUra="111" who="2" fromWho="2" sc="99,-22,360,-42,240,96,291,-22" /><INIT seed="2,0,0,0,1,84" ten="77,318,336,269" oya="2" hai0="83,33,93,76,39,44,50,37,29,60,16,89,105" hai1="126,25,92,119,134,14,66,32,7,67,42,86,99" hai2="96,106,124,75,103,79,22,94,69,82,78,97,15" hai3="100,47,46,28,90,41,114,45,81,72,120,0,122"/><V127/><F69/><W85/><G0/><T118/><D105/><U31/><E119/><V123/><F15/><W74/><G100/><T113/><D113/><U30/><E134/><V24/><F123/><W48/><G114/><T43/><D118/><U125/><E42/><V26/><F79/><W70/><G70/><T133/><D133/><U95/><E30/><V4/><F4/><W110/><G28/><T112/><D112/><U61/><E86/><V17/><REACH who="2" step="1"/><F26/><REACH who="2" ten="77,318,326,269" step="2"/><W2/><G2/><T52/><D33/><U51/><E14/><V5/><F5/><W98/><G120/><T116/><D116/><U102/><E7/><V73/><F73/><W3/><G3/><T18/><D29/><U8/><E25/><V20/><F20/><W59/><G122/><T58/><D39/><U63/><E32/><V107/><F107/><W121/><G72/><T129/><D129/><U40/><E31/><V104/><F104/><W49/><G74/><T71/><D76/><U38/><E38/><V91/><AGARI ba="0,1" hai="17,22,24,75,78,82,91,94,96,97,103,106,124,127" machi="91" ten="30,6000,0" yaku="1,1,0,1,52,1,53,0" doraHai="84" doraHaiUra="117" who="2" fromWho="2" sc="77,-20,318,-20,326,70,269,-20" /><INIT seed="2,1,0,5,1,91" ten="57,298,396,249" oya="2" hai0="135,89,14,73,92,81,34,122,106,44,40,62,27" hai1="32,19,51,48,102,126,108,55,46,59,5,57,9" hai2="128,63,23,18,42,25,49,22,95,87,68,132,3" hai3="79,124,50,0,134,28,37,125,45,41,96,20,72"/><V38/><F3/><W76/><G0/><T121/><D135/><U35/><E108/><V61/><F132/><W39/><G134/><T112/><D112/><U64/><E126/><N who="3" m="48746" /><G72/><T97/><D14/><U56/><E102/><V131/><F38/><N who="3" m="14347" /><G96/><T66/><D106/><U115/><E115/><V6/><F6/><W4/><G4/><T98/><D98/><U30/><E19/><V104/><F104/><W133/><G133/><T10/><D10/><U110/><E110/><V8/><F8/><W120/><G120/><T52/><D73/><U83/><E64/><V109/><F109/><W69/><G69/><T36/><D81/><U17/><E17/><V71/><F71/><W103/><G103/><T74/><D74/><U118/><E118/><V11/><F11/><W65/><G65/><T47/><D27/><AGARI ba="1,0" hai="20,27,28,41,45,50,76,79" m="14347,48746" machi="27" ten="30,1000,0" yaku="18,1" doraHai="91" who="3" fromWho="0" sc="57,-13,298,0,396,0,249,13" /><INIT seed="3,0,0,5,2,66" ten="44,298,396,262" oya="3" hai0="58,102,45,24,60,15,2,39,131,16,62,67,41" hai1="91,80,63,10,103,33,95,128,96,50,83,112,29" hai2="3,94,98,65,70,78,12,93,127,87,25,26,44" hai3="135,86,119,82,53,121,31,72,22,124,37,61,13"/><W32/><G121/><T7/><D131/><U77/><E112/><V107/><F3/><W129/><G119/><T27/><D102/><U104/><E128/><V64/><F107/><W108/><G37/><T20/><D2/><U40/><E10/><V114/><F114/><W14/><G72/><T49/><D7/><U1/><E1/><V74/><F74/><W134/><G32/><T133/><D133/><U132/><E132/><V105/><F105/><W46/><G129/><T123/><D123/><U6/><E6/><V38/><F70/><W115/><G115/><T55/><REACH who="0" step="1"/><D62/><REACH who="0" ten="34,298,396,262" step="2"/><U47/><E63/><V30/><F127/><W9/><G124/><T56/><AGARI ba="0,1" hai="15,16,20,24,27,39,41,45,49,55,56,58,60,67" machi="56" ten="20,8000,1" yaku="1,1,2,1,0,1,7,1,54,1,53,0" doraHai="66" doraHaiUra="122" who="0" fromWho="0" sc="34,90,298,-20,396,-20,262,-40" owari="124,-38.0,278,8.0,376,48.0,222,-18.0" /></mjloggm>