<mjloggm ver="2.3"><GO type="169" lobby="0"/><UN n0="%64%6F%6F%6F%6F%77%79" n1="%E3%81%8F%E3%82%89%E3%81%BE%E3%82%82%E3%82%93" n2="%E3%83%88%E3%83%88%E3%83%AA%E5%85%88%E7%94%9F%31%39%E6%AD%B3" n3="%E5%A4%A7%E6%A5%A0%E5%85%AC" dan="16,17,17,17" rate="2099.14,2163.89,2165.57,2171.59" sx="M,M,F,M"/><TAIKYOKU oya="0"/><INIT seed="0,0,0,5,3,51" ten="250,250,250,250" oya="0" hai0="104,19,36,75,65,129,9,54,98,108,35,133,105" hai1="56,49,45,127,38,63,86,57,82,78,110,48,111" hai2="37,114,60,16,118,14,50,101,96,125,8,126,89" hai3="134,123,83,95,81,72,53,112,44,97,24,30,115"/><T130/><D75/><U88/><E127/><N who="2" m="48651" /><F37/><W28/><G134/><T47/><D133/><U85/><E38/><V31/><F31/><W13/><G123/><T94/><D35/><U7/><E7/><V18/><F89/><W91/><G112/><T132/><D132/><U55/><E49/><V87/><F87/><W33/><G115/><T109/><D65/><U71/><E71/><V11/><F118/><W42/><G30/><T103/><D9/><N who="2" m="3658" /><F14/><W106/><G13/><T21/><D105/><U73/><E73/><V58/><F50/><W17/><G17/><T26/><D104/><U70/><E70/><V39/><F39/><W12/><G12/><T121/><D121/><U15/><E15/><V93/><F114/><W84/><G106/><T107/><D107/><U131/><E63/><V1/><F1/><W80/><G42/><N who="0" m="22983" /><D54/><AGARI ba="0,0" hai="16,18,54,58,60,93,96,101" m="3658,48651" machi="54" ten="30,3900,0" yaku="18,1,52,1,54,1" doraHai="51" who="2" fromWho="0" sc="250,-39,250,0,250,39,250,0" /><INIT seed="1,0,0,5,2,57" ten="211,250,289,250" oya="1" hai0="124,131,16,83,38,40,134,11,109,80,107,17,133" hai1="54,2,85,135,6,5,86,58,41,79,61,20,112" hai2="78,62,128,130,94,51,117,56,34,7,99,30,25" hai3="97,111,55,22,14,45,116,69,10,114,70,104,87"/><U12/><E112/><V91/><F117/><W73/><G73/><T82/><D107/><U93/><E2/><V35/><F78/><W37/><G114/><T33/><D33/><U27/><E135/><N who="0" m="51721" /><D109/><U48/><E12/><V98/><F34/><W92/><G111/><T68/><D68/><U53/><E41/><V59/><F7/><N who="1" m="2569" /><E79/><V44/><F59/><W29/><G116/><T15/><D124/><U105/><E105/><V28/><F28/><W108/><G108/><T75/><D131/><U21/><E93/><V24/><F24/><W23/><G104/><T36/><D75/><U115/><E21/><V13/><F13/><W66/><G87/><T76/><D76/><U123/><E123/><V0/><F0/><W18/><G69/><T4/><D40/><U95/><E95/><V43/><REACH who="2" step="1"/><F99/><REACH who="2" ten="211,250,279,250" step="2"/><W49/><G29/><T120/><D120/><U121/><E121/><V26/><F26/><W77/><G77/><T126/><D126/><U47/><E115/><V88/><F88/><W125/><G125/><T113/><D113/><U100/><E100/><V1/><F1/><W89/><G70/><T32/><D32/><U50/><E50/><V118/><F118/><W31/><G31/><AGARI ba="0,1" hai="20,27,31,47,48,53,54,58,61,85,86" m="2569" machi="31" ten="30,2900,0" yaku="8,1,52,1" doraHai="57" who="1" fromWho="3" sc="211,0,250,39,279,0,250,-29" /><INIT seed="1,1,0,4,2,70" ten="211,289,279,221" oya="1" hai0="121,62,6,100,119,86,8,50,2,69,53,19,104" hai1="89,92,76,29,51,118,75,114,103,43,17,55,110" hai2="85,78,63,4,64,58,130,82,106,35,115,96,1" hai3="88,59,11,112,68,27,135,15,33,116,125,25,109"/><U97/><E118/><V81/><F35/><W61/><G68/><T13/><D119/><U18/><E114/><V87/><F115/><W12/><G112/><T0/><D121/><U105/><E110/><V72/><F130/><W52/><G109/><T123/><D123/><U95/><E29/><V49/><F72/><W56/><G116/><T122/><D122/><U107/><E43/><V23/><F1/><W26/><G135/><T37/><D37/><U45/><E95/><V102/><F4/><W83/><G125/><T60/><D86/><N who="1" m="52279" /><E107/><V7/><F7/><W77/><G33/><T93/><D104/><U3/><E3/><V101/><F101/><W24/><N who="3" m="6144" /><DORA hai="22" /><W117/><G117/><T108/><D108/><U34/><E34/><V129/><F129/><W133/><G133/><T66/><D60/><U39/><E39/><V126/><F126/><W42/><G42/><T44/><REACH who="0" step="1"/><D6/><REACH who="0" ten="201,289,279,221" step="2"/><U36/><E36/><V48/><F63/><W31/><G31/><T16/><D16/><U5/><E5/><V120/><F106/><W79/><G59/><T111/><D111/><U28/><E28/><V14/><F58/><W9/><G79/><T80/><D80/><AGARI ba="1,1" hai="17,18,45,51,55,75,76,80,97,103,105" m="52279" machi="80" ten="30,1500,0" yaku="24,1" doraHai="70,22" who="1" fromWho="0" sc="201,-18,289,28,279,0,221,0" /><INIT seed="1,2,0,2,3,13" ten="183,317,279,221" oya="1" hai0="77,3,81,112,18,75,120,29,113,53,51,122,76" hai1="107,118,86,28,74,72,128,21,121,89,54,99,83" hai2="106,37,101,12,0,22,115,36,105,15,96,30,116" hai3="100,126,82,85,56,117,133,68,14,52,38,49,23"/><U60/><E121/><N who="0" m="46697" /><D3/><U98/><E118/><V16/><F116/><W87/><G117/><T88/><D29/><U93/><E128/><V69/><F0/><W108/><G108/><T73/><D88/><N who="1" m="51295" /><E21/><V114/><F69/><W134/><G126/><T130/><D130/><U131/><E54/><V25/><F105/><W123/><G123/><T50/><D18/><U19/><E19/><V45/><F12/><W32/><G32/><T129/><D129/><U78/><E60/><V7/><F7/><W70/><G38/><T80/><D50/><U46/><E46/><AGARI ba="2,0" hai="46,51,53,73,75,76,77,80,81,112,113" m="46697" machi="46" ten="30,1000,0" yaku="13,1" doraHai="13" who="0" fromWho="1" sc="183,16,317,-16,279,0,221,0" /><INIT seed="2,0,0,1,2,115" ten="199,301,279,221" oya="2" hai0="31,9,123,64,95,74,86,7,37,135,1,8,125" hai1="60,16,4,98,36,112,89,38,122,90,82,110,133" hai2="130,128,54,35,43,48,21,62,20,92,46,53,79" hai3="45,2,22,51,103,49,91,109,129,23,69,100,63"/><V76/><F35/><W93/><G2/><T132/><D74/><U108/><E4/><V80/><F92/><W124/><G124/><T84/><D37/><U102/><E112/><V25/><F79/><W73/><G73/><T11/><D125/><U26/><E60/><V39/><F62/><W5/><G5/><T3/><D123/><U59/><E59/><V58/><F53/><W105/><G105/><T99/><D64/><U81/><E122/><V65/><F65/><W0/><G0/><N who="0" m="75" /><D31/><U134/><E26/><V47/><F47/><W77/><G77/><T61/><D7/><U94/><E94/><V12/><F12/><W117/><G69/><T42/><D42/><U55/><E55/><V18/><REACH who="2" step="1"/><F21/><REACH who="2" ten="199,301,269,221" step="2"/><W34/><G63/><T28/><D61/><U116/><E82/><V87/><AGARI ba="0,1" hai="18,20,25,39,43,46,48,54,58,76,80,87,128,130" machi="87" ten="30,6000,0" yaku="1,1,2,1,0,1,53,0" doraHai="115" doraHaiUra="106" who="2" fromWho="2" sc="199,-20,301,-20,269,70,221,-20" /><INIT seed="2,1,0,2,2,134" ten="179,281,339,201" oya="2" hai0="73,18,96,4,89,65,8,130,94,122,44,30,17" hai1="115,86,61,72,120,24,34,67,105,38,6,3,7" hai2="119,31,98,11,5,104,55,97,87,62,112,106,88" hai3="85,123,25,109,63,118,126,93,59,51,68,80,70"/><V124/><F112/><W129/><G118/><T20/><D122/><U95/><E72/><V76/><F119/><W113/><G123/><T91/><D130/><U66/><E38/><V64/><F31/><W128/><G113/><T2/><D73/><U13/><E3/><V79/><F55/><W39/><G39/><T52/><D65/><U110/><E105/><V117/><F117/><W74/><G109/><T92/><D30/><U14/><E66/><V58/><F104/><W23/><G74/><T41/><D20/><U19/><E34/><V54/><F64/><W57/><G93/><T60/><D41/><U121/><E24/><V40/><F40/><W131/><G51/><T78/><D78/><U77/><E77/><V116/><F116/><W75/><G75/><T132/><D132/><U49/><E49/><V35/><F35/><W108/><G108/><T1/><D1/><U101/><E110/><V46/><F46/><W12/><G12/><T47/><D47/><U15/><E115/><V111/><F111/><W37/><G37/><T36/><D36/><U135/><E135/><V45/><F45/><W50/><G50/><T100/><D44/><U90/><E120/><V0/><F106/><W69/><G63/><T103/><D103/><U33/><E33/><V16/><F0/><W71/><N who="3" m="17408" /><DORA hai="26" /><W43/><G43/><T28/><D28/><U53/><E121/><V9/><F54/><W114/><G114/><T29/><D29/><U32/><E32/><V107/><F58/><W83/><G129/><T42/><D42/><U133/><E67/><V84/><F76/><RYUUKYOKU ba="1,0" sc="179,0,281,0,339,0,201,0" /><INIT seed="3,2,0,1,0,88" ten="179,281,339,201" oya="3" hai0="16,95,62,9,106,78,79,51,59,111,26,32,122" hai1="98,40,56,89,118,99,3,18,8,81,96,130,121" hai2="11,84,105,135,65,36,110,14,35,107,123,119,75" hai3="80,71,132,69,45,41,33,7,133,58,52,83,129"/><W70/><G33/><T124/><D106/><U38/><E121/><V72/><F35/><W97/><G7/><T85/><D122/><U126/><E40/><V25/><F36/><W120/><G120/><T4/><D111/><U42/><E42/><V112/><F123/><W46/><G97/><T67/><D124/><U53/><E38/><V127/><F65/><W17/><G17/><T13/><D51/><U24/><E3/><V103/><F25/><W23/><G23/><N who="0" m="13671" /><D32/><U63/><E130/><V6/><F6/><W15/><G15/><T54/><D54/><U29/><E118/><V74/><F14/><W61/><G129/><T0/><D0/><U91/><E126/><V27/><F27/><W47/><REACH who="3" step="1"/><G41/><REACH who="3" ten="179,281,339,191" step="2"/><T31/><D31/><U44/><E29/><V1/><F1/><W134/><AGARI ba="2,1" hai="45,46,47,52,58,61,69,70,71,80,83,132,133,134" machi="134" ten="50,18000,2" yaku="1,1,2,1,0,1,29,2,20,1,54,1,53,0" doraHai="88" doraHaiUra="116" who="3" fromWho="3" sc="179,-62,281,-62,339,-62,191,196" /><INIT seed="3,3,0,5,2,33" ten="117,219,277,387" oya="3" hai0="44,15,38,114,88,82,133,5,34,69,10,130,107" hai1="116,48,87,16,11,42,68,45,0,110,108,80,56" hai2="66,97,36,134,123,81,32,111,95,91,14,79,24" hai3="103,26,135,85,102,83,109,60,86,21,72,12,63"/><W35/><G135/><T75/><D133/><U76/><E68/><V23/><F134/><W27/><G72/><T64/><D34/><U65/><E116/><V92/><F36/><W115/><G115/><T125/><D114/><U104/><E104/><V25/><F111/><N who="1" m="42537" /><E65/><V118/><F118/><W62/><G109/><T78/><D130/><U100/><E100/><V41/><F41/><W120/><G120/><T89/><D125/><U43/><E56/><V93/><F123/><W131/><G131/><T73/><D107/><U18/><E43/><V57/><F14/><W94/><G35/><T71/><D75/><U30/><E30/><V49/><F32/><W105/><G105/><T22/><D38/><U117/><E117/><V46/><F25/><W39/><G39/><T7/><D44/><U40/><E40/><V29/><F46/><W4/><G27/><T129/><D129/><U101/><E101/><V31/><F31/><W96/><G103/><T13/><D22/><U113/><E113/><V37/><F37/><W58/><G58/><T20/><D20/><U59/><E59/><V112/><F112/><W74/><G74/><T77/><D77/><U98/><E98/><V19/><F29/><N who="3" m="17615" /><G83/><T54/><D54/><U9/><E9/><AGARI ba="3,0" hai="4,9,12,60,62,63,85,86,94,96,102" m="17615" machi="9" ten="30,1500,0" yaku="8,1" doraHai="33" who="3" fromWho="1" sc="117,0,219,-24,277,0,387,24" /><INIT seed="3,4,0,4,5,115" ten="117,195,277,411" oya="3" hai0="61,16,49,107,52,99,17,57,4,92,76,95,55" hai1="88,131,117,80,42,60,36,118,51,124,31,11,35" hai2="34,78,98,116,64,96,111,73,87,53,93,50,91" hai3="66,75,69,109,102,114,106,3,41,22,105,39,40"/><W38/><G22/><T104/><D4/><U43/><E36/><V79/><F34/><W62/><G114/><T82/><D104/><U47/><E131/><V84/><F73/><W83/><G109/><T135/><D107/><U59/><E124/><V112/><F112/><W7/><G40/><T77/><D135/><U56/><E43/><V9/><F111/><W85/><G85/><N who="0" m="48327" /><D77/><N who="2" m="29194" /><F116/><N who="1" m="44649" /><E11/><V18/><F64/><W27/><G83/><T37/><D37/><U28/><E35/><V15/><F84/><W90/><G75/><T123/><D123/><U10/><E10/><V101/><F101/><W14/><G41/><T44/><D95/><U33/><E33/><V63/><F63/><W24/><G106/><T23/><D23/><U108/><E108/><V1/><F1/><W21/><G105/><T130/><D130/><U65/><E59/><AGARI ba="4,0" hai="9,15,18,50,53,59,87,91,93,96,98" m="29194" machi="59" ten="30,1000,0" yaku="8,1" doraHai="115" who="2" fromWho="1" sc="117,0,195,-22,277,22,411,0" /><INIT seed="4,0,0,1,3,96" ten="117,173,299,411" oya="0" hai0="76,126,113,108,70,132,11,86,27,36,32,95,103" hai1="17,46,116,57,26,25,91,0,52,125,130,87,127" hai2="21,92,19,93,109,94,41,53,105,20,135,1,54" hai3="58,49,34,65,79,118,8,47,59,112,124,115,37"/><T122/><D11/><U110/><E110/><V28/><F109/><W68/><G34/><T13/><D13/><U12/><E0/><V74/><F1/><W85/><G118/><T107/><D27/><U117/><E130/><V84/><F74/><W80/><G124/><N who="1" m="47690" /><E26/><N who="2" m="16463" /><F105/><W43/><G8/><T111/><D103/><U129/><E25/><N who="2" m="14495" /><F41/><W134/><G134/><T64/><D95/><N who="2" m="36426" /><F135/><W73/><G73/><T120/><D86/><U82/><E129/><V66/><F66/><W5/><G5/><T33/><D64/><U16/><E46/><V45/><F45/><W97/><G97/><T98/><D98/><U100/><E100/><V69/><F69/><W6/><G6/><T55/><D55/><U99/><E99/><V42/><F42/><W2/><G2/><T50/><D111/><U15/><E15/><V44/><F44/><W101/><G101/><T104/><D104/><U39/><E39/><V18/><F18/><N who="1" m="7273" /><E12/><V61/><F61/><AGARI ba="0,0" hai="52,57,61,82,87,91,116,117" m="7273,47690" machi="61" ten="30,3900,0" yaku="18,1,54,2" doraHai="96" who="1" fromWho="2" sc="117,0,173,39,299,-39,411,0" /><INIT seed="5,0,0,0,0,86" ten="117,212,260,411" oya="1" hai0="118,116,33,55,134,114,106,120,95,65,17,129,56" hai1="63,108,31,79,72,74,5,2,20,14,11,130,45" hai2="98,115,81,73,105,6,21,92,66,41,24,70,123" hai3="89,84,50,124,88,32,37,46,18,109,77,57,16"/><U3/><E130/><V15/><F123/><W42/><G109/><T68/><D17/><N who="3" m="6761" /><G32/><T39/><D95/><U4/><E108/><V78/><F105/><W119/><G37/><T104/><D55/><U126/><E126/><V43/><F115/><W27/><G119/><T61/><D56/><U94/><E79/><V0/><F0/><W122/><G122/><T101/><D61/><U25/><E14/><V19/><F66/><W132/><G124/><T58/><D58/><U64/><E45/><V40/><F70/><W44/><G132/><T99/><D65/><U28/><E28/><V47/><F6/><W102/><G102/><T135/><D99/><U52/><E94/><V69/><F69/><W29/><G46/><T103/><D68/><U107/><E107/><V9/><F9/><W53/><G27/><T35/><D39/><U113/><E113/><V13/><REACH who="2" step="1"/><F47/><REACH who="2" ten="117,212,250,411" step="2"/><W36/><G44/><T112/><REACH who="0" step="1"/><D120/><REACH who="0" ten="107,212,250,411" step="2"/><U8/><E64/><V96/><F96/><W133/><G36/><T26/><D26/><U10/><E10/><V87/><F87/><W100/><G84/><T128/><AGARI ba="0,2" hai="33,35,101,103,104,106,112,114,116,118,128,129,134,135" machi="128" ten="25,6400,0" yaku="1,1,0,1,22,2,53,0" doraHai="86" doraHaiUra="82" who="0" fromWho="0" sc="107,84,212,-32,250,-16,411,-16" /><INIT seed="6,0,0,5,5,55" ten="191,180,234,395" oya="2" hai0="117,113,111,101,44,128,80,99,109,135,121,130,71" hai1="16,3,103,2,123,50,122,104,73,17,61,39,110" hai2="0,8,115,102,85,95,105,45,65,124,77,19,5" hai3="37,49,14,20,100,10,96,7,84,133,127,41,22"/><V28/><F105/><W119/><G119/><T11/><D71/><U59/><E39/><V4/><F115/><W54/><G127/><T68/><D68/><U56/><E73/><V48/><F124/><W78/><G133/><T69/><D69/><U88/><E110/><V81/><F65/><W42/><G37/><T52/><D113/><U126/><E126/><V94/><F28/><W35/><G35/><T27/><D135/><U86/><E103/><V33/><F33/><W116/><G116/><T132/><D132/><U64/><E104/><V89/><F102/><W43/><G84/><T120/><D117/><U76/><E76/><V129/><F129/><N who="0" m="49770" /><D27/><U15/><E17/><V58/><F58/><W87/><G87/><T70/><D70/><U18/><E18/><V74/><F19/><W83/><G83/><T93/><D11/><N who="1" m="6271" /><E50/><V1/><F4/><W34/><G78/><T67/><D67/><U106/><E56/><V108/><F108/><N who="0" m="41546" /><D80/><N who="1" m="49223" /><E106/><V72/><F94/><N who="3" m="58391" /><G34/><T32/><D32/><U29/><E29/><V75/><F0/><W97/><G7/><T6/><D6/><U12/><E12/><V13/><F1/><W92/><G92/><T62/><D62/><U40/><E40/><AGARI ba="0,0" hai="5,8,13,40,45,48,72,74,75,77,81,85,89,95" machi="40" ten="30,1500,0" yaku="7,1" doraHai="55" who="2" fromWho="1" sc="191,0,180,-15,234,15,395,0" /><INIT seed="6,1,0,4,0,119" ten="191,165,249,395" oya="2" hai0="63,132,41,90,65,124,17,97,5,39,46,20,129" hai1="8,50,2,57,92,42,113,101,26,40,55,67,21" hai2="31,105,13,59,112,133,109,126,102,28,79,70,89" hai3="10,115,118,6,48,15,34,117,14,56,123,74,30"/><V93/><F70/><W1/><G74/><T106/><D129/><U27/><E113/><V37/><F37/><W91/><G91/><T121/><D121/><U73/><E73/><V88/><F112/><W131/><G48/><T66/><D132/><U0/><E27/><V85/><F126/><W3/><G56/><T87/><D124/><U134/><E134/><V127/><F127/><W60/><G60/><T110/><D110/><U82/><E2/><N who="3" m="522" /><G115/><T120/><D5/><U76/><E0/><V114/><F79/><W135/><G135/><T103/><D120/><U78/><E8/><V58/><F109/><W68/><G68/><T36/><D63/><N who="1" m="38383" /><E82/><N who="2" m="49207" /><F102/><W18/><G131/><T16/><D39/><U52/><E55/><V99/><F105/><W128/><G123/><T83/><D17/><U75/><E75/><V25/><F59/><W45/><G45/><T80/><D83/><U81/><E81/><V125/><F58/><W98/><G98/><T44/><D46/><N who="1" m="27735" /><E76/><V71/><F125/><W4/><G128/><T53/><D53/><U38/><E78/><V122/><F122/><W96/><G96/><T107/><D106/><U22/><E38/><V100/><F133/><W95/><G95/><T72/><D72/><U69/><E69/><V11/><F71/><W32/><G34/><T49/><D36/><U23/><E26/><AGARI ba="1,0" hai="16,20,26,41,44,49,65,66,80,87,90,97,103,107" machi="26" ten="30,2000,0" yaku="7,1,54,1" doraHai="119" who="0" fromWho="1" sc="191,23,165,-23,249,0,395,0" /><INIT seed="7,0,0,1,2,59" ten="214,142,249,395" oya="3" hai0="85,77,45,57,106,101,35,119,133,53,132,36,5" hai1="124,56,25,31,12,10,2,120,72,27,111,44,68" hai2="104,81,99,51,26,30,130,79,54,91,113,49,76" hai3="28,90,109,103,80,134,1,46,98,112,86,50,62"/><W40/><G1/><T127/><D119/><U22/><E68/><V39/><F39/><W135/><G112/><T122/><D35/><U121/><E72/><V131/><F113/><W64/><G28/><T65/><D5/><U34/><E44/><V105/><F91/><W8/><G8/><T0/><D0/><U37/><E56/><N who="2" m="32847" /><F51/><W17/><G17/><T89/><D77/><U42/><E42/><V61/><F61/><W87/><G87/><T60/><D122/><U6/><E37/><V118/><F99/><W63/><G109/><T18/><D127/><U95/><E95/><V107/><F81/><W33/><G33/><T110/><D110/><U116/><E111/><V84/><F84/><W69/><REACH who="3" step="1"/><G63/><REACH who="3" ten="214,142,249,385" step="2"/><T82/><D60/><U96/><E96/><V58/><F30/><W48/><G48/><T123/><D85/><U7/><E116/><V52/><F118/><W66/><G66/><T100/><D65/><U55/><E124/><V67/><F67/><W11/><G11/><T19/><D18/><N who="1" m="12503" /><E55/><V83/><F52/><W94/><AGARI ba="0,1" hai="40,46,50,62,64,69,80,86,90,94,98,103,134,135" machi="94" ten="30,6000,0" yaku="1,1,0,1,52,1,53,0" doraHai="59" doraHaiUra="32" who="3" fromWho="3" sc="214,-20,142,-20,249,-20,385,70" owari="194,-21.0,122,-38.0,229,3.0,455,56.0" /></mjloggm>