<mjloggm ver="2.3"><GO type="169" lobby="0"/><UN n0="%73%68%6F%6F%74%33%39" n1="%E5%B0%B1%E6%B4%BB%E7%94%9F%40%E5%B7%9D%E6%9D%91%E8%BB%8D%E5%9B%A3" n2="%E6%98%9F%E9%99%8D%E3%82%8B%E8%A1%97" n3="%E3%83%87%E3%83%87%E3%82%AD%E3%83%B3%E3%83%88" dan="18,17,18,17" rate="2148.25,2207.49,2161.20,2236.01" sx="M,M,F,M"/><TAIKYOKU oya="0"/><INIT seed="0,0,0,5,5,39" ten="250,250,250,250" oya="0" hai0="51,21,92,117,30,9,33,134,112,48,102,105,95" hai1="74,3,16,109,135,113,44,100,122,63,104,20,111" hai2="42,59,96,67,85,98,72,91,14,35,106,60,23" hai3="69,116,25,10,36,77,79,18,24,70,61,12,15"/><T38/><D117/><U5/><E122/><V84/><F35/><W131/><G36/><T93/><D112/><U31/><E74/><V56/><F72/><W17/><G61/><T94/><D33/><U41/><E113/><V103/><F98/><W8/><REACH who="3" step="1"/><G131/><REACH who="3" ten="250,250,250,240" step="2"/><T121/><D38/><U58/><E111/><V120/><F60/><W128/><G128/><T124/><D121/><U75/><E109/><V4/><F120/><W108/><G108/><T87/><D51/><U22/><E135/><V133/><F133/><W110/><G110/><T88/><D134/><U1/><E75/><V73/><F73/><W89/><G89/><T53/><D124/><U81/><E100/><V50/><F91/><W119/><AGARI ba="0,1" hai="8,10,12,15,17,18,24,25,69,70,77,79,116,119" machi="119" ten="25,12000,2" yaku="1,1,0,1,22,2,53,2" doraHai="39" doraHaiUra="65" who="3" fromWho="3" sc="250,-60,250,-30,250,-30,240,130" /><INIT seed="1,0,0,2,2,54" ten="190,220,220,370" oya="1" hai0="120,113,20,76,52,40,38,46,116,27,67,12,127" hai1="106,81,82,135,15,72,68,104,77,47,119,36,18" hai2="100,114,42,24,89,23,30,74,73,132,102,58,50" hai3="91,92,33,13,111,56,57,14,75,16,95,79,45"/><U37/><E119/><V3/><F3/><W128/><G33/><T108/><D116/><U88/><E135/><V90/><F132/><W130/><G111/><T8/><D113/><U129/><E68/><V124/><F124/><W22/><G45/><T109/><D127/><U21/><E129/><N who="3" m="49770" /><G92/><T25/><D120/><U86/><REACH who="1" step="1"/><E47/><REACH who="1" ten="190,210,220,370" step="2"/><V105/><F114/><W43/><G57/><T31/><D109/><U87/><E87/><V101/><F105/><AGARI ba="0,1" hai="15,18,21,36,37,72,77,81,82,86,88,104,105,106" machi="105" ten="40,7700,0" yaku="1,1,54,1,53,1" doraHai="54" doraHaiUra="17" who="1" fromWho="2" sc="190,0,210,87,220,-77,370,0" /><INIT seed="1,1,0,1,4,2" ten="190,297,143,370" oya="1" hai0="41,40,123,46,72,98,102,24,75,52,118,135,83" hai1="119,111,95,86,100,64,78,45,114,127,14,15,51" hai2="31,88,66,76,60,62,12,28,106,56,32,63,126" hai3="17,74,130,11,128,113,93,23,59,37,112,97,70"/><U5/><E119/><V67/><F106/><W82/><G70/><T58/><D118/><U89/><E114/><N who="3" m="44138" /><G37/><T43/><D123/><U110/><E127/><V109/><F126/><W38/><G38/><T129/><D135/><U91/><E100/><V90/><F109/><N who="1" m="41481" /><E78/><V42/><F32/><W10/><G59/><T39/><D129/><N who="3" m="49769" /><G82/><T105/><D24/><U26/><E64/><V99/><F76/><W134/><G74/><T122/><D122/><U107/><E107/><V103/><F42/><W18/><G134/><T13/><D75/><U7/><E26/><V69/><F63/><W108/><G108/><T22/><D83/><U36/><E36/><V80/><F80/><W104/><G104/><T77/><D77/><U35/><E35/><V133/><F133/><W16/><G23/><T44/><D72/><U33/><E33/><V21/><F103/><AGARI ba="1,0" hai="10,11,16,17,18,93,97,103" m="49769,44138" machi="103" ten="40,2600,0" yaku="19,1,54,1" doraHai="2" who="3" fromWho="2" sc="190,0,297,0,143,-29,370,29" /><INIT seed="2,0,0,0,3,15" ten="190,297,114,399" oya="2" hai0="46,26,110,44,77,84,37,53,81,116,62,122,91" hai1="82,73,5,56,109,48,36,11,0,7,8,6,21" hai2="69,51,33,120,52,28,39,60,101,34,131,80,27" hai3="97,134,3,129,105,113,29,32,54,87,47,128,117"/><V25/><F120/><W103/><G117/><T12/><D122/><U75/><E109/><V43/><F131/><N who="3" m="50251" /><G3/><T61/><D110/><U10/><E36/><V17/><F101/><W74/><G74/><T94/><D116/><U4/><E82/><V31/><F39/><W88/><G134/><T90/><D26/><U65/><E65/><V123/><F123/><W18/><G113/><T13/><D91/><U83/><E75/><V41/><F80/><N who="3" m="49255" /><G29/><T55/><D37/><U86/><E73/><V95/><F95/><W22/><G32/><T118/><D118/><U98/><E98/><V70/><F17/><W35/><G35/><T119/><D119/><U71/><E71/><V57/><REACH who="2" step="1"/><F70/><REACH who="2" ten="190,297,104,399" step="2"/><W96/><G103/><T125/><D94/><U112/><E112/><V133/><F133/><W124/><G105/><T85/><D81/><U127/><E83/><V24/><F24/><N who="3" m="14423" /><G124/><T92/><D92/><U111/><E127/><V99/><F99/><W16/><G16/><T49/><D90/><U59/><E111/><V78/><F78/><W89/><G89/><T121/><D121/><U66/><E86/><V104/><F104/><W14/><G97/><T76/><D125/><U58/><E66/><AGARI ba="0,1" hai="25,27,28,31,33,34,41,43,51,52,57,60,66,69" machi="66" ten="40,7700,0" yaku="1,1,9,1,54,1,53,0" doraHai="15" doraHaiUra="115" who="2" fromWho="1" sc="190,0,297,-77,104,87,399,0" /><INIT seed="2,1,0,0,4,36" ten="190,220,191,399" oya="2" hai0="53,98,94,106,120,73,86,47,95,112,38,100,127" hai1="52,9,31,62,28,0,57,92,119,75,1,110,30" hai2="41,68,59,116,3,101,58,17,48,107,88,43,134" hai3="27,67,80,113,64,82,71,133,65,45,50,5,66"/><V56/><F68/><W15/><G133/><T126/><D120/><U105/><E119/><V54/><F116/><W25/><G113/><T79/><D112/><U32/><E105/><V10/><F134/><W70/><G70/><T33/><D33/><U111/><E32/><V46/><F101/><W109/><G109/><N who="1" m="41482" /><E75/><V72/><F72/><W124/><G124/><N who="0" m="47659" /><D53/><U76/><E76/><V123/><F107/><W14/><G71/><T29/><D29/><U90/><E9/><V34/><F34/><W89/><G67/><T104/><D47/><U83/><E83/><N who="3" m="31786" /><G89/><N who="0" m="53559" /><D38/><U85/><AGARI ba="1,0" hai="0,1,28,30,31,52,57,62,85,90,92" m="41482" machi="85" ten="30,2000,0" yaku="14,1,54,1" doraHai="36" who="1" fromWho="1" sc="190,-6,220,23,191,-11,399,-6" /><INIT seed="3,0,0,0,2,54" ten="184,243,180,393" oya="3" hai0="108,2,72,39,128,87,27,56,48,89,99,91,3" hai1="60,31,92,68,121,15,75,111,69,44,94,55,4" hai2="80,77,52,30,51,74,5,109,85,118,129,57,23" hai3="88,47,83,114,1,40,125,107,101,84,35,22,113"/><W134/><G35/><T127/><D72/><U46/><E121/><V95/><F118/><W79/><G1/><T0/><D39/><U81/><E111/><V20/><F109/><W78/><G22/><T13/><D108/><U130/><E130/><V16/><F129/><W105/><G47/><T38/><D38/><U97/><E31/><V117/><F117/><W93/><G40/><T133/><D128/><U98/><E81/><V12/><F5/><W110/><G110/><T25/><D133/><U126/><E126/><V96/><F30/><W36/><G36/><T71/><D71/><U26/><E75/><V53/><F53/><W7/><G7/><T24/><D127/><U33/><E26/><V29/><F29/><W21/><G21/><T120/><D120/><U122/><E122/><V49/><F74/><W119/><G134/><T116/><D116/><U103/><E33/><V66/><F66/><W70/><G70/><T32/><D32/><U10/><E68/><V112/><F112/><W42/><G42/><T50/><D3/><U17/><E4/><V86/><F86/><W106/><G119/><T41/><D2/><U131/><E131/><V63/><F23/><W100/><G125/><T8/><D0/><U58/><E69/><V6/><F6/><W18/><G18/><N who="0" m="8487" /><D99/><U90/><AGARI ba="0,0" hai="10,15,17,44,46,55,58,60,90,92,94,97,98,103" machi="90" ten="20,5200,0" yaku="0,1,7,1,8,1,52,1" doraHai="54" who="1" fromWho="1" sc="184,-13,243,52,180,-13,393,-26" /><INIT seed="4,0,0,1,5,77" ten="171,295,167,367" oya="0" hai0="135,0,23,58,96,90,53,125,78,87,89,80,84" hai1="28,4,68,51,6,54,98,109,73,111,32,16,1" hai2="99,61,69,43,65,133,128,106,60,127,29,13,46" hai3="3,39,124,103,120,114,9,62,122,134,20,22,19"/><T48/><D0/><U63/><E73/><V94/><F128/><W34/><G39/><T130/><D135/><U108/><E1/><V10/><F127/><W131/><G134/><T36/><D36/><U110/><E110/><V79/><F106/><W100/><G131/><T21/><D125/><U11/><E28/><V72/><F29/><W104/><G34/><T42/><D130/><U35/><E98/><V102/><F133/><W86/><G124/><T49/><D96/><U116/><E116/><V95/><F95/><W113/><G62/><T15/><D15/><U18/><E63/><V82/><F65/><W105/><G86/><T92/><REACH who="0" step="1"/><D78/><REACH who="0" ten="161,295,167,367" step="2"/><U118/><E118/><V112/><F112/><W8/><G3/><T71/><D71/><U81/><E68/><V37/><REACH who="2" step="1"/><F69/><REACH who="2" ten="161,295,157,367" step="2"/><W55/><G114/><T45/><AGARI ba="0,2" hai="21,23,42,45,48,49,53,58,80,84,87,89,90,92" machi="45" ten="30,11700,0" yaku="1,1,0,1,8,1,52,1,53,0" doraHai="77" doraHaiUra="59" who="0" fromWho="0" sc="161,137,295,-39,157,-39,367,-39" /><INIT seed="4,1,0,4,2,89" ten="298,256,118,328" oya="0" hai0="116,10,38,73,127,68,120,51,119,117,40,131,83" hai1="88,1,43,36,133,130,84,12,52,55,29,59,128" hai2="47,15,41,23,110,109,42,118,34,8,49,21,50" hai3="66,27,9,125,18,101,75,32,7,63,53,60,44"/><T35/><D120/><U87/><E1/><V90/><F34/><W82/><G125/><T19/><D35/><U14/><E133/><V106/><F106/><W69/><G101/><T17/><D68/><U74/><E74/><V16/><F118/><W103/><G103/><T97/><D127/><U112/><E112/><V132/><F132/><W126/><G126/><T46/><D131/><N who="1" m="50219" /><E29/><V122/><F122/><W135/><G135/><T24/><D51/><N who="1" m="31135" /><E87/><V111/><REACH who="2" step="1"/><F90/><REACH who="2" ten="298,256,108,328" step="2"/><W92/><G32/><T81/><D119/><U78/><E78/><V77/><F77/><W20/><G75/><T13/><D73/><U95/><E55/><V26/><F26/><W6/><G53/><T134/><D134/><U62/><E62/><V65/><F65/><W115/><G63/><T54/><D54/><U71/><E71/><V22/><F22/><W70/><G69/><T93/><D117/><U113/><E113/><V57/><F57/><W86/><G115/><T33/><D116/><U58/><E58/><V4/><F4/><W100/><G7/><T98/><D33/><U123/><E123/><V45/><AGARI ba="1,1" hai="8,15,16,21,23,41,42,45,47,49,50,109,110,111" machi="45" ten="40,8000,1" yaku="1,1,0,1,9,1,54,1,53,0" doraHai="89" doraHaiUra="129" who="2" fromWho="2" sc="298,-41,256,-21,108,93,328,-21" /><INIT seed="5,0,0,1,4,69" ten="257,235,201,307" oya="1" hai0="19,31,54,63,126,46,59,24,119,55,103,74,6" hai1="5,70,10,40,22,32,49,20,129,124,128,109,115" hai2="61,73,118,106,52,116,87,105,41,3,43,76,121" hai3="9,133,50,120,127,68,0,99,134,93,85,122,83"/><U48/><E70/><V95/><F3/><W101/><G68/><T72/><D119/><U23/><E32/><V11/><F121/><N who="3" m="46699" /><G50/><T56/><D126/><U51/><E124/><V104/><F73/><W107/><G9/><T28/><D6/><U97/><E109/><V111/><F111/><W53/><G53/><T39/><D103/><U64/><E64/><V89/><F76/><N who="3" m="46311" /><G0/><T2/><D2/><U16/><E115/><V94/><F11/><W33/><G33/><T67/><D19/><U34/><E34/><V44/><F41/><W27/><G27/><T131/><D31/><U4/><E97/><V125/><F125/><W81/><G127/><T75/><D59/><U12/><REACH who="1" step="1"/><E40/><REACH who="1" ten="257,225,201,307" step="2"/><V100/><F118/><W8/><G99/><T30/><D67/><U57/><E57/><V1/><F116/><W77/><G134/><T66/><D56/><U82/><E82/><V78/><F43/><W65/><G65/><T45/><D66/><U91/><E91/><V13/><F89/><W7/><G133/><T92/><D55/><U17/><E17/><V112/><F52/><W96/><G81/><T110/><D54/><U37/><E37/><V80/><F112/><W29/><G96/><T26/><D110/><U18/><E18/><V21/><F61/><W84/><G29/><T42/><D63/><U58/><E58/><V130/><F80/><W114/><G114/><T15/><D30/><U62/><E62/><V60/><F60/><W98/><G98/><T123/><D28/><U102/><E102/><V86/><F100/><W88/><G101/><T35/><D123/><RYUUKYOKU ba="0,1" sc="257,-10,225,30,201,-10,307,-10" hai1="4,5,10,12,16,20,22,23,48,49,51,128,129" /><INIT seed="5,1,1,2,4,118" ten="247,255,191,297" oya="1" hai0="25,95,86,99,79,133,106,125,54,112,130,109,75" hai1="18,5,28,89,16,13,39,15,107,116,104,78,17" hai2="6,108,7,83,56,8,110,134,101,60,88,66,84" hai3="46,59,82,32,36,29,128,87,41,70,62,120,9"/><U12/><E116/><V94/><F134/><W117/><G120/><T26/><D109/><U48/><E39/><V0/><F101/><W27/><G117/><T93/><D133/><U42/><E5/><V132/><F132/><W53/><G128/><T121/><D130/><U77/><E28/><V49/><F6/><W126/><G126/><T81/><D125/><U73/><E89/><V30/><F30/><W10/><G70/><T63/><D112/><U129/><E129/><V45/><REACH who="2" step="1"/><F94/><REACH who="2" ten="247,255,181,297" step="2"/><W24/><G24/><T20/><D26/><U135/><E135/><V58/><F58/><W43/><G43/><AGARI ba="1,2" hai="0,7,8,43,45,49,56,60,66,83,84,88,108,110" machi="43" ten="30,7700,0" yaku="1,1,7,1,54,1,53,1" doraHai="118" doraHaiUra="38" who="2" fromWho="3" sc="247,0,255,0,181,100,297,-80" /><INIT seed="6,0,0,1,1,89" ten="247,255,281,217" oya="2" hai0="69,72,96,71,119,28,22,100,111,35,11,68,84" hai1="24,0,18,88,33,16,30,49,130,128,127,78,39" hai2="17,44,97,134,117,86,25,65,57,56,54,67,20" hai3="2,126,81,38,80,118,58,50,66,62,113,42,74"/><V1/><F117/><W124/><G118/><T87/><D111/><U52/><E39/><V45/><F1/><W53/><G2/><T51/><D72/><U61/><E127/><N who="3" m="48682" /><G74/><T6/><D35/><U129/><E0/><V63/><F134/><W7/><G7/><T27/><D119/><U37/><E37/><V93/><F86/><W107/><G107/><T101/><D101/><U131/><N who="1" m="33280" /><DORA hai="3" /><U125/><E125/><V34/><F34/><W109/><G109/><T99/><D99/><U55/><E78/><V85/><F85/><W79/><G79/><T92/><REACH who="0" step="1"/><D51/><REACH who="0" ten="237,255,281,217" step="2"/><U104/><E104/><V73/><F73/><W135/><G135/><T82/><D82/><U94/><E61/><N who="2" m="35991" /><F67/><W32/><G32/><T120/><D120/><U36/><E36/><V133/><F133/><W9/><G38/><T46/><D46/><N who="1" m="27703" /><E55/><V29/><F45/><W12/><G53/><T112/><D112/><U10/><E10/><V115/><F44/><N who="3" m="25879" /><G113/><T47/><D47/><U14/><E14/><AGARI ba="0,1" hai="6,11,14,22,27,28,68,69,71,84,87,92,96,100" machi="14" ten="40,16000,3" yaku="1,1,52,2,53,5" doraHai="89,3" doraHaiUra="83,64" who="0" fromWho="1" sc="237,170,255,-160,281,0,217,0" /><INIT seed="7,0,0,1,0,30" ten="407,95,281,217" oya="3" hai0="112,15,56,66,10,111,19,47,21,89,8,43,29" hai1="88,127,41,70,51,3,107,78,87,81,32,77,18" hai2="91,54,55,53,79,50,59,109,99,40,85,58,33" hai3="121,97,100,76,119,84,20,93,114,2,1,80,12"/><W22/><G119/><T133/><D111/><U68/><E127/><V124/><F109/><W5/><G114/><T102/><D112/><U116/><E107/><V73/><F124/><W60/><G121/><T83/><D133/><U46/><E116/><V106/><F33/><W45/><G1/><T101/><D66/><U26/><E3/><V31/><F31/><W17/><G2/><T117/><D56/><U65/><E70/><V95/><F40/><W72/><G5/><T34/><D34/><U44/><E44/><V64/><F64/><W98/><G60/><T122/><D10/><U94/><E68/><V75/><F75/><W7/><G7/><T63/><D63/><U52/><E65/><V6/><F6/><W39/><G39/><T126/><D122/><U57/><E81/><N who="2" m="45295" /><F58/><W92/><G72/><T108/><D108/><U11/><E11/><V125/><F125/><W9/><REACH who="3" step="1"/><G45/><REACH who="3" ten="407,95,281,207" step="2"/><T61/><D61/><U130/><E130/><V35/><F35/><W28/><G28/><T134/><D134/><U62/><REACH who="1" step="1"/><E32/><REACH who="1" ten="407,85,281,207" step="2"/><V36/><F36/><W135/><G135/><T103/><D126/><U96/><E96/><V27/><F99/><W14/><G14/><T49/><D117/><U82/><E82/><V23/><F59/><W131/><G131/><T132/><D132/><U90/><E90/><AGARI ba="0,2" hai="9,12,17,20,22,76,80,84,90,92,93,97,98,100" machi="90" ten="30,5800,0" yaku="1,1,7,1,8,1,53,0" doraHai="30" doraHaiUra="38" who="3" fromWho="1" sc="407,0,85,-58,281,0,207,78" /><INIT seed="7,1,0,0,4,60" ten="407,27,281,285" oya="3" hai0="67,116,123,53,100,91,56,101,127,83,10,39,41" hai1="135,52,57,80,68,21,31,30,129,118,103,72,96" hai2="11,49,59,77,114,115,99,35,38,23,42,1,74" hai3="14,0,121,32,28,4,86,126,110,43,94,16,54"/><W20/><G121/><T88/><D116/><U98/><E68/><V34/><F23/><W125/><G43/><T19/><D127/><N who="3" m="48649" /><G54/><T45/><D123/><U119/><E72/><V84/><F99/><W2/><G94/><T109/><D109/><U64/><E64/><V97/><F97/><W46/><G46/><T70/><D10/><U47/><E47/><N who="2" m="24023" /><F84/><W81/><G81/><T76/><D19/><U112/><E80/><N who="2" m="45111" /><F59/><W108/><G86/><N who="0" m="50271" /><D91/><U65/><E65/><V107/><F49/><W117/><G117/><T27/><D27/><U5/><E5/><N who="2" m="1455" /><F107/><W15/><G15/><T24/><D76/><U131/><E52/><V48/><F48/><W8/><G2/><T82/><D82/><U3/><E57/><V66/><F66/><W69/><G69/><T55/><D55/><U18/><E3/><V40/><F40/><W62/><G62/><T71/><D67/><U89/><E89/><V90/><F90/><W75/><G75/><T92/><D92/><U9/><E9/><V95/><F95/><W37/><G37/><T111/><D71/><U73/><E73/><V63/><F63/><W25/><AGARI ba="1,0" hai="0,4,8,14,16,20,25,28,32,108,110" m="48649" machi="25" ten="30,12000,1" yaku="24,1,18,1,34,2,54,1" doraHai="60" who="3" fromWho="3" sc="407,-41,27,-41,281,-41,285,123" owari="366,17.0,-14,-51.0,240,-16.0,408,50.0" /></mjloggm>