<mjloggm ver="2.3"><GO type="169" lobby="0"/><UN n0="%73%68%61%70%65%6C%65%72" n1="%E3%83%9E%E3%83%88%E3%83%AA%E3%83%83%E3%82%AF%E3%82%B9" n2="%E3%83%88%E3%83%88%E3%83%AA%E5%85%88%E7%94%9F%31%39%E6%AD%B3" n3="%61%6C%75%63%61%72%64" dan="17,16,19,16" rate="2203.31,2047.24,2291.61,2151.76" sx="M,M,F,M"/><TAIKYOKU oya="0"/><INIT seed="0,0,0,2,4,89" ten="250,250,250,250" oya="0" hai0="18,68,99,83,134,44,12,114,85,116,122,17,130" hai1="78,43,91,69,19,13,111,108,52,59,8,110,34" hai2="54,77,133,88,15,9,32,81,65,7,57,76,38" hai3="11,95,127,106,132,14,41,27,124,50,48,87,23"/><T39/><D68/><U4/><E69/><V115/><F115/><W35/><G106/><T109/><D122/><U79/><E34/><V49/><F32/><W67/><G35/><T101/><D116/><U72/><E72/><V51/><F38/><W92/><G67/><T42/><D114/><U71/><E71/><V31/><F31/><N who="3" m="17919" /><G87/><T16/><D134/><U58/><E58/><V26/><F26/><W40/><G132/><T131/><D109/><U84/><E43/><N who="3" m="16458" /><G124/><T94/><REACH who="0" step="1"/><D12/><REACH who="0" ten="240,250,250,250" step="2"/><U125/><E125/><V33/><F133/><W20/><G127/><T80/><D80/><N who="1" m="49543" /><E4/><V105/><F7/><N who="3" m="3455" /><G20/><T100/><D100/><U102/><E102/><V66/><F33/><W98/><G98/><T21/><D21/><U121/><E121/><V103/><F103/><W119/><G119/><T128/><D128/><U63/><AGARI ba="0,1" hai="8,13,19,52,59,63,78,79,108,110,111" m="49543" machi="63" ten="30,2000,0" yaku="14,1,54,1" doraHai="89" who="1" fromWho="1" sc="240,-10,250,30,250,-5,250,-5" /><INIT seed="1,0,0,2,2,66" ten="230,280,245,245" oya="1" hai0="44,56,34,69,110,33,102,92,117,98,35,72,19" hai1="64,41,36,1,42,75,119,103,45,97,8,133,118" hai2="0,96,134,113,127,105,55,93,87,82,106,128,50" hai3="130,89,74,3,68,131,79,30,52,28,65,95,67"/><U81/><E42/><V31/><F0/><W86/><G3/><T26/><D72/><U76/><E133/><V109/><F134/><W27/><G79/><T47/><D117/><U100/><E64/><V48/><F109/><W94/><G74/><T125/><D110/><U129/><E129/><N who="3" m="49162" /><G30/><T70/><D56/><U22/><E22/><V99/><F128/><W18/><G18/><T7/><D7/><N who="1" m="1135" /><E103/><V73/><F31/><W38/><G38/><T37/><D125/><U135/><E135/><V115/><F127/><W101/><G101/><T4/><D4/><U16/><E16/><V29/><F29/><W12/><G12/><T53/><D37/><U25/><E25/><V59/><F48/><W32/><G67/><T49/><REACH who="0" step="1"/><D47/><REACH who="0" ten="220,280,245,245" step="2"/><U126/><E126/><V13/><F59/><W62/><G32/><T90/><D90/><U116/><E116/><V120/><F73/><W60/><G89/><T108/><D108/><U104/><AGARI ba="0,1" hai="36,41,45,75,76,81,97,100,104,118,119" m="1135" machi="104" ten="30,3000,0" yaku="25,1,23,1" doraHai="66" who="1" fromWho="1" sc="220,-10,280,40,245,-10,245,-10" /><INIT seed="1,1,0,2,5,64" ten="210,320,235,235" oya="1" hai0="79,109,1,26,105,74,91,102,121,108,78,75,3" hai1="17,99,71,113,19,131,118,57,38,68,10,7,94" hai2="12,66,54,100,82,61,16,35,29,39,124,130,46" hai3="103,88,67,127,93,11,56,27,41,83,14,4,21"/><U15/><E118/><V25/><F130/><W112/><G127/><T51/><D26/><U135/><E113/><V72/><F124/><W23/><G112/><T107/><D51/><U53/><E38/><V106/><F72/><N who="0" m="27690" /><D91/><U122/><E122/><V84/><F106/><N who="0" m="40458" /><D102/><U116/><E116/><V96/><F96/><N who="3" m="59791" /><G41/><T40/><D40/><U123/><E123/><V132/><F132/><W37/><G37/><T77/><D121/><U81/><E81/><V76/><F100/><W114/><G114/><T58/><D58/><U90/><E135/><V6/><F39/><W73/><G73/><T44/><D44/><U104/><E104/><V120/><F120/><W45/><G45/><T34/><D34/><U30/><E30/><V95/><F95/><W22/><G56/><T97/><D97/><U115/><E115/><V55/><F6/><W18/><G67/><T98/><D98/><U70/><REACH who="1" step="1"/><E131/><REACH who="1" ten="210,310,235,235" step="2"/><V52/><F46/><W42/><G42/><T28/><D28/><U9/><E9/><V50/><F50/><AGARI ba="1,1" hai="7,10,15,17,19,50,53,57,68,70,71,90,94,99" machi="50" ten="40,18000,2" yaku="1,1,52,3,53,2" doraHai="64" doraHaiUra="13" who="1" fromWho="2" sc="210,0,310,193,235,-183,235,0" /><INIT seed="1,2,0,3,3,12" ten="210,503,52,235" oya="1" hai0="125,89,57,52,100,135,28,0,106,132,128,30,87" hai1="103,31,80,59,134,90,56,82,22,15,69,9,78" hai2="73,66,32,20,41,23,72,97,11,110,122,105,45" hai3="74,115,51,6,83,104,58,79,47,18,27,13,70"/><U40/><E69/><V111/><F122/><W42/><G70/><T54/><D0/><U75/><E134/><V127/><F32/><W44/><G104/><T94/><D128/><U16/><E103/><N who="2" m="62703" /><F11/><W123/><G115/><T67/><D125/><U108/><E40/><V112/><F66/><W68/><G68/><T8/><D8/><U2/><E108/><N who="2" m="41515" /><F127/><W1/><G1/><T124/><D124/><U62/><E31/><V33/><F33/><W120/><G6/><T93/><D106/><U133/><E133/><N who="0" m="51273" /><D67/><U61/><E61/><V119/><F119/><W38/><G27/><T4/><D4/><U86/><E2/><V96/><F96/><W21/><REACH who="3" step="1"/><G58/><REACH who="3" ten="210,503,52,225" step="2"/><T36/><D57/><U84/><E59/><V35/><F112/><W25/><G25/><T5/><D5/><U95/><E56/><V3/><F3/><W7/><G7/><T129/><D129/><U113/><E113/><V39/><F35/><W14/><G14/><T48/><D28/><U63/><E9/><V53/><F23/><W131/><G131/><T43/><D30/><U34/><E34/><V81/><F20/><W60/><G60/><T71/><D71/><U130/><E130/><V91/><F53/><AGARI ba="2,1" hai="13,18,21,38,42,44,47,51,53,74,79,83,120,123" machi="53" ten="30,8000,1" yaku="1,1,7,1,52,1,53,2" doraHai="12" doraHaiUra="116" who="3" fromWho="2" sc="210,0,503,0,52,-86,225,96" owari="210,-19.0,503,60.0,-34,-53.0,321,12.0" /></mjloggm>