<mjloggm ver="2.3"><GO type="169" lobby="0"/><UN n0="%E3%83%95%E3%83%AA%E3%83%BC%E3%82%B6%E6%A7%98" n1="%E3%81%B5%E3%81%8B%E3%81%98" n2="%E5%B0%B1%E6%B4%BB%E7%94%9F%40%E5%B7%9D%E6%9D%91%E8%BB%8D%E5%9B%A3" n3="%E4%B8%89%E5%B0%BA%E7%8E%89" dan="17,16,18,16" rate="2217.55,2085.42,2260.60,2131.40" sx="M,M,M,M"/><TAIKYOKU oya="0"/><INIT seed="0,0,0,4,4,116" ten="250,250,250,250" oya="0" hai0="113,93,31,121,63,24,73,33,94,15,77,3,128" hai1="96,123,0,29,2,59,132,62,117,79,78,81,49" hai2="66,34,88,28,6,125,13,58,44,32,26,82,36" hai3="47,50,60,30,109,42,41,23,100,104,18,122,126"/><T87/><D113/><U38/><E117/><V1/><F125/><W129/><G126/><T55/><D3/><U99/><E38/><V71/><F71/><W12/><G109/><T10/><D128/><U134/><E49/><V92/><F1/><N who="1" m="617" /><E29/><V110/><F110/><W95/><G129/><T21/><D73/><U130/><E130/><V120/><F82/><W43/><G104/><T14/><D33/><U101/><E123/><V52/><F120/><W8/><G60/><T56/><D121/><U83/><E59/><V17/><F66/><W35/><G35/><T11/><D77/><N who="1" m="29195" /><E62/><V124/><F124/><W107/><G107/><T91/><REACH who="0" step="1"/><D94/><REACH who="0" ten="240,250,250,250" step="2"/><U119/><E119/><V45/><F34/><W46/><G122/><T67/><D67/><U22/><E134/><V80/><F80/><W51/><G95/><T84/><D84/><U37/><E132/><V48/><F36/><W61/><G61/><T112/><D112/><U9/><E37/><V75/><F75/><W97/><G97/><T54/><D54/><U20/><E99/><V39/><F39/><W131/><G131/><T19/><D19/><U85/><E83/><V65/><F65/><W115/><G115/><T98/><D98/><U86/><E81/><V90/><F6/><W114/><G114/><T89/><D89/><U118/><E118/><V5/><F5/><W76/><G76/><T72/><D72/><U108/><E108/><V7/><F7/><W102/><G41/><T53/><D53/><U27/><E96/><N who="2" m="57351" /><F90/><W40/><G42/><T68/><D68/><U103/><E85/><V127/><F127/><RYUUKYOKU ba="0,1" sc="240,10,250,-30,250,10,250,10" hai0="10,11,14,15,21,24,31,55,56,63,87,91,93" hai2="13,17,26,28,32,44,45,48,52,58" hai3="8,12,18,23,30,40,43,46,47,50,51,100,102" /><INIT seed="0,1,1,0,3,6" ten="250,220,260,260" oya="0" hai0="62,44,19,27,82,64,49,69,4,85,11,128,20" hai1="58,90,35,104,119,67,55,133,93,54,26,106,94" hai2="115,132,99,16,28,131,34,68,89,125,53,10,71" hai3="24,70,96,112,14,88,48,50,80,45,32,114,109"/><T5/><D128/><U110/><E119/><V126/><F115/><W77/><G70/><T39/><D39/><U73/><E73/><V76/><F76/><W100/><G109/><T135/><D135/><U7/><E110/><V129/><F53/><W83/><G32/><T124/><D124/><N who="2" m="47722" /><F34/><W120/><G120/><T15/><D4/><U1/><E67/><V51/><F28/><W38/><G24/><T111/><D111/><U91/><E133/><V117/><F51/><W65/><G65/><T17/><D17/><U8/><E93/><N who="2" m="56751" /><F117/><W87/><G50/><T63/><D64/><U12/><E1/><V102/><F102/><W134/><G38/><T47/><D69/><N who="2" m="26698" /><F132/><W75/><G134/><T79/><REACH who="0" step="1"/><D47/><REACH who="0" ten="240,220,260,260" step="2"/><U97/><E58/><V81/><F81/><W108/><G108/><T113/><D113/><U98/><E104/><V42/><F42/><AGARI ba="1,2" hai="5,11,15,19,20,27,42,44,49,62,63,79,82,85" machi="42" ten="30,18000,2" yaku="1,1,7,1,25,2,8,1,52,1,53,0" doraHai="6" doraHaiUra="29" who="0" fromWho="2" sc="240,203,220,0,260,-183,260,0" /><INIT seed="0,2,0,2,4,16" ten="443,220,77,260" oya="0" hai0="17,126,112,98,42,30,23,81,121,19,39,128,57" hai1="134,35,64,9,91,40,124,133,85,97,7,48,131" hai2="59,6,50,53,87,65,56,60,71,22,96,68,27" hai3="72,82,73,129,62,78,46,94,135,0,88,92,3"/><T12/><D112/><U8/><E35/><V106/><F6/><W77/><G135/><N who="1" m="51722" /><E131/><V95/><F106/><W132/><G132/><T26/><D121/><U32/><E32/><V130/><F130/><W43/><G62/><T24/><D128/><U93/><E124/><V86/><F71/><W67/><G67/><T101/><D126/><U120/><E120/><V2/><F2/><W1/><G129/><T28/><D39/><U14/><E64/><V52/><F68/><W127/><G127/><T10/><D42/><U89/><E9/><V37/><F37/><W54/><G54/><T38/><D38/><U58/><E58/><V111/><F111/><W15/><G15/><T33/><D81/><N who="1" m="49327" /><E48/><V118/><F118/><W74/><G46/><T25/><D57/><U119/><E40/><V75/><F75/><W116/><G43/><T102/><REACH who="0" step="1"/><D98/><REACH who="0" ten="433,220,77,260" step="2"/><U5/><E119/><V4/><F4/><AGARI ba="2,1" hai="4,5,7,8,14,91,93,97" m="49327,51722" machi="4" ten="30,1000,0" yaku="20,1" doraHai="16" who="1" fromWho="2" sc="433,0,220,26,77,-16,260,0" /><INIT seed="1,0,0,3,5,89" ten="433,246,61,260" oya="1" hai0="54,70,44,96,21,31,102,27,76,107,0,12,18" hai1="57,58,118,75,1,26,28,115,134,40,82,66,71" hai2="13,16,121,90,73,97,94,8,64,2,126,111,5" hai3="87,109,112,83,10,11,4,91,9,117,45,72,41"/><U52/><E115/><V108/><F121/><W105/><G112/><T130/><D130/><U99/><E118/><V123/><F123/><W106/><G117/><T84/><D70/><U22/><E1/><V98/><F73/><W56/><G56/><T103/><D103/><U104/><E71/><V124/><F64/><W85/><G109/><N who="2" m="42057" /><F98/><W131/><G131/><T92/><D0/><U67/><E134/><V3/><F5/><W93/><G72/><T60/><D76/><U51/><E40/><V46/><F46/><W61/><G61/><T128/><D128/><U63/><E67/><V129/><F129/><W133/><G133/><T122/><D122/><U42/><E42/><V116/><F116/><W6/><G106/><T49/><D60/><U47/><E47/><V120/><F120/><W127/><G105/><T62/><D62/><U79/><E104/><V55/><F55/><W88/><REACH who="3" step="1"/><G127/><AGARI ba="0,0" hai="2,3,8,13,16,90,94,97,124,126,127" m="42057" machi="127" ten="30,7700,0" yaku="18,1,14,1,52,1,54,1" doraHai="89" who="2" fromWho="3" sc="433,0,246,0,61,77,260,-77" /><INIT seed="2,0,0,0,5,31" ten="433,246,138,183" oya="2" hai0="53,74,61,79,34,83,66,99,11,7,38,111,18" hai1="2,112,3,91,134,107,39,127,51,68,118,10,93" hai2="106,30,65,101,75,86,90,59,105,125,48,26,113" hai3="19,21,32,115,76,47,33,60,78,64,28,103,122"/><V62/><F75/><W27/><G122/><T135/><D38/><U132/><E112/><V117/><F113/><W92/><G115/><T55/><D111/><U70/><E118/><V119/><F125/><W16/><G47/><T88/><D18/><U131/><E39/><V54/><F105/><W98/><G19/><T56/><D34/><N who="3" m="13417" /><G16/><T40/><D40/><U100/><E127/><V67/><F106/><W42/><G42/><T133/><D99/><N who="1" m="61855" /><E51/><V121/><F121/><W58/><AGARI ba="0,0" hai="21,27,28,58,60,64,76,78,92,98,103" m="13417" machi="58" ten="30,7900,0" yaku="25,1,52,3" doraHai="31" who="3" fromWho="3" sc="433,-20,246,-20,138,-39,183,79" /><INIT seed="3,0,0,5,4,19" ten="413,226,99,262" oya="3" hai0="75,86,36,94,35,16,40,123,7,32,135,18,105" hai1="99,126,87,80,27,72,22,128,121,119,12,50,127" hai2="14,112,66,71,60,81,11,76,10,110,103,13,98" hai3="73,77,62,52,70,49,6,25,92,67,108,65,134"/><W33/><G134/><T74/><D105/><U3/><E3/><V46/><F112/><W1/><G67/><T91/><D7/><U107/><E121/><V88/><F110/><W95/><G108/><T113/><D123/><U54/><E128/><V5/><F46/><W106/><G106/><T20/><D40/><U8/><E72/><V97/><F103/><W129/><G129/><T68/><D36/><U30/><E119/><V57/><F71/><W111/><G111/><T109/><D68/><U114/><E114/><V38/><F38/><W39/><G39/><T0/><D0/><U133/><E133/><V117/><F117/><W61/><G61/><T59/><D135/><U28/><E28/><V90/><F97/><W2/><G73/><T63/><D113/><U47/><E99/><V125/><F98/><W4/><G77/><T9/><D109/><U17/><REACH who="1" step="1"/><E107/><REACH who="1" ten="413,216,99,262" step="2"/><V26/><F125/><W43/><G1/><T23/><D75/><U102/><E102/><V45/><F26/><W83/><G2/><T89/><D74/><U96/><E96/><V41/><F41/><W69/><G43/><T82/><D35/><U53/><E53/><V130/><F130/><W93/><G33/><T56/><D32/><U37/><E37/><V122/><F122/><W131/><G25/><T116/><D116/><U64/><E64/><V120/><F120/><W78/><G131/><T79/><D86/><U24/><E24/><V118/><F118/><W42/><G42/><T29/><D29/><U15/><E15/><V84/><F45/><N who="3" m="27695" /><G70/><T21/><D59/><U55/><E55/><RYUUKYOKU ba="0,1" sc="413,-30,216,10,99,10,262,10" hai1="8,12,17,22,27,30,47,50,54,80,87,126,127" hai2="5,10,11,13,14,57,60,66,76,81,84,88,90" hai3="4,6,62,65,69,78,83,92,93,95" /><INIT seed="3,1,1,1,4,67" ten="383,226,109,272" oya="3" hai0="72,14,29,23,51,63,90,36,58,112,8,108,1" hai1="61,128,135,3,34,104,78,6,39,91,133,5,124" hai2="13,62,10,102,111,47,96,64,9,35,11,85,32" hai3="95,31,132,48,0,123,82,88,33,66,119,18,28"/><W45/><G119/><T52/><D36/><U16/><E39/><V129/><F111/><W15/><G123/><T97/><D72/><U60/><E104/><V113/><F113/><W68/><G0/><T101/><D1/><U114/><E114/><V92/><F129/><W20/><G33/><T83/><D108/><U121/><E121/><V84/><F35/><W59/><G68/><T22/><D29/><U116/><E128/><V25/><F13/><W77/><G132/><N who="1" m="50762" /><E34/><V37/><F37/><W79/><G59/><T17/><D112/><U49/><E116/><V86/><F47/><W76/><G66/><T56/><D101/><U27/><E78/><V105/><F92/><W120/><G82/><T109/><D109/><U73/><E73/><V110/><F110/><W130/><G120/><T70/><D70/><U26/><E124/><V94/><F94/><W19/><G19/><T115/><D115/><U126/><E126/><V87/><N who="2" m="22016" /><DORA hai="21" /><V81/><F81/><W42/><G130/><T53/><D83/><U134/><E91/><V93/><F93/><AGARI ba="1,1" hai="8,14,17,22,23,51,52,53,56,58,63,90,93,97" machi="93" ten="40,2600,0" yaku="8,1,54,1" doraHai="67,21" who="0" fromWho="2" sc="383,39,226,0,109,-29,272,0" /><INIT seed="4,0,0,4,4,123" ten="422,226,80,272" oya="0" hai0="116,130,76,83,23,127,5,80,124,105,11,53,70" hai1="64,86,100,19,88,79,8,121,101,48,27,68,125" hai2="44,85,95,66,133,51,115,98,96,9,17,42,0" hai3="52,119,43,90,122,129,61,20,65,33,14,74,112"/><T39/><D105/><U59/><E121/><V106/><F115/><W30/><G33/><T87/><D70/><U36/><E36/><V28/><F133/><W57/><G122/><T78/><D116/><U3/><E68/><V41/><F28/><W82/><G119/><T131/><D23/><N who="1" m="13823" /><E3/><V4/><F66/><W32/><G112/><T6/><D39/><U16/><E79/><V60/><F60/><W10/><G32/><T35/><D35/><U97/><E97/><V93/><F106/><W132/><G43/><T117/><D117/><U38/><E38/><V63/><F63/><W15/><G132/><T31/><D53/><N who="1" m="32167" /><E64/><V91/><F17/><N who="3" m="10303" /><G30/><T25/><D31/><U34/><E125/><N who="0" m="48201" /><D25/><U110/><E110/><V54/><REACH who="2" step="1"/><F85/><REACH who="2" ten="422,226,70,272" step="2"/><N who="3" m="50487" /><G74/><N who="0" m="43031" /><D6/><U81/><E34/><V62/><F62/><W46/><G65/><T21/><D5/><U84/><E86/><V1/><F1/><W118/><G118/><T103/><D87/><U99/><E99/><V77/><F77/><W69/><G69/><T94/><D78/><U18/><E18/><V135/><F135/><W56/><G61/><T92/><D130/><U108/><E108/><V45/><F45/><W7/><G129/><T89/><D131/><U128/><E128/><V47/><F47/><W102/><G46/><T109/><D109/><U113/><E113/><V26/><F26/><W49/><G57/><T120/><D120/><U29/><E29/><V72/><F72/><W58/><G56/><T73/><D73/><U37/><E37/><V67/><F67/><W2/><G2/><T107/><D107/><U12/><AGARI ba="0,1" hai="8,12,16,81,84,88,100,101" m="32167,13823" machi="12" ten="30,7900,0" yaku="5,1,8,1,54,2" doraHai="123" who="1" fromWho="1" sc="422,-39,226,89,70,-20,272,-20" /><INIT seed="5,0,0,0,2,131" ten="383,315,50,252" oya="1" hai0="21,41,48,1,100,35,46,6,54,119,62,69,65" hai1="50,103,5,92,60,33,16,95,0,12,89,91,116" hai2="86,14,128,70,79,106,125,115,73,134,109,38,94" hai3="88,42,67,19,4,57,27,15,135,28,82,32,22"/><U68/><E116/><V3/><F14/><W10/><G135/><T34/><D119/><U47/><E33/><V126/><F94/><W124/><G124/><T58/><D100/><U56/><E68/><V99/><F99/><W26/><G42/><T102/><D102/><U120/><E120/><V105/><F79/><W61/><G88/><N who="1" m="33866" /><E5/><V83/><F86/><W59/><G82/><T13/><D1/><U64/><E0/><V11/><F11/><W37/><G37/><T31/><D6/><U117/><E103/><V72/><F83/><W29/><G29/><T133/><D133/><U55/><E117/><V110/><F73/><W96/><G96/><T132/><D132/><U118/><E118/><V122/><F106/><W104/><G104/><T129/><D129/><U63/><E63/><V85/><F85/><W51/><G51/><T123/><D123/><U98/><E98/><V7/><F7/><W8/><G8/><AGARI ba="0,0" hai="8,12,16,47,50,55,56,60,64,92,95" m="33866" machi="8" ten="30,5800,0" yaku="8,1,54,2" doraHai="131" who="1" fromWho="3" sc="383,0,315,58,50,0,252,-58" /><INIT seed="5,1,0,0,0,122" ten="383,373,50,194" oya="1" hai0="69,74,92,44,86,55,16,41,30,29,25,68,84" hai1="71,81,77,7,62,87,6,124,135,61,11,48,91" hai2="109,111,93,43,107,9,58,37,98,22,45,49,118" hai3="108,105,40,66,28,117,38,100,94,63,76,97,50"/><U20/><E135/><V106/><F118/><W15/><G108/><T5/><D74/><U54/><E124/><V34/><F34/><W82/><G38/><T14/><D5/><N who="1" m="1547" /><E71/><V132/><F9/><W89/><G28/><T129/><D129/><U101/><E11/><V42/><F132/><W123/><G123/><T4/><D4/><U64/><E64/><V126/><F126/><W59/><G117/><T32/><D30/><U35/><E35/><V31/><F106/><W128/><G128/><T10/><D55/><U95/><E101/><V2/><F2/><W80/><G15/><T8/><D8/><U46/><E20/><V99/><F107/><W102/><G102/><T104/><D104/><U17/><E17/><V121/><F121/><W83/><G76/><T70/><REACH who="0" step="1"/><D92/><REACH who="0" ten="373,373,50,194" step="2"/><U53/><E53/><V27/><F98/><AGARI ba="1,1" hai="46,48,54,61,62,77,81,87,91,95,98" m="1547" machi="98" ten="30,1500,0" yaku="8,1" doraHai="122" who="1" fromWho="2" sc="373,0,373,28,50,-18,194,0" /><INIT seed="5,2,0,3,5,1" ten="373,401,32,194" oya="1" hai0="98,127,16,94,92,97,49,19,61,54,48,4,116" hai1="113,73,7,87,47,52,118,31,86,89,128,64,101" hai2="123,3,20,100,22,81,14,15,39,88,25,117,84" hai3="91,104,108,10,21,103,56,126,99,34,125,75,105"/><U9/><E73/><V135/><F117/><W44/><G34/><T24/><D127/><N who="3" m="48649" /><G108/><T90/><D116/><U130/><E118/><V110/><F123/><W67/><G75/><T106/><D106/><U5/><E113/><V83/><F110/><W45/><G105/><T42/><D4/><N who="1" m="1611" /><E101/><V11/><F135/><W59/><G10/><T23/><D42/><U40/><E9/><V58/><F39/><W17/><G91/><T38/><D38/><U115/><E31/><V27/><F100/><W60/><G59/><N who="0" m="35063" /><D19/><U65/><E52/><V30/><F58/><W0/><G0/><T102/><AGARI ba="2,0" hai="16,23,24,48,49,90,92,94,97,98,102" m="35063" machi="102" ten="30,4000,0" yaku="25,1,8,1,54,1" doraHai="1" who="0" fromWho="0" sc="373,46,401,-22,32,-12,194,-12" /><INIT seed="6,0,0,1,1,95" ten="419,379,20,182" oya="2" hai0="63,114,88,125,54,112,50,30,120,97,105,32,109" hai1="11,62,52,126,34,84,68,29,23,73,7,133,33" hai2="22,45,111,134,47,132,65,35,74,19,8,56,41" hai3="81,107,82,77,24,60,96,79,20,58,85,104,14"/><V1/><F35/><W121/><G14/><T103/><D109/><U102/><E73/><V67/><F74/><W93/><G121/><T116/><D120/><U0/><E133/><N who="2" m="51307" /><F111/><W83/><G107/><T87/><D63/><U115/><E115/><N who="0" m="44073" /><D125/><U25/><E126/><V61/><F67/><N who="3" m="39319" /><G104/><T123/><D123/><U2/><E2/><V122/><F122/><W17/><G77/><T118/><D30/><U37/><E37/><V80/><F80/><W76/><G79/><T86/><D32/><U113/><E113/><V59/><F59/><W3/><G3/><T64/><D64/><U110/><E110/><V9/><F1/><W70/><G70/><T49/><D87/><U98/><E84/><V18/><F18/><W90/><AGARI ba="0,0" hai="17,20,24,76,81,82,83,85,90,93,96" m="39319" machi="90" ten="30,2000,0" yaku="8,1,52,1" doraHai="95" who="3" fromWho="3" sc="419,-5,379,-5,20,-10,182,20" /><INIT seed="7,0,0,5,4,100" ten="414,374,10,202" oya="3" hai0="37,68,24,127,35,74,92,108,7,80,60,102,29" hai1="94,1,4,85,133,49,81,5,98,115,121,18,118" hai2="50,21,12,110,86,90,25,73,69,46,89,19,116" hai3="51,96,124,130,61,103,3,101,129,113,88,17,75"/><W10/><G113/><T106/><D92/><U120/><E115/><V13/><F110/><W114/><G114/><T66/><D108/><U117/><E133/><V70/><F70/><W119/><G119/><N who="1" m="45578" /><E18/><V23/><F69/><W125/><G75/><T122/><D122/><N who="1" m="47211" /><E49/><V14/><F73/><W20/><G51/><T54/><D127/><N who="3" m="48713" /><G61/><T77/><D37/><U36/><E1/><V134/><F134/><W9/><G101/><T32/><D7/><U26/><E26/><V128/><F128/><N who="3" m="49259" /><G3/><T79/><D79/><N who="1" m="46271" /><E36/><V123/><F123/><W11/><G11/><T104/><D102/><AGARI ba="0,0" hai="4,5,94,98,102" m="46271,47211,45578" machi="102" ten="30,1000,0" yaku="12,1" doraHai="100" who="1" fromWho="0" sc="414,-10,374,10,10,0,202,0" owari="404,51.0,384,18.0,10,-49.0,202,-20.0" /></mjloggm>