<mjloggm ver="2.3"><GO type="225" lobby="0"/><UN n0="%E3%82%AB%E3%83%9C%E3%83%81%E3%83%A3%E3%82%BF%E3%83%8D" n1="%56%65%6E%75%73%53%61%79" n2="%E3%82%B7%E3%83%AB%E3%83%93%E3%82%A3" n3="%E5%B0%B1%E6%B4%BB%E7%94%9F%40%E5%B7%9D%E6%9D%91%E8%BB%8D%E5%9B%A3" dan="17,17,18,17" rate="2194.91,2177.42,2192.07,2212.04" sx="M,M,F,M"/><TAIKYOKU oya="0"/><INIT seed="0,0,0,2,1,58" ten="250,250,250,250" oya="0" hai0="94,47,87,31,72,53,10,77,17,81,35,15,82" hai1="30,127,97,80,125,100,111,130,25,29,64,73,60" hai2="126,98,59,109,49,36,129,93,1,66,124,21,121" hai3="51,44,128,40,3,120,114,12,96,132,38,71,16"/><T11/><D94/><U39/><E39/><V103/><F121/><W37/><G114/><T68/><D68/><N who="1" m="41991" /><E130/><V79/><F129/><W110/><G132/><T27/><D10/><U69/><E69/><V32/><F32/><W7/><G110/><T41/><D53/><U55/><E55/><V107/><F36/><W46/><G128/><T118/><D118/><U45/><E45/><V6/><F109/><W56/><G120/><T78/><REACH who="0" step="1"/><D47/><REACH who="0" ten="240,250,250,250" step="2"/><U131/><E131/><V54/><F93/><W33/><G71/><T89/><D89/><U113/><E111/><V65/><F54/><W76/><G46/><T0/><D0/><U83/><E113/><V75/><F1/><W28/><G38/><T5/><D5/><U92/><E92/><V112/><F6/><W67/><G7/><T86/><D86/><U84/><E84/><V85/><F85/><W123/><G3/><T91/><D91/><U74/><E74/><V22/><F112/><W4/><G4/><T70/><D70/><U135/><E73/><V63/><F65/><W116/><G123/><T117/><D117/><U95/><E95/><V9/><F9/><W26/><G116/><T24/><D24/><U133/><E25/><V108/><F108/><W34/><G37/><T99/><D99/><U104/><E135/><V48/><F48/><W57/><G96/><T2/><D2/><U20/><E133/><V18/><F49/><W13/><G67/><T8/><D8/><U115/><E115/><V43/><F75/><W106/><G51/><T61/><D61/><U122/><E122/><V105/><F66/><RYUUKYOKU ba="0,1" sc="240,30,250,-10,250,-10,250,-10" hai0="11,15,17,27,31,35,41,72,77,78,81,82,87" /><INIT seed="0,1,1,2,3,102" ten="270,240,240,240" oya="0" hai0="38,42,40,81,1,123,47,8,122,69,79,61,76" hai1="9,58,13,22,16,82,130,78,32,72,117,25,125" hai2="90,120,62,59,126,133,51,107,83,64,35,10,63" hai3="23,26,129,67,110,20,98,75,112,95,108,18,114"/><T0/><D42/><U104/><E117/><V60/><F120/><W37/><G75/><N who="0" m="43167" /><D79/><U91/><E125/><V34/><F126/><W5/><G37/><T71/><D8/><U116/><E116/><V85/><F133/><W127/><G127/><T121/><D61/><U106/><E130/><V57/><F107/><W124/><G124/><T43/><D43/><U68/><E68/><AGARI ba="1,1" hai="0,1,38,40,47,68,69,71,121,122,123" m="43167" machi="68" ten="40,2000,0" yaku="23,1" doraHai="102" who="0" fromWho="1" sc="270,33,240,-23,240,0,240,0" /><INIT seed="0,2,0,2,0,45" ten="303,217,240,240" oya="0" hai0="133,15,129,57,33,94,61,121,90,40,88,89,104" hai1="107,99,50,32,16,87,42,117,12,25,71,82,55" hai2="101,21,69,27,85,96,39,95,35,48,134,18,112" hai3="52,23,118,6,58,53,83,98,131,75,60,91,105"/><T80/><D121/><U125/><E71/><V0/><F39/><W1/><G131/><T135/><D129/><U74/><E74/><V110/><F112/><W62/><G118/><T54/><D104/><U38/><E117/><V111/><F134/><N who="0" m="51210" /><D33/><U70/><E70/><V2/><F69/><W120/><G120/><T63/><D40/><U19/><E125/><V81/><F35/><W127/><G127/><T128/><D128/><U97/><E107/><V124/><F124/><W31/><G75/><T103/><D80/><U116/><E116/><V17/><F17/><W9/><G105/><T114/><D114/><U36/><E42/><V132/><F48/><W4/><G4/><T106/><D106/><U34/><E34/><V108/><REACH who="2" step="1"/><F132/><REACH who="2" ten="303,217,230,240" step="2"/><W122/><G122/><T11/><D63/><U93/><E38/><V43/><F43/><W14/><G62/><T65/><D61/><U130/><E36/><V64/><F64/><W51/><G53/><T7/><D65/><U8/><E130/><V68/><F68/><W5/><G60/><T79/><D54/><U73/><E32/><V109/><N who="2" m="27648" /><DORA hai="22" /><V30/><F30/><W119/><G119/><T41/><D41/><U100/><E55/><V49/><F49/><W84/><G5/><T126/><D126/><U102/><E50/><V47/><F47/><W13/><G98/><N who="0" m="59863" /><D57/><U26/><E19/><V78/><AGARI ba="2,1" hai="0,2,18,21,27,78,81,85,95,96,101" m="27648" machi="78" ten="60,8000,1" yaku="1,1,0,1,14,1,52,1,53,0" doraHai="45,22" doraHaiUra="66,24" who="2" fromWho="2" sc="303,-42,217,-22,230,96,240,-22" /><INIT seed="1,0,0,4,0,57" ten="261,195,326,218" oya="1" hai0="68,7,14,76,51,104,15,55,98,82,4,87,67" hai1="126,33,130,124,24,78,60,52,95,74,20,16,10" hai2="13,42,36,94,129,83,71,77,128,90,62,102,61" hai3="81,70,86,9,49,123,125,43,39,6,26,79,106"/><U23/><E33/><V34/><F34/><W105/><G123/><T12/><D68/><U107/><E107/><V17/><F102/><W96/><G125/><N who="1" m="48234" /><E130/><N who="2" m="50283" /><F42/><W29/><G70/><T121/><D121/><U63/><E10/><N who="2" m="6327" /><F36/><W115/><G115/><T45/><REACH who="0" step="1"/><D67/><REACH who="0" ten="251,195,326,218" step="2"/><U108/><E108/><V50/><F71/><W65/><G65/><T88/><D88/><U35/><E35/><V1/><F1/><W3/><G39/><T54/><D54/><U32/><E32/><V48/><F90/><W97/><G106/><T66/><D66/><U92/><E52/><V109/><F109/><W69/><G105/><T27/><D27/><N who="1" m="14727" /><E95/><V64/><F94/><W25/><G69/><T80/><D80/><N who="1" m="45143" /><E92/><V41/><F64/><W114/><G114/><T30/><D30/><AGARI ba="0,1" hai="23,24,30,60,63" m="45143,14727,48234" machi="30" ten="30,11600,0" yaku="18,1,52,2,54,1" doraHai="57" who="1" fromWho="0" sc="251,-116,195,126,326,0,218,0" /><INIT seed="1,1,0,4,3,1" ten="135,321,326,218" oya="1" hai0="25,82,73,65,31,101,32,87,30,22,120,110,132" hai1="2,96,66,23,134,15,112,61,51,131,76,108,55" hai2="135,27,53,41,35,14,34,86,133,78,42,126,103" hai3="11,54,9,58,62,48,45,57,119,106,63,19,21"/><U104/><E2/><V127/><F103/><W88/><G106/><T122/><D73/><U24/><E112/><V100/><F100/><W50/><G119/><T97/><D110/><U64/><E108/><V79/><F53/><W74/><G74/><T47/><D132/><N who="2" m="50762" /><F14/><W99/><G50/><T67/><D32/><N who="2" m="12330" /><F27/><W89/><G58/><T118/><D31/><U70/><E134/><V18/><F18/><W49/><G49/><T39/><D118/><U81/><E15/><V3/><F3/><W16/><G19/><T102/><D102/><U111/><E111/><V12/><F12/><N who="3" m="9351" /><G62/><T40/><D122/><U130/><E66/><V7/><F7/><W68/><G68/><T123/><D120/><U52/><E104/><V0/><F0/><W60/><G60/><T17/><D123/><U91/><E51/><V83/><F79/><W38/><G38/><T36/><D30/><U94/><E23/><V93/><F93/><N who="3" m="56743" /><G89/><T109/><D39/><U10/><E24/><V77/><F77/><W56/><G56/><T29/><D29/><U95/><E95/><V90/><F90/><W4/><G4/><T85/><D109/><U13/><E13/><V72/><F72/><W71/><G71/><T98/><D85/><N who="1" m="48295" /><E10/><V59/><F59/><W115/><G115/><T6/><D6/><U125/><E125/><AGARI ba="1,0" hai="41,42,78,83,86,125,126,127" m="12330,50762" machi="125" ten="40,2600,0" yaku="18,1,20,1" doraHai="1" who="2" fromWho="1" sc="135,0,321,-29,326,29,218,0" /><INIT seed="2,0,0,0,0,54" ten="135,292,355,218" oya="2" hai0="113,100,56,65,96,43,118,10,8,66,38,133,58" hai1="24,30,111,77,125,64,109,82,84,105,11,27,73" hai2="14,35,62,32,94,127,102,18,98,2,110,57,4" hai3="79,69,120,83,129,67,46,90,51,19,45,124,108"/><V68/><F68/><W0/><G120/><T7/><D113/><U33/><E105/><V12/><F127/><W85/><G108/><N who="1" m="41546" /><E125/><V55/><F110/><W93/><G129/><T121/><D121/><U22/><E64/><V40/><F40/><W88/><G0/><T59/><D133/><U130/><E130/><V71/><F71/><W20/><G124/><T26/><D118/><U16/><E11/><N who="0" m="4137" /><D38/><U3/><E3/><V132/><F132/><W78/><G67/><N who="0" m="25611" /><D43/><U103/><E103/><V115/><F115/><W70/><G70/><T61/><D7/><U72/><AGARI ba="0,0" hai="16,22,24,27,30,33,72,73,77,82,84" m="41546" machi="72" ten="30,2000,0" yaku="14,1,54,1" doraHai="54" who="1" fromWho="1" sc="135,-5,292,20,355,-10,218,-5" /><INIT seed="3,0,0,4,2,115" ten="130,312,345,213" oya="3" hai0="81,1,16,101,2,13,69,75,20,125,15,73,45" hai1="9,49,87,0,114,97,98,4,14,50,25,51,55" hai2="58,27,19,93,37,106,90,11,84,32,12,120,117" hai3="30,96,66,64,31,40,118,131,54,110,72,105,134"/><W44/><G72/><T7/><D69/><U29/><E114/><V92/><F106/><W80/><G131/><T130/><D101/><U100/><E0/><V22/><F117/><W42/><G134/><T78/><D130/><U116/><E116/><V132/><F37/><W10/><G80/><T86/><D125/><U79/><E55/><V35/><F132/><W8/><G118/><T47/><D75/><U104/><E98/><V23/><F120/><W94/><G105/><T56/><D73/><U88/><E79/><V57/><F23/><W18/><G110/><T63/><D2/><U17/><E4/><N who="2" m="3175" /><F35/><W102/><G54/><T76/><D1/><U3/><E3/><V60/><F32/><W28/><G42/><T135/><D135/><U89/><REACH who="1" step="1"/><E87/><REACH who="1" ten="130,302,345,213" step="2"/><V39/><F39/><W71/><G71/><T99/><D76/><U119/><E119/><V53/><F57/><W83/><G83/><AGARI ba="0,1" hai="19,22,27,53,58,60,83,84,90,92,93" m="3175" machi="83" ten="30,1000,0" yaku="8,1" doraHai="115" who="2" fromWho="3" sc="130,0,302,0,345,20,213,-10" owari="130,-37.0,302,10.0,365,47.0,203,-20.0" /></mjloggm>