<mjloggm ver="2.3"><GO type="169" lobby="0"/><UN n0="%E3%81%8A%E3%82%8C%E3%81%A6%E3%82%93" n1="%68%65%74" n2="%E3%82%A6%E3%83%AB%E3%83%88%E3%83%A9%E7%AB%8B%E7%9B%B4" n3="%E6%9D%8E%E7%A9%8E%E8%97%8D" dan="16,16,16,19" rate="2062.85,2066.01,2136.52,2219.42" sx="M,M,M,M"/><TAIKYOKU oya="0"/><INIT seed="0,0,0,0,0,68" ten="250,250,250,250" oya="0" hai0="2,37,45,84,109,33,56,71,117,13,11,103,16" hai1="47,69,98,125,96,78,67,102,62,53,17,131,59" hai2="135,86,132,64,83,38,92,26,21,82,25,19,94" hai3="108,43,75,27,40,90,34,48,124,23,12,51,5"/><T4/><D71/><U100/><E131/><V42/><F64/><W61/><G75/><T72/><D117/><U77/><E125/><V31/><F42/><W44/><G124/><T126/><D126/><U49/><E17/><V52/><F52/><W127/><G127/><T58/><D103/><U54/><E98/><V81/><F38/><W14/><G34/><T7/><D7/><U110/><E102/><V10/><F10/><W128/><G108/><T85/><D109/><U3/><E3/><V22/><REACH who="2" step="1"/><F86/><REACH who="2" ten="250,250,240,250" step="2"/><W28/><G43/><N who="0" m="22767" /><D85/><U118/><E110/><V9/><F9/><W104/><G40/><T8/><D84/><U133/><E118/><V70/><F70/><W99/><G48/><T15/><D11/><U97/><E54/><V29/><F29/><W88/><G28/><T116/><D116/><U18/><E69/><V74/><F74/><W0/><G51/><T41/><D41/><U39/><E39/><V50/><F50/><W35/><G44/><T106/><D72/><U6/><E47/><V91/><F91/><W115/><G88/><T32/><D2/><U112/><E67/><V107/><F107/><W130/><G104/><T120/><D106/><U46/><E46/><V24/><F24/><W105/><G27/><T122/><D58/><U20/><E49/><V36/><F36/><W79/><G0/><T80/><D56/><U55/><E59/><V119/><F119/><W57/><G57/><T129/><D8/><U73/><E55/><V95/><AGARI ba="0,1" hai="19,21,22,25,26,31,81,82,83,92,94,95,132,135" machi="95" ten="40,2700,0" yaku="1,1,0,1,53,0" doraHai="68" doraHaiUra="63" who="2" fromWho="2" sc="250,-13,250,-7,240,37,250,-7" /><INIT seed="1,0,0,4,3,102" ten="237,243,277,243" oya="1" hai0="49,130,58,99,125,65,34,111,79,57,109,68,132" hai1="113,40,72,121,39,28,67,71,95,107,128,38,6" hai2="42,120,101,104,89,32,1,19,55,92,129,63,75" hai3="27,41,29,14,86,91,52,54,10,44,108,23,9"/><U119/><E72/><V24/><F120/><W26/><G108/><T106/><D34/><U88/><E121/><V122/><F122/><W61/><G27/><T124/><D79/><U13/><E119/><V74/><F1/><W127/><G127/><N who="0" m="48715" /><D99/><U115/><E28/><V96/><F42/><W31/><G31/><T22/><D22/><U77/><E40/><V7/><F7/><W20/><G20/><T25/><D25/><U0/><E0/><V133/><F129/><W85/><G85/><T80/><D80/><U36/><E128/><V15/><F133/><W126/><G126/><T117/><D130/><U116/><E116/><V45/><F24/><W51/><G61/><N who="0" m="39983" /><D117/><U37/><E77/><V21/><F32/><W8/><REACH who="3" step="1"/><G14/><REACH who="3" ten="237,243,277,233" step="2"/><T3/><D3/><U30/><E30/><V43/><F75/><W2/><G2/><T90/><D111/><U64/><E13/><V56/><F74/><W97/><G97/><T82/><D109/><U87/><E87/><V81/><F81/><AGARI ba="0,1" hai="8,9,10,23,26,29,41,44,51,52,54,81,86,91" machi="81" ten="40,5200,0" yaku="1,1,8,1,54,1,53,0" doraHai="102" doraHaiUra="112" who="3" fromWho="2" sc="237,0,243,0,277,-52,233,62" /><INIT seed="2,0,0,4,3,66" ten="237,243,225,295" oya="2" hai0="40,105,54,86,58,73,123,132,62,114,38,61,56" hai1="33,4,92,45,133,10,21,101,74,116,44,121,71" hai2="93,52,83,34,24,79,39,109,103,108,70,85,77" hai3="115,8,117,135,0,16,36,51,88,98,130,72,134"/><V97/><F39/><W50/><G117/><T110/><D73/><U102/><E33/><V27/><F77/><W80/><G36/><T13/><D105/><U53/><E116/><V7/><F7/><W67/><G130/><T69/><D86/><U78/><E71/><V31/><F24/><W57/><G115/><T65/><D13/><U23/><E74/><V14/><F14/><N who="3" m="7239" /><G0/><T95/><D95/><U126/><E78/><V17/><F17/><W26/><G26/><T91/><D91/><U131/><E92/><V100/><F100/><W112/><G112/><T127/><D114/><U47/><E102/><V94/><F94/><N who="3" m="56647" /><G80/><T11/><D11/><U3/><E101/><V124/><F124/><W119/><G72/><T2/><D2/><U125/><E131/><V68/><REACH who="2" step="1"/><F52/><REACH who="2" ten="237,243,215,295" step="2"/><W76/><G76/><T81/><D54/><U59/><E53/><V30/><F30/><W63/><G119/><T37/><D127/><U29/><E29/><V120/><F120/><W111/><G50/><T60/><D123/><U99/><E121/><V87/><F87/><W55/><G51/><T25/><D25/><U128/><E126/><V15/><F15/><W122/><G122/><T32/><D38/><U19/><E125/><V84/><F84/><W46/><G55/><T42/><D37/><U64/><E128/><V20/><F20/><W43/><G46/><T106/><D106/><U129/><E129/><V82/><F82/><W118/><G118/><T49/><D81/><U48/><E45/><V35/><F35/><W9/><G9/><T6/><D32/><U89/><E10/><RYUUKYOKU ba="0,1" sc="237,-10,243,-10,215,30,295,-10" hai2="27,31,34,68,70,79,83,85,93,97,103,108,109" /><INIT seed="2,1,1,4,5,6" ten="227,233,245,285" oya="2" hai0="42,35,22,20,96,121,70,11,54,10,125,113,0" hai1="66,58,78,64,15,109,34,111,79,36,132,101,25" hai2="14,23,16,100,18,106,21,32,126,93,110,41,133" hai3="83,134,9,124,123,28,27,75,102,44,24,77,17"/><V84/><F32/><W43/><G123/><T74/><D74/><U29/><E132/><V37/><F106/><W118/><G118/><T135/><D70/><U53/><E36/><V114/><F114/><W30/><G134/><T62/><D35/><U119/><E119/><V120/><F120/><W72/><G72/><T26/><D121/><U61/><E101/><V98/><F133/><W39/><G102/><T19/><D0/><U12/><E66/><V65/><F126/><W71/><G71/><T103/><D113/><U92/><E92/><V50/><F110/><N who="1" m="41993" /><E64/><V107/><F37/><W7/><G124/><T69/><D125/><U99/><E99/><V105/><F65/><W117/><G117/><T81/><D69/><U82/><E79/><V31/><F31/><N who="3" m="11819" /><G17/><T108/><D108/><U38/><E38/><V94/><F105/><W122/><G122/><T91/><D135/><U112/><E112/><V3/><F3/><AGARI ba="1,1" hai="3,7,9,24,27,39,43,44,75,77,83" m="11819" machi="3" ten="30,2000,0" yaku="25,1,52,1" doraHai="6" who="3" fromWho="2" sc="227,0,233,0,245,-23,285,33" /><INIT seed="3,0,0,4,0,79" ten="227,233,222,318" oya="3" hai0="103,45,43,41,99,58,120,133,73,29,96,55,38" hai1="131,86,85,105,64,3,33,119,62,125,53,107,66" hai2="48,16,69,19,61,50,7,117,47,26,89,57,71" hai3="32,67,22,104,60,63,30,0,108,35,83,92,9"/><W42/><G104/><T23/><D120/><U116/><E33/><V91/><F7/><W121/><G121/><T112/><D133/><U84/><E3/><V75/><F75/><W80/><G42/><T78/><D112/><U132/><E62/><V13/><F117/><N who="1" m="45129" /><E53/><V10/><F69/><W93/><G0/><T128/><D43/><U24/><E24/><V8/><F71/><W11/><G22/><T97/><D128/><U59/><E59/><V72/><F72/><W94/><G94/><T127/><D127/><U56/><E56/><V5/><F26/><W111/><G30/><T6/><D6/><U54/><E54/><V14/><F5/><W110/><G108/><T118/><D118/><U21/><E21/><V31/><F31/><W68/><G68/><T134/><D134/><U122/><E122/><V74/><F74/><W95/><G95/><T15/><D29/><U90/><E132/><V65/><F50/><W2/><G2/><T76/><D73/><U135/><E135/><V114/><F114/><W18/><G18/><T37/><D37/><U82/><E131/><V49/><F48/><W87/><G67/><N who="1" m="25642" /><E125/><V123/><F123/><W46/><G46/><T70/><D70/><U40/><E40/><AGARI ba="0,0" hai="8,10,13,14,16,19,40,47,49,57,61,65,89,91" machi="40" ten="30,7700,0" yaku="7,1,9,1,8,1,54,1" doraHai="79" who="2" fromWho="1" sc="227,0,233,-77,222,77,318,0" /><INIT seed="4,0,0,1,0,54" ten="227,156,299,318" oya="0" hai0="51,24,46,18,60,57,103,61,2,75,121,34,133" hai1="59,134,100,128,116,17,27,5,108,53,39,1,111" hai2="22,43,62,16,71,36,119,73,21,127,112,124,107" hai3="135,35,81,82,80,96,95,89,8,42,31,7,131"/><T12/><D2/><U66/><E116/><V32/><F32/><W99/><G135/><T14/><D121/><U10/><E134/><V23/><F73/><W84/><G131/><T0/><D0/><U28/><E128/><V37/><F107/><W129/><G129/><T47/><D75/><U3/><E3/><V40/><F119/><W76/><G42/><N who="2" m="15913" /><F16/><W85/><G35/><T113/><D133/><U77/><E39/><V19/><F19/><W79/><G31/><T69/><D69/><U125/><E125/><N who="2" m="48203" /><F112/><W97/><G8/><T48/><D113/><U6/><E66/><AGARI ba="0,0" hai="21,22,23,36,37,62,66,71" m="48203,15913" machi="66" ten="40,1300,0" yaku="18,1" doraHai="54" who="2" fromWho="1" sc="227,0,156,-13,299,13,318,0" /><INIT seed="5,0,0,4,0,82" ten="227,143,312,318" oya="1" hai0="3,31,134,77,51,126,107,42,0,135,106,78,118" hai1="45,68,121,58,123,50,110,91,24,96,35,14,18" hai2="11,49,133,7,101,17,119,57,115,36,79,88,40" hai3="93,98,4,23,71,39,94,60,66,9,76,38,117"/><U28/><E68/><V61/><F119/><W54/><G117/><T129/><D31/><U111/><E58/><V122/><F122/><W25/><G76/><N who="0" m="29291" /><D51/><U20/><E96/><V6/><F36/><W26/><G54/><T81/><D42/><U97/><E97/><V47/><F101/><W64/><G66/><T87/><D118/><U21/><E91/><V132/><F79/><W70/><G70/><T127/><D87/><U33/><E50/><V73/><F73/><W12/><G26/><T84/><D84/><U99/><E99/><V131/><F131/><W62/><G60/><T22/><D22/><U105/><E45/><V27/><F115/><W34/><G34/><N who="1" m="12810" /><E105/><N who="0" m="39945" /><D81/><U112/><E112/><V67/><F61/><W90/><G94/><T95/><D95/><U15/><E15/><V13/><F13/><W80/><G80/><T8/><D8/><U10/><E10/><V2/><F11/><W72/><G72/><T130/><D3/><U5/><E5/><V1/><F7/><W116/><G116/><T125/><D0/><U19/><E19/><AGARI ba="0,0" hai="4,9,12,19,23,25,38,39,62,64,71,90,93,98" machi="19" ten="30,1000,0" yaku="7,1" doraHai="82" who="3" fromWho="1" sc="227,0,143,-10,312,0,318,10" /><INIT seed="6,0,0,4,3,117" ten="227,133,312,328" oya="2" hai0="102,39,108,59,91,72,14,51,74,57,106,33,23" hai1="5,26,78,18,43,3,45,114,63,24,103,53,25" hai2="16,85,96,68,126,52,30,76,100,95,66,65,99" hai3="116,84,35,132,32,15,47,50,8,92,4,124,110"/><V34/><F68/><W0/><G116/><T56/><D39/><U131/><E114/><V101/><F30/><W9/><G110/><T109/><D33/><U120/><E131/><V37/><F34/><W69/><G69/><T61/><D106/><U81/><E103/><V83/><F37/><W12/><G132/><T20/><D102/><U62/><E18/><V42/><F42/><W44/><G0/><T125/><D51/><U113/><E53/><V122/><F122/><W118/><G118/><T11/><D61/><U27/><N who="1" m="6656" /><DORA hai="107" /><U2/><E113/><V41/><F41/><W22/><G22/><N who="0" m="8235" /><D91/><U6/><E6/><V54/><F16/><N who="3" m="8199" /><G35/><T48/><D48/><U112/><E112/><V121/><F121/><W88/><G32/><T58/><D58/><U111/><E111/><N who="0" m="42569" /><D14/><U67/><E120/><V90/><F90/><W130/><G50/><T93/><D11/><U17/><E17/><V19/><F19/><W89/><G89/><T55/><D55/><U80/><E5/><V98/><F52/><W97/><G4/><T29/><D93/><U129/><E63/><V60/><F54/><W115/><G9/><T77/><D77/><U87/><E81/><V123/><F123/><W133/><G15/><T134/><D134/><U82/><E82/><V46/><F95/><W119/><G92/><T13/><D13/><U104/><E104/><V49/><F60/><W127/><G133/><T10/><D10/><U64/><E64/><N who="2" m="24683" /><F101/><W73/><G119/><T75/><D29/><U105/><E105/><V1/><F100/><W7/><G7/><T21/><D21/><RYUUKYOKU ba="0,0" sc="227,30,133,-10,312,-10,328,-10" hai0="56,57,59,72,74,75,125" /><INIT seed="7,1,0,1,2,40" ten="257,123,302,318" oya="3" hai0="134,81,88,135,115,86,130,79,98,22,47,119,97" hai1="85,95,44,32,67,84,58,128,3,62,60,125,33" hai2="41,25,66,91,99,17,113,50,38,126,10,63,105" hai3="96,4,71,48,46,54,26,76,118,70,102,112,49"/><W82/><G118/><T116/><D22/><U55/><E3/><V83/><F38/><W69/><G4/><T107/><D47/><U43/><E128/><V133/><F126/><W80/><G112/><T90/><D115/><U65/><E125/><V61/><F133/><N who="0" m="50698" /><D130/><U87/><E95/><N who="2" m="56831" /><F105/><W120/><G120/><T13/><D13/><U39/><REACH who="1" step="1"/><E55/><REACH who="1" ten="257,113,302,318" step="2"/><V93/><F113/><W27/><G54/><T34/><D107/><U16/><E16/><V51/><F93/><W110/><G110/><T23/><D116/><U108/><E108/><V45/><F66/><W104/><G104/><T37/><D119/><U28/><E28/><V68/><F68/><W14/><G71/><T24/><D34/><U131/><E131/><V42/><F83/><W53/><G80/><T52/><D52/><U122/><E122/><V18/><F18/><W111/><G111/><T100/><D81/><U101/><E101/><V129/><F129/><W103/><G70/><T72/><D100/><U7/><E7/><V1/><F1/><W20/><G69/><T19/><D19/><U5/><E5/><V29/><F29/><W31/><G102/><T74/><D72/><U89/><E89/><V114/><F114/><W36/><G31/><T117/><D74/><U106/><E106/><V127/><F127/><W11/><G103/><T2/><D2/><U75/><E75/><V73/><F73/><W6/><G53/><T56/><D90/><U132/><E132/><V124/><F124/><W8/><G82/><T59/><D117/><U15/><E15/><N who="2" m="7415" /><F25/><W123/><G27/><T92/><D24/><RYUUKYOKU ba="1,1" sc="257,-15,113,15,302,15,318,-15" hai1="32,33,39,43,44,58,60,62,65,67,84,85,87" hai2="41,42,45,50,51,61,63" owari="242,-16.0,128,-37.0,327,43.0,303,10.0" /></mjloggm>