<mjloggm ver="2.3"><GO type="169" lobby="0"/><UN n0="%E3%83%88%E3%83%88%E3%83%AA%E5%85%88%E7%94%9F%31%39%E6%AD%B3" n1="%6E%61%63%6F%6D%61%69%69" n2="%49%61%70%65%74%75%73" n3="%E6%9D%BE%E5%B1%8B%E3%81%8A%E3%81%98%E3%81%95%E3%82%93" dan="19,16,16,16" rate="2271.90,2083.36,2062.95,2155.66" sx="F,F,M,M"/><TAIKYOKU oya="0"/><INIT seed="0,0,0,0,2,75" ten="250,250,250,250" oya="0" hai0="56,29,7,102,118,33,125,100,74,134,39,132,16" hai1="71,18,68,50,10,47,59,11,119,3,30,69,45" hai2="38,40,55,99,61,124,87,81,76,4,130,43,64" hai3="131,1,73,44,54,98,95,0,110,84,122,26,49"/><T103/><D118/><U62/><E119/><V42/><F124/><W72/><G110/><T91/><D39/><U127/><E30/><V89/><F130/><W86/><G131/><T27/><D125/><U94/><E127/><V70/><F4/><W80/><G73/><T53/><D7/><U92/><E45/><V108/><F108/><W109/><G72/><T23/><D91/><U9/><E3/><V128/><F128/><W14/><G122/><T111/><D74/><U34/><E34/><V106/><F55/><W123/><G123/><T113/><D113/><U8/><E18/><V51/><F51/><W104/><G104/><T19/><D111/><U107/><E107/><V88/><REACH who="2" step="1"/><F38/><REACH who="2" ten="250,250,240,250" step="2"/><W35/><G109/><T17/><REACH who="0" step="1"/><D33/><REACH who="0" ten="240,250,240,250" step="2"/><U22/><E22/><V129/><F129/><W32/><G32/><T97/><D97/><U15/><E9/><V115/><F115/><W90/><G98/><T116/><D116/><U101/><E10/><V121/><F121/><W133/><G35/><T66/><D66/><U83/><E8/><V85/><F85/><W46/><G86/><T52/><D52/><U24/><E11/><V2/><F2/><W105/><G0/><T120/><D120/><U135/><E50/><AGARI ba="0,2" hai="16,17,19,23,27,29,50,53,56,100,102,103,132,134" machi="50" ten="40,12000,1" yaku="1,1,54,1,53,3" doraHai="75" doraHaiUra="96" who="0" fromWho="1" sc="240,140,250,-120,240,0,250,0" /><INIT seed="0,1,0,0,0,112" ten="380,130,240,250" oya="0" hai0="10,26,101,66,57,0,96,48,21,50,106,40,9" hai1="20,47,11,18,31,42,51,78,13,72,30,6,56" hai2="123,81,79,36,132,85,70,119,103,63,73,99,131" hai3="75,128,44,87,29,74,60,86,108,133,80,95,4"/><T27/><D27/><U111/><E111/><V2/><F123/><W76/><G29/><T12/><D0/><U90/><E72/><V122/><F122/><W117/><G4/><T53/><D66/><U17/><E78/><V82/><F132/><W55/><G55/><T68/><D68/><U88/><E17/><V5/><F131/><W32/><G44/><T54/><D40/><U35/><E56/><V114/><F114/><W58/><G58/><T89/><D89/><U83/><E35/><V38/><F70/><W116/><G60/><T62/><D53/><U124/><E124/><V61/><F36/><W24/><G24/><T120/><D120/><U135/><E135/><V41/><F41/><W93/><G32/><T39/><D39/><U28/><REACH who="1" step="1"/><E83/><REACH who="1" ten="380,120,240,250" step="2"/><V33/><F82/><N who="3" m="47431" /><G133/><T105/><D106/><U59/><E59/><V102/><F33/><W118/><G108/><T130/><D130/><U91/><E91/><V126/><F79/><N who="3" m="46495" /><G128/><T1/><D57/><U22/><E22/><V46/><F5/><W115/><G115/><T98/><D21/><U14/><AGARI ba="1,1" hai="6,11,13,14,18,20,28,30,31,42,47,51,88,90" machi="14" ten="30,7900,0" yaku="1,1,0,1,8,1,54,1,53,0" doraHai="112" doraHaiUra="104" who="1" fromWho="1" sc="380,-40,120,92,240,-21,250,-21" /><INIT seed="1,0,0,5,4,1" ten="340,212,219,229" oya="1" hai0="24,83,95,121,129,67,133,26,62,107,87,79,90" hai1="5,70,7,109,46,77,65,84,50,118,47,69,91" hai2="66,43,2,108,44,130,131,36,32,72,13,110,135" hai3="16,41,61,0,19,113,125,60,85,49,59,11,55"/><U71/><E118/><V31/><F135/><W103/><G113/><T45/><D107/><U86/><E65/><V12/><F72/><W39/><G103/><T98/><D133/><U8/><E109/><N who="2" m="42091" /><F2/><W78/><G125/><T52/><D129/><N who="2" m="49162" /><F66/><W28/><G28/><T21/><D121/><U123/><E123/><V96/><F96/><W76/><G39/><T128/><D128/><U132/><E132/><V38/><F38/><W68/><G68/><T6/><D21/><U29/><E29/><V35/><F31/><W111/><G111/><T9/><D45/><U101/><E101/><V81/><F81/><W53/><G41/><T14/><REACH who="0" step="1"/><D52/><REACH who="0" ten="330,212,219,229" step="2"/><U127/><E47/><V124/><F124/><W94/><G55/><T54/><D54/><U112/><E127/><V97/><F35/><W40/><G53/><T115/><D115/><U3/><E46/><V57/><F32/><W63/><G40/><T75/><D75/><U42/><E42/><V25/><F44/><W56/><G49/><T134/><D134/><U27/><E50/><V105/><F43/><W37/><G37/><T114/><D114/><U119/><E112/><V104/><F36/><W10/><G63/><T30/><D30/><U4/><E119/><V93/><F105/><W20/><G20/><T122/><D122/><U23/><E23/><V126/><F104/><W64/><G61/><T80/><D80/><N who="1" m="47119" /><E27/><V117/><F25/><W34/><G60/><T100/><D100/><U17/><E17/><N who="3" m="6730" /><G34/><T58/><AGARI ba="0,1" hai="6,9,14,24,26,58,62,67,79,83,87,90,95,98" machi="58" ten="20,12000,2" yaku="1,1,0,1,7,1,8,1,52,1,53,2" doraHai="1" doraHaiUra="22" who="0" fromWho="0" sc="330,130,212,-60,219,-30,229,-30" /><INIT seed="2,0,0,5,2,20" ten="460,152,189,199" oya="2" hai0="31,17,121,131,21,105,111,85,118,78,27,1,32" hai1="114,98,22,72,92,2,47,46,28,39,84,37,101" hai2="49,95,66,82,56,62,60,52,77,80,24,29,124" hai3="43,110,51,113,123,104,44,130,6,18,73,108,129"/><V116/><F124/><W94/><G104/><T112/><D112/><U10/><E72/><V117/><F95/><W13/><G73/><T74/><D121/><U35/><E114/><V5/><F5/><W16/><G113/><T83/><D105/><U122/><E35/><V63/><F66/><W59/><G123/><T36/><D36/><U61/><E122/><V26/><F82/><W33/><G33/><T76/><D111/><N who="3" m="42537" /><G59/><T120/><D120/><U11/><E2/><V65/><F65/><W25/><G94/><T30/><D1/><U90/><E61/><V54/><F54/><W126/><G126/><T115/><D115/><U58/><E58/><V87/><REACH who="2" step="1"/><F24/><REACH who="2" ten="460,152,179,199" step="2"/><W48/><G6/><T8/><D27/><N who="1" m="16503" /><E39/><V91/><F91/><W4/><G48/><T67/><D83/><N who="1" m="49439" /><E37/><V81/><F81/><W38/><G38/><T12/><D76/><U45/><AGARI ba="0,1" hai="10,11,45,46,47,92,98,101" m="49439,16503" machi="45" ten="30,2000,0" yaku="8,1,52,1" doraHai="20" who="1" fromWho="1" sc="460,-5,152,30,179,-10,199,-5" /><INIT seed="3,0,0,1,0,71" ten="455,182,169,194" oya="3" hai0="121,46,128,9,67,20,84,125,59,132,22,50,21" hai1="89,105,77,64,68,25,23,1,48,10,129,135,34" hai2="69,100,113,16,54,13,27,65,41,35,15,28,124" hai3="19,2,0,76,63,115,81,102,80,26,120,111,74"/><W109/><G115/><T24/><D121/><U93/><E105/><V49/><F113/><W8/><G120/><T53/><D128/><U4/><E129/><V97/><F124/><W79/><G102/><T126/><D132/><U99/><E77/><V57/><F41/><W33/><G63/><N who="0" m="38399" /><D9/><U62/><E135/><V91/><F91/><W131/><G131/><T44/><D44/><U86/><E48/><V52/><F54/><W103/><G103/><T32/><D32/><U55/><E55/><V36/><F36/><W98/><G98/><T70/><D70/><U112/><E34/><V130/><F130/><W106/><G106/><T18/><D84/><U56/><E112/><V51/><F51/><W17/><G17/><T5/><D5/><U37/><E68/><V66/><F69/><W85/><G8/><T29/><D29/><U104/><E104/><V118/><F118/><W78/><G78/><T58/><D46/><U31/><REACH who="1" step="1"/><E86/><REACH who="1" ten="455,172,169,194" step="2"/><V43/><F43/><W60/><G60/><T123/><D123/><U14/><E14/><V47/><F13/><W30/><REACH who="3" step="1"/><G19/><REACH who="3" ten="455,172,169,184" step="2"/><T92/><D18/><U39/><AGARI ba="0,2" hai="1,4,10,23,25,31,37,39,56,62,64,89,93,99" machi="39" ten="30,7900,0" yaku="1,1,0,1,52,2,53,0" doraHai="71" doraHaiUra="38" who="1" fromWho="1" sc="455,-20,172,99,169,-20,184,-39" /><INIT seed="4,0,0,4,0,81" ten="435,271,149,145" oya="0" hai0="119,10,97,75,28,124,112,76,110,18,11,41,64" hai1="59,100,123,30,58,8,113,101,74,5,128,121,125" hai2="99,82,92,87,131,111,21,34,7,38,39,60,134" hai3="117,72,85,78,49,43,116,55,118,132,94,40,108"/><T54/><D119/><U120/><E74/><V13/><F111/><W122/><G108/><T51/><D110/><U102/><E128/><V33/><F131/><W0/><G0/><T69/><D112/><U17/><E113/><V35/><F134/><W16/><G132/><T52/><D124/><U36/><E30/><V53/><F60/><W2/><G2/><T68/><D28/><U14/><E36/><V22/><F53/><W27/><G72/><T62/><D69/><U9/><REACH who="1" step="1"/><E125/><REACH who="1" ten="435,261,149,145" step="2"/><V129/><F129/><W89/><G122/><T130/><D75/><U98/><E98/><V46/><F38/><W90/><G78/><T105/><D76/><U88/><E88/><V29/><F39/><W77/><G77/><T93/><D97/><U73/><E73/><V70/><F29/><W37/><G37/><T31/><D31/><U61/><E61/><V32/><F99/><W115/><G115/><T44/><D62/><U50/><E50/><V48/><F35/><W109/><G90/><T135/><D51/><U42/><E42/><V67/><F34/><W47/><REACH who="3" step="1"/><G109/><REACH who="3" ten="435,261,149,135" step="2"/><T25/><D135/><U106/><E106/><V95/><F33/><W19/><G19/><T45/><D18/><U12/><AGARI ba="0,2" hai="5,8,9,12,14,17,58,59,100,101,102,120,121,123" machi="12" ten="40,2700,0" yaku="1,1,0,1,53,0" doraHai="81" doraHaiUra="80" who="1" fromWho="1" sc="435,-13,261,47,149,-7,135,-7" /><INIT seed="5,0,0,1,5,37" ten="422,308,142,128" oya="1" hai0="53,31,114,104,24,43,74,124,6,28,58,82,56" hai1="65,15,100,85,101,87,112,13,39,21,127,91,110" hai2="29,52,131,60,132,88,76,133,44,61,79,71,122" hai3="117,57,95,46,123,116,102,54,17,36,125,78,55"/><U45/><E112/><V5/><F122/><W33/><G33/><T134/><D104/><U41/><E127/><V3/><F131/><W22/><G123/><T94/><D114/><U103/><E110/><V12/><F3/><W111/><G111/><T121/><D121/><U30/><E65/><V86/><F29/><W64/><G78/><T19/><D124/><U26/><REACH who="1" step="1"/><E87/><REACH who="1" ten="422,298,142,128" step="2"/><V34/><F86/><W119/><G64/><T90/><D74/><U35/><E35/><V20/><F34/><W32/><G32/><T66/><D66/><U62/><E62/><V96/><F61/><W2/><G125/><T40/><D134/><U38/><E38/><V98/><F60/><W7/><G36/><T72/><D72/><U129/><E129/><V80/><F133/><W120/><G120/><T108/><D108/><U89/><E89/><V81/><F132/><W126/><G126/><T68/><D90/><U14/><E14/><V84/><F88/><W1/><G1/><T23/><D24/><U50/><E50/><V73/><F12/><N who="3" m="9511" /><G2/><T118/><D118/><U49/><E49/><V18/><F84/><W51/><G116/><T105/><D68/><U10/><E10/><V92/><F73/><W9/><G117/><T8/><D8/><U70/><E70/><V4/><F71/><W69/><G69/><T115/><D115/><U109/><E109/><V83/><F98/><N who="3" m="59743" /><G119/><T113/><D113/><U93/><AGARI ba="0,1" hai="13,15,21,26,30,39,41,45,85,91,93,100,101,103" machi="93" ten="30,6000,0" yaku="1,1,0,1,52,1,53,0" doraHai="37" doraHaiUra="135" who="1" fromWho="1" sc="422,-20,298,70,142,-20,128,-20" /><INIT seed="5,1,0,2,0,114" ten="402,368,122,108" oya="1" hai0="35,52,99,71,34,17,27,65,53,29,127,33,70" hai1="109,132,61,106,72,19,7,75,32,97,23,24,85" hai2="31,69,119,115,2,15,81,57,88,30,26,129,12" hai3="40,55,102,120,51,89,104,98,103,93,74,108,62"/><U124/><E132/><V80/><F119/><W128/><G108/><T38/><D38/><U113/><E109/><V118/><F118/><W111/><G111/><T14/><D127/><U83/><E113/><V18/><F115/><W121/><G40/><T37/><D37/><U87/><E32/><V49/><F69/><W3/><G3/><T100/><D33/><U11/><E124/><V117/><F117/><W39/><G39/><T44/><D34/><U16/><E19/><V91/><F129/><W131/><G62/><N who="0" m="40247" /><D44/><U60/><E87/><V4/><F2/><W50/><G50/><T86/><D86/><U8/><E72/><V0/><F0/><W134/><G55/><T67/><D67/><U105/><E75/><V21/><F4/><W125/><G51/><T20/><D71/><U10/><E7/><V79/><F79/><W46/><G46/><T123/><D123/><N who="3" m="47177" /><G125/><T82/><D82/><N who="2" m="31850" /><F49/><W9/><G9/><T42/><D42/><U135/><E135/><V95/><F57/><W13/><G13/><N who="2" m="5193" /><F91/><W63/><G63/><T68/><D68/><U76/><REACH who="1" step="1"/><E106/><AGARI ba="1,0" hai="14,17,20,27,29,35,52,53,99,100,106" m="40247" machi="106" ten="30,2000,0" yaku="25,1,54,1" doraHai="114" who="0" fromWho="1" sc="402,23,368,-23,122,0,108,0" /><INIT seed="6,0,0,0,2,45" ten="425,345,122,108" oya="2" hai0="33,100,7,134,63,132,90,18,42,67,101,16,135" hai1="116,19,80,113,46,122,20,98,102,69,128,126,115" hai2="41,91,17,14,99,44,50,40,129,83,26,28,31" hai3="114,87,123,72,71,85,121,39,61,74,78,108,43"/><V35/><F129/><W107/><G43/><T55/><D33/><U79/><E116/><V117/><F117/><W119/><G61/><T25/><D42/><U96/><E69/><V127/><F127/><W111/><G71/><N who="0" m="42495" /><D7/><U8/><E8/><N who="2" m="6343" /><F31/><W82/><G39/><T47/><D90/><U29/><E29/><V68/><F99/><W27/><G27/><T95/><D95/><U57/><E128/><V110/><F68/><W2/><G2/><T73/><D73/><N who="3" m="28265" /><G107/><T88/><D88/><U53/><E126/><V15/><F15/><W54/><G54/><T49/><D18/><U77/><E46/><V6/><F6/><W62/><G62/><T106/><D106/><U109/><E122/><N who="3" m="46602" /><G119/><T94/><D94/><U0/><E0/><V51/><F110/><N who="3" m="42027" /><G85/><T59/><D47/><U130/><E109/><V93/><F35/><W1/><G1/><T65/><D65/><U37/><E37/><V3/><F3/><W120/><N who="3" m="46610" /><W112/><AGARI ba="0,0" hai="78,82,87,112,114" m="42027,46610,28265" machi="112" ten="60,7900,0" yaku="4,1,34,2" doraHai="45" who="3" fromWho="3" sc="425,-20,345,-20,122,-39,108,79" /><INIT seed="7,0,0,2,0,115" ten="405,325,83,187" oya="3" hai0="4,122,2,41,36,121,49,135,67,85,26,31,56" hai1="63,48,11,114,12,53,101,128,23,71,87,55,107" hai2="42,3,98,99,0,6,13,77,47,14,16,43,86" hai3="111,51,52,19,81,32,100,60,119,84,25,127,126"/><W73/><G73/><T105/><D105/><U75/><E114/><V70/><F70/><W65/><G100/><T72/><D72/><U102/><E128/><V20/><F0/><W91/><G111/><T1/><D36/><U89/><E107/><V15/><F3/><W109/><G109/><T131/><D2/><U10/><E75/><V66/><F66/><W37/><G37/><T8/><D135/><U54/><E71/><V40/><F47/><W44/><G119/><T82/><D131/><U21/><E63/><V132/><F132/><W112/><G112/><T110/><D110/><U57/><E10/><V5/><F5/><W50/><G50/><T88/><D41/><U120/><E120/><V79/><F6/><W9/><G9/><T130/><D130/><U62/><E23/><V95/><F99/><W96/><G96/><T124/><D124/><N who="3" m="47657" /><G19/><T29/><D49/><U30/><E11/><V38/><F38/><W117/><G117/><T129/><D129/><U125/><E125/><V22/><F22/><W28/><G60/><N who="0" m="38279" /><D122/><U39/><E39/><V74/><F74/><W64/><AGARI ba="0,0" hai="25,28,32,44,51,52,64,65,81,84,91" m="47657" machi="64" ten="30,3000,0" yaku="18,1,54,1" doraHai="115" who="3" fromWho="3" sc="405,-10,325,-10,83,-10,187,30" /><INIT seed="7,1,0,5,0,60" ten="395,315,73,217" oya="3" hai0="39,92,97,118,72,58,52,4,25,11,80,131,121" hai1="55,9,23,46,111,44,40,93,28,73,117,76,15" hai2="75,87,109,88,31,123,104,43,96,61,129,98,119" hai3="114,70,16,36,84,91,125,6,45,2,1,35,100"/><W105/><G35/><T22/><D118/><U124/><E111/><V32/><F109/><W0/><G70/><T77/><D131/><U12/><E124/><V13/><F119/><W68/><G68/><T134/><D134/><U126/><E117/><V81/><F43/><W82/><G114/><T67/><D67/><U47/><E126/><V24/><F129/><W66/><G66/><T21/><D39/><U7/><E73/><V62/><F123/><W107/><G6/><T20/><D121/><U122/><E76/><V38/><F38/><W69/><G69/><T8/><D8/><U3/><E122/><V63/><F75/><W85/><G125/><T59/><D25/><U19/><E55/><V89/><F104/><W33/><G33/><T17/><D17/><U50/><E28/><V116/><F116/><W57/><G57/><T10/><D58/><U102/><E3/><V108/><F108/><W14/><G100/><T37/><D37/><U110/><E110/><V53/><F13/><W78/><G45/><T128/><D4/><U42/><E40/><V79/><F53/><W90/><G78/><T86/><D72/><U54/><E42/><V18/><F18/><W130/><G36/><T106/><D106/><U27/><E27/><V95/><F63/><W113/><G113/><T30/><D30/><U135/><E135/><V56/><F56/><W71/><G71/><T74/><D74/><U120/><E120/><V133/><F133/><W48/><G130/><T41/><D128/><U34/><E34/><V51/><F51/><W112/><G105/><T99/><D77/><RYUUKYOKU ba="1,0" sc="395,-15,315,15,73,15,217,-15" hai1="7,9,12,15,19,23,44,46,47,50,54,93,102" hai2="24,31,32,61,62,79,81,87,88,89,95,96,98" owari="380,48.0,330,13.0,88,-41.0,202,-20.0" /></mjloggm>