<mjloggm ver="2.3"><GO type="169" lobby="0"/><UN n0="%E5%B0%B1%E6%B4%BB%E7%94%9F%40%E5%B7%9D%E6%9D%91%E8%BB%8D%E5%9B%A3" n1="%E9%9D%92%E5%B1%B1%E5%AD%A6%E9%99%A2%EF%BC%94%E5%B9%B4" n2="%E3%81%8A%E3%82%8C%E3%81%A6%E3%82%93" n3="%E3%81%9F%E3%81%A4%E3%81%8D%E3%82%80%E3%81%A8%E3%82%93" dan="17,16,16,16" rate="2208.27,2108.20,2133.00,2126.04" sx="M,M,M,M"/><TAIKYOKU oya="0"/><INIT seed="0,0,0,2,0,96" ten="250,250,250,250" oya="0" hai0="131,76,72,11,46,106,109,52,2,98,28,61,88" hai1="94,27,121,132,128,135,113,30,78,70,99,25,6" hai2="0,49,79,35,64,127,16,53,120,93,85,80,119" hai3="69,31,29,23,81,45,7,83,15,21,101,48,34"/><T62/><D131/><U77/><E70/><V43/><F120/><W38/><G38/><T90/><D28/><N who="3" m="10825" /><G69/><T57/><D109/><U13/><E121/><V116/><F127/><W71/><G71/><T40/><D62/><U130/><E6/><V89/><F35/><W56/><G34/><T118/><D118/><U10/><E10/><V92/><F0/><W18/><G56/><T82/><D98/><U58/><E13/><V3/><F3/><W112/><G112/><T100/><D100/><N who="1" m="60535" /><E58/><V102/><F64/><W37/><G37/><N who="0" m="21775" /><D106/><U108/><E108/><V1/><F43/><N who="3" m="24639" /><G7/><AGARI ba="0,0" hai="2,7,11,52,57,61,72,76,82,88,90" m="21775" machi="7" ten="30,5800,0" yaku="25,1,54,2" doraHai="96" who="0" fromWho="3" sc="250,58,250,0,250,0,250,-58" /><INIT seed="0,1,0,3,5,71" ten="308,250,250,192" oya="0" hai0="132,53,135,66,35,124,2,111,110,133,85,107,55" hai1="117,36,95,52,38,16,102,10,128,1,126,86,3" hai2="88,17,47,100,14,76,7,130,101,68,33,112,91" hai3="105,93,99,109,15,123,118,121,75,120,84,97,72"/><T77/><D35/><U56/><E117/><V80/><F112/><W0/><G0/><N who="1" m="74" /><E102/><V63/><F33/><W19/><G118/><T8/><D107/><U51/><E95/><V59/><F68/><W114/><G114/><T24/><D66/><U98/><E98/><V57/><F7/><W104/><G19/><T129/><D129/><U92/><E92/><V22/><F130/><W41/><G41/><T30/><D124/><U74/><E74/><N who="3" m="28202" /><G15/><T134/><N who="0" m="34304" /><DORA hai="131" /><T48/><D2/><U67/><E67/><V39/><F101/><N who="3" m="60591" /><G109/><N who="0" m="41483" /><D8/><U32/><E86/><V34/><F100/><N who="3" m="62495" /><G105/><T11/><D11/><U13/><E32/><V96/><F22/><W70/><G70/><T25/><D30/><U79/><E128/><V45/><F34/><W44/><G44/><N who="0" m="27783" /><D55/><U18/><E18/><V127/><F17/><W23/><G23/><T89/><D77/><U62/><E79/><V81/><F76/><W90/><G123/><T125/><D125/><U106/><E106/><V78/><F78/><W9/><G9/><T58/><D58/><U82/><E126/><V87/><F127/><W40/><G40/><T65/><D65/><U21/><E10/><V12/><F59/><W64/><G64/><T115/><D115/><U113/><E113/><V31/><F57/><W69/><G69/><T122/><D122/><U50/><E56/><V61/><F31/><W54/><G54/><T73/><D73/><U27/><E52/><V5/><F5/><W43/><G43/><T28/><D28/><U49/><E21/><V60/><F63/><W108/><G108/><T4/><D4/><RYUUKYOKU ba="1,0" sc="308,15,250,-15,250,-15,192,15" hai0="24,25,85,89" hai3="84,90,120,121" /><INIT seed="0,2,0,1,3,60" ten="323,235,235,207" oya="0" hai0="3,66,9,27,72,56,24,100,48,54,94,75,16" hai1="90,124,20,62,63,119,126,19,46,59,11,99,26" hai2="79,115,36,34,104,123,87,122,86,50,52,98,44" hai3="84,76,0,105,61,92,45,15,22,5,131,127,106"/><T120/><D120/><U39/><E119/><V80/><F115/><W101/><G131/><T132/><D132/><U125/><E62/><V95/><F34/><W110/><G110/><T14/><D3/><U25/><E11/><V117/><F117/><W40/><G127/><T69/><D75/><U78/><E78/><V58/><F104/><W130/><G130/><T8/><D8/><U43/><E26/><N who="0" m="9769" /><D69/><U13/><E13/><V23/><F87/><W17/><G0/><T113/><D72/><U114/><E114/><V71/><F71/><W129/><G5/><T29/><D29/><U70/><E70/><V1/><F23/><W7/><G7/><T64/><D113/><U108/><E108/><V18/><F18/><W102/><G129/><T73/><D73/><U89/><REACH who="1" step="1"/><E99/><AGARI ba="2,0" hai="9,14,16,48,54,56,64,66,94,99,100" m="9769" machi="99" ten="30,11600,0" yaku="8,1,52,2,54,1" doraHai="60" who="0" fromWho="1" sc="323,122,235,-122,235,0,207,0" /><INIT seed="0,3,0,0,3,70" ten="445,113,235,207" oya="0" hai0="97,132,21,20,30,86,100,48,60,114,59,17,34" hai1="78,120,128,106,93,22,64,11,66,27,109,99,96" hai2="62,123,134,45,5,58,51,80,55,7,88,6,115" hai3="39,40,126,44,135,95,65,46,87,23,36,90,16"/><T3/><D3/><U10/><E78/><V32/><F115/><W2/><G2/><T12/><D114/><U25/><E120/><V104/><F123/><W91/><G126/><T33/><D132/><U103/><E109/><V31/><F104/><W14/><G135/><T57/><D59/><U52/><E128/><V41/><F134/><W74/><G74/><T121/><D48/><U112/><E112/><V89/><F32/><W67/><G90/><T54/><D121/><U108/><E27/><V79/><REACH who="2" step="1"/><F31/><REACH who="2" ten="445,113,225,207" step="2"/><W18/><REACH who="3" step="1"/><G18/><REACH who="3" ten="445,113,225,197" step="2"/><T124/><D17/><U15/><E108/><V133/><F133/><W98/><G98/><T37/><D97/><U9/><E99/><V8/><F8/><W71/><G71/><T129/><D124/><U35/><E106/><V42/><F42/><AGARI ba="3,2" hai="14,16,23,36,39,40,42,44,46,65,67,87,91,95" machi="42" ten="40,8000,1" yaku="1,1,9,1,52,2,54,1,53,0" doraHai="70" doraHaiUra="110" who="3" fromWho="2" sc="445,0,113,0,225,-89,197,109" /><INIT seed="1,0,0,1,1,90" ten="445,113,136,306" oya="1" hai0="51,36,42,45,98,8,84,82,1,132,87,64,49" hai1="75,77,0,32,127,13,108,31,92,68,25,15,91" hai2="63,79,78,23,122,128,30,71,130,62,100,19,113" hai3="41,83,107,61,99,38,26,114,6,44,48,95,97"/><U70/><E0/><V7/><F122/><W105/><G114/><T131/><D131/><N who="2" m="50218" /><F113/><W67/><G6/><T16/><D132/><U134/><E134/><V133/><F133/><W65/><G65/><T18/><D64/><U60/><E127/><V123/><F123/><W121/><G121/><T5/><D87/><U28/><E28/><V86/><F7/><W110/><G110/><T37/><D98/><U106/><E106/><V135/><F30/><W115/><G115/><T117/><D117/><U20/><E108/><V89/><F100/><W33/><G99/><T104/><D104/><U94/><E60/><N who="2" m="23083" /><F135/><W103/><G38/><T11/><D37/><U34/><E34/><V111/><F71/><W9/><G9/><T116/><D116/><U55/><E55/><V120/><F120/><W96/><G33/><T3/><D3/><U54/><E54/><V53/><F53/><W81/><G26/><T102/><D102/><U126/><E126/><V59/><F59/><W52/><G41/><T72/><D11/><U29/><E31/><V112/><F112/><W46/><G46/><T85/><D49/><U21/><E68/><V93/><F111/><W125/><G125/><T124/><D51/><U88/><E70/><V35/><F35/><W43/><G43/><T47/><D47/><U17/><E32/><V66/><F66/><W14/><G107/><T69/><D69/><U101/><E101/><V76/><F23/><W50/><G105/><T12/><D124/><U40/><E40/><V24/><F24/><W56/><G103/><T80/><D42/><U22/><E29/><RYUUKYOKU ba="0,0" sc="445,-10,113,-10,136,30,306,-10" hai2="19,76,78,79,86,89,93" /><INIT seed="2,1,0,0,3,101" ten="435,103,166,296" oya="2" hai0="108,91,114,66,43,103,29,125,4,15,14,88,57" hai1="24,3,61,129,133,10,118,99,13,17,79,31,93" hai2="9,45,83,50,72,6,26,25,113,23,111,100,71" hai3="119,42,64,117,59,18,30,12,90,76,122,131,37"/><V80/><F113/><W112/><G122/><T55/><D114/><U62/><E118/><V134/><F71/><W96/><G112/><T86/><D108/><U135/><E79/><V115/><F115/><W48/><G131/><T32/><D66/><U110/><E110/><V34/><F111/><W40/><G76/><T65/><D65/><U36/><E36/><V56/><F56/><W27/><G37/><T20/><D32/><U128/><E3/><V58/><F58/><W121/><G121/><T54/><D43/><U44/><E44/><V74/><F100/><W1/><G1/><T39/><D39/><U16/><E17/><V21/><F34/><W41/><G117/><T82/><D103/><N who="1" m="60911" /><E24/><V22/><F74/><W53/><G64/><T85/><D125/><U77/><E77/><V102/><F72/><W0/><G0/><T63/><D4/><U92/><E92/><V5/><F5/><W124/><G124/><T35/><D55/><U51/><E51/><V7/><F7/><W46/><G119/><T19/><D35/><U11/><E31/><V8/><F6/><W109/><G109/><T28/><D15/><U75/><E10/><N who="2" m="4203" /><F102/><W104/><G30/><T116/><D116/><U94/><E94/><AGARI ba="1,0" hai="14,19,20,28,29,54,57,63,82,85,86,88,91,94" machi="94" ten="30,3900,0" yaku="7,1,8,1,54,1" doraHai="101" who="0" fromWho="1" sc="435,42,103,-42,166,0,296,0" /><INIT seed="3,0,0,1,0,43" ten="477,61,166,296" oya="3" hai0="41,21,84,62,67,127,48,131,79,53,82,69,123" hai1="71,30,31,51,103,61,29,45,94,134,2,114,105" hai2="135,58,118,99,125,100,122,68,88,132,27,12,74" hai3="85,49,121,102,120,117,92,63,133,52,101,34,96"/><W86/><G117/><T110/><D110/><U89/><E2/><V37/><F68/><W113/><G113/><T75/><D127/><U64/><E114/><V59/><F118/><W81/><G34/><T54/><D131/><U36/><E36/><V55/><F125/><W56/><G133/><T40/><D75/><U66/><E66/><V112/><F112/><W28/><G28/><T25/><D54/><U23/><E134/><V119/><F119/><W6/><G102/><T20/><D20/><U107/><E103/><V9/><F37/><W19/><G86/><T39/><D39/><U95/><E23/><V73/><F59/><W129/><G129/><T0/><D0/><U124/><E124/><V8/><F27/><W109/><G109/><T76/><D79/><U72/><E72/><V42/><F42/><W16/><G6/><T3/><D3/><U7/><E7/><V115/><F9/><W33/><G33/><T32/><D32/><U78/><E78/><V46/><F115/><W17/><REACH who="3" step="1"/><G49/><REACH who="3" ten="477,61,166,286" step="2"/><T130/><D130/><U11/><E31/><V97/><F74/><W104/><G104/><T10/><D84/><U93/><E105/><V77/><F100/><W35/><G35/><T18/><D48/><U91/><E107/><V90/><F135/><W5/><G5/><T22/><D25/><U50/><E51/><V116/><F116/><W38/><G38/><T47/><D18/><U128/><E128/><V44/><F132/><W111/><G111/><T106/><D106/><U65/><E50/><V57/><F73/><W26/><G26/><T60/><D76/><AGARI ba="0,1" hai="16,17,19,52,56,63,76,81,85,92,96,101,120,121" machi="76" ten="40,12000,1" yaku="1,1,6,1,54,2,53,0" doraHai="43" doraHaiUra="108" who="3" fromWho="0" sc="477,-120,61,0,166,0,286,130" /><INIT seed="3,1,0,4,3,99" ten="357,61,166,416" oya="3" hai0="126,21,63,70,88,102,125,96,79,12,111,19,118" hai1="87,44,89,85,127,17,40,69,73,113,74,51,13" hai2="94,30,132,22,108,120,32,56,24,4,61,25,11" hai3="33,43,81,106,46,28,129,121,75,0,92,133,49"/><W42/><G121/><T128/><D118/><U37/><E69/><V8/><F108/><W77/><G106/><T57/><D70/><U130/><E113/><V6/><F132/><W14/><G0/><T105/><D111/><U110/><E110/><V131/><F131/><W116/><G116/><T48/><D79/><U100/><E130/><V124/><F124/><N who="0" m="47722" /><D128/><U135/><E127/><V95/><F11/><W52/><G129/><T112/><D112/><U7/><E7/><V34/><F34/><W20/><G133/><T39/><D39/><U2/><E2/><V67/><F120/><W47/><G33/><T65/><D48/><U107/><E37/><V15/><F6/><W123/><G123/><T38/><D38/><U82/><E87/><V90/><F90/><AGARI ba="1,0" hai="12,19,21,57,63,65,88,90,96,102,105" m="47722" machi="90" ten="30,3900,0" yaku="18,1,52,1,54,1" doraHai="99" who="0" fromWho="2" sc="357,42,61,0,166,-42,416,0" /><INIT seed="4,0,0,4,1,69" ten="399,61,124,416" oya="0" hai0="116,24,125,92,53,39,58,87,60,100,127,63,78" hai1="130,103,124,12,115,35,1,66,21,37,52,10,135" hai2="41,121,97,73,4,2,111,104,80,79,131,74,43" hai3="102,117,48,68,82,29,27,99,17,16,25,33,18"/><T65/><D116/><U109/><E109/><V11/><F111/><W77/><G117/><T119/><D119/><U110/><E110/><V85/><F121/><W31/><G68/><T81/><D24/><U90/><E35/><V8/><F131/><W3/><G3/><T15/><D15/><U42/><E66/><V95/><F11/><W91/><G91/><T38/><D100/><U19/><E130/><V114/><F114/><W36/><G48/><T126/><D92/><U59/><E124/><V101/><F74/><W34/><G36/><T50/><D63/><U67/><E67/><V133/><F133/><W40/><G40/><T32/><D32/><U108/><E108/><V134/><F134/><W83/><REACH who="3" step="1"/><G77/><REACH who="3" ten="399,61,124,406" step="2"/><T30/><D30/><U55/><E135/><V112/><F112/><W84/><G84/><T122/><D122/><U71/><E115/><V49/><F49/><W14/><G14/><T76/><D78/><U56/><E71/><AGARI ba="0,1" hai="38,39,50,53,58,60,65,71,76,81,87,125,126,127" machi="71" ten="40,7700,0" yaku="18,1,52,2" doraHai="69" who="0" fromWho="1" sc="399,87,61,-77,124,0,406,0" owari="486,59.0,-16,-52.0,124,-28.0,406,21.0" /></mjloggm>