<mjloggm ver="2.3"><GO type="169" lobby="0"/><UN n0="%E3%83%A9%E3%83%83%E3%82%AD%E3%83%BC%E3%83%89%E3%83%83%E3%82%B0" n1="%E5%B0%B1%E6%B4%BB%E7%94%9F%40%E5%B7%9D%E6%9D%91%E8%BB%8D%E5%9B%A3" n2="%E8%A5%BF%E9%A2%A8%E9%80%A3%E6%89%93" n3="%E6%97%A5%E6%9B%9C%E6%97%A5%E3%82%88%E3%82%8A%E3%81%AE%E4%BD%BF%E8%80%85" dan="16,17,16,18" rate="2069.04,2142.79,2107.59,2178.81" sx="M,M,M,M"/><TAIKYOKU oya="0"/><INIT seed="0,0,0,0,5,49" ten="250,250,250,250" oya="0" hai0="101,93,120,25,62,46,124,58,1,12,102,14,114" hai1="84,0,35,43,88,16,76,118,109,47,90,66,63" hai2="98,40,36,28,113,81,53,8,133,68,86,91,87" hai3="97,74,11,34,105,67,30,130,39,60,24,89,15"/><T121/><D1/><U99/><E118/><V33/><F113/><W116/><G116/><T82/><D114/><U3/><E35/><V112/><F112/><W64/><G74/><T83/><D124/><U75/><E75/><V21/><F133/><W117/><G117/><T56/><D46/><U128/><E128/><V104/><F68/><W55/><G39/><T54/><D25/><U6/><E6/><V126/><F33/><W79/><G79/><T37/><D37/><U70/><E109/><V29/><F8/><W123/><G130/><T41/><D41/><U131/><E131/><V78/><F40/><W103/><G123/><T38/><D38/><U9/><E99/><V119/><F119/><W73/><G73/><T77/><D77/><U115/><E115/><V26/><F126/><W110/><G110/><T100/><D93/><U5/><E0/><V80/><F36/><W96/><G96/><T69/><D69/><U52/><E43/><V48/><F28/><W108/><G108/><T107/><D107/><U31/><E31/><V10/><F10/><W44/><G89/><T71/><D71/><U4/><E4/><V20/><F98/><W94/><G105/><T7/><D7/><U111/><E111/><V129/><F104/><W22/><G34/><T19/><D58/><U127/><E127/><V106/><F106/><W45/><G45/><T18/><D18/><U65/><E65/><V59/><F129/><W27/><G27/><T32/><D32/><U122/><E122/><N who="0" m="47209" /><D19/><U23/><E76/><V95/><F78/><W125/><G125/><T135/><D135/><RYUUKYOKU ba="0,0" sc="250,30,250,-10,250,-10,250,-10" hai0="12,14,54,56,62,82,83,100,101,102" /><INIT seed="0,1,0,3,0,27" ten="280,240,240,240" oya="0" hai0="88,35,129,90,29,89,14,118,18,104,12,135,67" hai1="6,48,125,37,41,100,98,86,5,112,25,19,113" hai2="91,30,64,92,74,76,21,36,73,70,32,80,105" hai3="106,65,22,109,96,133,110,83,99,87,124,46,13"/><T101/><D118/><U77/><E37/><V40/><F105/><W120/><G124/><T43/><D43/><U97/><E125/><V15/><F32/><W1/><G1/><T130/><D135/><U51/><E77/><V9/><F74/><W82/><G133/><T7/><D7/><N who="1" m="2571" /><E86/><V121/><F121/><W126/><G126/><T61/><D101/><U81/><E81/><N who="3" m="30730" /><G120/><T2/><D2/><U85/><E85/><V47/><F64/><W54/><G65/><T132/><D104/><U102/><E19/><V34/><F70/><W11/><G22/><T3/><D3/><U50/><E25/><V134/><F134/><W52/><G87/><T131/><D132/><U111/><E41/><V123/><F123/><W93/><G106/><T55/><D55/><N who="3" m="21033" /><G46/><T38/><D38/><U58/><E58/><V20/><F34/><W4/><G93/><T31/><D35/><U119/><E119/><V45/><F47/><W17/><G17/><T44/><D44/><U68/><E68/><V16/><REACH who="2" step="1"/><F30/><REACH who="2" ten="280,240,230,240" step="2"/><N who="0" m="11274" /><D18/><U56/><E56/><AGARI ba="1,1" hai="12,14,56,61,67,88,89,90,129,130,131" m="11274" machi="56" ten="40,12000,1" yaku="19,1,52,3,54,1" doraHai="27" who="0" fromWho="1" sc="280,133,240,-123,230,0,240,0" /><INIT seed="0,2,0,1,0,106" ten="413,117,230,240" oya="0" hai0="116,115,83,70,9,6,95,18,67,77,53,2,23" hai1="52,7,41,13,80,84,46,17,64,87,51,58,86" hai2="19,130,69,107,111,100,104,93,14,108,121,60,124" hai3="85,32,76,89,105,15,33,44,118,37,59,55,94"/><T119/><D115/><U129/><E129/><V98/><F121/><W135/><G118/><T103/><D53/><U30/><E30/><V63/><F130/><W57/><G105/><T133/><D133/><U113/><E113/><V92/><F124/><W50/><G135/><T11/><D11/><U54/><E7/><V42/><F42/><W21/><G76/><T134/><D134/><U81/><E64/><V36/><F36/><W26/><G15/><T0/><D0/><U61/><REACH who="1" step="1"/><E54/><REACH who="1" ten="413,107,230,240" step="2"/><V5/><F5/><W31/><REACH who="3" step="1"/><G37/><REACH who="3" ten="413,107,230,230" step="2"/><T82/><D116/><U132/><E132/><V20/><F111/><W66/><G66/><T102/><D119/><U126/><E126/><V131/><F108/><W110/><G110/><T35/><D67/><U125/><E125/><V62/><F131/><W1/><G1/><T73/><D2/><U12/><E12/><V72/><F14/><W91/><G91/><T29/><D102/><U4/><E4/><V24/><F100/><W90/><G90/><T117/><D103/><U109/><E109/><V22/><F107/><W45/><G45/><T78/><D6/><U34/><E34/><AGARI ba="2,2" hai="21,26,31,32,33,34,44,50,55,57,59,85,89,94" machi="34" ten="40,1300,0" yaku="1,1,53,0" doraHai="106" doraHaiUra="101" who="3" fromWho="1" sc="413,0,107,-19,230,0,230,39" /><INIT seed="1,0,0,5,2,95" ten="413,88,230,269" oya="1" hai0="27,46,80,68,65,29,8,5,85,106,11,110,55" hai1="37,48,97,123,99,73,23,121,41,72,4,133,44" hai2="124,82,122,83,22,87,58,2,40,88,70,69,86" hai3="100,127,108,115,26,30,134,102,54,43,103,28,116"/><U13/><E133/><V0/><F122/><W77/><G115/><T79/><D106/><U51/><E121/><V74/><F124/><W20/><G134/><T17/><D110/><U32/><E32/><V114/><F114/><W45/><G127/><T49/><D68/><U15/><E123/><V62/><F74/><W21/><G108/><T135/><D65/><U129/><E129/><V35/><F35/><W113/><G113/><T42/><D135/><U125/><E125/><V117/><F40/><W53/><G77/><T16/><D55/><U109/><E109/><V105/><F105/><W12/><G116/><T19/><REACH who="0" step="1"/><D5/><REACH who="0" ten="403,88,230,269" step="2"/><U57/><E73/><V38/><F70/><W94/><G54/><T111/><D111/><U66/><E72/><V91/><F69/><W14/><G53/><T98/><D98/><N who="1" m="37387" /><E37/><V59/><F38/><W78/><G43/><T118/><D118/><U132/><E132/><V75/><F117/><W3/><G102/><T96/><D96/><U9/><E51/><V36/><F36/><W71/><G100/><T7/><D7/><U24/><E66/><V60/><F75/><W50/><G71/><T112/><D112/><U81/><E57/><V126/><F126/><W10/><G103/><T39/><D39/><U63/><E63/><V61/><F60/><W90/><G50/><T104/><D104/><U47/><E47/><V67/><F67/><W34/><G45/><T93/><D93/><U76/><E13/><V131/><F131/><W120/><G120/><T31/><D31/><N who="1" m="17823" /><E81/><V33/><F33/><AGARI ba="0,1" hai="8,11,16,17,19,27,29,33,42,46,49,79,80,85" machi="33" ten="40,5200,0" yaku="1,1,54,1,53,1" doraHai="95" doraHaiUra="25" who="0" fromWho="2" sc="403,62,88,0,230,-52,269,0" /><INIT seed="2,0,0,5,0,74" ten="465,88,178,269" oya="2" hai0="31,24,127,51,114,37,61,128,81,45,122,10,58" hai1="29,88,50,73,83,1,121,134,87,38,125,112,80" hai2="21,49,23,115,79,76,110,46,14,43,64,59,78" hai3="113,89,17,11,130,62,103,47,109,66,129,15,70"/><V71/><F115/><W90/><G109/><T8/><D37/><U126/><E38/><V39/><F110/><W25/><G113/><T133/><D114/><U77/><E1/><V55/><F14/><W40/><G103/><T2/><D2/><U111/><E112/><V95/><F95/><W131/><REACH who="3" step="1"/><G25/><REACH who="3" ten="465,88,178,259" step="2"/><T94/><D24/><U6/><E111/><V106/><F106/><W41/><G41/><T86/><D122/><U65/><E121/><V30/><F30/><W68/><G68/><T9/><D31/><U82/><E134/><V84/><F84/><W7/><G7/><T52/><D86/><U91/><E6/><V97/><F97/><W36/><AGARI ba="0,1" hai="11,15,17,36,40,47,62,66,70,89,90,129,130,131" machi="36" ten="30,4000,0" yaku="1,1,0,1,19,1,53,0" doraHai="74" doraHaiUra="28" who="3" fromWho="3" sc="465,-10,88,-10,178,-20,259,50" /><INIT seed="3,0,0,3,2,111" ten="455,78,158,309" oya="3" hai0="120,68,125,1,12,52,72,96,15,100,61,57,60" hai1="18,53,48,77,80,36,102,46,34,132,51,108,124" hai2="42,0,95,10,109,97,94,118,40,75,19,16,4" hai3="37,32,104,134,41,86,73,114,115,85,67,3,56"/><W84/><G73/><T89/><D72/><U29/><E108/><V27/><F109/><W63/><G3/><T2/><D89/><U7/><E124/><V79/><F118/><W123/><G32/><T54/><D125/><U110/><E110/><V106/><F106/><W98/><G123/><T20/><D12/><U25/><E132/><V45/><F42/><W92/><G104/><T65/><D54/><U71/><E71/><V113/><F113/><W121/><G121/><T91/><D91/><U93/><E7/><V66/><F66/><W127/><G127/><T103/><D103/><U131/><E131/><V6/><F6/><W129/><G129/><T128/><D120/><U17/><E36/><N who="2" m="21639" /><F27/><W105/><G105/><T74/><D74/><U126/><E126/><V88/><F95/><W62/><G134/><T76/><D76/><U33/><E33/><V30/><F30/><W99/><G41/><T122/><D122/><U35/><E35/><V28/><F28/><W133/><G37/><T107/><D128/><U90/><E102/><V21/><F21/><W11/><G133/><T50/><D50/><U14/><E14/><V81/><AGARI ba="0,0" hai="0,4,10,16,19,75,79,81,88,94,97" m="21639" machi="81" ten="30,4000,0" yaku="25,1,54,2" doraHai="111" who="2" fromWho="2" sc="455,-10,78,-10,158,40,309,-20" /><INIT seed="4,0,0,3,2,129" ten="445,68,198,289" oya="0" hai0="69,95,123,84,130,51,21,125,35,24,46,25,104" hai1="48,55,40,27,75,61,72,65,33,101,57,77,50" hai2="82,1,18,42,120,59,71,73,81,45,26,0,22" hai3="96,114,105,16,88,135,62,85,110,64,15,11,34"/><T103/><D69/><U52/><E101/><V108/><F108/><W44/><G114/><T14/><D130/><U132/><E40/><V126/><F120/><W91/><G110/><T124/><D123/><U6/><E6/><V109/><F109/><W30/><G135/><T87/><D104/><U32/><E132/><V107/><F71/><N who="3" m="42391" /><G44/><T19/><D103/><U98/><E98/><V102/><F126/><W70/><G85/><T94/><D87/><U67/><E77/><V23/><F102/><N who="3" m="62663" /><G70/><T90/><D94/><U38/><E38/><V3/><F107/><W66/><G66/><T127/><REACH who="0" step="1"/><D35/><REACH who="0" ten="435,68,198,289" step="2"/><U2/><E72/><V29/><F73/><W121/><G121/><T58/><D58/><U54/><E75/><V28/><F59/><W7/><G7/><T74/><D74/><U31/><E33/><V116/><F45/><W79/><G79/><T122/><D122/><U68/><E2/><V113/><F0/><W12/><G34/><T43/><AGARI ba="0,1" hai="14,19,21,24,25,43,46,51,84,90,95,124,125,127" machi="43" ten="30,6000,0" yaku="1,1,0,1,18,1,53,0" doraHai="129" doraHaiUra="128" who="0" fromWho="0" sc="435,70,68,-20,198,-20,289,-20" /><INIT seed="4,1,0,4,5,39" ten="505,48,178,269" oya="0" hai0="37,4,48,26,24,23,17,110,69,43,133,32,59" hai1="72,22,98,49,90,124,34,66,127,64,10,46,52" hai2="58,121,8,122,18,51,11,47,27,126,12,0,44" hai3="107,76,89,60,2,134,28,65,9,101,31,14,30"/><T108/><D69/><U91/><E34/><V120/><F126/><W29/><G134/><T109/><D4/><U116/><E72/><V113/><F113/><W61/><G2/><T99/><D133/><U5/><E116/><V82/><F27/><W130/><G130/><T75/><D75/><U73/><E73/><V67/><F82/><W81/><N who="3" m="7680" /><DORA hai="88" /><W20/><G20/><T131/><D131/><U95/><E90/><V19/><F67/><W38/><G38/><T125/><D125/><N who="1" m="48203" /><E22/><V79/><F79/><W102/><G89/><T123/><D123/><U119/><E119/><V92/><F92/><W118/><G107/><T50/><D99/><U13/><AGARI ba="1,0" hai="5,10,13,46,49,52,64,66,91,95,98" m="48203" machi="13" ten="30,4000,0" yaku="18,1,52,1,54,1" doraHai="39,88" who="1" fromWho="1" sc="505,-21,48,43,178,-11,269,-11" /><INIT seed="5,0,0,2,1,57" ten="484,91,167,258" oya="1" hai0="39,0,75,88,104,50,38,54,119,129,82,55,62" hai1="131,91,41,68,51,117,97,87,89,108,109,98,36" hai2="123,93,105,18,86,35,43,128,95,125,26,133,130" hai3="127,48,72,59,5,7,110,22,56,12,120,83,29"/><U47/><E117/><V14/><F123/><W118/><G120/><T37/><D104/><U8/><E68/><V85/><F105/><W80/><G110/><N who="1" m="42602" /><E131/><N who="2" m="50219" /><F125/><W60/><G127/><T31/><D31/><U102/><E8/><N who="2" m="6471" /><F133/><W49/><G118/><T100/><D0/><U126/><E126/><V65/><F43/><W112/><G112/><T134/><D75/><U81/><E36/><V78/><F65/><N who="3" m="39047" /><G80/><T101/><D37/><U10/><E10/><V11/><F11/><N who="3" m="4207" /><G72/><T73/><D38/><U122/><E122/><V79/><F86/><W121/><G121/><T106/><D39/><U76/><E98/><V70/><F70/><W115/><G115/><T124/><D124/><U66/><E66/><V21/><F35/><W71/><G71/><T24/><D119/><U25/><E25/><V94/><F85/><W92/><G7/><T32/><D73/><U6/><E6/><V4/><F4/><W44/><G83/><T13/><D134/><U116/><E116/><V1/><F1/><W69/><G69/><T90/><D24/><U46/><E46/><V42/><F42/><N who="3" m="24599" /><G92/><AGARI ba="0,0" hai="41,47,51,76,81,87,89,91,92,97,102" m="42602" machi="92" ten="30,1500,0" yaku="10,1" doraHai="57" who="1" fromWho="3" sc="484,0,91,15,167,0,258,-15" /><INIT seed="5,1,0,3,2,9" ten="484,106,167,243" oya="1" hai0="51,97,52,96,129,28,106,23,1,20,19,69,30" hai1="29,75,76,35,112,39,100,38,0,16,46,86,127" hai2="40,5,88,103,98,113,70,14,85,120,83,34,48" hai3="67,101,99,104,87,77,11,31,132,61,65,90,131"/><U54/><E0/><V21/><F120/><W119/><G131/><T80/><D69/><U2/><E2/><V94/><F34/><W91/><G132/><T43/><D1/><U68/><E75/><V107/><F70/><W24/><G119/><T110/><D43/><U62/><E112/><V47/><F113/><W27/><G27/><T45/><D110/><U58/><E127/><V128/><F128/><W102/><G102/><T78/><D106/><U63/><E100/><V115/><F115/><W109/><G109/><T41/><D41/><U72/><E72/><V37/><F37/><W92/><G11/><T36/><D36/><U55/><E35/><V3/><F3/><W6/><G6/><T117/><D117/><U134/><E29/><V66/><F66/><W59/><G67/><T79/><D79/><U71/><E134/><V44/><F44/><W57/><G57/><T4/><D4/><U82/><E16/><N who="2" m="10391" /><F107/><W126/><G126/><T15/><D30/><U122/><E122/><V18/><F5/><W108/><G108/><T89/><D78/><U124/><E124/><V12/><F18/><W114/><G114/><T111/><D111/><U105/><E105/><V125/><F125/><W84/><G77/><T130/><D130/><U13/><E13/><AGARI ba="1,0" hai="12,13,40,47,48,83,85,88,94,98,103" m="10391" machi="13" ten="30,12000,2" yaku="8,1,52,3,54,2" doraHai="9" who="2" fromWho="1" sc="484,0,106,-123,167,123,243,0" owari="484,59.0,-17,-52.0,290,9.0,243,-16.0" /></mjloggm>