<mjloggm ver="2.3"><GO type="41" lobby="0"/><UN n0="%73%65%69%6A%69%38%33" n1="%E7%A7%81%E3%81%8C%E4%B8%89%E9%87%8D%E3%81%A0" n2="%E5%B0%B1%E6%B4%BB%E7%94%9F%40%E5%B7%9D%E6%9D%91%E8%BB%8D%E5%9B%A3" n3="%E8%A9%90%E6%AC%BA%E3%82%B5%E3%82%A4%E3%83%88" dan="13,13,17,14" rate="1922.27,1875.21,2158.67,1980.12" sx="M,F,M,M"/><TAIKYOKU oya="0"/><INIT seed="0,0,0,2,1,125" ten="250,250,250,250" oya="0" hai0="129,93,122,119,70,61,66,44,104,87,49,99,60" hai1="22,114,113,2,16,21,30,12,6,97,1,15,107" hai2="71,5,112,96,65,78,67,64,131,117,37,115,53" hai3="39,17,51,92,48,83,126,74,133,95,84,58,9"/><T73/><D122/><U62/><E62/><V14/><F37/><W94/><G126/><T10/><D119/><U127/><E127/><V7/><F71/><W116/><G116/><T35/><D73/><U57/><E107/><V98/><F117/><W108/><G108/><T134/><D134/><U111/><E57/><V132/><F132/><W124/><G124/><T45/><D35/><U55/><E111/><V105/><F105/><W69/><G133/><T47/><D61/><U33/><E97/><V80/><F53/><W121/><G69/><T27/><D27/><N who="1" m="18655" /><E55/><V102/><F102/><W130/><G39/><T3/><D104/><U75/><E75/><V26/><F26/><W91/><G130/><T106/><D129/><U72/><E72/><V123/><F123/><W118/><G74/><T88/><D106/><U40/><E40/><V135/><F135/><W19/><G118/><T23/><D23/><N who="1" m="8715" /><E6/><V50/><F131/><W24/><G121/><T18/><D99/><U43/><E43/><V81/><F65/><W77/><G58/><T103/><D103/><U56/><E56/><V100/><F100/><W41/><G41/><T46/><D44/><U25/><E25/><V128/><F128/><W54/><G24/><T29/><D49/><U89/><E89/><V20/><F20/><W68/><G68/><T90/><D90/><U32/><E32/><V82/><F78/><W28/><G77/><T31/><D18/><U86/><E86/><V4/><F98/><W52/><G19/><T11/><D11/><N who="1" m="6175" /><E15/><V76/><F76/><W79/><G79/><T13/><D13/><RYUUKYOKU ba="0,0" sc="250,15,250,15,250,-15,250,-15" hai0="3,10,29,31,45,46,47,60,66,70,87,88,93" hai1="1,2,113,114" /><INIT seed="0,1,0,1,3,124" ten="265,265,235,235" oya="0" hai0="14,36,128,7,132,118,83,112,21,69,99,100,61" hai1="31,40,20,126,11,77,105,16,35,71,75,8,131" hai2="114,46,116,44,1,51,5,96,41,27,24,120,88" hai3="107,103,115,30,3,70,53,117,59,55,60,50,42"/><T25/><D118/><U45/><E105/><V87/><F120/><W54/><G3/><T81/><D112/><U121/><E121/><V89/><F114/><W90/><G30/><T79/><D36/><U28/><E71/><V67/><F116/><W18/><G90/><T84/><D132/><U119/><E126/><V111/><F111/><W39/><G18/><T108/><D108/><U19/><E119/><V29/><F67/><N who="3" m="41319" /><G103/><T10/><D128/><U62/><E131/><V106/><F1/><W74/><G107/><T97/><D83/><U34/><E62/><V63/><F63/><N who="3" m="36335" /><G74/><T32/><D32/><N who="1" m="12331" /><E45/><V101/><F5/><W95/><G95/><T94/><D61/><U133/><E40/><V130/><F130/><W52/><G117/><T68/><D99/><U49/><E49/><V66/><F66/><W91/><G91/><T78/><D79/><U22/><E133/><V102/><F29/><AGARI ba="1,0" hai="7,10,14,21,25,29,68,69,78,81,84,94,97,100" machi="29" ten="30,1500,0" yaku="7,1" doraHai="124" who="0" fromWho="2" sc="265,18,265,0,235,-18,235,0" /><INIT seed="0,2,0,3,4,15" ten="283,265,217,235" oya="0" hai0="123,67,104,63,108,58,29,57,116,43,89,18,30" hai1="128,42,95,32,117,10,37,26,127,135,56,23,110" hai2="25,76,66,5,86,113,126,47,11,51,60,45,64" hai3="77,114,88,107,74,6,55,121,132,99,102,46,41"/><T134/><D123/><U22/><E117/><V21/><F113/><W133/><G6/><T28/><D116/><U52/><E110/><V84/><F126/><W73/><G55/><T87/><D104/><U85/><E127/><V92/><F47/><W81/><G46/><T13/><D134/><N who="3" m="51817" /><G41/><T1/><D1/><U50/><E128/><V16/><F86/><N who="3" m="48431" /><G114/><T83/><D108/><U105/><E105/><V12/><F60/><W34/><G34/><T69/><REACH who="0" step="1"/><D43/><REACH who="0" ten="273,265,217,235" step="2"/><U27/><E42/><N who="2" m="25015" /><F92/><N who="3" m="56711" /><G121/><T111/><D111/><U40/><E135/><V90/><F90/><W112/><G112/><T3/><D3/><U118/><E118/><V119/><F119/><W54/><G54/><T103/><D103/><U14/><E40/><V4/><F4/><W122/><G122/><T109/><D109/><U19/><E37/><V72/><F72/><W39/><G39/><T97/><D97/><AGARI ba="2,1" hai="73,74,97,102,107" m="56711,48431,51817" machi="97" ten="30,7700,0" yaku="20,1,34,2,54,1" doraHai="15" who="3" fromWho="0" sc="273,-83,265,0,217,0,235,93" /><INIT seed="1,0,0,5,5,46" ten="190,265,217,328" oya="1" hai0="7,35,59,71,0,33,40,39,2,85,17,30,22" hai1="28,120,108,6,100,15,105,9,90,8,80,25,123" hai2="106,42,23,75,115,91,134,49,76,37,114,113,50" hai3="18,48,111,20,128,110,98,130,78,97,69,103,54"/><U61/><E108/><N who="3" m="41514" /><G20/><T73/><D73/><U67/><E90/><V36/><F106/><N who="3" m="63855" /><G18/><T121/><D59/><U119/><E80/><N who="2" m="45087" /><F134/><W14/><G14/><N who="0" m="9527" /><D85/><U62/><E119/><V60/><F60/><W109/><N who="3" m="41522" /><W102/><DORA hai="26" /><G78/><T31/><D40/><U55/><E55/><V27/><F91/><W56/><G98/><T129/><D39/><N who="2" m="14922" /><F42/><W4/><G4/><T93/><D71/><U44/><E61/><V83/><F83/><W79/><G102/><T127/><D93/><U70/><E44/><V82/><F82/><W19/><G19/><AGARI ba="0,0" hai="19,23,27,49,50,113,114,115" m="14922,45087" machi="19" ten="40,5200,0" yaku="11,1,52,2" doraHai="46,26" who="2" fromWho="3" sc="190,0,265,0,217,52,328,-52" /><INIT seed="2,0,0,2,4,45" ten="190,265,269,276" oya="2" hai0="127,41,120,113,131,118,58,62,0,16,121,68,57" hai1="44,106,72,90,25,79,15,114,100,96,115,104,33" hai2="26,116,40,43,76,50,101,130,111,35,28,29,22" hai3="125,48,119,53,129,85,21,124,84,86,81,89,88"/><V37/><F116/><W39/><G119/><T2/><D118/><U12/><E106/><V4/><F37/><W123/><G39/><T77/><D77/><U24/><E114/><V135/><F130/><W110/><G129/><T38/><D131/><U34/><E115/><V36/><F36/><W112/><G112/><T54/><D113/><U14/><E90/><N who="3" m="34922" /><G21/><T80/><D68/><U95/><E104/><V69/><F69/><W49/><G123/><T128/><D128/><U65/><E65/><V70/><F70/><W56/><G110/><T87/><D127/><N who="3" m="48713" /><G81/><T9/><D41/><U8/><E8/><V78/><F135/><W19/><G19/><T126/><D38/><U75/><E44/><V31/><F111/><W103/><G103/><T20/><D57/><U82/><E75/><V1/><F101/><W91/><N who="3" m="34930" /><W94/><DORA hai="98" /><G94/><T47/><D126/><U3/><REACH who="1" step="1"/><E3/><REACH who="1" ten="190,255,269,276" step="2"/><V99/><F1/><W61/><AGARI ba="0,1" hai="48,49,53,56,61,84,85,86" m="48713,34930" machi="61" ten="40,8000,1" yaku="18,1,52,2,54,1" doraHai="45,98" who="3" fromWho="3" sc="190,-20,255,-20,269,-40,276,90" /><INIT seed="3,0,0,4,1,85" ten="170,235,229,366" oya="3" hai0="118,113,75,108,22,135,60,29,89,51,74,37,15" hai1="62,78,76,82,106,1,95,65,11,88,17,129,43" hai2="127,24,12,70,26,7,61,23,9,40,109,83,72" hai3="110,128,33,35,10,49,63,21,102,69,58,77,97"/><W31/><G128/><T90/><D37/><U38/><E106/><V34/><F109/><W4/><G110/><T126/><D108/><U30/><E129/><V0/><F127/><W18/><G69/><T45/><D118/><U73/><E30/><V112/><F112/><W81/><G49/><T54/><D126/><U46/><E78/><V32/><F40/><W53/><G31/><T84/><D135/><U98/><E17/><N who="2" m="10663" /><F83/><W64/><G64/><T94/><D113/><U122/><E122/><V27/><F61/><W104/><G81/><T91/><D74/><U39/><E62/><V6/><F72/><W56/><G56/><N who="0" m="34839" /><D75/><U48/><REACH who="1" step="1"/><E65/><REACH who="1" ten="170,225,229,366" step="2"/><V25/><F70/><W44/><G77/><T107/><D107/><U99/><E99/><V134/><F134/><W120/><G120/><T66/><D66/><U92/><E92/><V71/><F71/><W133/><G133/><T16/><D29/><U124/><E124/><V13/><F27/><W79/><G79/><T125/><D125/><U52/><E52/><AGARI ba="0,1" hai="15,16,22,45,51,52,84,89,90,91,94" m="34839" machi="52" ten="30,12000,2" yaku="8,1,52,3,54,2" doraHai="85" who="0" fromWho="1" sc="170,130,225,-120,229,0,366,0" /><INIT seed="4,0,0,3,3,73" ten="300,105,229,366" oya="0" hai0="57,76,37,27,45,17,133,49,9,56,108,112,95" hai1="97,1,10,13,21,118,93,87,74,121,96,58,43" hai2="105,52,54,31,25,120,81,19,100,66,80,61,50" hai3="40,64,124,116,131,92,29,89,48,4,26,38,110"/><T113/><D133/><U111/><E74/><V2/><F2/><W128/><G116/><T55/><D37/><U114/><E1/><V99/><F120/><W15/><G110/><T103/><D108/><U62/><E111/><V67/><F19/><W18/><G124/><T32/><D32/><U23/><E118/><V101/><F101/><W86/><G64/><T42/><D76/><U30/><E121/><V119/><F119/><W51/><G4/><T0/><D0/><U130/><E43/><V3/><F3/><W47/><G128/><T28/><D28/><U72/><E72/><V127/><F127/><W16/><G18/><T6/><D6/><N who="1" m="3287" /><E130/><V94/><F67/><W126/><G131/><T123/><D123/><U41/><E41/><V132/><F132/><W79/><G79/><T88/><D103/><U104/><E104/><V78/><F78/><W90/><G90/><T36/><D57/><U109/><E109/><V59/><F105/><W8/><REACH who="3" step="1"/><G126/><REACH who="3" ten="300,105,229,356" step="2"/><T65/><D65/><N who="1" m="39127" /><E114/><V5/><F5/><W63/><G63/><T34/><D17/><U106/><E106/><V102/><F102/><W125/><G125/><T129/><D129/><U135/><E135/><V7/><F7/><W60/><G60/><T71/><D113/><U68/><E68/><V85/><F66/><W83/><G83/><T70/><D112/><U69/><E69/><V75/><F75/><W46/><G46/><T22/><D70/><U82/><E30/><V24/><F31/><W115/><G115/><T91/><D71/><U77/><E93/><V11/><F81/><W12/><G12/><RYUUKYOKU ba="0,1" sc="300,-15,105,15,229,-15,356,15" hai1="21,23,77,82,87,96,97" hai3="8,15,16,26,29,38,40,47,48,51,86,89,92" /><INIT seed="5,1,1,1,0,132" ten="285,120,214,371" oya="1" hai0="5,118,41,128,116,122,135,81,59,7,130,14,91" hai1="32,100,95,108,26,77,22,83,8,0,121,113,47" hai2="20,98,17,29,55,49,6,126,23,102,61,84,106" hai3="25,73,37,94,67,74,62,48,105,35,27,68,111"/><U2/><E121/><V44/><F126/><W109/><G105/><T30/><D41/><U16/><E113/><V115/><F115/><W69/><G94/><T120/><D59/><U28/><E108/><V57/><F6/><N who="0" m="2058" /><D91/><U119/><E119/><N who="0" m="45609" /><D81/><U4/><E47/><V114/><F114/><W124/><G124/><T64/><D64/><U18/><E2/><V9/><F84/><W34/><G48/><T51/><D51/><U31/><E18/><V71/><F71/><W123/><G67/><T45/><D45/><U63/><E63/><V134/><F134/><W40/><G62/><T86/><D86/><U39/><E39/><V19/><F29/><W21/><G21/><T104/><D104/><U110/><E110/><V117/><F117/><W60/><G60/><T65/><D65/><U33/><E31/><V76/><F76/><W96/><G96/><T93/><D93/><U50/><E50/><V125/><F125/><W87/><G87/><T129/><D135/><U3/><E3/><V66/><F9/><W99/><G99/><T43/><D43/><U112/><E112/><V24/><F98/><W46/><G46/><T92/><D92/><U13/><E95/><V131/><F106/><W42/><G37/><T56/><D56/><U12/><E100/><V79/><F102/><W97/><REACH who="3" step="1"/><G97/><REACH who="3" ten="285,120,214,361" step="2"/><T85/><D85/><N who="1" m="48367" /><E33/><V107/><F107/><W127/><G127/><T82/><D82/><U70/><E70/><V15/><F79/><W36/><G36/><T89/><D120/><AGARI ba="1,2" hai="25,27,34,35,40,42,68,69,73,74,109,111,120,123" machi="120" ten="25,8000,1" yaku="1,1,22,2,53,2" doraHai="132" doraHaiUra="38" who="3" fromWho="0" sc="285,-83,120,0,214,0,361,103" /><INIT seed="6,0,0,3,1,7" ten="202,120,214,464" oya="2" hai0="69,58,104,54,114,107,129,13,72,125,100,8,103" hai1="77,27,21,80,83,61,15,34,131,75,78,60,12" hai2="55,23,110,30,10,3,91,41,53,20,98,5,62" hai3="19,44,45,133,40,46,81,33,4,132,9,89,86"/><V50/><F110/><W29/><G19/><T128/><D72/><U87/><E131/><N who="0" m="50249" /><D69/><U2/><E34/><V14/><F41/><W18/><G18/><N who="0" m="8487" /><D114/><U63/><REACH who="1" step="1"/><E2/><REACH who="1" ten="202,110,214,464" step="2"/><V116/><F116/><W49/><G33/><T119/><D119/><U51/><E51/><V96/><F3/><W57/><G29/><T0/><D0/><U76/><E76/><V6/><F62/><W88/><G133/><T42/><D42/><U24/><E24/><V68/><F50/><W17/><G132/><T22/><D22/><U95/><E95/><V48/><F23/><W85/><G40/><T102/><D125/><U101/><E101/><V124/><F20/><W32/><G32/><T79/><D79/><U38/><E38/><V121/><F48/><AGARI ba="0,1" hai="48,54,58,100,102,103,104,107" m="8487,50249" machi="48" ten="30,2000,0" yaku="19,1,52,1" doraHai="7" who="0" fromWho="2" sc="202,30,110,0,214,-20,464,0" /><INIT seed="7,0,0,0,4,24" ten="232,110,194,464" oya="3" hai0="85,91,18,4,48,69,99,111,120,7,130,34,0" hai1="70,82,122,129,121,39,96,6,133,128,28,17,60" hai2="3,78,12,104,13,74,87,27,108,124,11,72,135" hai3="21,90,50,59,42,57,94,8,1,77,117,63,127"/><W2/><G117/><T102/><D120/><N who="1" m="46187" /><E39/><V46/><F104/><W62/><G127/><T64/><D34/><U25/><E82/><V118/><F108/><W106/><G106/><T29/><D111/><U79/><E96/><V73/><F118/><W76/><G21/><T44/><D130/><N who="1" m="50283" /><E79/><V132/><F124/><W51/><G42/><T119/><D64/><U109/><E60/><V75/><F46/><W103/><G103/><T32/><D44/><U112/><E70/><V55/><F55/><W80/><G8/><T16/><D48/><U71/><E71/><V20/><F87/><W45/><G45/><T49/><D85/><U113/><E109/><V95/><F95/><W101/><G80/><T5/><D49/><U10/><E17/><V31/><F78/><W107/><G101/><T68/><D16/><U41/><E41/><V38/><F38/><W47/><G107/><T37/><D18/><U131/><N who="1" m="50291" /><U126/><DORA hai="81" /><E126/><V67/><F67/><W93/><G47/><T98/><D68/><U115/><E133/><N who="2" m="51275" /><F75/><W92/><G92/><T56/><D69/><U58/><E58/><V116/><F116/><W89/><AGARI ba="0,0" hai="1,2,50,51,57,59,62,63,76,77,89,90,93,94" machi="89" ten="25,4800,0" yaku="0,1,22,2" doraHai="24,81" who="3" fromWho="3" sc="232,-16,110,-16,194,-16,464,48" owari="216,2.0,94,-41.0,178,-22.0,512,61.0" /></mjloggm>