<mjloggm ver="2.3"><GO type="169" lobby="0"/><UN n0="%E5%B0%B1%E6%B4%BB%E7%94%9F%40%E5%B7%9D%E6%9D%91%E8%BB%8D%E5%9B%A3" n1="%E9%BB%92%E7%8C%AB%40%E3%81%BA%E3%82%8D%E3%81%BA%E3%82%8D%E2%98%86" n2="%E3%81%8B%E3%81%8D" n3="%E5%AF%A1%E4%BA%BA" dan="17,18,16,16" rate="2199.85,2197.93,2084.85,2056.05" sx="M,F,M,M"/><TAIKYOKU oya="0"/><INIT seed="0,0,0,2,3,92" ten="250,250,250,250" oya="0" hai0="105,115,30,44,36,131,133,51,52,70,106,24,124" hai1="128,68,29,45,55,7,23,48,0,35,56,54,6" hai2="97,95,90,85,57,67,43,96,104,33,42,60,123" hai3="91,114,89,69,34,79,8,117,4,40,28,20,10"/><T88/><D115/><U37/><E35/><V15/><F123/><W2/><G69/><T100/><D131/><U63/><E128/><V119/><F119/><W53/><G114/><T77/><D133/><U122/><E122/><V82/><F33/><W71/><G71/><T93/><D124/><U129/><E129/><V19/><F104/><W116/><G79/><T3/><D3/><U38/><E0/><V83/><F83/><W59/><G40/><N who="2" m="15401" /><F82/><W132/><G132/><T31/><D36/><U107/><E107/><V18/><F18/><W125/><G34/><T81/><D70/><U99/><E99/><V5/><F5/><W112/><G4/><T126/><D126/><U118/><E118/><V134/><F134/><W25/><G125/><T50/><D50/><N who="1" m="29007" /><E23/><AGARI ba="0,0" hai="15,19,23,57,60,67,85,90,95,96,97" m="15401" machi="23" ten="30,3900,0" yaku="8,1,52,2" doraHai="92" who="2" fromWho="1" sc="250,0,250,-39,250,39,250,0" /><INIT seed="1,0,0,1,5,69" ten="250,211,289,250" oya="1" hai0="106,64,53,102,58,135,71,75,52,67,10,55,34" hai1="120,84,6,132,25,72,123,48,81,37,8,12,97" hai2="19,99,15,104,128,103,16,54,110,131,49,45,98" hai3="7,24,88,107,42,47,112,85,93,29,100,134,43"/><U26/><E72/><V39/><F110/><W111/><G134/><T76/><D135/><U79/><E132/><V113/><F113/><W68/><G111/><T63/><D34/><U2/><E2/><V51/><F99/><W122/><G122/><T119/><D119/><U96/><E37/><V89/><F89/><W87/><G112/><T78/><D75/><U20/><E25/><V65/><F65/><W46/><G7/><T115/><D115/><U133/><E133/><V73/><F73/><W90/><G68/><T3/><D102/><U60/><E60/><V44/><F39/><W125/><G125/><T17/><D106/><U1/><E1/><V11/><REACH who="2" step="1"/><F19/><REACH who="2" ten="250,211,279,250" step="2"/><W59/><G100/><T77/><D64/><U74/><E74/><V36/><F36/><W94/><G90/><T109/><D109/><U14/><E123/><V127/><F127/><W124/><G124/><T62/><D17/><U30/><E120/><V5/><F5/><W121/><G121/><T32/><D67/><U41/><E14/><V66/><F66/><W129/><G88/><T83/><D71/><U9/><E9/><V4/><F4/><W80/><G87/><T31/><D10/><U101/><E101/><V108/><F108/><W57/><G85/><T118/><D3/><U13/><E13/><V18/><F18/><W56/><G24/><T21/><D118/><U126/><E126/><V33/><F33/><W105/><G29/><T23/><D32/><U117/><E117/><V92/><F92/><W0/><G0/><T27/><D27/><U82/><E82/><V22/><F22/><RYUUKYOKU ba="0,1" sc="250,-15,211,15,279,15,250,-15" hai1="6,8,12,20,26,30,41,48,79,81,84,96,97" hai2="11,15,16,44,45,49,51,54,98,103,104,128,131" /><INIT seed="1,1,1,4,5,16" ten="235,226,294,235" oya="1" hai0="84,34,4,85,53,3,35,124,107,0,23,95,5" hai1="132,60,7,117,18,50,114,2,100,78,113,55,69" hai2="52,64,73,111,81,8,29,27,25,86,119,21,39" hai3="128,121,129,134,48,101,83,61,82,89,59,1,14"/><U70/><E7/><V97/><F111/><W17/><G1/><T38/><D38/><U115/><E2/><V110/><F110/><W54/><G121/><T109/><D109/><U6/><E6/><V36/><F119/><W123/><G101/><T74/><D107/><U96/><E117/><V44/><F73/><W19/><G19/><T37/><D37/><U49/><E78/><V76/><F64/><N who="3" m="38975" /><G134/><T99/><D74/><U125/><E132/><V130/><F130/><N who="3" m="50283" /><G89/><T87/><D53/><U13/><E125/><V92/><F8/><N who="3" m="6343" /><G123/><T98/><D124/><U118/><E118/><V75/><F75/><W105/><G105/><T133/><D133/><U42/><E70/><V68/><F68/><W120/><G120/><T28/><D28/><U12/><E69/><V122/><F122/><W103/><G103/><T106/><D106/><U80/><E13/><V30/><F44/><AGARI ba="1,1" hai="44,48,54,82,83" m="6343,50283,38975" machi="44" ten="30,1000,0" yaku="19,1" doraHai="16" who="3" fromWho="2" sc="235,0,226,0,294,-13,235,23" /><INIT seed="2,0,0,1,5,100" ten="235,226,281,258" oya="2" hai0="24,40,83,45,74,115,110,34,112,76,2,12,125" hai1="11,6,65,68,43,104,89,85,82,121,114,46,39" hai2="124,26,15,106,25,23,53,72,102,13,44,117,4" hai3="30,120,126,81,50,130,18,123,94,28,109,10,75"/><V118/><F72/><W64/><G64/><T55/><D110/><U62/><E114/><V57/><F124/><W49/><G109/><T116/><D125/><U17/><E121/><V107/><F44/><W19/><G94/><T36/><D116/><U0/><REACH who="1" step="1"/><E17/><REACH who="1" ten="235,216,281,258" step="2"/><V78/><F118/><W31/><G126/><T90/><D112/><U63/><E63/><V86/><F117/><W32/><G19/><T99/><D115/><U27/><E27/><V56/><F26/><W111/><G123/><T128/><D128/><U98/><E98/><V101/><F25/><W88/><G130/><T80/><D24/><U1/><E1/><V41/><F4/><W119/><G120/><T71/><D2/><U79/><E79/><V51/><F78/><W108/><G108/><T133/><D34/><U3/><E3/><V91/><F13/><W129/><G32/><T58/><D12/><U5/><E5/><V42/><F15/><W9/><G111/><T93/><D133/><U69/><E69/><V122/><F122/><W16/><G129/><T20/><D71/><U59/><E59/><V134/><F134/><W61/><G119/><T48/><D20/><U29/><E29/><V113/><F113/><W70/><G18/><T22/><D22/><U105/><AGARI ba="0,1" hai="0,6,11,39,43,46,62,65,68,82,85,89,104,105" machi="105" ten="30,8000,1" yaku="1,1,0,1,52,2,53,1" doraHai="100" doraHaiUra="37" who="1" fromWho="1" sc="235,-20,216,90,281,-40,258,-20" /><INIT seed="3,0,0,2,0,114" ten="215,306,241,238" oya="3" hai0="63,116,82,43,60,58,52,34,107,55,130,33,109" hai1="84,122,106,118,56,12,94,115,59,105,88,62,23" hai2="6,1,120,24,40,30,4,22,123,8,95,11,133" hai3="21,9,134,50,71,68,54,65,18,85,72,75,101"/><W103/><G134/><T124/><D107/><U2/><E2/><N who="2" m="23" /><F40/><W41/><G41/><T110/><D43/><U98/><E115/><V83/><F83/><W15/><G75/><T16/><D130/><U47/><E122/><N who="2" m="46635" /><F95/><W129/><G72/><T69/><D124/><U42/><E59/><V26/><F26/><W67/><G129/><T76/><D116/><U66/><E118/><V78/><F78/><W86/><G71/><T0/><D0/><U87/><E106/><V131/><F131/><W102/><G68/><T38/><D38/><U80/><E105/><V57/><F57/><N who="3" m="32983" /><G86/><T5/><D5/><U97/><E87/><V7/><F7/><N who="3" m="3519" /><G85/><T64/><D55/><U90/><E80/><V53/><F53/><W31/><G67/><T51/><D63/><U39/><E90/><V35/><F22/><W27/><G65/><T19/><D82/><U10/><E23/><V49/><F49/><W37/><G37/><T104/><D76/><U45/><E45/><V111/><F111/><N who="0" m="42506" /><D104/><U127/><E127/><V92/><F92/><W61/><G61/><T70/><D70/><U32/><E84/><V13/><F13/><W74/><G74/><T73/><D73/><U28/><E98/><V14/><F14/><W125/><G125/><T89/><D89/><U112/><E112/><V36/><F36/><W99/><G99/><T46/><D69/><U17/><E97/><V132/><AGARI ba="0,0" hai="1,6,11,24,30,35,132,133" m="46635,23" machi="132" ten="30,7900,0" yaku="13,1,23,1,34,2" doraHai="114" who="2" fromWho="2" sc="215,-20,306,-20,241,79,238,-39" /><INIT seed="4,0,0,3,4,60" ten="195,286,320,199" oya="0" hai0="42,56,53,34,69,35,22,74,116,79,32,111,84" hai1="58,63,97,41,75,78,122,48,131,73,95,14,89" hai2="83,81,15,66,92,127,85,82,103,77,19,52,134" hai3="26,80,90,120,12,132,5,133,24,44,130,72,102"/><T65/><D116/><U107/><E122/><V16/><F134/><N who="3" m="51819" /><G130/><T124/><D111/><U2/><E2/><V57/><F127/><W30/><G120/><T43/><D124/><U13/><E131/><V123/><F123/><W18/><G102/><T104/><D104/><U61/><E61/><N who="2" m="36007" /><F66/><W38/><G5/><T10/><D74/><U108/><E108/><V1/><F1/><W117/><G117/><T94/><D10/><U6/><E107/><V62/><F62/><W100/><G100/><T20/><D43/><U118/><E118/><V110/><F110/><W126/><G30/><T105/><D42/><U8/><E78/><V128/><F128/><W115/><G126/><T28/><D105/><U68/><E14/><V50/><F50/><W88/><G72/><T87/><D28/><U17/><E6/><V96/><F19/><W106/><G106/><T70/><D79/><U9/><E9/><AGARI ba="0,0" hai="9,15,16,77,81,82,83,85,92,96,103" m="36007" machi="9" ten="30,3900,0" yaku="8,1,54,2" doraHai="60" who="2" fromWho="1" sc="195,0,286,-39,320,39,199,0" /><INIT seed="5,0,0,5,1,122" ten="195,247,359,199" oya="1" hai0="60,108,39,89,47,0,98,43,99,71,37,125,45" hai1="113,91,11,38,3,30,61,28,7,110,24,114,130" hai2="126,105,51,117,17,75,31,67,56,22,70,15,42" hai3="78,13,102,93,115,127,118,95,21,88,41,64,26"/><U72/><E72/><V18/><F117/><W46/><G115/><N who="1" m="44042" /><E38/><V116/><F116/><W103/><G127/><T35/><D35/><U48/><E48/><V20/><F75/><W73/><G118/><T74/><D0/><U2/><E91/><V86/><F105/><W124/><G124/><T14/><D74/><U97/><E97/><V54/><F126/><W82/><G64/><T58/><D125/><U1/><E61/><V131/><F131/><W9/><G95/><T19/><D89/><U29/><E130/><V121/><F121/><W83/><G83/><T107/><D107/><U111/><E24/><V44/><F31/><W106/><G106/><T119/><D119/><U62/><E62/><V57/><F70/><W40/><G102/><T33/><D71/><U120/><E120/><V53/><F86/><W101/><G101/><T50/><D37/><U90/><E90/><V87/><F87/><W68/><G103/><T133/><D98/><U84/><E84/><V92/><F92/><W128/><G128/><T5/><D99/><U81/><E81/><V63/><F57/><W8/><G68/><T77/><D58/><U94/><E94/><V66/><F66/><W16/><G26/><AGARI ba="0,0" hai="15,17,18,20,22,26,42,44,51,53,54,56,63,67" machi="26" ten="30,2000,0" yaku="7,1,8,1" doraHai="122" who="2" fromWho="3" sc="195,0,247,0,359,20,199,-20" /><INIT seed="6,0,0,5,3,129" ten="195,247,379,179" oya="2" hai0="99,126,46,91,13,100,56,17,87,65,112,122,38" hai1="94,61,25,68,53,0,12,70,90,4,8,108,116" hai2="62,78,29,23,1,79,85,127,49,124,73,11,131" hai3="135,132,93,36,42,44,48,130,64,58,30,3,52"/><V14/><F73/><W114/><G130/><T121/><D112/><U20/><E108/><V113/><F113/><W54/><G114/><T72/><D72/><U105/><E105/><V76/><F131/><W77/><G3/><T81/><D126/><N who="2" m="48170" /><F1/><W117/><G117/><T51/><D38/><U33/><E116/><V125/><F125/><W84/><G30/><T120/><D65/><U123/><E123/><V9/><F49/><W28/><G28/><T35/><D56/><U27/><E27/><N who="2" m="16639" /><F62/><W80/><G64/><T21/><D35/><U37/><E37/><V118/><F118/><W10/><G10/><N who="2" m="3593" /><F14/><W41/><G41/><T55/><D120/><U71/><E33/><V60/><F60/><W32/><G32/><T67/><D67/><U107/><E107/><AGARI ba="0,0" hai="13,17,21,46,51,55,81,87,91,99,100,107,121,122" machi="107" ten="30,1000,0" yaku="7,1" doraHai="129" who="0" fromWho="1" sc="195,10,247,-10,379,0,179,0" /><INIT seed="7,0,0,1,2,9" ten="205,237,379,179" oya="3" hai0="88,32,8,117,38,77,95,1,52,4,21,46,58" hai1="114,84,24,16,71,64,105,68,122,41,65,134,56" hai2="124,13,126,33,80,25,14,5,74,113,106,42,123" hai3="72,132,62,133,18,2,43,116,0,75,89,69,36"/><W11/><G116/><T83/><D32/><U10/><E122/><V27/><F106/><W53/><G89/><T85/><D117/><U6/><E105/><V63/><F113/><W82/><G53/><T91/><D21/><U7/><E56/><V55/><F123/><W26/><G26/><T104/><D104/><U45/><E134/><N who="3" m="51818" /><G18/><T130/><D130/><U111/><E111/><V31/><F27/><W93/><G93/><T57/><D57/><U87/><E71/><V108/><F108/><W28/><G28/><T101/><D38/><U103/><E68/><V120/><F120/><W131/><G131/><T118/><D46/><U98/><E114/><V60/><F55/><W17/><G17/><T61/><D118/><U30/><E16/><V128/><F128/><W125/><G125/><T76/><D101/><U29/><E29/><V37/><F126/><W23/><G23/><T109/><D109/><U92/><E24/><V100/><F100/><W34/><G34/><T107/><D107/><U3/><E30/><V67/><F124/><W97/><G97/><AGARI ba="0,0" hai="1,4,8,52,58,61,76,77,83,85,88,91,95,97" machi="97" ten="30,3900,0" yaku="7,1,54,2" doraHai="9" who="0" fromWho="3" sc="205,39,237,0,379,0,179,-39" owari="244,4.0,237,-16.0,379,48.0,140,-36.0" /></mjloggm>