<mjloggm ver="2.3"><GO type="169" lobby="0"/><UN n0="%E3%82%AB%E3%83%9C%E3%83%81%E3%83%A3%E3%82%BF%E3%83%8D" n1="%E3%83%AA%E3%82%B5%E3%81%95%E3%81%BE" n2="%E3%82%A6%E3%83%AB%E3%83%88%E3%83%A9%E7%AB%8B%E7%9B%B4" n3="%46%75%72%75%79%61" dan="17,16,18,17" rate="2142.54,2078.61,2211.72,2156.86" sx="M,F,M,M"/><TAIKYOKU oya="0"/><INIT seed="0,0,0,1,0,106" ten="250,250,250,250" oya="0" hai0="67,124,93,22,63,123,33,113,37,96,25,13,118" hai1="92,117,131,98,16,87,57,45,73,83,11,88,50" hai2="81,14,79,17,70,102,53,95,32,44,101,26,133" hai3="40,35,18,97,5,47,3,132,100,64,78,24,34"/><T111/><D113/><U8/><E131/><V21/><F70/><W110/><G110/><T130/><D118/><U60/><E117/><V104/><F104/><W90/><G64/><T84/><D123/><U41/><E73/><V49/><F133/><W109/><G109/><T19/><D111/><U85/><E85/><V6/><F95/><W127/><G132/><T129/><D37/><U69/><E69/><V77/><F77/><W61/><G61/><T72/><D84/><U89/><REACH who="1" step="1"/><E16/><REACH who="1" ten="250,240,250,250" step="2"/><V29/><REACH who="2" step="1"/><F6/><REACH who="2" ten="250,240,240,250" step="2"/><W23/><G5/><T52/><D129/><U46/><E46/><V74/><AGARI ba="0,2" hai="14,17,21,26,29,32,44,49,53,74,79,81,101,102" machi="74" ten="20,12000,2" yaku="1,1,2,1,0,1,7,1,52,1,53,1" doraHai="106" doraHaiUra="107" who="2" fromWho="2" sc="250,-60,240,-30,240,140,250,-30" /><INIT seed="1,0,0,5,3,40" ten="190,210,380,220" oya="1" hai0="51,7,32,88,46,5,4,29,117,79,118,59,131" hai1="12,109,107,126,55,45,135,36,39,62,63,128,77" hai2="76,13,44,57,66,3,58,122,18,14,20,75,96" hai3="48,9,116,2,35,60,115,94,80,67,119,70,133"/><U54/><E107/><V71/><F3/><W11/><G115/><T41/><D131/><U86/><E128/><V30/><F30/><W25/><G133/><T64/><D79/><U78/><E135/><V127/><F122/><W125/><G125/><T83/><D29/><U17/><E126/><V100/><F127/><W124/><G124/><T129/><D32/><U110/><E86/><V106/><F71/><W108/><G108/><T91/><D129/><U23/><E12/><V101/><F101/><W31/><G80/><T111/><D111/><U65/><E23/><V0/><F0/><W97/><G48/><T132/><D132/><U28/><E28/><V85/><F75/><W112/><G112/><T24/><D24/><U21/><E21/><V53/><F66/><W103/><REACH who="3" step="1"/><G2/><REACH who="3" ten="190,210,380,210" step="2"/><T93/><D83/><U38/><E38/><V89/><F76/><W10/><AGARI ba="0,1" hai="9,10,11,25,31,35,60,67,70,94,97,103,116,119" machi="10" ten="30,4000,0" yaku="1,1,2,1,0,1,53,0" doraHai="40" doraHaiUra="33" who="3" fromWho="3" sc="190,-10,210,-20,380,-10,210,50" /><INIT seed="2,0,0,3,1,67" ten="180,190,370,260" oya="2" hai0="129,9,11,24,121,16,102,88,83,99,12,134,60" hai1="7,78,30,23,6,64,4,80,122,34,79,96,100" hai2="107,76,94,29,133,113,56,37,41,85,103,33,95" hai3="92,32,36,70,131,73,45,51,119,112,57,53,69"/><V116/><F116/><W42/><G73/><T5/><D121/><U91/><E34/><V63/><F113/><W38/><G119/><T74/><D134/><U59/><E122/><V98/><F133/><W90/><G112/><T48/><D129/><U93/><E91/><V2/><F2/><W125/><G131/><T49/><D60/><N who="1" m="37919" /><E80/><V106/><F106/><W0/><G0/><T18/><D74/><U17/><E30/><V110/><F110/><W39/><G125/><T15/><D5/><U89/><E89/><V25/><F41/><W75/><G32/><T14/><D14/><AGARI ba="0,0" hai="4,6,7,14,17,23,78,79,93,96,100" m="37919" machi="14" ten="30,1000,0" yaku="8,1" doraHai="67" who="1" fromWho="0" sc="180,-10,190,10,370,0,260,0" /><INIT seed="3,0,0,0,0,129" ten="170,200,370,260" oya="3" hai0="92,77,7,61,85,128,33,14,45,50,24,114,119" hai1="49,1,37,54,110,102,80,8,47,131,55,82,86" hai2="39,0,103,127,71,28,46,94,83,123,56,118,3" hai3="105,125,74,107,101,44,111,42,109,53,122,29,95"/><W64/><G122/><T48/><D119/><U13/><E131/><V134/><F56/><W70/><G125/><T18/><D128/><U12/><E110/><N who="3" m="41994" /><G74/><T51/><D114/><U10/><E1/><V22/><F46/><W68/><G29/><T96/><D33/><U116/><E37/><V67/><F28/><W52/><G95/><T60/><D24/><U126/><E126/><V79/><F94/><W25/><G25/><T66/><D7/><N who="1" m="3103" /><E102/><V19/><F103/><W135/><G135/><T63/><D66/><U81/><E116/><V43/><F134/><W5/><G5/><T117/><D117/><U27/><E27/><V99/><F127/><W15/><G15/><T58/><D58/><U20/><E20/><V133/><F133/><W100/><G100/><T121/><D121/><U132/><E132/><V98/><F3/><W112/><G112/><T78/><D45/><U97/><E97/><V40/><F0/><W65/><G101/><T4/><D4/><N who="1" m="3271" /><E55/><N who="3" m="21066" /><G70/><T69/><D69/><U26/><E26/><V2/><F2/><W75/><G75/><T30/><D30/><U90/><AGARI ba="0,0" hai="47,49,54,80,81,82,86,90" m="3271,3103" machi="90" ten="30,1100,0" yaku="8,1" doraHai="129" who="1" fromWho="1" sc="170,-3,200,11,370,-3,260,-5" /><INIT seed="4,0,0,4,0,128" ten="167,211,367,255" oya="0" hai0="71,3,54,100,15,55,93,98,101,39,108,133,21" hai1="113,104,106,122,43,52,92,50,44,62,8,82,10" hai2="22,30,58,0,38,63,6,49,13,2,110,26,112" hai3="60,83,96,124,24,109,80,68,130,103,61,77,89"/><T105/><D3/><U86/><E122/><V111/><F49/><W73/><G130/><T75/><D75/><U51/><E62/><V53/><F38/><W59/><G109/><T115/><D39/><U121/><E121/><V9/><F112/><W107/><G124/><T114/><D71/><U33/><E33/><N who="2" m="20695" /><F0/><W78/><G68/><T69/><D69/><U95/><E113/><N who="0" m="43017" /><D108/><U65/><E65/><V84/><F84/><W16/><G89/><T132/><D101/><U28/><E28/><V135/><F135/><N who="0" m="51786" /><D105/><U87/><E106/><V74/><F74/><W40/><G40/><T7/><D21/><U45/><E104/><V25/><F2/><W36/><G36/><T42/><D42/><U70/><E70/><V47/><F22/><N who="3" m="13383" /><G73/><T88/><D100/><U72/><E72/><V32/><F111/><W4/><G107/><T90/><D90/><N who="1" m="53343" /><E95/><V118/><F110/><W14/><G103/><T41/><D41/><U117/><E117/><V116/><F116/><W31/><G83/><T79/><D79/><AGARI ba="0,0" hai="8,10,43,44,45,50,51,52,79,82,86" m="53343" machi="79" ten="30,2000,0" yaku="8,1,54,1" doraHai="128" who="1" fromWho="0" sc="167,-20,211,20,367,0,255,0" /><INIT seed="5,0,0,0,0,111" ten="147,231,367,255" oya="1" hai0="118,7,57,133,106,2,13,14,129,79,22,18,96" hai1="12,91,33,116,80,94,27,70,62,112,90,115,32" hai2="97,67,120,132,8,108,9,72,130,65,3,68,75" hai3="134,1,15,93,46,37,119,99,30,74,124,38,87"/><U107/><E116/><V73/><F108/><W54/><G1/><T104/><D118/><U11/><E107/><V48/><F120/><W0/><G0/><T53/><D133/><U6/><E80/><V127/><F9/><W123/><G74/><T44/><D129/><U113/><E27/><V78/><F48/><W24/><G123/><T69/><D69/><U117/><E117/><V114/><F65/><W52/><G134/><T21/><D2/><U39/><E39/><V109/><F97/><W10/><G87/><T55/><D79/><U98/><E91/><V64/><F64/><AGARI ba="0,0" hai="6,11,12,32,33,62,64,70,90,94,98,112,113,115" machi="64" ten="40,12000,1" yaku="15,1,52,3" doraHai="111" who="1" fromWho="2" sc="147,0,231,120,367,-120,255,0" /><INIT seed="5,1,0,5,3,109" ten="147,351,247,255" oya="1" hai0="92,128,49,16,132,89,115,53,117,68,75,108,96" hai1="52,76,67,42,13,73,55,125,63,37,10,22,127" hai2="104,2,102,122,133,41,130,131,26,35,124,110,27" hai3="30,70,79,65,11,32,123,25,90,7,105,101,84"/><U111/><E111/><V3/><F41/><W38/><G123/><T86/><D108/><U112/><E112/><V0/><F110/><W40/><G79/><T9/><D117/><U94/><E22/><V33/><F102/><W48/><G38/><T29/><D75/><U20/><E20/><V74/><F104/><W39/><G39/><T80/><D132/><U28/><E28/><V99/><F99/><W66/><G66/><T23/><D128/><N who="2" m="49194" /><F74/><W54/><G40/><T88/><D68/><U24/><E24/><N who="2" m="9259" /><F122/><W121/><G101/><T21/><D29/><U107/><E107/><V14/><F133/><W6/><G105/><T118/><D118/><U19/><E94/><V85/><F85/><W120/><G121/><T60/><D60/><U64/><E64/><V116/><F116/><W91/><G120/><T81/><D81/><U100/><E100/><V5/><F124/><N who="1" m="47689" /><E42/><V34/><F14/><W56/><G84/><T77/><D115/><U134/><E37/><V106/><F106/><W51/><G91/><T36/><D36/><U114/><E114/><V93/><F93/><W12/><G90/><T82/><D82/><N who="1" m="45327" /><E134/><V72/><F72/><W97/><G97/><T98/><D98/><U78/><E78/><V45/><F45/><W87/><G87/><T103/><D103/><U69/><AGARI ba="1,0" hai="10,13,19,52,55,63,67,69" m="45327,47689" machi="69" ten="30,3000,0" yaku="18,1,54,1" doraHai="109" who="1" fromWho="1" sc="147,-11,351,33,247,-11,255,-11" /><INIT seed="5,2,0,4,2,22" ten="136,384,236,244" oya="1" hai0="76,120,30,31,24,27,113,54,28,129,35,63,126" hai1="116,119,69,66,97,39,11,62,73,36,26,40,15" hai2="128,5,92,41,9,135,47,111,33,58,64,71,125" hai3="94,17,117,7,1,79,78,43,102,118,88,133,103"/><U16/><E73/><V48/><F111/><W51/><G1/><T75/><D113/><U13/><E13/><V91/><F33/><W68/><G7/><T101/><D129/><U84/><E84/><V49/><F125/><W55/><G68/><T127/><D120/><U106/><E40/><V99/><F128/><W38/><G38/><T42/><D42/><U86/><E86/><V45/><F135/><W134/><G43/><T21/><D101/><N who="3" m="38409" /><G17/><N who="0" m="12335" /><D76/><N who="3" m="29225" /><G55/><T0/><D75/><U52/><E52/><N who="2" m="29727" /><F71/><W123/><G51/><T130/><D130/><U20/><E97/><V93/><F9/><W121/><G133/><T81/><D81/><U65/><E65/><V131/><F131/><W100/><N who="3" m="38417" /><W108/><DORA hai="29" /><G134/><T122/><D122/><N who="3" m="46601" /><G108/><T96/><D96/><AGARI ba="2,0" hai="88,94,96,117,118" m="46601,29225,38417" machi="96" ten="40,5200,0" yaku="34,2,54,1" doraHai="22,29" who="3" fromWho="0" sc="136,-58,384,0,236,0,244,58" /><INIT seed="6,0,0,0,2,53" ten="78,384,236,302" oya="2" hai0="79,106,13,107,65,29,44,11,103,112,100,83,2" hai1="54,114,78,87,108,55,6,46,1,26,34,58,77" hai2="98,69,99,45,85,130,63,102,128,134,41,120,30" hai3="5,28,75,135,4,86,27,40,117,8,56,93,95"/><V123/><F30/><W72/><G117/><T33/><D2/><U57/><E108/><V21/><F21/><W71/><G71/><T97/><D65/><U80/><E114/><V31/><F31/><W52/><G40/><T67/><D112/><U10/><E46/><V116/><F85/><W96/><G86/><T48/><D67/><U122/><E34/><V105/><F99/><W0/><G4/><T19/><D29/><U51/><E122/><N who="2" m="46635" /><F116/><W121/><G135/><T82/><D33/><U89/><E26/><V66/><F134/><W104/><G104/><T125/><D125/><U132/><E132/><V131/><F45/><W15/><G0/><T62/><D62/><AGARI ba="0,0" hai="1,6,10,51,54,55,57,58,62,77,78,80,87,89" machi="62" ten="30,3900,0" yaku="7,1,52,2" doraHai="53" who="1" fromWho="0" sc="78,-39,384,39,236,0,302,0" /><INIT seed="7,0,0,5,4,81" ten="39,423,236,302" oya="3" hai0="89,38,33,27,39,61,50,69,88,13,21,58,100" hai1="45,6,19,76,111,115,122,133,135,16,9,62,106" hai2="3,2,93,90,84,46,120,60,134,47,65,99,1" hai3="121,29,5,0,75,127,56,85,73,131,80,63,14"/><W125/><G121/><T77/><D33/><U78/><E111/><V117/><F117/><W105/><G105/><T83/><D69/><U97/><E122/><V64/><F120/><W42/><G0/><T132/><D38/><U31/><E115/><V104/><F134/><N who="1" m="51209" /><E31/><V10/><F10/><N who="3" m="4431" /><G131/><T26/><D39/><U55/><E106/><V68/><F104/><W12/><G42/><T8/><D100/><U98/><E19/><V41/><F65/><N who="3" m="39143" /><G12/><T114/><D114/><U96/><E16/><V102/><REACH who="2" step="1"/><F41/><REACH who="2" ten="39,423,226,302" step="2"/><W116/><G116/><T34/><D34/><U126/><E126/><V44/><F44/><W72/><G125/><T94/><D132/><U43/><E43/><V49/><F49/><W70/><G127/><T40/><D50/><N who="1" m="29135" /><E62/><V82/><AGARI ba="0,1" hai="1,2,3,46,47,60,64,68,82,84,90,93,99,102" machi="82" ten="30,4000,0" yaku="1,1,0,1,52,1,53,0" doraHai="81" doraHaiUra="22" who="2" fromWho="2" sc="39,-10,423,-10,226,50,302,-20" owari="29,-47.0,413,51.0,276,-12.0,282,8.0" /></mjloggm>