<mjloggm ver="2.3"><GO type="169" lobby="0"/><UN n0="%E3%81%BE%E3%81%93%E3%81%95%E3%81%A8%76%65%72%32" n1="%E3%81%BE%E3%81%A4%E3%82%86%E3%81%8D" n2="%E3%82%A6%E3%83%AB%E3%83%88%E3%83%A9%E7%AB%8B%E7%9B%B4" n3="%E3%83%AD%E3%83%83%E3%83%86%E9%9B%80%E7%90%83" dan="16,16,17,17" rate="2145.46,2182.56,2242.49,2160.63" sx="M,M,M,M"/><TAIKYOKU oya="0"/><INIT seed="0,0,0,1,1,67" ten="250,250,250,250" oya="0" hai0="49,46,7,114,9,107,2,24,77,40,44,125,122" hai1="59,109,106,50,10,112,15,13,80,56,38,76,97" hai2="60,105,123,82,20,33,108,72,21,73,14,58,53" hai3="132,119,43,128,124,115,5,52,37,79,101,1,100"/><T75/><D107/><U41/><E38/><V57/><F33/><W81/><G115/><T0/><D114/><U96/><E112/><V11/><F105/><W25/><G119/><T84/><D122/><U28/><E28/><V94/><F73/><N who="3" m="43247" /><G25/><T23/><D125/><U61/><E109/><V103/><F72/><W71/><G128/><T51/><D75/><U26/><E26/><V29/><F29/><W42/><G42/><T3/><D77/><U6/><E13/><V48/><F82/><W18/><G18/><T17/><REACH who="0" step="1"/><D84/><REACH who="0" ten="240,250,250,250" step="2"/><N who="1" m="48135" /><E106/><V110/><F123/><W133/><G124/><T89/><D89/><U111/><E111/><V68/><F108/><W19/><G101/><T85/><D85/><U98/><E98/><V113/><F110/><W130/><G100/><T92/><D92/><U22/><E97/><V36/><F94/><W131/><G131/><T118/><D118/><U104/><E96/><V126/><F103/><W64/><G130/><T120/><D120/><U35/><E104/><V66/><F126/><W63/><G133/><T70/><D70/><U78/><E78/><V16/><F113/><W135/><G132/><T91/><D91/><U69/><E69/><V54/><F36/><W93/><G135/><T4/><D4/><U127/><E6/><V129/><F129/><W116/><G93/><T45/><D45/><U117/><E127/><V27/><F68/><W74/><G74/><T31/><D31/><U86/><E86/><V83/><F58/><W121/><G121/><T65/><D65/><U12/><E117/><V39/><F66/><W99/><G64/><RYUUKYOKU ba="0,1" sc="240,30,250,-10,250,-10,250,-10" hai0="0,2,3,7,9,17,23,24,40,44,46,49,51" /><INIT seed="0,1,1,3,4,133" ten="270,240,240,240" oya="0" hai0="115,3,65,94,74,49,71,60,82,118,85,72,56" hai1="125,18,26,77,23,35,27,45,84,29,117,67,43" hai2="102,38,64,54,131,34,101,50,58,95,91,10,103" hai3="37,134,57,114,39,110,86,97,17,8,98,128,55"/><T66/><D115/><U109/><E117/><V107/><F38/><W15/><G114/><T88/><D3/><U124/><E67/><V16/><F34/><W30/><G134/><T121/><D118/><U100/><E100/><V76/><F76/><W113/><G113/><T51/><D121/><U41/><E109/><V7/><F131/><W90/><G110/><T52/><D65/><U96/><E96/><V53/><F64/><W4/><G128/><T79/><REACH who="0" step="1"/><D49/><REACH who="0" ten="260,240,240,240" step="2"/><U33/><E33/><V9/><F50/><W123/><G123/><T105/><D105/><U11/><E11/><V24/><F10/><W14/><G39/><T126/><D126/><N who="1" m="48747" /><E45/><V130/><F9/><W25/><G8/><T132/><D132/><U59/><E59/><V127/><F58/><W83/><G57/><T87/><AGARI ba="1,2" hai="51,52,56,60,66,71,72,74,79,82,85,87,88,94" machi="87" ten="20,12000,1" yaku="1,1,0,1,7,1,54,2,53,0" doraHai="133" doraHaiUra="28" who="0" fromWho="0" sc="260,143,240,-41,240,-41,240,-41" /><INIT seed="0,2,0,5,2,30" ten="403,199,199,199" oya="0" hai0="41,92,3,65,83,36,34,47,12,42,48,8,23" hai1="19,131,6,104,70,16,52,111,31,13,122,51,15" hai2="93,115,21,133,125,132,60,55,87,63,0,86,106" hai3="124,129,101,100,7,62,4,98,18,110,5,24,75"/><T37/><D65/><U68/><E122/><V35/><F106/><W69/><G75/><T20/><D3/><U11/><E104/><V95/><F21/><N who="3" m="13367" /><G69/><T71/><D71/><U58/><E131/><V73/><F55/><W91/><G110/><T107/><D107/><U50/><E111/><V128/><F73/><W74/><G74/><T116/><D116/><U79/><E79/><V103/><F103/><W130/><G124/><T2/><D2/><U56/><E31/><V77/><F77/><W39/><G39/><T38/><D41/><U90/><E6/><V66/><F66/><W33/><G33/><T64/><D64/><U44/><E90/><V9/><F9/><W45/><G45/><T14/><D34/><U118/><E118/><V27/><F27/><W76/><G76/><T84/><D92/><U121/><E121/><V78/><F78/><W135/><G62/><T1/><D1/><U113/><E113/><V94/><F0/><W126/><G135/><N who="2" m="51785" /><F35/><W17/><G17/><T32/><D32/><U134/><E134/><V59/><F115/><W89/><G126/><T72/><D72/><U28/><E28/><V25/><F25/><W26/><G26/><T119/><D119/><U46/><E11/><V114/><F114/><W22/><G22/><N who="0" m="8235" /><D8/><U85/><REACH who="1" step="1"/><E52/><REACH who="1" ten="403,189,199,199" step="2"/><N who="2" m="33895" /><F125/><W82/><G91/><T120/><D120/><U40/><E40/><V109/><F109/><W49/><G130/><T54/><D42/><U102/><E102/><V108/><F108/><W53/><G129/><T127/><D127/><U10/><E10/><V43/><F128/><W99/><G101/><RYUUKYOKU ba="2,1" sc="403,15,189,15,199,-15,199,-15" hai0="12,14,36,37,38,47,48,54,83,84" hai1="13,15,16,19,44,46,50,51,56,58,68,70,85" /><INIT seed="0,3,1,1,1,25" ten="418,204,184,184" oya="0" hai0="117,30,89,111,102,9,36,97,86,82,95,31,6" hai1="132,74,65,24,62,45,83,115,5,130,16,18,14" hai2="135,56,21,134,34,22,114,54,103,94,68,77,108" hai3="23,69,20,101,96,2,85,107,55,118,43,127,81"/><T32/><D36/><U88/><E115/><V79/><F68/><W98/><G118/><T67/><D117/><U71/><E130/><V128/><F34/><W87/><G2/><T113/><D113/><U119/><E119/><V63/><F114/><W99/><G69/><T80/><D32/><U33/><E132/><N who="2" m="50731" /><F108/><W0/><G0/><T53/><D111/><U93/><E45/><V58/><F58/><W109/><G127/><T100/><D67/><U124/><E124/><V7/><F7/><W106/><G43/><T37/><D37/><U104/><E104/><V76/><F128/><W70/><G70/><T47/><D102/><U11/><E74/><V29/><F29/><N who="0" m="10762" /><D6/><U59/><E83/><N who="0" m="31785" /><D9/><U105/><E105/><V90/><F103/><W3/><G101/><T17/><D17/><N who="1" m="6763" /><E33/><V61/><F79/><W133/><G107/><T66/><D66/><U1/><E71/><V120/><F77/><W84/><G106/><T91/><D86/><N who="1" m="52375" /><E1/><V75/><F75/><W126/><G109/><T64/><D64/><U92/><E24/><V41/><F76/><W13/><G133/><T4/><D4/><U48/><E5/><V27/><F22/><N who="3" m="8235" /><G81/><T73/><D73/><U57/><E11/><V129/><F21/><W19/><G3/><T35/><D35/><U8/><E8/><V46/><F129/><W28/><G126/><T121/><D121/><U60/><E65/><V112/><F120/><W52/><G28/><T123/><D123/><U12/><E12/><V51/><F112/><W38/><G38/><T42/><D42/><U110/><E110/><V26/><F41/><RYUUKYOKU ba="3,1" sc="418,15,204,-15,184,-15,184,15" hai0="47,53,89,91,95,97,100" hai3="13,19,52,55,84,85,87,96,98,99" /><INIT seed="0,4,1,3,5,107" ten="433,189,169,199" oya="0" hai0="90,134,71,31,3,0,108,92,51,61,35,4,63" hai1="103,133,128,113,18,34,32,19,74,97,85,112,40" hai2="11,70,118,20,9,125,46,45,96,39,10,5,123" hai3="17,78,88,94,33,80,91,55,76,120,135,115,110"/><T119/><D119/><U86/><E40/><V69/><F123/><W7/><G115/><N who="1" m="44106" /><E128/><V26/><F125/><W122/><G110/><T15/><D134/><U117/><E117/><V77/><F5/><W101/><G135/><T16/><D108/><U37/><E37/><V8/><F8/><W83/><G33/><N who="1" m="12906" /><E133/><V30/><F118/><W102/><G7/><T72/><D51/><U2/><E2/><V121/><F121/><N who="3" m="46699" /><G17/><N who="1" m="6154" /><E74/><V36/><F36/><W65/><G55/><T27/><D72/><U38/><E38/><V79/><F39/><W62/><G62/><T1/><D71/><U95/><AGARI ba="4,1" hai="85,86,95,97,103" m="6154,12906,44106" machi="95" ten="40,1500,0" yaku="11,1" doraHai="107" who="1" fromWho="1" sc="433,-11,189,37,169,-8,199,-8" /><INIT seed="1,0,0,5,4,6" ten="422,226,161,191" oya="1" hai0="95,38,122,102,46,81,94,115,49,125,133,42,9" hai1="52,2,74,119,32,20,69,47,79,105,44,73,60" hai2="84,72,123,99,53,41,21,11,131,57,23,8,127" hai3="22,67,113,118,19,120,45,50,121,5,29,90,17"/><U62/><E32/><V135/><F72/><W96/><G113/><T98/><D122/><U27/><E119/><V35/><F35/><W101/><G118/><T130/><D115/><U43/><E105/><V28/><F123/><W48/><G90/><T87/><D125/><U31/><E2/><V13/><F127/><W26/><G67/><T58/><D130/><U0/><E0/><V14/><F135/><W39/><G39/><T65/><D133/><U36/><E79/><V4/><F41/><W110/><G110/><T89/><D94/><U107/><E107/><V59/><F131/><W97/><G5/><T64/><D38/><U37/><E62/><V132/><F99/><W10/><G29/><T75/><D75/><U18/><E31/><V93/><F132/><W24/><G45/><T129/><D129/><U76/><E76/><V1/><F1/><W7/><G7/><T111/><D58/><N who="2" m="22026" /><F53/><W104/><G104/><T77/><D111/><U126/><E126/><V103/><F28/><W100/><REACH who="3" step="1"/><G22/><REACH who="3" ten="422,226,161,181" step="2"/><T68/><D68/><U70/><E70/><V12/><F4/><W112/><G112/><T88/><D65/><U128/><E128/><V109/><F109/><W51/><G51/><T134/><D64/><U83/><E69/><V61/><F61/><W34/><G34/><T63/><D134/><U30/><E30/><V54/><F103/><W114/><G114/><T78/><D63/><U71/><E71/><V15/><F23/><W40/><G40/><T25/><D77/><N who="1" m="44463" /><E60/><V33/><F33/><W3/><G3/><T66/><D66/><U108/><E108/><RYUUKYOKU ba="0,1" sc="422,-10,226,-10,161,-10,181,30" hai3="10,17,19,24,26,48,50,96,97,100,101,120,121" /><INIT seed="2,1,1,5,4,14" ten="412,216,151,211" oya="2" hai0="86,95,30,69,85,35,62,108,13,9,77,24,53" hai1="59,39,66,119,76,54,57,88,44,81,73,111,61" hai2="89,36,31,118,37,50,104,19,91,112,33,100,84" hai3="126,51,129,113,98,75,96,83,116,127,109,29,18"/><V72/><F72/><W22/><G109/><T94/><D108/><U120/><E111/><V67/><F118/><W122/><G116/><T60/><D62/><U5/><E119/><V132/><F112/><W8/><G122/><T99/><D77/><U128/><E120/><V26/><F132/><W6/><G113/><T63/><D60/><U43/><E128/><V16/><F67/><W93/><G29/><T42/><D42/><U45/><E45/><V117/><F117/><W121/><G129/><T28/><D28/><U23/><E23/><V1/><F1/><N who="3" m="79" /><G51/><T82/><D82/><U11/><E88/><V10/><F10/><W115/><G121/><T68/><D94/><U103/><E103/><V15/><F15/><N who="3" m="9567" /><G115/><T25/><D25/><U71/><REACH who="1" step="1"/><E54/><REACH who="1" ten="412,206,151,211" step="2"/><V125/><F91/><W131/><G131/><T133/><D53/><U48/><E48/><V2/><F50/><W97/><G127/><T40/><D133/><U3/><AGARI ba="1,2" hai="3,5,11,39,43,44,57,59,61,66,71,73,76,81" machi="3" ten="20,8000,1" yaku="1,1,0,1,7,1,25,2,53,0" doraHai="14" doraHaiUra="114" who="1" fromWho="1" sc="412,-21,206,103,151,-41,211,-21" /><INIT seed="3,0,0,5,0,16" ten="391,309,110,190" oya="3" hai0="47,14,91,7,132,131,10,64,21,1,85,30,46" hai1="94,134,117,124,83,27,133,97,57,95,102,118,88" hai2="76,110,77,3,49,67,9,13,114,129,120,35,32" hai3="29,54,106,107,62,122,82,125,34,42,45,23,80"/><W26/><G122/><T78/><D131/><U103/><E57/><V37/><F37/><W48/><G125/><T70/><D132/><N who="1" m="50795" /><E124/><V79/><F114/><W22/><G62/><T86/><D70/><U6/><E6/><V111/><F3/><W2/><G2/><T81/><D64/><U50/><E50/><V71/><F129/><W72/><G42/><T38/><D38/><U121/><E121/><V24/><F120/><W109/><G109/><N who="2" m="41481" /><F67/><W87/><G72/><T73/><D73/><U116/><E27/><V12/><F71/><W96/><G82/><T68/><D68/><U5/><E5/><V56/><F24/><W39/><G39/><T53/><D1/><U51/><E51/><V63/><F63/><W130/><G130/><T84/><D84/><N who="1" m="50207" /><E103/><V41/><F41/><W58/><G58/><T119/><D119/><N who="1" m="30467" /><U44/><DORA hai="100" /><E44/><V60/><F60/><W17/><G96/><T93/><D53/><U75/><E75/><V33/><F9/><W65/><G65/><T89/><D78/><N who="2" m="19970" /><V20/><DORA hai="135" /><F20/><W4/><G4/><T66/><REACH who="0" step="1"/><D66/><REACH who="0" ten="381,309,110,190" step="2"/><U99/><E99/><V104/><F56/><W0/><G0/><T105/><D105/><AGARI ba="0,1" hai="94,95,97,102,105" m="30467,50207,50795" machi="105" ten="40,12000,2" yaku="20,1,12,1,34,2,52,1,54,1" doraHai="16,100,135" who="1" fromWho="0" sc="381,-120,309,130,110,0,190,0" /><INIT seed="4,0,0,1,5,87" ten="261,439,110,190" oya="0" hai0="123,36,26,47,132,111,59,55,99,124,30,69,25" hai1="35,52,4,74,29,134,3,51,40,21,116,27,95" hai2="75,97,79,70,22,126,13,61,112,118,23,56,44" hai3="127,68,28,125,37,18,62,66,106,43,1,94,67"/><T65/><D123/><U14/><E116/><V15/><F70/><W82/><G106/><T78/><D111/><U77/><E40/><V76/><F112/><W38/><G1/><T24/><D124/><N who="3" m="47689" /><G43/><T109/><D132/><U31/><E134/><V53/><F126/><W34/><G67/><T96/><D109/><U93/><E77/><V33/><F33/><W50/><G50/><T81/><D30/><U32/><E74/><V71/><F71/><W48/><G48/><T83/><D69/><U86/><E35/><V84/><F75/><W12/><G82/><T120/><D120/><U63/><E63/><V45/><F118/><W135/><G135/><T103/><D65/><U110/><E110/><V20/><F97/><N who="0" m="37450" /><D36/><U114/><E31/><V54/><F84/><W101/><G94/><T104/><D104/><U39/><E86/><V107/><F107/><W19/><G101/><T108/><D47/><N who="2" m="17994" /><F56/><W128/><G128/><T115/><D103/><U92/><E39/><V121/><F61/><W57/><G68/><T131/><D108/><U60/><E60/><V113/><F121/><W8/><G38/><T88/><D131/><U7/><E3/><V100/><F100/><W105/><G37/><T72/><D115/><U2/><E2/><V49/><F113/><W11/><G105/><T9/><D9/><N who="1" m="4391" /><E114/><V10/><F10/><W46/><G8/><T42/><D42/><U6/><E32/><V117/><F117/><W0/><G0/><T73/><D73/><U90/><E29/><V98/><F98/><W91/><G28/><T130/><D130/><U64/><E64/><RYUUKYOKU ba="0,0" sc="261,0,439,0,110,0,190,0" /><INIT seed="5,1,0,5,1,59" ten="261,439,110,190" oya="1" hai0="123,46,76,48,0,16,120,15,9,69,83,62,134" hai1="125,71,95,33,26,42,99,115,106,74,57,28,5" hai2="84,86,121,37,124,116,18,63,110,19,98,1,77" hai3="3,25,12,11,43,7,129,108,39,131,127,30,10"/><U118/><E118/><V70/><F116/><W122/><G39/><T85/><D0/><U61/><E74/><V50/><F37/><W31/><G43/><T4/><D134/><U79/><E79/><V105/><F1/><W49/><G49/><T24/><D24/><U111/><E111/><V23/><F121/><W29/><G108/><T52/><REACH who="0" step="1"/><D4/><REACH who="0" ten="251,439,110,190" step="2"/><U104/><E5/><V90/><F110/><W68/><G122/><T109/><D109/><U119/><E26/><V75/><F124/><W60/><G127/><T17/><D17/><U93/><E125/><V38/><F18/><N who="3" m="8479" /><G25/><T91/><D91/><U8/><E119/><V103/><F90/><W113/><G30/><T20/><D20/><U130/><E28/><V88/><F88/><W72/><G31/><T54/><D54/><U58/><E33/><V35/><F23/><W40/><G29/><T32/><D32/><U102/><E42/><V44/><F19/><W92/><G40/><T135/><D135/><U128/><E8/><V14/><F35/><W101/><G10/><T34/><D34/><U117/><E117/><V96/><F14/><W22/><G22/><T133/><D133/><U87/><E130/><V64/><F77/><W51/><G7/><T78/><D78/><U112/><E128/><V41/><F38/><W2/><G131/><T126/><D126/><U56/><E115/><V21/><F21/><W66/><G129/><T13/><D13/><U36/><E36/><V114/><F114/><W89/><G113/><T82/><D82/><U45/><E112/><V100/><F75/><W81/><G72/><RYUUKYOKU ba="1,1" sc="251,15,439,-15,110,15,190,-15" hai0="9,15,16,46,48,52,62,69,76,83,85,120,123" hai2="41,44,50,63,64,70,84,86,96,98,100,103,105" /><INIT seed="6,2,1,4,5,123" ten="266,424,125,175" oya="2" hai0="73,35,134,91,119,108,19,83,61,66,24,107,86" hai1="133,39,121,77,30,94,34,15,37,122,111,21,65" hai2="3,89,16,50,129,59,2,68,132,93,47,117,6" hai3="80,110,20,125,27,41,22,78,70,113,9,76,0"/><V120/><F68/><W82/><G110/><T105/><D134/><U109/><E34/><V115/><F120/><N who="1" m="46185" /><E133/><V84/><F117/><W131/><G70/><T106/><D119/><U49/><E65/><V33/><F132/><W43/><G125/><T56/><D73/><U67/><E67/><V124/><F33/><W85/><G131/><T26/><D35/><U69/><E69/><V97/><F6/><W92/><G113/><T55/><D66/><U11/><E77/><V96/><F115/><W29/><G92/><T57/><D57/><U10/><E49/><V112/><F112/><W45/><G22/><T75/><D75/><U71/><E71/><V116/><F116/><W60/><G60/><T98/><D98/><U38/><E94/><V130/><F59/><W103/><G103/><T46/><D46/><U1/><E1/><V31/><F31/><W8/><G0/><N who="2" m="41" /><F124/><W135/><G135/><T100/><D100/><U54/><E54/><N who="2" m="30047" /><F16/><W126/><G126/><T72/><D72/><U88/><E88/><V52/><F52/><W17/><G17/><T53/><D53/><U51/><E51/><V79/><F79/><W118/><G118/><T23/><REACH who="0" step="1"/><D26/><REACH who="0" ten="256,424,125,175" step="2"/><N who="1" m="16719" /><E111/><AGARI ba="2,2" hai="19,23,24,55,56,61,83,86,91,105,106,107,108,111" machi="111" ten="40,5200,0" yaku="1,1,52,2,53,0" doraHai="123" doraHaiUra="5" who="0" fromWho="1" sc="256,78,424,-58,125,0,175,0" /><INIT seed="7,0,0,4,0,52" ten="334,366,125,175" oya="3" hai0="58,21,35,93,12,37,47,131,106,79,91,98,39" hai1="59,16,128,66,45,132,102,104,114,83,88,62,86" hai2="113,130,103,75,105,36,100,120,55,69,84,24,74" hai3="116,115,50,111,109,44,54,22,101,134,87,123,4"/><W17/><G123/><T19/><D35/><U49/><E128/><V20/><F130/><W67/><G115/><T72/><D131/><U64/><E114/><V5/><F113/><W25/><G134/><T97/><D79/><U43/><E132/><V15/><F69/><W94/><G116/><T63/><D72/><U56/><E104/><V81/><F36/><W121/><G121/><T126/><D126/><U34/><E34/><V85/><F120/><W92/><G4/><T32/><D32/><U117/><E117/><V46/><F105/><W65/><G94/><T29/><D29/><U122/><E122/><V89/><F75/><W9/><G9/><T13/><D13/><U3/><E3/><V42/><F74/><W108/><G87/><T0/><D0/><U99/><E16/><V6/><F42/><W27/><G27/><T129/><D129/><U70/><E66/><V10/><F5/><W30/><G17/><T23/><D23/><U127/><E127/><V110/><F110/><W125/><G125/><T61/><D61/><U96/><E102/><V38/><F38/><W14/><G14/><T8/><D8/><U60/><E60/><V124/><F124/><W26/><G26/><T28/><D28/><U7/><E7/><V2/><F2/><W1/><G1/><T48/><D106/><U135/><E135/><V118/><F118/><W77/><G109/><T71/><D71/><U11/><E11/><V95/><F81/><W73/><G111/><T90/><D98/><N who="1" m="37419" /><E70/><V18/><F84/><W53/><G108/><T57/><D39/><U80/><E83/><RYUUKYOKU ba="0,0" sc="334,-15,366,15,125,15,175,-15" hai1="43,45,49,56,59,62,64,80,86,88" hai2="6,10,15,18,20,24,46,55,85,89,95,100,103" owari="319,12.0,381,48.0,140,-36.0,160,-24.0" /></mjloggm>