<mjloggm ver="2.3"><GO type="169" lobby="0"/><UN n0="%EF%BC%9D%E9%B7%BA%E6%A3%AE%E7%81%BC%EF%BC%9D" n1="%E2%80%A0%E5%AE%88%E8%AD%B7%E5%A4%A9%E4%BD%BF%E2%80%A0" n2="%E3%82%A6%E3%83%AB%E3%83%88%E3%83%A9%E7%AB%8B%E7%9B%B4" n3="%E3%81%8B%E3%82%89%E3%81%A0%E3%81%AB%E3%83%94%E3%83%BC%E3%82%B9" dan="16,16,16,16" rate="2103.60,2131.62,2174.47,2051.26" sx="F,M,M,F"/><TAIKYOKU oya="0"/><INIT seed="0,0,0,2,0,98" ten="250,250,250,250" oya="0" hai0="109,83,99,63,126,12,26,14,107,105,74,90,135" hai1="25,62,4,120,67,79,42,121,23,103,58,133,81" hai2="75,102,68,28,44,49,119,111,19,108,85,84,112" hai3="31,39,0,51,34,92,3,50,93,18,30,71,10"/><T35/><D135/><U29/><E133/><V22/><F68/><W115/><G71/><T82/><D126/><U80/><E42/><V65/><F65/><W46/><G39/><T38/><D38/><U27/><E4/><V45/><F75/><W87/><G115/><T6/><D6/><U15/><E15/><V118/><F28/><W86/><G34/><T66/><D107/><U113/><E113/><V57/><F57/><W13/><G3/><T59/><D109/><N who="2" m="42058" /><F112/><W5/><G51/><T54/><D83/><U52/><E81/><V77/><F77/><W94/><G0/><T128/><D128/><U16/><E67/><V132/><F132/><W17/><G17/><T110/><D110/><U124/><E103/><V47/><F49/><W9/><G9/><T7/><D7/><U123/><E124/><V134/><F134/><W114/><G5/><T88/><D66/><U61/><E61/><V55/><F55/><N who="3" m="30167" /><G114/><T2/><D2/><U73/><REACH who="1" step="1"/><E123/><REACH who="1" ten="250,240,250,250" step="2"/><V101/><F119/><W72/><G13/><T100/><D12/><U41/><E41/><V78/><F118/><W130/><G130/><T24/><D14/><U43/><E43/><V33/><F78/><W53/><G93/><T64/><D64/><U1/><E1/><V106/><F106/><W21/><G92/><T104/><D104/><U129/><E129/><V32/><F102/><W36/><G94/><T131/><D131/><U11/><E11/><V117/><F101/><W89/><G10/><T48/><D63/><U116/><E116/><V91/><F117/><W96/><G53/><T8/><D8/><RYUUKYOKU ba="0,1" sc="250,-10,240,30,250,-10,250,-10" hai1="16,23,25,27,29,52,58,62,73,79,80,120,121" /><INIT seed="1,1,1,5,5,80" ten="240,270,240,240" oya="1" hai0="35,70,14,27,103,87,1,77,57,134,21,22,24" hai1="62,114,74,67,3,106,97,58,66,108,54,98,113" hai2="63,55,61,49,0,53,127,69,36,31,38,81,129" hai3="11,110,100,7,47,90,73,135,34,39,64,132,17"/><U9/><E74/><V26/><F0/><W19/><G110/><T96/><D70/><U91/><E108/><V76/><F127/><W30/><G64/><T125/><D1/><U121/><E121/><V15/><F129/><W20/><G100/><T37/><D37/><U44/><E98/><V28/><F15/><W45/><G73/><T51/><D35/><U109/><E109/><V18/><F18/><W60/><G60/><T104/><D134/><N who="3" m="51241" /><G90/><T101/><D101/><U75/><E75/><V107/><F107/><W92/><G92/><T124/><D14/><U130/><E130/><V78/><F26/><N who="3" m="18775" /><G39/><T41/><D41/><U32/><E32/><V79/><F79/><W83/><G83/><N who="0" m="47599" /><D27/><U56/><E44/><N who="3" m="16970" /><G20/><T82/><D82/><U128/><E128/><V95/><F81/><W72/><G72/><T112/><D22/><U2/><E67/><V46/><F46/><W50/><G50/><T126/><D51/><U40/><E66/><V23/><F23/><W8/><G8/><T111/><D111/><U116/><E9/><V118/><F49/><W99/><G99/><T71/><D71/><U131/><E131/><V88/><F95/><W5/><G5/><T68/><D68/><U65/><E65/><V10/><F69/><W13/><AGARI ba="1,1" hai="7,11,13,17,19" m="16970,18775,51241" machi="13" ten="30,1100,0" yaku="20,1" doraHai="80" who="3" fromWho="3" sc="240,-4,270,-6,240,-4,240,24" /><INIT seed="2,0,0,5,1,97" ten="236,264,236,264" oya="2" hai0="104,51,118,101,9,72,124,43,2,32,49,14,26" hai1="114,102,105,0,109,84,88,54,30,25,29,134,71" hai2="103,119,82,39,77,58,36,53,38,65,81,70,116" hai3="98,37,91,44,15,64,131,45,115,8,83,111,95"/><V107/><F81/><W75/><G111/><T100/><D2/><U74/><E114/><V128/><F128/><W79/><G131/><T123/><D123/><U112/><E112/><V22/><F65/><W57/><G115/><T69/><D72/><U48/><E74/><V42/><F70/><W60/><REACH who="3" step="1"/><G37/><REACH who="3" ten="236,264,236,254" step="2"/><T11/><D118/><U23/><E109/><V99/><F42/><W92/><G92/><T86/><D104/><U122/><E105/><V56/><F22/><W24/><G24/><T62/><D26/><U5/><E25/><V106/><F106/><W125/><G125/><T94/><D32/><U133/><E23/><V31/><F31/><W76/><G76/><T59/><D124/><U117/><E30/><V35/><F35/><W66/><G66/><N who="0" m="39263" /><D9/><U55/><E29/><V85/><REACH who="2" step="1"/><F58/><REACH who="2" ten="236,264,226,254" step="2"/><W47/><G47/><T68/><D68/><U12/><E71/><V50/><AGARI ba="0,2" hai="36,38,39,50,53,56,77,82,85,99,103,107,116,119" machi="50" ten="30,11700,0" yaku="1,1,2,1,0,1,52,1,53,0" doraHai="97" doraHaiUra="4" who="2" fromWho="2" sc="236,-39,264,-39,226,137,254,-39" /><INIT seed="2,1,0,3,5,63" ten="197,225,363,215" oya="2" hai0="94,92,122,91,20,27,134,115,116,126,6,8,31" hai1="119,96,102,109,54,121,3,21,97,22,93,16,78" hai2="130,33,32,52,29,133,24,100,118,66,117,56,132" hai3="106,77,76,26,131,101,124,28,13,10,11,125,98"/><V107/><F33/><W1/><G131/><T62/><D134/><N who="2" m="51818" /><F130/><W17/><G1/><T46/><D126/><N who="3" m="48745" /><G10/><T81/><D122/><U5/><E119/><V129/><F129/><W9/><G9/><T127/><D127/><U38/><E121/><V59/><F100/><W110/><G110/><T47/><D116/><U0/><E38/><V84/><F84/><W7/><G7/><T111/><D111/><U34/><E34/><AGARI ba="1,0" hai="11,13,17,26,28,34,76,77,98,101,106" m="48745" machi="34" ten="30,1000,0" yaku="18,1" doraHai="63" who="3" fromWho="1" sc="197,0,225,-13,363,0,215,13" /><INIT seed="3,0,0,1,1,56" ten="197,212,363,228" oya="3" hai0="100,3,52,20,67,35,51,34,50,103,94,16,71" hai1="53,88,44,6,5,58,24,63,7,82,23,129,128" hai2="102,61,98,85,10,131,45,86,126,69,89,14,92" hai3="106,12,109,75,116,25,11,81,119,96,22,77,70"/><W36/><G36/><T123/><D3/><U93/><E82/><V42/><F131/><W122/><G122/><T84/><D123/><U134/><E134/><V91/><F126/><W76/><G76/><T72/><D72/><U1/><E1/><V104/><F69/><W46/><G109/><T111/><D51/><U97/><REACH who="1" step="1"/><E44/><REACH who="1" ten="197,202,363,228" step="2"/><V87/><F45/><W99/><G46/><T80/><D111/><U49/><E49/><V105/><F105/><W18/><G119/><T120/><D120/><U28/><AGARI ba="0,1" hai="5,6,7,23,24,28,53,58,63,88,93,97,128,129" machi="28" ten="30,7900,0" yaku="1,1,0,1,52,1,54,1,53,0" doraHai="56" doraHaiUra="13" who="1" fromWho="1" sc="197,-20,202,89,363,-20,228,-39" /><INIT seed="4,0,0,1,0,109" ten="177,291,343,189" oya="0" hai0="58,4,64,133,97,81,124,36,49,32,29,93,107" hai1="94,16,6,7,50,130,13,129,20,55,119,26,85" hai2="74,90,43,23,125,63,46,79,41,73,71,116,24" hai3="37,5,123,54,106,126,110,89,83,67,18,34,27"/><T87/><D36/><U115/><E119/><V121/><F121/><W61/><G110/><T15/><D107/><U17/><E85/><V76/><F116/><W104/><G123/><T10/><D133/><U38/><E38/><V99/><F71/><W92/><G126/><T2/><D124/><U88/><E115/><V3/><F3/><W91/><G37/><T53/><D64/><U101/><E101/><V45/><F63/><W65/><G5/><T57/><D32/><U51/><E6/><V28/><F125/><W98/><G34/><T1/><D29/><U75/><E7/><V12/><F12/><W44/><G106/><T114/><D58/><U22/><E75/><V103/><F90/><W111/><G104/><T120/><D120/><U100/><E100/><V40/><F74/><W9/><G111/><T128/><D128/><N who="1" m="49259" /><E55/><V8/><F8/><W135/><G135/><T56/><D114/><U95/><E95/><N who="2" m="58879" /><F73/><W66/><G9/><T42/><D42/><U84/><AGARI ba="0,0" hai="13,16,17,20,22,26,50,51,84,88,94" m="49259" machi="84" ten="30,4000,0" yaku="19,1,54,2" doraHai="109" who="1" fromWho="1" sc="177,-20,291,40,343,-10,189,-10" /><INIT seed="5,0,0,5,5,95" ten="157,331,333,179" oya="1" hai0="118,6,5,77,46,75,27,85,97,88,43,15,22" hai1="84,120,73,10,119,61,66,60,48,4,16,124,123" hai2="90,50,49,132,53,134,8,7,131,55,91,3,34" hai3="135,17,81,116,129,117,11,25,87,96,44,26,37"/><U23/><E119/><N who="3" m="45642" /><G129/><T126/><D118/><U100/><E73/><V56/><F34/><W14/><G135/><N who="2" m="51753" /><F131/><W9/><G9/><T79/><D126/><U115/><E124/><V114/><F114/><W12/><G12/><T33/><D33/><U42/><E115/><V98/><F98/><W128/><G128/><T80/><D15/><N who="1" m="5575" /><E123/><V36/><F36/><W38/><G96/><T86/><D75/><U18/><E120/><V69/><F69/><W74/><G74/><T102/><D79/><U107/><E107/><V106/><F106/><W30/><G44/><AGARI ba="0,0" hai="3,7,8,44,49,50,53,55,56,90,91" m="51753" machi="44" ten="30,1000,0" yaku="20,1" doraHai="95" who="2" fromWho="3" sc="157,0,331,0,333,10,179,-10" /><INIT seed="6,0,0,5,0,132" ten="157,331,343,169" oya="2" hai0="117,76,75,95,84,78,27,122,106,104,100,47,77" hai1="16,34,73,131,70,69,110,5,92,86,127,54,79" hai2="32,64,114,81,29,71,119,103,55,116,4,74,130" hai3="41,87,128,105,11,25,49,60,134,14,48,18,65"/><V89/><F89/><W83/><G128/><T37/><D37/><U6/><E34/><V94/><F55/><W36/><G134/><T107/><D47/><U101/><E110/><V23/><F23/><W52/><G105/><N who="0" m="40555" /><D27/><U66/><E73/><V62/><F94/><W109/><G109/><T30/><D30/><U96/><E131/><V42/><F103/><W38/><G25/><T112/><D122/><U45/><E127/><V50/><F50/><W43/><G38/><T21/><D21/><U56/><E45/><V133/><F133/><W12/><G36/><T0/><D0/><U59/><E70/><V33/><F42/><N who="3" m="15883" /><G14/><T58/><D58/><U93/><E69/><V46/><F46/><W111/><G65/><T63/><D63/><N who="1" m="38271" /><E16/><V61/><F61/><W8/><G8/><T88/><D112/><U85/><E79/><N who="2" m="44279" /><F114/><W19/><G19/><T9/><D117/><N who="2" m="45130" /><F130/><W1/><G111/><T67/><D67/><U121/><E121/><V39/><F39/><W123/><G123/><T28/><D9/><U17/><E17/><V108/><F108/><W80/><G1/><T129/><D129/><U91/><E86/><V113/><F113/><W3/><G3/><T7/><D7/><U90/><E101/><V26/><F4/><W53/><G87/><T31/><D31/><U98/><E85/><V72/><F33/><W120/><G120/><T97/><D28/><U20/><E20/><V40/><F40/><W125/><G125/><T57/><D57/><U102/><E102/><V51/><F72/><AGARI ba="0,0" hai="72,75,76,77,78,84,88,95,97,100,107" m="40555" machi="72" ten="30,12000,2" yaku="35,5,54,1" doraHai="132" who="0" fromWho="2" sc="157,120,331,0,343,-120,169,0" /><INIT seed="7,0,0,2,4,34" ten="277,331,223,169" oya="3" hai0="81,58,101,26,100,28,74,114,56,60,7,113,99" hai1="44,33,42,79,63,115,41,12,120,20,94,132,105" hai2="22,126,124,116,21,133,106,30,97,92,90,19,51" hai3="6,84,14,37,93,131,111,2,123,29,127,76,59"/><W129/><G123/><T66/><D7/><U128/><E120/><V75/><F75/><W53/><G127/><N who="2" m="48681" /><F116/><W98/><G37/><T134/><D134/><U107/><E42/><V18/><F133/><W62/><G111/><T71/><D81/><U61/><E63/><V89/><F106/><W46/><G29/><T83/><D83/><U32/><E20/><N who="2" m="7787" /><F30/><W39/><G14/><T121/><D74/><U55/><E94/><N who="2" m="56527" /><F51/><W117/><G117/><T85/><D85/><AGARI ba="0,0" hai="18,19,85,90,92" m="56527,7787,48681" machi="85" ten="30,1000,0" yaku="18,1" doraHai="34" who="2" fromWho="0" sc="277,-10,331,0,223,10,169,0" owari="267,7.0,331,43.0,233,-17.0,169,-33.0" /></mjloggm>