<mjloggm ver="2.3"><GO type="169" lobby="0"/><UN n0="%E4%BB%B2%E5%B7%9D%E7%BF%94" n1="%E8%87%AA%E7%A7%B0%E6%9C%80%E5%BC%B7%E9%9B%80%E5%A3%AB%EF%BC%93" n2="%7A%65%72%6F%52%58" n3="%E3%83%88%E3%83%88%E3%83%AA%E5%85%88%E7%94%9F%31%39%E6%AD%B3" dan="16,16,17,18" rate="2064.58,2124.87,2109.21,2194.35" sx="M,M,M,F"/><TAIKYOKU oya="0"/><INIT seed="0,0,0,0,2,11" ten="250,250,250,250" oya="0" hai0="31,99,0,54,7,21,12,103,46,77,118,37,34" hai1="33,49,132,111,13,42,38,58,65,27,85,117,67" hai2="124,1,3,100,107,62,23,61,48,81,109,95,115" hai3="64,88,30,18,90,97,86,130,80,123,50,78,40"/><T32/><D118/><U6/><E117/><V120/><F115/><W19/><G130/><T92/><D77/><U121/><E132/><V104/><F109/><W96/><G123/><T105/><D0/><U87/><E121/><V110/><F110/><W112/><G112/><T72/><D72/><U22/><E33/><V60/><F81/><W10/><G30/><T93/><D105/><U45/><E38/><V70/><F70/><W28/><G28/><T128/><D128/><U83/><E111/><V133/><F120/><W39/><G39/><T59/><D93/><U25/><E85/><V53/><F133/><W24/><G64/><N who="1" m="24650" /><E58/><V122/><F124/><W15/><G40/><T63/><D31/><U126/><E126/><V89/><F100/><W75/><G50/><T98/><D98/><N who="3" m="37993" /><G75/><T17/><REACH who="0" step="1"/><D7/><REACH who="0" ten="240,250,250,250" step="2"/><U129/><E129/><V82/><F107/><W35/><G35/><T94/><D94/><U91/><E6/><V43/><F104/><W101/><G101/><T69/><D69/><U29/><E29/><V102/><F1/><W47/><G47/><T20/><D20/><AGARI ba="0,1" hai="10,15,18,19,20,24,78,80,86,88,90" m="37993" machi="20" ten="30,3900,0" yaku="8,1,52,1,54,1" doraHai="11" who="3" fromWho="0" sc="240,-39,250,0,250,0,250,49" /><INIT seed="1,0,0,1,3,39" ten="201,250,250,299" oya="1" hai0="120,98,35,65,81,116,119,113,70,22,25,105,29" hai1="37,61,62,102,109,60,115,14,90,11,106,80,30" hai2="68,79,23,42,8,112,31,123,54,87,76,27,83" hai3="26,91,21,94,104,50,131,111,78,38,64,15,45"/><U127/><E115/><V18/><F123/><W96/><G38/><T46/><D113/><U66/><E37/><V121/><F68/><W3/><G3/><T28/><D120/><U6/><E127/><V1/><F121/><W132/><G111/><T133/><D133/><U125/><E125/><V13/><F112/><W88/><G132/><T43/><D29/><U20/><E109/><V47/><F54/><W134/><G134/><T51/><D22/><U17/><E30/><V7/><F79/><W69/><G131/><T89/><D81/><U93/><E80/><V86/><F86/><W74/><G104/><T40/><D89/><U12/><E102/><V108/><F108/><W110/><G110/><T97/><D97/><U135/><E106/><V56/><F56/><W36/><G36/><T107/><D107/><U52/><E135/><V10/><F10/><W41/><G74/><T130/><D130/><U67/><REACH who="1" step="1"/><E52/><REACH who="1" ten="201,240,250,299" step="2"/><V16/><REACH who="2" step="1"/><F1/><REACH who="2" ten="201,240,240,299" step="2"/><W103/><G78/><T122/><D122/><U58/><E58/><V114/><F114/><W99/><G69/><T48/><D70/><U129/><E129/><V82/><F82/><W71/><G71/><T77/><D77/><U4/><E4/><V34/><F34/><W118/><G64/><T59/><D65/><U117/><E117/><V72/><F72/><W5/><G118/><T63/><D59/><U124/><E124/><V55/><F55/><W53/><G53/><T92/><D116/><U73/><E73/><V44/><F44/><W84/><G45/><T2/><D119/><U19/><E19/><V95/><F95/><RYUUKYOKU ba="0,2" sc="201,-15,240,15,240,15,299,-15" hai1="6,11,12,14,17,20,60,61,62,66,67,90,93" hai2="7,8,13,16,18,23,27,31,42,47,76,83,87" /><INIT seed="1,1,2,2,2,112" ten="186,255,255,284" oya="1" hai0="81,129,57,124,41,12,27,49,107,0,42,64,56" hai1="80,62,127,45,26,72,90,82,11,52,100,135,25" hai2="50,58,16,32,38,119,108,93,22,91,115,46,74" hai3="83,75,116,96,23,104,130,6,77,65,99,87,20"/><U89/><E135/><V30/><F74/><W55/><G130/><T1/><D107/><U94/><E127/><V60/><F38/><W54/><G65/><T39/><D39/><U44/><E72/><V117/><F108/><W85/><G6/><T4/><D129/><U51/><E62/><V13/><F115/><W47/><G75/><T105/><D105/><U15/><E44/><V59/><F30/><W111/><G104/><T134/><D124/><U19/><E100/><V101/><F101/><W34/><G34/><T29/><D81/><N who="1" m="31339" /><E90/><V84/><F32/><W67/><G67/><T97/><D0/><U70/><E70/><V110/><F110/><W10/><G111/><T133/><D1/><U61/><E61/><V120/><F120/><W106/><G106/><T63/><D57/><U36/><E36/><V33/><F33/><W79/><G83/><T92/><D49/><U14/><E14/><V122/><F122/><W114/><G47/><T40/><D12/><U126/><E126/><V37/><F37/><W132/><G132/><T98/><D134/><U18/><E18/><V131/><F131/><W76/><G76/><T109/><D109/><U17/><E17/><V128/><F128/><W102/><G102/><T9/><D92/><U35/><E35/><V66/><F59/><W2/><G2/><N who="0" m="151" /><D133/><U31/><E31/><V86/><F84/><AGARI ba="1,2" hai="11,15,19,25,26,45,51,52,84,89,94" m="31339" machi="84" ten="30,2900,0" yaku="8,1,54,1" doraHai="112" who="1" fromWho="2" sc="186,0,255,52,255,-32,284,0" /><INIT seed="1,2,0,2,5,80" ten="186,307,223,284" oya="1" hai0="99,72,96,38,56,34,50,110,78,70,87,16,44" hai1="109,43,17,65,7,112,33,108,130,21,75,92,105" hai2="71,81,53,132,51,114,47,11,133,84,111,37,22" hai3="106,128,79,62,13,15,25,119,115,54,9,48,118"/><U4/><E112/><V88/><F71/><W29/><G115/><T107/><D70/><U82/><E105/><V135/><F114/><W64/><G106/><T93/><D34/><U59/><E33/><V123/><F123/><W77/><G128/><T24/><D38/><U121/><E121/><V104/><F104/><W57/><G79/><T120/><D72/><U2/><E2/><V18/><F111/><N who="1" m="42569" /><E43/><V35/><F35/><N who="3" m="20911" /><G77/><T40/><D120/><U86/><E75/><V68/><F68/><N who="3" m="42007" /><G9/><T102/><D110/><U5/><E130/><V45/><F11/><W28/><G28/><T41/><D41/><U30/><E92/><V32/><F32/><W66/><G66/><T122/><D122/><U67/><E59/><N who="2" m="33215" /><F37/><W124/><G124/><T125/><D125/><U20/><E30/><V103/><F103/><W42/><G42/><T1/><D1/><U116/><E116/><AGARI ba="2,0" hai="13,15,48,54,57,116,118,119" m="42007,20911" machi="116" ten="30,1000,0" yaku="12,1" doraHai="80" who="3" fromWho="1" sc="186,0,307,-16,223,0,284,16" /><INIT seed="2,0,0,3,5,58" ten="186,291,223,300" oya="2" hai0="121,120,112,74,104,33,100,108,3,83,96,5,37" hai1="30,67,117,12,28,85,107,123,51,132,25,124,122" hai2="110,113,38,17,35,72,125,73,93,26,36,21,130" hai3="77,55,19,86,81,82,9,70,116,65,99,78,114"/><V135/><F113/><W129/><G114/><T34/><D112/><U76/><E117/><V49/><F135/><W118/><G129/><T47/><D108/><U6/><E107/><V4/><F130/><W71/><G55/><T18/><D18/><U89/><E124/><V84/><F125/><W94/><G19/><T131/><D131/><U7/><E76/><V53/><F110/><W95/><G9/><T23/><D23/><U105/><E105/><V24/><F4/><W98/><G86/><T32/><D3/><U111/><E111/><V109/><F38/><W106/><G106/><T60/><D5/><U44/><E132/><V127/><F36/><W41/><REACH who="3" step="1"/><G65/><REACH who="3" ten="186,291,223,290" step="2"/><T10/><D10/><U8/><E6/><V11/><F109/><W2/><G2/><T97/><D97/><U54/><E67/><V27/><F127/><W14/><G14/><T0/><D0/><U50/><E25/><V29/><F26/><W102/><G102/><T16/><D16/><U126/><E126/><V39/><F11/><W66/><G66/><T79/><REACH who="0" step="1"/><D60/><REACH who="0" ten="176,291,223,290" step="2"/><U46/><E30/><V69/><F17/><W75/><G75/><T1/><D1/><U48/><E28/><V45/><F73/><W103/><G103/><T57/><D57/><U115/><E115/><V133/><F72/><W52/><G52/><T62/><D62/><U87/><E54/><V91/><F133/><W42/><AGARI ba="0,2" hai="41,42,70,71,77,78,81,82,94,95,98,99,116,118" machi="42" ten="25,6400,0" yaku="1,1,0,1,22,2,53,0" doraHai="58" doraHaiUra="15" who="3" fromWho="3" sc="176,-16,291,-16,223,-32,290,84" /><INIT seed="3,0,0,2,0,61" ten="160,275,191,374" oya="3" hai0="86,55,17,99,52,85,95,49,129,8,37,117,13" hai1="18,23,84,45,75,68,26,14,100,135,30,87,32" hai2="88,69,92,48,119,53,2,65,1,20,70,12,125" hai3="44,89,96,46,91,111,76,74,73,54,113,25,107"/><W78/><G113/><T94/><D37/><U77/><E135/><V33/><F33/><W28/><G111/><T114/><D117/><U66/><E45/><V115/><F119/><W36/><G107/><T110/><D110/><U42/><E42/><V72/><F72/><W128/><G128/><T80/><D129/><U98/><E75/><V126/><F115/><W10/><G10/><T93/><D114/><U123/><E123/><V31/><F70/><W11/><G11/><T29/><D29/><U101/><E101/><V124/><F31/><W27/><G28/><T7/><D55/><U102/><E102/><V133/><F133/><W71/><G54/><T21/><D99/><U57/><E57/><N who="2" m="32935" /><F20/><W132/><G96/><T39/><D39/><U3/><E3/><V108/><F12/><W40/><G36/><T38/><D38/><U6/><E6/><V50/><F50/><W116/><G71/><T34/><D34/><U60/><REACH who="1" step="1"/><E77/><REACH who="1" ten="160,265,191,374" step="2"/><V81/><F108/><W43/><G116/><T47/><REACH who="0" step="1"/><D80/><REACH who="0" ten="150,265,191,374" step="2"/><U97/><E97/><N who="2" m="57479" /><F81/><W63/><G132/><T82/><D82/><U58/><E58/><V104/><F104/><AGARI ba="0,2" hai="14,18,23,26,30,32,60,66,68,84,87,98,100,104" machi="104" ten="30,12000,2" yaku="1,1,7,1,25,2,52,1,53,1" doraHai="61" doraHaiUra="22" who="1" fromWho="2" sc="150,0,265,140,191,-120,374,0" /><INIT seed="4,0,0,0,5,130" ten="150,405,71,374" oya="0" hai0="134,5,11,80,33,116,48,118,87,35,123,22,63" hai1="122,88,112,7,108,38,19,32,61,119,17,102,124" hai2="15,67,113,47,73,18,25,0,23,100,14,3,75" hai3="57,125,2,12,135,29,117,82,105,20,58,31,40"/><T106/><D123/><U99/><E122/><V95/><F113/><W90/><G117/><T21/><D106/><U72/><E108/><V74/><F67/><W121/><G2/><T4/><D48/><U1/><E119/><V96/><REACH who="2" step="1"/><F47/><REACH who="2" ten="150,405,61,374" step="2"/><W52/><G121/><T56/><D118/><U83/><E112/><V66/><F66/><W133/><G125/><T91/><D116/><U39/><E124/><V50/><F50/><W43/><G58/><T86/><D56/><U9/><E39/><V81/><F81/><W53/><G57/><T92/><D80/><U41/><E38/><V97/><F97/><W89/><G82/><T6/><D63/><U16/><E61/><V126/><F126/><W109/><G109/><T127/><D127/><U132/><E72/><V79/><F79/><W120/><G120/><T103/><D87/><U34/><E83/><V70/><F70/><W27/><G105/><T54/><D86/><U28/><E99/><V62/><F62/><W93/><G93/><T131/><D92/><U115/><E115/><V30/><F30/><W85/><G85/><T77/><D77/><U107/><E28/><V128/><F128/><W24/><G20/><T42/><D21/><U114/><E107/><V49/><F49/><W98/><G98/><T46/><D22/><U55/><E114/><V64/><F64/><W78/><G78/><T51/><D131/><U59/><E59/><V69/><F69/><W111/><G111/><T36/><D36/><U45/><E45/><V76/><F76/><W8/><G8/><T68/><D11/><U84/><E9/><RYUUKYOKU ba="0,1" sc="150,-15,405,-15,61,15,374,15" hai2="0,3,14,15,18,23,25,73,74,75,95,96,100" hai3="12,24,27,29,31,40,43,52,53,89,90,133,135" /><INIT seed="5,1,1,0,5,119" ten="135,390,76,389" oya="1" hai0="104,121,83,17,132,117,114,126,30,77,71,46,90" hai1="125,120,91,111,55,10,113,115,47,61,82,6,0" hai2="123,72,37,56,43,112,62,40,32,53,1,48,107" hai3="44,65,103,118,20,97,51,24,5,92,35,4,11"/><U58/><E120/><V7/><F107/><W45/><G35/><T23/><D71/><U25/><E111/><V28/><F72/><W52/><G118/><T38/><D104/><U8/><E125/><V102/><F102/><W84/><G65/><T12/><D117/><U2/><E25/><V96/><F96/><W54/><G84/><T22/><D126/><U13/><E47/><V73/><F73/><W86/><G86/><T26/><D132/><U15/><E82/><V124/><F124/><W78/><G78/><T34/><D90/><U14/><E91/><V70/><F40/><W33/><G33/><T131/><D131/><U74/><REACH who="1" step="1"/><E74/><REACH who="1" ten="135,380,76,389" step="2"/><V100/><F123/><W64/><G45/><T19/><D121/><U59/><E59/><V41/><F56/><W57/><G64/><T98/><D83/><U105/><E105/><V50/><F70/><W128/><G128/><T122/><D122/><U93/><E93/><V94/><F94/><W21/><G24/><T36/><D46/><U29/><E29/><V76/><F28/><W67/><G67/><T110/><D30/><U130/><E130/><V108/><F108/><W66/><G66/><T18/><D26/><U88/><E88/><V16/><F100/><W69/><G69/><T116/><D110/><U127/><E127/><V134/><F134/><W95/><G95/><T85/><D116/><U3/><E3/><V109/><F1/><W60/><REACH who="3" step="1"/><G4/><AGARI ba="1,2" hai="0,2,4,6,8,10,13,14,15,55,58,61,113,115" machi="4" ten="40,3900,0" yaku="1,1,9,1,53,0" doraHai="119" doraHaiUra="42" who="1" fromWho="3" sc="135,0,380,62,76,0,389,-42" /><INIT seed="5,2,0,1,0,70" ten="135,442,76,347" oya="1" hai0="26,45,121,105,34,60,49,119,1,20,50,51,59" hai1="81,132,74,39,76,100,130,2,77,128,99,71,55" hai2="56,104,46,75,94,84,32,14,62,35,89,134,127" hai3="17,44,78,41,18,29,53,93,66,96,129,106,85"/><U116/><E116/><V117/><F117/><W118/><G118/><T72/><D105/><U98/><E71/><V83/><F104/><W112/><G112/><T63/><D1/><U33/><E33/><V73/><F134/><W61/><G129/><N who="1" m="49770" /><E2/><V92/><F127/><W126/><G126/><T48/><D72/><U103/><E39/><V97/><F75/><W16/><G106/><T54/><D34/><U120/><E120/><V6/><F73/><W108/><G108/><T68/><D20/><U5/><E5/><V111/><F94/><W79/><G53/><T10/><D10/><U122/><E122/><V102/><F111/><W88/><G29/><T40/><D26/><U113/><E113/><V27/><F46/><W4/><G4/><T58/><D119/><U3/><E3/><V67/><REACH who="2" step="1"/><F27/><REACH who="2" ten="135,442,66,347" step="2"/><W43/><G96/><T82/><D121/><U7/><E132/><V37/><F37/><W90/><G44/><T123/><D123/><U11/><E99/><V110/><F110/><W95/><G95/><T135/><D135/><U107/><E98/><V47/><F47/><W124/><G124/><T65/><D82/><U80/><E107/><V109/><F109/><W31/><G93/><T15/><D15/><U115/><E115/><V64/><F64/><AGARI ba="2,1" hai="40,45,48,49,50,51,54,58,59,60,63,64,65,68" machi="64" ten="30,12000,2" yaku="7,1,35,6" doraHai="70" who="0" fromWho="2" sc="135,136,442,0,66,-126,347,0" owari="271,-13.0,442,54.0,-60,-56.0,347,15.0" /></mjloggm>