<mjloggm ver="2.3"><GO type="169" lobby="0"/><UN n0="%E3%82%A6%E3%83%AB%E3%83%88%E3%83%A9%E7%AB%8B%E7%9B%B4" n1="%74%61%74%73%75%37%30%32" n2="%73%68%6F%6F%74%33%39" n3="%77%61%77%61%33%30%33%30" dan="17,17,18,17" rate="2218.74,2274.06,2166.75,2224.43" sx="M,M,M,M"/><TAIKYOKU oya="0"/><INIT seed="0,0,0,2,5,89" ten="250,250,250,250" oya="0" hai0="56,11,28,46,121,98,118,49,35,92,51,37,113" hai1="20,52,61,23,65,13,17,47,8,84,111,16,48" hai2="105,112,57,73,94,70,43,134,104,14,7,123,26" hai3="82,101,41,44,124,129,55,12,4,18,85,131,96"/><T72/><D121/><U32/><E111/><V103/><F70/><W130/><G124/><T50/><D118/><U27/><E32/><V80/><F123/><W31/><G31/><T133/><D72/><U99/><E99/><V95/><F26/><W0/><G0/><T90/><D113/><U106/><E106/><V67/><F43/><W2/><G2/><T78/><D133/><U15/><E84/><V86/><F57/><W24/><G24/><T74/><D74/><U59/><REACH who="1" step="1"/><E27/><REACH who="1" ten="250,240,250,250" step="2"/><V135/><F104/><W91/><G96/><T40/><D35/><U88/><E88/><V128/><F105/><W76/><G91/><T45/><D78/><U125/><E125/><V68/><F73/><W119/><G85/><T39/><D28/><U126/><E126/><V122/><F103/><W87/><G101/><T132/><D132/><U97/><E97/><V30/><F134/><W38/><G87/><T71/><D98/><U75/><E75/><V107/><F86/><W64/><G129/><T93/><D90/><U58/><E58/><V108/><F128/><W5/><G130/><T1/><D71/><U36/><E36/><V77/><F68/><W79/><G38/><T25/><D25/><U116/><E116/><V109/><F77/><W42/><G131/><T33/><D33/><U9/><AGARI ba="0,1" hai="8,9,13,15,16,17,20,23,47,48,52,59,61,65" machi="9" ten="20,12000,2" yaku="1,1,0,1,7,1,9,1,8,1,54,2,53,0" doraHai="89" doraHaiUra="127" who="1" fromWho="1" sc="250,-60,240,130,250,-30,250,-30" /><INIT seed="1,0,0,0,2,116" ten="190,370,220,220" oya="1" hai0="117,30,28,131,24,69,7,128,43,98,35,119,37" hai1="97,85,99,110,34,100,126,38,71,73,33,70,68" hai2="79,2,132,107,113,135,46,59,3,82,120,114,45" hai3="53,20,102,5,8,84,123,15,78,62,22,125,27"/><U21/><E85/><V105/><F59/><W64/><G125/><T61/><D98/><U86/><E126/><V127/><F127/><W111/><G111/><T9/><D43/><U95/><E110/><V90/><F90/><W18/><G123/><T88/><D37/><U4/><E38/><V130/><F130/><N who="0" m="49706" /><D88/><U67/><E73/><V108/><F108/><W72/><G72/><T94/><D94/><U48/><E4/><V63/><F63/><W133/><G102/><T52/><D30/><U134/><E134/><N who="2" m="51243" /><F120/><W60/><G133/><T109/><D109/><U122/><E122/><V118/><F118/><W66/><G22/><T0/><D69/><U55/><E67/><N who="3" m="25642" /><G53/><T81/><D81/><AGARI ba="0,0" hai="5,8,15,18,20,27,60,62,78,81,84" m="25642" machi="81" ten="30,1000,0" yaku="8,1" doraHai="116" who="3" fromWho="0" sc="190,-10,370,0,220,0,220,10" /><INIT seed="2,0,0,3,3,25" ten="180,370,220,230" oya="2" hai0="44,69,88,110,68,81,57,67,90,108,46,1,85" hai1="65,34,106,131,66,116,12,83,36,27,119,127,134" hai2="16,102,22,58,107,20,26,7,111,98,84,5,77" hai3="33,73,29,126,56,109,70,120,135,37,101,14,38"/><V42/><F42/><W13/><G56/><T47/><D1/><U52/><E106/><V96/><F111/><W129/><G101/><T123/><D123/><U30/><E36/><V125/><F125/><W133/><G109/><N who="0" m="42091" /><D57/><U76/><E127/><V87/><F96/><W62/><G126/><T4/><D4/><U124/><E124/><V89/><F58/><W55/><G55/><T92/><D67/><U122/><E122/><V31/><F77/><W2/><G2/><T118/><D118/><U63/><E131/><V10/><F10/><W59/><G59/><T113/><D113/><U60/><E134/><V39/><F39/><W91/><G73/><T117/><D117/><U24/><E12/><V43/><F43/><W23/><G33/><T41/><D41/><U105/><E105/><V11/><F11/><W132/><G70/><N who="0" m="27243" /><D92/><U104/><E104/><V82/><REACH who="2" step="1"/><F87/><REACH who="2" ten="180,370,210,230" step="2"/><W72/><G132/><T0/><D0/><U95/><E76/><AGARI ba="0,1" hai="44,46,47,76,81,85,88,90" m="27243,42091" machi="76" ten="40,2600,0" yaku="14,1,54,1" doraHai="25" who="0" fromWho="1" sc="180,36,370,-26,210,0,230,0" /><INIT seed="3,0,0,3,5,56" ten="216,344,210,230" oya="3" hai0="5,8,81,123,63,77,14,79,58,121,84,16,55" hai1="87,12,104,17,10,34,110,108,66,99,26,40,86" hai2="54,100,49,111,118,6,2,129,41,24,57,60,131" hai3="134,95,97,119,135,15,112,126,127,125,61,124,27"/><W76/><N who="3" m="31744" /><DORA hai="62" /><W4/><G112/><T88/><REACH who="0" step="1"/><D5/><REACH who="0" ten="206,344,210,230" step="2"/><U69/><E40/><V36/><F6/><W101/><G119/><T25/><D25/><U103/><E110/><V109/><F118/><W39/><G27/><T132/><D132/><N who="3" m="50729" /><G39/><T98/><D98/><U59/><E108/><V43/><F24/><W70/><G76/><AGARI ba="0,1" hai="8,14,16,55,58,63,76,77,79,81,84,88,121,123" machi="76" ten="40,8000,1" yaku="1,1,52,1,54,2,53,0" doraHai="56,62" doraHaiUra="68,31" who="0" fromWho="3" sc="206,90,344,0,210,0,230,-80" /><INIT seed="4,0,0,0,0,117" ten="296,344,210,150" oya="0" hai0="42,39,116,23,9,95,76,35,86,54,107,96,124" hai1="22,111,93,84,71,110,73,119,81,10,21,97,98" hai2="108,64,65,82,70,89,126,106,100,2,129,18,40" hai3="112,14,15,38,19,68,131,101,133,0,34,134,37"/><T43/><D35/><U20/><E119/><V125/><F2/><W13/><G68/><T33/><D33/><U24/><E71/><V41/><F106/><W104/><G34/><T7/><D116/><U26/><E73/><V49/><F100/><W50/><G0/><T30/><D39/><U12/><E111/><V115/><F18/><W74/><G74/><T16/><D30/><U85/><E110/><V11/><F11/><W77/><G77/><T28/><D28/><U130/><E130/><V27/><F27/><W47/><G131/><T17/><D107/><U44/><E44/><V88/><F70/><W3/><G3/><T92/><D7/><N who="1" m="3167" /><E85/><V52/><F129/><W48/><G19/><T46/><D124/><N who="2" m="47722" /><F115/><W123/><G112/><T59/><D9/><U1/><E98/><V121/><F121/><W91/><G104/><T55/><D46/><U128/><E1/><V58/><F108/><W56/><G47/><T83/><D17/><U135/><E135/><V8/><F8/><W4/><G123/><T6/><D6/><U75/><E75/><V51/><F51/><W5/><G4/><T62/><D55/><U32/><E32/><V109/><F109/><W25/><G5/><T36/><D36/><U72/><E72/><V45/><F82/><W102/><G37/><T80/><D80/><U57/><E57/><V122/><F122/><W66/><G38/><T69/><D69/><U103/><E128/><V78/><F45/><W118/><G118/><T94/><D96/><U87/><E81/><V67/><F78/><W53/><G133/><T63/><D63/><RYUUKYOKU ba="0,0" sc="296,10,344,10,210,10,150,-30" hai0="16,23,42,43,54,59,62,76,83,86,92,94,95" hai1="20,21,22,24,26,84,87,93,97,103" hai2="40,41,49,52,58,64,65,67,88,89" /><INIT seed="4,1,0,2,4,112" ten="306,354,220,120" oya="0" hai0="109,23,81,95,19,118,107,121,77,20,9,43,105" hai1="55,17,93,10,94,38,106,26,124,4,69,110,41" hai2="51,27,97,113,99,78,44,28,127,100,45,71,62" hai3="40,13,129,18,133,103,80,75,0,116,102,92,114"/><T11/><D118/><U82/><E106/><V120/><F120/><W67/><G0/><T91/><D121/><U74/><E69/><V2/><F2/><W6/><G114/><T89/><D109/><U66/><E66/><V122/><F122/><W90/><G6/><T96/><D107/><U39/><E39/><V59/><F113/><W37/><G129/><T86/><D105/><U104/><E104/><V31/><F71/><W57/><G133/><T5/><D5/><U8/><E55/><V22/><F127/><W101/><G40/><T58/><D43/><U88/><E124/><V111/><F78/><W130/><G37/><T108/><D108/><U126/><E126/><V32/><F32/><W49/><G130/><T119/><D119/><U50/><E38/><V56/><F31/><W125/><G116/><T34/><D34/><U29/><E74/><V16/><F28/><W60/><G49/><T14/><D58/><U3/><E17/><V65/><F111/><W115/><G115/><T79/><D11/><U24/><E10/><V15/><F59/><W48/><G48/><T123/><D123/><U84/><E26/><V131/><F27/><W132/><G132/><T70/><D70/><U72/><E72/><V33/><F33/><W76/><G125/><T117/><D117/><U21/><REACH who="1" step="1"/><E110/><REACH who="1" ten="306,344,220,120" step="2"/><V85/><F131/><W135/><G135/><T134/><D134/><U68/><E68/><V61/><F65/><W54/><G67/><T7/><D19/><U46/><AGARI ba="1,1" hai="3,4,8,21,24,29,41,46,50,82,84,88,93,94" machi="46" ten="30,4000,0" yaku="1,1,0,1,54,1,53,0" doraHai="112" doraHaiUra="73" who="1" fromWho="1" sc="306,-21,344,53,220,-11,120,-11" /><INIT seed="5,0,0,2,5,37" ten="285,397,209,109" oya="1" hai0="65,85,56,64,105,96,4,53,71,95,49,32,124" hai1="94,6,111,79,46,7,36,80,125,67,13,23,55" hai2="122,30,48,82,69,102,73,5,83,15,131,97,115" hai3="29,72,31,35,9,62,8,11,100,34,61,134,58"/><U92/><E125/><V39/><F39/><W121/><G72/><T18/><D32/><U128/><E128/><V54/><F69/><W87/><G100/><T45/><D71/><U76/><E111/><V98/><F122/><W68/><G68/><T42/><D4/><U10/><E7/><V50/><F73/><W129/><G129/><T99/><D124/><U126/><E126/><V1/><F1/><W2/><G121/><T19/><D105/><U89/><E67/><V51/><F30/><W0/><G87/><T120/><D120/><U88/><E23/><V135/><F135/><W132/><G11/><T33/><D33/><U74/><E79/><V93/><F115/><W59/><AGARI ba="0,0" hai="0,2,8,9,29,31,34,35,58,59,61,62,132,134" machi="59" ten="25,3200,0" yaku="0,1,22,2" doraHai="37" who="3" fromWho="3" sc="285,-8,397,-16,209,-8,109,32" /><INIT seed="6,0,0,3,5,17" ten="277,381,201,141" oya="2" hai0="123,105,134,46,54,11,117,97,3,19,71,104,130" hai1="92,90,15,89,102,100,28,131,59,114,45,70,7" hai2="18,111,120,77,57,118,110,25,14,126,107,128,5" hai3="95,4,13,20,93,51,41,0,39,23,10,65,94"/><V115/><F107/><W43/><G39/><T84/><D97/><U53/><E70/><V78/><F118/><W9/><G65/><T101/><D11/><N who="1" m="4607" /><E114/><V103/><F115/><W60/><G60/><T96/><D84/><N who="1" m="52263" /><E131/><V64/><F128/><W76/><G76/><T72/><D54/><U34/><E34/><V124/><F103/><W47/><REACH who="3" step="1"/><G43/><REACH who="3" ten="277,381,201,131" step="2"/><T12/><D130/><U66/><E66/><V40/><F40/><W48/><G48/><T1/><D117/><U98/><E45/><V68/><F78/><W108/><G108/><T127/><D46/><U52/><E53/><V16/><F111/><W99/><G99/><T119/><D96/><U87/><E98/><V79/><F110/><W26/><G26/><T81/><D119/><U29/><E102/><V67/><F79/><W63/><G63/><T50/><D101/><U30/><E100/><V69/><F77/><W38/><G38/><T21/><D105/><U82/><E52/><V85/><F25/><W75/><G75/><T27/><D50/><U31/><E59/><V133/><F57/><W35/><G35/><T8/><D27/><U73/><E73/><V86/><F67/><W6/><AGARI ba="0,1" hai="0,4,6,9,10,13,20,23,41,47,51,93,94,95" machi="6" ten="30,7900,0" yaku="1,1,0,1,52,2,53,0" doraHai="17" doraHaiUra="49" who="3" fromWho="3" sc="277,-20,381,-20,201,-39,131,89" /><INIT seed="7,0,0,4,3,1" ten="257,361,162,220" oya="3" hai0="46,99,103,70,127,78,29,23,22,121,105,7,90" hai1="108,86,88,4,15,67,40,45,21,50,27,11,16" hai2="51,100,118,10,18,128,72,111,80,43,26,122,77" hai3="106,30,36,114,116,97,17,75,73,19,104,32,2"/><W66/><G116/><T47/><D23/><U25/><E108/><V125/><F118/><W69/><G36/><T39/><D47/><U38/><E67/><V79/><F111/><W74/><G114/><T68/><D90/><U123/><E123/><V129/><F122/><W92/><G2/><T81/><D22/><U119/><E119/><V57/><F100/><W59/><G69/><T48/><D29/><U91/><E38/><V113/><F113/><W20/><G32/><T31/><D31/><U115/><E115/><V102/><F102/><W52/><G66/><T62/><D62/><U94/><E91/><V8/><F125/><W126/><G126/><T60/><D60/><U9/><E9/><V56/><F26/><AGARI ba="0,0" hai="4,11,15,16,21,25,26,27,40,45,50,86,88,94" machi="26" ten="30,8000,1" yaku="7,1,8,1,52,1,54,2" doraHai="1" who="1" fromWho="2" sc="257,0,361,80,162,-80,220,0" owari="257,6.0,441,54.0,82,-42.0,220,-18.0" /></mjloggm>