<mjloggm ver="2.3"><GO type="169" lobby="0"/><UN n0="%66%75%6A%69%6D%75%72%61" n1="%E6%83%A3%E6%B5%81%E3%83%BB%E3%82%A2%E3%82%B9%E3%82%AB" n2="%E3%82%A6%E3%83%AB%E3%83%88%E3%83%A9%E7%AB%8B%E7%9B%B4" n3="%67%61%72%75%63%69%61" dan="16,16,17,16" rate="2158.09,2043.15,2158.10,2176.37" sx="M,M,M,M"/><TAIKYOKU oya="0"/><INIT seed="0,0,0,3,3,58" ten="250,250,250,250" oya="0" hai0="28,77,12,38,86,29,114,6,113,56,53,15,117" hai1="20,8,135,123,66,125,71,63,104,100,110,57,96" hai2="62,133,97,79,32,73,1,95,75,52,122,115,43" hai3="78,112,109,13,27,0,72,84,2,132,116,120,24"/><T64/><D38/><U130/><E123/><V68/><F122/><W19/><G120/><T42/><D117/><U14/><E110/><V49/><F115/><W10/><G112/><T48/><D114/><U103/><E130/><V134/><F32/><W23/><G72/><T34/><D113/><U21/><E135/><N who="2" m="51723" /><F1/><W31/><G116/><T106/><D106/><U36/><E36/><V67/><F43/><W37/><G37/><T41/><D64/><U18/><E125/><V22/><F22/><W88/><G109/><T87/><D34/><U51/><REACH who="1" step="1"/><E103/><REACH who="1" ten="250,240,250,250" step="2"/><N who="2" m="60863" /><F79/><W83/><G132/><T76/><D76/><U50/><E50/><V102/><F102/><W98/><G98/><T127/><D127/><U108/><E108/><V74/><F74/><W91/><G0/><T92/><D77/><U47/><E47/><AGARI ba="0,1" hai="47,49,52,62,67,68,73,75" m="60863,51723" machi="47" ten="30,3900,0" yaku="20,1,52,1,54,1" doraHai="58" who="2" fromWho="1" sc="250,0,240,-39,250,49,250,0" /><INIT seed="1,0,0,3,4,65" ten="250,201,299,250" oya="1" hai0="76,106,32,96,38,78,103,89,122,101,58,112,131" hai1="39,40,79,74,134,27,113,125,124,3,41,115,108" hai2="87,70,19,34,85,56,132,62,117,9,121,10,2" hai3="73,26,18,60,20,71,55,119,91,44,46,100,5"/><U133/><E3/><V61/><F34/><W97/><G73/><T35/><D38/><U75/><E27/><V114/><F117/><W52/><G119/><T29/><D112/><N who="1" m="43083" /><E108/><V99/><F121/><W72/><G72/><N who="1" m="27690" /><E79/><V37/><F37/><W68/><G5/><T95/><D122/><U120/><E120/><V42/><F114/><W4/><G4/><T14/><D14/><U30/><E30/><V43/><F132/><N who="1" m="50793" /><E39/><V111/><F111/><W57/><G91/><T53/><D29/><U63/><E63/><V0/><F19/><W59/><G44/><T69/><D32/><U118/><E118/><V50/><F50/><W80/><G46/><T64/><D35/><U36/><E36/><V48/><F48/><W67/><G80/><T90/><D76/><U107/><E107/><V83/><F83/><W49/><G67/><T6/><D78/><U126/><AGARI ba="0,0" hai="40,41,124,125,126" m="50793,27690,43083" machi="126" ten="50,12000,1" yaku="28,2,18,1,20,1" doraHai="65" who="1" fromWho="1" sc="250,-40,201,120,299,-40,250,-40" /><INIT seed="1,1,0,3,1,86" ten="210,321,259,210" oya="1" hai0="134,53,114,107,34,120,46,63,109,44,55,126,45" hai1="31,87,119,51,91,71,80,39,102,62,57,135,16" hai2="3,35,1,4,11,115,106,73,84,110,132,33,66" hai3="59,56,70,28,128,90,9,121,43,0,125,69,37"/><U7/><E39/><V85/><F110/><W61/><G121/><T99/><D34/><U131/><E119/><V96/><F132/><W112/><G112/><T26/><D109/><U17/><E135/><V123/><F123/><W64/><G125/><T94/><D107/><U93/><E31/><V30/><F115/><W19/><G128/><T29/><D114/><U68/><E68/><V36/><F36/><W6/><G28/><T130/><D120/><U49/><E7/><V129/><F129/><W58/><G70/><T38/><D38/><U113/><E113/><V52/><F73/><W41/><G37/><T74/><D74/><U32/><E32/><V117/><F106/><W25/><G25/><T22/><D126/><U12/><E71/><V48/><F1/><W76/><G76/><T101/><D130/><U50/><E131/><V108/><F3/><W75/><G75/><T27/><D134/><U15/><E15/><V111/><F33/><W14/><REACH who="3" step="1"/><G90/><REACH who="3" ten="210,321,259,200" step="2"/><T98/><D27/><U88/><E102/><V23/><F111/><W65/><G65/><T42/><D42/><U127/><E127/><V78/><F108/><W79/><G79/><T116/><D116/><U104/><E104/><V100/><F117/><W77/><G77/><T67/><REACH who="0" step="1"/><D99/><REACH who="0" ten="200,321,259,200" step="2"/><N who="1" m="57767" /><E12/><V40/><F35/><W89/><G89/><T124/><D124/><U47/><E47/><V122/><F122/><W18/><G18/><T133/><D133/><U83/><E83/><V10/><F96/><W92/><G92/><T72/><D72/><U20/><E17/><V105/><F105/><W95/><G95/><RYUUKYOKU ba="1,2" sc="200,15,321,-15,259,-15,200,15" hai0="22,26,29,44,45,46,53,55,63,67,94,98,101" hai3="0,6,9,14,19,41,43,56,58,59,61,64,69" /><INIT seed="2,2,2,5,4,16" ten="215,306,244,215" oya="2" hai0="62,134,72,123,97,2,59,1,113,25,18,129,79" hai1="56,69,55,8,102,94,76,32,26,45,95,110,84" hai2="108,46,7,104,91,43,44,67,115,105,21,20,131" hai3="24,22,15,77,128,109,49,107,120,57,114,70,92"/><V14/><F115/><W82/><G107/><T125/><D123/><U121/><E69/><V106/><F67/><W38/><G38/><T93/><D113/><U122/><E110/><V5/><F108/><W48/><G70/><T30/><D129/><U124/><E124/><V96/><F131/><W117/><G114/><T17/><D125/><U71/><E71/><V37/><F46/><W40/><G109/><T58/><D134/><U23/><E8/><V61/><F61/><W27/><G117/><T29/><D72/><U135/><E45/><V132/><F132/><W68/><G68/><T64/><D79/><U89/><E76/><V42/><F42/><W78/><G120/><N who="1" m="46186" /><E32/><V63/><F63/><W111/><G111/><T103/><D58/><U112/><E112/><V53/><F53/><W6/><G128/><T35/><D30/><N who="1" m="17759" /><E135/><V11/><REACH who="2" step="1"/><F5/><REACH who="2" ten="215,306,234,215" step="2"/><W73/><G40/><T10/><D10/><U36/><E36/><V75/><F75/><W31/><G73/><T100/><D2/><U51/><E102/><V3/><F3/><W80/><G6/><T9/><D1/><U119/><E119/><V28/><F28/><W130/><G130/><T81/><D9/><U41/><E41/><V60/><F60/><W52/><G48/><T65/><D103/><U54/><E54/><V19/><F19/><N who="0" m="7178" /><D65/><U90/><E51/><V39/><F39/><W0/><G0/><T12/><D12/><U74/><E74/><V118/><F118/><W33/><G15/><T34/><D34/><U126/><E55/><V116/><F116/><W127/><G127/><T88/><D100/><RYUUKYOKU ba="2,3" sc="215,15,306,-15,234,15,215,-15" hai0="25,29,35,59,62,64,81,88,93,97" hai2="7,11,14,20,21,37,43,44,91,96,104,105,106" /><INIT seed="2,3,3,0,0,101" ten="230,291,249,200" oya="2" hai0="134,5,87,17,73,39,56,21,105,54,85,42,110" hai1="48,61,19,15,89,58,50,120,41,80,113,45,133" hai2="125,9,81,35,32,47,7,132,10,28,8,52,23" hai3="24,116,59,135,3,11,95,93,74,49,92,40,26"/><V65/><F65/><W83/><G116/><T106/><D73/><U16/><E133/><V36/><F132/><W128/><G135/><T4/><D134/><U99/><E113/><V29/><F36/><W130/><G74/><T44/><D110/><U111/><E111/><V94/><F81/><W51/><G83/><T67/><D67/><U78/><E50/><N who="3" m="18954" /><G40/><T22/><D22/><U84/><E120/><V71/><F71/><W75/><G75/><T119/><D119/><U38/><E38/><V114/><F52/><W90/><G90/><T108/><D108/><U102/><E15/><N who="2" m="5535" /><F47/><W131/><G59/><T86/><D5/><AGARI ba="3,3" hai="3,5,11,24,26,92,93,95,128,130,131" m="18954" machi="5" ten="40,1300,0" yaku="19,1" doraHai="101" who="3" fromWho="0" sc="230,-22,291,0,249,0,200,52" /><INIT seed="3,0,0,5,2,128" ten="208,291,249,252" oya="3" hai0="134,82,12,133,31,67,50,75,21,23,35,87,0" hai1="112,115,90,45,113,114,56,101,89,77,109,39,124" hai2="88,9,54,85,42,84,11,24,105,20,62,92,72" hai3="46,52,107,53,16,80,79,58,43,103,108,116,106"/><W135/><G116/><T18/><D75/><U117/><E115/><V83/><F105/><W64/><G108/><T98/><D67/><U97/><E56/><N who="2" m="35095" /><F42/><W71/><G71/><T63/><D63/><U126/><E45/><V120/><F72/><W51/><G64/><T99/><D0/><U1/><E1/><V122/><F122/><W93/><G53/><T68/><D68/><U95/><E39/><V59/><F59/><W73/><G135/><N who="0" m="51723" /><D35/><U78/><E109/><V127/><F127/><N who="1" m="48681" /><E117/><V19/><F120/><W28/><G28/><T38/><D50/><U129/><E129/><V104/><F104/><W22/><G93/><T86/><D38/><U123/><E123/><V61/><F61/><W14/><REACH who="3" step="1"/><G103/><REACH who="3" ten="208,291,249,242" step="2"/><T2/><D2/><U37/><E101/><V27/><F27/><W100/><G100/><T125/><D125/><U111/><E111/><V32/><F32/><W110/><G110/><T8/><D31/><U44/><E114/><V94/><F94/><W10/><G10/><T4/><D18/><U130/><E113/><V49/><F49/><AGARI ba="0,1" hai="14,16,22,43,46,49,51,52,58,73,79,80,106,107" machi="49" ten="30,12000,1" yaku="1,1,7,1,54,2,53,1" doraHai="128" doraHaiUra="36" who="3" fromWho="2" sc="208,0,291,0,249,-120,242,130" /><INIT seed="3,1,0,2,5,30" ten="208,291,129,372" oya="3" hai0="64,97,16,111,57,31,86,26,58,107,118,8,74" hai1="108,2,100,49,102,112,77,113,50,90,132,53,71" hai2="15,19,135,73,10,48,33,110,105,119,80,14,94" hai3="6,43,42,114,116,27,125,65,12,109,36,66,45"/><W37/><G116/><T78/><D74/><U38/><E38/><V91/><F105/><W75/><G114/><T20/><D111/><U76/><E2/><V128/><F119/><W54/><G75/><T123/><D123/><U59/><E71/><V32/><F110/><W63/><G109/><T46/><D118/><U70/><E70/><V134/><F128/><W104/><G104/><T67/><D46/><U81/><E108/><V18/><F48/><W34/><G125/><T17/><D97/><U103/><E132/><N who="2" m="50731" /><F80/><W21/><G34/><N who="2" m="13417" /><F73/><W95/><G42/><T79/><D107/><U117/><E117/><V120/><F120/><W129/><G36/><T29/><D86/><U3/><E81/><V47/><F47/><W122/><G122/><T25/><D20/><U106/><E49/><V62/><F62/><W5/><G66/><T126/><REACH who="0" step="1"/><D8/><REACH who="0" ten="198,291,129,372" step="2"/><U4/><E106/><V124/><F124/><AGARI ba="1,1" hai="16,17,25,26,29,31,57,58,64,67,78,79,124,126" machi="124" ten="25,12000,2" yaku="1,1,2,1,22,2,54,1,53,2" doraHai="30" doraHaiUra="133" who="0" fromWho="2" sc="198,133,291,0,129,-123,372,0" /><INIT seed="4,0,0,4,3,127" ten="331,291,6,372" oya="0" hai0="100,15,67,50,48,39,108,7,93,99,114,8,4" hai1="23,75,82,49,9,26,63,34,95,132,51,120,119" hai2="58,66,54,104,70,59,44,133,105,126,80,134,38" hai3="10,25,37,83,5,78,86,19,69,12,74,89,13"/><T131/><D39/><U3/><E119/><V111/><F80/><W36/><G69/><T85/><D108/><U72/><E120/><V43/><F111/><W91/><G25/><T11/><D114/><U17/><E132/><N who="2" m="50795" /><F126/><W118/><G118/><T121/><D121/><U125/><E125/><V96/><F96/><W88/><REACH who="3" step="1"/><G74/><REACH who="3" ten="331,291,6,362" step="2"/><T124/><D124/><U87/><E34/><V1/><F1/><W29/><G29/><T56/><D131/><U45/><E72/><V76/><F76/><W92/><G92/><T71/><D71/><U112/><E112/><V41/><F41/><W32/><G32/><T28/><D28/><U6/><E75/><V18/><F18/><W81/><G81/><T98/><D98/><U102/><E63/><N who="2" m="38271" /><F70/><W107/><G107/><T130/><D130/><U52/><E95/><V60/><AGARI ba="0,1" hai="38,43,44,54,58,60,104,105" m="38271,50795" machi="60" ten="30,1100,0" yaku="20,1" doraHai="127" who="2" fromWho="2" sc="331,-5,291,-3,6,21,362,-3" /><INIT seed="5,0,0,4,0,68" ten="326,288,27,359" oya="1" hai0="29,135,57,108,70,120,95,113,1,72,31,36,26" hai1="106,47,103,109,22,128,121,129,74,51,49,44,15" hai2="76,92,116,114,5,93,34,65,94,104,8,66,56" hai3="118,43,58,123,71,40,115,88,3,50,6,77,130"/><U73/><E121/><V134/><F116/><W83/><G118/><T100/><D72/><U52/><E109/><V90/><F104/><W126/><G123/><T82/><D70/><U20/><E103/><V54/><F34/><W86/><G71/><T132/><D1/><U61/><E61/><V42/><F114/><W127/><G115/><T101/><D108/><U21/><E15/><V63/><F134/><N who="0" m="51242" /><D82/><U17/><E17/><V107/><F107/><W80/><G130/><N who="1" m="50282" /><E106/><V96/><F76/><W75/><G6/><T45/><D113/><U4/><E4/><V46/><F66/><W133/><G3/><T27/><D57/><U2/><E2/><V38/><REACH who="2" step="1"/><F65/><REACH who="2" ten="326,288,17,359" step="2"/><W98/><G133/><T125/><D120/><U64/><E64/><V48/><F48/><W37/><G37/><T79/><D79/><U59/><E51/><V97/><F97/><W55/><REACH who="3" step="1"/><G98/><REACH who="3" ten="326,288,17,349" step="2"/><T33/><D36/><U131/><E131/><V117/><F117/><W124/><AGARI ba="0,2" hai="40,43,50,55,58,75,77,80,83,86,88,124,126,127" machi="124" ten="30,8000,1" yaku="1,1,2,1,0,1,18,1,54,1,53,0" doraHai="68" doraHaiUra="0" who="3" fromWho="3" sc="326,-20,288,-40,17,-20,349,100" owari="306,11.0,248,-15.0,-3,-50.0,449,54.0" /></mjloggm>