<mjloggm ver="2.3"><GO type="225" lobby="0"/><UN n0="%48%69%74%6C%65%72" n1="%E3%82%A6%E3%83%AB%E3%83%88%E3%83%A9%E7%AB%8B%E7%9B%B4" n2="%57%69%6E%73%74%6F%6E" n3="%53%65%6E%61%72" dan="17,17,16,17" rate="2216.18,2110.52,2125.73,2147.46" sx="M,M,F,M"/><TAIKYOKU oya="0"/><INIT seed="0,0,0,3,1,12" ten="250,250,250,250" oya="0" hai0="80,123,82,105,93,125,111,3,18,14,99,23,89" hai1="74,128,103,73,76,67,58,117,87,86,129,109,69" hai2="47,38,57,79,91,107,78,62,8,10,133,15,77" hai3="81,32,56,51,35,60,83,116,19,132,41,61,135"/><T40/><D123/><U106/><E69/><V7/><F107/><W45/><G116/><T11/><D125/><U72/><E67/><V5/><F133/><N who="3" m="51275" /><G61/><T97/><D111/><U88/><E58/><V53/><F91/><W63/><G63/><T94/><D105/><U70/><E70/><V115/><F115/><W4/><G4/><T90/><D40/><U113/><E117/><V126/><F126/><W0/><G0/><T54/><D54/><U127/><E127/><V17/><F38/><W101/><G101/><T21/><D3/><U1/><E1/><V26/><F47/><W110/><G110/><T37/><D37/><U66/><E66/><V95/><F95/><W34/><G19/><T20/><AGARI ba="0,0" hai="11,14,18,20,21,23,80,82,89,90,93,94,97,99" machi="20" ten="30,11700,0" yaku="0,1,9,1,8,1,52,1" doraHai="12" who="0" fromWho="0" sc="250,117,250,-39,250,-39,250,-39" /><INIT seed="0,1,0,5,5,80" ten="367,211,211,211" oya="0" hai0="124,93,12,120,99,22,78,4,18,10,71,57,108" hai1="47,79,64,75,51,38,25,61,40,135,111,74,5" hai2="63,50,91,70,123,34,54,46,28,104,113,41,119" hai3="59,86,65,23,84,44,77,48,90,35,43,11,26"/><T97/><D120/><U98/><E135/><V62/><F104/><W21/><G35/><T132/><D71/><U6/><E111/><V30/><F123/><W96/><G11/><T29/><D132/><U9/><E5/><V19/><F113/><W60/><G77/><T76/><D108/><U66/><E66/><V37/><F119/><W128/><G128/><T94/><D29/><U83/><E98/><V131/><F131/><W87/><G26/><T72/><D72/><U67/><E25/><V115/><F115/><W55/><G65/><T118/><D124/><U17/><E17/><V109/><F109/><W58/><G58/><T117/><D57/><U106/><E106/><V101/><F101/><W13/><G13/><T31/><D31/><U69/><E67/><N who="2" m="41335" /><F63/><W2/><G2/><T110/><D110/><U95/><E95/><AGARI ba="1,0" hai="21,23,43,44,48,55,59,60,84,86,87,90,95,96" machi="95" ten="40,8000,1" yaku="8,1,52,3" doraHai="80" who="3" fromWho="1" sc="367,0,211,-83,211,0,211,83" /><INIT seed="1,0,0,2,4,130" ten="367,128,211,294" oya="1" hai0="135,67,58,126,132,9,32,104,37,26,84,93,134" hai1="42,2,8,38,79,11,86,111,131,23,13,22,98" hai2="19,121,43,59,1,65,77,110,28,92,133,3,4" hai3="56,53,60,97,55,85,76,39,14,103,41,25,117"/><U71/><E71/><V82/><F121/><W70/><G117/><T16/><D126/><U49/><E38/><V35/><F110/><W91/><G76/><T114/><D104/><U100/><E111/><V20/><F43/><W94/><G70/><T83/><D114/><U57/><E131/><V10/><F65/><W101/><G101/><T120/><D37/><U17/><E2/><V48/><F1/><W27/><G53/><T89/><D120/><U75/><E75/><V33/><F48/><W118/><G118/><T69/><D69/><U123/><E123/><V30/><F59/><W54/><G54/><T116/><D116/><U78/><E11/><V129/><F129/><W15/><G41/><T124/><D124/><U62/><E49/><V63/><F63/><W72/><G72/><T90/><D32/><U6/><E42/><V128/><F128/><W108/><G108/><T81/><D89/><U119/><E119/><V45/><F77/><N who="1" m="29193" /><E86/><V0/><F0/><W21/><G39/><T24/><D58/><U73/><E73/><V34/><F45/><W115/><G115/><T87/><D67/><N who="1" m="39375" /><E6/><V40/><F4/><W99/><G99/><T50/><D50/><U113/><E113/><V80/><F35/><W31/><G27/><N who="0" m="10283" /><D84/><U127/><E127/><V96/><F34/><W18/><G31/><T7/><D7/><U122/><E122/><V95/><F30/><W47/><G47/><T29/><D29/><U44/><E44/><V88/><F28/><W52/><G55/><T106/><D106/><AGARI ba="0,0" hai="14,15,18,21,25,52,56,60,85,91,94,97,103,106" machi="106" ten="30,2000,0" yaku="7,1,54,1" doraHai="130" who="3" fromWho="0" sc="367,-20,128,0,211,0,294,20" /><INIT seed="2,0,0,3,2,83" ten="347,128,211,314" oya="2" hai0="0,48,1,113,99,42,133,87,93,3,128,118,58" hai1="28,72,77,114,100,70,44,79,105,30,53,98,117" hai2="56,46,31,102,54,104,36,109,51,13,74,97,131" hai3="62,50,71,21,8,110,22,2,126,75,119,123,122"/><V26/><F131/><W95/><G119/><T66/><D113/><U9/><E114/><V39/><F74/><W67/><G110/><T76/><D128/><U134/><E117/><V35/><F109/><W90/><G75/><T80/><D118/><U89/><E70/><V65/><F65/><W55/><G126/><T91/><D133/><U130/><E134/><V63/><REACH who="2" step="1"/><F13/><REACH who="2" ten="347,128,201,314" step="2"/><W115/><G115/><T37/><D3/><U64/><E64/><V25/><F25/><W94/><G2/><T96/><D0/><U81/><E130/><V4/><F4/><W38/><G67/><T92/><D1/><U20/><E79/><V45/><F45/><W112/><G112/><T60/><D37/><U7/><E20/><V6/><F6/><W69/><G38/><T88/><D42/><U32/><E32/><V107/><F107/><W14/><G22/><T24/><D24/><U84/><E7/><V73/><F73/><W59/><G21/><T120/><D120/><U41/><E9/><V132/><F132/><W5/><G5/><T106/><D106/><U43/><E53/><V18/><F18/><W129/><G129/><T16/><D16/><U85/><E72/><V17/><F17/><W27/><G27/><T108/><D108/><U116/><E116/><V82/><F82/><W127/><G122/><T111/><D111/><U103/><E43/><V40/><AGARI ba="0,1" hai="26,31,35,36,39,40,46,51,54,56,63,97,102,104" machi="40" ten="20,3900,0" yaku="1,1,0,1,7,1,53,0" doraHai="83" doraHaiUra="121" who="2" fromWho="2" sc="347,-13,128,-13,201,49,314,-13" /><INIT seed="2,1,0,2,0,132" ten="334,115,250,301" oya="2" hai0="57,17,16,102,81,51,117,105,135,13,26,134,101" hai1="95,5,30,93,113,94,23,4,63,122,96,121,33" hai2="128,106,59,27,41,15,14,25,104,88,67,100,82" hai3="78,50,9,22,87,40,37,62,56,114,12,18,29"/><V133/><F133/><N who="0" m="50698" /><D117/><U120/><E113/><V124/><F128/><W52/><G114/><T19/><D105/><U119/><E119/><V35/><F35/><W98/><G37/><T32/><D13/><N who="2" m="4618" /><F104/><W38/><G38/><T0/><D0/><U61/><E33/><V31/><F106/><W48/><G98/><T46/><D57/><U131/><E96/><V10/><F100/><W66/><G40/><N who="0" m="25031" /><D81/><U11/><E131/><V34/><F41/><W74/><G74/><T58/><D58/><U92/><N who="1" m="23552" /><DORA hai="116" /><U109/><E109/><V127/><F59/><W2/><G66/><T75/><D75/><U60/><E11/><V72/><F67/><W8/><G2/><T108/><D108/><U3/><E3/><V7/><F10/><N who="3" m="4203" /><G29/><AGARI ba="1,0" hai="16,17,19,26,29,32,101,102" m="25031,50698" machi="29" ten="30,2000,0" yaku="20,1,54,1" doraHai="132,116" who="0" fromWho="3" sc="334,23,115,0,250,0,301,-23" /><INIT seed="3,0,0,1,3,66" ten="357,115,250,278" oya="3" hai0="68,4,58,18,33,17,34,53,126,31,11,91,86" hai1="65,87,6,115,7,32,122,43,88,129,123,16,77" hai2="118,47,61,90,110,111,105,54,99,70,107,52,82" hai3="94,0,71,120,36,109,121,112,72,133,8,116,74"/><W134/><RYUUKYOKU type="yao9" ba="0,0" sc="357,0,115,0,250,0,278,0" hai3="0,8,36,71,72,74,94,109,112,116,120,121,133,134" /><INIT seed="3,1,0,5,3,66" ten="357,115,250,278" oya="3" hai0="101,110,55,123,106,28,115,25,124,5,4,130,90" hai1="36,59,9,21,65,40,74,95,16,105,14,10,119" hai2="8,50,30,113,78,63,108,49,15,120,92,0,45" hai3="100,109,73,99,97,121,134,128,81,32,87,3,2"/><W39/><G121/><T38/><D123/><U57/><E105/><V68/><F120/><W27/><G39/><T79/><D38/><U11/><E119/><V93/><F113/><W26/><G73/><T135/><D79/><U52/><E74/><V70/><F0/><W48/><G134/><T33/><D135/><U43/><E36/><V94/><F108/><W44/><G109/><T61/><D110/><U41/><E65/><V58/><F30/><W47/><G128/><T76/><D76/><U75/><E75/><V114/><F78/><W46/><G48/><T13/><D90/><U19/><E95/><V67/><F114/><W111/><G111/><T117/><D117/><U71/><E71/><V64/><F64/><W98/><G100/><T34/><D34/><U86/><E86/><V7/><REACH who="2" step="1"/><F49/><REACH who="2" ten="357,115,240,278" step="2"/><W31/><REACH who="3" step="1"/><G27/><REACH who="3" ten="357,115,240,268" step="2"/><T6/><D115/><U84/><E84/><V35/><F35/><W116/><G116/><T1/><D130/><U102/><E102/><V80/><F80/><W42/><G42/><AGARI ba="1,2" hai="7,8,15,42,45,50,58,63,67,68,70,92,93,94" machi="42" ten="40,5200,0" yaku="1,1,52,2,53,0" doraHai="66" doraHaiUra="122" who="2" fromWho="3" sc="357,0,115,0,240,75,268,-55" owari="357,45.0,115,-38.0,315,12.0,213,-19.0" /></mjloggm>