<mjloggm ver="2.3"><GO type="169" lobby="0"/><UN n0="%E7%84%9A%E3%81%8D%E7%81%AB" n1="%E6%AF%94%E5%98%89%E7%A7%80%E4%BB%81" n2="%E5%B0%B1%E6%B4%BB%E7%94%9F%40%E5%B7%9D%E6%9D%91%E8%BB%8D%E5%9B%A3" n3="%4B%6F%48" dan="18,16,16,16" rate="2247.24,2129.03,2116.43,2046.04" sx="M,M,M,F"/><TAIKYOKU oya="0"/><INIT seed="0,0,0,5,2,112" ten="250,250,250,250" oya="0" hai0="40,77,20,103,61,6,113,90,32,0,130,102,38" hai1="27,62,1,52,25,4,126,115,86,93,31,117,42" hai2="94,28,21,17,34,120,67,129,50,22,43,133,122" hai3="16,45,8,75,55,10,53,105,110,11,5,98,64"/><T59/><D113/><U3/><E115/><V7/><F129/><W125/><G75/><T128/><D32/><U54/><E126/><V73/><F73/><W82/><G82/><T30/><D0/><U29/><E42/><V101/><F133/><W87/><G87/><T96/><D6/><U14/><E93/><V23/><F7/><W135/><G64/><T121/><D121/><U97/><E97/><V134/><F134/><W83/><G83/><T41/><D30/><U46/><E86/><V58/><F34/><W19/><G5/><T71/><D71/><U80/><E80/><V33/><F33/><W66/><G66/><T106/><D103/><U104/><E104/><V116/><F28/><W13/><G110/><T72/><D20/><U56/><E14/><V60/><F17/><W76/><G76/><T81/><D38/><U70/><E70/><V24/><F24/><W91/><G125/><T109/><D109/><U114/><E114/><V88/><F101/><W131/><G131/><N who="0" m="50219" /><D90/><U69/><E69/><V85/><F120/><W118/><G91/><T99/><D99/><U124/><E124/><V63/><F122/><W37/><G37/><T108/><D108/><U36/><E4/><V51/><F23/><W89/><G10/><T119/><D119/><U49/><E36/><V107/><F22/><W100/><G118/><T35/><D35/><N who="1" m="20911" /><E117/><V78/><F116/><W127/><G127/><T44/><D44/><U68/><E68/><N who="2" m="42087" /><F21/><W79/><G8/><T26/><D26/><U65/><E65/><AGARI ba="0,0" hai="40,41,59,61,65,72,77,81,96,102,106" m="50219" machi="65" ten="30,1500,0" yaku="19,1" doraHai="112" who="0" fromWho="1" sc="250,15,250,-15,250,0,250,0" /><INIT seed="0,1,0,2,2,62" ten="265,235,250,250" oya="0" hai0="68,120,127,92,88,72,58,2,112,11,21,86,15" hai1="114,3,89,109,33,0,16,49,71,113,93,83,30" hai2="17,91,55,36,132,95,129,81,115,31,42,63,87" hai3="70,102,123,85,121,22,35,98,97,28,41,69,84"/><T14/><D112/><N who="1" m="43115" /><E71/><V106/><F106/><W26/><G41/><T8/><D120/><U77/><E109/><V5/><F115/><W103/><G22/><T57/><D72/><N who="1" m="43431" /><E49/><V126/><F129/><W125/><G28/><T122/><D122/><U61/><E61/><V12/><F132/><W75/><G75/><T7/><D68/><U23/><E30/><V67/><F126/><W116/><G26/><T124/><D2/><U100/><E100/><V34/><F5/><W74/><G74/><T131/><D131/><U64/><E33/><V117/><F117/><W47/><G47/><T66/><D21/><U111/><E64/><V19/><F55/><W48/><G48/><T38/><D38/><U105/><E105/><V73/><F42/><W110/><G110/><T32/><D32/><U43/><E43/><V108/><F36/><W52/><G52/><T82/><D66/><U44/><E44/><V119/><F108/><W78/><G35/><T6/><REACH who="0" step="1"/><D92/><REACH who="0" ten="255,235,250,250" step="2"/><U107/><E111/><V118/><F95/><W90/><G123/><T94/><D94/><U13/><E107/><V54/><F67/><W135/><G121/><T133/><D133/><U104/><E104/><V24/><F34/><W4/><G135/><T53/><D53/><U134/><E134/><V50/><F54/><W46/><G69/><T96/><D96/><AGARI ba="1,1" hai="0,3,13,16,23,89,93,96" m="43431,43115" machi="96" ten="30,2000,0" yaku="11,1,54,1" doraHai="62" who="1" fromWho="0" sc="255,-23,235,33,250,0,250,0" /><INIT seed="1,0,0,3,3,100" ten="232,268,250,250" oya="1" hai0="117,104,4,112,97,22,10,119,61,19,79,30,5" hai1="36,101,62,83,93,31,63,106,121,60,13,80,55" hai2="134,84,21,71,1,110,12,64,114,89,17,108,67" hai3="91,107,95,49,32,56,90,68,74,94,50,118,3"/><U26/><E121/><V46/><F1/><W59/><G74/><T86/><D112/><U48/><E36/><V9/><F134/><W125/><G3/><T65/><D30/><U45/><E13/><V105/><F114/><W111/><G68/><T75/><D75/><U24/><E93/><V72/><F72/><W53/><G32/><T28/><D28/><U41/><E41/><V33/><F33/><W98/><G111/><N who="2" m="42537" /><F105/><W7/><G7/><T14/><D4/><U81/><REACH who="1" step="1"/><E31/><REACH who="1" ten="232,258,250,250" step="2"/><V58/><F9/><W109/><G109/><T122/><D122/><U130/><E130/><V131/><F131/><W29/><G29/><T135/><D5/><U92/><E92/><V116/><F12/><W0/><G0/><T35/><D35/><U133/><E133/><V11/><F11/><W15/><G15/><T76/><D10/><U25/><E25/><V16/><F17/><W47/><G107/><T69/><D135/><U54/><E54/><V129/><F16/><W85/><G53/><T123/><D123/><U113/><E113/><V2/><F2/><W99/><G95/><T44/><D104/><U27/><E27/><V78/><F129/><W73/><G94/><T70/><D19/><U8/><E8/><V127/><F67/><W132/><G132/><T39/><D65/><U82/><N who="1" m="20480" /><DORA hai="20" /><U18/><E18/><V77/><F64/><W42/><G73/><T115/><D14/><U34/><E34/><V57/><F78/><W43/><G91/><T40/><D79/><U52/><E52/><V87/><F77/><W126/><G90/><T6/><D115/><RYUUKYOKU ba="0,1" sc="232,-10,258,30,250,-10,250,-10" hai1="24,26,45,48,55,60,62,63,101,106" /><INIT seed="1,1,1,2,2,74" ten="222,288,240,240" oya="1" hai0="91,135,57,94,1,69,45,44,61,70,130,82,121" hai1="71,97,108,124,128,31,34,109,33,10,43,102,47" hai2="40,55,73,66,63,6,113,3,101,115,24,36,52" hai3="132,29,120,20,92,56,22,96,111,134,54,53,49"/><U76/><E71/><N who="2" m="42463" /><F101/><W107/><G107/><T58/><D1/><U37/><E128/><V38/><F24/><W105/><G105/><T106/><D130/><U60/><E124/><V32/><F32/><W8/><G111/><N who="1" m="42570" /><E31/><V98/><F98/><W11/><G120/><T2/><D121/><U118/><E118/><V131/><F131/><W117/><G117/><T42/><D70/><U110/><E60/><V79/><F6/><W21/><G29/><T64/><D69/><U84/><N who="1" m="42578" /><U68/><DORA hai="12" /><E10/><V125/><F3/><W112/><G54/><N who="2" m="20521" /><F40/><W95/><G95/><T89/><D2/><U119/><E68/><V67/><F67/><W133/><REACH who="3" step="1"/><G112/><REACH who="3" ten="222,288,240,230" step="2"/><N who="2" m="43081" /><F125/><W0/><G0/><T87/><D106/><N who="1" m="63823" /><E119/><V126/><F126/><W51/><G51/><T123/><D123/><U30/><E30/><V88/><F38/><W46/><G46/><T4/><D45/><U26/><E26/><V80/><F36/><W59/><G59/><T72/><D58/><U18/><E34/><V15/><F15/><W100/><AGARI ba="1,2" hai="8,11,20,21,22,49,53,56,92,96,100,132,133,134" machi="100" ten="40,5200,0" yaku="1,1,0,1,20,1,53,0" doraHai="74,12" doraHaiUra="78,65" who="3" fromWho="3" sc="222,-14,288,-27,240,-14,230,75" /><INIT seed="2,0,0,2,3,112" ten="208,261,226,305" oya="2" hai0="80,47,34,89,95,99,121,18,63,24,29,44,73" hai1="40,14,60,100,106,79,97,15,19,108,54,122,36" hai2="53,83,134,78,55,71,20,104,8,107,59,82,131" hai3="67,31,9,128,114,130,76,77,92,119,69,49,118"/><V5/><F71/><W74/><G114/><T26/><D121/><U27/><E108/><V61/><F131/><N who="3" m="50219" /><G31/><T57/><D73/><U4/><E122/><V6/><F134/><W94/><G9/><T64/><D80/><U70/><E79/><N who="3" m="30282" /><G74/><T72/><D72/><U0/><E0/><V37/><F37/><W81/><G81/><T124/><D124/><U129/><E129/><V101/><F6/><W68/><G49/><T88/><REACH who="0" step="1"/><D89/><REACH who="0" ten="198,261,226,305" step="2"/><U3/><E100/><V87/><F83/><W11/><G11/><T7/><D7/><U133/><E4/><V117/><F82/><W66/><G69/><T86/><D86/><U111/><E97/><V17/><F87/><W45/><G45/><T123/><D123/><U93/><E111/><V116/><F5/><W85/><G68/><T84/><D84/><U115/><E70/><V91/><F91/><N who="3" m="53359" /><G94/><T35/><D35/><U30/><E115/><V90/><F8/><W39/><G39/><T13/><D13/><U56/><E14/><V25/><F78/><W23/><G23/><AGARI ba="0,1" hai="18,23,24,26,29,34,44,47,57,63,64,88,95,99" machi="23" ten="40,2600,0" yaku="1,1,54,1,53,0" doraHai="112" doraHaiUra="113" who="0" fromWho="3" sc="198,36,261,0,226,0,305,-26" /><INIT seed="3,0,0,5,2,96" ten="234,261,226,279" oya="3" hai0="115,75,81,95,55,66,127,76,129,9,64,50,24" hai1="36,105,39,89,41,31,23,21,67,114,38,113,82" hai2="83,33,85,29,112,20,119,77,126,90,49,65,18" hai3="134,123,44,98,74,58,57,10,92,27,6,51,84"/><W103/><G74/><T60/><D127/><U79/><E105/><V15/><F112/><W87/><G134/><T17/><D115/><U34/><E41/><V99/><F119/><W2/><G123/><T102/><D129/><U111/><E111/><V106/><F126/><W130/><G130/><T54/><D60/><U71/><E89/><V11/><F65/><W131/><G131/><T120/><D120/><U14/><E14/><V93/><F33/><W128/><G128/><T135/><D135/><U52/><E52/><V12/><F106/><W26/><G26/><T48/><D55/><U91/><E91/><V116/><F116/><W40/><G27/><T30/><D48/><U0/><E0/><V42/><F29/><W121/><G121/><T3/><D3/><U1/><E1/><V35/><F35/><W78/><G78/><T117/><D117/><U80/><E34/><V88/><F49/><W22/><G22/><T110/><D110/><U94/><E39/><V109/><F109/><W28/><G28/><T61/><D61/><U100/><E31/><V8/><F42/><W101/><G101/><T19/><D30/><U72/><E72/><V125/><F125/><W25/><G25/><T43/><D43/><U122/><E122/><V53/><F53/><W13/><REACH who="3" step="1"/><G2/><REACH who="3" ten="234,261,226,269" step="2"/><T47/><D24/><U62/><E114/><V16/><F20/><W104/><G104/><T46/><D102/><AGARI ba="0,1" hai="8,11,12,15,16,18,77,83,85,88,90,93,99,102" machi="102" ten="30,12000,2" yaku="7,1,9,1,8,1,52,1,54,2" doraHai="96" who="2" fromWho="0" sc="234,-120,261,0,226,130,269,0" /><INIT seed="4,0,0,5,5,38" ten="114,261,356,269" oya="0" hai0="67,116,95,27,65,9,47,82,0,58,5,130,68" hai1="111,10,32,57,88,119,51,86,46,31,43,80,113" hai2="28,4,11,30,106,104,53,62,7,55,6,13,19" hai3="110,97,101,52,48,78,75,115,108,134,77,21,121"/><T135/><D116/><U84/><E119/><V70/><F70/><W81/><G78/><T69/><D130/><U74/><E111/><V100/><F100/><W123/><G115/><T91/><D135/><U93/><E74/><V90/><F90/><W127/><G21/><T61/><D67/><U33/><E113/><V45/><F62/><W42/><G42/><T128/><D128/><U122/><E122/><N who="3" m="46602" /><G127/><T83/><D27/><U54/><E10/><V66/><F66/><W36/><G36/><T12/><D0/><U3/><E31/><V23/><F45/><N who="3" m="27663" /><G134/><T39/><D69/><U103/><E3/><V63/><F63/><W64/><G64/><T99/><REACH who="0" step="1"/><D68/><REACH who="0" ten="104,261,356,269" step="2"/><U59/><E59/><V107/><F30/><W14/><G14/><T79/><D79/><U40/><E40/><AGARI ba="0,1" hai="5,9,12,39,40,47,58,61,65,82,83,91,95,99" machi="40" ten="40,3900,0" yaku="1,1,52,1,53,0" doraHai="38" doraHaiUra="124" who="0" fromWho="1" sc="104,49,261,-39,356,0,269,0" /><INIT seed="4,1,0,0,5,5" ten="153,222,356,269" oya="0" hai0="101,48,86,107,51,20,115,35,78,1,126,36,3" hai1="87,104,69,44,72,75,89,10,63,45,54,57,102" hai2="7,43,97,40,16,59,98,33,88,60,25,81,100" hai3="31,92,85,53,130,55,32,47,114,13,38,133,21"/><T125/><D35/><U71/><E104/><V77/><F7/><W123/><G114/><T49/><D36/><U94/><E102/><V135/><F135/><W6/><G133/><T2/><D115/><U26/><E26/><V37/><F37/><W84/><G130/><T52/><D20/><U50/><E45/><V108/><F108/><W30/><G32/><T42/><D78/><U28/><E28/><V61/><F61/><W124/><G124/><N who="0" m="47723" /><D86/><U93/><E93/><N who="2" m="56487" /><F33/><W120/><G38/><T29/><D29/><U80/><E10/><V73/><F98/><W118/><G31/><T110/><D110/><U66/><REACH who="1" step="1"/><E94/><REACH who="1" ten="153,212,356,269" step="2"/><V27/><F100/><W62/><G30/><T82/><D42/><U83/><E83/><V99/><F27/><W119/><G123/><T67/><D82/><U34/><E34/><V68/><F43/><W116/><G120/><T64/><D101/><U112/><E112/><V39/><F40/><W111/><G92/><T8/><D107/><U18/><E18/><V134/><F16/><N who="3" m="10383" /><G111/><T103/><D103/><U19/><E19/><V41/><F25/><W131/><G6/><T95/><D95/><U76/><E76/><V129/><F77/><W46/><G119/><T14/><D52/><U23/><E23/><V74/><F81/><W0/><G116/><T56/><D56/><U127/><E127/><V113/><F59/><W4/><G55/><T58/><D58/><U22/><E22/><V24/><F41/><W105/><G53/><T15/><D8/><U132/><E132/><V79/><F79/><W122/><G118/><T91/><D91/><RYUUKYOKU ba="1,1" sc="153,15,212,15,356,-15,269,-15" hai0="1,2,3,14,15,48,49,51,64,67" hai1="44,50,54,57,63,66,69,71,72,75,80,87,89" /><INIT seed="4,2,1,3,1,35" ten="168,227,341,254" oya="0" hai0="73,97,132,60,85,23,122,67,26,115,30,113,104" hai1="5,130,117,8,121,37,3,80,98,114,41,38,99" hai2="12,96,16,64,9,107,25,33,31,83,63,6,51" hai3="81,52,71,74,47,123,55,124,45,126,1,59,27"/><T95/><D122/><U72/><E121/><V24/><F24/><W62/><G71/><T42/><D73/><U10/><E117/><V101/><F51/><BYE who="2" /><N who="3" m="28799" /><G1/><UN n2="%E5%B0%B1%E6%B4%BB%E7%94%9F%40%E5%B7%9D%E6%9D%91%E8%BB%8D%E5%9B%A3" /><T116/><D116/><U89/><E130/><V22/><F83/><W79/><G27/><T34/><D132/><U102/><E114/><V20/><F6/><W135/><G123/><T18/><D85/><U32/><E32/><V112/><F112/><N who="0" m="43082" /><D42/><U78/><E10/><V17/><F17/><W91/><G91/><N who="0" m="55551" /><D104/><U103/><E38/><V109/><F109/><W14/><G14/><N who="0" m="9687" /><D60/><U70/><E70/><AGARI ba="2,1" hai="9,12,16,20,22,25,31,33,63,64,70,96,101,107" machi="70" ten="30,7700,0" yaku="7,1,25,2,54,1" doraHai="35" who="2" fromWho="1" sc="168,0,227,-83,341,93,254,0" /><INIT seed="5,0,0,0,1,15" ten="168,144,434,254" oya="1" hai0="31,28,10,75,92,119,95,83,90,8,118,128,131" hai1="22,77,130,106,96,56,109,20,110,87,67,84,98" hai2="59,50,19,3,126,9,80,65,54,101,37,16,69" hai3="122,40,52,43,79,72,94,76,103,129,48,35,4"/><U32/><E32/><V21/><F37/><W0/><G129/><T86/><D83/><U61/><E130/><V78/><F126/><W33/><G76/><T116/><D75/><U12/><E106/><V73/><F101/><W30/><G30/><T120/><D118/><U2/><E2/><V42/><F42/><W51/><G51/><T89/><REACH who="0" step="1"/><D86/><REACH who="0" ten="158,144,434,254" step="2"/><U46/><E87/><V18/><F80/><W85/><G85/><T6/><D6/><U13/><E84/><V62/><F73/><W5/><G4/><T91/><D91/><U55/><E77/><V44/><F78/><W113/><G5/><T68/><D68/><U39/><E110/><V29/><F69/><W34/><G79/><T1/><D1/><U47/><E109/><V17/><F3/><W134/><G0/><T71/><D71/><U125/><E125/><V115/><F115/><W81/><G81/><T45/><D45/><N who="1" m="16907" /><E39/><V112/><F112/><W26/><G113/><T107/><D107/><U117/><E117/><V133/><F133/><W121/><G134/><T58/><D58/><U100/><E100/><V23/><F9/><W14/><G72/><T124/><D124/><U24/><E98/><V25/><N who="2" m="4608" /><DORA hai="41" /><V7/><F7/><W74/><G74/><T64/><D64/><U70/><E96/><V97/><F97/><N who="3" m="59831" /><G14/><N who="1" m="5738" /><E70/><V36/><F36/><W111/><G111/><T132/><D132/><U60/><E24/><V123/><F123/><AGARI ba="0,1" hai="8,10,28,31,89,90,92,95,116,119,120,123,128,131" machi="123" ten="25,8000,1" yaku="1,1,22,2,53,2" doraHai="15,41" doraHaiUra="114,99" who="0" fromWho="2" sc="158,90,144,0,434,-80,254,0" /><INIT seed="6,0,0,0,2,128" ten="248,144,354,254" oya="2" hai0="33,98,107,72,35,82,16,20,93,68,121,84,76" hai1="0,32,43,53,116,124,109,135,13,3,19,59,75" hai2="47,85,11,4,67,45,31,2,18,62,58,61,12" hai3="111,17,44,119,5,25,108,23,127,66,117,129,40"/><V7/><F31/><W57/><G129/><T38/><D38/><U120/><E59/><V26/><F26/><W80/><G127/><T83/><D68/><U101/><E101/><V123/><F123/><W48/><G5/><T96/><D121/><U112/><E53/><V46/><F2/><W55/><G66/><T99/><D107/><U29/><E43/><V10/><F10/><W87/><G111/><T36/><D36/><U71/><E29/><V77/><F61/><W130/><G130/><T110/><D93/><U37/><E19/><V132/><F132/><W49/><REACH who="3" step="1"/><G108/><REACH who="3" ten="248,144,354,244" step="2"/><T126/><D126/><U65/><E65/><V24/><F7/><W115/><G115/><T51/><D110/><U89/><E89/><AGARI ba="0,1" hai="17,23,25,40,44,48,49,55,57,80,87,89,117,119" machi="89" ten="30,2000,0" yaku="1,1,7,1,53,0" doraHai="128" doraHaiUra="56" who="3" fromWho="1" sc="248,0,144,-20,354,0,244,30" /><INIT seed="7,0,0,1,3,79" ten="248,124,354,274" oya="3" hai0="70,83,35,88,118,33,73,44,132,47,126,43,50" hai1="27,18,62,53,20,31,52,58,61,109,91,77,37" hai2="24,120,0,39,49,23,57,16,36,6,66,102,80" hai3="68,86,84,28,81,117,4,26,54,94,125,59,46"/><W106/><G106/><T129/><D118/><U115/><E37/><V34/><F34/><W38/><G68/><T119/><D119/><U85/><E115/><V107/><F120/><W93/><G125/><T130/><D70/><U19/><E109/><V131/><F131/><N who="0" m="50186" /><D126/><U127/><E127/><V108/><F102/><W90/><G4/><T14/><D132/><U8/><E77/><V82/><F107/><W7/><G7/><T95/><D14/><U48/><E8/><V112/><F39/><W1/><G1/><T110/><D110/><U67/><E62/><V103/><F103/><W100/><G100/><T99/><D47/><U113/><E113/><V122/><F36/><W124/><G124/><T41/><D41/><U17/><REACH who="1" step="1"/><E48/><REACH who="1" ten="248,114,354,274" step="2"/><V114/><F49/><W65/><G38/><T13/><D50/><U78/><E78/><V45/><F108/><W56/><G117/><T29/><D73/><U51/><E51/><V64/><F112/><W134/><G134/><T92/><D44/><U105/><E105/><V135/><F45/><W11/><G46/><T40/><D43/><U9/><E9/><V12/><F114/><W22/><G11/><T89/><D40/><U42/><E42/><V32/><F135/><W3/><G3/><T21/><D35/><U30/><E30/><V104/><F104/><W72/><G28/><T128/><D33/><U69/><E69/><V116/><F0/><W133/><G133/><T60/><D29/><U15/><E15/><V71/><F71/><W121/><G72/><T98/><D128/><U111/><E111/><V5/><F12/><RYUUKYOKU ba="0,1" sc="248,-10,114,30,354,-10,274,-10" hai1="17,18,19,20,27,31,52,53,58,61,67,85,91" owari="238,-16.0,144,-36.0,354,46.0,264,6.0" /></mjloggm>