<mjloggm ver="2.3"><GO type="169" lobby="0"/><UN n0="%E3%83%8D%E3%83%BC%E3%83%A0%E3%83%AC%E3%82%B9%EF%BC%97" n1="%61%76%71%38%37%30%30%33" n2="%E3%81%84%E3%81%91%E3%81%9F%E3%82%93" n3="%E3%83%88%E3%83%88%E3%83%AA%E5%85%88%E7%94%9F%31%39%E6%AD%B3" dan="16,16,17,19" rate="2052.06,2050.59,2151.90,2290.73" sx="M,M,M,F"/><TAIKYOKU oya="0"/><INIT seed="0,0,0,4,5,123" ten="250,250,250,250" oya="0" hai0="41,26,28,82,94,125,11,25,9,21,132,120,38" hai1="47,24,22,23,48,44,81,114,33,45,101,85,65" hai2="39,92,59,97,95,15,111,80,115,63,29,128,118" hai3="90,104,50,37,3,79,35,100,14,2,91,12,135"/><T5/><D120/><U70/><E101/><V105/><F39/><W69/><G37/><T16/><D132/><U129/><E129/><V93/><F115/><W78/><G50/><T8/><D125/><U74/><E74/><V30/><F128/><W20/><G100/><T86/><D38/><U68/><E65/><V133/><F105/><W34/><G20/><T61/><D41/><U117/><E117/><V1/><F1/><W13/><G13/><T19/><D5/><U116/><E33/><V113/><F97/><W119/><G69/><T4/><D4/><U62/><E62/><V77/><F113/><W53/><G53/><T6/><D6/><U49/><E116/><V83/><F133/><W124/><G135/><T55/><D94/><U126/><E23/><V43/><F43/><W76/><G76/><T122/><D122/><U73/><E73/><V40/><F40/><W109/><G119/><T57/><REACH who="0" step="1"/><D26/><REACH who="0" ten="240,250,250,250" step="2"/><U46/><E126/><V36/><F36/><W60/><G124/><T99/><D99/><U71/><E114/><V110/><F118/><W121/><G121/><T72/><D72/><U42/><E42/><V10/><F92/><W130/><G130/><T31/><D31/><U102/><E24/><V18/><F93/><W51/><G3/><T84/><D84/><U0/><E0/><V107/><F95/><W56/><G2/><T106/><D106/><U87/><E87/><N who="2" m="48527" /><F107/><W88/><G104/><T112/><D112/><U98/><E98/><V134/><F134/><W52/><G14/><T108/><D108/><N who="2" m="41514" /><F83/><W7/><G109/><T103/><D103/><RYUUKYOKU ba="0,1" sc="240,15,250,-15,250,15,250,-15" hai0="8,9,11,16,19,21,25,28,55,57,61,82,86" hai2="10,15,18,29,30,59,63" /><INIT seed="0,1,1,2,3,92" ten="255,235,265,235" oya="0" hai0="18,84,37,98,7,111,67,33,35,15,71,44,5" hai1="110,11,9,13,12,122,113,118,14,52,2,94,117" hai2="39,72,64,29,87,119,4,30,31,134,133,50,80" hai3="90,55,0,17,103,57,22,8,26,81,25,132,49"/><T38/><D111/><U58/><E122/><V109/><F39/><W51/><G132/><N who="2" m="50793" /><F72/><W107/><G0/><T78/><D71/><U28/><E110/><V91/><F109/><W23/><G8/><T112/><D112/><U63/><E113/><V96/><F119/><W100/><G107/><T135/><D67/><U125/><E125/><V116/><F116/><W131/><G131/><T95/><D135/><U120/><E120/><V89/><F4/><W97/><G51/><T48/><D37/><U42/><E42/><V130/><F130/><W69/><G69/><T106/><D38/><U34/><E34/><V27/><F50/><W45/><G45/><T46/><D106/><U36/><E28/><V104/><F64/><W70/><G70/><T21/><D35/><U62/><E36/><V59/><F59/><W128/><G128/><T101/><D33/><U40/><E40/><V19/><F19/><W79/><G79/><T121/><D121/><U82/><E82/><V32/><F89/><W86/><REACH who="3" step="1"/><G97/><REACH who="3" ten="255,235,265,225" step="2"/><T124/><D124/><U3/><E3/><V65/><F104/><W24/><G24/><T56/><D56/><U16/><E2/><V68/><F96/><W126/><G126/><T88/><D78/><U99/><E63/><AGARI ba="1,2" hai="27,29,30,31,32,63,65,68,80,87,91" m="50793" machi="63" ten="30,1000,0" yaku="20,1" doraHai="92" who="2" fromWho="1" sc="255,0,235,-13,265,33,225,0" /><INIT seed="1,0,0,0,2,63" ten="255,222,298,225" oya="1" hai0="48,32,62,10,79,18,51,44,89,5,50,88,26" hai1="107,0,19,55,66,31,98,135,24,81,28,127,14" hai2="22,58,97,124,64,94,13,126,130,15,60,83,131" hai3="128,17,29,8,87,34,38,99,57,92,134,39,108"/><U121/><E121/><V106/><F83/><W37/><G108/><T61/><D79/><U46/><E0/><V74/><F74/><W123/><G123/><T2/><D44/><U67/><E31/><V122/><F106/><W47/><G128/><N who="2" m="49193" /><F122/><W104/><G104/><T42/><D42/><U82/><E127/><N who="2" m="48683" /><F22/><W96/><G87/><T114/><D114/><U4/><E135/><V119/><F119/><W45/><G134/><T21/><REACH who="0" step="1"/><D32/><REACH who="0" ten="245,222,298,225" step="2"/><U12/><E46/><V11/><F11/><W41/><G45/><T54/><D54/><U70/><E55/><V40/><F40/><W129/><G129/><T59/><D59/><U111/><E70/><V116/><F116/><W84/><G57/><T7/><D7/><U33/><E111/><V110/><F110/><W86/><G47/><T118/><D118/><U56/><E56/><V105/><F105/><W101/><G41/><T93/><D93/><U76/><E4/><V35/><F35/><W75/><G38/><T120/><D120/><U53/><E53/><V1/><F1/><W69/><G39/><T77/><D77/><U95/><E107/><V109/><F109/><W103/><G69/><T117/><D117/><U23/><E76/><V100/><AGARI ba="0,1" hai="13,15,58,60,64,94,97,100" m="48683,49193" machi="100" ten="30,4000,0" yaku="19,1,18,1,52,1" doraHai="63" who="2" fromWho="2" sc="245,-10,222,-20,298,50,225,-10" /><INIT seed="2,0,0,1,2,87" ten="235,202,348,215" oya="2" hai0="15,19,97,12,60,100,34,46,30,118,56,94,98" hai1="29,122,103,80,3,68,73,92,4,47,67,79,21" hai2="85,2,54,31,84,128,27,77,40,120,88,9,101" hai3="61,112,52,78,59,50,36,58,6,135,7,20,90"/><V18/><F128/><W89/><G36/><T69/><D69/><U70/><E67/><V62/><F120/><W71/><G71/><T119/><D34/><U26/><E122/><V81/><F101/><W63/><G135/><T11/><D30/><U117/><E117/><V32/><F40/><W35/><G35/><T1/><D1/><U16/><E47/><V66/><F54/><N who="3" m="34039" /><G78/><T86/><D46/><U125/><E125/><V113/><F113/><W42/><G112/><T110/><D110/><U124/><E124/><V0/><F18/><W17/><G42/><T38/><D38/><U25/><E4/><N who="3" m="1578" /><G63/><T76/><D76/><U22/><REACH who="1" step="1"/><E3/><REACH who="1" ten="235,192,348,215" step="2"/><V44/><F44/><W37/><G37/><T129/><D119/><U131/><E131/><V23/><F32/><W106/><G106/><T51/><D129/><U33/><E33/><V48/><F0/><W114/><G114/><T14/><D118/><U83/><E83/><N who="2" m="47215" /><F2/><W127/><G127/><T65/><D65/><U55/><E55/><V115/><F115/><W126/><G126/><T109/><D109/><U41/><E41/><V95/><F66/><W132/><G132/><T116/><D116/><U10/><E10/><V108/><F9/><W134/><G134/><T130/><D11/><U105/><E105/><V49/><F108/><W43/><G43/><T8/><D130/><U91/><E91/><V121/><F121/><W53/><G53/><T102/><D8/><U72/><E72/><V45/><F45/><W64/><G64/><T5/><D5/><U39/><E39/><V24/><F23/><W28/><G52/><RYUUKYOKU ba="0,1" sc="235,-10,192,30,348,-10,215,-10" hai1="16,21,22,25,26,29,68,70,73,79,80,92,103" /><INIT seed="3,1,1,3,2,79" ten="225,222,338,205" oya="3" hai0="107,6,116,7,66,130,25,15,132,53,65,118,12" hai1="133,113,128,4,75,117,80,108,57,101,124,72,19" hai2="52,54,45,123,68,87,5,32,106,8,56,134,102" hai3="120,90,16,63,110,22,70,42,0,67,100,51,31"/><W92/><G120/><T55/><D107/><U36/><E36/><V131/><F68/><W62/><G0/><T86/><D25/><U94/><E4/><V135/><F32/><W2/><G2/><T9/><D132/><N who="2" m="50730" /><F123/><W50/><G110/><T43/><D43/><U37/><E37/><V59/><F131/><W112/><G112/><T61/><D86/><U35/><E35/><V33/><F33/><W28/><G100/><T3/><D3/><U26/><E113/><V11/><F45/><W78/><G78/><T13/><D130/><U24/><E108/><V104/><F87/><W23/><G23/><T97/><D97/><U126/><E133/><V20/><F20/><W76/><G76/><T103/><D103/><U127/><E128/><V64/><F64/><W69/><G69/><T82/><D12/><U119/><E57/><N who="2" m="22091" /><F102/><W91/><G42/><T105/><D9/><N who="2" m="3658" /><F5/><W44/><G44/><T17/><D17/><U34/><E34/><V30/><F30/><N who="3" m="11307" /><G70/><T98/><D98/><U122/><E122/><V85/><F85/><W10/><G10/><T27/><D105/><AGARI ba="1,1" hai="52,54,104,105,106" m="3658,22091,50730" machi="105" ten="40,8000,1" yaku="28,2,20,1,54,1" doraHai="79" who="2" fromWho="0" sc="225,-83,222,0,338,93,205,0" /><INIT seed="4,0,0,0,0,43" ten="142,222,431,205" oya="0" hai0="77,19,51,86,41,103,12,7,111,112,26,46,95" hai1="1,87,38,92,32,17,54,47,89,121,117,104,133" hai2="10,64,67,97,132,98,22,114,42,31,113,106,115" hai3="123,62,88,118,34,124,59,125,20,36,101,119,109"/><T83/><D112/><U40/><E32/><V110/><F110/><W76/><G34/><T2/><D111/><U85/><E1/><V53/><F132/><W122/><G109/><T30/><D2/><U79/><E104/><V27/><F42/><W35/><G35/><T29/><D26/><U55/><E117/><N who="3" m="44554" /><G101/><T107/><D107/><U14/><E121/><N who="3" m="46090" /><G76/><T63/><D63/><U58/><E133/><V13/><F53/><N who="3" m="34159" /><G20/><N who="0" m="11367" /><D7/><U45/><E79/><V25/><F25/><W61/><G36/><T134/><D134/><U71/><E87/><V129/><F106/><W49/><G88/><N who="0" m="53655" /><D103/><U23/><E38/><V60/><F113/><W130/><G130/><T81/><D77/><U73/><E73/><V68/><F129/><W75/><G75/><T94/><D94/><U0/><E0/><V37/><F37/><W16/><G16/><T70/><D70/><U4/><E71/><V127/><F115/><W105/><G105/><T9/><D9/><U82/><E4/><V126/><F114/><W96/><G96/><T93/><D93/><U15/><E92/><V74/><F74/><W116/><N who="3" m="44562" /><W28/><DORA hai="8" /><G28/><AGARI ba="0,0" hai="28,29,30,41,46,51,81,83" m="53655,11367" machi="28" ten="30,11600,0" yaku="8,1,52,2,54,1" doraHai="43,8" who="0" fromWho="3" sc="142,116,222,0,431,0,205,-116" /><INIT seed="4,1,0,0,5,40" ten="258,222,431,89" oya="0" hai0="30,132,78,63,104,60,131,24,17,89,18,117,84" hai1="68,81,1,120,22,100,85,65,72,103,57,8,25" hai2="73,64,109,126,128,123,52,44,83,38,119,31,34" hai3="114,66,13,93,135,12,98,129,19,79,51,33,125"/><T70/><D117/><U112/><E68/><V42/><F109/><W74/><G33/><T101/><D78/><U99/><E72/><V130/><F123/><W75/><G114/><T35/><D132/><U4/><E120/><V28/><F64/><W96/><G135/><T97/><D131/><N who="2" m="50218" /><F126/><W26/><G129/><T86/><D86/><U105/><E103/><V110/><F110/><W67/><G125/><T49/><D49/><U55/><E65/><V43/><F43/><W2/><G2/><T133/><D133/><U41/><E41/><V50/><F119/><W121/><G121/><T134/><D134/><U46/><E46/><N who="2" m="27735" /><F34/><W5/><G67/><N who="0" m="41343" /><D60/><U62/><E112/><V21/><F21/><W6/><G66/><T102/><D102/><U107/><E62/><V82/><F73/><W45/><G74/><T69/><D69/><U58/><E22/><V76/><F76/><W92/><G79/><T20/><D20/><U88/><E55/><V95/><F95/><AGARI ba="1,0" hai="17,18,24,30,35,84,89,95,97,101,104" m="41343" machi="95" ten="30,1500,0" yaku="25,1" doraHai="40" who="0" fromWho="2" sc="258,18,222,0,431,-18,89,0" /><INIT seed="4,2,0,1,3,96" ten="276,222,413,89" oya="0" hai0="116,68,2,8,97,29,12,71,113,126,35,48,99" hai1="88,46,11,124,38,100,42,135,69,67,89,104,92" hai2="95,94,120,111,122,45,5,62,75,73,103,28,16" hai3="131,119,133,60,55,128,127,52,79,24,31,51,32"/><T132/><D116/><U7/><E124/><V40/><F28/><W84/><G119/><T19/><D126/><U0/><E135/><V30/><F30/><W58/><G127/><T102/><D132/><U53/><E104/><V23/><F5/><W4/><G133/><T85/><D113/><U106/><E106/><V64/><F111/><W91/><G79/><T80/><D2/><U49/><E67/><V83/><F94/><W98/><G98/><T6/><D35/><U118/><E69/><V77/><F75/><W9/><G91/><T78/><D29/><U25/><E118/><V26/><F103/><W66/><G84/><T54/><D6/><U110/><E110/><V112/><F95/><W109/><G109/><T21/><D21/><U33/><E33/><V41/><F112/><W130/><REACH who="3" step="1"/><G51/><REACH who="3" ten="276,222,413,79" step="2"/><T125/><D125/><U70/><E49/><V65/><F77/><W72/><G72/><T117/><D117/><U86/><E89/><V114/><F73/><W101/><G101/><T44/><D99/><U123/><E100/><V74/><F74/><W14/><AGARI ba="2,1" hai="4,9,14,24,31,32,52,55,58,60,66,128,130,131" machi="14" ten="30,7900,0" yaku="1,1,0,1,19,1,54,1,53,0" doraHai="96" doraHaiUra="90" who="3" fromWho="3" sc="276,-41,222,-22,413,-22,79,95" /><INIT seed="5,0,0,4,4,48" ten="235,200,391,174" oya="1" hai0="22,66,29,117,26,44,63,135,133,105,28,13,52" hai1="2,98,96,59,132,7,110,64,46,104,16,81,72" hai2="4,73,85,25,34,40,115,134,109,79,102,35,8" hai3="9,19,118,65,131,3,77,33,114,75,101,6,74"/><U61/><E7/><V116/><F109/><W57/><G114/><T17/><D117/><U24/><E2/><V76/><F116/><W0/><G118/><T53/><D105/><U21/><E110/><V127/><F127/><W107/><G3/><T23/><D29/><U45/><E132/><N who="0" m="50761" /><D44/><U31/><E31/><V5/><F40/><W111/><G111/><T51/><D51/><U36/><E104/><V128/><F102/><W93/><G33/><T39/><D39/><U84/><E72/><V62/><F62/><W18/><G107/><T15/><D15/><U90/><REACH who="1" step="1"/><E36/><REACH who="1" ten="235,190,391,174" step="2"/><V14/><F4/><W30/><G75/><T103/><D103/><U112/><E112/><V95/><F5/><W100/><G30/><T108/><D108/><U86/><E86/><V89/><F85/><W10/><G101/><T11/><D11/><U83/><E83/><V56/><F73/><W27/><G10/><T119/><D119/><U32/><E32/><V123/><F8/><W41/><G74/><T20/><D23/><U129/><E129/><V47/><F128/><W88/><G131/><T80/><D80/><U67/><E67/><V50/><F35/><W94/><G65/><T87/><D87/><U92/><E92/><V54/><F95/><W70/><G94/><T78/><D78/><U113/><E113/><V43/><F34/><W42/><G77/><T1/><D1/><U106/><E106/><V125/><F115/><W71/><G100/><T12/><D12/><U130/><E130/><V120/><F14/><W68/><G0/><T91/><D91/><U99/><AGARI ba="0,1" hai="16,21,24,45,46,59,61,64,81,84,90,96,98,99" machi="99" ten="30,18000,2" yaku="1,1,5,1,0,1,8,1,54,1,53,1" doraHai="48" doraHaiUra="82" who="1" fromWho="1" sc="235,-60,190,190,391,-60,174,-60" /><INIT seed="5,1,0,4,5,22" ten="175,380,331,114" oya="1" hai0="37,54,0,61,126,115,31,124,26,82,92,86,78" hai1="93,89,9,58,41,13,110,73,123,131,125,107,12" hai2="80,44,19,49,60,85,56,116,47,129,81,52,97" hai3="34,117,88,120,46,74,135,100,28,84,119,104,105"/><U33/><E107/><V40/><F129/><W24/><G120/><T43/><D0/><U96/><E73/><V59/><F116/><N who="3" m="44619" /><G74/><T71/><D115/><U79/><E79/><V38/><F97/><N who="3" m="61455" /><G105/><T83/><D43/><U63/><E125/><N who="0" m="48233" /><D37/><U99/><E110/><V11/><F59/><W65/><G65/><N who="0" m="41391" /><D54/><U67/><E131/><V75/><F75/><W18/><G46/><T5/><D5/><U77/><E77/><V72/><F72/><W132/><G18/><T6/><D6/><U27/><E123/><V98/><F98/><W108/><G108/><T69/><D69/><U50/><E96/><V112/><F112/><W68/><G68/><T39/><D39/><U51/><E41/><V111/><F111/><W57/><G57/><T42/><D42/><U21/><E33/><V128/><F128/><W1/><G1/><T103/><D78/><U62/><E62/><V101/><F101/><W15/><G15/><N who="1" m="5706" /><E9/><V8/><F8/><W4/><G4/><T113/><D113/><U114/><E114/><V32/><F11/><W95/><AGARI ba="1,0" hai="24,28,34,84,88,95,132,135" m="61455,44619" machi="95" ten="30,4000,0" yaku="12,1,52,1,54,1" doraHai="22" who="3" fromWho="3" sc="175,-11,380,-21,331,-11,114,43" /><INIT seed="6,0,0,0,4,89" ten="164,359,320,157" oya="2" hai0="15,19,57,84,45,65,77,56,85,78,27,101,47" hai1="8,88,22,21,42,67,98,135,17,132,95,53,102" hai2="94,103,113,6,124,80,104,114,99,62,55,108,119" hai3="111,32,66,64,29,112,121,25,125,33,24,134,90"/><V40/><F119/><W35/><G111/><T106/><D27/><U2/><E67/><V75/><F40/><W82/><G121/><T3/><D3/><U118/><E42/><V12/><F108/><W120/><G120/><T41/><D101/><U36/><E36/><V129/><F129/><W76/><G134/><N who="1" m="51242" /><E118/><V44/><F124/><W100/><G125/><T20/><D106/><N who="1" m="63831" /><E53/><V28/><F28/><W63/><G112/><N who="2" m="43113" /><F104/><W92/><G100/><T11/><D20/><U130/><E130/><V23/><F23/><W26/><G29/><T128/><D128/><U133/><N who="1" m="51250" /><U16/><DORA hai="30" /><E2/><V131/><F131/><W5/><G5/><T122/><D122/><U37/><E37/><V73/><F80/><W127/><G127/><T83/><D65/><U9/><E9/><N who="2" m="4151" /><F62/><W7/><G7/><T58/><D41/><U52/><E8/><V117/><F117/><W39/><G39/><T72/><D72/><N who="2" m="27722" /><F55/><W48/><G63/><T14/><D14/><N who="1" m="9367" /><E52/><V96/><F96/><W49/><G64/><T61/><D61/><U60/><E60/><V70/><F44/><W59/><G66/><T126/><D126/><U4/><E4/><V43/><F43/><W51/><G59/><T1/><D1/><U54/><E54/><V97/><F97/><N who="3" m="57495" /><G48/><T91/><D45/><U105/><E105/><V86/><F70/><W71/><G71/><T0/><D0/><U46/><E46/><V116/><F116/><W34/><N who="3" m="8192" /><DORA hai="13" /><W50/><G50/><T87/><D47/><U31/><E31/><V79/><F79/><AGARI ba="0,0" hai="11,15,19,56,57,58,77,78,79,83,84,85,87,91" machi="79" ten="40,2600,0" yaku="8,1,52,1" doraHai="89,30,13" who="0" fromWho="2" sc="164,26,359,0,320,-26,157,0" /><INIT seed="7,0,0,4,1,91" ten="190,359,294,157" oya="3" hai0="52,108,131,74,84,42,112,98,0,56,125,35,57" hai1="34,9,127,26,99,102,101,100,12,120,118,83,61" hai2="23,65,114,13,68,25,103,18,41,33,32,75,22" hai3="115,117,36,47,66,28,11,79,70,31,89,73,122"/><W49/><G117/><T2/><D108/><U43/><E120/><V69/><F75/><W87/><G122/><T130/><D74/><U50/><E127/><V14/><F41/><W19/><G36/><T10/><D35/><U8/><E8/><V38/><F38/><W132/><G115/><T119/><D119/><U134/><E134/><V135/><F103/><W97/><G132/><T40/><D125/><U123/><E123/><V86/><F86/><W4/><G19/><T27/><D27/><U77/><E61/><V90/><F90/><W51/><G51/><T24/><D24/><U133/><E133/><V7/><F135/><W121/><G121/><T94/><D84/><U104/><E26/><V48/><F48/><W71/><G97/><T124/><D124/><U60/><E60/><V129/><F68/><W82/><G66/><T85/><D85/><N who="1" m="48367" /><E34/><V92/><F65/><W88/><G71/><T116/><D56/><U5/><E118/><V54/><F33/><W107/><G107/><T44/><D10/><U46/><AGARI ba="0,0" hai="5,9,12,43,46,50,99,100,101,102,104" m="48367" machi="46" ten="30,1100,0" yaku="25,1" doraHai="91" who="1" fromWho="1" sc="190,-3,359,11,294,-3,157,-5" owari="187,-21.0,370,47.0,291,9.0,152,-35.0" /></mjloggm>