<mjloggm ver="2.3"><GO type="225" lobby="0"/><UN n0="%4B%52%65%72%65%65%65%4E" n1="%72%69%6F%75%63%68%61%6E" n2="%6C%65%74%69%74%62%65" n3="%E3%82%A6%E3%83%AB%E3%83%88%E3%83%A9%E7%AB%8B%E7%9B%B4" dan="16,16,17,17" rate="2176.75,2099.57,2207.88,2134.28" sx="M,M,F,M"/><TAIKYOKU oya="0"/><INIT seed="0,0,0,1,0,28" ten="250,250,250,250" oya="0" hai0="102,110,42,94,117,92,22,106,3,59,33,112,20" hai1="128,13,86,17,84,58,67,69,52,21,61,74,88" hai2="54,68,78,100,77,120,26,30,66,19,135,125,50" hai3="87,107,11,44,51,57,7,62,32,56,119,105,124"/><T99/><D112/><U96/><E74/><V55/><F120/><W83/><G119/><T89/><D117/><U29/><E128/><V116/><F116/><W80/><G32/><T70/><D70/><U134/><E134/><V23/><F135/><W9/><G124/><T103/><D3/><U76/><E76/><V101/><F125/><W127/><G127/><T2/><D2/><U126/><E126/><V18/><F68/><W12/><G11/><T111/><D42/><U91/><E29/><V41/><F66/><W27/><G27/><T5/><D5/><U71/><E96/><V37/><F37/><W46/><G46/><T82/><D33/><U49/><REACH who="1" step="1"/><E69/><REACH who="1" ten="250,240,250,250" step="2"/><V16/><F77/><W4/><G87/><AGARI ba="0,1" hai="13,17,21,49,52,58,61,67,71,84,86,87,88,91" machi="87" ten="40,8000,1" yaku="1,1,2,1,54,2,53,1" doraHai="28" doraHaiUra="10" who="1" fromWho="3" sc="250,0,240,90,250,0,250,-80" /><INIT seed="1,0,0,3,3,115" ten="250,330,250,170" oya="1" hai0="133,111,54,88,47,123,37,20,109,108,12,117,124" hai1="28,55,81,102,65,52,39,46,8,70,35,99,2" hai2="93,98,83,135,130,24,57,11,122,30,110,16,36" hai3="19,62,66,45,59,25,129,74,131,61,71,22,31"/><U14/><E2/><V126/><F122/><W15/><G45/><T3/><D3/><U97/><E81/><V13/><F110/><W9/><REACH who="3" step="1"/><G74/><REACH who="3" ten="250,330,250,160" step="2"/><T38/><D47/><U85/><E46/><V0/><F36/><W96/><G96/><T40/><D38/><U42/><E99/><V106/><F98/><W104/><G104/><T113/><D37/><U87/><E97/><V121/><F106/><W79/><G79/><T82/><D111/><U118/><E102/><V53/><F121/><W73/><G73/><T51/><D123/><U95/><E39/><V69/><F130/><W33/><G33/><T128/><D128/><U75/><E75/><V112/><F112/><W6/><G6/><T58/><D113/><U64/><E87/><V21/><F135/><W29/><G29/><T56/><D133/><U17/><E85/><V60/><F30/><W103/><G103/><T119/><D109/><U114/><E28/><V84/><F84/><W5/><G5/><T27/><D108/><U90/><E35/><V77/><F77/><W18/><G18/><T94/><D82/><U120/><E114/><V101/><F16/><W48/><G48/><T63/><D51/><U32/><E32/><V10/><F83/><W67/><AGARI ba="0,1" hai="9,15,19,22,25,31,59,61,62,66,67,71,129,131" machi="67" ten="30,2000,0" yaku="1,1,0,1,53,0" doraHai="115" doraHaiUra="86" who="3" fromWho="3" sc="250,-5,330,-10,250,-5,160,30" /><INIT seed="2,0,0,5,0,68" ten="245,320,245,190" oya="2" hai0="107,125,111,13,112,33,64,102,35,0,124,85,86" hai1="132,16,37,70,75,14,45,6,4,32,109,130,123" hai2="18,61,67,47,17,98,9,134,119,55,46,7,88" hai3="87,104,117,58,82,52,15,99,71,121,54,50,39"/><V53/><F119/><W72/><G121/><T24/><D0/><U131/><E109/><V38/><F134/><W106/><G72/><T65/><D111/><U31/><E132/><V90/><F38/><W20/><G117/><T84/><D112/><U59/><E123/><V36/><F36/><W100/><G71/><T69/><D13/><U76/><E70/><V25/><F25/><W11/><G20/><T42/><D42/><N who="1" m="22735" /><E59/><N who="2" m="37311" /><F7/><W5/><G39/><T41/><D41/><U94/><E94/><N who="2" m="56647" /><F90/><W40/><G40/><T8/><D24/><N who="1" m="18535" /><E76/><V73/><F73/><W48/><G99/><T21/><D69/><U83/><E83/><V96/><F96/><W28/><G100/><T120/><D102/><U74/><E75/><V129/><F129/><N who="1" m="49161" /><E74/><V105/><F105/><W30/><G104/><T51/><D107/><U79/><E79/><V66/><F66/><W114/><G106/><T135/><D65/><U22/><AGARI ba="0,0" hai="4,6,14,16,22" m="49161,18535,22735" machi="22" ten="30,4000,0" yaku="19,1,52,1,54,1" doraHai="68" who="1" fromWho="1" sc="245,-10,320,40,245,-20,190,-10" /><INIT seed="3,0,0,5,5,35" ten="235,360,225,180" oya="3" hai0="113,58,108,66,129,41,127,67,120,79,65,30,107" hai1="88,47,105,46,9,112,29,93,73,106,111,76,91" hai2="87,63,109,117,49,99,61,7,31,80,37,102,56" hai3="95,119,116,123,13,15,40,118,133,110,42,92,85"/><W68/><G68/><T74/><D120/><U130/><E112/><V124/><F37/><W1/><G123/><T17/><D113/><U62/><E106/><V94/><F117/><W39/><G39/><T57/><D107/><U128/><E111/><V81/><F109/><W20/><G110/><T38/><D30/><U50/><E105/><V22/><F124/><W70/><G70/><T26/><D108/><U64/><E29/><V14/><F49/><W27/><G133/><T18/><D129/><N who="1" m="49771" /><E9/><N who="2" m="4415" /><F87/><W11/><G1/><T131/><D26/><U115/><E115/><V51/><F51/><W19/><G15/><T97/><D58/><N who="1" m="36951" /><E93/><V5/><F5/><W36/><G36/><T71/><D38/><U21/><E21/><V77/><F77/><W98/><G85/><T86/><D86/><U69/><E69/><V6/><F6/><W135/><G135/><T28/><D79/><U12/><E12/><V16/><F31/><W4/><REACH who="3" step="1"/><G95/><REACH who="3" ten="235,360,225,170" step="2"/><T48/><D71/><U55/><E46/><V82/><F56/><W134/><G134/><T8/><D57/><U60/><E60/><V0/><F0/><W3/><G3/><T121/><D131/><U101/><E47/><V43/><F43/><W54/><G54/><T122/><D41/><U104/><E55/><V34/><F63/><W59/><G59/><T103/><D122/><U23/><E50/><V90/><F61/><W2/><G2/><T53/><D48/><U83/><E73/><V25/><F82/><W132/><G132/><T33/><D74/><U125/><E83/><V96/><F81/><W24/><G24/><RYUUKYOKU ba="0,1" sc="235,-10,360,-10,225,-10,170,30" hai3="4,11,13,19,20,27,40,42,92,98,116,118,119" /><INIT seed="3,1,1,4,5,55" ten="225,350,215,200" oya="3" hai0="134,2,48,120,79,70,53,94,116,58,17,22,118" hai1="84,98,60,108,64,54,93,75,82,119,122,27,57" hai2="92,36,43,72,97,19,20,69,52,41,4,132,0" hai3="37,49,106,33,11,63,35,61,47,115,89,111,127"/><W71/><G115/><T23/><D120/><U29/><E122/><V32/><F72/><W131/><G37/><T88/><D2/><U42/><E75/><V46/><F32/><W9/><G106/><T76/><D70/><U90/><E108/><V68/><F132/><W103/><G103/><T34/><D34/><U65/><E119/><V85/><F85/><W8/><G111/><T12/><D134/><U39/><E42/><V80/><F80/><W81/><G131/><T6/><D6/><U114/><E39/><V50/><F43/><W87/><G127/><T91/><D91/><N who="1" m="55615" /><E114/><V10/><F41/><W126/><G126/><T30/><D118/><U125/><E125/><V124/><F36/><W129/><G129/><T13/><D116/><U86/><E84/><V133/><F133/><W78/><G35/><T123/><D123/><U112/><E112/><V102/><F124/><W107/><G107/><T104/><D104/><U14/><E14/><AGARI ba="1,1" hai="0,4,10,14,19,20,46,50,52,68,69,92,97,102" machi="14" ten="30,2000,0" yaku="7,1,54,1" doraHai="55" who="2" fromWho="1" sc="225,0,350,-23,215,33,200,0" owari="225,-17.0,327,42.0,248,5.0,200,-30.0" /></mjloggm>