<mjloggm ver="2.3"><GO type="169" lobby="0"/><UN n0="%E3%81%8F%E3%82%8D%E3%81%AF%E3%81%A1" n1="%72%75%6E%65%2D%72%61%6E" n2="%E5%B0%B1%E6%B4%BB%E7%94%9F%40%E5%B7%9D%E6%9D%91%E8%BB%8D%E5%9B%A3" n3="%E7%A5%9E%E6%A5%BD%E5%9D%82%E3%82%86%E3%81%8B" dan="18,16,17,17" rate="2188.00,2061.15,2256.64,2161.89" sx="M,M,M,M"/><TAIKYOKU oya="0"/><INIT seed="0,0,0,1,2,9" ten="250,250,250,250" oya="0" hai0="91,33,23,100,39,45,30,2,111,35,34,75,68" hai1="103,95,84,40,36,18,66,55,97,70,131,32,6" hai2="106,116,107,22,51,85,132,69,120,16,112,42,79" hai3="98,104,7,87,61,24,58,10,128,5,8,126,37"/><T63/><D2/><U73/><E73/><V4/><F120/><W46/><G126/><T59/><D75/><U113/><E6/><V65/><F112/><W118/><G118/><T125/><D125/><U43/><E131/><V53/><F42/><W102/><G128/><T27/><D68/><U119/><E119/><V117/><F4/><W124/><G124/><T88/><D111/><U101/><E32/><V129/><F129/><W25/><G87/><T1/><D1/><U77/><E113/><V108/><F108/><W123/><G123/><T13/><D100/><U60/><E55/><V121/><F121/><W80/><G80/><T38/><D13/><U127/><E127/><V133/><F65/><W26/><G46/><T72/><D72/><U56/><E70/><V47/><F69/><W11/><REACH who="3" step="1"/><G37/><REACH who="3" ten="250,250,250,240" step="2"/><T86/><D45/><U78/><E36/><V67/><F116/><W122/><G122/><T114/><D114/><U71/><E84/><V15/><F117/><W96/><G96/><T81/><REACH who="0" step="1"/><D91/><REACH who="0" ten="240,250,250,240" step="2"/><U62/><E103/><V49/><F47/><W54/><AGARI ba="0,2" hai="5,7,8,10,11,24,25,26,54,58,61,98,102,104" machi="54" ten="30,2000,0" yaku="1,1,0,1,53,0" doraHai="9" doraHaiUra="64" who="3" fromWho="3" sc="240,-10,250,-5,250,-5,240,40" /><INIT seed="1,0,0,2,2,94" ten="230,245,245,280" oya="1" hai0="33,11,131,115,112,15,29,25,67,114,48,22,61" hai1="107,16,98,50,36,21,55,129,37,60,118,65,74" hai2="75,135,105,72,111,116,30,73,70,7,49,44,34" hai3="53,54,95,86,117,17,32,2,51,125,106,126,45"/><U63/><E118/><V64/><F116/><W109/><G117/><T39/><D39/><U28/><E74/><V108/><F7/><W99/><G109/><T92/><D131/><U123/><E28/><V103/><F135/><W85/><G32/><T1/><D1/><U100/><E129/><V132/><F132/><W104/><G2/><T62/><D33/><U23/><E123/><V12/><F12/><W59/><G17/><T13/><D48/><U5/><E5/><V0/><F0/><W66/><G66/><T124/><D124/><N who="3" m="47721" /><G95/><T19/><D67/><U127/><E23/><V3/><F3/><W91/><G91/><T89/><REACH who="0" step="1"/><D13/><REACH who="0" ten="220,245,245,280" step="2"/><U97/><E127/><V57/><F64/><W35/><G35/><T113/><N who="0" m="28672" /><DORA hai="87" /><T69/><D69/><U14/><E37/><V83/><F70/><W24/><G51/><T42/><D42/><U122/><E36/><V130/><F34/><W134/><G134/><T10/><D10/><U8/><E122/><V6/><F49/><W43/><G43/><T120/><D120/><U78/><E65/><V20/><F130/><W41/><G41/><T56/><D56/><U46/><E8/><V80/><F57/><W76/><G59/><T84/><AGARI ba="0,1" hai="11,15,19,22,25,29,61,62,84,89,92" m="28672" machi="84" ten="60,8000,1" yaku="1,1,0,1,52,1,53,2" doraHai="94,87" doraHaiUra="4,88" who="0" fromWho="0" sc="220,90,245,-40,245,-20,280,-20" /><INIT seed="2,0,0,0,4,100" ten="310,205,225,260" oya="2" hai0="84,66,4,59,130,81,48,131,50,102,90,57,3" hai1="42,99,20,55,108,103,30,124,51,74,31,40,9" hai2="63,91,98,27,14,61,92,122,129,85,113,8,106" hai3="12,80,78,46,10,45,116,71,26,111,125,53,107"/><V37/><F122/><W76/><G116/><T123/><D123/><U135/><E74/><V6/><F113/><W73/><G111/><T126/><D126/><U35/><E35/><V75/><F37/><W97/><G71/><T18/><D4/><U17/><E108/><V70/><F70/><W95/><G125/><T22/><D3/><U112/><E112/><V68/><F68/><W67/><G67/><T104/><D48/><U32/><E124/><V65/><F65/><W117/><G117/><T110/><D110/><U72/><E72/><V69/><F69/><W132/><G78/><T115/><D115/><U1/><E1/><V56/><F56/><W15/><G132/><T128/><D50/><U5/><E135/><V43/><F43/><N who="1" m="16425" /><E32/><V127/><F127/><W13/><G107/><T109/><D109/><U41/><E41/><V19/><F75/><W133/><G10/><T119/><D119/><U33/><E33/><V88/><F129/><W16/><G133/><T54/><D54/><U64/><E5/><V82/><REACH who="2" step="1"/><F106/><REACH who="2" ten="310,205,215,260" step="2"/><W29/><G46/><T21/><D66/><U94/><E64/><V7/><F7/><W89/><G45/><T62/><D57/><U49/><E55/><V47/><F47/><W36/><G53/><T105/><D105/><U34/><E51/><V11/><F11/><N who="3" m="6271" /><G36/><T60/><D59/><U134/><E134/><V96/><F96/><W52/><G52/><T120/><D120/><U38/><E9/><V2/><F2/><W44/><G44/><T101/><D104/><U93/><E38/><V87/><F87/><W121/><G121/><RYUUKYOKU ba="0,1" sc="310,-15,205,-15,215,15,260,15" hai2="6,8,14,19,27,61,63,82,85,88,91,92,98" hai3="12,13,26,29,73,76,80,89,95,97" /><INIT seed="2,1,1,0,0,72" ten="295,190,230,275" oya="2" hai0="130,134,48,32,2,36,63,34,105,117,55,27,93" hai1="31,102,113,61,87,106,45,96,76,95,108,64,122" hai2="6,35,42,62,40,123,30,26,79,119,17,0,4" hai3="84,38,3,101,9,86,11,131,126,73,128,51,100"/><V15/><F123/><W21/><G38/><T114/><D114/><U94/><E31/><V107/><F107/><W81/><G21/><T89/><D105/><U39/><E39/><V125/><F119/><W37/><G37/><T124/><D36/><U91/><E45/><V52/><F125/><W97/><G126/><T20/><D124/><U68/><E113/><V74/><F4/><N who="3" m="1183" /><G11/><T1/><D130/><N who="3" m="49705" /><G51/><T66/><D134/><U54/><E54/><V67/><F6/><W7/><G7/><T22/><D22/><U29/><E29/><V112/><F0/><W5/><G5/><T8/><D117/><U115/><E115/><V13/><F112/><W41/><G41/><T46/><D8/><U71/><E122/><V90/><F15/><W59/><G59/><T110/><D110/><U116/><E116/><V103/><F67/><W33/><G33/><T58/><D1/><U49/><E49/><V53/><F17/><W57/><G57/><T82/><D82/><U99/><E108/><V120/><F13/><W104/><G101/><T92/><D2/><U127/><E127/><V78/><F103/><W23/><G23/><T77/><D32/><U85/><E71/><V111/><F120/><W109/><G109/><T129/><D34/><U16/><E106/><V60/><F111/><W80/><G73/><T24/><D66/><U47/><E64/><V83/><F40/><W18/><G18/><T70/><D70/><U88/><E96/><V69/><F42/><W118/><G118/><T50/><D129/><U65/><E68/><V56/><F69/><W28/><G28/><RYUUKYOKU ba="1,1" sc="295,-10,190,-10,230,-10,275,30" hai3="80,81,84,86,97,100,104" /><INIT seed="3,2,1,4,0,29" ten="285,180,220,305" oya="3" hai0="108,26,8,99,110,127,96,65,114,36,15,22,1" hai1="43,64,52,47,106,30,51,91,115,62,117,9,40" hai2="48,49,54,60,20,94,116,69,42,44,113,124,123" hai3="72,88,112,111,23,121,58,97,21,98,14,3,35"/><W86/><G3/><T92/><D36/><U5/><E115/><V11/><F113/><W128/><G112/><T79/><D114/><U74/><E117/><V120/><F116/><W126/><G121/><N who="2" m="46665" /><F11/><W56/><G126/><T45/><D1/><U75/><E30/><V33/><F33/><W89/><G72/><T85/><D127/><U19/><E19/><V101/><F20/><N who="3" m="7755" /><G35/><T41/><D65/><U125/><E125/><V7/><F7/><W132/><G132/><T59/><D59/><N who="3" m="22569" /><G128/><T37/><D85/><U31/><E31/><V87/><F124/><W13/><G111/><N who="0" m="42539" /><D79/><U70/><E106/><V4/><F4/><W27/><G27/><T81/><D81/><U38/><E43/><V12/><F12/><N who="3" m="4715" /><G86/><T104/><D104/><U16/><E91/><AGARI ba="2,1" hai="88,89,91,97,98" m="4715,22569,7755" machi="91" ten="30,11600,0" yaku="28,2,8,1,54,1" doraHai="29" who="3" fromWho="1" sc="285,0,180,-122,220,0,305,132" /><INIT seed="3,3,0,4,1,29" ten="285,58,220,437" oya="3" hai0="79,2,85,81,119,107,37,95,76,48,35,87,45" hai1="121,7,26,64,38,17,75,127,12,63,124,102,105" hai2="104,115,128,10,109,72,111,65,62,103,100,36,92" hai3="14,126,97,69,113,20,1,47,25,32,71,99,80"/><W94/><G113/><T98/><D2/><U86/><E75/><V114/><F36/><W55/><G1/><T60/><D119/><U0/><E121/><V96/><F10/><W66/><G126/><T123/><D123/><U39/><E0/><V112/><F72/><W77/><G32/><T135/><D135/><U67/><E7/><V108/><F128/><W131/><G14/><T15/><D107/><U9/><E86/><V52/><F52/><W110/><G131/><T54/><D35/><U57/><E67/><V78/><F78/><W93/><G110/><T53/><D37/><U70/><E57/><V132/><F132/><W27/><G66/><T16/><D60/><U50/><E50/><V125/><F125/><N who="1" m="48201" /><E26/><V30/><F30/><W5/><G5/><T59/><D59/><U61/><E61/><V24/><F24/><W90/><G47/><T40/><D85/><U13/><E13/><V43/><F43/><W106/><G106/><T118/><D118/><U22/><E9/><V11/><F11/><W6/><G55/><T84/><D84/><U129/><E129/><V82/><F62/><W19/><G27/><T44/><D76/><U18/><E18/><V46/><F65/><W49/><G49/><T116/><D116/><U83/><E83/><V73/><F46/><W4/><G71/><T101/><D44/><U117/><E117/><V120/><F120/><W89/><G69/><T51/><D51/><U91/><E91/><N who="2" m="55327" /><F104/><W42/><G42/><T23/><AGARI ba="3,0" hai="15,16,23,40,45,48,53,54,79,81,87,95,98,101" machi="23" ten="20,5200,0" yaku="0,1,7,1,8,1,54,1" doraHai="29" who="0" fromWho="0" sc="285,61,58,-16,220,-16,437,-29" /><INIT seed="4,0,0,1,1,13" ten="346,42,204,408" oya="0" hai0="3,40,56,0,97,134,7,51,50,8,31,101,113" hai1="129,121,16,81,58,52,23,118,107,28,75,109,35" hai2="22,124,37,128,32,100,59,99,10,90,87,111,94" hai3="114,104,15,86,30,106,6,135,132,46,115,64,105"/><T76/><D113/><N who="3" m="43017" /><G64/><T18/><D134/><N who="3" m="51241" /><G30/><T25/><D76/><U27/><E118/><V92/><F32/><W49/><G86/><T131/><D131/><U42/><E121/><V38/><F111/><W1/><G1/><T79/><D79/><U62/><E109/><V122/><F128/><W5/><G15/><T61/><D40/><AGARI ba="0,0" hai="5,6,40,46,49,104,105,106" m="51241,43017" machi="40" ten="40,2600,0" yaku="15,1,20,1" doraHai="13" who="3" fromWho="0" sc="346,-26,42,0,204,0,408,26" /><INIT seed="5,0,0,5,2,83" ten="320,42,204,434" oya="1" hai0="13,131,34,66,92,104,129,63,48,18,110,5,38" hai1="20,101,86,59,133,72,14,111,67,31,81,23,99" hai2="46,58,85,105,106,17,123,116,45,36,98,87,114" hai3="97,2,107,95,39,130,25,88,135,29,47,127,73"/><U125/><E72/><V128/><F116/><W52/><G127/><T134/><D110/><U91/><E125/><V27/><F123/><W82/><G130/><T80/><D104/><U42/><E42/><V74/><F74/><W62/><G2/><T102/><D38/><U61/><E133/><V24/><F36/><W7/><G7/><T9/><D34/><U70/><E111/><V16/><F58/><W51/><G135/><T79/><D134/><U90/><E23/><V56/><F56/><W12/><G12/><T71/><D48/><U3/><E3/><V78/><F98/><W115/><G107/><N who="2" m="40969" /><F78/><W57/><G39/><T121/><D121/><U8/><E31/><V65/><F65/><W4/><G4/><T54/><D54/><U120/><E20/><V50/><F50/><W119/><G119/><T22/><D92/><N who="1" m="58599" /><E70/><V84/><F114/><W124/><G73/><T11/><D102/><U108/><E108/><V126/><F128/><N who="0" m="49226" /><D5/><N who="1" m="3343" /><E120/><V40/><F40/><W96/><G115/><T100/><D100/><U28/><E28/><V68/><F68/><W122/><G122/><T75/><AGARI ba="0,0" hai="9,11,13,18,22,63,66,71,75,79,80" m="49226" machi="75" ten="30,1100,0" yaku="19,1" doraHai="83" who="0" fromWho="0" sc="320,11,42,-5,204,-3,434,-3" /><INIT seed="6,0,0,1,0,79" ten="331,37,201,431" oya="2" hai0="87,83,48,40,32,107,64,38,126,47,61,77,46" hai1="135,28,131,125,122,116,0,75,5,99,17,33,82" hai2="80,56,97,93,51,68,26,11,85,106,114,37,39" hai3="127,57,29,74,98,49,90,62,16,84,36,45,95"/><V119/><F68/><W130/><G36/><T15/><D126/><U109/><E99/><V66/><F106/><W123/><G74/><T92/><D107/><U104/><E82/><V67/><F114/><W50/><G127/><T133/><D133/><U117/><E17/><V31/><F119/><W63/><G130/><T14/><D32/><U101/><E101/><V102/><F11/><W100/><G29/><T132/><D132/><U88/><E88/><V52/><F39/><W54/><G16/><T18/><D18/><U91/><E91/><V25/><F37/><W8/><G8/><T1/><D92/><U55/><E55/><V111/><F111/><W71/><G123/><T129/><D1/><U44/><E44/><V6/><F6/><W27/><G71/><T53/><D129/><U78/><E78/><V3/><F3/><W22/><G22/><T124/><D124/><U24/><E24/><V76/><REACH who="2" step="1"/><F25/><REACH who="2" ten="331,37,191,431" step="2"/><W60/><G27/><T35/><D35/><AGARI ba="0,1" hai="26,31,35,51,52,56,66,67,76,80,85,93,97,102" machi="35" ten="30,12000,1" yaku="1,1,2,1,7,1,52,1,54,1,53,0" doraHai="79" doraHaiUra="59" who="2" fromWho="0" sc="331,-120,37,0,191,130,431,0" /><INIT seed="6,1,0,5,1,10" ten="211,37,321,431" oya="2" hai0="22,120,75,129,106,126,59,64,32,108,13,16,11" hai1="80,29,25,134,115,74,31,90,125,3,85,46,109" hai2="35,81,2,26,24,118,43,121,100,42,38,101,84" hai3="132,105,51,9,86,63,65,110,4,87,56,18,98"/><V17/><F121/><W97/><G110/><T1/><D108/><U96/><E109/><V73/><F2/><W130/><G130/><T69/><D120/><U135/><E115/><V57/><F73/><W27/><G132/><T34/><D75/><U76/><E125/><V14/><F38/><W68/><G105/><T119/><D69/><U7/><E96/><N who="3" m="36970" /><G68/><T123/><D106/><U50/><E7/><V127/><F35/><W53/><G4/><T91/><D123/><U93/><E3/><V94/><F127/><W37/><G37/><T20/><D126/><U99/><E25/><N who="2" m="9835" /><F57/><N who="3" m="37103" /><G9/><T104/><D104/><U30/><E135/><V0/><F0/><W44/><G56/><T54/><D129/><U36/><E36/><V47/><F94/><W49/><G49/><T39/><D64/><U61/><E134/><V23/><F118/><W60/><G60/><T131/><D39/><U58/><E74/><V88/><F47/><W78/><G78/><T41/><D34/><U133/><E133/><V71/><F71/><W70/><G70/><T111/><D32/><U55/><REACH who="1" step="1"/><E29/><REACH who="1" ten="211,27,321,431" step="2"/><V117/><F117/><W40/><G27/><N who="0" m="14727" /><D119/><U92/><E92/><V45/><F45/><W66/><G44/><T21/><D1/><U114/><E114/><V77/><F77/><W52/><G18/><T122/><D111/><U8/><E8/><V113/><F113/><W33/><G33/><T48/><D11/><U83/><E83/><V112/><F112/><W124/><G124/><T82/><D82/><U6/><E6/><V103/><AGARI ba="1,1" hai="14,17,23,42,43,81,84,88,100,101,103" m="9835" machi="103" ten="30,6000,0" yaku="8,1,52,1,54,1" doraHai="10" who="2" fromWho="2" sc="211,-21,27,-21,321,73,431,-21" /><INIT seed="6,2,0,4,4,112" ten="190,6,394,410" oya="2" hai0="58,57,77,73,26,90,129,53,23,76,86,106,130" hai1="22,72,61,132,110,94,33,87,82,4,45,15,124" hai2="134,113,21,1,66,99,3,43,67,25,128,127,30" hai3="104,36,89,6,64,55,119,2,97,18,92,7,59"/><V19/><F113/><W88/><G36/><T68/><D68/><U133/><E33/><V44/><F128/><N who="0" m="49258" /><D106/><U78/><E61/><V31/><F127/><W62/><G119/><T125/><D73/><U123/><E45/><V5/><F134/><N who="1" m="51817" /><E22/><V20/><F99/><W65/><G104/><T74/><D74/><U118/><E15/><V0/><F5/><N who="3" m="1547" /><G2/><T12/><D12/><U102/><E4/><V95/><F95/><N who="3" m="56551" /><G18/><N who="0" m="12663" /><D125/><U107/><E110/><V50/><REACH who="2" step="1"/><F31/><REACH who="2" ten="190,6,384,410" step="2"/><W63/><G63/><N who="0" m="36271" /><D58/><U93/><E123/><V80/><F80/><AGARI ba="2,1" hai="76,77,80,86,90" m="36271,12663,49258" machi="80" ten="30,1000,0" yaku="19,1" doraHai="112" who="0" fromWho="2" sc="190,26,6,0,384,-16,410,0" /><INIT seed="7,0,0,0,1,35" ten="216,6,368,410" oya="3" hai0="129,86,101,121,4,18,49,125,96,67,25,89,90" hai1="12,109,13,43,50,105,97,126,124,116,29,110,70" hai2="1,114,132,133,102,36,17,27,66,98,84,34,115" hai3="24,119,21,81,58,33,92,83,68,82,31,11,63"/><W30/><G119/><T111/><D89/><U47/><E29/><N who="2" m="19775" /><F84/><W53/><G68/><T76/><D49/><U64/><E70/><V135/><F36/><W9/><G33/><T7/><D90/><U122/><E64/><V32/><F32/><W3/><G3/><T37/><D18/><U75/><E50/><V5/><F17/><N who="3" m="12335" /><G92/><T106/><D96/><U80/><E97/><V40/><F40/><W59/><G59/><T117/><D86/><U45/><E43/><V52/><F66/><W73/><G73/><T23/><D101/><U8/><E8/><AGARI ba="0,0" hai="8,9,11,30,31,53,58,63,81,82,83" m="12335" machi="8" ten="30,1500,0" yaku="8,1" doraHai="35" who="3" fromWho="1" sc="216,0,6,-15,368,0,410,15" owari="216,-18.0,-9,-51.0,368,17.0,425,52.0" /></mjloggm>