<mjloggm ver="2.3"><GO type="169" lobby="0"/><UN n0="%E5%B0%B1%E6%B4%BB%E7%94%9F%40%E5%B7%9D%E6%9D%91%E8%BB%8D%E5%9B%A3" n1="%E3%80%93%E3%81%84%E3%81%A1%E3%81%AF%E3%82%89%E3%80%93" n2="%E3%81%A8%E3%82%82%E3%81%8D%E3%82%85%E3%82%93%E2%99%AA" n3="%E3%83%86%E3%83%AC%E3%83%93%E3%81%A3%E5%AD%90" dan="18,18,16,16" rate="2220.04,2219.26,2079.44,2119.51" sx="M,M,F,M"/><TAIKYOKU oya="0"/><INIT seed="0,0,0,4,3,82" ten="250,250,250,250" oya="0" hai0="37,123,39,10,25,42,120,114,126,16,128,45,0" hai1="107,35,134,59,50,15,119,115,60,73,55,102,132" hai2="31,56,80,66,36,23,47,97,9,40,74,8,62" hai3="85,96,51,111,106,129,105,113,18,67,118,94,135"/><T108/><D114/><U52/><E35/><V133/><F133/><N who="1" m="51305" /><E73/><V71/><F71/><W49/><G135/><T43/><D128/><U57/><E107/><V99/><F99/><W61/><G129/><T77/><D126/><U14/><E102/><V89/><F74/><W104/><G118/><T101/><D108/><U19/><E119/><V83/><F83/><W5/><G111/><T2/><D101/><U130/><E130/><V29/><F29/><W90/><G113/><T70/><D70/><U91/><E115/><V48/><F36/><W98/><G5/><T28/><D77/><U76/><E76/><V13/><F97/><W109/><G109/><T22/><D2/><U34/><E34/><V30/><F23/><W53/><G18/><T81/><D81/><U17/><E91/><V84/><REACH who="2" step="1"/><F9/><REACH who="2" ten="250,250,240,250" step="2"/><W20/><G20/><T63/><D28/><U6/><E15/><V88/><F88/><W38/><G38/><T24/><D24/><U68/><E68/><V69/><F69/><W110/><G110/><T78/><D78/><U65/><E65/><V86/><F86/><W7/><G98/><T27/><D27/><U131/><E131/><V26/><F26/><W75/><G75/><T93/><D0/><U117/><E117/><V125/><F125/><W21/><G67/><T64/><D64/><U41/><E41/><V12/><F12/><W95/><G105/><T112/><D42/><U124/><E124/><V46/><F46/><W1/><G106/><T33/><D33/><U122/><E122/><V3/><F3/><W100/><G1/><T121/><D120/><RYUUKYOKU ba="0,1" sc="250,-15,250,15,240,15,250,-15" hai1="6,14,17,19,50,52,55,57,59,60" hai2="8,13,30,31,40,47,48,56,62,66,80,84,89" /><INIT seed="1,1,1,5,1,33" ten="235,265,255,235" oya="1" hai0="92,119,87,69,73,60,23,51,1,41,128,133,72" hai1="88,100,12,35,15,55,63,16,114,7,47,37,97" hai2="64,82,8,123,58,2,22,71,5,48,103,57,74" hai3="85,96,135,56,59,106,131,126,102,42,39,120,49"/><U78/><E35/><V107/><F123/><W70/><G70/><T80/><D119/><U84/><E114/><V86/><F74/><W129/><G120/><T67/><D133/><U61/><E78/><V124/><F124/><W38/><G126/><T89/><D128/><N who="3" m="49225" /><G135/><T134/><D134/><U98/><E7/><V75/><F75/><W108/><G108/><T95/><D1/><U20/><E15/><V9/><F107/><W26/><G26/><T79/><D23/><U81/><E37/><N who="3" m="13834" /><G85/><T68/><D68/><U105/><REACH who="1" step="1"/><E98/><REACH who="1" ten="235,255,255,235" step="2"/><V10/><F5/><W104/><G104/><T121/><D121/><U116/><E116/><V54/><F2/><W113/><G113/><T118/><D118/><U11/><E11/><V66/><F22/><W0/><G0/><T91/><D79/><U44/><E44/><AGARI ba="1,2" hai="42,44,49,56,59,96,102,106" m="13834,49225" machi="44" ten="30,1000,0" yaku="19,1" doraHai="33" who="3" fromWho="1" sc="235,0,255,-13,255,0,235,33" /><INIT seed="2,0,0,4,4,120" ten="235,242,255,268" oya="2" hai0="119,4,95,125,38,69,111,9,8,77,75,67,94" hai1="49,100,59,11,30,132,102,87,6,34,96,133,131" hai2="35,52,82,92,27,110,99,43,36,54,79,47,85" hai3="5,13,33,65,3,122,22,135,42,58,63,48,123"/><V114/><F114/><W91/><G33/><T44/><D119/><U106/><E131/><V51/><F36/><W66/><G135/><T90/><D125/><U50/><E102/><V15/><F110/><W71/><G66/><T112/><D112/><U128/><E128/><V107/><F107/><W37/><G3/><T45/><D67/><U104/><E104/><V41/><F41/><W29/><G91/><T56/><D56/><U24/><E87/><V113/><F113/><W83/><G83/><T81/><D69/><U68/><E68/><V117/><F117/><W19/><G19/><T73/><D90/><U20/><E34/><V46/><F46/><W124/><G124/><T109/><D38/><U61/><E133/><V72/><F72/><W86/><G86/><T130/><D130/><U80/><E80/><V2/><F2/><W17/><G17/><T115/><D115/><U26/><E26/><V127/><F127/><W25/><G25/><T53/><D53/><U105/><E105/><V39/><F39/><W97/><G97/><T101/><D101/><U31/><E31/><V28/><REACH who="2" step="1"/><F15/><REACH who="2" ten="235,242,245,268" step="2"/><W7/><G7/><T118/><D118/><U70/><E132/><V134/><F134/><W76/><G13/><T84/><D73/><U129/><E129/><V89/><AGARI ba="0,1" hai="27,28,35,43,47,51,52,54,79,82,85,89,92,99" machi="89" ten="20,12000,1" yaku="1,1,0,1,7,1,54,1,53,1" doraHai="120" doraHaiUra="21" who="2" fromWho="2" sc="235,-40,242,-40,245,130,268,-40" /><INIT seed="2,1,0,3,2,40" ten="195,202,375,228" oya="2" hai0="114,74,133,86,121,103,36,57,98,61,16,55,49" hai1="110,134,120,31,27,69,108,124,14,84,33,26,123" hai2="131,64,83,56,54,70,94,47,101,39,63,127,73" hai3="68,71,18,52,30,2,125,90,45,122,5,10,104"/><V113/><F113/><W32/><G122/><N who="1" m="46634" /><E69/><V46/><F131/><W4/><G125/><T24/><D74/><U42/><E84/><V107/><F107/><W7/><G104/><T43/><D114/><U21/><E42/><V9/><F127/><W37/><G68/><T116/><D116/><U115/><E124/><V95/><F39/><W91/><G71/><T72/><D72/><U129/><E115/><V102/><F73/><W59/><G2/><T48/><D121/><U76/><E76/><V8/><F70/><W60/><G32/><T13/><D133/><U1/><E1/><V112/><F64/><W34/><G34/><T35/><D86/><U99/><E99/><N who="2" m="59639" /><F83/><W19/><G30/><T15/><D15/><U11/><E129/><V23/><F23/><W78/><G78/><T81/><D81/><U3/><E3/><V130/><F130/><W51/><G37/><T82/><D82/><U93/><E93/><V53/><F53/><W20/><G10/><N who="2" m="4201" /><F112/><W106/><G106/><T135/><D135/><U75/><E75/><V28/><F28/><W96/><G96/><AGARI ba="1,0" hai="46,47,54,56,63,95,96,102" m="4201,59639" machi="96" ten="30,5800,0" yaku="8,1,52,2" doraHai="40" who="2" fromWho="3" sc="195,0,202,0,375,61,228,-61" /><INIT seed="2,2,0,3,5,57" ten="195,202,436,167" oya="2" hai0="62,109,66,78,103,99,96,133,48,81,36,117,124" hai1="9,127,6,49,130,20,60,43,38,13,46,73,28" hai2="79,12,82,97,41,30,115,105,3,33,94,83,51" hai3="101,111,119,5,23,90,0,54,8,88,110,29,106"/><V69/><F3/><W104/><G119/><T14/><D36/><U16/><E73/><V108/><F115/><W25/><G101/><T80/><D109/><N who="3" m="41481" /><G54/><T128/><D124/><U95/><E127/><V93/><F105/><AGARI ba="2,0" hai="0,5,8,23,25,29,88,90,104,105,106" m="41481" machi="105" ten="30,2000,0" yaku="14,1,54,1" doraHai="57" who="3" fromWho="2" sc="195,0,202,0,436,-26,167,26" /><INIT seed="3,0,0,1,5,73" ten="195,202,410,193" oya="3" hai0="122,44,66,130,114,87,117,96,53,97,26,100,98" hai1="15,5,20,65,69,9,115,129,91,7,24,71,79" hai2="118,126,13,40,92,38,50,74,121,51,60,10,42" hai3="82,90,77,120,107,125,63,134,39,83,78,21,35"/><W76/><G35/><T128/><D122/><U72/><E115/><V106/><F106/><W36/><G120/><T80/><D66/><U102/><E129/><N who="0" m="49769" /><D26/><U104/><E7/><V68/><F74/><W93/><G107/><N who="0" m="63879" /><D53/><U49/><E91/><V70/><F126/><W45/><G125/><T6/><D6/><U17/><E65/><V48/><F92/><W8/><G134/><T43/><D114/><U25/><E102/><V4/><F118/><W30/><G8/><T109/><D109/><U22/><E104/><V57/><F121/><W52/><G36/><N who="0" m="21607" /><D117/><U2/><E49/><V3/><F10/><W101/><G101/><T88/><AGARI ba="0,0" hai="80,87,88,97,98" m="21607,63879,49769" machi="88" ten="30,2000,0" yaku="19,1,54,1" doraHai="73" who="0" fromWho="0" sc="195,20,202,-5,410,-5,193,-10" /><INIT seed="4,0,0,5,2,114" ten="215,197,405,183" oya="0" hai0="8,48,87,124,52,61,44,55,9,7,21,125,105" hai1="102,98,53,77,106,46,24,90,72,95,83,60,120" hai2="92,117,103,112,121,14,57,13,11,3,79,135,37" hai3="129,127,27,81,71,45,10,49,116,84,74,132,101"/><T131/><D105/><U118/><E120/><V73/><F37/><W93/><G71/><T15/><D131/><U88/><E118/><V68/><F117/><W107/><G116/><T69/><D21/><U85/><E24/><V89/><F103/><W119/><G119/><T1/><D87/><N who="1" m="52639" /><E60/><V126/><F126/><N who="0" m="48746" /><D69/><U50/><E50/><V94/><F135/><W12/><G132/><T43/><D61/><U86/><E53/><V59/><F68/><W58/><G129/><T42/><D55/><U56/><E56/><V100/><F59/><W128/><G128/><T4/><AGARI ba="0,0" hai="1,4,7,8,9,15,42,43,44,48,52" m="48746" machi="4" ten="30,3000,0" yaku="18,1,54,1" doraHai="114" who="0" fromWho="0" sc="215,30,197,-10,405,-10,183,-10" /><INIT seed="4,1,0,3,2,8" ten="245,187,395,173" oya="0" hai0="29,70,107,10,90,133,14,73,109,54,135,119,128" hai1="19,125,131,6,1,96,126,9,113,28,101,31,105" hai2="7,45,50,121,130,81,42,72,104,94,58,84,40" hai3="115,76,24,33,93,36,65,46,111,91,25,32,103"/><T60/><D107/><U61/><E131/><V55/><F104/><W49/><G111/><T68/><D73/><U51/><E113/><V83/><F121/><W5/><G115/><T41/><D119/><U120/><E120/><V17/><F72/><W134/><G134/><N who="0" m="51211" /><D41/><U38/><E38/><V102/><F7/><W52/><G76/><T74/><D74/><U100/><E100/><V47/><F130/><W117/><G117/><T27/><D128/><U56/><E51/><N who="2" m="27063" /><F17/><W57/><G103/><T12/><D90/><U118/><E19/><V0/><F0/><W30/><G5/><T43/><D43/><U16/><E16/><V11/><F11/><W99/><G36/><T15/><D10/><U79/><E79/><V62/><F102/><W122/><G122/><T87/><D87/><U2/><E2/><V88/><AGARI ba="1,0" hai="40,47,50,55,58,62,81,83,84,88,94" m="27063" machi="88" ten="30,2000,0" yaku="8,1,54,1" doraHai="8" who="2" fromWho="2" sc="245,-11,187,-6,395,23,173,-6" /><INIT seed="5,0,0,1,3,78" ten="234,181,418,167" oya="1" hai0="88,19,123,118,75,43,28,89,5,14,13,116,79" hai1="18,58,63,56,20,9,66,47,104,4,12,35,26" hai2="110,129,38,91,10,83,51,80,2,67,126,108,109" hai3="74,32,22,99,96,90,61,39,81,97,84,113,36"/><U48/><E104/><V117/><F38/><W7/><G32/><T69/><D69/><U50/><E35/><V120/><F120/><W68/><G113/><T16/><D5/><U73/><E73/><V128/><F117/><W0/><G74/><T30/><D75/><U65/><E50/><V124/><F67/><W70/><G7/><T106/><D106/><U25/><E58/><V45/><F91/><W8/><G8/><T77/><REACH who="0" step="1"/><D43/><REACH who="0" ten="224,181,418,167" step="2"/><U131/><E131/><V82/><F128/><W107/><G107/><T64/><D64/><N who="1" m="39015" /><E26/><V37/><F129/><W95/><G70/><T60/><D60/><U87/><E87/><V85/><F85/><W23/><G68/><T31/><D31/><U112/><E112/><V24/><F24/><W71/><G71/><T133/><D133/><U57/><E57/><V62/><F62/><W134/><G61/><T101/><D101/><U115/><E115/><V52/><F37/><W3/><G134/><T72/><D72/><U21/><E21/><V53/><F108/><W105/><G105/><T76/><D76/><U93/><E93/><V29/><F109/><W121/><G36/><T135/><D135/><U132/><E132/><V54/><F110/><W15/><G39/><T46/><D46/><U59/><E59/><V44/><F29/><W119/><G23/><T41/><D41/><AGARI ba="0,1" hai="4,9,12,18,20,25,41,47,48,65,66" m="39015" machi="41" ten="30,1500,0" yaku="8,1" doraHai="78" who="1" fromWho="0" sc="224,-15,181,25,418,0,167,0" /><INIT seed="5,1,0,3,1,36" ten="209,206,418,167" oya="1" hai0="103,130,41,133,76,56,35,43,102,110,3,20,64" hai1="18,96,115,0,82,52,118,60,51,97,101,62,95" hai2="71,15,48,93,58,28,94,90,54,125,45,21,24" hai3="30,98,44,105,38,116,126,112,27,123,128,67,88"/><U127/><E118/><V78/><F71/><W92/><G116/><T40/><D35/><U4/><E115/><V124/><F78/><W117/><G117/><T77/><D110/><U8/><E127/><V104/><F104/><W108/><G112/><T16/><D3/><U53/><E53/><V80/><F15/><W135/><G126/><N who="2" m="48745" /><F58/><W25/><G108/><T37/><D37/><U5/><E5/><V111/><F111/><W34/><G123/><T2/><D2/><U7/><E7/><V57/><F57/><W72/><G135/><T23/><D23/><U12/><E82/><V50/><F50/><W55/><G128/><T22/><D22/><U83/><E83/><V49/><F49/><W70/><G72/><T10/><D10/><U91/><E4/><V19/><F19/><W33/><G105/><T86/><D130/><U132/><E0/><V74/><F74/><W75/><G75/><T42/><D133/><U1/><E1/><V129/><F129/><W114/><G114/><T120/><D120/><U113/><E113/><V85/><AGARI ba="1,0" hai="21,24,28,45,48,54,80,85,90,93,94" m="48745" machi="85" ten="30,1100,0" yaku="18,1" doraHai="36" who="2" fromWho="2" sc="209,-4,206,-6,418,14,167,-4" /><INIT seed="6,0,0,4,4,18" ten="205,200,432,163" oya="2" hai0="80,122,116,98,29,11,20,7,115,102,38,93,32" hai1="40,81,0,41,105,22,96,17,119,39,1,89,56" hai2="128,14,127,135,74,63,76,50,42,123,37,90,117" hai3="71,85,24,33,15,104,6,47,57,66,111,84,27"/><V54/><F123/><W132/><G111/><T53/><D122/><U55/><E119/><V110/><F117/><W68/><G104/><T46/><D32/><U48/><E39/><V124/><F135/><W3/><G132/><T10/><D115/><U133/><E133/><V131/><F90/><W77/><G3/><T129/><D129/><U25/><E1/><V78/><F14/><W36/><G68/><T100/><D100/><U13/><E0/><V107/><F63/><N who="3" m="38255" /><G36/><T21/><D29/><U130/><E130/><V70/><F50/><W73/><G73/><T2/><D116/><U28/><E105/><V99/><F99/><W118/><G33/><T31/><D31/><U86/><REACH who="1" step="1"/><E96/><REACH who="1" ten="205,190,432,163" step="2"/><V64/><F107/><W75/><G118/><T121/><D38/><U58/><E58/><V125/><F37/><W19/><G71/><T82/><D121/><U43/><E43/><V95/><F42/><W49/><G47/><T87/><D46/><U79/><E79/><V23/><F76/><W112/><G77/><T126/><D98/><U72/><E72/><V5/><F74/><W101/><G75/><T120/><D2/><U52/><E52/><V12/><F54/><W88/><G84/><T9/><D53/><U30/><E30/><V67/><F70/><W113/><G85/><T35/><D87/><U114/><E114/><V60/><F128/><W51/><G113/><T61/><D120/><U34/><AGARI ba="0,1" hai="13,17,22,25,28,34,40,41,48,55,56,81,86,89" machi="34" ten="20,5200,0" yaku="1,1,0,1,7,1,52,1,53,0" doraHai="18" doraHaiUra="69" who="1" fromWho="1" sc="205,-13,190,62,432,-26,163,-13" /><INIT seed="7,0,0,4,1,42" ten="192,252,406,150" oya="3" hai0="106,56,17,62,91,55,9,13,6,52,59,40,105" hai1="68,102,53,2,73,11,110,75,8,112,27,88,38" hai2="19,39,3,24,21,119,10,67,89,95,29,131,41" hai3="126,4,134,31,28,127,43,81,113,82,104,101,60"/><W22/><G113/><T117/><D117/><U47/><E110/><V87/><F131/><W25/><G134/><T51/><D40/><U85/><E68/><V103/><F119/><W65/><G4/><T107/><D91/><U135/><E112/><V116/><F116/><W30/><G101/><T74/><D74/><U96/><E75/><V124/><F67/><W130/><G104/><T32/><D32/><U122/><E73/><V84/><F103/><W129/><G43/><T132/><REACH who="0" step="1"/><D132/><REACH who="0" ten="182,252,406,150" step="2"/><U70/><E135/><V7/><F124/><N who="3" m="47659" /><G82/><T35/><D35/><U76/><E38/><V57/><F57/><N who="3" m="37007" /><G81/><T77/><D77/><U26/><E76/><V92/><F41/><W69/><G69/><T63/><D63/><U109/><E70/><V5/><F39/><W0/><G0/><T20/><D20/><U118/><E118/><V120/><F120/><W34/><G34/><T54/><D54/><U50/><E122/><V58/><F3/><W72/><G72/><T33/><D33/><U99/><E2/><V18/><F58/><W61/><G61/><T86/><D86/><U128/><E85/><V44/><F87/><W133/><G133/><T94/><D94/><U46/><E102/><V78/><F95/><W1/><G1/><T48/><D48/><U97/><E50/><V66/><F78/><W83/><G83/><T125/><D125/><U14/><E97/><V123/><F123/><W79/><G79/><T23/><D23/><U100/><E99/><V93/><F93/><W45/><G45/><T16/><AGARI ba="0,1" hai="6,9,13,16,17,51,52,55,56,59,62,105,106,107" machi="16" ten="40,8000,1" yaku="1,1,0,1,54,2,53,0" doraHai="42" doraHaiUra="115" who="0" fromWho="0" sc="182,90,252,-20,406,-20,150,-40" owari="272,7.0,232,-17.0,386,49.0,110,-39.0" /></mjloggm>