<mjloggm ver="2.3"><GO type="169" lobby="0"/><UN n0="%E3%81%95%E3%82%8A%E3%83%BC%E3%81%99%E3%81%93%E3%81%A3%E3%81%A8" n1="%E6%A1%9C%E4%BA%95%E3%81%95%E3%82%93" n2="%E5%B0%B1%E6%B4%BB%E7%94%9F%40%E5%B7%9D%E6%9D%91%E8%BB%8D%E5%9B%A3" n3="%E9%85%94%E5%A5%B4%E4%BA%BA" dan="16,18,17,17" rate="2153.59,2179.91,2164.97,2184.49" sx="F,M,M,M"/><TAIKYOKU oya="0"/><INIT seed="0,0,0,1,0,100" ten="250,250,250,250" oya="0" hai0="117,80,129,3,125,135,17,94,65,60,93,50,9" hai1="131,90,123,19,29,101,56,30,38,77,105,5,54" hai2="86,97,102,133,134,87,43,21,88,36,27,82,26" hai3="42,48,51,16,120,110,81,67,35,52,31,116,20"/><T22/><D117/><U69/><E123/><V6/><F6/><W46/><G116/><T122/><D122/><U71/><E38/><V95/><F27/><W63/><G110/><T121/><D121/><U112/><E131/><V57/><F57/><W47/><G120/><T96/><D135/><U76/><E112/><V132/><F86/><W91/><G35/><T98/><D129/><U114/><E114/><V108/><F108/><W45/><G31/><T115/><D125/><U113/><E113/><V49/><F49/><W1/><G1/><T68/><D9/><U109/><E109/><V34/><F34/><W15/><G81/><T33/><D3/><U25/><E5/><V99/><F99/><W14/><G91/><T74/><D33/><U37/><E37/><V58/><F58/><N who="3" m="37367" /><G46/><T23/><D50/><U18/><E90/><V39/><REACH who="2" step="1"/><F43/><REACH who="2" ten="250,250,240,250" step="2"/><W126/><G126/><T59/><D98/><U73/><E25/><AGARI ba="0,1" hai="14,15,16,20,25,42,45,47,48,51,52" m="37367" machi="25" ten="30,3900,0" yaku="8,1,54,2" doraHai="100" who="3" fromWho="1" sc="250,0,250,-39,240,0,250,49" /><INIT seed="1,0,0,0,2,20" ten="250,211,240,299" oya="1" hai0="55,114,99,122,47,60,41,13,70,124,12,96,117" hai1="131,7,126,2,34,40,81,73,134,52,49,72,116" hai2="4,53,130,58,129,46,29,39,94,30,109,82,8" hai3="75,128,133,31,119,100,28,33,62,127,63,57,21"/><U111/><E116/><V97/><F109/><W102/><G75/><T45/><D114/><U10/><E111/><V18/><F39/><W26/><G119/><T80/><D124/><U17/><E126/><V93/><F46/><W107/><G127/><T125/><D125/><U74/><E131/><N who="2" m="50187" /><F18/><W85/><G128/><T110/><D70/><U32/><E134/><V90/><F82/><W91/><G133/><T0/><D80/><U98/><E81/><V95/><F30/><W78/><G78/><T50/><D0/><U132/><E132/><V89/><F29/><W3/><G3/><T108/><D122/><U61/><E98/><V16/><F16/><W115/><G115/><T5/><D117/><U135/><E135/><V44/><F44/><W35/><G21/><T43/><D5/><U105/><E105/><V14/><F97/><W113/><G113/><T104/><D104/><U68/><E40/><V42/><F42/><W66/><G107/><T67/><D110/><U9/><E9/><V103/><F103/><W106/><G106/><T64/><D96/><U36/><E36/><V86/><F86/><W88/><G85/><T65/><D99/><U6/><E6/><V56/><F56/><W118/><G57/><N who="0" m="34879" /><D108/><U59/><REACH who="1" step="1"/><E17/><REACH who="1" ten="250,201,240,299" step="2"/><V38/><F38/><W101/><G118/><T112/><D112/><U48/><E48/><AGARI ba="0,1" hai="4,8,14,48,53,58,89,90,93,94,95" m="50187" machi="48" ten="30,1000,0" yaku="19,1" doraHai="20" who="2" fromWho="1" sc="250,0,201,-10,240,20,299,0" /><AGARI ba="0,0" hai="12,13,41,43,45,47,48,50,64,65,67" m="34879" machi="48" ten="30,1000,0" yaku="8,1" doraHai="20" who="0" fromWho="1" sc="250,10,191,-10,260,0,299,0" /><INIT seed="2,0,0,0,1,126" ten="260,181,260,299" oya="2" hai0="89,87,120,78,84,64,19,110,55,47,103,102,50" hai1="38,79,11,48,135,130,75,83,111,69,88,60,68" hai2="93,112,5,98,44,134,49,121,53,119,15,52,70" hai3="72,57,123,118,107,28,7,105,33,95,2,27,85"/><V73/><F121/><W42/><G123/><T104/><D110/><U71/><E38/><V132/><F73/><W97/><G118/><T113/><D113/><U124/><E111/><V51/><F112/><W67/><G85/><T108/><D108/><U115/><E115/><V16/><F5/><W12/><G12/><T32/><D32/><U86/><E124/><V6/><F6/><W10/><G72/><T20/><D104/><U22/><E135/><N who="2" m="51755" /><F70/><W133/><G133/><T116/><D116/><U81/><E130/><V37/><F37/><W8/><G8/><T100/><D64/><U129/><E129/><V127/><F127/><W26/><G42/><T18/><D120/><U3/><E22/><N who="2" m="11551" /><F119/><W41/><G41/><T31/><D31/><U29/><E29/><V43/><F51/><W114/><G114/><T96/><D78/><U66/><E3/><V35/><F35/><W30/><G30/><T90/><D96/><U58/><REACH who="1" step="1"/><E11/><REACH who="1" ten="260,171,260,299" step="2"/><V59/><F59/><W106/><G28/><T25/><D20/><U17/><E17/><V92/><F92/><W14/><G2/><T76/><D18/><U61/><E61/><V80/><F80/><W74/><G33/><T46/><D19/><U34/><E34/><V56/><F56/><W39/><G39/><T65/><D46/><U91/><E91/><AGARI ba="0,1" hai="43,44,49,52,53,91,93,98" m="11551,51755" machi="91" ten="30,5800,0" yaku="20,1,54,2" doraHai="126" who="2" fromWho="1" sc="260,0,171,-58,260,68,299,0" /><INIT seed="2,1,0,5,3,83" ten="260,113,328,299" oya="2" hai0="1,47,98,80,73,91,33,26,95,8,31,127,70" hai1="112,132,54,85,78,100,22,65,102,57,125,116,40" hai2="118,5,12,14,17,7,37,15,24,101,122,29,105" hai3="134,97,111,3,129,19,93,81,4,103,117,110,27"/><V52/><F37/><W32/><G117/><T123/><D123/><U84/><E116/><V126/><F118/><W20/><G129/><T58/><D127/><U86/><E112/><V41/><F41/><W128/><G128/><T119/><D70/><U120/><E125/><V115/><F122/><W68/><G68/><T61/><D47/><U131/><E131/><V77/><F77/><W38/><G38/><T114/><D114/><U106/><E120/><V46/><F126/><W2/><G134/><T0/><D119/><U60/><E132/><V94/><F105/><W62/><G62/><T34/><D34/><U76/><E40/><V53/><F17/><W89/><G32/><T109/><D8/><U9/><E106/><V42/><F115/><W71/><G71/><T30/><D30/><U121/><E121/><V44/><F42/><W50/><G50/><T67/><D109/><N who="3" m="41481" /><G4/><T11/><D11/><U99/><E9/><V23/><F46/><W104/><G81/><T36/><D36/><U35/><E35/><V72/><F72/><W133/><G133/><T63/><D63/><U18/><E65/><V6/><F44/><W16/><G19/><T82/><D82/><U66/><E66/><V92/><F101/><N who="1" m="39017" /><E99/><AGARI ba="1,0" hai="2,3,16,20,27,89,93,97,99,103,104" m="41481" machi="99" ten="30,2000,0" yaku="14,1,54,1" doraHai="83" who="3" fromWho="1" sc="260,0,113,-23,328,0,299,23" /><INIT seed="3,0,0,2,5,59" ten="260,90,328,322" oya="3" hai0="128,6,69,82,55,28,121,122,26,10,92,119,31" hai1="20,118,94,88,47,49,112,51,22,58,29,61,110" hai2="85,36,117,60,13,27,24,134,41,19,14,57,40" hai3="127,89,46,70,80,54,66,100,95,86,37,115,9"/><W133/><G115/><T21/><D69/><U32/><E112/><V30/><F117/><W102/><G127/><T39/><D119/><U17/><E118/><V12/><F134/><W131/><G133/><T109/><D39/><U7/><E110/><V65/><F36/><W84/><G131/><T129/><D55/><U11/><E32/><V25/><F30/><W45/><G45/><T64/><D64/><U93/><E93/><V116/><F116/><W50/><G37/><T91/><D82/><U1/><E29/><V126/><F126/><W105/><G105/><T113/><D28/><U71/><E71/><V52/><F19/><W104/><G104/><T2/><D109/><U74/><E74/><V132/><F132/><W18/><G66/><T0/><D0/><U75/><E75/><V33/><F33/><W81/><G95/><T77/><D77/><U107/><E107/><V124/><F124/><W111/><G70/><T35/><D35/><U78/><E78/><V38/><F38/><W106/><G106/><T130/><REACH who="0" step="1"/><D113/><REACH who="0" ten="250,90,328,322" step="2"/><U114/><E114/><V101/><F65/><W56/><G111/><T48/><D48/><U83/><E83/><V103/><F85/><AGARI ba="0,1" hai="2,6,10,21,26,31,85,91,92,121,122,128,129,130" machi="85" ten="40,2600,0" yaku="1,1,19,1,53,0" doraHai="59" doraHaiUra="67" who="0" fromWho="2" sc="250,36,90,0,328,-26,322,0" /><INIT seed="4,0,0,5,0,46" ten="286,90,302,322" oya="0" hai0="19,67,52,89,26,99,72,74,85,82,95,121,47" hai1="97,90,78,70,127,12,102,20,81,31,36,75,60" hai2="119,111,21,80,87,65,29,79,129,50,39,23,9" hai3="96,32,37,123,27,69,100,5,6,86,120,108,110"/><T55/><D121/><N who="3" m="46665" /><G86/><T25/><D72/><U76/><E127/><V2/><F39/><W103/><G103/><N who="0" m="60927" /><D74/><U33/><E36/><V24/><F111/><W128/><G37/><T73/><D73/><U34/><E78/><V0/><F129/><W133/><G128/><T93/><D67/><U22/><E90/><V43/><F119/><W125/><G69/><T28/><D28/><U105/><E12/><V88/><F65/><W66/><G66/><T7/><D7/><N who="3" m="2569" /><G125/><T92/><D19/><U53/><E70/><V115/><F115/><W118/><G133/><T8/><D8/><U131/><E131/><V58/><F9/><W1/><G1/><T16/><D16/><U13/><E13/><V84/><F21/><W126/><G126/><T116/><D116/><U109/><E109/><V18/><F29/><N who="3" m="19519" /><G118/><T35/><D35/><U132/><E132/><V45/><REACH who="2" step="1"/><F58/><REACH who="2" ten="286,90,292,322" step="2"/><W106/><AGARI ba="0,1" hai="96,100,106,108,110" m="19519,2569,46665" machi="106" ten="30,1100,0" yaku="13,1" doraHai="46" who="3" fromWho="3" sc="286,-5,90,-3,292,-3,322,21" /><INIT seed="5,0,0,1,0,70" ten="281,87,289,343" oya="1" hai0="114,23,73,5,60,64,55,57,127,100,37,77,42" hai1="43,123,88,134,107,110,116,36,32,128,133,124,29" hai2="54,81,44,72,61,104,99,92,75,24,108,27,39" hai3="35,15,109,117,135,7,119,9,30,34,105,69,59"/><U96/><RYUUKYOKU type="yao9" ba="0,0" sc="281,0,87,0,289,0,343,0" hai1="29,32,36,43,88,96,107,110,116,123,124,128,133,134" /><INIT seed="5,1,0,0,3,3" ten="281,87,289,343" oya="1" hai0="97,0,123,49,65,45,38,80,108,36,135,17,127" hai1="75,15,14,106,93,58,5,52,104,26,20,89,85" hai2="96,59,101,44,4,128,73,23,79,91,29,115,68" hai3="92,18,69,39,41,42,19,9,117,28,77,133,74"/><U66/><E75/><V109/><F68/><W27/><G69/><T120/><D108/><U113/><E113/><V119/><F109/><W105/><G105/><T11/><D135/><U22/><E106/><V87/><F119/><W50/><G39/><T100/><D65/><U83/><E104/><V32/><F32/><W2/><G133/><T132/><D80/><U107/><E107/><V60/><F44/><W55/><G117/><T10/><D17/><U126/><E126/><V51/><F51/><W130/><G19/><T31/><D31/><U88/><E66/><V86/><F73/><W57/><G130/><T112/><D112/><U82/><E82/><V76/><F86/><W8/><G8/><T37/><D127/><U110/><E110/><V1/><F96/><W48/><G92/><N who="0" m="58407" /><D0/><U103/><E103/><V43/><F101/><W63/><G18/><T46/><D46/><U7/><E15/><V81/><F43/><W129/><G129/><T131/><D131/><U94/><E14/><V54/><F128/><W78/><G74/><T62/><D62/><N who="1" m="36167" /><E83/><V12/><F115/><W33/><G42/><N who="0" m="24759" /><D132/><U102/><E102/><V47/><F47/><W24/><G41/><T98/><D120/><U6/><E26/><N who="2" m="16607" /><F1/><W53/><G27/><T134/><D123/><U118/><E118/><V67/><F67/><W40/><G40/><T116/><D134/><U114/><E114/><V16/><F76/><N who="3" m="29291" /><G55/><T84/><D116/><U34/><E34/><V61/><F79/><W64/><G53/><T21/><D36/><U72/><E72/><V124/><F124/><W125/><G125/><RYUUKYOKU ba="1,0" sc="281,-15,87,15,289,-15,343,15" hai1="5,6,7,20,22,85,88,89,93,94" hai3="2,9,24,28,33,48,50,57,63,64" /><INIT seed="5,2,0,3,5,32" ten="266,102,274,358" oya="1" hai0="40,35,97,25,80,116,75,81,43,70,68,19,96" hai1="57,102,41,131,4,27,17,110,39,98,83,37,64" hai2="63,47,130,38,72,128,50,132,13,115,87,114,89" hai3="46,71,117,10,5,60,66,109,93,29,20,94,15"/><U61/><E131/><N who="2" m="50219" /><F72/><W82/><G109/><T67/><D35/><U127/><E110/><V84/><F38/><W59/><G71/><T51/><D51/><U134/><E134/><V76/><F132/><W92/><G117/><T79/><D25/><U31/><E127/><V14/><F76/><W112/><G112/><N who="2" m="43049" /><F63/><W129/><G129/><T113/><D113/><U16/><E4/><V3/><F3/><W26/><G82/><T45/><D79/><U77/><E41/><N who="2" m="24943" /><F84/><W22/><G46/><T2/><D75/><U1/><E1/><V30/><F30/><W56/><G56/><T74/><D45/><U48/><E48/><V54/><F54/><W95/><N who="3" m="23552" /><DORA hai="100" /><W44/><REACH who="3" step="1"/><G44/><REACH who="3" ten="266,102,274,348" step="2"/><T121/><D70/><U55/><E39/><V0/><F0/><W8/><G8/><T86/><D68/><U21/><E37/><V85/><F85/><W107/><G107/><T36/><D86/><N who="1" m="48495" /><E98/><V6/><F6/><W28/><G28/><T23/><D96/><U122/><E102/><V108/><F108/><W124/><G124/><T52/><D97/><U126/><E126/><V78/><F78/><W11/><G11/><T53/><D2/><U125/><E125/><V103/><F103/><W58/><G58/><T111/><D111/><U24/><E122/><V88/><F87/><W90/><G90/><AGARI ba="2,1" hai="13,14,88,89,90" m="24943,43049,50219" machi="90" ten="30,7700,0" yaku="19,1,15,1,11,1,54,1" doraHai="32,100" who="2" fromWho="3" sc="266,0,102,0,274,93,348,-83" /><INIT seed="6,0,0,1,1,60" ten="266,102,367,265" oya="2" hai0="0,102,35,118,24,10,119,63,4,25,70,20,61" hai1="130,62,99,9,11,40,51,29,93,120,78,45,111" hai2="113,80,13,81,38,89,59,52,42,68,117,83,75" hai3="15,72,19,125,92,135,126,114,85,112,121,129,103"/><V77/><F68/><W107/><G121/><T18/><D102/><U115/><E111/><V57/><F117/><N who="0" m="44554" /><D70/><U69/><E120/><V73/><F113/><N who="3" m="43627" /><G72/><T116/><N who="0" m="44562" /><T97/><DORA hai="88" /><D97/><U46/><E115/><V30/><F30/><AGARI ba="0,0" hai="0,4,10,18,20,24,25,30,35,61,63" m="44562" machi="30" ten="40,1300,0" yaku="12,1" doraHai="60,88" who="0" fromWho="2" sc="266,13,102,0,367,-13,265,0" /><INIT seed="7,0,0,1,5,123" ten="279,102,354,265" oya="3" hai0="33,30,46,121,49,86,84,38,10,27,21,25,116" hai1="52,9,45,22,135,74,111,0,90,35,55,128,109" hai2="4,54,82,11,53,37,47,73,103,81,99,12,16" hai3="113,93,130,104,97,80,77,50,105,51,70,61,18"/><W1/><G1/><T64/><D121/><U85/><E35/><V110/><F110/><W124/><G124/><T28/><D116/><U57/><E74/><V56/><F73/><W71/><G130/><T48/><D64/><U65/><E128/><V6/><F37/><W108/><G108/><T83/><D38/><U98/><E135/><V41/><F41/><W131/><G131/><T13/><D46/><U14/><E0/><V107/><F47/><W88/><G113/><T72/><D72/><U36/><E65/><V125/><F125/><W69/><G61/><T120/><D120/><U5/><E98/><V2/><F54/><W122/><G122/><T40/><D40/><U15/><E36/><V89/><F89/><W115/><G115/><T29/><D29/><U24/><E15/><V92/><F107/><W106/><REACH who="3" step="1"/><G18/><REACH who="3" ten="279,102,354,255" step="2"/><T118/><D118/><U100/><E100/><V58/><F2/><W19/><G19/><T20/><D33/><U63/><E45/><V67/><F67/><W129/><G129/><T66/><D66/><U132/><E132/><V59/><F53/><W95/><G95/><T8/><REACH who="0" step="1"/><D13/><REACH who="0" ten="269,102,354,255" step="2"/><U32/><E32/><V87/><F81/><AGARI ba="0,2" hai="8,10,20,21,25,27,28,30,48,49,81,83,84,86" machi="81" ten="25,8000,1" yaku="1,1,2,1,22,2,8,1,53,0" doraHai="123" doraHaiUra="126" who="0" fromWho="2" sc="269,100,102,0,354,-80,255,0" owari="369,47.0,102,-40.0,274,7.0,255,-14.0" /></mjloggm>