<mjloggm ver="2.3"><GO type="169" lobby="0"/><UN n0="%E3%81%BE%E3%81%99%E3%81%8F%E3%81%AF%E3%81%8C%E3%81%97" n1="%E3%82%A6%E3%83%AB%E3%83%88%E3%83%A9%E7%AB%8B%E7%9B%B4" n2="%64%75%72%72%72%72%72" n3="%E3%82%AB%E3%83%9C%E3%83%81%E3%83%A3%E3%82%BF%E3%83%8D" dan="16,16,17,16" rate="2130.81,2163.46,2200.42,2098.85" sx="M,M,M,M"/><TAIKYOKU oya="0"/><INIT seed="0,0,0,2,2,90" ten="250,250,250,250" oya="0" hai0="97,89,132,2,53,122,101,103,84,39,88,48,117" hai1="33,105,19,127,80,43,38,128,50,36,114,21,124" hai2="67,11,46,42,100,126,134,109,65,69,44,29,82" hai3="57,9,10,54,51,94,0,72,95,17,40,93,110"/><T96/><D2/><U41/><E33/><V87/><F109/><W31/><G110/><T60/><D39/><U24/><E105/><V18/><F134/><W35/><G72/><T81/><D117/><U6/><E128/><V37/><F126/><N who="1" m="48169" /><E114/><V26/><F100/><N who="0" m="38474" /><D122/><U30/><E6/><V83/><F46/><W34/><G40/><N who="1" m="15434" /><E50/><V119/><F119/><W120/><G120/><T129/><D129/><U123/><E123/><V104/><F104/><W1/><G34/><T133/><D60/><U98/><E98/><V85/><F69/><W108/><G108/><T16/><D133/><U111/><E111/><V102/><F102/><W58/><G58/><N who="0" m="33063" /><D132/><U71/><E71/><V75/><F37/><W63/><G63/><T86/><D16/><U130/><E130/><V116/><F18/><W7/><G17/><T92/><AGARI ba="0,0" hai="81,84,86,88,89,92,96,97" m="33063,38474" machi="92" ten="30,6000,0" yaku="8,1,52,1,54,1" doraHai="90" who="0" fromWho="0" sc="250,60,250,-20,250,-20,250,-20" /><INIT seed="0,1,0,0,3,41" ten="310,230,230,230" oya="0" hai0="67,125,122,18,129,61,65,45,91,107,48,130,62" hai1="57,9,14,66,70,8,134,20,0,28,42,78,19" hai2="10,23,117,54,80,95,37,60,27,53,40,12,109" hai3="90,4,77,89,123,56,81,26,36,31,92,133,111"/><T103/><D107/><U132/><E70/><V84/><F109/><W85/><G111/><T15/><D103/><U43/><E78/><V68/><F117/><W69/><G69/><T97/><D122/><U21/><E66/><N who="0" m="25097" /><D91/><U50/><E57/><V86/><F68/><W2/><G123/><T74/><D97/><U108/><E108/><V72/><F72/><W94/><G133/><T113/><D74/><U39/><E50/><V102/><F60/><W35/><G36/><T17/><D113/><U116/><E116/><V87/><F80/><W16/><G94/><T114/><D114/><U128/><E128/><N who="0" m="49257" /><D125/><U112/><E112/><V13/><F40/><W38/><G38/><T44/><D18/><U131/><E131/><V5/><F13/><W121/><G121/><T29/><D29/><U71/><E14/><V99/><F37/><W55/><G92/><T104/><D104/><U1/><E28/><AGARI ba="1,0" hai="5,10,12,23,27,28,53,54,84,86,87,95,99,102" machi="28" ten="40,1300,0" yaku="8,1" doraHai="41" who="2" fromWho="1" sc="310,0,230,-16,230,16,230,0" /><INIT seed="1,0,0,0,4,73" ten="310,214,246,230" oya="1" hai0="65,90,2,113,67,0,53,35,104,95,82,119,120" hai1="89,59,61,70,58,26,74,91,48,43,28,41,128" hai2="101,18,81,107,36,42,122,84,49,1,129,133,93" hai3="16,98,20,12,115,131,9,127,40,7,106,114,76"/><U63/><E70/><V14/><F122/><W30/><G40/><T6/><D104/><U78/><E128/><V64/><F1/><W32/><G131/><T135/><D113/><U45/><E43/><V125/><F129/><W47/><G47/><T130/><D119/><U96/><E96/><V19/><F125/><W117/><G106/><T46/><D135/><U94/><E94/><V57/><F133/><W83/><G98/><T54/><D35/><U33/><E61/><V5/><F107/><W17/><G127/><T132/><D120/><U79/><E59/><V100/><F36/><W108/><G117/><T88/><D95/><U60/><E60/><N who="2" m="37903" /><F93/><W4/><G108/><T3/><D2/><U110/><E110/><V22/><F18/><N who="3" m="10311" /><G76/><N who="1" m="29226" /><E33/><V44/><F5/><W23/><G83/><T24/><D130/><U25/><E74/><V10/><F10/><W29/><G114/><T15/><D3/><U62/><E62/><V103/><F103/><W37/><G37/><T97/><D0/><U121/><E121/><V99/><F99/><W27/><G115/><T72/><D97/><U69/><E69/><V85/><F85/><W71/><G71/><T102/><D72/><U66/><E28/><N who="3" m="10858" /><G32/><T126/><D126/><U105/><E105/><V56/><F56/><W77/><G77/><AGARI ba="0,0" hai="14,19,22,42,44,49,77,81,84,100,101" m="37903" machi="77" ten="30,2000,0" yaku="8,1,52,1" doraHai="73" who="2" fromWho="3" sc="310,0,214,0,246,20,230,-20" /><INIT seed="2,0,0,1,3,95" ten="310,214,266,210" oya="2" hai0="105,59,50,34,92,15,82,132,37,66,75,125,52" hai1="110,41,113,58,67,89,43,0,122,76,8,18,28" hai2="94,130,3,57,42,64,128,21,17,47,69,74,44" hai3="111,127,20,61,114,68,116,65,134,1,6,83,80"/><V53/><F74/><W27/><G116/><T22/><D105/><U121/><E76/><V98/><F3/><W115/><G111/><T40/><D34/><U12/><E113/><N who="3" m="43018" /><G134/><T100/><D132/><U104/><E104/><V48/><F64/><W23/><G127/><T119/><D119/><U91/><E110/><V26/><F69/><W96/><G23/><T45/><D125/><U84/><E28/><V101/><REACH who="2" step="1"/><F44/><REACH who="2" ten="310,214,256,210" step="2"/><W117/><G117/><T9/><D66/><U19/><E0/><V55/><F55/><W30/><G1/><T99/><D75/><U129/><E67/><V51/><AGARI ba="0,1" hai="17,21,26,42,47,48,51,53,57,94,98,101,128,130" machi="51" ten="30,6000,0" yaku="1,1,0,1,52,1,53,0" doraHai="95" doraHaiUra="108" who="2" fromWho="2" sc="310,-20,214,-20,256,70,210,-20" /><INIT seed="2,1,0,1,5,99" ten="290,194,326,190" oya="2" hai0="12,62,129,6,66,21,52,24,53,28,57,100,31" hai1="119,82,135,97,11,41,91,50,45,76,16,83,127" hai2="88,124,96,25,116,14,84,89,1,126,34,133,4" hai3="2,30,59,15,95,44,78,74,120,54,94,110,93"/><V101/><F116/><W92/><G2/><T132/><D132/><U102/><E119/><V48/><F1/><W10/><G120/><T29/><D129/><U113/><E113/><V67/><F133/><W19/><G110/><T23/><D100/><U71/><E71/><V13/><F67/><W111/><G111/><T118/><D118/><U131/><E135/><V121/><F121/><W55/><G30/><N who="0" m="17679" /><D6/><U40/><E131/><V81/><F89/><W70/><G70/><T36/><D36/><U69/><E69/><V115/><F115/><W56/><G74/><T22/><D12/><N who="1" m="7199" /><E127/><N who="2" m="48683" /><F4/><W130/><G130/><T27/><D22/><U49/><E76/><V9/><F9/><W77/><G44/><T39/><D39/><U63/><E63/><V73/><F73/><W134/><G134/><T105/><D105/><U98/><E91/><V8/><F8/><W72/><G72/><T3/><D3/><U86/><E86/><V90/><F90/><W18/><G18/><AGARI ba="1,0" hai="18,23,27,28,29,31,52,53,57,62,66" m="17679" machi="18" ten="30,2000,0" yaku="8,1,54,1" doraHai="99" who="0" fromWho="3" sc="290,23,194,0,326,0,190,-23" /><INIT seed="3,0,0,3,1,56" ten="313,194,326,167" oya="3" hai0="17,116,43,20,120,83,88,36,118,134,55,96,111" hai1="11,40,50,12,5,133,101,119,1,2,93,82,95" hai2="91,59,22,130,64,79,78,81,69,104,58,3,60" hai3="110,84,66,27,6,47,125,65,24,19,94,30,37"/><W131/><G125/><T0/><D120/><U97/><E133/><V38/><F104/><W35/><G131/><T14/><D134/><U44/><E119/><V77/><F3/><W7/><G110/><T48/><D111/><U71/><E71/><V76/><F38/><W9/><G84/><T117/><D0/><U31/><E31/><V49/><F130/><W52/><G94/><T41/><D36/><U80/><E1/><V34/><F34/><W42/><G52/><T16/><D17/><U74/><E74/><V122/><F122/><W54/><G54/><T90/><D83/><U26/><E26/><V63/><F49/><W121/><G121/><T100/><D43/><U86/><E2/><V115/><F69/><W39/><G39/><T103/><D41/><U85/><E85/><N who="2" m="48311" /><F115/><W126/><G126/><T68/><D68/><U113/><E113/><V73/><F73/><W61/><G66/><T13/><D13/><U105/><REACH who="1" step="1"/><E82/><REACH who="1" ten="313,184,326,167" step="2"/><V15/><F15/><W75/><G75/><T87/><D87/><U32/><E32/><V114/><F114/><W46/><G27/><T99/><D103/><U129/><E129/><V10/><F76/><AGARI ba="0,1" hai="5,11,12,40,44,50,76,80,86,93,95,97,101,105" machi="76" ten="30,7700,0" yaku="1,1,7,1,25,2,53,0" doraHai="56" doraHaiUra="33" who="1" fromWho="2" sc="313,0,184,87,326,-77,167,0" /><INIT seed="4,0,0,1,1,85" ten="313,271,249,167" oya="0" hai0="36,72,118,18,32,74,10,53,2,44,3,1,103" hai1="133,30,79,26,31,135,130,12,126,117,24,115,46" hai2="51,100,58,35,7,89,29,123,81,13,70,109,56" hai3="47,17,111,0,5,28,69,34,80,77,106,121,48"/><T82/><D118/><U91/><E79/><V16/><F109/><W107/><G111/><T55/><D32/><U116/><E46/><V42/><F123/><W88/><G121/><T108/><D108/><U129/><E91/><V83/><F70/><W71/><G48/><T33/><D33/><U41/><E41/><V45/><F7/><W98/><G17/><T86/><D103/><U75/><E75/><V50/><F100/><W63/><G47/><T19/><D36/><U131/><E12/><V97/><F35/><W38/><G38/><T102/><D102/><U65/><E65/><V90/><F29/><N who="1" m="10761" /><E115/><V119/><F119/><N who="1" m="45641" /><E126/><V15/><F15/><W114/><G114/><T40/><D40/><U95/><E95/><N who="2" m="56559" /><F50/><W59/><G71/><T52/><D44/><U87/><E87/><N who="2" m="50543" /><F83/><W9/><G69/><T134/><D74/><U8/><E8/><AGARI ba="0,0" hai="8,13,16,42,45,51,56,58" m="50543,56559" machi="8" ten="30,7700,0" yaku="8,1,52,2,54,1" doraHai="85" who="2" fromWho="1" sc="313,0,271,-77,249,77,167,0" /><INIT seed="5,0,0,2,0,15" ten="313,194,326,167" oya="1" hai0="14,1,65,134,78,10,69,11,63,40,132,103,123" hai1="62,61,45,101,48,102,30,76,0,55,74,130,75" hai2="66,6,89,21,41,120,77,4,22,98,46,86,60" hai3="133,82,36,79,72,94,116,53,25,124,84,12,91"/><U95/><E0/><V57/><F120/><W27/><G36/><T106/><D123/><U20/><E130/><V59/><F59/><W135/><G53/><T8/><D1/><U3/><E3/><V71/><F71/><W37/><G37/><T16/><D40/><U100/><E76/><V110/><F110/><W92/><G27/><T26/><D78/><U105/><E105/><V24/><F77/><W51/><G51/><T68/><D26/><N who="1" m="16711" /><E74/><V97/><F98/><W87/><G25/><T114/><D114/><U115/><E75/><V7/><F97/><W49/><G49/><T67/><D103/><N who="1" m="39499" /><E115/><V107/><F107/><W122/><G122/><T64/><D106/><U39/><E39/><V56/><F56/><W47/><G47/><T28/><D28/><U88/><N who="1" m="39507" /><U96/><AGARI ba="0,0" hai="45,48,55,61,62,88,95,96" m="39507,16711" machi="96" ten="30,6000,0" yaku="4,1,8,1,54,1" doraHai="15" who="1" fromWho="1" sc="313,-20,194,60,326,-20,167,-20" /><INIT seed="5,1,0,5,1,7" ten="293,254,306,147" oya="1" hai0="123,34,57,108,33,21,93,29,105,38,66,31,127" hai1="23,100,14,0,85,60,62,58,53,119,112,67,107" hai2="16,22,30,80,52,114,2,51,64,84,44,48,71" hai3="76,55,43,89,75,5,99,134,131,20,56,54,124"/><U68/><E0/><V39/><F2/><W92/><G134/><T6/><D108/><U46/><E119/><V42/><F114/><W96/><G131/><T116/><D105/><U41/><E112/><V3/><F3/><W19/><G124/><T117/><D38/><U11/><E23/><V79/><F30/><W28/><G28/><T104/><D104/><U50/><E85/><V128/><F128/><W102/><G43/><T111/><D111/><U83/><E83/><V49/><F64/><W91/><G5/><T98/><D127/><U81/><E81/><V45/><REACH who="2" step="1"/><F71/><REACH who="2" ten="293,254,296,147" step="2"/><W113/><G113/><T69/><D69/><U47/><E68/><V78/><F78/><W109/><G109/><T10/><D117/><U103/><E107/><V74/><F74/><W125/><G125/><T94/><D116/><U32/><E32/><V115/><F115/><W88/><G76/><T24/><D31/><U4/><E67/><V87/><F87/><W72/><G72/><T90/><D34/><U129/><E129/><V77/><F77/><W13/><G75/><T59/><D33/><U70/><E70/><V101/><F101/><W132/><G132/><T130/><D66/><U86/><E86/><V63/><F63/><W135/><G135/><T126/><D126/><U82/><E103/><V26/><AGARI ba="1,1" hai="16,22,26,39,42,44,45,48,49,51,52,79,80,84" machi="26" ten="20,8000,1" yaku="1,1,0,1,7,1,54,2,53,0" doraHai="7" doraHaiUra="9" who="2" fromWho="2" sc="293,-21,254,-41,296,93,147,-21" /><INIT seed="6,0,0,4,1,78" ten="272,213,389,126" oya="2" hai0="103,85,24,79,134,53,50,40,65,56,117,15,46" hai1="130,101,23,41,18,58,116,80,7,107,77,59,57" hai2="112,62,102,17,133,3,70,13,29,74,69,28,126" hai3="21,64,71,67,19,86,34,49,26,128,12,35,113"/><V129/><F74/><W83/><G128/><T22/><D134/><U73/><E116/><V114/><F3/><W111/><G111/><T54/><D117/><U89/><E130/><V88/><F129/><W14/><G113/><N who="2" m="43625" /><F102/><W120/><G120/><T123/><D123/><U9/><E41/><V91/><F133/><W55/><G35/><T42/><D103/><U132/><E132/><V124/><F28/><W27/><G71/><N who="2" m="27145" /><F29/><W31/><G12/><T1/><D15/><U20/><E101/><V16/><F62/><W99/><G99/><T131/><D65/><U0/><E107/><V76/><F76/><W127/><G27/><T47/><D1/><U109/><E109/><V5/><F5/><W36/><G36/><T51/><D56/><U2/><E2/><V68/><F68/><W33/><G33/><T11/><D131/><U93/><REACH who="1" step="1"/><E18/><REACH who="1" ten="272,203,389,126" step="2"/><N who="2" m="7275" /><F13/><W45/><REACH who="3" step="1"/><G127/><AGARI ba="0,1" hai="88,91,124,126,127" m="7275,27145,43625" machi="127" ten="40,18000,2" yaku="28,2,18,1,15,1,54,2" doraHai="78" who="2" fromWho="3" sc="272,0,203,0,389,190,126,-180" owari="272,7.0,203,-20.0,579,68.0,-54,-55.0" /></mjloggm>