<mjloggm ver="2.3"><GO type="169" lobby="0"/><UN n0="%E3%82%B7%E3%83%B3%E3%83%97%E3%83%AB%E3%81%AA%E3%83%AF%E3%82%AD%E3%82%AC" n1="%61%64%70%31%30" n2="%E3%83%88%E3%83%88%E3%83%AA%E5%85%88%E7%94%9F%31%39%E6%AD%B3" n3="%E7%82%8E%E3%81%AE%E3%82%B7%E3%83%A5%E3%83%AC%E3%83%B3" dan="16,17,19,17" rate="2137.04,2230.47,2305.03,2150.16" sx="M,M,F,M"/><TAIKYOKU oya="0"/><INIT seed="0,0,0,1,2,17" ten="250,250,250,250" oya="0" hai0="112,129,36,38,1,56,95,124,98,9,110,33,73" hai1="53,30,107,121,82,43,125,86,102,0,34,8,99" hai2="132,6,22,127,131,24,55,59,69,87,49,50,40" hai3="117,3,135,13,10,63,14,94,20,104,90,130,74"/><T116/><RYUUKYOKU type="yao9" ba="0,0" sc="250,0,250,0,250,0,250,0" hai0="1,9,33,36,38,56,73,95,98,110,112,116,124,129" /><INIT seed="0,1,0,1,4,39" ten="250,250,250,250" oya="0" hai0="74,37,105,4,64,80,10,5,132,103,77,52,98" hai1="126,41,92,51,67,18,129,16,83,7,78,79,35" hai2="99,110,30,43,42,57,53,21,75,89,15,19,63" hai3="101,102,97,88,118,86,29,8,68,94,45,81,11"/><T76/><D132/><U96/><E35/><V59/><F75/><W124/><G118/><T72/><D64/><U50/><E126/><V135/><F110/><W90/><G68/><T100/><D100/><U3/><E129/><V120/><F120/><W27/><G124/><T22/><D37/><U40/><E67/><V85/><F135/><W104/><G45/><T69/><D69/><U123/><E123/><V54/><F99/><W65/><G65/><T58/><D22/><U113/><E113/><V23/><F23/><W31/><G31/><T106/><D106/><U114/><E114/><V122/><F30/><W13/><G104/><T6/><D77/><N who="1" m="29195" /><E83/><V44/><F44/><W73/><G73/><T24/><D24/><U117/><E7/><V46/><F46/><W32/><REACH who="3" step="1"/><G8/><REACH who="3" ten="250,250,250,240" step="2"/><T82/><D74/><U2/><E117/><V130/><F122/><W87/><G87/><T14/><REACH who="0" step="1"/><D82/><REACH who="0" ten="240,250,250,240" step="2"/><U128/><E128/><V55/><F130/><W20/><G20/><T62/><AGARI ba="1,2" hai="4,5,6,10,14,52,58,62,72,76,80,98,103,105" machi="62" ten="20,18000,2" yaku="1,1,2,1,0,1,7,1,54,1,53,1" doraHai="39" doraHaiUra="95" who="0" fromWho="0" sc="240,203,250,-61,250,-61,240,-61" /><INIT seed="0,2,0,2,3,65" ten="443,189,189,179" oya="0" hai0="61,128,13,73,34,105,48,90,76,103,40,125,54" hai1="127,118,122,70,9,52,60,88,67,97,14,93,4" hai2="131,26,85,79,86,68,74,114,7,22,100,75,51" hai3="71,112,28,33,102,94,126,98,84,56,8,104,124"/><T20/><D34/><U3/><E127/><N who="3" m="48682" /><G112/><T11/><D125/><U37/><E37/><V134/><F114/><W42/><G42/><T29/><D128/><U49/><E122/><V23/><F131/><W66/><G56/><T64/><D40/><U5/><E118/><V107/><F134/><W18/><G8/><T16/><D90/><U46/><E3/><V77/><F100/><W135/><G18/><AGARI ba="2,0" hai="4,5,9,14,18,46,49,52,60,67,70,88,93,97" machi="18" ten="30,7700,0" yaku="7,1,52,1,54,2" doraHai="65" who="1" fromWho="3" sc="443,0,189,83,189,0,179,-83" /><INIT seed="1,0,0,4,2,77" ten="443,272,189,96" oya="1" hai0="82,54,98,76,18,37,125,21,69,61,43,119,57" hai1="126,127,107,116,34,48,84,103,45,70,46,112,47" hai2="13,99,0,50,80,10,89,7,120,74,3,38,78" hai3="66,8,11,79,15,132,60,92,67,12,5,56,123"/><U109/><E34/><V16/><F120/><W104/><G104/><T63/><D119/><U95/><E116/><V22/><F38/><W133/><G123/><T113/><D113/><U91/><E112/><V105/><F50/><W4/><G79/><T110/><D110/><U96/><E70/><V14/><REACH who="2" step="1"/><F89/><REACH who="2" ten="443,272,179,96" step="2"/><W124/><G124/><N who="1" m="47658" /><E109/><V115/><F115/><W17/><G67/><T32/><D125/><U106/><E48/><V93/><F93/><AGARI ba="0,1" hai="45,46,47,84,91,93,95,96,103,106,107" m="47658" machi="93" ten="30,1500,0" yaku="18,1" doraHai="77" who="1" fromWho="2" sc="443,0,272,25,179,-15,96,0" /><INIT seed="1,1,0,4,2,61" ten="443,297,164,96" oya="1" hai0="40,82,87,49,48,62,129,5,92,4,64,31,102" hai1="59,85,88,36,108,29,25,79,33,8,84,97,118" hai2="24,34,6,58,2,69,105,19,115,21,47,22,44" hai3="26,45,71,60,27,30,96,72,67,39,93,18,46"/><U43/><E118/><V32/><F69/><W95/><G72/><T123/><D129/><U9/><E108/><V110/><F105/><W35/><G39/><T132/><D132/><U89/><E79/><V51/><F110/><W23/><REACH who="3" step="1"/><G93/><REACH who="3" ten="443,297,164,86" step="2"/><T127/><D92/><U103/><E36/><V104/><F104/><W10/><G10/><T38/><D123/><U113/><E9/><V107/><F107/><W114/><G114/><T109/><D38/><U78/><E8/><V41/><F115/><W130/><G130/><T119/><D109/><U55/><E113/><V7/><F2/><W83/><G83/><T81/><D82/><U133/><E133/><V28/><F32/><W131/><G131/><T37/><D81/><U14/><E33/><V42/><F34/><W20/><G20/><T63/><D37/><U90/><E78/><V125/><F22/><W50/><G50/><T135/><D49/><U66/><E84/><V120/><F51/><W86/><G86/><T15/><D48/><U80/><E85/><V3/><F3/><W100/><AGARI ba="1,1" hai="18,23,26,27,30,35,45,46,60,67,71,95,96,100" machi="100" ten="20,5200,0" yaku="1,1,0,1,7,1,52,1,53,0" doraHai="61" doraHaiUra="0" who="3" fromWho="3" sc="443,-14,297,-27,164,-14,86,65" /><INIT seed="2,0,0,2,3,3" ten="429,270,150,151" oya="2" hai0="13,95,23,31,106,66,9,102,64,132,62,135,109" hai1="25,17,52,18,33,133,0,83,81,110,27,113,101" hai2="123,61,122,91,115,14,87,4,29,20,10,42,16" hai3="74,79,77,131,6,26,89,105,112,51,76,103,38"/><V73/><F115/><W65/><G38/><T11/><D106/><U129/><E113/><V107/><F73/><W30/><G112/><T19/><D109/><U84/><E110/><V111/><F111/><W32/><G131/><T120/><D120/><U63/><E0/><V48/><F107/><W21/><G74/><T124/><D124/><U15/><E129/><V45/><F61/><W28/><G65/><N who="0" m="25195" /><D62/><U127/><E133/><N who="0" m="51273" /><D31/><U53/><E101/><V36/><F36/><W98/><G51/><T125/><D125/><U86/><E63/><V121/><F29/><W55/><G55/><T72/><D72/><U93/><E127/><V82/><REACH who="2" step="1"/><F121/><REACH who="2" ten="429,270,140,151" step="2"/><W128/><G128/><T46/><D46/><U104/><E104/><V40/><F40/><W70/><G30/><T43/><D43/><U130/><E130/><V56/><F56/><W5/><G70/><T126/><D126/><U50/><E50/><V96/><F96/><AGARI ba="0,1" hai="9,11,13,19,23,95,96,102" m="51273,25195" machi="96" ten="30,1000,0" yaku="20,1" doraHai="3" who="0" fromWho="2" sc="429,20,270,0,140,-10,151,0" /><INIT seed="3,0,0,3,3,45" ten="449,270,130,151" oya="3" hai0="63,6,18,120,128,11,31,37,40,121,126,13,68" hai1="44,7,86,134,108,109,101,102,97,67,89,90,131" hai2="72,119,9,81,78,34,94,29,55,59,38,51,42" hai3="48,16,113,73,92,103,71,15,21,117,52,83,50"/><W58/><G117/><T116/><D116/><U65/><E131/><V24/><F119/><W80/><G113/><T84/><D128/><U112/><E112/><V54/><F38/><W3/><G3/><T106/><D106/><U135/><E7/><V91/><F9/><W10/><G71/><T26/><D126/><U69/><E44/><V115/><F115/><W43/><G73/><T105/><D105/><U32/><E32/><V100/><F100/><N who="1" m="38505" /><E97/><V130/><F130/><W14/><G43/><T33/><D37/><U88/><E86/><V17/><F17/><N who="3" m="8407" /><G48/><T133/><D40/><U111/><E69/><V61/><F42/><W122/><G122/><T74/><D74/><U75/><E75/><V39/><F39/><W85/><G85/><T104/><D104/><U41/><E41/><V53/><REACH who="2" step="1"/><F61/><REACH who="2" ten="449,270,120,151" step="2"/><W1/><G1/><T27/><D63/><U5/><E5/><V123/><F123/><W64/><G64/><AGARI ba="0,1" hai="64,65,67,88,89,90,108,109,111,134,135" m="38505" machi="64" ten="40,8000,1" yaku="28,2,14,1,54,1" doraHai="45" who="1" fromWho="3" sc="449,0,270,90,120,0,151,-80" /><INIT seed="4,0,0,2,1,6" ten="449,360,120,71" oya="0" hai0="98,112,103,123,105,17,117,125,111,43,74,122,5" hai1="127,87,107,1,32,59,75,55,99,20,49,106,23" hai2="95,22,88,31,121,100,8,104,70,83,77,47,120" hai3="124,94,65,63,10,133,109,4,96,42,50,114,57"/><T116/><D43/><U69/><E75/><N who="2" m="43455" /><F70/><W135/><G109/><T58/><D58/><U86/><E32/><V27/><F47/><W89/><G124/><T13/><D5/><U40/><E127/><V45/><F8/><W60/><G114/><T0/><D0/><U84/><E69/><V72/><F45/><W29/><G29/><T34/><D34/><U76/><E76/><V11/><F11/><W82/><G82/><T24/><D24/><U21/><E1/><V44/><F44/><W14/><G42/><T15/><D125/><U93/><REACH who="1" step="1"/><E40/><REACH who="1" ten="449,350,120,71" step="2"/><V113/><F72/><W36/><G36/><T62/><D74/><U33/><E33/><V97/><F113/><W68/><REACH who="3" step="1"/><G50/><REACH who="3" ten="449,350,120,61" step="2"/><T41/><D112/><U51/><E51/><V102/><F121/><W128/><G128/><T3/><D41/><U108/><E108/><V129/><F120/><W30/><G30/><T126/><D123/><U134/><E134/><V79/><F129/><W26/><G26/><T85/><D122/><U73/><E73/><V35/><F35/><W115/><G115/><T37/><D126/><U81/><E81/><V92/><F31/><W71/><G71/><T101/><D111/><U2/><E2/><V12/><F27/><W19/><G19/><T7/><D17/><U90/><AGARI ba="0,2" hai="20,21,23,49,55,59,84,86,87,90,93,99,106,107" machi="90" ten="30,2000,0" yaku="1,1,0,1,53,0" doraHai="6" doraHaiUra="28" who="1" fromWho="1" sc="449,-10,350,40,120,-5,61,-5" /><INIT seed="5,0,0,1,0,43" ten="439,390,115,56" oya="1" hai0="11,78,134,104,51,0,119,108,41,97,1,121,47" hai1="9,111,87,17,40,7,92,109,28,59,123,39,65" hai2="88,58,115,48,105,6,122,44,133,56,50,25,89" hai3="33,82,112,116,42,31,91,107,103,75,117,32,38"/><U84/><E123/><V95/><F122/><W18/><G112/><T70/><D121/><U131/><E131/><V126/><F105/><W102/><G18/><T83/><D108/><N who="1" m="41547" /><E28/><V23/><F133/><W53/><G53/><T4/><D119/><N who="3" m="45641" /><G31/><T36/><D70/><U55/><E65/><V110/><F126/><W77/><G91/><T22/><D134/><U128/><E92/><V74/><F89/><W63/><G63/><T64/><D64/><U94/><E94/><V20/><F110/><W135/><G135/><T30/><D0/><U68/><E17/><V19/><F115/><W106/><G103/><T26/><D51/><U13/><E128/><V5/><F23/><W72/><G75/><N who="0" m="43487" /><D97/><U62/><E68/><V8/><F74/><W90/><G90/><T61/><D61/><U76/><E76/><V24/><F24/><W73/><G73/><T130/><D130/><U113/><E113/><V14/><F5/><W69/><G69/><T34/><D22/><U80/><E80/><V81/><F81/><W99/><G107/><AGARI ba="0,0" hai="1,4,11,26,30,34,36,41,47,104,107" m="43487" machi="107" ten="30,7700,0" yaku="25,1,33,2,52,1" doraHai="43" who="0" fromWho="3" sc="439,77,390,0,115,0,56,-77" owari="516,61.0,390,19.0,115,-28.0,-21,-52.0" /></mjloggm>