<mjloggm ver="2.3"><GO type="169" lobby="0"/><UN n0="%E3%83%88%E3%83%88%E3%83%AA%E5%85%88%E7%94%9F%31%39%E6%AD%B3" n1="%E2%98%85%E9%A2%A8%E3%81%AE%E8%B0%B7%E2%98%85" n2="%E3%82%8C%E3%82%93%E3%82%89%E3%81%8F" n3="%E3%81%BF%E3%81%83%E3%81%A1%E3%82%83%E3%82%93%E6%8E%A8%E3%81%97" dan="19,16,16,16" rate="2305.50,2154.42,2086.49,2095.09" sx="F,M,M,M"/><TAIKYOKU oya="0"/><INIT seed="0,0,0,4,3,88" ten="250,250,250,250" oya="0" hai0="117,91,123,49,34,8,90,119,59,104,70,7,25" hai1="40,109,0,112,92,61,71,35,83,19,22,89,36" hai2="129,51,101,82,18,98,13,28,69,97,67,31,41" hai3="120,77,124,96,131,114,122,85,86,81,115,105,64"/><T116/><D123/><N who="3" m="47145" /><G64/><T46/><D70/><U80/><E35/><V110/><F110/><W11/><G11/><T134/><D104/><U55/><E0/><V79/><F129/><W37/><G37/><T4/><D134/><U72/><E109/><V111/><F111/><W6/><G6/><T132/><D132/><U24/><E72/><V23/><F67/><W99/><G131/><T68/><D68/><U133/><E133/><V62/><F62/><W57/><G57/><T78/><D78/><U56/><E71/><V126/><F126/><W84/><G124/><T73/><D73/><U53/><E112/><N who="3" m="43050" /><G105/><T87/><D59/><U20/><E53/><V38/><F38/><W32/><G32/><T58/><D58/><U60/><E60/><V27/><F69/><W127/><G127/><T1/><D7/><U3/><E3/><V66/><F66/><W9/><G9/><T48/><D48/><U15/><E40/><V107/><F41/><W135/><G135/><T75/><D34/><U95/><E36/><V108/><F51/><W45/><G45/><T50/><D50/><U14/><E14/><V2/><F2/><W118/><G118/><T100/><D116/><U76/><E22/><V106/><F108/><W29/><G29/><T102/><D117/><U52/><E15/><V21/><F21/><W74/><AGARI ba="0,0" hai="74,77,81,84,85,86,96,99" m="43050,47145" machi="74" ten="40,5200,0" yaku="13,1,34,2" doraHai="88" who="3" fromWho="3" sc="250,-26,250,-13,250,-13,250,52" /><INIT seed="1,0,0,1,0,98" ten="224,237,237,302" oya="1" hai0="128,91,23,90,118,60,122,28,14,52,63,120,129" hai1="30,82,87,111,127,37,32,69,4,18,135,117,29" hai2="119,79,76,126,49,44,130,72,26,109,5,33,1" hai3="80,12,46,59,100,54,25,20,17,71,13,88,102"/><U92/><E37/><V112/><F119/><W101/><G71/><T11/><D118/><U53/><E69/><V8/><F109/><W66/><G66/><T0/><D0/><U45/><E117/><V6/><F126/><W73/><G46/><T103/><D23/><U61/><E127/><V89/><F130/><N who="0" m="50282" /><D28/><U55/><E92/><V36/><F112/><W64/><G64/><T113/><D113/><U9/><E32/><V50/><F6/><W115/><G115/><T34/><D34/><U124/><E18/><V42/><F89/><N who="0" m="33802" /><D103/><U96/><E124/><V121/><F121/><N who="0" m="46698" /><D52/><U62/><E55/><V110/><F110/><W74/><G74/><T43/><D43/><U58/><E53/><V85/><F85/><N who="3" m="50215" /><G73/><T51/><D51/><AGARI ba="0,0" hai="12,13,17,20,25,51,54,59,100,101,102" m="50215" machi="51" ten="30,8000,1" yaku="8,1,52,3,54,1" doraHai="98" who="3" fromWho="0" sc="224,-80,237,0,237,0,302,80" /><INIT seed="2,0,0,1,0,134" ten="144,237,237,382" oya="2" hai0="135,21,46,72,97,29,126,57,92,76,81,95,12" hai1="69,28,98,7,55,60,27,5,62,122,58,32,22" hai2="33,34,71,112,103,79,44,18,118,117,49,90,23" hai3="52,0,13,127,30,113,85,67,40,106,75,36,86"/><V128/><F112/><W101/><G0/><T68/><D68/><U15/><E122/><V53/><F128/><W132/><G75/><T102/><D135/><U61/><E69/><V47/><F71/><W87/><G132/><T2/><D2/><U104/><E7/><V116/><F79/><W99/><G67/><T96/><D46/><U20/><E32/><V24/><F103/><W131/><G131/><T64/><D12/><U109/><E109/><V6/><F6/><W100/><G101/><T123/><D123/><U54/><E54/><V107/><F107/><W4/><G30/><T38/><D38/><U133/><E133/><V83/><REACH who="2" step="1"/><F44/><REACH who="2" ten="144,237,227,382" step="2"/><W82/><G113/><T114/><D114/><U130/><E130/><V14/><F14/><W35/><G13/><T89/><D76/><U9/><E104/><V125/><F125/><W124/><G4/><T115/><D115/><U8/><E5/><V91/><F91/><W16/><G124/><T1/><D1/><U31/><E15/><V43/><F43/><W19/><G127/><T129/><D129/><U51/><E9/><V108/><F108/><W94/><G106/><T121/><D126/><U77/><E8/><V41/><F41/><W17/><G40/><T66/><D121/><U84/><E77/><V37/><F37/><W11/><G36/><T88/><D102/><U10/><E10/><V63/><F63/><W119/><G11/><T80/><D89/><U65/><E62/><V78/><F78/><W56/><G82/><N who="0" m="31851" /><D72/><U26/><E61/><V73/><F73/><W25/><G100/><N who="0" m="60423" /><D57/><U50/><E58/><RYUUKYOKU ba="0,1" sc="144,15,237,-15,227,15,382,-15" hai0="21,29,64,66,88,95,97" hai2="18,23,24,33,34,47,49,53,83,90,116,117,118" /><INIT seed="2,1,1,4,4,84" ten="159,222,242,367" oya="2" hai0="120,80,21,129,133,3,112,79,22,51,47,59,39" hai1="76,95,15,114,42,5,27,115,50,65,110,74,135" hai2="62,20,75,108,72,134,101,12,88,102,6,105,116" hai3="106,119,69,31,96,111,36,113,33,55,46,57,58"/><V48/><F116/><W61/><G119/><T130/><D112/><U18/><E5/><V26/><F134/><W125/><G125/><T71/><D120/><U109/><E135/><V94/><F105/><W17/><G111/><N who="1" m="42506" /><E27/><V16/><F108/><W123/><G123/><T28/><D71/><U131/><E131/><N who="0" m="50185" /><D3/><U2/><E2/><V66/><F48/><W14/><G113/><T91/><D133/><U49/><E65/><V122/><F122/><W78/><G78/><T64/><D39/><U4/><E4/><V45/><F45/><W63/><G69/><T44/><D28/><U11/><E50/><V60/><F75/><W67/><G31/><T124/><D124/><U117/><E117/><V87/><F72/><W29/><G29/><T100/><D47/><N who="1" m="25847" /><E95/><V19/><F6/><W0/><G0/><T40/><D100/><N who="2" m="38506" /><F66/><W82/><G33/><T52/><D64/><U77/><E76/><V81/><F94/><W54/><G82/><AGARI ba="1,1" hai="11,15,18,74,77,82,114,115" m="25847,42506" machi="82" ten="30,1000,0" yaku="14,1" doraHai="84" who="1" fromWho="3" sc="159,0,222,23,242,0,367,-13" /><INIT seed="3,0,0,1,1,120" ten="159,245,242,354" oya="3" hai0="50,21,5,62,101,135,9,109,34,78,88,98,58" hai1="116,82,79,65,74,7,41,105,80,22,113,102,122" hai2="49,93,11,67,95,51,40,89,128,25,73,83,6" hai3="42,64,39,26,129,48,57,111,118,36,133,24,4"/><W12/><G118/><T53/><D34/><U52/><E113/><V56/><F128/><W91/><G129/><T106/><D135/><U37/><E122/><V103/><F73/><W84/><G133/><T108/><D78/><U46/><E65/><V112/><F112/><W1/><G1/><T126/><D126/><U28/><E82/><V59/><F25/><W2/><G2/><T114/><D114/><U33/><E33/><V27/><F27/><W13/><G12/><T100/><D21/><U14/><E28/><V10/><F67/><W63/><G111/><N who="0" m="42571" /><D101/><U81/><E22/><V119/><F119/><W94/><G36/><T75/><D88/><U132/><E102/><V18/><F103/><W71/><G39/><T55/><D75/><U17/><E74/><V29/><F89/><W20/><G71/><T86/><D86/><U72/><E72/><V30/><F83/><W61/><G63/><T127/><D127/><U96/><E81/><V35/><F35/><W77/><G77/><T76/><D76/><U130/><E80/><V117/><F117/><W45/><G20/><T131/><D131/><U0/><E79/><V107/><F107/><W8/><AGARI ba="0,0" hai="4,8,13,24,26,42,45,48,57,61,64,84,91,94" machi="8" ten="30,3000,0" yaku="0,1,8,1" doraHai="120" who="3" fromWho="3" sc="159,-10,245,-10,242,-10,354,30" /><INIT seed="3,1,0,2,2,66" ten="149,235,232,384" oya="3" hai0="24,47,16,80,98,61,2,111,60,74,113,41,34" hai1="100,67,62,30,22,57,17,55,38,121,120,65,56" hai2="132,35,20,1,59,40,3,85,19,33,45,70,110" hai3="118,44,50,21,94,96,9,79,12,8,52,73,28"/><W134/><G118/><T53/><D2/><U117/><E38/><V0/><F110/><W25/><G134/><T49/><D111/><U127/><E127/><V123/><F132/><W26/><G73/><T84/><D74/><U43/><E43/><V128/><F128/><W103/><G79/><T125/><D125/><U97/><E117/><V58/><F123/><W107/><G12/><T10/><D113/><U90/><E90/><V6/><F6/><W37/><G37/><T7/><D34/><U71/><E71/><V32/><F70/><W14/><G14/><N who="0" m="7255" /><D7/><U23/><E23/><V31/><F85/><W75/><G75/><T114/><D114/><U54/><E30/><V78/><F78/><W5/><G5/><T116/><D24/><U86/><E86/><V93/><F93/><W15/><G15/><T77/><D116/><U129/><E129/><V48/><REACH who="2" step="1"/><F31/><REACH who="2" ten="149,235,222,384" step="2"/><W87/><G87/><T91/><D41/><U135/><E135/><V122/><F122/><W108/><G108/><T83/><D83/><U88/><E121/><V64/><F64/><W101/><G26/><AGARI ba="1,1" hai="0,1,3,19,20,26,32,33,35,40,45,48,58,59" machi="26" ten="50,1600,0" yaku="1,1,53,0" doraHai="66" doraHaiUra="124" who="2" fromWho="3" sc="149,0,235,0,222,29,384,-19" /><INIT seed="4,0,0,3,4,2" ten="149,235,251,365" oya="0" hai0="127,118,83,0,110,120,71,130,94,112,43,15,5" hai1="49,132,57,106,101,77,82,91,76,67,92,61,68" hai2="99,64,4,121,59,87,96,55,116,44,113,103,107" hai3="9,54,14,42,97,30,89,26,78,19,12,32,34"/><T13/><D118/><U24/><E132/><V114/><F121/><W22/><G42/><T80/><D120/><U84/><E77/><V51/><F116/><W81/><G54/><T40/><D71/><U21/><E49/><V50/><F4/><W37/><G37/><T90/><D112/><U3/><E3/><V75/><F75/><W85/><G14/><N who="0" m="5131" /><D0/><U72/><E68/><V36/><F36/><W53/><G53/><T56/><D130/><U123/><E123/><V65/><F99/><W119/><G119/><T47/><D127/><U11/><E11/><V108/><F87/><W109/><G109/><T7/><D56/><U25/><E21/><V16/><F16/><W74/><G97/><AGARI ba="0,0" hai="24,25,57,61,67,72,76,82,84,91,92,97,101,106" machi="97" ten="40,2600,0" yaku="24,2" doraHai="2" who="1" fromWho="3" sc="149,0,235,26,251,0,365,-26" /><INIT seed="5,0,0,2,5,91" ten="149,261,251,339" oya="1" hai0="22,10,72,30,48,35,36,54,96,94,69,114,127" hai1="120,57,55,51,20,113,117,29,75,50,105,33,21" hai2="99,119,108,111,58,104,76,106,135,3,17,66,53" hai3="103,125,73,14,67,40,122,38,45,118,85,109,8"/><U37/><E37/><V13/><F119/><W46/><G73/><T24/><D72/><U82/><E105/><V9/><F135/><W31/><G109/><T2/><D114/><U78/><E120/><V116/><F116/><W123/><G118/><T110/><D127/><U6/><E117/><V56/><F76/><W107/><G125/><T18/><D110/><U115/><E6/><V59/><F106/><W16/><G31/><T80/><D36/><U4/><E4/><V12/><F3/><W7/><G67/><T68/><D80/><U32/><E51/><V47/><F104/><W89/><G46/><T93/><D10/><U70/><E70/><V101/><F66/><W83/><REACH who="3" step="1"/><G7/><REACH who="3" ten="149,261,251,329" step="2"/><T23/><D35/><U61/><E32/><V133/><F47/><W121/><G121/><T128/><D128/><U88/><E29/><V25/><F111/><W92/><G92/><T41/><D41/><U130/><E33/><V52/><F108/><W64/><G64/><T98/><D68/><U90/><E130/><V39/><F58/><W81/><G81/><T79/><D69/><U34/><E34/><V132/><F59/><W5/><G5/><T134/><D134/><U129/><E129/><V97/><F56/><W65/><G65/><T77/><D93/><U87/><E61/><V28/><F133/><W15/><G15/><N who="0" m="9567" /><D94/><U71/><E71/><V126/><F132/><W131/><G131/><T43/><D43/><U86/><E75/><V95/><F95/><W74/><G74/><T27/><D30/><U44/><E115/><V112/><F28/><W0/><G0/><RYUUKYOKU ba="0,1" sc="149,-10,261,-10,251,-10,329,30" hai3="8,14,16,38,40,45,83,85,89,103,107,122,123" /><INIT seed="6,1,1,1,0,13" ten="139,251,241,359" oya="2" hai0="123,111,115,73,53,30,51,29,91,41,74,72,66" hai1="20,106,56,68,132,7,47,65,39,14,102,89,95" hai2="71,88,87,42,120,4,2,81,6,35,38,103,5" hai3="32,46,126,26,104,8,135,94,24,117,27,22,36"/><V84/><F120/><W75/><G104/><T79/><D123/><U52/><E106/><V17/><F35/><W23/><G117/><T69/><D111/><U131/><E102/><V67/><F103/><W3/><G75/><T128/><D41/><U70/><E65/><V49/><F38/><W15/><G94/><T59/><D79/><U83/><E83/><V85/><F2/><W133/><G126/><T113/><D128/><U105/><E105/><V34/><F34/><W90/><G90/><T9/><D91/><U28/><E131/><V21/><F67/><W127/><G127/><T44/><D69/><U61/><E132/><N who="3" m="50762" /><G3/><T125/><D125/><U33/><E33/><V60/><F60/><W40/><G32/><T97/><D97/><U121/><E121/><V109/><F71/><W76/><G76/><T43/><D66/><U96/><E28/><V119/><F119/><W108/><G108/><T25/><D9/><U63/><E63/><V80/><F109/><W107/><G107/><T55/><D25/><U110/><E110/><V93/><F81/><W54/><G54/><T124/><D124/><U50/><E39/><V1/><F1/><W37/><G37/><T100/><D100/><U62/><E70/><V118/><F118/><W86/><G86/><N who="2" m="33385" /><F80/><W12/><G12/><T78/><D78/><U31/><E68/><V16/><F21/><W19/><AGARI ba="1,1" hai="8,15,19,22,23,24,26,27,36,40,46" m="50762" machi="19" ten="30,2000,0" yaku="20,1,52,1" doraHai="13" who="3" fromWho="3" sc="139,-6,251,-6,241,-11,359,33" /><INIT seed="7,0,0,5,0,55" ten="133,245,230,392" oya="3" hai0="31,37,19,74,108,135,1,134,106,23,107,42,26" hai1="105,21,117,39,49,57,95,104,97,99,129,22,101" hai2="3,25,56,92,24,79,32,36,45,67,124,61,7" hai3="65,69,132,33,17,15,41,75,81,46,127,82,93"/><W84/><G33/><T123/><D74/><U0/><E0/><V4/><F3/><W126/><G132/><T18/><D42/><U125/><E39/><V83/><F32/><W102/><G75/><T73/><D73/><U70/><E70/><V78/><F124/><W91/><G65/><T10/><D37/><U27/><E125/><N who="3" m="47626" /><G69/><T118/><D106/><U58/><E105/><V86/><F36/><N who="3" m="21799" /><G102/><T54/><D54/><U12/><E129/><V80/><F45/><W113/><G113/><T29/><D107/><U40/><E117/><V114/><F114/><W128/><G128/><T11/><D118/><U131/><E131/><V13/><F92/><W59/><G59/><T6/><D108/><U48/><E99/><V38/><F38/><W76/><G76/><T2/><D123/><U112/><E112/><V30/><F13/><W94/><G94/><T89/><D89/><U103/><E103/><V87/><F25/><W43/><G43/><T90/><D90/><U20/><E104/><V110/><F110/><W85/><G85/><T8/><D8/><AGARI ba="0,0" hai="8,15,17,81,82,84,91,93" m="21799,47626" machi="8" ten="30,1500,0" yaku="18,1" doraHai="55" who="3" fromWho="0" sc="133,-15,245,0,230,0,392,15" owari="118,-38.0,245,5.0,230,-17.0,407,50.0" /></mjloggm>