<mjloggm ver="2.3"><GO type="169" lobby="0"/><UN n0="%E3%82%A6%E3%83%AB%E3%83%88%E3%83%A9%E7%AB%8B%E7%9B%B4" n1="%E3%82%8A%E3%82%81%E3%82%8D" n2="%E3%83%84%E3%82%A4%E3%82%B9%E3%83%88" n3="%43%52%41%5A%59%42%45%45" dan="17,16,16,17" rate="2227.37,2054.59,2041.01,2122.21" sx="M,M,M,F"/><TAIKYOKU oya="0"/><INIT seed="0,0,0,4,3,12" ten="250,250,250,250" oya="0" hai0="107,88,1,62,97,27,133,110,4,6,19,34,76" hai1="67,128,25,33,60,36,29,115,80,131,31,57,20" hai2="50,85,86,51,44,2,124,17,10,130,52,63,42" hai3="18,78,49,95,15,41,89,126,7,9,100,22,43"/><T71/><D76/><U104/><E104/><V77/><F124/><W117/><G117/><T23/><D133/><U46/><E115/><V0/><F130/><N who="1" m="49705" /><E80/><V108/><F108/><W59/><G126/><T69/><D110/><U55/><E33/><V101/><F63/><W134/><G100/><T74/><D74/><U3/><E3/><V92/><F2/><W94/><G78/><T65/><D71/><U79/><E79/><V39/><F77/><W45/><G134/><T28/><D1/><U30/><E36/><V114/><F114/><W35/><G35/><T91/><D91/><U32/><E32/><V93/><F39/><W106/><G106/><T96/><D96/><U64/><E46/><N who="2" m="27767" /><F0/><W132/><G132/><T16/><D23/><U81/><E81/><V103/><F93/><W119/><G119/><T90/><D90/><U68/><E64/><V99/><F103/><W109/><G109/><T112/><D112/><U73/><E73/><V61/><F61/><AGARI ba="0,0" hai="20,25,29,30,31,55,57,60,61,67,68" m="49705" machi="61" ten="30,1000,0" yaku="19,1" doraHai="12" who="1" fromWho="2" sc="250,0,250,10,250,-10,250,0" /><INIT seed="1,0,0,3,1,86" ten="250,260,240,250" oya="1" hai0="124,107,17,40,79,98,134,132,113,53,47,59,10" hai1="50,9,128,90,127,78,13,29,3,108,71,96,135" hai2="57,100,72,60,45,70,126,116,129,120,52,118,74" hai3="103,62,32,105,28,5,87,2,125,84,75,65,22"/><U63/><E127/><V30/><F126/><W68/><G22/><T89/><D79/><U77/><E128/><V48/><F129/><W26/><G125/><T31/><D31/><U61/><E135/><V80/><F120/><W1/><G75/><T15/><D113/><U93/><E3/><V21/><F74/><W58/><G58/><T119/><D119/><U16/><E108/><V37/><F100/><W12/><G12/><T104/><D124/><U46/><E29/><V44/><F44/><W69/><G69/><T88/><D53/><U67/><REACH who="1" step="1"/><E61/><REACH who="1" ten="250,250,240,250" step="2"/><V92/><F118/><W0/><G0/><T85/><D134/><U106/><E106/><V97/><F116/><W51/><G2/><T25/><D132/><U38/><E38/><V73/><F37/><W114/><G1/><T112/><D107/><U42/><AGARI ba="0,1" hai="9,13,16,42,46,50,63,67,71,77,78,90,93,96" machi="42" ten="20,18000,2" yaku="1,1,0,1,7,1,52,1,54,1,53,1" doraHai="86" doraHaiUra="11" who="1" fromWho="1" sc="250,-60,250,190,240,-60,250,-60" /><INIT seed="1,1,0,3,5,34" ten="190,440,180,190" oya="1" hai0="36,21,71,81,25,76,112,60,133,37,83,50,79" hai1="9,63,27,12,61,111,95,47,135,4,68,59,22" hai2="0,17,24,131,96,18,123,88,120,84,14,90,53" hai3="6,30,65,74,64,110,105,10,20,124,32,40,122"/><U116/><E116/><V46/><F0/><W101/><G122/><T16/><D112/><U97/><E135/><V41/><F131/><W45/><G32/><T11/><D133/><U86/><E111/><V125/><F125/><W51/><G74/><T92/><D50/><U48/><E68/><V42/><F123/><W119/><G110/><T93/><D11/><U19/><E59/><V54/><F120/><W107/><G124/><T129/><D129/><U49/><E86/><V118/><F118/><W1/><G119/><T113/><D113/><U44/><E49/><N who="2" m="26839" /><F41/><W77/><G77/><T15/><D60/><N who="1" m="23115" /><E48/><V104/><F104/><W67/><REACH who="3" step="1"/><G101/><AGARI ba="1,0" hai="4,9,12,19,22,27,44,47,95,97,101" m="23115" machi="101" ten="30,1500,0" yaku="8,1" doraHai="34" who="1" fromWho="3" sc="190,0,440,18,180,0,190,-18" /><INIT seed="1,2,0,3,2,5" ten="190,458,180,172" oya="1" hai0="84,79,46,17,13,29,135,102,104,58,47,25,8" hai1="124,121,85,127,77,51,32,87,66,117,56,86,106" hai2="42,38,83,35,96,115,72,57,98,110,70,128,28" hai3="112,9,91,27,76,41,44,134,63,2,19,94,74"/><U55/><E117/><V1/><F70/><W99/><G112/><T130/><D130/><U16/><E121/><V48/><F128/><W123/><G123/><T73/><D73/><U52/><E106/><V64/><F115/><W132/><G63/><T68/><D68/><U61/><E32/><V4/><F110/><W107/><G107/><T60/><D135/><N who="3" m="51753" /><G74/><T90/><D102/><U113/><E113/><V20/><F35/><W80/><G80/><T59/><D79/><U36/><E36/><V133/><F38/><N who="3" m="21559" /><G76/><T108/><D104/><U22/><E77/><V122/><F122/><W30/><G30/><T39/><D39/><U126/><E51/><V92/><F133/><W131/><G131/><T103/><D59/><U21/><E22/><V105/><F72/><W119/><G119/><T88/><D108/><U53/><E66/><V71/><F83/><W10/><G2/><T111/><D111/><U101/><E101/><V116/><F116/><W75/><G75/><T43/><D103/><U67/><E67/><V78/><F78/><W12/><G27/><AGARI ba="2,0" hai="16,21,27,52,53,55,56,61,85,86,87,124,126,127" machi="27" ten="50,9600,0" yaku="18,1,54,2" doraHai="5" who="1" fromWho="3" sc="190,0,458,102,180,0,172,-102" /><INIT seed="1,3,0,4,5,39" ten="190,560,180,70" oya="1" hai0="121,111,5,35,100,61,63,127,51,25,74,13,22" hai1="98,86,69,41,15,3,120,44,28,114,124,27,104" hai2="6,110,76,95,66,42,70,58,9,102,0,7,56" hai3="80,26,34,2,1,19,14,49,123,106,33,115,43"/><U113/><E3/><V91/><F102/><W117/><G115/><T78/><D74/><U36/><E120/><V101/><F101/><W84/><G123/><T116/><D78/><U53/><E124/><V99/><F110/><W82/><G106/><T118/><D51/><U31/><E69/><V108/><F108/><W93/><G117/><T32/><D22/><U23/><E28/><V68/><F58/><W46/><G93/><T20/><D13/><U97/><E86/><V109/><F109/><W90/><G80/><T81/><D81/><U133/><E133/><V52/><F66/><W112/><G112/><T54/><D54/><U88/><E97/><V122/><F122/><W103/><G103/><T8/><D100/><U64/><E64/><V12/><F76/><W72/><G72/><T130/><D35/><U57/><E15/><V45/><F6/><W29/><REACH who="3" step="1"/><G33/><REACH who="3" ten="190,560,180,60" step="2"/><T125/><D32/><U4/><E104/><V79/><F95/><W62/><G62/><T18/><D63/><U77/><E113/><V135/><F135/><W38/><G38/><T107/><D107/><U16/><E36/><V128/><F79/><W60/><G60/><T83/><D61/><U85/><E77/><V94/><F94/><W40/><G40/><T10/><D83/><U132/><E98/><V87/><F99/><W75/><G75/><T47/><D111/><U129/><E132/><V92/><F42/><W48/><G48/><T67/><D121/><U119/><E114/><V17/><F92/><W131/><G131/><T37/><D118/><U105/><E129/><V21/><F128/><RYUUKYOKU ba="3,1" sc="190,-10,560,-10,180,-10,60,30" hai3="1,2,14,19,26,29,34,43,46,49,82,84,90" /><INIT seed="2,4,1,1,4,58" ten="180,550,170,90" oya="2" hai0="26,65,105,9,15,76,5,88,102,18,21,106,51" hai1="50,28,100,8,47,77,115,72,121,31,14,118,44" hai2="59,37,109,122,129,70,6,83,108,96,79,84,40" hai3="120,56,13,64,39,27,43,131,25,98,75,103,90"/><V123/><F70/><W22/><G120/><T124/><D124/><U57/><E118/><V10/><F129/><W101/><G75/><T23/><D76/><U119/><E115/><V74/><F96/><W19/><G131/><T110/><D110/><N who="2" m="42602" /><F84/><W125/><G125/><T45/><D102/><N who="3" m="38921" /><G43/><T94/><D23/><U55/><E72/><V111/><N who="2" m="42610" /><V4/><DORA hai="41" /><F59/><W32/><G39/><T92/><D65/><U85/><E119/><V63/><F63/><N who="3" m="37991" /><G32/><T53/><REACH who="0" step="1"/><D94/><AGARI ba="4,1" hai="13,19,22,25,27,90,94,98" m="37991,38921" machi="94" ten="30,2000,0" yaku="8,1,52,1" doraHai="58,41" who="3" fromWho="0" sc="180,-32,550,0,170,0,90,42" /><INIT seed="3,0,0,2,3,121" ten="148,550,170,132" oya="3" hai0="15,68,6,66,11,101,85,87,0,34,4,76,131" hai1="8,96,33,94,18,81,5,20,48,74,53,88,116" hai2="79,25,104,31,123,7,19,126,67,30,103,17,120" hai3="73,55,89,51,69,36,107,97,91,64,122,46,105"/><W71/><G122/><N who="2" m="46633" /><F126/><W90/><G73/><T27/><D131/><U9/><E33/><N who="2" m="20687" /><F79/><W16/><G36/><T58/><D68/><U72/><E116/><V84/><F84/><W134/><G134/><T35/><D101/><U32/><E32/><V98/><F31/><W21/><G97/><T60/><D27/><U109/><E109/><V41/><F41/><W113/><G113/><T118/><D118/><U13/><E81/><V93/><F93/><W129/><G129/><T50/><D87/><U57/><E9/><V54/><F54/><W40/><G55/><T133/><D133/><U95/><E94/><V59/><F7/><W65/><G69/><T80/><D6/><U62/><E48/><V3/><F3/><AGARI ba="0,0" hai="3,5,8,13,18,20,53,57,62,72,74,88,95,96" machi="3" ten="30,2000,0" yaku="7,1,54,1" doraHai="121" who="1" fromWho="2" sc="148,0,550,20,170,-20,132,0" /><INIT seed="4,0,0,4,0,129" ten="148,570,150,132" oya="0" hai0="74,96,94,25,106,130,97,29,13,7,46,22,89" hai1="115,40,100,87,48,103,105,117,127,73,52,113,128" hai2="9,55,92,33,42,34,23,32,83,62,24,70,51" hai3="59,31,133,50,95,35,114,91,17,104,120,90,19"/><T66/><D130/><U131/><E73/><V28/><F42/><W79/><G104/><T118/><D118/><U119/><E127/><V71/><F9/><W88/><G114/><N who="1" m="43530" /><E40/><V8/><F8/><W107/><G107/><T86/><D74/><U38/><E38/><V101/><F83/><W2/><G2/><T16/><D7/><U27/><E27/><V77/><F77/><W36/><G36/><T84/><D66/><U122/><E122/><V26/><F71/><W75/><G120/><T60/><D60/><U63/><E63/><V124/><F124/><W15/><G79/><T41/><D97/><N who="1" m="61679" /><E100/><V4/><F101/><W37/><G37/><T68/><D68/><U6/><E6/><V134/><F4/><W76/><G75/><T5/><D5/><U98/><E87/><V45/><F62/><W11/><G50/><N who="0" m="26959" /><D106/><U64/><E64/><V135/><F70/><W58/><G35/><T82/><D82/><U3/><E3/><V72/><F72/><W0/><G0/><T49/><D49/><U102/><E119/><V123/><F123/><W125/><G125/><T126/><D126/><U61/><E61/><V116/><F116/><W44/><G95/><T30/><D30/><U67/><E67/><V78/><F92/><W80/><G31/><T121/><D121/><U109/><E117/><V108/><F78/><W39/><G76/><T54/><D54/><U111/><E131/><V69/><F69/><W110/><G39/><T21/><AGARI ba="0,0" hai="13,16,21,22,25,29,84,86,89,94,96" m="26959" machi="21" ten="30,3000,0" yaku="8,1,54,1" doraHai="129" who="0" fromWho="0" sc="148,30,570,-10,150,-10,132,-10" /><INIT seed="4,1,0,4,4,40" ten="178,560,140,122" oya="0" hai0="21,126,48,45,79,94,129,100,70,53,58,15,16" hai1="110,102,6,20,41,62,29,118,91,80,2,30,54" hai2="87,26,44,120,123,124,83,73,75,116,99,105,12" hai3="119,25,7,88,17,104,89,85,84,52,28,131,27"/><T69/><D129/><U59/><E110/><V90/><F116/><W23/><G119/><T11/><D126/><U22/><E118/><V66/><F124/><W43/><G104/><T72/><D72/><U65/><E6/><V31/><F66/><W133/><G131/><T5/><D79/><U130/><E2/><V34/><F12/><W92/><G133/><T121/><D121/><U97/><E41/><V96/><F96/><W78/><G43/><T47/><D100/><U108/><E108/><V8/><F8/><W18/><G7/><T82/><D82/><U49/><E91/><V35/><F34/><W39/><G39/><T109/><D94/><N who="1" m="58679" /><E80/><V128/><F128/><W19/><G78/><T51/><D109/><U77/><E77/><V57/><F123/><W122/><G122/><T106/><D106/><U3/><E3/><V135/><F135/><W55/><G27/><T132/><D132/><U117/><E117/><V0/><F0/><W32/><G32/><T9/><D9/><U64/><E64/><V56/><F120/><W101/><G101/><T74/><D74/><U81/><E81/><AGARI ba="1,0" hai="17,18,19,23,25,28,52,55,81,84,85,88,89,92" machi="81" ten="40,5200,0" yaku="8,1,54,2" doraHai="40" who="3" fromWho="1" sc="178,0,560,-55,140,0,122,55" /><INIT seed="5,0,0,4,1,80" ten="178,505,140,177" oya="1" hai0="93,66,72,85,39,2,16,73,71,35,17,4,7" hai1="89,74,82,63,6,106,90,123,19,108,112,25,83" hai2="8,69,38,1,23,20,101,103,41,62,24,119,48" hai3="115,58,11,67,9,75,36,116,13,95,34,46,28"/><U77/><E112/><V42/><F119/><W100/><G75/><T50/><D39/><U99/><E123/><V134/><F134/><W53/><G115/><T40/><D35/><U65/><E6/><V117/><F117/><W64/><G116/><T76/><D66/><U135/><E135/><V55/><F23/><W118/><G118/><T127/><D71/><U128/><E128/><V125/><F125/><W122/><G122/><T5/><D2/><U29/><E19/><N who="0" m="7241" /><D73/><U79/><E99/><V124/><F124/><W84/><G36/><T96/><D72/><U126/><E106/><V92/><F38/><W104/><G46/><N who="0" m="25927" /><D127/><U59/><E108/><V109/><F109/><W91/><G104/><T3/><D3/><U10/><E126/><V120/><F120/><W114/><G114/><T133/><D133/><U94/><E10/><V97/><F8/><W98/><G11/><T14/><D14/><U81/><E77/><V102/><F1/><W86/><G13/><T121/><D121/><U51/><E79/><V60/><F69/><W88/><G9/><T87/><D76/><U54/><E74/><V52/><F24/><N who="3" m="18695" /><G67/><T113/><D113/><U27/><E27/><V37/><F37/><W56/><G64/><T61/><D61/><N who="2" m="23658" /><F20/><W111/><G111/><T47/><D47/><U131/><E25/><V12/><F12/><W21/><G21/><T45/><D45/><U33/><E33/><V68/><F68/><W49/><G58/><T132/><D132/><U57/><E65/><V43/><F48/><W30/><G30/><T22/><D22/><U31/><E51/><RYUUKYOKU ba="0,0" sc="178,10,505,-30,140,10,177,10" hai0="4,5,7,85,87,93,96" hai2="41,42,43,52,55,92,97,101,102,103" hai3="49,53,56,84,86,88,91,95,98,100" /><INIT seed="6,1,0,1,2,9" ten="188,475,150,187" oya="2" hai0="57,68,14,85,115,40,103,117,66,56,27,4,122" hai1="31,89,34,1,114,107,88,74,51,42,2,98,46" hai2="80,96,25,112,101,127,82,22,61,52,128,97,99" hai3="47,121,17,81,13,16,95,79,32,20,43,60,110"/><V65/><F112/><W36/><G110/><T77/><D68/><U93/><E74/><V109/><F109/><W48/><G121/><T11/><D122/><U29/><E114/><V129/><F127/><W62/><G32/><T126/><D115/><U91/><E107/><V64/><F101/><W18/><G36/><T28/><D66/><N who="2" m="25706" /><F129/><W63/><REACH who="3" step="1"/><G95/><REACH who="3" ten="188,475,150,177" step="2"/><T72/><D126/><U24/><REACH who="1" step="1"/><E31/><REACH who="1" ten="188,465,150,177" step="2"/><N who="2" m="17847" /><F128/><W125/><G125/><T105/><D28/><U19/><E19/><V135/><F135/><W108/><G108/><T41/><D105/><U84/><E84/><AGARI ba="1,2" hai="13,16,17,18,20,43,47,48,60,62,63,79,81,84" machi="84" ten="40,8000,1" yaku="1,1,8,1,52,1,54,1,53,0" doraHai="9" doraHaiUra="50" who="3" fromWho="1" sc="188,0,465,-83,150,0,177,103" /><INIT seed="7,0,0,2,4,102" ten="188,382,150,280" oya="3" hai0="27,14,90,16,103,15,76,111,6,130,23,26,113" hai1="46,18,78,135,68,127,22,119,110,106,50,53,133" hai2="21,5,82,39,92,52,62,40,65,1,7,33,30" hai3="55,81,107,28,128,99,59,79,61,84,115,11,13"/><W4/><G115/><T129/><D111/><U63/><E110/><V125/><F33/><W56/><G128/><N who="0" m="49259" /><D113/><U117/><E106/><V32/><F32/><W87/><G28/><T80/><D103/><U36/><E78/><V93/><F125/><W2/><G2/><T105/><D105/><U12/><E127/><V48/><F7/><W34/><G34/><T86/><D6/><U24/><E36/><V60/><F60/><W66/><G99/><T3/><D3/><U19/><E63/><V77/><F40/><W95/><G107/><T96/><D14/><U37/><E68/><V108/><F39/><W112/><G112/><T25/><D96/><U120/><E37/><V67/><F108/><W41/><G41/><T124/><D124/><U71/><E71/><V54/><F5/><W75/><REACH who="3" step="1"/><G95/><REACH who="3" ten="188,382,150,270" step="2"/><T121/><D121/><U0/><E0/><V42/><F1/><W35/><G35/><T131/><D131/><U9/><E120/><V69/><F93/><W83/><G83/><T126/><D126/><U38/><E38/><V122/><F122/><W97/><G97/><T98/><D98/><U118/><AGARI ba="0,1" hai="9,12,18,19,22,24,46,50,53,117,118,119,133,135" machi="118" ten="40,2700,0" yaku="0,1,12,1" doraHai="102" who="1" fromWho="1" sc="188,-7,382,37,150,-7,270,-13" owari="181,-22.0,419,52.0,143,-36.0,257,6.0" /></mjloggm>