<mjloggm ver="2.3"><GO type="169" lobby="0"/><UN n0="%E3%83%88%E3%83%88%E3%83%AA%E5%85%88%E7%94%9F%31%39%E6%AD%B3" n1="%E6%A5%A0%E5%B9%B8%E6%9D%91" n2="%E7%A7%81%E3%81%AF%E3%81%8C%E3%81%A1%E3%81%BB%E3%82%82" n3="%E7%B4%B3%E5%A3%AB%E3%81%AE%E5%97%9C%E3%81%BF%E3%81%9F%E3%81%84%E3%82%80" dan="19,17,17,16" rate="2315.02,2159.49,2190.71,2148.99" sx="F,F,M,M"/><TAIKYOKU oya="0"/><INIT seed="0,0,0,0,4,54" ten="250,250,250,250" oya="0" hai0="37,119,132,6,94,19,98,34,107,75,97,123,33" hai1="3,112,10,45,31,7,110,49,113,23,1,53,21" hai2="8,103,90,99,13,50,77,105,74,87,131,79,14" hai3="109,95,73,84,17,5,24,108,114,64,20,135,129"/><T134/><D119/><U11/><E110/><V47/><F131/><W36/><G73/><T22/><D123/><U28/><E45/><V62/><F62/><W78/><G36/><T118/><D118/><U91/><E49/><V68/><F68/><W121/><G114/><N who="1" m="44138" /><E53/><V71/><F71/><W102/><G5/><T104/><D75/><U29/><E91/><V76/><F74/><W66/><G129/><T127/><D6/><AGARI ba="0,0" hai="1,3,6,7,10,11,21,23,28,29,31" m="44138" machi="6" ten="30,3900,0" yaku="11,1,34,2" doraHai="54" who="1" fromWho="0" sc="250,-39,250,39,250,0,250,0" /><INIT seed="1,0,0,2,4,26" ten="211,289,250,250" oya="1" hai0="21,75,135,65,0,46,131,9,67,55,128,70,74" hai1="91,103,110,63,114,44,1,57,107,104,64,88,94" hai2="112,116,132,3,122,45,72,25,129,113,15,2,134" hai3="4,6,27,69,101,28,86,120,19,66,102,92,117"/><U47/><E47/><V109/><F45/><W31/><G120/><T93/><D135/><N who="2" m="51754" /><F72/><W43/><G69/><T61/><D67/><U7/><E114/><N who="2" m="44139" /><F122/><W23/><G117/><T60/><D93/><U79/><E110/><V42/><F42/><W89/><G66/><T130/><D21/><U18/><E79/><V78/><F78/><W33/><G43/><T73/><D9/><U106/><E44/><V68/><F68/><W24/><REACH who="3" step="1"/><G19/><REACH who="3" ten="211,289,250,240" step="2"/><T22/><D65/><U34/><E18/><V84/><F116/><W99/><G99/><T13/><D70/><U5/><E64/><V81/><F109/><W50/><G50/><N who="0" m="29143" /><D61/><U127/><E63/><V51/><F51/><W59/><G59/><T52/><D60/><U97/><E57/><V12/><F129/><W56/><G56/><T83/><D130/><U58/><E58/><V126/><F126/><W125/><G125/><T90/><D131/><U40/><E97/><V124/><F124/><W119/><G119/><T37/><D128/><U16/><E16/><V54/><F54/><W36/><G36/><T121/><D37/><U76/><E40/><V105/><F105/><W53/><G53/><T123/><D52/><U10/><E107/><V41/><F41/><W35/><G35/><T48/><D48/><U96/><E106/><V29/><F84/><W98/><G98/><T95/><D123/><U49/><E104/><V115/><F115/><W17/><G17/><N who="0" m="10543" /><D121/><U85/><E127/><V8/><F8/><W80/><G80/><T39/><D83/><U20/><E34/><N who="2" m="20783" /><F81/><W32/><G32/><T77/><D39/><RYUUKYOKU ba="0,1" sc="211,-15,289,-15,250,15,240,15" hai2="2,3,12,15" hai3="4,6,23,24,27,28,31,33,86,89,92,101,102" /><INIT seed="2,1,1,5,4,135" ten="196,274,265,255" oya="2" hai0="23,115,124,10,58,25,33,101,54,106,79,46,56" hai1="72,9,109,89,24,18,17,11,51,16,116,13,45" hai2="123,7,85,110,87,2,52,128,103,40,95,84,26" hai3="59,19,50,41,34,108,76,1,75,55,12,31,88"/><V37/><F123/><W8/><G108/><T44/><D115/><U126/><E72/><V53/><F110/><W131/><G131/><T5/><D33/><U132/><E132/><V47/><F128/><W73/><G76/><T130/><D130/><U111/><E116/><V38/><F38/><W105/><G105/><T57/><D79/><U29/><E111/><V120/><F120/><W129/><G129/><T64/><D64/><U82/><E109/><V30/><F7/><W68/><G68/><T35/><D35/><U122/><E122/><V119/><F2/><W36/><G1/><T100/><D106/><U102/><E102/><V118/><F118/><W86/><G41/><T15/><D44/><U4/><E126/><V74/><F74/><W32/><G36/><T21/><D21/><N who="1" m="15503" /><E11/><V0/><F0/><W113/><G34/><T121/><D124/><U97/><E97/><V43/><F119/><W27/><REACH who="3" step="1"/><G113/><REACH who="3" ten="196,274,265,245" step="2"/><T117/><D117/><U49/><E45/><V125/><F125/><W93/><AGARI ba="1,2" hai="8,12,19,27,31,32,50,55,59,73,75,86,88,93" machi="93" ten="20,12000,2" yaku="1,1,2,1,0,1,7,1,54,1,53,1" doraHai="135" doraHaiUra="81" who="3" fromWho="3" sc="196,-31,274,-31,265,-61,245,143" /><INIT seed="3,0,0,3,5,27" ten="165,243,204,388" oya="3" hai0="74,42,10,6,19,94,8,70,25,36,18,123,98" hai1="20,66,30,53,113,9,131,76,128,115,78,100,101" hai2="40,122,72,26,125,133,110,7,111,71,14,75,118" hai3="62,2,39,88,16,54,127,92,93,51,47,121,48"/><W49/><G121/><T99/><D123/><U3/><E66/><V43/><F71/><W1/><G127/><T60/><D74/><U69/><E69/><V97/><F122/><W86/><G39/><T44/><D10/><U90/><E53/><V105/><F26/><W119/><G119/><T15/><D99/><U130/><E3/><V59/><F59/><N who="3" m="35191" /><G2/><T63/><D63/><U34/><E34/><V65/><F65/><W55/><G1/><T21/><D60/><U79/><E9/><N who="2" m="4415" /><F125/><W12/><G93/><T87/><D87/><U124/><E124/><V109/><F118/><W37/><G37/><T52/><D52/><U58/><E58/><V102/><F133/><W80/><G92/><T29/><REACH who="0" step="1"/><D70/><REACH who="0" ten="155,243,204,388" step="2"/><U135/><E135/><V82/><F75/><W0/><G0/><T95/><D95/><U116/><E116/><V73/><F72/><W24/><G24/><T31/><D31/><U77/><E30/><V91/><F73/><W50/><G50/><T129/><D129/><U46/><E128/><V107/><F107/><W57/><G57/><T32/><D32/><U28/><E130/><V112/><F112/><W83/><G83/><T61/><D61/><U120/><E131/><V96/><F82/><W56/><G56/><T85/><D85/><U126/><E115/><V64/><F96/><W23/><AGARI ba="0,1" hai="12,16,23,47,48,49,51,55,80,86,88" m="35191" machi="23" ten="30,6000,0" yaku="8,1,54,2" doraHai="27" who="3" fromWho="3" sc="155,-20,243,-20,204,-20,388,70" /><INIT seed="3,1,0,5,0,39" ten="135,223,184,458" oya="3" hai0="46,55,61,28,49,42,19,130,63,26,89,33,6" hai1="37,8,64,83,62,41,85,132,14,68,47,48,126" hai2="73,135,66,133,54,70,11,3,78,96,94,30,124" hai3="44,104,10,107,120,95,77,20,35,32,50,93,131"/><W36/><G36/><T72/><D72/><U111/><E111/><V101/><F30/><W91/><G120/><T57/><D130/><U128/><E128/><V108/><F108/><W13/><G77/><T106/><D106/><U56/><E132/><V117/><F117/><W100/><G20/><T110/><D110/><U51/><E68/><V114/><F114/><W92/><G91/><T21/><D6/><U84/><E126/><V81/><F124/><W129/><G129/><T24/><REACH who="0" step="1"/><D89/><REACH who="0" ten="125,223,184,458" step="2"/><U23/><E23/><V65/><F135/><W7/><G131/><T116/><D116/><U119/><E119/><V53/><F133/><W0/><G107/><T109/><D109/><U38/><E51/><AGARI ba="1,1" hai="19,21,24,26,28,33,42,46,49,51,55,57,61,63" machi="51" ten="30,3900,0" yaku="1,1,7,1,52,1,53,0" doraHai="39" doraHaiUra="127" who="0" fromWho="1" sc="125,52,223,-42,184,0,458,0" /><INIT seed="4,0,0,1,1,94" ten="177,181,184,458" oya="0" hai0="19,82,66,47,99,31,98,60,131,26,41,35,96" hai1="14,132,89,72,112,119,70,23,27,125,86,93,107" hai2="48,62,36,0,126,73,121,85,15,91,81,113,134" hai3="114,80,9,13,75,100,43,21,110,55,38,50,8"/><T3/><D3/><U88/><E119/><V69/><F121/><W4/><G110/><T102/><D131/><U28/><E125/><V29/><F36/><W46/><G114/><T42/><D19/><U61/><E132/><V124/><F0/><W39/><G21/><T111/><D111/><U129/><E129/><V97/><F29/><W71/><G71/><T6/><D6/><U103/><E112/><V49/><F113/><W109/><G109/><T53/><D82/><U120/><E120/><V63/><F134/><W123/><G123/><T68/><D53/><U56/><E72/><V17/><F73/><W67/><G67/><T52/><D52/><N who="1" m="33927" /><E70/><V122/><F122/><W34/><G34/><T32/><D42/><U64/><E107/><V2/><F2/><W1/><G100/><T135/><D135/><U12/><E103/><V76/><F63/><W59/><G80/><T106/><D32/><U45/><E64/><V20/><F69/><W58/><G75/><T57/><D57/><U51/><E89/><V130/><F62/><W84/><G59/><T78/><D78/><U117/><E117/><V118/><F118/><W25/><G38/><AGARI ba="0,0" hai="26,31,35,38,41,47,60,66,68,96,98,99,102,106" machi="38" ten="30,18000,2" yaku="7,1,25,2,52,3" doraHai="94" who="0" fromWho="3" sc="177,180,181,0,184,0,458,-180" /><INIT seed="4,1,0,2,2,119" ten="357,181,184,278" oya="0" hai0="87,61,6,37,11,122,106,31,50,86,112,107,128" hai1="132,99,60,28,125,8,34,83,16,3,14,126,131" hai2="40,127,121,134,41,73,67,90,63,23,46,49,97" hai3="98,75,47,39,27,59,66,76,62,20,24,71,9"/><T100/><D37/><U5/><E99/><V85/><F73/><W133/><G133/><T12/><D122/><U36/><E36/><V0/><F0/><W35/><G75/><T124/><D112/><U109/><E83/><V1/><F1/><W26/><G76/><T91/><D128/><U51/><E51/><V130/><F130/><W33/><G9/><T89/><D124/><N who="1" m="47723" /><E60/><V44/><F127/><W55/><G20/><T101/><D31/><U92/><E92/><V7/><F7/><W70/><G70/><T95/><D61/><U77/><E77/><V114/><F121/><W116/><G98/><T79/><D79/><U54/><E54/><V17/><F134/><W45/><G45/><T103/><REACH who="0" step="1"/><D50/><REACH who="0" ten="347,181,184,278" step="2"/><U84/><E131/><V52/><F114/><W81/><G116/><T94/><AGARI ba="1,1" hai="6,11,12,86,87,89,91,94,95,100,101,103,106,107" machi="94" ten="30,11700,0" yaku="1,1,2,1,0,1,9,1,53,0" doraHai="119" doraHaiUra="19" who="0" fromWho="0" sc="347,130,181,-40,184,-40,278,-40" /><INIT seed="4,2,0,0,1,112" ten="477,141,144,238" oya="0" hai0="65,18,44,55,67,11,70,0,21,58,41,47,92" hai1="113,80,77,6,81,49,97,96,38,20,31,19,116" hai2="56,30,75,54,71,133,27,101,68,59,10,88,82" hai3="83,24,87,118,93,61,32,53,122,104,15,132,102"/><T127/><D127/><U12/><E38/><V2/><F101/><W36/><G36/><T63/><D67/><U22/><E113/><V50/><F133/><W129/><G104/><T8/><D92/><U79/><E116/><V46/><F71/><W60/><G118/><T99/><D99/><N who="1" m="37963" /><E6/><V119/><F68/><W123/><G129/><T108/><D108/><U4/><E4/><V131/><F131/><W85/><G85/><T69/><D69/><U130/><E130/><V51/><F51/><W114/><G93/><T16/><D0/><U26/><E49/><V84/><F75/><W86/><G86/><T25/><D18/><U72/><E72/><V57/><F119/><W45/><G102/><T107/><D107/><U3/><E3/><V121/><F121/><W33/><G132/><T23/><D23/><U13/><E12/><V17/><F2/><W35/><G15/><T40/><D55/><U5/><E5/><V43/><F43/><N who="0" m="16458" /><D70/><U128/><E128/><V74/><F74/><W48/><G114/><T126/><D126/><U98/><N who="1" m="37971" /><U90/><DORA hai="42" /><E90/><V109/><F109/><W76/><REACH who="3" step="1"/><G24/><REACH who="3" ten="477,141,144,228" step="2"/><T62/><D25/><U117/><E117/><V135/><F135/><W78/><G78/><AGARI ba="2,1" hai="13,19,20,22,26,31,77,78,79,80,81" m="37971" machi="78" ten="30,1000,0" yaku="8,1" doraHai="112,42" who="1" fromWho="3" sc="477,0,141,26,144,0,228,-16" /><INIT seed="5,0,0,3,1,103" ten="477,167,144,212" oya="1" hai0="64,62,61,74,65,11,107,94,26,130,15,101,116" hai1="66,81,21,122,60,43,46,114,104,16,23,12,97" hai2="73,25,127,92,80,17,124,100,29,18,20,32,85" hai3="76,68,56,126,6,78,30,87,69,50,98,40,14"/><U44/><E122/><V105/><F73/><W70/><G126/><N who="2" m="48169" /><F92/><W99/><G30/><T134/><D116/><U34/><E34/><V132/><F132/><W49/><G49/><T45/><D74/><U102/><E114/><V58/><F58/><W35/><G35/><T28/><D134/><U5/><E5/><V118/><F118/><W109/><G109/><T95/><D130/><U83/><E23/><V27/><F100/><W53/><G40/><T72/><D45/><U121/><E121/><V38/><F38/><W19/><G6/><T9/><D72/><U71/><E46/><V8/><F105/><W42/><G42/><T75/><D75/><U37/><AGARI ba="0,0" hai="12,16,21,37,43,44,60,66,71,81,83,97,102,104" machi="37" ten="20,7800,0" yaku="0,1,7,1,52,1,54,1" doraHai="103" who="1" fromWho="1" sc="477,-26,167,78,144,-26,212,-26" /><INIT seed="5,1,0,5,0,22" ten="451,245,118,186" oya="1" hai0="19,17,104,118,86,88,24,76,120,78,39,128,74" hai1="15,89,121,11,99,48,94,61,124,116,131,111,101" hai2="30,68,28,84,57,100,4,107,42,14,44,25,53" hai3="18,92,31,93,33,55,59,10,6,105,20,49,43"/><U129/><E121/><V54/><F68/><W71/><G71/><T1/><D118/><U98/><E116/><V134/><F134/><W23/><G105/><T81/><D39/><U125/><E61/><V122/><F122/><W13/><G43/><T62/><D120/><U72/><E72/><V51/><F28/><W95/><G33/><T8/><D104/><U7/><E48/><V37/><F84/><W97/><G31/><T2/><D128/><N who="1" m="49227" /><E111/><V52/><F107/><AGARI ba="1,0" hai="7,11,15,89,94,98,99,101,107,124,125" m="49227" machi="107" ten="30,1500,0" yaku="19,1" doraHai="22" who="1" fromWho="2" sc="451,0,245,18,118,-18,186,0" /><INIT seed="5,2,0,5,3,57" ten="451,263,100,186" oya="1" hai0="45,81,9,76,5,90,17,109,30,72,88,55,131" hai1="116,26,95,73,50,67,70,51,1,120,6,110,91" hai2="23,130,102,20,0,99,97,44,38,71,96,4,85" hai3="37,124,127,54,105,82,58,78,13,79,14,86,121"/><U64/><E73/><V106/><F130/><W16/><G105/><T75/><D109/><U77/><E77/><V107/><F71/><W18/><G37/><T69/><D69/><U59/><E70/><V12/><F0/><W40/><G40/><T123/><D131/><U134/><E134/><V113/><F113/><W47/><G47/><T10/><D30/><U19/><E110/><V11/><F85/><W22/><G121/><T42/><D75/><U34/><E120/><V115/><F115/><W111/><G111/><T29/><D55/><U80/><E80/><V31/><F31/><W8/><REACH who="3" step="1"/><G79/><REACH who="3" ten="451,263,100,176" step="2"/><T74/><D45/><U63/><E116/><V65/><F38/><W33/><G33/><T129/><D42/><U41/><E34/><V101/><F44/><W7/><G7/><T114/><D5/><U15/><E6/><V66/><F107/><W98/><G98/><T103/><D76/><U92/><E41/><V39/><F39/><W117/><G117/><T21/><D123/><U84/><E51/><AGARI ba="2,1" hai="8,13,14,16,18,22,51,54,58,78,82,86,124,127" machi="51" ten="40,2600,0" yaku="1,1,54,1,53,0" doraHai="57" doraHaiUra="28" who="3" fromWho="1" sc="451,0,263,-32,100,0,176,42" /><INIT seed="6,0,0,2,0,10" ten="451,231,100,218" oya="2" hai0="80,133,37,131,84,114,11,42,21,38,118,41,99" hai1="126,71,65,30,86,50,28,103,25,74,23,85,127" hai2="107,125,34,92,67,40,62,13,51,90,135,87,56" hai3="122,48,132,93,26,7,100,57,128,121,47,36,106"/><V130/><F107/><W102/><G36/><T83/><D114/><U129/><E74/><V109/><F34/><W32/><G106/><T111/><D111/><U112/><E112/><V43/><F109/><W53/><G132/><T82/><D133/><U72/><E72/><V55/><F135/><W116/><G116/><T29/><D84/><N who="1" m="32363" /><E103/><V120/><F120/><W0/><G128/><T58/><D58/><U98/><E98/><V81/><F130/><W15/><G0/><T78/><D21/><U35/><E129/><V75/><F125/><N who="1" m="47625" /><E50/><V105/><F105/><W113/><G113/><T54/><D54/><U2/><E2/><V59/><F75/><W20/><G32/><T19/><D19/><N who="1" m="12543" /><E35/><V108/><F108/><W9/><G122/><T73/><D29/><U68/><E65/><V110/><F110/><W4/><G121/><T63/><D63/><U101/><E101/><V22/><F81/><W24/><G102/><T95/><D82/><U69/><AGARI ba="0,0" hai="28,30,68,69,71" m="12543,47625,32363" machi="69" ten="40,1500,0" yaku="18,1" doraHai="10" who="1" fromWho="1" sc="451,-4,231,15,100,-7,218,-4" /><INIT seed="7,0,0,4,4,100" ten="447,246,93,214" oya="3" hai0="114,50,134,31,102,71,23,111,34,87,32,38,3" hai1="89,13,70,81,56,5,73,77,65,49,43,86,125" hai2="33,130,124,113,60,116,41,103,133,78,88,128,28" hai3="126,72,82,106,26,62,9,115,53,104,66,127,83"/><W131/><G115/><T18/><D111/><U95/><E125/><N who="3" m="47626" /><G53/><T105/><D38/><U80/><E70/><V57/><F124/><W108/><G108/><T21/><D3/><U1/><E1/><V14/><F78/><N who="3" m="44359" /><G131/><T42/><D71/><U76/><E73/><V101/><F41/><W92/><G92/><T30/><D34/><U58/><E81/><V91/><F116/><W90/><G9/><T94/><D94/><U51/><E43/><V27/><F113/><W117/><G117/><T63/><D42/><U112/><E112/><V69/><F14/><W4/><G4/><T25/><D32/><U22/><E5/><V98/><F103/><W39/><G39/><T121/><D102/><U107/><E80/><V120/><F57/><N who="3" m="37199" /><G26/><T93/><D25/><U29/><E95/><V7/><F7/><W20/><G20/><T99/><D23/><U11/><E22/><V35/><F35/><W132/><G132/><T44/><D21/><U96/><E11/><V123/><F133/><W40/><G40/><T68/><D134/><U118/><E118/><V79/><F79/><W12/><G12/><T129/><D129/><U97/><E13/><V37/><F37/><W59/><G59/><T24/><D24/><U17/><E77/><V135/><F135/><W45/><G45/><T8/><D8/><U67/><E76/><V54/><F130/><W74/><G74/><T55/><D114/><U64/><E58/><N who="2" m="34903" /><F128/><W109/><G109/><T2/><D44/><U10/><E56/><V52/><F52/><W15/><G15/><T47/><D93/><U110/><E110/><RYUUKYOKU ba="0,0" sc="447,-10,246,-10,93,-10,214,30" hai3="83,90,104,106" /><INIT seed="7,1,0,1,4,51" ten="437,236,83,244" oya="3" hai0="60,73,86,71,74,130,2,54,126,10,90,95,65" hai1="125,98,31,36,116,123,75,40,37,82,99,105,115" hai2="108,133,52,48,57,38,12,62,11,100,24,114,59" hai3="122,128,110,56,7,81,53,33,76,32,77,35,17"/><W118/><G122/><T106/><D106/><U127/><E123/><V58/><F108/><W5/><G118/><T80/><D130/><U91/><E116/><V87/><F38/><N who="1" m="14953" /><E40/><V25/><F114/><W18/><G128/><T50/><D126/><N who="1" m="48139" /><E115/><V3/><F3/><W6/><G110/><T117/><D117/><U64/><E105/><V30/><F133/><W21/><G21/><T61/><D61/><U9/><E31/><V49/><F100/><W23/><G23/><T68/><D68/><U135/><E135/><V20/><F25/><W97/><G97/><T113/><D113/><U14/><E64/><V107/><F107/><W63/><REACH who="3" step="1"/><G77/><REACH who="3" ten="437,236,83,234" step="2"/><T132/><D132/><U92/><E99/><V112/><F112/><W83/><G83/><T46/><D80/><U22/><E22/><V43/><F87/><AGARI ba="1,1" hai="5,6,7,17,18,32,33,35,53,56,63,76,81,87" machi="87" ten="50,9600,0" yaku="1,1,52,1,53,1" doraHai="51" doraHaiUra="79" who="3" fromWho="2" sc="437,0,236,0,83,-99,234,109" owari="437,54.0,236,-16.0,-16,-52.0,343,14.0" /></mjloggm>