<mjloggm ver="2.3"><GO type="169" lobby="0"/><UN n0="%73%75%6E%63%68%69%6C%64" n1="%E3%83%88%E3%83%8B%E3%83%BC%E2%98%85%E5%BD%A1" n2="%E5%B0%B1%E6%B4%BB%E7%94%9F%40%E5%B7%9D%E6%9D%91%E8%BB%8D%E5%9B%A3" n3="%E3%81%BB%E3%81%88%E3%82%89%E3%83%BC" dan="16,16,19,18" rate="2098.29,2103.65,2361.39,2216.28" sx="M,M,M,M"/><TAIKYOKU oya="0"/><INIT seed="0,0,0,4,3,21" ten="250,250,250,250" oya="0" hai0="83,18,130,121,129,64,31,29,101,106,1,9,113" hai1="95,44,133,80,53,48,127,117,65,55,32,50,118" hai2="76,10,5,3,41,132,78,28,103,105,125,46,51" hai3="7,102,57,61,45,63,43,34,24,52,19,23,84"/><T33/><D121/><U15/><E32/><V14/><F125/><W67/><G7/><T68/><D113/><U37/><E37/><V89/><F132/><W60/><G102/><T87/><D68/><U99/><E127/><V22/><F105/><W12/><G84/><T0/><D64/><U91/><E133/><V86/><F103/><W94/><G94/><T17/><D106/><U93/><E80/><V134/><F134/><W58/><G34/><T100/><D33/><U111/><E65/><V2/><F2/><W73/><G73/><T38/><D38/><U56/><E111/><V26/><REACH who="2" step="1"/><F3/><REACH who="2" ten="250,250,240,250" step="2"/><W36/><REACH who="3" step="1"/><G61/><REACH who="3" ten="250,250,240,240" step="2"/><T126/><D100/><U124/><E124/><V104/><F104/><W79/><G79/><T25/><D101/><U47/><E118/><V96/><F96/><W35/><G35/><T82/><D126/><U42/><E117/><V70/><F70/><W54/><G54/><T59/><D1/><U109/><E109/><V74/><F74/><W81/><G81/><AGARI ba="0,2" hai="5,10,14,22,26,28,41,46,51,76,78,81,86,89" machi="81" ten="30,8000,1" yaku="1,1,7,1,8,1,52,1,53,1" doraHai="21" doraHaiUra="4" who="2" fromWho="3" sc="250,0,250,0,240,100,240,-80" /><INIT seed="1,0,0,3,1,10" ten="250,250,340,160" oya="1" hai0="123,9,132,21,32,16,70,0,60,87,52,122,8" hai1="74,96,66,63,28,97,92,26,29,39,59,71,3" hai2="61,106,104,73,93,50,99,103,42,6,125,1,37" hai3="82,18,24,44,98,45,14,53,46,127,48,72,35"/><U41/><E3/><V113/><F73/><W118/><G118/><T81/><D32/><U47/><E74/><V55/><F125/><W105/><G127/><T54/><D132/><U102/><E26/><V135/><F135/><W49/><G35/><T79/><D70/><U65/><E65/><V12/><F1/><W95/><G105/><T130/><D130/><U133/><E133/><V15/><F37/><W89/><G24/><T121/><D60/><U25/><E25/><V17/><F113/><W13/><G18/><T100/><D100/><U86/><E86/><V110/><F110/><W109/><G109/><T107/><D107/><U119/><E119/><V11/><F42/><W85/><G72/><T67/><D67/><U83/><E83/><V31/><F61/><W33/><G33/><T84/><D87/><U77/><E77/><V68/><F68/><W27/><G27/><N who="0" m="14759" /><D8/><U30/><REACH who="1" step="1"/><E97/><REACH who="1" ten="250,240,340,160" step="2"/><V131/><F131/><W36/><G36/><T78/><D79/><U75/><E75/><V43/><F31/><W120/><G120/><T69/><D69/><AGARI ba="0,1" hai="28,29,30,39,41,47,59,63,66,69,71,92,96,102" machi="69" ten="40,2000,0" yaku="1,1,53,0" doraHai="10" doraHaiUra="51" who="1" fromWho="0" sc="250,-20,240,30,340,0,160,0" /><INIT seed="1,1,0,1,2,48" ten="230,270,340,160" oya="1" hai0="16,65,15,130,59,96,35,14,72,50,22,99,34" hai1="21,114,40,71,118,122,74,107,38,92,124,43,33" hai2="53,67,128,69,93,44,132,31,126,98,19,18,103" hai3="49,129,52,30,112,76,27,25,117,94,90,32,102"/><U2/><RYUUKYOKU type="yao9" ba="1,0" sc="230,0,270,0,340,0,160,0" hai1="2,21,33,38,40,43,71,74,92,107,114,118,122,124" /><INIT seed="1,2,0,5,2,23" ten="230,270,340,160" oya="1" hai0="6,28,37,60,3,22,135,82,54,110,97,96,94" hai1="113,88,99,65,105,125,93,118,122,106,73,35,133" hai2="91,53,50,104,78,32,51,112,127,114,11,9,71" hai3="58,26,43,76,100,30,111,90,46,117,33,4,44"/><U84/><E35/><V123/><F104/><W40/><G111/><T59/><D37/><U25/><E122/><V119/><F119/><W61/><G117/><T21/><D110/><U131/><E118/><V69/><F123/><W134/><G134/><T31/><D135/><U130/><E133/><V63/><F32/><W56/><G76/><T92/><D82/><U98/><E65/><V48/><F78/><W83/><G100/><T85/><D85/><U45/><E45/><V14/><F127/><W108/><G108/><T124/><D124/><U89/><E125/><V67/><F71/><W18/><G4/><T29/><D6/><U57/><E57/><V1/><F91/><W27/><G83/><T81/><D81/><N who="1" m="49167" /><E25/><N who="3" m="9226" /><G30/><T107/><D107/><N who="1" m="40971" /><E113/><N who="2" m="43627" /><F1/><W55/><G33/><T0/><D3/><U20/><E20/><N who="0" m="7785" /><D0/><U72/><E99/><AGARI ba="2,0" hai="28,29,31,54,59,60,92,94,96,97,99" m="7785" machi="99" ten="30,1000,0" yaku="8,1" doraHai="23" who="0" fromWho="1" sc="230,16,270,-16,340,0,160,0" /><INIT seed="2,0,0,2,0,41" ten="246,254,340,160" oya="2" hai0="57,125,12,94,77,70,37,51,120,88,63,3,100" hai1="93,75,15,107,104,69,39,52,28,118,17,58,78" hai2="19,80,40,112,10,30,32,129,5,81,43,11,116" hai3="14,111,45,92,48,67,42,54,96,130,119,135,7"/><V21/><F116/><W101/><G119/><T109/><D3/><U105/><E69/><V133/><F112/><W27/><G111/><T74/><D37/><U76/><E75/><V38/><F133/><W79/><G130/><T83/><D109/><U56/><E28/><V55/><F129/><W35/><G67/><T91/><D70/><U20/><E118/><V50/><F32/><W128/><G128/><T26/><D125/><U0/><E0/><V106/><F106/><W34/><G135/><T127/><D120/><U46/><E93/><V124/><F30/><W16/><G79/><T95/><D127/><U13/><E13/><N who="2" m="5327" /><F38/><W103/><G103/><T64/><D12/><U98/><E98/><V61/><F61/><W117/><G117/><T33/><D51/><U102/><E102/><V65/><F65/><W90/><G101/><T24/><D33/><U1/><E1/><V68/><F11/><W87/><G96/><T23/><D100/><U97/><E97/><V47/><F68/><W86/><G86/><T53/><D64/><U25/><E25/><N who="2" m="14527" /><F124/><W123/><G123/><T18/><REACH who="0" step="1"/><D26/><REACH who="0" ten="236,254,340,160" step="2"/><U59/><REACH who="1" step="1"/><E39/><REACH who="1" ten="236,244,340,160" step="2"/><V36/><F36/><W62/><G27/><T29/><D29/><U44/><E44/><V71/><F71/><W31/><G31/><T8/><D8/><U114/><E114/><V84/><F80/><W72/><G45/><T134/><D134/><U122/><E122/><V60/><F47/><W22/><G35/><T4/><D4/><U113/><E113/><V121/><F81/><W110/><G34/><T85/><D85/><U108/><E108/><RYUUKYOKU ba="0,2" sc="236,15,244,15,340,-15,160,-15" hai0="18,23,24,53,57,63,74,77,83,88,91,94,95" hai1="15,17,20,46,52,56,58,59,76,78,104,105,107" /><INIT seed="3,1,2,2,1,58" ten="251,259,325,145" oya="3" hai0="103,11,39,121,63,84,55,49,69,40,112,110,60" hai1="111,16,80,46,120,99,14,20,77,42,48,32,29" hai2="79,117,125,62,21,50,1,51,124,109,34,92,97" hai3="89,95,132,129,54,96,57,67,52,6,130,122,71"/><W19/><G122/><T23/><D121/><U3/><E111/><V2/><F34/><W73/><G73/><T75/><D75/><U17/><E3/><V30/><F79/><W5/><G132/><T43/><D110/><U31/><E32/><V131/><F109/><W135/><G135/><T24/><D69/><U90/><E120/><V65/><F2/><W118/><G118/><T106/><D39/><U101/><E90/><V59/><F1/><W64/><G19/><T83/><D11/><U68/><E17/><V12/><F131/><N who="3" m="50187" /><G54/><T15/><D15/><U74/><REACH who="1" step="1"/><E68/><REACH who="1" ten="251,249,325,145" step="2"/><V119/><F119/><W85/><G71/><T88/><D112/><U133/><E133/><V93/><F117/><W113/><G113/><T70/><D70/><U53/><E53/><V7/><F124/><W123/><G123/><T72/><D40/><U13/><E13/><V35/><F125/><W22/><G96/><T114/><D43/><U107/><AGARI ba="1,3" hai="14,16,20,29,31,42,46,48,74,77,80,99,101,107" machi="107" ten="20,8000,1" yaku="1,1,0,1,7,1,54,1,53,1" doraHai="58" doraHaiUra="18" who="1" fromWho="1" sc="251,-21,249,113,325,-21,145,-41" /><INIT seed="4,0,0,2,3,10" ten="230,362,304,104" oya="0" hai0="28,135,51,134,99,103,29,4,123,80,52,15,64" hai1="128,23,3,83,43,94,39,11,9,2,62,110,100" hai2="117,98,112,93,95,115,47,63,16,41,20,13,31" hai3="113,77,55,129,50,24,97,61,22,32,108,86,78"/><T48/><D123/><U57/><E110/><V84/><F117/><W89/><G108/><T12/><D64/><U7/><E128/><V120/><F120/><W74/><G32/><T90/><D4/><U49/><E39/><V127/><F127/><W46/><G113/><T104/><D51/><U109/><E83/><V45/><F31/><N who="0" m="11850" /><D80/><U81/><E23/><V116/><F116/><W87/><G129/><T53/><D90/><U17/><E81/><V8/><F20/><W92/><G74/><T102/><D102/><U76/><E76/><V6/><F6/><W124/><G124/><T68/><D68/><U27/><E27/><V121/><F121/><W131/><G131/><T26/><D26/><U69/><E69/><V122/><F122/><W118/><G118/><T19/><D19/><U126/><E17/><V44/><F63/><W106/><G106/><T65/><D65/><U30/><E30/><V58/><F58/><W114/><G114/><N who="2" m="43561" /><F84/><W82/><G61/><T42/><D42/><U0/><E57/><V107/><F41/><W85/><REACH who="3" step="1"/><G77/><REACH who="3" ten="230,362,304,94" step="2"/><T88/><D104/><U125/><E62/><V60/><F60/><W40/><G40/><T1/><D53/><U71/><E43/><V33/><F33/><W130/><G130/><T35/><D35/><U101/><E125/><V91/><F107/><W70/><G70/><T132/><D52/><U66/><E71/><V37/><F37/><W5/><G5/><T59/><D48/><U21/><E7/><V36/><F36/><W34/><G34/><T38/><D38/><U18/><E126/><V56/><F56/><RYUUKYOKU ba="0,1" sc="230,-15,362,-15,304,15,94,15" hai2="8,13,16,44,45,47,91,93,95,98" hai3="22,24,46,50,55,78,82,85,86,87,89,92,97" /><INIT seed="5,1,1,5,5,114" ten="215,347,319,109" oya="1" hai0="22,95,135,129,102,48,96,90,21,101,131,26,32" hai1="113,9,79,91,68,33,46,27,119,85,71,130,123" hai2="18,11,12,133,60,10,82,132,19,57,36,63,15" hai3="30,20,38,40,24,67,6,23,83,121,105,115,98"/><U44/><E119/><V76/><F36/><W54/><G121/><T72/><D72/><U14/><E123/><V5/><F5/><W77/><G115/><T134/><D32/><U116/><E79/><V84/><REACH who="2" step="1"/><F63/><REACH who="2" ten="215,347,309,109" step="2"/><W110/><G6/><T87/><D48/><U89/><E113/><V81/><F81/><W120/><G120/><T86/><D131/><U16/><E130/><V109/><F109/><W47/><G110/><T107/><D129/><U111/><E111/><V74/><F74/><W75/><G67/><AGARI ba="1,2" hai="10,11,12,15,18,19,57,60,67,76,82,84,132,133" machi="67" ten="40,2600,0" yaku="1,1,9,1,53,0" doraHai="114" doraHaiUra="99" who="2" fromWho="3" sc="215,0,347,0,309,49,109,-29" /><INIT seed="6,0,0,5,2,66" ten="215,347,358,80" oya="2" hai0="100,86,23,109,51,131,32,99,80,27,87,10,58" hai1="94,64,82,84,62,16,43,2,63,85,130,60,31" hai2="127,36,78,107,70,11,54,38,22,108,103,126,33" hai3="104,18,21,8,81,88,111,65,24,56,134,89,3"/><V61/><F33/><W41/><G111/><T19/><D109/><U39/><E2/><V112/><F112/><W7/><G104/><T55/><D131/><U129/><E31/><V53/><F78/><W50/><G134/><T68/><D68/><U135/><E135/><V101/><F11/><W9/><G9/><T0/><D32/><U48/><E39/><N who="2" m="14891" /><F22/><W45/><REACH who="3" step="1"/><G81/><REACH who="3" ten="215,347,358,70" step="2"/><T40/><D80/><U42/><E82/><V118/><F107/><W83/><G83/><T90/><D10/><U59/><E130/><V117/><F108/><W75/><G75/><T77/><D77/><U121/><E129/><V119/><F119/><W69/><G69/><T12/><D0/><U57/><E121/><V76/><F117/><W132/><G132/><T91/><D27/><U115/><E94/><V30/><F118/><W113/><G113/><T122/><D122/><U125/><E115/><V124/><F70/><W6/><G6/><T26/><D26/><U74/><E74/><V25/><F126/><W128/><G128/><T98/><D12/><U34/><E125/><V49/><F124/><W1/><G1/><T110/><D110/><U92/><E92/><V116/><F127/><W67/><G67/><T72/><D72/><U133/><E64/><V44/><F116/><W46/><G46/><T123/><D123/><U73/><E73/><V5/><F5/><W15/><G15/><T97/><D58/><U95/><E59/><N who="2" m="35055" /><F76/><W35/><G35/><T114/><D114/><U96/><E34/><N who="2" m="20815" /><F44/><W79/><G79/><T17/><D23/><U14/><E133/><V37/><F37/><RYUUKYOKU ba="0,1" sc="215,-15,347,-15,358,15,70,15" hai2="49,54,101,103" hai3="3,7,8,18,21,24,41,45,50,56,65,88,89" /><INIT seed="6,1,1,2,5,66" ten="200,332,373,85" oya="2" hai0="133,45,68,35,20,97,132,103,44,102,104,19,27" hai1="87,109,56,16,98,83,105,54,129,39,125,73,126" hai2="36,25,92,114,51,94,38,14,2,130,42,72,91" hai3="71,74,55,106,46,33,18,70,128,30,47,88,93"/><V12/><F2/><W1/><G106/><T89/><D103/><U7/><E16/><V8/><F72/><W62/><G74/><T113/><D113/><U117/><E39/><V110/><F114/><W82/><G1/><T101/><D101/><U79/><E7/><V127/><F130/><W65/><G82/><T49/><D35/><U41/><E41/><V99/><F110/><W95/><G128/><T84/><D68/><U29/><E29/><V86/><F14/><W135/><G135/><N who="0" m="51787" /><D49/><U63/><E129/><V112/><F112/><W76/><G76/><T3/><D3/><U40/><E40/><V9/><F9/><W61/><G18/><T24/><D27/><U122/><E109/><V64/><F64/><W11/><G11/><T116/><D116/><U90/><E117/><V60/><F60/><W4/><G4/><T75/><D75/><U85/><E122/><V111/><F25/><W21/><G33/><T119/><D119/><U22/><E22/><V34/><F34/><W37/><G37/><T134/><D134/><U77/><E77/><V81/><F51/><W31/><G65/><T80/><AGARI ba="1,1" hai="19,20,24,44,45,80,84,89,97,102,104" m="51787" machi="80" ten="30,1100,0" yaku="20,1" doraHai="66" who="0" fromWho="0" sc="200,24,332,-4,373,-6,85,-4" /><INIT seed="7,0,0,2,2,19" ten="224,328,367,81" oya="3" hai0="12,84,65,89,18,77,33,90,49,55,50,52,71" hai1="28,78,43,27,10,20,59,34,123,97,116,110,130" hai2="100,83,32,124,94,44,7,118,64,106,133,54,81" hai3="121,4,112,132,60,98,13,95,131,113,6,31,61"/><W72/><G121/><T5/><D33/><U42/><E123/><V67/><F106/><W46/><G72/><T26/><D71/><U35/><E110/><V36/><F32/><W129/><G132/><T86/><D65/><U23/><E78/><V15/><F36/><W96/><G31/><T120/><D26/><U51/><E130/><N who="3" m="49674" /><G46/><N who="0" m="27703" /><D5/><N who="3" m="2153" /><G13/><T40/><D40/><U37/><E37/><V24/><F15/><W102/><G102/><T62/><D62/><N who="3" m="24169" /><G95/><T109/><D109/><U17/><E10/><V115/><F94/><W8/><G8/><N who="0" m="6407" /><D120/><U122/><E122/><V3/><F100/><W135/><G135/><T87/><D77/><U82/><E34/><V134/><F3/><W117/><G117/><T56/><AGARI ba="0,0" hai="50,55,56,84,86,87,89,90" m="6407,27703" machi="56" ten="30,2000,0" yaku="8,1,54,1" doraHai="19" who="0" fromWho="0" sc="224,20,328,-5,367,-5,81,-10" owari="244,-16.0,323,12.0,362,47.0,71,-43.0" /></mjloggm>