<mjloggm ver="2.3"><GO type="169" lobby="0"/><UN n0="%E3%81%BD%E3%82%93%E3%81%93%E3%81%A4%E9%98%BF%E8%B3%80%E9%87%8E%E5%A7%89" n1="%44%72%61%77%64%6F%77%6E" n2="%E3%83%88%E3%83%88%E3%83%AA%E5%85%88%E7%94%9F%31%39%E6%AD%B3" n3="%67%63%40%E6%BF%80%E8%BE%9B" dan="17,17,18,17" rate="2151.28,2182.82,2284.64,2163.61" sx="F,M,F,M"/><TAIKYOKU oya="0"/><INIT seed="0,0,0,4,3,72" ten="250,250,250,250" oya="0" hai0="40,96,103,133,42,118,101,104,97,100,19,4,114" hai1="37,46,45,60,21,25,2,3,81,129,17,71,121" hai2="56,120,47,119,105,22,82,63,75,78,128,110,68" hai3="24,49,92,122,31,39,53,30,116,117,32,6,13"/><T87/><D118/><U18/><E121/><V80/><F120/><W1/><G122/><T131/><D114/><U130/><E18/><V125/><F105/><W58/><G39/><T59/><D133/><U112/><E112/><V85/><F68/><W127/><G127/><T99/><D4/><U77/><E71/><V36/><F125/><W111/><G111/><T33/><D33/><U84/><E60/><V109/><F119/><W50/><G1/><T7/><D7/><U123/><E123/><V26/><F128/><N who="1" m="49257" /><E37/><V43/><F56/><W73/><G73/><T113/><D113/><U8/><E8/><V14/><F14/><W38/><G38/><T107/><D131/><U98/><E98/><V52/><F52/><W10/><G31/><T57/><D87/><U27/><E27/><V5/><F63/><W102/><G50/><T15/><D19/><U91/><E77/><V64/><F64/><W51/><G51/><T88/><D15/><U135/><E135/><V16/><REACH who="2" step="1"/><F5/><REACH who="2" ten="250,250,240,250" step="2"/><W55/><G55/><T48/><D40/><U106/><E106/><N who="0" m="40489" /><D42/><U93/><E3/><V12/><F12/><W89/><G116/><T66/><D66/><U0/><E0/><V44/><F44/><N who="1" m="17001" /><E2/><V83/><F83/><AGARI ba="0,1" hai="17,21,25,81,83,84,91,93" m="17001,49257" machi="83" ten="30,1000,0" yaku="19,1" doraHai="72" who="1" fromWho="2" sc="250,0,250,20,240,-10,250,0" /><INIT seed="1,0,0,5,0,103" ten="250,270,230,250" oya="1" hai0="21,134,89,50,125,49,10,112,133,69,90,58,6" hai1="130,128,68,52,4,39,8,22,115,29,3,106,53" hai2="74,111,100,91,11,32,101,120,63,121,26,131,25" hai3="61,119,96,1,56,65,87,55,75,0,95,33,34"/><U77/><E115/><V23/><F74/><W45/><G75/><T76/><D69/><U16/><E68/><V83/><F111/><W60/><G119/><T28/><D112/><U27/><E39/><V118/><F118/><W47/><G87/><T78/><D125/><U114/><E114/><V71/><F131/><N who="1" m="50217" /><E77/><N who="0" m="29801" /><D21/><N who="1" m="15599" /><E106/><V41/><F41/><W127/><G127/><T42/><D28/><U73/><E73/><V124/><F32/><W94/><G56/><T14/><D58/><U135/><E135/><N who="0" m="51721" /><D49/><U31/><E31/><V5/><F71/><W104/><G96/><T116/><D116/><U88/><E88/><N who="0" m="33897" /><D50/><U2/><E2/><V19/><F124/><W48/><G48/><T72/><D72/><U46/><E46/><V36/><F36/><W57/><G57/><T38/><D38/><U66/><E66/><V122/><F63/><W117/><G117/><T67/><D67/><U35/><E35/><V129/><F25/><AGARI ba="0,0" hai="3,4,8,16,22,25,52,53" m="15599,50217" machi="25" ten="30,5800,0" yaku="19,1,54,2" doraHai="103" who="1" fromWho="2" sc="250,0,270,58,230,-58,250,0" /><INIT seed="1,1,0,1,0,76" ten="250,328,172,250" oya="1" hai0="59,70,8,63,57,46,34,62,75,117,73,51,65" hai1="131,74,10,42,55,18,47,16,112,84,82,58,15" hai2="119,25,3,19,27,108,85,96,53,21,6,35,45" hai3="40,54,97,92,68,94,81,125,1,13,105,39,121"/><U38/><E131/><V36/><F119/><W67/><G1/><T37/><D117/><U87/><E112/><V93/><F108/><W128/><G121/><T2/><D34/><U29/><E29/><V52/><F3/><W129/><G105/><T22/><D22/><U115/><E115/><V120/><F6/><W79/><G125/><T28/><D28/><U24/><E24/><V71/><F71/><W106/><G106/><T14/><D2/><U110/><E110/><V49/><F120/><W109/><G109/><T64/><D37/><U133/><E133/><V98/><F36/><W103/><G92/><T86/><D86/><U135/><E135/><V50/><F35/><W26/><G26/><T33/><D33/><U123/><E123/><V122/><F122/><W88/><G103/><T69/><D75/><U12/><E74/><V107/><F107/><W134/><G134/><T127/><D73/><U44/><E87/><V95/><F27/><W30/><G30/><T104/><D104/><U4/><E47/><V102/><F85/><N who="3" m="48319" /><G54/><T90/><D90/><U101/><E101/><V130/><F130/><N who="3" m="50283" /><G13/><T113/><D127/><U61/><E15/><V43/><F50/><W80/><G80/><T56/><D113/><U116/><E116/><V48/><F49/><W9/><G9/><T72/><D72/><U31/><E31/><V5/><F5/><W132/><G132/><T91/><D91/><AGARI ba="1,0" hai="4,10,12,16,18,38,42,44,55,58,61,82,84,91" machi="91" ten="30,5800,0" yaku="7,1,52,1,54,1" doraHai="76" who="1" fromWho="0" sc="250,-61,328,61,172,0,250,0" /><AGARI ba="1,0" hai="19,21,25,43,45,48,52,53,91,93,95,96,98,102" machi="91" ten="30,3900,0" yaku="7,1,8,1,54,1" doraHai="76" who="2" fromWho="0" sc="189,-39,389,0,172,39,250,0" /><INIT seed="1,2,0,2,5,87" ten="150,389,211,250" oya="1" hai0="91,41,63,8,75,3,93,90,83,106,101,79,76" hai1="53,23,47,131,28,80,62,55,95,134,31,29,94" hai2="81,12,35,38,14,25,103,135,49,19,59,132,84" hai3="111,110,56,13,4,37,57,117,44,114,127,85,7"/><U16/><E131/><V105/><F38/><W30/><G114/><T0/><D41/><U102/><E134/><N who="2" m="51243" /><F103/><W51/><G127/><T1/><D79/><U130/><E130/><V119/><F105/><W20/><G117/><T112/><D112/><U122/><E122/><V9/><F119/><W97/><G37/><T67/><D106/><U98/><E80/><V39/><F39/><W125/><G125/><T115/><D115/><U33/><E33/><V18/><F59/><W129/><G129/><T11/><D101/><U58/><E94/><V54/><F54/><W42/><G97/><T133/><D133/><U116/><E116/><V126/><F49/><W104/><G104/><T24/><D24/><U96/><E96/><V15/><F126/><W121/><G121/><T109/><D109/><N who="3" m="41481" /><G85/><T40/><D40/><U99/><E99/><V120/><F120/><W118/><G118/><T100/><D100/><U92/><E92/><V32/><F84/><W21/><G7/><T2/><N who="0" m="0" /><DORA hai="108" /><T72/><D72/><U73/><E73/><V64/><F64/><W77/><G77/><T46/><D46/><U50/><E31/><V10/><F81/><W66/><G66/><T17/><D17/><N who="2" m="6154" /><F25/><AGARI ba="2,0" hai="16,23,25,28,29,47,50,53,55,58,62,95,98,102" machi="25" ten="30,5800,0" yaku="7,1,8,1,54,1" doraHai="87,108" who="1" fromWho="2" sc="150,0,389,64,211,-64,250,0" /><INIT seed="1,3,0,5,0,119" ten="150,453,147,250" oya="1" hai0="75,78,77,65,20,19,33,13,37,95,64,18,125" hai1="117,90,34,135,45,112,31,81,6,60,62,49,71" hai2="116,110,35,40,122,105,32,44,54,48,69,57,130" hai3="124,1,12,89,53,26,0,27,2,29,127,58,132"/><U84/><E112/><V102/><F116/><W68/><G68/><T9/><D37/><U43/><E117/><V94/><F69/><W52/><G132/><T76/><D33/><U104/><E104/><V96/><F110/><W51/><G12/><T3/><D75/><U74/><E135/><V128/><F105/><W67/><G67/><T83/><D125/><N who="3" m="48201" /><G29/><T85/><D95/><U88/><E74/><V47/><F47/><N who="3" m="27775" /><G89/><N who="0" m="51391" /><D3/><U134/><E6/><V114/><F122/><W79/><G79/><N who="0" m="20227" /><T55/><DORA hai="126" /><D55/><U100/><E100/><V50/><REACH who="2" step="1"/><F114/><REACH who="2" ten="150,453,137,250" step="2"/><W59/><G59/><T129/><D129/><AGARI ba="3,1" hai="32,35,40,44,48,50,54,57,94,96,102,128,129,130" machi="129" ten="40,12000,2" yaku="1,1,2,1,19,1,52,3,53,1" doraHai="119,126" doraHaiUra="92,118" who="2" fromWho="0" sc="150,-129,453,0,137,139,250,0" /><INIT seed="2,0,0,4,5,103" ten="21,453,276,250" oya="2" hai0="34,4,35,84,100,109,29,70,104,17,44,15,125" hai1="101,97,22,108,50,39,31,82,62,126,123,68,99" hai2="74,48,120,9,64,107,42,26,83,129,12,8,2" hai3="132,55,112,49,25,0,73,59,13,65,43,27,6"/><V91/><F120/><W69/><G0/><T98/><D125/><U58/><E39/><V113/><F113/><W3/><G3/><T51/><D109/><U95/><E126/><V36/><F129/><W80/><G112/><T52/><D70/><U47/><E68/><V119/><F119/><W127/><G127/><T114/><D114/><U57/><E108/><V18/><F64/><W96/><G132/><T54/><D29/><U110/><E110/><V14/><F2/><W134/><G134/><T86/><D4/><U130/><E82/><V45/><F26/><W75/><G43/><T87/><REACH who="0" step="1"/><D54/><REACH who="0" ten="11,453,276,250" step="2"/><N who="1" m="30047" /><E130/><V124/><F124/><W21/><G55/><T20/><AGARI ba="0,1" hai="15,17,20,34,35,44,51,52,84,86,87,98,100,104" machi="20" ten="30,7900,0" yaku="1,1,0,1,52,1,54,1,53,0" doraHai="103" doraHaiUra="133" who="0" fromWho="0" sc="11,89,453,-20,276,-39,250,-20" /><INIT seed="3,0,0,0,5,2" ten="100,433,237,230" oya="3" hai0="107,19,5,112,63,29,116,21,17,43,44,89,80" hai1="1,86,103,119,110,105,23,68,122,121,36,10,130" hai2="74,12,48,72,84,26,28,57,108,120,90,128,78" hai3="127,124,94,99,73,40,100,14,13,115,15,20,61"/><W132/><G115/><T58/><D112/><U133/><RYUUKYOKU type="yao9" ba="0,0" sc="100,0,433,0,237,0,230,0" hai1="1,10,23,36,68,86,103,105,110,119,121,122,130,133" /><INIT seed="3,1,0,4,1,113" ten="100,433,237,230" oya="3" hai0="122,121,66,18,38,16,19,65,53,88,34,98,17" hai1="119,67,22,39,102,35,106,105,6,135,0,100,59" hai2="31,42,3,27,55,126,8,101,58,49,87,25,73" hai3="85,93,76,84,89,50,72,10,123,45,129,41,116"/><W127/><G123/><T134/><N who="0" m="4096" /><DORA hai="57" /><T69/><D134/><U61/><E35/><V115/><F115/><W117/><G72/><T131/><D131/><U130/><E39/><V12/><F73/><W5/><G129/><T114/><D114/><U32/><E32/><V20/><F126/><W80/><REACH who="3" step="1"/><G127/><REACH who="3" ten="100,433,237,220" step="2"/><T40/><D34/><U118/><E130/><V83/><F20/><W36/><G36/><T110/><D110/><U82/><E22/><V64/><F27/><W108/><G108/><T104/><D40/><U70/><E135/><V111/><F25/><W1/><AGARI ba="1,1" hai="1,5,10,41,45,50,76,80,84,85,89,93,116,117" machi="1" ten="20,18000,2" yaku="1,1,0,1,7,1,52,2,53,2" doraHai="113,57" doraHaiUra="96,112" who="3" fromWho="3" sc="100,-61,433,-61,237,-61,220,193" /><INIT seed="3,2,0,0,1,128" ten="39,372,176,413" oya="3" hai0="39,42,60,24,129,34,9,25,91,88,49,77,92" hai1="44,10,118,23,103,132,107,14,12,2,106,4,41" hai2="48,111,50,96,13,115,127,66,121,87,6,46,51" hai3="7,114,54,35,79,69,40,53,108,64,47,117,18"/><W32/><G114/><T133/><D129/><U113/><E113/><V99/><F115/><W94/><G117/><T62/><D77/><U67/><E118/><V98/><F111/><W15/><G7/><T52/><D39/><U57/><E103/><V33/><F33/><W105/><G105/><T36/><D36/><U82/><E82/><V95/><F127/><W84/><G64/><T72/><D72/><U20/><E2/><V104/><F121/><W123/><G69/><T81/><D42/><U22/><E14/><V58/><F104/><W70/><G70/><T90/><D133/><U119/><E119/><V37/><F37/><W110/><G123/><T8/><D81/><U63/><REACH who="1" step="1"/><E132/><REACH who="1" ten="39,362,176,413" step="2"/><V38/><F13/><W134/><G134/><T59/><D92/><U97/><E97/><V89/><F98/><W120/><G120/><T5/><D34/><U80/><E80/><V101/><F96/><W135/><G135/><T76/><D76/><U131/><E131/><V30/><F99/><W116/><G116/><T29/><D29/><U27/><E27/><N who="0" m="10313" /><D5/><U11/><E11/><AGARI ba="2,1" hai="8,9,11,49,52,59,60,62,88,90,91" m="10313" machi="11" ten="30,3900,0" yaku="8,1,54,2" doraHai="128" who="0" fromWho="1" sc="39,55,362,-45,176,0,413,0" /><INIT seed="4,0,0,5,3,87" ten="94,317,176,413" oya="0" hai0="85,79,67,76,65,49,2,25,123,10,27,118,112" hai1="43,0,75,64,32,18,54,135,26,21,114,38,132" hai2="48,74,40,62,80,69,105,101,122,90,109,116,93" hai3="45,7,46,6,39,59,44,110,127,20,89,9,98"/><T37/><D118/><U16/><E75/><V126/><F109/><W102/><G110/><T121/><D123/><U3/><E64/><N who="0" m="24649" /><D121/><U84/><E32/><V107/><F122/><W96/><G39/><T88/><D37/><U94/><E18/><V68/><F116/><W24/><G127/><T8/><D112/><U52/><E114/><V95/><F126/><W41/><G41/><T130/><D130/><U117/><E117/><V73/><F40/><W22/><G59/><T99/><D99/><U108/><E108/><V56/><F48/><W63/><G63/><T100/><D100/><U30/><E30/><V36/><F36/><W5/><G102/><T104/><D104/><U91/><E43/><V4/><F101/><W131/><G131/><T12/><D2/><N who="1" m="555" /><E38/><V103/><F103/><W19/><G9/><N who="0" m="3691" /><D12/><U83/><E94/><V125/><F125/><W51/><G96/><T111/><D111/><U15/><E15/><V11/><F56/><W47/><G47/><T129/><D129/><U33/><E33/><V29/><F11/><W106/><G106/><T60/><D60/><U77/><E77/><N who="0" m="29769" /><D85/><U124/><E124/><V55/><F62/><W119/><G119/><T42/><D88/><U128/><E128/><V72/><F72/><W34/><G34/><T1/><D1/><U92/><E92/><V113/><F113/><W13/><G98/><T17/><D17/><U23/><E23/><V50/><F105/><W61/><G61/><T86/><D86/><U115/><E115/><V28/><F107/><W82/><G22/><T35/><D35/><U71/><E84/><RYUUKYOKU ba="0,0" sc="94,30,317,-10,176,-10,413,-10" hai0="25,27,42,49" /><INIT seed="4,1,0,5,2,42" ten="124,307,166,403" oya="0" hai0="43,21,1,120,76,132,66,131,90,86,28,81,68" hai1="75,34,19,6,69,44,27,126,29,63,38,15,60" hai2="48,50,5,107,102,12,31,111,56,110,17,129,134" hai3="59,51,97,77,80,41,7,49,127,84,98,30,94"/><T70/><D120/><U67/><E75/><V79/><F129/><W117/><G117/><T55/><D131/><U82/><E126/><V64/><F134/><W13/><G127/><T10/><D132/><U91/><E63/><V25/><F5/><W118/><G118/><T130/><D130/><U74/><E6/><V32/><F79/><W103/><G30/><T22/><D43/><U0/><E0/><V9/><F50/><W96/><G51/><T39/><D39/><U106/><E106/><V85/><F85/><W115/><G115/><T99/><D1/><U125/><E125/><V104/><F102/><W119/><G119/><T121/><D121/><U14/><E19/><V16/><F17/><W20/><G59/><T105/><D10/><U109/><E109/><V128/><F128/><W11/><G20/><T101/><D55/><U65/><E65/><V45/><F56/><W100/><G94/><N who="0" m="54615" /><D66/><U122/><E122/><V35/><F64/><W33/><G33/><T95/><D95/><U135/><E135/><V83/><F35/><W23/><G23/><N who="0" m="8715" /><D28/><U114/><E114/><V78/><F104/><W24/><G24/><T57/><D57/><U72/><E72/><AGARI ba="1,0" hai="68,70,72,76,81,99,101,105" m="8715,54615" machi="72" ten="30,1500,0" yaku="24,1" doraHai="42" who="0" fromWho="1" sc="124,18,307,-18,166,0,403,0" /><INIT seed="4,2,0,4,5,16" ten="142,289,166,403" oya="0" hai0="89,49,14,0,88,70,114,101,45,76,132,58,95" hai1="68,123,31,100,32,126,112,46,66,13,105,129,7" hai2="97,90,42,80,12,81,38,72,30,133,53,119,94" hai3="37,21,23,18,57,93,2,1,120,128,65,131,92"/><T48/><D0/><N who="3" m="105" /><G37/><T20/><D70/><U26/><E123/><V34/><F133/><W39/><G39/><T51/><D132/><U78/><E78/><V108/><F108/><W11/><G11/><T117/><D117/><U135/><E46/><V98/><F119/><W82/><G82/><T122/><D122/><U83/><E83/><V99/><F38/><W107/><G107/><T15/><D114/><U121/><E121/><V33/><F42/><W130/><G120/><T27/><D76/><U86/><E86/><V111/><F111/><W56/><G18/><N who="0" m="12695" /><D58/><N who="3" m="22633" /><G65/><T106/><D106/><U127/><E129/><V62/><F72/><W6/><G6/><T75/><D75/><U85/><E85/><N who="2" m="52559" /><F34/><W43/><G43/><T64/><D64/><U29/><E135/><V73/><F33/><W74/><G74/><T116/><D116/><U22/><E112/><V44/><F73/><W84/><G93/><T5/><D45/><U110/><E110/><V109/><F109/><W28/><G28/><T115/><D115/><U71/><E31/><V134/><F134/><W104/><G104/><T67/><D67/><U19/><E7/><V40/><F30/><W47/><G47/><T61/><D61/><N who="1" m="40015" /><E71/><V102/><F62/><W50/><G50/><N who="0" m="12803" /><T55/><DORA hai="41" /><D55/><U113/><E113/><V125/><F53/><W24/><G24/><T9/><D15/><U103/><E105/><N who="2" m="63695" /><F12/><W54/><G54/><T17/><D5/><U8/><E32/><V4/><F4/><W96/><G84/><T77/><D77/><U25/><E25/><V79/><F44/><W87/><G87/><RYUUKYOKU ba="2,0" sc="142,10,289,10,166,-30,403,10" hai0="9,14,17,88,89,95,101" hai1="8,13,19,22,26,29,100,103,126,127" hai3="21,23,92,96,128,130,131" /><INIT seed="4,3,0,4,3,77" ten="152,299,136,413" oya="0" hai0="118,103,107,6,57,66,106,81,34,24,12,9,133" hai1="123,131,7,16,124,2,60,102,82,101,5,120,13" hai2="104,122,84,116,126,85,109,96,115,79,53,37,68" hai3="51,14,87,72,105,65,73,88,19,10,23,121,80"/><T125/><D118/><U21/><E124/><V135/><RYUUKYOKU type="yao9" ba="3,0" sc="152,0,299,0,136,0,413,0" hai2="37,53,68,79,84,85,96,104,109,115,116,122,126,135" /><INIT seed="4,4,0,3,1,120" ten="152,299,136,413" oya="0" hai0="124,102,94,20,42,85,55,64,74,71,105,82,129" hai1="63,35,49,106,12,39,118,0,59,17,45,26,31" hai2="98,115,81,51,19,131,70,86,61,134,6,28,54" hai3="119,128,133,97,46,67,121,96,11,76,108,135,95"/><T84/><D42/><U111/><E118/><V65/><F115/><W113/><G119/><T116/><D116/><U52/><E106/><V4/><F131/><W103/><G113/><T125/><D64/><U29/><E0/><V37/><F134/><W66/><G121/><T40/><D71/><U132/><E132/><N who="3" m="50762" /><G128/><T14/><D40/><U90/><E31/><V69/><F69/><W62/><G76/><N who="0" m="44311" /><D55/><U126/><E126/><N who="0" m="48745" /><D129/><U92/><E39/><V72/><F72/><W78/><G78/><T25/><D14/><U18/><E12/><V2/><F37/><W83/><G83/><T107/><D20/><U32/><E32/><V112/><F112/><W9/><G46/><T114/><D25/><U41/><E111/><V23/><F2/><W36/><G108/><T34/><D34/><U56/><REACH who="1" step="1"/><E59/><REACH who="1" ten="152,289,136,413" step="2"/><V89/><F28/><W50/><G36/><T16/><D114/><U100/><E100/><V79/><F70/><W27/><G103/><T75/><D105/><U93/><E93/><V77/><F81/><W110/><G95/><T122/><D122/><U13/><E13/><V109/><F109/><W58/><G110/><T53/><D107/><U101/><E101/><V48/><F4/><W33/><G58/><T10/><D102/><U60/><E60/><V57/><F6/><W1/><G62/><T30/><D30/><U68/><E68/><V43/><F61/><W22/><G33/><T44/><D94/><U123/><E123/><V87/><F57/><W47/><G1/><T5/><D44/><U99/><AGARI ba="4,1" hai="17,18,26,29,35,41,45,49,52,56,63,90,92,99" machi="99" ten="20,5200,0" yaku="1,1,0,1,7,1,54,1,53,0" doraHai="120" doraHaiUra="104" who="1" fromWho="1" sc="152,-30,289,74,136,-17,413,-17" /><INIT seed="5,0,0,3,0,102" ten="122,363,119,396" oya="1" hai0="96,104,135,10,40,69,9,59,119,16,36,126,19" hai1="2,41,73,24,70,123,89,75,60,79,39,113,72" hai2="77,5,65,30,13,131,11,127,1,95,93,87,115" hai3="48,56,17,112,28,122,100,44,82,49,15,4,74"/><U42/><E123/><V8/><F131/><W6/><G122/><T32/><D119/><U3/><E89/><V84/><F127/><W7/><G112/><T71/><D32/><U14/><E14/><V63/><F115/><W85/><G74/><N who="1" m="28778" /><E113/><V105/><F105/><W20/><G100/><T92/><D104/><U18/><E18/><V118/><F118/><W47/><G28/><T53/><D40/><U116/><E42/><V108/><F108/><W50/><REACH who="3" step="1"/><G56/><REACH who="3" ten="122,363,119,386" step="2"/><T23/><D69/><U29/><E116/><V76/><F30/><W68/><G68/><T64/><D71/><U12/><E29/><V80/><F76/><AGARI ba="0,1" hai="4,6,7,15,17,20,44,47,48,49,50,76,82,85" machi="76" ten="40,2600,0" yaku="1,1,8,1,53,0" doraHai="102" doraHaiUra="98" who="3" fromWho="2" sc="122,0,363,0,119,-26,386,36" /><INIT seed="6,0,0,0,5,116" ten="122,363,93,422" oya="2" hai0="90,29,13,63,9,15,79,7,83,32,128,55,104" hai1="118,99,81,93,125,88,123,67,71,11,35,92,113" hai2="12,86,124,21,56,87,19,112,95,52,8,89,75" hai3="39,96,60,25,28,31,102,33,4,103,134,50,46"/><V72/><F112/><W36/><G134/><T48/><D104/><U131/><E35/><V121/><F124/><W45/><G4/><T18/><D128/><U66/><E71/><V40/><F121/><W91/><G31/><T133/><D133/><U101/><E118/><V41/><F86/><W53/><G60/><T10/><D63/><U44/><E113/><V59/><F59/><W80/><G102/><T26/><D90/><U107/><E131/><V17/><F75/><W37/><G91/><T77/><REACH who="0" step="1"/><D83/><REACH who="0" ten="112,363,93,422" step="2"/><U0/><E81/><V65/><F65/><W58/><G80/><T61/><D61/><U100/><E107/><V132/><F132/><W78/><G78/><T119/><D119/><U115/><E115/><V105/><F105/><W3/><G103/><T106/><D106/><U2/><E101/><V34/><F34/><W27/><G33/><T23/><D23/><U20/><E20/><V62/><REACH who="2" step="1"/><F72/><REACH who="2" ten="112,363,83,422" step="2"/><W38/><G96/><T14/><D14/><AGARI ba="0,2" hai="8,12,14,17,19,21,40,41,52,56,62,87,89,95" machi="14" ten="30,18000,2" yaku="1,1,2,1,7,1,8,1,54,1,53,1" doraHai="116" doraHaiUra="49" who="2" fromWho="0" sc="112,-180,363,0,83,200,422,0" owari="-68,-57.0,363,16.0,283,-12.0,422,53.0" /></mjloggm>