<mjloggm ver="2.3"><GO type="169" lobby="0"/><UN n0="%E3%81%A9%E3%82%84%E3%81%A9%E3%82%84%31%35%39" n1="%E5%B0%B1%E6%B4%BB%E7%94%9F%40%E5%B7%9D%E6%9D%91%E8%BB%8D%E5%9B%A3" n2="%E3%83%92%E3%83%AB%E3%83%99%E3%83%AB%E3%83%88" n3="%53%74%65%61%6C%74%68%47" dan="16,18,17,16" rate="2043.14,2307.11,2154.59,2057.75" sx="M,M,M,M"/><TAIKYOKU oya="0"/><INIT seed="0,0,0,4,0,86" ten="250,250,250,250" oya="0" hai0="96,103,51,32,43,3,134,77,88,117,47,64,131" hai1="58,37,98,67,107,74,119,31,26,25,38,8,27" hai2="63,16,10,118,127,93,59,110,24,60,40,19,111" hai3="23,94,41,45,65,35,85,97,69,104,123,76,126"/><T6/><D117/><U52/><E74/><V18/><F118/><W55/><G123/><T12/><D32/><U1/><E67/><V70/><F127/><W15/><G126/><T75/><D131/><U22/><E119/><V84/><F40/><W90/><G35/><T78/><D134/><U124/><E124/><V29/><F70/><W72/><G55/><T116/><D116/><U132/><E132/><V68/><F68/><W99/><G69/><T113/><D113/><U102/><E37/><V87/><F10/><W46/><G65/><T71/><D3/><U9/><E38/><V80/><F93/><W133/><G133/><T0/><D0/><U50/><REACH who="1" step="1"/><E9/><REACH who="1" ten="250,240,250,250" step="2"/><V13/><F111/><W95/><G72/><T120/><D75/><U5/><AGARI ba="0,1" hai="1,5,8,22,25,26,27,31,50,52,58,98,102,107" machi="5" ten="30,7900,0" yaku="1,1,2,1,0,1,54,1,53,0" doraHai="86" doraHaiUra="82" who="1" fromWho="1" sc="250,-39,240,89,250,-20,250,-20" /><INIT seed="1,0,0,4,2,66" ten="211,329,230,230" oya="1" hai0="68,12,53,15,135,41,78,22,92,23,67,104,112" hai1="50,124,45,56,8,76,93,17,32,63,47,131,1" hai2="120,31,114,60,89,69,26,46,51,19,57,16,88" hai3="103,117,72,52,6,108,33,83,25,59,4,75,36"/><U102/><E32/><V99/><F120/><W54/><G117/><T49/><D112/><U86/><E124/><V64/><F114/><W110/><G103/><T128/><D104/><U133/><E133/><V100/><F57/><W37/><G33/><T107/><D107/><U101/><E131/><V95/><F89/><W28/><G28/><T115/><D115/><U13/><E1/><V98/><F31/><W87/><G25/><T119/><D119/><U134/><E134/><V97/><F26/><W118/><G118/><T62/><D135/><U116/><E45/><V74/><F74/><N who="3" m="28203" /><G87/><T48/><D78/><U113/><E113/><V27/><F27/><W109/><G83/><T130/><D92/><U73/><E73/><V10/><F10/><W106/><G106/><T42/><D53/><N who="3" m="20585" /><G59/><T91/><D91/><N who="1" m="53495" /><E76/><V7/><F7/><AGARI ba="0,0" hai="4,6,7,36,37,108,109,110" m="20585,28203" machi="7" ten="40,8000,1" yaku="28,2,14,1,54,1" doraHai="66" who="3" fromWho="2" sc="211,0,329,0,230,-80,230,80" /><INIT seed="2,0,0,0,4,79" ten="211,329,150,310" oya="2" hai0="133,64,116,70,86,104,88,47,100,13,24,5,6" hai1="72,119,9,129,43,106,103,54,132,36,82,115,3" hai2="50,37,71,25,16,63,66,120,34,93,131,121,105" hai3="17,62,118,109,32,111,53,21,29,108,95,55,69"/><V94/><F105/><W110/><G118/><T90/><D116/><U51/><E115/><V4/><F37/><W96/><G32/><T65/><D133/><U92/><E106/><V61/><F131/><W28/><G110/><T113/><D113/><U11/><E129/><V102/><F4/><W41/><G41/><T124/><D124/><U128/><E3/><V19/><F50/><W31/><G69/><T57/><D70/><U126/><E132/><V112/><F112/><W46/><G46/><T97/><D47/><U98/><E126/><V89/><F102/><N who="3" m="60703" /><G62/><T45/><D45/><U127/><E43/><V77/><F77/><W38/><G38/><T67/><D57/><U40/><E40/><V135/><F135/><W49/><G49/><T39/><D39/><U59/><E36/><V73/><F73/><W74/><G74/><T78/><D24/><AGARI ba="0,0" hai="17,21,24,28,29,31,53,55,108,109,111" m="60703" machi="24" ten="40,1300,0" yaku="14,1" doraHai="79" who="3" fromWho="0" sc="211,-13,329,0,150,0,310,13" /><INIT seed="3,0,0,1,4,131" ten="198,329,150,323" oya="3" hai0="29,60,38,87,6,62,15,114,7,1,73,9,34" hai1="74,4,84,77,42,126,58,17,57,65,54,122,82" hai2="120,127,121,129,97,26,116,106,132,32,128,117,111" hai3="5,98,86,115,68,37,94,79,135,10,11,125,43"/><W95/><G115/><T31/><D73/><U104/><E104/><V45/><F45/><W8/><G125/><T27/><D38/><U66/><E126/><V36/><F97/><W51/><G37/><T83/><D114/><U46/><E122/><V19/><F19/><W90/><G68/><T16/><D29/><U75/><E4/><V53/><F53/><W110/><G110/><T105/><D105/><U107/><E107/><V24/><F106/><W101/><G79/><T80/><D7/><U67/><E17/><V21/><F36/><W49/><G135/><T76/><REACH who="0" step="1"/><D83/><REACH who="0" ten="188,329,150,323" step="2"/><U70/><E70/><V55/><F127/><W69/><G69/><T23/><AGARI ba="0,1" hai="1,6,9,15,16,23,27,31,34,60,62,76,80,87" machi="23" ten="20,12000,2" yaku="1,1,2,1,0,1,7,1,24,2,54,1,53,0" doraHai="131" doraHaiUra="50" who="0" fromWho="0" sc="188,130,329,-30,150,-30,323,-60" /><INIT seed="4,0,0,4,5,97" ten="318,299,120,263" oya="0" hai0="82,100,102,107,122,23,81,32,12,109,91,95,94" hai1="103,64,73,51,27,50,92,59,63,19,6,85,53" hai2="127,10,124,76,70,68,104,54,18,117,84,65,83" hai3="40,28,72,119,41,24,80,88,8,123,78,14,134"/><T48/><D32/><U13/><E73/><V44/><F104/><W16/><G119/><T4/><D122/><U86/><E6/><V90/><F117/><W61/><G123/><T39/><D39/><U34/><E34/><V113/><F113/><W116/><G116/><T110/><D107/><U25/><E50/><N who="2" m="28999" /><F76/><W77/><G134/><T45/><D4/><U69/><E86/><V42/><F42/><W93/><G61/><T21/><D12/><U98/><REACH who="1" step="1"/><E85/><REACH who="1" ten="318,289,120,263" step="2"/><V31/><F127/><W112/><G112/><T111/><D81/><U131/><E131/><V96/><F124/><W115/><G115/><T2/><D82/><U58/><E58/><V7/><F70/><W0/><G0/><T133/><D2/><U120/><E120/><V135/><F68/><W132/><G132/><T36/><D133/><U125/><E125/><V55/><F135/><W30/><G77/><T33/><D33/><U46/><E46/><V60/><F7/><W29/><REACH who="3" step="1"/><G24/><REACH who="3" ten="318,289,120,253" step="2"/><T56/><D109/><U62/><E62/><V5/><F60/><W9/><G9/><AGARI ba="0,2" hai="9,13,19,25,27,51,53,59,63,64,69,92,98,103" machi="9" ten="30,3900,0" yaku="1,1,7,1,52,1,53,0" doraHai="97" doraHaiUra="129" who="1" fromWho="3" sc="318,0,289,59,120,0,253,-39" /><INIT seed="5,0,0,2,4,69" ten="318,348,120,214" oya="1" hai0="99,3,66,95,31,85,107,125,80,116,87,76,132" hai1="42,34,93,0,50,20,113,33,134,58,70,91,7" hai2="2,19,23,52,84,48,124,101,53,45,97,56,86" hai3="27,30,15,6,119,109,4,17,38,104,36,129,32"/><U67/><E70/><V14/><F2/><W122/><G109/><T128/><D3/><U92/><E113/><V74/><F74/><W35/><G122/><T13/><D31/><U131/><E92/><V29/><F124/><W43/><G104/><T118/><D66/><U5/><E0/><V71/><F71/><W40/><G129/><T11/><D125/><U79/><E79/><V88/><F29/><W112/><G112/><T68/><D68/><U117/><E134/><V46/><F53/><W94/><G94/><T126/><D126/><U28/><E20/><V44/><F101/><W54/><G54/><T10/><D10/><U61/><E131/><V89/><F89/><W25/><G30/><T115/><D128/><U77/><E77/><V105/><F105/><W41/><G119/><T121/><D115/><U9/><E28/><V55/><F55/><W78/><G78/><T64/><D64/><U47/><E117/><V81/><F86/><W26/><G17/><T8/><D8/><U100/><E100/><V12/><F97/><W22/><G22/><T127/><D127/><U82/><E82/><V108/><F108/><W102/><G102/><N who="0" m="62943" /><D121/><U96/><REACH who="1" step="1"/><E9/><REACH who="1" ten="318,338,120,214" step="2"/><V75/><REACH who="2" step="1"/><F75/><REACH who="2" ten="318,338,110,214" step="2"/><W110/><G110/><T106/><D118/><U39/><E39/><N who="3" m="14890" /><G15/><AGARI ba="0,2" hai="12,14,15,19,23,44,45,46,48,52,56,81,84,88" machi="15" ten="40,8000,1" yaku="1,1,8,1,54,2,53,0" doraHai="69" doraHaiUra="114" who="2" fromWho="3" sc="318,0,338,0,110,100,214,-80" /><INIT seed="6,0,0,1,1,134" ten="318,338,210,134" oya="2" hai0="56,131,80,132,3,20,24,65,83,49,10,101,40" hai1="63,72,46,105,118,106,99,30,7,93,133,88,116" hai2="64,79,27,68,67,36,70,77,13,117,103,5,124" hai3="135,62,47,26,33,58,81,61,76,51,0,74,109"/><V92/><F36/><W48/><G135/><T4/><D101/><U8/><E133/><V129/><F117/><W52/><G109/><T120/><D132/><U31/><E72/><V22/><F129/><W38/><G0/><T94/><D131/><U104/><E63/><V25/><F13/><W28/><REACH who="3" step="1"/><G38/><REACH who="3" ten="318,338,210,124" step="2"/><T23/><D3/><U43/><E116/><V100/><F70/><W54/><AGARI ba="0,1" hai="26,28,33,47,48,51,52,54,58,61,62,74,76,81" machi="54" ten="20,8000,1" yaku="1,1,2,1,0,1,7,1,54,1,53,0" doraHai="134" doraHaiUra="90" who="3" fromWho="3" sc="318,-20,338,-20,210,-40,124,90" /><INIT seed="7,0,0,5,2,68" ten="298,318,170,214" oya="3" hai0="103,115,37,123,116,41,82,110,18,101,65,15,97" hai1="61,118,5,125,92,31,113,105,134,93,54,43,98" hai2="38,74,63,119,64,69,62,45,4,36,135,17,85" hai3="32,53,51,83,129,3,107,19,52,47,56,12,26"/><W23/><G107/><T104/><D110/><U70/><E113/><V42/><F74/><W111/><G129/><T78/><D116/><U77/><E77/><V9/><F119/><W1/><G111/><T73/><D123/><U91/><E105/><V102/><F135/><W120/><G120/><T76/><D65/><U2/><E31/><V55/><F102/><W128/><G128/><T132/><D132/><U75/><E75/><V6/><F17/><W127/><G127/><T57/><D57/><U25/><E54/><V80/><F9/><W39/><G39/><T90/><D115/><U13/><E93/><V66/><F55/><W100/><G100/><T86/><D78/><U96/><E96/><V35/><F35/><W89/><G83/><T126/><D126/><U60/><E2/><V81/><F38/><W122/><G89/><T24/><D24/><U95/><E95/><V79/><REACH who="2" step="1"/><F81/><REACH who="2" ten="298,318,160,214" step="2"/><W28/><REACH who="3" step="1"/><G122/><REACH who="3" ten="298,318,160,204" step="2"/><T94/><D103/><U27/><E125/><V49/><F49/><AGARI ba="0,2" hai="1,3,12,19,23,26,28,32,47,49,51,52,53,56" machi="49" ten="30,12000,1" yaku="1,1,2,1,7,1,54,1,53,1" doraHai="68" doraHaiUra="11" who="3" fromWho="2" sc="298,0,318,0,160,-120,204,140" owari="298,-10.0,318,12.0,40,-46.0,344,44.0" /></mjloggm>