<mjloggm ver="2.3"><GO type="169" lobby="0"/><UN n0="%E3%82%A6%E3%83%AB%E3%83%88%E3%83%A9%E7%AB%8B%E7%9B%B4" n1="%54%4F%4D%4F%47%45" n2="%34%31%36%30" n3="%E3%82%AA%E3%82%AD%E3%83%92%E3%82%AB%E3%83%AB" dan="18,16,16,16" rate="2202.46,2094.91,2128.35,2087.30" sx="M,M,F,F"/><TAIKYOKU oya="0"/><INIT seed="0,0,0,2,5,18" ten="250,250,250,250" oya="0" hai0="88,65,126,86,33,38,35,95,46,37,24,93,133" hai1="53,103,131,92,129,119,40,54,31,102,23,6,125" hai2="117,45,113,84,9,115,59,39,108,118,8,130,64" hai3="67,99,110,1,83,98,134,87,77,34,70,127,28"/><T14/><D126/><U71/><E119/><N who="2" m="45579" /><F84/><W13/><G127/><T49/><D133/><U55/><E71/><V79/><F79/><W56/><G1/><T58/><D14/><U74/><E74/><V91/><F91/><W116/><G70/><T111/><D111/><U128/><E125/><V47/><F108/><W60/><G110/><T29/><D35/><U20/><E31/><V100/><F100/><N who="1" m="38441" /><E40/><V105/><F105/><W121/><G134/><T76/><D95/><U30/><E30/><V69/><F9/><W109/><G109/><T50/><D76/><U114/><E114/><N who="2" m="43531" /><F8/><W32/><G13/><T41/><REACH who="0" step="1"/><D50/><REACH who="0" ten="240,250,250,250" step="2"/><U17/><E6/><V96/><F39/><W22/><G116/><T2/><D2/><U80/><E92/><V106/><F130/><W72/><G77/><T78/><D78/><U63/><E80/><V15/><F15/><W112/><G83/><T82/><D82/><U42/><E128/><V132/><F132/><W43/><G112/><T61/><AGARI ba="0,1" hai="24,29,33,37,38,41,46,49,58,61,65,86,88,93" machi="61" ten="30,11700,0" yaku="1,1,0,1,54,1,53,1" doraHai="18" doraHaiUra="25" who="0" fromWho="0" sc="240,127,250,-39,250,-39,250,-39" /><INIT seed="0,1,0,2,4,74" ten="367,211,211,211" oya="0" hai0="69,34,11,47,133,95,72,20,56,101,18,65,38" hai1="84,112,16,79,30,131,127,10,42,70,121,109,4" hai2="117,106,113,105,40,115,126,32,3,7,8,57,24" hai3="90,86,88,71,37,130,58,118,135,39,67,97,61"/><T63/><D34/><U103/><E121/><V83/><F57/><W124/><G135/><T114/><D114/><U116/><E116/><V129/><F117/><W1/><G1/><T66/><D72/><U46/><E112/><N who="2" m="43083" /><F40/><W22/><G130/><T23/><D133/><U75/><E70/><V98/><F129/><W50/><G124/><T111/><D111/><U14/><E131/><V17/><F17/><W0/><G0/><T44/><D38/><U25/><E127/><V21/><F21/><N who="0" m="8266" /><D66/><U51/><E75/><V35/><F83/><W43/><G118/><T52/><D65/><U26/><E109/><V31/><F126/><W49/><G22/><T119/><D69/><U48/><E103/><N who="2" m="62711" /><F32/><W55/><G97/><N who="0" m="59583" /><D119/><U62/><E62/><V120/><F120/><W89/><REACH who="3" step="1"/><G86/><REACH who="3" ten="367,211,211,201" step="2"/><T53/><D47/><AGARI ba="1,1" hai="37,39,43,47,49,50,55,58,61,67,71,88,89,90" machi="47" ten="40,5200,0" yaku="1,1,2,1,54,1,53,0" doraHai="74" doraHaiUra="102" who="3" fromWho="0" sc="367,-55,211,0,211,0,201,65" /><INIT seed="1,0,0,3,2,46" ten="312,211,211,266" oya="1" hai0="7,86,13,21,12,57,16,69,50,24,56,0,43" hai1="109,31,8,98,65,122,110,100,10,9,27,55,2" hai2="23,114,132,124,128,45,95,36,82,73,1,97,66" hai3="58,4,126,29,22,42,41,129,76,108,67,89,127"/><U118/><E122/><V111/><F111/><BYE who="2" /><N who="1" m="42505" /><E65/><V125/><F125/><W15/><G76/><T38/><D69/><U134/><E134/><V75/><F75/><W59/><G108/><T52/><D0/><U103/><E118/><UN n2="%34%31%36%30" /><V123/><F23/><W33/><G33/><T102/><D38/><U39/><E39/><V81/><F66/><W18/><G29/><T5/><D43/><U49/><E98/><V47/><F36/><W121/><G4/><N who="0" m="1611" /><D102/><U92/><E92/><V91/><F1/><W72/><G72/><T106/><D106/><U78/><E78/><N who="2" m="44239" /><F47/><W60/><G121/><T30/><D86/><U133/><E133/><V112/><F45/><W61/><G89/><T87/><D87/><U53/><E53/><V119/><F132/><W11/><G127/><T130/><D130/><U26/><E2/><V85/><F124/><W25/><G129/><T68/><D68/><U62/><E62/><V37/><F37/><W79/><G79/><T104/><D104/><U101/><E31/><V88/><F128/><W70/><G70/><T48/><D30/><U77/><E77/><V74/><F123/><W93/><G126/><T96/><D96/><U120/><E120/><V6/><F6/><W113/><G42/><T34/><D34/><U14/><E14/><V64/><F64/><W17/><G41/><T99/><D99/><U28/><E28/><V40/><F40/><W117/><G67/><T131/><D131/><U71/><E71/><V90/><F74/><W84/><G117/><T3/><D3/><U44/><AGARI ba="0,0" hai="8,9,10,26,27,44,49,55,100,101,103" m="42505" machi="44" ten="40,7800,0" yaku="14,1,10,1,52,1" doraHai="46" who="1" fromWho="1" sc="312,-26,211,78,211,-26,266,-26" /><INIT seed="1,1,0,2,4,52" ten="286,289,185,240" oya="1" hai0="131,13,135,37,134,6,126,90,42,65,66,11,57" hai1="127,7,34,111,53,50,101,72,44,33,118,19,8" hai2="48,84,87,41,130,99,82,124,108,14,95,27,100" hai3="97,132,1,60,88,63,83,22,12,9,15,96,102"/><U20/><E118/><V4/><F108/><W128/><G132/><N who="0" m="50731" /><D131/><U129/><E72/><V94/><F130/><W43/><G128/><T106/><D106/><U17/><E129/><V38/><F38/><W93/><G1/><T119/><D119/><U25/><E127/><V40/><F124/><W26/><G43/><T115/><D115/><U120/><E120/><V55/><F27/><W117/><G117/><T109/><D109/><U104/><E111/><V91/><F4/><W35/><G35/><T122/><D126/><U103/><E19/><V133/><F133/><W59/><G63/><T0/><D122/><U61/><E61/><V75/><F75/><W121/><G9/><T112/><D112/><U86/><E86/><V98/><F14/><W80/><G15/><T39/><D42/><U64/><E64/><N who="0" m="24681" /><D90/><U74/><E74/><V45/><REACH who="2" step="1"/><F84/><REACH who="2" ten="286,289,175,240" step="2"/><W123/><G12/><T76/><D13/><U125/><E125/><V3/><F3/><W85/><G85/><T23/><D39/><U31/><E7/><V116/><F116/><W78/><G123/><T110/><D37/><U46/><E8/><V16/><F16/><N who="3" m="12615" /><G121/><T32/><D110/><U71/><E17/><V54/><F54/><N who="3" m="33911" /><G78/><AGARI ba="1,1" hai="40,41,45,48,55,78,82,87,91,94,95,98,99,100" machi="78" ten="30,7700,0" yaku="1,1,7,1,8,1,53,1" doraHai="52" doraHaiUra="49" who="2" fromWho="3" sc="286,0,289,0,175,90,240,-80" /><INIT seed="2,0,0,2,5,124" ten="286,289,265,160" oya="2" hai0="57,135,27,85,19,40,110,20,66,98,35,83,76" hai1="12,63,1,5,123,95,112,96,30,120,107,6,119" hai2="75,64,92,55,67,21,127,128,47,94,8,9,0" hai3="13,38,130,59,133,16,24,41,14,45,114,68,90"/><V132/><F75/><W81/><G68/><T103/><D110/><U31/><E107/><V125/><F132/><W44/><G133/><T86/><D135/><U88/><E119/><V104/><F104/><W46/><G114/><T77/><D40/><U18/><E112/><V84/><F21/><W29/><G130/><T11/><D35/><U78/><E78/><V50/><F128/><W89/><G13/><T126/><D126/><N who="2" m="48138" /><F84/><W109/><G109/><T23/><D11/><N who="2" m="4170" /><F0/><W117/><G59/><T60/><D23/><N who="1" m="11719" /><E63/><V25/><F25/><W39/><G117/><T97/><D103/><U115/><E115/><V22/><F22/><W134/><G134/><T65/><REACH who="0" step="1"/><D66/><AGARI ba="0,0" hai="47,50,55,64,66,67,92,94" m="4170,48138" machi="66" ten="30,1500,0" yaku="18,1" doraHai="124" who="2" fromWho="0" sc="286,-15,289,0,265,15,160,0" /><INIT seed="2,1,0,1,0,8" ten="271,289,280,160" oya="2" hai0="38,66,79,63,41,77,60,17,56,29,69,124,75" hai1="7,110,45,61,0,6,87,43,115,123,113,62,64" hai2="31,19,103,25,10,127,73,14,71,98,96,49,107" hai3="114,92,47,21,4,118,126,12,122,125,5,70,44"/><V11/><F127/><W24/><G70/><T84/><D124/><U23/><E110/><V76/><F76/><W128/><G128/><T26/><D75/><U48/><E123/><V106/><F73/><W82/><G122/><T101/><D38/><U132/><E132/><V39/><F39/><W134/><G134/><T30/><D41/><U102/><E102/><V35/><F71/><W18/><G118/><T116/><D116/><U112/><E0/><V32/><F32/><W74/><G114/><T9/><D101/><U133/><E133/><V129/><F129/><W53/><G5/><T99/><D99/><U119/><E119/><V100/><REACH who="2" step="1"/><F49/><REACH who="2" ten="271,289,270,160" step="2"/><W3/><G126/><T117/><D79/><U108/><E112/><V2/><F2/><W105/><G3/><T86/><D77/><U55/><E113/><V93/><F93/><W46/><G92/><T15/><D117/><U1/><E115/><V68/><F68/><W85/><G125/><T120/><D120/><U36/><E1/><V81/><F81/><W52/><G74/><T59/><D69/><U40/><E48/><V90/><F90/><N who="3" m="51511" /><G105/><T42/><D42/><U88/><E40/><V89/><F89/><W28/><G4/><T72/><D72/><U16/><E88/><V67/><F67/><W80/><G80/><T111/><D111/><U97/><E64/><V95/><F95/><W91/><G91/><T20/><D30/><U50/><E108/><V109/><F109/><W33/><G33/><T13/><D29/><U65/><E65/><V104/><F104/><W83/><G83/><T121/><D66/><RYUUKYOKU ba="1,1" sc="271,-15,289,-15,270,15,160,15" hai2="10,11,14,19,25,31,35,96,98,100,103,106,107" hai3="12,18,21,24,28,44,46,47,52,53" /><INIT seed="2,2,1,1,4,97" ten="256,274,285,175" oya="2" hai0="15,125,42,133,103,75,21,101,94,122,35,124,72" hai1="77,108,93,3,68,119,129,20,80,51,100,126,7" hai2="44,34,92,130,99,16,57,56,63,46,64,95,31" hai3="12,128,54,102,120,116,87,67,134,123,91,43,13"/><V65/><F130/><W107/><G128/><T50/><D35/><U59/><E68/><V121/><F121/><W81/><G134/><T40/><D122/><U41/><E3/><V37/><F34/><W0/><G0/><T78/><D133/><U61/><E7/><V19/><F31/><W17/><G116/><T106/><D106/><U105/><E105/><V127/><F127/><N who="0" m="48714" /><D94/><U132/><E126/><V48/><F92/><W71/><G13/><T52/><D78/><U89/><E132/><V8/><F37/><W47/><G54/><T1/><D1/><U9/><E9/><V86/><F86/><W83/><G67/><T38/><D38/><U115/><E119/><V135/><F135/><W39/><G71/><T25/><D15/><U104/><E93/><V82/><F82/><W30/><G81/><T74/><D42/><U60/><E80/><V73/><F73/><W23/><REACH who="3" step="1"/><G30/><REACH who="3" ten="256,274,285,165" step="2"/><N who="0" m="17711" /><D40/><U28/><E41/><V5/><F65/><W22/><G22/><T29/><D29/><U18/><E20/><V112/><F64/><W33/><G33/><T114/><D114/><U69/><E28/><V70/><F112/><W88/><G88/><T111/><D111/><U11/><E89/><V27/><F70/><W113/><G113/><T32/><D32/><U4/><E69/><V90/><F90/><W49/><G49/><T131/><D131/><U85/><E51/><V36/><F36/><W66/><G66/><T45/><AGARI ba="2,2" hai="45,50,52,72,74,75,101,103" m="17711,48714" machi="45" ten="40,8000,1" yaku="18,1,52,2,54,1" doraHai="97" who="0" fromWho="0" sc="256,106,274,-22,285,-42,165,-22" /><INIT seed="3,0,0,2,3,37" ten="362,252,243,143" oya="3" hai0="76,121,128,1,34,14,35,65,73,2,24,19,126" hai1="29,80,25,131,124,17,84,33,47,120,87,69,27" hai2="92,50,81,90,49,41,91,79,99,60,0,83,36" hai3="77,6,58,62,108,119,23,9,53,117,110,16,125"/><W104/><G104/><T70/><D121/><U42/><E120/><V133/><F133/><W113/><G113/><T88/><D76/><U12/><E69/><V57/><F0/><W115/><G115/><T26/><D73/><U118/><E118/><V132/><F132/><W10/><G77/><T105/><D65/><U134/><E134/><V101/><F36/><W59/><G125/><T71/><D14/><U68/><E68/><V129/><F129/><W89/><G89/><N who="2" m="33801" /><F41/><W102/><G102/><T130/><D88/><U46/><E46/><V103/><F103/><W96/><G96/><T74/><D19/><U5/><E5/><V15/><F15/><N who="3" m="9631" /><G58/><T18/><D74/><U8/><E124/><V43/><F43/><W100/><G100/><T31/><D126/><U21/><E80/><N who="2" m="30795" /><F79/><W114/><G114/><T4/><D105/><U3/><E131/><V11/><F11/><N who="3" m="4107" /><G6/><T122/><D4/><N who="1" m="1055" /><E25/><V106/><F106/><W116/><G116/><T107/><D107/><U67/><E67/><AGARI ba="0,0" hai="49,50,57,60,67,92,99,101" m="30795,33801" machi="67" ten="30,1000,0" yaku="8,1" doraHai="37" who="2" fromWho="1" sc="362,0,252,-10,243,10,143,0" /><INIT seed="4,0,0,4,1,17" ten="362,242,253,143" oya="0" hai0="48,132,1,68,21,31,3,122,14,116,115,119,82" hai1="97,103,54,77,64,104,79,83,126,127,110,112,62" hai2="101,129,94,108,55,75,9,26,28,81,2,44,114" hai3="33,20,66,91,72,4,128,41,30,46,73,34,51"/><T111/><D68/><U87/><E110/><V71/><F71/><W85/><G128/><T16/><D122/><U67/><E112/><V106/><F106/><W58/><G4/><T15/><D48/><U117/><E117/><V45/><F129/><W52/><G66/><T124/><D82/><U65/><E54/><V53/><F2/><W70/><G70/><T84/><D84/><U40/><E40/><V61/><F9/><W100/><G100/><T6/><D115/><U5/><E5/><V98/><F114/><W121/><G121/><T42/><D42/><U96/><E62/><V95/><F94/><W89/><G89/><T123/><D123/><U39/><E39/><V63/><F55/><W92/><G73/><T36/><D36/><U109/><E109/><V120/><F120/><W24/><REACH who="3" step="1"/><G72/><REACH who="3" ten="362,242,253,133" step="2"/><T13/><D111/><U43/><E79/><V99/><F108/><W93/><G93/><T35/><D6/><U86/><E103/><V69/><F69/><W11/><G11/><T133/><D119/><U38/><E104/><V56/><F75/><W74/><G74/><T105/><D105/><U76/><E77/><V27/><F95/><W125/><G125/><T47/><D124/><U102/><E102/><V32/><F101/><W88/><G88/><T113/><D116/><U25/><E127/><V8/><F8/><W80/><G80/><T130/><D113/><U49/><E83/><V78/><F81/><W135/><G135/><T10/><D133/><U37/><E76/><V107/><F78/><W7/><G7/><T59/><D132/><U131/><E126/><RYUUKYOKU ba="0,1" sc="362,-10,242,-10,253,-10,133,30" hai3="20,24,30,33,34,41,46,51,52,58,85,91,92" /><INIT seed="5,1,1,1,4,26" ten="352,232,243,163" oya="1" hai0="68,23,104,10,83,40,37,36,72,20,98,49,25" hai1="103,91,128,64,17,133,124,94,43,6,125,123,127" hai2="116,109,41,78,16,50,86,30,61,51,130,55,28" hai3="54,105,89,45,52,92,117,134,96,65,4,79,120"/><U84/><E123/><V112/><F116/><W29/><G134/><T46/><D68/><U3/><E133/><V33/><F109/><W15/><G120/><T101/><D10/><U24/><E128/><V76/><F33/><W59/><G117/><T85/><D72/><U21/><E64/><V67/><F130/><W7/><G105/><T87/><D23/><U108/><E108/><V102/><F102/><W32/><G79/><N who="2" m="30249" /><F112/><W35/><G65/><T126/><D126/><U31/><E43/><V93/><F41/><W88/><G35/><T70/><D70/><U80/><E6/><V66/><F66/><W18/><G45/><T0/><D0/><U22/><E3/><V118/><F118/><W5/><G89/><T113/><D113/><U19/><E22/><V27/><F51/><W111/><G111/><T58/><D104/><U97/><AGARI ba="1,1" hai="17,19,21,24,31,80,84,91,94,97,103,124,125,127" machi="97" ten="40,7800,0" yaku="0,1,18,1,52,1" doraHai="26" who="1" fromWho="1" sc="352,-27,232,91,243,-27,163,-27" /><INIT seed="5,2,0,0,2,98" ten="325,323,216,136" oya="1" hai0="113,28,121,13,109,76,111,45,135,95,3,53,97" hai1="78,101,134,66,80,32,77,68,100,15,38,130,34" hai2="129,25,17,26,83,11,5,70,42,23,102,63,132" hai3="24,6,73,75,49,92,106,91,58,90,107,54,115"/><U74/><E38/><V12/><F132/><W71/><G71/><T103/><D3/><U108/><E134/><V86/><F129/><W125/><G125/><T67/><D135/><U93/><E130/><V41/><F26/><W36/><G36/><T128/><D128/><U50/><E108/><V72/><F72/><W127/><G127/><T21/><D67/><U20/><E77/><V16/><F5/><W43/><G43/><T62/><D113/><U29/><E50/><V46/><F46/><W119/><G119/><T96/><D121/><U14/><E14/><V57/><F70/><W89/><G92/><T10/><D76/><U4/><E93/><V104/><F104/><W122/><G122/><T19/><D96/><U44/><E44/><V114/><F114/><W85/><G85/><T87/><D87/><U60/><E4/><V30/><F30/><W18/><G6/><T124/><D124/><U116/><E116/><V55/><REACH who="2" step="1"/><F102/><REACH who="2" ten="325,323,206,136" step="2"/><W133/><G133/><T99/><D45/><U1/><E1/><V110/><F110/><W118/><G118/><T52/><D103/><U105/><E100/><V82/><F82/><W33/><G115/><T47/><D47/><U126/><E126/><V51/><F51/><W40/><G40/><T65/><D111/><U69/><E68/><V48/><F48/><W7/><G7/><N who="0" m="3295" /><D28/><U22/><E29/><V117/><F117/><W94/><G94/><T59/><D109/><U112/><E112/><V64/><F64/><W31/><REACH who="3" step="1"/><G18/><REACH who="3" ten="325,323,206,126" step="2"/><T8/><D19/><U84/><E69/><V37/><F37/><W131/><G131/><RYUUKYOKU ba="2,2" sc="325,-15,323,-15,206,15,126,15" hai2="11,12,16,17,23,25,41,42,55,57,63,83,86" hai3="24,31,33,49,54,58,73,75,89,90,91,106,107" /><INIT seed="6,3,2,4,5,60" ten="310,308,221,141" oya="2" hai0="83,39,55,5,40,17,97,21,51,81,76,94,37" hai1="2,52,50,110,109,63,99,92,96,66,116,78,120" hai2="15,34,106,107,61,35,13,103,43,77,46,45,93" hai3="59,89,11,49,54,31,9,18,47,104,57,27,4"/><V62/><F93/><W88/><G104/><T58/><D5/><U101/><E116/><V108/><F77/><W42/><G59/><T105/><D105/><U87/><E2/><V114/><F43/><W132/><G132/><T79/><D40/><U8/><E120/><V85/><F85/><W122/><G122/><T82/><D39/><U56/><E8/><V65/><F114/><W125/><G125/><T68/><D68/><U134/><E134/><V135/><F135/><W80/><G18/><T23/><D37/><U86/><E96/><V131/><F131/><W91/><G80/><T20/><D17/><U1/><E1/><V113/><F113/><W123/><G4/><T67/><REACH who="0" step="1"/><D67/><REACH who="0" ten="300,308,221,141" step="2"/><U28/><E28/><V64/><F103/><AGARI ba="3,3" hai="20,21,23,51,55,58,76,79,81,82,83,94,97,103" machi="103" ten="40,5200,0" yaku="1,1,2,1,8,1,53,0" doraHai="60" doraHaiUra="22" who="0" fromWho="2" sc="300,91,308,0,221,-61,141,0" /><INIT seed="7,0,0,3,0,19" ten="391,308,160,141" oya="3" hai0="10,56,84,54,1,57,79,69,34,29,132,135,30" hai1="18,49,118,126,9,123,42,22,44,0,100,68,16" hai2="8,47,27,6,41,82,128,33,36,52,59,112,133" hai3="40,58,85,122,91,51,78,83,106,46,111,71,28"/><W50/><G122/><T94/><D69/><U48/><E123/><V93/><F112/><W115/><G115/><T113/><D113/><U87/><E68/><V7/><F128/><W61/><G106/><T38/><D38/><U99/><E126/><V4/><F133/><N who="0" m="51274" /><D34/><U97/><E118/><V80/><F8/><W15/><G111/><T11/><D57/><U110/><E110/><V130/><F130/><W20/><G71/><T105/><D105/><U70/><E70/><V66/><F66/><W114/><G114/><T60/><D11/><U120/><E120/><V131/><F131/><W45/><G78/><T107/><D107/><U86/><E48/><N who="3" m="18474" /><G40/><T26/><D26/><U109/><E109/><V32/><F32/><W23/><G28/><T125/><D125/><U17/><E0/><V119/><F119/><W75/><G75/><T64/><D64/><U124/><E124/><V76/><F76/><W72/><G72/><T35/><D35/><U74/><E74/><V63/><F33/><W108/><G108/><T43/><D43/><U121/><E121/><V53/><F41/><W67/><G15/><T104/><D104/><U2/><E2/><V88/><F36/><W96/><G96/><T25/><D79/><U21/><E97/><N who="2" m="57511" /><F27/><W31/><G31/><T127/><D25/><U81/><E99/><V24/><F24/><W116/><G116/><T3/><D127/><U13/><E42/><V134/><F134/><W39/><G39/><T95/><D1/><U129/><E129/><V90/><F90/><W117/><G117/><T65/><D3/><U92/><E13/><RYUUKYOKU ba="0,0" sc="391,-15,308,-15,160,15,141,15" hai2="4,6,7,47,52,53,59,63,80,82" hai3="20,23,45,46,58,61,67,83,85,91" /><INIT seed="7,1,0,2,1,118" ten="376,293,175,156" oya="3" hai0="129,25,51,49,68,72,48,96,71,66,128,94,18" hai1="114,122,65,59,88,84,1,27,29,108,33,13,97" hai2="113,127,73,130,32,17,42,119,76,81,54,104,46" hai3="38,102,3,10,79,43,90,4,92,6,126,53,111"/><W103/><G6/><T107/><D107/><U95/><E122/><V16/><F119/><W5/><G5/><T36/><D36/><U91/><E108/><V30/><F113/><W37/><G111/><T135/><D72/><U34/><E1/><V125/><F104/><W80/><G53/><T58/><D135/><U2/><E2/><V75/><F75/><N who="3" m="43135" /><G38/><T12/><D25/><U24/><E114/><V50/><F130/><N who="0" m="50282" /><D58/><U41/><E41/><V15/><F32/><W20/><G20/><N who="0" m="11335" /><D66/><U121/><E121/><V132/><F132/><W60/><G60/><T64/><D64/><U116/><E116/><V11/><F30/><W112/><G112/><T9/><D9/><U28/><E13/><V131/><F131/><W22/><G22/><T70/><D49/><U40/><E40/><V77/><F42/><W110/><G110/><T47/><D47/><U44/><E44/><V134/><F134/><W115/><G115/><T62/><D62/><U31/><E31/><V106/><F54/><W39/><G126/><T67/><D67/><U14/><E14/><V8/><F50/><W78/><G78/><T83/><D83/><U82/><E65/><V69/><F77/><W61/><G61/><T85/><D85/><U133/><E133/><V93/><F69/><W124/><G124/><N who="2" m="47689" /><F46/><N who="3" m="23919" /><G39/><T55/><D55/><U74/><E74/><V101/><F17/><W109/><G109/><T56/><D56/><AGARI ba="1,0" hai="24,27,28,29,33,34,56,59,82,84,88,91,95,97" machi="56" ten="40,2600,0" yaku="9,1,54,1" doraHai="118" who="1" fromWho="0" sc="376,-29,293,29,175,0,156,0" owari="347,44.0,322,12.0,175,-22.0,156,-34.0" /></mjloggm>