<mjloggm ver="2.3"><GO type="169" lobby="0"/><UN n0="%E3%83%8B%E3%83%A3%E3%83%83%E3%83%94%E3%83%BC%E5%A4%8F%E7%9B%AE" n1="%7A%6B%75%72%74" n2="%E7%AB%8B%E8%8F%AF%E5%A5%8F" n3="%E5%B0%B1%E6%B4%BB%E7%94%9F%40%E5%B7%9D%E6%9D%91%E8%BB%8D%E5%9B%A3" dan="16,17,16,18" rate="2156.13,2200.80,2130.47,2285.03" sx="M,M,F,M"/><TAIKYOKU oya="0"/><INIT seed="0,0,0,4,1,9" ten="250,250,250,250" oya="0" hai0="70,23,109,7,26,33,6,11,105,125,110,111,46" hai1="134,88,66,61,37,14,129,119,1,82,73,55,116" hai2="4,131,123,118,75,115,113,89,45,10,54,126,104" hai3="117,107,67,98,30,27,68,22,17,53,76,128,95"/><T106/><D70/><U20/><E1/><V48/><F123/><W41/><G117/><T47/><D33/><U103/><E37/><V84/><F118/><W12/><G128/><T122/><D125/><U34/><E34/><V24/><F131/><W101/><G41/><T59/><D122/><U3/><E3/><V108/><F108/><W100/><G76/><T2/><D7/><U93/><E103/><V15/><F75/><W72/><G72/><T99/><D59/><U124/><E124/><V71/><F126/><W114/><G114/><T13/><D2/><U42/><E42/><V29/><F104/><N who="0" m="40042" /><D99/><U43/><E43/><V85/><F71/><W36/><G36/><T0/><D0/><U97/><E129/><V77/><F77/><W16/><G53/><T64/><D64/><U49/><E134/><V28/><F84/><W65/><G68/><T135/><D135/><U62/><E66/><N who="3" m="25098" /><G107/><T35/><D35/><U56/><E116/><V58/><F58/><W57/><G57/><T38/><D38/><U63/><E119/><V78/><F78/><W18/><G101/><T83/><D83/><U90/><E82/><V60/><F60/><W86/><G86/><T81/><D81/><U31/><E73/><V92/><F28/><AGARI ba="0,0" hai="6,11,13,23,26,28,46,47,109,110,111" m="40042" machi="28" ten="40,7700,0" yaku="14,1,10,1,52,1" doraHai="9" who="0" fromWho="2" sc="250,77,250,0,250,-77,250,0" /><INIT seed="0,1,0,2,5,103" ten="327,250,173,250" oya="0" hai0="86,15,132,93,128,116,100,36,11,42,111,18,13" hai1="49,125,115,22,44,129,87,14,41,31,37,89,8" hai2="127,29,85,47,91,57,24,84,26,2,69,3,71" hai3="78,82,76,1,75,119,43,79,16,134,110,105,38"/><T120/><D116/><U96/><E129/><V98/><F127/><W73/><G119/><T121/><D128/><U83/><E125/><V109/><F109/><W4/><G110/><T6/><D111/><U118/><E118/><V10/><F57/><W62/><G134/><T9/><D132/><U112/><E37/><V23/><F47/><W63/><G63/><T60/><D42/><U55/><E41/><V72/><F72/><W45/><G62/><T133/><D36/><U126/><E126/><V0/><F10/><N who="3" m="2319" /><G75/><T61/><D133/><U58/><E58/><V102/><F24/><W40/><G40/><T46/><D46/><U32/><E32/><V94/><REACH who="2" step="1"/><F84/><REACH who="2" ten="327,250,163,250" step="2"/><W107/><G16/><T65/><D86/><U39/><E39/><V70/><F70/><W117/><G117/><T90/><D18/><U48/><E48/><V92/><AGARI ba="1,1" hai="0,2,3,23,26,29,69,71,85,91,92,94,98,102" machi="92" ten="30,2000,0" yaku="1,1,0,1,53,0" doraHai="103" doraHaiUra="101" who="2" fromWho="2" sc="327,-11,250,-6,163,33,250,-6" /><INIT seed="1,0,0,2,0,107" ten="316,244,196,244" oya="1" hai0="36,127,134,11,6,101,123,39,95,64,130,66,128" hai1="88,45,12,54,65,41,35,90,119,125,121,75,110" hai2="5,57,51,19,91,7,43,117,40,68,62,46,37" hai3="50,89,81,28,44,99,16,83,49,100,80,13,55"/><U78/><E35/><V129/><F117/><W105/><G28/><T29/><D134/><U20/><E121/><V10/><F129/><N who="0" m="49770" /><D127/><U74/><E119/><V23/><F91/><W104/><G50/><T87/><D29/><U18/><E78/><V0/><F5/><W27/><G27/><T63/><D123/><U113/><E113/><V15/><F68/><W42/><G105/><T126/><D126/><U96/><E125/><V93/><F93/><W72/><G42/><T76/><D66/><U116/><E116/><V114/><F114/><W3/><G3/><T52/><D52/><U118/><E118/><V120/><F120/><W24/><G24/><T34/><D34/><U111/><E65/><V60/><F40/><W9/><REACH who="3" step="1"/><G89/><REACH who="3" ten="316,244,196,234" step="2"/><N who="1" m="34410" /><E96/><V33/><F33/><W77/><AGARI ba="0,1" hai="9,13,16,44,49,55,72,77,80,81,83,99,100,104" machi="77" ten="30,7900,0" yaku="1,1,0,1,52,1,54,1,53,0" doraHai="107" doraHaiUra="84" who="3" fromWho="3" sc="316,-20,244,-39,196,-20,234,89" /><INIT seed="2,0,0,5,2,36" ten="296,205,176,323" oya="2" hai0="80,34,72,9,44,81,128,61,15,108,5,132,117" hai1="110,16,126,85,122,23,124,133,32,111,73,46,76" hai2="131,127,24,77,45,41,27,51,66,118,28,60,82" hai3="8,78,71,65,109,55,6,83,93,70,125,10,129"/><V21/><F127/><N who="1" m="48681" /><E32/><V123/><F131/><W130/><G109/><N who="1" m="41482" /><E73/><V37/><F123/><W42/><G65/><T95/><D34/><U31/><E122/><V48/><F24/><W116/><G55/><T11/><D128/><N who="3" m="49257" /><G10/><T74/><D9/><U79/><E31/><V114/><F114/><W40/><G93/><T105/><D105/><U62/><E62/><V35/><F35/><W87/><G116/><T52/><D72/><U38/><E85/><V57/><REACH who="2" step="1"/><F118/><REACH who="2" ten="296,205,166,323" step="2"/><W112/><G125/><T7/><D117/><U121/><E121/><V1/><F1/><N who="3" m="79" /><G112/><T107/><D108/><U47/><E133/><V84/><AGARI ba="0,1" hai="21,27,28,37,41,45,48,51,57,60,66,77,82,84" machi="84" ten="20,7800,0" yaku="1,1,0,1,7,1,52,1,53,0" doraHai="36" doraHaiUra="113" who="2" fromWho="2" sc="296,-26,205,-26,166,88,323,-26" /><INIT seed="2,1,0,0,5,85" ten="270,179,254,297" oya="2" hai0="80,10,95,109,123,129,102,78,113,121,44,62,8" hai1="55,88,28,97,77,3,51,17,56,41,116,7,47" hai2="132,103,21,126,14,54,124,11,65,53,101,24,60" hai3="72,43,107,135,12,26,112,30,46,29,18,111,27"/><V68/><F132/><W52/><G107/><T84/><D113/><U91/><E116/><V82/><F82/><W49/><G72/><T119/><D119/><U131/><E77/><V90/><F101/><W48/><G135/><T39/><D109/><U63/><E131/><V22/><F103/><W16/><G111/><T118/><D118/><U67/><E28/><N who="3" m="10858" /><G112/><T38/><D129/><U5/><E97/><V32/><F32/><W0/><G0/><T105/><D105/><U83/><E83/><V2/><F2/><W125/><G125/><N who="2" m="48233" /><F24/><N who="3" m="9259" /><G12/><T58/><D123/><U75/><E75/><V35/><F35/><W81/><G81/><T42/><D39/><U6/><E3/><V96/><F21/><W92/><G92/><T31/><D31/><U127/><E127/><V25/><F22/><W106/><G106/><T66/><D121/><U122/><E122/><V20/><F20/><W110/><G110/><T86/><D102/><U37/><REACH who="1" step="1"/><E17/><REACH who="1" ten="270,169,254,297" step="2"/><N who="2" m="8415" /><F25/><W61/><G61/><T73/><D73/><U100/><E100/><V76/><F76/><W69/><G69/><AGARI ba="1,1" hai="5,6,7,37,41,47,51,55,56,63,67,69,88,91" machi="69" ten="40,12000,2" yaku="1,1,24,2,52,2,54,1,53,1" doraHai="85" doraHaiUra="45" who="1" fromWho="3" sc="270,0,169,133,254,0,297,-123" /><INIT seed="3,0,0,5,3,134" ten="270,302,254,174" oya="3" hai0="2,32,111,11,33,93,51,83,79,88,39,71,59" hai1="13,102,55,109,17,92,87,4,44,52,119,40,118" hai2="108,21,16,37,74,3,120,36,45,113,68,10,115" hai3="54,22,58,27,23,9,34,110,46,26,99,80,76"/><W84/><G34/><T7/><D71/><U100/><E109/><V70/><F108/><W86/><G110/><T20/><D39/><U73/><E73/><V28/><F74/><W122/><G122/><T38/><D38/><U67/><E4/><V121/><F28/><W123/><G123/><N who="2" m="47177" /><F37/><W53/><G9/><T114/><D114/><N who="2" m="43530" /><F36/><W12/><G99/><T90/><D111/><U117/><E67/><V30/><F45/><W107/><G107/><T41/><D20/><N who="3" m="7721" /><G12/><T14/><D2/><U105/><E105/><V130/><F30/><W42/><G86/><N who="0" m="48511" /><D59/><U128/><E44/><V75/><F75/><W124/><G124/><T81/><D81/><U1/><E1/><V50/><F50/><N who="3" m="26967" /><G53/><T18/><D18/><U112/><E112/><V96/><F96/><W61/><AGARI ba="0,0" hai="26,27,54,58,61,76,80,84" m="26967,7721" machi="61" ten="30,1500,0" yaku="8,1" doraHai="134" who="3" fromWho="3" sc="270,-5,302,-5,254,-5,174,15" /><INIT seed="3,1,0,3,0,102" ten="265,297,249,189" oya="3" hai0="89,7,21,113,70,88,38,22,63,108,11,68,20" hai1="73,3,60,123,103,98,12,119,109,41,55,47,83" hai2="62,93,79,16,76,37,117,96,84,121,13,110,100" hai3="86,104,116,58,50,97,134,65,69,101,26,99,18"/><W77/><G116/><T66/><D38/><U6/><E123/><V129/><F110/><W5/><G134/><T87/><D108/><U19/><E109/><V2/><F117/><W25/><G5/><T130/><D130/><U81/><E119/><V118/><F118/><W133/><G133/><T52/><D113/><U27/><E73/><V64/><F129/><W105/><G69/><T78/><D70/><U85/><E27/><V95/><F2/><W48/><G18/><T45/><D78/><U30/><E30/><V29/><F29/><W31/><G77/><T127/><D127/><U111/><E6/><V51/><F37/><W106/><G86/><T74/><D74/><U67/><E55/><V126/><F126/><W9/><G9/><T0/><D87/><U90/><E3/><V42/><F121/><W120/><G120/><T56/><REACH who="0" step="1"/><D45/><REACH who="0" ten="255,297,249,189" step="2"/><U43/><E47/><N who="2" m="26103" /><F84/><W132/><G132/><T53/><D53/><U114/><E114/><V1/><F1/><W23/><G26/><T28/><D28/><U17/><E111/><V59/><F93/><N who="3" m="58543" /><G99/><T61/><AGARI ba="1,1" hai="0,7,11,20,21,22,52,56,61,63,66,68,88,89" machi="61" ten="30,7900,0" yaku="1,1,0,1,54,2,53,0" doraHai="102" doraHaiUra="8" who="0" fromWho="0" sc="255,92,297,-21,249,-21,189,-40" /><INIT seed="4,0,0,4,0,62" ten="347,276,228,149" oya="0" hai0="6,43,38,20,97,74,46,60,4,72,108,91,133" hai1="66,93,122,3,40,92,124,42,34,50,118,57,134" hai2="127,11,12,55,100,37,111,76,110,10,2,117,32" hai3="71,56,119,21,101,95,114,13,16,31,64,121,94"/><T126/><D133/><U61/><E122/><V89/><F37/><W115/><G71/><T1/><D126/><U106/><E106/><V132/><F100/><W14/><G119/><T109/><D20/><U53/><E3/><V54/><F76/><W87/><G121/><T84/><D97/><U104/><E104/><V79/><F79/><W65/><G31/><T107/><D107/><U18/><E34/><V30/><F12/><W99/><G14/><T116/><D116/><U26/><E118/><V63/><F117/><W67/><G56/><T131/><D131/><U86/><E134/><V52/><F132/><W120/><G120/><T47/><D47/><U88/><E124/><V29/><F127/><W130/><G130/><T80/><D60/><U59/><E93/><V27/><F29/><W103/><G87/><T33/><D33/><U5/><E5/><N who="0" m="2153" /><D1/><U105/><E105/><V82/><F2/><W35/><G35/><T41/><D41/><U23/><AGARI ba="0,0" hai="18,23,26,40,42,50,53,57,59,61,66,86,88,92" machi="23" ten="30,7900,0" yaku="0,1,8,1,52,1,54,1" doraHai="62" who="1" fromWho="1" sc="347,-39,276,79,228,-20,149,-20" /><INIT seed="5,0,0,2,1,121" ten="308,355,208,129" oya="1" hai0="60,129,52,70,28,86,10,113,57,22,122,11,33" hai1="56,21,18,34,111,105,55,53,134,98,130,102,64" hai2="4,69,93,61,115,82,85,124,40,0,68,39,1" hai3="26,42,35,125,79,118,29,51,15,43,90,47,16"/><U38/><E38/><V117/><F117/><W49/><G125/><T107/><D33/><U95/><E34/><V132/><F124/><W94/><G118/><T24/><D107/><U3/><E3/><V14/><F132/><W73/><G73/><T101/><D122/><U59/><E134/><V110/><F93/><W126/><G79/><T114/><D129/><U2/><E2/><V20/><F40/><W76/><G76/><T127/><D127/><U123/><E123/><V81/><F39/><W77/><G77/><T120/><D120/><U58/><E130/><V103/><F103/><W104/><G104/><T96/><D96/><U50/><E64/><V84/><F4/><W37/><G43/><T71/><D101/><U78/><E78/><V80/><F80/><W5/><G5/><T109/><D109/><U100/><E111/><V87/><F87/><W62/><G62/><T46/><D46/><U30/><E30/><V72/><F72/><W112/><G112/><N who="0" m="43115" /><D86/><U131/><E131/><V108/><F115/><W27/><G27/><T9/><AGARI ba="0,0" hai="9,10,11,22,24,28,52,57,60,70,71" m="43115" machi="9" ten="30,2000,0" yaku="15,1,54,1" doraHai="121" who="0" fromWho="0" sc="308,20,355,-10,208,-5,129,-5" /><INIT seed="6,0,0,2,3,135" ten="328,345,203,124" oya="2" hai0="86,31,126,120,108,91,55,99,112,87,37,58,40" hai1="122,67,23,105,121,115,100,45,89,74,72,18,33" hai2="117,69,0,26,10,64,27,30,59,49,2,15,5" hai3="94,84,103,54,88,50,61,82,14,8,83,57,128"/><V109/><F117/><W3/><G128/><T17/><D108/><U13/><E33/><V127/><F69/><W66/><G3/><T39/><D120/><N who="1" m="46187" /><E115/><V20/><F64/><W92/><G103/><T43/><D112/><U22/><E67/><V56/><F49/><W70/><REACH who="3" step="1"/><G82/><REACH who="3" ten="328,345,203,114" step="2"/><T118/><D118/><U102/><E102/><V73/><F109/><W47/><G47/><T60/><D37/><U101/><E45/><V75/><F0/><W11/><G11/><T35/><D39/><U96/><E101/><V51/><F2/><W129/><G129/><T46/><D46/><U93/><E100/><V21/><F10/><W41/><G41/><T38/><D40/><U130/><E130/><V106/><F106/><W68/><G68/><T78/><D43/><U95/><E105/><V25/><F56/><W134/><G134/><T36/><D38/><U12/><E95/><V77/><F59/><W6/><AGARI ba="0,1" hai="6,8,14,50,54,57,61,66,70,83,84,88,92,94" machi="6" ten="20,5200,0" yaku="1,1,0,1,7,1,54,1,53,0" doraHai="135" doraHaiUra="114" who="3" fromWho="3" sc="328,-13,345,-13,203,-26,114,62" /><INIT seed="7,0,0,2,5,50" ten="315,332,177,176" oya="3" hai0="28,30,2,4,35,68,38,1,100,60,80,3,78" hai1="120,65,25,5,15,66,90,110,18,111,34,32,45" hai2="113,21,31,95,77,112,87,14,49,124,96,83,79" hai3="135,98,70,84,44,86,74,76,47,106,46,85,41"/><W37/><G70/><T36/><D30/><U72/><E72/><V64/><F64/><W71/><G71/><T130/><D100/><U53/><E120/><V121/><F121/><W125/><G125/><T61/><D61/><U27/><E5/><V63/><F63/><W51/><G135/><T54/><D54/><U22/><E90/><V128/><F124/><W127/><G127/><T9/><D130/><U97/><E97/><V56/><F128/><W48/><G37/><N who="0" m="14443" /><D60/><U24/><E66/><V55/><F77/><W11/><G11/><T69/><D69/><U7/><E65/><V23/><F31/><W6/><G6/><T92/><D92/><U16/><E7/><V42/><F42/><W81/><REACH who="3" step="1"/><G41/><REACH who="3" ten="315,332,177,166" step="2"/><T93/><D68/><U43/><E43/><V126/><F126/><W12/><G12/><T62/><D9/><U131/><E131/><V13/><F13/><W108/><G108/><T67/><D4/><U0/><E111/><V10/><F10/><W133/><G133/><T94/><D3/><U82/><E0/><V119/><F14/><W99/><G99/><T75/><D1/><U109/><E109/><V26/><F26/><W105/><G105/><T73/><D2/><U115/><E110/><V19/><F96/><W59/><G59/><T104/><D104/><U88/><E27/><V118/><F56/><W52/><G52/><T8/><D8/><U132/><E25/><V114/><F55/><W40/><G40/><T33/><D67/><U17/><E24/><V91/><F113/><W107/><G107/><T129/><D129/><U116/><E115/><RYUUKYOKU ba="0,1" sc="315,-10,332,-10,177,-10,166,30" hai3="44,46,47,48,51,74,76,81,84,85,86,98,106" /><INIT seed="7,1,1,4,5,25" ten="305,322,167,196" oya="3" hai0="36,135,111,18,69,16,0,19,123,23,131,26,71" hai1="97,49,128,94,87,58,4,61,37,119,75,11,54" hai2="95,85,78,106,82,132,22,41,57,62,127,53,129" hai3="3,103,21,35,47,90,104,68,98,108,122,66,105"/><W126/><G35/><T46/><D111/><U24/><E75/><V52/><F106/><W48/><G108/><T130/><D0/><U65/><E37/><V56/><F127/><W124/><G3/><T40/><D123/><U60/><E128/><N who="0" m="49193" /><D135/><U134/><E134/><V38/><F129/><W10/><G10/><T102/><D102/><U34/><E119/><V86/><F132/><W50/><G50/><T92/><D92/><U89/><E34/><V44/><F22/><W5/><G90/><T27/><D27/><U45/><E24/><V114/><F114/><W2/><G21/><T112/><D112/><U42/><E97/><V39/><F95/><W79/><G79/><T7/><D7/><U107/><E107/><V93/><F93/><W67/><G5/><T116/><D116/><U77/><E77/><V29/><F29/><AGARI ba="1,1" hai="16,18,19,23,26,29,36,40,46,69,71" m="49193" machi="29" ten="30,3900,0" yaku="19,1,52,1,54,1" doraHai="25" who="0" fromWho="2" sc="305,52,322,0,167,-42,196,0" owari="357,45.0,322,12.0,125,-37.0,196,-20.0" /></mjloggm>