<mjloggm ver="2.3"><GO type="169" lobby="0"/><UN n0="%41%54%4D%31%34%32%39" n1="%68%61%74%61%73%61%6E" n2="%41%44%50" n3="%E3%82%A6%E3%83%AB%E3%83%88%E3%83%A9%E7%AB%8B%E7%9B%B4" dan="16,16,16,16" rate="2077.04,2096.00,2121.06,2124.27" sx="M,M,M,M"/><TAIKYOKU oya="0"/><INIT seed="0,0,0,5,4,26" ten="250,250,250,250" oya="0" hai0="52,79,134,68,61,90,116,125,83,21,71,72,131" hai1="121,5,36,132,108,18,45,95,42,76,57,120,123" hai2="48,34,19,54,93,85,10,41,62,43,97,35,110" hai3="87,89,105,117,47,112,31,56,104,114,135,44,14"/><T81/><D116/><U63/><E76/><V0/><F110/><W59/><G14/><T92/><D131/><U65/><E5/><V109/><F109/><W94/><G87/><T113/><D113/><U8/><E108/><V86/><F35/><W96/><G94/><T39/><D39/><U75/><E75/><V73/><F34/><W4/><G4/><T67/><D83/><U74/><E74/><V98/><F73/><W23/><G23/><T1/><D1/><U37/><E95/><V7/><F19/><W115/><G96/><T78/><D78/><U91/><E91/><V88/><F62/><W111/><G111/><T12/><D125/><U122/><E122/><V129/><F129/><W32/><G89/><T133/><D71/><U124/><E124/><V103/><F97/><W106/><G117/><T55/><D90/><U69/><E132/><N who="0" m="50793" /><D92/><U30/><E30/><V24/><F86/><W107/><N who="3" m="26624" /><DORA hai="102" /><W70/><G135/><T118/><D118/><U38/><E8/><V29/><F98/><W53/><G70/><T130/><D130/><U127/><E18/><AGARI ba="0,0" hai="12,18,21,52,55,61,67,68,72,79,81" m="50793" machi="18" ten="30,2900,0" yaku="20,1,54,1" doraHai="26,102" who="0" fromWho="1" sc="250,29,250,-29,250,0,250,0" /><INIT seed="0,1,0,1,2,117" ten="279,221,250,250" oya="0" hai0="87,30,49,82,50,37,88,72,14,54,53,12,99" hai1="69,6,89,35,58,112,98,96,62,103,126,68,73" hai2="90,94,111,29,9,52,83,20,85,92,22,101,104" hai3="55,121,33,32,15,17,102,114,10,16,118,75,59"/><T122/><D37/><U41/><E35/><V78/><F111/><W71/><G118/><T38/><D38/><U45/><E73/><V63/><F104/><W36/><G71/><T46/><D30/><U97/><E126/><V131/><F131/><W135/><G114/><T19/><D72/><U106/><E112/><V40/><F40/><W64/><G64/><T66/><D66/><U47/><E6/><V28/><F101/><W27/><G36/><T18/><D122/><U74/><E74/><V86/><F94/><W8/><G75/><T84/><D99/><U65/><E69/><V25/><F9/><N who="3" m="6255" /><G59/><T43/><D87/><U26/><E68/><V130/><F130/><W125/><G55/><T119/><D119/><U61/><E61/><V81/><F81/><W44/><G44/><T95/><D50/><U34/><E89/><V67/><F67/><W11/><G102/><T107/><D107/><U91/><E91/><V93/><F93/><W132/><G125/><T3/><D43/><U133/><E133/><N who="3" m="51274" /><G121/><T56/><D53/><U57/><E57/><V108/><F52/><W39/><G39/><T2/><D46/><N who="1" m="17419" /><E41/><V129/><F63/><W0/><G0/><T1/><D1/><U79/><E79/><V5/><F78/><W80/><G80/><T7/><D82/><U105/><E103/><V124/><F83/><W21/><AGARI ba="1,0" hai="8,10,11,17,21,27,32,33" m="51274,6255" machi="21" ten="40,8000,1" yaku="20,1,34,2,54,1" doraHai="117" who="3" fromWho="3" sc="279,-41,221,-21,250,-21,250,83" /><INIT seed="1,0,0,0,4,0" ten="238,200,229,333" oya="1" hai0="133,111,41,40,84,109,75,85,1,99,92,37,20" hai1="87,83,130,34,114,45,66,126,73,120,21,30,31" hai2="105,107,106,48,28,91,8,80,24,16,15,93,33" hai3="69,17,119,2,72,127,19,117,39,60,90,86,129"/><U61/><E120/><V82/><REACH who="2" step="1"/><F48/><REACH who="2" ten="238,200,219,333" step="2"/><W59/><G119/><T23/><D111/><U44/><E114/><V98/><AGARI ba="0,1" hai="8,15,16,24,28,33,80,82,91,93,98,105,106,107" machi="98" ten="30,8000,1" yaku="21,2,2,1,0,1,54,1,53,0" doraHai="0" doraHaiUra="121" who="2" fromWho="2" sc="238,-20,200,-40,219,90,333,-20" /><INIT seed="2,0,0,2,4,5" ten="218,160,309,313" oya="2" hai0="131,84,63,42,86,34,75,56,50,78,123,107,9" hai1="93,68,79,17,70,48,52,124,61,67,125,134,41" hai2="30,103,88,105,38,15,53,33,26,118,35,102,116" hai3="91,6,20,54,132,119,73,90,129,77,28,45,57"/><V100/><F38/><W97/><G119/><T74/><D107/><U89/><E79/><V43/><F43/><W95/><G129/><T13/><D34/><U96/><E134/><V65/><F65/><W21/><G132/><T72/><D131/><U114/><E114/><V83/><F105/><W127/><G127/><T31/><D31/><U19/><E41/><V58/><F35/><W8/><G45/><T110/><D110/><U11/><E70/><V76/><F15/><W60/><G28/><T22/><D22/><U18/><REACH who="1" step="1"/><E11/><REACH who="1" ten="218,150,309,313" step="2"/><V39/><F116/><W98/><G77/><T36/><D78/><U66/><E66/><V85/><F118/><W121/><G121/><T99/><D123/><U12/><E12/><V47/><F76/><W55/><G55/><T117/><D117/><U109/><E109/><V2/><F53/><W108/><G108/><T64/><D13/><U1/><E1/><V69/><F2/><W3/><G73/><T46/><D9/><U71/><E71/><V49/><F69/><W130/><G130/><T81/><D74/><U115/><E115/><V24/><F24/><W106/><G3/><T92/><D72/><U27/><E27/><V104/><F26/><W126/><G126/><T32/><D75/><U59/><AGARI ba="0,1" hai="17,18,19,48,52,59,61,67,68,89,93,96,124,125" machi="59" ten="30,4000,0" yaku="1,1,0,1,54,1,53,0" doraHai="5" doraHaiUra="111" who="1" fromWho="1" sc="218,-10,150,50,309,-20,313,-10" /><INIT seed="3,0,0,2,5,37" ten="208,200,289,303" oya="3" hai0="17,79,109,92,130,24,46,74,132,27,31,113,117" hai1="35,12,105,6,59,60,57,7,39,101,66,126,19" hai2="124,28,30,80,131,58,56,86,115,119,0,75,110" hai3="41,42,52,102,118,2,69,43,87,106,100,29,111"/><W127/><G2/><T23/><D117/><U1/><E39/><V128/><F119/><W38/><G38/><T77/><D109/><U94/><E105/><V10/><F115/><W103/><G118/><T93/><D132/><U68/><E126/><V40/><F124/><W65/><G127/><T70/><D70/><U71/><E35/><V88/><F110/><W45/><G111/><T5/><D5/><U83/><E1/><V47/><F75/><W89/><G106/><T14/><D74/><U134/><E134/><V82/><F82/><N who="3" m="49399" /><G69/><T91/><D93/><U53/><E71/><V44/><F10/><W99/><G65/><T107/><D107/><U135/><E135/><V3/><F80/><W20/><G99/><T11/><D130/><U67/><E68/><V54/><F86/><W76/><G76/><T98/><D27/><U21/><E83/><V85/><F85/><W122/><G122/><T25/><D25/><U26/><E26/><V50/><F88/><W133/><G133/><T96/><D96/><N who="1" m="59543" /><E67/><V22/><F3/><W16/><G29/><T123/><D113/><U13/><E13/><V73/><F0/><W32/><G32/><T81/><D123/><U55/><E66/><V120/><F120/><W63/><G103/><T112/><D112/><U9/><E9/><V121/><F121/><W104/><G104/><T33/><D33/><U97/><E97/><V72/><F128/><W4/><G4/><T15/><D81/><U64/><E64/><V129/><F129/><W51/><G63/><AGARI ba="0,0" hai="6,7,12,19,21,53,55,57,59,60,63" m="59543" machi="63" ten="30,1000,0" yaku="8,1" doraHai="37" who="1" fromWho="3" sc="208,0,200,10,289,0,303,-10" /><INIT seed="4,0,0,3,2,108" ten="208,210,289,293" oya="0" hai0="73,135,41,38,47,6,52,13,131,127,24,3,117" hai1="23,130,43,29,102,48,104,34,89,122,1,42,118" hai2="4,22,79,32,25,126,86,69,36,125,98,96,63" hai3="103,8,59,51,132,60,109,0,67,91,110,20,44"/><T120/><D117/><U11/><E122/><V64/><F36/><W133/><G103/><T16/><D120/><U75/><E118/><V19/><F32/><W40/><G20/><T88/><D127/><N who="2" m="48650" /><F4/><N who="3" m="1031" /><G91/><T124/><D124/><U80/><E34/><V72/><F72/><W39/><G51/><T33/><D73/><U46/><E130/><V58/><F69/><W97/><G97/><T107/><D107/><U61/><E104/><V123/><F123/><W31/><G31/><T85/><D135/><AGARI ba="0,0" hai="39,40,44,59,60,67,109,110,132,133,135" m="1031" machi="135" ten="30,1000,0" yaku="20,1" doraHai="108" who="3" fromWho="0" sc="208,-10,210,0,289,0,293,10" /><INIT seed="5,0,0,1,2,131" ten="198,210,289,303" oya="1" hai0="61,73,99,20,59,98,102,12,133,43,46,67,129" hai1="19,11,95,44,64,42,80,122,4,113,110,21,45" hai2="76,106,134,9,33,109,105,68,85,17,57,18,74" hai3="78,107,2,119,124,91,135,7,128,31,112,87,53"/><U48/><E122/><V37/><F109/><W89/><G31/><T62/><D73/><U88/><E113/><V77/><F68/><W79/><G7/><T127/><D129/><U32/><E110/><V104/><F33/><W36/><G2/><T72/><D72/><U83/><E32/><V26/><F37/><W56/><G36/><T108/><D127/><U103/><E103/><V60/><F74/><W93/><G56/><T114/><D108/><U39/><E64/><V132/><F17/><W96/><G53/><T63/><D114/><U66/><E66/><N who="2" m="39183" /><F85/><W47/><G47/><T16/><D133/><N who="2" m="51306" /><F26/><W13/><G135/><T24/><D24/><U40/><E21/><V35/><F35/><W82/><G112/><T23/><D23/><U69/><E69/><V94/><F94/><W3/><G93/><T25/><D25/><U54/><E19/><V1/><F1/><W10/><G3/><T100/><D102/><U6/><E54/><V34/><F34/><W97/><G128/><T75/><D75/><U50/><E39/><V65/><F65/><W92/><G92/><N who="0" m="58439" /><D99/><U29/><E29/><V121/><F121/><W0/><G97/><T15/><D15/><AGARI ba="0,0" hai="9,15,18,76,77,104,105,106" m="51306,39183" machi="15" ten="40,8000,1" yaku="20,1,52,3" doraHai="131" who="2" fromWho="0" sc="198,-80,210,0,289,80,303,0" /><INIT seed="6,0,0,5,2,56" ten="118,210,369,303" oya="2" hai0="61,67,124,42,4,29,91,52,100,5,86,85,121" hai1="81,49,3,38,54,104,33,99,71,34,51,16,78" hai2="45,113,48,41,73,123,89,132,14,120,18,94,6" hai3="22,108,24,79,65,19,88,59,30,135,126,107,97"/><V131/><F113/><W70/><G108/><T69/><D121/><U72/><E38/><V17/><F73/><W82/><G126/><T115/><D124/><U62/><E3/><V58/><F131/><W27/><G70/><T9/><D115/><U44/><E49/><V128/><F128/><W36/><G36/><T105/><D42/><U25/><E104/><V35/><F35/><W80/><G135/><T129/><D129/><U76/><E76/><V2/><F132/><W118/><G118/><T109/><D109/><U46/><E46/><V21/><F17/><W11/><G11/><T8/><D29/><U106/><E106/><V64/><F6/><W122/><G122/><T77/><D100/><U55/><E99/><V117/><F2/><W47/><G47/><T20/><D105/><U87/><E72/><V96/><REACH who="2" step="1"/><F117/><REACH who="2" ten="118,210,359,303" step="2"/><W84/><G19/><T93/><D4/><U0/><E0/><V57/><F57/><W66/><G59/><N who="0" m="35047" /><D5/><U10/><E34/><V112/><F112/><W23/><G30/><T39/><D69/><U50/><E33/><V130/><F130/><W74/><G74/><T63/><D39/><U26/><E71/><V119/><F119/><W12/><G66/><T7/><D7/><U28/><E28/><V75/><F75/><W92/><G65/><T95/><D67/><U111/><E16/><V102/><F102/><W114/><G114/><T37/><D37/><U116/><E116/><V133/><F133/><W31/><G31/><T101/><D101/><U53/><E111/><V15/><F15/><W83/><G12/><T13/><D13/><RYUUKYOKU ba="0,1" sc="118,-10,210,-10,359,30,303,-10" hai2="14,18,21,41,45,48,58,64,89,94,96,120,123" /><INIT seed="6,1,1,5,4,115" ten="108,200,389,293" oya="2" hai0="43,50,106,66,0,16,87,38,26,6,130,14,120" hai1="96,93,105,128,82,118,46,18,85,31,114,121,52" hai2="70,34,99,39,10,116,80,64,100,65,47,13,4" hai3="127,48,53,110,125,33,28,75,102,119,40,103,63"/><V131/><F131/><W5/><G75/><T78/><D120/><U107/><E121/><V86/><F34/><W113/><G110/><T9/><D106/><U67/><E128/><V74/><F74/><W56/><G5/><T88/><D130/><U1/><E114/><V7/><F7/><W129/><G113/><T32/><D66/><U21/><E1/><V22/><F22/><W37/><G129/><T57/><D38/><U97/><E67/><V81/><F116/><W123/><G37/><T29/><D78/><U112/><E112/><V42/><F70/><W35/><G119/><T8/><D43/><U126/><E118/><V41/><F41/><W91/><G91/><T54/><D0/><U27/><E126/><N who="3" m="48138" /><G123/><T133/><D133/><U124/><E124/><V15/><F15/><W98/><G28/><T83/><D6/><U84/><E105/><V60/><F60/><W51/><G102/><T122/><REACH who="0" step="1"/><D122/><REACH who="0" ten="98,200,389,293" step="2"/><U59/><E107/><V36/><F36/><W12/><G40/><T77/><D77/><N who="1" m="46159" /><E46/><V104/><F47/><W117/><G117/><T73/><D73/><U24/><E85/><V109/><F86/><W72/><G72/><T135/><D135/><U69/><E69/><V23/><F39/><W25/><G103/><T76/><D76/><U101/><E97/><V49/><F99/><W44/><G98/><T71/><D71/><U58/><E52/><V92/><F100/><W55/><G53/><T3/><D3/><U89/><E101/><V111/><F111/><W20/><G55/><T19/><D19/><U61/><E61/><V134/><F109/><RYUUKYOKU ba="1,2" sc="98,15,200,15,389,-15,293,-15" hai0="8,9,14,16,26,29,32,50,54,57,83,87,88" hai1="18,21,24,27,31,58,59,89,93,96" /><INIT seed="7,2,2,4,2,82" ten="113,215,374,278" oya="3" hai0="62,5,35,83,4,130,88,45,71,81,92,56,67" hai1="104,127,41,105,69,38,109,60,87,116,80,55,73" hai2="54,28,77,64,57,40,84,132,107,121,22,78,101" hai3="3,122,113,90,47,53,126,95,118,17,93,129,128"/><W65/><G122/><T100/><D35/><U131/><E109/><V23/><F121/><W15/><G3/><T117/><D117/><U32/><E32/><V72/><F72/><W125/><G65/><T58/><D71/><U21/><E73/><V75/><F75/><W13/><G118/><T74/><D130/><U10/><E116/><V36/><F132/><W44/><G113/><T59/><D74/><U0/><E131/><N who="3" m="50250" /><G53/><T29/><D29/><U27/><E127/><N who="3" m="48650" /><G93/><T106/><D106/><U110/><E110/><V111/><F111/><W120/><G120/><T94/><D45/><N who="3" m="17481" /><G17/><T119/><D119/><U7/><E41/><V115/><F115/><W135/><G135/><T98/><D67/><U96/><E38/><V51/><F64/><W1/><G1/><T25/><D62/><U61/><E61/><V16/><F40/><W134/><G134/><T37/><D37/><U11/><E0/><V102/><F36/><W9/><G9/><T112/><D112/><U46/><E10/><V33/><F107/><W79/><G79/><T97/><REACH who="0" step="1"/><D25/><REACH who="0" ten="103,215,374,278" step="2"/><U76/><E27/><V24/><F24/><W114/><G114/><T43/><D43/><U123/><E105/><V19/><F28/><W39/><G39/><T63/><D63/><U34/><E60/><V52/><F54/><W89/><G95/><T26/><D26/><U66/><E55/><V2/><F52/><W108/><G108/><T70/><D70/><U99/><E66/><V48/><F48/><W91/><AGARI ba="2,3" hai="13,15,89,90,91" m="17481,48650,50250" machi="91" ten="40,12000,1" yaku="28,2,19,1,18,1" doraHai="82" who="3" fromWho="3" sc="103,-42,215,-42,374,-42,278,156" owari="61,-44.0,173,-23.0,332,13.0,434,54.0" /></mjloggm>