<mjloggm ver="2.3"><GO type="169" lobby="0"/><UN n0="%E3%82%A6%E3%83%AB%E3%83%88%E3%83%A9%E7%AB%8B%E7%9B%B4" n1="%E3%81%BE%E3%81%99%E3%81%8F%E3%81%AF%E3%81%8C%E3%81%97" n2="%6D%69%72%69%72%69" n3="%E3%81%93%E3%81%B0%E3%81%A3%E3%81%A1%E3%81%83" dan="17,16,17,18" rate="2200.19,2115.33,2175.50,2223.42" sx="M,M,M,F"/><TAIKYOKU oya="0"/><INIT seed="0,0,0,0,5,29" ten="250,250,250,250" oya="0" hai0="79,35,132,99,73,9,8,23,19,5,135,83,12" hai1="13,70,123,44,103,49,28,68,1,102,133,100,106" hai2="114,37,2,34,97,77,60,90,87,24,54,75,122" hai3="45,55,120,113,80,78,129,101,31,86,10,20,57"/><T62/><D99/><U18/><E123/><V81/><F122/><W14/><G113/><T84/><D62/><U98/><E1/><V116/><F114/><W7/><G120/><T67/><D67/><U17/><E133/><N who="0" m="51273" /><D9/><U6/><E28/><V42/><F2/><W82/><G129/><T15/><D73/><U92/><E106/><V63/><F116/><W110/><G101/><N who="1" m="39018" /><E70/><V61/><F97/><W52/><G110/><T30/><D30/><U48/><E68/><V126/><F54/><W65/><G45/><T128/><D128/><U104/><E104/><V115/><F115/><W3/><G3/><T43/><D43/><N who="1" m="24607" /><E49/><V11/><F42/><W40/><G40/><T22/><D22/><U27/><E27/><V121/><F24/><N who="3" m="16775" /><G65/><T46/><D46/><U58/><E58/><V64/><F121/><W21/><G21/><T109/><D109/><U33/><E103/><V53/><F11/><W112/><G112/><T124/><D124/><U111/><E111/><V26/><F64/><W127/><G127/><T66/><D66/><U93/><E98/><V117/><F117/><W4/><G7/><T72/><D72/><U39/><E6/><V118/><F118/><W76/><G57/><T74/><D74/><U36/><E36/><V105/><F37/><W51/><G51/><T32/><AGARI ba="0,0" hai="5,8,12,15,19,23,32,35,79,83,84" m="51273" machi="32" ten="30,6000,0" yaku="20,1,52,2" doraHai="29" who="0" fromWho="0" sc="250,60,250,-20,250,-20,250,-20" /><INIT seed="0,1,0,0,0,132" ten="310,230,230,230" oya="0" hai0="10,2,127,102,77,58,47,9,1,118,89,76,124" hai1="22,13,14,60,72,103,101,108,82,11,87,56,99" hai2="81,97,30,121,0,96,128,61,94,120,24,16,42" hai3="41,83,73,54,125,95,68,46,36,6,109,25,85"/><T51/><D102/><U93/><E108/><V35/><F0/><W75/><G68/><T129/><D118/><U135/><E135/><V79/><F128/><W84/><G109/><T65/><D129/><U134/><E134/><V32/><F32/><W45/><G6/><T57/><D89/><U7/><E72/><V44/><F61/><W4/><G4/><T104/><D104/><U19/><E93/><V64/><F64/><W52/><G125/><N who="0" m="48203" /><D65/><U70/><E99/><V115/><F115/><W17/><G95/><T37/><D37/><U38/><E38/><V39/><F96/><W28/><G17/><T29/><D29/><U116/><E116/><V5/><F5/><W26/><G36/><T123/><D123/><U78/><E103/><V110/><F110/><W88/><G41/><N who="0" m="25071" /><D58/><U74/><E101/><V34/><F34/><W67/><G67/><T20/><D20/><U40/><E56/><V66/><F66/><W21/><G21/><T8/><D57/><U86/><E22/><V98/><F98/><W15/><G28/><T27/><D27/><U113/><E70/><V55/><F30/><W43/><G88/><T62/><D62/><U69/><E60/><V105/><F105/><W133/><G133/><T12/><D12/><U31/><E69/><V114/><F35/><W122/><G122/><T71/><D71/><U106/><E31/><V59/><F120/><W112/><G15/><T50/><D50/><U131/><E131/><V63/><F121/><W33/><G33/><T126/><N who="0" m="48211" /><T3/><AGARI ba="1,0" hai="1,2,3,8,9,10,76,77" m="25071,48211" machi="3" ten="50,18000,2" yaku="4,1,18,1,52,4" doraHai="132" who="0" fromWho="0" sc="310,183,230,-61,230,-61,230,-61" /><INIT seed="0,2,0,2,2,10" ten="493,169,169,169" oya="0" hai0="97,9,53,37,109,98,102,3,22,44,50,124,108" hai1="34,103,68,127,54,2,64,29,42,101,93,48,17" hai2="113,5,112,117,25,40,85,73,91,57,82,99,126" hai3="90,69,39,12,4,100,65,125,62,114,23,51,71"/><T92/><D124/><U95/><E127/><V31/><F126/><W32/><G32/><T76/><D76/><U115/><E115/><V14/><F73/><W77/><G39/><T83/><D83/><U135/><E135/><V35/><F117/><W11/><G125/><T19/><D37/><U105/><E2/><V121/><F121/><W94/><G114/><T118/><D118/><U21/><E42/><V33/><F33/><W49/><G71/><T87/><D87/><U75/><E75/><V66/><F40/><W58/><G100/><T78/><D78/><U129/><E129/><V110/><F110/><N who="0" m="42602" /><D98/><U96/><E103/><V47/><F47/><W63/><G23/><T28/><D28/><U119/><E29/><V111/><F99/><W122/><G77/><T38/><D38/><U59/><E34/><V0/><F0/><W88/><G122/><T86/><D86/><U45/><E119/><V55/><F66/><W107/><G107/><T72/><D72/><U132/><E132/><V70/><F70/><W46/><G46/><T6/><D22/><U104/><E104/><V134/><F134/><W30/><G30/><T24/><D24/><U128/><E128/><V79/><F79/><W16/><G90/><T20/><D20/><U120/><E120/><V106/><F106/><W60/><G88/><T41/><D41/><U56/><E45/><V80/><F80/><W123/><G123/><T74/><D74/><U67/><E21/><V89/><F89/><W81/><G81/><T1/><D1/><U52/><E105/><V15/><F111/><W26/><G26/><RYUUKYOKU ba="2,0" sc="493,30,169,-10,169,-10,169,-10" hai0="3,6,9,19,44,50,53,92,97,102" /><INIT seed="0,3,0,5,1,97" ten="523,159,159,159" oya="0" hai0="87,113,29,91,40,20,134,61,79,74,53,106,17" hai1="98,75,50,110,73,94,12,85,76,105,72,42,67" hai2="41,131,119,129,83,115,6,92,90,126,84,62,35" hai3="38,100,111,65,30,39,52,96,18,25,57,118,44"/><T71/><D29/><U0/><E0/><V9/><F115/><W64/><G118/><T68/><D40/><U19/><E110/><V130/><F119/><W89/><G89/><T102/><D53/><U32/><E32/><V114/><F114/><W24/><G18/><T55/><D55/><U59/><E67/><V23/><F35/><W28/><G111/><T133/><D61/><U117/><E117/><V34/><F34/><W121/><G121/><T112/><D113/><U135/><E135/><N who="0" m="51721" /><D112/><U1/><E1/><V125/><F41/><W8/><G44/><T43/><D43/><U36/><E42/><V31/><F62/><W127/><G28/><T88/><D74/><U66/><E75/><V104/><F104/><W81/><G30/><T11/><D11/><U51/><E105/><V21/><F31/><W14/><G8/><T99/><D79/><U77/><E76/><N who="2" m="46183" /><F23/><W69/><G38/><T116/><D116/><U5/><E36/><V70/><F70/><N who="0" m="26666" /><D87/><U86/><E86/><N who="2" m="52311" /><F21/><W95/><G39/><T45/><D45/><U78/><E85/><V93/><F9/><W108/><G69/><T107/><D107/><U48/><E73/><V16/><F130/><W2/><G65/><T13/><AGARI ba="3,0" hai="13,17,20,88,91,99,102,106" m="26666,51721" machi="13" ten="30,6000,0" yaku="20,1,52,1,54,1" doraHai="97" who="0" fromWho="0" sc="523,69,159,-23,159,-23,159,-23" /><INIT seed="0,4,0,1,2,65" ten="592,136,136,136" oya="0" hai0="9,89,134,60,131,100,80,0,75,79,47,19,50" hai1="117,16,86,85,108,111,59,13,27,24,31,77,109" hai2="46,129,97,69,21,122,52,32,45,1,128,72,73" hai3="121,88,33,44,55,115,4,56,106,34,104,91,20"/><T113/><D113/><U103/><E117/><V135/><F32/><W84/><G115/><T64/><D100/><U22/><E103/><V57/><F122/><W119/><G119/><T67/><D131/><N who="2" m="50250" /><F135/><W124/><G124/><T8/><D134/><U53/><E77/><V105/><F1/><W35/><G121/><T63/><D89/><U130/><E130/><V125/><F125/><W6/><G44/><N who="2" m="17001" /><F69/><W7/><G20/><T48/><D19/><U18/><E18/><V37/><F37/><W118/><G118/><T5/><D9/><N who="1" m="6191" /><E27/><V132/><F132/><W123/><G123/><T107/><D107/><U98/><E98/><V11/><F11/><W99/><G99/><T101/><D101/><U29/><E29/><V51/><F21/><W68/><G68/><T93/><D93/><U40/><E40/><V17/><F17/><W112/><G112/><T102/><D102/><AGARI ba="4,0" hai="51,52,57,72,73,97,102,105" m="17001,50250" machi="102" ten="30,2000,0" yaku="19,1,54,1" doraHai="65" who="2" fromWho="0" sc="592,-32,136,0,136,32,136,0" /><INIT seed="1,0,0,5,4,70" ten="560,136,168,136" oya="1" hai0="33,68,62,60,126,86,59,106,57,12,2,52,44" hai1="36,34,24,101,82,23,42,91,15,13,1,108,31" hai2="71,93,43,78,102,61,94,133,32,74,51,46,105" hai3="115,64,100,130,83,112,117,4,123,110,39,121,127"/><U72/><E1/><V98/><F32/><W119/><G4/><T75/><D75/><U19/><E101/><V92/><F133/><W26/><G26/><T47/><D68/><U76/><E108/><V87/><F74/><W54/><G100/><T58/><D58/><U95/><E13/><V84/><REACH who="2" step="1"/><F78/><REACH who="2" ten="560,136,158,136" step="2"/><W55/><G110/><T128/><D33/><U8/><E34/><V135/><F135/><W109/><G109/><T27/><D128/><U53/><E53/><V29/><F29/><W18/><G130/><T97/><D52/><U89/><REACH who="1" step="1"/><E95/><REACH who="1" ten="560,126,158,136" step="2"/><V124/><F124/><W63/><G127/><T21/><D126/><U129/><E129/><V73/><F73/><W50/><G54/><T104/><D104/><U88/><E88/><V3/><F3/><W103/><G55/><T56/><D106/><U77/><E77/><V80/><F80/><W96/><G83/><T35/><D35/><U69/><E69/><V5/><F5/><W10/><G117/><T38/><D2/><U134/><E134/><V9/><F9/><W20/><G119/><T17/><D12/><U111/><E111/><V99/><F99/><W120/><G10/><T0/><D97/><U85/><E85/><V113/><F113/><W107/><G115/><T65/><D86/><U6/><E6/><V40/><F40/><W132/><G112/><T30/><D0/><U28/><E28/><V11/><F11/><W116/><G116/><T125/><D30/><U22/><E22/><V14/><F14/><N who="3" m="9303" /><G132/><T122/><D125/><U41/><E41/><V67/><AGARI ba="0,2" hai="43,46,51,61,67,71,84,87,92,93,94,98,102,105" machi="67" ten="30,2000,0" yaku="1,1,0,1,53,0" doraHai="70" doraHaiUra="7" who="2" fromWho="2" sc="560,-5,126,-10,158,40,136,-5" /><INIT seed="2,0,0,3,3,123" ten="555,116,198,131" oya="2" hai0="105,35,32,33,3,50,61,51,70,76,15,87,83" hai1="106,67,133,24,101,16,38,28,22,37,17,59,4" hai2="19,113,75,110,100,21,25,74,48,78,115,114,13" hai3="30,69,43,71,54,79,81,52,97,40,49,93,119"/><V56/><F100/><W73/><G119/><T2/><D105/><U10/><E133/><V62/><F48/><W96/><G30/><T135/><D135/><U6/><E101/><V9/><F78/><W8/><G8/><T122/><D122/><U82/><E106/><V60/><F60/><W117/><G117/><T46/><D51/><U89/><E6/><V128/><F128/><W85/><G73/><T36/><D36/><U20/><E67/><V116/><F116/><W80/><G80/><T90/><D15/><U111/><E59/><V109/><F75/><W103/><G97/><T134/><D134/><U92/><E111/><V64/><REACH who="2" step="1"/><F74/><REACH who="2" ten="555,116,188,131" step="2"/><W26/><G69/><T130/><D76/><U11/><E37/><V41/><F41/><W53/><G71/><T63/><D130/><U108/><E38/><V94/><F94/><W23/><G49/><T98/><D63/><U121/><E121/><V42/><F42/><W102/><G102/><T72/><D72/><U68/><E68/><V127/><F127/><W27/><G40/><T112/><D70/><U14/><E92/><V39/><F39/><W44/><G43/><T120/><D120/><U31/><E108/><V131/><F131/><W47/><G47/><T129/><D46/><U126/><E126/><V5/><AGARI ba="0,1" hai="5,9,13,19,21,25,56,62,64,109,110,113,114,115" machi="5" ten="40,12000,1" yaku="1,1,0,1,52,2,53,0" doraHai="123" doraHaiUra="86" who="2" fromWho="2" sc="555,-40,116,-40,188,130,131,-40" /><INIT seed="2,1,0,1,1,133" ten="515,76,318,91" oya="2" hai0="114,104,69,46,47,81,25,14,17,67,129,5,36" hai1="130,120,1,128,61,44,28,76,34,80,95,101,0" hai2="45,65,116,31,11,48,30,109,40,131,110,4,117" hai3="26,74,77,38,62,72,54,118,10,53,52,94,106"/><V6/><F65/><W105/><G38/><T9/><D104/><U41/><E120/><V68/><F68/><W115/><G118/><T88/><D36/><U91/><E101/><V8/><F131/><N who="1" m="50217" /><E61/><V82/><F82/><W27/><G115/><T93/><D114/><U51/><E28/><N who="2" m="10795" /><F11/><W90/><G10/><T102/><D81/><U59/><E59/><V107/><F107/><W23/><G62/><T39/><D9/><U58/><E58/><V86/><F86/><W85/><G27/><T71/><D39/><U121/><E34/><V125/><F125/><W12/><G12/><T16/><D25/><U97/><E121/><V99/><F99/><W126/><G126/><T49/><D14/><U92/><E92/><V22/><F22/><W87/><G87/><AGARI ba="1,0" hai="0,1,41,44,51,76,80,87,91,95,97" m="50217" machi="87" ten="30,1000,0" yaku="19,1" doraHai="133" who="1" fromWho="3" sc="515,0,76,13,318,0,91,-13" /><INIT seed="3,0,0,3,4,49" ten="515,89,318,78" oya="3" hai0="119,85,61,14,5,32,75,11,40,103,97,58,125" hai1="57,92,89,84,130,81,128,38,118,19,123,36,2" hai2="29,24,25,28,64,47,45,3,59,117,129,18,42" hai3="56,107,1,67,13,20,82,121,60,127,120,112,115"/><W43/><G107/><T114/><D75/><U30/><E123/><N who="3" m="47178" /><G1/><T71/><D32/><U31/><E118/><V101/><F117/><W72/><G72/><T131/><D40/><U8/><E57/><V16/><F101/><W133/><G82/><T15/><D71/><U94/><E94/><V35/><F3/><W102/><G102/><T12/><D15/><N who="1" m="7655" /><E2/><V65/><F129/><N who="1" m="49769" /><E92/><V23/><F35/><W124/><G133/><T79/><D85/><U95/><E95/><V109/><F25/><W50/><G20/><T46/><D79/><U4/><E4/><V52/><F29/><AGARI ba="0,0" hai="29,30,31,36,38,81,84,89" m="49769,7655" machi="29" ten="30,1000,0" yaku="19,1" doraHai="49" who="1" fromWho="2" sc="515,0,89,10,318,-10,78,0" /><INIT seed="4,0,0,2,3,128" ten="515,99,308,78" oya="0" hai0="27,12,80,86,32,52,69,108,68,60,64,54,84" hai1="63,13,11,25,99,124,47,93,88,16,119,75,55" hai2="134,62,18,7,36,17,5,111,21,29,34,2,100" hai3="42,10,37,135,97,65,123,9,118,130,56,51,26"/><T74/><D108/><U77/><E119/><V83/><F36/><W66/><G118/><T59/><D74/><U40/><E124/><V19/><F100/><W24/><G130/><T41/><D41/><U117/><E117/><V61/><F83/><W81/><G123/><T28/><D12/><U8/><E75/><V35/><F61/><W76/><G37/><T102/><D102/><U116/><E77/><V90/><F90/><W70/><G70/><T121/><D121/><U43/><E116/><V57/><F57/><W31/><G97/><T3/><D3/><U22/><E11/><V98/><F62/><W58/><G42/><T6/><D6/><N who="2" m="2058" /><F98/><W106/><G106/><T131/><D131/><U44/><E63/><V132/><F2/><W39/><G39/><T45/><D86/><U79/><E79/><V133/><F111/><W4/><G51/><T49/><D64/><U104/><E104/><V125/><F125/><W78/><G4/><T1/><D1/><U73/><E73/><V67/><F67/><W129/><G129/><T85/><D85/><U92/><E92/><V46/><F46/><N who="1" m="17449" /><E55/><V33/><F29/><AGARI ba="0,0" hai="8,13,16,22,25,29,40,43,88,93,99" m="17449" machi="29" ten="30,3900,0" yaku="8,1,54,2" doraHai="128" who="1" fromWho="2" sc="515,0,99,39,308,-39,78,0" /><INIT seed="5,0,0,1,3,127" ten="515,138,269,78" oya="1" hai0="85,133,95,103,56,74,134,72,38,9,73,91,96" hai1="2,14,57,34,104,25,55,66,80,125,116,84,16" hai2="1,58,65,31,61,78,21,46,22,15,88,23,5" hai3="92,105,69,121,51,53,18,17,97,20,82,126,117"/><U4/><E116/><V110/><F110/><W98/><G121/><T45/><D56/><U87/><E125/><V49/><F1/><W81/><G69/><T119/><D9/><U114/><E114/><V32/><F78/><W109/><G109/><T135/><D119/><U99/><E66/><V77/><F77/><W19/><G126/><T107/><D45/><U128/><E2/><V42/><F32/><W60/><G117/><T67/><D67/><U30/><E4/><V89/><F31/><W0/><G0/><T27/><D27/><U120/><E120/><V44/><F44/><W115/><G115/><T94/><D38/><U64/><E64/><V41/><F41/><W132/><G132/><T123/><D123/><U118/><E118/><V10/><AGARI ba="0,0" hai="5,10,15,21,22,23,42,46,49,58,61,65,88,89" machi="10" ten="30,4000,0" yaku="0,1,8,1,54,1" doraHai="127" who="2" fromWho="2" sc="515,-10,138,-20,269,40,78,-10" /><INIT seed="6,0,0,1,0,17" ten="505,118,309,68" oya="2" hai0="52,117,50,116,101,83,3,51,99,33,91,86,97" hai1="38,129,126,84,102,15,32,77,71,127,76,41,30" hai2="58,98,57,23,75,122,7,47,121,131,43,104,36" hai3="37,90,46,21,18,103,54,69,2,14,125,73,59"/><V6/><F75/><W89/><G2/><T66/><D33/><U55/><E71/><V108/><F131/><W135/><G69/><T24/><D66/><U11/><E129/><V63/><F108/><W61/><G73/><T16/><D3/><U56/><E102/><V12/><F58/><W87/><G135/><T62/><D62/><N who="1" m="36127" /><E84/><V112/><F112/><W74/><G74/><T72/><D24/><N who="1" m="18503" /><E41/><V96/><F104/><W85/><G103/><T94/><D16/><N who="1" m="8319" /><E38/><V95/><F98/><W134/><G134/><T5/><D5/><U79/><E79/><V31/><F43/><W64/><G37/><T20/><D97/><U53/><E53/><V42/><F96/><W107/><G107/><T27/><D72/><U111/><E111/><V82/><F42/><W114/><G114/><T80/><D80/><U49/><E49/><V22/><F36/><W9/><G9/><T26/><D51/><U28/><E28/><V68/><F82/><W45/><G64/><T34/><D34/><U70/><E70/><V130/><F31/><W40/><G40/><T133/><D133/><U4/><E4/><V132/><F132/><W109/><G109/><T81/><D81/><U0/><E0/><V1/><F1/><W118/><G118/><T29/><D27/><U67/><E67/><V113/><F130/><W100/><G100/><T93/><D83/><U105/><E105/><V119/><F119/><W128/><G128/><T8/><D8/><U39/><E39/><V106/><F106/><W92/><G125/><T110/><D110/><U120/><E120/><V10/><F121/><RYUUKYOKU ba="0,0" sc="505,10,118,10,309,-30,68,10" hai0="20,26,29,50,52,86,91,93,94,99,101,116,117" hai1="76,77,126,127" hai3="14,18,21,45,46,54,59,61,85,87,89,90,92" /><INIT seed="7,1,0,1,3,46" ten="515,128,279,78" oya="3" hai0="63,33,3,115,45,80,112,74,96,70,89,91,21" hai1="81,93,28,85,67,47,130,131,35,43,42,31,17" hai2="90,32,40,27,129,50,107,119,56,11,38,97,105" hai3="10,4,62,19,9,87,122,127,75,5,20,6,106"/><W125/><G75/><T68/><D33/><U13/><E93/><V126/><F38/><W12/><G106/><T73/><D3/><U41/><E67/><V103/><F119/><W53/><G87/><T104/><D21/><N who="1" m="11439" /><E47/><V64/><F105/><W79/><G79/><T133/><D63/><U95/><E95/><V37/><F37/><W100/><G100/><T78/><D133/><U88/><E35/><V83/><F40/><W76/><G76/><T120/><D45/><U39/><E39/><V44/><F44/><W84/><G84/><T49/><D91/><U134/><E134/><V86/><F64/><W99/><G99/><T101/><D49/><U92/><E92/><V118/><F118/><W135/><G135/><T55/><D55/><U98/><E98/><V69/><F69/><N who="0" m="26730" /><D120/><U18/><E18/><V123/><F129/><AGARI ba="1,0" hai="28,31,41,42,43,81,85,88,129,130,131" m="11439" machi="129" ten="30,2000,0" yaku="19,1,54,1" doraHai="46" who="1" fromWho="2" sc="515,0,128,23,279,-23,78,0" owari="515,61.0,151,-25.0,256,6.0,78,-42.0" /></mjloggm>