<mjloggm ver="2.3"><GO type="169" lobby="0"/><UN n0="%E2%98%85%E9%A2%A8%E3%81%AE%E8%B0%B7%E2%98%85" n1="%53%69%6D%61%54%6F%6D%6F" n2="%E3%82%A6%E3%83%AB%E3%83%88%E3%83%A9%E7%AB%8B%E7%9B%B4" n3="%E4%BA%91%E5%92%8C%E5%B1%B1%E7%9A%84%E5%BD%BC%E7%AB%AF" dan="16,16,17,16" rate="2056.23,2075.95,2123.94,2053.38" sx="M,M,M,F"/><TAIKYOKU oya="0"/><INIT seed="0,0,0,0,3,90" ten="250,250,250,250" oya="0" hai0="39,34,11,101,49,69,5,114,50,105,23,26,36" hai1="16,46,121,128,89,4,131,29,135,30,65,25,108" hai2="44,118,35,72,100,133,134,78,6,28,59,41,66" hai3="13,81,47,120,17,18,62,1,107,70,22,109,54"/><T94/><D105/><U27/><E121/><V73/><F6/><W55/><G1/><T0/><D69/><U43/><E108/><V130/><F130/><N who="1" m="49705" /><E135/><N who="2" m="51723" /><F78/><W88/><G107/><T51/><D34/><U32/><E65/><V15/><F100/><W48/><G109/><T57/><D57/><U104/><E104/><V86/><F15/><W77/><G120/><T52/><D52/><U71/><E71/><V61/><F86/><W14/><G70/><T21/><D21/><N who="1" m="13479" /><E89/><V91/><F91/><W38/><G38/><T40/><D40/><U127/><E46/><V83/><F118/><W102/><G102/><T79/><D79/><U82/><E43/><V68/><F83/><W85/><G62/><T60/><D60/><U122/><E82/><V99/><F68/><W124/><G124/><T63/><D63/><U75/><E75/><V111/><F111/><W92/><G55/><T84/><D114/><U93/><E93/><V3/><F44/><W112/><G112/><T45/><D45/><U9/><E122/><V76/><F41/><W53/><G53/><T106/><D106/><U20/><E127/><V103/><F76/><W123/><G123/><T113/><D113/><U80/><E80/><V116/><F72/><W132/><G132/><T126/><D126/><U58/><E58/><V115/><F73/><W19/><REACH who="3" step="1"/><G22/><REACH who="3" ten="250,250,250,240" step="2"/><T129/><D101/><U87/><E20/><V10/><F115/><W7/><G7/><T12/><D39/><U33/><E4/><N who="2" m="1311" /><F116/><W98/><AGARI ba="0,1" hai="13,14,17,18,19,47,48,54,77,81,85,88,92,98" machi="98" ten="30,8000,1" yaku="1,1,0,1,8,1,52,1,54,1,53,0" doraHai="90" doraHaiUra="117" who="3" fromWho="3" sc="250,-40,250,-20,250,-20,240,90" /><INIT seed="1,0,0,2,5,63" ten="210,230,230,330" oya="1" hai0="130,9,131,106,30,64,134,105,116,8,25,107,37" hai1="43,80,74,129,82,111,34,15,127,95,100,69,102" hai2="4,135,39,0,122,28,49,54,94,40,66,119,101" hai3="97,90,27,120,75,17,128,68,114,108,79,45,46"/><U113/><E34/><V118/><F28/><W32/><G114/><T53/><D116/><U72/><E43/><V109/><F4/><W103/><G120/><T58/><D37/><U88/><E69/><V35/><F0/><W19/><G108/><T125/><D125/><U86/><E15/><V5/><F5/><W51/><G128/><N who="0" m="49195" /><D134/><U73/><E129/><V96/><F35/><W62/><G79/><T70/><D70/><U22/><E22/><V31/><F31/><W14/><G75/><T98/><D98/><U29/><E29/><V89/><F122/><W76/><G76/><T67/><D9/><U33/><E33/><V77/><F77/><W36/><G36/><T41/><D41/><U21/><E21/><V50/><F39/><W38/><G38/><T56/><D8/><U65/><E113/><V81/><F109/><W91/><G45/><T2/><D2/><U126/><E65/><N who="0" m="25161" /><D53/><U20/><E111/><V10/><F10/><W52/><G97/><T124/><D124/><N who="1" m="47659" /><E20/><AGARI ba="0,0" hai="20,25,30,56,58,105,106,107" m="25161,49195" machi="20" ten="40,8000,1" yaku="19,1,52,3" doraHai="63" who="0" fromWho="1" sc="210,80,230,-80,230,0,330,0" /><INIT seed="2,0,0,0,2,82" ten="290,150,230,330" oya="2" hai0="14,118,64,87,37,51,89,43,108,0,73,65,17" hai1="41,32,80,116,107,47,93,99,46,83,40,6,94" hai2="84,114,13,21,61,19,3,133,24,26,119,79,10" hai3="85,30,54,9,115,97,12,5,49,110,71,95,45"/><V11/><F119/><W23/><G71/><T22/><D0/><U58/><E116/><V70/><F114/><W60/><G115/><T35/><D73/><U52/><E32/><V129/><F129/><W31/><G110/><T28/><D37/><U131/><E131/><V101/><F133/><W55/><G23/><T74/><D74/><U123/><E123/><V50/><F101/><W1/><G1/><T121/><D121/><U75/><E107/><V106/><F106/><W100/><REACH who="3" step="1"/><G85/><REACH who="3" ten="290,150,230,320" step="2"/><T78/><D108/><U127/><E75/><V88/><F3/><W18/><G18/><T25/><D118/><U120/><E120/><V122/><F122/><W66/><G66/><T132/><D132/><U109/><E109/><V124/><F70/><W81/><G81/><T59/><D78/><U29/><E83/><N who="2" m="49183" /><F79/><W44/><G44/><T134/><D134/><U20/><E47/><V76/><F76/><W126/><G126/><T27/><D65/><U111/><E127/><V7/><F124/><W69/><G69/><T16/><D64/><U103/><E111/><V105/><F21/><W33/><G33/><T128/><D128/><U8/><E80/><V42/><F19/><W36/><G36/><T57/><D17/><U102/><E20/><V125/><F125/><W53/><G53/><T77/><D77/><U48/><E46/><N who="2" m="25943" /><F11/><W4/><G4/><T62/><D35/><U2/><REACH who="1" step="1"/><E29/><REACH who="1" ten="290,140,230,320" step="2"/><V63/><F105/><W68/><G68/><T38/><D28/><U130/><E130/><V135/><F135/><W98/><G98/><AGARI ba="0,2" hai="2,6,8,40,41,48,52,58,93,94,98,99,102,103" machi="98" ten="40,5200,0" yaku="1,1,9,1,54,1,53,0" doraHai="82" doraHaiUra="72" who="1" fromWho="3" sc="290,0,140,72,230,0,320,-52" /><INIT seed="3,0,0,4,4,119" ten="290,212,230,268" oya="3" hai0="39,84,33,101,58,64,114,100,5,128,61,85,117" hai1="7,104,41,9,111,83,6,17,77,106,42,56,79" hai2="65,76,2,107,25,1,75,36,11,43,51,38,59" hai3="103,30,131,40,27,121,14,135,110,60,130,97,124"/><W95/><G135/><T62/><D117/><U70/><E70/><V48/><F107/><W3/><G3/><T31/><D39/><U90/><E111/><V123/><F25/><W66/><G110/><T67/><D128/><N who="3" m="49193" /><G124/><T22/><D33/><U57/><E83/><V96/><F96/><W105/><G40/><T12/><D114/><U94/><E94/><V24/><F24/><W126/><G126/><T20/><D31/><U108/><E108/><V34/><F34/><N who="3" m="20831" /><G14/><T32/><D32/><U116/><E116/><V28/><F28/><W23/><G23/><T16/><D22/><U50/><E9/><V73/><F11/><W127/><G127/><T19/><D19/><U18/><REACH who="1" step="1"/><E50/><REACH who="1" ten="290,202,230,268" step="2"/><V113/><F51/><W69/><G95/><T46/><D101/><U134/><E134/><V49/><F49/><W118/><G118/><T122/><D100/><U98/><E98/><V54/><F48/><W0/><G0/><T87/><D85/><U52/><E52/><V93/><F2/><W63/><G63/><T55/><D87/><U92/><E92/><V26/><F93/><W129/><G129/><T35/><D84/><U47/><E47/><V82/><F1/><W99/><G99/><T68/><D46/><U29/><E29/><V80/><F80/><W125/><G125/><T45/><D45/><U13/><E13/><V91/><F82/><W89/><G89/><AGARI ba="0,1" hai="6,7,17,18,41,42,56,57,77,79,89,90,104,106" machi="89" ten="25,8000,1" yaku="1,1,22,2,53,2" doraHai="119" doraHaiUra="37" who="1" fromWho="3" sc="290,0,202,90,230,0,268,-80" /><INIT seed="4,0,0,3,4,121" ten="290,292,230,188" oya="0" hai0="98,45,106,35,69,40,112,110,41,124,127,97,63" hai1="51,36,28,21,61,131,56,37,133,108,53,19,120" hai2="3,122,44,93,23,43,109,83,60,119,4,59,64" hai3="70,74,2,27,6,54,1,130,91,94,42,52,8"/><T123/><D35/><U113/><E120/><V71/><F122/><W96/><G74/><T103/><D123/><U92/><E133/><V77/><F119/><W46/><G70/><T58/><D112/><U20/><E113/><V105/><F105/><W116/><G116/><T12/><D69/><U102/><E131/><V72/><F23/><W57/><G130/><T132/><D98/><U85/><E108/><V15/><F15/><W76/><G76/><T32/><D32/><U86/><E37/><N who="2" m="21615" /><F93/><W24/><G1/><T100/><D100/><U95/><E36/><V128/><F59/><W81/><G81/><T99/><D99/><U125/><E125/><N who="0" m="48201" /><D132/><U5/><E5/><V84/><F84/><W38/><REACH who="3" step="1"/><G54/><REACH who="3" ten="290,292,230,178" step="2"/><N who="0" m="34263" /><D12/><U16/><E53/><V75/><F128/><W67/><G67/><T78/><D78/><U129/><E129/><V115/><F115/><W7/><G7/><T30/><D41/><U89/><E102/><V17/><F75/><W101/><G101/><T62/><D103/><U88/><E89/><V66/><F66/><W73/><G73/><T118/><D118/><U48/><E88/><V9/><F17/><W68/><G68/><T134/><D134/><U18/><E16/><V49/><F77/><W87/><G87/><T80/><D40/><U14/><E86/><V0/><F72/><W33/><G33/><T13/><D13/><U22/><E85/><V50/><F0/><W82/><G82/><T135/><D135/><U107/><E14/><V31/><F83/><W114/><G114/><T29/><D80/><U126/><E126/><V55/><F3/><RYUUKYOKU ba="0,1" sc="290,-10,292,-10,230,-10,178,30" hai3="2,6,8,24,27,38,42,46,52,57,91,94,96" /><INIT seed="5,1,1,0,3,54" ten="280,282,220,208" oya="1" hai0="33,6,13,26,18,28,11,51,99,93,120,0,109" hai1="114,133,94,111,123,92,49,69,23,34,118,9,15" hai2="12,117,126,98,47,135,41,24,84,101,66,110,60" hai3="22,102,76,64,108,25,55,21,42,38,61,122,36"/><U37/><E37/><V5/><F110/><W44/><G108/><T105/><D109/><U74/><E34/><V63/><F117/><W65/><G122/><T91/><D120/><U3/><E123/><V134/><F24/><W103/><G76/><T75/><D75/><U131/><E111/><V8/><F84/><W116/><G116/><T53/><D105/><U95/><E118/><V7/><F7/><W67/><G36/><T43/><D43/><U48/><E74/><V82/><F82/><W79/><G79/><T56/><REACH who="0" step="1"/><D18/><REACH who="0" ten="270,282,220,208" step="2"/><U4/><E114/><V129/><F41/><W113/><G113/><T45/><D45/><U127/><E131/><V87/><F47/><W83/><G42/><T32/><D32/><U46/><E46/><V104/><F129/><W121/><G121/><T52/><D52/><U97/><E133/><V86/><F126/><W17/><G44/><T124/><D124/><U29/><E127/><V88/><F135/><W100/><G38/><T128/><D128/><U85/><E97/><V89/><F134/><W10/><G55/><T1/><AGARI ba="1,2" hai="0,1,6,11,13,26,28,33,51,53,56,91,93,99" machi="1" ten="30,4000,0" yaku="1,1,0,1,52,1,53,0" doraHai="54" doraHaiUra="14" who="0" fromWho="0" sc="270,63,282,-21,220,-11,208,-11" /><INIT seed="6,0,0,1,3,61" ten="333,261,209,197" oya="2" hai0="46,12,90,24,94,77,29,73,120,108,57,95,107" hai1="121,81,14,23,122,53,44,124,51,67,25,116,85" hai2="112,130,97,62,115,111,98,118,1,104,134,21,75" hai3="84,34,27,113,76,19,39,47,13,50,26,110,3"/><V4/><F4/><W10/><G110/><T9/><D107/><U7/><E116/><V86/><F1/><W66/><G39/><T88/><D108/><U80/><E124/><V92/><F111/><W68/><G113/><T56/><D120/><N who="1" m="46187" /><E67/><V40/><F75/><W15/><G3/><T123/><D46/><U18/><E85/><V55/><F40/><W72/><G72/><T42/><D42/><U60/><E60/><V126/><F118/><W78/><G34/><T87/><D77/><U131/><E131/><V0/><F0/><W36/><G36/><T103/><D103/><U99/><E99/><V128/><F126/><W43/><G15/><T70/><D70/><U5/><E5/><V119/><F119/><W20/><G84/><T93/><D73/><U6/><E6/><V79/><F86/><W133/><G133/><T65/><D65/><U45/><E45/><V37/><F79/><W82/><G82/><T35/><D95/><U135/><E135/><V59/><F37/><W89/><G89/><T132/><D132/><U30/><E7/><V91/><F134/><W58/><G68/><T8/><D123/><U96/><E96/><V41/><F41/><W109/><G109/><T69/><D69/><U64/><E64/><V17/><F130/><W105/><G105/><T117/><D117/><U52/><E53/><V49/><F62/><N who="3" m="38231" /><G27/><T54/><D54/><U38/><E38/><V106/><F128/><W32/><G32/><AGARI ba="0,0" hai="14,18,23,25,30,32,44,51,52,80,81" m="46187" machi="32" ten="30,2000,0" yaku="13,1,54,1" doraHai="61" who="1" fromWho="3" sc="333,0,261,20,209,0,197,-20" /><INIT seed="7,0,0,5,4,4" ten="333,281,209,177" oya="3" hai0="75,130,21,120,100,2,76,15,33,118,121,88,5" hai1="55,59,110,108,0,78,85,34,8,77,22,45,95" hai2="74,123,39,101,105,91,16,103,113,44,63,104,124" hai3="53,127,61,42,132,109,99,79,70,11,83,131,97"/><W32/><G32/><T10/><D118/><U46/><E34/><V60/><F74/><W35/><G35/><T47/><D130/><U36/><E22/><V115/><F124/><W87/><G131/><T41/><D33/><U54/><E95/><V111/><F111/><W66/><G127/><T112/><D112/><N who="2" m="43082" /><F123/><W23/><G109/><T93/><D100/><N who="2" m="38474" /><F91/><W126/><G126/><T49/><D21/><U6/><E85/><V56/><F16/><W114/><G114/><T119/><D15/><U117/><E55/><N who="2" m="33823" /><F63/><W82/><G132/><T30/><D30/><U14/><E14/><V134/><F134/><W64/><G42/><AGARI ba="0,0" hai="39,42,44,104,105" m="33823,38474,43082" machi="42" ten="30,1000,0" yaku="15,1" doraHai="4" who="2" fromWho="3" sc="333,0,281,0,209,10,177,-10" owari="333,43.0,281,8.0,219,-18.0,167,-33.0" /></mjloggm>