<mjloggm ver="2.3"><GO type="169" lobby="0"/><UN n0="%E3%81%97%E3%82%83%E3%81%8F%E3%81%98%E3%83%BC" n1="%E5%B0%B1%E6%B4%BB%E7%94%9F%40%E5%B7%9D%E6%9D%91%E8%BB%8D%E5%9B%A3" n2="%E3%83%86%E3%83%AC%E3%83%93%E3%81%A3%E5%AD%90" n3="%EF%BC%A1%E3%83%9D%E3%82%B1" dan="16,18,16,16" rate="2097.23,2299.85,2106.01,2112.24" sx="M,M,M,M"/><TAIKYOKU oya="0"/><INIT seed="0,0,0,5,5,0" ten="250,250,250,250" oya="0" hai0="92,39,118,64,70,61,13,114,102,107,23,95,12" hai1="46,131,5,78,105,124,3,55,32,20,129,48,62" hai2="57,15,106,101,7,72,26,2,30,98,19,125,54" hai3="17,52,36,126,4,59,44,49,9,33,75,38,81"/><T84/><D39/><U96/><E32/><V1/><F72/><W100/><G33/><T109/><D114/><U68/><E124/><V89/><F89/><W134/><G126/><T29/><D118/><U88/><E78/><V120/><F120/><W93/><G134/><T111/><D107/><U42/><E20/><V132/><F132/><W90/><G100/><T27/><D84/><U35/><E35/><V130/><F130/><W43/><G17/><T99/><REACH who="0" step="1"/><D92/><REACH who="0" ten="240,250,250,250" step="2"/><U128/><E105/><V103/><F125/><W104/><G104/><T122/><D122/><U115/><E115/><V56/><F106/><W50/><G75/><T58/><D58/><U97/><E129/><V110/><F57/><W73/><G73/><T21/><D21/><U79/><E128/><V80/><F56/><W28/><G28/><T18/><D18/><U22/><E22/><V135/><F19/><W16/><G16/><T6/><D6/><U45/><E5/><V112/><F135/><W53/><G81/><T60/><D60/><U86/><E62/><V51/><F7/><W94/><G36/><T10/><D10/><U83/><E131/><V40/><F30/><W127/><G127/><T24/><D24/><U47/><E83/><V82/><F26/><W117/><G117/><T65/><D65/><U76/><E86/><V37/><F112/><W11/><G4/><T77/><D77/><U14/><E79/><V123/><F123/><W116/><G116/><T67/><D67/><U85/><E76/><V34/><F37/><W91/><G94/><T71/><D71/><U119/><E68/><RYUUKYOKU ba="0,1" sc="240,30,250,-10,250,-10,250,-10" hai0="12,13,23,27,29,61,64,70,95,99,102,109,111" /><INIT seed="0,1,1,0,3,46" ten="270,240,240,240" oya="0" hai0="7,25,104,129,121,5,84,82,0,83,86,100,76" hai1="109,133,110,101,42,65,13,128,95,106,87,113,58" hai2="132,24,66,43,78,30,15,98,32,94,112,117,126" hai3="23,10,135,39,6,73,115,2,27,60,91,124,96"/><T49/><D121/><U44/><E106/><V51/><F126/><W38/><G115/><T29/><D0/><U120/><E120/><V68/><F132/><W85/><G73/><T11/><D129/><U16/><E133/><V81/><F112/><W31/><G135/><T118/><D11/><U108/><E128/><V1/><F1/><W9/><G124/><T122/><D122/><U48/><E113/><V74/><F117/><W14/><G60/><T103/><D118/><U4/><E4/><V88/><F66/><W57/><G57/><T92/><D104/><U20/><E58/><V19/><F68/><W111/><G96/><N who="0" m="59399" /><D103/><U34/><E34/><V37/><F37/><W56/><G56/><T63/><D63/><U54/><E65/><V93/><F93/><W134/><G134/><T55/><D25/><U79/><E101/><V21/><REACH who="2" step="1"/><F43/><REACH who="2" ten="270,240,230,240" step="2"/><W47/><G39/><T70/><D70/><U22/><E42/><V62/><F62/><W45/><G38/><T72/><D83/><N who="1" m="47615" /><E95/><V89/><F89/><W17/><G111/><T28/><D82/><AGARI ba="1,2" hai="2,6,9,10,14,17,23,27,31,45,47,82,85,91" machi="82" ten="30,1000,0" yaku="7,1" doraHai="46" who="3" fromWho="0" sc="270,-13,240,0,230,0,240,33" /><INIT seed="1,0,0,5,2,131" ten="257,240,230,273" oya="1" hai0="62,82,115,59,18,114,14,135,70,88,52,29,8" hai1="77,67,102,47,11,49,5,36,4,81,105,101,3" hai2="109,16,66,100,95,44,86,50,90,43,103,12,68" hai3="27,19,126,84,57,92,89,28,45,93,129,106,40"/><U54/><E105/><V116/><F116/><W123/><G106/><T98/><D135/><U22/><E4/><V87/><F109/><W91/><G129/><T124/><D124/><U6/><E6/><V48/><F66/><W134/><G126/><T56/><D70/><U21/><E67/><V20/><F68/><W79/><G123/><T120/><D120/><U42/><E101/><V130/><F130/><W26/><G79/><T83/><D29/><U60/><E60/><V64/><F64/><W94/><G57/><T85/><D98/><U0/><E0/><V25/><F87/><W97/><G134/><T30/><D30/><U125/><E102/><V99/><F50/><W13/><G94/><T23/><D59/><U74/><E125/><V55/><F43/><W80/><G80/><T38/><D38/><U7/><E7/><V107/><REACH who="2" step="1"/><F103/><REACH who="2" ten="257,240,220,273" step="2"/><W33/><G84/><T63/><D63/><U24/><REACH who="1" step="1"/><E24/><AGARI ba="0,1" hai="12,16,20,24,25,44,48,55,86,90,95,99,100,107" machi="24" ten="40,5200,0" yaku="1,1,2,1,54,1,53,0" doraHai="131" doraHaiUra="34" who="2" fromWho="1" sc="257,0,240,-52,220,62,273,0" /><INIT seed="2,0,0,1,3,75" ten="257,188,282,273" oya="2" hai0="96,106,105,111,37,52,118,119,14,16,130,62,104" hai1="109,42,103,134,94,10,129,97,41,58,93,87,113" hai2="80,59,83,50,26,23,53,85,13,74,25,101,43" hai3="4,36,54,48,77,2,34,123,19,18,65,84,112"/><V55/><F101/><W131/><G36/><T71/><D37/><U82/><E113/><V100/><F100/><W133/><G34/><T6/><D111/><U76/><E109/><V89/><F43/><W73/><G73/><T121/><D6/><U66/><E134/><V72/><F72/><W11/><G133/><T102/><D121/><U7/><E129/><V29/><F13/><W64/><G123/><T39/><D39/><U12/><REACH who="1" step="1"/><E93/><REACH who="1" ten="257,178,282,273" step="2"/><V92/><F74/><W30/><G112/><T116/><D130/><U27/><E27/><V60/><REACH who="2" step="1"/><F26/><REACH who="2" ten="257,178,272,273" step="2"/><W126/><G131/><T15/><D105/><U61/><AGARI ba="0,2" hai="7,10,12,41,42,58,61,66,76,82,87,94,97,103" machi="61" ten="30,7900,0" yaku="1,1,0,1,8,1,52,1,53,0" doraHai="75" doraHaiUra="33" who="1" fromWho="1" sc="257,-20,178,99,272,-39,273,-20" /><INIT seed="3,0,0,0,1,9" ten="237,277,233,253" oya="3" hai0="14,114,130,5,17,29,128,62,31,87,129,116,28" hai1="125,56,102,132,30,1,74,60,82,65,101,53,92" hai2="135,110,36,67,111,27,70,55,108,15,95,96,0" hai3="42,39,117,59,11,4,131,100,97,80,26,91,72"/><W7/><G117/><T23/><D62/><U3/><E125/><V47/><F0/><W113/><G113/><T134/><D87/><U32/><E132/><V81/><F135/><W22/><G131/><T64/><D64/><U75/><E82/><V57/><F27/><W94/><G42/><T18/><D134/><U38/><E38/><V93/><F81/><W119/><G39/><T46/><D46/><U54/><E54/><V45/><F95/><W109/><G119/><T107/><D107/><U6/><E101/><V16/><F67/><W121/><G121/><T122/><D116/><U10/><E1/><V83/><F83/><W90/><G109/><T20/><D5/><U118/><E118/><V78/><F78/><W123/><G123/><T2/><D2/><U8/><E8/><N who="2" m="6247" /><F70/><W120/><G120/><T73/><D73/><U63/><E30/><V25/><F25/><W76/><G59/><T133/><D133/><U71/><E32/><V66/><F66/><W77/><G77/><T51/><D51/><U33/><E33/><V19/><F19/><W44/><G44/><T24/><D122/><U21/><E75/><V104/><F104/><W89/><REACH who="3" step="1"/><G11/><REACH who="3" ten="237,277,233,243" step="2"/><T103/><D103/><U61/><E10/><V79/><F79/><W115/><G115/><AGARI ba="0,1" hai="14,17,18,20,23,24,28,29,31,114,115,128,129,130" machi="115" ten="50,8000,1" yaku="19,1,34,3,52,1" doraHai="9" who="0" fromWho="3" sc="237,90,277,0,233,0,243,-80" /><INIT seed="4,0,0,3,4,6" ten="327,277,233,163" oya="0" hai0="24,9,15,27,94,100,127,22,78,86,26,55,43" hai1="118,67,0,12,20,2,79,97,101,50,63,54,10" hai2="130,82,56,37,5,14,18,123,83,117,92,46,25" hai3="114,21,76,45,70,64,108,80,106,35,102,29,30"/><T113/><D113/><U90/><E118/><V39/><F123/><W13/><G114/><T65/><D43/><U17/><E79/><V112/><F112/><W128/><G108/><T49/><D65/><U77/><E77/><V53/><F117/><W32/><G128/><T31/><D127/><U41/><E41/><V3/><F130/><W91/><G45/><T16/><D100/><U104/><E90/><V69/><F69/><W134/><G134/><T7/><D31/><U61/><E20/><V1/><F25/><W81/><G91/><N who="0" m="53623" /><D78/><U8/><E63/><V42/><F92/><W62/><G81/><T84/><D84/><U59/><REACH who="1" step="1"/><E8/><REACH who="1" ten="327,267,233,163" step="2"/><V19/><F42/><W72/><G76/><T40/><D40/><U58/><AGARI ba="0,1" hai="0,2,10,12,17,50,54,58,59,61,67,97,101,104" machi="58" ten="20,8000,1" yaku="1,1,2,1,0,1,7,1,52,1,53,0" doraHai="6" doraHaiUra="68" who="1" fromWho="1" sc="327,-40,267,90,233,-20,163,-20" /><INIT seed="5,0,0,3,0,120" ten="287,357,213,143" oya="1" hai0="128,32,11,53,44,78,37,34,8,36,63,17,117" hai1="52,48,50,79,7,26,65,94,20,104,18,25,22" hai2="4,103,5,130,14,125,59,100,76,29,12,114,132" hai3="49,101,106,134,57,74,6,38,56,67,95,129,13"/><U99/><E104/><V77/><F29/><W35/><G38/><T43/><D117/><U89/><E79/><V24/><F24/><W23/><G35/><T96/><D36/><U42/><E7/><V93/><F59/><W85/><G74/><T71/><D78/><U98/><E65/><V82/><F125/><W30/><G106/><T110/><D110/><U112/><E112/><V9/><F132/><W73/><G73/><T31/><D34/><U87/><E42/><V45/><F130/><W41/><G129/><T54/><D31/><U121/><E50/><V80/><F45/><W51/><G57/><T1/><D32/><U39/><E39/><V124/><F124/><W58/><G58/><T107/><D128/><U83/><E121/><V33/><F33/><W111/><G41/><T123/><D123/><U68/><E68/><V126/><F126/><W127/><G111/><T10/><D1/><U81/><E99/><V0/><F114/><W27/><G134/><T16/><D53/><U61/><E87/><V113/><F113/><W109/><G109/><T97/><D54/><U105/><E105/><V102/><F93/><W108/><G108/><T64/><REACH who="0" step="1"/><D96/><REACH who="0" ten="277,357,213,143" step="2"/><U40/><E40/><V69/><F0/><W28/><G28/><T88/><D88/><U19/><E61/><V60/><F60/><N who="3" m="38279" /><G127/><T62/><D62/><U15/><E52/><V2/><F2/><W70/><G70/><T46/><D46/><U84/><E48/><V135/><F135/><W116/><G116/><T66/><D66/><U75/><E98/><V115/><F69/><W21/><G51/><RYUUKYOKU ba="0,1" sc="277,30,357,-10,213,-10,143,-10" hai0="8,10,11,16,17,37,43,44,63,64,71,97,107" /><INIT seed="6,1,1,2,1,54" ten="307,347,203,133" oya="2" hai0="123,84,104,64,70,7,132,56,69,9,14,125,80" hai1="100,111,96,27,55,61,116,115,108,60,107,134,2" hai2="20,44,127,122,129,94,86,8,75,25,120,13,40" hai3="109,10,62,5,15,65,52,47,106,53,12,81,26"/><V23/><F75/><W90/><G106/><T18/><D104/><U131/><E116/><V4/><F127/><W85/><G109/><T45/><D123/><U30/><E2/><V41/><F129/><W135/><G135/><T78/><D125/><U3/><E3/><V89/><F41/><W51/><G26/><T48/><D132/><U102/><E102/><V103/><F103/><W31/><G31/><T42/><D18/><U17/><E134/><V105/><F105/><W83/><G53/><T117/><D117/><U29/><E29/><V38/><REACH who="2" step="1"/><F20/><REACH who="2" ten="307,347,193,133" step="2"/><W0/><REACH who="3" step="1"/><G83/><REACH who="3" ten="307,347,193,123" step="2"/><T79/><REACH who="0" step="1"/><D79/><REACH who="0" ten="297,347,193,123" step="2"/><U49/><E111/><V16/><AGARI ba="1,4" hai="4,8,13,16,23,25,38,40,44,86,89,94,120,122" machi="16" ten="20,12000,1" yaku="1,1,2,1,0,1,7,1,54,1,53,0" doraHai="54" doraHaiUra="24" who="2" fromWho="2" sc="297,-41,347,-41,193,163,123,-41" /><INIT seed="6,2,0,0,1,36" ten="256,306,356,82" oya="2" hai0="72,92,44,112,110,127,48,20,1,101,5,107,34" hai1="115,89,24,70,78,63,122,49,83,85,60,64,40" hai2="66,15,55,27,21,129,82,35,135,47,96,26,51" hai3="50,2,12,118,88,108,69,103,57,97,7,38,30"/><V56/><F135/><W53/><G38/><T9/><D72/><U33/><E115/><V114/><F114/><W81/><G69/><T73/><D34/><U14/><E122/><V65/><F129/><W71/><G71/><T45/><D73/><U46/><E63/><V42/><F35/><W4/><G118/><T113/><D110/><U68/><E68/><V109/><F109/><W8/><G108/><T132/><D107/><U37/><E14/><V99/><F82/><W0/><G7/><T32/><D32/><U74/><E33/><V23/><F15/><W43/><G30/><T116/><D132/><U54/><E24/><V59/><F55/><W62/><G103/><T22/><D116/><U133/><E133/><V95/><F95/><W90/><G0/><T94/><D127/><U106/><E106/><V17/><F56/><W31/><G2/><T39/><D94/><U119/><E119/><V41/><F41/><W86/><G31/><T29/><D29/><U25/><E25/><V76/><F76/><N who="3" m="46375" /><G97/><N who="2" m="37449" /><F59/><W93/><G93/><T79/><D79/><U13/><E13/><V111/><F111/><W18/><G4/><T61/><D92/><U102/><E102/><V11/><F11/><W134/><G134/><T126/><D101/><U124/><E124/><V131/><F131/><W67/><G67/><T130/><D126/><U3/><E3/><V123/><F123/><W125/><G125/><T91/><D130/><U10/><E10/><V100/><F100/><W16/><G18/><AGARI ba="2,0" hai="17,18,21,23,26,27,42,47,51,65,66" m="37449" machi="18" ten="30,2900,0" yaku="8,1,52,1" doraHai="36" who="2" fromWho="3" sc="256,0,306,0,356,35,82,-35" /><INIT seed="6,3,0,3,0,28" ten="256,306,391,47" oya="2" hai0="19,127,13,131,124,93,95,134,78,52,51,84,12" hai1="50,2,74,130,15,32,117,108,63,122,60,44,72" hai2="85,41,100,82,18,47,86,0,26,116,35,102,42" hai3="126,109,54,104,53,75,33,43,92,22,64,11,61"/><V20/><F116/><W132/><G104/><T120/><D120/><U39/><E2/><V46/><F0/><W5/><G75/><T112/><D112/><U87/><E39/><V9/><F9/><W40/><G109/><T37/><D37/><U107/><E107/><V3/><F3/><W97/><G126/><N who="0" m="48171" /><D134/><U65/><E32/><V101/><F35/><W7/><G132/><T73/><D73/><U118/><E63/><V66/><F66/><W48/><G33/><T106/><D106/><U105/><E105/><V59/><F59/><N who="3" m="36927" /><G22/><T113/><D113/><U16/><E108/><V58/><F58/><N who="3" m="33063" /><G54/><T8/><D12/><U125/><E125/><V88/><REACH who="2" step="1"/><F86/><REACH who="2" ten="256,306,381,47" step="2"/><W76/><G11/><T68/><D8/><U57/><E87/><V6/><F6/><W80/><G5/><T128/><D84/><U34/><E34/><V69/><F69/><W30/><G7/><T56/><D68/><U45/><E117/><V98/><F98/><W67/><G67/><T31/><D56/><U91/><E118/><V81/><F81/><W24/><G80/><T129/><D129/><U119/><E130/><V10/><F10/><W17/><G97/><T14/><D128/><U4/><E119/><V114/><F114/><W115/><G115/><T70/><D70/><U55/><E4/><V83/><F83/><W38/><G76/><T79/><D78/><U77/><E77/><V110/><F110/><W21/><G21/><T96/><D79/><U123/><E123/><V103/><N who="2" m="25600" /><DORA hai="99" /><V90/><F90/><W1/><G1/><T71/><D131/><U23/><E91/><RYUUKYOKU ba="3,1" sc="256,-10,306,-10,381,30,47,-10" hai2="18,20,26,41,42,46,47,82,85,88" /><INIT seed="6,4,1,1,1,8" ten="246,296,411,37" oya="2" hai0="15,18,1,81,21,0,22,9,23,124,88,66,10" hai1="106,95,37,48,86,55,63,99,115,132,71,36,110" hai2="51,42,25,121,61,129,102,70,111,98,50,32,7" hai3="20,4,2,84,78,5,93,75,89,52,126,96,127"/><V59/><F121/><W100/><G20/><T97/><D124/><N who="3" m="47657" /><G2/><T133/><D133/><U29/><E106/><V62/><F129/><W30/><G30/><T134/><D134/><U79/><E29/><V35/><F111/><W72/><G52/><T114/><D114/><U13/><E110/><V90/><F90/><W91/><G5/><T131/><D131/><U39/><E115/><V73/><F73/><N who="3" m="28235" /><G4/><T105/><D66/><U11/><E132/><V57/><F7/><W44/><G44/><T119/><D119/><U60/><E71/><V135/><F135/><W26/><G26/><T68/><D68/><U74/><E74/><V130/><F130/><W17/><G17/><T47/><D105/><U87/><E63/><V56/><F42/><W3/><G3/><T54/><D9/><U122/><E60/><V65/><F62/><W82/><AGARI ba="4,1" hai="78,82,84,89,91,93,96,100" m="28235,47657" machi="82" ten="40,5200,0" yaku="18,1,34,2" doraHai="8" who="3" fromWho="3" sc="246,-17,296,-17,411,-30,37,74" /><INIT seed="7,0,0,1,1,43" ten="229,279,381,111" oya="3" hai0="22,105,26,127,64,58,13,2,4,33,123,50,95" hai1="90,31,28,124,55,44,53,37,48,92,93,101,54" hai2="30,16,87,79,125,15,45,17,106,39,78,118,76" hai3="52,24,47,103,70,11,97,133,130,104,69,25,99"/><W129/><G133/><T65/><D105/><U36/><E124/><V122/><F106/><W42/><G99/><T110/><D123/><U81/><E36/><V34/><F125/><W86/><G86/><T126/><D110/><U49/><E37/><V38/><F122/><W74/><G74/><T68/><D68/><N who="3" m="26217" /><G11/><N who="0" m="2455" /><D95/><N who="1" m="36427" /><E101/><V84/><F118/><W9/><G9/><T102/><D102/><U134/><E134/><V18/><F15/><W32/><G32/><T56/><D56/><N who="1" m="32807" /><E54/><V96/><F96/><W128/><G42/><T120/><D120/><U29/><E90/><V112/><F78/><W94/><G104/><T62/><D65/><U27/><E81/><V121/><F18/><W1/><G1/><T111/><D50/><AGARI ba="0,0" hai="24,25,47,50,52,94,97,103,128,129,130" m="26217" machi="50" ten="40,7700,0" yaku="19,1,52,1,54,1" doraHai="43" who="3" fromWho="0" sc="229,-77,279,0,381,0,111,77" /><INIT seed="7,1,0,0,3,62" ten="152,279,381,188" oya="3" hai0="75,98,93,23,61,42,51,15,124,55,91,14,64" hai1="92,52,38,34,127,95,57,99,19,3,31,119,26" hai2="16,121,106,81,88,11,65,126,79,74,10,90,128" hai3="20,123,30,0,129,89,102,69,96,78,130,36,21"/><W113/><G123/><T50/><D75/><U1/><E38/><V46/><F121/><W72/><G0/><T71/><D124/><U77/><E127/><V48/><F126/><W47/><G113/><T110/><D110/><U85/><E19/><V120/><F120/><W109/><G109/><T66/><D66/><U97/><E97/><V133/><F133/><W13/><G69/><T105/><D105/><U117/><E77/><V132/><F132/><W25/><G89/><T118/><D118/><N who="1" m="45067" /><E85/><V73/><F106/><W107/><G13/><T111/><D111/><U56/><E56/><V41/><F128/><N who="3" m="49259" /><G47/><T35/><D35/><U76/><E76/><V131/><F131/><W58/><G36/><T104/><D104/><U12/><E12/><V60/><F10/><W100/><G102/><T9/><D23/><U112/><E112/><V70/><F74/><W59/><G21/><T44/><REACH who="0" step="1"/><D9/><REACH who="0" ten="142,279,381,188" step="2"/><U87/><E34/><V29/><F11/><W53/><G53/><T114/><D114/><U122/><E52/><V82/><F73/><W49/><G72/><T115/><D115/><U37/><E122/><V18/><F41/><W135/><G135/><T68/><D68/><U8/><E8/><V33/><F70/><W45/><G20/><T80/><D80/><U86/><E3/><V108/><F108/><W17/><G107/><T101/><D101/><U22/><E1/><V32/><F32/><W116/><G100/><T24/><D24/><U27/><E26/><V103/><F33/><W5/><G25/><T7/><D7/><U2/><E2/><V63/><F103/><RYUUKYOKU ba="1,1" sc="142,30,279,-10,381,-10,188,-10" hai0="14,15,42,44,50,51,55,61,64,71,91,93,98" owari="172,-33.0,269,7.0,381,48.0,178,-22.0" /></mjloggm>