<mjloggm ver="2.3"><GO type="169" lobby="0"/><UN n0="%E3%81%84%E3%81%AC%E3%81%98%E3%82%83%E3%82%89%EF%BC%94" n1="%E5%B0%B1%E6%B4%BB%E7%94%9F%40%E5%B7%9D%E6%9D%91%E8%BB%8D%E5%9B%A3" n2="%57%6F%6D%62%61%74" n3="%EF%BC%B7%EF%BD%81%EF%BD%8C%EF%BD%8C%EF%BD%99" dan="18,18,16,16" rate="2182.09,2287.41,2095.15,2084.14" sx="M,M,F,M"/><TAIKYOKU oya="0"/><INIT seed="0,0,0,3,1,99" ten="250,250,250,250" oya="0" hai0="45,107,127,34,134,120,50,80,83,117,30,19,64" hai1="18,31,23,9,103,28,6,92,44,29,123,135,52" hai2="39,110,94,96,82,11,122,33,74,8,55,132,0" hai3="54,42,43,121,49,89,130,70,111,91,106,35,57"/><T38/><D117/><U109/><E123/><V116/><F122/><W95/><G106/><T112/><D120/><U47/><E109/><V71/><F110/><W56/><G35/><T104/><D112/><U5/><E135/><V60/><F132/><W41/><G70/><T16/><D134/><U51/><E44/><V72/><F33/><W98/><G130/><T97/><D38/><U86/><E9/><V119/><F39/><W4/><G111/><T69/><D127/><U24/><REACH who="1" step="1"/><E86/><REACH who="1" ten="250,240,250,250" step="2"/><V77/><F11/><W61/><G121/><T58/><D45/><U78/><E78/><V2/><F8/><W128/><G128/><T22/><D34/><U25/><E25/><V90/><F72/><W27/><G27/><T3/><D22/><U81/><E81/><V114/><F114/><W133/><G133/><T73/><D83/><U125/><E125/><V93/><F116/><W48/><G4/><T113/><D80/><U26/><E26/><V65/><F119/><W32/><G32/><T79/><D73/><U63/><E63/><V36/><F36/><W66/><REACH who="3" step="1"/><G49/><REACH who="3" ten="250,240,250,240" step="2"/><T88/><D50/><U10/><E10/><V21/><F21/><W15/><G15/><T14/><D14/><U102/><E102/><AGARI ba="0,2" hai="41,42,43,48,54,56,57,61,66,89,91,95,98,102" machi="102" ten="40,5200,0" yaku="1,1,8,1,52,1,53,0" doraHai="99" doraHaiUra="1" who="3" fromWho="1" sc="250,0,240,-52,250,0,240,72" /><INIT seed="1,0,0,0,1,48" ten="250,188,250,312" oya="1" hai0="129,13,108,73,44,75,119,90,41,97,19,79,16" hai1="96,56,20,115,49,63,74,52,123,21,50,32,67" hai2="78,3,37,124,70,23,126,46,4,84,118,30,43" hai3="33,114,0,35,11,2,68,116,89,77,24,128,58"/><U106/><E32/><V80/><F118/><W45/><G68/><T130/><D119/><U54/><E123/><V5/><F70/><W9/><G116/><T14/><D108/><U18/><E74/><N who="0" m="28169" /><D79/><U102/><E115/><V85/><F85/><W133/><G77/><T69/><D69/><U60/><E67/><V8/><REACH who="2" step="1"/><F5/><REACH who="2" ten="250,188,240,312" step="2"/><W104/><G114/><T86/><D86/><U53/><E21/><V10/><F10/><W127/><G11/><T88/><D130/><U55/><REACH who="1" step="1"/><E60/><REACH who="1" ten="250,178,240,312" step="2"/><V113/><F113/><W22/><G22/><T57/><D129/><U6/><E6/><V82/><F82/><W47/><G33/><T132/><D132/><U101/><E101/><V29/><F29/><W125/><G35/><T122/><D122/><U98/><E98/><V39/><F39/><W112/><G112/><T7/><D97/><U103/><E103/><V83/><F83/><W61/><G133/><T59/><D7/><U94/><E94/><V117/><F117/><W62/><G62/><T121/><D121/><U110/><E110/><V109/><F109/><W134/><G61/><T107/><D19/><U17/><E17/><V42/><F42/><W105/><G128/><T71/><D16/><U93/><E93/><V111/><F111/><W99/><G99/><T26/><D41/><U91/><E91/><V12/><F12/><AGARI ba="0,2" hai="12,18,20,49,50,52,53,54,55,56,63,96,102,106" machi="12" ten="40,18000,2" yaku="1,1,52,4,54,1,53,0" doraHai="48" doraHaiUra="1" who="1" fromWho="2" sc="250,0,178,200,240,-180,312,0" /><INIT seed="1,1,0,5,3,132" ten="250,378,60,312" oya="1" hai0="130,43,126,76,65,48,92,12,44,14,23,66,86" hai1="22,58,24,3,105,47,129,54,67,82,30,45,35" hai2="97,55,5,59,20,88,32,134,102,39,118,112,135" hai3="57,87,113,42,95,131,21,96,61,46,68,90,31"/><U124/><E3/><V91/><F32/><W127/><G131/><T81/><D130/><U50/><E105/><V75/><F118/><W79/><G113/><T34/><D34/><U115/><E115/><V38/><F75/><W93/><G68/><T18/><D126/><U78/><E129/><V64/><F112/><W37/><G79/><T77/><D77/><U104/><E104/><V19/><F64/><W28/><G21/><T36/><D36/><U69/><E124/><V73/><F73/><W89/><REACH who="3" step="1"/><G127/><REACH who="3" ten="250,378,60,302" step="2"/><T15/><REACH who="0" step="1"/><D92/><REACH who="0" ten="240,378,60,302" step="2"/><U8/><E35/><V121/><F134/><W128/><G128/><T74/><D74/><U106/><E106/><V109/><F135/><W26/><G26/><AGARI ba="1,2" hai="12,14,15,18,23,26,43,44,48,65,66,76,81,86" machi="26" ten="40,2600,0" yaku="1,1,8,1,53,0" doraHai="132" doraHaiUra="7" who="0" fromWho="3" sc="240,49,378,0,60,0,302,-29" /><INIT seed="2,0,0,5,5,77" ten="289,378,60,273" oya="2" hai0="116,18,115,111,36,61,132,25,52,81,129,34,85" hai1="29,13,95,27,122,7,58,125,76,4,96,40,84" hai2="68,66,127,31,120,112,73,64,59,89,102,23,83" hai3="15,50,65,134,17,41,86,6,133,45,135,44,97"/><V38/><F120/><W131/><G65/><T128/><D115/><U117/><E117/><V10/><F112/><W101/><G6/><T88/><D116/><U114/><E125/><V1/><F127/><W3/><G3/><T123/><D123/><U12/><E40/><V92/><F38/><W56/><G131/><N who="0" m="50251" /><D36/><U91/><E114/><V99/><F68/><W98/><G56/><N who="0" m="34951" /><D111/><U46/><E46/><V47/><F47/><W121/><G121/><T69/><D69/><U22/><E122/><V108/><F108/><W63/><G63/><T103/><D103/><U5/><E58/><V62/><F66/><W124/><G124/><T43/><D43/><U75/><E75/><V94/><F1/><W35/><G35/><T82/><D132/><U104/><E104/><V72/><F10/><W106/><G45/><T90/><D18/><U71/><E71/><V53/><F53/><W33/><G33/><T49/><D49/><U39/><E39/><V54/><F54/><W130/><G130/><T24/><D34/><U16/><E29/><V60/><F60/><W70/><G70/><T107/><D107/><U2/><E2/><V48/><F48/><W79/><G101/><T51/><D51/><U113/><E113/><V26/><REACH who="2" step="1"/><F83/><AGARI ba="0,0" hai="4,5,7,12,13,16,22,27,76,83,84,91,95,96" machi="83" ten="40,5200,0" yaku="8,1,52,1,54,1" doraHai="77" who="1" fromWho="2" sc="289,0,378,52,60,-52,273,0" /><INIT seed="3,0,0,3,3,119" ten="289,430,8,273" oya="3" hai0="74,32,89,25,109,22,40,118,54,113,124,62,10" hai1="7,29,122,71,45,131,61,41,75,90,100,87,99" hai2="0,59,46,94,105,5,3,98,97,44,56,123,57" hai3="51,120,130,108,117,84,80,1,64,11,107,52,121"/><W102/><G117/><T77/><D118/><U47/><E75/><V116/><F116/><W21/><G64/><T91/><D32/><U135/><E135/><V6/><F94/><W92/><G107/><T13/><D109/><U82/><E131/><V58/><N who="2" m="14336" /><DORA hai="26" /><V19/><F19/><W63/><G63/><T110/><D110/><U85/><E122/><V31/><F31/><W106/><G21/><T69/><D54/><U133/><E133/><V23/><F23/><W83/><G106/><T128/><D40/><U111/><E111/><V65/><F65/><W70/><G70/><T132/><D124/><U134/><E7/><V12/><F12/><W55/><G108/><T112/><D128/><U27/><E87/><V18/><F18/><W79/><G130/><T67/><D132/><U103/><E99/><V72/><F72/><W14/><G83/><N who="0" m="45495" /><D25/><U115/><E115/><N who="0" m="44105" /><D22/><U42/><E134/><V127/><F127/><W53/><G51/><T43/><D43/><U104/><E104/><V9/><F105/><W4/><REACH who="3" step="1"/><G14/><REACH who="3" ten="289,430,8,263" step="2"/><T33/><D33/><U48/><E61/><V24/><F24/><W16/><G16/><AGARI ba="0,1" hai="10,13,16,62,67,69,89,91" m="44105,45495" machi="16" ten="30,2000,0" yaku="11,1,54,1" doraHai="119,26" who="0" fromWho="3" sc="289,30,430,0,8,0,263,-20" /><INIT seed="4,0,0,1,4,95" ten="319,430,8,243" oya="0" hai0="125,9,123,108,116,73,29,75,42,111,12,58,53" hai1="104,127,15,46,87,115,109,119,19,76,31,50,129" hai2="30,23,22,3,94,41,106,14,16,8,61,110,99" hai3="11,36,91,78,32,18,0,33,28,39,57,118,70"/><T54/><D116/><U84/><E104/><V90/><F110/><N who="0" m="42026" /><D123/><U55/><E109/><V24/><F3/><W52/><G70/><T13/><D125/><U132/><E119/><V17/><F106/><W7/><G118/><T74/><D42/><U80/><E129/><V114/><F114/><W66/><G66/><T26/><D58/><U79/><E115/><V65/><F41/><W4/><G4/><N who="0" m="3111" /><D13/><U49/><E31/><V81/><F81/><W1/><G1/><T134/><D134/><U135/><E127/><V59/><F22/><AGARI ba="0,0" hai="22,26,29,53,54,73,74,75" m="3111,42026" machi="22" ten="40,2000,0" yaku="10,1" doraHai="95" who="0" fromWho="2" sc="319,20,430,0,8,-20,243,0" owari="339,14.0,430,53.0,-12,-51.0,243,-16.0" /></mjloggm>