<mjloggm ver="2.3"><GO type="169" lobby="0"/><UN n0="%E3%81%8A%E3%82%80%E3%82%89%E3%81%84%E3%81%99" n1="%E3%81%AB%E3%82%89%E3%82%8C%E3%81%B0" n2="%E3%82%A6%E3%83%AB%E3%83%88%E3%83%A9%E7%AB%8B%E7%9B%B4" n3="%E8%8A%B1%E6%A1%9C%E9%87%8C" dan="16,16,18,16" rate="2114.41,2017.75,2272.11,2108.68" sx="M,M,M,M"/><TAIKYOKU oya="0"/><INIT seed="0,0,0,4,0,92" ten="250,250,250,250" oya="0" hai0="48,29,59,50,134,40,23,20,12,126,104,70,89" hai1="6,25,24,71,109,72,27,122,39,118,44,78,117" hai2="42,52,14,49,83,30,56,13,68,131,132,55,5" hai3="94,130,108,90,33,123,111,8,124,47,112,32,65"/><T100/><D70/><U60/><E122/><V115/><F115/><W113/><G123/><T2/><D2/><U18/><E109/><V31/><F68/><W54/><G65/><T121/><D121/><U67/><E6/><V4/><F131/><W128/><G8/><T101/><D134/><U45/><E18/><V69/><F69/><W86/><G54/><T82/><D126/><U62/><E62/><V79/><F42/><W38/><G47/><T61/><D104/><U58/><E71/><V11/><F132/><W127/><G38/><T57/><D40/><U34/><E34/><V96/><F96/><W63/><G63/><T129/><D61/><U97/><E39/><V73/><F55/><W99/><G86/><T106/><D106/><U75/><E44/><V95/><F95/><W17/><G17/><T114/><D29/><U26/><E45/><V43/><F43/><W21/><G21/><T19/><D114/><N who="3" m="44137" /><G32/><T91/><D19/><U22/><N who="1" m="6144" /><DORA hai="28" /><U41/><E41/><V15/><F15/><W3/><G3/><T37/><D37/><U74/><E22/><V120/><F120/><W133/><G33/><T93/><D93/><U119/><REACH who="1" step="1"/><E97/><REACH who="1" ten="250,240,250,250" step="2"/><V9/><AGARI ba="0,1" hai="4,5,9,11,13,14,30,31,49,52,56,73,79,83" machi="9" ten="30,4000,0" yaku="0,1,9,1,54,1" doraHai="92,28" who="2" fromWho="2" sc="250,-20,240,-10,250,50,250,-10" /><INIT seed="1,0,0,1,1,13" ten="230,230,300,240" oya="1" hai0="44,45,98,41,37,123,114,25,2,27,15,62,135" hai1="88,129,6,12,58,132,124,30,19,29,113,134,48" hai2="61,96,107,22,91,70,52,1,55,99,101,42,51" hai3="133,106,100,94,111,121,64,67,87,33,5,77,0"/><U26/><E113/><V74/><F1/><W76/><G121/><T126/><D2/><U11/><E124/><V109/><F74/><W75/><G33/><T63/><D114/><U93/><E129/><V4/><F4/><W81/><G77/><T28/><D126/><U3/><E48/><V79/><F79/><W95/><G95/><T18/><D135/><N who="1" m="51755" /><E58/><V71/><F109/><W49/><G49/><T8/><D123/><U47/><E47/><V84/><F96/><N who="3" m="61703" /><G111/><T85/><D98/><N who="1" m="57639" /><E26/><V43/><F55/><W56/><G56/><T54/><D85/><U10/><AGARI ba="0,0" hai="3,6,10,11,12,19,29,30" m="57639,51755" machi="10" ten="30,6000,0" yaku="20,1,52,1,54,1" doraHai="13" who="1" fromWho="1" sc="230,-20,230,60,300,-20,240,-20" /><INIT seed="1,1,0,3,3,33" ten="210,290,280,220" oya="1" hai0="53,13,133,49,113,23,107,34,21,98,35,25,28" hai1="89,15,3,106,68,118,30,124,77,32,66,60,10" hai2="92,46,70,91,26,83,86,131,20,87,42,16,128" hai3="134,74,116,105,90,55,37,29,81,1,101,120,108"/><U76/><E118/><V54/><F70/><W94/><G55/><T110/><D113/><U85/><E124/><V45/><F54/><W122/><G29/><T93/><D107/><U59/><E106/><V40/><F46/><W44/><G44/><T22/><D133/><U73/><E73/><V84/><F42/><W127/><G90/><T117/><D110/><U69/><E69/><V115/><F115/><W130/><G94/><T4/><D35/><U104/><E104/><V80/><F80/><W132/><G81/><T78/><D78/><U36/><E36/><V2/><F2/><W41/><G41/><T126/><D126/><U62/><E3/><V96/><REACH who="2" step="1"/><F83/><REACH who="2" ten="210,290,270,220" step="2"/><W63/><G134/><T12/><D117/><U19/><E59/><V47/><F47/><W95/><G63/><T58/><REACH who="0" step="1"/><D4/><REACH who="0" ten="200,290,270,220" step="2"/><U48/><E60/><V57/><F57/><W67/><G132/><T5/><D5/><U121/><E62/><V39/><AGARI ba="1,2" hai="16,20,26,39,40,45,84,86,87,91,92,96,128,131" machi="39" ten="30,4000,0" yaku="1,1,0,1,54,1,53,0" doraHai="33" doraHaiUra="27" who="2" fromWho="2" sc="200,-11,290,-21,270,63,220,-11" /><INIT seed="2,0,0,3,5,44" ten="189,269,333,209" oya="2" hai0="121,5,23,39,28,109,94,74,41,101,62,21,95" hai1="13,59,58,63,76,72,4,91,112,48,55,12,110" hai2="92,40,102,118,86,132,49,89,120,122,133,115,29" hai3="99,42,85,124,80,123,34,81,134,119,113,24,97"/><V106/><F29/><W68/><G123/><T84/><D74/><U20/><E112/><V27/><F27/><W70/><G119/><T32/><D121/><N who="2" m="46698" /><F49/><W65/><G113/><T83/><D32/><U14/><E110/><V18/><F18/><W104/><G104/><T52/><D41/><U96/><E20/><V51/><F51/><W22/><G22/><T114/><D39/><U129/><E129/><V53/><F53/><W135/><G24/><T88/><D28/><U108/><E108/><V31/><F40/><W69/><G42/><T6/><D109/><U3/><E3/><V66/><F66/><W26/><G26/><T131/><D131/><U25/><E25/><V79/><F31/><W127/><G65/><T54/><D114/><U67/><E4/><N who="0" m="1641" /><D62/><U8/><E8/><V56/><F56/><W93/><G34/><T100/><D21/><U90/><E96/><N who="3" m="36938" /><G93/><N who="0" m="35339" /><D23/><U36/><E36/><V61/><F61/><W11/><G85/><T0/><D0/><U98/><E98/><N who="2" m="61783" /><F115/><W130/><G11/><T15/><D15/><U78/><E72/><V1/><F1/><W46/><G46/><T43/><D43/><U64/><E64/><V17/><F118/><W105/><G105/><T116/><D116/><U128/><E128/><V9/><F79/><AGARI ba="0,0" hai="12,13,14,48,55,58,59,63,67,76,78,79,90,91" machi="79" ten="40,2600,0" yaku="8,1,52,1" doraHai="44" who="1" fromWho="2" sc="189,0,269,26,333,-26,209,0" /><INIT seed="3,0,0,4,5,53" ten="189,295,307,209" oya="3" hai0="51,84,75,61,7,15,89,123,105,88,104,108,8" hai1="56,87,122,114,1,93,23,10,44,40,99,118,35" hai2="46,101,133,134,130,9,21,107,52,29,18,55,37" hai3="25,119,54,3,73,65,2,81,96,126,59,121,117"/><W47/><G121/><T19/><D108/><U31/><E122/><V45/><F29/><W70/><G70/><T41/><D75/><U82/><E114/><V32/><F32/><W125/><G96/><T27/><D123/><U132/><E132/><V106/><F9/><W113/><G25/><T124/><D124/><N who="3" m="47721" /><G65/><T102/><D61/><U4/><E35/><V77/><F77/><N who="3" m="44207" /><G47/><T79/><D102/><U100/><E44/><V11/><F11/><W33/><G33/><T95/><D79/><U98/><E10/><V110/><F101/><W26/><G26/><T76/><D76/><U49/><E100/><V109/><F21/><W6/><G6/><T50/><D89/><U115/><E23/><V90/><F18/><W0/><G113/><T38/><D38/><U63/><E4/><V16/><F16/><W43/><G43/><T58/><D41/><U94/><E40/><V67/><F90/><W128/><G128/><T120/><D120/><U12/><E115/><V24/><F24/><W39/><G39/><T112/><D112/><U72/><E99/><V68/><F37/><W111/><G111/><T97/><D97/><U14/><E98/><V42/><F42/><W129/><G129/><T103/><D103/><U83/><E31/><V20/><F130/><W22/><G22/><N who="0" m="13791" /><D58/><U116/><E56/><V13/><F20/><W66/><G66/><T17/><D7/><U86/><E1/><N who="3" m="258" /><W71/><DORA hai="74" /><G71/><T28/><D28/><U91/><E118/><V135/><F135/><W30/><G30/><T57/><D57/><U36/><E116/><V5/><F133/><RYUUKYOKU ba="0,0" sc="189,15,295,-15,307,-15,209,15" hai0="8,15,17,50,51,84,88,95,104,105" hai3="54,59,117,119" /><INIT seed="3,1,0,2,1,65" ten="204,280,292,224" oya="3" hai0="4,91,35,130,12,79,23,59,93,51,29,78,134" hai1="109,47,112,13,36,87,7,80,40,18,105,70,82" hai2="77,133,115,73,48,92,98,1,32,17,132,53,62" hai3="63,121,94,8,41,6,104,58,84,34,14,120,43"/><W37/><G104/><T114/><D134/><U74/><E112/><V108/><F115/><W15/><G34/><T2/><D130/><U113/><E113/><V5/><F32/><W21/><G37/><T52/><D114/><U60/><E105/><V103/><F108/><W124/><G124/><T10/><D35/><U102/><E102/><V3/><F5/><W31/><G121/><T111/><D111/><U131/><E131/><V67/><F17/><W95/><G120/><T127/><D127/><U54/><E7/><V45/><F77/><W101/><G95/><T20/><D2/><U81/><E74/><V26/><F26/><N who="3" m="16847" /><G15/><T118/><D118/><U55/><E109/><V122/><F73/><W129/><G129/><T116/><D116/><U56/><E70/><N who="2" m="42359" /><F122/><W110/><G110/><T11/><D11/><U44/><E44/><V16/><F16/><W76/><G76/><N who="0" m="29227" /><D29/><U9/><REACH who="1" step="1"/><E87/><AGARI ba="1,0" hai="4,10,12,20,23,51,52,59,87,91,93" m="29227" machi="87" ten="30,2000,0" yaku="8,1,54,1" doraHai="65" who="0" fromWho="1" sc="204,23,280,-23,292,0,224,0" /><INIT seed="4,0,0,0,1,8" ten="227,257,292,224" oya="0" hai0="42,92,23,21,108,88,27,54,86,113,101,111,38" hai1="82,68,35,132,51,41,47,118,15,97,77,117,48" hai2="60,104,18,24,79,46,10,72,74,52,112,70,6" hai3="131,106,89,100,30,110,44,122,49,95,36,14,3"/><T75/><D113/><U56/><E132/><V25/><F104/><W32/><G3/><T135/><D135/><U103/><E68/><V99/><F112/><W120/><G36/><T134/><D134/><U130/><E130/><V87/><F99/><W66/><G66/><T73/><D101/><U107/><E35/><V4/><F70/><W31/><G110/><N who="0" m="42027" /><D54/><U67/><E15/><N who="2" m="7543" /><F74/><N who="0" m="28170" /><D27/><N who="2" m="10314" /><F72/><W63/><G100/><T115/><D115/><U126/><E126/><V109/><F109/><W29/><G32/><T64/><D64/><U116/><E67/><V69/><F69/><W128/><G106/><T0/><D0/><U94/><E107/><V34/><F34/><W55/><G63/><T121/><D121/><U57/><REACH who="1" step="1"/><E51/><REACH who="1" ten="227,247,292,224" step="2"/><N who="2" m="28791" /><F60/><W76/><G128/><T125/><D125/><U37/><E37/><V39/><F39/><W1/><G131/><T61/><D61/><U78/><E78/><V81/><AGARI ba="0,1" hai="4,6,79,81,87" m="28791,10314,7543" machi="81" ten="30,4000,0" yaku="8,1,52,1,54,1" doraHai="8" who="2" fromWho="2" sc="227,-20,247,-10,292,50,224,-10" /><INIT seed="5,0,0,0,3,76" ten="207,237,342,214" oya="1" hai0="131,69,133,21,25,31,42,26,68,3,121,98,36" hai1="73,1,112,6,70,32,35,80,111,66,72,122,29" hai2="126,93,46,119,71,62,58,50,59,13,102,28,81" hai3="110,47,117,44,134,96,65,74,92,37,106,94,2"/><U8/><E122/><V132/><F119/><W34/><G65/><T30/><D121/><U7/><E7/><V120/><F120/><W85/><G85/><T87/><D3/><U95/><E95/><V27/><F126/><W39/><G96/><T19/><D133/><U128/><E112/><V43/><F132/><W9/><G9/><T24/><D131/><U103/><E111/><V23/><F71/><W97/><G97/><T75/><D75/><U82/><E103/><V18/><F102/><W48/><G74/><T116/><D98/><U5/><E5/><V63/><F93/><W64/><G64/><T104/><D104/><U53/><E53/><N who="2" m="34159" /><F81/><W115/><G2/><T20/><D116/><U15/><E128/><V16/><F13/><W124/><G106/><T54/><D54/><AGARI ba="0,0" hai="16,18,23,27,28,43,46,50,54,58,63" m="34159" machi="54" ten="30,2000,0" yaku="8,1,54,1" doraHai="76" who="2" fromWho="0" sc="207,-20,237,0,342,20,214,0" /><INIT seed="6,0,0,2,5,55" ten="187,237,362,214" oya="2" hai0="105,36,14,124,4,49,112,18,46,106,76,107,132" hai1="87,7,117,68,108,40,128,99,62,30,13,133,82" hai2="58,121,97,31,10,6,92,114,84,125,90,5,93" hai3="2,135,24,95,109,102,134,119,25,96,81,85,43"/><V129/><F121/><W69/><G109/><T61/><D112/><U116/><E108/><V42/><F114/><W41/><G2/><T28/><D132/><N who="3" m="50729" /><G69/><T3/><D124/><U104/><E128/><V56/><F125/><W113/><G119/><T115/><D115/><U64/><E40/><N who="3" m="15434" /><G113/><T78/><D36/><U32/><E13/><V71/><F71/><W88/><AGARI ba="0,0" hai="24,25,81,85,88,95,96,102" m="15434,50729" machi="88" ten="30,2000,0" yaku="20,1,54,1" doraHai="55" who="3" fromWho="3" sc="187,-5,237,-5,362,-10,214,20" /><INIT seed="7,0,0,5,0,37" ten="182,232,352,234" oya="3" hai0="99,15,13,112,86,62,95,48,88,104,45,38,63" hai1="135,10,58,107,81,57,19,77,114,74,25,55,31" hai2="5,32,54,67,71,60,69,98,105,84,75,4,68" hai3="35,14,109,133,24,30,123,65,111,70,56,29,106"/><W20/><G106/><T1/><D1/><U134/><E114/><V26/><F84/><W34/><G70/><N who="2" m="27241" /><F54/><W108/><G65/><T101/><D38/><U121/><E121/><V41/><F41/><W18/><G56/><T39/><D39/><U22/><E107/><V79/><F79/><W28/><G123/><T85/><D112/><U131/><E131/><V129/><F75/><W92/><G92/><T7/><D86/><U46/><E46/><V124/><F124/><W11/><REACH who="3" step="1"/><G133/><REACH who="3" ten="182,232,352,224" step="2"/><T16/><D7/><AGARI ba="0,1" hai="7,11,14,18,20,24,28,29,30,34,35,108,109,111" machi="7" ten="50,18000,2" yaku="1,1,2,1,10,1,34,3,53,0" doraHai="37" doraHaiUra="94" who="3" fromWho="0" sc="182,-180,232,0,352,0,224,190" owari="2,-50.0,232,-17.0,352,15.0,414,52.0" /></mjloggm>