<mjloggm ver="2.3"><GO type="169" lobby="0"/><UN n0="%E3%83%88%E3%83%88%E3%83%AA%E5%85%88%E7%94%9F%31%39%E6%AD%B3" n1="%74%61%6B%65%64%61%31%32" n2="%6D%69%72%69%72%69" n3="%69%6E%66%6F%31%32%33" dan="19,16,17,16" rate="2306.75,2107.45,2154.22,2122.63" sx="F,M,M,M"/><TAIKYOKU oya="0"/><INIT seed="0,0,0,1,5,80" ten="250,250,250,250" oya="0" hai0="18,45,44,8,39,51,88,66,115,7,85,125,106" hai1="124,58,107,123,42,120,112,95,62,99,135,108,75" hai2="21,55,94,23,61,68,22,30,1,25,48,32,70" hai3="126,97,103,3,89,90,2,49,16,101,110,33,52"/><T116/><D115/><U104/><E108/><V37/><F1/><W122/><G33/><T77/><D116/><U6/><E6/><V43/><F37/><W76/><G110/><T134/><D106/><U96/><E42/><V19/><F43/><W133/><G76/><T82/><D39/><U129/><E129/><V72/><F72/><W36/><G36/><T100/><D134/><U60/><E112/><V86/><F19/><W12/><G133/><T71/><D125/><U79/><E124/><V17/><F17/><W118/><G118/><T93/><D100/><U15/><E15/><V0/><F0/><W81/><G126/><T63/><D18/><U113/><E113/><V117/><F61/><W130/><G122/><T74/><REACH who="0" step="1"/><D51/><REACH who="0" ten="240,250,250,250" step="2"/><U5/><E135/><V35/><F117/><W38/><G38/><T111/><D111/><U59/><E107/><V131/><F131/><W26/><G103/><T105/><D105/><U78/><E104/><V10/><F48/><W4/><G101/><T34/><D34/><U28/><E123/><V29/><F35/><W69/><G49/><T11/><D11/><U13/><E120/><V98/><F10/><W14/><G16/><T114/><D114/><U20/><E5/><V24/><F32/><W102/><G4/><T67/><D67/><U91/><E28/><V9/><F9/><W92/><G130/><T128/><D128/><U121/><E121/><V132/><F132/><W47/><G102/><T46/><D46/><U109/><E20/><V54/><F22/><W40/><G47/><T73/><D73/><U83/><E109/><RYUUKYOKU ba="0,1" sc="240,30,250,-10,250,-10,250,-10" hai0="7,8,44,45,63,66,71,74,77,82,85,88,93" /><INIT seed="0,1,1,3,0,37" ten="270,240,240,240" oya="0" hai0="66,95,84,134,96,12,129,1,112,71,94,5,99" hai1="56,106,80,121,131,21,119,92,123,23,76,48,8" hai2="41,32,104,29,65,49,102,22,53,132,103,10,77" hai3="122,54,87,115,108,81,40,72,120,14,114,78,44"/><T36/><D112/><U135/><E106/><V91/><F32/><W93/><G54/><T17/><D36/><U51/><E131/><V25/><F132/><W3/><G3/><T116/><D116/><U109/><E109/><V111/><F111/><W31/><G108/><T55/><D134/><U63/><E135/><V74/><F104/><W127/><G31/><T126/><D129/><U73/><E119/><V101/><F65/><W47/><G47/><T67/><D126/><U124/><E124/><V38/><F74/><W117/><G117/><T16/><D84/><U118/><E118/><V28/><F77/><W26/><G26/><T50/><D1/><U105/><E105/><V46/><F91/><N who="3" m="53503" /><G14/><T15/><D5/><U59/><E8/><V69/><F69/><W34/><G34/><T60/><D67/><U88/><E21/><V64/><F10/><W45/><G45/><T98/><D15/><U58/><E23/><V128/><F128/><W9/><G9/><T85/><D85/><U90/><E90/><V62/><F29/><W89/><G89/><T133/><D133/><U43/><E63/><V107/><F107/><W27/><G27/><T113/><D113/><N who="3" m="43017" /><G127/><T30/><D30/><U24/><E24/><V61/><REACH who="2" step="1"/><F64/><REACH who="2" ten="270,240,230,240" step="2"/><W57/><G78/><T83/><D83/><U82/><E82/><V52/><F52/><W20/><G81/><T100/><D94/><U125/><E125/><V2/><F2/><W42/><G72/><T0/><D0/><U70/><E80/><V86/><F86/><W130/><G130/><T6/><D95/><U79/><E92/><RYUUKYOKU ba="1,2" sc="270,-10,240,-10,230,30,240,-10" hai2="22,25,28,38,41,46,49,53,61,62,101,102,103" /><INIT seed="1,2,2,5,4,72" ten="260,230,260,230" oya="1" hai0="15,132,28,32,50,126,25,41,70,60,35,101,7" hai1="74,49,116,12,37,71,11,33,77,79,16,124,110" hai2="22,64,69,129,117,59,130,30,6,120,122,92,102" hai3="63,52,54,23,47,39,99,14,84,55,45,112,128"/><U123/><E123/><V111/><F69/><W103/><G112/><T53/><D35/><U86/><E116/><V58/><F117/><W108/><G108/><T105/><D41/><U73/><E37/><V97/><F111/><W24/><G128/><N who="2" m="49257" /><F6/><W68/><G14/><T48/><D132/><U1/><E71/><V75/><F75/><W100/><G39/><T114/><D126/><U87/><E110/><V3/><F3/><W13/><G13/><T18/><D7/><U46/><E33/><V51/><F51/><W65/><G84/><N who="1" m="32298" /><E74/><V91/><F91/><W8/><G8/><T9/><D53/><U36/><E36/><V27/><F59/><W40/><G40/><T118/><D114/><U135/><E135/><V62/><AGARI ba="2,2" hai="22,27,30,58,62,64,92,97,102,120,122" m="49257" machi="62" ten="30,2000,0" yaku="25,1,19,1" doraHai="72" who="2" fromWho="2" sc="260,-7,230,-12,260,46,230,-7" /><INIT seed="2,0,0,3,3,111" ten="253,218,306,223" oya="2" hai0="93,56,7,118,27,35,13,129,29,8,60,52,9" hai1="42,54,23,0,66,110,68,135,12,64,1,19,11" hai2="101,25,125,22,97,72,51,103,82,31,112,130,17" hai3="53,131,117,43,102,73,2,121,94,104,36,120,16"/><V77/><F130/><W84/><G117/><T92/><D129/><U128/><E110/><V44/><F125/><W134/><G131/><T32/><D32/><U67/><E128/><V133/><F133/><W119/><G119/><T65/><D118/><U90/><E135/><V24/><F97/><W75/><G134/><T78/><D78/><U69/><E42/><V115/><F101/><W96/><G2/><T80/><D80/><U61/><E90/><V40/><REACH who="2" step="1"/><F103/><REACH who="2" ten="253,218,296,223" step="2"/><W10/><G96/><T116/><D116/><U49/><E69/><V21/><AGARI ba="0,1" hai="17,21,22,24,25,31,40,44,51,72,77,82,112,115" machi="21" ten="20,24000,3" yaku="1,1,2,1,0,1,7,1,52,2,53,2" doraHai="111" doraHaiUra="20" who="2" fromWho="2" sc="253,-80,218,-80,296,250,223,-80" /><INIT seed="2,1,0,0,3,7" ten="173,138,546,143" oya="2" hai0="22,87,53,124,19,9,0,106,29,114,97,49,110" hai1="99,28,100,67,125,62,94,119,52,44,33,72,57" hai2="121,35,1,38,132,78,86,101,4,6,65,20,10" hai3="80,131,58,68,111,15,82,14,2,96,83,102,50"/><V90/><F38/><W73/><G68/><T48/><D114/><U21/><E119/><V13/><F121/><W27/><G2/><T88/><D110/><U11/><E72/><V17/><F132/><W64/><G111/><T107/><D124/><U104/><E125/><V16/><F65/><W54/><G73/><T63/><D29/><U71/><E44/><V130/><F130/><W8/><G131/><T122/><D122/><U76/><E76/><V46/><F35/><W84/><G64/><T98/><D106/><U108/><E108/><V120/><F78/><W55/><G27/><T31/><D107/><U32/><E11/><V126/><F126/><W37/><G37/><T25/><D63/><U12/><E104/><V39/><F1/><W112/><G112/><T26/><D49/><U61/><REACH who="1" step="1"/><E12/><REACH who="1" ten="173,128,546,143" step="2"/><N who="2" m="9223" /><F46/><W41/><G15/><N who="0" m="7663" /><D0/><U43/><E43/><V51/><F120/><W70/><G41/><T74/><D74/><U103/><E103/><V85/><F101/><W134/><G102/><T60/><D26/><AGARI ba="1,1" hai="21,26,28,32,33,52,57,61,62,67,71,94,99,100" machi="26" ten="40,5200,0" yaku="1,1,54,1,53,1" doraHai="7" doraHaiUra="23" who="1" fromWho="0" sc="173,-55,128,65,546,0,143,0" /><INIT seed="3,0,0,1,4,102" ten="118,193,546,143" oya="3" hai0="115,80,133,89,97,54,87,45,84,131,12,57,22" hai1="21,66,26,73,111,78,105,41,51,82,32,59,6" hai2="81,77,125,65,58,88,39,98,76,103,107,8,99" hai3="30,112,14,13,43,113,118,19,92,91,37,75,134"/><W0/><G118/><T64/><D131/><U67/><E111/><V1/><F39/><W42/><G0/><T24/><D133/><U72/><E72/><V38/><F38/><W108/><G75/><T126/><D126/><U34/><E6/><V119/><F119/><W25/><G134/><T53/><D115/><U5/><E5/><V27/><F8/><W7/><G108/><T116/><D12/><U128/><E105/><V4/><F4/><W60/><G7/><T55/><D116/><U10/><E10/><V69/><F69/><W100/><G100/><T74/><D74/><U46/><E128/><V11/><F11/><W52/><G37/><T86/><D45/><U101/><E101/><V94/><F125/><W121/><G121/><T122/><D122/><U47/><E47/><V62/><F1/><W79/><G79/><T17/><REACH who="0" step="1"/><D97/><REACH who="0" ten="108,193,546,143" step="2"/><U93/><E46/><V129/><F129/><W18/><G13/><T23/><D23/><U83/><E21/><V104/><F99/><N who="3" m="57759" /><G14/><T20/><D20/><U28/><E34/><V132/><F132/><W15/><G15/><T2/><D2/><U95/><E73/><V48/><F98/><W29/><G113/><T70/><D70/><U63/><E32/><V110/><F110/><W50/><G112/><T3/><D3/><U61/><E26/><V44/><F27/><W56/><G25/><T96/><D96/><U106/><E28/><N who="3" m="10858" /><G42/><T117/><D117/><U135/><E41/><N who="2" m="24591" /><F103/><W90/><G90/><T9/><D9/><U68/><E68/><V124/><F124/><W127/><G127/><T35/><D35/><RYUUKYOKU ba="0,1" sc="108,15,193,-15,546,-15,143,15" hai0="17,22,24,53,54,55,57,64,80,84,86,87,89" hai3="18,19,43,50,52,56,60" /><INIT seed="3,1,1,0,4,46" ten="123,178,531,158" oya="3" hai0="102,4,132,49,96,89,41,64,94,38,105,5,42" hai1="123,108,22,78,81,15,6,33,44,90,60,77,56" hai2="25,119,135,19,67,95,126,113,37,86,98,32,23" hai3="59,45,127,129,71,20,53,21,7,16,48,27,92"/><W24/><G71/><T8/><D38/><U117/><E33/><V51/><F37/><W125/><G129/><T131/><D131/><U107/><E108/><V110/><F110/><W75/><G75/><T52/><D132/><U115/><E115/><V134/><F119/><W97/><G7/><T14/><D64/><U58/><E107/><V30/><F113/><W91/><REACH who="3" step="1"/><G45/><REACH who="3" ten="123,178,531,148" step="2"/><T29/><D5/><U57/><E117/><V68/><F68/><W120/><G120/><T55/><D29/><AGARI ba="1,2" hai="16,20,21,24,27,29,48,53,59,91,92,97,125,127" machi="29" ten="40,7700,0" yaku="1,1,52,1,54,1,53,0" doraHai="46" doraHaiUra="100" who="3" fromWho="0" sc="123,-80,178,0,531,0,148,100" /><INIT seed="3,2,0,5,1,47" ten="43,178,531,248" oya="3" hai0="133,39,34,57,129,63,112,93,98,41,130,75,52" hai1="127,104,28,106,51,43,101,103,99,77,105,8,9" hai2="31,110,88,85,15,83,134,26,42,79,89,122,40" hai3="125,7,107,84,72,58,33,120,54,2,61,27,65"/><W21/><G72/><T121/><D121/><U123/><E123/><V22/><F110/><W19/><G120/><T5/><D75/><U44/><E127/><V25/><F134/><W59/><G125/><T118/><D118/><U11/><E77/><V94/><F122/><W67/><G107/><T1/><D34/><U78/><E78/><V114/><F114/><W53/><G33/><T80/><D133/><U48/><E28/><V113/><F113/><W132/><G132/><T50/><D112/><U109/><E109/><V108/><F108/><W37/><G37/><T14/><D1/><U82/><E82/><V30/><F15/><W117/><G117/><T17/><D5/><U66/><E66/><V3/><F3/><W97/><G97/><T6/><D6/><U60/><E60/><V36/><F36/><W86/><G7/><T68/><D80/><U71/><E71/><V64/><F64/><N who="3" m="24651" /><G2/><T24/><D24/><U128/><E128/><N who="0" m="49257" /><D68/><U38/><E105/><V87/><F79/><W46/><G46/><N who="0" m="23871" /><D93/><U20/><E20/><AGARI ba="2,0" hai="20,22,25,26,30,31,40,42,83,85,87,88,89,94" machi="20" ten="30,7700,0" yaku="7,1,9,1,8,1,54,1" doraHai="47" who="2" fromWho="1" sc="43,0,178,-83,531,83,248,0" /><INIT seed="4,0,0,2,2,85" ten="43,95,614,248" oya="0" hai0="64,7,30,73,107,27,40,47,106,33,129,3,131" hai1="121,88,36,97,14,63,122,13,11,78,37,84,20" hai2="119,87,123,104,101,90,99,96,114,29,22,127,110" hai3="49,82,81,16,38,53,24,115,124,65,4,54,28"/><T69/><D73/><U89/><E78/><V130/><F29/><W41/><G115/><T34/><D34/><U52/><E20/><V103/><F22/><W117/><G117/><T72/><D72/><U59/><E97/><V93/><F114/><W46/><G124/><T23/><D23/><U8/><E13/><V58/><F127/><W31/><G4/><T25/><D25/><U102/><E102/><V6/><F6/><W45/><G65/><T128/><D64/><U44/><E11/><V56/><F110/><W75/><G16/><T71/><D7/><U32/><E32/><V57/><F123/><W91/><G54/><T125/><D3/><U135/><E135/><V113/><F113/><W118/><G118/><T76/><D76/><U60/><E89/><V21/><F130/><W17/><G17/><T112/><D112/><U43/><E60/><V133/><F133/><W98/><G75/><T77/><D77/><U10/><E10/><V15/><F119/><W68/><G68/><N who="0" m="26187" /><D125/><U67/><E67/><V95/><F21/><W50/><G31/><T86/><D86/><U70/><E70/><V18/><F18/><W1/><G1/><T26/><D26/><U39/><E121/><V116/><F116/><W35/><G38/><AGARI ba="0,0" hai="27,30,33,38,40,47,106,107,128,129,131" m="26187" machi="38" ten="40,3900,0" yaku="19,1,23,1" doraHai="85" who="0" fromWho="3" sc="43,39,95,0,614,0,248,-39" /><INIT seed="4,1,0,3,3,71" ten="82,95,614,209" oya="0" hai0="81,48,30,85,53,4,115,12,77,43,36,0,97" hai1="20,101,31,122,72,135,123,79,134,98,33,112,1" hai2="65,6,15,57,66,125,55,14,27,10,83,124,44" hai3="110,47,28,130,16,106,88,32,42,2,87,60,46"/><T75/><D115/><U41/><E1/><V132/><F132/><N who="1" m="50729" /><E33/><V76/><F44/><W64/><G2/><T80/><D0/><U113/><E41/><V56/><F15/><W84/><G110/><T54/><D30/><U119/><E31/><V39/><F39/><W68/><G106/><T129/><D129/><U86/><E72/><V93/><F93/><W90/><G130/><T102/><D36/><U17/><E119/><V127/><F27/><W37/><G46/><N who="0" m="25695" /><D80/><N who="1" m="47391" /><E17/><V5/><F5/><W100/><G28/><T118/><D75/><U96/><E20/><V11/><F11/><W67/><G32/><T133/><D133/><U104/><E98/><V99/><F99/><W91/><G100/><T94/><D118/><U26/><E26/><V105/><F105/><W18/><REACH who="3" step="1"/><G64/><REACH who="3" ten="82,95,614,199" step="2"/><T24/><D24/><U45/><E45/><V82/><F66/><W109/><G109/><T120/><D120/><AGARI ba="1,1" hai="96,101,104,112,113,120,122,123" m="47391,50729" machi="120" ten="40,5200,0" yaku="20,1,34,2" doraHai="71" who="1" fromWho="0" sc="82,-55,95,65,614,0,199,0" /><INIT seed="5,0,0,4,0,74" ten="27,160,614,199" oya="1" hai0="76,48,121,123,129,52,47,83,7,26,60,116,63" hai1="82,37,110,75,1,29,58,89,38,90,125,23,57" hai2="79,131,55,25,66,68,77,102,113,117,45,101,13" hai3="124,21,49,59,73,71,16,133,39,80,35,134,84"/><U8/><E110/><V54/><F117/><W100/><G39/><T2/><D116/><U15/><E1/><V27/><F66/><W94/><G71/><T0/><D129/><U51/><E125/><V34/><F68/><W41/><G35/><T132/><D132/><U50/><E75/><V119/><F119/><W128/><G128/><T107/><D107/><U86/><E89/><V104/><F104/><W96/><G73/><T114/><D114/><U24/><E38/><V85/><F85/><W88/><G124/><T108/><D26/><U97/><E97/><V11/><F113/><W92/><G41/><T81/><D81/><U98/><E98/><V99/><F34/><W70/><G70/><T115/><D108/><U61/><E37/><V5/><F131/><W105/><G49/><T30/><D30/><U127/><E58/><V14/><F14/><N who="3" m="9367" /><G59/><T40/><D115/><U103/><E103/><V72/><F72/><W122/><G122/><N who="0" m="46603" /><D40/><U10/><E10/><V65/><F65/><W126/><G126/><T44/><D44/><U4/><REACH who="1" step="1"/><E127/><REACH who="1" ten="27,150,614,199" step="2"/><V36/><F36/><W130/><G130/><T91/><D91/><U135/><E135/><AGARI ba="0,1" hai="80,84,88,92,94,96,100,105,133,134,135" m="9367" machi="135" ten="30,3900,0" yaku="20,1,54,2" doraHai="74" who="3" fromWho="1" sc="27,0,150,-39,614,0,199,49" /><INIT seed="6,0,0,5,0,0" ten="27,111,614,248" oya="2" hai0="132,89,33,46,73,82,108,32,34,66,98,64,96" hai1="123,21,2,67,124,56,81,79,31,43,105,28,76" hai2="42,95,102,77,121,5,92,60,120,84,80,101,38" hai3="23,97,134,126,58,110,48,63,25,57,18,122,114"/><V133/><F38/><W29/><G110/><T27/><D108/><U116/><E116/><V135/><F42/><W45/><G122/><T72/><D132/><N who="2" m="50762" /><F5/><W59/><G126/><T36/><D36/><U65/><E2/><V39/><F39/><W6/><G134/><T112/><D46/><U26/><E123/><V130/><F60/><W3/><G114/><T62/><D112/><U17/><E105/><V109/><F109/><W16/><G6/><T51/><D51/><U129/><E129/><V8/><F8/><W93/><G63/><T74/><D62/><U15/><E43/><V1/><F1/><W85/><G85/><T37/><D37/><U94/><E56/><V103/><F130/><W117/><G117/><T78/><D27/><U13/><E94/><AGARI ba="0,0" hai="77,80,84,92,94,95,101,102,103,120,121" m="50762" machi="94" ten="30,5800,0" yaku="20,1,34,2" doraHai="0" who="2" fromWho="1" sc="27,0,111,-58,614,58,248,0" /><INIT seed="6,1,0,0,3,41" ten="27,53,672,248" oya="2" hai0="129,29,7,90,105,38,47,119,19,121,37,43,122" hai1="106,36,30,61,132,80,40,84,15,79,100,131,32" hai2="2,92,57,95,99,94,6,128,125,58,65,60,50" hai3="46,8,21,93,91,85,81,123,25,33,67,78,74"/><V75/><F75/><W48/><G123/><T133/><D133/><U76/><E132/><V83/><F2/><W68/><G33/><T49/><D129/><U11/><E131/><V35/><F35/><W13/><G67/><T127/><D127/><U73/><E100/><V17/><F6/><W116/><G68/><T55/><D119/><U5/><E106/><V87/><F125/><W45/><G48/><T124/><D124/><U20/><E32/><V23/><F128/><W26/><G116/><T97/><D29/><U130/><E130/><V72/><F72/><W14/><G26/><T98/><D7/><U22/><E61/><V69/><F99/><N who="3" m="57791" /><G74/><T18/><D98/><U86/><E73/><V113/><F69/><W120/><G120/><T110/><D110/><U96/><E96/><V111/><F111/><W62/><G62/><T117/><D117/><U77/><E30/><V59/><F50/><W114/><G114/><T126/><D126/><U112/><E112/><V66/><F60/><W107/><G107/><T103/><D90/><U82/><E77/><V1/><F113/><W16/><G13/><T70/><D70/><U89/><E89/><V104/><F1/><W54/><G54/><T118/><D118/><U134/><E134/><V53/><F53/><W12/><G12/><T34/><D34/><U0/><E0/><V101/><F104/><W44/><G44/><AGARI ba="1,0" hai="5,11,15,20,22,36,40,44,76,79,80,82,84,86" machi="44" ten="40,2600,0" yaku="9,1,52,1" doraHai="41" who="1" fromWho="3" sc="27,0,53,29,672,0,248,-29" /><INIT seed="7,0,0,0,0,128" ten="27,82,672,219" oya="3" hai0="125,129,115,124,39,16,80,107,28,30,126,54,84" hai1="83,106,93,0,19,26,88,23,11,99,110,133,95" hai2="85,47,97,130,9,25,53,131,73,94,118,74,78" hai3="7,104,68,103,13,134,92,70,37,14,101,38,36"/><W44/><G104/><T6/><D107/><U51/><E133/><V43/><F118/><W4/><G134/><T119/><D119/><U49/><E106/><V50/><F25/><W52/><G92/><T59/><D129/><N who="2" m="49162" /><F9/><W42/><G52/><T55/><D39/><U34/><E34/><V20/><F20/><W123/><G44/><T102/><D102/><N who="3" m="38921" /><G42/><T21/><D6/><N who="3" m="2089" /><G123/><T27/><D115/><U98/><E83/><N who="2" m="47351" /><F43/><W56/><G56/><T67/><D67/><U132/><E132/><V81/><F81/><W60/><G60/><T135/><D135/><U58/><E110/><V89/><AGARI ba="0,0" hai="47,50,53,73,74,89,94,97" m="47351,49162" machi="89" ten="30,1100,0" yaku="19,1" doraHai="128" who="2" fromWho="2" sc="27,-3,82,-3,672,11,219,-5" owari="24,-48.0,79,-32.0,683,79.0,214,1.0" /></mjloggm>