<mjloggm ver="2.3"><GO type="169" lobby="0"/><UN n0="%79%75%6D%69%63%63%68%69" n1="%E3%81%86%E3%81%91%E3%81%AA%E3%81%8C%E3%81%99%E3%81%9C" n2="%E6%98%9F%E9%99%8D%E3%82%8B%E8%A1%97" n3="%E5%B0%B1%E6%B4%BB%E7%94%9F%40%E5%B7%9D%E6%9D%91%E8%BB%8D%E5%9B%A3" dan="16,17,16,18" rate="2130.78,2194.11,2135.96,2292.45" sx="M,F,F,M"/><TAIKYOKU oya="0"/><INIT seed="0,0,0,2,2,62" ten="250,250,250,250" oya="0" hai0="109,61,88,24,47,135,118,33,78,129,112,110,121" hai1="20,60,39,104,117,133,63,3,10,2,68,99,84" hai2="89,28,40,71,49,96,43,126,14,31,80,132,87" hai3="23,16,29,122,101,64,45,94,26,119,6,41,48"/><T76/><D112/><U5/><E117/><V18/><F132/><W95/><G119/><T8/><D118/><U4/><E39/><V9/><F71/><W21/><G122/><T11/><D121/><U17/><E133/><V7/><F126/><W66/><G6/><T67/><D135/><U56/><E84/><V91/><F7/><W90/><G101/><T81/><D47/><U69/><E63/><V35/><F35/><W105/><G105/><T15/><D129/><U128/><E128/><V98/><F98/><N who="3" m="57687" /><G95/><T92/><D24/><AGARI ba="0,0" hai="16,21,23,24,26,29,41,45,48,64,66" m="57687" machi="24" ten="30,7700,0" yaku="8,1,52,2,54,1" doraHai="62" who="3" fromWho="0" sc="250,-77,250,0,250,0,250,77" /><INIT seed="1,0,0,4,0,122" ten="173,250,250,327" oya="1" hai0="13,109,30,52,34,94,6,12,9,62,110,20,31" hai1="101,26,33,61,98,25,111,79,19,65,5,103,80" hai2="70,104,129,93,118,97,67,106,134,68,50,58,120" hai3="3,39,38,135,85,117,115,112,133,124,69,43,107"/><U92/><E5/><V27/><F120/><W125/><G3/><T11/><D34/><U18/><E103/><V2/><F2/><W54/><G107/><T21/><D94/><U8/><E111/><N who="0" m="42505" /><D62/><U108/><E108/><V87/><F87/><W16/><G85/><T28/><D52/><U128/><E128/><V116/><F93/><W132/><G69/><T41/><D41/><U36/><E36/><N who="3" m="13866" /><G117/><T45/><D45/><U105/><E105/><V59/><F27/><W35/><G35/><T95/><D95/><U83/><E26/><V57/><F129/><W15/><G43/><T63/><D63/><U131/><E131/><V37/><F37/><W51/><G51/><T7/><AGARI ba="0,0" hai="6,7,9,11,12,13,20,21,28,30,31" m="42505" machi="7" ten="30,12000,2" yaku="14,1,34,2,52,3" doraHai="122" who="0" fromWho="0" sc="173,120,250,-60,250,-30,327,-30" /><INIT seed="2,0,0,5,4,124" ten="293,190,220,297" oya="2" hai0="123,60,30,107,118,26,84,86,81,20,47,7,104" hai1="12,23,133,79,99,96,129,64,87,113,41,45,120" hai2="94,98,8,27,135,97,9,101,67,42,132,102,117" hai3="109,1,22,50,63,52,4,82,128,100,90,126,110"/><V58/><F117/><W77/><G126/><T38/><D123/><U29/><E120/><V17/><F42/><W76/><G100/><T65/><D118/><U69/><E113/><V37/><F37/><W3/><G63/><T57/><D7/><U51/><E133/><N who="2" m="51275" /><F67/><W43/><G43/><T59/><D38/><U80/><E69/><V122/><F58/><W130/><G90/><T18/><D47/><U62/><E129/><N who="3" m="49770" /><G22/><T85/><D81/><U44/><E44/><V54/><F54/><W36/><G36/><T127/><D127/><U105/><E105/><N who="2" m="63663" /><F122/><W108/><G4/><T48/><D107/><U83/><E62/><V40/><F40/><W66/><G66/><T55/><D104/><U74/><E64/><V10/><F27/><W56/><G77/><T114/><D114/><U73/><E41/><V35/><F35/><W13/><G13/><AGARI ba="0,0" hai="8,9,10,13,17,94,98,102" m="63663,51275" machi="13" ten="30,1500,0" yaku="20,1" doraHai="124" who="2" fromWho="3" sc="293,0,190,0,220,15,297,-15" /><INIT seed="2,1,0,0,1,134" ten="293,190,235,282" oya="2" hai0="36,59,54,73,87,106,58,31,27,17,30,26,12" hai1="21,57,82,49,40,123,22,1,53,119,62,125,85" hai2="7,71,105,15,39,55,34,113,107,20,66,10,35" hai3="109,114,64,42,127,45,51,90,122,128,28,86,95"/><V92/><F113/><W101/><G122/><T25/><D73/><U74/><E119/><V94/><F39/><W117/><G117/><T118/><D106/><U23/><E123/><V56/><F66/><W93/><G109/><T9/><D36/><U16/><E1/><V3/><F71/><W88/><G128/><T111/><D111/><U33/><E33/><V29/><F105/><W0/><G0/><T52/><D118/><U131/><E74/><V110/><F107/><W2/><G2/><T100/><D100/><U96/><E96/><V47/><F47/><W44/><G101/><T63/><REACH who="0" step="1"/><D87/><REACH who="0" ten="283,190,235,282" step="2"/><U8/><E131/><V121/><F110/><W129/><G114/><T102/><D102/><U48/><E40/><V18/><F121/><W133/><G129/><T98/><D98/><U41/><E41/><V79/><F79/><W108/><G108/><T4/><D4/><U65/><E125/><V99/><F99/><W80/><G86/><T37/><D37/><U112/><E112/><V14/><F35/><W32/><G42/><T97/><D97/><U103/><E103/><V38/><F38/><W83/><G32/><T120/><D120/><U60/><E85/><V69/><F69/><W61/><G127/><T89/><D89/><U124/><E124/><V13/><F94/><W50/><G133/><T76/><D76/><U84/><E84/><V70/><F92/><W77/><G77/><T67/><D67/><U24/><E82/><V68/><F70/><W75/><G64/><T135/><D135/><U116/><E116/><V6/><F68/><W104/><G75/><RYUUKYOKU ba="1,1" sc="283,30,190,-10,235,-10,282,-10" hai0="9,12,17,25,26,27,30,31,52,54,58,59,63" /><INIT seed="3,2,1,2,1,79" ten="313,180,225,272" oya="3" hai0="111,113,68,127,94,82,129,135,67,114,126,62,56" hai1="64,21,43,29,48,110,95,26,12,23,97,125,109" hai2="101,102,0,85,63,11,42,18,112,58,99,75,53" hai3="49,13,123,39,32,65,14,17,96,84,51,7,86"/><W38/><G32/><T80/><D111/><N who="1" m="42507" /><E64/><V5/><F75/><W20/><G123/><T44/><D135/><U55/><E43/><V27/><F112/><N who="0" m="43114" /><D129/><U1/><E1/><V2/><F42/><W81/><G65/><T130/><D130/><U122/><E125/><N who="0" m="47625" /><D44/><N who="1" m="28039" /><E122/><V6/><F99/><W31/><G96/><T103/><D68/><U131/><E131/><V40/><F40/><W57/><G31/><T70/><D70/><U77/><E77/><V90/><F5/><W116/><G116/><T71/><D71/><U52/><E52/><V4/><F6/><W25/><G57/><T72/><D72/><U15/><E23/><V118/><F0/><W89/><G39/><T46/><D46/><U107/><E107/><V45/><F45/><W69/><G69/><T9/><D9/><U128/><E128/><V28/><F118/><W100/><G38/><T3/><D3/><U74/><E74/><V50/><F2/><W41/><G41/><T35/><D35/><U106/><E106/><V33/><F33/><W124/><G124/><T92/><D103/><AGARI ba="2,1" hai="12,15,21,26,29,95,97,103" m="28039,42507" machi="103" ten="30,1000,0" yaku="14,1" doraHai="79" who="1" fromWho="0" sc="313,-16,180,26,225,0,272,0" /><INIT seed="4,0,0,3,5,71" ten="297,206,225,272" oya="0" hai0="72,91,0,50,133,35,27,132,19,80,129,84,97" hai1="104,12,32,74,116,41,44,98,121,16,88,89,26" hai2="55,100,130,38,61,113,57,47,75,96,106,134,99" hai3="28,42,4,120,93,109,14,78,107,34,62,135,103"/><T70/><D70/><U11/><E74/><V118/><F75/><W101/><G107/><T128/><D0/><U17/><E121/><V45/><F118/><W94/><G109/><T123/><D123/><U114/><E116/><V110/><F110/><W10/><G135/><N who="0" m="51787" /><D72/><U6/><E114/><V33/><F33/><W126/><G126/><T20/><D35/><U60/><E60/><V51/><F134/><W67/><G42/><T81/><D97/><U85/><E104/><V29/><F29/><W53/><G120/><T95/><D50/><N who="1" m="26895" /><E32/><V108/><F108/><W63/><G78/><T39/><D39/><U105/><E105/><V69/><F130/><AGARI ba="0,0" hai="19,20,27,80,81,84,91,95,128,129,130" m="51787" machi="130" ten="30,2900,0" yaku="19,1,20,1" doraHai="71" who="0" fromWho="2" sc="297,29,206,0,225,-29,272,0" /><INIT seed="4,1,0,4,4,60" ten="326,206,196,272" oya="0" hai0="115,48,28,56,58,83,100,41,34,18,44,26,0" hai1="96,105,57,27,91,47,113,10,133,14,64,21,33" hai2="74,38,89,29,131,53,107,42,25,123,92,65,22" hai3="135,114,45,15,11,116,118,71,87,132,119,79,77"/><T68/><D0/><U16/><E133/><N who="3" m="51274" /><G71/><T23/><D68/><U51/><E33/><V90/><F107/><W130/><G130/><T120/><D120/><U86/><E105/><V99/><F74/><W63/><G114/><T127/><D115/><U72/><E72/><V1/><F1/><W62/><G45/><T73/><D127/><U46/><E96/><V54/><F123/><W6/><G87/><T32/><D100/><U31/><E113/><V59/><F131/><W76/><AGARI ba="1,0" hai="6,11,15,62,63,76,77,79,116,118,119" m="51274" machi="76" ten="40,1500,0" yaku="20,1" doraHai="60" who="3" fromWho="3" sc="326,-8,206,-5,196,-5,272,18" /><INIT seed="5,0,0,1,3,41" ten="318,201,191,290" oya="1" hai0="89,129,56,27,66,132,103,102,63,133,18,135,25" hai1="126,20,121,19,104,14,31,65,36,122,130,3,68" hai2="23,95,81,12,124,98,1,82,30,21,109,100,24" hai3="49,115,40,50,88,131,44,15,69,73,112,58,92"/><U38/><E104/><V6/><F1/><W42/><G73/><T93/><D129/><U128/><E68/><V34/><F109/><W110/><G69/><T70/><D70/><U54/><E3/><V39/><F124/><W111/><G131/><N who="1" m="50218" /><E126/><V99/><F39/><N who="1" m="14889" /><E65/><V123/><F123/><N who="1" m="47113" /><E54/><V101/><F34/><W86/><G15/><T22/><REACH who="0" step="1"/><D27/><REACH who="0" ten="308,201,191,290" step="2"/><U60/><E60/><V2/><F2/><W59/><G110/><T91/><D91/><U108/><E108/><V127/><F127/><W125/><G111/><T62/><D62/><U28/><AGARI ba="0,1" hai="14,19,20,28,31" m="47113,14889,50218" machi="28" ten="40,2100,0" yaku="19,1" doraHai="41" who="1" fromWho="1" sc="308,-7,201,31,191,-7,290,-7" /><INIT seed="5,1,0,0,4,71" ten="301,232,184,283" oya="1" hai0="45,111,22,82,39,86,83,78,120,31,133,25,61" hai1="128,104,18,36,23,103,34,102,62,17,28,54,119" hai2="0,105,40,1,92,115,38,19,70,30,7,85,37" hai3="55,14,95,108,32,49,63,77,35,21,99,113,117"/><U27/><E119/><V130/><F105/><W33/><G108/><T72/><D111/><U88/><E128/><V118/><F70/><W127/><G113/><T126/><D133/><U29/><E36/><V68/><F68/><W3/><G3/><T94/><D126/><U93/><E104/><V51/><F118/><W56/><G127/><T43/><D120/><U73/><E73/><V122/><F122/><W100/><G77/><T97/><D61/><U101/><E18/><V74/><F74/><W65/><G117/><T44/><D44/><U53/><E34/><V41/><F30/><N who="1" m="11881" /><E62/><V11/><F0/><W81/><G81/><T5/><D5/><U80/><E80/><V8/><F115/><W125/><G125/><T60/><D60/><U16/><E17/><V89/><F130/><W112/><G112/><T42/><D42/><U106/><E106/><V24/><F41/><W91/><G14/><T116/><D116/><U87/><AGARI ba="1,0" hai="16,23,27,53,54,87,88,93,101,102,103" m="11881" machi="87" ten="30,6000,0" yaku="8,1,54,2" doraHai="71" who="1" fromWho="1" sc="301,-21,232,63,184,-21,283,-21" /><INIT seed="5,2,0,1,4,82" ten="280,295,163,262" oya="1" hai0="16,59,43,99,90,68,85,117,123,2,91,36,8" hai1="101,88,105,72,9,132,1,107,26,78,22,98,12" hai2="100,0,41,118,66,130,110,126,135,7,29,75,56" hai3="4,79,11,58,10,15,108,93,45,109,6,53,115"/><U37/><E37/><V113/><F100/><W77/><G115/><T35/><D35/><U124/><E124/><V133/><F29/><W134/><G134/><T122/><D68/><U62/><E1/><V70/><F56/><W57/><G45/><T120/><D117/><U87/><E107/><V39/><F7/><W55/><G93/><T32/><D32/><U23/><E62/><V86/><F86/><W121/><REACH who="3" step="1"/><G15/><REACH who="3" ten="280,295,163,252" step="2"/><N who="0" m="7271" /><D2/><U46/><E46/><V103/><F41/><W33/><G33/><T64/><D43/><U48/><E132/><V20/><F135/><W112/><G112/><T83/><D36/><U50/><E26/><V24/><F24/><W28/><G28/><T38/><D38/><U81/><E23/><V128/><F20/><W60/><G60/><N who="0" m="37919" /><D99/><U89/><E22/><V95/><F95/><W44/><G44/><T19/><D19/><U74/><E50/><V63/><F63/><W5/><G5/><T42/><D42/><U34/><E48/><V106/><F103/><W67/><G67/><T3/><D3/><U69/><E34/><V92/><F66/><W84/><G84/><T102/><D102/><U61/><E61/><V127/><F92/><W111/><G111/><T31/><D31/><U51/><E51/><V104/><F127/><W97/><G97/><T49/><D49/><U40/><E40/><V116/><F106/><W18/><G18/><T25/><D25/><U54/><E105/><V21/><F118/><W71/><G71/><T76/><AGARI ba="2,1" hai="76,83,85,90,91,120,122,123" m="37919,7271" machi="76" ten="30,4000,0" yaku="13,1,52,1,54,1" doraHai="82" who="0" fromWho="0" sc="280,56,295,-22,163,-12,252,-12" /><INIT seed="6,0,0,2,0,99" ten="336,273,151,240" oya="2" hai0="3,89,92,128,39,1,67,100,104,122,116,7,113" hai1="106,95,73,81,86,60,28,87,118,64,59,5,101" hai2="31,61,24,98,70,54,10,38,72,29,2,79,109" hai3="18,88,124,83,27,62,107,80,26,13,11,127,120"/><V46/><F109/><W117/><G117/><T6/><D122/><U57/><E118/><V108/><F108/><W130/><G107/><T22/><D39/><U66/><E106/><V74/><F74/><W75/><G120/><T32/><D32/><U125/><E125/><N who="3" m="48202" /><G130/><T121/><D121/><U23/><E5/><N who="2" m="1335" /><F24/><N who="3" m="9259" /><G75/><T48/><D104/><U134/><E134/><V91/><F91/><W55/><G88/><T20/><D89/><U131/><E131/><V53/><F98/><W115/><G115/><T65/><D113/><U30/><E23/><V4/><F4/><W21/><G21/><T63/><D128/><U71/><E71/><V119/><F119/><W129/><G129/><T114/><D116/><U123/><E73/><V90/><F90/><W19/><G19/><T112/><D114/><U135/><E135/><V78/><F78/><W105/><G105/><T17/><D17/><U0/><E123/><V44/><F29/><W58/><AGARI ba="0,0" hai="11,13,18,55,58,62,80,83" m="9259,48202" machi="58" ten="30,1100,0" yaku="18,1" doraHai="99" who="3" fromWho="3" sc="336,-3,273,-3,151,-5,240,11" /><INIT seed="7,0,0,2,2,32" ten="333,270,146,251" oya="3" hai0="106,37,66,7,133,103,125,9,65,5,72,112,98" hai1="79,78,115,94,129,29,122,55,60,33,2,86,90" hai2="0,43,117,8,81,113,26,116,52,51,105,135,131" hai3="59,123,114,36,109,54,67,24,1,77,87,92,34"/><W49/><G123/><T73/><D112/><U85/><E122/><V121/><F105/><W70/><G114/><T25/><D37/><U127/><E115/><V126/><F121/><W120/><G120/><T38/><D38/><U39/><E39/><V31/><F113/><W53/><G36/><T96/><D133/><U124/><E129/><V42/><F135/><W21/><G34/><T75/><D98/><U19/><E19/><V101/><F101/><W27/><G1/><T63/><D25/><N who="1" m="18607" /><E2/><V40/><F131/><W18/><G109/><T22/><D125/><N who="1" m="48203" /><E86/><V10/><F126/><W13/><G77/><N who="1" m="29194" /><E55/><V6/><F81/><W69/><G54/><T57/><D22/><U11/><E60/><V56/><REACH who="2" step="1"/><F8/><AGARI ba="0,0" hai="8,11,85,90,94" m="29194,48203,18607" machi="8" ten="30,1000,0" yaku="18,1" doraHai="32" who="1" fromWho="2" sc="333,0,270,10,146,-10,251,0" owari="333,43.0,280,8.0,136,-36.0,251,-15.0" /></mjloggm>