<mjloggm ver="2.3"><GO type="169" lobby="0"/><UN n0="%E4%BC%8F%E8%99%8E" n1="%E3%81%98%E3%81%BF%E3%81%84%E3%81%A3%5A" n2="%46%41%4D" n3="%E3%82%A6%E3%83%AB%E3%83%88%E3%83%A9%E7%AB%8B%E7%9B%B4" dan="16,16,17,16" rate="2112.57,2104.06,2102.17,2137.82" sx="M,M,M,M"/><TAIKYOKU oya="0"/><INIT seed="0,0,0,0,1,22" ten="250,250,250,250" oya="0" hai0="134,52,86,119,116,3,1,4,91,2,5,92,94" hai1="53,123,65,50,78,115,58,83,38,84,85,67,111" hai2="93,70,129,8,28,26,34,104,61,35,126,57,77" hai3="100,55,27,97,87,121,105,133,112,122,40,64,89"/><T20/><D134/><U51/><E123/><N who="3" m="47114" /><G40/><T125/><D125/><U80/><E38/><V69/><F126/><W45/><G64/><T95/><D20/><U31/><E115/><V6/><F129/><W124/><G124/><T127/><D127/><U46/><E31/><V75/><F104/><W88/><G112/><T63/><D86/><U79/><REACH who="1" step="1"/><E111/><REACH who="1" ten="250,240,250,250" step="2"/><V76/><F28/><W41/><G133/><T120/><D120/><U98/><E98/><V131/><F131/><W15/><G87/><T102/><D102/><U60/><E60/><V72/><F61/><W59/><G15/><T96/><D96/><U99/><E99/><V107/><F72/><W113/><G113/><T118/><D91/><U54/><AGARI ba="0,1" hai="46,50,51,53,54,58,65,67,78,79,80,83,84,85" machi="54" ten="20,8000,1" yaku="1,1,0,1,7,1,9,1,8,1,53,0" doraHai="22" doraHaiUra="19" who="1" fromWho="1" sc="250,-40,240,90,250,-20,250,-20" /><INIT seed="1,0,0,1,5,64" ten="210,330,230,230" oya="1" hai0="91,127,107,100,135,93,8,88,21,3,39,98,108" hai1="46,49,96,74,2,60,70,10,16,25,31,54,14" hai2="134,72,69,11,109,111,55,97,45,7,13,34,76" hai3="5,62,121,53,37,56,113,36,71,106,0,52,35"/><U133/><E133/><V26/><F134/><W118/><G35/><T9/><D135/><U43/><E74/><V94/><F72/><W128/><G106/><T122/><D122/><U103/><E2/><V79/><F69/><W90/><G90/><T59/><D39/><N who="3" m="14921" /><G5/><T50/><D127/><U24/><E70/><V38/><F26/><W57/><G0/><T47/><D108/><N who="2" m="41546" /><F34/><W6/><G6/><T124/><D124/><U92/><E31/><V65/><F38/><W102/><G102/><T125/><D125/><U84/><E84/><V42/><F79/><W85/><G85/><T87/><D3/><U28/><E28/><V15/><F76/><W75/><G75/><T81/><D59/><AGARI ba="0,0" hai="10,14,16,24,25,43,46,49,54,59,60,92,96,103" machi="59" ten="40,3900,0" yaku="8,1,54,1" doraHai="64" who="1" fromWho="0" sc="210,-39,330,39,230,0,230,0" /><INIT seed="1,1,0,5,1,82" ten="171,369,230,230" oya="1" hai0="11,76,113,23,87,7,94,61,71,44,6,107,60" hai1="26,125,10,123,39,70,81,42,20,110,108,55,128" hai2="89,43,13,130,134,122,66,74,65,77,47,56,78" hai3="109,33,2,131,53,0,121,97,35,54,84,92,129"/><U103/><E123/><V75/><F122/><W120/><G92/><T19/><D107/><U67/><E103/><V72/><F130/><N who="3" m="49675" /><G97/><T100/><D113/><U14/><E128/><V49/><F134/><W41/><G41/><T15/><D44/><U28/><E67/><V8/><F56/><W31/><G31/><T25/><D71/><U4/><E70/><V40/><F43/><W58/><G58/><T99/><D6/><U36/><E42/><V135/><F135/><W90/><G109/><N who="1" m="42090" /><E125/><V96/><F66/><W80/><G120/><T112/><D112/><U29/><E29/><V57/><F57/><W91/><G121/><T93/><D94/><U117/><E117/><V45/><F65/><W83/><G54/><T51/><D51/><U73/><E55/><V63/><F63/><W27/><G53/><T34/><D34/><N who="3" m="12809" /><G27/><T102/><D100/><U86/><E73/><V105/><F105/><W52/><G52/><T38/><D38/><U127/><E127/><V85/><F47/><W48/><G48/><T124/><D124/><U62/><E62/><V9/><F74/><W119/><G119/><T106/><D106/><U1/><E14/><V95/><F13/><W5/><G5/><T16/><D7/><U32/><E32/><V126/><F126/><W115/><G115/><T118/><D118/><U132/><E132/><V46/><F45/><W116/><G116/><T101/><D101/><U3/><E3/><V18/><F75/><W24/><G24/><T114/><D114/><U30/><E30/><V104/><F72/><W69/><G69/><T64/><D64/><RYUUKYOKU ba="1,0" sc="171,10,369,10,230,-30,230,10" hai0="11,15,16,19,23,25,60,61,76,87,93,99,102" hai1="1,4,10,20,26,28,36,39,81,86" hai3="0,2,80,83,84,90,91" /><INIT seed="1,2,0,4,1,85" ten="181,379,200,240" oya="1" hai0="105,73,125,62,134,11,95,14,30,92,23,65,117" hai1="49,103,8,52,10,0,87,66,39,59,16,12,130" hai2="67,122,123,6,24,72,45,5,121,47,80,99,109" hai3="98,129,101,86,104,50,124,89,1,69,131,17,100"/><U78/><E39/><V63/><F109/><W54/><G69/><T58/><D117/><U88/><E130/><V81/><F24/><W135/><G1/><T7/><D105/><U112/><E112/><V48/><F99/><W51/><G124/><T115/><D115/><U4/><E103/><V93/><F93/><W33/><G33/><T114/><D114/><U35/><E66/><V20/><F20/><W84/><G135/><T118/><D118/><U9/><E78/><V111/><F111/><W74/><G74/><T120/><D120/><U2/><E35/><V41/><F47/><W18/><G98/><T46/><D73/><U76/><E76/><V91/><F72/><W127/><G54/><T34/><D34/><U36/><E36/><V64/><F64/><W79/><G79/><T97/><D134/><U96/><E96/><V57/><F80/><W113/><G113/><T13/><D125/><U71/><E71/><V83/><F83/><W128/><G128/><T53/><D97/><U55/><E55/><V75/><F75/><W19/><G19/><N who="0" m="10743" /><D30/><U77/><E77/><V60/><F63/><W37/><G37/><T31/><D31/><U40/><E40/><V26/><F26/><W3/><G127/><T32/><D32/><U21/><E2/><V38/><F38/><W119/><G3/><T82/><D82/><AGARI ba="2,0" hai="0,4,8,9,10,12,16,21,49,52,59,82,87,88" machi="82" ten="30,12000,1" yaku="7,1,52,1,54,3" doraHai="85" who="1" fromWho="0" sc="181,-126,379,126,200,0,240,0" /><INIT seed="1,3,0,5,3,108" ten="55,505,200,240" oya="1" hai0="82,30,59,83,88,114,112,61,133,11,39,128,113" hai1="33,94,57,72,70,54,102,48,92,26,5,63,23" hai2="95,129,115,100,12,127,47,110,134,126,32,124,93" hai3="58,9,62,81,65,71,74,46,107,85,60,103,84"/><U0/><E72/><V105/><F32/><W73/><G107/><T24/><D39/><U18/><E33/><V45/><F110/><W131/><G131/><T7/><D128/><U28/><E0/><V50/><F129/><W6/><G103/><T27/><D133/><U43/><E5/><V111/><F111/><W119/><G46/><T36/><D36/><U29/><E70/><V87/><F134/><W69/><G119/><T17/><D17/><U40/><E94/><N who="2" m="35851" /><F87/><W120/><G85/><T52/><D88/><U130/><E130/><V20/><F115/><W22/><G22/><T41/><D41/><N who="1" m="15947" /><E48/><V21/><F50/><W55/><G71/><T38/><D38/><U90/><E102/><V118/><F118/><W104/><G104/><T2/><REACH who="0" step="1"/><D27/><REACH who="0" ten="45,505,200,240" step="2"/><U89/><E90/><V117/><F117/><W1/><G120/><T98/><D98/><AGARI ba="3,1" hai="18,23,26,28,29,54,57,63,89,92,98" m="15947" machi="98" ten="30,2900,0" yaku="25,1,8,1" doraHai="108" who="1" fromWho="0" sc="45,-38,505,48,200,0,240,0" /><INIT seed="1,4,0,1,3,111" ten="7,553,200,240" oya="1" hai0="104,9,82,126,74,86,134,53,16,119,46,91,94" hai1="24,79,32,49,28,120,110,3,64,12,8,97,23" hai2="118,83,22,124,45,90,48,43,44,122,108,38,37" hai3="58,67,80,73,75,68,66,36,77,109,56,84,61"/><U133/><E120/><V93/><F122/><W130/><G36/><T106/><D119/><U33/><E133/><V65/><F108/><W76/><G109/><T123/><D123/><U60/><E110/><V103/><F118/><W15/><G130/><T129/><D126/><U18/><E79/><V99/><F124/><W78/><G68/><T17/><D129/><U4/><E49/><V95/><F65/><W127/><G127/><T13/><D134/><U92/><E97/><V71/><F71/><W50/><G15/><T14/><D74/><U62/><E92/><V52/><F83/><W29/><G29/><T59/><D46/><U72/><E72/><V55/><F22/><W0/><G0/><T98/><D14/><U21/><E62/><V6/><F6/><W5/><G5/><T96/><D17/><U47/><E47/><V30/><F30/><W27/><G27/><T34/><D34/><U128/><E128/><V101/><F37/><W39/><G39/><T69/><D69/><AGARI ba="4,0" hai="3,4,8,12,18,21,23,24,28,32,33,60,64,69" machi="69" ten="30,1500,0" yaku="7,1" doraHai="111" who="1" fromWho="0" sc="7,-27,553,27,200,0,240,0" owari="-20,-52.0,580,68.0,200,-20.0,240,4.0" /></mjloggm>