<mjloggm ver="2.3"><GO type="169" lobby="0"/><UN n0="%E3%81%AF%E3%81%BF%E3%82%82%E3%82%93" n1="%E6%9D%A5%E9%80%B1%E3%81%AE%E7%B3%B8%E4%BA%95" n2="%6D%75%6B%69%74%74%69" n3="%E3%82%A6%E3%83%AB%E3%83%88%E3%83%A9%E7%AB%8B%E7%9B%B4" dan="18,17,17,18" rate="2167.49,2180.53,2222.18,2260.96" sx="M,M,M,M"/><TAIKYOKU oya="0"/><INIT seed="0,0,0,2,2,25" ten="250,250,250,250" oya="0" hai0="97,68,118,128,51,71,87,11,99,49,126,108,70" hai1="73,77,81,57,94,44,93,24,46,95,45,29,129" hai2="75,20,33,53,86,10,39,34,54,12,82,83,112" hai3="127,101,76,23,122,19,59,84,4,130,90,14,88"/><T47/><D118/><U8/><E129/><V7/><F112/><W66/><G130/><T18/><D128/><U63/><E8/><V3/><F39/><W117/><G117/><T42/><D126/><U115/><E115/><V64/><F64/><W109/><G109/><T32/><D32/><U98/><E98/><V105/><F105/><W102/><G127/><T26/><D108/><U106/><E106/><V27/><F75/><W80/><G4/><T9/><D87/><U100/><E100/><N who="3" m="38506" /><G122/><T116/><D116/><U120/><E120/><V13/><F3/><W113/><G113/><T38/><D38/><U5/><E5/><V2/><F2/><W132/><G132/><T103/><D99/><U6/><E6/><V131/><F131/><W28/><G28/><T114/><D114/><U134/><E134/><V89/><F13/><W67/><G67/><T56/><D26/><U121/><E121/><V1/><F1/><W110/><G110/><T124/><D18/><U17/><E17/><N who="2" m="12687" /><F34/><W31/><G31/><T30/><D30/><U16/><E16/><N who="2" m="8215" /><F33/><W43/><G43/><T55/><REACH who="0" step="1"/><D124/><REACH who="0" ten="240,250,250,250" step="2"/><U91/><E24/><V92/><F7/><W0/><G0/><T123/><D123/><U35/><E35/><V69/><F69/><W79/><G19/><T85/><D85/><U111/><E111/><V125/><F125/><W72/><G14/><T107/><AGARI ba="0,1" hai="9,11,42,47,49,51,55,56,68,70,71,97,103,107" machi="107" ten="30,3000,0" yaku="1,1,0,1,53,0" doraHai="25" doraHaiUra="15" who="0" fromWho="0" sc="240,40,250,-10,250,-10,250,-10" /><INIT seed="0,1,0,1,5,34" ten="280,240,240,240" oya="0" hai0="125,82,117,2,33,36,128,0,58,48,8,45,105" hai1="68,31,102,55,110,80,108,132,95,126,9,39,37" hai2="71,94,123,6,29,59,122,56,118,52,14,72,85" hai3="103,30,98,133,91,87,51,111,127,134,26,27,50"/><T63/><D117/><U104/><E104/><V67/><F72/><W41/><G111/><T114/><D114/><U88/><E68/><V86/><F71/><W109/><G109/><N who="1" m="42090" /><E132/><V57/><F118/><W15/><G15/><T25/><D105/><U28/><E126/><V90/><F67/><W20/><G27/><T46/><D36/><N who="1" m="13899" /><E102/><V77/><F29/><W12/><G12/><T120/><D120/><U3/><E80/><N who="2" m="47247" /><F123/><W81/><G127/><T76/><D125/><U64/><E64/><V24/><F24/><W35/><G35/><T4/><D33/><U69/><E69/><V13/><F122/><W49/><REACH who="3" step="1"/><G41/><REACH who="3" ten="280,240,240,230" step="2"/><T115/><D25/><U92/><E31/><V83/><F14/><W32/><G32/><T112/><D112/><U107/><E28/><V113/><F113/><W99/><G99/><T79/><D115/><U97/><E9/><N who="2" m="4279" /><F83/><W60/><G60/><AGARI ba="1,1" hai="52,56,57,59,60,86,90,94" m="4279,47247" machi="60" ten="30,2000,0" yaku="8,1,54,1" doraHai="34" who="2" fromWho="3" sc="280,0,240,0,240,33,230,-23" /><INIT seed="1,0,0,3,2,98" ten="280,240,273,207" oya="1" hai0="63,42,112,36,55,2,72,4,92,69,13,93,39" hai1="85,119,30,127,124,77,109,111,48,27,105,81,5" hai2="66,95,58,41,11,21,67,78,54,15,90,14,132" hai3="23,28,108,96,10,8,87,7,117,107,100,56,84"/><U61/><E119/><V122/><F122/><W59/><G108/><N who="1" m="41546" /><E105/><V24/><F132/><W46/><G117/><T130/><D2/><U104/><E104/><V115/><F115/><W76/><G46/><T134/><D72/><U91/><E5/><V32/><F32/><W17/><G28/><T103/><D39/><U25/><E48/><V1/><F1/><W29/><G29/><T65/><D4/><U0/><E0/><V51/><F78/><W18/><G7/><T88/><D36/><U133/><E133/><V74/><F74/><W101/><G107/><T20/><D112/><U123/><E123/><V6/><F15/><W19/><G23/><T80/><D42/><U114/><E114/><V126/><F41/><W9/><G96/><T70/><D13/><U49/><E49/><V26/><F126/><N who="1" m="48169" /><E61/><V35/><F35/><W37/><G37/><T94/><D63/><U121/><E121/><V45/><F45/><W89/><G76/><T40/><D134/><U120/><E120/><V16/><REACH who="2" step="1"/><F26/><REACH who="2" ten="280,240,263,207" step="2"/><N who="1" m="9737" /><E30/><V71/><F71/><W118/><G19/><T31/><D69/><U68/><E68/><V131/><F131/><W116/><G18/><T135/><D130/><U47/><E47/><V75/><F75/><W3/><G17/><T57/><D70/><U99/><E77/><V113/><F113/><W33/><G3/><T73/><D135/><U43/><E43/><V38/><F38/><W102/><G118/><T128/><D40/><U53/><E53/><V52/><F52/><W64/><G116/><T79/><D55/><U12/><E12/><V34/><F34/><RYUUKYOKU ba="0,1" sc="280,-15,240,15,263,15,207,-15" hai1="81,85,91,99" hai2="6,11,14,16,21,24,51,54,58,66,67,90,95" /><INIT seed="1,1,1,5,4,89" ten="265,255,278,192" oya="1" hai0="82,87,29,51,85,99,128,78,37,4,109,88,112" hai1="65,72,50,25,117,35,80,6,42,3,135,132,101" hai2="1,57,52,94,0,81,55,126,54,86,111,12,23" hai3="39,134,118,67,124,125,14,27,44,77,66,63,115"/><U22/><E117/><V95/><F111/><W32/><G115/><T19/><D37/><U91/><E35/><V129/><F1/><W127/><G118/><T48/><D128/><U49/><E101/><V53/><F0/><W97/><G134/><N who="1" m="51242" /><E65/><V62/><F129/><W102/><G77/><T70/><D70/><U93/><E6/><V58/><F126/><W5/><G14/><T30/><D4/><U123/><E3/><V21/><F58/><W16/><G5/><T119/><D112/><U100/><E100/><V36/><F36/><W74/><G74/><T121/><D121/><U113/><E113/><V84/><F84/><W79/><G79/><T108/><D99/><N who="1" m="57791" /><E123/><V17/><F23/><N who="3" m="13799" /><G32/><T7/><D7/><U120/><E120/><V106/><F106/><N who="3" m="63823" /><G63/><T13/><D119/><U56/><E42/><AGARI ba="1,1" hai="39,42,44,66,67,124,125,127" m="63823,13799" machi="42" ten="30,2000,0" yaku="18,1,54,1" doraHai="89" who="3" fromWho="1" sc="265,0,255,-23,278,0,192,33" /><INIT seed="2,0,0,3,0,124" ten="265,232,278,225" oya="2" hai0="90,59,93,20,10,116,105,25,77,72,83,34,54" hai1="38,96,81,129,65,6,33,97,61,2,15,126,127" hai2="58,132,102,0,123,109,114,89,11,101,115,119,44" hai3="103,95,82,37,112,92,122,52,62,106,85,14,78"/><V36/><F119/><W120/><G37/><T67/><D105/><U107/><E2/><V55/><F123/><W46/><G112/><T17/><D67/><U21/><E33/><V118/><F118/><W111/><G111/><T60/><D116/><U5/><E38/><V121/><F121/><W31/><G31/><T84/><D34/><U40/><E40/><V41/><F109/><W9/><G106/><T7/><D7/><U27/><E81/><V42/><F132/><W110/><G110/><T57/><D57/><U94/><E107/><V100/><F42/><W56/><G95/><T99/><REACH who="0" step="1"/><D10/><REACH who="0" ten="255,232,278,225" step="2"/><U22/><E6/><V125/><F11/><W32/><G32/><T75/><AGARI ba="0,1" hai="17,20,25,54,59,60,72,75,77,83,84,90,93,99" machi="75" ten="30,12000,2" yaku="1,1,2,1,0,1,25,2,53,1" doraHai="124" doraHaiUra="13" who="0" fromWho="0" sc="255,130,232,-30,278,-60,225,-30" /><INIT seed="3,0,0,1,1,44" ten="385,202,218,195" oya="3" hai0="11,103,64,41,97,56,23,82,2,51,102,85,4" hai1="3,67,62,114,74,93,16,14,34,105,59,55,66" hai2="115,9,106,20,80,84,132,72,75,68,98,39,94" hai3="65,10,135,60,58,112,121,91,26,129,120,134,124"/><W36/><G36/><T92/><D64/><U90/><E114/><V19/><F115/><W133/><G112/><T99/><D23/><U78/><E105/><V22/><F106/><W86/><G129/><T96/><D102/><U130/><E3/><V61/><F39/><W50/><G124/><T30/><D30/><U43/><E34/><V6/><F132/><W100/><G100/><T57/><D57/><U104/><E104/><V77/><F61/><W13/><G26/><T101/><D101/><U53/><E130/><V17/><F68/><W46/><G91/><T87/><D87/><U128/><E128/><V122/><F122/><W42/><REACH who="3" step="1"/><G86/><REACH who="3" ten="385,202,218,185" step="2"/><T40/><D103/><U35/><E90/><V71/><F84/><W95/><G95/><T52/><REACH who="0" step="1"/><D92/><REACH who="0" ten="375,202,218,185" step="2"/><U7/><E93/><V21/><F94/><W54/><G54/><T5/><D5/><AGARI ba="0,2" hai="5,10,13,42,46,50,58,60,65,120,121,133,134,135" machi="5" ten="40,7700,0" yaku="1,1,20,1,52,1,53,0" doraHai="44" doraHaiUra="32" who="3" fromWho="0" sc="375,-77,202,0,218,0,185,97" /><INIT seed="3,1,0,5,0,3" ten="298,202,218,282" oya="3" hai0="126,12,124,117,87,127,114,22,0,9,131,39,28" hai1="112,14,93,109,86,1,29,58,63,116,101,135,31" hai2="5,38,56,25,113,54,60,75,41,97,129,4,36" hai3="104,33,83,48,91,107,8,94,19,27,99,132,74"/><W57/><G132/><T100/><D39/><U64/><E1/><V96/><F113/><W35/><G35/><T85/><D117/><U102/><E112/><V34/><F75/><W71/><G71/><T111/><D114/><U133/><E109/><V66/><F129/><W78/><G33/><T79/><D111/><U77/><E116/><V103/><F97/><W106/><G27/><N who="0" m="16503" /><D0/><U24/><E14/><V72/><F72/><W18/><REACH who="3" step="1"/><G8/><REACH who="3" ten="298,202,218,272" step="2"/><T23/><D9/><U21/><E135/><V110/><F110/><W121/><G121/><T128/><D128/><U120/><E133/><V42/><F34/><W65/><G65/><T115/><D131/><U123/><E120/><V88/><F25/><W11/><G11/><T118/><D115/><U70/><E70/><V122/><F122/><W59/><G59/><T68/><D68/><U125/><E123/><V49/><F66/><W43/><G43/><T45/><D118/><U47/><E64/><V55/><F42/><W62/><G62/><T89/><D126/><U130/><E125/><V37/><F41/><W119/><G119/><T46/><D124/><U44/><E63/><V17/><F60/><W7/><G7/><T98/><D127/><U92/><E58/><V16/><F56/><W134/><G134/><T67/><D67/><U84/><E130/><V15/><F5/><W80/><G80/><T90/><D45/><U40/><E47/><V26/><F4/><W82/><G82/><T108/><D46/><U53/><E44/><V2/><F38/><W13/><G13/><T105/><D108/><U95/><E40/><RYUUKYOKU ba="1,1" sc="298,-10,202,-10,218,-10,272,30" hai3="18,19,48,57,74,78,83,91,94,99,104,106,107" /><INIT seed="3,2,1,5,5,86" ten="288,192,208,302" oya="3" hai0="97,39,90,3,76,19,78,63,37,133,81,105,89" hai1="25,16,6,35,112,85,67,46,17,40,132,130,53" hai2="66,92,101,57,65,24,5,29,104,120,7,60,64" hai3="122,55,45,100,18,124,87,4,11,93,23,126,74"/><W2/><G74/><T111/><D3/><U42/><E112/><V103/><F104/><W106/><G106/><T12/><D76/><U77/><E132/><V28/><F120/><W70/><G70/><T50/><D133/><U94/><E130/><V51/><F51/><N who="3" m="29167" /><G100/><N who="2" m="38473" /><F92/><W83/><G93/><T115/><D97/><U95/><E67/><N who="2" m="25675" /><F24/><N who="3" m="14455" /><G87/><T135/><D105/><U20/><E35/><V58/><F58/><W52/><G52/><T72/><D39/><U117/><E117/><V118/><F118/><W31/><G83/><T9/><D37/><U127/><E53/><V32/><F32/><W73/><G73/><T91/><D115/><U102/><E102/><V96/><F96/><W59/><G59/><T80/><D135/><U38/><E38/><V21/><F21/><W128/><G122/><T0/><D0/><U44/><E20/><V56/><F56/><W48/><G48/><T49/><D81/><U116/><E116/><V134/><F134/><W43/><G43/><T119/><D119/><U84/><E42/><V88/><F7/><W27/><G128/><T30/><D50/><U99/><E40/><V71/><F5/><W62/><G62/><T109/><D49/><U125/><E6/><V61/><F71/><W41/><G41/><T110/><D30/><N who="2" m="11882" /><F61/><AGARI ba="2,1" hai="9,12,19,61,63,72,78,80,89,90,91,109,110,111" machi="61" ten="50,8000,1" yaku="14,1,52,3" doraHai="86" who="0" fromWho="2" sc="288,96,192,0,208,-86,302,0" /><INIT seed="4,0,0,3,4,126" ten="384,192,122,302" oya="0" hai0="6,114,74,73,42,112,0,28,45,84,104,110,25" hai1="99,3,40,71,85,63,92,97,72,111,48,61,10" hai2="82,122,8,15,23,96,50,57,36,113,79,77,41" hai3="49,94,103,130,33,4,98,66,27,65,117,100,134"/><T1/><D84/><U21/><E111/><V7/><F122/><W107/><G117/><T2/><D6/><U59/><E72/><N who="0" m="27753" /><D104/><U87/><E71/><V105/><F36/><W30/><G134/><T55/><D55/><U132/><E132/><V116/><F116/><W34/><G34/><N who="0" m="20751" /><D110/><U131/><E85/><V106/><F113/><N who="0" m="43626" /><D2/><U12/><E87/><V91/><F23/><W83/><G4/><T32/><D32/><U129/><E3/><V124/><F124/><W75/><G83/><T44/><D44/><N who="1" m="25607" /><E21/><V43/><F91/><W90/><G75/><T62/><D62/><N who="1" m="23563" /><E59/><V60/><F106/><W125/><G107/><T109/><D109/><U56/><E56/><V127/><F127/><W16/><G33/><T118/><D118/><U14/><E92/><V5/><F105/><W51/><G94/><T89/><D89/><U119/><E119/><V58/><F96/><N who="1" m="36937" /><E10/><V95/><F95/><W70/><G90/><T39/><AGARI ba="0,0" hai="0,1,39,42,45" m="43626,20751,27753" machi="39" ten="30,3000,0" yaku="15,1,23,1" doraHai="126" who="0" fromWho="0" sc="384,30,192,-10,122,-10,302,-10" /><INIT seed="4,1,0,5,5,42" ten="414,182,112,292" oya="0" hai0="70,57,50,135,101,32,128,130,67,9,89,119,56" hai1="91,129,114,124,27,99,76,15,47,94,126,106,6" hai2="51,65,29,23,25,33,98,46,132,12,92,88,93" hai3="111,87,82,79,109,4,125,45,17,86,84,113,34"/><T48/><D101/><U75/><E129/><N who="0" m="49769" /><D32/><U26/><E106/><V66/><F132/><W120/><G34/><T52/><D89/><U68/><E68/><V14/><F93/><W5/><G17/><T108/><D9/><N who="1" m="4535" /><E114/><V69/><F69/><W122/><G113/><T102/><D102/><U54/><E76/><V58/><F33/><W16/><G16/><T112/><D112/><U44/><E75/><V38/><F38/><W96/><G4/><T22/><D22/><U37/><E37/><V74/><F74/><W21/><G21/><T121/><D135/><U7/><E7/><V78/><F78/><W13/><G5/><T110/><D121/><U131/><E131/><V35/><F35/><W73/><G122/><T104/><D104/><U19/><E54/><N who="2" m="30071" /><F58/><W63/><G120/><T55/><D119/><U97/><E97/><V11/><F14/><W62/><G13/><T39/><D39/><U107/><E107/><V85/><F98/><W36/><G96/><T105/><D105/><U49/><E99/><V30/><F30/><W72/><G36/><T81/><D81/><U1/><E94/><V83/><F92/><W61/><G82/><T95/><D95/><U80/><E80/><V3/><F3/><W28/><G79/><T118/><D118/><U2/><E91/><V64/><F64/><W123/><G123/><T134/><D134/><U20/><E2/><V60/><F60/><AGARI ba="1,0" hai="48,50,52,55,56,57,60,67,70,108,110" m="49769" machi="60" ten="30,11600,0" yaku="19,1,34,2,54,1" doraHai="42" who="0" fromWho="2" sc="414,119,182,0,112,-119,292,0" owari="533,64.0,182,-22.0,-7,-51.0,292,9.0" /></mjloggm>