<mjloggm ver="2.3"><GO type="169" lobby="0"/><UN n0="%E3%82%88%E3%81%97%E3%81%8E" n1="%E3%81%B6%E3%81%A3%E3%81%A8%E3%81%B3%E3%82%AB%E3%83%BC%E3%83%89" n2="%E3%81%BE%E3%81%99%E3%81%8F%E3%81%AF%E3%81%8C%E3%81%97" n3="%E3%82%A6%E3%83%AB%E3%83%88%E3%83%A9%E7%AB%8B%E7%9B%B4" dan="16,16,16,18" rate="2185.10,2119.62,2111.19,2197.34" sx="M,F,M,M"/><TAIKYOKU oya="0"/><INIT seed="0,0,0,3,5,40" ten="250,250,250,250" oya="0" hai0="90,70,36,16,37,28,112,107,87,78,15,135,127" hai1="118,132,24,105,103,94,2,58,49,3,120,66,83" hai2="111,20,47,12,73,56,55,32,44,77,64,76,110" hai3="67,71,52,133,42,82,108,85,115,99,54,79,98"/><T131/><D112/><U80/><E118/><V39/><F32/><W89/><G115/><T126/><D70/><U1/><E120/><V121/><F121/><W96/><G108/><N who="2" m="41513" /><F64/><W41/><G133/><T53/><D107/><U68/><E105/><V123/><F39/><W9/><G67/><T23/><D78/><N who="2" m="30314" /><F73/><W19/><G71/><T4/><D135/><U8/><E8/><V46/><F123/><W14/><G79/><T43/><D131/><U69/><E132/><V29/><F12/><W61/><G61/><T6/><D28/><U10/><E10/><V57/><F55/><AGARI ba="0,0" hai="9,14,19,41,42,52,54,55,82,85,89,96,98,99" machi="55" ten="40,2600,0" yaku="8,1,54,1" doraHai="40" who="3" fromWho="2" sc="250,0,250,0,250,-26,250,26" /><INIT seed="1,0,0,0,1,105" ten="250,250,224,276" oya="1" hai0="133,70,83,13,8,120,10,116,32,9,7,4,17" hai1="77,22,79,92,118,96,69,30,119,48,59,62,127" hai2="82,41,74,11,121,132,86,114,26,61,89,23,36" hai3="84,78,98,128,95,68,18,6,73,81,60,55,107"/><U117/><E127/><V90/><F121/><W42/><G128/><T110/><D70/><U29/><E69/><V43/><F132/><W99/><G6/><T113/><D116/><U93/><E48/><V27/><F114/><W125/><G42/><T134/><D113/><U31/><E22/><V47/><F43/><W39/><G39/><T109/><D83/><U5/><E5/><N who="0" m="2121" /><D32/><U106/><E106/><V101/><F11/><N who="0" m="4170" /><D120/><U63/><E63/><V131/><F101/><W0/><G0/><T75/><D75/><U123/><E123/><V97/><F74/><W64/><G125/><T37/><D37/><U111/><E111/><AGARI ba="0,0" hai="10,13,17,109,110,111,133,134" m="4170,2121" machi="111" ten="30,3900,0" yaku="14,1,34,2" doraHai="105" who="0" fromWho="1" sc="250,39,250,-39,224,0,276,0" /><INIT seed="2,0,0,3,0,24" ten="289,211,224,276" oya="2" hai0="17,72,120,81,34,18,48,4,135,42,134,47,119" hai1="41,7,70,91,127,83,118,11,38,21,68,13,16" hai2="25,123,98,116,85,31,76,65,6,66,57,86,12" hai3="131,87,122,46,44,52,56,64,49,94,92,26,32"/><V54/><F116/><W78/><G122/><T36/><D120/><U128/><E118/><V71/><F123/><W67/><G131/><T126/><D119/><U15/><E128/><V61/><F98/><W75/><G75/><T74/><D126/><U79/><E127/><V19/><F6/><W117/><G117/><T43/><D34/><U20/><E91/><V95/><F76/><W121/><G121/><T1/><D43/><U9/><E41/><V50/><F95/><N who="3" m="36395" /><G26/><T99/><D99/><U133/><E133/><N who="0" m="50697" /><D48/><U107/><E38/><V84/><F66/><N who="3" m="25131" /><G32/><T89/><D89/><U5/><E107/><V110/><F110/><W80/><AGARI ba="0,0" hai="44,46,49,52,56,78,80,87" m="25131,36395" machi="80" ten="30,2000,0" yaku="8,1,54,1" doraHai="24" who="3" fromWho="3" sc="289,-5,211,-5,224,-10,276,20" /><INIT seed="3,0,0,5,2,83" ten="284,206,214,296" oya="3" hai0="124,33,67,30,79,15,8,41,1,97,128,126,85" hai1="118,50,109,52,22,116,27,89,6,135,114,112,66" hai2="69,129,40,71,51,37,88,34,105,17,99,82,24" hai3="104,134,117,57,80,39,92,120,2,110,21,127,94"/><W53/><G117/><N who="1" m="45162" /><E6/><V96/><F37/><W123/><G104/><T63/><D1/><U87/><E66/><V23/><F129/><W60/><G2/><T28/><D128/><U122/><E122/><V44/><F34/><W78/><G39/><T48/><D97/><U18/><E135/><V35/><F35/><W36/><G36/><T101/><D101/><U12/><E27/><V131/><F131/><W20/><G134/><T95/><D33/><U113/><E109/><V32/><F32/><W14/><G110/><T68/><D41/><U31/><E31/><V10/><F10/><W75/><G127/><N who="0" m="48683" /><D48/><U107/><E107/><V81/><F99/><W3/><G3/><T61/><D61/><U130/><E130/><V7/><F7/><W77/><G123/><T74/><D74/><U56/><E114/><V111/><F111/><W29/><G120/><T54/><D54/><U119/><N who="1" m="45170" /><U70/><DORA hai="108" /><E70/><V59/><F59/><W16/><REACH who="3" step="1"/><G78/><REACH who="3" ten="284,206,214,286" step="2"/><T106/><D106/><U55/><E55/><V4/><F105/><W11/><G11/><T19/><D79/><U100/><E100/><V5/><F71/><W38/><G38/><T9/><D8/><U73/><E73/><V49/><F69/><W42/><G42/><T91/><AGARI ba="0,1" hai="9,15,19,28,30,63,67,68,85,91,95" m="48683" machi="91" ten="30,2000,0" yaku="18,1,52,1" doraHai="83,108" who="0" fromWho="0" sc="284,30,206,-5,214,-5,286,-10" /><INIT seed="4,0,0,5,0,31" ten="314,201,209,276" oya="0" hai0="87,70,120,93,91,96,40,84,106,92,72,4,125" hai1="67,3,41,27,88,73,124,46,21,51,38,97,56" hai2="53,1,132,99,115,128,33,22,79,16,61,13,32" hai3="15,54,109,123,134,35,10,45,127,131,17,63,30"/><T98/><D70/><U129/><E129/><V25/><F79/><W104/><G109/><T52/><D120/><U26/><E124/><V121/><F121/><W75/><G123/><T64/><D64/><U113/><E113/><V2/><F99/><W66/><G75/><T48/><D72/><U119/><E119/><V94/><F94/><W29/><G104/><T58/><D106/><U117/><E117/><V0/><F53/><W130/><G134/><T43/><D125/><U82/><E3/><V12/><F61/><W71/><G127/><T18/><D4/><U85/><E27/><V7/><F132/><W105/><G105/><T5/><D5/><U20/><E20/><N who="2" m="11279" /><F128/><N who="3" m="49195" /><G35/><N who="2" m="13385" /><F115/><W126/><G126/><T59/><D59/><U57/><E73/><V95/><F95/><W49/><AGARI ba="0,0" hai="10,15,17,29,30,45,49,54,63,66,71" m="49195" machi="49" ten="30,1100,0" yaku="19,1" doraHai="31" who="3" fromWho="3" sc="314,-5,201,-3,209,-3,276,11" /><INIT seed="5,0,0,3,0,81" ten="309,198,206,287" oya="1" hai0="101,27,135,117,121,18,45,68,91,108,14,58,92" hai1="134,95,103,65,74,73,104,118,22,94,3,13,72" hai2="10,11,41,132,124,56,30,24,37,128,60,50,67" hai3="52,123,122,28,53,1,12,110,21,16,46,51,106"/><U86/><E3/><V115/><F37/><W97/><G110/><T17/><D68/><U96/><E65/><V54/><F132/><W35/><G1/><T31/><D108/><U99/><E22/><V102/><F41/><W133/><G133/><T127/><D117/><U33/><E33/><V78/><F128/><W126/><G126/><T100/><D135/><U15/><E134/><V39/><F39/><W44/><G106/><T98/><D127/><U38/><E38/><V5/><F115/><W55/><G97/><T57/><D121/><U62/><E62/><V4/><F78/><W75/><G75/><T131/><D131/><U2/><E2/><V79/><F79/><W49/><G55/><T43/><D101/><N who="1" m="60575" /><E15/><V111/><F102/><W105/><G105/><T42/><D100/><N who="1" m="62495" /><E13/><V64/><F111/><W87/><G35/><T85/><D98/><N who="1" m="59863" /><E118/><V130/><F124/><W119/><G119/><T23/><D18/><U83/><E74/><V84/><F130/><W20/><G28/><T40/><REACH who="0" step="1"/><D45/><REACH who="0" ten="299,198,206,287" step="2"/><U69/><E69/><V70/><F70/><W80/><G21/><AGARI ba="0,1" hai="14,17,21,23,27,31,40,42,43,57,58,85,91,92" machi="21" ten="40,8000,1" yaku="1,1,2,1,8,1,52,1,53,0" doraHai="81" doraHaiUra="125" who="0" fromWho="3" sc="299,90,198,0,206,0,287,-80" /><INIT seed="6,0,0,0,4,60" ten="389,198,206,207" oya="2" hai0="58,117,69,71,8,10,97,33,101,32,7,99,86" hai1="21,114,40,9,43,59,12,85,98,123,24,13,50" hai2="6,127,27,65,31,92,80,103,93,45,62,53,89" hai3="61,52,75,1,95,96,119,112,135,129,22,121,132"/><V48/><F127/><W16/><G1/><T30/><D117/><U76/><E114/><V66/><F6/><W110/><G75/><T41/><D41/><U37/><E123/><V23/><F103/><W79/><G79/><T81/><D58/><U87/><E98/><V74/><F74/><W4/><G4/><T44/><D44/><U64/><E37/><V134/><F134/><N who="3" m="51243" /><G110/><T91/><D99/><U84/><E76/><V14/><F14/><N who="1" m="5737" /><E9/><V49/><F49/><W105/><G105/><T25/><D33/><U17/><E50/><V128/><F128/><W133/><N who="3" m="51251" /><W51/><DORA hai="126" /><G129/><T78/><D78/><U111/><E111/><V116/><F116/><W122/><G61/><AGARI ba="0,0" hai="17,21,24,40,43,59,61,64,84,85,87" m="5737" machi="61" ten="30,2000,0" yaku="8,1,52,1" doraHai="60,126" who="1" fromWho="3" sc="389,0,198,20,206,0,207,-20" /><INIT seed="7,0,0,3,1,134" ten="389,218,206,187" oya="3" hai0="127,15,107,84,36,67,119,106,95,51,120,126,26" hai1="110,125,74,20,27,101,49,13,77,8,89,78,102" hai2="76,128,83,52,75,6,100,124,7,39,18,70,56" hai3="50,97,19,71,79,25,57,14,61,133,40,55,35"/><W86/><G133/><T72/><D119/><U114/><E125/><V82/><F124/><W131/><G131/><T2/><D2/><U68/><E114/><V33/><F70/><W47/><G71/><T58/><D15/><U54/><E110/><V66/><F39/><W91/><G79/><N who="1" m="30218" /><E89/><V41/><F41/><W63/><G35/><T88/><D51/><U3/><E3/><V80/><F33/><W16/><G97/><T92/><D58/><N who="1" m="33103" /><E74/><V42/><F76/><W111/><G111/><T109/><D26/><U59/><E59/><V48/><F75/><W12/><G63/><T62/><D92/><U90/><E90/><V94/><F94/><N who="3" m="54647" /><G25/><T0/><D62/><U93/><E93/><V11/><F128/><W37/><G37/><T22/><D67/><U38/><E68/><V122/><F122/><W23/><G14/><T69/><D84/><U32/><E32/><V9/><F80/><W60/><G60/><T117/><D117/><U29/><E38/><V129/><F129/><W121/><G121/><T105/><D120/><U98/><E98/><V118/><F118/><W17/><AGARI ba="0,0" hai="12,16,17,19,23,40,47,50,55,57,61" m="54647" machi="17" ten="30,3000,0" yaku="8,1,54,1" doraHai="134" who="3" fromWho="3" sc="389,-10,218,-10,206,-10,187,30" /><INIT seed="7,1,0,5,1,50" ten="379,208,196,217" oya="3" hai0="118,134,32,70,71,47,79,4,67,60,1,6,83" hai1="125,24,69,85,65,108,49,44,37,135,68,110,89" hai2="109,82,54,14,48,116,35,26,63,9,126,39,76" hai3="98,61,99,132,30,0,40,80,8,59,15,20,106"/><W102/><G132/><T120/><D120/><U51/><E24/><V121/><F116/><W91/><G40/><T21/><D118/><U119/><E85/><V86/><F109/><N who="1" m="42089" /><E89/><V64/><F39/><W55/><G0/><T105/><D47/><U45/><E119/><V72/><F126/><W42/><G42/><T103/><D60/><N who="1" m="39975" /><E135/><V113/><F113/><W16/><G102/><T92/><D21/><U43/><E125/><V58/><F121/><W31/><G106/><T11/><D6/><U62/><E45/><V12/><F72/><W88/><G91/><T130/><D83/><U107/><E107/><V133/><F133/><W10/><G99/><T100/><D79/><U78/><E78/><V19/><F35/><W127/><G127/><T66/><D103/><U13/><E13/><N who="2" m="7599" /><F26/><W122/><G122/><T38/><D1/><U18/><E18/><V97/><F97/><W124/><G124/><T3/><D3/><U114/><E114/><V23/><F23/><W84/><G98/><T112/><D100/><U81/><E81/><V34/><F34/><W33/><G33/><T123/><D112/><U5/><E5/><V129/><F129/><W57/><G20/><T115/><D105/><U128/><E128/><V75/><F75/><W53/><G8/><T96/><D32/><U17/><E17/><V104/><F104/><W25/><G25/><T73/><D130/><U131/><E131/><V22/><F22/><W74/><G74/><T87/><D73/><U101/><E101/><V27/><F27/><W29/><G29/><T94/><D11/><U117/><E117/><RYUUKYOKU ba="1,0" sc="379,-30,208,10,196,10,217,10" hai1="37,43,44,49,51,62,69" hai2="12,14,48,54,58,63,64,76,82,86" hai3="10,15,16,30,31,53,55,57,59,61,80,84,88" /><INIT seed="7,2,0,1,1,109" ten="349,218,206,227" oya="3" hai0="103,2,73,5,50,20,78,47,72,15,104,97,81" hai1="114,108,34,92,125,7,132,61,63,36,99,68,53" hai2="130,124,8,88,40,116,119,12,1,16,79,93,122" hai3="60,65,59,111,56,82,55,25,100,70,22,33,80"/><W90/><G111/><T77/><D2/><U30/><E108/><V37/><F1/><W85/><G33/><T64/><D64/><U120/><E120/><V11/><F122/><W87/><G100/><T29/><D5/><U27/><E36/><V43/><F79/><W83/><G55/><T101/><D101/><U67/><E7/><V57/><F37/><W46/><G46/><T45/><D50/><U32/><E32/><V0/><F0/><W75/><G75/><T13/><D15/><U113/><E132/><V133/><F133/><W54/><G54/><T48/><D48/><U96/><E125/><V10/><F130/><W106/><G106/><T24/><D13/><U91/><REACH who="1" step="1"/><E96/><REACH who="1" ten="349,208,206,227" step="2"/><V105/><F124/><W112/><G112/><T127/><D127/><U18/><E18/><V23/><F105/><W118/><G118/><T121/><D121/><U84/><E84/><N who="2" m="52359" /><F119/><W117/><G117/><T123/><D123/><U62/><E62/><V107/><F107/><W98/><G98/><T94/><D104/><U86/><E86/><V9/><F116/><W3/><G85/><T76/><D73/><U131/><E131/><V102/><F102/><W42/><G82/><T41/><D72/><U19/><E19/><N who="2" m="8607" /><F57/><AGARI ba="2,1" hai="27,30,34,53,57,61,63,67,68,91,92,99,113,114" machi="57" ten="40,5200,0" yaku="1,1,52,2,53,0" doraHai="109" doraHaiUra="44" who="1" fromWho="2" sc="349,0,208,68,206,-58,227,0" owari="349,44.0,276,8.0,148,-35.0,227,-17.0" /></mjloggm>