<mjloggm ver="2.3"><GO type="169" lobby="0"/><UN n0="%64%6F%6F%6F%6F%77%79" n1="%42%6C%75%65%2D%4A%61%6D" n2="%E3%83%88%E3%83%88%E3%83%AA%E5%85%88%E7%94%9F%31%39%E6%AD%B3" n3="%E3%81%BF%E3%83%BC%E3%82%8B" dan="16,16,18,16" rate="2136.00,2043.26,2292.88,2087.30" sx="M,M,F,F"/><TAIKYOKU oya="0"/><INIT seed="0,0,0,0,1,17" ten="250,250,250,250" oya="0" hai0="83,78,0,79,70,57,133,40,65,82,68,64,84" hai1="5,129,125,7,37,88,60,59,39,24,95,76,9" hai2="110,104,98,69,21,71,54,51,50,19,126,130,131" hai3="22,6,11,100,132,97,1,114,96,109,43,25,135"/><T36/><D133/><N who="3" m="51273" /><G114/><T117/><D117/><U2/><E129/><N who="2" m="49163" /><F110/><W87/><G43/><T14/><D0/><U32/><E125/><V90/><F126/><W127/><G127/><T99/><D57/><U41/><E7/><V56/><F51/><W55/><G87/><T93/><D14/><U42/><E76/><V27/><F104/><N who="3" m="63495" /><G97/><T80/><D80/><U128/><E39/><V72/><F72/><W94/><G94/><AGARI ba="0,0" hai="19,21,27,50,54,56,69,71,90,94,98" m="49163" machi="94" ten="30,2000,0" yaku="19,1,52,1" doraHai="17" who="2" fromWho="3" sc="250,0,250,0,250,20,250,-20" /><INIT seed="1,0,0,1,1,135" ten="250,250,270,230" oya="1" hai0="18,2,14,114,104,89,88,106,127,31,85,32,51" hai1="44,115,70,107,35,46,121,49,123,17,134,119,64" hai2="23,4,3,50,81,59,37,69,97,0,93,91,21" hai3="110,98,92,25,56,45,101,86,105,1,11,71,27"/><U84/><E115/><V68/><F37/><W47/><G71/><T122/><D2/><U124/><E119/><V6/><F81/><W80/><G110/><T12/><D114/><U61/><E35/><V26/><F59/><W9/><G105/><T7/><D122/><U65/><E107/><V74/><F50/><W94/><G94/><T132/><D132/><U82/><E134/><V103/><F93/><W67/><G1/><T42/><D7/><U60/><E17/><V126/><F26/><N who="3" m="9739" /><G67/><T78/><D31/><U99/><E99/><V100/><F97/><W90/><G56/><T53/><D42/><U96/><E96/><V24/><F24/><W130/><G130/><T20/><D32/><U41/><E46/><AGARI ba="0,0" hai="9,11,45,46,47,80,86,90,92,98,101" m="9739" machi="46" ten="30,1000,0" yaku="8,1" doraHai="135" who="3" fromWho="1" sc="250,0,250,-10,270,0,230,10" /><INIT seed="2,0,0,4,4,123" ten="250,240,270,240" oya="2" hai0="68,86,63,106,2,32,133,107,37,55,95,10,48" hai1="61,27,120,8,115,51,121,29,46,72,1,77,14" hai2="101,96,73,54,124,81,36,90,39,7,6,28,43" hai3="50,119,30,100,64,52,44,88,60,75,18,12,62"/><V80/><F124/><W104/><G75/><T13/><D32/><U110/><E110/><V111/><F28/><W105/><G30/><T57/><D2/><U21/><E115/><V92/><F111/><W108/><G108/><T87/><D37/><U71/><E1/><V78/><F54/><W127/><G127/><T20/><D133/><U114/><E114/><V24/><F24/><W56/><G100/><T82/><D95/><U0/><E0/><V19/><F19/><W25/><G25/><T129/><D20/><U17/><E77/><V5/><F43/><W84/><G62/><T117/><D129/><U98/><E72/><V45/><F45/><W74/><G74/><T85/><D82/><U35/><E35/><V11/><F11/><W91/><G91/><T132/><D117/><U122/><E98/><V4/><N who="2" m="1024" /><DORA hai="76" /><V66/><REACH who="2" step="1"/><F66/><REACH who="2" ten="250,240,260,240" step="2"/><W131/><G119/><T128/><D10/><U26/><E26/><V38/><F38/><W79/><G131/><T93/><D55/><U116/><E116/><V83/><F83/><N who="3" m="49183" /><G79/><T134/><D128/><U67/><E29/><V59/><F59/><W70/><G70/><T102/><D57/><U34/><E34/><V40/><F40/><W9/><AGARI ba="0,1" hai="9,12,18,44,50,52,56,60,64,104,105" m="49183" machi="9" ten="30,7900,0" yaku="25,1,52,1,54,2" doraHai="123,76" who="3" fromWho="3" sc="250,-20,240,-20,260,-39,240,89" /><INIT seed="3,0,0,4,3,52" ten="230,220,221,329" oya="3" hai0="132,109,31,107,18,126,94,39,122,130,77,26,99" hai1="84,67,127,112,25,33,131,71,46,135,32,129,30" hai2="5,10,2,83,4,49,120,70,34,58,90,61,87" hai3="82,16,108,43,104,15,47,20,134,133,19,117,92"/><W23/><G104/><T128/><D39/><U37/><E112/><V89/><F34/><W116/><G92/><T69/><D122/><U95/><E135/><V12/><F120/><W44/><G82/><T76/><D132/><N who="3" m="50793" /><G108/><T113/><D109/><U73/><E73/><V3/><F70/><W125/><G125/><T119/><D107/><U9/><E33/><V97/><F49/><N who="3" m="26783" /><G47/><T115/><D69/><U102/><E46/><V123/><F123/><W38/><G38/><T68/><D68/><U28/><E37/><V79/><F97/><W21/><G21/><T59/><D126/><U85/><E32/><V54/><REACH who="2" step="1"/><F5/><REACH who="2" ten="230,220,211,329" step="2"/><W1/><G117/><T50/><D99/><U64/><E127/><V75/><F75/><W8/><G116/><T100/><D119/><U65/><E71/><V7/><F7/><N who="3" m="1135" /><G19/><T96/><D18/><U42/><E85/><V56/><F56/><W55/><G16/><T62/><D113/><U11/><E84/><V41/><F41/><W74/><G74/><T88/><D115/><U106/><E30/><V51/><F51/><W101/><G101/><T27/><D50/><U29/><E29/><V35/><F35/><W103/><G103/><T121/><D121/><U53/><E28/><V40/><F40/><W57/><G15/><T105/><D100/><U60/><E102/><V93/><F93/><W22/><G57/><T36/><D36/><U98/><E106/><V81/><F81/><W118/><G118/><T86/><D105/><U114/><E95/><V48/><F48/><W72/><G72/><T6/><D94/><U66/><E114/><RYUUKYOKU ba="0,1" sc="230,-15,220,-15,211,15,329,15" hai2="2,3,4,10,12,54,58,61,79,83,87,89,90" hai3="20,22,23,55" /><INIT seed="3,1,1,1,0,59" ten="215,205,226,344" oya="3" hai0="105,84,53,126,12,93,133,43,56,92,82,6,109" hai1="36,86,85,31,132,134,96,112,110,88,22,66,124" hai2="103,18,45,67,107,4,2,61,80,10,16,8,60" hai3="55,89,108,11,37,77,51,111,128,69,101,98,57"/><W41/><G77/><T81/><D105/><U87/><E112/><V99/><F80/><W91/><G69/><T113/><D113/><U62/><E36/><V21/><F67/><W28/><G28/><T117/><D117/><U44/><E110/><N who="3" m="42026" /><G11/><T94/><D109/><U123/><E124/><V23/><F10/><W27/><G27/><T79/><D126/><U5/><E44/><V116/><F116/><W106/><G128/><T46/><D133/><N who="1" m="51307" /><E5/><V120/><F120/><W102/><G102/><T83/><D12/><U70/><E123/><V52/><F21/><W72/><G72/><T35/><D6/><U20/><E31/><V14/><REACH who="2" step="1"/><F18/><REACH who="2" ten="215,205,216,344" step="2"/><W97/><G97/><T129/><D129/><U48/><E22/><V29/><F29/><W131/><G131/><T130/><D130/><U17/><E96/><V7/><F7/><W125/><G125/><T135/><D135/><U3/><E20/><V121/><F121/><W74/><G74/><T25/><D35/><U95/><E17/><V47/><F47/><AGARI ba="1,2" hai="37,41,47,51,55,57,89,91,98,101,106" m="42026" machi="47" ten="30,2900,0" yaku="14,1,10,1" doraHai="59" who="3" fromWho="2" sc="215,0,205,0,216,-32,344,52" /><INIT seed="3,2,0,1,5,97" ten="215,205,184,396" oya="3" hai0="7,85,21,90,55,64,116,41,70,27,23,20,25" hai1="100,50,22,13,52,78,32,35,6,51,83,118,17" hai2="132,77,88,49,10,63,101,106,34,14,95,86,48" hai3="42,93,126,73,9,2,114,39,66,24,127,46,89"/><W44/><G66/><T29/><D116/><U54/><E118/><V8/><F34/><W31/><G46/><T84/><D41/><U15/><E6/><V133/><F77/><W80/><G114/><T94/><D7/><U58/><E15/><V38/><F38/><W0/><G93/><T98/><D70/><U11/><E22/><V121/><F63/><W76/><G89/><T124/><D64/><U1/><E1/><V92/><F106/><W28/><G28/><T60/><D124/><N who="3" m="47657" /><G9/><T81/><D25/><U40/><E40/><V104/><F104/><W99/><G99/><T43/><D43/><U117/><E117/><V72/><F10/><W112/><G112/><T125/><D125/><U91/><E91/><V130/><F92/><W33/><AGARI ba="2,0" hai="0,2,24,31,33,39,42,44,73,76,80" m="47657" machi="33" ten="30,3000,0" yaku="18,1,23,1" doraHai="97" who="3" fromWho="3" sc="215,-12,205,-12,184,-12,396,36" /><INIT seed="3,3,0,3,3,134" ten="203,193,172,432" oya="3" hai0="43,44,103,72,34,42,91,88,112,86,133,11,52" hai1="135,104,109,82,23,125,61,76,75,29,113,33,47" hai2="114,84,36,66,9,60,63,62,58,81,95,16,116" hai3="117,67,94,100,121,19,30,89,6,21,132,64,14"/><W24/><G132/><T119/><D133/><U26/><E135/><V46/><F114/><W93/><G121/><T20/><D34/><U38/><E113/><V32/><F32/><W48/><G117/><T111/><D72/><U128/><E109/><V118/><F95/><W92/><G100/><T71/><D71/><U59/><E128/><V15/><F36/><W50/><G6/><T10/><D112/><U79/><E79/><V90/><F60/><W126/><G126/><T25/><D119/><U96/><E33/><V40/><REACH who="2" step="1"/><F62/><REACH who="2" ten="203,193,162,432" step="2"/><W127/><G127/><T107/><D111/><U97/><E104/><V56/><F56/><W57/><G92/><T74/><D107/><U85/><E59/><V37/><AGARI ba="3,1" hai="9,15,16,37,40,46,58,63,66,81,84,90,116,118" machi="37" ten="20,5200,0" yaku="1,1,0,1,7,1,54,1,53,0" doraHai="134" doraHaiUra="31" who="2" fromWho="2" sc="203,-16,193,-16,162,71,432,-29" /><INIT seed="4,0,0,1,5,42" ten="187,177,233,403" oya="0" hai0="43,78,93,106,133,64,14,89,25,72,52,86,1" hai1="130,112,27,122,96,97,63,135,62,117,121,77,102" hai2="40,70,22,134,12,116,85,75,123,79,5,53,88" hai3="128,83,4,8,34,51,90,132,101,95,94,65,118"/><T54/><D1/><U107/><E117/><V44/><F123/><W82/><G34/><T2/><D2/><U71/><E135/><V41/><F70/><W108/><G132/><T3/><D3/><U23/><E130/><V45/><F134/><W24/><G128/><T15/><D133/><U32/><E77/><V0/><F116/><W30/><G65/><T99/><D64/><U11/><E11/><N who="2" m="4207" /><F75/><W47/><G118/><T129/><D129/><U57/><E97/><V21/><F79/><W103/><G95/><T60/><D43/><N who="2" m="16458" /><F0/><W29/><G108/><T18/><D25/><U17/><E112/><V113/><F113/><W81/><G4/><T38/><D38/><U7/><E7/><V55/><F55/><N who="3" m="30207" /><G8/><T67/><D72/><U10/><E10/><V28/><F53/><W33/><G33/><T114/><D114/><U16/><E32/><V68/><F68/><W39/><G39/><T127/><D14/><U31/><E71/><V20/><F28/><N who="3" m="10859" /><G24/><T74/><D74/><U13/><E122/><V115/><F115/><W104/><G104/><T56/><D127/><U9/><E121/><V61/><F61/><W58/><G58/><T50/><D50/><U92/><E107/><V69/><F69/><W76/><G76/><T37/><D37/><U26/><REACH who="1" step="1"/><E57/><REACH who="1" ten="187,167,233,403" step="2"/><V98/><F98/><AGARI ba="0,1" hai="81,82,83,90,94,98,101,103" m="10859,30207" machi="98" ten="30,2000,0" yaku="8,1,52,1" doraHai="42" who="3" fromWho="2" sc="187,0,167,0,233,-20,403,30" /><INIT seed="5,0,0,5,2,116" ten="187,167,213,433" oya="1" hai0="134,19,54,53,26,20,1,122,96,131,101,129,66" hai1="112,56,132,135,11,6,111,18,14,94,59,44,127" hai2="58,70,61,52,103,93,68,95,85,42,105,98,55" hai3="133,97,79,24,51,87,69,121,108,89,28,57,21"/><U123/><E112/><V106/><F42/><W48/><G69/><T90/><D1/><U8/><E127/><V17/><F68/><W62/><G108/><T3/><D3/><U22/><E111/><V72/><F72/><W63/><G133/><N who="1" m="51274" /><E11/><V30/><F70/><W27/><G79/><T39/><D39/><U25/><E94/><V114/><F114/><W71/><G97/><T36/><D36/><U38/><E123/><V92/><F105/><W67/><G121/><T110/><D134/><U109/><E109/><V128/><F128/><N who="0" m="49226" /><D110/><U10/><E10/><V60/><F30/><W46/><G27/><T124/><D122/><U118/><E118/><V81/><F17/><W41/><G51/><T117/><D117/><U12/><E12/><V32/><F32/><W83/><G71/><T23/><D124/><U76/><E76/><V75/><F75/><W40/><G63/><T64/><D90/><U91/><E91/><N who="2" m="51631" /><F106/><W100/><G100/><T82/><D82/><U125/><E125/><V29/><F29/><W37/><G37/><T80/><D80/><U35/><E35/><V7/><F7/><W65/><REACH who="3" step="1"/><G41/><AGARI ba="0,0" hai="6,8,14,18,22,25,38,41,44,56,59" m="51274" machi="41" ten="30,1500,0" yaku="20,1" doraHai="116" who="1" fromWho="3" sc="187,0,167,15,213,0,433,-15" /><INIT seed="5,1,0,4,1,117" ten="187,182,213,418" oya="1" hai0="44,31,54,20,87,93,64,124,5,60,56,105,33" hai1="113,45,68,34,132,109,49,43,15,63,4,32,59" hai2="22,119,6,47,58,37,18,77,55,133,0,65,121" hai3="96,23,88,104,52,42,101,97,108,134,19,130,98"/><U80/><E68/><V2/><F119/><W48/><G130/><T73/><D73/><U126/><E113/><V41/><F121/><W112/><G134/><T90/><D105/><U122/><E132/><V50/><F133/><W111/><G112/><T81/><D33/><U53/><E126/><V1/><F77/><W123/><G42/><T129/><D129/><U9/><E109/><V25/><REACH who="2" step="1"/><F65/><REACH who="2" ten="187,182,203,418" step="2"/><W100/><G123/><T85/><D64/><U127/><E122/><V17/><F17/><W110/><G111/><T51/><D124/><U94/><E127/><V30/><F30/><W102/><G108/><T21/><D31/><U12/><E12/><V78/><F78/><W14/><G110/><T7/><D7/><AGARI ba="1,1" hai="0,1,2,6,7,18,22,25,37,41,47,50,55,58" machi="7" ten="40,1300,0" yaku="1,1,53,0" doraHai="117" doraHaiUra="92" who="2" fromWho="0" sc="187,-16,182,0,203,26,418,0" /><INIT seed="6,0,0,0,2,79" ten="171,182,229,418" oya="2" hai0="35,119,55,9,33,10,52,109,103,116,135,19,41" hai1="85,107,125,114,60,120,69,4,77,91,12,117,90" hai2="17,18,59,100,87,23,63,131,56,14,43,86,82" hai3="37,70,57,32,118,8,128,2,58,121,50,51,98"/><V83/><F131/><W123/><G32/><N who="0" m="12363" /><D41/><U21/><E117/><N who="0" m="45129" /><D109/><U124/><E107/><V115/><F115/><W47/><G8/><N who="0" m="3179" /><D19/><N who="1" m="10471" /><E4/><V16/><F43/><W67/><G70/><T93/><D135/><U20/><E20/><V49/><F100/><W94/><G67/><T29/><D29/><U71/><E114/><V27/><F49/><W92/><G50/><T72/><D72/><U65/><E71/><V74/><F74/><W108/><G108/><T25/><D25/><U36/><E36/><V39/><F39/><W133/><G37/><T22/><D22/><U26/><E26/><V95/><F95/><W40/><G133/><T73/><D73/><U62/><E120/><V126/><F14/><W3/><G123/><T64/><D64/><U31/><E31/><N who="2" m="17919" /><F63/><W30/><G118/><T48/><D48/><U5/><E5/><V134/><F134/><W11/><G121/><T42/><D42/><U105/><E62/><V129/><F129/><W113/><G128/><T61/><D61/><U132/><E132/><V45/><F18/><W13/><G3/><T68/><D68/><U28/><E28/><V99/><F17/><W106/><G2/><T46/><D46/><U75/><E75/><V102/><F16/><N who="3" m="8255" /><G30/><T80/><D80/><N who="1" m="47247" /><E105/><V1/><F45/><W110/><G110/><T78/><D78/><U44/><E44/><V7/><F1/><W38/><G38/><T54/><D93/><U130/><E130/><V127/><F7/><W34/><G92/><T24/><D24/><U84/><E84/><V97/><F86/><W66/><G106/><T89/><D103/><RYUUKYOKU ba="0,0" sc="171,15,182,15,229,-15,418,-15" hai0="52,54,55,89" hai1="60,65,69,90,91,124,125" /><INIT seed="7,1,0,0,5,48" ten="186,197,214,403" oya="3" hai0="97,51,75,119,26,125,81,67,82,111,128,45,66" hai1="101,6,23,116,43,60,21,58,99,14,110,38,9" hai2="47,95,17,53,123,33,41,36,102,72,30,3,37" hai3="29,131,2,16,7,15,5,39,105,100,88,49,18"/><W19/><G39/><T130/><D111/><U56/><E110/><V44/><F72/><W107/><G131/><N who="0" m="50219" /><D119/><U22/><E116/><V8/><F123/><W31/><G49/><T103/><D125/><U69/><E69/><V89/><F102/><W90/><G100/><T24/><D24/><U42/><E38/><V54/><F30/><N who="3" m="11275" /><G15/><T85/><D26/><U68/><E68/><V117/><F33/><W70/><G2/><T10/><D10/><U112/><E112/><V77/><F77/><W34/><G70/><T55/><D75/><U74/><E74/><V122/><F122/><W93/><G93/><N who="0" m="58799" /><D82/><U127/><E127/><V106/><F117/><W91/><G34/><T118/><D118/><U80/><E80/><V78/><F3/><W4/><AGARI ba="1,0" hai="4,5,7,16,18,19,88,90,91,105,107" m="11275" machi="4" ten="40,18000,2" yaku="29,2,28,2,54,2" doraHai="48" who="3" fromWho="3" sc="186,-61,197,-61,214,-61,403,183" owari="125,-37.0,136,-26.0,153,-5.0,586,68.0" /></mjloggm>