<mjloggm ver="2.3"><GO type="169" lobby="0"/><UN n0="%E3%81%9B%E3%81%95%E3%81%BF%E3%82%93%E2%99%AA" n1="%E3%82%A6%E3%83%AB%E3%83%88%E3%83%A9%E7%AB%8B%E7%9B%B4" n2="%E3%82%88%E3%82%8B%E3%81%8C%E3%81%9F" n3="%E5%8E%9F%E4%BE%A1%E8%A8%88%E7%AE%97%E3%81%A8%E8%A1%8C%E6%94%BF%E6%B3%95" dan="18,18,16,16" rate="2207.09,2246.54,2145.88,2114.75" sx="F,M,M,M"/><TAIKYOKU oya="0"/><INIT seed="0,0,0,3,4,52" ten="250,250,250,250" oya="0" hai0="89,129,110,125,41,86,76,131,53,80,97,95,85" hai1="54,20,115,30,45,77,84,24,112,87,75,121,122" hai2="135,2,3,60,12,16,116,51,71,62,33,108,32" hai3="42,57,126,120,79,46,21,44,43,127,113,38,1"/><T98/><D41/><U39/><E75/><V65/><F135/><W133/><G1/><T47/><D125/><N who="3" m="47625" /><G120/><T4/><D4/><U8/><E8/><V130/><F116/><W91/><G79/><T114/><D114/><N who="1" m="43563" /><E87/><V25/><F130/><N who="0" m="49674" /><D47/><U69/><E69/><V117/><F108/><W124/><G113/><T104/><D53/><U28/><E28/><V96/><F117/><W72/><G72/><N who="0" m="43015" /><D110/><U13/><E54/><V40/><F62/><W10/><G133/><T123/><D123/><U6/><E45/><V37/><F51/><N who="3" m="27031" /><G124/><T49/><D49/><U107/><E39/><V111/><F111/><W78/><G78/><T101/><AGARI ba="0,0" hai="85,86,89,95,97,98,101,104" m="43015,49674" machi="101" ten="30,6000,0" yaku="19,1,34,2" doraHai="52" who="0" fromWho="0" sc="250,60,250,-20,250,-20,250,-20" /><INIT seed="0,1,0,5,3,67" ten="310,230,230,230" oya="0" hai0="113,89,58,79,62,114,128,51,60,63,9,100,37" hai1="39,21,104,16,26,54,15,11,68,69,117,25,122" hai2="65,4,135,101,86,85,40,66,27,19,81,73,0" hai3="1,132,42,34,112,119,110,36,48,55,45,18,57"/><T107/><D37/><U87/><E117/><V80/><F135/><W76/><G34/><T133/><D79/><U75/><E75/><V30/><F73/><W93/><G1/><T131/><D133/><U20/><E122/><V94/><F4/><W14/><G132/><T59/><D107/><U13/><E104/><V52/><F0/><W124/><G119/><T46/><D100/><U71/><E39/><V115/><F115/><N who="0" m="44042" /><D9/><U108/><E108/><V47/><F40/><W98/><G110/><T7/><D7/><U118/><E118/><V29/><F101/><W92/><G112/><T33/><D33/><U5/><E54/><V2/><F94/><W64/><G76/><T53/><D89/><U22/><REACH who="1" step="1"/><E87/><REACH who="1" ten="310,220,230,230" step="2"/><V78/><F86/><W6/><G64/><N who="0" m="38935" /><D62/><U123/><E123/><V3/><F66/><AGARI ba="1,1" hai="46,51,53,59,63,66,128,131" m="38935,44042" machi="66" ten="30,2900,0" yaku="34,2" doraHai="67" who="0" fromWho="2" sc="310,42,220,0,230,-32,230,0" /><INIT seed="0,2,0,4,5,31" ten="352,220,198,230" oya="0" hai0="113,18,77,125,63,127,61,1,110,83,90,51,52" hai1="35,66,80,8,82,33,7,42,25,3,89,39,40" hai2="84,14,120,65,55,28,29,122,22,131,13,60,92" hai3="109,26,56,69,71,43,103,62,58,70,19,78,2"/><T68/><D113/><U32/><E66/><V24/><F131/><W116/><G2/><T105/><D105/><U86/><E39/><V118/><F118/><W98/><G116/><T108/><D1/><U94/><REACH who="1" step="1"/><E25/><REACH who="1" ten="352,210,198,230" step="2"/><V15/><F122/><W59/><G109/><T107/><D108/><U5/><E5/><V47/><F120/><W101/><G26/><T20/><D110/><U67/><E67/><V10/><F29/><W124/><G124/><T73/><D127/><U79/><E79/><V75/><F75/><W134/><G78/><T128/><D77/><U21/><E21/><V57/><F65/><W96/><G134/><T34/><D73/><U48/><E48/><V126/><F126/><W81/><G62/><T6/><D61/><U85/><E85/><V112/><F112/><W119/><G119/><T30/><D6/><U16/><E16/><N who="2" m="8247" /><F47/><W135/><G19/><T74/><D18/><U17/><E17/><V117/><F117/><W133/><G43/><AGARI ba="2,1" hai="3,7,8,32,33,35,40,42,43,80,82,86,89,94" machi="43" ten="40,8000,1" yaku="1,1,52,3,53,0" doraHai="31" doraHaiUra="53" who="1" fromWho="3" sc="352,0,210,96,198,0,230,-86" /><INIT seed="1,0,0,3,5,44" ten="352,306,198,144" oya="1" hai0="13,0,46,82,80,113,56,62,123,10,50,105,75" hai1="20,135,5,6,51,115,12,114,14,54,25,94,117" hai2="100,41,103,60,98,133,101,27,3,49,23,47,18" hai3="92,69,9,88,30,83,33,86,4,37,127,120,112"/><U119/><E94/><V99/><F3/><W130/><G120/><T91/><D113/><U1/><E54/><V121/><F121/><W90/><G112/><N who="1" m="43050" /><E51/><V61/><REACH who="2" step="1"/><F133/><REACH who="2" ten="352,306,188,144" step="2"/><W35/><G130/><T68/><D0/><U43/><E135/><V77/><F77/><W8/><G127/><T129/><D129/><U76/><E76/><V128/><F128/><W11/><G37/><T28/><D123/><U52/><E1/><V17/><F17/><W74/><G4/><T67/><D28/><U31/><E5/><V15/><F15/><W116/><G30/><T124/><D13/><U57/><E12/><V71/><F71/><W134/><G69/><T7/><D68/><U72/><E14/><V106/><F106/><W24/><G134/><T22/><D124/><U85/><E6/><V108/><F108/><W53/><G24/><T78/><D10/><U89/><E119/><V58/><F58/><W59/><G116/><T79/><D7/><U42/><E117/><V132/><F132/><W36/><G36/><T104/><D104/><U64/><E25/><V122/><F122/><W93/><G74/><T63/><D105/><U65/><E72/><V84/><F84/><W87/><REACH who="3" step="1"/><G83/><REACH who="3" ten="352,306,188,134" step="2"/><T81/><D81/><U126/><E126/><V70/><F70/><W16/><G16/><T19/><D80/><U95/><E31/><V66/><F66/><W109/><G109/><T118/><D82/><U21/><E64/><V102/><N who="2" m="25600" /><DORA hai="34" /><V2/><F2/><W39/><G39/><T38/><D38/><U32/><E65/><V73/><F73/><W107/><G107/><RYUUKYOKU ba="0,2" sc="352,-15,306,-15,188,15,134,15" hai2="18,23,27,41,47,49,60,61,98,99" hai3="8,9,11,33,35,53,59,86,87,88,90,92,93" /><INIT seed="2,1,2,2,3,74" ten="337,291,203,149" oya="2" hai0="105,35,132,122,63,8,26,52,94,96,111,21,30" hai1="12,86,62,99,51,126,124,129,70,69,43,19,130" hai2="13,79,4,93,39,89,44,135,103,7,20,92,133" hai3="5,55,24,87,90,116,83,123,118,57,0,77,22"/><V120/><F120/><W58/><G123/><T9/><D122/><U113/><E113/><V33/><F33/><W18/><G5/><T14/><D111/><U66/><E99/><N who="2" m="59887" /><F79/><W67/><G0/><T117/><D132/><N who="2" m="50762" /><F20/><W48/><REACH who="3" step="1"/><G90/><REACH who="3" ten="337,291,203,139" step="2"/><N who="0" m="55383" /><D117/><U82/><E130/><V27/><F27/><W107/><G107/><T38/><D105/><U29/><E129/><V54/><F13/><W104/><G104/><T134/><D134/><U71/><E12/><V10/><F10/><W81/><G81/><T6/><D8/><U91/><E82/><V114/><F114/><W25/><G25/><T106/><D106/><U84/><E91/><V115/><F115/><W11/><G11/><T88/><D88/><U78/><E124/><V73/><F73/><W65/><G65/><T32/><D9/><U42/><E66/><V17/><F17/><W100/><G100/><T45/><D14/><U64/><E19/><V50/><F39/><W1/><G1/><T97/><D6/><U125/><E126/><V37/><F37/><W41/><G41/><T98/><D38/><U23/><E43/><V121/><F121/><W85/><G85/><AGARI ba="1,3" hai="4,7,44,50,54,85,89,92" m="50762,59887" machi="85" ten="30,1500,0" yaku="20,1" doraHai="74" who="2" fromWho="3" sc="337,0,291,0,203,48,139,-18" /><INIT seed="2,2,0,2,3,53" ten="337,291,251,121" oya="2" hai0="69,58,51,102,49,123,39,60,131,11,6,10,41" hai1="120,101,34,79,59,118,61,98,28,21,95,9,115" hai2="67,91,45,32,65,63,126,18,56,133,62,27,82" hai3="122,110,20,85,12,128,88,74,81,3,64,8,37"/><V29/><F133/><W105/><G122/><T109/><D123/><U135/><E120/><V112/><F112/><W94/><G110/><T42/><D109/><U66/><E115/><V116/><F126/><W25/><G37/><T68/><D102/><U57/><E118/><V30/><F116/><W70/><G3/><T43/><D131/><U92/><E135/><V90/><F45/><W97/><G128/><T26/><D26/><N who="1" m="16463" /><E34/><V52/><F82/><W31/><G64/><N who="2" m="24649" /><F32/><W89/><G70/><T46/><D6/><U124/><E124/><V119/><F63/><W47/><G47/><N who="0" m="25839" /><D11/><U96/><E79/><V5/><F5/><W99/><G74/><T17/><D17/><U76/><E76/><V134/><F134/><W108/><G108/><T117/><D10/><U35/><E35/><V13/><F27/><W100/><G8/><T107/><D107/><U48/><E9/><N who="2" m="6447" /><F119/><W130/><G130/><T72/><D72/><U36/><E36/><V44/><F44/><W33/><REACH who="3" step="1"/><G12/><REACH who="3" ten="337,291,251,111" step="2"/><T15/><D15/><U24/><E66/><V14/><F14/><W38/><G38/><T83/><D39/><U114/><E114/><V22/><F22/><AGARI ba="2,1" hai="20,22,25,31,33,81,85,88,89,94,97,99,100,105" machi="22" ten="40,2600,0" yaku="1,1,54,1,53,0" doraHai="53" doraHaiUra="127" who="3" fromWho="2" sc="337,0,291,0,251,-32,111,42" /><INIT seed="3,0,0,2,0,103" ten="337,291,219,153" oya="3" hai0="14,24,42,81,2,4,62,52,87,57,5,29,91" hai1="96,47,51,102,76,61,25,82,37,64,104,95,131" hai2="65,126,7,110,90,107,67,125,30,54,40,71,31" hai3="16,78,84,49,66,35,59,33,63,1,97,68,112"/><W3/><G112/><T41/><D2/><U83/><E131/><V89/><F110/><W101/><G1/><T50/><D14/><U93/><E37/><V105/><F40/><W122/><G3/><T0/><D0/><U39/><E39/><V86/><F54/><W98/><G122/><T72/><D72/><U118/><E118/><V23/><F7/><W129/><G129/><T111/><D111/><U85/><E25/><V124/><F23/><W127/><G127/><T77/><D91/><N who="2" m="34826" /><F86/><W38/><G38/><T46/><REACH who="0" step="1"/><D41/><REACH who="0" ten="327,291,219,153" step="2"/><U117/><E117/><V8/><F71/><W36/><G68/><T79/><D79/><U74/><E74/><V34/><F34/><AGARI ba="0,1" hai="4,5,24,29,34,42,46,50,52,57,62,77,81,87" machi="34" ten="30,3900,0" yaku="1,1,7,1,54,1,53,0" doraHai="103" doraHaiUra="108" who="0" fromWho="2" sc="327,49,291,0,219,-39,153,0" /><INIT seed="4,0,0,5,2,135" ten="376,291,180,153" oya="0" hai0="51,68,40,1,118,105,11,95,17,114,50,97,125" hai1="104,80,13,18,129,63,70,101,111,53,109,134,33" hai2="3,20,19,61,23,100,28,58,116,110,117,115,12" hai3="62,84,14,96,74,102,37,45,132,0,112,76,55"/><T26/><D118/><N who="2" m="45674" /><F110/><W91/><G0/><T59/><D68/><U43/><E129/><V54/><F3/><W56/><G132/><T72/><D105/><U126/><E43/><V99/><F115/><W67/><G112/><T133/><D72/><U66/><E80/><V10/><F28/><W128/><G128/><T60/><D133/><U22/><E53/><V130/><F130/><W106/><G14/><T69/><D69/><U64/><E64/><V27/><F27/><W124/><G124/><T119/><D26/><U93/><E93/><AGARI ba="0,0" hai="10,12,19,20,23,54,58,61,93,99,100" m="45674" machi="93" ten="30,1000,0" yaku="12,1" doraHai="135" who="2" fromWho="1" sc="376,0,291,-10,180,10,153,0" /><INIT seed="5,0,0,1,0,35" ten="376,281,190,153" oya="1" hai0="56,70,88,64,52,100,104,66,43,115,1,40,91" hai1="8,16,134,105,17,89,79,11,109,7,63,75,73" hai2="90,96,29,116,23,92,106,112,97,58,110,83,117" hai3="9,53,54,98,44,133,81,62,131,34,42,118,80"/><U55/><E134/><V27/><F110/><W76/><G133/><T84/><D1/><U39/><E39/><V15/><F112/><W22/><G34/><T6/><D6/><U14/><E105/><V86/><F106/><W67/><G131/><T5/><D5/><U101/><E101/><V135/><F97/><W87/><G118/><T77/><D84/><U102/><E102/><V4/><F135/><W122/><G122/><T47/><D104/><U28/><E109/><V119/><F4/><W65/><G9/><T82/><D47/><U48/><E28/><V49/><F15/><W61/><G22/><T130/><D56/><U71/><E89/><V114/><F114/><W36/><G98/><T78/><D100/><U12/><E79/><V129/><F129/><W95/><G95/><T13/><D130/><U46/><REACH who="1" step="1"/><E7/><REACH who="1" ten="376,271,190,153" step="2"/><V127/><F119/><W50/><G36/><T38/><D38/><U10/><E10/><V108/><F108/><W103/><G103/><T2/><D77/><U21/><E21/><V0/><F116/><W85/><G67/><AGARI ba="0,1" hai="8,11,12,14,16,17,46,48,55,63,67,71,73,75" machi="67" ten="40,7700,0" yaku="1,1,9,1,54,1,53,0" doraHai="35" doraHaiUra="94" who="1" fromWho="3" sc="376,0,271,87,190,0,153,-77" /><INIT seed="5,1,0,1,4,21" ten="376,358,190,76" oya="1" hai0="8,75,49,127,39,5,99,72,26,103,86,93,25" hai1="24,116,59,2,10,4,124,52,16,92,46,23,78" hai2="43,64,19,6,31,63,89,109,108,121,45,15,57" hai3="69,54,12,100,117,79,20,96,129,14,119,30,55"/><U122/><E116/><N who="3" m="44618" /><G69/><T65/><D39/><U71/><E122/><V132/><F121/><W106/><G129/><T97/><D127/><U28/><E71/><V66/><F132/><W113/><G113/><T128/><D65/><U135/><E135/><V123/><F123/><W36/><G36/><T33/><D128/><U134/><E134/><V32/><F64/><W94/><G79/><T22/><D86/><U50/><E78/><V56/><F6/><W34/><G34/><T83/><D83/><U101/><E124/><V114/><F57/><W76/><G76/><T104/><D49/><U53/><E92/><V68/><F68/><W126/><G126/><T0/><D33/><U130/><E101/><V82/><F114/><W60/><G106/><T27/><REACH who="0" step="1"/><D22/><REACH who="0" ten="366,358,190,76" step="2"/><U111/><E130/><V61/><F32/><W84/><G84/><T133/><D133/><U90/><E111/><V18/><F109/><W105/><G60/><T85/><D85/><U67/><E67/><V98/><F63/><W120/><G120/><T35/><D35/><U41/><E90/><AGARI ba="1,1" hai="0,5,8,25,26,27,72,75,90,93,97,99,103,104" machi="90" ten="40,8000,1" yaku="1,1,52,3,53,0" doraHai="21" doraHaiUra="112" who="0" fromWho="1" sc="366,93,358,-83,190,0,76,0" /><INIT seed="6,0,0,4,5,40" ten="459,275,190,76" oya="2" hai0="105,124,28,85,113,34,89,106,125,130,31,63,58" hai1="11,14,104,4,51,7,62,75,94,54,93,122,109" hai2="82,69,50,61,73,66,18,3,15,123,128,102,135" hai3="134,57,37,120,53,131,110,103,107,77,24,48,129"/><V116/><F123/><W35/><G120/><T88/><D113/><U83/><E104/><N who="0" m="40041" /><D130/><N who="3" m="49673" /><G110/><T16/><D16/><U43/><E7/><V25/><F128/><W108/><G37/><T36/><D36/><U41/><E62/><V42/><F116/><W78/><G108/><T27/><D31/><U86/><E75/><V32/><F3/><W23/><G35/><T119/><D85/><U87/><E109/><V45/><F102/><W38/><G38/><T55/><D119/><U5/><E5/><V70/><F135/><W17/><G134/><T97/><D97/><AGARI ba="0,0" hai="17,23,24,48,53,57,77,78,97,103,107" m="49673" machi="97" ten="30,1000,0" yaku="19,1" doraHai="40" who="3" fromWho="0" sc="459,-10,275,0,190,0,76,10" /><INIT seed="7,0,0,4,0,105" ten="449,275,190,86" oya="3" hai0="0,19,54,81,76,111,106,42,125,121,72,133,122" hai1="107,35,83,12,129,5,128,13,8,57,88,33,116" hai2="29,87,60,135,49,77,130,110,93,89,27,117,115" hai3="124,113,55,7,119,36,21,2,17,61,65,95,80"/><W62/><G119/><T71/><D111/><U47/><E107/><V84/><F115/><W94/><G36/><T38/><D106/><U123/><E123/><V131/><F135/><W112/><G124/><T67/><D54/><U23/><E116/><V26/><F110/><W73/><G7/><T6/><D19/><N who="1" m="10735" /><E57/><V45/><F60/><W78/><G2/><T118/><D118/><U31/><E31/><V32/><F27/><N who="3" m="14767" /><G55/><T132/><D42/><U11/><E47/><V58/><F58/><N who="3" m="37047" /><G62/><N who="0" m="40439" /><D38/><U20/><E20/><V91/><F117/><W44/><G44/><T10/><D125/><U99/><E11/><V48/><F77/><W51/><G51/><T3/><D3/><U64/><E129/><N who="2" m="49163" /><F45/><W41/><G41/><T25/><D25/><U22/><E128/><V15/><F15/><W70/><G70/><T28/><D28/><U74/><E35/><V134/><F134/><AGARI ba="0,0" hai="0,6,10,72,76,81,121,122,132,133,134" m="40439" machi="134" ten="30,3900,0" yaku="20,1,23,1,52,1" doraHai="105" who="0" fromWho="2" sc="449,39,275,0,190,-39,86,0" owari="488,58.0,275,8.0,151,-25.0,86,-41.0" /></mjloggm>