<mjloggm ver="2.3"><GO type="169" lobby="0"/><UN n0="%E8%BF%BD%E6%86%B6%E3%81%AE%E3%83%B4%E3%82%A3%E3%83%B4%E3%82%A3" n1="%E9%88%B4%E4%BD%B3" n2="%E3%81%B3%E3%82%8A%E3%81%B3%E3%82%8A%E2%98%86%E3%83%93%E3%83%AA%E3%83%BC" n3="%E5%B0%B1%E6%B4%BB%E7%94%9F%40%E5%B7%9D%E6%9D%91%E8%BB%8D%E5%9B%A3" dan="16,17,17,19" rate="2082.04,2156.59,2165.95,2360.28" sx="M,M,M,M"/><TAIKYOKU oya="0"/><INIT seed="0,0,0,2,5,112" ten="250,250,250,250" oya="0" hai0="56,64,41,128,16,57,134,95,29,35,127,99,0" hai1="70,36,34,85,81,46,110,114,19,98,121,12,13" hai2="109,122,61,27,104,82,93,84,7,108,49,120,87" hai3="3,11,72,80,42,129,102,31,40,105,111,96,55"/><T47/><D0/><U75/><E121/><V17/><F104/><W106/><G129/><T131/><D134/><U2/><E2/><V38/><F38/><W97/><G111/><T74/><D74/><U65/><E75/><V37/><F37/><W79/><G31/><T1/><D1/><U48/><E36/><V18/><F7/><W71/><G71/><T118/><D29/><U77/><E34/><V130/><F93/><W117/><G117/><T32/><D118/><U23/><E110/><V62/><F49/><W15/><G3/><T124/><D16/><U66/><E114/><V20/><F20/><W116/><G116/><T123/><D123/><U14/><E98/><V115/><F115/><W26/><G26/><T125/><D47/><U67/><REACH who="1" step="1"/><E70/><REACH who="1" ten="250,240,250,250" step="2"/><V107/><F109/><W94/><G105/><T54/><D32/><U101/><E101/><V58/><F107/><W68/><G68/><T21/><D35/><U76/><E76/><V119/><F108/><W50/><G97/><T39/><D131/><U43/><AGARI ba="0,1" hai="12,13,14,19,23,43,46,48,65,66,67,77,81,85" machi="43" ten="30,4000,0" yaku="1,1,0,1,8,1,53,0" doraHai="112" doraHaiUra="6" who="1" fromWho="1" sc="250,-20,240,50,250,-10,250,-10" /><INIT seed="1,0,0,5,3,129" ten="230,290,240,240" oya="1" hai0="78,52,85,89,108,29,94,4,55,36,13,126,11" hai1="45,26,119,7,17,44,63,114,86,90,81,105,128" hai2="6,84,32,97,27,68,110,107,20,83,113,72,127" hai3="135,80,82,9,21,77,53,50,48,92,69,99,118"/><U19/><E114/><V132/><F68/><W5/><G69/><T22/><D108/><U43/><E119/><V2/><F32/><W3/><G118/><T134/><D134/><U88/><E105/><V37/><F37/><W39/><G39/><T111/><D111/><U112/><E112/><V121/><F72/><W42/><G42/><T31/><D126/><U131/><E7/><V33/><F33/><W30/><G50/><T122/><D36/><U96/><E63/><V104/><F110/><W67/><G67/><T59/><D122/><U76/><E45/><V79/><F121/><W46/><G135/><T117/><D117/><U74/><E96/><V109/><F109/><W28/><G21/><T130/><D130/><N who="1" m="49707" /><E26/><V54/><F27/><W10/><G80/><N who="0" m="47255" /><D22/><U87/><E74/><V64/><F20/><W125/><G10/><T73/><D73/><U47/><E76/><V124/><F79/><W16/><G125/><T23/><D23/><U102/><E102/><V91/><F127/><W40/><G40/><T70/><D70/><U60/><E60/><V115/><F124/><W1/><G1/><T12/><D12/><U133/><E133/><V123/><F2/><W25/><G25/><T98/><D55/><U24/><E24/><V101/><F132/><W65/><G65/><T71/><D71/><U57/><E57/><V41/><F64/><W56/><G56/><T38/><D38/><N who="1" m="21623" /><E47/><V61/><F115/><W120/><G120/><T62/><AGARI ba="0,0" hai="4,11,13,29,31,52,59,62,89,94,98" m="47255" machi="62" ten="30,2000,0" yaku="8,1,54,1" doraHai="129" who="0" fromWho="0" sc="230,20,290,-10,240,-5,240,-5" /><INIT seed="2,0,0,0,4,28" ten="250,280,235,235" oya="2" hai0="38,97,23,70,62,12,61,15,108,8,93,50,109" hai1="133,53,124,24,102,107,118,49,17,5,33,42,59" hai2="64,134,7,14,58,132,69,78,51,116,68,72,126" hai3="119,79,125,82,25,88,20,74,121,32,3,44,40"/><V26/><F116/><W31/><G121/><T94/><D38/><U114/><E118/><V104/><F104/><W76/><G119/><T63/><D70/><U6/><E114/><V135/><F126/><W129/><G3/><T128/><D128/><U4/><E124/><V75/><F26/><W0/><G0/><T111/><D50/><U122/><E122/><V45/><F58/><W80/><G129/><T35/><D35/><U21/><E133/><V19/><F7/><W99/><G125/><T55/><D55/><U66/><E42/><V98/><F98/><W77/><G20/><T117/><D117/><U131/><E131/><V34/><F34/><W16/><G16/><N who="0" m="10655" /><D97/><U10/><E66/><V86/><F86/><W27/><G27/><T123/><D123/><U2/><E102/><V81/><F75/><W103/><G82/><T22/><D22/><U1/><E107/><V100/><F100/><W37/><REACH who="3" step="1"/><G88/><REACH who="3" ten="250,280,235,225" step="2"/><T87/><D87/><U30/><REACH who="1" step="1"/><E2/><REACH who="1" ten="250,270,235,225" step="2"/><V91/><F91/><W90/><G90/><T105/><D105/><AGARI ba="0,2" hai="25,31,32,37,40,44,74,76,77,79,80,99,103,105" machi="105" ten="30,3900,0" yaku="1,1,7,1,52,1,53,0" doraHai="28" doraHaiUra="11" who="3" fromWho="0" sc="250,-39,270,0,235,0,225,59" /><INIT seed="3,0,0,4,2,126" ten="211,270,235,284" oya="3" hai0="36,20,33,107,92,135,41,97,124,78,19,61,134" hai1="29,21,101,68,24,103,76,122,110,87,2,94,5" hai2="65,14,1,116,57,43,63,72,86,11,93,35,71" hai3="15,69,47,58,12,8,42,40,131,90,32,9,0"/><W34/><G69/><T74/><D33/><U118/><E122/><V117/><F72/><W18/><G0/><T119/><D119/><U102/><E68/><V49/><F35/><W79/><G79/><T84/><D124/><U125/><E125/><V48/><F1/><W53/><G90/><T55/><D107/><U127/><E127/><V114/><F114/><W104/><G104/><T120/><D120/><U89/><E118/><V62/><F49/><W99/><G99/><T26/><D74/><U45/><E110/><V115/><F115/><W75/><G75/><T133/><D36/><U38/><E76/><V52/><F86/><W27/><G27/><T60/><D41/><U13/><E2/><V70/><F93/><W67/><G67/><T3/><D3/><U4/><E38/><V30/><F30/><W46/><G58/><T100/><D55/><U54/><E13/><V77/><F77/><W51/><G53/><T129/><D129/><U88/><E89/><V82/><F82/><AGARI ba="0,0" hai="19,20,26,60,61,78,82,84,92,97,100,133,134,135" machi="82" ten="40,1300,0" yaku="20,1" doraHai="126" who="0" fromWho="2" sc="211,13,270,0,235,-13,284,0" /><INIT seed="4,0,0,1,4,102" ten="224,270,222,284" oya="0" hai0="115,116,23,67,119,47,17,7,97,58,77,105,9" hai1="98,25,5,43,51,99,87,82,101,108,50,71,2" hai2="46,122,31,93,91,113,27,0,88,42,15,1,12" hai3="49,16,118,39,45,33,126,24,78,60,92,85,94"/><T57/><D115/><U55/><E71/><V134/><F113/><W96/><G39/><T129/><D129/><U75/><E75/><V18/><F122/><W81/><G126/><T13/><D77/><U125/><E125/><V107/><F107/><W110/><G110/><T63/><D47/><U74/><E74/><V54/><F54/><W6/><G6/><T106/><D58/><U127/><E127/><V83/><F134/><W30/><G118/><T111/><D111/><U128/><E108/><V10/><F15/><W11/><G60/><T32/><D32/><U100/><E128/><V61/><F83/><W3/><G96/><T130/><D130/><U124/><E124/><V103/><F103/><W117/><G117/><T19/><D19/><U79/><E5/><V21/><F61/><W121/><G121/><T8/><D8/><U59/><E2/><V34/><F34/><W112/><G112/><T70/><D70/><U26/><E101/><V40/><F91/><W48/><G3/><T76/><D76/><U22/><E99/><V120/><F42/><W73/><G73/><T29/><D97/><U41/><E51/><V133/><F120/><W84/><G84/><T35/><D119/><U80/><E80/><V109/><F133/><W135/><G135/><T37/><D37/><U86/><E86/><N who="2" m="52375" /><F109/><W65/><G65/><T89/><D89/><U104/><REACH who="1" step="1"/><E26/><REACH who="1" ten="224,260,222,284" step="2"/><V52/><F0/><W64/><G49/><T28/><D116/><U68/><E68/><V131/><F1/><W44/><G48/><T72/><D72/><U114/><E114/><V90/><F131/><RYUUKYOKU ba="0,1" sc="224,-10,260,30,222,-10,284,-10" hai1="22,25,41,43,50,55,59,79,82,87,98,100,104" /><INIT seed="5,1,1,4,4,38" ten="214,290,212,274" oya="1" hai0="87,99,132,28,5,126,12,89,31,6,72,71,82" hai1="63,125,102,68,53,107,13,109,80,95,18,78,57" hai2="40,94,93,105,2,55,108,39,115,41,3,124,33" hai3="118,116,85,36,29,100,84,90,97,17,75,131,98"/><U69/><E107/><V74/><F105/><W27/><G36/><T48/><D132/><U133/><E133/><V113/><F108/><W122/><G122/><T11/><D126/><U23/><E125/><V26/><F124/><W73/><G17/><T37/><D37/><U0/><E0/><N who="2" m="43" /><F74/><N who="3" m="28171" /><G131/><T44/><D71/><U127/><E127/><V67/><F67/><W51/><G51/><T4/><D72/><U45/><E109/><V9/><F55/><W58/><G58/><T103/><D103/><U117/><E117/><N who="3" m="45162" /><G100/><T1/><D99/><N who="3" m="37897" /><G90/><T10/><REACH who="0" step="1"/><D6/><REACH who="0" ten="204,290,212,274" step="2"/><U91/><E102/><V52/><F39/><W49/><G49/><T59/><D59/><U112/><E69/><V106/><F106/><W56/><G56/><T81/><D81/><U61/><E80/><V47/><F94/><W54/><G54/><AGARI ba="1,2" hai="1,4,5,10,11,12,28,31,44,48,54,82,87,89" machi="54" ten="30,3900,0" yaku="1,1,7,1,53,1" doraHai="38" doraHaiUra="83" who="0" fromWho="3" sc="204,62,290,0,212,0,274,-42" /><INIT seed="6,0,0,3,0,109" ten="266,290,212,232" oya="2" hai0="42,8,118,114,91,74,105,97,17,29,80,84,133" hai1="57,15,50,27,13,130,14,61,38,54,46,1,72" hai2="94,69,49,40,131,68,32,73,125,53,47,104,62" hai3="116,124,36,101,70,11,56,39,30,100,76,123,65"/><V122/><F104/><W31/><G70/><T102/><D133/><U106/><E1/><V98/><F73/><W108/><G108/><T120/><D120/><U121/><E106/><V63/><F32/><W7/><G123/><T119/><D29/><N who="3" m="10761" /><G39/><T4/><D42/><U26/><E121/><V25/><F122/><W135/><G36/><T93/><D17/><U5/><E72/><V48/><F25/><W81/><G124/><T45/><D45/><U59/><E38/><V6/><F125/><W20/><G20/><T78/><REACH who="0" step="1"/><D114/><REACH who="0" ten="256,290,212,232" step="2"/><U96/><E46/><V86/><F40/><W28/><G28/><T95/><D95/><U89/><E5/><V127/><F47/><W52/><G135/><T43/><D43/><U112/><E112/><V21/><F6/><W90/><G7/><T51/><D51/><U71/><E50/><V22/><F127/><W87/><G116/><T103/><D103/><U23/><E61/><V10/><F94/><W99/><G101/><T77/><D77/><U83/><E83/><V44/><F44/><W110/><G76/><T37/><D37/><U33/><E89/><V117/><F117/><W111/><G111/><T0/><AGARI ba="0,1" hai="0,4,8,74,78,80,84,91,93,97,102,105,118,119" machi="0" ten="30,12000,2" yaku="1,1,0,1,24,2,53,2" doraHai="109" doraHaiUra="115" who="0" fromWho="0" sc="256,130,290,-30,212,-60,232,-30" /><INIT seed="7,0,0,1,2,68" ten="386,260,152,202" oya="3" hai0="3,83,78,91,31,135,88,12,20,19,128,105,121" hai1="85,32,108,42,59,129,133,72,134,79,48,53,84" hai2="104,86,132,112,2,6,113,90,92,56,33,95,39" hai3="26,98,126,87,8,40,109,46,21,103,102,96,119"/><W111/><G119/><T35/><D121/><U34/><E108/><V60/><F104/><W64/><G126/><T16/><D105/><U25/><E129/><V9/><F33/><W122/><G122/><T55/><D128/><U75/><E42/><V67/><F132/><N who="1" m="50793" /><E25/><V124/><F124/><W76/><G64/><T5/><D19/><U130/><E130/><V127/><F127/><W49/><G8/><N who="0" m="2111" /><D55/><U47/><E47/><V29/><F29/><W62/><G62/><T106/><D106/><U73/><E79/><V94/><REACH who="2" step="1"/><F39/><REACH who="2" ten="386,260,142,202" step="2"/><W41/><G109/><T125/><D125/><U1/><E34/><V52/><F52/><W11/><G111/><T36/><D36/><U18/><E32/><V69/><F69/><W99/><G41/><T80/><D80/><U30/><E53/><V54/><F54/><W77/><G40/><T117/><D117/><U116/><E116/><V101/><F101/><W37/><G37/><T120/><D120/><U43/><E30/><V107/><F107/><W44/><G102/><T118/><D118/><U89/><E43/><V71/><F71/><W66/><G103/><T15/><D31/><U28/><E28/><V110/><F110/><W70/><G70/><T58/><D35/><U131/><E48/><V50/><F50/><W7/><G49/><T27/><D135/><U0/><E131/><V81/><AGARI ba="0,1" hai="2,6,9,56,60,67,81,86,90,92,94,95,112,113" machi="81" ten="30,2000,0" yaku="1,1,0,1,53,0" doraHai="68" doraHaiUra="38" who="2" fromWho="2" sc="386,-5,260,-5,142,30,202,-10" owari="381,48.0,255,6.0,172,-33.0,192,-21.0" /></mjloggm>