<mjloggm ver="2.3"><GO type="169" lobby="0"/><UN n0="%E5%B0%B1%E6%B4%BB%E7%94%9F%40%E5%B7%9D%E6%9D%91%E8%BB%8D%E5%9B%A3" n1="%E3%81%8A%E3%81%98%E3%81%95%E3%82%93" n2="%EF%BC%A1%E3%83%9D%E3%82%B1" n3="%E3%82%AF%E3%83%AD%E3%82%B9%E3%83%AD%E3%83%BC%E3%83%AB" dan="18,17,17,16" rate="2299.82,2187.32,2192.29,2053.55" sx="M,M,M,M"/><TAIKYOKU oya="0"/><INIT seed="0,0,0,5,5,127" ten="250,250,250,250" oya="0" hai0="120,25,57,14,66,118,110,74,102,64,86,87,45" hai1="72,6,61,131,135,23,36,119,106,20,108,63,43" hai2="0,55,94,125,5,126,3,88,107,51,54,84,114" hai3="121,67,58,111,35,105,21,26,30,70,99,52,122"/><T38/><D118/><U7/><E119/><V11/><F107/><W46/><G111/><T83/><D120/><N who="3" m="46185" /><G70/><T129/><D74/><U133/><E106/><V130/><F114/><W1/><G1/><T92/><D110/><U56/><E108/><V103/><F103/><N who="3" m="62719" /><G46/><T78/><D25/><U96/><E96/><V16/><F3/><W12/><G67/><T13/><D64/><U48/><E48/><V68/><F68/><W9/><G9/><T91/><D102/><U69/><E69/><V62/><F130/><W117/><G117/><T113/><D129/><U47/><E72/><V93/><F93/><W24/><G12/><T128/><D128/><U104/><E104/><V41/><F41/><W79/><G79/><T22/><D113/><U27/><E131/><V89/><F89/><W76/><G76/><T49/><D38/><U2/><E2/><V73/><F73/><W101/><G101/><T32/><D32/><U28/><E23/><V132/><F132/><N who="1" m="50761" /><E56/><V71/><F71/><W33/><G26/><T53/><REACH who="0" step="1"/><D22/><REACH who="0" ten="240,250,250,250" step="2"/><U100/><E100/><V97/><F126/><W40/><G35/><T82/><D82/><U116/><E116/><V44/><F125/><W80/><G80/><T31/><D31/><U98/><E28/><V123/><F123/><W8/><G33/><T85/><D85/><U77/><E27/><V60/><F84/><W19/><G30/><T95/><D95/><U81/><E20/><V124/><F124/><W59/><G24/><T75/><D75/><U4/><E98/><V37/><F97/><W109/><G109/><T115/><D115/><RYUUKYOKU ba="0,1" sc="240,15,250,15,250,-15,250,-15" hai0="13,14,45,49,53,57,66,78,83,86,87,91,92" hai1="4,6,7,36,43,47,61,63,77,81" /><INIT seed="0,1,1,4,4,32" ten="255,265,235,235" oya="0" hai0="128,111,104,133,6,63,97,94,1,134,25,50,113" hai1="7,33,87,37,3,105,101,47,121,125,57,126,5" hai2="131,13,78,71,52,8,93,31,45,66,108,69,81" hai3="24,85,95,103,27,120,99,4,20,74,11,96,22"/><T64/><D113/><U132/><E121/><V2/><F108/><W117/><G117/><T83/><D104/><U89/><E33/><V127/><F127/><N who="1" m="48649" /><E132/><N who="0" m="50793" /><D128/><U39/><E57/><V68/><F131/><W91/><G74/><T36/><D36/><N who="1" m="13899" /><E47/><V14/><F66/><W42/><G42/><T15/><D50/><U43/><E43/><V80/><F31/><W44/><G44/><T122/><D122/><U92/><E3/><V107/><F107/><W9/><G120/><T0/><D25/><U49/><E49/><V100/><F2/><N who="0" m="1130" /><D83/><U59/><E59/><V29/><F81/><W135/><G135/><T18/><D6/><U79/><E79/><V58/><F80/><W16/><G4/><T114/><D114/><U26/><E26/><V90/><F45/><W86/><G103/><N who="0" m="60855" /><D111/><U21/><E105/><V119/><F119/><W112/><G112/><T12/><D18/><U70/><E5/><V60/><F60/><W48/><G48/><T116/><D116/><U46/><E7/><V102/><F29/><N who="3" m="17543" /><G99/><T34/><D34/><U41/><E46/><V23/><F102/><W77/><G77/><T51/><D51/><U28/><E101/><V123/><F100/><W40/><G40/><T98/><D98/><U115/><E41/><V73/><F78/><W19/><G19/><T53/><D53/><U61/><E28/><V109/><F109/><W55/><G55/><T35/><D35/><U130/><E115/><V17/><F123/><W56/><G56/><AGARI ba="1,1" hai="12,15,56,63,64" m="60855,1130,50793" machi="56" ten="30,11600,0" yaku="20,1,52,3" doraHai="32" who="0" fromWho="3" sc="255,129,265,0,235,0,235,-119" /><INIT seed="0,2,0,1,4,7" ten="384,265,235,116" oya="0" hai0="95,50,14,44,63,78,68,45,113,66,118,38,124" hai1="120,42,91,65,47,72,121,84,39,57,24,102,5" hai2="74,86,96,11,32,89,82,108,46,79,114,37,16" hai3="40,64,0,117,85,12,132,13,110,105,55,92,27"/><T103/><D118/><U93/><E72/><V87/><F32/><W104/><G117/><T71/><D113/><U112/><E112/><V56/><F114/><W107/><G0/><T26/><D78/><U36/><E36/><V31/><F31/><W2/><G2/><T88/><D124/><U35/><E5/><V99/><F108/><W126/><G110/><T4/><D103/><U20/><E35/><V131/><F131/><W125/><G132/><T23/><D71/><U1/><E1/><V109/><F109/><W77/><G64/><T111/><D38/><U17/><REACH who="1" step="1"/><E102/><REACH who="1" ten="384,255,235,116" step="2"/><V90/><F37/><W70/><G125/><T30/><D111/><U129/><E129/><V122/><F122/><W133/><G126/><T19/><D4/><U94/><E94/><V48/><F74/><W18/><G92/><T15/><D50/><U54/><E54/><V67/><F67/><W62/><G55/><T3/><D3/><U80/><E80/><N who="2" m="49351" /><F79/><W135/><G104/><T21/><REACH who="0" step="1"/><D14/><REACH who="0" ten="374,255,235,116" step="2"/><U58/><E58/><V98/><F56/><W106/><G13/><T100/><D100/><U73/><E73/><V116/><F116/><W53/><G12/><T25/><D25/><U97/><E97/><AGARI ba="2,2" hai="15,19,21,23,26,30,44,45,63,66,68,88,95,97" machi="97" ten="30,5800,0" yaku="1,1,7,1,54,1,53,0" doraHai="7" doraHaiUra="134" who="0" fromWho="1" sc="374,84,255,-64,235,0,116,0" /><INIT seed="0,3,0,5,0,36" ten="458,191,235,116" oya="0" hai0="52,32,107,103,1,131,4,55,43,132,105,56,60" hai1="2,77,85,6,119,54,65,110,25,79,41,0,16" hai2="112,91,75,9,61,15,90,57,26,14,108,35,126" hai3="78,66,118,28,59,127,82,104,48,31,117,33,71"/><T94/><D32/><U17/><E119/><V92/><F75/><W106/><G127/><T73/><D73/><U120/><E120/><V134/><F112/><W72/><G71/><T76/><D76/><U98/><E65/><V121/><F121/><W122/><G122/><T116/><D116/><U113/><E113/><V18/><F126/><W46/><G117/><T99/><D131/><U47/><E54/><V69/><F69/><W109/><G118/><T7/><D132/><U128/><E128/><V96/><F134/><W133/><G133/><T115/><D115/><U89/><E98/><V74/><F74/><W13/><G109/><T114/><D114/><U12/><E25/><V20/><F108/><W86/><G72/><T80/><D80/><U100/><E100/><V51/><F35/><W135/><G135/><T40/><D1/><U45/><E45/><V87/><F51/><W67/><G13/><T95/><D95/><N who="1" m="54703" /><E0/><V81/><REACH who="2" step="1"/><F9/><REACH who="2" ten="458,191,225,116" step="2"/><W30/><G33/><T29/><D29/><U22/><E110/><V68/><F68/><W34/><G34/><T111/><D111/><U23/><E23/><V70/><F70/><W21/><G21/><T50/><D105/><U84/><E22/><V19/><F19/><W5/><G104/><T93/><D107/><U129/><E129/><V37/><F37/><W101/><G106/><T3/><D3/><U10/><E17/><V88/><F88/><W58/><G5/><N who="0" m="2123" /><D93/><U53/><E2/><V8/><F8/><W124/><G124/><T38/><D38/><N who="1" m="21943" /><E6/><V102/><F102/><W27/><G101/><T64/><D50/><RYUUKYOKU ba="3,1" sc="458,15,191,-15,225,15,116,-15" hai0="40,43,52,55,56,60,64,94,99,103" hai2="14,15,18,20,26,57,61,81,87,90,91,92,96" /><INIT seed="0,4,1,2,5,55" ten="473,176,240,101" oya="0" hai0="43,105,73,46,76,130,119,13,10,77,17,88,94" hai1="135,69,21,26,104,84,112,51,117,106,98,101,41" hai2="40,91,22,102,66,74,36,133,28,122,80,12,49" hai3="34,23,99,37,87,7,30,100,45,125,52,83,126"/><T29/><D105/><U109/><E117/><V82/><F36/><W108/><G108/><T32/><D119/><U4/><E69/><V89/><F122/><W107/><G7/><T131/><D32/><U81/><E109/><V97/><F66/><W123/><G123/><T111/><D29/><U62/><E135/><V86/><F133/><W72/><G72/><T57/><D111/><U134/><E134/><V19/><F28/><W85/><G34/><T63/><D73/><U59/><E4/><V118/><F118/><W70/><G70/><T110/><D110/><U38/><E38/><V93/><F74/><W18/><G30/><T75/><D75/><U128/><E128/><N who="0" m="49193" /><D46/><U3/><E3/><V127/><F127/><N who="3" m="48651" /><G83/><N who="2" m="31785" /><F86/><W92/><G107/><T64/><D43/><U103/><E41/><V115/><F115/><W2/><G2/><T71/><D71/><U33/><E112/><V39/><F39/><W15/><G37/><T5/><D5/><U48/><E33/><V58/><F40/><W42/><G42/><T1/><D1/><U25/><E106/><V79/><F79/><W113/><G113/><T132/><D132/><U6/><E6/><V124/><F124/><W35/><G35/><T53/><D64/><U120/><E120/><V0/><F0/><W116/><G116/><T68/><D68/><U50/><E104/><V96/><F96/><AGARI ba="4,1" hai="10,13,17,53,57,63,76,77,88,94,96" m="49193" machi="96" ten="30,5800,0" yaku="19,1,52,1,54,1" doraHai="55" who="0" fromWho="2" sc="473,80,176,0,240,-70,101,0" /><INIT seed="0,5,0,4,1,128" ten="553,176,170,101" oya="0" hai0="17,14,131,3,104,93,32,52,10,125,31,40,84" hai1="36,54,74,106,97,22,111,56,47,80,71,63,102" hai2="28,20,1,2,58,81,103,133,89,34,49,51,121" hai3="23,76,120,44,25,94,46,129,35,0,62,124,11"/><T37/><D104/><U126/><E111/><V53/><F34/><W105/><G129/><T26/><D131/><U38/><E126/><V99/><F121/><W114/><G105/><T60/><D125/><U118/><E118/><V108/><F108/><W86/><G124/><T7/><D37/><U130/><E130/><V116/><F116/><W67/><G114/><T41/><D93/><U19/><E71/><V75/><F133/><W79/><G120/><T18/><D84/><U98/><E98/><V117/><F117/><W100/><G35/><T33/><D33/><U69/><E69/><V59/><F89/><N who="3" m="53559" /><G0/><T43/><REACH who="0" step="1"/><D3/><REACH who="0" ten="543,176,170,101" step="2"/><U92/><E106/><V96/><F2/><W9/><G100/><T16/><D16/><U95/><E95/><V101/><F1/><W30/><G79/><T57/><AGARI ba="5,1" hai="7,10,14,17,18,26,31,32,40,41,43,52,57,60" machi="57" ten="30,11700,0" yaku="1,1,0,1,54,1,53,1" doraHai="128" doraHaiUra="27" who="0" fromWho="0" sc="543,142,176,-44,170,-44,101,-44" /><INIT seed="0,6,0,3,5,109" ten="685,132,126,57" oya="0" hai0="119,74,39,90,80,51,95,46,135,72,114,112,49" hai1="71,35,91,64,101,111,94,1,81,24,22,117,87" hai2="19,33,134,122,70,77,0,121,34,106,63,20,82" hai3="96,43,108,115,29,58,10,129,73,66,41,69,116"/><T128/><D39/><U28/><E111/><V85/><F106/><W107/><G108/><T11/><D119/><U47/><E117/><V38/><F0/><W99/><G116/><T25/><D128/><U98/><E1/><V79/><F134/><W104/><G129/><T83/><D135/><U18/><E71/><V78/><F38/><W57/><G69/><T55/><D74/><U133/><E133/><V27/><F34/><W9/><G73/><T86/><D25/><U26/><E47/><V93/><F33/><W68/><G68/><T61/><D61/><U113/><REACH who="1" step="1"/><E64/><REACH who="1" ten="685,122,126,57" step="2"/><V45/><F45/><W123/><G66/><T15/><D51/><U7/><E7/><V4/><F4/><W118/><G118/><T60/><D60/><U89/><E89/><V17/><F63/><W8/><G123/><T50/><D50/><U102/><E102/><V103/><F70/><W48/><G48/><T127/><D127/><U2/><E2/><V92/><F122/><W32/><G32/><T16/><REACH who="0" step="1"/><D72/><REACH who="0" ten="675,122,126,57" step="2"/><U126/><E126/><V110/><F121/><W37/><G37/><T6/><D6/><U88/><E88/><N who="2" m="51255" /><F110/><W131/><G131/><T21/><D21/><U3/><E3/><V42/><F20/><W132/><G132/><T100/><D100/><U14/><E14/><V124/><F103/><W12/><G12/><T125/><D125/><U65/><E65/><V54/><F124/><W105/><G8/><T56/><D56/><U23/><E23/><V76/><F76/><W44/><G58/><T62/><D62/><U75/><E75/><V30/><F79/><RYUUKYOKU ba="6,2" sc="675,15,122,15,126,-15,57,-15" hai0="11,15,16,46,49,55,80,83,86,90,95,112,114" hai1="18,22,24,26,28,35,81,87,91,94,98,101,113" /><INIT seed="0,7,2,2,0,109" ten="690,137,111,42" oya="0" hai0="42,104,59,58,82,13,86,62,70,102,120,93,22" hai1="87,43,90,56,131,133,129,10,130,12,122,103,77" hai2="108,52,33,75,117,15,30,105,31,118,106,114,6" hai3="35,66,78,69,36,39,83,11,94,17,125,9,132"/><T47/><D120/><U81/><E133/><V25/><F75/><W107/><G107/><T2/><D2/><U79/><E122/><V115/><F108/><W20/><G132/><T23/><D104/><N who="2" m="40042" /><F31/><W74/><G35/><T100/><D70/><U24/><E103/><N who="0" m="39465" /><D93/><U101/><E101/><V112/><F52/><W67/><G125/><T3/><D3/><U121/><E121/><V27/><F15/><W54/><G94/><T65/><D59/><U128/><E128/><V97/><F97/><W68/><G54/><T0/><D0/><U44/><E24/><N who="2" m="18631" /><F6/><W113/><G68/><T126/><D126/><U40/><E56/><V53/><F53/><W50/><G50/><N who="0" m="26999" /><D13/><U34/><E34/><V92/><F92/><W46/><G67/><T26/><D26/><U119/><E119/><N who="2" m="45579" /><F25/><W116/><G116/><T80/><D80/><U21/><E131/><V91/><F27/><W71/><G83/><T7/><D7/><N who="1" m="3167" /><E130/><V57/><F91/><AGARI ba="7,2" hai="22,23,58,62,65,82,86,91" m="26999,39465" machi="91" ten="30,1500,0" yaku="8,1" doraHai="109" who="0" fromWho="2" sc="690,56,137,0,111,-36,42,0" /><INIT seed="0,8,0,4,1,131" ten="746,137,75,42" oya="0" hai0="27,35,86,76,21,95,113,94,120,34,134,6,92" hai1="130,20,56,3,42,123,50,18,2,38,15,31,79" hai2="105,11,109,73,89,4,66,58,96,81,24,1,43" hai3="52,64,69,16,14,44,13,12,7,30,114,102,22"/><T111/><D113/><U101/><E123/><V100/><F109/><W26/><G114/><T36/><D36/><U121/><E121/><V74/><F43/><W119/><G119/><T25/><D120/><U107/><E38/><V80/><F24/><W37/><G102/><T48/><D6/><U62/><E79/><V117/><F117/><W118/><G118/><T127/><D127/><U110/><E130/><V49/><F49/><N who="3" m="28711" /><G69/><T53/><D111/><U23/><E110/><V63/><REACH who="2" step="1"/><F89/><REACH who="2" ten="746,137,65,42" step="2"/><W59/><G37/><T0/><D27/><U91/><E50/><V77/><F77/><W97/><G97/><T132/><D76/><U133/><E42/><V8/><F8/><N who="3" m="4127" /><G30/><T60/><D60/><AGARI ba="8,1" hai="13,14,16,22,26,59,60,64" m="4127,28711" machi="60" ten="30,3900,0" yaku="8,1,54,2" doraHai="131" who="3" fromWho="0" sc="746,-63,137,0,65,0,42,73" /><INIT seed="1,0,0,2,3,79" ten="683,137,65,115" oya="1" hai0="83,44,103,43,46,122,132,48,23,110,8,51,61" hai1="13,63,45,1,67,95,130,113,74,127,60,87,62" hai2="18,54,14,112,80,34,119,64,56,135,38,108,134" hai3="69,93,102,22,6,111,133,128,3,123,107,53,117"/><U125/><E74/><V7/><F34/><W17/><G123/><T47/><D122/><U85/><E1/><V105/><F38/><W114/><G114/><T116/><D110/><U0/><E0/><V81/><F105/><W72/><G111/><T58/><D116/><U75/><E75/><V24/><F108/><W126/><G117/><T99/><D8/><U66/><E113/><V2/><F112/><W21/><G107/><T96/><D132/><N who="2" m="50730" /><F24/><W37/><G133/><T84/><D23/><U97/><E130/><V92/><F119/><W76/><G128/><T98/><D103/><U10/><E45/><V20/><F92/><W109/><G126/><N who="1" m="48138" /><E67/><V31/><F31/><W28/><G28/><T42/><D46/><U9/><E66/><V4/><F64/><W94/><G69/><T86/><D83/><N who="2" m="31818" /><F2/><W68/><G3/><T35/><D35/><U29/><E29/><V104/><F104/><W50/><G37/><T25/><D25/><U11/><E13/><V121/><F121/><W91/><G109/><T118/><D118/><U40/><E40/><V115/><F115/><W71/><G71/><T59/><D59/><U26/><E26/><V65/><F65/><AGARI ba="0,0" hai="42,43,44,47,48,51,58,61,65,84,86,96,98,99" machi="65" ten="40,2600,0" yaku="9,1,8,1" doraHai="79" who="0" fromWho="2" sc="683,26,137,0,65,-26,115,0" /><INIT seed="2,0,0,4,4,131" ten="709,137,39,115" oya="2" hai0="29,12,33,105,49,118,24,9,78,21,112,85,48" hai1="30,55,31,109,115,16,4,50,42,32,127,82,63" hai2="106,18,5,87,23,44,132,36,108,14,67,114,64" hai3="91,52,2,84,92,56,98,54,122,59,89,15,27"/><V46/><F106/><W95/><G2/><T76/><D105/><U79/><E115/><V126/><F114/><W47/><G122/><T62/><D112/><U81/><E109/><V3/><F108/><W96/><G27/><T128/><D128/><U8/><E127/><V113/><F113/><W80/><G15/><T45/><D33/><U102/><E102/><V90/><F126/><W69/><G69/><T66/><D118/><U104/><E104/><V130/><F130/><W53/><REACH who="3" step="1"/><G47/><REACH who="3" ten="709,137,39,105" step="2"/><T57/><D45/><U40/><E32/><V103/><F46/><W6/><G6/><T99/><D12/><U121/><E4/><V17/><F5/><W93/><G93/><T7/><D7/><U11/><E121/><V100/><F3/><W133/><G133/><T119/><D119/><U51/><E82/><N who="2" m="49527" /><F132/><W75/><G75/><T129/><D9/><U39/><E8/><N who="2" m="6343" /><F44/><W83/><G83/><T88/><D129/><U117/><E81/><V61/><F36/><W10/><G10/><T107/><D107/><U28/><E39/><V86/><F86/><W134/><G134/><T0/><D0/><U77/><E117/><V125/><F125/><W70/><G70/><T26/><D26/><U111/><E111/><V101/><F61/><W65/><G65/><T37/><D37/><U68/><E68/><V116/><F116/><W135/><G135/><T41/><D85/><U97/><E63/><V34/><F34/><W120/><G120/><T38/><D38/><U74/><E74/><V124/><F124/><W110/><G110/><T22/><D62/><U60/><E60/><RYUUKYOKU ba="0,1" sc="709,-15,137,-15,39,15,105,15" hai2="18,23,64,67,100,101,103" hai3="52,53,54,56,59,80,84,89,91,92,95,96,98" /><INIT seed="2,1,1,3,4,83" ten="694,122,54,120" oya="2" hai0="76,113,56,10,9,66,107,30,133,78,44,80,117" hai1="43,50,129,128,27,3,24,102,127,42,121,7,90" hai2="16,89,130,2,99,17,34,13,71,131,57,135,52" hai3="98,100,47,87,84,126,26,45,93,55,22,74,14"/><V21/><F71/><W106/><G126/><T92/><D107/><U8/><E127/><V64/><F34/><W46/><G74/><T72/><D113/><U79/><E79/><V12/><F2/><W58/><G14/><T35/><D133/><U68/><E68/><V73/><F73/><W91/><G106/><T70/><D70/><U110/><E102/><V59/><F135/><W101/><G101/><T40/><D78/><U5/><E110/><V15/><F64/><W69/><G100/><T51/><D117/><U31/><E121/><V54/><F89/><W49/><G69/><T124/><D124/><U32/><E7/><V119/><F99/><W41/><G41/><T123/><D123/><U134/><E134/><V19/><F21/><W25/><G25/><T77/><D77/><U132/><E132/><V105/><F105/><W108/><G108/><T109/><D109/><U33/><E90/><V48/><REACH who="2" step="1"/><F119/><REACH who="2" ten="694,122,44,120" step="2"/><W82/><G82/><T95/><D95/><U53/><E33/><V104/><F104/><W65/><G65/><T67/><D92/><U81/><E81/><V86/><F86/><W88/><G91/><T60/><D67/><U114/><E32/><V29/><F29/><AGARI ba="1,2" hai="22,26,29,45,46,47,49,55,58,84,87,88,93,98" machi="29" ten="40,8000,1" yaku="8,1,52,2,54,1" doraHai="83" who="3" fromWho="2" sc="694,0,122,0,44,-83,120,103" owari="694,80.0,122,-28.0,-39,-54.0,223,2.0" /></mjloggm>