<mjloggm ver="2.3"><GO type="169" lobby="0"/><UN n0="%4D%61%67%69%61" n1="%64%75%72%72%72%72%72" n2="%E3%82%A6%E3%83%AB%E3%83%88%E3%83%A9%E7%AB%8B%E7%9B%B4" n3="%4A%57%49%4C%4C" dan="16,17,16,17" rate="2100.39,2221.84,2160.99,2178.86" sx="M,M,M,M"/><TAIKYOKU oya="0"/><INIT seed="0,0,0,1,2,5" ten="250,250,250,250" oya="0" hai0="69,81,74,30,4,67,83,91,113,18,116,94,3" hai1="125,55,117,49,66,90,99,35,105,77,21,28,32" hai2="68,38,37,36,129,13,120,130,29,23,46,102,126" hai3="101,44,47,14,98,73,34,16,17,52,86,79,114"/><T87/><D113/><U10/><E117/><V85/><F68/><W53/><G73/><T39/><D116/><U124/><E77/><V19/><F120/><W61/><G34/><T110/><D39/><U135/><E66/><V121/><F121/><W131/><G114/><T63/><D30/><U97/><E90/><V92/><F29/><W106/><G131/><N who="2" m="50185" /><F126/><W51/><G17/><T31/><D31/><U62/><E62/><V12/><F12/><W96/><G96/><T128/><D128/><U118/><E28/><V88/><F102/><W80/><G61/><T111/><D18/><U45/><E49/><V71/><F71/><W48/><G48/><T89/><D74/><U11/><E45/><AGARI ba="0,0" hai="13,19,23,36,37,38,45,46,85,88,92" m="50185" machi="45" ten="40,2600,0" yaku="19,1,54,1" doraHai="5" who="2" fromWho="1" sc="250,0,250,-26,250,26,250,0" /><INIT seed="1,0,0,0,2,127" ten="250,224,276,250" oya="1" hai0="17,116,86,20,15,125,4,37,102,11,27,7,85" hai1="51,76,6,122,45,64,54,106,84,97,112,99,22" hai2="129,38,104,55,33,32,98,49,41,42,40,36,113" hai3="92,110,121,34,21,66,13,53,18,72,3,60,82"/><U56/><E112/><V91/><F91/><W9/><G121/><T67/><D37/><N who="2" m="14442" /><F98/><W95/><G110/><T24/><D125/><U12/><E122/><V115/><F104/><W94/><G34/><N who="2" m="13417" /><F55/><W1/><G53/><T123/><D123/><U23/><E106/><V35/><F35/><W31/><G31/><T29/><D116/><U132/><E132/><V65/><F49/><W100/><G100/><T61/><D102/><U128/><E128/><V120/><F120/><W39/><G39/><T74/><D74/><U124/><E124/><V16/><F16/><W47/><G47/><T71/><REACH who="0" step="1"/><D7/><REACH who="0" ten="240,224,276,250" step="2"/><U118/><E118/><V26/><F115/><W63/><G72/><T111/><D111/><U135/><E135/><V30/><F113/><W126/><G126/><T0/><D0/><U103/><E103/><V43/><F43/><W88/><G3/><T77/><D77/><U131/><E6/><V46/><F40/><W2/><G2/><T68/><D68/><U109/><E109/><V130/><F41/><W73/><G73/><T28/><D28/><U78/><E76/><V83/><F42/><W108/><G108/><T80/><D80/><U10/><E78/><V101/><F83/><W79/><G79/><T5/><D5/><U119/><E119/><V105/><F101/><W114/><G114/><T59/><D59/><U93/><E56/><V19/><F105/><W25/><G1/><T133/><D133/><U90/><E45/><V69/><F46/><W62/><G82/><T8/><D8/><U75/><E10/><V58/><F58/><N who="3" m="37143" /><G88/><T44/><D44/><RYUUKYOKU ba="0,1" sc="240,15,224,-15,276,-15,250,15" hai0="4,11,15,17,20,24,27,29,61,67,71,85,86" hai3="9,13,18,21,25,62,63,92,94,95" /><INIT seed="2,1,1,0,3,34" ten="255,209,261,265" oya="2" hai0="43,22,51,18,78,5,2,65,16,68,92,74,33" hai1="97,11,101,107,133,30,111,118,40,0,47,104,120" hai2="10,20,132,82,25,50,121,12,37,19,134,23,31" hai3="28,113,73,60,69,63,21,98,26,127,6,116,53"/><V77/><F37/><W87/><G116/><T24/><D33/><U45/><E118/><V94/><F121/><W39/><G73/><T61/><D74/><U84/><E120/><V8/><F94/><W114/><G39/><T4/><D78/><U112/><E112/><N who="3" m="43114" /><G127/><T89/><D18/><U126/><E126/><V58/><F50/><W55/><G98/><T67/><D67/><U125/><E111/><V64/><F58/><W128/><G128/><T66/><D66/><U81/><E133/><N who="2" m="51307" /><F64/><N who="3" m="41095" /><G63/><T15/><D24/><U7/><E107/><V70/><F70/><W124/><G124/><T14/><D14/><U88/><E125/><V110/><F110/><W117/><G117/><T27/><D27/><U35/><E45/><V96/><F96/><W36/><G36/><T90/><D43/><U48/><E35/><V83/><F83/><W38/><G38/><T54/><D5/><U17/><REACH who="1" step="1"/><E17/><REACH who="1" ten="255,199,261,265" step="2"/><V49/><F49/><W3/><G87/><AGARI ba="1,2" hai="8,10,12,19,20,23,25,31,77,82,87" m="51307" machi="87" ten="30,1500,0" yaku="20,1" doraHai="34" who="2" fromWho="3" sc="255,0,199,0,261,38,265,-18" /><INIT seed="2,2,0,1,4,85" ten="255,199,299,247" oya="2" hai0="24,28,13,10,96,127,42,70,68,107,100,15,124" hai1="64,21,67,53,92,134,88,86,30,98,113,48,45" hai2="135,6,9,101,22,38,25,14,80,59,114,110,123" hai3="78,61,35,97,66,19,41,2,34,71,5,37,74"/><V26/><F123/><W99/><G19/><T112/><D112/><U52/><E113/><V44/><F114/><W116/><G99/><T57/><D42/><U49/><E134/><V31/><F135/><W65/><G65/><T27/><D57/><N who="1" m="32903" /><E98/><V1/><F110/><W72/><G97/><T12/><D10/><U0/><E0/><V118/><F101/><W54/><G54/><T32/><REACH who="0" step="1"/><D24/><AGARI ba="2,0" hai="21,24,30,45,49,53,64,67,86,88,92" m="32903" machi="24" ten="30,7700,0" yaku="8,1,52,1,54,2" doraHai="85" who="1" fromWho="0" sc="255,-83,199,83,299,0,247,0" /><INIT seed="3,0,0,2,0,125" ten="172,282,299,247" oya="3" hai0="130,120,18,10,104,59,88,111,71,48,116,24,63" hai1="118,5,45,32,78,112,87,30,115,68,99,42,83" hai2="6,124,75,80,31,91,133,53,76,15,126,47,85" hai3="37,96,54,11,39,62,35,134,50,97,51,27,33"/><W81/><G11/><T3/><D116/><U25/><E68/><V65/><F31/><W1/><G1/><T92/><D120/><U70/><E70/><V113/><F65/><W110/><G81/><T103/><D103/><U89/><E118/><V26/><F26/><W34/><G27/><T56/><D104/><U41/><E41/><V121/><F113/><W100/><G134/><T66/><D111/><U109/><E109/><V7/><F15/><W127/><G110/><T114/><D114/><U94/><REACH who="1" step="1"/><E5/><REACH who="1" ten="172,272,299,247" step="2"/><V12/><F6/><W0/><G127/><T123/><D71/><U57/><E57/><V8/><F7/><W46/><G0/><T67/><D59/><U131/><E131/><V43/><F43/><W82/><G62/><T102/><D130/><U108/><E108/><V55/><F126/><W95/><G82/><T72/><D56/><U101/><E101/><V19/><F124/><W77/><G77/><T98/><D102/><U74/><E74/><V16/><F75/><W84/><G100/><T36/><D72/><U4/><E4/><V38/><F76/><W49/><G54/><T105/><D63/><U86/><E86/><V69/><F55/><W128/><G128/><T13/><D3/><U132/><E132/><V40/><F53/><W44/><G84/><T61/><D61/><U107/><E107/><V9/><F133/><W60/><G60/><T117/><D105/><U122/><E122/><V64/><F121/><W17/><G96/><T93/><D98/><U23/><E23/><V52/><F85/><W73/><G73/><T20/><D123/><RYUUKYOKU ba="0,1" sc="172,-10,272,30,299,-10,247,-10" hai1="25,30,32,42,45,78,83,87,89,94,99,112,115" /><INIT seed="4,1,1,1,4,44" ten="162,302,289,237" oya="0" hai0="14,94,99,76,50,77,132,111,91,48,26,37,68" hai1="63,55,57,41,7,25,12,117,42,121,128,81,20" hai2="93,83,88,36,31,47,54,103,85,3,53,9,71" hai3="90,65,129,58,112,124,69,61,51,30,33,135,80"/><T75/><D37/><U104/><E121/><V18/><F71/><W119/><G119/><T125/><D68/><U100/><E117/><V84/><F31/><W96/><G112/><T95/><D125/><U115/><E115/><V60/><F60/><W105/><G124/><T106/><D106/><U113/><E113/><V73/><F73/><W8/><G129/><T6/><D132/><U32/><E128/><V62/><F62/><W126/><G126/><T123/><D123/><U45/><E32/><V38/><F103/><W70/><G135/><T2/><D2/><U120/><E120/><V11/><F11/><W10/><G70/><T35/><D111/><U109/><E109/><V86/><F86/><W107/><G107/><T5/><D35/><U108/><E108/><V87/><F87/><W133/><G133/><T13/><D26/><U114/><E81/><V22/><F9/><W92/><G105/><T122/><D122/><U72/><E72/><V40/><F3/><W102/><G33/><T46/><D46/><U4/><E12/><N who="0" m="4713" /><D75/><U43/><E45/><V49/><F38/><W19/><G30/><T15/><D95/><U59/><E59/><V118/><F36/><W130/><G130/><T39/><D39/><U116/><E116/><V79/><F118/><W16/><G80/><T78/><N who="0" m="4721" /><AGARI ba="1,1" hai="15,18,22,40,47,49,53,54,79,83,84,85,88,93" machi="15" ten="30,8000,1" yaku="3,1,7,1,8,1,52,1,54,1" doraHai="44" who="2" fromWho="0" sc="162,-83,302,0,289,93,237,0" /><INIT seed="5,0,0,5,0,64" ten="79,302,382,237" oya="1" hai0="66,56,127,103,87,48,9,63,72,53,105,17,101" hai1="41,112,119,106,129,25,70,62,8,98,128,86,93" hai2="89,57,71,13,83,26,33,27,49,39,84,91,118" hai3="54,19,116,77,113,104,15,110,74,50,107,125,16"/><U59/><E119/><V5/><F39/><W73/><G110/><T121/><D72/><U80/><E106/><V2/><F2/><W122/><G122/><T45/><D105/><U6/><E41/><V76/><F71/><W30/><G30/><T82/><D127/><U115/><E25/><N who="2" m="9227" /><F33/><W88/><G125/><T92/><D92/><U21/><E21/><V94/><F118/><W12/><G116/><T44/><D44/><U79/><E70/><V100/><F49/><W60/><G60/><T109/><D109/><U31/><E31/><V96/><F57/><W55/><G50/><T35/><D121/><U97/><E8/><AGARI ba="0,0" hai="5,8,13,76,83,84,89,91,94,96,100" m="9227" machi="8" ten="30,1000,0" yaku="8,1" doraHai="64" who="2" fromWho="1" sc="79,0,302,-10,382,10,237,0" /><INIT seed="6,0,0,2,2,97" ten="79,292,392,237" oya="2" hai0="110,19,73,133,88,39,71,20,76,5,91,83,116" hai1="92,62,65,125,106,8,13,47,99,17,16,25,0" hai2="100,119,84,37,12,61,77,111,89,120,78,115,122" hai3="58,41,10,104,38,18,36,107,2,126,80,131,7"/><V74/><F37/><W52/><G131/><T35/><D5/><U57/><E125/><V85/><F61/><W45/><G38/><T68/><D20/><N who="1" m="13447" /><E0/><V59/><F12/><W95/><G126/><T128/><D19/><U55/><E106/><V130/><F59/><W93/><G18/><T1/><D88/><N who="1" m="55687" /><E47/><V132/><F130/><W3/><G3/><T121/><D91/><U114/><E114/><V94/><F115/><W53/><G53/><T42/><D83/><U28/><E28/><V9/><F74/><W4/><G4/><T23/><D23/><U27/><E27/><V46/><F46/><W87/><G107/><T32/><D76/><U134/><E134/><V51/><F77/><W60/><REACH who="3" step="1"/><G104/><REACH who="3" ten="79,292,392,227" step="2"/><T75/><D42/><U67/><AGARI ba="0,1" hai="8,13,17,55,57,62,65,67" m="55687,13447" machi="67" ten="30,7900,0" yaku="25,1,8,1,54,2" doraHai="97" who="1" fromWho="1" sc="79,-20,292,89,392,-39,227,-20" /><INIT seed="7,0,0,1,4,55" ten="59,381,353,207" oya="3" hai0="48,99,11,88,37,95,10,76,13,4,115,87,80" hai1="22,125,128,19,92,27,94,98,110,111,39,105,20" hai2="7,32,44,34,103,72,24,132,106,85,43,126,51" hai3="101,71,17,108,47,120,30,75,45,119,12,63,3"/><W15/><G120/><T114/><D37/><U0/><E105/><V69/><F72/><W61/><G119/><T109/><D109/><U93/><E98/><V25/><F69/><W127/><G3/><T50/><REACH who="0" step="1"/><D11/><REACH who="0" ten="49,381,353,207" step="2"/><U1/><E39/><V123/><F123/><W35/><G108/><T5/><D5/><U130/><E125/><V81/><F126/><W52/><G127/><T40/><D40/><U102/><E102/><V59/><F132/><W18/><G101/><T26/><D26/><N who="1" m="14623" /><E110/><V2/><F103/><W14/><G75/><T9/><D9/><U31/><E111/><V64/><F106/><W129/><G129/><AGARI ba="0,1" hai="0,1,22,27,31,92,93,94,128,129,130" m="14623" machi="129" ten="30,1000,0" yaku="19,1" doraHai="55" who="1" fromWho="3" sc="49,0,381,20,353,0,207,-10" owari="49,-45.0,401,50.0,353,15.0,197,-20.0" /></mjloggm>