<mjloggm ver="2.3"><GO type="169" lobby="0"/><UN n0="%EF%BC%A1%E3%83%9D%E3%82%B1" n1="%E3%82%A6%E3%83%AB%E3%83%88%E3%83%A9%E7%AB%8B%E7%9B%B4" n2="%4B%E3%80%82" n3="%E3%82%B8%E3%83%A3%E3%82%B9%E3%83%9F%E3%83%B3%E7%8E%8B%E5%AD%90" dan="17,17,17,16" rate="2142.37,2176.09,2194.75,2125.62" sx="M,M,M,M"/><TAIKYOKU oya="0"/><INIT seed="0,0,0,1,1,80" ten="250,250,250,250" oya="0" hai0="61,38,85,90,95,14,107,120,53,66,62,45,29" hai1="55,22,125,92,73,41,30,109,33,13,74,112,97" hai2="23,34,130,94,7,52,108,31,76,67,121,28,43" hai3="9,89,42,25,93,35,101,124,20,69,111,104,2"/><T100/><D120/><U4/><E41/><V46/><F121/><W36/><G111/><T27/><D14/><U127/><E109/><V115/><F34/><W49/><G124/><N who="1" m="47690" /><E112/><V56/><F67/><W18/><G69/><T11/><D11/><N who="1" m="4327" /><E33/><V15/><F130/><W21/><G36/><T79/><D79/><U110/><E55/><V83/><F94/><W129/><G129/><T39/><D53/><U48/><E48/><N who="2" m="26719" /><F115/><W82/><G104/><T63/><D66/><U19/><E30/><V32/><F32/><W117/><G117/><T87/><D45/><U65/><E65/><V16/><F7/><W105/><G105/><T70/><D70/><U113/><E113/><V123/><F123/><W24/><G35/><T71/><D71/><U72/><E110/><V103/><F103/><W77/><G101/><T26/><D29/><U122/><E122/><V88/><F76/><W102/><G102/><T126/><D126/><U68/><E68/><V84/><F108/><W40/><G49/><AGARI ba="0,0" hai="15,16,23,28,31,49,52,56,83,84,88" m="26719" machi="49" ten="30,8000,1" yaku="8,1,52,1,54,3" doraHai="80" who="2" fromWho="3" sc="250,0,250,0,250,80,250,-80" /><INIT seed="1,0,0,5,3,48" ten="250,250,330,170" oya="1" hai0="1,120,7,30,27,59,107,25,5,33,14,15,90" hai1="6,119,129,86,94,82,64,46,115,110,134,32,3" hai2="122,74,116,68,113,43,102,118,104,99,42,126,81" hai3="13,11,96,67,100,63,2,76,55,17,0,83,125"/><U130/><E32/><V61/><F122/><W66/><G125/><T47/><D107/><U95/><E3/><V85/><F126/><W73/><G66/><T52/><D120/><U70/><E6/><V21/><F113/><W57/><REACH who="3" step="1"/><G67/><REACH who="3" ten="250,250,330,160" step="2"/><T50/><D1/><U105/><E64/><V20/><F116/><W53/><G53/><N who="0" m="29919" /><D33/><U89/><E119/><V87/><F118/><W31/><G31/><T132/><D132/><U37/><E134/><V40/><F42/><W133/><G133/><T49/><D30/><U34/><E34/><V79/><F40/><W65/><G65/><T72/><D72/><U117/><E117/><V93/><F43/><W131/><G131/><T114/><D114/><U108/><E115/><V78/><F74/><W8/><G8/><N who="0" m="4367" /><D90/><U51/><E130/><V41/><F41/><W75/><G75/><T28/><D28/><U39/><E129/><V60/><F68/><W38/><G38/><T80/><D80/><U29/><E70/><V23/><F104/><AGARI ba="0,1" hai="0,2,11,13,17,55,57,63,73,76,83,96,100,104" machi="104" ten="30,7700,0" yaku="1,1,7,1,52,1,53,1" doraHai="48" doraHaiUra="101" who="3" fromWho="2" sc="250,0,250,0,330,-77,160,87" /><INIT seed="2,0,0,2,5,123" ten="250,250,253,247" oya="2" hai0="113,99,106,71,86,80,50,4,6,81,47,131,43" hai1="70,56,134,21,17,133,122,115,40,23,79,33,116" hai2="72,121,107,44,111,1,67,3,24,69,66,101,120" hai3="20,93,91,14,0,128,31,68,114,16,38,63,55"/><V95/><F72/><W108/><G128/><T103/><D131/><U52/><E70/><V15/><F15/><W34/><G114/><T92/><D113/><U119/><E33/><V37/><F95/><W82/><G108/><T28/><D71/><U59/><E115/><V87/><F87/><W60/><G38/><T110/><D110/><U46/><E79/><V85/><F85/><W98/><G0/><T11/><D28/><U65/><E21/><V29/><F111/><W7/><G7/><T97/><D6/><U84/><E84/><V64/><F3/><W57/><G82/><T109/><D109/><U51/><E23/><V76/><F1/><W100/><G68/><T12/><REACH who="0" step="1"/><D86/><REACH who="0" ten="240,250,253,247" step="2"/><U127/><E122/><V126/><F69/><W26/><REACH who="3" step="1"/><G100/><AGARI ba="0,1" hai="4,11,12,43,47,50,80,81,92,97,99,100,103,106" machi="100" ten="30,3900,0" yaku="1,1,2,1,7,1,53,0" doraHai="123" doraHaiUra="27" who="0" fromWho="3" sc="240,49,250,0,253,0,247,-39" /><INIT seed="3,0,0,3,0,134" ten="289,250,253,208" oya="3" hai0="29,8,37,27,103,109,43,58,132,54,116,79,61" hai1="87,38,70,53,114,96,48,81,133,86,122,34,45" hai2="84,113,9,76,126,131,101,1,52,0,92,5,117" hai3="39,13,4,55,46,95,130,69,102,74,14,26,71"/><W33/><G74/><T105/><D132/><U63/><E114/><V110/><F117/><W23/><G130/><T107/><D107/><U64/><BYE who="0" /><E122/><V89/><F113/><W129/><G129/><T120/><D120/><U68/><E133/><V60/><F131/><W111/><G33/><T118/><D118/><U88/><E34/><V32/><F32/><W73/><G73/><T2/><D2/><U19/><E38/><V135/><F135/><W42/><G111/><T72/><D72/><U85/><E70/><V57/><F76/><W31/><G55/><T125/><D125/><U40/><E40/><V93/><F110/><W99/><REACH who="3" step="1"/><G4/><REACH who="3" ten="289,250,253,198" step="2"/><T18/><D18/><U15/><REACH who="1" step="1"/><E96/><REACH who="1" ten="289,240,253,198" step="2"/><V30/><F126/><W28/><G28/><T7/><D7/><U25/><E25/><V3/><F30/><W75/><G75/><T62/><D62/><U50/><E50/><V119/><F119/><W127/><G127/><T17/><D17/><U80/><E80/><V65/><F5/><W115/><G115/><T20/><D20/><AGARI ba="0,2" hai="15,19,20,45,48,53,63,64,68,81,85,86,87,88" machi="20" ten="30,3900,0" yaku="1,1,7,1,54,1,53,0" doraHai="134" doraHaiUra="98" who="1" fromWho="0" sc="289,-39,240,59,253,0,198,0" /><INIT seed="4,0,0,0,3,40" ten="250,299,253,198" oya="0" hai0="93,135,7,42,64,11,89,68,121,84,133,45,98" hai1="65,81,47,110,120,57,102,56,96,87,77,126,55" hai2="123,116,22,31,46,8,35,2,131,71,58,14,24" hai3="51,103,34,52,21,67,63,12,29,20,25,128,28"/><T130/><D130/><U109/><E110/><V114/><F71/><W97/><G128/><T100/><D100/><U75/><E109/><V10/><F131/><W94/><G28/><T118/><D118/><U79/><E120/><V62/><F123/><W86/><G86/><T99/><D99/><U124/><E77/><V59/><F114/><W15/><G21/><T33/><D33/><U78/><E79/><V117/><F46/><W17/><G17/><T5/><D5/><U95/><E75/><V80/><F80/><W50/><G50/><T41/><D41/><U53/><E65/><N who="2" m="39127" /><F59/><N who="1" m="22601" /><E47/><V23/><F23/><W27/><G27/><T32/><D32/><U107/><E107/><V85/><F85/><W0/><G0/><T119/><D119/><N who="2" m="45642" /><F2/><W92/><G34/><T112/><D112/><U13/><E13/><V1/><F1/><W49/><G15/><T37/><D37/><U72/><E87/><V54/><F54/><W104/><G12/><T66/><D66/><U19/><E55/><V3/><F3/><W129/><G52/><T4/><D4/><U127/><E53/><V44/><F44/><W88/><G129/><T91/><D91/><U122/><E122/><V48/><F48/><N who="3" m="18507" /><G88/><T105/><D105/><U101/><E19/><AGARI ba="0,0" hai="8,10,14,19,22,24,31,35" m="45642,39127" machi="19" ten="30,1000,0" yaku="12,1" doraHai="40" who="2" fromWho="1" sc="250,0,299,-10,253,10,198,0" /><INIT seed="5,0,0,2,5,40" ten="250,289,263,198" oya="1" hai0="82,14,69,3,18,101,126,20,119,26,92,61,111" hai1="80,88,16,53,67,46,5,60,56,135,79,55,4" hai2="68,27,94,11,38,93,99,74,8,133,48,132,33" hai3="65,89,59,21,130,107,41,134,114,102,47,112,28"/><U95/><E135/><V29/><F38/><W0/><G0/><T2/><D2/><U104/><E104/><V72/><F68/><W113/><G134/><N who="2" m="51817" /><F48/><N who="3" m="26735" /><G130/><T100/><D100/><U52/><E46/><V129/><F129/><W30/><G89/><T12/><D12/><U117/><E117/><V45/><F45/><W96/><G21/><T118/><D118/><U1/><E1/><V73/><F94/><W32/><G32/><T97/><D97/><U25/><E25/><V15/><F15/><W43/><G43/><T124/><D124/><U66/><E66/><V24/><F27/><W70/><G70/><T6/><D6/><U121/><E121/><V103/><AGARI ba="0,0" hai="8,11,24,29,33,72,73,74,93,99,103" m="51817" machi="103" ten="40,1500,0" yaku="20,1" doraHai="40" who="2" fromWho="2" sc="250,-4,289,-7,263,15,198,-4" /><INIT seed="6,0,0,5,5,45" ten="246,282,278,194" oya="2" hai0="38,126,42,16,86,89,40,3,39,93,34,72,98" hai1="91,118,46,94,82,63,95,66,52,13,78,135,35" hai2="96,120,29,33,107,57,80,112,50,58,36,0,102" hai3="54,10,97,101,105,115,68,14,85,19,70,71,110"/><V123/><F36/><W17/><G110/><T6/><D6/><U73/><E35/><V131/><F0/><W128/><G128/><T103/><D103/><U99/><E118/><V127/><F131/><W67/><G115/><T60/><D60/><U62/><E135/><V111/><F111/><W65/><G85/><T11/><D11/><U18/><E95/><V24/><F112/><W134/><G134/><T8/><D8/><U116/><E116/><V20/><F127/><W129/><G129/><T106/><D106/><U47/><E62/><V108/><F108/><W37/><G37/><T1/><D1/><U75/><E75/><V59/><F80/><W74/><G74/><T41/><D41/><U21/><REACH who="1" step="1"/><E52/><REACH who="1" ten="246,272,278,194" step="2"/><V31/><F123/><W114/><G114/><T79/><D79/><U28/><E28/><V119/><F120/><W87/><G54/><T77/><D77/><U49/><E49/><V2/><F119/><W55/><G55/><T4/><D4/><U61/><E61/><V5/><F50/><W56/><G56/><AGARI ba="0,1" hai="13,18,21,46,47,56,63,66,73,78,82,91,94,99" machi="56" ten="30,2000,0" yaku="1,1,7,1,53,0" doraHai="45" doraHaiUra="124" who="1" fromWho="3" sc="246,0,272,30,278,0,194,-20" /><INIT seed="7,0,0,3,0,0" ten="246,302,278,174" oya="3" hai0="75,81,60,88,110,77,64,126,106,54,120,27,29" hai1="123,16,68,38,122,87,19,72,21,80,9,4,3" hai2="107,95,12,30,97,32,105,8,58,7,111,114,20" hai3="66,134,23,36,56,78,129,86,118,18,50,98,43"/><W26/><G134/><T69/><D69/><U73/><E68/><V128/><F111/><W62/><G129/><T93/><D93/><U35/><E38/><V33/><F128/><W101/><G118/><T119/><D119/><U41/><E41/><V65/><F114/><W48/><G36/><T132/><D132/><U74/><E35/><V135/><F135/><W116/><G116/><UN n0="%EF%BC%A1%E3%83%9D%E3%82%B1" /><T40/><D106/><U102/><E102/><N who="2" m="60735" /><F33/><W25/><G43/><T51/><D110/><U99/><E99/><V115/><F32/><W6/><G6/><T55/><D120/><U57/><E57/><V112/><F107/><W79/><G26/><T31/><D126/><U17/><REACH who="1" step="1"/><E21/><REACH who="1" ten="246,292,278,174" step="2"/><V71/><F71/><W91/><G101/><T28/><D40/><U1/><E1/><V96/><F96/><W14/><G98/><T133/><D133/><U15/><E15/><V131/><F131/><W83/><REACH who="3" step="1"/><G14/><REACH who="3" ten="246,292,278,164" step="2"/><T22/><D27/><U103/><E103/><V109/><F105/><W37/><G37/><T49/><D51/><AGARI ba="0,2" hai="18,23,25,48,50,51,56,62,66,78,79,83,86,91" machi="51" ten="40,7700,0" yaku="1,1,8,1,53,1" doraHai="0" doraHaiUra="59" who="3" fromWho="0" sc="246,-77,292,0,278,0,164,97" /><INIT seed="7,1,0,5,2,125" ten="169,292,278,261" oya="3" hai0="109,70,50,42,86,29,3,46,63,35,123,91,20" hai1="54,22,79,12,89,47,76,28,69,37,100,134,112" hai2="67,34,110,104,32,121,39,117,120,43,108,38,21" hai3="122,33,103,101,77,31,18,1,105,0,80,68,84"/><W129/><G122/><N who="2" m="47209" /><F104/><W57/><G68/><T93/><D123/><U113/><E69/><V10/><F21/><W7/><G129/><T15/><D3/><U13/><E100/><V102/><F102/><W59/><G101/><T83/><D109/><N who="2" m="42090" /><F117/><W14/><G103/><T6/><D35/><N who="2" m="13354" /><F67/><W51/><G51/><T41/><D41/><U8/><E22/><V53/><F53/><W119/><G105/><T73/><D29/><U82/><E28/><V87/><F87/><W133/><G119/><T126/><D126/><U16/><E54/><V60/><F60/><W17/><G17/><N who="0" m="10303" /><D6/><U52/><E16/><V96/><F96/><W88/><G77/><N who="0" m="46447" /><D73/><U66/><E79/><V27/><F27/><N who="3" m="18687" /><G1/><T74/><D74/><U92/><E76/><V2/><F43/><W45/><G45/><T65/><D70/><U106/><E47/><V128/><F128/><W115/><G7/><AGARI ba="1,0" hai="2,7,10,38,39" m="13354,42090,47209" machi="7" ten="40,2600,0" yaku="13,1,23,1" doraHai="125" who="2" fromWho="3" sc="169,0,292,0,278,29,261,-29" owari="169,-33.0,292,9.0,307,41.0,232,-17.0" /></mjloggm>