<mjloggm ver="2.3"><GO type="169" lobby="0"/><UN n0="%E3%81%A8%E3%81%A9%E3%81%8C" n1="%E5%B0%B1%E6%B4%BB%E7%94%9F%40%E5%B7%9D%E6%9D%91%E8%BB%8D%E5%9B%A3" n2="%E9%80%A3%E5%88%BB" n3="%E3%82%B3%E3%83%B3%E3%83%81%E2%85%A2" dan="16,18,16,17" rate="2119.95,2299.14,2035.80,2186.59" sx="M,M,M,M"/><TAIKYOKU oya="0"/><INIT seed="0,0,0,4,4,55" ten="250,250,250,250" oya="0" hai0="28,50,124,56,57,117,10,37,127,18,0,106,26" hai1="101,62,8,131,49,123,128,30,88,83,75,76,134" hai2="91,93,114,36,9,11,2,99,107,82,97,72,59" hai3="129,60,44,42,110,39,52,35,51,79,23,102,109"/><T48/><D37/><U74/><E123/><V84/><F36/><W105/><G35/><T53/><D106/><U45/><E101/><V98/><F114/><W73/><G129/><N who="1" m="49738" /><E30/><V17/><F107/><W71/><G23/><N who="0" m="15455" /><D117/><U21/><E21/><V70/><F70/><W103/><G105/><T14/><D0/><U108/><E108/><N who="3" m="41578" /><G79/><T25/><D25/><U121/><E121/><V5/><F72/><W33/><G73/><T69/><D69/><U130/><E8/><V27/><F11/><W80/><G80/><T90/><D90/><U125/><E125/><N who="0" m="48201" /><D53/><N who="1" m="29871" /><E134/><V29/><F17/><W132/><G33/><T111/><D111/><U78/><E130/><V119/><F119/><W68/><G132/><T54/><D54/><U40/><E40/><V19/><F19/><W24/><G24/><T115/><D115/><U4/><E4/><V64/><F27/><W133/><G133/><T1/><D1/><U122/><E122/><V46/><F29/><W13/><G13/><T67/><D67/><U112/><E112/><V100/><REACH who="2" step="1"/><F46/><REACH who="2" ten="250,250,240,250" step="2"/><N who="3" m="23903" /><G68/><T43/><D43/><U94/><E75/><V87/><F87/><W77/><G71/><T15/><D14/><U92/><E74/><V113/><F113/><W61/><G102/><T135/><D135/><U31/><E31/><V7/><F7/><W41/><G103/><T85/><D85/><N who="1" m="50239" /><E78/><V3/><F3/><W12/><G77/><T81/><D81/><U65/><E76/><V118/><F118/><W89/><G89/><T86/><D86/><U32/><E32/><V66/><F66/><W104/><G41/><T16/><D18/><RYUUKYOKU ba="0,1" sc="250,10,250,10,240,10,250,-30" hai0="10,15,16,48,50,56,57" hai1="62,65,92,94" hai2="2,5,9,59,64,82,84,91,93,97,98,99,100" /><INIT seed="0,1,1,0,3,106" ten="260,260,250,220" oya="0" hai0="73,27,39,134,127,57,24,41,96,56,10,132,113" hai1="52,122,19,82,112,123,38,135,65,47,97,13,21" hai2="49,93,55,86,11,18,125,9,110,64,101,59,8" hai3="78,75,124,100,2,43,34,37,60,103,50,108,119"/><T69/><D69/><U120/><E135/><N who="0" m="51753" /><D127/><U107/><E112/><V3/><F125/><W12/><G2/><T44/><D113/><U45/><E65/><V42/><F110/><W61/><G34/><T118/><D118/><U71/><E71/><V35/><F35/><W121/><G37/><T29/><D96/><U36/><E47/><N who="2" m="25847" /><F3/><W5/><G108/><T114/><D114/><U129/><E129/><V79/><F64/><W46/><G124/><T70/><D70/><U99/><E82/><N who="2" m="47455" /><F101/><W74/><G78/><T102/><D102/><U51/><E107/><V14/><F93/><W16/><G5/><T88/><D73/><U40/><E40/><V32/><F32/><W104/><G119/><T0/><D88/><U6/><E6/><V66/><F66/><W81/><G81/><T92/><D92/><U30/><E30/><V1/><F1/><W7/><G7/><N who="0" m="1383" /><D29/><U128/><E128/><V109/><F109/><W63/><G121/><T105/><D105/><U133/><E133/><V23/><F23/><W67/><G67/><T22/><D22/><U4/><E4/><V117/><F117/><W72/><REACH who="3" step="1"/><G104/><REACH who="3" ten="260,260,250,210" step="2"/><T58/><AGARI ba="1,2" hai="24,27,39,41,44,56,57,58" m="1383,51753" machi="58" ten="30,1500,0" yaku="20,1" doraHai="106" who="0" fromWho="0" sc="260,38,260,-6,250,-6,210,-6" /><INIT seed="0,2,0,3,2,81" ten="298,254,244,204" oya="0" hai0="1,86,93,15,7,58,46,23,3,76,112,111,12" hai1="57,32,25,72,43,16,38,14,120,31,73,37,124" hai2="110,109,121,101,41,107,127,4,75,45,22,70,50" hai3="49,118,105,63,123,9,134,55,128,95,2,35,64"/><T115/><D58/><U11/><E120/><V84/><F75/><W77/><G105/><T54/><D3/><U98/><E124/><V96/><F121/><W78/><G35/><T36/><D111/><N who="2" m="42506" /><F127/><W65/><G123/><T113/><D23/><U24/><E24/><V21/><F70/><W103/><G118/><T18/><D18/><U34/><E34/><V42/><F4/><W102/><G128/><T29/><D29/><U5/><E5/><V52/><F84/><W82/><G77/><T79/><D1/><U92/><E57/><N who="2" m="32919" /><F42/><W83/><G83/><T88/><D7/><U99/><E99/><V62/><F62/><W126/><G9/><T104/><D104/><U131/><E131/><V66/><F66/><W6/><G6/><T71/><D71/><U129/><E129/><V116/><F116/><W59/><G2/><T10/><D10/><U80/><E43/><V0/><F0/><W19/><G19/><T39/><D79/><U74/><REACH who="1" step="1"/><E80/><REACH who="1" ten="298,244,244,204" step="2"/><V28/><F28/><W90/><G126/><T94/><D112/><U30/><E30/><V40/><F41/><W135/><G135/><T130/><D130/><U68/><E68/><V132/><F132/><W91/><G134/><T106/><D113/><U117/><E117/><V119/><F119/><W87/><G82/><T56/><D115/><U47/><E47/><V26/><F26/><W133/><G133/><T114/><D46/><U122/><E122/><V61/><F61/><W20/><G63/><N who="0" m="36247" /><D114/><U17/><E17/><V69/><F69/><W60/><G60/><T67/><D39/><AGARI ba="2,1" hai="21,22,39,40,45,96,101,107" m="32919,42506" machi="39" ten="30,2000,0" yaku="14,1,54,1" doraHai="81" who="2" fromWho="0" sc="298,-26,244,0,244,36,204,0" /><INIT seed="1,0,0,0,5,91" ten="272,244,280,204" oya="1" hai0="7,130,134,55,24,109,121,31,100,33,87,76,42" hai1="9,84,80,105,90,41,48,52,114,98,75,70,71" hai2="21,64,94,63,124,54,110,10,30,135,101,12,8" hai3="37,57,1,6,104,85,118,25,15,123,86,66,126"/><U51/><E114/><V74/><F74/><W69/><G37/><T58/><D121/><U107/><E75/><V95/><F135/><W40/><G40/><T106/><D134/><U117/><E117/><V34/><F34/><W77/><G104/><T120/><D120/><U131/><E131/><V115/><F115/><W122/><G69/><T97/><D130/><U5/><E41/><V132/><F132/><W18/><G25/><T102/><D7/><U79/><E48/><V108/><F101/><W27/><G27/><T20/><D42/><U46/><E105/><V35/><F35/><W16/><G1/><T47/><D47/><U60/><E60/><V62/><F54/><W103/><G103/><T96/><D33/><U36/><E36/><V59/><F63/><N who="3" m="38255" /><G126/><T43/><D43/><U111/><E111/><N who="2" m="42539" /><F124/><W68/><G68/><T45/><D109/><U127/><E127/><V26/><F10/><N who="3" m="4567" /><G118/><T49/><D106/><U13/><REACH who="1" step="1"/><E107/><REACH who="1" ten="272,234,280,204" step="2"/><V4/><AGARI ba="0,1" hai="4,8,12,21,26,30,59,62,64,94,95" m="42539" machi="4" ten="30,4000,0" yaku="14,1,52,2" doraHai="91" who="2" fromWho="2" sc="272,-10,234,-20,280,50,204,-10" /><INIT seed="2,0,0,1,1,41" ten="262,214,330,194" oya="2" hai0="27,82,79,10,128,32,78,28,89,87,11,104,12" hai1="114,33,43,112,109,105,134,50,70,107,123,52,24" hai2="115,84,94,13,102,95,53,85,26,0,40,93,77" hai3="76,4,67,81,126,18,113,5,30,57,99,20,9"/><V62/><F0/><W88/><G126/><T73/><D128/><U8/><E109/><V132/><F115/><W59/><G113/><T56/><D104/><U68/><E43/><V108/><F132/><W116/><G116/><T120/><D120/><U124/><E134/><V110/><F40/><W1/><G5/><T127/><D127/><U72/><E72/><V65/><F102/><W22/><G30/><T39/><D39/><U111/><E111/><N who="2" m="42539" /><F77/><W97/><G22/><T47/><D79/><U106/><E124/><V63/><F26/><W75/><G67/><T7/><D11/><U71/><E123/><V42/><F42/><W101/><G97/><T61/><D73/><U17/><E33/><V100/><F100/><W6/><G6/><T98/><D78/><U118/><E118/><V86/><F65/><W60/><G60/><N who="2" m="23081" /><F53/><W119/><G119/><T103/><D103/><U74/><E74/><V14/><AGARI ba="0,0" hai="13,14,84,85,86,93,94,95" m="23081,42539" machi="14" ten="40,12000,1" yaku="28,2,14,1,10,1" doraHai="41" who="2" fromWho="2" sc="262,-40,214,-40,330,120,194,-40" /><INIT seed="2,1,0,2,1,78" ten="222,174,450,154" oya="2" hai0="125,103,4,126,42,50,113,54,35,0,28,129,52" hai1="135,121,39,80,37,56,36,53,92,107,122,61,33" hai2="91,24,75,106,43,65,46,96,1,114,55,104,9" hai3="89,132,67,99,31,23,130,64,34,7,127,93,15"/><V58/><F114/><W47/><G34/><T110/><D113/><U133/><E107/><V49/><F75/><W100/><G132/><N who="1" m="50762" /><E92/><V17/><F65/><W3/><G3/><T70/><D70/><U66/><E33/><V62/><F1/><W51/><G130/><T128/><D110/><U77/><E77/><V115/><F115/><W32/><G32/><T59/><D42/><U2/><E80/><V101/><F91/><W124/><G7/><T97/><D54/><U11/><E11/><V22/><F9/><W131/><G131/><N who="0" m="50251" /><D4/><U20/><E20/><V41/><F106/><W76/><G76/><T8/><D8/><U109/><E2/><V68/><F68/><W95/><G124/><T19/><D0/><U16/><E16/><V5/><F5/><W98/><G127/><T44/><D19/><U74/><E74/><V13/><F24/><N who="3" m="16799" /><G15/><T118/><D118/><U10/><E10/><V30/><F30/><W85/><G99/><T86/><D28/><U90/><E90/><V63/><F41/><AGARI ba="1,0" hai="41,47,51,64,67,85,89,93,95,98,100" m="16799" machi="41" ten="30,1000,0" yaku="8,1" doraHai="78" who="3" fromWho="2" sc="222,0,174,0,450,-13,154,13" /><INIT seed="3,0,0,4,5,102" ten="222,174,437,167" oya="3" hai0="6,124,8,39,25,45,95,106,80,133,44,5,70" hai1="77,76,23,0,16,31,90,9,65,57,50,82,36" hai2="79,61,67,108,12,105,122,29,114,53,68,86,52" hai3="74,127,107,34,93,96,33,24,63,121,109,32,125"/><W115/><G74/><T94/><D70/><U41/><E36/><V37/><F114/><W62/><G121/><T75/><D25/><U103/><E103/><V117/><F37/><W38/><G38/><T7/><D124/><N who="3" m="47689" /><G115/><T59/><D133/><U129/><E129/><V21/><F105/><W19/><G109/><T4/><D106/><U132/><E132/><V89/><F108/><W46/><G46/><T91/><D59/><U40/><E0/><V47/><F117/><W48/><G48/><T72/><D45/><U27/><E90/><V120/><F79/><N who="1" m="30281" /><E82/><V3/><F47/><W128/><G128/><T85/><D75/><U10/><E31/><V110/><F3/><W134/><G134/><T126/><D126/><U64/><E64/><V69/><F69/><W22/><G107/><T78/><D94/><U100/><E100/><AGARI ba="0,0" hai="19,22,24,32,33,34,62,63,93,96,100" m="47689" machi="100" ten="40,2000,0" yaku="18,1" doraHai="102" who="3" fromWho="1" sc="222,0,174,-20,437,0,167,20" /><INIT seed="3,1,0,0,3,29" ten="222,154,437,187" oya="3" hai0="71,98,70,109,134,30,110,107,36,119,69,2,86" hai1="101,35,32,103,51,64,19,65,50,46,114,132,17" hai2="81,85,121,26,57,123,5,33,87,16,131,127,67" hai3="44,59,118,25,52,6,124,75,18,41,90,111,23"/><W14/><G118/><T56/><D119/><U11/><E11/><V96/><F131/><W116/><G116/><T38/><D2/><U34/><E46/><V80/><F5/><W102/><G124/><T55/><D86/><U28/><E28/><N who="2" m="19607" /><F96/><W0/><G75/><T54/><D30/><U48/><E132/><V77/><F127/><W40/><G102/><N who="1" m="38922" /><E114/><V13/><F57/><W66/><G66/><AGARI ba="1,0" hai="17,19,32,34,35,48,50,51,64,65,66" m="38922" machi="66" ten="40,8000,1" yaku="28,2,52,3" doraHai="29" who="1" fromWho="3" sc="222,0,154,83,437,0,187,-83" /><INIT seed="4,0,0,3,2,81" ten="222,237,437,104" oya="0" hai0="40,60,9,54,56,89,125,95,85,72,1,24,38" hai1="67,99,32,15,53,39,126,82,25,86,78,52,62" hai2="27,104,33,46,42,106,70,68,3,87,93,133,135" hai3="91,74,20,11,121,22,57,129,76,55,0,37,51"/><T119/><D119/><U34/><E39/><V123/><F3/><W43/><G129/><T7/><D125/><U59/><E126/><V12/><F123/><W71/><G71/><T61/><D24/><U64/><E53/><V113/><F12/><W96/><G121/><T97/><D72/><U45/><E25/><V90/><F27/><W6/><G96/><T127/><D127/><U58/><E45/><V23/><F23/><W17/><G91/><T36/><D40/><U26/><E26/><V122/><F33/><W63/><G51/><T134/><D134/><N who="2" m="51210" /><F113/><W88/><G88/><T124/><D124/><U130/><E130/><V73/><F73/><W94/><G94/><T41/><D41/><U21/><E99/><V111/><F111/><W105/><G105/><N who="2" m="40553" /><F122/><W132/><G17/><T80/><REACH who="0" step="1"/><D61/><REACH who="0" ten="212,237,437,104" step="2"/><U48/><E34/><V35/><F35/><W118/><G132/><T4/><D4/><U29/><E32/><V77/><F77/><AGARI ba="0,1" hai="1,7,9,36,38,54,56,60,77,80,85,89,95,97" machi="77" ten="30,5800,0" yaku="1,1,7,1,52,1,53,0" doraHai="81" doraHaiUra="14" who="0" fromWho="2" sc="212,68,237,0,437,-58,104,0" /><INIT seed="4,1,0,1,5,20" ten="280,237,379,104" oya="0" hai0="31,110,108,125,116,12,40,80,54,41,11,36,48" hai1="109,37,4,118,72,7,98,32,127,111,34,53,5" hai2="63,64,76,69,66,78,10,15,120,85,24,8,115" hai3="26,58,81,60,123,89,133,30,104,128,46,83,112"/><T1/><D116/><U135/><E72/><V49/><F120/><W17/><G104/><T68/><D68/><U105/><E37/><V95/><F115/><W86/><G123/><T82/><D125/><U61/><E118/><V18/><F66/><W59/><G112/><T121/><D121/><U25/><E127/><V92/><F10/><W94/><G128/><T113/><D1/><U52/><E135/><V87/><F87/><W122/><G133/><T19/><D113/><U27/><E61/><V13/><F13/><W131/><G131/><T77/><D36/><U129/><E129/><V23/><F49/><W47/><G17/><T0/><D0/><U50/><E50/><V107/><F107/><W101/><G122/><T6/><D6/><U103/><E105/><V56/><F69/><W38/><G59/><T75/><D80/><U134/><E134/><V90/><F95/><W67/><G38/><T14/><D14/><U74/><E74/><V84/><F84/><W33/><G83/><T79/><D77/><U51/><E51/><V2/><F2/><W126/><G126/><T44/><REACH who="0" step="1"/><D31/><AGARI ba="1,0" hai="8,15,18,23,24,31,56,63,64,76,78,85,90,92" machi="31" ten="30,3900,0" yaku="7,1,8,1,52,1" doraHai="20" who="2" fromWho="0" sc="280,-42,237,0,379,42,104,0" /><INIT seed="5,0,0,4,1,50" ten="238,237,421,104" oya="1" hai0="5,126,69,70,65,42,0,54,6,37,74,24,106" hai1="123,32,35,121,100,62,107,22,117,61,131,48,109" hai2="84,40,33,114,20,113,82,81,29,55,64,34,25" hai3="58,72,96,11,41,88,120,60,105,124,14,101,118"/><U122/><E117/><V75/><F40/><W43/><G118/><T47/><D126/><U44/><E109/><V134/><F134/><W39/><G72/><T23/><D106/><U94/><E107/><V111/><F111/><W125/><G120/><T68/><D74/><U53/><E131/><V31/><F64/><W99/><G39/><T83/><D83/><U93/><E22/><V59/><F75/><W2/><G2/><T71/><D0/><U12/><E12/><V104/><F31/><W112/><G112/><N who="2" m="43113" /><F104/><W15/><G15/><T1/><D65/><U132/><E132/><V28/><F28/><W21/><G21/><T130/><D130/><U85/><E100/><V67/><F67/><W26/><G26/><T18/><N who="0" m="17408" /><DORA hai="129" /><T16/><D1/><U49/><E85/><V66/><F66/><W103/><G103/><T110/><D110/><U3/><E3/><V76/><F82/><W90/><G99/><T91/><D91/><U27/><E27/><V79/><F79/><W57/><G57/><T108/><D108/><U10/><E10/><V17/><F29/><W46/><G46/><T128/><D128/><U133/><E133/><V30/><F30/><W36/><G36/><T52/><REACH who="0" step="1"/><D18/><REACH who="0" ten="228,237,421,104" step="2"/><U87/><E122/><V45/><F34/><W51/><G124/><T80/><D80/><U4/><E121/><V78/><F33/><W86/><G125/><T56/><D56/><U9/><E32/><V89/><F78/><W63/><G90/><T115/><D115/><U13/><E35/><V95/><F89/><W135/><G135/><T98/><D98/><RYUUKYOKU ba="0,1" sc="228,30,237,-10,421,-10,104,-10" hai0="5,6,16,23,24,37,42,47,52,54" /><INIT seed="6,1,1,4,2,23" ten="258,227,411,94" oya="2" hai0="89,91,49,100,72,53,46,4,108,86,70,135,97" hai1="130,114,118,94,11,103,34,65,90,50,132,107,48" hai2="67,76,122,95,37,26,123,83,96,40,31,84,87" hai3="117,93,79,99,134,38,101,43,68,57,115,20,42"/><V129/><F129/><W61/><G68/><T120/><D108/><U58/><E34/><V36/><F67/><W109/><G109/><T81/><D120/><U133/><E118/><V19/><F19/><W6/><G117/><T5/><D135/><N who="1" m="51787" /><E114/><V78/><F40/><W80/><G134/><T119/><D119/><U102/><E107/><V98/><F31/><W16/><G6/><T74/><D70/><U104/><E104/><V110/><F110/><W112/><G38/><T59/><D74/><U9/><E65/><V131/><F95/><W39/><G39/><T63/><D91/><U92/><E58/><V28/><F28/><W121/><G121/><T2/><D72/><U35/><E35/><V69/><F69/><W55/><G112/><T24/><D2/><U15/><E15/><V71/><F71/><W62/><G62/><T30/><D63/><U12/><E12/><V51/><F131/><W116/><G116/><T105/><D59/><U41/><E90/><V126/><F51/><N who="1" m="19497" /><E41/><V33/><F33/><AGARI ba="1,1" hai="4,5,24,30,33,46,49,53,81,86,89,97,100,105" machi="33" ten="30,2000,0" yaku="7,1,52,1" doraHai="23" who="0" fromWho="2" sc="258,33,227,0,411,-23,94,0" /><INIT seed="7,0,0,4,2,101" ten="291,227,388,94" oya="3" hai0="51,62,3,108,38,97,128,125,90,121,54,91,78" hai1="76,104,81,118,107,71,43,119,67,50,102,123,22" hai2="109,36,69,45,32,57,122,112,27,35,52,42,77" hai3="124,113,49,63,79,55,70,4,115,87,8,48,24"/><W117/><G117/><N who="1" m="44554" /><E123/><V5/><F69/><W135/><G135/><T120/><D108/><U6/><E102/><V15/><F109/><W111/><G111/><T85/><D38/><U46/><E6/><V84/><F27/><W98/><G124/><T9/><D125/><U19/><E67/><V29/><F29/><W47/><G24/><T37/><D37/><U93/><E93/><V129/><F129/><W73/><G73/><T95/><D128/><U94/><E94/><V133/><F133/><W56/><G70/><T7/><D78/><U13/><E71/><V116/><F77/><W28/><G28/><T18/><D62/><U17/><E17/><V30/><F30/><W59/><G59/><T12/><D3/><U83/><E83/><V106/><F57/><W61/><G49/><T68/><D7/><U88/><E76/><V34/><F5/><W99/><G63/><T126/><D126/><U1/><E1/><V10/><F35/><W105/><G105/><T65/><D65/><U2/><E2/><V64/><F106/><W23/><G23/><T132/><D132/><U127/><E127/><V33/><F64/><N who="3" m="38951" /><G115/><T21/><D21/><U41/><E41/><V16/><F112/><W89/><G79/><T31/><D31/><U100/><E100/><V72/><F34/><W53/><G53/><T75/><D75/><U40/><E40/><V80/><F72/><W44/><G44/><N who="0" m="28007" /><D68/><U26/><E26/><V134/><F134/><W86/><G113/><T114/><D114/><U11/><E22/><V66/><F116/><W0/><G89/><T14/><D120/><RYUUKYOKU ba="0,0" sc="291,-15,227,15,388,-15,94,15" hai1="11,13,19,43,46,50,81,88,104,107" hai3="0,4,8,47,48,55,86,87,98,99" /><INIT seed="7,1,0,1,1,31" ten="276,242,373,109" oya="3" hai0="90,98,8,37,86,55,126,104,45,27,125,12,84" hai1="99,36,5,121,76,72,3,68,48,10,62,53,46" hai2="52,2,22,29,127,1,130,17,103,40,87,56,109" hai3="101,15,51,122,69,94,7,42,64,21,67,4,41"/><W120/><G69/><T59/><D104/><U74/><E121/><V63/><F109/><W32/><G21/><T119/><D119/><U81/><E99/><V135/><F130/><W13/><G51/><T18/><D37/><U39/><E74/><V85/><F135/><W112/><G94/><N who="0" m="56663" /><D27/><U117/><E117/><V43/><F127/><N who="0" m="48650" /><D45/><U57/><REACH who="1" step="1"/><E68/><REACH who="1" ten="276,232,373,109" step="2"/><V110/><F110/><W28/><G28/><T83/><D83/><U95/><E95/><V97/><F29/><W78/><G78/><T11/><D86/><U91/><E91/><V14/><F87/><W96/><G96/><T106/><D84/><U50/><E50/><V82/><F85/><W20/><G20/><N who="0" m="11335" /><D106/><U88/><E88/><V75/><F75/><W34/><REACH who="3" step="1"/><G101/><REACH who="3" ten="276,232,373,99" step="2"/><T25/><D25/><U92/><E92/><V35/><F103/><W134/><G134/><T123/><D123/><U0/><E0/><V23/><F2/><W113/><AGARI ba="1,2" hai="4,7,13,15,32,34,41,42,64,67,112,113,120,122" machi="113" ten="25,18000,2" yaku="1,1,0,1,22,2,52,2,53,0" doraHai="31" doraHaiUra="131" who="3" fromWho="3" sc="276,-61,232,-61,373,-61,99,203" /><INIT seed="7,2,0,0,3,116" ten="215,171,312,302" oya="3" hai0="27,39,75,66,32,82,10,0,128,43,81,47,78" hai1="4,79,19,20,94,87,42,31,36,122,96,92,93" hai2="101,112,49,28,132,130,95,68,109,135,41,119,69" hai3="33,103,14,2,120,133,1,89,56,30,40,107,11"/><W102/><G40/><T110/><D81/><U58/><E122/><V117/><F109/><W67/><G120/><T51/><D110/><U114/><E114/><V127/><F112/><W38/><G38/><T123/><D51/><U134/><E134/><N who="2" m="51243" /><F130/><W88/><G133/><T50/><D50/><U34/><E4/><V8/><F28/><W85/><G89/><T100/><D100/><U70/><E70/><N who="2" m="27243" /><F127/><W97/><G102/><T126/><D126/><U26/><E58/><V125/><F8/><W46/><G46/><T73/><D66/><U53/><E53/><V29/><F29/><W74/><G74/><N who="0" m="43351" /><D128/><U91/><E79/><V99/><F125/><W16/><G30/><N who="0" m="19551" /><D123/><U77/><E77/><V44/><AGARI ba="2,0" hai="41,44,49,95,99,101,117,119" m="27243,51243" machi="44" ten="40,1500,0" yaku="20,1" doraHai="116" who="2" fromWho="2" sc="215,-6,171,-6,312,21,302,-9" owari="209,-19.0,165,-33.0,333,43.0,293,9.0" /></mjloggm>