<mjloggm ver="2.3"><GO type="169" lobby="0"/><UN n0="%E3%83%88%E3%83%88%E3%83%AA%E5%85%88%E7%94%9F%31%39%E6%AD%B3" n1="%E2%80%A0%E3%81%BE%E3%83%BC%E5%9D%8A%E2%80%A0" n2="%6B%6F%75%69%63%68%69%2E" n3="%E5%8F%A3%E5%86%85%E7%82%8E%E3%81%8C%E3%81%A7%E3%81%8D%E3%81%A6%E3%82%8B" dan="19,17,16,17" rate="2277.15,2164.65,2043.05,2180.56" sx="F,M,M,F"/><TAIKYOKU oya="0"/><INIT seed="0,0,0,0,4,36" ten="250,250,250,250" oya="0" hai0="65,28,34,132,42,70,24,48,7,78,11,84,104" hai1="101,31,73,26,35,1,113,47,59,14,88,69,33" hai2="130,15,108,72,25,120,21,109,102,49,90,96,125" hai3="80,76,55,44,58,115,50,75,53,12,30,77,56"/><T60/><D132/><U121/><E1/><V107/><F120/><W38/><G115/><T29/><D29/><U97/><E69/><V129/><F72/><W127/><G127/><T61/><D61/><U39/><E121/><V79/><F79/><W87/><G30/><T123/><D123/><U22/><E73/><V119/><F15/><W62/><G75/><T23/><D104/><U124/><E124/><V4/><F4/><W92/><G92/><T52/><D42/><U95/><E113/><V71/><F71/><W37/><G76/><T135/><D135/><U54/><E14/><V100/><F125/><W68/><G68/><T57/><D78/><U5/><E5/><V98/><F49/><W43/><REACH who="3" step="1"/><G12/><REACH who="3" ten="250,250,250,240" step="2"/><T93/><D93/><U99/><E33/><V27/><F90/><W3/><G3/><T118/><D34/><U122/><E35/><V114/><F114/><W110/><G110/><N who="2" m="42601" /><F119/><W105/><G105/><T85/><D118/><U91/><E122/><V81/><F81/><W8/><G8/><T17/><D28/><U128/><E91/><V116/><F116/><W13/><G13/><AGARI ba="0,1" hai="7,11,13,17,23,24,48,52,57,60,65,70,84,85" machi="13" ten="30,2900,0" yaku="7,1,54,1" doraHai="36" who="0" fromWho="3" sc="250,39,250,0,250,0,240,-29" /><INIT seed="0,1,0,2,5,105" ten="289,250,250,211" oya="0" hai0="96,7,16,35,106,109,78,86,61,114,13,118,62" hai1="67,20,131,38,27,122,58,93,77,129,95,24,33" hai2="110,116,21,126,56,48,103,107,82,32,51,41,2" hai3="14,5,111,65,11,17,88,99,91,94,54,128,101"/><T52/><D114/><U40/><E122/><V120/><F32/><W130/><G111/><T83/><D118/><U0/><E0/><V59/><F120/><W8/><G65/><T92/><D35/><U19/><E77/><V53/><F2/><W18/><G54/><T70/><D106/><U115/><E115/><V98/><F110/><W72/><G72/><T90/><D109/><U112/><E112/><V39/><F126/><W127/><G127/><T69/><D7/><U1/><E1/><V132/><F132/><W47/><G47/><T121/><D121/><U37/><E58/><V134/><F134/><W29/><G29/><T49/><D70/><U12/><E67/><V44/><F116/><W133/><G133/><T63/><D69/><U80/><E80/><V15/><F82/><W22/><G5/><T42/><D42/><U113/><E113/><V119/><F119/><W23/><G22/><N who="0" m="11535" /><D63/><U55/><E40/><V100/><F41/><W74/><G74/><T68/><D68/><U64/><E37/><V84/><F39/><W108/><G108/><T123/><D123/><U45/><E38/><V31/><F107/><W135/><G135/><T6/><D6/><U9/><E33/><V66/><F51/><W97/><G23/><T10/><D10/><U25/><E9/><V50/><F21/><W102/><REACH who="3" step="1"/><G94/><REACH who="3" ten="289,250,250,201" step="2"/><T87/><D96/><U125/><E125/><V76/><F98/><W4/><G4/><T57/><AGARI ba="1,1" hai="49,52,57,61,62,78,83,86,87,90,92" m="11535" machi="57" ten="30,11700,0" yaku="25,1,8,1,54,2" doraHai="105" who="0" fromWho="0" sc="289,130,250,-40,250,-40,201,-40" /><INIT seed="0,2,0,3,0,46" ten="419,210,210,161" oya="0" hai0="23,65,24,31,47,120,63,116,11,109,37,129,34" hai1="55,22,92,130,41,66,86,51,96,118,42,60,114" hai2="111,29,52,10,125,62,32,101,94,113,12,124,57" hai3="70,74,106,90,93,88,27,26,61,121,126,18,107"/><T133/><D116/><U1/><E118/><V4/><F113/><W53/><G74/><T35/><D120/><U14/><E1/><V131/><F111/><W81/><G121/><T105/><D105/><U7/><E114/><V100/><F131/><W71/><G126/><N who="2" m="48745" /><F94/><W48/><G81/><T91/><D129/><U97/><E130/><V82/><F82/><W13/><G107/><T128/><D128/><U69/><E86/><V135/><F135/><W99/><G106/><T17/><D133/><U16/><E7/><V68/><F68/><W8/><G90/><T73/><D73/><U54/><E54/><V122/><F122/><W123/><G123/><T103/><D103/><U110/><E110/><V77/><F77/><W3/><G3/><T89/><D109/><U38/><E38/><V102/><F29/><W85/><G99/><T132/><D132/><U5/><E5/><V39/><F32/><W98/><G98/><T58/><D11/><U134/><E134/><V76/><F76/><W2/><G2/><T67/><D67/><U40/><REACH who="1" step="1"/><E92/><REACH who="1" ten="419,200,210,161" step="2"/><V104/><F104/><W21/><G93/><T75/><D75/><U43/><N who="1" m="10240" /><DORA hai="25" /><U64/><E64/><V84/><F84/><W78/><G85/><T56/><D37/><AGARI ba="2,1" hai="4,10,12,37,39,52,57,62,100,101,102" m="48745" machi="37" ten="30,2000,0" yaku="18,1,54,1" doraHai="46,25" who="2" fromWho="0" sc="419,-26,200,0,210,36,161,0" /><INIT seed="1,0,0,5,1,118" ten="393,200,246,161" oya="1" hai0="66,69,8,62,106,36,80,50,41,64,52,121,126" hai1="131,135,81,95,18,24,110,63,104,103,120,100,6" hai2="75,96,114,4,111,99,16,78,83,10,43,39,113" hai3="134,2,85,54,65,77,59,71,21,28,14,133,89"/><U67/><E104/><V53/><F111/><W22/><G2/><T61/><D106/><U38/><E38/><V130/><F130/><W74/><G77/><T122/><D126/><U94/><E131/><V109/><F53/><W57/><G74/><T76/><D8/><U34/><E110/><V82/><F109/><W45/><G71/><T20/><D20/><U68/><E135/><N who="3" m="51722" /><G22/><T7/><D7/><U11/><E120/><N who="0" m="46185" /><D41/><U23/><E81/><V117/><F82/><W115/><G65/><N who="0" m="41135" /><D62/><U124/><E124/><V31/><F31/><W84/><G115/><T92/><D92/><U30/><E95/><V127/><F4/><W72/><G72/><N who="0" m="43015" /><D36/><U13/><REACH who="1" step="1"/><E94/><REACH who="1" ten="393,190,246,161" step="2"/><V19/><F39/><W32/><G32/><T88/><D88/><U56/><E56/><AGARI ba="0,1" hai="50,52,56,64,66" m="43015,41135,46185" machi="56" ten="30,8000,1" yaku="13,1,52,3,54,1" doraHai="118" who="0" fromWho="1" sc="393,90,190,-80,246,0,161,0" /><INIT seed="2,0,0,2,4,97" ten="483,110,246,161" oya="2" hai0="22,7,132,89,70,121,127,111,102,103,51,19,15" hai1="42,131,23,114,104,101,130,108,54,35,81,86,41" hai2="64,88,39,34,94,28,46,44,98,135,125,57,59" hai3="90,79,85,95,96,122,56,120,93,58,18,31,0"/><V100/><F125/><W76/><G0/><T112/><D112/><U133/><E35/><V73/><F73/><W77/><G31/><T8/><D70/><U30/><E114/><V32/><F135/><W60/><G56/><T52/><D111/><U99/><E133/><V1/><F1/><W106/><G106/><T129/><D121/><U126/><E108/><V68/><F39/><W37/><G37/><T6/><D132/><U87/><E126/><V48/><F46/><W83/><G95/><T2/><D127/><U62/><E62/><V69/><F69/><W27/><G122/><T119/><D129/><N who="1" m="49163" /><E54/><V4/><F4/><N who="0" m="1578" /><D119/><U65/><E65/><V14/><F14/><W17/><G120/><T72/><D72/><U116/><E116/><V124/><F124/><W26/><G27/><N who="0" m="14815" /><D89/><N who="1" m="51407" /><E87/><V113/><F113/><W84/><G85/><T82/><D82/><U36/><E36/><V50/><F68/><W110/><G110/><T49/><D49/><U107/><E107/><V47/><F50/><W53/><REACH who="3" step="1"/><G26/><AGARI ba="0,0" hai="23,26,30,41,42,99,101,104" m="51407,49163" machi="26" ten="30,2000,0" yaku="19,1,52,1" doraHai="97" who="1" fromWho="3" sc="483,0,110,20,246,0,161,-20" /><INIT seed="3,0,0,1,2,36" ten="483,130,246,141" oya="3" hai0="20,16,95,6,11,18,66,67,123,102,97,58,2" hai1="120,34,60,70,100,32,128,88,51,110,43,94,61" hai2="76,71,89,8,56,122,101,112,96,14,114,59,17" hai3="72,121,5,113,69,54,7,80,124,46,74,47,91"/><W125/><G121/><T105/><D123/><U90/><E120/><V75/><F122/><RYUUKYOKU type="kaze4" ba="0,0" sc="483,0,130,0,246,0,141,0" /><INIT seed="3,1,0,5,0,70" ten="483,130,246,141" oya="3" hai0="48,53,52,128,4,96,114,46,11,43,18,71,99" hai1="45,63,9,86,7,131,126,88,103,38,91,17,94" hai2="129,83,8,113,36,22,61,54,125,112,130,68,47" hai3="15,115,101,89,16,100,32,134,119,51,34,92,84"/><W87/><G119/><T29/><D71/><U12/><E131/><N who="2" m="50187" /><F22/><W105/><G115/><N who="2" m="44105" /><F8/><W65/><G134/><T60/><D128/><U72/><E72/><V81/><F125/><W27/><G105/><T117/><D117/><U26/><E126/><V95/><F95/><W76/><G65/><T35/><D114/><U19/><E103/><V3/><F3/><W13/><G51/><T116/><D116/><U85/><E26/><V25/><F25/><W104/><G104/><T111/><D111/><U56/><E45/><V39/><F47/><W55/><G55/><T110/><D110/><U5/><E19/><V121/><F121/><W73/><G73/><T107/><D18/><U21/><E38/><N who="2" m="14379" /><F54/><W58/><G32/><T57/><D107/><U37/><E37/><V2/><F2/><W135/><G34/><T31/><D35/><U50/><E9/><V78/><F78/><W74/><G74/><T98/><D53/><U33/><E33/><V10/><F10/><W20/><G135/><T122/><D122/><U90/><E94/><V44/><F44/><W62/><G100/><T1/><AGARI ba="1,0" hai="1,4,11,29,31,43,46,48,52,57,60,96,98,99" machi="1" ten="30,2000,0" yaku="0,1,54,1" doraHai="70" who="0" fromWho="0" sc="483,23,130,-6,246,-6,141,-11" /><INIT seed="4,0,0,5,0,10" ten="506,124,240,130" oya="0" hai0="94,73,100,134,126,104,9,87,72,7,36,20,60" hai1="75,39,19,116,21,50,11,63,3,83,55,23,58" hai2="69,61,79,66,56,76,62,95,27,25,41,111,52" hai3="121,33,28,44,78,125,35,48,4,43,91,53,118"/><T106/><D36/><U85/><E39/><V115/><F111/><W108/><G108/><T109/><D109/><U114/><E116/><V120/><F120/><W88/><G118/><T102/><D134/><U14/><E114/><V132/><F132/><W59/><G121/><T46/><D126/><U135/><E135/><V105/><F105/><W32/><G125/><T22/><D46/><U34/><E34/><V96/><F115/><W92/><G78/><T5/><D60/><U93/><E3/><V15/><F41/><W0/><G28/><T24/><D9/><U101/><E75/><V57/><F69/><W49/><REACH who="3" step="1"/><G92/><REACH who="3" ten="506,124,240,120" step="2"/><T45/><D94/><U119/><E119/><V89/><F76/><W84/><G84/><T17/><D87/><U16/><E93/><V80/><F79/><W1/><G1/><T54/><D73/><U131/><E131/><V37/><F80/><W2/><G2/><T71/><D72/><U70/><E85/><V129/><F129/><W65/><G65/><T26/><D104/><U18/><E83/><V29/><F29/><W81/><G81/><T67/><D106/><U90/><E90/><V30/><F30/><W124/><G124/><T99/><D67/><U13/><E101/><V107/><F107/><W110/><G110/><T82/><D82/><U103/><E103/><V133/><F133/><W117/><G117/><T31/><D100/><U98/><E98/><V86/><F96/><W51/><G51/><N who="0" m="29039" /><D99/><U12/><E70/><V127/><F127/><W112/><G112/><T6/><D102/><U40/><E50/><V47/><F86/><RYUUKYOKU ba="0,1" sc="506,10,124,10,240,-30,120,10" hai0="5,6,7,17,20,22,24,26,31,71" hai1="11,12,13,14,16,18,19,21,23,40,55,58,63" hai3="0,4,32,33,35,43,44,48,49,53,59,88,91" /><INIT seed="4,1,1,1,3,48" ten="516,134,210,130" oya="0" hai0="51,72,81,3,23,66,117,88,92,43,27,77,101" hai1="44,124,21,116,90,32,50,14,98,97,100,96,30" hai2="1,31,76,84,80,133,112,40,109,94,13,6,17" hai3="134,55,46,16,29,73,19,104,105,103,28,75,37"/><T95/><D117/><U62/><E116/><V59/><F109/><W111/><G111/><T71/><D3/><U33/><E124/><V93/><F1/><W119/><G119/><T11/><D11/><U65/><E100/><V34/><F34/><W123/><G123/><T120/><D120/><U39/><E39/><V126/><F31/><W56/><G56/><T131/><D131/><U47/><E33/><V106/><F106/><W35/><G35/><T15/><D15/><U70/><E32/><V41/><F112/><W9/><G103/><T10/><D10/><U54/><E47/><V8/><F133/><W7/><G9/><T89/><D43/><N who="2" m="16458" /><F126/><W113/><G46/><T127/><D51/><U0/><E0/><V86/><F17/><W85/><G85/><T4/><D4/><U26/><REACH who="1" step="1"/><E14/><REACH who="1" ten="516,124,210,130" step="2"/><V60/><F84/><W52/><G134/><T118/><D127/><U69/><E69/><V18/><F6/><W110/><G110/><T61/><D118/><U64/><E64/><AGARI ba="1,2" hai="8,13,18,59,60,64,76,80,86,93,94" m="16458" machi="64" ten="30,1000,0" yaku="8,1" doraHai="48" who="2" fromWho="1" sc="516,0,124,-13,210,33,130,0" /><INIT seed="5,0,0,4,0,75" ten="516,111,243,130" oya="1" hai0="41,62,85,12,60,74,68,33,32,57,26,67,125" hai1="9,117,93,122,80,37,7,120,71,63,121,105,133" hai2="45,77,4,66,104,78,27,43,128,36,15,129,53" hai3="110,91,134,102,113,112,2,76,17,24,56,103,46"/><U88/><E105/><V100/><F66/><W124/><G110/><T61/><D74/><U86/><E117/><V111/><F111/><W106/><G2/><T44/><D125/><U14/><E37/><V8/><F53/><W13/><G124/><T96/><D60/><U72/><E133/><V116/><F116/><W35/><G134/><T107/><D26/><U10/><E10/><V21/><F100/><W70/><G70/><T69/><D69/><U109/><E109/><V84/><F84/><W118/><G118/><T98/><D98/><U50/><E50/><V19/><REACH who="2" step="1"/><F104/><REACH who="2" ten="516,111,233,130" step="2"/><W90/><G103/><T130/><D67/><U39/><E39/><V73/><F73/><W123/><G102/><T11/><D107/><U101/><E101/><V135/><F135/><W83/><G106/><T54/><D54/><U79/><E71/><V16/><F16/><W1/><G17/><T51/><D68/><U5/><REACH who="1" step="1"/><E63/><REACH who="1" ten="516,101,233,130" step="2"/><V81/><F81/><W6/><G83/><T29/><D61/><U87/><E87/><V49/><F49/><W47/><G113/><T115/><D85/><U42/><E42/><V95/><F95/><W119/><G112/><T40/><D115/><U132/><E132/><V97/><F97/><W30/><G119/><T64/><D96/><U59/><E59/><V126/><F126/><W82/><G56/><T31/><D41/><U99/><E99/><V20/><F20/><W25/><G82/><T94/><D94/><U0/><E0/><V114/><F114/><W52/><G1/><T3/><D3/><U22/><E22/><V58/><F58/><RYUUKYOKU ba="0,2" sc="516,-15,101,15,233,15,130,-15" hai1="5,7,9,14,72,79,80,86,88,93,120,121,122" hai2="4,8,15,19,21,27,36,43,45,77,78,128,129" /><INIT seed="5,1,2,4,3,22" ten="501,116,248,115" oya="1" hai0="117,14,63,115,27,106,113,86,34,128,50,123,35" hai1="2,17,5,112,104,114,33,81,7,40,26,125,102" hai2="30,91,18,12,20,49,43,73,68,3,103,69,120" hai3="64,78,127,118,48,75,11,57,119,87,38,88,1"/><U0/><E40/><V16/><F120/><W21/><G127/><T62/><D117/><N who="3" m="44553" /><G38/><T108/><D108/><U15/><E81/><V83/><F3/><N who="1" m="1065" /><E102/><V9/><F30/><W45/><G78/><T124/><D106/><U23/><E104/><V110/><F110/><W71/><G75/><T101/><D101/><U79/><E79/><V76/><F103/><W98/><G98/><T90/><D124/><U61/><E61/><V6/><F6/><N who="1" m="2057" /><E125/><V66/><F66/><W59/><G1/><T13/><D50/><U116/><E116/><V89/><F68/><W70/><G11/><T46/><D46/><U94/><E94/><V67/><F67/><W10/><G10/><T36/><D36/><U54/><E54/><V58/><F69/><N who="3" m="26123" /><G21/><T37/><D37/><U99/><E99/><V134/><F89/><W32/><G32/><T53/><D90/><U93/><E93/><V133/><F91/><W72/><G72/><T107/><D86/><U60/><E60/><V51/><F51/><W39/><G39/><T95/><D95/><U74/><E74/><V92/><F92/><N who="3" m="54303" /><G64/><T52/><D107/><U131/><E131/><V85/><F73/><W19/><G19/><T100/><D100/><U111/><E111/><V129/><F129/><W130/><G130/><T55/><D128/><U24/><E33/><V28/><F76/><W121/><G121/><T4/><D123/><U80/><E80/><V84/><F83/><W56/><G59/><T42/><D42/><AGARI ba="1,2" hai="42,45,48,56,57" m="54303,26123,44553" machi="42" ten="30,2000,0" yaku="12,1,54,1" doraHai="22" who="3" fromWho="0" sc="501,-23,116,0,248,0,115,43" /><INIT seed="6,0,0,1,4,16" ten="478,116,248,158" oya="2" hai0="88,14,29,106,28,108,96,50,47,6,53,41,97" hai1="125,45,124,42,40,19,117,114,12,121,36,101,67" hai2="54,10,62,81,105,118,32,31,39,83,70,57,27" hai3="79,13,58,51,98,76,132,5,34,104,135,133,110"/><V100/><F118/><W7/><G110/><T26/><D108/><U111/><E111/><V87/><F39/><W130/><G34/><T30/><D106/><U75/><E117/><V107/><F70/><W119/><G119/><T60/><D26/><U80/><E114/><V20/><F32/><W56/><G130/><T89/><D6/><N who="3" m="2057" /><G13/><T99/><D14/><U18/><E121/><V109/><F10/><W116/><G116/><T46/><REACH who="0" step="1"/><D60/><REACH who="0" ten="468,116,248,158" step="2"/><U94/><E124/><V2/><F62/><W25/><G25/><T43/><D43/><U9/><E42/><V128/><F27/><W17/><G104/><T35/><D35/><U93/><E125/><V22/><F105/><W11/><G133/><T63/><D63/><U77/><E67/><V55/><F107/><W126/><G126/><T78/><D78/><U123/><E123/><V64/><F64/><W73/><G79/><T92/><D92/><U37/><E94/><V24/><F24/><W85/><G76/><T82/><D82/><U74/><E74/><V71/><F81/><W129/><G73/><T61/><D61/><U44/><E93/><V65/><F83/><W127/><G127/><T103/><D103/><U15/><E40/><V112/><F100/><W95/><G95/><T113/><D113/><U4/><E101/><V86/><F65/><W69/><G132/><T84/><D84/><U90/><E90/><V115/><F109/><W23/><G85/><T72/><D72/><U131/><E4/><V91/><F112/><W120/><G120/><T33/><D33/><U66/><E66/><V122/><F115/><RYUUKYOKU ba="0,1" sc="468,30,116,-10,248,-10,158,-10" hai0="28,29,30,41,46,47,50,53,88,89,96,97,99" /><INIT seed="7,1,1,2,5,43" ten="498,106,238,148" oya="3" hai0="59,87,100,11,23,84,105,36,52,39,12,20,129" hai1="62,118,56,28,0,78,21,71,70,91,79,45,50" hai2="30,38,29,37,85,122,95,125,2,66,106,44,7" hai3="25,123,115,58,81,72,116,110,51,14,55,54,41"/><W46/><G116/><T135/><D129/><U77/><E0/><V82/><F106/><W49/><G123/><T65/><D65/><U104/><E104/><V19/><F2/><W1/><G1/><T40/><D135/><U102/><E118/><V15/><F38/><W27/><G115/><T9/><D9/><U32/><E71/><V61/><F7/><W60/><G110/><T101/><D23/><U124/><E70/><V42/><F95/><W68/><G68/><T4/><D39/><U3/><E32/><V126/><F122/><W8/><G81/><T22/><D22/><U99/><E3/><V96/><F96/><W69/><G72/><T127/><D127/><U97/><E124/><V83/><F83/><W133/><G133/><T113/><D20/><U108/><E108/><V34/><F34/><W93/><G93/><T121/><D121/><U17/><E28/><V109/><F109/><W131/><G131/><T73/><D73/><U128/><E91/><V53/><F53/><W26/><G69/><T74/><D74/><U67/><E128/><V31/><F85/><W98/><G98/><T90/><D113/><U80/><E80/><V57/><F82/><W76/><G76/><T134/><D134/><U18/><E102/><N who="0" m="39529" /><D90/><U24/><REACH who="1" step="1"/><E17/><REACH who="1" ten="498,96,238,148" step="2"/><V120/><F120/><W111/><G111/><T92/><D92/><U132/><E132/><V5/><F19/><N who="3" m="8647" /><G25/><T89/><D105/><U63/><E63/><V64/><F125/><W94/><G94/><T119/><D119/><U107/><E107/><V88/><F126/><W6/><G26/><T13/><D89/><RYUUKYOKU ba="1,2" sc="498,-10,96,30,238,-10,148,-10" hai1="18,21,24,45,50,56,62,67,77,78,79,97,99" owari="508,60.0,126,-37.0,228,3.0,138,-26.0" /></mjloggm>