<mjloggm ver="2.3"><GO type="169" lobby="0"/><UN n0="%E3%82%A6%E3%83%AB%E3%83%88%E3%83%A9%E7%AB%8B%E7%9B%B4" n1="%E8%97%8D%E8%91%89" n2="%55%4E%4B%4F%63%68%61%6E" n3="%E5%87%B1%E7%AB%A0" dan="18,16,17,16" rate="2260.18,2081.11,2184.89,2058.86" sx="M,M,M,M"/><TAIKYOKU oya="0"/><INIT seed="0,0,0,2,5,50" ten="250,250,250,250" oya="0" hai0="11,26,24,84,34,111,62,90,14,106,47,104,59" hai1="133,80,115,35,82,97,25,0,91,127,44,103,79" hai2="9,96,135,86,61,37,33,78,30,63,57,113,69" hai3="89,102,10,5,129,39,85,124,107,16,42,17,100"/><T70/><D70/><U125/><E0/><V4/><F113/><W95/><G124/><N who="1" m="47690" /><E35/><V130/><F37/><W2/><G129/><T49/><D111/><U109/><E25/><V53/><F130/><W119/><G119/><T93/><D106/><N who="1" m="63855" /><E109/><V108/><F108/><W87/><G87/><T21/><D104/><U122/><E122/><V19/><F19/><W13/><G107/><T32/><D32/><U128/><E128/><V101/><F135/><W77/><G77/><T27/><D34/><U126/><E133/><V60/><F69/><W43/><G17/><T40/><D21/><U23/><E23/><V114/><F114/><W45/><REACH who="3" step="1"/><G42/><REACH who="3" ten="250,250,250,240" step="2"/><T41/><D41/><U112/><E126/><V48/><F86/><W105/><G105/><T51/><D40/><U6/><E79/><V81/><F78/><W71/><G71/><T15/><D47/><U66/><E112/><V116/><F116/><W36/><G36/><T121/><D121/><U18/><E18/><V65/><F30/><W52/><G52/><N who="0" m="34151" /><D11/><AGARI ba="0,1" hai="2,5,10,11,13,16,39,43,45,85,89,95,100,102" machi="11" ten="30,3900,0" yaku="1,1,7,1,54,1,53,0" doraHai="50" doraHaiUra="20" who="3" fromWho="0" sc="250,-39,250,0,250,0,240,49" /><INIT seed="1,0,0,0,2,24" ten="211,250,250,289" oya="1" hai0="122,95,127,63,101,65,93,81,14,27,32,40,30" hai1="126,117,55,18,23,19,31,75,45,11,133,8,135" hai2="57,39,120,118,83,97,87,104,42,131,62,64,70" hai3="16,44,59,88,37,13,1,4,15,69,46,73,105"/><U25/><E75/><V6/><F118/><W50/><G105/><T102/><D127/><U0/><E117/><V67/><F120/><W89/><G69/><T134/><D134/><N who="1" m="51211" /><E45/><V34/><F131/><W22/><G73/><T26/><D122/><U108/><E55/><V53/><F34/><W103/><G103/><T10/><D40/><U128/><E128/><V124/><F124/><W86/><G1/><T2/><D2/><U7/><E126/><V33/><F33/><W68/><G68/><T99/><D27/><N who="1" m="16895" /><E108/><V96/><F104/><W36/><G36/><T129/><D81/><U47/><E47/><N who="3" m="17962" /><G37/><T80/><D80/><U5/><E25/><V114/><F42/><W132/><G132/><T28/><D129/><U56/><E56/><V3/><F39/><W110/><G110/><T77/><D26/><U92/><E92/><V82/><F82/><W76/><G76/><T85/><D77/><U21/><E21/><V125/><F125/><W130/><G130/><T72/><D32/><U109/><E109/><V29/><F83/><W12/><G4/><T107/><D72/><U74/><E74/><V54/><F6/><W106/><G106/><T100/><D107/><U35/><E35/><V78/><F70/><W90/><G86/><T60/><D85/><U61/><E61/><N who="0" m="23625" /><D65/><U79/><E79/><V98/><F67/><W115/><G115/><T119/><D119/><U43/><E43/><V71/><F71/><W123/><G123/><T66/><D66/><U49/><E49/><V94/><F114/><W58/><G50/><T84/><D84/><U41/><E41/><RYUUKYOKU ba="0,0" sc="211,-15,250,15,250,-15,289,15" hai1="0,5,7,8,11,18,19" hai3="12,13,15,16,22,58,59,88,89,90" /><INIT seed="1,1,0,5,5,97" ten="196,265,235,304" oya="1" hai0="68,7,67,114,83,109,76,118,3,64,35,105,62" hai1="0,73,15,30,37,113,53,128,102,127,14,107,41" hai2="21,71,61,75,11,57,47,60,131,66,56,121,89" hai3="12,117,126,84,19,80,23,59,100,27,86,93,26"/><U1/><E30/><V28/><F121/><W110/><G110/><T129/><D114/><U101/><E107/><V46/><F75/><W29/><G126/><T36/><D118/><U4/><E73/><V77/><F131/><W54/><G117/><T132/><D132/><U8/><E53/><V69/><F77/><W134/><G134/><T112/><D109/><U25/><E113/><V108/><F108/><W43/><G43/><T34/><D105/><U48/><E37/><V98/><F11/><W51/><G29/><T5/><D68/><U85/><E25/><N who="2" m="16431" /><F71/><W104/><G104/><T70/><D70/><U32/><E32/><V106/><F69/><W91/><G100/><N who="1" m="38506" /><E0/><V99/><F106/><W39/><G39/><T74/><D74/><U58/><E1/><V78/><F78/><AGARI ba="1,0" hai="12,19,23,26,27,51,54,59,78,80,84,86,91,93" machi="78" ten="30,7700,0" yaku="7,1,25,2,8,1" doraHai="97" who="3" fromWho="2" sc="196,0,265,0,235,-80,304,80" /><INIT seed="2,0,0,0,0,131" ten="196,265,155,384" oya="2" hai0="1,65,95,52,21,107,13,57,55,32,93,116,33" hai1="24,28,43,100,56,74,46,7,45,83,104,36,35" hai2="91,121,22,118,44,16,127,75,103,72,6,90,87" hai3="73,92,67,50,101,63,134,11,64,39,8,61,4"/><V115/><F115/><W111/><G39/><T124/><D1/><U66/><E7/><V34/><F118/><W109/><G73/><T130/><D107/><U27/><E46/><V38/><F121/><W58/><G101/><T14/><D116/><U113/><E113/><V31/><F127/><W40/><G92/><T123/><D130/><U49/><E24/><V71/><F71/><W18/><G18/><T132/><D57/><U19/><E19/><V98/><F6/><W85/><G85/><T120/><D65/><U30/><E30/><V77/><F77/><W76/><G76/><T79/><D79/><U88/><E74/><V60/><F60/><W89/><G89/><T94/><D94/><U86/><E100/><V48/><F38/><W41/><G4/><T97/><D21/><U68/><E104/><V69/><F69/><W70/><G50/><T17/><D17/><U15/><E15/><V108/><F34/><W119/><G119/><T125/><REACH who="0" step="1"/><D97/><REACH who="0" ten="186,265,155,384" step="2"/><U10/><E66/><V78/><F78/><W25/><G58/><T9/><D9/><U106/><E68/><V54/><F72/><W129/><G70/><T112/><D112/><U114/><E106/><V84/><F75/><W53/><G129/><T96/><D96/><U2/><E114/><V5/><F5/><W80/><G67/><T23/><D23/><U105/><E105/><V0/><F0/><W26/><G64/><T122/><D122/><U12/><E2/><V42/><F22/><W102/><G8/><T126/><D126/><U62/><E10/><V59/><F16/><W51/><G11/><RYUUKYOKU ba="0,1" sc="186,30,265,-10,155,-10,384,-10" hai0="13,14,32,33,52,55,93,95,120,123,124,125,132" /><INIT seed="3,1,1,0,1,4" ten="216,255,145,374" oya="3" hai0="9,49,18,105,109,98,111,39,113,107,40,19,72" hai1="125,115,52,89,133,6,37,124,114,59,7,118,60" hai2="87,76,106,103,81,46,65,134,33,74,11,101,78" hai3="135,86,92,123,130,27,50,79,82,94,16,66,96"/><W45/><G123/><T31/><D39/><U47/><E133/><V132/><F33/><W44/><G135/><N who="2" m="51753" /><F65/><W23/><G130/><T122/><D72/><U119/><E89/><V38/><F38/><W127/><G127/><N who="1" m="48714" /><E6/><V91/><F46/><W21/><G66/><T13/><D122/><U1/><E1/><V54/><F54/><W61/><G61/><T102/><D113/><N who="1" m="43019" /><E7/><V29/><F29/><W10/><G10/><T90/><D31/><U69/><E69/><V70/><F70/><W56/><G23/><T121/><D121/><U129/><E129/><V53/><F53/><W75/><G75/><T63/><D19/><U24/><E24/><V55/><F55/><N who="3" m="31863" /><G92/><T0/><D18/><U67/><E67/><V126/><F11/><W41/><G41/><AGARI ba="1,1" hai="37,41,47,52,59,60,118,119" m="43019,48714" machi="41" ten="40,8000,1" yaku="18,1,34,2,54,1" doraHai="4" who="1" fromWho="3" sc="216,0,255,93,145,0,374,-83" /><INIT seed="4,0,0,0,3,116" ten="216,348,145,291" oya="0" hai0="123,90,111,79,108,69,81,24,98,124,114,7,37" hai1="62,14,20,131,9,118,44,28,127,32,101,96,5" hai2="132,80,122,105,112,3,58,51,67,42,54,29,86" hai3="82,53,93,70,12,57,87,115,55,88,135,92,17"/><T74/><D37/><U16/><E118/><V18/><F105/><W73/><G70/><T47/><D69/><U66/><E127/><V129/><F3/><W100/><G115/><T6/><D114/><U8/><E44/><V117/><F112/><W64/><G135/><T10/><D124/><U126/><E131/><V38/><F129/><W13/><G73/><T56/><D47/><U106/><E126/><V49/><F132/><W71/><G71/><T33/><D56/><U121/><E121/><V1/><F1/><W77/><G100/><T15/><D7/><U26/><E5/><V45/><F117/><W68/><G68/><AGARI ba="0,0" hai="8,9,14,16,20,26,28,32,62,66,68,96,101,106" machi="68" ten="30,7700,0" yaku="7,1,25,2,54,1" doraHai="116" who="1" fromWho="3" sc="216,0,348,77,145,0,291,-77" /><INIT seed="5,0,0,0,2,129" ten="216,425,145,214" oya="1" hai0="44,83,15,121,77,29,10,25,86,12,43,120,95" hai1="55,97,30,52,31,125,42,73,135,134,128,4,126" hai2="1,13,100,96,57,72,93,28,65,49,5,127,89" hai3="0,94,88,109,66,7,110,50,90,47,23,81,71"/><U22/><E73/><V20/><F127/><N who="1" m="48649" /><E42/><V34/><F72/><W53/><G7/><T26/><D95/><U108/><E97/><V111/><F111/><W99/><G0/><T78/><D78/><U19/><E4/><V92/><F1/><W38/><G38/><T62/><D62/><U74/><E74/><V102/><F34/><W24/><G71/><T82/><D82/><U58/><E108/><V122/><F122/><N who="0" m="47210" /><D29/><N who="1" m="10763" /><E128/><V101/><F28/><W61/><G109/><T118/><D118/><U68/><E68/><V18/><F5/><W51/><G110/><T69/><D69/><U54/><E58/><V11/><F11/><W56/><G51/><N who="0" m="27039" /><D10/><U70/><E70/><V63/><REACH who="2" step="1"/><F49/><REACH who="2" ten="216,425,135,214" step="2"/><W46/><G50/><T76/><D76/><U64/><E64/><V85/><AGARI ba="0,1" hai="13,18,20,57,63,65,85,89,92,93,96,100,101,102" machi="85" ten="20,12000,2" yaku="1,1,2,1,0,1,7,1,8,1,53,1" doraHai="129" doraHaiUra="9" who="2" fromWho="2" sc="216,-30,425,-60,135,130,214,-30" /><INIT seed="6,0,0,2,2,25" ten="186,365,265,184" oya="2" hai0="16,129,55,79,122,49,97,74,27,18,108,93,131" hai1="71,134,109,6,115,65,8,23,105,128,5,34,28" hai2="98,39,121,100,36,7,1,73,19,104,124,125,117" hai3="22,70,38,112,113,133,44,51,66,40,88,116,47"/><V61/><F117/><W72/><G116/><T77/><D108/><U56/><E105/><V95/><F121/><W35/><G35/><T3/><D3/><U43/><E71/><V57/><F73/><W69/><G72/><T60/><D60/><N who="1" m="38023" /><E34/><V114/><F114/><N who="3" m="44139" /><G133/><T120/><D120/><U54/><E109/><V31/><F19/><N who="0" m="7210" /><D27/><N who="1" m="16511" /><E43/><V26/><F104/><W89/><G22/><T118/><D74/><U96/><E115/><V42/><F7/><W83/><G66/><T11/><D11/><U78/><E78/><V80/><F1/><W84/><G89/><N who="0" m="55471" /><D122/><U101/><E128/><N who="0" m="49225" /><D118/><U127/><E134/><V30/><F125/><W92/><G83/><T132/><D132/><U12/><E127/><V67/><F124/><W32/><G32/><T91/><D91/><U20/><E20/><V59/><F80/><W21/><G21/><T10/><D10/><U0/><E0/><V63/><F26/><W4/><G4/><T52/><D55/><AGARI ba="0,0" hai="38,40,44,47,51,55,69,70,84,88,92" m="44139" machi="55" ten="30,3900,0" yaku="15,1,11,1,54,1" doraHai="25" who="3" fromWho="0" sc="186,-39,365,0,265,0,184,39" /><INIT seed="7,0,0,3,3,63" ten="147,365,265,223" oya="3" hai0="5,71,8,27,53,60,89,26,7,28,112,80,40" hai1="52,23,62,111,9,104,16,34,56,66,124,98,36" hai2="54,45,3,116,78,29,134,24,2,15,83,70,48" hai3="109,96,32,132,77,130,102,86,73,0,35,79,81"/><W39/><G39/><T69/><D112/><U90/><E34/><V20/><F116/><W76/><G0/><T93/><D40/><U22/><E36/><V12/><F70/><W125/><G35/><T105/><D105/><U84/><E111/><V87/><F134/><W110/><G32/><T44/><D80/><U94/><E124/><V68/><F68/><W17/><G17/><T117/><D117/><U118/><E118/><V123/><F123/><W55/><G55/><T61/><D71/><U14/><E104/><V127/><F127/><W82/><G125/><T91/><D5/><U19/><E98/><V115/><F115/><W129/><G77/><T25/><D28/><U107/><E107/><V58/><F3/><W4/><G4/><T38/><D38/><U10/><E52/><N who="2" m="29711" /><F2/><W119/><G132/><T67/><D93/><U128/><E128/><N who="3" m="49258" /><G119/><T1/><REACH who="0" step="1"/><D61/><AGARI ba="0,0" hai="12,15,20,24,29,54,58,61,78,83,87" m="29711" machi="61" ten="30,2000,0" yaku="8,1,54,1" doraHai="63" who="2" fromWho="0" sc="147,-20,365,0,265,20,223,0" owari="127,-37.0,365,46.0,285,9.0,223,-18.0" /></mjloggm>