<mjloggm ver="2.3"><GO type="169" lobby="0"/><UN n0="%E3%82%A8%E3%83%AB%E3%82%AD%E3%83%81" n1="%37%79%79%79%79%79%79" n2="%E3%82%A6%E3%83%AB%E3%83%88%E3%83%A9%E7%AB%8B%E7%9B%B4" n3="%6D%61%6A%69%6B%75%7A%75" dan="17,16,18,17" rate="2155.36,2079.37,2208.09,2226.11" sx="M,M,M,M"/><TAIKYOKU oya="0"/><INIT seed="0,0,0,3,2,73" ten="250,250,250,250" oya="0" hai0="107,69,68,130,80,50,113,45,115,126,76,83,32" hai1="93,49,133,29,63,89,67,120,97,94,81,103,55" hai2="99,117,92,40,26,15,131,38,91,37,95,119,58" hai3="24,59,100,22,54,47,122,125,0,20,16,34,128"/><T64/><D107/><U10/><E133/><V23/><F131/><W21/><G0/><T118/><D118/><N who="2" m="45066" /><F40/><W85/><G128/><T104/><D130/><U53/><E120/><V2/><F2/><W6/><G6/><T108/><D104/><U43/><E29/><N who="2" m="17631" /><F58/><W1/><G1/><T114/><D32/><U46/><E81/><V18/><F95/><W25/><G122/><T9/><D83/><U42/><E10/><AGARI ba="0,0" hai="10,15,18,37,38,91,92,99" m="17631,45066" machi="10" ten="30,1000,0" yaku="12,1" doraHai="73" who="2" fromWho="1" sc="250,0,250,-10,250,10,250,0" /><INIT seed="1,0,0,4,3,35" ten="250,240,260,250" oya="1" hai0="57,126,112,124,56,4,3,83,5,1,109,65,48" hai1="39,11,53,114,74,6,52,29,69,129,110,37,49" hai2="33,68,15,7,82,101,88,19,127,117,12,54,99" hai3="26,120,107,63,132,25,42,36,133,94,31,58,78"/><U8/><E69/><V64/><F117/><W134/><G107/><T16/><D112/><U61/><E114/><V20/><F33/><W123/><G78/><T121/><D109/><U43/><E74/><V80/><F127/><N who="0" m="48682" /><D121/><N who="3" m="46665" /><G94/><T27/><D83/><U2/><E110/><V91/><F54/><N who="3" m="34263" /><G31/><T45/><D5/><U135/><E129/><V72/><F64/><W131/><G131/><T102/><D102/><U13/><E29/><V67/><F67/><W17/><G17/><T70/><D70/><U122/><E135/><V46/><F68/><W90/><G90/><T28/><D4/><U32/><E32/><V0/><F46/><AGARI ba="0,0" hai="25,26,36,42,46,132,133,134" m="34263,46665" machi="46" ten="40,1300,0" yaku="20,1" doraHai="35" who="3" fromWho="2" sc="250,0,240,0,260,-13,250,13" /><INIT seed="2,0,0,3,4,68" ten="250,240,247,263" oya="2" hai0="117,59,65,84,107,24,58,35,5,42,86,41,63" hai1="103,114,92,130,70,14,47,20,29,10,4,12,89" hai2="37,60,124,113,34,105,54,56,43,95,15,76,8" hai3="90,100,52,102,49,73,53,77,27,122,30,131,50"/><V85/><F113/><W126/><G122/><T81/><D107/><U79/><E70/><V121/><F105/><W31/><G73/><T123/><D123/><U98/><E130/><V32/><F121/><W39/><G39/><T87/><D117/><U25/><E114/><V132/><F124/><W7/><G77/><T110/><D110/><U38/><E79/><V26/><F132/><W111/><G7/><T99/><D5/><U45/><E38/><V46/><F26/><W67/><G67/><T80/><D99/><U3/><E3/><V82/><REACH who="2" step="1"/><F95/><REACH who="2" ten="250,240,237,263" step="2"/><W36/><G126/><T88/><D24/><U64/><E64/><V101/><F101/><W75/><G102/><T2/><D65/><U112/><E112/><V125/><F125/><W48/><G100/><T93/><D93/><U11/><REACH who="1" step="1"/><E103/><REACH who="1" ten="250,230,237,263" step="2"/><V118/><F118/><W0/><G131/><T74/><D81/><U128/><E128/><V33/><F33/><W96/><G111/><T97/><D35/><U44/><E44/><V22/><F22/><W71/><G71/><T6/><D80/><U116/><E116/><V1/><F1/><W13/><G0/><T127/><D2/><U91/><E91/><V61/><F61/><W57/><G90/><T133/><D63/><U120/><E120/><V108/><F108/><W78/><G78/><T21/><D127/><U28/><E28/><V23/><F23/><W72/><G30/><T40/><D21/><U9/><E9/><V135/><F135/><W16/><G31/><T134/><D134/><U17/><AGARI ba="0,2" hai="4,10,11,12,14,17,20,25,29,45,47,89,92,98" machi="17" ten="20,5200,0" yaku="1,1,0,1,7,1,8,1,53,0" doraHai="68" doraHaiUra="69" who="1" fromWho="1" sc="250,-13,230,72,237,-26,263,-13" /><INIT seed="3,0,0,5,5,111" ten="237,302,211,250" oya="3" hai0="2,104,92,40,79,129,67,61,116,76,95,50,74" hai1="124,54,87,128,0,58,86,117,71,103,4,112,31" hai2="63,11,106,135,12,78,94,91,96,17,82,38,29" hai3="59,80,3,69,101,10,46,102,134,14,100,24,5"/><W81/><G69/><T110/><D116/><U127/><E71/><V99/><F135/><W93/><G134/><T108/><D104/><U133/><E117/><V56/><F38/><W60/><G3/><T55/><D2/><U16/><E31/><V7/><F29/><W68/><G68/><T121/><D121/><U75/><E75/><V125/><F125/><W115/><G115/><T98/><D40/><U6/><E103/><V22/><F106/><W9/><G9/><T45/><D129/><U113/><E128/><V39/><F39/><W47/><G24/><T27/><D27/><U123/><E0/><V1/><F94/><W36/><G93/><T28/><D28/><U65/><E65/><V41/><F91/><W33/><G33/><T73/><D95/><U48/><E16/><V66/><REACH who="2" step="1"/><F41/><REACH who="2" ten="237,302,201,250" step="2"/><W122/><G36/><T84/><D79/><U132/><E133/><V119/><F119/><W34/><G122/><T18/><D110/><U97/><E123/><V62/><F62/><W51/><G34/><T70/><D108/><U77/><E132/><V118/><F118/><W52/><REACH who="3" step="1"/><G46/><REACH who="3" ten="237,302,201,240" step="2"/><T85/><D45/><N who="1" m="27919" /><E127/><V43/><F43/><AGARI ba="0,2" hai="5,10,14,43,47,51,52,59,60,80,81,100,101,102" machi="43" ten="40,7700,0" yaku="1,1,8,1,54,1,53,0" doraHai="111" doraHaiUra="107" who="3" fromWho="2" sc="237,0,302,0,201,-77,240,97" /><INIT seed="3,1,0,3,4,82" ten="237,302,124,337" oya="3" hai0="27,111,23,32,57,119,104,127,96,54,50,74,9" hai1="85,6,121,22,25,12,76,97,58,56,110,77,5" hai2="73,68,35,51,131,10,39,105,55,79,0,80,126" hai3="109,44,60,7,99,48,36,106,14,128,19,83,94"/><W120/><G120/><T102/><D119/><U4/><E110/><V116/><RYUUKYOKU type="yao9" ba="1,0" sc="237,0,302,0,124,0,337,0" hai2="0,10,35,39,51,55,68,73,79,80,105,116,126,131" /><INIT seed="3,2,0,1,0,19" ten="237,302,124,337" oya="3" hai0="95,71,28,112,125,126,46,132,47,103,66,62,133" hai1="110,59,102,12,5,77,10,104,11,129,123,39,38" hai2="44,108,53,75,30,45,9,116,89,54,124,85,68" hai3="17,36,96,134,130,58,131,127,84,79,1,93,56"/><W135/><G1/><T27/><D103/><U114/><E114/><V33/><F116/><W3/><G3/><T40/><D95/><U6/><E129/><N who="3" m="49162" /><G36/><N who="0" m="21767" /><D27/><U111/><E123/><V7/><F85/><W8/><G8/><T41/><D28/><U16/><E77/><V87/><F53/><W61/><G17/><T42/><D112/><U37/><E102/><V31/><F44/><W91/><G127/><N who="0" m="48651" /><D42/><U88/><E104/><V26/><F9/><W78/><G96/><T92/><D92/><U14/><E59/><N who="3" m="22570" /><G61/><T25/><D25/><U60/><E60/><V115/><F26/><W32/><G32/><T21/><D21/><U101/><E101/><V83/><F33/><W57/><N who="3" m="22578" /><W50/><DORA hai="69" /><G50/><AGARI ba="2,0" hai="41,47,50,62,66,71,132,133" m="48651,21767" machi="50" ten="30,7700,0" yaku="18,1,34,2,52,1" doraHai="19,69" who="0" fromWho="3" sc="237,83,302,0,124,0,337,-83" /><INIT seed="4,0,0,3,1,70" ten="320,302,124,254" oya="0" hai0="107,42,6,93,45,78,29,101,7,87,122,124,16" hai1="111,44,125,120,131,43,20,5,36,60,46,103,123" hai2="1,56,37,57,28,18,40,86,2,66,109,63,128" hai3="4,52,25,89,22,81,8,64,126,104,14,129,76"/><T58/><D122/><U15/><E111/><V23/><F109/><W38/><G104/><T41/><D29/><U95/><E131/><V118/><F128/><W130/><G64/><T84/><D107/><U102/><E125/><V50/><F118/><W91/><G126/><T61/><D124/><U132/><E132/><V99/><F28/><W114/><G114/><T127/><D127/><U27/><E60/><V98/><F86/><N who="0" m="32810" /><D78/><U112/><E112/><V54/><F1/><W117/><G117/><T53/><D16/><U48/><E95/><V69/><F56/><W10/><G38/><T115/><D115/><U0/><E0/><V34/><F34/><W105/><G105/><T30/><D30/><U17/><E123/><V90/><F90/><W35/><G35/><T106/><D106/><U88/><E88/><N who="3" m="33866" /><G129/><T65/><D65/><U92/><E92/><V19/><F2/><W75/><G10/><T119/><D119/><U100/><E120/><V9/><F9/><W62/><G130/><T94/><D94/><U121/><E121/><V39/><F39/><W82/><G75/><T21/><D21/><U116/><E116/><V77/><F77/><W24/><G76/><T113/><D113/><U13/><REACH who="1" step="1"/><E5/><REACH who="1" ten="320,292,124,254" step="2"/><V80/><F80/><W11/><G82/><T67/><D6/><U110/><E110/><V55/><F98/><W79/><G81/><T33/><D7/><U47/><E47/><N who="2" m="23951" /><F99/><W51/><G79/><T83/><D83/><U74/><E74/><V72/><F72/><W133/><G4/><T97/><D45/><U59/><E59/><V31/><F57/><RYUUKYOKU ba="0,1" sc="320,-10,292,30,124,-10,254,-10" hai1="13,15,17,20,27,36,43,44,46,48,100,102,103" /><INIT seed="5,1,1,1,5,117" ten="310,322,114,244" oya="1" hai0="57,106,58,0,33,97,5,95,11,86,53,133,39" hai1="80,130,107,105,13,28,20,125,34,61,27,60,82" hai2="93,114,8,132,49,56,38,85,69,30,67,98,75" hai3="104,29,73,77,115,62,100,65,17,94,126,43,110"/><U55/><E125/><V42/><F75/><W40/><G110/><T15/><D33/><U120/><E120/><V12/><F132/><W111/><G111/><T21/><D39/><U47/><E130/><V122/><F114/><W81/><G115/><T88/><D133/><U52/><E107/><V83/><F30/><W123/><G123/><T25/><D0/><U18/><E105/><V74/><F74/><W19/><G104/><T32/><D32/><U103/><E103/><V134/><F134/><W90/><G100/><T9/><D9/><N who="1" m="6447" /><E34/><V70/><F122/><W89/><G29/><N who="0" m="17583" /><D106/><U101/><E101/><V127/><F127/><W64/><G64/><T99/><D58/><N who="1" m="34887" /><E47/><V113/><F113/><W35/><G35/><T135/><D135/><U129/><E129/><V7/><F38/><W14/><G126/><T112/><D112/><U50/><E50/><AGARI ba="1,1" hai="5,11,15,50,53,57,86,88,95,97,99" m="17583" machi="50" ten="30,2000,0" yaku="8,1,54,1" doraHai="117" who="0" fromWho="1" sc="310,33,322,-23,114,0,244,0" /><INIT seed="6,0,0,0,0,130" ten="343,299,114,244" oya="2" hai0="102,38,3,83,123,100,84,82,59,50,33,96,37" hai1="125,77,46,112,20,22,117,57,60,26,122,90,34" hai2="115,23,30,105,24,95,68,107,101,0,98,58,85" hai3="79,11,93,97,2,116,103,114,74,45,21,120,54"/><V69/><F115/><W86/><G116/><T121/><D3/><U104/><E122/><V28/><F0/><W41/><G120/><T5/><D33/><U18/><E104/><V39/><F39/><W65/><G114/><T17/><D84/><U40/><E34/><V7/><F7/><W127/><G127/><T53/><D5/><U132/><E125/><V63/><F30/><W14/><G74/><T1/><D1/><U4/><E4/><V25/><F25/><W133/><G65/><T81/><D81/><U66/><E112/><V71/><REACH who="2" step="1"/><F85/><REACH who="2" ten="343,299,104,244" step="2"/><W128/><G2/><T134/><D121/><U49/><E117/><V113/><F113/><W87/><G87/><T109/><D38/><U52/><E26/><V35/><F35/><W43/><G86/><T42/><D37/><U111/><E77/><V126/><F126/><W91/><G79/><T76/><D76/><U27/><E27/><V129/><F129/><W124/><G128/><T56/><D123/><U131/><E131/><V99/><F99/><W72/><G124/><T110/><D96/><U119/><E119/><V51/><F51/><W29/><G97/><T32/><D32/><U9/><E49/><V10/><F10/><W44/><G11/><T106/><D50/><U48/><E9/><V61/><F61/><W47/><G29/><T78/><D78/><U67/><E60/><V31/><F31/><W108/><G21/><T64/><D83/><U92/><E22/><V70/><N who="2" m="17408" /><DORA hai="13" /><V62/><F62/><W55/><G14/><T94/><D82/><U19/><E20/><V135/><F135/><RYUUKYOKU ba="0,1" sc="343,-10,299,-10,104,30,244,-10" hai2="23,24,28,58,63,95,98,101,105,107" /><INIT seed="6,1,1,4,4,126" ten="333,289,134,234" oya="2" hai0="64,132,128,11,15,109,8,32,124,54,74,77,117" hai1="69,22,60,97,106,66,122,131,45,108,72,113,27" hai2="46,100,3,33,133,61,49,40,125,38,9,116,37" hai3="96,135,68,30,7,94,98,121,81,129,14,107,23"/><V36/><F116/><W134/><G121/><T99/><D109/><U112/><E72/><V115/><F125/><W104/><G129/><T16/><D128/><U58/><E122/><V53/><F33/><W75/><G68/><T57/><D124/><U92/><E108/><V39/><F100/><N who="3" m="60439" /><G98/><T10/><D32/><U111/><E131/><V80/><F115/><N who="1" m="44105" /><E106/><V89/><F133/><N who="3" m="50699" /><G7/><T110/><D110/><U6/><E45/><V29/><F29/><W70/><G70/><T95/><D117/><U105/><E105/><V76/><F89/><W42/><G42/><T25/><D25/><U21/><E6/><V103/><F103/><W19/><G30/><T31/><D31/><N who="1" m="17903" /><E22/><V102/><F102/><W83/><G83/><T13/><D132/><U50/><E50/><V130/><F130/><W62/><G62/><T4/><D4/><U114/><E111/><V87/><F61/><W51/><G51/><T59/><D74/><U119/><E119/><V120/><F120/><W52/><G52/><T20/><D54/><U88/><E114/><V91/><N who="2" m="9216" /><DORA hai="34" /><V43/><REACH who="2" step="1"/><F76/><AGARI ba="1,1" hai="14,19,23,75,76,81,104,107" m="50699,60439" machi="76" ten="30,1000,0" yaku="20,1" doraHai="126,34" who="3" fromWho="2" sc="333,0,289,0,134,-13,234,23" /><INIT seed="7,0,0,1,3,33" ten="333,289,121,257" oya="3" hai0="81,38,122,85,118,110,26,86,125,74,78,13,16" hai1="112,29,54,114,0,8,52,84,75,22,92,132,34" hai2="129,100,63,47,25,50,120,90,80,36,11,7,55" hai3="2,51,20,123,106,96,133,62,107,111,49,3,121"/><W83/><G133/><T23/><D118/><U31/><E75/><V17/><F129/><W88/><G111/><T42/><D110/><U113/><E132/><V35/><F120/><W21/><G62/><T57/><D122/><N who="3" m="46601" /><G96/><T69/><D69/><U40/><E40/><V10/><F36/><W41/><G88/><T102/><D102/><U115/><E22/><N who="3" m="8810" /><G83/><T24/><D57/><U46/><E46/><V58/><F100/><W56/><G56/><T43/><D43/><U130/><E130/><V119/><F119/><W131/><G41/><T82/><D74/><U109/><E109/><V95/><F80/><W15/><G15/><T44/><D125/><U71/><E71/><V9/><F90/><AGARI ba="0,0" hai="13,16,23,24,26,38,42,44,78,81,82,85,86,90" machi="90" ten="30,2000,0" yaku="7,1,54,1" doraHai="33" who="0" fromWho="2" sc="333,20,289,0,121,-20,257,0" owari="353,45.0,289,9.0,101,-40.0,257,-14.0" /></mjloggm>