<mjloggm ver="2.3"><GO type="169" lobby="0"/><UN n0="%74%61%6B%65%2D%79%6F%75" n1="%E3%82%A6%E3%83%AB%E3%83%88%E3%83%A9%E7%AB%8B%E7%9B%B4" n2="%E3%81%86%E3%81%A0%E3%81%A3%E3%81%B7" n3="%E3%83%8E%E3%83%96%E3%82%AD" dan="17,18,17,16" rate="2184.82,2211.37,2120.79,2089.29" sx="F,M,M,M"/><TAIKYOKU oya="0"/><INIT seed="0,0,0,0,4,113" ten="250,250,250,250" oya="0" hai0="44,109,124,37,79,107,111,126,108,85,61,63,65" hai1="58,74,59,21,131,40,35,34,26,60,15,76,28" hai2="38,53,104,115,27,117,43,80,47,2,134,3,103" hai3="14,57,46,29,114,82,81,88,94,25,69,99,33"/><T42/><D107/><U75/><E131/><V86/><F115/><W13/><G69/><N who="0" m="42159" /><D79/><U123/><E123/><V116/><F134/><W51/><G114/><T97/><D85/><U119/><E40/><V98/><F53/><W118/><G118/><N who="2" m="45673" /><F27/><W56/><G81/><T52/><D97/><U73/><E119/><V130/><F130/><W8/><G82/><T54/><D63/><U11/><E76/><AGARI ba="0,0" hai="2,3,38,43,47,76,80,86,98,103,104" m="45673" machi="76" ten="30,7700,0" yaku="12,1,52,3" doraHai="113" who="2" fromWho="1" sc="250,0,250,-77,250,77,250,0" /><INIT seed="1,0,0,3,3,106" ten="250,173,327,250" oya="1" hai0="60,46,22,75,17,124,131,80,74,30,62,14,28" hai1="88,23,102,5,133,21,93,40,112,103,118,35,105" hai2="66,2,64,56,87,135,134,71,110,69,8,76,50" hai3="111,120,91,132,84,4,16,42,114,115,126,73,83"/><U85/><E112/><V36/><F36/><W31/><G120/><T20/><D131/><U107/><E35/><V1/><F76/><W18/><G31/><T125/><D46/><U104/><E118/><V34/><F34/><W108/><G132/><N who="2" m="50729" /><F87/><W7/><G126/><N who="0" m="48747" /><D80/><U11/><E133/><V33/><F33/><W67/><G67/><N who="2" m="25641" /><F110/><N who="3" m="42027" /><G42/><T127/><N who="0" m="48755" /><T81/><DORA hai="59" /><D81/><U38/><E40/><V3/><F8/><W0/><G73/><N who="0" m="27659" /><D22/><U96/><E38/><V117/><F117/><W99/><G83/><T13/><D14/><U39/><E39/><V51/><F56/><W48/><G0/><T12/><D13/><U32/><E32/><V128/><F128/><W58/><G115/><T113/><D113/><U119/><E119/><V122/><F122/><W19/><G114/><T26/><D12/><U53/><E23/><V45/><F45/><W123/><G123/><T54/><D54/><U92/><E53/><V98/><F2/><W57/><G7/><T77/><D77/><U116/><E21/><V130/><F3/><W89/><G4/><T15/><D15/><U94/><E116/><V61/><F1/><W63/><G19/><T25/><D25/><U47/><E47/><V90/><F130/><W49/><G18/><T100/><D100/><U95/><E102/><V121/><F121/><W29/><G16/><T6/><D6/><U78/><E78/><V41/><F41/><W79/><G79/><T10/><D10/><U27/><E27/><V43/><F43/><W55/><G55/><T70/><D70/><U37/><E37/><V101/><F71/><RYUUKYOKU ba="0,0" sc="250,15,173,15,327,-15,250,-15" hai0="17,20,26,28,30,60,62" hai1="5,11,85,88,92,93,94,95,96,103,104,105,107" /><INIT seed="1,1,0,3,0,103" ten="265,188,312,235" oya="1" hai0="37,104,48,98,28,59,61,4,2,96,91,54,109" hai1="41,62,34,67,105,46,30,45,9,132,58,94,75" hai2="123,135,106,113,64,10,130,13,77,42,125,82,40" hai3="31,52,17,39,66,3,126,79,63,20,134,86,49"/><U120/><E120/><V115/><F123/><W36/><G3/><T44/><D109/><U6/><E132/><V50/><F135/><W60/><G134/><T27/><D37/><U101/><E75/><V51/><F125/><W127/><G31/><T68/><D68/><U88/><E30/><V18/><F130/><W122/><G122/><T22/><D104/><U29/><E29/><V71/><F106/><W116/><G116/><T110/><D110/><U107/><E34/><V33/><F33/><W133/><G133/><T111/><D111/><U76/><E76/><V12/><F64/><W93/><G39/><T85/><D4/><U118/><E118/><V112/><F71/><W108/><G36/><T35/><D2/><U84/><E101/><V16/><F42/><W72/><G72/><T99/><D35/><U21/><E21/><N who="2" m="11399" /><F40/><W11/><G127/><T14/><D14/><U80/><E80/><V8/><F8/><W131/><G11/><T74/><D74/><AGARI ba="1,0" hai="10,13,18,50,51,74,77,82,112,113,115" m="11399" machi="74" ten="30,2000,0" yaku="11,1,54,1" doraHai="103" who="2" fromWho="0" sc="265,-23,188,0,312,23,235,0" /><INIT seed="2,0,0,1,2,26" ten="242,188,335,235" oya="2" hai0="78,62,132,33,127,6,113,15,53,52,75,19,27" hai1="60,5,109,110,45,32,92,46,106,90,103,67,57" hai2="124,8,73,20,17,96,122,28,116,69,131,79,89" hai3="48,120,40,72,66,0,2,128,68,126,94,133,125"/><V44/><F122/><W4/><G120/><T77/><D113/><U23/><E32/><V56/><F69/><W10/><G133/><T64/><D132/><U115/><E115/><V114/><F114/><W107/><G107/><T34/><D127/><N who="3" m="48649" /><G128/><T1/><D1/><U31/><E5/><V76/><F124/><W99/><G72/><T35/><D6/><U91/><E106/><V101/><F116/><W65/><G0/><T117/><D117/><U22/><E22/><V85/><F131/><W47/><G68/><T112/><D112/><U9/><E9/><V3/><F73/><W51/><G48/><T25/><D25/><N who="1" m="16831" /><E110/><V102/><F102/><AGARI ba="0,0" hai="2,4,10,40,47,51,65,66,94,99,102" m="48649" machi="102" ten="30,1000,0" yaku="18,1" doraHai="26" who="3" fromWho="2" sc="242,0,188,0,335,-10,235,10" /><INIT seed="3,0,0,3,5,110" ten="242,188,325,245" oya="3" hai0="28,78,46,83,23,121,19,81,22,106,27,8,93" hai1="66,114,58,4,94,18,123,37,103,100,61,47,3" hai2="32,64,54,65,24,89,0,41,31,101,69,67,75" hai3="115,44,7,30,72,33,132,84,74,49,82,63,120"/><W16/><G120/><T116/><D116/><U118/><E123/><V122/><F122/><W107/><G132/><T79/><D106/><U45/><E118/><V21/><F75/><W90/><G107/><T40/><D121/><U13/><E114/><V109/><F109/><W71/><G7/><T102/><D8/><U42/><E3/><V73/><F73/><W98/><G98/><T87/><D102/><U108/><E4/><V35/><F0/><W127/><G127/><T2/><D93/><U29/><E108/><V96/><F69/><W39/><G39/><T119/><D2/><U111/><E111/><V34/><F89/><W1/><G1/><T124/><D124/><U113/><E113/><V131/><F41/><W20/><G115/><T133/><D133/><U80/><E29/><V36/><F54/><W17/><G33/><T86/><D119/><U52/><E80/><V25/><F36/><W130/><G30/><T70/><D70/><U9/><E94/><V88/><F131/><W77/><G130/><T50/><REACH who="0" step="1"/><D19/><REACH who="0" ten="232,188,325,245" step="2"/><U112/><E112/><V56/><F101/><W91/><G17/><T95/><D95/><U129/><E129/><V6/><F31/><W76/><G71/><T85/><D85/><U60/><REACH who="1" step="1"/><E45/><REACH who="1" ten="232,178,325,245" step="2"/><V105/><F105/><W55/><G44/><T26/><D26/><U10/><E10/><V128/><F25/><W57/><G82/><T97/><D97/><U104/><E104/><V126/><F96/><W134/><G134/><T68/><D68/><AGARI ba="0,2" hai="9,13,18,37,42,47,52,58,60,61,66,68,100,103" machi="68" ten="30,3900,0" yaku="1,1,7,1,54,1,53,0" doraHai="110" doraHaiUra="117" who="1" fromWho="0" sc="232,-39,178,59,325,0,245,0" /><INIT seed="4,0,0,1,2,19" ten="193,237,325,245" oya="0" hai0="13,101,5,105,92,98,41,43,109,81,8,52,122" hai1="53,93,121,74,94,131,113,45,33,116,119,90,115" hai2="88,31,117,97,21,32,20,76,60,79,106,61,132" hai3="35,9,56,129,28,80,55,112,130,29,134,118,37"/><T24/><D122/><U40/><E33/><V57/><F32/><W22/><G118/><T15/><D109/><U68/><E68/><V25/><F117/><W16/><G112/><N who="1" m="43082" /><E121/><V108/><F108/><W69/><G69/><T77/><D105/><U103/><E74/><V23/><F132/><W135/><G37/><T39/><D39/><N who="1" m="21663" /><E131/><N who="3" m="50186" /><G9/><T14/><D24/><U95/><E103/><V51/><F106/><W38/><G80/><T0/><REACH who="0" step="1"/><D52/><REACH who="0" ten="183,237,325,245" step="2"/><U1/><E53/><N who="2" m="31935" /><F25/><W82/><G38/><T42/><D42/><U58/><E119/><V18/><F31/><W4/><G29/><T34/><D34/><U84/><E116/><V11/><F61/><W100/><G28/><T124/><D124/><U133/><E133/><V96/><F60/><W128/><G35/><T75/><AGARI ba="0,1" hai="0,5,8,13,14,15,41,43,75,77,81,92,98,101" machi="75" ten="30,3000,0" yaku="1,1,0,1,53,0" doraHai="19" doraHaiUra="86" who="0" fromWho="0" sc="183,40,237,-10,325,-10,245,-10" /><INIT seed="4,1,0,0,1,34" ten="223,227,315,235" oya="0" hai0="76,98,115,124,113,35,99,50,40,12,5,117,123" hai1="114,59,106,73,103,37,23,64,133,1,85,90,109" hai2="111,15,116,69,26,79,7,135,102,4,91,43,55" hai3="77,9,22,121,92,11,112,97,8,10,93,32,19"/><T41/><D117/><U70/><E109/><V25/><F111/><W52/><G32/><T132/><D123/><U118/><E118/><V38/><F116/><W47/><G112/><N who="0" m="43083" /><D35/><U84/><E70/><V18/><F135/><W134/><G134/><T104/><D132/><U28/><E37/><V96/><F69/><W57/><G121/><T81/><D124/><U20/><E133/><V80/><F91/><W21/><G77/><T45/><D104/><U131/><E131/><V62/><F43/><W56/><G47/><N who="0" m="25959" /><D12/><U101/><E106/><V6/><F38/><W17/><G8/><T2/><D5/><U120/><E23/><N who="3" m="8714" /><G57/><T54/><D54/><U71/><E20/><V75/><F15/><W128/><G128/><T51/><D2/><U78/><E59/><V89/><F18/><N who="3" m="6667" /><G97/><T108/><D108/><U86/><E1/><V29/><F96/><W88/><G88/><T94/><D94/><N who="3" m="36457" /><G56/><T39/><D39/><U24/><E90/><V127/><F89/><W58/><G58/><T129/><D129/><U110/><E110/><V60/><F79/><W46/><G46/><T74/><AGARI ba="1,0" hai="41,45,51,74,76,81,98,99" m="25959,43083" machi="74" ten="30,1500,0" yaku="15,1" doraHai="34" who="0" fromWho="0" sc="223,18,227,-6,315,-6,235,-6" /><INIT seed="4,2,0,4,5,34" ten="241,221,309,229" oya="0" hai0="43,44,9,13,82,53,88,81,42,105,37,40,22" hai1="23,83,109,1,77,121,41,95,64,71,0,15,116" hai2="45,12,47,93,54,104,76,135,102,123,19,20,25" hai3="124,52,94,57,106,66,69,115,17,130,10,108,7"/><T4/><D105/><U134/><E95/><V122/><F104/><W18/><G106/><T14/><D53/><U79/><E15/><V30/><F135/><W2/><G108/><T84/><REACH who="0" step="1"/><D81/><REACH who="0" ten="231,221,309,229" step="2"/><U50/><E83/><V39/><F54/><W129/><G52/><T29/><D29/><U49/><E134/><V125/><F30/><W56/><G130/><T16/><AGARI ba="2,1" hai="4,9,13,14,16,22,37,40,42,43,44,82,84,88" machi="16" ten="30,11700,0" yaku="1,1,0,1,54,2,53,0" doraHai="34" doraHaiUra="100" who="0" fromWho="0" sc="231,133,221,-41,309,-41,229,-41" /><INIT seed="4,3,0,3,4,69" ten="364,180,268,188" oya="0" hai0="44,108,19,60,15,111,120,83,46,0,41,51,28" hai1="48,134,106,22,27,93,67,20,117,56,95,14,35" hai2="77,109,25,72,107,50,135,36,115,101,71,91,78" hai3="11,85,52,63,128,96,112,2,57,102,84,118,122"/><T33/><D120/><U124/><E117/><V66/><F109/><N who="0" m="42058" /><D0/><U42/><E134/><V100/><F135/><W126/><G128/><T73/><D60/><U62/><E124/><V54/><F115/><W4/><G112/><T12/><D46/><N who="1" m="25687" /><E106/><V116/><F116/><W61/><G126/><T131/><D131/><U86/><E35/><V132/><F132/><W47/><G118/><T90/><D19/><N who="1" m="10359" /><E86/><V16/><F72/><W13/><G122/><T89/><D73/><U23/><E23/><V45/><F107/><W30/><G30/><AGARI ba="3,0" hai="22,27,30,56,62,67,93,95" m="10359,25687" machi="30" ten="30,1000,0" yaku="8,1" doraHai="69" who="1" fromWho="3" sc="364,0,180,19,268,0,188,-19" /><INIT seed="5,0,0,3,4,135" ten="364,199,268,169" oya="1" hai0="57,36,21,6,89,101,83,126,13,8,119,75,71" hai1="93,77,61,45,125,74,90,97,35,12,38,55,131" hai2="103,112,106,99,10,108,123,51,104,47,20,73,2" hai3="29,66,134,50,105,52,109,82,128,9,116,110,16"/><U25/><E131/><V87/><F108/><W122/><G122/><T81/><D71/><U28/><E125/><V5/><F123/><W17/><G128/><T65/><D126/><U79/><E74/><V130/><F130/><W53/><G105/><T92/><D36/><U91/><E38/><V30/><F73/><W60/><G134/><T44/><D101/><U88/><E12/><V14/><F112/><W117/><G29/><T132/><D119/><N who="3" m="45641" /><G82/><T40/><D21/><U121/><E121/><V133/><F133/><W63/><G63/><N who="0" m="38127" /><D75/><U1/><E1/><V43/><F87/><W37/><G37/><T22/><D22/><U54/><E54/><N who="3" m="21098" /><G50/><N who="0" m="26887" /><D132/><U96/><E96/><AGARI ba="0,0" hai="6,8,13,81,83,89,92,96" m="26887,38127" machi="96" ten="30,1000,0" yaku="8,1" doraHai="135" who="0" fromWho="1" sc="364,10,199,-10,268,0,169,0" /><INIT seed="6,0,0,1,2,17" ten="374,189,268,169" oya="2" hai0="50,58,107,10,26,90,14,103,4,51,52,91,87" hai1="32,21,100,130,30,41,70,19,97,96,109,95,67" hai2="53,112,99,124,28,1,29,2,88,54,74,131,61" hai3="46,35,24,39,82,78,108,27,8,132,48,5,94"/><V128/><F74/><W80/><G108/><T55/><D107/><U42/><E109/><V123/><F123/><W72/><G132/><T122/><D103/><U134/><E130/><N who="2" m="49707" /><F112/><W114/><G114/><T126/><D126/><U18/><E134/><V89/><F99/><W93/><G82/><T75/><D75/><U12/><E32/><V45/><F61/><W65/><G65/><T11/><D122/><U57/><E70/><V117/><F117/><W71/><G71/><T83/><D26/><N who="1" m="16719" /><E97/><V69/><F69/><W77/><G77/><N who="0" m="46575" /><D11/><N who="1" m="6431" /><E19/><V110/><F110/><W23/><G35/><T116/><D116/><U118/><E118/><V120/><F120/><W63/><G63/><AGARI ba="0,0" hai="41,42,57,63,67,95,96,100" m="6431,16719" machi="63" ten="30,3900,0" yaku="25,1,8,1,52,1" doraHai="17" who="1" fromWho="3" sc="374,0,189,39,268,0,169,-39" /><INIT seed="7,0,0,2,3,5" ten="374,228,268,130" oya="3" hai0="28,56,73,66,96,128,37,45,14,84,52,114,30" hai1="124,94,8,132,110,33,59,79,98,65,95,104,44" hai2="10,77,117,106,24,69,70,80,36,107,7,17,67" hai3="29,41,122,119,125,71,100,26,16,88,113,61,62"/><W0/><G119/><T105/><D73/><U127/><E33/><V51/><F36/><W6/><G122/><T109/><D109/><U111/><E104/><V53/><F117/><W63/><G100/><T115/><D128/><U47/><E79/><V75/><F17/><W135/><G41/><N who="0" m="22703" /><D84/><U83/><E83/><V13/><F24/><W1/><G71/><T46/><D46/><N who="1" m="17451" /><E132/><V74/><F74/><W91/><G135/><T25/><D66/><U89/><E8/><V60/><F70/><W3/><G6/><T42/><D14/><U50/><E95/><V18/><F7/><W131/><G131/><T123/><D28/><U78/><E78/><V121/><F121/><W34/><G125/><N who="1" m="48202" /><E50/><V27/><F27/><W48/><G113/><T57/><D105/><U39/><E39/><V72/><F72/><W21/><REACH who="3" step="1"/><G48/><REACH who="3" ten="374,228,268,120" step="2"/><T97/><D123/><U4/><E4/><V58/><AGARI ba="0,1" hai="10,13,18,51,53,58,60,67,69,75,77,80,106,107" machi="58" ten="20,2700,0" yaku="0,1,7,1,52,1" doraHai="5" who="2" fromWho="2" sc="374,-7,228,-7,268,37,120,-13" owari="367,46.0,221,-18.0,305,11.0,107,-39.0" /></mjloggm>