<mjloggm ver="2.3"><GO type="169" lobby="0"/><UN n0="%E3%81%BE%E3%81%AA%E3%81%B6%E3%82%84%E3%81%A7" n1="%E9%80%B2%E6%92%83%E3%81%AE%E7%8C%AB" n2="%E3%81%8B%E3%82%81%E3%81%98%E3%82%8D%E3%81%86" n3="%E3%82%A6%E3%83%AB%E3%83%88%E3%83%A9%E7%AB%8B%E7%9B%B4" dan="16,16,17,18" rate="2164.81,2078.49,2114.81,2233.38" sx="M,M,M,M"/><TAIKYOKU oya="0"/><INIT seed="0,0,0,2,5,84" ten="250,250,250,250" oya="0" hai0="77,120,50,19,119,17,75,110,27,14,40,85,97" hai1="58,105,127,28,115,81,112,133,109,41,124,111,82" hai2="104,87,113,89,48,88,52,32,103,23,73,94,45" hai3="25,2,56,102,13,130,67,53,46,59,64,35,9"/><T62/><D119/><U132/><E58/><V135/><F113/><N who="1" m="43593" /><E28/><V92/><F32/><W71/><G71/><T47/><D120/><U57/><E57/><V11/><F73/><W44/><G2/><T126/><D126/><N who="1" m="48171" /><E41/><V4/><F135/><N who="1" m="51785" /><E105/><V101/><F104/><W43/><G43/><T26/><D62/><U60/><E60/><V66/><F66/><W122/><G46/><T51/><D51/><U8/><E8/><V100/><F23/><W129/><G9/><T79/><D27/><U98/><E98/><N who="2" m="57607" /><F11/><W39/><G25/><T10/><D97/><U1/><E1/><V76/><F76/><W36/><G64/><T7/><D79/><U16/><E16/><V37/><F37/><W29/><G67/><T12/><D19/><U78/><E78/><V3/><F3/><W125/><G39/><T49/><D17/><U117/><E117/><V33/><F33/><W72/><G35/><T20/><D77/><U83/><AGARI ba="0,0" hai="81,82,83,109,111" m="51785,48171,43593" machi="83" ten="40,12000,2" yaku="28,2,11,1,18,1,20,1,34,2" doraHai="84" who="1" fromWho="1" sc="250,-60,250,120,250,-30,250,-30" /><INIT seed="1,0,0,5,3,69" ten="190,370,220,220" oya="1" hai0="121,11,13,92,29,134,23,110,118,16,130,46,73" hai1="42,54,119,78,126,112,108,39,89,4,44,91,135" hai2="94,113,102,104,100,6,5,116,79,81,15,96,32" hai3="8,131,123,9,105,120,125,30,83,77,55,133,85"/><U75/><E119/><V76/><F32/><W61/><G105/><T114/><D73/><U53/><E112/><V51/><F116/><W14/><G131/><T47/><D118/><U127/><E135/><V124/><F124/><N who="1" m="47657" /><E4/><V98/><F113/><W37/><G125/><T26/><D114/><U22/><E22/><V103/><F103/><W52/><G133/><T3/><D134/><U50/><E108/><V111/><F111/><W10/><G37/><T12/><D110/><U49/><E75/><V58/><F79/><W68/><G30/><T117/><D117/><U95/><E78/><V48/><F15/><W17/><G68/><T84/><D130/><U38/><E91/><V41/><F41/><W99/><G99/><T1/><D121/><U60/><E60/><V25/><F25/><W93/><G123/><T129/><D129/><U109/><E109/><V0/><F0/><W18/><G120/><T107/><D107/><U115/><E115/><V63/><F5/><W62/><G62/><T101/><D12/><U70/><E70/><V88/><F6/><W40/><G61/><T74/><D74/><U132/><E132/><V97/><F104/><W21/><G18/><T67/><D67/><U36/><E50/><N who="2" m="18987" /><F102/><W66/><G66/><T24/><D24/><U65/><E65/><N who="2" m="39159" /><F100/><W128/><G128/><T19/><D101/><U27/><E27/><V56/><F56/><W64/><G64/><T33/><D33/><U59/><E59/><V20/><F20/><W82/><G77/><T35/><D26/><U28/><E28/><V57/><F57/><W71/><G71/><RYUUKYOKU ba="0,0" sc="190,-15,370,15,220,15,220,-15" hai1="36,38,39,42,44,49,53,54,89,95" hai2="76,81,88,94,96,97,98" /><INIT seed="1,1,0,0,1,92" ten="175,385,235,205" oya="1" hai0="51,68,111,62,47,93,112,46,61,41,118,43,115" hai1="129,12,49,106,29,77,18,19,16,83,85,87,35" hai2="80,14,97,114,122,75,65,39,95,66,50,23,96" hai3="82,53,2,21,26,3,126,33,109,88,1,104,135"/><U72/><E129/><V37/><F122/><W101/><G33/><T36/><D93/><U55/><E106/><V120/><F120/><W110/><G126/><T73/><D73/><U91/><E35/><V79/><F114/><W130/><G130/><T57/><D118/><U13/><E29/><V58/><F39/><W0/><G0/><T121/><D121/><U27/><E27/><V119/><F37/><W128/><G128/><T100/><D100/><U116/><E116/><V17/><F119/><W132/><G53/><T9/><D9/><U5/><E5/><V20/><F20/><W38/><G38/><T81/><D81/><N who="1" m="49583" /><E72/><V125/><F125/><W94/><G101/><T117/><D117/><U59/><AGARI ba="1,0" hai="12,13,16,18,19,49,55,59,77,83,87" m="49583" machi="59" ten="30,3000,0" yaku="8,1,54,1" doraHai="92" who="1" fromWho="1" sc="175,-11,385,33,235,-11,205,-11" /><INIT seed="1,2,0,5,3,36" ten="164,418,224,194" oya="1" hai0="109,59,104,7,124,110,64,2,115,91,121,120,129" hai1="24,88,117,9,87,103,34,29,3,14,107,96,52" hai2="116,106,55,39,44,63,135,25,28,108,86,102,118" hai3="6,99,37,46,125,70,4,71,112,18,31,119,80"/><U41/><E117/><V57/><F108/><N who="0" m="41578" /><D104/><U95/><E3/><V90/><F135/><W61/><G112/><T77/><D77/><U128/><E128/><V84/><F102/><W130/><G31/><T5/><D115/><U69/><E69/><V49/><F106/><W67/><G71/><T32/><D32/><U93/><E41/><V11/><F11/><W13/><G125/><T133/><D124/><U56/><E9/><V10/><F39/><W1/><G1/><T19/><D133/><U45/><E45/><V97/><F97/><W21/><G119/><T68/><D68/><U35/><E14/><V131/><F84/><W17/><G130/><T16/><D91/><U123/><E123/><N who="0" m="47177" /><D129/><U51/><E35/><V98/><F98/><W76/><G99/><T66/><D2/><U62/><E62/><V54/><F10/><W89/><G89/><T40/><D40/><U12/><E12/><V85/><F131/><W75/><REACH who="3" step="1"/><G18/><REACH who="3" ten="164,418,224,184" step="2"/><N who="0" m="6699" /><D59/><U15/><REACH who="1" step="1"/><E15/><REACH who="1" ten="164,408,224,184" step="2"/><V94/><F116/><W82/><G82/><AGARI ba="2,2" hai="24,29,34,51,52,56,82,87,88,93,95,96,103,107" machi="82" ten="30,12000,1" yaku="1,1,2,1,7,1,54,2,53,0" doraHai="36" doraHaiUra="111" who="1" fromWho="3" sc="164,0,408,146,224,0,184,-126" /><INIT seed="1,3,0,3,3,5" ten="164,554,224,58" oya="1" hai0="75,48,70,81,19,94,91,112,71,34,107,58,43" hai1="84,120,18,27,66,11,63,16,0,67,4,101,37" hai2="119,83,106,25,40,32,20,85,21,68,87,31,41" hai3="64,126,118,135,30,45,44,117,95,89,92,133,131"/><U109/><E120/><V7/><F119/><N who="3" m="45579" /><G30/><T60/><D34/><U9/><E37/><V130/><F106/><W132/><G64/><T102/><D112/><U99/><E109/><V29/><F68/><W15/><G15/><T46/><D107/><U97/><E84/><V110/><F110/><W56/><G56/><T53/><D102/><U57/><E67/><V78/><F130/><W17/><G17/><T38/><D19/><N who="1" m="7211" /><E4/><V72/><F7/><W14/><G14/><T42/><D42/><U103/><E0/><V80/><F32/><W1/><G1/><T24/><D24/><U54/><E27/><N who="2" m="16615" /><F72/><W47/><G131/><T127/><D127/><U10/><E66/><V59/><F59/><W123/><G123/><T93/><D71/><U116/><E116/><V33/><F33/><W122/><G122/><T96/><D94/><N who="3" m="35881" /><G89/><AGARI ba="3,0" hai="21,25,31,40,41,78,80,83,85,87,89" m="16615" machi="89" ten="30,1000,0" yaku="8,1" doraHai="5" who="2" fromWho="3" sc="164,0,554,0,224,19,58,-19" /><INIT seed="2,0,0,0,2,130" ten="164,554,243,39" oya="2" hai0="4,6,74,28,29,92,26,135,23,97,40,91,99" hai1="22,39,113,30,95,121,46,94,34,81,119,24,53" hai2="75,126,17,85,51,55,107,73,78,57,45,132,0" hai3="109,124,96,79,134,127,70,103,112,116,125,52,66"/><V11/><F107/><W87/><G66/><T37/><D74/><U108/><E119/><V86/><F126/><W105/><G70/><T31/><D37/><U84/><E121/><V88/><F0/><W71/><G71/><T8/><D40/><U101/><E108/><V67/><F78/><W1/><G1/><T76/><D76/><U19/><E113/><V14/><F85/><W15/><G116/><T117/><D117/><U33/><E33/><V106/><F106/><W133/><G109/><T49/><D49/><N who="1" m="28855" /><E39/><V50/><F132/><N who="3" m="50795" /><G15/><N who="0" m="5511" /><D6/><U12/><E34/><V5/><F5/><W111/><G111/><T98/><D135/><U69/><E101/><V90/><F90/><W7/><G7/><T110/><D110/><U48/><E69/><V21/><F67/><W56/><G112/><T59/><D59/><U54/><E12/><V42/><F11/><W104/><G104/><T60/><D60/><U61/><E61/><V27/><F14/><W32/><G32/><T2/><D2/><U128/><E30/><AGARI ba="0,0" hai="23,26,28,29,30,31,91,92,97,98,99" m="5511" machi="30" ten="30,1000,0" yaku="8,1" doraHai="130" who="0" fromWho="1" sc="164,10,554,-10,243,0,39,0" /><INIT seed="3,0,0,0,4,70" ten="174,544,243,39" oya="3" hai0="24,67,98,134,85,81,25,135,110,45,96,66,107" hai1="39,121,16,118,32,102,44,17,34,120,41,101,59" hai2="54,99,73,1,71,55,56,69,53,68,126,4,72" hai3="83,133,88,113,49,114,80,9,26,122,46,36,77"/><W124/><G122/><T132/><D110/><U89/><E118/><V33/><F33/><W91/><G124/><T76/><D45/><U115/><E115/><V108/><F108/><W131/><G131/><T37/><D37/><U20/><E17/><V109/><F109/><W10/><G133/><T22/><D25/><U79/><E79/><V35/><F35/><W21/><G114/><T28/><D107/><U19/><E19/><V31/><F31/><W117/><G113/><T64/><AGARI ba="0,0" hai="22,24,28,64,66,67,76,81,85,96,98,132,134,135" machi="64" ten="40,2700,0" yaku="0,1,20,1" doraHai="70" who="0" fromWho="0" sc="174,27,544,-7,243,-7,39,-13" /><INIT seed="4,0,0,3,0,64" ten="201,537,236,26" oya="0" hai0="72,32,129,102,10,41,83,69,86,6,57,78,122" hai1="109,16,23,53,2,43,7,124,3,123,4,96,70" hai2="65,49,74,80,115,76,75,39,56,88,85,42,54" hai3="17,113,9,31,94,112,118,82,66,132,51,24,12"/><T14/><D122/><U13/><E70/><V116/><F115/><W19/><G66/><T87/><D32/><U21/><E43/><V73/><F116/><W28/><G82/><T81/><D129/><U40/><E40/><V131/><F131/><W29/><G51/><T60/><D102/><U89/><E53/><V46/><REACH who="2" step="1"/><F65/><REACH who="2" ten="201,537,226,26" step="2"/><W45/><G118/><T25/><D25/><U90/><E123/><V108/><F108/><W68/><G24/><T110/><D110/><U36/><E109/><V126/><F126/><W117/><G117/><T119/><D119/><U133/><E124/><V114/><F114/><W71/><G113/><T30/><D30/><U100/><E133/><V1/><F1/><W93/><G132/><T8/><D41/><U134/><E134/><V120/><F120/><W106/><G112/><T77/><D72/><U104/><E2/><V20/><F20/><W84/><G29/><T52/><D8/><U79/><E3/><V44/><F44/><W107/><G45/><T0/><D0/><U61/><E21/><V15/><F15/><W58/><G12/><T99/><D99/><U95/><E13/><V55/><F55/><W92/><G9/><T127/><D127/><U130/><E23/><V5/><F5/><W63/><G31/><T50/><REACH who="0" step="1"/><D69/><REACH who="0" ten="191,537,226,26" step="2"/><U22/><E96/><V34/><F34/><W48/><G28/><T97/><D97/><U101/><E130/><V35/><F35/><W27/><G71/><T111/><D111/><U103/><E4/><V37/><F37/><W59/><G68/><T26/><D26/><U38/><E7/><RYUUKYOKU ba="0,2" sc="191,15,537,-15,226,15,26,-15" hai0="6,10,14,50,52,57,60,77,78,81,83,86,87" hai2="39,42,46,49,54,56,73,74,75,76,80,85,88" /><INIT seed="4,1,2,4,4,100" ten="206,522,241,11" oya="0" hai0="22,87,86,16,114,26,11,107,39,38,103,49,24" hai1="66,10,69,127,70,104,25,23,58,135,43,125,108" hai2="55,96,85,72,120,94,122,40,102,13,129,115,1" hai3="95,30,6,56,46,73,128,90,75,35,19,82,31"/><T81/><D114/><U12/><E104/><V83/><F1/><W133/><G6/><T132/><D132/><U89/><E108/><V63/><F115/><W101/><G101/><T78/><D11/><U110/><E110/><V57/><F129/><W27/><G31/><T32/><D86/><U119/><E119/><V9/><F72/><W28/><G28/><T15/><D32/><U8/><E43/><V4/><REACH who="2" step="1"/><F40/><REACH who="2" ten="206,522,231,11" step="2"/><W113/><G113/><T99/><REACH who="0" step="1"/><D49/><REACH who="0" ten="196,522,231,11" step="2"/><U109/><E135/><V65/><F65/><W3/><G133/><T111/><D111/><U29/><E66/><V62/><F62/><W112/><G112/><T20/><D20/><U54/><E109/><V97/><F97/><W36/><G128/><T91/><D91/><AGARI ba="1,4" hai="4,9,13,55,57,63,83,85,91,94,96,102,120,122" machi="91" ten="30,2000,0" yaku="1,1,7,1,53,0" doraHai="100" doraHaiUra="67" who="2" fromWho="0" sc="196,-23,522,0,231,63,11,0" /><INIT seed="5,0,0,5,3,81" ten="173,522,294,11" oya="1" hai0="42,85,27,87,100,58,130,23,28,70,24,127,133" hai1="90,31,56,103,99,88,21,36,52,49,107,8,1" hai2="5,104,46,38,106,43,128,105,35,118,9,71,64" hai3="92,51,59,50,78,67,12,124,131,39,93,2,60"/><U126/><E126/><V66/><F118/><W17/><G2/><T63/><D70/><U41/><E36/><V15/><F35/><W115/><G131/><T80/><D127/><U134/><E134/><V121/><F121/><W40/><G124/><T102/><D133/><U129/><E129/><V20/><F128/><W69/><G115/><T4/><D4/><U94/><E41/><V74/><F71/><W34/><G34/><T26/><D42/><U108/><E108/><V44/><F44/><W18/><G78/><T123/><D123/><U48/><E107/><V119/><F119/><W47/><G51/><T53/><D130/><U25/><E49/><V7/><F74/><W61/><G61/><T68/><D68/><U125/><E125/><V132/><F132/><W33/><G33/><T97/><D80/><U22/><E22/><V55/><F55/><W62/><G62/><T116/><D116/><U10/><E1/><V65/><F20/><W45/><G45/><T95/><D102/><U111/><E111/><V72/><F72/><W96/><G12/><T113/><D113/><U98/><E98/><V11/><F105/><W76/><G76/><T73/><D73/><U19/><E31/><V82/><F82/><W75/><G75/><T112/><D112/><U117/><E117/><V135/><F135/><W120/><G120/><T110/><D110/><U3/><E3/><N who="2" m="191" /><F106/><W0/><G0/><T54/><D54/><U86/><E103/><V32/><F32/><W37/><G93/><AGARI ba="0,0" hai="8,10,19,21,25,48,52,56,86,88,90,93,94,99" machi="93" ten="30,12000,1" yaku="7,1,8,1,52,1,54,2" doraHai="81" who="1" fromWho="3" sc="173,0,522,120,294,0,11,-120" owari="173,-23.0,642,75.0,294,9.0,-109,-61.0" /></mjloggm>