<mjloggm ver="2.3"><GO type="169" lobby="0"/><UN n0="%79%6F%6E%65%7A%6F%39" n1="%E3%83%89%E3%83%A9%E3%83%AD%E3%83%B3%E3%83%80%E3%82%A4%E3%83%B4" n2="%E3%82%A6%E3%83%AB%E3%83%88%E3%83%A9%E7%AB%8B%E7%9B%B4" n3="%7A%65%6C%64%65%6E" dan="16,17,18,16" rate="2088.93,2127.10,2211.04,2114.58" sx="M,M,M,M"/><TAIKYOKU oya="0"/><INIT seed="0,0,0,4,2,58" ten="250,250,250,250" oya="0" hai0="116,49,90,9,98,71,67,100,38,82,73,37,133" hai1="3,103,15,27,125,91,126,18,72,36,99,7,17" hai2="39,107,119,96,87,56,86,46,112,93,1,95,45" hai3="69,62,22,48,83,88,114,101,64,47,5,26,106"/><T78/><D116/><U21/><E36/><V16/><F1/><W19/><G114/><T28/><D133/><U50/><E72/><V110/><F112/><W89/><G5/><T120/><D120/><U23/><E91/><V10/><F107/><W108/><G108/><T66/><D28/><U11/><REACH who="1" step="1"/><E50/><REACH who="1" ten="250,240,250,250" step="2"/><V132/><F39/><W52/><REACH who="3" step="1"/><G83/><REACH who="3" ten="250,240,250,240" step="2"/><T2/><D82/><U129/><E129/><V57/><F110/><W4/><G4/><T14/><D38/><U0/><E0/><V115/><F115/><W84/><G84/><T63/><D37/><U130/><E130/><V109/><F87/><W81/><G81/><T111/><D2/><U127/><E127/><V24/><F86/><W6/><G6/><T61/><D73/><U53/><E53/><V80/><F80/><W29/><G29/><T34/><D111/><U65/><E65/><V113/><F113/><W13/><G13/><T30/><D14/><U122/><E122/><V102/><F109/><W32/><G32/><T135/><D66/><U12/><E12/><V105/><F132/><W54/><G54/><T33/><D67/><U55/><E55/><V134/><F134/><W117/><G117/><T20/><D34/><U128/><E128/><V76/><F119/><W44/><G44/><T25/><D33/><U85/><E85/><V68/><F46/><W59/><G59/><T43/><D135/><U35/><E35/><V97/><F45/><W121/><G121/><T70/><D30/><U104/><AGARI ba="0,2" hai="3,7,11,15,17,18,21,23,27,99,103,104,125,126" machi="104" ten="30,2000,0" yaku="1,1,0,1,53,0" doraHai="58" doraHaiUra="41" who="1" fromWho="1" sc="250,-10,240,40,250,-5,240,-5" /><INIT seed="1,0,0,5,2,4" ten="240,280,245,235" oya="1" hai0="37,78,103,64,8,49,80,35,68,118,43,40,91" hai1="44,30,48,83,57,81,123,94,18,7,29,69,0" hai2="15,115,71,24,111,85,105,21,126,32,98,51,108" hai3="110,16,73,23,70,28,67,54,82,22,86,66,62"/><U131/><E69/><V125/><F71/><W59/><G110/><N who="2" m="42025" /><F85/><W97/><G73/><T10/><D118/><U61/><E123/><V13/><F51/><W1/><G1/><T3/><D35/><U56/><E131/><V121/><F105/><W99/><G28/><N who="1" m="10858" /><E0/><V6/><F98/><N who="3" m="37387" /><G23/><T122/><D37/><U33/><E7/><V19/><F121/><W100/><G100/><T89/><D3/><U75/><E75/><V47/><F47/><W17/><G70/><T127/><D122/><U34/><E34/><V55/><F55/><W42/><G42/><N who="0" m="15915" /><D127/><N who="2" m="48650" /><F115/><W132/><G132/><T5/><D68/><U92/><E33/><V58/><F58/><N who="1" m="22633" /><E61/><V113/><F113/><W65/><G22/><T31/><D5/><U60/><E60/><V119/><F32/><W14/><G14/><N who="2" m="5129" /><F6/><W11/><G67/><T27/><D64/><U77/><E48/><V12/><F12/><N who="3" m="7199" /><G66/><T101/><D49/><U46/><E46/><V53/><F53/><W52/><G17/><T88/><D103/><U124/><E18/><V90/><F119/><W117/><G117/><T36/><D101/><U112/><E124/><V109/><N who="2" m="42033" /><V20/><DORA hai="50" /><F20/><W45/><G45/><T38/><D38/><U2/><E44/><V134/><F134/><W96/><N who="3" m="37395" /><W41/><DORA hai="87" /><G41/><T128/><D36/><U104/><E112/><V114/><F114/><W106/><G106/><T102/><D102/><U63/><E2/><V133/><F133/><W93/><G93/><T26/><D80/><U72/><E104/><V84/><F84/><W79/><AGARI ba="0,0" hai="52,54,59,62,65,79,82,86" m="7199,37395" machi="79" ten="30,12000,2" yaku="8,1,52,3,54,2" doraHai="4,50,87" who="3" fromWho="3" sc="240,-30,280,-60,245,-30,235,120" /><INIT seed="2,0,0,5,3,110" ten="210,220,215,355" oya="2" hai0="28,55,44,42,106,52,127,68,70,117,80,129,90" hai1="113,26,69,36,133,132,61,38,109,37,121,78,14" hai2="56,77,33,1,93,64,6,135,97,79,48,12,31" hai3="72,105,130,86,71,123,119,111,128,51,101,124,58"/><V66/><F1/><W134/><RYUUKYOKU type="yao9" ba="0,0" sc="210,0,220,0,215,0,355,0" hai3="51,58,71,72,86,101,105,111,119,123,124,128,130,134" /><INIT seed="2,1,0,3,5,23" ten="210,220,215,355" oya="2" hai0="10,6,135,71,37,93,16,115,29,80,77,38,55" hai1="9,56,40,33,84,95,67,90,60,50,99,69,54" hai2="104,134,75,76,83,109,100,57,91,46,5,34,32" hai3="112,13,120,97,25,108,81,121,36,68,31,107,15"/><V20/><F134/><W119/><G119/><T2/><D135/><U49/><E33/><V42/><F109/><W35/><G36/><T11/><D115/><U8/><E40/><V14/><F100/><W19/><G108/><T24/><D71/><U82/><REACH who="1" step="1"/><E50/><REACH who="1" ten="210,210,215,355" step="2"/><V128/><F34/><W70/><G35/><T30/><D38/><U92/><E92/><V78/><F32/><W64/><G120/><T4/><D37/><U123/><E123/><V125/><F104/><W111/><G107/><T113/><D93/><U110/><E110/><V41/><F41/><W53/><G121/><T105/><D105/><U27/><E27/><V126/><F42/><W65/><G25/><T51/><D113/><U122/><E122/><V61/><F126/><W106/><G106/><T127/><D127/><U22/><E22/><V96/><F20/><W129/><G112/><T45/><D24/><U103/><AGARI ba="1,1" hai="8,9,49,54,56,60,67,69,82,84,90,95,99,103" machi="103" ten="20,2700,0" yaku="1,1,0,1,7,1,53,0" doraHai="23" doraHaiUra="21" who="1" fromWho="1" sc="210,-8,210,40,215,-14,355,-8" /><INIT seed="3,0,0,4,0,91" ten="202,250,201,347" oya="3" hai0="3,92,96,6,46,97,87,68,26,86,88,77,93" hai1="105,99,18,75,82,5,12,78,25,35,76,85,114" hai2="16,119,48,37,98,8,90,66,104,126,80,79,128" hai3="1,56,108,112,57,62,33,59,74,94,64,54,113"/><W72/><G1/><T43/><D68/><U120/><E120/><V4/><F37/><W29/><G108/><T40/><D26/><U11/><E114/><V60/><F119/><W50/><G56/><T123/><D123/><U13/><E105/><V124/><F48/><W109/><G109/><T44/><D3/><U65/><E65/><V10/><F128/><W24/><REACH who="3" step="1"/><G94/><REACH who="3" ten="202,250,201,337" step="2"/><T32/><D32/><U14/><E35/><V83/><F104/><W70/><G70/><T28/><D28/><U27/><E82/><V53/><F83/><W125/><G125/><T101/><D77/><U67/><E78/><V9/><F79/><W22/><G22/><T39/><REACH who="0" step="1"/><D6/><REACH who="0" ten="192,250,201,337" step="2"/><U2/><E76/><V84/><F4/><W102/><G102/><T89/><D89/><U63/><E5/><V81/><F126/><W7/><G7/><T131/><D131/><U42/><E2/><V17/><F124/><W110/><G110/><T132/><D132/><U130/><E130/><V45/><F90/><W51/><G51/><AGARI ba="0,2" hai="39,40,43,44,46,51,86,87,88,92,93,96,97,101" machi="51" ten="30,8000,1" yaku="1,1,7,1,52,2,54,1,53,0" doraHai="91" doraHaiUra="118" who="0" fromWho="3" sc="192,100,250,0,201,0,337,-80" /><INIT seed="4,0,0,3,2,72" ten="292,250,201,257" oya="0" hai0="6,104,101,19,31,60,2,118,48,120,112,66,80" hai1="76,70,97,17,113,36,9,71,81,121,105,12,39" hai2="135,119,109,44,131,91,21,130,128,58,88,28,129" hai3="41,78,14,42,94,108,123,99,38,18,49,115,25"/><T75/><D118/><U22/><E121/><V24/><F109/><W114/><G108/><T8/><D120/><U64/><E113/><N who="3" m="43018" /><G123/><T5/><D5/><U125/><E125/><V10/><F135/><W15/><G38/><T73/><D112/><U132/><E132/><V34/><F119/><W23/><G78/><T50/><D31/><U54/><E54/><V37/><F34/><W40/><G49/><T127/><D127/><U95/><E105/><V13/><N who="2" m="32768" /><DORA hai="68" /><V52/><F44/><W30/><G18/><T45/><D19/><U84/><E71/><V7/><REACH who="2" step="1"/><F37/><REACH who="2" ten="292,250,191,257" step="2"/><W117/><G117/><T134/><D45/><U51/><E39/><V98/><F98/><W74/><G74/><T82/><D134/><U116/><E36/><V67/><F67/><W3/><G3/><T0/><D66/><U103/><E116/><V86/><F86/><W61/><G99/><T56/><D2/><U79/><E64/><V65/><F65/><W69/><G69/><T33/><D75/><U46/><E70/><V57/><F57/><W126/><G126/><T87/><D73/><U133/><E133/><V16/><F16/><W83/><G30/><T122/><D87/><U85/><E84/><V100/><F100/><W63/><G42/><T53/><D122/><U62/><E79/><V77/><F77/><W29/><G41/><T110/><D110/><U102/><E103/><V1/><F1/><W111/><G40/><T93/><D101/><U11/><E46/><V89/><F89/><W55/><G111/><T27/><D0/><U43/><E102/><V47/><F47/><RYUUKYOKU ba="0,1" sc="292,-10,250,-10,191,30,257,-10" hai2="7,10,13,21,24,28,52,58,88,91" /><INIT seed="5,1,1,0,5,74" ten="282,240,221,247" oya="1" hai0="55,110,132,103,98,104,87,70,93,15,18,122,75" hai1="10,130,108,56,90,13,0,29,58,127,21,43,125" hai2="135,14,121,61,48,45,1,106,109,62,114,123,32" hai3="78,53,23,83,12,128,49,57,116,67,105,115,9"/><U101/><E130/><V124/><F1/><W92/><G105/><T40/><D70/><U112/><E112/><V36/><F32/><W111/><G111/><T95/><D110/><U79/><E108/><V131/><F106/><W126/><G115/><T4/><D132/><U24/><E0/><V34/><F34/><W133/><G133/><T38/><D4/><U64/><E101/><V86/><F36/><W97/><G126/><N who="1" m="48138" /><E43/><V2/><F2/><W69/><G116/><T46/><D75/><U6/><E64/><V73/><F73/><W35/><G35/><T91/><D122/><U7/><E7/><V96/><F131/><W119/><G119/><T19/><D55/><U81/><E90/><V63/><F135/><W134/><G134/><T39/><D39/><U82/><E82/><V113/><F109/><W80/><G128/><T117/><D117/><U99/><E99/><V8/><F124/><W76/><G67/><T68/><D68/><U54/><E54/><V94/><F114/><W31/><G69/><T72/><D72/><AGARI ba="1,1" hai="6,10,13,21,24,29,56,58,72,79,81" m="48138" machi="72" ten="30,2900,0" yaku="18,1,52,1" doraHai="74" who="1" fromWho="0" sc="282,-32,240,42,221,0,247,0" /><INIT seed="5,2,0,0,5,9" ten="250,282,221,247" oya="1" hai0="64,129,80,66,50,53,96,98,94,90,40,48,26" hai1="121,19,4,61,95,112,17,57,54,77,93,1,118" hai2="2,110,12,86,83,56,45,59,11,92,27,134,67" hai3="117,29,89,44,33,79,14,127,30,32,78,24,73"/><U68/><E118/><V42/><F2/><W7/><G117/><T120/><D129/><U36/><E121/><V39/><F110/><W84/><G127/><T99/><D120/><U116/><E116/><V82/><F134/><W128/><G128/><T5/><D5/><U126/><E36/><V58/><F67/><N who="0" m="25642" /><D80/><U38/><E68/><V3/><F3/><W101/><G101/><T62/><D62/><U31/><E38/><V102/><F27/><W41/><G73/><T122/><D122/><U88/><E77/><V103/><F92/><W76/><G30/><T115/><D115/><U104/><E104/><V70/><F70/><W123/><G123/><T133/><D133/><U25/><E95/><V43/><F43/><W71/><G71/><T8/><D8/><U69/><E69/><V21/><F21/><W52/><G33/><T107/><D107/><U60/><E60/><V34/><F34/><W130/><G130/><T22/><D40/><U74/><E74/><V49/><F39/><W119/><G119/><T28/><D50/><U124/><E4/><N who="2" m="3175" /><F83/><N who="3" m="49311" /><G41/><T100/><D100/><U55/><E55/><V63/><F63/><W13/><G7/><T47/><AGARI ba="2,0" hai="22,26,28,47,48,53,90,94,96,98,99" m="25642" machi="47" ten="30,1100,0" yaku="8,1" doraHai="9" who="0" fromWho="0" sc="250,17,282,-7,221,-5,247,-5" /><INIT seed="6,0,0,5,4,2" ten="267,275,216,242" oya="2" hai0="58,21,0,105,59,67,90,117,80,47,44,53,39" hai1="112,54,103,73,60,122,78,61,38,30,119,128,29" hai2="34,42,124,18,81,52,134,22,109,83,66,11,75" hai3="7,85,16,26,15,70,127,12,106,35,68,31,97"/><V104/><F34/><W63/><G127/><T19/><D117/><U64/><E119/><V20/><F104/><W6/><G85/><N who="0" m="50471" /><D105/><U129/><E38/><V51/><F124/><W25/><G25/><T95/><D39/><U56/><E103/><V96/><F109/><W115/><G115/><T65/><D0/><U32/><E32/><V121/><F121/><W10/><G15/><T130/><D95/><U89/><E112/><V28/><F134/><W45/><G45/><N who="0" m="17483" /><D130/><U135/><E135/><V77/><F42/><W76/><G76/><T125/><D125/><U14/><E122/><V113/><F113/><W102/><G70/><T108/><D108/><U8/><E89/><V72/><F96/><W69/><G68/><T94/><D94/><U86/><E86/><V49/><F81/><W123/><G123/><T101/><D101/><U17/><E78/><V133/><F75/><W24/><G24/><N who="0" m="14399" /><D59/><N who="1" m="34935" /><E73/><V9/><F133/><W57/><G69/><T111/><D111/><U13/><E13/><N who="2" m="9295" /><F72/><W79/><G79/><T87/><D87/><U74/><E74/><V5/><F83/><W71/><G71/><T110/><D110/><U36/><E36/><V1/><F77/><W93/><G106/><T3/><D3/><U114/><E114/><V88/><F88/><W92/><G92/><T33/><D33/><U107/><E107/><V100/><F100/><W132/><G132/><T55/><D58/><U116/><E116/><V126/><F126/><W37/><G37/><T43/><D43/><U40/><E40/><V41/><F41/><W91/><G102/><T62/><D67/><AGARI ba="0,0" hai="6,7,10,12,16,26,31,35,57,63,67,91,93,97" machi="67" ten="30,8000,1" yaku="6,1,7,1,52,2,54,1" doraHai="2" who="3" fromWho="0" sc="267,-80,275,0,216,0,242,80" /><INIT seed="7,0,0,4,4,26" ten="187,275,216,322" oya="3" hai0="14,95,1,64,19,34,70,106,38,104,123,111,29" hai1="89,114,54,121,60,133,98,5,90,10,86,105,129" hai2="27,83,9,72,87,22,39,101,67,81,65,92,108" hai3="8,17,7,51,73,35,57,124,63,66,78,25,11"/><W45/><G124/><T93/><D123/><U2/><E121/><V102/><F39/><W59/><G73/><T94/><D38/><U110/><E110/><V52/><F72/><W15/><G78/><T71/><D1/><U43/><E114/><V53/><F9/><W55/><G35/><T77/><D77/><U131/><E43/><V115/><F115/><W31/><G31/><T37/><D37/><U48/><E60/><V41/><F41/><W75/><G75/><T28/><D111/><U84/><E133/><V74/><F74/><W3/><G25/><T69/><D64/><N who="2" m="24650" /><F108/><W47/><AGARI ba="0,0" hai="3,7,8,11,15,17,45,47,51,55,57,59,63,66" machi="47" ten="30,1500,0" yaku="0,1" doraHai="26" who="3" fromWho="3" sc="187,-5,275,-5,216,-5,322,15" owari="182,-32.0,270,7.0,211,-19.0,337,44.0" /></mjloggm>