<mjloggm ver="2.3"><GO type="169" lobby="0"/><UN n0="%E3%83%88%E3%83%88%E3%83%AA%E5%85%88%E7%94%9F%31%39%E6%AD%B3" n1="%74%65%40%72%73" n2="%7A%6B%75%72%74" n3="%6B%61%6D%6F%73%68%69%6E" dan="17,16,17,17" rate="2197.31,2100.14,2216.95,2173.51" sx="F,M,M,M"/><TAIKYOKU oya="0"/><INIT seed="0,0,0,5,4,31" ten="250,250,250,250" oya="0" hai0="57,74,35,18,34,12,107,105,53,60,113,41,51" hai1="28,13,23,101,91,63,25,97,120,89,30,123,64" hai2="130,5,26,3,6,119,39,45,44,134,108,103,80" hai3="52,109,33,49,71,27,87,93,94,131,7,67,50"/><T81/><D113/><U78/><E78/><V22/><F108/><W58/><G109/><T126/><D126/><U75/><E28/><V82/><F130/><W46/><G7/><T38/><D38/><U48/><E75/><V66/><F134/><W115/><G115/><T110/><D110/><U72/><E72/><V21/><F66/><W37/><G37/><T14/><D14/><U127/><E127/><V106/><F103/><W100/><G131/><T9/><D41/><U124/><E124/><V128/><F128/><W122/><G122/><T95/><D95/><N who="1" m="58559" /><E48/><V36/><F26/><W4/><G4/><T79/><REACH who="0" step="1"/><D51/><REACH who="0" ten="240,250,250,250" step="2"/><U24/><E13/><V10/><F106/><AGARI ba="0,1" hai="9,12,18,34,35,53,57,60,74,79,81,105,106,107" machi="106" ten="40,12000,1" yaku="1,1,2,1,52,2,53,0" doraHai="31" doraHaiUra="96" who="0" fromWho="2" sc="240,130,250,0,250,-120,250,0" /><INIT seed="0,1,0,0,0,97" ten="370,250,130,250" oya="0" hai0="67,82,96,66,48,4,123,68,120,109,89,24,6" hai1="10,92,26,47,46,18,116,17,57,14,53,93,111" hai2="80,61,21,107,27,94,33,72,98,11,65,127,34" hai3="30,131,90,122,79,115,108,86,16,91,78,64,113"/><T110/><D24/><U83/><E116/><V75/><F107/><W106/><G30/><T35/><D35/><U54/><E111/><N who="0" m="42505" /><D48/><N who="1" m="28823" /><E83/><V119/><F119/><W103/><G108/><T73/><D73/><U43/><E43/><V0/><F127/><W42/><G42/><T134/><D134/><U49/><E47/><V15/><F0/><W118/><G64/><N who="0" m="24619" /><D68/><U132/><E132/><V40/><F40/><W101/><G118/><T88/><D82/><U3/><E3/><V28/><F75/><W125/><G125/><T59/><D59/><U76/><E76/><V41/><F41/><W114/><G106/><T36/><D36/><U112/><E112/><V104/><F104/><W129/><G122/><N who="0" m="46635" /><D96/><U51/><E51/><V124/><F124/><W117/><G117/><T100/><D100/><N who="3" m="38473" /><G86/><T7/><AGARI ba="1,0" hai="4,6,7,88,89" m="46635,24619,42505" machi="7" ten="40,12000,1" yaku="28,2,14,1,10,1,54,1" doraHai="97" who="0" fromWho="0" sc="370,123,250,-41,130,-41,250,-41" /><INIT seed="0,2,0,0,1,119" ten="493,209,89,209" oya="0" hai0="89,34,11,111,66,52,56,131,127,63,26,28,108" hai1="98,88,29,91,7,78,61,130,32,39,116,22,10" hai2="45,96,21,64,112,104,36,44,40,126,113,50,14" hai3="60,19,35,27,107,85,74,132,101,9,0,49,6"/><T30/><D131/><U125/><E130/><V59/><F126/><W95/><G74/><T133/><D127/><U114/><E125/><V83/><F83/><W17/><G132/><T31/><D133/><U129/><E129/><V102/><F64/><W73/><G73/><T123/><D123/><U94/><E39/><V53/><F44/><W51/><G107/><T24/><D89/><U82/><E116/><V100/><F100/><W42/><G60/><T99/><D99/><U77/><E32/><V65/><F65/><W3/><G3/><T86/><D86/><N who="1" m="50263" /><E114/><V110/><F110/><N who="0" m="42026" /><D11/><U8/><E61/><V58/><F58/><W2/><G2/><T103/><D103/><U20/><E7/><V54/><F54/><W48/><G42/><T25/><D66/><U15/><E10/><V80/><F80/><W79/><G79/><N who="1" m="30218" /><E29/><AGARI ba="2,0" hai="24,25,26,28,29,30,31,34,52,56,63" m="42026" machi="29" ten="30,5800,0" yaku="14,1,10,1,54,1" doraHai="119" who="0" fromWho="1" sc="493,64,209,-64,89,0,209,0" /><INIT seed="0,3,0,5,4,68" ten="557,145,89,209" oya="0" hai0="56,98,67,46,104,65,108,25,30,114,110,119,50" hai1="107,17,73,61,85,95,14,60,102,59,117,75,22" hai2="52,35,62,16,13,133,32,77,66,122,94,84,118" hai3="33,8,82,127,132,71,1,10,121,49,109,124,4"/><T5/><D114/><U12/><E117/><V58/><F122/><W125/><G71/><T54/><D119/><U63/><E107/><V57/><F118/><W112/><G112/><T90/><D5/><U43/><E43/><V23/><F133/><W81/><G33/><T72/><D72/><U70/><E70/><V19/><F19/><W2/><G109/><N who="0" m="42091" /><D56/><U38/><E38/><V111/><F111/><W37/><G49/><T113/><D113/><U24/><E59/><V74/><F74/><W45/><G121/><T96/><D90/><N who="1" m="53711" /><E75/><V93/><F32/><W101/><G101/><N who="0" m="62503" /><D98/><U26/><E102/><V129/><F35/><AGARI ba="3,0" hai="25,30,35,46,50,54,65,67" m="62503,42091" machi="35" ten="30,2900,0" yaku="14,1,10,1" doraHai="68" who="0" fromWho="2" sc="557,38,145,0,89,-38,209,0" /><INIT seed="0,4,0,4,4,80" ten="595,145,51,209" oya="0" hai0="121,50,47,14,4,56,104,66,96,107,34,40,114" hai1="105,24,53,2,38,103,43,128,94,77,109,55,130" hai2="127,22,15,92,64,60,82,85,133,74,124,100,13" hai3="39,28,123,132,131,46,3,30,134,93,119,9,108"/><T51/><D114/><U29/><E109/><V45/><F133/><N who="3" m="51307" /><G93/><T75/><D121/><U42/><E2/><V115/><F115/><W78/><G78/><T0/><D0/><U101/><E77/><V70/><F74/><W44/><G44/><T48/><D75/><U20/><E105/><V33/><F33/><W67/><G46/><T84/><D34/><U10/><E10/><V68/><F68/><W37/><G67/><T125/><D125/><N who="2" m="48202" /><F45/><W76/><G76/><T113/><D113/><U49/><E38/><V102/><F22/><W7/><G119/><T8/><D104/><U129/><E55/><V26/><F26/><W79/><G108/><T81/><D96/><N who="1" m="59543" /><E103/><N who="2" m="39467" /><F92/><W126/><G126/><T62/><D107/><U21/><E21/><V65/><F65/><W110/><G110/><T27/><D27/><U35/><E35/><V54/><F54/><W98/><G37/><T61/><D61/><U118/><E118/><V97/><F97/><W73/><G98/><T99/><D99/><U122/><E122/><V83/><F83/><N who="3" m="45551" /><G39/><T111/><D111/><U106/><E106/><V112/><F112/><W135/><G123/><T31/><D47/><AGARI ba="4,0" hai="20,24,29,42,43,47,49,53,128,129,130" m="59543" machi="47" ten="30,1000,0" yaku="19,1" doraHai="80" who="1" fromWho="0" sc="595,-22,145,22,51,0,209,0" /><INIT seed="1,0,0,3,4,42" ten="573,167,51,209" oya="1" hai0="50,123,8,98,33,76,2,57,63,0,114,64,17" hai1="126,34,24,62,15,44,40,35,130,19,61,11,1" hai2="21,69,120,101,81,23,129,65,135,30,55,85,32" hai3="5,117,46,22,71,91,41,99,9,4,83,20,84"/><U51/><E130/><V87/><F120/><W105/><G71/><T7/><D114/><U94/><E126/><V77/><F129/><W53/><G53/><T134/><D33/><U36/><E36/><V86/><F135/><W67/><G67/><T122/><D134/><U43/><E43/><V133/><F133/><W131/><G131/><T74/><D2/><U52/><E1/><V75/><F101/><W95/><G105/><T93/><D17/><U111/><E111/><V127/><F127/><W73/><G73/><T112/><D112/><U116/><E116/><V68/><F32/><W108/><G108/><T102/><D76/><U128/><E128/><V54/><F30/><W72/><G72/><T115/><D74/><U29/><E35/><V132/><F132/><W82/><G82/><T80/><D80/><U66/><E66/><V31/><F31/><W107/><G107/><T109/><D109/><U37/><REACH who="1" step="1"/><E94/><REACH who="1" ten="573,157,51,209" step="2"/><V47/><F65/><W90/><G117/><T60/><D115/><U14/><E14/><V70/><REACH who="2" step="1"/><F55/><REACH who="2" ten="573,157,41,209" step="2"/><W92/><G92/><T121/><D64/><U97/><E97/><V26/><F26/><W48/><REACH who="3" step="1"/><G4/><REACH who="3" ten="573,157,41,199" step="2"/><T106/><D106/><U56/><AGARI ba="0,3" hai="11,15,19,24,29,34,37,40,44,51,52,56,61,62" machi="56" ten="20,12000,1" yaku="1,1,0,1,7,1,52,1,54,1,53,0" doraHai="42" doraHaiUra="119" who="1" fromWho="1" sc="573,-40,157,150,41,-40,199,-40" /><INIT seed="1,1,0,5,2,104" ten="533,307,1,159" oya="1" hai0="94,41,107,62,74,21,73,60,61,33,23,16,95" hai1="40,83,69,31,118,63,46,103,135,36,27,79,101" hai2="97,128,82,64,115,127,90,111,121,35,45,98,70" hai3="57,22,129,114,52,110,93,71,4,1,3,106,38"/><U26/><E118/><V130/><F121/><W77/><G106/><T76/><D107/><U75/><E135/><V66/><F35/><W134/><G71/><T86/><D33/><U124/><E124/><V12/><F127/><W88/><G38/><T58/><D41/><U81/><E27/><V55/><F111/><W56/><G114/><T96/><D58/><U80/><E80/><V8/><F115/><W39/><G39/><T0/><D0/><U20/><E69/><V92/><F98/><W72/><G56/><T50/><D50/><U47/><E47/><V6/><F82/><N who="3" m="45351" /><G4/><T32/><D32/><U17/><E63/><V89/><F89/><W59/><G59/><T48/><D48/><U43/><E43/><V108/><F108/><W131/><G110/><T91/><D76/><U29/><REACH who="1" step="1"/><E81/><REACH who="1" ten="533,297,1,159" step="2"/><V18/><F70/><W119/><G134/><T28/><D61/><U53/><E53/><V132/><F132/><W9/><G119/><T13/><D60/><U7/><E7/><V15/><F45/><W100/><G131/><N who="2" m="50217" /><F55/><W11/><G129/><T105/><D62/><U126/><E126/><V5/><F5/><W44/><G44/><T112/><D112/><U51/><E51/><V122/><F122/><W99/><G52/><T133/><D133/><U54/><E54/><V68/><F68/><W37/><G57/><T123/><D123/><U67/><E67/><V34/><F34/><W14/><G37/><T78/><D78/><U84/><E84/><V102/><F102/><AGARI ba="1,1" hai="17,20,26,29,31,36,40,46,75,79,83,101,102,103" machi="102" ten="40,3900,0" yaku="1,1,52,1,53,0" doraHai="104" doraHaiUra="109" who="1" fromWho="2" sc="533,0,297,52,1,-42,159,0" owari="533,63.0,349,15.0,-41,-54.0,159,-24.0" /></mjloggm>