<mjloggm ver="2.3"><GO type="169" lobby="0"/><UN n0="%73%68%6F%67%6F%6F" n1="%E3%82%A6%E3%83%AB%E3%83%88%E3%83%A9%E7%AB%8B%E7%9B%B4" n2="%73%65%69%6C" n3="%E3%82%86%E3%81%A3%E3%81%8F%E3%82%8A%E5%A6%96%E5%A4%A2" dan="16,17,17,17" rate="2106.34,2169.31,2211.41,2199.60" sx="M,M,M,M"/><TAIKYOKU oya="0"/><INIT seed="0,0,0,4,1,121" ten="250,250,250,250" oya="0" hai0="40,34,21,75,110,32,79,104,106,87,26,128,96" hai1="90,117,127,108,93,70,132,31,78,59,52,5,103" hai2="101,48,6,12,130,53,43,35,114,61,84,102,8" hai3="71,22,105,131,113,94,50,73,30,10,64,23,69"/><T0/><D0/><U99/><E70/><V97/><F114/><W38/><G105/><T1/><D1/><U133/><E117/><V49/><F130/><W98/><G38/><T46/><D75/><U33/><E5/><V115/><F115/><W42/><G131/><T91/><D128/><U81/><E127/><V120/><F120/><W45/><G73/><T125/><D125/><U100/><E31/><V88/><F35/><W134/><G134/><N who="1" m="51818" /><E33/><V13/><F13/><W2/><G113/><T25/><D79/><U7/><E7/><V47/><F61/><W60/><G71/><T39/><D34/><U41/><E41/><V28/><F97/><W9/><G2/><T37/><D37/><U63/><E108/><V129/><F28/><W66/><G66/><T109/><D32/><U15/><E15/><V27/><F27/><W16/><G30/><N who="0" m="17711" /><D96/><U20/><E20/><V123/><F129/><W17/><G23/><T77/><D26/><U4/><E4/><V76/><F76/><W80/><G17/><T65/><D77/><U29/><E29/><V86/><F86/><AGARI ba="0,0" hai="52,59,63,78,81,86,90,93,99,100,103" m="51818" machi="86" ten="30,2000,0" yaku="20,1,54,1" doraHai="121" who="1" fromWho="2" sc="250,0,250,20,250,-20,250,0" /><INIT seed="1,0,0,3,2,118" ten="250,270,230,250" oya="1" hai0="59,125,95,57,26,11,12,102,70,79,122,45,89" hai1="10,53,14,35,93,121,134,2,117,82,133,49,46" hai2="17,51,104,73,30,88,13,6,19,81,84,48,67" hai3="106,126,42,25,61,120,22,66,18,37,15,80,50"/><U107/><E107/><V38/><F38/><W23/><G106/><T74/><D70/><U47/><E35/><V0/><F104/><W4/><G126/><T76/><D125/><U31/><E31/><V75/><F30/><W5/><G37/><T71/><D71/><U119/><E2/><V90/><F67/><W1/><G1/><T21/><D102/><U39/><E93/><V41/><F0/><W52/><G42/><T54/><D45/><N who="1" m="27823" /><E82/><V34/><F34/><W97/><G97/><T91/><D122/><U115/><E115/><V87/><F6/><W43/><G43/><T3/><D3/><U69/><E69/><V86/><F86/><W105/><G105/><T65/><D59/><U100/><E100/><V72/><F41/><W123/><G80/><T109/><D74/><U77/><E77/><N who="0" m="29769" /><D65/><U8/><E121/><V28/><F28/><W68/><G4/><N who="0" m="3175" /><D95/><U94/><E94/><V128/><F72/><W99/><G99/><T16/><D109/><U85/><E85/><V129/><F81/><W92/><G92/><T116/><D116/><N who="1" m="44619" /><E39/><V111/><REACH who="2" step="1"/><F13/><REACH who="2" ten="250,270,220,250" step="2"/><W135/><G5/><T114/><D114/><U36/><E36/><V62/><F62/><AGARI ba="0,1" hai="16,21,26,54,57,62,89,91" m="3175,29769" machi="62" ten="30,2000,0" yaku="8,1,54,1" doraHai="118" who="0" fromWho="2" sc="250,30,270,0,220,-20,250,0" /><INIT seed="2,0,0,1,0,113" ten="280,270,200,250" oya="2" hai0="134,4,10,86,5,53,65,111,77,28,78,43,114" hai1="12,115,39,26,6,73,119,98,133,71,80,19,51" hai2="135,25,24,89,100,20,93,106,116,56,11,102,54" hai3="37,50,96,22,75,91,104,124,90,49,95,118,66"/><V120/><F120/><W58/><G37/><T30/><D114/><U131/><E39/><V70/><F70/><W84/><G75/><T68/><D111/><U62/><E115/><V47/><F135/><W41/><G124/><T52/><D134/><U57/><E133/><V36/><F116/><W61/><G118/><T94/><D43/><U87/><E119/><V42/><F106/><W63/><G41/><T8/><D68/><U88/><E73/><V0/><F0/><W103/><G22/><T82/><D65/><U31/><E6/><V107/><F11/><N who="0" m="4138" /><D94/><U34/><E131/><V46/><F46/><W38/><G38/><T101/><D101/><U97/><E51/><V18/><F25/><W109/><G109/><T126/><D78/><U129/><E71/><V81/><F81/><W74/><G63/><T92/><D92/><U110/><E110/><V60/><REACH who="2" step="1"/><F107/><REACH who="2" ten="280,270,190,250" step="2"/><W69/><G69/><T35/><D126/><U67/><E129/><V127/><F127/><W17/><G104/><T76/><D82/><U7/><E7/><V21/><F21/><AGARI ba="0,1" hai="12,19,21,26,31,34,57,62,67,80,87,88,97,98" machi="21" ten="30,2000,0" yaku="7,1,54,1" doraHai="113" who="1" fromWho="2" sc="280,0,270,30,190,-20,250,0" /><INIT seed="3,0,0,4,3,116" ten="280,300,170,250" oya="3" hai0="40,111,62,76,5,28,26,17,66,73,115,14,87" hai1="47,0,80,91,29,124,20,77,68,75,99,83,130" hai2="86,33,61,81,133,32,56,109,9,7,67,53,118" hai3="105,21,64,79,44,71,126,135,110,113,6,30,114"/><W34/><G79/><T3/><D73/><U93/><E0/><V104/><F118/><W128/><G105/><T125/><D40/><U97/><E68/><V10/><F104/><W39/><G6/><T74/><D74/><U4/><E4/><V50/><F109/><W108/><G21/><T134/><D111/><N who="3" m="42537" /><G126/><T94/><D125/><U127/><E47/><V54/><F133/><W122/><G135/><T72/><D72/><N who="1" m="43047" /><E20/><V35/><F7/><W48/><G39/><T24/><D134/><U85/><E29/><V90/><REACH who="2" step="1"/><F54/><REACH who="2" ten="280,300,160,250" step="2"/><W98/><G113/><T84/><D115/><U103/><E127/><V42/><F42/><W107/><G114/><T82/><D5/><U78/><E124/><V37/><F37/><W16/><G107/><T121/><D3/><U11/><E130/><V13/><F13/><W102/><G128/><T12/><D14/><U101/><E11/><V25/><F25/><W59/><G64/><T55/><D26/><U19/><E19/><V69/><AGARI ba="0,1" hai="9,10,32,33,35,50,53,56,61,67,69,81,86,90" machi="69" ten="30,2000,0" yaku="1,1,0,1,53,0" doraHai="116" doraHaiUra="95" who="2" fromWho="2" sc="280,-5,300,-5,160,30,250,-10" /><INIT seed="4,0,0,4,3,60" ten="275,295,190,240" oya="0" hai0="38,113,106,6,83,117,18,55,14,79,97,132,50" hai1="100,17,131,10,76,99,54,116,37,93,66,0,95" hai2="22,47,105,80,72,134,56,115,78,57,39,110,102" hai3="51,109,133,16,129,58,74,31,71,114,42,30,53"/><T24/><D117/><U5/><E116/><V27/><F110/><W2/><G109/><T33/><D38/><U92/><E37/><V122/><F122/><W15/><G74/><T40/><D113/><U94/><E131/><V73/><F115/><W70/><G114/><T130/><D130/><U120/><E120/><V63/><F134/><W107/><G129/><T135/><D40/><U52/><E76/><V86/><F102/><W45/><G2/><T84/><D6/><U23/><REACH who="1" step="1"/><E66/><REACH who="1" ten="275,285,190,240" step="2"/><V68/><F78/><W19/><G133/><T127/><D135/><U61/><E61/><V75/><F63/><W12/><G71/><T126/><D132/><U62/><E62/><V101/><F68/><W111/><G70/><T119/><D119/><U43/><E43/><V85/><F39/><W7/><G111/><T91/><D127/><U28/><E28/><V123/><F123/><W9/><G107/><T89/><D126/><U118/><E118/><V4/><F105/><W96/><G30/><T29/><D106/><U88/><E88/><V124/><F124/><W20/><G31/><T65/><D65/><U49/><E49/><V81/><F101/><W98/><G7/><T8/><REACH who="0" step="1"/><D97/><REACH who="0" ten="265,285,190,240" step="2"/><U34/><E34/><V25/><F4/><W121/><G121/><T44/><AGARI ba="0,2" hai="8,14,18,24,29,33,44,50,55,79,83,84,89,91" machi="44" ten="20,7800,0" yaku="1,1,2,1,0,1,7,1,53,0" doraHai="60" doraHaiUra="103" who="0" fromWho="0" sc="265,98,285,-26,190,-26,240,-26" /><INIT seed="4,1,0,5,4,27" ten="363,259,164,214" oya="0" hai0="74,46,33,86,47,39,127,6,108,13,20,7,9" hai1="69,132,14,96,131,109,45,40,53,66,112,79,12" hai2="28,61,30,77,59,119,54,87,68,63,22,91,113" hai3="100,64,70,101,135,82,52,115,29,48,104,116,117"/><T73/><D33/><U98/><E109/><V5/><F113/><W78/><G115/><T56/><D108/><U24/><E131/><V80/><F119/><W92/><G104/><T134/><D127/><U85/><E132/><V129/><F129/><W122/><G135/><T133/><D134/><U90/><E112/><V41/><F41/><W75/><G122/><T21/><D133/><U118/><E79/><V35/><F35/><W83/><G83/><T128/><D128/><U106/><E53/><V124/><F124/><W81/><G81/><T49/><D39/><U1/><E1/><V121/><F121/><W71/><G29/><N who="2" m="11369" /><F68/><W26/><G26/><T38/><D38/><U55/><E24/><V57/><F22/><W50/><G50/><T126/><D126/><U60/><E40/><V105/><F105/><W32/><G32/><T17/><D21/><U2/><E69/><V102/><F102/><W51/><G51/><T93/><D73/><U130/><E106/><V19/><F19/><W44/><G71/><T103/><D74/><U84/><E130/><V34/><F34/><W11/><G101/><T88/><D103/><U97/><E118/><V95/><F5/><N who="0" m="1546" /><D9/><U10/><E10/><V3/><F3/><W67/><G11/><T31/><D31/><U43/><E43/><V110/><F110/><W62/><G67/><T18/><D17/><U99/><N who="1" m="24576" /><DORA hai="125" /><U65/><E65/><N who="2" m="39087" /><F77/><W36/><G36/><T4/><D4/><U72/><E2/><V8/><F8/><W25/><G25/><T23/><D20/><U15/><E72/><V0/><F0/><RYUUKYOKU ba="1,0" sc="363,10,259,-30,164,10,214,10" hai0="13,18,23,46,47,49,56,86,88,93" hai2="54,59,63,80,87,91,95" hai3="44,48,52,62,64,70,75,78,82,92,100,116,117" /><INIT seed="4,2,0,4,2,77" ten="373,229,174,224" oya="0" hai0="2,82,50,42,118,62,81,88,36,43,60,83,127" hai1="14,74,39,73,5,94,45,58,46,54,25,131,26" hai2="68,34,106,7,79,16,85,6,71,133,12,111,112" hai3="120,13,3,130,122,101,80,37,63,47,123,113,24"/><T134/><D2/><U48/><E131/><V97/><F111/><W0/><G130/><T59/><D118/><U55/><E39/><V8/><F34/><W90/><G113/><T29/><D36/><U109/><E109/><V110/><F110/><W78/><G101/><T69/><D134/><U100/><E74/><V19/><F133/><W89/><G24/><T10/><D127/><U72/><E73/><V52/><F112/><W53/><G13/><T76/><D69/><U70/><E72/><V67/><F106/><W23/><G23/><T107/><D107/><U108/><E70/><V86/><F97/><W65/><G3/><T124/><D76/><U30/><E108/><V116/><F116/><W93/><G0/><T115/><D115/><U38/><E38/><V84/><F79/><W98/><G89/><T56/><D124/><U31/><E94/><V18/><F67/><W41/><G53/><N who="0" m="31799" /><D29/><N who="1" m="10763" /><E100/><V132/><F132/><W92/><G92/><T33/><D33/><U121/><E121/><V103/><F103/><W125/><G125/><T9/><D88/><U22/><E46/><V75/><F75/><N who="3" m="43103" /><G63/><N who="0" m="24107" /><D59/><U17/><E5/><N who="2" m="3087" /><F71/><W114/><G114/><T102/><D102/><U1/><E1/><V20/><F68/><W87/><G65/><T104/><D104/><U57/><E57/><V21/><F52/><N who="1" m="20009" /><E58/><V135/><F135/><W61/><G61/><T35/><D35/><U28/><E28/><V27/><F27/><W11/><G98/><T32/><D32/><U96/><E96/><V117/><F117/><W129/><G129/><T15/><D15/><U105/><E105/><RYUUKYOKU ba="2,0" sc="373,0,229,0,174,0,224,0" hai0="9,10,42,43,81,82,83" hai1="14,17,22,25,26,45,48" hai2="6,7,16,18,19,20,21,84,85,86" hai3="11,37,41,47,87,90,93,120,122,123" /><INIT seed="4,3,0,3,2,67" ten="373,229,174,224" oya="0" hai0="66,26,52,10,127,53,4,21,31,9,35,126,47" hai1="79,69,59,45,39,135,3,118,107,110,63,78,122" hai2="100,86,25,103,113,44,22,16,81,24,93,119,95" hai3="83,18,8,111,27,12,34,82,129,75,115,46,125"/><T7/><D35/><U6/><E107/><V92/><F119/><W132/><G111/><T114/><D114/><U99/><E110/><V13/><F113/><W121/><G115/><T87/><D87/><U131/><E118/><V128/><F128/><W32/><G129/><T108/><D108/><U48/><E131/><V43/><F103/><W30/><G125/><N who="0" m="47627" /><D66/><N who="1" m="41183" /><E99/><V80/><F100/><W94/><G132/><T36/><D36/><U97/><E97/><V37/><REACH who="2" step="1"/><F80/><REACH who="2" ten="373,229,164,224" step="2"/><W70/><G83/><T11/><D47/><U73/><E45/><V54/><F54/><AGARI ba="3,1" hai="4,7,9,10,11,21,26,31,52,53,54" m="47627" machi="54" ten="30,2900,0" yaku="18,1,54,1" doraHai="67" who="0" fromWho="2" sc="373,48,229,0,164,-38,224,0" /><INIT seed="4,4,0,3,3,64" ten="421,229,126,224" oya="0" hai0="94,127,16,42,25,50,41,121,63,43,117,47,90" hai1="62,46,106,45,56,49,29,125,81,10,32,128,37" hai2="89,38,86,24,57,39,27,126,119,5,52,31,34" hai3="118,111,123,134,75,132,95,13,73,14,20,102,76"/><T74/><D117/><U1/><E106/><V70/><F119/><W0/><G118/><T96/><D121/><U28/><E128/><V101/><F126/><W100/><G111/><T107/><D74/><N who="3" m="28169" /><G0/><T120/><D120/><U104/><E104/><V58/><F70/><W78/><G123/><T17/><D127/><U36/><E125/><V130/><F130/><W84/><G20/><N who="0" m="13447" /><D107/><U98/><E98/><V4/><F101/><N who="3" m="39019" /><G14/><T103/><D63/><U110/><E62/><V21/><F39/><W79/><G13/><T112/><D112/><U55/><E110/><V53/><F38/><W97/><G84/><T26/><D103/><AGARI ba="4,0" hai="76,78,79,95,97,103,132,134" m="39019,28169" machi="103" ten="40,2600,0" yaku="34,2" doraHai="64" who="3" fromWho="0" sc="421,-38,229,0,126,0,224,38" /><INIT seed="5,0,0,3,3,49" ten="383,229,126,262" oya="1" hai0="24,70,33,93,38,109,17,63,129,36,77,48,20" hai1="16,119,3,91,67,92,120,118,19,114,51,7,0" hai2="106,103,52,13,128,40,101,117,27,79,127,104,94" hai3="98,78,89,113,85,28,15,88,134,26,86,30,58"/><U130/><E67/><V80/><F117/><W100/><G113/><T45/><D109/><U47/><E120/><V126/><F40/><W97/><G134/><T1/><D1/><U32/><E32/><V116/><F116/><W125/><G125/><N who="2" m="47625" /><F128/><W99/><G100/><N who="2" m="38473" /><F94/><W83/><G15/><T105/><D105/><U71/><E114/><V102/><N who="2" m="38481" /><V90/><DORA hai="54" /><F90/><N who="3" m="34923" /><G26/><T75/><D33/><U121/><E130/><V132/><F132/><W31/><G86/><T112/><D93/><U56/><E92/><V107/><F13/><W5/><G5/><T23/><D112/><U55/><E91/><V124/><N who="2" m="47633" /><V82/><DORA hai="39" /><F79/><W11/><G11/><T133/><D133/><U25/><E119/><V12/><F12/><W18/><G18/><T2/><D2/><U43/><E118/><V64/><F64/><W46/><G46/><T60/><D129/><U73/><E0/><V14/><F14/><W95/><G95/><T35/><D35/><U74/><E3/><V131/><F131/><W72/><G72/><T76/><D23/><U37/><E7/><V53/><F27/><W6/><G6/><T41/><D70/><U87/><E25/><V21/><F21/><W122/><G122/><T34/><D34/><U65/><E121/><V59/><F59/><AGARI ba="0,0" hai="28,30,31,58,59,78,83,85,97,98,99" m="34923" machi="59" ten="40,8000,1" yaku="8,1,52,2,54,1" doraHai="49,54,39" who="3" fromWho="2" sc="383,0,229,0,126,-80,262,80" /><INIT seed="6,0,0,1,0,44" ten="383,229,46,342" oya="2" hai0="4,63,102,116,76,90,49,52,43,82,100,94,106" hai1="54,51,127,61,19,80,3,20,23,75,131,55,129" hai2="7,89,115,9,121,120,22,105,14,62,135,85,15" hai3="123,48,125,38,91,72,93,12,47,56,96,0,33"/><V109/><F105/><W98/><G0/><T92/><D106/><U36/><E36/><V16/><F115/><W29/><G123/><T21/><D116/><U27/><E3/><V10/><F135/><W11/><G72/><T99/><D4/><U17/><E127/><V124/><F124/><W103/><G38/><T37/><D63/><U53/><E61/><V86/><F109/><W59/><G29/><T110/><D110/><U83/><E51/><V34/><F34/><W35/><G125/><T112/><D112/><U50/><E50/><V26/><F62/><W64/><G64/><T65/><D65/><U130/><E75/><V58/><F58/><W108/><G108/><T40/><D37/><U66/><E66/><V18/><REACH who="2" step="1"/><F86/><REACH who="2" ten="383,229,36,342" step="2"/><W132/><G132/><T30/><D99/><U45/><E45/><V67/><F67/><W57/><G35/><T133/><D133/><U70/><E70/><V122/><F122/><W39/><G33/><T118/><D118/><U88/><E131/><V79/><F79/><W126/><G126/><T77/><D76/><U128/><E128/><V117/><F117/><W68/><G68/><T134/><D77/><U81/><E130/><V8/><F8/><W60/><G60/><T5/><D134/><U87/><E129/><V1/><F1/><W107/><G59/><T69/><D69/><U32/><E32/><V73/><F73/><W97/><G57/><T13/><D21/><U104/><E104/><V41/><F41/><N who="3" m="24687" /><G56/><T46/><D43/><U25/><AGARI ba="0,1" hai="17,19,20,23,25,27,53,54,55,80,81,83,87,88" machi="25" ten="30,7900,0" yaku="0,1,9,1,8,1,54,1" doraHai="44" who="1" fromWho="1" sc="383,-20,229,89,36,-39,342,-20" owari="363,46.0,318,-8.0,-3,-50.0,322,12.0" /></mjloggm>