<mjloggm ver="2.3"><GO type="169" lobby="0"/><UN n0="%E2%85%A8%E3%81%AE%E4%BC%91%E6%97%A5" n1="%64%6F%6E%63%68%61%6E%33" n2="%42%61%72%64%61%6E%74" n3="%E3%82%A6%E3%83%AB%E3%83%88%E3%83%A9%E7%AB%8B%E7%9B%B4" dan="16,17,16,18" rate="2135.08,2144.85,2091.89,2241.71" sx="M,M,M,M"/><TAIKYOKU oya="0"/><INIT seed="0,0,0,0,3,109" ten="250,250,250,250" oya="0" hai0="121,28,37,112,58,60,106,74,9,88,108,26,19" hai1="71,93,113,98,53,2,85,83,34,56,10,114,65" hai2="33,134,8,12,54,15,89,45,49,32,18,25,39" hai3="101,73,131,48,120,67,22,124,100,79,128,118,125"/><T66/><D121/><U46/><E34/><V122/><F122/><W133/><G67/><T77/><D106/><U115/><E46/><V5/><F134/><W107/><G120/><T50/><D108/><U17/><E71/><V116/><F116/><W80/><G48/><T62/><D37/><U27/><E65/><V16/><F39/><W52/><G52/><T81/><D112/><U3/><E27/><V4/><F33/><W68/><G22/><T86/><D9/><U13/><E83/><V47/><F47/><W7/><G7/><T92/><D19/><U110/><E85/><V119/><F119/><W35/><G35/><T63/><REACH who="0" step="1"/><D50/><REACH who="0" ten="240,250,250,250" step="2"/><N who="1" m="30775" /><E110/><V104/><F104/><W95/><G118/><T75/><D75/><U23/><E23/><AGARI ba="0,1" hai="23,26,28,58,60,62,63,66,74,77,81,86,88,92" machi="23" ten="30,5800,0" yaku="1,1,7,1,54,1,53,0" doraHai="109" doraHaiUra="99" who="0" fromWho="1" sc="240,68,250,-58,250,0,250,0" /><INIT seed="0,1,0,1,4,13" ten="308,192,250,250" oya="0" hai0="112,86,118,103,68,45,127,77,89,90,57,134,95" hai1="2,70,69,88,55,20,26,56,10,1,54,35,102" hai2="36,14,60,38,116,39,4,61,83,94,132,47,110" hai3="18,6,50,98,126,53,15,133,27,104,29,49,135"/><T130/><D68/><U8/><E102/><V52/><F110/><W128/><G6/><T25/><D118/><U40/><E35/><V23/><F132/><N who="3" m="50763" /><G128/><T5/><D112/><U51/><E40/><V96/><F116/><W19/><G126/><T99/><D134/><U105/><E105/><V75/><F75/><W59/><G15/><T108/><D130/><U101/><E101/><V24/><F83/><W121/><G121/><T124/><D108/><U87/><E1/><V21/><F4/><W41/><G104/><T81/><D5/><U122/><E122/><V78/><F78/><W31/><G98/><T93/><D25/><U0/><E0/><V73/><F73/><W46/><G31/><T85/><D57/><N who="1" m="32991" /><E69/><V64/><F64/><W11/><G11/><T109/><D45/><U80/><E70/><V17/><F52/><N who="3" m="32151" /><G41/><T32/><D32/><AGARI ba="1,0" hai="18,19,27,29,32,46,49,53" m="32151,50763" machi="32" ten="30,7700,0" yaku="20,1,52,2,54,1" doraHai="13" who="3" fromWho="0" sc="308,-80,192,0,250,0,250,80" /><INIT seed="1,0,0,1,0,109" ten="228,192,250,330" oya="1" hai0="21,46,6,86,31,124,25,42,132,53,134,135,5" hai1="27,133,66,16,44,22,102,76,7,127,29,20,71" hai2="92,85,70,89,30,19,123,39,120,62,103,117,87" hai3="60,84,26,90,69,80,2,4,91,48,118,24,11"/><U77/><E133/><V110/><F117/><W28/><G118/><T65/><D65/><U23/><E127/><V63/><F110/><W56/><G69/><T114/><D124/><U116/><E116/><V79/><F39/><W100/><G100/><T125/><D125/><U10/><E102/><V93/><F30/><W3/><G3/><T43/><D114/><U32/><E44/><V59/><F70/><W35/><G48/><N who="0" m="28823" /><D86/><U112/><E112/><V131/><F131/><W108/><G108/><T58/><D58/><U55/><E55/><V50/><F50/><W8/><G8/><T104/><D104/><U12/><REACH who="1" step="1"/><E7/><AGARI ba="0,0" hai="5,6,7,21,25,31,42,43,132,134,135" m="28823" machi="7" ten="30,1000,0" yaku="20,1" doraHai="109" who="0" fromWho="1" sc="228,10,192,-10,250,0,330,0" /><INIT seed="2,0,0,3,3,88" ten="238,182,250,330" oya="2" hai0="111,109,46,48,14,35,133,58,124,54,61,104,59" hai1="13,82,68,34,97,74,96,67,108,2,56,28,131" hai2="16,98,83,57,37,120,90,128,69,102,60,94,12" hai3="107,70,73,92,53,62,126,41,71,125,55,105,103"/><V19/><F120/><W43/><G73/><T79/><D35/><U3/><E56/><V31/><F128/><W112/><G103/><T15/><D104/><U129/><E13/><V50/><F69/><W72/><G72/><T89/><D79/><U21/><E21/><N who="2" m="11399" /><F37/><W118/><G62/><N who="0" m="36183" /><D89/><U22/><E67/><N who="2" m="39311" /><F31/><W39/><G39/><T122/><D15/><U80/><E28/><V27/><F50/><W38/><G38/><T130/><D14/><U11/><E68/><V114/><F114/><W25/><G118/><T9/><D9/><U76/><E74/><V29/><F29/><W33/><G33/><T1/><D1/><U17/><E34/><V66/><F66/><W113/><G25/><T85/><D85/><U106/><E2/><V121/><F121/><W44/><G112/><T77/><D77/><U24/><E3/><V40/><F40/><W134/><G41/><N who="0" m="24655" /><D122/><U45/><E76/><V64/><F64/><W52/><G113/><T100/><D100/><U63/><E106/><V127/><F102/><W18/><G107/><T110/><D130/><U123/><E131/><V20/><F83/><W86/><G105/><T116/><D116/><U84/><E129/><V119/><F119/><W23/><G23/><T87/><D87/><U132/><E84/><V81/><F81/><W42/><G86/><T115/><D115/><U49/><E123/><V65/><F65/><W91/><G71/><T10/><D10/><U117/><E80/><V95/><F95/><W26/><G92/><T6/><D6/><U8/><E82/><V93/><F93/><W101/><G70/><RYUUKYOKU ba="0,0" sc="238,-10,182,-10,250,30,330,-10" hai2="19,20,27,90,94,98,127" /><INIT seed="2,1,0,4,3,38" ten="228,172,280,320" oya="2" hai0="127,37,119,129,44,36,121,90,118,81,39,95,41" hai1="126,125,61,12,85,58,131,46,72,15,133,67,24" hai2="10,25,135,68,2,43,30,105,19,122,100,69,35" hai3="64,62,34,101,52,73,79,13,4,16,1,99,7"/><V33/><F122/><W111/><G34/><T75/><D121/><U104/><E72/><V97/><F135/><W88/><G111/><T23/><D129/><U48/><E104/><V86/><F33/><W54/><G1/><T109/><D109/><U27/><E131/><V76/><F76/><W22/><G79/><N who="0" m="44287" /><D23/><U82/><E133/><V45/><F86/><W130/><G73/><T117/><D127/><N who="1" m="48651" /><E12/><V107/><F107/><W84/><G130/><T0/><D0/><U83/><E15/><V74/><F74/><W14/><G14/><T106/><D106/><U29/><E85/><AGARI ba="1,0" hai="36,37,39,41,44,85,90,95,117,118,119" m="44287" machi="85" ten="30,2000,0" yaku="12,1,52,1" doraHai="38" who="0" fromWho="1" sc="228,23,172,-23,280,0,320,0" /><INIT seed="3,0,0,3,2,17" ten="251,149,280,320" oya="3" hai0="2,15,39,125,65,97,131,119,92,35,61,114,40" hai1="47,64,14,10,62,25,7,58,73,120,9,134,122" hai2="55,80,96,71,94,106,60,100,16,132,93,98,56" hai3="29,34,32,105,91,37,110,90,66,117,27,133,87"/><W123/><G117/><T74/><D119/><U107/><E134/><V24/><F132/><W44/><G123/><T0/><D131/><U86/><E73/><V59/><F71/><W89/><G133/><T113/><D125/><U78/><E107/><V53/><F80/><W102/><G110/><T63/><D35/><U67/><E67/><V82/><F82/><W103/><G34/><T99/><D74/><U84/><E9/><V88/><F106/><W42/><G105/><T54/><D39/><U38/><E38/><V46/><F46/><W76/><G76/><T109/><D109/><U124/><E124/><V81/><F81/><W48/><G87/><T28/><D28/><U22/><E78/><V118/><F118/><W13/><G66/><T1/><D40/><U23/><E122/><V4/><F4/><W79/><G79/><T101/><D15/><U112/><E112/><N who="0" m="43113" /><D54/><N who="2" m="20490" /><F60/><N who="0" m="23114" /><D65/><U115/><E115/><V121/><F121/><W83/><G37/><T69/><D99/><U104/><E104/><V70/><F70/><AGARI ba="0,0" hai="0,1,2,69,70,92,97,101" m="23114,43113" machi="70" ten="40,1300,0" yaku="11,1" doraHai="17" who="0" fromWho="2" sc="251,13,149,0,280,-13,320,0" /><INIT seed="4,0,0,0,3,112" ten="264,149,267,320" oya="0" hai0="76,42,74,114,109,13,97,46,61,88,125,131,126" hai1="50,72,21,37,38,55,102,107,60,32,66,0,106" hai2="122,134,65,19,85,64,95,44,20,103,41,15,35" hai3="99,14,91,28,3,36,100,101,115,83,68,113,87"/><T124/><D114/><N who="3" m="43529" /><G3/><T62/><D131/><U80/><E32/><V79/><F122/><W104/><G68/><T111/><D76/><U43/><E0/><V86/><F134/><W92/><G36/><N who="0" m="21831" /><D74/><U98/><E106/><V108/><F108/><N who="0" m="41546" /><D13/><U73/><E21/><V133/><F133/><W31/><G14/><T18/><D18/><U96/><E96/><AGARI ba="0,0" hai="28,31,83,87,91,92,96,99,100,101,104" m="43529" machi="96" ten="30,1000,0" yaku="15,1" doraHai="112" who="3" fromWho="1" sc="264,0,149,-10,267,0,320,10" /><INIT seed="5,0,0,3,1,76" ten="264,139,267,330" oya="1" hai0="38,116,35,20,3,126,17,66,60,93,6,55,100" hai1="111,7,4,58,70,94,99,133,115,101,62,59,28" hai2="42,25,117,2,95,50,34,78,91,26,74,130,105" hai3="46,52,27,97,68,29,124,1,39,131,75,69,21"/><U56/><E115/><V45/><F117/><W135/><G1/><T113/><D116/><U125/><E133/><V77/><F130/><W89/><G75/><T63/><D113/><U132/><E132/><V30/><F105/><W119/><G135/><T79/><D126/><U32/><E125/><V96/><F2/><W92/><G119/><T72/><D35/><U47/><E111/><V15/><F74/><W112/><G124/><T57/><D38/><U0/><E0/><V31/><REACH who="2" step="1"/><F15/><REACH who="2" ten="264,139,257,330" step="2"/><W71/><G131/><T51/><D3/><U5/><E47/><V82/><F82/><W49/><G112/><T11/><D72/><U54/><REACH who="1" step="1"/><E70/><REACH who="1" ten="264,129,257,330" step="2"/><V8/><F8/><W120/><G71/><T87/><D11/><U37/><E37/><V16/><F16/><W64/><G39/><T123/><D17/><U102/><E102/><V104/><F104/><W88/><G68/><T127/><D100/><U43/><E43/><V61/><F61/><W22/><G69/><T107/><D63/><U18/><E18/><V65/><F65/><W118/><G64/><T24/><D60/><U73/><E73/><V80/><F80/><W83/><G118/><T23/><D66/><U85/><E85/><V14/><F14/><W129/><G129/><T134/><D87/><U33/><E33/><AGARI ba="0,2" hai="25,26,30,31,33,34,42,45,50,77,78,91,95,96" machi="33" ten="30,7700,0" yaku="1,1,7,1,9,1,53,1" doraHai="76" doraHaiUra="41" who="2" fromWho="1" sc="264,0,129,-77,257,97,330,0" /><INIT seed="6,0,0,2,2,128" ten="264,52,354,330" oya="2" hai0="29,126,4,110,33,34,38,131,92,130,106,71,41" hai1="16,66,24,14,76,69,46,135,99,3,104,64,25" hai2="48,80,44,105,114,75,57,53,2,72,47,124,19" hai3="123,67,93,31,117,7,27,10,78,1,15,102,103"/><V11/><F124/><W30/><G117/><T108/><D106/><U52/><E3/><V20/><F114/><W0/><G123/><T87/><D71/><U101/><E76/><V8/><F105/><W120/><G120/><T83/><D38/><U107/><E107/><V74/><F80/><W109/><G109/><T36/><D36/><U60/><E66/><V12/><REACH who="2" step="1"/><F11/><REACH who="2" ten="264,52,344,330" step="2"/><W98/><G10/><T59/><D126/><U42/><E135/><V61/><F61/><W70/><G93/><T125/><D110/><U62/><E42/><V51/><F51/><W68/><G70/><T79/><D108/><U116/><E116/><V94/><F94/><W9/><G68/><T113/><D125/><U133/><E133/><V77/><F77/><W127/><G78/><T134/><D113/><U119/><E119/><V56/><F56/><W40/><G40/><T118/><D134/><U96/><E96/><V58/><F58/><W91/><G98/><T23/><D118/><U100/><E100/><V50/><F50/><W132/><G103/><T97/><D131/><U89/><E89/><V6/><AGARI ba="0,1" hai="2,6,8,12,19,20,44,47,48,53,57,72,74,75" machi="6" ten="40,3900,0" yaku="1,1,0,1,53,0" doraHai="128" doraHaiUra="111" who="2" fromWho="2" sc="264,-13,52,-13,344,49,330,-13" /><INIT seed="6,1,0,2,5,69" ten="251,39,393,317" oya="2" hai0="51,41,21,25,28,127,128,66,50,96,29,26,104" hai1="45,94,85,35,55,19,83,135,103,91,62,116,8" hai2="111,1,110,27,120,72,93,58,12,88,101,57,4" hai3="56,134,14,108,2,77,125,42,38,13,117,95,0"/><V37/><F120/><W102/><G108/><N who="2" m="41513" /><F72/><W60/><G117/><T98/><D128/><U36/><E135/><V6/><F101/><W22/><G77/><T87/><D127/><U65/><E35/><V30/><F1/><W74/><G74/><T47/><D104/><U86/><E116/><V44/><F12/><W23/><G95/><T126/><D126/><U16/><E8/><V32/><F57/><W61/><G56/><T34/><D66/><U113/><E113/><V79/><F58/><W130/><G102/><T67/><D67/><U115/><E115/><V80/><F80/><W52/><G125/><T124/><D124/><U24/><E24/><V3/><F79/><W7/><G0/><T122/><D122/><U78/><E103/><V84/><F3/><W31/><G2/><T49/><REACH who="0" step="1"/><D87/><REACH who="0" ten="241,39,393,317" step="2"/><U121/><E121/><V64/><F64/><W133/><G130/><T89/><D89/><U40/><REACH who="1" step="1"/><E55/><REACH who="1" ten="241,29,393,317" step="2"/><V131/><F131/><W68/><G52/><T107/><D107/><U119/><E119/><V109/><F109/><W53/><G53/><T81/><D81/><U82/><E82/><V105/><F105/><W73/><G134/><T100/><D100/><U11/><E11/><V118/><F118/><W15/><G133/><T9/><D9/><U70/><AGARI ba="1,2" hai="16,19,36,40,45,62,65,70,78,83,85,86,91,94" machi="70" ten="20,8000,1" yaku="1,1,0,1,7,1,52,1,54,1,53,0" doraHai="69" doraHaiUra="112" who="1" fromWho="1" sc="241,-21,29,103,393,-41,317,-21" /><INIT seed="7,0,0,1,0,46" ten="220,132,352,296" oya="3" hai0="75,123,103,95,99,51,13,70,48,40,31,6,32" hai1="102,84,5,128,63,111,74,16,114,127,23,60,57" hai2="79,110,97,108,66,81,61,115,113,50,78,30,98" hai3="52,59,29,22,133,122,107,10,37,132,20,54,104"/><W83/><G122/><T72/><D123/><U21/><E74/><V69/><F30/><W65/><G37/><T105/><D40/><U100/><E114/><N who="2" m="43531" /><F50/><N who="3" m="31127" /><G65/><T120/><D120/><U39/><E128/><V1/><F1/><W36/><G36/><T126/><D126/><U33/><E127/><V4/><F4/><W71/><G71/><T96/><D70/><U91/><E33/><V90/><F90/><W56/><G10/><T53/><D53/><U129/><E111/><N who="2" m="42539" /><F78/><W93/><G93/><T121/><D121/><U77/><E129/><V25/><F25/><N who="3" m="16551" /><G83/><T67/><D67/><U101/><E39/><V88/><F88/><W14/><G14/><T109/><D109/><U26/><E77/><V116/><F116/><W87/><G87/><AGARI ba="0,0" hai="61,66,69,79,81,87,97,98" m="42539,43531" machi="87" ten="30,1000,0" yaku="15,1" doraHai="46" who="2" fromWho="3" sc="220,0,132,0,352,10,296,-10" owari="220,-18.0,132,-37.0,362,46.0,286,9.0" /></mjloggm>