<mjloggm ver="2.3"><GO type="169" lobby="0"/><UN n0="%5A%5A%5A%5A%5A" n1="%E7%99%BD%E9%B9%BF%E6%84%9B%E8%8E%89" n2="%E7%9B%B4%E7%89%B9%7C%E9%98%AA%E7%A5%9E%E6%A2%85%E7%94%B0" n3="%E3%82%A6%E3%83%AB%E3%83%88%E3%83%A9%E7%AB%8B%E7%9B%B4" dan="16,17,16,18" rate="2064.39,2198.92,2098.75,2242.64" sx="M,F,F,M"/><TAIKYOKU oya="0"/><INIT seed="0,0,0,0,5,10" ten="250,250,250,250" oya="0" hai0="6,124,72,64,36,103,43,87,12,37,18,30,2" hai1="26,89,125,78,96,104,135,42,14,86,22,90,110" hai2="120,65,63,91,109,61,77,114,57,66,106,117,122" hai3="34,88,95,102,123,52,93,101,73,0,38,118,15"/><T128/><D72/><U81/><E110/><V13/><F114/><W115/><G0/><T46/><D103/><U98/><E135/><V111/><F106/><W130/><G118/><T49/><D128/><U4/><E125/><V127/><F77/><W16/><G115/><T8/><D124/><U32/><E32/><V33/><F33/><W7/><G38/><T47/><D64/><U80/><E42/><V1/><F1/><W132/><G34/><T108/><D108/><N who="2" m="41546" /><F127/><W25/><G73/><T45/><D30/><U105/><E105/><V129/><F129/><W79/><G79/><T97/><D97/><U17/><E104/><V116/><F91/><N who="1" m="34825" /><E81/><V67/><F13/><W60/><G132/><T100/><D100/><N who="3" m="38505" /><G123/><N who="2" m="47145" /><F57/><N who="3" m="34855" /><G130/><T5/><D87/><U23/><E4/><V92/><F92/><W121/><G121/><T21/><REACH who="0" step="1"/><D6/><REACH who="0" ten="240,250,250,250" step="2"/><U56/><E56/><V74/><F74/><W70/><G7/><T11/><D11/><U94/><E94/><V41/><F117/><W35/><G95/><T62/><D62/><U133/><E133/><V113/><F116/><W44/><G93/><T131/><D131/><U48/><E98/><V119/><F119/><W83/><G83/><T55/><D55/><U51/><E96/><V50/><F113/><W71/><G71/><T3/><D3/><U99/><E99/><V134/><F134/><W31/><G70/><T68/><D68/><U39/><E39/><AGARI ba="0,1" hai="2,5,8,12,18,21,36,37,39,43,45,46,47,49" machi="39" ten="40,3900,0" yaku="1,1,52,1,53,0" doraHai="10" doraHaiUra="54" who="0" fromWho="1" sc="240,49,250,-39,250,0,250,0" /><INIT seed="0,1,0,3,3,46" ten="289,211,250,250" oya="0" hai0="123,119,129,10,116,127,85,71,5,102,76,65,94" hai1="122,52,17,112,117,38,63,96,48,74,21,20,1" hai2="16,91,111,87,130,105,95,22,92,114,110,88,53" hai3="36,69,99,42,59,45,41,13,23,50,77,101,8"/><T113/><D123/><U78/><E122/><V55/><F105/><W83/><G69/><T82/><D113/><U7/><E38/><V35/><F35/><W60/><G23/><T70/><D129/><U124/><E117/><V107/><F107/><W98/><G101/><T49/><D127/><U43/><E124/><V115/><F130/><W104/><G104/><T66/><D119/><U44/><E112/><N who="2" m="43051" /><F92/><W37/><G37/><T73/><D116/><U68/><E1/><V118/><F91/><W84/><G41/><T24/><D24/><U80/><E7/><V18/><F118/><W31/><G31/><T90/><D102/><U132/><E132/><V93/><F93/><W125/><G36/><T120/><D120/><U64/><E96/><V25/><F18/><W6/><REACH who="3" step="1"/><G125/><REACH who="3" ten="289,211,250,240" step="2"/><T0/><D71/><U97/><E97/><V89/><F89/><W108/><G108/><AGARI ba="1,1" hai="16,22,25,53,55,87,88,95,108,110,111" m="43051" machi="108" ten="30,3900,0" yaku="14,1,54,2" doraHai="46" who="2" fromWho="3" sc="289,0,211,0,250,52,240,-42" /><INIT seed="1,0,0,3,4,7" ten="289,211,302,198" oya="1" hai0="27,81,91,6,129,124,16,113,48,53,95,32,104" hai1="35,26,97,135,38,94,119,82,12,13,132,101,47" hai2="8,131,128,120,109,67,51,25,56,59,14,34,44" hai3="62,61,19,79,122,39,29,10,1,116,115,18,86"/><U76/><E119/><V102/><F120/><W54/><G115/><T55/><D113/><U40/><E35/><V123/><F123/><W33/><G39/><T15/><D129/><N who="2" m="49738" /><F102/><W60/><G122/><T126/><D104/><U100/><E26/><V118/><F118/><W58/><G116/><T17/><D81/><U72/><REACH who="1" step="1"/><E101/><REACH who="1" ten="289,201,302,198" step="2"/><V75/><F25/><W134/><G33/><T105/><D32/><U46/><E46/><V63/><F34/><W98/><G29/><T36/><D27/><U4/><E4/><V88/><F109/><W127/><G19/><T5/><D5/><U73/><E73/><V83/><F75/><W42/><G18/><T2/><D6/><U70/><E70/><V0/><F0/><W45/><G1/><T74/><D2/><U30/><E30/><V89/><F44/><W3/><G3/><T57/><D74/><U64/><E64/><V69/><F69/><W9/><G45/><T125/><D17/><U23/><E23/><V28/><F28/><W77/><G58/><T112/><D112/><U114/><E114/><V78/><F59/><W108/><G108/><T21/><D16/><U20/><E20/><V52/><F67/><W71/><G71/><T66/><D21/><U92/><E92/><V11/><F63/><W22/><G62/><T37/><D95/><U49/><E49/><V99/><F51/><W107/><G61/><T111/><D48/><U110/><E110/><V41/><F56/><W87/><G60/><T103/><D57/><U43/><E43/><V90/><F41/><W117/><G42/><T65/><D111/><RYUUKYOKU ba="0,1" sc="289,-10,201,30,302,-10,198,-10" hai1="12,13,38,40,47,72,76,82,94,97,100,132,135" /><INIT seed="1,1,1,5,0,88" ten="279,231,292,188" oya="1" hai0="107,87,44,105,30,69,57,13,106,29,60,36,116" hai1="35,80,16,131,19,97,32,0,37,59,120,104,127" hai2="62,114,128,53,92,47,135,132,46,81,83,40,26" hai3="61,4,11,58,108,98,64,39,6,56,71,95,111"/><U10/><E120/><V1/><F1/><W91/><G39/><T38/><D116/><U74/><E127/><V119/><F119/><W51/><G6/><T89/><D69/><U125/><E125/><V130/><F114/><W99/><G99/><T96/><D13/><U24/><E131/><N who="2" m="50219" /><F26/><W28/><G28/><T67/><D96/><U63/><E37/><N who="2" m="21775" /><F92/><W25/><G25/><T70/><D70/><U50/><E50/><N who="2" m="28895" /><F62/><W20/><G20/><T27/><D44/><U113/><E113/><V102/><F102/><W109/><REACH who="3" step="1"/><G51/><REACH who="3" ten="279,231,292,178" step="2"/><T103/><D38/><U8/><E24/><V124/><F124/><W134/><G134/><AGARI ba="1,2" hai="81,83,132,134,135" m="28895,21775,50219" machi="134" ten="30,2000,0" yaku="20,1,19,1" doraHai="88" who="2" fromWho="3" sc="279,0,231,0,292,43,178,-23" /><INIT seed="2,0,0,5,0,39" ten="279,231,335,155" oya="2" hai0="27,38,131,30,71,46,107,76,4,50,72,122,67" hai1="105,125,61,55,58,68,126,101,51,134,77,29,18" hai2="13,75,133,88,40,5,37,7,60,57,79,21,48" hai3="96,130,20,110,56,25,109,11,86,112,59,99,41"/><V74/><F133/><W16/><G130/><T73/><D122/><U2/><E2/><V8/><F37/><W22/><G112/><T115/><D115/><U15/><E134/><V103/><F103/><W97/><G11/><T66/><D131/><U128/><E128/><V87/><F79/><W114/><G114/><T85/><D4/><U132/><E132/><V19/><F5/><W121/><G121/><T82/><D107/><U69/><E77/><V78/><F78/><W102/><G102/><T9/><D38/><U106/><E29/><V53/><F60/><W33/><G33/><T54/><D9/><U17/><E17/><V32/><F32/><W80/><G41/><T119/><D119/><U89/><E89/><V26/><REACH who="2" step="1"/><F40/><REACH who="2" ten="279,231,325,155" step="2"/><W0/><G0/><T42/><D42/><U95/><E61/><V92/><AGARI ba="0,1" hai="7,8,13,19,21,26,48,53,57,74,75,87,88,92" machi="92" ten="20,12000,1" yaku="1,1,2,1,0,1,7,1,54,1,53,0" doraHai="39" doraHaiUra="135" who="2" fromWho="2" sc="279,-40,231,-40,325,130,155,-40" /><INIT seed="2,1,0,5,4,2" ten="239,191,455,115" oya="2" hai0="34,86,96,122,42,74,125,80,78,7,87,82,65" hai1="73,93,97,59,108,75,36,32,18,21,52,13,64" hai2="46,83,23,127,72,53,68,12,20,109,112,132,105" hai3="11,41,51,3,43,99,128,135,117,27,85,17,5"/><V10/><F68/><W133/><G117/><T69/><D122/><U14/><E108/><V130/><F105/><W131/><G99/><T113/><D113/><U25/><E36/><V79/><F112/><W81/><G17/><T9/><D34/><U48/><E64/><V115/><F115/><W101/><G27/><T98/><D125/><U26/><E26/><V35/><F35/><W60/><G60/><T45/><D65/><U15/><REACH who="1" step="1"/><E32/><REACH who="1" ten="239,181,455,115" step="2"/><V24/><F109/><W107/><G128/><T92/><D69/><U0/><E0/><V54/><F24/><W44/><G131/><T56/><D56/><U6/><E6/><V106/><F130/><W29/><G3/><N who="0" m="255" /><D82/><U61/><E61/><V30/><F83/><W66/><G81/><T38/><D98/><U40/><E40/><V134/><F127/><W47/><G43/><T50/><D50/><U67/><E67/><V88/><F132/><W19/><G41/><T100/><AGARI ba="1,1" hai="38,42,45,74,78,80,86,87,92,96,100" m="255" machi="100" ten="30,2000,0" yaku="25,1,52,1" doraHai="2" who="0" fromWho="0" sc="239,33,181,-6,455,-11,115,-6" /><INIT seed="3,0,0,3,0,92" ten="272,175,444,109" oya="3" hai0="54,130,133,72,45,95,16,62,104,10,63,81,19" hai1="52,83,44,40,4,68,134,74,65,26,8,34,12" hai2="89,111,85,118,57,115,86,106,14,126,42,116,114" hai3="41,79,24,109,113,48,39,99,103,87,28,76,75"/><W100/><G113/><T27/><D104/><U112/><E112/><N who="2" m="43051" /><F57/><W131/><G39/><T0/><D130/><U50/><E134/><V2/><F14/><W18/><G75/><T60/><D133/><U127/><E127/><V64/><F64/><W51/><G131/><T53/><D0/><U120/><E120/><V128/><F42/><W67/><G109/><T94/><D72/><U22/><E34/><V21/><F21/><W82/><G76/><T56/><D81/><U98/><E98/><V20/><F20/><W97/><G67/><T110/><D110/><U6/><E6/><V125/><F2/><W58/><G18/><N who="0" m="6699" /><D10/><U30/><E65/><V66/><F66/><W25/><G41/><T121/><D27/><N who="3" m="10313" /><G28/><T84/><D121/><U90/><E68/><V35/><F35/><W91/><G79/><T3/><D3/><U102/><E102/><N who="3" m="38954" /><G51/><N who="0" m="28911" /><D84/><N who="1" m="50463" /><E74/><V15/><F111/><W13/><G13/><T9/><D9/><N who="1" m="4135" /><E40/><V43/><F43/><W61/><G61/><AGARI ba="0,0" hai="54,56,60,61,62,63,94,95" m="28911,6699" machi="61" ten="30,2000,0" yaku="8,1,54,1" doraHai="92" who="0" fromWho="3" sc="272,20,175,0,444,0,109,-20" /><INIT seed="4,0,0,2,3,105" ten="292,175,444,89" oya="0" hai0="24,99,33,83,123,27,29,69,115,89,81,61,129" hai1="67,26,0,103,102,56,119,20,22,45,90,106,17" hai2="126,38,9,37,6,104,51,68,43,87,76,53,124" hai3="23,135,122,39,62,84,133,79,75,95,110,1,34"/><T59/><D123/><U114/><E119/><V25/><F104/><W41/><G34/><T72/><D115/><U74/><E0/><V52/><F68/><W132/><G110/><T128/><D69/><U108/><E108/><V30/><F76/><W94/><G122/><T7/><D7/><U28/><E114/><V131/><F87/><W15/><G1/><T127/><D127/><N who="2" m="48682" /><F131/><N who="0" m="50250" /><D27/><U63/><E74/><V14/><F43/><W117/><G117/><T116/><D116/><U55/><E106/><V54/><F51/><W71/><G23/><AGARI ba="0,0" hai="6,9,14,23,25,30,37,38,52,53,54" m="48682" machi="23" ten="30,2000,0" yaku="18,1,54,1" doraHai="105" who="2" fromWho="3" sc="292,0,175,0,444,20,89,-20" /><INIT seed="5,0,0,0,3,105" ten="292,175,464,69" oya="1" hai0="45,2,116,127,31,85,67,129,84,38,117,57,107" hai1="90,109,50,132,9,22,73,80,48,23,78,74,91" hai2="88,135,96,101,118,7,65,16,71,39,18,122,42" hai3="51,60,104,69,114,27,25,110,5,113,35,134,62"/><U11/><E80/><V79/><F118/><W28/><G110/><T98/><D2/><U52/><E132/><V36/><F122/><W13/><G104/><T3/><D3/><U123/><E78/><V34/><F34/><W86/><G69/><T43/><D129/><U94/><E94/><V115/><F7/><W10/><G60/><T77/><D127/><U121/><REACH who="1" step="1"/><E52/><REACH who="1" ten="292,165,464,69" step="2"/><V112/><F79/><W14/><G134/><T49/><D77/><U54/><E54/><V59/><F135/><W70/><G113/><T56/><D117/><U66/><E66/><V47/><F65/><W6/><G114/><T40/><D67/><U126/><E126/><V29/><F112/><W37/><G62/><T53/><D53/><U125/><E125/><V76/><F76/><W41/><G86/><T19/><D85/><U26/><E26/><V133/><F115/><W108/><G27/><T131/><D84/><U106/><E106/><V15/><F133/><W102/><G25/><T55/><D55/><U46/><E46/><V30/><F47/><W21/><G108/><AGARI ba="0,1" hai="9,11,22,23,48,50,73,74,90,91,108,109,121,123" machi="108" ten="25,12000,1" yaku="1,1,22,2,52,2,53,0" doraHai="105" doraHaiUra="89" who="1" fromWho="3" sc="292,0,165,130,464,0,69,-120" owari="292,-11.0,295,10.0,464,56.0,-51,-55.0" /></mjloggm>