<mjloggm ver="2.3"><GO type="169" lobby="0"/><UN n0="%4D%61%73%61%4D%61%73%61" n1="%E3%82%A6%E3%83%AB%E3%83%88%E3%83%A9%E7%AB%8B%E7%9B%B4" n2="%E7%8E%8B%E5%B0%8F%E8%8A%B1" n3="%49%53%53%4F%4E%34" dan="16,18,16,17" rate="2078.20,2238.57,2003.71,2169.32" sx="F,M,M,M"/><TAIKYOKU oya="0"/><INIT seed="0,0,0,4,4,132" ten="250,250,250,250" oya="0" hai0="103,70,46,89,95,33,64,60,135,85,130,18,35" hai1="21,108,28,104,58,80,40,61,134,25,1,78,99" hai2="27,53,81,84,4,112,72,56,93,96,62,123,131" hai3="23,13,11,17,77,15,107,5,87,48,73,12,29"/><T3/><D135/><U69/><E108/><V59/><F123/><W92/><G107/><T24/><D130/><U113/><E134/><V121/><F121/><W26/><G73/><T127/><D3/><U36/><E1/><V88/><F131/><W97/><G77/><T9/><D103/><U10/><E10/><V41/><F112/><W2/><G48/><T105/><D105/><U98/><E113/><V31/><F4/><W32/><REACH who="3" step="1"/><G87/><REACH who="3" ten="250,250,250,240" step="2"/><T119/><D85/><U42/><E104/><V68/><F72/><W111/><G111/><T8/><D119/><U39/><E39/><V47/><F68/><W83/><G83/><T19/><D70/><U30/><E69/><V106/><F106/><W129/><G129/><T79/><D79/><U6/><E36/><V45/><F59/><W117/><G117/><T55/><D46/><U51/><E51/><V110/><F110/><W16/><G16/><T20/><D18/><U54/><E6/><V133/><F133/><W0/><G0/><T86/><D127/><U7/><E7/><V90/><REACH who="2" step="1"/><F41/><REACH who="2" ten="250,250,240,240" step="2"/><W91/><AGARI ba="0,2" hai="2,5,11,12,13,15,17,23,26,29,32,91,92,97" machi="91" ten="20,8000,1" yaku="1,1,0,1,7,1,24,2,53,0" doraHai="132" doraHaiUra="128" who="3" fromWho="3" sc="250,-40,250,-20,240,-20,240,100" /><INIT seed="1,0,0,3,2,22" ten="210,230,220,340" oya="1" hai0="127,28,44,3,70,59,2,128,26,42,111,14,86" hai1="39,105,53,54,79,92,107,52,129,82,109,126,120" hai2="69,20,115,50,119,4,21,135,66,83,85,133,125" hai3="116,19,104,36,91,0,9,71,132,80,93,89,25"/><U47/><E120/><V76/><F119/><W37/><G116/><T134/><D70/><U96/><E129/><V77/><F115/><W108/><G71/><T11/><D128/><U72/><E126/><V62/><F125/><W38/><G104/><T33/><D111/><U123/><E123/><V90/><F4/><W73/><G0/><T84/><D134/><N who="2" m="51210" /><F50/><W100/><G100/><T98/><D127/><U8/><E109/><V74/><F76/><W1/><G1/><T23/><D33/><U114/><E114/><V58/><F58/><W43/><G43/><T45/><D59/><U34/><E34/><V57/><F69/><W16/><G108/><T55/><D55/><U65/><E65/><V35/><F35/><W30/><G132/><T60/><D60/><U99/><E8/><V63/><F63/><W88/><G93/><AGARI ba="0,0" hai="20,21,57,62,66,74,77,83,85,90,93" m="51210" machi="93" ten="30,1000,0" yaku="20,1" doraHai="22" who="2" fromWho="3" sc="210,0,230,0,220,10,340,-10" /><INIT seed="2,0,0,0,0,4" ten="210,230,230,330" oya="2" hai0="16,112,52,132,1,28,36,129,110,29,69,68,121" hai1="76,65,20,45,77,38,100,60,133,81,72,95,43" hai2="67,66,106,83,48,54,42,21,39,0,46,64,63" hai3="19,7,80,50,131,105,9,10,53,56,96,128,124"/><V97/><F0/><W103/><G124/><T104/><RYUUKYOKU type="yao9" ba="0,0" sc="210,0,230,0,230,0,330,0" hai0="1,16,28,29,36,52,68,69,104,110,112,121,129,132" /><INIT seed="2,1,0,0,1,11" ten="210,230,230,330" oya="2" hai0="85,84,135,54,58,106,71,69,53,62,59,32,107" hai1="70,88,119,20,127,111,34,7,31,40,5,24,96" hai2="98,45,101,27,121,132,82,36,15,1,92,109,79" hai3="64,114,108,72,23,120,47,78,33,110,56,87,73"/><V0/><F121/><W103/><G33/><T4/><D32/><U80/><E119/><V44/><F132/><W10/><G64/><T21/><D21/><U133/><E70/><V8/><F109/><W104/><G56/><T63/><REACH who="0" step="1"/><D4/><REACH who="0" ten="200,230,230,330" step="2"/><U67/><E34/><V115/><F115/><W2/><G23/><T97/><D97/><U100/><E5/><V131/><F131/><W12/><G114/><T51/><D51/><U66/><E7/><V6/><F27/><W19/><G110/><T126/><D126/><U83/><E127/><V112/><F112/><W102/><G108/><T89/><D89/><U76/><E111/><V37/><F37/><W25/><G25/><T91/><D91/><U9/><E133/><AGARI ba="1,1" hai="53,54,58,59,62,63,69,71,84,85,106,107,133,135" machi="133" ten="25,3200,0" yaku="1,1,22,2,53,0" doraHai="11" doraHaiUra="16" who="0" fromWho="1" sc="200,45,230,-35,230,0,330,0" /><INIT seed="3,0,0,3,3,125" ten="245,195,230,330" oya="3" hai0="120,45,41,86,49,61,76,110,39,27,107,68,75" hai1="10,78,34,100,14,117,102,50,103,23,17,1,40" hai2="79,65,31,84,15,90,4,37,128,60,108,123,82" hai3="53,126,71,29,62,109,112,18,2,77,64,12,122"/><W132/><G112/><T51/><D120/><U22/><E117/><V20/><F123/><W46/><G122/><T105/><D110/><U47/><E34/><V88/><F108/><W81/><G109/><T5/><D86/><U93/><E1/><V98/><F37/><W104/><G126/><T54/><D5/><U56/><E78/><V124/><F124/><W135/><G2/><T7/><D7/><U30/><E30/><V121/><F121/><W131/><G29/><T127/><D127/><U48/><REACH who="1" step="1"/><E93/><REACH who="1" ten="245,185,230,330" step="2"/><V129/><F31/><W28/><G28/><T0/><D76/><U87/><E87/><V59/><F98/><W80/><G77/><T24/><D0/><U19/><E19/><N who="2" m="10367" /><F4/><W6/><G6/><T130/><D75/><U89/><E89/><V70/><F70/><W35/><G71/><T26/><D68/><U16/><E16/><V116/><F116/><W114/><G18/><T91/><D91/><U3/><E3/><V97/><F97/><W58/><G35/><T52/><D107/><U21/><E21/><V67/><F67/><W63/><G64/><T9/><D105/><U55/><AGARI ba="0,1" hai="10,14,17,22,23,40,47,48,50,55,56,100,102,103" machi="55" ten="30,4000,0" yaku="1,1,0,1,8,1,53,0" doraHai="125" doraHaiUra="83" who="1" fromWho="1" sc="245,-10,185,50,230,-10,330,-20" /><INIT seed="4,0,0,5,4,131" ten="235,235,220,310" oya="0" hai0="79,63,122,29,40,17,104,65,18,55,82,77,20" hai1="36,107,57,34,80,30,28,119,111,49,26,115,46" hai2="32,45,103,1,73,88,126,90,39,125,21,25,117" hai3="133,123,52,120,72,87,76,11,92,2,58,56,81"/><T75/><D122/><U48/><E111/><V97/><F117/><W68/><G68/><T37/><D104/><U95/><E107/><V42/><F73/><W5/><G58/><T27/><D79/><U64/><E119/><V74/><F1/><W4/><G4/><T13/><D55/><U98/><E115/><V9/><F9/><W53/><G133/><T93/><D93/><U99/><E30/><V127/><F32/><W130/><G130/><T50/><D37/><U8/><E80/><V116/><F74/><W109/><G109/><T44/><REACH who="0" step="1"/><D13/><REACH who="0" ten="225,235,220,310" step="2"/><U69/><E36/><V59/><F116/><W23/><G53/><T6/><D6/><U102/><E95/><V132/><F132/><W16/><G92/><T129/><D129/><U66/><E99/><V33/><F97/><W61/><REACH who="3" step="1"/><G72/><REACH who="3" ten="225,235,220,300" step="2"/><T112/><D112/><U100/><E98/><V113/><F113/><W84/><G84/><T43/><D43/><U24/><E102/><V94/><F42/><W83/><G83/><T128/><D128/><U10/><E100/><V67/><F103/><W135/><G135/><T54/><D54/><U35/><E64/><V118/><F94/><W70/><G70/><AGARI ba="0,2" hai="17,18,20,27,29,40,44,50,63,65,70,75,77,82" machi="70" ten="30,2900,0" yaku="1,1,7,1,53,0" doraHai="131" doraHaiUra="91" who="0" fromWho="3" sc="225,49,235,0,220,0,300,-29" /><INIT seed="4,1,0,2,5,49" ten="274,235,220,271" oya="0" hai0="109,95,83,129,13,130,93,90,12,48,40,36,73" hai1="127,6,86,71,132,60,64,134,110,76,75,9,100" hai2="70,68,44,8,4,99,10,66,17,39,1,106,81" hai3="43,77,18,72,80,11,29,65,131,37,19,51,79"/><T111/><D36/><U5/><E110/><N who="0" m="41993" /><D40/><U120/><E120/><V61/><F68/><W57/><G131/><N who="0" m="50187" /><D48/><U50/><E127/><V46/><F81/><W35/><G37/><T135/><D135/><U74/><E100/><N who="2" m="62751" /><F46/><W0/><G43/><T133/><D133/><N who="1" m="51307" /><E6/><V102/><F102/><W23/><G51/><T62/><D62/><U124/><E124/><V47/><F17/><W59/><G19/><T125/><D125/><U67/><E67/><V104/><F8/><W91/><G65/><T32/><D32/><U105/><E105/><V113/><F44/><W52/><G35/><T82/><D73/><U92/><E50/><V25/><F25/><W30/><G72/><T34/><D34/><U2/><E60/><V85/><F61/><W123/><G18/><T122/><D122/><U41/><E41/><V94/><F66/><W115/><G123/><T89/><D12/><U103/><E64/><V38/><F70/><W31/><G59/><T87/><D13/><U42/><E71/><V97/><F47/><W15/><G57/><T101/><D101/><U121/><E42/><V54/><F39/><W88/><G15/><T58/><D58/><U22/><E121/><V119/><F38/><W69/><G69/><T98/><AGARI ba="1,0" hai="82,83,87,89,90,93,95,98" m="50187,41993" machi="98" ten="30,11700,0" yaku="10,1,19,1,34,2" doraHai="49" who="0" fromWho="0" sc="274,120,235,-40,220,-40,271,-40" /><INIT seed="4,2,0,1,1,1" ten="394,195,180,231" oya="0" hai0="22,116,9,50,129,8,89,76,81,127,47,7,87" hai1="115,105,55,77,134,69,28,100,109,58,117,79,54" hai2="91,53,19,32,41,6,111,113,29,125,118,94,59" hai3="88,14,103,31,130,84,74,15,95,114,52,43,85"/><T26/><D116/><U97/><E117/><V13/><F111/><W73/><G43/><N who="0" m="24959" /><D129/><U92/><E109/><V66/><F118/><W121/><G130/><T39/><D39/><U110/><E110/><V70/><F113/><W78/><G114/><T16/><D127/><U17/><E69/><V90/><F125/><W65/><G65/><T131/><D131/><U104/><E134/><V56/><F70/><W38/><G38/><T124/><D124/><U98/><E28/><V51/><F41/><W107/><G31/><T86/><D7/><U0/><E0/><V30/><F91/><W75/><G121/><T135/><D135/><U11/><E115/><V61/><F32/><W68/><G68/><T20/><D20/><U4/><E17/><V10/><REACH who="2" step="1"/><F19/><REACH who="2" ten="394,195,170,231" step="2"/><W99/><G52/><T27/><D89/><N who="1" m="55439" /><E55/><V83/><F83/><N who="3" m="47223" /><G15/><T42/><D42/><U33/><E54/><V3/><F3/><W71/><G14/><T60/><D81/><U132/><E33/><V108/><F108/><W120/><G71/><T35/><D35/><U82/><E82/><V128/><F128/><W36/><G36/><T102/><D16/><U112/><E112/><V57/><F57/><W80/><G120/><T44/><D44/><U24/><E58/><V63/><F63/><W25/><G25/><T62/><D60/><U133/><E24/><V126/><F126/><W64/><G64/><T45/><D62/><U119/><E119/><V49/><F49/><W23/><G23/><T34/><D34/><U46/><E133/><V48/><F48/><W40/><G40/><T122/><D122/><RYUUKYOKU ba="2,1" sc="394,-15,195,-15,170,15,231,15" hai2="6,10,13,29,30,51,53,56,59,61,66,90,94" hai3="73,74,75,80,85,88,95,99,103,107" /><INIT seed="5,3,1,4,2,39" ten="379,180,185,246" oya="1" hai0="5,78,44,117,104,49,8,23,24,133,74,53,40" hai1="43,45,127,17,42,67,29,84,50,90,61,115,59" hai2="110,91,47,3,70,124,72,16,102,10,46,111,87" hai3="101,99,36,56,80,85,98,22,52,37,41,122,63"/><U132/><E115/><V113/><F70/><W112/><G122/><T130/><D117/><U0/><E127/><V64/><F72/><W76/><G112/><T97/><D130/><U35/><E132/><V21/><F64/><W57/><G98/><T75/><D133/><U92/><E0/><V28/><F113/><W2/><G2/><T123/><D123/><U13/><E35/><V20/><F124/><W58/><G22/><T19/><D78/><U125/><E125/><V26/><F102/><W68/><G68/><T30/><D104/><U129/><E129/><V119/><F119/><W106/><REACH who="3" step="1"/><G36/><REACH who="3" ten="379,180,185,236" step="2"/><T55/><D97/><U93/><E29/><V33/><F21/><W69/><G69/><T65/><D30/><U12/><E12/><N who="2" m="9223" /><F110/><W128/><G128/><T89/><D23/><N who="1" m="11695" /><E93/><N who="2" m="54527" /><F111/><W15/><G15/><T121/><D121/><U86/><E86/><V7/><AGARI ba="3,2" hai="3,7,10,26,28,33,46,47" m="54527,9223" machi="7" ten="30,2000,0" yaku="24,1,54,1" doraHai="39" who="2" fromWho="2" sc="379,-8,180,-13,185,49,236,-8" /><INIT seed="6,0,0,3,1,31" ten="371,167,234,228" oya="2" hai0="68,65,7,99,19,80,103,82,49,0,5,93,107" hai1="129,70,25,73,23,56,48,60,85,122,123,69,9" hai2="24,92,41,61,3,86,66,32,133,88,108,98,30" hai3="77,35,111,37,131,74,128,76,40,14,116,71,63"/><V2/><F133/><W119/><G14/><T109/><D109/><U90/><E73/><V134/><F134/><W102/><G111/><T72/><D0/><U75/><E75/><V83/><F41/><W36/><G40/><T46/><D68/><U21/><E129/><N who="3" m="49738" /><G74/><T135/><D65/><U104/><E104/><V130/><F130/><W115/><G63/><T52/><D135/><U57/><E9/><V50/><F50/><W22/><G22/><N who="1" m="8202" /><E48/><V87/><F108/><W15/><G15/><T97/><D19/><U112/><E25/><V20/><F32/><W114/><G102/><T54/><D54/><U55/><E57/><V64/><F86/><W26/><G26/><T59/><D59/><U125/><E125/><V45/><F45/><W43/><G43/><T110/><D110/><U47/><E47/><V29/><F29/><W91/><G91/><T132/><D132/><U8/><E8/><V34/><F20/><W1/><G1/><T12/><D72/><U44/><E44/><V79/><F66/><W16/><G16/><T89/><D5/><U4/><E4/><V27/><F27/><W18/><G35/><T118/><D7/><U58/><E58/><AGARI ba="0,0" hai="2,3,24,30,34,58,61,64,79,83,87,88,92,98" machi="58" ten="30,5800,0" yaku="7,1,52,1,54,1" doraHai="31" who="2" fromWho="1" sc="371,0,167,-58,234,58,228,0" /><INIT seed="6,1,0,3,1,113" ten="371,109,292,228" oya="2" hai0="17,31,98,41,18,88,83,107,56,86,23,16,40" hai1="37,103,36,96,117,108,72,132,63,100,105,24,84" hai2="21,12,10,7,74,51,87,125,45,121,49,76,53" hai3="135,48,35,97,29,42,57,15,9,60,47,99,120"/><V26/><F121/><W43/><G120/><T73/><D73/><U118/><E84/><V129/><F74/><W65/><G135/><T11/><D11/><U128/><E132/><V54/><F125/><W5/><G35/><T0/><D0/><U19/><E19/><V134/><F134/><W70/><G29/><T4/><D4/><U104/><E72/><V39/><F39/><W110/><G110/><T61/><D98/><N who="1" m="61463" /><E108/><V25/><F129/><W91/><G70/><T123/><D107/><U81/><E81/><N who="2" m="47527" /><F21/><W122/><G122/><T89/><D89/><U32/><E63/><V8/><F8/><W27/><G27/><N who="0" m="16895" /><D123/><U28/><E128/><V13/><F13/><W30/><G30/><T3/><D3/><U55/><E55/><AGARI ba="1,0" hai="16,17,18,40,41,55,56,61,83,86,88" m="16895" machi="55" ten="30,3900,0" yaku="8,1,54,2" doraHai="113" who="0" fromWho="1" sc="371,42,109,-42,292,0,228,0" /><INIT seed="7,0,0,1,1,80" ten="413,67,292,228" oya="3" hai0="106,51,118,135,125,113,121,36,92,89,116,98,58" hai1="131,65,83,126,100,79,84,34,48,23,39,12,115" hai2="77,37,60,132,127,76,28,33,81,117,111,134,15" hai3="45,94,35,88,61,90,122,5,71,43,16,70,6"/><W120/><G35/><T85/><D121/><U104/><E115/><V102/><F111/><W31/><G31/><T53/><D36/><U21/><E131/><V101/><F117/><W67/><G71/><T62/><D113/><U93/><E126/><V29/><F37/><W13/><G90/><T2/><D135/><N who="2" m="51754" /><F77/><W46/><G120/><T41/><D2/><U109/><E39/><V7/><F60/><W22/><G122/><T73/><D125/><U10/><E109/><V74/><F127/><W40/><G46/><T55/><D73/><U128/><E128/><V110/><F110/><W25/><G25/><T32/><D41/><U91/><E65/><V96/><F33/><W17/><G17/><T75/><D75/><U4/><E34/><V124/><F124/><W38/><REACH who="3" step="1"/><G43/><REACH who="3" ten="413,67,292,218" step="2"/><T42/><D42/><U69/><E69/><V63/><F29/><W108/><G108/><T112/><D32/><U78/><E78/><V54/><F28/><W26/><G26/><T130/><D112/><U64/><E64/><V14/><F76/><W1/><G1/><T9/><D130/><U57/><E57/><V105/><F101/><W19/><G19/><T86/><D118/><U27/><E27/><V0/><F102/><W97/><AGARI ba="0,1" hai="5,6,13,16,22,38,40,45,61,67,70,88,94,97" machi="97" ten="20,12000,1" yaku="1,1,0,1,7,1,54,2,53,0" doraHai="80" doraHaiUra="99" who="3" fromWho="3" sc="413,-40,67,-40,292,-40,218,130" /><INIT seed="7,1,0,0,5,23" ten="373,27,252,348" oya="3" hai0="129,3,67,26,96,9,11,28,39,124,50,103,37" hai1="82,81,104,6,16,72,100,131,27,47,18,111,43" hai2="17,95,62,93,19,117,35,73,56,83,75,32,101" hai3="87,7,114,40,48,38,91,89,29,2,51,119,115"/><W31/><G119/><T80/><D124/><U15/><E104/><V45/><F117/><W84/><G7/><T123/><D123/><U68/><E68/><V112/><F112/><N who="3" m="43051" /><G38/><T66/><D129/><U58/><E72/><V99/><F45/><W102/><G102/><T0/><D80/><U44/><E111/><V113/><F113/><W54/><G40/><T134/><D134/><U106/><E106/><V105/><F105/><W130/><G130/><T1/><D50/><N who="3" m="18985" /><G54/><T118/><D118/><U63/><E131/><V127/><F127/><W110/><G110/><T122/><D122/><U55/><E100/><V120/><F120/><W52/><G52/><T135/><D135/><U65/><E55/><V42/><F42/><W79/><G79/><T20/><D39/><U108/><E108/><V53/><F95/><N who="3" m="54695" /><G2/><T132/><D37/><U70/><E70/><V77/><F73/><W86/><G86/><T60/><D132/><U41/><E6/><V10/><F10/><W88/><G91/><T34/><D34/><U8/><E43/><V49/><F49/><W13/><G13/><T57/><D67/><U90/><E41/><V92/><F92/><AGARI ba="1,0" hai="29,31,87,88,92" m="54695,18985,43051" machi="92" ten="30,2900,0" yaku="15,1,54,1" doraHai="23" who="3" fromWho="2" sc="373,0,27,0,252,-32,348,32" /><AGARI ba="1,0" hai="0,1,3,9,11,20,26,28,57,60,66,92,96,103" machi="92" ten="40,5200,0" yaku="25,2,52,1" doraHai="23" who="0" fromWho="2" sc="373,52,27,0,220,-52,380,0" /><INIT seed="7,2,0,4,3,38" ten="425,27,168,380" oya="3" hai0="95,26,9,127,81,25,86,34,65,3,118,117,108" hai1="114,29,66,31,28,69,32,77,45,35,125,17,42" hai2="14,85,100,79,27,7,121,71,75,15,134,5,129" hai3="107,63,110,113,23,41,55,8,0,60,103,20,120"/><W94/><G120/><T112/><D108/><U18/><E69/><V59/><F71/><W115/><G110/><T83/><D127/><U1/><E66/><V96/><F121/><W92/><G107/><T123/><D123/><U104/><E104/><V13/><F75/><W39/><G0/><T58/><D112/><N who="3" m="43081" /><G55/><T102/><D118/><U47/><E114/><V52/><F129/><W44/><G8/><T90/><D117/><U111/><E111/><V93/><F134/><W50/><G50/><T132/><D132/><U128/><E1/><V33/><F33/><W51/><G51/><T2/><D34/><U130/><E29/><V54/><F27/><N who="0" m="10250" /><D3/><U46/><E46/><V10/><F54/><W131/><G131/><T19/><D2/><U56/><E125/><V72/><F72/><W6/><G6/><T101/><D9/><U106/><E106/><V78/><F10/><W12/><G103/><N who="0" m="39435" /><D19/><U16/><E18/><V124/><F124/><W24/><G12/><T53/><D65/><U76/><REACH who="1" step="1"/><E56/><REACH who="1" ten="425,17,168,380" step="2"/><V40/><F59/><W36/><G36/><T82/><D82/><U99/><E99/><V116/><F96/><W109/><G109/><T133/><D133/><U11/><E11/><V74/><F116/><W70/><G70/><T30/><D30/><U64/><E64/><V62/><F5/><W97/><G97/><T84/><D84/><U57/><E57/><V98/><F85/><W43/><G43/><T49/><AGARI ba="2,1" hai="49,53,58,81,83,86,90,95" m="39435,10250" machi="49" ten="30,1100,0" yaku="8,1" doraHai="38" who="0" fromWho="0" sc="425,27,17,-5,168,-5,380,-7" owari="452,56.0,12,-49.0,163,-24.0,373,17.0" /></mjloggm>