<mjloggm ver="2.3"><GO type="169" lobby="0"/><UN n0="%E3%83%A2%E3%83%A1%E3%83%B3%E3%83%9E%E3%82%B9%E3%83%86%E3%82%A3%E3%83%95" n1="%47%E9%9B%80" n2="%E3%83%88%E3%83%88%E3%83%AA%E5%85%88%E7%94%9F%31%39%E6%AD%B3" n3="%E4%B8%AD%E5%B1%B1%E9%87%8E%E8%8D%89" dan="17,17,17,17" rate="2199.02,2172.92,2233.64,2218.02" sx="F,M,F,M"/><TAIKYOKU oya="0"/><INIT seed="0,0,0,4,0,1" ten="250,250,250,250" oya="0" hai0="79,123,103,18,6,129,25,20,95,13,24,23,90" hai1="78,84,16,113,110,118,99,21,125,70,22,131,98" hai2="11,107,130,14,62,59,55,104,87,2,36,7,15" hai3="119,86,74,12,77,82,76,91,96,41,128,75,27"/><T61/><D123/><U38/><E118/><V64/><F36/><W19/><G119/><T50/><D129/><U73/><E73/><V45/><F130/><W132/><G128/><T9/><D103/><U28/><E70/><V100/><F45/><W108/><G108/><T127/><D127/><U120/><E38/><V85/><F64/><W5/><G132/><T49/><D79/><U101/><E110/><V69/><F69/><W124/><G124/><T126/><D126/><U111/><E111/><V26/><F26/><W115/><G115/><T44/><D61/><U66/><E66/><V97/><REACH who="2" step="1"/><F104/><REACH who="2" ten="250,250,240,250" step="2"/><W29/><G41/><T32/><D32/><U65/><E65/><V72/><F72/><W39/><G39/><T58/><D58/><U43/><E43/><V135/><F135/><W3/><G74/><T133/><D133/><U122/><E125/><V35/><F35/><N who="3" m="20927" /><G75/><T134/><D134/><U17/><E131/><V71/><F71/><W105/><G105/><T60/><D44/><U94/><E113/><V57/><F57/><W67/><G67/><T89/><D60/><U52/><E120/><V54/><F54/><W53/><G53/><T42/><D42/><U37/><E52/><V30/><F30/><W121/><G121/><T10/><D50/><U109/><E37/><V56/><F56/><W117/><G117/><T51/><D49/><U93/><E109/><V4/><F4/><W40/><G40/><T63/><D51/><U83/><E122/><V106/><F106/><W81/><G5/><N who="0" m="3247" /><D63/><U33/><E33/><V68/><F68/><W31/><G31/><RYUUKYOKU ba="0,1" sc="250,-10,250,-10,240,30,250,-10" hai2="2,7,11,14,15,55,59,62,85,87,97,100,107" /><INIT seed="1,1,1,0,4,29" ten="240,240,270,240" oya="1" hai0="13,134,36,79,11,89,10,131,6,88,28,116,104" hai1="95,133,25,48,118,93,16,67,2,106,107,0,70" hai2="86,1,14,80,90,31,5,103,121,50,124,30,62" hai3="32,45,12,35,57,54,65,21,108,40,63,109,61"/><U125/><E118/><V120/><F1/><W44/><G21/><T72/><D116/><U24/><E70/><V97/><F124/><W71/><G12/><T20/><D36/><U83/><E67/><V33/><F50/><W47/><REACH who="3" step="1"/><G40/><REACH who="3" ten="240,240,270,230" step="2"/><T59/><D20/><U92/><E125/><V98/><F14/><W115/><G115/><T82/><D13/><U43/><E0/><V114/><F114/><W130/><G130/><T8/><D131/><U85/><E2/><V78/><F121/><W37/><G37/><T26/><D6/><U112/><E112/><V9/><F120/><W132/><G132/><T100/><D134/><U41/><E133/><V55/><F5/><W60/><G60/><T111/><D111/><AGARI ba="1,2" hai="32,35,44,45,47,54,57,61,63,65,71,108,109,111" machi="111" ten="40,8000,1" yaku="1,1,14,1,52,2,53,0" doraHai="29" doraHaiUra="135" who="3" fromWho="0" sc="240,-83,240,0,270,0,230,103" /><INIT seed="2,0,0,2,4,65" ten="157,240,270,333" oya="2" hai0="30,83,6,3,50,15,135,132,18,58,27,121,104" hai1="21,93,41,46,77,94,97,74,105,53,19,96,112" hai2="47,103,49,128,32,117,113,126,89,98,35,130,56" hai3="29,13,54,48,131,1,73,80,70,52,79,84,64"/><V8/><F113/><W42/><G1/><T7/><D121/><U38/><E112/><V24/><F117/><W129/><G29/><T127/><D104/><U75/><E105/><V40/><F126/><W95/><G13/><T2/><D83/><U22/><E53/><V67/><F89/><N who="3" m="53671" /><G42/><T99/><D99/><U61/><E77/><V34/><F8/><W134/><G134/><N who="0" m="51243" /><D58/><U23/><E19/><V68/><F56/><W16/><G16/><T125/><D50/><U123/><E123/><V106/><REACH who="2" step="1"/><F24/><REACH who="2" ten="157,240,260,333" step="2"/><W25/><G25/><T124/><D2/><U85/><E96/><V4/><F4/><W31/><G31/><T72/><D3/><U110/><E97/><V37/><F37/><W55/><G48/><T71/><D71/><U51/><E38/><V86/><F86/><W36/><G36/><T108/><D72/><U91/><E74/><V5/><F5/><W111/><G70/><T92/><D108/><U20/><E75/><V14/><F14/><W101/><G111/><T33/><D92/><U76/><E94/><V114/><F114/><W102/><G102/><T57/><D57/><U11/><E110/><V120/><F120/><W66/><G101/><T44/><D44/><U28/><E46/><V100/><F100/><W59/><G59/><T81/><D81/><U119/><E119/><V116/><F116/><W9/><G9/><AGARI ba="0,1" hai="6,7,9,15,18,27,30,33,124,125,127" m="51243" machi="9" ten="40,8000,1" yaku="18,1,20,1,34,2" doraHai="65" who="0" fromWho="3" sc="157,90,240,0,260,0,333,-80" /><INIT seed="3,0,0,0,4,134" ten="247,240,260,253" oya="3" hai0="104,96,110,109,98,111,100,6,95,1,14,0,41" hai1="105,30,124,21,5,36,11,12,45,83,80,132,101" hai2="52,84,93,19,47,73,17,114,49,66,7,8,65" hai3="50,25,72,48,27,26,91,33,77,119,112,58,13"/><W16/><G119/><T4/><D41/><U94/><E105/><V34/><F73/><W107/><G107/><T81/><D81/><U3/><E132/><V37/><F34/><W90/><G112/><T127/><D127/><U99/><E124/><V126/><F114/><W38/><G38/><T115/><D115/><U2/><E2/><N who="0" m="1129" /><D14/><U18/><E36/><V55/><F126/><W102/><G102/><AGARI ba="0,0" hai="4,6,95,96,98,100,102,104,109,110,111" m="1129" machi="102" ten="40,1300,0" yaku="14,1" doraHai="134" who="0" fromWho="3" sc="247,13,240,0,260,0,253,-13" /><INIT seed="4,0,0,2,3,128" ten="260,240,260,240" oya="0" hai0="30,99,85,113,81,27,112,121,68,0,130,17,39" hai1="110,76,7,15,24,120,103,59,52,122,126,40,84" hai2="65,9,124,125,23,14,33,69,25,48,20,109,1" hai3="36,16,123,12,58,97,47,72,53,38,70,74,26"/><T134/><D121/><U133/><E40/><V106/><F109/><W11/><G70/><T42/><D130/><U131/><E110/><V57/><F106/><W101/><G123/><T2/><D68/><U105/><E131/><V62/><F1/><W5/><G72/><T88/><D17/><U82/><E126/><N who="2" m="48747" /><F33/><W79/><G74/><T92/><D134/><U93/><E105/><V56/><F48/><W32/><G79/><N who="0" m="46271" /><D42/><U94/><E133/><V34/><F34/><W91/><G91/><T6/><D6/><U49/><E24/><V37/><F37/><W100/><G100/><T67/><D67/><U89/><E103/><V114/><F114/><N who="0" m="44138" /><D39/><U86/><E120/><V21/><F25/><W75/><G75/><T18/><D18/><AGARI ba="0,0" hai="9,14,18,20,21,23,56,57,62,65,69" m="48747" machi="18" ten="30,1000,0" yaku="18,1" doraHai="128" who="2" fromWho="0" sc="260,-10,240,0,260,10,240,0" /><INIT seed="5,0,0,0,2,28" ten="250,240,270,240" oya="1" hai0="91,16,106,96,39,17,107,131,70,72,29,71,105" hai1="33,38,45,25,101,92,109,117,89,49,103,36,57" hai2="133,35,132,76,79,15,9,100,102,32,50,26,48" hai3="42,47,135,34,116,67,128,13,20,94,111,61,74"/><U1/><E1/><V129/><F26/><W90/><G111/><T78/><D39/><U52/><E117/><V121/><F129/><W30/><G74/><T54/><D131/><U108/><E38/><V37/><F37/><W43/><G128/><T60/><D72/><U113/><E113/><V124/><F124/><W86/><G116/><T7/><D78/><N who="2" m="29738" /><F121/><W59/><G135/><N who="2" m="51785" /><F50/><W31/><G34/><N who="2" m="12841" /><F48/><N who="3" m="26743" /><G43/><T115/><D29/><N who="1" m="19631" /><E45/><V14/><F14/><W84/><G84/><T27/><D27/><U104/><E36/><V66/><F66/><W125/><G125/><T44/><D44/><U55/><E55/><V95/><F95/><W0/><G0/><T123/><D123/><U63/><E49/><V81/><F81/><W130/><G130/><T77/><D106/><U18/><E104/><V11/><F11/><W69/><G69/><T56/><D71/><U83/><E83/><V75/><F75/><W21/><G21/><T110/><D70/><U24/><E24/><V114/><F114/><W119/><G119/><T134/><D115/><U120/><E120/><V4/><AGARI ba="0,0" hai="4,9,15,100,102" m="12841,51785,29738" machi="4" ten="40,8000,1" yaku="20,1,52,3" doraHai="28" who="2" fromWho="2" sc="250,-20,240,-40,270,80,240,-20" /><INIT seed="6,0,0,5,5,59" ten="230,200,350,220" oya="2" hai0="92,32,49,112,106,90,69,22,85,95,67,53,1" hai1="68,31,55,126,23,128,15,42,103,16,61,35,60" hai2="102,109,83,93,29,40,87,46,99,12,21,5,121" hai3="58,36,100,7,48,74,4,73,113,78,71,0,104"/><V125/><F121/><W39/><G71/><T132/><D32/><U38/><E103/><V86/><F125/><W27/><G27/><T130/><D106/><U84/><E126/><V30/><F109/><W94/><G104/><T11/><D112/><U131/><E68/><V80/><F87/><W28/><G28/><T33/><D33/><U107/><E107/><V47/><F83/><N who="3" m="45519" /><G74/><T14/><D132/><U54/><E42/><V91/><F46/><W17/><G17/><T19/><D130/><N who="1" m="49707" /><E38/><N who="3" m="14378" /><G0/><T117/><D117/><U43/><E43/><V51/><REACH who="2" step="1"/><F21/><REACH who="2" ten="230,200,340,220" step="2"/><W41/><G113/><T70/><D22/><U97/><E84/><V26/><F26/><W65/><G41/><T10/><D85/><U75/><E75/><V25/><F25/><W116/><G116/><T120/><D120/><U135/><E97/><V77/><F77/><W129/><G129/><T57/><D11/><AGARI ba="0,1" hai="5,11,12,29,30,40,47,51,80,86,91,93,99,102" machi="11" ten="40,3900,0" yaku="1,1,8,1,53,0" doraHai="59" doraHaiUra="72" who="2" fromWho="0" sc="230,-39,200,0,340,49,220,0" /><INIT seed="6,1,0,5,0,107" ten="191,200,389,220" oya="2" hai0="54,105,42,132,80,31,26,24,95,40,53,38,58" hai1="2,102,84,78,82,104,3,41,117,92,124,48,119" hai2="109,18,33,66,87,93,4,81,73,5,29,16,8" hai3="123,113,20,13,52,112,63,15,14,133,90,32,68"/><V134/><F73/><W74/><G32/><T86/><D105/><U65/><E65/><V127/><F134/><W131/><G123/><T7/><D132/><U60/><E60/><V56/><F127/><W122/><G122/><T55/><D58/><U88/><E124/><V75/><F75/><W76/><G133/><T100/><D7/><U120/><E120/><V126/><F109/><W130/><G90/><N who="0" m="51527" /><D38/><U101/><E2/><V23/><F33/><W11/><G11/><T103/><D31/><U98/><E3/><V37/><F37/><W17/><G76/><T9/><D9/><U50/><E102/><N who="0" m="38953" /><D95/><U70/><E70/><V10/><F93/><W43/><G43/><AGARI ba="1,0" hai="24,26,40,42,43,53,54,55" m="38953,51527" machi="43" ten="30,1000,0" yaku="8,1" doraHai="107" who="0" fromWho="3" sc="191,13,200,0,389,0,220,-13" /><INIT seed="7,0,0,0,5,84" ten="204,200,389,207" oya="3" hai0="80,113,128,91,90,44,77,76,66,107,69,86,6" hai1="135,97,116,62,13,99,82,48,67,35,7,74,34" hai2="14,112,9,36,17,22,96,4,63,104,33,127,88" hai3="56,5,105,60,50,46,72,18,21,30,45,126,130"/><W92/><G72/><T102/><D6/><U103/><E116/><V85/><F36/><W101/><G105/><T51/><D128/><U27/><E48/><V61/><F33/><W41/><G126/><T37/><D37/><U28/><E135/><V121/><F127/><W49/><G130/><T65/><D113/><U78/><E35/><V120/><F112/><W75/><G75/><T53/><D69/><U132/><E132/><V83/><F96/><N who="3" m="59527" /><G5/><T64/><D107/><U52/><E52/><V119/><F104/><W94/><G94/><N who="0" m="54615" /><D102/><U109/><E109/><V24/><F119/><W110/><G110/><T118/><D118/><U11/><E103/><V55/><F55/><N who="3" m="33823" /><G30/><T95/><D80/><U68/><AGARI ba="0,0" hai="7,11,13,27,28,34,62,67,68,74,78,82,97,99" machi="68" ten="20,1500,0" yaku="0,1,7,1" doraHai="84" who="1" fromWho="1" sc="204,-4,200,15,389,-4,207,-7" owari="200,-20.0,215,2.0,385,48.0,200,-30.0" /></mjloggm>