<mjloggm ver="2.3"><GO type="169" lobby="0"/><UN n0="%E3%82%A6%E3%83%AB%E3%83%88%E3%83%A9%E7%AB%8B%E7%9B%B4" n1="%E3%83%AD%E3%83%B3%E3%82%88%E3%82%8A%E8%A8%BC%E6%8B%A0" n2="%E7%A5%9E%E9%A2%A8%E3%81%A6%E3%81%83%E3%81%A3%E3%81%97%E3%82%85" n3="%E5%90%89%E5%B2%A1%E8%81%96%E6%81%B5" dan="18,17,16,17" rate="2214.14,2216.38,2162.24,2140.86" sx="M,M,M,F"/><TAIKYOKU oya="0"/><INIT seed="0,0,0,5,3,99" ten="250,250,250,250" oya="0" hai0="63,85,32,16,40,22,29,14,11,58,55,96,50" hai1="61,31,128,28,66,76,56,72,118,120,86,81,9" hai2="62,42,48,12,20,6,88,90,98,109,64,68,57" hai3="3,18,65,49,105,54,92,80,69,2,39,25,126"/><T91/><D32/><U107/><E118/><V104/><F109/><W71/><G105/><T21/><D96/><U17/><E120/><V45/><F68/><W7/><G39/><T119/><D119/><U46/><E128/><V10/><F104/><W125/><G80/><T77/><D77/><U116/><E116/><V82/><F82/><W35/><G65/><T19/><D29/><U1/><E107/><V124/><F124/><W102/><G7/><T122/><D122/><U5/><E17/><V47/><F98/><N who="3" m="59719" /><G18/><T44/><REACH who="0" step="1"/><D19/><REACH who="0" ten="240,250,250,250" step="2"/><U95/><E31/><V73/><F73/><W133/><G35/><T129/><D129/><U8/><E28/><V123/><F123/><W114/><G126/><T94/><AGARI ba="0,1" hai="11,14,16,21,22,40,44,50,55,58,63,85,91,94" machi="94" ten="20,12000,1" yaku="1,1,0,1,7,1,8,1,54,1,53,0" doraHai="99" doraHaiUra="74" who="0" fromWho="0" sc="240,130,250,-40,250,-40,250,-40" /><INIT seed="0,1,0,4,3,47" ten="370,210,210,210" oya="0" hai0="100,135,126,45,105,49,6,15,81,58,56,112,7" hai1="91,102,103,4,82,119,8,70,78,13,30,133,76" hai2="97,27,130,122,12,50,88,86,96,17,65,48,23" hai3="61,113,59,108,104,79,111,42,60,129,90,53,20"/><T128/><D112/><U43/><E119/><V107/><F122/><W73/><G113/><T124/><D128/><U55/><E70/><V118/><F130/><W41/><G129/><T24/><D135/><U114/><E114/><V64/><F107/><W69/><G104/><T22/><D81/><U116/><E116/><V11/><F118/><W63/><G20/><T25/><D100/><U77/><E133/><V62/><F96/><W74/><G90/><T44/><D105/><U84/><E43/><N who="3" m="16394" /><G79/><T98/><D98/><U39/><E39/><V36/><F36/><W33/><G33/><T127/><D15/><U125/><E125/><V110/><F110/><N who="3" m="42027" /><G74/><T106/><D106/><U117/><E117/><V35/><F97/><W72/><G72/><T132/><D132/><U19/><E30/><V68/><F35/><W54/><G73/><T40/><D45/><U94/><E94/><V83/><F65/><N who="3" m="41151" /><G53/><T99/><D99/><U14/><E55/><V89/><F89/><W121/><G121/><T115/><D115/><U0/><E0/><V1/><F1/><W38/><G38/><T32/><D32/><U123/><E123/><V2/><F2/><W93/><G93/><T3/><D25/><U52/><E52/><V10/><F10/><AGARI ba="1,0" hai="4,8,10,13,14,19,76,77,78,82,84,91,102,103" machi="10" ten="40,1300,0" yaku="8,1" doraHai="47" who="1" fromWho="2" sc="370,0,210,16,210,-16,210,0" /><INIT seed="1,0,0,1,4,0" ten="370,226,194,210" oya="1" hai0="66,49,11,104,59,28,32,80,39,72,46,81,22" hai1="13,115,77,50,24,60,9,34,30,27,86,41,26" hai2="97,68,123,88,3,7,134,70,82,73,108,87,21" hai3="40,93,38,121,33,107,64,120,71,23,61,10,54"/><U18/><E115/><V119/><F119/><W85/><G33/><T43/><D32/><U83/><E60/><V63/><F123/><W16/><G107/><T112/><D104/><U15/><E15/><V111/><F73/><W8/><G38/><T109/><D112/><U98/><E98/><V117/><F117/><W14/><G40/><T125/><D109/><N who="2" m="42058" /><F134/><W6/><G54/><T114/><D114/><U110/><E110/><V106/><F21/><W76/><G10/><T17/><D72/><U89/><E89/><V36/><F36/><W69/><G69/><T31/><D39/><U132/><E132/><V126/><F126/><W130/><G130/><T5/><D125/><U45/><AGARI ba="0,0" hai="9,13,18,24,26,27,30,34,41,45,50,77,83,86" machi="45" ten="30,1500,0" yaku="0,1" doraHai="0" who="1" fromWho="1" sc="370,-5,226,15,194,-5,210,-5" /><INIT seed="1,1,0,4,5,5" ten="365,241,189,205" oya="1" hai0="59,122,34,41,36,15,23,49,55,110,8,96,92" hai1="43,18,117,3,35,94,129,29,120,135,101,100,75" hai2="10,13,39,79,46,72,68,99,11,0,108,82,124" hai3="58,61,26,38,14,93,52,7,50,130,51,9,112"/><U30/><E117/><V65/><F108/><W125/><G112/><T83/><D34/><U118/><E118/><V91/><F124/><W116/><G116/><T27/><D110/><U69/><E120/><V105/><F68/><W64/><G38/><T86/><D122/><U114/><E114/><V17/><F65/><W89/><G125/><T6/><D36/><U48/><E69/><V95/><F105/><W131/><G26/><T67/><D41/><U102/><E75/><V106/><F106/><W127/><G127/><T71/><D67/><U56/><E3/><V109/><F109/><W123/><G123/><T40/><D40/><U16/><E129/><N who="3" m="49162" /><G64/><T45/><D59/><U87/><E135/><V119/><F119/><W74/><G74/><T42/><D55/><U2/><E2/><V76/><F0/><W32/><G32/><T78/><D71/><U98/><E87/><AGARI ba="1,0" hai="7,9,14,50,51,52,58,61,87,89,93" m="49162" machi="87" ten="30,3900,0" yaku="19,1,52,1,54,1" doraHai="5" who="3" fromWho="1" sc="365,0,241,-42,189,0,205,42" /><INIT seed="2,0,0,0,4,19" ten="365,199,189,247" oya="2" hai0="100,122,52,48,117,114,96,63,45,129,11,44,54" hai1="131,120,21,103,88,104,0,133,46,7,98,125,91" hai2="77,26,86,6,82,74,132,50,38,105,79,75,113" hai3="84,76,127,5,107,73,111,34,97,134,89,43,135"/><V115/><F38/><W32/><G111/><T116/><D122/><U85/><E125/><V126/><F6/><W60/><G5/><T12/><D114/><N who="2" m="43530" /><F50/><W110/><G110/><T36/><D129/><U93/><E131/><V51/><F51/><W59/><G127/><T1/><D1/><U92/><E133/><V28/><F28/><W99/><G43/><T39/><D63/><U49/><E120/><V58/><F58/><W29/><G76/><N who="2" m="29257" /><F26/><W17/><G17/><N who="0" m="8351" /><D54/><U62/><E62/><V102/><F126/><W123/><G29/><T15/><D15/><U67/><E67/><V109/><F109/><W30/><G30/><T33/><D45/><U81/><E7/><V2/><F2/><W80/><G32/><T69/><D69/><U90/><E0/><V14/><F14/><W20/><G34/><T24/><D24/><U27/><E104/><V41/><F41/><W94/><G107/><N who="0" m="63879" /><D33/><U16/><E93/><V57/><F57/><W70/><G70/><T13/><D13/><U23/><E23/><V18/><F18/><W31/><G59/><T78/><D36/><U71/><E71/><V65/><F65/><W121/><G60/><T61/><D61/><U55/><AGARI ba="0,0" hai="16,21,27,46,49,55,81,85,88,90,91,92,98,103" machi="55" ten="20,12000,2" yaku="0,1,7,1,8,1,52,1,54,2" doraHai="19" who="1" fromWho="1" sc="365,-30,199,120,189,-60,247,-30" /><INIT seed="3,0,0,4,3,15" ten="335,319,129,217" oya="3" hai0="105,101,19,16,44,0,38,37,82,79,87,4,58" hai1="122,56,7,88,73,52,71,127,124,39,123,1,121" hai2="115,41,5,130,27,25,43,72,110,103,119,113,13" hai3="80,36,77,78,22,89,26,6,92,31,91,111,134"/><W100/><G36/><T102/><D105/><U97/><E73/><V20/><F119/><W132/><G6/><T133/><D38/><U60/><E39/><V69/><F69/><W84/><G111/><T114/><D0/><U66/><E7/><V104/><F72/><W75/><G100/><N who="0" m="38507" /><D37/><U49/><REACH who="1" step="1"/><E1/><REACH who="1" ten="335,309,129,217" step="2"/><V112/><F5/><W45/><G75/><T59/><D4/><U129/><E129/><V32/><F130/><W65/><G134/><T10/><D133/><U23/><E23/><V9/><F20/><W64/><G132/><T98/><D114/><U131/><E131/><V61/><F112/><W55/><G64/><T68/><D10/><U3/><E3/><V28/><F113/><W18/><G65/><T34/><D34/><U106/><E106/><V40/><F115/><W93/><G93/><AGARI ba="0,1" hai="49,52,56,60,66,71,88,93,97,121,122,123,124,127" machi="93" ten="50,6400,0" yaku="1,1,54,2,53,0" doraHai="15" doraHaiUra="24" who="1" fromWho="3" sc="335,0,309,74,129,0,217,-64" /><INIT seed="4,0,0,2,0,22" ten="335,383,129,153" oya="0" hai0="70,111,72,6,126,80,25,12,112,94,13,57,133" hai1="39,91,74,69,34,28,47,79,62,90,48,36,116" hai2="76,60,3,124,55,40,135,11,51,78,107,4,114" hai3="127,102,122,20,86,68,17,104,37,64,16,77,106"/><T66/><D112/><U26/><E116/><V52/><F107/><W130/><G37/><T53/><D126/><U85/><E74/><V18/><F124/><W38/><G38/><T96/><D133/><U1/><E1/><V73/><F135/><W98/><G127/><T115/><D115/><U41/><E79/><V46/><F114/><W110/><G110/><T132/><D132/><U56/><E69/><V121/><F121/><W19/><G106/><T29/><D111/><U75/><E75/><V43/><F73/><W81/><G130/><T105/><D72/><U35/><E35/><V120/><F120/><W71/><G122/><T15/><D80/><U84/><E84/><V30/><F18/><W117/><G117/><T131/><D131/><U65/><REACH who="1" step="1"/><E91/><REACH who="1" ten="335,373,129,153" step="2"/><V134/><F134/><W82/><G71/><T27/><D70/><U113/><E113/><V9/><F78/><W128/><G128/><T125/><D125/><U50/><E50/><V7/><F76/><W109/><G109/><T59/><D96/><U119/><E119/><V88/><F88/><W54/><G86/><T89/><D89/><U101/><E101/><V129/><F129/><W10/><G77/><T0/><D0/><U61/><E61/><V100/><F100/><W21/><G102/><T33/><D33/><U118/><E118/><V83/><F60/><W5/><G68/><T103/><D103/><U95/><AGARI ba="0,1" hai="26,28,34,36,39,41,47,48,56,62,65,85,90,95" machi="95" ten="20,8000,1" yaku="1,1,0,1,7,1,52,1,53,1" doraHai="22" doraHaiUra="42" who="1" fromWho="1" sc="335,-40,373,90,129,-20,153,-20" /><INIT seed="5,0,0,2,2,112" ten="295,463,109,133" oya="1" hai0="124,114,121,20,89,42,129,76,99,132,96,90,118" hai1="133,72,105,117,63,81,47,85,123,97,103,40,36" hai2="10,65,73,83,100,78,70,52,49,93,39,1,61" hai3="68,11,29,101,134,110,75,26,38,74,127,37,34"/><U12/><E123/><V82/><F39/><N who="3" m="14859" /><G110/><T0/><D42/><U22/><E133/><V25/><F82/><W51/><G51/><T18/><D20/><U14/><E72/><N who="3" m="27690" /><G101/><T66/><D66/><U21/><E117/><V31/><F100/><W116/><G11/><T104/><D18/><U41/><E41/><V86/><F1/><W69/><G134/><T79/><D0/><U88/><E63/><V2/><F2/><W9/><G9/><T119/><D132/><U135/><E135/><V17/><F10/><W4/><G4/><T109/><D109/><U45/><E45/><V71/><F71/><N who="3" m="27211" /><G127/><T126/><D121/><U106/><E106/><V35/><F17/><W120/><G120/><T113/><D104/><U55/><E55/><V24/><F24/><W50/><G50/><T64/><D64/><U44/><E44/><V98/><F73/><W111/><G111/><T46/><D46/><U67/><E67/><V128/><F93/><W53/><G53/><T7/><D7/><U33/><E22/><V102/><F102/><W107/><G107/><T5/><D5/><U84/><E84/><V6/><F6/><W60/><G60/><T59/><D59/><U130/><E21/><V94/><F52/><W108/><G108/><T23/><D23/><U56/><E56/><V28/><F49/><W92/><G92/><T91/><D91/><U16/><E16/><V87/><F87/><W13/><G13/><T122/><D122/><U43/><E14/><V32/><F94/><W95/><G95/><T48/><D48/><U80/><E12/><V77/><F86/><RYUUKYOKU ba="0,0" sc="295,15,463,-15,109,-15,133,15" hai0="76,79,89,90,96,99,113,114,118,119,124,126,129" hai3="26,29,34,116" /><INIT seed="6,1,0,1,5,64" ten="310,448,94,148" oya="2" hai0="125,116,23,109,74,98,8,52,34,72,27,134,89" hai1="70,51,10,56,131,53,133,59,129,135,130,46,37" hai2="44,11,22,40,55,49,128,88,6,77,96,120,17" hai3="62,122,75,63,115,84,13,101,12,126,36,35,83"/><V14/><F128/><W20/><G122/><T82/><D109/><U90/><E90/><V21/><F120/><W69/><G35/><T33/><D8/><U95/><E95/><V25/><F77/><W24/><G36/><T107/><D52/><U48/><E10/><V110/><F110/><W94/><G126/><T86/><D74/><U30/><E30/><V85/><F40/><W39/><G39/><T43/><D43/><N who="1" m="22895" /><E70/><V92/><REACH who="2" step="1"/><F22/><REACH who="2" ten="310,448,84,148" step="2"/><W108/><G108/><T42/><D42/><U16/><E133/><V1/><F1/><W15/><G75/><T93/><D134/><U45/><E135/><V114/><F114/><W99/><G115/><T41/><D41/><U103/><E131/><V28/><F28/><N who="3" m="17415" /><G69/><T124/><D33/><U18/><E130/><V65/><F65/><W68/><G68/><T112/><D34/><U66/><E66/><V0/><F0/><W29/><G29/><T4/><D112/><U132/><E132/><V87/><AGARI ba="1,1" hai="6,11,14,17,21,25,44,49,55,85,87,88,92,96" machi="87" ten="30,11700,0" yaku="1,1,0,1,8,1,54,1,53,0" doraHai="64" doraHaiUra="113" who="2" fromWho="2" sc="310,-40,448,-40,84,130,148,-40" /><INIT seed="6,2,0,0,2,68" ten="270,408,214,108" oya="2" hai0="85,74,118,4,57,21,103,76,60,104,87,132,10" hai1="55,119,27,3,117,124,33,42,13,131,80,130,65" hai2="110,17,100,105,133,92,63,47,102,88,38,6,58" hai3="83,73,23,50,97,61,49,120,24,129,121,115,53"/><V54/><F133/><W20/><G129/><T84/><D132/><U46/><E3/><V35/><F105/><W18/><G115/><T56/><D118/><U64/><E55/><V134/><F134/><W30/><G61/><T22/><D74/><U28/><E124/><V0/><F35/><W26/><G49/><T95/><D104/><U25/><E25/><V101/><F110/><W135/><G135/><T96/><D76/><U7/><E80/><V71/><F71/><W112/><G112/><T44/><D44/><U126/><E126/><V70/><F70/><W31/><G18/><T116/><D116/><U41/><E41/><V14/><F6/><W86/><G97/><T111/><D111/><U34/><E34/><V36/><F0/><W45/><REACH who="3" step="1"/><G73/><REACH who="3" ten="270,408,214,98" step="2"/><T82/><D60/><U8/><E119/><V125/><F125/><W12/><G12/><T81/><D96/><U128/><E117/><V122/><F122/><W99/><G99/><T72/><D72/><U89/><E131/><V127/><F127/><W69/><G69/><T48/><D48/><U37/><E130/><V51/><F17/><W5/><G5/><T75/><D75/><U19/><E19/><V77/><F14/><W109/><G109/><T91/><D4/><U40/><E128/><V52/><REACH who="2" step="1"/><F77/><AGARI ba="2,1" hai="20,23,24,26,30,31,45,50,53,77,83,86,120,121" machi="77" ten="30,3900,0" yaku="1,1,7,1,9,1,53,0" doraHai="68" doraHaiUra="62" who="3" fromWho="2" sc="270,0,408,0,214,-45,98,55" /><INIT seed="7,0,0,4,1,39" ten="270,408,169,153" oya="3" hai0="95,135,25,1,57,87,116,88,27,105,107,16,99" hai1="80,94,70,26,62,59,117,86,93,31,8,96,106" hai2="42,133,52,21,131,73,7,4,36,79,29,71,115" hai3="41,63,0,75,69,77,111,112,126,101,30,15,120"/><W98/><G0/><T24/><D1/><U124/><E70/><V97/><F71/><W91/><G120/><T132/><D116/><U103/><E124/><V125/><F79/><W110/><G126/><T35/><D35/><U13/><E117/><V19/><F73/><W22/><G112/><T11/><D57/><U129/><E129/><V118/><F118/><W40/><G91/><T108/><D108/><N who="3" m="41513" /><G69/><T78/><D78/><U34/><E86/><V130/><F125/><W72/><G63/><T23/><D11/><U84/><E84/><V45/><F115/><W2/><G2/><T3/><D3/><U119/><E80/><V74/><F133/><N who="0" m="51274" /><D87/><U109/><E109/><V43/><F130/><W134/><G134/><T12/><AGARI ba="0,0" hai="12,16,23,24,25,27,88,95,99,105,107" m="51274" machi="12" ten="30,4000,0" yaku="20,1,54,2" doraHai="39" who="0" fromWho="0" sc="270,40,408,-10,169,-10,153,-20" owari="310,11.0,398,50.0,159,-24.0,133,-37.0" /></mjloggm>