<mjloggm ver="2.3"><GO type="169" lobby="0"/><UN n0="%E3%80%90%E6%B8%9A%E6%A5%93%E3%80%91" n1="%E3%83%A1%E3%82%BF%E3%83%9C%E3%83%9A%E3%83%B3%E3%82%AE%E3%83%B3" n2="%E5%B0%B1%E6%B4%BB%E7%94%9F%40%E5%B7%9D%E6%9D%91%E8%BB%8D%E5%9B%A3" n3="%E3%81%97%E3%82%85%E3%81%86%E3%83%BC%E3%80%82" dan="17,16,18,19" rate="2176.30,2045.79,2275.41,2232.28" sx="M,M,M,M"/><TAIKYOKU oya="0"/><INIT seed="0,0,0,3,0,105" ten="250,250,250,250" oya="0" hai0="60,131,113,72,100,66,61,47,114,133,41,20,45" hai1="50,27,40,62,106,94,37,26,46,29,43,83,67" hai2="34,104,76,44,117,132,5,102,99,42,17,130,86" hai3="110,127,69,16,107,79,135,31,116,18,84,6,1"/><T80/><D100/><U77/><E106/><V25/><F130/><W2/><G116/><T85/><D131/><U56/><E94/><V92/><F132/><W74/><G107/><T53/><D133/><U70/><E40/><V64/><F64/><W11/><G135/><T98/><D98/><U49/><E49/><V9/><F117/><W28/><G127/><T125/><D125/><U101/><E101/><V97/><F34/><W118/><G118/><T126/><D126/><U108/><E29/><V120/><F120/><W36/><G36/><T59/><D20/><U134/><E108/><V128/><F128/><W3/><G69/><T30/><D30/><U15/><E15/><V8/><F25/><W112/><G112/><T93/><D93/><U55/><REACH who="1" step="1"/><E134/><REACH who="1" ten="250,240,250,250" step="2"/><V75/><F99/><W119/><G119/><T89/><D113/><U95/><E95/><V68/><F92/><W123/><G110/><T103/><D103/><U63/><E63/><V65/><F97/><W73/><G123/><T111/><D111/><U23/><E23/><V90/><F42/><W38/><G38/><T51/><D114/><U122/><E122/><V19/><F102/><W87/><G1/><T32/><D32/><U91/><E91/><V58/><F90/><W96/><G96/><T22/><D22/><U81/><E81/><V54/><F104/><W0/><G0/><T7/><D61/><U129/><E129/><V48/><F48/><W39/><G39/><T121/><D121/><U124/><E124/><V52/><F9/><W4/><G11/><T12/><D12/><U10/><E10/><RYUUKYOKU ba="0,1" sc="250,-15,240,15,250,-15,250,15" hai1="26,27,37,43,46,50,55,56,62,67,70,77,83" hai3="2,3,4,6,16,18,28,31,73,74,79,84,87" /><INIT seed="1,1,1,0,4,95" ten="235,255,235,265" oya="1" hai0="96,70,120,87,112,114,17,31,56,125,28,121,127" hai1="23,80,44,82,37,100,119,21,32,15,58,6,102" hai2="85,97,59,90,25,39,88,69,99,133,66,122,27" hai3="73,129,12,22,26,36,33,9,20,111,0,117,76"/><U19/><E119/><V86/><F69/><W104/><G36/><T67/><D87/><U106/><E32/><V61/><F39/><W50/><G117/><T11/><D70/><U118/><E118/><V3/><F3/><W124/><G73/><T54/><D67/><U30/><E6/><V77/><F77/><W45/><G76/><T29/><D96/><N who="2" m="36938" /><F133/><W68/><G104/><T53/><D17/><U84/><E106/><V41/><F41/><W65/><G0/><T10/><D56/><U42/><E58/><V134/><F134/><W135/><G135/><T38/><D38/><U116/><E116/><V43/><F43/><W92/><G33/><T75/><REACH who="0" step="1"/><D31/><REACH who="0" ten="225,255,235,265" step="2"/><U64/><E64/><V14/><F122/><W109/><G65/><T79/><D79/><U105/><E37/><V103/><F103/><W89/><G68/><T60/><D60/><U72/><E100/><V7/><F86/><W93/><G111/><T48/><D48/><U81/><E102/><V108/><F108/><W107/><G50/><T83/><D83/><U57/><E72/><AGARI ba="1,2" hai="10,11,28,29,53,54,72,75,112,114,120,121,125,127" machi="72" ten="25,8000,1" yaku="1,1,22,2,53,2" doraHai="95" doraHaiUra="5" who="0" fromWho="1" sc="225,103,255,-83,235,0,265,0" /><INIT seed="2,0,0,2,5,54" ten="328,172,235,265" oya="2" hai0="45,93,20,10,111,109,42,60,102,4,68,0,122" hai1="107,117,104,98,18,115,86,51,33,74,83,101,48" hai2="81,110,7,32,49,43,46,35,130,82,36,95,67" hai3="29,106,132,56,22,92,118,66,99,69,47,17,9"/><V121/><F121/><W34/><G118/><T119/><D119/><U6/><E117/><V135/><F130/><W30/><G132/><T128/><D128/><U40/><E33/><V31/><F135/><W77/><G106/><T63/><D122/><U15/><E6/><V50/><F7/><W133/><G69/><T53/><D68/><U91/><E115/><V44/><F110/><W21/><G34/><T58/><D60/><U80/><E107/><V1/><F1/><W61/><G133/><T71/><D71/><U72/><E72/><V127/><F127/><W116/><G116/><T97/><REACH who="0" step="1"/><D20/><REACH who="0" ten="318,172,235,265" step="2"/><U76/><E40/><V64/><F43/><W125/><G22/><AGARI ba="0,1" hai="15,18,22,48,51,74,76,80,83,86,91,98,101,104" machi="22" ten="30,1000,0" yaku="7,1" doraHai="54" who="1" fromWho="3" sc="318,0,172,20,235,0,265,-10" /><INIT seed="3,0,0,0,2,31" ten="318,192,235,255" oya="3" hai0="127,65,48,79,19,125,94,29,132,100,95,84,105" hai1="58,55,43,91,133,33,107,12,10,93,44,54,46" hai2="67,122,57,49,110,119,68,124,101,71,73,83,18" hai3="108,51,80,32,81,38,35,37,50,102,89,17,62"/><W26/><G62/><T109/><D19/><U106/><E44/><V78/><F119/><W85/><G102/><T88/><D65/><U112/><E112/><V14/><F124/><N who="0" m="47690" /><D29/><U60/><E55/><V59/><F110/><W70/><G70/><T126/><D48/><N who="3" m="18473" /><G89/><T111/><D132/><U41/><E33/><N who="3" m="12874" /><G85/><T52/><D52/><U21/><E21/><V115/><F101/><W120/><G17/><T3/><D126/><U103/><E133/><V86/><F86/><W0/><G26/><T56/><D56/><U34/><E34/><V121/><F115/><W1/><G120/><N who="2" m="46185" /><F49/><W118/><G118/><T22/><D100/><U8/><E103/><V77/><F77/><W131/><G108/><T24/><D79/><U82/><E106/><V99/><F99/><W129/><G81/><T69/><D69/><N who="2" m="26698" /><F67/><W135/><G80/><T42/><D105/><U20/><E107/><V117/><F117/><W90/><G90/><T123/><D123/><U87/><E82/><V40/><F40/><W39/><G135/><T27/><D42/><U11/><E46/><V36/><F83/><W9/><G9/><T47/><D84/><U5/><E5/><V6/><F78/><W45/><G45/><T134/><D134/><U74/><E74/><V25/><F73/><W16/><G16/><AGARI ba="0,0" hai="8,10,11,12,16,20,41,43,54,58,60,87,91,93" machi="16" ten="40,2600,0" yaku="8,1,54,1" doraHai="31" who="1" fromWho="3" sc="318,0,192,26,235,0,255,-26" /><INIT seed="4,0,0,5,1,127" ten="318,218,235,229" oya="0" hai0="3,115,106,59,46,132,111,63,68,62,67,82,78" hai1="71,90,30,56,83,125,69,121,79,118,72,17,24" hai2="87,5,117,0,21,88,52,26,11,48,91,18,22" hai3="112,34,109,7,49,133,75,36,25,45,113,108,33"/><T96/><D115/><N who="3" m="44105" /><G75/><T97/><D132/><U41/><E125/><V126/><F126/><W124/><G124/><T134/><D3/><U28/><E121/><V58/><F117/><W64/><G7/><T12/><D134/><U29/><E118/><V70/><F70/><W105/><G105/><T14/><D46/><U107/><E107/><V6/><F6/><W19/><G133/><T39/><D39/><U119/><E119/><V10/><F10/><W51/><G64/><T80/><D111/><N who="3" m="42569" /><G36/><T66/><D106/><U50/><E69/><V13/><REACH who="2" step="1"/><F87/><REACH who="2" ten="318,218,225,229" step="2"/><W101/><G45/><T128/><D68/><U35/><E71/><V4/><F4/><W94/><G34/><T77/><D59/><U81/><E56/><V130/><F130/><AGARI ba="0,1" hai="12,14,62,63,66,67,77,78,80,82,96,97,128,130" machi="130" ten="25,9600,0" yaku="22,2,52,2" doraHai="127" who="0" fromWho="2" sc="318,106,218,0,225,-96,229,0" /><INIT seed="4,1,0,4,1,25" ten="424,218,129,229" oya="0" hai0="79,22,8,13,31,76,39,106,1,77,93,86,56" hai1="6,63,117,35,38,82,109,103,36,70,105,111,23" hai2="26,49,85,78,44,90,99,126,110,3,19,37,12" hai3="125,53,7,54,50,123,21,52,66,15,91,60,129"/><T62/><D39/><U101/><E117/><V81/><F3/><W58/><G123/><T132/><D1/><U118/><E118/><V120/><F120/><W40/><G125/><T14/><D106/><U115/><E6/><V114/><F126/><W17/><G129/><T10/><D132/><U122/><E122/><V74/><F110/><W116/><G116/><T96/><D86/><U16/><E35/><V65/><F37/><W30/><G91/><T113/><D113/><U64/><E38/><V68/><F114/><W107/><G107/><T67/><D8/><U88/><E36/><V130/><F130/><W131/><G131/><T11/><D10/><U41/><E41/><V48/><F26/><N who="3" m="16719" /><G7/><T98/><D98/><U42/><E42/><V128/><F99/><W57/><G40/><T0/><D0/><U43/><E43/><V83/><F128/><W75/><G75/><T29/><D22/><AGARI ba="1,0" hai="15,17,22,50,52,53,54,57,58,60,66" m="16719" machi="22" ten="30,3900,0" yaku="8,1,52,1,54,1" doraHai="25" who="3" fromWho="0" sc="424,-42,218,0,129,0,229,42" /><INIT seed="5,0,0,3,2,107" ten="382,218,129,271" oya="1" hai0="132,56,134,130,104,18,16,30,66,124,108,46,38" hai1="4,120,50,27,8,70,3,41,0,135,131,35,44" hai2="7,47,1,13,9,118,21,49,33,122,101,88,113" hai3="59,103,116,86,110,39,68,119,43,52,84,106,85"/><U81/><E120/><V111/><F118/><N who="3" m="45099" /><G68/><T67/><D104/><U89/><E135/><V71/><F111/><W40/><G110/><T12/><D108/><U97/><E131/><V60/><F122/><W76/><G39/><T55/><D30/><U109/><E109/><V19/><F113/><W75/><G103/><T126/><D46/><U69/><E3/><V77/><F101/><W74/><G106/><T87/><D87/><U10/><E10/><V99/><F33/><W117/><N who="3" m="45107" /><W133/><DORA hai="36" /><G133/><N who="0" m="51307" /><D38/><U53/><E27/><V6/><F6/><W37/><G37/><T45/><D45/><U112/><E35/><V121/><F121/><W65/><G65/><N who="0" m="24587" /><D130/><U42/><E112/><V80/><F71/><W114/><G114/><T96/><D96/><U26/><E69/><V22/><F60/><N who="3" m="35943" /><G76/><T105/><D105/><U51/><E70/><V72/><F99/><W128/><G128/><T61/><D18/><U57/><E26/><V11/><REACH who="2" step="1"/><F88/><REACH who="2" ten="382,218,119,271" step="2"/><W78/><G78/><T100/><D100/><U31/><E97/><V24/><F24/><W28/><G28/><T32/><D32/><U125/><E31/><V20/><F20/><AGARI ba="0,1" hai="12,16,20,55,56,61,124,126" m="24587,51307" machi="20" ten="30,2000,0" yaku="20,1,54,1" doraHai="107,36" who="0" fromWho="2" sc="382,30,218,0,119,-20,271,0" /><INIT seed="6,0,0,3,3,115" ten="412,218,99,271" oya="2" hai0="109,122,14,59,68,123,76,88,0,6,13,106,81" hai1="95,5,102,36,131,8,119,135,75,53,89,25,23" hai2="92,91,77,50,41,64,19,37,117,99,63,118,55" hai3="7,114,85,18,107,103,69,83,20,51,11,110,126"/><V21/><F37/><W43/><G69/><T22/><D68/><U46/><E75/><V66/><F41/><W10/><G110/><T108/><D106/><U17/><E135/><V90/><F77/><W47/><G126/><T39/><D39/><U42/><E131/><V16/><F91/><W15/><G114/><T98/><D0/><U121/><E102/><V65/><F19/><W54/><G107/><T35/><D35/><U132/><E53/><V33/><F33/><W56/><G103/><T24/><D59/><U26/><E121/><V113/><F113/><W128/><G128/><T84/><D109/><U129/><E129/><V78/><F78/><W62/><REACH who="3" step="1"/><G7/><REACH who="3" ten="412,218,99,261" step="2"/><T97/><D6/><U58/><E132/><V120/><F120/><W72/><G72/><T133/><D108/><U71/><E71/><V125/><F125/><W79/><AGARI ba="0,1" hai="10,11,15,18,20,43,47,51,54,56,62,79,83,85" machi="79" ten="20,5200,0" yaku="1,1,0,1,7,1,8,1,53,0" doraHai="115" doraHaiUra="32" who="3" fromWho="3" sc="412,-13,218,-13,99,-26,261,62" /><INIT seed="7,0,0,1,1,115" ten="399,205,73,323" oya="3" hai0="22,128,29,40,26,95,51,1,125,49,81,46,108" hai1="121,99,48,2,32,100,55,127,119,85,102,66,13" hai2="5,135,57,7,6,122,97,39,88,98,30,76,129" hai3="94,0,109,101,104,124,38,62,78,64,74,53,73"/><W96/><G38/><T28/><D1/><U60/><E2/><V56/><F39/><W58/><G0/><T75/><D108/><U20/><E121/><V93/><F122/><W17/><G109/><T105/><D105/><U111/><E111/><V89/><F129/><W41/><G124/><T35/><D128/><U15/><E127/><V72/><F135/><W117/><G41/><T9/><D125/><U132/><E132/><V12/><F72/><W87/><G117/><T120/><D120/><U82/><E32/><V103/><F76/><W31/><G17/><T112/><D112/><U21/><E119/><V4/><N who="2" m="1536" /><DORA hai="126" /><V133/><F133/><W19/><G19/><T45/><D9/><U77/><E102/><V16/><F30/><W123/><G123/><T116/><D116/><U8/><E8/><V131/><F131/><W86/><G53/><T65/><D65/><U11/><E11/><V44/><F44/><W110/><G110/><T25/><D95/><U54/><E54/><V3/><F3/><W43/><G43/><T130/><D130/><U52/><E55/><V118/><F118/><W113/><G113/><T134/><D134/><U27/><E21/><V92/><REACH who="2" step="1"/><F103/><REACH who="2" ten="399,205,63,323" step="2"/><W114/><G114/><T36/><D46/><N who="1" m="27671" /><E100/><V83/><F83/><N who="3" m="47479" /><G31/><T47/><D47/><U80/><E99/><V84/><F84/><W71/><G71/><T63/><D75/><N who="3" m="28681" /><G87/><T107/><D36/><U90/><E85/><V14/><F14/><W33/><G104/><T37/><D107/><U24/><E15/><V91/><F91/><W42/><G33/><T79/><D35/><RYUUKYOKU ba="0,1" sc="399,-15,205,-15,63,15,323,15" hai2="12,16,56,57,88,89,92,93,97,98" hai3="42,58,62,64,94,96,101" /><INIT seed="7,1,1,5,2,83" ten="384,190,78,338" oya="3" hai0="67,100,76,70,49,129,27,51,105,114,31,39,101" hai1="28,117,94,37,102,64,69,50,118,47,130,44,80" hai2="124,30,84,111,73,0,38,52,110,5,131,42,128" hai3="66,96,65,46,57,95,33,32,45,15,132,106,109"/><W107/><G15/><T22/><D39/><U2/><E2/><V108/><F73/><W17/><G17/><T125/><D129/><U60/><E28/><V134/><F38/><W6/><G6/><T36/><D36/><U123/><E123/><V58/><F42/><W8/><G8/><T89/><D125/><U103/><E80/><V68/><F68/><W79/><G79/><T87/><D76/><U121/><E121/><V97/><F5/><W24/><G109/><T55/><D114/><U93/><E93/><V98/><F0/><W133/><G24/><T85/><D105/><N who="3" m="39945" /><G95/><T14/><D70/><U13/><E94/><V71/><F71/><W127/><G96/><T43/><D67/><N who="3" m="25609" /><G57/><N who="0" m="33007" /><D14/><U92/><E92/><V41/><F41/><W25/><G127/><T21/><D21/><U90/><E90/><V88/><F30/><N who="3" m="19535" /><G33/><T26/><D26/><U29/><E102/><N who="0" m="39529" /><D89/><U62/><E103/><V115/><F124/><W23/><G23/><T7/><D7/><U120/><E13/><V82/><F115/><W78/><G78/><T91/><D91/><U81/><E120/><V116/><F116/><W63/><G63/><T119/><D119/><U112/><E117/><V77/><F77/><W40/><G40/><T53/><D43/><U4/><E112/><V9/><F9/><W135/><AGARI ba="1,1" hai="45,46,132,133,135" m="19535,25609,39945" machi="135" ten="40,2100,0" yaku="20,1" doraHai="83" who="3" fromWho="3" sc="384,-8,190,-8,78,-8,338,34" /><INIT seed="7,2,0,2,2,7" ten="376,182,70,372" oya="3" hai0="79,74,3,25,87,9,127,5,71,8,30,14,81" hai1="26,48,38,94,15,86,119,98,1,104,121,66,109" hai2="90,108,101,10,123,82,44,106,72,78,33,96,75" hai3="103,51,34,115,16,135,13,65,80,118,129,70,85"/><W110/><G118/><T93/><D127/><U62/><E38/><V47/><F108/><W61/><G34/><T56/><D71/><U46/><E1/><V60/><F33/><W128/><G110/><T99/><D56/><U24/><E109/><V28/><F123/><W39/><G39/><T27/><D74/><U53/><E104/><V54/><F28/><W131/><G103/><T43/><D43/><U97/><E119/><V133/><F75/><W35/><G35/><T132/><D132/><U42/><E121/><V92/><F133/><W100/><G100/><T91/><D30/><U107/><E107/><V50/><F60/><W95/><G135/><T52/><D52/><U102/><E42/><V111/><F111/><W4/><G51/><T64/><D64/><U58/><E86/><V45/><REACH who="2" step="1"/><F10/><REACH who="2" ten="376,182,60,372" step="2"/><N who="3" m="6199" /><G115/><T59/><D59/><U117/><E117/><V120/><F120/><W20/><G20/><T49/><D49/><U29/><E29/><V19/><F19/><AGARI ba="2,1" hai="3,5,8,9,14,19,25,27,79,81,87,91,93,99" machi="19" ten="30,3900,0" yaku="7,1,52,2" doraHai="7" who="0" fromWho="2" sc="376,55,182,0,60,-45,372,0" owari="431,53.0,182,-22.0,15,-48.0,372,17.0" /></mjloggm>