<mjloggm ver="2.3"><GO type="169" lobby="0"/><UN n0="%4C%53%E9%99%BD" n1="%47%2D%6E%65%74" n2="%E3%82%A6%E3%83%AB%E3%83%88%E3%83%A9%E7%AB%8B%E7%9B%B4" n3="%E2%91%A3%E3%82%BB%E3%83%B3%E3%83%81" dan="16,16,17,17" rate="2113.83,2033.46,2099.41,2193.50" sx="M,M,M,M"/><TAIKYOKU oya="0"/><INIT seed="0,0,0,1,4,54" ten="250,250,250,250" oya="0" hai0="101,102,13,18,131,25,103,62,31,40,64,19,133" hai1="134,30,3,129,89,34,42,26,130,119,69,109,107" hai2="67,90,118,77,75,85,115,127,108,53,32,112,49" hai3="59,24,37,123,39,87,38,95,132,114,71,21,2"/><T99/><D133/><U128/><E119/><V56/><F32/><W28/><G71/><T16/><D131/><U96/><E109/><V11/><F108/><W33/><G114/><T81/><D40/><U97/><E134/><V46/><F118/><W83/><G132/><T93/><D13/><U76/><E3/><V124/><F77/><W47/><G2/><T65/><D81/><U9/><E9/><V27/><F75/><W79/><G123/><T100/><REACH who="0" step="1"/><D62/><REACH who="0" ten="240,250,250,250" step="2"/><U98/><E129/><V63/><F27/><W80/><G83/><T12/><D12/><U84/><E26/><V22/><F115/><W135/><G135/><T113/><D113/><U106/><E42/><V20/><F112/><W126/><G37/><T36/><D36/><U104/><E130/><V125/><F11/><W105/><G39/><T17/><N who="0" m="4096" /><DORA hai="0" /><T68/><D68/><U10/><E69/><V91/><REACH who="2" step="1"/><F91/><REACH who="2" ten="240,250,240,250" step="2"/><W23/><G24/><T88/><D88/><U48/><E89/><V70/><F70/><W57/><G79/><T94/><D94/><AGARI ba="0,2" hai="20,22,46,49,53,56,63,67,85,90,94,124,125,127" machi="94" ten="40,8000,1" yaku="1,1,18,1,52,1,53,1" doraHai="54,0" doraHaiUra="5,52" who="2" fromWho="0" sc="240,-80,250,0,240,100,250,0" /><INIT seed="1,0,0,2,4,124" ten="160,250,340,250" oya="1" hai0="84,7,25,88,70,4,57,37,90,106,30,120,102" hai1="18,116,89,53,21,123,103,117,49,9,15,55,73" hai2="34,92,66,28,2,107,43,59,114,87,112,51,67" hai3="83,38,71,27,131,105,33,98,94,118,82,31,63"/><U78/><E123/><V36/><F107/><W61/><G118/><T74/><D74/><U50/><E103/><V80/><F2/><W1/><G1/><T113/><D70/><U20/><E116/><V76/><F34/><W42/><G94/><T45/><D113/><N who="2" m="43626" /><F28/><W47/><G63/><T95/><D120/><U14/><E117/><V128/><F36/><W11/><G11/><T132/><D132/><U13/><E89/><N who="2" m="53311" /><F128/><W110/><G110/><T96/><D57/><N who="1" m="32943" /><E78/><V135/><F135/><W72/><G72/><T85/><D45/><N who="1" m="28111" /><E73/><N who="2" m="43023" /><F59/><W39/><G39/><T41/><D37/><U58/><E58/><V10/><F10/><W24/><G131/><T16/><D41/><U97/><E97/><V0/><F0/><W48/><G48/><T17/><D7/><N who="1" m="3263" /><E21/><V119/><F119/><W8/><G8/><T35/><REACH who="0" step="1"/><D4/><REACH who="0" ten="150,250,340,250" step="2"/><U3/><E3/><V54/><F54/><W23/><G71/><T69/><D69/><U133/><E133/><V5/><F5/><W22/><G61/><T26/><D26/><AGARI ba="0,1" hai="14,15,18,20,26" m="3263,28111,32943" machi="26" ten="30,1500,0" yaku="8,1" doraHai="124" who="1" fromWho="0" sc="150,-15,250,25,340,0,250,0" /><INIT seed="1,1,0,1,0,108" ten="135,275,340,250" oya="1" hai0="4,13,132,130,29,8,52,39,70,55,59,58,46" hai1="23,81,80,22,25,129,17,75,44,114,45,74,34" hai2="134,15,110,82,31,35,67,20,10,135,116,56,127" hai3="100,112,18,120,90,69,50,115,96,111,109,72,60"/><U73/><E129/><V26/><F82/><W119/><G72/><T37/><D70/><U91/><E34/><V118/><F56/><W64/><G90/><T95/><D130/><U40/><E114/><N who="3" m="43562" /><G18/><T124/><D124/><U49/><E45/><V0/><F67/><W21/><G21/><T133/><D95/><U3/><E3/><V2/><F127/><W5/><G50/><N who="0" m="30999" /><D46/><U79/><E91/><V103/><F103/><W12/><G12/><T78/><D78/><U9/><E9/><V85/><F85/><W54/><G54/><T68/><D68/><U102/><E102/><V83/><F83/><W57/><G57/><T42/><D42/><U16/><REACH who="1" step="1"/><E80/><REACH who="1" ten="135,265,340,250" step="2"/><V28/><F0/><W47/><G47/><T48/><D37/><U53/><E53/><V51/><F2/><W14/><G120/><T63/><D39/><U62/><E62/><V104/><F35/><W38/><G38/><T1/><D63/><U105/><E105/><V66/><F104/><N who="3" m="63495" /><G5/><T76/><D1/><U92/><E92/><V121/><F121/><W98/><G98/><T27/><D4/><U97/><E97/><V43/><F20/><W7/><G7/><T106/><D106/><U122/><E122/><V77/><F118/><W88/><G88/><T6/><D6/><U126/><E126/><V123/><F116/><W33/><G119/><T71/><D55/><U128/><E128/><V89/><F89/><W30/><G111/><T65/><D71/><U84/><E84/><V107/><F110/><W19/><G109/><T99/><D99/><U93/><E93/><V86/><F107/><RYUUKYOKU ba="1,1" sc="135,-10,265,30,340,-10,250,-10" hai1="16,17,22,23,25,40,44,49,73,74,75,79,81" /><INIT seed="1,2,1,0,5,125" ten="125,295,330,240" oya="1" hai0="47,119,42,43,130,83,55,120,110,5,4,123,67" hai1="91,77,51,50,74,10,6,58,76,132,35,20,68" hai2="15,56,93,32,23,12,98,133,131,90,39,64,121" hai3="2,102,40,134,85,48,128,106,9,79,126,65,100"/><U99/><E68/><V115/><F32/><W97/><G65/><T124/><D124/><U114/><E114/><V13/><F39/><W87/><G40/><T105/><D105/><U31/><E35/><V27/><F121/><N who="0" m="46666" /><D119/><U26/><E132/><V60/><F133/><W46/><G126/><T107/><D107/><U16/><E31/><V45/><F115/><W69/><G69/><T14/><D110/><U78/><E74/><V116/><F116/><W1/><G134/><T73/><D67/><U117/><E117/><V122/><F122/><W24/><G102/><T38/><D43/><U11/><E58/><V84/><F45/><W49/><G49/><N who="1" m="18442" /><E6/><N who="0" m="2665" /><D14/><U28/><E28/><N who="2" m="17535" /><F131/><W22/><G128/><T70/><D70/><U89/><E89/><N who="2" m="55599" /><F12/><W103/><G103/><T135/><D135/><U61/><E61/><V109/><F109/><W30/><G79/><N who="0" m="44527" /><D55/><U37/><E37/><V18/><F18/><W111/><G111/><T113/><D113/><U62/><E62/><V82/><AGARI ba="2,1" hai="13,15,56,60,64,82,84,90" m="55599,17535" machi="82" ten="30,1100,0" yaku="8,1" doraHai="125" who="2" fromWho="2" sc="125,-5,295,-7,330,27,240,-5" /><INIT seed="2,0,0,1,4,39" ten="120,288,357,235" oya="2" hai0="16,29,84,120,102,110,21,76,75,82,88,33,83" hai1="96,95,92,4,71,98,23,86,80,124,11,60,51" hai2="58,57,133,63,117,48,126,41,3,40,65,81,15" hai3="35,34,106,93,22,1,99,78,116,89,79,0,74"/><V94/><F3/><W77/><G74/><T122/><D110/><U7/><E124/><V114/><F114/><W113/><G116/><T97/><D33/><U70/><E23/><V17/><F117/><W36/><G113/><T9/><D9/><U87/><E51/><V61/><F126/><W62/><G36/><T47/><D29/><U73/><E73/><V46/><F133/><W28/><G106/><T101/><D47/><U12/><E12/><V30/><F94/><W25/><REACH who="3" step="1"/><G62/><REACH who="3" ten="120,288,357,225" step="2"/><T104/><REACH who="0" step="1"/><D102/><REACH who="0" ten="110,288,357,225" step="2"/><U123/><E60/><V68/><F63/><W131/><G131/><T130/><D130/><U13/><E11/><V121/><F61/><W107/><G107/><T32/><D32/><AGARI ba="0,2" hai="0,1,22,25,28,32,34,35,77,78,79,89,93,99" machi="32" ten="40,1300,0" yaku="1,1,53,0" doraHai="39" doraHaiUra="43" who="3" fromWho="0" sc="110,-13,288,0,357,0,225,33" /><INIT seed="3,0,0,5,5,52" ten="97,288,357,258" oya="3" hai0="53,59,132,93,11,101,4,22,21,88,124,0,20" hai1="69,18,122,133,10,61,75,77,5,86,128,27,73" hai2="23,79,117,114,123,26,110,81,98,40,51,82,95" hai3="60,83,109,47,68,90,126,13,14,107,67,50,74"/><W9/><G126/><T111/><D111/><U78/><E122/><V7/><F114/><W36/><G107/><T12/><D132/><U115/><E115/><V48/><F117/><W89/><G109/><T113/><D113/><U39/><E39/><V34/><F34/><W85/><G74/><T65/><D124/><U129/><E133/><V116/><F116/><W37/><G90/><T72/><D72/><U46/><E46/><V2/><F110/><W71/><G71/><T8/><D101/><U131/><E27/><V55/><F123/><W80/><G80/><T54/><D8/><U30/><E18/><V125/><F125/><W120/><G14/><T29/><D29/><U103/><E30/><V32/><F32/><W102/><G102/><T118/><D118/><U105/><E105/><V119/><F119/><W31/><G31/><T49/><D54/><U41/><E41/><V42/><F7/><W130/><G130/><T76/><D76/><N who="1" m="29291" /><E86/><N who="2" m="48447" /><F82/><W15/><G15/><T106/><D106/><U92/><E92/><V97/><F97/><W134/><G134/><T19/><REACH who="0" step="1"/><D65/><REACH who="0" ten="87,288,357,258" step="2"/><N who="1" m="41135" /><E103/><V127/><F127/><W3/><G120/><T44/><D44/><U38/><E75/><V63/><F55/><N who="3" m="30175" /><G3/><T58/><D58/><U96/><E73/><V100/><F2/><W87/><G9/><T28/><D28/><U108/><E10/><V135/><F135/><W33/><G68/><T1/><D1/><U64/><E108/><V35/><F35/><W24/><G89/><T6/><D6/><U17/><E129/><V62/><F40/><W104/><G104/><T66/><D66/><RYUUKYOKU ba="0,1" sc="87,30,288,-10,357,-10,258,-10" hai0="0,4,11,12,19,20,21,22,49,53,59,88,93" /><INIT seed="4,1,1,0,2,52" ten="117,278,347,248" oya="0" hai0="18,5,31,37,6,112,111,122,99,50,63,73,105" hai1="104,113,36,119,8,78,95,48,131,129,41,29,115" hai2="90,77,96,94,33,62,55,108,89,53,82,81,69" hai3="68,32,125,14,23,47,87,54,109,24,49,97,135"/><T40/><D122/><U35/><E119/><V28/><F108/><W15/><G109/><T34/><D37/><U56/><E104/><V17/><F33/><W3/><G3/><T30/><D73/><U11/><E78/><V67/><F28/><W120/><G32/><T65/><D111/><U27/><E95/><V88/><F17/><W121/><G68/><N who="0" m="42047" /><D112/><N who="1" m="43083" /><E36/><V102/><REACH who="2" step="1"/><F82/><REACH who="2" ten="117,278,337,248" step="2"/><W107/><G121/><T46/><D18/><U80/><E80/><V4/><F4/><W44/><G120/><T92/><D31/><U71/><E29/><V132/><F132/><W21/><G135/><T98/><D98/><U75/><E35/><V110/><F110/><W117/><G97/><T91/><D91/><U114/><E114/><V7/><F7/><W103/><G117/><T19/><D19/><U16/><E16/><V133/><F133/><W83/><G23/><T51/><D6/><U124/><E8/><V64/><F64/><W2/><G21/><T93/><D5/><U85/><E11/><V84/><AGARI ba="1,2" hai="53,55,62,67,69,77,81,84,88,89,90,94,96,102" machi="84" ten="30,4000,0" yaku="1,1,0,1,54,1,53,0" doraHai="52" doraHaiUra="0" who="2" fromWho="2" sc="117,-21,278,-11,337,63,248,-11" /><INIT seed="5,0,0,1,1,92" ten="96,267,400,237" oya="1" hai0="43,0,131,86,64,132,71,93,51,96,48,105,54" hai1="85,65,77,23,32,129,9,100,5,94,122,27,102" hai2="14,6,118,76,55,104,69,11,81,107,58,70,26" hai3="73,90,128,125,95,16,113,53,42,13,109,91,30"/><U88/><E122/><V63/><F118/><W127/><G109/><T20/><D132/><U29/><E129/><V114/><F114/><W124/><G113/><T111/><D111/><U49/><E32/><V82/><F82/><W106/><G106/><T66/><D131/><U25/><E25/><V61/><F70/><W38/><G128/><T37/><D0/><U40/><E65/><V19/><F69/><W97/><G73/><T35/><D35/><U78/><E78/><V84/><F63/><W46/><G30/><T126/><D126/><U45/><REACH who="1" step="1"/><E77/><REACH who="1" ten="96,257,400,237" step="2"/><V21/><AGARI ba="0,1" hai="6,11,14,19,21,26,55,58,61,76,81,84,104,107" machi="21" ten="30,1100,0" yaku="0,1" doraHai="92" who="2" fromWho="2" sc="96,-3,257,-5,400,21,237,-3" /><INIT seed="6,0,0,0,2,3" ten="93,252,421,234" oya="2" hai0="9,37,2,55,84,94,28,101,118,122,44,54,132" hai1="106,4,111,74,61,30,24,126,23,104,95,96,78" hai2="130,99,125,39,124,76,129,26,51,36,68,134,53" hai3="67,121,49,6,105,34,91,85,117,40,56,13,14"/><V16/><F76/><W22/><G34/><T10/><D122/><U131/><E111/><V66/><F99/><W1/><G105/><T73/><D73/><U48/><E131/><N who="2" m="50187" /><F16/><N who="3" m="10519" /><G1/><T38/><D132/><U19/><E126/><N who="2" m="48747" /><F26/><W128/><G128/><T7/><D118/><U135/><E78/><V5/><F5/><W108/><G117/><T20/><D10/><U97/><E74/><V90/><F90/><W86/><G108/><T82/><D94/><U112/><E97/><V59/><F134/><W115/><G86/><T15/><D101/><U81/><E135/><V77/><F77/><W27/><G27/><T79/><D28/><U113/><E24/><V72/><F72/><W41/><G13/><T65/><D20/><U8/><E104/><V123/><F123/><W43/><G6/><T31/><D31/><U71/><E106/><V133/><F133/><W83/><G121/><T93/><D93/><U35/><E35/><V62/><AGARI ba="0,0" hai="36,39,51,53,59,62,66,68" m="48747,50187" machi="62" ten="40,12000,1" yaku="19,1,18,1,34,2" doraHai="3" who="2" fromWho="2" sc="93,-40,252,-40,421,120,234,-40" /><INIT seed="6,1,0,3,5,102" ten="53,212,541,194" oya="2" hai0="117,49,45,41,123,125,40,91,24,14,47,76,105" hai1="129,120,84,133,80,46,21,23,59,121,6,103,8" hai2="113,39,31,37,60,131,68,5,35,73,19,99,134" hai3="135,15,13,28,55,4,65,106,74,70,29,33,98"/><V11/><F19/><W114/><G74/><T82/><D123/><N who="1" m="47179" /><E133/><V111/><F73/><W43/><G43/><T89/><D125/><U69/><E69/><V97/><F97/><W77/><G77/><T58/><D117/><U27/><E129/><V38/><F99/><W86/><G86/><T101/><D58/><U108/><E108/><V119/><F113/><W9/><G55/><T16/><D24/><U104/><E59/><V63/><F63/><N who="3" m="40255" /><G29/><T62/><D62/><U64/><E64/><V122/><F122/><W44/><G44/><T87/><D105/><U75/><E75/><V90/><F90/><W78/><G78/><T96/><D96/><N who="1" m="61543" /><E46/><V88/><F131/><W79/><G79/><T0/><D101/><U116/><E27/><V42/><F134/><W57/><G57/><T25/><D25/><U1/><E116/><V124/><F119/><W107/><G114/><T130/><D130/><U7/><E7/><V26/><F5/><W48/><G48/><T61/><D61/><U67/><E67/><V2/><F60/><W32/><G135/><T85/><D0/><U132/><E132/><V20/><F2/><N who="3" m="151" /><G28/><T52/><D47/><U100/><E100/><V18/><F31/><W95/><G107/><T92/><D76/><AGARI ba="1,0" hai="1,6,8,21,23,76,80,84" m="61543,47179" machi="76" ten="30,2000,0" yaku="13,1,52,1" doraHai="102" who="1" fromWho="0" sc="53,-23,212,23,541,0,194,0" /><INIT seed="7,0,0,0,2,6" ten="30,235,541,194" oya="3" hai0="36,54,53,115,70,26,37,116,118,97,3,4,128" hai1="55,57,24,111,120,129,72,93,31,81,0,52,99" hai2="94,124,47,18,123,86,71,84,17,100,77,101,85" hai3="68,11,42,14,61,59,75,25,122,9,48,23,113"/><W58/><G122/><T132/><D26/><U88/><E111/><V119/><F71/><W90/><G75/><T87/><D87/><U49/><E0/><V108/><F108/><W121/><G121/><T79/><D79/><U29/><E120/><V109/><F109/><W30/><G113/><T65/><D97/><U12/><E12/><V112/><F112/><W110/><G110/><T104/><D104/><U13/><E13/><V102/><F119/><W130/><G130/><T22/><D22/><U64/><E64/><V41/><F124/><W117/><G117/><T92/><D92/><U20/><E129/><V28/><F77/><W35/><G68/><T126/><D4/><U16/><E72/><V134/><F134/><W67/><G90/><T107/><D107/><U15/><E81/><V5/><F5/><W33/><G58/><T127/><D3/><U51/><E24/><V2/><F2/><W83/><G83/><T89/><D89/><U106/><E106/><V76/><F76/><W60/><G60/><T46/><D115/><U45/><AGARI ba="0,0" hai="15,16,20,29,31,45,49,51,52,55,57,88,93,99" machi="45" ten="20,12000,2" yaku="0,1,7,1,8,1,54,3" doraHai="6" who="1" fromWho="1" sc="30,-30,235,120,541,-30,194,-60" owari="0,-50.0,355,16.0,511,61.0,134,-27.0" /></mjloggm>