<mjloggm ver="2.3"><GO type="169" lobby="0"/><UN n0="%E5%B0%B1%E6%B4%BB%E7%94%9F%40%E5%B7%9D%E6%9D%91%E8%BB%8D%E5%9B%A3" n1="%E3%82%B7%E3%82%A7%E3%83%95%E3%83%81%E3%83%A7%E3%82%B3" n2="%47%E9%9B%80" n3="%7A%65%6C%64%69%6E%61" dan="19,17,17,17" rate="2354.24,2103.49,2200.06,2158.98" sx="M,M,M,M"/><TAIKYOKU oya="0"/><INIT seed="0,0,0,0,5,126" ten="250,250,250,250" oya="0" hai0="115,106,107,82,98,50,94,49,119,19,34,64,35" hai1="67,87,110,2,10,31,9,85,47,112,24,121,91" hai2="46,38,118,88,63,75,25,36,45,86,134,120,39" hai3="111,15,55,17,80,79,66,99,61,32,102,131,16"/><T12/><D115/><U48/><E121/><V69/><F75/><W72/><G32/><T77/><D119/><U78/><E110/><V81/><F120/><W51/><G111/><T56/><D35/><U135/><E135/><V44/><F118/><W28/><G28/><T117/><D34/><U22/><E2/><V60/><F134/><W68/><G15/><T108/><D108/><U13/><E112/><V105/><F105/><W116/><G131/><T95/><D95/><U74/><E74/><V40/><F25/><W71/><G71/><T52/><D64/><U123/><E123/><V33/><F33/><W37/><G37/><T103/><D50/><U100/><E100/><V127/><F127/><W4/><G4/><T76/><D117/><U93/><E67/><V7/><F7/><W104/><REACH who="3" step="1"/><G116/><REACH who="3" ten="250,250,250,240" step="2"/><T5/><D5/><U58/><E13/><V14/><F14/><W97/><G97/><T114/><D114/><U92/><E9/><V125/><F125/><W8/><G8/><T89/><D107/><U83/><E10/><V3/><F3/><W122/><G122/><T30/><D30/><U43/><REACH who="1" step="1"/><E58/><AGARI ba="0,1" hai="16,17,51,55,58,61,66,68,72,79,80,99,102,104" machi="58" ten="30,3900,0" yaku="1,1,7,1,54,1,53,0" doraHai="126" doraHaiUra="21" who="3" fromWho="1" sc="250,0,250,-39,250,0,240,49" /><INIT seed="1,0,0,3,0,10" ten="250,211,250,289" oya="1" hai0="9,89,48,98,0,88,82,19,56,103,83,131,4" hai1="47,124,107,77,135,35,18,101,87,91,85,92,86" hai2="62,23,81,28,117,96,24,112,15,100,14,13,129" hai3="74,25,67,120,2,126,70,45,36,128,110,27,64"/><U21/><E35/><V104/><F117/><W52/><G74/><T50/><D131/><U94/><E124/><V69/><F129/><W44/><G2/><T34/><D34/><U38/><E135/><V133/><F133/><W59/><G25/><T127/><D127/><U79/><E107/><V63/><F112/><W49/><G27/><T37/><D37/><U132/><E132/><V41/><F41/><N who="3" m="22567" /><G126/><T30/><D30/><U123/><E123/><V1/><F69/><W58/><G110/><T115/><D115/><U57/><E57/><N who="3" m="21514" /><G128/><T29/><D29/><U55/><E101/><V130/><F130/><W99/><G99/><T42/><D19/><U46/><E38/><V7/><REACH who="2" step="1"/><F81/><REACH who="2" ten="250,211,240,289" step="2"/><W108/><G120/><T53/><D83/><U16/><E46/><V39/><F39/><W20/><G108/><T54/><D42/><U125/><E125/><V17/><F17/><W78/><G70/><T11/><D82/><U116/><E18/><V26/><F26/><W68/><G68/><T134/><D134/><U109/><E109/><V95/><F95/><N who="1" m="36393" /><E116/><V76/><F76/><W31/><G78/><T75/><D75/><U113/><E113/><V60/><F60/><W102/><G102/><T6/><D103/><U121/><E91/><N who="0" m="34889" /><D98/><U118/><E121/><V12/><N who="2" m="3072" /><DORA hai="33" /><V43/><F43/><W84/><G84/><T72/><D72/><U66/><E79/><V114/><F114/><W106/><G106/><T32/><D0/><U111/><E77/><V80/><F80/><W93/><G93/><T122/><D122/><U71/><E111/><V73/><F73/><RYUUKYOKU ba="0,1" sc="250,-15,211,-15,240,15,289,15" hai2="1,7,23,24,28,62,63,96,100,104" hai3="20,31,45,49,52,64,67" /><INIT seed="2,1,1,2,0,120" ten="235,196,255,304" oya="2" hai0="87,110,12,36,50,40,51,35,105,65,20,41,125" hai1="76,61,47,98,5,66,34,135,14,129,17,73,92" hai2="25,123,91,10,89,33,133,71,38,112,9,122,52" hai3="0,13,60,3,88,124,67,70,96,100,104,106,94"/><V103/><F112/><W21/><G124/><T115/><D35/><U134/><E34/><V62/><F38/><W84/><REACH who="3" step="1"/><G106/><REACH who="3" ten="235,196,255,294" step="2"/><T23/><D105/><U90/><E129/><V111/><F133/><W116/><G116/><T22/><D125/><U28/><E134/><V59/><F71/><W18/><AGARI ba="1,2" hai="0,3,13,18,21,60,67,70,84,88,94,96,100,104" machi="18" ten="30,4000,0" yaku="1,1,0,1,54,1,53,0" doraHai="120" doraHaiUra="55" who="3" fromWho="3" sc="235,-11,196,-11,255,-21,294,63" /><INIT seed="3,0,0,3,1,128" ten="224,185,234,357" oya="3" hai0="118,32,89,80,103,47,126,75,26,40,35,119,81" hai1="55,98,69,104,60,129,109,50,77,24,6,51,10" hai2="43,74,41,15,113,76,123,62,83,91,112,106,92" hai3="59,45,56,87,34,125,88,108,33,72,38,101,67"/><W133/><G72/><T79/><D126/><U36/><E36/><V4/><F106/><W95/><G101/><T49/><D103/><U23/><E129/><V122/><F62/><N who="3" m="38343" /><G59/><T70/><D70/><U82/><E109/><V130/><F130/><W54/><G54/><T94/><D81/><U12/><E104/><V2/><F2/><W25/><G25/><T31/><REACH who="0" step="1"/><D32/><REACH who="0" ten="214,185,234,357" step="2"/><U52/><E69/><V5/><F113/><W20/><G33/><T73/><D73/><U111/><E111/><V8/><F112/><W66/><G34/><T48/><D48/><U102/><E51/><V39/><F39/><W114/><G125/><T116/><D116/><U19/><E50/><V11/><F122/><W3/><G108/><T44/><D44/><U22/><E60/><V58/><F123/><W63/><G45/><T127/><D127/><U16/><E102/><V46/><F46/><W1/><G63/><T61/><D61/><U93/><E93/><V107/><F58/><W27/><G38/><T37/><D37/><U100/><E100/><V17/><F107/><W13/><G95/><T68/><D68/><U124/><E124/><V97/><REACH who="2" step="1"/><F8/><REACH who="2" ten="214,185,224,357" step="2"/><W115/><G114/><T14/><D14/><U96/><E55/><V120/><F120/><W85/><G13/><T132/><D132/><U7/><E52/><V57/><F57/><W29/><G133/><T21/><D21/><U131/><E131/><V117/><F117/><W105/><G115/><T64/><D64/><U18/><E23/><V42/><AGARI ba="0,2" hai="4,5,11,15,17,41,42,43,74,76,83,91,92,97" machi="42" ten="30,4000,0" yaku="1,1,0,1,53,1" doraHai="128" doraHaiUra="90" who="2" fromWho="2" sc="214,-10,185,-10,224,60,357,-20" /><INIT seed="4,0,0,5,3,65" ten="204,175,284,337" oya="0" hai0="110,133,24,27,123,35,122,99,128,84,17,22,111" hai1="87,58,48,94,47,105,59,10,118,88,125,79,53" hai2="9,63,117,74,39,100,77,44,72,73,126,102,86" hai3="32,76,31,62,70,103,96,34,50,107,112,91,54"/><T2/><D99/><U16/><E105/><V119/><F9/><W60/><G76/><T11/><D84/><U37/><E118/><N who="2" m="45067" /><F63/><W98/><G112/><T108/><D128/><U26/><E125/><V81/><F44/><W104/><G31/><N who="0" m="19943" /><D133/><U13/><E37/><V30/><F30/><W3/><G3/><T57/><D57/><U121/><E121/><N who="0" m="46089" /><D11/><U14/><E26/><V95/><F39/><W21/><G96/><T71/><D71/><U129/><E129/><V101/><F126/><W40/><G70/><T135/><D135/><U20/><REACH who="1" step="1"/><E79/><REACH who="1" ten="204,165,284,337" step="2"/><V67/><F67/><W43/><G104/><T114/><D2/><U80/><E80/><V41/><F41/><W5/><G107/><T36/><D36/><U131/><E131/><V113/><F113/><AGARI ba="0,1" hai="17,22,27,108,110,111,113,114" m="46089,19943" machi="113" ten="40,7700,0" yaku="10,1,34,2" doraHai="65" who="0" fromWho="2" sc="204,87,165,0,284,-77,337,0" /><INIT seed="4,1,0,5,2,8" ten="291,165,207,337" oya="0" hai0="113,120,108,135,84,110,109,121,64,123,39,127,96" hai1="50,118,51,63,92,3,5,38,43,98,4,35,22" hai2="122,88,79,128,126,16,34,2,58,112,12,14,133" hai3="7,40,44,86,53,77,60,62,61,65,56,1,104"/><T42/><D39/><U106/><E35/><V69/><F69/><W85/><G104/><T82/><D42/><U102/><E118/><V81/><F2/><W49/><G77/><N who="0" m="46159" /><D64/><U129/><E129/><V30/><F122/><W47/><G1/><T25/><D25/><U130/><E130/><V90/><F128/><W95/><G7/><T13/><D135/><U107/><E38/><V54/><F54/><W41/><G95/><T36/><D36/><U99/><E106/><V28/><F133/><W10/><G10/><T0/><D0/><U32/><E32/><V91/><F58/><N who="3" m="33071" /><G85/><T97/><D127/><U6/><E43/><N who="3" m="16458" /><G86/><T15/><D113/><U21/><E63/><AGARI ba="1,0" hai="44,47,56,60,61,62,63,65" m="16458,33071" machi="63" ten="30,12000,2" yaku="8,1,35,5" doraHai="8" who="3" fromWho="1" sc="291,0,165,-123,207,0,337,123" /><INIT seed="5,0,0,4,2,134" ten="291,42,207,460" oya="1" hai0="63,112,64,18,104,118,34,107,13,10,131,29,91" hai1="54,22,89,36,95,39,80,78,15,111,84,75,62" hai2="81,125,123,49,86,72,23,102,73,28,21,27,32" hai3="96,60,99,7,90,2,70,59,0,6,93,35,11"/><U129/><E129/><V20/><F123/><W92/><G35/><T101/><D118/><U1/><E1/><V68/><F68/><W19/><G70/><T25/><D131/><U24/><E111/><V108/><F108/><W55/><G19/><T109/><D112/><U9/><E62/><V53/><F102/><W127/><G127/><T120/><D109/><U85/><E75/><V33/><F32/><W130/><G130/><T26/><D120/><U105/><E105/><V124/><F86/><W4/><G0/><T65/><D65/><U88/><E78/><V43/><F43/><W16/><G16/><T97/><D26/><U122/><E54/><V8/><F8/><W133/><G133/><T42/><D42/><U103/><E103/><AGARI ba="0,0" hai="2,4,6,7,11,55,59,60,90,92,93,96,99,103" machi="103" ten="30,1000,0" yaku="7,1" doraHai="134" who="3" fromWho="1" sc="291,0,42,-10,207,0,460,10" /><INIT seed="6,0,0,1,0,79" ten="291,32,207,470" oya="2" hai0="85,128,48,135,84,68,27,98,44,112,35,12,13" hai1="119,123,124,56,2,120,86,11,33,43,72,126,113" hai2="8,53,57,90,132,91,133,129,125,105,41,108,77" hai3="19,82,121,134,71,16,18,1,80,14,117,81,49"/><V61/><F105/><W70/><G1/><T60/><D112/><U73/><E43/><V45/><F108/><W58/><G121/><N who="1" m="46666" /><E56/><V63/><F125/><N who="1" m="48233" /><E33/><V111/><F111/><W0/><G134/><N who="2" m="51817" /><F129/><W87/><G0/><T24/><D98/><U3/><E11/><V99/><F77/><W76/><G117/><T107/><D107/><U116/><E86/><N who="0" m="33385" /><D68/><U62/><E62/><N who="2" m="36143" /><F8/><N who="3" m="6215" /><G71/><T104/><D104/><U17/><E17/><N who="3" m="6154" /><G70/><T28/><D128/><U109/><E113/><V34/><F34/><W52/><AGARI ba="0,0" hai="49,52,58,76,80,81,82,87" m="6154,6215" machi="52" ten="30,12000,2" yaku="8,1,52,3,54,2" doraHai="79" who="3" fromWho="3" sc="291,-30,32,-30,207,-60,470,120" /><INIT seed="7,0,0,1,4,12" ten="261,2,147,590" oya="3" hai0="112,79,13,76,108,34,59,113,98,39,25,21,132" hai1="61,43,99,87,69,126,125,15,83,117,16,30,31" hai2="29,66,115,38,20,70,74,96,19,50,128,133,92" hai3="103,40,27,51,85,54,57,124,18,42,41,48,67"/><W129/><G103/><T94/><D108/><U107/><E43/><V8/><F38/><W14/><G129/><T130/><D39/><U46/><E46/><V109/><F74/><W71/><G124/><T123/><D123/><U33/><E117/><V28/><F109/><W45/><G27/><T105/><D105/><U110/><E110/><V118/><F128/><W56/><G85/><T5/><D130/><U127/><E33/><V64/><F118/><W62/><G71/><T120/><D120/><U77/><E69/><V36/><F115/><N who="0" m="44106" /><D34/><U72/><E61/><V63/><F133/><W116/><G116/><T1/><D1/><U53/><E53/><V121/><F121/><W119/><G119/><T60/><D13/><U131/><E131/><V26/><F36/><W135/><G135/><T17/><D5/><U97/><E72/><V49/><F66/><W52/><G67/><N who="0" m="39327" /><D132/><U2/><E2/><V88/><F8/><AGARI ba="0,0" hai="8,14,18,40,41,42,45,48,51,52,54,56,57,62" machi="8" ten="30,11600,0" yaku="7,1,8,1,52,1,54,1" doraHai="12" who="3" fromWho="2" sc="261,0,2,0,147,-116,590,116" owari="261,6.0,2,-50.0,31,-37.0,706,81.0" /></mjloggm>