<mjloggm ver="2.3"><GO type="169" lobby="0"/><UN n0="%E3%82%A6%E3%83%AB%E3%83%88%E3%83%A9%E7%AB%8B%E7%9B%B4" n1="%63%72%69%74%74%65%72" n2="%E7%A0%B2%E3%81%AE%E4%B8%8A%E3%81%AE%E3%81%82%E3%81%AE%E5%A8%98" n3="%53%42%32%36" dan="18,16,16,16" rate="2209.68,2086.96,2131.67,2067.43" sx="M,M,F,M"/><TAIKYOKU oya="0"/><INIT seed="0,0,0,4,2,116" ten="250,250,250,250" oya="0" hai0="77,79,39,43,105,81,38,36,132,9,53,16,127" hai1="2,59,96,123,56,4,129,11,125,72,122,71,69" hai2="121,63,46,83,114,27,54,60,75,111,5,33,20" hai3="32,101,47,40,55,26,21,93,87,49,88,84,133"/><T66/><D105/><U112/><E72/><V67/><F114/><W15/><G133/><T97/><D127/><U95/><E125/><V51/><F111/><W99/><G32/><T113/><D113/><U13/><E112/><V6/><F33/><W126/><G126/><T23/><D132/><U29/><E129/><V64/><F121/><W80/><G15/><T0/><D66/><U24/><E69/><V130/><F130/><W117/><G117/><T89/><D53/><U107/><E71/><V61/><F75/><W98/><G40/><T34/><D34/><U131/><E131/><V22/><F83/><W44/><G44/><T100/><D89/><U119/><E119/><V52/><F54/><W65/><G101/><T74/><D79/><U19/><E107/><V108/><F108/><W106/><G65/><N who="2" m="25161" /><F20/><W104/><G104/><T45/><D97/><U102/><E29/><AGARI ba="0,0" hai="5,6,22,27,29,46,51,52,60,61,63" m="25161" machi="29" ten="30,2000,0" yaku="8,1,54,1" doraHai="116" who="2" fromWho="1" sc="250,0,250,-20,250,20,250,0" /><INIT seed="1,0,0,4,0,122" ten="250,230,270,250" oya="1" hai0="91,76,28,23,49,42,38,9,31,103,106,1,6" hai1="102,2,121,115,18,26,125,124,68,78,25,0,48" hai2="109,14,3,61,112,70,134,73,99,79,53,117,96" hai3="69,8,90,55,71,66,127,32,129,108,5,123,77"/><U41/><E121/><V64/><F117/><W72/><G123/><T29/><D49/><U110/><E68/><V80/><F134/><W17/><G32/><T65/><D65/><U100/><E78/><V111/><F3/><N who="1" m="1065" /><E115/><V118/><F118/><W52/><G5/><T116/><D116/><U59/><E59/><V101/><F112/><W88/><G72/><T10/><D91/><U132/><E18/><V13/><F53/><W126/><G77/><T54/><D54/><U20/><E20/><V22/><F96/><W21/><G21/><T19/><D23/><U130/><E41/><V83/><F83/><W46/><G46/><T86/><D19/><U133/><E48/><V113/><F113/><W47/><G47/><T50/><D50/><U85/><E85/><V33/><F33/><W56/><G56/><T11/><D86/><U94/><E94/><N who="2" m="58615" /><F22/><W120/><G120/><T15/><D76/><U128/><E110/><AGARI ba="0,0" hai="13,14,61,64,70,73,79,80,109,110,111" m="58615" machi="110" ten="30,7700,0" yaku="14,1,52,3" doraHai="122" who="2" fromWho="1" sc="250,0,230,-77,270,77,250,0" /><INIT seed="2,0,0,4,2,55" ten="250,153,347,250" oya="2" hai0="0,63,119,29,60,8,88,77,124,44,37,68,127" hai1="2,111,54,87,100,32,48,95,19,41,122,21,86" hai2="93,50,129,28,66,20,59,53,71,38,108,112,18" hai3="23,57,45,51,115,31,58,128,104,81,64,102,130"/><V61/><F112/><W72/><G115/><T106/><D106/><U10/><E32/><V30/><F129/><N who="3" m="49771" /><G64/><T34/><D119/><U116/><E116/><V101/><F38/><W5/><G5/><T52/><D68/><U43/><E111/><V27/><REACH who="2" step="1"/><F108/><REACH who="2" ten="250,153,337,250" step="2"/><W36/><G36/><T74/><D37/><U42/><E122/><V16/><F16/><W89/><G31/><T105/><D29/><U91/><E19/><V67/><F67/><W73/><G23/><T56/><D34/><U132/><E21/><V9/><F9/><W7/><G7/><T47/><D8/><U75/><E10/><V3/><F3/><W120/><G120/><T26/><D0/><U135/><E2/><V125/><F125/><W65/><G65/><T84/><D124/><U134/><E134/><V131/><F131/><W80/><G104/><T98/><D127/><U133/><E135/><V94/><F94/><W6/><G6/><T117/><D117/><U35/><E133/><V39/><F39/><W46/><G80/><T99/><D105/><U82/><E132/><V85/><F85/><W12/><G81/><T13/><D84/><U76/><E87/><V83/><F83/><W114/><G114/><T79/><D98/><AGARI ba="0,1" hai="18,20,27,28,30,50,53,59,61,66,71,93,98,101" machi="98" ten="40,3900,0" yaku="1,1,52,1,53,0" doraHai="55" doraHaiUra="11" who="2" fromWho="0" sc="250,-39,153,0,337,49,250,0" /><INIT seed="2,1,0,0,0,51" ten="211,153,386,250" oya="2" hai0="98,22,127,104,119,112,5,125,15,3,58,6,20" hai1="80,39,4,71,35,94,21,70,69,57,2,82,132" hai2="128,87,31,74,124,8,24,12,47,50,79,11,90" hai3="10,18,17,29,72,27,7,120,64,26,91,78,103"/><V60/><F128/><W25/><G120/><T54/><D112/><U46/><E35/><V42/><F124/><N who="0" m="47690" /><D3/><U32/><E32/><V102/><F102/><W9/><G103/><N who="0" m="62583" /><D119/><U97/><E132/><V86/><F60/><W13/><G64/><T59/><D54/><U43/><E21/><N who="0" m="8297" /><D15/><U114/><E114/><V134/><F134/><W34/><G18/><T93/><D93/><U121/><E121/><V88/><F74/><W113/><G113/><T76/><D76/><U67/><E67/><V99/><F79/><W106/><G106/><T49/><D49/><U116/><E116/><V52/><F42/><W117/><G117/><T1/><D1/><U110/><E110/><V40/><F40/><W92/><G78/><T118/><D118/><U44/><E44/><V115/><F115/><W108/><G108/><T66/><D66/><U41/><E41/><V33/><F12/><W122/><G122/><T45/><D45/><U107/><E107/><V62/><F62/><W95/><G95/><T28/><D28/><U81/><E57/><AGARI ba="1,0" hai="5,6,57,58,59" m="8297,62583,47690" machi="57" ten="30,1000,0" yaku="18,1" doraHai="51" who="0" fromWho="1" sc="211,13,153,-13,386,0,250,0" /><INIT seed="3,0,0,2,2,73" ten="224,140,386,250" oya="3" hai0="0,1,26,53,130,27,14,3,67,133,94,101,102" hai1="113,70,2,89,92,23,60,74,29,10,90,117,105" hai2="44,84,62,135,15,120,37,4,55,40,47,25,43" hai3="6,39,104,119,116,79,99,100,77,91,5,68,118"/><W106/><G39/><T20/><D67/><U80/><E113/><V108/><F108/><W111/><G68/><T42/><D42/><U63/><E105/><V88/><F135/><W132/><G132/><T129/><D133/><U128/><E128/><N who="0" m="49257" /><D53/><U51/><E117/><V12/><F25/><N who="0" m="9226" /><D94/><U123/><E123/><V19/><F4/><W127/><G104/><T9/><D20/><U7/><E70/><V76/><F76/><N who="3" m="29259" /><G6/><AGARI ba="0,0" hai="0,1,3,6,9,14,101,102" m="9226,49257" machi="6" ten="40,1300,0" yaku="19,1" doraHai="73" who="0" fromWho="3" sc="224,13,140,0,386,0,250,-13" /><INIT seed="4,0,0,2,4,129" ten="237,140,386,237" oya="0" hai0="112,51,92,44,23,30,108,50,14,35,101,72,75" hai1="20,65,110,114,80,12,67,118,124,25,54,1,117" hai2="77,116,6,127,18,78,103,96,100,102,95,22,49" hai3="79,57,109,69,106,8,120,88,10,19,62,37,119"/><T32/><D112/><U58/><E110/><V87/><F127/><W128/><G119/><T81/><D108/><U107/><E1/><V63/><F116/><W91/><G109/><T135/><D35/><U83/><E124/><V48/><F6/><W84/><G128/><T105/><D105/><U71/><E107/><V26/><F63/><W74/><G37/><T126/><D32/><U122/><E122/><V34/><F34/><W16/><G106/><T2/><D2/><U5/><E114/><V29/><F29/><W15/><G69/><T7/><D126/><U38/><E38/><V94/><F87/><W70/><G70/><T133/><D51/><N who="2" m="19530" /><F94/><W59/><G74/><T76/><D75/><U31/><E117/><V86/><F86/><W132/><G132/><N who="0" m="50763" /><D7/><U130/><E118/><V47/><F47/><W40/><G40/><N who="0" m="24839" /><D30/><U64/><E130/><V9/><F9/><W68/><G120/><T115/><D115/><U3/><E3/><V73/><F73/><W0/><G0/><T60/><D60/><N who="1" m="35927" /><E71/><V56/><F56/><N who="3" m="21579" /><G62/><T125/><D125/><U134/><E134/><V42/><F42/><W113/><G68/><T111/><D111/><U46/><E46/><V66/><F66/><W53/><G113/><T98/><D23/><U45/><E45/><V11/><F11/><AGARI ba="0,0" hai="5,11,12,20,25,31,64,65,67,80,83" m="35927" machi="11" ten="30,1000,0" yaku="8,1" doraHai="129" who="1" fromWho="2" sc="237,0,140,10,386,-10,237,0" /><INIT seed="5,0,0,5,3,15" ten="237,150,376,237" oya="1" hai0="55,95,68,8,38,125,133,56,41,116,30,59,90" hai1="83,96,64,106,128,33,131,101,46,105,57,49,13" hai2="20,34,110,58,84,27,70,73,62,99,85,71,2" hai3="3,93,1,118,97,111,87,94,81,129,48,22,92"/><U134/><E134/><V42/><F34/><W74/><G74/><T126/><D116/><U88/><E33/><V51/><F2/><W78/><G111/><T100/><D100/><U89/><E106/><V4/><F73/><W35/><G35/><T76/><D76/><U31/><E31/><V7/><F110/><W98/><G1/><T26/><D68/><U112/><E112/><V54/><F99/><W130/><G3/><T14/><D133/><U122/><E122/><V123/><F123/><W18/><G48/><T21/><D41/><U104/><E104/><V45/><F70/><W50/><G50/><T16/><D38/><U37/><E37/><V61/><F61/><W121/><G121/><T12/><D12/><U75/><E13/><V6/><F71/><W36/><G36/><T115/><D115/><U44/><E44/><V117/><F117/><W65/><G65/><T86/><REACH who="0" step="1"/><D55/><REACH who="0" ten="227,150,376,237" step="2"/><N who="1" m="30135" /><E75/><V47/><F47/><W107/><G118/><T67/><D67/><U32/><E64/><V124/><F124/><AGARI ba="0,1" hai="8,14,16,21,26,30,56,59,86,90,95,124,125,126" machi="124" ten="40,8000,1" yaku="1,1,18,1,52,1,54,1,53,1" doraHai="15" doraHaiUra="19" who="0" fromWho="2" sc="227,90,150,0,376,-80,237,0" /><INIT seed="6,0,0,1,3,128" ten="317,150,296,237" oya="2" hai0="98,37,54,15,7,113,135,79,74,103,51,73,109" hai1="123,5,60,120,18,97,131,67,44,96,133,71,87" hai2="47,64,26,38,55,70,125,104,21,134,41,10,2" hai3="94,19,132,77,12,20,95,46,100,119,84,112,110"/><V9/><F104/><W36/><G110/><T85/><D37/><U61/><E131/><V124/><F70/><W13/><G119/><T16/><D109/><U105/><E5/><V53/><F64/><W3/><G3/><T30/><D7/><U0/><E0/><V31/><F134/><W111/><G111/><T65/><D135/><U57/><E133/><V115/><F115/><W42/><G112/><T101/><D30/><U69/><E44/><V130/><F130/><W106/><G132/><T14/><D65/><U17/><E87/><V68/><F68/><W76/><G106/><T24/><D74/><U126/><E105/><V93/><F93/><W25/><G95/><N who="0" m="58591" /><D103/><U62/><E67/><V99/><F99/><W34/><G100/><T75/><D73/><U56/><REACH who="1" step="1"/><E62/><REACH who="1" ten="317,140,296,237" step="2"/><V114/><F2/><W22/><G84/><T35/><D85/><U92/><E92/><V45/><F45/><W49/><G94/><T118/><D75/><U23/><E23/><V122/><F21/><W89/><G22/><T127/><D113/><U48/><E48/><V52/><F114/><W80/><G49/><T129/><D51/><U88/><E88/><V116/><F116/><W28/><G89/><T11/><D118/><U91/><E91/><V33/><F122/><W4/><G80/><T108/><D129/><U72/><E72/><V63/><F63/><W90/><G90/><T121/><D121/><U32/><E32/><V27/><F27/><W8/><AGARI ba="0,1" hai="4,8,12,13,19,20,25,28,34,36,42,46,76,77" machi="8" ten="30,1100,0" yaku="0,1" doraHai="128" who="3" fromWho="3" sc="317,-3,140,-3,296,-5,237,21" /><INIT seed="7,0,0,3,0,30" ten="314,137,291,258" oya="3" hai0="64,26,27,65,117,54,127,73,70,128,78,126,69" hai1="12,1,120,58,98,115,76,77,5,51,100,53,41" hai2="44,33,23,42,131,122,111,87,49,56,20,129,37" hai3="90,32,17,19,16,91,119,60,135,133,39,112,22"/><W99/><G119/><T83/><D54/><U21/><E120/><V105/><F111/><W71/><G39/><T13/><D117/><U38/><E115/><V103/><F122/><W86/><G112/><T66/><D13/><U10/><E38/><V75/><F75/><W11/><G32/><T79/><D128/><N who="2" m="49226" /><F87/><W25/><G99/><T110/><D110/><U63/><E1/><V9/><F9/><W68/><G90/><T52/><D52/><U82/><E21/><V85/><F85/><W6/><G19/><T106/><D106/><U59/><E82/><V67/><F33/><W0/><G17/><T34/><D79/><U101/><E101/><V121/><F121/><W47/><G47/><T96/><D96/><U46/><REACH who="1" step="1"/><E59/><REACH who="1" ten="314,127,291,258" step="2"/><V2/><F2/><W108/><G108/><T114/><D114/><U18/><E18/><V93/><F103/><W61/><G68/><T109/><D109/><U97/><E97/><V31/><F20/><W94/><G71/><T7/><D70/><U134/><E134/><AGARI ba="0,1" hai="0,6,11,16,22,25,60,61,86,91,94,133,134,135" machi="134" ten="40,3900,0" yaku="20,1,54,1" doraHai="30" who="3" fromWho="1" sc="314,0,127,-39,291,0,258,49" /><INIT seed="7,1,0,5,3,24" ten="314,88,291,307" oya="3" hai0="133,46,123,54,70,26,117,50,53,73,35,111,23" hai1="5,129,15,118,126,128,77,93,10,90,92,101,132" hai2="7,29,20,96,100,30,72,97,42,106,115,121,39" hai3="8,102,71,18,45,64,13,76,82,75,48,69,119"/><W44/><G119/><T33/><D117/><U91/><E118/><V87/><F72/><W95/><G44/><T74/><D111/><U88/><E126/><V80/><F39/><W114/><G114/><T89/><D70/><U60/><E132/><V2/><F115/><W107/><G107/><T28/><D123/><U25/><E77/><V110/><F110/><W21/><G64/><T127/><D133/><U67/><E25/><V135/><F135/><W31/><G31/><N who="2" m="11785" /><F106/><W68/><G21/><T43/><D127/><U85/><E101/><V12/><F2/><W14/><G14/><T61/><D74/><U122/><E122/><V94/><F121/><W108/><G108/><T79/><D35/><U0/><E0/><V86/><F42/><W40/><REACH who="3" step="1"/><G95/><REACH who="3" ten="314,88,291,297" step="2"/><T3/><D33/><U63/><E63/><V6/><F97/><W130/><G130/><T105/><D3/><U134/><E134/><V4/><F80/><W131/><G131/><T51/><D105/><U66/><E66/><V120/><F120/><W98/><G98/><T125/><D125/><U83/><E83/><V38/><F38/><W116/><G116/><T113/><D113/><U1/><E1/><V36/><F36/><W34/><G34/><T11/><D61/><U37/><E37/><V22/><F12/><W81/><G81/><N who="0" m="45295" /><D51/><U104/><E104/><V47/><F47/><W124/><G124/><T62/><D62/><U103/><E103/><AGARI ba="1,1" hai="8,13,18,40,45,48,68,69,71,75,76,82,102,103" machi="103" ten="40,2000,0" yaku="1,1,53,0" doraHai="24" doraHaiUra="49" who="3" fromWho="1" sc="314,0,88,-23,291,0,297,33" owari="314,11.0,65,-43.0,291,-11.0,330,43.0" /></mjloggm>