<mjloggm ver="2.3"><GO type="169" lobby="0"/><UN n0="%E3%83%88%E3%83%88%E3%83%AA%E5%85%88%E7%94%9F%31%39%E6%AD%B3" n1="%E3%81%8A%E3%81%98%E3%81%95%E3%82%93" n2="%64%6F%6E%63%68%61%6E%33" n3="%70%6F%72%75%63%61" dan="19,17,18,16" rate="2310.72,2185.29,2186.62,2082.31" sx="F,M,M,M"/><TAIKYOKU oya="0"/><INIT seed="0,0,0,1,1,113" ten="250,250,250,250" oya="0" hai0="121,2,60,127,54,114,82,71,130,31,42,70,45" hai1="38,29,73,90,72,21,97,74,50,36,37,76,27" hai2="18,135,28,58,91,68,85,120,7,48,112,14,4" hai3="49,77,108,119,129,133,33,80,92,40,20,134,32"/><T53/><D2/><U103/><E90/><V102/><F112/><W12/><G108/><T39/><D114/><U65/><E65/><V56/><F68/><N who="0" m="26154" /><D82/><U98/><E76/><V24/><F120/><W83/><G129/><T59/><D31/><U17/><E50/><V22/><F135/><N who="3" m="51723" /><G92/><T3/><D3/><U116/><E116/><V10/><F102/><W34/><G77/><T78/><D78/><U128/><E128/><V55/><REACH who="2" step="1"/><F58/><REACH who="2" ten="250,250,240,250" step="2"/><W81/><G33/><T16/><D130/><U89/><E89/><V61/><F61/><W66/><G34/><T96/><D121/><U75/><N who="1" m="18432" /><DORA hai="30" /><U95/><REACH who="1" step="1"/><E98/><REACH who="1" ten="250,240,240,250" step="2"/><V109/><F109/><W25/><G32/><T19/><D96/><U125/><E125/><V6/><F6/><W110/><G110/><T64/><D127/><U87/><E87/><V0/><F0/><W84/><G84/><T67/><D60/><U93/><E93/><AGARI ba="0,2" hai="4,7,10,14,18,22,24,28,48,55,56,85,91,93" machi="93" ten="30,3900,0" yaku="1,1,7,1,8,1,53,0" doraHai="113,30" doraHaiUra="69,100" who="2" fromWho="1" sc="250,0,240,-39,240,59,250,0" /><INIT seed="1,0,0,3,1,128" ten="250,201,299,250" oya="1" hai0="112,72,20,55,15,134,14,40,122,92,89,47,13" hai1="1,115,111,50,84,132,21,9,62,127,116,123,79" hai2="35,125,77,131,10,93,31,56,54,118,124,119,8" hai3="17,18,88,104,53,38,95,49,65,87,52,73,46"/><U82/><E115/><V108/><F77/><W101/><G73/><T126/><D112/><U32/><E116/><N who="2" m="44587" /><F93/><W45/><G65/><T135/><D72/><U28/><E123/><V3/><F3/><W12/><G38/><T60/><D126/><N who="2" m="48746" /><F131/><W6/><G6/><T90/><D122/><U42/><E127/><V109/><F54/><W78/><G78/><T75/><D75/><U61/><E111/><N who="2" m="42571" /><F56/><W105/><G105/><T27/><D55/><U129/><E129/><V22/><F22/><W117/><G104/><T4/><D60/><U2/><E21/><V48/><F48/><W107/><G107/><T96/><D90/><U102/><E102/><V114/><F114/><W103/><G117/><T16/><REACH who="0" step="1"/><D4/><REACH who="0" ten="240,201,299,250" step="2"/><U99/><E79/><V34/><F31/><W133/><G53/><T25/><D25/><U58/><E28/><V23/><F23/><W106/><G52/><T98/><D98/><U66/><E99/><V39/><F39/><AGARI ba="0,1" hai="13,14,15,16,20,27,39,40,47,89,92,96,134,135" machi="39" ten="40,8000,1" yaku="1,1,52,2,54,1,53,0" doraHai="128" doraHaiUra="7" who="0" fromWho="2" sc="240,90,201,0,299,-80,250,0" /><INIT seed="2,0,0,3,3,129" ten="330,201,219,250" oya="2" hai0="43,32,49,99,118,74,77,31,84,89,70,39,19" hai1="42,90,62,132,82,66,100,4,3,117,131,40,30" hai2="6,20,93,95,41,124,11,52,54,7,23,14,128" hai3="35,65,126,60,115,38,69,76,5,29,73,51,18"/><V68/><F128/><W63/><G126/><T2/><D70/><U83/><E131/><V133/><F124/><W134/><G51/><T121/><D121/><U120/><E117/><V53/><F68/><W112/><G18/><T25/><D39/><U107/><E120/><V13/><F41/><W104/><G5/><N who="2" m="1545" /><F133/><W24/><G38/><T123/><D123/><U8/><E132/><V101/><F11/><W1/><G1/><T57/><D2/><U33/><E42/><V71/><F71/><W55/><G55/><T122/><D122/><U98/><E90/><V0/><F0/><W27/><G27/><T87/><D118/><U94/><E40/><V10/><F10/><W36/><G36/><T75/><D19/><U21/><E107/><V81/><F81/><N who="3" m="45199" /><G63/><T56/><D49/><U106/><E33/><V58/><F101/><W28/><G104/><T34/><D43/><U91/><E106/><V97/><F58/><W59/><G59/><T116/><D57/><N who="1" m="37199" /><E100/><V79/><F79/><W92/><G92/><N who="2" m="35401" /><F97/><W103/><G103/><T16/><D99/><U130/><E130/><V110/><F110/><W109/><G29/><T45/><D116/><U88/><E91/><V61/><F61/><W9/><G60/><T108/><D32/><U12/><E3/><V50/><F50/><W72/><G69/><T46/><D34/><U47/><E47/><V22/><AGARI ba="0,0" hai="13,14,20,22,23,52,53,54" m="35401,1545" machi="22" ten="40,12000,1" yaku="28,2,8,1,54,1" doraHai="129" who="2" fromWho="2" sc="330,-40,201,-40,219,120,250,-40" /><INIT seed="2,1,0,1,1,114" ten="290,161,339,210" oya="2" hai0="37,121,0,71,94,51,98,103,85,13,43,3,132" hai1="125,68,123,41,77,19,79,57,56,45,60,32,97" hai2="109,53,47,31,8,122,86,78,11,133,129,46,135" hai3="35,120,128,18,48,67,127,112,80,110,126,113,72"/><V119/><F122/><W92/><G35/><T90/><D121/><U27/><E123/><V130/><F31/><W64/><G18/><T83/><D71/><U88/><E125/><N who="3" m="47626" /><G92/><T44/><D132/><N who="2" m="50762" /><F119/><W108/><G80/><T36/><REACH who="0" step="1"/><D13/><REACH who="0" ten="280,161,339,210" step="2"/><U104/><E68/><V2/><F109/><N who="3" m="42091" /><G72/><T21/><D21/><U91/><E32/><V55/><F2/><AGARI ba="1,1" hai="0,2,3,36,37,43,44,51,83,85,90,94,98,103" machi="2" ten="40,1300,0" yaku="1,1,53,0" doraHai="114" doraHaiUra="10" who="0" fromWho="2" sc="280,26,161,0,339,-16,210,0" /><INIT seed="3,0,0,5,1,102" ten="306,161,323,210" oya="3" hai0="58,45,67,2,72,20,86,51,47,63,76,130,133" hai1="103,132,71,95,11,26,57,39,87,98,134,25,14" hai2="4,54,74,5,66,7,21,94,56,107,125,83,19" hai3="93,75,108,69,8,35,106,22,115,85,135,79,33"/><W116/><G115/><T65/><D2/><U60/><E71/><V96/><F125/><W23/><G116/><T89/><D130/><U38/><E87/><V101/><F66/><W64/><G135/><N who="1" m="51754" /><E26/><V41/><F41/><W113/><G113/><T30/><D133/><U127/><E25/><V90/><F74/><W119/><G119/><T121/><D121/><U109/><E109/><V10/><F83/><W110/><G8/><T61/><D72/><U82/><E82/><V92/><F90/><W122/><G122/><T50/><D76/><U99/><E99/><V78/><F78/><W100/><G75/><T59/><D20/><N who="3" m="7721" /><G79/><T123/><D123/><U128/><E128/><V126/><F126/><W49/><G49/><N who="0" m="18443" /><D30/><U36/><E127/><V3/><F4/><W34/><G93/><AGARI ba="0,0" hai="45,47,58,59,61,63,65,67,86,89,93" m="18443" machi="93" ten="30,1000,0" yaku="8,1" doraHai="102" who="0" fromWho="3" sc="306,10,161,0,323,0,210,-10" /><INIT seed="4,0,0,0,1,19" ten="316,161,323,200" oya="0" hai0="35,89,72,14,92,32,129,54,104,57,3,36,121" hai1="81,38,120,127,4,53,45,71,118,135,62,110,95" hai2="74,51,21,25,20,87,56,5,93,124,16,102,103" hai3="11,15,113,96,27,17,37,82,111,47,78,22,108"/><T122/><D3/><U112/><E95/><V59/><F74/><W76/><G113/><T0/><D0/><U39/><E81/><V2/><F124/><W40/><G96/><T66/><D104/><U52/><E4/><V48/><F2/><W61/><G61/><T91/><D36/><N who="1" m="13867" /><E118/><V106/><F5/><W12/><G78/><T86/><D72/><U64/><E120/><V98/><F106/><W99/><G99/><T88/><D129/><U97/><E97/><V43/><F87/><W30/><REACH who="3" step="1"/><G12/><REACH who="3" ten="316,161,323,190" step="2"/><T41/><D122/><U44/><E112/><V131/><F131/><W63/><G63/><T10/><D121/><U133/><E127/><V128/><F128/><W90/><G90/><T77/><D77/><U94/><E110/><V105/><F103/><W101/><G101/><T46/><D91/><U85/><E85/><AGARI ba="0,1" hai="11,15,17,22,27,30,37,40,47,76,82,85,108,111" machi="85" ten="30,3900,0" yaku="1,1,7,1,52,1,53,0" doraHai="19" doraHaiUra="132" who="3" fromWho="1" sc="316,0,161,-39,323,0,190,49" /><INIT seed="5,0,0,5,4,87" ten="316,122,323,239" oya="1" hai0="83,70,5,100,89,85,22,131,75,18,112,80,135" hai1="82,48,15,12,58,36,51,40,102,107,106,109,46" hai2="101,59,57,1,62,63,13,30,31,41,37,132,34" hai3="94,2,90,92,97,49,130,103,113,91,26,76,14"/><U61/><E109/><V27/><F1/><W79/><G2/><T117/><D117/><U71/><E51/><V96/><F132/><W32/><G14/><T134/><D70/><U33/><E33/><V6/><F30/><W9/><G9/><T125/><D112/><U11/><E82/><V118/><F118/><W78/><G49/><T105/><D131/><U99/><E107/><V24/><F24/><W116/><G116/><T98/><D125/><U129/><E129/><V64/><F41/><W65/><G130/><T108/><D108/><U121/><E121/><V115/><F37/><W86/><G65/><T39/><D39/><U38/><E71/><V110/><F115/><W44/><G44/><T25/><D5/><U67/><REACH who="1" step="1"/><E15/><REACH who="1" ten="316,112,323,239" step="2"/><V114/><F110/><W122/><G122/><T20/><D80/><U52/><E52/><V104/><F114/><W128/><G128/><T68/><D68/><U54/><E54/><V35/><F13/><W4/><G113/><T17/><D75/><U60/><E60/><V126/><F34/><W66/><G32/><T47/><D47/><U7/><AGARI ba="0,1" hai="7,11,12,36,38,40,46,48,58,61,67,99,102,106" machi="7" ten="20,3900,0" yaku="1,1,0,1,7,1,53,0" doraHai="87" doraHaiUra="16" who="1" fromWho="1" sc="316,-13,112,49,323,-13,239,-13" /><INIT seed="5,1,0,4,3,75" ten="303,161,310,226" oya="1" hai0="100,23,11,41,9,0,36,72,91,51,34,19,4" hai1="27,109,30,32,43,52,134,46,18,126,44,99,117" hai2="107,78,112,74,16,65,121,103,135,1,8,62,102" hai3="120,13,79,111,114,38,33,97,10,110,54,40,22"/><U6/><E117/><V132/><F121/><W131/><G120/><T105/><D34/><U92/><E109/><V122/><F122/><W90/><G33/><T42/><D36/><U48/><E126/><V84/><F74/><W15/><G54/><T96/><D72/><U113/><E113/><V87/><F112/><W128/><G40/><T14/><D51/><U116/><E134/><N who="2" m="51243" /><F107/><W35/><G35/><T61/><D91/><U115/><E115/><V71/><F84/><W127/><G38/><T133/><D133/><U80/><E116/><V130/><F130/><W101/><G22/><T106/><D106/><U29/><E6/><N who="2" m="1103" /><F16/><N who="3" m="8247" /><G15/><T125/><D125/><U55/><E30/><V77/><F87/><W56/><G56/><T94/><D105/><U119/><E119/><V95/><F95/><N who="3" m="58559" /><G127/><T2/><D61/><U31/><E31/><V129/><F129/><N who="3" m="49739" /><G90/><T98/><D98/><U76/><E18/><V47/><F47/><W104/><G104/><T5/><AGARI ba="1,0" hai="0,2,4,5,9,11,14,19,23,41,42,94,96,100" machi="5" ten="30,2000,0" yaku="0,1,9,1" doraHai="75" who="0" fromWho="0" sc="303,23,161,-11,310,-6,226,-6" /><INIT seed="6,0,0,5,4,127" ten="326,150,304,220" oya="2" hai0="92,122,103,98,125,19,16,91,15,66,105,99,51" hai1="69,18,124,48,95,11,36,123,29,131,34,20,55" hai2="79,130,26,118,80,40,32,64,2,71,17,93,45" hai3="5,57,111,76,56,135,10,7,28,83,104,21,110"/><V35/><F118/><W102/><G135/><T60/><D125/><U117/><E124/><V75/><F2/><W43/><G43/><T1/><D122/><U12/><E117/><V101/><F71/><W63/><G56/><T24/><D1/><U77/><E123/><V13/><F64/><W53/><G102/><T121/><D121/><U0/><E69/><V9/><F26/><W112/><G104/><T47/><D15/><U85/><E36/><V109/><F109/><W113/><G21/><T42/><D24/><U128/><E34/><V129/><F101/><W94/><G94/><T90/><D90/><U31/><E77/><V49/><REACH who="2" step="1"/><F93/><REACH who="2" ten="326,150,294,220" step="2"/><W70/><G70/><AGARI ba="0,1" hai="16,19,42,47,51,60,66,70,91,92,98,99,103,105" machi="70" ten="30,2000,0" yaku="7,1,54,1" doraHai="127" who="0" fromWho="3" sc="326,30,150,0,294,0,220,-20" /><INIT seed="7,0,0,1,0,18" ten="356,150,294,200" oya="3" hai0="42,91,88,32,26,7,93,83,134,27,6,118,104" hai1="69,108,53,11,24,39,55,49,22,77,123,14,16" hai2="58,116,71,127,106,135,90,30,92,20,47,129,128" hai3="2,4,12,131,111,73,35,65,75,54,50,3,101"/><W66/><G35/><T84/><D118/><U96/><E123/><V1/><F71/><W25/><G25/><N who="0" m="9227" /><D104/><U79/><E108/><V36/><F106/><W68/><G101/><T28/><D32/><U31/><E39/><V61/><F30/><W132/><G12/><T15/><D134/><U62/><E96/><V97/><F1/><W43/><G3/><T51/><D28/><U33/><E69/><V94/><F135/><W17/><G132/><T74/><D74/><U133/><E133/><V57/><F116/><W82/><G17/><T98/><D15/><U63/><E33/><V126/><F47/><AGARI ba="0,0" hai="6,7,42,47,51,83,84,88,91,93,98" m="9227" machi="47" ten="30,2000,0" yaku="8,1,54,1" doraHai="18" who="0" fromWho="2" sc="356,20,150,0,294,-20,200,0" owari="376,48.0,150,-35.0,274,7.0,200,-20.0" /></mjloggm>