<mjloggm ver="2.3"><GO type="169" lobby="0"/><UN n0="%77%6F%6E%64%65%72%32" n1="%E9%88%B4%E4%BD%B3" n2="%E3%82%A6%E3%83%AB%E3%83%88%E3%83%A9%E7%AB%8B%E7%9B%B4" n3="%E3%82%AD%E3%83%A5%E3%82%A2%E3%82%A8%E3%83%BC%E3%82%B9" dan="16,16,17,16" rate="2078.03,2225.44,2197.94,2100.62" sx="M,M,M,F"/><TAIKYOKU oya="0"/><INIT seed="0,0,0,4,3,65" ten="250,250,250,250" oya="0" hai0="6,97,17,110,78,90,84,21,51,118,56,8,121" hai1="76,126,122,95,116,107,115,1,13,44,50,46,62" hai2="94,111,40,74,36,34,4,101,24,119,41,55,11" hai3="99,82,59,93,18,23,20,37,66,48,43,32,113"/><T10/><D118/><U0/><E107/><V72/><F119/><W26/><G32/><T86/><D121/><U30/><E116/><V134/><F101/><W28/><G113/><T53/><D110/><U103/><E122/><V27/><F94/><W106/><G106/><T68/><D68/><U127/><E115/><V87/><F87/><W135/><G135/><T112/><D112/><U91/><E103/><V64/><F64/><W83/><G37/><T60/><D6/><U5/><E76/><V45/><F41/><W69/><G69/><T85/><D78/><U52/><E30/><V2/><F134/><W128/><G128/><T12/><D60/><U89/><E89/><V33/><F55/><N who="3" m="32231" /><G66/><T58/><D58/><U114/><E114/><V77/><F111/><W14/><G43/><T31/><D31/><U15/><E46/><V70/><F70/><W81/><G81/><T109/><D109/><U117/><E117/><V104/><F104/><W39/><G39/><T100/><D100/><AGARI ba="0,0" hai="14,18,20,23,26,28,82,83,93,99,100" m="32231" machi="100" ten="30,1000,0" yaku="8,1" doraHai="65" who="3" fromWho="0" sc="250,-10,250,0,250,0,250,10" /><INIT seed="1,0,0,5,1,114" ten="240,250,250,260" oya="1" hai0="60,13,51,95,16,3,25,23,1,135,63,9,108" hai1="103,88,37,73,75,123,113,117,83,48,26,68,79" hai2="21,128,100,67,14,133,55,41,5,52,4,66,47" hai3="124,39,49,125,62,118,130,54,17,36,102,34,112"/><U12/><E37/><N who="3" m="14410" /><G34/><T82/><D108/><U107/><E113/><V91/><F100/><W122/><G102/><T111/><D111/><U127/><E123/><V104/><F104/><W19/><G122/><T77/><D135/><U87/><E68/><V109/><F109/><W96/><G112/><T15/><D1/><U105/><E127/><N who="3" m="48714" /><G130/><T29/><D95/><U61/><E61/><V84/><F41/><W50/><G96/><T86/><D3/><U10/><E26/><V119/><F133/><W129/><G129/><T6/><REACH who="0" step="1"/><D51/><REACH who="0" ten="230,250,250,260" step="2"/><N who="3" m="19465" /><G118/><T65/><D65/><U80/><E117/><V46/><F67/><W110/><G110/><T11/><AGARI ba="0,1" hai="6,9,11,13,15,16,23,25,29,60,63,77,82,86" machi="11" ten="20,8000,1" yaku="1,1,0,1,7,1,8,1,54,1,53,0" doraHai="114" doraHaiUra="93" who="0" fromWho="0" sc="230,90,250,-40,250,-20,260,-20" /><INIT seed="2,0,0,2,1,112" ten="320,210,230,240" oya="2" hai0="72,131,117,32,85,132,111,44,49,119,22,59,78" hai1="89,27,55,11,37,45,10,14,123,90,51,6,116" hai2="127,67,88,106,21,103,47,58,4,93,113,9,69" hai3="5,77,105,33,82,115,84,25,91,38,86,41,7"/><V0/><F113/><W19/><G105/><T74/><D32/><U75/><E75/><V36/><F69/><W66/><G115/><T87/><D59/><U56/><E123/><V23/><F127/><W3/><G66/><T13/><D111/><U57/><E116/><N who="0" m="44617" /><D132/><U39/><E39/><V95/><F106/><W48/><G38/><T100/><D100/><U12/><E27/><V28/><F28/><W24/><G3/><T107/><D107/><U54/><E37/><V65/><F95/><W124/><G124/><T40/><D131/><U129/><E129/><V18/><F103/><W34/><G34/><T108/><D108/><U70/><E70/><V73/><F73/><N who="0" m="28266" /><D78/><U128/><E128/><V80/><F80/><N who="3" m="49607" /><G33/><T130/><D130/><U102/><E102/><V29/><F58/><W104/><G104/><T8/><D22/><U99/><E99/><V52/><F23/><N who="3" m="13439" /><G25/><T61/><D61/><N who="1" m="35991" /><E57/><V79/><F79/><W133/><G133/><T118/><N who="0" m="44625" /><T134/><DORA hai="62" /><D134/><U60/><E60/><V121/><F21/><W20/><G20/><T81/><D81/><U76/><E76/><V17/><F121/><W94/><G94/><T30/><D30/><U53/><E53/><V126/><F29/><W109/><G109/><T43/><D43/><U64/><E64/><N who="2" m="24651" /><F52/><W96/><G77/><T97/><D97/><U125/><E125/><V46/><F126/><W98/><G98/><T114/><D114/><U16/><AGARI ba="0,0" hai="6,10,11,12,14,16,45,51,55,89,90" m="35991" machi="16" ten="30,2000,0" yaku="8,1,54,1" doraHai="112,62" who="1" fromWho="1" sc="320,-5,210,20,230,-10,240,-5" /><INIT seed="3,0,0,0,5,113" ten="315,230,220,235" oya="3" hai0="1,50,61,111,4,112,63,78,123,128,42,32,81" hai1="59,133,114,79,23,8,28,75,88,90,96,69,101" hai2="94,91,12,135,122,115,11,85,95,0,33,110,45" hai3="26,119,127,62,116,87,2,109,31,76,120,58,108"/><W77/><G120/><T24/><D123/><U54/><E69/><V41/><F122/><W131/><G2/><T55/><D128/><U64/><E64/><V89/><F115/><W7/><G7/><T3/><D111/><N who="3" m="42569" /><G131/><T104/><D104/><U118/><E114/><V100/><F110/><W9/><G9/><T93/><D93/><U107/><E133/><V125/><F0/><W86/><G127/><T105/><D105/><U18/><E28/><V17/><F33/><N who="3" m="20727" /><G86/><T43/><D4/><U124/><E8/><V51/><F135/><W73/><G73/><T68/><D1/><U5/><E5/><V80/><F125/><W102/><G102/><T99/><D3/><U48/><E124/><V126/><F126/><W72/><G72/><T35/><D35/><U37/><E75/><V46/><F100/><W70/><G70/><T130/><D32/><U98/><E98/><V13/><F13/><W39/><G39/><T21/><D68/><U92/><E37/><V22/><F11/><W56/><G56/><T71/><D71/><U83/><E59/><V34/><F34/><W106/><G106/><T16/><D130/><U67/><E107/><V121/><F121/><W6/><G6/><T29/><D112/><U97/><E101/><V60/><F85/><W38/><G38/><T57/><D57/><U132/><E132/><V47/><F22/><W66/><G87/><T10/><D21/><U84/><E23/><V36/><F36/><W15/><G15/><T52/><D10/><U65/><E84/><V82/><F12/><W40/><G40/><T20/><D43/><RYUUKYOKU ba="0,0" sc="315,-10,230,-10,220,-10,235,30" hai3="58,62,66,76,77,116,119" /><INIT seed="3,1,0,1,2,87" ten="305,220,210,265" oya="3" hai0="80,49,34,130,94,135,45,28,96,50,111,36,133" hai1="71,66,4,128,129,58,102,62,70,112,110,131,126" hai2="29,114,41,22,117,89,107,93,40,21,19,106,48" hai3="52,92,32,17,31,103,26,134,75,65,100,104,69"/><W124/><G134/><N who="0" m="51211" /><D111/><U6/><E112/><V85/><F114/><W86/><G124/><T59/><D130/><U1/><E126/><V39/><F117/><W14/><G75/><T54/><D80/><U132/><E132/><V79/><F39/><W109/><G109/><T122/><D122/><U27/><E110/><V42/><F79/><W73/><G73/><T53/><D28/><U77/><E77/><V57/><F29/><W30/><G30/><T20/><D34/><U115/><E115/><V33/><F22/><W23/><G104/><T46/><D20/><U120/><E120/><V3/><F3/><W15/><G15/><T64/><D94/><U113/><E113/><V18/><F18/><W119/><G119/><T127/><D96/><U90/><E102/><V9/><F9/><W60/><REACH who="3" step="1"/><G52/><REACH who="3" ten="305,220,210,255" step="2"/><N who="0" m="29751" /><D127/><U97/><E1/><V67/><F33/><W35/><G35/><T44/><D36/><U101/><E27/><V121/><F121/><W63/><G63/><N who="0" m="38015" /><D54/><U95/><E101/><V74/><F74/><W84/><G84/><T83/><D83/><U0/><E0/><V16/><F107/><W25/><G25/><T11/><D11/><U88/><E131/><V56/><F106/><W7/><G7/><T108/><D108/><U91/><E129/><V8/><F8/><W123/><G123/><T125/><D125/><U105/><E105/><V24/><F24/><W2/><G2/><T72/><D72/><U5/><E128/><V37/><F37/><W76/><G76/><T98/><D98/><U78/><E78/><V81/><F85/><W68/><G68/><RYUUKYOKU ba="1,1" sc="305,10,220,10,210,-30,255,10" hai0="44,45,50,53" hai1="4,5,6,58,62,66,70,71,88,90,91,95,97" hai3="14,17,23,26,31,32,60,65,69,86,92,100,103" /><INIT seed="3,2,1,0,1,48" ten="315,230,180,265" oya="3" hai0="102,96,121,83,101,87,105,89,88,110,85,50,81" hai1="64,27,45,77,131,80,25,53,134,68,99,16,63" hai2="107,20,114,66,120,74,122,86,30,13,10,103,51" hai3="79,128,116,34,72,100,55,73,61,26,21,133,76"/><W12/><G116/><T126/><D121/><N who="2" m="46698" /><F74/><W123/><G123/><T19/><D110/><U56/><E134/><V98/><F114/><W69/><G128/><T104/><D19/><U42/><E131/><V0/><F66/><W35/><G73/><T127/><D50/><U36/><E99/><AGARI ba="2,1" hai="81,83,85,87,88,89,96,99,101,102,104,105,126,127" machi="99" ten="40,12000,2" yaku="32,3,34,3,54,1" doraHai="48" who="0" fromWho="1" sc="315,136,230,-126,180,0,265,0" /><INIT seed="4,0,0,3,3,104" ten="451,104,180,265" oya="0" hai0="95,40,49,52,108,123,45,23,84,93,122,130,21" hai1="2,34,48,33,83,42,91,7,128,51,44,133,86" hai2="77,79,13,102,11,62,117,50,67,53,80,19,18" hai3="35,70,85,32,24,60,22,98,114,87,100,103,106"/><T68/><D68/><U109/><E109/><V110/><F110/><W0/><G114/><T39/><D108/><U107/><E107/><V116/><F102/><W99/><G0/><T25/><D130/><U43/><E128/><V37/><F37/><W29/><G32/><T126/><D126/><U4/><E133/><V55/><F19/><W6/><G6/><T73/><D73/><U71/><E71/><V27/><F27/><W124/><G124/><T59/><D21/><U66/><E66/><V61/><F67/><N who="3" m="41319" /><G22/><T90/><REACH who="0" step="1"/><D95/><AGARI ba="0,0" hai="24,29,35,85,87,95,98,99,100,103,106" m="41319" machi="95" ten="30,1000,0" yaku="25,1" doraHai="104" who="3" fromWho="0" sc="451,-10,104,0,180,0,265,10" /><INIT seed="5,0,0,0,3,110" ten="441,104,180,275" oya="1" hai0="126,57,98,115,93,122,75,38,20,83,31,52,10" hai1="114,129,60,99,72,133,15,19,116,67,2,91,124" hai2="82,77,45,29,105,3,43,30,109,62,22,70,5" hai3="23,120,26,104,8,96,40,85,84,59,132,9,92"/><U131/><E116/><V102/><F109/><W74/><G74/><T128/><D38/><U113/><E72/><N who="2" m="43303" /><F22/><W42/><G104/><T94/><D94/><N who="1" m="56799" /><E2/><V28/><F102/><W127/><G132/><T37/><D37/><U6/><E6/><V73/><F105/><W27/><G127/><T125/><D122/><U32/><E32/><V41/><F41/><N who="3" m="15979" /><G27/><T49/><D10/><N who="3" m="4201" /><G59/><T24/><D128/><N who="1" m="49227" /><E133/><V11/><F73/><W117/><G117/><T13/><D13/><U100/><E100/><V1/><F1/><W78/><G78/><T108/><D75/><U34/><E34/><V101/><F101/><N who="3" m="60551" /><G120/><T107/><D107/><U44/><E44/><V16/><F62/><W46/><G46/><T0/><D0/><U86/><E86/><V90/><F90/><W106/><G106/><T47/><D47/><U14/><E124/><V130/><F130/><W25/><G25/><T71/><D24/><U88/><E88/><V56/><F43/><W64/><G64/><T58/><D125/><U103/><E103/><V63/><F45/><W69/><G69/><T4/><D71/><N who="1" m="42471" /><E15/><N who="2" m="7295" /><F70/><W18/><AGARI ba="0,0" hai="18,23,26,84,85" m="60551,4201,15979" machi="18" ten="30,1100,0" yaku="8,1" doraHai="110" who="3" fromWho="3" sc="441,-3,104,-5,180,-3,275,11" /><INIT seed="6,0,0,5,1,70" ten="438,99,177,286" oya="2" hai0="51,88,82,56,33,104,3,106,63,102,69,97,127" hai1="117,128,77,16,73,92,109,24,54,23,129,42,5" hai2="94,132,9,118,133,22,114,130,71,62,91,44,96" hai3="78,35,57,116,13,11,46,65,80,135,48,89,75"/><V39/><F118/><W86/><G35/><T131/><D33/><U7/><E117/><V100/><F114/><W8/><G116/><T95/><D3/><U72/><E109/><V31/><F9/><W123/><G123/><T59/><D127/><U101/><E54/><V45/><F130/><W119/><G119/><T105/><D131/><N who="1" m="50251" /><E42/><V29/><F45/><W18/><G135/><N who="2" m="51785" /><F22/><N who="3" m="11599" /><G75/><N who="1" m="28746" /><E77/><V27/><F27/><W50/><G78/><T113/><D113/><U122/><E122/><V115/><F115/><W107/><G107/><T58/><D51/><N who="3" m="19497" /><G46/><T55/><D69/><U79/><E79/><V0/><F0/><W47/><G47/><T43/><D43/><U6/><E92/><V52/><F71/><W68/><G68/><T26/><REACH who="0" step="1"/><D26/><REACH who="0" ten="428,99,177,286" step="2"/><U2/><E101/><V111/><F100/><W120/><G120/><T74/><D74/><U66/><E66/><V15/><F111/><W98/><G65/><T21/><D21/><U30/><E2/><V67/><F67/><W20/><G20/><T17/><D17/><AGARI ba="0,1" hai="5,6,7,16,17,23,24,30" m="28746,50251" machi="17" ten="40,2600,0" yaku="19,1,54,1" doraHai="70" who="1" fromWho="0" sc="428,-26,99,36,177,0,286,0" /><INIT seed="7,0,0,4,5,24" ten="402,135,177,286" oya="3" hai0="117,26,41,79,127,111,53,126,132,95,37,25,94" hai1="4,93,61,128,22,13,77,130,68,64,21,119,135" hai2="74,54,101,131,52,42,81,92,69,123,36,88,14" hai3="27,105,18,102,96,28,8,104,9,109,16,116,45"/><W31/><G116/><T5/><D5/><U129/><E119/><V44/><F69/><W32/><G109/><T84/><D111/><U90/><E135/><V29/><F29/><N who="3" m="11339" /><G104/><T106/><D106/><U98/><E77/><V125/><F101/><W30/><G105/><T103/><D132/><U121/><E121/><V71/><F71/><W114/><G114/><T83/><D117/><U63/><E63/><V89/><F89/><W107/><G107/><T108/><D108/><U66/><E66/><V6/><F131/><W33/><G33/><T86/><D53/><U80/><E80/><V134/><F52/><W115/><G115/><T70/><D70/><U118/><E118/><V110/><F54/><W113/><G113/><T0/><D0/><U75/><E75/><V38/><F38/><W2/><G2/><T1/><D41/><U10/><E22/><V58/><F110/><W43/><G32/><T20/><D37/><U78/><E78/><V87/><F134/><W97/><N who="3" m="11347" /><W47/><DORA hai="122" /><G102/><T56/><D1/><U11/><E11/><N who="3" m="4170" /><G27/><T48/><D26/><U51/><E21/><V72/><F123/><W73/><G73/><T62/><D20/><U120/><E120/><V15/><F74/><W124/><G124/><T3/><D25/><U59/><E68/><V12/><F125/><W65/><G65/><T60/><D3/><U67/><E67/><V49/><F72/><W17/><G43/><T7/><D127/><U112/><E112/><V34/><F34/><W23/><G23/><T133/><D126/><U46/><E130/><V39/><F42/><RYUUKYOKU ba="0,0" sc="402,-15,135,15,177,-15,286,15" hai1="4,10,13,46,51,59,61,64,90,93,98,128,129" hai3="16,17,18,45,47,96,97" /><INIT seed="7,1,0,4,3,128" ten="387,150,162,301" oya="3" hai0="13,108,30,12,64,56,118,15,67,125,126,121,68" hai1="120,48,72,22,122,26,34,90,105,0,127,53,94" hai2="31,80,114,5,58,29,65,51,99,61,2,133,36" hai3="39,96,129,123,134,115,132,92,52,62,83,37,70"/><W24/><G123/><T45/><D121/><U74/><E105/><V84/><F36/><W19/><G129/><T57/><D118/><U46/><E34/><V88/><F2/><W59/><G70/><T6/><D68/><U78/><E0/><V50/><F114/><W91/><G115/><T14/><D30/><N who="2" m="11274" /><F133/><N who="3" m="51307" /><G83/><T69/><D108/><U81/><E74/><V33/><F33/><W97/><G97/><T63/><D45/><U86/><E127/><N who="0" m="48649" /><D67/><U106/><E106/><V113/><F113/><W103/><G103/><T55/><D55/><U16/><AGARI ba="1,0" hai="16,22,26,46,48,53,72,78,81,86,90,94,120,122" machi="16" ten="20,2700,0" yaku="0,1,7,1,54,1" doraHai="128" who="1" fromWho="1" sc="387,-8,150,30,162,-8,301,-14" owari="379,48.0,180,-22.0,154,-35.0,287,9.0" /></mjloggm>