<mjloggm ver="2.3"><GO type="169" lobby="0"/><UN n0="%E3%83%9E%E3%83%AB%E3%83%92%E3%83%AD" n1="%E3%82%A6%E3%83%AB%E3%83%88%E3%83%A9%E7%AB%8B%E7%9B%B4" n2="%4C%41%50%44" n3="%E9%BA%BB%E9%9B%80%E3%82%84%E3%82%81%E3%81%9F%E3%81%84" dan="16,16,17,16" rate="2055.86,2156.94,2141.44,2099.59" sx="M,M,M,F"/><TAIKYOKU oya="0"/><INIT seed="0,0,0,0,4,91" ten="250,250,250,250" oya="0" hai0="52,27,79,11,39,54,81,112,64,44,83,3,10" hai1="118,6,114,1,105,78,18,103,89,115,108,66,86" hai2="123,134,33,29,94,95,43,97,42,84,31,9,130" hai3="38,120,131,28,82,25,99,21,59,102,92,80,125"/><T132/><D112/><N who="1" m="43051" /><E6/><V124/><F123/><W57/><G131/><T41/><D132/><U47/><E1/><V26/><F134/><W40/><G125/><T22/><D64/><U20/><E118/><V128/><F124/><W74/><G120/><T5/><D11/><U60/><E108/><V4/><F31/><W67/><G74/><T34/><D34/><U8/><E47/><V23/><F33/><W32/><G32/><T73/><D83/><U88/><E8/><V55/><F55/><W14/><G14/><T62/><D62/><U2/><E2/><V101/><F42/><W15/><G15/><T122/><D122/><U90/><E103/><V37/><F43/><W85/><G67/><T45/><D44/><U71/><E105/><N who="2" m="63663" /><F84/><W133/><G133/><T117/><D117/><U16/><E20/><V65/><F65/><W30/><G82/><AGARI ba="0,0" hai="16,18,60,66,71,78,82,86,88,89,90" m="43051" machi="82" ten="30,3900,0" yaku="11,1,54,2" doraHai="91" who="1" fromWho="3" sc="250,0,250,39,250,0,250,-39" /><INIT seed="1,0,0,3,2,30" ten="250,289,250,211" oya="1" hai0="125,5,85,70,15,52,7,76,93,36,33,100,112" hai1="18,27,86,71,133,3,47,56,38,81,31,19,79" hai2="107,53,113,99,91,111,87,131,10,23,123,92,14" hai3="16,42,108,0,62,95,78,132,40,60,68,25,44"/><U110/><E71/><V121/><F111/><W82/><G108/><T129/><D112/><U39/><E110/><V135/><F113/><W9/><G132/><T34/><D36/><U72/><E133/><V122/><F135/><W89/><G0/><T22/><D76/><U49/><E3/><V120/><F131/><W127/><G127/><T77/><D77/><U61/><E72/><V128/><F128/><W51/><G40/><T98/><D125/><U6/><E6/><V105/><F23/><N who="3" m="13543" /><G68/><T65/><D85/><U84/><E84/><V66/><F66/><W24/><G82/><T67/><D67/><U46/><E39/><V126/><F126/><W88/><G78/><T48/><D129/><U28/><E38/><V63/><F87/><N who="3" m="52639" /><G89/><T101/><D70/><U8/><E86/><V103/><F91/><W114/><G114/><T106/><D65/><N who="1" m="39079" /><E81/><V117/><F120/><W75/><G75/><T73/><D73/><U64/><E64/><V11/><F123/><W115/><G115/><T94/><D106/><U4/><E79/><V74/><F74/><W124/><G124/><T55/><D98/><U59/><E31/><V20/><F107/><W29/><G9/><N who="2" m="3081" /><F105/><W69/><G69/><T13/><D22/><AGARI ba="0,0" hai="22,24,29,42,44,51,60,62" m="52639,13543" machi="22" ten="30,3900,0" yaku="8,1,54,2" doraHai="30" who="3" fromWho="0" sc="250,-39,289,0,250,0,211,39" /><INIT seed="2,0,0,3,4,15" ten="211,289,250,250" oya="2" hai0="130,28,43,105,107,67,41,96,9,110,65,52,118" hai1="3,63,101,78,100,91,125,132,75,134,60,74,128" hai2="26,40,12,112,71,85,64,119,31,129,1,57,99" hai3="38,48,83,97,22,108,2,66,73,133,102,24,32"/><V58/><F112/><W42/><G48/><T44/><D118/><U33/><E33/><V61/><F119/><W109/><G133/><N who="1" m="51306" /><E3/><V113/><F1/><W23/><G66/><T111/><D130/><U87/><E78/><V49/><F113/><W81/><G32/><T36/><D28/><U5/><E5/><V90/><F99/><W53/><G2/><T76/><D76/><U8/><E8/><V122/><F122/><W126/><G53/><T25/><D25/><U68/><E68/><V131/><F12/><W46/><G23/><T79/><D79/><U94/><E128/><N who="2" m="49227" /><F40/><W7/><G7/><T62/><D9/><U14/><E14/><V86/><F49/><W27/><G27/><T70/><D96/><U19/><E125/><V30/><F85/><W56/><G126/><T18/><D43/><U123/><E123/><V98/><F98/><W20/><G20/><T117/><D117/><U13/><E101/><V104/><F31/><W121/><G121/><T37/><D41/><U50/><E100/><V21/><F104/><W55/><G73/><N who="1" m="27658" /><E50/><V39/><F39/><W77/><G77/><T69/><D37/><U116/><E116/><V95/><AGARI ba="0,0" hai="21,26,30,57,58,61,64,71,86,90,95" m="49227" machi="95" ten="30,1500,0" yaku="19,1" doraHai="15" who="2" fromWho="2" sc="211,-5,289,-5,250,15,250,-5" /><INIT seed="2,1,0,2,3,45" ten="206,284,265,245" oya="2" hai0="94,102,84,115,113,123,8,1,87,44,122,29,48" hai1="37,78,72,55,86,69,16,118,90,71,108,64,83" hai2="134,91,128,132,133,92,13,58,56,54,106,12,109" hai3="98,61,10,6,52,125,126,127,110,57,41,95,119"/><V32/><F106/><W25/><G119/><T21/><D1/><U28/><E118/><V5/><F128/><W107/><G110/><T112/><D8/><U27/><E37/><V121/><F121/><W23/><G107/><T26/><D87/><U47/><E108/><V67/><F109/><W38/><G41/><T70/><D70/><U97/><E97/><V31/><F5/><W33/><G33/><T79/><D102/><U2/><E2/><V135/><F67/><W0/><G38/><T66/><D66/><U18/><E64/><V105/><F105/><W120/><G120/><T63/><D63/><U19/><E47/><V74/><F74/><W39/><G39/><T22/><D21/><U124/><E55/><V9/><F56/><W104/><G104/><T77/><D77/><U53/><E53/><V49/><N who="2" m="33792" /><DORA hai="85" /><V35/><F31/><W99/><REACH who="3" step="1"/><G95/><REACH who="3" ten="206,284,265,235" step="2"/><T7/><D94/><U73/><E124/><V101/><F35/><W59/><G59/><T30/><D122/><U3/><E71/><V42/><F32/><W130/><G130/><T100/><D123/><U75/><E69/><V46/><F42/><W24/><G24/><T11/><D115/><U4/><E27/><V111/><F58/><W81/><G81/><N who="0" m="47167" /><D113/><U65/><E83/><V34/><F34/><W80/><G80/><T60/><D26/><U129/><E129/><V93/><F111/><W117/><G117/><T131/><D112/><U76/><E78/><V62/><F93/><W36/><G36/><T51/><D131/><U14/><E76/><V116/><F116/><W40/><G40/><RYUUKYOKU ba="1,1" sc="206,-10,284,-10,265,-10,235,30" hai3="0,6,10,23,25,52,57,61,98,99,125,126,127" /><INIT seed="3,2,1,0,3,14" ten="196,274,255,265" oya="3" hai0="130,94,113,19,118,80,75,12,133,135,15,4,117" hai1="74,85,90,87,125,70,60,128,41,40,9,52,123" hai2="48,100,37,101,38,97,49,76,116,61,32,11,67" hai3="8,62,91,29,124,44,53,95,110,26,81,23,103"/><W79/><G124/><T86/><D130/><U84/><E123/><V28/><F116/><W13/><G110/><T58/><D113/><U35/><E35/><V82/><F101/><W17/><G103/><T126/><D126/><U122/><E122/><V56/><F11/><W64/><G44/><T89/><D58/><N who="1" m="34887" /><E74/><V102/><F102/><W33/><G53/><T92/><D4/><U10/><E70/><V109/><F109/><W93/><G91/><T7/><D12/><U99/><E128/><V108/><F108/><W69/><REACH who="3" step="1"/><G33/><REACH who="3" ten="196,274,255,255" step="2"/><T134/><D117/><U0/><E125/><V83/><F100/><W39/><G39/><T98/><D118/><U68/><E90/><V111/><F37/><W106/><G106/><T114/><D114/><U30/><E41/><V34/><F38/><W27/><G27/><T104/><D104/><U115/><E40/><V6/><F34/><W129/><G129/><T65/><D89/><U42/><E42/><V78/><F32/><W43/><G43/><T21/><D135/><U66/><E115/><V47/><F47/><W2/><G2/><T16/><D134/><U45/><E0/><V36/><F36/><W127/><G127/><T54/><D54/><U112/><E45/><V57/><F111/><W55/><G55/><T71/><D133/><U20/><E112/><V50/><F76/><W46/><G46/><T107/><D107/><U77/><E77/><V105/><F78/><W51/><G51/><T25/><D25/><U73/><E66/><V63/><F105/><W22/><G22/><T119/><D65/><U59/><E20/><RYUUKYOKU ba="2,2" sc="196,-10,274,-10,255,-10,255,30" hai3="8,13,17,23,26,29,62,64,69,79,81,93,95" /><INIT seed="3,3,2,2,3,20" ten="186,264,245,285" oya="3" hai0="36,75,98,128,62,56,38,15,43,7,45,59,95" hai1="97,42,114,67,24,9,40,88,133,111,105,39,106" hai2="84,33,73,49,34,87,86,66,90,37,123,120,82" hai3="35,94,4,131,64,30,112,65,14,31,11,70,26"/><W63/><G112/><T41/><D75/><U28/><E114/><V116/><F37/><W57/><G131/><T134/><D128/><U8/><E67/><V99/><F116/><W68/><G65/><T29/><D134/><U18/><E133/><V47/><F66/><W132/><G132/><T93/><D7/><U107/><E111/><V72/><F72/><W129/><G129/><T3/><D3/><U5/><E18/><V103/><F90/><W77/><G77/><T130/><D15/><U79/><E79/><N who="2" m="44399" /><F49/><W19/><G31/><T117/><D29/><U1/><E9/><V96/><F47/><W46/><G94/><T16/><D98/><N who="2" m="37418" /><F103/><W58/><G46/><T12/><D130/><U83/><E39/><V10/><F10/><W2/><G70/><T13/><D45/><U61/><E61/><V110/><F110/><W53/><G53/><T60/><REACH who="0" step="1"/><D16/><REACH who="0" ten="176,264,245,285" step="2"/><U71/><E97/><V74/><F74/><W135/><G135/><T69/><D69/><U126/><E71/><V22/><F87/><W104/><G104/><T25/><D25/><U80/><E24/><V125/><F86/><W17/><G19/><T101/><D101/><U124/><E28/><V100/><F84/><W78/><G78/><T85/><D85/><N who="1" m="50215" /><E83/><V27/><F100/><W115/><G115/><T113/><D113/><U54/><E107/><V92/><F92/><W6/><G6/><T119/><AGARI ba="3,3" hai="12,13,36,38,41,43,56,59,60,62,93,95,117,119" machi="119" ten="25,12000,2" yaku="1,1,0,1,22,2,53,2" doraHai="20" doraHaiUra="91" who="0" fromWho="0" sc="176,159,264,-33,245,-33,285,-63" /><INIT seed="4,0,0,4,0,127" ten="335,231,212,222" oya="0" hai0="92,1,113,125,128,16,111,56,112,60,9,85,124" hai1="100,58,89,5,102,77,133,4,117,95,3,97,6" hai2="118,47,71,26,121,108,52,132,123,55,94,90,101" hai3="32,25,67,110,8,109,104,76,83,88,57,30,126"/><T21/><D85/><U15/><E117/><V48/><F108/><W12/><G126/><N who="0" m="48747" /><D92/><U20/><E3/><V120/><F118/><W96/><G67/><N who="0" m="39303" /><D128/><U0/><E133/><V99/><F71/><W115/><G115/><T131/><D131/><U37/><E37/><V23/><F132/><W28/><G28/><T98/><D98/><U79/><E0/><V18/><REACH who="2" step="1"/><F55/><REACH who="2" ten="335,231,202,222" step="2"/><W84/><G110/><T63/><D111/><U114/><E114/><V41/><F41/><W24/><G109/><T72/><D113/><U11/><E102/><AGARI ba="0,1" hai="18,23,26,47,48,52,90,94,99,101,102,120,121,123" machi="102" ten="40,5200,0" yaku="1,1,54,1,53,1" doraHai="127" doraHaiUra="91" who="2" fromWho="1" sc="335,0,231,-52,202,62,222,0" /><INIT seed="5,0,0,3,1,44" ten="335,179,264,222" oya="1" hai0="30,65,92,16,57,77,123,131,5,35,109,36,40" hai1="122,115,22,68,124,21,31,118,54,101,84,4,15" hai2="17,125,7,120,82,56,70,105,67,12,59,39,28" hai3="13,72,14,114,38,135,49,100,60,64,10,51,126"/><U53/><E68/><V66/><F105/><W99/><G38/><T132/><D36/><U1/><E1/><V96/><F39/><W107/><G114/><T128/><D40/><U79/><E122/><V94/><F70/><W26/><G72/><T23/><D5/><U76/><E118/><V119/><F125/><W6/><G126/><T110/><D77/><N who="1" m="29771" /><E124/><V55/><F82/><W33/><G135/><T58/><D132/><U0/><E0/><V112/><F112/><W47/><G47/><T86/><D86/><U20/><E115/><V102/><F56/><N who="0" m="21610" /><D65/><U24/><E101/><V130/><F67/><W34/><G14/><T121/><D92/><U87/><E24/><V45/><F66/><W19/><G6/><T129/><D123/><U106/><E31/><V69/><F28/><N who="3" m="19607" /><G34/><T75/><D75/><U62/><E106/><V3/><F3/><W88/><G88/><T97/><D121/><U103/><E103/><V2/><F2/><W50/><G50/><T108/><D30/><U43/><E43/><V117/><F120/><W90/><G90/><T29/><D29/><U25/><E25/><V89/><F89/><W98/><G98/><T127/><D97/><U85/><E62/><N who="2" m="36223" /><F69/><AGARI ba="0,0" hai="10,13,19,49,51,60,64,69,99,100,107" m="19607" machi="69" ten="30,3900,0" yaku="25,1,52,2" doraHai="44" who="3" fromWho="2" sc="335,0,179,0,264,-39,222,39" /><INIT seed="6,0,0,3,2,72" ten="335,179,225,261" oya="2" hai0="48,134,47,58,22,0,104,60,110,15,90,6,26" hai1="66,42,3,103,18,14,128,68,132,105,56,122,133" hai2="77,57,4,8,35,53,87,12,100,19,63,111,40" hai3="36,9,59,25,65,126,70,71,119,31,2,112,54"/><V27/><F111/><W123/><G123/><T88/><D0/><U91/><E3/><V69/><F69/><W74/><G119/><T46/><D104/><U24/><E122/><V50/><F100/><W37/><G65/><T113/><D113/><U43/><E68/><V23/><F35/><W125/><G74/><T41/><D134/><N who="1" m="51819" /><E128/><V129/><F129/><W45/><G112/><T92/><D47/><U21/><E103/><V115/><F115/><W114/><G114/><T39/><D39/><U64/><E105/><V32/><F32/><W33/><G9/><N who="0" m="4535" /><D92/><U75/><E75/><V124/><F124/><N who="3" m="47723" /><G2/><T109/><D109/><U131/><E131/><V96/><F96/><W55/><G36/><T121/><D121/><U101/><E101/><V89/><F89/><W11/><G11/><T117/><D117/><U80/><E24/><V5/><F27/><W61/><G54/><N who="0" m="33879" /><D110/><U16/><E18/><AGARI ba="0,0" hai="18,22,26,41,46,48,88,90" m="33879,4535" machi="18" ten="30,2000,0" yaku="8,1,54,1" doraHai="72" who="0" fromWho="1" sc="335,20,179,-20,225,0,261,0" /><INIT seed="7,0,0,5,4,111" ten="355,159,225,261" oya="3" hai0="34,39,122,51,59,46,6,92,79,105,101,65,30" hai1="75,40,36,113,21,17,106,45,130,112,5,0,52" hai2="81,83,96,132,27,23,115,55,135,38,10,91,69" hai3="108,9,68,60,119,131,28,88,18,120,118,37,84"/><W53/><G120/><T125/><D105/><U90/><E106/><V73/><F38/><W48/><G108/><T80/><D39/><U50/><E75/><V3/><F69/><W41/><G131/><T8/><D125/><U86/><E130/><V66/><F66/><W95/><G28/><T76/><D80/><N who="2" m="30794" /><F73/><W56/><G9/><T57/><D30/><U11/><E86/><V71/><F71/><W109/><G109/><T85/><D34/><U4/><E90/><V63/><F10/><W20/><G68/><T104/><D104/><U42/><E5/><V7/><F3/><W62/><G119/><T12/><D65/><U61/><E61/><V117/><F7/><W25/><G118/><T72/><D72/><U64/><E64/><V87/><F117/><W1/><G1/><T97/><D85/><U13/><REACH who="1" step="1"/><E42/><REACH who="1" ten="355,149,225,261" step="2"/><V14/><F87/><W47/><AGARI ba="0,1" hai="18,20,25,37,41,47,48,53,56,60,62,84,88,95" machi="47" ten="30,3000,0" yaku="0,1,54,1" doraHai="111" who="3" fromWho="3" sc="355,-10,149,-10,225,-10,261,40" /><INIT seed="7,1,0,2,5,56" ten="345,139,215,301" oya="3" hai0="125,6,9,123,74,106,90,29,30,48,17,111,31" hai1="54,59,15,119,67,27,92,134,116,112,45,77,88" hai2="18,47,40,132,24,80,93,43,39,117,44,63,75" hai3="20,65,96,105,55,87,70,107,68,11,91,131,35"/><W82/><G35/><T120/><D74/><U126/><E112/><V133/><F117/><W22/><G131/><T3/><D106/><U10/><E126/><V73/><F93/><W85/><G107/><T78/><D78/><U23/><E134/><N who="2" m="51819" /><F80/><W84/><G105/><T41/><D125/><U118/><E77/><V99/><F99/><W110/><G65/><T130/><D130/><U8/><E45/><V5/><F63/><W19/><G70/><T46/><D111/><U79/><E79/><V1/><F5/><W13/><G68/><T129/><D129/><U101/><E101/><V83/><F1/><W113/><G113/><T69/><D69/><U103/><E103/><V57/><F57/><W94/><G110/><T72/><D90/><U104/><E104/><V42/><F83/><W81/><G55/><T102/><D102/><U2/><E2/><V135/><F135/><W25/><REACH who="3" step="1"/><G22/><REACH who="3" ten="345,139,215,291" step="2"/><T33/><D33/><U121/><E121/><V124/><F124/><W52/><G52/><T16/><D72/><U28/><E67/><V89/><F75/><W100/><G100/><T115/><D115/><U109/><E109/><V114/><F73/><W12/><G12/><T38/><D123/><U60/><REACH who="1" step="1"/><E15/><REACH who="1" ten="345,129,215,291" step="2"/><V49/><F114/><W36/><G36/><T66/><D38/><U76/><E76/><V53/><F39/><W61/><G61/><T122/><D66/><U128/><E128/><V64/><F64/><W97/><G97/><AGARI ba="1,2" hai="8,10,23,27,28,54,59,60,88,92,97,116,118,119" machi="97" ten="40,8000,1" yaku="1,1,12,1,52,1,54,1,53,1" doraHai="56" doraHaiUra="21" who="1" fromWho="3" sc="345,0,129,103,215,0,291,-83" owari="345,44.0,232,3.0,215,-18.0,208,-29.0" /></mjloggm>