<mjloggm ver="2.3"><GO type="169" lobby="0"/><UN n0="%E3%82%A6%E3%83%AB%E3%83%88%E3%83%A9%E7%AB%8B%E7%9B%B4" n1="%E7%99%BD%E9%B9%BF%E6%84%9B%E8%8E%89" n2="%E3%82%89%E3%81%84%E3%81%B5%E3%81%8C%E3%83%BC%E3%81%A9%E3%81%99%E3%81%8D" n3="%3D%E5%9C%92%E5%9F%8E%E5%AF%BA%E6%80%9C%3D" dan="17,18,17,18" rate="2125.21,2251.47,2169.07,2176.34" sx="M,F,F,F"/><TAIKYOKU oya="0"/><INIT seed="0,0,0,1,3,42" ten="250,250,250,250" oya="0" hai0="49,119,3,0,23,122,97,67,69,14,2,39,16" hai1="83,45,92,114,70,133,75,35,46,115,33,71,72" hai2="15,82,99,25,38,111,34,118,124,126,11,86,29" hai3="41,54,73,134,77,65,19,125,63,104,123,56,103"/><T48/><D122/><U27/><E133/><V4/><F38/><W74/><G77/><T13/><D119/><U100/><E92/><V95/><F118/><W85/><G85/><T90/><D39/><U28/><E100/><V52/><F111/><W53/><G41/><T62/><D97/><U47/><E83/><V112/><F112/><N who="1" m="43049" /><E35/><V127/><F52/><W131/><G54/><T26/><REACH who="0" step="1"/><D90/><REACH who="0" ten="240,250,250,250" step="2"/><U10/><E10/><V79/><F99/><W22/><G123/><T128/><D128/><U57/><E57/><V68/><F95/><W6/><G56/><T130/><D130/><U55/><E55/><V76/><F79/><W20/><G131/><T132/><D132/><U101/><E101/><V89/><F76/><W66/><G103/><T21/><D21/><U12/><E12/><AGARI ba="0,1" hai="0,2,3,12,13,14,16,23,26,48,49,62,67,69" machi="12" ten="40,3900,0" yaku="1,1,54,1,53,0" doraHai="42" doraHaiUra="43" who="0" fromWho="1" sc="240,49,250,-39,250,0,250,0" /><INIT seed="0,1,0,4,0,22" ten="289,211,250,250" oya="0" hai0="28,59,81,120,43,39,71,116,135,41,63,133,36" hai1="31,47,60,38,29,66,10,25,95,105,93,55,122" hai2="130,77,17,69,79,7,56,121,40,111,2,75,48" hai3="4,53,125,18,124,6,57,30,114,89,61,117,74"/><T110/><D28/><U73/><E122/><V108/><F69/><W0/><G74/><T68/><D81/><U50/><E105/><V24/><F121/><W64/><G114/><T45/><D120/><U8/><E73/><V51/><F130/><W115/><G117/><T14/><D14/><U23/><E31/><V119/><F119/><W20/><G115/><T34/><D34/><U112/><E38/><N who="0" m="14377" /><D116/><U87/><E112/><V52/><F2/><W9/><G6/><T16/><D16/><U1/><E1/><V123/><F7/><W104/><G104/><T13/><D13/><U49/><E49/><V26/><F123/><W98/><G30/><T76/><D76/><N who="2" m="29258" /><F75/><W94/><REACH who="3" step="1"/><G64/><REACH who="3" ten="289,211,250,240" step="2"/><N who="0" m="39039" /><D110/><N who="2" m="42026" /><F17/><W132/><G132/><N who="0" m="50763" /><D41/><U103/><E103/><V86/><F86/><W107/><G107/><T32/><D32/><U131/><E131/><V126/><F126/><W127/><G127/><T12/><D12/><AGARI ba="1,1" hai="0,4,9,12,18,20,53,57,61,89,94,98,124,125" machi="12" ten="40,1300,0" yaku="1,1,53,0" doraHai="22" doraHaiUra="97" who="3" fromWho="0" sc="289,-16,211,0,250,0,240,26" /><INIT seed="1,0,0,1,4,93" ten="273,211,250,266" oya="1" hai0="121,3,62,97,28,34,126,23,4,17,22,117,6" hai1="88,10,71,33,59,48,134,69,46,57,118,53,109" hai2="73,60,80,74,42,25,113,99,111,132,130,119,95" hai3="50,124,11,114,100,39,115,65,49,16,24,64,72"/><U125/><E33/><V20/><F119/><W55/><G72/><T116/><D62/><U85/><E118/><V68/><F111/><W51/><G39/><T104/><D104/><U112/><E112/><V52/><F130/><W21/><G124/><T15/><D97/><U8/><E125/><V54/><F42/><W37/><G37/><T12/><D126/><U27/><E134/><V47/><F132/><W90/><G100/><T0/><D121/><U77/><E109/><V31/><F113/><W13/><G114/><T79/><D79/><U108/><E108/><V5/><F5/><N who="0" m="2154" /><D117/><U106/><E106/><V81/><F74/><W120/><G120/><T38/><D38/><U102/><E77/><V36/><F73/><W96/><G55/><T103/><D103/><U7/><E27/><V76/><F76/><W29/><G115/><T18/><D116/><U61/><E10/><V19/><F36/><W67/><G90/><T40/><D40/><U41/><E59/><N who="2" m="34919" /><F68/><W91/><G91/><T98/><D98/><AGARI ba="0,0" hai="11,13,16,21,24,29,49,50,51,64,65,67,96,98" machi="98" ten="40,8000,1" yaku="8,1,52,2,54,1" doraHai="93" who="3" fromWho="0" sc="273,-80,211,0,250,0,266,80" /><INIT seed="2,0,0,3,3,116" ten="193,211,250,346" oya="2" hai0="29,131,133,44,0,95,72,10,12,135,56,82,36" hai1="128,127,8,26,42,41,134,107,34,90,65,67,53" hai2="79,43,129,37,85,4,46,92,119,118,47,49,68" hai3="75,101,114,22,63,113,84,52,71,86,89,13,122"/><V102/><F68/><W69/><G75/><T112/><D112/><U132/><E107/><V7/><F129/><W125/><G101/><T16/><D131/><U77/><E128/><V57/><F57/><W78/><G78/><N who="0" m="44359" /><D56/><U9/><E127/><V93/><F119/><W120/><G125/><T73/><D95/><U121/><E77/><V91/><F118/><W30/><G52/><T115/><D29/><U104/><E104/><V45/><F79/><W40/><G40/><N who="0" m="22535" /><D73/><U39/><E39/><V106/><F106/><W58/><G58/><T3/><D115/><N who="3" m="44041" /><G84/><T50/><D50/><U61/><E53/><V117/><F117/><W54/><G54/><T25/><D25/><U94/><E26/><V18/><F18/><N who="3" m="10575" /><G30/><T32/><D32/><U31/><E34/><V130/><F130/><W81/><G69/><T6/><D3/><U55/><E31/><V21/><F47/><W38/><G38/><T123/><D123/><U64/><E55/><V60/><F45/><W17/><G17/><T27/><D27/><U88/><E61/><V66/><F37/><W87/><G87/><T19/><D19/><U2/><E67/><AGARI ba="0,0" hai="63,67,71,81,86,89,120,122" m="10575,44041" machi="67" ten="30,3900,0" yaku="11,1,52,2" doraHai="116" who="3" fromWho="1" sc="193,0,211,-39,250,0,346,39" /><INIT seed="3,0,0,4,2,42" ten="193,172,250,385" oya="3" hai0="82,73,135,25,107,63,39,102,98,26,66,5,11" hai1="33,44,78,51,58,31,117,133,16,62,52,111,115" hai2="47,19,38,121,79,1,30,125,29,21,72,105,27" hai3="130,129,99,80,40,131,54,4,75,2,64,60,88"/><W7/><G2/><T37/><D135/><U35/><E115/><V55/><F105/><W59/><G40/><T32/><D26/><U132/><E111/><V103/><F103/><W17/><G75/><T10/><D10/><U126/><E126/><V97/><F97/><W22/><G64/><T24/><D24/><U9/><E117/><V124/><F121/><W56/><G56/><T134/><D134/><N who="1" m="51819" /><E78/><V86/><F72/><W6/><G80/><T84/><D84/><U36/><E36/><V113/><F113/><W23/><G17/><T45/><D45/><U74/><E31/><V14/><F1/><W50/><G60/><T93/><D93/><AGARI ba="0,0" hai="4,6,7,22,23,50,54,59,88,93,99,129,130,131" machi="93" ten="50,4800,0" yaku="19,1,54,1" doraHai="42" who="3" fromWho="0" sc="193,-48,172,0,250,0,385,48" /><INIT seed="3,1,0,1,1,129" ten="145,172,250,433" oya="3" hai0="69,120,68,27,67,93,20,100,111,72,25,87,23" hai1="55,71,74,78,108,9,34,95,52,11,114,89,14" hai2="46,57,13,82,79,60,61,33,39,51,62,42,88" hai3="0,75,102,32,96,21,127,4,97,131,31,112,54"/><W83/><G32/><T36/><D36/><U38/><E114/><V86/><F33/><W105/><G4/><T124/><D72/><U58/><E71/><V3/><F3/><W56/><G0/><T117/><D120/><U123/><E123/><V134/><F134/><W64/><G64/><T90/><D117/><U28/><E38/><V8/><F39/><W104/><G127/><T66/><D124/><U35/><E9/><V116/><F116/><W18/><G31/><T65/><D111/><U84/><E108/><V126/><F126/><W17/><G17/><T73/><D73/><U103/><E103/><V7/><REACH who="2" step="1"/><F88/><REACH who="2" ten="145,172,240,433" step="2"/><W63/><G102/><T22/><REACH who="0" step="1"/><D100/><REACH who="0" ten="135,172,240,433" step="2"/><U41/><E74/><V113/><F113/><W92/><G112/><T128/><D128/><U6/><E34/><V99/><F99/><W85/><G131/><T109/><D109/><U1/><E35/><V132/><F132/><W91/><G97/><T45/><D45/><U15/><E84/><V76/><F76/><N who="3" m="46311" /><G75/><T30/><D30/><U44/><E28/><V115/><F115/><W80/><G96/><T110/><D110/><U107/><E78/><V133/><F133/><W53/><G91/><T19/><D19/><U43/><E89/><V121/><F121/><W70/><G18/><T50/><D50/><U16/><E16/><V98/><F98/><W118/><G118/><T37/><D37/><U2/><E6/><V122/><F122/><W26/><G80/><T77/><D77/><U101/><E101/><V130/><F130/><W125/><G125/><T24/><AGARI ba="1,2" hai="20,22,23,24,25,27,65,66,67,68,69,87,90,93" machi="24" ten="40,8000,1" yaku="1,1,0,1,29,2,53,0" doraHai="129" doraHaiUra="119" who="0" fromWho="0" sc="135,103,172,-21,240,-21,433,-41" /><INIT seed="4,0,0,2,3,2" ten="238,151,219,392" oya="0" hai0="119,13,99,132,1,72,60,88,18,36,49,90,29" hai1="6,9,113,4,74,35,78,61,34,82,11,10,129" hai2="108,22,84,59,69,122,44,40,128,16,89,19,68" hai3="118,87,131,62,116,100,86,30,42,104,120,21,93"/><T12/><D36/><U133/><E129/><V95/><F122/><W23/><G104/><T3/><D72/><U14/><E133/><V43/><F128/><W7/><G42/><T98/><D119/><U53/><E113/><V125/><F108/><W124/><G124/><T92/><D132/><U97/><E97/><V83/><F125/><W64/><G87/><T51/><D29/><U80/><E80/><V20/><F43/><W130/><G86/><T75/><D60/><U47/><E10/><V65/><F59/><W57/><G120/><T37/><D37/><U103/><E103/><V91/><F65/><W55/><G55/><T126/><D75/><U17/><E17/><V46/><F68/><W58/><G58/><T5/><D18/><N who="2" m="6698" /><F69/><W54/><G54/><T115/><D92/><U109/><E109/><V52/><F40/><W79/><G116/><T127/><REACH who="0" step="1"/><D5/><REACH who="0" ten="228,151,219,392" step="2"/><U114/><E114/><AGARI ba="0,1" hai="1,3,12,13,49,51,88,90,98,99,114,115,126,127" machi="114" ten="25,12000,1" yaku="1,1,2,1,22,2,54,1,53,0" doraHai="2" doraHaiUra="81" who="0" fromWho="1" sc="228,130,151,-120,219,0,392,0" /><INIT seed="4,1,0,3,1,132" ten="358,31,219,392" oya="0" hai0="123,99,20,22,32,113,82,47,57,60,90,12,122" hai1="48,58,77,18,13,27,79,109,70,30,125,94,102" hai2="105,103,29,63,65,36,56,68,17,71,16,91,46" hai3="52,28,78,37,66,25,124,72,0,118,134,100,135"/><T76/><D32/><U2/><E70/><V31/><F71/><W112/><G37/><T101/><D113/><U120/><E2/><V128/><F128/><W107/><G0/><T75/><D90/><U33/><E120/><V5/><F5/><W43/><G43/><T38/><D38/><U83/><E109/><V98/><F91/><W111/><G111/><T40/><D12/><U67/><E125/><V49/><F31/><W86/><G124/><T92/><D123/><U117/><E117/><V19/><F29/><W23/><G72/><T114/><D114/><U127/><E127/><V93/><F36/><W131/><G131/><T14/><D14/><U39/><E39/><V80/><F80/><W21/><G118/><T74/><D74/><U106/><E106/><V61/><F105/><W34/><G107/><T3/><D3/><U51/><E79/><V55/><REACH who="2" step="1"/><F19/><REACH who="2" ten="358,31,209,392" step="2"/><W87/><G112/><T95/><D122/><U129/><E129/><V4/><F4/><W116/><G116/><T110/><D110/><U88/><E102/><V42/><AGARI ba="1,1" hai="16,17,42,46,49,55,56,61,63,65,68,93,98,103" machi="42" ten="20,5200,0" yaku="1,1,0,1,7,1,54,1,53,0" doraHai="132" doraHaiUra="6" who="2" fromWho="2" sc="358,-27,31,-14,209,65,392,-14" /><INIT seed="5,0,0,5,4,118" ten="331,17,274,378" oya="1" hai0="81,33,17,42,130,110,94,49,48,0,86,128,116" hai1="91,82,126,62,83,47,28,45,117,9,8,72,40" hai2="24,90,30,102,56,74,134,12,111,21,129,96,10" hai3="122,44,25,115,55,11,51,99,89,71,105,57,15"/><U26/><E117/><V39/><F111/><W98/><G122/><T52/><D116/><U31/><E126/><V106/><F74/><W103/><G71/><T133/><D0/><U69/><E72/><V20/><F39/><W104/><G115/><T73/><D33/><U67/><E91/><V50/><F134/><W35/><G35/><T68/><D68/><U16/><E45/><V18/><F129/><W41/><G25/><T7/><D7/><U92/><E92/><V80/><F80/><W43/><G89/><T66/><D66/><U108/><E108/><V76/><F76/><W3/><G3/><T61/><D94/><U114/><E114/><V58/><F90/><W135/><G135/><T75/><D61/><U4/><E8/><V63/><F50/><W27/><G27/><T132/><D110/><U95/><E95/><V121/><F121/><W36/><G41/><T112/><D112/><U124/><E124/><V109/><F109/><W54/><G54/><T93/><D93/><U34/><E28/><V87/><F87/><W101/><G11/><T19/><D42/><U1/><REACH who="1" step="1"/><E16/><REACH who="1" ten="331,7,274,378" step="2"/><V46/><F46/><W113/><G113/><T65/><D133/><U6/><E6/><V13/><F10/><W123/><G44/><T14/><D132/><U100/><E100/><V97/><F102/><W53/><G101/><T85/><D75/><U78/><E78/><V29/><F18/><W79/><G103/><T119/><D19/><U37/><AGARI ba="0,1" hai="1,4,9,26,31,34,37,40,47,62,67,69,82,83" machi="37" ten="20,3900,0" yaku="1,1,0,1,7,1,53,0" doraHai="118" doraHaiUra="120" who="1" fromWho="1" sc="331,-13,7,49,274,-13,378,-13" /><INIT seed="5,1,0,1,1,117" ten="318,56,261,365" oya="1" hai0="78,124,72,94,93,86,80,47,20,36,100,21,6" hai1="60,73,96,25,70,114,7,2,67,131,68,133,1" hai2="52,101,57,132,44,128,134,55,11,64,118,13,50" hai3="39,104,99,41,126,79,17,22,129,83,71,0,27"/><U35/><E114/><V24/><F118/><W91/><G71/><T30/><D124/><U46/><E133/><N who="2" m="51307" /><F101/><W29/><G0/><T122/><D6/><U85/><E131/><V135/><F135/><W66/><G66/><T111/><D111/><U5/><E73/><V89/><F24/><W49/><G39/><T62/><D93/><U116/><E116/><V19/><F128/><W34/><G41/><T69/><D62/><U18/><E85/><V123/><F123/><W121/><G121/><T45/><D69/><U107/><E68/><V84/><F64/><W12/><G49/><T81/><D36/><U127/><E127/><V4/><F4/><N who="1" m="1609" /><E18/><V33/><F33/><W82/><G126/><T87/><D122/><U59/><E59/><V77/><F77/><W130/><G79/><N who="0" m="46399" /><D72/><U119/><E46/><N who="0" m="17417" /><D30/><N who="1" m="19919" /><E119/><V115/><F115/><W37/><G129/><T58/><D58/><U112/><E112/><V43/><F57/><W74/><G74/><T31/><D31/><U92/><E92/><AGARI ba="1,0" hai="11,13,19,43,44,50,52,55,84,89,92" m="51307" machi="92" ten="30,2000,0" yaku="20,1,54,1" doraHai="117" who="2" fromWho="1" sc="318,0,56,-23,261,23,365,0" /><INIT seed="6,0,0,2,0,90" ten="318,33,284,365" oya="2" hai0="118,114,109,80,116,76,81,46,61,2,113,44,98" hai1="129,48,31,83,57,28,23,34,7,120,133,41,121" hai2="42,128,126,100,99,16,24,87,97,70,64,54,6" hai3="56,40,58,13,66,53,47,89,22,12,20,88,14"/><V130/><F6/><W4/><G4/><T91/><D2/><U132/><E83/><N who="0" m="31817" /><D76/><U43/><E57/><V32/><F42/><W3/><G66/><T103/><D91/><N who="3" m="34889" /><G3/><T1/><D61/><U112/><E48/><V15/><F126/><W36/><G40/><N who="1" m="15434" /><E7/><V122/><F122/><N who="1" m="47209" /><E23/><N who="3" m="8746" /><G36/><T5/><D5/><U117/><E34/><V111/><F87/><W104/><G104/><T71/><D71/><U27/><E27/><V72/><F24/><W65/><G65/><T39/><D39/><U26/><E26/><V123/><F70/><W11/><G11/><T135/><D1/><U59/><E59/><N who="3" m="22570" /><G53/><T92/><D109/><U73/><E73/><V94/><F72/><W115/><G115/><N who="0" m="44043" /><D135/><N who="1" m="51787" /><E112/><V131/><F123/><W69/><G69/><T124/><D124/><U107/><E107/><V49/><F32/><W74/><G74/><T105/><D105/><U9/><E9/><V84/><F64/><W30/><G30/><N who="1" m="11306" /><E117/><AGARI ba="0,0" hai="44,46,92,98,103,116,117,118" m="44043,31817" machi="117" ten="30,3900,0" yaku="12,1,15,1,52,1" doraHai="90" who="0" fromWho="1" sc="318,39,33,-39,284,0,365,0" owari="357,16.0,-6,-51.0,284,-12.0,365,47.0" /></mjloggm>