<mjloggm ver="2.3"><GO type="169" lobby="0"/><UN n0="%E3%83%88%E3%83%88%E3%83%AA%E5%85%88%E7%94%9F%31%39%E6%AD%B3" n1="%E8%A5%BF%E6%9D%91%E9%9B%84%E4%B8%80%E9%83%8E" n2="%63%6F%62%65%68%6F%70%65" n3="%E3%82%86%E3%81%A3%E3%81%8F%E3%82%8A%E5%A6%96%E5%A4%A2" dan="19,17,16,16" rate="2324.39,2153.85,2117.81,2130.83" sx="F,M,M,M"/><TAIKYOKU oya="0"/><INIT seed="0,0,0,3,5,8" ten="250,250,250,250" oya="0" hai0="131,111,92,5,87,116,101,19,36,51,48,76,23" hai1="90,69,70,31,84,124,108,37,135,132,21,26,2" hai2="20,112,94,123,12,55,4,97,93,42,66,65,10" hai3="133,109,28,85,117,22,63,106,80,128,86,118,33"/><T32/><D116/><U100/><E2/><V24/><F112/><W88/><G109/><T119/><D119/><U45/><E108/><V73/><F73/><W72/><G106/><T39/><D32/><U81/><E124/><V110/><F42/><W34/><G72/><T134/><D111/><U95/><E37/><V113/><F123/><W91/><G128/><T96/><D134/><N who="1" m="51243" /><E45/><V71/><F71/><W6/><G133/><T61/><D131/><U120/><E120/><V49/><F113/><W17/><G6/><T60/><D5/><U103/><E103/><V74/><F74/><W3/><G3/><T122/><D39/><U104/><E104/><V54/><F54/><W127/><G127/><T83/><D36/><U121/><E121/><V47/><F94/><W82/><G28/><T13/><REACH who="0" step="1"/><D122/><REACH who="0" ten="240,250,250,250" step="2"/><U129/><E129/><V16/><F110/><W43/><G118/><T7/><D7/><U114/><E114/><V18/><F4/><W89/><G117/><T130/><D130/><U115/><E115/><V29/><F29/><W46/><G34/><T25/><D25/><U9/><E26/><V59/><F47/><W56/><G33/><T27/><D27/><U78/><E31/><V68/><F68/><W53/><G17/><T75/><D75/><U77/><E69/><V99/><F99/><W40/><G22/><T38/><D38/><U126/><E21/><V52/><REACH who="2" step="1"/><F55/><REACH who="2" ten="240,250,240,250" step="2"/><W14/><G46/><T11/><D11/><U107/><E9/><V79/><F79/><N who="1" m="30217" /><E126/><V35/><F35/><W0/><G53/><T50/><AGARI ba="0,2" hai="13,19,23,48,50,51,60,61,76,83,87,92,96,101" machi="50" ten="30,11700,0" yaku="1,1,0,1,8,1,52,1,53,0" doraHai="8" doraHaiUra="30" who="0" fromWho="0" sc="240,137,250,-39,240,-39,250,-39" /><INIT seed="0,1,0,4,4,95" ten="377,211,201,211" oya="0" hai0="86,34,96,93,130,98,20,72,53,33,100,122,24" hai1="102,37,3,23,61,2,111,92,12,63,49,131,109" hai2="103,88,9,19,81,39,117,17,28,70,16,90,67" hai3="43,30,10,113,14,44,5,1,60,87,110,66,52"/><T50/><D122/><U41/><E37/><V126/><F39/><W108/><G113/><T27/><D72/><U6/><E131/><V116/><F126/><W133/><G133/><T4/><D130/><U55/><E41/><V78/><F28/><W58/><G30/><T89/><D4/><U124/><E124/><V46/><F46/><W36/><G1/><T59/><D96/><U47/><E23/><V80/><F103/><W74/><G74/><T7/><D7/><U107/><E12/><V68/><F9/><W128/><G128/><T79/><D79/><U123/><E107/><V73/><F67/><W11/><G11/><T114/><D114/><U127/><E123/><V85/><REACH who="2" step="1"/><F90/><REACH who="2" ten="377,211,191,211" step="2"/><W57/><REACH who="3" step="1"/><G87/><REACH who="3" ten="377,211,191,201" step="2"/><T65/><D86/><U54/><E127/><V62/><F62/><AGARI ba="1,2" hai="5,10,14,36,43,44,52,57,58,60,62,66,108,110" machi="62" ten="40,8000,1" yaku="1,1,2,1,54,1,53,1" doraHai="95" doraHaiUra="69" who="3" fromWho="2" sc="377,0,211,0,191,-83,201,103" /><INIT seed="1,0,0,2,5,7" ten="377,211,108,304" oya="1" hai0="47,79,90,68,41,0,112,63,98,85,128,4,16" hai1="55,23,105,17,72,37,67,111,125,20,69,1,62" hai2="66,78,95,11,122,32,30,76,97,75,135,39,5" hai3="133,123,119,74,116,70,83,84,48,31,130,124,25"/><U114/><E114/><V26/><F135/><W132/><G123/><T58/><D112/><U102/><E125/><V91/><F39/><W109/><G70/><T3/><D68/><U53/><E72/><V19/><F122/><W49/><G74/><T27/><D79/><U50/><E37/><V12/><F75/><W77/><G109/><T35/><D98/><U126/><E126/><V60/><REACH who="2" step="1"/><F5/><REACH who="2" ten="377,211,98,304" step="2"/><W87/><G124/><T34/><D4/><U127/><E127/><V80/><F80/><W82/><G132/><T131/><D128/><U15/><E111/><V101/><F101/><W52/><G133/><T56/><D131/><U21/><E1/><V100/><F100/><W65/><G130/><T64/><D3/><U2/><E2/><V92/><F92/><W134/><G134/><T43/><D0/><U42/><E102/><V117/><F117/><W18/><G83/><T13/><D35/><U93/><E93/><V86/><F86/><W120/><G87/><T36/><D34/><U14/><E105/><V61/><F61/><W40/><G120/><T24/><D85/><U113/><E113/><V89/><F89/><W104/><G84/><T96/><D90/><U110/><E110/><V51/><F51/><W22/><G104/><T10/><D96/><U45/><REACH who="1" step="1"/><E14/><REACH who="1" ten="377,201,98,304" step="2"/><V81/><F81/><W59/><G116/><T6/><D13/><U73/><E73/><V46/><F46/><N who="3" m="25671" /><G119/><T129/><D129/><U8/><AGARI ba="0,2" hai="8,15,17,20,21,23,42,45,50,53,55,62,67,69" machi="8" ten="30,11700,0" yaku="1,1,0,1,52,1,53,1" doraHai="7" doraHaiUra="38" who="1" fromWho="1" sc="377,-39,201,137,98,-39,304,-39" /><INIT seed="1,1,0,4,5,4" ten="338,338,59,265" oya="1" hai0="85,95,84,12,127,114,121,11,65,47,82,28,78" hai1="60,20,40,73,98,63,59,117,129,33,46,15,80" hai2="111,70,87,90,100,86,88,71,115,31,18,39,48" hai3="130,29,104,25,105,23,24,120,108,122,72,112,62"/><U93/><E33/><V106/><F39/><W54/><G72/><T101/><D114/><U52/><E117/><V132/><F31/><W81/><G112/><T21/><D127/><U68/><E129/><V66/><F115/><W7/><G130/><T119/><D119/><U58/><E68/><V6/><F6/><W53/><G108/><T22/><D121/><U5/><E73/><V50/><F111/><W17/><G81/><T55/><D65/><U69/><E69/><V123/><F66/><W125/><G125/><T41/><D55/><U109/><E80/><V74/><F74/><W32/><G7/><N who="0" m="3199" /><D28/><U79/><E79/><V14/><F100/><W27/><G27/><T36/><D36/><U99/><E109/><V113/><F106/><W49/><G105/><T134/><D134/><U51/><E93/><V67/><F67/><W10/><G104/><T75/><D75/><U2/><E2/><V91/><F113/><W96/><G122/><T124/><D124/><U43/><E43/><V118/><F132/><W37/><G37/><T19/><D19/><N who="1" m="10367" /><E5/><V131/><F131/><W26/><G120/><T34/><D34/><U110/><E110/><V9/><F118/><W83/><G32/><T35/><D35/><U38/><E38/><V103/><F123/><W42/><G29/><T57/><D82/><U126/><E126/><V30/><F70/><W76/><G83/><T8/><D95/><U64/><AGARI ba="1,0" hai="40,46,51,52,58,59,60,63,64,98,99" m="10367" machi="64" ten="30,3000,0" yaku="8,1,54,1" doraHai="4" who="1" fromWho="1" sc="338,-11,338,33,59,-11,265,-11" /><INIT seed="1,2,0,1,1,114" ten="327,371,48,254" oya="1" hai0="96,111,65,16,68,9,116,105,128,91,112,34,129" hai1="67,35,83,33,119,127,47,42,44,48,41,80,27" hai2="103,19,8,115,38,93,40,73,107,0,5,37,55" hai3="15,61,77,90,1,54,89,22,121,92,26,132,78"/><U28/><E127/><V49/><F107/><W70/><G1/><T7/><D112/><U99/><E119/><V117/><F73/><W58/><G121/><T18/><D34/><U133/><E133/><V60/><F115/><W135/><G70/><T110/><D116/><U123/><E123/><V43/><F117/><W50/><G15/><T97/><D65/><U14/><E35/><V66/><F19/><N who="0" m="7210" /><D68/><U71/><E14/><V126/><F126/><W95/><G50/><T82/><D82/><U64/><E99/><N who="0" m="37961" /><D91/><N who="3" m="34825" /><G132/><T12/><D105/><U98/><E98/><N who="2" m="59855" /><F38/><W102/><G102/><T53/><D53/><U62/><REACH who="1" step="1"/><E67/><REACH who="1" ten="327,361,48,254" step="2"/><V24/><F66/><W30/><G135/><T100/><D100/><U13/><E13/><V76/><F0/><W69/><G69/><T130/><AGARI ba="2,1" hai="7,9,12,110,111,128,129,130" m="37961,7210" machi="130" ten="40,2700,0" yaku="19,1,54,1" doraHai="114" who="0" fromWho="0" sc="327,43,361,-15,48,-9,254,-9" /><INIT seed="2,0,0,4,5,33" ten="370,346,39,245" oya="2" hai0="89,91,115,61,25,82,7,27,120,74,35,73,125" hai1="60,46,134,75,8,45,95,24,57,42,43,76,67" hai2="23,84,20,90,124,48,96,110,128,99,126,12,70" hai3="102,119,118,86,104,56,68,31,117,38,130,19,88"/><V106/><F70/><W18/><G68/><T59/><D120/><U10/><E134/><V15/><F48/><W16/><G38/><T133/><D115/><U78/><E24/><V127/><F128/><W40/><G130/><T94/><D133/><U11/><E75/><V50/><F50/><W72/><G72/><T100/><D125/><U113/><E113/><V109/><F84/><W92/><G40/><N who="1" m="15402" /><E95/><N who="2" m="56439" /><F99/><W122/><G122/><T101/><D7/><U53/><E67/><V81/><F81/><W114/><G114/><T77/><D73/><U41/><E41/><V47/><F47/><AGARI ba="0,0" hai="8,10,11,45,46,47,53,57,60,76,78" m="15402" machi="47" ten="30,1000,0" yaku="8,1" doraHai="33" who="1" fromWho="2" sc="370,0,346,10,39,-10,245,0" /><INIT seed="3,0,0,3,2,130" ten="370,356,29,245" oya="3" hai0="56,20,123,66,118,1,35,40,15,10,76,101,21" hai1="3,17,36,23,115,69,112,121,29,120,72,107,79" hai2="84,90,59,34,9,82,80,51,81,85,60,45,65" hai3="26,125,39,73,22,78,110,133,71,105,25,94,89"/><W4/><G105/><T70/><D118/><U83/><E69/><V53/><F34/><W86/><G71/><T52/><D123/><U93/><E36/><V135/><F135/><W134/><G39/><T27/><D1/><U98/><E3/><V109/><F109/><W68/><G68/><T102/><D40/><U43/><E43/><V108/><F108/><W33/><G110/><T131/><D131/><U95/><E29/><V47/><F47/><W77/><G4/><T62/><D76/><U132/><E132/><N who="3" m="50794" /><G125/><T75/><D75/><U44/><E44/><V96/><F96/><W54/><G73/><T7/><D21/><U119/><E23/><V104/><F104/><W87/><G33/><T129/><D35/><U58/><E58/><V24/><F24/><N who="3" m="9323" /><G22/><T116/><D116/><U122/><E17/><V128/><F128/><W16/><G16/><T127/><D127/><U12/><E12/><V19/><F85/><N who="3" m="32267" /><G54/><T113/><D129/><U28/><E28/><V6/><F19/><W61/><G61/><T100/><D20/><U49/><E119/><V0/><AGARI ba="0,0" hai="0,6,9,45,51,53,59,60,65,80,81,82,84,90" machi="0" ten="20,1500,0" yaku="0,1,7,1" doraHai="130" who="2" fromWho="2" sc="370,-4,356,-4,29,15,245,-7" /><INIT seed="4,0,0,0,4,104" ten="366,352,44,238" oya="0" hai0="69,117,115,93,4,59,107,101,52,32,5,96,113" hai1="63,133,43,129,68,15,119,78,31,58,25,50,106" hai2="54,126,6,39,38,8,134,81,84,23,94,41,42" hai3="82,55,35,67,100,132,114,127,26,89,14,120,20"/><T57/><D117/><U48/><E119/><V60/><F38/><W71/><G114/><N who="0" m="43531" /><D69/><U121/><E121/><V61/><F39/><W56/><G120/><T62/><D32/><U130/><E106/><V108/><F108/><W3/><G3/><T86/><D57/><U102/><E102/><V95/><F126/><W131/><G127/><T10/><D10/><U12/><E78/><V28/><F134/><W73/><G132/><T98/><D86/><U53/><E133/><V109/><F109/><W9/><G131/><N who="1" m="50186" /><E43/><V80/><F42/><W76/><G35/><T88/><AGARI ba="0,0" hai="4,5,52,59,62,88,93,96,98,101,107" m="43531" machi="88" ten="30,6000,0" yaku="15,1,54,2" doraHai="104" who="0" fromWho="0" sc="366,60,352,-20,44,-20,238,-20" /><INIT seed="4,1,0,5,5,94" ten="426,332,24,218" oya="0" hai0="19,112,132,122,100,128,54,33,92,123,21,8,70" hai1="99,16,61,37,41,95,28,105,23,91,32,55,96" hai2="1,64,134,135,60,20,71,84,87,15,76,35,22" hai3="43,39,63,17,97,58,104,57,101,14,117,78,129"/><T47/><D33/><U88/><E32/><V6/><F35/><W68/><G117/><T62/><D112/><U83/><E28/><V107/><F1/><W52/><G129/><T50/><D128/><U30/><E30/><V124/><F107/><W118/><G118/><T51/><D132/><U113/><E113/><V29/><F29/><W86/><G68/><T79/><D79/><U11/><E11/><V27/><F27/><W120/><G120/><T66/><D8/><U5/><E5/><V85/><F76/><W9/><G58/><T24/><D100/><U10/><E10/><N who="2" m="4567" /><F124/><W121/><G121/><T42/><REACH who="0" step="1"/><D92/><REACH who="0" ten="416,332,24,218" step="2"/><U119/><E119/><V77/><F77/><W26/><G78/><T36/><D36/><U48/><E37/><V90/><F90/><W106/><G39/><T133/><D133/><AGARI ba="1,1" hai="20,22,60,64,71,84,85,87,133,134,135" m="4567" machi="133" ten="30,1000,0" yaku="20,1" doraHai="94" who="2" fromWho="0" sc="416,-13,332,0,24,23,218,0" /><INIT seed="5,0,0,3,1,43" ten="403,332,47,218" oya="1" hai0="124,89,71,66,120,102,80,24,8,122,82,103,119" hai1="56,130,39,132,75,25,28,11,116,0,133,63,127" hai2="19,20,121,107,70,108,114,68,2,40,52,72,73" hai3="135,131,110,36,48,46,59,34,14,109,100,128,118"/><U104/><E75/><V125/><F40/><N who="3" m="22791" /><G34/><T94/><D119/><U81/><E104/><V45/><F2/><W88/><G14/><T115/><D115/><U93/><E116/><V84/><F107/><W42/><G100/><N who="0" m="38443" /><D124/><U22/><E39/><V44/><F108/><N who="3" m="41579" /><G88/><T15/><D66/><U111/><E127/><V33/><F121/><N who="0" m="46698" /><D71/><U16/><E111/><V30/><F114/><W57/><G118/><T35/><D24/><U64/><E81/><V58/><F125/><W29/><G29/><T97/><D35/><U77/><E77/><V65/><F30/><W96/><G96/><T112/><D112/><U95/><E130/><N who="3" m="49706" /><G135/><N who="1" m="51786" /><E28/><V106/><F33/><W92/><G92/><T113/><D113/><U76/><E76/><V47/><F106/><W61/><G61/><T74/><D74/><U3/><E3/><V67/><F73/><W6/><G6/><AGARI ba="0,0" hai="6,8,15,80,82,89,94,97" m="46698,38443" machi="6" ten="30,1000,0" yaku="13,1" doraHai="43" who="0" fromWho="3" sc="403,10,332,0,47,0,218,-10" /><AGARI ba="0,0" hai="0,6,11,16,22,25,56,63,64,93,95" m="51786" machi="6" ten="30,2900,0" yaku="20,1,54,1" doraHai="43" who="1" fromWho="3" sc="413,0,332,29,47,0,208,-29" /><INIT seed="5,1,0,0,1,42" ten="413,361,47,179" oya="1" hai0="11,117,119,7,86,100,16,76,58,109,56,17,116" hai1="61,90,27,97,24,74,85,1,113,127,118,14,25" hai2="70,55,112,2,67,125,13,80,122,29,23,20,131" hai3="36,95,33,132,51,4,91,34,107,40,82,12,47"/><U101/><E118/><V104/><F2/><W77/><G107/><T38/><D109/><U9/><E74/><V10/><F104/><W69/><G69/><T72/><D72/><U57/><E113/><V96/><F70/><W66/><G132/><T105/><D38/><U35/><E127/><V120/><F67/><W41/><G66/><T63/><D58/><U87/><E1/><V0/><F96/><W8/><G36/><T111/><D111/><U53/><E35/><V49/><F80/><W28/><G28/><T32/><D32/><U133/><E133/><V88/><F0/><W78/><G41/><T52/><D86/><U46/><E46/><V71/><F71/><W89/><G78/><T81/><D81/><U102/><E97/><V21/><F29/><W44/><G44/><T79/><D100/><N who="1" m="38507" /><E90/><V129/><F88/><N who="3" m="33867" /><G95/><T110/><D105/><U124/><E124/><V3/><F3/><W64/><G64/><T115/><D115/><U106/><E106/><V128/><F112/><W93/><G93/><T5/><D110/><U6/><AGARI ba="1,0" hai="6,9,14,24,25,27,53,57,61,85,87" m="38507" machi="6" ten="30,1500,0" yaku="8,1" doraHai="42" who="1" fromWho="1" sc="413,-6,361,18,47,-6,179,-6" /><INIT seed="5,2,0,3,4,130" ten="407,379,41,173" oya="1" hai0="88,71,65,49,59,4,77,39,50,116,94,123,79" hai1="117,51,128,15,2,61,5,3,129,101,112,131,6" hai2="48,100,7,73,66,105,23,74,85,54,113,68,125" hai3="134,108,119,86,115,36,44,110,99,40,11,10,106"/><U12/><E101/><V0/><F105/><W30/><G119/><T135/><D116/><U14/><E117/><V93/><F0/><N who="1" m="41" /><E51/><N who="0" m="19465" /><D39/><U9/><E61/><V46/><F68/><W70/><G70/><T18/><D71/><U120/><E120/><V97/><F66/><W87/><G115/><T82/><D123/><U37/><E37/><V91/><F7/><N who="1" m="2569" /><E112/><V32/><F32/><W13/><G30/><T27/><D135/><U53/><E53/><V56/><F113/><W62/><G62/><N who="0" m="38111" /><D4/><AGARI ba="2,0" hai="4,9,12,14,15,128,129,131" m="2569,41" machi="4" ten="40,7700,0" yaku="19,1,34,2" doraHai="130" who="1" fromWho="0" sc="407,-83,379,83,41,0,173,0" /><INIT seed="5,3,0,0,1,53" ten="324,462,41,173" oya="1" hai0="101,26,12,87,7,96,72,37,22,39,76,110,55" hai1="89,34,2,75,77,67,117,112,69,74,90,41,56" hai2="59,20,118,66,60,15,108,103,86,128,104,84,91" hai3="61,94,133,48,6,13,50,102,8,45,123,115,92"/><U97/><E34/><V114/><F108/><W122/><G115/><T4/><D110/><U18/><E2/><V63/><F118/><W78/><G133/><T100/><D72/><U35/><E35/><V42/><F114/><W25/><G78/><T30/><D39/><U71/><E41/><V16/><F128/><W134/><G134/><T62/><D37/><U19/><E97/><V68/><F42/><W80/><G80/><N who="0" m="47495" /><D96/><U126/><E77/><V64/><F86/><W38/><G38/><T83/><D83/><U129/><E67/><V36/><F36/><W23/><G122/><T0/><D0/><U121/><E112/><V70/><F103/><W10/><G123/><T5/><D12/><U3/><E3/><V21/><F104/><W28/><G102/><T58/><AGARI ba="3,0" hai="4,5,7,22,26,30,55,58,62,100,101" m="47495" machi="58" ten="30,2000,0" yaku="8,1,52,1" doraHai="53" who="0" fromWho="0" sc="324,29,462,-13,41,-8,173,-8" /><INIT seed="6,0,0,3,0,120" ten="353,449,33,165" oya="2" hai0="131,135,4,102,96,35,114,133,66,45,112,132,21" hai1="25,32,124,52,10,5,119,104,38,12,47,37,57" hai2="90,103,71,101,50,97,62,64,3,16,59,89,33" hai3="78,30,8,13,55,94,48,2,93,109,31,40,128"/><V125/><F125/><W14/><G109/><T111/><D35/><U134/><E104/><V44/><F3/><W60/><G128/><T85/><D131/><U56/><E119/><V15/><F33/><W36/><G36/><T6/><D66/><U81/><E47/><V28/><F28/><N who="3" m="10795" /><G2/><T69/><D69/><U72/><E25/><V113/><F71/><W42/><G78/><T84/><D21/><U51/><E134/><V63/><F63/><W53/><G60/><T73/><D45/><U92/><E32/><V68/><F68/><W76/><G76/><T11/><D73/><U122/><E81/><V115/><F113/><N who="0" m="43626" /><D4/><U106/><E106/><V27/><F27/><W61/><G61/><T123/><D123/><U80/><E80/><V99/><F115/><W108/><G108/><T118/><D118/><U23/><E23/><N who="2" m="11679" /><F97/><W83/><G83/><T58/><D58/><U18/><E72/><V7/><F7/><N who="3" m="3231" /><G14/><N who="0" m="5495" /><D84/><U110/><E122/><V19/><F19/><W100/><G55/><T79/><D79/><U1/><E1/><V126/><F99/><N who="3" m="59503" /><G94/><N who="0" m="58647" /><D85/><U75/><E5/><V22/><F22/><W46/><AGARI ba="0,0" hai="40,42,46,48,53" m="59503,3231,10795" machi="46" ten="30,1100,0" yaku="8,1" doraHai="120" who="3" fromWho="3" sc="353,-3,449,-3,33,-5,165,11" /><INIT seed="7,0,0,1,5,12" ten="350,446,28,176" oya="3" hai0="119,61,28,24,45,111,132,94,75,41,2,23,100" hai1="50,78,114,34,73,36,82,25,77,104,20,72,65" hai2="38,40,11,95,37,29,90,117,135,18,62,134,102" hai3="110,121,76,112,88,79,0,125,14,96,89,131,52"/><W21/><G121/><T49/><D119/><U81/><E36/><V42/><F29/><W106/><G0/><T74/><D111/><U69/><E104/><V108/><F102/><W5/><G110/><T91/><D2/><U17/><E114/><V4/><F108/><W118/><G118/><T27/><D132/><U105/><E105/><V93/><F117/><W33/><G33/><T127/><D127/><U86/><E34/><V13/><F38/><W103/><G112/><T92/><D24/><U3/><E3/><V133/><F37/><W48/><G125/><T66/><D92/><U130/><E130/><V87/><F62/><W46/><G131/><T113/><D113/><U39/><E39/><V35/><F35/><W30/><G30/><T67/><D67/><U51/><E86/><V80/><F4/><W1/><G1/><T60/><D60/><AGARI ba="0,0" hai="17,20,25,50,51,60,65,69,72,73,77,78,81,82" machi="60" ten="40,2600,0" yaku="9,1,52,1" doraHai="12" who="1" fromWho="0" sc="350,-26,446,26,28,0,176,0" owari="324,12.0,472,57.0,28,-47.0,176,-22.0" /></mjloggm>