<mjloggm ver="2.3"><GO type="169" lobby="0"/><UN n0="%E3%82%A6%E3%83%AB%E3%83%88%E3%83%A9%E7%AB%8B%E7%9B%B4" n1="%62%61%6E%67%61%72%64" n2="%E3%82%B7%E3%83%A3%E3%83%BC%E3%83%AA%E3%83%97%E3%83%88%E3%83%A9" n3="%E2%98%85%E9%A2%A8%E3%81%AE%E8%B0%B7%E2%98%85" dan="16,16,16,16" rate="2190.91,2101.98,2117.28,2055.54" sx="M,F,M,M"/><TAIKYOKU oya="0"/><INIT seed="0,0,0,4,1,83" ten="250,250,250,250" oya="0" hai0="119,47,8,96,21,67,80,94,76,59,74,5,15" hai1="34,71,95,12,110,9,57,109,31,99,45,120,128" hai2="66,26,135,108,113,121,129,72,91,42,131,44,32" hai3="85,23,106,89,73,55,0,30,53,124,28,40,2"/><T16/><D47/><U29/><E120/><V50/><F72/><W6/><G73/><T27/><D67/><U78/><E71/><V126/><F32/><W82/><G106/><T92/><D119/><U84/><E128/><N who="2" m="49227" /><F26/><W125/><G40/><T17/><D59/><U19/><E57/><V38/><F91/><W70/><G70/><T133/><D133/><U75/><E75/><V101/><F101/><W93/><G23/><T104/><D104/><U41/><E78/><V20/><F20/><W116/><G116/><T14/><REACH who="0" step="1"/><D96/><REACH who="0" ten="240,250,250,250" step="2"/><U46/><E45/><N who="2" m="23767" /><F135/><W35/><G125/><T102/><D102/><U118/><E118/><V79/><F126/><W105/><G105/><T22/><AGARI ba="0,1" hai="5,8,14,15,16,17,21,22,27,74,76,80,92,94" machi="22" ten="20,7800,0" yaku="1,1,0,1,7,1,54,1,53,0" doraHai="83" doraHaiUra="65" who="0" fromWho="0" sc="240,88,250,-26,250,-26,250,-26" /><INIT seed="0,1,0,4,3,100" ten="328,224,224,224" oya="0" hai0="88,70,75,113,123,40,93,17,111,81,54,114,69" hai1="25,21,106,84,12,64,3,129,62,29,94,83,48" hai2="101,130,77,39,95,97,41,44,50,107,108,79,14" hai3="32,109,42,26,59,82,116,55,31,23,112,9,0"/><T30/><D123/><U132/><E129/><V104/><F108/><W124/><G116/><T66/><D30/><U45/><E132/><V89/><F130/><W51/><G112/><T34/><D34/><U128/><E128/><V36/><F14/><W118/><G118/><T27/><D40/><U102/><E3/><V33/><F33/><W60/><G109/><T119/><D119/><U76/><E12/><V1/><F1/><W61/><G124/><T7/><D7/><U103/><E94/><V13/><F13/><W85/><G42/><T122/><D54/><U90/><E76/><V68/><F68/><W125/><G32/><T8/><D70/><U38/><E38/><V92/><F77/><W28/><G28/><T73/><D8/><U16/><E29/><V71/><F79/><W43/><G43/><T58/><D69/><U110/><E110/><V5/><F71/><W20/><G20/><N who="0" m="13711" /><D81/><U134/><E134/><V126/><F5/><W80/><G80/><T67/><D67/><U53/><REACH who="1" step="1"/><E106/><REACH who="1" ten="328,214,224,224" step="2"/><V47/><F126/><W37/><G37/><T11/><D111/><U56/><AGARI ba="1,1" hai="16,21,25,45,48,53,56,62,64,83,84,90,102,103" machi="56" ten="20,12000,2" yaku="1,1,2,1,0,1,7,1,8,1,54,1,53,1" doraHai="100" doraHaiUra="18" who="1" fromWho="1" sc="328,-61,214,133,224,-31,224,-31" /><INIT seed="1,0,0,2,2,110" ten="267,347,193,193" oya="1" hai0="64,11,114,61,93,102,122,33,130,14,118,109,99" hai1="83,65,8,115,128,2,56,28,120,49,67,69,103" hai2="4,32,36,95,27,86,50,46,48,117,94,12,98" hai3="123,19,105,96,116,15,38,54,89,43,18,10,20"/><U58/><E120/><V29/><F117/><W100/><G123/><T34/><D118/><U113/><E28/><V35/><F36/><W0/><G116/><T55/><D122/><U135/><E103/><V21/><F50/><W47/><G54/><T59/><D109/><U62/><E83/><V70/><F70/><W30/><G0/><T7/><D130/><U77/><E77/><V22/><F86/><W90/><REACH who="3" step="1"/><G30/><REACH who="3" ten="267,347,193,183" step="2"/><T79/><D79/><U72/><E2/><V134/><F134/><W126/><G126/><T42/><D42/><U71/><E135/><V39/><F29/><W24/><AGARI ba="0,1" hai="10,15,18,19,20,24,38,43,47,89,90,96,100,105" machi="24" ten="20,2700,0" yaku="1,1,0,1,7,1,53,0" doraHai="110" doraHaiUra="106" who="3" fromWho="3" sc="267,-7,347,-13,193,-7,183,37" /><INIT seed="2,0,0,5,4,92" ten="260,334,186,220" oya="2" hai0="126,122,25,41,87,42,111,40,15,73,60,106,94" hai1="16,13,53,110,83,124,128,99,108,56,91,84,63" hai2="31,2,1,37,80,62,52,95,43,104,109,12,131" hai3="50,18,22,36,127,45,120,133,20,44,64,96,35"/><V113/><F104/><W74/><G35/><T51/><D73/><U28/><E124/><V117/><F43/><W61/><G74/><T9/><D106/><U102/><E28/><V75/><F37/><W129/><G120/><T98/><D122/><U69/><E69/><V66/><F31/><W0/><G0/><T58/><D111/><U67/><E67/><V100/><F2/><W33/><G33/><T32/><D25/><U70/><E70/><V116/><F1/><W48/><G127/><T97/><D32/><U24/><E24/><V88/><F100/><W89/><G22/><T21/><D21/><U115/><E115/><V46/><F12/><W10/><G10/><T5/><D51/><U3/><E128/><V71/><F113/><W23/><G23/><T26/><D26/><U121/><E3/><V11/><F11/><W135/><G129/><T125/><D126/><U68/><E68/><V29/><F29/><W55/><G36/><T76/><D125/><U123/><E123/><V134/><F109/><W77/><G77/><T119/><D119/><U130/><E130/><V57/><F46/><W105/><G20/><T8/><D8/><U34/><E34/><V81/><F131/><W114/><G18/><T78/><D78/><U82/><E82/><N who="2" m="31851" /><F75/><W118/><G118/><T132/><D132/><N who="3" m="50761" /><G114/><T112/><D112/><U4/><E4/><V6/><F6/><W93/><G105/><T27/><D27/><U107/><REACH who="1" step="1"/><E121/><REACH who="1" ten="260,324,186,220" step="2"/><V49/><F134/><W38/><G64/><N who="0" m="38935" /><D76/><U79/><E79/><V39/><F39/><W30/><G38/><T101/><D5/><RYUUKYOKU ba="0,1" sc="260,-15,324,15,186,15,220,-15" hai1="13,16,53,56,63,83,84,91,99,102,107,108,110" hai2="49,52,57,62,66,71,88,95,116,117" /><INIT seed="2,1,1,0,5,97" ten="245,339,201,205" oya="2" hai0="51,134,123,38,52,24,78,3,92,53,15,42,96" hai1="43,47,125,35,19,70,76,113,32,72,40,84,135" hai2="23,14,124,112,73,55,118,31,1,2,12,80,7" hai3="79,131,71,46,122,101,39,128,127,100,65,82,74"/><V22/><F73/><W129/><G122/><T94/><D3/><N who="2" m="1034" /><F80/><W34/><G34/><T16/><D38/><U68/><E84/><V37/><F55/><N who="0" m="21066" /><D134/><U63/><E135/><V83/><F83/><W99/><G99/><T102/><D123/><U116/><E63/><V110/><F37/><W48/><G39/><T30/><D78/><U9/><E47/><V75/><F75/><W4/><G127/><T20/><D94/><U28/><E125/><V106/><F31/><W109/><G109/><T86/><D86/><U59/><E28/><V58/><F7/><W115/><G4/><T67/><D67/><U126/><E126/><V130/><F106/><W85/><G74/><T114/><D114/><U18/><E113/><V117/><F112/><W25/><G25/><T66/><D66/><U50/><E72/><V89/><F124/><W10/><G10/><N who="0" m="6263" /><D51/><U119/><E50/><V6/><F110/><W60/><G115/><T87/><D87/><U91/><E9/><N who="2" m="4151" /><F14/><W49/><G48/><T105/><D105/><U36/><E36/><V5/><F5/><W120/><G120/><T17/><D42/><AGARI ba="1,1" hai="42,46,49,60,65,71,79,82,85,100,101,128,129,131" machi="42" ten="40,5200,0" yaku="19,1,52,2" doraHai="97" who="3" fromWho="0" sc="245,-55,339,0,201,0,205,65" /><INIT seed="3,0,0,5,4,79" ten="190,339,201,270" oya="3" hai0="72,119,10,24,132,49,115,66,25,21,47,19,65" hai1="2,84,103,122,48,95,50,0,92,108,90,127,39" hai2="129,117,59,64,44,14,4,96,34,67,6,104,42" hai3="134,118,5,105,99,107,31,91,121,94,116,62,78"/><W32/><G5/><T82/><D119/><N who="3" m="45609" /><G31/><T18/><D132/><U81/><E122/><V54/><F129/><W45/><G32/><T102/><D102/><U120/><E120/><V123/><F123/><W3/><G3/><T114/><D10/><U28/><E39/><V52/><F34/><W46/><G45/><T85/><D72/><U74/><E74/><V9/><F117/><W128/><G46/><T27/><D115/><U100/><E28/><V135/><F135/><W109/><G62/><T41/><D114/><U8/><E8/><V12/><F54/><W86/><G134/><T101/><D101/><U61/><E61/><V16/><F104/><N who="3" m="40011" /><G121/><T29/><D19/><U87/><E90/><V35/><F96/><W75/><G128/><T110/><D110/><U111/><E127/><V69/><F69/><W36/><G36/><T1/><D1/><U53/><E53/><V130/><F35/><W15/><G15/><N who="0" m="9439" /><D29/><U93/><E93/><V33/><F33/><W106/><G106/><T58/><D58/><U26/><E26/><V70/><F70/><W125/><G125/><T71/><D71/><U88/><E88/><AGARI ba="0,0" hai="24,25,27,41,47,49,65,66,82,85,88" m="9439" machi="88" ten="30,3900,0" yaku="8,1,52,1,54,1" doraHai="79" who="0" fromWho="1" sc="190,39,339,-39,201,0,270,0" /><INIT seed="4,0,0,5,5,45" ten="229,300,201,270" oya="0" hai0="80,5,25,101,31,13,134,56,43,6,8,95,64" hai1="23,67,127,88,113,78,123,60,77,50,65,10,90" hai2="7,36,85,103,133,115,16,124,75,76,97,54,9" hai3="126,114,39,53,73,68,79,112,57,28,46,2,51"/><T105/><D134/><U17/><E123/><V108/><F36/><W59/><G2/><T61/><D43/><U109/><E109/><V107/><F108/><W37/><G28/><T29/><D105/><U70/><E127/><V71/><F71/><W135/><G79/><N who="1" m="30218" /><E70/><V4/><F115/><N who="3" m="44075" /><G73/><T86/><D6/><U110/><E110/><V132/><F75/><W15/><G135/><N who="2" m="51785" /><F124/><W129/><G126/><T19/><D80/><U122/><E122/><V111/><F111/><W18/><G68/><T32/><D31/><U100/><E113/><V102/><F102/><W33/><G33/><T121/><D121/><U62/><E10/><V96/><F96/><W63/><G129/><T120/><D120/><U72/><E72/><V40/><F40/><N who="3" m="25031" /><G59/><T34/><D34/><U22/><E100/><V30/><F30/><W58/><G57/><T48/><D101/><U66/><E50/><V69/><F69/><W125/><G125/><T27/><D48/><U35/><E35/><V89/><F54/><W106/><G106/><T82/><D32/><U42/><E42/><V98/><F76/><W94/><G94/><T24/><D95/><U91/><E17/><V49/><F49/><W118/><G118/><T44/><D44/><U14/><E14/><N who="2" m="7247" /><F103/><W1/><G1/><T130/><D130/><U52/><E52/><V87/><F107/><W41/><G41/><T84/><D29/><U104/><E104/><V131/><F131/><W117/><G117/><T12/><D82/><U93/><E93/><V74/><F74/><W92/><G92/><T38/><D38/><U26/><E26/><RYUUKYOKU ba="0,0" sc="229,10,300,10,201,-30,270,10" hai0="5,8,12,13,19,24,25,27,56,61,64,84,86" hai1="22,23,60,62,65,66,67,88,90,91" hai3="15,18,37,39,53,58,63" /><INIT seed="4,1,0,1,2,4" ten="239,310,171,280" oya="0" hai0="30,110,88,56,0,108,12,126,118,11,48,29,134" hai1="47,45,99,89,78,61,39,37,67,73,72,80,92" hai2="109,55,18,135,7,2,8,20,66,1,114,85,116" hai3="65,46,21,125,70,107,133,112,122,104,34,82,28"/><T117/><D48/><U105/><E72/><V13/><F66/><W128/><G21/><T9/><D56/><U98/><E98/><V84/><F109/><N who="0" m="42090" /><D88/><U101/><E39/><V5/><F114/><W44/><G44/><T24/><D126/><U94/><E94/><V62/><F135/><W17/><G46/><T115/><D115/><U113/><E113/><V35/><F35/><W100/><G82/><T95/><D95/><U58/><E37/><V10/><F116/><N who="0" m="44650" /><D134/><U121/><E121/><V42/><F42/><W23/><G133/><T50/><D50/><U14/><E14/><V16/><F18/><W69/><G112/><T75/><D75/><U15/><E15/><V123/><F123/><W25/><G70/><T97/><D97/><U106/><REACH who="1" step="1"/><E89/><REACH who="1" ten="239,300,171,280" step="2"/><V96/><F96/><W124/><G125/><T86/><D86/><U120/><E120/><V57/><AGARI ba="1,1" hai="1,2,5,7,8,10,13,16,20,55,57,62,84,85" machi="57" ten="30,8000,1" yaku="0,1,9,1,52,2,54,1" doraHai="4" who="2" fromWho="2" sc="239,-41,300,-21,171,93,280,-21" /><INIT seed="5,0,0,1,5,105" ten="198,279,264,259" oya="1" hai0="21,109,100,54,49,90,108,24,51,16,1,69,89" hai1="10,44,82,25,29,50,81,125,80,117,121,111,113" hai2="83,41,92,64,131,15,9,74,84,32,126,78,2" hai3="102,124,5,36,114,112,17,23,130,116,8,4,34"/><U94/><E113/><N who="3" m="43626" /><G36/><T123/><D69/><U13/><E117/><V118/><F118/><W86/><G116/><T87/><D123/><U37/><E125/><V115/><F115/><W58/><G124/><T103/><D1/><U129/><E37/><V134/><F126/><W77/><G34/><T93/><D109/><U122/><E111/><V20/><F32/><W70/><G70/><T46/><D108/><U66/><E66/><V26/><F2/><W133/><G133/><T30/><D30/><U48/><E129/><V106/><F106/><W65/><G102/><T40/><REACH who="0" step="1"/><D90/><REACH who="0" ten="188,279,264,259" step="2"/><U7/><E121/><V107/><F134/><W119/><G119/><T60/><D60/><U127/><E122/><V33/><F131/><W63/><G130/><T61/><D61/><U62/><E62/><V18/><F107/><W96/><G63/><T22/><D22/><N who="1" m="15543" /><E127/><V79/><F33/><W14/><G65/><T104/><D104/><U110/><E110/><V97/><F64/><W128/><G128/><T73/><D73/><U19/><E50/><V11/><F74/><W132/><G132/><T135/><D135/><U28/><E28/><V3/><F3/><W101/><G23/><T35/><D35/><U75/><E75/><V99/><F20/><W95/><G5/><T71/><D71/><U0/><E0/><V68/><F68/><W120/><G4/><T39/><D39/><U52/><E7/><V6/><F6/><W85/><G120/><T27/><D27/><U59/><E94/><V43/><F26/><W98/><G14/><T42/><D42/><N who="2" m="15882" /><F92/><W76/><G95/><RYUUKYOKU ba="0,1" sc="188,15,279,15,264,-15,259,-15" hai0="16,21,24,40,46,49,51,54,87,89,93,100,103" hai1="10,13,19,44,48,52,59,80,81,82" /><INIT seed="5,1,1,0,1,131" ten="203,294,249,244" oya="1" hai0="71,125,91,32,134,50,36,84,98,62,13,7,103" hai1="25,75,52,59,115,66,119,101,21,93,41,78,110" hai2="30,44,74,1,51,37,85,100,116,81,20,123,5" hai3="113,48,104,46,105,127,15,56,6,0,90,57,107"/><U34/><E115/><V73/><F116/><W9/><G113/><T60/><D36/><U23/><E119/><V122/><F37/><W54/><G127/><T95/><D32/><U128/><E41/><V114/><F114/><W109/><G109/><T121/><D125/><U108/><E128/><V87/><F100/><W19/><REACH who="3" step="1"/><G90/><REACH who="3" ten="203,294,249,234" step="2"/><T80/><D121/><U133/><E108/><V28/><F123/><W53/><G53/><T45/><D71/><U40/><E52/><V72/><F122/><W29/><G29/><T94/><D134/><U120/><E133/><V68/><F68/><W70/><G70/><T106/><D106/><U47/><E110/><V65/><F30/><W18/><G18/><T82/><D82/><U12/><E40/><V64/><F28/><W117/><G117/><T102/><D80/><U89/><E89/><V2/><F81/><W16/><G16/><T129/><D129/><U55/><E55/><V3/><F5/><W83/><G83/><T8/><D103/><U49/><E101/><V26/><F73/><W112/><G112/><T111/><D111/><U67/><E75/><V96/><F72/><W130/><G130/><T14/><D14/><U58/><E12/><V11/><F74/><W63/><G63/><T61/><D61/><U76/><E120/><V69/><F69/><W99/><G99/><T77/><D77/><U31/><E78/><V118/><F96/><W92/><G92/><T135/><D135/><U22/><E93/><V126/><F118/><W27/><G27/><T24/><D24/><U17/><E76/><V35/><F126/><RYUUKYOKU ba="1,2" sc="203,15,294,-15,249,-15,234,15" hai0="7,8,13,45,50,60,62,84,91,94,95,98,102" hai3="0,6,9,15,19,46,48,54,56,57,104,105,107" /><INIT seed="6,2,2,0,5,13" ten="218,279,234,249" oya="2" hai0="100,49,130,53,70,50,129,80,45,56,0,12,128" hai1="132,101,17,14,69,2,89,117,111,96,87,25,19" hai2="126,103,84,67,82,40,59,71,102,116,90,97,131" hai3="73,134,93,125,44,9,33,26,57,113,10,1,66"/><V34/><F71/><W52/><G73/><T114/><D0/><U7/><E111/><V106/><F34/><W115/><G134/><T60/><D100/><U42/><E117/><V55/><F116/><W65/><G125/><T104/><D104/><U46/><E69/><V135/><F40/><W27/><G44/><T98/><D98/><U36/><E132/><V5/><F135/><W31/><G27/><T37/><D80/><U64/><E64/><N who="3" m="24682" /><G93/><T88/><D88/><U124/><E124/><V39/><F67/><W30/><G30/><T112/><D12/><U63/><E63/><V122/><F39/><W109/><G1/><T92/><D92/><U75/><E75/><V81/><F126/><W107/><G107/><T54/><D70/><U105/><E2/><V78/><F103/><W47/><G47/><N who="0" m="27871" /><D37/><U83/><REACH who="1" step="1"/><E25/><REACH who="1" ten="218,269,234,249" step="2"/><V133/><F133/><W16/><G109/><T86/><D86/><U118/><E118/><V3/><F3/><W23/><G115/><T123/><D123/><U76/><E76/><V11/><F122/><W58/><G113/><T20/><D20/><U18/><E18/><V35/><F78/><W94/><G33/><T32/><D32/><U91/><E91/><V24/><F35/><W74/><G74/><T79/><D79/><U110/><E110/><V127/><F127/><W22/><G22/><T8/><D8/><AGARI ba="2,3" hai="7,8,14,17,19,36,42,46,83,87,89,96,101,105" machi="8" ten="40,8000,1" yaku="1,1,52,2,53,1" doraHai="13" doraHaiUra="4" who="1" fromWho="0" sc="218,-86,269,116,234,0,249,0" /><INIT seed="7,0,0,1,2,48" ten="132,385,234,249" oya="3" hai0="53,52,50,27,132,9,116,130,134,45,25,70,33" hai1="75,123,37,29,22,127,67,10,41,44,97,114,102" hai2="1,42,88,110,39,90,128,100,81,7,122,91,28" hai3="62,43,86,109,11,111,99,8,76,35,107,23,113"/><W4/><G35/><T72/><D72/><U135/><E75/><V131/><F110/><N who="3" m="41995" /><G113/><T0/><D116/><U117/><E114/><V83/><F100/><N who="3" m="62879" /><G43/><N who="0" m="24895" /><D70/><U15/><E117/><V49/><F39/><W65/><G23/><T64/><D64/><U85/><E123/><V126/><F28/><W5/><G76/><T57/><D57/><U2/><E127/><V105/><F126/><W69/><G86/><T51/><D51/><U98/><E135/><N who="0" m="51753" /><D130/><N who="2" m="49706" /><F105/><W66/><G66/><T103/><D103/><U93/><E67/><V115/><F115/><W21/><G21/><T60/><D60/><U54/><E85/><V80/><F122/><W104/><G104/><T118/><D118/><U24/><E2/><V55/><F42/><W59/><G69/><T19/><D27/><U73/><E73/><V14/><F1/><W74/><G74/><T16/><D19/><U84/><E84/><V56/><F91/><W58/><G58/><T20/><D33/><U87/><E87/><V133/><F133/><W32/><G32/><T46/><D46/><U34/><E34/><V3/><F3/><W112/><G112/><T38/><D38/><U94/><E10/><AGARI ba="0,0" hai="7,10,14,49,55,56,80,81,83,88,90" m="49706" machi="10" ten="30,3900,0" yaku="19,1,52,1,54,1" doraHai="48" who="2" fromWho="1" sc="132,0,385,-39,234,39,249,0" /><AGARI ba="0,0" hai="4,5,8,10,11,59,62,65" m="62879,41995" machi="10" ten="30,1500,0" yaku="10,1" doraHai="48" who="3" fromWho="1" sc="132,0,346,-15,273,0,249,15" /><INIT seed="7,1,0,0,2,50" ten="132,331,273,264" oya="3" hai0="39,121,16,19,132,26,110,2,120,100,77,114,134" hai1="70,11,28,18,25,23,130,88,72,108,44,89,12" hai2="122,128,123,82,27,111,80,31,99,79,45,59,24" hai3="135,41,101,17,42,38,49,85,14,66,21,51,30"/><W3/><G3/><T75/><D100/><U73/><E108/><V98/><F111/><W52/><G38/><T117/><D77/><U91/><E70/><V92/><F128/><W10/><G135/><T8/><D75/><U55/><E130/><V5/><F5/><N who="3" m="3407" /><G30/><T13/><D39/><U84/><E84/><V127/><F127/><W81/><G101/><T61/><D61/><U104/><E104/><V1/><F31/><W125/><G66/><T94/><D94/><U126/><E126/><V93/><F59/><N who="3" m="33167" /><G51/><T63/><D63/><U103/><E103/><V43/><F43/><W47/><G47/><T116/><D110/><U133/><E133/><N who="0" m="51305" /><D2/><U33/><E33/><V109/><F109/><W90/><G125/><T106/><D106/><U96/><E96/><V60/><F60/><W62/><G62/><T35/><D114/><U29/><E29/><V124/><F124/><W119/><G119/><N who="0" m="45643" /><D19/><U74/><E44/><V54/><F45/><W115/><G115/><T68/><D68/><U4/><E55/><V87/><F54/><W67/><G67/><T6/><D6/><U113/><E113/><V20/><F1/><W97/><G97/><T83/><D83/><U76/><REACH who="1" step="1"/><E28/><AGARI ba="1,0" hai="8,13,16,26,28,35,120,121" m="45643,51305" machi="28" ten="30,7700,0" yaku="20,1,34,2,54,1" doraHai="50" who="0" fromWho="1" sc="132,80,331,-80,273,0,264,0" /><INIT seed="8,0,0,1,0,24" ten="212,251,273,264" oya="0" hai0="25,128,100,9,120,62,112,121,10,45,92,5,94" hai1="0,56,79,54,108,102,46,12,109,68,16,132,50" hai2="8,67,1,74,95,134,36,73,72,51,64,55,35" hai3="13,130,42,91,66,39,81,101,23,38,3,2,52"/><T75/><D75/><U33/><E132/><V105/><F105/><W124/><G101/><T32/><D112/><U86/><E102/><V122/><F122/><W65/><G124/><T18/><D128/><U48/><E68/><V113/><F113/><W85/><G130/><T93/><D100/><U28/><E0/><V37/><F95/><W43/><G3/><T125/><D125/><U111/><E79/><V133/><F35/><W20/><G2/><T123/><D62/><U4/><E4/><V99/><F99/><W135/><G135/><N who="2" m="51721" /><F8/><W78/><G39/><N who="2" m="14921" /><F1/><W58/><G38/><T77/><D5/><U114/><E114/><V26/><F26/><W88/><G23/><T34/><D77/><U116/><E116/><V76/><F76/><W31/><G91/><T22/><REACH who="0" step="1"/><D45/><AGARI ba="0,0" hai="45,51,55,64,67,72,73,74" m="14921,51721" machi="45" ten="40,1300,0" yaku="20,1" doraHai="24" who="2" fromWho="0" sc="212,-13,251,0,273,13,264,0" /><INIT seed="9,0,0,4,1,30" ten="199,251,286,264" oya="1" hai0="18,5,76,81,105,106,135,85,90,25,117,53,23" hai1="1,84,114,54,93,64,31,46,4,89,83,58,10" hai2="116,94,75,107,79,122,100,0,59,7,14,42,133" hai3="102,49,2,33,73,77,43,95,119,55,16,69,41"/><U104/><E114/><V63/><F122/><W35/><G2/><T74/><D117/><U60/><E104/><V39/><F14/><W80/><G69/><T27/><D135/><U101/><E31/><V113/><F94/><W118/><G16/><T36/><D36/><U15/><E1/><V78/><F59/><N who="3" m="33263" /><G102/><T67/><D67/><U24/><E24/><V88/><F63/><W98/><G98/><T123/><D123/><U44/><REACH who="1" step="1"/><E64/><REACH who="1" ten="199,241,286,264" step="2"/><V45/><F107/><W68/><G119/><T97/><D27/><U47/><E47/><V17/><F116/><W51/><G118/><T99/><D106/><U22/><E22/><V13/><F113/><W130/><G35/><T70/><D105/><U131/><E131/><V48/><F45/><W112/><G33/><T52/><D5/><U37/><E37/><V82/><F39/><W86/><G130/><T20/><D20/><U66/><E66/><V126/><F0/><W72/><G112/><T132/><D132/><U109/><E109/><V134/><F7/><W110/><G110/><T9/><D9/><U11/><E11/><V111/><F111/><W40/><G73/><T129/><D129/><U6/><E6/><V19/><F75/><W61/><G72/><T92/><D70/><U29/><E29/><V50/><F134/><W12/><G12/><T127/><D127/><U21/><E21/><V128/><F126/><W71/><G71/><T115/><D115/><U32/><E32/><V87/><F13/><W103/><G68/><T120/><D120/><U121/><E121/><V56/><F133/><W38/><G38/><RYUUKYOKU ba="0,1" sc="199,15,241,15,286,-15,264,-15" hai0="18,23,25,52,53,74,76,81,85,90,92,97,99" hai1="4,10,15,44,46,54,58,60,83,84,89,93,101" /><INIT seed="9,1,1,0,4,3" ten="214,256,271,249" oya="1" hai0="20,127,131,35,65,113,43,85,133,72,78,109,16" hai1="106,12,18,89,74,67,8,7,79,86,134,42,93" hai2="30,111,50,36,17,13,2,29,122,132,124,63,25" hai3="22,9,24,92,48,6,51,117,110,57,40,121,119"/><U87/><E106/><V46/><F111/><W4/><G110/><T15/><D109/><U103/><E134/><V130/><F122/><W49/><G121/><T23/><D35/><U98/><E67/><V38/><F2/><W55/><G9/><T107/><D107/><U64/><E64/><V68/><F124/><W47/><G92/><T1/><D1/><U60/><E60/><V126/><F126/><W125/><G51/><T27/><D127/><U66/><E66/><V21/><F63/><W0/><G125/><T5/><D133/><U11/><E42/><V99/><F68/><W88/><G88/><T104/><D72/><U53/><E53/><V77/><F30/><N who="3" m="17687" /><G0/><T45/><D104/><U114/><E114/><V97/><F77/><W39/><G39/><T120/><D120/><U69/><E69/><V101/><F132/><W123/><G123/><T81/><D113/><U128/><E128/><V44/><F130/><W70/><G70/><T94/><D131/><U37/><E37/><V52/><F101/><W32/><G32/><T80/><D80/><U84/><E74/><V26/><F36/><W102/><G102/><T112/><D112/><U96/><E96/><N who="2" m="36939" /><F38/><W19/><G19/><N who="0" m="12799" /><D94/><U100/><REACH who="1" step="1"/><E79/><REACH who="1" ten="214,246,271,249" step="2"/><V135/><F135/><W56/><G56/><T33/><D65/><U54/><E54/><V105/><F105/><W82/><G82/><T10/><D33/><U76/><E76/><V59/><F29/><W58/><G58/><T91/><D78/><U75/><E75/><V71/><F71/><W62/><G62/><T129/><D129/><U34/><E34/><RYUUKYOKU ba="1,2" sc="214,-30,246,10,271,10,249,10" hai1="7,8,11,12,18,84,86,87,89,93,98,100,103" hai2="13,17,21,25,26,44,46,50,52,59" hai3="4,6,40,47,48,49,55,57,117,119" /><INIT seed="9,2,2,3,4,134" ten="184,256,281,259" oya="1" hai0="94,125,1,14,76,88,90,84,4,20,103,40,80" hai1="87,56,131,22,26,127,110,93,21,62,101,38,132" hai2="39,50,68,107,118,73,133,70,83,13,27,97,48" hai3="59,32,65,45,51,99,41,54,17,72,113,58,3"/><U10/><E127/><V104/><F39/><W37/><G72/><T57/><D125/><U33/><E132/><V98/><F133/><W117/><G113/><T105/><D1/><U128/><E38/><V106/><F13/><W47/><G32/><T71/><D71/><N who="2" m="27178" /><F27/><W114/><G3/><T112/><D112/><U35/><E110/><V60/><F60/><N who="3" m="38047" /><G114/><T111/><D111/><U121/><E121/><V46/><F46/><N who="3" m="23855" /><G17/><N who="0" m="10295" /><D105/><U61/><E10/><V11/><F11/><W34/><G99/><N who="2" m="37897" /><F83/><W120/><G34/><N who="1" m="12810" /><E101/><V29/><F29/><W135/><G135/><T129/><D4/><U95/><E87/><V78/><F78/><W15/><G15/><T67/><D40/><U79/><E79/><V64/><F64/><W2/><G2/><T108/><D108/><U126/><E126/><V100/><F100/><W28/><G28/><T75/><D103/><U122/><E122/><V102/><F102/><W30/><G30/><T19/><D19/><N who="1" m="12607" /><E22/><V49/><F118/><W53/><G120/><T66/><D90/><U96/><E96/><V44/><F44/><N who="3" m="27879" /><G117/><T8/><D8/><U52/><E62/><AGARI ba="2,2" hai="45,47,54,58,62" m="27879,23855,38047" machi="62" ten="30,8000,1" yaku="35,5" doraHai="134" who="3" fromWho="1" sc="184,0,256,-86,281,0,259,106" owari="184,-22.0,170,-33.0,281,8.0,365,47.0" /></mjloggm>