<mjloggm ver="2.3"><GO type="169" lobby="0"/><UN n0="%E3%83%A2%E3%83%AD%E3%83%98%E3%82%A4%E3%83%A4" n1="%E3%82%A6%E3%83%AB%E3%83%88%E3%83%A9%E7%AB%8B%E7%9B%B4" n2="%41%72%61%6B%61%6E" n3="%62%61%72%61%61%64%6F" dan="16,18,16,16" rate="2137.41,2214.02,2129.65,2062.29" sx="M,M,F,M"/><TAIKYOKU oya="0"/><INIT seed="0,0,0,3,1,135" ten="250,250,250,250" oya="0" hai0="96,47,82,27,38,122,17,123,7,45,3,129,35" hai1="57,68,34,79,127,39,37,48,120,133,110,43,22" hai2="67,119,11,85,114,54,55,91,88,69,112,60,63" hai3="90,28,41,78,99,26,29,25,86,1,33,102,100"/><T13/><D129/><U51/><E34/><V113/><F119/><W75/><G1/><T53/><D3/><U106/><E106/><V6/><F60/><W72/><G41/><T105/><D7/><U121/><E79/><V115/><N who="2" m="28672" /><DORA hai="4" /><V128/><F128/><W2/><G2/><T23/><D47/><U59/><E22/><V19/><F19/><W16/><G78/><T93/><D105/><U89/><E89/><V116/><F116/><W126/><G126/><T95/><D82/><U15/><E15/><V61/><F61/><W49/><G49/><T65/><D65/><U56/><E43/><V9/><F91/><W50/><G50/><T32/><D95/><U134/><E57/><V5/><F5/><W76/><G76/><T98/><D96/><U92/><E92/><V40/><F40/><W0/><G0/><T108/><D38/><U74/><E74/><V107/><F107/><W42/><G42/><T66/><D66/><U131/><E131/><V46/><F6/><W21/><G29/><T81/><D81/><U109/><E68/><V31/><F31/><W111/><G102/><T52/><D45/><U30/><E30/><V83/><REACH who="2" step="1"/><F46/><REACH who="2" ten="250,250,240,250" step="2"/><W62/><G62/><T73/><D17/><U84/><E84/><V8/><AGARI ba="0,1" hai="8,9,11,54,55,63,67,69,83,85,88" m="28672" machi="8" ten="60,12000,2" yaku="1,1,2,1,0,1,52,3,54,1,53,0" doraHai="135,4" doraHaiUra="24,70" who="2" fromWho="2" sc="250,-60,250,-30,240,130,250,-30" /><INIT seed="1,0,0,0,3,52" ten="190,220,370,220" oya="1" hai0="129,7,66,74,107,132,50,26,14,60,70,94,93" hai1="76,67,9,130,5,79,99,71,62,59,86,134,53" hai2="115,87,128,2,30,104,36,41,42,81,117,103,63" hai3="0,28,12,55,69,58,106,64,82,88,33,32,123"/><U29/><E130/><V110/><F117/><W96/><G123/><T1/><D107/><U45/><E134/><V98/><F2/><W27/><G0/><T97/><D1/><U37/><E29/><V124/><F128/><W85/><G12/><T89/><D74/><U11/><E99/><V57/><F110/><W65/><G32/><T49/><D129/><U77/><E86/><V46/><F124/><W112/><G112/><T48/><D132/><U25/><E25/><V8/><F115/><W83/><G83/><T84/><D26/><U38/><E5/><V39/><F30/><W92/><G69/><T3/><D3/><U125/><E125/><V51/><F8/><W18/><G18/><T43/><D14/><U100/><E100/><V91/><REACH who="2" step="1"/><F42/><REACH who="2" ten="190,220,360,220" step="2"/><W75/><G106/><T16/><D43/><U127/><E127/><V24/><F24/><W13/><G13/><T126/><D126/><U121/><E121/><V47/><F47/><W109/><G109/><T23/><D7/><U54/><E9/><V90/><F90/><W31/><G31/><T78/><D78/><U108/><E11/><V101/><F101/><W40/><G40/><T116/><D116/><U80/><E108/><V95/><F95/><W15/><G15/><N who="0" m="9631" /><D94/><U135/><E135/><V44/><F44/><W10/><G10/><T111/><D111/><U34/><E45/><V56/><F56/><W114/><G114/><T22/><D22/><U61/><E34/><V119/><F119/><W68/><G33/><T35/><D35/><U120/><E120/><V105/><F105/><W20/><G92/><RYUUKYOKU ba="0,1" sc="190,15,220,-15,360,15,220,-15" hai0="48,49,50,60,66,70,84,89,93,97" hai2="36,39,41,46,51,57,63,81,87,91,98,103,104" /><INIT seed="2,1,1,2,2,83" ten="205,205,375,205" oya="2" hai0="116,33,123,56,125,90,62,79,95,43,49,69,22" hai1="32,122,31,71,132,37,115,103,89,30,59,18,26" hai2="113,52,77,105,17,87,127,110,130,15,120,63,1" hai3="133,111,106,98,45,84,5,36,27,65,55,68,8"/><V58/><F1/><W16/><G111/><T99/><D33/><U34/><E71/><V78/><F120/><W100/><G68/><T81/><D69/><U66/><E37/><V126/><F105/><W14/><G65/><T108/><D123/><U54/><E115/><V35/><F113/><W134/><G84/><T82/><D108/><U23/><E132/><N who="3" m="50794" /><G55/><T93/><D125/><N who="2" m="47626" /><F110/><W112/><G112/><T128/><D128/><U13/><E66/><V129/><F35/><W11/><G27/><T57/><D116/><U19/><E122/><V109/><F109/><W114/><G114/><T21/><D93/><U119/><E119/><V118/><F118/><W73/><G73/><T131/><D131/><N who="2" m="50186" /><F87/><W29/><G29/><T107/><D107/><U47/><E31/><V85/><F85/><W28/><G28/><T121/><D121/><U51/><E30/><V50/><F63/><W2/><G36/><T48/><D79/><U76/><E76/><V12/><F12/><W38/><G38/><T117/><D117/><U40/><E32/><V72/><F72/><W80/><G80/><T101/><D82/><U97/><E34/><V64/><F64/><W60/><G60/><T44/><D81/><U4/><E13/><V25/><F25/><W39/><G39/><T53/><REACH who="0" step="1"/><D101/><REACH who="0" ten="195,205,375,205" step="2"/><U88/><E103/><V20/><AGARI ba="1,2" hai="15,17,20,50,52,58,77,78" m="50186,47626" machi="20" ten="30,6000,0" yaku="18,1,19,1,54,1" doraHai="83" who="2" fromWho="2" sc="195,-21,205,-21,375,83,205,-21" /><INIT seed="2,2,0,2,0,57" ten="174,184,458,184" oya="2" hai0="67,32,20,111,101,73,39,98,22,103,65,47,8" hai1="59,31,0,120,99,70,113,79,23,35,96,50,85" hai2="116,45,95,87,134,123,34,16,102,115,86,129,53" hai3="10,88,62,9,61,71,108,69,27,100,46,97,66"/><V82/><F116/><W106/><G108/><T2/><D32/><U48/><E35/><V109/><F123/><W94/><G46/><T55/><D73/><U14/><E70/><V90/><F34/><W117/><G117/><T118/><D118/><U132/><E0/><V58/><F115/><W104/><G27/><T24/><D111/><U25/><E113/><V52/><F109/><W1/><G1/><T26/><D2/><U76/><E132/><V121/><F121/><W135/><G135/><T75/><D8/><U30/><E120/><V93/><F134/><W74/><G74/><T56/><D75/><U40/><E31/><V131/><F45/><W60/><G106/><T44/><D39/><U125/><E125/><V124/><F124/><W17/><G17/><T51/><D47/><N who="1" m="25703" /><E14/><V84/><F102/><W64/><G61/><N who="0" m="38055" /><D67/><U110/><E110/><V29/><F29/><W3/><G3/><T77/><D77/><N who="1" m="29771" /><E85/><AGARI ba="2,0" hai="9,10,60,62,64,66,69,71,85,88,94,97,100,104" machi="85" ten="30,8000,1" yaku="7,1,9,1,52,2,54,1" doraHai="57" who="3" fromWho="1" sc="174,0,184,-86,458,0,184,86" /><INIT seed="3,0,0,2,5,40" ten="174,98,458,270" oya="3" hai0="17,5,86,68,20,28,82,132,94,49,106,39,111" hai1="56,79,78,30,10,102,6,2,135,55,16,25,87" hai2="117,62,130,103,13,70,76,32,42,67,44,26,95" hai3="126,46,112,52,120,80,73,27,50,127,128,108,97"/><W36/><G112/><T58/><D39/><U131/><E135/><V61/><F117/><W53/><G120/><T125/><D68/><U38/><E131/><V66/><F130/><W35/><G36/><T47/><D106/><U12/><E38/><V18/><F76/><N who="3" m="44047" /><G97/><T9/><D28/><U96/><E87/><V116/><F116/><W51/><G128/><T118/><D118/><U91/><E91/><V109/><F109/><W77/><G77/><T63/><D111/><U105/><E55/><V114/><F114/><W34/><G27/><T22/><D94/><U23/><REACH who="1" step="1"/><E56/><REACH who="1" ten="174,88,458,270" step="2"/><V60/><F70/><W72/><G108/><T37/><D58/><U133/><E133/><V123/><F123/><W1/><G72/><T92/><D86/><U134/><E134/><V124/><F66/><W0/><G53/><T57/><D57/><U121/><E121/><V11/><F67/><W113/><G113/><T84/><D84/><U107/><E107/><V3/><F103/><W129/><G129/><T7/><D37/><U98/><E98/><V93/><F93/><W48/><G52/><T65/><D92/><U43/><E43/><V119/><F95/><W83/><G83/><T110/><D82/><U59/><E59/><V33/><F119/><W71/><G71/><T122/><D65/><U100/><E100/><V14/><F42/><W85/><G85/><T8/><D132/><U89/><E89/><V15/><F60/><W101/><G101/><T81/><D63/><U69/><E69/><V54/><F61/><W4/><G50/><T115/><D122/><U41/><E41/><RYUUKYOKU ba="0,1" sc="174,-10,88,30,458,-10,270,-10" hai1="2,6,10,12,16,23,25,30,78,79,96,102,105" /><INIT seed="4,1,1,1,3,23" ten="164,118,448,260" oya="0" hai0="36,44,30,75,96,92,16,55,9,81,76,126,70" hai1="101,116,122,128,130,14,102,52,135,7,84,8,77" hai2="11,37,60,115,98,63,31,56,57,4,17,24,132" hai3="105,121,74,33,89,67,10,43,108,26,111,123,15"/><T80/><D70/><U1/><E122/><N who="3" m="46602" /><G74/><T12/><D126/><U20/><E116/><V112/><F37/><W21/><G105/><T66/><D66/><U119/><E119/><V46/><F132/><W22/><G33/><T59/><D81/><N who="1" m="47151" /><E135/><V54/><F46/><W87/><G67/><T125/><D125/><U114/><E114/><N who="2" m="43563" /><F17/><N who="3" m="12623" /><G21/><T58/><D30/><U109/><E109/><V53/><F98/><W40/><G111/><T39/><D44/><U99/><E99/><V117/><F117/><W34/><G34/><T106/><D106/><U42/><E42/><V64/><F64/><W104/><G104/><T94/><D58/><U6/><E52/><V129/><F129/><N who="1" m="49769" /><E20/><N who="2" m="15751" /><F11/><AGARI ba="1,1" hai="1,6,7,8,11,14,101,102" m="49769,47151" machi="11" ten="30,1000,0" yaku="19,1" doraHai="23" who="1" fromWho="2" sc="164,0,118,23,448,-13,260,0" /><INIT seed="5,0,0,0,0,112" ten="164,141,435,260" oya="1" hai0="31,75,116,55,133,94,68,80,30,4,2,84,1" hai1="97,18,24,19,122,70,107,35,87,96,104,69,5" hai2="7,108,77,129,105,93,74,22,11,61,64,53,21" hai3="48,135,26,28,65,76,114,73,43,117,130,82,100"/><U33/><E5/><V0/><F105/><N who="1" m="40521" /><E24/><V51/><F93/><W32/><G114/><T13/><D68/><N who="1" m="26219" /><E87/><V17/><F77/><W52/><G43/><T91/><D133/><U8/><E8/><V57/><F74/><W83/><G135/><T42/><D42/><U10/><E10/><V126/><F17/><N who="1" m="6153" /><E122/><V46/><F11/><W23/><G83/><T54/><D13/><U113/><E113/><V125/><F7/><W111/><G82/><T128/><D4/><U58/><E58/><V34/><F0/><W44/><G76/><T45/><D45/><U41/><E41/><V62/><F46/><W85/><G44/><T56/><D75/><U60/><E60/><V118/><F61/><W103/><G85/><T72/><D72/><U29/><E29/><V15/><F62/><W6/><G28/><T89/><D56/><U63/><E63/><V115/><F15/><W40/><G40/><T90/><D80/><U109/><E109/><V36/><F57/><W59/><G59/><T99/><D84/><U67/><E67/><V92/><F64/><W27/><G65/><T50/><D2/><U38/><E38/><V39/><F36/><W95/><G73/><T98/><D1/><U16/><N who="1" m="6161" /><U106/><N who="1" m="40529" /><DORA hai="120" /><U3/><DORA hai="119" /><E3/><V25/><F39/><W78/><G111/><T88/><D31/><U127/><E127/><V132/><F108/><W14/><G27/><T47/><D30/><U121/><E121/><V131/><F115/><W101/><G26/><T110/><N who="0" m="22528" /><DORA hai="134" /><T37/><D110/><U49/><E49/><V123/><F125/><RYUUKYOKU ba="0,0" sc="164,-10,141,30,435,-10,260,-10" hai1="33,35,96,97" /><INIT seed="5,1,0,0,5,13" ten="154,171,425,250" oya="1" hai0="10,94,46,1,111,24,102,82,2,34,26,15,119" hai1="65,85,69,7,78,39,30,126,5,92,9,72,61" hai2="52,93,117,133,32,36,22,104,43,20,86,42,127" hai3="59,12,74,83,18,54,79,29,123,87,21,91,88"/><U35/><E126/><V110/><F104/><W128/><G123/><T131/><D111/><U33/><E7/><V107/><F32/><W40/><G128/><T108/><D108/><U6/><E6/><V19/><F107/><W118/><G118/><T28/><D119/><U129/><E129/><V56/><F117/><W41/><G29/><T73/><D131/><U51/><E30/><V0/><F0/><W114/><G114/><T48/><D26/><U121/><E121/><V120/><F120/><W109/><G109/><T53/><D102/><U100/><E39/><V96/><F127/><W70/><G70/><T125/><D94/><U89/><E100/><V60/><F133/><W132/><G132/><T57/><D125/><U112/><E112/><V16/><F86/><W31/><G31/><T77/><REACH who="0" step="1"/><D46/><REACH who="0" ten="144,171,425,250" step="2"/><U64/><E92/><V130/><F110/><W62/><G83/><T8/><D8/><U66/><E33/><V75/><F130/><W95/><G95/><T68/><D68/><U58/><E35/><V71/><F71/><W99/><G59/><T63/><D63/><U84/><E69/><V11/><F11/><W115/><G62/><T103/><D103/><U45/><E61/><V97/><F93/><W105/><G115/><T14/><D14/><U113/><E113/><V124/><F124/><W116/><G12/><T101/><D101/><U106/><E9/><V23/><F60/><W44/><G44/><T47/><D47/><U50/><E45/><V55/><F56/><W25/><G116/><T122/><D122/><U80/><E58/><V67/><F96/><RYUUKYOKU ba="1,1" sc="144,30,171,-10,425,-10,250,-10" hai0="1,2,10,15,24,28,34,48,53,57,73,77,82" /><INIT seed="6,2,1,5,0,54" ten="174,161,415,240" oya="2" hai0="45,71,106,11,88,53,3,100,27,122,12,87,74" hai1="127,114,92,130,22,1,37,105,131,20,15,111,23" hai2="126,96,60,57,112,14,133,38,98,30,79,94,119" hai3="109,5,10,25,102,70,64,13,123,48,129,125,33"/><V52/><F119/><W85/><G109/><T86/><D74/><U110/><E105/><V8/><F38/><W44/><G123/><T134/><D71/><U6/><E37/><V21/><F112/><W18/><G102/><T0/><D87/><U7/><E92/><V35/><F35/><W72/><G72/><T39/><D122/><U32/><E114/><V16/><F126/><W91/><G125/><T49/><D39/><U2/><E127/><V46/><F133/><W4/><G64/><T135/><D27/><U116/><E32/><V93/><F79/><W58/><G58/><T107/><D0/><N who="1" m="107" /><E116/><V76/><F76/><W81/><G70/><T36/><D3/><U103/><E103/><V41/><F46/><W67/><G67/><T47/><D100/><U42/><E42/><V19/><F41/><W43/><G129/><N who="1" m="49162" /><E15/><N who="2" m="9471" /><F30/><W83/><G83/><N who="0" m="49247" /><D36/><U61/><E61/><V97/><AGARI ba="2,1" hai="8,14,16,52,57,60,93,94,96,97,98" m="9471" machi="97" ten="30,11700,0" yaku="8,1,52,1,54,2" doraHai="54" who="2" fromWho="2" sc="174,-41,161,-41,415,133,240,-41" /><INIT seed="6,3,0,3,2,24" ten="133,120,548,199" oya="2" hai0="13,0,113,90,53,44,98,72,30,10,93,107,32" hai1="27,11,15,40,99,60,112,96,100,103,102,19,58" hai2="123,54,71,42,89,104,22,52,131,76,79,105,62" hai3="86,133,118,3,132,45,59,41,2,95,31,97,5"/><V46/><F123/><W49/><G118/><T73/><D0/><U28/><E40/><V47/><F131/><W125/><G125/><T81/><D107/><U116/><E112/><V25/><F89/><W4/><G31/><T135/><D113/><U20/><REACH who="1" step="1"/><E116/><REACH who="1" ten="133,110,548,199" step="2"/><V61/><F42/><W16/><G41/><T34/><D135/><U6/><E6/><V68/><F25/><W57/><G5/><T51/><D81/><U122/><E122/><V67/><F67/><AGARI ba="3,1" hai="11,15,19,20,27,28,58,60,67,96,99,100,102,103" machi="67" ten="40,5200,0" yaku="1,1,8,1,52,1,53,0" doraHai="24" doraHaiUra="83" who="1" fromWho="2" sc="133,0,110,71,548,-61,199,0" /><INIT seed="7,0,0,0,0,114" ten="133,181,487,199" oya="3" hai0="61,77,85,23,35,69,109,13,129,132,2,107,102" hai1="51,126,96,32,25,125,6,26,58,100,56,40,47" hai2="7,12,67,8,84,76,118,128,75,27,45,81,94" hai3="63,44,53,92,98,122,9,55,18,97,83,71,90"/><W101/><G71/><T95/><D35/><U1/><E6/><V87/><F118/><W16/><G122/><T115/><D2/><U86/><E86/><V68/><F128/><W80/><G63/><T82/><D109/><U48/><E1/><V70/><F67/><W49/><G53/><T38/><D38/><U54/><E58/><V36/><F27/><W0/><G0/><T24/><D129/><U11/><E11/><V4/><F4/><W15/><REACH who="3" step="1"/><G18/><REACH who="3" ten="133,181,487,189" step="2"/><T130/><D130/><U99/><E54/><V21/><F68/><W133/><G133/><T57/><D61/><U72/><E125/><V78/><F70/><W22/><G22/><T134/><D23/><U93/><E126/><V88/><F21/><W29/><G29/><T43/><D69/><U79/><E32/><V37/><F45/><W127/><G127/><T62/><D62/><U111/><E47/><V110/><F110/><W116/><G116/><T60/><D60/><U66/><E111/><V50/><F8/><W52/><G52/><T41/><D134/><U91/><E66/><V103/><F7/><W121/><G121/><T112/><D132/><U65/><E65/><V33/><F33/><W119/><G119/><T135/><D135/><U73/><E56/><V123/><F123/><W10/><G10/><T64/><D64/><U5/><E5/><V89/><F12/><W20/><G20/><T46/><D13/><U106/><E25/><V39/><F75/><W3/><G3/><T131/><D24/><U34/><E26/><V31/><F31/><W14/><G14/><T113/><D46/><RYUUKYOKU ba="0,1" sc="133,-10,181,-10,487,-10,189,30" hai3="9,15,16,44,49,55,80,83,90,92,97,98,101" /><INIT seed="7,1,1,1,2,101" ten="123,171,477,219" oya="3" hai0="34,9,67,60,128,30,68,44,108,76,3,53,116" hai1="81,6,107,4,88,43,47,85,57,21,50,7,112" hai2="56,114,73,104,115,80,17,64,45,97,54,124,119" hai3="13,125,132,22,105,110,98,118,24,95,11,78,94"/><W51/><G118/><T65/><D116/><U134/><E107/><V70/><F119/><W8/><G78/><T52/><D108/><U84/><E112/><V23/><F124/><W99/><G51/><T100/><D128/><U83/><E134/><V55/><F45/><W74/><G74/><T27/><D76/><N who="1" m="46119" /><E57/><V39/><F39/><W1/><G1/><T113/><D113/><N who="2" m="43018" /><F70/><W38/><G105/><T35/><D35/><U2/><E2/><V49/><F64/><W77/><G38/><T130/><D130/><U36/><E36/><V25/><F55/><W121/><G99/><T5/><D67/><U120/><E120/><V117/><F117/><W14/><G98/><T61/><D61/><U31/><E31/><V71/><F71/><W40/><G110/><T127/><D127/><U92/><E21/><V126/><F126/><W62/><G22/><T20/><D44/><U41/><E83/><V59/><F80/><W46/><G46/><T32/><D32/><U93/><E93/><V79/><F79/><W10/><G77/><T28/><D28/><U58/><E58/><N who="2" m="33103" /><F73/><W82/><G82/><T42/><D42/><AGARI ba="1,1" hai="4,6,7,41,42,43,47,50,85,88,92" m="46119" machi="42" ten="30,2000,0" yaku="8,1,54,1" doraHai="101" who="1" fromWho="0" sc="123,-23,171,33,477,0,219,0" owari="100,-40.0,204,-20.0,477,58.0,219,2.0" /></mjloggm>