<mjloggm ver="2.3"><GO type="169" lobby="0"/><UN n0="%E5%B0%B1%E6%B4%BB%E7%94%9F%40%E5%B7%9D%E6%9D%91%E8%BB%8D%E5%9B%A3" n1="%E3%82%89%E3%81%8F%E3%81%A0%EF%BC%90%EF%BC%91%EF%BC%90%EF%BC%99" n2="%4D%63%43%6C%61%6E%65%2E" n3="%61%76%71%38%37%30%30%33" dan="18,18,16,16" rate="2330.65,2239.73,2081.79,2057.03" sx="M,M,M,M"/><TAIKYOKU oya="0"/><INIT seed="0,0,0,2,5,90" ten="250,250,250,250" oya="0" hai0="45,109,46,121,130,19,82,51,132,122,25,17,16" hai1="69,85,135,4,115,110,18,97,41,23,73,13,80" hai2="133,129,37,70,6,64,33,74,43,67,79,92,60" hai3="31,30,59,84,134,65,26,102,42,53,93,47,128"/><T63/><D130/><U48/><E110/><V32/><F129/><W40/><G128/><T28/><D132/><U35/><E73/><V9/><F133/><W3/><G3/><T125/><D125/><U113/><E35/><V87/><F64/><W89/><G134/><T0/><D0/><U91/><E69/><V10/><F10/><W7/><G7/><T112/><D112/><U11/><E135/><V108/><F108/><W34/><G31/><T24/><D109/><U120/><E120/><V52/><F52/><W72/><G72/><T124/><D124/><U56/><E97/><V106/><F106/><W20/><G34/><T36/><D63/><U14/><E56/><V71/><F71/><W118/><G118/><T126/><D126/><U39/><E39/><V15/><F74/><W78/><G78/><T83/><D36/><U107/><E107/><V58/><F70/><W8/><G8/><T86/><D86/><U104/><E104/><V105/><F105/><W12/><G12/><T62/><D62/><U116/><E116/><V2/><F2/><W103/><G65/><T68/><D68/><U114/><E48/><V44/><REACH who="2" step="1"/><F79/><REACH who="2" ten="250,250,240,250" step="2"/><W76/><G76/><T38/><D121/><U1/><E41/><N who="3" m="15978" /><G47/><T55/><D122/><U50/><E1/><V131/><F131/><W21/><G21/><N who="0" m="15375" /><D25/><U99/><E114/><V117/><F117/><W88/><G89/><AGARI ba="0,1" hai="6,9,15,32,33,37,43,44,58,60,67,87,89,92" machi="89" ten="40,2600,0" yaku="1,1,52,1,53,0" doraHai="90" doraHaiUra="49" who="2" fromWho="3" sc="250,0,250,0,240,36,250,-26" /><INIT seed="1,0,0,2,5,89" ten="250,250,276,224" oya="1" hai0="69,62,84,97,51,15,134,56,85,113,39,109,34" hai1="122,93,135,55,37,58,71,118,130,24,41,38,33" hai2="59,48,124,22,103,96,9,90,133,0,23,131,53" hai3="91,73,28,4,1,10,49,101,46,95,112,100,57"/><U65/><E122/><V76/><F76/><W116/><G112/><T107/><D39/><U119/><E33/><V19/><F131/><W126/><G126/><T127/><D113/><U115/><E24/><V31/><F31/><W108/><G108/><T102/><D34/><U81/><E130/><V117/><F117/><W114/><G114/><T111/><D134/><U13/><E115/><V36/><F36/><W77/><G28/><T87/><D69/><U120/><E120/><V79/><F79/><W104/><G104/><T64/><D127/><U3/><E3/><V66/><F124/><W123/><G123/><T26/><D26/><U21/><E135/><V7/><F133/><W80/><G57/><T99/><D51/><U47/><E37/><V6/><F6/><W78/><G77/><T125/><D125/><U70/><E81/><V50/><F66/><W132/><G116/><T54/><D64/><U75/><E75/><V52/><F90/><W68/><G68/><T27/><D27/><U61/><E71/><V83/><F83/><W74/><G74/><T129/><D129/><U29/><E29/><V30/><F19/><W60/><G132/><T32/><D32/><U86/><E21/><V2/><F2/><W20/><G20/><T121/><D121/><U40/><E13/><N who="2" m="5311" /><F30/><W12/><G1/><T88/><D15/><U14/><E14/><V63/><F0/><W45/><G12/><T11/><D11/><U72/><E72/><V82/><F23/><W98/><G10/><T5/><D5/><U92/><E119/><V105/><F22/><W25/><G4/><RYUUKYOKU ba="0,0" sc="250,30,250,-10,276,-10,224,-10" hai0="54,56,62,84,85,87,88,97,99,102,107,109,111" /><INIT seed="2,1,0,3,1,13" ten="280,240,266,214" oya="2" hai0="125,51,66,132,70,110,43,25,63,119,115,104,44" hai1="47,108,5,99,82,9,124,84,130,81,41,87,89" hai2="26,24,20,59,126,16,53,107,7,97,2,127,64" hai3="96,101,94,111,88,38,78,105,40,93,74,55,134"/><V73/><F73/><W86/><G111/><T0/><D0/><U14/><E130/><V117/><F64/><W27/><G134/><T42/><D104/><U31/><E108/><V8/><F117/><W62/><G94/><T1/><D1/><U129/><E129/><V11/><F11/><W72/><G38/><T34/><D125/><N who="2" m="47626" /><F26/><W135/><G40/><T123/><D123/><U49/><E124/><V35/><F35/><W48/><G135/><T122/><D122/><U50/><E31/><V76/><F76/><W58/><G78/><T69/><D25/><U100/><E50/><N who="2" m="31159" /><F97/><W75/><REACH who="3" step="1"/><G27/><REACH who="3" ten="280,240,266,204" step="2"/><T46/><D132/><U85/><REACH who="1" step="1"/><E81/><REACH who="1" ten="280,230,266,204" step="2"/><V12/><F24/><W3/><G3/><T23/><D115/><U37/><E37/><V83/><F83/><W131/><G131/><T65/><D110/><U45/><E45/><V60/><F107/><AGARI ba="1,2" hai="5,9,14,41,47,49,82,84,85,87,89,99,100,107" machi="107" ten="30,2000,0" yaku="1,1,7,1,53,0" doraHai="13" doraHaiUra="120" who="1" fromWho="2" sc="280,0,230,43,266,-23,204,0" /><INIT seed="3,0,0,3,2,102" ten="280,273,243,204" oya="3" hai0="43,107,118,0,19,117,33,25,29,91,106,126,14" hai1="31,7,18,49,87,132,10,103,56,9,69,93,135" hai2="48,110,55,20,2,94,15,86,77,6,85,89,122" hai3="21,46,42,62,65,8,53,119,17,124,98,101,27"/><W50/><G124/><T90/><D0/><U75/><E69/><V52/><F110/><W4/><G119/><T114/><D43/><U84/><E75/><V115/><F115/><W11/><G4/><T44/><D44/><U26/><E18/><V100/><F122/><W35/><G35/><T111/><D111/><U79/><E79/><V58/><F100/><W59/><REACH who="3" step="1"/><G42/><REACH who="3" ten="280,273,243,194" step="2"/><T123/><D126/><U88/><E7/><V60/><F6/><W120/><G120/><T81/><D33/><U96/><E135/><V39/><F2/><W82/><G82/><T51/><D81/><U66/><E132/><V38/><F77/><W131/><G131/><T40/><D123/><U130/><E130/><V109/><F109/><W129/><G129/><T113/><D40/><U73/><E73/><V16/><REACH who="2" step="1"/><F85/><REACH who="2" ten="280,273,233,194" step="2"/><W104/><AGARI ba="0,2" hai="8,11,17,21,27,46,50,53,59,62,65,98,101,104" machi="104" ten="20,7800,0" yaku="1,1,0,1,7,1,52,1,53,0" doraHai="102" doraHaiUra="121" who="3" fromWho="3" sc="280,-26,273,-26,233,-26,194,98" /><INIT seed="3,1,0,5,2,37" ten="254,247,207,292" oya="3" hai0="90,83,86,6,50,44,36,43,14,20,11,3,135" hai1="85,68,107,34,79,131,53,5,29,119,84,23,91" hai2="32,96,59,16,22,67,52,82,94,25,118,117,55" hai3="92,62,115,64,74,12,75,65,120,72,66,111,1"/><W123/><G1/><T108/><D135/><U40/><E107/><V39/><F32/><W15/><G62/><T63/><D108/><U8/><E34/><V125/><F125/><W70/><G70/><T2/><D36/><U113/><E68/><V78/><F67/><W101/><G115/><T88/><D63/><U42/><E113/><V41/><F55/><W112/><G112/><T10/><D20/><U49/><E131/><V77/><F77/><W116/><G116/><T110/><D110/><U19/><E29/><V18/><F18/><W129/><G111/><T38/><D38/><U106/><E106/><V98/><F98/><W80/><G80/><T28/><D28/><U9/><E79/><V24/><F24/><W48/><G129/><T87/><REACH who="0" step="1"/><D10/><REACH who="0" ten="244,247,207,292" step="2"/><U100/><E8/><V60/><F39/><W133/><G133/><T105/><D105/><U35/><E35/><V45/><F118/><W89/><G48/><T121/><D121/><U13/><E119/><V30/><F117/><W33/><G33/><T58/><D58/><U17/><E23/><V102/><F30/><W46/><G120/><T73/><D73/><U61/><E61/><V56/><F56/><W4/><G123/><T21/><D21/><U76/><E9/><V57/><F57/><W104/><G104/><T122/><D122/><U130/><E49/><N who="2" m="26799" /><F78/><W54/><G75/><T26/><D26/><U99/><E76/><V0/><F0/><W47/><G74/><T71/><D71/><U126/><E130/><V97/><F60/><W114/><G72/><T93/><AGARI ba="1,1" hai="2,3,6,11,14,43,44,50,83,86,87,88,90,93" machi="93" ten="20,8000,1" yaku="1,1,0,1,7,1,52,1,54,1,53,0" doraHai="37" doraHaiUra="124" who="0" fromWho="0" sc="244,93,247,-21,207,-21,292,-41" /><INIT seed="4,0,0,5,1,98" ten="337,226,186,251" oya="0" hai0="100,12,93,102,117,34,70,71,35,114,55,129,89" hai1="131,13,76,121,120,135,74,21,116,44,118,112,123" hai2="115,57,27,108,14,119,42,20,77,50,36,32,23" hai3="95,2,104,87,69,85,47,133,79,106,41,73,18"/><T80/><D117/><N who="1" m="45163" /><E74/><V24/><F119/><W132/><G2/><T15/><D80/><U78/><E78/><V84/><F108/><W101/><G69/><T17/><D55/><U113/><E76/><V53/><F115/><N who="1" m="44105" /><E44/><V90/><F77/><W51/><G18/><T3/><D17/><N who="1" m="10415" /><E131/><V43/><F36/><W97/><G47/><T48/><D48/><U1/><E1/><V96/><F43/><W30/><G41/><T130/><D3/><U122/><E122/><V125/><F42/><W82/><G51/><T63/><D114/><U126/><E135/><N who="3" m="51786" /><G30/><T46/><D46/><U99/><E99/><V37/><F96/><W54/><G54/><T60/><D93/><U127/><AGARI ba="0,0" hai="120,121,123,126,127" m="10415,44105,45163" machi="127" ten="50,8000,1" yaku="15,1,11,1,34,2" doraHai="98" who="1" fromWho="1" sc="337,-40,226,80,186,-20,251,-20" /><INIT seed="5,0,0,0,2,84" ten="297,306,166,231" oya="1" hai0="12,13,111,129,133,53,19,0,85,95,87,45,49" hai1="50,7,107,17,98,103,47,110,43,94,70,78,80" hai2="132,42,18,116,35,112,29,117,27,121,126,3,66" hai3="51,97,65,82,123,58,15,6,62,77,8,72,5"/><U135/><E135/><V124/><F66/><W44/><G123/><T74/><D74/><U30/><E70/><V113/><F42/><W109/><G109/><T90/><D0/><U20/><E110/><V33/><F3/><W79/><G79/><T89/><D111/><U71/><E71/><V75/><F75/><W34/><G34/><T68/><D68/><U61/><E61/><V40/><F40/><W99/><REACH who="3" step="1"/><G5/><REACH who="3" ten="297,306,166,221" step="2"/><T114/><D133/><U81/><E7/><V134/><F121/><W37/><G37/><T69/><D114/><N who="2" m="44138" /><F35/><W54/><AGARI ba="0,1" hai="6,8,15,44,51,54,58,62,65,72,77,82,97,99" machi="54" ten="20,5200,0" yaku="1,1,0,1,7,1,53,1" doraHai="84" doraHaiUra="2" who="3" fromWho="3" sc="297,-13,306,-26,166,-13,221,62" /><INIT seed="6,0,0,0,5,89" ten="284,280,153,283" oya="2" hai0="38,118,25,96,83,132,52,43,27,34,9,18,110" hai1="75,129,45,31,93,88,59,100,28,53,14,12,15" hai2="5,128,48,135,67,47,61,123,122,23,68,51,41" hai3="114,29,22,133,81,130,104,44,8,127,87,80,57"/><V126/><F5/><W117/><G104/><T90/><D43/><U116/><E75/><V4/><F4/><W69/><G69/><T39/><D39/><U35/><E116/><V121/><F23/><W56/><G117/><T111/><D38/><U94/><E35/><V42/><F128/><W63/><G57/><T108/><D132/><U36/><E129/><V125/><F135/><W30/><G133/><T77/><D118/><U97/><E45/><AGARI ba="0,0" hai="41,42,45,47,48,51,61,67,68,121,122,123,125,126" machi="45" ten="50,12000,1" yaku="9,1,34,3" doraHai="89" who="2" fromWho="1" sc="284,0,280,-120,153,120,283,0" /><INIT seed="6,1,0,2,3,63" ten="284,160,273,283" oya="2" hai0="119,28,19,50,112,122,68,13,129,72,121,55,106" hai1="20,113,61,14,51,110,23,125,31,104,120,59,12" hai2="74,26,83,10,108,41,97,22,25,132,115,134,135" hai3="38,82,99,98,86,37,89,107,53,42,56,100,117"/><V92/><F115/><W102/><G42/><T17/><D106/><U71/><E110/><V93/><F108/><W34/><G34/><T79/><D68/><U118/><E118/><V35/><F10/><W111/><G117/><T90/><D28/><U8/><E113/><V84/><F41/><W24/><G24/><T103/><D103/><U27/><E104/><V4/><F4/><W32/><G32/><T127/><D79/><U70/><E120/><V29/><F97/><W64/><G111/><T58/><D72/><U40/><E125/><V43/><F43/><W66/><G38/><T116/><D129/><U133/><E133/><V81/><F74/><W11/><G11/><T47/><D112/><U88/><E23/><V69/><F69/><W30/><G30/><T52/><D19/><U21/><E21/><V96/><F84/><W15/><G15/><T44/><D127/><U85/><E14/><V5/><F5/><W126/><G37/><T124/><D124/><U0/><E0/><V109/><F109/><W48/><G126/><T75/><D75/><U39/><E39/><V77/><F77/><W130/><G130/><T16/><D13/><U3/><E3/><V46/><F46/><W49/><G48/><T54/><D50/><U67/><E51/><V87/><F87/><W76/><G76/><T95/><D119/><U94/><REACH who="1" step="1"/><E40/><REACH who="1" ten="284,150,273,283" step="2"/><V7/><F135/><W91/><G107/><T80/><D121/><U57/><E57/><V1/><F134/><W123/><G123/><T33/><D58/><U65/><E65/><V101/><F132/><W105/><G105/><RYUUKYOKU ba="1,1" sc="284,-10,150,30,273,-10,283,-10" hai1="8,12,20,27,31,59,61,67,70,71,85,88,94" /><INIT seed="7,2,1,3,4,29" ten="274,180,263,273" oya="3" hai0="16,129,123,52,77,44,66,11,61,110,14,3,10" hai1="38,73,26,32,23,9,102,34,59,30,132,2,82" hai2="15,55,109,126,98,134,70,43,54,78,97,49,114" hai3="113,31,130,5,91,84,72,62,88,47,107,106,76"/><W83/><G5/><T94/><D3/><U81/><E38/><V57/><F78/><W8/><G31/><T69/><D77/><U51/><E132/><V67/><F15/><W116/><G116/><T125/><D110/><U118/><E118/><V90/><F90/><W99/><G8/><T50/><D125/><U42/><E102/><V71/><F98/><W86/><G47/><T0/><D129/><U7/><E73/><V111/><F97/><W18/><G18/><T105/><D105/><N who="3" m="39945" /><G62/><T85/><D123/><U35/><REACH who="1" step="1"/><E59/><REACH who="1" ten="274,170,263,273" step="2"/><N who="2" m="33231" /><F134/><W41/><G72/><T74/><D74/><U93/><E93/><V56/><F126/><W135/><G135/><T21/><D0/><U4/><E4/><V89/><F111/><W63/><G130/><T27/><D94/><U20/><E20/><V19/><F109/><W87/><G83/><T112/><D112/><U25/><E25/><V101/><F114/><W115/><G115/><T100/><D100/><U6/><E6/><V104/><F101/><W80/><G113/><T40/><D21/><U17/><E17/><V75/><F19/><W119/><G119/><T58/><D27/><U64/><E64/><V53/><F75/><W22/><G22/><T48/><D11/><U46/><AGARI ba="2,2" hai="2,7,9,23,26,30,32,34,35,42,46,51,81,82" machi="46" ten="40,8000,1" yaku="1,1,0,1,52,3,53,0" doraHai="29" doraHaiUra="120" who="1" fromWho="1" sc="274,-22,170,106,263,-22,273,-42" /><INIT seed="8,0,0,3,4,24" ten="252,276,241,231" oya="0" hai0="29,54,124,91,116,1,127,111,52,53,26,42,122" hai1="131,48,21,16,23,8,82,33,68,115,95,22,87" hai2="34,13,41,119,101,128,67,3,57,9,72,97,25" hai3="37,0,47,20,28,76,27,44,58,5,81,75,63"/><T135/><D1/><U60/><E33/><V120/><F120/><W49/><G37/><T90/><D122/><U4/><E131/><V11/><F128/><W94/><G94/><T132/><D116/><U126/><E126/><N who="0" m="48169" /><D42/><U19/><E95/><V32/><F72/><W102/><G102/><T103/><D103/><U106/><E106/><V93/><F41/><W123/><G123/><T62/><D62/><U80/><E80/><V56/><F34/><W88/><G88/><N who="0" m="33835" /><D111/><U51/><E51/><V69/><F119/><W39/><G39/><T36/><D36/><U10/><E48/><V112/><F3/><W110/><G110/><T105/><D105/><U100/><E100/><V107/><F107/><W125/><G125/><T77/><D77/><U35/><E60/><V43/><F101/><W98/><G98/><T79/><D79/><U73/><E82/><V7/><F97/><W71/><G71/><T74/><D74/><U38/><E68/><V2/><F69/><W14/><G0/><T78/><D78/><U99/><E73/><V109/><F109/><W114/><G49/><T104/><D104/><U113/><E38/><V84/><F2/><W31/><G81/><T66/><D66/><U92/><E99/><V40/><F67/><N who="3" m="39415" /><G76/><T129/><D129/><U30/><E92/><V130/><F130/><W55/><G75/><T133/><D133/><U121/><E121/><V89/><F93/><W59/><G55/><T70/><D70/><U50/><E50/><V15/><F40/><W65/><G65/><T17/><D17/><N who="1" m="6731" /><E87/><V6/><F84/><W108/><G108/><RYUUKYOKU ba="0,0" sc="252,30,276,-10,241,-10,231,-10" hai0="26,29,52,53,54,132,135" /><INIT seed="8,1,0,4,3,100" ten="282,266,231,221" oya="0" hai0="113,50,66,69,125,5,133,26,63,0,107,127,7" hai1="1,101,76,109,51,11,114,59,23,25,108,82,13" hai2="62,16,131,28,8,89,119,70,94,90,92,35,19" hai3="105,24,80,57,6,34,122,110,32,77,44,22,12"/><T55/><D107/><U126/><E126/><N who="0" m="48137" /><D113/><U56/><E114/><V71/><F131/><W43/><G110/><T4/><D133/><U120/><E1/><V112/><F112/><W54/><G105/><T9/><D26/><U14/><E14/><V58/><F119/><W49/><G122/><T68/><D68/><U87/><E120/><V37/><F37/><W3/><G3/><T53/><D53/><U128/><E128/><V97/><F28/><W39/><G12/><T117/><D117/><U134/><E134/><V18/><F8/><W47/><G47/><AGARI ba="1,0" hai="0,4,5,7,9,47,50,55,63,66,69" m="48137" machi="47" ten="30,1500,0" yaku="18,1" doraHai="100" who="0" fromWho="3" sc="282,18,266,0,231,0,221,-18" owari="300,40.0,266,7.0,231,-17.0,203,-30.0" /></mjloggm>