<mjloggm ver="2.3"><GO type="169" lobby="0"/><UN n0="%47%E9%9B%80" n1="%E6%96%B0%E5%AD%90%E6%86%A7%EF%BC%A0%E5%8D%B3%E9%B3%B4%E9%9B%80%E5%A3%AB" n2="%E4%BA%94%E8%91%89%E3%81%95%E3%82%93" n3="%E5%B0%B1%E6%B4%BB%E7%94%9F%40%E5%B7%9D%E6%9D%91%E8%BB%8D%E5%9B%A3" dan="17,16,16,19" rate="2215.01,2051.62,2168.86,2342.05" sx="M,F,M,M"/><TAIKYOKU oya="0"/><INIT seed="0,0,0,1,5,80" ten="250,250,250,250" oya="0" hai0="48,106,23,98,60,22,103,72,1,46,12,119,40" hai1="135,128,8,19,71,56,33,107,125,85,50,13,84" hai2="94,90,6,70,101,2,55,88,30,134,113,38,18" hai3="110,53,65,42,67,76,130,39,31,49,51,126,62"/><T73/><D1/><U93/><E107/><V4/><F134/><W52/><G31/><T104/><D106/><U41/><E135/><V7/><F113/><W112/><G76/><T3/><D3/><U123/><E123/><V0/><F70/><W105/><G105/><T74/><D119/><U27/><E71/><V118/><F38/><W121/><G112/><T47/><D60/><U63/><E125/><V37/><F37/><W82/><G82/><T114/><D114/><U91/><E128/><V45/><F30/><W115/><G115/><T69/><D69/><U14/><E33/><V54/><F0/><W81/><G81/><T86/><D86/><N who="1" m="52471" /><E27/><V95/><F101/><W25/><G25/><T24/><D12/><U16/><E50/><N who="3" m="18954" /><G121/><T57/><D57/><U111/><E41/><V89/><F45/><N who="3" m="23775" /><G110/><T100/><D47/><U75/><E75/><V102/><F102/><W10/><G10/><T43/><D103/><U116/><E116/><V122/><F122/><W32/><G32/><T120/><D120/><U15/><E111/><V36/><F36/><W97/><G97/><T29/><REACH who="0" step="1"/><D43/><REACH who="0" ten="240,250,250,250" step="2"/><U127/><E15/><V108/><F2/><W28/><G62/><T26/><D26/><U79/><E14/><V132/><F118/><W87/><G53/><T68/><D68/><U109/><E13/><V64/><F54/><W61/><G52/><T78/><D78/><U21/><E63/><V92/><F55/><W99/><G61/><T129/><D129/><U59/><E79/><V5/><F108/><W124/><G130/><T35/><AGARI ba="0,1" hai="22,23,24,29,35,40,46,48,72,73,74,98,100,104" machi="35" ten="30,6000,0" yaku="1,1,0,1,53,1" doraHai="80" doraHaiUra="44" who="0" fromWho="0" sc="240,70,250,-20,250,-20,250,-20" /><INIT seed="0,1,0,0,0,134" ten="310,230,230,230" oya="0" hai0="22,104,58,68,96,116,61,88,124,7,90,93,39" hai1="123,28,40,133,110,35,95,57,105,42,99,118,78" hai2="1,63,72,76,25,8,50,55,103,94,91,92,115" hai3="6,15,33,101,19,0,121,87,12,109,102,129,49"/><T117/><D68/><U114/><E28/><V52/><F115/><W5/><G33/><T98/><D39/><U13/><E13/><V82/><F103/><N who="3" m="39435" /><G0/><T100/><D7/><N who="3" m="2569" /><G109/><T127/><D22/><U3/><E95/><V120/><F120/><W38/><G38/><T51/><D51/><U135/><E99/><V111/><F1/><W16/><G129/><T17/><D17/><N who="3" m="6729" /><G121/><T119/><REACH who="0" step="1"/><D90/><REACH who="0" ten="300,230,230,230" step="2"/><U128/><E123/><V14/><F91/><W34/><G34/><T4/><D4/><U30/><E35/><V62/><F50/><W23/><G23/><T71/><D71/><U67/><E110/><V46/><F111/><W45/><G87/><T44/><D44/><U56/><E135/><V18/><F46/><W41/><AGARI ba="1,1" hai="12,15,41,45,49" m="6729,2569,39435" machi="41" ten="30,2000,0" yaku="8,1,54,1" doraHai="134" who="3" fromWho="3" sc="300,-11,230,-6,230,-6,230,33" /><INIT seed="1,0,0,4,0,95" ten="289,224,224,263" oya="1" hai0="12,71,104,29,15,23,82,91,57,11,21,40,47" hai1="120,9,53,117,116,113,8,115,67,68,92,17,4" hai2="112,3,102,87,94,69,13,130,30,65,27,54,36" hai3="127,10,19,58,108,26,80,98,41,18,42,124,131"/><U77/><E120/><V7/><F130/><W38/><G108/><T48/><D71/><U99/><E68/><V75/><F75/><W129/><G80/><T118/><D118/><U61/><E67/><V93/><F36/><W128/><G58/><T96/><D15/><U100/><E77/><V49/><F112/><W2/><G38/><T89/><D29/><U37/><E37/><V39/><F3/><W24/><G98/><T35/><D35/><U32/><E32/><V74/><F74/><W133/><G133/><T1/><D1/><U62/><E17/><N who="3" m="6154" /><G2/><T103/><D57/><U20/><E20/><V106/><F87/><W25/><G10/><T84/><D91/><U60/><E53/><V70/><F94/><W56/><G56/><T126/><D126/><AGARI ba="0,0" hai="24,25,26,41,42,124,126,127,128,129,131" m="6154" machi="126" ten="40,8000,1" yaku="28,2,18,1,19,1" doraHai="95" who="3" fromWho="0" sc="289,-80,224,0,224,0,263,80" /><INIT seed="2,0,0,0,3,32" ten="209,224,224,343" oya="2" hai0="81,128,130,87,22,105,15,19,102,43,42,25,93" hai1="90,80,83,31,52,77,38,70,5,40,118,108,114" hai2="62,45,61,7,44,41,6,34,126,91,96,106,120" hai3="97,57,13,59,60,132,82,98,17,68,78,58,30"/><V74/><F126/><W73/><G132/><T46/><D105/><U29/><E118/><V35/><F120/><W55/><G30/><T66/><D66/><U3/><E70/><V110/><F74/><W9/><REACH who="3" step="1"/><G55/><REACH who="3" ten="209,224,224,333" step="2"/><T36/><D42/><U101/><E52/><V21/><F41/><W72/><G72/><T107/><D128/><U84/><E40/><V65/><F34/><W76/><G76/><T125/><D130/><U20/><E77/><V127/><F35/><W135/><G135/><T119/><D119/><U111/><E114/><V47/><F47/><W18/><G18/><T26/><D125/><U113/><E113/><V116/><F44/><W2/><G2/><T39/><D36/><U49/><E38/><V122/><F45/><W33/><G33/><T67/><D67/><AGARI ba="0,1" hai="9,13,17,57,58,59,60,67,68,73,78,82,97,98" machi="67" ten="40,1300,0" yaku="1,1,53,0" doraHai="32" doraHaiUra="121" who="3" fromWho="0" sc="209,-13,224,0,224,0,333,23" /><INIT seed="3,0,0,0,0,25" ten="196,224,224,356" oya="3" hai0="118,51,27,105,53,56,102,92,69,88,40,128,81" hai1="79,47,117,124,132,95,3,21,8,9,83,32,60" hai2="109,35,12,101,39,5,96,16,66,2,72,86,63" hai3="59,20,19,94,97,119,70,80,111,123,31,68,98"/><W90/><G123/><T10/><D69/><U46/><E32/><V110/><F72/><W36/><G36/><T107/><D118/><U133/><E117/><V78/><F39/><W135/><G119/><T30/><D128/><U41/><E124/><V23/><F35/><W77/><G135/><N who="1" m="51786" /><E60/><V74/><F74/><W75/><G111/><T34/><D40/><U14/><E95/><V45/><F45/><N who="1" m="16905" /><E41/><V37/><F37/><W65/><G98/><T114/><D114/><U134/><E3/><V108/><F5/><W24/><G65/><T85/><D10/><U17/><N who="1" m="51794" /><U130/><DORA hai="52" /><E130/><V104/><F2/><W26/><REACH who="3" step="1"/><G59/><REACH who="3" ten="196,224,224,346" step="2"/><T50/><REACH who="0" step="1"/><D51/><REACH who="0" ten="186,224,224,346" step="2"/><U49/><E49/><V0/><F109/><W99/><G99/><AGARI ba="0,2" hai="27,30,34,50,53,56,81,85,88,92,99,102,105,107" machi="99" ten="40,8000,1" yaku="1,1,2,1,52,2,54,1,53,0" doraHai="25,52" doraHaiUra="116,7" who="0" fromWho="3" sc="186,100,224,0,224,0,346,-80" /><INIT seed="4,0,0,3,1,26" ten="286,224,224,266" oya="0" hai0="4,71,97,44,5,105,115,120,13,98,135,96,51" hai1="82,89,107,18,95,63,99,50,128,109,118,122,129" hai2="53,72,85,34,19,111,101,65,37,6,76,88,35" hai3="110,79,84,73,38,134,29,57,17,32,60,93,58"/><T15/><D71/><U41/><E122/><V23/><F111/><W24/><G38/><T117/><D120/><U21/><E118/><V132/><F37/><W59/><G110/><T42/><D117/><U28/><E109/><V104/><F132/><W106/><G106/><T46/><D105/><U75/><E107/><V123/><F6/><W36/><G36/><T113/><D135/><U3/><E3/><V8/><F8/><W49/><G134/><T127/><D127/><U9/><E63/><V0/><F65/><W94/><G73/><T74/><D74/><U62/><E62/><V33/><F0/><W14/><G49/><T25/><D25/><U56/><E9/><V86/><F86/><W68/><G79/><T47/><D51/><U43/><E75/><V91/><F53/><W69/><G84/><T39/><D42/><U125/><E125/><V45/><F45/><W22/><REACH who="3" step="1"/><G68/><REACH who="3" ten="286,224,224,256" step="2"/><T27/><D39/><U92/><E50/><V64/><F85/><W100/><G100/><T20/><D113/><U90/><E129/><V114/><F76/><W31/><G31/><N who="0" m="17895" /><D115/><U87/><E128/><V119/><F114/><W83/><G83/><T10/><D97/><U40/><E28/><V103/><F72/><W66/><AGARI ba="0,1" hai="14,17,22,24,29,32,57,58,59,60,66,69,93,94" machi="66" ten="30,4000,0" yaku="1,1,0,1,52,1,53,0" doraHai="26" doraHaiUra="121" who="3" fromWho="3" sc="286,-20,224,-10,224,-10,256,50" /><INIT seed="5,0,0,2,3,53" ten="266,214,214,306" oya="1" hai0="99,14,82,134,18,4,106,10,40,51,64,56,66" hai1="80,123,113,92,36,108,127,27,13,96,115,109,105" hai2="49,7,91,107,95,44,28,17,81,62,25,83,19" hai3="3,84,114,73,32,20,79,67,6,78,121,48,59"/><U35/><E36/><V50/><F107/><W57/><G32/><T93/><D106/><U110/><E105/><V65/><F7/><W38/><G73/><T75/><D134/><U130/><E123/><V112/><F112/><N who="1" m="43081" /><E130/><V45/><F19/><W71/><G38/><T22/><D82/><U37/><E37/><V125/><F17/><W101/><G71/><T60/><D75/><U29/><E80/><V33/><F125/><W52/><G114/><T126/><D126/><U69/><E127/><V132/><F50/><W21/><G121/><T133/><D133/><U47/><E69/><V42/><F45/><W77/><G101/><T74/><D74/><U39/><E13/><V34/><F33/><W8/><G84/><T94/><D66/><U43/><E110/><V118/><F118/><W15/><G3/><T103/><D93/><U24/><E24/><V1/><F1/><W31/><G31/><T9/><D4/><U30/><E30/><V58/><REACH who="2" step="1"/><F132/><REACH who="2" ten="266,214,204,306" step="2"/><W100/><G100/><AGARI ba="0,1" hai="27,29,35,39,43,47,92,96,100,108,109" m="43081" machi="100" ten="30,1500,0" yaku="15,1" doraHai="53" who="1" fromWho="3" sc="266,0,214,25,204,0,306,-15" /><INIT seed="5,1,0,3,5,73" ten="266,239,204,291" oya="1" hai0="33,40,125,82,93,14,28,86,56,44,57,130,20" hai1="132,66,35,43,6,105,128,111,1,71,80,78,11" hai2="37,36,52,87,65,84,115,96,49,22,114,32,41" hai3="98,55,53,21,69,72,99,119,74,47,10,54,3"/><U38/><E128/><V64/><F32/><W39/><G69/><T122/><D33/><U5/><E5/><V15/><F96/><W92/><G119/><T95/><D130/><U23/><E35/><V62/><F22/><W101/><G21/><T2/><D2/><U77/><E132/><V117/><F15/><W113/><G113/><N who="2" m="43017" /><F117/><W29/><G29/><T102/><D122/><U129/><E129/><V7/><F7/><W126/><G126/><T108/><D125/><U83/><E105/><V109/><F109/><W100/><G39/><N who="2" m="14921" /><F41/><W134/><G134/><T133/><D133/><U60/><E43/><V107/><F107/><W0/><G47/><T42/><D42/><U61/><E38/><V27/><F27/><W90/><G100/><T81/><D108/><U116/><E111/><V8/><F8/><W121/><G121/><T34/><D102/><U16/><E116/><V75/><F75/><W118/><G118/><T88/><D34/><U68/><E83/><V4/><F4/><W12/><G72/><T24/><D81/><U85/><E68/><N who="2" m="42007" /><F65/><W30/><G74/><T25/><D25/><U94/><E61/><V76/><F76/><W63/><G63/><T17/><D82/><U123/><E123/><V124/><F124/><W70/><G30/><T19/><D95/><U120/><E120/><V45/><AGARI ba="1,0" hai="45,49,52,84,87" m="42007,14921,43017" machi="45" ten="30,4000,0" yaku="15,1,11,1,54,1" doraHai="73" who="2" fromWho="2" sc="266,-11,239,-21,204,43,291,-11" /><INIT seed="6,0,0,2,2,102" ten="255,218,247,280" oya="2" hai0="50,113,128,95,73,98,96,3,63,116,46,71,82" hai1="85,18,106,57,29,123,119,122,30,88,76,129,48" hai2="14,127,20,69,47,91,25,133,33,28,58,114,94" hai3="6,51,16,45,5,64,56,90,54,27,13,120,62"/><V0/><F114/><W52/><G120/><N who="1" m="46122" /><E119/><V68/><F133/><W121/><G121/><T9/><D113/><U19/><E129/><V1/><F127/><W17/><G90/><T81/><D128/><U23/><E76/><V86/><F47/><W42/><G27/><T35/><D35/><U8/><E8/><V41/><F41/><W39/><G17/><N who="1" m="6154" /><E23/><V12/><F33/><W93/><G93/><T109/><D116/><U26/><E26/><V44/><F44/><W92/><G92/><T97/><D95/><N who="1" m="54671" /><E57/><V101/><F101/><W87/><G87/><T31/><D73/><U66/><E48/><V89/><F89/><W130/><G130/><T83/><D31/><N who="1" m="11787" /><E66/><V99/><F58/><W75/><G75/><T22/><D22/><U107/><AGARI ba="0,0" hai="106,107" m="11787,54671,6154,46122" machi="107" ten="40,8000,1" yaku="13,1,52,2,54,1" doraHai="102" who="1" fromWho="1" sc="255,-20,218,80,247,-40,280,-20" /><INIT seed="7,0,0,5,4,125" ten="235,298,207,260" oya="3" hai0="4,50,53,35,62,11,46,83,24,100,107,99,133" hai1="118,31,38,93,25,8,71,135,110,48,111,60,101" hai2="98,80,37,126,40,13,59,113,55,39,129,23,78" hai3="120,88,84,86,47,22,70,21,105,16,36,34,10"/><W115/><G34/><T6/><D133/><U97/><E38/><V134/><F113/><W67/><G105/><T1/><D4/><U56/><E135/><V79/><F134/><W2/><G2/><T72/><D62/><U66/><E118/><V9/><F126/><W90/><G120/><T82/><REACH who="0" step="1"/><D72/><REACH who="0" ten="225,298,207,260" step="2"/><U81/><E110/><V52/><F39/><W14/><G36/><T68/><D68/><U73/><E71/><V17/><F37/><W58/><G115/><T32/><D32/><U119/><E119/><V20/><F129/><W12/><G70/><T75/><D75/><U65/><E73/><V54/><F59/><W116/><G116/><T45/><D45/><U104/><E56/><V92/><F40/><W122/><G47/><T77/><D77/><U76/><E60/><V51/><F51/><W7/><G122/><T27/><D27/><U41/><E111/><V123/><F123/><W103/><G103/><T49/><D49/><U74/><E48/><V106/><F79/><W124/><G124/><T87/><D87/><N who="3" m="33321" /><G22/><T15/><D15/><U96/><E41/><V69/><F69/><W26/><G14/><T131/><D131/><U63/><E74/><N who="2" m="43095" /><F20/><W30/><G7/><T89/><D89/><U108/><E101/><N who="2" m="60615" /><F23/><W109/><G109/><T64/><D64/><U128/><E66/><V57/><F57/><W29/><G29/><AGARI ba="0,1" hai="1,6,11,24,29,35,46,50,53,82,83,99,100,107" machi="29" ten="40,1300,0" yaku="1,1,53,0" doraHai="125" doraHaiUra="117" who="0" fromWho="3" sc="225,23,298,0,207,0,260,-13" /><INIT seed="8,0,0,1,4,72" ten="248,298,207,247" oya="0" hai0="27,131,113,128,12,69,91,25,51,35,108,18,135" hai1="10,79,31,50,70,99,41,37,89,126,90,16,47" hai2="33,0,83,24,94,66,104,6,74,110,54,23,28" hai3="102,86,26,84,127,76,68,75,49,42,65,3,92"/><T64/><D113/><U9/><E70/><V13/><F110/><W87/><G3/><T88/><D108/><U130/><E37/><V106/><F54/><W82/><G127/><T8/><D135/><U22/><E126/><V119/><F94/><W133/><G133/><T123/><D123/><U1/><E1/><V2/><F119/><W81/><G26/><N who="0" m="9739" /><D35/><U118/><E79/><N who="2" m="44535" /><F0/><W115/><G115/><T45/><D64/><U15/><E31/><V55/><F55/><W43/><G82/><T20/><D20/><U32/><E130/><N who="0" m="49705" /><D69/><U17/><E32/><V97/><F97/><W61/><G49/><T134/><D134/><U98/><E118/><V71/><F13/><W105/><G105/><T125/><D125/><U48/><E50/><V53/><F53/><AGARI ba="0,0" hai="8,12,18,45,51,53,88,91" m="49705,9739" machi="53" ten="30,2900,0" yaku="19,1,54,1" doraHai="72" who="0" fromWho="2" sc="248,29,298,0,207,-29,247,0" /><INIT seed="8,1,0,0,2,97" ten="277,298,178,247" oya="0" hai0="17,59,27,11,14,105,66,34,51,127,50,26,63" hai1="25,132,106,75,57,65,134,94,129,82,119,6,29" hai2="85,7,10,118,49,133,77,101,68,90,3,44,60" hai3="28,93,115,112,5,39,124,67,95,116,122,54,128"/><T87/><D105/><U9/><E119/><V78/><F118/><W102/><G39/><T100/><D127/><U15/><E106/><V135/><F101/><W1/><G116/><T98/><D87/><U41/><E129/><V107/><F107/><W31/><G67/><T42/><D34/><U0/><E41/><V120/><F120/><W37/><G37/><T64/><D66/><U19/><E94/><N who="2" m="54607" /><F60/><W46/><G128/><T73/><D73/><U126/><E126/><V80/><F68/><W33/><G33/><T72/><D72/><U114/><E114/><V83/><F78/><W109/><G5/><T76/><D76/><N who="1" m="44319" /><E65/><V16/><F16/><W70/><G1/><T2/><D2/><U43/><E57/><V55/><F77/><W52/><G70/><T47/><D51/><U13/><E43/><V36/><F36/><W113/><G109/><T20/><D11/><U4/><E6/><V53/><F53/><N who="3" m="20587" /><G124/><T104/><AGARI ba="1,0" hai="14,17,20,26,27,42,47,50,59,63,64,98,100,104" machi="104" ten="20,3900,0" yaku="0,1,7,1,52,1" doraHai="97" who="0" fromWho="0" sc="277,42,298,-14,178,-14,247,-14" owari="319,43.0,284,8.0,164,-34.0,233,-17.0" /></mjloggm>