<mjloggm ver="2.3"><GO type="169" lobby="0"/><UN n0="%E5%A4%95%E5%87%AA" n1="%E2%91%A3%E3%82%BB%E3%83%B3%E3%83%81" n2="%E3%83%88%E3%83%88%E3%83%AA%E5%85%88%E7%94%9F%31%39%E6%AD%B3" n3="%E5%80%89%E6%A9%8B%EF%BC%A0%E4%BA%8B%E5%8B%99" dan="18,17,19,17" rate="2207.97,2189.68,2285.40,2151.02" sx="M,M,F,M"/><TAIKYOKU oya="0"/><INIT seed="0,0,0,1,5,57" ten="250,250,250,250" oya="0" hai0="100,40,135,77,92,101,121,124,79,108,129,105,132" hai1="33,93,8,82,31,48,117,28,98,127,49,36,107" hai2="55,112,118,69,34,104,53,126,130,5,66,12,68" hai3="59,119,45,39,78,64,14,106,27,133,3,109,85"/><T65/><D40/><U122/><E36/><V97/><F34/><W120/><G3/><T38/><D38/><U86/><E107/><V32/><F32/><W22/><G119/><T9/><D9/><U56/><E117/><V54/><F118/><W74/><G106/><T134/><D65/><U50/><E122/><V46/><F112/><W94/><G74/><T116/><D116/><U1/><E127/><V30/><F30/><W102/><G109/><T73/><D121/><U11/><E33/><V18/><F5/><W60/><G120/><T75/><D129/><U7/><E11/><V83/><F126/><W0/><G0/><T23/><D23/><U70/><E70/><V37/><F130/><W71/><G14/><T91/><D108/><U4/><E4/><V99/><F83/><W43/><G133/><T25/><D25/><U128/><E56/><V115/><F115/><W26/><G78/><N who="0" m="29707" /><D105/><U19/><E19/><V20/><F104/><W15/><G71/><T63/><D63/><U111/><E111/><V58/><F69/><W42/><G42/><T35/><D35/><U81/><E128/><V51/><F37/><W44/><G15/><T96/><D124/><U113/><E113/><V80/><F68/><W16/><G27/><T95/><D101/><N who="1" m="60623" /><E81/><V13/><F80/><W103/><G39/><T21/><D21/><U47/><E47/><N who="3" m="17994" /><G43/><T67/><D67/><U2/><E2/><V41/><F12/><W90/><AGARI ba="0,0" hai="16,22,26,59,60,64,85,90,94,102,103" m="17994" machi="90" ten="30,4000,0" yaku="8,1,52,1,54,1" doraHai="57" who="3" fromWho="3" sc="250,-20,250,-10,250,-10,250,40" /><INIT seed="1,0,0,2,2,42" ten="230,240,240,290" oya="1" hai0="99,128,0,133,46,107,134,61,38,127,92,130,60" hai1="30,125,43,89,41,126,103,113,73,95,86,82,62" hai2="59,65,57,15,23,119,11,28,54,80,84,81,22" hai3="26,78,4,37,117,63,47,90,93,115,19,50,132"/><U100/><E30/><V96/><F119/><W56/><G115/><T118/><D0/><U121/><E62/><N who="0" m="24169" /><D107/><U66/><E66/><V98/><F65/><W106/><G132/><N who="0" m="50795" /><D118/><U51/><E41/><V105/><F105/><W9/><G106/><T52/><D127/><N who="1" m="48651" /><E113/><V108/><F108/><W94/><G37/><T33/><D33/><U40/><E40/><V53/><F84/><W44/><G78/><T87/><D87/><U18/><E18/><V135/><F135/><W124/><G124/><T77/><D77/><N who="1" m="44335" /><E121/><V97/><F28/><W3/><G117/><T31/><D31/><U35/><E35/><V64/><F64/><W20/><G50/><N who="0" m="28759" /><D38/><U49/><E43/><V17/><F54/><N who="3" m="34199" /><G94/><T29/><D29/><U27/><E27/><V45/><F57/><W10/><G10/><T36/><D36/><U104/><E104/><V71/><F59/><W122/><G122/><T55/><D55/><U13/><E13/><V129/><F15/><W1/><G1/><T131/><D130/><U74/><E74/><V88/><F129/><W70/><G70/><T110/><D110/><U101/><AGARI ba="0,0" hai="49,51,86,89,95,100,101,103" m="44335,48651" machi="101" ten="30,1500,0" yaku="18,1" doraHai="42" who="1" fromWho="1" sc="230,-5,240,15,240,-5,290,-5" /><INIT seed="1,1,0,3,4,18" ten="225,255,235,285" oya="1" hai0="131,121,49,2,120,26,115,93,56,14,3,134,39" hai1="6,40,110,22,83,64,71,48,117,42,61,112,128" hai2="86,28,8,63,33,0,44,29,114,21,109,106,96" hai3="17,20,37,62,95,68,85,119,123,79,82,50,27"/><U58/><E112/><V5/><F33/><W88/><G37/><T92/><D39/><U66/><E117/><V125/><F109/><W19/><G123/><T31/><D115/><U16/><E110/><V122/><F122/><N who="0" m="47210" /><D14/><U127/><E127/><V111/><F125/><W24/><G119/><T12/><D12/><U113/><E113/><V54/><F114/><W4/><G4/><T34/><D134/><U76/><E6/><V129/><F129/><W10/><G10/><T46/><D56/><U41/><E128/><V51/><F111/><W102/><G102/><T73/><D73/><U87/><E71/><V55/><F86/><W47/><G68/><T72/><D72/><U94/><E94/><N who="0" m="36457" /><D131/><U43/><E43/><BYE who="1" /><AGARI ba="1,0" hai="2,3,26,31,34,43,46,49" m="36457,47210" machi="43" ten="30,1000,0" yaku="13,1" doraHai="18" who="0" fromWho="1" sc="225,13,255,-13,235,0,285,0" /><INIT seed="2,0,0,2,4,103" ten="238,242,235,285" oya="2" hai0="54,62,106,22,32,20,21,85,9,129,128,65,29" hai1="95,94,115,67,57,52,88,126,0,99,26,35,1" hai2="79,56,101,25,6,122,60,18,66,61,12,28,125" hai3="30,84,97,76,131,24,116,77,134,2,58,72,19"/><V48/><F122/><W75/><G2/><T82/><D9/><UN n1="%E2%91%A3%E3%82%BB%E3%83%B3%E3%83%81" /><U81/><E115/><V42/><F125/><W53/><G116/><T112/><D112/><U73/><E126/><V16/><F79/><W80/><G131/><T123/><D123/><U33/><E33/><BYE who="1" /><V17/><F101/><W102/><G134/><T4/><D4/><U117/><E117/><V13/><F6/><W120/><G19/><T41/><D41/><U127/><E127/><V36/><F36/><W15/><G15/><T40/><D40/><U23/><E23/><V34/><REACH who="2" step="1"/><F61/><REACH who="2" ten="238,242,225,285" step="2"/><W7/><G7/><T135/><D62/><U104/><E104/><V92/><F92/><W132/><G120/><T49/><D106/><U3/><E3/><V121/><F121/><W31/><G77/><T83/><D83/><U64/><E64/><V90/><F90/><W74/><G132/><T8/><D135/><U100/><E100/><V113/><F113/><W91/><G76/><T43/><D65/><U108/><E108/><V63/><F63/><W110/><G110/><T37/><D37/><U44/><E44/><AGARI ba="0,1" hai="12,13,16,17,18,25,28,34,42,44,48,56,60,66" machi="44" ten="40,7700,0" yaku="1,1,54,1,53,1" doraHai="103" doraHaiUra="59" who="2" fromWho="1" sc="238,0,242,-77,225,87,285,0" /><INIT seed="2,1,0,0,4,58" ten="238,165,312,285" oya="2" hai0="54,26,14,23,87,39,130,88,68,91,63,75,51" hai1="69,33,45,76,82,55,8,44,37,38,115,126,31" hai2="52,107,12,117,56,135,71,103,128,65,98,66,18" hai3="53,7,99,102,108,11,21,5,28,123,106,100,118"/><V48/><F117/><W109/><G118/><T46/><D75/><U125/><E125/><V80/><F128/><W42/><G123/><T29/><D130/><U86/><E86/><V17/><F135/><W116/><G116/><T15/><D39/><U112/><E112/><V64/><F80/><W19/><G28/><T81/><REACH who="0" step="1"/><D91/><REACH who="0" ten="228,165,312,285" step="2"/><U49/><E49/><V3/><F3/><W10/><G109/><T104/><D104/><U74/><E74/><V35/><F35/><W79/><G108/><T84/><D84/><U6/><E6/><V132/><F132/><W77/><G106/><T78/><D78/><U122/><E122/><V43/><F43/><W72/><G42/><T92/><D92/><U129/><E129/><V127/><F127/><W30/><G72/><T97/><D97/><U83/><E83/><V20/><REACH who="2" step="1"/><F18/><REACH who="2" ten="228,165,302,285" step="2"/><W119/><G19/><T70/><D70/><AGARI ba="1,2" hai="12,17,20,48,52,56,64,65,66,70,71,98,103,107" machi="70" ten="40,12000,1" yaku="1,1,2,1,54,1,53,2" doraHai="58" doraHaiUra="67" who="2" fromWho="0" sc="228,-123,165,0,302,143,285,0" /><INIT seed="2,2,0,3,0,26" ten="105,165,445,285" oya="2" hai0="15,94,133,91,30,84,107,111,104,37,124,68,102" hai1="115,47,110,40,62,27,120,106,69,82,122,119,92" hai2="3,80,53,96,33,130,88,22,6,13,77,43,17" hai3="75,70,83,1,66,128,132,116,129,103,9,135,60"/><V125/><F33/><UN n1="%E2%91%A3%E3%82%BB%E3%83%B3%E3%83%81" /><W5/><G103/><T101/><D37/><U79/><E92/><V95/><F130/><W29/><G116/><T98/><D68/><U127/><E106/><N who="0" m="40489" /><D30/><U16/><E119/><V50/><F125/><W28/><G83/><T2/><D15/><U123/><E115/><V63/><F43/><W93/><G93/><T0/><D2/><U41/><E41/><V78/><BYE who="1" /><F63/><W46/><G46/><T100/><D0/><U48/><E48/><V74/><F78/><W89/><G89/><N who="0" m="55631" /><D133/><N who="3" m="51273" /><G75/><T64/><D64/><U35/><E35/><V59/><F3/><W11/><G11/><T114/><D114/><U19/><E19/><V121/><REACH who="2" step="1"/><F6/><REACH who="2" ten="105,165,435,285" step="2"/><W73/><G73/><T4/><D4/><U38/><E38/><V71/><F71/><W54/><G54/><T97/><D124/><U52/><E52/><V44/><F44/><W109/><G109/><T67/><D111/><U117/><E117/><V49/><F49/><W42/><G42/><T57/><D57/><U55/><E55/><V113/><F113/><W131/><AGARI ba="2,1" hai="1,5,9,28,29,60,66,70,128,129,131" m="51273" machi="131" ten="40,8000,1" yaku="19,1,20,1,52,2" doraHai="26" who="3" fromWho="3" sc="105,-22,165,-22,435,-42,285,96" /><INIT seed="3,0,0,1,4,69" ten="83,143,393,381" oya="3" hai0="112,39,22,30,66,24,40,89,32,31,33,98,116" hai1="110,80,118,42,86,117,106,111,101,128,38,134,56" hai2="49,8,62,25,120,87,122,15,109,44,10,132,124" hai3="70,77,91,123,121,6,16,76,14,59,17,93,4"/><W65/><G70/><T84/><D116/><U5/><E5/><N who="3" m="2154" /><G123/><N who="2" m="47145" /><F109/><W37/><G37/><T53/><D112/><U48/><E48/><V95/><F132/><W58/><G121/><T0/><D0/><U113/><E113/><V104/><F104/><W82/><G82/><T96/><D66/><U45/><E45/><V107/><F107/><W11/><G17/><T127/><D53/><U83/><E83/><V7/><F124/><W133/><G133/><T88/><D127/><U64/><E64/><V50/><F10/><W13/><G13/><T23/><D40/><U102/><E102/><V100/><F44/><W131/><G131/><T68/><D68/><U92/><E92/><V20/><F62/><N who="3" m="38103" /><G59/><T108/><D108/><U103/><E103/><V94/><F100/><W78/><G78/><T52/><D52/><U67/><E67/><V26/><F26/><W54/><G54/><T28/><D28/><U36/><E36/><V119/><F119/><W114/><G114/><T79/><D24/><U46/><E46/><V2/><F2/><W19/><G19/><T41/><D41/><U43/><E43/><V125/><F125/><W9/><G9/><T75/><D79/><U51/><E51/><V74/><F74/><W61/><G61/><T29/><D29/><U35/><E35/><V130/><F130/><W27/><G27/><T55/><D55/><U71/><E71/><V1/><F1/><W72/><G72/><T105/><D105/><U129/><E129/><V60/><F60/><W73/><G73/><T81/><D75/><U57/><E57/><V99/><F25/><RYUUKYOKU ba="0,0" sc="83,-10,143,-10,393,-10,381,30" hai3="11,14,16,76,77,91,93" /><INIT seed="3,1,0,5,2,101" ten="73,133,383,411" oya="3" hai0="45,6,44,22,20,3,131,129,97,74,43,84,42" hai1="125,23,117,92,68,24,87,54,96,110,36,61,99" hai2="41,53,111,50,35,128,1,123,95,124,77,81,73" hai3="70,34,126,121,119,15,78,103,127,130,14,38,67"/><W58/><G119/><T132/><D74/><U135/><E135/><V120/><F35/><W46/><G121/><N who="2" m="46665" /><F1/><W4/><G34/><T0/><D84/><U75/><E75/><V116/><F116/><W48/><G70/><T89/><D97/><U8/><E8/><V21/><F111/><W98/><G78/><T64/><D64/><U66/><E66/><V2/><F2/><W9/><G15/><T56/><D56/><U114/><E114/><V83/><F128/><W52/><G130/><T62/><D62/><U39/><E39/><V16/><F124/><W51/><G38/><T79/><D79/><U90/><E90/><V118/><F41/><W49/><G67/><T106/><D89/><U80/><E80/><N who="2" m="45103" /><F95/><W112/><G112/><T13/><D132/><U102/><E102/><V65/><F65/><W109/><G109/><T10/><D10/><U17/><E17/><V100/><F100/><W60/><REACH who="3" step="1"/><G46/><REACH who="3" ten="73,133,383,401" step="2"/><T28/><D45/><U113/><E113/><V55/><F118/><W134/><G134/><T27/><D44/><U82/><E82/><N who="2" m="31243" /><F50/><W108/><G108/><T59/><D0/><U91/><E91/><V29/><F29/><W72/><G72/><T107/><D3/><U19/><E19/><V25/><AGARI ba="1,1" hai="16,21,25,53,55" m="31243,45103,46665" machi="25" ten="30,2000,0" yaku="13,1,54,1" doraHai="101" who="2" fromWho="2" sc="73,-6,133,-6,383,33,401,-11" /><INIT seed="4,0,0,3,0,60" ten="67,127,416,390" oya="0" hai0="132,37,121,120,35,8,25,59,87,116,111,61,95" hai1="55,79,52,123,126,124,5,125,26,75,39,53,51" hai2="20,110,112,65,97,81,27,11,134,85,42,4,74" hai3="31,114,106,119,9,30,57,46,50,6,40,105,19"/><T62/><D116/><U90/><E90/><V44/><F110/><W66/><G119/><T72/><D72/><U63/><E63/><V67/><F74/><W78/><G114/><T129/><D111/><U108/><E108/><V68/><F68/><W32/><G19/><T128/><D37/><U76/><E76/><N who="2" m="46247" /><F134/><W41/><G41/><T83/><D95/><U34/><E34/><V80/><F80/><W18/><G18/><T1/><D132/><U29/><E29/><N who="2" m="17639" /><F97/><W130/><G130/><N who="0" m="50283" /><D62/><U92/><E92/><V89/><F89/><W84/><G106/><T103/><D103/><U96/><E96/><V0/><F0/><W23/><G32/><T7/><D87/><U131/><E131/><V94/><F94/><W28/><G105/><T58/><D83/><U71/><E71/><V54/><F54/><W82/><G57/><N who="0" m="21515" /><D61/><U100/><E100/><V16/><F112/><W36/><G36/><T38/><D38/><U64/><E64/><N who="2" m="24651" /><F4/><W3/><REACH who="3" step="1"/><G66/><REACH who="3" ten="67,127,416,380" step="2"/><T127/><D127/><U77/><E77/><V43/><F44/><W101/><G101/><T91/><D91/><U133/><E133/><V102/><F102/><W12/><G12/><AGARI ba="0,1" hai="11,12,16,42,43" m="24651,17639,46247" machi="12" ten="30,8000,1" yaku="8,1,52,3,54,1" doraHai="60" who="2" fromWho="3" sc="67,0,127,0,416,90,380,-80" /><INIT seed="5,0,0,4,2,48" ten="67,127,506,300" oya="1" hai0="37,104,117,120,67,40,81,14,78,36,119,27,75" hai1="113,96,100,109,46,0,25,33,114,30,50,87,42" hai2="101,90,45,102,134,26,8,29,103,3,43,89,1" hai3="133,53,73,74,82,80,132,128,41,108,88,129,58"/><U123/><E123/><V70/><F70/><W18/><G108/><T19/><D120/><U77/><E77/><V111/><F111/><W121/><G121/><T112/><D104/><U23/><E23/><V84/><F134/><N who="3" m="51819" /><G41/><T94/><D112/><U35/><E35/><V52/><F43/><W17/><G17/><T130/><D130/><N who="3" m="50281" /><G18/><T85/><D40/><U65/><E65/><V15/><F3/><W68/><G68/><T92/><D67/><U99/><E99/><V32/><F1/><W83/><G88/><T51/><D37/><U10/><E10/><V7/><F90/><W20/><G20/><T135/><D36/><U110/><E110/><V28/><F26/><W71/><G71/><T63/><D27/><U122/><E122/><V97/><F32/><W98/><G98/><T115/><D135/><U79/><E79/><V5/><F97/><W31/><G31/><T44/><D115/><U72/><E72/><N who="3" m="27754" /><G58/><T76/><D75/><U24/><E24/><V60/><F5/><W56/><G56/><T126/><D78/><U91/><E91/><V116/><F45/><W55/><AGARI ba="0,0" hai="53,55,80,82,83" m="27754,50281,51819" machi="55" ten="40,12000,2" yaku="28,2,20,1,19,1,52,2" doraHai="48" who="3" fromWho="3" sc="67,-30,127,-60,506,-30,300,120" /><INIT seed="6,0,0,4,1,62" ten="37,67,476,420" oya="2" hai0="97,95,49,77,90,74,129,7,54,29,122,81,65" hai1="39,40,135,50,84,121,100,46,102,91,86,125,64" hai2="24,59,116,19,114,32,73,128,93,117,14,18,80" hai3="28,26,34,103,37,115,11,83,51,57,82,35,72"/><V118/><F114/><UN n1="%E2%91%A3%E3%82%BB%E3%83%B3%E3%83%81" /><W88/><G37/><T31/><D129/><U120/><E125/><V71/><F71/><W68/><G68/><T43/><D122/><U130/><E130/><V76/><F128/><W52/><G115/><T63/><D43/><U75/><E75/><V79/><F79/><W126/><G126/><T5/><D5/><U98/><E135/><V99/><F59/><W106/><G35/><T8/><D49/><U60/><E39/><V41/><F41/><W110/><G110/><T96/><D97/><U132/><E132/><V17/><F32/><W25/><G25/><T36/><D54/><U134/><E134/><V33/><F33/><W15/><G72/><T58/><REACH who="0" step="1"/><D36/><REACH who="0" ten="27,67,476,420" step="2"/><U87/><E91/><V108/><F108/><W22/><G88/><T1/><AGARI ba="0,1" hai="1,7,8,29,31,58,63,65,74,77,81,90,95,96" machi="1" ten="20,12000,2" yaku="1,1,2,1,0,1,7,1,52,1,53,1" doraHai="62" doraHaiUra="104" who="0" fromWho="0" sc="27,130,67,-30,476,-60,420,-30" /><INIT seed="7,0,0,3,2,19" ten="157,37,416,390" oya="3" hai0="132,37,7,73,93,100,86,42,87,20,32,127,106" hai1="112,133,80,63,99,102,17,57,60,81,30,125,122" hai2="88,10,91,124,83,74,70,40,85,22,131,119,118" hai3="89,2,0,120,47,29,35,98,117,105,66,116,114"/><W1/><G120/><T50/><D73/><U97/><E125/><V68/><F124/><W4/><G4/><T36/><D32/><U16/><E133/><V39/><F131/><W134/><G134/><T6/><D50/><U95/><E112/><V71/><F74/><W52/><G66/><T21/><D93/><U64/><E122/><V123/><F123/><W46/><G114/><T115/><D100/><U49/><E49/><V25/><F10/><W41/><G29/><T11/><D11/><U69/><E99/><V96/><F40/><W121/><G35/><T23/><D23/><U77/><E81/><V13/><F13/><W135/><G135/><T54/><D132/><U104/><E104/><V43/><F43/><W51/><G121/><T53/><D42/><U24/><E63/><V113/><F39/><W78/><G78/><T67/><D67/><U130/><E69/><V79/><F113/><W18/><G18/><T103/><D103/><U27/><E27/><V61/><F61/><W48/><REACH who="3" step="1"/><G89/><REACH who="3" ten="157,37,416,380" step="2"/><T75/><D115/><U84/><REACH who="1" step="1"/><E130/><REACH who="1" ten="157,27,416,380" step="2"/><V31/><F91/><W45/><G45/><T62/><D62/><U126/><E126/><V107/><F88/><W109/><G109/><T82/><D82/><U12/><E12/><V38/><F79/><W15/><G15/><T8/><D37/><U129/><E129/><V94/><F38/><W3/><G3/><T9/><D36/><U33/><E33/><V101/><F25/><W14/><G14/><T5/><D106/><U28/><E28/><V111/><F31/><W76/><G76/><T26/><D127/><RYUUKYOKU ba="0,2" sc="157,-15,27,15,416,-15,380,15" hai1="16,17,24,30,57,60,64,77,80,84,95,97,102" hai3="0,1,2,41,46,47,48,51,52,98,105,116,117" /><INIT seed="7,1,2,4,3,131" ten="142,42,401,395" oya="3" hai0="13,35,46,124,56,86,5,101,129,105,117,48,70" hai1="22,27,0,95,123,81,111,11,7,31,116,19,97" hai2="107,133,38,89,28,37,42,121,122,91,2,64,82" hai3="29,71,63,83,36,74,12,25,52,67,87,85,84"/><W39/><G12/><T40/><D117/><U76/><E111/><V43/><F133/><W114/><G114/><T51/><D35/><U119/><E123/><N who="2" m="47115" /><F2/><W65/><G65/><T26/><D70/><U134/><E81/><V130/><F130/><W30/><G30/><T49/><D124/><U14/><E76/><V88/><F107/><W20/><REACH who="3" step="1"/><G52/><REACH who="3" ten="142,42,401,385" step="2"/><T44/><D13/><U126/><E126/><V68/><F28/><W69/><G69/><T59/><D129/><U61/><E61/><N who="2" m="39951" /><F82/><W33/><G33/><T8/><D26/><U103/><REACH who="1" step="1"/><E134/><REACH who="1" ten="142,32,401,385" step="2"/><V41/><AGARI ba="1,4" hai="37,38,41,42,43,88,89,91" m="39951,47115" machi="41" ten="40,2700,0" yaku="13,1,54,1" doraHai="131" who="2" fromWho="2" sc="142,-8,32,-8,401,70,385,-14" owari="134,-27.0,24,-48.0,471,58.0,371,17.0" /></mjloggm>