<mjloggm ver="2.3"><GO type="169" lobby="0"/><UN n0="%E3%82%A6%E3%83%AB%E3%83%88%E3%83%A9%E7%AB%8B%E7%9B%B4" n1="%74%61%74%73%75%37%30%32" n2="%E3%81%A1%E3%81%B3%E3%81%A6%E3%81%A4" n3="%4F%68%74%61%6B%65" dan="18,16,17,16" rate="2250.53,2173.30,2166.34,2126.44" sx="M,M,M,M"/><TAIKYOKU oya="0"/><INIT seed="0,0,0,4,0,123" ten="250,250,250,250" oya="0" hai0="56,81,111,131,1,100,77,88,122,104,69,80,99" hai1="71,17,125,29,58,78,61,25,67,34,135,115,20" hai2="30,35,43,87,134,73,15,118,107,89,22,39,4" hai3="114,51,45,16,112,37,6,116,98,97,129,21,64"/><T48/><D69/><U76/><E115/><V70/><F70/><W42/><G116/><T38/><D38/><U93/><E125/><V27/><F107/><W14/><G129/><T65/><D1/><U94/><E135/><V8/><F73/><W108/><G108/><T33/><D33/><U49/><E94/><V113/><F113/><W85/><G64/><T79/><D122/><U0/><E0/><V130/><F118/><W95/><G37/><T102/><D48/><U101/><E71/><V127/><F127/><W46/><G46/><T119/><D56/><U59/><E34/><V53/><F130/><W128/><G128/><T120/><D65/><U50/><E17/><V92/><F134/><W82/><G6/><T117/><D131/><U60/><E50/><V36/><F43/><W63/><G63/><T19/><D19/><U106/><E106/><V109/><F109/><W2/><G2/><T72/><D120/><U90/><E49/><V62/><REACH who="2" step="1"/><F35/><REACH who="2" ten="250,250,240,250" step="2"/><W9/><G114/><T96/><D111/><U11/><E67/><V23/><F23/><W75/><G112/><T132/><D132/><U68/><E68/><V24/><F24/><W103/><G21/><T74/><REACH who="0" step="1"/><D88/><REACH who="0" ten="240,250,240,250" step="2"/><U121/><E90/><V5/><F5/><W133/><G133/><T86/><D86/><U57/><E121/><V13/><F13/><W124/><G124/><T55/><D55/><U83/><E61/><V7/><F7/><W44/><G85/><T31/><D31/><U18/><E60/><V126/><F126/><W84/><G84/><T12/><D12/><U41/><E29/><RYUUKYOKU ba="0,2" sc="240,15,250,-15,240,15,250,-15" hai0="72,74,77,79,80,81,96,99,100,102,104,117,119" hai2="4,8,15,22,27,30,36,39,53,62,87,89,92" /><INIT seed="0,1,2,0,2,50" ten="255,235,255,235" oya="0" hai0="78,105,91,8,128,45,123,77,111,30,1,21,43" hai1="125,75,94,56,110,101,37,81,100,131,97,27,59" hai2="0,23,126,36,122,25,22,40,102,57,69,61,16" hai3="72,96,83,129,68,84,86,124,114,11,34,12,44"/><T53/><D123/><U132/><E37/><V109/><F122/><W4/><G114/><T88/><D105/><U41/><E41/><V39/><F0/><W15/><G34/><T127/><D128/><U26/><E131/><V117/><F69/><W120/><G68/><T92/><D127/><U87/><E125/><V95/><F117/><W38/><G120/><T64/><D64/><U20/><E75/><V33/><F33/><W62/><G129/><T52/><D111/><U19/><E110/><V54/><F40/><W3/><G124/><T115/><D115/><U6/><E132/><V80/><F109/><W134/><G72/><T2/><D8/><U98/><E6/><V42/><F42/><W5/><G62/><T17/><D30/><U63/><E27/><V31/><F80/><W135/><G96/><T18/><D43/><U24/><E24/><V93/><F126/><W67/><G67/><T99/><D45/><U89/><REACH who="1" step="1"/><E63/><REACH who="1" ten="255,225,255,235" step="2"/><V85/><F39/><W104/><G38/><T28/><D28/><U71/><E71/><V13/><F36/><W55/><G134/><T119/><D119/><U70/><E70/><V29/><F29/><W46/><G135/><T90/><D1/><U121/><E121/><V51/><F102/><W73/><G73/><T32/><D2/><U48/><E48/><V107/><F61/><W65/><G5/><T82/><D17/><U113/><E113/><V60/><F60/><W103/><G3/><T9/><D18/><U47/><E47/><V79/><F107/><AGARI ba="1,3" hai="19,20,26,56,59,81,87,89,94,97,98,100,101,107" machi="107" ten="30,2000,0" yaku="1,1,7,1,53,0" doraHai="50" doraHaiUra="130" who="1" fromWho="2" sc="255,0,225,53,255,-23,235,0" /><INIT seed="1,0,0,3,4,26" ten="255,278,232,235" oya="1" hai0="117,18,108,88,1,51,89,75,95,121,10,113,14" hai1="134,114,12,32,125,71,96,35,41,60,107,93,56" hai2="5,62,4,72,8,23,53,105,15,20,47,64,9" hai3="34,6,70,22,78,55,98,116,31,85,90,0,126"/><U49/><BYE who="0" /><E114/><V69/><F72/><W30/><G116/><T68/><D68/><U128/><E107/><V103/><F103/><W45/><G34/><T25/><D25/><U124/><E128/><V84/><F105/><UN n0="%E3%82%A6%E3%83%AB%E3%83%88%E3%83%A9%E7%AB%8B%E7%9B%B4" /><W102/><G70/><T24/><D117/><U91/><E134/><V43/><F53/><W112/><G112/><T99/><D113/><U44/><E71/><V37/><REACH who="2" step="1"/><F84/><REACH who="2" ten="255,278,222,235" step="2"/><W52/><G126/><N who="1" m="48746" /><E12/><AGARI ba="0,1" hai="4,5,8,9,12,15,20,23,37,43,47,62,64,69" machi="12" ten="30,3900,0" yaku="1,1,7,1,9,1,53,0" doraHai="26" doraHaiUra="87" who="2" fromWho="1" sc="255,0,278,-39,222,49,235,0" /><INIT seed="2,0,0,2,2,10" ten="255,239,271,235" oya="2" hai0="41,111,105,92,57,3,34,13,65,6,45,46,9" hai1="87,66,85,76,68,63,94,135,5,108,53,120,28" hai2="23,21,129,88,50,128,110,131,19,67,39,106,38" hai3="0,73,16,12,2,47,90,25,101,4,84,14,79"/><V11/><F106/><W123/><G123/><T15/><D105/><U122/><E108/><V98/><F67/><W58/><G101/><T86/><D34/><U35/><E135/><V44/><F11/><W31/><G73/><T49/><D111/><U61/><E5/><V118/><F118/><W99/><G79/><T71/><D71/><U134/><E134/><V51/><F23/><N who="3" m="15807" /><G2/><T48/><D65/><U83/><E28/><V130/><F110/><W29/><G0/><T22/><D57/><N who="1" m="34991" /><E35/><V55/><F51/><W102/><G29/><T24/><D86/><N who="1" m="48487" /><E94/><N who="2" m="56647" /><F131/><W40/><G58/><T126/><D92/><U117/><E117/><V75/><F75/><W81/><G4/><T54/><D126/><U107/><E107/><V37/><F37/><W113/><G113/><T121/><REACH who="0" step="1"/><D121/><AGARI ba="0,0" hai="63,66,68,85,87,120,121,122" m="48487,34991" machi="121" ten="30,1000,0" yaku="13,1" doraHai="10" who="1" fromWho="0" sc="255,-10,239,10,271,0,235,0" /><INIT seed="3,0,0,0,4,98" ten="245,249,271,235" oya="3" hai0="14,0,35,93,101,102,18,10,131,5,49,77,52" hai1="111,7,122,43,24,2,129,119,61,128,55,107,109" hai2="16,106,90,68,67,75,103,29,89,4,17,86,81" hai3="37,116,70,125,118,25,74,27,110,95,31,100,115"/><W83/><G70/><T124/><D131/><N who="1" m="50251" /><E122/><V42/><F42/><W91/><G37/><T19/><D124/><U82/><E107/><V123/><F4/><W3/><G125/><T66/><D35/><U21/><E43/><V62/><F123/><W99/><G3/><T58/><D66/><U127/><E82/><V13/><F90/><W8/><G115/><T87/><D0/><U94/><E94/><N who="2" m="54583" /><F29/><W23/><G110/><T84/><D84/><U72/><E72/><V6/><F6/><W126/><G126/><T105/><D105/><U54/><E127/><V57/><F13/><W69/><G69/><T76/><D93/><U44/><E119/><V71/><F71/><W85/><G8/><T130/><D130/><U26/><E26/><V132/><F132/><W104/><REACH who="3" step="1"/><G25/><REACH who="3" ten="245,249,271,225" step="2"/><T121/><D121/><U63/><E111/><V34/><F68/><W32/><G32/><T51/><D10/><U20/><E24/><V30/><F30/><W108/><G108/><T28/><D28/><U36/><E36/><V22/><F22/><W12/><G12/><T53/><D14/><U56/><E109/><V134/><F34/><W65/><G65/><T120/><D120/><U45/><E20/><V97/><F134/><W38/><G38/><T96/><D5/><U64/><E21/><V59/><F59/><W41/><G41/><T46/><D58/><N who="1" m="35039" /><E64/><V11/><F11/><AGARI ba="0,1" hai="2,7,11,44,45,54,56,63" m="35039,50251" machi="11" ten="30,1000,0" yaku="19,1" doraHai="98" who="1" fromWho="2" sc="245,0,249,20,271,-10,225,0" /><INIT seed="4,0,0,5,3,92" ten="245,269,261,225" oya="0" hai0="17,83,31,57,4,25,118,79,74,132,75,16,15" hai1="135,95,47,69,28,130,8,33,91,99,127,101,134" hai2="6,44,41,120,123,11,108,60,107,102,43,97,103" hai3="78,34,12,38,114,111,5,126,105,67,66,54,14"/><T110/><D118/><U0/><E127/><V7/><F108/><W52/><G105/><T82/><D132/><N who="1" m="50731" /><E130/><V64/><F103/><W53/><G111/><T112/><D112/><U55/><E69/><V76/><F76/><W26/><G38/><T35/><D110/><U117/><E117/><V88/><F88/><W87/><G126/><T119/><D119/><U65/><E65/><V42/><F44/><W90/><G78/><T93/><D75/><U70/><E70/><V50/><F50/><W10/><G114/><T89/><D83/><U106/><E28/><V73/><F73/><W19/><G26/><T121/><D121/><U85/><E33/><V133/><F7/><W72/><G72/><T56/><D4/><N who="1" m="1031" /><E55/><V131/><F131/><W62/><G62/><T24/><D24/><U49/><E49/><V128/><F128/><W27/><G27/><T80/><D80/><U68/><E68/><V20/><F20/><N who="3" m="11383" /><G34/><T86/><REACH who="0" step="1"/><D17/><REACH who="0" ten="235,269,261,225" step="2"/><U2/><E2/><V129/><F129/><W63/><G63/><T22/><AGARI ba="0,1" hai="15,16,22,25,31,35,56,57,74,79,82,86,89,93" machi="22" ten="20,18000,2" yaku="1,1,2,1,0,1,7,1,54,1,53,1" doraHai="92" doraHaiUra="13" who="0" fromWho="0" sc="235,190,269,-60,261,-60,225,-60" /><INIT seed="4,1,0,2,3,128" ten="425,209,201,165" oya="0" hai0="28,74,122,102,59,101,104,51,97,117,64,22,103" hai1="66,87,76,119,33,32,73,57,121,113,99,49,114" hai2="43,19,134,17,26,129,95,31,3,44,14,81,83" hai3="38,110,2,126,63,13,67,131,25,130,80,21,135"/><T47/><D74/><U4/><E119/><V86/><F3/><W108/><G2/><T85/><D122/><U53/><E121/><V42/><F129/><N who="3" m="49163" /><G38/><T133/><D117/><U118/><E118/><V27/><F134/><W50/><G50/><T109/><D133/><U106/><E73/><V125/><F125/><W68/><G126/><T0/><D0/><U84/><E4/><V107/><F107/><W124/><G124/><T15/><D109/><N who="3" m="42089" /><G13/><T56/><D85/><N who="1" m="32843" /><E76/><V46/><F95/><W92/><G92/><T40/><D59/><U62/><E106/><V58/><F58/><W52/><G52/><T120/><D120/><U24/><E24/><V123/><F123/><W10/><G10/><T30/><D104/><U61/><E61/><V35/><F86/><W88/><G135/><T132/><D97/><U77/><E99/><V79/><F79/><W7/><G7/><T8/><D132/><U89/><E77/><V100/><F14/><W112/><G112/><N who="1" m="43114" /><E33/><V127/><F127/><W96/><G96/><T69/><D22/><U12/><E12/><V65/><F35/><W91/><G80/><T36/><D15/><U45/><E32/><V115/><F115/><W55/><G55/><N who="0" m="31871" /><D8/><U93/><E93/><V82/><F82/><W34/><G34/><T6/><D6/><U116/><E116/><V1/><F1/><W41/><G41/><T75/><D75/><U23/><E23/><V11/><F11/><W111/><N who="3" m="42097" /><W98/><DORA hai="39" /><G98/><T5/><D5/><U70/><E89/><V54/><F54/><W72/><G72/><T105/><D105/><RYUUKYOKU ba="1,0" sc="425,10,209,10,201,-30,165,10" hai0="28,30,36,40,47,64,69,101,102,103" hai1="45,49,53,57,62,66,70" hai3="21,25,63,67,68,88,91" /><INIT seed="4,2,0,2,2,133" ten="435,219,171,175" oya="0" hai0="86,90,60,113,62,97,103,54,55,70,123,76,53" hai1="100,134,18,114,20,26,130,34,25,88,49,128,42" hai2="68,75,14,12,119,30,118,122,46,69,72,106,33" hai3="39,38,107,59,24,124,22,31,48,11,112,96,40"/><T36/><D36/><U8/><E134/><V47/><F106/><W50/><G112/><T6/><D123/><U81/><E114/><V29/><REACH who="2" step="1"/><F33/><REACH who="2" ten="435,219,161,175" step="2"/><W85/><G107/><T16/><D113/><U79/><E34/><V0/><F0/><W23/><G39/><T41/><D41/><U21/><E42/><V89/><F89/><W15/><G38/><T17/><D90/><U52/><E100/><V27/><F27/><W92/><G40/><T109/><D103/><U35/><E35/><V5/><F5/><W125/><G85/><T77/><D86/><N who="1" m="50255" /><E79/><V58/><F58/><W127/><G59/><T111/><D6/><U37/><E37/><V73/><F73/><W65/><G65/><T57/><D57/><N who="1" m="32911" /><E130/><V74/><F74/><W2/><G96/><T67/><D97/><U44/><E128/><V4/><F4/><N who="3" m="1431" /><G92/><T66/><D54/><U105/><E105/><V64/><F64/><W82/><G82/><T9/><D70/><U32/><E32/><V80/><F80/><W120/><G120/><AGARI ba="2,1" hai="12,14,29,30,46,47,68,69,72,75,118,119,120,122" machi="120" ten="25,3200,0" yaku="1,1,22,2,53,0" doraHai="133" doraHaiUra="84" who="2" fromWho="3" sc="435,0,219,0,161,48,175,-38" /><INIT seed="5,0,0,3,1,36" ten="435,219,209,137" oya="1" hai0="38,90,78,28,52,128,2,129,116,106,45,76,135" hai1="111,44,117,68,31,58,53,63,48,93,119,102,130" hai2="87,9,14,43,4,110,75,107,46,123,99,41,47" hai3="15,11,112,27,40,125,109,70,105,118,82,64,94"/><U113/><E113/><V89/><F75/><W51/><G105/><T81/><D106/><U8/><E130/><V10/><F123/><W115/><G118/><T37/><D2/><U23/><E111/><V26/><F110/><W59/><G109/><T69/><D69/><U80/><E68/><V54/><F26/><W73/><G70/><T42/><D116/><U56/><E58/><V49/><F47/><N who="3" m="26087" /><G125/><T24/><D38/><U98/><E8/><V67/><F67/><W65/><G27/><T134/><D52/><U22/><E80/><V83/><F107/><W0/><G0/><T13/><D13/><U79/><E79/><N who="0" m="30249" /><D90/><U92/><E92/><N who="2" m="56719" /><F10/><W5/><G73/><T88/><D88/><AGARI ba="0,0" hai="4,9,14,41,43,46,49,54,83,87,88" m="56719" machi="88" ten="30,7700,0" yaku="8,1,52,2,54,1" doraHai="36" who="2" fromWho="0" sc="435,-77,219,0,209,77,137,0" /><INIT seed="6,0,0,3,3,53" ten="358,219,286,137" oya="2" hai0="40,100,102,104,60,30,23,108,32,87,64,49,75" hai1="47,28,11,72,128,105,107,25,80,94,79,131,99" hai2="77,111,52,74,7,56,10,42,62,19,109,27,29" hai3="115,1,13,118,93,135,65,89,95,38,45,76,114"/><V129/><F129/><N who="1" m="49737" /><E47/><V70/><F42/><N who="3" m="22743" /><G1/><T16/><D87/><U35/><E11/><V86/><F74/><W12/><G118/><T61/><D102/><AGARI ba="0,0" hai="25,28,35,72,79,80,94,99,102,105,107" m="49737" machi="102" ten="30,1000,0" yaku="19,1" doraHai="53" who="1" fromWho="0" sc="358,-10,219,10,286,0,137,0" /><INIT seed="7,0,0,0,2,35" ten="348,229,286,137" oya="3" hai0="75,103,93,32,10,130,85,74,3,37,70,27,55" hai1="110,81,108,6,72,49,0,128,89,117,25,78,67" hai2="123,8,84,134,97,106,7,17,33,120,87,69,125" hai3="94,24,68,45,98,121,23,51,113,66,64,48,12"/><W76/><G121/><T127/><D55/><U80/><E49/><V96/><F69/><W43/><G113/><T50/><D50/><U47/><E67/><N who="3" m="25642" /><G68/><T61/><D85/><N who="2" m="32842" /><F33/><W15/><G76/><T46/><D93/><U19/><E81/><V104/><F17/><N who="3" m="12399" /><G48/><T16/><D103/><AGARI ba="0,0" hai="12,15,43,45,51,94,98,103" m="12399,25642" machi="103" ten="30,1500,0" yaku="8,1" doraHai="35" who="3" fromWho="0" sc="348,-15,229,0,286,0,137,15" /><INIT seed="7,1,0,2,2,95" ten="333,229,286,152" oya="3" hai0="103,102,85,129,4,37,117,131,133,35,125,111,47" hai1="124,32,87,15,42,5,71,19,36,119,84,57,127" hai2="53,74,73,22,108,2,79,70,24,1,59,72,61" hai3="63,16,26,62,92,113,80,66,68,29,115,94,10"/><W6/><G63/><T69/><D35/><U50/><E32/><V51/><F108/><W28/><G80/><T88/><D69/><U46/><E119/><V116/><F116/><W109/><G109/><T76/><D76/><U89/><E71/><V100/><F100/><W96/><G16/><T112/><D117/><U0/><E0/><V97/><F97/><W9/><G9/><T99/><D99/><U114/><E114/><N who="3" m="43530" /><G26/><T128/><D4/><U91/><E5/><V44/><F79/><W98/><G98/><T48/><D112/><U39/><E39/><V132/><F132/><W134/><G134/><T18/><D37/><U121/><E121/><V101/><F101/><N who="3" m="60551" /><G94/><N who="0" m="54543" /><D133/><U104/><E104/><V130/><F70/><W106/><G106/><T52/><D111/><U120/><E120/><V38/><F38/><W123/><G123/><T82/><D82/><U118/><E118/><V93/><F93/><W81/><G81/><T45/><D103/><U64/><E91/><V27/><F27/><W56/><G68/><T49/><D102/><U21/><E87/><V41/><F2/><AGARI ba="1,0" hai="2,6,10,28,29,56,62,66" m="60551,43530" machi="2" ten="30,2900,0" yaku="15,1,52,1" doraHai="95" who="3" fromWho="2" sc="333,0,229,0,286,-32,152,32" /><INIT seed="7,2,0,2,5,26" ten="333,229,254,184" oya="3" hai0="31,23,2,12,35,56,27,128,135,14,53,33,38" hai1="45,93,48,10,95,68,108,130,74,86,69,110,98" hai2="43,58,65,71,125,88,117,55,124,100,0,72,85" hai3="20,101,75,115,94,103,51,96,37,60,127,119,25"/><W32/><G37/><T73/><D73/><U113/><E74/><V79/><F0/><W28/><G119/><T17/><D38/><U83/><E113/><V46/><F100/><W106/><G115/><T3/><D56/><U66/><E130/><V81/><F65/><W63/><G127/><N who="2" m="48713" /><F71/><W6/><G75/><T36/><D53/><U1/><E95/><V19/><F19/><W44/><G6/><T59/><D59/><U132/><E132/><V30/><F30/><W13/><G103/><T5/><D36/><U118/><E118/><V40/><F46/><W50/><G106/><T64/><D64/><U129/><E129/><V131/><F131/><W84/><G84/><T78/><D78/><U111/><E66/><V109/><F109/><W9/><G32/><T99/><D99/><U123/><E123/><V82/><F117/><W18/><REACH who="3" step="1"/><G44/><REACH who="3" ten="333,229,254,174" step="2"/><T90/><D35/><U47/><E45/><V16/><F40/><W107/><G107/><T22/><D128/><U11/><E86/><V8/><F43/><W112/><G112/><T89/><D33/><U57/><E47/><V133/><F133/><W134/><G134/><T87/><D135/><U122/><E111/><V105/><F105/><W54/><G54/><T42/><D42/><U39/><E110/><V15/><F55/><W49/><AGARI ba="2,1" hai="9,13,18,20,25,28,49,50,51,60,63,94,96,101" machi="49" ten="30,12000,1" yaku="1,1,0,1,8,1,52,1,53,1" doraHai="26" doraHaiUra="24" who="3" fromWho="3" sc="333,-42,229,-42,254,-42,174,136" owari="291,9.0,187,-31.0,212,-19.0,310,41.0" /></mjloggm>