<mjloggm ver="2.3"><GO type="169" lobby="0"/><UN n0="%E3%83%86%E3%83%AC%E3%83%93%E3%81%A3%E5%AD%90" n1="%E3%82%A6%E3%83%AB%E3%83%88%E3%83%A9%E7%AB%8B%E7%9B%B4" n2="%55%4E%4B%4F%63%68%61%6E" n3="%E4%B8%80%E8%93%AE%E5%B3%BB%E6%BD%A4" dan="16,18,17,18" rate="2137.72,2251.42,2202.98,2257.64" sx="M,M,M,M"/><TAIKYOKU oya="0"/><INIT seed="0,0,0,3,0,122" ten="250,250,250,250" oya="0" hai0="66,51,97,12,34,74,7,96,38,64,8,100,0" hai1="113,131,4,99,90,68,50,101,128,3,93,109,129" hai2="115,69,118,47,76,56,49,36,112,104,59,65,19" hai3="15,117,18,32,77,126,67,37,1,27,52,91,39"/><T102/><D38/><U84/><E68/><V130/><F104/><W133/><G117/><T78/><D34/><U33/><E33/><V72/><F76/><W16/><G1/><T80/><D51/><U44/><E113/><V17/><F72/><W55/><G77/><T95/><REACH who="0" step="1"/><D0/><REACH who="0" ten="240,250,250,250" step="2"/><U106/><E3/><V22/><F36/><W94/><G39/><T110/><D110/><U134/><E134/><V119/><F49/><W45/><G133/><T42/><D42/><N who="1" m="24855" /><E4/><V43/><F43/><W25/><G37/><T21/><D21/><U30/><E30/><V88/><F22/><W31/><G31/><T20/><D20/><U86/><E86/><V89/><F112/><W41/><G32/><T13/><D13/><U5/><E5/><V57/><F115/><W58/><G15/><T92/><AGARI ba="0,1" hai="7,8,12,64,66,74,78,80,92,95,96,97,100,102" machi="92" ten="20,7800,0" yaku="1,1,0,1,7,1,9,1,53,0" doraHai="122" doraHaiUra="125" who="0" fromWho="0" sc="240,88,250,-26,250,-26,250,-26" /><INIT seed="0,1,0,1,4,60" ten="328,224,224,224" oya="0" hai0="125,56,21,24,118,123,93,112,101,7,42,115,74" hai1="43,89,25,13,86,52,9,103,26,0,27,40,98" hai2="106,34,55,38,53,46,23,75,83,124,88,108,1" hai3="107,58,48,134,22,82,127,116,128,5,3,129,70"/><T102/><D118/><U67/><E0/><V79/><F34/><W49/><G107/><T36/><D123/><U61/><E52/><V35/><F35/><W133/><G70/><T71/><D71/><U63/><E63/><V37/><F106/><W110/><G116/><T77/><D125/><U28/><E28/><V20/><F124/><W81/><G127/><T114/><D7/><U121/><E121/><V51/><F108/><W54/><G110/><T66/><D42/><U29/><E29/><V45/><F1/><W90/><G22/><T72/><D36/><U4/><E98/><V64/><F64/><W113/><G113/><T87/><D101/><U120/><E103/><V130/><F130/><N who="3" m="50283" /><G49/><T8/><D8/><U31/><E31/><V47/><F38/><W94/><G5/><T68/><D68/><U84/><E120/><V65/><F51/><W41/><G41/><N who="1" m="15946" /><E89/><V92/><F37/><W69/><G69/><T73/><D102/><U117/><E117/><V44/><F44/><W111/><G3/><T16/><D93/><U119/><E119/><V6/><F47/><W10/><G111/><T59/><REACH who="0" step="1"/><D66/><REACH who="0" ten="318,224,224,224" step="2"/><U18/><E4/><V78/><F65/><W85/><G10/><T99/><D99/><U19/><E19/><V76/><F6/><W96/><G96/><T91/><D91/><U33/><E33/><V50/><F88/><W126/><G126/><T14/><D14/><U95/><E95/><V100/><F92/><W132/><AGARI ba="1,1" hai="48,54,58,81,82,85,90,94,132,133,134" m="50283" machi="132" ten="40,2700,0" yaku="20,1,19,1" doraHai="60" who="3" fromWho="3" sc="318,-14,224,-8,224,-8,224,40" /><INIT seed="1,0,0,3,4,68" ten="304,216,216,264" oya="1" hai0="38,9,107,102,58,120,125,43,51,95,30,35,135" hai1="105,44,23,47,127,48,29,78,0,96,14,91,20" hai2="32,64,60,90,77,75,65,86,113,119,46,97,17" hai3="41,122,8,89,34,71,18,84,45,93,53,134,28"/><U31/><E0/><V109/><F119/><W104/><G122/><T131/><D120/><U92/><E127/><V59/><F32/><W37/><G134/><T66/><D125/><U98/><E78/><V54/><F109/><W22/><G71/><T82/><D107/><U81/><E81/><N who="2" m="47407" /><F75/><W39/><G104/><T132/><D30/><U49/><E105/><V67/><F113/><W6/><G28/><T62/><D35/><U74/><E74/><V21/><F46/><W33/><G53/><T70/><D82/><U111/><E111/><V99/><F90/><W100/><G100/><T126/><D126/><U26/><E14/><AGARI ba="0,0" hai="14,17,21,54,59,60,64,65,67,97,99" m="47407" machi="14" ten="30,1000,0" yaku="8,1" doraHai="68" who="2" fromWho="1" sc="304,0,216,-10,216,10,264,0" /><INIT seed="2,0,0,0,2,35" ten="304,206,226,264" oya="2" hai0="84,0,130,34,54,77,22,50,92,32,12,28,127" hai1="106,76,109,52,10,122,125,43,126,124,64,119,108" hai2="26,133,51,7,8,38,2,90,21,103,115,6,117" hai3="70,105,112,89,62,61,72,58,41,104,63,129,128"/><V79/><F38/><W23/><G72/><T82/><D130/><U93/><E106/><V48/><F115/><W81/><G112/><T31/><D127/><U99/><E119/><V17/><F117/><W97/><G41/><T16/><D0/><U74/><E122/><V135/><F79/><W1/><G70/><T24/><D92/><U114/><E114/><V88/><F103/><W73/><G58/><T29/><REACH who="0" step="1"/><D34/><REACH who="0" ten="294,206,226,264" step="2"/><U66/><E124/><V60/><F7/><W19/><G1/><T71/><D71/><U13/><E125/><V78/><F78/><W3/><G3/><T132/><D132/><N who="2" m="50762" /><F60/><W96/><G105/><T46/><AGARI ba="0,1" hai="12,16,22,24,28,29,31,32,46,50,54,77,82,84" machi="46" ten="20,5200,0" yaku="1,1,0,1,7,1,54,1,53,0" doraHai="35" doraHaiUra="33" who="0" fromWho="0" sc="294,62,206,-13,226,-26,264,-13" /><INIT seed="3,0,0,1,2,56" ten="356,193,200,251" oya="3" hai0="44,127,63,125,80,134,48,50,86,85,117,126,101" hai1="91,59,72,107,25,114,129,55,87,1,71,112,119" hai2="47,102,75,35,82,39,28,43,2,14,132,15,128" hai3="135,7,3,46,29,70,18,10,42,81,36,111,133"/><W23/><G29/><T13/><D117/><U62/><E129/><V16/><F128/><W106/><G106/><T57/><D134/><U78/><E119/><V92/><F132/><W41/><G41/><T33/><D33/><U116/><E116/><V123/><F123/><W4/><G4/><T67/><D101/><U94/><E1/><V103/><F2/><W26/><G111/><T90/><D44/><U124/><E124/><V130/><F130/><W0/><G0/><T12/><D85/><U73/><E107/><V65/><F15/><AGARI ba="0,0" hai="12,13,15,48,50,57,63,67,80,86,90,125,126,127" machi="15" ten="40,2600,0" yaku="18,1,52,1" doraHai="56" who="0" fromWho="2" sc="356,26,193,0,200,-26,251,0" /><INIT seed="4,0,0,1,4,70" ten="382,193,174,251" oya="0" hai0="105,4,47,19,0,123,54,18,93,126,22,42,84" hai1="91,25,58,29,43,50,87,86,120,131,107,27,81" hai2="32,90,67,52,24,108,21,60,124,121,5,103,69" hai3="36,117,115,83,30,33,28,114,57,109,15,9,63"/><T41/><D105/><U135/><E120/><V44/><F121/><W111/><G83/><T104/><D104/><U101/><E131/><V76/><F108/><W61/><G117/><T8/><D126/><U118/><E118/><V39/><F124/><W71/><G71/><T132/><D132/><U80/><E135/><V85/><F32/><W45/><G33/><T53/><D123/><U112/><E112/><N who="3" m="43050" /><G28/><T72/><D72/><U92/><E107/><V122/><F5/><W26/><G26/><T37/><D42/><U110/><E110/><V77/><F103/><W100/><G30/><T6/><D6/><U34/><E25/><V66/><F66/><N who="3" m="39215" /><G63/><T79/><D19/><U31/><E31/><V23/><F122/><W17/><G100/><T134/><D134/><U12/><E101/><V116/><F116/><W130/><G130/><T3/><D3/><U129/><E129/><V48/><F76/><W10/><G10/><T40/><D79/><U38/><E12/><V11/><F11/><W133/><G133/><T94/><D18/><U14/><E14/><V82/><F24/><W78/><G78/><T20/><D22/><U55/><REACH who="1" step="1"/><E86/><REACH who="1" ten="382,183,174,251" step="2"/><V74/><REACH who="2" step="1"/><F39/><REACH who="2" ten="382,183,164,251" step="2"/><W95/><G36/><T65/><D37/><U128/><E128/><V68/><F68/><W1/><G111/><T59/><D0/><U73/><E73/><V98/><F98/><W106/><G109/><T97/><D97/><U16/><E16/><V51/><F51/><W7/><G17/><T64/><D4/><U56/><E56/><V75/><F75/><W2/><G7/><T102/><D59/><RYUUKYOKU ba="0,2" sc="382,-15,183,15,164,15,251,-15" hai1="27,29,34,38,43,50,55,58,80,81,87,91,92" hai2="21,23,44,48,52,60,67,69,74,77,82,85,90" /><INIT seed="5,1,2,1,3,95" ten="367,198,179,236" oya="1" hai0="83,135,108,117,121,73,23,112,120,7,85,96,65" hai1="60,29,34,50,53,47,122,52,105,80,114,2,124" hai2="92,43,94,28,106,82,103,36,67,25,39,46,20" hai3="63,107,44,27,74,32,6,58,10,99,110,91,127"/><U69/><E122/><V21/><F39/><W45/><G74/><T115/><D65/><U64/><E2/><V9/><F67/><W62/><G110/><T5/><D108/><U102/><E114/><N who="0" m="43561" /><D73/><U89/><E124/><V24/><F9/><W84/><G44/><T35/><D35/><U128/><E128/><V71/><F71/><W72/><G10/><T38/><D38/><U77/><E89/><V37/><F37/><W15/><G91/><T12/><D117/><U30/><E53/><V51/><F36/><W17/><G17/><T3/><D3/><U131/><E131/><V48/><F82/><W126/><G27/><T88/><D135/><U31/><E34/><V19/><REACH who="2" step="1"/><F51/><REACH who="2" ten="367,198,169,236" step="2"/><W1/><G126/><T132/><D121/><U129/><E129/><V133/><F133/><W81/><G81/><T70/><D120/><U113/><E113/><V79/><F79/><W109/><G127/><T0/><D70/><U119/><E119/><V8/><F8/><W68/><G68/><T90/><D132/><U54/><E80/><V134/><F134/><W130/><G130/><T14/><D0/><U76/><REACH who="1" step="1"/><E54/><REACH who="1" ten="367,188,169,236" step="2"/><V4/><F4/><W41/><G6/><T98/><D7/><U118/><E118/><V78/><F78/><W26/><G109/><T56/><D5/><U22/><E22/><V13/><F13/><W61/><G15/><T101/><D23/><U57/><E57/><V33/><F33/><W59/><G32/><T116/><D116/><U86/><E86/><V123/><F123/><W66/><G1/><T75/><D85/><U40/><E40/><RYUUKYOKU ba="1,4" sc="367,-15,188,15,169,15,236,-15" hai1="29,30,31,47,50,52,60,64,69,76,77,102,105" hai2="19,20,21,24,25,28,43,46,48,92,94,103,106" /><INIT seed="5,2,4,2,1,26" ten="352,203,184,221" oya="1" hai0="85,19,23,17,128,115,56,36,103,28,74,87,121" hai1="48,83,55,46,116,43,80,22,114,39,76,32,89" hai2="59,111,35,113,81,49,69,77,91,42,54,73,44" hai3="129,58,106,50,53,66,24,100,52,102,72,68,7"/><U21/><E116/><V75/><F111/><W127/><G72/><T31/><D36/><U57/><E114/><V0/><F113/><W132/><G106/><T82/><D115/><U70/><E32/><V107/><F69/><W90/><G132/><T62/><D128/><U25/><E70/><V10/><F107/><W47/><G129/><T98/><D74/><U4/><E4/><N who="2" m="1287" /><F75/><W135/><G135/><T131/><D121/><U63/><E76/><V99/><F91/><W33/><G7/><T97/><D131/><U14/><E39/><N who="2" m="21599" /><F99/><W3/><G3/><T61/><D23/><U86/><E14/><V120/><F35/><W104/><G104/><T29/><D62/><U30/><REACH who="1" step="1"/><E21/><REACH who="1" ten="352,193,184,221" step="2"/><V37/><F37/><W79/><G68/><T40/><D103/><U71/><E71/><V123/><AGARI ba="2,5" hai="49,54,59,73,77,81,120,123" m="21599,1287" machi="123" ten="30,1100,0" yaku="25,1" doraHai="26" who="2" fromWho="2" sc="352,-5,193,-7,184,67,221,-5" /><INIT seed="6,0,0,5,0,34" ten="347,186,251,216" oya="2" hai0="112,124,87,76,21,106,61,120,102,91,121,105,50" hai1="23,66,26,67,6,88,41,42,110,97,90,37,19" hai2="82,130,13,4,125,92,7,83,49,84,89,59,101" hai3="32,128,73,28,132,118,8,12,98,57,96,5,81"/><V33/><F33/><W86/><G118/><T122/><D61/><U99/><E110/><V17/><F125/><W56/><G73/><T35/><D35/><U135/><E135/><V52/><F130/><W68/><G68/><T94/><D124/><U55/><E6/><N who="2" m="2091" /><F101/><W133/><G128/><T80/><D21/><AGARI ba="0,0" hai="13,17,21,49,52,59,82,83,84,89,92" m="2091" machi="21" ten="30,5800,0" yaku="25,1,8,1,54,1" doraHai="34" who="2" fromWho="0" sc="347,-58,186,0,251,58,216,0" /><INIT seed="6,1,0,4,0,68" ten="289,186,309,216" oya="2" hai0="22,44,55,94,63,56,40,111,89,80,133,95,43" hai1="92,65,14,24,110,20,48,99,124,98,114,107,58" hai2="79,105,8,18,38,15,53,41,113,130,100,127,102" hai3="116,71,2,108,54,125,73,83,128,76,70,101,74"/><V134/><F113/><W35/><G116/><T10/><D111/><U75/><E110/><V86/><F127/><W60/><G108/><T104/><D104/><U29/><E114/><V131/><F134/><W82/><G125/><T5/><D133/><U120/><E124/><V49/><F105/><W69/><G128/><T78/><D22/><U129/><E129/><V21/><F41/><W33/><G101/><T62/><D62/><U47/><E120/><V45/><F38/><W27/><G27/><T9/><D40/><U6/><E75/><V87/><F130/><W50/><G60/><T64/><D64/><U1/><E1/><V84/><F79/><N who="3" m="44399" /><G54/><T72/><D89/><U4/><E107/><V77/><F77/><W119/><G50/><T57/><D57/><U7/><E65/><V109/><F109/><W93/><G93/><T81/><D81/><U123/><E123/><V3/><F131/><W0/><G119/><T17/><D17/><U32/><E58/><V12/><F3/><AGARI ba="1,0" hai="0,2,3,33,35,69,70,71,74,76,83" m="44399" machi="3" ten="40,2600,0" yaku="33,2" doraHai="68" who="3" fromWho="2" sc="289,0,186,0,309,-29,216,29" /><INIT seed="7,0,0,2,3,94" ten="289,186,280,245" oya="3" hai0="50,17,108,31,95,39,66,7,79,9,55,76,133" hai1="28,110,60,116,130,115,10,80,132,34,113,24,43" hai2="44,58,13,35,68,11,103,57,84,99,53,117,29" hai3="82,37,129,97,69,102,98,119,88,85,77,14,96"/><W20/><G119/><T111/><D39/><U21/><E43/><V8/><F117/><W56/><G69/><T36/><D36/><U74/><E116/><V15/><F68/><W134/><G37/><T6/><D133/><U104/><E110/><V41/><F84/><W71/><G71/><T30/><D66/><U106/><E132/><V33/><F29/><N who="0" m="10762" /><D111/><U121/><E121/><V78/><F78/><N who="0" m="29738" /><D108/><U87/><E74/><V83/><F83/><W118/><G129/><T92/><D17/><U65/><E10/><V100/><F53/><W75/><G118/><T5/><D9/><U131/><E34/><V46/><F41/><W73/><G134/><T54/><D54/><U51/><E51/><V38/><F38/><W135/><G135/><T52/><D55/><U3/><E3/><V32/><F32/><W26/><G56/><AGARI ba="0,0" hai="5,6,7,50,52,56,92,95" m="29738,10762" machi="56" ten="30,2000,0" yaku="8,1,54,1" doraHai="94" who="0" fromWho="3" sc="289,20,186,0,280,0,245,-20" owari="309,40.0,186,-31.0,280,8.0,225,-17.0" /></mjloggm>