<mjloggm ver="2.3"><GO type="169" lobby="0"/><UN n0="%E3%82%A6%E3%83%AB%E3%83%88%E3%83%A9%E7%AB%8B%E7%9B%B4" n1="%E6%97%A5%E6%9B%9C%E6%97%A5%E3%82%88%E3%82%8A%E3%81%AE%E4%BD%BF%E8%80%85" n2="%68%61%79%61%74%6F%E2%98%86" n3="%E3%81%82%E3%82%89%E3%81%8C%E3%81%8D%E3%81%82%E3%82%84%E3%81%9B" dan="18,17,16,16" rate="2220.53,2231.25,2100.12,2086.81" sx="M,M,M,F"/><TAIKYOKU oya="0"/><INIT seed="0,0,0,0,4,65" ten="250,250,250,250" oya="0" hai0="129,41,72,120,117,132,89,76,112,79,88,55,67" hai1="69,101,16,84,18,75,66,86,106,124,34,38,19" hai2="85,33,119,54,77,9,126,93,5,90,83,87,127" hai3="17,43,122,125,128,40,114,103,96,32,130,78,116"/><T27/><D112/><U4/><E75/><V26/><F119/><W52/><G32/><T64/><D117/><U45/><E34/><V104/><F104/><W63/><G17/><T108/><D120/><U102/><E4/><V133/><F133/><W22/><G22/><T99/><D72/><U37/><E124/><V57/><F26/><W35/><G35/><T59/><D132/><U2/><E2/><V100/><F100/><W10/><G10/><T109/><D41/><U71/><E19/><V49/><REACH who="2" step="1"/><F33/><REACH who="2" ten="250,250,240,250" step="2"/><W74/><G116/><T25/><D129/><U13/><E106/><V115/><F115/><W95/><G114/><T8/><D27/><U91/><E102/><V110/><F110/><N who="0" m="42602" /><D25/><U68/><E101/><V29/><F29/><W81/><G130/><T46/><D8/><U98/><E18/><V60/><F60/><W97/><G128/><T70/><D46/><U28/><E45/><V44/><F44/><W80/><G122/><T113/><D113/><U61/><E28/><V123/><F123/><W0/><G103/><T53/><D89/><U58/><E91/><V82/><F82/><W62/><G81/><T48/><D79/><U20/><REACH who="1" step="1"/><E98/><REACH who="1" ten="250,240,240,250" step="2"/><V11/><F11/><W14/><G96/><T56/><D76/><U51/><E51/><V1/><AGARI ba="0,2" hai="1,5,9,49,54,57,77,83,85,87,90,93,126,127" machi="1" ten="30,2000,0" yaku="1,1,0,1,53,0" doraHai="65" doraHaiUra="121" who="2" fromWho="2" sc="250,-10,240,-5,240,40,250,-5" /><INIT seed="1,0,0,5,3,10" ten="240,235,280,245" oya="1" hai0="49,35,28,39,95,123,75,12,107,47,43,1,3" hai1="111,55,14,4,23,17,27,129,118,93,94,76,51" hai2="2,31,16,13,60,108,102,7,66,42,11,6,72" hai3="0,69,59,128,92,26,86,113,44,115,119,41,15"/><U5/><E118/><V96/><F72/><W25/><G0/><T20/><D107/><U110/><E76/><V53/><F108/><N who="1" m="41513" /><E129/><V81/><F81/><W38/><G69/><T127/><D123/><U45/><E4/><V18/><F42/><W78/><G128/><T58/><D127/><U24/><E5/><V105/><F53/><W121/><G121/><T88/><D75/><U68/><E68/><V52/><F31/><W112/><G119/><T8/><D35/><U36/><E36/><V106/><F106/><W80/><G59/><T124/><D124/><U84/><E84/><V33/><F33/><W135/><G135/><T37/><D37/><U133/><E133/><V54/><F6/><W71/><G71/><T134/><D134/><U30/><E27/><V131/><F131/><W22/><G92/><T103/><D39/><U122/><E122/><V29/><F29/><W65/><G65/><T50/><D1/><U70/><E70/><V98/><F98/><W19/><AGARI ba="0,0" hai="15,19,22,25,26,38,41,44,78,80,86,112,113,115" machi="19" ten="40,2700,0" yaku="0,1,52,1" doraHai="10" who="3" fromWho="3" sc="240,-7,235,-13,280,-7,245,27" /><INIT seed="2,0,0,5,2,54" ten="233,222,273,272" oya="2" hai0="81,22,123,130,121,13,15,74,101,67,46,14,23" hai1="0,63,82,128,100,115,118,117,50,92,52,76,32" hai2="45,34,102,48,80,19,124,111,7,28,135,26,17" hai3="96,31,64,1,94,132,66,127,29,38,107,37,18"/><V75/><F124/><W86/><G1/><T133/><D101/><U6/><E32/><V11/><F135/><W83/><G107/><T78/><D130/><U122/><E115/><V120/><F120/><W62/><G127/><T84/><D133/><U68/><E6/><V24/><F102/><W49/><G49/><T131/><D131/><U5/><E5/><V89/><F26/><W91/><G64/><T16/><D67/><U90/><E0/><V35/><F35/><W10/><G132/><T125/><D125/><U56/><E100/><V25/><F25/><W85/><G85/><T39/><D74/><U95/><E128/><V41/><F111/><W71/><G38/><T42/><REACH who="0" step="1"/><D13/><REACH who="0" ten="223,222,273,272" step="2"/><U61/><E122/><V59/><F75/><W3/><G3/><T21/><D21/><U55/><E118/><V112/><F112/><W97/><G66/><T53/><D53/><U88/><E117/><V104/><F104/><W109/><G109/><T129/><D129/><U103/><E103/><V119/><F119/><W60/><G10/><T70/><D70/><U72/><E68/><V40/><F11/><W51/><G71/><T110/><D110/><U126/><E126/><V69/><F69/><W27/><G27/><T73/><D73/><U99/><REACH who="1" step="1"/><E55/><REACH who="1" ten="223,212,273,272" step="2"/><V44/><F34/><W108/><G108/><T79/><D79/><U47/><E47/><V77/><F44/><W114/><G114/><T87/><D87/><AGARI ba="0,2" hai="50,52,56,61,63,72,76,82,87,88,90,92,95,99" machi="87" ten="30,12000,2" yaku="1,1,7,1,52,1,54,2,53,1" doraHai="54" doraHaiUra="105" who="1" fromWho="0" sc="223,-120,212,140,273,0,272,0" /><INIT seed="3,0,0,4,0,25" ten="103,352,273,272" oya="3" hai0="32,83,134,81,38,115,91,117,106,75,9,10,104" hai1="102,2,68,114,13,39,85,45,109,77,57,5,6" hai2="55,4,121,92,86,35,119,42,66,88,58,70,107" hai3="110,87,135,44,43,11,37,12,60,128,19,33,72"/><W53/><G128/><T99/><D117/><U71/><E2/><V29/><F107/><W34/><G72/><T94/><D32/><U116/><E114/><V101/><F4/><W80/><G135/><T1/><D38/><U79/><E109/><V111/><F42/><W61/><G110/><T131/><D1/><U129/><E129/><V84/><F101/><W64/><G60/><T132/><D131/><U125/><E125/><V56/><F70/><W118/><G53/><T22/><D22/><U51/><E39/><V47/><F121/><W82/><G82/><N who="0" m="31243" /><D10/><U93/><E68/><V18/><F66/><W62/><G118/><T23/><D23/><U20/><E71/><V15/><F119/><W54/><G54/><T112/><D9/><U65/><E20/><V0/><F0/><W48/><G37/><T49/><D49/><U7/><E13/><V74/><F74/><W108/><G108/><T52/><D52/><N who="1" m="29807" /><E116/><V40/><F55/><W8/><G11/><T124/><D75/><U133/><E133/><N who="0" m="51305" /><D124/><U120/><E120/><V67/><F35/><W21/><G21/><T113/><AGARI ba="0,0" hai="91,94,99,104,106,112,113,115" m="51305,31243" machi="113" ten="40,8000,1" yaku="11,1,20,1,34,2" doraHai="25" who="0" fromWho="0" sc="103,80,352,-20,273,-20,272,-40" /><INIT seed="4,0,0,1,3,111" ten="183,332,253,232" oya="0" hai0="68,65,69,108,122,55,20,34,38,74,48,124,9" hai1="2,62,120,93,3,78,129,36,82,105,116,54,17" hai2="63,109,70,94,29,5,11,23,76,67,118,27,13" hai3="16,60,52,24,10,132,115,121,61,25,59,117,77"/><T35/><D122/><U72/><E105/><V40/><F109/><W128/><G117/><T86/><D74/><U58/><E116/><V75/><F118/><W96/><G121/><T107/><D107/><U110/><E110/><V28/><F40/><W1/><G132/><T71/><D108/><U33/><E120/><V51/><F51/><W103/><G128/><T26/><D38/><U85/><E33/><V134/><F134/><W123/><G123/><T90/><D65/><U84/><E36/><V101/><F76/><W92/><G77/><T44/><D124/><U46/><E129/><V91/><F101/><W7/><G115/><T133/><D9/><U8/><E46/><V106/><F106/><W0/><G0/><T56/><D44/><U15/><E72/><V130/><F130/><W126/><G126/><T104/><D104/><U80/><E93/><V43/><F43/><W127/><G127/><T50/><D50/><U47/><E47/><V6/><F75/><W39/><G39/><T99/><D99/><U37/><E37/><V57/><F70/><W135/><G135/><T79/><D79/><AGARI ba="0,0" hai="2,3,8,15,17,54,58,62,78,79,80,82,84,85" machi="79" ten="30,2000,0" yaku="7,1,9,1" doraHai="111" who="1" fromWho="0" sc="183,-20,332,20,253,0,232,0" /><INIT seed="5,0,0,5,1,9" ten="163,352,253,232" oya="1" hai0="51,58,79,13,129,62,125,21,82,80,44,109,103" hai1="50,113,15,66,77,87,116,98,59,33,23,20,91" hai2="36,34,45,110,118,16,18,7,127,96,131,83,37" hai3="12,102,108,84,86,90,122,97,48,8,24,5,107"/><U31/><E116/><V106/><F34/><W135/><G108/><T95/><D109/><U26/><E113/><V89/><F118/><W120/><G135/><T75/><D129/><U134/><E134/><V40/><F36/><W2/><G2/><T132/><D125/><U101/><E77/><V76/><F110/><W100/><G100/><T72/><D132/><U112/><E112/><V74/><F131/><W55/><G24/><T49/><D103/><U38/><E38/><V92/><F127/><W35/><G35/><T25/><D95/><U117/><E117/><V124/><F124/><W41/><G41/><T32/><D32/><U68/><E68/><V57/><F57/><W65/><G65/><T39/><D39/><U104/><E50/><V22/><F22/><W63/><G63/><T6/><D44/><U133/><E133/><V30/><F30/><W46/><REACH who="3" step="1"/><G86/><REACH who="3" ten="163,352,253,222" step="2"/><T19/><D75/><U88/><E87/><V28/><F28/><W111/><G111/><T3/><D3/><U94/><E33/><V114/><F114/><W27/><G27/><T17/><D80/><AGARI ba="0,1" hai="5,8,12,46,48,55,80,84,90,97,102,107,120,122" machi="80" ten="30,7700,0" yaku="1,1,7,1,52,1,53,1" doraHai="9" doraHaiUra="42" who="3" fromWho="0" sc="163,-77,352,0,253,0,222,87" /><INIT seed="6,0,0,4,3,29" ten="86,352,253,309" oya="2" hai0="104,16,14,76,0,10,107,35,122,13,46,68,105" hai1="121,61,108,57,99,117,114,85,118,9,27,67,60" hai2="21,91,8,45,20,128,135,58,3,65,1,55,90" hai3="125,101,75,54,7,73,82,115,70,5,32,126,92"/><V110/><F110/><W52/><G70/><T120/><D68/><U30/><E108/><V31/><F128/><W38/><G38/><T119/><D0/><U132/><E114/><V97/><F65/><W103/><G92/><T84/><D119/><U109/><E109/><V51/><F8/><W63/><G63/><T37/><D35/><U74/><E74/><V134/><F20/><W89/><G89/><N who="2" m="33801" /><F45/><W33/><REACH who="3" step="1"/><G115/><REACH who="3" ten="86,352,253,299" step="2"/><T15/><D122/><U18/><E121/><V77/><F77/><W100/><G100/><T131/><D120/><U102/><E102/><V23/><F97/><W11/><G11/><T22/><D131/><U34/><E99/><V79/><F79/><W56/><G56/><T41/><REACH who="0" step="1"/><D10/><REACH who="0" ten="76,352,253,299" step="2"/><U69/><E9/><V4/><F1/><W53/><G53/><T81/><AGARI ba="0,2" hai="13,14,15,16,22,37,41,46,76,81,84,104,105,107" machi="81" ten="40,8000,1" yaku="1,1,2,1,0,1,54,1,53,0" doraHai="29" doraHaiUra="47" who="0" fromWho="0" sc="76,100,352,-20,253,-40,299,-20" /><INIT seed="7,0,0,1,5,77" ten="176,332,213,279" oya="3" hai0="86,54,119,64,116,122,49,89,105,70,8,26,106" hai1="48,111,91,72,41,110,22,13,81,52,107,63,23" hai2="44,58,103,126,38,2,71,87,56,123,125,124,29" hai3="16,120,73,100,51,9,130,135,3,75,45,74,109"/><W127/><G120/><T115/><D122/><U39/><E107/><V60/><F123/><W108/><G127/><T68/><D115/><U61/><E39/><V14/><F2/><W94/><G135/><T25/><D106/><U65/><E41/><N who="2" m="22583" /><F29/><W6/><G130/><T104/><D105/><U4/><E72/><V28/><F28/><W15/><G100/><T24/><D104/><U50/><E50/><V27/><F27/><W117/><G94/><T19/><D64/><U20/><E65/><N who="2" m="41383" /><F103/><W92/><G92/><T34/><D34/><U7/><E111/><N who="3" m="42570" /><G117/><T93/><D70/><U83/><E110/><V113/><F113/><W128/><G128/><T35/><D35/><U133/><E133/><V84/><F14/><W121/><G121/><T47/><D68/><U98/><E13/><V31/><F31/><W1/><G6/><N who="1" m="2090" /><E98/><V131/><F131/><W69/><G69/><T10/><D119/><U129/><E129/><V80/><F87/><W5/><G5/><T132/><D116/><U43/><E43/><AGARI ba="0,0" hai="1,3,9,15,16,43,45,51,73,74,75" m="42570" machi="43" ten="40,3900,0" yaku="10,1,54,1" doraHai="77" who="3" fromWho="1" sc="176,0,332,-39,213,0,279,39" owari="176,-32.0,293,9.0,213,-19.0,318,42.0" /></mjloggm>