<mjloggm ver="2.3"><GO type="169" lobby="0"/><UN n0="%E3%82%82%E3%82%84%E3%81%97%E3%82%82%E3%82%93" n1="%E3%81%90%E3%81%BF%E3%82%83%E3%81%99" n2="%E3%81%8F%E3%81%95%E3%81%8F%E3%81%AA%E3%81%84%E3%81%8A" n3="%E3%82%A6%E3%83%AB%E3%83%88%E3%83%A9%E7%AB%8B%E7%9B%B4" dan="16,16,17,18" rate="2197.60,2105.80,2183.05,2214.08" sx="F,M,M,M"/><TAIKYOKU oya="0"/><INIT seed="0,0,0,0,3,111" ten="250,250,250,250" oya="0" hai0="102,62,59,91,31,41,37,2,130,35,36,78,100" hai1="19,92,20,51,30,96,121,129,57,127,66,85,43" hai2="26,47,82,73,126,88,134,27,34,0,8,16,22" hai3="24,65,53,93,74,38,45,39,124,64,40,95,132"/><T114/><D2/><U23/><E121/><V128/><F128/><W81/><G124/><T75/><D130/><U12/><E129/><V21/><F126/><W7/><G132/><T94/><D35/><U60/><E127/><V17/><F134/><W112/><G24/><T32/><D32/><U101/><E85/><V110/><F110/><W71/><G53/><T118/><D31/><U97/><E97/><V108/><F108/><W77/><G39/><T61/><D118/><U119/><E119/><V54/><F34/><W25/><G25/><T103/><D78/><U133/><E133/><V69/><F69/><W15/><G112/><T13/><D75/><U76/><E76/><V1/><F8/><W33/><G33/><T67/><D41/><U55/><E43/><V11/><F11/><W49/><G49/><T68/><D13/><U107/><E107/><V56/><F47/><W115/><G115/><T5/><D5/><U80/><E80/><V50/><F73/><W46/><G46/><T10/><D10/><N who="1" m="6551" /><E30/><V58/><F56/><AGARI ba="0,0" hai="20,23,51,55,56,57,60,66,92,96,101" m="6551" machi="56" ten="30,1000,0" yaku="8,1" doraHai="111" who="1" fromWho="2" sc="250,0,250,10,250,-10,250,0" /><INIT seed="1,0,0,2,4,14" ten="250,260,240,250" oya="1" hai0="30,16,128,108,123,121,39,11,29,2,0,80,103" hai1="134,6,12,74,96,102,33,90,119,95,125,1,86" hai2="64,44,120,87,132,83,43,38,40,60,97,68,99" hai3="116,88,118,7,51,72,89,133,32,112,15,8,56"/><U94/><E119/><N who="3" m="45610" /><G112/><T54/><D39/><U70/><E74/><V9/><F120/><N who="0" m="46154" /><D108/><U22/><E33/><V92/><F132/><W48/><G133/><T127/><D128/><U111/><E134/><V55/><F43/><W114/><G114/><T62/><D127/><U37/><E70/><V49/><F92/><W135/><G135/><T13/><D103/><U73/><E73/><V130/><F130/><W100/><G72/><T76/><D62/><U82/><E37/><V50/><F9/><W63/><G100/><T107/><D54/><U35/><E35/><V78/><REACH who="2" step="1"/><F50/><REACH who="2" ten="250,260,230,250" step="2"/><N who="3" m="18987" /><G32/><T115/><D115/><U47/><E94/><V5/><F5/><W58/><G58/><AGARI ba="0,1" hai="38,40,44,49,55,58,60,64,68,78,83,87,97,99" machi="58" ten="30,7700,0" yaku="1,1,7,1,24,2,53,0" doraHai="14" doraHaiUra="101" who="2" fromWho="3" sc="250,0,260,0,230,87,250,-77" /><INIT seed="2,0,0,1,5,85" ten="250,260,317,173" oya="2" hai0="120,58,29,42,71,87,74,36,35,45,60,113,95" hai1="1,99,132,62,91,133,14,68,90,10,27,119,34" hai2="70,26,12,112,104,28,80,107,134,109,100,15,77" hai3="37,41,130,46,117,47,20,110,128,4,131,105,75"/><V25/><F112/><W126/><G105/><T56/><D113/><U23/><E1/><V67/><F134/><N who="1" m="51817" /><E34/><N who="2" m="20751" /><F26/><W5/><G117/><T11/><D74/><U102/><E62/><N who="2" m="40311" /><F107/><W0/><G75/><T82/><D120/><U30/><E68/><V108/><F12/><W64/><G126/><T7/><D95/><N who="1" m="58751" /><E119/><V2/><F15/><W88/><G64/><T76/><D71/><U55/><E55/><V84/><F2/><W123/><G123/><T101/><D101/><U72/><E72/><V32/><F32/><W93/><G0/><T122/><D122/><U54/><E54/><V13/><F13/><W83/><G20/><T59/><D35/><U51/><E51/><V78/><F77/><W33/><G33/><T73/><D29/><U52/><E52/><V31/><F31/><W16/><G47/><T127/><D127/><U63/><E63/><V129/><F129/><W44/><G44/><T53/><D73/><U125/><E125/><V18/><F18/><AGARI ba="0,0" hai="10,14,18,23,27,30,90,91" m="58751,51817" machi="18" ten="30,3900,0" yaku="20,1,52,2" doraHai="85" who="1" fromWho="2" sc="250,0,260,39,317,-39,173,0" /><INIT seed="3,0,0,0,1,95" ten="250,299,278,173" oya="3" hai0="121,37,15,49,38,98,65,1,118,44,128,14,61" hai1="117,94,67,69,31,6,2,47,3,132,83,101,16" hai2="100,92,113,60,41,102,8,106,119,4,36,105,52" hai3="133,27,116,54,84,129,18,35,81,34,9,88,12"/><W86/><G116/><T56/><D121/><U5/><E31/><V43/><F119/><W46/><G129/><T59/><D118/><U30/><E30/><V90/><F113/><W13/><G133/><T74/><D128/><U80/><E47/><V124/><F124/><W32/><G13/><T0/><D74/><U111/><E69/><V11/><F106/><W10/><G10/><N who="2" m="3625" /><F105/><W103/><G103/><N who="2" m="39465" /><F36/><W72/><G72/><T127/><D127/><U131/><E3/><V134/><F4/><W62/><G86/><T126/><D126/><U125/><E6/><V17/><F17/><W73/><G73/><T42/><D37/><U135/><E16/><V108/><F108/><W26/><REACH who="3" step="1"/><G62/><REACH who="3" ten="250,299,278,163" step="2"/><T130/><D130/><U70/><E131/><V66/><F134/><W85/><G85/><T58/><D0/><U104/><E117/><V24/><F24/><W21/><G21/><T39/><D1/><U71/><E125/><V75/><F75/><W89/><G89/><T99/><D14/><U45/><E135/><V97/><F66/><W78/><G78/><T96/><D15/><U115/><E132/><V48/><F60/><W63/><G63/><T64/><D65/><U22/><E67/><V7/><F7/><W112/><G112/><T29/><D64/><U20/><E115/><V114/><F114/><W51/><AGARI ba="0,1" hai="9,12,18,26,27,32,34,35,46,51,54,81,84,88" machi="51" ten="40,18000,2" yaku="1,1,0,1,25,2,54,1,53,1" doraHai="95" doraHaiUra="79" who="3" fromWho="3" sc="250,-60,299,-60,278,-60,163,190" /><INIT seed="3,1,0,3,3,122" ten="190,239,218,353" oya="3" hai0="28,112,54,55,43,118,92,78,40,68,19,30,96" hai1="93,135,109,48,126,108,38,71,107,36,31,63,81" hai2="15,120,35,115,74,101,129,45,22,23,18,104,67" hai3="60,47,56,124,75,100,39,62,133,41,9,32,66"/><W33/><G75/><T50/><D118/><U119/><E107/><V4/><F35/><W42/><G124/><T20/><D68/><U3/><E3/><V90/><F115/><W83/><G133/><T89/><D78/><U72/><E31/><N who="0" m="11817" /><D112/><U49/><E93/><V128/><F74/><W70/><G100/><T25/><D54/><U26/><E26/><V0/><F67/><W99/><G42/><T64/><D64/><N who="1" m="41375" /><E81/><V116/><F116/><W103/><G83/><T106/><D106/><U98/><E98/><N who="2" m="61495" /><F120/><W113/><G113/><T91/><D89/><U8/><E8/><N who="2" m="2055" /><F45/><AGARI ba="1,0" hai="19,20,25,40,43,45,50,55,91,92,96" m="11817" machi="45" ten="30,1000,0" yaku="8,1" doraHai="122" who="0" fromWho="2" sc="190,13,239,0,218,-13,353,0" /><INIT seed="4,0,0,3,4,129" ten="203,239,205,353" oya="0" hai0="79,125,115,3,23,131,68,12,94,69,34,100,108" hai1="127,77,10,88,80,86,71,5,54,95,87,76,118" hai2="99,92,126,67,33,82,62,31,56,133,1,103,104" hai3="101,52,22,113,50,25,75,47,97,72,32,106,122"/><T107/><D131/><U81/><E118/><V49/><F1/><W55/><G32/><T78/><D34/><U13/><E127/><V89/><F126/><W16/><G113/><T135/><D125/><U8/><E71/><V121/><F121/><W42/><G122/><T51/><D3/><U6/><E54/><V105/><F133/><W15/><G55/><T64/><D107/><U123/><E123/><V36/><F36/><W39/><G25/><T116/><D116/><U14/><E95/><V17/><F17/><W7/><G7/><T58/><D115/><U96/><E96/><V0/><F0/><W110/><G110/><T20/><D108/><U19/><E19/><V66/><F66/><W134/><G134/><T4/><D135/><U11/><E11/><V38/><F38/><W117/><G117/><T91/><D100/><U124/><E124/><V84/><REACH who="2" step="1"/><F49/><REACH who="2" ten="203,239,195,353" step="2"/><W65/><G65/><T132/><D132/><U48/><E48/><V9/><F9/><W53/><G53/><N who="0" m="32063" /><D64/><U114/><E114/><V27/><AGARI ba="0,1" hai="27,31,33,56,62,67,82,84,89,92,99,103,104,105" machi="27" ten="30,4000,0" yaku="1,1,0,1,53,1" doraHai="129" doraHaiUra="60" who="2" fromWho="2" sc="203,-20,239,-10,195,50,353,-10" /><INIT seed="5,0,0,3,0,132" ten="183,229,245,343" oya="1" hai0="65,57,95,117,76,120,110,81,39,87,10,61,63" hai1="30,60,101,86,38,47,109,18,29,50,118,66,54" hai2="82,123,78,20,96,97,72,0,12,105,28,94,102" hai3="5,74,135,127,116,3,45,4,89,112,98,73,71"/><U26/><E118/><V6/><F123/><W62/><G45/><T46/><D117/><U77/><E109/><V84/><F0/><W13/><G3/><T64/><D110/><U48/><E101/><V90/><F6/><W75/><G116/><T58/><D120/><U93/><E38/><V70/><F70/><W1/><G1/><T92/><REACH who="0" step="1"/><D10/><REACH who="0" ten="173,229,245,343" step="2"/><U43/><E30/><V9/><F9/><W17/><G135/><T67/><D67/><U122/><E122/><V21/><F28/><W37/><G75/><T14/><D14/><U7/><E29/><V49/><F12/><W130/><G73/><T69/><D69/><U100/><E66/><V55/><REACH who="2" step="1"/><F97/><REACH who="2" ten="173,229,235,343" step="2"/><W8/><G98/><T32/><D32/><U121/><E121/><V106/><F106/><W35/><G13/><T41/><AGARI ba="0,2" hai="39,41,46,57,58,61,63,64,65,76,81,87,92,95" machi="41" ten="30,4000,0" yaku="1,1,0,1,9,1,53,0" doraHai="132" doraHaiUra="31" who="0" fromWho="0" sc="173,60,229,-20,235,-10,343,-10" /><INIT seed="6,0,0,5,5,111" ten="233,209,225,333" oya="2" hai0="15,119,116,21,36,85,26,76,94,14,42,118,56" hai1="38,100,4,37,5,70,63,31,45,7,25,55,9" hai2="130,106,32,120,112,12,91,61,110,17,84,88,123" hai3="74,64,6,1,79,114,127,87,86,95,53,19,8"/><V131/><F32/><W52/><G64/><T93/><D56/><U57/><E100/><V29/><F29/><W46/><G127/><T96/><D42/><U3/><E70/><V122/><F106/><W105/><G105/><T117/><N who="0" m="29696" /><DORA hai="121" /><T80/><D36/><U134/><E134/><V78/><F61/><W126/><G95/><N who="0" m="36363" /><D96/><U82/><E38/><V65/><F65/><W41/><G19/><AGARI ba="0,0" hai="14,15,19,21,26,76,80,85" m="36363,29696" machi="19" ten="60,2000,0" yaku="12,1" doraHai="111,121" who="0" fromWho="3" sc="233,20,209,0,225,0,333,-20" /><INIT seed="7,0,0,3,2,111" ten="253,209,225,313" oya="3" hai0="121,65,8,133,74,40,86,30,110,77,94,31,3" hai1="64,125,63,66,44,78,107,55,42,34,114,39,105" hai2="25,135,16,2,96,127,7,104,100,47,128,52,70" hai3="71,20,22,101,106,41,5,98,115,60,43,37,118"/><W62/><G115/><T95/><D110/><U6/><E34/><V92/><F70/><W69/><G5/><T130/><D121/><U68/><E125/><V56/><F127/><W87/><G87/><T81/><D130/><U29/><E29/><V131/><F135/><W21/><G118/><T117/><D133/><U1/><E66/><V88/><F47/><W18/><G18/><T93/><D65/><U15/><E114/><V28/><F7/><W79/><G79/><T13/><D3/><U103/><E103/><V36/><F36/><W102/><G21/><T75/><D117/><U38/><E38/><V97/><F2/><W59/><G98/><T45/><D74/><U89/><E1/><V26/><F28/><W76/><G76/><T33/><D75/><U54/><E78/><V134/><F134/><W32/><G37/><T11/><D11/><U67/><E67/><V91/><F91/><W113/><G113/><T116/><D33/><U17/><E6/><V126/><F126/><W85/><G85/><T108/><D108/><U72/><E72/><V12/><F12/><W99/><G99/><T132/><D116/><U123/><E123/><V46/><F46/><W48/><G32/><T58/><D132/><U112/><E112/><V19/><F19/><W90/><G90/><T50/><D58/><U80/><E80/><V0/><F0/><W82/><G82/><T129/><D129/><N who="2" m="49738" /><F16/><AGARI ba="0,0" hai="8,13,16,30,31,40,45,50,77,81,86,93,94,95" machi="16" ten="40,2600,0" yaku="8,1,54,1" doraHai="111" who="0" fromWho="2" sc="253,26,209,0,225,-26,313,0" owari="279,8.0,209,-19.0,199,-30.0,313,41.0" /></mjloggm>