<mjloggm ver="2.3"><GO type="169" lobby="0"/><UN n0="%E5%8C%97%E7%99%BD%E5%B7%9D%E3%81%82%E3%82%93%E3%81%93" n1="%E3%83%9F%E3%82%B9%E3%83%86%E3%82%A3%E3%82%B3" n2="%E3%82%A6%E3%83%AB%E3%83%88%E3%83%A9%E7%AB%8B%E7%9B%B4" n3="%E7%B4%94%EF%BC%93%E9%BE%8D%E9%96%80" dan="16,16,16,17" rate="2151.97,2083.47,2158.61,2135.29" sx="F,M,M,F"/><TAIKYOKU oya="0"/><INIT seed="0,0,0,5,1,72" ten="250,250,250,250" oya="0" hai0="122,68,134,29,91,133,135,125,13,128,96,113,53" hai1="118,46,87,69,17,107,84,11,88,47,65,76,19" hai2="56,101,41,30,106,75,14,90,38,105,111,3,7" hai3="99,131,102,54,26,110,100,73,59,60,77,71,45"/><T25/><D113/><U58/><E118/><V98/><F14/><W24/><G110/><T22/><D122/><U126/><E69/><V18/><F18/><W130/><G71/><T61/><D125/><U63/><E107/><N who="2" m="63927" /><F56/><W64/><G45/><N who="1" m="16906" /><E126/><V92/><F30/><W89/><G89/><T95/><D13/><U8/><E11/><V123/><F7/><W12/><G12/><T83/><D128/><N who="3" m="49193" /><G64/><T67/><D53/><U0/><E8/><V129/><F41/><W66/><G66/><T9/><D9/><U62/><E62/><V119/><F38/><W114/><G114/><T80/><AGARI ba="0,0" hai="22,25,29,61,67,68,80,83,91,95,96,133,134,135" machi="80" ten="40,3900,0" yaku="0,1,20,1" doraHai="72" who="0" fromWho="0" sc="250,39,250,-13,250,-13,250,-13" /><INIT seed="0,1,0,0,4,108" ten="289,237,237,237" oya="0" hai0="28,134,52,95,94,17,116,91,59,2,99,78,49" hai1="43,38,30,42,106,128,21,14,89,101,114,20,7" hai2="34,102,79,64,75,26,36,83,0,124,9,90,130" hai3="120,133,57,35,131,98,8,46,31,121,10,111,84"/><T37/><D37/><U86/><E128/><V112/><F130/><W55/><G131/><T117/><D2/><U100/><E106/><V92/><F124/><W69/><G69/><T4/><D4/><U88/><E38/><V11/><F64/><W48/><G111/><T32/><D78/><U113/><E30/><N who="2" m="19799" /><F11/><W61/><G133/><T72/><D72/><U76/><E76/><V129/><F129/><W66/><G84/><T73/><D73/><U16/><E7/><N who="2" m="1255" /><F90/><W29/><G29/><T122/><D122/><N who="3" m="47209" /><G98/><T109/><D109/><U119/><E86/><V67/><F92/><W85/><G85/><T40/><D134/><U81/><E14/><V45/><F67/><W80/><G80/><T125/><D125/><U65/><E65/><V1/><F102/><W104/><G104/><T25/><D95/><U71/><E81/><V135/><F135/><W53/><G66/><T105/><D105/><U27/><E27/><AGARI ba="1,0" hai="8,10,27,31,35,46,48,53,55,57,61" m="47209" machi="27" ten="30,1000,0" yaku="13,1" doraHai="108" who="3" fromWho="1" sc="289,0,237,-13,237,0,237,13" /><INIT seed="1,0,0,5,1,134" ten="289,224,237,250" oya="1" hai0="51,70,2,87,103,110,52,91,33,102,107,37,97" hai1="122,73,61,60,57,0,104,24,50,80,22,46,101" hai2="66,30,69,124,83,25,95,42,63,36,28,43,29" hai3="53,119,19,92,98,20,93,133,39,41,67,32,14"/><U45/><E122/><V74/><F36/><W85/><G133/><T79/><D37/><U1/><E104/><V89/><F25/><W100/><G32/><T26/><D79/><U115/><E101/><V35/><F35/><W3/><G3/><T113/><D113/><U111/><E115/><V114/><F114/><W23/><G119/><T76/><D76/><U4/><E4/><V120/><F120/><W59/><G67/><T90/><D70/><U48/><E73/><V10/><F74/><W8/><G41/><T6/><D103/><U68/><E80/><V125/><F10/><W18/><G39/><T88/><D110/><U116/><E116/><V40/><REACH who="2" step="1"/><F83/><REACH who="2" ten="289,224,227,250" step="2"/><W123/><G123/><T118/><D118/><U12/><E24/><V49/><F49/><W9/><G9/><T127/><D26/><U34/><E34/><V54/><F54/><W65/><G8/><T131/><D33/><U135/><E135/><V71/><F71/><W58/><G53/><T128/><D51/><U96/><E68/><V31/><N who="2" m="7168" /><DORA hai="38" /><V108/><F108/><W84/><G65/><T112/><D52/><U27/><E27/><V129/><F129/><W72/><G72/><T21/><D112/><U11/><E111/><V7/><F7/><W99/><G23/><T44/><D6/><U126/><E22/><V47/><F47/><W62/><G20/><T13/><D44/><U17/><E50/><V132/><F132/><W94/><G19/><T78/><D21/><U109/><E45/><V16/><F16/><W5/><G18/><T130/><D130/><U55/><E17/><RYUUKYOKU ba="0,1" sc="289,-10,224,-10,227,30,250,-10" hai2="40,42,43,63,66,69,89,95,124,125" /><INIT seed="2,1,1,0,5,58" ten="279,214,257,240" oya="2" hai0="61,7,114,120,84,17,65,125,131,59,40,37,0" hai1="134,103,38,81,46,69,115,47,111,122,32,98,133" hai2="34,62,2,76,39,53,5,88,95,31,72,77,94" hai3="127,79,130,66,3,71,22,87,80,118,43,24,42"/><V85/><F39/><W50/><G3/><T55/><D120/><U57/><E32/><V36/><F36/><W30/><G118/><T90/><D114/><U14/><E115/><V116/><F116/><W104/><G104/><T119/><D119/><U26/><E69/><V18/><F72/><W11/><G130/><T13/><D131/><U112/><E112/><V63/><F5/><W128/><G128/><T100/><D100/><U105/><E122/><V124/><F2/><W20/><G127/><T82/><D125/><U102/><E102/><V129/><F129/><W96/><G11/><T35/><D35/><U68/><E68/><V117/><F31/><W73/><G73/><T21/><D55/><U29/><E38/><V106/><F34/><W9/><G9/><T97/><D97/><U113/><E113/><V23/><F106/><W67/><G96/><T83/><D7/><U60/><E14/><N who="2" m="9687" /><F117/><W101/><G101/><T56/><D0/><U74/><E29/><V70/><F70/><W99/><G99/><T8/><D37/><U25/><E105/><V19/><F124/><W93/><G71/><T41/><D8/><U44/><E74/><V1/><F1/><W86/><G20/><T16/><D21/><U132/><E132/><V78/><F19/><W49/><G43/><T6/><D40/><U54/><E134/><V75/><F75/><W15/><G42/><T28/><D41/><U33/><E33/><V109/><F109/><W126/><G126/><T51/><D28/><U108/><E133/><V89/><F53/><W10/><G30/><T12/><D17/><RYUUKYOKU ba="1,1" sc="279,-10,214,-10,257,30,240,-10" hai2="62,63,76,77,78,85,88,89,94,95" /><INIT seed="2,2,1,2,2,10" ten="269,204,287,230" oya="2" hai0="51,126,23,71,100,123,101,116,28,50,46,6,65" hai1="64,49,113,85,24,34,63,15,43,58,68,132,117" hai2="99,72,14,11,39,40,90,9,82,127,87,53,41" hai3="31,103,118,125,27,94,119,69,135,79,96,66,70"/><V91/><F72/><W47/><G125/><T77/><D123/><U20/><E117/><V76/><F127/><W122/><G122/><T4/><D116/><U59/><E113/><V7/><F53/><W130/><G79/><T8/><D77/><U56/><E34/><V110/><F110/><W112/><G112/><T97/><D126/><U22/><E132/><V13/><F39/><W60/><G135/><T84/><D84/><U114/><E114/><V42/><REACH who="2" step="1"/><F99/><REACH who="2" ten="269,204,277,230" step="2"/><W67/><G119/><T29/><D97/><U73/><E73/><V38/><F38/><W16/><G118/><T26/><D65/><U102/><E64/><V30/><F30/><W44/><G67/><T131/><D29/><U106/><E68/><V17/><AGARI ba="2,2" hai="7,9,11,13,14,17,40,41,42,76,82,87,90,91" machi="17" ten="30,18000,2" yaku="1,1,0,1,8,1,52,2,53,1" doraHai="10" doraHaiUra="3" who="2" fromWho="2" sc="269,-62,204,-62,277,206,230,-62" /><INIT seed="2,3,0,2,4,36" ten="207,142,483,168" oya="2" hai0="56,4,77,62,33,99,57,113,121,22,1,135,59" hai1="129,19,117,54,86,58,8,28,96,37,76,95,47" hai2="27,132,40,94,83,110,131,10,65,26,90,98,30" hai3="11,92,53,73,3,111,81,52,38,14,120,127,31"/><V124/><F131/><W39/><G120/><T25/><D113/><U91/><E117/><V78/><F124/><W80/><G3/><T79/><D121/><U134/><E129/><V24/><F132/><W68/><G68/><T116/><D116/><U51/><E134/><V9/><F110/><W118/><G118/><T109/><D109/><U16/><E28/><V21/><F65/><W101/><G111/><T71/><D33/><U2/><E2/><V108/><F108/><W48/><G31/><T119/><D119/><U7/><E7/><V42/><F9/><W29/><G29/><T49/><D135/><U97/><E8/><V115/><F10/><W69/><G69/><T64/><D4/><U66/><E76/><V72/><REACH who="2" step="1"/><F115/><REACH who="2" ten="207,142,473,168" step="2"/><W60/><G11/><T103/><D1/><U63/><E37/><V125/><F125/><W18/><G39/><T41/><D71/><U130/><E130/><V6/><F6/><W105/><G38/><T85/><D64/><U122/><E122/><V55/><F55/><W0/><G53/><T107/><D62/><U75/><E75/><V126/><F126/><W87/><G60/><T104/><D49/><U5/><E5/><V102/><F102/><W133/><G127/><T32/><D103/><U89/><REACH who="1" step="1"/><E97/><REACH who="1" ten="207,132,473,168" step="2"/><V50/><F50/><W74/><G74/><T35/><D99/><U70/><E70/><V84/><F84/><W114/><G87/><T17/><D85/><U46/><E46/><V112/><F112/><W88/><G73/><T123/><D123/><U23/><E23/><V43/><AGARI ba="3,2" hai="21,24,26,27,30,40,42,43,72,78,83,90,94,98" machi="43" ten="30,12000,1" yaku="1,1,0,1,52,3,53,0" doraHai="36" doraHaiUra="61" who="2" fromWho="2" sc="207,-43,132,-43,473,149,168,-43" /><INIT seed="2,4,0,5,2,60" ten="164,89,622,125" oya="2" hai0="49,129,24,33,23,34,83,101,113,82,55,36,44" hai1="110,20,122,95,10,50,52,93,112,57,78,19,111" hai2="85,104,75,26,68,29,100,2,86,47,90,79,39" hai3="127,131,89,80,46,17,25,27,58,13,120,70,108"/><V5/><F68/><W59/><G70/><T6/><D113/><U103/><E112/><V37/><F86/><N who="3" m="50375" /><G120/><T96/><D129/><U30/><E122/><V22/><F47/><W18/><G131/><T0/><D36/><U134/><E134/><V114/><F114/><W126/><G46/><T41/><D41/><U15/><E78/><V3/><F3/><W54/><G108/><N who="1" m="41514" /><E103/><V88/><F90/><W7/><G7/><T98/><D6/><N who="1" m="3543" /><E30/><V91/><F91/><W128/><G128/><T45/><D0/><U8/><E8/><V124/><F5/><W11/><G18/><T48/><D101/><U123/><E123/><V40/><F40/><W76/><G76/><T66/><D33/><U65/><E65/><V32/><F32/><W121/><G121/><T28/><D66/><U119/><E119/><V9/><F9/><W77/><G77/><T81/><D34/><U87/><E87/><V116/><F2/><W92/><G11/><T67/><D67/><U115/><E115/><V61/><F116/><W118/><G118/><T106/><D106/><U102/><E102/><V21/><F100/><W132/><G132/><T84/><D84/><U105/><E105/><V125/><F104/><W43/><G43/><T94/><D94/><U63/><E63/><V133/><F61/><W35/><G35/><T12/><D28/><U74/><E74/><V130/><F130/><W99/><G92/><T72/><D72/><U51/><E51/><V69/><F133/><W1/><G1/><T71/><D49/><U117/><E117/><V109/><F75/><W53/><G99/><RYUUKYOKU ba="4,0" sc="164,-10,89,30,622,-10,125,-10" hai1="19,20,50,52,57,93,95" /><INIT seed="3,5,0,2,0,58" ten="154,119,612,115" oya="3" hai0="109,104,128,17,68,133,32,94,34,60,63,5,125" hai1="81,52,31,92,42,108,38,87,93,13,76,61,53" hai2="23,6,116,71,10,85,84,79,12,14,122,39,102" hai3="28,88,64,20,15,45,43,50,103,19,126,33,62"/><W54/><G126/><T0/><D94/><U25/><E108/><V131/><F39/><W57/><G103/><T35/><D125/><U78/><E78/><V110/><F71/><W118/><G118/><T41/><D109/><U90/><E38/><V24/><F116/><W105/><G105/><T106/><D17/><U120/><E42/><V73/><F110/><W36/><G33/><T18/><D18/><U37/><E37/><V89/><F131/><W56/><G28/><T75/><D128/><U123/><E13/><V86/><F102/><W111/><REACH who="3" step="1"/><G111/><REACH who="3" ten="154,119,612,105" step="2"/><T27/><D133/><U46/><E123/><V55/><F122/><W8/><G8/><T91/><D104/><U30/><E120/><V2/><F10/><W44/><G44/><T130/><D130/><U70/><E31/><V83/><F23/><W127/><G127/><T98/><D35/><U11/><E11/><V97/><F6/><W101/><G101/><T47/><D32/><U112/><E46/><V67/><F2/><W115/><G115/><T65/><D5/><U3/><E112/><V16/><F16/><W4/><G4/><T49/><D0/><U121/><E121/><V80/><F14/><W1/><G1/><T59/><D106/><U82/><E3/><V26/><F12/><W134/><G134/><T77/><D34/><U74/><E30/><V48/><F26/><W119/><G119/><T40/><D27/><U100/><E25/><V95/><F24/><W51/><G51/><T96/><D49/><U107/><E100/><V21/><F48/><W124/><G124/><T7/><D47/><RYUUKYOKU ba="5,1" sc="154,-10,119,-10,612,-10,105,30" hai3="15,19,20,36,43,45,50,54,56,57,62,64,88" /><INIT seed="3,6,1,1,4,81" ten="144,109,602,135" oya="3" hai0="7,34,67,61,39,87,33,45,91,9,35,30,96" hai1="131,1,135,108,107,27,86,104,31,53,20,132,121" hai2="65,49,50,98,74,5,114,106,116,28,109,78,72" hai3="52,102,83,117,82,123,99,97,43,56,40,66,119"/><W129/><G123/><T41/><D96/><N who="3" m="36937" /><G119/><T0/><D30/><U95/><E121/><V54/><F116/><W68/><G117/><T4/><D4/><U124/><E1/><V2/><F74/><W13/><G68/><T38/><D38/><U110/><E53/><V122/><F72/><W101/><G66/><T10/><D10/><U105/><E131/><V80/><F54/><W100/><G129/><T8/><D8/><U12/><E124/><V55/><F55/><W115/><G115/><T90/><REACH who="0" step="1"/><D87/><REACH who="0" ten="134,109,602,135" step="2"/><U32/><E32/><V48/><F98/><W77/><G100/><T103/><D103/><U16/><E31/><V88/><F122/><W60/><G101/><T6/><D6/><U64/><E64/><V24/><F65/><W75/><G102/><T22/><D22/><U130/><E130/><V94/><F114/><W25/><G75/><T92/><D92/><U37/><E37/><V128/><F94/><W85/><G83/><T73/><D73/><U84/><E95/><V14/><F80/><W76/><G82/><T134/><D134/><N who="1" m="51243" /><E27/><V15/><F128/><W44/><G25/><T58/><AGARI ba="6,2" hai="0,7,9,33,34,35,39,41,45,58,61,67,90,91" machi="58" ten="30,2000,0" yaku="1,1,0,1,53,0" doraHai="81" doraHaiUra="23" who="0" fromWho="0" sc="134,58,109,-11,602,-11,135,-16" /><INIT seed="4,0,0,1,0,102" ten="192,98,591,119" oya="0" hai0="75,129,32,92,133,20,47,19,60,5,113,94,62" hai1="70,28,107,59,103,58,80,43,4,51,53,120,52" hai2="96,124,127,95,21,65,132,54,35,23,3,74,99" hai3="49,6,84,117,108,100,122,25,69,106,27,76,81"/><T73/><D32/><U48/><E120/><V17/><F35/><W134/><G108/><T0/><D133/><U126/><E126/><V90/><F3/><W42/><G117/><T79/><D129/><U68/><E4/><V83/><F65/><W115/><G69/><T44/><D0/><U63/><E28/><V72/><F132/><W71/><G71/><T98/><D5/><U57/><E80/><V88/><F54/><W128/><G134/><T31/><D31/><U97/><E43/><V45/><F45/><W85/><G128/><T22/><D19/><U61/><E61/><V39/><F39/><W135/><G135/><T77/><REACH who="0" step="1"/><D98/><REACH who="0" ten="182,98,591,119" step="2"/><U16/><REACH who="1" step="1"/><E16/><REACH who="1" ten="182,88,591,119" step="2"/><V89/><F17/><W123/><G6/><T130/><D130/><U87/><E87/><V91/><F124/><W46/><G85/><T24/><D24/><U29/><E29/><V13/><F127/><W30/><G25/><T131/><D131/><U119/><E119/><V110/><F99/><N who="3" m="61727" /><G27/><T121/><D121/><N who="3" m="46089" /><G30/><T116/><D116/><U114/><E114/><AGARI ba="0,2" hai="42,46,49,76,81,84,114,115" m="46089,61727" machi="114" ten="30,2000,0" yaku="13,1,52,1" doraHai="102" who="3" fromWho="1" sc="182,0,88,-20,591,0,119,40" /><AGARI ba="0,0" hai="20,22,44,47,60,62,73,75,77,79,92,94,113,114" machi="114" ten="25,12000,1" yaku="1,1,22,2,53,2" doraHai="102" doraHaiUra="111" who="0" fromWho="1" sc="182,120,68,-120,591,0,159,0" owari="302,10.0,-52,-55.0,591,69.0,159,-24.0" /></mjloggm>