<mjloggm ver="2.3"><GO type="169" lobby="0"/><UN n0="%E3%82%A6%E3%83%AB%E3%83%88%E3%83%A9%E7%AB%8B%E7%9B%B4" n1="%73%69%6E%73%69%73%74" n2="%61%72%61%66%61%69" n3="%E9%9C%9E%E3%83%B6%E4%B8%98%E8%A9%A9%E9%9B%A8" dan="17,18,16,16" rate="2167.58,2273.00,2087.55,2161.29" sx="M,M,M,F"/><TAIKYOKU oya="0"/><INIT seed="0,0,0,3,2,127" ten="250,250,250,250" oya="0" hai0="32,15,79,52,9,31,24,105,87,109,131,2,97" hai1="80,125,121,41,27,119,82,123,45,71,0,102,12" hai2="39,72,46,44,35,104,54,21,100,75,68,81,22" hai3="98,89,42,126,38,129,92,84,56,25,118,65,6"/><T5/><D109/><U128/><E119/><V113/><F68/><W50/><G118/><T36/><D36/><U3/><E125/><V33/><F100/><W60/><G126/><T96/><D105/><U23/><E71/><V94/><F94/><W111/><G111/><T85/><D131/><U63/><E102/><V7/><F7/><W106/><G6/><T29/><D29/><U67/><E12/><V124/><F81/><W16/><G38/><T134/><D134/><U132/><E132/><V110/><F54/><W18/><G129/><T64/><D64/><U69/><E128/><V115/><F39/><W122/><G122/><T17/><D52/><U1/><E82/><V99/><F99/><W103/><G25/><T48/><D48/><U55/><E80/><V20/><F20/><W73/><G73/><T61/><D61/><U76/><E76/><V120/><F124/><W74/><G74/><T93/><D79/><U95/><E95/><V40/><F40/><W90/><G90/><T114/><D114/><U30/><REACH who="1" step="1"/><E55/><REACH who="1" ten="250,240,250,250" step="2"/><V77/><F77/><W107/><G107/><T14/><D14/><U51/><AGARI ba="0,1" hai="0,1,3,23,27,30,41,45,51,63,67,69,121,123" machi="51" ten="30,4000,0" yaku="1,1,2,1,0,1,53,0" doraHai="127" doraHaiUra="70" who="1" fromWho="1" sc="250,-20,240,50,250,-10,250,-10" /><INIT seed="1,0,0,2,3,8" ten="230,290,240,240" oya="1" hai0="65,123,21,18,34,72,11,38,37,131,31,29,57" hai1="107,125,54,119,6,110,83,126,96,102,99,9,132" hai2="20,88,90,129,100,16,89,94,25,61,108,121,28" hai3="98,97,135,60,70,113,12,64,103,91,59,117,22"/><U106/><E119/><V105/><F121/><W50/><G113/><T63/><D72/><U45/><E132/><V14/><F108/><W104/><G135/><T81/><D34/><U76/><E54/><V66/><F105/><W112/><G112/><T111/><D111/><U62/><E62/><V46/><F46/><W85/><G117/><T80/><D123/><U118/><E45/><V40/><F40/><W41/><G98/><T51/><D131/><U24/><E24/><V75/><F75/><W79/><G79/><T116/><D116/><U19/><E110/><V71/><F129/><W53/><G41/><T77/><D11/><U58/><E58/><V86/><REACH who="2" step="1"/><F100/><REACH who="2" ten="230,290,230,240" step="2"/><W32/><G103/><T134/><D134/><U84/><E107/><V56/><F56/><W30/><G104/><T67/><D38/><U0/><E118/><V73/><F73/><W2/><G70/><T44/><D37/><U4/><E106/><V130/><F130/><W133/><G133/><T3/><D44/><U27/><E102/><V68/><F68/><W93/><G59/><T5/><D57/><U49/><E125/><V87/><F87/><W39/><G85/><N who="0" m="48271" /><D51/><U69/><E126/><V120/><F120/><W48/><G39/><T101/><D101/><U92/><E69/><V82/><F82/><W10/><G48/><T1/><D81/><U33/><E49/><V47/><F47/><W15/><G50/><T55/><D55/><U122/><E122/><V35/><AGARI ba="0,1" hai="14,16,20,25,28,35,61,66,71,86,88,89,90,94" machi="35" ten="20,12000,2" yaku="1,1,0,1,7,1,52,1,54,2,53,0" doraHai="8" doraHaiUra="127" who="2" fromWho="2" sc="230,-30,290,-60,230,130,240,-30" /><INIT seed="2,0,0,2,3,37" ten="200,230,360,210" oya="2" hai0="106,73,34,115,44,41,82,14,38,47,32,128,117" hai1="102,96,49,121,6,18,109,126,27,69,25,110,2" hai2="60,42,46,30,70,113,135,65,20,122,39,23,119" hai3="75,83,116,31,133,56,68,72,114,26,7,61,87"/><V124/><F119/><W132/><G116/><T4/><D117/><U84/><E126/><V45/><F122/><W66/><G114/><T58/><D115/><U120/><E69/><V100/><F113/><W101/><G101/><T35/><D106/><U111/><E84/><V15/><F135/><N who="3" m="51787" /><G7/><T53/><D128/><U9/><E49/><V74/><F74/><W16/><G56/><T103/><D103/><U51/><E51/><V125/><F100/><W29/><G29/><T64/><D64/><U76/><E76/><V55/><F30/><W19/><G72/><T129/><D47/><U36/><E36/><V130/><F130/><W71/><G75/><T77/><D129/><U50/><E50/><N who="2" m="29143" /><F15/><W134/><G71/><T88/><D88/><U90/><E90/><V108/><F20/><N who="3" m="15815" /><G134/><T80/><D80/><U67/><E67/><V99/><F23/><W57/><G68/><T11/><REACH who="0" step="1"/><D35/><REACH who="0" ten="190,230,360,210" step="2"/><U33/><E33/><V89/><F89/><AGARI ba="0,1" hai="16,19,57,61,66,83,87,89" m="15815,51787" machi="89" ten="30,2000,0" yaku="20,1,54,1" doraHai="37" who="3" fromWho="2" sc="190,0,230,0,360,-20,210,30" /><INIT seed="3,0,0,2,0,72" ten="190,230,340,240" oya="3" hai0="84,18,25,42,117,78,40,48,124,74,44,104,9" hai1="54,116,80,39,49,66,64,34,3,12,127,22,37" hai2="113,45,71,8,11,55,133,105,121,97,27,7,125" hai3="85,130,87,17,1,122,88,128,13,56,10,91,109"/><W53/><G122/><T6/><D104/><U98/><E34/><V112/><F71/><W114/><G114/><T73/><D117/><U81/><E3/><V24/><F45/><W129/><G1/><T68/><D68/><U126/><E98/><V32/><F55/><W90/><REACH who="3" step="1"/><G109/><REACH who="3" ten="190,230,340,230" step="2"/><T65/><D124/><U2/><E2/><V70/><F125/><W69/><G69/><T51/><D74/><U76/><E126/><V33/><F70/><W79/><G79/><T96/><D73/><U47/><E76/><V16/><F113/><W0/><G0/><T15/><D78/><U93/><E127/><V20/><F121/><W21/><G21/><T46/><D84/><U31/><E22/><V95/><F33/><W62/><AGARI ba="0,1" hai="10,13,17,53,56,62,85,87,88,90,91,128,129,130" machi="62" ten="40,12000,1" yaku="1,1,0,1,19,1,54,1,53,0" doraHai="72" doraHaiUra="43" who="3" fromWho="3" sc="190,-40,230,-40,340,-40,230,130" /><INIT seed="3,1,0,0,1,39" ten="150,190,300,360" oya="3" hai0="100,71,60,109,116,113,66,67,74,95,10,134,111" hai1="76,83,32,73,118,98,37,31,125,54,59,86,108" hai2="30,56,47,28,94,23,128,57,42,78,84,61,127" hai3="107,124,130,105,106,1,0,79,64,52,19,132,50"/><W53/><G124/><T120/><D100/><U69/><E125/><V90/><F128/><W123/><G123/><T85/><D95/><U27/><E108/><N who="0" m="41545" /><D85/><U20/><E118/><V89/><F78/><W114/><G130/><T45/><D10/><U55/><E69/><V46/><F46/><W117/><G114/><T75/><D75/><U24/><E37/><V121/><F56/><W91/><G117/><T21/><D21/><U16/><E98/><V87/><F23/><W126/><G132/><T35/><D74/><U81/><REACH who="1" step="1"/><E59/><REACH who="1" ten="150,180,300,360" step="2"/><V38/><F127/><W110/><G126/><T4/><D116/><U5/><E5/><V122/><F122/><W11/><G110/><T72/><D4/><U58/><E58/><V115/><F121/><W44/><G106/><T104/><D104/><U7/><E7/><V17/><F115/><W12/><G105/><T135/><D113/><U51/><E51/><V22/><F57/><W2/><G107/><T63/><D120/><U62/><E62/><V102/><F61/><W96/><G1/><T8/><D134/><U18/><E18/><V92/><REACH who="2" step="1"/><F102/><REACH who="2" ten="150,180,290,360" step="2"/><W3/><G2/><T65/><D63/><U9/><E9/><V80/><F80/><W15/><G3/><T41/><D8/><U93/><E93/><V6/><F6/><W99/><G0/><T49/><D135/><U25/><E25/><AGARI ba="1,2" hai="17,22,25,28,30,38,42,47,84,87,89,90,92,94" machi="25" ten="30,8000,1" yaku="1,1,7,1,9,1,52,1,53,1" doraHai="39" doraHaiUra="43" who="2" fromWho="1" sc="150,0,180,-83,290,103,360,0" /><INIT seed="4,0,0,3,0,70" ten="150,97,393,360" oya="0" hai0="12,54,84,68,1,38,8,45,101,87,9,126,102" hai1="48,96,78,67,106,113,62,89,55,26,24,64,104" hai2="40,103,85,94,79,122,93,120,134,53,58,108,88" hai3="16,10,128,51,18,36,121,130,100,21,23,35,86"/><T6/><D68/><U11/><E113/><V59/><F108/><W41/><G35/><T82/><D126/><U65/><E78/><V29/><F134/><W75/><G75/><T61/><D87/><U95/><E62/><V83/><F29/><W127/><G127/><T105/><D105/><U42/><E42/><V107/><F40/><W129/><G121/><T33/><D33/><U131/><E131/><V99/><F59/><W63/><G100/><T74/><D74/><U44/><E106/><V114/><F114/><W25/><G10/><T80/><D80/><U39/><E39/><V69/><F69/><W119/><G119/><T52/><D54/><U56/><E104/><V116/><F116/><W22/><G63/><T57/><D45/><U81/><E44/><V13/><F13/><W15/><G86/><T115/><D38/><U28/><E81/><N who="2" m="49199" /><F58/><W4/><G51/><T90/><REACH who="0" step="1"/><D115/><REACH who="0" ten="140,97,393,360" step="2"/><U17/><REACH who="1" step="1"/><E28/><REACH who="1" ten="140,87,393,360" step="2"/><V98/><F107/><W117/><G129/><T132/><D132/><U3/><E3/><V50/><F120/><W19/><G128/><T77/><D77/><U14/><AGARI ba="0,2" hai="11,14,17,24,26,48,55,56,64,65,67,89,95,96" machi="14" ten="30,4000,0" yaku="1,1,0,1,8,1,53,0" doraHai="70" doraHaiUra="109" who="1" fromWho="1" sc="140,-20,87,60,393,-10,360,-10" /><INIT seed="5,0,0,2,5,52" ten="120,147,383,350" oya="1" hai0="36,32,69,18,10,72,42,84,70,127,88,96,62" hai1="3,41,117,113,38,1,27,23,133,134,131,15,11" hai2="33,53,5,135,82,121,100,79,13,55,74,112,59" hai3="122,14,101,132,12,28,83,24,29,129,63,103,126"/><U105/><E105/><V21/><F33/><W111/><G122/><T97/><D72/><U48/><E38/><V128/><F121/><W6/><G111/><T71/><D32/><U35/><E41/><V108/><F108/><W90/><G126/><T87/><D127/><U98/><E98/><V106/><F128/><W26/><G129/><T114/><D114/><U20/><E48/><V78/><F78/><W99/><G132/><N who="1" m="50794" /><E131/><V89/><F112/><W75/><G75/><T124/><D124/><U80/><E80/><V34/><F100/><W22/><G6/><T54/><D42/><U31/><E117/><V7/><F106/><W4/><G4/><T9/><D36/><U125/><E125/><V65/><F5/><W93/><G83/><T67/><D97/><U0/><E113/><V76/><F82/><W50/><G50/><T47/><D96/><U91/><E91/><V43/><F89/><W17/><G63/><T119/><D119/><U104/><E104/><V123/><F43/><W120/><G120/><T19/><D87/><U130/><E130/><V37/><F37/><W118/><G118/><T30/><D88/><U49/><E49/><V44/><F123/><W102/><G29/><T2/><D84/><U40/><E40/><V77/><F74/><W68/><REACH who="3" step="1"/><G68/><REACH who="3" ten="120,147,383,340" step="2"/><T8/><D71/><U107/><E107/><V95/><F135/><W116/><G116/><T73/><D70/><U39/><E39/><V86/><F7/><AGARI ba="0,1" hai="0,1,3,7,11,15,20,23,27,31,35" m="50794" machi="7" ten="40,7700,0" yaku="20,1,34,2" doraHai="52" who="1" fromWho="2" sc="120,0,147,87,383,-77,340,0" /><INIT seed="5,1,0,3,4,10" ten="120,234,306,340" oya="1" hai0="28,85,87,94,32,4,19,33,36,23,63,17,82" hai1="0,123,64,15,121,95,58,117,90,34,135,88,35" hai2="56,37,104,109,41,2,51,119,47,27,113,61,78" hai3="53,20,1,124,72,134,57,11,40,30,68,120,71"/><U112/><E117/><V62/><F2/><W48/><G120/><T77/><D36/><U74/><E0/><V55/><F104/><W118/><G72/><T45/><D4/><U89/><E74/><V81/><F109/><W59/><G118/><T114/><D114/><U7/><E112/><V107/><F107/><W8/><G124/><T132/><D132/><U75/><E75/><V102/><F102/><W43/><G134/><T98/><D32/><U103/><E135/><V86/><F113/><W13/><G1/><T129/><D33/><U52/><E34/><V5/><F5/><W42/><G59/><T60/><D129/><U70/><E70/><V93/><F119/><W105/><G105/><T133/><D133/><U3/><E35/><V12/><F27/><N who="3" m="16743" /><G71/><T79/><D45/><U92/><E3/><V73/><F93/><N who="1" m="35913" /><E103/><V18/><REACH who="2" step="1"/><F73/><REACH who="2" ten="120,234,296,340" step="2"/><W66/><G68/><T50/><D94/><U25/><E121/><V96/><F96/><W125/><G125/><T24/><D98/><U76/><E25/><V65/><F65/><W54/><G66/><T83/><REACH who="0" step="1"/><D50/><REACH who="0" ten="110,234,296,340" step="2"/><U38/><E7/><V46/><F46/><W9/><G48/><T91/><D91/><U131/><E89/><V31/><F31/><W14/><G57/><T29/><D29/><U39/><E88/><V126/><F126/><W130/><G130/><T99/><D99/><U108/><E90/><V22/><AGARI ba="1,2" hai="12,18,22,37,41,47,51,55,56,61,62,78,81,86" machi="22" ten="20,5200,0" yaku="1,1,0,1,7,1,52,1,53,0" doraHai="10" doraHaiUra="128" who="2" fromWho="2" sc="110,-14,234,-27,296,75,340,-14" /><INIT seed="6,0,0,5,3,122" ten="96,207,371,326" oya="2" hai0="95,52,110,133,112,51,58,1,128,12,131,56,113" hai1="71,100,35,27,21,84,0,38,26,80,124,85,87" hai2="40,86,63,2,67,127,49,89,103,8,81,97,18" hai3="76,50,33,59,96,111,36,120,37,3,11,10,23"/><V92/><F127/><W91/><G120/><T118/><D1/><U79/><E124/><V7/><F18/><W46/><G33/><T66/><D12/><U31/><E0/><V129/><F129/><N who="0" m="49738" /><D95/><U115/><E115/><N who="0" m="44105" /><D118/><U57/><E71/><V132/><F132/><W60/><G111/><T88/><D88/><U43/><E100/><V17/><F17/><W117/><G76/><T53/><D133/><U32/><E57/><V123/><F8/><W121/><G121/><T78/><D78/><U104/><E104/><V9/><F9/><W5/><G11/><T24/><D24/><U19/><E32/><V70/><F7/><W69/><G117/><T20/><D20/><U75/><E75/><V54/><F2/><W98/><G23/><T107/><D107/><U90/><E90/><V45/><F123/><W77/><G77/><T29/><D29/><U14/><E27/><V64/><F89/><W61/><G91/><T22/><D22/><U72/><E72/><V34/><F92/><W47/><G96/><T42/><D66/><U116/><E116/><V93/><F64/><N who="3" m="41103" /><G98/><T48/><D42/><U135/><E135/><V102/><F34/><W94/><G94/><T41/><D41/><U25/><E25/><V65/><F103/><W101/><G101/><T62/><D62/><U13/><E13/><V108/><F86/><N who="1" m="33385" /><E43/><V83/><F83/><W30/><G30/><T114/><N who="0" m="44113" /><T4/><DORA hai="130" /><D4/><U39/><E87/><V134/><F81/><W109/><G60/><T44/><D44/><N who="3" m="16937" /><G3/><T99/><D99/><U126/><E80/><V119/><F134/><RYUUKYOKU ba="0,0" sc="96,30,207,-10,371,-10,326,-10" hai0="48,51,52,53,56,58,110" /><INIT seed="7,1,0,1,0,103" ten="126,197,361,316" oya="3" hai0="53,84,126,7,54,121,27,44,62,1,69,3,58" hai1="129,50,130,5,87,65,14,4,105,93,25,92,42" hai2="60,81,90,72,20,104,31,30,9,110,134,28,80" hai3="40,120,73,135,77,63,124,56,41,59,52,22,17"/><W117/><G120/><T99/><D121/><U113/><E105/><V115/><F104/><W82/><G117/><T13/><D69/><U125/><E113/><V108/><F115/><W23/><G124/><T71/><D71/><U26/><E65/><V15/><F20/><W127/><G127/><T107/><D126/><U119/><E125/><V101/><F101/><W89/><G135/><T19/><D27/><N who="1" m="10251" /><E119/><V51/><F60/><W106/><G106/><T8/><D84/><U48/><E14/><V94/><F134/><W112/><G112/><T70/><D70/><U114/><E114/><V79/><F51/><N who="1" m="19497" /><E42/><V133/><F81/><W21/><G89/><T32/><D32/><U102/><E87/><V49/><F49/><W6/><G6/><N who="1" m="2666" /><E102/><V12/><F133/><W61/><REACH who="3" step="1"/><G17/><REACH who="3" ten="126,197,361,306" step="2"/><T10/><D44/><U11/><E129/><V85/><REACH who="2" step="1"/><F15/><REACH who="2" ten="126,197,351,306" step="2"/><W18/><G18/><AGARI ba="1,2" hai="9,12,18,28,30,31,72,79,80,85,90,94,108,110" machi="18" ten="40,2600,0" yaku="1,1,2,1,53,0" doraHai="103" doraHaiUra="96" who="2" fromWho="3" sc="126,0,197,0,351,49,306,-29" owari="126,-37.0,197,-20.0,400,49.0,277,8.0" /></mjloggm>