<mjloggm ver="2.3"><GO type="169" lobby="0"/><UN n0="%E6%AC%A1%E5%85%83%E5%B9%B2%E6%B8%89" n1="%43%2E%43%2E%E3%82%B5%E3%83%90%E3%82%B7%E3%82%A2" n2="%E5%B0%B1%E6%B4%BB%E7%94%9F%40%E5%B7%9D%E6%9D%91%E8%BB%8D%E5%9B%A3" n3="%E3%81%82%E3%81%84%E2%98%86%E3%81%BE%E3%81%84%E2%98%85%E3%81%BF%E3%83%BC" dan="16,16,18,16" rate="2134.08,2077.04,2278.94,2086.13" sx="M,F,M,F"/><TAIKYOKU oya="0"/><INIT seed="0,0,0,0,3,130" ten="250,250,250,250" oya="0" hai0="26,89,44,50,61,132,36,87,99,10,116,63,17" hai1="133,21,69,48,23,79,86,35,125,113,27,24,135" hai2="52,28,82,117,76,80,93,46,62,70,77,122,32" hai3="115,107,90,41,56,110,83,101,109,127,40,30,16"/><T96/><D116/><U73/><E125/><V81/><F122/><W3/><G3/><T103/><D36/><U74/><E69/><V114/><F114/><W75/><G30/><T29/><D99/><U1/><E1/><V84/><F117/><W9/><G115/><T102/><D103/><U85/><E35/><V14/><F70/><W13/><G127/><T54/><D132/><N who="1" m="50763" /><E113/><V59/><F28/><W51/><G107/><T55/><D55/><U94/><E48/><V124/><F32/><W106/><G106/><T91/><D91/><N who="1" m="53615" /><E86/><V118/><F118/><W100/><G101/><T120/><D120/><U47/><E47/><V12/><F46/><W67/><G100/><T60/><D96/><U33/><E33/><V123/><F123/><W131/><G131/><T34/><D102/><U31/><E79/><V78/><F124/><W19/><G90/><AGARI ba="0,0" hai="12,14,52,59,62,76,77,78,80,81,82,84,90,93" machi="90" ten="40,2600,0" yaku="8,1,54,1" doraHai="130" who="2" fromWho="3" sc="250,0,250,0,250,26,250,-26" /><INIT seed="1,0,0,5,3,42" ten="250,250,276,224" oya="1" hai0="116,75,77,60,129,52,125,70,88,135,26,91,104" hai1="4,59,118,33,82,126,48,44,131,95,108,14,54" hai2="67,92,9,127,23,81,90,117,15,76,36,98,8" hai3="7,115,89,100,114,69,12,3,85,17,57,102,103"/><U96/><E118/><V73/><F36/><W64/><G69/><T71/><D104/><U47/><E33/><V27/><F117/><W41/><G3/><T123/><D116/><U97/><E131/><V80/><F127/><W134/><G7/><T18/><D125/><U87/><E126/><V34/><F34/><W99/><G99/><N who="1" m="37962" /><E95/><V124/><F124/><W46/><G134/><T28/><D135/><U40/><E40/><V19/><F67/><W39/><G57/><T30/><D71/><U128/><E128/><V35/><F35/><W110/><G64/><T5/><D123/><U32/><E32/><V109/><F109/><W38/><G39/><T83/><D70/><U10/><E108/><V63/><F63/><W78/><G78/><AGARI ba="0,0" hai="4,10,14,44,47,48,54,59,78,82,87" m="37962" machi="78" ten="30,5800,0" yaku="8,1,52,2" doraHai="42" who="1" fromWho="3" sc="250,0,250,58,276,0,224,-58" /><INIT seed="1,1,0,2,4,49" ten="250,308,276,166" oya="1" hai0="16,104,4,105,89,56,97,35,48,19,96,75,86" hai1="85,65,134,21,90,100,107,103,127,47,24,5,132" hai2="42,133,130,116,34,118,108,64,38,92,135,91,67" hai3="7,87,37,111,26,98,28,52,13,12,74,69,131"/><U125/><E65/><N who="2" m="25163" /><F34/><W78/><G74/><T94/><D35/><U113/><E5/><V9/><F9/><W99/><G37/><T114/><D114/><U6/><E6/><V15/><F15/><W123/><G69/><T80/><D4/><U8/><E8/><V2/><F2/><W73/><G73/><T39/><D39/><U29/><E113/><V20/><F20/><W14/><G123/><T95/><D105/><U43/><E107/><V82/><F82/><W115/><G115/><T83/><D104/><U112/><E112/><V25/><F25/><W68/><G68/><T10/><D10/><U71/><E71/><V31/><F31/><W18/><G18/><N who="0" m="6699" /><D75/><U22/><E22/><V121/><F121/><W45/><G111/><T57/><D57/><U122/><E122/><V110/><F130/><W77/><G131/><T79/><D83/><N who="1" m="49471" /><E103/><V84/><F42/><W36/><G36/><T72/><D72/><U128/><E100/><V32/><F32/><W70/><G70/><T1/><D1/><U27/><E27/><V101/><F101/><W3/><G7/><T61/><D79/><U55/><E43/><V33/><F33/><W41/><G41/><T81/><D81/><U17/><E29/><V117/><F38/><W93/><G3/><T62/><D80/><U30/><E30/><V59/><F59/><W53/><G78/><T58/><D96/><N who="3" m="36905" /><G77/><T106/><D106/><U46/><E128/><V76/><F76/><W11/><G11/><T63/><D97/><U0/><E0/><V119/><F119/><W129/><G129/><T124/><D86/><RYUUKYOKU ba="1,0" sc="250,-10,308,-10,276,30,166,-10" hai2="84,91,92,108,110,116,117,118,133,135" /><INIT seed="2,2,0,5,0,57" ten="240,298,306,156" oya="2" hai0="105,102,78,7,113,109,124,43,85,25,107,8,77" hai1="72,90,117,11,98,86,97,46,74,1,129,27,76" hai2="75,88,65,108,112,9,68,84,51,63,31,104,115" hai3="40,15,120,100,106,55,127,4,6,134,95,33,0"/><V5/><F75/><W123/><G106/><T26/><D113/><U53/><E117/><V92/><F104/><W110/><G33/><T71/><D109/><U49/><E129/><V103/><F103/><W3/><G110/><T29/><D124/><U23/><E72/><V122/><F108/><W114/><G40/><T91/><D26/><U30/><E76/><V121/><F31/><W69/><G69/><T67/><D43/><U20/><E74/><V39/><F39/><W119/><G95/><T44/><D44/><U13/><E20/><V126/><F126/><W45/><G45/><T18/><D18/><U12/><E1/><V94/><F94/><W35/><G100/><T56/><D71/><U80/><REACH who="1" step="1"/><E13/><REACH who="1" ten="240,288,306,156" step="2"/><V118/><F118/><W54/><G15/><T133/><D78/><U37/><E37/><V125/><F125/><W48/><G127/><T66/><D77/><U101/><E101/><V58/><F112/><W59/><G114/><T135/><D105/><U130/><E130/><V36/><F36/><W42/><G35/><T61/><D102/><U16/><AGARI ba="2,1" hai="11,12,16,23,27,30,46,49,53,80,86,90,97,98" machi="16" ten="20,16000,3" yaku="1,1,0,1,7,1,25,2,8,1,54,1,53,1" doraHai="57" doraHaiUra="14" who="1" fromWho="1" sc="240,-42,288,176,306,-82,156,-42" /><INIT seed="3,0,0,1,1,29" ten="198,464,224,114" oya="3" hai0="15,81,67,96,52,7,73,27,99,36,83,38,31" hai1="122,82,33,0,45,28,34,118,5,135,41,78,11" hai2="105,3,72,6,54,127,74,22,59,110,16,115,89" hai3="102,107,4,61,48,62,113,19,116,128,49,101,64"/><W106/><G4/><T20/><D67/><U10/><E122/><V84/><F105/><W46/><G64/><T32/><D38/><N who="1" m="21687" /><E28/><V77/><F115/><W71/><G46/><T69/><D69/><U111/><E11/><V91/><F110/><W51/><G71/><T124/><D36/><U120/><E120/><V75/><F127/><W129/><G113/><T133/><D124/><U14/><E14/><V94/><F6/><W76/><G76/><T93/><D99/><U65/><E65/><V117/><F117/><W39/><G39/><T26/><D73/><N who="1" m="43343" /><E111/><V95/><F3/><W112/><G112/><T56/><D15/><U23/><E23/><V109/><F77/><W55/><G51/><T100/><D7/><U104/><E104/><V13/><F109/><W132/><G116/><T63/><REACH who="0" step="1"/><D133/><REACH who="0" ten="188,464,224,114" step="2"/><U108/><E108/><V130/><F130/><W25/><G132/><T44/><D44/><U60/><E135/><V37/><F37/><W70/><G70/><T97/><D97/><U17/><E118/><V30/><F75/><W47/><G47/><T86/><D86/><U85/><E85/><V12/><F12/><W119/><G119/><T90/><D90/><U131/><E131/><V79/><F79/><W18/><REACH who="3" step="1"/><G25/><REACH who="3" ten="188,464,224,104" step="2"/><T114/><D114/><U103/><E5/><V68/><F68/><W126/><G126/><T88/><D88/><U21/><E0/><V1/><F89/><W40/><G40/><T24/><D24/><U53/><E53/><AGARI ba="0,2" hai="18,19,48,49,53,55,61,62,101,102,106,107,128,129" machi="53" ten="25,4800,0" yaku="1,1,22,2,53,0" doraHai="29" doraHaiUra="80" who="3" fromWho="1" sc="188,0,464,-48,224,0,104,68" /><INIT seed="3,1,0,2,4,18" ten="188,416,224,172" oya="3" hai0="83,89,81,95,72,46,73,57,21,38,115,36,126" hai1="85,124,120,49,91,58,17,28,44,111,22,64,70" hai2="41,96,105,128,129,87,109,48,32,53,116,103,118" hai3="67,71,79,55,8,76,4,62,12,125,31,107,75"/><W135/><G107/><T78/><D126/><U133/><E120/><V90/><F32/><W69/><G125/><T130/><D130/><N who="2" m="50282" /><F41/><W45/><G71/><T43/><D115/><U33/><E33/><V7/><F7/><W99/><G75/><T14/><D57/><U47/><E111/><V60/><F60/><W84/><G99/><T110/><D110/><U101/><E70/><V114/><F114/><W39/><G135/><T50/><D81/><U51/><E101/><V94/><F109/><W63/><G31/><T93/><D93/><U23/><E28/><V13/><F13/><W2/><G84/><T86/><D73/><U82/><E133/><V29/><F29/><W52/><G2/><T42/><D43/><N who="1" m="24735" /><E17/><V37/><F37/><W127/><G127/><T54/><D42/><N who="1" m="25079" /><E124/><V119/><F48/><W16/><G4/><T66/><D66/><U1/><E1/><V106/><F53/><N who="3" m="20555" /><G62/><AGARI ba="1,0" hai="22,23,58,62,64,82,85,91" m="25079,24735" machi="62" ten="30,3900,0" yaku="8,1,52,2" doraHai="18" who="1" fromWho="3" sc="188,0,416,42,224,0,172,-42" /><INIT seed="4,0,0,3,4,132" ten="188,458,224,130" oya="0" hai0="43,38,72,131,65,82,122,129,83,20,14,116,40" hai1="121,71,31,8,94,51,79,9,49,6,50,29,7" hai2="87,11,78,112,107,63,3,86,130,41,73,67,39" hai3="97,23,76,96,16,113,34,61,90,12,115,66,125"/><T13/><D122/><U100/><E71/><N who="2" m="42495" /><F112/><W64/><G34/><T110/><D110/><U25/><E79/><V135/><F130/><N who="0" m="49674" /><D116/><U46/><E46/><N who="2" m="23871" /><F107/><W106/><G76/><N who="0" m="44295" /><D83/><U22/><E31/><V60/><F60/><W32/><G32/><T93/><D65/><U48/><E48/><V26/><F26/><W126/><G66/><T111/><D111/><U56/><E56/><V47/><F47/><W118/><G118/><T127/><D38/><U62/><E62/><V119/><F119/><W33/><G33/><T53/><D53/><U24/><E24/><V120/><F135/><W75/><G75/><T28/><D93/><U68/><E68/><V18/><F18/><W10/><G97/><T2/><D2/><U74/><E121/><V15/><F15/><N who="0" m="5642" /><D20/><U104/><E104/><V89/><F89/><W98/><G23/><T133/><D133/><U84/><E74/><V117/><F117/><W58/><G98/><T85/><D28/><U123/><E123/><V128/><F128/><W69/><G69/><T77/><D77/><U37/><E37/><V42/><F42/><N who="0" m="15914" /><D85/><U27/><E27/><V101/><F101/><N who="3" m="62759" /><G90/><T52/><D52/><U95/><E100/><V55/><F55/><W70/><G70/><T105/><D105/><U80/><E80/><N who="2" m="45135" /><F120/><W35/><G35/><T109/><D109/><U99/><E99/><V5/><AGARI ba="0,0" hai="3,5,11,86,87" m="45135,23871,42495" machi="5" ten="30,1100,0" yaku="25,1" doraHai="132" who="2" fromWho="2" sc="188,-5,458,-3,224,11,130,-3" /><INIT seed="5,0,0,4,0,123" ten="183,455,235,127" oya="1" hai0="5,25,73,53,69,86,46,29,15,51,14,89,32" hai1="113,117,58,10,12,56,42,100,0,54,28,38,23" hai2="24,22,94,111,52,45,116,62,49,72,3,112,43" hai3="128,1,48,77,78,95,36,103,63,8,88,98,6"/><U93/><E113/><V82/><F111/><W101/><G36/><T33/><D33/><U60/><E38/><V121/><F3/><W76/><G128/><T87/><D73/><U85/><E0/><V99/><F121/><W81/><G81/><T119/><D69/><U30/><E42/><V80/><F116/><W20/><G63/><T41/><D119/><U34/><E34/><V64/><F72/><W90/><G90/><T35/><D35/><U59/><E59/><N who="2" m="35175" /><F64/><W96/><G98/><T4/><D41/><U17/><E117/><V9/><F9/><W55/><REACH who="3" step="1"/><G20/><REACH who="3" ten="183,455,235,117" step="2"/><T130/><D130/><U18/><E23/><V61/><F61/><W104/><G104/><T108/><D89/><U125/><E60/><V79/><F79/><W122/><G122/><T106/><D106/><U66/><E66/><V71/><F71/><W7/><G7/><T39/><D39/><U2/><E100/><N who="2" m="60535" /><F112/><W84/><G84/><T50/><D87/><U92/><E85/><V40/><F82/><W126/><G126/><T110/><D86/><U57/><E125/><V31/><F80/><W37/><G37/><T124/><D124/><U115/><E115/><V67/><F67/><W91/><G91/><T134/><D51/><U19/><E92/><V131/><F131/><W83/><G83/><T120/><D120/><U109/><E93/><V135/><F135/><W114/><G114/><T118/><D134/><U97/><E97/><V16/><F31/><W26/><G26/><T127/><D127/><U132/><E132/><V68/><F68/><W21/><G21/><T133/><D133/><RYUUKYOKU ba="0,1" sc="183,-15,455,-15,235,15,117,15" hai2="16,22,24,40,43,45,49" hai3="1,6,8,48,55,76,77,78,88,95,96,101,103" /><INIT seed="6,1,1,5,2,94" ten="168,440,250,132" oya="2" hai0="74,45,105,25,83,4,8,81,43,125,38,58,100" hai1="113,106,102,95,72,79,80,118,48,89,86,37,29" hai2="104,77,123,31,111,109,128,53,27,21,57,91,42" hai3="126,67,131,103,92,135,112,41,60,88,15,108,93"/><V116/><F123/><W119/><G108/><T68/><D125/><U66/><E37/><V134/><F116/><W70/><G119/><T46/><D68/><U9/><E113/><V130/><F104/><W124/><G135/><T90/><D81/><U59/><E29/><V55/><F77/><W85/><G131/><N who="2" m="50217" /><F42/><W132/><G132/><T30/><D46/><U40/><E118/><V36/><F36/><W69/><G112/><T13/><D58/><U10/><E40/><V51/><F134/><W7/><G69/><T61/><D61/><N who="1" m="38207" /><E48/><N who="2" m="30887" /><F91/><W17/><G7/><T52/><D52/><U129/><E129/><V1/><F1/><W73/><G73/><T65/><D65/><U2/><E2/><V32/><F32/><W24/><G24/><T107/><D90/><U39/><E39/><V87/><F87/><W5/><G5/><T78/><REACH who="0" step="1"/><D100/><REACH who="0" ten="158,440,250,132" step="2"/><U22/><E102/><V56/><AGARI ba="1,2" hai="21,27,31,51,55,56,109,111" m="30887,50217" machi="56" ten="30,1500,0" yaku="19,1" doraHai="94" who="2" fromWho="2" sc="158,-6,440,-6,250,38,132,-6" /><INIT seed="6,2,0,3,2,82" ten="152,434,288,126" oya="2" hai0="10,30,27,57,111,31,86,76,122,88,98,22,102" hai1="125,83,2,79,24,5,110,33,112,69,84,63,65" hai2="6,95,40,12,50,43,0,62,46,121,134,23,20" hai3="109,78,60,85,100,104,128,116,107,91,58,55,89"/><V97/><F121/><W59/><G109/><T44/><D111/><U34/><E110/><V77/><F0/><W94/><G116/><T64/><D122/><U131/><E112/><V96/><F134/><W80/><G100/><T11/><D44/><U35/><E131/><V73/><F43/><W29/><G128/><T45/><D45/><U130/><E130/><V26/><F73/><W53/><G29/><T28/><D76/><U25/><REACH who="1" step="1"/><E125/><REACH who="1" ten="152,424,288,126" step="2"/><V19/><F77/><W36/><G36/><T119/><D119/><U127/><E127/><V113/><F113/><W115/><G115/><T21/><D21/><U87/><E87/><V132/><F132/><W17/><G17/><T66/><D10/><AGARI ba="2,1" hai="2,5,10,24,25,33,34,35,63,65,69,79,83,84" machi="10" ten="40,2600,0" yaku="1,1,52,1,53,0" doraHai="82" doraHaiUra="15" who="1" fromWho="0" sc="152,-32,424,42,288,0,126,0" /><INIT seed="7,0,0,3,4,24" ten="120,466,288,126" oya="3" hai0="13,76,21,69,64,79,27,81,59,51,75,122,120" hai1="109,32,18,105,118,57,126,92,115,94,74,102,107" hai2="82,68,106,12,128,87,46,90,16,9,28,80,30" hai3="114,2,44,29,49,47,123,70,97,10,34,66,37"/><W116/><G37/><T131/><D131/><U8/><E109/><V84/><F106/><W40/><G123/><T15/><D79/><U129/><E18/><V19/><F68/><W7/><G116/><T36/><D36/><U78/><E8/><V77/><F128/><W71/><G66/><T88/><D69/><U124/><E57/><V100/><F100/><W54/><G114/><T95/><D122/><U53/><E53/><V103/><F103/><W98/><G70/><T132/><D132/><U55/><E55/><V91/><F77/><W117/><G117/><T17/><D120/><U5/><E5/><V67/><F67/><W60/><G71/><T130/><D130/><U26/><E118/><V86/><F86/><W11/><G11/><T23/><D23/><U127/><E115/><V25/><F46/><W72/><G72/><T133/><D133/><U35/><E129/><V58/><F58/><N who="3" m="34903" /><G47/><T110/><D110/><U48/><E48/><V119/><F119/><W14/><G2/><T39/><D39/><U6/><E6/><V50/><F50/><W42/><G40/><T38/><D38/><U83/><E105/><V63/><F63/><W121/><G121/><T111/><D111/><U22/><E107/><V52/><F52/><W45/><G44/><T56/><D51/><U20/><E102/><V89/><F89/><W101/><G101/><T104/><D104/><U113/><E113/><V62/><F62/><W85/><G85/><N who="0" m="52623" /><D64/><U108/><E108/><V96/><F96/><N who="3" m="36971" /><G34/><T3/><D3/><U99/><E35/><V41/><F41/><W33/><G33/><RYUUKYOKU ba="0,0" sc="120,10,466,-30,288,10,126,10" hai0="13,15,17,21,27,56,59,75,76,81" hai2="9,12,16,19,25,28,30,80,82,84,87,90,91" hai3="7,10,14,29,42,45,49" /><INIT seed="7,1,0,2,5,112" ten="130,436,298,136" oya="3" hai0="98,32,81,132,135,64,85,96,108,84,110,56,111" hai1="3,25,97,18,30,20,74,27,71,106,125,129,77" hai2="60,14,101,86,0,57,91,122,9,31,102,13,39" hai3="131,53,117,52,6,127,48,78,51,75,76,49,10"/><W42/><G42/><T33/><D64/><U73/><E71/><V87/><F39/><W100/><G117/><T95/><D56/><U26/><E3/><V29/><F122/><W66/><G66/><T126/><D126/><U7/><E7/><V120/><F0/><W72/><G127/><T12/><D12/><N who="2" m="4714" /><F9/><W4/><G100/><N who="2" m="38505" /><F120/><W109/><G109/><T70/><D70/><U116/><E129/><V134/><F134/><N who="0" m="51242" /><D85/><N who="2" m="32266" /><F91/><W88/><G88/><N who="0" m="55399" /><D98/><U69/><E97/><V92/><F92/><W118/><G131/><T103/><D103/><U35/><E27/><V67/><AGARI ba="1,0" hai="29,31,57,60,67" m="32266,38505,4714" machi="67" ten="30,1100,0" yaku="8,1" doraHai="112" who="2" fromWho="2" sc="130,-4,436,-4,298,14,136,-6" owari="126,-37.0,432,53.0,312,11.0,130,-27.0" /></mjloggm>