<mjloggm ver="2.3"><GO type="169" lobby="0"/><UN n0="%E6%8E%A8%E7%A9%BA%EF%BC%B0" n1="%E3%81%91%E3%81%84%E3%81%99%E3%81%91%EF%BC%A0%EF%BC%AB%EF%BC%B5" n2="%4F%53%43%37%37%37" n3="%E3%83%88%E3%83%88%E3%83%AA%E5%85%88%E7%94%9F%31%39%E6%AD%B3" dan="17,16,16,17" rate="2204.72,2083.42,2078.37,2205.52" sx="F,M,M,F"/><TAIKYOKU oya="0"/><INIT seed="0,0,0,2,1,21" ten="250,250,250,250" oya="0" hai0="25,2,114,9,81,100,93,135,37,126,98,86,119" hai1="61,85,134,127,1,88,8,104,3,99,45,33,94" hai2="40,96,4,54,24,83,112,113,64,73,123,29,6" hai3="31,19,92,72,75,46,91,34,84,11,68,90,56"/><T32/><D119/><U78/><E33/><V44/><F123/><W132/><G68/><T15/><D114/><U26/><E134/><V47/><F54/><W22/><G132/><T97/><D135/><U12/><E127/><V39/><F47/><W28/><G34/><T117/><D117/><U49/><E61/><V115/><F96/><W128/><G128/><T17/><D37/><U89/><E78/><V35/><REACH who="2" step="1"/><F64/><REACH who="2" ten="250,250,240,250" step="2"/><W13/><G46/><T76/><D126/><U105/><E105/><V0/><F0/><W53/><G72/><T133/><D133/><U116/><E104/><V79/><AGARI ba="0,1" hai="4,6,24,29,35,39,40,44,73,79,83,112,113,115" machi="79" ten="40,8000,1" yaku="1,1,0,1,52,1,53,1" doraHai="21" doraHaiUra="71" who="2" fromWho="2" sc="250,-40,250,-20,240,90,250,-20" /><INIT seed="1,0,0,2,1,134" ten="210,230,330,230" oya="1" hai0="70,4,22,92,124,32,50,105,95,44,10,130,27" hai1="126,114,89,45,62,102,46,5,61,132,0,107,96" hai2="72,8,91,67,54,13,6,14,71,49,101,59,129" hai3="74,21,79,2,103,88,40,26,41,30,116,58,51"/><U99/><E114/><V60/><F72/><W47/><G116/><T9/><D105/><U11/><E132/><V76/><F129/><W33/><G2/><T131/><D32/><U111/><E111/><V65/><F101/><W118/><G118/><T68/><D50/><U64/><E126/><V83/><F91/><W19/><G103/><T38/><D44/><U63/><REACH who="1" step="1"/><E64/><REACH who="1" ten="210,220,330,230" step="2"/><V1/><REACH who="2" step="1"/><F67/><REACH who="2" ten="210,220,320,230" step="2"/><W7/><G74/><T77/><D131/><U85/><E85/><V12/><F12/><W119/><G119/><T42/><D130/><U29/><E29/><V81/><F81/><W18/><G30/><T90/><D124/><U84/><E84/><V86/><AGARI ba="0,2" hai="1,6,8,13,14,49,54,59,60,65,71,76,83,86" machi="86" ten="20,2700,0" yaku="1,1,0,1,7,1,53,0" doraHai="134" doraHaiUra="104" who="2" fromWho="2" sc="210,-7,220,-13,320,47,230,-7" /><INIT seed="2,0,0,4,1,38" ten="203,207,367,223" oya="2" hai0="1,82,85,128,131,12,78,99,77,116,132,22,72" hai1="96,126,109,135,26,83,6,53,58,5,104,13,17" hai2="24,34,57,56,41,84,118,9,81,42,120,76,103" hai3="125,123,129,7,108,91,3,134,51,70,4,23,47"/><V95/><F120/><W105/><G123/><T101/><D1/><U45/><E109/><V68/><F68/><W54/><G70/><T117/><D12/><U88/><E126/><V90/><F34/><W2/><G125/><T30/><D22/><U79/><E135/><V16/><F118/><N who="0" m="45674" /><D30/><U48/><E26/><V86/><F103/><W28/><G105/><N who="0" m="63679" /><D132/><U102/><E58/><N who="2" m="22635" /><F9/><W10/><G129/><N who="0" m="49739" /><D78/><U67/><E67/><V71/><F71/><W92/><G134/><T8/><D8/><N who="1" m="6311" /><E79/><V65/><F65/><W80/><G3/><T98/><D98/><U122/><E122/><V107/><F107/><W59/><G4/><T69/><D69/><U20/><E20/><AGARI ba="0,0" hai="16,20,24,41,42,76,81,84,86,90,95" m="22635" machi="20" ten="30,11600,0" yaku="8,1,52,2,54,1" doraHai="38" who="2" fromWho="1" sc="203,0,207,-116,367,116,223,0" /><INIT seed="2,1,0,1,2,122" ten="203,91,483,223" oya="2" hai0="112,120,111,7,95,15,27,119,89,47,29,125,64" hai1="78,116,39,87,85,45,31,25,28,34,113,73,98" hai2="117,69,61,10,51,91,81,130,127,24,2,23,21" hai3="52,42,48,4,74,41,30,96,77,3,46,83,126"/><V62/><F117/><W18/><G126/><T131/><D120/><U100/><E116/><V108/><F127/><W58/><G30/><T118/><D112/><U134/><E113/><V121/><F121/><W56/><G18/><T67/><D119/><U129/><E134/><V19/><F130/><W135/><G135/><T20/><D118/><U44/><E129/><V14/><F69/><W94/><G42/><T109/><D125/><U84/><E39/><V16/><F2/><W6/><G3/><T86/><D131/><U38/><E38/><V92/><F81/><W82/><G82/><T106/><D106/><U54/><E73/><V0/><F0/><W65/><G65/><T75/><D75/><U80/><E31/><V90/><F90/><W71/><G71/><T22/><D47/><U103/><E103/><V11/><F108/><N who="0" m="41546" /><D7/><U13/><E44/><V40/><F40/><W88/><REACH who="3" step="1"/><G58/><REACH who="3" ten="203,91,483,213" step="2"/><T60/><D60/><AGARI ba="1,1" hai="4,6,41,46,48,52,56,60,74,77,83,88,94,96" machi="60" ten="30,8000,1" yaku="1,1,2,1,7,1,54,2,53,0" doraHai="122" doraHaiUra="132" who="3" fromWho="0" sc="203,-83,91,0,483,0,213,93" /><INIT seed="3,0,0,3,3,39" ten="120,91,483,306" oya="3" hai0="7,115,120,51,41,80,78,23,37,48,118,88,128" hai1="70,72,26,30,105,47,79,108,134,16,31,2,15" hai2="56,121,102,122,10,112,17,76,129,116,89,64,92" hai3="81,77,133,18,57,55,123,131,35,97,13,58,54"/><W111/><G123/><N who="2" m="47113" /><F116/><W107/><G35/><T126/><D120/><U25/><E105/><V3/><F112/><W60/><G131/><T83/><D118/><U74/><E70/><V34/><F34/><W104/><G97/><T98/><D128/><U85/><E2/><V63/><F102/><W113/><G133/><T114/><D7/><U52/><E108/><V71/><F76/><W100/><G100/><T87/><D126/><U95/><E134/><V132/><F132/><W42/><G111/><T101/><D23/><N who="1" m="11679" /><E74/><V1/><F71/><W29/><G29/><N who="1" m="10762" /><E72/><V84/><F129/><W28/><G28/><T6/><D6/><U44/><E44/><V125/><F125/><W49/><G113/><N who="0" m="43019" /><D101/><U68/><E68/><V93/><F93/><W20/><G107/><T14/><D14/><AGARI ba="0,0" hai="1,3,10,14,17,56,63,64,84,89,92" m="47113" machi="14" ten="30,1000,0" yaku="13,1" doraHai="39" who="2" fromWho="0" sc="120,-10,91,0,483,10,306,0" /><INIT seed="4,0,0,4,5,86" ten="110,91,493,306" oya="0" hai0="69,107,50,70,90,65,94,54,109,39,80,43,25" hai1="63,115,19,128,88,133,6,99,29,92,32,0,87" hai2="82,103,130,71,14,13,27,131,111,93,74,26,33" hai3="38,110,35,132,12,15,95,48,91,17,11,40,106"/><T108/><D107/><U49/><E128/><N who="2" m="49195" /><F71/><W2/><G110/><N who="0" m="42603" /><D25/><N who="2" m="9226" /><F33/><W47/><G106/><T45/><D80/><U42/><E133/><V52/><F111/><W58/><G132/><T8/><D8/><U57/><E115/><V73/><F103/><W81/><G35/><T120/><D120/><U77/><E29/><V79/><F74/><W113/><G113/><T118/><D118/><U23/><E32/><V30/><F30/><W1/><G81/><T117/><D117/><U20/><E0/><V119/><F93/><W85/><G38/><T31/><D31/><U76/><E6/><V36/><F36/><W104/><G58/><N who="0" m="33111" /><D65/><N who="1" m="39151" /><E87/><AGARI ba="0,0" hai="39,43,45,69,70,87,90,94" m="33111,42603" machi="87" ten="30,2900,0" yaku="10,1,52,1" doraHai="86" who="0" fromWho="1" sc="110,29,91,-29,493,0,306,0" /><INIT seed="4,1,0,3,5,55" ten="139,62,493,306" oya="0" hai0="98,103,115,54,59,97,51,102,100,76,37,17,47" hai1="11,90,67,71,3,41,53,108,69,122,63,127,15" hai2="14,126,19,46,89,49,35,106,92,60,40,116,0" hai3="121,85,34,112,56,132,57,134,32,23,110,7,13"/><T62/><D115/><U65/><E122/><V39/><F106/><W111/><G121/><T18/><D37/><U25/><E3/><V118/><F35/><N who="3" m="13355" /><G112/><T120/><D76/><U64/><E108/><N who="3" m="41514" /><G85/><T52/><D120/><U96/><E41/><V12/><F0/><W5/><G23/><T105/><D102/><U70/><E25/><V128/><F128/><W4/><G13/><T20/><D20/><U68/><E127/><V31/><F31/><W80/><G80/><T24/><D24/><U124/><E124/><V9/><F60/><W130/><G130/><T10/><D10/><U6/><REACH who="1" step="1"/><E53/><REACH who="1" ten="139,52,493,306" step="2"/><V16/><F126/><W79/><G79/><T45/><D47/><U74/><E74/><V95/><F39/><W75/><G75/><T129/><D129/><U125/><E125/><V50/><F40/><W28/><G28/><T114/><D114/><U30/><E30/><V72/><F72/><W135/><AGARI ba="1,1" hai="4,5,7,56,57,132,134,135" m="41514,13355" machi="135" ten="50,8000,1" yaku="28,2,20,1,52,2" doraHai="55" who="3" fromWho="3" sc="139,-41,52,-21,493,-21,306,93" /><INIT seed="5,0,0,2,3,93" ten="98,31,472,399" oya="1" hai0="103,24,130,96,77,47,19,60,38,23,57,6,68" hai1="2,65,0,126,12,132,95,21,71,73,36,115,109" hai2="98,46,22,133,118,120,128,114,28,108,97,81,1" hai3="66,3,123,134,63,111,83,49,8,31,52,106,121"/><U15/><E36/><V127/><F1/><W91/><G111/><T87/><D68/><U58/><E73/><V20/><F120/><W30/><G106/><T125/><D130/><U7/><E71/><V29/><F108/><W14/><G3/><T35/><D125/><U61/><E109/><V40/><F118/><W45/><G134/><T116/><D116/><U90/><E132/><V78/><F133/><W26/><G30/><T27/><D6/><U112/><E126/><V85/><F114/><W44/><G44/><T107/><D38/><U13/><E21/><N who="2" m="8299" /><F128/><W9/><G9/><T11/><D47/><U34/><E34/><V59/><F59/><W10/><G10/><T75/><D75/><U129/><E129/><V62/><F62/><W105/><G105/><T37/><D37/><U79/><E79/><V67/><F67/><W25/><G31/><N who="2" m="11849" /><F127/><W17/><G121/><T117/><D117/><U122/><E122/><V69/><F69/><W56/><G123/><T51/><D11/><U39/><E39/><V80/><F80/><W94/><REACH who="3" step="1"/><G83/><REACH who="3" ten="98,31,472,389" step="2"/><T41/><D107/><U55/><E7/><V84/><F46/><W54/><G54/><T70/><D35/><U102/><E55/><V50/><F40/><W76/><G76/><T135/><D77/><U89/><E0/><V101/><F78/><W74/><G74/><T16/><D41/><U119/><E2/><V82/><F81/><W32/><G32/><T4/><D135/><U92/><E119/><V53/><F82/><W113/><G113/><N who="1" m="43594" /><E92/><V42/><F53/><W124/><G124/><T99/><D4/><RYUUKYOKU ba="0,1" sc="98,-15,31,15,472,-15,389,15" hai1="12,13,15,58,61,65,89,90,95,102" hai3="8,14,17,25,26,45,49,52,56,63,66,91,94" /><INIT seed="5,1,1,1,1,13" ten="83,46,457,404" oya="1" hai0="9,126,113,34,23,17,38,123,22,54,36,5,60" hai1="131,82,47,84,27,109,83,89,115,46,71,20,133" hai2="33,122,40,103,58,72,81,39,18,29,96,99,35" hai3="65,121,50,55,62,90,119,61,37,30,78,43,26"/><U56/><E71/><V6/><F122/><W117/><G121/><T97/><D34/><U80/><E115/><V75/><F39/><W88/><G78/><T92/><D113/><U114/><E114/><V70/><F70/><N who="3" m="42287" /><G62/><T129/><D123/><U118/><E118/><N who="3" m="45066" /><G43/><T11/><D129/><U68/><E68/><V10/><F40/><W134/><G37/><T15/><D126/><U8/><E131/><V31/><F33/><N who="3" m="20695" /><G134/><T105/><D38/><U116/><E116/><V102/><F35/><W25/><G25/><T0/><D36/><U4/><E133/><V14/><F72/><W53/><G53/><T7/><D105/><U28/><E56/><AGARI ba="1,1" hai="50,55,56,88,90" m="20695,45066,42287" machi="56" ten="30,2000,0" yaku="12,1,54,1" doraHai="13" who="3" fromWho="1" sc="83,0,46,-23,457,0,404,33" /><INIT seed="6,0,0,1,3,60" ten="83,23,457,437" oya="2" hai0="54,0,71,65,69,87,41,9,78,103,75,94,48" hai1="125,122,133,38,102,39,53,119,72,62,55,83,106" hai2="86,12,33,40,57,127,15,68,37,110,131,82,81" hai3="42,120,14,5,129,44,29,67,128,23,126,3,18"/><V73/><F33/><W21/><G120/><T116/><D75/><U63/><E119/><V70/><F37/><N who="1" m="13833" /><E102/><V6/><F40/><W132/><G132/><T45/><D116/><U16/><E106/><V76/><F127/><W109/><G109/><T105/><D105/><U58/><E16/><V93/><F131/><N who="3" m="50251" /><G126/><T1/><D1/><U31/><E31/><V97/><F70/><W118/><G118/><T50/><D71/><U113/><E83/><V80/><F68/><W19/><G44/><T104/><D104/><U114/><E72/><V108/><F108/><W26/><G42/><T43/><D0/><U135/><E125/><V124/><F124/><W20/><G67/><T101/><D9/><U59/><E122/><V52/><F110/><W47/><G47/><N who="0" m="25983" /><D69/><U98/><E98/><V130/><F130/><W77/><G77/><T89/><D78/><U134/><AGARI ba="0,0" hai="53,55,58,59,62,63,113,114,133,134,135" m="13833" machi="134" ten="40,5200,0" yaku="20,1,34,2" doraHai="60" who="1" fromWho="1" sc="83,-13,23,52,457,-26,437,-13" /><INIT seed="7,0,0,1,1,5" ten="70,75,431,424" oya="3" hai0="8,39,46,117,9,35,79,23,101,48,62,70,67" hai1="123,71,85,19,106,115,133,110,51,132,14,100,49" hai2="33,28,97,60,82,43,83,77,13,84,89,80,42" hai3="1,102,45,94,12,65,59,87,7,91,99,0,135"/><W6/><G1/><T16/><D35/><U61/><E110/><V131/><F131/><W114/><G0/><T18/><D117/><U58/><E115/><V55/><F28/><W17/><G114/><T22/><D39/><U63/><E123/><V34/><F34/><W90/><G135/><N who="1" m="51786" /><E71/><V93/><F33/><W32/><G32/><T41/><D101/><U124/><E124/><V127/><F127/><W26/><G26/><T116/><D116/><U53/><E85/><V47/><F13/><W37/><G37/><T104/><D104/><U105/><E49/><N who="2" m="26871" /><F43/><W126/><G126/><T50/><D79/><U21/><E100/><V88/><F77/><W119/><G119/><T113/><D113/><U66/><E66/><V86/><F86/><W134/><G134/><T98/><D98/><U78/><E78/><V75/><F75/><W36/><G36/><T111/><D111/><U69/><E69/><V103/><F103/><W56/><G45/><T38/><D50/><U95/><E95/><V40/><F40/><W31/><G31/><T15/><D38/><U44/><E44/><V107/><F107/><AGARI ba="0,0" hai="14,19,21,51,53,58,61,63,105,106,107" m="51786" machi="107" ten="30,1000,0" yaku="20,1" doraHai="5" who="1" fromWho="2" sc="70,0,75,10,431,-10,424,0" owari="70,-43.0,85,-31.0,421,22.0,424,52.0" /></mjloggm>