<mjloggm ver="2.3"><GO type="169" lobby="0"/><UN n0="%79%6F%6E%65%7A%6F%39" n1="%E3%81%8B%E3%81%AB%E3%83%9E%E3%82%B8%E3%83%B3" n2="%E3%83%88%E3%83%88%E3%83%AA%E5%85%88%E7%94%9F%31%39%E6%AD%B3" n3="%E3%83%A4%E3%82%AD%E3%83%B3" dan="16,19,19,17" rate="2049.56,2290.17,2310.54,2179.75" sx="M,M,F,M"/><TAIKYOKU oya="0"/><INIT seed="0,0,0,1,0,32" ten="250,250,250,250" oya="0" hai0="46,115,112,18,9,89,65,5,72,33,12,35,11" hai1="87,66,132,97,3,86,119,133,81,45,67,53,21" hai2="43,109,117,95,68,31,110,103,75,93,70,121,0" hai3="8,113,127,10,83,41,84,91,126,51,128,90,55"/><T100/><D72/><U57/><E119/><V13/><F75/><W76/><G113/><N who="0" m="43595" /><D100/><U88/><E97/><V23/><F121/><W108/><G41/><T15/><D65/><U106/><E106/><V80/><F117/><W134/><G134/><N who="1" m="51818" /><E3/><V124/><F124/><N who="3" m="47659" /><G128/><T4/><D89/><N who="3" m="33801" /><G108/><T62/><D46/><AGARI ba="0,0" hai="8,10,46,51,55,76,83,84" m="33801,47659" machi="46" ten="30,1000,0" yaku="18,1" doraHai="32" who="3" fromWho="0" sc="250,-10,250,0,250,0,250,10" /><INIT seed="1,0,0,3,0,62" ten="240,250,250,260" oya="1" hai0="18,81,77,5,0,72,2,11,90,79,28,73,19" hai1="29,46,39,103,4,71,132,58,30,47,108,64,99" hai2="53,114,45,24,131,80,85,25,68,36,10,107,63" hai3="127,60,101,52,84,32,51,59,96,91,43,93,97"/><U78/><E71/><V65/><F107/><W9/><G32/><T67/><D28/><U54/><E78/><V100/><F100/><W95/><G127/><T120/><D120/><U41/><E47/><V83/><F131/><W37/><G37/><T122/><D122/><U12/><E132/><V40/><F114/><W74/><G74/><T130/><D130/><U135/><E135/><V126/><F126/><W13/><G43/><T116/><D116/><U113/><E113/><V105/><F105/><W129/><G129/><T69/><D90/><U21/><E108/><V110/><F110/><W17/><G60/><T121/><D121/><U61/><E54/><V38/><F38/><W118/><G118/><T56/><D69/><U87/><E87/><AGARI ba="0,0" hai="9,13,17,51,52,59,84,87,91,93,95,96,97,101" machi="87" ten="40,2600,0" yaku="8,1,54,1" doraHai="62" who="3" fromWho="1" sc="240,0,250,-26,250,0,260,26" /><INIT seed="2,0,0,0,0,107" ten="240,224,250,286" oya="2" hai0="0,123,46,108,10,125,85,133,80,15,128,65,1" hai1="4,79,62,75,88,35,97,14,103,24,106,2,18" hai2="135,111,9,56,30,19,70,109,115,3,86,122,93" hai3="113,42,34,100,28,77,41,27,6,68,67,98,82"/><V52/><F115/><W58/><G6/><T72/><D123/><U118/><E118/><V71/><F122/><W131/><G131/><T45/><D128/><U73/><E79/><V21/><F135/><W36/><G58/><T8/><D108/><N who="2" m="41546" /><F30/><W64/><G64/><T54/><D133/><U22/><E62/><N who="2" m="36103" /><F9/><W132/><G113/><T102/><D10/><N who="1" m="2327" /><E88/><N who="2" m="53399" /><F3/><W37/><G132/><T89/><D1/><U116/><E116/><V110/><N who="2" m="41554" /><V95/><DORA hai="78" /><F95/><W55/><G28/><AGARI ba="0,0" hai="14,18,22,24,28,35,73,75,97,103,106" m="2327" machi="28" ten="30,3900,0" yaku="24,1,52,2" doraHai="107,78" who="1" fromWho="3" sc="240,0,224,39,250,0,286,-39" /><INIT seed="3,0,0,4,3,134" ten="240,263,250,247" oya="3" hai0="135,119,131,129,45,2,96,110,128,5,42,90,6" hai1="98,32,116,84,0,115,113,88,23,44,69,20,29" hai2="127,13,55,63,52,82,78,70,36,68,7,21,85" hai3="123,122,37,51,74,94,18,14,1,27,48,4,54"/><W10/><G37/><T22/><D119/><U40/><E116/><V38/><F127/><W26/><G74/><T106/><D135/><U65/><E0/><V120/><F120/><W126/><G126/><T104/><D110/><U100/><E32/><V31/><F38/><W57/><G51/><T64/><D64/><U91/><E69/><V93/><F36/><W112/><G112/><T49/><D22/><U24/><E23/><V47/><F47/><W133/><G133/><T121/><D121/><U12/><E12/><V108/><F108/><W105/><G105/><N who="0" m="40555" /><D2/><U61/><E84/><V66/><F68/><W17/><G27/><T72/><D72/><U83/><E83/><V76/><F76/><W28/><G18/><T60/><D60/><U11/><E11/><V102/><F7/><W9/><REACH who="3" step="1"/><G94/><AGARI ba="0,0" hai="5,6,42,45,49,90,94,96,128,129,131" m="40555" machi="94" ten="40,1300,0" yaku="19,1" doraHai="134" who="0" fromWho="3" sc="240,13,263,0,250,0,247,-13" /><INIT seed="4,0,0,1,0,43" ten="253,263,250,234" oya="0" hai0="124,59,122,114,11,35,113,61,57,109,103,110,4" hai1="77,101,41,127,94,69,7,27,120,6,40,86,33" hai2="18,50,1,23,36,91,32,108,112,15,90,37,63" hai3="25,106,46,119,21,102,29,9,20,126,89,13,34"/><T71/><D122/><U55/><E120/><V107/><F108/><N who="0" m="41578" /><D124/><U64/><E127/><V38/><F107/><W39/><G126/><T104/><D35/><U116/><E116/><V79/><F32/><W121/><G121/><T67/><D103/><U0/><E64/><V100/><F100/><W58/><G119/><T99/><D99/><U97/><E69/><V72/><F1/><W30/><G102/><T66/><D104/><U24/><E55/><V123/><F123/><W96/><G106/><T132/><D132/><U28/><E27/><V47/><F112/><N who="0" m="43114" /><D67/><U130/><E33/><V76/><F63/><W95/><G30/><T31/><D31/><U82/><E28/><V2/><F2/><AGARI ba="0,0" hai="2,4,11,57,59,61,66,71" m="43114,41578" machi="2" ten="30,2900,0" yaku="10,1,15,1" doraHai="43" who="0" fromWho="2" sc="253,29,263,0,250,-29,234,0" /><INIT seed="4,1,0,0,4,85" ten="282,263,221,234" oya="0" hai0="47,61,116,9,37,30,15,103,18,89,131,93,106" hai1="44,8,119,52,94,90,128,97,80,13,40,4,76" hai2="32,53,23,108,42,62,92,98,45,21,84,124,79" hai3="72,56,115,134,17,19,49,88,43,77,69,29,122"/><T59/><D116/><U28/><E128/><V74/><F108/><W82/><G69/><T113/><D113/><U3/><E119/><V91/><F32/><W83/><G115/><T57/><D131/><U78/><E28/><V27/><F74/><W48/><G29/><T1/><D1/><U38/><E78/><V112/><F112/><W87/><G134/><T0/><D0/><U126/><E126/><V33/><F124/><W73/><G73/><T102/><D30/><U109/><E13/><V100/><F79/><W123/><G43/><T50/><D37/><U70/><E70/><V51/><F33/><W86/><G72/><T114/><D106/><U60/><E109/><V66/><F42/><W12/><G56/><T95/><D95/><U110/><E110/><V125/><F27/><W20/><REACH who="3" step="1"/><G19/><REACH who="3" ten="282,263,221,224" step="2"/><T71/><D71/><U25/><E40/><V36/><F125/><W41/><G41/><N who="0" m="24943" /><D114/><U129/><E129/><V67/><F36/><W34/><G34/><T75/><D75/><U7/><E38/><V135/><F135/><W24/><G24/><T22/><D59/><U111/><E25/><V121/><F121/><AGARI ba="1,1" hai="12,17,20,48,49,77,82,83,86,87,88,121,122,123" machi="121" ten="40,12000,2" yaku="1,1,13,1,52,1,54,1,53,3" doraHai="85" doraHaiUra="117" who="3" fromWho="2" sc="282,0,263,0,221,-123,224,133" /><INIT seed="5,0,0,1,4,1" ten="282,263,98,357" oya="1" hai0="125,30,111,14,78,53,85,36,121,27,82,3,91" hai1="120,40,69,128,24,97,16,129,17,44,126,21,52" hai2="7,23,58,118,66,80,15,13,124,34,62,98,114" hai3="110,133,9,122,70,119,0,99,131,42,25,68,101"/><U76/><E120/><V74/><F118/><W6/><G122/><T59/><D121/><U112/><E69/><V22/><F34/><W113/><G110/><T102/><D3/><U109/><E109/><V73/><F124/><W77/><G119/><T107/><D111/><U55/><E126/><V83/><F114/><W50/><G113/><T38/><D125/><U54/><E112/><V96/><F58/><W10/><G77/><T116/><D116/><U104/><E76/><V32/><F32/><W45/><G133/><T87/><D14/><U90/><E17/><V37/><F62/><W43/><G131/><N who="1" m="50250" /><E90/><V81/><F81/><W2/><G42/><T31/><D31/><U19/><E19/><V11/><F11/><W123/><G25/><T93/><D102/><N who="1" m="62543" /><E55/><V75/><F75/><W51/><G123/><T35/><D107/><U115/><E115/><V56/><F56/><W39/><G68/><T57/><D57/><U71/><E71/><V29/><F29/><W94/><G70/><T67/><D67/><U18/><E18/><V60/><F66/><W33/><G33/><T20/><D35/><U95/><E95/><V5/><REACH who="2" step="1"/><F60/><AGARI ba="0,0" hai="20,27,30,36,38,53,59,60,78,82,85,87,91,93" machi="60" ten="30,1000,0" yaku="7,1" doraHai="1" who="0" fromWho="2" sc="282,10,263,0,98,-10,357,0" /><INIT seed="6,0,0,3,0,98" ten="292,263,88,357" oya="2" hai0="49,126,79,76,73,69,94,123,93,125,108,84,58" hai1="101,103,78,81,52,110,11,16,41,28,88,80,71" hai2="72,67,30,15,20,38,34,56,92,132,26,36,21" hai3="100,130,27,111,121,6,70,10,116,9,75,91,17"/><V133/><F72/><W83/><G111/><T39/><D39/><U29/><E71/><V82/><F82/><W60/><G116/><T44/><D108/><U96/><E41/><V99/><F36/><W59/><G70/><T127/><D69/><U89/><E110/><V42/><F42/><W2/><G121/><T62/><D73/><U51/><E96/><V107/><F107/><W135/><G135/><N who="2" m="51785" /><F38/><W57/><G130/><T53/><D123/><U31/><E78/><N who="0" m="29737" /><D84/><U134/><E134/><V35/><F21/><W54/><G75/><T122/><D122/><U22/><E11/><V19/><F56/><W43/><G43/><AGARI ba="0,0" hai="43,44,49,53,58,62,93,94,125,126,127" m="29737" machi="43" ten="30,1000,0" yaku="18,1" doraHai="98" who="0" fromWho="3" sc="292,10,263,0,88,0,357,-10" /><INIT seed="7,0,0,0,2,111" ten="302,263,88,347" oya="3" hai0="127,52,76,12,87,25,61,26,64,120,126,53,70" hai1="40,135,114,43,128,9,38,108,23,104,130,63,92" hai2="5,19,109,21,31,10,58,90,113,0,35,121,6" hai3="100,1,46,28,44,123,89,33,105,73,118,57,115"/><W116/><G123/><T69/><D120/><U122/><E122/><V49/><F90/><W133/><G1/><T27/><D12/><U51/><E104/><V60/><F49/><W106/><G73/><T83/><REACH who="0" step="1"/><D70/><REACH who="0" ten="292,263,88,347" step="2"/><U62/><E9/><V84/><F121/><W47/><G116/><T65/><D65/><U91/><E108/><V98/><F109/><W96/><G118/><T11/><D11/><U45/><E23/><V59/><F84/><W42/><G133/><T3/><D3/><U14/><E14/><V32/><F98/><W68/><G68/><T34/><D34/><U36/><E135/><V86/><F86/><W99/><G99/><T56/><D56/><U117/><E117/><V30/><F60/><N who="1" m="23081" /><E114/><V24/><F59/><W55/><G115/><T41/><D41/><N who="1" m="25007" /><E92/><V125/><F58/><W134/><G57/><T85/><D85/><U80/><E80/><V67/><F67/><W102/><G106/><T16/><D16/><U112/><E112/><V82/><F82/><W18/><G105/><T93/><D93/><U54/><E91/><V8/><F113/><W74/><G18/><T4/><D4/><U20/><E20/><V95/><F95/><W110/><G134/><T50/><D50/><U29/><E29/><V132/><F132/><W119/><G28/><T71/><D71/><U22/><E22/><V78/><F78/><W15/><G110/><T2/><D2/><U37/><E54/><AGARI ba="0,1" hai="25,26,27,52,53,54,61,64,69,76,83,87,126,127" machi="54" ten="40,8000,1" yaku="1,1,54,1,53,3" doraHai="111" doraHaiUra="48" who="0" fromWho="1" sc="292,90,263,-80,88,0,347,0" owari="382,48.0,183,-22.0,88,-41.0,347,15.0" /></mjloggm>