<mjloggm ver="2.3"><GO type="169" lobby="0"/><UN n0="%E3%82%AC%E3%83%A9%E3%82%AF%E3%82%BF%E5%B8%9D%E7%8E%8B" n1="%E3%81%92%E3%81%A1%E3%81%87%E3%81%AA%30%34" n2="%E3%82%A6%E3%83%AB%E3%83%88%E3%83%A9%E7%AB%8B%E7%9B%B4" n3="%68%69%6D%69%79%6F" dan="17,16,17,16" rate="2141.89,2128.12,2198.46,2053.82" sx="M,M,M,M"/><TAIKYOKU oya="0"/><INIT seed="0,0,0,0,5,34" ten="250,250,250,250" oya="0" hai0="50,1,54,123,2,135,112,122,95,57,56,133,69" hai1="78,100,4,116,75,110,92,131,99,126,128,38,101" hai2="25,106,117,17,132,47,64,113,55,111,81,51,79" hai3="120,41,29,27,3,23,129,9,80,127,10,109,84"/><T77/><D69/><U20/><E38/><V82/><F113/><W45/><G109/><T125/><D77/><U118/><E4/><V43/><F106/><W40/><G129/><N who="1" m="49738" /><E20/><V32/><F111/><W35/><G127/><T0/><D125/><U89/><E110/><V114/><F114/><W96/><G120/><T119/><D112/><U22/><E22/><V104/><F104/><W85/><G96/><T37/><D37/><U53/><E53/><V18/><F132/><N who="0" m="50762" /><D119/><N who="1" m="45611" /><E126/><V21/><F32/><W44/><G35/><T24/><D24/><U68/><E68/><V76/><F64/><W13/><G23/><T108/><D108/><U102/><E78/><V98/><F117/><W60/><G27/><T36/><D36/><U134/><E134/><V130/><F130/><W19/><G40/><T30/><D30/><U16/><E16/><V88/><F43/><W124/><G19/><T67/><D95/><N who="1" m="56815" /><E75/><V70/><F70/><W7/><G124/><T97/><D97/><AGARI ba="0,0" hai="92,97,100,101,102" m="56815,45611,49738" machi="97" ten="30,3900,0" yaku="19,1,34,2" doraHai="34" who="1" fromWho="0" sc="250,-39,250,39,250,0,250,0" /><INIT seed="1,0,0,2,5,100" ten="211,289,250,250" oya="1" hai0="36,39,47,24,8,85,69,21,104,122,7,115,68" hai1="45,20,31,6,129,113,38,59,9,28,23,112,97" hai2="84,57,73,103,29,40,43,114,134,27,51,90,70" hai3="120,58,75,16,53,44,48,32,108,133,99,50,66"/><U63/><E129/><V98/><F70/><W128/><G120/><T76/><D122/><U46/><E38/><V61/><F73/><W81/><G128/><T49/><D115/><U17/><E97/><V18/><F134/><W82/><G32/><T30/><D39/><U132/><E132/><V95/><F18/><W60/><G133/><T86/><D36/><U67/><E113/><V101/><F51/><W62/><G108/><T106/><D68/><U110/><E112/><V65/><F103/><W79/><G99/><T107/><D69/><U10/><E110/><V33/><REACH who="2" step="1"/><F114/><REACH who="2" ten="211,289,240,250" step="2"/><W14/><G50/><T83/><D86/><U126/><E17/><V72/><F72/><W19/><G19/><T87/><D87/><U56/><E126/><V0/><F0/><W54/><G62/><T135/><D135/><U78/><E63/><V105/><AGARI ba="0,1" hai="27,29,33,40,43,57,61,65,84,90,95,98,101,105" machi="105" ten="20,12000,2" yaku="1,1,0,1,7,1,52,1,53,2" doraHai="100" doraHaiUra="37" who="2" fromWho="2" sc="211,-30,289,-60,240,130,250,-30" /><INIT seed="2,0,0,0,1,57" ten="181,229,370,220" oya="2" hai0="6,72,23,114,102,95,96,67,124,113,3,29,80" hai1="12,27,10,91,14,33,16,92,129,40,122,9,131" hai2="117,78,94,123,68,30,18,76,28,50,125,103,11" hai3="116,31,83,60,51,101,75,90,97,81,100,73,126"/><V66/><F123/><W98/><G31/><T79/><D124/><U39/><E40/><V62/><F117/><W87/><G51/><T108/><D108/><U85/><E39/><V37/><F37/><W132/><G116/><T130/><D130/><N who="1" m="49675" /><E122/><V127/><F50/><W71/><G60/><T88/><D3/><U46/><E46/><V118/><F118/><W22/><G22/><T82/><D6/><N who="1" m="3127" /><E33/><V84/><F18/><W119/><G71/><T26/><D80/><N who="3" m="30793" /><G119/><T107/><REACH who="0" step="1"/><D67/><REACH who="0" ten="171,229,370,220" step="2"/><U58/><E58/><V59/><F59/><W133/><G126/><T54/><D54/><U19/><E27/><V99/><F127/><W5/><G132/><T70/><D70/><U15/><E15/><V69/><F69/><W41/><G133/><T110/><D110/><U47/><E47/><V49/><F125/><W53/><G53/><T106/><D106/><U120/><E120/><V86/><F68/><W13/><G13/><T55/><D55/><U24/><E24/><V7/><F66/><W35/><G41/><T105/><D105/><U64/><E64/><V115/><F7/><AGARI ba="0,1" hai="7,10,14,16,19,85,91,92" m="3127,49675" machi="7" ten="30,2000,0" yaku="19,1,54,1" doraHai="57" who="1" fromWho="2" sc="171,0,229,30,370,-20,220,0" /><INIT seed="3,0,0,0,2,5" ten="171,259,350,220" oya="3" hai0="127,6,62,66,11,45,53,89,26,9,22,67,75" hai1="126,117,57,131,100,83,84,94,1,95,106,105,25" hai2="91,33,121,112,3,60,101,42,108,102,32,18,78" hai3="124,132,36,40,52,125,99,122,41,119,103,16,24"/><W50/><G119/><T49/><D75/><U12/><E1/><V47/><F112/><W37/><G122/><T79/><D79/><U107/><E25/><V118/><F118/><W110/><G132/><T115/><D6/><U129/><E117/><V7/><F91/><W135/><G135/><T92/><D127/><N who="3" m="48713" /><G110/><T123/><D123/><U15/><E126/><V130/><F102/><W58/><G37/><T70/><D115/><U85/><E57/><V20/><F101/><W54/><G54/><T19/><REACH who="0" step="1"/><D67/><REACH who="0" ten="161,259,350,220" step="2"/><U88/><E131/><V82/><F130/><W46/><G36/><T72/><D72/><U4/><E129/><V13/><F121/><W14/><G46/><T48/><D48/><U77/><E4/><V69/><F47/><W104/><G24/><T90/><D90/><N who="1" m="53583" /><E15/><V29/><F13/><W10/><AGARI ba="0,1" hai="10,14,16,40,41,50,52,58,99,103,104" m="48713" machi="10" ten="30,11700,0" yaku="18,1,52,1,54,2" doraHai="5" who="3" fromWho="3" sc="161,-39,259,-39,350,-39,220,127" /><INIT seed="3,1,0,2,3,78" ten="122,220,311,347" oya="3" hai0="109,58,15,44,14,73,34,69,19,88,64,65,39" hai1="119,112,100,43,3,29,28,92,107,56,12,132,105" hai2="59,42,10,115,75,83,32,116,21,23,13,79,24" hai3="101,82,133,93,4,9,98,8,108,77,70,20,89"/><W52/><G70/><T117/><D109/><U26/><E3/><V67/><F115/><W95/><G133/><T46/><D117/><U1/><E1/><V33/><F116/><W80/><G108/><T123/><D123/><U122/><E119/><V84/><F42/><W0/><G77/><T118/><D118/><U62/><E122/><V55/><F67/><W71/><G71/><T135/><D34/><U129/><E112/><V106/><F106/><W124/><G124/><T31/><D135/><U57/><E43/><V113/><F113/><W16/><G9/><T110/><D110/><U48/><E132/><V111/><F75/><W91/><G52/><T27/><D69/><U127/><E12/><V5/><F111/><W131/><G131/><T63/><D73/><U94/><E48/><V17/><REACH who="2" step="1"/><F21/><REACH who="2" ten="122,220,301,347" step="2"/><W102/><G102/><T66/><D64/><U7/><E100/><V96/><F96/><W76/><G101/><T87/><D65/><U36/><E129/><V126/><F126/><W18/><G76/><T99/><D99/><U114/><E127/><V134/><F134/><W68/><G68/><T40/><D40/><U120/><E114/><V50/><AGARI ba="1,1" hai="5,10,13,17,23,24,32,33,50,55,59,79,83,84" machi="50" ten="20,5200,0" yaku="1,1,0,1,7,1,52,1,53,0" doraHai="78" doraHaiUra="61" who="2" fromWho="2" sc="122,-14,220,-14,301,65,347,-27" /><INIT seed="4,0,0,2,5,84" ten="108,206,366,320" oya="0" hai0="37,95,72,121,59,118,112,103,61,51,64,125,25" hai1="98,71,57,76,10,88,75,126,91,4,44,106,48" hai2="65,130,132,41,124,29,101,108,122,32,85,28,133" hai3="116,54,46,80,18,79,120,50,81,99,8,104,55"/><T35/><D118/><U53/><E71/><V52/><F108/><W131/><G116/><T86/><D121/><U49/><E76/><V107/><F122/><W92/><G104/><T30/><D72/><U67/><E75/><V105/><F41/><W21/><G120/><T66/><D37/><U14/><E126/><V63/><F124/><W119/><G119/><T96/><D125/><U24/><E24/><V109/><F109/><W11/><G131/><T34/><D112/><U69/><E69/><V38/><F38/><W93/><G55/><T135/><D135/><U42/><REACH who="1" step="1"/><E67/><REACH who="1" ten="108,196,366,320" step="2"/><V40/><F65/><W20/><G79/><T83/><D66/><U12/><E12/><V113/><F133/><W15/><G8/><T100/><D100/><AGARI ba="0,1" hai="4,10,14,42,44,48,49,53,57,88,91,98,100,106" machi="100" ten="40,8000,1" yaku="1,1,52,2,54,1,53,0" doraHai="84" doraHaiUra="82" who="1" fromWho="0" sc="108,-80,196,90,366,0,320,0" /><INIT seed="5,0,0,3,1,112" ten="28,286,366,320" oya="1" hai0="70,47,76,109,128,60,87,89,57,104,125,64,49" hai1="67,101,24,36,32,28,54,27,88,84,56,127,51" hai2="94,114,126,69,123,79,83,82,111,98,44,59,106" hai3="13,61,105,75,29,39,3,135,130,132,90,107,120"/><U117/><E36/><V43/><F69/><W9/><G3/><T21/><D109/><U30/><E101/><V23/><F106/><W72/><G39/><T129/><D125/><U48/><E127/><V63/><F126/><W11/><G120/><T77/><D104/><N who="3" m="40009" /><G130/><T1/><D1/><U5/><E5/><V93/><F111/><W96/><G29/><T80/><D129/><U118/><E67/><V99/><F23/><W7/><G61/><T20/><D128/><U103/><E103/><V65/><F114/><W50/><G50/><T102/><D102/><U121/><E51/><N who="2" m="27039" /><F123/><W46/><G46/><T110/><D110/><U66/><E66/><V115/><F115/><W68/><G68/><T17/><D70/><U119/><E121/><V4/><F4/><W74/><G11/><T38/><D38/><U34/><E118/><V22/><F22/><W18/><G7/><T92/><D17/><U86/><E86/><N who="2" m="48479" /><F83/><AGARI ba="0,0" hai="24,27,28,30,32,34,48,54,56,83,84,88,117,119" machi="83" ten="30,12000,1" yaku="7,1,9,1,52,2,54,1" doraHai="112" who="1" fromWho="2" sc="28,0,286,120,366,-120,320,0" /><INIT seed="5,1,0,4,0,122" ten="28,406,246,320" oya="1" hai0="1,50,49,10,93,121,43,134,69,113,23,112,64" hai1="41,78,17,128,100,42,126,97,8,119,12,88,61" hai2="73,30,66,87,89,46,95,71,59,99,57,133,74" hai3="118,96,45,102,39,135,53,27,67,68,15,127,75"/><U0/><E119/><V31/><F71/><W111/><G75/><T104/><D104/><U65/><E78/><V116/><F116/><W44/><G118/><T132/><D121/><U3/><E128/><V14/><F133/><N who="0" m="51306" /><D93/><U9/><E126/><V70/><F70/><W94/><G127/><T33/><D33/><U85/><E3/><V90/><F74/><W4/><G67/><T84/><D84/><U124/><E0/><V76/><F76/><W58/><G68/><T20/><D10/><U130/><E130/><V19/><F46/><W16/><G4/><T117/><D1/><U13/><E61/><N who="2" m="38191" /><F59/><W81/><G135/><T106/><D106/><U101/><E65/><V79/><F79/><W129/><G129/><T21/><D117/><U98/><E124/><V114/><F114/><N who="0" m="44138" /><D43/><N who="1" m="16395" /><E101/><V6/><F73/><W2/><G2/><T34/><D34/><U54/><E54/><V52/><F52/><W28/><G53/><T26/><D26/><U120/><E100/><V86/><F6/><W37/><G27/><T51/><D69/><U24/><E24/><V110/><F90/><W11/><G102/><T108/><D64/><U131/><E120/><V109/><F31/><W22/><G28/><T72/><D72/><U123/><E123/><V55/><F30/><W18/><G18/><T35/><D35/><U36/><E131/><V60/><F87/><W5/><G5/><T62/><D62/><U105/><E105/><V29/><F86/><W56/><G16/><T47/><D47/><U80/><E97/><V38/><F29/><W92/><G96/><T25/><D25/><RYUUKYOKU ba="1,0" sc="28,30,406,-10,246,-10,320,-10" hai0="20,21,23,49,50,51,108" /><INIT seed="6,2,0,5,1,75" ten="58,396,236,310" oya="2" hai0="76,92,2,57,50,133,122,82,65,58,6,19,121" hai1="74,119,27,111,45,124,28,3,115,4,55,103,79" hai2="130,94,98,118,97,9,53,66,64,126,96,69,101" hai3="51,81,129,113,67,14,59,37,128,125,127,40,95"/><V71/><F118/><W72/><G37/><T46/><D133/><U99/><E119/><V49/><F130/><N who="3" m="50283" /><G95/><T73/><D19/><U16/><E111/><V107/><F126/><N who="3" m="48139" /><G14/><T89/><D6/><U22/><E124/><V52/><F107/><W117/><G117/><T105/><D2/><U17/><E4/><V61/><F9/><W29/><G29/><T62/><D105/><U26/><E3/><V5/><F5/><W91/><G91/><T88/><D58/><U106/><E27/><V36/><F36/><W41/><G81/><T131/><D131/><U90/><E90/><V63/><REACH who="2" step="1"/><F53/><REACH who="2" ten="58,396,226,310" step="2"/><N who="3" m="32191" /><G72/><T109/><D109/><U80/><E74/><V35/><F35/><W135/><G113/><T78/><D78/><U43/><E115/><V108/><F108/><W54/><G135/><T12/><D12/><U8/><E106/><V18/><F18/><W70/><G54/><T21/><D21/><U0/><E55/><V42/><F42/><N who="3" m="16491" /><G67/><T38/><D38/><U77/><E17/><V116/><F116/><W86/><G86/><T13/><D13/><U83/><E16/><V30/><F30/><W10/><G10/><T68/><D76/><U56/><E77/><V93/><F93/><W85/><G85/><T123/><D73/><U25/><E79/><V87/><F87/><W100/><G100/><T47/><D92/><U31/><E8/><V44/><AGARI ba="2,1" hai="44,49,52,61,63,64,66,69,71,94,96,97,98,101" machi="44" ten="20,12000,1" yaku="1,1,0,1,7,1,9,1,54,1,53,0" doraHai="75" doraHaiUra="24" who="2" fromWho="2" sc="58,-42,396,-42,226,136,310,-42" /><INIT seed="6,3,0,4,3,124" ten="16,354,362,268" oya="2" hai0="91,56,43,48,85,24,101,31,65,79,98,63,73" hai1="96,107,106,81,16,55,38,71,28,134,72,80,0" hai2="23,110,4,15,66,105,78,62,121,125,17,86,34" hai3="123,6,9,133,10,47,135,83,109,11,40,132,21"/><V39/><F121/><W33/><G33/><T88/><D73/><U26/><E0/><V41/><F105/><W52/><G123/><T61/><D79/><U54/><E71/><V113/><F34/><W36/><G109/><T59/><D43/><U27/><E38/><V102/><F102/><W20/><G6/><T131/><D48/><U126/><E28/><V114/><F4/><W19/><G83/><T129/><D59/><U108/><E108/><V29/><F29/><W22/><REACH who="3" step="1"/><G52/><REACH who="3" ten="16,354,362,258" step="2"/><T94/><D63/><U5/><E5/><V13/><F110/><W111/><G111/><T67/><D67/><U104/><E81/><V112/><F62/><W92/><G92/><N who="0" m="58567" /><D91/><U64/><E64/><V30/><F66/><W7/><G7/><T37/><D37/><U87/><E106/><V77/><F39/><W90/><G90/><T8/><D8/><U57/><E107/><V45/><F114/><W32/><G32/><T53/><D53/><U100/><E55/><V122/><F113/><W3/><G3/><T120/><D120/><U99/><E54/><V130/><F112/><W103/><G103/><T119/><D119/><U51/><E100/><V68/><F122/><W46/><G46/><T58/><D58/><U69/><E104/><V89/><F45/><W25/><AGARI ba="3,1" hai="9,10,11,19,20,21,22,25,36,40,47,132,133,135" machi="25" ten="40,5200,0" yaku="1,1,0,1,20,1,53,0" doraHai="124" doraHaiUra="60" who="3" fromWho="3" sc="16,-16,354,-16,362,-29,258,71" /><INIT seed="7,0,0,5,1,82" ten="0,338,333,329" oya="3" hai0="19,3,6,52,96,13,37,56,124,98,83,99,123" hai1="115,75,43,70,122,95,41,64,120,117,88,118,1" hai2="22,111,67,87,35,89,30,32,110,60,71,112,100" hai3="51,107,132,8,24,53,65,16,68,92,55,127,108"/><W34/><G107/><T114/><D6/><U33/><E33/><V20/><F100/><W23/><G68/><T76/><D13/><U58/><E75/><V66/><F66/><W79/><G65/><T9/><D9/><U36/><E1/><V72/><F72/><W102/><G34/><T109/><D19/><U81/><E81/><V62/><F62/><W4/><G79/><T11/><D11/><U103/><E103/><V85/><F112/><W57/><G132/><T26/><D26/><U59/><E70/><V29/><F89/><W10/><G127/><T63/><D56/><N who="1" m="21547" /><E64/><V131/><F67/><W25/><G108/><T61/><D52/><U116/><E115/><V15/><F60/><N who="3" m="35903" /><G4/><T84/><D63/><U134/><E134/><V49/><F71/><W129/><G129/><T39/><D61/><U125/><E125/><V42/><F131/><W121/><G121/><N who="1" m="46698" /><E36/><V14/><F49/><W113/><G113/><T104/><D96/><AGARI ba="0,0" hai="41,43,88,95,96,116,117,118" m="46698,21547" machi="96" ten="40,2600,0" yaku="12,1,54,1" doraHai="82" who="1" fromWho="0" sc="0,-26,338,26,333,0,329,0" owari="-26,-53.0,364,47.0,333,13.0,329,-7.0" /></mjloggm>