<mjloggm ver="2.3"><GO type="169" lobby="0"/><UN n0="%E3%83%88%E3%83%88%E3%83%AA%E5%85%88%E7%94%9F%31%39%E6%AD%B3" n1="%53%74%65%61%6C%74%68%47" n2="%74%61%74%73%75%37%30%32" n3="%E3%83%92%E3%83%AB%E3%83%99%E3%83%AB%E3%83%88" dan="18,16,16,17" rate="2288.10,2098.67,2123.88,2170.95" sx="F,M,M,M"/><TAIKYOKU oya="0"/><INIT seed="0,0,0,1,3,49" ten="250,250,250,250" oya="0" hai0="34,109,112,13,78,104,48,63,129,6,71,103,121" hai1="85,30,40,79,119,124,95,89,81,128,62,23,25" hai2="134,32,56,93,69,31,59,9,4,64,92,46,68" hai3="37,8,70,117,45,58,125,132,99,127,29,19,22"/><T61/><D112/><U7/><E119/><V118/><F118/><W73/><G70/><T28/><D121/><U120/><E120/><V123/><F134/><W21/><G73/><T55/><D129/><U106/><E128/><V82/><F69/><W20/><G132/><T50/><D109/><U135/><E135/><V47/><F68/><W96/><G29/><T35/><D78/><U54/><E124/><N who="3" m="47690" /><G58/><N who="0" m="35039" /><D34/><U66/><E40/><V94/><F59/><W51/><G37/><T2/><D13/><U76/><E106/><V57/><F56/><W5/><G19/><T0/><D6/><U75/><E7/><V116/><F31/><W53/><G117/><T3/><D3/><AGARI ba="0,0" hai="3,5,8,20,21,22,45,51,53,96,99" m="47690" machi="3" ten="30,2000,0" yaku="18,1,52,1" doraHai="49" who="3" fromWho="0" sc="250,-20,250,0,250,0,250,20" /><INIT seed="1,0,0,5,0,110" ten="230,250,250,270" oya="1" hai0="47,35,111,12,56,76,124,23,120,53,36,7,42" hai1="88,67,89,50,69,68,28,86,30,16,62,132,8" hai2="0,128,2,78,126,131,43,34,59,82,45,58,18" hai3="5,66,64,27,10,37,83,75,123,114,122,104,9"/><U32/><E69/><V97/><F18/><W46/><G27/><T6/><D35/><U55/><E132/><V33/><F97/><W90/><G104/><T22/><D111/><U98/><E98/><V40/><F82/><W102/><G102/><T25/><D124/><U63/><E89/><V91/><F45/><W61/><G90/><T54/><D120/><U94/><E32/><N who="2" m="12395" /><F91/><W117/><G117/><T24/><D76/><U74/><E74/><V100/><F78/><W118/><G118/><T112/><D112/><U95/><E95/><V77/><F100/><W119/><G114/><T13/><D36/><U49/><E63/><V15/><F15/><W71/><G66/><T133/><D47/><U20/><E8/><V116/><F77/><N who="3" m="44479" /><G10/><T105/><D42/><N who="2" m="15914" /><F126/><W106/><G106/><T52/><D54/><U72/><E72/><V96/><F96/><W3/><G119/><T29/><D105/><U135/><E135/><V17/><F17/><W127/><G127/><T103/><D103/><U38/><E38/><V79/><F79/><W26/><G26/><T108/><D108/><U85/><E85/><V70/><F70/><W107/><G107/><T11/><D133/><U60/><E60/><V99/><F99/><W39/><G39/><T41/><D41/><AGARI ba="0,0" hai="3,5,9,37,41,46,61,64,71,122,123" m="44479" machi="41" ten="30,2000,0" yaku="25,1,23,1" doraHai="110" who="3" fromWho="0" sc="230,-20,250,0,250,0,270,20" /><INIT seed="2,0,0,2,1,21" ten="210,250,250,290" oya="2" hai0="46,1,71,5,98,15,77,16,23,112,73,25,109" hai1="78,18,17,95,35,92,72,36,102,14,13,132,120" hai2="130,125,66,87,101,53,83,9,47,126,31,115,6" hai3="113,118,67,106,24,32,85,37,134,93,110,135,8"/><V65/><F115/><W40/><G106/><T111/><D112/><U84/><E36/><V56/><F130/><W33/><G113/><T27/><D71/><U129/><E35/><V3/><F47/><W62/><G118/><T57/><D73/><U69/><E69/><V100/><F31/><N who="3" m="19559" /><G40/><T26/><D77/><U11/><E129/><V30/><F30/><W20/><G37/><T128/><D128/><U48/><E132/><N who="3" m="50730" /><G33/><T4/><D98/><U76/><E72/><V64/><F126/><W80/><G20/><T99/><D99/><U96/><E120/><V91/><REACH who="2" step="1"/><F125/><REACH who="2" ten="210,250,240,290" step="2"/><W54/><G67/><T45/><D46/><U89/><E48/><AGARI ba="0,1" hai="3,6,9,48,53,56,64,65,66,83,87,91,100,101" machi="48" ten="40,3900,0" yaku="1,1,2,1,53,0" doraHai="21" doraHaiUra="43" who="2" fromWho="1" sc="210,0,250,-39,240,49,290,0" /><INIT seed="2,1,0,1,1,121" ten="210,211,289,290" oya="2" hai0="48,75,31,45,93,94,81,49,40,91,38,50,61" hai1="120,92,110,20,124,29,57,83,77,35,97,115,106" hai2="62,89,60,42,130,104,70,18,118,8,95,128,117" hai3="11,30,5,64,105,53,88,79,15,39,113,63,54"/><V43/><F104/><W23/><G105/><T131/><D131/><N who="2" m="50218" /><F18/><W28/><G39/><T100/><D31/><U24/><E120/><V26/><F26/><W96/><G79/><T0/><D100/><U122/><E122/><V116/><F8/><W21/><G113/><T12/><D61/><N who="2" m="23658" /><F70/><W112/><G112/><T1/><D12/><U111/><E106/><V107/><F107/><W66/><G30/><T37/><D37/><U73/><E115/><V123/><F123/><W119/><G119/><T7/><D91/><U109/><E124/><V80/><F80/><W101/><G101/><T103/><D103/><N who="1" m="60839" /><E57/><V47/><F47/><W44/><G44/><T98/><D98/><AGARI ba="1,0" hai="42,43,89,95,98,116,117,118" m="23658,50218" machi="98" ten="40,2000,0" yaku="19,1" doraHai="121" who="2" fromWho="0" sc="210,-23,211,0,289,23,290,0" /><INIT seed="2,2,0,3,4,115" ten="187,211,312,290" oya="2" hai0="62,35,125,91,114,21,74,53,18,103,89,50,69" hai1="47,122,95,52,73,6,134,106,17,63,55,71,96" hai2="85,20,110,129,109,11,135,7,57,12,97,9,124" hai3="70,107,8,123,86,46,121,36,34,65,88,25,68"/><V10/><F124/><W118/><G107/><T38/><D114/><U119/><E73/><V41/><F129/><W19/><G70/><T51/><D38/><U15/><E106/><V23/><F135/><W100/><G100/><T0/><D0/><U131/><E134/><V84/><F41/><W80/><G118/><T43/><D35/><U78/><E78/><V4/><F97/><W39/><G39/><T64/><D74/><U44/><E119/><V75/><F75/><W105/><G105/><T14/><D125/><U1/><E1/><N who="2" m="143" /><F57/><W83/><G83/><T61/><D103/><U22/><E6/><N who="2" m="3159" /><F85/><W132/><G132/><T98/><D98/><U82/><E122/><V56/><F84/><W127/><G127/><T26/><D61/><U77/><E131/><V54/><F56/><W112/><G112/><T13/><D43/><U58/><E71/><V16/><F54/><W42/><G68/><T66/><D51/><U5/><E5/><V133/><F23/><W113/><G113/><T30/><D64/><U24/><E55/><V101/><F101/><W126/><G65/><T90/><D50/><U102/><E82/><V33/><F33/><W104/><G104/><T76/><D53/><U28/><REACH who="1" step="1"/><E77/><REACH who="1" ten="187,201,312,290" step="2"/><V59/><F133/><W79/><G79/><T37/><D76/><U81/><E81/><V92/><F92/><W60/><G126/><T49/><D69/><U67/><E67/><V93/><F93/><W31/><G60/><T2/><D62/><U87/><E87/><V117/><F7/><W116/><G116/><T111/><D66/><U94/><E94/><RYUUKYOKU ba="2,1" sc="187,-15,201,15,312,-15,290,15" hai1="15,17,22,24,28,44,47,52,58,63,95,96,102" hai3="8,19,25,31,34,36,42,46,80,86,88,121,123" /><INIT seed="3,3,1,4,1,91" ten="172,216,297,305" oya="3" hai0="76,39,83,60,48,35,84,8,81,85,55,114,97" hai1="131,65,134,43,126,25,74,14,115,46,121,95,49" hai2="59,98,62,90,44,77,82,105,71,58,128,1,61" hai3="93,80,123,51,28,79,24,3,57,124,38,16,89"/><W18/><G3/><T118/><D118/><U27/><E121/><V29/><F128/><W33/><G38/><T19/><D39/><U106/><E106/><V108/><F1/><W70/><G70/><T94/><D114/><U102/><E131/><V110/><F44/><W107/><G107/><T15/><D35/><U36/><E115/><V41/><F41/><W30/><G30/><T130/><D130/><U112/><E112/><V129/><F29/><W75/><G123/><T54/><D60/><N who="2" m="23146" /><F71/><W67/><G67/><T37/><D37/><U132/><E65/><V23/><F23/><W4/><G4/><T0/><D0/><U34/><E126/><V104/><F90/><W64/><G64/><T5/><D5/><U12/><E36/><V69/><F69/><W17/><G124/><T56/><D54/><U7/><E74/><N who="2" m="43319" /><F105/><W86/><G57/><T21/><D8/><U109/><E109/><V11/><F11/><W100/><G100/><T88/><REACH who="0" step="1"/><D83/><REACH who="0" ten="162,216,297,305" step="2"/><U2/><E2/><V133/><F129/><W125/><G125/><T99/><AGARI ba="3,2" hai="15,19,21,48,55,56,76,81,84,85,88,94,97,99" machi="99" ten="30,16000,3" yaku="1,1,2,1,0,1,25,2,8,1,52,1,54,1,53,0" doraHai="91" doraHaiUra="120" who="0" fromWho="0" sc="162,189,216,-43,297,-43,305,-83" /><INIT seed="4,0,0,2,4,64" ten="351,173,254,222" oya="0" hai0="109,22,132,25,15,39,115,129,34,11,80,14,17" hai1="31,46,118,112,1,116,127,111,68,126,10,43,133" hai2="48,135,124,78,105,36,107,89,85,101,18,122,40" hai3="128,113,33,35,66,110,58,95,104,30,4,121,92"/><T79/><D39/><U60/><E31/><V51/><F36/><W73/><G104/><N who="2" m="40009" /><F51/><W98/><G73/><T6/><D115/><U91/><E91/><V75/><F48/><W76/><G110/><T86/><D129/><U102/><E102/><V119/><F18/><W55/><G121/><T82/><D132/><U63/><E10/><V47/><F40/><W83/><G128/><T20/><D109/><U71/><E1/><V29/><F47/><W67/><G4/><T54/><D34/><U100/><E100/><V97/><F29/><W70/><G113/><T21/><D82/><U24/><E24/><V28/><F28/><W61/><G66/><T106/><D106/><U57/><E112/><V96/><F135/><W26/><G35/><T125/><D125/><N who="1" m="47627" /><E133/><V93/><F119/><N who="1" m="45609" /><E111/><V77/><F122/><W41/><G41/><T108/><D108/><U99/><E99/><N who="2" m="59631" /><F124/><W5/><G98/><N who="2" m="37993" /><F75/><W3/><G3/><T123/><D123/><U0/><E0/><V84/><F85/><W69/><G5/><N who="0" m="3439" /><D54/><N who="1" m="33847" /><E63/><V7/><F7/><W74/><REACH who="3" step="1"/><G55/><REACH who="3" ten="351,173,254,212" step="2"/><T2/><D2/><U120/><E120/><V53/><F53/><W134/><G134/><T27/><D6/><U103/><E103/><V72/><F72/><W81/><G81/><AGARI ba="0,1" hai="77,78,81,84,89" m="37993,59631,40009" machi="81" ten="30,8000,1" yaku="35,5" doraHai="64" who="2" fromWho="3" sc="351,0,173,0,254,90,212,-80" /><INIT seed="5,0,0,2,3,38" ten="351,173,344,132" oya="1" hai0="110,4,19,100,77,15,135,29,130,8,123,34,41" hai1="102,63,44,114,62,18,21,131,65,105,94,14,6" hai2="93,106,27,48,134,107,125,47,5,42,124,50,99" hai3="92,116,16,26,69,82,66,84,39,133,64,113,59"/><U87/><E114/><V118/><F118/><W96/><G39/><T51/><D110/><U109/><E109/><V90/><F134/><W55/><G69/><T95/><D135/><U2/><E131/><V132/><F132/><W103/><G116/><T61/><D130/><U46/><E105/><V36/><F5/><W53/><G113/><T23/><D123/><U78/><E2/><V1/><F1/><W74/><G74/><T20/><D34/><U9/><E63/><V120/><F120/><W112/><G112/><T30/><D77/><U121/><E121/><V91/><F90/><W101/><G101/><T56/><D23/><U17/><E78/><V70/><F70/><W43/><G133/><T13/><D95/><U11/><E6/><V97/><F27/><W122/><G43/><T67/><D100/><U126/><E126/><N who="2" m="48747" /><F99/><W45/><G45/><AGARI ba="0,0" hai="4,8,13,15,19,20,29,30,41,45,51,56,61,67" machi="45" ten="40,2600,0" yaku="8,1,52,1" doraHai="38" who="0" fromWho="3" sc="351,26,173,0,344,0,132,-26" /><INIT seed="6,0,0,0,3,101" ten="377,173,344,106" oya="2" hai0="83,85,80,56,11,27,3,16,103,87,45,42,93" hai1="8,59,110,46,135,133,123,78,86,60,98,25,4" hai2="28,114,39,117,0,24,2,34,37,50,91,12,92" hai3="62,112,129,121,96,126,130,18,104,109,127,30,79"/><V20/><F114/><W43/><G30/><T107/><D107/><U53/><E123/><V15/><F117/><W97/><G121/><T48/><D3/><U82/><E110/><V99/><F12/><W61/><G43/><T69/><D69/><U38/><E25/><V100/><F2/><W67/><G61/><T125/><D125/><N who="3" m="47625" /><G79/><T106/><D106/><U124/><E124/><V9/><F91/><W6/><G6/><T35/><D35/><U51/><E38/><V132/><F132/><N who="1" m="50761" /><E98/><V122/><F122/><W66/><G96/><N who="0" m="59791" /><D56/><U102/><E102/><V36/><F0/><W72/><G72/><T71/><D71/><U13/><E60/><V89/><F50/><W118/><G18/><T113/><D113/><U58/><AGARI ba="0,0" hai="4,8,13,46,51,53,58,59,78,82,86" m="50761" machi="58" ten="30,1100,0" yaku="20,1" doraHai="101" who="1" fromWho="1" sc="377,-3,173,11,344,-5,106,-3" /><INIT seed="7,0,0,3,1,104" ten="374,184,339,103" oya="3" hai0="89,35,20,44,50,30,75,132,25,74,70,3,81" hai1="62,21,94,66,38,10,39,16,82,59,106,52,60" hai2="27,55,111,109,68,125,126,29,83,73,24,45,23" hai3="101,108,15,9,110,19,31,22,49,103,69,84,117"/><W53/><G69/><T0/><D70/><U122/><E106/><V105/><F105/><W67/><G117/><T2/><D132/><U85/><E122/><V99/><F99/><W14/><G67/><T8/><D35/><U100/><E10/><V112/><F68/><W124/><G124/><N who="2" m="47721" /><F112/><W18/><G31/><T1/><D89/><U37/><E94/><V64/><F64/><W26/><G26/><T5/><REACH who="0" step="1"/><D81/><REACH who="0" ten="364,184,339,103" step="2"/><U51/><E100/><V57/><F45/><W92/><G110/><T76/><D76/><U77/><E60/><N who="2" m="35903" /><F27/><W12/><G108/><T56/><D56/><U11/><E11/><V116/><F116/><W114/><G114/><T61/><D61/><U79/><E79/><AGARI ba="0,1" hai="23,24,29,73,79,83,109,111" m="35903,47721" machi="79" ten="30,2000,0" yaku="18,1,52,1" doraHai="104" who="2" fromWho="1" sc="364,0,184,-20,339,30,103,0" owari="364,16.0,164,-24.0,369,48.0,103,-40.0" /></mjloggm>