<mjloggm ver="2.3"><GO type="169" lobby="0"/><UN n0="%E3%82%A6%E3%83%AB%E3%83%88%E3%83%A9%E7%AB%8B%E7%9B%B4" n1="%E3%81%87%E3%82%8B%E3%81%87%E3%82%8B" n2="%73%74%32%31%30" n3="%72%65%6F%5F%42%42" dan="17,16,16,16" rate="2196.91,2141.23,2025.41,2054.79" sx="M,F,M,M"/><TAIKYOKU oya="0"/><INIT seed="0,0,0,3,3,24" ten="250,250,250,250" oya="0" hai0="40,43,52,23,109,133,118,127,87,57,110,5,8" hai1="63,129,119,123,48,105,35,68,91,73,90,77,93" hai2="78,25,128,31,58,27,53,7,59,20,98,126,80" hai3="114,6,85,124,32,94,97,130,12,14,71,61,76"/><T42/><D118/><U102/><E35/><V135/><F135/><W131/><G114/><T0/><D133/><U62/><E119/><V67/><F126/><W112/><G112/><T13/><D127/><U16/><E123/><V115/><F128/><W120/><G32/><T79/><D79/><U17/><E129/><V4/><F115/><W38/><G38/><T21/><D87/><U111/><E91/><V117/><F117/><W22/><G85/><T66/><D66/><U113/><E113/><V84/><F27/><W1/><G1/><T70/><D70/><U41/><E68/><V34/><F34/><W92/><G76/><T44/><D44/><U106/><E106/><V49/><REACH who="2" step="1"/><F98/><REACH who="2" ten="250,250,240,250" step="2"/><W125/><G97/><T99/><D99/><U45/><E111/><N who="0" m="42505" /><D0/><U37/><E37/><V11/><F11/><W108/><G108/><T47/><D47/><U74/><E45/><V18/><F18/><W3/><G3/><T2/><D2/><U19/><E17/><V122/><F122/><W60/><G120/><T36/><D36/><U39/><E19/><V33/><F33/><W26/><G131/><T88/><D88/><U103/><E16/><V72/><F72/><W86/><G130/><T134/><D134/><U30/><E39/><V96/><F96/><W65/><G124/><T56/><D56/><U81/><E105/><V121/><F121/><W75/><G75/><T69/><D69/><U64/><E74/><V116/><F116/><W9/><G71/><T95/><D95/><U101/><E73/><V15/><F15/><W83/><G125/><T28/><D28/><RYUUKYOKU ba="0,1" sc="250,15,250,-15,240,15,250,-15" hai0="5,8,13,21,23,40,42,43,52,57" hai2="4,7,20,25,31,49,53,58,59,67,78,80,84" /><INIT seed="0,1,1,0,5,115" ten="265,235,255,235" oya="0" hai0="91,92,19,17,121,55,5,0,88,12,26,132,130" hai1="82,122,56,67,42,64,10,96,27,118,80,113,7" hai2="20,50,76,29,107,47,128,81,68,98,32,77,101" hai3="14,8,59,111,114,90,4,85,75,39,6,13,57"/><T34/><D121/><U66/><E122/><V1/><F1/><W133/><G75/><T37/><D37/><U109/><E113/><V61/><F128/><W53/><G39/><T28/><D130/><U46/><E109/><V112/><F112/><W134/><G111/><T63/><D132/><N who="3" m="50793" /><G114/><T9/><D19/><U95/><E27/><N who="2" m="18495" /><F81/><N who="3" m="49455" /><G53/><T79/><D79/><U33/><E33/><V87/><F87/><W110/><G110/><T72/><D72/><U38/><E56/><V35/><F35/><W23/><G4/><T131/><D131/><U60/><E60/><V94/><F94/><W93/><G93/><T51/><D63/><U41/><E41/><N who="2" m="24943" /><F20/><W71/><G71/><T123/><D92/><U102/><REACH who="1" step="1"/><E118/><REACH who="1" ten="265,225,255,235" step="2"/><V30/><F61/><W3/><G3/><AGARI ba="1,2" hai="3,7,10,38,42,46,64,66,67,80,82,95,96,102" machi="3" ten="40,5200,0" yaku="1,1,2,1,53,1" doraHai="115" doraHaiUra="69" who="1" fromWho="3" sc="265,0,225,75,255,0,235,-55" /><INIT seed="1,0,0,0,4,119" ten="265,300,255,180" oya="1" hai0="134,46,83,69,49,14,116,23,73,48,35,27,112" hai1="36,86,47,106,101,38,0,28,80,81,105,31,127" hai2="97,42,62,85,98,3,19,71,93,40,55,120,131" hai3="90,63,100,82,115,39,95,92,37,65,123,126,12"/><U67/><E0/><V104/><F3/><W133/><G115/><T20/><D69/><U17/><E67/><V21/><F104/><W18/><G133/><T24/><D112/><U45/><E17/><V94/><F85/><W29/><G126/><T58/><D116/><U6/><E6/><V57/><F71/><W78/><G29/><T109/><D14/><U33/><E86/><V66/><F66/><W1/><G1/><T60/><D35/><U129/><E127/><V84/><F84/><W130/><G130/><T128/><D46/><U135/><E129/><V41/><F131/><W89/><G100/><T53/><D109/><U10/><E101/><V5/><F5/><W59/><G92/><N who="2" m="35433" /><F120/><W72/><G123/><T13/><D134/><U99/><E135/><V70/><F70/><W125/><G125/><T54/><D128/><U122/><E10/><V107/><F107/><W87/><REACH who="3" step="1"/><G89/><REACH who="3" ten="265,300,255,170" step="2"/><T15/><D83/><U68/><E122/><V96/><F96/><W8/><AGARI ba="0,1" hai="8,12,18,37,39,59,63,65,72,78,82,87,90,95" machi="8" ten="20,5200,0" yaku="1,1,2,1,0,1,7,1,53,0" doraHai="119" doraHaiUra="22" who="3" fromWho="3" sc="265,-13,300,-26,255,-13,170,62" /><INIT seed="2,0,0,1,4,86" ten="252,274,242,232" oya="2" hai0="114,24,111,30,22,127,80,33,62,131,105,13,36" hai1="6,61,8,4,45,44,14,70,112,119,75,124,42" hai2="66,132,92,27,69,83,59,49,129,77,28,101,133" hai3="43,120,74,10,50,99,97,102,134,71,93,117,104"/><V90/><F101/><W17/><G71/><T94/><D36/><U53/><E75/><V40/><F69/><W58/><G74/><T116/><D105/><U82/><E119/><V68/><F68/><W76/><G76/><T110/><D80/><U5/><E112/><V32/><F129/><W39/><G134/><N who="2" m="51817" /><F40/><W21/><G10/><T95/><D114/><U125/><E70/><V51/><F59/><W7/><G7/><T16/><D127/><N who="1" m="48715" /><E82/><V123/><F66/><W23/><G120/><T31/><D131/><U57/><E44/><V35/><F35/><W56/><G23/><T52/><D31/><U67/><E67/><V130/><F130/><W0/><G58/><N who="0" m="35143" /><D116/><U48/><AGARI ba="0,0" hai="4,5,6,8,14,42,45,48,53,57,61" m="48715" machi="48" ten="30,1100,0" yaku="18,1" doraHai="86" who="1" fromWho="1" sc="252,-3,274,11,242,-5,232,-3" /><INIT seed="3,0,0,0,3,25" ten="249,285,237,229" oya="3" hai0="114,122,70,103,51,93,81,5,37,101,17,11,36" hai1="8,63,10,64,28,86,20,109,126,42,16,124,38" hai2="131,33,15,106,123,84,56,67,129,125,4,45,128" hai3="92,80,53,134,97,130,48,111,13,113,102,31,77"/><W117/><G113/><T54/><D70/><U100/><E100/><V82/><F106/><W98/><G117/><T76/><D17/><U66/><E42/><V0/><F0/><W50/><G134/><T14/><D122/><U68/><E38/><V12/><F125/><N who="1" m="48233" /><E109/><V18/><F123/><W116/><G130/><T72/><D114/><U108/><E108/><V7/><F45/><W75/><G116/><T41/><D41/><U85/><E66/><V133/><F133/><W6/><G111/><T120/><D120/><U23/><E23/><N who="2" m="11719" /><F33/><W119/><G119/><T115/><D115/><U96/><E96/><V88/><F15/><W9/><G53/><T132/><D132/><U107/><E107/><V83/><F82/><W52/><G98/><T34/><D34/><U135/><E135/><V95/><F95/><W49/><REACH who="3" step="1"/><G31/><REACH who="3" ten="249,285,237,219" step="2"/><T39/><D54/><U35/><E28/><V3/><F3/><W87/><G87/><T90/><D72/><U22/><E86/><V59/><F67/><W78/><G78/><T89/><D76/><U71/><E85/><V47/><F131/><W62/><G62/><T91/><D90/><U57/><E63/><V30/><F30/><W104/><G104/><T118/><D91/><U44/><E64/><V1/><F129/><W55/><AGARI ba="0,1" hai="6,9,13,48,49,50,52,55,75,77,80,92,97,102" machi="55" ten="30,6000,0" yaku="1,1,0,1,54,1,53,0" doraHai="25" doraHaiUra="32" who="3" fromWho="3" sc="249,-20,285,-20,237,-20,219,70" /><INIT seed="3,1,0,5,4,104" ten="229,265,217,289" oya="3" hai0="100,18,38,126,102,110,19,49,13,66,9,58,53" hai1="78,80,21,8,47,81,54,36,14,44,51,24,71" hai2="115,95,97,30,127,116,75,26,46,40,15,135,82" hai3="11,107,124,16,69,131,120,2,0,5,133,89,55"/><W67/><G107/><T34/><D34/><U112/><E71/><V118/><F115/><W29/><G67/><T128/><D38/><U106/><E106/><V111/><F111/><W62/><G62/><T45/><D110/><U68/><E68/><V73/><F127/><W123/><G55/><T99/><D126/><U31/><E112/><V25/><F15/><N who="3" m="7295" /><G89/><T57/><D128/><U117/><E117/><V74/><F82/><W39/><G39/><T60/><D19/><U125/><E125/><V129/><F129/><W17/><G133/><T59/><REACH who="0" step="1"/><D100/><REACH who="0" ten="219,265,217,289" step="2"/><U94/><E36/><V43/><F135/><W61/><G17/><T72/><D72/><U132/><E132/><V22/><F26/><W114/><G114/><T48/><D48/><U109/><E109/><V96/><F43/><W23/><G131/><T50/><D50/><U90/><E47/><V63/><F63/><W20/><G124/><T101/><D101/><U1/><E78/><V98/><REACH who="2" step="1"/><F95/><AGARI ba="1,1" hai="9,13,18,45,49,53,57,58,59,60,66,95,99,102" machi="95" ten="30,7700,0" yaku="1,1,7,1,8,1,53,1" doraHai="104" doraHaiUra="88" who="0" fromWho="2" sc="219,90,265,0,217,-80,289,0" /><INIT seed="4,0,0,3,1,110" ten="309,265,137,289" oya="0" hai0="119,85,42,81,8,133,17,6,31,107,35,118,104" hai1="66,126,100,60,73,19,64,121,129,50,99,101,65" hai2="33,34,44,9,84,53,131,98,7,23,93,0,26" hai3="63,78,30,4,3,79,96,77,16,102,83,40,67"/><T54/><D42/><U117/><E73/><V88/><F131/><W43/><G30/><T68/><D68/><U1/><E1/><V92/><F44/><W124/><G124/><T52/><D17/><U38/><E38/><V80/><F53/><W12/><G4/><T32/><D85/><U49/><E121/><V27/><F92/><W36/><G83/><T75/><D6/><U135/><E117/><V90/><REACH who="2" step="1"/><F27/><REACH who="2" ten="309,265,127,289" step="2"/><W113/><G43/><T116/><D54/><U29/><E129/><V125/><F125/><W91/><G40/><T55/><D52/><U10/><E126/><V28/><AGARI ba="0,1" hai="0,7,9,23,26,28,33,34,80,84,88,90,93,98" machi="28" ten="20,5200,0" yaku="1,1,0,1,7,1,54,1,53,0" doraHai="110" doraHaiUra="105" who="2" fromWho="2" sc="309,-26,265,-13,127,62,289,-13" /><INIT seed="5,0,0,5,4,88" ten="283,252,189,276" oya="1" hai0="119,96,33,14,111,66,34,67,92,69,63,118,72" hai1="131,91,122,87,50,99,54,127,64,79,115,21,38" hai2="22,112,97,93,31,124,62,106,26,78,47,134,103" hai3="84,29,40,113,57,7,49,4,83,105,125,70,130"/><U15/><E38/><V104/><F124/><W24/><G105/><T65/><D72/><U12/><E122/><V44/><F134/><W1/><G70/><T75/><D75/><U32/><E32/><V60/><F104/><W95/><G1/><T71/><D111/><U45/><E127/><V101/><F78/><W19/><G19/><T35/><D14/><U6/><E64/><V90/><F112/><W20/><G130/><T102/><REACH who="0" step="1"/><D63/><REACH who="0" ten="273,252,189,276" step="2"/><U121/><E121/><V77/><F62/><W74/><G74/><T17/><D17/><U36/><E115/><V68/><F68/><AGARI ba="0,1" hai="33,34,35,65,66,67,68,69,71,92,96,102,118,119" machi="68" ten="50,8000,1" yaku="1,1,52,1,53,3" doraHai="88" doraHaiUra="30" who="0" fromWho="2" sc="273,90,252,0,189,-80,276,0" /><INIT seed="6,0,0,3,0,115" ten="363,252,109,276" oya="2" hai0="65,72,53,91,33,30,42,67,11,20,25,39,85" hai1="54,103,88,86,95,90,14,71,78,89,66,109,59" hai2="105,76,82,75,77,62,84,74,49,98,68,83,133" hai3="80,63,108,52,21,41,61,124,118,44,112,125,51"/><V120/><F68/><W69/><G108/><T58/><D72/><U101/><E109/><V32/><F32/><W130/><G112/><T116/><D116/><U102/><E71/><V16/><F120/><W119/><G130/><T93/><D39/><U45/><E66/><V92/><F105/><W121/><G121/><T8/><D42/><U123/><E123/><V60/><F49/><N who="3" m="26767" /><G21/><T96/><D33/><U79/><E45/><V97/><F133/><W15/><G15/><T107/><D85/><U129/><E129/><V28/><F28/><W5/><G5/><T18/><D107/><U134/><E14/><V13/><F75/><W4/><G80/><T47/><D47/><U100/><N who="1" m="25600" /><DORA hai="122" /><U37/><E37/><V27/><F27/><W10/><G10/><N who="0" m="3627" /><D30/><U17/><E17/><V24/><F24/><W110/><G110/><T26/><D26/><U131/><E131/><V113/><F113/><W0/><G0/><T38/><D38/><U9/><E9/><V114/><F114/><W127/><G4/><T3/><D3/><U132/><E95/><V6/><F6/><W70/><G70/><T50/><AGARI ba="0,0" hai="18,20,25,50,53,58,65,67,91,93,96" m="3627" machi="50" ten="30,1100,0" yaku="8,1" doraHai="115,122" who="0" fromWho="0" sc="363,11,252,-3,109,-5,276,-3" /><INIT seed="7,0,0,5,4,45" ten="374,249,104,273" oya="3" hai0="95,68,73,91,39,70,130,26,116,113,33,3,115" hai1="41,11,120,94,79,9,81,32,24,0,76,20,29" hai2="123,56,23,110,88,103,18,35,46,5,65,51,117" hai3="43,67,74,64,13,8,109,72,128,98,6,14,34"/><W77/><G34/><T58/><D39/><U124/><E120/><V87/><F110/><W10/><G74/><T25/><D3/><U15/><E124/><V71/><F117/><W97/><G72/><T28/><D73/><U105/><E105/><V82/><F71/><W30/><G77/><T86/><D116/><U99/><E41/><V44/><F35/><W111/><G30/><T16/><D58/><U36/><E36/><V53/><F123/><W108/><G43/><T85/><D85/><U96/><E96/><V61/><F5/><W131/><G111/><T89/><D89/><U112/><E112/><N who="0" m="43081" /><D130/><U17/><E81/><V27/><REACH who="2" step="1"/><F103/><REACH who="2" ten="374,249,94,273" step="2"/><W121/><G121/><T93/><D70/><U104/><E104/><V127/><F127/><W126/><G126/><T52/><D68/><U62/><E11/><V7/><F7/><AGARI ba="0,1" hai="6,7,8,10,13,14,64,67,97,98,108,109,128,131" machi="7" ten="25,2400,0" yaku="22,2" doraHai="45" who="3" fromWho="2" sc="374,0,249,0,94,-24,273,34" /><INIT seed="7,1,0,0,5,86" ten="374,249,70,307" oya="3" hai0="48,1,27,84,102,113,58,0,16,46,62,38,8" hai1="110,60,128,132,24,17,98,99,11,92,37,23,122" hai2="105,47,104,133,9,131,80,54,127,96,115,76,31" hai3="100,2,26,82,123,120,112,75,18,13,68,61,119"/><W35/><G2/><T44/><D38/><U67/><E122/><V135/><F31/><W125/><G119/><T83/><D102/><U56/><E37/><V12/><F9/><W64/><G112/><T116/><D113/><U101/><E110/><V85/><F12/><W121/><G125/><T70/><D70/><U14/><E132/><V3/><F3/><W89/><G100/><T94/><D94/><U103/><E128/><V57/><F47/><W130/><G130/><T7/><D0/><U77/><E77/><V49/><F131/><W106/><G106/><T5/><D5/><U107/><E107/><V74/><F104/><W30/><G75/><T32/><D48/><U40/><E40/><V51/><F51/><W6/><G6/><T41/><D41/><U34/><E34/><V33/><F33/><W43/><G18/><T111/><D111/><U114/><E114/><V25/><F25/><W78/><G13/><T52/><D116/><U87/><E87/><V45/><F74/><W29/><G29/><T15/><D32/><U124/><E124/><V117/><F117/><W66/><G66/><T65/><D65/><U90/><REACH who="1" step="1"/><E99/><REACH who="1" ten="374,239,70,307" step="2"/><V109/><F115/><W95/><G43/><T63/><D84/><U20/><E20/><V50/><F109/><W22/><G22/><T55/><D8/><U108/><E108/><V97/><F127/><W69/><G121/><T19/><D1/><U36/><E36/><V39/><F39/><W79/><G123/><T28/><D15/><U4/><AGARI ba="1,1" hai="4,11,14,17,23,24,56,60,67,90,92,98,101,103" machi="4" ten="20,8000,1" yaku="1,1,0,1,7,1,8,1,52,1,53,0" doraHai="86" doraHaiUra="73" who="1" fromWho="1" sc="374,-21,239,93,70,-21,307,-41" owari="353,45.0,332,13.0,49,-45.0,266,-13.0" /></mjloggm>