<mjloggm ver="2.3"><GO type="169" lobby="0"/><UN n0="%53%61%6D%6D%61%32" n1="%E8%B6%85%E3%82%A4%E3%83%B3%E3%82%BF%E3%83%BC%E3%83%8D%E3%83%83%E3%83%88" n2="%E3%82%A6%E3%83%AB%E3%83%88%E3%83%A9%E7%AB%8B%E7%9B%B4" n3="%E7%82%8E%E3%81%AE%E3%82%B7%E3%83%A5%E3%83%AC%E3%83%B3" dan="16,17,17,17" rate="2103.54,2174.81,2197.51,2154.98" sx="M,M,M,M"/><TAIKYOKU oya="0"/><INIT seed="0,0,0,4,5,58" ten="250,250,250,250" oya="0" hai0="105,29,100,84,101,2,34,48,64,86,6,47,45" hai1="23,28,12,26,73,65,3,25,39,79,120,112,119" hai2="125,55,89,16,106,97,93,15,82,43,115,52,128" hai3="87,44,121,96,17,134,113,33,116,72,88,46,76"/><T91/><D2/><U0/><E39/><V53/><F128/><W110/><G33/><T131/><D6/><U13/><E79/><V22/><F125/><W66/><G113/><T90/><D131/><U68/><E73/><V37/><F106/><W118/><G44/><T50/><D34/><N who="1" m="20751" /><E65/><V42/><F115/><W18/><G18/><T49/><D29/><N who="1" m="17631" /><E68/><V40/><REACH who="2" step="1"/><F82/><REACH who="2" ten="250,250,240,250" step="2"/><W103/><G116/><T35/><D105/><U98/><E119/><V69/><F69/><W5/><G118/><T126/><D126/><U27/><E112/><V92/><F92/><W129/><G129/><T8/><D35/><U85/><E120/><V133/><F133/><W14/><G134/><T74/><D74/><U61/><E3/><V117/><F117/><W57/><G72/><T108/><D108/><U11/><E0/><V70/><F70/><W130/><G121/><T9/><REACH who="0" step="1"/><D50/><REACH who="0" ten="240,250,240,250" step="2"/><U41/><E13/><V94/><F94/><W83/><G130/><T77/><D77/><U81/><E12/><V1/><F1/><W99/><G110/><T111/><D111/><U124/><E124/><V60/><F60/><W132/><G132/><T7/><D7/><U62/><E61/><V51/><F51/><W24/><G5/><T19/><D19/><U36/><E62/><V127/><F127/><W75/><G75/><T31/><D31/><U95/><E95/><V122/><F122/><W78/><G76/><T135/><D135/><U30/><E30/><V20/><F20/><W114/><G78/><T104/><D104/><U54/><E81/><V123/><F123/><W38/><G83/><RYUUKYOKU ba="0,2" sc="240,15,250,-15,240,15,250,-15" hai0="8,9,45,47,48,49,64,84,86,90,91,100,101" hai2="15,16,22,37,40,42,43,52,53,55,89,93,97" /><INIT seed="0,1,2,5,5,125" ten="255,235,255,235" oya="0" hai0="62,116,21,40,102,14,15,131,133,39,45,132,73" hai1="94,18,108,6,35,115,41,82,38,79,93,112,43" hai2="69,28,95,103,61,114,70,56,105,130,51,96,74" hai3="1,19,106,86,104,65,23,31,75,78,135,58,53"/><T48/><D73/><U126/><E35/><V84/><F51/><W12/><G1/><T88/><D116/><U134/><E126/><V55/><F28/><W24/><G135/><N who="0" m="51787" /><D102/><U27/><E134/><V63/><F63/><W98/><G75/><T11/><D62/><U47/><E6/><V3/><F3/><W46/><G65/><T124/><D124/><U99/><E43/><V123/><F123/><W92/><G46/><T100/><D100/><U34/><E108/><V16/><F16/><W7/><G7/><T71/><D71/><U117/><E117/><V118/><F74/><W30/><G78/><T91/><D39/><U89/><E94/><V120/><F120/><W90/><G98/><T59/><D59/><U4/><E4/><V0/><F118/><W119/><G119/><T42/><D40/><U20/><REACH who="1" step="1"/><E34/><REACH who="1" ten="255,225,255,235" step="2"/><V44/><F95/><W32/><REACH who="3" step="1"/><G31/><REACH who="3" ten="255,225,255,225" step="2"/><T83/><D83/><U110/><E110/><V25/><F0/><W128/><G128/><T36/><D131/><U68/><E68/><V8/><F70/><W121/><G121/><T2/><D2/><U9/><E9/><V13/><F69/><W17/><G17/><N who="0" m="10423" /><D36/><U81/><E81/><V80/><F80/><W10/><G10/><T72/><D72/><AGARI ba="1,4" hai="18,20,27,38,41,47,72,79,82,89,93,99,112,115" machi="72" ten="40,2600,0" yaku="1,1,53,1" doraHai="125" doraHaiUra="76" who="1" fromWho="0" sc="255,-29,225,69,255,0,225,0" /><INIT seed="1,0,0,2,1,27" ten="226,294,255,225" oya="1" hai0="125,30,112,4,79,124,54,53,11,16,29,92,44" hai1="114,12,37,26,117,84,109,62,126,2,14,38,111" hai2="118,41,130,65,97,40,39,102,73,70,96,28,52" hai3="95,55,77,107,127,49,3,98,103,56,120,129,128"/><U108/><E2/><V134/><F73/><W113/><G120/><T63/><D112/><U20/><E114/><V119/><F130/><N who="3" m="50283" /><G113/><T0/><D79/><U68/><E117/><V104/><F134/><W72/><G127/><N who="0" m="48715" /><D92/><U57/><E68/><V45/><F41/><W132/><G132/><T91/><D91/><U116/><E84/><V122/><F122/><W106/><G3/><T131/><D131/><U87/><E87/><V32/><F52/><N who="0" m="20074" /><D63/><U10/><E126/><V115/><F97/><W22/><G22/><T86/><D86/><U47/><E20/><V59/><F59/><W110/><G110/><T17/><D44/><U69/><E47/><V43/><F115/><W89/><G89/><T80/><D80/><AGARI ba="0,0" hai="49,55,56,72,77,80,95,98,103,106,107" m="50283" machi="80" ten="30,1000,0" yaku="19,1" doraHai="27" who="3" fromWho="0" sc="226,-10,294,0,255,0,225,10" /><INIT seed="2,0,0,4,1,54" ten="216,294,255,235" oya="2" hai0="124,114,108,28,135,51,113,42,110,5,31,80,117" hai1="132,81,125,119,98,3,67,82,73,127,48,52,89" hai2="47,122,23,88,77,76,115,37,59,112,33,134,35" hai3="130,99,58,6,129,41,75,105,87,34,120,13,15"/><V126/><F122/><W14/><G75/><T84/><D42/><U63/><E3/><V60/><F47/><W66/><G120/><T24/><D117/><U19/><E119/><V85/><F37/><W86/><G34/><T11/><D51/><U21/><E132/><V69/><F69/><W45/><G6/><T97/><D97/><U72/><E98/><V50/><F50/><N who="3" m="26927" /><G105/><T121/><D121/><U93/><E93/><V53/><F134/><W57/><G99/><T56/><D135/><U7/><E7/><V131/><F131/><N who="3" m="50187" /><G66/><T107/><D107/><U55/><E73/><V4/><F4/><W94/><G94/><T16/><D124/><U96/><E72/><V65/><F126/><W32/><G32/><T46/><D46/><U133/><E133/><V91/><F35/><W95/><G95/><T30/><D84/><AGARI ba="0,0" hai="13,14,15,57,58,84,86,87" m="50187,26927" machi="84" ten="30,3900,0" yaku="19,1,52,2" doraHai="54" who="3" fromWho="0" sc="216,-39,294,0,255,0,235,39" /><INIT seed="3,0,0,4,5,129" ten="177,294,255,274" oya="3" hai0="16,91,121,87,0,11,108,30,105,122,31,28,130" hai1="55,17,36,51,120,84,133,97,10,22,102,14,107" hai2="88,90,79,131,98,63,41,20,116,56,89,127,65" hai3="71,43,109,9,26,112,119,103,85,61,52,54,7"/><W64/><G119/><T68/><D68/><U114/><E36/><V33/><F33/><W62/><G112/><T113/><D105/><U27/><E114/><V78/><F116/><W59/><G109/><T104/><D104/><U123/><E84/><V12/><F127/><W126/><G126/><T75/><D75/><U135/><E123/><V25/><F131/><W69/><G103/><T82/><D113/><U92/><E107/><V6/><F41/><W45/><G26/><T93/><D130/><U58/><REACH who="1" step="1"/><E120/><REACH who="1" ten="177,284,255,274" step="2"/><V70/><F98/><W72/><G85/><T77/><D108/><U4/><AGARI ba="0,1" hai="4,10,14,17,22,27,51,55,58,92,97,102,133,135" machi="4" ten="30,12000,2" yaku="1,1,2,1,0,1,52,2,53,1" doraHai="129" doraHaiUra="8" who="1" fromWho="1" sc="177,-30,284,130,255,-30,274,-60" /><INIT seed="4,0,0,3,2,4" ten="147,414,225,214" oya="0" hai0="47,44,48,39,10,53,57,23,110,65,103,59,43" hai1="12,119,31,62,115,102,33,133,116,41,74,90,24" hai2="29,100,14,93,52,98,19,130,13,70,69,15,112" hai3="8,78,54,129,73,61,3,58,38,76,125,77,17"/><T104/><D23/><U68/><E74/><V51/><F29/><W87/><G73/><T81/><D81/><U50/><E133/><V30/><F30/><W127/><G129/><T86/><D86/><U79/><E79/><V11/><F112/><W18/><G38/><T28/><D28/><U22/><E102/><V123/><F130/><W42/><G42/><N who="0" m="22623" /><D10/><U9/><E90/><V96/><F123/><W60/><G87/><T55/><D103/><U91/><E91/><V6/><F98/><W135/><G61/><N who="0" m="38063" /><D104/><U108/><E22/><V106/><F106/><W2/><G135/><T89/><D89/><U107/><E107/><V16/><F14/><N who="3" m="7367" /><G18/><T37/><D55/><U132/><E132/><V32/><F32/><W109/><G2/><T5/><D5/><U27/><E31/><V121/><F6/><W92/><G92/><T20/><D20/><U56/><E33/><V49/><F52/><W26/><G3/><T36/><D110/><U1/><E1/><V67/><F19/><W122/><G109/><T84/><D84/><U126/><E108/><V111/><F16/><W128/><G128/><T35/><D35/><U45/><E27/><V85/><F85/><W113/><G26/><T101/><D101/><U64/><E24/><V34/><F100/><W83/><G83/><T88/><D88/><U99/><E99/><V72/><F96/><W95/><G95/><T7/><D7/><U131/><E131/><V117/><F93/><W40/><G78/><T118/><D118/><U80/><E116/><V105/><F117/><W21/><G77/><T134/><D134/><RYUUKYOKU ba="0,0" sc="147,30,414,-10,225,-10,214,-10" hai0="36,37,43,47,48,53,59" /><INIT seed="4,1,0,3,0,31" ten="177,404,215,204" oya="0" hai0="46,39,77,37,18,69,130,38,75,54,45,3,86" hai1="23,41,6,117,2,111,8,112,129,72,14,73,106" hai2="56,35,132,12,78,124,95,13,19,133,16,131,82" hai3="76,9,65,1,109,0,66,118,100,83,115,30,119"/><T24/><D3/><U61/><E106/><V85/><F35/><W11/><G109/><T4/><D75/><U91/><E111/><V50/><F131/><W64/><G100/><T44/><D4/><U71/><E117/><V94/><F124/><W134/><G115/><T81/><D69/><U68/><E129/><V128/><F128/><W121/><G134/><N who="2" m="51817" /><F50/><W126/><G126/><T135/><D130/><U110/><E110/><V26/><F26/><W27/><G121/><T104/><D104/><U17/><E112/><V80/><F56/><W101/><G101/><T48/><D135/><U51/><E68/><V98/><F98/><W70/><G70/><T113/><D113/><U125/><E125/><V93/><F82/><W116/><G0/><T49/><D49/><U122/><E122/><V88/><F78/><W120/><G1/><T92/><D92/><U123/><E123/><V67/><F67/><W102/><G102/><T87/><D87/><U52/><E41/><V40/><F40/><W53/><G53/><T28/><REACH who="0" step="1"/><D18/><AGARI ba="1,0" hai="12,13,16,18,19,80,85,88,93,94,95" m="51817" machi="18" ten="30,3900,0" yaku="20,1,54,2" doraHai="31" who="2" fromWho="0" sc="177,-42,404,0,215,42,204,0" /><INIT seed="5,0,0,0,0,81" ten="135,404,257,204" oya="1" hai0="27,64,41,29,106,95,118,127,86,46,131,8,57" hai1="109,60,40,80,66,99,19,114,103,2,69,98,56" hai2="67,121,101,50,21,15,111,55,23,90,38,116,28" hai3="47,135,87,76,32,83,107,62,36,61,73,79,100"/><U37/><E2/><V129/><F38/><W93/><G32/><T48/><D118/><U58/><E114/><V82/><F67/><W53/><G135/><T123/><D123/><U130/><E130/><V120/><F101/><W75/><G75/><T134/><D131/><U117/><E117/><V6/><F111/><W85/><G79/><T122/><D122/><U132/><E132/><V89/><F129/><W18/><G18/><T44/><D106/><U10/><E109/><V112/><F90/><W34/><G34/><T71/><D134/><U84/><E40/><V51/><F50/><W9/><G9/><T96/><D71/><U59/><E37/><V22/><F28/><W16/><G16/><T33/><D8/><U45/><E45/><V13/><F6/><W125/><G125/><T30/><D30/><U42/><E42/><V126/><F112/><W43/><G53/><T105/><D105/><U0/><E103/><V70/><F126/><W20/><G20/><T77/><D127/><U91/><REACH who="1" step="1"/><E19/><REACH who="1" ten="135,394,257,204" step="2"/><V88/><F116/><W92/><G100/><T119/><D119/><U49/><E49/><V1/><F51/><W68/><G36/><T4/><D46/><U128/><E128/><V25/><F1/><W12/><G43/><T104/><D4/><AGARI ba="0,1" hai="0,4,10,56,58,59,60,66,69,80,84,91,98,99" machi="4" ten="40,12000,1" yaku="1,1,52,1,53,2" doraHai="81" doraHaiUra="94" who="1" fromWho="0" sc="135,-120,394,130,257,0,204,0" /><INIT seed="5,1,0,2,1,104" ten="15,524,257,204" oya="1" hai0="72,43,15,86,39,5,77,132,14,121,58,25,32" hai1="69,88,57,2,99,42,34,119,118,7,75,52,4" hai2="123,65,3,68,122,101,127,62,80,64,115,78,22" hai3="0,27,94,90,87,79,133,33,134,74,89,37,41"/><U103/><E75/><V135/><F3/><W45/><G0/><T107/><D86/><U70/><E34/><V113/><F101/><W120/><G120/><T48/><D121/><U126/><E42/><V24/><F65/><W1/><G1/><T21/><D107/><U29/><E29/><V109/><F109/><W13/><G13/><T61/><D32/><U60/><E126/><V59/><F68/><W53/><G53/><T110/><D110/><U28/><E28/><V73/><F135/><N who="3" m="51723" /><G89/><T11/><D132/><U8/><E7/><V85/><F85/><W129/><G129/><T9/><D48/><U71/><REACH who="1" step="1"/><E88/><REACH who="1" ten="15,514,257,204" step="2"/><V67/><F127/><W55/><G33/><T108/><D108/><U106/><AGARI ba="1,1" hai="2,4,8,52,57,60,69,70,71,99,103,106,118,119" machi="106" ten="30,11700,0" yaku="1,1,2,1,0,1,54,1,53,0" doraHai="104" doraHaiUra="10" who="1" fromWho="1" sc="15,-40,514,130,257,-40,204,-40" owari="-25,-53.0,644,75.0,217,2.0,164,-24.0" /></mjloggm>