<mjloggm ver="2.3"><GO type="169" lobby="0"/><UN n0="%E3%82%AB%E3%83%A9%E3%82%B9%E3%81%AE%E5%AD%90" n1="%6D%75%6B%69%74%74%69" n2="%E5%A4%AA%E3%81%8F%E3%81%AA%E3%81%84%E3%81%8A" n3="%E3%83%88%E3%83%88%E3%83%AA%E5%85%88%E7%94%9F%31%39%E6%AD%B3" dan="16,18,20,19" rate="2146.66,2237.15,2232.37,2284.07" sx="M,M,M,F"/><TAIKYOKU oya="0"/><INIT seed="0,0,0,2,0,53" ten="250,250,250,250" oya="0" hai0="47,89,41,48,126,31,80,107,103,26,116,75,36" hai1="14,101,1,83,3,29,135,118,38,73,61,69,76" hai2="114,5,19,22,30,82,79,100,62,90,60,92,49" hai3="119,7,111,50,99,43,74,28,52,130,96,11,21"/><T128/><D116/><U57/><E118/><V93/><F114/><W0/><G119/><T129/><D126/><U124/><E69/><V77/><F30/><W25/><G74/><T23/><D103/><U59/><E124/><V84/><F5/><W122/><G111/><T51/><D107/><U106/><E38/><V104/><F104/><W9/><G130/><T64/><D64/><U117/><E117/><V110/><F110/><W18/><G122/><T20/><D23/><U112/><E112/><V4/><F4/><W85/><G43/><T37/><D37/><U70/><E135/><V133/><F133/><W55/><G55/><T131/><REACH who="0" step="1"/><D89/><REACH who="0" ten="240,250,250,250" step="2"/><U35/><E101/><V6/><F100/><W17/><G21/><T27/><D27/><U58/><E106/><V132/><F90/><W13/><G25/><T105/><D105/><U54/><E35/><V97/><F22/><W91/><G28/><T44/><D44/><U125/><E125/><V2/><F132/><W65/><G65/><T121/><D121/><U102/><E102/><V109/><F109/><W120/><G120/><T68/><D68/><U45/><E70/><V8/><F8/><W15/><G91/><T72/><D72/><U39/><E73/><V10/><F10/><W42/><G7/><T24/><D24/><U94/><E45/><V12/><F6/><W66/><G9/><T113/><D113/><U46/><E46/><V34/><F34/><W115/><G11/><T32/><D32/><U40/><E39/><V87/><F12/><W16/><G15/><T71/><D71/><U63/><E14/><RYUUKYOKU ba="0,1" sc="240,30,250,-10,250,-10,250,-10" hai0="20,26,31,36,41,47,48,51,75,80,128,129,131" /><INIT seed="0,1,1,0,2,63" ten="270,240,240,240" oya="0" hai0="98,133,3,99,93,12,106,91,59,11,28,89,62" hai1="104,68,2,10,46,121,22,1,37,24,51,29,102" hai2="67,48,27,107,31,103,108,43,17,112,74,13,126" hai3="26,0,105,114,16,95,64,49,34,81,117,96,40"/><T134/><D3/><U14/><E121/><V76/><F112/><W9/><G114/><T119/><D119/><U15/><E37/><V18/><F108/><W110/><G117/><T53/><D28/><U80/><E68/><V83/><F126/><W47/><G105/><T36/><D36/><U87/><E104/><V100/><F107/><W111/><G81/><T86/><D106/><U70/><E70/><V7/><F7/><W69/><G34/><T71/><D71/><U55/><E102/><V135/><F135/><N who="0" m="51722" /><D91/><U125/><E125/><V58/><F43/><W127/><G127/><T35/><D35/><U38/><E38/><V131/><F131/><W30/><G30/><T94/><D93/><U73/><E73/><V42/><F31/><W77/><G77/><T129/><D129/><U101/><E101/><V88/><F100/><N who="3" m="60447" /><G0/><T20/><D20/><U109/><E109/><N who="3" m="41482" /><G69/><T85/><D85/><U60/><E60/><V118/><F76/><W115/><G115/><T61/><D62/><U45/><E45/><V8/><F74/><W123/><G123/><T124/><D124/><U52/><E55/><V4/><F118/><W97/><G97/><T84/><D99/><U6/><REACH who="1" step="1"/><E2/><REACH who="1" ten="270,230,240,240" step="2"/><V5/><F103/><W66/><G47/><T75/><D75/><U92/><E92/><V132/><F132/><W78/><G40/><T54/><D53/><U39/><E39/><V57/><F42/><W79/><G49/><T33/><D33/><U65/><E65/><V19/><F67/><W120/><G66/><T56/><D56/><U72/><E72/><V25/><F57/><RYUUKYOKU ba="1,2" sc="270,15,230,15,240,-15,240,-15" hai0="11,12,54,59,61,84,86,89,94,98" hai1="1,6,10,14,15,22,24,29,46,51,52,80,87" /><INIT seed="0,2,2,3,2,98" ten="285,245,225,225" oya="0" hai0="36,11,119,32,115,101,56,83,64,46,68,45,70" hai1="103,27,121,127,131,118,104,62,97,38,7,55,133" hai2="29,87,18,50,111,84,6,129,114,21,81,59,71" hai3="48,13,124,123,95,17,74,49,34,33,10,54,20"/><T40/><D115/><U5/><E118/><V31/><F71/><N who="0" m="27178" /><D11/><U15/><E121/><V80/><F111/><W117/><G117/><T58/><D83/><U57/><E38/><V113/><F129/><W16/><G74/><T93/><D101/><U39/><E39/><V100/><F6/><W82/><G124/><T125/><D93/><U79/><E127/><V63/><F50/><W126/><G126/><T134/><D32/><U66/><E131/><V91/><F100/><W37/><G37/><T78/><D78/><U61/><E133/><V135/><F135/><W69/><G69/><T94/><D94/><U108/><E108/><V88/><F114/><W41/><G123/><T120/><D119/><U0/><E0/><V44/><F44/><W26/><G82/><T9/><D9/><U77/><E27/><N who="2" m="14775" /><F113/><W89/><G48/><N who="0" m="26663" /><D125/><U130/><E130/><V24/><F24/><W60/><G41/><N who="0" m="22823" /><D134/><U4/><E15/><V23/><F23/><W65/><G34/><T2/><D2/><U73/><E73/><V35/><F35/><W86/><G33/><T25/><D25/><U14/><E14/><V109/><F109/><W92/><G92/><T112/><D112/><U3/><E3/><V116/><F116/><W53/><G26/><T106/><D106/><U105/><E105/><V102/><F102/><W75/><G75/><T110/><D120/><U72/><E72/><V30/><F29/><W28/><G28/><T90/><D110/><U47/><E104/><V22/><F22/><W76/><G20/><T19/><D19/><U8/><E103/><V51/><F30/><RYUUKYOKU ba="2,2" sc="285,0,245,0,225,0,225,0" /><INIT seed="1,3,2,1,3,85" ten="285,245,225,225" oya="1" hai0="70,6,119,31,20,17,134,3,32,112,50,81,108" hai1="64,111,42,22,87,72,127,10,67,11,1,126,33" hai2="39,45,76,60,4,121,40,132,95,78,48,8,86" hai3="110,63,116,125,101,130,44,46,36,124,115,91,113"/><U88/><E33/><V53/><F121/><W96/><G110/><T37/><D119/><U120/><E120/><V75/><F132/><W98/><G116/><T27/><D112/><N who="3" m="43081" /><G63/><T79/><D108/><U23/><E111/><V24/><F75/><W103/><G36/><T59/><D134/><U41/><E72/><V97/><F24/><W19/><G19/><T105/><D37/><U61/><E1/><V43/><F60/><W26/><G26/><T93/><D105/><U13/><E61/><V35/><F35/><W49/><G49/><T52/><D70/><U77/><E77/><V89/><F43/><N who="1" m="16393" /><E127/><N who="3" m="48714" /><G130/><T57/><D57/><U71/><E71/><V54/><F54/><W114/><G114/><T62/><D93/><N who="1" m="54431" /><E126/><V15/><REACH who="2" step="1"/><F97/><REACH who="2" ten="285,245,215,225" step="2"/><W117/><G117/><T2/><D62/><U47/><E47/><AGARI ba="3,3" hai="4,8,15,39,40,45,47,48,53,76,78,86,89,95" machi="47" ten="30,8000,1" yaku="1,1,2,1,7,1,52,1,53,1" doraHai="85" doraHaiUra="69" who="2" fromWho="1" sc="285,0,245,-89,215,119,225,0" /><INIT seed="2,0,0,1,4,115" ten="285,156,334,225" oya="2" hai0="122,100,96,3,44,90,36,48,21,10,87,56,35" hai1="66,111,11,101,112,84,14,34,27,91,19,120,2" hai2="99,70,39,5,69,42,92,77,116,135,24,28,89" hai3="46,13,102,67,6,51,134,95,127,8,32,12,113"/><V45/><F135/><W59/><G32/><T107/><D122/><U82/><E112/><V119/><F5/><W93/><G113/><T47/><D35/><U60/><E111/><V61/><F77/><W94/><G134/><T22/><D36/><U16/><E120/><V124/><F124/><W18/><G127/><T63/><D3/><U98/><E2/><V55/><F55/><W105/><G105/><T33/><D33/><U0/><E0/><V114/><F114/><W40/><G59/><T9/><D9/><U129/><E129/><V43/><F43/><W7/><G67/><T80/><D10/><U104/><E34/><V75/><F75/><W126/><G126/><T50/><D50/><U37/><E37/><V64/><REACH who="2" step="1"/><F70/><REACH who="2" ten="285,156,324,225" step="2"/><W130/><G7/><T53/><REACH who="0" step="1"/><D47/><REACH who="0" ten="275,156,324,225" step="2"/><U20/><E66/><AGARI ba="0,2" hai="21,22,44,48,53,56,63,66,80,87,90,96,100,107" machi="66" ten="30,8000,1" yaku="1,1,2,1,7,1,53,2" doraHai="115" doraHaiUra="17" who="0" fromWho="1" sc="275,100,156,-80,324,0,225,0" /><INIT seed="3,0,0,1,2,54" ten="375,76,324,225" oya="3" hai0="24,110,27,102,66,4,86,121,103,40,130,122,10" hai1="8,30,109,88,116,84,56,78,83,105,44,43,70" hai2="101,126,132,112,123,9,15,107,91,68,39,89,6" hai3="69,118,90,3,108,77,1,100,21,75,74,50,113"/><W87/><G113/><T79/><D110/><U119/><E70/><V117/><F112/><W48/><G118/><N who="1" m="45098" /><E109/><V125/><F117/><W46/><G69/><T120/><D130/><U52/><E105/><V115/><F115/><W99/><G108/><T82/><D66/><U16/><E30/><V71/><F39/><W98/><G21/><T35/><D40/><U124/><E124/><N who="2" m="47723" /><F132/><W61/><G61/><T67/><D67/><U92/><E8/><V95/><F91/><W12/><G12/><T63/><D63/><N who="1" m="36231" /><E16/><V14/><F14/><W11/><G11/><T28/><REACH who="0" step="1"/><D27/><REACH who="0" ten="365,76,324,225" step="2"/><U106/><E106/><V93/><F107/><W114/><G114/><T34/><D34/><U41/><E44/><V81/><F68/><W20/><G46/><T23/><D23/><U104/><E104/><V5/><F71/><W18/><G20/><T49/><D49/><U32/><E32/><V37/><F9/><W53/><G48/><T94/><D94/><U135/><E135/><V72/><F95/><W42/><G50/><T13/><AGARI ba="0,1" hai="4,10,13,24,28,35,79,82,86,102,103,120,121,122" machi="13" ten="30,4000,0" yaku="1,1,0,1,53,1" doraHai="54" doraHaiUra="2" who="0" fromWho="0" sc="365,50,76,-10,324,-10,225,-20" /><INIT seed="4,0,0,5,3,83" ten="415,66,314,205" oya="0" hai0="53,96,24,70,108,86,60,56,71,50,38,99,43" hai1="7,114,23,52,2,10,123,32,124,109,36,105,133" hai2="16,121,25,78,107,87,31,106,51,97,95,17,66" hai3="40,79,49,76,48,75,117,104,29,119,88,64,103"/><T131/><D131/><U110/><E52/><V126/><F121/><W45/><G64/><T115/><D115/><U82/><E82/><V27/><F126/><W6/><G29/><T69/><D108/><U28/><E105/><V112/><F112/><W14/><G103/><T41/><D24/><N who="1" m="18439" /><E36/><V34/><F66/><W47/><G104/><T12/><D12/><U130/><E114/><V84/><F51/><W8/><G75/><T61/><D96/><U100/><E100/><V101/><F27/><W90/><G119/><T134/><D86/><U127/><E123/><V65/><F107/><W1/><G1/><T113/><D99/><U68/><E68/><V11/><F65/><W58/><G58/><N who="0" m="33079" /><D113/><U59/><E59/><V15/><F78/><N who="3" m="29739" /><G117/><T62/><D134/><U122/><E122/><V44/><F106/><W37/><G37/><T9/><D9/><U20/><E130/><V13/><REACH who="2" step="1"/><F44/><REACH who="2" ten="415,66,304,205" step="2"/><W77/><G77/><T91/><D91/><U102/><E133/><V72/><F72/><W22/><G90/><T55/><D38/><U116/><E116/><V39/><F39/><W74/><G88/><T57/><D57/><U46/><E46/><V42/><F42/><AGARI ba="0,1" hai="41,42,43,55,56,60,61,62,69,70,71" m="33079" machi="42" ten="30,12000,1" yaku="35,5" doraHai="83" who="0" fromWho="2" sc="415,130,66,0,304,-120,205,0" /><INIT seed="4,1,0,2,4,61" ten="545,66,184,205" oya="0" hai0="26,66,112,11,65,124,12,135,70,38,133,97,19" hai1="53,90,35,103,113,39,87,75,125,28,42,37,131" hai2="16,57,109,96,98,132,21,9,134,14,110,18,52" hai3="8,77,32,58,68,82,106,10,86,49,119,41,120"/><T93/><D70/><U20/><E35/><V83/><F83/><W84/><G119/><T5/><D38/><U43/><E75/><V108/><F96/><W107/><G68/><T1/><D124/><U29/><E125/><V63/><REACH who="2" step="1"/><F98/><REACH who="2" ten="545,66,174,205" step="2"/><W114/><G82/><T25/><D112/><U22/><E113/><V129/><F129/><W48/><G114/><T123/><D123/><U51/><E131/><V50/><F50/><W64/><G120/><T101/><D26/><AGARI ba="1,1" hai="9,14,16,18,21,26,52,57,63,108,109,110,132,134" machi="26" ten="40,12000,2" yaku="1,1,54,2,53,3" doraHai="61" doraHaiUra="122" who="2" fromWho="0" sc="545,-123,66,0,174,133,205,0" /><INIT seed="5,0,0,5,4,11" ten="422,66,307,205" oya="1" hai0="14,130,33,68,60,71,27,79,103,125,62,114,38" hai1="75,109,8,72,23,117,39,46,123,3,106,28,1" hai2="84,87,52,35,97,7,13,134,128,70,32,131,0" hai3="83,10,25,116,12,80,57,66,100,126,17,20,96"/><U9/><E117/><V108/><F108/><W107/><G126/><T85/><D125/><U49/><E123/><V56/><F70/><W42/><G116/><T78/><D38/><U95/><E106/><V135/><F0/><W36/><G36/><T119/><D119/><U94/><E39/><V51/><F97/><W81/><G42/><T115/><D130/><N who="2" m="49706" /><F7/><W110/><G110/><T58/><D103/><U120/><E120/><V2/><F2/><W86/><G57/><T16/><D27/><U22/><E49/><V54/><F13/><W77/><REACH who="3" step="1"/><G66/><REACH who="3" ten="422,66,307,195" step="2"/><T30/><D58/><U82/><E46/><V53/><F56/><W90/><G90/><T6/><D68/><U88/><E109/><V89/><F51/><W4/><AGARI ba="0,1" hai="4,10,12,17,20,25,77,80,81,83,86,96,100,107" machi="4" ten="20,8000,1" yaku="1,1,0,1,7,1,52,1,53,1" doraHai="11" doraHaiUra="74" who="3" fromWho="3" sc="422,-20,66,-40,307,-20,195,90" /><INIT seed="6,0,0,5,0,39" ten="402,26,287,285" oya="2" hai0="57,58,117,34,77,82,95,20,37,103,129,122,42" hai1="21,110,105,19,55,104,99,73,54,16,85,120,11" hai2="23,92,100,24,0,52,49,93,68,134,59,4,32" hai3="75,63,64,124,48,10,91,116,15,78,40,90,74"/><V133/><F68/><W50/><G116/><T33/><D122/><U62/><E73/><V13/><F0/><W102/><G124/><T119/><D129/><U29/><E110/><V86/><F32/><W67/><G102/><T108/><D108/><U81/><E120/><V65/><F65/><W3/><G3/><T84/><D34/><U112/><E112/><V88/><F4/><W80/><G74/><T89/><D33/><U70/><E29/><V61/><F61/><W101/><G101/><T47/><D103/><U113/><E113/><V17/><F24/><W111/><G111/><T41/><D20/><U97/><E70/><V109/><F109/><W123/><G123/><T36/><D36/><U51/><E62/><V83/><REACH who="2" step="1"/><F100/><REACH who="2" ten="402,26,277,285" step="2"/><W26/><G26/><T71/><D71/><U98/><E105/><V2/><F2/><W38/><G67/><T25/><D25/><U46/><E104/><V79/><F79/><W1/><G63/><T125/><D77/><U115/><E115/><V114/><F114/><W7/><G15/><T5/><D5/><U31/><E55/><V22/><F22/><W127/><G64/><T126/><D117/><U96/><N who="1" m="25088" /><DORA hai="132" /><U14/><E31/><V72/><F72/><W12/><G12/><T27/><D119/><U28/><E28/><V60/><F60/><W56/><G1/><T18/><D27/><N who="1" m="14759" /><E85/><V35/><F35/><W30/><G75/><T6/><D84/><U69/><E69/><V135/><AGARI ba="0,1" hai="13,17,23,49,52,59,83,86,88,92,93,133,134,135" machi="135" ten="30,24000,3" yaku="1,1,0,1,20,1,54,2,53,3" doraHai="39,132" doraHaiUra="107,128" who="2" fromWho="2" sc="402,-80,26,-80,277,250,285,-80" owari="322,12.0,-54,-55.0,527,62.0,205,-19.0" /></mjloggm>