<mjloggm ver="2.3"><GO type="169" lobby="0"/><UN n0="%E5%B0%B1%E6%B4%BB%E7%94%9F%40%E5%B7%9D%E6%9D%91%E8%BB%8D%E5%9B%A3" n1="%E3%83%A2%E3%83%A1%E3%83%B3%E3%83%9E%E3%82%B9%E3%83%86%E3%82%A3%E3%83%95" n2="%E8%B7%AF%E5%9C%B0%E8%A3%8F%E3%81%AE%E3%81%B2%E3%81%BE%E3%82%8F%E3%82%8A" n3="%63%69%73%63%69%73" dan="18,17,16,16" rate="2280.04,2205.31,2109.79,2142.65" sx="M,F,M,M"/><TAIKYOKU oya="0"/><INIT seed="0,0,0,1,1,61" ten="250,250,250,250" oya="0" hai0="27,28,92,133,4,48,104,131,34,49,129,46,54" hai1="58,5,120,39,102,74,35,70,29,40,84,56,52" hai2="60,15,3,17,97,8,110,51,21,126,50,107,90" hai3="122,25,99,114,78,20,59,63,117,23,79,45,12"/><T111/><D104/><U95/><E74/><V66/><F110/><W43/><G117/><T121/><D121/><U24/><E120/><V82/><F126/><W14/><G114/><T81/><D111/><U118/><E118/><V1/><F82/><W93/><G122/><T32/><D133/><U98/><E70/><V53/><F8/><W19/><G45/><T127/><D127/><U2/><E58/><V7/><F7/><W125/><G43/><T135/><D135/><U62/><E2/><V130/><F130/><W44/><G44/><T55/><D4/><U65/><E5/><V94/><F107/><W13/><G23/><T100/><D81/><U77/><E39/><V9/><F9/><W119/><G119/><T106/><D106/><U132/><E40/><V64/><F51/><W33/><G33/><T75/><D75/><U68/><E132/><V26/><F15/><W36/><G36/><T103/><D34/><U73/><E73/><V42/><F42/><W123/><G123/><T0/><D0/><N who="2" m="74" /><F50/><W76/><G125/><T91/><D129/><U18/><E18/><V37/><F37/><W10/><G10/><T30/><D30/><U67/><REACH who="1" step="1"/><E68/><REACH who="1" ten="250,240,250,250" step="2"/><V72/><F72/><W83/><G59/><AGARI ba="0,1" hai="17,21,26,53,59,60,64,66,90,94,97" m="74" machi="59" ten="30,3900,0" yaku="25,1,52,2" doraHai="61" who="2" fromWho="3" sc="250,0,240,0,250,49,250,-39" /><INIT seed="1,0,0,4,3,10" ten="250,240,299,211" oya="1" hai0="77,116,115,114,15,110,0,78,87,80,47,6,44" hai1="135,51,99,17,36,31,56,98,53,133,111,29,60" hai2="26,18,22,43,97,34,7,95,94,66,55,126,38" hai3="83,108,48,107,106,33,134,45,101,125,20,132,32"/><U28/><E36/><V54/><F126/><W76/><G125/><T91/><D116/><U27/><E111/><V4/><F66/><W121/><G20/><T23/><D0/><U1/><E1/><V65/><F65/><W2/><G2/><T46/><D110/><U118/><E118/><V129/><F129/><W73/><G121/><T57/><D114/><U122/><E122/><V96/><F34/><N who="3" m="13419" /><G101/><T71/><D71/><U72/><E72/><V25/><F38/><W11/><G11/><N who="0" m="4599" /><D115/><U90/><E51/><V35/><F43/><N who="3" m="24639" /><G108/><T62/><D23/><U117/><E117/><V39/><F39/><W120/><G120/><T123/><D123/><U50/><E50/><V92/><F35/><W63/><G63/><T37/><D37/><U21/><REACH who="1" step="1"/><E99/><REACH who="1" ten="250,230,299,211" step="2"/><V119/><F119/><W82/><G73/><T59/><D59/><U85/><E85/><V93/><F97/><W103/><G134/><T49/><D49/><U14/><E14/><V8/><F26/><W128/><G132/><T102/><D102/><U105/><E105/><V64/><F96/><W109/><G109/><T79/><D57/><U30/><N who="1" m="7168" /><DORA hai="40" /><U42/><E42/><V19/><F25/><W58/><G107/><T86/><D62/><U24/><E24/><V84/><F84/><AGARI ba="0,1" hai="44,46,47,77,78,79,80,84,86,87,91" m="4599" machi="84" ten="30,8000,1" yaku="8,1,52,4" doraHai="10,40" who="0" fromWho="2" sc="250,90,230,0,299,-80,211,0" /><INIT seed="2,0,0,2,4,113" ten="340,230,219,211" oya="2" hai0="77,4,33,0,38,53,114,73,131,23,71,109,83" hai1="16,120,65,135,108,36,74,51,64,85,124,9,91" hai2="29,69,3,78,80,17,48,34,41,58,63,18,31" hai3="13,90,105,122,93,24,6,46,1,81,101,61,96"/><V127/><F3/><W35/><G122/><T125/><RYUUKYOKU type="yao9" ba="0,0" sc="340,0,230,0,219,0,211,0" hai0="0,4,23,33,38,53,71,73,77,83,109,114,125,131" /><INIT seed="2,1,0,1,2,63" ten="340,230,219,211" oya="2" hai0="132,60,91,2,112,31,101,66,115,45,12,72,49" hai1="135,93,69,122,34,30,67,85,14,28,25,42,73" hai2="99,16,83,64,116,47,56,117,51,44,94,32,128" hai3="104,55,71,15,4,118,84,3,100,92,124,7,17"/><V35/><F128/><W86/><G104/><T119/><D2/><U57/><E73/><V126/><F126/><W110/><G3/><T80/><D119/><U134/><E69/><V52/><F83/><W39/><G39/><T19/><D132/><N who="1" m="50731" /><E122/><V109/><F109/><W88/><G118/><T82/><D31/><N who="1" m="19823" /><E42/><V114/><F114/><W102/><G110/><T107/><D107/><U6/><E85/><V90/><F117/><W74/><G74/><T89/><D101/><N who="3" m="39017" /><G71/><T77/><D82/><U106/><E93/><V105/><F116/><W125/><G84/><T68/><D112/><U95/><E95/><V61/><F105/><W29/><G29/><N who="1" m="11370" /><E106/><V43/><REACH who="2" step="1"/><F16/><REACH who="2" ten="340,230,209,211" step="2"/><W27/><G125/><T5/><D115/><U103/><E103/><V65/><F65/><W58/><G124/><T48/><D5/><U41/><E6/><V9/><F9/><N who="3" m="6383" /><G27/><T133/><D133/><U78/><E78/><V1/><F1/><W97/><G4/><T76/><D76/><U8/><E14/><V62/><F62/><W0/><G7/><T36/><D12/><U13/><E13/><V10/><F10/><W130/><G0/><T46/><D19/><U37/><E8/><V96/><F96/><W121/><G121/><T120/><D120/><U53/><E67/><V21/><F21/><W123/><G123/><T22/><D66/><U40/><E37/><AGARI ba="1,1" hai="32,35,37,43,44,47,51,52,56,61,64,90,94,99" machi="37" ten="30,11600,0" yaku="1,1,7,1,52,1,54,1,53,0" doraHai="63" doraHaiUra="18" who="2" fromWho="1" sc="340,0,230,-119,209,129,211,0" /><INIT seed="2,2,0,2,2,114" ten="340,111,338,211" oya="2" hai0="10,130,54,71,31,100,110,59,39,121,111,88,77" hai1="115,91,35,14,45,11,0,68,55,19,126,15,28" hai2="93,81,30,43,103,2,44,98,1,57,76,20,106" hai3="116,80,92,7,101,16,65,4,24,6,105,89,118"/><V70/><F70/><W41/><G105/><T22/><D71/><U90/><E115/><V122/><F122/><W66/><G101/><T32/><D32/><U21/><E68/><V127/><F127/><W132/><G132/><T102/><D39/><U25/><E126/><V18/><F30/><W49/><G80/><T109/><D121/><U124/><E124/><V27/><F57/><W67/><G49/><T60/><D77/><U42/><E55/><V29/><F29/><W52/><G52/><T33/><D33/><U34/><E34/><V104/><F104/><W72/><G72/><T13/><D130/><U119/><E119/><V128/><F106/><W120/><G41/><T37/><D37/><U3/><E3/><V82/><F128/><W64/><N who="3" m="16384" /><DORA hai="63" /><W96/><REACH who="3" step="1"/><G120/><REACH who="3" ten="340,111,338,201" step="2"/><T5/><D102/><U131/><E131/><V61/><F82/><W117/><G117/><T40/><D40/><U8/><E42/><V46/><F61/><W123/><G123/><T26/><D100/><U17/><REACH who="1" step="1"/><E45/><REACH who="1" ten="340,101,338,201" step="2"/><V23/><F46/><W112/><G112/><T51/><D51/><U79/><E79/><V9/><F44/><W129/><G129/><T133/><D133/><U125/><E125/><V78/><F43/><W107/><G107/><T48/><D48/><U38/><E38/><V86/><F78/><W56/><G56/><T108/><D108/><U75/><E75/><V95/><F76/><W50/><G50/><T36/><D36/><U74/><E74/><V97/><F103/><W73/><G73/><T12/><D88/><U99/><E99/><V84/><F98/><RYUUKYOKU ba="2,2" sc="340,10,101,10,338,-30,201,10" hai0="5,10,12,13,22,26,31,54,59,60,109,110,111" hai1="0,8,11,14,15,17,19,21,25,28,35,90,91" hai3="4,6,7,16,24,89,92,96,116,118" /><INIT seed="3,3,2,0,0,19" ten="350,111,308,211" oya="3" hai0="93,71,98,100,77,62,30,6,83,3,0,97,73" hai1="130,46,70,51,61,36,87,47,105,5,74,68,75" hai2="28,90,133,10,14,21,91,34,4,37,123,67,32" hai3="126,116,120,69,110,127,89,12,95,58,2,85,49"/><W122/><G69/><T107/><D6/><U8/><E105/><V131/><F37/><W35/><G116/><T79/><D30/><U48/><E130/><V42/><F42/><W39/><G39/><T26/><D26/><U125/><E36/><V29/><F131/><W104/><G104/><T84/><D77/><U60/><E125/><N who="3" m="47626" /><G35/><T20/><D20/><U27/><E27/><V13/><F67/><W78/><G2/><T66/><REACH who="0" step="1"/><D73/><REACH who="0" ten="340,111,308,211" step="2"/><U17/><E75/><V50/><F29/><W33/><G78/><T132/><D132/><U82/><E74/><V54/><F28/><W81/><G110/><T11/><D11/><U40/><E17/><V113/><F10/><W72/><G33/><T64/><D64/><U108/><E108/><V15/><F4/><W76/><G12/><T22/><D22/><U88/><E70/><V23/><F133/><W109/><G109/><T135/><D135/><U112/><E68/><V9/><F9/><W38/><G38/><T18/><D18/><U52/><REACH who="1" step="1"/><E112/><REACH who="1" ten="340,101,308,211" step="2"/><V134/><F113/><W25/><G25/><T101/><AGARI ba="3,4" hai="0,3,62,66,71,79,83,84,93,97,98,100,101,107" machi="101" ten="20,2700,0" yaku="1,1,0,1,7,1,53,0" doraHai="19" doraHaiUra="128" who="0" fromWho="0" sc="340,76,101,-10,308,-10,211,-16" /><INIT seed="4,0,0,3,1,93" ten="416,91,298,195" oya="0" hai0="24,64,88,18,103,47,102,53,135,97,85,45,122" hai1="87,128,121,22,115,116,25,105,4,99,112,9,14" hai2="15,127,61,10,37,39,60,1,35,129,81,107,67" hai3="34,117,118,5,98,70,100,114,86,17,59,106,30"/><T63/><D122/><U101/><E121/><V21/><F1/><W125/><G70/><T83/><D135/><U54/><E116/><V124/><F35/><W95/><G125/><N who="2" m="48201" /><F21/><W42/><G114/><N who="1" m="43562" /><E128/><V108/><F108/><W77/><G5/><T72/><D72/><U19/><E87/><V58/><F107/><W133/><G133/><T123/><D123/><U89/><E89/><V78/><F61/><W51/><G17/><T26/><D102/><U91/><E91/><V43/><F43/><W84/><G84/><T20/><D53/><AGARI ba="0,0" hai="4,9,14,19,22,25,53,54,99,101,105" m="43562" machi="53" ten="30,3900,0" yaku="15,1,11,1,52,1" doraHai="93" who="1" fromWho="0" sc="416,-39,91,39,298,0,195,0" /><INIT seed="5,0,0,0,5,56" ten="377,130,298,195" oya="1" hai0="64,35,130,71,123,73,67,83,88,107,30,94,90" hai1="75,24,96,9,69,113,89,11,61,53,81,47,8" hai2="103,17,45,74,28,80,12,79,91,4,38,31,115" hai3="36,54,117,116,41,23,62,120,131,2,109,102,125"/><U108/><E113/><V129/><F115/><W72/><G109/><T84/><D107/><U86/><E108/><V58/><F4/><W110/><G110/><T25/><D130/><U118/><E118/><V40/><F129/><W126/><G72/><T128/><D128/><U134/><E134/><V44/><F44/><N who="3" m="23591" /><G2/><T78/><D123/><U48/><E75/><V122/><F122/><W3/><G3/><T119/><D119/><N who="3" m="45641" /><G102/><T98/><D71/><U5/><E24/><V32/><F103/><W18/><G131/><T42/><D42/><U132/><E132/><V6/><F6/><W112/><G112/><T68/><D68/><U114/><E114/><V133/><F133/><W60/><G120/><T34/><D34/><U95/><E5/><V7/><F32/><W82/><G82/><AGARI ba="0,0" hai="25,30,35,64,67,73,78,82,83,84,88,90,94,98" machi="82" ten="30,2000,0" yaku="7,1,54,1" doraHai="56" who="0" fromWho="3" sc="377,20,130,0,298,0,195,-20" /><INIT seed="6,0,0,5,3,18" ten="397,130,298,175" oya="2" hai0="19,94,5,36,72,43,127,22,119,14,90,40,130" hai1="13,115,132,37,133,75,81,117,63,77,120,129,59" hai2="135,105,4,106,113,92,21,11,31,26,53,93,23" hai3="15,108,96,46,58,78,54,84,47,17,27,30,73"/><V118/><F118/><W80/><G108/><T69/><D69/><U9/><E117/><V66/><F113/><W99/><G73/><T32/><D32/><U116/><E116/><V29/><F66/><W121/><G121/><T25/><D36/><U104/><E115/><V0/><F135/><W87/><G87/><T39/><D39/><U101/><E37/><V131/><F131/><W88/><G27/><T7/><D72/><U42/><E42/><N who="0" m="15913" /><D130/><U10/><E129/><V44/><F44/><N who="3" m="16939" /><G30/><N who="0" m="17719" /><D127/><U67/><E120/><V124/><F53/><W95/><G78/><T57/><D57/><U122/><E122/><V98/><F124/><W3/><G80/><T1/><D1/><U89/><E89/><V109/><F109/><W134/><G3/><T55/><D55/><U100/><E10/><V49/><F49/><N who="3" m="31055" /><G134/><N who="1" m="51818" /><E104/><V74/><F74/><W62/><G62/><T107/><D107/><U35/><E35/><V28/><F93/><W24/><G24/><T60/><D60/><U34/><E34/><V64/><F106/><W8/><AGARI ba="0,0" hai="8,15,17,84,88,95,96,99" m="31055,16939" machi="8" ten="30,2000,0" yaku="8,1,54,1" doraHai="18" who="3" fromWho="3" sc="397,-5,130,-5,298,-10,175,20" /><INIT seed="7,0,0,0,2,0" ten="392,125,288,195" oya="3" hai0="60,68,2,29,78,38,95,37,41,46,31,80,113" hai1="22,72,135,97,117,112,5,57,27,76,13,109,93" hai2="28,34,7,21,15,119,20,106,33,107,50,87,115" hai3="130,18,85,55,63,12,24,53,61,32,89,42,73"/><W77/><G130/><T36/><D2/><U127/><E109/><V25/><F119/><W14/><G77/><T39/><D113/><U6/><E117/><V102/><F115/><W114/><G73/><T79/><D79/><U47/><E112/><V40/><F87/><W82/><G114/><T70/><D95/><U54/><E135/><V98/><F107/><W16/><G42/><T23/><D23/><U123/><E127/><V134/><F134/><W10/><G24/><T52/><D52/><N who="3" m="20041" /><G32/><T105/><D105/><U118/><E118/><V26/><F50/><W4/><G18/><T11/><D11/><AGARI ba="0,0" hai="4,10,11,12,14,16,61,63,82,85,89" m="20041" machi="11" ten="30,11600,0" yaku="8,1,52,1,54,2" doraHai="0" who="3" fromWho="0" sc="392,-116,125,0,288,0,195,116" owari="276,-12.0,125,-37.0,288,9.0,311,40.0" /></mjloggm>