<mjloggm ver="2.3"><GO type="169" lobby="0"/><UN n0="%E3%81%A8%E3%81%B3%E3%81%BE%E3%82%8B" n1="%6B%61%73%70%61%72" n2="%E3%83%88%E3%83%88%E3%83%AA%E5%85%88%E7%94%9F%31%39%E6%AD%B3" n3="%E3%82%86%E3%81%84%E3%81%A1%E3%82%83%E3%82%93%E3%81%AE%E3%83%91%E3%83%91" dan="16,16,17,19" rate="2049.37,2084.33,2205.04,2151.46" sx="M,M,F,M"/><TAIKYOKU oya="0"/><INIT seed="0,0,0,0,1,47" ten="250,250,250,250" oya="0" hai0="100,53,57,126,32,92,75,41,59,72,125,22,49" hai1="111,19,67,132,36,39,131,16,95,8,48,86,134" hai2="112,58,56,87,31,55,107,62,78,89,121,30,2" hai3="69,135,13,90,34,81,98,122,123,85,27,21,14"/><T65/><D32/><U83/><E111/><V0/><F112/><W115/><G115/><T104/><D104/><U84/><E131/><V120/><F107/><W82/><G69/><T54/><D22/><U60/><E95/><V114/><F114/><W7/><G34/><T108/><D108/><U109/><E109/><V15/><F78/><W61/><G135/><N who="1" m="51754" /><E86/><V118/><F118/><W93/><G61/><T40/><D65/><U97/><E97/><V44/><F44/><W127/><G81/><T101/><D92/><U94/><E94/><V116/><F116/><W74/><G74/><T76/><D76/><U128/><E128/><V96/><F96/><W113/><G113/><T50/><AGARI ba="0,0" hai="40,41,49,50,53,54,57,59,72,75,100,101,125,126" machi="50" ten="25,12000,1" yaku="0,1,22,2,52,2" doraHai="47" who="0" fromWho="0" sc="250,120,250,-40,250,-40,250,-40" /><INIT seed="0,1,0,5,3,7" ten="370,210,210,210" oya="0" hai0="93,94,95,73,111,96,110,121,6,29,44,46,38" hai1="88,27,64,67,66,125,86,33,41,15,13,23,132" hai2="2,58,123,122,59,69,54,92,48,11,17,55,19" hai3="80,65,82,53,131,3,22,21,24,101,83,45,77"/><T31/><D121/><U75/><E125/><V36/><F69/><W126/><G3/><T52/><D73/><U47/><E132/><V79/><F36/><W112/><G112/><T42/><D6/><U124/><E75/><V62/><F79/><W91/><G126/><T108/><D96/><U4/><E33/><V14/><F2/><W57/><G101/><T116/><D116/><U76/><E76/><V5/><REACH who="2" step="1"/><F92/><REACH who="2" ten="370,210,200,210" step="2"/><W102/><G77/><T130/><D130/><U71/><E71/><V98/><F98/><W63/><G131/><T16/><D95/><U85/><E124/><V74/><F74/><W103/><G80/><T68/><D94/><N who="1" m="54543" /><E86/><V120/><AGARI ba="1,1" hai="5,11,14,17,19,48,54,55,58,59,62,120,122,123" machi="120" ten="30,4000,0" yaku="1,1,0,1,52,1,53,0" doraHai="7" doraHaiUra="61" who="2" fromWho="2" sc="370,-21,210,-11,200,53,210,-11" /><INIT seed="1,0,0,5,2,81" ten="349,199,253,199" oya="1" hai0="67,65,90,124,128,66,38,108,25,35,122,41,7" hai1="112,12,131,75,123,78,51,83,105,92,98,59,4" hai2="117,68,99,36,82,116,119,110,120,91,55,135,93" hai3="1,102,95,107,94,5,121,13,63,15,80,87,11"/><U132/><E123/><V101/><F68/><W52/><G121/><T9/><D122/><U130/><E112/><V18/><F36/><W106/><G1/><T31/><D124/><U39/><E39/><V22/><F120/><W77/><G106/><T89/><D108/><U37/><E37/><V53/><F110/><W72/><G72/><T56/><D128/><N who="1" m="49195" /><E4/><V10/><F10/><N who="3" m="4303" /><G107/><T109/><D109/><U111/><E12/><V2/><F135/><W20/><G20/><T47/><REACH who="0" step="1"/><D56/><REACH who="0" ten="339,199,253,199" step="2"/><U134/><E111/><V6/><F119/><W3/><G3/><AGARI ba="0,1" hai="3,7,9,25,31,35,38,41,47,65,66,67,89,90" machi="3" ten="40,2600,0" yaku="1,1,2,1,53,0" doraHai="81" doraHaiUra="88" who="0" fromWho="3" sc="339,36,199,0,253,0,199,-26" /><INIT seed="2,0,0,2,4,128" ten="375,199,253,173" oya="2" hai0="49,82,132,60,41,81,22,0,107,35,37,96,125" hai1="17,36,88,44,64,99,25,18,63,134,47,104,43" hai2="75,121,16,120,24,31,109,122,105,85,131,100,57" hai3="1,126,97,28,87,12,117,89,23,127,66,50,52"/><V26/><F75/><W48/><G1/><T67/><D35/><U118/><E118/><V108/><F131/><W95/><G117/><T27/><D37/><U106/><E47/><V2/><F2/><W55/><G66/><T74/><D0/><U21/><E17/><V32/><F85/><W86/><G126/><T83/><D74/><U133/><E106/><V69/><F69/><W53/><G127/><T13/><D13/><U73/><E73/><V65/><F65/><W101/><G86/><T29/><D125/><U93/><REACH who="1" step="1"/><E104/><REACH who="1" ten="375,189,253,173" step="2"/><V11/><F105/><W7/><G7/><T20/><D107/><U103/><E103/><V112/><F100/><W135/><G28/><T68/><D29/><U77/><E77/><V130/><F130/><W54/><N who="3" m="13312" /><DORA hai="123" /><W110/><G50/><T40/><D49/><U62/><E62/><V19/><F112/><W84/><G48/><T51/><D51/><U38/><E38/><V111/><F57/><AGARI ba="0,1" hai="18,21,25,36,43,44,57,63,64,88,93,99,133,134" machi="57" ten="40,8000,1" yaku="1,1,52,2,54,1,53,0" doraHai="128,123" doraHaiUra="4,115" who="1" fromWho="2" sc="375,0,189,90,253,-80,173,0" /><INIT seed="3,0,0,2,5,105" ten="375,279,173,173" oya="3" hai0="3,44,72,107,87,39,48,119,132,112,99,81,135" hai1="40,118,26,116,120,110,113,51,69,45,54,85,34" hai2="7,42,25,31,9,79,17,125,19,27,63,32,94" hai3="127,16,41,58,82,74,46,88,77,20,37,57,101"/><W106/><G127/><T56/><D119/><N who="1" m="45611" /><E34/><V122/><F125/><W67/><G67/><T103/><D3/><U5/><E26/><V0/><F122/><W53/><G88/><T128/><D128/><U38/><E5/><V30/><F42/><W104/><G101/><T43/><D56/><N who="1" m="32863" /><E85/><V21/><F63/><W133/><G58/><T6/><D6/><U109/><E120/><V68/><F68/><W49/><REACH who="3" step="1"/><G133/><REACH who="3" ten="375,279,173,163" step="2"/><N who="0" m="51275" /><D112/><U84/><E69/><V126/><F126/><W24/><AGARI ba="0,1" hai="16,20,24,37,41,46,49,53,57,74,77,82,104,106" machi="24" ten="20,12000,1" yaku="1,1,0,1,7,1,52,1,54,1,53,0" doraHai="105" doraHaiUra="131" who="3" fromWho="3" sc="375,-40,279,-40,173,-40,163,130" /><INIT seed="3,1,0,1,1,78" ten="335,239,133,293" oya="3" hai0="60,119,31,43,112,121,21,95,129,55,93,39,102" hai1="12,132,58,27,122,87,80,94,118,128,45,44,79" hai2="26,33,88,42,86,29,52,68,83,65,28,75,96" hai3="64,74,106,46,17,110,127,34,124,36,108,77,22"/><W61/><G34/><T84/><D119/><U19/><E118/><V7/><F75/><W103/><G103/><T23/><D121/><U73/><E122/><V48/><F42/><W62/><G106/><T117/><D117/><U100/><E132/><V107/><F28/><W51/><G36/><T91/><D129/><U82/><E128/><V113/><F113/><W14/><G77/><T116/><D116/><U123/><E123/><V30/><F30/><W38/><G38/><T63/><D43/><U69/><E69/><V6/><F65/><W11/><G74/><T16/><D39/><U37/><E37/><V32/><F68/><W125/><G11/><T126/><D126/><U101/><E27/><V54/><F33/><W97/><G97/><N who="0" m="59695" /><D55/><U41/><E58/><V131/><F131/><W13/><G13/><N who="0" m="9359" /><D112/><U9/><E94/><V133/><F133/><W104/><G104/><T40/><D40/><U18/><E101/><V20/><F32/><W67/><G67/><T76/><D76/><U134/><E100/><V57/><F107/><W72/><G72/><T4/><D4/><U47/><E134/><V24/><F24/><AGARI ba="1,0" hai="23,24,31,60,63,84,91,95" m="9359,59695" machi="24" ten="30,2000,0" yaku="8,1,54,1" doraHai="78" who="0" fromWho="2" sc="335,23,239,0,133,-23,293,0" /><INIT seed="4,0,0,4,1,76" ten="358,239,110,293" oya="0" hai0="2,4,116,28,132,10,129,29,57,11,47,55,58" hai1="54,48,12,22,89,6,73,119,133,77,3,130,109" hai2="110,101,87,103,91,74,20,31,46,34,61,82,71" hai3="115,60,33,15,40,39,32,45,30,18,49,52,106"/><T134/><D116/><U105/><E119/><V51/><F110/><W25/><G106/><T14/><D129/><U108/><E133/><N who="0" m="51305" /><D47/><U8/><E130/><V24/><F74/><W84/><G115/><T123/><D123/><U37/><E37/><V125/><F125/><W67/><G33/><T70/><D70/><U68/><E105/><V42/><F71/><W122/><G122/><T107/><D107/><U85/><E68/><V56/><REACH who="2" step="1"/><F34/><REACH who="2" ten="358,239,100,293" step="2"/><W117/><G117/><T104/><D29/><U44/><E73/><V27/><F27/><W69/><G25/><T7/><D28/><U81/><E77/><V75/><F75/><W0/><G30/><T83/><D83/><U72/><E72/><V50/><F50/><W118/><G32/><T120/><D120/><U113/><E109/><V80/><F80/><W102/><G118/><T35/><D35/><U93/><E108/><V78/><F78/><W111/><G111/><T1/><D104/><U59/><E81/><V43/><F43/><W64/><G40/><T21/><D21/><U36/><E22/><V121/><F121/><W114/><G69/><T126/><D126/><U96/><E113/><V5/><F5/><W19/><G114/><T127/><D127/><U17/><E6/><V99/><F99/><W100/><G39/><T38/><D38/><U23/><E36/><V94/><F94/><W65/><G49/><N who="0" m="30959" /><D1/><U9/><E3/><V53/><AGARI ba="0,1" hai="20,24,31,42,46,51,53,56,61,82,87,91,101,103" machi="53" ten="20,8000,1" yaku="1,1,0,1,7,1,8,1,52,1,53,0" doraHai="76" doraHaiUra="88" who="2" fromWho="2" sc="358,-40,239,-20,100,90,293,-20" /><INIT seed="5,0,0,2,3,64" ten="318,219,190,273" oya="1" hai0="95,8,44,73,107,46,78,102,132,62,67,110,116" hai1="112,43,12,5,113,89,70,21,36,1,57,134,69" hai2="49,124,38,94,128,20,35,25,2,126,11,3,82" hai3="4,7,68,85,130,118,56,9,87,104,60,59,29"/><U84/><E134/><V114/><F38/><W117/><G104/><T108/><D116/><U31/><E1/><N who="2" m="11" /><F82/><W14/><G29/><T90/><D132/><U97/><E36/><V83/><F83/><W15/><G130/><T47/><D8/><N who="1" m="4111" /><E43/><V50/><F94/><W65/><G68/><N who="1" m="26218" /><E97/><V41/><F50/><W54/><G117/><T125/><D78/><U27/><E57/><V30/><F49/><N who="3" m="30799" /><G118/><T111/><D73/><U51/><E51/><V34/><F41/><W120/><G120/><T93/><D47/><U129/><E129/><V39/><F39/><W80/><G80/><T106/><D46/><U23/><E84/><V22/><F128/><W79/><G79/><T121/><D44/><U26/><E89/><V88/><F88/><W100/><G100/><T66/><D90/><U18/><E31/><V72/><F72/><W10/><AGARI ba="0,0" hai="4,7,9,10,14,15,59,60,65,85,87" m="30799" machi="10" ten="30,1100,0" yaku="8,1" doraHai="64" who="3" fromWho="3" sc="318,-3,219,-5,190,-3,273,11" /><INIT seed="6,0,0,3,5,97" ten="315,214,187,284" oya="2" hai0="33,34,133,64,125,122,4,32,101,112,113,50,37" hai1="58,12,46,94,111,134,72,67,123,80,76,10,49" hai2="44,74,21,31,87,62,28,39,75,65,88,48,57" hai3="26,56,128,25,16,121,3,17,0,90,14,129,55"/><V110/><F39/><W117/><G121/><T91/><D122/><U53/><E123/><V36/><F36/><W115/><G117/><T69/><D37/><U131/><E111/><V5/><F110/><W132/><G132/><T79/><D133/><U92/><E134/><V119/><F119/><W63/><G115/><T98/><D79/><U29/><E131/><V114/><F114/><N who="0" m="44138" /><D91/><U59/><E29/><V8/><F21/><N who="3" m="13479" /><G26/><T24/><D4/><U15/><E15/><N who="2" m="5519" /><F75/><W7/><G7/><T84/><D84/><U116/><E116/><V47/><F74/><W68/><G68/><T108/><D125/><U9/><E9/><V45/><F48/><W83/><G83/><AGARI ba="0,0" hai="28,31,44,45,47,57,62,65,83,87,88" m="5519" machi="83" ten="30,2900,0" yaku="8,1,54,1" doraHai="97" who="2" fromWho="3" sc="315,0,214,0,187,29,284,-29" /><INIT seed="6,1,0,2,0,61" ten="315,214,216,255" oya="2" hai0="67,44,120,110,60,45,47,111,68,53,3,28,82" hai1="90,76,64,59,16,34,88,131,83,108,93,4,107" hai2="2,37,87,20,19,63,0,7,73,133,23,32,71" hai3="102,117,26,21,42,106,27,70,77,58,97,72,22"/><V122/><F122/><W89/><G70/><T129/><D120/><U92/><E131/><V29/><F73/><W46/><G117/><T50/><D3/><U14/><E108/><V104/><F37/><W101/><G77/><T84/><D28/><U40/><E107/><V127/><F104/><W10/><G72/><T18/><D18/><U78/><E34/><V74/><F74/><W43/><G10/><T96/><D96/><N who="1" m="57351" /><E40/><V79/><F133/><W39/><G43/><T112/><D112/><U105/><E4/><V56/><F71/><W49/><G101/><T6/><D6/><U52/><E105/><V5/><F32/><W103/><G103/><T35/><D35/><U86/><E64/><N who="2" m="39015" /><F0/><W66/><G39/><T116/><D116/><U54/><E59/><V99/><F99/><W30/><G58/><N who="0" m="33079" /><D84/><N who="1" m="48247" /><E76/><V36/><F2/><W31/><G66/><T128/><D82/><U24/><E24/><N who="2" m="16543" /><F36/><W48/><G48/><T81/><D81/><U25/><E25/><N who="2" m="14495" /><F127/><W95/><G106/><T17/><D17/><U65/><E65/><V125/><F125/><W119/><G119/><T9/><D9/><AGARI ba="1,0" hai="9,14,16,52,54,86,90,93" m="48247,57351" machi="9" ten="30,7700,0" yaku="8,1,54,3" doraHai="61" who="1" fromWho="0" sc="315,-80,214,80,216,0,255,0" /><INIT seed="7,0,0,3,5,63" ten="235,294,216,255" oya="3" hai0="54,40,68,93,94,90,48,134,126,113,76,11,23" hai1="92,15,38,2,1,135,16,86,124,43,45,37,81" hai2="107,109,133,91,130,44,98,112,110,122,12,9,125" hai3="67,97,46,30,85,73,26,105,0,57,83,129,123"/><W72/><G0/><T56/><D68/><U21/><E135/><V87/><F133/><W75/><G123/><T117/><D117/><U64/><E124/><V95/><F125/><W121/><G121/><T84/><D134/><U55/><E38/><V61/><F122/><W132/><G132/><T47/><D126/><U106/><E106/><V35/><F35/><W118/><G118/><T10/><D113/><U102/><E64/><V49/><F112/><W82/><G46/><T104/><D104/><U58/><E102/><V22/><F130/><W7/><G7/><T32/><D32/><U119/><E119/><V29/><F61/><W74/><G74/><T28/><D76/><U120/><E120/><V71/><F71/><W128/><G57/><T39/><REACH who="0" step="1"/><D93/><REACH who="0" ten="225,294,216,255" step="2"/><U19/><E92/><N who="2" m="54399" /><F107/><W99/><G105/><T33/><D33/><U103/><E103/><N who="2" m="60895" /><F110/><W17/><G128/><T79/><D79/><U101/><E101/><V5/><F109/><W36/><G129/><T34/><D34/><U53/><E81/><V24/><F44/><W77/><G83/><T78/><D78/><U115/><E115/><V111/><F111/><W31/><G75/><T88/><D88/><U18/><E86/><V65/><F65/><W59/><G73/><T51/><D51/><AGARI ba="0,1" hai="5,9,12,22,24,29,49,51" m="60895,54399" machi="51" ten="30,1000,0" yaku="8,1" doraHai="63" who="2" fromWho="0" sc="225,-10,294,0,216,20,255,0" /><INIT seed="8,0,0,3,1,67" ten="215,294,236,255" oya="0" hai0="133,95,3,59,113,79,31,70,46,100,66,81,65" hai1="126,111,44,93,98,23,24,105,16,116,128,107,45" hai2="86,62,75,72,6,2,14,26,131,30,49,22,120" hai3="114,64,76,117,94,115,53,108,21,78,28,36,129"/><T83/><D113/><U11/><E111/><V68/><F120/><W5/><G36/><T80/><D3/><U27/><E128/><V9/><F131/><W110/><G129/><T60/><D133/><U61/><E126/><V35/><F86/><W43/><G43/><T101/><D31/><U112/><E116/><V87/><F87/><W50/><G64/><T127/><D127/><U55/><E112/><V102/><F49/><W85/><G5/><T90/><D46/><N who="1" m="18027" /><E11/><V15/><F15/><W84/><G117/><T13/><D13/><N who="1" m="9615" /><E107/><V97/><F22/><W54/><G21/><T25/><D25/><U104/><E104/><N who="2" m="63567" /><F14/><W109/><G114/><T12/><D12/><U33/><E105/><V82/><F82/><W135/><G115/><T19/><D19/><U123/><E33/><V122/><F122/><W134/><G134/><T42/><D42/><U17/><E17/><V106/><F106/><W29/><G135/><T4/><D4/><U32/><E32/><V92/><F92/><W20/><G20/><T58/><D79/><N who="3" m="30249" /><G94/><T47/><D47/><U69/><E69/><V88/><F88/><W99/><G108/><T103/><REACH who="0" step="1"/><D66/><AGARI ba="0,0" hai="2,6,9,26,30,35,62,66,68,72,75" m="63567" machi="66" ten="30,7700,0" yaku="25,1,33,2,52,1" doraHai="67" who="2" fromWho="0" sc="215,-77,294,0,236,77,255,0" owari="138,-36.0,294,9.0,313,41.0,255,-14.0" /></mjloggm>