<mjloggm ver="2.3"><GO type="169" lobby="0"/><UN n0="%E3%82%A6%E3%83%AB%E3%83%88%E3%83%A9%E7%AB%8B%E7%9B%B4" n1="%4E%41%4F%54%4F" n2="%41%6E%74%65%72%6F%73" n3="%E3%82%B4%E3%83%BC%E3%83%AB%E3%83%87%E3%83%B3%E3%81%B2%E3%82%88%E3%81%93" dan="16,16,16,16" rate="2168.09,2171.82,2094.61,2159.46" sx="M,M,M,M"/><TAIKYOKU oya="0"/><INIT seed="0,0,0,5,3,132" ten="250,250,250,250" oya="0" hai0="27,128,70,85,75,39,58,9,28,91,131,72,90" hai1="26,55,44,104,66,129,20,10,106,12,82,121,50" hai2="49,113,97,16,112,83,52,99,124,63,5,134,98" hai3="103,7,47,61,34,14,135,24,23,48,127,133,87"/><T64/><D70/><U3/><E3/><V21/><F134/><N who="3" m="51211" /><G34/><T78/><D39/><U54/><E129/><N who="0" m="49737" /><D78/><U60/><E121/><V130/><F130/><W36/><G36/><T100/><D100/><U4/><E55/><V0/><F124/><W122/><G103/><T29/><D9/><U69/><REACH who="1" step="1"/><E82/><REACH who="1" ten="250,240,250,250" step="2"/><V67/><F83/><W95/><G122/><T73/><D27/><U11/><E11/><V40/><F0/><W56/><G24/><T22/><D22/><U6/><E6/><V125/><F5/><W25/><G25/><T38/><D38/><U111/><E111/><V62/><F40/><N who="3" m="24679" /><G23/><T123/><D123/><U71/><E71/><V19/><F21/><W86/><G14/><T42/><D42/><U80/><E80/><V37/><F37/><W32/><G7/><T102/><D102/><U45/><E45/><V2/><F2/><W81/><G32/><T117/><D117/><U74/><E74/><V105/><F113/><W84/><G81/><N who="0" m="49455" /><D91/><U109/><E109/><V53/><F112/><W114/><G114/><T116/><D116/><U18/><AGARI ba="0,1" hai="4,10,12,18,20,26,44,50,54,60,66,69,104,106" machi="18" ten="20,2700,0" yaku="1,1,0,1,7,1,53,0" doraHai="132" doraHaiUra="76" who="1" fromWho="1" sc="250,-13,240,37,250,-7,250,-7" /><INIT seed="1,0,0,4,4,128" ten="237,277,243,243" oya="1" hai0="20,64,19,13,132,92,131,4,56,111,93,121,75" hai1="99,31,83,24,28,73,14,106,120,98,0,123,124" hai2="91,3,87,29,10,134,76,7,11,39,48,58,108" hai3="52,55,116,61,30,43,102,18,33,63,129,126,80"/><U5/><E0/><V69/><F39/><W70/><G129/><T37/><D75/><U59/><E28/><V109/><F69/><W16/><G126/><T79/><D37/><U86/><E73/><V71/><F71/><W77/><G102/><T50/><D131/><U103/><E124/><V127/><F76/><W113/><G113/><T53/><D111/><N who="2" m="42570" /><F127/><W23/><G33/><T46/><D121/><U32/><E98/><V133/><F29/><W82/><G116/><T94/><D79/><U101/><E101/><V34/><F11/><W96/><G43/><T119/><D119/><U60/><E14/><V41/><F34/><W26/><G96/><T54/><D132/><N who="2" m="50794" /><F58/><N who="3" m="35015" /><G70/><T51/><D4/><U21/><E5/><V104/><F104/><W44/><G77/><T90/><REACH who="0" step="1"/><D64/><REACH who="0" ten="227,277,243,243" step="2"/><U85/><E123/><V84/><F91/><AGARI ba="0,1" hai="13,19,20,46,50,51,53,54,56,90,91,92,93,94" machi="91" ten="40,5200,0" yaku="1,1,2,1,8,1,53,0" doraHai="128" doraHaiUra="1" who="0" fromWho="2" sc="227,62,277,0,243,-52,243,0" /><INIT seed="2,0,0,1,4,27" ten="289,277,191,243" oya="2" hai0="39,32,84,115,118,9,88,93,1,40,92,73,75" hai1="74,104,113,78,41,133,43,76,100,121,119,96,89" hai2="12,134,36,49,94,47,2,123,16,107,126,22,6" hai3="18,103,81,26,116,106,120,101,33,71,65,132,79"/><V54/><F107/><W111/><G18/><T87/><D32/><U125/><E133/><V130/><F123/><W3/><G103/><T42/><D115/><U7/><E125/><V82/><F126/><W62/><G120/><T64/><D64/><U13/><E119/><V20/><F134/><W30/><G132/><T4/><D118/><U57/><E113/><V105/><F105/><W69/><G116/><T72/><REACH who="0" step="1"/><D39/><REACH who="0" ten="279,277,191,243" step="2"/><U17/><E121/><V34/><F34/><W90/><G111/><T112/><D112/><U63/><E74/><V56/><F130/><W127/><G127/><T80/><D80/><U58/><E104/><V45/><F36/><W15/><G81/><T51/><D51/><U86/><E63/><V55/><F82/><W37/><G62/><T70/><D70/><U117/><E117/><V131/><F131/><W0/><G65/><T129/><D129/><U99/><E57/><V83/><F83/><W67/><G67/><T60/><D60/><U77/><E58/><V110/><F110/><W53/><G106/><T35/><D35/><U8/><E77/><V44/><F94/><W28/><G33/><T108/><D108/><U23/><E78/><V85/><F55/><W10/><G53/><T14/><D14/><U21/><E13/><V38/><F38/><W11/><G37/><T109/><D109/><U25/><E76/><V91/><F2/><W95/><G79/><T5/><D5/><U68/><E7/><V59/><F56/><W46/><G71/><T48/><D48/><U122/><E68/><V102/><F6/><W61/><G69/><RYUUKYOKU ba="0,1" sc="279,30,277,-10,191,-10,243,-10" hai0="1,4,9,40,42,72,73,75,84,87,88,92,93" /><INIT seed="3,1,1,0,5,86" ten="309,267,181,233" oya="3" hai0="55,72,21,110,96,25,69,75,51,130,131,133,105" hai1="8,2,30,126,60,121,6,61,132,97,79,128,5" hai2="36,111,27,3,42,40,10,34,100,49,47,83,87" hai3="45,92,99,26,13,38,44,35,113,117,46,84,125"/><W68/><G117/><T9/><D69/><U106/><E128/><N who="0" m="49193" /><D110/><U4/><E126/><V88/><F111/><W59/><G113/><T115/><D133/><U52/><E121/><V58/><F100/><W81/><G68/><T112/><D9/><U28/><E132/><V43/><F58/><W90/><G125/><T19/><D96/><U122/><E122/><V108/><F108/><W63/><G13/><T7/><D7/><U107/><E79/><V37/><F10/><W14/><G14/><T33/><D33/><U89/><E8/><V85/><F3/><W22/><G35/><T91/><D91/><U29/><E2/><V53/><REACH who="2" step="1"/><F87/><REACH who="2" ten="309,267,171,233" step="2"/><W39/><G59/><N who="0" m="33279" /><D105/><U70/><E70/><V54/><F54/><W127/><G127/><T103/><D103/><U135/><E52/><V119/><F119/><W31/><REACH who="3" step="1"/><G63/><REACH who="3" ten="309,267,171,223" step="2"/><T23/><D115/><U109/><E109/><V15/><F15/><W95/><G95/><T123/><D112/><U66/><E60/><V76/><F76/><AGARI ba="1,3" hai="22,26,31,38,39,44,45,46,76,81,84,90,92,99" machi="76" ten="40,3900,0" yaku="1,1,52,1,53,0" doraHai="86" doraHaiUra="32" who="3" fromWho="2" sc="309,0,267,0,171,-42,223,72" /><INIT seed="3,2,0,1,3,37" ten="309,267,129,295" oya="3" hai0="34,13,57,65,72,31,122,106,133,5,80,29,85" hai1="105,16,123,35,114,99,41,22,26,0,118,117,11" hai2="103,2,86,124,77,21,3,100,8,6,116,42,18" hai3="66,23,97,59,46,55,30,92,95,67,47,54,120"/><W76/><G120/><T38/><D72/><U61/><E114/><V131/><F116/><W84/><G30/><T109/><D38/><U126/><E126/><V9/><F124/><W98/><G23/><T25/><D106/><U91/><E123/><V127/><F127/><W71/><G71/><T93/><D122/><U56/><E35/><V7/><F131/><W121/><G121/><T75/><D75/><U63/><E63/><V128/><F128/><W82/><G95/><T52/><D65/><N who="3" m="24585" /><G55/><T134/><D93/><U130/><E130/><V74/><F74/><W110/><G110/><T60/><D31/><U69/><E69/><V51/><F77/><W62/><G98/><T14/><D109/><U24/><E105/><V78/><F78/><W33/><G33/><T49/><D60/><U58/><E61/><V87/><F103/><AGARI ba="2,0" hai="46,47,54,59,62,76,82,84,92,97,103" m="24585" machi="103" ten="30,1500,0" yaku="8,1" doraHai="37" who="3" fromWho="2" sc="309,0,267,0,129,-21,295,21" /><INIT seed="3,3,0,0,1,6" ten="309,267,108,316" oya="3" hai0="67,119,59,135,48,123,36,99,13,82,97,7,39" hai1="120,94,88,19,37,73,68,132,125,40,50,18,60" hai2="24,111,109,27,41,20,85,114,134,30,110,90,65" hai3="77,56,53,108,61,34,130,98,70,51,118,71,14"/><W47/><G118/><T105/><D119/><U127/><E37/><V12/><F114/><W124/><G34/><T44/><D123/><U79/><E132/><V115/><F115/><W31/><G31/><T8/><D135/><U33/><E33/><V101/><F134/><W46/><G77/><T96/><D105/><U54/><E120/><V84/><F101/><W1/><G1/><T16/><D82/><N who="1" m="45423" /><E60/><V42/><F65/><W23/><G124/><N who="1" m="47690" /><E40/><V74/><F74/><W26/><G130/><T112/><D112/><U25/><E25/><V128/><F128/><W0/><G0/><T15/><D59/><N who="1" m="33239" /><E68/><V58/><F27/><W80/><G47/><T5/><D67/><U49/><E49/><V10/><F58/><W64/><G71/><T66/><D66/><U69/><E69/><V117/><F117/><W3/><G46/><T131/><D131/><U21/><E21/><V62/><F62/><W55/><G23/><N who="0" m="11663" /><D39/><U102/><E102/><V28/><F28/><W126/><G70/><T63/><D63/><U2/><E2/><V116/><F116/><W103/><G3/><T35/><D35/><U17/><E17/><N who="2" m="8343" /><F85/><AGARI ba="3,0" hai="18,19,85,88,94" m="33239,47690,45423" machi="85" ten="30,2000,0" yaku="18,1,54,1" doraHai="6" who="1" fromWho="2" sc="309,0,267,29,108,-29,316,0" /><INIT seed="4,0,0,4,2,71" ten="309,296,79,316" oya="0" hai0="112,133,50,6,9,20,108,18,13,26,58,73,59" hai1="39,107,128,92,36,119,85,84,66,93,98,124,3" hai2="62,82,106,120,77,1,100,22,23,17,0,105,54" hai3="8,32,5,47,70,16,94,78,67,63,103,51,123"/><T27/><D73/><U89/><E3/><V10/><F120/><W116/><G116/><T91/><D112/><U4/><E4/><V121/><F121/><W55/><G123/><T130/><D130/><U127/><E119/><V117/><F117/><W132/><G132/><T38/><D133/><U65/><E107/><V110/><F110/><W109/><G109/><T104/><D104/><U122/><E122/><V46/><F23/><W34/><G78/><T45/><D38/><N who="1" m="14379" /><E128/><V114/><F114/><W111/><G111/><T95/><D27/><U19/><E19/><V99/><F106/><W83/><G83/><T37/><D37/><U129/><E129/><V43/><F10/><W126/><G16/><T69/><D69/><U79/><E79/><V7/><F7/><W33/><G8/><T56/><D108/><U125/><E85/><V134/><F134/><W72/><G5/><T96/><REACH who="0" step="1"/><D59/><REACH who="0" ten="299,296,79,316" step="2"/><U118/><E118/><V61/><F105/><W74/><G72/><T28/><D28/><U11/><E11/><V60/><F61/><W88/><G94/><T97/><D97/><U86/><E86/><V31/><F31/><W41/><G74/><T29/><D29/><U81/><E81/><V135/><F135/><W30/><G30/><T90/><D90/><AGARI ba="0,1" hai="65,66,84,89,90,92,93,98,124,125,127" m="14379" machi="90" ten="40,8000,1" yaku="18,1,52,3" doraHai="71" who="1" fromWho="0" sc="299,-80,296,90,79,0,316,0" /><INIT seed="5,0,0,1,5,28" ten="219,386,79,316" oya="1" hai0="109,73,66,92,53,95,116,3,104,5,89,29,35" hai1="113,43,10,101,97,82,19,24,23,71,111,52,117" hai2="133,8,112,122,107,41,55,12,74,90,14,103,63" hai3="11,135,36,77,110,39,62,84,22,85,25,129,17"/><U48/><E71/><V121/><F74/><W98/><G110/><T79/><D109/><U80/><E113/><V118/><F118/><W93/><G129/><T40/><D104/><U108/><E117/><V91/><F41/><W26/><G135/><T72/><D66/><U106/><E43/><V27/><F133/><W81/><G85/><T4/><D53/><U115/><E115/><V134/><F134/><W125/><G125/><T56/><D56/><U38/><E38/><V102/><F112/><W68/><G11/><T96/><D40/><U30/><E111/><V34/><F27/><W100/><G68/><T67/><D67/><U86/><E108/><V126/><F126/><W130/><G130/><T50/><D50/><U42/><E42/><V6/><F107/><W37/><G62/><T114/><D114/><U2/><E2/><V124/><F124/><W18/><G39/><T33/><D29/><U76/><E10/><V13/><F34/><W99/><G99/><T58/><D58/><U83/><REACH who="1" step="1"/><E30/><REACH who="1" ten="219,376,79,316" step="2"/><V64/><F8/><W16/><G37/><T132/><D132/><U20/><E20/><V21/><F21/><N who="3" m="13479" /><G36/><T31/><D31/><AGARI ba="0,1" hai="17,18,22,26,31,77,81,84,93,98,100" m="13479" machi="31" ten="30,2000,0" yaku="8,1,54,1" doraHai="28" who="3" fromWho="0" sc="219,-20,376,0,79,0,316,30" /><INIT seed="6,0,0,3,5,99" ten="199,376,79,346" oya="2" hai0="106,127,24,112,32,132,117,54,19,125,88,105,77" hai1="83,52,11,135,73,20,85,12,101,48,5,131,81" hai2="80,36,95,37,7,78,49,18,87,41,33,22,103" hai3="40,119,13,67,108,55,93,68,56,94,2,38,21"/><V39/><F33/><W121/><G2/><T82/><D88/><U107/><E131/><V4/><F49/><N who="3" m="30831" /><G119/><T71/><D71/><U128/><E135/><V10/><F41/><W92/><G108/><T134/><D54/><U29/><E128/><V100/><F95/><W58/><G121/><T84/><D112/><U133/><E133/><N who="0" m="51305" /><D117/><U97/><E73/><V34/><F34/><W91/><G68/><T111/><D111/><U30/><E20/><V102/><REACH who="2" step="1"/><F10/><REACH who="2" ten="199,376,69,346" step="2"/><W9/><G40/><T115/><D115/><U31/><REACH who="1" step="1"/><E85/><REACH who="1" ten="199,366,69,346" step="2"/><V109/><F109/><W26/><G38/><T25/><D32/><U86/><E86/><V28/><F28/><W46/><G21/><N who="0" m="13375" /><D106/><U70/><E70/><V74/><F74/><W51/><G9/><T27/><D105/><U129/><E129/><V110/><F110/><W45/><G51/><T126/><AGARI ba="0,2" hai="25,27,77,82,84,125,126,127" m="13375,51305" machi="126" ten="40,2700,0" yaku="18,1,20,1" doraHai="99" who="0" fromWho="0" sc="199,47,366,-7,69,-13,346,-7" /><INIT seed="7,0,0,5,3,66" ten="246,359,56,339" oya="3" hai0="86,58,88,43,129,2,23,127,32,52,123,34,87" hai1="61,56,24,112,51,59,29,93,132,36,37,124,6" hai2="41,31,55,3,117,125,110,12,111,70,63,102,64" hai3="35,78,33,104,62,122,45,10,67,65,26,25,83"/><W121/><G104/><T96/><D2/><U4/><E112/><V57/><F3/><W134/><G45/><T22/><D123/><N who="3" m="47113" /><G10/><T60/><D129/><U100/><E124/><V30/><F102/><W49/><G49/><T16/><D127/><U69/><E132/><V90/><F125/><W72/><G134/><T19/><D43/><U39/><E69/><V107/><F107/><W103/><G103/><T82/><D96/><U28/><E28/><V89/><F41/><W7/><G7/><T15/><REACH who="0" step="1"/><D87/><REACH who="0" ten="236,359,56,339" step="2"/><U109/><E37/><V116/><F12/><AGARI ba="0,1" hai="12,15,16,19,22,23,32,34,52,58,60,82,86,88" machi="12" ten="30,12000,2" yaku="1,1,2,1,7,1,9,1,54,3,53,0" doraHai="66" doraHaiUra="73" who="0" fromWho="2" sc="236,130,359,0,56,-120,339,0" owari="366,46.0,359,16.0,-64,-56.0,339,-6.0" /></mjloggm>