<mjloggm ver="2.3"><GO type="169" lobby="0"/><UN n0="%E4%B8%80%E6%9C%AC%E5%A0%B4" n1="%E6%B0%B4%E6%9C%AC%E3%82%86%E3%81%8B%E3%82%8A" n2="%45%78%63%65%65%64%73" n3="%E5%B0%B1%E6%B4%BB%E7%94%9F%40%E5%B7%9D%E6%9D%91%E8%BB%8D%E5%9B%A3" dan="17,16,16,19" rate="2157.35,2066.12,2084.07,2345.05" sx="M,F,M,M"/><TAIKYOKU oya="0"/><INIT seed="0,0,0,3,4,0" ten="250,250,250,250" oya="0" hai0="78,87,52,36,6,1,41,127,82,38,77,44,129" hai1="43,2,4,110,31,98,108,120,7,27,68,80,30" hai2="117,51,86,125,113,61,123,53,126,64,96,20,47" hai3="34,49,60,12,118,76,56,74,59,83,112,97,28"/><T22/><D38/><U94/><E68/><V116/><F123/><W55/><G112/><T23/><D127/><N who="2" m="48650" /><F20/><W54/><G118/><N who="2" m="45673" /><F96/><W91/><G34/><T128/><D78/><U50/><E2/><V119/><F119/><W18/><G28/><T75/><D87/><U122/><E80/><V14/><F14/><W45/><G97/><T92/><D92/><U72/><E72/><V95/><F95/><W3/><G3/><T10/><REACH who="0" step="1"/><D52/><REACH who="0" ten="240,250,250,250" step="2"/><U93/><E98/><V124/><F124/><W19/><G91/><T134/><D134/><U57/><E50/><V9/><F86/><W40/><G12/><T11/><D11/><U29/><E122/><V33/><F9/><W58/><REACH who="3" step="1"/><G59/><REACH who="3" ten="240,250,250,240" step="2"/><T67/><D67/><U79/><E57/><N who="2" m="36911" /><F33/><W106/><G106/><T71/><D71/><U100/><E94/><V121/><F121/><W62/><AGARI ba="0,2" hai="18,19,40,45,49,54,55,56,58,60,62,74,76,83" machi="62" ten="20,12000,2" yaku="1,1,0,1,7,1,9,1,53,2" doraHai="0" doraHaiUra="48" who="3" fromWho="3" sc="240,-60,250,-30,250,-30,240,140" /><INIT seed="1,0,0,5,0,26" ten="180,220,220,380" oya="1" hai0="124,87,94,77,78,11,128,116,71,48,120,64,39" hai1="100,40,62,108,118,1,68,91,20,61,30,57,105" hai2="34,50,5,90,37,99,13,4,113,73,127,56,101" hai3="53,25,14,111,65,2,134,29,17,42,93,59,60"/><U32/><E118/><V72/><F113/><W23/><G111/><T52/><D116/><U54/><E1/><V117/><F117/><W67/><G134/><T133/><D133/><U21/><E108/><V110/><F37/><W84/><G2/><T28/><D39/><U104/><E40/><V135/><F34/><W66/><G42/><T3/><D124/><U109/><E91/><V58/><F110/><W121/><G121/><T83/><D128/><U0/><E0/><V74/><F135/><W27/><G27/><T69/><D64/><N who="1" m="40983" /><E105/><V85/><F127/><W22/><G93/><T129/><D129/><U36/><E36/><V33/><F33/><W125/><G125/><T79/><D94/><U126/><E109/><V10/><F50/><W107/><G107/><T97/><D97/><N who="1" m="61455" /><E126/><V92/><REACH who="2" step="1"/><F5/><REACH who="2" ten="180,220,210,380" step="2"/><W35/><G35/><T6/><D120/><U31/><E32/><V46/><F46/><W106/><G106/><AGARI ba="0,1" hai="4,10,13,56,58,72,73,74,85,90,92,99,101,106" machi="106" ten="40,2600,0" yaku="1,1,53,1" doraHai="26" doraHaiUra="102" who="2" fromWho="3" sc="180,0,220,0,210,36,380,-26" /><INIT seed="2,0,0,4,2,20" ten="180,220,246,354" oya="2" hai0="60,97,121,64,16,110,83,62,69,123,77,66,122" hai1="115,2,90,109,79,87,101,29,28,102,129,74,104" hai2="85,95,18,32,6,127,84,124,130,11,52,88,98" hai3="36,106,17,105,134,57,33,53,61,75,24,131,7"/><V113/><F113/><W27/><G75/><T42/><D110/><U48/><E2/><V30/><F130/><W50/><G36/><T5/><D5/><U67/><E115/><V0/><F18/><W119/><G119/><T73/><D42/><U22/><E109/><V65/><F65/><W3/><G3/><T38/><D38/><U31/><E129/><V56/><F30/><W25/><G33/><T13/><D97/><U49/><E67/><V19/><F19/><W76/><G7/><T89/><D89/><U14/><E79/><V1/><F32/><W44/><G131/><T71/><REACH who="0" step="1"/><D122/><REACH who="0" ten="170,220,246,354" step="2"/><U120/><E120/><V21/><F1/><W92/><G76/><T63/><D63/><U45/><E49/><N who="2" m="30735" /><F21/><AGARI ba="0,1" hai="13,16,21,60,62,64,66,69,71,73,77,83,121,123" machi="21" ten="30,12000,2" yaku="1,1,7,1,9,1,54,1,53,2" doraHai="20" doraHaiUra="117" who="0" fromWho="2" sc="170,130,220,0,246,-120,354,0" /><INIT seed="3,0,0,4,0,20" ten="300,220,126,354" oya="3" hai0="97,9,14,1,86,78,122,30,52,2,53,24,51" hai1="94,23,91,126,13,58,90,114,66,8,77,50,38" hai2="106,15,68,19,40,39,104,110,81,62,70,88,47" hai3="128,42,43,35,130,135,85,99,100,21,84,41,65"/><W112/><G35/><T0/><D122/><U32/><E38/><V119/><F119/><W17/><G112/><T7/><D97/><U12/><E32/><V108/><F62/><W63/><G135/><T123/><D123/><U6/><E114/><V48/><F39/><W92/><G128/><T87/><D78/><U37/><E37/><V73/><F106/><W5/><G5/><T11/><D11/><U45/><E126/><V33/><F104/><W132/><G132/><T31/><D31/><U127/><E127/><V22/><F33/><W28/><G28/><T16/><D7/><U95/><E77/><V129/><F129/><W109/><G109/><N who="2" m="42089" /><F73/><W115/><G115/><T121/><D121/><U60/><E12/><V3/><F3/><W74/><G74/><T75/><D75/><U4/><E4/><V117/><F117/><W36/><G36/><T103/><D103/><U72/><E72/><V107/><F107/><W134/><G134/><T101/><D101/><U46/><E23/><V113/><F113/><W56/><REACH who="3" step="1"/><G130/><REACH who="3" ten="300,220,126,344" step="2"/><T44/><REACH who="0" step="1"/><D53/><REACH who="0" ten="290,220,126,344" step="2"/><U57/><E6/><V69/><F70/><W102/><G102/><T131/><D131/><U34/><E34/><AGARI ba="0,2" hai="0,1,2,9,14,16,24,30,34,44,51,52,86,87" machi="34" ten="40,8000,1" yaku="1,1,52,1,54,2,53,0" doraHai="20" doraHaiUra="76" who="0" fromWho="1" sc="290,100,220,-80,126,0,344,0" /><INIT seed="4,0,0,5,2,5" ten="390,140,126,344" oya="0" hai0="13,20,57,61,70,11,19,50,101,64,62,59,12" hai1="117,97,37,14,9,22,35,130,71,93,124,34,110" hai2="45,67,111,108,112,109,90,6,41,60,42,65,76" hai3="77,74,73,38,105,29,120,8,122,131,102,56,51"/><T3/><D3/><U63/><E110/><V123/><F76/><W85/><G38/><T0/><D0/><U21/><E37/><V31/><F31/><W128/><G29/><T132/><D132/><U15/><E117/><V23/><F123/><N who="3" m="47147" /><G56/><T115/><D115/><U107/><E107/><V39/><F6/><W82/><G51/><T88/><D101/><U98/><E124/><V7/><F112/><W54/><G54/><T104/><D104/><U52/><E130/><N who="3" m="49706" /><G8/><N who="0" m="6535" /><D70/><U96/><E71/><V72/><F7/><W24/><G24/><T114/><D114/><U126/><E126/><V86/><F42/><W36/><G36/><T10/><D50/><U25/><E35/><V27/><F72/><W2/><G2/><T55/><D88/><N who="1" m="55335" /><E34/><V121/><F121/><W119/><G119/><T69/><D69/><U95/><E15/><V103/><F60/><W53/><G53/><T47/><D47/><U83/><E83/><V32/><F32/><W44/><G44/><T79/><D79/><U68/><E68/><V116/><F116/><W87/><G74/><T127/><D127/><U125/><E125/><V84/><F108/><W100/><G105/><T43/><D43/><U94/><E63/><V133/><F111/><W46/><G46/><T4/><D4/><N who="1" m="3367" /><E52/><V106/><F41/><W16/><G73/><T129/><D129/><U89/><E25/><V33/><F27/><W78/><G78/><T113/><D113/><U135/><E22/><V75/><F23/><W18/><G87/><T91/><D91/><N who="1" m="55519" /><E21/><V66/><F109/><W48/><G48/><T30/><D13/><RYUUKYOKU ba="0,0" sc="390,10,140,10,126,-30,344,10" hai0="10,11,20,30,55,57,59,61,62,64" hai1="89,95,98,135" hai3="16,18,77,82,85,100,102" /><INIT seed="4,1,0,0,0,45" ten="400,150,96,354" oya="0" hai0="41,63,95,65,12,57,14,21,5,18,98,66,15" hai1="81,102,53,132,76,37,110,122,39,77,10,73,105" hai2="4,135,62,80,82,134,83,61,51,104,50,40,113" hai3="56,99,115,123,108,11,59,112,32,107,25,87,7"/><T68/><D41/><U84/><E110/><V78/><F40/><W79/><G108/><T120/><D120/><U3/><E122/><V86/><F104/><W30/><G123/><T31/><D31/><U75/><E132/><N who="2" m="50731" /><F4/><W1/><G79/><T111/><D111/><U88/><E10/><V64/><F113/><N who="3" m="43595" /><G87/><T100/><D68/><U17/><E17/><V0/><F0/><W85/><G85/><T74/><D74/><U46/><E3/><V33/><F33/><W71/><G71/><T70/><D70/><U6/><E6/><V129/><F129/><W109/><G109/><T24/><REACH who="0" step="1"/><D5/><REACH who="0" ten="390,150,96,354" step="2"/><U38/><E75/><V58/><F62/><W20/><G32/><T124/><D124/><U67/><E73/><N who="2" m="43087" /><F82/><W130/><G130/><T91/><D91/><AGARI ba="1,1" hai="50,51,58,61,64,83,86,91" m="43087,50731" machi="91" ten="30,3900,0" yaku="20,1,52,2" doraHai="45" who="2" fromWho="0" sc="390,-42,150,0,96,52,354,0" /><INIT seed="5,0,0,0,2,132" ten="348,150,148,354" oya="1" hai0="21,121,112,86,29,41,47,96,99,4,68,74,78" hai1="80,5,48,133,30,88,16,127,13,25,123,71,107" hai2="126,89,34,131,115,95,75,42,1,135,100,111,6" hai3="49,67,62,91,14,19,116,22,17,57,63,61,53"/><U59/><E71/><V56/><F111/><W104/><G104/><T26/><D74/><U87/><E107/><V130/><F34/><W7/><G7/><T2/><D68/><U0/><E123/><V28/><F115/><W73/><G73/><T114/><D121/><U70/><E70/><V94/><F75/><W105/><G105/><T93/><D2/><U12/><E133/><V82/><F135/><W120/><G116/><T134/><D4/><U110/><E110/><V122/><F28/><W35/><G35/><T23/><D134/><U101/><E101/><V32/><F32/><W128/><G128/><N who="2" m="49193" /><F42/><W8/><G91/><N who="0" m="53495" /><D78/><U24/><E127/><V38/><F38/><W84/><G84/><T76/><D76/><U92/><E0/><V33/><F33/><W60/><G120/><T72/><D21/><N who="1" m="15663" /><E5/><V55/><F122/><W40/><G40/><T39/><D72/><U64/><E80/><V54/><F126/><W90/><G63/><T98/><D39/><U103/><E103/><V45/><F100/><W119/><G119/><T3/><D3/><U46/><E59/><V37/><F1/><W51/><G90/><T129/><D129/><U83/><E64/><V85/><F6/><W109/><G109/><T20/><D114/><U15/><E24/><V124/><F124/><W108/><G108/><T11/><D112/><U9/><E92/><N who="2" m="35371" /><F56/><N who="3" m="37255" /><G62/><T65/><D65/><U106/><E106/><V125/><F125/><W69/><G69/><T79/><D26/><AGARI ba="0,0" hai="8,14,17,19,22,26,49,51,53,57,61" m="37255" machi="26" ten="30,1000,0" yaku="8,1" doraHai="132" who="3" fromWho="0" sc="348,-10,150,0,148,0,354,10" /><INIT seed="6,0,0,1,2,133" ten="338,150,148,364" oya="2" hai0="88,96,97,74,31,15,106,0,38,99,122,110,71" hai1="10,73,35,82,4,119,80,68,107,36,134,86,43" hai2="77,126,95,63,66,75,21,9,33,124,90,81,101" hai3="13,26,51,49,58,60,22,5,24,29,55,46,27"/><V7/><F33/><W109/><G109/><T14/><D110/><U123/><E68/><V37/><F37/><W105/><G105/><T91/><D122/><U39/><E107/><V11/><F101/><W84/><G84/><T62/><D106/><U23/><E35/><V113/><F113/><W28/><G51/><T64/><D38/><U34/><E34/><V57/><F21/><W6/><G13/><T41/><D41/><U3/><E119/><V45/><F45/><W87/><G87/><T65/><D74/><U56/><E134/><V93/><F95/><W104/><G104/><T135/><D31/><N who="3" m="11849" /><G22/><T42/><D42/><AGARI ba="0,0" hai="5,6,24,26,27,42,46,49,55,58,60" m="11849" machi="42" ten="30,1000,0" yaku="8,1" doraHai="133" who="3" fromWho="0" sc="338,-10,150,0,148,0,364,10" /><INIT seed="7,0,0,2,0,94" ten="328,150,148,374" oya="3" hai0="128,104,46,69,76,93,21,75,123,49,120,135,24" hai1="72,119,101,48,131,107,54,2,32,118,51,108,34" hai2="80,44,6,97,86,71,74,85,14,110,27,66,115" hai3="121,62,117,112,0,55,30,124,96,87,88,132,8"/><W36/><G112/><T90/><D104/><U28/><E108/><V59/><F110/><W92/><G36/><T68/><D135/><U33/><E131/><V126/><F71/><W16/><G30/><T29/><D128/><U116/><E72/><V77/><F115/><W1/><G1/><T105/><D105/><U58/><E2/><V100/><F126/><W114/><G0/><T64/><D76/><U12/><E12/><V42/><F27/><W52/><G132/><T47/><D75/><U67/><E67/><V63/><F6/><W9/><G124/><T15/><D47/><U98/><E48/><V122/><F14/><N who="3" m="7239" /><G62/><T78/><D78/><U82/><E82/><V17/><F17/><W19/><G114/><T133/><D133/><U84/><E84/><V102/><F122/><W25/><G117/><T40/><D15/><U79/><E79/><V31/><F31/><AGARI ba="0,0" hai="28,31,32,33,34,51,54,58,98,101,107,116,118,119" machi="31" ten="50,3200,0" yaku="12,1,52,1" doraHai="94" who="1" fromWho="2" sc="328,0,150,32,148,-32,374,0" owari="328,13.0,182,-22.0,116,-38.0,374,47.0" /></mjloggm>