<mjloggm ver="2.3"><GO type="169" lobby="0"/><UN n0="%E3%81%91%E3%82%93%31%39%37%30" n1="%E3%82%AB%E3%83%9D%E3%83%8D%E5%9B%A3%E3%81%AE%E5%85%84%E8%B2%B4" n2="%E3%82%A6%E3%83%AB%E3%83%88%E3%83%A9%E7%AB%8B%E7%9B%B4" n3="%E4%BB%A3%E6%89%93%E3%81%A1%E3%81%AE%E7%A5%9E%E6%A7%98" dan="16,17,17,17" rate="2124.47,2201.18,2195.53,2181.53" sx="M,M,M,M"/><TAIKYOKU oya="0"/><INIT seed="0,0,0,0,0,25" ten="250,250,250,250" oya="0" hai0="101,28,11,126,15,118,50,60,99,109,43,93,31" hai1="16,63,79,120,35,0,88,58,45,74,116,134,51" hai2="13,46,37,59,81,123,86,106,42,23,90,20,76" hai3="5,133,71,68,53,135,47,97,30,40,21,98,115"/><T127/><D118/><U69/><E120/><V61/><F106/><W94/><G115/><T111/><D60/><U8/><E116/><V64/><F123/><W132/><G5/><T27/><D27/><U107/><E35/><V66/><F66/><W83/><G53/><T121/><D121/><U6/><E134/><V114/><F114/><W122/><G122/><T91/><D101/><U130/><E130/><V7/><F7/><W80/><G21/><T85/><D99/><N who="3" m="37897" /><G94/><T44/><D126/><U41/><E107/><V54/><F13/><W4/><G4/><N who="0" m="3559" /><D127/><U57/><E16/><V84/><REACH who="2" step="1"/><F64/><REACH who="2" ten="250,250,240,250" step="2"/><W18/><G135/><T124/><D124/><U48/><E6/><V62/><F62/><W113/><G133/><T24/><D24/><U125/><E63/><V77/><F77/><W72/><G132/><T55/><D43/><U22/><E41/><V119/><F119/><W17/><G40/><T103/><D103/><U29/><E125/><V95/><AGARI ba="0,1" hai="20,23,37,42,46,54,59,61,76,81,84,86,90,95" machi="95" ten="20,2700,0" yaku="1,1,0,1,7,1,53,0" doraHai="25" doraHaiUra="67" who="2" fromWho="2" sc="250,-13,250,-7,240,37,250,-7" /><INIT seed="1,0,0,1,5,49" ten="237,243,277,243" oya="1" hai0="21,67,132,42,59,111,102,22,131,123,89,71,96" hai1="125,26,82,118,117,91,84,18,28,25,77,35,1" hai2="87,128,106,64,31,133,41,122,47,3,36,108,17" hai3="54,110,2,4,95,76,33,121,39,93,100,8,101"/><U51/><E125/><V78/><F122/><W13/><G121/><T43/><D123/><U32/><E1/><V97/><F31/><W5/><G39/><T44/><D71/><U130/><E130/><V116/><F116/><W115/><G115/><T94/><D131/><U69/><E69/><V119/><F119/><W34/><G110/><T56/><D111/><U12/><E51/><V63/><F108/><W124/><G124/><T11/><D43/><U0/><E0/><V19/><F3/><W20/><G76/><T90/><D11/><U52/><E77/><V113/><F128/><W6/><G20/><T29/><D59/><U61/><E12/><V88/><F133/><W14/><G2/><T114/><D21/><U129/><E129/><V120/><F120/><W74/><G74/><T53/><D132/><U60/><E60/><V105/><F78/><W92/><G54/><T15/><D67/><U107/><E107/><V79/><F79/><W135/><G135/><T80/><D80/><U50/><E61/><V72/><F72/><W65/><G65/><T9/><D114/><U37/><E37/><V86/><F113/><W10/><REACH who="3" step="1"/><G5/><REACH who="3" ten="237,243,277,233" step="2"/><N who="0" m="3503" /><D22/><U16/><E117/><V55/><F64/><W104/><G104/><T38/><D29/><U75/><E75/><V46/><F106/><W98/><G98/><T81/><D38/><U127/><E127/><V66/><F105/><W58/><G58/><T40/><D56/><N who="1" m="32791" /><E118/><V24/><F66/><W23/><G23/><T62/><D96/><U45/><E45/><N who="2" m="16907" /><F36/><W103/><AGARI ba="0,1" hai="4,6,8,10,13,14,33,34,92,93,95,100,101,103" machi="103" ten="30,4000,0" yaku="1,1,0,1,9,1,53,0" doraHai="49" doraHaiUra="109" who="3" fromWho="3" sc="237,-10,243,-20,277,-10,233,50" /><INIT seed="2,0,0,5,1,93" ten="227,223,267,283" oya="2" hai0="10,83,29,135,14,70,48,25,38,26,66,43,49" hai1="18,0,133,58,50,60,15,107,71,59,44,4,112" hai2="102,28,95,106,85,30,41,13,122,27,22,7,134" hai3="1,123,16,118,120,63,24,73,130,5,76,80,89"/><V36/><F122/><W87/><G118/><T53/><D135/><U110/><E112/><V129/><F134/><W21/><G130/><T12/><D38/><U121/><E133/><V125/><F129/><W46/><G63/><T56/><D70/><U37/><E110/><V99/><F125/><W108/><G108/><T31/><D66/><U62/><E121/><V20/><F36/><W111/><G111/><T23/><D83/><U131/><E131/><V68/><F68/><W98/><G46/><T100/><D100/><U17/><E107/><V74/><F74/><W2/><G2/><T79/><D79/><U19/><E37/><V75/><F75/><W78/><G78/><T9/><D43/><U124/><E0/><V126/><F41/><W77/><G77/><T88/><D23/><U35/><E35/><V6/><F126/><W96/><G123/><T94/><D94/><U91/><E71/><V72/><F72/><W92/><REACH who="3" step="1"/><G120/><REACH who="3" ten="227,223,267,273" step="2"/><T51/><D56/><U61/><E124/><V127/><F127/><W115/><G115/><T97/><D51/><U132/><E132/><V33/><F33/><W103/><G103/><T90/><REACH who="0" step="1"/><D53/><REACH who="0" ten="217,223,267,273" step="2"/><N who="1" m="29895" /><E91/><V82/><F102/><W105/><G105/><T128/><D128/><U101/><E101/><V65/><F106/><W64/><G64/><T3/><D3/><U116/><E116/><V11/><F65/><W109/><G109/><T69/><D69/><U32/><E32/><V119/><F119/><W84/><G84/><T114/><D114/><U45/><E45/><V52/><F85/><W42/><G42/><T8/><D8/><AGARI ba="0,2" hai="4,8,15,17,18,19,58,59,60,61,62" m="29895" machi="8" ten="30,2000,0" yaku="6,1,8,1" doraHai="93" who="1" fromWho="0" sc="217,-20,223,40,267,0,273,0" /><AGARI ba="0,0" hai="1,5,8,16,21,24,73,76,80,87,89,92,96,98" machi="8" ten="40,8000,1" yaku="1,1,6,1,52,2,54,1,53,0" doraHai="93" doraHaiUra="117" who="3" fromWho="0" sc="197,-80,263,0,267,0,273,80" /><INIT seed="3,0,0,1,3,135" ten="117,263,267,353" oya="3" hai0="41,128,74,58,68,11,118,72,115,87,97,28,15" hai1="51,113,75,5,132,45,16,108,31,94,52,133,0" hai2="134,95,63,61,47,59,105,64,69,13,56,109,23" hai3="22,70,96,103,35,85,125,102,106,8,46,78,66"/><W100/><G35/><T6/><D68/><U91/><E113/><V110/><F105/><W117/><G117/><T40/><D118/><U62/><E75/><V29/><F134/><N who="1" m="51817" /><E108/><N who="2" m="41579" /><F95/><W60/><G8/><T27/><D128/><U73/><E73/><V42/><F13/><W92/><G46/><T89/><D115/><U38/><E31/><V65/><F23/><W39/><G39/><T7/><D7/><U67/><E38/><N who="2" m="21975" /><F29/><W99/><G102/><T25/><D97/><N who="1" m="57567" /><E16/><V10/><F10/><W57/><G22/><T53/><D74/><U101/><E101/><V71/><AGARI ba="0,0" hai="56,59,61,63,64,65,69,71" m="21975,41579" machi="71" ten="30,4000,0" yaku="14,1,34,2" doraHai="135" who="2" fromWho="2" sc="117,-10,263,-10,267,40,353,-20" /><INIT seed="4,0,0,0,1,21" ten="107,253,307,333" oya="0" hai0="15,44,36,7,118,59,105,135,71,134,74,66,5" hai1="127,78,2,40,69,6,39,54,112,103,1,41,126" hai2="49,101,94,129,8,31,131,3,92,64,51,80,81" hai3="42,53,61,110,120,108,85,9,63,122,95,11,124"/><T17/><D118/><U123/><E123/><N who="3" m="47146" /><G42/><N who="1" m="16490" /><E39/><V27/><F64/><W70/><G124/><N who="1" m="47658" /><E6/><V114/><F114/><W88/><G63/><N who="0" m="38271" /><D71/><U68/><E112/><V55/><F8/><N who="3" m="3147" /><G70/><N who="1" m="27242" /><E54/><V14/><F14/><W73/><G73/><T13/><D36/><U46/><E46/><V132/><F55/><W75/><G75/><T18/><D74/><U86/><E103/><V130/><F101/><W117/><G117/><T28/><D44/><U45/><E45/><V52/><F52/><W20/><G20/><N who="0" m="11311" /><D105/><U79/><E86/><V83/><F3/><AGARI ba="0,0" hai="1,2,3,78,79" m="27242,47658,16490" machi="3" ten="40,5200,0" yaku="28,2,18,1" doraHai="21" who="1" fromWho="2" sc="107,0,253,52,307,-52,333,0" /><INIT seed="5,0,0,4,4,5" ten="107,305,255,333" oya="1" hai0="100,99,135,115,11,91,127,121,29,13,104,111,16" hai1="30,93,23,97,130,24,132,124,86,72,87,114,47" hai2="12,62,81,128,35,4,118,41,58,54,27,129,20" hai3="63,92,82,38,134,95,36,120,52,14,9,21,71"/><U116/><E116/><V110/><F110/><W106/><G106/><T102/><D111/><U107/><E124/><V34/><F118/><W6/><G120/><T7/><D127/><U10/><E130/><N who="2" m="50283" /><F41/><W69/><G134/><T133/><D121/><U88/><E114/><V112/><F112/><W37/><G82/><T119/><D115/><U51/><E72/><V28/><F81/><W83/><G83/><T70/><D119/><U17/><E107/><V76/><F76/><W66/><G71/><T40/><D70/><U59/><E59/><V44/><F44/><W78/><G78/><T45/><D29/><U65/><E65/><V96/><F96/><W89/><G89/><T31/><D31/><U49/><E132/><N who="0" m="50761" /><D102/><U79/><E79/><V125/><F125/><W123/><G123/><T77/><D77/><U108/><E108/><V39/><F39/><W113/><G113/><T64/><D64/><U109/><E109/><V25/><F25/><W1/><G52/><T94/><D7/><U75/><E75/><V126/><F126/><W26/><REACH who="3" step="1"/><G1/><REACH who="3" ten="107,305,255,323" step="2"/><T8/><D104/><U74/><E74/><V53/><F53/><W32/><G32/><T0/><D91/><U22/><E86/><V3/><F3/><W15/><G15/><T50/><D0/><U85/><E87/><V55/><F55/><W48/><G48/><T19/><D13/><N who="1" m="7351" /><E85/><V57/><F57/><W73/><G73/><T84/><D84/><U122/><E122/><V18/><F35/><W46/><G46/><T103/><D100/><N who="1" m="60463" /><E51/><V98/><F98/><W117/><G117/><T42/><D42/><RYUUKYOKU ba="0,1" sc="107,10,305,-30,255,10,323,10" hai0="8,11,16,19,40,45,50,94,99,103" hai2="4,12,18,20,27,28,34,54,58,62" hai3="6,9,14,21,26,36,37,38,63,66,69,92,95" /><INIT seed="6,1,1,1,4,109" ten="117,275,265,333" oya="2" hai0="42,79,73,26,94,89,67,22,63,71,29,123,37" hai1="7,15,132,114,104,102,61,40,43,44,41,36,17" hai2="60,11,70,112,133,92,58,118,6,59,75,86,13" hai3="45,107,21,2,49,52,125,28,97,0,72,10,57"/><V100/><F75/><W50/><G72/><T48/><D123/><U122/><E132/><V16/><F118/><W18/><G125/><T35/><D73/><U110/><E110/><V12/><F133/><W14/><G28/><T111/><D111/><U53/><E114/><V30/><F30/><W77/><G77/><T116/><D116/><U46/><E122/><V117/><F117/><W85/><G85/><T101/><D79/><U88/><E7/><V68/><F112/><W121/><G121/><T130/><D130/><U87/><E102/><V127/><F127/><W25/><G97/><T64/><D64/><U34/><E104/><V56/><F60/><W65/><G107/><T80/><D80/><N who="1" m="49255" /><E34/><V93/><F86/><W62/><G50/><T119/><D119/><U31/><E31/><V74/><F74/><W33/><G33/><T54/><D89/><U1/><E1/><V83/><F83/><W134/><G134/><T69/><D69/><U115/><E115/><V82/><F82/><W27/><G27/><T103/><D94/><U19/><E19/><V81/><F81/><W24/><G24/><T4/><D4/><U105/><E105/><V98/><REACH who="2" step="1"/><F93/><REACH who="2" ten="117,275,255,333" step="2"/><W129/><G129/><T5/><D35/><U90/><E61/><V32/><F32/><W128/><G128/><T66/><D66/><U106/><E106/><V96/><F96/><W78/><G78/><T51/><D63/><U3/><E36/><V84/><F84/><W8/><G65/><T38/><D37/><U39/><E39/><V113/><F113/><W108/><G108/><T126/><D38/><RYUUKYOKU ba="1,2" sc="117,-10,275,-10,255,30,333,-10" hai2="6,11,12,13,16,56,58,59,68,70,92,98,100" /><INIT seed="6,2,2,5,3,33" ten="107,265,285,323" oya="2" hai0="41,58,129,52,15,96,125,122,87,82,103,114,26" hai1="97,59,111,12,17,116,16,22,4,23,31,130,102" hai2="37,61,30,81,70,83,91,95,127,38,34,6,99" hai3="90,115,21,113,45,124,73,46,134,48,28,3,135"/><V35/><F6/><W126/><G73/><T56/><D114/><N who="3" m="43529" /><G3/><T53/><D129/><U14/><E111/><V109/><F109/><W117/><G117/><T77/><D125/><N who="3" m="48233" /><G90/><T7/><D41/><U39/><E39/><V98/><F127/><W44/><G28/><T106/><D122/><U19/><E130/><V86/><F30/><W71/><G21/><T93/><D106/><U63/><E116/><V128/><F128/><W24/><G24/><T78/><D78/><U49/><E4/><V54/><F34/><W108/><G108/><T105/><D105/><U69/><E69/><V29/><F29/><W2/><G2/><T107/><D107/><U11/><E31/><V10/><F35/><W13/><G13/><T133/><D26/><U131/><E131/><V5/><F70/><W1/><G1/><T65/><D133/><N who="3" m="50697" /><G71/><T62/><REACH who="0" step="1"/><D58/><REACH who="0" ten="97,265,285,323" step="2"/><U42/><E59/><V75/><F75/><W57/><G57/><T84/><D84/><U76/><E76/><V43/><F86/><W72/><G72/><T118/><D118/><U36/><E23/><V67/><F98/><W123/><G123/><T68/><D68/><U55/><E97/><V94/><F99/><W120/><G120/><T0/><D0/><U25/><E22/><V100/><F10/><AGARI ba="2,3" hai="7,10,15,52,53,56,62,65,77,82,87,93,96,103" machi="10" ten="40,8000,1" yaku="1,1,8,1,54,1,53,1" doraHai="33" doraHaiUra="74" who="0" fromWho="2" sc="97,116,265,0,285,-86,323,0" /><INIT seed="7,0,0,2,3,122" ten="213,265,199,323" oya="3" hai0="74,76,38,109,78,37,44,35,21,93,8,101,26" hai1="66,90,59,115,61,135,25,68,132,114,103,52,54" hai2="60,45,95,19,106,121,91,100,108,72,12,119,2" hai3="73,88,65,28,97,123,128,58,102,53,86,83,104"/><W85/><G123/><T3/><D35/><U63/><E103/><V13/><F108/><W82/><G128/><T80/><D78/><U75/><E75/><V67/><F72/><W130/><G130/><T111/><D101/><U22/><E90/><V49/><F2/><W77/><G65/><T18/><D93/><U70/><E54/><V116/><F121/><W36/><G36/><T94/><D94/><U117/><E117/><V79/><F79/><W1/><G1/><T134/><D134/><N who="1" m="51243" /><E68/><V43/><F100/><W32/><G32/><T0/><D0/><U105/><E105/><V41/><F41/><W57/><G28/><AGARI ba="0,0" hai="22,25,28,52,59,61,63,66,70,114,115" m="51243" machi="28" ten="30,2000,0" yaku="20,1,54,1" doraHai="122" who="1" fromWho="3" sc="213,0,265,20,199,0,323,-20" owari="213,-19.0,285,9.0,199,-30.0,303,40.0" /></mjloggm>