<mjloggm ver="2.3"><GO type="169" lobby="0"/><UN n0="%E3%82%A6%E3%83%AB%E3%83%88%E3%83%A9%E7%AB%8B%E7%9B%B4" n1="%E7%9F%A2%E7%94%B0%E3%81%8F%E3%82%93" n2="%E3%82%88%E3%81%97%E3%81%8E" n3="%E6%A4%B0%E5%AD%90%37%35%33" dan="18,16,17,17" rate="2219.15,2167.84,2223.80,2158.50" sx="M,M,M,M"/><TAIKYOKU oya="0"/><INIT seed="0,0,0,4,3,53" ten="250,250,250,250" oya="0" hai0="79,91,12,73,56,78,34,127,77,113,72,62,100" hai1="42,28,11,115,84,18,63,117,51,8,44,108,110" hai2="129,95,105,47,94,75,125,80,20,96,124,55,52" hai3="103,86,119,9,39,5,45,122,23,128,99,107,29"/><T32/><D113/><U37/><E117/><V21/><F105/><W68/><G119/><T57/><D100/><U43/><E115/><V40/><F129/><W130/><G122/><T114/><D114/><U135/><E135/><V61/><F80/><W54/><G68/><T97/><D127/><N who="2" m="48714" /><F75/><N who="0" m="28746" /><D62/><U120/><E120/><V46/><F46/><W14/><G86/><T65/><D12/><N who="1" m="7431" /><E28/><V4/><F4/><W133/><G133/><T60/><D60/><U22/><E11/><V71/><F95/><W17/><G29/><T85/><D85/><U16/><E84/><V26/><F71/><W104/><G104/><T19/><D19/><U64/><E37/><N who="2" m="21903" /><F61/><W74/><G74/><T69/><D69/><N who="1" m="42143" /><E51/><V58/><F58/><N who="0" m="22634" /><D65/><U15/><E44/><V123/><F123/><W48/><REACH who="3" step="1"/><G39/><REACH who="3" ten="250,250,250,240" step="2"/><T36/><D36/><U82/><E82/><V81/><F81/><W98/><G98/><T13/><D97/><U83/><E83/><V87/><F87/><W50/><G50/><T1/><D13/><AGARI ba="0,1" hai="5,9,13,14,17,23,45,48,54,99,103,107,128,130" machi="13" ten="40,1300,0" yaku="1,1,53,0" doraHai="53" doraHaiUra="24" who="3" fromWho="0" sc="250,-13,250,0,250,0,240,23" /><INIT seed="1,0,0,5,3,31" ten="237,250,250,263" oya="1" hai0="55,9,74,115,71,24,5,53,68,23,116,28,120" hai1="39,129,30,82,65,100,113,34,89,79,80,134,46" hai2="103,87,130,44,135,27,13,2,95,67,37,121,21" hai3="85,56,66,122,99,88,1,48,72,128,52,61,98"/><U93/><E113/><V33/><F121/><W45/><G72/><T16/><D116/><U17/><E129/><V14/><F130/><W25/><G122/><T43/><D115/><U0/><E0/><V22/><F135/><W36/><G1/><T90/><D120/><U64/><E134/><V58/><F2/><W119/><G128/><T86/><D74/><U112/><E112/><V131/><F131/><W97/><G119/><T32/><D43/><U105/><E17/><V3/><F3/><W107/><G25/><T123/><D123/><U70/><E46/><V104/><F104/><W84/><G84/><T7/><D9/><U35/><E39/><V111/><F44/><W133/><G133/><T19/><D19/><U109/><E109/><V20/><F37/><W62/><G36/><T47/><D5/><U69/><E30/><V81/><F111/><W127/><G127/><T50/><D55/><U29/><E29/><N who="2" m="17655" /><F33/><N who="1" m="12297" /><E65/><V54/><F67/><W11/><G11/><T96/><D7/><U102/><E64/><V75/><F75/><W78/><G78/><T4/><D4/><U124/><E124/><V101/><F21/><W18/><G18/><T57/><D47/><U40/><E40/><V77/><F20/><W110/><G110/><T76/><D76/><U26/><E26/><V10/><F10/><W118/><G118/><T91/><D32/><U60/><E60/><N who="2" m="35927" /><F103/><N who="1" m="39465" /><E105/><V12/><F12/><W108/><G108/><T15/><D28/><U49/><E49/><V41/><F41/><W106/><G62/><T38/><D24/><U126/><E126/><V73/><F73/><RYUUKYOKU ba="0,0" sc="237,-15,250,-15,250,15,263,15" hai2="13,14,77,81,87,95,101" hai3="45,48,52,56,61,66,85,88,97,98,99,106,107" /><INIT seed="2,1,0,5,4,76" ten="222,235,265,278" oya="2" hai0="104,26,37,86,108,93,98,100,96,85,111,7,102" hai1="135,69,124,57,123,84,119,133,94,83,62,64,32" hai2="89,77,99,74,56,90,80,59,68,5,54,45,58" hai3="30,115,51,120,0,27,121,13,38,52,10,11,14"/><V43/><F68/><W109/><G38/><T17/><D7/><U24/><E119/><V127/><F127/><W71/><G71/><T105/><D37/><U113/><E113/><V66/><F66/><W126/><G126/><T91/><D26/><U130/><E124/><V1/><F54/><W23/><G109/><T81/><REACH who="0" step="1"/><D17/><REACH who="0" ten="212,235,265,278" step="2"/><U55/><E24/><V6/><F6/><N who="3" m="3319" /><G115/><T116/><D116/><U101/><E133/><V19/><F19/><N who="3" m="8663" /><G0/><T61/><D61/><U132/><E135/><V41/><F5/><W87/><G121/><T39/><D39/><U95/><E123/><V29/><F1/><W12/><G120/><T106/><D106/><U63/><E132/><V131/><F29/><W8/><G8/><T53/><D53/><U134/><E134/><V128/><F43/><W125/><G125/><T110/><D110/><U122/><E122/><V73/><F73/><W33/><G12/><T118/><D118/><U79/><E32/><V112/><F112/><W16/><G33/><T4/><D4/><U42/><E42/><V48/><REACH who="2" step="1"/><F99/><REACH who="2" ten="212,235,255,278" step="2"/><W36/><G30/><T21/><D21/><U35/><E35/><V15/><F15/><W92/><G52/><T65/><D65/><U129/><REACH who="1" step="1"/><E101/><REACH who="1" ten="212,225,255,278" step="2"/><V44/><F44/><W31/><G31/><T70/><D70/><U18/><E18/><V50/><F50/><W25/><G51/><T82/><D82/><U46/><E46/><V28/><F28/><W60/><G36/><T20/><D20/><U9/><E9/><V67/><F67/><W75/><G23/><T107/><D107/><U72/><E72/><RYUUKYOKU ba="1,3" sc="212,10,225,10,255,10,278,-30" hai0="81,85,86,91,93,96,98,100,102,104,105,108,111" hai1="55,57,62,63,64,69,79,83,84,94,95,129,130" hai2="41,45,48,56,58,59,74,77,80,89,90,128,131" /><INIT seed="2,2,3,0,3,72" ten="222,235,265,248" oya="2" hai0="36,92,55,129,56,105,12,31,46,74,42,19,111" hai1="114,93,95,4,45,89,65,73,96,37,54,18,121" hai2="44,34,38,60,124,52,127,87,78,43,134,107,80" hai3="28,71,15,101,5,126,100,76,61,116,130,16,11"/><V123/><F123/><W110/><G116/><T68/><D105/><U97/><E114/><V2/><F107/><W17/><G28/><T131/><D74/><U7/><E121/><V82/><F34/><W24/><G71/><T58/><D68/><U117/><E117/><V49/><F2/><W14/><G24/><T66/><D31/><U119/><E119/><V22/><F134/><W91/><G5/><T20/><D111/><U135/><E135/><V63/><F22/><W33/><G33/><T6/><D6/><N who="1" m="2091" /><E73/><V81/><F81/><W113/><G61/><T115/><D115/><U94/><E37/><V23/><F23/><W120/><G113/><T70/><D92/><N who="1" m="35435" /><E65/><V0/><F0/><W59/><G120/><T50/><REACH who="0" step="1"/><D56/><REACH who="0" ten="212,235,265,248" step="2"/><U84/><E18/><V98/><F98/><N who="1" m="37993" /><E54/><V51/><F80/><W8/><G110/><T90/><D90/><U132/><E132/><V47/><REACH who="2" step="1"/><F38/><REACH who="2" ten="212,235,255,248" step="2"/><W67/><G67/><T128/><D128/><U103/><E103/><V102/><F102/><W77/><G130/><T40/><D40/><U9/><E9/><V108/><F108/><W27/><G11/><T57/><D57/><U99/><N who="1" m="38001" /><U62/><DORA hai="35" /><E62/><AGARI ba="2,5" hai="43,44,47,49,51,52,60,62,63,78,82,87,124,127" machi="62" ten="40,7700,0" yaku="1,1,52,1,54,1,53,0" doraHai="72,35" doraHaiUra="106,21" who="2" fromWho="1" sc="212,0,235,-83,255,133,248,0" /><AGARI ba="2,0" hai="12,19,20,36,42,46,50,55,58,62,66,70,129,131" machi="62" ten="40,5200,0" yaku="1,1,24,2,53,0" doraHai="72,35" doraHaiUra="106,21" who="0" fromWho="1" sc="212,52,152,-52,388,0,248,0" /><INIT seed="2,3,0,0,4,129" ten="264,100,388,248" oya="2" hai0="105,69,62,5,85,84,91,125,58,66,96,112,121" hai1="35,108,99,23,67,22,33,43,101,60,45,128,71" hai2="77,42,89,131,72,7,14,44,21,83,74,0,79" hai3="26,117,102,104,29,90,56,133,49,10,126,6,134"/><V41/><F131/><W110/><G110/><T4/><D121/><U3/><E108/><V107/><F107/><W48/><G117/><T103/><D112/><U109/><E109/><V50/><F89/><W130/><G130/><T27/><D125/><U47/><E128/><V2/><F42/><W12/><G126/><T9/><D58/><U39/><E3/><V65/><F65/><W73/><G73/><T34/><D91/><U76/><E76/><V40/><F40/><W24/><G90/><T20/><D4/><U82/><E82/><V64/><F64/><W87/><G87/><T37/><D37/><U95/><E23/><V127/><F127/><W75/><G75/><T55/><D55/><U17/><REACH who="1" step="1"/><E47/><REACH who="1" ten="264,90,388,248" step="2"/><V100/><F0/><W88/><G104/><T25/><D20/><U51/><E51/><V93/><F2/><W68/><G49/><T123/><D123/><U78/><E78/><V63/><F21/><W111/><G48/><T57/><D27/><AGARI ba="3,1" hai="17,22,27,33,35,39,43,45,60,67,71,95,99,101" machi="27" ten="30,3900,0" yaku="1,1,7,1,53,1" doraHai="129" doraHaiUra="15" who="1" fromWho="0" sc="264,-48,90,58,388,0,248,0" /><INIT seed="3,0,0,1,3,43" ten="216,148,388,248" oya="3" hai0="50,6,30,18,112,62,73,124,135,78,131,35,82" hai1="40,76,99,105,45,36,97,56,104,103,121,85,66" hai2="83,16,22,80,96,69,14,129,28,4,115,130,49" hai3="21,53,123,86,11,114,55,5,29,3,127,94,13"/><W109/><G114/><T24/><D112/><U17/><E121/><V41/><F69/><W37/><G123/><T77/><D131/><N who="2" m="50186" /><F115/><W120/><G127/><T113/><D113/><U2/><E2/><V90/><F4/><W33/><G120/><T32/><D135/><U132/><E132/><V107/><F28/><W93/><G37/><T101/><D124/><U0/><E0/><V63/><F63/><W68/><G68/><T12/><D78/><U51/><E17/><V58/><F58/><W38/><G38/><T134/><D62/><U133/><E133/><V7/><F7/><W125/><G125/><T67/><D67/><U92/><E99/><V98/><F107/><W27/><G109/><T75/><D32/><U95/><E66/><V102/><F102/><W31/><G31/><T100/><D134/><U52/><REACH who="1" step="1"/><E92/><REACH who="1" ten="216,138,388,248" step="2"/><N who="2" m="56343" /><F98/><W15/><G94/><T8/><D18/><U128/><E128/><V19/><F19/><N who="3" m="10495" /><G13/><T57/><D6/><U26/><E26/><V119/><F119/><W87/><G93/><T20/><D12/><U71/><E71/><V70/><F70/><W46/><G55/><T72/><D24/><U65/><E65/><V60/><F80/><AGARI ba="0,1" hai="36,40,45,51,52,56,76,80,85,95,97,103,104,105" machi="80" ten="40,8000,1" yaku="1,1,52,1,54,1,53,1" doraHai="43" doraHaiUra="91" who="1" fromWho="2" sc="216,0,138,90,388,-80,248,0" /><INIT seed="4,0,0,0,0,33" ten="216,228,308,248" oya="0" hai0="124,76,3,24,60,112,4,122,132,100,89,69,20" hai1="49,62,72,37,21,53,29,79,51,86,108,95,88" hai2="39,45,81,35,94,84,113,103,118,31,34,82,101" hai3="28,16,110,46,129,117,98,32,75,25,91,44,131"/><T36/><D122/><U115/><E108/><V74/><F113/><W92/><G110/><T26/><D36/><U17/><E37/><V9/><F118/><W104/><G117/><T116/><D116/><U12/><E115/><V93/><F9/><W8/><G75/><T13/><D112/><U41/><E29/><V125/><F39/><W123/><G104/><T67/><D124/><U57/><REACH who="1" step="1"/><E41/><REACH who="1" ten="216,218,308,248" step="2"/><V58/><F31/><W120/><G123/><T14/><D132/><U105/><E105/><V10/><F125/><W54/><G120/><T133/><D133/><U38/><E38/><V73/><F34/><W107/><G107/><T134/><D134/><U19/><E19/><V109/><F35/><W68/><G16/><T80/><D100/><U0/><E0/><V30/><F109/><W70/><G131/><T27/><D89/><U127/><E127/><V111/><F111/><W130/><G129/><T59/><D69/><U97/><E97/><V47/><F103/><W77/><G68/><T1/><D4/><U99/><E99/><V90/><F101/><W43/><G70/><T119/><D119/><U11/><E11/><V55/><F10/><W66/><G8/><T56/><D1/><U128/><E128/><V135/><F135/><W22/><G130/><T2/><D3/><U61/><E61/><N who="2" m="36063" /><F30/><W106/><G106/><T114/><D2/><U42/><E42/><V102/><F102/><W126/><G126/><T7/><D114/><U6/><E6/><V85/><F90/><W63/><G32/><T48/><D7/><U121/><E121/><V5/><F5/><RYUUKYOKU ba="0,1" sc="216,-10,218,30,308,-10,248,-10" hai1="12,17,21,49,51,53,57,62,72,79,86,88,95" /><INIT seed="5,1,1,4,4,66" ten="206,248,298,238" oya="1" hai0="25,117,110,13,0,2,10,51,22,88,124,121,68" hai1="36,34,61,48,128,35,16,6,132,97,131,1,43" hai2="77,95,12,59,14,29,72,4,49,101,87,94,52" hai3="89,19,100,85,8,126,73,75,71,44,96,130,26"/><U21/><E132/><V31/><F72/><W105/><G71/><T113/><D110/><U80/><E36/><V57/><F57/><W17/><G130/><N who="1" m="49706" /><E80/><N who="2" m="47503" /><F4/><W111/><G111/><T107/><D107/><U39/><E39/><V32/><F32/><N who="1" m="12329" /><E97/><N who="2" m="59575" /><F95/><W93/><G126/><T3/><D117/><U98/><E98/><V115/><F115/><W11/><G44/><T15/><D68/><U40/><E61/><V56/><F56/><W70/><G70/><T53/><D113/><U92/><E92/><V114/><F114/><W28/><G75/><T38/><D38/><U23/><E23/><V30/><AGARI ba="1,1" hai="12,14,29,30,31,49,52,59" m="59575,47503" machi="30" ten="30,2000,0" yaku="8,1,54,1" doraHai="66" who="2" fromWho="2" sc="206,-6,248,-11,298,33,238,-6" /><INIT seed="6,0,0,5,1,128" ten="200,237,331,232" oya="2" hai0="135,100,97,1,15,78,116,35,7,11,64,8,2" hai1="29,24,53,84,43,134,72,87,38,28,74,113,23" hai2="71,92,102,17,133,66,93,119,103,76,27,40,21" hai3="73,5,130,98,26,117,47,122,120,4,31,42,52"/><V9/><F119/><W69/><G117/><T94/><D35/><U46/><E113/><V41/><F76/><W80/><G69/><T77/><D116/><U99/><E134/><V114/><F114/><W14/><G130/><T62/><D135/><U39/><E39/><V85/><F133/><W125/><G125/><T81/><D81/><U37/><E37/><V30/><F66/><W55/><G98/><T49/><D49/><U89/><E99/><V20/><F71/><W0/><G14/><T90/><D100/><N who="2" m="38442" /><F9/><W36/><G5/><T6/><REACH who="0" step="1"/><D15/><REACH who="0" ten="190,237,331,232" step="2"/><U44/><E38/><V129/><F129/><W65/><G122/><T58/><AGARI ba="0,1" hai="1,2,6,7,8,11,58,62,64,77,78,90,94,97" machi="58" ten="20,8000,1" yaku="1,1,2,1,0,1,7,1,9,1,53,0" doraHai="128" doraHaiUra="10" who="0" fromWho="0" sc="190,90,237,-20,331,-40,232,-20" /><INIT seed="7,0,0,3,2,103" ten="280,217,291,212" oya="3" hai0="130,100,76,63,122,93,42,79,19,68,77,133,58" hai1="99,50,38,22,71,47,96,98,84,49,83,110,78" hai2="116,123,17,108,56,102,121,132,48,113,31,82,97" hai3="104,70,52,60,41,57,44,25,128,11,127,20,94"/><W118/><G118/><T30/><D68/><U105/><E110/><V34/><F108/><W6/><G128/><T62/><D122/><N who="2" m="46602" /><F113/><W87/><G127/><T74/><D74/><U13/><E71/><V35/><F31/><W101/><G70/><T51/><D133/><U14/><E38/><V135/><F116/><W28/><G104/><T95/><D30/><U88/><E49/><V65/><F17/><W16/><G28/><T36/><D36/><U125/><E125/><V54/><F82/><W134/><G134/><N who="2" m="51241" /><F65/><W64/><G64/><T126/><D130/><U131/><E131/><V91/><F91/><W119/><G119/><T111/><D79/><U86/><E105/><AGARI ba="0,0" hai="34,35,48,54,56,97,102,105" m="51241,46602" machi="105" ten="30,3900,0" yaku="13,1,20,1,52,1" doraHai="103" who="2" fromWho="1" sc="280,0,217,-39,291,39,212,0" owari="280,8.0,178,-32.0,330,43.0,212,-19.0" /></mjloggm>