<mjloggm ver="2.3"><GO type="169" lobby="0"/><UN n0="%E3%82%A6%E3%83%AB%E3%83%88%E3%83%A9%E7%AB%8B%E7%9B%B4" n1="%E5%A4%A9%E9%9F%B3%E3%81%95%E3%82%93" n2="%E3%83%AA%E3%83%83%E3%83%97%E3%83%AB%E3%83%A9%E3%83%83%E3%83%97%E3%83%AB" n3="%53%52%2D%4B%4D" dan="17,17,16,16" rate="2155.11,2160.79,2056.66,2124.58" sx="M,F,F,M"/><TAIKYOKU oya="0"/><INIT seed="0,0,0,4,3,83" ten="250,250,250,250" oya="0" hai0="72,11,13,10,26,20,126,132,66,100,0,42,49" hai1="130,128,44,120,35,94,5,101,135,41,34,48,103" hai2="19,53,77,111,74,2,52,123,92,68,109,25,17" hai3="121,45,75,90,23,62,80,31,102,133,70,129,46"/><T59/><D72/><U76/><E120/><V134/><F123/><W104/><G121/><T37/><D37/><U43/><E135/><V105/><F105/><W115/><G115/><T8/><D0/><U65/><E65/><V50/><F68/><W58/><G70/><T21/><D132/><U3/><E43/><V36/><F36/><W85/><G133/><T117/><D117/><U38/><E38/><V57/><F2/><W86/><G75/><T39/><D39/><U82/><E5/><V63/><F134/><W110/><G102/><N who="1" m="38922" /><E94/><V24/><F92/><N who="3" m="54351" /><G104/><T108/><D108/><N who="2" m="41546" /><F77/><N who="3" m="46351" /><G129/><N who="1" m="49770" /><E3/><V55/><F74/><AGARI ba="0,0" hai="34,35,41,44,48,74,76,82" m="49770,38922" machi="74" ten="30,1000,0" yaku="19,1" doraHai="83" who="1" fromWho="2" sc="250,0,250,10,250,-10,250,0" /><INIT seed="1,0,0,5,4,93" ten="250,260,240,250" oya="1" hai0="42,3,31,111,108,125,135,50,82,53,57,19,98" hai1="84,32,85,0,28,63,11,13,12,72,33,133,61" hai2="38,80,106,126,104,109,86,105,102,77,99,40,25" hai3="64,101,128,127,66,95,121,92,17,20,129,88,36"/><U89/><E72/><V21/><F126/><W60/><G36/><T118/><D118/><U91/><E133/><V130/><F130/><N who="3" m="50283" /><G121/><T10/><D125/><U113/><E11/><V43/><F109/><W46/><G46/><T120/><D31/><U132/><E132/><V6/><F6/><W16/><G127/><T45/><D120/><U103/><E103/><V62/><F62/><W96/><G20/><T30/><D30/><U27/><E28/><V7/><F7/><W35/><G35/><T34/><D34/><U37/><E37/><V90/><F38/><W49/><G49/><T48/><D135/><U76/><E76/><V69/><F69/><N who="3" m="42119" /><G66/><T26/><D82/><U123/><E123/><V14/><F14/><W2/><G2/><T78/><D78/><U94/><E27/><V70/><F70/><W56/><G56/><T67/><D67/><U81/><E0/><V83/><F43/><W74/><G74/><T51/><D51/><U8/><E8/><V100/><F40/><W79/><G79/><T112/><D112/><U119/><E113/><V55/><F55/><W52/><G52/><T15/><D26/><U29/><E29/><V131/><F131/><W116/><G116/><T134/><D3/><U23/><E119/><V107/><F25/><W39/><G39/><T44/><D57/><U59/><E59/><V54/><F54/><W47/><G47/><T68/><D68/><U110/><E33/><V71/><F71/><W87/><AGARI ba="0,0" hai="16,17,87,88,92,95,96,101" m="42119,50283" machi="87" ten="30,7900,0" yaku="19,1,52,1,54,2" doraHai="93" who="3" fromWho="3" sc="250,-20,260,-39,240,-20,250,79" /><INIT seed="2,0,0,0,0,133" ten="230,221,220,329" oya="2" hai0="23,128,88,41,66,135,67,42,92,78,80,16,57" hai1="110,104,115,30,43,55,117,45,84,12,3,93,100" hai2="62,38,125,134,49,63,34,19,87,4,31,119,25" hai3="47,46,33,79,15,127,65,1,53,94,37,61,82"/><V126/><F38/><W52/><G1/><T106/><D106/><U54/><E3/><V97/><F119/><W122/><G33/><T2/><D2/><U116/><E115/><V29/><F134/><W130/><G122/><T6/><D6/><U118/><E110/><V72/><F72/><W50/><G130/><T0/><D0/><U95/><E104/><V44/><F4/><W85/><G15/><T73/><D128/><U58/><E30/><V20/><F31/><W77/><G94/><T105/><D105/><U120/><E120/><V35/><F97/><W5/><G5/><T9/><D9/><U129/><E129/><V27/><F87/><W89/><G127/><N who="2" m="48649" /><F35/><W124/><G124/><T39/><D39/><U114/><E84/><V103/><F103/><W107/><G107/><T40/><D135/><U56/><E100/><V17/><F17/><W96/><G96/><T64/><D73/><U108/><E114/><V32/><F32/><W7/><G7/><T18/><D18/><U132/><E132/><V91/><F91/><W101/><G101/><T11/><D88/><U8/><E108/><V74/><F74/><W111/><G111/><T112/><D16/><N who="1" m="8199" /><E117/><V71/><F71/><W98/><G98/><T59/><D112/><U81/><E118/><V13/><F13/><W70/><G37/><T131/><D131/><U83/><E116/><V102/><F102/><W69/><G69/><T26/><D26/><U113/><E113/><V75/><F75/><W51/><AGARI ba="0,0" hai="46,47,50,51,52,53,61,65,70,77,79,82,85,89" machi="51" ten="30,4000,0" yaku="0,1,9,1,54,1" doraHai="133" who="3" fromWho="3" sc="230,-10,221,-10,220,-20,329,40" /><INIT seed="3,0,0,0,2,72" ten="220,211,200,369" oya="3" hai0="115,31,81,24,93,33,58,71,42,1,132,95,86" hai1="97,25,100,89,41,40,83,6,78,59,124,99,7" hai2="123,47,131,77,9,8,88,74,10,36,84,48,20" hai3="69,49,19,0,34,17,60,21,126,35,114,30,67"/><W70/><G114/><T54/><D71/><U63/><E124/><V44/><F131/><W112/><G112/><T85/><D1/><U130/><E130/><V14/><F123/><W106/><G0/><T37/><D115/><U111/><E111/><V109/><F109/><W66/><G106/><T91/><D132/><U107/><E25/><V92/><F36/><W79/><G126/><T26/><D42/><U116/><E116/><V16/><REACH who="2" step="1"/><F48/><REACH who="2" ten="220,211,190,369" step="2"/><W13/><G49/><T73/><D37/><U120/><E120/><V103/><F103/><W105/><G60/><T55/><D73/><U110/><E110/><V52/><F52/><W23/><G67/><T53/><D24/><U76/><E41/><V98/><F98/><W12/><G66/><T57/><REACH who="0" step="1"/><D95/><REACH who="0" ten="210,211,190,369" step="2"/><U39/><E40/><V133/><F133/><W38/><G38/><T87/><D87/><U46/><E39/><V102/><F102/><W113/><G113/><T108/><D108/><U119/><E100/><V101/><F101/><W75/><G75/><T18/><D18/><U127/><E127/><V64/><F64/><W68/><G17/><T11/><D11/><U128/><E128/><V122/><F122/><W62/><G19/><T117/><D117/><U50/><E119/><V129/><F129/><W134/><G134/><T94/><D94/><U22/><E107/><V90/><F90/><AGARI ba="0,2" hai="26,31,33,53,54,55,57,58,81,85,86,90,91,93" machi="90" ten="40,1300,0" yaku="1,1,53,0" doraHai="72" doraHaiUra="5" who="0" fromWho="2" sc="210,33,211,0,190,-13,369,0" /><INIT seed="4,0,0,1,2,105" ten="243,211,177,369" oya="0" hai0="74,97,7,40,92,65,124,54,123,106,129,13,27" hai1="16,128,108,9,120,100,56,20,126,96,76,99,102" hai2="130,8,12,4,114,122,2,68,30,33,127,72,0" hai3="77,32,28,84,23,3,109,45,48,53,111,69,50"/><T34/><D123/><U83/><E108/><V52/><F68/><W82/><G69/><T107/><D65/><U17/><E120/><V46/><F122/><W93/><G3/><T134/><D40/><U43/><E126/><V75/><F127/><W41/><G32/><T87/><D124/><U135/><E135/><V10/><F130/><W31/><G93/><T25/><D134/><U115/><E128/><V47/><F114/><W112/><G112/><T61/><D129/><U113/><E43/><V21/><F0/><W60/><G60/><T1/><D1/><U132/><E132/><V51/><F47/><W29/><REACH who="3" step="1"/><G23/><REACH who="3" ten="243,211,177,359" step="2"/><T121/><D34/><U73/><E20/><V88/><F10/><W55/><G55/><T71/><D54/><U131/><E9/><V85/><F33/><W63/><G63/><T98/><D61/><U81/><E131/><V66/><F66/><W78/><G78/><T37/><D71/><U86/><E76/><V26/><F2/><W19/><G19/><T101/><D92/><AGARI ba="0,1" hai="4,8,12,21,26,30,46,51,52,72,75,85,88,92" machi="92" ten="30,8000,1" yaku="7,1,52,2,54,2" doraHai="105" who="2" fromWho="0" sc="243,-80,211,0,177,90,359,0" /><INIT seed="5,0,0,5,5,82" ten="163,211,267,359" oya="1" hai0="53,59,45,42,14,31,11,83,133,126,108,76,116" hai1="81,57,51,90,10,95,135,74,50,67,21,41,61" hai2="0,13,134,120,75,115,127,17,102,124,29,5,25" hai3="1,119,60,56,125,40,84,123,87,113,96,72,88"/><U44/><E135/><V37/><F75/><W64/><G123/><T23/><D116/><U112/><E112/><V132/><F102/><W6/><G72/><T54/><D108/><U30/><E10/><N who="2" m="2343" /><F120/><W80/><G113/><T4/><D133/><N who="2" m="51306" /><F37/><W128/><G119/><T8/><D126/><U66/><E81/><V101/><F101/><W49/><G125/><T78/><D11/><U63/><E74/><V16/><F115/><W62/><G128/><T73/><D78/><U118/><E118/><V58/><F17/><W52/><G40/><T85/><D73/><U99/><E51/><V92/><F92/><W114/><G114/><T130/><D130/><U34/><E34/><N who="2" m="20783" /><F58/><W35/><G35/><T129/><D129/><U36/><E36/><V97/><F97/><W105/><G105/><T86/><D86/><U110/><E110/><V3/><F3/><W7/><G96/><T104/><D104/><U28/><REACH who="1" step="1"/><E21/><AGARI ba="0,0" hai="13,16,21,124,127" m="20783,51306,2343" machi="21" ten="30,8000,1" yaku="24,1,20,1,34,2,54,1" doraHai="82" who="2" fromWho="1" sc="163,0,211,-80,267,80,359,0" /><INIT seed="6,0,0,1,4,41" ten="163,131,347,359" oya="2" hai0="61,53,103,32,8,16,45,108,12,87,34,74,27" hai1="124,28,80,119,133,13,73,24,111,105,38,29,40" hai2="4,31,67,49,86,21,48,50,129,10,2,88,59" hai3="43,15,95,107,52,85,78,7,14,58,132,113,37"/><V101/><F101/><W33/><G107/><T23/><D74/><U118/><E105/><V36/><F36/><W20/><G33/><T106/><D108/><U54/><E111/><V44/><F129/><W123/><G123/><T110/><D110/><U35/><E133/><V11/><F11/><W30/><G132/><T102/><D106/><U77/><E124/><V135/><F135/><W134/><G134/><T126/><D126/><U91/><E29/><V75/><F75/><W65/><G65/><T125/><D125/><U55/><E13/><N who="2" m="5319" /><F59/><W69/><G69/><T84/><D34/><U98/><E119/><V46/><F67/><W19/><G113/><T6/><D32/><U90/><E118/><V130/><F2/><W104/><G104/><T93/><D61/><U79/><E79/><V100/><F100/><N who="0" m="38442" /><D93/><U127/><E127/><V99/><F99/><W0/><G0/><T109/><D109/><U22/><E35/><V72/><F72/><W63/><G30/><T82/><D82/><U122/><E122/><V71/><F71/><W62/><G7/><T3/><D3/><U94/><REACH who="1" step="1"/><E91/><REACH who="1" ten="163,121,347,359" step="2"/><V112/><F112/><W121/><G121/><T96/><D96/><U81/><E81/><N who="2" m="49231" /><F130/><W60/><G78/><T17/><D6/><U117/><E117/><V116/><F116/><W25/><G14/><T70/><D12/><U97/><E97/><V68/><F68/><W64/><G15/><N who="0" m="7271" /><D70/><U5/><E5/><V120/><F120/><W83/><G83/><T42/><D84/><U9/><E9/><V57/><F31/><W76/><G85/><T92/><D87/><RYUUKYOKU ba="0,1" sc="163,-10,121,30,347,-10,359,-10" hai1="22,24,28,38,40,54,55,73,77,80,90,94,98" /><INIT seed="7,1,1,0,2,23" ten="153,151,337,349" oya="3" hai0="55,62,18,22,37,91,124,111,38,67,35,36,59" hai1="2,81,7,112,29,125,65,48,108,16,118,82,27" hai2="17,119,20,69,56,31,71,68,95,46,0,10,40" hai3="70,50,113,51,96,87,73,97,12,30,104,57,80"/><W42/><G70/><T61/><D35/><U84/><E108/><V92/><F119/><W32/><G73/><T60/><D111/><U109/><E109/><V90/><F31/><W5/><G113/><T103/><D103/><U8/><E112/><V33/><F33/><W78/><G104/><T53/><D124/><U54/><E125/><V9/><F56/><W72/><G32/><T100/><D100/><U93/><E118/><V43/><F0/><W88/><G30/><T115/><D115/><U102/><E65/><V76/><F76/><W58/><G72/><T49/><D91/><U1/><E1/><V117/><F117/><W133/><G133/><T41/><D41/><U121/><E121/><V131/><F131/><W63/><G58/><T106/><D106/><U85/><E16/><V101/><F101/><W25/><G25/><T47/><REACH who="0" step="1"/><D67/><REACH who="0" ten="143,151,337,349" step="2"/><U13/><E2/><V127/><F127/><W15/><G88/><T126/><D126/><U14/><E14/><AGARI ba="1,2" hai="14,18,22,36,37,38,47,49,53,55,59,60,61,62" machi="14" ten="40,1300,0" yaku="1,1,53,0" doraHai="23" doraHaiUra="34" who="0" fromWho="1" sc="143,36,151,-16,337,0,349,0" owari="179,-22.0,135,-36.0,337,14.0,349,44.0" /></mjloggm>