<mjloggm ver="2.3"><GO type="169" lobby="0"/><UN n0="%E5%B0%B1%E6%B4%BB%E7%94%9F%40%E5%B7%9D%E6%9D%91%E8%BB%8D%E5%9B%A3" n1="%E3%83%9E%E3%83%88%E3%83%AA%E3%83%83%E3%82%AF%E3%82%B9" n2="%E3%83%81%E3%83%A5%E3%83%B3%E5%A4%AA" n3="%E3%81%AF%E3%82%80" dan="18,16,16,17" rate="2307.73,2108.87,2101.73,2142.73" sx="M,M,M,M"/><TAIKYOKU oya="0"/><INIT seed="0,0,0,2,3,47" ten="250,250,250,250" oya="0" hai0="129,132,33,119,104,20,32,18,43,52,53,40,60" hai1="94,81,90,45,111,19,122,85,62,13,89,101,27" hai2="80,14,88,97,76,115,69,75,4,37,77,113,103" hai3="105,23,133,87,25,73,121,67,10,56,102,79,6"/><T68/><D104/><U41/><E122/><V34/><F34/><W82/><G133/><T29/><D119/><U134/><E134/><V3/><F3/><W72/><G121/><T130/><D132/><U96/><E111/><V108/><F69/><W86/><G86/><T42/><D68/><U135/><E135/><V1/><F1/><W125/><G125/><T63/><D29/><U84/><E62/><N who="0" m="23593" /><D20/><U12/><E27/><V7/><F37/><W92/><G56/><T95/><D95/><U16/><E13/><V28/><F28/><W78/><G67/><T44/><D18/><U98/><E12/><V118/><F118/><W2/><G105/><T65/><D65/><U91/><E98/><V71/><F71/><W22/><G22/><T127/><D44/><U117/><E117/><V131/><F108/><W74/><G78/><T46/><D46/><U36/><REACH who="1" step="1"/><E90/><REACH who="1" ten="250,240,250,250" step="2"/><V0/><F14/><W83/><G25/><T126/><D33/><U11/><E11/><V58/><F0/><W50/><G23/><T39/><D32/><U8/><E8/><V17/><F88/><W49/><REACH who="3" step="1"/><G83/><AGARI ba="0,1" hai="16,19,36,41,45,81,83,84,85,89,91,94,96,101" machi="83" ten="30,7700,0" yaku="1,1,7,1,9,1,54,1,53,0" doraHai="47" doraHaiUra="109" who="1" fromWho="3" sc="250,0,240,87,250,0,250,-77" /><INIT seed="1,0,0,3,4,123" ten="250,327,250,173" oya="1" hai0="51,131,88,31,84,90,76,35,56,77,9,43,107" hai1="41,128,113,57,6,61,93,54,18,122,75,121,5" hai2="66,98,95,134,12,124,82,68,71,91,104,86,3" hai3="118,80,30,125,22,108,117,120,105,74,132,44,23"/><U15/><E75/><V115/><F3/><W65/><G105/><T8/><D107/><U40/><E113/><V38/><F38/><W21/><G30/><T69/><D69/><U89/><E128/><V135/><F124/><W70/><G125/><T37/><D37/><U52/><E122/><V111/><F115/><W36/><G120/><T96/><D31/><U64/><E121/><V20/><F104/><W50/><G36/><T114/><D35/><U14/><E14/><V55/><F55/><N who="1" m="21033" /><E6/><V119/><F119/><N who="3" m="45579" /><G132/><N who="2" m="50729" /><F66/><W109/><G74/><T49/><D56/><U39/><E5/><V53/><F53/><N who="3" m="29895" /><G80/><T27/><D114/><U46/><E46/><V116/><F116/><W16/><G16/><T72/><D72/><U59/><E59/><V24/><F12/><W81/><G81/><T133/><D133/><U85/><E39/><V60/><F60/><AGARI ba="0,0" hai="21,22,23,60,65,70,108,109" m="29895,45579" machi="60" ten="40,5200,0" yaku="12,1,52,2" doraHai="123" who="3" fromWho="2" sc="250,0,327,0,250,-52,173,52" /><INIT seed="2,0,0,3,4,18" ten="250,327,198,225" oya="2" hai0="13,124,97,82,64,110,134,22,128,33,123,15,30" hai1="29,16,66,42,48,73,59,90,52,28,116,130,101" hai2="65,43,112,129,11,2,63,12,6,56,76,94,111" hai3="40,102,31,3,69,60,75,81,92,115,25,74,114"/><V107/><F112/><N who="3" m="43051" /><G3/><T103/><D123/><U54/><E116/><V106/><F129/><W9/><G9/><T126/><D110/><U105/><E73/><V26/><F111/><W121/><G121/><T122/><D122/><U133/><E130/><V108/><F108/><W38/><G81/><T24/><D134/><U46/><E133/><V68/><F2/><W80/><G80/><T98/><D98/><U21/><E105/><V104/><F68/><W45/><G92/><T5/><D82/><U57/><E101/><V117/><F117/><W53/><G102/><T71/><D128/><U78/><E78/><V70/><F70/><W8/><G8/><T87/><D87/><U51/><E66/><V88/><F76/><W86/><G86/><T10/><D64/><U41/><E90/><V100/><F43/><N who="1" m="16393" /><E46/><V132/><F132/><W50/><G60/><T44/><D44/><U79/><E79/><V84/><REACH who="2" step="1"/><F26/><AGARI ba="0,0" hai="16,21,26,28,29,48,51,52,54,57,59" m="16393" machi="26" ten="30,7700,0" yaku="8,1,52,1,54,2" doraHai="18" who="1" fromWho="2" sc="250,0,327,77,198,-77,225,0" /><INIT seed="3,0,0,1,4,88" ten="250,404,121,225" oya="3" hai0="129,14,105,84,90,93,120,23,8,119,127,6,135" hai1="87,9,36,72,132,57,114,101,13,100,31,16,62" hai2="67,32,125,96,97,124,91,53,19,51,113,69,95" hai3="74,106,103,58,107,71,22,65,70,134,131,7,10"/><W45/><G74/><T102/><D127/><N who="2" m="48714" /><F32/><W17/><G131/><T4/><D135/><U42/><E72/><V94/><F113/><W78/><G78/><T123/><D129/><U0/><E114/><V56/><F19/><W80/><G80/><T63/><D119/><U21/><E132/><V111/><F111/><W30/><G134/><T18/><D4/><U75/><E75/><V11/><F11/><W83/><G83/><T126/><D126/><U86/><E42/><V121/><F121/><W37/><G30/><T73/><D73/><U24/><E36/><V104/><F104/><W118/><G118/><T108/><D108/><U26/><E0/><V48/><F48/><W39/><G58/><T98/><REACH who="0" step="1"/><D63/><REACH who="0" ten="240,404,121,225" step="2"/><U41/><E41/><V133/><F133/><W117/><G117/><T35/><D35/><U54/><E26/><AGARI ba="0,1" hai="6,8,14,18,23,26,84,90,93,98,102,105,120,123" machi="26" ten="30,7700,0" yaku="1,1,7,1,52,1,53,1" doraHai="88" doraHaiUra="12" who="0" fromWho="1" sc="240,87,404,-77,121,0,225,0" /><INIT seed="4,0,0,0,4,121" ten="327,327,121,225" oya="0" hai0="12,80,99,113,11,123,103,31,17,37,56,53,7" hai1="30,134,39,55,32,19,13,63,67,51,0,120,125" hai2="71,85,66,126,128,96,38,95,43,9,26,78,116" hai3="27,5,88,62,135,29,25,61,16,98,2,133,127"/><T54/><D123/><U87/><E0/><V50/><F116/><W89/><G127/><T92/><D37/><U76/><E39/><V115/><F115/><W52/><G5/><T46/><D113/><U83/><E120/><V102/><F128/><W60/><G2/><T75/><D31/><U34/><E125/><V112/><F112/><W8/><G98/><T93/><D93/><U3/><E3/><V124/><F38/><W108/><G108/><T107/><D107/><U101/><E30/><V65/><F71/><W130/><G130/><T33/><D33/><U40/><E40/><V79/><F124/><W84/><G52/><T106/><D106/><U90/><E101/><V129/><F129/><W94/><G89/><T15/><D46/><U82/><E134/><V21/><F9/><W47/><G47/><T10/><D75/><U36/><E36/><V100/><F100/><W104/><G104/><T14/><D80/><U44/><E83/><V70/><F70/><W77/><G77/><N who="2" m="29193" /><F85/><W49/><G49/><T23/><REACH who="0" step="1"/><D56/><REACH who="0" ten="317,327,121,225" step="2"/><U57/><REACH who="1" step="1"/><E76/><REACH who="1" ten="317,317,121,225" step="2"/><V118/><F126/><W91/><G29/><T105/><D105/><U1/><E1/><V35/><F118/><W73/><G135/><T72/><D72/><U45/><E45/><N who="2" m="25919" /><F35/><W97/><G73/><T111/><D111/><U59/><E59/><V68/><F68/><W48/><G133/><T41/><D41/><U119/><E119/><V86/><F95/><W64/><G94/><T28/><D28/><U6/><E6/><AGARI ba="0,2" hai="6,7,10,11,12,14,15,17,23,53,54,92,99,103" machi="6" ten="30,11600,0" yaku="1,1,7,1,9,1,8,1,53,0" doraHai="121" doraHaiUra="58" who="0" fromWho="1" sc="317,136,317,-116,121,0,225,0" /><INIT seed="4,1,0,5,2,53" ten="453,201,121,225" oya="0" hai0="93,92,107,20,95,120,60,105,66,56,122,129,62" hai1="71,117,77,42,115,128,70,72,123,32,96,3,21" hai2="91,2,94,132,14,114,10,38,87,36,7,133,40" hai3="75,100,69,111,4,103,125,108,99,85,19,57,80"/><T73/><D73/><U45/><E117/><V112/><F2/><W124/><G69/><T44/><D129/><U110/><E110/><N who="3" m="42026" /><G57/><T82/><D44/><U76/><E123/><V126/><F126/><N who="3" m="48747" /><G19/><T86/><D105/><U51/><E32/><V43/><F43/><W64/><G64/><T33/><D107/><U52/><E3/><V24/><F24/><W55/><G55/><T30/><D33/><U61/><E72/><V113/><REACH who="2" step="1"/><F40/><REACH who="2" ten="453,201,111,225" step="2"/><W101/><G4/><T46/><D120/><U22/><E42/><V78/><F78/><N who="3" m="46231" /><G75/><T18/><D122/><U37/><E37/><AGARI ba="1,1" hai="7,10,14,36,37,38,87,91,94,112,113,114,132,133" machi="37" ten="50,6400,0" yaku="1,1,15,1,53,1" doraHai="53" doraHaiUra="81" who="2" fromWho="1" sc="453,0,201,-67,111,77,225,0" /><INIT seed="5,0,0,4,1,121" ten="453,134,188,225" oya="1" hai0="6,111,107,92,72,30,64,123,46,57,89,29,12" hai1="68,120,105,128,28,83,66,38,133,62,77,125,96" hai2="10,58,7,45,1,53,0,22,40,51,116,122,114" hai3="9,39,86,109,17,69,112,102,103,34,100,106,94"/><U54/><E120/><V23/><F116/><W130/><G39/><T75/><D111/><U113/><E113/><V33/><F33/><W78/><G69/><T95/><D107/><U110/><E125/><V13/><F122/><W56/><G34/><T48/><D75/><N who="1" m="43455" /><E54/><V101/><F101/><W135/><G106/><T99/><D72/><U119/><E119/><V85/><F114/><W31/><G31/><T2/><D2/><U18/><E18/><V118/><F118/><W93/><G109/><T5/><D57/><U79/><E79/><V73/><F73/><W81/><G112/><T132/><D64/><U36/><E110/><V108/><F108/><W55/><G130/><T49/><D132/><U87/><E87/><V14/><F0/><W84/><G135/><T131/><D49/><U97/><E97/><V63/><F1/><W115/><G115/><T8/><D131/><U20/><E133/><V70/><F14/><N who="3" m="7375" /><G86/><T117/><D117/><U91/><E128/><V59/><F59/><W43/><G43/><T124/><D124/><U134/><E134/><V60/><F60/><AGARI ba="0,0" hai="55,56,60,78,81,84,93,94,100,102,103" m="7375" machi="60" ten="30,1000,0" yaku="8,1" doraHai="121" who="3" fromWho="2" sc="453,0,134,0,188,-10,225,10" /><INIT seed="6,0,0,4,0,6" ten="453,134,178,235" oya="2" hai0="18,39,132,130,36,94,49,56,81,120,54,116,34" hai1="20,64,53,133,96,27,98,80,109,102,117,91,40" hai2="32,85,76,23,83,13,0,99,69,7,86,93,78" hai3="1,84,106,2,28,113,9,95,118,21,55,61,92"/><V112/><F112/><W65/><G106/><T126/><D34/><U100/><E117/><V124/><F124/><W33/><G33/><T115/><D115/><U87/><E109/><V8/><F69/><W108/><G108/><T42/><D42/><U75/><E133/><V45/><F32/><W22/><G113/><T114/><D94/><U89/><E75/><V121/><F121/><W127/><G127/><T52/><D18/><U4/><E64/><V60/><F60/><W48/><G118/><T125/><D81/><U16/><E40/><V43/><F23/><W128/><G128/><T17/><D17/><U104/><E4/><V105/><F105/><W12/><G2/><T70/><D70/><U111/><E111/><V135/><F135/><W131/><G1/><T44/><D114/><U123/><E123/><V37/><F13/><W26/><G22/><T51/><D132/><U50/><E100/><V47/><F47/><W10/><G131/><T41/><D130/><U67/><E67/><V11/><F11/><N who="3" m="4107" /><G12/><T25/><D120/><U3/><E3/><V103/><F78/><W79/><G65/><T30/><D116/><U35/><E35/><V62/><F62/><W63/><G63/><T82/><D125/><U97/><REACH who="1" step="1"/><E91/><REACH who="1" ten="453,124,178,235" step="2"/><V46/><REACH who="2" step="1"/><F46/><AGARI ba="0,1" hai="16,20,27,46,50,53,80,87,89,96,97,98,102,104" machi="46" ten="30,7700,0" yaku="1,1,2,1,7,1,54,1,53,0" doraHai="6" doraHaiUra="73" who="1" fromWho="2" sc="453,0,124,87,178,-77,235,0" /><INIT seed="7,0,0,2,4,93" ten="453,211,101,235" oya="3" hai0="127,124,28,62,49,40,85,30,14,36,94,120,58" hai1="0,92,108,102,24,45,21,3,66,37,115,135,133" hai2="32,13,27,105,43,17,69,16,83,5,130,72,81" hai3="19,113,51,2,110,8,23,59,7,26,38,67,25"/><W75/><G38/><T131/><D36/><U6/><E108/><V126/><F69/><W60/><G75/><T97/><D120/><U9/><E115/><V47/><F126/><W22/><G113/><T90/><D131/><U4/><E66/><V29/><F130/><W70/><G110/><T61/><D127/><U129/><E129/><V10/><F105/><W57/><REACH who="3" step="1"/><G51/><REACH who="3" ten="453,211,101,225" step="2"/><T121/><D49/><U103/><E37/><V11/><F11/><W48/><G48/><T101/><D124/><U15/><E135/><V53/><F53/><W87/><G87/><T117/><D40/><U74/><E74/><V134/><F134/><W100/><G100/><T111/><D111/><U86/><E133/><V12/><F72/><W41/><G41/><T84/><D84/><U106/><E86/><V132/><F132/><W89/><G89/><T18/><D121/><U46/><E103/><V119/><F119/><W1/><G1/><T80/><D117/><U78/><E3/><V44/><F44/><W91/><G91/><T122/><D122/><U54/><E54/><V99/><F99/><W65/><G65/><N who="0" m="39095" /><D62/><U76/><E46/><V82/><F47/><W116/><G116/><T123/><D123/><U56/><E45/><V71/><F43/><W112/><G112/><T128/><D128/><U125/><E0/><V98/><F98/><W77/><G77/><T79/><D79/><U107/><E125/><V31/><F71/><W52/><G52/><T96/><D96/><U33/><E102/><V39/><F39/><W88/><G88/><T95/><D94/><U68/><E92/><RYUUKYOKU ba="0,1" sc="453,15,211,-15,101,-15,225,15" hai0="14,18,28,30,80,85,90,95,97,101" hai3="2,7,8,19,22,23,25,26,57,59,60,67,70" /><INIT seed="7,1,1,0,3,125" ten="468,196,86,240" oya="3" hai0="93,57,117,6,27,116,21,45,46,68,42,88,75" hai1="32,65,131,33,14,133,134,50,119,0,73,48,3" hai2="67,115,61,120,118,19,24,85,59,107,84,111,129" hai3="81,49,71,109,92,132,90,63,91,98,55,26,44"/><W105/><G105/><T126/><D68/><U20/><E73/><V99/><F120/><W72/><G132/><N who="1" m="50794" /><E119/><V80/><F118/><W78/><G109/><T64/><D46/><U18/><E65/><V104/><F111/><W110/><G110/><T130/><D6/><U95/><E95/><V74/><F115/><W60/><G71/><T101/><D101/><U22/><E131/><V9/><F74/><W37/><G37/><T87/><D88/><U114/><E114/><V100/><F104/><W108/><G108/><T82/><D27/><U127/><E127/><V11/><F84/><W34/><G90/><T53/><D21/><N who="1" m="8299" /><E50/><V29/><F19/><W66/><REACH who="3" step="1"/><G66/><REACH who="3" ten="468,196,86,230" step="2"/><T31/><D64/><U1/><E48/><V135/><F135/><W56/><G56/><T121/><D57/><U43/><E43/><V15/><F107/><W106/><G106/><T8/><D42/><U35/><E35/><V103/><F67/><W86/><G86/><T51/><D87/><U28/><E28/><AGARI ba="1,2" hai="26,28,34,44,49,55,60,63,72,78,81,91,92,98" machi="28" ten="40,2000,0" yaku="1,1,53,0" doraHai="125" doraHaiUra="97" who="3" fromWho="1" sc="468,0,196,-23,86,0,230,43" /><INIT seed="7,2,0,1,0,103" ten="468,173,86,273" oya="3" hai0="60,48,97,8,79,20,78,85,14,80,35,84,30" hai1="83,44,108,39,49,66,10,118,37,27,89,29,105" hai2="47,45,25,131,74,4,62,92,21,88,15,109,51" hai3="122,129,101,2,86,72,95,135,69,13,82,38,33"/><W34/><G2/><T9/><D35/><U75/><E108/><V63/><F109/><W52/><G69/><T17/><D97/><U113/><E105/><V5/><F74/><W40/><G122/><T98/><D98/><U94/><E66/><V120/><F120/><W125/><G72/><T134/><D60/><U114/><E118/><V127/><F127/><W126/><G95/><T91/><D30/><U90/><E10/><V43/><F47/><N who="3" m="23959" /><G101/><T19/><D134/><U28/><E83/><V56/><F63/><W54/><G135/><T22/><D48/><U24/><E75/><V61/><F61/><W59/><G13/><N who="0" m="9263" /><D78/><U58/><E58/><V12/><F12/><W124/><G129/><T87/><D87/><U100/><E100/><V112/><F112/><N who="1" m="43113" /><E27/><V71/><F71/><W41/><G41/><T68/><D68/><U133/><E29/><V110/><F110/><W73/><G73/><T0/><D0/><U117/><E133/><V96/><F15/><W67/><G67/><T3/><D3/><U36/><E117/><V128/><F128/><W65/><G65/><T55/><D55/><N who="3" m="21033" /><G59/><T6/><D6/><U119/><E119/><V46/><F46/><W50/><G50/><T106/><D106/><U42/><E94/><AGARI ba="2,0" hai="8,9,14,19,22,79,80,84,85,91,94" m="9263" machi="94" ten="30,1000,0" yaku="8,1" doraHai="103" who="0" fromWho="1" sc="468,16,173,-16,86,0,273,0" owari="484,58.0,157,-24.0,86,-41.0,273,7.0" /></mjloggm>