<mjloggm ver="2.3"><GO type="169" lobby="0"/><UN n0="%74%61%72%6F%33%39%30%30" n1="%E3%82%A6%E3%83%AB%E3%83%88%E3%83%A9%E7%AB%8B%E7%9B%B4" n2="%E4%BB%A3%E6%89%93%E3%81%A1%E3%81%AE%E7%A5%9E%E6%A7%98" n3="%57%61%72%61%5E%2F%5E" dan="16,16,18,16" rate="2115.84,2170.10,2266.42,2083.34" sx="M,M,M,F"/><TAIKYOKU oya="0"/><INIT seed="0,0,0,4,0,96" ten="250,250,250,250" oya="0" hai0="105,9,113,93,73,50,127,69,0,92,45,135,28" hai1="68,60,12,43,54,19,107,79,97,94,110,10,133" hai2="72,39,117,64,22,62,85,31,74,38,34,70,104" hai3="13,88,115,4,47,103,14,114,8,16,111,40,106"/><T119/><D105/><U51/><E107/><V76/><F22/><W120/><G111/><T53/><D113/><U18/><E110/><V46/><F85/><W48/><G120/><T118/><D69/><U37/><E133/><V99/><F117/><W21/><REACH who="3" step="1"/><G88/><REACH who="3" ten="250,250,250,240" step="2"/><T2/><D119/><U81/><E81/><V98/><F98/><AGARI ba="0,1" hai="4,8,13,14,16,21,40,47,48,98,103,106,114,115" machi="98" ten="40,8000,1" yaku="1,1,2,1,52,1,54,1,53,0" doraHai="96" doraHaiUra="84" who="3" fromWho="2" sc="250,0,250,0,250,-80,240,90" /><INIT seed="1,0,0,5,2,119" ten="250,250,170,330" oya="1" hai0="98,24,54,130,91,95,132,107,45,80,135,52,117" hai1="18,115,36,11,67,56,77,25,34,102,112,10,89" hai2="109,6,66,51,99,48,90,26,113,116,55,60,106" hai3="16,121,8,40,38,85,133,131,57,22,44,7,31"/><U42/><E77/><V101/><F116/><W69/><G69/><T43/><D117/><U41/><E102/><V33/><F109/><W100/><G133/><N who="0" m="51275" /><D130/><U1/><E36/><V35/><F113/><W3/><G121/><T13/><D107/><U12/><E56/><V75/><F6/><W103/><G131/><T70/><D70/><U59/><E59/><V2/><F2/><W123/><G31/><T65/><D65/><U84/><E67/><V71/><F75/><W88/><G57/><T128/><D128/><U58/><E58/><V94/><F55/><W92/><REACH who="3" step="1"/><G123/><REACH who="3" ten="250,250,170,320" step="2"/><T9/><D24/><AGARI ba="0,1" hai="3,7,8,16,22,24,38,40,44,85,88,92,100,103" machi="24" ten="30,8000,1" yaku="1,1,2,1,7,1,54,2,53,0" doraHai="119" doraHaiUra="64" who="3" fromWho="0" sc="250,-80,250,0,170,0,320,90" /><INIT seed="2,0,0,2,2,12" ten="170,250,170,410" oya="2" hai0="125,48,28,41,96,128,93,30,69,51,25,14,90" hai1="106,82,118,119,102,95,79,134,91,2,1,76,59" hai2="107,20,23,42,87,58,68,124,100,52,75,67,98" hai3="18,54,108,113,8,84,72,71,81,92,10,6,70"/><V77/><F75/><W5/><G72/><T62/><D128/><U19/><E2/><V37/><F124/><W73/><G73/><T29/><D125/><U35/><E1/><V112/><F112/><W89/><G113/><T121/><D121/><U7/><E7/><V131/><F131/><W120/><G120/><T39/><D39/><U126/><E35/><V45/><F77/><W122/><G122/><T132/><D132/><U21/><E126/><V83/><F83/><W63/><G108/><T3/><D3/><U116/><E134/><V104/><F87/><W85/><G71/><T60/><D69/><U86/><E59/><V99/><F67/><W26/><G70/><T36/><D36/><U49/><E49/><N who="0" m="19017" /><D41/><U4/><E4/><V97/><F68/><W17/><G6/><T53/><D25/><U127/><E127/><V64/><F64/><W57/><G26/><T114/><D114/><U34/><E34/><V13/><F100/><W44/><G44/><T109/><D109/><U15/><E106/><V66/><F66/><W129/><G129/><T133/><D133/><U32/><E32/><V43/><F43/><W9/><G5/><T65/><D65/><U46/><E46/><V56/><F56/><W40/><G40/><T123/><D123/><U135/><E135/><V38/><F38/><W94/><G94/><T33/><D33/><U103/><REACH who="1" step="1"/><E79/><AGARI ba="0,0" hai="8,9,10,17,18,54,57,63,79,81,84,85,89,92" machi="79" ten="40,5200,0" yaku="8,1,52,2" doraHai="12" who="3" fromWho="1" sc="170,0,250,-52,170,0,410,52" /><INIT seed="3,0,0,5,2,77" ten="170,198,170,462" oya="3" hai0="111,34,38,14,68,81,78,71,52,134,47,82,63" hai1="83,66,121,96,103,59,94,10,92,30,31,2,108" hai2="107,18,117,112,35,109,5,122,3,105,7,20,11" hai3="129,6,90,69,106,88,67,33,12,42,17,45,95"/><W132/><G106/><T72/><D34/><U80/><E121/><V48/><F112/><W93/><G33/><T27/><D27/><U118/><E108/><V9/><F117/><W43/><G6/><T84/><D111/><U61/><E118/><V127/><F109/><W86/><G132/><T39/><D134/><U124/><E124/><V102/><F35/><W104/><G104/><T23/><D71/><U123/><E123/><V40/><F122/><W91/><G129/><T99/><D99/><N who="1" m="59879" /><E10/><V22/><F127/><W26/><G90/><T89/><D68/><U37/><E37/><V113/><F113/><W130/><G26/><T54/><D63/><U56/><E56/><V4/><F102/><W110/><G130/><T13/><D13/><U98/><E98/><V101/><F101/><W50/><G110/><T57/><D57/><U60/><E60/><V119/><F7/><W15/><G42/><T44/><D44/><U19/><E19/><V36/><F36/><W21/><G67/><T51/><REACH who="0" step="1"/><D54/><REACH who="0" ten="160,198,170,462" step="2"/><U29/><E2/><V55/><F119/><W16/><G69/><T46/><D46/><U64/><E64/><V85/><F55/><W115/><G115/><T116/><D116/><U1/><E1/><V125/><F3/><W120/><G120/><T25/><D25/><U65/><E65/><V0/><F0/><W87/><G21/><T24/><D24/><U76/><E66/><V62/><F22/><W58/><G58/><T28/><D28/><U70/><E29/><V49/><F20/><W135/><G135/><T75/><D75/><N who="1" m="43039" /><E30/><V53/><F62/><RYUUKYOKU ba="0,1" sc="160,15,198,-15,170,-15,462,15" hai0="14,23,38,39,47,51,52,72,78,81,82,84,89" hai3="12,15,16,17,43,45,50,86,87,88,91,93,95" /><INIT seed="3,1,1,5,1,27" ten="175,183,155,477" oya="3" hai0="123,14,110,74,134,112,82,6,94,25,85,70,81" hai1="53,106,55,15,28,129,44,131,36,66,21,107,52" hai2="26,34,69,100,32,39,91,65,24,71,115,18,43" hai3="31,109,51,105,40,90,10,23,80,114,12,46,125"/><W0/><G0/><T135/><D123/><U86/><E66/><V79/><F115/><W121/><G114/><T60/><D112/><U95/><E36/><V73/><F91/><W127/><G121/><T63/><D110/><U4/><E44/><N who="2" m="23679" /><F18/><W62/><G105/><T13/><D94/><U1/><E1/><V3/><F100/><W88/><G62/><T116/><D116/><U68/><E68/><V120/><F120/><W101/><G101/><T33/><D74/><U56/><E56/><V16/><F16/><N who="3" m="8215" /><G109/><T61/><D70/><U111/><E111/><V5/><F26/><N who="3" m="16863" /><G80/><T42/><D82/><U96/><E107/><V9/><F24/><W72/><G72/><T78/><D25/><U19/><E106/><V133/><F71/><W54/><G40/><T35/><D42/><U122/><E122/><V29/><F34/><W17/><G17/><T132/><D6/><U41/><E4/><V108/><F5/><W57/><G46/><T84/><D35/><U97/><E41/><V48/><F32/><W104/><G104/><T59/><D33/><U58/><E19/><V30/><F73/><W11/><G11/><T113/><D113/><U117/><E117/><V98/><F9/><W130/><G130/><T102/><D102/><U128/><E128/><V7/><F3/><W50/><G50/><T87/><D59/><U20/><E58/><V83/><F48/><W38/><G38/><T64/><D64/><U8/><E131/><V37/><F37/><W67/><G67/><T126/><D126/><AGARI ba="1,1" hai="51,54,57,88,90,125,126,127" m="16863,8215" machi="126" ten="30,11600,0" yaku="18,1,52,1,54,2" doraHai="27" who="3" fromWho="0" sc="175,-119,183,0,155,0,477,129" /><INIT seed="3,2,0,0,0,124" ten="56,183,155,606" oya="3" hai0="32,42,53,103,26,35,112,25,51,65,73,104,14" hai1="77,123,6,11,46,107,98,90,69,110,122,61,60" hai2="111,57,120,70,40,58,59,31,68,117,13,41,43" hai3="125,66,78,81,113,0,82,54,44,121,106,63,119"/><W80/><G119/><T67/><D73/><U92/><E77/><V102/><F102/><W96/><G113/><T129/><D112/><U1/><E107/><V15/><F31/><W100/><G121/><T109/><D109/><U12/><E110/><V130/><F111/><W95/><G125/><T128/><D42/><U45/><E1/><V10/><F117/><W84/><G0/><T16/><D103/><U5/><E69/><V20/><F120/><W62/><G106/><T131/><D104/><U116/><E116/><V132/><F132/><W38/><G38/><T3/><D3/><U2/><E2/><V39/><F39/><W85/><G66/><N who="0" m="25099" /><D35/><U8/><E123/><V56/><F56/><W72/><G72/><T83/><D83/><U94/><E122/><V71/><F20/><W127/><G127/><T133/><D32/><U108/><E108/><V52/><F130/><W48/><REACH who="3" step="1"/><G80/><REACH who="3" ten="56,183,155,596" step="2"/><T19/><D133/><U91/><E94/><V50/><REACH who="2" step="1"/><F15/><REACH who="2" ten="56,183,145,596" step="2"/><W7/><G7/><AGARI ba="2,2" hai="7,10,13,40,41,43,50,52,57,58,59,68,70,71" machi="7" ten="50,6400,0" yaku="1,1,2,1,54,1,53,0" doraHai="124" doraHaiUra="134" who="2" fromWho="3" sc="56,0,183,0,145,90,596,-70" /><INIT seed="4,0,0,4,1,84" ten="56,183,235,526" oya="0" hai0="83,42,4,90,76,111,17,128,38,118,81,86,28" hai1="96,8,108,131,37,98,97,2,45,29,19,56,91" hai2="36,7,106,87,21,43,52,53,16,102,24,15,113" hai3="117,115,69,14,5,23,132,63,121,65,22,9,70"/><T48/><D118/><U67/><E108/><V100/><F113/><W39/><G117/><T93/><D111/><U73/><E73/><V0/><F36/><W126/><G115/><T107/><D107/><U58/><E131/><V104/><F43/><W95/><G39/><T130/><D38/><U110/><E110/><V114/><F114/><W133/><G126/><T123/><D123/><U12/><E2/><V49/><F0/><W46/><G121/><T125/><D125/><U41/><E29/><V127/><F127/><W79/><G46/><N who="0" m="25687" /><D28/><U35/><E35/><V120/><F120/><W129/><G95/><T134/><D134/><N who="3" m="51817" /><G79/><T54/><D4/><U33/><E33/><V85/><F106/><W47/><G47/><T105/><D105/><U116/><E116/><V60/><F104/><W78/><G78/><T11/><D54/><N who="2" m="21098" /><F60/><N who="3" m="40103" /><G129/><N who="0" m="49771" /><D76/><U50/><E37/><V135/><F135/><W6/><G6/><T77/><D77/><U103/><E67/><AGARI ba="0,0" hai="5,9,14,22,23,63,67,70" m="40103,51817" machi="67" ten="30,1000,0" yaku="20,1" doraHai="84" who="3" fromWho="1" sc="56,0,183,-10,235,0,526,10" /><INIT seed="5,0,0,1,3,62" ten="56,173,235,536" oya="1" hai0="114,42,89,67,37,124,126,5,40,122,51,115,91" hai1="83,61,11,97,86,84,88,71,29,98,48,10,123" hai2="13,36,132,85,0,106,31,43,108,38,20,90,100" hai3="53,16,15,65,101,102,21,119,74,60,63,94,69"/><U135/><E123/><V110/><F0/><W68/><G74/><T34/><D34/><U54/><E135/><V105/><F132/><W19/><G119/><T66/><D5/><U120/><E120/><V12/><F85/><W79/><G79/><T77/><D122/><U2/><E2/><V109/><F90/><N who="0" m="34314" /><D51/><U128/><E128/><V116/><F31/><W41/><G41/><N who="0" m="15979" /><D77/><N who="1" m="46191" /><E29/><V9/><F116/><W50/><G94/><T39/><D39/><U26/><E26/><V82/><F43/><W81/><G19/><T30/><D30/><U93/><E71/><V55/><F38/><W121/><G81/><T133/><D37/><U52/><E61/><V73/><F36/><W104/><G121/><T59/><D59/><N who="1" m="33159" /><E54/><V111/><F55/><W78/><G78/><T130/><D130/><U70/><E70/><V44/><F111/><W47/><G104/><T24/><D24/><U113/><E113/><N who="0" m="43017" /><D133/><U131/><E131/><V76/><F106/><W3/><G3/><T57/><D57/><U49/><E49/><V95/><F105/><W27/><G27/><T129/><D129/><U87/><E87/><V8/><F108/><W103/><G69/><T118/><D118/><U75/><E75/><V7/><F109/><W99/><G60/><T92/><D92/><U14/><E14/><V1/><F110/><W45/><G45/><T134/><D134/><U28/><E28/><V117/><F117/><W23/><G68/><T18/><D18/><U46/><E46/><V96/><F44/><W4/><G47/><T64/><AGARI ba="0,0" hai="64,66,67,124,126" m="43017,15979,34314" machi="64" ten="40,12000,2" yaku="28,2,15,1,52,3" doraHai="62" who="0" fromWho="0" sc="56,120,173,-60,235,-30,536,-30" /><INIT seed="6,0,0,3,2,37" ten="176,113,205,506" oya="2" hai0="41,51,102,40,1,56,4,94,134,114,75,34,58" hai1="48,76,9,125,54,133,81,50,55,124,61,104,112" hai2="22,105,26,123,74,59,101,82,113,127,16,126,12" hai3="95,118,77,35,96,68,98,14,53,73,84,130,8"/><V85/><F74/><W3/><G118/><T46/><D34/><U28/><E104/><V18/><F123/><W80/><G130/><T62/><D75/><U24/><E112/><V49/><F113/><W121/><G121/><T19/><D114/><U15/><E133/><V17/><F101/><W88/><G3/><T83/><D134/><U64/><E125/><N who="2" m="47627" /><F105/><W108/><G108/><T131/><D131/><U2/><E2/><V27/><F59/><N who="0" m="22570" /><D1/><U10/><E124/><V52/><F27/><W0/><G0/><T122/><D122/><U79/><E61/><V33/><F33/><W43/><G35/><T7/><D83/><U115/><E64/><V31/><F12/><W107/><G98/><N who="0" m="59735" /><D62/><U13/><E81/><V23/><F23/><W67/><G67/><T93/><D93/><U129/><E115/><V29/><F29/><W70/><G14/><T92/><D92/><U25/><REACH who="1" step="1"/><E129/><REACH who="1" ten="176,103,205,506" step="2"/><V72/><F82/><W117/><G107/><T44/><D19/><U30/><AGARI ba="0,1" hai="9,10,13,15,24,25,28,30,48,50,54,55,76,79" machi="30" ten="25,12000,2" yaku="1,1,2,1,0,1,22,2,8,1,53,0" doraHai="37" doraHaiUra="32" who="1" fromWho="1" sc="176,-30,103,130,205,-60,506,-30" /><INIT seed="7,0,0,5,5,132" ten="146,233,145,476" oya="3" hai0="96,122,63,109,35,4,9,85,61,7,21,120,82" hai1="83,67,111,29,105,80,23,86,104,15,90,103,126" hai2="50,47,134,14,93,77,64,131,2,101,31,94,88" hai3="1,26,68,119,53,98,49,39,18,121,25,27,102"/><W38/><G119/><T75/><D35/><U40/><E86/><V24/><F2/><W12/><G1/><T130/><D109/><U95/><E83/><V118/><F118/><W113/><G121/><T51/><D75/><U46/><E23/><N who="2" m="15775" /><F134/><W133/><G113/><T6/><D130/><U74/><E15/><V16/><F131/><W112/><G68/><T34/><D34/><U33/><E46/><V57/><F77/><W52/><G112/><T19/><D122/><U123/><E80/><V127/><F127/><W59/><G53/><T10/><D120/><U70/><E103/><V44/><F101/><W56/><G56/><T128/><D51/><U65/><E67/><V20/><F94/><W125/><G125/><T30/><D96/><U66/><E29/><V78/><F78/><W28/><G133/><T5/><D30/><U55/><E55/><N who="2" m="31991" /><F64/><W99/><G28/><T91/><N who="0" m="1024" /><DORA hai="79" /><T42/><D128/><U110/><E74/><V62/><F62/><N who="0" m="23562" /><D42/><U13/><E40/><V81/><F81/><W11/><REACH who="3" step="1"/><G98/><AGARI ba="0,0" hai="14,16,20,44,47,88,93,98" m="31991,15775" machi="98" ten="30,3900,0" yaku="8,1,54,2" doraHai="132,79" who="2" fromWho="3" sc="146,0,233,0,145,39,476,-39" owari="146,-35.0,233,3.0,184,-22.0,437,54.0" /></mjloggm>