<mjloggm ver="2.3"><GO type="169" lobby="0"/><UN n0="%E3%81%97%E3%82%85%E3%81%B0%E3%82%8B%E3%81%A4" n1="%E3%83%A8%E3%82%B3%E3%83%A8%E3%82%B3" n2="%E3%82%A6%E3%83%AB%E3%83%88%E3%83%A9%E7%AB%8B%E7%9B%B4" n3="%E3%81%87%E3%82%8B%E3%81%87%E3%82%8B" dan="16,16,18,16" rate="2048.47,2099.17,2215.86,2095.54" sx="M,M,M,F"/><TAIKYOKU oya="0"/><INIT seed="0,0,0,0,1,72" ten="250,250,250,250" oya="0" hai0="132,20,76,44,58,67,100,112,7,25,77,43,63" hai1="64,102,14,41,122,73,65,12,99,69,59,108,45" hai2="93,21,49,111,83,33,24,115,128,29,4,120,80" hai3="27,92,84,87,30,31,11,110,10,90,71,52,19"/><T51/><D112/><U1/><E122/><V62/><F115/><W125/><G71/><T32/><D32/><U98/><E1/><V107/><F107/><W40/><G40/><T15/><D132/><U37/><E73/><V13/><F120/><W8/><G110/><T78/><D100/><U66/><E108/><V46/><F111/><W5/><G125/><T88/><D88/><U53/><E98/><V55/><F128/><W91/><G5/><T103/><D103/><U97/><E99/><V134/><F134/><W86/><G86/><T109/><D109/><U133/><E133/><V74/><F74/><W95/><REACH who="3" step="1"/><G52/><REACH who="3" ten="250,250,250,240" step="2"/><T106/><D106/><U36/><E69/><V57/><F93/><W16/><G16/><N who="0" m="10271" /><D25/><U68/><E68/><V42/><F33/><W130/><G130/><T79/><N who="0" m="19456" /><DORA hai="124" /><T3/><D3/><U96/><E97/><V81/><F4/><AGARI ba="0,1" hai="4,7,43,44,51,58,63,67" m="19456,10271" machi="4" ten="40,18000,2" yaku="8,1,52,4,54,1" doraHai="72,124" who="0" fromWho="2" sc="250,190,250,0,250,-180,240,0" /><INIT seed="0,1,0,5,0,53" ten="440,250,70,240" oya="0" hai0="118,34,72,66,73,131,38,44,15,119,0,30,10" hai1="47,48,132,52,63,25,37,89,85,94,11,17,88" hai2="64,22,8,5,6,81,50,123,128,125,19,32,54" hai3="12,98,113,108,23,56,93,69,83,114,75,65,135"/><T27/><D131/><U127/><E132/><V84/><F32/><W68/><G135/><T67/><D0/><U112/><E127/><V20/><F123/><W14/><G108/><T86/><D67/><U59/><E112/><V129/><F125/><W111/><G111/><T107/><D107/><U103/><E37/><V36/><F36/><W77/><G23/><T33/><D33/><U121/><E121/><V78/><F64/><W91/><G12/><T109/><D109/><U105/><E89/><V100/><F129/><W134/><G134/><T126/><D126/><U35/><E35/><V16/><F128/><W102/><G14/><T39/><D39/><U49/><E47/><V71/><F100/><W74/><G74/><T60/><D86/><U18/><E11/><V97/><F97/><W99/><G69/><T61/><D61/><U42/><E42/><V110/><F71/><W101/><G68/><T92/><D92/><N who="1" m="54287" /><E105/><V130/><F130/><W116/><G116/><T13/><D73/><U21/><E17/><N who="2" m="6731" /><F110/><W62/><REACH who="3" step="1"/><G91/><REACH who="3" ten="440,250,70,230" step="2"/><T76/><D72/><U55/><E55/><V2/><F2/><W70/><G70/><T87/><D119/><U117/><E117/><V51/><F8/><W4/><G4/><N who="2" m="1641" /><F51/><W26/><G26/><T96/><D27/><U58/><E48/><V28/><F28/><W46/><G46/><AGARI ba="1,1" hai="20,22,46,50,54,78,81,84" m="1641,6731" machi="46" ten="30,2000,0" yaku="8,1,54,1" doraHai="53" who="2" fromWho="3" sc="440,0,250,0,70,33,230,-23" /><INIT seed="1,0,0,0,5,77" ten="440,250,103,207" oya="1" hai0="25,78,103,82,109,68,36,64,40,0,35,107,131" hai1="13,129,4,133,20,96,1,88,38,123,34,41,98" hai2="121,115,76,24,86,132,62,15,74,12,101,51,7" hai3="112,27,70,33,31,105,63,128,66,3,10,19,73"/><U67/><E123/><V45/><F121/><W91/><G105/><T124/><D109/><U93/><E34/><V69/><F132/><W61/><G73/><T106/><D0/><U30/><E133/><V130/><F130/><W43/><G112/><T117/><D117/><U79/><E129/><V54/><F115/><W81/><G43/><T22/><D124/><U116/><E116/><V110/><F110/><W18/><G128/><T39/><D22/><U49/><E38/><V134/><F134/><W6/><REACH who="3" step="1"/><G63/><REACH who="3" ten="440,250,103,197" step="2"/><T90/><D107/><U8/><E67/><V28/><F74/><W26/><G26/><T113/><D25/><N who="1" m="16679" /><E1/><V48/><F62/><W85/><AGARI ba="0,1" hai="3,6,10,18,19,27,31,33,61,66,70,81,85,91" machi="85" ten="30,7900,0" yaku="1,1,0,1,52,1,53,1" doraHai="77" doraHaiUra="87" who="3" fromWho="3" sc="440,-20,250,-39,103,-20,197,89" /><INIT seed="2,0,0,2,1,52" ten="420,211,83,286" oya="2" hai0="72,99,29,131,112,33,32,58,57,47,70,130,38" hai1="119,101,1,20,13,45,10,66,23,17,42,100,107" hai2="122,35,92,9,91,12,79,77,132,75,18,48,54" hai3="50,0,89,117,105,87,5,83,44,90,61,16,56"/><V98/><F132/><W113/><G105/><T15/><D72/><U76/><E119/><V115/><F115/><W125/><G117/><T25/><D70/><U84/><E66/><V86/><F122/><W74/><G113/><T68/><D68/><U2/><E1/><V81/><F35/><W80/><G5/><T69/><D69/><U116/><E116/><V96/><F75/><W108/><G0/><T40/><D33/><U21/><E2/><V67/><F67/><W53/><G108/><T28/><D28/><U55/><E55/><V36/><F36/><W129/><G125/><T78/><D78/><U118/><E118/><V22/><F22/><W3/><G3/><T109/><D109/><U49/><REACH who="1" step="1"/><E107/><REACH who="1" ten="420,201,83,286" step="2"/><V103/><REACH who="2" step="1"/><F96/><REACH who="2" ten="420,201,73,286" step="2"/><W85/><G129/><T63/><D112/><U124/><E124/><V114/><F114/><W128/><G128/><T64/><D131/><U51/><E51/><V26/><F26/><W30/><G50/><T7/><D130/><U46/><E46/><AGARI ba="0,2" hai="9,12,18,46,48,54,77,79,81,86,91,92,98,103" machi="46" ten="30,12000,1" yaku="1,1,7,1,25,2,8,1,53,0" doraHai="52" doraHaiUra="123" who="2" fromWho="1" sc="420,0,201,-120,73,140,286,0" /><INIT seed="2,1,0,3,0,22" ten="420,81,213,286" oya="2" hai0="45,35,94,111,16,62,124,93,5,116,130,17,20" hai1="75,135,13,59,103,19,12,132,18,25,37,7,115" hai2="52,96,121,47,78,65,64,105,86,89,95,108,77" hai3="114,70,43,98,58,57,21,85,113,84,128,41,71"/><V119/><F119/><W29/><G98/><T32/><D111/><U8/><E37/><V56/><F121/><W100/><G21/><T44/><D5/><U99/><E75/><V34/><F34/><W6/><G6/><T131/><D124/><U55/><E115/><N who="3" m="44042" /><G29/><T118/><D62/><U80/><E80/><N who="2" m="49351" /><F47/><W54/><G100/><T27/><D20/><U107/><E25/><AGARI ba="1,0" hai="16,17,25,27,32,35,44,45,93,94,116,118,130,131" machi="25" ten="25,8000,1" yaku="22,2,52,2,54,1" doraHai="22" who="0" fromWho="1" sc="420,83,81,-83,213,0,286,0" owari="503,60.0,-2,-50.0,213,-19.0,286,9.0" /></mjloggm>