<mjloggm ver="2.3"><GO type="169" lobby="0"/><UN n0="%E3%82%A6%E3%83%AB%E3%83%88%E3%83%A9%E7%AB%8B%E7%9B%B4" n1="%6D%6E%77%32%30%30%30%30" n2="%E3%82%86%E3%81%A3%E3%81%8F%E3%82%8A%E5%A6%96%E5%A4%A2" n3="%E3%83%A1%E3%82%B9%E3%83%88%E3%83%BB%E3%82%A8%E3%82%B8%E3%83%AB" dan="17,16,18,16" rate="2219.98,2100.27,2243.85,2079.72" sx="M,M,M,M"/><TAIKYOKU oya="0"/><INIT seed="0,0,0,1,2,132" ten="250,250,250,250" oya="0" hai0="16,57,128,84,6,101,12,130,4,34,96,77,11" hai1="79,106,10,30,76,7,91,52,60,42,26,53,110" hai2="3,8,13,35,40,92,25,129,49,113,67,134,118" hai3="56,71,2,45,64,37,78,65,70,61,125,1,93"/><T21/><D34/><U72/><E110/><V131/><F67/><W9/><G78/><T22/><D77/><U48/><E106/><V100/><F113/><W74/><G74/><T119/><D84/><U23/><E91/><V18/><F134/><W85/><G56/><T55/><D119/><U39/><E76/><V31/><F118/><W105/><G105/><T43/><D43/><U126/><E60/><V127/><F40/><W82/><G93/><T15/><D4/><U75/><E75/><V66/><F66/><W90/><G9/><T99/><D22/><U122/><E122/><V44/><F3/><W38/><G125/><T95/><REACH who="0" step="1"/><D99/><REACH who="0" ten="240,250,250,250" step="2"/><U115/><E79/><V0/><F35/><W19/><G85/><T121/><D121/><U73/><E72/><V51/><F0/><W63/><G1/><T41/><D41/><U80/><E73/><V86/><F86/><W102/><G2/><T117/><D117/><U17/><E7/><V88/><F129/><W107/><G70/><T62/><AGARI ba="0,1" hai="6,11,12,15,16,21,55,57,62,95,96,101,128,130" machi="62" ten="30,6000,0" yaku="1,1,0,1,54,1,53,0" doraHai="132" doraHaiUra="133" who="0" fromWho="0" sc="240,70,250,-20,250,-20,250,-20" /><INIT seed="0,1,0,2,5,67" ten="310,230,230,230" oya="0" hai0="126,92,27,118,102,130,12,64,76,55,33,51,127" hai1="62,68,93,61,47,123,40,135,24,46,39,112,65" hai2="60,58,83,57,36,17,9,15,37,73,75,52,77" hai3="43,1,35,122,86,45,59,28,22,106,89,0,42"/><T88/><D76/><U66/><E123/><V71/><F75/><W95/><G35/><T94/><D118/><U134/><E93/><V120/><F120/><W107/><G122/><T44/><D130/><U124/><E24/><V82/><F71/><W85/><G59/><T70/><D102/><U132/><E124/><N who="0" m="47657" /><D12/><U116/><E116/><V48/><REACH who="2" step="1"/><F83/><REACH who="2" ten="310,230,220,230" step="2"/><N who="3" m="49343" /><G106/><T117/><D117/><U38/><E112/><V19/><F19/><W18/><G107/><T54/><D94/><U30/><E30/><V72/><F72/><W6/><G28/><T8/><D70/><N who="1" m="42287" /><E46/><V80/><F80/><W131/><G131/><T99/><D44/><U56/><E56/><V32/><F32/><W103/><G45/><T34/><D34/><U50/><AGARI ba="1,1" hai="38,39,40,47,50,62,66,68,132,134,135" m="42287" machi="50" ten="30,8000,1" yaku="20,1,34,2,52,2" doraHai="67" who="1" fromWho="1" sc="310,-41,230,93,220,-21,230,-21" /><INIT seed="1,0,0,3,4,15" ten="269,323,199,209" oya="1" hai0="134,61,64,25,113,75,12,28,100,50,109,1,92" hai1="32,80,5,70,73,116,4,87,118,101,115,95,135" hai2="123,103,69,67,97,82,110,13,108,83,39,52,3" hai3="48,93,65,7,54,2,23,55,76,125,49,33,30"/><U106/><E70/><V16/><F3/><W91/><G33/><T132/><D1/><U8/><E32/><V105/><F123/><W124/><G65/><T77/><D113/><U19/><E115/><V117/><F117/><W47/><G76/><T89/><D109/><N who="2" m="42090" /><F39/><W81/><G81/><T131/><D131/><U90/><E135/><V56/><F67/><W71/><G71/><T53/><D12/><N who="1" m="7559" /><E4/><V36/><F36/><W84/><G7/><T20/><D77/><N who="1" m="44079" /><E5/><V99/><F99/><AGARI ba="0,0" hai="87,90,95,99,101,106,116,118" m="44079,7559" machi="99" ten="30,2900,0" yaku="24,1,52,1" doraHai="15" who="1" fromWho="2" sc="269,0,323,29,199,-29,209,0" /><INIT seed="1,1,0,3,0,110" ten="269,352,170,209" oya="1" hai0="101,62,18,122,78,53,77,21,80,54,135,31,24" hai1="27,66,3,45,120,14,109,91,56,104,123,107,102" hai2="124,8,81,116,16,86,82,132,71,46,129,15,42" hai3="89,134,12,87,113,35,69,41,59,29,97,118,127"/><U72/><E3/><V92/><F116/><W64/><G69/><T10/><D135/><U79/><E109/><V133/><F71/><W49/><G127/><T34/><D122/><U93/><E27/><V60/><F124/><W90/><G134/><N who="2" m="51817" /><F129/><W48/><G118/><T38/><D38/><U1/><E1/><V22/><F60/><N who="3" m="37919" /><G35/><T5/><D101/><U67/><E14/><N who="2" m="9495" /><F92/><N who="3" m="56471" /><G113/><T73/><D62/><U100/><E45/><V6/><F86/><W51/><G29/><T61/><D77/><U43/><E43/><V13/><F13/><W0/><G0/><N who="0" m="295" /><D61/><U106/><E72/><V58/><F58/><W98/><G98/><T99/><D99/><U57/><E79/><V70/><F70/><W131/><G131/><T17/><D17/><U75/><E75/><V2/><F2/><W47/><G12/><AGARI ba="1,0" hai="12,18,21,24,31,34,53,54,73,78,80" m="295" machi="12" ten="30,1000,0" yaku="24,1" doraHai="110" who="0" fromWho="3" sc="269,13,352,0,170,0,209,-13" /><INIT seed="2,0,0,4,5,7" ten="282,352,170,196" oya="2" hai0="89,20,40,42,124,46,74,129,67,104,57,5,19" hai1="111,49,81,127,18,88,122,121,98,76,70,93,118" hai2="123,95,44,6,120,94,2,52,85,101,26,83,90" hai3="60,86,41,126,87,51,132,27,113,13,109,47,45"/><V71/><F71/><W36/><G109/><T30/><D104/><U116/><E70/><V75/><F26/><W92/><G126/><T50/><D74/><U24/><E49/><V78/><F95/><W117/><G117/><T3/><D30/><U79/><E127/><V106/><F44/><W34/><G132/><T16/><D129/><U10/><E111/><V55/><F120/><N who="1" m="46185" /><E24/><V119/><F119/><N who="1" m="45609" /><E81/><V65/><F65/><W84/><G113/><T15/><D124/><U68/><E68/><V114/><F114/><W9/><G60/><N who="0" m="38287" /><D3/><U100/><E100/><V22/><F22/><W62/><G62/><T38/><D38/><U77/><E77/><V56/><F56/><W96/><G27/><T97/><D42/><U128/><E128/><V103/><F123/><W108/><G34/><T133/><D20/><U4/><E18/><V29/><F29/><W48/><G108/><T8/><D133/><U105/><E105/><V31/><F31/><W135/><G135/><T80/><D80/><U58/><E58/><V125/><F125/><W73/><G73/><T39/><D39/><U91/><E91/><V1/><F103/><W69/><G69/><T110/><D110/><U53/><E53/><V35/><F35/><W99/><G47/><T130/><D130/><U28/><E28/><V11/><F2/><AGARI ba="0,0" hai="2,4,10,76,79,88,93,98" m="45609,46185" machi="2" ten="30,3900,0" yaku="13,1,52,1,54,1" doraHai="7" who="1" fromWho="2" sc="282,0,352,39,170,-39,196,0" /><INIT seed="3,0,0,4,0,30" ten="282,391,131,196" oya="3" hai0="56,90,55,35,75,57,101,106,114,34,70,51,135" hai1="126,47,107,103,46,123,26,130,52,96,59,63,127" hai2="64,132,25,3,41,113,40,68,133,110,38,32,7" hai3="115,67,72,69,45,128,61,83,108,60,0,92,1"/><W39/><G115/><T21/><D70/><U54/><E123/><V120/><F113/><W95/><G128/><T33/><D75/><U81/><E130/><V20/><F110/><W15/><G92/><T11/><D114/><U129/><E129/><V122/><F20/><W27/><G95/><T6/><D135/><N who="2" m="51786" /><F68/><W14/><G14/><T77/><D77/><U102/><E103/><V36/><F64/><W28/><G15/><T2/><D90/><U18/><E81/><V98/><F98/><W109/><G61/><T134/><D134/><U19/><E54/><V76/><F76/><N who="3" m="44423" /><G45/><N who="1" m="16906" /><E26/><V117/><F117/><W86/><G86/><T65/><D21/><U5/><E5/><V37/><F41/><W119/><G39/><N who="2" m="9985" /><V79/><DORA hai="131" /><F79/><W66/><G66/><T50/><D65/><U74/><E74/><V94/><F94/><W116/><G116/><T104/><D101/><U71/><E71/><V87/><F87/><W111/><G119/><T16/><D16/><N who="1" m="6187" /><E96/><V80/><F80/><W4/><G4/><T73/><D73/><U88/><E102/><V24/><F40/><W91/><G91/><T99/><D99/><U97/><E88/><V58/><F58/><W31/><G31/><T23/><D23/><AGARI ba="0,0" hai="0,1,23,27,28,60,67,69,108,109,111" m="44423" machi="23" ten="30,2900,0" yaku="14,1,10,1" doraHai="30,131" who="3" fromWho="0" sc="282,-29,391,0,131,0,196,29" /><INIT seed="3,1,0,1,1,33" ten="253,391,131,225" oya="3" hai0="49,122,51,70,99,3,92,47,113,13,40,119,7" hai1="45,6,82,52,29,67,16,97,115,64,76,10,58" hai2="83,25,60,30,106,123,38,37,87,121,86,91,96" hai3="95,133,73,42,11,20,93,32,84,39,19,78,61"/><W5/><G32/><T101/><D70/><U66/><E115/><V110/><F110/><W17/><G133/><T117/><D122/><N who="2" m="46602" /><F60/><W35/><G35/><T21/><D113/><U26/><E97/><V14/><F14/><W44/><G61/><T41/><D21/><U65/><E66/><V34/><F87/><W15/><G84/><T43/><D13/><U53/><E45/><V77/><F91/><W48/><G48/><T50/><REACH who="0" step="1"/><D47/><REACH who="0" ten="243,391,131,225" step="2"/><U69/><E69/><V128/><F128/><W103/><G44/><T118/><D118/><U74/><E29/><V75/><F86/><W24/><G73/><T88/><D88/><U79/><E76/><V89/><F89/><W130/><G78/><T134/><D134/><U85/><E74/><V28/><F30/><W94/><G130/><T107/><D107/><U102/><E102/><AGARI ba="1,1" hai="25,28,34,37,38,75,77,83,96,102,106" m="46602" machi="102" ten="30,2000,0" yaku="13,1,23,1" doraHai="33" who="2" fromWho="1" sc="243,0,391,-23,131,33,225,0" /><INIT seed="4,0,0,1,3,65" ten="243,368,164,225" oya="0" hai0="72,19,79,10,40,23,36,80,39,129,24,83,16" hai1="93,59,62,57,118,71,99,105,33,56,127,120,113" hai2="45,13,15,63,7,54,69,101,95,106,133,9,30" hai3="81,96,14,102,115,20,53,35,128,29,31,91,26"/><T131/><D83/><U38/><E118/><V8/><F106/><W60/><G115/><T75/><D75/><U78/><E120/><V28/><F133/><W12/><G128/><T119/><D119/><U77/><E113/><V112/><F112/><W2/><G2/><T124/><D124/><U117/><E117/><V43/><F69/><W86/><G31/><T58/><D58/><U82/><E127/><V107/><F107/><W3/><G3/><T130/><REACH who="0" step="1"/><D40/><REACH who="0" ten="233,368,164,225" step="2"/><U132/><E59/><V68/><F43/><W34/><G81/><T27/><D27/><U73/><E82/><V70/><F70/><W123/><G26/><T109/><D109/><U50/><E71/><V66/><F45/><W18/><G123/><T11/><D11/><U21/><E73/><V22/><F54/><W108/><G53/><T76/><D76/><U74/><E77/><V126/><F126/><W32/><G108/><T135/><D135/><U25/><E78/><V5/><REACH who="2" step="1"/><F22/><REACH who="2" ten="233,368,154,225" step="2"/><W122/><G20/><T104/><D104/><U121/><E105/><V84/><F84/><W49/><G86/><T111/><D111/><U67/><E21/><V64/><F64/><W134/><G134/><T100/><D100/><U98/><E67/><V48/><F48/><W44/><G102/><T116/><D116/><U110/><E74/><V46/><F46/><W1/><G49/><T6/><D6/><U125/><E50/><V92/><F92/><N who="3" m="56351" /><G44/><T17/><D17/><U0/><E93/><V114/><F114/><W37/><G18/><T87/><D87/><U94/><E125/><V89/><F89/><RYUUKYOKU ba="0,2" sc="233,15,368,-15,154,15,225,-15" hai0="10,16,19,23,24,36,39,72,79,80,129,130,131" hai2="5,7,8,9,13,15,28,30,63,66,68,95,101" /><INIT seed="4,1,2,5,2,16" ten="248,353,169,210" oya="0" hai0="46,44,90,40,28,63,26,126,77,0,52,93,85" hai1="62,129,23,110,5,83,43,35,54,81,73,111,114" hai2="27,124,19,3,24,2,84,122,38,22,135,70,127" hai3="109,58,134,121,66,112,67,61,15,80,29,117,133"/><T36/><D126/><N who="2" m="48170" /><F70/><W88/><G117/><T71/><D0/><N who="2" m="42" /><F38/><W78/><G109/><T57/><D77/><U64/><E35/><V55/><F84/><N who="3" m="50183" /><G112/><T25/><D71/><U69/><E81/><V92/><F92/><W130/><G130/><T107/><D107/><U89/><E129/><V95/><F95/><W6/><G121/><T33/><D25/><N who="2" m="9802" /><F55/><N who="3" m="34015" /><G29/><T14/><REACH who="0" step="1"/><D44/><REACH who="0" ten="238,353,169,210" step="2"/><U50/><E111/><V79/><F79/><W18/><G78/><T72/><D72/><U100/><E73/><V98/><F122/><W102/><G133/><T106/><D106/><U115/><E110/><V105/><F135/><W53/><G134/><T45/><D45/><U39/><E115/><V7/><F105/><W104/><G104/><T91/><D91/><U120/><E114/><V65/><F7/><W123/><G123/><T56/><D56/><U49/><E5/><V1/><F1/><W31/><G6/><T103/><D103/><U48/><E120/><V96/><F65/><W4/><G4/><T118/><D118/><U108/><E100/><V94/><F94/><W116/><G116/><T41/><D41/><U12/><E108/><V99/><F99/><W125/><G125/><T17/><D17/><N who="1" m="10663" /><E89/><V34/><F34/><W42/><G102/><T47/><D47/><N who="1" m="24063" /><E83/><V21/><F19/><W51/><G42/><T10/><D10/><U86/><E86/><V9/><F9/><N who="3" m="6511" /><G31/><T8/><D8/><U132/><E132/><V59/><F59/><AGARI ba="1,3" hai="51,53,59,66,67" m="6511,34015,50183" machi="59" ten="30,2000,0" yaku="8,1,54,1" doraHai="16" who="3" fromWho="2" sc="238,0,353,0,169,-23,210,53" /><AGARI ba="1,0" hai="48,49,50,54,59,62,64,69" m="24063,10663" machi="59" ten="30,2000,0" yaku="24,1,52,1" doraHai="16" who="1" fromWho="2" sc="238,0,353,20,146,-20,263,0" /><INIT seed="5,0,0,3,5,100" ten="238,373,126,263" oya="1" hai0="27,107,59,73,53,90,54,31,9,110,13,105,108" hai1="19,12,56,113,128,4,72,116,17,5,88,96,121" hai2="93,43,23,25,2,38,126,16,30,24,125,14,61" hai3="66,42,29,47,119,127,36,37,84,135,134,64,80"/><U95/><E116/><V92/><F2/><W94/><G119/><T39/><D73/><U129/><E121/><V86/><F38/><W3/><G3/><T120/><D39/><U68/><E68/><V26/><F43/><W87/><G127/><T63/><D120/><U15/><E113/><V0/><F0/><W103/><G37/><T115/><D115/><U131/><E56/><V51/><F51/><W70/><G29/><T62/><D90/><U65/><E65/><V106/><F106/><W74/><G74/><T130/><D130/><U11/><REACH who="1" step="1"/><E72/><REACH who="1" ten="238,363,126,263" step="2"/><V58/><F125/><W71/><G71/><T75/><D75/><U77/><E77/><V83/><F126/><W123/><G70/><T52/><D59/><U49/><E49/><V40/><F40/><W28/><G123/><T78/><D78/><U50/><E50/><V46/><F46/><W99/><G64/><T48/><D48/><U102/><E102/><V82/><F30/><W1/><G66/><T34/><D63/><U111/><E111/><V6/><F6/><W22/><G28/><T33/><D62/><U81/><E81/><N who="2" m="30731" /><F86/><W104/><G84/><T101/><D110/><U89/><E89/><V10/><F61/><W85/><G85/><T60/><D60/><U57/><E57/><V109/><F58/><W35/><G87/><T118/><D108/><U117/><E117/><V132/><F109/><W76/><G76/><T97/><D118/><U20/><AGARI ba="0,1" hai="4,5,11,12,15,17,19,20,88,95,96,128,129,131" machi="20" ten="30,11700,0" yaku="1,1,0,1,19,1,54,1,53,0" doraHai="100" doraHaiUra="114" who="1" fromWho="1" sc="238,-39,363,127,126,-39,263,-39" /><INIT seed="5,1,0,4,5,50" ten="199,490,87,224" oya="1" hai0="105,133,97,82,56,86,85,92,94,75,81,100,99" hai1="125,96,126,45,120,130,11,104,6,90,131,38,1" hai2="70,103,89,91,13,112,42,77,35,41,57,12,80" hai3="33,29,71,62,102,14,93,27,55,119,65,10,124"/><U17/><E17/><V73/><F70/><W20/><G124/><N who="1" m="47722" /><E120/><V122/><F122/><W115/><G115/><T51/><D56/><U36/><E90/><V32/><F103/><W76/><G119/><T16/><D51/><U83/><E83/><N who="0" m="31753" /><D16/><U135/><E45/><V21/><F112/><W40/><G76/><T72/><D133/><U46/><E135/><V101/><F101/><W127/><G127/><T18/><D18/><U7/><E7/><V49/><F21/><W110/><G110/><T113/><D113/><U48/><E48/><V123/><F123/><W26/><G40/><T98/><D105/><U118/><E118/><V43/><F89/><W59/><G20/><T28/><D28/><U88/><E46/><V95/><F35/><W117/><G117/><T8/><D8/><U68/><E104/><V2/><F32/><W60/><G29/><T47/><D47/><U69/><E68/><V121/><F2/><W24/><G33/><T23/><D23/><U128/><E69/><V30/><F30/><W3/><G3/><T74/><D100/><U34/><E34/><V22/><F121/><W0/><G0/><T78/><D78/><U25/><E25/><V44/><F57/><N who="3" m="37071" /><G27/><T39/><D39/><U132/><E132/><V116/><F116/><W63/><G71/><T53/><D53/><U67/><E67/><V79/><F79/><W84/><G63/><T111/><D111/><U4/><E4/><V31/><F31/><W66/><G66/><T5/><D5/><U52/><E36/><V114/><F114/><W129/><G102/><T37/><D37/><RYUUKYOKU ba="1,0" sc="199,30,490,-10,87,-10,224,-10" hai0="72,74,75,85,86,92,94,97,98,99" /><INIT seed="6,2,0,1,0,85" ten="229,480,77,214" oya="2" hai0="109,30,61,94,116,82,122,25,95,126,98,9,16" hai1="62,119,45,128,39,76,53,121,71,108,70,36,67" hai2="88,72,101,47,104,92,74,33,38,18,29,133,129" hai3="14,96,37,77,56,32,55,93,31,11,114,28,118"/><V64/><F64/><W6/><G118/><T26/><D109/><U68/><E76/><V17/><F104/><W105/><G105/><T59/><D126/><U125/><E108/><V132/><F101/><W65/><G37/><T103/><D122/><U57/><E125/><V123/><F123/><W107/><G107/><T10/><D82/><U89/><E89/><V115/><F115/><W40/><G40/><T13/><D116/><U81/><E81/><V23/><F129/><W91/><G65/><T90/><D9/><U134/><E119/><V3/><F3/><W75/><G32/><T8/><D8/><U22/><E22/><V117/><F117/><W2/><G75/><T15/><D15/><U120/><E134/><N who="2" m="51819" /><F33/><W21/><G77/><T66/><D30/><U60/><E128/><V4/><F4/><W41/><G41/><T5/><D5/><U100/><E100/><V87/><F38/><N who="1" m="14377" /><E121/><V130/><F130/><W19/><G114/><T58/><D58/><N who="1" m="37271" /><E120/><V20/><F47/><AGARI ba="2,0" hai="45,47,53,57,62,68,70,71" m="37271,14377" machi="47" ten="40,8000,1" yaku="35,5" doraHai="85" who="1" fromWho="2" sc="229,0,480,86,77,-86,214,0" owari="229,3.0,566,67.0,-9,-51.0,214,-19.0" /></mjloggm>