<mjloggm ver="2.3"><GO type="169" lobby="0"/><UN n0="%E3%81%8B%E3%81%97%E3%81%8B%E3%81%8A" n1="%73%69%6E%73%69%73%74" n2="%E2%91%A3%E3%82%BB%E3%83%B3%E3%83%81" n3="%E3%83%88%E3%83%88%E3%83%AA%E5%85%88%E7%94%9F%31%39%E6%AD%B3" dan="17,17,17,19" rate="2171.44,2171.47,2144.85,2264.27" sx="M,M,M,F"/><TAIKYOKU oya="0"/><INIT seed="0,0,0,0,3,84" ten="250,250,250,250" oya="0" hai0="26,52,102,100,76,21,133,128,130,119,10,2,36" hai1="111,98,47,125,123,124,120,83,108,43,122,129,54" hai2="55,127,51,9,116,110,103,74,91,73,72,46,40" hai3="64,44,49,97,121,30,92,96,34,31,126,95,131"/><T45/><D119/><U13/><E13/><V58/><F110/><N who="1" m="42025" /><E83/><V7/><F127/><N who="1" m="48713" /><E98/><V20/><F116/><W12/><G131/><N who="0" m="50219" /><D133/><U1/><E129/><V24/><F103/><W101/><G34/><T3/><D76/><U18/><E18/><V69/><F69/><W32/><G64/><T50/><D36/><N who="1" m="21991" /><E1/><N who="0" m="9" /><D10/><U90/><E90/><V33/><F33/><W81/><G32/><T17/><AGARI ba="0,0" hai="17,21,26,45,50,52,100,102" m="9,50219" machi="17" ten="30,3000,0" yaku="19,1,54,1" doraHai="84" who="0" fromWho="0" sc="250,30,250,-10,250,-10,250,-10" /><INIT seed="0,1,0,4,2,96" ten="280,240,240,240" oya="0" hai0="48,88,112,9,72,27,14,123,44,87,25,20,46" hai1="109,1,111,129,65,61,105,29,128,110,49,53,91" hai2="33,54,67,133,85,86,114,7,127,97,116,63,11" hai3="78,26,3,69,32,99,130,76,126,50,117,104,16"/><T135/><D123/><U5/><E29/><V125/><F33/><W113/><G117/><T83/><D112/><U98/><E5/><V73/><F73/><W124/><G3/><T107/><D135/><U24/><E24/><V43/><F114/><W89/><G113/><T82/><D107/><U122/><E1/><V22/><F43/><W38/><G38/><T18/><D44/><N who="1" m="27815" /><E91/><V118/><F54/><W31/><G130/><N who="1" m="50282" /><E98/><V60/><F22/><W35/><G69/><T81/><D72/><U103/><E105/><V92/><F63/><W40/><G35/><T47/><D47/><U21/><E21/><V84/><F133/><W108/><G89/><T120/><D120/><U23/><E23/><V115/><F115/><W19/><G76/><T15/><D15/><U132/><E132/><V45/><F45/><N who="3" m="25895" /><G78/><T39/><D39/><U106/><E106/><V80/><F80/><W79/><G79/><T13/><D13/><U71/><E122/><V41/><F41/><W62/><G19/><T52/><D27/><U58/><E103/><N who="2" m="60839" /><F11/><W121/><G121/><T34/><D34/><U37/><E37/><V36/><F7/><AGARI ba="1,0" hai="7,9,14,18,20,25,46,48,52,81,82,83,87,88" machi="7" ten="30,11600,0" yaku="7,1,8,1,54,2" doraHai="96" who="0" fromWho="2" sc="280,119,240,0,240,-119,240,0" /><INIT seed="0,2,0,0,2,47" ten="399,240,121,240" oya="0" hai0="14,124,101,85,60,6,88,66,107,81,59,90,122" hai1="128,126,76,72,95,24,80,92,70,73,134,56,41" hai2="86,64,2,105,129,135,84,121,29,106,63,131,19" hai3="20,13,103,57,109,12,48,27,99,9,108,82,32"/><T33/><D122/><U16/><E70/><V55/><F2/><W104/><G32/><T113/><D113/><U23/><E126/><V74/><F74/><W130/><G130/><T117/><D117/><U98/><E128/><N who="2" m="49227" /><F29/><W83/><G83/><T15/><D33/><U110/><E110/><N who="3" m="42602" /><G82/><T89/><D124/><U78/><E134/><V8/><F55/><N who="3" m="31975" /><G9/><T112/><D112/><U91/><E76/><V1/><F135/><W69/><G69/><T7/><D101/><U120/><E120/><V77/><F77/><W30/><AGARI ba="2,0" hai="12,13,20,27,30,99,103,104" m="31975,42602" machi="30" ten="30,2000,0" yaku="14,1,52,1" doraHai="47" who="3" fromWho="3" sc="399,-12,240,-7,121,-7,240,26" /><INIT seed="1,0,0,4,2,131" ten="387,233,114,266" oya="1" hai0="101,43,75,4,21,67,73,78,46,54,41,132,84" hai1="114,95,24,29,117,26,1,77,10,59,33,94,20" hai2="53,118,80,135,37,119,98,5,111,116,122,25,128" hai3="110,12,133,103,69,85,106,120,126,89,93,86,83"/><U76/><E114/><V9/><F37/><W35/><G35/><T17/><D67/><U3/><E117/><V15/><F122/><W2/><G2/><T52/><D4/><U121/><E121/><V23/><F128/><W36/><G120/><T7/><D7/><U48/><E10/><V96/><F111/><W90/><G36/><T130/><D130/><U6/><E6/><V129/><F129/><W44/><G69/><T125/><D101/><U31/><E59/><V127/><F127/><W13/><G126/><T102/><D102/><U82/><E48/><V64/><F64/><W109/><G44/><T123/><D123/><U91/><E82/><V66/><F66/><W8/><G103/><T11/><D11/><U112/><E112/><V68/><F68/><W47/><G47/><T16/><D46/><U113/><E113/><V87/><F53/><W51/><G51/><T55/><D132/><U42/><E42/><V27/><F27/><W100/><G133/><T56/><D56/><U39/><E39/><V88/><REACH who="2" step="1"/><F135/><REACH who="2" ten="387,233,104,266" step="2"/><W71/><G71/><T49/><D125/><U40/><E40/><V92/><F92/><W62/><G110/><T30/><D41/><U105/><E105/><V97/><F97/><N who="3" m="61711" /><G109/><T124/><D124/><U50/><E95/><V81/><F81/><W32/><G93/><T61/><D43/><U57/><E94/><V28/><AGARI ba="0,1" hai="5,9,15,23,25,28,80,87,88,96,98,116,118,119" machi="28" ten="30,4000,0" yaku="1,1,0,1,54,1,53,0" doraHai="131" doraHaiUra="70" who="2" fromWho="2" sc="387,-10,233,-20,104,50,266,-10" /><INIT seed="2,0,0,5,2,0" ten="377,213,154,256" oya="2" hai0="73,125,13,87,23,129,99,19,11,5,94,132,67" hai1="46,93,91,3,131,36,16,116,115,7,34,40,74" hai2="134,25,30,113,58,14,77,111,22,39,81,45,78" hai3="88,32,57,15,56,68,50,108,62,41,38,70,122"/><V24/><F113/><W18/><G122/><T20/><D73/><U60/><E115/><V117/><F117/><W59/><G32/><T35/><D35/><U64/><E116/><V86/><F134/><W96/><G38/><T4/><D132/><U104/><E104/><V72/><F111/><W17/><G108/><T120/><D120/><U128/><E74/><V84/><F78/><W21/><G68/><T2/><D129/><N who="1" m="49739" /><E34/><V37/><F25/><W48/><G70/><T127/><D67/><U6/><E3/><V8/><F58/><W114/><G114/><T76/><D2/><U121/><E16/><V103/><F103/><W29/><G29/><T79/><D23/><U65/><E121/><V135/><F135/><W119/><G119/><T123/><D123/><U109/><E109/><V53/><F39/><W69/><G69/><T1/><D4/><N who="1" m="1579" /><E60/><V105/><F105/><W63/><G17/><T49/><D1/><U42/><E42/><N who="2" m="22735" /><F8/><W85/><G41/><T9/><D11/><U102/><E102/><V61/><F14/><W126/><G62/><T90/><D9/><U100/><E100/><V10/><F10/><W28/><G63/><T130/><D130/><U118/><E118/><V26/><F26/><W80/><G15/><T47/><D5/><U110/><E110/><V95/><F72/><W55/><G18/><T98/><D13/><U51/><E36/><V27/><F27/><W43/><G21/><T44/><D20/><U107/><E107/><V124/><F61/><W106/><G106/><T31/><D19/><U97/><AGARI ba="0,0" hai="40,46,51,64,65,91,93,97" m="1579,49739" machi="97" ten="30,7900,0" yaku="19,1,52,3" doraHai="0" who="1" fromWho="1" sc="377,-20,213,79,154,-39,256,-20" /><INIT seed="3,0,0,1,5,120" ten="357,292,115,236" oya="3" hai0="1,118,125,119,104,47,103,117,110,128,72,26,64" hai1="101,130,16,77,29,45,21,90,80,27,13,122,109" hai2="81,10,123,67,48,95,18,19,5,133,43,33,38" hai3="11,78,79,3,24,89,37,124,55,9,91,7,0"/><W112/><G112/><T34/><D64/><U53/><E122/><V69/><F33/><W100/><G37/><T93/><D93/><U42/><E130/><V57/><F123/><W132/><G132/><T75/><D47/><U98/><E53/><V49/><F133/><W113/><G113/><T15/><D15/><U51/><E90/><V114/><F114/><W61/><G100/><T52/><D52/><U25/><E29/><V63/><F95/><W14/><G124/><T31/><D1/><U23/><E23/><V74/><F49/><W127/><G127/><T99/><D125/><U12/><E27/><V66/><F66/><W35/><G35/><T56/><D56/><U46/><E46/><V28/><F28/><W39/><G39/><T84/><D84/><U8/><E8/><V54/><F81/><W106/><G106/><T105/><D128/><U85/><E109/><V116/><F74/><N who="0" m="28202" /><D104/><AGARI ba="0,0" hai="12,13,16,21,25,42,45,51,77,80,85,98,101,104" machi="104" ten="30,2000,0" yaku="7,1,54,1" doraHai="120" who="1" fromWho="0" sc="357,-20,292,20,115,0,236,0" /><INIT seed="4,0,0,4,5,79" ten="337,312,115,236" oya="0" hai0="18,72,33,107,35,0,105,71,54,67,46,4,122" hai1="34,83,20,22,127,68,45,29,73,17,8,106,133" hai2="12,27,39,81,43,128,59,49,2,126,38,69,123" hai3="110,124,132,97,121,13,10,19,91,130,42,102,82"/><T112/><D122/><U40/><E68/><V36/><F2/><W21/><G110/><T52/><D112/><U89/><E106/><V96/><F123/><W115/><G115/><T103/><D72/><U93/><E34/><V48/><F69/><W86/><G121/><T65/><D18/><U99/><E127/><V23/><F126/><W50/><G124/><T111/><D71/><U28/><E133/><V31/><F128/><W25/><G132/><T87/><D87/><N who="1" m="50431" /><E8/><V101/><F43/><W56/><G130/><T41/><D41/><U61/><E61/><V77/><F12/><W15/><G10/><T78/><D78/><U51/><E73/><V108/><F108/><W80/><G80/><T100/><D0/><U94/><E94/><V44/><F59/><W64/><G42/><T37/><D46/><U117/><E117/><V120/><F120/><W92/><REACH who="3" step="1"/><G50/><REACH who="3" ten="337,312,115,226" step="2"/><T24/><D111/><U6/><E51/><V95/><REACH who="2" step="1"/><F44/><REACH who="2" ten="337,312,105,226" step="2"/><W85/><G85/><AGARI ba="0,2" hai="23,27,31,36,38,39,48,49,77,81,85,95,96,101" machi="85" ten="40,8000,1" yaku="1,1,2,1,52,1,53,1" doraHai="79" doraHaiUra="76" who="2" fromWho="3" sc="337,0,312,0,105,100,226,-80" /><INIT seed="5,0,0,5,1,92" ten="337,312,205,146" oya="1" hai0="99,106,47,3,73,55,29,7,14,131,98,122,124" hai1="44,93,90,54,16,9,40,102,81,0,2,37,26" hai2="80,103,30,8,116,17,100,62,43,83,94,25,119" hai3="129,38,114,78,105,71,113,57,95,74,135,115,41"/><U109/><E109/><V60/><F43/><W45/><G105/><T76/><D3/><U68/><E68/><V127/><F127/><W111/><G111/><T112/><D29/><U108/><E108/><V13/><F119/><W85/><G71/><T132/><D106/><U65/><E65/><V79/><F116/><W21/><G129/><T63/><D73/><U6/><E81/><V27/><F83/><W23/><G135/><T82/><D132/><U123/><E123/><V120/><F120/><W34/><G34/><T59/><D122/><U97/><E54/><V66/><F27/><W36/><G74/><T48/><D124/><U15/><E102/><V118/><F118/><W72/><G72/><T1/><D1/><U75/><E75/><V77/><F80/><W24/><G78/><T33/><D33/><U107/><REACH who="1" step="1"/><E107/><REACH who="1" ten="337,302,205,146" step="2"/><V104/><F104/><W28/><G113/><T61/><D112/><U31/><E31/><V42/><F42/><W89/><G114/><T46/><D131/><U18/><E18/><V52/><F52/><W51/><G115/><T101/><D101/><N who="2" m="38986" /><F94/><W134/><G134/><T35/><D82/><U130/><E130/><V10/><F66/><W87/><G28/><T19/><D76/><U20/><AGARI ba="0,1" hai="0,2,6,9,15,16,20,26,37,40,44,90,93,97" machi="20" ten="30,12000,1" yaku="1,1,0,1,52,1,54,1,53,1" doraHai="92" doraHaiUra="12" who="1" fromWho="1" sc="337,-40,302,130,205,-40,146,-40" /><INIT seed="5,1,0,0,4,63" ten="297,432,165,106" oya="1" hai0="133,67,126,115,28,35,119,78,83,123,6,26,29" hai1="3,36,50,7,65,18,48,109,130,55,89,4,69" hai2="108,76,34,131,99,120,128,129,74,135,106,24,103" hai3="81,112,98,0,41,47,68,10,80,134,105,84,96"/><U11/><E36/><V43/><F43/><W22/><G112/><T90/><D119/><U19/><E130/><V132/><F108/><W101/><G134/><N who="2" m="51241" /><F120/><W27/><G68/><T127/><D133/><U86/><E7/><V104/><F24/><W107/><G84/><T79/><D115/><U85/><E85/><V95/><F34/><W100/><G10/><T102/><D123/><U54/><E48/><V42/><F42/><W49/><REACH who="3" step="1"/><G0/><REACH who="3" ten="297,432,165,96" step="2"/><T40/><D127/><U124/><E124/><V51/><F51/><W57/><G57/><T56/><D56/><U118/><E11/><V117/><F117/><W30/><AGARI ba="1,1" hai="22,27,30,41,47,49,80,81,96,98,100,101,105,107" machi="30" ten="20,8000,1" yaku="1,1,0,1,7,1,9,1,53,1" doraHai="63" doraHaiUra="23" who="3" fromWho="3" sc="297,-21,432,-41,165,-21,96,93" /><INIT seed="6,0,0,0,5,110" ten="276,391,144,189" oya="2" hai0="126,23,125,74,29,24,79,49,19,71,99,98,127" hai1="96,53,101,95,88,59,64,84,36,90,48,33,73" hai2="5,107,76,44,6,45,40,41,91,14,43,0,62" hai3="66,65,85,75,77,130,134,57,104,124,94,106,28"/><V9/><F107/><W15/><G75/><T132/><D71/><U83/><E33/><V100/><F100/><W32/><G15/><T78/><D132/><U105/><E36/><V2/><F76/><N who="0" m="29226" /><D74/><U37/><E37/><V11/><F14/><W60/><G94/><T38/><D38/><U10/><E73/><V50/><F62/><W54/><G54/><T27/><D49/><U89/><E105/><V121/><F121/><W82/><G28/><T114/><D114/><U7/><E64/><V97/><REACH who="2" step="1"/><F50/><REACH who="2" ten="276,391,134,189" step="2"/><W116/><G106/><T52/><D127/><U46/><E46/><V129/><F129/><W108/><G130/><T51/><D126/><U117/><E117/><V22/><F22/><W13/><G60/><T118/><D125/><U92/><E95/><AGARI ba="0,1" hai="0,2,5,6,9,11,40,41,43,44,45,91,95,97" machi="95" ten="40,3900,0" yaku="1,1,9,1,53,0" doraHai="110" doraHaiUra="18" who="2" fromWho="1" sc="276,0,391,-39,134,49,189,0" /><INIT seed="6,1,0,4,3,64" ten="276,352,183,189" oya="2" hai0="49,119,18,56,30,3,60,117,24,104,28,105,108" hai1="20,17,21,121,82,107,38,23,37,55,76,112,63" hai2="9,101,44,88,77,22,10,130,59,113,36,46,135" hai3="75,53,134,102,129,42,57,5,122,93,115,41,81"/><V116/><F116/><N who="0" m="44618" /><D108/><U14/><E107/><N who="0" m="41033" /><D3/><U96/><E112/><V11/><F101/><W51/><G122/><T98/><D49/><U97/><E121/><V79/><F113/><W31/><G115/><T111/><D111/><U95/><E37/><V0/><F0/><W125/><G129/><T68/><D98/><U110/><E38/><V54/><F130/><W71/><G71/><T33/><D68/><U78/><E96/><V126/><F126/><W70/><G70/><T84/><D84/><N who="1" m="48199" /><E78/><N who="2" m="29707" /><F36/><W94/><G125/><T128/><D128/><U27/><E110/><V62/><F135/><W132/><G132/><T50/><D50/><U72/><E72/><V114/><F114/><W61/><G51/><T87/><D87/><U100/><E27/><V74/><F74/><W39/><G39/><T34/><D18/><U12/><E17/><V120/><F120/><W109/><G134/><T32/><D24/><U103/><E103/><V69/><F69/><W1/><G102/><T6/><D6/><U35/><E35/><V8/><N who="2" m="2048" /><DORA hai="4" /><V127/><F127/><W29/><G109/><T73/><D73/><U47/><E100/><V26/><F88/><W90/><G1/><T80/><D80/><U67/><E95/><N who="3" m="36362" /><G5/><T15/><D32/><U66/><E97/><V86/><F86/><N who="3" m="50511" /><G75/><T40/><D33/><U48/><E63/><V16/><AGARI ba="1,0" hai="16,22,26,44,46,54,59,62" m="2048,29707" machi="16" ten="40,18000,2" yaku="8,1,52,4,54,1" doraHai="64,4" who="2" fromWho="2" sc="276,-61,352,-61,183,183,189,-61" /><INIT seed="6,2,0,4,3,64" ten="215,291,366,128" oya="2" hai0="109,4,46,107,121,42,135,110,79,129,54,115,66" hai1="80,114,70,118,55,130,60,72,1,12,59,86,13" hai2="89,44,113,95,78,0,27,52,102,134,41,16,45" hai3="63,22,49,10,53,35,47,2,83,90,124,91,119"/><V17/><F0/><W61/><G119/><T133/><D107/><U25/><E118/><V88/><F113/><W120/><G120/><T84/><D4/><U38/><E114/><V31/><F78/><W8/><G35/><T24/><D115/><U132/><E72/><V28/><F134/><N who="0" m="51210" /><D121/><U33/><E1/><V20/><F102/><W65/><G124/><T57/><D24/><U37/><E130/><V93/><F52/><W74/><G74/><T101/><D101/><U116/><E37/><V51/><F45/><W96/><G2/><T98/><D66/><U5/><E5/><V21/><F95/><W123/><G123/><T36/><D98/><U108/><E116/><V71/><F71/><W87/><G63/><N who="0" m="36279" /><D129/><U19/><E132/><V69/><F69/><W3/><G3/><T62/><D62/><U7/><E70/><V85/><F89/><W94/><REACH who="3" step="1"/><G22/><REACH who="3" ten="215,291,366,118" step="2"/><T99/><D110/><U92/><E33/><V127/><F127/><W105/><G105/><T67/><D109/><U29/><E108/><V18/><F31/><W75/><G75/><T48/><D67/><U128/><E29/><V56/><REACH who="2" step="1"/><F56/><AGARI ba="2,1" hai="8,10,47,49,53,56,61,65,83,87,90,91,94,96" machi="56" ten="30,8000,1" yaku="1,1,7,1,8,1,53,2" doraHai="64" doraHaiUra="6" who="3" fromWho="2" sc="215,0,291,0,366,-86,118,96" /><INIT seed="7,0,0,3,4,57" ten="215,291,280,214" oya="3" hai0="35,25,41,101,48,70,23,72,58,11,108,123,20" hai1="30,133,127,64,85,117,29,10,128,126,7,102,125" hai2="99,87,56,47,119,96,92,116,112,45,26,73,100" hai3="98,5,95,3,82,81,51,42,40,76,79,8,97"/><W63/><G63/><T120/><D108/><U52/><E128/><V14/><F73/><W13/><G3/><T134/><D70/><U50/><E133/><V43/><F112/><W28/><G28/><T89/><D72/><U55/><E117/><V18/><F26/><W74/><G51/><T105/><D134/><U90/><E102/><V124/><F124/><W34/><G34/><T62/><D89/><U17/><E64/><V16/><F18/><W38/><G38/><T94/><D105/><U130/><E17/><V109/><F109/><W129/><G129/><T111/><D111/><U121/><E121/><V80/><F99/><W84/><REACH who="3" step="1"/><G97/><REACH who="3" ten="215,291,280,204" step="2"/><N who="0" m="59575" /><D35/><U15/><E130/><V27/><F119/><W106/><G106/><T59/><D123/><U67/><E67/><V88/><F116/><W22/><G22/><T114/><D120/><U4/><E30/><V86/><F96/><W0/><G0/><T60/><D11/><N who="1" m="4583" /><E29/><V135/><F135/><W32/><G32/><T24/><D114/><U77/><E50/><V12/><F56/><N who="0" m="21546" /><D20/><U9/><E9/><V19/><F47/><W21/><G21/><T110/><D110/><U44/><E126/><V33/><F33/><W75/><G75/><T118/><D118/><U78/><E127/><V39/><F39/><W46/><G46/><N who="0" m="25679" /><D25/><U91/><E44/><V49/><F27/><W69/><G69/><T66/><D66/><U2/><E125/><V65/><F65/><W93/><G93/><T107/><D107/><U6/><E10/><V37/><F37/><W83/><G83/><T36/><D36/><U54/><E2/><RYUUKYOKU ba="0,1" sc="215,15,291,-15,280,-15,204,15" hai0="23,24,60,62" hai3="5,8,13,40,42,74,76,79,81,82,84,95,98" /><INIT seed="7,1,1,2,2,16" ten="230,276,265,219" oya="3" hai0="126,75,57,18,53,104,15,108,117,21,110,84,13" hai1="134,27,64,24,49,14,25,123,69,93,41,91,102" hai2="100,74,0,70,133,26,3,10,78,31,95,73,52" hai3="82,130,81,30,46,34,36,48,37,40,115,125,58"/><W76/><G115/><T86/><D117/><U65/><E123/><V124/><F70/><W50/><G130/><T62/><D75/><U12/><E102/><V114/><F78/><W56/><G125/><T4/><D104/><U44/><E134/><V112/><F133/><W77/><G34/><T1/><D1/><N who="2" m="586" /><F10/><W71/><G71/><T87/><D126/><U11/><E69/><V94/><F124/><W63/><G30/><T116/><D116/><U43/><E43/><V19/><F19/><W55/><G37/><T92/><D110/><U103/><E103/><V113/><F52/><N who="3" m="34247" /><G36/><T118/><D108/><U96/><E12/><V79/><F79/><AGARI ba="1,1" hai="40,46,48,50,55,56,76,77,79,81,82" m="34247" machi="79" ten="30,2900,0" yaku="8,1,54,1" doraHai="16" who="3" fromWho="2" sc="230,0,276,0,265,-32,219,42" /><INIT seed="7,2,0,5,4,1" ten="230,276,233,261" oya="3" hai0="3,105,117,54,88,53,130,35,126,74,66,2,89" hai1="116,65,8,76,19,123,77,0,49,44,61,52,33" hai2="62,93,82,63,110,120,37,30,21,9,87,132,129" hai3="11,124,38,108,67,95,111,55,133,41,7,103,128"/><W56/><G67/><T113/><D66/><U83/><E123/><V22/><F110/><N who="3" m="42027" /><G128/><T36/><D117/><U34/><E76/><V79/><F37/><W118/><G118/><T10/><D36/><U98/><E98/><V18/><F129/><W84/><G133/><T119/><D130/><U68/><E116/><V91/><F132/><W5/><G124/><T51/><D119/><U48/><E48/><V125/><F125/><W58/><G11/><T26/><D126/><U40/><E40/><V25/><F9/><W97/><G84/><T115/><D105/><U13/><E0/><N who="0" m="41" /><D74/><AGARI ba="2,0" hai="8,13,19,33,34,44,49,52,61,65,68,74,77,83" machi="74" ten="30,2000,0" yaku="7,1,54,1" doraHai="1" who="1" fromWho="0" sc="230,-26,276,26,233,0,261,0" owari="204,-30.0,302,41.0,233,-17.0,261,6.0" /></mjloggm>