<mjloggm ver="2.3"><GO type="169" lobby="0"/><UN n0="%E5%A5%88%E8%90%BD%E3%81%AE%E7%8E%8B" n1="%E2%80%90%E3%81%AF%E3%81%9A%E3%81%8D%E3%82%93%E3%81%90%E2%80%90" n2="%E3%82%A6%E3%83%AB%E3%83%88%E3%83%A9%E7%AB%8B%E7%9B%B4" n3="%E6%A4%B0%E5%AD%90%37%35%33" dan="17,16,18,17" rate="2164.22,2129.11,2277.87,2147.71" sx="M,F,M,M"/><TAIKYOKU oya="0"/><INIT seed="0,0,0,3,2,100" ten="250,250,250,250" oya="0" hai0="127,78,135,98,85,102,83,51,5,10,94,109,73" hai1="56,123,118,111,47,117,19,49,37,18,69,32,7" hai2="76,23,70,86,129,75,9,14,132,74,101,67,64" hai3="93,131,82,30,35,24,2,1,99,113,42,8,43"/><T31/><D127/><U119/><E32/><V16/><F129/><W90/><G131/><T15/><D135/><U120/><E7/><V13/><F132/><W68/><G68/><T114/><D114/><U112/><E69/><V71/><F101/><W84/><G113/><T21/><D109/><U48/><E19/><V52/><F71/><W72/><G72/><T62/><D62/><U0/><E0/><V44/><F74/><W54/><G54/><T121/><D121/><N who="1" m="46667" /><E18/><N who="2" m="8495" /><F75/><W65/><G65/><T97/><D97/><U55/><E37/><V122/><F70/><W26/><G26/><N who="0" m="16847" /><D73/><U57/><E112/><V50/><F122/><W34/><G34/><T12/><D12/><U88/><E88/><V95/><F76/><W87/><G2/><T133/><D133/><U61/><E111/><V134/><F134/><W106/><G1/><T77/><D51/><N who="1" m="29183" /><E57/><V89/><AGARI ba="0,0" hai="14,16,23,44,50,52,64,67,86,89,95" m="8495" machi="89" ten="30,4000,0" yaku="8,1,54,2" doraHai="100" who="2" fromWho="2" sc="250,-20,250,-10,250,40,250,-10" /><INIT seed="1,0,0,2,1,73" ten="230,240,290,240" oya="1" hai0="5,64,86,36,34,83,101,21,105,50,112,6,84" hai1="46,133,70,30,11,0,98,107,62,3,93,13,90" hai2="45,131,89,10,51,29,100,78,95,2,120,82,124" hai3="47,135,126,94,116,43,113,20,18,79,118,65,57"/><U1/><E133/><V58/><F120/><W122/><G113/><T32/><D36/><U88/><E30/><V27/><F131/><W110/><G110/><T109/><D109/><U16/><E107/><V102/><F58/><W114/><G114/><T87/><D64/><U63/><E70/><V15/><F2/><W35/><G35/><T115/><D83/><U53/><REACH who="1" step="1"/><E90/><REACH who="1" ten="230,230,290,240" step="2"/><V129/><F129/><W61/><G135/><T132/><D132/><U67/><E67/><V37/><F89/><W12/><G122/><T85/><D112/><U119/><E119/><V4/><F29/><W49/><G126/><T81/><D115/><U8/><E8/><V17/><F10/><W91/><G118/><T60/><D105/><U24/><E24/><V108/><F27/><W111/><G111/><T72/><D101/><U54/><E54/><V134/><F102/><W9/><G116/><T76/><D34/><U14/><E14/><V103/><F15/><W104/><G104/><T77/><D32/><U28/><E28/><V80/><F103/><W26/><G9/><T75/><D21/><U44/><E44/><V59/><F45/><W121/><G26/><T19/><D19/><U31/><E31/><V66/><F17/><W96/><G121/><T33/><D33/><U125/><E125/><V123/><F124/><W41/><G41/><T97/><D6/><U69/><E69/><V42/><F4/><W130/><G130/><T22/><D5/><U74/><E74/><V39/><F134/><W56/><G56/><T128/><D128/><U117/><E117/><V68/><F123/><RYUUKYOKU ba="0,1" sc="230,-15,230,15,290,-15,240,15" hai1="0,1,3,11,13,16,46,53,62,63,88,93,98" hai3="12,18,20,43,47,49,57,61,65,79,91,94,96" /><INIT seed="1,1,1,3,1,95" ten="215,245,275,255" oya="1" hai0="6,76,107,56,121,84,61,126,99,90,44,5,97" hai1="33,52,77,129,82,50,66,89,69,28,37,124,104" hai2="17,71,68,30,131,4,80,41,133,26,96,115,72" hai3="73,55,102,108,111,101,116,109,94,119,58,38,7"/><U65/><E37/><V53/><F17/><W31/><G38/><T34/><D34/><U134/><E104/><V122/><F53/><W93/><G7/><N who="0" m="2571" /><D107/><U88/><E134/><V103/><F122/><W135/><G135/><T43/><D126/><U130/><E124/><V120/><F120/><W63/><G73/><T78/><D121/><U39/><E39/><V19/><F19/><W32/><G32/><T45/><D78/><U86/><E28/><V20/><F41/><W54/><G31/><T23/><D23/><U106/><E106/><N who="2" m="63847" /><F20/><W125/><G125/><T9/><D76/><U18/><E33/><N who="2" m="20695" /><F133/><W132/><G132/><T57/><D9/><U1/><E1/><V118/><F118/><N who="3" m="45099" /><G55/><N who="0" m="33951" /><D57/><N who="1" m="32919" /><E69/><V46/><F115/><W100/><AGARI ba="1,1" hai="54,58,63,93,94,100,101,102,108,109,111" m="45099" machi="100" ten="40,2700,0" yaku="14,1,12,1" doraHai="95" who="3" fromWho="3" sc="215,-8,245,-14,275,-8,255,40" /><INIT seed="2,0,0,0,4,90" ten="207,231,267,295" oya="2" hai0="46,87,0,26,61,92,71,133,111,48,38,57,9" hai1="60,124,12,89,5,27,14,78,131,113,1,56,22" hai2="51,107,39,102,13,105,93,99,36,23,94,115,83" hai3="74,72,40,34,8,119,44,42,103,129,49,128,68"/><V76/><F115/><W4/><G34/><T116/><D38/><U118/><E118/><V59/><F39/><W130/><G68/><T109/><D71/><U122/><E122/><V132/><F36/><W120/><G119/><T62/><D116/><U54/><E113/><V3/><F3/><W55/><G103/><T28/><D133/><U11/><E78/><V10/><F132/><W65/><G65/><T66/><D61/><U100/><E100/><V29/><F105/><W84/><G84/><T43/><D9/><U73/><E73/><N who="3" m="28266" /><G120/><T98/><D87/><U125/><E131/><V32/><F32/><W123/><G123/><T41/><D41/><U47/><E47/><V63/><F51/><W20/><G20/><N who="0" m="15431" /><D0/><AGARI ba="0,0" hai="0,4,8,40,42,44,49,55,128,129,130" m="28266" machi="0" ten="40,1300,0" yaku="19,1" doraHai="90" who="3" fromWho="0" sc="207,-13,231,0,267,0,295,13" /><INIT seed="3,0,0,2,1,104" ten="194,231,267,308" oya="3" hai0="29,10,117,30,84,62,85,129,4,53,92,107,22" hai1="131,82,56,23,81,55,21,118,122,50,28,105,35" hai2="123,102,9,72,6,2,126,32,79,69,103,45,7" hai3="18,66,44,95,111,86,75,33,93,3,46,41,13"/><W91/><G3/><T43/><D107/><U121/><E105/><V12/><F69/><W70/><G33/><T76/><D43/><U26/><E131/><V96/><F32/><W36/><G111/><T113/><D117/><U74/><E118/><V1/><F126/><W8/><G46/><T65/><D53/><U94/><E94/><V110/><F110/><W31/><G31/><T101/><D129/><U58/><E58/><V116/><F116/><W34/><G34/><T42/><D42/><U47/><E82/><V98/><F12/><W134/><G134/><T24/><D30/><U68/><E68/><V52/><F52/><W83/><REACH who="3" step="1"/><G75/><REACH who="3" ten="194,231,267,298" step="2"/><T25/><D29/><U119/><E119/><V128/><F72/><W130/><G130/><T120/><D120/><U106/><E122/><V133/><F1/><W78/><G78/><T64/><D76/><U114/><E121/><V71/><F2/><W73/><G73/><T99/><D113/><U100/><E47/><V54/><F45/><W19/><G19/><T124/><D124/><U48/><E114/><V61/><F79/><W88/><G88/><T37/><D4/><U27/><E35/><V60/><F6/><W80/><G80/><T38/><D38/><U87/><E74/><V97/><F133/><W127/><G127/><T17/><D37/><U40/><E81/><V108/><F108/><W14/><G14/><T77/><D77/><U125/><E28/><V90/><F90/><W16/><G16/><T20/><D17/><U49/><E125/><V59/><F128/><W57/><G57/><T15/><D15/><RYUUKYOKU ba="0,1" sc="194,-10,231,-10,267,-10,298,30" hai3="8,13,18,36,41,44,66,70,83,86,91,93,95" /><INIT seed="3,1,1,0,1,124" ten="184,221,257,328" oya="3" hai0="56,63,46,16,61,6,133,25,113,27,59,135,21" hai1="105,4,81,24,67,120,8,94,5,44,125,85,9" hai2="36,102,30,12,51,17,123,38,72,122,49,20,33" hai3="13,55,31,18,74,96,48,35,116,50,45,131,52"/><W106/><G116/><T121/><D121/><N who="2" m="46090" /><F72/><W23/><G131/><T19/><D46/><U108/><E105/><V129/><F129/><W101/><G74/><T84/><D84/><U95/><E125/><V10/><F33/><W3/><G3/><T77/><D77/><U76/><E108/><V103/><F30/><W87/><G87/><T130/><D6/><N who="1" m="2667" /><E67/><V126/><F20/><W78/><G31/><T66/><D113/><U89/><E120/><V80/><F80/><W88/><G35/><T41/><D41/><U58/><E58/><V1/><F1/><W54/><G78/><T98/><D98/><U7/><E44/><V99/><F126/><W15/><G88/><T112/><D112/><U71/><E71/><V14/><F14/><W115/><G115/><T47/><D47/><U37/><E37/><N who="2" m="14443" /><F103/><W32/><G32/><T62/><D62/><U132/><E7/><V69/><F69/><W11/><REACH who="3" step="1"/><G45/><REACH who="3" ten="184,221,257,318" step="2"/><T83/><D83/><U92/><E76/><V68/><F68/><W26/><G26/><T75/><D75/><U39/><E39/><V119/><F119/><W70/><G70/><T34/><D34/><U134/><E24/><V97/><F97/><W28/><G28/><T65/><D130/><U110/><E110/><V29/><F29/><W40/><G40/><T100/><D100/><U22/><E81/><V86/><F86/><W114/><G114/><T0/><D0/><U127/><E85/><V73/><F73/><W107/><G107/><AGARI ba="1,2" hai="10,12,17,49,51,99,102,107" m="14443,46090" machi="107" ten="30,1000,0" yaku="13,1" doraHai="124" who="2" fromWho="3" sc="184,0,221,0,257,33,318,-13" /><INIT seed="4,0,0,3,4,29" ten="184,221,290,305" oya="0" hai0="134,9,58,64,127,7,83,71,86,119,65,135,13" hai1="46,11,2,26,31,50,103,32,10,30,70,33,104" hai2="16,132,40,110,116,35,88,17,57,121,21,6,43" hai3="78,12,42,80,133,74,77,90,8,53,59,99,62"/><T60/><D119/><U14/><E70/><V93/><F35/><W34/><G34/><T102/><D102/><U114/><E104/><V19/><F110/><W125/><G125/><T108/><D127/><U94/><E94/><V126/><F121/><W3/><G3/><T72/><D72/><U24/><E103/><V128/><F126/><W44/><G133/><N who="0" m="50699" /><D108/><U38/><E38/><V22/><F132/><W111/><G111/><T87/><D83/><U81/><E81/><V37/><F37/><W55/><G78/><T68/><D64/><U67/><E67/><V98/><F128/><W54/><G90/><T28/><D28/><U0/><E114/><V91/><F6/><W75/><G75/><T106/><D106/><U122/><E122/><V61/><F91/><W45/><G99/><T117/><D117/><U82/><E82/><V47/><F116/><W79/><G79/><T56/><D71/><U105/><E105/><V20/><F47/><W96/><G96/><T23/><D23/><U109/><E109/><V97/><F97/><W36/><G45/><T51/><D68/><U48/><E46/><V92/><F92/><W18/><AGARI ba="0,0" hai="8,12,18,36,42,44,53,54,55,59,62,74,77,80" machi="18" ten="20,1500,0" yaku="0,1,7,1" doraHai="29" who="3" fromWho="3" sc="184,-7,221,-4,290,-4,305,15" /><INIT seed="5,0,0,1,5,49" ten="177,217,286,320" oya="1" hai0="112,83,56,7,64,77,116,3,2,17,78,22,25" hai1="84,121,30,108,63,110,92,72,53,1,101,61,18" hai2="73,19,85,114,130,66,65,105,42,71,27,52,115" hai3="87,9,96,45,16,106,15,35,127,98,81,28,67"/><U91/><E72/><V36/><F105/><W21/><G127/><T129/><D116/><U50/><E121/><V37/><F73/><W104/><G35/><T6/><D112/><N who="2" m="43050" /><F130/><W26/><G67/><N who="2" m="25609" /><F71/><W99/><REACH who="3" step="1"/><G45/><REACH who="3" ten="177,217,286,310" step="2"/><T128/><D129/><U135/><E135/><V41/><F37/><W111/><G111/><N who="1" m="42538" /><E1/><V69/><F36/><W23/><G23/><T74/><D128/><U94/><E30/><V79/><F69/><W58/><G58/><T88/><D3/><U95/><E18/><V93/><F19/><W32/><G32/><T10/><D2/><U68/><E68/><V80/><F27/><W39/><G39/><T38/><D38/><U124/><E124/><V119/><F119/><W57/><G57/><T62/><D17/><U109/><E109/><V100/><F42/><W125/><G125/><T97/><D25/><U4/><E4/><V12/><F41/><W48/><G48/><T13/><D7/><U0/><E0/><V51/><F12/><W14/><G14/><T46/><D6/><U126/><E126/><V11/><F11/><W118/><G118/><T113/><D13/><U20/><E20/><V103/><F93/><N who="1" m="35945" /><E101/><V70/><F70/><W107/><G107/><T90/><D113/><U5/><E5/><V33/><F33/><W120/><G120/><T133/><D22/><U47/><AGARI ba="0,1" hai="47,50,53,61,63,84,91,95" m="35945,42538" machi="47" ten="30,3000,0" yaku="10,1,52,1" doraHai="49" who="1" fromWho="1" sc="177,-10,217,40,286,-10,310,-10" /><INIT seed="5,1,0,2,4,131" ten="167,257,276,300" oya="1" hai0="115,25,50,45,83,38,44,46,129,15,113,71,3" hai1="112,75,70,10,8,133,80,32,35,47,13,54,78" hai2="59,17,100,64,86,90,57,134,119,116,118,16,135" hai3="110,120,98,39,4,96,48,58,79,22,41,2,122"/><U37/><E70/><V106/><F100/><W101/><G110/><T49/><D3/><U99/><E112/><N who="0" m="43081" /><D25/><U6/><E133/><N who="2" m="50699" /><F106/><W14/><G98/><T60/><D15/><U84/><E75/><V7/><F7/><W40/><G79/><T89/><D89/><U87/><E87/><V56/><F64/><W29/><G4/><T1/><D83/><AGARI ba="1,0" hai="16,17,56,57,59,83,86,90,116,118,119" m="50699" machi="83" ten="40,8000,1" yaku="20,1,52,3,54,1" doraHai="131" who="2" fromWho="0" sc="167,-83,257,0,276,83,300,0" /><INIT seed="6,0,0,3,4,45" ten="84,257,359,300" oya="2" hai0="125,106,99,79,35,71,33,40,15,113,74,86,81" hai1="38,98,32,52,89,62,26,105,73,133,9,82,69" hai2="12,135,53,110,107,85,128,63,64,28,127,54,66" hai3="109,67,50,25,65,126,72,75,68,58,24,16,27"/><V37/><F107/><W17/><G109/><T49/><D71/><U131/><E38/><V122/><F122/><W114/><G68/><T11/><D113/><U92/><E131/><V46/><F28/><W8/><G114/><T19/><D125/><U0/><E133/><V56/><F85/><W101/><G101/><T61/><D61/><U57/><E105/><V112/><F112/><W3/><G126/><T1/><D1/><U121/><E121/><V22/><F22/><N who="3" m="13383" /><G3/><T30/><D30/><U29/><E69/><V134/><F12/><N who="3" m="7303" /><G75/><T91/><D40/><U84/><E73/><V93/><F127/><W117/><G117/><T96/><D96/><U116/><E116/><V119/><F119/><W115/><G72/><T80/><D80/><U78/><E0/><V48/><F110/><W111/><G111/><T55/><D74/><U13/><E9/><V4/><F4/><W104/><G104/><T95/><REACH who="0" step="1"/><D106/><REACH who="0" ten="74,257,359,300" step="2"/><U60/><E60/><V59/><F63/><W42/><G115/><T21/><D21/><U47/><E62/><V6/><F135/><W34/><G34/><T70/><D70/><U23/><E32/><V7/><F134/><W118/><G118/><T76/><D76/><U100/><E78/><V94/><F66/><N who="3" m="25099" /><G42/><T102/><D102/><U97/><E100/><V43/><F64/><W123/><G123/><T31/><D31/><U129/><E29/><V132/><F132/><W36/><G36/><T10/><D10/><U108/><E108/><V41/><F43/><W20/><G20/><T124/><D124/><U39/><E39/><V5/><F37/><RYUUKYOKU ba="0,1" sc="74,15,257,-15,359,-15,300,15" hai0="11,15,19,33,35,49,55,79,81,86,91,95,99" hai3="25,27,50,58" /><INIT seed="7,1,1,3,4,113" ten="89,242,344,315" oya="3" hai0="14,12,7,40,65,97,19,127,84,129,76,130,115" hai1="63,117,23,54,30,59,128,123,33,131,21,6,2" hai2="105,96,82,50,24,66,9,16,112,124,11,120,29" hai3="8,62,102,45,53,3,116,34,126,110,101,56,61"/><W79/><G34/><T47/><D65/><U32/><E123/><V64/><F112/><W35/><G35/><T122/><D115/><U26/><E33/><V92/><F105/><W108/><G79/><T42/><D122/><U125/><E125/><V91/><F120/><W135/><G126/><T31/><D127/><U10/><E23/><N who="2" m="15519" /><F124/><W86/><G86/><T25/><D97/><U80/><E80/><V100/><F50/><N who="3" m="28879" /><G62/><T27/><D84/><U4/><E4/><V39/><F39/><W22/><G22/><T95/><D76/><U67/><E67/><N who="2" m="25643" /><F16/><W60/><G60/><T46/><D19/><U68/><E68/><V44/><F44/><W89/><G89/><T85/><D85/><AGARI ba="1,1" hai="9,11,82,85,91,92,96,100" m="25643,15519" machi="85" ten="30,1000,0" yaku="8,1" doraHai="113" who="2" fromWho="0" sc="89,-13,242,0,344,23,315,0" owari="76,-42.0,242,-16.0,367,46.0,315,12.0" /></mjloggm>