<mjloggm ver="2.3"><GO type="169" lobby="0"/><UN n0="%E3%82%A6%E3%83%AB%E3%83%88%E3%83%A9%E7%AB%8B%E7%9B%B4" n1="%E3%81%82%E3%82%8A%E3%81%A1%E3%82%83" n2="%E3%81%82%E3%82%89%E3%81%8C%E3%81%8D%E3%81%82%E3%82%84%E3%81%9B" n3="%E3%83%AB%E3%83%8D%E3%82%B9%E3%82%BF" dan="17,16,17,16" rate="2202.07,2071.07,2122.54,2092.69" sx="M,M,F,M"/><TAIKYOKU oya="0"/><INIT seed="0,0,0,4,5,62" ten="250,250,250,250" oya="0" hai0="57,36,83,22,18,127,21,99,101,120,106,126,69" hai1="71,113,88,60,117,81,80,41,15,121,90,98,132" hai2="130,16,37,46,2,10,128,135,51,73,6,50,100" hai3="35,59,27,110,134,58,20,87,49,75,0,124,43"/><T52/><D69/><U40/><E117/><V7/><F73/><W93/><G75/><T17/><D36/><U116/><E116/><V30/><F135/><W109/><G35/><T122/><D83/><U119/><E119/><V76/><F100/><W67/><G0/><T85/><D85/><U82/><E121/><V133/><F133/><W91/><G134/><T114/><D114/><U39/><E132/><V9/><F30/><W48/><G124/><N who="0" m="47659" /><D21/><U96/><E113/><V64/><F76/><W61/><G43/><N who="1" m="16458" /><E39/><V13/><F37/><W14/><G14/><N who="0" m="9527" /><D18/><U4/><E71/><V97/><F97/><N who="1" m="37481" /><E60/><AGARI ba="0,0" hai="52,57,60,99,101,106,120,122" m="9527,47659" machi="60" ten="30,2900,0" yaku="18,1,54,1" doraHai="62" who="0" fromWho="1" sc="250,29,250,-29,250,0,250,0" /><INIT seed="0,1,0,5,5,15" ten="279,221,250,250" oya="0" hai0="59,38,71,5,54,69,105,70,110,109,12,62,43" hai1="40,107,73,27,133,94,35,114,93,101,50,18,52" hai2="83,80,0,24,25,23,96,127,34,36,92,117,86" hai3="10,132,66,115,19,16,56,26,8,51,130,116,82"/><T33/><D33/><U42/><E73/><V104/><F0/><W45/><G116/><T81/><D105/><U100/><E114/><V112/><F127/><W39/><G115/><T14/><D5/><U124/><E124/><V76/><F112/><W111/><G39/><T108/><REACH who="0" step="1"/><D81/><REACH who="0" ten="269,221,250,250" step="2"/><U120/><E107/><V28/><F104/><W90/><G82/><T106/><D106/><U85/><E120/><V103/><F83/><W53/><G130/><T13/><D13/><U131/><E35/><V126/><F126/><W119/><G119/><T11/><D11/><U102/><E133/><V79/><F117/><W64/><G10/><T123/><D123/><U55/><E131/><V129/><F129/><W22/><G132/><T87/><D87/><U6/><E6/><V68/><F86/><W31/><G8/><T17/><D17/><U118/><E118/><V121/><F80/><W46/><G19/><T75/><D75/><U47/><E85/><V77/><F121/><W63/><G16/><T74/><D74/><U122/><E122/><V84/><F84/><W3/><G3/><T20/><D20/><N who="1" m="13719" /><E94/><V48/><F76/><W29/><G22/><T95/><D95/><U37/><E93/><V99/><F77/><W2/><G2/><T58/><D58/><U134/><E134/><V125/><F79/><W30/><G56/><T44/><AGARI ba="1,1" hai="12,14,38,43,44,54,59,62,69,70,71,108,109,110" machi="44" ten="40,12000,1" yaku="1,1,0,1,14,1,10,1,53,0" doraHai="15" doraHaiUra="128" who="0" fromWho="0" sc="269,133,221,-41,250,-41,250,-41" /><INIT seed="0,2,0,4,5,117" ten="402,180,209,209" oya="0" hai0="76,108,61,131,116,21,95,51,134,56,36,126,132" hai1="17,26,86,133,0,107,60,89,41,25,85,32,83" hai2="50,109,124,39,110,78,27,58,38,106,112,10,29" hai3="118,2,42,98,69,46,54,8,62,37,72,127,73"/><T93/><D36/><U81/><E107/><V35/><F112/><W115/><G118/><T9/><D116/><U65/><E0/><V129/><F129/><W74/><G115/><T82/><D126/><U33/><E41/><V77/><F124/><W30/><G127/><T120/><D131/><U105/><E105/><V94/><F106/><W102/><G30/><T53/><D108/><N who="2" m="41578" /><F10/><W40/><G42/><T45/><D21/><U135/><E60/><V52/><F94/><W14/><G2/><T90/><D9/><U19/><E89/><V128/><F128/><W20/><G20/><T96/><D93/><U125/><E125/><V55/><F55/><W91/><G91/><T44/><D120/><U28/><E65/><V47/><F47/><W16/><G54/><T1/><D1/><U79/><REACH who="1" step="1"/><E28/><REACH who="1" ten="402,170,209,209" step="2"/><V43/><F43/><W122/><G62/><T75/><D61/><U87/><E87/><V70/><F70/><W101/><G102/><T66/><D66/><U57/><E57/><V88/><F88/><W99/><G69/><T11/><D56/><U92/><E92/><V119/><F119/><W13/><G101/><T64/><D64/><U12/><E12/><V84/><F84/><W68/><G68/><T31/><D31/><U7/><E7/><V49/><F49/><W121/><G14/><T113/><D44/><U6/><E6/><V59/><F58/><W97/><AGARI ba="2,1" hai="8,13,16,37,40,46,72,73,74,97,98,99,121,122" machi="97" ten="40,8000,1" yaku="0,1,52,2,54,1" doraHai="117" who="3" fromWho="3" sc="402,-42,170,-22,209,-22,209,96" /><INIT seed="1,0,0,1,4,93" ten="360,148,187,305" oya="1" hai0="3,38,72,30,16,111,95,71,94,8,37,29,0" hai1="33,108,4,77,129,89,134,119,84,18,120,128,22" hai2="107,100,48,59,66,102,24,125,27,10,23,115,9" hai3="36,32,118,96,75,7,61,98,63,133,43,79,5"/><U90/><E120/><V126/><F115/><W44/><G32/><T58/><D8/><U20/><E119/><V14/><F10/><W57/><G118/><T56/><D71/><U45/><E134/><V116/><F116/><W103/><G133/><T13/><D13/><U2/><E33/><V69/><F69/><W101/><G63/><T54/><D54/><U73/><E73/><V83/><F83/><W92/><G79/><T11/><D11/><N who="1" m="2455" /><E45/><V15/><F15/><W60/><G60/><T78/><D72/><U40/><E40/><V117/><F117/><W109/><G109/><T52/><D52/><U6/><E6/><V50/><F107/><W123/><G123/><T104/><D104/><U76/><E108/><V41/><F41/><W26/><G26/><N who="2" m="9769" /><F23/><N who="1" m="8745" /><E18/><N who="2" m="8527" /><F66/><W65/><REACH who="3" step="1"/><G75/><REACH who="3" ten="360,148,187,295" step="2"/><T132/><D111/><U68/><E76/><V55/><F50/><W81/><G81/><T28/><D78/><U106/><E77/><V25/><F25/><W110/><G110/><T131/><D132/><U64/><E68/><V49/><F49/><W97/><G97/><T114/><D30/><U21/><E64/><V70/><F70/><W1/><G1/><T135/><D135/><U122/><E122/><V46/><F126/><W91/><G91/><T86/><D29/><U121/><E90/><V85/><F125/><W47/><G47/><T34/><D28/><U80/><E121/><V88/><F46/><W67/><G67/><T130/><D34/><U31/><E106/><AGARI ba="0,1" hai="5,7,36,43,44,57,61,65,92,96,98,101,103,106" machi="106" ten="30,7700,0" yaku="1,1,7,1,52,2,53,0" doraHai="93" doraHaiUra="35" who="3" fromWho="1" sc="360,0,148,-77,187,0,295,87" /><INIT seed="2,0,0,5,3,75" ten="360,71,187,382" oya="2" hai0="102,108,44,106,103,104,37,1,119,47,77,127,16" hai1="78,52,43,95,41,105,109,32,71,110,85,90,74" hai2="94,88,116,100,83,14,6,113,12,56,118,0,72" hai3="13,31,15,76,98,133,86,34,66,54,21,55,25"/><V26/><F113/><W131/><G133/><T111/><D1/><U93/><E71/><V117/><F100/><W120/><G120/><T45/><D37/><U22/><E105/><N who="0" m="40553" /><D16/><U58/><E32/><V84/><F26/><W18/><G66/><T114/><D114/><U130/><E130/><V30/><F30/><W69/><G131/><T62/><D62/><N who="1" m="36167" /><E22/><V121/><F121/><W28/><G69/><T122/><D122/><U107/><E107/><V115/><F115/><W20/><G31/><T67/><D67/><U124/><E124/><V128/><F128/><W33/><G34/><T89/><D89/><U101/><E95/><V19/><F56/><W2/><G2/><T135/><D135/><U132/><E101/><N who="0" m="38409" /><D127/><U87/><E132/><V80/><F19/><W3/><G3/><T35/><D35/><U129/><E74/><V97/><F72/><W99/><G33/><T9/><D9/><U42/><E129/><V60/><F60/><W39/><G39/><T92/><D92/><U4/><E4/><V27/><F27/><W51/><G15/><N who="2" m="5673" /><F6/><W24/><G13/><T48/><D48/><U10/><E10/><V63/><F63/><W46/><G54/><T38/><D38/><U17/><E17/><V81/><F0/><W65/><G65/><T11/><D11/><U53/><E53/><V57/><F57/><W5/><G5/><T61/><D61/><U49/><E49/><V91/><F118/><W29/><G18/><T73/><D119/><U59/><E59/><V36/><F36/><W40/><G55/><T96/><D96/><U79/><E87/><RYUUKYOKU ba="0,0" sc="360,0,71,0,187,0,382,0" hai0="44,45,47,73,77,108,111" hai1="41,42,43,78,79,85,90,93,109,110" hai2="80,81,83,84,88,91,94,97,116,117" hai3="20,21,24,25,28,29,40,46,51,76,86,98,99" /><INIT seed="2,1,0,4,3,63" ten="360,71,187,382" oya="2" hai0="119,121,87,58,128,106,132,46,64,72,40,99,57" hai1="77,94,13,26,29,131,105,17,37,49,21,135,108" hai2="113,84,90,9,95,6,1,109,116,24,104,18,39" hai3="110,70,75,50,91,103,36,52,126,43,51,93,8"/><V3/><F116/><W11/><G75/><T5/><D72/><U23/><E105/><V102/><F113/><W61/><G110/><T88/><D121/><U118/><E108/><V65/><F39/><W78/><G78/><T127/><D5/><U2/><E2/><V79/><F109/><W41/><G126/><T98/><D128/><U117/><E131/><V133/><F133/><W33/><G33/><T19/><D19/><U59/><E37/><V35/><F3/><W100/><G36/><T129/><D129/><U15/><E135/><V53/><F79/><W44/><G41/><T71/><D132/><U124/><E124/><V101/><F53/><W120/><G120/><T66/><D71/><U45/><E77/><V48/><F48/><W81/><G81/><T10/><D10/><N who="3" m="3625" /><G61/><T67/><D127/><U96/><E59/><N who="0" m="22537" /><D106/><U114/><E114/><V38/><F38/><W82/><G70/><T76/><D76/><U97/><E13/><V73/><F73/><W32/><G32/><T25/><D25/><U130/><E130/><V125/><F125/><W0/><G0/><T115/><D115/><U54/><REACH who="1" step="1"/><E97/><REACH who="1" ten="360,61,187,382" step="2"/><V28/><F104/><W4/><G4/><T123/><D123/><U68/><E68/><V60/><F18/><W31/><G31/><T14/><D14/><U83/><E83/><V55/><F55/><W92/><G82/><N who="0" m="49271" /><D119/><U69/><E69/><AGARI ba="1,1" hai="1,6,9,24,28,35,60,65,69,84,90,95,101,102" machi="69" ten="30,2900,0" yaku="7,1,52,1" doraHai="63" who="2" fromWho="1" sc="360,0,61,-32,187,42,382,0" /><INIT seed="2,2,0,4,4,70" ten="360,29,229,382" oya="2" hai0="83,39,73,60,77,92,131,15,128,4,17,118,102" hai1="13,110,64,93,116,79,32,67,115,53,105,55,90" hai2="49,86,48,57,133,109,5,69,94,36,88,50,22" hai3="82,65,42,74,120,19,112,71,30,16,18,24,8"/><V125/><F133/><W26/><G120/><T111/><D4/><U95/><E105/><V14/><F69/><W43/><G112/><T28/><D28/><U91/><E116/><V78/><F125/><W130/><G130/><N who="0" m="49707" /><D60/><U9/><E32/><V34/><F34/><W63/><G26/><T3/><D3/><U76/><E110/><V11/><F109/><W27/><G27/><T75/><D111/><U66/><E115/><V104/><F104/><W103/><G103/><T59/><D59/><U98/><E55/><V20/><F36/><W99/><G8/><N who="0" m="6375" /><D118/><U47/><E53/><V121/><F121/><W114/><G114/><T51/><D51/><U58/><E58/><V87/><REACH who="2" step="1"/><F57/><REACH who="2" ten="360,29,219,382" step="2"/><W37/><G37/><T124/><D124/><U134/><E134/><V12/><F12/><W25/><G71/><T84/><D39/><U31/><E47/><V29/><F29/><W72/><G30/><T45/><D45/><U56/><E56/><V113/><F113/><W0/><G0/><T89/><D102/><U35/><E35/><V54/><F54/><W107/><G107/><T117/><D117/><U23/><E31/><V62/><F62/><W80/><G63/><T21/><D21/><U123/><E23/><V97/><F97/><AGARI ba="2,1" hai="73,75,77,83,84,89,92,97" m="6375,49707" machi="97" ten="30,1000,0" yaku="19,1" doraHai="70" who="0" fromWho="2" sc="360,26,29,0,219,-16,382,0" /><INIT seed="3,0,0,2,0,101" ten="386,29,203,382" oya="3" hai0="134,117,59,79,92,54,65,52,38,90,47,35,27" hai1="110,12,46,20,120,48,36,41,62,64,53,129,63" hai2="78,33,130,93,123,0,98,10,34,91,121,7,6" hai3="132,29,70,107,106,135,71,96,16,74,40,69,44"/><W108/><G29/><T26/><D117/><U127/><E120/><N who="2" m="46155" /><F130/><W133/><G74/><T115/><D134/><U84/><E110/><V5/><F78/><W125/><G125/><T22/><D35/><AGARI ba="0,0" hai="0,5,6,7,10,33,34,35,91,93,98" m="46155" machi="35" ten="30,1000,0" yaku="13,1" doraHai="101" who="2" fromWho="0" sc="386,-10,29,0,203,10,382,0" /><INIT seed="4,0,0,4,5,74" ten="376,29,213,382" oya="0" hai0="110,123,68,15,28,118,16,82,55,63,9,102,99" hai1="39,86,117,26,88,112,20,44,78,84,18,53,50" hai2="113,72,79,58,56,60,71,97,98,7,108,90,10" hai3="105,126,11,89,130,94,127,124,17,132,3,46,24"/><T100/><D118/><U40/><E117/><V76/><F72/><W29/><G105/><T109/><D123/><U48/><E112/><V111/><F71/><W93/><G132/><T12/><D28/><U125/><E125/><V67/><F113/><W61/><G130/><T57/><D68/><U129/><E129/><V14/><F58/><W120/><G120/><T52/><D82/><N who="1" m="47191" /><E39/><V69/><F69/><W83/><G61/><T85/><D85/><U65/><E65/><V8/><F8/><W19/><G46/><T91/><D91/><U133/><E133/><V107/><F90/><W32/><G83/><T5/><D55/><U4/><E4/><V134/><F134/><W21/><G89/><T35/><D35/><U114/><E114/><V96/><REACH who="2" step="1"/><F107/><REACH who="2" ten="376,29,203,382" step="2"/><W64/><G11/><N who="0" m="6271" /><D99/><U54/><E48/><V115/><F115/><W81/><G126/><T36/><D36/><U41/><E41/><V30/><F30/><W122/><G29/><T31/><D31/><U51/><E51/><V49/><F49/><W33/><G124/><T121/><D121/><U75/><E75/><V103/><F103/><W135/><G122/><T43/><D43/><U1/><E1/><V22/><F22/><W62/><G3/><T73/><D73/><U70/><E70/><V59/><F59/><N who="3" m="36959" /><G127/><T42/><D42/><U95/><AGARI ba="0,1" hai="18,20,26,40,44,50,53,54,86,88,95" m="47191" machi="95" ten="30,4000,0" yaku="8,1,52,1,54,1" doraHai="74" who="1" fromWho="1" sc="376,-20,29,50,203,-10,382,-10" /><INIT seed="5,0,0,3,1,3" ten="356,79,193,372" oya="1" hai0="106,86,93,11,12,68,87,133,47,34,130,15,46" hai1="37,2,94,54,115,110,73,44,98,63,134,112,82" hai2="50,128,72,75,90,66,23,8,91,26,1,59,18" hai3="13,127,131,102,40,52,92,10,126,27,69,32,119"/><U0/><E134/><V7/><F128/><W30/><G119/><T118/><D106/><U39/><E110/><V95/><F90/><W100/><G69/><T71/><D11/><U22/><E22/><V104/><F104/><W49/><G40/><T4/><D93/><U20/><E20/><V109/><F109/><W125/><G92/><T58/><D58/><N who="1" m="35287" /><E82/><V24/><F24/><W25/><G25/><T14/><D14/><U35/><E35/><V21/><F21/><W62/><G62/><T124/><D34/><U74/><E44/><V103/><F103/><W123/><G123/><T48/><D133/><U43/><E43/><V85/><REACH who="2" step="1"/><F66/><REACH who="2" ten="356,79,183,372" step="2"/><W67/><G67/><T36/><D130/><U70/><E70/><V111/><F111/><W61/><G131/><T64/><D64/><U9/><E9/><V84/><F84/><W108/><G108/><T83/><D87/><U28/><E28/><V105/><F105/><W114/><G27/><T6/><D86/><U107/><E107/><V116/><F116/><W29/><G30/><T5/><D118/><U117/><E117/><V38/><F38/><N who="1" m="14345" /><E73/><V80/><F80/><W97/><G29/><T89/><D71/><U101/><E74/><V135/><F135/><W78/><G100/><T53/><D68/><U16/><E115/><V120/><F120/><W88/><G114/><T45/><D36/><U132/><E132/><V122/><F122/><W65/><G102/><T55/><D83/><U42/><E112/><V19/><F19/><W99/><G65/><T96/><D89/><U57/><E16/><V76/><F76/><RYUUKYOKU ba="0,1" sc="356,-10,79,-10,183,30,372,-10" hai2="1,7,8,18,23,26,50,59,72,75,85,91,95" /><INIT seed="6,1,1,3,1,87" ten="346,69,213,362" oya="2" hai0="83,46,111,106,130,127,76,53,125,54,16,134,74" hai1="30,105,77,121,98,31,78,65,88,2,9,14,119" hai2="97,25,122,52,85,20,132,6,114,123,133,115,39" hai3="86,92,58,10,40,26,23,56,93,28,38,135,44"/><V95/><F39/><W22/><G135/><N who="2" m="51785" /><F6/><W117/><G117/><T35/><D35/><U50/><E119/><V21/><F85/><W72/><G72/><T120/><D106/><U101/><E121/><V18/><F21/><W99/><G10/><T47/><D120/><U32/><E2/><V49/><F122/><W3/><G3/><T108/><D134/><U109/><E109/><V34/><F34/><W0/><G0/><T75/><D130/><U59/><E32/><V116/><F116/><W96/><G23/><T129/><D129/><U71/><E71/><V80/><F80/><W5/><G86/><T107/><D16/><U8/><E8/><V24/><F24/><W64/><G64/><T69/><D83/><U110/><E110/><V60/><F60/><W4/><G4/><T82/><D82/><U81/><E77/><V13/><F13/><W124/><G5/><T57/><D76/><U79/><E79/><V43/><F43/><W48/><G38/><T131/><D131/><U103/><E78/><V113/><F123/><W55/><G40/><T102/><D75/><U33/><E33/><V84/><F84/><W36/><G36/><T12/><D74/><U19/><E31/><V45/><F113/><W128/><G128/><T27/><D111/><U1/><E1/><V41/><F41/><W118/><G118/><T62/><D108/><U94/><E30/><V15/><F15/><W90/><G124/><T68/><D125/><U61/><E50/><V42/><F42/><W17/><G28/><T11/><D127/><U7/><E14/><V70/><F70/><RYUUKYOKU ba="1,1" sc="346,-15,69,-15,213,15,362,15" hai2="18,20,25,45,49,52,95,97,114,115" hai3="17,22,26,44,48,55,56,58,90,92,93,96,99" /><INIT seed="6,2,1,5,1,60" ten="331,54,228,377" oya="2" hai0="119,36,102,95,117,86,0,77,32,89,97,50,105" hai1="96,53,18,125,94,115,9,113,7,40,116,91,21" hai2="22,57,52,122,108,79,2,35,19,100,41,5,62" hai3="121,11,1,74,76,58,130,114,55,69,72,70,59"/><V68/><F122/><W37/><G37/><T56/><D32/><U16/><E116/><N who="0" m="44617" /><D36/><U66/><E125/><V10/><F35/><W44/><G121/><T3/><D77/><U103/><E40/><V120/><F120/><W128/><G114/><T48/><D56/><U106/><E18/><V61/><F108/><W132/><G132/><T51/><AGARI ba="2,1" hai="0,3,48,50,51,86,89,95,97,102,105" m="44617" machi="51" ten="30,1100,0" yaku="12,1" doraHai="60" who="0" fromWho="0" sc="331,27,54,-5,228,-7,377,-5" /><INIT seed="7,0,0,0,3,96" ten="358,49,221,372" oya="3" hai0="71,9,3,11,72,99,103,59,87,108,34,70,124" hai1="95,60,114,74,26,43,110,120,21,118,69,12,48" hai2="33,68,81,119,126,17,55,73,8,115,61,80,44" hai3="27,127,35,100,134,40,97,52,32,51,31,89,0"/><W113/><G127/><T125/><D72/><U7/><E110/><V56/><F33/><W77/><G77/><T38/><D38/><U109/><E109/><V24/><F119/><W132/><G113/><T39/><D39/><U22/><E118/><V75/><F8/><N who="0" m="3146" /><D3/><U116/><E116/><V50/><F17/><W105/><G0/><T2/><D34/><U88/><E74/><V5/><F24/><W23/><G89/><T102/><D2/><U93/><E120/><V15/><F15/><W19/><G40/><T66/><D108/><U122/><E122/><V130/><F68/><N who="0" m="26154" /><D87/><U90/><E114/><V25/><F126/><N who="0" m="48746" /><D99/><U14/><E69/><V4/><F81/><W104/><G104/><T79/><D79/><U18/><E60/><AGARI ba="0,0" hai="59,60,66,102,103" m="48746,26154,3146" machi="60" ten="40,5200,0" yaku="18,1,52,2" doraHai="96" who="0" fromWho="1" sc="358,52,49,-52,221,0,372,0" owari="410,51.0,-3,-50.0,221,-18.0,372,17.0" /></mjloggm>