<mjloggm ver="2.3"><GO type="169" lobby="0"/><UN n0="%E3%83%84%E3%83%AC%E3%82%AA" n1="%E3%82%A6%E3%83%AB%E3%83%88%E3%83%A9%E7%AB%8B%E7%9B%B4" n2="%E3%82%8F%E3%81%9F%E5%9D%8A%E2%98%86" n3="%E9%BA%BB%E9%9B%80%E3%81%A8%E7%A7%81" dan="17,17,16,16" rate="2215.08,2182.58,2123.42,2129.04" sx="M,M,M,M"/><TAIKYOKU oya="0"/><INIT seed="0,0,0,5,4,114" ten="250,250,250,250" oya="0" hai0="20,73,55,130,128,115,0,44,111,7,22,71,35" hai1="108,116,109,99,29,51,78,24,107,121,63,80,2" hai2="74,15,125,83,87,59,110,89,124,19,79,33,123" hai3="45,133,28,103,14,129,72,34,104,94,60,120,75"/><T65/><D35/><U132/><E2/><V39/><F33/><W118/><G14/><T77/><D115/><U30/><E121/><V126/><F123/><W46/><G120/><T93/><D73/><U131/><E51/><V66/><F39/><W12/><G12/><T106/><D106/><U16/><E131/><V101/><F101/><W43/><G60/><T96/><D77/><U13/><E63/><N who="2" m="38271" /><F110/><N who="1" m="42601" /><E132/><V97/><F97/><W90/><G45/><T113/><D113/><U17/><E24/><V95/><F15/><W18/><G18/><AGARI ba="0,0" hai="18,19,74,79,83,87,89,95,124,125,126" m="38271" machi="18" ten="30,1000,0" yaku="18,1" doraHai="114" who="2" fromWho="3" sc="250,0,250,0,250,10,250,-10" /><INIT seed="1,0,0,3,3,63" ten="250,250,260,240" oya="1" hai0="51,30,22,1,3,25,65,104,28,106,78,129,56" hai1="37,36,35,55,20,48,75,114,14,127,134,102,68" hai2="62,45,109,71,105,31,6,10,29,72,86,125,66" hai3="130,32,53,93,23,67,12,34,118,126,42,111,117"/><U97/><E35/><V70/><F72/><W2/><G111/><T18/><D129/><U113/><E75/><V98/><F109/><W8/><G42/><T11/><D78/><U112/><E14/><V135/><F71/><W100/><G53/><T107/><D51/><U52/><E20/><V61/><F45/><W77/><G77/><T96/><D96/><U7/><E7/><V124/><F135/><W33/><G67/><T115/><D115/><U133/><E68/><V80/><F62/><W73/><G93/><T123/><D123/><U81/><E81/><V9/><F9/><W27/><G100/><T0/><REACH who="0" step="1"/><D11/><REACH who="0" ten="240,250,260,240" step="2"/><U4/><E48/><V15/><F98/><W59/><G130/><T13/><D13/><U94/><E127/><N who="2" m="48715" /><F105/><W40/><G126/><T116/><D116/><U76/><E76/><AGARI ba="0,1" hai="6,10,15,29,31,61,66,70,76,80,86" m="48715" machi="76" ten="30,2000,0" yaku="18,1,52,1" doraHai="63" who="2" fromWho="1" sc="240,0,250,-20,260,30,240,0" /><INIT seed="2,0,0,0,1,29" ten="240,230,290,240" oya="2" hai0="112,118,89,13,110,21,95,58,124,80,123,86,99" hai1="7,85,113,18,55,24,0,100,52,134,10,27,104" hai2="73,135,48,90,31,69,129,62,106,114,16,70,87" hai3="128,41,79,51,66,126,77,105,133,132,17,23,98"/><V82/><F114/><W9/><G66/><T101/><D112/><U88/><E113/><V120/><F120/><W8/><G128/><T46/><D123/><U33/><E134/><N who="3" m="51818" /><G126/><T3/><D3/><U36/><E36/><V38/><F106/><W57/><G105/><T54/><D124/><U116/><E116/><V83/><F38/><W107/><G107/><T78/><D118/><U22/><E100/><V127/><F135/><W45/><G98/><T32/><D110/><U5/><E5/><V53/><F127/><W35/><G57/><T44/><D32/><U1/><E1/><V26/><F62/><W11/><G35/><T60/><D101/><U63/><E63/><V111/><F111/><W121/><G121/><T50/><D50/><U25/><E104/><V56/><F129/><W119/><G119/><T76/><D76/><U28/><REACH who="1" step="1"/><E27/><AGARI ba="0,0" hai="8,9,11,17,23,27,41,45,51,77,79" m="51818" machi="27" ten="30,1000,0" yaku="20,1" doraHai="29" who="3" fromWho="1" sc="240,0,230,-10,290,0,240,10" /><INIT seed="3,0,0,4,5,133" ten="240,220,290,250" oya="3" hai0="87,26,47,93,132,63,95,27,0,121,43,40,78" hai1="35,100,37,110,57,62,114,6,96,67,5,7,85" hai2="97,111,92,38,25,77,116,105,90,126,69,119,124" hai3="75,59,10,135,72,89,13,12,18,9,106,74,127"/><W66/><G106/><T108/><D132/><U51/><E37/><V84/><F69/><W48/><G135/><T1/><D108/><U109/><E35/><V42/><F25/><W3/><G3/><T56/><D121/><U94/><E114/><V23/><F23/><W32/><G32/><T28/><D26/><U19/><E19/><V128/><F38/><W76/><G127/><N who="2" m="48681" /><F42/><W122/><G122/><T11/><D43/><U81/><REACH who="1" step="1"/><E51/><REACH who="1" ten="240,210,290,250" step="2"/><V80/><F111/><W98/><G48/><T82/><D28/><U61/><E61/><V36/><F36/><W125/><G125/><T2/><D27/><U68/><E68/><V103/><F128/><W39/><G39/><T14/><D63/><U46/><E46/><V102/><F102/><W65/><G59/><T41/><D56/><U115/><E115/><V21/><F21/><W71/><G71/><T113/><D113/><U49/><E49/><V54/><F54/><W55/><G55/><T50/><REACH who="0" step="1"/><D41/><REACH who="0" ten="230,210,290,250" step="2"/><U101/><E101/><V91/><F91/><AGARI ba="0,2" hai="5,6,7,57,62,67,81,85,91,94,96,100,109,110" machi="91" ten="40,2600,0" yaku="1,1,53,1" doraHai="133" doraHaiUra="58" who="1" fromWho="2" sc="230,0,210,46,290,-26,250,0" /><INIT seed="4,0,0,0,5,80" ten="230,256,264,250" oya="0" hai0="132,23,19,38,13,28,6,59,134,55,121,41,44" hai1="50,25,51,81,133,96,48,74,35,9,72,62,122" hai2="29,92,94,31,111,103,106,76,12,123,82,116,115" hai3="78,24,113,107,61,71,8,47,117,22,126,100,67"/><T54/><D121/><U34/><E122/><V91/><F123/><W93/><G113/><T101/><D101/><U119/><E119/><V17/><F116/><W43/><G126/><T42/><D42/><U75/><E133/><V131/><F115/><W45/><G107/><T77/><D77/><U105/><E25/><V109/><F131/><W120/><G117/><T15/><D28/><U18/><E62/><V21/><F106/><W68/><G78/><T60/><REACH who="0" step="1"/><D54/><REACH who="0" ten="220,256,264,250" step="2"/><U118/><E118/><V99/><F111/><W52/><G52/><T33/><D33/><U127/><E35/><V65/><F109/><W63/><G43/><T5/><D5/><U1/><E34/><V64/><F31/><W40/><G40/><T26/><D26/><U110/><E110/><V108/><F29/><W56/><G24/><T66/><D66/><U30/><E30/><V0/><F108/><W85/><G100/><T89/><D89/><U32/><E32/><V14/><F65/><W90/><G120/><T16/><D16/><U36/><E18/><V114/><F64/><W102/><G102/><T95/><D95/><U130/><E105/><V46/><F94/><W58/><G67/><T39/><D39/><U88/><E36/><V69/><F103/><W20/><G93/><T98/><D98/><U10/><E96/><V70/><F76/><W97/><G97/><T87/><D87/><N who="1" m="50287" /><E130/><V129/><F129/><W37/><G37/><T124/><D124/><U125/><E125/><V104/><F104/><W53/><G90/><T27/><D27/><U73/><N who="1" m="18432" /><DORA hai="128" /><U83/><E127/><RYUUKYOKU ba="0,1" sc="220,30,256,-10,264,-10,250,-10" hai0="6,13,15,19,23,38,41,44,55,59,60,132,134" /><INIT seed="4,1,1,3,2,122" ten="250,246,254,240" oya="0" hai0="111,73,76,35,70,24,54,62,7,121,123,93,49" hai1="0,110,132,119,63,64,79,130,9,11,1,133,77" hai2="20,53,29,103,36,131,80,14,2,116,44,46,16" hai3="42,55,102,12,114,124,117,96,27,56,45,40,81"/><T17/><D7/><U10/><E119/><V98/><F116/><W13/><G114/><T43/><D43/><U18/><E18/><V69/><F2/><N who="1" m="1129" /><E130/><V72/><F69/><W105/><G124/><T86/><D73/><U78/><E63/><V33/><F131/><W28/><G81/><T134/><D70/><U106/><E106/><V120/><F120/><W90/><G90/><T75/><D62/><U104/><E104/><V3/><F3/><W107/><G107/><T65/><D65/><U82/><E82/><V113/><F36/><W88/><G88/><T97/><D75/><U100/><E100/><V50/><F113/><W87/><G87/><T47/><D86/><U41/><E41/><V91/><F91/><W99/><G99/><T59/><D76/><U101/><E101/><V23/><F80/><W61/><G40/><T85/><D85/><U68/><E68/><V95/><F72/><W32/><REACH who="3" step="1"/><G117/><REACH who="3" ten="250,246,254,230" step="2"/><T118/><D118/><U8/><N who="1" m="2048" /><DORA hai="83" /><U89/><E89/><V6/><F98/><W15/><G15/><T66/><D121/><U135/><E79/><V37/><F103/><W92/><G92/><T52/><D123/><U30/><E78/><V109/><F95/><W84/><G84/><T57/><D93/><U128/><E77/><V126/><F14/><W115/><G115/><T21/><D97/><U94/><E94/><V51/><F126/><W48/><AGARI ba="1,2" hai="12,13,27,28,32,42,45,48,55,56,61,96,102,105" machi="48" ten="20,5200,0" yaku="1,1,0,1,7,1,53,1" doraHai="122,83" doraHaiUra="108,39" who="3" fromWho="3" sc="250,-27,246,-14,254,-14,230,75" /><INIT seed="5,0,0,3,5,72" ten="223,232,240,305" oya="1" hai0="130,93,115,69,70,33,110,17,18,3,101,128,53" hai1="99,91,41,132,5,20,23,27,1,97,134,109,114" hai2="71,56,112,0,68,116,84,67,88,59,29,12,64" hai3="117,38,47,106,62,9,36,26,87,126,74,76,2"/><U85/><E41/><V24/><F0/><W44/><G87/><T125/><D3/><U107/><E107/><V100/><F116/><W21/><G126/><T39/><D39/><U8/><E114/><V52/><F112/><W66/><G21/><T92/><D115/><U55/><E55/><V86/><F100/><W15/><G15/><T78/><D125/><U102/><E109/><V40/><F40/><W83/><G44/><T120/><D101/><U79/><E102/><V94/><F12/><W122/><G122/><T49/><D33/><U133/><E79/><V73/><F73/><W57/><G47/><T89/><D110/><U30/><REACH who="1" step="1"/><E23/><REACH who="1" ten="223,222,240,305" step="2"/><V103/><F103/><W19/><G106/><T7/><D53/><U121/><E121/><V105/><F105/><W10/><G76/><T131/><D120/><U31/><E31/><V81/><F52/><W80/><G117/><T6/><D78/><U35/><E35/><V104/><F104/><W65/><G66/><T90/><D130/><U22/><E22/><V16/><F29/><W61/><G74/><T28/><D28/><U60/><E60/><V75/><F75/><W127/><G65/><N who="2" m="25161" /><F68/><W119/><G119/><T96/><D49/><U58/><E58/><V51/><F71/><W13/><G57/><T48/><D48/><U45/><E45/><V34/><F34/><W54/><G54/><T108/><D108/><U124/><E124/><V111/><F111/><W95/><G127/><T37/><D37/><U129/><E129/><V123/><F51/><W11/><G38/><T98/><AGARI ba="0,1" hai="6,7,17,18,69,70,89,90,92,93,96,98,128,131" machi="98" ten="25,3200,0" yaku="0,1,22,2" doraHai="72" who="0" fromWho="0" sc="223,42,222,-16,240,-8,305,-8" /><INIT seed="6,0,0,4,4,124" ten="265,206,232,297" oya="2" hai0="112,96,91,114,108,2,28,74,51,122,36,97,66" hai1="23,60,21,24,20,103,109,76,31,99,50,56,25" hai2="121,44,45,40,126,14,35,29,15,98,69,13,68" hai3="49,123,12,22,11,65,105,61,63,115,77,132,71"/><V55/><F121/><W113/><G123/><T130/><D122/><U6/><E109/><V34/><F126/><W135/><G105/><T95/><D36/><U17/><E6/><V120/><F120/><W26/><G77/><T8/><D108/><U3/><E3/><V116/><F55/><W78/><G78/><T30/><D74/><U118/><E76/><V87/><F87/><W10/><G49/><T80/><D80/><U47/><E118/><V70/><F116/><W54/><G54/><T86/><D66/><U67/><E17/><V106/><F29/><N who="3" m="17623" /><G63/><T134/><D86/><U1/><E1/><V18/><F18/><N who="3" m="8471" /><G11/><T92/><D8/><U85/><E85/><V16/><F16/><W93/><G93/><T48/><D2/><U4/><E4/><V129/><F106/><W43/><G43/><T59/><D59/><U102/><E25/><V119/><F119/><W42/><G42/><T72/><D72/><U57/><E57/><V27/><F98/><W79/><G79/><T89/><D134/><AGARI ba="0,0" hai="61,65,71,113,115,132,134,135" m="8471,17623" machi="134" ten="30,1000,0" yaku="20,1" doraHai="124" who="3" fromWho="0" sc="265,-10,206,0,232,0,297,10" /><INIT seed="7,0,0,5,3,30" ten="255,206,232,307" oya="3" hai0="108,65,42,9,89,47,133,51,70,2,131,46,83" hai1="79,62,31,13,75,6,52,88,21,93,81,99,135" hai2="28,122,71,14,48,126,67,61,125,37,123,98,91" hai3="101,8,100,40,107,121,33,7,124,15,73,104,86"/><W116/><G33/><T103/><D108/><U26/><E135/><V74/><F37/><W118/><G121/><N who="2" m="46089" /><F74/><W1/><G73/><T11/><D103/><U112/><E112/><V38/><F38/><W78/><G40/><T76/><D89/><U128/><E128/><V24/><F14/><W4/><G124/><T32/><D32/><U69/><E69/><V111/><F111/><W130/><G130/><T41/><D131/><U117/><E117/><V10/><F10/><W60/><G101/><T25/><D25/><U96/><E6/><V17/><F17/><W57/><G7/><T95/><D95/><U56/><REACH who="1" step="1"/><E13/><REACH who="1" ten="255,196,232,307" step="2"/><V127/><F127/><W39/><G118/><T80/><D133/><U77/><E77/><V50/><F125/><W110/><G116/><T29/><D76/><U18/><E18/><V90/><F126/><W134/><G78/><T84/><D70/><U0/><E0/><V22/><F91/><W16/><G110/><T45/><D2/><U23/><E23/><V64/><F64/><W54/><G1/><T120/><D65/><U20/><E20/><V55/><F55/><W35/><G4/><T36/><D120/><U113/><E113/><V97/><F90/><W114/><G114/><T53/><D9/><U49/><E49/><AGARI ba="0,1" hai="22,24,28,48,49,50,61,67,71,97,98" m="46089" machi="49" ten="30,1000,0" yaku="13,1" doraHai="30" who="2" fromWho="1" sc="255,0,196,-10,232,20,307,0" owari="255,6.0,186,-31.0,252,-15.0,307,40.0" /></mjloggm>