<mjloggm ver="2.3"><GO type="169" lobby="0"/><UN n0="%E3%81%97%E3%82%85%E3%81%86%E3%83%BC%E3%80%82" n1="%57%6F%6D%62%61%74" n2="%EF%BC%B7%EF%BD%81%EF%BD%8C%EF%BD%8C%EF%BD%99" n3="%E5%B0%B1%E6%B4%BB%E7%94%9F%40%E5%B7%9D%E6%9D%91%E8%BB%8D%E5%9B%A3" dan="18,16,16,18" rate="2203.52,2089.49,2082.54,2292.79" sx="M,F,M,M"/><TAIKYOKU oya="0"/><INIT seed="0,0,0,5,4,104" ten="250,250,250,250" oya="0" hai0="112,0,50,96,40,129,5,69,44,51,18,63,82" hai1="67,54,39,60,13,87,19,24,62,6,84,124,73" hai2="110,126,2,86,113,79,122,32,15,77,106,130,25" hai3="133,27,92,42,81,64,31,102,83,127,49,100,117"/><T91/><D112/><U9/><E73/><V61/><F106/><W30/><G117/><T93/><D129/><U120/><E120/><V97/><F2/><W16/><G127/><T53/><D0/><U132/><E132/><V121/><F15/><W135/><G64/><T118/><D5/><U123/><E123/><V3/><F3/><W85/><G42/><T99/><D118/><U23/><E124/><V90/><F61/><W98/><G49/><T109/><D109/><U101/><E101/><V94/><F25/><W125/><G102/><T8/><D69/><U26/><E39/><V20/><F20/><N who="3" m="13703" /><G83/><T45/><D63/><U119/><E119/><V36/><F32/><W46/><G46/><T108/><D108/><U1/><E54/><V48/><F48/><W11/><G11/><T7/><D7/><U75/><E75/><V131/><F36/><W33/><G33/><T105/><D105/><U55/><E55/><V66/><F66/><W71/><G71/><T29/><D29/><U114/><E114/><V38/><F38/><W111/><G111/><T115/><D115/><U134/><E134/><N who="3" m="51210" /><G125/><T4/><D4/><U78/><E62/><V103/><F126/><W128/><G128/><N who="2" m="49193" /><F110/><W52/><G52/><T17/><D8/><U89/><E60/><V21/><F113/><W107/><G107/><T43/><D53/><U47/><E67/><V70/><F70/><W41/><G41/><T58/><D58/><U68/><E47/><V80/><F21/><W10/><G10/><T88/><D82/><N who="1" m="47191" /><E68/><V34/><F34/><W116/><G116/><T35/><D35/><RYUUKYOKU ba="0,0" sc="250,0,250,0,250,0,250,0" hai0="17,18,40,43,44,45,50,51,88,91,93,96,99" hai1="1,6,9,13,19,23,24,26,87,89" hai2="77,79,80,86,90,94,97,103,121,122" hai3="30,31,81,85,92,98,100" /><INIT seed="0,1,0,2,0,17" ten="250,250,250,250" oya="0" hai0="82,79,113,25,95,48,26,112,11,39,91,101,14" hai1="59,8,124,53,50,85,34,42,99,120,126,135,37" hai2="44,0,24,31,121,12,110,30,71,123,94,84,3" hai3="105,132,83,118,47,109,92,57,62,100,65,64,4"/><T7/><D39/><U78/><E120/><V128/><F71/><W131/><G105/><T102/><D48/><U63/><E135/><V22/><F44/><W41/><G109/><T55/><D55/><U27/><E99/><V119/><F84/><W68/><G131/><T134/><D134/><U38/><E8/><V5/><F94/><W114/><G114/><T77/><D113/><U43/><E34/><V96/><F96/><W58/><G65/><T32/><D112/><U90/><E78/><N who="0" m="29705" /><D82/><U87/><E27/><N who="0" m="10249" /><D32/><U33/><E33/><V89/><F89/><W18/><G83/><T130/><D130/><U52/><E90/><V45/><F45/><W51/><G132/><T29/><D29/><N who="2" m="10762" /><F128/><W35/><G35/><T61/><D61/><U72/><E72/><V103/><F103/><W2/><G118/><T97/><AGARI ba="1,0" hai="7,11,14,91,95,97,101,102" m="10249,29705" machi="97" ten="30,1500,0" yaku="8,1" doraHai="17" who="0" fromWho="0" sc="250,18,250,-6,250,-6,250,-6" /><INIT seed="0,2,0,3,2,11" ten="268,244,244,244" oya="0" hai0="52,35,115,27,7,63,59,31,133,40,30,56,106" hai1="124,109,127,134,69,90,57,128,108,111,60,26,94" hai2="46,10,38,18,20,95,9,2,14,15,34,120,113" hai3="73,68,29,5,45,42,22,48,96,0,53,116,12"/><T79/><D115/><U117/><E69/><V50/><F113/><W47/><G73/><T122/><D122/><U13/><E117/><V87/><F120/><W44/><G116/><T28/><D133/><U103/><E134/><V130/><F38/><W1/><G68/><T72/><D106/><U132/><E132/><V121/><F121/><W118/><G118/><T21/><D40/><U70/><E70/><V125/><F34/><W83/><G83/><T93/><D93/><U6/><E103/><V17/><F2/><W135/><G135/><T41/><D41/><U91/><E128/><V100/><F130/><W107/><G29/><T33/><D7/><U51/><E51/><V64/><F64/><W126/><G126/><N who="1" m="48170" /><E26/><V61/><F61/><W105/><G105/><T67/><D35/><U3/><E3/><V24/><F125/><W82/><G82/><T99/><D99/><U81/><E81/><V78/><F78/><W86/><G86/><T4/><D72/><U25/><E25/><V23/><F24/><W77/><G96/><T55/><D79/><U66/><E94/><V39/><F39/><W75/><G107/><T129/><D129/><U19/><E6/><V123/><F123/><W71/><G71/><N who="0" m="42495" /><D4/><U84/><E84/><V92/><F92/><W16/><G5/><T85/><D85/><U80/><E80/><V43/><F87/><W58/><G42/><T97/><D97/><AGARI ba="2,0" hai="9,10,14,15,17,18,20,23,43,46,50,95,97,100" machi="97" ten="40,8000,1" yaku="9,1,8,1,52,2" doraHai="11" who="2" fromWho="0" sc="268,-86,244,0,244,86,244,0" /><INIT seed="1,0,0,1,1,38" ten="182,244,330,244" oya="1" hai0="81,14,84,93,9,75,58,53,44,85,104,124,127" hai1="131,56,55,24,106,133,46,107,113,13,108,100,34" hai2="123,40,39,8,4,115,51,76,80,82,119,57,109" hai3="74,11,22,43,135,134,97,29,103,99,112,32,132"/><U5/><E113/><V28/><F119/><W96/><G112/><T17/><D104/><U120/><E120/><V61/><F115/><W79/><G32/><T77/><D44/><U95/><E131/><V92/><F123/><W15/><G74/><T1/><D1/><U126/><E133/><V21/><F109/><W3/><G79/><T73/><D85/><U33/><E126/><N who="0" m="48169" /><D93/><U63/><E108/><V64/><F39/><W37/><G3/><T101/><D101/><U35/><E24/><N who="2" m="16399" /><F76/><W78/><G78/><T50/><AGARI ba="0,0" hai="9,14,17,50,53,58,73,75,77,81,84" m="48169" machi="50" ten="30,1100,0" yaku="18,1" doraHai="38" who="0" fromWho="0" sc="182,11,244,-5,330,-3,244,-3" /><INIT seed="2,0,0,3,3,42" ten="193,239,327,241" oya="2" hai0="58,57,106,127,46,105,30,45,47,92,119,54,96" hai1="50,51,88,52,99,125,33,112,130,53,97,84,22" hai2="111,94,19,26,21,76,123,43,90,113,86,132,23" hai3="63,109,133,98,131,116,69,87,101,103,110,48,6"/><V83/><F113/><W72/><G72/><T77/><D127/><U78/><E33/><V10/><F132/><W28/><G116/><T85/><D119/><U18/><E112/><V11/><F123/><W25/><G133/><T9/><D106/><U8/><E78/><V2/><F2/><W82/><G6/><T117/><D105/><U0/><E125/><V27/><F43/><W40/><G131/><T29/><D9/><U35/><E35/><V55/><F55/><N who="1" m="21065" /><E0/><V75/><REACH who="2" step="1"/><F111/><REACH who="2" ten="193,239,317,241" step="2"/><W121/><G40/><T37/><D117/><U17/><E130/><V134/><F134/><W115/><G121/><T135/><D135/><U126/><E126/><V114/><F114/><W128/><G115/><T15/><D37/><U93/><E50/><V34/><F34/><W36/><G48/><N who="0" m="30919" /><D58/><U108/><E51/><V14/><F14/><W61/><G36/><T118/><D118/><U107/><E108/><V80/><F80/><W44/><G128/><T12/><D12/><N who="1" m="7303" /><E107/><V39/><F39/><W64/><G109/><T4/><D15/><AGARI ba="0,1" hai="15,18,22,84,88,93,97,99" m="7303,21065" machi="15" ten="30,3900,0" yaku="8,1,54,2" doraHai="42" who="1" fromWho="0" sc="193,-39,239,49,317,0,241,0" /><INIT seed="3,0,0,1,3,31" ten="154,288,317,241" oya="3" hai0="30,42,32,95,38,68,62,132,26,71,108,112,66" hai1="119,75,104,77,27,2,91,69,52,126,118,92,93" hai2="53,125,131,56,101,59,54,13,21,84,8,102,134" hai3="61,17,83,43,90,88,133,48,6,11,97,89,105"/><W111/><G133/><T23/><D132/><U121/><E121/><V24/><F131/><W3/><G111/><T15/><D108/><U78/><E69/><V28/><F125/><W40/><G17/><T18/><D112/><U22/><E126/><V63/><F84/><W46/><G61/><T72/><D72/><U51/><E2/><V4/><REACH who="2" step="1"/><F134/><REACH who="2" ten="154,288,307,241" step="2"/><W110/><G110/><T109/><D109/><U60/><E118/><V124/><F124/><W113/><G113/><T25/><D71/><U70/><E119/><V44/><F44/><W123/><G123/><T94/><REACH who="0" step="1"/><D26/><REACH who="0" ten="144,288,307,241" step="2"/><U115/><E27/><V20/><F20/><W39/><G83/><T82/><D82/><U73/><E22/><V45/><F45/><AGARI ba="0,2" hai="15,18,23,25,30,32,38,42,45,62,66,68,94,95" machi="45" ten="40,5200,0" yaku="1,1,52,1,53,1" doraHai="31" doraHaiUra="14" who="0" fromWho="2" sc="144,72,288,0,307,-52,241,0" /><INIT seed="4,0,0,1,2,80" ten="216,288,255,241" oya="0" hai0="14,21,39,125,59,16,103,128,19,91,33,84,83" hai1="26,62,24,78,85,54,60,8,81,53,18,27,104" hai2="75,126,50,57,36,56,55,110,41,35,20,47,109" hai3="45,10,22,114,82,107,130,99,38,23,90,88,52"/><T77/><D33/><U40/><E104/><V51/><F35/><W0/><G114/><T49/><D39/><U64/><E40/><V48/><F75/><W98/><G130/><T3/><D3/><U4/><E18/><V46/><F20/><N who="3" m="7723" /><G38/><T9/><D128/><U30/><E30/><V101/><F101/><W6/><G0/><T65/><D125/><U58/><REACH who="1" step="1"/><E62/><REACH who="1" ten="216,278,255,241" step="2"/><V106/><F106/><W87/><G107/><T120/><D120/><U71/><E71/><V72/><F126/><W28/><G28/><T113/><D113/><U108/><E108/><V135/><F135/><W67/><G6/><T70/><D70/><U7/><E7/><V42/><F72/><W66/><G10/><T86/><D49/><U15/><AGARI ba="0,1" hai="4,8,15,24,26,27,53,54,58,60,64,78,81,85" machi="15" ten="30,7900,0" yaku="1,1,0,1,8,1,52,1,53,0" doraHai="80" doraHaiUra="34" who="1" fromWho="1" sc="216,-39,278,89,255,-20,241,-20" /><INIT seed="5,0,0,1,5,24" ten="177,367,235,221" oya="1" hai0="68,31,124,17,114,67,79,18,92,26,85,105,72" hai1="60,110,0,111,135,5,20,103,65,118,75,46,6" hai2="104,4,45,73,120,119,96,23,27,107,15,56,125" hai3="127,69,29,66,59,48,3,129,22,106,99,21,78"/><U97/><E118/><V86/><F73/><W117/><G3/><T100/><D114/><U121/><E121/><V38/><F119/><W131/><G69/><T64/><D124/><U70/><E75/><V115/><F120/><W19/><G78/><T93/><D105/><U102/><E135/><V76/><F125/><W12/><G127/><T2/><D2/><U41/><E20/><V33/><F33/><W7/><G7/><T43/><D72/><U90/><E90/><V9/><F56/><W35/><G35/><T47/><D68/><U52/><E102/><V98/><F115/><W1/><G1/><T14/><D100/><U36/><E6/><V95/><F38/><W16/><G117/><T108/><D108/><U123/><E123/><V8/><F8/><W130/><G99/><T30/><D26/><U57/><E5/><V94/><F45/><W82/><G82/><N who="0" m="47327" /><D43/><U13/><E0/><V44/><F104/><W58/><G106/><T132/><D47/><U50/><E13/><V71/><F44/><W39/><G39/><T62/><D132/><U40/><E41/><V51/><F71/><W77/><G77/><T63/><D18/><U88/><E103/><V42/><F107/><W80/><G80/><T49/><D49/><U109/><E109/><V128/><F51/><W32/><G48/><T89/><D63/><U84/><E97/><N who="2" m="37483" /><F42/><W87/><G87/><N who="0" m="52287" /><D93/><AGARI ba="0,0" hai="36,40,46,50,52,57,60,65,70,84,88,93,110,111" machi="93" ten="40,12000,1" yaku="24,2,54,2" doraHai="24" who="1" fromWho="0" sc="177,-120,367,120,235,0,221,0" /><INIT seed="5,1,0,0,1,52" ten="57,487,235,221" oya="1" hai0="70,7,44,33,13,102,61,98,107,134,105,20,30" hai1="92,10,48,71,5,114,109,18,45,35,103,8,1" hai2="60,56,113,37,67,49,39,19,117,123,65,76,57" hai3="43,31,69,62,50,132,106,93,118,53,125,32,73"/><U135/><E71/><V99/><F117/><W38/><G106/><T72/><D134/><U96/><E114/><V55/><F123/><W128/><G73/><T63/><D72/><U97/><E135/><V85/><F99/><W58/><G32/><T108/><D108/><U11/><E109/><V75/><F75/><W22/><G132/><T14/><D44/><U115/><E115/><V87/><F113/><W121/><G121/><T46/><D46/><U66/><E66/><V21/><F67/><N who="3" m="41207" /><G125/><T90/><D90/><U4/><E35/><V100/><F100/><W112/><G112/><T3/><D107/><U34/><E34/><V77/><F39/><W51/><G22/><T104/><D105/><U28/><E28/><V2/><F37/><W129/><G31/><T41/><D41/><U94/><E18/><V74/><F2/><W130/><G93/><T88/><D88/><N who="1" m="55303" /><E1/><V54/><F65/><W81/><G81/><T0/><D0/><U25/><E25/><N who="2" m="14527" /><F74/><W119/><G38/><T36/><D36/><U29/><E29/><V133/><F133/><W15/><G15/><T40/><D40/><AGARI ba="1,0" hai="4,5,8,10,11,40,45,48,94,97,103" m="55303" machi="40" ten="30,2900,0" yaku="8,1,54,1" doraHai="52" who="1" fromWho="0" sc="57,-32,487,32,235,0,221,0" /><INIT seed="5,2,0,1,5,110" ten="25,519,235,221" oya="1" hai0="90,112,61,120,77,63,20,47,15,1,5,105,134" hai1="2,55,97,44,28,72,35,92,30,109,94,25,100" hai2="64,31,123,14,54,19,3,7,113,135,91,24,103" hai3="11,108,95,36,107,121,111,117,122,67,125,82,130"/><U78/><E2/><V41/><F41/><W46/><G107/><T93/><D105/><U37/><E109/><N who="3" m="42058" /><G95/><T16/><D134/><U70/><E70/><V131/><F103/><W88/><G88/><T76/><D120/><N who="3" m="46185" /><G11/><T114/><D47/><U38/><E30/><V32/><F91/><W48/><G82/><T22/><D22/><U8/><E8/><V84/><F84/><W9/><G9/><T132/><D132/><U129/><E92/><V99/><F99/><W98/><G98/><T45/><D45/><U116/><E78/><N who="0" m="30313" /><D5/><U18/><E72/><V65/><F7/><W13/><G13/><T17/><D17/><U133/><E18/><V87/><F14/><W10/><G10/><T12/><D12/><U124/><E133/><V83/><F3/><W71/><G36/><T33/><D33/><U49/><E37/><V56/><F19/><W0/><G0/><T80/><D80/><U75/><E38/><V74/><F74/><W57/><G71/><T86/><D1/><U101/><E75/><V85/><F83/><W81/><G81/><T53/><D53/><U58/><E101/><V128/><F32/><W51/><G117/><T126/><D126/><U60/><E124/><V127/><F127/><W102/><G125/><T43/><D43/><U39/><E39/><V89/><F31/><W68/><G68/><T79/><N who="0" m="30321" /><T119/><DORA hai="6" /><D119/><U40/><E116/><V115/><F135/><W118/><G118/><T21/><D20/><U59/><E35/><V26/><F123/><W96/><G46/><T50/><D50/><N who="1" m="31095" /><E44/><V52/><F89/><RYUUKYOKU ba="2,0" sc="25,15,519,-15,235,15,221,-15" hai0="15,16,21,61,63,86,90,93,112,114" hai2="24,26,52,54,56,64,65,85,87,113,115,128,131" /><INIT seed="6,3,0,5,5,71" ten="40,504,250,206" oya="2" hai0="67,37,127,118,42,135,105,89,6,46,120,122,119" hai1="1,56,4,82,99,29,74,50,2,114,30,54,106" hai2="75,98,11,5,33,48,47,24,116,84,115,130,86" hai3="124,104,9,44,31,57,21,17,100,102,0,18,125"/><V19/><F116/><N who="0" m="44586" /><D89/><U40/><E114/><V78/><F115/><W123/><G123/><N who="0" m="47147" /><D105/><U28/><E4/><V60/><F130/><W93/><G104/><T14/><D14/><U90/><E40/><V59/><F98/><W70/><G93/><T16/><D16/><U68/><E68/><V63/><F75/><W128/><G31/><T97/><D6/><U52/><E74/><V49/><F33/><W25/><G17/><T3/><D97/><U35/><E35/><V87/><F78/><W51/><G9/><T72/><D3/><U107/><E82/><V110/><F110/><W73/><G73/><T58/><D72/><U134/><E106/><V95/><F95/><W92/><G0/><T34/><D34/><U26/><E26/><V65/><F63/><W23/><G23/><T94/><D94/><N who="1" m="56791" /><E107/><V126/><F47/><W41/><G92/><T113/><D113/><U8/><E8/><V129/><F129/><W7/><G7/><T66/><D135/><U132/><E1/><V111/><F111/><W22/><G128/><T15/><D15/><U80/><E2/><V88/><F88/><W61/><G102/><T45/><D127/><U10/><E10/><V77/><F126/><W96/><G22/><T43/><D58/><U109/><E80/><V38/><F5/><W117/><G117/><T133/><D133/><U121/><E121/><V108/><F108/><W32/><G32/><T76/><D76/><U62/><E109/><V12/><F77/><W79/><G79/><T13/><D13/><U91/><E91/><V20/><F12/><W27/><G124/><RYUUKYOKU ba="3,0" sc="40,15,504,15,250,-15,206,-15" hai0="37,42,43,45,46,66,67" hai1="28,29,30,50,52,54,56,62,132,134" /><INIT seed="7,4,0,1,4,77" ten="55,519,235,191" oya="3" hai0="87,45,126,0,2,86,114,66,88,131,103,84,67" hai1="15,122,85,134,19,97,41,23,99,127,36,109,6" hai2="135,92,73,132,82,106,130,46,91,58,90,95,76" hai3="100,33,14,40,121,111,59,107,128,72,37,3,112"/><W51/><RYUUKYOKU type="yao9" ba="4,0" sc="55,0,519,0,235,0,191,0" hai3="3,14,33,37,40,51,59,72,100,107,111,112,121,128" /><INIT seed="7,5,0,4,5,75" ten="55,519,235,191" oya="3" hai0="90,76,5,34,124,59,56,87,7,125,112,1,134" hai1="25,131,129,48,98,44,29,30,89,118,50,88,127" hai2="52,123,10,91,110,8,115,103,122,60,70,36,15" hai3="35,32,28,22,71,39,116,95,128,93,46,63,133"/><W72/><G116/><T78/><D34/><U17/><E118/><V11/><F110/><W27/><G72/><T20/><D20/><N who="1" m="13455" /><E127/><N who="0" m="48713" /><D134/><U33/><E33/><V94/><F115/><W105/><G105/><T19/><D19/><U23/><E50/><V9/><F103/><W64/><G133/><T102/><D102/><U107/><E107/><V61/><F36/><W54/><G32/><T100/><D100/><U113/><E113/><V109/><F109/><W47/><G35/><T13/><D112/><U12/><E98/><N who="2" m="57695" /><F52/><W4/><G128/><T108/><D13/><U2/><E12/><V80/><F80/><W38/><G38/><T82/><D108/><U24/><E2/><V66/><F66/><W58/><G4/><N who="0" m="1611" /><D1/><U84/><E30/><V6/><F70/><W68/><G68/><T43/><D43/><U132/><E132/><V16/><F6/><W74/><G39/><T83/><D83/><U135/><E135/><V37/><F37/><W65/><G71/><T99/><D99/><U119/><E119/><V41/><F41/><W120/><G22/><T26/><D26/><U49/><E23/><V104/><F104/><W3/><G3/><T86/><D86/><U0/><E84/><V40/><F40/><W96/><G96/><T81/><D81/><U45/><E24/><V14/><F14/><W62/><G27/><T130/><D130/><N who="1" m="49675" /><E0/><V53/><F9/><W51/><G74/><T42/><D42/><N who="1" m="24599" /><E29/><V67/><F11/><W114/><G28/><T31/><D31/><U73/><E73/><V106/><F10/><W21/><G21/><T92/><D82/><RYUUKYOKU ba="5,0" sc="55,15,519,15,235,-15,191,-15" hai0="56,59,76,78,87,90,92" hai1="45,49,88,89" owari="70,-43.0,534,63.0,220,2.0,176,-22.0" /></mjloggm>