<mjloggm ver="2.3"><GO type="169" lobby="0"/><UN n0="%E3%82%A6%E3%83%AB%E3%83%88%E3%83%A9%E7%AB%8B%E7%9B%B4" n1="%E3%81%8B%E3%82%89%E3%83%BC%E3%81%9C" n2="%3D%4A%61%6D" n3="%72%61%6B%75%E7%AC%AC%32%E6%9D%B1%E9%A2%A8" dan="18,16,16,17" rate="2249.89,2151.13,2089.82,2225.80" sx="M,M,M,M"/><TAIKYOKU oya="0"/><INIT seed="0,0,0,0,4,131" ten="250,250,250,250" oya="0" hai0="19,124,3,133,78,30,83,105,18,79,111,113,108" hai1="48,10,34,69,77,5,115,88,112,67,116,128,9" hai2="33,51,64,135,76,13,60,68,7,110,72,99,2" hai3="23,38,118,35,73,57,40,29,55,28,36,6,12"/><T114/><D105/><U21/><E34/><V123/><F123/><W32/><G118/><T11/><D83/><U98/><E116/><V37/><F13/><W24/><G73/><T90/><D90/><U70/><E128/><V42/><F51/><W107/><G107/><T102/><D102/><U14/><E77/><V94/><F110/><N who="0" m="42026" /><D79/><U63/><E48/><V0/><F7/><W59/><G40/><T89/><D89/><U101/><E70/><V97/><F97/><W16/><G57/><T25/><D78/><U71/><E71/><V119/><F119/><W45/><G45/><T84/><D84/><U46/><E46/><V39/><F33/><W125/><G125/><T95/><D95/><U52/><E88/><V62/><F62/><W66/><G66/><T92/><D92/><U103/><E69/><V50/><F50/><W109/><G109/><T106/><D106/><U129/><E129/><V134/><F76/><W100/><G100/><T86/><D86/><U53/><E67/><V93/><F72/><W130/><G130/><T41/><D124/><U132/><E103/><N who="2" m="60911" /><F94/><W4/><G59/><T96/><D96/><U22/><E101/><V91/><F91/><W75/><G55/><T80/><D80/><U47/><E98/><V58/><F58/><W126/><G75/><T104/><D104/><U1/><E53/><V27/><F42/><W120/><G126/><T82/><D82/><U49/><E52/><V54/><F54/><W61/><G61/><T65/><D41/><U44/><E63/><V43/><F43/><W81/><G81/><T15/><D65/><RYUUKYOKU ba="0,0" sc="250,0,250,0,250,0,250,0" /><INIT seed="1,1,0,1,0,58" ten="250,250,250,250" oya="1" hai0="62,2,45,30,13,20,119,134,129,52,95,124,17" hai1="67,70,114,31,118,5,16,111,106,41,112,29,23" hai2="12,63,116,72,91,132,59,14,122,61,88,125,27" hai3="135,78,69,64,81,83,77,48,24,98,65,76,38"/><U131/><E106/><V11/><F72/><W9/><G38/><T99/><D2/><U126/><E41/><V74/><F74/><W51/><G135/><T25/><D119/><U37/><E37/><V109/><F116/><W49/><G69/><T75/><D75/><U47/><E47/><V3/><F3/><W127/><G127/><T28/><D129/><U50/><E50/><V34/><F122/><W128/><G128/><T73/><D73/><U53/><E53/><V7/><F125/><W97/><G9/><T93/><D124/><U42/><E42/><V33/><F132/><W103/><G24/><T21/><D134/><U1/><E126/><V57/><F27/><W115/><G115/><T71/><D30/><U79/><E79/><V55/><F109/><W15/><G15/><T0/><D0/><U68/><E118/><V32/><REACH who="2" step="1"/><F14/><REACH who="2" ten="250,250,240,250" step="2"/><W105/><REACH who="3" step="1"/><G97/><REACH who="3" ten="250,250,240,240" step="2"/><T96/><D96/><U101/><E1/><V130/><F130/><W86/><G86/><T102/><D99/><U92/><E131/><V60/><F60/><W40/><G40/><T90/><D62/><U100/><E114/><V36/><F36/><W89/><G89/><T113/><D90/><U54/><E112/><V87/><F87/><W94/><G94/><T18/><D95/><U80/><E92/><V44/><F44/><W4/><G4/><T22/><D113/><U108/><E5/><V19/><F19/><W46/><G46/><T8/><D93/><U26/><E26/><V10/><F10/><W66/><AGARI ba="1,2" hai="48,49,51,64,65,66,76,77,78,81,83,98,103,105" machi="66" ten="40,8000,1" yaku="1,1,0,1,29,2,53,0" doraHai="58" doraHaiUra="107" who="3" fromWho="3" sc="250,-21,250,-41,240,-21,240,103" /><INIT seed="2,0,0,3,0,106" ten="229,209,219,343" oya="2" hai0="102,71,31,50,18,87,108,76,28,126,6,112,69" hai1="29,32,113,99,116,7,128,109,21,81,123,9,89" hai2="51,26,88,129,65,48,25,63,134,24,114,61,45" hai3="55,110,80,22,3,131,2,96,64,135,90,73,100"/><V30/><F114/><W14/><G131/><T132/><D6/><U58/><E113/><V78/><F129/><W86/><G135/><T39/><D39/><U35/><E116/><V38/><F134/><W20/><G110/><T5/><D5/><U101/><E109/><V59/><F78/><W17/><G64/><T10/><D102/><U41/><E41/><V12/><F12/><W111/><G111/><T118/><D108/><U66/><E128/><V23/><F38/><W8/><G73/><T46/><D112/><U36/><E36/><V124/><F124/><W104/><G3/><T62/><D126/><U43/><E43/><V120/><F120/><W130/><G130/><T107/><D107/><U122/><E89/><V83/><F61/><W40/><G40/><T68/><D62/><N who="1" m="38231" /><E81/><V74/><F51/><W33/><G33/><T77/><D118/><U27/><E35/><V105/><F105/><W60/><G2/><T82/><D77/><U125/><E32/><V127/><F127/><W47/><REACH who="3" step="1"/><G60/><REACH who="3" ten="229,209,219,333" step="2"/><T49/><D132/><U19/><E125/><V16/><F30/><W84/><G84/><T92/><D31/><U75/><E29/><V93/><F74/><W37/><G37/><T85/><D28/><U4/><E75/><V15/><F83/><W70/><G70/><T97/><D71/><U115/><E115/><V91/><F93/><W42/><G42/><AGARI ba="0,1" hai="15,16,23,24,25,26,42,45,48,59,63,65,88,91" machi="42" ten="40,7700,0" yaku="8,1,54,2" doraHai="106" who="2" fromWho="3" sc="229,0,209,0,219,87,333,-77" /><INIT seed="2,1,0,3,3,114" ten="229,209,306,256" oya="2" hai0="21,62,40,45,90,116,64,63,22,131,93,48,30" hai1="57,109,124,108,130,54,65,121,87,69,129,126,107" hai2="14,49,123,19,133,51,128,67,0,134,1,66,100" hai3="119,16,71,75,92,122,29,120,4,55,42,27,7"/><V72/><F72/><W97/><G75/><T11/><D131/><N who="1" m="50187" /><E87/><V32/><F128/><W118/><G71/><T106/><D106/><U74/><E107/><V12/><F32/><W39/><G42/><T50/><D116/><U59/><E74/><V84/><F84/><W111/><G39/><T9/><D50/><N who="2" m="18954" /><F100/><W127/><G55/><T82/><D82/><U33/><E33/><V112/><F112/><W43/><G43/><T88/><D90/><U3/><E3/><N who="2" m="1099" /><F19/><W61/><G61/><N who="0" m="23051" /><D64/><N who="2" m="24618" /><F123/><N who="3" m="47147" /><G92/><T79/><D79/><U135/><E121/><V76/><F76/><W77/><G77/><T104/><D104/><U101/><E101/><V47/><F47/><W70/><G70/><T94/><D94/><U56/><E54/><V37/><F37/><W85/><G85/><N who="0" m="52367" /><D30/><U83/><E83/><V17/><F17/><W26/><G97/><T105/><D105/><U10/><E69/><V36/><F36/><W34/><G127/><N who="1" m="48682" /><E65/><V117/><F117/><N who="3" m="44555" /><G111/><N who="1" m="42570" /><E10/><AGARI ba="1,0" hai="9,10,11,21,22,40,45,48" m="52367,23051" machi="10" ten="30,2000,0" yaku="8,1,54,1" doraHai="114" who="0" fromWho="1" sc="229,23,209,-23,306,0,256,0" /><INIT seed="3,0,0,4,3,7" ten="252,186,306,256" oya="3" hai0="37,53,89,27,97,25,127,39,4,85,107,80,109" hai1="50,119,65,21,49,100,72,81,124,0,78,54,2" hai2="30,35,69,92,62,132,88,12,57,96,28,66,42" hai3="133,71,31,11,113,122,90,26,128,106,32,48,82"/><W103/><G122/><T9/><D109/><U68/><E124/><V8/><F132/><W102/><G113/><T83/><D127/><U6/><E119/><V10/><F69/><W19/><G133/><T73/><D53/><U74/><E100/><V18/><F35/><W114/><G114/><T104/><D73/><U91/><E72/><V125/><F125/><W77/><G71/><T38/><D83/><U70/><E65/><V29/><F42/><W94/><G128/><T45/><D45/><U123/><E123/><V84/><F96/><W93/><G93/><T59/><D59/><U43/><E43/><V130/><REACH who="2" step="1"/><F8/><REACH who="2" ten="252,186,296,256" step="2"/><W3/><G106/><T116/><D116/><U126/><E126/><V129/><AGARI ba="0,1" hai="10,12,18,28,29,30,57,62,66,84,88,92,129,130" machi="129" ten="30,8000,1" yaku="1,1,2,1,0,1,52,1,54,1,53,0" doraHai="7" doraHaiUra="20" who="2" fromWho="2" sc="252,-20,186,-20,296,90,256,-40" /><INIT seed="4,0,0,0,3,2" ten="232,166,386,216" oya="0" hai0="131,125,26,70,68,46,120,76,111,122,16,22,84" hai1="48,42,3,31,44,52,30,57,23,37,96,82,29" hai2="134,128,102,135,28,51,73,13,25,64,133,20,99" hai3="15,91,116,115,32,89,83,129,59,34,124,10,11"/><T108/><D131/><U62/><E3/><V58/><F73/><W18/><G116/><T69/><D125/><U50/><E82/><V105/><F128/><W38/><G38/><T97/><D97/><U88/><REACH who="1" step="1"/><E23/><REACH who="1" ten="232,156,386,216" step="2"/><V78/><F135/><W0/><G129/><T118/><D118/><U80/><E80/><V53/><F134/><W63/><G124/><T4/><D120/><U1/><E1/><V35/><F133/><W87/><G115/><T110/><D122/><U66/><E66/><V127/><F127/><W106/><G32/><T77/><D84/><U104/><E104/><V65/><F35/><W117/><G34/><T121/><D121/><U119/><E119/><V85/><F85/><W56/><G106/><T79/><D46/><U107/><E107/><V21/><F64/><W92/><G117/><T130/><D130/><U112/><E112/><V100/><F65/><W8/><G0/><T41/><D41/><U17/><E17/><V90/><F105/><W101/><G101/><T71/><N who="0" m="17408" /><DORA hai="19" /><T81/><D81/><U61/><E61/><V114/><F114/><W132/><G132/><T123/><D123/><U14/><E14/><V33/><F33/><W24/><G24/><T6/><AGARI ba="0,1" hai="4,6,16,22,26,76,77,79,108,110,111" m="17408" machi="6" ten="70,24000,3" yaku="0,1,29,2,10,1,52,3,54,1" doraHai="2,19" who="0" fromWho="0" sc="232,250,156,-80,386,-80,216,-80" /><INIT seed="4,1,0,3,4,4" ten="482,76,306,136" oya="0" hai0="75,112,94,128,20,113,30,15,110,29,100,3,106" hai1="62,46,93,26,40,76,101,71,108,27,125,131,96" hai2="9,72,126,41,53,12,82,56,18,51,104,38,47" hai3="92,0,86,2,70,114,119,127,88,85,8,65,79"/><T42/><D3/><U64/><E108/><V69/><F104/><W16/><G119/><T43/><D106/><U6/><E125/><V77/><REACH who="2" step="1"/><F69/><REACH who="2" ten="482,76,296,136" step="2"/><W91/><G127/><AGARI ba="1,1" hai="9,12,18,38,41,47,51,53,56,72,77,82,126,127" machi="127" ten="40,5200,0" yaku="1,1,2,1,52,1,53,0" doraHai="4" doraHaiUra="57" who="2" fromWho="3" sc="482,0,76,0,296,65,136,-55" /><INIT seed="5,0,0,0,1,128" ten="482,76,361,81" oya="1" hai0="37,115,7,71,38,126,36,31,16,59,131,11,87" hai1="95,120,76,21,94,101,24,79,103,57,80,45,60" hai2="41,88,100,92,134,63,99,78,97,35,48,49,69" hai3="112,93,22,114,121,129,110,98,42,86,61,20,113"/><U135/><E120/><V106/><F41/><W75/><G75/><T18/><D71/><U89/><E45/><V56/><F69/><W118/><G129/><T132/><D31/><U96/><E135/><V77/><F35/><W83/><G42/><T28/><D28/><U81/><E81/><V125/><F125/><W0/><G0/><T50/><D132/><U39/><E39/><V62/><F62/><W72/><G72/><T58/><D131/><U23/><E80/><V25/><F134/><W29/><G110/><T67/><D126/><U2/><E2/><V105/><F25/><W74/><G74/><T90/><D115/><U55/><E21/><V73/><F106/><W26/><G22/><T116/><D116/><U85/><REACH who="1" step="1"/><E103/><REACH who="1" ten="482,66,361,81" step="2"/><V10/><F73/><W33/><G121/><T127/><D37/><U68/><E68/><V64/><F77/><W14/><G61/><T108/><D38/><U117/><E117/><V34/><F78/><W123/><G123/><T102/><D102/><U5/><E5/><V46/><F34/><W44/><G44/><T27/><D7/><U52/><E52/><V122/><F122/><W53/><G53/><N who="0" m="32055" /><D36/><U54/><E54/><V3/><F46/><W13/><G118/><T8/><D127/><U1/><E1/><V111/><F111/><W82/><G33/><T15/><D108/><U70/><E70/><V51/><F3/><W6/><G6/><T47/><D47/><U119/><E119/><V4/><F4/><W12/><REACH who="3" step="1"/><G86/><REACH who="3" ten="482,66,361,71" step="2"/><T65/><D87/><U109/><E109/><V130/><F130/><W19/><G19/><AGARI ba="0,2" hai="19,23,24,55,57,60,76,79,85,89,94,95,96,101" machi="19" ten="30,11600,0" yaku="1,1,6,1,7,1,8,1,53,0" doraHai="128" doraHaiUra="9" who="1" fromWho="3" sc="482,0,66,136,361,0,71,-116" owari="482,59.0,202,-20.0,361,16.0,-45,-55.0" /></mjloggm>