<mjloggm ver="2.3"><GO type="169" lobby="0"/><UN n0="%E9%80%A3%E5%88%BB" n1="%E2%80%A0%E3%81%BE%E3%83%BC%E5%9D%8A%E2%80%A0" n2="%E3%82%A6%E3%83%AB%E3%83%88%E3%83%A9%E7%AB%8B%E7%9B%B4" n3="%E3%83%97%E3%83%A9%E3%83%81%E3%83%8A%E3%83%A0" dan="16,19,17,17" rate="2145.72,2215.58,2155.66,2168.65" sx="M,M,M,M"/><TAIKYOKU oya="0"/><INIT seed="0,0,0,1,0,78" ten="250,250,250,250" oya="0" hai0="102,63,8,112,19,111,103,67,90,29,122,12,70" hai1="75,10,30,37,35,132,22,129,32,120,110,116,0" hai2="89,117,39,13,83,64,99,126,44,53,104,48,52" hai3="27,106,15,95,88,121,114,38,81,105,23,25,98"/><T130/><D130/><U128/><BYE who="0" /><RYUUKYOKU type="yao9" ba="0,0" sc="250,0,250,0,250,0,250,0" hai1="0,10,22,30,32,35,37,75,110,116,120,128,129,132" /><INIT seed="0,1,0,3,0,67" ten="250,250,250,250" oya="0" hai0="98,132,106,100,107,70,134,12,54,83,74,71,35" hai1="39,53,50,89,6,24,18,104,47,69,34,133,1" hai2="16,75,94,135,95,42,93,61,9,80,115,130,0" hai3="37,108,90,26,119,79,43,102,105,97,14,73,77"/><T116/><D116/><U20/><E104/><V117/><F115/><W87/><G119/><T124/><D124/><U125/><E125/><V63/><F117/><W51/><G37/><T11/><D11/><U121/><E121/><V59/><F130/><W41/><G108/><UN n0="%E9%80%A3%E5%88%BB" /><T48/><D35/><U131/><E131/><V33/><F33/><W28/><G14/><T92/><D12/><U38/><E133/><N who="0" m="51305" /><D83/><U118/><E118/><V109/><F109/><W15/><G15/><T29/><D29/><U25/><E25/><V52/><F135/><W36/><G36/><T78/><D78/><U21/><E21/><V55/><F42/><W72/><G79/><T86/><D74/><U7/><E34/><V81/><F75/><W123/><G123/><T64/><D64/><U44/><E38/><V22/><F9/><W112/><G112/><T3/><D3/><U19/><E1/><V57/><F0/><W126/><G126/><T127/><D127/><U5/><E19/><V101/><F101/><W111/><G111/><T114/><D86/><U31/><E31/><V103/><F103/><W88/><G73/><T66/><D66/><U91/><E39/><V30/><F30/><W76/><G76/><T10/><D10/><U46/><REACH who="1" step="1"/><E69/><REACH who="1" ten="250,240,250,250" step="2"/><N who="0" m="26121" /><D114/><U84/><E84/><V82/><F22/><W49/><G87/><T68/><N who="0" m="26129" /><T60/><DORA hai="85" /><D60/><U65/><E65/><V17/><AGARI ba="1,1" hai="16,17,52,55,57,59,61,63,80,81,82,93,94,95" machi="17" ten="40,8000,1" yaku="0,1,9,1,8,1,54,2" doraHai="67,85" who="2" fromWho="2" sc="250,-41,240,-21,250,93,250,-21" /><INIT seed="1,0,0,5,1,61" ten="209,219,343,229" oya="1" hai0="27,103,17,82,118,29,67,131,72,116,110,96,74" hai1="117,108,34,83,79,49,100,19,81,70,63,73,123" hai2="31,11,114,32,119,134,52,129,7,71,8,46,30" hai3="135,48,121,77,41,87,23,94,124,14,57,126,75"/><U125/><E117/><V64/><F119/><W38/><G38/><T4/><D131/><U37/><E37/><V28/><F129/><W0/><G75/><T24/><D110/><U6/><E34/><V50/><F134/><W111/><G0/><T112/><D112/><U66/><E123/><V10/><F114/><W86/><G121/><T69/><D4/><U105/><E108/><V120/><F120/><W76/><G135/><T36/><D17/><U130/><E130/><V78/><F78/><W115/><G115/><T42/><D27/><U54/><E125/><V85/><F85/><W1/><G1/><T43/><D43/><U92/><E105/><V39/><F39/><W132/><G132/><T9/><D9/><U58/><E19/><V65/><F32/><W51/><G57/><T88/><D42/><U122/><E122/><V133/><F133/><W53/><G41/><T104/><D36/><U89/><E83/><V16/><F7/><W2/><G2/><T26/><D26/><U40/><E40/><V13/><F71/><W12/><G94/><T15/><D15/><U22/><E6/><V84/><F84/><W55/><REACH who="3" step="1"/><G23/><AGARI ba="0,0" hai="8,10,11,13,16,23,28,30,31,46,50,52,64,65" machi="23" ten="40,8000,1" yaku="8,1,52,2,54,2" doraHai="61" who="2" fromWho="3" sc="209,0,219,0,343,80,229,-80" /><INIT seed="2,0,0,5,2,84" ten="209,219,423,149" oya="2" hai0="64,31,87,41,62,83,99,19,110,123,20,13,66" hai1="111,132,10,127,105,23,72,76,29,18,113,78,79" hai2="71,104,55,130,27,49,12,124,6,80,45,15,42" hai3="109,26,16,61,33,116,134,106,14,115,118,54,34"/><V50/><F104/><W63/><G106/><T60/><D110/><U77/><E113/><V102/><F71/><W125/><G109/><T44/><D123/><U43/><E111/><V103/><F130/><W98/><G115/><T46/><D99/><U68/><E68/><V122/><F122/><W40/><G134/><T74/><D74/><U17/><E105/><V119/><F119/><W58/><G125/><T0/><D0/><U24/><E132/><V4/><F27/><W30/><G34/><T51/><D46/><U73/><E127/><V133/><F133/><W52/><G40/><T1/><D31/><U97/><E43/><V135/><F135/><W101/><G98/><T129/><D1/><U38/><E38/><V65/><F65/><N who="0" m="25194" /><D129/><U5/><N who="1" m="19456" /><DORA hai="90" /><U9/><E97/><V48/><F124/><W37/><G37/><T47/><D47/><U36/><E36/><V59/><F80/><W8/><G101/><N who="2" m="38409" /><F49/><W128/><G128/><T96/><D96/><U100/><E100/><V112/><F112/><W75/><G75/><T21/><D21/><U82/><E82/><V69/><F69/><W56/><AGARI ba="0,0" hai="8,14,16,26,30,33,52,54,56,58,61,63,116,118" machi="56" ten="30,7900,0" yaku="0,1,9,1,54,2" doraHai="84,90" who="3" fromWho="3" sc="209,-20,219,-20,423,-39,149,79" /><INIT seed="3,0,0,1,5,15" ten="189,199,384,228" oya="3" hai0="70,42,82,90,85,76,30,79,78,2,103,60,53" hai1="131,67,37,122,22,40,121,35,9,57,112,102,34" hai2="68,74,127,126,5,110,1,55,44,91,41,26,124" hai3="19,92,17,29,20,108,7,95,21,54,46,48,64"/><W113/><G113/><T69/><D2/><U16/><E112/><V77/><F68/><W27/><G7/><T119/><D119/><U38/><E35/><V51/><F110/><W99/><G108/><T96/><D42/><U106/><E34/><V107/><F107/><W104/><G104/><T72/><D30/><U31/><E131/><V132/><F132/><W36/><G36/><T32/><D32/><U125/><E125/><V130/><F130/><W87/><G64/><T43/><D43/><U45/><E38/><V47/><F26/><W120/><G120/><T59/><REACH who="0" step="1"/><D72/><REACH who="0" ten="179,199,384,228" step="2"/><U128/><E31/><V89/><F1/><W49/><G29/><T52/><D52/><U75/><E75/><V50/><F74/><W23/><G54/><T94/><AGARI ba="0,1" hai="53,59,60,69,70,76,78,79,82,85,90,94,96,103" machi="94" ten="30,2000,0" yaku="1,1,0,1,53,0" doraHai="15" doraHaiUra="109" who="0" fromWho="0" sc="179,30,199,-5,384,-5,228,-10" /><INIT seed="4,0,0,2,4,89" ten="209,194,379,218" oya="0" hai0="52,99,85,83,87,74,25,132,62,117,65,84,97" hai1="115,66,29,68,43,95,60,70,55,7,18,44,102" hai2="109,63,13,36,101,21,114,71,1,133,40,91,113" hai3="24,75,41,23,16,64,32,17,90,72,33,79,46"/><T126/><D117/><U50/><E115/><N who="2" m="44043" /><F1/><W73/><G79/><T5/><D132/><U82/><E29/><V98/><F133/><W105/><G105/><T108/><D126/><U27/><E7/><V116/><F109/><W127/><G64/><T28/><D108/><U129/><E129/><V38/><F40/><W134/><G127/><T39/><D5/><U30/><E18/><N who="2" m="10447" /><F91/><W120/><G120/><T49/><D39/><U96/><E82/><V54/><F116/><W122/><G122/><T14/><D14/><U19/><E19/><V131/><F131/><W8/><G134/><T119/><D119/><U9/><E9/><V35/><F35/><W10/><G90/><T112/><D112/><U45/><E70/><V51/><F63/><W58/><G33/><T57/><D74/><U94/><E43/><V2/><F71/><W124/><G32/><T121/><D83/><U78/><E78/><V100/><F2/><W34/><G34/><T15/><D15/><U67/><E67/><V80/><F80/><W76/><G76/><T110/><D110/><U61/><E61/><V20/><F20/><W12/><G124/><T4/><D4/><U6/><E6/><V69/><F69/><W106/><G8/><T22/><REACH who="0" step="1"/><D121/><REACH who="0" ten="199,194,379,218" step="2"/><U3/><E3/><V104/><F36/><N who="3" m="21799" /><G73/><T125/><D125/><U130/><E130/><V59/><F38/><W42/><G75/><T53/><D53/><U88/><E55/><V123/><F123/><W48/><G72/><T0/><D0/><U92/><E66/><V26/><F26/><W118/><G24/><T31/><D31/><RYUUKYOKU ba="0,1" sc="199,15,194,-15,379,15,218,-15" hai0="22,25,28,49,52,57,62,65,84,85,87,97,99" hai2="51,54,59,98,100,101,104" /><INIT seed="4,1,1,1,3,99" ten="214,179,394,203" oya="0" hai0="63,103,104,7,51,84,13,24,76,108,26,117,90" hai1="58,91,114,92,115,109,106,57,12,18,5,31,37" hai2="28,4,14,71,113,97,124,88,29,68,9,10,8" hai3="3,6,130,23,25,75,44,16,81,60,49,48,42"/><T112/><D117/><U34/><E109/><V61/><F113/><N who="1" m="43017" /><E106/><V32/><F32/><W102/><G130/><T69/><D112/><U11/><E37/><V134/><F71/><W47/><G60/><T38/><D38/><U55/><E55/><V110/><F110/><W36/><G102/><T40/><D76/><U0/><E31/><V116/><F10/><N who="3" m="2399" /><G47/><T131/><D131/><U129/><E34/><V86/><F68/><W73/><G73/><T27/><D108/><U96/><E129/><V35/><F35/><W67/><G67/><T94/><D69/><U87/><E87/><V133/><F61/><W22/><G22/><AGARI ba="1,1" hai="0,5,11,12,18,22,57,58,91,92,96" m="43017" machi="22" ten="30,2000,0" yaku="15,1,11,1" doraHai="99" who="1" fromWho="3" sc="214,0,179,33,394,0,203,-23" /><INIT seed="5,0,0,1,5,41" ten="214,212,394,180" oya="1" hai0="91,95,27,18,119,105,73,28,107,121,76,104,45" hai1="86,51,40,5,25,35,93,16,31,84,85,4,19" hai2="90,68,26,49,117,82,21,72,50,58,17,99,92" hai3="60,44,65,75,33,22,23,39,102,64,115,7,11"/><U1/><E93/><V120/><F68/><W6/><G33/><T61/><D119/><U14/><E1/><V36/><F36/><W24/><G75/><T109/><D109/><U2/><E2/><V114/><F120/><W15/><G115/><T134/><D134/><U87/><N who="1" m="21504" /><DORA hai="113" /><U32/><E32/><V69/><F69/><W0/><G65/><T79/><D121/><U13/><E13/><V100/><F117/><W62/><G62/><T130/><D130/><U129/><E129/><V20/><F100/><W71/><G102/><T67/><D18/><U103/><E103/><V12/><F114/><W59/><G71/><T66/><D66/><U127/><E127/><V112/><F112/><W47/><G39/><T78/><D73/><U123/><E123/><V52/><F82/><W89/><G89/><T108/><D108/><U106/><E106/><V48/><F72/><W97/><G97/><T10/><D91/><U43/><E19/><AGARI ba="0,0" hai="12,17,19,20,21,26,48,49,50,52,58,90,92,99" machi="19" ten="30,3900,0" yaku="7,1,8,1,54,1" doraHai="41,113" who="2" fromWho="1" sc="214,0,212,-39,394,39,180,0" /><INIT seed="6,0,0,0,0,45" ten="214,173,433,180" oya="2" hai0="33,93,83,26,123,68,29,6,27,70,111,96,34" hai1="69,62,124,30,117,114,135,120,82,1,64,49,5" hai2="50,44,36,81,25,101,13,130,112,126,9,28,72" hai3="57,99,23,106,97,42,73,37,12,118,54,90,109"/><V32/><F36/><W125/><G109/><T107/><D111/><U38/><E38/><V61/><F101/><W129/><G73/><T0/><D123/><U46/><E117/><V127/><F61/><W65/><G65/><T43/><D43/><U104/><E120/><V100/><F100/><W15/><G118/><T22/><D83/><U58/><E104/><V31/><F31/><W60/><G125/><T94/><D107/><U92/><E124/><N who="2" m="47659" /><F112/><W128/><G106/><T21/><D6/><U89/><E135/><V110/><F130/><N who="3" m="50283" /><G23/><T48/><D0/><U80/><E30/><V67/><F67/><W84/><G42/><T41/><D34/><U131/><E69/><V122/><F122/><W39/><G39/><T121/><D33/><U115/><E131/><V56/><F56/><W16/><G37/><T47/><D121/><U103/><E103/><V77/><F110/><W53/><G53/><T59/><D59/><U108/><E108/><V133/><F133/><W132/><G132/><T52/><D41/><N who="1" m="24783" /><E115/><V3/><F3/><W66/><G66/><T116/><D116/><U51/><E114/><V95/><F95/><N who="3" m="54727" /><G16/><T134/><D94/><U102/><E102/><V4/><F44/><W85/><G85/><T71/><D134/><U86/><E5/><V17/><F4/><W18/><G18/><N who="0" m="12599" /><D71/><N who="1" m="42391" /><E1/><V75/><F75/><W10/><G10/><T78/><D78/><U11/><E11/><V76/><F76/><W24/><G24/><T119/><D119/><U91/><E91/><V55/><F55/><W20/><G20/><T35/><D22/><U7/><E7/><RYUUKYOKU ba="0,0" sc="214,0,173,0,433,0,180,0" hai0="27,29,35,47,48,52,68,70,93,96" hai1="51,58,80,82,86,89,92" hai2="9,13,17,25,28,32,50,72,77,81" hai3="12,15,54,57,60,97,99" /><INIT seed="6,1,0,5,5,25" ten="214,173,433,180" oya="2" hai0="47,90,113,1,50,104,3,53,106,24,130,6,11" hai1="39,66,71,97,103,122,56,5,29,128,0,119,63" hai2="129,86,94,91,109,55,60,44,75,41,100,52,116" hai3="13,33,58,54,42,49,120,110,12,4,30,62,68"/><V51/><F75/><W107/><G110/><T7/><D130/><U77/><E119/><V15/><F116/><W37/><G107/><T118/><D113/><U98/><E128/><V36/><F129/><W114/><G120/><T101/><D118/><U76/><E39/><V96/><F109/><W64/><G114/><T8/><D101/><U22/><E71/><V117/><F117/><W27/><G4/><T2/><D2/><U93/><E122/><V72/><F72/><W32/><G32/><T18/><D90/><U74/><E74/><V46/><F15/><W102/><G102/><T133/><D133/><U26/><E97/><V83/><F60/><W70/><G70/><T79/><D79/><U85/><E85/><V124/><F124/><W35/><G33/><T78/><D78/><U48/><E48/><V9/><F9/><AGARI ba="1,0" hai="0,5,9,22,26,29,56,63,66,76,77,93,98,103" machi="9" ten="40,5200,0" yaku="25,2,52,1" doraHai="25" who="1" fromWho="2" sc="214,0,173,55,433,-55,180,0" /><INIT seed="7,0,0,1,4,30" ten="214,228,378,180" oya="3" hai0="34,73,51,70,125,25,5,31,134,50,91,57,89" hai1="12,84,87,76,90,44,92,26,135,53,10,28,8" hai2="123,58,4,22,105,32,11,40,88,78,81,133,103" hai3="80,6,127,14,126,9,23,29,35,120,119,38,60"/><W54/><G38/><T96/><D70/><U49/><E135/><V7/><F32/><W82/><G119/><T1/><D73/><U15/><E15/><V122/><F133/><W18/><G120/><T124/><D134/><U65/><E65/><V94/><F40/><W108/><G108/><T113/><D113/><U27/><E28/><V131/><F22/><W47/><G60/><T45/><D57/><U56/><E44/><V66/><F58/><W63/><G63/><T72/><D96/><U116/><E116/><V62/><F62/><W13/><G54/><N who="0" m="30031" /><D51/><U43/><E43/><V33/><F33/><W79/><G47/><T117/><D72/><U100/><E100/><V83/><F66/><W17/><G17/><T71/><D71/><U97/><E8/><V74/><F4/><W16/><G18/><T77/><D77/><U24/><E76/><V109/><F109/><W130/><G130/><T68/><D68/><U107/><E107/><V64/><F64/><W112/><G112/><T85/><D85/><U99/><E84/><N who="2" m="52487" /><F131/><W39/><G39/><T69/><D69/><U93/><E93/><V95/><F95/><W111/><G111/><T46/><D46/><U2/><E2/><N who="2" m="503" /><F83/><W110/><G110/><T42/><D42/><U55/><E53/><V20/><F20/><W102/><G102/><T114/><D114/><U132/><E132/><V52/><F52/><W115/><G115/><T129/><D129/><U59/><E59/><V101/><F101/><W19/><G19/><AGARI ba="0,0" hai="10,12,19,24,26,27,49,55,56,87,90,92,97,99" machi="19" ten="40,1300,0" yaku="8,1" doraHai="30" who="1" fromWho="3" sc="214,0,228,13,378,0,180,-13" owari="214,-19.0,241,4.0,378,48.0,167,-33.0" /></mjloggm>