<mjloggm ver="2.3"><GO type="169" lobby="0"/><UN n0="%E3%82%A6%E3%83%AB%E3%83%88%E3%83%A9%E7%AB%8B%E7%9B%B4" n1="%E3%81%90%E3%82%8A%E3%82%82%E3%81%82" n2="%63%72%69%74%74%65%72" n3="%E3%83%97%E3%83%AD%E3%83%86%E3%82%A4%E3%83%B3%E5%BE%97%E7%9B%9B" dan="18,16,16,16" rate="2288.31,2086.58,2130.22,2104.97" sx="M,M,M,M"/><TAIKYOKU oya="0"/><INIT seed="0,0,0,4,1,3" ten="250,250,250,250" oya="0" hai0="2,107,61,1,119,43,27,104,26,36,53,14,91" hai1="108,12,29,68,32,28,22,17,35,79,124,59,125" hai2="89,21,34,39,95,134,76,90,7,55,51,58,80" hai3="74,131,19,20,18,56,130,57,127,41,45,67,30"/><T92/><D119/><U38/><E68/><V25/><F134/><W70/><G74/><T96/><D1/><U98/><E38/><V40/><F34/><N who="1" m="12841" /><E79/><V113/><F113/><W112/><G112/><T85/><D2/><U33/><E98/><V6/><F39/><W65/><G30/><N who="1" m="11882" /><E59/><N who="3" m="22602" /><G70/><T44/><D61/><U122/><N who="1" m="12849" /><U11/><DORA hai="54" /><E122/><V42/><F21/><W93/><G127/><N who="1" m="48714" /><E108/><V8/><F76/><W87/><G87/><T102/><D53/><U101/><E101/><V135/><F80/><W126/><G93/><T116/><D116/><U118/><E118/><V0/><F95/><W97/><G97/><T103/><D103/><U106/><E106/><V110/><F110/><W49/><G126/><T121/><D121/><U47/><E47/><V48/><F89/><W37/><G37/><T133/><D107/><U115/><E115/><V81/><F90/><W71/><G71/><T16/><REACH who="0" step="1"/><D133/><REACH who="0" ten="240,250,250,250" step="2"/><U129/><E129/><N who="3" m="49162" /><G19/><T72/><D72/><U128/><E128/><V114/><F135/><W99/><G99/><T23/><AGARI ba="0,1" hai="14,16,23,26,27,36,43,44,85,91,92,96,102,104" machi="23" ten="20,7800,0" yaku="1,1,0,1,7,1,54,1,53,0" doraHai="3,54" doraHaiUra="75,62" who="0" fromWho="0" sc="240,88,250,-26,250,-26,250,-26" /><INIT seed="0,1,0,4,1,20" ten="328,224,224,224" oya="0" hai0="74,32,130,94,124,128,17,113,53,93,102,132,54" hai1="100,30,35,26,121,84,83,21,105,8,131,0,64" hai2="69,62,122,40,78,23,45,82,71,127,9,13,55" hai3="85,16,65,77,104,41,46,126,31,107,39,4,129"/><T76/><D113/><U38/><E121/><V109/><F122/><W110/><G4/><T11/><D32/><U36/><E131/><N who="0" m="50217" /><D124/><U18/><E64/><V10/><F127/><W99/><G126/><T14/><D132/><U79/><E100/><V98/><F109/><W47/><G110/><T135/><D135/><U92/><E105/><V106/><F23/><W97/><G31/><T87/><D74/><U116/><E116/><V133/><F133/><W66/><G129/><T112/><D112/><U42/><E92/><N who="0" m="35433" /><D102/><U28/><E28/><V37/><F106/><W88/><G77/><T7/><D7/><U86/><E42/><V34/><F34/><W25/><G107/><T15/><D15/><U19/><E0/><V49/><F98/><N who="3" m="37387" /><G39/><T50/><D50/><U1/><E1/><V95/><F37/><W96/><G96/><T63/><D63/><U75/><E38/><V91/><F62/><W43/><G104/><T52/><D54/><U2/><E36/><V59/><F55/><W57/><G43/><T123/><D123/><U101/><E101/><V108/><F40/><W67/><G57/><T90/><D76/><U5/><E19/><V115/><F59/><W119/><G41/><T48/><D48/><U3/><E3/><V29/><F49/><W118/><G118/><T80/><AGARI ba="1,0" hai="11,14,17,52,53,80,87,90" m="35433,50217" machi="80" ten="30,3000,0" yaku="19,1,54,1" doraHai="20" who="0" fromWho="0" sc="328,33,224,-11,224,-11,224,-11" /><INIT seed="0,2,0,0,0,24" ten="361,213,213,213" oya="0" hai0="50,61,29,120,123,9,22,45,52,35,76,112,54" hai1="128,101,46,118,51,96,134,28,125,0,64,1,26" hai2="48,126,87,39,43,19,62,116,98,127,27,44,11" hai3="129,103,131,83,17,88,86,25,38,71,121,63,2"/><T100/><D112/><U6/><E118/><V90/><F116/><W49/><G38/><T124/><D35/><U69/><E125/><N who="2" m="47627" /><F98/><W119/><G2/><T23/><D124/><U78/><E128/><N who="3" m="49226" /><G119/><T115/><D115/><U80/><E134/><V47/><F62/><W108/><G108/><T79/><D100/><U135/><E135/><V117/><F117/><W97/><G121/><T21/><D9/><U8/><E64/><V15/><F27/><W60/><G49/><N who="0" m="28719" /><D120/><U68/><E0/><V12/><F12/><W109/><G109/><T110/><D110/><U85/><E51/><V13/><F13/><W106/><G71/><T59/><D123/><U93/><REACH who="1" step="1"/><E46/><REACH who="1" ten="361,203,213,213" step="2"/><N who="2" m="25695" /><F39/><W81/><G81/><AGARI ba="2,1" hai="11,15,19,44,47,81,87,90" m="25695,47627" machi="81" ten="30,1000,0" yaku="18,1" doraHai="24" who="2" fromWho="3" sc="361,0,203,0,213,26,213,-16" /><INIT seed="1,0,0,0,0,23" ten="361,203,239,197" oya="1" hai0="13,118,44,69,113,100,34,27,49,12,30,132,102" hai1="86,114,72,81,37,105,57,32,68,20,83,122,85" hai2="46,2,97,31,33,19,78,74,48,135,51,18,108" hai3="62,45,47,9,91,127,87,89,84,64,15,75,79"/><U56/><E122/><V52/><F2/><W29/><G75/><T92/><D69/><U116/><E116/><V90/><F108/><W10/><G127/><T88/><D113/><U16/><E114/><V80/><F135/><W66/><G29/><T103/><D132/><U65/><E32/><V35/><F35/><W63/><REACH who="3" step="1"/><G15/><REACH who="3" ten="361,203,239,187" step="2"/><T133/><D133/><U95/><E72/><V55/><F31/><W40/><G40/><T125/><D125/><U26/><E105/><V60/><F33/><W112/><G112/><T4/><D118/><U107/><E107/><V120/><F120/><W8/><G8/><T50/><D13/><U67/><E37/><V131/><F131/><W98/><G98/><T54/><D12/><U134/><E134/><V111/><F111/><W101/><G101/><T115/><D103/><U104/><E104/><V5/><F97/><W53/><G53/><T110/><D102/><U38/><E38/><V7/><F55/><W93/><G93/><T126/><D100/><U77/><E95/><V3/><F52/><W121/><G121/><T76/><D92/><U43/><E43/><V94/><F94/><W128/><G128/><T130/><D54/><U42/><E42/><V6/><F74/><W25/><G25/><T119/><D27/><U22/><E65/><V14/><F14/><W24/><G24/><T21/><D34/><U129/><E129/><V0/><F0/><W70/><G70/><T28/><D130/><U61/><E22/><V17/><F3/><W36/><G36/><T73/><D115/><U96/><E96/><V99/><F99/><RYUUKYOKU ba="0,1" sc="361,-15,203,15,239,-15,187,15" hai1="16,20,26,56,57,61,67,68,77,81,83,85,86" hai3="9,10,45,47,62,63,64,66,79,84,87,89,91" /><INIT seed="1,1,1,2,1,110" ten="346,218,224,202" oya="1" hai0="53,64,0,17,49,30,28,63,36,103,85,11,29" hai1="133,98,52,42,95,88,118,40,115,111,99,2,83" hai2="130,55,66,24,128,91,97,25,114,107,38,127,41" hai3="35,45,102,120,8,15,89,87,56,21,5,16,58"/><U72/><E118/><V78/><F127/><W23/><G120/><T37/><D103/><U69/><E111/><V32/><F78/><W31/><G102/><T100/><D100/><U6/><E69/><V71/><F107/><W75/><G75/><T26/><D85/><U96/><E115/><V4/><F4/><W129/><G129/><T48/><D48/><U60/><E133/><V27/><F32/><W105/><G105/><T119/><D119/><U74/><E74/><V79/><F79/><W106/><G106/><T12/><D0/><U108/><E108/><V126/><F126/><W86/><G35/><T39/><D26/><U51/><E72/><V1/><F1/><W33/><G33/><T20/><D11/><U132/><E132/><V19/><F114/><W57/><G45/><T73/><D73/><U82/><E2/><V77/><F77/><W70/><G70/><T93/><D93/><U131/><E6/><V10/><F55/><W3/><REACH who="3" step="1"/><G89/><REACH who="3" ten="346,218,224,192" step="2"/><T13/><D37/><U109/><E109/><V43/><F38/><W125/><G125/><T113/><D36/><U18/><E131/><V34/><F34/><W44/><G44/><T9/><D39/><U135/><E135/><V50/><F128/><W47/><G47/><T54/><D113/><U122/><E122/><V81/><F71/><W14/><G14/><T101/><D101/><U117/><E117/><V22/><F91/><W121/><G121/><T76/><D13/><U123/><E123/><V112/><F130/><W134/><G134/><T104/><D12/><U68/><E68/><V80/><F27/><AGARI ba="1,2" hai="3,5,8,15,16,21,23,27,31,56,57,58,86,87" machi="27" ten="40,5200,0" yaku="1,1,6,1,54,1,53,0" doraHai="110" doraHaiUra="90" who="3" fromWho="2" sc="346,0,218,0,224,-55,192,75" /><INIT seed="2,0,0,5,4,58" ten="346,218,169,267" oya="2" hai0="23,131,47,0,16,43,92,33,76,88,46,64,83" hai1="105,116,18,81,26,25,72,101,75,95,42,12,3" hai2="55,40,69,41,5,118,7,24,112,96,4,103,106" hai3="65,63,78,93,68,36,1,53,14,82,77,38,132"/><V45/><F112/><W51/><G1/><T102/><D33/><U21/><E116/><V80/><F118/><W8/><G132/><T9/><D102/><U28/><E105/><V127/><F69/><W49/><G93/><T90/><D131/><U61/><E3/><V10/><F127/><W31/><G31/><T20/><D64/><U89/><E101/><V56/><F24/><W98/><G98/><T91/><D92/><U84/><E42/><V11/><F80/><W107/><G107/><T29/><D29/><U115/><E115/><V122/><F122/><W60/><G51/><T35/><D35/><U124/><E124/><V114/><F114/><W100/><G100/><T113/><D113/><U17/><E81/><V48/><REACH who="2" step="1"/><F41/><REACH who="2" ten="346,218,159,267" step="2"/><W86/><G78/><T39/><D83/><U130/><E130/><V120/><F120/><W73/><G73/><T109/><D76/><U32/><E72/><V126/><F126/><W117/><G117/><T44/><D43/><U50/><E75/><V67/><F67/><W59/><REACH who="3" step="1"/><G49/><AGARI ba="0,1" hai="4,5,7,10,11,40,45,48,49,55,56,96,103,106" machi="49" ten="40,2000,0" yaku="1,1,53,0" doraHai="58" doraHaiUra="71" who="2" fromWho="3" sc="346,0,218,0,159,30,267,-20" /><INIT seed="2,1,0,5,2,20" ten="346,218,189,247" oya="2" hai0="84,71,17,18,67,63,125,44,76,77,0,95,40" hai1="94,6,53,5,116,92,100,41,57,34,37,82,61" hai2="28,54,108,35,56,102,121,1,9,83,90,80,47" hai3="96,120,85,78,109,133,23,114,88,86,55,103,128"/><V73/><F121/><W132/><G120/><T26/><D0/><U64/><E116/><V58/><F102/><W70/><G70/><T10/><D125/><U69/><E34/><V72/><F108/><W134/><G109/><T65/><D65/><U31/><E82/><V126/><F126/><W33/><G33/><T4/><D95/><U45/><E31/><V12/><F1/><W8/><G128/><T74/><D74/><U112/><E112/><V93/><F47/><W21/><G114/><T11/><D11/><U127/><E127/><V19/><F72/><W30/><G8/><T66/><D66/><U111/><E111/><V7/><F19/><W91/><G78/><T13/><D84/><N who="3" m="32361" /><G55/><T98/><D98/><U99/><REACH who="1" step="1"/><E94/><REACH who="1" ten="346,208,189,247" step="2"/><V119/><F119/><W122/><G122/><T38/><D76/><U118/><E118/><V62/><F73/><W105/><G30/><T52/><D77/><U81/><E81/><V75/><F75/><W129/><G129/><T135/><D135/><U130/><E130/><V39/><F28/><W101/><G105/><T79/><D79/><U51/><AGARI ba="1,1" hai="5,6,37,41,45,51,53,57,61,64,69,92,99,100" machi="51" ten="20,8000,1" yaku="1,1,0,1,7,1,24,2,53,0" doraHai="20" doraHaiUra="123" who="1" fromWho="1" sc="346,-21,208,93,189,-41,247,-21" /><INIT seed="3,0,0,1,5,63" ten="325,301,148,226" oya="3" hai0="111,33,4,39,44,21,121,110,93,113,18,112,28" hai1="85,132,27,126,13,102,51,14,101,118,77,90,115" hai2="5,8,128,133,36,97,96,56,45,65,22,55,58" hai3="10,106,35,134,46,98,100,20,122,79,75,130,54"/><W61/><G35/><T124/><D121/><U89/><E77/><V15/><F128/><W3/><G122/><T62/><D93/><U109/><E27/><V9/><F133/><W64/><G130/><T135/><D135/><U84/><E51/><V47/><F22/><W0/><G134/><T30/><D62/><U49/><E49/><V107/><F65/><W48/><G10/><T127/><D4/><U99/><E132/><V72/><F72/><W117/><G117/><T1/><D1/><U57/><E57/><V91/><F107/><W119/><G119/><T41/><D28/><U16/><E99/><V42/><F9/><W40/><G20/><T32/><D30/><U73/><E73/><V17/><F17/><W82/><REACH who="3" step="1"/><G40/><REACH who="3" ten="325,301,148,216" step="2"/><T76/><D33/><U74/><E118/><V71/><F42/><W129/><G129/><T7/><D21/><U78/><E115/><V29/><F8/><W80/><G80/><T68/><D32/><U11/><E11/><V108/><F108/><W88/><G88/><T125/><D112/><U25/><E90/><V81/><F91/><W103/><G103/><T83/><D113/><U6/><E89/><V67/><F81/><W2/><G2/><T23/><D111/><U87/><E101/><V43/><F43/><W123/><G123/><T114/><D110/><U86/><E102/><V120/><F120/><W95/><G95/><T12/><D114/><U70/><E109/><V66/><F96/><W50/><G50/><T34/><D34/><U37/><N who="1" m="22016" /><DORA hai="59" /><U26/><E78/><V116/><F116/><W24/><G24/><RYUUKYOKU ba="0,1" sc="325,-10,301,-10,148,-10,216,30" hai3="0,3,46,48,54,61,64,75,79,82,98,100,106" /><INIT seed="3,1,1,2,3,60" ten="315,291,138,246" oya="3" hai0="103,133,3,27,4,12,93,125,36,110,20,14,124" hai1="115,5,55,7,78,57,121,68,19,122,31,128,95" hai2="108,50,43,0,13,131,35,9,21,112,105,46,52" hai3="18,28,101,94,29,34,54,104,10,17,129,42,88"/><W33/><G104/><T83/><D36/><U87/><E115/><V45/><F112/><W99/><G42/><T16/><D110/><U91/><E128/><V11/><F35/><W32/><G129/><T58/><D83/><U89/><E68/><V47/><F131/><W26/><G101/><T38/><D38/><U53/><E31/><V118/><F118/><W49/><G29/><T116/><D116/><U44/><E44/><V71/><F108/><W2/><G2/><T6/><D58/><U77/><E57/><V90/><F105/><W59/><REACH who="3" step="1"/><G10/><REACH who="3" ten="315,291,138,236" step="2"/><T73/><D103/><U69/><E121/><V8/><F0/><W41/><G41/><T119/><D3/><U135/><E122/><V96/><F43/><W132/><G132/><T134/><D133/><U51/><E135/><V80/><F71/><W81/><G81/><T1/><D1/><U48/><E69/><V40/><F40/><W84/><G84/><T75/><D134/><U114/><E87/><N who="2" m="50535" /><F96/><W111/><G111/><T130/><D130/><U97/><E97/><V86/><F86/><W127/><G127/><T92/><D119/><U22/><E114/><V30/><F30/><W74/><G74/><T82/><D75/><U100/><E100/><V65/><F65/><W102/><G102/><T106/><D106/><U98/><E98/><V66/><F66/><W109/><G109/><T24/><D73/><U23/><E95/><V85/><F85/><W62/><G62/><T64/><D64/><U76/><E77/><V126/><F126/><W56/><G56/><T63/><D125/><U70/><E70/><RYUUKYOKU ba="1,2" sc="315,-30,291,10,138,10,236,10" hai1="5,7,19,22,23,48,51,53,55,76,78,89,91" hai2="8,9,11,13,21,45,46,47,50,52" hai3="17,18,26,28,32,33,34,49,54,59,88,94,99" /><INIT seed="3,2,2,0,0,110" ten="285,301,148,246" oya="3" hai0="118,116,121,39,93,26,71,129,80,98,128,29,61" hai1="54,46,81,103,57,19,134,68,41,100,66,99,84" hai2="101,96,102,12,42,85,94,72,53,55,108,21,119" hai3="2,36,51,59,49,11,107,123,90,13,79,28,43"/><W120/><G2/><T48/><D39/><U7/><E7/><V77/><F119/><W17/><G107/><T132/><D121/><U73/><E73/><V33/><F33/><W106/><G106/><T30/><D30/><U23/><E68/><V86/><F108/><W124/><G36/><T4/><D4/><U45/><E66/><V24/><F72/><W64/><G79/><T70/><D48/><U104/><E103/><V135/><F135/><W16/><G28/><T111/><D80/><U35/><E35/><V89/><F42/><W65/><G124/><T88/><D132/><U131/><E41/><V27/><F12/><N who="3" m="7199" /><G123/><T22/><D111/><U37/><E37/><V44/><F27/><W56/><G120/><T109/><D109/><U75/><E75/><V60/><F55/><N who="3" m="31855" /><G90/><T20/><D20/><U92/><E104/><V32/><F32/><W91/><G91/><T63/><D118/><U10/><E134/><V47/><F77/><W6/><G6/><T25/><D25/><N who="1" m="14591" /><E10/><V95/><F102/><W18/><G18/><T34/><D34/><U40/><E40/><V74/><F74/><W112/><G112/><T76/><D76/><N who="1" m="46119" /><E131/><N who="0" m="50249" /><D116/><U62/><AGARI ba="2,2" hai="45,46,54,57,62,92,99,100" m="46119,14591" machi="62" ten="30,1100,0" yaku="8,1" doraHai="110" who="1" fromWho="1" sc="285,-5,301,37,148,-5,246,-7" /><INIT seed="4,0,0,0,5,1" ten="280,338,143,239" oya="0" hai0="94,96,86,73,0,79,2,65,27,50,57,38,113" hai1="59,39,67,46,66,128,55,68,12,75,63,30,76" hai2="133,35,8,18,92,64,53,81,103,48,74,78,34" hai3="44,118,134,116,7,26,80,47,19,17,45,114,91"/><T54/><D113/><U3/><E3/><V102/><F133/><W119/><G114/><T32/><D73/><U82/><E128/><V97/><F64/><W122/><G134/><T106/><D38/><U130/><E130/><V20/><F103/><W52/><G122/><T104/><D65/><U98/><E30/><V62/><F62/><W4/><G52/><T115/><D115/><U72/><E98/><V28/><F28/><W6/><G26/><T132/><D132/><U127/><E127/><V90/><F8/><W95/><G80/><T110/><D110/><U84/><E66/><V10/><F10/><W93/><G91/><T60/><D2/><U124/><E12/><V33/><F90/><W51/><G51/><T120/><D0/><U41/><REACH who="1" step="1"/><E124/><REACH who="1" ten="280,328,143,239" step="2"/><V25/><REACH who="2" step="1"/><F35/><REACH who="2" ten="280,328,133,239" step="2"/><W123/><G123/><T23/><D32/><U69/><E69/><V42/><F42/><W126/><G126/><T88/><D120/><U83/><E83/><V77/><F77/><W87/><G87/><T13/><D79/><U9/><E9/><V70/><F70/><W29/><G29/><T56/><D86/><U11/><E11/><V107/><F107/><W125/><G125/><T21/><D106/><U105/><E105/><V108/><F108/><W71/><G71/><T111/><D104/><U109/><E109/><V131/><F131/><W121/><G121/><T31/><D111/><U16/><E16/><AGARI ba="0,2" hai="4,6,7,16,17,19,44,45,47,93,95,116,118,119" machi="16" ten="50,16000,3" yaku="29,2,28,2,52,3,54,1" doraHai="1" who="3" fromWho="1" sc="280,0,328,-160,133,0,239,180" /><INIT seed="5,0,0,1,5,5" ten="280,168,133,419" oya="1" hai0="35,100,63,67,95,94,61,89,101,60,128,1,51" hai1="102,129,37,69,25,70,64,47,77,12,71,53,134" hai2="38,8,27,26,88,115,49,130,83,42,21,23,11" hai3="41,59,119,108,99,135,39,24,103,127,36,123,57"/><U62/><E129/><V126/><F38/><W122/><G24/><N who="2" m="9257" /><F130/><W46/><G108/><T117/><D1/><U124/><E134/><V80/><F126/><W52/><G99/><T107/><D35/><U109/><E124/><V105/><F105/><W33/><G103/><T29/><D29/><U90/><E109/><V74/><F74/><W112/><G33/><T28/><D28/><U58/><E102/><V86/><F115/><W81/><G81/><T118/><D107/><U18/><E77/><V19/><F80/><W96/><G96/><T15/><D128/><U82/><E25/><N who="2" m="14527" /><F23/><W34/><G34/><T9/><D67/><U0/><E0/><V32/><F32/><W14/><G14/><T133/><D133/><U110/><E110/><V92/><F92/><W72/><G72/><T16/><D118/><U66/><E37/><V43/><F43/><W75/><G75/><T20/><D20/><U116/><E116/><V55/><F42/><W76/><G76/><T31/><D31/><U125/><E125/><V10/><F10/><W45/><G127/><T73/><D73/><U30/><E30/><V132/><F132/><W7/><G135/><T68/><D68/><U17/><E70/><V106/><F106/><W98/><G119/><T22/><D117/><U113/><E113/><V114/><F114/><W40/><G112/><T120/><D22/><U50/><E71/><V78/><F78/><W6/><G98/><T3/><D3/><U111/><E111/><V87/><F87/><W131/><G131/><T48/><D101/><U44/><E69/><V84/><F84/><RYUUKYOKU ba="0,0" sc="280,-15,168,-15,133,15,419,15" hai2="8,11,49,55,83,86,88" hai3="6,7,36,39,40,41,45,46,52,57,59,122,123" /><INIT seed="6,1,0,3,0,36" ten="265,153,148,434" oya="2" hai0="126,134,77,79,127,4,80,101,98,1,41,92,56" hai1="88,106,86,15,22,17,112,78,43,105,108,122,26" hai2="119,37,38,125,71,55,33,72,23,9,66,65,81" hai3="14,27,54,30,52,132,42,95,25,73,51,103,74"/><V8/><F119/><W89/><G103/><T93/><D134/><U61/><E112/><V114/><F114/><W94/><G132/><T118/><D118/><U5/><E108/><V40/><F33/><W115/><G115/><T63/><D41/><U99/><E122/><V13/><F125/><N who="0" m="47626" /><D92/><U59/><E78/><V31/><F37/><W131/><G131/><T120/><D120/><U44/><E5/><V82/><F8/><W100/><G74/><T19/><D19/><U124/><E124/><V102/><F102/><W116/><G73/><T48/><D48/><U0/><E0/><V45/><F55/><N who="3" m="21035" /><G30/><T135/><D135/><U130/><E130/><V24/><F72/><W96/><G14/><T57/><D63/><U69/><E69/><V70/><F71/><W16/><G16/><T76/><D80/><U110/><E15/><V111/><F111/><W67/><G67/><T49/><D49/><U90/><E110/><V58/><F70/><W113/><G116/><T133/><D133/><U128/><E128/><V60/><REACH who="2" step="1"/><F66/><REACH who="2" ten="265,153,138,434" step="2"/><W53/><G113/><T20/><D20/><N who="1" m="13583" /><E106/><V64/><F64/><W32/><G32/><T7/><D1/><U62/><E22/><V117/><F117/><W18/><G53/><T109/><D109/><U91/><E105/><V104/><F104/><W83/><G100/><T3/><D3/><U39/><E39/><V2/><F2/><W46/><G46/><T34/><D34/><U68/><E68/><V28/><F28/><W21/><G21/><T11/><D11/><U129/><E129/><V84/><F84/><W87/><G87/><RYUUKYOKU ba="1,1" sc="265,15,153,-15,138,15,434,-15" hai0="4,7,56,57,76,77,79,93,98,101" hai2="9,13,23,24,31,38,40,45,58,60,65,81,82" /><INIT seed="6,2,1,2,5,80" ten="280,138,153,419" oya="2" hai0="21,115,54,90,73,66,122,47,71,96,95,43,19" hai1="99,11,28,51,75,16,50,22,68,10,7,116,82" hai2="29,111,61,35,108,55,118,15,38,83,39,6,126" hai3="41,72,129,32,132,37,23,85,109,131,25,133,1"/><V4/><F118/><W100/><G72/><T110/><D73/><U134/><E116/><V13/><F126/><W92/><G1/><T120/><D110/><N who="2" m="42026" /><F83/><W12/><G32/><T42/><D115/><U30/><E68/><V93/><F93/><W67/><G67/><T34/><D34/><U31/><E134/><N who="3" m="51818" /><G12/><N who="2" m="4681" /><F35/><W102/><G109/><T56/><D43/><U104/><E104/><V9/><F29/><N who="3" m="17599" /><G41/><T33/><D33/><U97/><E82/><V49/><F61/><W128/><G37/><N who="2" m="13833" /><F9/><N who="1" m="3081" /><E75/><V94/><F94/><W53/><G53/><T46/><D95/><U119/><E7/><V24/><F24/><W84/><G92/><T27/><D27/><N who="1" m="14791" /><E119/><V121/><F121/><W17/><G17/><T101/><D19/><U60/><E60/><V86/><F86/><AGARI ba="2,1" hai="84,85,86,100,102,128,129,131" m="17599,51818" machi="86" ten="40,8000,1" yaku="19,1,20,1,52,3" doraHai="80" who="3" fromWho="2" sc="280,0,138,0,153,-86,419,96" /><INIT seed="7,0,0,0,4,40" ten="280,138,67,515" oya="3" hai0="129,23,6,1,130,51,79,93,50,128,19,5,94" hai1="2,27,43,101,65,37,11,66,33,123,105,132,103" hai2="67,100,85,13,109,86,104,68,39,102,8,24,84" hai3="112,74,29,42,28,36,134,116,78,80,125,131,45"/><W108/><G116/><T92/><D79/><U124/><E123/><V126/><F126/><W82/><G125/><T73/><D73/><U60/><E124/><V64/><F109/><W53/><G112/><T75/><D75/><U91/><E132/><V20/><F39/><W121/><G121/><T106/><D106/><U99/><E103/><V133/><F133/><W48/><G134/><T25/><D1/><U76/><E76/><V118/><F118/><W127/><G127/><T72/><D72/><U107/><E66/><V71/><F71/><W61/><G131/><T135/><D135/><U16/><E91/><V12/><F68/><W59/><G108/><T122/><D122/><U26/><E107/><V9/><F104/><W69/><G82/><T90/><D90/><U83/><E83/><V41/><F41/><W31/><REACH who="3" step="1"/><G69/><REACH who="3" ten="280,138,67,505" step="2"/><T70/><D70/><U87/><E33/><V111/><F111/><W81/><G81/><T0/><D129/><U57/><E105/><V32/><F32/><W44/><G44/><T120/><D130/><U110/><E110/><V77/><F77/><W49/><AGARI ba="0,1" hai="28,29,31,36,42,45,48,49,53,59,61,74,78,80" machi="49" ten="30,6000,0" yaku="1,1,0,1,52,1,53,0" doraHai="40" doraHaiUra="34" who="3" fromWho="3" sc="280,-20,138,-20,67,-20,505,70" owari="260,6.0,118,-28.0,47,-45.0,575,67.0" /></mjloggm>