<mjloggm ver="2.3"><GO type="169" lobby="0"/><UN n0="%E3%82%A6%E3%83%AB%E3%83%88%E3%83%A9%E7%AB%8B%E7%9B%B4" n1="%E4%BA%94%E3%81%B2%E3%82%83%E3%81%90%E3%81%88%E3%82%93" n2="%72%61%74%74%61%74%74%61" n3="%E3%81%A1%E3%82%83%E3%82%8D%E3%82%84" dan="18,16,17,16" rate="2256.84,2087.93,2189.57,2098.40" sx="M,M,M,M"/><TAIKYOKU oya="0"/><INIT seed="0,0,0,0,0,125" ten="250,250,250,250" oya="0" hai0="39,86,29,69,102,21,129,134,5,84,40,22,73" hai1="61,38,91,52,85,110,98,113,63,119,36,51,133" hai2="32,59,75,49,30,17,79,28,97,104,37,76,24" hai3="92,126,83,70,132,118,8,60,26,11,127,27,55"/><T130/><D73/><U43/><E119/><V131/><F37/><W35/><G118/><T81/><D69/><U105/><E110/><V101/><F30/><W72/><G132/><T62/><D134/><U116/><E133/><V67/><F75/><W13/><G92/><T99/><D5/><U25/><E116/><V42/><F131/><N who="0" m="50186" /><D29/><U82/><E113/><V4/><F4/><W108/><G27/><T46/><D62/><U1/><E25/><V7/><F7/><W50/><G26/><T96/><D96/><U109/><E98/><V2/><F97/><W48/><G35/><T57/><D57/><U15/><E109/><V47/><F59/><W23/><G60/><T80/><D80/><U128/><E82/><V122/><F28/><W93/><G108/><T77/><D86/><U9/><E85/><V120/><F32/><W94/><G83/><T124/><D124/><U87/><E87/><V68/><F68/><W89/><G70/><T111/><D111/><U45/><E63/><V112/><F24/><W58/><G58/><T107/><AGARI ba="0,0" hai="21,22,39,40,46,77,81,84,99,102,107" m="50186" machi="107" ten="30,11700,0" yaku="19,1,52,3" doraHai="125" who="0" fromWho="0" sc="250,117,250,-39,250,-39,250,-39" /><INIT seed="0,1,0,2,0,108" ten="367,211,211,211" oya="0" hai0="15,135,112,88,59,123,127,2,121,29,122,89,42" hai1="66,104,5,13,30,48,32,25,28,132,21,109,119" hai2="44,26,31,23,33,41,103,57,124,43,8,117,51" hai3="16,95,64,111,99,67,134,114,76,84,83,75,65"/><T94/><D2/><U125/><E109/><V87/><F124/><W34/><G111/><T77/><D42/><U81/><E104/><V69/><F69/><W39/><G39/><T56/><D29/><U78/><E119/><V107/><F117/><W47/><G134/><T71/><D71/><U12/><E132/><V62/><F33/><W61/><G34/><T85/><D135/><U110/><E110/><V105/><F43/><W129/><G129/><T70/><D70/><U14/><E125/><V1/><F103/><W93/><G114/><T4/><D112/><U68/><E68/><V72/><F72/><W101/><G47/><T130/><D130/><U3/><E66/><V96/><F96/><W38/><G38/><T82/><D127/><U52/><E30/><V100/><F100/><W6/><G6/><T97/><REACH who="0" step="1"/><D77/><REACH who="0" ten="357,211,211,211" step="2"/><U45/><E3/><V11/><F1/><W80/><G76/><T7/><D7/><U58/><E5/><V22/><F41/><W63/><G75/><T90/><D90/><U131/><E131/><V10/><F31/><W79/><G79/><T27/><D27/><U86/><E32/><V106/><F26/><W17/><G101/><T133/><D133/><U49/><E13/><V73/><F73/><W102/><G102/><T98/><D98/><U118/><E118/><V120/><F107/><W0/><G99/><T126/><D126/><U55/><AGARI ba="1,1" hai="12,14,21,25,28,45,48,49,52,55,58,78,81,86" machi="55" ten="20,5200,0" yaku="0,1,7,1,8,1,54,1" doraHai="108" who="1" fromWho="1" sc="357,-27,211,65,211,-14,211,-14" /><INIT seed="1,0,0,4,2,14" ten="330,276,197,197" oya="1" hai0="91,45,19,75,2,32,21,110,108,135,117,70,76" hai1="57,82,78,26,129,131,101,47,4,107,24,66,122" hai2="7,65,22,124,79,0,119,60,132,133,9,6,115" hai3="20,89,55,56,118,83,13,100,44,86,39,33,62"/><U120/><E101/><V87/><F119/><W127/><G33/><T11/><D70/><U53/><E107/><V63/><F124/><W54/><G127/><T81/><D117/><U98/><E4/><V116/><F116/><W109/><G118/><T97/><D32/><U111/><E47/><V74/><F7/><W46/><G109/><N who="0" m="42091" /><D135/><U96/><E66/><V61/><F74/><W10/><G20/><T1/><D11/><U8/><E111/><V27/><F115/><W128/><G128/><N who="1" m="49226" /><E8/><V36/><F36/><W92/><G39/><T25/><D45/><U103/><E53/><V41/><F41/><W52/><G46/><T64/><D64/><U77/><E57/><V95/><F65/><W17/><G44/><T90/><D97/><AGARI ba="0,0" hai="10,13,17,52,54,55,56,62,83,86,89,92,97,100" machi="97" ten="40,5200,0" yaku="8,1,52,1,54,1" doraHai="14" who="3" fromWho="0" sc="330,-52,276,0,197,0,197,52" /><INIT seed="2,0,0,4,4,64" ten="278,276,197,249" oya="2" hai0="34,59,22,91,84,85,3,6,86,12,124,76,114" hai1="101,5,128,60,80,78,29,58,24,100,123,19,119" hai2="87,2,36,109,11,133,43,98,62,89,15,129,120" hai3="94,117,102,25,103,45,42,7,121,17,31,54,65"/><V46/><F120/><W21/><G121/><T113/><D76/><U107/><E119/><V39/><F133/><W28/><G117/><T122/><D122/><U0/><E128/><V32/><F129/><W23/><G7/><T115/><D34/><U99/><E101/><V41/><F32/><W50/><G65/><T57/><D124/><U66/><E123/><V40/><F2/><W35/><G31/><T30/><D3/><U97/><E97/><V77/><F109/><W132/><G132/><T67/><D67/><U56/><E19/><V71/><F39/><W18/><G35/><T8/><D91/><U51/><E5/><V4/><F77/><W68/><G68/><T108/><D108/><U13/><E13/><V49/><F98/><W10/><G10/><T81/><D81/><U112/><E0/><V82/><F36/><W75/><G75/><T72/><D72/><U1/><E1/><V83/><F71/><W69/><G69/><T131/><D131/><U70/><E51/><V90/><REACH who="2" step="1"/><F62/><REACH who="2" ten="278,276,187,249" step="2"/><W52/><G103/><T16/><D115/><U33/><E112/><V37/><F37/><W48/><G102/><T105/><D114/><U111/><E111/><V110/><F110/><W135/><G135/><T61/><D61/><U38/><E38/><V55/><F55/><W116/><G116/><T130/><D113/><U92/><E107/><V106/><F106/><W96/><G54/><T53/><D105/><U118/><E118/><V47/><F47/><W125/><G96/><T44/><D130/><U73/><AGARI ba="0,1" hai="24,29,33,56,58,60,66,70,73,78,80,92,99,100" machi="73" ten="20,2700,0" yaku="0,1,7,1,52,1" doraHai="64" who="1" fromWho="1" sc="278,-7,276,37,187,-13,249,-7" /><INIT seed="3,0,0,0,1,17" ten="271,313,174,242" oya="3" hai0="105,74,84,65,92,115,9,16,80,123,108,18,30" hai1="20,6,31,76,131,81,86,48,106,128,40,121,132" hai2="127,119,57,112,72,120,13,125,0,47,124,23,24" hai3="29,126,53,35,89,135,45,122,67,118,52,97,50"/><W103/><G122/><T88/><D123/><U5/><E121/><V101/><F72/><W111/><G118/><T10/><D108/><U102/><E132/><V69/><F69/><W27/><G135/><T116/><D116/><U7/><E106/><V68/><F68/><W109/><G126/><T82/><D105/><U11/><E102/><V114/><F120/><W79/><G79/><T34/><D115/><N who="2" m="44074" /><F101/><W66/><G89/><T14/><D65/><U61/><E61/><V2/><F57/><W85/><G85/><T91/><D74/><U100/><E100/><V43/><F119/><W32/><G32/><T93/><D30/><U60/><E60/><V4/><F47/><W63/><G53/><T55/><D55/><U70/><E70/><V87/><F87/><W19/><G19/><T28/><D28/><U8/><E40/><V110/><F43/><W51/><G51/><T26/><D34/><U129/><E48/><V75/><F75/><W44/><G44/><T22/><D9/><U37/><E37/><V54/><F54/><W83/><G83/><T77/><D77/><U33/><E33/><V71/><F71/><W59/><REACH who="3" step="1"/><G67/><REACH who="3" ten="271,313,174,232" step="2"/><T39/><D39/><U41/><E41/><V46/><F46/><W62/><G62/><T113/><D113/><U104/><E131/><V96/><F96/><AGARI ba="0,1" hai="10,14,16,18,22,26,80,82,84,88,91,92,93,96" machi="96" ten="30,8000,1" yaku="7,1,8,1,52,1,54,2" doraHai="17" who="0" fromWho="2" sc="271,90,313,0,174,-80,232,0" /><INIT seed="4,0,0,5,4,4" ten="361,313,94,232" oya="0" hai0="73,41,65,127,5,94,111,26,103,8,74,1,42" hai1="46,76,11,62,95,57,110,52,63,60,61,91,21" hai2="71,53,31,124,109,67,120,98,135,6,75,66,43" hai3="107,83,78,93,50,89,32,44,23,33,48,3,118"/><T106/><D106/><U16/><E110/><V69/><F75/><W9/><G118/><T36/><D127/><U70/><E76/><V126/><F31/><W84/><G107/><T72/><D111/><U114/><E114/><V80/><F80/><W20/><G33/><T88/><D103/><U125/><E125/><N who="2" m="48235" /><F98/><W115/><G32/><T113/><D113/><U59/><E70/><N who="2" m="26635" /><F6/><W64/><G64/><N who="2" m="24617" /><F109/><W85/><G85/><T18/><D65/><U13/><E46/><V37/><F120/><W58/><G44/><T55/><D26/><U105/><E105/><V133/><F53/><W116/><G83/><T90/><D55/><N who="1" m="33855" /><E21/><V102/><F102/><W129/><G23/><T25/><D74/><U87/><AGARI ba="0,0" hai="11,13,16,52,59,61,62,63,87,91,95" m="33855" machi="87" ten="30,7900,0" yaku="8,1,52,1,54,2" doraHai="4" who="1" fromWho="1" sc="361,-39,313,79,94,-20,232,-20" /><INIT seed="5,0,0,5,1,116" ten="322,392,74,212" oya="1" hai0="132,89,51,113,19,123,67,122,84,64,55,110,70" hai1="6,114,13,33,31,1,80,37,2,66,42,126,68" hai2="28,12,15,102,58,127,25,63,87,48,65,21,46" hai3="59,18,111,129,72,117,52,97,35,53,90,60,135"/><U56/><E13/><V22/><F127/><W120/><G111/><T86/><D110/><U29/><E56/><V131/><F131/><W83/><G129/><T119/><D119/><U76/><E6/><V47/><F102/><W57/><G117/><T40/><D40/><U71/><E126/><V133/><F133/><W39/><G135/><T10/><D132/><U121/><E114/><V69/><F69/><W85/><G39/><T75/><D75/><U30/><E33/><V24/><F87/><W62/><G72/><T103/><D103/><U99/><E99/><V43/><REACH who="2" step="1"/><F47/><REACH who="2" ten="322,392,64,212" step="2"/><W134/><G134/><T36/><D86/><U45/><E71/><V17/><AGARI ba="0,1" hai="12,15,17,21,22,24,25,28,43,46,48,58,63,65" machi="17" ten="20,12000,2" yaku="1,1,2,1,0,1,7,1,8,1,53,1" doraHai="116" doraHaiUra="38" who="2" fromWho="2" sc="322,-30,392,-60,64,130,212,-30" /><INIT seed="6,0,0,5,2,83" ten="292,332,194,182" oya="2" hai0="52,35,32,76,71,1,20,66,43,80,124,75,17" hai1="127,119,81,8,92,65,10,89,28,93,117,77,121" hai2="26,3,50,60,131,13,25,95,91,74,115,22,90" hai3="97,0,72,15,55,133,9,99,67,63,126,24,16"/><V59/><F3/><W19/><G72/><T73/><D73/><U101/><E127/><V111/><F74/><W5/><G126/><T6/><D124/><U31/><E65/><V96/><F115/><W61/><G133/><T69/><D52/><U116/><E101/><V64/><F131/><W58/><G24/><T47/><D17/><U135/><E135/><V106/><F106/><W79/><G79/><T107/><D20/><U27/><E31/><V108/><F50/><W103/><G0/><T12/><D12/><U23/><E121/><V51/><F51/><W78/><G78/><T114/><D107/><U68/><E68/><N who="0" m="26185" /><D66/><U110/><E110/><N who="2" m="42027" /><F91/><W134/><G134/><T105/><D105/><U11/><REACH who="1" step="1"/><E89/><REACH who="1" ten="292,322,194,182" step="2"/><V34/><F34/><W7/><G7/><T40/><D6/><U36/><E36/><V132/><F132/><W56/><REACH who="3" step="1"/><G103/><REACH who="3" ten="292,322,194,172" step="2"/><T44/><D35/><U118/><E118/><V18/><AGARI ba="0,2" hai="13,18,22,25,26,59,60,64,90,95,96" m="42027" machi="18" ten="30,1500,0" yaku="10,1" doraHai="83" who="2" fromWho="2" sc="292,-5,322,-5,194,35,172,-5" /><INIT seed="6,1,0,2,2,12" ten="287,317,229,167" oya="2" hai0="6,68,50,25,21,71,0,7,40,11,89,112,100" hai1="5,102,64,92,39,124,77,95,9,22,36,97,114" hai2="57,110,56,38,18,133,106,87,128,82,29,119,15" hai3="14,49,8,130,30,20,98,32,127,79,126,88,47"/><V19/><F119/><W116/><G116/><T31/><D112/><U134/><E114/><V24/><F106/><W121/><G121/><T28/><D100/><U65/><E134/><V17/><F38/><W78/><G130/><T27/><D7/><U69/><E124/><N who="3" m="47658" /><G32/><T94/><D50/><U43/><E77/><V26/><F133/><W120/><G120/><T16/><D40/><U117/><E117/><V80/><F128/><W62/><G62/><T105/><D105/><U23/><E69/><V66/><F110/><W10/><G20/><T1/><D1/><U70/><E70/><V85/><F15/><W90/><G30/><T58/><D58/><N who="2" m="22634" /><F66/><W104/><G10/><T59/><D59/><U53/><E65/><V13/><F13/><W63/><G63/><T103/><D31/><U46/><E64/><V45/><F45/><W129/><G129/><T33/><D103/><U84/><E39/><V51/><F51/><W93/><G90/><T60/><D60/><U76/><E53/><V135/><F135/><W41/><G104/><T125/><D125/><U55/><E55/><V81/><F29/><W96/><G96/><AGARI ba="1,0" hai="0,6,11,16,21,25,27,28,33,68,71,89,94,96" machi="96" ten="30,3900,0" yaku="7,1,52,1,54,1" doraHai="12" who="0" fromWho="3" sc="287,42,317,0,229,0,167,-42" /><INIT seed="7,0,0,3,4,67" ten="329,317,229,125" oya="3" hai0="17,120,69,0,46,87,3,25,36,105,63,26,19" hai1="29,74,88,30,117,86,79,101,43,38,22,108,58" hai2="50,115,111,106,128,52,113,131,119,71,6,80,49" hai3="125,91,41,70,73,1,97,33,5,72,37,134,4"/><W2/><G33/><T107/><D69/><U126/><E108/><V14/><F111/><W55/><G55/><T65/><D65/><U64/><E101/><V13/><F106/><W35/><G35/><T32/><D32/><U110/><E110/><V39/><F39/><W124/><G134/><T90/><D90/><U129/><E79/><V7/><F80/><W23/><G23/><T109/><D87/><U123/><E74/><V18/><F119/><W15/><G15/><T21/><D109/><U96/><E123/><V94/><F94/><W130/><G130/><N who="2" m="49705" /><F71/><W54/><G54/><T98/><D63/><U76/><E96/><V132/><F50/><W48/><G48/><T62/><D62/><U31/><E76/><V42/><F42/><W121/><G121/><T66/><D98/><U44/><E129/><V112/><F132/><W104/><G91/><T81/><D36/><U83/><E126/><N who="3" m="48746" /><G41/><T103/><D120/><U78/><E117/><V93/><F93/><W60/><G37/><T9/><D107/><U56/><E64/><V92/><F92/><W133/><G133/><T118/><D105/><U57/><E88/><V51/><F51/><W85/><G85/><T11/><D66/><U12/><E12/><N who="2" m="4715" /><F18/><W82/><G60/><T27/><D19/><U10/><E10/><V135/><F135/><W127/><N who="3" m="48754" /><W75/><DORA hai="84" /><G70/><T77/><D11/><U34/><E34/><V28/><F28/><W102/><G82/><T95/><D81/><U122/><E122/><V53/><F53/><W100/><G100/><T45/><D103/><U59/><E59/><AGARI ba="0,0" hai="6,7,49,52,59,112,113,115" m="4715,49705" machi="59" ten="40,8000,1" yaku="6,1,15,1,19,1,54,1" doraHai="67,84" who="2" fromWho="1" sc="329,0,317,-80,229,80,125,0" owari="329,42.0,237,-16.0,309,11.0,125,-37.0" /></mjloggm>