<mjloggm ver="2.3"><GO type="169" lobby="0"/><UN n0="%E3%82%AB%E3%83%9C%E3%83%81%E3%83%A3%E3%82%BF%E3%83%8D" n1="%42%6C%75%65%2D%4A%61%6D" n2="%E5%B0%B1%E6%B4%BB%E7%94%9F%40%E5%B7%9D%E6%9D%91%E8%BB%8D%E5%9B%A3" n3="%6D%6F%6E%6F%2D%31%34" dan="16,16,18,16" rate="2216.12,2032.63,2328.03,2154.47" sx="M,M,M,M"/><TAIKYOKU oya="0"/><INIT seed="0,0,0,3,4,38" ten="250,250,250,250" oya="0" hai0="21,85,39,112,81,2,129,127,47,115,75,73,87" hai1="43,105,29,88,117,32,59,52,24,125,120,82,101" hai2="92,70,35,98,78,4,100,57,30,134,131,13,109" hai3="22,107,67,37,93,0,94,25,126,58,69,123,74"/><T62/><D2/><U17/><E117/><V48/><F70/><W102/><G0/><T7/><D129/><U46/><E120/><V54/><F131/><W96/><G74/><T68/><D127/><U97/><E17/><V77/><F134/><W14/><G69/><T40/><D7/><U128/><E125/><V11/><REACH who="2" step="1"/><F109/><REACH who="2" ten="250,250,240,250" step="2"/><W84/><G126/><T66/><D112/><U23/><E128/><V124/><F124/><W36/><G123/><T116/><D115/><U61/><E32/><V60/><F60/><N who="3" m="38295" /><G14/><T26/><D116/><U65/><E65/><V5/><F5/><W18/><G107/><T51/><D68/><U119/><E119/><V72/><F72/><W27/><G27/><AGARI ba="0,1" hai="4,11,13,27,30,35,48,54,57,77,78,92,98,100" machi="27" ten="40,1300,0" yaku="1,1,53,0" doraHai="38" doraHaiUra="64" who="2" fromWho="3" sc="250,0,250,0,240,23,250,-13" /><INIT seed="1,0,0,4,5,23" ten="250,250,263,237" oya="1" hai0="130,1,49,43,60,78,25,37,133,76,47,103,135" hai1="84,35,63,75,36,67,58,39,6,106,85,109,114" hai2="129,0,45,3,13,107,124,16,77,54,14,95,120" hai3="72,57,86,52,56,26,108,61,131,7,50,9,117"/><U18/><E114/><V5/><F107/><W102/><G72/><T81/><D130/><U73/><E106/><V82/><F120/><W46/><G131/><T64/><D103/><U92/><E6/><V128/><F124/><W4/><G117/><T125/><D125/><U33/><E109/><V118/><F118/><W66/><G108/><T91/><D1/><U115/><E115/><V105/><F105/><W27/><G102/><T123/><D123/><U38/><E85/><V65/><F65/><W68/><G68/><T134/><D37/><U34/><REACH who="1" step="1"/><E18/><REACH who="1" ten="250,240,263,237" step="2"/><V127/><F5/><N who="3" m="2123" /><G9/><T30/><D133/><U59/><E59/><V83/><F127/><W121/><G121/><T17/><D135/><U32/><N who="1" m="8192" /><DORA hai="53" /><U29/><E29/><V99/><F3/><W20/><G20/><N who="0" m="13455" /><D30/><U22/><E22/><V94/><F16/><W101/><G86/><N who="0" m="50639" /><D134/><U89/><AGARI ba="0,1" hai="36,38,39,58,63,67,73,75,84,89,92" m="8192" machi="89" ten="70,12000,1" yaku="1,1,0,1,52,1,53,0" doraHai="23,53" doraHaiUra="40,8" who="1" fromWho="1" sc="250,-40,240,130,263,-40,237,-40" /><INIT seed="1,1,0,2,5,124" ten="210,370,223,197" oya="1" hai0="82,21,91,87,73,5,113,15,79,67,29,14,90" hai1="107,72,9,35,119,122,75,43,98,7,6,105,25" hai2="93,2,32,115,8,12,88,84,70,130,97,71,117" hai3="80,69,86,57,66,10,108,48,95,39,94,129,53"/><U111/><E119/><V4/><F117/><W112/><G39/><T47/><D113/><U96/><E122/><V55/><F115/><W83/><G112/><T22/><D67/><U128/><E128/><V100/><F32/><W109/><G83/><T127/><D127/><U121/><E121/><V56/><F130/><W89/><G129/><T30/><D47/><U123/><E123/><V49/><REACH who="2" step="1"/><F2/><REACH who="2" ten="210,370,213,197" step="2"/><W118/><G118/><T52/><D73/><U41/><E35/><V36/><F36/><W81/><G109/><T62/><D30/><U114/><E114/><V102/><F102/><W104/><G108/><T20/><D29/><U59/><E111/><V110/><F110/><W61/><G104/><AGARI ba="1,1" hai="4,8,12,49,55,56,70,71,84,88,93,97,100,104" machi="104" ten="30,3900,0" yaku="1,1,7,1,54,1,53,0" doraHai="124" doraHaiUra="16" who="2" fromWho="3" sc="210,0,370,0,213,52,197,-42" /><INIT seed="2,0,0,3,5,59" ten="210,370,265,155" oya="2" hai0="105,27,13,85,47,128,121,95,110,113,21,125,32" hai1="22,45,2,66,25,20,130,53,57,92,41,134,5" hai2="133,56,107,99,52,1,31,10,23,37,108,4,74" hai3="132,62,111,51,14,80,7,124,77,6,84,36,29"/><V83/><F37/><W79/><G36/><T69/><D113/><U30/><E134/><V73/><F133/><W87/><G132/><T82/><D121/><U46/><E66/><V109/><F107/><W122/><G29/><T127/><D105/><U112/><E130/><V81/><F99/><W49/><G124/><N who="0" m="47691" /><D69/><U54/><E54/><V50/><F31/><W75/><G111/><N who="2" m="42569" /><F23/><W101/><G14/><T72/><D32/><U71/><E22/><V58/><F58/><W123/><G80/><AGARI ba="0,0" hai="1,4,10,50,52,56,73,74,80,81,83" m="42569" machi="80" ten="30,5800,0" yaku="14,1,10,1,54,1" doraHai="59" who="2" fromWho="3" sc="210,0,370,0,265,58,155,-58" /><INIT seed="2,1,0,2,3,41" ten="210,370,323,97" oya="2" hai0="130,24,18,103,64,55,102,71,61,121,82,7,67" hai1="0,25,39,65,114,129,75,58,98,42,109,23,92" hai2="106,22,133,84,3,21,15,83,50,132,120,127,47" hai3="19,74,10,46,104,111,44,8,100,135,108,125,49"/><V31/><F3/><W95/><G104/><T97/><D121/><U56/><E109/><N who="3" m="42058" /><G74/><T118/><D130/><U28/><E114/><V62/><F106/><W20/><G135/><N who="2" m="51785" /><F127/><W110/><N who="3" m="42066" /><W27/><DORA hai="69" /><G49/><T38/><D118/><U93/><E75/><V2/><F2/><W51/><G51/><T105/><D103/><U33/><E0/><V81/><F31/><W124/><G10/><T126/><D126/><N who="3" m="48745" /><G8/><T76/><D7/><U45/><E129/><V91/><F120/><W6/><G6/><T123/><D123/><U88/><E65/><V57/><F81/><W131/><G131/><T9/><D67/><U94/><E33/><V34/><F15/><W59/><G59/><T30/><D55/><U37/><E37/><V87/><F34/><W77/><G77/><T90/><D9/><U68/><E68/><V66/><F84/><W107/><G107/><T12/><D71/><U113/><E113/><V72/><F72/><W86/><G86/><T117/><D105/><U53/><E58/><V112/><F112/><W17/><G19/><T99/><D18/><U60/><AGARI ba="1,0" hai="23,25,28,39,42,45,53,56,60,88,92,93,94,98" machi="60" ten="20,8000,1" yaku="0,1,7,1,52,2,54,1" doraHai="41,69" who="1" fromWho="1" sc="210,-21,370,83,323,-41,97,-21" /><INIT seed="3,0,0,5,1,94" ten="189,453,282,76" oya="3" hai0="63,29,7,0,59,86,92,1,61,105,126,134,79" hai1="40,78,119,111,9,124,43,2,109,15,22,130,51" hai2="112,55,114,93,53,65,34,26,90,36,71,35,10" hai3="67,57,97,37,62,19,69,100,16,49,33,21,87"/><W81/><G33/><T101/><D126/><U73/><E2/><V125/><F36/><W122/><G122/><T80/><D134/><U56/><E130/><V70/><F125/><W120/><G120/><T123/><D123/><U121/><E121/><V11/><F93/><W24/><G37/><T47/><D7/><U76/><E22/><V77/><F90/><W14/><G49/><T50/><D61/><U23/><E23/><V106/><F26/><W12/><G69/><T135/><D135/><U38/><E38/><V133/><F133/><W129/><G129/><T64/><D105/><U60/><E119/><V98/><F106/><W117/><G117/><T44/><D44/><N who="1" m="25991" /><E43/><V3/><F77/><W127/><G127/><T5/><D5/><N who="1" m="3503" /><E73/><V68/><F68/><W18/><G14/><T74/><D29/><U82/><E82/><V103/><F3/><W58/><G58/><T20/><D20/><U45/><E45/><V8/><F8/><W83/><G12/><T99/><REACH who="0" step="1"/><D74/><REACH who="0" ten="179,453,282,76" step="2"/><U91/><E124/><V88/><F35/><W115/><G115/><T118/><D118/><U108/><E60/><V28/><F34/><W66/><G66/><T75/><D75/><U27/><E56/><V32/><F65/><W128/><G128/><T110/><D110/><U48/><E111/><V72/><F32/><W89/><REACH who="3" step="1"/><G83/><REACH who="3" ten="179,453,282,66" step="2"/><T95/><D95/><AGARI ba="0,2" hai="16,18,19,21,24,57,62,67,81,87,89,95,97,100" machi="95" ten="30,18000,2" yaku="1,1,2,1,7,1,8,1,52,1,54,1,53,0" doraHai="94" doraHaiUra="107" who="3" fromWho="0" sc="179,-180,453,0,282,0,66,200" owari="-1,-50.0,453,55.0,282,8.0,266,-13.0" /></mjloggm>