<mjloggm ver="2.3"><GO type="169" lobby="0"/><UN n0="%61%72%61%66%61%69" n1="%E3%82%A6%E3%83%AB%E3%83%88%E3%83%A9%E7%AB%8B%E7%9B%B4" n2="%E8%99%8E%E7%9A%AE%E7%8C%AB" n3="%4D%4F%44" dan="17,18,16,17" rate="2213.91,2246.06,2152.89,2160.64" sx="F,M,F,F"/><TAIKYOKU oya="0"/><INIT seed="0,0,0,3,3,104" ten="250,250,250,250" oya="0" hai0="126,90,91,83,35,99,17,33,73,48,37,100,67" hai1="62,125,131,89,46,132,61,70,20,50,97,30,59" hai2="22,57,84,116,10,129,53,98,14,130,16,18,71" hai3="118,66,43,65,134,120,4,64,101,124,21,127,26"/><T81/><D37/><U103/><E131/><N who="2" m="50187" /><F57/><W79/><G118/><T27/><D67/><U109/><E125/><V117/><F71/><W77/><G134/><T112/><D126/><N who="3" m="48169" /><G120/><T102/><D112/><U31/><E109/><V56/><F98/><W92/><G43/><T7/><D7/><U76/><E70/><V32/><F84/><W15/><G4/><T13/><D27/><U42/><E132/><V75/><F75/><W1/><G15/><T41/><D41/><U19/><E76/><V38/><F38/><W69/><G1/><T113/><D113/><U105/><E89/><V34/><F53/><W82/><G69/><T54/><D100/><U6/><E62/><V78/><F78/><W88/><G101/><T94/><D90/><U128/><E6/><V2/><F56/><W24/><G21/><T72/><D102/><U86/><E86/><V49/><F49/><W108/><G108/><T60/><D60/><U28/><E128/><V135/><F135/><W40/><G40/><T8/><D35/><N who="2" m="13354" /><F2/><W96/><G79/><T0/><D33/><U25/><E105/><V121/><F121/><W122/><G122/><T95/><D0/><U93/><E61/><V45/><F45/><W23/><G77/><T63/><D63/><U3/><E3/><V110/><F110/><W115/><G115/><T123/><D123/><U11/><E59/><V68/><F68/><W114/><G114/><T9/><D48/><U47/><E47/><V107/><F107/><W133/><G133/><T119/><D54/><U58/><E58/><V111/><F111/><W85/><G66/><RYUUKYOKU ba="0,0" sc="250,-15,250,15,250,15,250,-15" hai1="11,19,20,25,28,30,31,42,46,50,93,97,103" hai2="10,14,16,18,22,116,117" /><INIT seed="1,1,0,4,2,109" ten="235,265,265,235" oya="1" hai0="61,123,105,124,120,14,79,11,21,20,23,73,32" hai1="45,26,131,89,70,35,108,76,28,95,3,7,118" hai2="132,104,134,126,75,114,42,59,9,82,38,121,90" hai3="84,50,62,98,27,33,55,15,107,10,81,54,125"/><U92/><E118/><V24/><F121/><N who="0" m="46666" /><D105/><U34/><E70/><V18/><F104/><W43/><G125/><T58/><D32/><U29/><E131/><V91/><F126/><W127/><G127/><T46/><D124/><U117/><E117/><V115/><F59/><W74/><G74/><T94/><D46/><U16/><E108/><V67/><F67/><W36/><G36/><T8/><D94/><U122/><E122/><V56/><F56/><W128/><G128/><T47/><D47/><U51/><E76/><N who="2" m="44319" /><F42/><W133/><G43/><T39/><D39/><U129/><E129/><V78/><F78/><W48/><G62/><T13/><D79/><U111/><E111/><V93/><F38/><W40/><G40/><T99/><D99/><U96/><E51/><V31/><F18/><W72/><G72/><T87/><D87/><U12/><E45/><V37/><F37/><W71/><G98/><T119/><D73/><U65/><E65/><V101/><F9/><N who="0" m="3658" /><D119/><U135/><E96/><N who="2" m="57407" /><F101/><W77/><G107/><T53/><AGARI ba="1,0" hai="13,14,20,21,23,53,58,61" m="3658,46666" machi="53" ten="40,1500,0" yaku="13,1" doraHai="109" who="0" fromWho="0" sc="235,18,265,-8,265,-5,235,-5" /><INIT seed="2,0,0,4,4,74" ten="253,257,260,230" oya="2" hai0="51,100,8,33,121,45,96,106,68,79,116,57,76" hai1="55,46,14,35,36,13,95,7,118,3,37,44,59" hai2="19,28,31,97,119,105,27,109,111,99,4,39,88" hai3="61,25,11,78,112,41,40,92,62,108,17,115,73"/><V91/><F39/><W54/><G108/><N who="2" m="41545" /><F119/><W50/><G92/><T131/><D68/><U130/><E118/><V52/><F4/><W47/><G41/><T103/><D116/><U67/><E7/><V49/><F19/><W80/><G40/><T110/><D110/><U90/><E3/><V128/><F128/><W60/><REACH who="3" step="1"/><G25/><REACH who="3" ten="253,257,260,220" step="2"/><T104/><D104/><U125/><E95/><N who="2" m="56551" /><F27/><W94/><G94/><T20/><D106/><U126/><E130/><V70/><F70/><W1/><G1/><T56/><D131/><U21/><E37/><V89/><F105/><W129/><G129/><T34/><D121/><U42/><E36/><V16/><F99/><W113/><G113/><T5/><D96/><U66/><E42/><V72/><F72/><W127/><G127/><T0/><D0/><U32/><E126/><V122/><F122/><W117/><G117/><T82/><D100/><U12/><E125/><V22/><F31/><W83/><G83/><T124/><D103/><U98/><E98/><V107/><F107/><W134/><G134/><T69/><D82/><U38/><E38/><V86/><F28/><W9/><G9/><T30/><D8/><U64/><E12/><AGARI ba="0,1" hai="11,12,17,47,50,54,60,61,62,73,78,80,112,115" machi="12" ten="40,2600,0" yaku="1,1,52,1,53,0" doraHai="74" doraHaiUra="120" who="3" fromWho="1" sc="253,0,257,-26,260,0,220,36" /><INIT seed="3,0,0,5,4,34" ten="253,231,260,256" oya="3" hai0="15,32,101,9,64,90,128,6,70,108,17,59,133" hai1="96,22,2,72,88,86,84,33,3,1,21,135,81" hai2="35,121,60,87,51,11,127,125,115,89,73,116,113" hai3="61,98,56,85,78,55,40,27,102,104,83,117,26"/><W14/><G117/><T74/><D74/><U18/><E33/><V95/><F116/><W123/><G123/><T122/><D122/><U80/><E72/><V42/><F121/><W120/><G120/><T5/><D32/><U50/><E135/><V44/><F35/><W119/><G119/><T46/><D70/><U4/><E4/><V25/><F25/><W54/><G40/><T130/><D101/><U48/><E96/><V29/><F29/><W67/><G14/><T0/><D108/><U63/><E63/><V39/><F73/><W111/><G111/><T107/><D107/><U19/><E3/><V112/><F60/><W103/><G102/><T114/><D46/><U7/><E7/><V97/><F11/><W68/><REACH who="3" step="1"/><G55/><REACH who="3" ten="253,231,260,246" step="2"/><T52/><D114/><U99/><E1/><V66/><F115/><W37/><G37/><T109/><D109/><U118/><E2/><V47/><F113/><W45/><G45/><T77/><D133/><U36/><E36/><V65/><F112/><W131/><G131/><T94/><D128/><U30/><E118/><V58/><F39/><W12/><G12/><T20/><D130/><U31/><E99/><V16/><F97/><W124/><G124/><T57/><D0/><U24/><E24/><V13/><F125/><W10/><G10/><T126/><D9/><U91/><AGARI ba="0,1" hai="18,19,21,22,30,31,48,50,80,81,84,86,88,91" machi="91" ten="25,8000,1" yaku="0,1,22,2,8,1,54,1" doraHai="34" who="1" fromWho="1" sc="253,-20,231,90,260,-20,246,-40" /><INIT seed="4,0,0,0,4,93" ten="233,321,240,206" oya="0" hai0="3,45,122,98,60,18,36,114,75,19,80,97,95" hai1="99,100,86,103,24,51,101,90,54,118,96,39,72" hai2="77,126,50,15,25,94,16,20,40,107,92,30,43" hai3="102,57,17,14,62,26,119,65,61,131,32,5,135"/><T21/><D3/><U44/><E72/><V47/><F107/><W109/><G109/><T56/><D122/><U31/><E39/><V48/><F126/><W130/><G119/><T74/><D114/><U110/><E110/><V23/><REACH who="2" step="1"/><F77/><REACH who="2" ten="233,321,230,206" step="2"/><W52/><G131/><T71/><D71/><U87/><E118/><V123/><F123/><W68/><G130/><T28/><D74/><U120/><E120/><V85/><F85/><W104/><G135/><T35/><D75/><U46/><E87/><V58/><F58/><W34/><G5/><T111/><D111/><U7/><E7/><V106/><F106/><W121/><G121/><T1/><D56/><U105/><E105/><V66/><F66/><W13/><G34/><T29/><D35/><U117/><E117/><V63/><F63/><W132/><G132/><T112/><D60/><U116/><E116/><V82/><F82/><W67/><G67/><T22/><D80/><N who="1" m="49479" /><E46/><AGARI ba="0,1" hai="15,16,20,23,25,30,40,43,46,47,48,50,92,94" machi="46" ten="40,8000,1" yaku="1,1,9,1,8,1,54,1,53,0" doraHai="93" doraHaiUra="83" who="2" fromWho="1" sc="233,0,321,-80,230,90,206,0" /><INIT seed="5,0,0,4,3,19" ten="233,241,320,206" oya="1" hai0="20,11,26,112,45,117,95,39,7,111,69,38,30" hai1="76,49,71,1,73,90,29,52,78,103,94,87,27" hai2="16,92,9,63,124,67,21,42,2,22,50,13,8" hai3="10,99,25,24,96,122,104,93,15,48,118,75,31"/><U101/><E71/><V41/><F124/><W102/><G122/><T107/><D107/><U91/><E1/><V133/><F133/><W4/><G118/><T128/><D111/><U98/><E73/><V88/><F2/><W89/><G75/><T51/><D117/><U37/><E37/><V28/><F50/><W3/><G48/><T46/><D69/><U86/><E103/><V80/><F80/><W35/><REACH who="3" step="1"/><G25/><REACH who="3" ten="233,241,320,196" step="2"/><T108/><D51/><U57/><E27/><N who="2" m="16503" /><F41/><W126/><G126/><T68/><D26/><U59/><E29/><V106/><F42/><W55/><G55/><T5/><D30/><U84/><E59/><N who="2" m="37375" /><F106/><W116/><G116/><T134/><D39/><U115/><E115/><V130/><F130/><W119/><G119/><T123/><D38/><U53/><E53/><V36/><F36/><W82/><G82/><T64/><D112/><U60/><E49/><V61/><F61/><W81/><G81/><T44/><D128/><U34/><E34/><V113/><F113/><W132/><G132/><T100/><D134/><U114/><E114/><V65/><F65/><W74/><G74/><T58/><D64/><U125/><E125/><V83/><F83/><W97/><G97/><AGARI ba="0,1" hai="8,9,13,16,21,88,92,97" m="37375,16503" machi="97" ten="30,8000,1" yaku="8,1,52,2,54,2" doraHai="19" who="2" fromWho="3" sc="233,0,241,0,320,90,196,-80" /><INIT seed="6,0,0,2,3,88" ten="233,241,410,116" oya="2" hai0="117,100,92,42,15,14,63,123,33,5,69,79,106" hai1="124,48,94,53,49,98,4,62,77,127,24,84,97" hai2="81,2,119,36,74,11,6,90,40,1,75,109,105" hai3="41,20,45,115,76,28,99,31,50,56,60,110,64"/><V66/><F119/><W9/><G110/><T54/><D33/><U26/><E4/><V19/><F109/><W59/><G115/><T57/><D106/><U89/><E62/><V39/><F105/><W25/><G76/><T51/><D123/><U10/><E10/><V78/><F66/><W131/><G131/><T35/><D35/><U93/><E77/><V102/><F102/><W95/><G9/><T46/><D117/><U16/><E84/><V61/><F61/><W21/><G59/><T104/><D104/><U71/><E71/><V70/><F70/><W101/><REACH who="3" step="1"/><G21/><REACH who="3" ten="233,241,410,106" step="2"/><T130/><D130/><U113/><E113/><V13/><F11/><W68/><G68/><T128/><D128/><U108/><E108/><V85/><F78/><W3/><G3/><T44/><D79/><U67/><E127/><V126/><F1/><W55/><G55/><T34/><D34/><U122/><E53/><V73/><F2/><W114/><G114/><T133/><D69/><U52/><E52/><V27/><F126/><W118/><G118/><T87/><D54/><U17/><E124/><V37/><F73/><W7/><G7/><T23/><D57/><U83/><E67/><V43/><F74/><W107/><G107/><T132/><D5/><U65/><E65/><V0/><F75/><W116/><G116/><T82/><D132/><U29/><E122/><V32/><F0/><W30/><AGARI ba="0,1" hai="20,25,28,30,31,41,45,50,56,60,64,95,99,101" machi="30" ten="20,16000,3" yaku="1,1,0,1,7,1,25,2,8,1,52,1,53,1" doraHai="88" doraHaiUra="96" who="3" fromWho="3" sc="233,-40,241,-40,410,-80,106,170" /><INIT seed="7,0,0,3,4,75" ten="193,201,330,276" oya="3" hai0="64,10,122,41,125,102,62,19,65,2,3,127,25" hai1="133,24,97,73,6,55,103,83,59,4,82,126,54" hai2="44,79,94,38,134,42,123,106,96,131,17,80,88" hai3="34,36,87,100,119,12,89,132,109,29,60,92,86"/><W128/><G119/><T7/><D122/><U21/><E126/><N who="0" m="48137" /><D41/><U26/><E133/><V13/><F123/><W15/><G36/><T63/><D102/><U81/><E73/><V118/><F134/><W110/><G132/><T69/><D25/><N who="1" m="9835" /><E21/><V47/><F106/><W50/><G34/><T68/><D19/><U33/><E33/><V0/><F0/><AGARI ba="0,0" hai="0,2,3,7,10,62,63,64,65,68,69" m="48137" machi="0" ten="30,2000,0" yaku="18,1,23,1" doraHai="75" who="0" fromWho="2" sc="193,20,201,0,330,-20,276,0" owari="213,-19.0,201,-30.0,310,41.0,276,8.0" /></mjloggm>