<mjloggm ver="2.3"><GO type="169" lobby="0"/><UN n0="%E3%83%88%E3%83%88%E3%83%AA%E5%85%88%E7%94%9F%31%39%E6%AD%B3" n1="%63%68%6F%6E%6A%69" n2="%E4%BB%8A%E5%A4%9C%E3%81%8C%E5%B1%B1%E7%94%B0%2E" n3="%E3%82%82%E3%83%BC%E3%82%8A%E3%83%BC" dan="18,16,16,16" rate="2291.71,2154.85,2073.43,2104.85" sx="F,M,M,M"/><TAIKYOKU oya="0"/><INIT seed="0,0,0,4,1,115" ten="250,250,250,250" oya="0" hai0="132,33,75,62,85,28,50,17,13,31,91,27,67" hai1="72,65,35,108,46,10,26,114,23,66,100,116,57" hai2="55,124,87,19,76,69,98,81,78,9,88,60,48" hai3="25,120,39,14,18,54,74,16,131,5,126,92,106"/><T121/><D132/><U90/><E35/><V30/><F124/><W86/><G106/><T36/><D36/><U113/><E108/><V47/><F30/><W20/><G74/><T22/><D31/><N who="1" m="17887" /><E72/><V2/><F98/><W118/><G126/><T130/><D75/><U37/><E90/><V59/><F69/><W3/><G131/><T93/><D130/><U70/><E10/><V111/><F111/><W0/><G118/><T15/><D50/><U12/><E12/><V99/><F99/><W61/><G5/><T68/><REACH who="0" step="1"/><D15/><REACH who="0" ten="240,250,250,250" step="2"/><U125/><E37/><V119/><F2/><W122/><G39/><T58/><D58/><U24/><E116/><V32/><F119/><W1/><G122/><AGARI ba="0,1" hai="13,17,22,27,28,33,62,67,68,85,91,93,121,122" machi="122" ten="40,2000,0" yaku="1,1,53,0" doraHai="115" doraHaiUra="110" who="0" fromWho="3" sc="240,30,250,0,250,0,250,-20" /><INIT seed="0,1,0,5,5,86" ten="270,250,250,230" oya="0" hai0="108,89,114,54,98,68,135,23,65,83,111,24,123" hai1="9,26,39,45,5,93,17,69,117,90,22,10,64" hai2="77,109,74,81,115,20,8,48,47,66,1,88,129" hai3="53,100,131,130,42,46,82,18,50,40,96,95,41"/><T32/><D114/><U78/><E117/><V125/><F115/><W105/><G82/><T103/><D123/><U51/><E78/><V75/><F109/><N who="0" m="42058" /><D32/><U134/><E134/><V57/><F129/><W124/><G124/><T38/><D38/><U72/><E72/><V97/><F125/><W7/><G7/><T112/><D112/><U107/><E107/><V116/><F74/><W58/><G18/><N who="0" m="12407" /><D135/><U94/><E94/><V85/><F116/><W31/><G31/><T133/><D133/><U62/><E39/><V67/><F97/><W104/><REACH who="3" step="1"/><G46/><REACH who="3" ten="270,250,250,220" step="2"/><T73/><D83/><U12/><E5/><V91/><F81/><W113/><G113/><T3/><D73/><U29/><E29/><V132/><F47/><W101/><G101/><T49/><D103/><U63/><E26/><V52/><F75/><W102/><G102/><T4/><D4/><U14/><E14/><V35/><F132/><W60/><G60/><N who="0" m="39975" /><D3/><U2/><E63/><V13/><F1/><W70/><G70/><T120/><D120/><U99/><REACH who="1" step="1"/><E2/><REACH who="1" ten="270,240,250,220" step="2"/><V79/><F13/><W16/><G16/><T110/><D110/><U76/><E76/><V56/><F79/><W61/><G61/><T43/><D89/><U106/><E106/><AGARI ba="1,2" hai="40,41,42,50,53,58,95,96,100,104,105,106,130,131" machi="106" ten="40,5200,0" yaku="1,1,53,2" doraHai="86" doraHaiUra="126" who="3" fromWho="1" sc="270,0,240,-55,250,0,220,75" /><INIT seed="1,0,0,1,3,118" ten="270,185,250,295" oya="1" hai0="114,5,30,126,116,113,100,60,107,119,90,42,123" hai1="24,106,132,61,9,63,23,117,27,11,46,59,32" hai2="47,127,58,105,77,108,85,41,71,6,65,0,70" hai3="20,1,81,56,15,97,50,55,19,82,104,99,133"/><U120/><E117/><N who="0" m="45129" /><D5/><U3/><E132/><V75/><F75/><W35/><G133/><T13/><D13/><U115/><E115/><N who="0" m="44041" /><D30/><U134/><E120/><V38/><F108/><W34/><G1/><T28/><D28/><U67/><E134/><V88/><F127/><W94/><G104/><T76/><D60/><U110/><E110/><V73/><F105/><W111/><G111/><T18/><D18/><U109/><E109/><V17/><F77/><W8/><G99/><N who="0" m="61855" /><D42/><U69/><E106/><V80/><F73/><W64/><G64/><T68/><D68/><U22/><E32/><V121/><F17/><W101/><G34/><T29/><D29/><U4/><E11/><V25/><F25/><N who="3" m="14495" /><G35/><T62/><D62/><U72/><E27/><V39/><F39/><W130/><G130/><T2/><D2/><U10/><E10/><N who="2" m="2375" /><F58/><W7/><AGARI ba="0,0" hai="7,8,15,50,55,56,81,82,94,97,101" m="14495" machi="7" ten="30,1100,0" yaku="8,1" doraHai="118" who="3" fromWho="3" sc="270,-3,185,-5,250,-3,295,11" /><INIT seed="2,0,0,3,3,40" ten="267,180,247,306" oya="2" hai0="104,112,128,59,3,127,76,50,116,36,38,42,80" hai1="64,119,31,111,2,14,108,44,32,97,47,66,12" hai2="96,67,19,10,71,53,26,7,78,1,52,17,21" hai3="133,110,102,134,79,90,73,69,57,89,18,118,95"/><V35/><F78/><W93/><G69/><T107/><D112/><U115/><E115/><V28/><F96/><W34/><G34/><T30/><D3/><U37/><E2/><V130/><F130/><W81/><G57/><T105/><D128/><U88/><E119/><V0/><F0/><W46/><G18/><T77/><D116/><U106/><E37/><V125/><F125/><W68/><G68/><T45/><D127/><U51/><E51/><V25/><REACH who="2" step="1"/><F19/><REACH who="2" ten="267,180,237,306" step="2"/><W121/><G118/><T113/><D77/><U56/><E31/><V86/><F86/><W131/><G131/><T8/><D30/><U41/><E41/><V120/><F120/><W74/><G79/><T135/><D113/><U65/><E106/><V109/><F109/><N who="1" m="42057" /><E32/><V9/><F9/><W82/><G110/><T122/><D8/><U100/><E100/><V114/><F114/><W54/><G102/><T84/><D122/><U132/><E132/><V58/><F58/><W16/><G121/><T23/><D135/><U91/><E56/><V29/><F29/><W15/><G134/><T70/><D70/><U39/><E39/><V87/><F87/><W43/><G133/><T49/><D23/><U48/><E97/><V63/><AGARI ba="0,1" hai="1,7,10,17,21,25,26,28,35,52,53,63,67,71" machi="63" ten="30,6000,0" yaku="1,1,0,1,54,1,53,0" doraHai="40" doraHaiUra="99" who="2" fromWho="2" sc="267,-20,180,-20,237,70,306,-20" /><INIT seed="2,1,0,0,5,83" ten="247,160,307,286" oya="2" hai0="77,73,76,7,38,111,43,53,36,21,49,91,1" hai1="61,69,82,90,25,108,84,24,89,66,40,47,37" hai2="104,52,135,74,8,97,81,85,65,112,51,35,6" hai3="113,130,114,14,42,18,19,45,98,125,34,31,70"/><V117/><F117/><W110/><G70/><T101/><D111/><U129/><E108/><V28/><F112/><W109/><G125/><T87/><D101/><U92/><REACH who="1" step="1"/><E129/><REACH who="1" ten="247,150,307,286" step="2"/><V127/><F127/><W11/><G130/><T103/><D36/><U75/><E75/><V17/><F74/><W10/><G109/><T33/><D73/><U94/><E94/><V9/><F104/><W22/><G110/><T72/><D72/><U121/><E121/><V131/><F131/><W15/><G114/><T106/><D38/><U93/><E93/><V23/><F135/><W5/><G113/><T64/><D106/><U105/><E105/><V59/><F35/><W126/><G126/><T119/><D33/><U30/><E30/><V3/><F28/><W29/><G34/><T99/><D119/><U13/><E13/><V41/><F3/><W48/><G98/><AGARI ba="1,1" hai="24,25,37,40,47,61,66,69,82,84,89,90,92,98" machi="98" ten="30,7700,0" yaku="1,1,7,1,52,1,53,1" doraHai="83" doraHaiUra="79" who="1" fromWho="3" sc="247,0,150,90,307,0,286,-80" /><INIT seed="3,0,0,1,0,27" ten="247,240,307,206" oya="3" hai0="2,119,78,70,63,43,108,102,116,26,94,32,51" hai1="90,83,91,115,131,37,44,64,57,41,96,74,97" hai2="98,77,19,124,132,135,14,69,86,7,93,75,23" hai3="122,21,101,84,114,22,1,120,30,35,17,42,20"/><W67/><G114/><T105/><D2/><U125/><E115/><V56/><F69/><W10/><G67/><N who="0" m="41343" /><D94/><U95/><E131/><V99/><F124/><W6/><G42/><T68/><D68/><U0/><E125/><V128/><F128/><W18/><G101/><T45/><D78/><U60/><E0/><V47/><F75/><W88/><G88/><T33/><D33/><U73/><E83/><N who="2" m="47471" /><F7/><W106/><G84/><T111/><D26/><U118/><E118/><V13/><F47/><W134/><G106/><T31/><D31/><U59/><E57/><V48/><F14/><W39/><G39/><N who="0" m="21759" /><D32/><U62/><E62/><V29/><F29/><W5/><G5/><T72/><D72/><U87/><E87/><V92/><F93/><AGARI ba="0,0" hai="37,41,44,59,60,64,73,74,90,91,93,95,96,97" machi="93" ten="40,1300,0" yaku="9,1" doraHai="27" who="1" fromWho="2" sc="247,0,240,13,307,-13,206,0" /><INIT seed="4,0,0,3,4,94" ten="247,253,294,206" oya="0" hai0="15,63,112,36,35,124,99,95,1,57,49,122,126" hai1="54,34,56,98,101,19,131,28,69,90,58,84,9" hai2="40,75,23,27,83,106,71,116,42,65,76,32,0" hai3="92,66,93,87,113,123,37,100,53,109,45,85,46"/><T10/><D122/><U11/><E69/><V64/><F0/><W33/><G109/><T72/><D36/><U78/><E78/><V7/><F32/><W59/><G33/><T39/><D39/><U108/><E108/><V50/><F7/><W132/><G123/><T4/><D72/><U128/><E28/><V25/><F116/><W31/><G31/><T111/><D35/><U70/><E70/><V96/><F25/><W73/><G73/><T30/><D30/><U118/><E34/><V2/><F2/><W22/><G66/><T89/><D111/><U24/><E24/><V121/><F121/><W48/><G22/><T68/><D68/><U14/><E9/><V52/><F42/><W91/><G132/><T13/><D49/><U114/><E118/><V130/><F40/><W20/><G113/><T47/><D47/><U80/><E114/><V115/><F115/><W60/><G37/><T77/><D77/><U86/><E86/><V79/><F79/><W5/><G5/><T18/><D112/><U44/><E44/><N who="2" m="27719" /><F71/><W119/><G119/><T12/><REACH who="0" step="1"/><D18/><REACH who="0" ten="237,253,294,206" step="2"/><U134/><E134/><V67/><F76/><W62/><G45/><T88/><D88/><U81/><E58/><V97/><F75/><W3/><G46/><T104/><D104/><U129/><E56/><V103/><F106/><W74/><G74/><T107/><D107/><N who="1" m="63927" /><E54/><AGARI ba="0,1" hai="1,4,10,12,13,15,54,57,63,89,95,99,124,126" machi="54" ten="40,3900,0" yaku="1,1,52,1,53,0" doraHai="94" doraHaiUra="17" who="0" fromWho="1" sc="237,49,253,-39,294,0,206,0" /><INIT seed="4,1,0,2,0,69" ten="286,214,294,206" oya="0" hai0="127,8,5,72,111,61,37,124,77,6,44,76,125" hai1="43,9,108,106,48,21,119,91,83,15,16,7,28" hai2="1,112,65,54,27,32,128,117,17,25,10,99,20" hai3="85,41,34,63,51,75,104,109,105,30,40,133,129"/><T107/><D107/><U97/><E108/><V113/><F128/><W24/><G75/><T131/><D131/><U38/><E119/><V84/><F65/><W62/><G109/><T23/><D111/><U52/><E28/><N who="2" m="19487" /><F99/><W33/><G129/><T92/><D23/><U4/><E4/><N who="0" m="1641" /><D8/><U118/><E118/><V87/><F117/><W132/><G85/><T29/><D29/><U49/><E38/><V18/><F1/><W88/><G51/><T53/><D72/><U42/><E48/><V90/><F54/><W59/><G34/><T19/><D19/><U102/><E83/><V45/><F45/><W26/><G26/><T94/><D61/><U57/><REACH who="1" step="1"/><E91/><REACH who="1" ten="286,204,294,206" step="2"/><V46/><F90/><W66/><G88/><T39/><D76/><U103/><E103/><V81/><F81/><W74/><G63/><T114/><D77/><U56/><E56/><V93/><F46/><W2/><G2/><AGARI ba="1,1" hai="2,7,9,15,16,21,42,43,49,52,57,97,102,106" machi="2" ten="30,7700,0" yaku="1,1,7,1,54,2,53,0" doraHai="69" doraHaiUra="67" who="1" fromWho="3" sc="286,0,204,90,294,0,206,-80" /><INIT seed="5,0,0,3,5,84" ten="286,294,294,126" oya="1" hai0="69,79,22,5,33,53,39,95,3,85,91,43,116" hai1="26,40,0,41,120,56,88,106,51,125,49,63,101" hai2="20,89,16,12,75,1,122,6,128,86,93,97,27" hai3="17,82,61,67,126,78,94,50,111,71,59,76,112"/><U13/><E120/><V37/><F122/><W92/><G111/><T108/><D108/><U113/><E0/><V14/><F37/><W45/><G126/><T48/><D116/><U81/><E125/><V73/><F128/><W60/><G112/><T119/><D119/><U68/><E68/><V110/><F110/><W102/><G17/><T123/><D33/><U23/><E113/><V25/><F25/><W114/><G114/><T107/><D69/><U74/><E74/><V46/><F46/><W66/><G102/><T103/><D123/><U62/><E101/><V64/><F64/><W54/><G78/><T121/><D121/><U44/><E106/><V11/><REACH who="2" step="1"/><F86/><AGARI ba="0,0" hai="45,50,54,59,60,61,66,67,71,76,82,86,92,94" machi="86" ten="30,1000,0" yaku="7,1" doraHai="84" who="3" fromWho="2" sc="286,0,294,0,294,-10,126,10" /><INIT seed="6,0,0,0,0,115" ten="286,294,284,136" oya="2" hai0="132,109,61,66,41,134,130,94,22,64,19,69,39" hai1="126,59,70,58,89,127,48,14,35,100,84,24,55" hai2="2,45,50,42,106,25,12,108,21,4,18,10,85" hai3="56,34,27,65,129,123,80,76,113,63,128,23,49"/><V90/><F106/><W51/><G123/><T68/><D109/><U110/><E70/><V67/><F108/><W13/><G34/><T105/><D105/><U95/><E100/><V82/><REACH who="2" step="1"/><F67/><REACH who="2" ten="286,294,274,136" step="2"/><W87/><G113/><T88/><D66/><U103/><E110/><V121/><F121/><W52/><G13/><AGARI ba="0,1" hai="2,4,10,12,13,18,21,25,42,45,50,82,85,90" machi="13" ten="40,2000,0" yaku="1,1,53,0" doraHai="115" doraHaiUra="31" who="2" fromWho="3" sc="286,0,294,0,274,30,136,-20" /><INIT seed="6,1,0,4,5,13" ten="286,294,304,116" oya="2" hai0="0,92,44,125,114,108,23,3,34,35,30,5,132" hai1="74,19,54,56,9,81,97,41,119,33,120,59,118" hai2="36,113,110,121,66,94,93,98,88,122,17,123,15" hai3="96,134,80,6,32,72,127,69,38,130,50,102,29"/><V129/><F36/><W60/><G130/><T2/><D44/><U83/><E33/><N who="0" m="12297" /><D92/><U91/><E120/><V27/><F129/><W16/><G38/><T18/><D108/><U4/><E41/><V133/><F110/><W107/><G6/><T53/><D53/><U115/><E115/><V67/><F133/><W28/><G134/><T82/><D82/><U1/><E83/><V10/><F113/><W46/><G127/><T8/><D132/><U90/><E90/><V52/><F27/><W73/><G32/><T70/><D70/><U64/><E64/><V87/><REACH who="2" step="1"/><F52/><REACH who="2" ten="286,294,294,116" step="2"/><W11/><G29/><T101/><D114/><U58/><E54/><V109/><F109/><W21/><G28/><T105/><D125/><U89/><E119/><V43/><F43/><W57/><G80/><T26/><D105/><U20/><E118/><V86/><F86/><W100/><G72/><T95/><D95/><U112/><E97/><V126/><F126/><W131/><G73/><T79/><D79/><U45/><E112/><V75/><F75/><W22/><G131/><T63/><D63/><U135/><E135/><V51/><F51/><W106/><G106/><T55/><D55/><U99/><E99/><V7/><F7/><W24/><G96/><T117/><D117/><U25/><E74/><V12/><F12/><W37/><G107/><T40/><D40/><U128/><E128/><V14/><F14/><W68/><G60/><T84/><D84/><U62/><E62/><V65/><F65/><W31/><G50/><T49/><D49/><U104/><E104/><V71/><F71/><RYUUKYOKU ba="1,1" sc="286,-10,294,-10,294,30,116,-10" hai2="10,15,17,66,67,87,88,93,94,98,121,122,123" /><INIT seed="6,2,1,2,3,49" ten="276,284,324,106" oya="2" hai0="90,102,35,26,107,36,114,1,23,80,86,111,4" hai1="29,44,48,74,126,81,105,60,121,70,39,127,69" hai2="72,21,92,65,51,130,83,64,5,109,7,25,9" hai3="77,66,62,131,73,20,57,18,108,128,67,97,42"/><V45/><F130/><W76/><G108/><T2/><D111/><U133/><E39/><V3/><F109/><W15/><G73/><T6/><D35/><U43/><E105/><V87/><F92/><W119/><G119/><T78/><D36/><U54/><E29/><V14/><F72/><W24/><G128/><T122/><D122/><U98/><E98/><V11/><F83/><W93/><G131/><T117/><D114/><U115/><E115/><V46/><F87/><W8/><G42/><T91/><D117/><U22/><E22/><V123/><F123/><W55/><G76/><T33/><D33/><U17/><E17/><V84/><F84/><W59/><G77/><T124/><D124/><N who="1" m="47659" /><E121/><V50/><F45/><W116/><G59/><T112/><D112/><U27/><E27/><V79/><F79/><W53/><G67/><T129/><D129/><U38/><E133/><V31/><REACH who="2" step="1"/><F50/><REACH who="2" ten="276,284,314,106" step="2"/><W75/><G75/><T106/><D106/><U103/><E81/><V120/><F120/><W56/><G56/><T61/><D107/><U95/><E74/><V52/><AGARI ba="2,2" hai="3,5,7,9,11,14,21,25,31,46,51,52,64,65" machi="52" ten="20,18000,2" yaku="1,1,0,1,7,1,52,1,54,1,53,2" doraHai="49" doraHaiUra="0" who="2" fromWho="2" sc="276,-62,284,-62,314,206,106,-62" /><INIT seed="6,3,0,0,4,31" ten="214,222,520,44" oya="2" hai0="76,122,86,46,39,13,78,26,119,61,99,6,62" hai1="114,131,130,89,108,98,106,40,41,117,81,30,1" hai2="80,87,58,21,67,70,84,116,110,112,92,11,36" hai3="4,83,65,79,56,10,128,91,34,18,54,104,27"/><V74/><F36/><W16/><G128/><N who="1" m="49194" /><E108/><V50/><F11/><W126/><G126/><T63/><D122/><U53/><E114/><V0/><F21/><W12/><G104/><T37/><D119/><U29/><E117/><V118/><F50/><W125/><G125/><T28/><D99/><U23/><E1/><V73/><F58/><W90/><G65/><T103/><D103/><N who="1" m="62839" /><E53/><V38/><F67/><W95/><G27/><T101/><D101/><U88/><E23/><V85/><F38/><W134/><G134/><T60/><D37/><U2/><E2/><V68/><F0/><W105/><G105/><T9/><D86/><N who="1" m="50255" /><E89/><V20/><F116/><W8/><G34/><T94/><D94/><U72/><E72/><V5/><F92/><W51/><G95/><T14/><D14/><U82/><E82/><V127/><F20/><W120/><G120/><T100/><D100/><U47/><E47/><V102/><F102/><W109/><G109/><T93/><D93/><U33/><E33/><V43/><F74/><W7/><G7/><T55/><N who="0" m="15360" /><DORA hai="59" /><T77/><D39/><U32/><E32/><V121/><F73/><W17/><REACH who="3" step="1"/><G10/><REACH who="3" ten="214,222,520,34" step="2"/><T3/><D26/><U75/><E75/><AGARI ba="3,1" hai="4,8,12,16,17,18,51,54,56,75,79,83,90,91" machi="75" ten="40,5200,0" yaku="1,1,2,1,54,1,53,0" doraHai="31,59" doraHaiUra="123,66" who="3" fromWho="1" sc="214,0,222,-61,520,0,34,71" /><INIT seed="7,0,0,0,5,51" ten="214,161,520,105" oya="3" hai0="42,11,22,127,40,114,15,56,62,37,13,99,12" hai1="80,69,30,17,85,128,121,65,110,131,105,122,32" hai2="50,81,2,5,84,21,89,53,52,26,7,74,113" hai3="91,109,87,72,115,4,61,14,117,133,98,6,34"/><W79/><G117/><T83/><D37/><U44/><E44/><V31/><F113/><W108/><G115/><T60/><D114/><U134/><E17/><V57/><F74/><W41/><G34/><T8/><D127/><U3/><E110/><N who="3" m="42602" /><G133/><T97/><D22/><U59/><E3/><V54/><F2/><W19/><G41/><N who="0" m="15979" /><D83/><U124/><E69/><V93/><F81/><N who="3" m="45287" /><G98/><N who="0" m="37387" /><D62/><N who="1" m="38111" /><E105/><V101/><F101/><W35/><G61/><T100/><D100/><U29/><E124/><V86/><F86/><W55/><G55/><AGARI ba="0,0" hai="8,11,12,13,15,55,56,60" m="37387,15979" machi="55" ten="30,2000,0" yaku="8,1,52,1" doraHai="51" who="0" fromWho="3" sc="214,20,161,0,520,0,105,-20" /><AGARI ba="0,0" hai="5,7,21,26,31,50,52,53,54,55,57,84,89,93" machi="55" ten="40,12000,2" yaku="8,1,52,4,54,1" doraHai="51" who="2" fromWho="3" sc="234,0,161,0,520,120,85,-120" owari="234,3.0,161,-24.0,640,75.0,-35,-54.0" /></mjloggm>