<mjloggm ver="2.3"><GO type="169" lobby="0"/><UN n0="%E3%81%82%E3%82%8B%E3%81%B5%E3%81%81%E3%81%AE%E4%BA%BA" n1="%73%69%6E%73%69%73%74" n2="%E3%82%A6%E3%83%AB%E3%83%88%E3%83%A9%E7%AB%8B%E7%9B%B4" n3="%46%41%4D" dan="16,17,16,17" rate="2095.74,2167.40,2159.21,2127.79" sx="M,M,M,M"/><TAIKYOKU oya="0"/><INIT seed="0,0,0,2,2,23" ten="250,250,250,250" oya="0" hai0="50,123,10,77,127,109,90,33,88,112,69,113,117" hai1="16,120,63,9,18,43,11,20,124,5,30,99,38" hai2="1,8,73,92,68,71,4,66,58,94,70,129,75" hai3="87,29,83,107,97,12,14,46,84,91,62,105,31"/><T53/><D33/><U96/><E120/><V79/><F129/><W45/><G97/><N who="1" m="37450" /><E38/><V72/><REACH who="2" step="1"/><F79/><REACH who="2" ten="250,250,240,250" step="2"/><N who="3" m="46207" /><G107/><T21/><D123/><U126/><E124/><V98/><F98/><W114/><G105/><T74/><D127/><U135/><E126/><V41/><F41/><W44/><G114/><T28/><D113/><U24/><E43/><V130/><F130/><W100/><G100/><T81/><D112/><U65/><E135/><V39/><F39/><W57/><G91/><T122/><D122/><U128/><E128/><V61/><AGARI ba="0,1" hai="1,4,8,58,61,66,68,70,71,72,73,75,92,94" machi="61" ten="40,2700,0" yaku="1,1,0,1,53,0" doraHai="23" doraHaiUra="110" who="2" fromWho="2" sc="250,-13,250,-7,240,37,250,-7" /><INIT seed="1,0,0,4,0,55" ten="237,243,277,243" oya="1" hai0="50,93,133,0,116,37,64,134,18,78,85,82,34" hai1="45,91,129,118,124,39,9,74,12,135,4,106,16" hai2="35,20,121,73,75,49,112,123,22,104,132,31,113" hai3="88,52,26,117,100,21,60,58,80,69,11,77,87"/><U17/><E118/><V44/><F104/><W41/><G117/><T8/><D37/><U66/><E124/><V30/><F35/><W107/><G69/><T76/><D116/><U6/><E129/><V114/><F49/><W70/><G70/><T99/><D34/><U96/><E74/><N who="2" m="28171" /><F44/><W1/><G41/><T84/><D64/><U33/><E33/><V110/><F110/><W81/><G107/><T83/><D50/><U103/><E135/><V23/><F132/><W86/><G100/><T25/><D25/><U101/><E101/><V63/><F63/><W131/><G131/><T46/><D46/><U29/><E29/><AGARI ba="0,0" hai="20,22,23,29,30,31,112,113,114,121,123" m="28171" machi="29" ten="40,5200,0" yaku="28,2,11,1" doraHai="55" who="2" fromWho="1" sc="237,0,243,-52,277,52,243,0" /><INIT seed="2,0,0,4,5,53" ten="237,191,329,243" oya="2" hai0="78,47,89,63,70,96,124,25,119,130,32,43,31" hai1="28,121,108,102,104,111,42,65,26,55,129,18,59" hai2="23,85,103,62,72,64,60,48,73,17,88,67,10" hai3="57,69,0,54,76,56,106,110,131,101,122,86,112"/><V79/><F103/><W46/><G122/><T39/><D124/><U77/><E121/><V34/><F34/><W118/><G69/><T12/><D130/><U29/><E129/><V38/><F38/><W123/><G123/><T115/><D115/><U132/><E132/><V22/><F79/><W37/><G131/><T58/><D70/><U41/><E65/><V134/><F134/><W44/><G0/><T120/><D78/><U92/><E104/><V19/><F10/><W127/><G118/><T82/><D120/><U95/><E18/><V107/><F107/><W109/><G127/><T1/><D1/><U133/><E77/><V66/><F48/><W116/><G116/><T87/><D12/><U14/><E14/><N who="2" m="9527" /><F73/><W2/><G2/><T51/><D96/><U20/><E102/><V113/><F72/><W80/><G112/><T27/><D27/><U93/><E29/><V94/><F113/><W9/><G9/><T52/><REACH who="0" step="1"/><D119/><REACH who="0" ten="227,191,329,243" step="2"/><U8/><E133/><V11/><F11/><W49/><G110/><N who="1" m="42026" /><E8/><V68/><F68/><W5/><G109/><T61/><AGARI ba="0,1" hai="25,31,32,39,43,47,51,52,58,61,63,82,87,89" machi="61" ten="30,8000,1" yaku="1,1,0,1,52,1,54,1,53,1" doraHai="53" doraHaiUra="50" who="0" fromWho="0" sc="227,90,191,-20,329,-40,243,-20" /><INIT seed="3,0,0,5,4,31" ten="317,171,289,223" oya="3" hai0="41,60,116,0,55,106,72,127,51,90,67,14,34" hai1="125,126,112,71,50,35,44,132,22,85,7,93,130" hai2="47,110,89,30,92,12,64,58,66,11,102,56,131" hai3="121,78,59,18,20,117,105,107,24,19,27,69,25"/><W53/><G69/><T49/><D0/><U128/><E112/><V68/><F68/><W101/><G121/><T79/><D106/><U104/><E71/><V124/><F110/><W48/><G117/><T33/><D116/><U23/><E104/><V15/><F102/><W65/><G65/><T133/><D41/><U119/><E119/><V109/><F109/><W38/><G38/><T94/><D67/><U3/><E35/><V120/><F30/><W96/><G107/><T36/><D36/><U123/><E123/><V80/><F80/><W82/><REACH who="3" step="1"/><G18/><REACH who="3" ten="317,171,289,213" step="2"/><T1/><D127/><U135/><E7/><V84/><F124/><N who="1" m="47721" /><E3/><V73/><F66/><W75/><AGARI ba="0,1" hai="19,20,24,25,27,48,53,59,75,78,82,96,101,105" machi="75" ten="20,3900,0" yaku="1,1,0,1,7,1,53,0" doraHai="31" doraHaiUra="4" who="3" fromWho="3" sc="317,-13,171,-13,289,-13,213,49" /><INIT seed="3,1,0,5,1,85" ten="304,158,276,262" oya="3" hai0="50,31,45,90,97,127,15,106,36,99,102,65,55" hai1="33,14,91,0,56,5,92,6,21,121,131,101,111" hai2="67,29,129,83,49,96,38,24,30,124,43,78,59" hai3="107,18,89,94,51,133,82,113,75,125,93,10,117"/><W130/><G117/><T19/><D127/><U48/><E121/><V9/><F38/><W86/><G107/><T44/><D65/><U62/><E33/><V115/><F115/><W122/><G113/><T28/><D99/><U84/><E111/><V61/><F124/><W88/><G125/><T103/><D103/><U126/><E131/><V80/><F129/><W1/><G130/><T37/><D90/><N who="3" m="34921" /><G75/><T112/><D112/><U81/><E0/><V71/><F80/><W4/><G122/><T47/><D37/><U23/><E48/><V114/><F96/><W119/><G119/><T26/><D26/><U104/><E104/><V98/><F98/><W74/><G74/><T40/><REACH who="0" step="1"/><D44/><REACH who="0" ten="294,158,276,262" step="2"/><U17/><E101/><V7/><F114/><W87/><G133/><T134/><D134/><U108/><E126/><V100/><F100/><W69/><G69/><T46/><D46/><U3/><E108/><V120/><F71/><W76/><G94/><T135/><D135/><U63/><E92/><V110/><F110/><W12/><G93/><T41/><D41/><U95/><E95/><V13/><F120/><W66/><G66/><T52/><D52/><U39/><E39/><V57/><F43/><W54/><G87/><T42/><D42/><U123/><E123/><V105/><F67/><W8/><G54/><T2/><D2/><U68/><E3/><V132/><F105/><W32/><G1/><T25/><D25/><N who="1" m="14511" /><E68/><V20/><F132/><W53/><G53/><T109/><D109/><U79/><E91/><V77/><F24/><W22/><G86/><T116/><D116/><RYUUKYOKU ba="1,1" sc="294,30,158,-10,276,-10,262,-10" hai0="15,19,28,31,36,40,45,47,50,55,97,102,106" /><INIT seed="4,2,1,0,1,36" ten="324,148,266,252" oya="0" hai0="9,135,74,128,68,129,118,39,15,25,100,28,18" hai1="50,125,55,112,53,33,124,10,58,120,16,126,21" hai2="65,2,62,12,72,88,35,57,106,0,24,64,63" hai3="29,34,44,80,19,93,85,38,60,23,127,71,1"/><T132/><D68/><U26/><E120/><V89/><F72/><W66/><G127/><T76/><D39/><U46/><E112/><V49/><F106/><W92/><G1/><T4/><D100/><U78/><E33/><V27/><F12/><W47/><G29/><T131/><D76/><U122/><E122/><V30/><F49/><W43/><G34/><N who="0" m="20751" /><D74/><U42/><E78/><V82/><F27/><W98/><G47/><T79/><D79/><U61/><REACH who="1" step="1"/><E10/><REACH who="1" ten="324,138,266,252" step="2"/><V90/><REACH who="2" step="1"/><F82/><REACH who="2" ten="324,138,256,252" step="2"/><W69/><G80/><T117/><D4/><U45/><E45/><V91/><N who="2" m="22528" /><DORA hai="70" /><V130/><F130/><W56/><G44/><T8/><D8/><U113/><E113/><V22/><F22/><W121/><G23/><T73/><D73/><U6/><E6/><V17/><F17/><W48/><G19/><T97/><D97/><U116/><E116/><AGARI ba="2,3" hai="9,15,18,116,117,118,128,129,131,132,135" m="20751" machi="116" ten="40,7700,0" yaku="19,1,34,2" doraHai="36,70" who="0" fromWho="1" sc="324,113,138,-83,256,0,252,0" /><INIT seed="4,3,0,2,1,64" ten="437,55,256,252" oya="0" hai0="7,124,30,24,117,42,26,108,114,71,93,72,105" hai1="98,127,38,8,1,135,2,5,107,63,80,91,123" hai2="95,47,101,32,97,52,14,56,34,119,60,0,118" hai3="126,67,23,10,75,20,37,87,9,115,66,65,51"/><T70/><D105/><U62/><E123/><V131/><F0/><W111/><G75/><T28/><D117/><N who="2" m="44554" /><F131/><W21/><G37/><T3/><D72/><U15/><E127/><V36/><F14/><W16/><G126/><T86/><D124/><U40/><E135/><V113/><F113/><W74/><G74/><T54/><D42/><AGARI ba="3,0" hai="32,34,36,42,47,52,56,60,95,97,101" m="44554" machi="42" ten="30,2000,0" yaku="12,1,54,1" doraHai="64" who="2" fromWho="0" sc="437,-29,55,0,256,29,252,0" /><INIT seed="5,0,0,5,0,97" ten="408,55,285,252" oya="1" hai0="124,80,121,77,96,65,33,107,34,72,131,55,25" hai1="16,119,127,49,122,88,108,116,17,24,95,2,31" hai2="23,105,81,73,30,132,113,40,114,52,43,20,21" hai3="32,44,38,14,76,26,83,94,115,0,102,79,3"/><U117/><E122/><V128/><F105/><W22/><G115/><N who="2" m="44041" /><F128/><W59/><G32/><T28/><D131/><U101/><E2/><V10/><F132/><W82/><G14/><T109/><D109/><U18/><E108/><V8/><F30/><W103/><G94/><T106/><D55/><U11/><E127/><V27/><F27/><W110/><G110/><T84/><D124/><U1/><E49/><V51/><F81/><N who="3" m="30731" /><G38/><T56/><D34/><U99/><E1/><V75/><F8/><W64/><G44/><T129/><D129/><U42/><E42/><N who="2" m="15915" /><F10/><W133/><G133/><T68/><D121/><U57/><E57/><AGARI ba="0,0" hai="20,21,23,51,52,57,73,75" m="15915,44041" machi="57" ten="30,3900,0" yaku="15,1,11,1,54,1" doraHai="97" who="2" fromWho="1" sc="408,0,55,-39,285,39,252,0" /><INIT seed="6,0,0,3,2,10" ten="408,16,324,252" oya="2" hai0="41,61,114,30,100,90,68,66,130,15,48,77,52" hai1="45,94,18,24,113,28,43,12,64,3,21,101,124" hai2="120,105,98,81,19,34,65,122,71,17,118,44,125" hai3="93,23,47,31,36,133,112,70,42,58,53,76,22"/><V107/><F118/><W95/><G70/><T85/><D114/><U88/><E113/><V128/><F81/><W29/><G112/><T132/><D130/><U4/><E124/><V38/><F44/><W11/><G133/><T119/><D132/><U72/><E72/><V33/><F38/><W104/><G104/><T108/><D108/><U49/><E3/><V51/><F51/><W26/><G76/><T102/><D41/><U40/><E64/><V39/><F39/><W46/><G47/><T87/><D77/><U79/><E79/><V91/><F91/><W60/><G11/><T6/><D30/><U110/><E110/><V1/><F1/><W109/><G109/><T9/><D119/><U32/><E4/><V127/><F128/><W117/><G117/><T116/><D116/><U126/><E126/><N who="2" m="48139" /><F65/><W0/><G0/><T121/><D121/><N who="2" m="46698" /><F71/><W62/><G60/><T7/><D7/><U106/><E106/><N who="2" m="40459" /><F98/><W115/><G115/><T37/><D37/><U14/><E101/><V135/><F135/><W123/><G123/><T92/><D85/><U13/><REACH who="1" step="1"/><E43/><REACH who="1" ten="408,6,324,252" step="2"/><V59/><F59/><AGARI ba="0,1" hai="6,9,15,48,52,59,61,66,68,87,90,92,100,102" machi="59" ten="30,3900,0" yaku="7,1,52,1,54,1" doraHai="10" who="0" fromWho="2" sc="408,49,6,0,324,-39,252,0" /><INIT seed="7,0,0,0,0,134" ten="457,6,285,252" oya="3" hai0="58,127,79,71,39,57,126,1,106,115,37,128,93" hai1="36,35,83,130,110,108,97,0,30,42,95,85,45" hai2="55,77,50,86,125,78,91,84,122,74,21,70,72" hai3="47,63,99,113,56,120,38,135,132,94,98,9,33"/><W49/><G33/><T19/><D106/><U62/><E0/><V44/><F70/><W68/><G120/><T4/><D71/><U76/><E130/><V13/><F74/><W53/><G9/><N who="0" m="2191" /><D128/><U23/><E35/><V114/><F72/><W103/><G99/><T112/><D93/><U100/><E62/><V117/><F117/><W5/><G5/><T88/><D88/><U111/><E30/><V18/><F114/><N who="0" m="43562" /><D19/><U116/><E116/><V75/><F75/><W60/><G113/><T66/><D79/><N who="2" m="30218" /><F125/><N who="0" m="47626" /><D66/><U123/><E123/><V131/><F131/><W7/><G7/><T27/><D27/><U2/><E2/><V29/><F122/><W41/><REACH who="3" step="1"/><G63/><REACH who="3" ten="457,6,285,242" step="2"/><T52/><D58/><U119/><E119/><V25/><F91/><W105/><G105/><T43/><D43/><U14/><E108/><V26/><F29/><W17/><G17/><T109/><D109/><U28/><E28/><V101/><F101/><W11/><G11/><T59/><D59/><U89/><E100/><V102/><F102/><W32/><G32/><T15/><D15/><U20/><E23/><V22/><F22/><W6/><G6/><T121/><D121/><U96/><E96/><V64/><F64/><AGARI ba="0,1" hai="38,41,47,49,53,56,60,64,68,94,98,103,132,135" machi="64" ten="40,12000,1" yaku="1,1,24,2,53,1" doraHai="134" doraHaiUra="92" who="3" fromWho="2" sc="457,0,6,0,285,-120,242,130" /><INIT seed="7,1,0,4,2,135" ten="457,6,165,372" oya="3" hai0="38,83,45,64,14,107,88,63,105,16,106,30,36" hai1="108,125,58,37,70,40,13,21,80,17,12,112,29" hai2="129,90,47,110,65,86,79,101,96,34,95,81,84" hai3="77,41,120,42,27,67,8,82,20,73,94,121,39"/><W109/><G109/><T43/><D30/><U113/><E70/><V87/><F34/><W23/><G67/><T124/><D124/><U66/><E108/><V69/><F47/><W59/><G59/><T128/><D128/><U104/><E104/><V72/><F65/><W62/><G62/><T102/><D38/><U24/><E37/><V75/><F69/><W85/><G8/><T55/><D55/><U111/><E111/><V61/><F61/><W51/><G39/><T116/><D116/><U28/><E40/><V4/><F4/><W99/><G73/><T74/><D102/><U127/><E80/><V48/><F48/><W89/><G20/><T123/><D123/><U93/><E93/><V5/><F5/><W18/><REACH who="3" step="1"/><G51/><REACH who="3" ten="457,6,165,362" step="2"/><T49/><D49/><U7/><E58/><V57/><F57/><W78/><G78/><T54/><D74/><U132/><E66/><V15/><F110/><W68/><G68/><T2/><D64/><U19/><E7/><V100/><F129/><W114/><G114/><T10/><D63/><U46/><E46/><V32/><F72/><W92/><G92/><T9/><D9/><U91/><E91/><V50/><F90/><W115/><G115/><N who="1" m="44106" /><E132/><V6/><F95/><W118/><G118/><T53/><D2/><U11/><E28/><V60/><F79/><W119/><G119/><T52/><D88/><U1/><E1/><V117/><F117/><W71/><G71/><T131/><D131/><U44/><E44/><V33/><F75/><W133/><G133/><T35/><D35/><N who="2" m="13386" /><F60/><W130/><G130/><T0/><D0/><RYUUKYOKU ba="1,1" sc="457,10,6,10,165,-30,362,10" hai0="10,14,16,36,43,45,52,53,54,83,105,106,107" hai1="11,12,13,17,19,21,24,29,125,127" hai3="18,23,27,41,42,77,82,85,89,94,99,120,121" /><INIT seed="7,2,1,5,5,123" ten="467,16,135,372" oya="3" hai0="107,41,2,12,23,1,13,74,90,66,49,97,43" hai1="25,85,103,50,56,31,101,67,113,75,20,118,45" hai2="69,109,28,61,38,14,40,111,51,44,86,124,73" hai3="122,117,127,87,79,115,132,80,30,39,82,36,29"/><W126/><G122/><T93/><D74/><U91/><E118/><V98/><F73/><W9/><G117/><T99/><D2/><U6/><E75/><V26/><F86/><W48/><G115/><T34/><D34/><U134/><E134/><V17/><F124/><N who="3" m="47659" /><G132/><T7/><D1/><U131/><E131/><V133/><F133/><W27/><G80/><T129/><D129/><U106/><E106/><V47/><F98/><W52/><G9/><N who="0" m="4159" /><D107/><U11/><E113/><V92/><F92/><W5/><G5/><T128/><D128/><U112/><E112/><V22/><F61/><W35/><G30/><T24/><D13/><U57/><E11/><V120/><F69/><W108/><G108/><T68/><D68/><U60/><E56/><V88/><F88/><W102/><G102/><T65/><D99/><U59/><E59/><V64/><F64/><N who="0" m="24682" /><D49/><U121/><E121/><V130/><F130/><W63/><G63/><T0/><D0/><U21/><E6/><V84/><F84/><W4/><G4/><T116/><D116/><U10/><E10/><V100/><F100/><W70/><G70/><T37/><D37/><U33/><E103/><V110/><F120/><W71/><G71/><T72/><D72/><U78/><E101/><V18/><F14/><W95/><G95/><T94/><D93/><N who="1" m="54511" /><E78/><V76/><F76/><W125/><N who="3" m="47667" /><W15/><DORA hai="62" /><G15/><T53/><D53/><U42/><E60/><V54/><AGARI ba="2,1" hai="17,18,22,26,28,38,40,44,47,51,54,109,110,111" machi="54" ten="30,7900,0" yaku="0,1,52,3" doraHai="123,62" who="2" fromWho="2" sc="467,-22,16,-22,135,95,372,-41" owari="445,55.0,-6,-51.0,230,-17.0,331,13.0" /></mjloggm>