<mjloggm ver="2.3"><GO type="169" lobby="0"/><UN n0="%6B%67%72%69%70%6A%74" n1="%77%69%69%69%69%6E" n2="%50%45%41%43%45%31%30" n3="%E3%82%A6%E3%83%AB%E3%83%88%E3%83%A9%E7%AB%8B%E7%9B%B4" dan="16,16,16,18" rate="2056.82,2059.81,2150.89,2260.07" sx="M,M,M,M"/><TAIKYOKU oya="0"/><INIT seed="0,0,0,5,3,18" ten="250,250,250,250" oya="0" hai0="49,10,97,80,68,65,21,51,58,82,14,46,56" hai1="85,104,72,22,52,59,42,28,24,105,5,53,92" hai2="99,76,106,116,20,43,124,126,113,117,27,75,70" hai3="19,129,55,66,48,12,0,6,62,95,44,2,121"/><T101/><D68/><U71/><E72/><V84/><F70/><W61/><G129/><T103/><D51/><U109/><E71/><V112/><F43/><W47/><G121/><T115/><D115/><N who="2" m="44106" /><F27/><W87/><G6/><T11/><D82/><U111/><E5/><V118/><F20/><N who="3" m="11367" /><G0/><T114/><D80/><U69/><E42/><V83/><F84/><W78/><G2/><T98/><D114/><U7/><E7/><V31/><F31/><W67/><G47/><T88/><D11/><U30/><E69/><V93/><F106/><N who="1" m="41065" /><E30/><V102/><AGARI ba="0,0" hai="75,76,83,93,99,102,116,117,118,124,126" m="44106" machi="102" ten="40,5200,0" yaku="12,1,34,2" doraHai="18" who="2" fromWho="2" sc="250,-26,250,-13,250,52,250,-13" /><INIT seed="1,0,0,4,5,80" ten="224,237,302,237" oya="1" hai0="6,68,82,22,46,102,126,110,64,103,19,86,119" hai1="18,54,98,0,100,111,48,13,97,90,72,69,116" hai2="31,43,55,28,112,71,123,25,74,10,92,27,4" hai3="16,108,24,1,51,9,131,36,127,113,32,78,2"/><U7/><E116/><V47/><F123/><W44/><G113/><T58/><D119/><U133/><E69/><V26/><F112/><W40/><G108/><T124/><D110/><U73/><E133/><V15/><F71/><W42/><G131/><T21/><D68/><U77/><E7/><V99/><F74/><W20/><G127/><N who="0" m="48683" /><D46/><U109/><E0/><V95/><F55/><W52/><G32/><T30/><D6/><U79/><E73/><V87/><F95/><W65/><G65/><T121/><D30/><U60/><E60/><V38/><REACH who="2" step="1"/><F87/><REACH who="2" ten="224,237,292,237" step="2"/><W75/><G42/><T84/><D84/><U33/><E54/><V83/><F83/><W122/><G122/><T134/><D86/><U70/><E70/><V57/><F57/><W88/><G75/><T45/><D82/><U96/><E72/><V120/><F120/><W107/><G52/><T3/><D58/><U12/><E109/><V106/><F106/><W29/><G107/><T62/><D121/><U76/><E111/><V39/><F39/><W34/><G36/><T89/><D134/><U101/><E96/><V117/><F117/><W17/><G40/><T85/><D85/><U125/><E97/><V67/><F67/><W59/><G59/><T61/><D64/><U118/><E125/><V23/><F23/><W81/><G20/><T8/><D22/><N who="1" m="11591" /><E118/><V5/><F5/><N who="3" m="1199" /><G81/><T35/><D21/><U37/><E33/><V93/><F93/><W105/><G105/><T91/><D35/><U135/><E37/><V41/><F41/><W132/><G34/><T50/><D8/><U129/><E135/><RYUUKYOKU ba="0,1" sc="224,-10,237,-10,292,30,237,-10" hai2="4,10,15,25,26,27,28,31,38,43,47,92,99" /><INIT seed="2,1,1,2,5,50" ten="214,227,322,227" oya="2" hai0="51,72,25,49,5,67,77,91,107,28,81,43,95" hai1="130,22,94,106,35,31,124,27,44,80,133,89,85" hai2="117,3,37,123,88,6,129,74,21,20,132,82,131" hai3="36,62,90,59,108,120,26,0,93,99,100,104,24"/><V84/><F117/><W68/><G120/><T48/><D107/><U2/><E124/><V121/><F37/><W105/><G68/><T8/><D67/><U83/><E133/><V69/><F69/><W111/><G0/><T128/><D128/><N who="2" m="49226" /><F132/><W7/><G7/><T30/><D43/><U38/><E130/><V19/><F74/><W41/><G41/><T18/><D18/><U61/><E106/><N who="3" m="41066" /><G90/><T12/><REACH who="0" step="1"/><D25/><REACH who="0" ten="204,227,322,227" step="2"/><U109/><E27/><V110/><F19/><W60/><G26/><T9/><D9/><U56/><E38/><V119/><F119/><W10/><G36/><T73/><D73/><U4/><E4/><V76/><F121/><W64/><G10/><T66/><D66/><U53/><E109/><V14/><F110/><W23/><G111/><T17/><D17/><U101/><E53/><V40/><F123/><W39/><G39/><T87/><AGARI ba="1,2" hai="5,8,12,28,30,48,49,51,72,77,81,87,91,95" machi="87" ten="30,2000,0" yaku="1,1,0,1,53,0" doraHai="50" doraHaiUra="127" who="0" fromWho="0" sc="204,43,227,-6,322,-11,227,-6" /><INIT seed="3,0,0,4,2,71" ten="247,221,311,221" oya="3" hai0="66,6,64,85,9,60,88,18,87,58,104,69,111" hai1="62,86,100,44,19,107,101,8,13,76,3,97,31" hai2="51,132,123,95,119,43,72,120,124,108,78,38,0" hai3="37,82,52,65,114,116,70,118,27,47,67,135,45"/><W127/><G82/><T133/><D104/><U106/><E3/><V34/><F51/><N who="3" m="28799" /><G27/><T39/><D111/><U11/><E31/><V117/><F95/><W84/><G84/><T80/><D133/><U48/><E62/><V61/><F61/><N who="3" m="40239" /><G135/><T130/><D130/><U77/><E86/><V54/><F78/><W42/><G127/><T30/><D30/><U16/><E48/><V57/><F72/><W125/><G125/><T33/><D18/><U24/><E44/><V2/><F34/><W4/><G4/><T63/><D87/><U81/><E81/><V103/><F103/><W79/><G79/><T20/><D20/><U73/><E73/><V94/><F94/><W53/><G114/><T129/><D129/><U10/><E24/><V32/><F32/><W55/><G67/><T83/><D33/><U7/><E11/><V126/><F132/><W17/><G17/><T74/><D83/><U12/><REACH who="1" step="1"/><E7/><REACH who="1" ten="247,211,311,221" step="2"/><V5/><F5/><W50/><G55/><T96/><D74/><U110/><E110/><V113/><F54/><W56/><AGARI ba="0,1" hai="37,42,45,50,53,56,116,118" m="40239,28799" machi="56" ten="30,12000,1" yaku="24,1,34,2,52,1,54,1" doraHai="71" who="3" fromWho="3" sc="247,-40,211,-40,311,-40,221,130" /><INIT seed="3,1,0,4,1,25" ten="207,171,271,351" oya="3" hai0="42,51,130,105,52,114,74,107,72,135,35,59,65" hai1="12,21,92,89,20,16,104,0,69,88,132,47,119" hai2="86,55,41,77,8,70,29,82,11,34,127,126,93" hai3="73,40,5,109,19,36,2,103,44,54,39,64,15"/><W31/><G39/><T66/><D42/><U99/><E104/><V76/><F70/><W78/><G103/><T90/><D90/><U57/><E69/><V48/><F41/><W22/><G64/><T71/><D130/><U91/><E132/><V81/><F93/><W120/><G120/><T33/><D71/><U129/><E0/><V30/><F34/><W112/><G112/><T80/><D80/><U9/><E129/><V49/><F55/><W125/><G125/><T4/><D59/><U128/><E128/><V17/><F17/><W84/><G84/><AGARI ba="1,0" hai="8,11,29,30,48,49,76,77,81,82,84,86,126,127" machi="84" ten="25,6400,0" yaku="22,2,52,2" doraHai="25" who="2" fromWho="3" sc="207,0,171,0,271,67,351,-67" /><INIT seed="4,0,0,4,4,26" ten="207,171,338,284" oya="0" hai0="65,124,75,56,100,48,27,77,88,91,92,123,87" hai1="99,85,46,8,111,135,29,0,67,126,107,11,108" hai2="117,72,28,36,105,73,79,95,102,57,33,106,131" hai3="52,23,61,76,43,115,17,38,21,6,32,35,130"/><T114/><D123/><U86/><E0/><V97/><F36/><W121/><G38/><T16/><D124/><U84/><E46/><V90/><F57/><W132/><G43/><T104/><D114/><U74/><E67/><V63/><F63/><W133/><G6/><T51/><D104/><N who="2" m="40042" /><F28/><W69/><G130/><T30/><D75/><N who="2" m="28746" /><F33/><W103/><G23/><N who="0" m="15743" /><D77/><U31/><E74/><V134/><F131/><W20/><G69/><T3/><D3/><U60/><E60/><V12/><F12/><W40/><G32/><T70/><D70/><U2/><E107/><N who="2" m="63951" /><F79/><W47/><G76/><T25/><D25/><U71/><E29/><V64/><F64/><W50/><G35/><T15/><D65/><U81/><E31/><V112/><F112/><W4/><G115/><T93/><D56/><U18/><E2/><V101/><F134/><W49/><G133/><T122/><D122/><U129/><E135/><V120/><F120/><W109/><G132/><T116/><D116/><U94/><E129/><V19/><F19/><W66/><G17/><T13/><D13/><U34/><E71/><V22/><F22/><W82/><G121/><T7/><D7/><U24/><E34/><V83/><F117/><W118/><G4/><T80/><D51/><U78/><E24/><V9/><F9/><W68/><G118/><T42/><D48/><U110/><E18/><V53/><F53/><W54/><G50/><T37/><D42/><U98/><E11/><V89/><F83/><W10/><G49/><T45/><D45/><U62/><E8/><V113/><F113/><W14/><G10/><RYUUKYOKU ba="0,0" sc="207,-10,171,-10,338,30,284,-10" hai2="89,90,95,101" /><INIT seed="5,1,0,5,5,44" ten="197,161,368,274" oya="1" hai0="113,95,81,89,109,83,43,79,93,27,26,73,39" hai1="45,112,108,4,102,75,56,94,80,49,42,12,77" hai2="90,21,24,115,122,29,127,110,67,6,84,131,91" hai3="31,38,88,3,72,71,8,7,97,134,92,119,124"/><U10/><E112/><V17/><F110/><W61/><G38/><T15/><D109/><U33/><E33/><V101/><F122/><W74/><G31/><T123/><D113/><U117/><E108/><V52/><F115/><W114/><G114/><T128/><D123/><U100/><E117/><V59/><F127/><W99/><G134/><T129/><D15/><U111/><E111/><V118/><F118/><W120/><G120/><T23/><D83/><U13/><E13/><V60/><F131/><N who="0" m="50250" /><D89/><U22/><E22/><V28/><F101/><W103/><G124/><T64/><D64/><U87/><REACH who="1" step="1"/><E56/><REACH who="1" ten="197,151,368,274" step="2"/><V66/><F21/><W54/><G119/><T9/><D23/><U19/><E19/><V1/><F59/><W30/><G30/><T16/><D16/><U133/><E133/><V34/><F17/><W47/><G71/><T35/><D35/><U121/><E121/><V40/><F34/><W69/><G69/><T41/><D9/><U37/><E37/><V96/><F29/><W62/><G8/><T25/><D39/><U82/><E82/><V53/><F28/><W55/><G7/><T2/><D2/><U51/><E51/><V46/><F6/><W105/><G3/><T0/><D0/><U63/><E63/><V18/><F1/><W14/><G14/><T78/><D78/><U36/><E36/><V76/><F18/><W135/><G135/><T85/><D73/><U104/><E104/><V126/><F76/><W107/><G107/><T57/><D57/><U5/><E5/><V50/><F126/><W20/><G72/><T125/><D125/><RYUUKYOKU ba="1,1" sc="197,15,151,15,368,-15,274,-15" hai0="25,26,27,41,43,79,81,85,93,95" hai1="4,10,12,42,45,49,75,77,80,87,94,100,102" /><INIT seed="5,2,1,4,1,106" ten="212,166,353,259" oya="1" hai0="25,81,97,128,22,77,73,115,40,38,117,118,127" hai1="46,112,79,61,23,32,18,19,14,12,2,135,67" hai2="134,100,109,44,34,43,15,62,102,7,84,91,29" hai3="101,20,50,110,83,108,16,28,126,80,130,96,59"/><U103/><E135/><V69/><F109/><W74/><G28/><T98/><D115/><U65/><E112/><V71/><F134/><W39/><G39/><T56/><D127/><U70/><E2/><V6/><F34/><W113/><G113/><T75/><D128/><U10/><E32/><V121/><F29/><W88/><G126/><T4/><D4/><U60/><E103/><V90/><F121/><W125/><G125/><T72/><D56/><U9/><E79/><V42/><F15/><W107/><G130/><T132/><D132/><U47/><REACH who="1" step="1"/><E23/><REACH who="1" ten="212,156,353,259" step="2"/><V21/><F21/><W35/><G35/><T86/><D118/><U57/><AGARI ba="2,2" hai="9,10,12,14,18,19,46,47,57,60,61,65,67,70" machi="57" ten="20,18000,2" yaku="1,1,2,1,0,1,7,1,9,1,53,2" doraHai="106" doraHaiUra="58" who="1" fromWho="1" sc="212,-62,156,206,353,-62,259,-62" /><INIT seed="5,3,0,3,3,74" ten="150,362,291,197" oya="1" hai0="122,93,90,109,123,110,52,67,97,114,24,133,20" hai1="91,76,69,32,40,75,33,134,62,87,16,80,45" hai2="1,66,63,30,42,34,23,48,72,36,130,10,99" hai3="95,96,31,12,135,61,86,27,85,94,71,127,21"/><U129/><E129/><V108/><F130/><W116/><G127/><T17/><D114/><U70/><E134/><V126/><F108/><W73/><G73/><T120/><D67/><U51/><E16/><V64/><F126/><W124/><G124/><T103/><D133/><U49/><E49/><V59/><F23/><W101/><G135/><T37/><D37/><U9/><E9/><V19/><F66/><W14/><G116/><T125/><D125/><U60/><E60/><V113/><F113/><W65/><G94/><T68/><D68/><U88/><E91/><V89/><F72/><W79/><REACH who="3" step="1"/><G86/><REACH who="3" ten="150,362,291,187" step="2"/><T132/><D132/><U56/><E87/><V83/><F99/><W92/><G92/><T28/><D103/><U2/><E75/><V43/><F83/><AGARI ba="3,1" hai="12,14,21,27,31,61,65,71,79,83,85,95,96,101" machi="83" ten="40,2600,0" yaku="1,1,52,1,53,0" doraHai="74" doraHaiUra="104" who="3" fromWho="2" sc="150,0,362,0,291,-35,187,45" /><INIT seed="6,0,0,1,3,105" ten="150,362,256,232" oya="2" hai0="5,115,41,85,40,118,24,8,126,67,47,36,92" hai1="34,21,68,132,97,72,86,32,123,9,131,109,61" hai2="57,77,71,128,14,2,37,13,29,44,66,119,58" hai3="23,65,6,60,88,19,127,74,91,111,45,104,59"/><V95/><F119/><W117/><G111/><T53/><D115/><U98/><E72/><V4/><F4/><W93/><BYE who="2" /><G117/><T11/><D118/><U42/><E97/><V112/><F112/><W96/><G104/><T81/><D126/><U49/><E86/><V99/><F99/><W102/><G127/><T134/><D134/><U7/><E21/><V62/><F62/><W101/><G74/><T73/><D67/><U10/><E10/><V80/><F80/><W113/><G113/><T43/><D24/><U35/><E35/><V124/><F124/><W121/><G121/><T103/><D11/><U39/><E98/><V55/><F55/><W12/><G6/><T87/><D53/><U135/><E49/><V82/><F82/><W16/><G91/><T0/><D87/><U54/><E54/><V106/><F106/><W56/><G56/><T125/><D125/><U84/><E84/><V15/><F15/><N who="3" m="9631" /><G45/><T116/><D116/><U1/><E123/><V79/><F79/><W122/><G122/><T69/><D69/><U26/><E109/><V83/><F83/><W63/><G63/><T51/><D51/><UN n2="%50%45%41%43%45%31%30" /><U25/><E61/><V90/><F2/><W3/><G3/><T107/><D107/><U110/><E68/><V78/><F37/><W30/><G30/><T75/><D75/><U100/><E110/><V52/><F71/><W48/><G48/><T133/><D133/><U120/><E120/><V18/><F29/><W64/><G64/><T130/><D130/><U38/><E131/><V46/><F128/><W94/><G94/><T50/><D50/><RYUUKYOKU ba="0,0" sc="150,-10,362,-10,256,-10,232,30" hai3="12,19,59,60,65,88,93,96,101,102" /><INIT seed="7,1,0,4,0,65" ten="140,352,246,262" oya="3" hai0="84,55,5,83,104,16,94,23,35,115,77,76,123" hai1="128,75,11,12,58,66,129,130,70,56,131,95,44" hai2="126,133,59,109,13,96,34,0,6,106,43,61,135" hai3="119,7,10,118,124,62,79,64,105,78,20,47,71"/><W90/><G105/><T52/><D104/><U27/><E128/><V73/><F109/><W48/><G124/><T24/><D123/><U125/><E125/><V101/><F126/><W4/><G90/><T26/><D115/><U116/><E116/><V85/><F73/><W31/><G31/><T45/><D5/><U28/><E75/><V30/><F0/><W72/><G20/><T93/><D77/><U19/><E44/><V113/><F113/><W25/><G25/><T42/><D35/><N who="1" m="20895" /><E95/><V114/><F114/><W111/><G7/><T29/><D29/><U99/><E99/><V69/><F69/><W46/><G46/><T91/><D26/><U50/><E50/><V102/><F43/><W60/><G48/><T41/><D41/><U107/><E107/><V98/><F85/><W32/><G47/><T49/><REACH who="0" step="1"/><D94/><REACH who="0" ten="130,352,246,262" step="2"/><U53/><E129/><V14/><F30/><W9/><G79/><T97/><AGARI ba="1,1" hai="16,23,24,42,45,49,52,55,76,83,84,91,93,97" machi="97" ten="20,12000,2" yaku="1,1,2,1,0,1,7,1,8,1,54,2,53,0" doraHai="65" doraHaiUra="8" who="0" fromWho="0" sc="130,133,352,-31,246,-31,262,-61" owari="263,6.0,321,42.0,215,-18.0,201,-30.0" /></mjloggm>