<mjloggm ver="2.3"><GO type="169" lobby="0"/><UN n0="%E3%82%A2%E3%82%B4%E3%81%A3%E3%81%A6%E3%82%93%E3%81%AE%E2%99%AA" n1="%E3%82%A6%E3%83%AB%E3%83%88%E3%83%A9%E7%AB%8B%E7%9B%B4" n2="%58%E7%8C%AB" n3="%40%6D%75%6B%61" dan="16,17,16,16" rate="2033.70,2196.64,2081.15,2047.40" sx="F,M,M,M"/><TAIKYOKU oya="0"/><INIT seed="0,0,0,4,2,49" ten="250,250,250,250" oya="0" hai0="68,9,96,21,26,115,116,87,77,66,56,108,12" hai1="99,84,135,64,82,78,52,17,47,29,36,89,112" hai2="106,90,3,23,133,8,71,25,41,33,73,30,98" hai3="51,123,31,46,10,62,117,107,104,53,92,45,65"/><T38/><D38/><U88/><E36/><V134/><F73/><W39/><G117/><T74/><D68/><U24/><E135/><N who="2" m="51723" /><F71/><W109/><G109/><T86/><D74/><U40/><E40/><V79/><F79/><W2/><G123/><T94/><D108/><U129/><E129/><V0/><F41/><W72/><G72/><T131/><D131/><U35/><E64/><V61/><F61/><W81/><G31/><T15/><D116/><U75/><E112/><V113/><F113/><W85/><G92/><T103/><D115/><U83/><E17/><V118/><F118/><W7/><G45/><T76/><D15/><U48/><E99/><V91/><F23/><W4/><G4/><T1/><D1/><N who="2" m="586" /><F8/><W111/><G39/><T127/><D76/><AGARI ba="0,0" hai="24,29,35,47,48,52,75,76,78,82,83,84,88,89" machi="76" ten="30,7700,0" yaku="7,1,52,1,54,2" doraHai="49" who="1" fromWho="0" sc="250,-77,250,77,250,0,250,0" /><INIT seed="1,0,0,4,5,130" ten="173,327,250,250" oya="1" hai0="94,37,17,96,0,41,82,73,38,18,128,2,34" hai1="22,15,67,7,88,69,84,112,74,61,107,21,120" hai2="117,126,99,116,44,65,87,58,23,14,59,63,66" hai3="52,45,53,71,3,132,5,31,70,68,62,27,26"/><U111/><E74/><V97/><F126/><W98/><G3/><T114/><D34/><U95/><E120/><V56/><F87/><W25/><G5/><T104/><D104/><U79/><E112/><V110/><F23/><W103/><G132/><T13/><D114/><U55/><E107/><V123/><F14/><W125/><G125/><T8/><D128/><U33/><E33/><V60/><F123/><W135/><G135/><T43/><D73/><U122/><E122/><V121/><F121/><W134/><G134/><T105/><D105/><U89/><E79/><V86/><F86/><W28/><G53/><T11/><D13/><U106/><E106/><V90/><F90/><W100/><G100/><T35/><D35/><U57/><E89/><V64/><F110/><W46/><G46/><T30/><D94/><U108/><E7/><V32/><F32/><W40/><G62/><T51/><D51/><N who="1" m="30975" /><E15/><V115/><F115/><W124/><G52/><T24/><D96/><U133/><E133/><V9/><F9/><W131/><G131/><T78/><D78/><U39/><E39/><V93/><F93/><W92/><REACH who="3" step="1"/><G124/><REACH who="3" ten="173,327,250,240" step="2"/><T72/><D0/><U101/><E101/><V47/><F97/><W83/><G83/><T91/><D2/><U16/><E111/><V20/><F99/><W6/><G6/><T42/><D82/><U1/><E1/><V75/><F75/><W80/><G80/><T76/><D72/><U29/><E108/><V4/><F4/><W50/><AGARI ba="0,1" hai="25,26,27,28,31,40,45,50,68,70,71,92,98,103" machi="50" ten="40,2700,0" yaku="1,1,0,1,53,0" doraHai="130" doraHaiUra="113" who="3" fromWho="3" sc="173,-7,327,-13,250,-7,240,37" /><INIT seed="2,0,0,0,4,118" ten="166,314,243,277" oya="2" hai0="46,104,70,124,86,59,3,51,52,5,4,111,117" hai1="18,33,98,27,130,34,49,112,63,24,102,26,129" hai2="15,13,90,107,53,110,37,120,60,93,28,41,79" hai3="50,89,77,14,43,134,100,121,55,116,36,75,105"/><V99/><F28/><W32/><G116/><T85/><D117/><U12/><E49/><V74/><F110/><W30/><G36/><T23/><D111/><U58/><E112/><V115/><F115/><W20/><G43/><T78/><D104/><U128/><E98/><V54/><F54/><W29/><G32/><T17/><D70/><U101/><E102/><V87/><F120/><W114/><G114/><T68/><D68/><U132/><E101/><V31/><F31/><W69/><G69/><T19/><D124/><U22/><REACH who="1" step="1"/><E132/><REACH who="1" ten="166,304,243,277" step="2"/><V57/><F99/><W2/><G100/><T71/><D71/><U91/><E91/><V76/><F79/><W56/><G50/><T135/><D135/><U42/><E42/><V108/><F108/><W125/><G89/><T126/><D78/><U83/><E83/><V73/><F76/><W82/><G82/><T65/><D51/><U16/><E16/><V48/><F48/><W35/><G77/><T131/><D19/><U61/><E61/><V88/><F41/><W45/><G134/><T80/><D17/><U113/><E113/><V40/><F40/><W0/><G105/><T9/><D80/><U67/><AGARI ba="0,1" hai="12,18,22,24,26,27,33,34,58,63,67,128,129,130" machi="67" ten="40,5200,0" yaku="1,1,0,1,19,1,53,0" doraHai="118" doraHaiUra="119" who="1" fromWho="1" sc="166,-13,304,62,243,-26,277,-13" /><INIT seed="3,0,0,1,4,126" ten="153,366,217,264" oya="3" hai0="129,95,78,98,25,115,97,10,56,8,72,116,47" hai1="102,108,59,41,107,121,7,132,26,42,30,5,60" hai2="64,73,18,76,90,85,109,28,125,14,6,83,113" hai3="120,123,51,23,13,33,91,117,75,55,43,44,101"/><W86/><G117/><T124/><D116/><U57/><E121/><V62/><F113/><W4/><G33/><T31/><D124/><U63/><E108/><V80/><F109/><W39/><G75/><T54/><D115/><U29/><E102/><V27/><F125/><W67/><G67/><T15/><D97/><U70/><E70/><V24/><F6/><W106/><G106/><T17/><D47/><U105/><REACH who="1" step="1"/><E26/><REACH who="1" ten="153,356,217,264" step="2"/><V74/><F27/><W34/><G101/><T128/><D72/><U35/><E35/><V114/><F114/><W112/><G112/><T84/><D8/><U0/><E0/><V69/><F73/><W19/><G120/><T20/><D78/><U122/><E122/><V36/><F24/><W32/><G123/><T68/><D68/><U87/><E87/><V93/><F74/><W133/><G133/><AGARI ba="0,1" hai="5,7,29,30,41,42,57,59,60,63,105,107,132,133" machi="133" ten="25,3200,0" yaku="1,1,22,2,53,0" doraHai="126" doraHaiUra="12" who="1" fromWho="3" sc="153,0,356,42,217,0,264,-32" /><INIT seed="4,0,0,2,5,46" ten="153,398,217,232" oya="0" hai0="103,133,74,27,124,70,34,59,33,69,97,40,41" hai1="38,125,66,11,132,5,45,76,115,111,14,12,57" hai2="95,7,0,63,128,75,104,130,48,89,60,109,118" hai3="98,71,112,13,47,25,88,39,15,119,20,67,83"/><T106/><D74/><U68/><E111/><V28/><F109/><W64/><G119/><T99/><D133/><U134/><E68/><V114/><F104/><W120/><G112/><T26/><D59/><U31/><E31/><V51/><F75/><W24/><G120/><T127/><D103/><U90/><E76/><V17/><F28/><W42/><G24/><T73/><D73/><U117/><E117/><V19/><F118/><W129/><G129/><N who="2" m="49769" /><F114/><W61/><G67/><T105/><AGARI ba="0,0" hai="26,27,33,34,40,41,69,70,97,99,105,106,124,127" machi="105" ten="25,4800,0" yaku="0,1,22,2" doraHai="46" who="0" fromWho="0" sc="153,48,398,-16,217,-16,232,-16" /><INIT seed="4,1,0,3,3,82" ten="201,382,201,216" oya="0" hai0="129,128,122,96,91,60,19,34,105,16,76,5,54" hai1="38,70,44,112,84,113,132,80,61,120,29,43,131" hai2="125,73,12,106,85,6,118,68,103,107,83,25,100" hai3="127,133,116,9,114,24,13,3,97,90,41,28,50"/><T67/><D122/><U69/><E120/><V109/><F68/><W23/><G116/><T52/><D34/><U79/><E131/><N who="0" m="50249" /><D76/><U81/><E132/><V87/><F25/><W49/><G114/><N who="1" m="44138" /><E29/><V63/><F63/><W7/><G133/><T134/><D5/><U124/><E124/><V20/><F109/><W26/><G127/><T88/><D134/><U57/><E81/><V119/><F125/><W102/><G3/><T10/><D19/><U15/><E15/><V93/><F20/><W27/><G90/><N who="0" m="34347" /><D96/><U115/><E115/><V11/><F73/><W30/><G27/><T77/><D77/><U8/><E8/><V58/><F83/><W39/><G39/><T66/><D105/><U99/><E99/><V110/><F110/><W18/><G18/><T135/><D135/><U2/><E2/><V35/><F35/><W74/><G74/><T47/><D47/><U86/><E86/><N who="2" m="32779" /><F93/><W40/><G26/><T72/><D72/><U55/><AGARI ba="1,0" hai="38,43,44,55,57,61,69,70,79,80,84" m="44138" machi="55" ten="30,4000,0" yaku="15,1,11,1,52,1" doraHai="82" who="1" fromWho="1" sc="201,-21,382,43,201,-11,216,-11" /><INIT seed="5,0,0,5,3,131" ten="180,425,190,205" oya="1" hai0="83,102,49,27,8,78,48,72,69,29,41,34,68" hai1="84,30,73,33,20,26,39,89,112,115,126,104,133" hai2="88,54,50,96,122,14,53,43,23,38,106,1,59" hai3="17,82,85,42,134,12,6,111,86,71,109,35,57"/><U124/><E73/><V52/><F122/><W101/><G71/><T24/><D49/><U9/><E104/><V90/><F1/><W28/><G6/><T75/><D102/><U103/><E103/><V16/><F38/><W25/><G134/><T18/><D75/><U45/><E39/><V13/><F106/><W60/><G42/><T67/><D67/><U70/><E70/><V94/><F43/><W100/><G100/><T56/><D56/><U47/><E133/><V15/><F90/><W51/><G51/><T74/><D74/><U123/><E123/><V62/><F53/><W40/><G40/><T19/><D19/><U80/><E9/><V119/><F119/><W76/><G86/><T117/><D117/><U129/><E33/><V5/><F5/><W10/><REACH who="3" step="1"/><G101/><REACH who="3" ten="180,425,190,195" step="2"/><T128/><D69/><U64/><E84/><V120/><F120/><W105/><G105/><T116/><D68/><U135/><E135/><V130/><F130/><W87/><G87/><T127/><D72/><U125/><E129/><V7/><F7/><W65/><AGARI ba="0,1" hai="10,12,17,25,28,35,57,60,65,76,82,85,109,111" machi="65" ten="20,2700,0" yaku="1,1,0,1,7,1,53,0" doraHai="131" doraHaiUra="107" who="3" fromWho="3" sc="180,-7,425,-13,190,-7,195,37" /><INIT seed="6,0,0,4,1,127" ten="173,412,183,232" oya="2" hai0="109,112,16,122,129,41,52,132,99,103,90,22,51" hai1="7,9,71,101,134,37,27,108,116,14,44,57,19" hai2="75,121,66,93,3,4,110,33,11,100,106,21,32" hai3="55,2,63,104,89,130,28,76,45,80,73,102,118"/><V131/><F93/><W20/><G118/><T39/><D122/><U62/><E71/><V15/><F121/><W12/><G2/><T92/><D109/><U119/><E108/><V70/><F110/><W79/><G79/><T84/><D132/><U114/><E134/><V23/><F23/><W60/><G104/><T31/><D31/><U83/><E101/><V74/><F21/><W126/><G126/><T48/><D112/><U81/><E114/><V49/><F15/><W85/><G102/><T124/><D124/><U54/><E83/><V10/><F10/><W64/><G64/><T24/><D129/><U58/><E81/><V128/><F49/><N who="3" m="29103" /><G73/><N who="2" m="27657" /><F100/><W40/><G40/><T35/><D35/><N who="2" m="13386" /><F106/><W77/><G130/><N who="2" m="49705" /><F66/><W13/><G13/><T117/><D117/><U91/><E14/><V111/><F111/><W120/><G120/><T5/><D5/><U133/><E9/><V105/><F105/><W53/><G12/><T98/><D103/><U125/><E7/><N who="2" m="1535" /><F70/><W36/><G20/><T82/><D92/><U29/><E125/><V0/><F0/><W38/><G77/><T115/><D115/><U61/><E119/><V56/><F56/><W135/><G76/><T96/><REACH who="0" step="1"/><D52/><REACH who="0" ten="163,412,183,232" step="2"/><U67/><E116/><V34/><N who="2" m="13394" /><V18/><DORA hai="1" /><F18/><W113/><G53/><T30/><D30/><U68/><E54/><V26/><F26/><W95/><G28/><T8/><D8/><U47/><E29/><V69/><F4/><W87/><G113/><T86/><D86/><U107/><E27/><V43/><F43/><W88/><G85/><T6/><D6/><RYUUKYOKU ba="0,1" sc="163,15,412,-15,183,15,232,-15" hai0="16,22,24,39,41,48,51,82,84,90,96,98,99" hai2="69" /><INIT seed="6,1,1,3,2,85" ten="178,397,198,217" oya="2" hai0="100,104,77,91,27,87,43,53,78,116,11,29,62" hai1="73,49,135,61,7,103,48,15,22,6,5,44,20" hai2="68,121,46,17,19,102,131,105,106,45,14,83,38" hai3="129,134,75,0,93,115,114,25,119,70,79,108,57"/><V122/><F131/><W36/><RYUUKYOKU type="yao9" ba="1,1" sc="178,0,397,0,198,0,217,0" hai3="0,25,36,57,70,75,79,93,108,114,115,119,129,134" /><INIT seed="6,2,1,1,3,58" ten="178,397,198,217" oya="2" hai0="82,51,95,49,128,116,44,31,119,129,65,54,73" hai1="48,12,37,100,5,10,67,117,75,124,88,111,121" hai2="115,93,112,30,78,92,102,27,63,42,72,0,81" hai3="13,84,19,29,74,24,80,69,56,110,4,59,8"/><V55/><F0/><W7/><G69/><T107/><D107/><U70/><E37/><V61/><F42/><W113/><G110/><T15/><D31/><U18/><E75/><V50/><F102/><W2/><G74/><T39/><D39/><U21/><E111/><V45/><F93/><W1/><G113/><N who="2" m="43593" /><F92/><W76/><G4/><T104/><D104/><U36/><E36/><V90/><F90/><W71/><G71/><T26/><D95/><U23/><E88/><V6/><F6/><W99/><G99/><T105/><D105/><U34/><E5/><V47/><F47/><W28/><G28/><T85/><D73/><U120/><E100/><V103/><F103/><W96/><G96/><T32/><D82/><U134/><E117/><V62/><F62/><W41/><G41/><N who="0" m="24719" /><D85/><U106/><E106/><V35/><AGARI ba="2,1" hai="27,30,35,45,50,55,61,63,72,78,81" m="43593" machi="35" ten="30,6000,0" yaku="15,1,52,2" doraHai="58" who="2" fromWho="2" sc="178,-22,397,-22,198,76,217,-22" /><INIT seed="6,3,0,5,4,83" ten="156,375,274,195" oya="2" hai0="122,36,77,6,90,123,28,99,120,4,76,81,66" hai1="114,116,57,61,46,98,92,11,44,134,89,132,96" hai2="131,12,78,128,115,7,48,117,59,111,15,97,32" hai3="70,54,82,94,124,63,42,30,23,49,91,68,121"/><V105/><F117/><W95/><G121/><T72/><D36/><U62/><E116/><V58/><F32/><W119/><G119/><T35/><D66/><U1/><E114/><V80/><F115/><W127/><G42/><T109/><D109/><U93/><E11/><N who="2" m="4223" /><F111/><W104/><G104/><T29/><D77/><U129/><E1/><V22/><F97/><W79/><G94/><T43/><D43/><U71/><E71/><V37/><F37/><W125/><G63/><T113/><D113/><U56/><E89/><V9/><F22/><W102/><G102/><T26/><D29/><U53/><E53/><V135/><F48/><W88/><G30/><T21/><D35/><U24/><E24/><V86/><F105/><W112/><G91/><T19/><D28/><U40/><E40/><V65/><F65/><W20/><G20/><T110/><D110/><U45/><E45/><V55/><F55/><W87/><G23/><T60/><D60/><U3/><E3/><V33/><F33/><W100/><G100/><T67/><D67/><U52/><E52/><V84/><F135/><W106/><G106/><T17/><D17/><U64/><E64/><V18/><F80/><W0/><G0/><T16/><REACH who="0" step="1"/><D19/><REACH who="0" ten="146,375,274,195" step="2"/><U126/><E134/><V107/><F78/><W8/><G112/><T27/><D27/><U25/><E132/><V130/><F107/><W73/><G8/><T5/><D5/><U2/><E62/><V10/><F10/><W34/><G34/><T85/><D85/><AGARI ba="3,1" hai="9,15,18,58,59,84,85,86,128,130,131" m="4223" machi="85" ten="30,11600,0" yaku="19,1,52,3" doraHai="83" who="2" fromWho="0" sc="146,-125,375,0,274,135,195,0" /><INIT seed="6,4,0,0,5,51" ten="21,375,409,195" oya="2" hai0="12,96,11,78,36,7,100,15,17,42,103,101,85" hai1="91,34,72,87,119,35,27,70,75,126,68,69,30" hai2="115,89,40,32,123,6,122,116,37,133,22,128,90" hai3="67,74,5,84,24,49,130,60,23,9,120,28,61"/><V45/><F116/><W94/><G74/><T8/><D36/><U118/><E126/><V46/><F32/><N who="1" m="12329" /><E87/><V4/><F22/><W102/><G120/><T21/><D42/><U111/><E91/><V83/><F83/><W71/><G130/><T112/><D112/><U43/><E43/><V108/><F115/><W104/><G61/><T127/><D127/><U92/><E92/><V47/><F47/><W62/><G62/><T117/><D117/><N who="1" m="44555" /><E27/><V135/><F128/><W106/><G49/><T19/><D96/><U50/><E50/><V2/><F40/><W86/><G86/><T55/><D85/><U41/><E41/><V124/><F124/><W31/><G31/><T82/><D82/><U20/><E20/><V134/><F135/><W26/><G26/><T79/><D21/><U56/><E56/><V57/><F57/><W39/><G39/><T113/><D113/><U0/><E30/><V110/><F37/><W77/><G77/><T132/><D132/><U97/><E97/><V1/><AGARI ba="4,0" hai="1,2,4,6,45,46,89,90,108,110,122,123,133,134" machi="1" ten="25,4800,0" yaku="0,1,22,2" doraHai="51" who="2" fromWho="2" sc="21,-20,375,-20,409,60,195,-20" /><INIT seed="6,5,0,0,3,74" ten="1,355,469,175" oya="2" hai0="65,38,115,71,91,40,43,82,90,48,133,2,124" hai1="76,4,56,134,11,33,114,24,57,135,125,111,96" hai2="127,120,97,50,83,17,116,107,95,19,30,104,88" hai3="79,85,42,64,53,51,58,28,45,37,131,60,68"/><V14/><F120/><W67/><G28/><T102/><D2/><U15/><E111/><V119/><F19/><W105/><G105/><T92/><D71/><U36/><E36/><V26/><F127/><W98/><G98/><T1/><D124/><U55/><E125/><V12/><F12/><W44/><G131/><T123/><D1/><U29/><E114/><V25/><F25/><W41/><G85/><N who="0" m="50487" /><D38/><U106/><E106/><V112/><F104/><W49/><G79/><T108/><D108/><U78/><E96/><V34/><F107/><W122/><G122/><T99/><D123/><U113/><E113/><V86/><F50/><W80/><G80/><T22/><D115/><U128/><E128/><V84/><F84/><W0/><G0/><T47/><D133/><N who="1" m="50699" /><E56/><V18/><F18/><W73/><G73/><T3/><D3/><U69/><E69/><V132/><F132/><W81/><G81/><T72/><D72/><U87/><E87/><V126/><F126/><W27/><G27/><T75/><D75/><U5/><E5/><V129/><F112/><W7/><G7/><T118/><D118/><U121/><E121/><V66/><F129/><W62/><G68/><T117/><D117/><U103/><E103/><V110/><F110/><W8/><G8/><T61/><D102/><U77/><E57/><V109/><F109/><W89/><G89/><T94/><D94/><U46/><E55/><V23/><F119/><W20/><G20/><T16/><D43/><U54/><E54/><V13/><F116/><W10/><G10/><T52/><D52/><U101/><E101/><RYUUKYOKU ba="5,0" sc="1,-15,355,15,469,-15,175,15" hai1="4,11,15,24,29,33,46,76,77,78" hai3="37,41,42,44,45,49,51,53,58,60,62,64,67" owari="-14,-51.0,370,17.0,454,55.0,190,-21.0" /></mjloggm>