<mjloggm ver="2.3"><GO type="169" lobby="0"/><UN n0="%E3%81%98%E3%81%87%E3%82%8B" n1="%E3%82%A6%E3%83%AB%E3%83%88%E3%83%A9%E7%AB%8B%E7%9B%B4" n2="%E3%80%93%E4%B9%9D%E6%9D%A1%E3%82%AB%E3%83%AC%E3%83%B3%E3%80%93" n3="%E3%82%A8%E3%83%83%E3%83%95%E3%82%A7%E3%83%AB%E5%A1%94" dan="16,18,16,16" rate="2093.90,2270.88,2051.67,2137.57" sx="M,M,F,M"/><TAIKYOKU oya="0"/><INIT seed="0,0,0,1,2,2" ten="250,250,250,250" oya="0" hai0="116,21,72,82,102,34,1,55,49,16,48,91,6" hai1="120,28,39,103,4,50,57,78,132,110,94,81,35" hai2="113,64,67,60,29,93,19,119,26,0,3,59,8" hai3="96,131,86,33,30,54,97,100,32,135,134,124,126"/><T112/><D116/><U25/><E120/><V122/><F122/><W44/><G54/><T62/><D112/><U89/><E39/><V65/><F113/><W92/><G44/><T98/><D34/><U52/><E110/><V115/><F115/><W125/><G30/><T10/><D62/><U68/><E68/><V111/><F111/><W114/><G114/><T27/><D55/><U123/><E132/><N who="3" m="50730" /><G86/><T88/><D91/><U87/><E123/><V61/><F119/><W31/><G31/><T17/><D17/><U109/><E109/><V14/><F93/><W77/><G77/><T11/><D11/><U74/><REACH who="1" step="1"/><E103/><REACH who="1" ten="250,240,250,250" step="2"/><V38/><F38/><W51/><G51/><T99/><D99/><U58/><E58/><V23/><F65/><W66/><G66/><T79/><REACH who="0" step="1"/><D88/><REACH who="0" ten="240,240,250,250" step="2"/><U46/><E46/><V9/><REACH who="2" step="1"/><F8/><REACH who="2" ten="240,240,240,250" step="2"/><W5/><G126/><T101/><D101/><U80/><E80/><V105/><F105/><AGARI ba="0,3" hai="1,6,10,16,21,27,48,49,72,79,82,98,102,105" machi="105" ten="30,11600,0" yaku="1,1,7,1,52,1,54,1,53,0" doraHai="2" doraHaiUra="63" who="0" fromWho="2" sc="240,146,240,0,240,-116,250,0" /><INIT seed="0,1,0,2,1,6" ten="386,240,124,250" oya="0" hai0="114,129,7,126,92,116,21,85,57,60,52,37,4" hai1="11,74,27,1,64,62,75,5,87,54,40,9,68" hai2="3,124,95,45,2,88,55,97,10,25,117,102,41" hai3="36,47,22,20,13,34,108,133,32,71,106,39,16"/><T76/><D116/><U65/><E40/><V100/><F117/><W119/><G106/><T50/><D114/><U72/><E65/><V49/><F124/><W112/><G71/><T111/><D126/><U12/><E27/><V131/><F131/><W82/><G119/><T78/><D129/><U109/><E109/><V29/><F41/><W51/><G112/><T18/><D37/><U132/><E132/><V101/><REACH who="2" step="1"/><F10/><REACH who="2" ten="386,240,114,250" step="2"/><W103/><G133/><T73/><D111/><U17/><E54/><V61/><F61/><W135/><G135/><T46/><D73/><U86/><AGARI ba="1,1" hai="1,5,9,11,12,17,62,64,68,72,74,75,86,87" machi="86" ten="40,5200,0" yaku="0,1,52,2" doraHai="6" who="1" fromWho="1" sc="386,-27,240,65,114,-14,250,-14" /><INIT seed="1,0,0,5,5,51" ten="359,305,100,236" oya="1" hai0="61,50,16,91,34,33,62,93,75,108,25,19,44" hai1="45,135,13,119,73,123,18,112,48,133,106,8,21" hai2="40,105,117,22,95,27,128,15,66,29,107,98,110" hai3="60,23,54,41,88,100,2,87,92,56,31,126,121"/><U120/><E106/><V53/><F117/><W86/><G121/><T30/><D75/><U74/><E119/><V26/><F110/><W7/><G126/><T64/><D34/><U68/><E68/><V127/><F127/><W131/><G131/><T129/><D129/><U102/><E102/><V0/><F0/><W4/><G2/><T109/><D91/><U82/><E112/><V83/><F128/><W1/><G1/><T17/><D93/><U96/><E96/><V42/><F66/><W115/><G115/><T55/><REACH who="0" step="1"/><D62/><REACH who="0" ten="349,305,100,236" step="2"/><U116/><E116/><V79/><F107/><W49/><G100/><T5/><D5/><U63/><E63/><V58/><F105/><W70/><G87/><T111/><D111/><U37/><E74/><V72/><F95/><W130/><G130/><T94/><D94/><U52/><E73/><V85/><F72/><W12/><G7/><T36/><D36/><U57/><E82/><V114/><F114/><W113/><G113/><T10/><D10/><U6/><E123/><V11/><F98/><W122/><G122/><T14/><D14/><U101/><E101/><V47/><F27/><N who="3" m="16895" /><G12/><T125/><D125/><U77/><E120/><V3/><F3/><W132/><G4/><T76/><D76/><U32/><E77/><V43/><F15/><W24/><G24/><T78/><D78/><U38/><E32/><V89/><F11/><W39/><G39/><T69/><AGARI ba="0,1" hai="16,17,19,25,30,33,44,50,55,61,64,69,108,109" machi="69" ten="30,8000,1" yaku="1,1,0,1,52,1,54,1,53,1" doraHai="51" doraHaiUra="65" who="0" fromWho="0" sc="349,90,305,-40,100,-20,236,-20" /><INIT seed="2,0,0,5,4,9" ten="439,265,80,216" oya="2" hai0="54,21,64,106,115,59,52,63,42,45,112,29,80" hai1="22,88,79,43,99,39,27,69,92,96,4,16,46" hai2="107,61,49,110,123,38,93,7,44,101,32,105,20" hai3="18,51,104,109,118,71,108,130,68,85,3,135,128"/><V31/><F123/><W41/><G3/><T100/><D100/><U26/><E69/><V127/><F127/><W76/><G104/><T19/><D106/><U87/><E4/><V90/><F32/><W37/><G18/><T47/><D29/><U95/><E79/><V13/><F38/><W81/><G37/><T24/><D80/><U103/><REACH who="1" step="1"/><E96/><REACH who="1" ten="439,255,80,216" step="2"/><V119/><F7/><W83/><G76/><T75/><D75/><U133/><E133/><V56/><F119/><W36/><G135/><T114/><REACH who="0" step="1"/><D47/><REACH who="0" ten="429,255,80,216" step="2"/><U14/><AGARI ba="0,2" hai="14,16,22,26,27,39,43,46,87,88,92,95,99,103" machi="14" ten="20,12000,2" yaku="1,1,0,1,7,1,52,1,54,2,53,1" doraHai="9" doraHaiUra="8" who="1" fromWho="1" sc="429,-30,255,140,80,-60,216,-30" /><INIT seed="3,0,0,2,1,104" ten="399,395,20,186" oya="3" hai0="87,30,94,107,26,27,12,0,32,88,121,135,22" hai1="23,38,67,68,95,3,56,11,74,14,5,72,128" hai2="58,109,8,36,83,65,82,28,89,134,91,108,84" hai3="33,17,39,29,106,85,61,63,45,34,111,103,71"/><W100/><G17/><T86/><D121/><U116/><E68/><V37/><F134/><W133/><G85/><T126/><D107/><U53/><E38/><N who="2" m="14955" /><F28/><W76/><G76/><T18/><D126/><U99/><E67/><V19/><F19/><W25/><G133/><T24/><D135/><U9/><E23/><V117/><F8/><W52/><G34/><T47/><D0/><U48/><E128/><V96/><F117/><W43/><G111/><N who="2" m="42569" /><F96/><W7/><G7/><T59/><D47/><U112/><E112/><V42/><F42/><W4/><G4/><T125/><D59/><U92/><E116/><V64/><F58/><W66/><G63/><T115/><D125/><U131/><E131/><V114/><F114/><W110/><G110/><T10/><D115/><U75/><REACH who="1" step="1"/><E99/><REACH who="1" ten="399,385,20,186" step="2"/><V51/><F51/><W60/><G60/><T31/><REACH who="0" step="1"/><D87/><AGARI ba="0,1" hai="64,65,82,83,84,87,89,91" m="42569,14955" machi="87" ten="30,1000,0" yaku="14,1" doraHai="104" who="2" fromWho="0" sc="399,-10,385,0,20,20,186,0" /><INIT seed="4,0,0,5,1,98" ten="389,385,40,186" oya="0" hai0="33,17,115,128,78,35,88,63,43,87,3,68,108" hai1="90,57,45,99,93,127,8,86,56,82,12,111,67" hai2="72,61,20,59,113,102,114,80,40,66,104,22,106" hai3="5,21,122,31,76,1,11,38,97,132,107,117,100"/><T96/><D115/><N who="2" m="44042" /><F40/><W9/><G117/><T135/><D108/><U14/><E127/><V126/><F126/><W65/><G132/><T53/><D3/><U129/><E129/><V92/><F92/><W23/><G38/><T60/><D128/><U103/><E111/><V58/><F58/><W101/><G122/><T7/><D43/><U41/><E67/><V131/><F131/><W48/><G76/><T120/><D7/><U121/><E121/><V89/><F72/><W79/><G79/><T10/><D120/><U94/><E94/><V85/><F106/><W13/><G31/><T52/><D135/><U37/><REACH who="1" step="1"/><E14/><REACH who="1" ten="389,375,40,186" step="2"/><V105/><F105/><W69/><G65/><T44/><D68/><U51/><E51/><V29/><F29/><W46/><G69/><T6/><D60/><U0/><E0/><V26/><F26/><W125/><G125/><T42/><D63/><U116/><E116/><V119/><F119/><W19/><REACH who="3" step="1"/><G101/><REACH who="3" ten="389,375,40,176" step="2"/><T50/><D35/><U133/><E133/><V84/><F84/><W34/><G34/><T109/><D33/><U28/><E28/><V81/><F81/><W27/><G27/><T4/><D87/><U2/><E2/><V77/><F77/><W47/><G47/><T124/><D78/><U15/><E15/><V123/><F123/><W36/><G36/><T32/><D44/><U118/><E118/><V55/><F66/><W134/><G134/><T25/><D124/><U71/><E71/><V91/><F91/><W74/><G74/><T54/><D88/><U95/><E95/><V130/><F130/><W110/><G110/><RYUUKYOKU ba="0,2" sc="389,-30,375,10,40,10,176,10" hai1="8,12,37,41,45,56,57,82,86,90,93,99,103" hai2="20,22,55,59,61,80,85,89,102,104" hai3="1,5,9,11,13,19,21,23,46,48,97,100,107" /><INIT seed="5,1,2,1,0,54" ten="359,385,50,186" oya="1" hai0="115,118,11,84,62,10,56,47,4,73,8,122,48" hai1="57,90,18,66,25,104,41,78,26,108,0,32,89" hai2="72,117,76,119,67,51,42,96,121,55,9,29,97" hai3="22,68,123,13,124,20,6,134,33,98,75,91,125"/><U93/><E104/><V30/><F121/><W19/><G33/><T49/><D73/><U64/><E0/><V61/><F117/><W88/><G123/><T38/><D118/><U36/><E78/><V2/><F119/><W7/><G68/><T14/><D122/><U45/><E108/><V127/><F127/><N who="3" m="48715" /><G134/><T81/><D115/><U65/><E32/><V59/><F42/><W114/><G114/><T23/><D38/><U101/><E101/><V53/><F72/><W102/><G22/><T70/><D70/><U34/><E34/><V21/><F76/><W116/><G75/><T86/><D86/><U79/><E79/><V135/><F135/><W40/><G40/><N who="0" m="24679" /><D49/><U132/><E132/><V103/><F55/><W112/><G112/><T120/><D23/><U99/><E90/><N who="3" m="34346" /><G116/><T85/><D120/><U83/><E83/><V39/><F39/><W113/><G113/><T69/><D85/><U130/><E130/><V71/><F21/><W44/><G44/><T94/><D69/><U58/><REACH who="1" step="1"/><E18/><REACH who="1" ten="359,375,50,186" step="2"/><V74/><F74/><W63/><G63/><T126/><D126/><U133/><E133/><V27/><F27/><AGARI ba="1,3" hai="25,26,27,36,41,45,57,58,64,65,66,89,93,99" machi="27" ten="40,7700,0" yaku="1,1,52,2,53,0" doraHai="54" doraHaiUra="31" who="1" fromWho="2" sc="359,0,375,110,50,-80,186,0" owari="359,16.0,485,58.0,-30,-53.0,186,-21.0" /></mjloggm>