<mjloggm ver="2.3"><GO type="169" lobby="0"/><UN n0="%E6%98%9F%E9%99%8D%E3%82%8B%E8%A1%97" n1="%E5%A4%8F%E5%86%AC" n2="%E3%81%93%E3%81%B0%E3%81%A3%E3%81%A1%E3%81%83" n3="%E3%82%A6%E3%83%AB%E3%83%88%E3%83%A9%E7%AB%8B%E7%9B%B4" dan="16,16,18,17" rate="2138.04,2092.96,2199.96,2191.72" sx="F,M,M,M"/><TAIKYOKU oya="0"/><INIT seed="0,0,0,3,5,36" ten="250,250,250,250" oya="0" hai0="130,61,127,65,4,71,25,15,107,53,124,110,1" hai1="79,111,6,20,55,132,92,13,14,21,129,24,49" hai2="59,37,91,39,75,48,117,69,17,73,54,84,119" hai3="31,22,86,134,7,128,68,113,94,16,19,80,26"/><T87/><D107/><U126/><E111/><V52/><F69/><W99/><G68/><T135/><D110/><U105/><E105/><V50/><F17/><W76/><G128/><T63/><D130/><U33/><E129/><V72/><F37/><W40/><G134/><T30/><D1/><U60/><E132/><V38/><F38/><W78/><G113/><T89/><D135/><U2/><E2/><V103/><F103/><W32/><G7/><T58/><D15/><U116/><E116/><V118/><F39/><W97/><G76/><T131/><D4/><U98/><E60/><V101/><F101/><W51/><G32/><T133/><D131/><U56/><E79/><V77/><F77/><W115/><G115/><T83/><REACH who="0" step="1"/><D133/><REACH who="0" ten="240,250,250,250" step="2"/><U108/><E108/><V64/><F118/><W114/><G114/><T57/><D57/><U104/><E104/><V82/><REACH who="2" step="1"/><F64/><REACH who="2" ten="240,250,240,250" step="2"/><W12/><G12/><T28/><D28/><U93/><E13/><V11/><F11/><W3/><G3/><T125/><D125/><U88/><E126/><V23/><F23/><AGARI ba="0,2" hai="23,25,30,53,58,61,63,65,71,83,87,89,124,127" machi="23" ten="40,2000,0" yaku="1,1,53,0" doraHai="36" doraHaiUra="41" who="0" fromWho="2" sc="240,40,250,0,240,-20,250,0" /><INIT seed="0,1,0,5,2,27" ten="280,250,220,250" oya="0" hai0="68,60,111,1,112,84,54,15,131,89,76,5,105" hai1="86,49,135,119,92,102,51,127,33,71,109,124,93" hai2="3,4,23,30,97,50,6,2,132,57,9,32,108" hai3="110,125,64,80,94,95,113,73,46,12,83,106,25"/><T121/><D1/><N who="2" m="10" /><F57/><W14/><G106/><T7/><D105/><U16/><E119/><V34/><F50/><W103/><G113/><T44/><D76/><U35/><E109/><V126/><F97/><W26/><G110/><T117/><D121/><U53/><E135/><V72/><F72/><W48/><G73/><T133/><D112/><U19/><E86/><V29/><F108/><W0/><G0/><T74/><D74/><U24/><E24/><N who="2" m="16671" /><F132/><W116/><G116/><T13/><D117/><U87/><E87/><V8/><F126/><W91/><G125/><T67/><D133/><U36/><E53/><V115/><F115/><W134/><G48/><T114/><D111/><U78/><E78/><V129/><F129/><W79/><G79/><T101/><D101/><U120/><E120/><V28/><F32/><W31/><G91/><T56/><D131/><U82/><E102/><V20/><F34/><W59/><G103/><T41/><D114/><U70/><E82/><V66/><F66/><W104/><G64/><T75/><D75/><U77/><E77/><V100/><F100/><W40/><G83/><N who="0" m="49311" /><D67/><U63/><E63/><V42/><F42/><W47/><G104/><T55/><D68/><U17/><E70/><V96/><F96/><W11/><G134/><T58/><D44/><U98/><E71/><V122/><F122/><W61/><G47/><T22/><D41/><U90/><E98/><V21/><F4/><N who="0" m="1610" /><D56/><U69/><E69/><V18/><F6/><W123/><G59/><T52/><D15/><U88/><E124/><V81/><F81/><W62/><G123/><RYUUKYOKU ba="1,0" sc="280,30,250,-10,220,-10,250,-10" hai0="13,22,52,54,55,58,60" /><INIT seed="0,2,0,3,2,120" ten="310,240,210,240" oya="0" hai0="47,101,51,118,23,5,13,73,57,112,59,125,68" hai1="22,108,100,82,67,99,76,127,46,128,66,34,37" hai2="27,29,62,133,39,64,65,33,11,88,31,84,121" hai3="6,42,122,69,74,28,35,61,111,85,131,115,38"/><T124/><D68/><U83/><E34/><V110/><F121/><W79/><G85/><T0/><D73/><U80/><E128/><V105/><F39/><W89/><G89/><T98/><D0/><U87/><E127/><N who="0" m="48713" /><D118/><U97/><E37/><V78/><F105/><W17/><G6/><T116/><D116/><U36/><E36/><V104/><F104/><W49/><G28/><T16/><D5/><U19/><E46/><V130/><F130/><W14/><G17/><T48/><D112/><U9/><E9/><V2/><F133/><W4/><G4/><T20/><D20/><U134/><E134/><V21/><F78/><W71/><G71/><T53/><D48/><U107/><E97/><V63/><F2/><W3/><G49/><T75/><D75/><U18/><E18/><V72/><F72/><W106/><G14/><T95/><AGARI ba="2,0" hai="13,16,23,47,51,53,57,59,95,98,101" m="48713" machi="95" ten="30,3000,0" yaku="18,1,54,1" doraHai="120" who="0" fromWho="0" sc="310,36,240,-12,210,-12,240,-12" /><INIT seed="0,3,0,2,1,23" ten="346,228,198,228" oya="0" hai0="50,9,1,99,122,129,113,125,3,65,73,106,64" hai1="119,94,38,68,80,57,28,110,134,37,114,132,97" hai2="104,121,67,42,126,26,48,118,133,79,19,81,54" hai3="17,72,117,120,135,71,5,24,69,78,92,109,60"/><T70/><D73/><U10/><E119/><V98/><F121/><W115/><G92/><T27/><D122/><U131/><E68/><V108/><F108/><W66/><G78/><T0/><D113/><U52/><E110/><V102/><F126/><W40/><G5/><T116/><D116/><U33/><E114/><V25/><F133/><N who="1" m="51305" /><E131/><V12/><F42/><W56/><G17/><T103/><D129/><U43/><E80/><V84/><F67/><W34/><G24/><T49/><D125/><U36/><E10/><V100/><F118/><W62/><G40/><T88/><D9/><U7/><E7/><V41/><F41/><W111/><G34/><T63/><D65/><U44/><E28/><V124/><F102/><W95/><G72/><T8/><D8/><U32/><E37/><V39/><F39/><W51/><G95/><T11/><D11/><U86/><E86/><V61/><F61/><W29/><G29/><T18/><REACH who="0" step="1"/><D88/><REACH who="0" ten="336,228,198,228" step="2"/><N who="1" m="55495" /><E38/><V53/><F124/><W6/><G117/><T123/><D123/><U47/><E47/><V101/><F101/><W93/><G120/><T14/><D14/><U90/><E90/><V55/><F12/><W91/><G135/><T22/><AGARI ba="3,1" hai="0,1,3,18,22,27,49,50,63,64,70,99,103,106" machi="22" ten="40,7800,0" yaku="1,1,0,1,52,1,53,0" doraHai="23" doraHaiUra="130" who="0" fromWho="0" sc="336,97,228,-29,198,-29,228,-29" /><INIT seed="0,4,0,3,3,115" ten="433,199,169,199" oya="0" hai0="26,17,112,108,120,33,118,97,48,110,15,96,32" hai1="58,122,21,38,114,1,66,23,46,107,30,81,4" hai2="98,63,113,131,44,93,24,70,16,94,50,39,52" hai3="101,102,68,109,36,55,19,59,89,37,7,92,20"/><T14/><D120/><U74/><E122/><V42/><F113/><W56/><G68/><T79/><D112/><U75/><E107/><V116/><F131/><W132/><G109/><T121/><D79/><U18/><E114/><V25/><F116/><W47/><G132/><T88/><D121/><U104/><E104/><V67/><F16/><W82/><G7/><T10/><D118/><U62/><E30/><V34/><F34/><N who="0" m="13418" /><D26/><U69/><E69/><V129/><F129/><W124/><G124/><T54/><D15/><U2/><E21/><V84/><F84/><W86/><G37/><T99/><D88/><U43/><E4/><V117/><F117/><W61/><G36/><T130/><D130/><U126/><E126/><V78/><F78/><W31/><G31/><T41/><D41/><U134/><E134/><V6/><F6/><W95/><G47/><T51/><D54/><U12/><REACH who="1" step="1"/><E81/><REACH who="1" ten="433,189,169,199" step="2"/><V35/><F35/><W106/><G82/><T90/><D110/><U83/><E83/><V85/><F93/><W119/><G106/><T128/><D108/><U135/><E135/><V9/><F9/><W100/><G95/><N who="0" m="56439" /><D128/><U13/><E13/><V72/><F72/><AGARI ba="4,1" hai="1,2,12,18,23,38,43,46,58,62,66,72,74,75" machi="72" ten="40,1300,0" yaku="1,1,53,0" doraHai="115" doraHaiUra="28" who="1" fromWho="2" sc="433,0,189,35,169,-25,199,0" /><INIT seed="1,0,0,5,2,20" ten="433,224,144,199" oya="1" hai0="133,112,3,31,123,69,116,80,48,76,10,98,129" hai1="90,70,88,47,74,102,26,21,104,94,27,110,41" hai2="53,113,85,18,60,45,96,105,54,103,111,39,100" hai3="66,77,34,55,99,22,6,9,72,42,19,49,107"/><U73/><E70/><V57/><F111/><W58/><G34/><T135/><D69/><U61/><E110/><V95/><F113/><W11/><G66/><T124/><D116/><U40/><E104/><V35/><F35/><W36/><G36/><T71/><D71/><U97/><E61/><V43/><F18/><W134/><G134/><T2/><D112/><U37/><E41/><V118/><F118/><W82/><G42/><T25/><D129/><U16/><REACH who="1" step="1"/><E27/><REACH who="1" ten="433,214,144,199" step="2"/><V130/><F130/><W75/><G72/><AGARI ba="0,1" hai="16,21,26,37,40,47,72,73,74,88,90,94,97,102" machi="72" ten="40,12000,1" yaku="1,1,2,1,52,1,54,2,53,0" doraHai="20" doraHaiUra="125" who="1" fromWho="3" sc="433,0,214,130,144,0,199,-120" /><INIT seed="1,1,0,2,3,19" ten="433,344,144,79" oya="1" hai0="112,27,69,3,34,123,129,56,98,29,85,41,49" hai1="36,12,59,114,124,64,51,15,103,38,30,117,8" hai2="35,32,68,66,26,67,96,76,6,47,128,60,90" hai3="70,101,55,116,134,105,7,39,130,61,135,28,110"/><U53/><E117/><V73/><F128/><W20/><G105/><T83/><D69/><U16/><E114/><V50/><F67/><N who="3" m="41327" /><G101/><T126/><D3/><U5/><E124/><V106/><F6/><W58/><G7/><T113/><D129/><U125/><E125/><V84/><F73/><W79/><G79/><T62/><D126/><U93/><E30/><V1/><F1/><W119/><G28/><T65/><D98/><U87/><E64/><V18/><F76/><W127/><G20/><T95/><D95/><U120/><E120/><V91/><F106/><W71/><G127/><T74/><D74/><U40/><E40/><V0/><F0/><W131/><G39/><T118/><D118/><N who="3" m="45097" /><G71/><T10/><D10/><U52/><E53/><V11/><F96/><W100/><G100/><T57/><D123/><U82/><E103/><V37/><F37/><W42/><G42/><T4/><D4/><U63/><E63/><V92/><F91/><W22/><G22/><T43/><D41/><U80/><E38/><V24/><F32/><W77/><G77/><T132/><D43/><U99/><E36/><V115/><F35/><W81/><G81/><T54/><D113/><U46/><E87/><V108/><F115/><W86/><G86/><T9/><D9/><N who="1" m="4143" /><E46/><V48/><F47/><W44/><G44/><T33/><D33/><U78/><E78/><V13/><F68/><W88/><G88/><N who="0" m="51263" /><D112/><U14/><E14/><V75/><F75/><W107/><G107/><T122/><D122/><U133/><E133/><N who="3" m="50698" /><G110/><T25/><D132/><U31/><E31/><V89/><F108/><RYUUKYOKU ba="1,0" sc="433,10,344,10,144,-30,79,10" hai0="25,27,29,34,49,54,56,57,62,65" hai1="8,15,16,51,52,59,80,82,93,99" hai3="55,58,130,131" /><INIT seed="1,2,0,1,4,83" ten="443,354,114,89" oya="1" hai0="4,40,76,70,42,74,7,15,62,39,29,26,34" hai1="61,126,105,88,50,115,113,20,48,118,89,75,21" hai2="78,109,28,95,31,13,63,80,107,86,127,121,111" hai3="51,119,112,65,16,117,71,101,102,66,93,81,128"/><U17/><E118/><N who="3" m="45066" /><G112/><T125/><D125/><U98/><E126/><V27/><F107/><W110/><G71/><T82/><D39/><U33/><E33/><V25/><F127/><W11/><G110/><N who="2" m="41993" /><F121/><W130/><G51/><T10/><REACH who="0" step="1"/><D4/><REACH who="0" ten="433,354,114,89" step="2"/><U23/><E113/><V124/><F124/><W46/><G130/><T18/><D18/><U97/><E115/><V0/><F28/><W123/><G128/><T108/><D108/><U104/><E17/><V53/><F31/><W52/><G123/><T49/><D49/><N who="1" m="19051" /><E61/><V114/><F114/><W6/><G16/><T2/><D2/><U67/><E67/><AGARI ba="2,1" hai="7,10,15,26,29,34,40,42,62,67,70,74,76,82" machi="67" ten="40,1300,0" yaku="1,1,53,0" doraHai="83" doraHaiUra="41" who="0" fromWho="1" sc="433,29,354,-19,114,0,89,0" /><INIT seed="2,0,0,1,2,69" ten="462,335,114,89" oya="2" hai0="68,111,26,17,122,56,40,70,29,9,63,46,120" hai1="86,117,130,92,38,62,7,106,60,74,107,27,21" hai2="34,102,12,75,131,13,47,123,99,118,52,126,127" hai3="23,135,32,35,67,44,105,114,80,61,45,82,64"/><V100/><F118/><W115/><G23/><T48/><D9/><U76/><E117/><V87/><F123/><N who="0" m="47146" /><D17/><U66/><E130/><V91/><F75/><W73/><G61/><T14/><D14/><N who="2" m="5738" /><F34/><N who="3" m="12843" /><G105/><T101/><D101/><U4/><E74/><V113/><F113/><N who="3" m="43019" /><G73/><T81/><D81/><N who="3" m="31337" /><G135/><T90/><D90/><U39/><E76/><V28/><F131/><W30/><G30/><T33/><D26/><U104/><E86/><V18/><F28/><W128/><G128/><T10/><D29/><U51/><E92/><N who="2" m="56735" /><F18/><W5/><G5/><T133/><D33/><U78/><E4/><V96/><F87/><W11/><G11/><T2/><D10/><U83/><E7/><V0/><F96/><W6/><G6/><T8/><D8/><U37/><E78/><V125/><F0/><W41/><G41/><T31/><D2/><U20/><E83/><V110/><F110/><W108/><G108/><T16/><D16/><U97/><E97/><V112/><F112/><W77/><G77/><T19/><D19/><U22/><E27/><V1/><F1/><W3/><G3/><T116/><D31/><U89/><E89/><V121/><F121/><W50/><G50/><AGARI ba="0,0" hai="47,50,52,100,102,125,126,127" m="56735,5738" machi="50" ten="40,3900,0" yaku="18,1,54,1" doraHai="69" who="2" fromWho="3" sc="462,0,335,0,114,39,89,-39" /><INIT seed="2,1,0,2,0,47" ten="462,335,153,50" oya="2" hai0="98,62,33,53,17,110,111,13,63,121,6,10,15" hai1="81,23,11,20,14,68,100,95,4,116,34,129,35" hai2="2,43,112,107,96,58,83,79,36,102,78,99,84" hai3="94,27,5,117,108,103,71,8,118,70,123,114,67"/><V69/><F69/><W59/><G123/><T24/><D121/><U29/><E68/><V124/><F2/><W88/><G108/><N who="0" m="41515" /><D98/><U74/><E116/><V51/><F112/><W130/><G114/><T0/><D53/><U85/><E129/><V109/><F124/><W44/><G130/><T80/><D80/><U75/><E75/><V54/><F109/><W52/><G103/><T115/><D115/><U104/><E104/><V128/><F128/><W45/><G71/><T57/><D57/><U21/><E29/><V133/><F133/><W31/><G67/><T41/><D41/><U97/><REACH who="1" step="1"/><E74/><REACH who="1" ten="462,325,153,50" step="2"/><V120/><F120/><W93/><G70/><T19/><D0/><U101/><E101/><V37/><F107/><W50/><G117/><T126/><D126/><U66/><E66/><V26/><F102/><W39/><G118/><T65/><D65/><U89/><AGARI ba="1,1" hai="4,11,14,20,21,23,34,35,81,85,89,95,97,100" machi="89" ten="30,2000,0" yaku="1,1,0,1,53,0" doraHai="47" doraHaiUra="122" who="1" fromWho="1" sc="462,-6,325,33,153,-11,50,-6" /><INIT seed="3,0,0,1,2,125" ten="456,358,142,44" oya="3" hai0="23,100,61,133,96,18,22,43,55,67,40,13,104" hai1="36,92,73,122,4,94,64,32,1,66,110,71,82" hai2="19,41,81,127,111,45,135,20,72,93,53,91,16" hai3="51,69,11,12,2,65,42,80,117,118,132,10,87"/><W33/><G33/><T77/><D133/><U105/><E105/><V39/><F111/><W126/><G132/><T131/><D131/><U112/><E122/><V116/><F135/><W86/><G126/><T108/><D108/><U44/><E112/><V29/><F127/><W31/><G31/><T129/><D129/><U25/><E110/><V74/><F116/><W58/><G69/><T83/><D55/><U47/><E47/><V102/><F102/><W8/><G2/><T3/><D23/><U59/><E59/><V70/><F70/><W114/><G114/><T124/><D3/><U98/><E71/><V6/><F6/><N who="3" m="3095" /><G117/><T37/><D37/><U68/><E68/><V115/><F115/><W35/><G35/><T88/><D124/><U95/><E98/><V119/><F119/><W34/><G34/><T130/><D130/><U90/><E25/><V50/><F29/><W15/><G118/><T17/><D17/><U75/><E32/><V101/><F101/><W76/><G87/><T46/><D46/><U9/><E75/><V60/><F39/><W0/><G0/><T99/><D61/><U54/><E36/><V62/><F72/><W30/><G30/><T134/><D67/><U28/><E28/><V63/><F74/><W109/><G109/><T123/><D134/><U49/><E73/><V48/><F19/><W121/><G121/><T128/><D123/><U107/><E107/><V79/><F16/><W89/><G76/><T38/><D38/><U5/><E5/><V57/><F79/><W21/><G11/><T27/><D128/><U56/><E56/><RYUUKYOKU ba="0,0" sc="456,-10,358,30,142,-10,44,-10" hai1="1,4,9,44,49,54,64,66,82,90,92,94,95" /><INIT seed="4,1,0,0,3,17" ten="446,388,132,34" oya="0" hai0="70,116,103,68,104,71,35,13,135,99,12,25,61" hai1="6,51,10,117,132,84,46,31,93,62,96,38,63" hai2="131,77,110,20,27,79,32,65,126,133,123,59,121" hai3="73,50,7,18,40,129,23,91,53,83,82,48,8"/><T107/><D116/><U2/><E38/><V92/><F110/><W24/><G129/><T119/><D119/><U85/><E117/><V74/><F32/><W22/><G73/><T81/><D104/><U57/><E132/><V47/><F131/><W11/><G40/><T118/><D118/><U14/><E2/><V37/><F133/><W34/><G34/><T108/><D108/><U112/><E112/><V58/><F126/><W127/><G127/><T0/><D0/><U115/><E115/><V55/><F92/><W125/><G125/><T69/><D81/><N who="3" m="30729" /><G7/><T109/><D135/><U124/><E124/><V1/><F1/><W113/><G113/><T3/><D3/><U86/><E31/><V67/><F74/><W114/><G114/><T5/><D5/><U33/><E33/><V105/><F105/><W97/><G97/><T41/><D41/><U19/><E6/><V42/><F123/><W80/><N who="3" m="30737" /><W130/><DORA hai="122" /><G91/><T100/><D100/><N who="1" m="60431" /><E57/><V75/><F75/><W56/><G130/><T87/><D87/><U30/><E30/><V90/><F121/><W106/><G106/><T15/><D109/><U9/><E9/><N who="3" m="3658" /><G50/><T64/><D69/><U44/><E51/><V4/><F4/><W78/><G78/><T60/><D60/><AGARI ba="1,0" hai="10,14,19,44,46,60,62,63,84,85,86" m="60431" machi="60" ten="30,1000,0" yaku="8,1" doraHai="17,122" who="1" fromWho="0" sc="446,-13,388,13,132,0,34,0" /><INIT seed="5,0,0,4,4,13" ten="433,401,132,34" oya="1" hai0="76,0,114,25,93,11,96,12,87,28,123,41,124" hai1="105,103,22,120,109,47,131,80,135,117,97,101,46" hai2="54,72,65,73,81,33,132,58,86,23,130,66,35" hai3="16,110,43,67,68,115,19,133,18,116,14,134,59"/><U15/><E117/><V71/><F130/><W112/><G68/><T90/><D0/><U49/><E120/><V20/><F132/><N who="3" m="50795" /><G110/><T69/><D69/><U125/><E135/><V45/><F45/><W118/><G43/><T10/><D114/><N who="3" m="43561" /><G14/><T3/><D3/><U21/><E125/><V121/><F121/><W55/><G67/><T119/><D119/><U63/><E109/><V107/><F71/><W102/><G102/><T4/><D124/><U7/><E131/><V31/><F65/><W88/><G88/><T64/><D64/><U17/><E7/><V79/><F66/><W111/><G111/><T2/><D41/><N who="1" m="24783" /><E105/><V92/><F107/><W36/><G36/><T62/><D123/><U89/><E47/><V61/><F58/><W53/><G53/><T26/><D62/><AGARI ba="0,0" hai="16,18,19,55,59,62,116,118" m="43561,50795" machi="62" ten="40,12000,2" yaku="20,1,15,1,52,3,54,1" doraHai="13" who="3" fromWho="0" sc="433,-120,401,0,132,0,34,120" /><INIT seed="6,0,0,4,0,47" ten="313,401,132,154" oya="2" hai0="8,134,110,70,65,122,9,36,105,28,24,98,26" hai1="67,113,119,43,49,97,37,1,108,79,53,54,55" hai2="128,115,81,30,68,29,106,102,85,59,50,41,109" hai3="84,114,125,6,20,131,44,112,133,56,27,33,101"/><V116/><F116/><W96/><G33/><T57/><D36/><U21/><E119/><V32/><F68/><W14/><G131/><T124/><D122/><U12/><E1/><V91/><F115/><N who="3" m="44075" /><G125/><T118/><D110/><U42/><E108/><V99/><F109/><W123/><G123/><T94/><D105/><U100/><E67/><V75/><F128/><W25/><G133/><T45/><D70/><U130/><E130/><V107/><F107/><N who="3" m="63911" /><G56/><T126/><D134/><U69/><E69/><V77/><F32/><W95/><G44/><T2/><D2/><U73/><E37/><V60/><F41/><W76/><G95/><T92/><D94/><U86/><E73/><V103/><F103/><W46/><G46/><T58/><D58/><U66/><E66/><V48/><F29/><W16/><G6/><T120/><D118/><U72/><E72/><V5/><F30/><W93/><G93/><T132/><D120/><U39/><E39/><V89/><F5/><W35/><G35/><T31/><D132/><U90/><E113/><V80/><F89/><W0/><G0/><T22/><D126/><U83/><E90/><V64/><AGARI ba="0,0" hai="48,50,59,60,64,75,77,80,81,85,91,99,102,106" machi="64" ten="20,7800,0" yaku="0,1,7,1,52,2" doraHai="47" who="2" fromWho="2" sc="313,-26,401,-26,132,78,154,-26" /><INIT seed="6,1,0,3,2,93" ten="287,375,210,128" oya="2" hai0="96,60,7,17,24,76,95,104,65,127,69,16,89" hai1="114,113,40,29,10,37,75,34,3,129,20,108,100" hai2="19,133,82,85,105,109,36,62,131,2,44,71,83" hai3="92,103,80,132,41,22,126,81,47,35,9,12,79"/><V101/><F2/><W68/><G35/><T97/><D127/><U130/><E108/><V94/><F109/><W124/><G68/><T8/><D76/><U11/><E75/><V5/><F5/><W115/><G132/><T18/><D24/><N who="1" m="18727" /><E100/><V39/><F133/><W107/><G107/><T26/><D26/><U56/><E56/><V63/><F105/><W117/><G117/><T125/><D125/><N who="3" m="48233" /><G115/><N who="1" m="44042" /><E20/><V31/><F71/><W38/><G22/><T48/><D48/><U33/><E33/><V77/><F36/><W67/><G67/><T122/><D122/><U1/><E40/><V70/><F39/><W15/><G9/><N who="1" m="3082" /><E37/><V58/><F70/><W61/><G61/><T86/><REACH who="0" step="1"/><D104/><REACH who="0" ten="277,375,210,128" step="2"/><U52/><E129/><V123/><F131/><W21/><G79/><T102/><D102/><U42/><E130/><V25/><F77/><W99/><G15/><AGARI ba="1,1" hai="7,8,15,16,17,18,60,65,69,86,89,95,96,97" machi="15" ten="40,8000,1" yaku="1,1,52,2,54,1,53,1" doraHai="93" doraHaiUra="91" who="0" fromWho="3" sc="277,93,375,0,210,0,128,-83" /><INIT seed="7,0,0,5,2,61" ten="370,375,210,45" oya="3" hai0="8,48,31,53,85,45,72,86,67,30,39,36,75" hai1="21,105,102,22,9,37,57,23,109,92,101,11,1" hai2="132,46,90,133,135,108,54,69,104,77,64,2,74" hai3="26,7,129,103,83,33,126,42,121,13,44,125,10"/><W84/><G121/><T107/><D107/><U87/><E109/><V40/><F104/><W17/><G129/><T34/><D34/><U4/><E37/><V3/><F108/><W89/><G103/><N who="1" m="39434" /><E105/><V16/><F54/><W95/><G95/><T113/><D36/><U112/><E1/><V71/><F90/><W35/><G17/><T100/><D39/><U73/><E73/><V97/><F97/><W66/><G66/><T110/><D100/><U20/><E112/><V134/><F134/><W94/><G94/><T29/><D72/><U28/><E57/><V15/><F77/><W19/><G19/><T18/><D75/><U98/><E98/><V111/><F74/><W47/><G26/><T6/><D110/><U58/><E58/><V52/><F111/><W120/><G120/><T27/><D67/><U38/><E38/><N who="2" m="21783" /><F52/><W43/><G47/><T128/><D128/><U115/><E115/><V24/><F24/><W50/><REACH who="3" step="1"/><G43/><REACH who="3" ten="370,375,210,35" step="2"/><T131/><D131/><U118/><E92/><V78/><F64/><W114/><G114/><T122/><D113/><U60/><E28/><V80/><F69/><W70/><G70/><T119/><D122/><U62/><E4/><V55/><F71/><W14/><G14/><N who="0" m="5399" /><D119/><U127/><E118/><V41/><F41/><W5/><G5/><T32/><D32/><AGARI ba="0,1" hai="7,10,13,32,33,35,42,44,50,83,84,89,125,126" machi="32" ten="40,2000,0" yaku="1,1,53,0" doraHai="61" doraHaiUra="56" who="3" fromWho="0" sc="370,-20,375,0,210,0,35,30" /><INIT seed="7,1,0,2,0,71" ten="350,375,210,65" oya="3" hai0="106,101,14,105,130,69,8,9,83,90,20,41,19" hai1="6,132,121,129,86,104,1,113,62,81,2,96,17" hai2="26,49,36,35,95,102,79,40,24,22,27,4,57" hai3="99,65,13,128,25,127,92,98,93,125,55,33,75"/><W37/><G65/><T16/><D69/><U45/><E121/><V44/><F35/><W58/><G75/><T54/><D41/><U32/><E32/><V29/><F79/><W119/><G119/><T73/><D130/><U46/><E129/><V84/><F4/><W39/><G128/><T28/><D28/><U74/><E74/><V117/><F117/><W115/><G115/><T68/><D68/><U34/><E132/><V116/><F116/><W109/><G109/><T47/><D73/><U111/><E34/><V60/><F36/><N who="3" m="13899" /><G13/><N who="0" m="7215" /><D101/><U135/><E111/><V3/><F3/><W31/><G99/><T114/><D114/><U123/><E123/><V0/><F0/><W30/><G98/><T18/><D18/><U107/><E96/><N who="2" m="59679" /><F84/><W103/><G103/><T10/><D106/><U42/><E62/><V21/><F21/><W85/><G85/><N who="0" m="50495" /><D105/><U89/><E17/><V76/><F76/><W66/><G31/><T59/><D47/><U122/><E45/><V87/><F87/><W118/><G118/><T12/><D12/><U72/><E89/><V52/><AGARI ba="1,0" hai="22,24,26,27,29,40,44,49,52,57,60" m="59679" machi="52" ten="30,2000,0" yaku="8,1,54,1" doraHai="71" who="2" fromWho="2" sc="350,-6,375,-6,210,23,65,-11" owari="344,14.0,369,48.0,233,-17.0,54,-45.0" /></mjloggm>