<mjloggm ver="2.3"><GO type="169" lobby="0"/><UN n0="%7A%68%6B%64%73%68%67%79" n1="%76%70%6B%6E%69%67%68%74" n2="%E3%82%A6%E3%83%AB%E3%83%88%E3%83%A9%E7%AB%8B%E7%9B%B4" n3="%4F%68%74%61%6B%65" dan="17,17,17,16" rate="2128.89,2133.24,2208.94,2137.45" sx="F,F,M,M"/><TAIKYOKU oya="0"/><INIT seed="0,0,0,5,5,125" ten="250,250,250,250" oya="0" hai0="63,102,117,22,80,59,3,32,49,6,116,127,84" hai1="135,95,62,94,44,52,33,47,89,41,69,85,56" hai2="92,58,87,25,82,34,86,124,110,19,120,98,104" hai3="66,93,23,130,57,83,13,81,134,91,132,9,0"/><T12/><D32/><U60/><E135/><N who="3" m="51754" /><G0/><T67/><D127/><U113/><E113/><V29/><F104/><W53/><G23/><T68/><D102/><U129/><E33/><V7/><F110/><W55/><G66/><T118/><D3/><U5/><E5/><V97/><F7/><N who="3" m="3263" /><G130/><T64/><D64/><U101/><E41/><V20/><F120/><W103/><G103/><T21/><D6/><U31/><E31/><V40/><F40/><W123/><G123/><T72/><D72/><U121/><E121/><V37/><F37/><W11/><G11/><T48/><D68/><U96/><E69/><V17/><F124/><W114/><G114/><T106/><D106/><U128/><E62/><V108/><F108/><W126/><G126/><T105/><D105/><U131/><AGARI ba="0,0" hai="44,47,52,56,60,85,89,94,95,96,101,128,129,131" machi="131" ten="30,12000,2" yaku="0,1,19,1,52,3,54,1" doraHai="125" who="1" fromWho="1" sc="250,-60,250,120,250,-30,250,-30" /><INIT seed="1,0,0,5,2,23" ten="190,370,220,220" oya="1" hai0="47,51,9,78,21,94,39,92,63,66,43,62,77" hai1="102,114,50,76,22,59,58,69,81,117,24,27,135" hai2="107,32,96,72,104,15,70,99,34,4,1,55,30" hai3="13,100,61,6,3,42,85,29,71,95,84,115,111"/><U86/><E69/><V17/><F72/><W28/><G3/><T56/><D39/><U11/><E114/><V83/><F34/><W110/><G42/><T35/><D35/><U82/><E117/><V124/><F70/><W132/><G115/><T40/><D40/><U129/><E135/><V75/><F55/><W119/><G119/><T128/><D128/><U126/><E129/><V127/><F83/><W53/><G132/><T52/><D9/><U38/><E38/><V68/><F75/><W123/><G123/><T7/><D7/><U65/><E126/><V89/><F68/><W133/><G133/><T49/><D21/><U33/><E33/><V87/><F87/><W14/><G6/><T16/><D16/><U120/><E22/><N who="2" m="11583" /><F89/><W20/><G71/><T116/><D116/><U134/><E120/><V64/><F64/><W130/><G100/><T41/><D41/><U57/><E11/><N who="2" m="2447" /><F107/><W80/><G53/><T112/><D112/><U60/><E134/><V101/><F99/><W74/><G74/><T131/><D131/><U79/><E102/><V36/><F36/><W105/><G105/><T25/><D25/><AGARI ba="0,0" hai="25,30,32,96,101,104,124,127" m="2447,11583" machi="25" ten="30,2000,0" yaku="24,1,52,1" doraHai="23" who="2" fromWho="0" sc="190,-20,370,0,220,20,220,0" /><INIT seed="2,0,0,1,3,81" ten="170,370,240,220" oya="2" hai0="82,67,124,53,73,80,24,118,16,18,70,100,101" hai1="2,66,65,60,3,8,121,120,119,123,27,48,34" hai2="98,129,31,51,117,15,4,19,72,38,28,25,1" hai3="44,84,39,109,7,26,110,105,75,37,50,64,12"/><V127/><F38/><W36/><G105/><T133/><D124/><U88/><E119/><V74/><F117/><W55/><G75/><T46/><D118/><U57/><E48/><V104/><F129/><W135/><G135/><T93/><D133/><U54/><E88/><V97/><F31/><W125/><G125/><T89/><D67/><N who="1" m="25611" /><E8/><N who="2" m="2063" /><F51/><W79/><G64/><T94/><D70/><U10/><E10/><V69/><F69/><W78/><G26/><T59/><D46/><U107/><E107/><V9/><F9/><N who="3" m="4159" /><G84/><N who="0" m="52391" /><D73/><U85/><E85/><V0/><F0/><W108/><AGARI ba="0,0" hai="36,37,39,44,50,55,78,79,108,109,110" m="4159" machi="108" ten="40,1500,0" yaku="14,1" doraHai="81" who="3" fromWho="3" sc="170,-4,370,-4,240,-7,220,15" /><INIT seed="3,0,0,5,3,122" ten="166,366,233,235" oya="3" hai0="103,32,63,89,37,132,22,13,78,105,123,47,128" hai1="28,127,94,86,18,100,9,38,0,118,26,121,110" hai2="87,98,135,119,60,7,40,72,4,31,109,61,104" hai3="126,57,15,39,106,43,19,76,117,108,101,88,81"/><W97/><G117/><T82/><D123/><U20/><E38/><V3/><F72/><W29/><G29/><T64/><D128/><U51/><E121/><V5/><F3/><W130/><G130/><T90/><D132/><U83/><E127/><V1/><F1/><W45/><G126/><T112/><D32/><U44/><E118/><V56/><F40/><W66/><G66/><T71/><D112/><U58/><E58/><V115/><F31/><W33/><G33/><T68/><D68/><U93/><E100/><V2/><F2/><W131/><G57/><T73/><D103/><U99/><E99/><V96/><F104/><W125/><G125/><T95/><D105/><U107/><E107/><V65/><F115/><W116/><G116/><T35/><D35/><U41/><E0/><V48/><F48/><W69/><G69/><T53/><D95/><U74/><E74/><V70/><F135/><W12/><G131/><T75/><D75/><U14/><E110/><V49/><F109/><W34/><G108/><T17/><REACH who="0" step="1"/><D53/><REACH who="0" ten="156,366,233,235" step="2"/><U52/><REACH who="1" step="1"/><E41/><AGARI ba="0,1" hai="13,17,22,37,41,47,63,64,71,73,78,82,89,90" machi="41" ten="40,2600,0" yaku="1,1,2,1,53,0" doraHai="122" doraHaiUra="46" who="0" fromWho="1" sc="156,36,366,-26,233,0,235,0" /><INIT seed="4,0,0,5,0,27" ten="192,340,233,235" oya="0" hai0="15,55,17,106,48,93,35,111,61,119,38,94,132" hai1="101,114,60,74,16,26,77,79,52,21,12,85,98" hai2="104,39,134,31,40,109,23,67,34,66,57,3,41" hai3="68,83,118,7,43,8,107,44,127,97,51,0,130"/><T102/><D119/><U64/><E74/><V30/><F34/><W92/><G118/><T11/><D38/><U115/><E85/><V33/><F33/><W4/><G127/><T69/><D132/><U99/><E12/><V89/><F104/><W91/><G68/><T62/><D111/><U112/><E98/><V129/><F3/><W1/><G107/><T103/><D35/><U49/><E64/><N who="2" m="24619" /><F39/><W82/><G130/><T100/><D106/><N who="1" m="63807" /><E60/><N who="0" m="23145" /><D69/><U121/><E121/><V95/><F109/><W75/><REACH who="3" step="1"/><G75/><REACH who="3" ten="192,340,233,225" step="2"/><T56/><AGARI ba="0,1" hai="11,15,17,48,55,56,93,94,100,102,103" m="23145" machi="56" ten="30,1500,0" yaku="8,1" doraHai="27" who="0" fromWho="0" sc="192,25,340,-5,233,-5,225,-5" /><INIT seed="4,1,0,3,4,22" ten="217,335,228,220" oya="0" hai0="72,125,98,32,30,112,99,28,61,47,12,121,124" hai1="56,50,38,40,57,4,66,120,129,5,55,3,10" hai2="92,135,44,128,103,90,74,126,131,85,25,113,20" hai3="65,35,130,63,41,115,48,17,39,69,11,84,26"/><T79/><D121/><U87/><E120/><V77/><F113/><W81/><G115/><T132/><D112/><U43/><E129/><N who="2" m="49739" /><F126/><N who="0" m="48746" /><D132/><U51/><E38/><V122/><F122/><W64/><G130/><T49/><D61/><U19/><E19/><N who="2" m="12447" /><F135/><W27/><G39/><T104/><D12/><U134/><E134/><V54/><F103/><W62/><G35/><T114/><D114/><U68/><E68/><V45/><F54/><W2/><G41/><N who="0" m="24815" /><D104/><U59/><E66/><V37/><F37/><W93/><G48/><T89/><D89/><U0/><E87/><V97/><F74/><W31/><G31/><N who="0" m="11819" /><D32/><U60/><E60/><V83/><AGARI ba="1,0" hai="44,45,77,83,85,90,92,97" m="12447,49739" machi="83" ten="30,2000,0" yaku="19,1,52,1" doraHai="22" who="2" fromWho="2" sc="217,-11,335,-6,228,23,220,-6" /><INIT seed="5,0,0,5,3,111" ten="206,329,251,214" oya="1" hai0="12,89,9,62,114,67,78,52,104,131,98,103,59" hai1="123,37,29,95,125,30,32,117,6,122,4,31,96" hai2="107,23,79,82,53,84,113,92,28,45,126,68,73" hai3="41,47,15,90,8,110,55,34,124,83,91,65,135"/><U16/><E37/><V121/><F68/><W35/><G110/><T97/><D131/><U11/><E117/><V2/><F2/><W5/><G135/><T39/><D39/><U14/><E96/><V105/><F126/><W10/><G124/><T94/><D78/><U7/><E95/><V3/><F3/><W77/><G65/><T69/><D114/><U40/><E40/><V75/><F113/><W46/><G55/><T71/><REACH who="0" step="1"/><D67/><REACH who="0" ten="196,329,251,214" step="2"/><U129/><E125/><V127/><F79/><W106/><G77/><T85/><D85/><U44/><E129/><V63/><F84/><W120/><G120/><N who="1" m="46122" /><E44/><V51/><F45/><W99/><G46/><T118/><D118/><U102/><E102/><V93/><F121/><W36/><G47/><T25/><D25/><AGARI ba="0,1" hai="4,6,7,11,14,16,25,29,30,31,32" m="46122" machi="25" ten="30,5800,0" yaku="34,2,54,1" doraHai="111" who="1" fromWho="0" sc="196,-58,329,68,251,0,214,0" /><INIT seed="5,1,0,3,4,123" ten="138,397,251,214" oya="1" hai0="90,8,43,83,60,53,26,48,126,1,74,131,109" hai1="68,100,80,45,94,76,73,93,66,132,0,58,44" hai2="115,95,30,14,112,61,116,71,10,22,52,67,102" hai3="50,27,89,18,85,56,108,125,3,86,42,6,23"/><U110/><E68/><V78/><F78/><W128/><G128/><T46/><D131/><U135/><E0/><V39/><F39/><W79/><G125/><T133/><D126/><U54/><E66/><V20/><F30/><W117/><G117/><T105/><D105/><U31/><E31/><V24/><F24/><W121/><G121/><T51/><D133/><U104/><E104/><V5/><F116/><W96/><G108/><T40/><D109/><U35/><E35/><V4/><F4/><W77/><G3/><T92/><D26/><U98/><E94/><V130/><F130/><W84/><G6/><T81/><D74/><U120/><E110/><V87/><F52/><N who="3" m="31767" /><G42/><T106/><D106/><U70/><E70/><V2/><F2/><W25/><G25/><T88/><D1/><U91/><E120/><V19/><F5/><W13/><G27/><T7/><D7/><U28/><E28/><V21/><F102/><W127/><G127/><T32/><D32/><U17/><E100/><V134/><F134/><W107/><G107/><T63/><D8/><U82/><E132/><V75/><F75/><W69/><G69/><T38/><D38/><U37/><E37/><V111/><F111/><W59/><G59/><N who="0" m="33215" /><D40/><U119/><E135/><V29/><F29/><W47/><G47/><T34/><D34/><U33/><E119/><V64/><F64/><W49/><G49/><T57/><D57/><U103/><E33/><V72/><F72/><W65/><G65/><T62/><D90/><U9/><E73/><V129/><F129/><W55/><G55/><T118/><D118/><RYUUKYOKU ba="1,0" sc="138,10,397,-30,251,10,214,10" hai0="43,46,48,60,62,63,81,83,88,92" hai2="10,14,19,20,21,22,61,67,71,87,95,112,115" hai3="13,18,23,77,79,84,85,86,89,96" /><INIT seed="6,2,0,0,2,33" ten="148,367,261,224" oya="2" hai0="68,2,51,106,103,70,85,80,113,114,96,5,105" hai1="62,42,110,98,117,115,24,121,12,29,61,39,128" hai2="102,36,20,76,64,112,23,90,34,126,56,63,124" hai3="19,79,88,67,15,7,130,47,35,119,25,37,127"/><V28/><F36/><W26/><G119/><T82/><D105/><U118/><E110/><V107/><F76/><W14/><G67/><T94/><D51/><U101/><E39/><V55/><F112/><N who="0" m="43114" /><D106/><U38/><E115/><V60/><F90/><W84/><G79/><N who="0" m="46239" /><D82/><U31/><E12/><V49/><F63/><W86/><G86/><T52/><D52/><U104/><E42/><V120/><F120/><W134/><G134/><T0/><D5/><U9/><E38/><V44/><F102/><W40/><G130/><T77/><D77/><U109/><E109/><V91/><F91/><W108/><G127/><N who="2" m="48681" /><F107/><W87/><G87/><T122/><D122/><U53/><E62/><V13/><F60/><W131/><G131/><T54/><D54/><U93/><E61/><V99/><F55/><W125/><G125/><T46/><D46/><U16/><E53/><V116/><F44/><W11/><G108/><T22/><D22/><U1/><E104/><V133/><F23/><W66/><G35/><T72/><D72/><U18/><E121/><V97/><F34/><W100/><G66/><T8/><D8/><U3/><E128/><V43/><F64/><W111/><G111/><T32/><D32/><U132/><E118/><V45/><F116/><W95/><G100/><T123/><D123/><U73/><E117/><V58/><F45/><W92/><G95/><T21/><D21/><AGARI ba="2,0" hai="7,11,14,15,19,21,25,26,37,40,47,84,88,92" machi="21" ten="30,2000,0" yaku="7,1,54,1" doraHai="33" who="3" fromWho="0" sc="148,-26,367,0,261,0,224,26" /><INIT seed="7,0,0,2,5,117" ten="122,367,261,250" oya="3" hai0="38,0,132,57,45,99,112,98,127,21,49,74,26" hai1="37,102,58,27,131,41,25,10,65,12,123,91,6" hai2="20,82,68,72,44,63,89,47,109,8,64,28,120" hai3="90,5,116,39,122,62,129,34,79,73,76,30,35"/><W22/><G116/><T70/><D74/><U104/><E123/><V97/><F120/><W1/><G39/><T40/><D0/><U83/><E131/><V96/><F109/><W110/><G110/><T107/><D127/><U106/><E37/><V59/><F68/><W108/><G108/><T100/><D132/><U69/><E41/><V18/><F28/><W53/><G1/><T51/><D70/><U4/><E69/><V92/><F8/><W29/><G5/><T61/><D112/><U50/><E102/><V113/><F113/><W56/><G122/><T88/><D99/><U48/><E104/><V15/><F97/><W134/><G134/><T81/><D81/><U36/><E106/><V42/><F42/><W3/><G3/><T133/><D133/><U9/><E36/><V119/><F119/><W7/><G7/><T14/><D14/><N who="1" m="5415" /><E65/><V60/><F60/><W67/><G129/><T124/><D124/><U19/><E58/><V75/><F75/><W17/><G73/><T23/><D23/><N who="1" m="13567" /><E27/><V77/><AGARI ba="0,0" hai="15,18,20,44,47,59,63,64,72,77,82,89,92,96" machi="77" ten="30,1100,0" yaku="0,1" doraHai="117" who="2" fromWho="2" sc="122,-3,367,-3,261,11,250,-5" owari="119,-38.0,364,46.0,272,7.0,245,-15.0" /></mjloggm>