<mjloggm ver="2.3"><GO type="169" lobby="0"/><UN n0="%73%69%72%6F%75%75%75" n1="%6B%69%6D%38" n2="%E3%82%A6%E3%83%AB%E3%83%88%E3%83%A9%E7%AB%8B%E7%9B%B4" n3="%E3%81%97%E3%82%83%E3%81%8F%E3%81%98%E3%83%BC" dan="16,16,18,17" rate="2120.36,2083.09,2216.53,2117.21" sx="M,M,M,M"/><TAIKYOKU oya="0"/><INIT seed="0,0,0,5,1,120" ten="250,250,250,250" oya="0" hai0="95,105,64,68,63,83,79,132,12,123,104,114,3" hai1="66,20,35,128,56,78,126,4,115,31,93,65,13" hai2="21,121,84,90,103,48,9,112,88,109,94,10,70" hai3="55,97,117,129,23,113,6,76,71,42,135,133,46"/><T25/><D123/><U52/><E126/><V54/><F121/><W43/><G76/><T60/><D114/><U118/><E118/><V101/><F70/><W38/><G6/><T57/><D3/><U73/><E128/><V85/><F112/><W80/><G80/><T39/><D39/><U26/><E115/><V89/><F109/><W14/><G113/><T67/><D132/><N who="3" m="50761" /><G97/><T51/><D51/><U30/><E30/><V41/><F41/><W119/><G23/><T62/><D62/><U2/><E93/><V74/><F74/><W107/><G107/><T40/><D40/><U99/><E99/><V37/><F37/><W130/><G14/><T0/><D0/><U15/><E78/><V77/><F77/><W22/><G22/><T122/><D122/><U45/><E45/><V32/><F32/><W72/><G72/><T131/><D131/><N who="3" m="50185" /><G42/><T24/><D12/><U82/><E82/><N who="2" m="49175" /><F21/><W29/><G29/><T19/><D19/><N who="1" m="10367" /><E73/><V27/><F27/><W96/><G96/><T125/><D104/><U50/><E13/><V127/><F9/><AGARI ba="0,0" hai="2,4,9,26,31,35,50,52,56,65,66" m="10367" machi="9" ten="30,2000,0" yaku="24,1,54,1" doraHai="120" who="1" fromWho="2" sc="250,0,250,20,250,-20,250,0" /><INIT seed="1,0,0,4,2,46" ten="250,270,230,250" oya="1" hai0="110,36,85,135,59,111,94,7,106,2,30,70,96" hai1="128,14,12,39,123,11,34,75,132,134,131,119,102" hai2="27,60,120,21,24,58,51,9,53,109,83,32,88" hai3="82,99,69,116,1,66,0,84,105,3,97,93,17"/><U72/><E39/><V107/><F107/><W42/><G105/><T23/><D70/><U52/><E119/><V108/><F120/><W47/><G116/><T91/><D36/><U28/><E102/><V130/><F130/><N who="1" m="49705" /><E123/><V41/><F32/><W115/><G115/><T40/><D40/><U54/><E28/><V80/><F9/><W129/><G129/><T101/><D135/><N who="1" m="51755" /><E34/><V87/><F27/><W45/><G45/><T15/><D59/><U33/><E33/><V68/><F80/><W31/><G31/><T104/><D2/><U10/><E10/><V13/><F13/><N who="1" m="5225" /><E11/><V124/><F68/><W71/><G17/><N who="0" m="10687" /><D30/><U38/><E38/><V4/><F24/><W122/><G122/><T86/><D7/><U49/><E54/><V76/><F4/><W92/><G66/><T113/><D101/><U118/><E118/><V61/><F21/><W8/><G8/><T126/><D104/><U133/><E133/><V57/><F53/><W65/><G65/><T20/><D20/><U63/><E63/><V77/><F61/><W29/><G29/><T67/><D106/><U56/><AGARI ba="0,0" hai="49,52,56,72,75" m="5225,51755,49705" machi="56" ten="40,12000,1" yaku="19,1,20,1,52,1,54,1" doraHai="46" who="1" fromWho="1" sc="250,-40,270,120,230,-40,250,-40" /><INIT seed="1,1,0,0,3,109" ten="210,390,190,210" oya="1" hai0="8,75,32,30,120,22,133,28,93,68,132,3,56" hai1="80,14,55,41,112,2,46,73,42,99,79,51,84" hai2="1,38,108,83,98,34,116,106,110,131,82,111,9" hai3="85,60,54,135,89,88,5,71,23,74,58,20,13"/><U11/><E2/><V48/><F116/><W21/><G74/><T47/><D68/><U16/><E112/><V69/><F38/><W59/><G71/><T122/><D75/><U115/><E115/><V40/><F69/><W6/><G135/><N who="0" m="51787" /><D47/><U103/><REACH who="1" step="1"/><E73/><REACH who="1" ten="210,380,190,210" step="2"/><V134/><F1/><W90/><G85/><T86/><D86/><U72/><E72/><V118/><F134/><W124/><G124/><T12/><D3/><U70/><E70/><V105/><F110/><W36/><G36/><T94/><D122/><U95/><AGARI ba="1,1" hai="11,14,16,41,42,46,51,55,79,80,84,95,99,103" machi="95" ten="20,12000,1" yaku="1,1,0,1,7,1,8,1,54,1,53,0" doraHai="109" doraHaiUra="127" who="1" fromWho="1" sc="210,-41,380,133,190,-41,210,-41" /><INIT seed="1,2,0,2,5,90" ten="169,513,149,169" oya="1" hai0="75,56,99,122,115,47,15,30,61,45,119,43,131" hai1="86,53,20,104,7,44,89,32,121,34,93,39,14" hai2="31,123,54,126,17,134,133,94,81,52,78,87,108" hai3="33,85,135,111,105,124,120,107,97,6,64,67,102"/><U46/><E121/><V127/><F123/><W27/><G107/><T8/><D122/><U13/><E104/><V103/><F31/><W125/><G120/><T109/><D75/><U82/><E34/><V60/><F17/><W77/><G111/><T70/><D109/><U83/><E32/><V41/><F41/><W29/><G6/><T3/><D131/><U12/><E7/><V9/><F9/><W118/><G118/><T91/><D70/><U59/><E20/><V24/><F24/><W38/><G38/><T110/><D110/><U128/><E128/><V114/><F114/><W18/><G18/><T22/><D3/><U76/><E39/><V116/><F116/><W36/><G36/><T71/><D71/><U25/><E25/><V0/><F0/><W49/><G49/><T80/><D43/><U84/><REACH who="1" step="1"/><E83/><REACH who="1" ten="169,503,149,169" step="2"/><V21/><F21/><W69/><G33/><T130/><D80/><U5/><E5/><V96/><F108/><W68/><G27/><N who="0" m="16759" /><D130/><U100/><E100/><V40/><F103/><W58/><G105/><T74/><D119/><U51/><AGARI ba="2,1" hai="12,13,14,44,46,51,53,59,76,82,84,86,89,93" machi="51" ten="30,11700,0" yaku="1,1,0,1,8,1,52,1,53,0" doraHai="90" doraHaiUra="26" who="1" fromWho="1" sc="169,-41,503,133,149,-41,169,-41" /><INIT seed="1,3,0,3,2,82" ten="128,636,108,128" oya="1" hai0="21,107,9,28,117,34,85,24,59,13,135,130,18" hai1="112,3,124,0,62,119,126,72,91,43,89,11,76" hai2="88,58,104,67,45,60,22,53,77,90,39,80,114" hai3="98,27,109,64,93,12,125,102,31,52,69,133,86"/><U66/><E112/><V96/><F114/><W8/><G109/><T17/><D107/><U70/><E119/><V83/><F83/><W26/><G133/><T100/><D100/><U103/><E103/><V36/><F104/><W57/><G125/><T129/><D59/><U25/><E76/><V63/><F22/><W33/><G27/><N who="0" m="14767" /><D85/><U73/><E43/><V111/><F111/><W78/><G64/><T71/><D71/><U87/><E25/><V51/><F96/><W95/><G69/><T23/><D117/><U40/><E40/><V92/><F92/><W6/><G78/><T113/><D113/><U122/><E122/><V132/><F132/><W14/><G95/><T30/><D135/><U56/><E70/><V128/><F63/><W32/><G86/><T75/><D75/><U97/><E97/><V7/><F7/><W5/><G32/><T19/><D34/><U106/><E106/><V105/><F105/><W2/><REACH who="3" step="1"/><G5/><REACH who="3" ten="128,636,108,118" step="2"/><N who="0" m="3247" /><D129/><U20/><E87/><V84/><REACH who="2" step="1"/><F128/><REACH who="2" ten="128,636,98,118" step="2"/><W50/><AGARI ba="3,2" hai="2,6,8,12,14,26,31,33,50,52,57,93,98,102" machi="50" ten="20,5200,0" yaku="1,1,0,1,7,1,54,1,53,0" doraHai="82" doraHaiUra="81" who="3" fromWho="3" sc="128,-16,636,-29,98,-16,118,81" /><INIT seed="2,0,0,3,0,68" ten="112,607,82,199" oya="2" hai0="90,101,75,134,125,89,80,69,19,45,135,73,51" hai1="87,132,42,91,128,7,43,129,71,1,9,112,13" hai2="116,131,86,48,60,53,55,62,26,40,39,117,56" hai3="36,67,118,44,41,103,133,77,124,30,5,104,97"/><V107/><F107/><W46/><G118/><N who="2" m="45673" /><F86/><W94/><G133/><N who="0" m="50699" /><D125/><U96/><E87/><V4/><F26/><W17/><G30/><T20/><D69/><U64/><E132/><V74/><F4/><W28/><G28/><T12/><D101/><U18/><E96/><V38/><F74/><N who="0" m="28170" /><D80/><U57/><E91/><V52/><F131/><W16/><G77/><T121/><D121/><U85/><E85/><V122/><F122/><W88/><G124/><T102/><D102/><U0/><E7/><V3/><F3/><W78/><G78/><T126/><D126/><U99/><E99/><V66/><F62/><W81/><G81/><T37/><D37/><N who="2" m="13834" /><F40/><AGARI ba="0,0" hai="12,19,20,40,45,51,89,90" m="28170,50699" machi="40" ten="30,1000,0" yaku="20,1" doraHai="68" who="0" fromWho="2" sc="112,10,607,0,82,-10,199,0" /><INIT seed="3,0,0,5,2,31" ten="122,607,72,199" oya="3" hai0="120,124,3,7,85,16,114,6,130,49,95,98,63" hai1="41,126,44,91,51,36,47,62,115,56,123,133,4" hai2="5,97,45,40,128,20,113,39,58,102,37,30,1" hai3="60,106,28,82,57,52,27,108,55,111,12,81,118"/><W121/><G106/><T11/><D120/><U135/><E123/><V42/><F113/><W112/><G121/><T107/><D114/><U38/><E115/><V46/><F128/><W134/><G112/><T34/><D130/><U23/><E126/><V43/><F43/><W8/><G118/><T10/><D34/><U65/><E4/><V83/><F58/><W80/><G55/><T61/><D124/><U99/><E23/><V2/><F5/><W71/><G71/><T74/><D74/><U103/><E91/><V89/><F89/><W50/><G50/><T25/><D85/><U14/><E14/><V69/><F69/><W132/><G12/><T29/><D29/><U59/><E59/><V96/><F83/><W19/><G19/><T72/><D72/><U93/><E44/><V22/><REACH who="2" step="1"/><F30/><REACH who="2" ten="122,607,62,199" step="2"/><W78/><G78/><T18/><D7/><U117/><E117/><V9/><F9/><W119/><G8/><T67/><D10/><U94/><E56/><V86/><F86/><W53/><G119/><T77/><D6/><U84/><E84/><V110/><F110/><N who="3" m="42027" /><G53/><T21/><D11/><U33/><E41/><V109/><F109/><W88/><G88/><T0/><D18/><U64/><E64/><V101/><AGARI ba="0,1" hai="1,2,20,22,37,39,40,42,45,46,96,97,101,102" machi="101" ten="25,6400,0" yaku="1,1,0,1,22,2,53,0" doraHai="31" doraHaiUra="122" who="2" fromWho="2" sc="122,-16,607,-16,62,74,199,-32" /><INIT seed="4,0,0,5,2,36" ten="106,591,136,167" oya="0" hai0="116,70,43,0,112,85,45,47,75,89,13,102,106" hai1="28,87,14,30,132,98,55,119,100,86,20,122,80" hai2="117,131,66,99,133,29,77,15,19,16,104,34,68" hai3="26,53,111,31,128,118,91,97,126,127,96,78,22"/><T1/><D75/><U71/><E122/><V21/><F131/><W76/><G111/><T125/><D116/><U93/><E119/><V94/><F117/><W109/><G118/><T57/><D70/><U10/><E132/><V90/><F133/><W46/><G109/><T73/><D73/><U129/><E129/><V84/><F68/><W88/><G128/><T49/><D112/><U5/><E71/><V83/><F66/><W58/><G46/><T42/><D125/><N who="3" m="47625" /><G96/><T62/><D13/><U92/><E55/><V108/><F108/><W134/><G134/><T33/><D33/><U115/><E20/><V18/><F34/><W114/><G114/><T32/><D32/><U6/><E6/><V135/><F135/><W4/><G4/><T35/><D35/><U48/><E48/><V59/><F59/><W105/><G105/><T25/><D25/><U7/><E7/><V72/><F29/><W124/><G124/><T107/><D107/><U37/><E37/><V65/><F65/><W12/><G12/><T9/><D106/><U11/><E11/><V2/><F2/><W103/><G103/><AGARI ba="0,0" hai="15,16,18,19,21,72,77,83,84,90,94,99,103,104" machi="103" ten="40,5200,0" yaku="24,2,54,1" doraHai="36" who="2" fromWho="3" sc="106,0,591,0,136,52,167,-52" /><INIT seed="5,0,0,5,3,119" ten="106,591,188,115" oya="1" hai0="46,87,65,80,2,107,61,12,106,114,16,7,54" hai1="25,27,9,5,74,69,122,121,42,50,1,47,57" hai2="84,73,55,129,76,29,59,89,10,62,19,123,43" hai3="6,109,125,81,135,28,64,11,99,21,126,26,86"/><U70/><E74/><V108/><F108/><W8/><G109/><T132/><D114/><U67/><E57/><V93/><F129/><W77/><G135/><T36/><D132/><U134/><E134/><V120/><F29/><W115/><G115/><T60/><D7/><U66/><E66/><V40/><F73/><W118/><G118/><T3/><D107/><U113/><E113/><V105/><F76/><W38/><G38/><T31/><D31/><U127/><E127/><V128/><F105/><W39/><G39/><T72/><D106/><U102/><E102/><V56/><F128/><W71/><G8/><T97/><D97/><U32/><E32/><V24/><F43/><W104/><G64/><T94/><D94/><U13/><E13/><V58/><F40/><W101/><REACH who="3" step="1"/><G71/><REACH who="3" ten="106,591,188,105" step="2"/><T68/><D36/><U15/><E70/><V48/><F10/><W63/><G63/><T18/><D61/><U100/><E67/><V98/><F48/><W75/><G75/><T44/><D72/><U124/><E69/><V92/><F59/><W53/><G53/><T51/><D46/><U52/><E52/><V78/><F58/><W117/><G117/><T91/><D18/><U111/><E111/><V95/><F55/><W96/><G96/><T110/><D110/><U17/><E47/><V14/><F19/><W90/><G90/><T49/><D51/><U22/><E50/><V88/><F89/><W23/><G23/><AGARI ba="0,1" hai="2,3,12,16,23,44,49,54,60,65,68,80,87,91" machi="23" ten="30,2000,0" yaku="7,1,54,1" doraHai="119" who="0" fromWho="3" sc="106,30,591,0,188,0,105,-20" /><INIT seed="6,0,0,4,5,8" ten="136,591,188,85" oya="2" hai0="35,73,71,13,96,111,80,70,59,115,12,23,135" hai1="22,133,53,105,65,54,108,21,122,130,123,38,2" hai2="60,97,45,131,51,67,72,41,121,92,127,9,125" hai3="103,66,99,110,116,113,101,29,89,17,85,119,78"/><V120/><F72/><W134/><G110/><T4/><D111/><U34/><E34/><V20/><F20/><W93/><G134/><T112/><D35/><U63/><E38/><V44/><F9/><W50/><G29/><T24/><D4/><U58/><E105/><V61/><F92/><W106/><G103/><T28/><D135/><U68/><E2/><V117/><F97/><W40/><G66/><T39/><D39/><U48/><E130/><V7/><F7/><W33/><G33/><T124/><D124/><N who="2" m="47690" /><F117/><W15/><G113/><N who="0" m="43595" /><D59/><U36/><E108/><V14/><F14/><N who="0" m="5738" /><D96/><U90/><E133/><V32/><F32/><W88/><G78/><AGARI ba="0,0" hai="23,24,28,70,71,73,78,80" m="5738,43595" machi="78" ten="30,7700,0" yaku="15,1,52,3" doraHai="8" who="0" fromWho="3" sc="136,77,591,0,188,0,85,-77" /><INIT seed="7,0,0,5,1,93" ten="213,591,188,8" oya="3" hai0="90,8,96,108,83,30,94,126,73,36,37,117,14" hai1="42,47,53,12,71,22,128,107,95,38,127,92,99" hai2="124,3,9,84,103,26,0,97,78,118,40,70,4" hai3="31,54,18,7,116,113,24,32,77,6,134,52,45"/><W46/><G116/><T41/><D117/><U29/><E127/><V49/><F118/><W65/><G134/><T69/><D108/><U76/><E128/><V114/><F70/><W81/><G113/><T110/><D110/><U50/><E76/><V80/><F114/><W64/><G18/><T57/><D69/><U17/><E71/><V67/><F67/><W51/><G65/><T15/><D126/><U63/><E63/><V23/><F124/><W13/><G64/><T11/><D30/><U85/><E85/><V55/><F40/><W115/><G13/><N who="0" m="4619" /><D73/><U86/><E86/><V72/><F72/><W1/><G1/><T19/><D37/><U131/><E131/><V119/><F119/><W123/><G123/><T27/><D36/><U91/><E29/><V75/><F75/><W39/><G39/><T10/><D41/><U111/><E111/><V129/><F129/><W5/><G115/><T104/><D104/><U59/><E95/><V2/><F55/><W28/><G24/><T48/><D83/><U82/><E82/><V35/><F49/><N who="3" m="28719" /><G32/><T43/><D43/><U105/><AGARI ba="0,0" hai="12,17,22,38,42,47,50,53,59,91,92,99,105,107" machi="105" ten="30,2000,0" yaku="0,1,52,1" doraHai="93" who="1" fromWho="1" sc="213,-5,591,20,188,-5,8,-10" owari="208,1.0,611,71.0,183,-22.0,-2,-50.0" /></mjloggm>