<mjloggm ver="2.3"><GO type="169" lobby="0"/><UN n0="%E5%B1%B1%E7%94%B0%E3%81%AE%E3%83%90%E3%83%8A%E3%83%8A" n1="%E3%81%98%E3%81%BF%E3%81%84%E3%81%A3%5A" n2="%E3%83%8F%E3%83%8D%E3%83%A0%E3%83%BC%E3%83%B3%E2%98%85%E6%B2%B3%E7%AB%A5" n3="%E3%83%88%E3%83%88%E3%83%AA%E5%85%88%E7%94%9F%31%39%E6%AD%B3" dan="16,16,17,18" rate="2132.97,2063.60,2157.67,2279.41" sx="M,M,M,F"/><TAIKYOKU oya="0"/><INIT seed="0,0,0,3,1,76" ten="250,250,250,250" oya="0" hai0="82,93,99,61,20,95,51,43,11,94,120,41,85" hai1="101,74,46,54,56,28,16,53,15,111,47,60,19" hai2="102,127,29,7,106,78,118,45,87,2,50,12,130" hai3="22,116,70,27,122,75,13,112,115,42,80,84,38"/><T131/><D131/><U92/><E74/><V36/><F36/><W119/><G70/><T48/><D120/><U91/><E101/><V8/><F130/><W24/><G75/><T25/><D99/><U123/><E123/><V135/><F135/><W79/><G122/><T5/><D61/><U117/><E117/><V81/><F127/><W107/><G107/><T63/><D63/><U35/><E35/><V39/><F118/><W26/><G119/><T34/><D34/><U62/><E28/><V90/><F39/><W132/><G116/><T100/><D100/><U58/><E111/><V66/><F66/><W68/><G68/><T4/><D41/><U97/><E19/><V83/><F29/><W23/><G132/><T124/><D124/><U0/><E0/><V114/><F114/><W18/><REACH who="3" step="1"/><G23/><AGARI ba="0,0" hai="15,16,23,46,47,53,54,56,58,60,62,91,92,97" machi="23" ten="30,7700,0" yaku="7,1,9,1,8,1,54,1" doraHai="76" who="1" fromWho="3" sc="250,0,250,77,250,0,250,-77" /><INIT seed="1,0,0,3,0,75" ten="250,327,250,173" oya="1" hai0="74,92,30,0,111,73,33,27,81,47,70,119,86" hai1="56,93,9,77,126,3,103,72,116,120,37,48,97" hai2="60,71,84,42,21,2,127,6,50,82,35,69,10" hai3="38,61,43,12,130,132,89,46,45,16,59,19,58"/><U134/><E37/><V131/><F35/><W63/><G130/><T122/><D119/><U85/><E116/><V39/><F131/><W129/><G129/><T53/><D70/><U44/><E120/><V20/><F39/><W109/><G109/><T62/><D111/><U1/><E134/><V112/><F127/><W118/><G118/><T125/><D125/><U117/><E117/><V41/><F112/><W87/><G132/><T108/><D108/><U76/><E72/><V52/><F69/><W51/><G59/><T95/><D122/><U8/><E3/><V94/><F94/><W22/><G58/><T17/><D0/><U7/><E9/><V99/><F99/><W24/><G45/><T29/><D29/><U124/><E85/><V36/><F36/><W23/><REACH who="3" step="1"/><G38/><REACH who="3" ten="250,327,250,163" step="2"/><T80/><D47/><U113/><E126/><V28/><F71/><W25/><G25/><T115/><D27/><U110/><E110/><V96/><F60/><W105/><G105/><T79/><D115/><U104/><E113/><V78/><F42/><W98/><G98/><T133/><D133/><U90/><E124/><V14/><F41/><W83/><AGARI ba="0,1" hai="12,16,19,22,23,24,43,46,51,61,63,83,87,89" machi="83" ten="20,8000,1" yaku="1,1,0,1,7,1,8,1,54,1,53,0" doraHai="75" doraHaiUra="34" who="3" fromWho="3" sc="250,-20,327,-40,250,-20,163,90" /><INIT seed="2,0,0,0,1,36" ten="230,287,230,253" oya="2" hai0="52,28,92,125,94,130,76,4,38,116,11,127,97" hai1="39,128,95,83,68,64,23,78,13,57,21,31,133" hai2="74,16,111,12,59,102,47,53,8,132,86,3,109" hai3="75,22,108,62,89,35,119,126,123,122,72,80,26"/><V104/><F74/><W51/><G119/><T40/><D116/><U17/><E68/><V48/><F132/><W20/><G35/><T56/><D130/><U106/><E106/><V45/><F3/><W19/><G108/><N who="2" m="41545" /><F86/><W107/><G107/><T43/><D38/><U85/><E128/><V114/><F114/><W115/><G115/><T135/><D76/><U58/><E133/><V101/><F104/><W7/><G126/><N who="0" m="48139" /><D28/><U112/><E112/><V6/><F6/><W129/><G129/><T41/><D97/><U100/><E39/><V55/><F47/><W61/><G7/><T73/><D73/><U1/><E1/><V67/><F67/><W84/><G75/><T124/><N who="0" m="48147" /><T50/><DORA hai="60" /><D135/><U27/><E64/><V96/><F96/><AGARI ba="0,0" hai="13,17,21,23,27,31,57,58,78,83,85,95,96,100" machi="96" ten="40,1300,0" yaku="8,1" doraHai="36,60" who="1" fromWho="2" sc="230,0,287,13,230,-13,253,0" /><INIT seed="3,0,0,2,1,98" ten="230,300,217,253" oya="3" hai0="45,86,56,135,7,100,0,125,24,95,124,67,29" hai1="118,116,75,92,48,71,62,91,68,20,58,110,35" hai2="44,36,109,30,61,55,64,65,126,21,59,132,131" hai3="129,27,93,42,54,57,69,1,117,11,108,72,73"/><W122/><G117/><N who="1" m="45162" /><E35/><V40/><F109/><W89/><G122/><T70/><D70/><U37/><E37/><V50/><F131/><W66/><G129/><T9/><D135/><U15/><E75/><V105/><F105/><W121/><G121/><T14/><D45/><U76/><E76/><V3/><F3/><W102/><G108/><T52/><D67/><N who="1" m="39383" /><E48/><V46/><F132/><W33/><G42/><T53/><D0/><U74/><E74/><V41/><F30/><W28/><G69/><T78/><D78/><U6/><E110/><V94/><F21/><W47/><G47/><T10/><D10/><N who="1" m="4567" /><E20/><V112/><F112/><W90/><G66/><N who="2" m="25705" /><F94/><W84/><G72/><T26/><D26/><U113/><E113/><V80/><F80/><W77/><G73/><T127/><D56/><U8/><E8/><V97/><F97/><AGARI ba="0,0" hai="68,71,91,92,97" m="4567,39383,45162" machi="97" ten="30,1000,0" yaku="12,1" doraHai="98" who="1" fromWho="2" sc="230,0,300,10,217,-10,253,0" /><INIT seed="4,0,0,1,1,75" ten="230,310,207,253" oya="0" hai0="120,89,13,125,68,135,57,20,32,36,40,25,81" hai1="56,106,78,23,80,33,83,70,104,124,59,53,91" hai2="113,42,39,86,17,102,79,62,108,28,52,77,97" hai3="126,96,31,7,61,90,38,112,110,8,41,35,105"/><T121/><D68/><U69/><E33/><V12/><F108/><W130/><G110/><T46/><D135/><U24/><E124/><V15/><F28/><W58/><G126/><T16/><D125/><U45/><E45/><V18/><F113/><W87/><G112/><T60/><D89/><U111/><E111/><V127/><F127/><W71/><G71/><T132/><D132/><U29/><E104/><V49/><F62/><W48/><G38/><T34/><D81/><U73/><E106/><V30/><F30/><W66/><G130/><T0/><D0/><U55/><E91/><V114/><F114/><W103/><G31/><T37/><D37/><U88/><E88/><V5/><F5/><W50/><G41/><T47/><D47/><U92/><E92/><N who="2" m="58663" /><F42/><W2/><REACH who="3" step="1"/><G35/><REACH who="3" ten="230,310,207,243" step="2"/><T65/><D34/><U44/><E70/><V21/><F39/><W22/><G22/><T14/><REACH who="0" step="1"/><D32/><REACH who="0" ten="220,310,207,243" step="2"/><U123/><E69/><V119/><F119/><W117/><G117/><T1/><D1/><U107/><E44/><N who="2" m="27687" /><F86/><W129/><G129/><T4/><D4/><U109/><E109/><V115/><F115/><W3/><G3/><T128/><D128/><U84/><E84/><V100/><F100/><W43/><G43/><T26/><D26/><U95/><E73/><V131/><F131/><W85/><G85/><T67/><D67/><U74/><E74/><V134/><F134/><W98/><G98/><T64/><D64/><U19/><E24/><V93/><F93/><AGARI ba="0,2" hai="2,7,8,48,50,58,61,66,87,90,93,96,103,105" machi="93" ten="30,2000,0" yaku="1,1,7,1,53,0" doraHai="75" doraHaiUra="133" who="3" fromWho="2" sc="220,0,310,0,207,-20,243,40" /><INIT seed="5,0,0,3,4,57" ten="220,310,187,283" oya="1" hai0="58,17,72,82,61,73,42,90,96,77,60,98,129" hai1="91,22,75,103,46,6,114,68,135,121,13,20,9" hai2="99,29,69,130,118,62,89,108,52,93,78,80,94" hai3="44,50,16,66,0,23,124,40,35,19,84,56,12"/><U31/><E75/><V116/><F108/><W126/><G35/><T74/><D129/><U18/><E68/><V1/><F1/><W122/><G122/><T33/><D33/><U34/><E103/><V37/><F37/><W43/><G0/><T64/><D42/><U30/><E46/><V85/><F130/><W97/><G43/><T21/><D90/><U14/><E91/><V39/><F39/><W119/><G119/><T128/><D128/><U95/><E95/><V5/><F5/><W45/><G45/><T105/><D105/><U67/><E67/><V28/><F93/><W131/><G131/><T71/><D73/><U86/><E86/><V55/><F55/><W104/><G84/><T54/><REACH who="0" step="1"/><D72/><REACH who="0" ten="210,310,187,283" step="2"/><U25/><E121/><V107/><F107/><W63/><G104/><T102/><D102/><U3/><E135/><V125/><F118/><W48/><G124/><T47/><D47/><U27/><E114/><V109/><F116/><W79/><G126/><T115/><D115/><U51/><E51/><V10/><F125/><W26/><G50/><T38/><D38/><U81/><E81/><V100/><F100/><W8/><G97/><T113/><D113/><U36/><E36/><V11/><F109/><W101/><G101/><T117/><D117/><U59/><E34/><V83/><F83/><W65/><G79/><T133/><D133/><U111/><E111/><V41/><F41/><W24/><G24/><AGARI ba="0,1" hai="17,21,24,54,58,60,61,64,71,74,77,82,96,98" machi="24" ten="30,7700,0" yaku="1,1,7,1,52,2,53,0" doraHai="57" doraHaiUra="70" who="0" fromWho="3" sc="210,87,310,0,187,0,283,-77" /><INIT seed="6,0,0,5,5,89" ten="297,310,187,206" oya="2" hai0="117,29,65,49,56,120,106,132,118,14,54,17,64" hai1="84,102,68,59,83,99,35,5,39,87,98,9,105" hai2="123,50,26,38,51,128,18,79,100,15,111,109,107" hai3="12,96,0,125,80,47,60,19,82,85,86,32,1"/><V116/><F38/><W119/><G119/><N who="0" m="45579" /><D106/><U27/><E39/><V3/><F116/><W25/><G125/><T31/><D120/><U63/><E68/><V131/><F3/><W92/><G47/><T122/><D122/><U7/><E99/><N who="2" m="61855" /><F123/><W28/><G60/><T135/><D31/><U22/><E35/><V93/><F26/><W88/><G85/><T41/><D29/><U71/><E71/><V97/><F79/><W33/><G33/><T70/><D41/><U10/><E7/><V66/><F66/><N who="0" m="25706" /><D70/><U48/><E9/><AGARI ba="0,0" hai="9,14,17,49,54,56,132,135" m="25706,45579" machi="9" ten="30,1000,0" yaku="12,1" doraHai="89" who="0" fromWho="1" sc="297,10,310,-10,187,0,206,0" /><INIT seed="7,0,0,4,5,56" ten="307,300,187,206" oya="3" hai0="3,88,23,115,105,46,133,81,70,122,1,108,42" hai1="22,12,40,24,73,48,67,17,130,77,111,93,27" hai2="129,106,39,78,107,92,119,55,4,62,57,86,98" hai3="60,19,44,29,109,134,89,110,33,76,121,97,104"/><W58/><G121/><T7/><D108/><U43/><E73/><V15/><F119/><W8/><G134/><T36/><D105/><U131/><E77/><V116/><F116/><W45/><G76/><T63/><D122/><U85/><E67/><V32/><F32/><W99/><G29/><T49/><D133/><U87/><E111/><N who="3" m="42506" /><G33/><T51/><D115/><U31/><E27/><V68/><F39/><W117/><G117/><T5/><D3/><U75/><E75/><V9/><F129/><N who="1" m="49161" /><E93/><V69/><F78/><W41/><G89/><T84/><D1/><U53/><E40/><V96/><F86/><W123/><G123/><T82/><D36/><U47/><E43/><V21/><F21/><AGARI ba="0,0" hai="12,17,21,22,24,31,47,48,53,85,87" m="49161" machi="21" ten="30,1000,0" yaku="19,1" doraHai="56" who="1" fromWho="2" sc="307,0,300,10,187,-10,206,0" owari="307,11.0,310,40.0,177,-32.0,206,-19.0" /></mjloggm>