<mjloggm ver="2.3"><GO type="169" lobby="0"/><UN n0="%E3%81%BE%E3%81%99%E3%81%8F%E3%81%AF%E3%81%8C%E3%81%97" n1="%E3%82%A6%E3%83%AB%E3%83%88%E3%83%A9%E7%AB%8B%E7%9B%B4" n2="%E3%81%AB%E3%82%87" n3="%E3%81%B6%E3%81%A3%E3%81%A8%E3%81%B3%E3%82%AB%E3%83%BC%E3%83%89" dan="16,18,16,16" rate="2105.41,2195.12,2088.57,2121.79" sx="M,M,F,F"/><TAIKYOKU oya="0"/><INIT seed="0,0,0,1,3,5" ten="250,250,250,250" oya="0" hai0="104,134,6,120,128,95,130,0,105,30,83,59,41" hai1="97,119,68,114,26,121,20,100,74,15,86,77,11" hai2="90,29,98,21,131,70,58,9,2,49,87,123,135" hai3="117,44,46,43,101,28,69,63,71,31,102,3,14"/><T16/><D120/><U13/><E121/><V112/><F123/><W82/><G82/><T56/><D134/><U65/><E119/><V51/><F70/><W115/><G14/><T94/><D30/><U80/><E114/><V84/><F98/><W75/><G117/><T23/><D41/><U50/><E50/><V4/><F112/><W107/><G115/><T24/><D83/><U118/><E118/><V53/><F131/><N who="0" m="50218" /><D94/><U25/><E74/><V42/><F135/><W17/><G43/><T38/><D95/><N who="1" m="58431" /><E65/><V109/><F109/><W37/><G37/><T72/><D72/><U32/><E68/><V111/><F111/><W93/><G93/><T27/><D27/><U103/><E103/><V39/><F39/><W64/><G75/><T132/><D132/><U22/><E32/><V122/><F122/><W73/><G73/><T127/><D127/><U1/><E26/><V54/><F42/><W61/><G107/><N who="0" m="41035" /><D38/><U85/><E25/><V40/><F40/><W52/><G31/><T96/><D96/><U45/><E80/><V47/><F29/><W133/><G28/><T7/><D7/><U67/><E86/><V106/><F106/><W66/><G133/><T116/><D116/><U35/><E85/><V81/><F87/><W88/><G17/><T129/><N who="0" m="50226" /><T19/><DORA hai="125" /><D19/><U57/><E35/><V126/><REACH who="2" step="1"/><F126/><REACH who="2" ten="250,250,240,250" step="2"/><W91/><G102/><T55/><D55/><U79/><E67/><V108/><F108/><W110/><G110/><T48/><D48/><U113/><E113/><V92/><F92/><W34/><G101/><T124/><D124/><RYUUKYOKU ba="0,1" sc="250,15,250,-15,240,15,250,-15" hai0="0,6,16,23,24,56,59" hai2="2,4,9,21,47,49,51,53,54,58,81,84,90" /><INIT seed="0,1,1,4,4,49" ten="265,235,255,235" oya="0" hai0="115,74,53,24,86,133,117,4,43,60,38,130,21" hai1="29,68,124,77,123,88,84,109,62,10,44,87,42" hai2="81,47,113,6,95,56,28,128,83,23,126,9,65" hai3="122,110,135,41,97,93,50,46,30,64,107,79,108"/><T85/><D115/><U127/><E123/><V14/><F113/><W66/><G122/><T13/><D117/><U27/><E109/><N who="3" m="42090" /><G135/><T39/><D133/><U20/><E10/><V51/><F128/><W121/><G121/><T129/><D74/><U57/><E68/><V40/><F126/><N who="1" m="48169" /><E77/><V55/><F65/><W25/><G107/><T12/><D86/><U54/><E88/><V0/><F95/><W67/><G79/><T119/><D85/><U112/><E112/><V33/><F33/><N who="3" m="20687" /><G67/><T22/><D119/><U99/><E99/><V70/><F70/><W36/><G36/><AGARI ba="1,1" hai="20,27,29,36,42,44,54,57,62,84,87" m="48169" machi="36" ten="30,2000,0" yaku="18,1,52,1" doraHai="49" who="1" fromWho="3" sc="265,0,235,33,255,0,235,-23" /><INIT seed="1,0,0,5,5,7" ten="265,268,255,212" oya="1" hai0="84,40,10,45,0,88,95,118,18,26,2,34,103" hai1="13,87,119,12,78,111,37,82,91,25,113,124,67" hai2="76,69,35,80,98,48,77,46,3,23,39,36,115" hai3="89,11,29,32,90,56,125,44,92,131,21,15,59"/><U126/><E119/><V68/><F35/><W14/><G131/><T93/><D118/><U128/><E113/><V117/><F117/><W72/><G125/><N who="1" m="48234" /><E37/><V5/><F39/><W24/><G72/><T86/><D34/><U63/><E128/><V19/><F76/><W96/><G44/><T101/><D2/><U62/><E111/><V100/><F115/><W55/><G32/><T65/><D65/><U129/><E129/><V52/><F36/><W49/><G15/><N who="1" m="5706" /><E25/><V127/><F127/><W122/><G122/><T43/><D26/><U85/><E67/><V60/><F23/><W83/><G59/><T106/><D0/><U64/><E64/><V6/><F69/><W121/><G83/><AGARI ba="0,0" hai="62,63,78,82,83,85,87,91" m="5706,48234" machi="83" ten="30,1500,0" yaku="18,1" doraHai="7" who="1" fromWho="3" sc="265,0,268,15,255,0,212,-15" /><INIT seed="1,1,0,3,0,81" ten="265,283,255,197" oya="1" hai0="127,95,45,4,87,70,112,59,80,60,2,21,66" hai1="129,91,85,5,76,28,83,47,79,93,89,108,44" hai2="111,99,92,27,72,65,9,115,48,110,12,64,67" hai3="120,22,90,54,7,131,31,29,15,38,30,132,39"/><U128/><E28/><V53/><F72/><W24/><G120/><T86/><D112/><U117/><E5/><V36/><F36/><W26/><G132/><T35/><D35/><U109/><E44/><V74/><F74/><W49/><G131/><N who="1" m="50250" /><E47/><V23/><F115/><W46/><G90/><T102/><D127/><U37/><E37/><V62/><F62/><W84/><G84/><T78/><D70/><U124/><E124/><V134/><F134/><W16/><REACH who="3" step="1"/><G24/><REACH who="3" ten="265,283,255,187" step="2"/><T96/><D86/><N who="1" m="52471" /><E117/><V97/><F97/><W119/><G119/><T51/><D87/><N who="1" m="48639" /><E76/><V10/><F27/><W41/><G41/><T32/><D78/><U6/><E6/><V19/><F99/><W103/><G103/><T43/><D102/><U130/><E130/><V40/><F40/><W82/><G82/><AGARI ba="1,1" hai="82,85,89,108,109" m="48639,52471,50250" machi="82" ten="30,18000,2" yaku="19,1,34,2,52,3" doraHai="81" who="1" fromWho="3" sc="265,0,283,193,255,0,187,-183" /><INIT seed="1,2,0,1,3,23" ten="265,476,255,4" oya="1" hai0="4,73,125,12,82,5,13,6,127,81,87,86,63" hai1="98,46,56,93,62,116,41,122,53,15,3,132,97" hai2="133,1,85,35,110,9,47,59,34,43,0,100,126" hai3="131,106,70,121,112,28,134,38,99,67,102,10,94"/><U101/><E3/><V33/><F110/><W17/><G121/><T95/><D63/><U114/><E114/><V26/><F133/><W40/><G112/><T18/><D95/><U65/><E122/><V76/><F100/><W60/><G134/><T111/><D111/><U96/><E116/><V107/><F107/><W22/><G131/><T37/><D37/><U61/><E15/><V89/><F76/><W115/><G115/><T75/><D6/><U135/><E135/><V50/><F59/><W103/><G10/><T120/><REACH who="0" step="1"/><D18/><REACH who="0" ten="255,476,255,4" step="2"/><U20/><E132/><V48/><F50/><W32/><G38/><T7/><D7/><U91/><E62/><V27/><F126/><W44/><G17/><T130/><D130/><U118/><E93/><V57/><F57/><W78/><G22/><T108/><D108/><U25/><E56/><V113/><F113/><W90/><G78/><T8/><D8/><U19/><E20/><V72/><F72/><W83/><G83/><T105/><D105/><U77/><E77/><V24/><REACH who="2" step="1"/><F9/><REACH who="2" ten="255,476,245,4" step="2"/><W66/><G66/><T42/><D42/><U71/><E41/><V117/><F117/><W119/><G119/><T39/><D39/><U49/><E118/><V52/><F52/><W14/><G106/><T11/><D11/><U123/><E53/><V104/><F104/><W69/><G69/><T16/><D16/><U92/><E19/><V58/><F58/><N who="3" m="37271" /><G14/><T109/><D109/><U30/><E71/><V21/><F21/><W79/><G79/><T31/><D31/><U29/><E30/><V45/><F45/><W68/><G68/><RYUUKYOKU ba="2,2" sc="255,15,476,-15,245,15,4,-15" hai0="4,5,12,13,73,75,81,82,86,87,120,125,127" hai2="0,1,24,26,27,33,34,35,43,47,48,85,89" owari="270,7.0,481,58.0,260,-14.0,-11,-51.0" /></mjloggm>