<mjloggm ver="2.3"><GO type="169" lobby="0"/><UN n0="%E6%84%9B%E5%86%85%E9%87%8C%E8%8F%9C" n1="%70%69%2D%70%6F" n2="%E3%82%A6%E3%83%AB%E3%83%88%E3%83%A9%E7%AB%8B%E7%9B%B4" n3="%E3%83%9F%E3%83%88%E3%83%95%E3%82%AF%E3%83%AD%E3%82%A6" dan="17,17,18,16" rate="2199.23,2181.95,2236.17,2093.60" sx="F,M,M,F"/><TAIKYOKU oya="0"/><INIT seed="0,0,0,0,4,37" ten="250,250,250,250" oya="0" hai0="60,84,128,10,68,13,112,100,130,22,15,61,66" hai1="32,40,134,74,24,115,72,62,85,83,27,80,42" hai2="118,23,25,51,69,95,103,109,93,87,56,98,20" hai3="16,47,64,2,17,116,36,105,81,4,18,6,55"/><T11/><D112/><U19/><E134/><V41/><F69/><W7/><G105/><T28/><D100/><U121/><E121/><V94/><F109/><W78/><G116/><T82/><D28/><U54/><E115/><V110/><F110/><W127/><G64/><T21/><D66/><U124/><E124/><V3/><F3/><W65/><G65/><T49/><D49/><U59/><E32/><V101/><F118/><W5/><G127/><T67/><D67/><U91/><E74/><V113/><F113/><W46/><G36/><T125/><D125/><U106/><E106/><V99/><F25/><N who="1" m="9801" /><E72/><V119/><F119/><W96/><G96/><T34/><D84/><N who="1" m="50567" /><E19/><V44/><F56/><W9/><REACH who="3" step="1"/><G55/><REACH who="3" ten="250,250,250,240" step="2"/><T30/><D68/><U107/><E107/><V117/><F117/><W50/><G50/><T76/><D30/><U33/><E33/><V126/><F126/><W111/><G111/><T114/><D114/><U123/><E123/><V73/><F73/><AGARI ba="0,1" hai="2,4,5,6,7,9,16,17,18,46,47,73,78,81" machi="73" ten="40,2600,0" yaku="1,1,54,1,53,0" doraHai="37" doraHaiUra="57" who="3" fromWho="2" sc="250,0,250,0,250,-26,240,36" /><INIT seed="1,0,0,0,4,35" ten="250,250,224,276" oya="1" hai0="132,15,135,77,71,45,99,123,63,128,98,116,38" hai1="1,65,72,78,23,8,41,30,83,67,108,29,133" hai2="58,36,28,34,37,73,40,12,115,9,0,84,82" hai3="64,4,95,80,49,103,113,97,51,92,102,74,119"/><U22/><E133/><V111/><F111/><W117/><G113/><T57/><D77/><U75/><E108/><V13/><F115/><W130/><G130/><T105/><D15/><U7/><E75/><V11/><F28/><W125/><G64/><N who="0" m="41375" /><D99/><U106/><E106/><V18/><F34/><W88/><G4/><T33/><D98/><U109/><E109/><V85/><F58/><W112/><G112/><T14/><D14/><U124/><E124/><V127/><F127/><W52/><G125/><T31/><D31/><U104/><E104/><V54/><F54/><W91/><G74/><T39/><D33/><U120/><E120/><V79/><F0/><W118/><G80/><T24/><D24/><U42/><E29/><V126/><F126/><W61/><G61/><T56/><D105/><U21/><REACH who="1" step="1"/><E30/><REACH who="1" ten="250,240,224,276" step="2"/><V62/><F73/><W90/><REACH who="3" step="1"/><G52/><REACH who="3" ten="250,240,224,266" step="2"/><T27/><D135/><U70/><E70/><V76/><F18/><W86/><G86/><T129/><D132/><U93/><E93/><V6/><F85/><W47/><G47/><T19/><D45/><U121/><E121/><V25/><F84/><W134/><G134/><T69/><D69/><U17/><E17/><V48/><F82/><W94/><G94/><T55/><D123/><U122/><E122/><V110/><F110/><W68/><G68/><T131/><D55/><U20/><N who="1" m="5120" /><DORA hai="5" /><U101/><E101/><V107/><F107/><W10/><G10/><T59/><D19/><U3/><E3/><V53/><F11/><W50/><G50/><T26/><D131/><U60/><E60/><V96/><F62/><RYUUKYOKU ba="0,2" sc="250,-15,240,15,224,-15,266,15" hai1="1,7,8,41,42,65,67,72,78,83" hai3="49,51,88,90,91,92,95,97,102,103,117,118,119" /><INIT seed="1,1,2,0,1,65" ten="235,255,209,281" oya="1" hai0="122,134,14,67,84,23,123,3,62,108,92,7,35" hai1="133,95,128,90,43,86,110,109,57,9,32,102,25" hai2="99,105,61,49,5,112,40,56,46,124,96,31,12" hai3="111,120,34,77,91,82,29,36,73,17,52,47,21"/><U63/><E128/><V55/><F124/><W15/><G120/><N who="0" m="46123" /><D108/><N who="1" m="41579" /><E133/><V79/><F112/><W115/><G115/><T41/><D134/><U24/><E43/><V103/><F31/><W27/><G111/><T93/><D35/><U44/><E44/><V78/><F5/><W30/><G30/><T101/><D41/><U75/><E75/><V94/><REACH who="2" step="1"/><F12/><REACH who="2" ten="235,255,199,281" step="2"/><W1/><G1/><T38/><D3/><U42/><E32/><V121/><F121/><W45/><G36/><T58/><D38/><U8/><E42/><V11/><F11/><N who="1" m="4169" /><E102/><AGARI ba="1,3" hai="40,46,49,55,56,61,78,79,94,96,99,102,103,105" machi="102" ten="30,7700,0" yaku="1,1,7,1,53,2" doraHai="65" doraHaiUra="97" who="2" fromWho="1" sc="235,0,255,-80,199,110,281,0" /><INIT seed="2,0,0,1,1,89" ten="235,175,309,281" oya="2" hai0="84,2,60,53,103,102,65,122,43,70,52,75,77" hai1="71,106,66,62,15,114,107,25,55,4,80,64,96" hai2="28,48,119,35,121,104,116,113,118,37,128,38,68" hai3="131,50,67,124,123,94,46,51,57,13,27,133,3"/><V83/><F83/><W98/><G3/><T45/><D122/><U88/><E114/><V42/><F28/><W78/><G123/><T54/><D75/><U1/><E1/><V105/><F121/><W29/><G124/><T109/><D2/><U112/><E112/><V5/><F5/><W135/><G131/><T22/><D109/><U92/><E66/><V7/><F7/><W36/><G78/><T73/><D73/><U39/><E39/><N who="2" m="14859" /><F113/><W79/><G79/><T97/><D22/><U72/><E25/><V49/><F35/><W99/><G13/><T10/><D10/><U86/><E72/><V82/><F82/><W95/><G36/><T90/><D77/><U12/><E55/><V11/><F11/><W47/><G67/><T24/><D24/><U58/><E71/><V17/><F17/><W26/><G57/><T32/><D32/><U63/><E63/><V74/><F74/><W33/><G33/><T117/><D117/><U108/><E108/><V101/><F68/><W134/><G134/><T127/><D127/><U85/><E85/><V31/><F31/><AGARI ba="0,0" hai="26,27,29,31,46,47,50,51,94,95,98,99,133,135" machi="31" ten="25,6400,0" yaku="22,2,52,2" doraHai="89" who="3" fromWho="2" sc="235,0,175,0,309,-64,281,64" /><INIT seed="3,0,0,1,0,89" ten="235,175,245,345" oya="3" hai0="52,123,124,68,30,92,135,118,129,45,25,112,100" hai1="102,36,3,72,94,33,53,24,16,75,76,125,38" hai2="40,111,0,127,19,78,103,73,23,64,113,63,93" hai3="34,105,56,98,71,12,104,26,66,117,44,32,27"/><W8/><G117/><T14/><D118/><U126/><E3/><V67/><F113/><W42/><G56/><T83/><D123/><U96/><E53/><V121/><F0/><W9/><G66/><T86/><D68/><U120/><E120/><V122/><F111/><W87/><G71/><T17/><D135/><U107/><E107/><V81/><F127/><N who="1" m="48649" /><E33/><V47/><F122/><W69/><G69/><T11/><D124/><U29/><E29/><V46/><F121/><W65/><G65/><T31/><D129/><U59/><E59/><V62/><F67/><W80/><G32/><T37/><D37/><N who="1" m="14443" /><E76/><V88/><F103/><W95/><G34/><T106/><D106/><U55/><E55/><V39/><F47/><W54/><G105/><T48/><D112/><U85/><E85/><V109/><F64/><W20/><G54/><T99/><D25/><U134/><E134/><V82/><F109/><W18/><G104/><T115/><D115/><U79/><E79/><AGARI ba="0,0" hai="11,14,17,30,31,45,48,52,79,83,86,92,99,100" machi="79" ten="30,7700,0" yaku="7,1,8,1,52,1,54,1" doraHai="89" who="0" fromWho="1" sc="235,77,175,-77,245,0,345,0" /><INIT seed="4,0,0,3,3,16" ten="312,98,245,345" oya="0" hai0="63,78,32,18,59,5,58,3,52,51,81,104,88" hai1="89,125,110,120,119,122,85,84,61,54,107,15,115" hai2="96,94,93,91,42,0,105,30,37,50,23,133,108" hai3="134,95,98,27,69,114,68,132,19,83,44,12,71"/><T28/><D104/><U73/><E15/><V92/><F0/><W7/><G114/><T38/><D38/><U20/><E73/><V121/><F108/><W62/><G44/><T131/><D131/><U8/><E119/><V82/><F121/><W11/><G83/><T55/><D32/><U67/><E110/><V70/><F70/><W106/><G106/><T117/><D117/><U97/><E115/><V64/><F37/><W39/><G39/><T103/><D103/><U99/><E8/><V90/><F64/><W109/><G109/><T21/><D28/><U72/><E54/><V46/><F133/><N who="3" m="51307" /><G62/><T101/><D101/><U124/><E72/><V100/><REACH who="2" step="1"/><F82/><REACH who="2" ten="312,98,235,345" step="2"/><W128/><G128/><T40/><D3/><U77/><E67/><V29/><F29/><W75/><G71/><T102/><D81/><U76/><E107/><V126/><F126/><W53/><G69/><T48/><D5/><U6/><E6/><V14/><F14/><W33/><G12/><T111/><D111/><U127/><E127/><V36/><F36/><W66/><G7/><T118/><D118/><U9/><E124/><V45/><F45/><W35/><G68/><T24/><D58/><U86/><E125/><V87/><F87/><W60/><G75/><T135/><D59/><U116/><E116/><V10/><F10/><W2/><G2/><T31/><D135/><U80/><E9/><V74/><F74/><W17/><G11/><T26/><D31/><U113/><E122/><V25/><AGARI ba="0,1" hai="23,25,30,42,46,50,90,91,92,93,94,96,100,105" machi="25" ten="30,4000,0" yaku="1,1,0,1,52,1,53,0" doraHai="16" doraHaiUra="13" who="2" fromWho="2" sc="312,-20,98,-10,235,50,345,-10" /><INIT seed="5,0,0,4,5,53" ten="292,88,285,335" oya="1" hai0="45,96,9,133,120,31,11,70,123,76,60,4,64" hai1="90,117,112,10,1,69,129,135,49,81,42,54,99" hai2="44,94,37,111,131,41,59,130,39,108,2,8,40" hai3="43,67,100,126,56,119,115,102,101,114,75,63,12"/><U25/><E117/><V34/><F34/><W33/><G75/><T23/><D133/><U66/><E135/><V82/><F94/><W28/><G126/><T110/><D110/><U84/><E129/><N who="2" m="49163" /><F82/><W38/><G119/><T104/><D76/><U79/><E112/><N who="3" m="43050" /><G12/><T73/><D73/><U116/><E116/><V85/><F85/><W86/><G86/><T55/><D55/><U47/><E25/><V121/><F121/><N who="0" m="46666" /><D45/><U17/><E1/><V113/><F113/><W18/><G18/><T48/><D48/><U128/><E128/><V3/><F3/><W14/><G14/><T77/><D77/><U57/><E17/><V7/><F40/><W65/><G43/><T122/><D122/><U16/><E16/><V105/><F39/><W46/><G38/><T35/><D23/><U58/><E10/><V106/><F108/><W62/><G46/><T118/><D118/><U98/><E79/><V97/><F111/><W21/><G21/><T91/><D4/><U71/><E71/><V30/><F30/><W132/><G132/><T15/><D15/><U83/><E83/><V127/><F127/><W19/><G19/><T87/><D31/><U26/><E26/><V13/><F13/><W68/><G28/><T61/><D11/><U125/><E125/><V51/><F97/><N who="1" m="36873" /><E42/><V95/><F95/><W22/><G33/><T50/><D35/><U88/><E90/><V89/><F89/><W124/><G124/><T32/><D32/><U27/><E27/><V24/><F24/><W6/><G22/><T20/><D20/><U80/><E80/><V109/><F109/><RYUUKYOKU ba="0,0" sc="292,-30,88,10,285,10,335,10" hai1="47,49,54,57,58,66,69,81,84,88" hai2="2,7,8,37,41,44,51,59,105,106" hai3="6,56,62,63,65,67,68,100,101,102" /><INIT seed="5,1,0,5,4,68" ten="262,98,295,345" oya="1" hai0="86,135,10,82,120,133,115,118,7,8,34,30,59" hai1="19,56,104,122,73,113,132,127,65,131,67,130,11" hai2="129,41,92,66,99,23,33,126,83,62,111,110,21" hai3="100,13,27,105,72,20,16,54,101,31,103,125,119"/><U46/><E113/><V37/><F33/><W124/><G72/><T114/><D118/><U42/><E104/><V17/><F129/><N who="1" m="49161" /><E73/><V3/><F3/><W29/><G119/><T90/><D120/><U40/><E11/><V93/><F126/><N who="3" m="48747" /><G54/><T97/><D30/><N who="3" m="11273" /><G13/><T80/><D34/><U95/><E127/><V57/><F83/><W39/><G39/><T77/><D59/><U75/><E122/><V91/><F93/><W32/><G32/><T64/><D64/><N who="1" m="24651" /><E132/><N who="0" m="50761" /><D10/><U60/><E75/><V74/><F74/><W123/><G123/><T15/><D97/><AGARI ba="1,0" hai="16,20,27,97,100,101,103,105" m="11273,48747" machi="97" ten="30,2000,0" yaku="18,1,54,1" doraHai="68" who="3" fromWho="0" sc="262,-23,98,0,295,0,345,23" /><INIT seed="6,0,0,3,4,108" ten="239,98,295,368" oya="2" hai0="104,44,12,34,85,132,36,87,19,112,7,76,49" hai1="98,5,107,31,113,63,62,45,65,30,3,109,115" hai2="35,129,135,84,51,117,23,106,86,99,40,92,73" hai3="134,88,78,71,130,77,127,10,8,128,38,89,56"/><V6/><F117/><W100/><G71/><T48/><D34/><U18/><E109/><V122/><F35/><W94/><G38/><T60/><D104/><U101/><E18/><V55/><F122/><W32/><G32/><T20/><D132/><U82/><E63/><V97/><F73/><W9/><G127/><T57/><D7/><U2/><E31/><V126/><F129/><N who="3" m="49771" /><G134/><T120/><D120/><U110/><E110/><V15/><F40/><W121/><G121/><T91/><D76/><N who="3" m="29289" /><G56/><T1/><D1/><U72/><E30/><V114/><F106/><W111/><G111/><T52/><D85/><U17/><E17/><V123/><F86/><W95/><G100/><T103/><D103/><U66/><E66/><V79/><F84/><N who="3" m="52487" /><G9/><T68/><D68/><U22/><E22/><V74/><F23/><W119/><G119/><T96/><D96/><AGARI ba="0,0" hai="8,10,89,95,96" m="52487,29289,49771" machi="96" ten="30,2000,0" yaku="19,1,54,1" doraHai="108" who="3" fromWho="0" sc="239,-20,98,0,295,0,368,20" /><INIT seed="7,0,0,1,4,3" ten="219,98,295,388" oya="3" hai0="128,0,126,23,64,96,18,82,62,48,50,61,85" hai1="42,67,44,112,122,84,114,125,24,97,94,29,74" hai2="69,45,117,98,79,107,129,40,89,55,99,2,60" hai3="110,81,100,25,16,54,20,11,121,58,32,95,77"/><W131/><G121/><T46/><D0/><U65/><E74/><V116/><F98/><W124/><G100/><T8/><D128/><U33/><E122/><V120/><F89/><W106/><G106/><T108/><D126/><U119/><E125/><V66/><F120/><W87/><G124/><T12/><D108/><U68/><E84/><V5/><F55/><W92/><G131/><T118/><D118/><U39/><E94/><V19/><F19/><W103/><G103/><T86/><D96/><U115/><E67/><V49/><F79/><W80/><G32/><T52/><D64/><U30/><E30/><V70/><F70/><W1/><G110/><T31/><D85/><U88/><E88/><V21/><F129/><W53/><G80/><T10/><D10/><U4/><E97/><V113/><F99/><W59/><G11/><T72/><D72/><U83/><E83/><V17/><F107/><W6/><G1/><T133/><D133/><U91/><E91/><V47/><F2/><W28/><G77/><T35/><D35/><U41/><E41/><V93/><F40/><W14/><G95/><T38/><D31/><U105/><E105/><V104/><F93/><W36/><G92/><T22/><D86/><U9/><E119/><V127/><F127/><W135/><G87/><T43/><D82/><U109/><E109/><V76/><F117/><W111/><G81/><T63/><D38/><U34/><E34/><V73/><F116/><W101/><G36/><T71/><D71/><U27/><E68/><N who="2" m="42055" /><F76/><W130/><G111/><T78/><D78/><U37/><E112/><RYUUKYOKU ba="0,0" sc="219,30,98,-10,295,-10,388,-10" hai0="8,12,18,22,23,43,46,48,50,52,61,62,63" owari="249,-15.0,88,-41.0,285,9.0,378,47.0" /></mjloggm>