<mjloggm ver="2.3"><GO type="169" lobby="0"/><UN n0="%E4%B8%8A%E5%AE%B6%E3%81%AF%E6%80%AA%E3%81%97%E3%81%84%EF%BC%81%EF%BC%81" n1="%E3%81%A1%E3%82%87%E3%82%8A%E3%81%8A" n2="%E3%82%A6%E3%83%AB%E3%83%88%E3%83%A9%E7%AB%8B%E7%9B%B4" n3="%E7%82%8E%E3%81%AE%E3%82%B7%E3%83%A5%E3%83%AC%E3%83%B3" dan="18,16,16,17" rate="2196.69,2126.23,2165.16,2152.10" sx="M,M,M,M"/><TAIKYOKU oya="0"/><INIT seed="0,0,0,3,5,108" ten="250,250,250,250" oya="0" hai0="113,130,58,114,14,55,93,87,59,49,50,88,72" hai1="131,47,12,94,44,107,123,5,80,79,25,132,33" hai2="23,51,39,121,31,70,3,28,126,77,117,82,8" hai3="30,20,99,76,118,11,63,24,81,84,60,9,53"/><T102/><D72/><U66/><E107/><V18/><F121/><W103/><G118/><T22/><D130/><U42/><E123/><V6/><F70/><W98/><G98/><T65/><D102/><U97/><E66/><V86/><F39/><W7/><G53/><N who="0" m="32047" /><D65/><U21/><E33/><V92/><F126/><W125/><G125/><T45/><D45/><U109/><E131/><V129/><F129/><W15/><REACH who="3" step="1"/><G11/><REACH who="3" ten="250,250,250,240" step="2"/><T62/><D62/><U48/><E109/><V52/><F117/><W13/><G13/><T26/><D26/><U104/><E12/><V78/><F52/><W29/><G29/><T34/><D34/><U128/><E128/><V35/><F31/><W27/><G27/><T95/><D95/><AGARI ba="0,1" hai="7,9,15,20,24,30,60,63,76,81,84,95,99,103" machi="95" ten="30,3900,0" yaku="1,1,7,1,8,1,53,0" doraHai="108" doraHaiUra="122" who="3" fromWho="0" sc="250,-39,250,0,250,0,240,49" /><INIT seed="1,0,0,3,5,119" ten="211,250,250,289" oya="1" hai0="121,124,98,2,8,4,45,12,18,28,74,106,20" hai1="38,64,41,37,103,128,115,40,31,90,88,94,29" hai2="120,11,63,69,113,135,125,111,114,57,112,3,92" hai3="10,96,48,102,26,73,104,77,82,44,68,67,30"/><U56/><E115/><V24/><F69/><W43/><G10/><T59/><D74/><U50/><E38/><V89/><F111/><W91/><G68/><T129/><D129/><U118/><E118/><V22/><F125/><W71/><G71/><T130/><D130/><U78/><E78/><V17/><F135/><W66/><REACH who="3" step="1"/><G91/><REACH who="3" ten="211,250,250,279" step="2"/><N who="1" m="34858" /><E37/><V13/><F3/><W25/><G25/><T14/><D124/><U132/><E128/><V75/><F75/><W52/><G52/><T95/><D2/><U87/><E132/><V131/><F131/><W99/><G99/><T19/><D98/><N who="1" m="59863" /><E87/><V76/><F76/><W39/><G39/><T32/><D8/><U42/><E64/><V47/><F89/><W133/><G133/><T1/><D1/><U83/><E83/><V27/><F112/><W79/><G79/><T84/><D84/><U55/><AGARI ba="0,1" hai="29,31,40,41,42,50,55,56" m="59863,34858" machi="55" ten="30,3000,0" yaku="8,1,54,1" doraHai="119" who="1" fromWho="1" sc="211,-10,250,40,250,-10,279,-10" /><INIT seed="1,1,0,1,5,3" ten="201,290,240,269" oya="1" hai0="119,71,34,65,53,135,42,128,91,129,7,133,26" hai1="126,104,66,100,59,122,88,75,114,76,78,49,132" hai2="57,36,8,25,64,89,47,11,6,15,14,32,22" hai3="56,103,113,37,83,125,9,95,60,58,30,0,1"/><U18/><E122/><V105/><F32/><W79/><G37/><T17/><D119/><U39/><E39/><V111/><F105/><W99/><G113/><T44/><D53/><U102/><E114/><V70/><F70/><W80/><G125/><T84/><D65/><U51/><E126/><V72/><F72/><W93/><G30/><T107/><D71/><U92/><E75/><V127/><F127/><W82/><G79/><N who="1" m="30250" /><E104/><V46/><F36/><W116/><G116/><T43/><D107/><U62/><E132/><N who="0" m="50761" /><D7/><U121/><E121/><V10/><F10/><W124/><G124/><T97/><D97/><N who="1" m="57479" /><E18/><N who="2" m="12503" /><F89/><W2/><G95/><N who="0" m="54759" /><D17/><U101/><AGARI ba="1,0" hai="49,51,59,62,66,100,101,102" m="57479,30250" machi="101" ten="30,3000,0" yaku="8,1,54,1" doraHai="3" who="1" fromWho="1" sc="201,-11,290,33,240,-11,269,-11" /><INIT seed="1,2,0,5,3,25" ten="190,323,229,258" oya="1" hai0="54,126,76,63,37,122,17,58,53,121,85,24,45" hai1="47,55,114,2,7,90,26,23,107,113,67,36,82" hai2="96,69,49,78,73,57,27,75,109,11,44,81,77" hai3="41,110,92,14,101,80,79,132,1,35,89,74,100"/><U9/><E107/><V20/><F69/><W94/><G1/><T87/><D126/><U65/><E67/><V127/><F127/><W93/><G35/><T102/><D102/><N who="3" m="39529" /><G41/><T91/><D76/><U62/><E90/><V6/><F96/><N who="3" m="57359" /><G14/><T104/><D104/><U68/><E82/><V125/><F57/><W98/><G110/><T70/><D70/><U129/><E129/><V116/><F109/><W30/><G30/><T106/><D106/><U21/><E21/><V48/><F125/><W51/><G51/><N who="0" m="28911" /><D37/><U39/><E39/><V84/><F49/><W3/><G3/><T123/><D91/><U134/><E55/><V61/><F61/><W4/><G4/><T19/><D19/><U34/><E34/><V99/><F48/><W13/><G13/><T22/><AGARI ba="2,0" hai="17,22,24,54,58,63,85,87,121,122,123" m="28911" machi="22" ten="40,1500,0" yaku="13,1" doraHai="25" who="0" fromWho="0" sc="190,21,323,-9,229,-6,258,-6" /><INIT seed="2,0,0,1,2,46" ten="211,314,223,252" oya="2" hai0="128,113,16,4,43,17,55,23,89,22,106,98,71" hai1="104,48,34,72,114,68,99,130,37,117,50,28,0" hai2="118,110,64,69,11,59,120,116,5,63,21,81,127" hai3="73,8,90,57,97,76,9,70,52,134,115,41,102"/><V91/><F120/><W93/><G70/><T38/><D113/><U105/><RYUUKYOKU type="yao9" ba="0,0" sc="211,0,314,0,223,0,252,0" hai1="0,28,34,37,48,50,68,72,99,104,105,114,117,130" /><INIT seed="2,1,0,4,5,8" ten="211,314,223,252" oya="2" hai0="58,132,108,80,43,112,11,42,94,78,33,30,74" hai1="75,9,134,93,124,50,96,102,116,89,122,118,38" hai2="25,14,114,109,17,36,44,110,67,15,69,47,77" hai3="45,16,1,53,105,120,28,51,31,29,49,19,64"/><V128/><F114/><W5/><G120/><T106/><D106/><U48/><E38/><V26/><F77/><W27/><G105/><T107/><D107/><U18/><E75/><V59/><F69/><W2/><G64/><T7/><D112/><U56/><E122/><V71/><F71/><W21/><G5/><T117/><D117/><U123/><E123/><V41/><F47/><W101/><G101/><T24/><D132/><U129/><E129/><V3/><F3/><W91/><G91/><T126/><D126/><U85/><E134/><V66/><F128/><W68/><G68/><T87/><D108/><N who="2" m="41578" /><F67/><W127/><G127/><T6/><D58/><U32/><E32/><V99/><F99/><W23/><REACH who="3" step="1"/><G51/><REACH who="3" ten="211,314,223,242" step="2"/><T111/><D111/><U13/><E124/><V70/><F70/><W79/><G79/><T61/><D6/><U20/><E116/><V81/><F81/><W133/><G133/><T52/><D7/><N who="1" m="3263" /><E118/><V83/><F83/><W121/><G121/><T90/><D78/><U95/><E56/><V35/><F59/><W40/><G40/><T55/><D80/><U119/><E119/><V100/><F100/><W104/><G104/><T62/><D43/><U60/><E60/><V34/><F66/><W115/><G115/><T10/><D42/><U125/><E125/><V130/><F130/><W97/><G97/><T76/><D76/><U86/><E85/><V4/><F4/><W63/><G63/><N who="0" m="24075" /><D74/><U22/><E50/><V12/><F17/><W103/><G103/><T54/><D87/><U65/><E65/><V82/><F82/><W88/><G88/><RYUUKYOKU ba="1,1" sc="211,10,314,-30,223,10,242,10" hai0="10,11,24,30,33,52,54,55,90,94" hai2="12,14,15,25,26,34,35,36,41,44" hai3="1,2,16,19,21,23,27,28,29,31,45,49,53" /><INIT seed="2,2,1,3,1,33" ten="221,284,233,252" oya="2" hai0="131,127,114,30,88,126,68,17,42,41,14,82,5" hai1="110,105,108,0,102,66,38,6,130,7,26,89,80" hai2="55,124,28,60,133,125,48,19,92,40,2,37,112" hai3="62,69,67,22,119,97,53,57,74,106,98,8,75"/><V123/><F123/><W3/><G119/><T39/><D114/><U54/><E38/><V12/><F112/><W9/><G22/><T65/><D131/><U86/><E130/><V77/><F28/><W104/><G97/><T79/><D5/><U46/><E66/><V43/><F77/><W129/><G129/><T13/><D30/><U91/><E91/><V58/><F133/><W90/><G106/><T73/><D14/><U95/><E105/><V31/><F31/><W59/><G69/><T132/><D132/><U24/><E7/><V76/><F76/><W29/><G29/><T118/><D118/><U1/><E6/><V116/><F116/><W47/><G47/><T117/><D117/><U103/><E26/><V34/><F34/><W100/><G90/><T20/><D88/><U87/><E24/><V51/><F92/><W96/><G96/><T27/><D27/><U18/><E18/><V134/><F2/><N who="1" m="1129" /><E87/><V21/><F134/><W71/><G71/><T85/><D85/><U101/><E80/><V49/><REACH who="2" step="1"/><F37/><REACH who="2" ten="221,284,223,252" step="2"/><W50/><G3/><T32/><D32/><U36/><E36/><V128/><F128/><W63/><G74/><T99/><D39/><U107/><E107/><V4/><F4/><W45/><G75/><T16/><D17/><U121/><E121/><V56/><F56/><W115/><G115/><T70/><D70/><U93/><E95/><V122/><F122/><W11/><G59/><T81/><D68/><U25/><E25/><V109/><F109/><W35/><G35/><T94/><D73/><U72/><E72/><V84/><F84/><RYUUKYOKU ba="2,2" sc="221,-30,284,10,223,10,252,10" hai1="46,54,86,89,93,101,102,103,108,110" hai2="12,19,21,40,43,48,49,51,55,58,60,124,125" hai3="8,9,11,45,50,53,57,62,63,67,98,100,104" /><INIT seed="2,3,2,1,5,79" ten="191,294,233,262" oya="2" hai0="127,67,27,4,0,17,1,93,113,84,81,8,120" hai1="16,76,65,3,22,123,48,110,102,119,87,77,24" hai2="135,23,58,49,71,90,78,106,50,89,70,80,62" hai3="98,66,124,26,118,56,45,52,88,107,86,74,103"/><V96/><F135/><W13/><G118/><T122/><D113/><U117/><E3/><V47/><F71/><W25/><G74/><T95/><D1/><U9/><E102/><V10/><F70/><W5/><G124/><T131/><D127/><U42/><E65/><V112/><F112/><W60/><G5/><T18/><D131/><U134/><E123/><V2/><F23/><W59/><G13/><T111/><D67/><U35/><E35/><V94/><F106/><W121/><G45/><T130/><D130/><U20/><E134/><V63/><F89/><W125/><G121/><T128/><D128/><U53/><E42/><V19/><F58/><W51/><REACH who="3" step="1"/><G125/><REACH who="3" ten="191,294,233,252" step="2"/><T116/><D116/><U129/><E129/><V83/><F2/><W132/><G132/><T57/><D120/><U54/><E117/><V15/><F50/><W105/><G105/><T108/><D122/><U33/><E48/><V30/><F30/><W7/><G7/><T75/><D4/><U69/><E119/><V32/><F32/><W100/><G100/><T28/><D0/><U68/><E33/><V92/><F49/><W39/><G39/><T64/><D75/><U12/><E12/><V40/><F47/><W37/><G37/><T97/><D28/><U115/><E115/><V104/><F104/><W61/><G61/><N who="2" m="23049" /><F40/><W29/><G29/><T31/><D31/><U38/><E38/><V43/><F43/><W6/><G6/><T82/><D17/><U41/><E41/><V46/><F46/><W133/><G133/><T73/><D73/><U44/><E44/><V14/><F19/><RYUUKYOKU ba="3,3" sc="191,-10,294,-10,233,-10,252,30" hai3="25,26,51,52,56,59,60,66,86,88,98,103,107" /><INIT seed="3,4,3,2,2,10" ten="181,284,223,282" oya="3" hai0="103,72,47,19,77,59,20,68,112,78,130,52,122" hai1="83,16,81,92,71,100,88,51,60,14,108,34,39" hai2="2,44,98,50,18,89,118,33,67,56,61,115,26" hai3="124,6,116,24,17,3,36,110,4,66,53,126,119"/><W21/><G36/><T105/><D68/><U135/><E39/><V9/><F118/><N who="3" m="45099" /><G66/><T15/><D122/><U117/><E34/><V0/><F115/><W101/><G101/><T96/><D112/><U63/><E71/><V76/><F76/><W131/><G131/><T94/><D130/><U29/><E29/><V133/><F33/><W121/><G121/><T28/><D105/><U41/><E100/><V46/><F46/><W70/><G70/><T11/><D47/><N who="1" m="26095" /><E135/><V13/><F133/><W8/><G53/><T134/><D134/><U90/><E90/><V87/><F98/><W79/><G79/><T114/><D114/><U95/><E95/><V12/><F26/><W37/><G37/><T27/><REACH who="0" step="1"/><D72/><REACH who="0" ten="171,284,223,282" step="2"/><U64/><E117/><V58/><F58/><W54/><G54/><T86/><D86/><N who="1" m="52247" /><E108/><V93/><F44/><W57/><G110/><T31/><D31/><U127/><E127/><N who="3" m="48682" /><G57/><T84/><D84/><U99/><E99/><V43/><F43/><W123/><G123/><T65/><D65/><U129/><E129/><V62/><F67/><W107/><G107/><T7/><D7/><AGARI ba="4,4" hai="3,4,6,7,8,17,21,24" m="48682,45099" machi="7" ten="30,5800,0" yaku="18,1,34,2" doraHai="10" who="3" fromWho="0" sc="171,-70,284,0,223,0,282,110" /><INIT seed="3,5,0,3,3,47" ten="101,284,223,392" oya="3" hai0="121,43,71,7,54,2,49,131,135,82,95,75,101" hai1="1,112,113,99,118,58,93,87,3,17,21,67,106" hai2="69,128,116,19,51,5,30,81,44,59,42,119,76" hai3="36,66,133,6,8,22,83,23,94,96,63,102,52"/><W107/><G133/><T11/><D121/><U97/><E87/><V123/><F69/><W109/><G36/><T70/><D135/><U108/><E108/><V27/><F123/><W74/><G109/><T134/><D134/><U39/><E39/><V40/><F128/><W111/><G111/><T4/><D131/><U84/><E84/><V122/><F122/><W20/><G107/><T25/><D4/><U60/><E118/><V77/><F5/><W12/><G74/><T130/><D130/><U32/><E32/><V79/><F42/><W89/><G83/><T46/><D25/><U0/><E106/><V10/><F81/><W125/><G125/><T45/><D95/><U86/><E86/><V120/><F120/><W80/><G80/><T104/><D101/><U9/><E9/><V100/><F100/><W64/><REACH who="3" step="1"/><G102/><REACH who="3" ten="101,284,223,382" step="2"/><T61/><D104/><U105/><E105/><V85/><F79/><W15/><G15/><T16/><D82/><U55/><E93/><V127/><F77/><W38/><G38/><T65/><D75/><U110/><E110/><V28/><F76/><W31/><G31/><T13/><D2/><U68/><E3/><V62/><F30/><W24/><G24/><T114/><D114/><N who="1" m="44139" /><E1/><V91/><F28/><W29/><G29/><T18/><REACH who="0" step="1"/><D71/><REACH who="0" ten="91,284,223,382" step="2"/><U26/><E0/><V88/><F27/><W129/><G129/><T35/><D35/><U126/><E126/><V57/><F127/><W72/><G72/><T132/><D132/><U117/><E117/><V41/><F119/><W53/><G53/><T92/><D92/><U48/><AGARI ba="5,2" hai="17,21,26,48,55,58,60,67,68,97,99" m="44139" machi="48" ten="30,2000,0" yaku="5,1,52,1" doraHai="47" who="1" fromWho="1" sc="91,-10,284,55,223,-10,382,-15" /><INIT seed="4,0,0,1,5,103" ten="81,339,213,367" oya="0" hai0="113,69,133,67,114,77,120,78,68,45,56,40,66" hai1="75,102,53,127,8,1,16,14,23,65,22,44,27" hai2="13,61,59,52,84,38,58,50,12,94,129,54,132" hai3="33,39,87,60,134,37,115,5,63,18,3,35,46"/><T108/><D120/><U0/><E75/><V71/><F129/><W57/><G115/><N who="0" m="44043" /><D78/><U28/><E65/><N who="0" m="24585" /><D77/><U104/><E127/><V4/><F71/><W81/><G134/><T118/><D133/><U91/><E91/><V85/><F38/><W131/><G131/><T99/><D99/><U135/><E135/><V72/><F72/><W15/><G3/><T125/><D125/><U90/><E90/><N who="2" m="53575" /><F132/><W101/><G101/><T76/><D76/><U98/><E44/><V89/><F4/><W119/><G5/><T43/><D108/><U31/><E53/><V49/><F49/><W130/><G37/><N who="0" m="21647" /><D118/><U121/><E121/><V86/><F86/><W21/><G119/><T88/><D88/><U9/><E9/><V25/><F25/><AGARI ba="0,0" hai="0,1,8,14,16,22,23,25,27,28,31,98,102,104" machi="25" ten="40,5200,0" yaku="9,1,52,1,54,1" doraHai="103" who="1" fromWho="2" sc="81,0,339,52,213,-52,367,0" /><INIT seed="5,0,0,4,4,6" ten="81,391,161,367" oya="1" hai0="90,67,118,98,133,71,115,128,122,16,21,84,18" hai1="53,60,42,93,44,63,8,124,28,65,89,74,116" hai2="108,14,10,100,135,69,38,30,97,45,39,12,46" hai3="22,119,94,131,40,134,70,32,83,103,109,0,23"/><U5/><E74/><V27/><F69/><W120/><G70/><T17/><D118/><U123/><E123/><V107/><F108/><W47/><G32/><T76/><D122/><U105/><E105/><V55/><F135/><W121/><G109/><T85/><D133/><U96/><E116/><V101/><F101/><W61/><G134/><T106/><D128/><U1/><E28/><V11/><F55/><W110/><G110/><T49/><D115/><U56/><E124/><V73/><F73/><W13/><G0/><T24/><D76/><U129/><E129/><V92/><F107/><W35/><G35/><T9/><D9/><N who="2" m="3082" /><F39/><W75/><G131/><T68/><D85/><U15/><E1/><V86/><F38/><W26/><G61/><T29/><D67/><U117/><E117/><V91/><F27/><W114/><G119/><T132/><D132/><U36/><E65/><V48/><F30/><W37/><G75/><T19/><N who="0" m="4096" /><DORA hai="82" /><T87/><D87/><U112/><E112/><V125/><F125/><W88/><G103/><T3/><D3/><U52/><E53/><N who="2" m="29839" /><F46/><W72/><G114/><T80/><REACH who="0" step="1"/><D49/><AGARI ba="0,0" hai="5,8,15,36,42,44,49,52,56,60,63,89,93,96" machi="49" ten="30,5800,0" yaku="7,1,52,1,54,1" doraHai="6,82" who="1" fromWho="0" sc="81,-58,391,58,161,0,367,0" /><INIT seed="5,1,0,4,0,91" ten="23,449,161,367" oya="1" hai0="10,47,5,34,135,95,62,7,76,66,72,75,57" hai1="85,73,26,41,8,103,48,104,59,27,108,32,45" hai2="68,15,96,22,124,4,116,3,74,127,77,39,114" hai3="12,113,14,101,31,69,2,121,38,106,21,29,11"/><U117/><E73/><V93/><F116/><W110/><G38/><T81/><D135/><U13/><E117/><V102/><F68/><W126/><G69/><T49/><D34/><U6/><E32/><V58/><F39/><W94/><G106/><T122/><D122/><U54/><E104/><V86/><F3/><W87/><G121/><T78/><D7/><U61/><E108/><V83/><F114/><W9/><G110/><T0/><D76/><U107/><E107/><V82/><F58/><W130/><G2/><T118/><D118/><U65/><E103/><V71/><F71/><W33/><G33/><T111/><D111/><U17/><E65/><V24/><F15/><W51/><G113/><T97/><D75/><U99/><E99/><V37/><F37/><W43/><G21/><T30/><D30/><U67/><E67/><V19/><REACH who="2" step="1"/><F4/><REACH who="2" ten="23,449,151,367" step="2"/><W98/><G12/><T18/><D18/><U50/><E17/><V42/><F42/><W53/><G43/><T25/><D25/><U90/><E61/><V16/><F16/><W36/><G36/><T40/><D0/><U112/><E112/><V100/><F100/><W52/><G14/><T35/><D35/><U119/><E119/><V125/><F125/><W55/><G126/><T23/><D23/><U79/><E27/><V64/><F64/><W56/><G56/><T134/><D134/><U128/><E26/><V80/><F80/><W20/><G20/><T115/><D115/><U120/><E120/><V132/><F132/><W131/><G101/><N who="0" m="60607" /><D5/><U133/><E133/><V129/><F129/><W46/><G131/><RYUUKYOKU ba="1,1" sc="23,15,449,-15,151,15,367,-15" hai0="10,40,47,49,57,62,66,72,78,81" hai2="19,22,24,74,77,82,83,86,93,96,102,124,127" /><INIT seed="6,2,1,5,0,82" ten="38,434,166,352" oya="2" hai0="36,57,16,18,73,86,135,69,7,15,49,2,47" hai1="42,126,105,91,90,17,78,125,89,113,65,88,51" hai2="13,74,85,124,53,95,122,12,104,50,56,3,93" hai3="101,121,64,26,83,4,31,46,6,80,114,123,0"/><V28/><F74/><W21/><G101/><T72/><D69/><U87/><E105/><V119/><F104/><W129/><G129/><T76/><D135/><U81/><E113/><V60/><F3/><W1/><G114/><T41/><D2/><U94/><E65/><V68/><F122/><W20/><G64/><T24/><D7/><U54/><E42/><V35/><F119/><W77/><G46/><T34/><D36/><U132/><E17/><V100/><F124/><N who="1" m="47721" /><E132/><V9/><F35/><W11/><G77/><T116/><D116/><U66/><E66/><V40/><F28/><W67/><G67/><T14/><D57/><N who="1" m="32991" /><E91/><N who="2" m="53487" /><F68/><W32/><G83/><T117/><D117/><U63/><E63/><V8/><F40/><W39/><G80/><T130/><D130/><U115/><E115/><V131/><F60/><W5/><G39/><T102/><D102/><U22/><E22/><N who="3" m="8810" /><G5/><T133/><D133/><U128/><E128/><V118/><F118/><W37/><G37/><T110/><D110/><U62/><E62/><V92/><F131/><W19/><G19/><T134/><D134/><U43/><E43/><V45/><F45/><W106/><G106/><T38/><D38/><U52/><E52/><V111/><F111/><W112/><G112/><T33/><D33/><U27/><E27/><V99/><F95/><AGARI ba="2,1" hai="78,81,87,88,89,90,94,95" m="32991,47721" machi="95" ten="30,3900,0" yaku="18,1,52,1,54,1" doraHai="82" who="1" fromWho="2" sc="38,0,434,55,166,-45,352,0" /><INIT seed="7,0,0,2,5,16" ten="38,489,121,352" oya="3" hai0="30,101,9,89,50,75,53,36,117,65,80,91,126" hai1="130,46,128,125,104,44,122,90,133,23,93,124,82" hai2="17,118,92,22,32,13,131,2,112,121,14,79,115" hai3="74,47,61,59,111,8,70,37,135,100,11,54,94"/><W107/><G74/><T29/><D117/><U35/><E35/><V116/><F32/><W19/><G107/><T55/><D36/><U95/><E104/><V62/><F2/><W84/><G135/><T28/><D126/><N who="1" m="48747" /><E122/><V134/><F134/><W58/><G111/><T57/><D65/><U109/><E109/><V12/><F121/><W123/><G123/><T87/><D75/><U105/><E105/><V38/><F38/><W66/><G58/><T31/><N who="0" m="7168" /><DORA hai="78" /><T60/><D101/><U86/><E23/><V27/><F131/><N who="1" m="50217" /><E133/><V120/><F120/><W7/><G7/><T106/><D106/><U129/><E129/><V18/><F79/><W76/><G100/><T45/><REACH who="0" step="1"/><D9/><REACH who="0" ten="28,489,121,352" step="2"/><U81/><E95/><V68/><F92/><W40/><G19/><T34/><D34/><U110/><E110/><V85/><F18/><W69/><G69/><T63/><D63/><U24/><E24/><V10/><F10/><W3/><G3/><T42/><D42/><U119/><E119/><V98/><F62/><W114/><G114/><T103/><D103/><U73/><E73/><V6/><F116/><W48/><REACH who="3" step="1"/><G94/><REACH who="3" ten="28,489,121,342" step="2"/><T102/><D102/><U77/><E46/><V113/><F118/><W83/><AGARI ba="0,2" hai="8,11,37,40,47,48,54,59,61,66,70,76,83,84" machi="83" ten="30,18000,2" yaku="1,1,2,1,0,1,24,2,52,1,53,0" doraHai="16,78" doraHaiUra="26,127" who="3" fromWho="3" sc="28,-60,489,-60,121,-60,342,200" owari="-32,-53.0,429,23.0,61,-34.0,542,64.0" /></mjloggm>