<mjloggm ver="2.3"><GO type="169" lobby="0"/><UN n0="%E3%81%A1%E3%81%B3%E3%81%B2%E3%82%88" n1="%E5%B0%B1%E6%B4%BB%E7%94%9F%40%E5%B7%9D%E6%9D%91%E8%BB%8D%E5%9B%A3" n2="%E6%84%9B%E5%86%85%E9%87%8C%E8%8F%9C" n3="%E2%91%A3%E3%82%BB%E3%83%B3%E3%83%81" dan="17,19,16,17" rate="2209.66,2348.28,2094.64,2195.76" sx="M,M,M,M"/><TAIKYOKU oya="0"/><INIT seed="0,0,0,1,2,78" ten="250,250,250,250" oya="0" hai0="51,104,64,74,99,118,83,82,126,58,28,86,123" hai1="44,122,81,63,37,121,128,76,111,100,94,27,98" hai2="46,65,40,4,15,18,117,5,45,3,110,43,101" hai3="75,134,132,39,53,105,38,93,79,120,16,129,11"/><T108/><D123/><U115/><E111/><V70/><F110/><W60/><G105/><T85/><D118/><U87/><E128/><V103/><F117/><W8/><G129/><T92/><D108/><U55/><E115/><V71/><F15/><N who="3" m="7271" /><G11/><T26/><D104/><U116/><E116/><V13/><F13/><W33/><G33/><T52/><D126/><U73/><E73/><V24/><F18/><W130/><G93/><T106/><D106/><U21/><E37/><V50/><F65/><W42/><G42/><T32/><D64/><U88/><E100/><V30/><F30/><W67/><G53/><T127/><D127/><U133/><E133/><N who="3" m="51306" /><G120/><T61/><D61/><U91/><E121/><V2/><F50/><W23/><G23/><N who="0" m="15455" /><D74/><U49/><E122/><V10/><F10/><W0/><G0/><T124/><D32/><U25/><E63/><V34/><F34/><W112/><G112/><T31/><D31/><U90/><E27/><AGARI ba="0,0" hai="2,3,4,5,24,27,40,43,45,46,70,71,101,103" machi="27" ten="25,1600,0" yaku="22,2" doraHai="78" who="2" fromWho="1" sc="250,0,250,-16,250,16,250,0" /><INIT seed="1,0,0,5,5,134" ten="250,234,266,250" oya="1" hai0="94,113,55,43,101,104,60,114,10,83,23,79,40" hai1="58,53,117,67,95,8,64,0,35,118,91,89,126" hai2="21,92,18,48,6,65,26,125,28,81,44,61,127" hai3="121,51,129,80,73,29,108,34,17,71,133,77,54"/><U42/><E35/><V115/><F115/><W131/><G121/><T93/><D104/><U135/><E135/><V41/><F6/><W130/><G133/><T56/><D114/><U96/><E42/><V62/><F92/><W1/><G108/><T119/><D119/><U50/><E126/><N who="2" m="48139" /><F81/><W84/><G1/><T2/><D113/><U46/><E91/><V123/><F123/><W74/><G80/><T102/><D23/><U20/><E117/><V19/><F62/><W27/><G73/><T9/><D94/><U38/><E118/><V111/><F111/><W13/><G74/><T124/><D124/><U98/><E98/><V110/><F110/><W99/><G99/><T87/><D2/><U32/><E96/><V24/><F24/><W4/><G84/><T7/><D93/><U103/><E89/><V122/><F122/><W16/><G77/><T57/><D7/><U85/><E0/><V105/><F105/><W100/><G100/><T49/><D102/><U45/><E85/><V70/><AGARI ba="0,0" hai="18,19,21,26,28,41,44,48,61,65,70" m="48139" machi="70" ten="30,7900,0" yaku="18,1,52,3" doraHai="134" who="2" fromWho="2" sc="250,-20,234,-39,266,79,250,-20" /><INIT seed="2,0,0,1,3,77" ten="230,195,345,230" oya="2" hai0="69,1,31,2,53,108,44,5,88,96,99,79,57" hai1="103,61,70,105,110,106,23,33,9,115,82,13,130" hai2="39,16,133,84,8,64,24,65,11,38,4,111,120" hai3="25,63,50,132,20,93,28,76,109,94,15,46,95"/><V0/><F120/><W36/><G109/><T90/><D108/><U17/><E110/><V41/><F111/><W112/><G132/><T45/><D69/><U78/><E33/><V67/><F133/><W122/><G122/><T72/><D31/><U121/><E115/><V89/><F41/><W35/><G112/><T21/><D21/><U7/><E121/><V22/><REACH who="2" step="1"/><F11/><REACH who="2" ten="230,195,335,230" step="2"/><W6/><G36/><T74/><D72/><U127/><E127/><V86/><F86/><W113/><G113/><T19/><D74/><U83/><E130/><V56/><F56/><W60/><G46/><T37/><D57/><U12/><E70/><V128/><F128/><W91/><G35/><T27/><D44/><U73/><E73/><V102/><F102/><W55/><G20/><T14/><D45/><U116/><E103/><V10/><F10/><W92/><G63/><T117/><D99/><U71/><E61/><V126/><F126/><W62/><G60/><T66/><D96/><U101/><E101/><V97/><F97/><W48/><G62/><T131/><D131/><U52/><E71/><V123/><F123/><W119/><G50/><T30/><D37/><U118/><E9/><V114/><F114/><W58/><G48/><T107/><D117/><U135/><E23/><V49/><F49/><W80/><G58/><T59/><D59/><U125/><E135/><V29/><F29/><W40/><G28/><T100/><D30/><U87/><E125/><V134/><F134/><W34/><G34/><T85/><D100/><U104/><E116/><V26/><F26/><W68/><G25/><RYUUKYOKU ba="0,1" sc="230,-10,195,-10,335,30,230,-10" hai2="0,4,8,16,22,24,38,39,64,65,67,84,89" /><INIT seed="2,1,1,4,0,104" ten="220,185,365,220" oya="2" hai0="86,133,39,18,16,35,31,107,102,74,71,116,34" hai1="103,24,108,117,73,84,113,42,46,1,63,135,58" hai2="6,65,60,51,79,122,47,28,106,11,69,2,40" hai3="54,53,77,57,64,82,124,85,126,36,95,112,27"/><V68/><F122/><W13/><G36/><T109/><D39/><U4/><E117/><V101/><F28/><W7/><G112/><T76/><D71/><U43/><E113/><V93/><F106/><W10/><G64/><T90/><D116/><U26/><E73/><V41/><F69/><W61/><G54/><T3/><D3/><U99/><E108/><V96/><F79/><W118/><G118/><T37/><D37/><U134/><E4/><V44/><F44/><W128/><G128/><T119/><D133/><N who="1" m="50699" /><E84/><V33/><F33/><W98/><REACH who="3" step="1"/><G27/><REACH who="3" ten="220,185,365,210" step="2"/><N who="1" m="10282" /><E1/><V91/><REACH who="2" step="1"/><F41/><REACH who="2" ten="220,185,355,210" step="2"/><W132/><G132/><T8/><D119/><U105/><E46/><V120/><F120/><W75/><G75/><T125/><D74/><U5/><E43/><V23/><F23/><W66/><G66/><T115/><D115/><U81/><E42/><V62/><F62/><W121/><G121/><T70/><D34/><U94/><E63/><V52/><F52/><W20/><G20/><T130/><D35/><U59/><E59/><V72/><F72/><W49/><G49/><T12/><D70/><U78/><E58/><V32/><F32/><W45/><G45/><T100/><D109/><U89/><E105/><V55/><F55/><W111/><G111/><T22/><D107/><U25/><E78/><V87/><F87/><W38/><G38/><T50/><D86/><N who="1" m="50383" /><E25/><V30/><F30/><W29/><G29/><T14/><D31/><U131/><E131/><V48/><F48/><W110/><G110/><T15/><D130/><U92/><E92/><V88/><AGARI ba="1,3" hai="2,6,11,40,47,51,60,65,68,88,91,93,96,101" machi="88" ten="30,6000,0" yaku="1,1,0,1,54,1,53,0" doraHai="104" doraHaiUra="80" who="2" fromWho="2" sc="220,-21,185,-21,355,93,210,-21" /><INIT seed="2,2,0,3,3,48" ten="199,164,448,189" oya="2" hai0="81,135,38,116,28,119,14,117,35,54,43,4,36" hai1="26,23,16,111,132,63,51,71,30,107,87,57,126" hai2="98,62,1,79,64,131,123,21,93,129,91,24,75" hai3="77,85,109,50,60,53,125,47,17,25,20,46,82"/><V106/><F123/><W19/><G109/><T40/><D135/><U2/><E107/><V11/><F106/><W112/><G125/><T41/><D81/><U58/><E2/><V83/><F11/><W70/><G112/><T8/><D28/><U99/><E111/><V86/><F1/><W104/><G104/><T69/><D35/><U59/><E126/><V15/><F15/><W78/><G78/><T97/><D69/><U76/><E132/><V103/><F75/><W74/><G74/><T134/><D134/><U124/><E124/><V49/><F49/><W55/><G70/><T45/><REACH who="0" step="1"/><D97/><REACH who="0" ten="189,164,448,189" step="2"/><U105/><E30/><N who="2" m="17679" /><F131/><W96/><G96/><T120/><D120/><U114/><E114/><V115/><F129/><W42/><G60/><T66/><D66/><U108/><E108/><V18/><F115/><W52/><REACH who="3" step="1"/><G17/><REACH who="3" ten="189,164,448,179" step="2"/><T133/><D133/><U37/><E99/><V34/><F18/><W33/><G33/><T92/><D92/><U84/><E105/><V113/><F34/><W88/><G88/><T9/><D9/><U65/><E76/><V80/><F113/><W12/><G12/><T32/><D32/><U72/><E72/><V44/><F83/><W56/><G56/><N who="1" m="21610" /><E71/><V100/><F79/><W6/><G6/><T118/><D118/><U94/><E94/><V3/><F3/><W127/><G127/><T27/><D27/><U7/><E7/><V29/><F93/><W121/><G121/><T73/><D73/><U22/><E65/><V68/><F29/><W0/><G0/><T61/><D61/><U110/><N who="1" m="21618" /><U128/><DORA hai="39" /><E63/><RYUUKYOKU ba="2,2" sc="189,15,164,-15,448,-15,179,15" hai0="4,8,14,36,38,40,41,43,45,54,116,117,119" hai3="19,20,25,42,46,47,50,52,53,55,77,82,85" /><INIT seed="3,3,2,5,4,5" ten="204,149,433,194" oya="3" hai0="58,97,8,55,50,71,110,115,42,90,75,22,57" hai1="108,105,35,66,74,132,38,91,123,2,70,89,83" hai2="134,107,27,133,69,54,19,94,92,25,81,67,29" hai3="68,106,40,122,28,73,118,31,4,33,20,111,119"/><W16/><G73/><T116/><D75/><U39/><RYUUKYOKU type="yao9" ba="3,2" sc="204,0,149,0,433,0,194,0" hai1="2,35,38,39,66,70,74,83,89,91,105,108,123,132" /><INIT seed="3,4,2,0,4,134" ten="204,149,433,194" oya="3" hai0="117,85,22,82,58,4,53,92,123,38,50,95,1" hai1="0,34,118,78,131,52,27,66,71,81,54,100,127" hai2="128,110,88,41,112,24,130,75,124,129,83,39,35" hai3="105,9,10,116,28,77,59,14,119,76,13,16,132"/><W111/><G105/><T23/><D38/><U7/><E100/><V87/><F124/><W80/><G132/><T31/><D117/><U6/><E127/><V30/><F112/><W69/><G69/><T60/><D123/><U113/><E113/><V55/><F110/><W104/><G104/><T56/><D1/><U93/><E0/><V125/><F125/><W40/><G111/><T29/><D4/><N who="1" m="1579" /><E71/><V109/><F109/><W48/><G28/><N who="0" m="10827" /><D22/><U84/><E34/><V15/><F15/><W8/><G77/><N who="0" m="46287" /><D23/><U43/><E131/><V74/><F55/><AGARI ba="4,2" hai="50,53,55,56,58,60,92,95" m="46287,10827" machi="55" ten="30,1000,0" yaku="8,1" doraHai="134" who="0" fromWho="2" sc="204,42,149,0,433,-22,194,0" /><INIT seed="4,0,0,4,3,63" ten="246,149,411,194" oya="0" hai0="92,68,54,126,24,130,111,39,28,55,16,134,60" hai1="95,11,104,4,125,82,98,119,14,91,57,135,84" hai2="27,75,7,127,72,10,18,62,21,23,46,6,103" hai3="12,113,74,94,43,99,2,77,129,71,93,120,100"/><T20/><D39/><U29/><E125/><V40/><F127/><W48/><G2/><T96/><D126/><U86/><E135/><V114/><F114/><W58/><G71/><T83/><D134/><U56/><E119/><V64/><F103/><W97/><G113/><T118/><D118/><U79/><E29/><V121/><F23/><W101/><G129/><T105/><D130/><U89/><REACH who="1" step="1"/><E104/><REACH who="1" ten="246,139,411,194" step="2"/><V26/><F121/><W13/><G120/><T51/><D105/><U52/><E52/><V117/><F117/><W115/><G115/><T109/><D55/><U76/><E76/><V67/><F40/><W123/><G123/><T30/><D28/><U78/><E78/><V15/><F72/><W33/><G77/><T17/><D30/><U44/><E44/><V69/><F46/><N who="3" m="25695" /><G74/><T34/><D54/><U35/><E35/><V132/><F75/><W25/><G33/><T31/><D34/><U45/><E45/><V5/><F132/><W73/><G73/><T59/><D111/><U36/><E36/><V88/><F27/><W47/><G47/><T107/><D109/><U131/><E131/><V128/><F128/><W22/><G58/><T8/><D59/><U37/><E37/><V87/><F67/><W38/><G38/><T116/><D107/><U80/><AGARI ba="0,1" hai="4,11,14,56,57,79,80,82,84,86,89,91,95,98" machi="80" ten="20,5200,0" yaku="1,1,0,1,7,1,8,1,53,0" doraHai="63" doraHaiUra="50" who="1" fromWho="1" sc="246,-26,139,62,411,-13,194,-13" /><INIT seed="5,0,0,0,4,37" ten="220,201,398,181" oya="1" hai0="9,125,63,11,81,20,5,48,32,55,93,123,59" hai1="126,127,92,105,8,87,78,42,111,83,1,67,71" hai2="22,12,6,73,61,89,130,77,39,25,17,100,86" hai3="110,80,96,97,104,0,2,45,16,103,40,109,19"/><U129/><E105/><V122/><F39/><W49/><G0/><T84/><D32/><U119/><E119/><V132/><F100/><W115/><G2/><T52/><D125/><N who="1" m="47627" /><E71/><V106/><F77/><W41/><G115/><T18/><D123/><U135/><E67/><V95/><F73/><W15/><G41/><T47/><D93/><U66/><E66/><V38/><F95/><W98/><G98/><T101/><D101/><U24/><E24/><V44/><F25/><W112/><G112/><T69/><D69/><U131/><E42/><V90/><F122/><W28/><G28/><T13/><REACH who="0" step="1"/><D5/><REACH who="0" ten="210,201,398,181" step="2"/><N who="1" m="1071" /><E111/><V121/><F121/><W34/><G34/><T74/><D74/><U88/><E135/><V62/><F132/><W76/><G97/><AGARI ba="0,1" hai="78,83,87,88,92,97,129,131" m="1071,47627" machi="97" ten="30,2900,0" yaku="18,1,54,1" doraHai="37" who="1" fromWho="3" sc="210,0,201,39,398,0,181,-29" /><INIT seed="5,1,0,2,3,6" ten="210,240,398,152" oya="1" hai0="76,34,94,66,78,53,31,24,131,95,21,25,50" hai1="30,33,19,118,45,82,38,106,132,70,110,75,108" hai2="3,56,135,72,20,48,68,17,99,63,4,134,105" hai3="98,44,9,11,29,73,41,26,87,35,32,79,119"/><U37/><E19/><V101/><F72/><W96/><G73/><T84/><D131/><U42/><E118/><V124/><F124/><W52/><G35/><T49/><D66/><U130/><E132/><V127/><F127/><W91/><G119/><T122/><D122/><U2/><E130/><V83/><F83/><W112/><G112/><T39/><D39/><U47/><E106/><V13/><F68/><W116/><G116/><T86/><D34/><U58/><E58/><V77/><F77/><W125/><G125/><T60/><D60/><U28/><E70/><V14/><F48/><W80/><G52/><T7/><D7/><U12/><E2/><V102/><F102/><W27/><G26/><T46/><D25/><U22/><E33/><V5/><F14/><W111/><G111/><T62/><D62/><U55/><E12/><V69/><F69/><W89/><G89/><N who="0" m="53543" /><D50/><U115/><E115/><V85/><F85/><W61/><G61/><T64/><D64/><U93/><E37/><V18/><F18/><W92/><REACH who="3" step="1"/><G98/><REACH who="3" ten="210,240,398,142" step="2"/><T74/><D74/><U97/><E75/><V67/><F135/><W129/><G129/><T8/><D8/><U43/><E97/><V88/><F134/><W90/><G90/><AGARI ba="1,1" hai="21,24,31,46,49,53,76,78,86,90,95" m="53543" machi="90" ten="30,1000,0" yaku="8,1" doraHai="6" who="0" fromWho="3" sc="210,23,240,0,398,0,142,-13" /><INIT seed="6,0,0,5,1,64" ten="233,240,398,129" oya="2" hai0="102,19,113,31,3,104,51,6,5,82,41,73,59" hai1="117,94,52,88,66,85,81,72,98,42,53,58,132" hai2="114,83,91,29,130,18,74,127,110,34,23,20,95" hai3="84,44,63,67,97,33,68,79,27,92,109,89,119"/><V120/><F120/><W17/><G109/><T11/><D31/><U38/><E117/><V24/><F110/><W77/><G119/><T54/><D113/><U55/><E72/><V115/><F130/><W70/><G70/><T60/><D6/><U14/><E132/><V75/><F127/><W2/><G2/><T37/><D37/><U22/><E42/><V116/><F116/><W57/><G57/><T134/><D134/><U7/><E38/><V111/><F111/><W4/><G4/><T0/><D0/><U49/><E66/><V50/><F50/><W128/><G128/><T46/><D19/><N who="1" m="10615" /><E7/><V103/><F103/><AGARI ba="0,0" hai="49,52,53,55,58,81,85,88,94,98,103" m="10615" machi="103" ten="30,3900,0" yaku="8,1,54,2" doraHai="64" who="1" fromWho="2" sc="233,0,240,39,398,-39,129,0" /><INIT seed="7,0,0,5,1,69" ten="233,279,359,129" oya="3" hai0="113,45,40,110,100,126,41,51,108,7,84,77,135" hai1="57,76,64,50,52,24,98,32,87,86,118,67,60" hai2="22,105,124,104,75,19,48,95,79,47,122,14,131" hai3="99,8,23,12,0,1,133,94,90,81,103,43,66"/><W71/><G133/><T53/><D135/><U91/><E118/><V37/><F37/><W121/><G121/><T111/><D126/><U123/><E123/><V96/><F122/><W63/><G23/><T97/><D113/><U68/><E67/><V39/><F39/><W2/><G43/><T83/><REACH who="0" step="1"/><D7/><REACH who="0" ten="223,279,359,129" step="2"/><U26/><E32/><V130/><F124/><W85/><REACH who="3" step="1"/><G0/><REACH who="3" ten="223,279,359,119" step="2"/><T107/><AGARI ba="0,2" hai="40,41,45,51,53,77,83,84,97,100,107,108,110,111" machi="107" ten="30,4000,0" yaku="1,1,2,1,0,1,53,0" doraHai="69" doraHaiUra="89" who="0" fromWho="0" sc="223,60,279,-10,359,-10,119,-20" owari="283,8.0,269,-13.0,349,45.0,99,-40.0" /></mjloggm>