<mjloggm ver="2.3"><GO type="169" lobby="0"/><UN n0="%E3%82%84%E3%82%93%E3%82%8F%E3%82%8A" n1="%E3%81%9F%E3%81%A4%E3%81%8D%E3%82%80%E3%81%A8%E3%82%93" n2="%6C%79%6F%6E%5F%30%38" n3="%E3%82%A6%E3%83%AB%E3%83%88%E3%83%A9%E7%AB%8B%E7%9B%B4" dan="16,17,16,17" rate="2038.40,2155.58,2116.50,2200.74" sx="M,M,M,M"/><TAIKYOKU oya="0"/><INIT seed="0,0,0,1,1,40" ten="250,250,250,250" oya="0" hai0="76,20,132,109,31,85,32,78,89,50,29,38,41" hai1="51,39,107,61,106,104,5,62,42,110,108,21,22" hai2="64,53,43,111,25,125,114,126,36,8,112,3,79" hai3="135,14,73,120,72,24,97,26,6,33,58,95,84"/><T115/><D115/><U1/><E39/><V48/><F64/><W75/><G33/><T123/><D123/><U93/><E1/><V77/><F111/><N who="1" m="42537" /><E5/><V11/><F25/><W117/><G117/><T71/><D71/><U124/><E124/><N who="2" m="47723" /><F43/><W10/><G135/><T113/><D113/><N who="2" m="43626" /><F36/><W134/><G134/><T100/><D32/><U91/><E42/><V35/><F35/><W9/><G84/><T47/><D132/><U7/><E7/><N who="2" m="1151" /><F11/><W118/><G120/><T60/><D109/><U105/><E51/><V54/><F54/><W101/><G118/><T96/><D60/><N who="1" m="23147" /><E107/><V131/><F131/><W102/><G58/><AGARI ba="0,0" hai="48,53,58,77,79" m="1151,43626,47723" machi="58" ten="30,1000,0" yaku="18,1" doraHai="40" who="2" fromWho="3" sc="250,0,250,0,250,10,250,-10" /><INIT seed="1,0,0,3,2,66" ten="250,250,260,240" oya="1" hai0="116,18,64,44,21,38,35,103,92,40,109,71,107" hai1="123,83,70,24,129,74,89,23,72,76,2,49,68" hai2="65,9,93,80,4,78,98,97,63,114,99,37,31" hai3="73,67,8,43,62,135,6,87,122,100,52,13,17"/><U46/><E123/><V133/><F37/><W84/><G73/><T121/><D116/><U22/><E74/><V59/><F133/><W88/><G122/><T106/><D121/><U53/><E2/><V82/><F114/><W90/><G43/><T104/><D35/><U12/><E129/><V15/><F31/><W48/><G100/><T77/><D77/><U57/><E89/><V91/><REACH who="2" step="1"/><F82/><REACH who="2" ten="250,250,250,240" step="2"/><W30/><G30/><T11/><D109/><U131/><E131/><V95/><F95/><W58/><G135/><T54/><D92/><U56/><E12/><V33/><F33/><W101/><G101/><T26/><D103/><U36/><E22/><V69/><F69/><W20/><G90/><T115/><D115/><U127/><E127/><V102/><F102/><W45/><REACH who="3" step="1"/><G88/><REACH who="3" ten="250,250,250,230" step="2"/><T125/><D125/><U96/><E96/><V32/><F32/><W110/><G110/><T111/><D111/><U94/><E94/><V105/><F105/><W126/><G126/><T86/><D107/><U42/><REACH who="1" step="1"/><E56/><REACH who="1" ten="250,240,250,230" step="2"/><V81/><F81/><W85/><G85/><AGARI ba="0,3" hai="4,9,15,59,63,65,78,80,85,91,93,97,98,99" machi="85" ten="30,7700,0" yaku="1,1,7,1,8,1,53,1" doraHai="66" doraHaiUra="1" who="2" fromWho="3" sc="250,0,240,0,250,107,230,-77" /><INIT seed="2,0,0,4,4,22" ten="250,240,357,153" oya="2" hai0="30,63,66,94,1,102,78,31,54,123,71,68,77" hai1="108,18,55,101,59,2,81,116,129,64,25,60,10" hai2="92,103,87,33,115,14,132,44,84,135,110,13,74" hai3="37,51,126,48,114,91,12,19,65,127,29,42,75"/><V34/><F74/><W28/><G75/><T58/><D1/><U100/><E116/><V62/><F115/><W73/><G73/><T23/><D123/><U7/><E108/><V93/><F44/><N who="3" m="23631" /><G65/><T89/><D71/><U121/><E121/><V5/><F5/><W46/><G91/><T36/><D36/><U50/><E129/><V0/><F0/><W3/><G3/><T130/><D130/><U125/><E125/><N who="3" m="47626" /><G114/><T124/><D102/><U97/><E81/><V90/><F103/><W117/><G117/><T80/><D80/><U6/><E6/><V45/><F45/><W39/><G39/><T82/><D82/><U56/><REACH who="1" step="1"/><E97/><REACH who="1" ten="250,230,357,153" step="2"/><V17/><F110/><W72/><G72/><T128/><D128/><U57/><E57/><V120/><F120/><W32/><G46/><T69/><D124/><U106/><E106/><V107/><F107/><W79/><G79/><T27/><D77/><U67/><E67/><V26/><F84/><W70/><G70/><T4/><D66/><U111/><E111/><V38/><F87/><W43/><G43/><T24/><D78/><U104/><E104/><V49/><F38/><W109/><G109/><T11/><D69/><U98/><E98/><V8/><F92/><W112/><G112/><T15/><D68/><U20/><AGARI ba="0,1" hai="2,7,10,18,20,25,50,55,56,59,60,64,100,101" machi="20" ten="30,8000,1" yaku="1,1,0,1,52,1,53,2" doraHai="22" doraHaiUra="53" who="1" fromWho="1" sc="250,-20,230,90,357,-40,153,-20" /><INIT seed="3,0,0,1,4,21" ten="230,320,317,133" oya="3" hai0="132,22,32,80,89,34,123,11,113,63,30,93,54" hai1="115,122,120,41,117,29,23,96,26,15,73,90,86" hai2="7,70,9,28,57,82,58,127,52,25,99,112,67" hai3="106,72,78,5,16,104,74,12,88,51,114,83,48"/><W33/><G33/><T101/><D123/><U81/><E117/><V128/><F112/><W135/><G114/><T102/><D132/><U105/><E115/><V36/><F36/><W53/><G135/><T126/><D126/><U20/><E41/><V125/><F128/><W45/><G74/><T35/><D80/><U68/><E68/><V10/><F70/><W76/><G76/><T42/><D42/><U55/><E73/><V64/><F99/><W65/><G5/><T19/><D11/><U95/><E105/><V84/><F67/><W109/><G109/><T111/><D111/><U40/><E40/><V97/><F97/><W77/><G77/><T69/><D30/><U39/><E39/><V61/><F84/><W134/><G134/><T1/><D1/><U124/><E124/><N who="2" m="47691" /><F82/><W27/><G65/><T31/><D69/><U3/><E3/><V38/><F38/><W0/><G0/><T119/><D119/><U17/><REACH who="1" step="1"/><E55/><REACH who="1" ten="230,310,317,133" step="2"/><V71/><F71/><W118/><G106/><T110/><D113/><U60/><E60/><N who="2" m="35879" /><F7/><W24/><G104/><T87/><D110/><U121/><E121/><V49/><F49/><W133/><G133/><T18/><D63/><U92/><E92/><V56/><F56/><W47/><G118/><T2/><D54/><U37/><E37/><V75/><F75/><W43/><REACH who="3" step="1"/><G88/><AGARI ba="0,1" hai="15,17,20,23,26,29,81,86,88,90,95,96,120,122" machi="88" ten="30,7700,0" yaku="1,1,7,1,52,1,54,1,53,0" doraHai="21" doraHaiUra="130" who="1" fromWho="3" sc="230,0,310,87,317,0,133,-77" /><INIT seed="4,0,0,0,1,117" ten="230,397,317,56" oya="0" hai0="93,70,78,133,11,10,32,14,47,1,4,33,66" hai1="125,44,41,12,40,87,26,27,76,122,98,118,63" hai2="58,121,21,30,108,62,84,96,31,75,131,65,103" hai3="20,2,54,81,99,80,23,17,85,116,28,114,82"/><T15/><D133/><U6/><E118/><V79/><F108/><W69/><G2/><T95/><D78/><U13/><E125/><V57/><F75/><W90/><G69/><T52/><D1/><U34/><E122/><V86/><F131/><W89/><G116/><T129/><D129/><U83/><E34/><V110/><F110/><W77/><G114/><T92/><D66/><U24/><E6/><V104/><F58/><W37/><G37/><T48/><REACH who="0" step="1"/><D70/><REACH who="0" ten="220,397,317,56" step="2"/><U112/><E112/><V55/><F65/><W49/><G77/><T130/><D130/><U111/><E111/><V45/><F79/><W100/><G28/><T38/><D38/><U126/><E126/><V120/><F31/><W67/><G67/><T71/><D71/><U35/><E76/><V19/><F30/><W36/><G36/><T3/><D3/><U50/><E35/><V73/><F121/><W74/><G74/><T135/><D135/><U0/><E0/><V106/><F120/><W123/><G123/><T119/><D119/><U22/><E26/><V59/><F73/><W39/><G39/><T88/><D88/><U53/><E27/><V107/><F103/><W91/><G85/><T42/><D42/><U97/><E41/><V68/><F86/><W29/><G29/><T72/><D72/><U128/><E128/><V56/><F84/><W60/><G91/><T25/><D25/><U7/><E87/><V134/><F134/><W127/><G90/><T132/><D132/><U8/><E24/><V16/><F96/><W61/><G127/><T124/><D124/><U115/><E115/><RYUUKYOKU ba="0,1" sc="220,30,397,-10,317,-10,56,-10" hai0="4,10,11,14,15,32,33,47,48,52,92,93,95" /><INIT seed="4,1,1,2,5,30" ten="250,387,307,46" oya="0" hai0="131,76,108,39,86,112,6,88,128,74,65,107,1" hai1="26,83,61,114,95,135,133,4,103,121,56,40,21" hai2="132,106,125,49,3,115,98,9,53,122,48,23,79" hai3="59,55,80,37,35,118,17,16,67,94,2,14,124"/><T64/><D107/><U117/><E121/><V127/><F122/><W20/><G37/><T10/><D108/><U11/><E117/><V31/><F115/><W36/><G36/><T29/><D39/><U120/><E120/><V24/><F132/><N who="1" m="50761" /><E40/><V93/><F106/><W15/><G2/><T44/><D44/><U57/><E83/><V28/><F28/><W119/><G124/><N who="2" m="47689" /><F79/><W27/><G67/><T97/><D97/><N who="1" m="59839" /><E61/><V25/><F25/><W45/><G45/><T63/><D112/><U102/><E102/><N who="2" m="60751" /><F53/><W33/><G94/><N who="0" m="54551" /><D29/><N who="1" m="17615" /><E114/><V129/><F129/><N who="0" m="49738" /><D63/><U82/><E82/><AGARI ba="1,1" hai="1,6,10,64,65,74,76,82" m="49738,54551" machi="82" ten="30,2900,0" yaku="19,1,54,1" doraHai="30" who="0" fromWho="1" sc="250,42,387,-32,307,0,46,0" /><INIT seed="4,2,0,0,3,112" ten="292,355,307,46" oya="0" hai0="82,67,71,95,57,43,3,130,84,27,120,41,38" hai1="19,12,87,131,68,135,54,91,11,64,16,104,66" hai2="102,7,107,55,22,74,98,86,53,48,114,36,60" hai3="124,69,65,56,89,35,20,42,106,37,32,46,79"/><T133/><D120/><U14/><E104/><V73/><F36/><W77/><G106/><T134/><D3/><U49/><E68/><V29/><F114/><W132/><G132/><N who="0" m="50795" /><D130/><U127/><E131/><V72/><F7/><W80/><G124/><T28/><D71/><U4/><E127/><V122/><F122/><W33/><G77/><N who="0" m="46159" /><D38/><U63/><E63/><V61/><F86/><W97/><G20/><N who="0" m="15463" /><D95/><N who="1" m="54783" /><E135/><V113/><F113/><W30/><G56/><T96/><D96/><U25/><E25/><V83/><F83/><W39/><G97/><T101/><D101/><U85/><E85/><V99/><F99/><W81/><G39/><T2/><D2/><U76/><E76/><V10/><F10/><W9/><G9/><T13/><D13/><U75/><E75/><V94/><F107/><W126/><G126/><T23/><D23/><N who="1" m="11671" /><E4/><V31/><F74/><W70/><G89/><T118/><D118/><U117/><E117/><V129/><F129/><W15/><G81/><T44/><D44/><AGARI ba="2,0" hai="11,12,19,44,49,54,64,66" m="11671,54783" machi="44" ten="30,2000,0" yaku="8,1,54,1" doraHai="112" who="1" fromWho="0" sc="292,-26,355,26,307,0,46,0" /><INIT seed="5,0,0,1,4,135" ten="266,381,307,46" oya="1" hai0="101,47,105,61,87,21,56,72,81,113,92,55,118" hai1="24,18,78,89,76,11,95,66,129,126,10,82,88" hai2="29,115,130,65,6,41,36,46,62,13,112,121,16" hai3="1,110,33,83,9,27,71,103,34,67,117,90,73"/><U122/><E122/><V91/><F121/><W114/><G90/><T52/><D118/><U125/><E129/><V94/><F130/><W127/><G110/><T111/><D111/><U93/><E66/><V86/><F6/><W51/><G51/><T5/><D72/><U32/><E32/><V128/><F128/><W96/><G114/><T102/><D113/><N who="2" m="43594" /><F29/><W116/><G9/><T42/><D105/><U99/><E24/><V28/><F28/><W43/><G43/><T132/><D21/><U106/><E106/><V15/><F15/><W0/><G83/><T59/><D92/><U48/><E48/><V75/><F75/><W37/><G73/><T30/><D5/><U77/><E82/><V85/><F85/><W44/><G0/><T107/><D107/><U97/><E18/><V54/><F54/><W12/><G12/><T53/><D30/><U58/><E58/><N who="2" m="37079" /><F13/><W79/><G1/><T8/><D8/><AGARI ba="0,0" hai="8,10,11,76,77,78,88,89,93,95,97,99,125,126" machi="8" ten="40,12000,1" yaku="9,1,52,2,54,1" doraHai="135" who="1" fromWho="0" sc="266,-120,381,120,307,0,46,0" /><INIT seed="5,1,0,5,1,130" ten="146,501,307,46" oya="1" hai0="123,66,49,84,2,63,4,77,122,65,64,104,131" hai1="108,135,43,16,32,88,129,13,119,54,58,45,106" hai2="89,107,134,1,12,59,47,3,19,60,26,61,81" hai3="82,74,92,22,85,87,72,34,105,113,20,90,133"/><U9/><E106/><V31/><F107/><W38/><G34/><T83/><D104/><U73/><E73/><V112/><F112/><W15/><G38/><T30/><D30/><U95/><E32/><V120/><F120/><W46/><G113/><T76/><D131/><U118/><E129/><V100/><F100/><W101/><G105/><T103/><D103/><U8/><E8/><V23/><F47/><W116/><G116/><T56/><D49/><U40/><E108/><V78/><F89/><W94/><G46/><T62/><D4/><U132/><E118/><V98/><F98/><W91/><G101/><T52/><D2/><U70/><E70/><V21/><F61/><W124/><G15/><T25/><D25/><U117/><E117/><V39/><F39/><W69/><G82/><T96/><D96/><N who="1" m="57447" /><E45/><V14/><F14/><W55/><G69/><T79/><D122/><U28/><E28/><V35/><F35/><W71/><G71/><T29/><D29/><U67/><E67/><V109/><F109/><W80/><G80/><T42/><D123/><U7/><E7/><V127/><F3/><W57/><G57/><N who="0" m="35111" /><D42/><U93/><E119/><V75/><F1/><W50/><G50/><T24/><D24/><U6/><E6/><V0/><F0/><W41/><G41/><T33/><D33/><U115/><E115/><V18/><F31/><W48/><G48/><T36/><D36/><U17/><E17/><V5/><F5/><W121/><G121/><T11/><D11/><U86/><E43/><V53/><F18/><W27/><G27/><T111/><D111/><RYUUKYOKU ba="1,0" sc="146,30,501,-10,307,-10,46,-10" hai0="56,63,64,65,66,76,77,79,83,84" /><INIT seed="6,2,0,5,2,42" ten="176,491,297,36" oya="2" hai0="34,83,63,37,91,10,23,57,20,68,16,121,69" hai1="92,98,21,82,119,130,100,111,26,49,55,7,13" hai2="79,40,123,45,133,0,124,107,131,46,61,132,108" hai3="18,4,52,25,6,86,36,27,101,41,33,113,126"/><V102/><F123/><W135/><G36/><T122/><D34/><U90/><E111/><V66/><F0/><W14/><G41/><T9/><D37/><U120/><E130/><V106/><F79/><W31/><G101/><T117/><D117/><U128/><E128/><V127/><F102/><W22/><G126/><N who="2" m="48169" /><F40/><W96/><G96/><T43/><D43/><U12/><E119/><V129/><F108/><W3/><G135/><N who="2" m="51785" /><F106/><W114/><G86/><T71/><D121/><U109/><E109/><V50/><F107/><W29/><G52/><T76/><D76/><U105/><E105/><V51/><F51/><W80/><G80/><T103/><D83/><U5/><E82/><V115/><F115/><N who="3" m="44043" /><G3/><T104/><D104/><U70/><E100/><V54/><F46/><W77/><G77/><T116/><D116/><U75/><E120/><V28/><F28/><W65/><G65/><T15/><D122/><U87/><E49/><V118/><F118/><W73/><G73/><T58/><D103/><U39/><E75/><V17/><F17/><W1/><G1/><T125/><D16/><U88/><E39/><V8/><F8/><AGARI ba="2,0" hai="4,6,8,14,18,22,25,27,29,31,33" m="44043" machi="8" ten="30,7700,0" yaku="15,1,11,1,34,2" doraHai="42" who="3" fromWho="2" sc="176,0,491,0,297,-83,36,83" /><INIT seed="7,0,0,2,3,105" ten="176,491,214,119" oya="3" hai0="62,10,68,74,114,80,42,125,119,107,14,49,69" hai1="135,108,75,51,21,84,24,25,65,7,16,79,48" hai2="35,89,1,99,56,15,3,19,82,61,98,38,13" hai3="95,83,129,112,116,43,37,27,46,36,54,86,12"/><W128/><G116/><T101/><D119/><U123/><E75/><V90/><F38/><W47/><G112/><T122/><D122/><U126/><E123/><V120/><F35/><W72/><G95/><T97/><D125/><U113/><E7/><V92/><F120/><W9/><G27/><T29/><D29/><U26/><E65/><V134/><F134/><W102/><G102/><T60/><D60/><U63/><E63/><V73/><F15/><W70/><G70/><T127/><D127/><U31/><E126/><V124/><F124/><W30/><G30/><T104/><D104/><U115/><E108/><V58/><F58/><W39/><G72/><T81/><D81/><N who="1" m="47167" /><E135/><V17/><F17/><W77/><G54/><T100/><D100/><U71/><E71/><V53/><F73/><W0/><G0/><T5/><D62/><U18/><E18/><V118/><F118/><W103/><G103/><T20/><D114/><N who="1" m="43531" /><E26/><V67/><F67/><W11/><G11/><T85/><D74/><U33/><AGARI ba="0,0" hai="16,21,24,25,31,33,48,51" m="43531,47167" machi="33" ten="30,2000,0" yaku="15,1,54,1" doraHai="105" who="1" fromWho="1" sc="176,-5,491,20,214,-5,119,-10" owari="171,-23.0,511,61.0,209,1.0,109,-39.0" /></mjloggm>