<mjloggm ver="2.3"><GO type="169" lobby="0"/><UN n0="%E3%81%82%E3%82%8A%E3%81%8B%E3%81%9F%E3%82%93" n1="%E3%82%A6%E3%83%AB%E3%83%88%E3%83%A9%E7%AB%8B%E7%9B%B4" n2="%E5%82%80%2E" n3="%E7%85%BD%E3%82%8A%E3%82%93%E3%81%94%E3%80%82" dan="16,18,16,16" rate="2159.88,2273.03,2140.77,2057.95" sx="M,M,M,F"/><TAIKYOKU oya="0"/><INIT seed="0,0,0,4,3,9" ten="250,250,250,250" oya="0" hai0="22,131,110,129,127,55,53,35,134,135,48,27,70" hai1="63,56,95,4,100,18,113,43,51,37,58,114,111" hai2="72,67,96,25,6,68,28,76,14,122,120,112,109" hai3="59,60,77,64,57,62,8,92,17,103,121,115,12"/><T45/><D35/><U82/><E4/><V52/><F112/><W75/><G121/><T13/><D70/><U90/><E37/><V73/><F109/><W105/><G115/><T10/><D55/><U49/><E111/><V29/><F96/><W78/><G105/><T66/><D66/><U74/><E74/><V106/><F106/><W130/><G130/><N who="0" m="49675" /><D110/><U16/><E100/><V99/><F99/><N who="3" m="59879" /><G75/><T118/><D118/><U116/><E82/><V33/><F52/><AGARI ba="0,0" hai="8,12,17,52,57,59,60,62,64,77,78" m="59879" machi="52" ten="30,3900,0" yaku="8,1,52,1,54,1" doraHai="9" who="3" fromWho="2" sc="250,0,250,0,250,-39,250,39" /><INIT seed="1,0,0,3,2,122" ten="250,250,211,289" oya="1" hai0="49,48,39,43,100,41,35,21,85,12,42,130,128" hai1="14,7,72,31,32,22,3,104,59,17,60,23,94" hai2="103,13,80,119,61,20,47,105,88,76,107,29,15" hai3="0,114,66,25,86,8,126,101,123,91,73,78,131"/><U90/><E104/><V125/><F125/><W77/><G123/><T63/><D35/><U79/><E79/><V92/><F119/><W124/><G114/><T26/><D39/><U27/><E72/><V99/><F47/><W112/><G112/><T64/><D12/><U56/><E23/><V18/><F29/><W121/><G121/><T50/><D85/><U68/><E68/><V69/><F15/><W84/><G101/><T16/><REACH who="0" step="1"/><D100/><REACH who="0" ten="240,250,211,289" step="2"/><U135/><E135/><V93/><F103/><W116/><G84/><T127/><D127/><U40/><E40/><V108/><F13/><W52/><G86/><T83/><D83/><U51/><E51/><V117/><F80/><W110/><G124/><T53/><D53/><U55/><E55/><V9/><F76/><W10/><G52/><T118/><D118/><U74/><E74/><V5/><F117/><W30/><G73/><T65/><D65/><U97/><REACH who="1" step="1"/><E60/><REACH who="1" ten="240,240,211,289" step="2"/><V1/><F61/><W4/><G126/><T6/><D6/><U132/><E132/><V111/><F5/><W2/><G116/><T134/><D134/><U24/><E24/><N who="2" m="14359" /><F69/><AGARI ba="0,2" hai="16,21,26,41,42,43,48,49,50,63,64,69,128,130" machi="69" ten="40,2600,0" yaku="1,1,54,1,53,0" doraHai="122" doraHaiUra="70" who="0" fromWho="2" sc="240,46,240,0,211,-26,289,0" /><INIT seed="2,0,0,2,4,117" ten="286,240,185,289" oya="2" hai0="122,100,114,31,108,52,104,53,70,19,68,120,95" hai1="45,56,51,12,40,123,106,124,115,64,35,14,59" hai2="71,63,37,24,47,96,62,41,60,94,58,103,1" hai3="72,49,102,9,33,3,6,127,133,92,89,119,25"/><V113/><F113/><W18/><G119/><T87/><D114/><U86/><E35/><V121/><F1/><W84/><G72/><T76/><D31/><U112/><E106/><V42/><F42/><W128/><G127/><T55/><D104/><U80/><E124/><V67/><F121/><W50/><G133/><T134/><D134/><U79/><E115/><V11/><F11/><W8/><G128/><T32/><D32/><U5/><E112/><V34/><REACH who="2" step="1"/><F71/><REACH who="2" ten="286,240,175,289" step="2"/><W43/><G9/><T98/><D70/><U93/><E123/><V10/><F10/><W101/><G43/><T69/><D68/><U28/><E40/><V26/><F26/><W44/><G8/><T66/><D120/><U65/><E14/><V77/><F77/><W81/><G3/><T97/><D122/><U125/><E12/><V99/><F99/><W129/><G25/><T15/><D98/><U36/><E125/><V39/><F39/><W46/><G6/><T82/><D69/><U54/><E36/><V22/><F22/><W131/><G33/><T110/><D110/><U20/><E5/><V83/><F83/><W126/><G126/><T74/><D108/><U105/><E20/><V0/><F0/><W73/><G129/><T17/><D15/><U85/><E80/><V109/><F109/><W29/><G81/><T21/><D21/><U23/><E79/><V13/><F13/><W61/><G131/><T75/><D74/><U38/><E38/><V4/><F4/><W90/><G73/><T91/><D75/><U2/><E2/><V48/><F48/><W132/><G50/><RYUUKYOKU ba="0,1" sc="286,-10,240,-10,175,30,289,-10" hai2="24,34,37,41,47,58,60,62,63,67,94,96,103" /><INIT seed="2,1,1,4,5,91" ten="276,230,205,279" oya="2" hai0="118,128,8,95,13,19,57,49,126,92,69,116,68" hai1="135,132,106,83,80,63,117,124,59,54,36,125,16" hai2="82,111,3,97,60,48,61,99,52,55,26,101,6" hai3="104,62,121,110,127,98,40,129,103,76,34,90,7"/><V115/><F115/><W79/><G121/><T30/><D30/><U66/><E106/><V85/><F111/><W113/><G40/><T50/><D57/><U114/><E36/><V41/><F41/><W27/><G110/><T53/><D53/><U130/><E117/><N who="0" m="45161" /><D128/><U94/><E114/><V96/><F26/><W119/><G127/><N who="1" m="48714" /><E130/><V21/><F21/><W45/><G45/><T46/><D126/><U89/><E66/><V28/><F28/><N who="3" m="19743" /><G119/><T67/><D67/><U5/><E5/><V72/><F72/><W14/><G90/><T43/><D50/><U10/><E83/><V22/><F22/><W134/><G134/><T73/><D73/><U70/><E80/><V88/><F101/><W37/><G37/><T77/><D77/><U23/><E70/><AGARI ba="1,1" hai="8,13,19,43,46,49,68,69,70,92,95" m="45161" machi="70" ten="30,3900,0" yaku="12,1,52,2" doraHai="91" who="0" fromWho="1" sc="276,52,230,-42,205,0,279,0" /><INIT seed="3,0,0,2,1,59" ten="328,188,205,279" oya="3" hai0="113,53,124,56,4,58,125,15,107,119,54,5,60" hai1="64,109,45,30,73,44,78,80,134,65,25,12,11" hai2="16,132,26,8,127,106,101,70,19,76,69,49,100" hai3="55,79,21,95,99,96,133,130,71,115,121,18,35"/><W108/><G121/><T33/><D107/><U128/><E109/><V72/><F127/><N who="0" m="48714" /><D33/><U10/><E128/><V39/><F39/><W68/><G35/><T74/><D74/><U38/><E134/><V24/><F132/><W103/><G133/><T40/><D40/><U52/><E38/><V37/><F37/><W118/><G118/><T117/><D113/><U94/><E94/><V97/><F49/><W42/><G115/><T43/><D43/><U92/><E92/><V61/><F100/><W135/><G135/><T6/><D15/><U29/><E11/><V41/><F41/><W131/><G42/><T81/><D81/><U86/><E73/><V98/><F98/><W36/><G36/><T75/><D75/><U84/><E84/><V23/><F70/><W28/><G28/><T31/><D31/><U90/><E78/><V34/><F34/><W50/><G79/><T67/><D67/><N who="1" m="25675" /><E25/><V82/><F8/><W57/><G99/><T46/><D46/><N who="1" m="18027" /><E52/><V7/><F7/><AGARI ba="0,0" hai="7,10,12,29,30,80,86,90" m="18027,25675" machi="7" ten="30,1000,0" yaku="8,1" doraHai="59" who="1" fromWho="2" sc="328,0,188,10,205,-10,279,0" /><INIT seed="4,0,0,4,0,78" ten="328,198,195,279" oya="0" hai0="93,65,101,18,26,13,74,103,97,8,24,99,83" hai1="132,12,115,73,19,105,27,61,88,1,49,33,116" hai2="113,42,114,62,56,79,91,48,122,32,35,128,121" hai3="120,5,59,31,95,109,4,104,92,98,64,81,41"/><T55/><D65/><U60/><E105/><V131/><F79/><W29/><G109/><T25/><D55/><U85/><E116/><V47/><F91/><W123/><G41/><T86/><D74/><U10/><E73/><V2/><F2/><W112/><G104/><T72/><D72/><U36/><E36/><V52/><F32/><W110/><G110/><T87/><REACH who="0" step="1"/><D83/><REACH who="0" ten="318,198,195,279" step="2"/><U66/><E66/><V53/><F53/><W82/><G64/><T127/><D127/><U38/><E61/><V58/><F35/><W22/><G123/><N who="2" m="47113" /><F58/><W63/><G120/><T20/><D20/><U102/><E33/><V37/><F62/><W75/><G75/><T125/><D125/><U46/><E60/><V70/><F70/><W94/><G22/><T133/><D133/><U40/><E132/><V111/><F111/><W124/><G124/><T107/><AGARI ba="0,1" hai="8,13,18,24,25,26,86,87,93,97,99,101,103,107" machi="107" ten="30,3000,0" yaku="1,1,0,1,53,0" doraHai="78" doraHaiUra="0" who="0" fromWho="0" sc="318,40,198,-10,195,-10,279,-10" /><INIT seed="4,1,0,1,1,5" ten="358,188,185,269" oya="0" hai0="132,129,29,25,98,59,10,27,53,31,108,11,43" hai1="61,75,30,107,70,34,22,99,94,114,16,71,120" hai2="109,57,85,49,134,103,106,67,97,69,74,87,45" hai3="1,93,7,17,28,100,101,42,64,86,54,83,84"/><T88/><D129/><U112/><E75/><V52/><F109/><W135/><G64/><T47/><D108/><U72/><E72/><V116/><F74/><W66/><G66/><T40/><D132/><U6/><E107/><V121/><F121/><W46/><G54/><T128/><D128/><U33/><E6/><V105/><F105/><W55/><G55/><T127/><D127/><U102/><E120/><V9/><F134/><W131/><G28/><N who="0" m="10827" /><D27/><U20/><E20/><V56/><F116/><W96/><G17/><T82/><D25/><N who="1" m="14535" /><E61/><V79/><F79/><W35/><G35/><N who="1" m="13322" /><E30/><V124/><F124/><W123/><G123/><T51/><D82/><U48/><E48/><V58/><REACH who="2" step="1"/><F9/><REACH who="2" ten="358,188,175,269" step="2"/><N who="0" m="3082" /><D47/><U60/><E71/><V39/><F39/><W76/><G46/><T24/><D24/><U110/><E70/><V50/><F50/><W12/><G135/><T73/><D73/><U44/><E44/><V125/><F125/><W133/><G133/><T63/><D51/><U115/><E60/><AGARI ba="1,1" hai="45,49,52,56,57,58,60,67,69,85,87,97,103,106" machi="60" ten="40,2600,0" yaku="1,1,54,1,53,0" doraHai="5" doraHaiUra="23" who="2" fromWho="1" sc="358,0,188,-29,175,39,269,0" /><INIT seed="5,0,0,4,1,68" ten="358,159,214,269" oya="1" hai0="64,31,41,63,4,58,120,48,113,94,60,72,80" hai1="22,83,44,15,1,102,23,12,46,56,57,109,93" hai2="91,67,90,18,13,25,61,128,98,39,99,54,78" hai3="21,75,19,124,70,26,30,49,0,36,11,53,14"/><U35/><E35/><V74/><F128/><W126/><G70/><T34/><D4/><U42/><E1/><V24/><F39/><W38/><G75/><T45/><D72/><U37/><E109/><V32/><F54/><W103/><G103/><T134/><D80/><U33/><E33/><V129/><F129/><W65/><G65/><T47/><D31/><U135/><E135/><V52/><F74/><W115/><G115/><T105/><D94/><U29/><E83/><V114/><F78/><W121/><G121/><T55/><D105/><U79/><E79/><V95/><F114/><W122/><G0/><T104/><D104/><U106/><E106/><V89/><F32/><W87/><G87/><T10/><D10/><U28/><E93/><N who="2" m="56623" /><F67/><W40/><G40/><N who="0" m="24615" /><D34/><U3/><E3/><V132/><F91/><W125/><G122/><T77/><D77/><U73/><E73/><V88/><F90/><W62/><G62/><T59/><D134/><U17/><E102/><V92/><F92/><W111/><G111/><T20/><D20/><U84/><E84/><V127/><F127/><W50/><G50/><N who="0" m="26991" /><D120/><U2/><E2/><V123/><F132/><W97/><G97/><T43/><D113/><U100/><E100/><V76/><F76/><W117/><G117/><T6/><D6/><U7/><E7/><V85/><F85/><W71/><G71/><T108/><D108/><U116/><E116/><V5/><F5/><W69/><G69/><T27/><D43/><U133/><E133/><V119/><F119/><W96/><G96/><T86/><D86/><U112/><E112/><RYUUKYOKU ba="0,0" sc="358,15,159,-15,214,-15,269,15" hai0="27,55,58,59,60,63,64" hai3="11,14,19,21,26,30,36,38,49,53,124,125,126" /><INIT seed="6,1,0,1,5,37" ten="373,144,199,284" oya="2" hai0="134,100,33,93,69,4,91,105,14,0,112,83,104" hai1="76,81,117,97,92,54,85,18,116,123,48,77,68" hai2="56,46,9,40,128,21,87,27,84,8,3,110,121" hai3="29,23,126,34,12,80,72,41,15,17,82,19,130"/><V115/><F121/><W63/><G126/><T62/><D33/><U47/><E123/><V26/><F115/><W65/><G130/><T44/><D112/><U61/><E68/><V103/><F128/><W36/><G72/><T38/><D0/><U108/><E108/><V106/><F110/><W39/><G29/><T119/><D83/><U55/><E117/><V1/><F56/><W57/><G34/><T89/><D100/><U127/><E127/><V88/><F84/><W53/><G53/><T70/><D62/><U10/><E116/><V132/><F132/><W32/><G32/><T25/><D25/><N who="2" m="9226" /><F3/><W86/><G39/><T109/><D109/><U102/><E61/><V124/><F1/><W75/><G75/><T35/><D35/><U24/><E77/><V74/><F74/><W67/><G67/><T71/><D119/><U6/><E6/><V59/><F21/><W125/><G125/><T31/><D31/><U58/><E58/><V16/><F59/><W114/><G114/><T79/><D79/><U113/><E113/><V133/><F133/><W43/><G36/><T45/><D134/><U49/><E24/><V90/><F124/><W42/><G86/><T2/><D38/><U96/><E96/><N who="2" m="61799" /><F87/><W95/><G95/><T7/><D93/><U11/><REACH who="1" step="1"/><E18/><REACH who="1" ten="373,134,199,284" step="2"/><V107/><F16/><W129/><G129/><T120/><D120/><U50/><E50/><N who="2" m="26951" /><F107/><W78/><G78/><T13/><D70/><U51/><E51/><V98/><F98/><W131/><G131/><T28/><D28/><U66/><E66/><V94/><F94/><W99/><G99/><RYUUKYOKU ba="1,1" sc="373,0,134,0,199,0,284,0" hai0="2,4,7,13,14,44,45,69,71,89,91,104,105" hai1="10,11,47,48,49,54,55,76,81,85,92,97,102" hai2="8,9,88,90" hai3="12,15,17,19,23,41,42,43,57,63,65,80,82" /><INIT seed="6,2,1,5,4,71" ten="373,134,199,284" oya="2" hai0="72,126,58,113,106,103,17,70,110,6,26,122,129" hai1="104,132,93,64,37,59,12,74,36,56,23,22,97" hai2="105,75,43,55,95,5,54,60,99,102,34,66,94" hai3="65,67,7,77,85,115,14,41,112,127,123,50,40"/><V62/><F75/><W96/><G123/><T28/><D110/><U47/><E104/><V35/><F43/><W84/><G96/><T100/><D122/><U32/><E32/><V83/><F83/><N who="3" m="47215" /><G85/><T10/><D72/><U98/><E74/><V15/><F5/><W92/><G92/><T133/><D70/><U119/><E47/><V33/><F15/><W68/><G68/><T130/><D113/><N who="3" m="43593" /><G127/><T120/><D126/><U13/><E93/><V2/><F2/><W128/><G128/><T61/><D133/><U69/><E69/><V31/><F94/><W25/><G25/><T108/><D17/><U63/><E63/><V1/><F1/><W44/><G41/><T48/><D106/><U29/><E29/><V117/><F117/><W42/><G40/><T131/><D108/><U135/><REACH who="1" step="1"/><E64/><REACH who="1" ten="373,124,199,284" step="2"/><V124/><F31/><W101/><G67/><T45/><D120/><U3/><E3/><V51/><F124/><W78/><G65/><T81/><D130/><U19/><E19/><V9/><F95/><W21/><G44/><T107/><D107/><U88/><E88/><V38/><F62/><W121/><G121/><T87/><D131/><U125/><E125/><V118/><F66/><W11/><G78/><N who="0" m="46519" /><D129/><U53/><E53/><V57/><F55/><W30/><G30/><T80/><D61/><U114/><E114/><V76/><F76/><W90/><G90/><T18/><D45/><U82/><E82/><V0/><F60/><W86/><G42/><T20/><D28/><U73/><E73/><V109/><F109/><W39/><G7/><T27/><D80/><RYUUKYOKU ba="2,2" sc="373,-10,124,30,199,-10,284,-10" hai1="12,13,22,23,36,37,56,59,97,98,119,132,135" /><INIT seed="7,3,2,1,5,124" ten="363,154,189,274" oya="3" hai0="43,24,119,7,57,8,2,118,50,113,42,120,58" hai1="75,20,6,127,1,76,132,44,73,97,3,55,122" hai2="92,25,94,48,30,41,11,106,103,82,79,28,33" hai3="59,31,0,121,77,36,53,101,111,63,99,96,123"/><W105/><G0/><T27/><D120/><U88/><E122/><V16/><F30/><W13/><G111/><T100/><D113/><U23/><E75/><V133/><F133/><W87/><G36/><T80/><D119/><U98/><E73/><V10/><F106/><W60/><G31/><T93/><D118/><U34/><E34/><V107/><F107/><W117/><G117/><T68/><D68/><U89/><E76/><V66/><F66/><W17/><G96/><N who="1" m="36970" /><E132/><V69/><F69/><W86/><G87/><T46/><D80/><U5/><E127/><V72/><F103/><W26/><G26/><T95/><D27/><U52/><E1/><V134/><F134/><W129/><G63/><T18/><D7/><N who="1" m="2571" /><E3/><V12/><REACH who="2" step="1"/><F11/><REACH who="2" ten="363,154,179,274" step="2"/><N who="3" m="6335" /><G105/><T83/><D8/><U47/><E20/><V112/><F112/><W135/><G101/><T91/><D100/><U131/><E23/><V84/><F84/><W130/><G135/><T115/><D115/><U65/><E65/><V4/><F4/><W37/><G121/><T78/><D2/><U114/><E114/><V116/><F116/><W90/><G123/><T126/><D126/><U38/><E38/><V35/><F35/><W67/><G67/><T21/><D21/><U74/><E74/><V45/><AGARI ba="3,3" hai="10,12,16,25,28,33,41,45,48,72,79,82,92,94" machi="45" ten="30,7900,0" yaku="1,1,0,1,54,1,53,1" doraHai="124" doraHaiUra="104" who="2" fromWho="2" sc="363,-23,154,-23,179,118,274,-42" owari="340,44.0,131,-37.0,297,10.0,232,-17.0" /></mjloggm>