<mjloggm ver="2.3"><GO type="169" lobby="0"/><UN n0="%E3%83%88%E3%83%88%E3%83%AA%E5%85%88%E7%94%9F%31%39%E6%AD%B3" n1="%E5%85%AD%E7%95%AA%E7%9B%AE%E3%81%AE%E3%82%B7%E3%82%B9%E3%82%AB" n2="%E3%82%86%E3%81%84%E3%81%A1%E3%82%83%E3%82%93%E3%81%AE%E3%83%91%E3%83%91" n3="%57%49%4E%E7%A5%9E" dan="19,16,18,16" rate="2297.31,2047.50,2090.42,2074.53" sx="F,M,M,M"/><TAIKYOKU oya="0"/><INIT seed="0,0,0,2,0,55" ten="250,250,250,250" oya="0" hai0="3,12,56,35,10,115,69,33,24,111,2,63,48" hai1="87,102,93,32,76,133,7,86,122,98,28,121,4" hai2="116,97,57,117,53,64,127,78,61,41,22,119,89" hai3="58,19,70,128,123,118,21,30,45,66,52,110,103"/><T25/><D115/><U54/><E133/><V34/><F34/><W129/><G118/><T20/><D69/><U50/><E32/><V0/><F0/><W1/><G110/><T36/><D36/><U49/><E28/><V11/><F78/><W29/><G1/><T8/><D48/><U120/><E50/><V95/><F127/><W112/><G112/><T47/><D47/><U17/><E17/><V100/><F41/><W105/><G45/><T65/><D111/><U68/><E68/><V74/><F74/><W62/><G123/><T106/><D106/><U96/><E96/><V59/><F11/><W14/><G103/><T39/><D39/><U81/><REACH who="1" step="1"/><E86/><REACH who="1" ten="250,240,250,250" step="2"/><V92/><F22/><W16/><G19/><T6/><D25/><U60/><E60/><N who="2" m="35887" /><F92/><W43/><G105/><T90/><D33/><U46/><AGARI ba="0,1" hai="4,7,46,49,54,76,81,87,93,98,102,120,121,122" machi="46" ten="30,4000,0" yaku="1,1,0,1,53,1" doraHai="55" doraHaiUra="88" who="1" fromWho="1" sc="250,-20,240,50,250,-10,250,-10" /><INIT seed="1,0,0,5,5,77" ten="230,290,240,240" oya="1" hai0="69,50,51,101,122,1,95,105,84,56,61,17,25" hai1="129,27,133,111,12,13,76,81,98,85,110,54,131" hai2="6,114,23,37,106,127,3,39,9,40,0,121,91" hai3="89,49,113,82,47,70,42,26,48,86,63,100,99"/><U4/><E133/><V74/><F121/><W78/><G113/><T124/><D1/><U108/><E27/><V28/><F106/><W59/><G70/><T58/><D69/><U35/><E35/><V93/><F0/><W46/><G26/><T15/><D101/><U87/><E98/><V44/><F114/><W45/><G78/><T53/><D105/><U123/><E123/><V109/><F127/><W115/><G49/><T75/><D75/><N who="1" m="43167" /><E54/><V116/><F74/><W117/><G117/><T55/><D124/><U94/><E94/><V83/><F116/><W126/><G126/><T118/><D118/><U71/><E71/><V5/><F93/><N who="3" m="58479" /><G115/><T31/><D122/><U43/><E43/><V67/><F40/><W22/><G22/><T102/><D61/><U132/><E132/><V88/><F23/><W14/><G14/><N who="1" m="5738" /><E4/><V33/><F6/><W130/><G130/><AGARI ba="0,0" hai="85,87,108,110,111,129,130,131" m="5738,43167" machi="130" ten="40,12000,1" yaku="14,1,10,1,19,1,52,1" doraHai="77" who="1" fromWho="3" sc="230,0,290,120,240,0,240,-120" /><INIT seed="1,1,0,1,1,108" ten="230,410,240,120" oya="1" hai0="110,8,105,32,117,37,49,43,111,128,9,61,58" hai1="96,12,95,91,100,124,132,84,70,75,76,133,4" hai2="130,14,72,40,52,54,93,83,113,78,39,107,97" hai3="80,45,68,19,131,98,122,121,65,41,50,123,102"/><U63/><E124/><V134/><F107/><W51/><G131/><T16/><D117/><U22/><E70/><V36/><F130/><W126/><G126/><T25/><D37/><U23/><E63/><V60/><F134/><W64/><G80/><T17/><D128/><U67/><E67/><V81/><F113/><W1/><G1/><T15/><D105/><N who="1" m="63623" /><E4/><V116/><F116/><W24/><G68/><T13/><D49/><U73/><E75/><V5/><F81/><W7/><G7/><T89/><D43/><U44/><E44/><V71/><F71/><W90/><G90/><T106/><D106/><U87/><E84/><V48/><F40/><W31/><G19/><T20/><D89/><U2/><E2/><V79/><F79/><W18/><G18/><T62/><D32/><U127/><E127/><V35/><F35/><W94/><REACH who="3" step="1"/><G50/><REACH who="3" ten="230,410,240,110" step="2"/><T104/><D110/><U28/><E76/><V33/><F39/><W88/><G88/><T74/><D111/><U99/><E91/><N who="2" m="55487" /><F36/><W77/><G77/><T125/><D125/><U66/><E132/><V11/><F48/><W38/><G38/><T135/><D135/><U115/><E133/><V47/><F83/><W59/><G59/><T56/><D74/><U86/><E73/><V26/><F78/><W82/><G82/><T46/><D56/><U6/><E87/><V112/><F72/><W55/><G55/><T92/><D58/><U119/><E86/><V101/><F54/><W109/><G109/><T3/><D3/><U85/><E85/><V103/><F52/><W42/><G42/><T10/><D17/><RYUUKYOKU ba="1,1" sc="230,-10,410,-10,240,-10,110,30" hai3="24,31,41,45,51,64,65,94,98,102,121,122,123" /><INIT seed="2,2,1,0,0,34" ten="220,400,230,140" oya="2" hai0="59,107,110,97,28,23,101,108,30,91,60,66,124" hai1="42,40,86,118,111,32,104,68,128,43,116,83,78" hai2="0,7,93,67,130,103,132,109,33,126,125,11,13" hai3="134,65,10,12,92,90,54,122,64,94,89,55,16"/><V131/><F67/><N who="3" m="25675" /><G122/><T73/><D73/><U37/><E68/><V129/><F103/><W36/><G36/><T48/><D124/><N who="2" m="47722" /><F93/><N who="3" m="35947" /><G134/><T4/><D91/><AGARI ba="2,1" hai="10,12,16,54,55,89,90,91" m="35947,25675" machi="91" ten="30,2000,0" yaku="8,1,54,1" doraHai="34" who="3" fromWho="0" sc="220,-26,400,0,230,0,140,36" /><INIT seed="3,0,0,1,3,81" ten="194,400,230,176" oya="3" hai0="55,7,36,101,14,64,43,17,124,42,117,56,122" hai1="32,19,33,87,6,113,97,27,12,72,103,66,73" hai2="3,84,76,71,15,95,106,135,126,16,105,18,89" hai3="49,86,63,131,53,45,46,30,80,94,99,31,5"/><W102/><G131/><T92/><D117/><U75/><E113/><V2/><F71/><W67/><G46/><T28/><D122/><U108/><E66/><V78/><F135/><W104/><G104/><T23/><D36/><U129/><E6/><V48/><F126/><W111/><G5/><T109/><D124/><U60/><E60/><V74/><F105/><W118/><G111/><T0/><D109/><U134/><E108/><V70/><F106/><W61/><G118/><T115/><D115/><U88/><E27/><V77/><F70/><W9/><G9/><N who="0" m="4415" /><D28/><N who="3" m="10793" /><G67/><T52/><D0/><U13/><E134/><V119/><F74/><W26/><G26/><N who="0" m="14703" /><D64/><U62/><E73/><V34/><F34/><W24/><G24/><T93/><D55/><U29/><E75/><V116/><F116/><W69/><G69/><T20/><D20/><U4/><E33/><V38/><F38/><W44/><G45/><T57/><D57/><U130/><E72/><V90/><F119/><W51/><G49/><N who="0" m="30735" /><D101/><U107/><E32/><V65/><F65/><W110/><G110/><T125/><D125/><U98/><E129/><V37/><F37/><W21/><G21/><T100/><D100/><U47/><E103/><V120/><F120/><W54/><G53/><T10/><D10/><N who="1" m="4167" /><E107/><V128/><F128/><W68/><G68/><T82/><D42/><U22/><E130/><V79/><N who="2" m="19456" /><DORA hai="127" /><V83/><F48/><W25/><G25/><T11/><D11/><U35/><E35/><V8/><REACH who="2" step="1"/><F18/><REACH who="2" ten="194,400,220,176" step="2"/><W114/><G114/><T50/><D50/><U96/><E19/><V59/><F59/><RYUUKYOKU ba="0,1" sc="194,-15,400,-15,220,15,176,15" hai2="2,3,8,15,16,83,84,89,90,95" hai3="44,51,54,61,63,80,86,94,99,102" /><INIT seed="3,1,1,2,1,1" ten="179,385,235,191" oya="3" hai0="30,106,117,33,55,110,86,41,39,53,107,40,132" hai1="108,5,113,114,22,56,63,64,31,129,122,111,93" hai2="134,126,15,128,95,76,105,58,125,127,118,96,14" hai3="18,92,101,47,2,0,69,45,104,62,71,81,38"/><W94/><G104/><T133/><D117/><U52/><E122/><V51/><F118/><W115/><G115/><T100/><D110/><N who="1" m="42027" /><E129/><V11/><F105/><N who="0" m="39946" /><D100/><U120/><E120/><V119/><F119/><W27/><G81/><T9/><D86/><U89/><E5/><V36/><F36/><W87/><G101/><T10/><D39/><U35/><E35/><V124/><F128/><W42/><G47/><T44/><D30/><U68/><E22/><V48/><F76/><W83/><G71/><T60/><D60/><N who="1" m="35847" /><E31/><V37/><F125/><W109/><G109/><T131/><D33/><U43/><E43/><N who="0" m="16457" /><D44/><U3/><E3/><V85/><F124/><W74/><G74/><T73/><D73/><U116/><E116/><V7/><F126/><W8/><G0/><T49/><D49/><U25/><E114/><V99/><F37/><W66/><G2/><T23/><D23/><U19/><E68/><V59/><F51/><W77/><G27/><T28/><D28/><U29/><E29/><V70/><F48/><W24/><G24/><T21/><D21/><U78/><E25/><V80/><F70/><W79/><REACH who="3" step="1"/><G77/><REACH who="3" ten="179,385,235,181" step="2"/><T26/><D26/><U57/><E78/><V17/><F127/><W65/><G65/><T16/><D131/><U46/><E113/><V20/><F80/><W12/><AGARI ba="1,2" hai="8,12,18,38,42,45,62,66,69,79,83,87,92,94" machi="12" ten="30,3000,0" yaku="1,1,0,1,53,0" doraHai="1" doraHaiUra="135" who="3" fromWho="3" sc="179,-11,385,-11,235,-11,181,53" /><INIT seed="3,2,0,1,2,90" ten="168,374,224,234" oya="3" hai0="116,37,46,0,92,119,114,16,64,42,81,45,13" hai1="53,108,82,78,77,15,26,120,36,40,24,54,47" hai2="130,117,30,62,18,83,27,95,12,80,49,25,118" hai3="65,96,51,134,29,60,124,38,70,19,79,98,74"/><W93/><G38/><T43/><D0/><U50/><E120/><V110/><F110/><W34/><G134/><T56/><D114/><U39/><E39/><V67/><F130/><W100/><G124/><T3/><D3/><U17/><E108/><V57/><F117/><W94/><G51/><T85/><D92/><U58/><E54/><V1/><F1/><W125/><G125/><T121/><D121/><U86/><REACH who="1" step="1"/><E78/><REACH who="1" ten="168,364,224,234" step="2"/><V123/><F123/><W7/><G79/><T8/><D42/><U107/><E107/><V35/><F118/><W72/><G7/><T109/><D109/><U20/><AGARI ba="2,1" hai="15,17,20,24,26,36,40,47,50,53,58,77,82,86" machi="20" ten="20,5200,0" yaku="1,1,0,1,7,1,53,1" doraHai="90" doraHaiUra="41" who="1" fromWho="1" sc="168,-15,364,68,224,-15,234,-28" /><INIT seed="4,0,0,2,3,88" ten="153,432,209,206" oya="0" hai0="128,115,51,3,102,28,27,125,22,31,132,93,69" hai1="24,83,124,72,23,6,108,98,12,90,84,61,94" hai2="5,86,67,134,103,18,74,13,78,95,66,130,122" hai3="119,114,104,62,101,1,79,15,87,4,19,55,117"/><T21/><D69/><U126/><E108/><V116/><F122/><W85/><G114/><T113/><D3/><U10/><E72/><V32/><F32/><W46/><G4/><T80/><D128/><U105/><E105/><V82/><F5/><W111/><G1/><T25/><D132/><U36/><E36/><V20/><F130/><W58/><G111/><T40/><D125/><U59/><E124/><V52/><F134/><W38/><G101/><T133/><D133/><U14/><E14/><V17/><F116/><W26/><G104/><T11/><D11/><U50/><E50/><V121/><F121/><W106/><G106/><T63/><D63/><U53/><E126/><V127/><F127/><W47/><G26/><T76/><D40/><U92/><E98/><N who="2" m="59871" /><F74/><W57/><G58/><T44/><D51/><U97/><E97/><V7/><F7/><W110/><G110/><T49/><D49/><U129/><E129/><V54/><F18/><AGARI ba="0,0" hai="6,10,12,18,23,24,53,59,61,83,84,90,92,94" machi="18" ten="30,7700,0" yaku="7,1,8,1,52,2" doraHai="88" who="1" fromWho="2" sc="153,0,432,77,209,-77,206,0" /><INIT seed="5,0,0,0,0,53" ten="153,509,132,206" oya="1" hai0="48,70,112,46,2,85,12,93,6,111,58,54,40" hai1="74,17,103,56,114,108,126,83,55,3,78,49,79" hai2="87,34,11,113,80,47,67,92,107,73,98,84,21" hai3="118,121,33,97,59,9,42,123,95,133,51,15,86"/><U57/><E114/><V89/><F34/><W119/><G33/><T77/><D111/><U65/><E3/><V75/><F67/><W99/><G133/><T116/><D116/><N who="3" m="44585" /><G86/><T101/><D70/><U104/><E79/><V76/><F47/><N who="3" m="26103" /><G59/><T26/><D112/><U14/><E103/><N who="2" m="62967" /><F21/><W120/><G95/><T43/><D2/><U16/><E65/><V72/><F11/><W109/><G109/><T106/><D106/><U105/><E108/><V35/><F35/><W62/><G62/><T130/><D101/><U102/><E57/><V127/><F127/><W50/><G50/><T1/><D1/><U19/><E56/><V128/><F128/><W20/><G20/><T32/><D130/><U13/><E126/><V44/><F44/><W134/><G134/><T96/><D46/><U45/><E45/><V64/><F64/><W52/><G52/><T122/><D43/><U31/><E55/><V71/><F71/><W61/><G61/><T91/><D40/><U27/><E49/><V125/><F125/><W7/><AGARI ba="0,0" hai="7,9,15,97,99,120,121,123" m="26103,44585" machi="7" ten="40,1500,0" yaku="12,1" doraHai="53" who="3" fromWho="3" sc="153,-4,509,-7,132,-4,206,15" /><INIT seed="6,0,0,5,2,89" ten="149,502,128,221" oya="2" hai0="32,123,78,98,45,52,110,85,25,15,20,93,77" hai1="94,107,10,84,76,75,87,66,39,81,90,104,111" hai2="24,128,31,106,103,7,83,82,16,133,72,64,122" hai3="95,101,121,118,14,62,17,26,86,132,54,34,92"/><V56/><F122/><W115/><G121/><T130/><D110/><U30/><E39/><V48/><F7/><W27/><G118/><T13/><D123/><U11/><E66/><V134/><F128/><W131/><G131/><T50/><D32/><U79/><E30/><V124/><F124/><W61/><G132/><N who="2" m="50793" /><F16/><W119/><G119/><T2/><D2/><U18/><E18/><V23/><F72/><W43/><G115/><T63/><D63/><N who="3" m="24073" /><G34/><T126/><D130/><U9/><E111/><V135/><N who="2" m="50801" /><V3/><DORA hai="80" /><F3/><W33/><G33/><T114/><D114/><U46/><E11/><V22/><F22/><N who="3" m="11575" /><G54/><T59/><D45/><U40/><E9/><V36/><F36/><W74/><G74/><T112/><D126/><U109/><E10/><V99/><F64/><W67/><G43/><T37/><D37/><U113/><E109/><V73/><F73/><W105/><G105/><T41/><D41/><U42/><E40/><V21/><F21/><W69/><G69/><T108/><D108/><U19/><E113/><V97/><F97/><N who="3" m="59559" /><G67/><T100/><D112/><U88/><E75/><V60/><F60/><W58/><G58/><T28/><D85/><U55/><E42/><V49/><F56/><W70/><G70/><T96/><D96/><U5/><E107/><V120/><F120/><W4/><G4/><T71/><D71/><U65/><E5/><V125/><F125/><W8/><G8/><T117/><D117/><U51/><E65/><V102/><F102/><W47/><G47/><T35/><D35/><U44/><E46/><V116/><F116/><RYUUKYOKU ba="0,0" sc="149,10,502,-30,128,10,221,10" hai0="13,15,20,25,28,50,52,59,77,78,93,98,100" hai2="23,24,31,48,49,82,83,99,103,106" hai3="26,27,86,95" /><INIT seed="6,1,0,1,1,115" ten="159,472,138,231" oya="2" hai0="13,50,118,91,92,66,20,116,14,63,7,64,125" hai1="68,95,88,128,135,129,124,53,70,51,81,34,9" hai2="113,85,127,11,86,59,54,104,27,40,65,110,62" hai3="96,106,31,79,78,94,29,77,107,55,24,46,67"/><V19/><F104/><W117/><G117/><N who="0" m="45163" /><D125/><U22/><E34/><V82/><F127/><W99/><G67/><N who="0" m="25643" /><D63/><U89/><E124/><V2/><F113/><W61/><G107/><T111/><D111/><U108/><E108/><V12/><F110/><W35/><G106/><T1/><D20/><U119/><E22/><N who="2" m="13791" /><F2/><W41/><G31/><T18/><D18/><U49/><E119/><V134/><F134/><W120/><G120/><T112/><D112/><U3/><E135/><V52/><F40/><W133/><G133/><T98/><D50/><U130/><E51/><V114/><F114/><W23/><G35/><T75/><D75/><U100/><E70/><V0/><F0/><W21/><G23/><T74/><D74/><U8/><E68/><V10/><F10/><AGARI ba="1,0" hai="1,7,10,13,14,91,92,98" m="25643,45163" machi="10" ten="30,7700,0" yaku="12,1,52,3" doraHai="115" who="0" fromWho="2" sc="159,80,472,0,138,-80,231,0" /><INIT seed="7,0,0,0,0,92" ten="239,472,58,231" oya="3" hai0="47,43,53,35,111,66,30,104,89,59,6,1,91" hai1="113,100,25,81,105,102,110,99,48,76,109,28,135" hai2="19,51,52,65,129,38,4,108,93,17,27,131,80" hai3="107,57,84,46,41,115,96,7,97,126,77,117,82"/><W121/><G121/><T68/><D111/><U13/><E48/><V0/><F38/><W60/><G117/><T116/><D116/><U70/><E13/><V45/><F108/><W73/><G115/><T42/><D104/><U78/><E78/><V44/><F65/><W71/><G126/><T31/><D35/><N who="1" m="20879" /><E102/><V79/><F4/><W72/><G71/><T114/><D68/><U85/><E113/><V15/><F0/><W125/><G125/><T90/><D114/><U112/><E112/><V26/><F44/><W120/><G120/><T128/><D128/><U21/><E85/><V119/><F119/><W10/><G107/><T75/><D75/><N who="1" m="43167" /><E21/><V87/><F129/><W23/><G23/><T16/><D16/><U40/><E40/><N who="0" m="15401" /><D6/><U22/><E22/><V94/><F131/><W55/><G73/><T62/><D1/><U54/><E70/><V39/><F39/><W33/><G33/><T130/><D130/><U86/><E105/><V24/><REACH who="2" step="1"/><F19/><REACH who="2" ten="239,472,48,231" step="2"/><W2/><REACH who="3" step="1"/><G84/><REACH who="3" ten="239,472,48,221" step="2"/><T95/><D66/><U8/><E86/><V64/><F64/><W20/><G20/><AGARI ba="0,2" hai="15,17,20,24,26,27,45,51,52,79,80,87,93,94" machi="20" ten="40,8000,1" yaku="1,1,8,1,54,1,53,1" doraHai="92" doraHaiUra="74" who="2" fromWho="3" sc="239,0,472,0,48,100,221,-80" owari="239,4.0,472,57.0,148,-25.0,141,-36.0" /></mjloggm>