<mjloggm ver="2.3"><GO type="169" lobby="0"/><UN n0="%E2%98%86%E3%82%BF%E3%82%B9%E3%83%9E%E3%83%8B%E3%82%A2" n1="%E3%81%93%E3%81%91%E3%81%97" n2="%E3%82%A6%E3%83%AB%E3%83%88%E3%83%A9%E7%AB%8B%E7%9B%B4" n3="%64%64%6D%75" dan="16,17,18,18" rate="2084.74,2141.63,2221.29,2226.07" sx="M,M,M,M"/><TAIKYOKU oya="0"/><INIT seed="0,0,0,2,3,120" ten="250,250,250,250" oya="0" hai0="96,85,27,134,25,92,44,91,55,109,46,80,82" hai1="41,37,77,51,23,69,70,105,128,47,111,78,118" hai2="122,5,135,90,35,131,115,123,3,15,58,110,107" hai3="119,101,99,113,17,126,124,79,75,52,73,127,13"/><T14/><D134/><U72/><E118/><V93/><F58/><W67/><G113/><T133/><D133/><U24/><E105/><V18/><F90/><W2/><G2/><T102/><D82/><U117/><E117/><V87/><F93/><W112/><G112/><T76/><D109/><U66/><E128/><V26/><F87/><W125/><G67/><T84/><D14/><U7/><E7/><V121/><F107/><N who="3" m="63935" /><G119/><T61/><D61/><U9/><E9/><N who="2" m="2239" /><F135/><W74/><G127/><T95/><REACH who="0" step="1"/><D44/><REACH who="0" ten="240,250,250,250" step="2"/><U36/><E111/><V63/><F63/><W6/><G125/><T94/><D94/><U83/><E77/><V8/><F115/><W62/><G79/><T132/><D132/><U53/><E66/><V22/><F131/><W10/><G126/><T42/><D42/><U60/><E60/><V45/><F45/><W28/><G124/><T43/><D43/><U104/><E104/><V29/><F110/><W32/><G62/><T59/><D59/><U34/><E41/><V38/><F38/><W1/><G13/><T100/><D100/><U108/><E108/><V103/><F103/><W48/><G1/><T56/><D56/><U20/><E37/><V11/><AGARI ba="0,1" hai="8,11,15,18,22,26,29,35,121,122,123" m="2239" machi="11" ten="40,5200,0" yaku="24,1,34,2" doraHai="120" who="2" fromWho="2" sc="240,-26,250,-13,250,62,250,-13" /><INIT seed="1,0,0,4,3,57" ten="214,237,312,237" oya="1" hai0="94,85,27,62,75,59,8,20,28,119,49,48,47" hai1="95,3,86,40,88,70,0,112,134,77,51,90,54" hai2="6,72,65,122,83,9,50,21,109,128,15,30,98" hai3="16,17,78,34,123,87,41,14,32,24,35,19,79"/><U60/><E112/><V80/><F122/><W102/><G123/><T107/><D75/><U110/><E134/><V37/><F37/><W111/><G102/><T52/><D107/><U69/><E110/><V39/><F39/><W89/><G111/><T29/><D119/><U101/><E101/><V133/><F109/><W64/><G41/><T74/><D74/><U22/><E77/><V63/><F128/><W117/><G117/><T42/><D8/><U26/><E40/><V121/><F121/><W11/><G24/><T113/><D113/><U82/><E0/><V53/><F72/><W132/><G64/><T100/><D85/><U124/><E3/><V99/><F133/><W135/><G135/><T18/><REACH who="0" step="1"/><D48/><REACH who="0" ten="204,237,312,237" step="2"/><U93/><E51/><V105/><F105/><W10/><G132/><T25/><D25/><U43/><E26/><N who="2" m="16719" /><F99/><AGARI ba="0,1" hai="18,20,27,28,29,42,47,49,52,59,62,94,99,100" machi="99" ten="40,8000,1" yaku="1,1,8,1,52,1,54,1,53,0" doraHai="57" doraHaiUra="31" who="0" fromWho="2" sc="204,90,237,0,312,-80,237,0" /><INIT seed="2,0,0,1,0,134" ten="294,237,232,237" oya="2" hai0="54,118,61,0,53,36,70,93,3,50,46,58,105" hai1="28,41,29,79,103,66,74,94,1,69,11,80,91" hai2="102,23,129,99,16,63,96,25,35,19,100,7,30" hai3="24,86,43,76,87,52,88,62,12,38,15,57,126"/><V132/><F129/><W131/><G126/><T65/><D105/><U97/><E41/><V121/><F121/><W51/><G131/><T116/><D93/><U14/><E1/><V109/><F132/><W123/><G123/><T108/><D0/><U2/><E2/><V39/><F39/><W127/><G127/><T18/><D18/><U42/><E42/><V9/><F109/><W26/><G38/><T21/><D21/><U104/><E66/><V4/><F63/><W40/><G87/><T101/><D101/><N who="2" m="39018" /><F35/><W6/><G76/><T47/><D3/><U133/><E69/><V125/><F125/><W49/><G40/><N who="0" m="22791" /><D108/><U22/><E22/><N who="2" m="15671" /><F19/><W33/><G33/><T119/><D54/><U98/><REACH who="1" step="1"/><E133/><REACH who="1" ten="294,227,232,237" step="2"/><V112/><F112/><W34/><G43/><T68/><AGARI ba="0,1" hai="47,50,53,58,61,65,68,70,116,118,119" m="22791" machi="68" ten="40,5200,0" yaku="12,1,34,2" doraHai="134" who="0" fromWho="0" sc="294,62,227,-13,232,-26,237,-13" /><INIT seed="3,0,0,4,3,79" ten="356,214,206,224" oya="3" hai0="97,15,115,26,93,43,54,95,24,76,21,50,8" hai1="125,6,4,129,74,118,2,9,90,63,56,22,124" hai2="99,38,77,33,119,36,42,112,52,110,117,59,55" hai3="14,70,88,109,39,108,83,101,84,57,131,100,5"/><W41/><G70/><T123/><D123/><U17/><E129/><V78/><F33/><W81/><G131/><T28/><D115/><U51/><E118/><V71/><F71/><W3/><G3/><T114/><D114/><U29/><E74/><V106/><F112/><W132/><G132/><T72/><D43/><U11/><E51/><V85/><F110/><N who="3" m="42603" /><G57/><T69/><D69/><U49/><E49/><V89/><F59/><W73/><G73/><T32/><D76/><U127/><E90/><V87/><F89/><W111/><G83/><T37/><D37/><U45/><E45/><V120/><F120/><W62/><N who="3" m="42611" /><W65/><DORA hai="80" /><G65/><T116/><D72/><U61/><E56/><V60/><F60/><W104/><G62/><T58/><D116/><U34/><E29/><V27/><F42/><W13/><G104/><T0/><D0/><N who="1" m="135" /><E34/><V91/><F106/><W7/><G14/><AGARI ba="0,0" hai="2,6,11,14,17,22,61,63,124,125,127" m="135" machi="14" ten="30,1000,0" yaku="18,1" doraHai="79,80" who="1" fromWho="3" sc="356,0,214,10,206,0,224,-10" /><INIT seed="4,0,0,4,1,128" ten="356,224,206,214" oya="0" hai0="52,120,41,81,59,129,93,42,16,5,74,1,39" hai1="103,67,112,117,96,122,47,134,46,33,62,72,30" hai2="85,9,66,104,119,124,27,118,31,131,34,106,109" hai3="73,44,65,32,76,10,17,28,127,61,2,90,6"/><T23/><D120/><U107/><E117/><N who="2" m="44555" /><F109/><W43/><G127/><T4/><D129/><U48/><E72/><V100/><F100/><W57/><G28/><T114/><D114/><U15/><E112/><V132/><F124/><W105/><G32/><T111/><D111/><U125/><E122/><V70/><F131/><W82/><G105/><N who="2" m="40553" /><F85/><W36/><G17/><T13/><D93/><U12/><E125/><V55/><F55/><W99/><G90/><T84/><D74/><U123/><E123/><V22/><F22/><W25/><REACH who="3" step="1"/><G99/><REACH who="3" ten="356,224,206,204" step="2"/><T50/><D39/><U75/><E96/><V92/><F9/><W21/><G21/><T80/><D5/><U35/><E107/><V58/><F92/><W121/><G121/><T130/><D130/><U116/><E35/><V69/><F132/><W91/><G91/><T71/><D81/><U78/><E33/><V98/><F98/><W95/><G95/><T38/><D80/><U19/><E134/><V126/><F126/><W110/><G110/><T49/><D38/><U88/><E88/><V24/><F24/><AGARI ba="0,1" hai="2,6,10,24,25,36,43,44,57,61,65,73,76,82" machi="24" ten="40,5200,0" yaku="1,1,25,2,53,0" doraHai="128" doraHaiUra="14" who="3" fromWho="2" sc="356,0,224,0,206,-52,204,62" /><INIT seed="5,0,0,3,5,8" ten="356,224,154,266" oya="1" hai0="57,41,131,46,68,87,62,22,23,106,36,94,76" hai1="67,84,4,53,12,35,129,49,88,15,99,98,100" hai2="108,69,11,135,77,59,24,0,26,7,54,123,78" hai3="97,27,122,79,101,110,86,60,134,52,19,51,103"/><U82/><E129/><V34/><F108/><W14/><G122/><T45/><D106/><U92/><E35/><V90/><F123/><W13/><G110/><T118/><D118/><U31/><E31/><V130/><F69/><W73/><G73/><T83/><D68/><U39/><E39/><V10/><F130/><W20/><G134/><T111/><D111/><U16/><E67/><V125/><F125/><W75/><G60/><T48/><D94/><N who="1" m="58487" /><E4/><V124/><F124/><W17/><G75/><T37/><D131/><U91/><E16/><V50/><F135/><W105/><G103/><T40/><REACH who="0" step="1"/><D48/><REACH who="0" ten="346,224,154,266" step="2"/><U70/><E70/><V71/><F71/><W44/><REACH who="3" step="1"/><G19/><REACH who="3" ten="346,224,154,256" step="2"/><T61/><D61/><U21/><E21/><V33/><F34/><W3/><G3/><T113/><D113/><U95/><E82/><AGARI ba="0,2" hai="13,14,17,20,27,44,51,52,79,82,86,97,101,105" machi="82" ten="40,8000,1" yaku="1,1,52,2,54,1,53,0" doraHai="8" doraHaiUra="120" who="3" fromWho="1" sc="346,0,224,-80,154,0,256,100" /><INIT seed="6,0,0,0,0,92" ten="346,144,154,356" oya="2" hai0="132,123,38,58,103,108,20,41,106,48,133,63,36" hai1="67,100,29,45,129,86,94,14,126,116,112,52,98" hai2="57,66,37,83,99,71,42,111,55,33,130,54,15" hai3="2,101,35,75,47,30,131,23,60,73,17,68,72"/><V25/><F130/><W84/><G2/><T96/><D108/><U34/><E116/><V109/><F15/><W0/><G0/><T134/><D123/><U27/><E112/><V113/><F113/><W46/><G131/><T61/><D20/><U110/><E129/><V70/><F83/><W127/><G127/><T107/><D106/><U74/><E110/><N who="2" m="41995" /><F25/><W64/><G84/><T39/><D58/><U90/><E74/><V102/><F33/><W56/><G56/><T81/><REACH who="0" step="1"/><D81/><REACH who="0" ten="336,144,154,356" step="2"/><U121/><E126/><V82/><F82/><W97/><G35/><T89/><D89/><U32/><E121/><V77/><F77/><W59/><G59/><T19/><D19/><U31/><E34/><V10/><F10/><W8/><G8/><T119/><D119/><U78/><E78/><V12/><F57/><W26/><REACH who="3" step="1"/><G30/><REACH who="3" ten="336,144,154,346" step="2"/><T114/><D114/><U124/><E124/><V28/><F28/><W40/><G40/><T4/><D4/><U3/><E31/><V76/><F42/><W13/><G13/><T49/><D49/><U95/><E3/><V6/><F12/><W53/><G53/><T118/><D118/><U62/><E14/><V65/><F6/><W117/><G117/><T11/><D11/><U115/><E115/><V9/><F9/><W24/><G24/><T122/><D122/><U43/><E52/><V51/><F55/><W50/><G50/><T80/><D80/><U22/><E32/><V135/><F54/><W1/><G1/><T88/><D88/><U79/><E43/><V105/><F51/><W120/><G120/><T104/><D104/><AGARI ba="0,2" hai="17,23,26,46,47,60,64,68,72,73,75,97,101,104" machi="104" ten="40,5200,0" yaku="1,1,6,1,52,1,53,0" doraHai="92" doraHaiUra="7" who="3" fromWho="0" sc="336,-52,144,0,154,0,346,72" /><INIT seed="7,0,0,0,5,32" ten="284,144,154,418" oya="3" hai0="11,62,113,104,126,29,95,24,40,4,117,107,73" hai1="128,115,92,79,63,33,71,111,90,1,43,91,89" hai2="10,97,9,49,59,108,19,25,76,41,46,132,6" hai3="112,116,120,38,118,119,13,99,53,56,15,35,28"/><W129/><G38/><T80/><D117/><U88/><E111/><V121/><F108/><W98/><G120/><T110/><D110/><U122/><E122/><V45/><F121/><W74/><G74/><T26/><D126/><U75/><E33/><V69/><F69/><W12/><G129/><T3/><D113/><U37/><E115/><V101/><F132/><W127/><G112/><T30/><D95/><U52/><E128/><V23/><F76/><W39/><G39/><T0/><D62/><U94/><E1/><V60/><F46/><W18/><G18/><T72/><D80/><U51/><E37/><V130/><F6/><W48/><G127/><T102/><D40/><U67/><E43/><V135/><F130/><W57/><G57/><T55/><D55/><U70/><E70/><V21/><F21/><W2/><G2/><T64/><D64/><U131/><E131/><V7/><F7/><W50/><G50/><T124/><D11/><U27/><E27/><V78/><F78/><W16/><G53/><T8/><D8/><U36/><E36/><V22/><F22/><W81/><G81/><T34/><D4/><U125/><E125/><V42/><F42/><W65/><G65/><T5/><D5/><U54/><N who="1" m="22528" /><DORA hai="82" /><U85/><E75/><V93/><F135/><W109/><G118/><T133/><D124/><U84/><E54/><AGARI ba="0,0" hai="9,10,19,23,25,41,45,49,54,59,60,93,97,101" machi="54" ten="30,2000,0" yaku="7,1,8,1" doraHai="32,82" who="2" fromWho="1" sc="284,0,144,-20,154,20,418,0" owari="284,8.0,124,-38.0,174,-23.0,418,53.0" /></mjloggm>