<mjloggm ver="2.3"><GO type="169" lobby="0"/><UN n0="%E3%81%8F%E3%82%8D%E3%81%AF%E3%81%A1" n1="%68%61%79%61%74%6F%E2%98%86" n2="%E3%82%88%E3%81%A4%E3%81%B0%E3%81%A8%EF%BC%81" n3="%E3%82%A6%E3%83%AB%E3%83%88%E3%83%A9%E7%AB%8B%E7%9B%B4" dan="17,17,18,17" rate="2153.33,2141.85,2206.67,2135.15" sx="M,M,F,M"/><TAIKYOKU oya="0"/><INIT seed="0,0,0,4,5,94" ten="250,250,250,250" oya="0" hai0="59,42,135,33,109,46,81,77,69,51,87,98,103" hai1="106,86,17,100,108,73,111,123,78,120,8,104,134" hai2="27,117,67,56,127,20,130,30,102,88,91,80,50" hai3="37,74,95,45,63,128,101,1,115,13,76,25,121"/><T84/><D69/><U89/><E8/><V54/><F127/><W133/><G1/><T65/><D33/><U7/><E17/><V118/><F130/><W12/><G115/><T110/><D135/><U58/><E7/><V119/><F102/><W43/><G128/><T31/><D31/><U114/><E58/><V122/><F122/><W126/><G133/><T53/><D65/><U57/><E57/><V132/><F132/><W66/><G126/><T34/><D34/><U40/><E40/><V83/><F67/><W85/><G121/><T0/><D0/><U6/><E6/><V116/><N who="2" m="29696" /><DORA hai="129" /><V96/><REACH who="2" step="1"/><F96/><REACH who="2" ten="250,250,240,250" step="2"/><W90/><G101/><T75/><D87/><U15/><E134/><V44/><F44/><W112/><G112/><T32/><D84/><U29/><E86/><V125/><F125/><W16/><G74/><T39/><REACH who="0" step="1"/><D32/><REACH who="0" ten="240,250,240,250" step="2"/><U21/><E114/><V71/><F71/><W4/><G66/><T70/><D70/><U26/><E120/><V92/><F92/><AGARI ba="0,2" hai="39,42,46,51,53,59,75,77,81,92,98,103,109,110" machi="92" ten="40,3900,0" yaku="1,1,52,1,53,0" doraHai="94,129" doraHaiUra="124,113" who="0" fromWho="2" sc="240,59,250,0,240,-39,250,0" /><INIT seed="0,1,0,3,2,105" ten="299,250,201,250" oya="0" hai0="27,120,26,92,112,43,22,82,72,78,104,16,118" hai1="109,77,125,88,127,114,123,116,122,14,3,100,81" hai2="17,7,52,13,135,65,6,40,46,75,66,102,79" hai3="110,115,53,38,108,68,90,128,134,80,130,34,8"/><T19/><D112/><U29/><E3/><V20/><F135/><W2/><G68/><T99/><D118/><U55/><E29/><V31/><F102/><W119/><G38/><T39/><D120/><U63/><E14/><V124/><F124/><N who="1" m="47689" /><E63/><V86/><F31/><W21/><G80/><T74/><D104/><U47/><E55/><V54/><F75/><W9/><G90/><T15/><D72/><N who="1" m="43175" /><E47/><V85/><F79/><W18/><G53/><N who="2" m="20585" /><F46/><W96/><G34/><T25/><D43/><U49/><E49/><V73/><F73/><W126/><G126/><T12/><D39/><U103/><E116/><V56/><F40/><W121/><G119/><T4/><D4/><N who="2" m="1578" /><F56/><W93/><G2/><T98/><REACH who="0" step="1"/><D92/><REACH who="0" ten="289,250,201,250" step="2"/><U58/><E114/><V32/><F32/><W62/><G93/><T24/><N who="0" m="6144" /><DORA hai="101" /><T70/><D70/><U44/><E123/><V106/><F106/><W35/><G121/><T57/><D57/><U45/><E58/><V42/><F42/><W117/><G115/><T11/><AGARI ba="1,1" hai="11,12,15,16,19,22,74,78,82,98,99" m="6144" machi="11" ten="40,12000,1" yaku="1,1,0,1,52,1,54,1,53,0" doraHai="105,101" doraHaiUra="89,132" who="0" fromWho="0" sc="289,133,250,-41,201,-41,250,-41" /><INIT seed="0,2,0,5,5,125" ten="422,209,160,209" oya="0" hai0="22,2,7,50,44,36,92,99,132,78,94,124,135" hai1="9,4,118,130,8,126,0,57,49,77,75,29,133" hai2="107,1,48,108,17,79,117,84,100,81,39,55,95" hai3="73,102,70,47,11,121,60,113,65,64,127,12,18"/><T80/><D124/><U116/><E126/><V34/><F39/><W71/><G127/><T112/><D112/><U68/><E68/><V26/><F1/><W62/><G113/><T83/><D36/><U72/><E49/><V33/><F108/><W37/><G73/><T91/><D7/><U69/><E57/><V90/><F117/><W27/><G102/><T97/><D2/><U23/><E23/><V35/><F17/><W53/><G27/><T128/><D22/><U123/><E77/><V19/><F19/><W63/><G121/><T13/><D13/><U67/><E0/><V105/><F100/><W122/><G122/><T101/><D128/><U58/><E58/><V15/><F15/><W42/><REACH who="3" step="1"/><G53/><REACH who="3" ten="422,209,160,199" step="2"/><T66/><D101/><U86/><E123/><V119/><F26/><W16/><G16/><T59/><D135/><U114/><E133/><V38/><F119/><W98/><G98/><T6/><D99/><U74/><E74/><V115/><F115/><W111/><G111/><T51/><D97/><U5/><E114/><V93/><F55/><W20/><G20/><T41/><D132/><U110/><E110/><V88/><F33/><W3/><G3/><T103/><D103/><U54/><E116/><V76/><F34/><W82/><G82/><T104/><D80/><U56/><E118/><V87/><F81/><W46/><G46/><T10/><D44/><U25/><E25/><V52/><F35/><W96/><G96/><T45/><D45/><U131/><E72/><V89/><F52/><W14/><G14/><T24/><D24/><U61/><E75/><RYUUKYOKU ba="2,1" sc="422,-10,209,-10,160,-10,199,30" hai3="11,12,18,37,42,47,60,62,63,64,65,70,71" /><INIT seed="1,3,1,0,0,27" ten="412,199,150,229" oya="1" hai0="56,105,80,29,6,30,0,126,78,121,84,34,102" hai1="18,42,129,83,100,15,127,74,46,88,10,60,58" hai2="4,122,36,22,51,66,11,73,79,49,75,99,123" hai3="134,113,53,32,130,103,43,131,135,16,14,94,120"/><U33/><E127/><V114/><F36/><W92/><G120/><T119/><D119/><U52/><E129/><N who="3" m="49162" /><G113/><T93/><D34/><U39/><E100/><V71/><F114/><W112/><G112/><T90/><D121/><U24/><E74/><V37/><F37/><W9/><G43/><T89/><D89/><U19/><E19/><V44/><F51/><W69/><G69/><T76/><D76/><U104/><E104/><V3/><F73/><W86/><G32/><T108/><D108/><U21/><E33/><V133/><F133/><N who="3" m="50699" /><G103/><T109/><D109/><U68/><E68/><V87/><F71/><W54/><G86/><T26/><D102/><U20/><E24/><V63/><F87/><W45/><G45/><T2/><D26/><U57/><E57/><V116/><F44/><W41/><G41/><T128/><D56/><U38/><E38/><V28/><F75/><W67/><G67/><T47/><D47/><U5/><E39/><V65/><F66/><W48/><G48/><T35/><D35/><U95/><E46/><V82/><F49/><W81/><G81/><T55/><D80/><U70/><E42/><V7/><F65/><W64/><G64/><T31/><D84/><N who="1" m="52615" /><E70/><V107/><F82/><W17/><G17/><T115/><D115/><U117/><E117/><V50/><F116/><W111/><G111/><T132/><D132/><U25/><E83/><V101/><F101/><W59/><G59/><T110/><D110/><U96/><E96/><V1/><F123/><W8/><G8/><T72/><D128/><U125/><E21/><V106/><F22/><RYUUKYOKU ba="3,1" sc="412,-15,199,15,150,-15,229,15" hai1="5,10,15,18,20,25,52,58,60,125" hai3="9,14,16,53,54,92,94" /><INIT seed="1,4,1,3,5,107" ten="397,214,135,244" oya="1" hai0="3,115,61,52,97,133,34,118,117,32,123,57,131" hai1="126,21,35,50,19,59,13,124,130,46,47,74,54" hai2="89,24,30,64,79,4,85,45,56,106,77,53,55" hai3="121,84,119,125,7,25,71,6,62,65,2,75,127"/><U37/><E35/><V73/><F106/><W83/><G121/><T88/><D115/><U12/><E130/><V39/><F4/><W44/><G119/><T80/><D3/><U76/><E12/><V63/><F39/><W90/><G44/><T108/><D123/><U94/><E94/><V112/><F112/><W99/><G99/><T72/><D131/><U113/><E113/><V9/><F9/><W111/><G111/><T40/><D108/><U81/><REACH who="1" step="1"/><E47/><REACH who="1" ten="397,204,135,244" step="2"/><V66/><F45/><W122/><G122/><T18/><D32/><U38/><E38/><V36/><F36/><W134/><G2/><T114/><D114/><U87/><E87/><V68/><F85/><W41/><G84/><T1/><D1/><U95/><E95/><V58/><F79/><W8/><G127/><T129/><D34/><U23/><E23/><V43/><F77/><W82/><G125/><T116/><D129/><U109/><E109/><V70/><F43/><AGARI ba="4,2" hai="13,19,21,37,43,46,50,54,59,74,76,81,124,126" machi="43" ten="40,12000,1" yaku="1,1,52,1,53,2" doraHai="107" doraHaiUra="132" who="1" fromWho="2" sc="397,0,204,152,135,-132,244,0" /><INIT seed="1,5,0,1,0,121" ten="397,356,3,244" oya="1" hai0="51,101,81,13,47,73,45,0,48,111,108,88,125" hai1="105,103,106,109,102,33,29,66,57,131,134,8,23" hai2="42,90,12,3,120,65,59,123,100,27,10,72,122" hai3="76,22,62,50,15,117,17,129,64,58,94,46,92"/><U86/><E33/><V69/><F3/><W113/><G113/><T39/><D0/><U84/><E8/><V77/><F69/><W16/><G129/><T43/><D101/><U85/><E131/><V7/><F100/><W52/><G117/><T91/><D125/><U30/><E85/><V53/><F65/><W83/><REACH who="3" step="1"/><G17/><REACH who="3" ten="397,356,3,234" step="2"/><T82/><D39/><U1/><E106/><V60/><F42/><W14/><G14/><T114/><D114/><U99/><E105/><V110/><F110/><N who="0" m="42026" /><D13/><U9/><E109/><V31/><F90/><N who="0" m="34346" /><D73/><AGARI ba="5,1" hai="15,16,22,46,50,52,58,62,64,73,76,83,92,94" machi="73" ten="30,7700,0" yaku="1,1,7,1,54,2,53,0" doraHai="121" doraHaiUra="28" who="3" fromWho="0" sc="397,-92,356,0,3,0,234,102" /><INIT seed="2,0,0,3,0,119" ten="305,356,3,336" oya="2" hai0="71,36,89,19,128,117,102,23,70,109,77,12,118" hai1="17,105,75,85,130,123,96,120,131,3,84,87,78" hai2="32,45,34,104,100,65,125,93,47,127,7,9,33" hai3="59,57,2,134,16,80,124,63,30,44,97,26,18"/><V108/><F65/><W50/><G2/><T10/><D36/><U38/><E17/><V86/><F104/><W99/><G124/><N who="2" m="47689" /><F108/><W69/><G69/><T95/><D109/><U64/><E3/><N who="2" m="255" /><F100/><W48/><G134/><T21/><D102/><N who="1" m="62663" /><E38/><V53/><F53/><N who="3" m="31927" /><G30/><T133/><D133/><U54/><E54/><V83/><F93/><W46/><G80/><T60/><D70/><U113/><E64/><V40/><F40/><N who="3" m="24583" /><G46/><T8/><D71/><U0/><E113/><V68/><F68/><W135/><G135/><T94/><D118/><U111/><E0/><V101/><F101/><W15/><G26/><T91/><D117/><U20/><E111/><V88/><AGARI ba="0,0" hai="32,33,34,45,47,83,86,88" m="255,47689" machi="88" ten="40,3900,0" yaku="18,1,54,1" doraHai="119" who="2" fromWho="2" sc="305,-13,356,-13,3,39,336,-13" /><INIT seed="2,1,0,5,3,54" ten="292,343,42,323" oya="2" hai0="89,75,50,103,74,131,94,79,70,120,81,98,25" hai1="91,62,117,102,12,21,14,122,5,36,61,59,100" hai2="34,44,30,88,18,110,77,78,90,130,57,113,124" hai3="134,47,97,85,7,60,114,41,123,104,16,56,43"/><V24/><F113/><W23/><G123/><T0/><D0/><U115/><E36/><V86/><F124/><W63/><G114/><T2/><D2/><U13/><E115/><V82/><F130/><W126/><G126/><T93/><D70/><U96/><E117/><V52/><F44/><W132/><G7/><T1/><D1/><U15/><E62/><V116/><F116/><W48/><G43/><T66/><D66/><U71/><E71/><V106/><F106/><W9/><G9/><T38/><D38/><U118/><E122/><V133/><F133/><N who="3" m="51307" /><G85/><N who="0" m="48319" /><D25/><U101/><E118/><V84/><F18/><W119/><G119/><T64/><D64/><N who="1" m="38975" /><E14/><V99/><F99/><W42/><G42/><T112/><D50/><U53/><E53/><V127/><F110/><W3/><G3/><T29/><D29/><U33/><E33/><V20/><F34/><W35/><G35/><T31/><D31/><U83/><E21/><V73/><F73/><N who="0" m="27658" /><D112/><U109/><E109/><V10/><F10/><W95/><G63/><T80/><D120/><U17/><E17/><V121/><F121/><W55/><G104/><N who="0" m="63607" /><D131/><U26/><E5/><V72/><F72/><W105/><G105/><T87/><AGARI ba="1,0" hai="80,87,89,93,94" m="63607,27658,48319" machi="87" ten="30,8000,1" yaku="35,5" doraHai="54" who="0" fromWho="0" sc="292,83,343,-21,42,-41,323,-21" /><INIT seed="3,0,0,3,1,27" ten="375,322,1,302" oya="3" hai0="127,48,70,3,44,14,89,21,77,134,68,60,131" hai1="8,115,63,99,92,118,95,51,10,41,50,2,111" hai2="125,67,93,54,72,78,113,112,100,124,106,13,133" hai3="40,64,31,82,105,9,120,59,101,58,98,62,103"/><W130/><G120/><T42/><D3/><U94/><E115/><N who="2" m="44107" /><F67/><W110/><G130/><T96/><D77/><U119/><E111/><V34/><F34/><W11/><G110/><T47/><D131/><U39/><E63/><V53/><F13/><W61/><G40/><T87/><D96/><U20/><E20/><V135/><F53/><W86/><G103/><T49/><D60/><U122/><E122/><V79/><F54/><W46/><G46/><T85/><D127/><N who="2" m="48714" /><F106/><W56/><G31/><T16/><D68/><U129/><E99/><N who="2" m="59503" /><F72/><W121/><G121/><T37/><D70/><U28/><E129/><V52/><F52/><W36/><G36/><T80/><D37/><U114/><E41/><V29/><F29/><W91/><REACH who="3" step="1"/><G59/><REACH who="3" ten="375,322,1,292" step="2"/><T81/><D42/><U25/><E39/><V0/><F0/><W23/><G23/><T74/><D21/><N who="1" m="15407" /><E114/><V75/><F75/><W55/><AGARI ba="0,1" hai="9,11,55,56,58,61,62,64,82,86,91,98,101,105" machi="55" ten="20,3900,0" yaku="1,1,0,1,7,1,53,0" doraHai="27" doraHaiUra="22" who="3" fromWho="3" sc="375,-13,322,-13,1,-13,292,49" owari="362,46.0,309,-9.0,-12,-51.0,341,14.0" /></mjloggm>