<mjloggm ver="2.3"><GO type="169" lobby="0"/><UN n0="%41%6E%74%65%72%6F%73" n1="%E3%82%A6%E3%83%AB%E3%83%88%E3%83%A9%E7%AB%8B%E7%9B%B4" n2="%E3%81%A9%E3%81%90%E3%81%95%E3%82%8C%E3%81%86%E3%81%AA%E3%81%8E" n3="%73%75%7A%75%6D%65%E3%81%AE%E6%B6%99" dan="16,16,16,16" rate="2082.36,2165.76,2116.38,2073.16" sx="F,M,M,M"/><TAIKYOKU oya="0"/><INIT seed="0,0,0,3,4,56" ten="250,250,250,250" oya="0" hai0="54,17,13,132,30,9,86,117,125,43,71,33,28" hai1="23,87,127,93,102,21,62,98,35,69,40,58,116" hai2="121,73,66,109,95,14,83,100,79,85,59,76,41" hai3="112,36,7,3,20,75,26,32,105,131,104,94,111"/><T84/><D117/><U18/><E116/><V25/><F121/><W11/><G111/><T70/><D132/><U10/><E35/><V15/><F109/><W128/><G75/><T106/><D106/><U115/><E69/><V27/><F41/><W74/><G74/><T4/><D125/><U16/><E127/><V88/><F79/><W42/><G112/><T130/><D130/><U5/><E40/><V126/><F126/><W103/><G42/><T120/><D120/><U48/><E48/><V135/><F135/><W46/><G46/><T34/><D43/><U90/><E115/><V108/><F108/><W110/><G36/><T60/><D34/><U55/><E23/><V52/><F66/><W1/><G1/><T45/><D33/><U67/><E67/><V51/><F15/><W82/><G82/><T72/><D72/><U122/><E21/><V12/><F12/><W24/><G94/><T47/><D71/><U133/><E133/><V89/><F100/><W65/><G110/><T124/><D124/><U6/><E122/><V80/><REACH who="2" step="1"/><F14/><REACH who="2" ten="250,250,240,250" step="2"/><W49/><G65/><T8/><D70/><U99/><E10/><V38/><F38/><W50/><G128/><T2/><D8/><U39/><E39/><V129/><F129/><W101/><G131/><T22/><D2/><U134/><E134/><V19/><F19/><N who="1" m="7209" /><E102/><V97/><AGARI ba="0,1" hai="25,27,51,52,59,73,76,80,83,85,88,89,95,97" machi="97" ten="20,8000,1" yaku="1,1,0,1,7,1,54,2,53,0" doraHai="56" doraHaiUra="68" who="2" fromWho="2" sc="250,-40,250,-20,240,90,250,-20" /><INIT seed="1,0,0,4,2,97" ten="210,230,330,230" oya="1" hai0="100,59,0,68,67,32,12,44,14,13,133,77,102" hai1="75,74,123,119,94,108,41,117,86,15,79,81,65" hai2="109,88,33,21,1,42,127,129,90,128,34,37,64" hai3="36,57,6,131,56,87,124,107,96,122,72,16,105"/><U2/><E2/><V70/><F1/><W66/><G36/><T5/><D32/><N who="2" m="12394" /><F21/><W73/><G6/><T115/><D115/><U113/><E41/><V82/><F82/><W52/><G122/><T39/><D68/><U114/><E65/><V20/><F20/><W89/><G66/><T35/><D35/><U126/><E15/><V98/><F98/><W132/><G57/><T121/><D121/><U7/><E7/><V10/><F10/><W125/><G16/><T110/><D110/><U85/><E123/><V106/><F106/><W28/><G28/><T130/><D0/><U29/><E29/><V120/><F120/><W111/><G111/><T17/><D5/><U69/><E69/><V112/><F112/><N who="1" m="43113" /><E108/><V11/><F11/><W62/><G105/><T19/><D67/><U135/><E126/><N who="3" m="48746" /><G72/><N who="1" m="27690" /><E135/><V31/><F31/><W51/><G73/><T38/><D133/><U4/><E4/><V9/><F9/><W54/><G132/><T134/><D134/><U47/><E47/><N who="2" m="24015" /><F109/><W3/><G3/><T23/><D12/><U63/><E63/><N who="2" m="40223" /><F127/><W58/><G107/><T49/><D44/><U116/><E94/><V60/><F60/><W27/><G27/><T76/><D49/><U45/><E45/><V55/><F55/><W103/><G54/><T61/><D61/><U83/><E79/><V71/><F71/><W24/><G24/><T92/><D92/><U53/><E53/><V26/><F26/><W101/><G62/><T18/><D77/><U118/><E118/><V48/><F48/><W84/><G51/><T99/><D76/><U78/><E78/><RYUUKYOKU ba="0,0" sc="210,-15,230,15,330,15,230,-15" hai1="81,83,85,86,116,117,119" hai2="88,90,128,129" /><INIT seed="1,1,0,2,0,39" ten="195,245,345,215" oya="1" hai0="3,112,105,57,129,16,4,67,18,79,80,7,23" hai1="104,8,41,63,85,98,74,127,117,42,89,54,38" hai2="103,62,19,75,55,11,33,90,93,132,15,96,126" hai3="73,6,20,134,78,111,109,43,26,84,101,0,49"/><U52/><E74/><V71/><F126/><W122/><G122/><T115/><D105/><U35/><E35/><V48/><F132/><W77/><G73/><T46/><D129/><U45/><E117/><V56/><F75/><W51/><G101/><T108/><D108/><N who="3" m="41545" /><G6/><T30/><D3/><U82/><E127/><V118/><F33/><W107/><G107/><T37/><D115/><U21/><E8/><V24/><F118/><W50/><G0/><T76/><D112/><U81/><E81/><V133/><F133/><W32/><G32/><T64/><D30/><U59/><E21/><V119/><F119/><W13/><G13/><T114/><D114/><U58/><E38/><V14/><F103/><W131/><G131/><T2/><D2/><U70/><E70/><V86/><F24/><W28/><G134/><T124/><D124/><U40/><E104/><V9/><F71/><W69/><G69/><T53/><D37/><U113/><E113/><V72/><F72/><W27/><G27/><N who="0" m="14823" /><D46/><U22/><E22/><V97/><F14/><W1/><G1/><T66/><D18/><U31/><E31/><V68/><F9/><W135/><G135/><T120/><D120/><U102/><E45/><N who="2" m="28047" /><F68/><W95/><G95/><T47/><D47/><U100/><E98/><V128/><F128/><W121/><G121/><T94/><D94/><U130/><E130/><V106/><F106/><W60/><G60/><AGARI ba="1,0" hai="40,41,42,52,54,58,59,60,63,82,85,89,100,102" machi="60" ten="40,18000,2" yaku="9,1,8,1,52,3,54,1" doraHai="39" who="1" fromWho="3" sc="195,0,245,183,345,0,215,-183" /><INIT seed="1,2,0,5,0,131" ten="195,428,345,32" oya="1" hai0="77,76,102,37,10,60,73,65,111,49,4,70,114" hai1="74,61,81,119,50,57,23,87,106,5,85,36,63" hai2="26,51,66,16,130,91,110,126,55,133,35,95,68" hai3="11,30,105,38,94,8,120,6,15,59,69,92,88"/><U97/><E36/><V52/><F110/><W2/><G69/><T56/><D37/><U93/><E119/><V82/><F126/><W42/><G105/><T96/><D114/><U46/><E106/><V89/><F130/><W20/><G120/><T41/><D111/><U33/><E33/><V31/><F133/><W71/><G71/><T98/><D98/><U135/><E135/><V32/><F82/><W103/><G103/><T54/><D41/><U90/><E5/><V116/><F116/><W29/><G92/><T118/><D118/><U44/><E74/><V14/><F35/><W24/><G38/><T12/><REACH who="0" step="1"/><D73/><REACH who="0" ten="185,428,345,32" step="2"/><U115/><E115/><V45/><F55/><W34/><G42/><T64/><D64/><U18/><E97/><V62/><REACH who="2" step="1"/><F95/><AGARI ba="2,1" hai="4,10,12,49,54,56,60,65,70,76,77,95,96,102" machi="95" ten="30,3900,0" yaku="1,1,7,1,53,1" doraHai="131" doraHaiUra="48" who="0" fromWho="2" sc="185,55,428,0,345,-45,32,0" /><INIT seed="2,0,0,5,0,45" ten="240,428,300,32" oya="2" hai0="117,92,76,66,75,86,7,36,104,89,18,121,85" hai1="73,21,31,133,2,47,131,72,12,115,35,83,80" hai2="58,84,9,55,88,119,122,25,6,82,32,65,132" hai3="102,22,134,69,77,19,62,10,123,27,26,1,94"/><V108/><F122/><W20/><G123/><T46/><D117/><U52/><E2/><V113/><F119/><W57/><G134/><T103/><D121/><U3/><E3/><V30/><F113/><W135/><G77/><T118/><D118/><U124/><E35/><V61/><F132/><W96/><G135/><T14/><D7/><U42/><E133/><V97/><F97/><W110/><G110/><T87/><D66/><U51/><E115/><V0/><REACH who="2" step="1"/><F108/><REACH who="2" ten="240,428,290,32" step="2"/><W112/><G112/><T15/><D104/><U105/><E105/><V126/><F126/><W91/><G69/><T43/><D103/><U128/><E124/><V56/><F56/><W49/><G1/><T107/><D107/><U23/><E131/><V54/><AGARI ba="0,1" hai="0,6,9,25,30,32,54,55,58,61,65,82,84,88" machi="54" ten="30,11700,0" yaku="1,1,0,1,54,1,53,1" doraHai="45" doraHaiUra="79" who="2" fromWho="2" sc="240,-39,428,-39,290,127,32,-39" owari="201,-20.0,389,19.0,417,52.0,-7,-51.0" /></mjloggm>