<mjloggm ver="2.3"><GO type="169" lobby="0"/><UN n0="%E3%81%A9%E3%81%90%E3%81%95%E3%82%8C%E3%81%86%E3%81%AA%E3%81%8E" n1="%E3%82%A6%E3%83%AB%E3%83%88%E3%83%A9%E7%AB%8B%E7%9B%B4" n2="%6F%68%6E%6F%79%75%6B%69" n3="%E3%83%95%E3%82%A7%E3%83%AB%E3%83%8A%E3%83%B3%E3%83%89" dan="16,17,16,17" rate="2097.00,2143.27,2161.90,2189.94" sx="M,M,M,M"/><TAIKYOKU oya="0"/><INIT seed="0,0,0,0,5,94" ten="250,250,250,250" oya="0" hai0="52,116,10,113,74,50,81,135,100,68,28,34,66" hai1="106,3,76,78,4,54,133,117,115,30,41,131,96" hai2="9,105,35,42,97,90,63,86,6,29,128,127,82" hai3="73,102,71,46,61,32,70,120,18,87,0,43,8"/><T2/><D116/><U67/><E117/><V119/><F119/><W104/><G120/><T110/><D113/><U60/><E115/><V121/><F121/><W103/><G87/><T132/><D100/><U92/><E106/><V58/><F127/><W129/><G103/><T57/><D34/><U56/><E131/><V25/><F128/><W26/><G129/><T75/><D28/><U123/><E123/><V44/><F105/><W72/><G18/><T83/><D2/><U39/><E133/><N who="0" m="51273" /><D10/><U125/><E125/><V114/><F114/><W22/><G22/><T47/><D68/><U17/><E30/><V20/><F35/><W55/><G55/><N who="0" m="30175" /><D66/><U98/><E4/><V1/><F63/><W89/><G71/><T101/><D101/><U48/><E3/><V24/><F58/><W77/><G32/><T49/><D110/><U111/><E17/><V36/><REACH who="2" step="1"/><F25/><REACH who="2" ten="250,250,240,250" step="2"/><W79/><G26/><T108/><D108/><U11/><E111/><V134/><F134/><W15/><G61/><T33/><D33/><U107/><E107/><V13/><F13/><W62/><G0/><T122/><D122/><U12/><E12/><V85/><F85/><W109/><G109/><T5/><D5/><U124/><E124/><V69/><F69/><W40/><G62/><T19/><D19/><U99/><E60/><V91/><F91/><W23/><G89/><T118/><D118/><U65/><E67/><V130/><F130/><W51/><G70/><T126/><D126/><U64/><E65/><V37/><F37/><W112/><G112/><T53/><D75/><U31/><E64/><RYUUKYOKU ba="0,1" sc="250,-10,250,-10,240,30,250,-10" hai2="1,6,9,20,24,29,36,42,44,82,86,90,97" /><INIT seed="1,1,1,3,4,56" ten="240,240,270,240" oya="1" hai0="5,102,75,12,4,109,38,68,95,11,21,73,46" hai1="30,52,40,122,104,18,97,8,82,3,31,77,78" hai2="108,71,83,91,105,63,51,121,88,133,66,0,27" hai3="80,44,32,94,50,39,89,60,35,45,42,65,25"/><U14/><E122/><V62/><F121/><W103/><G80/><T125/><D125/><U64/><E40/><V85/><F0/><W120/><G120/><T16/><D68/><U2/><E64/><V34/><F105/><W41/><G103/><T29/><D29/><U101/><E78/><V113/><F133/><W13/><G13/><T70/><D70/><U132/><E132/><V59/><F108/><W17/><G25/><T76/><D4/><U55/><E30/><V127/><F127/><W129/><G17/><T86/><D109/><U117/><E31/><V58/><F113/><W67/><G129/><T48/><D38/><U99/><E99/><V9/><F34/><W54/><G54/><T74/><D102/><U1/><REACH who="1" step="1"/><E117/><REACH who="1" ten="240,230,270,240" step="2"/><V131/><F131/><W15/><G67/><T36/><D36/><U96/><E96/><V111/><F111/><W81/><G42/><T110/><D110/><U28/><E28/><V114/><F114/><W43/><G35/><T47/><D76/><U134/><E134/><V124/><F124/><W22/><G32/><T123/><D123/><U106/><E106/><V53/><F27/><W93/><G43/><T92/><D75/><AGARI ba="1,2" hai="1,2,3,8,14,18,52,55,75,77,82,97,101,104" machi="75" ten="40,3900,0" yaku="1,1,54,1,53,0" doraHai="56" doraHaiUra="130" who="1" fromWho="0" sc="240,-42,230,62,270,0,240,0" /><INIT seed="1,2,0,5,0,14" ten="198,292,270,240" oya="1" hai0="15,94,88,86,60,134,125,73,106,90,55,30,97" hai1="28,26,68,120,65,79,72,49,4,118,130,50,23" hai2="77,10,78,135,35,116,36,20,6,58,128,32,51" hai3="115,3,74,93,95,102,82,62,129,91,70,52,11"/><U98/><E120/><V87/><F36/><W114/><G129/><T71/><D73/><U7/><E118/><V103/><F116/><W108/><G108/><T76/><D125/><U19/><E130/><V104/><F104/><W84/><G74/><T133/><D76/><U43/><E68/><V16/><F103/><W56/><G70/><T110/><D110/><U24/><E65/><V39/><F39/><W101/><G101/><T111/><D111/><U44/><E98/><V131/><F32/><W123/><G123/><T18/><D30/><U64/><E64/><V75/><F35/><W122/><G122/><T119/><D119/><U29/><E29/><V46/><F75/><W100/><G100/><T8/><D106/><U40/><E79/><V105/><F105/><W22/><G22/><T121/><D121/><U112/><E112/><V92/><F58/><W132/><G132/><T17/><D71/><U117/><E117/><V13/><F135/><N who="0" m="51722" /><D60/><U89/><E89/><N who="2" m="53311" /><F131/><W41/><G41/><T67/><D67/><U9/><E72/><V109/><F128/><W57/><G57/><T31/><D31/><U0/><E4/><V85/><F85/><W33/><G33/><T45/><D90/><U42/><REACH who="1" step="1"/><E50/><REACH who="1" ten="198,282,270,240" step="2"/><V54/><F109/><W113/><G102/><T12/><D97/><U21/><AGARI ba="2,1" hai="0,7,9,19,21,23,24,26,28,40,42,43,44,49" machi="21" ten="20,12000,1" yaku="1,1,2,1,0,1,7,1,52,1,53,0" doraHai="14" doraHaiUra="99" who="1" fromWho="1" sc="198,-42,282,136,270,-42,240,-42" /><INIT seed="1,3,0,2,2,68" ten="156,418,228,198" oya="1" hai0="59,118,113,49,2,8,26,103,45,23,117,60,30" hai1="9,51,17,62,77,31,133,18,94,61,14,128,92" hai2="12,5,109,48,111,25,29,95,97,47,36,100,53" hai3="63,84,70,35,124,91,57,135,33,115,28,13,7"/><U106/><E106/><V129/><F129/><W46/><G115/><T108/><D113/><U39/><E39/><V122/><F122/><W50/><G70/><T20/><D108/><U72/><E128/><V37/><F12/><W73/><G73/><T40/><D103/><U134/><E31/><V67/><F67/><W83/><G135/><T4/><REACH who="0" step="1"/><D23/><REACH who="0" ten="146,418,228,198" step="2"/><U34/><E134/><V76/><F111/><W71/><G35/><T66/><AGARI ba="3,1" hai="2,4,8,20,26,30,40,45,49,59,60,66,117,118" machi="66" ten="20,8000,1" yaku="1,1,2,1,0,1,7,1,53,1" doraHai="68" doraHaiUra="22" who="0" fromWho="0" sc="146,99,418,-43,228,-23,198,-23" /><INIT seed="2,0,0,2,0,17" ten="245,375,205,175" oya="2" hai0="81,15,71,52,11,75,67,0,73,134,54,111,131" hai1="78,83,22,21,76,24,86,18,28,99,103,32,62" hai2="122,69,2,26,36,63,38,65,14,115,93,47,70" hai3="102,46,128,94,19,1,112,23,108,89,90,97,34"/><V37/><F2/><W29/><G1/><T125/><D111/><U7/><E7/><V55/><F14/><W92/><G108/><T12/><D125/><U64/><E76/><V126/><F26/><W35/><G128/><T58/><D134/><U8/><E8/><V95/><F93/><W87/><G112/><T30/><D71/><N who="2" m="27146" /><F95/><W27/><G46/><T130/><D0/><U96/><E96/><V3/><F3/><W101/><REACH who="3" step="1"/><G35/><REACH who="3" ten="245,375,205,165" step="2"/><T68/><D130/><U33/><E33/><V116/><F115/><W100/><G100/><T6/><D131/><U98/><E32/><V72/><F116/><W49/><G49/><T16/><D6/><U124/><E103/><V10/><F126/><W114/><G114/><T110/><D110/><U48/><E48/><N who="2" m="29087" /><F122/><W129/><G129/><T57/><D11/><U20/><E124/><V44/><F10/><W118/><G118/><T51/><D51/><U31/><E31/><V119/><F119/><W106/><G106/><T105/><D105/><U107/><E107/><V9/><F9/><W60/><G60/><T113/><D30/><U82/><E62/><V74/><F44/><W109/><G109/><T80/><D113/><U77/><E28/><V66/><F63/><W53/><G53/><T123/><D123/><U39/><E99/><V5/><F5/><W43/><G43/><T56/><D52/><U117/><E98/><V84/><F66/><W120/><G120/><T4/><D54/><U45/><E64/><V79/><F65/><W127/><G127/><T132/><D67/><U121/><E121/><V91/><F79/><RYUUKYOKU ba="0,1" sc="245,-15,375,-15,205,15,165,15" hai2="36,37,38,72,74,84,91" hai3="19,23,27,29,34,87,89,90,92,94,97,101,102" /><INIT seed="2,1,1,3,0,94" ten="230,360,220,180" oya="2" hai0="28,114,53,29,110,43,60,128,69,50,58,17,2" hai1="106,0,130,108,102,119,80,57,21,93,116,77,59" hai2="38,51,62,121,109,11,99,30,23,113,100,118,16" hai3="82,15,37,39,27,54,36,19,71,96,65,135,91"/><V72/><F38/><W86/><G135/><T56/><D2/><U20/><E0/><V41/><F113/><W81/><G71/><T68/><D114/><U24/><E106/><V1/><F118/><W87/><G65/><T40/><D17/><U112/><E112/><V117/><F117/><W22/><G54/><N who="0" m="31831" /><D28/><U73/><E108/><V125/><F72/><W105/><G27/><T132/><D29/><U7/><E7/><V45/><F121/><W8/><G8/><T3/><D3/><U32/><E130/><V79/><F79/><W88/><G105/><T92/><D92/><U35/><E32/><V103/><F109/><W101/><G101/><T52/><D110/><U97/><E35/><V14/><F125/><W66/><G66/><N who="0" m="39191" /><D132/><U85/><E73/><V133/><F133/><W123/><G123/><T70/><D128/><U126/><E126/><V49/><F49/><W63/><G63/><T74/><D74/><U10/><E10/><V111/><F62/><W48/><G48/><T46/><D43/><U18/><E119/><V75/><F75/><W76/><G76/><T90/><D90/><U115/><E116/><V33/><F111/><W124/><G124/><T4/><D4/><U127/><E127/><V47/><F33/><W26/><G26/><T13/><D13/><N who="1" m="9295" /><E115/><V9/><F47/><W44/><G44/><T107/><D107/><U120/><E120/><V89/><F30/><AGARI ba="1,1" hai="21,24,30,57,59,77,80,85,93,97,102" m="9295" machi="30" ten="30,2000,0" yaku="8,1,52,1" doraHai="94" who="1" fromWho="2" sc="230,0,360,33,220,-23,180,0" /><INIT seed="3,0,0,0,1,83" ten="230,393,197,180" oya="3" hai0="126,15,106,66,133,85,112,71,117,56,95,104,39" hai1="7,14,13,20,67,3,100,10,74,88,77,68,42" hai2="94,24,29,80,58,73,18,84,107,93,78,98,124" hai3="82,105,27,99,109,69,2,53,9,131,21,60,25"/><W70/><G70/><T49/><D117/><U81/><E100/><N who="2" m="62871" /><F18/><W89/><G131/><T43/><D112/><U125/><E125/><V48/><F58/><W90/><G109/><T135/><D126/><U51/><E68/><V129/><F48/><W6/><G27/><T128/><D128/><U134/><E67/><V115/><F24/><W8/><G8/><T26/><D26/><U47/><E134/><N who="0" m="51209" /><D15/><U86/><REACH who="1" step="1"/><E20/><REACH who="1" ten="230,383,197,180" step="2"/><V101/><F124/><W108/><G69/><T92/><D66/><U62/><E62/><V64/><F64/><W97/><G60/><T12/><D71/><U122/><E122/><V50/><F129/><W91/><G21/><T121/><D104/><U46/><E46/><V87/><F115/><W57/><G105/><T17/><D106/><U72/><E72/><V23/><F23/><W16/><G57/><T54/><D121/><U96/><E96/><N who="2" m="59535" /><F29/><W63/><G63/><T52/><D56/><U113/><E113/><V44/><F44/><W31/><G31/><T76/><D39/><U132/><E132/><V130/><F50/><W59/><G59/><T38/><D49/><U102/><E102/><V22/><F22/><W30/><G30/><T114/><D114/><U36/><E36/><V110/><F130/><W40/><G99/><T55/><D38/><U35/><E35/><V28/><F28/><W41/><G97/><T1/><D17/><U37/><E37/><V32/><F32/><W118/><G16/><T11/><D11/><U123/><E123/><V4/><F73/><W120/><G120/><T61/><D61/><U19/><E19/><RYUUKYOKU ba="0,1" sc="230,-10,383,30,197,-10,180,-10" hai1="3,7,10,13,14,42,47,51,74,77,81,86,88" /><INIT seed="4,1,1,2,5,129" ten="220,413,187,170" oya="0" hai0="112,9,40,133,29,87,49,37,12,128,108,2,51" hai1="95,80,94,57,0,109,121,33,61,43,93,30,18" hai2="19,28,116,15,36,119,1,90,67,47,58,120,101" hai3="104,38,3,118,50,117,39,26,123,52,45,77,78"/><T6/><D112/><U68/><E109/><V46/><F1/><W81/><G104/><T69/><D69/><U41/><E0/><V56/><F120/><W83/><G123/><T54/><D128/><U44/><E68/><V24/><F101/><W99/><G3/><T114/><D114/><U97/><E33/><N who="2" m="20615" /><F90/><W122/><G122/><T32/><D108/><U65/><E30/><V70/><F70/><W113/><G113/><T74/><D74/><U98/><E121/><V62/><F56/><W21/><G99/><N who="1" m="37898" /><E44/><V23/><F36/><W48/><G26/><T86/><D37/><U124/><E124/><V135/><F135/><W125/><G45/><N who="0" m="25767" /><D32/><U88/><E18/><V7/><F7/><W103/><G125/><T75/><D75/><U22/><E22/><V115/><F115/><W20/><REACH who="3" step="1"/><G103/><REACH who="3" ten="220,413,187,160" step="2"/><T89/><D2/><U8/><E41/><V127/><F127/><W92/><G92/><T42/><D42/><U66/><E94/><V11/><F47/><W132/><G132/><T34/><D133/><U63/><E95/><V25/><F46/><W96/><G96/><T73/><D34/><U27/><E93/><V107/><F107/><W5/><G5/><T4/><D6/><U100/><E100/><V71/><F119/><W13/><G13/><T10/><D12/><U102/><E102/><V134/><F116/><W79/><G79/><T130/><D4/><U106/><E106/><V64/><F134/><W17/><G17/><T55/><D130/><U105/><E105/><V16/><F71/><W131/><G131/><T126/><D126/><U91/><E43/><RYUUKYOKU ba="1,2" sc="220,-15,413,-15,187,15,160,15" hai2="11,15,16,19,23,25,58,62,64,67" hai3="20,21,38,39,48,50,52,77,78,81,83,117,118" /><INIT seed="5,2,2,0,2,58" ten="205,398,202,175" oya="1" hai0="49,8,21,14,92,9,86,70,105,0,2,25,12" hai1="31,67,59,129,53,57,130,117,16,77,119,39,73" hai2="75,1,50,17,78,28,99,122,88,48,63,46,96" hai3="11,131,120,98,97,30,103,72,23,85,114,61,121"/><U55/><E31/><V104/><F122/><W126/><G72/><T76/><D70/><U27/><E77/><V60/><F1/><W26/><G114/><T36/><D36/><U52/><E73/><V89/><F75/><W107/><G131/><N who="1" m="50186" /><E39/><V42/><F78/><W35/><G126/><T111/><D105/><U79/><E79/><V113/><F113/><W125/><G125/><T74/><D111/><U10/><E67/><V40/><F28/><W82/><G98/><N who="2" m="37417" /><F104/><W29/><G11/><T128/><D2/><U15/><E27/><V6/><F6/><W71/><G23/><T47/><D0/><U5/><E5/><V115/><F17/><W134/><G30/><N who="0" m="17711" /><D74/><U24/><E24/><V62/><F115/><W127/><G127/><T81/><D128/><U91/><E91/><N who="2" m="34891" /><F46/><W84/><G134/><T64/><D12/><U7/><E7/><V44/><F44/><W100/><G103/><T135/><D14/><U33/><E33/><V132/><F132/><W3/><G3/><T118/><D135/><U69/><E69/><V95/><F95/><W34/><G35/><T65/><D92/><U18/><E18/><V112/><F112/><W38/><G38/><T54/><D76/><U68/><E68/><V43/><AGARI ba="2,2" hai="40,42,43,48,50,60,62,63" m="34891,37417" machi="43" ten="40,12000,2" yaku="28,2,8,1,52,3,54,1" doraHai="58" who="2" fromWho="2" sc="205,-32,398,-62,202,146,175,-32" /><INIT seed="6,0,0,4,1,12" ten="173,336,348,143" oya="2" hai0="44,34,39,63,32,18,56,92,51,131,119,54,49" hai1="86,5,117,134,116,59,43,129,103,19,97,13,36" hai2="132,105,1,94,62,111,114,50,40,118,122,95,120" hai3="70,66,88,113,125,3,7,9,76,101,90,58,99"/><V130/><F1/><W133/><G70/><T20/><D39/><U82/><E5/><V121/><F105/><W8/><G125/><T100/><D131/><U31/><E129/><V69/><F95/><W60/><G133/><T107/><D107/><U6/><E6/><V48/><F94/><W80/><G113/><T61/><D119/><U108/><E108/><V28/><F28/><W22/><G9/><T45/><D32/><U11/><E134/><V53/><F130/><W115/><G22/><T89/><D100/><U110/><E110/><V17/><F17/><W14/><G3/><T91/><D34/><U25/><E59/><V135/><F111/><W127/><G127/><T33/><D33/><U57/><E57/><N who="2" m="32951" /><F118/><W64/><G64/><T81/><D81/><U109/><E109/><V24/><F24/><W47/><G47/><T2/><D2/><U73/><E73/><V78/><F78/><W30/><G30/><T68/><D68/><U21/><E86/><V46/><F114/><W41/><G115/><T27/><D44/><N who="1" m="23655" /><E82/><V65/><AGARI ba="0,0" hai="40,46,48,62,65,69,120,121,122,132,135" m="32951" machi="65" ten="40,3900,0" yaku="34,2" doraHai="12" who="2" fromWho="2" sc="173,-13,336,-13,348,39,143,-13" /><INIT seed="6,1,0,1,5,49" ten="160,323,387,130" oya="2" hai0="85,105,124,129,18,128,28,29,11,68,104,82,33" hai1="39,21,34,61,1,14,72,75,53,17,113,120,42" hai2="125,93,43,116,97,52,101,55,89,47,90,108,107" hai3="112,3,94,95,77,126,117,19,64,76,20,71,59"/><V8/><F116/><W63/><G117/><T56/><D68/><U46/><E113/><V13/><F125/><W111/><G111/><T22/><D124/><U110/><E110/><V103/><F108/><W23/><G126/><T37/><D37/><U62/><E120/><V83/><F90/><W123/><G123/><T80/><D11/><U15/><E1/><V0/><F0/><W36/><G36/><T5/><D5/><U114/><E34/><V132/><F132/><W7/><G112/><T31/><D33/><U121/><E121/><V102/><F83/><W131/><G131/><N who="0" m="50251" /><D56/><U26/><E114/><V16/><REACH who="2" step="1"/><F107/><REACH who="2" ten="160,323,377,130" step="2"/><W12/><G3/><T87/><D82/><U10/><E75/><V45/><F45/><W70/><G95/><T86/><D80/><U130/><E72/><V92/><F92/><W38/><G94/><T78/><D78/><U35/><E130/><V30/><F30/><W74/><G77/><T44/><D44/><U118/><E46/><V48/><AGARI ba="1,1" hai="8,13,16,43,47,48,52,55,89,93,97,101,102,103" machi="48" ten="30,24000,3" yaku="1,1,0,1,8,1,52,2,54,2,53,1" doraHai="49" doraHaiUra="84" who="2" fromWho="2" sc="160,-81,323,-81,377,253,130,-81" /><INIT seed="6,2,0,0,0,48" ten="79,242,630,49" oya="2" hai0="103,115,55,31,69,50,87,38,15,60,12,134,3" hai1="74,94,89,110,14,104,107,118,1,109,121,91,122" hai2="98,85,30,47,23,92,108,27,81,79,18,13,86" hai3="128,52,41,35,5,68,93,45,17,90,19,34,112"/><V132/><F132/><W61/><G128/><T8/><D31/><U97/><E1/><V36/><F108/><W95/><G5/><T67/><D134/><U53/><E14/><V78/><F36/><W66/><G95/><T59/><D103/><U7/><E7/><V125/><F125/><W25/><G112/><T32/><D32/><U62/><E62/><V113/><F113/><W51/><G41/><T40/><D115/><U11/><E11/><V117/><F117/><W72/><G72/><T106/><D106/><U71/><E71/><V83/><F47/><W119/><G119/><T56/><D56/><U0/><E0/><V96/><REACH who="2" step="1"/><F92/><REACH who="2" ten="79,242,620,49" step="2"/><W24/><G93/><T124/><D124/><U76/><E94/><V82/><F82/><W99/><G45/><T84/><D38/><U6/><E118/><V75/><F75/><W37/><G37/><T46/><D46/><U77/><E74/><V123/><F123/><W127/><G127/><T21/><D84/><U16/><E121/><V114/><F114/><W33/><G99/><T9/><D87/><U28/><E97/><V10/><AGARI ba="2,1" hai="10,13,18,23,27,30,78,79,81,83,85,86,96,98" machi="10" ten="20,12000,1" yaku="1,1,0,1,7,1,9,1,8,1,53,0" doraHai="48" doraHaiUra="102" who="2" fromWho="2" sc="79,-42,242,-42,620,136,49,-42" /><INIT seed="6,3,0,5,2,34" ten="37,200,756,7" oya="2" hai0="43,91,122,96,15,132,36,126,135,58,64,114,3" hai1="59,83,115,10,77,24,94,128,52,48,79,103,76" hai2="19,9,63,38,60,14,131,13,69,30,102,89,118" hai3="86,54,117,41,22,81,50,99,71,113,27,72,40"/><V116/><F38/><W4/><G117/><T20/><D122/><U33/><E33/><V109/><F109/><W125/><G72/><T134/><D114/><U93/><E128/><V46/><F131/><W97/><G71/><T112/><D112/><U98/><E115/><V129/><F129/><W45/><G113/><T18/><D126/><U88/><E24/><V87/><F30/><N who="3" m="17783" /><G4/><T84/><D96/><N who="3" m="36937" /><G125/><T39/><D43/><U70/><E70/><V21/><F102/><W67/><G67/><T57/><D3/><U92/><E10/><V61/><F69/><W49/><G49/><T110/><D110/><U23/><E23/><V123/><F123/><W68/><G68/><T120/><D120/><U44/><E59/><N who="0" m="22537" /><D64/><U75/><E75/><V73/><F46/><W104/><G104/><T82/><AGARI ba="3,0" hai="15,18,20,36,39,82,84,91,132,134,135" m="22537" machi="82" ten="40,1500,0" yaku="20,1" doraHai="34" who="0" fromWho="0" sc="37,24,200,-7,756,-10,7,-7" /><INIT seed="7,0,0,3,5,66" ten="61,193,746,0" oya="3" hai0="86,93,76,130,5,2,63,127,34,123,40,128,15" hai1="43,95,90,117,27,41,88,65,92,36,47,115,10" hai2="20,21,28,56,104,60,53,33,108,50,111,6,70" hai3="13,39,101,7,0,114,134,97,37,1,62,16,55"/><W100/><G7/><T31/><D123/><U94/><E115/><V12/><F104/><W67/><G114/><T48/><D127/><U3/><E117/><V46/><F33/><W35/><G35/><T129/><D2/><U32/><E65/><V58/><F70/><W85/><G134/><T42/><D48/><U24/><E3/><V82/><F58/><W49/><G1/><T19/><D63/><U135/><E135/><V44/><F44/><N who="3" m="28071" /><G39/><T102/><D5/><U99/><E32/><V131/><F131/><W57/><G37/><T11/><D76/><U22/><E10/><N who="2" m="4183" /><F111/><W74/><G74/><T119/><D119/><U69/><E69/><V125/><F125/><W30/><G0/><T61/><D61/><U75/><E75/><V83/><F108/><W121/><G121/><T9/><D9/><U25/><E41/><N who="2" m="24911" /><F20/><N who="3" m="11279" /><G97/><N who="0" m="59695" /><D86/><U124/><E124/><V59/><F59/><W80/><G30/><T54/><D54/><U18/><REACH who="1" step="1"/><E99/><REACH who="1" ten="61,183,746,0" step="2"/><V96/><F96/><W98/><G98/><T118/><D118/><U8/><E8/><V72/><F72/><W112/><G112/><T89/><D34/><U126/><E126/><V120/><F120/><W23/><G23/><T91/><D11/><U4/><E4/><V77/><F21/><W107/><G107/><T17/><D129/><U109/><E109/><V14/><F28/><W45/><G45/><T81/><D31/><U116/><E116/><V52/><F56/><W73/><G73/><T133/><D133/><U78/><E78/><AGARI ba="0,1" hai="57,62,67,78,80,85,100,101" m="11279,28071" machi="78" ten="30,2900,0" yaku="8,1,54,1" doraHai="66" who="3" fromWho="1" sc="61,0,183,-29,746,0,0,39" /><INIT seed="7,1,0,2,5,116" ten="61,154,746,39" oya="3" hai0="45,18,74,129,25,53,83,85,106,69,3,54,84" hai1="46,51,101,131,13,89,60,78,127,126,108,115,90" hai2="42,79,121,105,12,55,104,52,47,102,35,73,63" hai3="111,109,96,128,31,94,97,23,41,86,80,44,67"/><W2/><G2/><T40/><D106/><U130/><E108/><N who="3" m="41546" /><G128/><N who="1" m="49194" /><E115/><V57/><F35/><W122/><G67/><T5/><D69/><U113/><E113/><V75/><F121/><W16/><G31/><T112/><D85/><U9/><E101/><V93/><F104/><W99/><G94/><T100/><D100/><U30/><E78/><V0/><F0/><W66/><G66/><T68/><D74/><U19/><E60/><V95/><F75/><W11/><G11/><T24/><D68/><U134/><E30/><V71/><F71/><W64/><G64/><T123/><D3/><U77/><E77/><V70/><F79/><N who="3" m="46367" /><G122/><T4/><D123/><U72/><E72/><V27/><F73/><W49/><G99/><T65/><D65/><U21/><E9/><V117/><F105/><W119/><G119/><T56/><D129/><U14/><E21/><V118/><F93/><W59/><G59/><T103/><D56/><U34/><E34/><V37/><F70/><W8/><G8/><T33/><D33/><U7/><E7/><V88/><F102/><W26/><AGARI ba="1,0" hai="16,23,26,41,44,49,96,97" m="46367,41546" machi="26" ten="30,3000,0" yaku="10,1,54,1" doraHai="116" who="3" fromWho="3" sc="61,-11,154,-11,746,-11,39,33" /><INIT seed="7,2,0,1,5,68" ten="50,143,735,72" oya="3" hai0="22,16,95,57,38,70,85,20,36,21,25,135,110" hai1="26,128,104,61,129,84,93,78,122,54,131,89,44" hai2="80,87,74,127,86,113,106,12,48,43,1,115,96" hai3="3,23,99,91,123,98,103,116,29,33,49,121,39"/><W90/><G116/><T97/><D110/><U112/><E112/><N who="2" m="43083" /><F1/><W10/><G33/><T47/><D70/><U94/><E104/><V107/><F127/><W62/><G39/><T108/><D108/><U56/><E122/><V5/><F74/><W114/><G114/><T81/><D57/><U34/><E78/><V72/><F72/><W40/><G123/><T7/><D7/><U46/><E94/><V58/><F96/><W130/><G121/><T132/><D47/><U77/><E77/><N who="2" m="46351" /><F87/><W66/><G99/><T60/><D60/><U13/><E13/><V119/><F119/><W64/><G98/><T82/><D85/><U125/><E125/><V105/><F58/><W88/><G3/><T111/><D111/><U30/><AGARI ba="2,0" hai="26,30,34,44,46,54,56,61,84,89,93,128,129,131" machi="30" ten="40,2700,0" yaku="0,1,19,1" doraHai="68" who="1" fromWho="1" sc="50,-9,143,33,735,-9,72,-15" owari="41,-46.0,176,-2.0,726,82.0,57,-34.0" /></mjloggm>