<mjloggm ver="2.3"><GO type="169" lobby="0"/><UN n0="%E9%BB%9B%E7%94%B1%E7%B4%80%E6%B1%9F" n1="%E3%81%BF%E3%81%A3%E3%81%8D%E3%83%BC" n2="%74%61%6B%65%2D%79%6F%75" n3="%E3%82%A6%E3%83%AB%E3%83%88%E3%83%A9%E7%AB%8B%E7%9B%B4" dan="16,16,18,18" rate="2016.58,2031.10,2224.47,2265.30" sx="F,M,F,M"/><TAIKYOKU oya="0"/><INIT seed="0,0,0,5,5,55" ten="250,250,250,250" oya="0" hai0="22,4,114,21,75,34,89,127,10,24,17,15,122" hai1="36,38,57,50,52,80,51,32,29,26,25,83,129" hai2="37,53,28,59,18,77,66,120,33,61,92,40,117" hai3="35,102,96,46,119,124,113,12,126,109,91,58,131"/><T121/><D75/><U87/><E129/><V2/><F2/><W116/><G35/><T108/><D114/><U14/><E83/><V82/><F120/><W11/><G113/><T104/><D104/><U72/><E72/><V93/><F117/><W94/><G109/><T81/><D127/><N who="3" m="48681" /><G131/><T134/><D134/><U63/><E25/><V98/><F28/><W44/><G102/><T78/><D78/><U68/><E14/><V90/><F33/><W106/><G106/><T62/><D108/><U0/><E0/><V73/><F92/><W47/><G58/><T85/><D34/><U5/><E5/><AGARI ba="0,0" hai="5,11,12,44,46,47,91,94,96,116,119" m="48681" machi="5" ten="30,1000,0" yaku="18,1" doraHai="55" who="3" fromWho="1" sc="250,0,250,-10,250,0,250,10" /><INIT seed="1,0,0,0,4,54" ten="250,240,250,260" oya="1" hai0="18,14,30,49,132,41,3,97,135,101,111,6,62" hai1="95,38,120,32,83,88,85,1,90,65,110,100,74" hai2="0,84,118,4,17,98,119,27,51,87,40,13,25" hai3="34,125,107,10,123,58,76,133,35,121,46,50,72"/><U116/><E38/><V103/><F0/><W31/><G107/><T24/><D111/><U126/><E32/><V37/><F37/><W7/><G125/><T115/><D115/><U66/><E1/><V77/><F4/><W113/><G113/><T68/><D6/><U53/><E116/><V92/><F118/><W29/><G133/><T28/><D3/><U105/><E120/><V44/><F119/><W130/><G130/><T23/><D49/><U91/><E126/><V15/><F15/><W57/><G76/><T81/><D81/><U5/><E5/><V36/><F36/><W124/><G7/><T75/><D41/><U86/><E110/><V2/><F2/><W61/><G50/><T109/><D109/><U93/><E74/><V128/><F128/><W60/><G124/><T20/><D75/><U21/><E21/><V45/><F45/><W47/><G72/><T70/><D30/><U106/><E53/><V96/><F98/><W11/><AGARI ba="0,0" hai="10,11,29,31,34,35,46,47,57,58,60,61,121,123" machi="11" ten="25,8000,1" yaku="0,1,22,2,52,2" doraHai="54" who="3" fromWho="3" sc="250,-20,240,-40,250,-20,260,80" /><INIT seed="2,0,0,1,2,47" ten="230,200,230,340" oya="2" hai0="27,36,70,106,13,19,55,74,21,46,89,45,40" hai1="43,5,85,78,24,124,26,16,79,134,10,20,99" hai2="132,128,87,68,22,41,67,12,104,125,97,30,64" hai3="42,65,0,80,25,34,75,118,77,127,60,29,107"/><V94/><F104/><W48/><G118/><T88/><D74/><U4/><E124/><V133/><F87/><W49/><G127/><T92/><D106/><U81/><E134/><N who="2" m="51819" /><F68/><W57/><G107/><T56/><D70/><U66/><E66/><V84/><F84/><W9/><REACH who="3" step="1"/><G42/><REACH who="3" ten="230,200,230,330" step="2"/><T11/><D46/><U15/><E43/><V23/><F41/><W33/><G33/><T6/><REACH who="0" step="1"/><D92/><REACH who="0" ten="220,200,230,330" step="2"/><U69/><E69/><V105/><F105/><W121/><G121/><T38/><D38/><U114/><E81/><V1/><F125/><W90/><G90/><T135/><D135/><U17/><E78/><V31/><F94/><W18/><G18/><T35/><D35/><U108/><E79/><V54/><F31/><W123/><G123/><T98/><D98/><U62/><E16/><V63/><F97/><W7/><AGARI ba="0,2" hai="0,7,9,25,29,34,48,49,57,60,65,75,77,80" machi="7" ten="30,7900,0" yaku="1,1,0,1,52,2,53,0" doraHai="47" doraHaiUra="14" who="3" fromWho="3" sc="220,-20,200,-20,230,-39,330,99" /><INIT seed="3,0,0,2,2,60" ten="200,180,191,429" oya="3" hai0="14,27,131,17,89,108,1,22,128,12,77,88,44" hai1="41,124,112,66,111,21,19,11,113,74,99,20,63" hai2="65,126,102,64,133,121,13,57,36,30,34,132,0" hai3="82,58,78,106,38,75,15,50,105,92,118,10,68"/><W7/><G118/><T5/><D77/><U76/><E41/><V18/><F0/><W59/><G38/><T62/><D108/><U101/><E76/><V104/><F36/><W116/><G116/><T56/><D44/><U95/><E74/><V35/><F126/><W129/><G68/><T122/><D122/><U94/><E11/><V80/><F80/><W83/><G129/><N who="0" m="49739" /><D1/><U114/><E111/><V48/><F121/><W85/><G92/><T25/><D12/><U81/><E81/><V91/><F91/><N who="0" m="34890" /><D5/><U110/><E110/><V2/><F2/><W117/><G117/><T45/><D45/><U135/><E94/><V90/><F90/><W86/><G75/><T43/><D43/><U54/><E124/><V79/><F79/><W24/><G24/><T84/><D84/><U55/><E112/><V134/><F102/><W51/><G85/><T125/><D125/><U100/><E113/><V127/><F104/><W39/><G83/><T115/><D115/><U107/><E100/><V93/><F93/><W49/><G39/><T72/><D72/><U130/><E107/><V37/><F37/><W23/><G106/><T9/><D9/><U33/><E114/><V103/><F103/><W3/><G105/><T31/><D31/><U120/><E130/><V40/><F127/><W73/><G73/><T70/><D70/><U67/><E120/><V8/><F40/><W71/><G71/><T28/><D28/><U32/><E101/><V46/><F46/><W87/><G87/><T53/><AGARI ba="0,0" hai="14,17,22,25,27,53,56,62" m="34890,49739" machi="53" ten="30,2000,0" yaku="19,1,54,1" doraHai="60" who="0" fromWho="0" sc="200,20,180,-5,191,-5,429,-10" /><INIT seed="4,0,0,1,5,33" ten="220,175,186,419" oya="0" hai0="63,113,28,90,68,110,66,7,94,51,20,27,19" hai1="115,106,15,21,11,14,81,45,103,120,121,4,88" hai2="131,93,112,77,61,0,122,59,38,134,111,60,135" hai3="50,13,8,64,25,133,95,109,130,10,46,5,107"/><T125/><D113/><U86/><E106/><V39/><F77/><W16/><G107/><T102/><D125/><U56/><E103/><V67/><F0/><W29/><G109/><T49/><D102/><U117/><E117/><V83/><F83/><W72/><G72/><T69/><D69/><U34/><E34/><V24/><F111/><W73/><G73/><T129/><D129/><U65/><E115/><V78/><F78/><W57/><G130/><T6/><D110/><U124/><E124/><V54/><F24/><W98/><G133/><N who="2" m="50697" /><F93/><W114/><G114/><T100/><D100/><U82/><E82/><V127/><F112/><W116/><G116/><T9/><D28/><U89/><E89/><V75/><F75/><W97/><G95/><T37/><D37/><N who="2" m="13834" /><F131/><W99/><G99/><T132/><D132/><U17/><E120/><V76/><F76/><W87/><G98/><T47/><D94/><U53/><E121/><V108/><F108/><W91/><G97/><T123/><D90/><U92/><E81/><V58/><F127/><W32/><G91/><T30/><D123/><AGARI ba="0,0" hai="54,58,59,60,61,67,122,123" m="13834,50697" machi="123" ten="30,3900,0" yaku="20,1,34,2" doraHai="33" who="2" fromWho="0" sc="220,-39,175,0,186,39,419,0" /><INIT seed="5,0,0,1,5,72" ten="181,175,225,419" oya="1" hai0="0,29,101,18,10,119,124,42,6,45,52,71,28" hai1="38,85,116,57,106,5,122,96,89,65,8,39,131" hai2="87,31,134,127,103,114,68,128,126,56,54,132,14" hai3="44,3,51,79,84,34,98,130,77,11,78,120,40"/><U73/><E116/><V12/><F68/><W47/><G34/><T13/><D71/><U33/><E122/><V23/><F103/><W100/><G120/><T102/><D119/><U63/><E73/><V35/><F35/><W26/><G130/><T108/><D108/><U20/><E33/><V19/><F31/><W50/><G26/><T93/><D124/><N who="2" m="47658" /><F87/><W46/><G84/><T64/><D64/><U83/><E131/><V2/><F2/><W107/><REACH who="3" step="1"/><G40/><REACH who="3" ten="181,175,225,409" step="2"/><T37/><D42/><U21/><E38/><V113/><F128/><W129/><G129/><T135/><D37/><U59/><E39/><V41/><F41/><W75/><G75/><T24/><D24/><U90/><E85/><V76/><F132/><W4/><AGARI ba="0,1" hai="3,4,11,44,46,47,50,51,77,78,79,98,100,107" machi="4" ten="40,12000,2" yaku="1,1,0,1,52,3,53,1" doraHai="72" doraHaiUra="99" who="3" fromWho="3" sc="181,-30,175,-60,225,-30,409,130" /><INIT seed="6,0,0,3,0,128" ten="151,115,195,539" oya="2" hai0="72,9,105,37,55,130,14,63,53,99,100,85,36" hai1="102,109,123,88,49,17,120,75,58,57,15,52,42" hai2="87,108,78,26,3,23,41,96,116,125,101,54,10" hai3="40,103,81,22,90,113,76,44,86,82,110,25,117"/><V43/><F116/><W38/><G110/><T7/><D72/><U65/><E109/><V112/><F108/><W111/><G111/><T21/><D130/><U66/><E75/><V18/><F112/><W56/><G113/><T19/><D85/><U79/><E79/><V94/><F125/><W70/><G70/><T118/><D118/><U16/><E42/><V34/><F34/><W68/><G68/><T114/><D114/><U51/><E102/><V2/><F2/><W71/><G71/><T64/><D64/><U13/><E88/><V20/><F20/><W0/><G0/><T121/><D121/><N who="1" m="46667" /><E51/><V27/><F27/><W46/><G103/><T98/><D98/><U39/><E39/><V24/><F24/><W95/><G117/><T106/><D106/><U92/><E92/><V12/><F3/><W35/><G35/><T28/><D28/><U131/><E131/><V134/><F54/><W135/><G46/><T77/><D77/><U97/><E97/><V73/><F73/><W93/><G56/><T89/><D89/><U4/><E4/><V47/><F47/><W129/><G129/><T11/><D36/><U133/><E133/><V119/><F134/><W62/><G135/><T45/><D45/><U60/><E65/><V69/><F119/><W104/><G104/><T5/><D5/><U127/><BYE who="0" /><E127/><V48/><F48/><W91/><G62/><T6/><D6/><U83/><E83/><N who="2" m="47607" /><F69/><W132/><G132/><T30/><D30/><AGARI ba="0,0" hai="10,12,18,23,26,30,41,43,94,96,101" m="47607" machi="30" ten="30,1500,0" yaku="8,1" doraHai="128" who="2" fromWho="0" sc="151,-15,115,0,195,15,539,0" /><INIT seed="6,1,0,1,4,135" ten="136,115,210,539" oya="2" hai0="67,104,121,51,86,93,92,10,74,65,72,110,126" hai1="3,75,76,119,122,43,132,4,79,57,36,114,106" hai2="16,41,77,28,84,59,102,112,111,120,44,11,27" hai3="71,123,45,109,42,34,9,113,6,23,7,61,15"/><V98/><F120/><W85/><G34/><T21/><D21/><U18/><E18/><V69/><F69/><W13/><G109/><T68/><D68/><U55/><E57/><V54/><F112/><W49/><G123/><T52/><D52/><U60/><E55/><V127/><F127/><W0/><G113/><T14/><D14/><U81/><E60/><V73/><F73/><W91/><G7/><UN n0="%E9%BB%9B%E7%94%B1%E7%B4%80%E6%B1%9F" /><T134/><D121/><U66/><E114/><V19/><F11/><W100/><G100/><T2/><D2/><U64/><E76/><V62/><F84/><W56/><G23/><T129/><D126/><U90/><E122/><V128/><F77/><W1/><G1/><T35/><D35/><U12/><E119/><V101/><F128/><W94/><G71/><T108/><D129/><U46/><E12/><V88/><F102/><W87/><REACH who="3" step="1"/><G85/><REACH who="3" ten="136,115,210,529" step="2"/><T31/><D86/><U96/><E132/><V26/><F101/><W5/><G5/><T117/><D134/><U38/><E3/><V133/><F133/><W80/><G80/><T83/><D83/><U107/><E4/><V103/><F103/><W70/><G70/><T89/><D110/><U47/><E106/><V82/><F82/><W78/><G78/><T8/><D104/><U39/><E107/><V24/><F111/><W22/><G22/><T124/><D108/><U20/><E20/><V58/><F27/><W97/><G97/><T105/><D105/><U118/><E118/><V115/><F26/><W50/><G50/><T30/><D51/><N who="1" m="27103" /><E47/><V25/><F44/><W116/><G116/><T95/><D117/><RYUUKYOKU ba="1,1" sc="136,-15,115,15,210,-15,529,15" hai1="36,38,39,64,66,75,79,81,90,96" hai3="0,6,9,13,15,42,45,49,56,61,87,91,94" /><INIT seed="7,2,1,1,2,116" ten="121,130,195,544" oya="3" hai0="69,20,123,127,51,46,30,73,38,70,99,134,68" hai1="52,72,98,129,8,74,10,90,43,132,60,58,102" hai2="96,28,33,130,124,32,113,2,18,133,11,50,6" hai3="97,111,12,27,89,79,112,62,75,16,115,57,83"/><W121/><G121/><T105/><D123/><U108/><E108/><V48/><F96/><W66/><G27/><T67/><D134/><U101/><E43/><V94/><F94/><W5/><G5/><T59/><D127/><U125/><E125/><V21/><F124/><W49/><G111/><T85/><D73/><U26/><E132/><V55/><F48/><W95/><G49/><T45/><D85/><U126/><E126/><V104/><F104/><W37/><REACH who="3" step="1"/><G37/><REACH who="3" ten="121,130,195,534" step="2"/><T23/><D38/><U14/><E26/><V22/><F50/><W1/><G1/><T47/><D30/><U81/><E60/><V64/><F2/><W44/><G44/><T15/><D15/><U9/><E14/><V65/><F28/><W128/><G128/><T24/><D24/><U78/><E129/><V63/><F130/><W82/><G82/><T88/><D51/><U109/><E81/><V120/><F133/><W7/><G7/><T53/><D53/><U92/><E109/><V117/><F6/><W107/><G107/><T39/><D39/><U41/><E52/><V119/><F55/><W135/><G135/><T40/><D40/><U36/><E41/><V61/><F120/><W56/><G56/><T54/><D54/><U25/><E36/><V103/><F117/><W114/><G114/><T77/><D105/><U71/><E25/><V13/><F113/><W29/><G29/><T3/><D3/><U4/><E58/><V131/><F131/><W93/><G93/><N who="0" m="56743" /><D77/><U87/><E71/><V35/><F119/><W34/><G34/><T0/><D0/><U42/><E4/><RYUUKYOKU ba="2,2" sc="121,15,130,-15,195,-15,534,15" hai0="20,23,45,46,47,59,67,68,69,70" hai3="12,16,57,62,66,75,79,83,89,95,97,112,115" owari="136,-26.0,115,-38.0,180,-2.0,569,66.0" /></mjloggm>