<mjloggm ver="2.3"><GO type="169" lobby="0"/><UN n0="%E6%98%9F%E9%99%8D%E3%82%8B%E8%A1%97" n1="%E3%83%88%E3%83%88%E3%83%AA%E5%85%88%E7%94%9F%31%39%E6%AD%B3" n2="%33%31%6A%69%6E" n3="%E3%81%8A%E3%81%98%E3%81%95%E3%82%93" dan="17,17,16,17" rate="2141.89,2210.10,2110.67,2205.11" sx="F,F,F,M"/><TAIKYOKU oya="0"/><INIT seed="0,0,0,5,2,135" ten="250,250,250,250" oya="0" hai0="118,26,18,91,114,36,100,28,10,6,50,45,94" hai1="1,46,128,117,116,29,124,101,65,51,95,88,58" hai2="106,34,73,53,15,99,7,87,11,81,76,9,96" hai3="39,122,64,0,2,93,103,104,70,126,121,129,32"/><T44/><D118/><U113/><E1/><N who="3" m="618" /><G93/><T20/><D114/><U85/><E128/><V5/><F34/><W69/><G32/><T60/><D36/><U78/><E113/><V82/><F106/><W8/><G8/><T86/><D100/><U14/><E29/><V90/><REACH who="2" step="1"/><F53/><REACH who="2" ten="250,250,240,250" step="2"/><W125/><G129/><T33/><D60/><U134/><E117/><V30/><F30/><W92/><G104/><T49/><D33/><U56/><E116/><V22/><F22/><W54/><G54/><T133/><D28/><U38/><E134/><V111/><F111/><W13/><G121/><T89/><D133/><U31/><E31/><V27/><F27/><W4/><G122/><T40/><D10/><U107/><E107/><V72/><F72/><W55/><G55/><N who="0" m="30119" /><D6/><U62/><E62/><V112/><F112/><W63/><G63/><T80/><D94/><U52/><E95/><V119/><F119/><W42/><G92/><T66/><D66/><U105/><E65/><V21/><F21/><W35/><G64/><T74/><D74/><U77/><E105/><V132/><F132/><W59/><G35/><T98/><D98/><U48/><E52/><V41/><F41/><W110/><G42/><T25/><D25/><U12/><E85/><V84/><F84/><W37/><G110/><T3/><D3/><AGARI ba="0,1" hai="3,5,7,9,11,15,73,76,81,82,87,90,96,99" machi="3" ten="30,3900,0" yaku="1,1,7,1,53,1" doraHai="135" doraHaiUra="83" who="2" fromWho="0" sc="250,-39,250,0,240,49,250,0" /><INIT seed="1,0,0,4,4,124" ten="211,250,289,250" oya="1" hai0="90,34,42,32,130,45,9,26,102,3,30,119,122" hai1="99,116,74,8,84,115,53,24,126,94,72,77,68" hai2="128,48,64,67,56,133,95,17,51,127,20,100,28" hai3="118,69,4,27,63,103,59,46,70,132,81,22,97"/><U10/><E115/><V44/><F127/><W57/><G57/><T131/><D119/><U92/><E116/><V35/><F133/><W79/><G118/><T114/><D114/><U33/><E68/><V93/><F35/><W80/><G46/><T135/><D135/><U14/><E126/><V121/><F121/><W60/><G60/><T39/><D122/><U41/><E8/><V1/><F1/><W83/><G4/><N who="0" m="1183" /><D90/><U50/><E41/><V5/><F28/><W47/><G47/><T76/><D34/><U111/><E111/><V101/><F5/><W108/><G79/><T134/><D134/><U89/><E24/><V49/><F44/><W120/><G108/><T43/><D43/><U86/><E33/><V15/><F128/><N who="0" m="49194" /><D102/><U110/><E110/><V23/><F100/><W11/><G120/><T55/><D55/><U117/><E117/><V91/><F101/><W71/><G132/><T109/><D109/><U75/><E77/><AGARI ba="0,0" hai="26,30,32,39,42,45,76,77" m="49194,1183" machi="77" ten="30,7700,0" yaku="19,1,52,3" doraHai="124" who="0" fromWho="1" sc="211,77,250,-77,289,0,250,0" /><INIT seed="2,0,0,3,3,3" ten="288,173,289,250" oya="2" hai0="50,48,54,28,86,88,2,65,46,76,36,105,45" hai1="104,109,96,111,0,99,112,17,75,66,125,115,33" hai2="31,95,53,94,25,16,30,79,34,8,38,131,37" hai3="130,80,32,100,5,124,133,12,6,118,55,22,14"/><V41/><F131/><W7/><G118/><T40/><D105/><U90/><E33/><V73/><F73/><W117/><G117/><T64/><D76/><U83/><E66/><V78/><F41/><W82/><G32/><T42/><D2/><U59/><E0/><V120/><F120/><W15/><G130/><T23/><D36/><U62/><E17/><V52/><F8/><W93/><G124/><T123/><D123/><U47/><E47/><V44/><F34/><W57/><G133/><T74/><D74/><U77/><E59/><V13/><F16/><W129/><G129/><T24/><D54/><U9/><E62/><V135/><F25/><W84/><G22/><T119/><D119/><U110/><E9/><V91/><F91/><N who="3" m="53479" /><G100/><T97/><D97/><U101/><E125/><V122/><F122/><W113/><G113/><T4/><D4/><U27/><E27/><V63/><F63/><AGARI ba="0,0" hai="5,6,7,12,14,15,55,57,63,80,82" m="53479" machi="63" ten="30,7700,0" yaku="8,1,52,3" doraHai="3" who="3" fromWho="2" sc="288,0,173,0,289,-77,250,77" /><INIT seed="3,0,0,3,5,113" ten="288,173,212,327" oya="3" hai0="27,66,51,59,38,13,80,68,53,14,120,95,29" hai1="85,44,69,114,19,96,50,71,57,112,73,31,15" hai2="133,56,135,26,3,62,43,116,94,25,9,54,124" hai3="4,108,109,115,128,99,83,16,11,60,118,98,10"/><W125/><G115/><T121/><D38/><U22/><E73/><V103/><F124/><W36/><G36/><T75/><D13/><U45/><E112/><V17/><F43/><W20/><G125/><T65/><D65/><U7/><E114/><V104/><F104/><W42/><G42/><T89/><D14/><U70/><E7/><N who="2" m="1279" /><F17/><W23/><G128/><T82/><D66/><U18/><E18/><V88/><F103/><W67/><G118/><T131/><D68/><U79/><E31/><V46/><F46/><W129/><G83/><T84/><D131/><U105/><E96/><N who="3" m="36906" /><G23/><T134/><D134/><N who="2" m="51210" /><F116/><W55/><G55/><T102/><D102/><U39/><E105/><V126/><F126/><W0/><G4/><T47/><D82/><U106/><E106/><V101/><F101/><W86/><G86/><AGARI ba="0,0" hai="25,26,54,56,62,86,88,94" m="51210,1279" machi="86" ten="30,2000,0" yaku="20,1,54,1" doraHai="113" who="2" fromWho="3" sc="288,0,173,0,212,20,327,-20" /><INIT seed="4,0,0,1,4,93" ten="288,173,232,307" oya="0" hai0="36,103,126,30,105,61,122,40,100,41,89,62,128" hai1="26,16,82,56,7,55,99,27,66,15,135,14,44" hai2="22,6,98,107,117,21,63,91,106,50,25,52,12" hai3="119,111,69,51,68,104,9,80,114,118,0,110,123"/><T71/><D122/><U112/><E135/><V125/><F125/><W59/><G104/><T29/><D89/><U90/><E112/><V49/><F117/><N who="3" m="44555" /><G80/><T131/><D71/><N who="3" m="27209" /><G9/><T87/><D36/><U4/><E66/><V94/><F63/><W95/><G95/><T76/><D87/><U17/><E44/><V54/><F106/><W24/><G24/><T39/><D39/><U133/><E133/><V46/><F107/><W92/><G92/><T72/><D105/><U73/><E73/><V33/><F33/><W79/><G79/><T34/><D34/><U35/><E82/><V32/><F32/><W77/><G77/><T2/><D76/><U116/><E116/><V132/><F132/><W28/><G28/><T129/><D129/><U102/><E90/><V47/><F25/><N who="1" m="9225" /><E35/><V96/><F96/><W86/><G86/><T53/><D2/><U81/><E81/><V67/><F67/><W121/><G0/><T5/><D5/><N who="1" m="2123" /><E102/><V85/><F85/><W84/><G84/><T124/><REACH who="0" step="1"/><D53/><REACH who="0" ten="278,173,232,307" step="2"/><U65/><E65/><V1/><F1/><W75/><G114/><T38/><D38/><U88/><E88/><V18/><F6/><W10/><G121/><T42/><D42/><U3/><E3/><V74/><F74/><AGARI ba="0,1" hai="29,30,40,41,61,62,72,74,100,103,124,126,128,131" machi="74" ten="25,4800,0" yaku="1,1,22,2,53,0" doraHai="93" doraHaiUra="130" who="0" fromWho="2" sc="278,58,173,0,232,-48,307,0" /><INIT seed="4,1,0,4,2,19" ten="336,173,184,307" oya="0" hai0="29,6,120,109,101,9,82,121,47,127,23,50,66" hai1="86,97,15,28,93,42,113,72,135,119,30,71,112" hai2="128,53,37,64,59,89,80,74,110,38,124,22,104" hai3="105,131,11,126,115,21,16,27,123,83,60,3,52"/><T24/><D127/><U88/><E119/><V61/><F110/><W33/><G105/><T63/><D101/><U31/><E72/><V103/><F124/><W96/><G126/><T118/><D82/><U107/><E71/><V14/><F128/><W34/><G115/><N who="1" m="44106" /><E135/><V99/><F64/><W108/><G108/><T36/><D36/><U12/><E42/><V4/><F4/><W102/><G131/><T87/><D87/><U114/><N who="1" m="44114" /><U1/><DORA hai="68" /><E1/><V65/><F65/><W2/><G83/><T106/><D106/><U84/><E84/><V98/><F98/><W46/><G123/><T13/><D118/><U20/><E20/><V95/><F104/><W73/><G73/><T40/><REACH who="0" step="1"/><D109/><REACH who="0" ten="326,173,184,307" step="2"/><U129/><E129/><V55/><F80/><W49/><G102/><AGARI ba="1,1" hai="12,15,28,30,31,86,88,93,97,102,107" m="44114" machi="102" ten="50,6400,0" yaku="15,1,11,1,54,1" doraHai="19,68" who="1" fromWho="3" sc="326,0,173,77,184,0,307,-67" /><INIT seed="5,0,0,3,4,63" ten="326,250,184,240" oya="1" hai0="124,26,61,36,133,55,31,50,75,87,57,0,125" hai1="82,128,71,74,67,106,73,127,112,131,15,46,108" hai2="99,121,92,81,95,12,52,129,102,109,40,28,44" hai3="120,1,60,77,118,93,25,103,122,54,56,96,123"/><U20/><E106/><V113/><F109/><W114/><G1/><T47/><D75/><U51/><E108/><V17/><F121/><W104/><G114/><T70/><D0/><U68/><E112/><V24/><F113/><W100/><G118/><T134/><D87/><U45/><E127/><N who="0" m="48713" /><D70/><U58/><E20/><N who="2" m="15367" /><F129/><N who="1" m="49737" /><E15/><V8/><F95/><W27/><G77/><T33/><D36/><U30/><E30/><V88/><F40/><AGARI ba="0,0" hai="26,31,33,40,47,50,55,57,61,133,134" m="48713" machi="40" ten="30,1000,0" yaku="18,1" doraHai="63" who="0" fromWho="2" sc="326,10,250,0,184,-10,240,0" /><INIT seed="6,0,0,3,0,120" ten="336,250,174,240" oya="2" hai0="14,2,130,29,25,131,17,123,106,109,101,84,39" hai1="59,9,60,38,57,121,94,118,119,19,27,68,113" hai2="15,110,13,100,42,31,111,64,72,58,44,37,83" hai3="36,49,40,85,48,47,96,62,18,104,26,12,81"/><V3/><F3/><W61/><G36/><T63/><D109/><N who="2" m="41482" /><F100/><W86/><G104/><T95/><D39/><U78/><E113/><V77/><F31/><W50/><G96/><T87/><D2/><U46/><E121/><V75/><F75/><W22/><G40/><T30/><D30/><U41/><E119/><V54/><F64/><W56/><G47/><T21/><D106/><U79/><E118/><V51/><AGARI ba="0,0" hai="13,15,37,42,44,51,54,58,72,77,83" m="41482" machi="51" ten="30,11700,0" yaku="10,1,52,3" doraHai="120" who="2" fromWho="2" sc="336,-39,250,-39,174,117,240,-39" /><INIT seed="6,1,0,5,0,27" ten="297,211,291,201" oya="2" hai0="11,73,93,134,65,16,56,2,114,40,44,8,32" hai1="20,87,24,1,62,76,34,10,39,108,4,81,129" hai2="18,95,104,109,80,43,0,60,71,88,30,66,7" hai3="89,37,120,128,15,53,42,49,82,83,38,110,132"/><V52/><F104/><W123/><G110/><T68/><D68/><U125/><E108/><V13/><F0/><W3/><G3/><T48/><D73/><U90/><E129/><V64/><F43/><W78/><G128/><T17/><D32/><U135/><E135/><V26/><F7/><W85/><G132/><T84/><D114/><U23/><E125/><V54/><F80/><W46/><G15/><T92/><D134/><U100/><E39/><V111/><F18/><N who="0" m="7274" /><D2/><U130/><E130/><V107/><F13/><W79/><G89/><N who="0" m="53287" /><D93/><U28/><E100/><V91/><F107/><W96/><G96/><T97/><D97/><U45/><E90/><V21/><F91/><W29/><G29/><T101/><D101/><U116/><E116/><V112/><F112/><W6/><G6/><T59/><D65/><N who="2" m="25194" /><F71/><W35/><G35/><T122/><D122/><U124/><E124/><V86/><F111/><W131/><G131/><T102/><D102/><U121/><E121/><V75/><F75/><W25/><G25/><T67/><D67/><U22/><E34/><V47/><F109/><W133/><G133/><T117/><D117/><U105/><E105/><V41/><F60/><W113/><G113/><T127/><D127/><U58/><E22/><V36/><F36/><W5/><G5/><T118/><D118/><U9/><E23/><V50/><AGARI ba="1,0" hai="21,26,30,41,47,50,52,54,86,88,95" m="25194" machi="50" ten="30,11700,0" yaku="8,1,52,1,54,2" doraHai="27" who="2" fromWho="2" sc="297,-40,211,-40,291,120,201,-40" /><INIT seed="6,2,0,1,0,83" ten="257,171,411,161" oya="2" hai0="46,58,52,117,68,66,119,64,29,108,123,75,61" hai1="92,56,78,107,91,34,124,100,101,40,6,77,109" hai2="88,96,4,53,51,105,25,37,131,59,3,126,30" hai3="54,5,71,121,0,42,33,1,84,43,81,90,57"/><V85/><F37/><W134/><G71/><T19/><D75/><U86/><E34/><V120/><F120/><W95/><G121/><T79/><D79/><N who="1" m="30219" /><E6/><V18/><F131/><W69/><G69/><T8/><D123/><U103/><E40/><V98/><F126/><W67/><G134/><T70/><D29/><U27/><E27/><V16/><F4/><W73/><G33/><T49/><D108/><U10/><E10/><V11/><F3/><W74/><G67/><N who="0" m="25643" /><D19/><N who="2" m="7210" /><F11/><W2/><G5/><T50/><D8/><U87/><E56/><V14/><F14/><W133/><G133/><T45/><D70/><U23/><E23/><N who="2" m="15679" /><F105/><W82/><G74/><T31/><D31/><U72/><E72/><V24/><F24/><W63/><G73/><T7/><D7/><U113/><E124/><V116/><F116/><N who="0" m="44618" /><D68/><U76/><E109/><V135/><F135/><W13/><G13/><T102/><D102/><U26/><E26/><V21/><F21/><W130/><G130/><T114/><D114/><U128/><E128/><V122/><F122/><W129/><G129/><T106/><D106/><U80/><E113/><V115/><F115/><W36/><G36/><T127/><D127/><U89/><N who="1" m="30227" /><U93/><DORA hai="39" /><E107/><V132/><F132/><W17/><G17/><T97/><D97/><AGARI ba="2,0" hai="80,86,87,89,91,92,93,97,100,101,103" m="30227" machi="97" ten="30,16000,3" yaku="8,1,35,5,52,2" doraHai="83,39" who="1" fromWho="0" sc="257,-166,171,166,411,0,161,0" /><INIT seed="7,0,0,4,1,118" ten="91,337,411,161" oya="3" hai0="119,90,82,58,28,135,48,93,22,131,133,9,33" hai1="35,102,104,21,130,103,87,105,75,17,117,115,23" hai2="11,37,79,12,106,63,100,70,52,40,109,81,124" hai3="25,57,107,19,10,112,32,98,24,88,61,85,92"/><W38/><G38/><T15/><D119/><U123/><E117/><V26/><F109/><W71/><G71/><T94/><D33/><U127/><E75/><V113/><F106/><W16/><G112/><T77/><D131/><U134/><E35/><V27/><F100/><N who="3" m="60487" /><G32/><T126/><D126/><U84/><E17/><N who="3" m="6730" /><G10/><T49/><D135/><U0/><E0/><V99/><F11/><W67/><G107/><T132/><D133/><U86/><E86/><V2/><F37/><W20/><G20/><T5/><D132/><U95/><E134/><V54/><F70/><W73/><G73/><T60/><D93/><AGARI ba="0,0" hai="24,25,57,61,67,85,88,93" m="6730,60487" machi="93" ten="30,5800,0" yaku="8,1,54,2" doraHai="118" who="3" fromWho="0" sc="91,-58,337,0,411,0,161,58" /><INIT seed="7,1,0,4,4,29" ten="33,337,411,219" oya="3" hai0="85,81,121,108,103,107,89,10,9,96,72,75,76" hai1="86,102,70,5,131,91,69,26,111,88,62,133,113" hai2="66,40,55,13,23,119,90,1,14,54,8,16,33" hai3="22,51,114,21,41,3,134,128,77,129,80,109,73"/><W118/><G3/><T132/><D9/><U32/><E111/><V12/><F33/><W11/><G11/><T115/><D10/><U105/><E113/><V68/><F119/><W38/><G38/><T106/><D108/><U35/><E5/><V25/><F40/><W98/><G109/><T39/><D39/><U100/><E131/><N who="3" m="50250" /><G118/><T2/><D2/><U67/><E133/><V42/><F42/><W104/><G134/><T50/><D50/><U24/><E86/><V122/><F122/><W92/><G104/><T61/><D61/><U110/><E110/><V47/><F66/><W28/><G28/><T130/><D121/><U78/><E78/><V120/><F68/><N who="1" m="26217" /><E62/><V124/><F120/><W101/><G114/><T30/><D30/><U71/><E105/><V112/><F112/><W20/><G41/><T95/><D115/><U79/><E79/><V7/><F124/><W125/><G51/><T27/><D27/><N who="1" m="10283" /><E67/><V15/><F1/><W36/><G36/><T127/><D130/><U37/><E71/><V82/><F47/><W4/><G4/><T57/><D57/><U64/><E64/><V123/><F123/><W19/><G125/><T84/><D127/><U97/><E37/><V60/><F60/><W116/><G116/><T126/><D126/><U46/><E46/><V0/><F0/><W48/><G48/><T6/><D6/><U17/><E17/><AGARI ba="1,0" hai="17,19,20,21,22,73,77,80,92,98,101" m="50250" machi="17" ten="30,1500,0" yaku="19,1" doraHai="29" who="3" fromWho="1" sc="33,0,337,-18,411,0,219,18" /><INIT seed="7,2,0,4,1,100" ten="33,319,411,237" oya="3" hai0="118,101,48,35,126,119,73,5,122,31,134,59,56" hai1="131,99,51,74,135,86,6,62,97,109,36,83,87" hai2="26,102,111,127,106,115,128,88,94,130,68,42,25" hai3="49,75,76,92,45,123,65,22,125,108,17,85,95"/><W55/><G123/><T0/><D101/><U37/><E109/><V80/><F111/><W47/><G108/><T82/><D48/><U30/><E74/><V39/><F115/><W46/><G125/><T98/><D98/><U110/><E110/><V3/><F3/><W132/><G132/><T7/><D82/><U10/><E135/><V90/><F68/><W89/><G65/><T124/><D134/><U104/><E131/><N who="2" m="50219" /><F106/><W23/><G23/><T70/><D73/><U1/><E30/><V24/><F80/><N who="3" m="47239" /><G75/><T29/><D70/><U8/><E62/><V61/><F61/><W41/><G41/><T12/><D59/><U20/><E20/><V81/><F81/><W91/><G95/><T120/><D56/><U64/><E64/><V52/><F42/><W58/><G92/><T44/><D44/><N who="3" m="11265" /><W116/><DORA hai="53" /><G116/><T133/><D133/><U9/><E51/><V13/><F94/><W63/><G49/><T50/><D50/><U67/><E67/><V69/><F69/><W84/><G84/><T21/><D21/><U79/><E86/><V27/><F27/><AGARI ba="2,0" hai="17,22,27,55,58,63,89,91" m="11265,47239" machi="27" ten="30,2900,0" yaku="8,1,52,1" doraHai="100,53" who="3" fromWho="2" sc="33,0,319,0,411,-35,237,35" /><INIT seed="7,3,0,1,4,29" ten="33,319,376,272" oya="3" hai0="26,21,125,70,96,47,75,49,5,110,28,61,63" hai1="74,48,73,90,22,25,69,24,33,45,35,98,12" hai2="122,91,94,38,80,86,95,78,3,43,60,41,2" hai3="54,10,46,68,6,23,111,109,115,20,39,40,64"/><W118/><G118/><T93/><D75/><U79/><E69/><V9/><F122/><W128/><G128/><T108/><D125/><U123/><E123/><V84/><F38/><W14/><G115/><T56/><D70/><U126/><E126/><V129/><F129/><W88/><G54/><T52/><D5/><U131/><E131/><V17/><F3/><W65/><G68/><T76/><D76/><U19/><E24/><V34/><F34/><W8/><G8/><T77/><D77/><U83/><E74/><V67/><F95/><W112/><G112/><T106/><D106/><U120/><E120/><V103/><F103/><W18/><G23/><T92/><D63/><U132/><E132/><V66/><F2/><W121/><G121/><T37/><D37/><U113/><E113/><V1/><F1/><W58/><G58/><T0/><D0/><U51/><E51/><V89/><F89/><W135/><G135/><T59/><D59/><U104/><E25/><V114/><F114/><W124/><G124/><T31/><D92/><U107/><E90/><V82/><F94/><W99/><G99/><T116/><D116/><U15/><E15/><N who="2" m="7407" /><F60/><W97/><G97/><T105/><D105/><U13/><E13/><V101/><F101/><W130/><G88/><N who="0" m="55335" /><D31/><U36/><E36/><V127/><F127/><W85/><G85/><T32/><D32/><N who="1" m="12363" /><E98/><V50/><F50/><W133/><G133/><T71/><D71/><U42/><E104/><V134/><F134/><W27/><REACH who="3" step="1"/><G130/><REACH who="3" ten="33,319,376,262" step="2"/><T117/><D117/><U44/><E107/><V4/><F4/><W87/><G87/><RYUUKYOKU ba="3,1" sc="33,0,319,0,376,0,262,0" hai0="21,26,28,47,49,52,56,61,108,110" hai1="12,19,22,42,44,45,48,73,79,83" hai2="41,43,66,67,78,80,82,84,86,91" hai3="6,10,14,18,20,27,39,40,46,64,65,109,111" /><INIT seed="7,4,1,4,1,56" ten="33,319,376,262" oya="3" hai0="88,28,128,32,86,124,60,122,98,72,83,77,54" hai1="1,59,63,79,6,117,133,127,47,23,91,9,129" hai2="49,0,67,41,2,78,112,38,75,95,131,99,82" hai3="30,71,43,84,57,58,97,53,103,65,19,34,33"/><W61/><G43/><T16/><D122/><U106/><E106/><V115/><F131/><W10/><G84/><T102/><D128/><U17/><E129/><V48/><F67/><W52/><G71/><T89/><D124/><U31/><E127/><V25/><F25/><W45/><G45/><T46/><D28/><U92/><E133/><V73/><F73/><W18/><G65/><T39/><D32/><U8/><E117/><V93/><F93/><N who="3" m="58799" /><G34/><T130/><D130/><U118/><E118/><V134/><F134/><W24/><G33/><T116/><D116/><U114/><E114/><N who="2" m="43563" /><F2/><W26/><G30/><T70/><D70/><U51/><E79/><V80/><F80/><W108/><G108/><T44/><D39/><U69/><E31/><V85/><F75/><W29/><G29/><T94/><D89/><U37/><E37/><V12/><F12/><N who="3" m="7447" /><G19/><T107/><REACH who="0" step="1"/><D16/><REACH who="0" ten="23,319,376,262" step="2"/><U135/><E69/><V120/><F120/><W20/><G20/><T15/><D15/><U110/><E135/><V14/><F14/><W42/><G42/><T125/><D125/><U113/><E110/><V40/><F40/><W76/><G76/><T55/><D55/><N who="1" m="30207" /><E113/><V100/><F0/><W4/><G4/><T50/><D50/><AGARI ba="4,2" hai="24,26,50,52,53,57,58,61" m="7447,58799" machi="50" ten="30,5800,0" yaku="8,1,52,1,54,1" doraHai="56" who="3" fromWho="0" sc="23,-70,319,0,376,0,262,90" owari="-47,-55.0,319,-8.0,376,48.0,352,15.0" /></mjloggm>