<mjloggm ver="2.3"><GO type="169" lobby="0"/><UN n0="%79%6F%6A%6F" n1="%E3%82%A6%E3%83%AB%E3%83%88%E3%83%A9%E7%AB%8B%E7%9B%B4" n2="%EF%BC%B3%E3%81%9E%E3%81%88%E2%98%86" n3="%E3%81%AB%E3%81%9B%E8%A5%BF%E5%9C%92%E5%AF%BA" dan="17,18,16,16" rate="2155.35,2276.83,2102.52,2039.95" sx="F,M,M,M"/><TAIKYOKU oya="0"/><INIT seed="0,0,0,4,2,65" ten="250,250,250,250" oya="0" hai0="36,19,106,98,11,22,135,102,82,2,118,13,7" hai1="79,96,112,128,54,5,92,23,29,113,94,105,53" hai2="127,111,76,27,32,24,131,123,1,121,103,37,16" hai3="120,87,68,14,72,0,18,56,86,74,59,129,47"/><T62/><D118/><U48/><E5/><V52/><F37/><W33/><G0/><T77/><D135/><U80/><E128/><V58/><F1/><W55/><G33/><T26/><D36/><U44/><E54/><V73/><F131/><W41/><G129/><T119/><D119/><U93/><E23/><V43/><F43/><W35/><G35/><T69/><D2/><U97/><E29/><V117/><F117/><W133/><G133/><T28/><D62/><U12/><E12/><V130/><F32/><W61/><G120/><T89/><D89/><U64/><E64/><V99/><F27/><W122/><G122/><T114/><D114/><N who="1" m="44139" /><E105/><V132/><F130/><W10/><G59/><T42/><D42/><U21/><E21/><V20/><F132/><W67/><G74/><AGARI ba="0,0" hai="44,48,53,74,79,80,92,93,94,96,97" m="44139" machi="74" ten="30,1000,0" yaku="11,1" doraHai="65" who="1" fromWho="3" sc="250,0,250,10,250,0,250,-10" /><INIT seed="1,0,0,4,0,88" ten="250,260,250,240" oya="1" hai0="13,86,72,125,6,56,21,111,43,129,3,118,65" hai1="71,135,97,106,36,40,28,70,112,94,84,44,102" hai2="51,35,20,10,31,95,116,27,109,67,85,14,105" hai3="32,49,2,82,64,124,7,78,133,75,126,53,38"/><U55/><E112/><V101/><F116/><W58/><G32/><T87/><D118/><U132/><E28/><V11/><F109/><W104/><G104/><T80/><D111/><U54/><E84/><V9/><F67/><W91/><G133/><N who="1" m="51274" /><E106/><V23/><F14/><W33/><G33/><T26/><D125/><N who="3" m="48233" /><G38/><T68/><D68/><AGARI ba="0,0" hai="36,40,44,54,55,68,70,71,94,97,102" m="51274" machi="68" ten="30,2900,0" yaku="20,1,52,1" doraHai="88" who="1" fromWho="0" sc="250,-29,260,29,250,0,240,0" /><INIT seed="1,1,0,2,1,41" ten="221,289,250,240" oya="1" hai0="17,44,48,132,76,39,56,103,84,12,7,14,0" hai1="28,63,20,92,94,61,121,125,104,22,106,120,69" hai2="101,83,72,114,5,35,97,86,38,58,49,99,98" hai3="30,118,50,117,21,62,113,123,57,9,1,119,82"/><U26/><E69/><V59/><F38/><W27/><G123/><T19/><D132/><U36/><E36/><V16/><F72/><W124/><G124/><T32/><D32/><U67/><E26/><V109/><F35/><W110/><G110/><T45/><D103/><U128/><E67/><V134/><F109/><W40/><G113/><T65/><D0/><U91/><E91/><V25/><F5/><W52/><G82/><N who="0" m="47175" /><D39/><U102/><E102/><V70/><F70/><W111/><G111/><T127/><D127/><U112/><E125/><V54/><F101/><W31/><G31/><T133/><D133/><U18/><E18/><N who="0" m="6665" /><D7/><U43/><E43/><V24/><F114/><W131/><G131/><T126/><D126/><U79/><E28/><V122/><F122/><W6/><REACH who="3" step="1"/><G40/><REACH who="3" ten="221,289,250,230" step="2"/><T23/><D23/><U107/><E112/><V105/><F134/><W34/><G34/><T29/><D29/><U93/><E128/><V42/><F42/><W78/><G78/><T71/><D71/><U10/><E79/><V8/><F83/><W60/><AGARI ba="1,1" hai="1,6,9,21,27,30,50,52,57,60,62,117,118,119" machi="60" ten="40,8000,1" yaku="1,1,0,1,12,1,54,1,53,0" doraHai="41" doraHaiUra="15" who="3" fromWho="3" sc="221,-21,289,-41,250,-21,230,93" /><INIT seed="2,0,0,2,4,40" ten="200,248,229,323" oya="2" hai0="97,48,58,122,20,135,98,130,134,59,3,99,92" hai1="133,129,100,89,121,126,118,119,73,115,26,55,25" hai2="83,62,57,74,70,34,0,128,32,114,47,42,125" hai3="116,29,65,7,127,13,123,16,81,33,66,43,108"/><V132/><F114/><W5/><G116/><T79/><D122/><U8/><E73/><V28/><F128/><W44/><G123/><T2/><D130/><U36/><E36/><V106/><F106/><W85/><G108/><T37/><D37/><U86/><E121/><V19/><F28/><W101/><G101/><T6/><D92/><U109/><E129/><V15/><F0/><W18/><G127/><T68/><D68/><U63/><E115/><V11/><F70/><W21/><G33/><T113/><D113/><U60/><E109/><V52/><F132/><N who="0" m="50730" /><D79/><U117/><E133/><V91/><F125/><W23/><G29/><T88/><D88/><U64/><E126/><V103/><F103/><W45/><G43/><T96/><N who="0" m="24576" /><DORA hai="10" /><T31/><D6/><N who="3" m="2057" /><G85/><T1/><D48/><U107/><E100/><V75/><F75/><W53/><G81/><T77/><D77/><U120/><E120/><V54/><F74/><W111/><G111/><T12/><D31/><U49/><E118/><V35/><F91/><W4/><G4/><T78/><D78/><U104/><E117/><V69/><F83/><W112/><G112/><T17/><AGARI ba="0,0" hai="1,2,3,12,17,20,58,59" m="24576,50730" machi="17" ten="60,4000,0" yaku="20,1,52,1" doraHai="40,10" who="0" fromWho="0" sc="200,40,248,-10,229,-20,323,-10" /><INIT seed="3,0,0,2,1,119" ten="240,238,209,313" oya="3" hai0="44,132,21,26,59,127,52,3,96,118,79,111,41" hai1="101,29,105,18,47,51,133,107,129,81,72,5,24" hai2="128,125,130,94,34,61,98,71,13,82,91,110,64" hai3="108,122,73,50,75,43,45,95,2,100,92,85,9"/><W60/><G122/><T66/><D118/><U86/><E129/><N who="2" m="49771" /><F34/><W12/><G2/><T116/><D116/><U4/><E133/><V7/><F110/><W1/><G1/><T93/><D3/><U109/><E72/><V20/><F125/><W117/><G117/><T16/><D111/><U84/><E109/><V32/><F32/><W121/><G121/><T35/><D132/><U124/><E124/><V103/><F20/><W6/><G108/><T78/><D35/><U99/><E107/><V68/><F82/><W115/><G115/><T28/><D66/><U62/><E29/><V106/><F13/><W17/><G6/><T65/><D65/><U67/><E24/><V113/><F7/><W76/><G60/><T0/><D0/><U87/><E18/><V38/><F38/><W97/><REACH who="3" step="1"/><G95/><REACH who="3" ten="240,238,209,303" step="2"/><T90/><D127/><U69/><REACH who="1" step="1"/><E81/><AGARI ba="0,1" hai="9,12,17,43,45,50,73,75,76,81,85,92,97,100" machi="81" ten="40,3900,0" yaku="1,1,2,1,53,0" doraHai="119" doraHaiUra="23" who="3" fromWho="1" sc="240,0,238,-39,209,0,303,49" /><INIT seed="3,1,0,4,5,100" ten="240,199,209,352" oya="3" hai0="30,105,67,125,27,68,17,16,33,18,96,87,19" hai1="104,23,62,63,43,47,54,85,44,45,29,108,69" hai2="60,92,117,32,109,76,5,111,95,127,91,12,64" hai3="86,31,78,50,124,40,72,51,74,2,42,38,110"/><W8/><G124/><T133/><D125/><U119/><E29/><V121/><F32/><W93/><G31/><T84/><N who="0" m="4096" /><DORA hai="46" /><T59/><D59/><N who="1" m="35191" /><E23/><V134/><F117/><W90/><G74/><T36/><D36/><N who="1" m="21607" /><E85/><V35/><F95/><W25/><G42/><T122/><D133/><U118/><E104/><V80/><F91/><W13/><G25/><T103/><REACH who="0" step="1"/><D122/><REACH who="0" ten="230,199,209,352" step="2"/><U112/><E112/><V130/><F121/><W15/><G38/><T21/><D21/><U14/><E108/><V128/><F127/><W52/><G110/><T7/><D7/><U9/><E9/><V11/><F11/><W48/><G8/><T34/><D34/><U81/><E119/><V79/><F35/><W39/><G39/><T3/><D3/><U89/><E118/><V55/><F5/><W123/><G2/><T102/><D102/><U65/><E14/><V24/><F12/><W82/><G15/><T6/><D6/><U58/><E58/><V1/><F1/><W20/><G123/><T106/><D106/><U113/><E113/><V99/><F111/><W28/><G13/><T83/><D83/><U115/><E115/><V22/><F80/><W61/><G20/><T49/><D49/><U114/><E114/><V101/><F22/><W71/><G40/><T97/><D97/><U53/><E47/><V0/><F99/><W88/><G82/><T107/><D107/><U73/><E45/><V116/><F0/><W126/><G126/><T66/><D66/><U37/><E37/><V135/><F116/><W129/><G28/><T26/><D26/><U120/><E120/><RYUUKYOKU ba="1,1" sc="230,30,199,-10,209,-10,352,-10" hai0="27,30,33,67,68,84,87,96,103,105" /><INIT seed="4,2,1,0,3,20" ten="260,189,199,342" oya="0" hai0="135,48,123,3,30,58,24,114,103,18,28,40,74" hai1="93,71,100,14,31,53,50,87,13,34,8,119,11" hai2="15,111,115,62,81,2,102,69,47,124,109,133,70" hai3="83,92,21,36,131,86,130,52,35,79,85,110,108"/><T98/><D123/><U61/><E119/><V129/><F2/><W7/><G35/><T51/><D74/><U113/><E113/><V75/><F115/><W46/><G7/><T67/><D3/><U120/><E120/><V23/><F62/><W33/><G33/><T72/><D72/><U128/><E128/><N who="3" m="49194" /><G21/><T5/><D5/><U57/><E71/><V121/><F47/><W117/><G117/><T37/><D37/><U77/><E31/><V49/><F81/><N who="3" m="47295" /><G92/><N who="0" m="58823" /><D135/><U112/><E34/><V60/><F23/><W27/><G27/><T55/><D114/><U56/><E112/><V66/><F15/><N who="1" m="5641" /><E77/><V84/><F75/><W94/><G94/><T39/><D39/><U126/><E126/><V32/><F124/><W63/><G36/><T134/><D134/><U12/><N who="1" m="5649" /><U10/><DORA hai="38" /><E87/><V132/><F84/><W16/><G16/><T19/><D67/><N who="1" m="39335" /><E93/><V78/><F32/><W105/><G105/><T107/><D107/><U101/><AGARI ba="2,1" hai="8,10,11,50,53,57,100,101" m="39335,5649" machi="101" ten="40,1500,0" yaku="8,1" doraHai="20,38" who="1" fromWho="1" sc="260,-9,189,31,199,-6,342,-6" /><INIT seed="5,0,0,0,2,17" ten="251,220,193,336" oya="1" hai0="119,66,31,95,13,64,103,11,109,34,8,44,116" hai1="1,12,52,100,51,90,71,87,20,14,22,5,132" hai2="117,7,49,92,78,25,28,40,59,23,67,130,29" hai3="106,63,48,62,73,126,133,91,93,0,61,124,120"/><U38/><E38/><V53/><F117/><W115/><G120/><T30/><D109/><U79/><E71/><V37/><F130/><W75/><G106/><T43/><D103/><U50/><E1/><V131/><F131/><W113/><G0/><T108/><D108/><U33/><E33/><V134/><F134/><W104/><G104/><T9/><D13/><N who="1" m="5227" /><E132/><V98/><F7/><W26/><G26/><T56/><D34/><U123/><E123/><V110/><F110/><W97/><G48/><T3/><D3/><U27/><E5/><V10/><F10/><W101/><G101/><T41/><D9/><U89/><E100/><V94/><F78/><W15/><G15/><T69/><D69/><U128/><E51/><V54/><F67/><W72/><REACH who="3" step="1"/><G133/><REACH who="3" ten="251,220,193,326" step="2"/><T122/><D122/><U85/><E27/><V35/><F25/><W81/><G81/><T2/><D2/><U76/><E128/><V77/><F49/><W99/><G99/><T60/><D119/><U105/><E105/><V111/><F98/><W16/><G16/><T80/><D80/><N who="1" m="49383" /><E79/><V127/><F77/><W114/><AGARI ba="0,1" hai="61,62,63,72,73,75,91,93,97,113,114,115,124,126" machi="114" ten="50,8000,1" yaku="1,1,0,1,29,2,15,1,53,0" doraHai="17" doraHaiUra="129" who="3" fromWho="3" sc="251,-20,220,-40,193,-20,326,90" /><INIT seed="6,0,0,4,4,40" ten="231,180,173,416" oya="2" hai0="105,74,50,96,87,83,72,119,67,134,43,117,93" hai1="2,0,106,25,57,13,135,123,14,85,53,19,49" hai2="9,101,29,54,24,6,23,124,120,7,133,35,91" hai3="3,11,26,71,31,107,132,62,42,41,112,48,47"/><V82/><F120/><W80/><G107/><T88/><D67/><U32/><E106/><V99/><F133/><W125/><G132/><T98/><D134/><U104/><E104/><V131/><F131/><W52/><G125/><T1/><D1/><U16/><E135/><V66/><F124/><W94/><G112/><T5/><D5/><U92/><E123/><V58/><F66/><W12/><G3/><T28/><D28/><U36/><E36/><V15/><F35/><W64/><G94/><T95/><D105/><U63/><E32/><V27/><F27/><W128/><G80/><T130/><D130/><U45/><E0/><V34/><F34/><W21/><G128/><T114/><D114/><U55/><E2/><V79/><F101/><W75/><G75/><N who="0" m="28715" /><D50/><U115/><E115/><V103/><F103/><W69/><G69/><T30/><D30/><U10/><E25/><V56/><F56/><W68/><G68/><T127/><D43/><U111/><E111/><V61/><F79/><W76/><G76/><N who="0" m="46567" /><D127/><U97/><E85/><N who="2" m="50615" /><F99/><W116/><G116/><T60/><D60/><U86/><E86/><V118/><F118/><W129/><G129/><T20/><D20/><N who="1" m="11279" /><E97/><V81/><F81/><W8/><G8/><T90/><AGARI ba="0,0" hai="88,90,93,95,96,98,117,119" m="46567,28715" machi="90" ten="30,4000,0" yaku="34,2,54,1" doraHai="40" who="0" fromWho="0" sc="231,40,180,-10,173,-20,416,-10" /><INIT seed="7,0,0,4,3,7" ten="271,170,153,406" oya="3" hai0="111,132,118,93,29,98,84,45,13,95,117,28,71" hai1="82,57,102,79,99,18,22,115,8,72,96,16,75" hai2="87,129,36,3,27,86,109,119,91,94,42,104,127" hai3="121,33,21,55,81,17,15,122,83,19,48,58,25"/><W23/><REACH who="3" step="1"/><G33/><REACH who="3" ten="271,170,153,396" step="2"/><T44/><D118/><U62/><E115/><V32/><F119/><W113/><G113/><T114/><D114/><U56/><E75/><V39/><F109/><W20/><G20/><T106/><D111/><U51/><E22/><V73/><F73/><W30/><G30/><T97/><D29/><U43/><E72/><V49/><F32/><W54/><G54/><T53/><D28/><U89/><E8/><V85/><F129/><W123/><AGARI ba="0,1" hai="15,17,19,21,23,25,48,55,58,81,83,121,122,123" machi="123" ten="30,11700,0" yaku="21,2,0,1,53,1" doraHai="7" doraHaiUra="47" who="3" fromWho="3" sc="271,-39,170,-39,153,-39,396,127" owari="232,3.0,131,-27.0,114,-39.0,523,63.0" /></mjloggm>