<mjloggm ver="2.3"><GO type="169" lobby="0"/><UN n0="%6B%61%6D%6F%73%68%69%6E" n1="%E3%82%B7%E3%83%B3%E3%83%87%E3%83%AB%E3%83%A9" n2="%E5%B0%B1%E6%B4%BB%E7%94%9F%40%E5%B7%9D%E6%9D%91%E8%BB%8D%E5%9B%A3" n3="%33%31%6A%69%6E" dan="17,16,18,16" rate="2141.45,2146.66,2316.01,2107.65" sx="M,F,M,F"/><TAIKYOKU oya="0"/><INIT seed="0,0,0,5,0,111" ten="250,250,250,250" oya="0" hai0="40,101,6,120,83,75,116,0,46,114,66,78,38" hai1="89,106,134,77,90,62,58,52,112,99,125,105,10" hai2="26,31,43,28,30,132,130,42,92,121,84,27,119" hai3="23,16,87,98,36,9,135,93,49,88,110,35,94"/><T70/><D114/><U45/><E112/><V124/><F121/><W44/><G110/><T131/><D120/><U17/><E134/><V72/><F72/><W109/><G109/><T2/><D131/><U8/><E125/><V22/><F124/><W129/><G135/><T29/><D116/><U61/><E77/><V41/><F130/><W25/><G129/><T123/><D123/><U21/><E45/><V108/><F108/><W19/><G36/><T13/><D13/><U133/><E133/><V18/><F132/><W54/><G35/><T33/><D101/><U48/><E106/><V51/><F119/><W5/><G19/><T79/><D79/><U74/><E74/><V7/><F7/><W32/><G32/><T128/><D128/><U37/><E37/><V3/><F3/><W53/><G53/><T60/><REACH who="0" step="1"/><D6/><REACH who="0" ten="240,250,250,250" step="2"/><U14/><E105/><V95/><F27/><AGARI ba="0,1" hai="0,2,27,29,33,38,40,46,60,66,70,75,78,83" machi="27" ten="40,18000,2" yaku="1,1,2,1,33,3,53,1" doraHai="111" doraHaiUra="39" who="0" fromWho="2" sc="240,190,250,0,250,-180,250,0" /><INIT seed="0,1,0,5,2,99" ten="430,250,70,250" oya="0" hai0="31,68,30,36,49,47,79,58,44,22,135,6,57" hai1="63,83,95,37,110,111,124,24,78,80,15,23,25" hai2="90,33,66,55,38,10,41,102,131,5,16,53,100" hai3="109,1,50,103,97,62,127,67,7,48,39,26,122"/><T123/><D123/><U56/><E124/><V115/><F33/><W121/><G109/><N who="1" m="41482" /><E37/><V35/><F35/><W34/><G127/><T86/><D68/><U60/><E95/><V126/><F115/><W28/><G39/><T13/><D135/><U65/><E63/><V92/><F126/><W52/><G7/><T43/><D6/><U133/><E133/><V76/><F76/><W74/><G1/><T129/><D129/><U4/><E78/><V72/><F72/><W75/><G75/><T18/><D31/><N who="1" m="17823" /><E25/><V14/><F131/><W20/><G74/><T40/><D30/><U27/><E27/><V64/><F41/><W2/><G2/><T21/><D21/><U117/><E117/><V120/><F38/><W96/><G96/><T118/><D118/><U19/><E4/><V61/><F5/><W128/><G34/><T32/><D32/><U112/><E112/><V9/><F9/><AGARI ba="1,0" hai="9,15,19,56,60,65,80,83" m="17823,41482" machi="9" ten="30,1000,0" yaku="14,1" doraHai="99" who="1" fromWho="2" sc="430,0,250,13,70,-13,250,0" /><INIT seed="1,0,0,5,4,54" ten="430,263,57,250" oya="1" hai0="52,80,60,89,47,20,4,109,11,95,133,103,26" hai1="42,9,51,58,61,129,66,106,45,35,124,71,53" hai2="13,59,111,8,123,104,81,73,99,40,3,117,68" hai3="56,85,39,12,119,118,33,10,112,29,76,28,130"/><U94/><E106/><V98/><F68/><W38/><G112/><T24/><D109/><U132/><E35/><V48/><F117/><N who="3" m="44555" /><G130/><T110/><D110/><U34/><E34/><V135/><F123/><W91/><G76/><T93/><D133/><U64/><E129/><V82/><F3/><W25/><G29/><T22/><D103/><U88/><E132/><V86/><F111/><W15/><G56/><N who="0" m="34823" /><D47/><U97/><E124/><V67/><F135/><W0/><G0/><T100/><D100/><U18/><REACH who="1" step="1"/><E71/><REACH who="1" ten="430,253,57,250" step="2"/><V62/><F104/><W102/><G102/><T125/><D125/><U74/><E74/><V57/><F73/><W70/><G70/><T87/><D95/><U63/><E63/><V115/><F115/><W44/><G44/><T83/><D93/><U43/><E43/><V6/><F40/><W21/><G33/><T17/><D83/><U2/><E2/><V49/><F82/><N who="3" m="49591" /><G15/><AGARI ba="0,1" hai="9,15,18,42,45,51,53,58,61,64,66,88,94,97" machi="15" ten="40,12000,1" yaku="1,1,8,1,52,1,54,1,53,0" doraHai="54" doraHaiUra="128" who="1" fromWho="3" sc="430,0,253,130,57,0,250,-120" /><INIT seed="1,1,0,1,4,25" ten="430,383,57,130" oya="1" hai0="67,70,124,48,12,95,13,3,134,90,9,62,20" hai1="99,135,32,121,64,69,14,77,66,0,31,92,11" hai2="80,107,53,30,6,128,27,102,1,100,119,74,125" hai3="115,89,46,26,51,33,59,91,117,39,24,73,105"/><U35/><E121/><V123/><F119/><W8/><G115/><T129/><D129/><U87/><E135/><V116/><F116/><W132/><G73/><T103/><D134/><U44/><E0/><V54/><F128/><W65/><G117/><T127/><D103/><U41/><E87/><V10/><F125/><N who="0" m="48202" /><D48/><U18/><E77/><V101/><F107/><W81/><G105/><T130/><D130/><U7/><E69/><V37/><F37/><W55/><G132/><T47/><D47/><U4/><E35/><V75/><F123/><W28/><G24/><T29/><D3/><U40/><E32/><V57/><F80/><W133/><G133/><T45/><D45/><U60/><E31/><V16/><F16/><W61/><G39/><T21/><D29/><U96/><E60/><V126/><F126/><W112/><G112/><T83/><D83/><U97/><E92/><V88/><F88/><W63/><G63/><T19/><D13/><U98/><N who="1" m="24576" /><DORA hai="111" /><U42/><REACH who="1" step="1"/><E44/><REACH who="1" ten="430,373,57,130" step="2"/><V78/><F78/><W58/><G46/><T131/><D131/><U108/><E108/><V110/><F110/><W68/><G68/><T84/><AGARI ba="1,1" hai="9,12,19,20,21,62,67,70,84,90,95" m="48202" machi="84" ten="30,1100,0" yaku="18,1" doraHai="25,111" who="0" fromWho="0" sc="430,24,373,-6,57,-4,130,-4" /><INIT seed="2,0,0,1,0,60" ten="454,367,53,126" oya="2" hai0="66,122,82,96,112,115,3,61,127,56,76,87,73" hai1="94,134,7,46,63,126,117,12,97,105,28,39,131" hai2="107,58,37,62,49,1,10,54,120,85,83,99,64" hai3="124,86,114,80,78,130,45,18,25,118,17,69,43"/><V125/><F120/><W123/><G118/><T11/><D122/><U84/><E117/><V16/><F37/><W68/><G124/><T34/><D127/><U104/><E126/><V6/><F6/><W67/><BYE who="2" /><G123/><T79/><D34/><U30/><E84/><V121/><F121/><W110/><G114/><UN n2="%E5%B0%B1%E6%B4%BB%E7%94%9F%40%E5%B7%9D%E6%9D%91%E8%BB%8D%E5%9B%A3" /><T77/><D96/><U33/><E33/><V53/><F125/><W41/><G110/><T100/><D100/><U65/><E131/><V90/><F1/><W108/><G108/><T70/><D70/><U55/><E134/><V128/><F128/><W81/><G130/><T88/><REACH who="0" step="1"/><D73/><REACH who="0" ten="444,367,53,126" step="2"/><U0/><E97/><V102/><REACH who="2" step="1"/><F49/><REACH who="2" ten="444,367,43,126" step="2"/><N who="3" m="26799" /><G69/><T92/><D92/><U2/><E94/><V51/><F51/><W111/><G68/><T32/><D32/><U74/><E39/><V129/><F129/><W26/><G111/><T23/><D23/><U132/><E0/><V116/><F116/><W44/><G81/><T52/><D52/><U21/><E55/><V4/><F4/><AGARI ba="0,2" hai="3,4,11,56,61,66,76,77,79,82,87,88,112,115" machi="4" ten="40,5200,0" yaku="1,1,52,1,54,1,53,0" doraHai="60" doraHaiUra="113" who="0" fromWho="2" sc="444,72,367,0,43,-52,126,0" owari="516,61.0,367,17.0,-9,-51.0,126,-27.0" /></mjloggm>