<mjloggm ver="2.3"><GO type="169" lobby="0"/><UN n0="%E4%BF%BA%E3%81%AE%E5%AB%81" n1="%E3%83%88%E3%83%88%E3%83%AA%E5%85%88%E7%94%9F%31%39%E6%AD%B3" n2="%6E%6F%70%70%6F%73%61%6E" n3="%46%75%6E%54%69%6D%65" dan="16,18,16,16" rate="2067.00,2293.83,2132.41,2094.81" sx="F,F,M,M"/><TAIKYOKU oya="0"/><INIT seed="0,0,0,5,0,72" ten="250,250,250,250" oya="0" hai0="88,81,107,36,85,52,45,33,108,75,78,63,90" hai1="118,35,61,28,58,116,24,67,43,134,95,46,38" hai2="21,89,56,132,71,128,3,62,1,121,37,40,10" hai3="117,133,54,68,91,49,26,7,59,47,82,51,29"/><T15/><D33/><U130/><E130/><V96/><F128/><W2/><G133/><T9/><D107/><U123/><E123/><V32/><F121/><W111/><G111/><T83/><D108/><U22/><E134/><V11/><F32/><W57/><G117/><T14/><D36/><U113/><E113/><V34/><F34/><W48/><G68/><T102/><D102/><U109/><E109/><V53/><F132/><W105/><G105/><T104/><D104/><U76/><E35/><V50/><F21/><N who="3" m="15567" /><G2/><T100/><D100/><U103/><REACH who="1" step="1"/><E76/><REACH who="1" ten="250,240,250,250" step="2"/><V99/><F1/><W8/><G47/><T97/><D78/><U84/><E84/><V39/><F3/><W120/><G120/><T0/><D75/><U131/><E131/><V4/><F99/><AGARI ba="0,1" hai="22,24,28,38,43,46,58,61,67,95,99,103,116,118" machi="99" ten="40,5200,0" yaku="1,1,25,2,53,0" doraHai="72" doraHaiUra="119" who="1" fromWho="2" sc="250,0,240,62,250,-52,250,0" /><INIT seed="1,0,0,4,2,124" ten="250,302,198,250" oya="1" hai0="13,127,27,135,34,68,41,37,97,133,48,119,35" hai1="91,73,5,112,39,58,15,67,25,114,40,125,49" hai2="56,59,75,110,122,28,43,123,2,72,14,53,19" hai3="6,36,93,79,130,52,109,100,115,17,9,105,18"/><U0/><E0/><V7/><F110/><W81/><G115/><T132/><D119/><U111/><E39/><V99/><F43/><W38/><G105/><T76/><D127/><U120/><E125/><V121/><F28/><W63/><G109/><T104/><D68/><U134/><E111/><V4/><F99/><W94/><G130/><T89/><D37/><U1/><E1/><V113/><F113/><W32/><G32/><T10/><D76/><U101/><E120/><V12/><F2/><W65/><G38/><T116/><D116/><U47/><E73/><N who="2" m="28235" /><F53/><W74/><G36/><T102/><D27/><U61/><E101/><V95/><F95/><W96/><G94/><T44/><REACH who="0" step="1"/><D89/><REACH who="0" ten="240,302,198,250" step="2"/><U20/><E91/><V108/><F108/><W131/><G79/><T117/><D117/><U71/><E71/><V57/><F19/><AGARI ba="0,1" hai="10,13,19,34,35,41,44,48,97,102,104,132,133,135" machi="19" ten="40,2600,0" yaku="1,1,20,1,53,0" doraHai="124" doraHaiUra="54" who="0" fromWho="2" sc="240,36,302,0,198,-26,250,0" /><INIT seed="2,0,0,5,0,52" ten="276,302,172,250" oya="2" hai0="98,6,56,38,96,115,106,14,86,50,88,131,20" hai1="127,13,129,87,70,41,122,120,107,101,125,62,25" hai2="51,63,133,8,9,114,53,111,15,18,113,31,83" hai3="57,55,79,103,94,95,34,0,119,104,123,21,5"/><V47/><F133/><W90/><G34/><T37/><D115/><U36/><E129/><V30/><F111/><W105/><G119/><T3/><D3/><U39/><E87/><V109/><F109/><W26/><G123/><N who="1" m="47146" /><E13/><V124/><F124/><N who="1" m="47689" /><E25/><V108/><F108/><W43/><G43/><T80/><D131/><U73/><E73/><V118/><F118/><W60/><G79/><T17/><D6/><U130/><E130/><V110/><F110/><W49/><G0/><T121/><D121/><U35/><E35/><V10/><F63/><W93/><G5/><T116/><D116/><U40/><E101/><V59/><F47/><N who="3" m="28095" /><G104/><T24/><D106/><U71/><E107/><V61/><F61/><W85/><G103/><T102/><D102/><U128/><E128/><V66/><F66/><N who="3" m="39183" /><G105/><T112/><D24/><U44/><E62/><V22/><REACH who="2" step="1"/><F83/><REACH who="2" ten="276,302,162,250" step="2"/><W76/><G76/><T29/><D80/><U48/><E48/><V69/><F69/><N who="1" m="26121" /><E44/><V1/><F1/><W4/><G4/><T2/><D2/><U58/><E58/><V99/><F99/><W12/><G12/><T65/><D98/><U75/><E75/><V33/><F33/><W19/><AGARI ba="0,1" hai="19,21,26,85,90,93,94,95" m="39183,28095" machi="19" ten="30,2000,0" yaku="8,1,52,1" doraHai="52" who="3" fromWho="3" sc="276,-5,302,-5,162,-10,250,30" /><INIT seed="3,0,0,0,2,104" ten="271,297,152,280" oya="3" hai0="103,17,110,123,131,54,0,49,56,9,66,109,22" hai1="91,88,135,25,58,1,36,5,55,76,92,122,121" hai2="63,37,48,27,115,53,14,29,24,15,129,18,47" hai3="28,65,46,105,64,119,42,32,51,94,111,59,82"/><W130/><G105/><T101/><D123/><U70/><E36/><V106/><F115/><W78/><G119/><T35/><D35/><U10/><E70/><V43/><F129/><W23/><G32/><T134/><D134/><U71/><E135/><V120/><F106/><W62/><G130/><T124/><D124/><U112/><E112/><V79/><F79/><W34/><G34/><T95/><D131/><U38/><E38/><V128/><F128/><W83/><G111/><N who="0" m="42507" /><D95/><U31/><E71/><V97/><F29/><W19/><G28/><T118/><D66/><U80/><E25/><V116/><F116/><W113/><G113/><T11/><D118/><U26/><E26/><V127/><F14/><W87/><G94/><T108/><D108/><U133/><E31/><V107/><F127/><W33/><G33/><T4/><D11/><U77/><E77/><V7/><F63/><W8/><G8/><T44/><D44/><U2/><E2/><V3/><F3/><W125/><G125/><T20/><D20/><U126/><E133/><V60/><F60/><W68/><G83/><T74/><D74/><U73/><E126/><V102/><F120/><W117/><G117/><T93/><D93/><U75/><E75/><V132/><F132/><W69/><REACH who="3" step="1"/><G65/><REACH who="3" ten="271,297,152,270" step="2"/><T57/><D9/><U84/><REACH who="1" step="1"/><E91/><REACH who="1" ten="271,287,152,270" step="2"/><V99/><F107/><W45/><G45/><T90/><D90/><U30/><E30/><V16/><F47/><W40/><G40/><T52/><D0/><U98/><E98/><V89/><F99/><W41/><G41/><T81/><D103/><U39/><E39/><RYUUKYOKU ba="0,2" sc="271,-15,287,15,152,-15,270,15" hai1="1,5,10,55,58,73,76,80,84,88,92,121,122" hai3="19,23,42,46,51,59,62,64,68,69,78,82,87" /><INIT seed="3,1,2,5,2,135" ten="256,302,137,285" oya="3" hai0="35,98,29,53,77,87,125,88,22,111,114,39,106" hai1="4,61,116,28,33,68,56,81,25,32,130,83,64" hai2="115,46,2,30,8,91,76,103,9,59,47,37,124" hai3="58,120,45,66,63,89,72,118,101,18,24,20,5"/><W70/><G118/><T123/><D39/><U40/><E33/><V74/><F115/><W112/><G112/><T107/><D123/><U27/><E116/><V21/><F103/><W51/><G120/><T10/><D114/><U11/><E130/><V0/><F91/><W54/><G72/><T15/><D35/><U97/><E25/><V105/><F105/><W19/><G101/><T96/><D111/><U1/><E40/><V67/><F76/><W6/><G89/><T102/><D77/><U95/><E68/><V92/><F92/><W80/><G80/><T131/><D131/><U84/><E84/><V133/><F133/><W48/><REACH who="3" step="1"/><G19/><REACH who="3" ten="256,302,137,275" step="2"/><T16/><D102/><AGARI ba="1,3" hai="1,4,11,27,28,32,56,61,64,81,83,95,97,102" machi="102" ten="30,1000,0" yaku="7,1" doraHai="135" who="1" fromWho="0" sc="256,-13,302,43,137,0,275,0" /><INIT seed="4,0,0,3,1,86" ten="243,345,137,275" oya="0" hai0="3,20,25,68,61,129,111,89,87,130,103,26,127" hai1="120,11,79,1,123,125,4,97,60,38,5,124,109" hai2="91,12,55,74,28,112,36,95,128,98,23,92,35" hai3="76,67,62,69,50,30,24,78,66,37,70,96,100"/><T126/><D3/><U121/><E38/><V65/><F112/><W18/><G37/><T116/><D116/><U21/><E79/><V94/><F74/><W8/><G50/><T2/><D2/><U107/><E109/><V29/><F36/><W132/><G132/><T133/><D103/><N who="1" m="62959" /><E5/><V32/><F65/><W84/><G8/><T114/><D114/><U0/><E0/><V93/><F128/><N who="0" m="49258" /><D111/><U90/><E21/><V118/><F118/><W33/><G18/><T59/><D68/><U10/><E10/><V82/><F55/><W44/><G44/><T71/><D71/><U52/><E52/><V77/><F32/><W40/><G40/><T46/><D46/><U43/><E60/><V80/><F35/><W15/><G15/><T48/><D48/><U47/><E47/><V19/><REACH who="2" step="1"/><F82/><REACH who="2" ten="243,345,127,275" step="2"/><W101/><G67/><T49/><D127/><N who="1" m="48715" /><E43/><V42/><F42/><W7/><G66/><T131/><D126/><U45/><E45/><V83/><F83/><W115/><G33/><T51/><D131/><U56/><E56/><V105/><F105/><W72/><G70/><T39/><D39/><U110/><E110/><V102/><F102/><W108/><G101/><T85/><D59/><U104/><E104/><V27/><F27/><W134/><G100/><T41/><D25/><U57/><E57/><V64/><F64/><W63/><G24/><T14/><D26/><U113/><E113/><V22/><F22/><W13/><G115/><T117/><D20/><U53/><E53/><V58/><F58/><W34/><G69/><T135/><D41/><U119/><E119/><RYUUKYOKU ba="0,1" sc="243,-15,345,15,127,15,275,-15" hai1="1,4,11,90,120,121,123" hai2="12,19,23,28,29,77,80,91,92,93,94,95,98" /><INIT seed="5,1,1,4,1,81" ten="228,360,142,260" oya="1" hai0="42,109,36,128,68,20,119,79,77,46,91,92,106" hai1="15,32,122,30,39,112,50,49,40,56,108,52,17" hai2="0,131,19,41,63,100,105,43,124,127,135,75,70" hai3="13,27,98,118,2,22,47,10,44,71,53,33,58"/><U59/><E122/><V11/><F75/><W61/><G118/><T7/><D109/><U66/><E108/><V82/><F82/><W12/><G2/><T3/><D119/><U97/><E112/><V60/><F19/><N who="3" m="12767" /><G33/><T78/><D106/><U116/><E116/><V130/><F100/><W69/><G69/><T14/><D68/><U85/><E39/><V114/><F11/><W4/><G71/><T89/><D128/><N who="2" m="49194" /><F0/><W117/><G117/><T86/><D3/><U111/><E111/><V1/><F1/><W95/><G13/><T107/><D107/><U83/><E32/><V101/><F101/><AGARI ba="1,1" hai="4,10,12,44,47,53,58,61,95,98,101" m="12767" machi="101" ten="30,1000,0" yaku="8,1" doraHai="81" who="3" fromWho="2" sc="228,0,360,0,142,-13,260,23" /><INIT seed="6,0,0,5,1,46" ten="228,360,129,283" oya="2" hai0="111,96,93,94,3,116,9,43,35,85,76,49,84" hai1="65,21,91,10,110,105,30,32,120,38,67,75,68" hai2="128,61,36,130,133,15,20,97,69,77,12,81,44" hai3="19,24,25,78,26,62,86,52,13,89,129,50,112"/><V117/><F117/><W0/><G0/><T48/><D111/><U107/><E110/><V59/><F69/><W11/><G129/><N who="2" m="49769" /><F133/><W121/><G121/><T104/><D35/><U109/><E32/><V27/><F97/><W45/><G112/><T33/><D33/><U47/><E75/><N who="2" m="43199" /><F44/><W57/><G78/><T40/><D3/><U87/><E109/><V95/><F95/><W102/><G102/><T127/><D127/><U8/><E68/><V2/><F36/><W74/><G74/><T119/><D104/><U23/><E38/><V66/><F2/><W53/><REACH who="3" step="1"/><G26/><REACH who="3" ten="228,360,129,273" step="2"/><T63/><D76/><U1/><E1/><V83/><F83/><AGARI ba="0,1" hai="11,13,19,24,25,45,50,52,53,57,62,83,86,89" machi="83" ten="30,16000,3" yaku="1,1,2,1,7,1,25,2,8,1,52,1,54,1,53,0" doraHai="46" doraHaiUra="126" who="3" fromWho="2" sc="228,0,360,0,129,-160,273,170" owari="228,-17.0,360,16.0,-31,-53.0,443,54.0" /></mjloggm>