<mjloggm ver="2.3"><GO type="169" lobby="0"/><UN n0="%E3%82%A6%E3%83%AB%E3%83%88%E3%83%A9%E7%AB%8B%E7%9B%B4" n1="%62%75%74%69%74%61%6D%61" n2="%E3%82%82%E3%83%BC%E3%82%8A%E3%83%BC" n3="%E9%AB%98%E6%A9%8B%E8%89%AF%E5%A4%AA" dan="17,17,16,16" rate="2177.07,2131.59,2091.80,2103.32" sx="M,M,M,M"/><TAIKYOKU oya="0"/><INIT seed="0,0,0,2,2,77" ten="250,250,250,250" oya="0" hai0="42,0,120,21,127,51,23,116,28,85,103,93,123" hai1="117,82,76,57,62,81,56,122,15,10,107,58,125" hai2="104,18,7,61,34,64,88,16,20,78,46,94,5" hai3="96,44,67,83,72,69,47,100,128,108,12,134,31"/><T55/><D116/><U4/><E122/><V48/><F104/><W32/><G134/><T8/><D42/><U126/><E107/><V99/><F34/><W9/><G128/><T3/><D127/><N who="1" m="48651" /><E117/><V68/><F78/><W109/><G67/><T73/><D73/><U66/><E76/><V19/><REACH who="2" step="1"/><F20/><REACH who="2" ten="250,250,240,250" step="2"/><W84/><G32/><T115/><D23/><U121/><E121/><V40/><AGARI ba="0,1" hai="5,7,16,18,19,40,46,48,61,64,68,88,94,99" machi="40" ten="30,12000,2" yaku="1,1,2,1,0,1,54,2,53,1" doraHai="77" doraHaiUra="91" who="2" fromWho="2" sc="250,-60,250,-30,240,130,250,-30" /><INIT seed="1,0,0,4,3,134" ten="190,220,370,220" oya="1" hai0="39,54,121,102,17,1,49,11,41,126,78,106,46" hai1="112,62,97,122,89,48,50,86,127,53,101,118,94" hai2="108,119,124,71,20,79,56,45,120,40,77,87,75" hai3="6,15,21,60,74,30,59,123,24,114,69,107,33"/><U72/><E122/><V70/><F120/><W10/><G123/><T66/><D121/><RYUUKYOKU type="kaze4" ba="0,0" sc="190,0,220,0,370,0,220,0" /><INIT seed="1,1,0,1,5,78" ten="190,220,370,220" oya="1" hai0="84,49,102,28,98,128,83,96,113,42,94,66,0" hai1="39,48,135,14,21,58,125,7,111,54,106,75,127" hai2="50,73,1,117,38,86,116,87,31,55,114,19,91" hai3="17,88,51,109,24,57,112,105,101,2,16,132,93"/><U134/><E106/><V63/><F73/><W29/><G112/><T25/><D0/><U15/><E75/><V8/><F114/><W103/><G2/><T53/><D113/><U71/><E71/><V89/><F38/><W18/><G132/><N who="1" m="50730" /><E39/><V45/><F31/><W77/><G109/><T92/><D66/><U126/><E111/><V68/><F68/><W90/><G105/><T79/><D42/><U120/><E120/><V110/><F110/><W22/><G77/><T62/><D62/><U123/><E123/><V80/><F63/><W11/><G11/><T36/><D36/><U118/><E118/><V107/><F107/><W37/><G37/><T115/><D115/><U85/><E7/><V95/><F1/><W6/><G6/><T9/><D9/><U59/><E59/><V129/><F129/><W56/><G90/><T60/><D60/><U46/><E85/><V108/><F108/><W35/><G35/><T119/><D119/><U72/><E72/><V100/><F100/><N who="3" m="38475" /><G51/><T81/><D128/><U121/><E121/><V3/><F3/><W131/><G131/><T70/><D70/><U97/><E97/><AGARI ba="1,0" hai="16,17,18,22,24,29,56,57,88,93,97" m="38475" machi="97" ten="30,3900,0" yaku="8,1,54,2" doraHai="78" who="3" fromWho="1" sc="190,0,220,-42,370,0,220,42" /><INIT seed="2,0,0,3,5,47" ten="190,178,370,262" oya="2" hai0="115,110,40,11,82,114,30,29,131,90,76,7,48" hai1="34,56,96,53,130,120,28,49,89,111,127,80,84" hai2="31,126,60,93,37,51,133,16,24,79,27,2,97" hai3="21,112,63,54,92,66,61,25,13,39,22,5,0"/><V100/><F37/><W77/><G39/><T86/><D110/><U121/><E111/><V12/><F2/><W26/><G0/><T95/><D131/><U73/><E130/><V17/><F126/><W10/><G112/><T81/><D115/><U9/><E127/><V38/><F38/><W15/><G77/><T52/><D40/><U69/><E69/><V20/><F133/><W116/><G116/><T72/><D82/><U103/><E73/><V19/><F79/><W46/><G92/><T105/><D105/><U99/><E9/><V118/><F118/><W68/><G63/><T101/><D101/><U43/><E43/><V1/><F1/><W107/><G107/><T91/><D91/><U65/><E65/><V23/><F60/><W44/><G13/><T75/><D75/><U35/><E96/><V67/><F67/><W14/><G15/><T102/><D102/><U57/><E57/><V135/><F135/><W59/><G21/><T85/><D72/><U36/><E36/><V45/><F12/><W4/><G4/><T87/><D87/><U62/><E62/><V98/><F98/><W122/><G5/><T108/><D108/><U6/><E6/><V104/><F104/><W42/><G42/><AGARI ba="0,0" hai="16,17,19,20,23,24,27,31,42,45,51,93,97,100" machi="42" ten="30,11600,0" yaku="7,1,8,1,52,1,54,1" doraHai="47" who="2" fromWho="3" sc="190,0,178,0,370,116,262,-116" /><INIT seed="2,1,0,1,1,121" ten="190,178,486,146" oya="2" hai0="31,45,112,99,85,26,22,17,131,127,7,125,98" hai1="32,15,25,67,72,89,55,124,109,8,113,118,48" hai2="95,11,51,12,117,76,46,40,16,21,129,0,111" hai3="115,133,19,63,56,128,114,68,71,105,110,130,35"/><V65/><F117/><W57/><G105/><T104/><D112/><N who="3" m="43049" /><G35/><T108/><D7/><U34/><E113/><V14/><F0/><W87/><G87/><T107/><D131/><N who="3" m="50217" /><G19/><T37/><D85/><U3/><E3/><V60/><F129/><W38/><G133/><T50/><D37/><U54/><E72/><V82/><F95/><W23/><G23/><T42/><D17/><U75/><E75/><V88/><F88/><W43/><G110/><T116/><D116/><U135/><E118/><V53/><F111/><W52/><G57/><T28/><D28/><U70/><E135/><V132/><F132/><W97/><G97/><T5/><D5/><U9/><E89/><V49/><F82/><W69/><G69/><T102/><D108/><U122/><E109/><V77/><F14/><W126/><G126/><T1/><D1/><U91/><E91/><V6/><F6/><W79/><G79/><T10/><D10/><U80/><E15/><V33/><F11/><W134/><G134/><T100/><AGARI ba="1,0" hai="22,26,31,42,45,50,98,99,100,102,104,107,125,127" machi="100" ten="30,2000,0" yaku="0,1,9,1" doraHai="121" who="0" fromWho="0" sc="190,23,178,-6,486,-11,146,-6" /><INIT seed="3,0,0,2,1,27" ten="213,172,475,140" oya="3" hai0="120,55,58,73,124,90,105,66,35,51,32,15,48" hai1="5,95,79,61,93,102,19,40,129,11,128,83,72" hai2="107,43,108,41,59,119,100,92,104,134,44,91,81" hai3="37,106,16,38,115,70,33,103,89,53,122,28,74"/><W78/><G122/><T132/><D120/><U64/><E19/><V99/><F119/><W8/><G70/><T101/><D73/><U121/><E121/><V45/><F108/><W10/><G10/><T75/><D75/><U125/><E40/><V65/><F134/><W69/><G69/><T114/><D66/><U26/><E26/><V22/><F22/><W110/><G115/><T30/><D101/><U109/><E109/><V25/><F25/><W46/><G110/><T18/><D105/><U84/><E125/><V20/><F20/><W60/><G89/><T86/><D124/><U71/><E72/><V88/><F59/><N who="3" m="34927" /><G28/><T111/><D30/><U96/><REACH who="1" step="1"/><E95/><REACH who="1" ten="213,162,475,140" step="2"/><V126/><F92/><W117/><G16/><T76/><D111/><U13/><AGARI ba="0,1" hai="5,11,13,61,64,71,79,83,84,93,96,102,128,129" machi="13" ten="30,4000,0" yaku="1,1,2,1,0,1,53,0" doraHai="27" doraHaiUra="34" who="1" fromWho="1" sc="213,-10,162,50,475,-10,140,-20" /><INIT seed="4,0,0,0,2,117" ten="203,212,465,120" oya="0" hai0="50,126,5,102,80,133,35,108,19,111,47,16,105" hai1="106,78,64,59,128,134,77,81,82,135,25,95,90" hai2="38,132,3,62,9,93,124,85,55,96,75,130,40" hai3="33,91,61,20,14,43,18,2,57,45,51,21,116"/><T89/><D35/><U92/><E92/><V114/><F75/><W100/><G33/><T24/><D5/><U115/><E115/><V12/><F3/><W67/><G2/><T79/><D126/><U8/><E106/><V107/><F107/><W7/><G116/><T70/><D70/><U69/><E69/><V74/><F74/><W119/><G119/><T1/><D1/><U104/><E104/><V129/><F85/><W10/><G100/><T22/><D89/><U113/><E113/><V71/><F114/><W32/><G32/><T36/><D36/><U4/><E25/><V60/><F124/><W58/><G58/><T30/><D133/><U131/><E59/><V88/><F132/><N who="1" m="50729" /><E64/><V110/><F71/><W76/><G76/><N who="1" m="29290" /><E8/><V103/><F103/><W87/><REACH who="3" step="1"/><G7/><REACH who="3" ten="203,212,465,110" step="2"/><T65/><D102/><U11/><E4/><V109/><F130/><N who="1" m="49705" /><E11/><V6/><F129/><W56/><G56/><T13/><D79/><U23/><E23/><V48/><F6/><W52/><G52/><T94/><D22/><U120/><E120/><V112/><F9/><W127/><G127/><T26/><D65/><U54/><E54/><V0/><F55/><W41/><G41/><T66/><D66/><U99/><AGARI ba="0,1" hai="81,82,90,95,99" m="49705,29290,50729" machi="99" ten="40,8000,1" yaku="20,1,19,1,34,2" doraHai="117" who="1" fromWho="1" sc="203,-40,212,90,465,-20,110,-20" /><INIT seed="5,0,0,1,5,7" ten="163,302,445,90" oya="1" hai0="39,127,90,135,82,2,62,0,75,130,49,27,43" hai1="89,74,85,45,120,16,84,117,6,70,88,10,40" hai2="54,95,24,52,92,104,14,23,98,57,41,64,22" hai3="34,99,48,18,93,29,47,63,42,116,129,5,97"/><U113/><E74/><V36/><F104/><W121/><G121/><T17/><D39/><U86/><E70/><V33/><F33/><W131/><G29/><T12/><D130/><U60/><E120/><V109/><F109/><W59/><G34/><T96/><D127/><U13/><E117/><V55/><F41/><W87/><G116/><T108/><D108/><U50/><E113/><V103/><F92/><W11/><G18/><T53/><D135/><U76/><E76/><V79/><F36/><W100/><G87/><T19/><D43/><U21/><REACH who="1" step="1"/><E60/><REACH who="1" ten="163,292,445,90" step="2"/><N who="2" m="37903" /><F79/><W51/><G51/><T46/><D62/><U69/><E69/><V68/><F68/><W105/><G131/><T4/><D75/><U123/><E123/><V119/><F119/><W37/><G129/><T67/><D49/><U8/><E8/><V9/><F24/><AGARI ba="0,1" hai="6,10,13,16,21,24,40,45,50,84,85,86,88,89" machi="24" ten="40,12000,1" yaku="1,1,8,1,52,1,54,2,53,0" doraHai="7" doraHaiUra="71" who="1" fromWho="2" sc="163,0,292,130,445,-120,90,0" /><INIT seed="5,1,0,4,0,9" ten="163,422,325,90" oya="1" hai0="101,48,39,2,12,117,44,43,38,49,58,24,130" hai1="16,84,54,67,92,91,53,34,89,70,13,104,82" hai2="113,65,64,98,109,96,31,135,63,5,52,121,55" hai3="128,68,110,83,21,75,127,60,47,11,80,50,27"/><U131/><E104/><V90/><F121/><W40/><G110/><T45/><D2/><U87/><E34/><V106/><F109/><W18/><G75/><T99/><D117/><U29/><E29/><V7/><F135/><W81/><G128/><T119/><D119/><U95/><E131/><V88/><F113/><W74/><G74/><T59/><D24/><U100/><E70/><V129/><F129/><W17/><G127/><T108/><D108/><U125/><E67/><V94/><F31/><W15/><G68/><T118/><D118/><U116/><E116/><V73/><F73/><W62/><REACH who="3" step="1"/><G17/><REACH who="3" ten="163,422,325,80" step="2"/><T28/><D130/><U23/><E125/><V102/><F106/><W71/><G71/><T61/><D28/><U69/><E69/><V76/><F5/><W107/><G107/><T10/><D39/><U120/><E120/><V123/><F7/><W0/><G0/><T114/><D38/><U93/><E100/><V134/><F102/><W30/><AGARI ba="1,1" hai="11,15,18,21,27,30,40,47,50,60,62,80,81,83" machi="30" ten="30,8000,1" yaku="1,1,0,1,8,1,52,1,53,1" doraHai="9" doraHaiUra="22" who="3" fromWho="3" sc="163,-21,422,-41,325,-21,80,93" /><INIT seed="6,0,0,5,0,46" ten="142,381,304,173" oya="2" hai0="112,74,45,19,71,5,17,24,73,126,30,57,96" hai1="13,120,36,85,7,91,40,76,134,67,78,50,88" hai2="129,131,97,101,128,20,99,33,4,87,52,54,110" hai3="81,38,132,18,55,90,116,16,105,61,114,49,130"/><V72/><F33/><W9/><G116/><T10/><D71/><U25/><E36/><V121/><F72/><W66/><G38/><T77/><D112/><U44/><E120/><V103/><F121/><W65/><G105/><T26/><D126/><U3/><E3/><V118/><F118/><W28/><G114/><T84/><D96/><N who="2" m="36938" /><F110/><W2/><G28/><T48/><D57/><U64/><E134/><V27/><F4/><W35/><G35/><T0/><D84/><U94/><E25/><V124/><F87/><W37/><G37/><T6/><D6/><U93/><E7/><V41/><F41/><W68/><G65/><N who="1" m="25162" /><E13/><V86/><F86/><AGARI ba="0,0" hai="40,44,50,76,78,85,86,88,91,93,94" m="25162" machi="86" ten="30,3900,0" yaku="8,1,52,1,54,1" doraHai="46" who="1" fromWho="2" sc="142,0,381,39,304,-39,173,0" /><INIT seed="7,0,0,0,4,11" ten="142,420,265,173" oya="3" hai0="101,128,98,74,22,110,134,23,87,83,6,50,12" hai1="65,33,38,113,67,131,99,75,8,35,45,24,118" hai2="117,120,63,62,39,21,84,104,77,88,126,69,78" hai3="68,3,130,25,27,51,73,132,85,100,36,103,122"/><W93/><G3/><T26/><D74/><U13/><E75/><V19/><F117/><W76/><G73/><T7/><D110/><U46/><E118/><V18/><F39/><W44/><G36/><T42/><D128/><U105/><E105/><V53/><F104/><W40/><G68/><T66/><D66/><U17/><E99/><V5/><F5/><W29/><G122/><T41/><D134/><U109/><E24/><N who="3" m="9290" /><G132/><T2/><D2/><U49/><E38/><V4/><F69/><W95/><G29/><T32/><D32/><U79/><E79/><V119/><F120/><W112/><G112/><T108/><D108/><U92/><E92/><N who="3" m="35402" /><G130/><T59/><D98/><U80/><E80/><AGARI ba="0,0" hai="40,44,51,76,80,85,100,103" m="35402,9290" machi="80" ten="30,1500,0" yaku="8,1" doraHai="11" who="3" fromWho="1" sc="142,0,420,-15,265,0,173,15" /><INIT seed="7,1,0,5,4,11" ten="142,405,265,188" oya="3" hai0="16,73,88,25,109,116,19,126,20,75,13,63,132" hai1="86,90,110,79,115,131,72,87,105,15,14,130,127" hai2="31,26,119,45,95,83,38,36,118,30,91,27,62" hai3="111,2,99,56,108,123,122,44,24,61,68,81,74"/><W57/><G2/><T114/><D109/><U121/><E105/><V23/><F83/><W69/><G24/><T0/><D116/><U100/><E72/><V18/><F18/><W33/><G33/><T134/><D0/><U129/><E100/><V71/><F38/><W64/><G99/><T135/><D114/><U53/><E110/><N who="3" m="42026" /><G74/><T3/><D3/><U117/><E121/><N who="3" m="46090" /><G81/><T48/><D126/><U80/><E117/><V41/><F27/><W42/><G69/><T125/><D125/><U67/><E127/><V60/><F31/><W51/><AGARI ba="1,0" hai="42,44,51,56,57,61,64,68" m="46090,42026" machi="51" ten="30,6000,0" yaku="10,1,34,2" doraHai="11" who="3" fromWho="3" sc="142,-21,405,-21,265,-21,188,63" /><INIT seed="7,2,0,0,0,63" ten="121,384,244,251" oya="3" hai0="99,6,31,70,71,100,52,76,106,60,85,16,4" hai1="135,87,92,14,24,88,115,59,82,28,27,34,132" hai2="108,72,61,19,8,58,56,117,96,109,133,0,75" hai3="18,131,62,94,110,73,69,107,123,46,33,114,44"/><W13/><G123/><T105/><D31/><U81/><E115/><V54/><F117/><W9/><G107/><T35/><D35/><U128/><E128/><V121/><F121/><W101/><G73/><T37/><D37/><U129/><E129/><V120/><F120/><W65/><G131/><T79/><D60/><U89/><E27/><V7/><F133/><N who="1" m="51273" /><E14/><V122/><F122/><W83/><G114/><T74/><D85/><N who="1" m="50231" /><E59/><V1/><F1/><W97/><G110/><T111/><D99/><U43/><E43/><V119/><F119/><W112/><G112/><T32/><D32/><U5/><E5/><V93/><F75/><W86/><REACH who="3" step="1"/><G33/><REACH who="3" ten="121,384,244,241" step="2"/><T130/><D74/><U98/><E98/><V10/><F72/><W39/><G39/><T104/><D111/><U55/><E34/><V50/><F109/><W126/><G126/><T124/><D130/><U36/><E36/><V41/><F108/><W11/><G11/><T2/><D124/><U42/><E87/><V17/><F10/><W26/><G26/><T91/><D105/><U77/><E24/><V23/><F23/><W30/><G30/><T78/><D104/><U48/><E28/><V67/><F41/><W127/><G127/><T90/><D106/><U125/><E42/><V12/><F0/><W66/><G66/><T38/><D2/><U95/><E125/><V47/><F47/><W49/><G49/><T20/><D38/><U25/><E48/><V57/><F50/><W102/><G102/><T118/><D100/><U51/><E25/><V40/><F40/><W45/><G45/><T80/><D20/><RYUUKYOKU ba="2,1" sc="121,-10,384,-10,244,-10,241,30" hai3="9,13,18,44,46,62,65,69,83,86,94,97,101" /><INIT seed="7,3,1,4,0,31" ten="111,374,234,271" oya="3" hai0="14,12,22,129,67,85,46,48,110,131,114,84,20" hai1="18,93,107,81,55,73,100,125,112,87,115,95,106" hai2="90,82,40,80,32,26,24,127,38,5,56,36,68" hai3="62,105,50,66,119,33,133,51,109,63,118,3,57"/><W88/><G3/><T39/><D67/><U2/><E2/><V65/><F68/><W8/><G105/><T102/><D46/><U10/><E73/><V75/><F127/><W126/><G126/><T6/><D102/><U29/><E29/><V16/><F5/><W30/><G133/><T117/><D48/><U70/><E70/><V134/><F134/><W43/><G109/><T86/><D6/><U96/><E125/><V121/><F121/><W11/><G119/><T60/><D60/><U94/><E106/><V97/><F75/><W61/><G118/><T91/><D91/><U98/><E55/><V9/><F38/><W128/><G128/><T120/><D117/><U124/><E124/><V108/><F40/><W71/><G88/><T99/><D99/><U25/><E25/><V0/><F36/><W113/><G63/><T123/><D39/><U116/><E116/><V41/><F41/><W4/><G113/><N who="1" m="43594" /><E18/><V23/><F108/><W19/><G19/><T37/><D37/><U15/><E10/><V27/><F9/><W44/><G50/><T17/><D114/><U53/><E15/><V122/><F0/><W35/><G4/><T34/><D110/><U83/><E53/><V59/><F122/><N who="0" m="46634" /><D34/><U72/><E72/><V135/><F32/><N who="3" m="12363" /><G30/><T1/><D1/><U104/><E87/><N who="0" m="22273" /><T69/><DORA hai="47" /><D69/><U78/><E78/><V58/><F135/><W111/><G111/><T77/><D77/><U89/><E89/><V130/><F65/><W45/><G44/><T79/><D79/><U101/><AGARI ba="3,1" hai="81,83,93,94,95,96,98,100,101,104,107" m="43594" machi="101" ten="40,5200,0" yaku="15,1,34,2" doraHai="31,47" who="1" fromWho="1" sc="111,-16,374,71,234,-16,271,-29" owari="95,-40.0,445,54.0,218,-18.0,242,4.0" /></mjloggm>