<mjloggm ver="2.3"><GO type="169" lobby="0"/><UN n0="%E3%83%A9%E3%83%83%E3%82%AD%E3%83%BC%E3%83%89%E3%83%83%E3%82%B0" n1="%E3%82%A6%E3%83%AB%E3%83%88%E3%83%A9%E7%AB%8B%E7%9B%B4" n2="%6E%65%77%E3%81%9F%E3%81%91%E3%81%93%E3%81%9E%E3%81%86" n3="%E3%83%81%E3%83%A7%E3%82%B3%E3%83%AD%E3%83%9C%E3%82%AF%E3%83%B3" dan="16,17,16,16" rate="2162.60,2145.58,2065.23,2136.97" sx="M,M,M,M"/><TAIKYOKU oya="0"/><INIT seed="0,0,0,1,3,28" ten="250,250,250,250" oya="0" hai0="78,35,74,29,6,63,56,20,75,5,8,26,25" hai1="64,0,7,65,49,91,43,54,70,80,41,18,134" hai2="112,114,119,73,129,11,99,47,40,133,100,24,93" hai3="86,50,101,111,30,126,39,3,37,131,17,14,81"/><T121/><D121/><U60/><E7/><V9/><F129/><W15/><G3/><T23/><D78/><U127/><E0/><V96/><F133/><W45/><G131/><T87/><D87/><U97/><E134/><V27/><F73/><W125/><G101/><T82/><D82/><U1/><E1/><V95/><F119/><W59/><G59/><T22/><D26/><U33/><E65/><V31/><F31/><W61/><G61/><T122/><D122/><U124/><E18/><V89/><F47/><W132/><G132/><T53/><REACH who="0" step="1"/><D5/><REACH who="0" ten="240,250,250,250" step="2"/><U76/><E76/><V52/><F114/><W51/><G86/><T88/><D88/><U102/><E91/><V123/><F112/><W36/><G81/><T57/><D57/><U79/><E80/><V48/><F123/><W130/><G130/><T118/><D118/><U21/><E79/><V32/><F89/><W84/><G84/><T19/><D19/><U10/><E124/><V83/><F83/><W12/><G17/><T104/><D104/><U4/><E127/><V46/><F46/><W115/><G115/><T90/><D90/><U72/><E4/><V103/><F103/><W13/><G45/><T34/><D34/><U66/><E33/><V62/><F32/><W69/><G125/><T109/><D109/><U116/><E102/><V117/><F100/><W107/><G111/><T85/><D85/><U55/><E97/><V106/><F96/><W16/><G107/><T2/><AGARI ba="0,1" hai="2,6,8,20,22,23,25,29,35,53,56,63,74,75" machi="2" ten="30,6000,0" yaku="1,1,0,1,52,1,53,0" doraHai="28" doraHaiUra="38" who="0" fromWho="0" sc="240,70,250,-20,250,-20,250,-20" /><INIT seed="0,1,0,4,3,65" ten="310,230,230,230" oya="0" hai0="1,122,72,24,81,69,94,103,132,64,26,67,125" hai1="20,66,29,47,70,19,108,0,116,53,28,15,109" hai2="131,44,36,107,17,68,87,43,23,2,3,22,7" hai3="133,62,57,92,45,25,11,52,117,8,4,46,58"/><T118/><D118/><U5/><E116/><V60/><F107/><W75/><G117/><T34/><D1/><U124/><E53/><V129/><F87/><W54/><G75/><T130/><D122/><U74/><E47/><V91/><F91/><W126/><G126/><T27/><D130/><N who="2" m="49674" /><F7/><W84/><G133/><T83/><D132/><U9/><E74/><V123/><F123/><W30/><G4/><T90/><D125/><U114/><E124/><V119/><F119/><W37/><G37/><T39/><D39/><U105/><E105/><V88/><F88/><N who="3" m="53255" /><G30/><T110/><D110/><N who="1" m="42603" /><E114/><V80/><F80/><W77/><G25/><T106/><D34/><U6/><E6/><V93/><F93/><W48/><G77/><T82/><D72/><U71/><E66/><N who="2" m="41031" /><F23/><W89/><G89/><T135/><D135/><U35/><E35/><V50/><F36/><W31/><G31/><AGARI ba="1,0" hai="0,5,9,15,19,20,28,29,31,70,71" m="42603" machi="31" ten="30,3900,0" yaku="14,1,52,2" doraHai="65" who="1" fromWho="3" sc="310,0,230,42,230,0,230,-42" /><INIT seed="1,0,0,5,2,42" ten="310,272,230,188" oya="1" hai0="86,85,129,75,98,70,84,107,43,118,49,39,54" hai1="102,123,53,62,7,114,41,125,23,0,56,67,1" hai2="127,77,124,38,45,115,52,34,32,26,97,122,55" hai3="80,68,128,94,83,46,132,3,9,57,99,95,63"/><U65/><E123/><V126/><F122/><W30/><G68/><T2/><D118/><U79/><E114/><V113/><F77/><W40/><G132/><T21/><D2/><U121/><E121/><V103/><F26/><W13/><G3/><T119/><D119/><U133/><E133/><V134/><F134/><W4/><G30/><T22/><D129/><U18/><E125/><V88/><F32/><W106/><G106/><T116/><D116/><U51/><E102/><V109/><F34/><W96/><G128/><T66/><D75/><U19/><E79/><V120/><F120/><W117/><G117/><T112/><D112/><N who="2" m="43082" /><F88/><N who="3" m="55367" /><G40/><T60/><D98/><U104/><E104/><N who="2" m="63599" /><F109/><W15/><G15/><T5/><D5/><U91/><E91/><V73/><F73/><W101/><G46/><N who="0" m="23935" /><D107/><U33/><E33/><V71/><F71/><W61/><G61/><T31/><D31/><U12/><E1/><V20/><F20/><W72/><G72/><T16/><D16/><N who="1" m="10631" /><E7/><V14/><F14/><W69/><G69/><T131/><D131/><U35/><E35/><V27/><F27/><W110/><G110/><T37/><D37/><U100/><E0/><V24/><F24/><W48/><G4/><T28/><D28/><U135/><E135/><V36/><F36/><W17/><G17/><N who="1" m="6154" /><E100/><V47/><F38/><W29/><G29/><T8/><D8/><U44/><AGARI ba="0,0" hai="41,44,51,53,56,62,65,67" m="6154,10631" machi="44" ten="30,6000,0" yaku="8,1,52,1,54,1" doraHai="42" who="1" fromWho="1" sc="310,-20,272,60,230,-20,188,-20" /><INIT seed="1,1,0,4,1,81" ten="290,332,210,168" oya="1" hai0="39,128,52,112,26,60,123,75,67,69,129,31,78" hai1="104,14,72,9,24,23,36,88,101,41,108,73,80" hai2="120,125,6,134,42,33,4,50,11,12,109,55,82" hai3="57,94,56,51,127,113,93,89,54,96,35,102,8"/><U90/><E104/><V63/><F120/><W44/><G113/><T133/><D112/><U10/><E101/><V106/><F106/><W110/><G110/><T132/><D123/><U34/><E34/><V115/><F115/><W2/><G35/><T76/><D39/><U85/><E108/><V1/><F109/><W45/><G127/><T3/><D3/><U38/><E90/><V61/><F125/><W18/><G56/><T71/><D71/><U111/><E111/><V95/><F33/><W83/><G83/><T46/><D75/><U65/><E65/><V114/><F114/><W7/><REACH who="3" step="1"/><G18/><REACH who="3" ten="290,332,210,158" step="2"/><T79/><D69/><U130/><E80/><V13/><F82/><W99/><AGARI ba="1,1" hai="2,7,8,44,45,51,54,57,89,93,94,96,99,102" machi="99" ten="20,8000,1" yaku="1,1,2,1,0,1,7,1,53,1" doraHai="81" doraHaiUra="5" who="3" fromWho="3" sc="290,-21,332,-41,210,-21,158,93" /><INIT seed="2,0,0,3,5,24" ten="269,291,189,251" oya="2" hai0="3,72,133,88,12,117,4,78,37,79,132,129,6" hai1="104,97,131,16,85,58,124,112,42,135,50,120,9" hai2="41,64,95,91,22,5,18,96,130,10,35,30,29" hai3="125,69,128,31,56,49,61,101,75,113,107,28,100"/><V63/><F130/><W57/><G128/><T2/><D37/><U122/><E112/><V47/><F35/><W115/><G75/><T111/><D129/><U20/><E131/><V7/><F7/><W116/><G116/><T45/><D111/><U84/><E9/><V114/><F114/><N who="3" m="43531" /><G125/><T32/><D32/><U48/><E124/><V94/><F94/><W62/><G69/><T76/><D117/><U121/><E135/><N who="0" m="51785" /><D72/><U65/><E97/><V89/><F89/><W51/><G107/><T80/><D45/><N who="1" m="25655" /><E104/><V34/><F34/><W81/><G81/><T52/><D52/><N who="1" m="32023" /><E65/><V25/><F41/><W39/><G39/><T19/><D6/><U44/><E44/><V40/><F40/><W67/><G51/><T103/><D4/><U54/><E54/><V0/><REACH who="2" step="1"/><F47/><REACH who="2" ten="269,291,179,251" step="2"/><W66/><G49/><T33/><D33/><U87/><E122/><V86/><F86/><W27/><G62/><T92/><D103/><U127/><E127/><V60/><F60/><W46/><G46/><T38/><D38/><U110/><E121/><V70/><AGARI ba="0,1" hai="0,5,10,18,22,25,29,30,63,64,70,91,95,96" machi="70" ten="20,12000,1" yaku="1,1,0,1,7,1,52,2,53,0" doraHai="24" doraHaiUra="118" who="2" fromWho="2" sc="269,-40,291,-40,179,130,251,-40" /><INIT seed="2,1,0,5,0,67" ten="229,251,309,211" oya="2" hai0="123,16,24,122,134,87,79,96,90,29,32,54,44" hai1="41,69,47,23,7,0,43,57,127,105,118,71,21" hai2="95,132,22,30,78,40,73,82,120,50,19,92,106" hai3="103,128,15,49,119,65,28,39,86,121,4,129,25"/><V70/><F120/><W99/><G39/><T97/><D134/><U53/><E105/><V26/><F106/><W64/><G121/><T51/><D79/><U83/><E118/><V104/><F104/><W27/><G119/><T125/><D125/><U72/><E127/><V133/><F70/><N who="1" m="26633" /><E53/><V3/><F3/><W75/><G75/><T9/><D123/><U94/><E57/><V110/><F110/><W76/><G49/><T5/><D122/><U113/><E43/><V14/><F40/><W131/><G25/><T91/><D91/><U17/><E17/><V36/><F36/><W98/><G103/><T55/><D55/><U74/><E94/><V80/><F80/><N who="3" m="47367" /><G15/><N who="0" m="7279" /><D5/><U59/><E59/><V11/><F50/><W48/><G4/><T52/><D54/><U109/><E74/><V85/><F73/><W61/><G48/><T77/><D77/><N who="1" m="44455" /><E109/><V117/><F117/><W88/><G88/><T108/><D108/><U126/><E126/><V31/><F31/><W45/><G45/><T56/><D56/><U18/><E18/><V102/><F102/><W116/><G116/><T93/><D93/><U101/><E101/><V37/><F37/><W42/><G42/><T66/><D66/><N who="3" m="25705" /><G61/><T60/><D60/><U10/><E113/><V38/><F38/><AGARI ba="1,0" hai="0,7,10,21,23,38,41,47" m="44455,26633" machi="38" ten="30,7700,0" yaku="25,1,52,3" doraHai="67" who="1" fromWho="2" sc="229,0,251,80,309,-80,211,0" /><INIT seed="3,0,0,0,4,57" ten="229,331,229,211" oya="3" hai0="85,105,104,26,4,101,7,18,59,61,50,60,37" hai1="109,116,45,84,9,38,48,131,97,102,76,121,63" hai2="3,32,110,12,99,23,36,24,127,117,25,64,118" hai3="65,33,67,90,132,17,81,5,0,68,56,13,128"/><W62/><G90/><T74/><D37/><U130/><E38/><V42/><F3/><W133/><G128/><T66/><D74/><U22/><E121/><V114/><F114/><W107/><G81/><T93/><D50/><U91/><E76/><V106/><F12/><W2/><G33/><T89/><D104/><U46/><E9/><V53/><F53/><W11/><G107/><T73/><D73/><U40/><E22/><V15/><F15/><W16/><G2/><T39/><D39/><U47/><E63/><N who="0" m="24137" /><D105/><N who="1" m="63695" /><E109/><V55/><F23/><N who="3" m="11663" /><G17/><T52/><D66/><N who="3" m="25097" /><G68/><T120/><D120/><U58/><E58/><V92/><F117/><W20/><G20/><N who="0" m="13591" /><D101/><U88/><E116/><V124/><F106/><W78/><G78/><T119/><D119/><U79/><E79/><V87/><F118/><W115/><G62/><N who="0" m="36199" /><D4/><U135/><E131/><V44/><F36/><W108/><G108/><T113/><D113/><U123/><E130/><V125/><F125/><W30/><G56/><T49/><D49/><U1/><E48/><V28/><F127/><W43/><G115/><T29/><D7/><U103/><E103/><V96/><F124/><W8/><G5/><T34/><D34/><U82/><E123/><V80/><F32/><W95/><G0/><T6/><D6/><U71/><E1/><V41/><F99/><W10/><G11/><T112/><D112/><U31/><E71/><V72/><F96/><W129/><G10/><T75/><D75/><U83/><E47/><V100/><F44/><W54/><G8/><T134/><D134/><U126/><E135/><V27/><F42/><RYUUKYOKU ba="0,0" sc="229,30,331,-10,229,-10,211,-10" hai0="29,85,89,93" /><INIT seed="4,1,0,5,2,90" ten="259,321,219,201" oya="0" hai0="12,59,108,132,60,126,96,62,119,44,114,127,18" hai1="134,95,58,61,33,88,64,116,135,36,80,43,113" hai2="129,42,27,39,97,101,52,14,87,5,107,30,4" hai3="120,91,89,65,67,40,38,122,54,11,63,94,72"/><T77/><D119/><U20/><E33/><V73/><F73/><W93/><G72/><T57/><D114/><U2/><E2/><V103/><F129/><W82/><G82/><T111/><D132/><N who="1" m="50731" /><E116/><V26/><F101/><W45/><G11/><T118/><D77/><U68/><E20/><V23/><F87/><N who="3" m="52415" /><G54/><T70/><D70/><U106/><E80/><V83/><F83/><W32/><G32/><T13/><D44/><N who="1" m="23655" /><E106/><V15/><F26/><W66/><G63/><N who="0" m="24107" /><D96/><N who="1" m="57447" /><E113/><V78/><F78/><W19/><G122/><T74/><D74/><U25/><E25/><V47/><F4/><W69/><G120/><T0/><D0/><U75/><E75/><V17/><F5/><W104/><G104/><T1/><D1/><U121/><E121/><V79/><F79/><W128/><G128/><T16/><D118/><U6/><E6/><V9/><F14/><N who="0" m="5738" /><D18/><U21/><E21/><V84/><F84/><W55/><G19/><T7/><D7/><U117/><E117/><V48/><REACH who="2" step="1"/><F39/><REACH who="2" ten="259,321,209,201" step="2"/><W124/><G38/><T31/><D31/><U76/><E76/><V86/><F86/><W51/><G91/><T29/><D29/><U28/><E28/><V34/><F34/><W92/><G92/><T100/><D16/><U35/><E35/><V131/><F131/><W41/><G94/><T102/><D100/><U133/><E133/><V24/><F24/><W99/><G99/><T49/><D102/><U53/><E68/><V22/><F22/><W110/><G69/><T123/><D123/><U81/><E81/><V50/><F50/><W8/><G51/><T71/><D71/><RYUUKYOKU ba="1,1" sc="259,-15,321,15,209,15,201,-15" hai1="53,58,61,64" hai2="9,15,17,23,27,30,42,47,48,52,97,103,107" /><INIT seed="5,2,1,0,3,0" ten="244,336,224,186" oya="1" hai0="80,71,9,4,60,104,36,87,86,3,48,44,10" hai1="75,39,88,25,108,24,101,68,42,81,11,61,91" hai2="109,56,6,79,102,103,69,98,110,83,121,51,8" hai3="90,14,66,113,58,124,26,49,34,45,127,64,43"/><U126/><E101/><V5/><F121/><W96/><G113/><T72/><D104/><U33/><E68/><V100/><F69/><W125/><G14/><T57/><D71/><U89/><E33/><V107/><F107/><W105/><G58/><T77/><D10/><U134/><E61/><V41/><F98/><W17/><G90/><T62/><D62/><U55/><E55/><V52/><F41/><W47/><G47/><T35/><D35/><U22/><E22/><V54/><F54/><W38/><G38/><T16/><D16/><U119/><E119/><V74/><REACH who="2" step="1"/><F8/><REACH who="2" ten="244,336,214,186" step="2"/><W13/><G96/><T15/><D9/><U93/><E42/><V19/><F19/><W67/><G105/><T21/><D36/><U116/><E11/><V40/><F40/><W46/><G43/><T85/><D44/><U31/><E39/><V84/><F84/><W23/><G49/><T82/><D87/><U53/><E93/><V118/><F118/><W131/><G131/><T59/><D86/><U63/><E53/><V112/><F112/><W94/><G94/><T128/><D85/><U95/><E95/><V122/><F122/><W99/><G99/><T27/><D128/><U97/><E97/><V70/><F70/><W129/><G129/><T133/><D72/><U106/><E116/><V50/><F50/><W111/><G111/><AGARI ba="2,2" hai="5,6,51,52,56,74,79,83,100,102,103,109,110,111" machi="111" ten="40,8000,1" yaku="1,1,52,2,54,1,53,0" doraHai="0" doraHaiUra="114" who="2" fromWho="3" sc="244,0,336,0,214,106,186,-86" /><INIT seed="6,0,0,5,3,16" ten="244,336,320,100" oya="2" hai0="110,34,35,98,23,67,118,32,106,128,104,61,33" hai1="65,105,131,9,56,60,112,69,62,122,96,50,120" hai2="81,77,132,94,57,111,10,114,26,129,93,13,53" hai3="86,68,30,66,130,59,58,103,83,76,49,84,97"/><V51/><F114/><W28/><G130/><T108/><N who="0" m="8192" /><DORA hai="37" /><T115/><D115/><U47/><E112/><V38/><F129/><W17/><G68/><T75/><D128/><U4/><E131/><V119/><F119/><W101/><G86/><T95/><D75/><U113/><E113/><V64/><F132/><W74/><G74/><T100/><D118/><U39/><E96/><V31/><F38/><W22/><G59/><T135/><D135/><U12/><E105/><V91/><F64/><W102/><G97/><T0/><D0/><U133/><E39/><V125/><F111/><W29/><G49/><T88/><D104/><U117/><E117/><V40/><F125/><W20/><REACH who="3" step="1"/><G17/><REACH who="3" ten="244,336,320,90" step="2"/><T27/><D110/><U109/><E109/><V78/><F57/><W24/><G24/><T124/><D108/><U1/><E133/><V99/><F26/><W70/><G70/><T19/><D124/><U126/><E126/><V44/><F31/><W73/><G73/><T71/><D106/><U11/><E56/><V43/><F81/><W63/><AGARI ba="0,1" hai="20,22,28,29,30,58,63,66,76,83,84,101,102,103" machi="63" ten="40,12000,2" yaku="1,1,0,1,8,1,52,2,53,1" doraHai="16,37" doraHaiUra="55,15" who="3" fromWho="3" sc="244,-30,336,-30,320,-60,90,130" /><INIT seed="7,0,0,3,0,105" ten="214,306,260,220" oya="3" hai0="126,57,80,101,7,69,40,135,49,108,107,45,10" hai1="26,77,63,87,96,92,94,2,9,71,34,19,79" hai2="18,48,39,70,122,78,41,106,31,13,81,89,75" hai3="95,125,33,14,16,42,121,59,32,22,30,110,111"/><W29/><G121/><T6/><D108/><N who="3" m="41513" /><G42/><T114/><D69/><U102/><E2/><V68/><F122/><W72/><G72/><T76/><D135/><U74/><E74/><V85/><F106/><W84/><G59/><T37/><D126/><U103/><E34/><N who="3" m="13418" /><G84/><T44/><D57/><U116/><E116/><V88/><F31/><N who="3" m="11787" /><G95/><T1/><D6/><U4/><E4/><V65/><F39/><W98/><G98/><T133/><D133/><U90/><E103/><V93/><F65/><W109/><N who="3" m="41521" /><W24/><DORA hai="67" /><G125/><T91/><D91/><U58/><E87/><V52/><F41/><W20/><G20/><T118/><D101/><U132/><E90/><V123/><F123/><W82/><G82/><T38/><D107/><U97/><E94/><V119/><F119/><W112/><G112/><T35/><D35/><U36/><E92/><V46/><F89/><W129/><G129/><T50/><D114/><U60/><E97/><V17/><F17/><W61/><G61/><T54/><D118/><U66/><E19/><V28/><F28/><W128/><G128/><T51/><D51/><U64/><E96/><V43/><F43/><W100/><G100/><T124/><D124/><U5/><E63/><V62/><F62/><W27/><AGARI ba="0,0" hai="14,16,22,24,27" m="11787,13418,41521" machi="27" ten="50,12000,1" yaku="10,1,34,2,54,1" doraHai="105,67" who="3" fromWho="3" sc="214,-40,306,-40,260,-40,220,120" owari="174,-33.0,266,7.0,220,-18.0,340,44.0" /></mjloggm>