<mjloggm ver="2.3"><GO type="169" lobby="0"/><UN n0="%53%61%67%69%6D%75" n1="%E6%A1%9C%E4%BA%95%E3%81%95%E3%82%93" n2="%E3%81%8B%E3%81%8D" n3="%E5%B0%B1%E6%B4%BB%E7%94%9F%40%E5%B7%9D%E6%9D%91%E8%BB%8D%E5%9B%A3" dan="16,17,17,19" rate="2067.58,2187.10,2168.07,2343.25" sx="M,M,M,M"/><TAIKYOKU oya="0"/><INIT seed="0,0,0,5,2,44" ten="250,250,250,250" oya="0" hai0="21,19,30,42,105,16,51,0,54,13,35,81,36" hai1="60,23,129,108,37,5,27,135,118,107,123,64,120" hai2="76,20,96,40,56,116,112,77,113,125,25,49,33" hai3="93,86,74,28,121,103,71,104,97,58,109,43,55"/><T14/><D105/><U102/><E118/><V114/><F125/><W9/><G71/><T131/><D0/><U10/><E37/><V94/><F33/><W99/><G121/><T32/><D131/><U2/><E129/><V29/><F116/><W88/><G109/><T17/><D42/><U90/><E108/><V68/><F68/><W63/><G74/><T47/><D36/><U70/><E135/><V100/><REACH who="2" step="1"/><F40/><REACH who="2" ten="250,250,240,250" step="2"/><W95/><G43/><T45/><D32/><U3/><E70/><V61/><F61/><W26/><G9/><T12/><D35/><U62/><E62/><V117/><F117/><W98/><REACH who="3" step="1"/><G104/><REACH who="3" ten="250,250,240,240" step="2"/><T78/><D30/><U31/><E10/><V106/><F106/><W119/><G119/><T75/><REACH who="0" step="1"/><D45/><REACH who="0" ten="240,250,240,240" step="2"/><U91/><E31/><V134/><F134/><W52/><G52/><AGARI ba="0,3" hai="20,25,29,49,52,56,76,77,94,96,100,112,113,114" machi="52" ten="40,8000,1" yaku="1,1,52,1,54,1,53,1" doraHai="44" doraHaiUra="18" who="2" fromWho="3" sc="240,0,250,0,240,110,240,-80" /><INIT seed="1,0,0,5,0,87" ten="240,250,350,160" oya="1" hai0="35,42,12,71,51,30,49,81,61,18,56,38,31" hai1="117,98,103,0,82,24,64,72,83,101,132,134,58" hai2="41,26,6,85,108,109,60,102,9,88,21,100,33" hai3="112,53,10,4,20,70,127,57,44,40,55,110,94"/><U63/><E0/><V2/><F33/><W131/><G70/><T73/><D71/><U34/><E117/><V116/><F116/><W91/><G112/><T129/><D129/><U8/><E8/><V74/><F74/><W45/><G131/><T27/><D31/><N who="1" m="19815" /><E72/><V76/><F76/><W75/><G75/><T22/><D38/><U80/><E98/><V84/><F84/><W67/><G127/><T69/><D69/><U114/><E114/><V124/><F41/><W17/><G110/><N who="2" m="42601" /><F60/><W97/><G67/><T95/><D42/><U96/><E96/><V13/><F2/><W123/><G123/><T133/><D133/><AGARI ba="0,0" hai="58,63,64,80,82,83,101,103,132,133,134" m="19815" machi="133" ten="30,1500,0" yaku="20,1" doraHai="87" who="1" fromWho="0" sc="240,-15,250,15,350,0,160,0" /><INIT seed="1,1,0,0,1,81" ten="225,265,350,160" oya="1" hai0="134,120,18,43,42,89,8,15,10,91,11,52,98" hai1="122,27,114,97,25,60,14,77,112,94,133,16,126" hai2="102,129,110,9,46,113,35,53,65,105,103,39,71" hai3="24,63,99,87,68,61,6,135,93,28,2,0,104"/><U78/><E122/><V83/><F35/><W50/><G135/><T86/><D120/><U92/><E133/><V66/><F110/><W123/><G123/><T131/><D131/><U73/><E126/><V58/><F129/><W55/><G104/><T5/><D134/><U90/><E114/><V57/><F113/><W127/><G127/><T96/><D89/><N who="1" m="55439" /><E73/><V33/><F33/><W62/><G68/><T59/><D5/><U101/><E101/><N who="2" m="38411" /><F105/><W56/><G6/><T13/><D96/><N who="1" m="57431" /><E112/><V107/><F71/><W109/><G109/><T100/><D98/><U30/><E30/><V106/><F106/><W67/><G67/><T88/><D100/><U29/><E29/><V117/><F117/><W74/><G74/><T36/><D36/><U132/><E60/><V115/><F39/><W34/><G99/><T51/><D91/><U26/><E132/><V130/><F130/><W4/><G4/><T76/><D76/><U70/><E70/><V44/><F115/><W3/><REACH who="3" step="1"/><G93/><REACH who="3" ten="225,265,350,150" step="2"/><N who="0" m="54423" /><D13/><U21/><AGARI ba="1,1" hai="14,16,21,25,26,27,77,78" m="57431,55439" machi="21" ten="30,3000,0" yaku="8,1,54,1" doraHai="81" who="1" fromWho="1" sc="225,-11,265,43,350,-11,150,-11" /><INIT seed="1,2,0,2,0,98" ten="214,308,339,139" oya="1" hai0="18,35,39,48,108,103,30,84,127,133,37,128,91" hai1="93,27,74,96,17,28,131,77,114,123,53,111,92" hai2="1,14,76,36,7,83,115,16,68,122,129,89,67" hai3="11,118,90,51,99,45,20,120,71,135,102,126,26"/><U23/><E114/><V9/><F122/><W117/><G120/><T97/><D108/><U121/><E131/><V85/><F36/><W62/><G126/><T13/><D127/><U56/><E111/><V107/><F107/><W54/><G135/><T43/><D128/><U10/><E92/><V109/><F109/><W42/><G11/><T44/><D30/><U105/><E105/><V95/><F129/><W59/><G71/><T46/><D35/><U106/><E106/><V87/><F115/><W66/><G90/><T81/><D44/><U100/><E74/><V49/><F49/><W88/><G88/><T104/><REACH who="0" step="1"/><D133/><REACH who="0" ten="204,308,339,139" step="2"/><U113/><E113/><V47/><F47/><W24/><G42/><T134/><D134/><U119/><E119/><V55/><F55/><W40/><G40/><T4/><D4/><U112/><E112/><V38/><F7/><W21/><G117/><T41/><D41/><U22/><E77/><V31/><F76/><W52/><G118/><T69/><D69/><U8/><E121/><V15/><F68/><W94/><REACH who="3" step="1"/><G54/><REACH who="3" ten="204,308,339,129" step="2"/><T79/><D79/><U130/><E123/><V124/><F124/><W29/><G29/><T132/><D132/><U80/><E130/><V72/><F31/><W86/><G86/><T3/><D3/><U32/><E32/><V6/><F85/><W25/><AGARI ba="2,2" hai="20,21,24,25,26,45,51,52,59,62,66,94,99,102" machi="25" ten="30,8000,1" yaku="1,1,0,1,8,1,52,1,54,1,53,0" doraHai="98" doraHaiUra="75" who="3" fromWho="3" sc="204,-22,308,-42,339,-22,129,106" /><INIT seed="2,0,0,0,1,61" ten="182,266,317,235" oya="2" hai0="119,43,2,105,27,32,54,77,4,83,59,11,35" hai1="22,73,90,23,63,78,57,127,52,118,67,134,28" hai2="20,100,65,58,106,89,85,101,98,45,48,112,6" hai3="135,15,75,126,132,62,133,36,72,79,99,70,86"/><V96/><F112/><W25/><G36/><T8/><D105/><U46/><E118/><V116/><F116/><W131/><G25/><T91/><D43/><U24/><E134/><V26/><F6/><W53/><G131/><T109/><D109/><U47/><E127/><V97/><F58/><W115/><G115/><T80/><D119/><U0/><E0/><V19/><F65/><W18/><G126/><T33/><D11/><U104/><E104/><V121/><F121/><W29/><G29/><T56/><D27/><U92/><E22/><V60/><F60/><W113/><G113/><T50/><D91/><U129/><E129/><V82/><REACH who="2" step="1"/><F106/><REACH who="2" ten="182,266,307,235" step="2"/><W103/><G62/><T66/><D59/><U93/><E67/><V123/><F123/><W111/><G70/><T124/><D124/><U64/><E64/><V9/><F9/><W76/><G111/><T12/><D66/><U68/><E68/><V95/><F95/><W49/><G132/><T102/><D2/><U34/><E93/><V125/><F125/><W51/><G133/><T130/><D130/><U38/><E92/><V37/><F37/><W94/><G135/><T16/><D4/><U31/><E38/><V21/><F21/><W128/><G128/><T13/><D80/><U110/><E110/><V81/><F81/><W40/><G94/><T10/><D83/><U122/><E122/><V42/><AGARI ba="0,1" hai="19,20,26,42,45,48,82,85,89,96,97,98,100,101" machi="42" ten="30,11700,0" yaku="1,1,0,1,8,1,53,1" doraHai="61" doraHaiUra="39" who="2" fromWho="2" sc="182,-39,266,-39,307,127,235,-39" /><INIT seed="2,1,0,2,2,45" ten="143,227,434,196" oya="2" hai0="100,18,30,67,99,72,75,128,85,88,15,31,40" hai1="1,105,51,80,32,74,133,34,47,21,43,4,22" hai2="46,61,8,37,107,48,52,112,68,23,114,49,60" hai3="6,113,131,26,29,101,73,119,83,109,10,62,69"/><V70/><F107/><W116/><G109/><T7/><D128/><U130/><E105/><V76/><F76/><W132/><G131/><T28/><D7/><U115/><E115/><N who="2" m="44075" /><F23/><W58/><G69/><N who="2" m="26729" /><F8/><W53/><G132/><T110/><D67/><U95/><E133/><V87/><F87/><W97/><G83/><T50/><D110/><U120/><E22/><V123/><F123/><W86/><G86/><T25/><D25/><U129/><E21/><V124/><F124/><W27/><G73/><T0/><D0/><U2/><E2/><V78/><F78/><W91/><G91/><T35/><D35/><U9/><E120/><V42/><F37/><W127/><G127/><T121/><D121/><U66/><E80/><V81/><F81/><W79/><G79/><T16/><D75/><U111/><E74/><V55/><F42/><W36/><G36/><T20/><D72/><U12/><E1/><V89/><F89/><W39/><G39/><T11/><D99/><U84/><E111/><V71/><F71/><W90/><G90/><T103/><D11/><U77/><E77/><V54/><F54/><W122/><G122/><T93/><D18/><U38/><E38/><V135/><F135/><W106/><G113/><T56/><D40/><U19/><E19/><V5/><F5/><W94/><G106/><T14/><D14/><U44/><E130/><V24/><F24/><N who="3" m="9259" /><G29/><T57/><D57/><AGARI ba="1,0" hai="46,48,49,52,55,57,60,61" m="26729,44075" machi="57" ten="30,12000,1" yaku="34,2,52,2,54,1" doraHai="45" who="2" fromWho="0" sc="143,-123,227,0,434,123,196,0" /><INIT seed="2,2,0,5,1,129" ten="20,227,557,196" oya="2" hai0="7,40,69,80,13,134,37,6,107,72,127,85,36" hai1="89,53,123,15,133,64,32,50,74,33,118,108,3" hai2="121,41,76,105,10,122,111,93,82,5,51,49,73" hai3="125,100,106,124,26,94,20,101,55,11,120,119,52"/><V95/><F105/><W27/><G106/><T65/><D72/><U99/><E3/><V71/><F71/><W66/><G120/><T44/><D107/><U42/><E74/><V68/><F68/><W126/><G119/><T87/><D127/><U47/><E108/><V84/><F111/><W109/><G66/><T113/><D113/><U86/><E99/><V18/><F18/><W92/><G11/><T22/><D37/><U59/><E118/><V117/><F117/><W67/><G67/><T115/><D115/><U132/><E64/><V38/><F38/><W98/><G109/><T16/><D85/><U4/><E123/><V97/><F73/><W103/><G26/><T60/><REACH who="0" step="1"/><D134/><REACH who="0" ten="10,227,557,196" step="2"/><U17/><E133/><V90/><F121/><W135/><G135/><T34/><D34/><U91/><E33/><V114/><F114/><W130/><G130/><T56/><D56/><U45/><E32/><V116/><F122/><W35/><G35/><T104/><D104/><U61/><E86/><N who="2" m="48455" /><F116/><W63/><G124/><T96/><D96/><U8/><E132/><V128/><F128/><W83/><G98/><T9/><D9/><U14/><E47/><V39/><F39/><W0/><G125/><T54/><D54/><U88/><E91/><AGARI ba="2,1" hai="6,7,13,16,22,36,40,44,60,65,69,80,87,91" machi="91" ten="30,8000,1" yaku="1,1,7,1,54,1,53,2" doraHai="129" doraHaiUra="1" who="0" fromWho="1" sc="10,96,227,-86,557,0,196,0" /><INIT seed="3,0,0,2,2,74" ten="106,141,557,196" oya="3" hai0="44,92,128,57,87,31,97,41,66,19,117,1,118" hai1="22,47,27,96,0,113,9,37,122,70,91,34,68" hai2="11,5,2,46,93,109,95,3,115,24,43,112,56" hai3="89,49,6,14,10,20,121,69,32,71,98,39,80"/><W25/><G39/><T116/><D1/><U59/><E113/><V107/><F107/><W38/><G38/><T65/><D31/><U13/><E122/><V129/><F3/><W28/><G121/><T62/><D128/><U99/><E34/><V48/><F129/><W127/><G127/><T88/><D19/><U125/><E0/><V76/><F109/><W16/><G49/><T101/><D65/><U75/><E75/><V54/><F95/><W83/><G98/><T111/><D111/><U8/><E125/><V133/><F133/><W77/><G89/><T23/><D23/><U135/><E135/><V104/><F104/><W18/><G83/><T85/><REACH who="0" step="1"/><D101/><REACH who="0" ten="96,141,557,196" step="2"/><U15/><E22/><V120/><F2/><N who="3" m="343" /><G18/><T61/><D61/><U29/><E29/><V17/><F17/><W119/><G119/><T52/><D52/><U82/><E9/><V30/><F11/><W58/><G58/><T94/><D94/><U132/><E8/><V114/><F93/><W105/><G105/><T45/><D45/><U67/><E132/><V12/><F46/><W124/><G124/><T81/><D81/><U7/><E59/><V4/><F56/><W21/><G20/><T86/><D86/><AGARI ba="0,1" hai="14,16,21,25,28,32,69,71,77,80,86" m="343" machi="86" ten="30,5800,0" yaku="24,1,52,1,54,1" doraHai="74" who="3" fromWho="0" sc="96,-58,141,0,557,0,196,68" /><INIT seed="3,1,0,5,2,106" ten="38,141,557,264" oya="3" hai0="15,78,28,50,0,94,2,34,109,39,123,47,55" hai1="75,25,7,108,96,126,130,99,129,41,9,56,79" hai2="11,51,17,66,69,80,105,107,88,13,57,48,35" hai3="8,132,4,110,53,84,100,74,102,90,73,76,46"/><W43/><G53/><T5/><D123/><U33/><E108/><V92/><F35/><W83/><G110/><T115/><D115/><U26/><E126/><V72/><F69/><W113/><G113/><T29/><D78/><U131/><E41/><V71/><F71/><W120/><G132/><T112/><D112/><U64/><E64/><V21/><F72/><W54/><G54/><T18/><D39/><U52/><E79/><V10/><F80/><W42/><G42/><T62/><D109/><U124/><E75/><N who="3" m="28682" /><G90/><T49/><D62/><N who="1" m="36103" /><E124/><V127/><F107/><W134/><G134/><T85/><D34/><U86/><E86/><V125/><F105/><W60/><G60/><T16/><D0/><N who="1" m="231" /><E33/><V118/><F118/><W37/><G37/><T128/><D2/><U45/><E45/><V36/><F36/><W70/><G70/><T67/><D67/><U135/><E135/><V1/><F127/><W101/><G101/><T111/><D111/><U61/><E61/><N who="2" m="38191" /><F125/><W95/><G95/><T24/><D5/><U103/><E99/><N who="2" m="57735" /><F1/><W22/><G120/><T77/><D77/><U58/><E58/><V44/><F44/><W40/><G40/><T68/><D68/><U6/><E6/><N who="2" m="3287" /><F11/><W104/><G104/><AGARI ba="1,0" hai="25,26,96,103,104,129,130,131" m="231,36103" machi="104" ten="30,2000,0" yaku="19,1,54,1" doraHai="106" who="1" fromWho="3" sc="38,0,141,23,557,0,264,-23" /><INIT seed="4,0,0,2,4,29" ten="38,164,557,241" oya="0" hai0="77,114,26,100,117,96,115,84,109,32,106,51,44" hai1="90,94,33,105,28,102,65,135,58,110,14,48,25" hai2="63,103,46,122,125,98,104,11,42,78,19,69,113" hai3="91,38,67,30,118,80,126,86,116,43,70,108,88"/><T97/><D117/><U6/><E110/><V134/><F122/><W61/><G108/><T1/><D109/><U82/><E135/><V124/><F134/><W39/><G126/><N who="2" m="48745" /><F113/><N who="0" m="43018" /><D1/><U35/><E82/><V41/><F78/><W54/><G54/><T119/><D119/><U10/><E102/><V130/><F130/><W128/><G128/><T120/><D120/><U66/><E105/><V3/><F19/><W75/><G75/><T74/><D96/><U13/><E13/><V72/><F72/><W22/><G91/><T34/><D74/><U8/><E8/><V85/><F85/><W5/><G5/><T24/><D84/><U18/><E6/><N who="2" m="1503" /><F46/><W81/><G81/><T21/><D77/><U62/><E48/><V133/><F133/><W17/><G39/><T16/><D24/><U101/><E101/><V15/><F15/><W127/><G127/><T76/><D76/><U123/><E123/><V7/><F7/><W56/><G118/><T121/><D121/><U37/><E37/><V68/><F68/><W53/><G116/><T89/><D89/><U132/><E132/><V60/><F69/><W52/><G70/><T31/><D31/><U12/><E12/><V4/><F4/><W99/><G30/><T71/><D71/><U36/><E36/><V64/><F98/><W92/><G99/><T0/><D0/><U50/><E90/><V73/><F73/><W87/><G87/><T20/><D20/><U9/><E9/><V27/><F27/><N who="3" m="14799" /><G80/><T47/><D47/><U95/><E25/><V40/><F103/><W111/><G111/><T2/><D2/><RYUUKYOKU ba="0,0" sc="38,15,164,-15,557,-15,241,15" hai0="16,21,26,32,34,44,51,97,100,106" hai3="38,43,52,53,56,61,67,86,88,92" /><INIT seed="4,1,0,3,5,13" ten="53,149,542,256" oya="0" hai0="20,82,23,68,58,62,21,55,72,80,124,113,75" hai1="122,126,42,119,61,91,93,4,111,25,86,14,11" hai2="81,60,40,79,65,24,64,130,70,31,44,32,110" hai3="5,52,36,76,29,90,95,83,43,41,132,117,46"/><T1/><D1/><U133/><E111/><V19/><F130/><W105/><G105/><T0/><D0/><U74/><E122/><V92/><F65/><W15/><G132/><T10/><D10/><U120/><E120/><V85/><F110/><W99/><G29/><T26/><D113/><U8/><E119/><V18/><F92/><W121/><G121/><T123/><D123/><U56/><E133/><V49/><AGARI ba="1,0" hai="18,19,24,31,32,40,44,49,60,64,70,79,81,85" machi="49" ten="20,5200,0" yaku="0,1,7,1,52,2" doraHai="13" who="2" fromWho="2" sc="53,-27,149,-14,542,55,256,-14" /><INIT seed="5,0,0,0,5,27" ten="26,135,597,242" oya="1" hai0="116,122,33,65,15,92,127,17,9,111,98,113,74" hai1="95,94,129,12,19,4,45,52,54,36,124,85,131" hai2="53,125,130,34,93,73,0,38,108,24,120,6,134" hai3="11,72,39,35,30,133,28,22,21,8,50,135,29"/><U66/><E4/><V44/><RYUUKYOKU type="yao9" ba="0,0" sc="26,0,135,0,597,0,242,0" hai2="0,6,24,34,38,44,53,73,93,108,120,125,130,134" /><INIT seed="5,1,0,0,4,134" ten="26,135,597,242" oya="1" hai0="108,80,0,119,62,84,35,69,29,2,115,88,61" hai1="12,16,82,9,60,122,73,77,42,117,63,41,94" hai2="18,87,22,90,32,21,135,110,44,72,106,121,13" hai3="30,68,75,118,67,25,96,1,81,70,74,127,3"/><U31/><E117/><V51/><F110/><W91/><G127/><T102/><D108/><U40/><E122/><V26/><F121/><W128/><G128/><T45/><D119/><U23/><REACH who="1" step="1"/><E94/><REACH who="1" ten="26,125,597,242" step="2"/><V48/><F106/><W109/><G118/><T107/><D115/><U112/><E112/><V104/><F104/><W57/><G109/><T86/><D35/><U98/><E98/><V50/><F32/><W53/><G96/><T59/><D29/><U93/><E93/><V19/><F135/><W101/><G101/><T33/><D33/><U49/><E49/><V46/><F51/><W6/><G75/><T130/><D130/><U39/><E39/><V14/><F72/><W64/><G74/><T78/><D107/><U37/><E37/><V123/><F123/><W17/><G81/><T15/><D102/><U10/><E10/><N who="2" m="6455" /><F50/><W125/><G125/><T83/><D45/><U4/><E4/><V66/><F48/><W76/><G6/><T85/><D85/><U116/><E116/><V58/><F46/><W92/><G92/><T28/><D28/><U27/><AGARI ba="1,1" hai="9,12,16,23,27,31,40,41,42,60,63,73,77,82" machi="27" ten="30,6000,0" yaku="1,1,0,1,54,1,53,0" doraHai="134" doraHaiUra="47" who="1" fromWho="1" sc="26,-21,125,73,597,-21,242,-21" /><INIT seed="5,2,0,3,0,39" ten="5,198,576,221" oya="1" hai0="95,40,34,33,9,56,108,59,58,100,81,113,80" hai1="21,72,75,49,13,27,127,55,82,109,111,83,132" hai2="10,107,105,22,19,5,119,45,129,38,91,102,85" hai3="52,79,90,44,12,31,133,53,46,106,86,130,14"/><U18/><E132/><V88/><F119/><W15/><G106/><T96/><D108/><N who="1" m="41547" /><E127/><V11/><F91/><W64/><G133/><T32/><D113/><U20/><E75/><V1/><F10/><W67/><G79/><T3/><D3/><U93/><E93/><V16/><F19/><W131/><G31/><T126/><D9/><U73/><E73/><V30/><F30/><W26/><G26/><T84/><D126/><U70/><E70/><V118/><F105/><W76/><G76/><T125/><D125/><U74/><E74/><V99/><F107/><W124/><G124/><T101/><D84/><U62/><E62/><V17/><F85/><W69/><G69/><T41/><D95/><U68/><E68/><V121/><F118/><W47/><G86/><T0/><D96/><U43/><E43/><N who="0" m="16457" /><D0/><U6/><E72/><V104/><F1/><W115/><G90/><T63/><D63/><U8/><E21/><V7/><F22/><W35/><G35/><T51/><D51/><U103/><E103/><AGARI ba="2,0" hai="32,33,34,56,58,59,80,81,100,101,103" m="16457" machi="103" ten="40,8000,1" yaku="28,2,52,3" doraHai="39" who="0" fromWho="1" sc="5,86,198,-86,576,0,221,0" /><INIT seed="6,0,0,3,2,70" ten="91,112,576,221" oya="2" hai0="8,3,107,9,83,104,39,61,65,95,79,18,21" hai1="37,72,30,46,15,63,0,75,45,53,24,115,119" hai2="50,10,36,69,64,97,132,80,52,13,81,82,128" hai3="112,60,2,124,113,57,105,103,16,77,110,14,100"/><V108/><F108/><W118/><G2/><T131/><D131/><U56/><E119/><V4/><F128/><W42/><G42/><T73/><D95/><U22/><E0/><V40/><F132/><W23/><G110/><T27/><D39/><U109/><E109/><V19/><F69/><W134/><G124/><T26/><D26/><U71/><E115/><N who="3" m="44106" /><G105/><T20/><D20/><U62/><E15/><V129/><F129/><W98/><G134/><T35/><D35/><U116/><E116/><V54/><F36/><W125/><G125/><T130/><D130/><U121/><E121/><V59/><F64/><N who="3" m="38927" /><G118/><T43/><D43/><U123/><E123/><V91/><F40/><W41/><G41/><T117/><D117/><U48/><E37/><V133/><F133/><W101/><G77/><T11/><REACH who="0" step="1"/><D3/><REACH who="0" ten="81,112,576,221" step="2"/><U31/><E22/><V85/><F80/><W92/><AGARI ba="0,1" hai="14,16,23,92,98,100,101,103" m="38927,44106" machi="92" ten="30,4000,0" yaku="15,1,11,1,54,1" doraHai="70" who="3" fromWho="3" sc="81,-10,112,-10,576,-20,221,50" /><INIT seed="7,0,0,2,0,135" ten="71,102,556,271" oya="3" hai0="91,80,67,94,89,83,62,43,13,87,8,76,99" hai1="64,65,7,30,27,56,93,6,132,55,95,46,109" hai2="68,97,134,14,38,79,37,19,47,121,101,33,48" hai3="35,23,119,86,12,92,77,40,2,125,112,57,103"/><W126/><G35/><T22/><D43/><U106/><E106/><V45/><F33/><W26/><G2/><T49/><D49/><U75/><E75/><V73/><F68/><W130/><G119/><T82/><D22/><N who="1" m="15735" /><E109/><V31/><F31/><W118/><G118/><T88/><D89/><U41/><E132/><V111/><F111/><W11/><G112/><T0/><D0/><U21/><E21/><V104/><F134/><W116/><G116/><T107/><D107/><U84/><E46/><V3/><F3/><W122/><G122/><T108/><D108/><U110/><E41/><V102/><F102/><W24/><G40/><T10/><D76/><U9/><E110/><V15/><F121/><W127/><G130/><T51/><D51/><N who="1" m="30847" /><E9/><V52/><F14/><W44/><G44/><T98/><D98/><U61/><E61/><V69/><F19/><W133/><G133/><T50/><D50/><U90/><E95/><V124/><F97/><N who="3" m="59815" /><G57/><T34/><D34/><U81/><E93/><V4/><F47/><W114/><G114/><T32/><D32/><U78/><E90/><V66/><F45/><W17/><G11/><T59/><D8/><U123/><E123/><V113/><F113/><W105/><G105/><T71/><D71/><U5/><AGARI ba="0,0" hai="5,6,7,64,65,78,81,84" m="30847,15735" machi="5" ten="30,1100,0" yaku="8,1" doraHai="135" who="1" fromWho="1" sc="71,-3,102,11,556,-3,271,-5" owari="68,-43.0,113,-29.0,553,65.0,266,7.0" /></mjloggm>