<mjloggm ver="2.3"><GO type="169" lobby="0"/><UN n0="%E3%83%88%E3%83%88%E3%83%AA%E5%85%88%E7%94%9F%31%39%E6%AD%B3" n1="%E3%82%86%E3%81%84%E3%81%A1%E3%82%83%E3%82%93%E3%81%AE%E3%83%91%E3%83%91" n2="%E3%81%8F%E3%81%86%E3%81%9F%E3%82%8D" n3="%E3%83%93%E3%82%B9%E3%82%AF%E3%83%89%E3%83%BC%E3%83%AB" dan="18,18,17,17" rate="2286.43,2150.28,2120.24,2080.02" sx="F,M,M,F"/><TAIKYOKU oya="0"/><INIT seed="0,0,0,0,1,112" ten="250,250,250,250" oya="0" hai0="27,82,39,108,97,72,47,126,66,57,81,0,67" hai1="19,104,11,65,13,130,28,134,5,78,34,56,106" hai2="105,68,70,9,99,7,120,79,101,121,74,6,83" hai3="116,26,107,53,58,117,12,71,60,122,16,93,54"/><T20/><D0/><U25/><E130/><V8/><F8/><W84/><G107/><T10/><D126/><U114/><E114/><V61/><F7/><W89/><G122/><T42/><D108/><U29/><E29/><V135/><F135/><W111/><G111/><T132/><D132/><U22/><E78/><V86/><F86/><W96/><G71/><T94/><D10/><U14/><E134/><V21/><F21/><W3/><G3/><T133/><D133/><U118/><E118/><V62/><F62/><W43/><G43/><T63/><D67/><U109/><E109/><V51/><F51/><W2/><G2/><T125/><D72/><U100/><E100/><V30/><F30/><W75/><G75/><T87/><D87/><U4/><E4/><V129/><F129/><W124/><G124/><T33/><D33/><U73/><E73/><V17/><F17/><W131/><G131/><T49/><D39/><U48/><E65/><N who="2" m="41007" /><F70/><W38/><G38/><T80/><D125/><U41/><E41/><V24/><F24/><W1/><G1/><AGARI ba="0,0" hai="1,6,9,74,79,83,99,101,105,120,121" m="41007" machi="1" ten="30,1000,0" yaku="23,1" doraHai="112" who="2" fromWho="3" sc="250,0,250,0,250,10,250,-10" /><INIT seed="1,0,0,4,5,86" ten="250,250,260,240" oya="1" hai0="60,39,111,4,89,27,121,134,66,21,124,105,82" hai1="15,26,1,16,96,35,41,42,135,73,101,95,74" hai2="94,112,14,51,63,126,76,56,55,11,90,81,38" hai3="128,71,113,123,120,131,24,65,92,44,103,54,99"/><U25/><E1/><V130/><F126/><W85/><G113/><T12/><D39/><U69/><E69/><V80/><F130/><N who="3" m="49707" /><G24/><T107/><D111/><U45/><E135/><V7/><F38/><W91/><G65/><T57/><D124/><U67/><E67/><V83/><F112/><W119/><G71/><T8/><D134/><U116/><E116/><V37/><F37/><W29/><G29/><T79/><D121/><U88/><E73/><V48/><REACH who="2" step="1"/><F76/><REACH who="2" ten="250,250,250,240" step="2"/><W10/><G119/><T33/><D79/><U32/><E32/><V61/><F61/><W87/><G123/><T118/><D33/><U129/><E129/><V132/><F132/><W68/><G120/><T127/><D127/><U110/><E110/><V98/><AGARI ba="0,1" hai="7,11,14,48,51,55,56,63,80,81,83,90,94,98" machi="98" ten="30,7900,0" yaku="1,1,0,1,8,1,52,1,53,0" doraHai="86" doraHaiUra="102" who="2" fromWho="2" sc="250,-20,250,-39,250,89,240,-20" /><INIT seed="2,0,0,5,3,98" ten="230,211,339,220" oya="2" hai0="20,64,126,114,34,27,63,52,55,59,125,8,44" hai1="100,115,72,106,127,85,32,48,93,5,116,117,76" hai2="99,65,18,67,130,50,128,22,57,69,70,84,121" hai3="10,16,60,73,23,105,120,129,4,97,51,25,131"/><V47/><F84/><W101/><G73/><T15/><D34/><U61/><E32/><V81/><F81/><W68/><G120/><T54/><D114/><U66/><E115/><V39/><F99/><W88/><G51/><T111/><D111/><U75/><E5/><V109/><F121/><W33/><G33/><T13/><D44/><U2/><E2/><V58/><F39/><W83/><G60/><T71/><D71/><N who="2" m="27146" /><F22/><W31/><G68/><T3/><D3/><U134/><E75/><V35/><F18/><W40/><G40/><T19/><REACH who="0" step="1"/><D15/><REACH who="0" ten="220,211,339,220" step="2"/><U78/><E116/><V90/><F35/><W43/><G43/><T91/><D91/><U74/><E117/><V17/><F90/><W135/><G135/><T96/><D96/><N who="1" m="61703" /><E134/><V41/><F109/><W53/><G88/><T12/><D12/><U6/><E78/><V103/><F47/><W26/><G83/><T49/><D49/><U118/><E48/><V21/><F50/><W82/><G82/><T94/><D94/><U113/><E118/><V30/><F41/><W45/><G45/><T56/><D56/><U102/><E113/><V86/><F58/><W133/><G133/><T104/><D104/><U107/><E107/><V9/><F57/><W14/><G53/><T119/><D119/><U46/><E46/><V123/><F123/><W7/><G26/><T80/><D80/><U24/><E24/><V108/><F108/><W36/><G36/><T112/><D112/><U92/><E76/><V42/><F42/><W79/><G79/><T0/><D0/><U62/><E92/><V87/><F67/><RYUUKYOKU ba="0,1" sc="220,15,211,-15,339,-15,220,15" hai0="8,13,19,20,27,52,54,55,59,63,64,125,126" hai3="4,7,10,14,16,23,25,31,97,101,105,129,131" /><INIT seed="3,1,1,5,3,126" ten="235,196,324,235" oya="3" hai0="82,4,125,68,72,133,135,1,119,6,84,115,55" hai1="49,38,70,39,108,27,42,7,40,10,15,87,101" hai2="86,102,12,120,53,114,113,112,65,77,93,69,3" hai3="109,64,13,105,104,59,95,116,80,129,22,31,131"/><W52/><G116/><T8/><D119/><U14/><E70/><V122/><F3/><W45/><G80/><T99/><D125/><U51/><E101/><V30/><F30/><W121/><G121/><N who="2" m="46697" /><F53/><W21/><G95/><T92/><D72/><U19/><E27/><V134/><F134/><N who="0" m="51210" /><D68/><U79/><E108/><V67/><F69/><W63/><G109/><T58/><D115/><U26/><E26/><V29/><F29/><W85/><G85/><T17/><D17/><U25/><E25/><V123/><F123/><W33/><G33/><T23/><D23/><N who="3" m="8713" /><G13/><T44/><D44/><U54/><E39/><V48/><F12/><W66/><G31/><T24/><D24/><U103/><E38/><V56/><F77/><W28/><G28/><T117/><D117/><U2/><E2/><V90/><F102/><W41/><G66/><T11/><D11/><U34/><E103/><V111/><F111/><W76/><G64/><T20/><D20/><U32/><E32/><V36/><F36/><N who="3" m="21671" /><G76/><N who="0" m="46151" /><D8/><U43/><E34/><V75/><F75/><W78/><G78/><T47/><D47/><N who="1" m="28031" /><E15/><V61/><F67/><W50/><G50/><AGARI ba="1,1" hai="48,50,56,61,65,86,90,93,112,113,114" m="46697" machi="50" ten="40,1300,0" yaku="13,1" doraHai="126" who="2" fromWho="3" sc="235,0,196,0,324,26,235,-16" /><INIT seed="4,0,0,5,4,71" ten="235,196,350,219" oya="0" hai0="6,102,55,2,13,9,36,75,125,59,51,3,93" hai1="16,27,80,69,12,47,82,53,127,84,118,126,35" hai2="115,124,79,40,38,70,128,18,132,11,100,64,133" hai3="26,114,81,105,97,89,68,111,73,30,108,1,54"/><T101/><D75/><U122/><E69/><V20/><F100/><W78/><G114/><T32/><D32/><U77/><E122/><V90/><F79/><W43/><G54/><T85/><D125/><U57/><E118/><V87/><F124/><W14/><G14/><T123/><D123/><U72/><E47/><N who="2" m="23959" /><F11/><W17/><G17/><T119/><D119/><U65/><E65/><V4/><F4/><W58/><G58/><T134/><D134/><U5/><E5/><V29/><F29/><W95/><G68/><T15/><D36/><U121/><E121/><V129/><F64/><W103/><G43/><T23/><D3/><U66/><E66/><V22/><F115/><W25/><G1/><T34/><D34/><U94/><E94/><N who="2" m="54623" /><F22/><W98/><G25/><T0/><D0/><U7/><E27/><N who="2" m="14743" /><F70/><W61/><G61/><T50/><D50/><U46/><E7/><V107/><F107/><W96/><G96/><T76/><D2/><U130/><E35/><AGARI ba="0,0" hai="26,30,35,73,78,81,89,95,97,98,103,105,108,111" machi="35" ten="30,1000,0" yaku="7,1" doraHai="71" who="3" fromWho="1" sc="235,0,196,-10,350,0,219,10" /><INIT seed="5,0,0,3,3,64" ten="235,186,350,229" oya="1" hai0="22,66,5,87,93,86,108,15,9,49,128,35,105" hai1="82,38,11,34,37,124,39,71,117,80,13,116,6" hai2="33,51,96,19,24,130,92,127,104,53,120,85,44" hai3="23,106,47,48,20,121,46,90,133,55,129,115,74"/><U113/><E34/><V16/><F120/><W91/><G106/><T132/><D108/><U31/><E31/><V0/><F0/><W30/><G74/><T3/><D105/><U68/><E113/><V17/><F104/><W29/><G121/><T7/><D35/><U4/><E124/><V41/><F85/><W118/><G118/><N who="1" m="45674" /><E13/><V8/><F127/><W67/><G67/><T10/><D22/><U119/><N who="1" m="45682" /><U111/><DORA hai="72" /><E11/><V2/><F33/><W84/><G115/><T28/><D28/><U110/><E82/><V98/><F24/><W26/><G84/><T81/><D15/><U131/><E80/><V114/><F114/><W101/><G101/><T122/><D81/><U112/><E112/><V78/><F8/><W102/><G102/><T18/><D9/><U95/><E95/><V42/><F2/><W61/><G26/><T32/><D93/><U43/><E43/><V36/><F42/><W126/><G126/><T14/><D3/><U60/><E60/><V62/><F62/><W100/><G61/><T70/><D32/><U40/><E40/><V54/><F92/><W63/><G63/><T50/><D14/><U12/><E12/><V77/><F41/><W21/><G23/><T79/><D10/><U97/><E97/><V99/><F99/><W123/><G21/><T27/><D27/><U94/><E94/><V59/><F98/><W75/><G20/><T135/><D66/><U134/><E134/><V52/><F96/><W58/><G29/><T65/><D65/><U107/><E107/><V45/><F19/><W109/><G30/><RYUUKYOKU ba="0,0" sc="235,0,186,0,350,0,229,0" /><INIT seed="6,1,0,0,4,13" ten="235,186,350,229" oya="2" hai0="11,88,74,40,18,67,110,127,102,33,132,111,123" hai1="130,19,131,99,118,116,34,60,58,95,77,73,87" hai2="41,133,0,16,124,55,135,75,21,76,96,56,114" hai3="42,78,62,98,120,50,27,103,28,59,9,52,68"/><V54/><F0/><W1/><G120/><T115/><D123/><U70/><E34/><V17/><F114/><W105/><G78/><T32/><D74/><U45/><E70/><V6/><F6/><W79/><G79/><T63/><D102/><U2/><E2/><V97/><F41/><W48/><G42/><T20/><D115/><U47/><E73/><V43/><F43/><W8/><G1/><T65/><D132/><U122/><E122/><V51/><F124/><W129/><G129/><N who="1" m="49162" /><E87/><V125/><F125/><W64/><G50/><T49/><D11/><U119/><E77/><V104/><F21/><AGARI ba="1,0" hai="8,9,21,27,28,48,52,59,62,64,68,98,103,105" machi="21" ten="30,2000,0" yaku="7,1,54,1" doraHai="13" who="3" fromWho="2" sc="235,0,186,0,350,-23,229,23" /><INIT seed="7,0,0,0,0,39" ten="235,186,327,252" oya="3" hai0="116,131,110,96,24,32,83,57,2,80,23,70,123" hai1="29,26,119,49,121,135,75,7,44,33,79,10,5" hai2="112,67,108,3,34,68,105,43,27,132,125,35,93" hai3="18,91,109,59,16,11,65,124,22,9,115,92,6"/><W25/><G115/><T74/><D116/><U42/><E119/><V89/><F67/><W69/><G69/><T12/><D70/><U46/><E121/><V81/><F3/><W106/><G106/><T133/><D110/><U15/><E135/><V117/><F34/><W114/><G114/><T56/><D123/><U118/><E118/><V87/><F27/><W66/><G124/><T54/><D2/><U103/><E103/><V72/><F35/><W14/><G109/><T128/><D133/><U55/><E79/><V126/><F105/><W53/><G11/><T113/><D32/><U31/><E31/><V84/><F72/><W48/><G6/><T95/><D12/><U21/><E75/><V120/><F68/><W28/><G28/><N who="0" m="17439" /><D74/><U78/><E78/><V38/><F38/><W1/><G1/><T130/><D113/><U127/><E127/><V60/><F125/><W107/><G107/><T41/><D41/><U129/><E129/><V94/><F117/><W86/><AGARI ba="0,0" hai="9,14,16,18,22,25,48,53,59,65,66,86,91,92" machi="86" ten="20,7800,0" yaku="0,1,7,1,8,1,54,1" doraHai="39" who="3" fromWho="3" sc="235,-26,186,-26,327,-26,252,78" owari="209,-19.0,160,-34.0,301,10.0,330,43.0" /></mjloggm>