<mjloggm ver="2.3"><GO type="169" lobby="0"/><UN n0="%E3%81%B6%E3%81%A3%E3%81%A8%E3%81%B3%E3%82%AB%E3%83%BC%E3%83%89" n1="%4D%61%67%69%61" n2="%E3%82%A6%E3%83%AB%E3%83%88%E3%83%A9%E7%AB%8B%E7%9B%B4" n3="%E3%81%9F%E3%82%93%E3%82%86%E3%81%86" dan="17,16,17,16" rate="2186.28,2086.82,2186.55,2103.93" sx="M,M,M,F"/><TAIKYOKU oya="0"/><INIT seed="0,0,0,1,3,80" ten="250,250,250,250" oya="0" hai0="84,117,97,22,105,0,17,59,111,11,64,96,92" hai1="20,14,75,35,66,1,36,99,54,50,126,125,87" hai2="28,81,63,58,47,24,45,114,7,18,135,42,107" hai3="76,100,3,68,55,133,23,33,37,8,134,123,26"/><T10/><D117/><U93/><E75/><V95/><F107/><W53/><G123/><T31/><D31/><U69/><E1/><V116/><F114/><W102/><G33/><T9/><D0/><U44/><E35/><V119/><F7/><W85/><G37/><T39/><D39/><U77/><E36/><V118/><F135/><N who="3" m="51723" /><G68/><T131/><D131/><U46/><E66/><V12/><F95/><W86/><G76/><T83/><D105/><U121/><E69/><V108/><F108/><W70/><G70/><T40/><D40/><U60/><E60/><V2/><F2/><W25/><G25/><N who="0" m="14543" /><D111/><U48/><E121/><V27/><F27/><W15/><G3/><T129/><D129/><U124/><E99/><N who="0" m="37961" /><D92/><U52/><E93/><V61/><F28/><N who="3" m="17503" /><G102/><T101/><D101/><U43/><E14/><V72/><F24/><W29/><G29/><T110/><D110/><U6/><E6/><V73/><F12/><W113/><G113/><T115/><D115/><U30/><E30/><V41/><F18/><N who="3" m="8551" /><G100/><T91/><D64/><U57/><E20/><V74/><F118/><W19/><G19/><T103/><D103/><U120/><E120/><V56/><F73/><W78/><G78/><T109/><D109/><U130/><E130/><V51/><F81/><W62/><G55/><T112/><D112/><U89/><E77/><V32/><F32/><W98/><G98/><T128/><D128/><U132/><E132/><V16/><F16/><W38/><G38/><T21/><D21/><U104/><E54/><V88/><F88/><W49/><G62/><T94/><D83/><RYUUKYOKU ba="0,0" sc="250,10,250,-30,250,10,250,10" hai0="9,10,11,59,84,91,94" hai2="41,42,45,47,51,56,58,61,63,72,74,116,119" hai3="49,53,85,86" /><INIT seed="0,1,0,4,0,83" ten="260,220,260,260" oya="0" hai0="27,85,92,118,105,102,45,2,43,14,62,44,71" hai1="94,29,103,125,110,1,126,47,22,73,69,41,48" hai2="32,113,70,50,114,129,34,123,52,28,4,78,115" hai3="38,109,12,33,15,39,127,128,49,58,57,0,133"/><T10/><D118/><U75/><E1/><V107/><F107/><W134/><G0/><T116/><D116/><U131/><E69/><V26/><F123/><W88/><G33/><T122/><D122/><U25/><E110/><V63/><F129/><W98/><G109/><T7/><D105/><U67/><E67/><V90/><F78/><W80/><G128/><T112/><D112/><U24/><E131/><V54/><F4/><W135/><G127/><N who="1" m="48650" /><E25/><V99/><F34/><W101/><G101/><T8/><D27/><U35/><E35/><V40/><F40/><W3/><G3/><T82/><D62/><U86/><E103/><V72/><F72/><W65/><G65/><T95/><D71/><U68/><E68/><V97/><F70/><W16/><G15/><T111/><D102/><U17/><E29/><V130/><F130/><W18/><G18/><T87/><D111/><U21/><E21/><V61/><F61/><W59/><G49/><T31/><D31/><U77/><E77/><V91/><F63/><W56/><N who="3" m="14336" /><DORA hai="119" /><W9/><REACH who="3" step="1"/><G98/><REACH who="3" ten="260,220,260,250" step="2"/><T93/><D45/><U104/><E104/><V11/><F99/><W106/><G106/><T55/><D2/><U5/><E5/><V100/><F50/><W20/><G20/><T96/><D96/><U121/><E121/><V76/><F97/><W13/><G13/><T36/><D10/><U19/><E19/><V30/><F100/><W51/><G51/><T124/><D124/><U37/><E48/><V6/><F30/><W64/><G64/><T108/><D108/><U84/><E17/><V117/><F28/><RYUUKYOKU ba="1,1" sc="260,-10,220,-10,260,-10,250,30" hai3="9,12,16,38,39,80,88,133,134,135" /><INIT seed="1,2,1,3,4,115" ten="250,210,250,280" oya="1" hai0="51,93,101,46,81,58,73,82,59,85,42,49,54" hai1="23,38,134,122,76,112,52,55,110,15,22,78,103" hai2="29,60,0,66,5,132,56,44,128,3,124,119,65" hai3="125,106,113,129,2,61,88,33,102,68,11,50,130"/><U100/><E112/><V53/><F29/><W21/><G113/><T43/><D73/><U35/><E122/><V34/><F34/><W20/><G33/><T74/><D74/><U17/><E35/><V83/><F5/><W117/><G50/><T99/><D82/><U71/><E38/><V105/><F105/><W6/><G125/><T9/><D9/><U28/><E71/><V118/><F124/><W131/><G102/><N who="1" m="38954" /><E134/><V30/><F30/><W24/><G106/><T63/><D59/><U41/><E41/><V126/><F83/><W37/><G37/><T80/><REACH who="0" step="1"/><D85/><REACH who="0" ten="240,210,250,280" step="2"/><U7/><E7/><V16/><F126/><W4/><G6/><T91/><D91/><U32/><E110/><V98/><F56/><W8/><G8/><T86/><D86/><U31/><E32/><V92/><F132/><W114/><G114/><T79/><D79/><N who="1" m="30251" /><E23/><V10/><F10/><W96/><G21/><T127/><D127/><U1/><E1/><V25/><F0/><W90/><G96/><T36/><D36/><U95/><E95/><V47/><F98/><W45/><G90/><T64/><D64/><U67/><E67/><V26/><F92/><W40/><G88/><T111/><D111/><U19/><E19/><V89/><F16/><W77/><G77/><T84/><D84/><U107/><E107/><V62/><F3/><W69/><G2/><T87/><D87/><U135/><E135/><V104/><F104/><W72/><G20/><T123/><D123/><U97/><E97/><V109/><F89/><W14/><G11/><T12/><D12/><N who="1" m="9511" /><E28/><V18/><F109/><RYUUKYOKU ba="2,2" sc="240,30,210,-10,250,-10,280,-10" hai0="42,43,46,49,51,54,58,63,80,81,93,99,101" /><INIT seed="2,3,2,5,0,6" ten="270,200,240,270" oya="2" hai0="40,33,126,107,2,88,54,74,26,1,29,117,101" hai1="131,104,36,32,50,115,7,35,64,61,5,118,83" hai2="17,24,100,75,97,52,93,13,111,57,123,109,78" hai3="94,22,23,48,105,108,0,114,44,103,59,96,81"/><V127/><F123/><W91/><G114/><T55/><D74/><U98/><E115/><V129/><F129/><W31/><G0/><T116/><D126/><U112/><E112/><V68/><F68/><W19/><G108/><N who="2" m="41545" /><F127/><W25/><G59/><T28/><D40/><U10/><E118/><N who="0" m="45673" /><D29/><U42/><E50/><N who="2" m="30871" /><F24/><N who="3" m="14431" /><G105/><T20/><D33/><U60/><E60/><V15/><F17/><W51/><G44/><T135/><D135/><U12/><E5/><V86/><F75/><W121/><G121/><T77/><D77/><U39/><E131/><V82/><AGARI ba="3,2" hai="13,15,78,82,86,93,97,100" m="30871,41545" machi="82" ten="30,6000,0" yaku="14,1,10,1,54,1" doraHai="6" who="2" fromWho="2" sc="270,-23,200,-23,240,89,270,-23" /><INIT seed="2,4,0,2,0,11" ten="247,177,329,247" oya="2" hai0="120,80,12,63,43,31,102,50,112,70,2,37,57" hai1="71,73,18,62,54,1,29,97,128,111,77,64,84" hai2="55,85,91,30,48,123,125,47,76,95,0,122,119" hai3="69,51,59,68,58,113,106,36,17,33,39,25,103"/><V20/><F0/><W100/><G25/><T40/><D120/><U94/><E111/><V88/><F119/><W116/><G51/><T24/><D2/><U118/><E118/><V28/><F125/><W65/><G116/><T110/><D112/><U105/><E1/><V108/><F108/><W121/><G17/><T6/><D37/><U126/><E126/><V109/><F109/><W117/><G117/><T61/><D102/><U7/><E7/><V133/><F133/><W3/><G3/><T23/><D70/><U27/><E128/><V74/><F74/><W89/><G89/><T13/><D6/><U135/><E135/><V4/><F76/><W66/><G106/><T93/><D93/><U21/><E73/><V56/><F4/><W16/><G16/><N who="0" m="12391" /><D80/><U86/><E105/><V42/><F20/><W8/><G8/><T26/><D110/><U10/><E77/><V44/><F123/><W41/><G41/><N who="0" m="15947" /><D50/><U92/><E92/><N who="2" m="54287" /><F122/><W52/><G121/><T134/><D134/><U81/><E81/><V104/><F104/><W79/><G79/><T124/><D124/><U49/><E10/><V130/><F130/><W72/><G72/><T127/><D127/><U78/><E78/><V75/><F75/><W34/><G113/><T98/><D98/><U38/><E38/><V115/><F115/><W87/><G87/><T82/><D82/><U32/><E94/><V67/><F95/><W15/><G69/><T45/><D45/><N who="1" m="27951" /><E97/><V129/><F129/><W19/><G68/><T53/><D63/><U131/><E131/><V107/><F107/><W83/><G34/><AGARI ba="4,0" hai="12,13,26,31,34,53,57,61" m="15947,12391" machi="34" ten="30,7700,0" yaku="6,1,52,2,54,1" doraHai="11" who="0" fromWho="3" sc="247,89,177,0,329,0,247,-89" /><INIT seed="3,0,0,3,2,16" ten="336,177,329,158" oya="3" hai0="52,135,69,40,118,106,117,103,74,98,10,64,6" hai1="97,132,68,58,91,30,3,92,102,87,19,133,125" hai2="122,75,119,110,32,7,67,49,1,56,115,48,60" hai3="44,66,47,33,11,84,29,38,17,99,77,90,73"/><W94/><G73/><T120/><D120/><U23/><E68/><V108/><F32/><W27/><G66/><T79/><D135/><N who="1" m="51787" /><E125/><V113/><F75/><W70/><G70/><T28/><D52/><U80/><E3/><V86/><F7/><W51/><G38/><T104/><D40/><U15/><E58/><V20/><F1/><W57/><G57/><T123/><D123/><U128/><E30/><V89/><F122/><W114/><G114/><T61/><D28/><U59/><E59/><V39/><F39/><W109/><G109/><N who="2" m="42089" /><F119/><W53/><G47/><T55/><D55/><U26/><E128/><V96/><F96/><W41/><G41/><T121/><D106/><U42/><E42/><V124/><F124/><W5/><G17/><T35/><D35/><U13/><AGARI ba="0,0" hai="13,15,19,23,26,80,87,91,92,97,102" m="51787" machi="13" ten="30,2000,0" yaku="20,1,52,1" doraHai="16" who="1" fromWho="1" sc="336,-5,177,20,329,-5,158,-10" /><INIT seed="4,0,0,3,1,0" ten="331,197,324,148" oya="0" hai0="63,70,127,69,104,1,46,37,9,79,81,58,66" hai1="13,131,89,51,103,29,52,71,125,23,105,128,22" hai2="132,62,80,4,113,123,3,93,10,17,40,65,135" hai3="15,68,64,28,35,53,39,96,56,102,73,78,90"/><T120/><D120/><U41/><E71/><V94/><F123/><W110/><G110/><T31/><D31/><U84/><E125/><V85/><F40/><W129/><G39/><T101/><D127/><U55/><E103/><V50/><F50/><W98/><G129/><N who="1" m="49738" /><E105/><V122/><F17/><W86/><G78/><T61/><D101/><U24/><E41/><V27/><F27/><W100/><G73/><T87/><D104/><U34/><E13/><V118/><F122/><W48/><G100/><T12/><D1/><U8/><E8/><V97/><F113/><W116/><G116/><T25/><D25/><U38/><E38/><V36/><F36/><W30/><G35/><T130/><D130/><U5/><E5/><V91/><F118/><W119/><G119/><T121/><D121/><U57/><E55/><V92/><REACH who="2" step="1"/><F97/><REACH who="2" ten="331,197,314,148" step="2"/><W45/><G98/><T117/><D117/><U43/><E43/><V88/><F88/><W77/><G96/><T11/><D37/><U54/><E24/><V95/><N who="2" m="23552" /><DORA hai="112" /><V7/><F7/><W124/><G90/><T20/><D46/><U6/><E6/><V21/><F21/><W82/><G124/><T107/><D107/><U111/><E22/><V72/><F72/><W18/><G102/><T99/><D99/><U33/><E23/><V126/><F126/><W26/><G26/><T32/><D32/><U76/><E34/><V2/><F2/><W42/><G18/><N who="0" m="8479" /><D20/><U59/><E33/><V134/><F134/><W75/><G75/><T109/><D9/><U108/><E29/><N who="3" m="11370" /><G45/><T83/><D109/><U74/><E111/><RYUUKYOKU ba="0,1" sc="331,-10,197,-10,314,30,148,-10" hai2="3,4,10,62,65,80,85,91,132,135" /><INIT seed="5,1,1,4,2,2" ten="321,187,344,138" oya="1" hai0="62,42,96,133,32,102,1,128,107,55,125,29,30" hai1="97,58,83,95,6,127,126,88,105,100,93,78,74" hai2="82,28,101,73,111,129,81,59,16,54,49,121,46" hai3="43,8,14,18,72,40,4,70,106,124,51,94,79"/><U24/><E6/><V23/><F111/><W3/><G106/><T71/><D128/><U119/><E24/><V38/><F121/><W132/><G70/><T52/><D133/><U13/><E13/><V19/><F129/><W103/><G132/><T91/><D125/><N who="1" m="47627" /><E58/><V98/><F73/><W61/><G124/><T35/><D42/><U110/><E110/><V5/><F5/><W56/><G51/><T104/><D1/><U47/><E47/><V109/><F109/><W66/><G79/><T31/><D107/><U60/><E60/><V33/><F33/><W116/><G72/><T92/><D35/><U130/><E130/><V36/><F28/><W41/><G116/><T67/><REACH who="0" step="1"/><D32/><REACH who="0" ten="311,187,344,138" step="2"/><U50/><E50/><V69/><F49/><W131/><G131/><T68/><D68/><U77/><E105/><V134/><F69/><W112/><G112/><T84/><AGARI ba="1,2" hai="29,30,31,52,55,62,67,71,84,91,92,96,102,104" machi="84" ten="30,7900,0" yaku="1,1,0,1,54,1,53,1" doraHai="2" doraHaiUra="89" who="0" fromWho="0" sc="311,102,187,-40,344,-21,138,-21" /><INIT seed="6,0,0,0,2,34" ten="413,147,323,117" oya="2" hai0="20,60,42,91,37,123,65,53,87,69,77,8,61" hai1="100,56,13,59,66,36,50,75,51,95,89,124,105" hai2="85,99,102,21,52,125,19,76,3,133,44,54,86" hai3="129,64,130,126,84,35,88,118,7,98,109,119,41"/><V10/><F125/><W67/><G35/><T90/><D123/><U115/><E36/><V0/><F133/><W116/><G41/><T31/><D77/><U94/><E124/><V83/><F86/><W22/><G126/><T25/><D8/><U80/><E115/><V113/><F113/><W45/><G45/><T96/><D96/><U101/><E105/><V73/><F73/><W79/><G22/><T131/><D131/><N who="3" m="50185" /><G64/><T120/><D120/><U117/><E117/><V14/><F44/><W103/><G67/><T15/><D15/><U28/><E75/><V82/><F82/><N who="3" m="49175" /><G7/><T132/><D132/><U4/><E28/><V57/><F21/><W29/><G29/><T111/><D111/><U2/><E2/><V93/><REACH who="2" step="1"/><F52/><REACH who="2" ten="413,147,313,117" step="2"/><W92/><G79/><T72/><D53/><U63/><E80/><V30/><F30/><W70/><G70/><T71/><D69/><U6/><E59/><V112/><F112/><W106/><G109/><T23/><D23/><U9/><E56/><V38/><F38/><W122/><G122/><T68/><D68/><U11/><E51/><AGARI ba="0,1" hai="0,3,10,14,19,51,54,57,76,83,85,93,99,102" machi="51" ten="30,12000,1" yaku="1,1,7,1,52,2,53,1" doraHai="34" doraHaiUra="48" who="2" fromWho="1" sc="413,0,147,-120,313,130,117,0" /><INIT seed="6,1,0,1,1,84" ten="413,27,443,117" oya="2" hai0="37,108,33,130,124,14,94,0,48,87,86,15,125" hai1="132,1,104,54,70,106,68,103,131,113,32,67,76" hai2="51,65,8,75,34,28,69,22,114,64,115,47,91" hai3="57,40,81,109,53,35,110,78,59,127,98,19,116"/><V18/><F75/><W44/><G116/><T23/><D37/><U58/><E76/><V133/><F133/><W92/><G35/><T9/><D33/><U30/><E132/><V6/><F28/><W52/><G19/><T73/><D73/><U29/><E29/><V100/><F100/><W126/><G59/><T11/><D108/><U82/><E113/><N who="2" m="43019" /><F34/><W46/><G46/><T96/><D23/><U79/><E131/><V88/><F69/><W105/><G105/><T12/><D48/><U121/><E1/><N who="2" m="79" /><F65/><W36/><G109/><T41/><D41/><U101/><E67/><V99/><F99/><W50/><G110/><T2/><D130/><U66/><E66/><V119/><F64/><W49/><G36/><T122/><D122/><U45/><E30/><V31/><F31/><W80/><G40/><T77/><D77/><U61/><E32/><V89/><F119/><W107/><G78/><T112/><D112/><U25/><E79/><V129/><F129/><W135/><G135/><T117/><D117/><U72/><E121/><V134/><F134/><W20/><G107/><T13/><D2/><U43/><E106/><V38/><F38/><W5/><G5/><N who="0" m="3183" /><D0/><U123/><E104/><V128/><F128/><W74/><G74/><T111/><D111/><U85/><E123/><V90/><N who="2" m="22528" /><DORA hai="17" /><V95/><F95/><W27/><G92/><T42/><D9/><U21/><E70/><V118/><F118/><W56/><G98/><T55/><D96/><U83/><E68/><V26/><F51/><W16/><G50/><T7/><D7/><U71/><E71/><RYUUKYOKU ba="1,0" sc="413,-10,27,-10,443,30,117,-10" hai2="18,22,26,47" /><INIT seed="6,2,0,4,3,44" ten="403,17,473,107" oya="2" hai0="38,56,13,54,29,37,26,116,85,55,93,78,2" hai1="118,72,15,70,40,111,81,133,42,92,107,33,104" hai2="101,7,109,80,12,68,79,134,82,130,126,131,51" hai3="61,65,90,97,45,16,84,4,75,41,34,64,27"/><V100/><F68/><W95/><G75/><T91/><D2/><U128/><E111/><V8/><F109/><W19/><G4/><T30/><D116/><U17/><E118/><V89/><F126/><W73/><G73/><T125/><D125/><U76/><E70/><V9/><F134/><W119/><G119/><T98/><D29/><U35/><E133/><V103/><F89/><W99/><G34/><T49/><D13/><U110/><E110/><V113/><F113/><W86/><G86/><T108/><D108/><U127/><E127/><V14/><F51/><N who="3" m="27055" /><G27/><T62/><D85/><U21/><E128/><N who="2" m="49195" /><F79/><W71/><G71/><T18/><D78/><U94/><E94/><V66/><F66/><N who="3" m="25707" /><G61/><T39/><D18/><AGARI ba="2,0" hai="7,8,9,12,14,18,80,82,100,101,103" m="49195" machi="18" ten="30,1500,0" yaku="19,1" doraHai="44" who="2" fromWho="0" sc="403,-21,17,0,473,21,107,0" /><AGARI ba="2,0" hai="16,18,19,84,90,95,97,99" m="25707,27055" machi="18" ten="30,3900,0" yaku="8,1,52,1,54,1" doraHai="44" who="3" fromWho="0" sc="382,-39,17,0,494,0,107,39" /><INIT seed="6,3,0,4,4,60" ten="343,17,494,146" oya="2" hai0="73,84,35,47,40,31,59,53,46,114,72,78,132" hai1="126,103,111,57,44,70,2,62,54,92,65,33,29" hai2="25,41,95,6,43,30,55,39,16,127,64,17,117" hai3="116,85,45,80,98,61,26,91,12,101,108,125,115"/><V22/><F117/><W11/><G108/><T5/><D114/><U37/><E111/><V128/><F6/><W106/><G116/><T129/><D129/><U99/><E126/><V8/><F128/><W100/><G125/><T0/><D132/><U135/><E135/><V109/><F109/><W131/><G131/><T120/><D120/><U76/><E2/><V69/><F127/><W123/><G123/><T75/><D84/><U36/><E76/><V89/><F39/><W13/><G115/><T97/><D97/><U63/><REACH who="1" step="1"/><E44/><REACH who="1" ten="343,7,494,146" step="2"/><V4/><F43/><W66/><G45/><T14/><D78/><U52/><E52/><V121/><F55/><W7/><G101/><T134/><D0/><U49/><E49/><V42/><F41/><W23/><G7/><T118/><D134/><U110/><E110/><V1/><F42/><W104/><G104/><T32/><D47/><U9/><E9/><V18/><F121/><W58/><G11/><N who="0" m="4463" /><D118/><U71/><E71/><V88/><F69/><W119/><G119/><T21/><D46/><U3/><E3/><V28/><F8/><W96/><G106/><T51/><D40/><U79/><E79/><V105/><F4/><W133/><G100/><T50/><D50/><U68/><E68/><V67/><F1/><W38/><G133/><T113/><D113/><U112/><E112/><V83/><F105/><W48/><G48/><T130/><D130/><U20/><E20/><V15/><F22/><W24/><G23/><T19/><D31/><U10/><E10/><N who="2" m="6263" /><F30/><W77/><G77/><T94/><D94/><U82/><E82/><RYUUKYOKU ba="3,1" sc="343,15,7,15,494,-15,146,-15" hai0="19,21,32,35,51,53,59,72,73,75" hai1="29,33,36,37,54,57,62,63,65,70,92,99,103" /><INIT seed="7,4,1,2,2,101" ten="358,22,479,131" oya="3" hai0="77,37,4,116,12,118,76,19,75,95,31,22,100" hai1="112,122,49,86,123,74,60,96,102,83,10,92,43" hai2="125,130,107,113,73,50,62,8,90,103,30,29,11" hai3="126,115,99,45,108,114,135,9,132,57,111,39,21"/><W15/><G57/><T105/><D37/><U133/><E60/><V38/><F90/><W35/><G35/><T66/><D66/><U128/><E49/><V67/><F103/><W98/><G126/><T16/><D4/><U36/><E10/><V14/><F14/><W69/><G69/><T42/><D42/><U89/><E43/><V28/><F29/><W104/><G39/><T94/><D31/><U47/><E47/><V109/><F8/><W70/><G70/><T48/><D48/><U121/><E36/><V68/><F11/><W53/><G21/><T124/><D124/><U71/><E71/><V2/><F67/><W131/><G131/><T110/><D110/><N who="3" m="42025" /><G53/><T25/><D75/><U0/><E0/><V106/><F2/><W91/><G45/><T51/><D51/><U27/><E27/><V63/><F68/><W64/><G64/><T65/><D65/><U40/><E40/><V44/><F44/><W119/><G119/><T32/><D32/><U3/><E3/><V52/><F52/><W120/><G120/><T88/><D100/><U59/><E59/><V127/><F38/><W97/><G15/><T17/><D12/><U55/><E55/><V87/><F109/><W20/><G20/><T18/><D18/><U129/><E112/><V134/><F113/><W84/><G9/><T54/><D54/><U79/><E133/><V34/><F134/><W80/><G132/><T13/><D13/><U85/><E85/><V82/><F127/><W46/><G135/><T81/><D22/><U61/><E61/><V41/><F125/><W93/><G115/><RYUUKYOKU ba="4,1" sc="358,-10,22,30,479,-10,131,-10" hai1="74,79,83,86,89,92,96,102,121,122,123,128,129" owari="348,15.0,52,-45.0,479,58.0,121,-28.0" /></mjloggm>