<mjloggm ver="2.3"><GO type="169" lobby="0"/><UN n0="%E3%82%A6%E3%83%AB%E3%83%88%E3%83%A9%E7%AB%8B%E7%9B%B4" n1="%6E%61%6B%61%6A%75%75%6E" n2="%68%69%6E%61%6A%69%6E%6E" n3="%E3%82%82%E3%82%81%E3%82%93%E3%81%AA%E3%81%A1%E3%82%83%E3%81%84" dan="18,17,16,18" rate="2210.78,2163.75,2135.70,2174.72" sx="M,M,M,F"/><TAIKYOKU oya="0"/><INIT seed="0,0,0,0,3,115" ten="250,250,250,250" oya="0" hai0="39,77,30,44,89,6,5,56,19,130,99,49,119" hai1="86,29,104,129,93,38,28,123,103,64,20,42,36" hai2="124,21,118,57,65,98,74,26,32,114,70,43,4" hai3="67,88,7,133,50,24,120,59,48,18,27,2,34"/><T95/><D130/><U47/><E123/><V82/><F70/><W116/><G120/><T23/><D119/><U62/><E129/><V121/><F32/><W1/><G7/><T45/><D77/><U132/><E38/><V3/><F114/><W33/><G67/><T46/><D39/><U58/><E132/><V53/><F65/><W78/><G78/><T41/><D30/><U10/><E10/><V14/><F43/><W69/><G59/><T111/><D111/><U113/><E113/><V91/><F3/><W85/><G18/><T134/><D134/><U16/><E104/><V75/><F82/><W0/><G133/><T106/><D106/><U76/><E76/><V55/><F53/><W9/><G9/><T52/><REACH who="0" step="1"/><D41/><REACH who="0" ten="240,250,250,250" step="2"/><U79/><E79/><V71/><F121/><W35/><G35/><T126/><D126/><U13/><REACH who="1" step="1"/><E103/><REACH who="1" ten="240,240,250,250" step="2"/><V61/><F124/><W105/><G105/><T100/><D100/><U12/><E12/><AGARI ba="0,2" hai="5,6,12,19,23,44,45,46,49,52,56,89,95,99" machi="12" ten="40,7700,0" yaku="1,1,8,1,54,1,53,0" doraHai="115" doraHaiUra="73" who="0" fromWho="1" sc="240,97,240,-77,250,0,250,0" /><INIT seed="0,1,0,4,2,68" ten="337,163,250,250" oya="0" hai0="13,66,20,88,86,91,69,42,43,8,6,102,100" hai1="17,53,52,15,73,112,34,63,59,48,83,124,84" hai2="44,67,1,9,99,4,31,115,119,98,118,22,80" hai3="14,58,92,89,107,35,116,50,55,56,32,71,21"/><T104/><D69/><U24/><E73/><V37/><F67/><W121/><G71/><T120/><D120/><U94/><E124/><V54/><F115/><W7/><G116/><T90/><D66/><U105/><E105/><V123/><F123/><W3/><G107/><T81/><D20/><U125/><E125/><V39/><F80/><W11/><G121/><T16/><D6/><U46/><E112/><V75/><F75/><W64/><G64/><T79/><D104/><U126/><E126/><V72/><F72/><W70/><G58/><T29/><D29/><U110/><E110/><V12/><F98/><W82/><G82/><T57/><D57/><U40/><E94/><V96/><F99/><W130/><G130/><T106/><D106/><U19/><E24/><N who="2" m="16791" /><F96/><W131/><G131/><T135/><D135/><U45/><E34/><V38/><F1/><W26/><G70/><T33/><D33/><U93/><E93/><V128/><F128/><W132/><G132/><T101/><AGARI ba="1,0" hai="8,13,16,42,43,79,81,86,88,90,91,100,101,102" machi="101" ten="30,11700,0" yaku="0,1,8,1,54,2" doraHai="68" who="0" fromWho="0" sc="337,120,163,-40,250,-40,250,-40" /><INIT seed="0,2,0,5,0,73" ten="457,123,210,210" oya="0" hai0="28,19,38,92,108,114,78,71,15,113,50,27,69" hai1="45,125,4,56,46,119,8,68,54,127,39,31,72" hai2="16,14,74,88,81,25,9,90,115,26,59,99,129" hai3="29,118,105,130,55,134,77,104,75,17,53,35,121"/><T23/><D38/><U123/><E123/><V58/><F115/><W37/><G118/><T111/><D50/><U13/><E68/><V112/><F112/><N who="0" m="43114" /><D92/><U103/><E119/><V21/><F129/><W18/><G17/><T83/><D71/><U95/><E31/><V116/><F116/><W65/><G29/><T124/><D69/><U101/><E72/><V44/><F44/><W93/><G134/><T84/><D84/><U120/><E120/><V133/><F133/><W89/><G35/><N who="0" m="20895" /><D83/><U70/><E70/><V33/><F33/><W107/><G37/><T91/><D91/><U86/><E101/><V66/><F26/><W24/><G105/><T79/><D124/><N who="1" m="47691" /><E39/><V102/><F66/><W40/><G65/><T5/><D5/><U12/><E103/><V47/><F47/><N who="1" m="17929" /><E86/><V132/><F132/><W126/><G75/><T10/><D23/><U2/><E95/><N who="2" m="58751" /><F74/><W122/><G104/><T82/><D82/><U61/><AGARI ba="2,0" hai="2,4,8,12,13,54,56,61" m="17929,47691" machi="61" ten="30,1100,0" yaku="18,1" doraHai="73" who="1" fromWho="1" sc="457,-7,123,17,210,-5,210,-5" /><INIT seed="1,0,0,5,1,104" ten="450,140,205,205" oya="1" hai0="62,89,132,113,106,47,86,30,91,61,133,40,134" hai1="63,80,114,109,15,120,98,32,127,49,64,37,34" hai2="26,116,16,117,102,53,129,39,19,81,130,68,42" hai3="84,35,4,54,45,21,70,3,121,20,88,66,90"/><U100/><E120/><V52/><F68/><W107/><G35/><T46/><D113/><U105/><E114/><V57/><F102/><W125/><G121/><T0/><D0/><U51/><E37/><V27/><F81/><W93/><G107/><T24/><D106/><U43/><E127/><V96/><F96/><W12/><G125/><T119/><D119/><N who="2" m="45642" /><F57/><W23/><G3/><T110/><D110/><U33/><E109/><V13/><F13/><W78/><G78/><T10/><D10/><U124/><E124/><V29/><F29/><W126/><G126/><T50/><D47/><U22/><E43/><V92/><F92/><W111/><G111/><T14/><D14/><U122/><E122/><V5/><F5/><W17/><G4/><T8/><D8/><U77/><E15/><V59/><F59/><W18/><G70/><T69/><D69/><U97/><E97/><V71/><F71/><W73/><G66/><T65/><D65/><U99/><E99/><V131/><F42/><W74/><G90/><N who="0" m="34315" /><D86/><U41/><E41/><V6/><F6/><W118/><G118/><T72/><D61/><U128/><E22/><N who="2" m="13639" /><F39/><W94/><G94/><T79/><D62/><U60/><E60/><V85/><F85/><W87/><G84/><T108/><D108/><U76/><E63/><V48/><F48/><N who="1" m="18505" /><E64/><V44/><F44/><W31/><G31/><T123/><D123/><U25/><E25/><V38/><F38/><W82/><G93/><T11/><D11/><U28/><E28/><V36/><F36/><W56/><G45/><T55/><D30/><U103/><E105/><RYUUKYOKU ba="0,0" sc="450,-10,140,-10,205,30,205,-10" hai2="19,27,52,53,129,130,131" /><INIT seed="2,1,0,0,1,89" ten="440,130,235,195" oya="2" hai0="65,41,36,45,54,11,130,10,124,96,106,62,67" hai1="84,91,58,85,60,37,81,14,73,13,131,16,52" hai2="17,9,126,128,117,4,32,18,92,28,53,64,78" hai3="121,83,110,47,31,97,118,20,40,135,69,70,98"/><V109/><F117/><W44/><G118/><T19/><D130/><U42/><E131/><V6/><F64/><W93/><G121/><T33/><D33/><U27/><E73/><V112/><F128/><W122/><G122/><T133/><D124/><U63/><E63/><V95/><F126/><W38/><G110/><T79/><D133/><U94/><E42/><V43/><F43/><W35/><G35/><T57/><D79/><N who="1" m="46143" /><E37/><V75/><F109/><W127/><G127/><T74/><D74/><U49/><E60/><V120/><F120/><W103/><G135/><T107/><D67/><U105/><E105/><V59/><F78/><W5/><G44/><T114/><D114/><U29/><E29/><V129/><F75/><W1/><G83/><T12/><D10/><N who="1" m="6199" /><E14/><N who="2" m="7375" /><F28/><W119/><G119/><T102/><D65/><U99/><E27/><V50/><F32/><W30/><G30/><T132/><D132/><U82/><E82/><V72/><F72/><W100/><G1/><T104/><AGARI ba="1,0" hai="11,12,19,36,41,45,54,57,62,96,102,104,106,107" machi="104" ten="20,1500,0" yaku="0,1,7,1" doraHai="89" who="0" fromWho="0" sc="440,18,130,-5,235,-8,195,-5" /><INIT seed="3,0,0,0,4,63" ten="458,125,227,190" oya="3" hai0="90,58,79,105,131,85,41,84,70,126,61,76,10" hai1="38,87,60,118,29,13,59,124,69,67,52,22,68" hai2="23,121,101,81,4,98,82,12,62,134,57,45,31" hai3="1,36,89,50,71,104,43,46,99,37,53,110,86"/><W32/><G1/><T42/><D70/><U48/><E124/><V78/><F121/><W95/><G32/><T47/><D105/><U73/><E73/><V14/><F45/><W28/><G28/><T96/><D131/><U20/><E118/><V133/><F82/><W80/><G110/><T21/><D10/><U122/><E122/><V93/><F4/><W77/><G71/><T65/><D96/><U39/><E68/><V107/><F107/><W102/><REACH who="3" step="1"/><G43/><REACH who="3" ten="458,125,227,180" step="2"/><T30/><D42/><U91/><E29/><V2/><F2/><W16/><G16/><T56/><D41/><U8/><E39/><V115/><F115/><W106/><G106/><T11/><D30/><U88/><E38/><V64/><F134/><W51/><G51/><T123/><D123/><U40/><E40/><V92/><F133/><W5/><G5/><T109/><D109/><U74/><E74/><AGARI ba="0,1" hai="36,37,46,50,53,74,77,80,86,89,95,99,102,104" machi="74" ten="30,11600,0" yaku="1,1,7,1,24,2,53,0" doraHai="63" doraHaiUra="19" who="3" fromWho="1" sc="458,0,125,-116,227,0,180,126" /><INIT seed="3,1,0,5,1,67" ten="458,9,227,306" oya="3" hai0="16,107,114,106,95,82,3,65,122,84,108,130,90" hai1="68,115,43,17,18,112,36,111,35,4,57,120,99" hai2="32,28,38,48,118,24,14,126,72,103,129,104,9" hai3="123,93,98,52,25,41,86,30,62,40,110,78,5"/><W79/><G123/><T7/><D122/><U46/><E120/><V23/><F38/><W109/><G5/><T96/><D7/><U116/><E35/><V59/><F72/><W113/><G113/><T51/><D3/><U21/><E68/><V12/><F118/><W63/><G40/><T70/><D114/><U76/><E116/><V58/><F104/><W47/><G63/><T49/><D108/><N who="3" m="41577" /><G86/><T31/><D31/><U27/><E111/><V121/><F121/><W61/><G61/><T6/><D6/><U83/><E57/><V94/><F59/><N who="3" m="35175" /><G98/><T39/><D39/><U15/><E99/><V20/><F58/><W26/><G93/><T69/><D51/><U22/><E4/><V124/><F48/><N who="3" m="26735" /><G25/><T2/><D49/><U80/><E80/><V87/><F94/><W34/><AGARI ba="1,0" hai="26,30,34,78,79" m="26735,35175,41577" machi="34" ten="30,6000,0" yaku="14,1,10,1,54,1" doraHai="67" who="3" fromWho="3" sc="458,-21,9,-21,227,-21,306,63" owari="437,53.0,-12,-51.0,206,-19.0,369,17.0" /></mjloggm>