<mjloggm ver="2.3"><GO type="169" lobby="0"/><UN n0="%E3%83%A1%E3%82%AB%E3%82%BC%E3%83%83%E3%83%88%E3%83%B3" n1="%E3%82%A6%E3%83%AB%E3%83%88%E3%83%A9%E7%AB%8B%E7%9B%B4" n2="%E3%81%86%E3%81%AA%E3%81%8E" n3="%E3%82%A2%E3%82%B4%E3%81%A3%E3%81%A6%E3%82%93%E3%81%AE%E2%99%AA" dan="18,17,17,16" rate="2230.84,2183.67,2146.38,2053.43" sx="M,M,M,F"/><TAIKYOKU oya="0"/><INIT seed="0,0,0,1,4,69" ten="250,250,250,250" oya="0" hai0="65,99,45,134,20,107,81,100,103,82,97,133,41" hai1="40,135,54,30,51,122,123,44,130,79,52,124,6" hai2="56,39,38,43,120,119,31,53,25,125,35,108,18" hai3="118,14,113,50,84,73,5,91,22,92,117,71,49"/><T55/><D65/><U34/><E30/><V19/><F120/><N who="1" m="46121" /><E34/><V127/><F108/><W2/><G113/><T4/><D4/><U21/><E21/><V95/><F119/><W128/><G71/><T70/><D70/><U23/><E23/><V131/><F131/><W88/><G73/><T76/><D55/><U94/><E94/><V32/><F32/><W116/><G128/><T74/><D20/><U96/><E96/><V93/><F43/><W33/><G33/><T78/><D45/><U12/><E79/><V29/><F35/><W11/><REACH who="3" step="1"/><G91/><REACH who="3" ten="250,250,250,240" step="2"/><T0/><D0/><U112/><E112/><V132/><F125/><W105/><G105/><N who="0" m="63631" /><D41/><U115/><E40/><V85/><F127/><W68/><G68/><T47/><D47/><U62/><E124/><V106/><F106/><W8/><G8/><T36/><D36/><U28/><E44/><V16/><F39/><W121/><G121/><T3/><D3/><U42/><E42/><V86/><F38/><W1/><G1/><T126/><D126/><U60/><E130/><V102/><F56/><W104/><G104/><T98/><D98/><U37/><E37/><V59/><F59/><W46/><G46/><T57/><D57/><U129/><E129/><V80/><F85/><AGARI ba="0,1" hai="74,76,78,81,82,85,99,103,107,133,134" m="63631" machi="85" ten="30,2900,0" yaku="34,2" doraHai="69" who="0" fromWho="2" sc="250,39,250,0,250,-29,240,0" /><INIT seed="0,1,0,1,2,13" ten="289,250,221,240" oya="0" hai0="72,111,75,39,10,57,37,133,106,65,73,131,91" hai1="113,41,119,16,130,58,38,7,85,125,29,24,124" hai2="45,17,99,48,134,32,100,23,4,54,59,21,64" hai3="22,3,52,127,6,31,40,102,103,107,87,116,122"/><T129/><D106/><U55/><E119/><V135/><F32/><W79/><G116/><T33/><D33/><U80/><E7/><V120/><F120/><W78/><G122/><T18/><D133/><N who="2" m="50698" /><F4/><W68/><G68/><T27/><D91/><U70/><E70/><V47/><F64/><W98/><G103/><T112/><D112/><U92/><E92/><N who="2" m="58471" /><F23/><W67/><G40/><T34/><D34/><U43/><E29/><V114/><F114/><W49/><G67/><T96/><D96/><U132/><E130/><N who="0" m="49673" /><D111/><U126/><E38/><V86/><F86/><W110/><G110/><T83/><D83/><U84/><E113/><V81/><F81/><W89/><G79/><T108/><D108/><U82/><E85/><V71/><F71/><W8/><G78/><T105/><D105/><U51/><E132/><V74/><F74/><W101/><G101/><T66/><D66/><U118/><E118/><V2/><F2/><W97/><G97/><T62/><D10/><U0/><E0/><V36/><F36/><W14/><G3/><T93/><D93/><U117/><E117/><V28/><F28/><W121/><G121/><T1/><D1/><U5/><E82/><V30/><F30/><W19/><G31/><T77/><D77/><U15/><E80/><V88/><F88/><W42/><G89/><T76/><D76/><U12/><E84/><V46/><F21/><AGARI ba="1,0" hai="18,21,27,37,39,57,62,65,72,73,75" m="49673" machi="21" ten="40,3900,0" yaku="19,1,52,1" doraHai="13" who="0" fromWho="2" sc="289,42,250,0,221,-42,240,0" /><INIT seed="0,2,0,5,2,78" ten="331,250,179,240" oya="0" hai0="70,3,46,4,7,55,88,134,37,12,86,61,81" hai1="68,119,97,116,53,65,107,59,111,123,62,43,98" hai2="40,122,71,9,126,13,87,115,44,84,58,67,11" hai3="50,29,64,51,91,35,14,132,99,38,121,120,27"/><T21/><D3/><U8/><E8/><V31/><F122/><N who="3" m="47211" /><G38/><T105/><D105/><U108/><E123/><V130/><F115/><W52/><G132/><T79/><D134/><U63/><E98/><V6/><F31/><W34/><G64/><T75/><D70/><U57/><E97/><V47/><F130/><W103/><G50/><T129/><D129/><U124/><E107/><V22/><F71/><W93/><G14/><T94/><D61/><N who="1" m="39983" /><E43/><V83/><F22/><N who="3" m="15607" /><G91/><T41/><REACH who="0" step="1"/><D55/><REACH who="0" ten="321,250,179,240" step="2"/><N who="1" m="34111" /><E124/><V82/><F40/><W28/><G28/><T54/><D54/><U45/><E45/><AGARI ba="2,1" hai="34,35,45,51,52,93,99,103" m="15607,47211" machi="45" ten="30,2000,0" yaku="13,1,54,1" doraHai="78" who="3" fromWho="1" sc="321,0,250,-26,179,0,240,36" /><INIT seed="1,0,0,2,3,80" ten="321,224,179,276" oya="1" hai0="59,46,7,21,79,40,121,28,127,47,130,75,132" hai1="48,103,122,55,128,125,38,19,12,87,5,16,62" hai2="135,99,134,0,56,111,97,39,92,73,33,83,86" hai3="120,77,26,31,88,29,35,51,43,13,36,98,14"/><U2/><E38/><V42/><F33/><W116/><G36/><T118/><D118/><U66/><E122/><V104/><F0/><W25/><G116/><T27/><D121/><U124/><E103/><N who="2" m="62575" /><F56/><W105/><G77/><T70/><D70/><U9/><E128/><V74/><F42/><W76/><G76/><T20/><D130/><U1/><E1/><V78/><F111/><W18/><G120/><T8/><D127/><N who="1" m="48715" /><E2/><V129/><F39/><W58/><G105/><T101/><D101/><U89/><E55/><V57/><F57/><W41/><G58/><T63/><D132/><N who="2" m="50730" /><F129/><W133/><G133/><T6/><D59/><N who="1" m="37215" /><E48/><V109/><F109/><W131/><G131/><T3/><D63/><U61/><E61/><V11/><F11/><W84/><G98/><T71/><D8/><U4/><E4/><V15/><F15/><W49/><G13/><T32/><D3/><U54/><E54/><V90/><AGARI ba="0,0" hai="73,74,78,83,86,90,92,99" m="50730,62575" machi="90" ten="30,7900,0" yaku="20,1,34,2,52,1" doraHai="80" who="2" fromWho="2" sc="321,-20,224,-39,179,79,276,-20" /><INIT seed="2,0,0,3,3,35" ten="301,185,258,256" oya="2" hai0="69,94,43,56,86,19,93,90,17,106,38,27,44" hai1="68,125,74,135,112,55,87,78,9,66,50,29,58" hai2="119,117,10,116,121,60,114,105,124,111,127,15,102" hai3="103,49,70,129,100,122,11,62,5,64,118,108,85"/><V104/><F114/><W73/><G118/><T51/><D106/><U7/><E112/><V79/><F121/><W46/><G73/><T61/><D69/><U41/><E125/><N who="2" m="48203" /><F79/><W26/><G122/><T47/><D27/><U107/><E107/><N who="2" m="41035" /><F102/><W54/><G129/><T126/><D126/><U34/><E135/><V98/><F98/><W134/><G134/><T131/><D131/><U67/><E74/><V84/><F84/><W115/><G115/><T81/><D47/><U37/><E87/><V80/><F80/><W59/><G26/><T12/><D38/><U83/><E83/><V16/><F60/><W0/><G108/><AGARI ba="0,0" hai="10,15,16,108,111,116,117,119" m="41035,48203" machi="108" ten="50,4800,0" yaku="18,1,54,1" doraHai="35" who="2" fromWho="3" sc="301,0,185,0,258,48,256,-48" /><INIT seed="2,1,0,1,0,21" ten="301,185,306,208" oya="2" hai0="66,133,31,95,116,91,86,8,103,123,52,125,62" hai1="39,36,37,89,122,77,29,15,126,79,135,130,121" hai2="9,80,34,16,107,71,108,69,17,10,84,41,85" hai3="83,75,94,33,87,114,25,120,57,128,131,88,93"/><V61/><F107/><W72/><G120/><N who="1" m="46186" /><E29/><V81/><F41/><W3/><G3/><T127/><D123/><U53/><E15/><V60/><REACH who="2" step="1"/><F34/><REACH who="2" ten="301,185,296,208" step="2"/><W82/><G114/><T109/><D116/><U24/><E130/><N who="3" m="49706" /><G57/><T40/><D40/><U35/><E35/><V98/><F98/><W55/><G33/><T45/><D127/><U22/><E126/><V115/><F115/><W27/><G55/><T6/><D52/><U110/><E53/><V38/><F38/><W106/><G106/><T117/><D125/><U65/><E36/><V48/><F48/><W42/><G42/><T101/><D117/><U28/><E37/><V76/><F76/><N who="3" m="44319" /><G72/><T100/><D133/><U70/><E39/><V74/><F74/><W92/><AGARI ba="1,1" hai="25,27,83,87,88,92,93,94" m="44319,49706" machi="92" ten="30,7900,0" yaku="19,1,52,2,54,1" doraHai="21" who="3" fromWho="3" sc="301,-21,185,-21,296,-40,208,92" /><INIT seed="3,0,0,0,0,81" ten="280,164,256,300" oya="3" hai0="106,14,54,16,96,7,105,82,100,27,11,98,134" hai1="80,88,107,132,130,61,55,24,10,38,87,37,59" hai2="41,127,95,75,133,85,101,84,126,45,32,21,113" hai3="66,62,73,39,52,110,108,93,42,15,47,60,92"/><W74/><G15/><T90/><D134/><U79/><E107/><V125/><F113/><W23/><G23/><T17/><D27/><U94/><E132/><V115/><F115/><W77/><G77/><T53/><D53/><U129/><E10/><V0/><F32/><W78/><G78/><T26/><D26/><U13/><E13/><V86/><F75/><N who="3" m="28683" /><G60/><T117/><D117/><U69/><E69/><V56/><F133/><W68/><G52/><T34/><D34/><U19/><E19/><V43/><F0/><W31/><G31/><T118/><D54/><U35/><E35/><V50/><F56/><W83/><G83/><T33/><D33/><U109/><E24/><V22/><F41/><W104/><G104/><T71/><D71/><U29/><E29/><V116/><F116/><W131/><G131/><N who="1" m="50186" /><E109/><AGARI ba="0,0" hai="39,42,47,62,66,68,92,93,108,109,110" m="28683" machi="109" ten="30,2900,0" yaku="14,1,10,1" doraHai="81" who="3" fromWho="1" sc="280,0,164,-29,256,0,300,29" /><INIT seed="3,1,0,0,3,119" ten="280,135,256,329" oya="3" hai0="72,19,123,49,133,74,70,15,34,81,98,107,91" hai1="104,120,106,79,101,114,90,37,57,12,113,112,115" hai2="96,44,71,87,61,35,46,41,121,100,63,124,16" hai3="32,73,5,47,22,40,60,128,122,82,24,13,110"/><W116/><G122/><T111/><D123/><U75/><E120/><V92/><F35/><W85/><G32/><T132/><D34/><U83/><E37/><V51/><F121/><W88/><G73/><T33/><D33/><U14/><N who="1" m="28672" /><DORA hai="8" /><U99/><E106/><V68/><F124/><W97/><G128/><T26/><D26/><U4/><E4/><V86/><F46/><W130/><G130/><T118/><D70/><U39/><E39/><V52/><F41/><W109/><G60/><N who="2" m="23113" /><F71/><W11/><G97/><T48/><D98/><U127/><E127/><V18/><F68/><W58/><G58/><T36/><D36/><U6/><E6/><V84/><AGARI ba="1,0" hai="16,18,44,51,52,84,86,87,92,96,100" m="23113" machi="84" ten="30,4000,0" yaku="8,1,54,2" doraHai="119,8" who="2" fromWho="2" sc="280,-11,135,-11,256,43,329,-21" /><INIT seed="4,0,0,2,1,113" ten="269,124,299,308" oya="0" hai0="118,125,62,87,114,117,54,99,103,127,98,90,109" hai1="60,6,122,102,18,128,5,120,133,20,38,91,134" hai2="71,86,70,26,73,25,124,97,78,89,55,96,82" hai3="51,66,23,135,1,40,72,17,43,8,24,56,129"/><T101/><D62/><U14/><E91/><V19/><F124/><N who="0" m="47690" /><D54/><U11/><E102/><N who="0" m="38921" /><D114/><U15/><E38/><V108/><F108/><W68/><G43/><T76/><D76/><U93/><E93/><V30/><F55/><W57/><G40/><T28/><D28/><U85/><E85/><V44/><F44/><W21/><G56/><T34/><D34/><U119/><E60/><V45/><F45/><W49/><G57/><T105/><D109/><U13/><E128/><V67/><F67/><W47/><G129/><T79/><D79/><U3/><E119/><N who="0" m="45577" /><D105/><U94/><E94/><AGARI ba="0,0" hai="87,90,94,98,99" m="45577,38921,47690" machi="94" ten="30,18000,2" yaku="18,1,34,2,52,3" doraHai="113" who="0" fromWho="1" sc="269,180,124,-180,299,0,308,0" owari="449,55.0,-56,-56.0,299,-10.0,308,11.0" /></mjloggm>