<mjloggm ver="2.3"><GO type="169" lobby="0"/><UN n0="%E3%82%A6%E3%83%AB%E3%83%88%E3%83%A9%E7%AB%8B%E7%9B%B4" n1="%EF%BC%93%E7%95%AA%E3%82%B7%E3%83%A7%E3%83%BC%E3%83%88%E5%9D%82%E7%94%B0" n2="%E7%A0%B4%E5%A3%8A%E3%81%A8%E8%AA%95%E7%94%9F%E3%81%AE%E7%A5%9E%E6%AE%BF" n3="%E6%9B%99%E4%B9%8B%E5%85%89" dan="18,16,16,16" rate="2231.36,2088.89,2097.94,2156.36" sx="M,M,F,F"/><TAIKYOKU oya="0"/><INIT seed="0,0,0,4,2,10" ten="250,250,250,250" oya="0" hai0="132,106,114,88,51,6,78,81,48,57,19,17,86" hai1="63,101,120,8,109,29,40,0,21,45,38,36,15" hai2="92,72,39,70,108,14,79,135,116,61,97,33,4" hai3="113,11,94,31,119,82,56,76,2,84,50,131,93"/><T122/><D114/><U41/><E120/><V52/><F108/><W77/><G119/><T115/><D115/><U110/><E0/><V65/><F39/><W3/><G113/><T73/><D122/><U124/><E101/><V75/><F33/><W49/><G131/><T98/><D6/><U95/><E124/><V64/><F135/><W32/><G77/><T74/><D132/><U37/><E95/><V35/><F35/><W118/><G118/><T117/><D117/><U7/><E63/><V13/><F116/><W80/><G80/><T112/><D112/><U26/><REACH who="1" step="1"/><E41/><REACH who="1" ten="250,240,250,250" step="2"/><V20/><F65/><W69/><G3/><T47/><D106/><U16/><E16/><V123/><F123/><W125/><G94/><N who="0" m="56647" /><D74/><U46/><E46/><V1/><F75/><W111/><G93/><T71/><D73/><U129/><E129/><V103/><F1/><W58/><G2/><T23/><D71/><U130/><E130/><V54/><F4/><W85/><G69/><T62/><D47/><U28/><E28/><V24/><F54/><W102/><G31/><T12/><D19/><U60/><E60/><V91/><F52/><AGARI ba="0,1" hai="12,17,23,48,51,52,57,62,78,81,86" m="56647" machi="52" ten="30,11600,0" yaku="8,1,52,1,54,2" doraHai="10" who="0" fromWho="2" sc="250,126,240,0,250,-116,250,0" /><INIT seed="0,1,0,4,5,63" ten="376,240,134,250" oya="0" hai0="6,100,125,17,78,47,8,77,87,48,111,24,46" hai1="23,116,38,127,21,50,126,97,121,115,26,66,85" hai2="65,4,45,99,56,25,12,90,95,2,107,130,67" hai3="134,104,69,36,120,131,49,124,61,93,110,14,62"/><T81/><D125/><N who="1" m="47627" /><E38/><V39/><F130/><W105/><G131/><T60/><D111/><U0/><E0/><V103/><F2/><W88/><G124/><T132/><D132/><U70/><E121/><V123/><F123/><W53/><G120/><T122/><D122/><U13/><E116/><V9/><F56/><W37/><G110/><T32/><D100/><U22/><E115/><V74/><F74/><W118/><G118/><T83/><D60/><N who="1" m="40263" /><E97/><V43/><REACH who="2" step="1"/><F25/><REACH who="2" ten="376,240,124,250" step="2"/><W44/><G134/><T135/><D135/><U109/><E26/><V20/><F20/><W108/><G108/><T129/><D129/><U29/><E23/><V31/><F31/><W3/><G3/><T68/><D24/><U94/><E22/><V91/><F91/><W28/><G28/><T35/><D78/><U73/><E21/><V11/><F11/><W27/><G27/><T98/><D77/><U96/><E29/><V42/><F42/><W106/><G14/><T80/><D8/><U41/><E13/><V75/><F75/><W64/><REACH who="3" step="1"/><G62/><REACH who="3" ten="376,240,124,240" step="2"/><T1/><D1/><U76/><E109/><V82/><F82/><W18/><G18/><T133/><D83/><U7/><E7/><V16/><F16/><W102/><G102/><T79/><D17/><U57/><E76/><V114/><F114/><W89/><G89/><N who="0" m="51431" /><D6/><U84/><E73/><V59/><F59/><W71/><G71/><T92/><D68/><U15/><E57/><V33/><F33/><W113/><G113/><T86/><D133/><U30/><E30/><V52/><F52/><W55/><G55/><T40/><D32/><RYUUKYOKU ba="1,2" sc="376,-15,240,-15,124,15,240,15" hai2="4,9,12,39,43,45,65,67,90,95,99,103,107" hai3="36,37,44,49,53,61,64,69,88,93,104,105,106" /><INIT seed="1,2,2,5,1,106" ten="361,225,139,255" oya="1" hai0="10,73,119,112,77,39,75,101,53,67,21,54,87" hai1="59,23,134,32,30,15,84,18,42,128,49,123,44" hai2="52,0,14,105,66,110,113,133,88,58,50,127,62" hai3="65,5,16,43,56,98,51,48,33,35,102,28,27"/><U19/><E123/><V83/><F110/><W1/><G33/><T125/><D112/><U108/><E134/><V22/><F113/><W132/><G132/><T131/><D39/><U61/><E108/><V135/><F0/><W89/><G89/><T17/><D119/><U11/><E128/><V6/><F105/><W124/><G124/><T25/><D101/><U115/><E115/><V121/><F127/><W55/><G65/><T4/><D125/><U38/><E38/><V40/><F40/><W91/><G91/><T31/><D67/><U8/><E32/><V118/><F121/><W63/><G43/><T107/><D107/><U111/><E111/><V80/><F118/><W60/><G60/><T20/><D131/><U92/><E30/><V103/><F103/><W97/><G97/><T129/><D87/><U117/><E117/><V79/><F80/><W120/><G120/><T81/><D73/><U99/><E84/><V57/><F88/><W41/><G41/><T29/><D129/><U36/><E36/><V47/><F47/><W122/><G16/><T26/><REACH who="0" step="1"/><D17/><REACH who="0" ten="351,225,139,255" step="2"/><U96/><E19/><V74/><REACH who="2" step="1"/><F22/><REACH who="2" ten="351,225,129,255" step="2"/><N who="3" m="15479" /><G102/><T70/><D70/><U78/><E96/><V100/><F100/><W86/><G98/><T72/><D72/><U85/><E85/><V82/><F82/><W68/><G86/><T90/><D90/><N who="1" m="55703" /><E78/><V3/><F3/><AGARI ba="2,4" hai="3,4,10,20,21,25,26,29,31,53,54,75,77,81" machi="3" ten="30,7700,0" yaku="1,1,7,1,9,1,52,1,53,0" doraHai="106" doraHaiUra="93" who="0" fromWho="2" sc="351,123,225,0,129,-83,255,0" /><INIT seed="2,0,0,5,5,28" ten="474,225,46,255" oya="2" hai0="64,119,103,118,7,9,89,5,0,133,8,41,96" hai1="29,124,73,55,98,85,106,100,129,52,107,42,87" hai2="75,50,71,58,128,66,34,109,69,105,33,135,14" hai3="99,95,54,32,17,1,24,116,13,94,61,4,115"/><V59/><F75/><W108/><G116/><N who="0" m="44587" /><D133/><U44/><E73/><V77/><F135/><W30/><G108/><T91/><D64/><U53/><E107/><V130/><F105/><W48/><G61/><T131/><D41/><U68/><E68/><N who="2" m="26187" /><F66/><W122/><G122/><T126/><D131/><N who="2" m="50218" /><F109/><W26/><G26/><T67/><D126/><U92/><E129/><V110/><F110/><W21/><G115/><T45/><D45/><U93/><E124/><V90/><F90/><W43/><G43/><T76/><D76/><U134/><E134/><V15/><F77/><W82/><G82/><T125/><D67/><U65/><E65/><V111/><F111/><W3/><G4/><T10/><D125/><U23/><E106/><V11/><F50/><W22/><G95/><N who="0" m="58783" /><D9/><U39/><REACH who="1" step="1"/><E93/><REACH who="1" ten="474,215,46,255" step="2"/><V62/><F62/><W102/><REACH who="3" step="1"/><G21/><REACH who="3" ten="474,215,46,245" step="2"/><T47/><D10/><U79/><E79/><V74/><F74/><W19/><G19/><T80/><D8/><U83/><E83/><V88/><F11/><W49/><G49/><T31/><D80/><U63/><E63/><V46/><F46/><AGARI ba="0,2" hai="1,3,13,17,22,24,30,32,46,48,54,94,99,102" machi="46" ten="30,7700,0" yaku="1,1,7,1,52,1,53,1" doraHai="28" doraHaiUra="97" who="3" fromWho="2" sc="474,0,215,0,46,-77,245,97" owari="474,57.0,215,-18.0,-31,-53.0,342,14.0" /></mjloggm>