<mjloggm ver="2.3"><GO type="169" lobby="0"/><UN n0="%E7%A0%B2%E3%81%AE%E4%B8%8A%E3%81%AE%E3%81%82%E3%81%AE%E5%A8%98" n1="%E3%81%87%E3%82%8B%E3%81%87%E3%82%8B" n2="%E3%82%A6%E3%83%AB%E3%83%88%E3%83%A9%E7%AB%8B%E7%9B%B4" n3="%E3%81%8A%E3%81%8B%E3%81%B0" dan="16,16,18,16" rate="2110.52,2074.82,2227.18,2078.46" sx="F,F,M,M"/><TAIKYOKU oya="0"/><INIT seed="0,0,0,5,2,78" ten="250,250,250,250" oya="0" hai0="30,21,13,79,55,8,133,34,124,85,50,35,60" hai1="69,15,7,58,70,93,123,14,135,28,12,126,16" hai2="121,3,68,116,10,118,129,91,112,0,24,76,117" hai3="1,39,97,100,65,59,105,111,31,18,51,113,4"/><T101/><D133/><U80/><E123/><V5/><F68/><W42/><G113/><T9/><D124/><U72/><E135/><V82/><F121/><W48/><G31/><T103/><D34/><U45/><E126/><V83/><F112/><W67/><G39/><T130/><D130/><U32/><E7/><V120/><F120/><W33/><G33/><T6/><D35/><U108/><E108/><V26/><F0/><W54/><G111/><T38/><D38/><U20/><E93/><V87/><REACH who="2" step="1"/><F129/><REACH who="2" ten="250,250,240,250" step="2"/><W40/><G1/><T106/><D106/><U61/><E69/><V88/><F88/><W110/><G110/><T19/><D30/><U92/><E70/><V29/><F29/><W36/><G105/><T122/><D122/><U73/><E28/><V11/><F11/><W75/><G36/><T86/><D8/><U56/><E32/><V89/><F89/><W74/><G100/><T109/><D109/><U134/><E134/><V104/><F104/><W94/><G40/><T96/><D103/><U125/><E125/><V22/><F22/><W44/><G42/><T132/><D132/><U131/><E131/><V46/><F46/><W52/><G44/><T95/><D79/><U64/><E45/><V49/><F49/><W84/><G59/><N who="0" m="34943" /><D50/><U81/><E58/><V77/><F77/><W119/><G51/><T41/><D41/><U102/><E20/><V27/><F27/><AGARI ba="0,1" hai="6,9,13,19,21,27,85,86,95,96,101" m="34943" machi="27" ten="30,1500,0" yaku="8,1" doraHai="78" who="0" fromWho="2" sc="250,25,250,0,240,-15,250,0" /><INIT seed="0,1,0,0,3,39" ten="275,250,225,250" oya="0" hai0="61,30,89,126,76,27,26,13,86,31,9,79,18" hai1="99,85,125,45,20,75,94,24,54,84,66,23,56" hai2="116,47,53,29,133,82,17,128,46,111,90,6,10" hai3="80,8,72,55,28,48,114,37,104,130,119,11,1"/><T25/><D126/><U73/><E125/><V15/><F111/><W58/><G114/><T51/><D61/><U124/><E124/><V81/><F128/><W38/><G119/><T110/><D110/><U21/><E75/><V22/><F133/><W97/><G130/><T108/><D108/><U69/><E73/><V35/><F116/><W113/><G113/><T44/><D76/><U117/><E117/><V78/><F90/><W50/><G28/><T64/><D64/><U32/><E69/><V65/><F65/><W107/><G72/><T127/><D79/><U3/><E3/><V93/><F93/><W131/><G80/><N who="0" m="49351" /><D127/><U63/><E32/><V92/><F92/><W4/><G131/><T122/><D122/><U5/><E5/><V74/><F82/><W70/><G70/><T91/><D91/><U7/><E7/><V102/><F102/><W88/><G50/><T49/><D49/><N who="1" m="28975" /><E24/><N who="0" m="6145" /><T100/><DORA hai="16" /><D100/><AGARI ba="1,0" hai="20,21,23,56,63,66,84,85,94,99,100" m="28975" machi="100" ten="30,7700,0" yaku="8,1,52,3" doraHai="39,16" who="1" fromWho="0" sc="275,-80,250,80,225,0,250,0" /><INIT seed="1,0,0,2,1,37" ten="195,330,225,250" oya="1" hai0="22,16,95,27,33,6,61,11,56,36,14,26,20" hai1="10,123,92,74,40,126,28,83,97,42,85,90,82" hai2="34,13,59,60,39,87,21,113,35,58,44,96,3" hai3="1,103,51,84,71,124,0,119,130,57,52,128,48"/><U116/><E123/><V80/><F3/><W121/><G121/><T125/><D125/><U5/><E116/><V47/><F113/><W108/><G71/><T49/><D36/><U88/><E126/><V98/><F13/><W79/><G124/><T64/><D33/><U129/><E129/><N who="3" m="49770" /><G108/><T62/><D95/><U4/><E28/><V101/><F21/><W111/><G111/><T7/><D61/><U127/><E127/><V114/><F114/><W38/><G38/><T8/><D49/><N who="3" m="19017" /><G103/><T131/><D131/><U102/><E5/><V17/><F39/><W89/><G79/><T77/><D77/><U76/><REACH who="1" step="1"/><E102/><REACH who="1" ten="195,320,225,250" step="2"/><V18/><F101/><W31/><G31/><T2/><REACH who="0" step="1"/><D22/><REACH who="0" ten="185,320,225,250" step="2"/><U91/><E91/><V67/><F35/><W133/><G89/><T117/><D117/><U32/><E32/><V112/><F34/><W122/><G122/><T118/><D118/><U65/><E65/><V68/><F67/><W106/><G119/><T53/><D53/><U24/><E24/><AGARI ba="0,2" hai="2,6,7,8,11,14,16,20,24,26,27,56,62,64" machi="24" ten="30,7700,0" yaku="1,1,7,1,54,1,53,1" doraHai="37" doraHaiUra="55" who="0" fromWho="1" sc="185,97,320,-77,225,0,250,0" /><INIT seed="2,0,0,5,4,56" ten="282,243,225,250" oya="2" hai0="79,32,63,26,103,114,50,117,118,41,130,48,12" hai1="72,14,77,28,22,51,74,70,17,80,66,24,67" hai2="116,127,121,69,76,52,25,59,2,8,131,126,61" hai3="88,33,96,101,46,42,110,75,13,9,133,125,44"/><V123/><F116/><N who="0" m="44650" /><D114/><U16/><E70/><V10/><F131/><W111/><G33/><T124/><D124/><N who="2" m="47658" /><F76/><W0/><G125/><T115/><D115/><U35/><E72/><V5/><F69/><W34/><G34/><T113/><D113/><U112/><E112/><V85/><F25/><W6/><G75/><T108/><D108/><U128/><E128/><V132/><F132/><W93/><G133/><T38/><D103/><U62/><E51/><V58/><F85/><W87/><G0/><T91/><D79/><U109/><E109/><N who="3" m="41482" /><G42/><T97/><D130/><U23/><REACH who="1" step="1"/><E62/><REACH who="1" ten="282,233,225,250" step="2"/><N who="2" m="36167" /><F10/><W54/><G54/><AGARI ba="0,1" hai="2,5,8,54,59,61,121,123" m="36167,47658" machi="54" ten="30,11600,0" yaku="18,1,52,2,54,1" doraHai="56" who="2" fromWho="3" sc="282,0,233,0,225,126,250,-116" /><INIT seed="2,1,0,3,1,34" ten="282,233,351,134" oya="2" hai0="49,93,128,28,60,88,125,4,11,106,24,105,89" hai1="90,76,57,109,104,110,123,108,62,107,30,52,26" hai2="115,65,79,83,121,113,54,66,51,112,13,9,33" hai3="55,68,132,14,35,124,101,56,6,74,40,96,2"/><V41/><F33/><W120/><G120/><T92/><D128/><U31/><E123/><V21/><F21/><W20/><G35/><T45/><D60/><U98/><E76/><V15/><F121/><W97/><G74/><T16/><D125/><U103/><E90/><V32/><F32/><W99/><G68/><T0/><D92/><U86/><E86/><V91/><F91/><W126/><G40/><T27/><D89/><U131/><E131/><V36/><F36/><W53/><G101/><T129/><D129/><U38/><E38/><V23/><F23/><W48/><G132/><T1/><D1/><U118/><E118/><V63/><F41/><W78/><G78/><T80/><D80/><U39/><E39/><V77/><F77/><W61/><G20/><T25/><D16/><U69/><E69/><V8/><F63/><W134/><G14/><T10/><D10/><U73/><E73/><V19/><F9/><W87/><G87/><T85/><REACH who="0" step="1"/><D28/><REACH who="0" ten="272,233,351,134" step="2"/><N who="1" m="10795" /><E26/><V29/><F29/><W44/><G134/><T17/><D17/><U81/><E81/><V7/><F19/><W67/><G67/><T114/><D114/><U84/><E84/><V18/><F83/><W64/><G64/><T100/><D100/><U3/><E3/><V5/><F18/><W116/><G116/><T47/><D47/><U71/><E71/><V133/><F133/><W127/><G6/><T117/><D117/><U22/><E22/><V43/><F7/><W130/><G130/><T70/><D70/><U95/><AGARI ba="1,1" hai="52,57,62,95,98,103,104,107,108,109,110" m="10795" machi="95" ten="40,2700,0" yaku="14,1,54,1" doraHai="34" who="1" fromWho="1" sc="272,-8,233,40,351,-14,134,-8" /><INIT seed="3,0,0,3,4,86" ten="264,273,337,126" oya="3" hai0="18,68,47,54,27,51,53,46,85,108,32,125,101" hai1="98,96,119,80,107,76,95,106,13,40,52,135,49" hai2="48,69,81,94,9,99,17,55,29,113,3,28,116" hai3="10,43,37,15,104,8,19,7,115,60,44,34,67"/><W127/><G127/><T83/><D108/><U78/><E135/><V89/><F113/><W90/><G115/><T14/><D125/><U26/><E119/><V77/><F69/><W91/><G104/><T126/><D126/><U65/><E65/><V22/><F116/><W109/><G34/><T134/><D134/><U11/><E40/><V57/><F9/><W12/><REACH who="3" step="1"/><G109/><REACH who="3" ten="264,273,337,116" step="2"/><T121/><D121/><U1/><E107/><V72/><REACH who="2" step="1"/><F3/><REACH who="2" ten="264,273,327,116" step="2"/><W133/><G133/><T64/><D32/><U58/><E1/><V118/><F118/><W21/><G21/><T39/><D68/><AGARI ba="0,2" hai="7,8,10,12,15,19,37,43,44,60,67,68,90,91" machi="68" ten="30,12000,1" yaku="1,1,7,1,52,2,53,1" doraHai="86" doraHaiUra="56" who="3" fromWho="0" sc="264,-120,273,0,327,0,116,140" /><INIT seed="3,1,0,1,3,113" ten="144,273,327,256" oya="3" hai0="61,85,114,15,31,125,102,75,32,21,47,17,127" hai1="76,5,128,103,53,41,26,44,78,99,98,112,30" hai2="72,28,94,67,0,101,82,107,123,119,134,115,35" hai3="80,79,7,111,118,60,18,45,14,120,27,52,108"/><W59/><G120/><T105/><D75/><U121/><E112/><V117/><F115/><W90/><G90/><T83/><D114/><U70/><E70/><V49/><F49/><W29/><G7/><T81/><D102/><U9/><E121/><V66/><F123/><W92/><G92/><T91/><D105/><U68/><E68/><V10/><F94/><W109/><G45/><T126/><D47/><U77/><E53/><V62/><F67/><W104/><G104/><T48/><D48/><U8/><E128/><V3/><F134/><W57/><G57/><T22/><D61/><U6/><E26/><N who="2" m="18839" /><F10/><W16/><G14/><T34/><REACH who="0" step="1"/><D83/><REACH who="0" ten="134,273,327,256" step="2"/><U65/><E103/><V56/><F82/><W19/><G118/><N who="2" m="45065" /><F56/><W40/><G40/><T58/><D58/><U132/><E41/><V11/><F72/><N who="3" m="43111" /><G29/><T73/><D73/><U37/><E30/><V64/><F107/><W13/><G13/><T55/><D55/><U36/><E36/><V23/><F101/><W38/><G38/><T89/><D89/><U135/><E37/><V84/><F62/><W43/><G43/><T95/><D95/><U42/><E42/><V100/><F100/><W131/><G27/><AGARI ba="1,1" hai="15,17,21,22,27,31,32,34,81,85,91,125,126,127" machi="27" ten="40,2600,0" yaku="1,1,18,1,53,0" doraHai="113" doraHaiUra="46" who="0" fromWho="3" sc="134,39,273,0,327,0,256,-29" /><INIT seed="4,0,0,0,3,75" ten="173,273,327,227" oya="0" hai0="48,134,83,66,96,49,24,76,92,51,133,4,15" hai1="90,62,71,39,44,41,129,42,46,74,68,9,47" hai2="85,114,72,3,12,53,130,106,82,73,60,61,95" hai3="54,26,36,59,2,65,23,113,45,79,67,100,33"/><T13/><D66/><U86/><E74/><V89/><F3/><W35/><G2/><T104/><D104/><U131/><E9/><V125/><F106/><W22/><G100/><T87/><D24/><U63/><E86/><V128/><F114/><W91/><G91/><T102/><REACH who="0" step="1"/><D4/><REACH who="0" ten="163,273,327,227" step="2"/><U103/><E71/><V43/><F130/><W25/><G65/><T117/><D117/><U16/><E68/><V135/><F128/><W80/><G67/><T7/><D7/><U20/><E131/><V38/><F125/><W27/><G27/><T52/><D52/><U120/><E129/><V121/><F53/><W101/><G54/><T105/><D105/><U88/><E42/><V28/><F43/><W99/><G26/><T32/><D32/><U81/><E41/><V29/><F28/><W56/><G25/><T17/><D17/><U126/><E126/><V97/><F29/><W119/><G119/><T108/><D108/><U112/><E16/><V107/><F107/><W116/><G116/><T19/><D19/><U55/><E55/><V115/><F61/><W21/><G33/><T132/><AGARI ba="0,1" hai="13,15,48,49,51,76,83,87,92,96,102,132,133,134" machi="132" ten="40,12000,1" yaku="1,1,0,1,20,1,52,1,53,0" doraHai="75" doraHaiUra="84" who="0" fromWho="0" sc="163,130,273,-40,327,-40,227,-40" /><INIT seed="4,1,0,5,2,60" ten="293,233,287,187" oya="0" hai0="70,73,31,44,125,22,115,23,37,20,78,11,45" hai1="17,33,62,129,26,99,121,112,74,118,64,113,84" hai2="32,95,55,79,53,97,133,47,131,75,10,117,1" hai3="9,50,128,132,2,101,86,72,71,120,16,0,82"/><T15/><D115/><N who="1" m="44107" /><E74/><V127/><F32/><W51/><G72/><T108/><D70/><U25/><E118/><V8/><F1/><W6/><G71/><T107/><D107/><U28/><E121/><V130/><F127/><W89/><G120/><T58/><D108/><U111/><E111/><V46/><F133/><W85/><G132/><T77/><D125/><U12/><E129/><V42/><F79/><W135/><G2/><T123/><D123/><U35/><E84/><V61/><F75/><W59/><G128/><T105/><D105/><U100/><E12/><V88/><F117/><W103/><G86/><T36/><D31/><N who="1" m="19695" /><E17/><V102/><F97/><W66/><G135/><T109/><D109/><U116/><E116/><V5/><F5/><W76/><G76/><T83/><D77/><U104/><E62/><V87/><F61/><W90/><G51/><T57/><D36/><U54/><E54/><V39/><F55/><W81/><G50/><T52/><D37/><U14/><E14/><V110/><F110/><W122/><G16/><T13/><D13/><U96/><E99/><N who="2" m="59775" /><F131/><W19/><G19/><T98/><D98/><U24/><E24/><V38/><F130/><W119/><G122/><T134/><D134/><U67/><AGARI ba="1,0" hai="26,28,35,64,67,96,100,104" m="19695,44107" machi="67" ten="30,7900,0" yaku="15,1,11,1,52,2" doraHai="60" who="1" fromWho="1" sc="293,-40,233,82,287,-21,187,-21" /><INIT seed="5,0,0,0,1,47" ten="253,315,266,166" oya="1" hai0="125,112,55,96,67,92,70,57,98,129,53,15,119" hai1="45,124,18,88,36,113,102,11,82,74,118,111,42" hai2="17,16,81,33,101,32,73,40,66,3,90,126,30" hai3="109,120,21,35,80,10,54,133,75,44,121,105,24"/><U63/><E118/><V27/><F3/><W104/><G109/><T52/><D119/><U122/><E122/><V110/><F110/><W79/><G133/><T107/><D112/><U94/><E113/><V76/><F33/><W123/><G35/><T71/><D129/><U38/><E111/><V14/><F126/><W106/><G10/><T69/><D125/><U130/><E130/><V83/><F101/><W117/><G117/><T103/><D15/><U132/><E132/><V19/><F66/><W95/><G95/><T115/><D115/><U5/><E18/><V43/><REACH who="2" step="1"/><F14/><REACH who="2" ten="253,315,256,166" step="2"/><W6/><G6/><T23/><D67/><U100/><E102/><V41/><F41/><W77/><G120/><T12/><D12/><U86/><E100/><V91/><F91/><W114/><G114/><T29/><D103/><U37/><E124/><V58/><F58/><W61/><G123/><T50/><D57/><U128/><E128/><V87/><AGARI ba="0,1" hai="16,17,19,27,30,32,40,43,73,76,81,83,87,90" machi="87" ten="30,7900,0" yaku="1,1,0,1,54,1,53,1" doraHai="47" doraHaiUra="20" who="2" fromWho="2" sc="253,-20,315,-39,256,89,166,-20" /><INIT seed="6,0,0,0,3,44" ten="233,276,345,146" oya="2" hai0="47,11,117,51,43,108,91,134,125,48,35,102,22" hai1="21,40,70,41,115,88,94,79,10,82,77,112,74" hai2="86,54,28,103,69,14,1,4,110,92,37,16,46" hai3="66,67,13,80,68,109,65,87,122,7,132,93,114"/><V83/><F69/><W38/><G122/><T55/><D108/><U58/><E70/><V76/><F110/><W20/><G109/><T53/><D134/><U100/><E100/><V57/><F28/><W96/><G132/><T34/><D125/><U81/><E10/><V2/><F4/><W39/><G68/><T116/><D102/><U124/><E21/><V133/><F133/><W15/><G7/><T42/><D11/><U71/><E58/><V98/><F46/><W75/><G75/><T84/><D22/><U50/><E71/><V12/><F37/><W32/><G32/><N who="0" m="12331" /><D91/><U45/><E124/><V19/><F2/><W72/><G72/><T89/><D89/><U113/><E41/><N who="0" m="15369" /><D84/><U90/><E94/><V3/><F3/><W101/><G39/><T59/><D59/><U25/><E25/><V73/><F73/><AGARI ba="0,0" hai="40,45,50,73,74,77,79,81,82,88,90,112,113,115" machi="73" ten="40,8000,1" yaku="9,1,15,1,52,1,54,1" doraHai="44" who="1" fromWho="2" sc="233,0,276,80,345,-80,146,0" /><INIT seed="7,0,0,0,3,35" ten="233,356,265,146" oya="3" hai0="79,49,72,21,34,74,114,69,42,6,130,102,117" hai1="134,29,12,53,110,65,92,121,118,116,84,96,24" hai2="3,5,48,70,60,67,55,126,2,113,41,8,94" hai3="91,40,104,127,95,4,125,26,56,43,77,135,54"/><W122/><G122/><T128/><D117/><N who="1" m="45163" /><E121/><V50/><F113/><W10/><G104/><T44/><D34/><U59/><E110/><V13/><F126/><N who="3" m="48139" /><G77/><T58/><D69/><U86/><E12/><V28/><F28/><W87/><G26/><T82/><D102/><N who="1" m="60679" /><E65/><V89/><F41/><W68/><G68/><T61/><D21/><N who="1" m="15503" /><E134/><V132/><F132/><W66/><G66/><T64/><D6/><U78/><E78/><V98/><REACH who="2" step="1"/><F50/><AGARI ba="0,0" hai="50,53,59,84,86" m="15503,60679,45163" machi="50" ten="30,1000,0" yaku="12,1" doraHai="35" who="1" fromWho="2" sc="233,0,356,10,265,-10,146,0" owari="233,-17.0,366,46.0,255,6.0,146,-35.0" /></mjloggm>