<mjloggm ver="2.3"><GO type="169" lobby="0"/><UN n0="%46%41%4D" n1="%E3%82%A6%E3%83%AB%E3%83%88%E3%83%A9%E7%AB%8B%E7%9B%B4" n2="%E3%82%BF%E3%82%AD%E3%83%88%E3%83%BC%E3%83%AB" n3="%30%30%73%61%69" dan="17,18,16,17" rate="2139.00,2238.38,2066.36,2153.17" sx="M,M,M,F"/><TAIKYOKU oya="0"/><INIT seed="0,0,0,2,3,103" ten="250,250,250,250" oya="0" hai0="85,34,44,8,63,21,50,53,37,102,12,95,65" hai1="79,134,4,88,98,62,6,57,72,66,28,83,94" hai2="40,132,121,41,32,23,111,118,38,90,92,80,30" hai3="45,91,77,68,10,82,110,89,24,19,115,97,131"/><T123/><D123/><U14/><E134/><V67/><F111/><W27/><G115/><T43/><D34/><U107/><E28/><V9/><F132/><W126/><G68/><T25/><D102/><U93/><E107/><V128/><F128/><W13/><G110/><T48/><D95/><U0/><E0/><V1/><F38/><W99/><G131/><T120/><D85/><U33/><E33/><V135/><F118/><W76/><G45/><T16/><D120/><U113/><E113/><V125/><F67/><W81/><G126/><T106/><D106/><U54/><E14/><V117/><F125/><W26/><G81/><T36/><D36/><U105/><E105/><V71/><F71/><W96/><REACH who="3" step="1"/><G77/><REACH who="3" ten="250,250,250,240" step="2"/><T86/><D86/><AGARI ba="0,1" hai="10,13,19,24,26,27,76,82,86,89,91,96,97,99" machi="86" ten="40,8000,1" yaku="1,1,2,1,8,1,53,1" doraHai="103" doraHaiUra="74" who="3" fromWho="0" sc="250,-80,250,0,250,0,240,90" /><INIT seed="1,0,0,3,5,122" ten="170,250,250,330" oya="1" hai0="21,103,48,116,128,86,37,84,61,65,117,17,78" hai1="82,87,130,66,106,83,12,112,44,102,14,89,75" hai2="131,13,76,120,99,36,1,15,55,31,24,25,41" hai3="62,73,29,100,126,95,59,49,30,93,111,129,51"/><U77/><E112/><V134/><F1/><W132/><G73/><T0/><D0/><U96/><E130/><V115/><F134/><W5/><G129/><T57/><D37/><U39/><REACH who="1" step="1"/><E66/><REACH who="1" ten="170,240,250,330" step="2"/><V53/><F115/><W105/><G132/><T54/><D128/><U101/><E101/><V127/><F131/><W43/><G100/><T6/><D103/><U22/><E22/><V56/><F120/><W110/><G105/><T107/><D107/><U113/><E113/><V104/><F104/><W32/><G110/><T34/><D34/><U23/><E23/><V94/><F127/><W9/><G111/><T28/><D117/><U33/><E33/><V26/><F31/><W91/><G32/><T20/><D116/><U71/><E71/><V67/><F67/><W97/><G126/><T46/><D28/><U4/><E4/><V38/><F38/><W3/><G30/><T42/><D6/><U123/><E123/><V40/><F36/><W64/><G29/><T121/><D121/><U63/><E63/><V135/><F135/><W68/><G68/><T124/><D124/><U19/><E19/><V125/><F125/><W74/><G5/><T118/><D118/><U70/><E70/><V11/><F11/><W133/><G9/><T52/><D21/><U92/><E92/><V72/><F94/><W80/><G95/><T69/><D69/><U7/><E7/><V10/><F10/><W45/><G133/><T114/><D114/><U108/><E108/><V60/><F60/><W81/><G3/><T79/><D20/><U50/><E50/><N who="3" m="18954" /><G74/><T85/><D17/><RYUUKYOKU ba="0,1" sc="170,10,240,10,250,-30,330,10" hai0="42,46,48,52,54,57,61,65,78,79,84,85,86" hai1="12,14,39,44,75,77,82,83,87,89,96,102,106" hai3="43,45,59,62,64,80,81,91,93,97" /><INIT seed="1,1,1,1,5,23" ten="180,250,220,340" oya="1" hai0="106,17,33,93,109,7,126,64,123,133,69,127,47" hai1="125,83,72,2,61,48,53,87,101,68,96,122,55" hai2="32,71,25,21,8,116,74,100,79,118,49,99,130" hai3="103,54,82,97,112,11,89,120,24,12,81,90,50"/><U114/><E114/><V65/><F32/><W128/><G120/><T95/><D106/><U60/><E122/><V18/><F130/><W13/><G128/><T59/><D123/><U35/><E125/><V6/><F79/><W78/><G112/><T75/><D75/><U121/><E121/><V52/><F65/><W4/><G13/><T108/><D69/><U34/><E2/><V15/><F71/><W41/><G41/><T14/><D7/><U10/><E72/><V51/><F74/><W80/><G78/><T98/><D33/><U88/><E10/><V29/><F29/><W46/><REACH who="3" step="1"/><G24/><REACH who="3" ten="180,250,220,330" step="2"/><T84/><D127/><U20/><E61/><V76/><F76/><W19/><G19/><T56/><D17/><U110/><E60/><V44/><REACH who="2" step="1"/><F51/><REACH who="2" ten="180,250,210,330" step="2"/><W67/><G67/><T73/><D64/><U94/><E48/><V111/><F111/><W40/><G40/><T1/><D126/><U102/><E110/><V77/><F77/><W119/><G119/><T91/><D73/><U62/><E62/><V104/><AGARI ba="1,3" hai="6,8,15,18,21,25,44,49,52,99,100,104,116,118" machi="104" ten="20,8000,1" yaku="1,1,0,1,7,1,52,1,54,1,53,0" doraHai="23" doraHaiUra="28" who="2" fromWho="2" sc="180,-21,250,-41,210,113,330,-21" /><INIT seed="2,0,0,3,4,78" ten="159,209,323,309" oya="2" hai0="132,104,30,10,116,23,52,106,21,102,91,111,135" hai1="86,133,96,41,19,63,24,61,110,103,17,13,101" hai2="93,65,123,42,130,15,31,76,12,97,73,57,44" hai3="131,29,48,92,87,88,37,90,127,7,100,6,122"/><V54/><F123/><W40/><G122/><T124/><D124/><U128/><E110/><V118/><F130/><W27/><G37/><T60/><D111/><U113/><E113/><V95/><F65/><W2/><G131/><T59/><D10/><U32/><E128/><V75/><F75/><W55/><G40/><T50/><D116/><U81/><E41/><V43/><F31/><W70/><G70/><T68/><D91/><U121/><E133/><N who="0" m="51273" /><D30/><U62/><E121/><V98/><F98/><W84/><G100/><T5/><D5/><U1/><E1/><V64/><F64/><W49/><G2/><T28/><D28/><U33/><E24/><V67/><F67/><W20/><G127/><T45/><D68/><U115/><E115/><V112/><F93/><N who="3" m="54407" /><G48/><T107/><D102/><U114/><E103/><V129/><F42/><AGARI ba="0,0" hai="21,23,42,45,50,52,59,60,104,106,107" m="51273" machi="42" ten="40,2600,0" yaku="20,1,54,1" doraHai="78" who="0" fromWho="2" sc="159,26,209,0,323,-26,309,0" /><INIT seed="3,0,0,0,0,126" ten="185,209,297,309" oya="3" hai0="20,96,107,131,109,31,81,75,70,118,32,67,127" hai1="42,21,80,18,90,59,60,2,92,104,105,83,43" hai2="85,130,27,114,132,116,14,98,89,117,9,76,77" hai3="133,125,64,38,5,111,36,19,106,65,33,119,35"/><W123/><G119/><T44/><D20/><U55/><E2/><V63/><F114/><W57/><G123/><T135/><D118/><U41/><E105/><V128/><F98/><W93/><G106/><T110/><D44/><U10/><E10/><V12/><F27/><W99/><G5/><T102/><D127/><U22/><E104/><V45/><F132/><W51/><G125/><T113/><D135/><U6/><E6/><V94/><F117/><W120/><G120/><T40/><D40/><U88/><E90/><V115/><F115/><W74/><G74/><T53/><D53/><U25/><REACH who="1" step="1"/><E22/><REACH who="1" ten="185,199,297,309" step="2"/><V26/><F116/><W97/><G133/><T91/><D113/><U58/><E58/><V29/><F77/><W124/><G57/><T24/><D91/><U50/><E50/><V47/><F76/><W54/><G51/><T7/><D7/><U30/><E30/><V103/><F9/><W49/><G49/><T16/><D16/><U108/><E108/><V52/><F103/><W66/><G111/><T112/><D112/><U78/><E78/><V121/><F121/><W23/><G124/><T15/><D110/><U69/><E69/><V100/><F100/><W17/><G23/><T68/><D109/><U101/><E101/><V0/><F0/><W28/><G28/><T46/><D70/><U122/><E122/><V1/><F1/><W72/><G17/><T62/><D102/><U79/><E79/><V13/><F29/><W48/><G48/><T87/><D107/><U61/><E61/><V95/><F63/><W134/><G134/><T56/><D62/><RYUUKYOKU ba="0,1" sc="185,-10,199,30,297,-10,309,-10" hai1="18,21,25,41,42,43,55,59,60,80,83,88,92" /><INIT seed="4,1,1,3,2,49" ten="175,229,287,299" oya="0" hai0="51,67,133,109,46,42,77,82,130,128,79,121,15" hai1="102,63,123,66,13,120,72,69,26,126,45,39,29" hai2="20,100,91,125,135,36,7,110,78,21,103,58,74" hai3="48,118,31,116,87,97,132,81,14,44,28,25,119"/><T52/><D121/><U73/><E13/><V4/><F110/><W59/><G132/><T104/><D104/><U24/><E24/><V85/><F36/><W57/><G97/><T30/><D133/><U27/><E27/><V10/><F125/><W47/><G14/><T107/><D107/><U83/><E102/><N who="2" m="38955" /><F74/><N who="1" m="28777" /><E83/><N who="2" m="47351" /><F91/><W115/><G44/><T11/><D67/><U84/><E84/><V37/><F37/><W122/><G122/><T55/><D30/><U12/><E12/><N who="2" m="5191" /><F7/><W1/><G116/><T32/><D32/><N who="1" m="20535" /><E126/><V61/><F135/><W111/><G118/><T34/><D109/><U70/><E70/><V105/><F105/><W22/><G111/><T99/><D99/><U56/><E56/><V33/><F33/><W124/><G31/><T62/><D34/><U80/><E80/><V76/><F76/><N who="0" m="29258" /><D82/><U65/><E65/><AGARI ba="1,1" hai="20,21,58,61,65" m="5191,47351,38955" machi="65" ten="30,1000,0" yaku="8,1" doraHai="49" who="2" fromWho="1" sc="175,0,229,-13,287,23,299,0" /><INIT seed="5,0,0,5,2,76" ten="175,216,310,299" oya="1" hai0="107,113,53,35,106,7,3,44,61,133,41,84,45" hai1="128,81,132,122,109,18,97,30,50,69,72,48,47" hai2="85,68,115,101,24,93,134,14,19,29,127,111,57" hai3="8,31,32,10,6,39,62,89,74,28,126,124,91"/><U46/><E122/><V52/><F68/><W116/><G116/><T17/><D133/><U13/><E69/><V40/><F111/><W2/><G39/><T59/><D113/><U67/><E67/><V66/><F127/><N who="3" m="48683" /><G74/><T64/><D35/><U37/><E30/><N who="3" m="11306" /><G32/><T70/><D17/><U9/><E128/><V27/><F40/><W103/><G103/><T96/><D96/><U49/><E132/><V26/><F66/><W5/><G62/><T0/><D45/><U83/><E72/><V94/><F115/><W112/><G112/><T78/><D7/><U42/><E109/><V65/><F65/><W79/><G79/><T119/><D119/><U110/><E110/><V88/><F29/><W120/><G120/><T77/><D77/><U95/><REACH who="1" step="1"/><E46/><REACH who="1" ten="175,206,310,299" step="2"/><V51/><F134/><W43/><G43/><T55/><D41/><U99/><E99/><N who="2" m="59631" /><F27/><W135/><G135/><T71/><D71/><U38/><E38/><V73/><F73/><W23/><G23/><AGARI ba="0,1" hai="14,19,23,24,26,51,52,57,85,88,94" m="59631" machi="23" ten="30,7700,0" yaku="25,1,8,1,54,2" doraHai="76" who="2" fromWho="3" sc="175,0,206,0,310,87,299,-77" /><INIT seed="6,0,0,3,0,10" ten="175,206,397,222" oya="2" hai0="54,49,135,26,52,55,53,62,90,46,14,50,91" hai1="100,102,71,56,68,66,104,97,120,20,65,117,89" hai2="87,61,51,41,27,92,48,82,123,7,116,93,31" hai3="108,88,15,67,59,64,79,134,101,132,96,44,16"/><V4/><F116/><W63/><G108/><T113/><D113/><U21/><E117/><V122/><F61/><W119/><G119/><T94/><D135/><N who="3" m="51753" /><G79/><T128/><D128/><U103/><E56/><V47/><F51/><W115/><G115/><T106/><D106/><U111/><E104/><V13/><F7/><W85/><G44/><N who="0" m="27687" /><D26/><U11/><E11/><N who="2" m="4327" /><F122/><W81/><G59/><N who="0" m="35199" /><D54/><U129/><E120/><V17/><F31/><W22/><G63/><T77/><D77/><U95/><E111/><V73/><F73/><W125/><G125/><T69/><D69/><U112/><E112/><V130/><F130/><W3/><G3/><T118/><D118/><U76/><E129/><V45/><F45/><W18/><G18/><T12/><D91/><U33/><E71/><V124/><F124/><W75/><G75/><T80/><D80/><U34/><E68/><V109/><F123/><W86/><G86/><AGARI ba="0,0" hai="12,14,46,50,53,86,90,94" m="35199,27687" machi="86" ten="30,7700,0" yaku="8,1,52,2,54,1" doraHai="10" who="0" fromWho="3" sc="175,77,206,0,397,0,222,-77" /><INIT seed="7,0,0,4,4,59" ten="252,206,397,145" oya="3" hai0="16,37,82,76,107,132,135,11,117,127,29,69,65" hai1="48,25,99,7,50,8,95,120,21,61,111,126,60" hai2="87,70,22,74,110,6,57,106,41,51,18,96,84" hai3="128,79,32,30,53,72,40,44,0,123,125,80,27"/><W45/><G123/><T115/><D107/><U71/><E111/><V118/><F70/><W49/><G128/><T14/><D37/><U13/><E120/><V83/><F74/><W66/><G0/><T94/><D117/><U33/><E33/><V116/><F6/><W52/><G125/><T38/><D38/><U88/><E126/><V85/><F110/><W46/><G66/><T73/><D127/><U109/><E109/><V63/><F83/><W121/><G121/><T36/><D36/><U97/><E97/><V20/><F106/><W108/><G108/><T124/><D29/><N who="1" m="17583" /><E71/><V4/><F4/><W119/><G119/><T112/><D94/><U10/><E10/><V62/><F20/><W77/><G77/><T2/><D2/><U34/><E34/><V28/><F22/><W86/><G72/><T3/><D3/><U105/><E105/><V55/><F28/><W9/><G9/><T35/><D35/><U24/><E24/><V122/><F18/><W26/><G26/><T64/><D124/><U17/><E17/><V104/><F104/><W113/><G113/><N who="0" m="43595" /><D69/><U92/><E92/><V42/><F122/><W12/><G12/><T54/><D54/><U5/><E5/><V131/><F131/><W23/><G32/><T133/><AGARI ba="0,0" hai="11,14,16,64,65,73,76,82,132,133,135" m="43595" machi="133" ten="40,8000,1" yaku="20,1,15,1,11,1,54,1" doraHai="59" who="0" fromWho="0" sc="252,80,206,-20,397,-20,145,-40" owari="332,13.0,186,-21.0,377,47.0,105,-39.0" /></mjloggm>