<mjloggm ver="2.3"><GO type="169" lobby="0"/><UN n0="%E3%83%88%E3%83%88%E3%83%AA%E5%85%88%E7%94%9F%31%39%E6%AD%B3" n1="%6D%75%6B%69%74%74%69" n2="%E7%AF%A0%E5%8E%9F%E8%81%96%E8%89%AF%40" n3="%E3%82%AD%E3%83%A5%E3%82%A2%E3%82%A8%E3%83%BC%E3%82%B9" dan="18,17,16,16" rate="2301.07,2182.84,2087.66,2119.13" sx="F,M,F,F"/><TAIKYOKU oya="0"/><INIT seed="0,0,0,2,2,10" ten="250,250,250,250" oya="0" hai0="55,107,14,40,130,73,15,80,93,21,85,127,0" hai1="34,61,135,41,114,110,52,47,96,74,125,115,131" hai2="63,23,39,76,59,5,8,29,95,77,17,33,83" hai3="129,60,118,57,4,84,22,72,13,108,43,75,54"/><T103/><D0/><U120/><E34/><V66/><F39/><W45/><G118/><T12/><D107/><U36/><E74/><V113/><F113/><N who="1" m="43017" /><E96/><V27/><F95/><W87/><G108/><T42/><D73/><U128/><E110/><V1/><REACH who="2" step="1"/><F83/><REACH who="2" ten="250,250,240,250" step="2"/><W100/><G129/><T65/><D130/><U53/><E131/><V101/><F101/><W133/><G100/><T79/><D127/><U9/><E128/><V116/><F116/><W28/><G133/><T46/><D65/><U123/><E135/><V105/><F105/><W117/><G117/><T48/><D21/><U102/><E102/><V20/><F20/><W62/><G22/><T99/><AGARI ba="0,1" hai="12,14,15,40,42,46,48,55,79,80,85,93,99,103" machi="99" ten="30,12000,1" yaku="0,1,8,1,52,3" doraHai="10" who="0" fromWho="0" sc="250,130,250,-40,240,-40,250,-40" /><INIT seed="0,1,0,1,4,127" ten="380,210,200,210" oya="0" hai0="20,0,87,68,133,60,3,61,104,105,13,72,50" hai1="24,1,112,114,122,25,126,109,6,93,4,16,15" hai2="90,12,94,115,110,45,98,41,116,134,80,35,47" hai3="131,99,22,102,26,128,85,59,86,55,95,108,73"/><T33/><D72/><U135/><E93/><V36/><F115/><N who="1" m="44073" /><E122/><V77/><F110/><W32/><G32/><T67/><D33/><U129/><E126/><V78/><F35/><W96/><G73/><T130/><D133/><U5/><E109/><V70/><F70/><W88/><G108/><T11/><D87/><U121/><E121/><V76/><F134/><W58/><G99/><T43/><D20/><N who="1" m="11295" /><E135/><V84/><F116/><W97/><G97/><T124/><D124/><U125/><E125/><V83/><F45/><W38/><G38/><T51/><D68/><U42/><E42/><V75/><REACH who="2" step="1"/><F12/><REACH who="2" ten="380,210,190,210" step="2"/><W56/><G55/><T9/><D13/><U113/><E113/><V119/><F119/><W29/><REACH who="3" step="1"/><G85/><REACH who="3" ten="380,210,190,200" step="2"/><T28/><D43/><U2/><E129/><V111/><F111/><W39/><G39/><T57/><D130/><U74/><E74/><V49/><F49/><W118/><G118/><T120/><D120/><U103/><E103/><AGARI ba="1,2" hai="36,41,47,75,76,77,78,80,83,84,90,94,98,103" machi="103" ten="30,2000,0" yaku="1,1,7,1,53,0" doraHai="127" doraHaiUra="117" who="2" fromWho="1" sc="380,0,210,-23,190,43,200,0" /><INIT seed="1,0,0,1,1,29" ten="380,187,233,200" oya="1" hai0="87,5,64,4,82,96,16,54,92,63,15,128,26" hai1="17,89,84,44,77,23,115,119,110,34,113,65,121" hai2="68,90,8,81,95,18,130,50,51,102,46,6,76" hai3="35,127,62,75,73,91,27,79,52,135,36,86,126"/><U114/><E119/><V25/><F68/><W61/><G36/><T131/><D54/><U39/><E121/><V58/><F102/><W93/><G135/><T78/><D26/><U11/><E77/><V0/><F130/><N who="0" m="49706" /><D92/><U2/><E65/><V19/><F58/><W133/><G79/><T3/><D3/><U31/><E110/><V24/><F24/><W101/><G101/><T10/><D96/><U69/><E69/><AGARI ba="0,0" hai="4,5,10,15,16,63,64,69,78,82,87" m="49706" machi="69" ten="30,2000,0" yaku="19,1,54,1" doraHai="29" who="0" fromWho="1" sc="380,20,187,-20,233,0,200,0" /><INIT seed="2,0,0,5,1,92" ten="400,167,233,200" oya="2" hai0="129,62,15,77,82,95,36,54,83,13,19,123,132" hai1="112,39,93,71,43,107,56,27,100,55,122,74,10" hai2="11,69,88,68,126,7,104,5,50,130,102,6,31" hai3="115,30,91,133,73,124,89,45,34,94,17,131,32"/><V57/><F126/><W118/><G73/><T12/><D123/><U21/><E112/><V0/><F130/><W14/><G118/><T108/><D36/><U114/><E114/><V2/><F31/><W59/><G115/><T103/><D129/><U66/><E107/><V29/><F29/><W106/><G106/><T42/><D42/><U8/><E74/><V63/><F50/><W119/><G133/><T101/><D132/><U20/><E122/><V65/><F88/><W90/><G34/><T40/><D40/><U81/><E81/><V24/><F24/><W22/><G32/><T109/><D19/><U41/><E71/><V38/><F38/><W78/><G78/><T44/><D83/><U79/><E79/><V85/><F85/><W111/><G30/><T87/><D95/><U116/><E116/><V125/><F125/><W86/><G124/><T18/><D18/><N who="1" m="12695" /><E66/><V70/><REACH who="2" step="1"/><F11/><REACH who="2" ten="400,167,223,200" step="2"/><N who="3" m="6367" /><G131/><T48/><D77/><U120/><E39/><V23/><F23/><W1/><G22/><T16/><D16/><U67/><E21/><V33/><F33/><W28/><G119/><T61/><D87/><U134/><E120/><V64/><F64/><W110/><G86/><T46/><D82/><U113/><E67/><V121/><F121/><W37/><G37/><T72/><D72/><U128/><E113/><V47/><F47/><W49/><G45/><T60/><D46/><U105/><E128/><V51/><F51/><W35/><G49/><T97/><D103/><U98/><E100/><V99/><AGARI ba="0,1" hai="0,2,5,6,7,57,63,65,68,69,70,99,102,104" machi="99" ten="40,7800,0" yaku="1,1,0,1,52,1,53,0" doraHai="92" doraHaiUra="76" who="2" fromWho="2" sc="400,-26,167,-26,223,88,200,-26" /><INIT seed="2,1,0,3,4,14" ten="374,141,311,174" oya="2" hai0="46,120,12,24,4,87,116,41,97,39,16,61,117" hai1="110,102,32,27,121,125,63,45,78,81,26,118,30" hai2="9,42,35,92,68,58,129,50,75,100,0,131,123" hai3="3,82,105,103,84,91,53,37,99,124,36,90,49"/><V106/><F123/><W134/><G134/><T20/><D120/><U10/><E121/><V19/><F68/><W126/><G3/><T69/><D87/><U109/><E118/><N who="0" m="45673" /><D97/><U6/><E102/><V133/><F75/><W107/><G91/><T66/><D12/><U135/><E135/><V11/><F35/><W62/><G62/><T72/><D4/><U96/><E96/><N who="2" m="59399" /><F106/><W57/><REACH who="3" step="1"/><G107/><REACH who="3" ten="374,141,311,164" step="2"/><T28/><D72/><U31/><E125/><AGARI ba="1,1" hai="36,37,49,53,57,82,84,90,99,103,105,124,125,126" machi="125" ten="40,8000,1" yaku="1,1,2,1,18,1,53,1" doraHai="14" doraHaiUra="95" who="3" fromWho="1" sc="374,0,141,-83,311,0,164,93" /><INIT seed="3,0,0,3,4,98" ten="374,58,311,257" oya="3" hai0="106,26,7,5,0,3,76,25,69,63,57,92,60" hai1="52,1,2,133,119,115,51,81,85,55,111,35,24" hai2="100,94,80,117,49,42,32,84,45,67,10,38,120" hai3="82,65,61,22,109,31,71,29,44,88,101,83,66"/><W89/><G109/><T128/><D106/><U56/><E115/><V122/><F117/><W59/><G71/><T34/><D76/><U103/><E111/><V113/><F32/><W127/><G127/><T116/><D69/><U77/><E119/><V30/><F30/><N who="3" m="11275" /><G44/><T131/><D92/><U37/><E133/><V102/><F113/><W114/><G114/><T18/><D116/><U46/><E35/><V118/><F118/><W17/><G66/><T62/><D34/><U53/><E24/><N who="0" m="9321" /><D18/><U23/><E23/><V68/><F94/><W36/><G101/><N who="2" m="39017" /><F10/><W74/><G36/><T86/><D57/><U110/><E110/><V99/><F99/><W54/><G74/><T15/><D15/><U39/><E103/><V4/><F4/><N who="0" m="1610" /><D86/><U16/><E16/><V90/><F67/><W123/><G65/><T27/><D27/><U47/><E47/><V33/><F33/><W50/><G17/><T91/><D91/><U93/><E93/><V108/><F108/><W6/><G6/><T129/><AGARI ba="0,0" hai="0,3,60,62,63,128,129,131" m="1610,9321" machi="129" ten="40,5200,0" yaku="28,2,19,1" doraHai="98" who="0" fromWho="0" sc="374,52,58,-13,311,-13,257,-26" /><INIT seed="4,0,0,1,3,33" ten="426,45,298,231" oya="0" hai0="21,20,100,4,77,115,116,125,52,88,135,30,37" hai1="110,7,76,53,83,5,22,129,79,63,61,12,57" hai2="3,17,0,18,107,131,38,118,59,126,130,94,84" hai3="123,41,85,24,134,36,8,16,81,11,35,109,64"/><T29/><D116/><U86/><E110/><V2/><F107/><W127/><G109/><T48/><D37/><U42/><E129/><N who="2" m="49163" /><F126/><W58/><G134/><T90/><D135/><U44/><E79/><V31/><F118/><W101/><G36/><T103/><D77/><U78/><E78/><V32/><F38/><W69/><G69/><T97/><D4/><U80/><E80/><V98/><F84/><W106/><G41/><T9/><D9/><U92/><E92/><V43/><F43/><W104/><G104/><T54/><D115/><U40/><E63/><V75/><F75/><W46/><G46/><T73/><D48/><N who="1" m="26631" /><E42/><V102/><F59/><W55/><G58/><T51/><D51/><U67/><E67/><V87/><F87/><W15/><G85/><T28/><D97/><U14/><E14/><V49/><F49/><W19/><G15/><T50/><D125/><U132/><E132/><V133/><F133/><W70/><G64/><T1/><D50/><U68/><E68/><V96/><F96/><W71/><G106/><T23/><D1/><N who="2" m="258" /><V6/><DORA hai="82" /><F6/><W119/><G119/><T120/><D73/><U99/><E99/><V45/><F45/><W124/><G70/><T117/><D117/><U26/><E12/><V66/><F66/><W60/><G71/><T10/><D54/><U27/><E27/><AGARI ba="0,0" hai="17,18,27,31,32,94,98,102" m="258,49163" machi="27" ten="50,8000,1" yaku="19,1,52,4" doraHai="33,82" who="2" fromWho="1" sc="426,0,45,-80,298,80,231,0" owari="426,53.0,-35,-54.0,378,18.0,231,-17.0" /></mjloggm>