<mjloggm ver="2.3"><GO type="169" lobby="0"/><UN n0="%E3%82%BC%E3%83%B3%E3%83%84%E3%83%83%E3%83%91" n1="%E3%82%A6%E3%83%AB%E3%83%88%E3%83%A9%E7%AB%8B%E7%9B%B4" n2="%64%6F%75%6D%6F%6B%75%6E" n3="%E3%81%9F%E3%81%84%E3%81%97" dan="16,18,16,16" rate="2078.34,2272.92,2151.34,2204.58" sx="M,M,M,M"/><TAIKYOKU oya="0"/><INIT seed="0,0,0,3,3,1" ten="250,250,250,250" oya="0" hai0="133,98,74,29,36,69,75,60,30,118,62,9,114" hai1="80,120,18,103,109,12,61,85,15,123,78,65,119" hai2="54,104,87,124,28,25,43,102,39,58,66,73,13" hai3="122,17,37,111,0,135,22,68,35,129,16,79,44"/><T116/><D9/><U19/><E119/><V31/><F66/><W49/><G35/><T40/><D98/><U132/><E109/><V92/><F104/><W34/><G34/><T57/><D57/><U14/><E132/><V5/><F31/><W4/><G37/><T97/><D97/><U71/><REACH who="1" step="1"/><E103/><REACH who="1" ten="250,240,250,250" step="2"/><V91/><F102/><W64/><G111/><T108/><D108/><U117/><E117/><V131/><F131/><W86/><G129/><T10/><D133/><U24/><E24/><V95/><F25/><W121/><G135/><T88/><D118/><U27/><E27/><V110/><F110/><W83/><G121/><AGARI ba="0,1" hai="12,14,15,18,19,61,65,71,78,80,85,120,121,123" machi="121" ten="40,8000,1" yaku="1,1,53,3" doraHai="1" doraHaiUra="8" who="1" fromWho="3" sc="250,0,240,90,250,0,250,-80" /><INIT seed="1,0,0,1,5,32" ten="250,330,250,170" oya="1" hai0="24,30,73,42,63,13,45,16,68,46,92,108,84" hai1="23,128,57,118,11,98,123,120,5,81,72,80,114" hai2="55,88,51,6,2,61,95,130,44,52,53,134,117" hai3="86,34,124,41,65,31,67,79,82,127,3,106,90"/><U20/><E114/><V17/><F117/><W19/><G106/><T119/><D108/><U103/><E118/><V50/><F134/><W107/><G107/><T47/><D119/><U115/><E115/><V97/><F130/><W110/><G110/><T22/><D73/><U135/><E128/><V100/><F17/><W39/><G3/><T29/><D68/><U15/><E135/><V25/><F25/><N who="3" m="18799" /><G19/><T133/><D133/><U66/><E120/><V64/><F100/><W77/><G41/><T116/><D116/><U70/><E70/><V91/><F91/><W131/><G39/><T18/><D63/><N who="1" m="38255" /><E72/><V14/><F51/><W69/><G131/><T125/><D125/><N who="3" m="48201" /><G69/><T58/><D58/><U27/><E123/><V112/><F112/><W85/><G79/><T126/><D126/><U48/><E48/><V83/><F2/><W104/><G104/><T0/><D0/><U33/><E33/><V76/><F6/><W26/><G26/><T7/><D7/><U49/><E49/><V62/><F14/><W96/><G96/><T102/><D42/><U35/><E35/><V109/><F109/><W59/><G59/><T121/><D121/><U105/><E23/><V36/><F36/><W12/><G12/><T43/><D43/><U94/><E105/><V56/><F62/><W9/><G9/><T74/><D74/><AGARI ba="0,0" hai="44,50,52,53,55,56,61,64,74,76,83,88,95,97" machi="74" ten="30,3900,0" yaku="7,1,54,2" doraHai="32" who="2" fromWho="0" sc="250,-39,330,0,250,39,170,0" /><INIT seed="2,0,0,5,0,55" ten="211,330,289,170" oya="2" hai0="100,43,52,80,76,0,123,107,122,19,11,75,48" hai1="64,129,84,92,6,3,85,49,81,37,95,21,102" hai2="61,69,82,45,59,115,108,26,32,31,91,40,71" hai3="35,56,119,7,20,79,36,101,134,120,121,16,99"/><V46/><F115/><W1/><G119/><T72/><D72/><U27/><E37/><V30/><F30/><W90/><G35/><T10/><D43/><U34/><E34/><V62/><F108/><W94/><G36/><T67/><D67/><U113/><E113/><V17/><F17/><W41/><G41/><T118/><D118/><U13/><E3/><V5/><F5/><W131/><G131/><T111/><D111/><U125/><E125/><V28/><F28/><W23/><G23/><T83/><D83/><U68/><E68/><V53/><F61/><W60/><G79/><T126/><D126/><U128/><E64/><V33/><F33/><W96/><G134/><T104/><D11/><N who="1" m="4343" /><E49/><V135/><F135/><W77/><G77/><T22/><D10/><U63/><E63/><V39/><REACH who="2" step="1"/><F46/><REACH who="2" ten="211,330,279,170" step="2"/><W105/><G7/><T8/><D19/><U70/><E129/><V51/><F51/><W14/><REACH who="3" step="1"/><G1/><REACH who="3" ten="211,330,279,160" step="2"/><T88/><D0/><U132/><E128/><V130/><F130/><W18/><G18/><T98/><D123/><U114/><E132/><V4/><F4/><W57/><G57/><T25/><D122/><U78/><E70/><V44/><F44/><W116/><G116/><T124/><D124/><U9/><E21/><V73/><F73/><W87/><G87/><AGARI ba="0,2" hai="26,31,32,39,40,45,53,59,62,69,71,82,87,91" machi="87" ten="40,3900,0" yaku="1,1,52,1,53,0" doraHai="55" doraHaiUra="106" who="2" fromWho="3" sc="211,0,330,0,279,59,160,-39" /><INIT seed="2,1,0,5,5,64" ten="211,330,338,121" oya="2" hai0="44,83,106,135,33,4,122,101,131,80,31,49,26" hai1="43,69,110,96,87,78,25,74,71,29,54,1,79" hai2="133,113,111,24,57,68,92,17,107,42,13,66,35" hai3="19,8,123,117,10,109,12,121,73,59,89,126,85"/><V18/><F68/><W81/><G117/><T60/><D122/><U32/><E1/><V116/><F107/><W28/><G126/><T130/><D135/><U72/><E87/><V94/><F42/><W14/><G109/><T61/><D4/><U23/><E54/><V102/><F35/><W76/><G28/><T39/><D39/><U36/><E23/><V88/><F116/><W56/><G121/><T90/><D101/><U52/><E52/><V51/><F113/><W67/><G123/><T75/><D106/><U47/><E110/><V38/><F38/><W124/><G124/><T27/><D90/><U127/><E96/><N who="2" m="59655" /><F133/><W112/><G112/><T16/><D75/><U9/><E9/><V118/><F118/><W58/><G67/><T91/><D91/><U3/><E3/><V65/><F111/><W119/><G119/><T21/><D61/><U100/><E100/><V15/><F51/><W20/><REACH who="3" step="1"/><G14/><REACH who="3" ten="211,330,338,111" step="2"/><T104/><D104/><U53/><E127/><V103/><F66/><W129/><G129/><N who="0" m="49163" /><D60/><U41/><E29/><V115/><F115/><W77/><G77/><T134/><D134/><U48/><E79/><V105/><F15/><W98/><G98/><T99/><D99/><U63/><E78/><V5/><F13/><W132/><G132/><T34/><D34/><U7/><E32/><V11/><F24/><W45/><G45/><T97/><D97/><U114/><E25/><V62/><F105/><W22/><G22/><N who="0" m="13639" /><D33/><U40/><E114/><V93/><F103/><W82/><AGARI ba="1,1" hai="8,10,12,19,20,56,58,59,73,76,81,82,85,89" machi="82" ten="30,2000,0" yaku="1,1,0,1,53,0" doraHai="64" doraHaiUra="30" who="3" fromWho="3" sc="211,-6,330,-6,338,-11,111,33" /><INIT seed="3,0,0,0,1,132" ten="205,324,327,144" oya="3" hai0="51,120,118,102,23,135,49,14,92,81,59,129,58" hai1="134,19,79,97,2,7,103,66,0,69,94,22,113" hai2="28,18,74,40,100,9,116,65,80,54,78,106,98" hai3="99,85,16,26,115,33,27,82,61,125,34,127,111"/><W36/><G115/><T3/><D3/><U21/><E113/><V123/><F116/><W13/><G36/><T91/><D120/><U71/><E134/><V76/><F123/><W117/><G99/><N who="0" m="59751" /><D129/><U25/><E79/><V112/><F78/><W31/><G117/><T37/><D37/><U87/><E66/><V109/><F65/><W41/><G41/><T90/><D135/><U101/><E87/><V124/><F40/><W62/><G111/><T77/><D77/><U12/><E101/><V43/><F43/><W52/><G27/><T1/><D1/><U83/><E83/><V6/><F28/><W121/><G33/><T4/><D118/><U72/><E72/><V107/><F18/><W86/><G121/><T15/><D51/><U10/><REACH who="1" step="1"/><E0/><REACH who="1" ten="205,314,327,144" step="2"/><V47/><F112/><W96/><G96/><T67/><D67/><U95/><E95/><V104/><F109/><W38/><G38/><T68/><D91/><U88/><E88/><V75/><F75/><W128/><G128/><T64/><D90/><U108/><E108/><V105/><F105/><W11/><G82/><T73/><D64/><U122/><E122/><V57/><F107/><W50/><G85/><T70/><D81/><U8/><E8/><V45/><F106/><W46/><REACH who="3" step="1"/><G86/><REACH who="3" ten="205,314,327,134" step="2"/><T44/><D73/><U17/><AGARI ba="0,2" hai="2,7,10,12,17,19,21,22,25,69,71,94,97,103" machi="17" ten="20,2700,0" yaku="1,1,0,1,7,1,53,0" doraHai="132" doraHaiUra="110" who="1" fromWho="1" sc="205,-7,314,47,327,-7,134,-13" /><INIT seed="4,0,0,4,3,19" ten="198,361,320,121" oya="0" hai0="62,117,59,91,84,12,96,121,90,35,28,106,10" hai1="38,65,69,100,131,80,9,20,13,42,85,123,110" hai2="116,17,119,25,88,51,43,34,60,39,86,115,4" hai3="8,56,124,73,14,120,55,94,2,109,93,21,54"/><T134/><D121/><U15/><E123/><V53/><F4/><W36/><G109/><T30/><D117/><N who="2" m="45130" /><F39/><W87/><G120/><T112/><D112/><U99/><E110/><V79/><F79/><W23/><G73/><T6/><D134/><U77/><E131/><V68/><F43/><W130/><G36/><T27/><D30/><U127/><E127/><V16/><F34/><W11/><G124/><T128/><D128/><U83/><E69/><V67/><F25/><W125/><G130/><T66/><REACH who="0" step="1"/><D84/><REACH who="0" ten="188,361,320,121" step="2"/><U52/><E85/><V24/><F115/><W71/><G125/><T32/><D32/><U108/><E108/><V133/><F133/><W97/><G87/><T104/><D104/><U89/><E83/><N who="2" m="49247" /><F24/><W46/><G94/><T3/><D3/><U129/><E80/><V48/><F48/><W70/><G2/><T64/><D64/><U103/><E65/><V111/><F111/><W75/><G75/><T61/><D61/><U26/><E129/><V63/><F60/><W41/><G93/><T101/><AGARI ba="0,1" hai="6,10,12,27,28,35,59,62,66,90,91,96,101,106" machi="101" ten="30,6000,0" yaku="1,1,0,1,53,1" doraHai="19" doraHaiUra="57" who="0" fromWho="0" sc="188,70,361,-20,320,-20,121,-20" /><INIT seed="4,1,0,1,4,93" ten="258,341,300,101" oya="0" hai0="25,55,132,65,98,90,74,105,78,106,127,83,130" hai1="43,99,86,115,38,79,19,69,122,29,18,35,91" hai2="15,58,102,3,28,113,104,60,111,27,51,53,64" hai3="117,48,126,4,73,108,36,118,72,9,133,54,34"/><T40/><D55/><U131/><E122/><V22/><F3/><W62/><G108/><T116/><D25/><U134/><E69/><V49/><F111/><W135/><G36/><T114/><D65/><U17/><E131/><V0/><F0/><W80/><G34/><T120/><D40/><U84/><E134/><N who="3" m="51210" /><G62/><T14/><D14/><U77/><E115/><V26/><F113/><W88/><G126/><T129/><D132/><U76/><E35/><V42/><F42/><W81/><G9/><T24/><D24/><U39/><E29/><V10/><F27/><W85/><G4/><T97/><D114/><U66/><E66/><V70/><F49/><W95/><G48/><T128/><D116/><N who="3" m="44649" /><G54/><T41/><D41/><U21/><E21/><V6/><F104/><N who="0" m="40042" /><D127/><U96/><E43/><V56/><REACH who="2" step="1"/><F102/><REACH who="2" ten="258,341,290,101" step="2"/><W87/><G80/><N who="0" m="45143" /><D120/><U30/><E39/><V89/><F89/><AGARI ba="1,1" hai="72,73,81,85,87,88,89,95" m="44649,51210" machi="89" ten="30,7700,0" yaku="20,1,34,2,54,1" doraHai="93" who="3" fromWho="2" sc="258,0,341,0,290,-80,101,90" /><INIT seed="5,0,0,4,0,58" ten="258,341,210,191" oya="1" hai0="2,87,5,14,70,127,44,125,73,49,85,126,115" hai1="130,6,108,40,81,21,8,42,3,35,77,55,27" hai2="45,46,95,26,97,22,11,23,29,28,67,19,71" hai3="7,47,88,106,37,113,83,41,122,124,61,121,96"/><U119/><E119/><V74/><F74/><W93/><G113/><T50/><D73/><U135/><E130/><V109/><F109/><W134/><G134/><T48/><D115/><U128/><E135/><V36/><F36/><W64/><G124/><T0/><D70/><U38/><E128/><V98/><F11/><W43/><G106/><T131/><D131/><U105/><E105/><V72/><F72/><W94/><G83/><T24/><D24/><U20/><E108/><V33/><F33/><W111/><G111/><T9/><REACH who="0" step="1"/><D44/><REACH who="0" ten="248,341,210,191" step="2"/><U117/><E27/><V60/><F45/><W56/><G41/><T101/><D101/><U118/><E42/><V69/><F46/><W76/><G76/><T86/><AGARI ba="0,1" hai="0,2,5,9,14,48,49,50,85,86,87,125,126,127" machi="86" ten="40,12000,2" yaku="1,1,0,1,29,2,18,1,53,2" doraHai="58" doraHaiUra="32" who="0" fromWho="0" sc="248,130,341,-60,210,-30,191,-30" /><INIT seed="6,0,0,4,2,2" ten="378,281,180,161" oya="2" hai0="6,34,67,122,15,98,37,123,65,47,22,75,92" hai1="45,69,129,133,114,4,54,115,14,31,108,28,83" hai2="53,64,121,91,18,119,99,62,118,51,8,134,49" hai3="109,11,35,16,3,106,50,90,66,110,103,33,105"/><V93/><F121/><W117/><G117/><T43/><D34/><U128/><E69/><V124/><F124/><W21/><G66/><T57/><D75/><U74/><E108/><V104/><F104/><W107/><G103/><T5/><D67/><U38/><E133/><V13/><F134/><W12/><G90/><T131/><D131/><U63/><E14/><V27/><F27/><W61/><G61/><T19/><D65/><U80/><E4/><V9/><F9/><W126/><G126/><T7/><REACH who="0" step="1"/><D57/><REACH who="0" ten="368,281,180,161" step="2"/><U135/><E74/><V25/><F119/><W132/><G132/><T52/><D52/><U79/><E54/><V39/><F118/><W101/><G109/><T48/><D48/><U24/><E135/><V60/><F39/><W84/><G110/><T97/><D97/><U127/><E38/><V88/><F64/><W46/><G84/><T96/><D96/><U113/><E129/><V95/><F49/><W41/><REACH who="3" step="1"/><G101/><AGARI ba="0,1" hai="5,6,7,15,19,22,37,43,47,92,98,101,122,123" machi="101" ten="40,8000,1" yaku="1,1,52,3,53,0" doraHai="2" doraHaiUra="32" who="0" fromWho="3" sc="368,90,281,0,180,0,161,-80" /><INIT seed="7,0,0,5,2,31" ten="458,281,180,81" oya="3" hai0="30,106,11,67,23,14,83,95,121,130,85,98,35" hai1="124,81,29,64,55,2,99,56,71,33,68,19,40" hai2="53,111,116,107,74,43,80,47,134,9,108,1,92" hai3="101,39,26,131,34,119,45,27,75,63,125,21,51"/><W90/><G119/><T20/><D35/><U61/><E2/><V58/><F107/><W12/><G75/><T15/><D106/><U50/><E33/><V46/><F46/><W110/><G39/><T94/><D121/><U24/><E124/><V91/><F116/><W118/><G118/><T89/><D130/><U32/><E40/><V117/><F117/><W54/><G101/><N who="0" m="60631" /><D67/><U72/><E99/><V103/><F103/><W127/><G131/><T113/><D113/><U8/><E8/><V109/><F134/><W3/><G3/><T0/><D0/><U82/><E19/><V78/><F92/><W42/><G110/><T93/><D15/><U25/><E25/><V69/><F91/><W28/><G12/><T10/><D11/><U4/><E4/><N who="2" m="1167" /><F69/><W17/><REACH who="3" step="1"/><G90/><REACH who="3" ten="458,281,180,71" step="2"/><T18/><D89/><U120/><E72/><V84/><F111/><W115/><G115/><T16/><D14/><U123/><E123/><V7/><F109/><W104/><G104/><T133/><D133/><U135/><E135/><V76/><F108/><W52/><G52/><T132/><D132/><U70/><E120/><V97/><F53/><W88/><G88/><T5/><D5/><U79/><E79/><V102/><F7/><W114/><G114/><T73/><D73/><U13/><E13/><V59/><F78/><W49/><G49/><T96/><D95/><U112/><E112/><V129/><F74/><W122/><G122/><T62/><D93/><U36/><E36/><N who="2" m="21991" /><F129/><W100/><G100/><T60/><D85/><U41/><E55/><V87/><F87/><W37/><G37/><RYUUKYOKU ba="0,1" sc="458,-30,281,10,180,10,71,10" hai1="24,29,32,41,50,56,61,64,68,70,71,81,82" hai2="58,59,76,80,84,97,102" hai3="17,21,26,27,28,34,42,45,51,54,63,125,127" /><INIT seed="7,1,1,4,5,45" ten="428,291,190,81" oya="3" hai0="87,82,127,101,12,109,57,64,58,68,35,48,111" hai1="66,90,110,135,18,118,103,11,106,40,104,20,98" hai2="49,124,32,71,13,92,29,62,19,23,123,26,51" hai3="34,1,61,128,39,4,75,113,17,78,50,7,53"/><W42/><G34/><T67/><D35/><U77/><E110/><V108/><F108/><W56/><G1/><T93/><D68/><U25/><E77/><V122/><F124/><W132/><G39/><T121/><D121/><N who="2" m="46090" /><F92/><W55/><G42/><T97/><D127/><U46/><E135/><V28/><F28/><W33/><G33/><T86/><D111/><U74/><E74/><V83/><F83/><W2/><G2/><T41/><D87/><U22/><E11/><V8/><F8/><W30/><G30/><T99/><D99/><U21/><E104/><V95/><F95/><W129/><G132/><T79/><D109/><U81/><E66/><AGARI ba="1,1" hai="13,19,23,26,29,32,49,51,62,66,71" m="46090" machi="66" ten="30,3900,0" yaku="13,1,52,2" doraHai="45" who="2" fromWho="1" sc="428,0,291,-42,190,52,81,0" owari="428,53.0,249,5.0,242,-16.0,81,-42.0" /></mjloggm>