<mjloggm ver="2.3"><GO type="169" lobby="0"/><UN n0="%E3%81%9B%E3%82%93%E3%81%A8%E3%81%BD%E3%83%BC%E3%82%8B" n1="%E3%82%A6%E3%83%AB%E3%83%88%E3%83%A9%E7%AB%8B%E7%9B%B4" n2="%E6%98%9F%E9%99%8D%E3%82%8B%E8%A1%97" n3="%E9%B7%BA%E6%A3%AE%E7%81%BC%2E" dan="16,18,17,17" rate="2119.01,2265.95,2154.79,2183.80" sx="F,M,F,F"/><TAIKYOKU oya="0"/><INIT seed="0,0,0,3,2,34" ten="250,250,250,250" oya="0" hai0="77,87,31,50,17,110,32,66,44,134,40,132,29" hai1="133,4,135,92,130,26,114,123,131,15,47,62,93" hai2="75,85,19,46,70,25,117,51,48,100,126,56,102" hai3="7,113,39,53,97,63,43,23,36,81,2,24,3"/><T104/><D104/><U59/><E123/><V6/><F75/><W118/><G118/><T21/><D66/><U98/><E114/><V35/><F70/><W95/><G113/><T67/><D110/><U112/><E112/><V74/><F74/><W109/><G7/><T41/><D41/><U16/><E47/><V80/><F126/><W1/><G43/><T122/><D122/><U42/><E4/><V57/><F6/><W78/><G109/><T91/><D77/><U33/><E42/><N who="2" m="24663" /><F35/><W106/><G106/><T54/><D67/><N who="1" m="39391" /><E26/><V88/><F117/><W83/><G83/><T128/><D128/><N who="1" m="49195" /><E33/><V27/><F25/><W20/><G39/><T90/><D40/><U14/><E14/><V127/><F127/><W129/><G36/><T37/><D37/><U52/><E52/><N who="2" m="31775" /><F57/><N who="3" m="35247" /><G129/><T116/><D116/><U28/><E28/><V49/><F49/><W79/><G81/><T108/><D108/><U99/><E93/><V58/><F58/><W8/><G8/><T105/><D105/><U9/><E92/><V55/><F55/><W61/><G61/><T82/><D32/><U125/><E125/><V30/><F30/><W12/><G12/><N who="0" m="9383" /><D29/><U84/><E135/><N who="0" m="51753" /><D31/><U18/><E133/><V121/><F121/><W107/><G107/><T89/><AGARI ba="0,0" hai="44,50,54,82,87,89,90,91" m="51753,9383" machi="89" ten="30,1500,0" yaku="20,1" doraHai="34" who="0" fromWho="0" sc="250,15,250,-5,250,-5,250,-5" /><INIT seed="0,1,0,4,5,13" ten="265,245,245,245" oya="0" hai0="2,29,31,65,9,108,104,123,109,44,52,40,112" hai1="86,95,93,74,15,80,132,100,127,122,90,16,79" hai2="54,67,73,36,113,14,64,97,75,48,126,41,62" hai3="34,87,63,72,119,4,84,20,70,35,7,129,88"/><T57/><D123/><U43/><E122/><V106/><F113/><W49/><G72/><T134/><D112/><U23/><E127/><V25/><F67/><W98/><G119/><T111/><D104/><U68/><E68/><N who="2" m="42007" /><F25/><W42/><G70/><T38/><D134/><U78/><E132/><V91/><F126/><W26/><G63/><T12/><D2/><U11/><E43/><V121/><F14/><W103/><G35/><T107/><D107/><U101/><E79/><V46/><F121/><W30/><G129/><T125/><D65/><U39/><E39/><V114/><F114/><W1/><G34/><T124/><D124/><U77/><E77/><V110/><F110/><W116/><G116/><T28/><D125/><U6/><REACH who="1" step="1"/><E95/><REACH who="1" ten="265,235,245,245" step="2"/><N who="2" m="56575" /><F106/><W60/><G42/><T53/><REACH who="0" step="1"/><D57/><AGARI ba="1,1" hai="36,41,46,48,54,57,73,75" m="56575,42007" machi="57" ten="30,1000,0" yaku="24,1" doraHai="13" who="2" fromWho="0" sc="265,-13,235,0,245,23,245,0" /><INIT seed="1,0,0,3,3,58" ten="252,235,268,245" oya="1" hai0="33,57,53,92,27,49,45,47,36,96,91,98,8" hai1="31,129,1,115,126,59,94,108,15,22,34,26,74" hai2="113,84,103,25,125,23,90,0,117,102,44,32,69" hai3="89,42,134,55,86,76,75,104,41,17,97,85,119"/><U81/><E115/><V71/><F32/><W105/><G17/><T9/><D33/><U78/><E129/><V72/><F72/><W20/><G20/><T120/><D120/><U65/><E126/><V63/><F117/><W19/><G19/><T95/><D36/><U52/><E1/><V46/><F0/><W16/><G16/><T39/><D39/><U87/><E108/><V43/><F113/><W123/><G55/><T100/><D27/><U111/><E111/><V131/><F131/><W7/><G7/><T135/><D135/><U68/><E15/><V127/><F23/><W11/><G11/><AGARI ba="0,0" hai="8,9,11,45,47,49,53,57,91,92,95,96,98,100" machi="11" ten="40,1300,0" yaku="8,1" doraHai="58" who="0" fromWho="3" sc="252,13,235,0,268,0,245,-13" /><INIT seed="2,0,0,2,4,105" ten="265,235,268,232" oya="2" hai0="93,45,33,63,92,85,106,86,40,8,41,52,35" hai1="81,134,65,12,0,110,54,64,25,82,60,83,26" hai2="70,23,16,66,127,95,131,6,22,29,51,129,111" hai3="27,117,39,98,32,76,53,72,130,80,1,18,36"/><V124/><F51/><W120/><G117/><T74/><D106/><U115/><E0/><V75/><F75/><W132/><G120/><T121/><D121/><U43/><E115/><V3/><F66/><W55/><G1/><T100/><D74/><U59/><E134/><V123/><F70/><W133/><G130/><N who="2" m="49673" /><F95/><W126/><G126/><N who="2" m="48169" /><F123/><W14/><G98/><T49/><D92/><U122/><E122/><V11/><F111/><W30/><G53/><T42/><D86/><U46/><E110/><V91/><F91/><W69/><G69/><T21/><D100/><U87/><E64/><V96/><F96/><W31/><G31/><T114/><D63/><U77/><E65/><V119/><F119/><W24/><G24/><T97/><D85/><U68/><E68/><V38/><F38/><W116/><G116/><T19/><D93/><U37/><E83/><V58/><F58/><W62/><G36/><T20/><D97/><U112/><E82/><V90/><F90/><W84/><G39/><T56/><D56/><U34/><E81/><V48/><F48/><W94/><G94/><T102/><D102/><U28/><E87/><V78/><F29/><W71/><G84/><T50/><D50/><U9/><E77/><V2/><F23/><N who="3" m="11735" /><G71/><T5/><D20/><U73/><E73/><V4/><F78/><W101/><G101/><T107/><D107/><U103/><E103/><V104/><F104/><W44/><G62/><T109/><D109/><U67/><E67/><V99/><F99/><W61/><G61/><T10/><D49/><U15/><E37/><V128/><F128/><RYUUKYOKU ba="0,0" sc="265,-10,235,-10,268,-10,232,30" hai3="27,30,32,44,55,72,76,80,132,133" /><INIT seed="3,1,0,3,0,106" ten="255,225,258,262" oya="3" hai0="45,1,60,42,98,90,2,91,29,116,48,122,36" hai1="86,127,94,47,26,84,130,6,111,89,100,49,32" hai2="39,27,135,113,96,126,61,74,105,8,38,14,17" hai3="15,56,71,79,108,88,7,102,120,92,23,118,77"/><W99/><G118/><T58/><D122/><U69/><E111/><V62/><F113/><W68/><G120/><T82/><D116/><U103/><E130/><V81/><F135/><W125/><G125/><T40/><D29/><U10/><E127/><V72/><F126/><W63/><G108/><T18/><D40/><U123/><E69/><V133/><F133/><W19/><G7/><T53/><D18/><U12/><E123/><V5/><F81/><W73/><G79/><T28/><D28/><U33/><E26/><V83/><F83/><W107/><G77/><T109/><D109/><U35/><REACH who="1" step="1"/><E84/><REACH who="1" ten="255,215,258,262" step="2"/><V66/><F27/><W93/><G73/><T11/><D1/><U95/><E95/><V65/><F74/><W97/><REACH who="3" step="1"/><G93/><REACH who="3" ten="255,215,258,252" step="2"/><T132/><D132/><U124/><E124/><V104/><F72/><W67/><AGARI ba="1,2" hai="15,19,23,56,63,67,68,71,88,92,97,99,102,107" machi="67" ten="20,12000,1" yaku="1,1,2,1,0,1,7,1,54,1,53,0" doraHai="106" doraHaiUra="134" who="3" fromWho="3" sc="255,-41,215,-41,258,-41,252,143" /><INIT seed="3,2,0,0,2,88" ten="214,174,217,395" oya="3" hai0="113,26,125,15,74,5,16,132,120,105,44,41,134" hai1="110,112,84,29,66,64,124,109,121,75,82,69,127" hai2="50,11,130,129,65,95,6,123,30,87,81,67,91" hai3="47,73,76,32,80,83,54,116,93,131,43,23,53"/><W46/><G116/><T0/><D120/><U24/><E75/><V22/><F123/><W51/><G32/><T48/><D105/><U108/><E112/><V99/><F50/><W49/><G131/><N who="2" m="50185" /><F22/><W85/><G23/><T20/><D113/><U101/><E101/><N who="2" m="60671" /><F30/><W38/><G93/><T59/><D125/><N who="1" m="48203" /><E69/><V68/><F68/><W94/><G94/><T63/><D74/><U25/><E121/><V52/><F52/><W14/><G14/><AGARI ba="2,0" hai="6,11,14,65,67,81,87,91" m="60671,50185" machi="14" ten="30,2000,0" yaku="19,1,52,1" doraHai="88" who="2" fromWho="3" sc="214,0,174,0,217,26,395,-26" /><INIT seed="4,0,0,0,2,134" ten="214,174,243,369" oya="0" hai0="59,10,112,71,98,116,118,49,19,16,41,65,119" hai1="55,17,113,29,43,4,52,122,128,53,2,58,88" hai2="92,89,8,64,11,20,73,40,68,27,83,76,37" hai3="101,127,120,110,105,97,82,28,54,66,32,99,14"/><T48/><D112/><U38/><E122/><V104/><F104/><W87/><G110/><T107/><D71/><U114/><E128/><V74/><F74/><W61/><G54/><T56/><D65/><U103/><E103/><V1/><F64/><W72/><G72/><T81/><D81/><U21/><E29/><V35/><F68/><W15/><G99/><T130/><D130/><U25/><E4/><V94/><F35/><W75/><G75/><T125/><D125/><U100/><E2/><V42/><F94/><W135/><G127/><T102/><D10/><U133/><E100/><V24/><F24/><N who="3" m="18439" /><G135/><T108/><D108/><U106/><E106/><V12/><F1/><W126/><G120/><T84/><D84/><U50/><E133/><V95/><F95/><W111/><G111/><T3/><D3/><U86/><E38/><V46/><F40/><W26/><G26/><T70/><D70/><U85/><E85/><V39/><F37/><W123/><G126/><T121/><D121/><U62/><E43/><V90/><F90/><N who="3" m="51575" /><G123/><T7/><D7/><U69/><E69/><AGARI ba="0,0" hai="14,15,61,66,69,97,101,105" m="51575,18439" machi="69" ten="30,1000,0" yaku="25,1" doraHai="134" who="3" fromWho="1" sc="214,0,174,-10,243,0,369,10" /><INIT seed="5,0,0,2,3,78" ten="214,164,243,379" oya="1" hai0="112,8,66,16,123,69,61,77,20,117,14,33,109" hai1="64,92,6,90,85,114,36,67,81,32,11,59,10" hai2="21,115,34,57,82,93,52,62,70,19,80,56,87" hai3="55,46,5,4,108,44,95,97,39,128,63,129,31"/><U24/><E36/><V0/><F34/><W26/><G108/><T98/><D109/><U7/><E114/><V12/><F0/><W107/><G107/><T15/><D117/><U58/><E32/><V84/><F70/><W71/><G5/><T101/><D112/><U51/><E24/><V100/><F115/><W30/><G4/><T17/><D123/><U127/><E127/><V9/><F9/><W121/><G121/><T130/><D130/><U116/><E116/><V40/><F40/><W104/><G104/><T49/><D77/><U119/><E119/><V68/><F68/><W131/><G39/><T94/><D49/><U91/><E51/><N who="2" m="30751" /><F100/><W120/><G120/><T42/><D42/><U28/><E28/><N who="3" m="10794" /><G26/><T3/><D33/><U134/><E134/><V133/><F133/><W89/><G71/><T99/><D99/><U60/><E7/><V45/><F45/><W29/><G29/><T37/><D37/><U65/><E6/><V79/><F93/><W75/><G75/><T74/><REACH who="0" step="1"/><D74/><REACH who="0" ten="204,164,243,379" step="2"/><U1/><E1/><AGARI ba="0,1" hai="1,3,8,14,15,16,17,20,61,66,69,94,98,101" machi="1" ten="40,5200,0" yaku="1,1,2,1,54,1,53,0" doraHai="78" doraHaiUra="122" who="0" fromWho="1" sc="204,62,164,-52,243,0,379,0" /><INIT seed="6,0,0,4,3,75" ten="266,112,243,379" oya="2" hai0="83,79,120,72,127,54,86,56,89,109,117,71,37" hai1="84,48,33,32,7,9,94,110,65,12,62,115,112" hai2="87,92,21,55,17,27,40,10,108,116,101,70,20" hai3="97,19,24,60,5,53,0,122,58,111,34,124,8"/><V23/><F116/><W15/><G111/><T129/><D109/><U64/><E110/><V106/><F106/><W46/><G122/><T14/><D120/><U43/><E94/><V80/><F108/><W131/><G131/><T135/><D71/><U25/><E25/><V128/><F128/><W68/><G124/><T133/><D117/><U114/><E84/><V95/><F70/><W18/><G68/><T1/><D1/><U66/><REACH who="1" step="1"/><E62/><REACH who="1" ten="266,102,243,379" step="2"/><V30/><F95/><W69/><G24/><T90/><D86/><U102/><E102/><V28/><F92/><W51/><G60/><T52/><D129/><U85/><E85/><V107/><F101/><W16/><G97/><T50/><D72/><U105/><E105/><V63/><F107/><W78/><G34/><T77/><D133/><U4/><E4/><V74/><F74/><W132/><G5/><T82/><D135/><U13/><E13/><N who="2" m="7351" /><F27/><W67/><G132/><T31/><D14/><U96/><E96/><V38/><F87/><W57/><G15/><T104/><D104/><U26/><E26/><V2/><F2/><W93/><G0/><T3/><D3/><U6/><E6/><V59/><F80/><W35/><G35/><T61/><D82/><U73/><E73/><V22/><N who="2" m="5120" /><DORA hai="134" /><V119/><F119/><W130/><G93/><T113/><D83/><U41/><E41/><V44/><F28/><W103/><G103/><T36/><D61/><U88/><E88/><V39/><F30/><W11/><G130/><T91/><D91/><U42/><E42/><V76/><F76/><W29/><G78/><RYUUKYOKU ba="0,1" sc="266,-15,102,15,243,15,379,-15" hai1="7,9,12,32,33,43,48,64,65,66,112,114,115" hai2="38,39,40,44,55,59,63" /><INIT seed="6,1,1,5,0,49" ten="251,117,258,364" oya="2" hai0="65,90,26,101,99,84,80,75,37,19,135,42,92" hai1="14,96,24,45,57,3,58,112,124,109,104,111,48" hai2="130,12,44,113,91,105,27,88,62,129,97,43,83" hai3="107,22,31,74,73,69,60,126,59,50,110,30,128"/><V77/><F113/><W51/><G110/><T39/><D135/><U9/><E3/><V6/><F27/><W72/><G107/><N who="0" m="63935" /><D65/><U95/><E104/><V71/><F71/><W34/><G34/><T15/><D26/><U2/><E2/><V40/><F62/><W132/><G132/><T21/><D42/><U32/><E112/><V102/><F43/><W0/><G0/><T117/><D117/><U4/><E124/><V86/><F6/><W28/><G126/><T41/><D41/><U103/><E111/><V7/><F7/><W1/><G1/><T23/><D23/><U94/><E109/><V89/><REACH who="2" step="1"/><F12/><REACH who="2" ten="251,117,248,364" step="2"/><W106/><G69/><T87/><D15/><U36/><E36/><AGARI ba="1,2" hai="36,40,44,77,83,86,88,89,91,97,102,105,129,130" machi="36" ten="40,7700,0" yaku="1,1,2,1,54,1,53,0" doraHai="49" doraHaiUra="46" who="2" fromWho="1" sc="251,0,117,-80,248,100,364,0" /><INIT seed="6,2,0,3,1,97" ten="251,37,348,364" oya="2" hai0="87,5,95,50,116,0,65,21,88,91,32,114,120" hai1="9,7,2,93,118,60,100,40,37,104,48,76,56" hai2="22,24,78,135,6,28,119,73,35,38,90,51,47" hai3="84,108,39,117,23,45,130,61,72,30,13,106,18"/><V105/><F119/><W122/><G117/><T8/><D120/><U52/><E118/><V44/><F135/><W10/><G122/><T82/><D32/><U31/><E104/><V109/><F109/><W4/><G72/><T17/><D114/><U74/><E31/><V34/><F44/><W110/><G130/><T63/><D116/><U121/><E121/><V12/><F38/><W94/><G106/><T126/><D126/><U98/><E37/><V41/><F105/><W83/><G30/><T132/><D50/><U26/><E26/><V125/><F125/><W124/><G94/><T111/><D111/><U127/><E127/><V58/><F58/><W64/><G45/><T14/><D132/><U92/><E92/><V107/><F107/><W19/><G19/><T99/><D63/><U54/><E40/><V103/><F103/><W36/><G124/><T102/><REACH who="0" step="1"/><D65/><REACH who="0" ten="241,37,348,364" step="2"/><U57/><REACH who="1" step="1"/><E74/><REACH who="1" ten="241,27,348,364" step="2"/><V113/><F113/><W53/><G110/><T131/><D131/><U42/><E42/><V129/><F129/><W77/><G108/><T20/><D20/><U89/><E89/><AGARI ba="2,2" hai="0,5,8,14,17,21,82,87,88,89,91,95,99,102" machi="89" ten="30,7700,0" yaku="1,1,7,1,52,1,54,1,53,0" doraHai="97" doraHaiUra="101" who="0" fromWho="1" sc="241,103,27,-83,348,0,364,0" owari="344,-6.0,-56,-56.0,348,15.0,364,47.0" /></mjloggm>