<mjloggm ver="2.3"><GO type="169" lobby="0"/><UN n0="%7A%65%6C%64%65%6E" n1="%E5%B0%B1%E6%B4%BB%E7%94%9F%40%E5%B7%9D%E6%9D%91%E8%BB%8D%E5%9B%A3" n2="%E3%81%AF%E3%82%80" n3="%73%65%69%6C" dan="18,18,17,17" rate="2241.73,2313.02,2144.85,2171.31" sx="M,M,M,M"/><TAIKYOKU oya="0"/><INIT seed="0,0,0,5,0,125" ten="250,250,250,250" oya="0" hai0="10,82,38,22,56,34,21,65,43,79,68,86,107" hai1="12,118,126,44,67,14,96,41,106,20,101,130,74" hai2="61,2,87,123,80,72,102,85,13,37,100,51,131" hai3="69,93,83,90,48,115,122,117,121,52,103,81,135"/><T32/><D107/><U108/><E74/><V17/><F37/><W40/><G117/><T116/><D68/><U53/><E126/><V132/><F2/><W36/><G115/><T129/><D116/><U124/><E124/><V49/><F123/><N who="3" m="47115" /><G69/><T54/><D65/><U31/><E67/><V113/><F113/><W19/><G103/><T5/><D34/><U35/><E35/><V112/><F112/><W18/><G135/><T71/><D32/><U133/><E108/><V63/><F72/><W25/><G40/><T109/><D71/><U45/><E45/><V94/><F132/><W95/><G36/><T15/><D109/><U4/><E53/><V1/><F1/><W99/><G93/><T78/><D129/><U89/><E130/><V60/><F131/><W110/><G110/><T8/><D79/><U105/><E105/><V16/><F87/><W42/><G42/><T120/><D120/><U97/><E41/><V58/><F58/><N who="3" m="33031" /><G25/><T47/><REACH who="0" step="1"/><D10/><REACH who="0" ten="240,250,250,250" step="2"/><U7/><E106/><V127/><F127/><W62/><G62/><AGARI ba="0,1" hai="5,8,15,21,22,38,43,47,54,56,62,78,82,86" machi="62" ten="30,5800,0" yaku="1,1,2,1,7,1,53,0" doraHai="125" doraHaiUra="26" who="0" fromWho="3" sc="240,68,250,0,250,0,250,-58" /><INIT seed="0,1,0,2,4,125" ten="308,250,250,192" oya="0" hai0="68,75,100,89,131,46,8,78,28,92,77,17,37" hai1="118,30,122,7,60,104,117,80,9,63,87,103,13" hai2="50,108,127,39,40,45,82,95,113,107,54,10,49" hai3="94,76,3,12,15,66,73,18,84,29,116,62,71"/><T41/><D68/><U97/><E122/><V114/><F107/><W91/><G116/><T14/><D75/><U81/><E81/><V56/><F95/><W98/><G3/><T0/><D100/><U6/><E6/><V22/><F22/><W32/><G73/><T102/><D102/><U119/><REACH who="1" step="1"/><E30/><REACH who="1" ten="308,240,250,192" step="2"/><V105/><F82/><W112/><G29/><T51/><D28/><U129/><E129/><V124/><F108/><W133/><G18/><T120/><D131/><U65/><E65/><V44/><F105/><W132/><G132/><T83/><D83/><U26/><E26/><V74/><F74/><W42/><G133/><T86/><D120/><U36/><E36/><V52/><REACH who="2" step="1"/><F10/><REACH who="2" ten="308,240,240,192" step="2"/><W101/><G94/><T4/><D37/><U25/><E25/><V69/><F69/><W55/><G71/><T20/><AGARI ba="1,2" hai="0,4,8,14,17,20,41,46,51,77,78,86,89,92" machi="20" ten="20,2100,0" yaku="0,1,7,1" doraHai="125" who="0" fromWho="0" sc="308,44,240,-8,240,-8,192,-8" /><INIT seed="0,2,0,2,3,108" ten="352,232,232,184" oya="0" hai0="15,116,22,10,14,83,109,121,73,33,32,1,61" hai1="94,107,119,52,55,18,87,31,114,20,111,7,89" hai2="30,95,133,43,53,103,106,134,38,118,126,62,80" hai3="117,37,101,99,13,102,44,104,132,124,28,63,8"/><T11/><D116/><U123/><E111/><V25/><F106/><W57/><G117/><T26/><D109/><U128/><E119/><V46/><F118/><W27/><G124/><T90/><D121/><U88/><E107/><V4/><F126/><W125/><G125/><T69/><D69/><U79/><E128/><V75/><F4/><W81/><G132/><N who="2" m="50793" /><F103/><W47/><G81/><T92/><D61/><U112/><E7/><V71/><F95/><W60/><G102/><T65/><D65/><U86/><E31/><V85/><F75/><W6/><G37/><T84/><D1/><U68/><E68/><V29/><F25/><W17/><G6/><T98/><D73/><U120/><E79/><N who="2" m="46239" /><F53/><W76/><G76/><T36/><D36/><U16/><E94/><V24/><F24/><W100/><G100/><T67/><D67/><AGARI ba="2,0" hai="29,30,38,43,46,62,67,71" m="46239,50793" machi="67" ten="30,1000,0" yaku="20,1" doraHai="108" who="2" fromWho="0" sc="352,-16,232,0,232,16,184,0" /><INIT seed="1,0,0,5,5,18" ten="336,232,248,184" oya="1" hai0="98,65,97,91,72,36,54,61,135,86,115,67,121" hai1="30,32,76,20,92,93,47,90,130,27,78,50,15" hai2="77,13,59,84,85,11,103,38,100,17,9,116,19" hai3="96,102,1,62,127,128,25,129,0,81,51,119,39"/><U42/><E130/><N who="3" m="50282" /><G39/><T120/><D72/><U5/><E93/><V133/><F38/><W88/><G127/><T75/><D75/><U83/><E83/><V49/><F133/><W123/><G123/><N who="0" m="47179" /><D115/><U63/><E63/><V113/><F113/><W104/><G119/><T34/><D34/><U95/><E95/><V6/><F116/><W66/><G51/><T31/><D31/><U106/><E106/><V56/><F49/><W112/><G25/><T2/><D2/><N who="3" m="1129" /><G112/><T71/><D135/><U33/><E33/><V46/><F13/><W7/><G7/><T28/><D28/><U4/><E32/><V37/><F37/><W21/><G21/><T134/><D134/><U52/><E42/><V41/><F41/><W45/><G45/><T14/><D36/><U16/><E30/><V94/><F46/><W118/><G118/><T124/><D124/><U55/><E55/><V8/><F6/><N who="1" m="2665" /><E27/><V110/><F94/><W22/><G81/><T89/><D54/><U43/><E43/><V99/><F99/><AGARI ba="0,0" hai="15,16,20,47,50,52,76,78,90,92,99" m="2665" machi="99" ten="30,11600,0" yaku="8,1,52,1,54,2" doraHai="18" who="1" fromWho="2" sc="336,0,232,116,248,-116,184,0" /><INIT seed="1,1,0,0,0,61" ten="336,348,132,184" oya="1" hai0="77,13,27,47,86,54,91,23,90,22,118,46,10" hai1="53,0,40,56,85,41,38,74,132,4,108,81,19" hai2="55,69,65,98,45,130,28,83,51,66,114,26,87" hai3="127,94,1,21,110,112,63,50,104,9,36,107,123"/><U97/><E74/><V124/><F130/><W70/><G36/><T12/><D118/><U82/><E132/><V37/><F37/><W42/><G123/><T89/><D54/><U34/><E34/><V68/><F124/><W76/><G112/><T20/><D27/><U57/><E0/><V117/><F117/><W31/><G127/><T15/><D10/><U30/><E30/><V102/><F114/><W8/><G76/><T111/><D111/><U113/><E4/><V135/><F135/><W17/><G31/><T18/><D18/><U67/><E38/><V52/><F55/><W25/><G94/><T128/><D128/><U106/><E106/><V121/><F121/><W96/><G96/><T129/><D129/><U93/><E19/><V131/><F131/><W3/><G110/><T44/><D86/><U24/><E24/><V101/><F69/><W134/><G134/><T39/><D39/><U84/><E93/><V60/><F66/><N who="3" m="41311" /><G107/><T64/><D64/><U5/><E67/><V100/><F98/><W88/><G104/><T73/><D77/><U58/><E97/><V105/><F105/><W43/><G1/><T29/><D29/><U11/><E53/><V16/><F16/><W120/><G120/><T49/><D49/><U99/><E99/><V59/><F68/><W122/><G122/><T116/><D116/><U71/><E71/><V80/><REACH who="2" step="1"/><F87/><REACH who="2" ten="336,348,122,184" step="2"/><N who="1" m="33353" /><E113/><V32/><AGARI ba="1,1" hai="26,28,32,45,51,52,59,60,65,80,83,100,101,102" machi="32" ten="30,7900,0" yaku="1,1,0,1,52,1,54,1,53,0" doraHai="61" doraHaiUra="95" who="2" fromWho="2" sc="336,-21,348,-40,122,92,184,-21" /><INIT seed="2,0,0,3,1,71" ten="315,308,214,163" oya="2" hai0="24,66,89,120,77,112,50,2,43,31,51,14,65" hai1="29,57,123,19,94,80,40,25,118,126,124,41,36" hai2="111,10,121,134,42,52,0,8,69,74,3,91,93" hai3="129,96,105,6,97,11,58,5,122,119,127,23,81"/><V125/><F74/><W79/><G122/><T109/><D2/><U48/><E118/><V72/><F72/><W17/><G119/><T87/><D120/><U95/><E36/><V9/><F69/><W47/><G127/><N who="1" m="48682" /><E19/><V16/><F121/><W33/><G129/><T34/><D112/><U103/><E80/><V104/><F104/><W53/><G33/><T4/><D109/><U76/><E76/><V99/><F111/><W21/><G47/><N who="0" m="25983" /><D89/><U63/><E48/><V75/><F75/><W20/><G17/><T84/><D84/><U60/><E60/><V101/><F125/><W92/><G105/><T49/><D49/><U26/><E26/><V98/><F42/><W37/><G37/><T18/><D18/><U117/><E117/><V22/><F134/><W44/><G44/><T35/><D51/><U100/><E100/><V62/><F62/><N who="3" m="36175" /><G81/><N who="0" m="47535" /><D35/><N who="1" m="20911" /><E123/><V86/><F99/><W82/><G96/><T90/><D90/><U130/><E130/><V7/><F7/><W12/><G5/><T15/><D15/><U102/><E102/><V131/><F131/><W27/><G27/><T78/><D78/><U46/><E103/><V107/><F0/><W85/><G97/><T56/><D56/><U114/><E114/><V38/><F3/><W54/><G92/><N who="1" m="35370" /><E46/><V45/><F38/><W133/><G133/><T88/><D88/><U1/><E1/><V116/><F116/><W32/><G32/><T132/><D132/><U61/><E61/><V28/><F45/><W64/><G64/><AGARI ba="0,0" hai="40,41,57,63,64" m="35370,20911,48682" machi="64" ten="30,1000,0" yaku="18,1" doraHai="71" who="1" fromWho="3" sc="315,0,308,10,214,0,163,-10" /><INIT seed="3,0,0,4,3,98" ten="315,318,214,153" oya="3" hai0="118,88,108,94,110,100,52,17,47,23,5,85,27" hai1="93,6,59,107,119,73,64,24,115,63,102,124,126" hai2="29,21,66,57,2,105,36,56,44,113,86,50,103" hai3="104,131,120,75,61,77,12,16,46,38,117,123,82"/><W72/><G117/><T76/><D118/><U112/><E73/><V7/><F36/><W30/><G75/><T62/><D76/><U31/><E6/><V92/><F105/><W40/><G131/><T122/><D122/><U60/><E60/><V54/><F113/><W13/><G104/><T69/><D5/><U83/><E83/><V1/><F1/><W32/><G13/><T79/><D79/><U128/><E128/><V55/><F66/><W125/><G125/><N who="1" m="48234" /><E107/><V80/><F7/><W37/><G37/><T129/><D129/><U22/><E119/><V25/><F2/><W116/><G116/><T48/><REACH who="0" step="1"/><D100/><REACH who="0" ten="305,318,214,153" step="2"/><U18/><E18/><V84/><F103/><W26/><REACH who="3" step="1"/><G61/><REACH who="3" ten="305,318,214,143" step="2"/><T4/><D4/><U133/><E133/><V11/><F25/><W134/><G134/><T8/><D8/><AGARI ba="0,2" hai="8,12,16,26,30,32,38,40,46,72,77,82,120,123" machi="8" ten="30,5800,0" yaku="1,1,7,1,54,1,53,0" doraHai="98" doraHaiUra="81" who="3" fromWho="0" sc="305,-58,318,0,214,0,143,78" /><INIT seed="3,1,0,0,2,42" ten="247,318,214,221" oya="3" hai0="78,106,3,101,102,118,6,51,10,97,83,49,127" hai1="87,35,63,31,95,20,64,74,110,117,48,69,96" hai2="134,124,85,53,62,103,57,86,98,37,0,73,59" hai3="21,82,67,70,60,112,121,45,107,81,16,52,27"/><W123/><G112/><T90/><D118/><U46/><E74/><V132/><F73/><W71/><G107/><T13/><D127/><U8/><E35/><V113/><F124/><W88/><G71/><T29/><D101/><U94/><E110/><V133/><F113/><W33/><G33/><T109/><D109/><U66/><E66/><V54/><F0/><W76/><G88/><T14/><D29/><U17/><E117/><V77/><F37/><W39/><G82/><T99/><D51/><U7/><E31/><V41/><F41/><W32/><G32/><T135/><D135/><U100/><E87/><V129/><F129/><W58/><G39/><T89/><D49/><U26/><E96/><V119/><F119/><W92/><G92/><T120/><D120/><U114/><E100/><V44/><F77/><W65/><G45/><T80/><D90/><U24/><E24/><V38/><F38/><W18/><G18/><T61/><D83/><U12/><REACH who="1" step="1"/><E114/><REACH who="1" ten="247,308,214,221" step="2"/><V122/><F86/><W105/><G65/><T125/><D125/><U104/><E104/><V115/><F85/><W15/><G27/><T91/><D99/><U131/><E131/><V25/><F115/><W116/><G105/><T47/><D97/><U128/><E128/><V30/><F122/><W23/><G116/><T5/><D102/><U19/><E19/><V11/><F98/><W93/><G121/><T50/><D106/><U84/><E84/><V40/><F103/><W4/><G123/><T1/><D80/><U28/><E28/><V130/><F30/><W36/><G81/><T75/><D75/><RYUUKYOKU ba="1,1" sc="247,-10,308,30,214,-10,221,-10" hai1="7,8,12,17,20,26,46,48,63,64,69,94,95" /><INIT seed="4,2,1,5,0,84" ten="237,338,204,211" oya="0" hai0="65,79,90,92,78,2,40,81,113,51,83,0,102" hai1="68,37,73,59,115,103,71,23,111,95,13,131,53" hai2="28,117,97,61,10,63,9,104,60,7,112,108,129" hai3="110,107,4,30,94,35,44,29,91,3,27,72,116"/><T98/><D113/><U66/><E37/><V88/><F112/><W49/><G110/><T42/><D65/><U45/><E73/><V114/><F114/><W43/><G116/><T31/><D31/><U55/><E131/><V41/><F108/><W132/><G107/><T76/><D2/><U134/><E134/><V124/><F129/><W70/><G70/><T18/><D0/><U62/><E111/><V14/><F117/><W101/><G101/><T86/><D18/><U135/><E135/><V34/><F124/><W15/><G72/><T75/><D51/><U125/><E125/><V77/><F77/><N who="0" m="29802" /><D42/><U24/><E13/><V69/><F69/><W96/><G3/><T58/><D58/><U64/><E115/><V26/><F41/><W46/><G132/><T17/><D17/><N who="1" m="12399" /><E68/><V57/><F57/><W36/><G30/><T11/><D11/><U19/><E19/><V25/><F25/><W56/><G56/><T109/><D40/><U80/><E71/><V99/><F104/><W89/><G15/><T133/><D133/><U39/><E39/><V12/><F12/><W123/><G123/><T52/><D52/><U16/><E16/><V33/><F10/><W48/><G36/><T20/><D20/><U5/><E64/><V54/><F54/><N who="3" m="29959" /><G4/><T22/><D22/><U93/><E5/><V47/><F33/><W74/><G74/><T122/><D109/><U119/><E66/><V106/><F47/><W87/><G35/><T67/><D67/><U128/><E45/><V1/><F1/><W120/><G46/><T127/><D127/><U130/><E59/><RYUUKYOKU ba="2,1" sc="237,30,338,-10,204,-10,211,-10" hai0="75,79,81,83,86,90,92,98,102,122" /><INIT seed="4,3,1,0,4,113" ten="267,328,194,201" oya="0" hai0="116,47,111,69,45,33,46,51,27,79,85,50,21" hai1="96,105,114,120,87,54,25,29,66,28,17,16,118" hai2="83,80,59,63,104,36,86,58,100,14,2,127,70" hai3="53,91,3,12,0,10,92,65,132,123,117,43,103"/><T126/><D69/><U5/><E118/><V121/><F2/><W15/><G123/><T18/><D116/><U38/><E38/><V61/><F121/><W20/><G132/><T13/><D126/><U22/><E120/><V24/><F36/><W52/><G117/><T42/><D111/><U1/><E66/><V81/><F70/><W55/><G103/><T98/><D33/><U125/><E96/><V72/><F72/><W68/><G43/><T56/><D98/><U119/><E119/><V101/><F127/><W67/><G20/><T107/><D107/><U115/><E105/><V122/><F122/><W95/><G68/><T128/><D128/><U94/><E54/><N who="2" m="34007" /><F104/><W39/><G39/><T135/><D135/><U71/><E71/><V109/><F109/><W37/><G37/><T40/><D56/><U90/><E125/><V73/><F73/><W30/><G30/><T57/><D57/><U4/><E29/><V89/><F24/><W31/><G31/><T8/><D46/><U64/><E64/><N who="3" m="24650" /><G91/><T74/><D74/><U76/><E76/><V9/><F101/><W35/><G35/><T11/><REACH who="0" step="1"/><D27/><REACH who="0" ten="257,328,194,201" step="2"/><U84/><E25/><V102/><F59/><W108/><G108/><T49/><D49/><U62/><E114/><V88/><F63/><W19/><G53/><T48/><D48/><U106/><E62/><V26/><F26/><W93/><G55/><T129/><D129/><U131/><E106/><V6/><F86/><N who="1" m="32809" /><E115/><V23/><F100/><W75/><G52/><T82/><AGARI ba="3,2" hai="8,11,13,18,21,40,42,45,47,50,51,79,82,85" machi="82" ten="30,11700,0" yaku="1,1,0,1,9,1,8,1,53,0" doraHai="113" doraHaiUra="130" who="0" fromWho="0" sc="257,146,328,-42,194,-42,201,-42" /><INIT seed="4,4,0,5,1,86" ten="403,286,152,159" oya="0" hai0="71,107,0,8,56,117,26,35,116,60,119,82,1" hai1="72,70,32,6,84,42,98,11,19,37,10,4,108" hai2="96,121,102,75,29,41,44,128,103,79,83,104,3" hai3="134,15,12,33,14,127,2,53,40,111,16,95,20"/><T101/><D82/><U90/><E70/><V113/><F3/><W130/><G111/><T34/><D56/><U59/><E72/><V129/><F29/><W31/><G40/><T50/><D50/><U118/><E32/><N who="0" m="12329" /><D26/><U115/><E108/><V66/><F66/><W105/><G105/><T126/><D126/><U73/><E73/><V21/><F21/><W91/><G127/><T9/><D9/><U67/><E115/><V30/><F30/><W114/><G114/><T48/><D48/><U112/><E112/><V94/><F113/><W135/><G2/><N who="0" m="1131" /><D8/><U80/><E42/><V7/><F7/><W123/><G14/><T64/><D101/><U88/><E37/><V69/><F69/><W76/><G12/><T125/><D125/><U27/><E118/><V13/><F13/><W5/><G15/><T81/><D81/><U22/><E10/><V131/><F44/><W99/><G5/><T68/><D68/><U54/><E11/><V36/><F41/><W62/><G33/><T85/><D85/><U120/><E120/><V47/><F36/><W61/><G20/><T133/><D107/><U97/><E67/><V17/><F47/><W43/><G123/><T89/><D89/><U57/><E57/><V63/><F63/><W122/><G62/><T100/><D100/><U49/><E90/><V92/><F17/><W93/><G61/><T52/><D52/><U77/><E77/><V23/><F23/><W46/><G53/><T58/><D58/><U132/><E6/><V74/><F121/><W106/><G106/><T24/><D24/><U65/><E4/><RYUUKYOKU ba="4,0" sc="403,30,286,-10,152,-10,159,-10" hai0="60,64,71,116,117,119,133" /><INIT seed="4,5,0,2,2,112" ten="433,276,142,149" oya="0" hai0="109,134,66,30,55,35,111,46,57,108,125,69,28" hai1="84,82,41,123,65,102,135,5,45,32,67,75,105" hai2="73,10,72,121,12,85,26,51,29,6,97,110,21" hai3="79,90,34,116,124,91,56,113,59,20,120,22,118"/><T127/><D35/><U31/><E123/><V54/><F121/><W132/><G34/><T47/><D30/><U27/><E75/><V13/><F110/><W76/><G120/><T14/><D28/><U52/><E135/><V60/><F60/><W77/><G124/><N who="0" m="47691" /><D14/><U44/><E5/><V70/><F70/><W99/><G99/><T8/><D8/><U39/><E102/><V103/><F85/><W25/><G132/><T83/><D134/><U115/><E105/><V71/><F13/><W23/><G25/><T129/><D129/><U3/><E3/><V68/><F72/><W98/><G113/><T36/><D36/><U101/><E101/><V81/><F81/><W16/><G16/><T15/><D15/><U93/><E93/><V48/><F73/><W33/><G33/><T107/><D83/><U78/><E115/><V62/><F62/><W43/><G43/><T4/><D107/><U100/><E100/><V0/><F0/><W94/><REACH who="3" step="1"/><G91/><REACH who="3" ten="433,276,142,139" step="2"/><T19/><D19/><U87/><E41/><V1/><F1/><W64/><G64/><T122/><D122/><U131/><E67/><V133/><F133/><W92/><G92/><T42/><D42/><U88/><E65/><V89/><F89/><W104/><G104/><T58/><D4/><U9/><E88/><V2/><F2/><W11/><G11/><T86/><D108/><U7/><E7/><V18/><F6/><W106/><G106/><T114/><D109/><U119/><E9/><V38/><F97/><W128/><G128/><T53/><D111/><U95/><E131/><V126/><F18/><RYUUKYOKU ba="5,1" sc="433,-10,276,-10,142,-10,139,30" hai3="20,22,23,56,59,76,77,79,90,94,98,116,118" /><INIT seed="5,6,1,5,0,116" ten="423,266,132,169" oya="1" hai0="8,53,18,126,49,80,15,95,111,73,101,81,94" hai1="118,59,55,96,66,125,76,90,46,129,67,57,4" hai2="130,14,65,21,39,123,68,10,86,77,28,56,43" hai3="79,35,106,113,63,32,107,132,11,26,121,98,122"/><U70/><E70/><V61/><F68/><W0/><G113/><T37/><D37/><U62/><E118/><V75/><F75/><W97/><G132/><T69/><D69/><U16/><E4/><V3/><F3/><W72/><G63/><T51/><D111/><U134/><E134/><V88/><F130/><W12/><G12/><T114/><D126/><U41/><E76/><V110/><F110/><W99/><G26/><T17/><D73/><U34/><E34/><N who="3" m="12842" /><G72/><T119/><D114/><U38/><E125/><V19/><F77/><W1/><G11/><T13/><D119/><U71/><E129/><V27/><F123/><N who="3" m="47115" /><G79/><T44/><D8/><U64/><E59/><V124/><F124/><W23/><G23/><T25/><D25/><U60/><E16/><V89/><REACH who="2" step="1"/><F86/><REACH who="2" ten="423,266,122,169" step="2"/><W52/><G52/><T7/><D53/><U84/><E84/><V100/><F100/><W133/><G133/><T36/><D101/><U58/><E71/><V40/><F40/><W24/><G24/><T112/><D112/><U92/><AGARI ba="6,2" hai="38,41,46,55,57,58,60,62,64,66,67,90,92,96" machi="92" ten="30,1500,0" yaku="0,1" doraHai="116" who="1" fromWho="1" sc="423,-11,266,53,122,-11,169,-11" /><INIT seed="5,7,0,2,5,125" ten="412,319,111,158" oya="1" hai0="31,15,92,50,60,68,113,11,99,128,58,42,108" hai1="96,4,88,21,122,6,25,120,28,56,40,27,100" hai2="37,75,133,61,117,23,101,65,20,35,49,81,12" hai3="87,109,14,43,5,135,71,83,93,46,112,24,57"/><U74/><E74/><V38/><F37/><W7/><G109/><T116/><D116/><U127/><E127/><V66/><F38/><W123/><G123/><T69/><D108/><U1/><E40/><V76/><F35/><W19/><G71/><T121/><D121/><U80/><E27/><V79/><F117/><W119/><G112/><T8/><D128/><U102/><E1/><V62/><F133/><W124/><G124/><T36/><D36/><U94/><E120/><V131/><F131/><W63/><G93/><T48/><D113/><U32/><E32/><V98/><F49/><N who="3" m="26847" /><G24/><T29/><D68/><U118/><E118/><V77/><F75/><W134/><G119/><T70/><D70/><U67/><E122/><V22/><F81/><W18/><G134/><T115/><D60/><N who="2" m="23146" /><F12/><W51/><G51/><T95/><D69/><U54/><E67/><N who="2" m="25611" /><F98/><W47/><G47/><T10/><D99/><U86/><REACH who="1" step="1"/><E100/><AGARI ba="7,0" hai="20,22,23,76,77,79,100,101" m="25611,23146" machi="100" ten="40,5200,0" yaku="28,2,8,1" doraHai="125" who="2" fromWho="1" sc="412,0,319,-73,111,73,158,0" /><INIT seed="6,0,0,4,0,83" ten="412,246,184,158" oya="2" hai0="15,88,95,40,28,53,66,93,75,10,21,77,78" hai1="84,44,54,126,13,19,7,69,131,50,27,34,135" hai2="46,4,20,12,39,90,99,41,104,2,32,63,17" hai3="1,67,24,80,97,108,103,37,49,112,6,60,89"/><V98/><F32/><W100/><G37/><T64/><D40/><U119/><E69/><V111/><F111/><W110/><G112/><T18/><D75/><U61/><E119/><V121/><F121/><W51/><G1/><T114/><D114/><U56/><E135/><V73/><F73/><W9/><G24/><N who="0" m="16399" /><D53/><U86/><E126/><V42/><F42/><W33/><G33/><T11/><D11/><N who="1" m="4351" /><E34/><V25/><F2/><W133/><G133/><T55/><D55/><N who="1" m="33951" /><E131/><V101/><F63/><W36/><G36/><T74/><D95/><U31/><E31/><V52/><F52/><W92/><G110/><T8/><D8/><U76/><E76/><N who="0" m="29289" /><D74/><U30/><E30/><V85/><F98/><AGARI ba="0,0" hai="10,15,18,64,66,88,93,98" m="29289,16399" machi="98" ten="30,2000,0" yaku="8,1,54,1" doraHai="83" who="0" fromWho="2" sc="412,20,246,0,184,-20,158,0" /><INIT seed="7,0,0,2,0,130" ten="432,246,164,158" oya="3" hai0="61,30,66,106,67,41,22,57,21,16,120,99,17" hai1="85,131,87,83,107,51,84,18,62,122,115,74,124" hai2="34,44,86,11,109,38,59,70,75,25,24,77,68" hai3="78,101,113,42,134,35,4,56,63,118,3,54,132"/><W26/><G118/><T108/><D108/><U72/><E62/><V71/><F75/><W46/><G113/><T50/><D120/><U90/><E18/><V32/><F109/><W128/><G128/><T60/><D106/><U98/><E51/><V79/><F11/><N who="3" m="2463" /><G101/><T8/><D99/><U45/><E45/><V127/><F59/><W94/><G94/><T96/><D96/><U52/><E52/><V123/><F123/><W133/><G78/><N who="2" m="29705" /><F44/><W80/><G80/><T48/><D8/><U20/><E20/><V14/><F14/><W6/><G6/><T58/><D30/><U13/><E98/><V27/><F86/><W126/><G126/><T104/><D104/><U69/><E90/><V64/><F64/><W95/><G95/><T23/><D23/><U47/><E83/><V102/><F102/><W103/><G103/><T15/><D41/><U7/><E7/><V1/><F1/><W121/><G121/><T114/><D114/><U81/><E81/><V37/><F127/><W117/><G117/><T2/><D2/><U76/><E76/><V112/><F112/><W40/><G46/><T53/><D53/><U110/><E47/><V82/><F82/><W55/><G55/><T31/><D31/><AGARI ba="0,0" hai="26,31,35,40,42,54,56,63,132,133,134" m="2463" machi="31" ten="30,11600,0" yaku="20,1,52,3" doraHai="130" who="3" fromWho="0" sc="432,-116,246,0,164,0,158,116" /><INIT seed="7,1,0,1,1,81" ten="316,246,164,274" oya="3" hai0="44,133,73,91,13,109,24,66,62,68,87,79,104" hai1="39,36,51,61,100,8,37,115,32,77,1,55,99" hai2="98,15,57,107,27,17,117,7,118,124,53,76,52" hai3="40,33,67,84,85,42,14,128,6,21,101,93,60"/><W71/><G33/><T102/><D109/><U75/><E32/><V12/><F124/><W72/><G72/><T127/><D127/><U88/><E115/><V123/><F123/><W86/><G128/><T105/><D133/><U20/><E61/><V59/><F76/><W110/><G110/><T122/><D122/><U11/><E1/><V74/><F74/><W114/><G114/><T43/><D13/><U63/><E63/><V129/><F129/><W46/><G46/><T10/><D10/><U70/><E70/><V82/><F82/><W28/><G6/><T83/><D24/><U112/><E77/><V125/><F125/><W9/><G9/><T103/><D103/><U89/><E20/><V96/><F27/><W38/><G38/><T121/><D102/><U58/><E75/><V108/><F7/><W19/><G28/><T16/><D16/><U18/><E112/><V0/><F108/><W126/><G126/><T22/><D22/><U132/><E132/><V23/><F23/><W49/><G49/><T45/><D121/><U47/><E47/><V3/><REACH who="2" step="1"/><F17/><REACH who="2" ten="316,246,154,274" step="2"/><W25/><G25/><T29/><D79/><U48/><E18/><V80/><F80/><W35/><G35/><T134/><D83/><U50/><E11/><V97/><F97/><W120/><G120/><T135/><D73/><U69/><E8/><V92/><F92/><W4/><G4/><T95/><D134/><U111/><E111/><V30/><F30/><W119/><G21/><T94/><D94/><U78/><E78/><V2/><F2/><W65/><G93/><T131/><D95/><RYUUKYOKU ba="1,1" sc="316,-10,246,-10,154,30,274,-10" hai2="0,3,12,15,52,53,57,59,96,98,107,117,118" owari="316,42.0,236,-16.0,184,-32.0,264,6.0" /></mjloggm>