<mjloggm ver="2.3"><GO type="169" lobby="0"/><UN n0="%53%6F%6C%69%74%6F%6E" n1="%E3%82%A2%E3%82%B4%E3%83%83%E3%83%88" n2="%E3%81%B5%E3%81%96%E3%81%91%E3%82%8B%E3%83%9F%EF%BC%81" n3="%E3%82%A6%E3%83%AB%E3%83%88%E3%83%A9%E7%AB%8B%E7%9B%B4" dan="18,16,16,18" rate="2229.62,2058.12,2063.52,2194.65" sx="M,M,F,M"/><TAIKYOKU oya="0"/><INIT seed="0,0,0,3,4,110" ten="250,250,250,250" oya="0" hai0="34,59,42,121,7,87,114,26,54,1,66,117,20" hai1="96,102,5,101,8,9,28,60,81,38,68,48,104" hai2="135,95,105,2,79,133,124,6,18,16,113,57,52" hai3="13,97,27,36,53,41,14,63,0,49,44,21,127"/><T76/><D121/><U31/><E38/><V25/><F105/><W11/><G127/><T75/><D117/><U86/><E102/><V15/><F124/><W129/><G129/><T50/><D75/><U119/><E119/><V55/><F113/><W128/><G128/><T29/><D114/><U93/><E104/><V3/><F79/><W100/><G63/><T43/><D66/><U61/><E48/><V98/><F6/><W35/><G35/><T39/><D39/><U70/><E70/><V17/><F25/><W47/><G0/><T84/><D34/><U74/><E74/><V107/><F107/><W92/><REACH who="3" step="1"/><G11/><REACH who="3" ten="250,250,250,240" step="2"/><T112/><D112/><U111/><E8/><V94/><F2/><W118/><G118/><T62/><D1/><U106/><E61/><N who="2" m="36007" /><F3/><W45/><G45/><T58/><D7/><U56/><E9/><V72/><F72/><W46/><G46/><T10/><D10/><U4/><E60/><V51/><F15/><W32/><G32/><T131/><D131/><U109/><E4/><V67/><F135/><W65/><G65/><T125/><D125/><U91/><E5/><V80/><F133/><W88/><G88/><T33/><D33/><U73/><E91/><V83/><F67/><W40/><G40/><N who="0" m="15403" /><D76/><U64/><E64/><V30/><F30/><AGARI ba="0,1" hai="13,14,21,27,30,36,41,44,47,49,53,92,97,100" machi="30" ten="30,2000,0" yaku="1,1,7,1,53,0" doraHai="110" doraHaiUra="12" who="3" fromWho="2" sc="250,0,250,0,250,-20,240,30" /><INIT seed="1,0,0,3,2,45" ten="250,250,230,270" oya="1" hai0="17,105,15,129,79,33,40,93,98,21,30,51,87" hai1="3,83,72,76,67,81,130,121,95,115,27,80,104" hai2="0,38,53,1,134,20,68,19,18,82,114,111,89" hai3="44,56,124,23,6,106,48,78,43,86,108,85,123"/><U94/><E115/><V22/><F68/><W122/><G106/><T100/><D129/><U35/><E130/><V9/><F38/><W59/><G86/><T60/><D60/><U54/><E121/><V91/><F134/><W12/><G108/><T103/><D103/><U63/><E104/><V109/><F114/><W97/><G97/><T110/><D110/><N who="2" m="41994" /><F9/><N who="3" m="4151" /><G124/><T58/><D33/><U46/><E3/><N who="2" m="1099" /><F53/><W7/><G7/><T11/><D30/><U42/><E54/><V57/><F57/><N who="3" m="22091" /><G23/><N who="2" m="8745" /><F82/><AGARI ba="0,0" hai="43,44,48,78,82,85,122,123" m="22091,4151" machi="82" ten="30,2000,0" yaku="25,1,52,1" doraHai="45" who="3" fromWho="2" sc="250,0,250,0,230,-20,270,20" /><INIT seed="2,0,0,2,4,2" ten="250,250,210,290" oya="2" hai0="25,48,102,125,21,64,58,63,38,109,103,4,31" hai1="55,67,86,35,99,78,53,120,33,7,81,129,26" hai2="100,16,66,40,60,23,12,82,110,49,39,97,10" hai3="85,24,128,71,88,32,0,56,46,47,108,50,72"/><V17/><F39/><W89/><G72/><T9/><D38/><U27/><E120/><V104/><F82/><W69/><G0/><T30/><D109/><U11/><E129/><V115/><F115/><W105/><G105/><T94/><D125/><U135/><E135/><V45/><F110/><W91/><G108/><T111/><D111/><U61/><E99/><V3/><F3/><W101/><G101/><T41/><D30/><U124/><E124/><V34/><F34/><W36/><G128/><T19/><D19/><U79/><E79/><V37/><F37/><W8/><G8/><T73/><D73/><U96/><E35/><V118/><F118/><W42/><G56/><T80/><D80/><U68/><E96/><V132/><F132/><W18/><G85/><T57/><D94/><U15/><REACH who="1" step="1"/><E33/><REACH who="1" ten="250,240,210,290" step="2"/><V22/><REACH who="2" step="1"/><F17/><REACH who="2" ten="250,240,200,290" step="2"/><W95/><G32/><T127/><D127/><U92/><E92/><V114/><F114/><W70/><G95/><T13/><D103/><U130/><E130/><V6/><F6/><W119/><G119/><T131/><D131/><U87/><E87/><V93/><F93/><W76/><G18/><T14/><D102/><U83/><E83/><V116/><F116/><W84/><G84/><T107/><D107/><U52/><AGARI ba="0,2" hai="7,11,15,26,27,52,53,55,61,67,68,78,81,86" machi="52" ten="30,8000,1" yaku="1,1,0,1,52,1,54,1,53,1" doraHai="2" doraHaiUra="74" who="1" fromWho="1" sc="250,-20,240,100,200,-40,290,-20" /><INIT seed="3,0,0,3,5,64" ten="230,340,160,270" oya="3" hai0="101,124,73,34,35,134,1,108,125,9,42,5,72" hai1="52,69,56,30,77,91,68,78,86,36,45,51,90" hai2="11,23,133,33,111,75,87,88,120,49,96,118,25" hai3="81,58,41,50,48,14,2,115,79,84,27,66,112"/><W59/><G2/><T20/><D101/><U85/><E30/><V103/><F118/><W71/><G27/><T130/><D42/><U17/><E36/><V74/><F111/><W6/><G59/><T38/><D38/><U127/><E17/><V19/><F120/><W63/><G50/><T82/><D82/><U94/><E127/><N who="0" m="48713" /><D108/><U97/><E97/><V80/><F133/><W121/><G121/><T89/><D89/><U16/><E16/><V13/><F49/><W128/><G128/><T110/><D110/><U60/><E78/><V65/><F65/><W7/><G58/><T32/><D20/><U44/><E77/><V55/><F55/><W132/><G132/><T95/><D95/><U107/><E107/><V92/><REACH who="2" step="1"/><F33/><REACH who="2" ten="230,340,150,270" step="2"/><W99/><G66/><T126/><D134/><U31/><E51/><V26/><F26/><W57/><G48/><T122/><D126/><U22/><E45/><V53/><F53/><W54/><G54/><T106/><D122/><U70/><E44/><V8/><F8/><W10/><G10/><T113/><D130/><U39/><E39/><V129/><F129/><W3/><G41/><T62/><D62/><U93/><E22/><V18/><AGARI ba="0,1" hai="11,13,18,19,23,25,74,75,80,87,88,92,96,103" machi="18" ten="20,5200,0" yaku="1,1,0,1,7,1,54,1,53,0" doraHai="64" doraHaiUra="29" who="2" fromWho="2" sc="230,-13,340,-13,150,62,270,-26" /><INIT seed="4,0,0,5,1,107" ten="217,327,212,244" oya="0" hai0="63,127,25,49,55,68,70,42,29,104,112,133,71" hai1="73,96,27,32,90,31,23,126,60,28,8,108,12" hai2="54,100,5,105,88,10,53,9,80,33,56,19,81" hai3="106,34,114,35,44,47,83,98,62,95,7,85,45"/><T130/><D104/><U123/><E123/><V30/><F105/><W37/><G37/><T22/><D112/><U134/><E108/><V122/><F100/><W102/><G114/><T93/><D130/><U94/><E134/><V57/><F33/><W13/><G62/><T89/><D133/><U132/><E132/><V75/><F30/><W115/><G115/><T43/><D127/><U135/><E135/><V59/><F75/><W21/><G106/><T1/><D1/><U41/><E126/><V2/><F122/><W72/><G72/><T79/><D79/><U14/><E73/><V118/><F118/><W113/><G113/><T131/><D63/><U46/><E60/><V64/><F64/><W4/><G35/><T61/><D61/><U39/><REACH who="1" step="1"/><E8/><REACH who="1" ten="217,317,212,244" step="2"/><V119/><F10/><W26/><G34/><T65/><D131/><U78/><E78/><V38/><F9/><W125/><G125/><T86/><REACH who="0" step="1"/><D65/><REACH who="0" ten="207,317,212,244" step="2"/><U36/><E36/><V17/><F38/><W20/><G20/><T66/><D66/><U84/><E84/><V15/><F119/><W116/><G116/><T92/><D92/><U82/><E82/><V128/><F80/><W129/><G83/><T18/><D18/><U103/><E103/><V101/><F101/><W109/><G85/><T6/><D6/><U11/><E11/><N who="2" m="4591" /><F128/><W40/><G129/><T50/><D50/><U24/><AGARI ba="0,2" hai="12,14,23,24,27,28,31,32,39,41,46,90,94,96" machi="24" ten="30,2000,0" yaku="1,1,0,1,53,0" doraHai="107" doraHaiUra="111" who="1" fromWho="1" sc="207,-10,317,40,212,-5,244,-5" /><INIT seed="5,0,0,1,2,91" ten="197,357,207,239" oya="1" hai0="18,77,4,93,75,0,100,92,7,134,97,105,45" hai1="37,43,2,133,42,128,39,94,21,13,85,60,46" hai2="51,113,88,74,119,107,47,78,84,68,35,20,87" hai3="83,24,65,82,72,30,61,135,63,31,50,127,81"/><U25/><E133/><V64/><F35/><W118/><G127/><T59/><D134/><U29/><E2/><V131/><F107/><W27/><G135/><T58/><D0/><U112/><E112/><V44/><F119/><W32/><G118/><T3/><D3/><U6/><E128/><V126/><F74/><W117/><G117/><T121/><D121/><U66/><E39/><V67/><F126/><W23/><G72/><T73/><D105/><U33/><E42/><V98/><F68/><W26/><G65/><T10/><D45/><U71/><E21/><V124/><F124/><W38/><G38/><T5/><D75/><U89/><REACH who="1" step="1"/><E13/><REACH who="1" ten="197,347,207,239" step="2"/><V111/><F131/><W55/><G23/><T19/><D10/><U99/><E99/><V28/><F98/><W36/><G36/><T48/><D97/><U62/><E62/><V69/><F20/><W79/><G63/><T15/><D15/><U109/><E109/><V54/><F111/><W53/><G61/><T49/><D100/><U56/><E56/><V34/><F113/><W95/><G32/><T104/><D58/><U16/><E16/><V108/><F34/><W129/><G129/><T57/><D59/><U22/><E22/><V103/><F103/><W96/><G27/><T40/><D57/><U116/><E116/><V122/><F108/><W90/><G26/><T86/><D40/><U106/><E106/><V115/><F115/><W102/><G24/><T125/><D104/><U9/><E9/><V14/><F14/><W120/><G102/><T52/><D125/><U132/><E132/><V8/><F8/><RYUUKYOKU ba="0,1" sc="197,-10,347,30,207,-10,239,-10" hai1="6,25,29,33,37,43,46,60,66,71,85,89,94" /><INIT seed="5,1,1,4,4,73" ten="187,377,197,229" oya="1" hai0="66,37,8,32,24,56,45,134,102,69,35,72,88" hai1="63,27,16,54,130,84,115,1,5,12,135,117,121" hai2="61,133,29,43,97,110,6,99,3,106,64,98,92" hai3="76,116,71,85,77,21,38,123,93,90,0,22,131"/><U81/><E115/><V87/><F110/><W109/><G123/><T128/><D134/><U91/><E121/><V74/><F74/><W13/><G0/><T49/><D128/><U108/><E117/><V11/><F106/><W9/><G109/><T34/><D102/><U132/><E108/><V70/><F43/><W42/><G71/><T40/><D8/><U7/><E130/><V105/><F105/><W30/><G131/><T65/><D72/><U107/><E107/><V79/><F29/><W19/><G116/><T94/><D24/><U127/><E127/><V31/><F31/><W96/><G38/><T4/><D4/><U59/><E27/><V14/><F133/><N who="1" m="51273" /><E1/><V68/><F68/><W100/><G42/><T111/><D69/><U122/><E122/><V50/><F50/><W126/><G126/><T82/><D82/><U17/><E17/><V125/><F125/><W86/><G30/><T67/><D111/><U113/><E113/><V39/><F39/><W104/><REACH who="3" step="1"/><G86/><REACH who="3" ten="187,377,197,219" step="2"/><T78/><D37/><U51/><E63/><V53/><F3/><W26/><G26/><T83/><D40/><U101/><E101/><V10/><F61/><W28/><G28/><T58/><D32/><U80/><E80/><V46/><F87/><W20/><AGARI ba="1,2" hai="9,13,19,20,21,22,76,77,85,90,93,96,100,104" machi="20" ten="30,7900,0" yaku="1,1,0,1,52,2,53,0" doraHai="73" doraHaiUra="55" who="3" fromWho="3" sc="187,-21,377,-40,197,-21,219,102" /><INIT seed="6,0,0,0,4,66" ten="166,337,176,321" oya="2" hai0="104,44,52,47,81,11,103,99,131,77,15,96,23" hai1="121,70,92,48,20,120,101,29,86,83,111,1,79" hai2="28,62,132,73,54,21,89,9,65,55,8,39,118" hai3="84,124,72,53,91,94,42,43,17,80,36,125,85"/><V100/><F118/><W45/><G72/><T126/><D131/><U14/><E111/><V75/><F39/><W130/><G130/><T34/><D126/><N who="3" m="48745" /><G17/><T93/><D34/><U122/><E1/><V19/><F132/><W38/><G53/><T40/><D23/><U6/><E48/><V5/><F100/><W123/><G123/><T128/><D128/><U18/><E6/><V58/><F28/><W50/><G43/><T64/><D64/><U129/><E129/><V35/><F35/><W0/><G0/><T56/><D40/><U16/><E18/><V134/><F134/><W49/><G49/><T59/><D59/><U82/><E82/><V97/><F73/><W57/><G57/><T24/><D24/><U69/><E29/><V76/><F76/><AGARI ba="0,0" hai="36,38,42,45,50,76,80,84,85,91,94" m="48745" machi="76" ten="30,1000,0" yaku="18,1" doraHai="66" who="3" fromWho="2" sc="166,0,337,0,176,-10,321,10" /><INIT seed="7,0,0,3,0,70" ten="166,337,166,331" oya="3" hai0="35,56,80,129,128,51,92,91,122,58,36,30,73" hai1="87,86,39,95,96,11,31,43,41,26,101,1,55" hai2="28,84,89,97,104,103,100,88,127,53,78,105,77" hai3="74,110,63,59,75,119,2,90,15,27,99,9,0"/><W37/><G37/><T76/><D36/><U135/><E135/><V16/><F28/><W6/><G119/><T57/><D122/><U48/><E1/><V83/><F16/><W42/><G42/><N who="1" m="15882" /><E39/><V49/><F127/><W124/><G124/><T4/><D4/><U64/><E64/><V116/><F116/><W25/><G110/><T102/><D102/><N who="2" m="38954" /><F105/><W7/><G0/><T134/><D134/><U17/><E31/><V54/><F104/><W123/><G123/><T61/><D51/><U120/><E120/><V14/><F14/><N who="3" m="5431" /><G75/><T65/><D30/><U60/><E60/><V115/><F115/><W38/><G74/><T66/><D35/><U10/><E10/><V8/><F8/><N who="3" m="4511" /><G38/><T114/><D114/><U24/><E11/><V132/><F132/><W125/><G2/><T85/><D65/><U81/><E17/><V23/><F23/><W93/><G125/><T111/><D111/><U32/><E32/><V94/><F53/><AGARI ba="0,0" hai="25,27,53,59,63,90,93,99" m="4511,5431" machi="53" ten="30,1500,0" yaku="8,1" doraHai="70" who="3" fromWho="2" sc="166,0,337,0,166,-15,331,15" owari="166,-23.0,337,14.0,151,-35.0,346,44.0" /></mjloggm>