<mjloggm ver="2.3"><GO type="169" lobby="0"/><UN n0="%E3%82%A6%E3%83%AB%E3%83%88%E3%83%A9%E7%AB%8B%E7%9B%B4" n1="%E7%A7%81%E3%81%AF%E3%81%8C%E3%81%A1%E3%81%BB%E3%82%82" n2="%6B%69%79%6F%64%61%69" n3="%E3%82%AB%E3%83%BC%E3%83%97" dan="17,17,18,16" rate="2208.19,2202.23,2227.15,2084.80" sx="M,M,M,M"/><TAIKYOKU oya="0"/><INIT seed="0,0,0,0,3,76" ten="250,250,250,250" oya="0" hai0="69,26,105,109,113,125,112,36,50,43,102,131,133" hai1="103,49,77,114,24,48,2,67,85,8,98,0,52" hai2="90,59,81,10,88,47,23,95,101,115,106,124,74" hai3="5,41,33,132,100,56,14,1,53,99,78,117,91"/><T54/><D102/><U80/><E67/><V73/><F115/><W129/><G117/><T30/><D105/><U55/><E114/><V17/><F106/><W13/><G33/><T32/><D131/><U119/><E119/><V127/><F10/><W16/><G132/><T7/><D133/><U9/><E24/><V64/><F101/><W22/><G41/><T110/><D69/><U38/><E38/><V121/><F121/><W83/><G91/><T6/><D43/><U97/><E103/><V104/><F104/><W123/><G129/><T94/><D94/><U63/><E63/><N who="2" m="38015" /><F47/><W92/><G123/><T130/><D36/><U44/><E0/><V35/><F35/><W58/><G1/><T89/><D89/><U42/><E42/><V19/><F19/><W31/><G31/><T11/><D130/><U96/><E2/><V65/><F65/><W25/><G5/><N who="0" m="1547" /><D11/><U82/><E82/><V37/><F37/><W61/><REACH who="3" step="1"/><G56/><AGARI ba="0,0" hai="8,9,44,48,49,52,55,56,77,80,85,96,97,98" machi="56" ten="40,5200,0" yaku="8,1,52,1,54,1" doraHai="76" who="1" fromWho="3" sc="250,0,250,52,250,0,250,-52" /><INIT seed="1,0,0,1,4,124" ten="250,302,250,198" oya="1" hai0="23,57,49,58,64,92,56,127,62,72,38,12,55" hai1="2,110,119,15,90,35,41,51,67,103,47,130,7" hai2="4,61,128,66,20,113,42,80,121,106,9,26,70" hai3="108,68,16,53,29,117,60,0,96,95,30,44,11"/><U104/><E119/><V8/><F106/><W99/><G108/><T116/><D72/><U81/><E2/><V111/><F121/><W112/><G112/><T39/><D116/><U102/><E35/><V10/><F111/><W74/><G74/><T118/><D118/><U46/><E67/><V13/><F113/><W131/><G117/><T34/><D34/><U86/><E104/><V100/><F100/><W37/><G99/><T129/><D127/><U98/><E98/><V101/><F101/><W114/><G114/><T107/><D107/><U120/><E120/><V45/><F80/><W82/><G82/><T84/><D58/><U50/><E130/><V48/><REACH who="2" step="1"/><F128/><REACH who="2" ten="250,302,240,198" step="2"/><W63/><G131/><T69/><D129/><U134/><E110/><V22/><F22/><W78/><G95/><T115/><D115/><U71/><E134/><V88/><F88/><W132/><G132/><T133/><D133/><U43/><E71/><V27/><F27/><W75/><G68/><T18/><D69/><U126/><E126/><V3/><F3/><W6/><G0/><T125/><D125/><U21/><E21/><V73/><F73/><W122/><G75/><T76/><D76/><U109/><E109/><V91/><F91/><AGARI ba="0,1" hai="12,18,23,38,39,49,55,56,57,62,64,84,91,92" machi="91" ten="40,2600,0" yaku="25,2" doraHai="124" who="0" fromWho="2" sc="250,36,302,0,240,-26,198,0" /><INIT seed="2,0,0,3,5,19" ten="286,302,214,198" oya="2" hai0="37,87,84,101,44,99,35,93,9,12,55,125,114" hai1="20,21,81,24,1,38,72,108,45,103,30,57,42" hai2="106,113,83,53,86,98,95,79,49,100,69,50,107" hai3="120,80,25,13,111,109,68,56,133,62,132,65,70"/><V127/><F69/><W39/><G120/><T14/><D35/><U41/><E41/><V52/><F113/><W61/><G13/><T40/><D114/><U119/><E103/><V33/><F33/><W116/><G116/><T121/><D121/><U29/><E119/><V16/><F127/><W32/><G80/><T43/><D43/><U112/><E112/><V54/><F106/><W74/><G74/><T63/><D14/><U2/><E57/><V126/><F126/><W17/><G32/><T94/><D55/><U91/><E108/><N who="3" m="41546" /><G25/><T117/><D117/><U134/><E134/><N who="3" m="51818" /><G17/><T131/><D12/><U88/><E72/><V18/><F107/><W102/><G102/><T115/><D101/><U96/><E81/><V89/><F100/><W135/><N who="3" m="51826" /><W122/><DORA hai="36" /><G122/><T77/><D125/><U97/><E91/><V64/><F64/><N who="3" m="38983" /><G39/><T73/><D37/><U82/><E82/><V90/><F90/><W76/><G76/><T78/><D77/><U71/><E96/><V58/><F53/><W15/><G15/><T4/><D78/><U92/><E71/><AGARI ba="0,0" hai="61,65,68,70,71" m="38983,51826,41546" machi="71" ten="50,8000,1" yaku="14,1,20,1,34,2" doraHai="19,36" who="3" fromWho="1" sc="286,0,302,-80,214,0,198,80" /><INIT seed="3,0,0,5,4,24" ten="286,222,214,278" oya="3" hai0="43,16,31,122,10,104,71,28,107,27,111,5,45" hai1="75,80,123,117,77,21,15,132,129,55,78,112,65" hai2="97,73,54,57,3,29,115,6,41,35,11,100,110" hai3="99,86,108,109,8,59,89,116,53,105,39,58,126"/><W90/><G116/><T67/><D122/><U88/><E123/><V103/><F103/><W64/><G39/><N who="0" m="21759" /><D16/><U56/><E112/><V70/><F70/><W32/><G32/><N who="0" m="20511" /><D31/><U134/><E129/><V124/><F115/><W121/><G121/><T131/><D111/><U60/><E77/><V106/><F124/><W91/><G126/><T127/><D131/><U87/><E117/><V12/><F73/><W130/><G130/><T7/><D7/><U34/><E34/><V113/><F113/><W13/><G86/><T62/><D127/><U9/><E21/><V101/><F101/><W120/><G120/><T38/><D38/><U69/><E15/><V76/><F110/><W92/><G109/><T95/><D95/><U82/><REACH who="1" step="1"/><E9/><REACH who="1" ten="286,212,214,278" step="2"/><V63/><F76/><W125/><G8/><T25/><D25/><U42/><E42/><V68/><F41/><W96/><G13/><T46/><D46/><U19/><E19/><V85/><F12/><W135/><G125/><T37/><D37/><U17/><E17/><V20/><F20/><W33/><G108/><T79/><D79/><U84/><E84/><V50/><F85/><W4/><G33/><T2/><AGARI ba="0,1" hai="2,5,10,62,67,71,104,107" m="20511,21759" machi="2" ten="30,4000,0" yaku="33,2,52,1" doraHai="24" who="0" fromWho="0" sc="286,50,212,-10,214,-10,278,-20" /><INIT seed="4,0,0,0,1,15" ten="336,202,204,258" oya="0" hai0="61,64,57,5,125,55,48,8,119,105,56,7,133" hai1="115,44,4,24,84,26,20,82,92,73,103,87,98" hai2="86,67,65,59,17,85,9,22,129,14,130,79,131" hai3="18,97,75,54,109,3,91,6,107,134,111,96,132"/><T40/><D105/><U70/><E70/><V123/><F123/><W46/><G75/><T121/><D121/><U81/><E115/><V34/><F34/><W83/><G3/><T102/><D119/><U62/><E4/><V78/><F59/><W53/><G6/><T112/><D125/><U94/><E62/><V114/><F114/><W77/><G107/><T117/><D133/><N who="3" m="51305" /><G91/><T25/><D102/><U63/><E63/><V52/><F52/><N who="3" m="20075" /><G46/><T33/><D117/><U16/><E73/><V76/><REACH who="2" step="1"/><F9/><REACH who="2" ten="336,202,194,258" step="2"/><W66/><G66/><AGARI ba="0,1" hai="14,17,22,65,66,67,76,78,79,85,86,129,130,131" machi="66" ten="50,8000,1" yaku="1,1,2,1,19,1,52,1,53,0" doraHai="15" doraHaiUra="99" who="2" fromWho="3" sc="336,0,202,0,194,90,258,-80" /><INIT seed="5,0,0,3,4,11" ten="336,202,284,178" oya="1" hai0="26,60,77,96,20,63,59,64,123,79,19,117,8" hai1="135,57,25,39,37,87,110,56,69,99,44,95,105" hai2="1,116,12,84,14,107,94,0,68,114,36,112,45" hai3="133,54,120,66,124,29,134,73,9,108,67,118,28"/><U42/><E69/><V70/><F107/><W6/><G73/><T115/><D117/><U33/><E39/><V65/><F116/><W34/><G108/><T4/><D115/><N who="2" m="44074" /><F68/><W15/><G120/><T100/><D63/><U90/><E110/><V21/><F21/><W82/><G118/><T7/><D7/><U131/><E131/><V86/><F65/><N who="3" m="24587" /><G34/><T49/><D49/><U40/><E40/><N who="2" m="22663" /><F70/><W80/><G124/><T127/><D127/><U109/><E109/><V128/><F128/><W10/><G10/><T62/><D62/><U126/><E126/><V74/><F74/><W89/><G54/><T93/><REACH who="0" step="1"/><D123/><REACH who="0" ten="326,202,284,178" step="2"/><U2/><E2/><AGARI ba="0,1" hai="2,4,8,19,20,26,59,60,64,77,79,93,96,100" machi="2" ten="30,7700,0" yaku="1,1,2,1,7,1,53,1" doraHai="11" doraHaiUra="98" who="0" fromWho="1" sc="326,87,202,-77,284,0,178,0" /><INIT seed="6,0,0,1,3,81" ten="413,125,284,178" oya="2" hai0="118,2,39,119,135,23,107,38,112,50,30,29,56" hai1="108,65,92,99,75,44,0,51,7,53,129,11,130" hai2="71,32,109,106,76,103,18,41,20,34,15,33,97" hai3="73,120,105,14,17,10,84,22,121,31,3,12,104"/><V1/><F1/><W60/><G73/><T116/><D112/><U8/><E75/><V62/><F109/><W90/><G3/><T70/><D70/><U64/><E108/><V9/><F76/><W114/><G114/><T115/><D115/><U57/><E11/><V21/><REACH who="2" step="1"/><F41/><REACH who="2" ten="413,125,274,178" step="2"/><W94/><G121/><T63/><D2/><U95/><E130/><V98/><F98/><W49/><G120/><T43/><D43/><U16/><E129/><V134/><F134/><W48/><G105/><T110/><D107/><U123/><E123/><V74/><F74/><W61/><G104/><T83/><D135/><U46/><E99/><V128/><F128/><W85/><G85/><T36/><D110/><U93/><E65/><AGARI ba="0,1" hai="9,15,18,20,21,32,33,34,62,65,71,97,103,106" machi="65" ten="40,2000,0" yaku="1,1,53,0" doraHai="81" doraHaiUra="124" who="2" fromWho="1" sc="413,0,125,-20,274,30,178,0" /><INIT seed="6,1,0,1,3,93" ten="413,105,304,178" oya="2" hai0="39,4,132,113,60,94,64,50,106,89,57,109,61" hai1="83,79,127,98,70,21,101,72,34,110,20,9,108" hai2="26,30,42,52,56,84,32,105,135,59,76,74,107" hai3="24,68,1,2,41,3,38,63,99,111,129,90,11"/><V112/><F74/><W128/><G111/><T40/><D106/><U122/><E34/><V18/><F112/><W134/><G134/><T96/><D132/><U69/><E69/><V36/><F135/><W46/><G24/><T44/><D109/><U116/><E70/><V47/><F59/><W130/><G11/><T43/><D113/><U85/><E116/><V100/><F100/><W118/><G118/><T86/><D4/><U35/><E35/><V28/><F28/><W125/><G125/><T92/><D61/><U55/><E127/><V71/><F71/><W126/><G126/><T82/><D94/><U49/><E122/><V117/><F117/><W31/><G31/><T37/><REACH who="0" step="1"/><D43/><REACH who="0" ten="403,105,304,178" step="2"/><U45/><E110/><V78/><F107/><W114/><G114/><T53/><D53/><U81/><E108/><V67/><F105/><W10/><G63/><T120/><D120/><U121/><E121/><V104/><F104/><W103/><G128/><T5/><D5/><U91/><E101/><AGARI ba="1,1" hai="37,39,40,44,50,57,60,64,82,86,89,92,96,101" machi="101" ten="30,3900,0" yaku="1,1,7,1,52,1,53,0" doraHai="93" doraHaiUra="119" who="0" fromWho="1" sc="403,52,105,-42,304,0,178,0" /><INIT seed="7,0,0,4,0,127" ten="455,63,304,178" oya="3" hai0="117,134,38,91,86,27,107,131,29,100,8,43,96" hai1="51,72,2,21,132,66,133,55,48,69,10,74,121" hai2="114,123,60,87,75,93,83,26,53,113,50,109,90" hai3="41,79,76,98,58,44,14,9,92,95,81,36,118"/><W42/><G42/><T63/><D134/><U0/><E21/><V125/><F109/><W52/><G118/><T122/><D122/><U31/><E31/><V108/><F108/><W1/><G98/><T3/><D131/><U78/><E10/><V77/><F125/><W40/><G40/><T12/><D3/><U119/><E78/><V28/><F60/><W106/><G106/><T23/><D63/><U116/><E55/><V126/><F126/><W82/><G82/><T84/><D117/><U49/><E49/><V94/><F94/><W20/><G20/><T89/><D91/><U13/><E13/><V32/><REACH who="2" step="1"/><F123/><REACH who="2" ten="455,63,294,178" step="2"/><W129/><G79/><T68/><D107/><U34/><E121/><V17/><F17/><W64/><G64/><T67/><D67/><U47/><E66/><V18/><F18/><W37/><G37/><T85/><D38/><U103/><E103/><V33/><F33/><W80/><G80/><T102/><D102/><U112/><E34/><V7/><F7/><W73/><G129/><T70/><D100/><U135/><E135/><V59/><AGARI ba="0,1" hai="26,28,32,50,53,59,75,77,83,87,90,93,113,114" machi="59" ten="30,4000,0" yaku="1,1,0,1,53,1" doraHai="127" doraHaiUra="88" who="2" fromWho="2" sc="455,-10,63,-10,294,50,178,-20" owari="445,55.0,53,-45.0,344,14.0,158,-24.0" /></mjloggm>