<mjloggm ver="2.3"><GO type="169" lobby="0"/><UN n0="%E6%99%82%E3%82%92%E5%88%BB%E3%82%80%E5%94%84" n1="%E4%BC%8F%E8%99%8E" n2="%61%64%70%31%30" n3="%E5%B0%B1%E6%B4%BB%E7%94%9F%40%E5%B7%9D%E6%9D%91%E8%BB%8D%E5%9B%A3" dan="18,16,16,18" rate="2159.83,2109.89,2133.53,2261.20" sx="F,M,M,M"/><TAIKYOKU oya="0"/><INIT seed="0,0,0,3,1,116" ten="250,250,250,250" oya="0" hai0="4,1,54,85,18,28,38,70,62,2,87,91,51" hai1="108,27,12,73,53,67,52,56,76,111,129,26,49" hai2="47,74,61,77,84,25,131,134,94,88,5,59,124" hai3="45,99,30,81,60,64,9,115,135,100,63,57,130"/><T31/><D38/><U40/><E129/><V86/><F131/><W6/><G130/><T14/><D85/><U118/><E118/><V41/><F124/><W10/><G115/><T33/><D62/><U109/><E40/><V117/><F117/><W20/><G135/><T125/><D70/><U132/><E132/><V127/><F127/><W96/><G81/><T128/><D4/><U121/><E121/><V104/><F104/><W103/><G45/><T93/><D128/><U15/><E67/><V95/><F134/><W120/><G120/><T80/><D125/><U55/><E56/><V107/><F107/><W102/><G60/><T126/><D126/><U58/><E58/><V44/><F5/><W71/><G71/><T35/><D35/><U11/><E49/><V17/><F74/><W23/><G30/><T106/><D106/><U119/><E119/><V122/><F122/><W72/><G72/><T101/><D101/><U43/><E43/><V105/><F105/><W113/><G113/><T92/><D1/><U133/><E133/><V82/><F94/><N who="0" m="36458" /><D2/><U8/><E76/><V78/><F78/><W7/><G7/><T68/><D33/><U90/><E90/><V79/><F79/><W114/><G114/><T3/><D3/><U98/><E73/><V66/><F41/><W32/><G32/><T112/><D68/><U50/><E50/><V37/><F37/><W13/><REACH who="3" step="1"/><G9/><REACH who="3" ten="250,250,250,240" step="2"/><N who="1" m="3658" /><E98/><AGARI ba="0,1" hai="6,10,13,20,23,57,63,64,96,98,99,100,102,103" machi="98" ten="40,2600,0" yaku="1,1,8,1,53,0" doraHai="116" doraHaiUra="48" who="3" fromWho="1" sc="250,0,250,-26,250,0,240,36" /><INIT seed="1,0,0,1,1,61" ten="250,224,250,276" oya="1" hai0="130,37,10,85,48,50,92,55,62,8,72,34,20" hai1="83,96,15,99,14,40,120,43,90,76,133,94,66" hai2="118,80,109,77,16,111,127,81,102,74,110,64,47" hai3="57,35,36,88,134,25,78,51,128,103,108,1,129"/><U106/><E120/><V7/><F118/><W18/><G36/><T2/><D34/><U87/><E133/><V56/><F127/><W117/><G1/><T42/><D72/><U93/><E106/><V123/><F123/><W84/><G134/><T60/><D37/><U107/><E107/><V26/><F7/><W3/><G3/><T58/><D130/><N who="3" m="50281" /><G108/><T104/><D104/><U32/><E32/><V59/><F102/><W79/><G103/><T132/><D132/><U0/><E0/><V46/><F80/><W28/><G18/><T97/><D85/><U23/><E66/><V33/><F33/><W30/><G30/><T65/><D20/><U101/><E15/><V100/><F100/><W68/><G68/><T54/><D42/><U6/><REACH who="1" step="1"/><E23/><REACH who="1" ten="250,214,250,276" step="2"/><N who="2" m="13671" /><F64/><W27/><G117/><T31/><D2/><U135/><E135/><V114/><F114/><W95/><G27/><T69/><D65/><U119/><E119/><V73/><F74/><W52/><AGARI ba="0,1" hai="25,28,35,51,52,57,78,79,84,88,95" m="50281" machi="52" ten="30,4000,0" yaku="19,1,54,2" doraHai="61" who="3" fromWho="3" sc="250,-10,214,-20,250,-10,276,50" /><INIT seed="2,0,0,0,5,76" ten="240,194,240,326" oya="2" hai0="28,68,71,48,82,53,105,107,87,85,121,9,50" hai1="92,74,36,66,90,34,4,54,47,124,99,112,22" hai2="75,29,65,70,125,79,98,117,131,3,134,32,77" hai3="122,30,2,12,57,10,94,135,43,13,80,84,108"/><V15/><F117/><W67/><G122/><T39/><D39/><U128/><E34/><V97/><F3/><W119/><G119/><T120/><D53/><U24/><E112/><V7/><F125/><W8/><G2/><T72/><D72/><U31/><E124/><V25/><F131/><W41/><G30/><T60/><D60/><U106/><E128/><V35/><F35/><W133/><G94/><T44/><D44/><U83/><E66/><V123/><F134/><N who="3" m="51211" /><G108/><T20/><D20/><U33/><E4/><V101/><F123/><W102/><G102/><T21/><D21/><U130/><E130/><V62/><F97/><W16/><G57/><T127/><D127/><U18/><E106/><N who="2" m="63799" /><F75/><W113/><G67/><T49/><D49/><U88/><E36/><V45/><F45/><W58/><G58/><T104/><D104/><U40/><E40/><N who="3" m="15434" /><G113/><T86/><D28/><U63/><E63/><V56/><F56/><W6/><G84/><T69/><D86/><U37/><E37/><V46/><F46/><W103/><G103/><T0/><D69/><U89/><E47/><V51/><F51/><W118/><G118/><T61/><D61/><U64/><E64/><V42/><F42/><W5/><G6/><T17/><D0/><U114/><E114/><V100/><F100/><W91/><G91/><T116/><D116/><U96/><E54/><V78/><F78/><W132/><G132/><T26/><D120/><U55/><E55/><V95/><F95/><W52/><G52/><T73/><D121/><U19/><E33/><V93/><F93/><W59/><G59/><RYUUKYOKU ba="0,0" sc="240,-15,194,-15,240,15,326,15" hai2="7,15,25,29,32,62,65,70,77,79" hai3="5,8,10,12,13,16,80" /><INIT seed="2,1,0,1,4,71" ten="225,179,255,341" oya="2" hai0="79,44,15,81,122,64,26,120,22,36,35,28,31" hai1="32,33,112,124,78,101,108,125,50,102,12,9,2" hai2="90,98,92,11,118,88,30,25,29,106,1,37,6" hai3="100,21,99,59,77,111,27,0,86,73,19,48,51"/><V54/><F118/><W131/><G0/><T67/><D67/><U55/><E2/><V104/><F37/><W58/><G73/><T60/><D31/><U5/><E112/><V94/><F54/><W10/><G111/><T110/><D110/><U75/><E108/><V69/><F69/><W38/><G38/><T84/><D35/><U68/><E68/><V130/><F130/><W16/><G131/><T46/><D15/><U42/><E42/><V107/><REACH who="2" step="1"/><F25/><REACH who="2" ten="225,179,245,341" step="2"/><W109/><G109/><T61/><D36/><U70/><E70/><V39/><F39/><W103/><G51/><T82/><D61/><U74/><E55/><V3/><F3/><W41/><G48/><T57/><D120/><U83/><E50/><V127/><F127/><N who="1" m="48713" /><E75/><V17/><F17/><W56/><G41/><T53/><D122/><U4/><E4/><V132/><F132/><W126/><G126/><T72/><D53/><U87/><E74/><V45/><F45/><W129/><G129/><T13/><D13/><U52/><E52/><V43/><F43/><W23/><G59/><T89/><AGARI ba="1,1" hai="22,26,28,44,46,57,60,64,72,79,81,82,84,89" machi="89" ten="20,1500,0" yaku="0,1,7,1" doraHai="71" who="0" fromWho="0" sc="225,28,179,-5,245,-8,341,-5" /><INIT seed="3,0,0,2,5,90" ten="253,174,237,336" oya="3" hai0="86,13,60,52,122,39,53,10,124,84,65,74,125" hai1="73,42,118,30,133,106,48,55,127,28,87,79,21" hai2="85,11,114,126,14,92,116,0,108,103,94,67,97" hai3="36,20,62,46,27,18,135,17,76,29,88,109,101"/><W16/><G135/><T71/><D74/><U75/><E106/><V50/><F116/><W37/><G76/><T3/><D3/><U98/><E133/><V129/><F114/><W134/><G134/><T41/><D122/><U110/><E118/><V104/><F0/><W66/><G101/><T61/><D41/><U69/><E69/><V102/><F108/><W58/><G109/><T31/><D31/><U70/><E70/><V107/><F126/><N who="0" m="48746" /><D39/><U45/><E110/><V113/><F113/><W91/><REACH who="3" step="1"/><G46/><REACH who="3" ten="253,174,237,326" step="2"/><T35/><D35/><U68/><E127/><V2/><F103/><W7/><G7/><N who="0" m="3295" /><D61/><U40/><E75/><V83/><F102/><W115/><G115/><T34/><D34/><U51/><E73/><V72/><F72/><W99/><G99/><T93/><D86/><U1/><E98/><V24/><F97/><W123/><G123/><T26/><D84/><U112/><E112/><V33/><F85/><W121/><G121/><T80/><D60/><U12/><E87/><V57/><F33/><W6/><G6/><T49/><D80/><U8/><E79/><V4/><F83/><W15/><G15/><T132/><D132/><U25/><E1/><V54/><F14/><W82/><G82/><T117/><D117/><U23/><E12/><V105/><F4/><W81/><G81/><T5/><D5/><U19/><E45/><V130/><F2/><W47/><G47/><T96/><D96/><U119/><E119/><V63/><F63/><W56/><G56/><T78/><D78/><U120/><E120/><V77/><F77/><W43/><G43/><RYUUKYOKU ba="0,1" sc="253,-10,174,-10,237,-10,326,30" hai3="16,17,18,20,27,29,36,37,58,62,66,88,91" /><INIT seed="3,1,1,2,5,129" ten="243,164,227,356" oya="3" hai0="27,125,8,4,77,84,135,26,88,38,106,43,95" hai1="2,57,116,93,102,96,122,21,114,24,131,47,92" hai2="56,39,25,72,70,12,101,45,3,59,83,19,103" hai3="134,30,124,130,36,63,74,51,99,78,16,9,107"/><W94/><G36/><T82/><D106/><U10/><E122/><V126/><F70/><W121/><G107/><T97/><D125/><U86/><E114/><V0/><F126/><W42/><G121/><T32/><D32/><U104/><E131/><V7/><F25/><W20/><G130/><T68/><D68/><U5/><E116/><V117/><F117/><W28/><G9/><T108/><D108/><U44/><E57/><V73/><F7/><W50/><G74/><T119/><D119/><U118/><E118/><V52/><F45/><W46/><G78/><T132/><D43/><U79/><E104/><V120/><F120/><W60/><G51/><T6/><D6/><U64/><E64/><V35/><F35/><W29/><G134/><N who="0" m="51243" /><D38/><U71/><E71/><V89/><F39/><W61/><G124/><T133/><N who="0" m="51251" /><T13/><AGARI ba="1,1" hai="4,8,13,26,27,77,82,84,88,95,97" m="51251" machi="13" ten="40,12000,2" yaku="4,1,20,1,52,4,54,1" doraHai="129" who="0" fromWho="0" sc="243,133,164,-31,227,-31,356,-61" /><INIT seed="4,0,0,5,0,116" ten="376,133,196,295" oya="0" hai0="9,85,25,80,28,92,102,56,49,123,71,14,114" hai1="91,106,24,13,59,86,55,93,21,82,112,95,130" hai2="124,3,0,33,15,120,65,6,133,11,43,89,110" hai3="75,35,113,127,20,100,39,105,48,74,126,78,83"/><T128/><D71/><U50/><E106/><V60/><F110/><W7/><G39/><T47/><D114/><U115/><E13/><V94/><F33/><W117/><G35/><T1/><D1/><U27/><E27/><V122/><F43/><W5/><G75/><T98/><D128/><U101/><E130/><V63/><F124/><N who="3" m="47659" /><G113/><N who="1" m="43594" /><E101/><V68/><F133/><W135/><G135/><T38/><D56/><U37/><E37/><V103/><F103/><W42/><G20/><T22/><D38/><U72/><E72/><V87/><REACH who="2" step="1"/><F63/><REACH who="2" ten="376,133,186,295" step="2"/><W23/><G100/><T29/><D102/><U2/><E2/><AGARI ba="0,1" hai="0,2,3,6,11,15,60,65,68,87,89,94,120,122" machi="2" ten="40,8000,1" yaku="1,1,2,1,52,2,53,1" doraHai="116" doraHaiUra="8" who="2" fromWho="1" sc="376,0,133,-80,186,90,295,0" /><INIT seed="5,0,0,4,3,60" ten="376,53,276,295" oya="1" hai0="37,115,13,53,19,76,27,74,46,22,3,20,97" hai1="94,79,15,103,135,4,0,48,75,96,109,64,34" hai2="61,110,82,36,65,7,121,92,111,25,89,118,56" hai3="88,50,90,44,62,40,8,78,102,130,128,31,14"/><U70/><E34/><V42/><F118/><W134/><G134/><T38/><D3/><U112/><E135/><V133/><F133/><W54/><G31/><T119/><D119/><U16/><E112/><V83/><F121/><W125/><G125/><T105/><D115/><U32/><E32/><V1/><F7/><W72/><G102/><T29/><D74/><U80/><E109/><V47/><F1/><W116/><G116/><T24/><D76/><U73/><E73/><V117/><F117/><W122/><G122/><T9/><D105/><U99/><E99/><V45/><F45/><W101/><G101/><T21/><D97/><U68/><E48/><V87/><REACH who="2" step="1"/><F25/><REACH who="2" ten="376,53,266,295" step="2"/><W55/><G128/><T51/><D27/><U11/><REACH who="1" step="1"/><E64/><REACH who="1" ten="376,43,266,295" step="2"/><V131/><F131/><W39/><G130/><T126/><D126/><U95/><E95/><V63/><F63/><W77/><G62/><T91/><D38/><U132/><E132/><V28/><F28/><W84/><G39/><T41/><D37/><U35/><E35/><V69/><F69/><W86/><G50/><T71/><D71/><U26/><E26/><V123/><F123/><W33/><G33/><T104/><D29/><U113/><E113/><V30/><F30/><W98/><G98/><T107/><D24/><U23/><AGARI ba="0,2" hai="0,4,11,15,16,23,68,70,75,79,80,94,96,103" machi="23" ten="20,18000,2" yaku="1,1,0,1,7,1,54,1,53,2" doraHai="60" doraHaiUra="66" who="1" fromWho="1" sc="376,-60,43,200,266,-60,295,-60" /><INIT seed="5,1,0,0,3,121" ten="316,243,206,235" oya="1" hai0="115,76,37,127,21,113,114,125,7,26,11,103,25" hai1="29,84,88,89,53,83,77,23,110,71,102,107,99" hai2="16,39,62,79,5,45,82,31,67,100,17,46,30" hai3="59,61,33,72,73,42,96,19,108,133,120,85,51"/><U63/><E110/><V81/><F100/><W60/><G33/><T104/><D37/><U105/><E105/><V35/><F5/><W24/><G108/><T0/><D76/><U97/><E97/><V90/><F90/><W126/><G126/><N who="0" m="48139" /><D103/><U112/><E112/><V65/><F39/><W124/><G124/><T106/><D26/><U49/><E63/><V129/><F35/><W95/><G61/><T101/><D101/><U134/><E71/><V68/><F62/><W27/><G85/><T44/><D44/><U55/><E134/><V94/><F94/><W52/><G133/><T123/><D123/><U18/><E29/><AGARI ba="1,0" hai="0,7,11,21,25,29,104,106,113,114,115" m="48139" machi="29" ten="40,2600,0" yaku="15,1,18,1" doraHai="121" who="0" fromWho="1" sc="316,29,243,-29,206,0,235,0" /><INIT seed="6,0,0,0,2,50" ten="345,214,206,235" oya="2" hai0="35,113,1,81,85,48,63,6,107,99,9,55,93" hai1="88,23,22,57,62,29,73,111,31,121,28,41,119" hai2="118,129,19,68,70,100,46,78,2,44,64,69,131" hai3="72,47,40,123,106,37,66,16,17,120,132,42,12"/><V51/><F2/><W61/><G106/><T54/><D35/><U96/><E119/><V18/><F118/><W71/><G72/><T26/><D107/><U75/><E111/><V67/><F100/><W128/><G42/><T7/><D7/><U124/><E41/><V133/><F78/><W97/><G128/><N who="2" m="49225" /><F133/><W53/><G132/><T77/><D26/><U20/><E121/><V103/><F103/><W83/><G97/><T60/><D113/><U89/><E124/><V4/><F4/><W134/><G134/><T3/><D3/><U104/><E104/><V52/><F46/><W11/><G17/><AGARI ba="0,0" hai="17,18,19,44,51,52,64,67,68,69,70" m="49225" machi="17" ten="40,7700,0" yaku="19,1,52,1,54,1" doraHai="50" who="2" fromWho="3" sc="345,0,214,0,206,77,235,-77" /><INIT seed="6,1,0,1,4,48" ten="345,214,283,158" oya="2" hai0="13,101,55,81,126,7,88,100,129,111,38,106,78" hai1="16,73,133,76,5,103,42,110,86,119,27,80,69" hai2="130,41,4,33,91,92,37,97,31,28,24,118,68" hai3="124,95,21,51,65,1,49,74,11,14,53,25,71"/><V18/><F68/><W39/><G39/><T10/><D111/><U67/><E119/><V87/><F118/><W109/><G74/><T17/><D38/><U30/><E110/><V82/><F130/><W112/><G109/><T135/><D106/><U116/><E116/><V19/><F4/><W123/><G1/><T120/><D120/><U75/><E133/><V58/><F31/><W102/><G123/><T134/><D126/><U96/><E42/><V127/><F127/><W52/><G124/><T62/><D7/><U45/><E45/><V122/><F122/><W61/><G112/><T131/><D88/><U72/><E5/><V64/><F41/><W9/><G51/><T36/><D36/><U12/><E67/><V26/><F26/><W32/><G32/><T132/><D55/><U60/><E60/><V115/><F115/><W59/><G14/><T2/><D62/><U44/><E44/><V20/><F33/><W107/><G107/><T6/><D129/><U57/><E57/><V117/><F37/><W35/><G35/><T93/><D93/><U99/><E69/><V0/><F0/><W3/><G3/><T54/><D54/><N who="3" m="21097" /><G49/><T79/><D131/><U47/><E47/><V40/><F40/><W128/><G128/><T29/><D134/><U46/><E46/><V43/><F43/><W89/><G71/><T98/><D132/><U113/><E113/><V84/><F117/><W34/><G34/><T125/><D125/><U77/><E73/><V66/><F58/><W70/><G70/><T121/><D121/><U104/><E75/><V50/><F50/><RYUUKYOKU ba="1,0" sc="345,0,214,0,283,0,158,0" /><INIT seed="7,2,0,2,1,104" ten="345,214,283,158" oya="3" hai0="100,17,25,51,2,10,94,128,90,84,71,73,49" hai1="86,132,45,13,23,34,35,97,58,135,103,5,133" hai2="102,59,24,19,60,0,80,110,113,122,48,72,101" hai3="68,22,36,88,121,57,96,6,46,15,70,43,95"/><W126/><G121/><T28/><D73/><U37/><E86/><V119/><F110/><W76/><G126/><T21/><D71/><U12/><E58/><V69/><F0/><W130/><G130/><T79/><D128/><U118/><E118/><V4/><F4/><W89/><G76/><T40/><D79/><U11/><E45/><V18/><F69/><W56/><G89/><T64/><D64/><U125/><E37/><V111/><F111/><W7/><G68/><T107/><D40/><U63/><E63/><V98/><F119/><W29/><G70/><T75/><D75/><U33/><E125/><V74/><F80/><W1/><G1/><T3/><D3/><U50/><E50/><V8/><F48/><W127/><G127/><T117/><D117/><U99/><E103/><V77/><F77/><W65/><G56/><T105/><D105/><U129/><E129/><V67/><F102/><W112/><G112/><T66/><D66/><U55/><E55/><V62/><F62/><W78/><G78/><T30/><D107/><U31/><E13/><V54/><F67/><W115/><G115/><T61/><D61/><U114/><E114/><V83/><F122/><W120/><G120/><T131/><D131/><U44/><E44/><V16/><F113/><W52/><G65/><T85/><D100/><U108/><E108/><V47/><F72/><W14/><G29/><N who="0" m="11371" /><D84/><U42/><E42/><V41/><F74/><W38/><G38/><T93/><D93/><U92/><E92/><V27/><F101/><W91/><G91/><T123/><D123/><U124/><E124/><RYUUKYOKU ba="2,0" sc="345,15,214,15,283,-15,158,-15" hai0="2,10,17,21,25,49,51,85,90,94" hai1="5,11,12,23,31,33,34,35,97,99,132,133,135" owari="360,46.0,229,-17.0,268,7.0,143,-36.0" /></mjloggm>