<mjloggm ver="2.3"><GO type="169" lobby="0"/><UN n0="%E3%83%88%E3%83%88%E3%83%AA%E5%85%88%E7%94%9F%31%39%E6%AD%B3" n1="%E3%81%86%E3%81%A0%E3%81%A3%E3%81%B7" n2="%6C%6F%76%65%79%6F%75" n3="%E3%81%8F%E3%81%86%E3%81%9F%E3%82%8D" dan="18,18,17,17" rate="2291.37,2186.17,2114.15,2111.03" sx="F,M,M,M"/><TAIKYOKU oya="0"/><INIT seed="0,0,0,5,3,16" ten="250,250,250,250" oya="0" hai0="83,65,42,21,93,10,75,91,60,99,101,100,130" hai1="90,25,52,112,121,98,29,125,111,66,51,39,68" hai2="131,43,0,58,103,34,7,23,45,109,18,55,41" hai3="113,27,67,128,48,56,119,92,62,127,46,78,89"/><T40/><D130/><U11/><E121/><V6/><F34/><W77/><G113/><T73/><D10/><U108/><E112/><V132/><F131/><W124/><G119/><T61/><D83/><U122/><E122/><V32/><F32/><W17/><G128/><T117/><D117/><U106/><E39/><V20/><F132/><W28/><G17/><T22/><D91/><U12/><E125/><N who="3" m="48202" /><G92/><T57/><D100/><U33/><E66/><V79/><F18/><W74/><G74/><T38/><D61/><U135/><E68/><V59/><F103/><W36/><G89/><T81/><D75/><U107/><E135/><V110/><F79/><W105/><G105/><T95/><D95/><N who="1" m="56695" /><E12/><V87/><F87/><W85/><G85/><T102/><D102/><U47/><E11/><V76/><F76/><W26/><G36/><T71/><D71/><U3/><E3/><V86/><F86/><W35/><G26/><T118/><D118/><U31/><E31/><V72/><F72/><W84/><G84/><T2/><D2/><U54/><E107/><V94/><F0/><W129/><G129/><T13/><D13/><U4/><E106/><V80/><F94/><W1/><G1/><T134/><D134/><U8/><E4/><V97/><F80/><W44/><G44/><N who="0" m="23575" /><D42/><AGARI ba="0,0" hai="27,28,35,42,46,48,56,62,67,77,78" m="48202" machi="42" ten="30,1000,0" yaku="18,1" doraHai="16" who="3" fromWho="0" sc="250,-10,250,0,250,0,250,10" /><INIT seed="1,0,0,3,2,29" ten="240,250,250,260" oya="1" hai0="92,123,61,7,5,75,17,79,46,30,40,115,19" hai1="110,99,34,35,38,127,2,13,90,101,119,71,26" hai2="116,128,52,36,48,39,124,50,80,32,18,56,96" hai3="131,120,78,87,41,89,6,88,63,84,82,70,73"/><U72/><E119/><V21/><F116/><W91/><G41/><T112/><D123/><U4/><E2/><V129/><F124/><W53/><G120/><T49/><D75/><U106/><E127/><V130/><F80/><W83/><G131/><T125/><D79/><U55/><E38/><N who="2" m="14379" /><F96/><W122/><G122/><T69/><D125/><U44/><E71/><V0/><F0/><W59/><G70/><T109/><D109/><U103/><E103/><V3/><F3/><W105/><G105/><T31/><D69/><U114/><E114/><V86/><F86/><W108/><G108/><T100/><D61/><U51/><E110/><V1/><F1/><W135/><G135/><T98/><D115/><U104/><E104/><V20/><F50/><W37/><G37/><T24/><D31/><U22/><E72/><V121/><F21/><W16/><G6/><T54/><D112/><U60/><E90/><V9/><F9/><W95/><REACH who="3" step="1"/><G16/><REACH who="3" ten="240,250,250,250" step="2"/><N who="0" m="6219" /><D40/><U85/><E4/><V67/><F121/><W102/><G102/><T117/><D117/><U8/><E101/><V132/><F132/><W57/><G57/><T62/><D7/><U134/><E134/><V81/><F128/><W68/><G68/><T65/><D5/><U15/><E106/><V23/><F129/><W43/><G43/><T25/><D30/><U133/><E133/><V47/><F56/><W28/><G28/><T111/><D111/><U118/><E118/><V97/><F130/><W45/><G45/><T107/><D107/><U14/><E44/><V126/><F47/><W58/><G58/><N who="0" m="37079" /><D46/><U10/><E10/><RYUUKYOKU ba="0,1" sc="240,15,250,-15,250,-15,250,15" hai0="24,25,49,54,92,98,100" hai3="53,59,63,73,78,82,83,84,87,88,89,91,95" /><INIT seed="2,1,1,5,1,93" ten="255,235,235,265" oya="2" hai0="123,54,40,132,53,1,76,133,15,2,47,64,34" hai1="99,65,119,101,16,35,127,45,33,11,129,60,37" hai2="68,62,124,61,5,18,43,112,106,97,135,95,78" hai3="103,126,128,85,22,49,109,96,125,14,90,121,38"/><V92/><F112/><W83/><G38/><T4/><D123/><U82/><E119/><V63/><F68/><W25/><G121/><T27/><D76/><U57/><E127/><V87/><F106/><W39/><G39/><N who="0" m="21919" /><D64/><U26/><E129/><V117/><F124/><W94/><G109/><T77/><D15/><U110/><E110/><V21/><F43/><W72/><G128/><T0/><D4/><U98/><E82/><V3/><F117/><W52/><G14/><T80/><D53/><U51/><E37/><V46/><F46/><W19/><REACH who="3" step="1"/><G72/><REACH who="3" ten="255,235,235,255" step="2"/><N who="0" m="43047" /><D1/><U8/><E26/><V111/><F111/><W9/><G9/><T13/><D13/><U24/><E8/><V7/><F3/><W56/><AGARI ba="1,2" hai="19,22,25,49,52,56,83,85,90,94,96,103,125,126" machi="56" ten="30,7900,0" yaku="1,1,0,1,52,1,54,1,53,0" doraHai="93" doraHaiUra="115" who="3" fromWho="3" sc="255,-21,235,-21,235,-40,255,102" /><INIT seed="3,0,0,0,5,15" ten="234,214,195,357" oya="3" hai0="103,28,110,3,107,108,128,65,70,94,2,11,83" hai1="45,93,124,118,55,104,34,39,61,33,4,13,19" hai2="44,85,42,5,98,50,120,132,95,25,79,78,0" hai3="60,22,48,20,76,74,125,135,134,24,37,14,68"/><W51/><G37/><T17/><D107/><U75/><E104/><V36/><F132/><W105/><G105/><T111/><D128/><U18/><E75/><V6/><F120/><W69/><G74/><T54/><D28/><U97/><E124/><V80/><F0/><N who="0" m="42" /><D54/><U71/><E118/><V66/><F36/><W122/><G76/><T46/><D46/><U100/><E71/><V130/><F130/><W1/><G1/><T47/><D47/><U64/><E64/><V109/><F109/><W92/><G122/><T112/><D83/><U81/><E81/><V27/><F66/><W67/><G69/><T62/><D112/><U40/><E4/><N who="2" m="1643" /><F79/><W9/><G125/><T38/><D38/><U26/><E26/><V41/><F42/><W99/><G134/><T90/><D103/><AGARI ba="0,0" hai="25,27,41,44,50,78,80,85,95,98,103" m="1643" machi="103" ten="30,1000,0" yaku="8,1" doraHai="15" who="2" fromWho="0" sc="234,-10,214,0,195,10,357,0" /><INIT seed="4,0,0,4,0,66" ten="224,214,205,357" oya="0" hai0="69,92,117,30,103,123,29,84,116,24,13,85,131" hai1="44,1,55,132,62,53,67,9,133,46,7,128,76" hai2="72,47,12,127,122,129,26,90,25,16,22,64,81" hai3="125,108,99,106,14,111,83,60,79,5,51,18,49"/><T74/><D123/><U15/><E76/><V57/><F122/><W52/><G5/><T115/><D115/><U100/><E100/><V77/><F129/><W110/><G125/><T4/><D74/><U42/><E128/><V114/><F114/><W21/><G106/><T93/><D131/><U109/><E109/><V54/><F127/><W95/><G60/><T32/><D103/><U107/><E107/><V56/><F47/><N who="1" m="17961" /><E42/><V126/><F126/><W124/><G124/><T101/><D101/><U20/><E20/><V71/><F57/><W119/><G119/><T105/><D105/><U43/><E43/><V8/><F90/><W113/><G113/><T73/><D73/><U6/><E6/><V41/><F41/><W17/><G17/><T98/><D4/><U23/><E23/><V82/><F82/><W19/><G19/><T59/><D13/><U40/><E40/><V50/><REACH who="2" step="1"/><F22/><REACH who="2" ten="224,214,195,357" step="2"/><W36/><G21/><T87/><D116/><U58/><E15/><V11/><F11/><W96/><G14/><T88/><D117/><U38/><E38/><V2/><F2/><W80/><G36/><T35/><D59/><U27/><E27/><V94/><F94/><W28/><G95/><T68/><D93/><U48/><E133/><V45/><F45/><W37/><G37/><T34/><D34/><U130/><E132/><V75/><F75/><N who="3" m="43135" /><G111/><T118/><D118/><U61/><E130/><V39/><F39/><W91/><G110/><T33/><D33/><U89/><E89/><V97/><F97/><W104/><G108/><T120/><D120/><U31/><E1/><RYUUKYOKU ba="0,1" sc="224,15,214,-15,195,15,357,-15" hai0="24,29,30,32,35,68,69,84,85,87,88,92,98" hai2="8,12,16,25,26,50,54,56,64,71,72,77,81" /><INIT seed="4,1,1,3,3,78" ten="239,199,210,342" oya="0" hai0="58,75,61,25,56,129,118,19,68,35,91,107,5" hai1="50,42,81,86,134,120,131,8,53,30,126,70,17" hai2="29,7,1,123,80,116,92,26,133,109,21,16,67" hai3="38,69,84,103,12,39,113,51,4,95,112,0,79"/><T14/><D118/><U49/><E120/><V101/><F109/><W9/><G69/><T132/><D107/><U104/><E104/><V125/><F116/><W54/><G0/><T3/><D75/><U57/><E70/><V23/><F67/><W27/><G27/><T100/><D100/><U135/><E126/><V106/><F106/><W74/><G74/><T60/><D68/><U85/><E131/><V90/><F101/><W72/><G72/><T114/><D129/><U102/><E102/><V52/><F92/><W62/><G62/><N who="0" m="24171" /><D114/><N who="3" m="44137" /><G79/><T24/><D3/><U110/><E30/><V71/><F71/><W93/><G84/><T130/><D35/><U15/><E110/><V18/><F123/><W55/><G55/><T6/><D132/><U59/><E86/><N who="2" m="50503" /><F1/><W33/><G33/><T64/><D64/><U98/><E98/><V65/><F133/><W99/><G95/><T122/><D122/><U20/><E135/><V43/><F65/><W34/><G34/><T2/><D2/><U63/><E134/><V83/><F125/><W88/><G103/><T22/><D91/><U73/><E73/><V31/><F43/><W108/><G108/><T94/><D94/><U37/><E42/><V41/><F41/><W124/><G124/><T127/><D127/><U89/><E37/><V111/><F111/><W32/><G32/><T10/><D130/><U77/><E89/><V44/><F7/><W45/><AGARI ba="1,1" hai="4,9,12,38,39,45,51,54,88,93,99" m="44137" machi="45" ten="30,2000,0" yaku="15,1,54,1" doraHai="78" who="3" fromWho="3" sc="239,-11,199,-6,210,-6,342,33" /><INIT seed="5,0,0,4,2,1" ten="228,193,204,375" oya="1" hai0="60,103,71,120,28,56,38,75,130,3,70,135,22" hai1="109,39,118,2,98,116,90,16,82,128,115,24,20" hai2="65,69,99,63,92,23,108,102,6,30,68,97,21" hai3="113,104,67,31,7,62,131,54,121,91,50,41,127"/><U18/><E39/><V12/><F108/><W10/><G104/><T132/><D38/><U34/><E109/><V117/><F117/><W74/><G74/><T11/><D75/><U88/><E34/><V58/><F97/><W112/><G121/><T8/><D120/><U126/><E2/><V81/><F23/><W85/><G31/><T45/><D130/><U83/><E128/><V35/><F35/><W27/><G41/><T133/><D103/><U73/><E115/><V129/><F81/><W47/><G27/><N who="0" m="16503" /><D45/><U106/><E126/><V14/><F129/><W64/><G127/><T40/><D40/><U29/><E106/><V48/><F48/><W4/><G10/><N who="0" m="3627" /><D3/><U105/><E105/><V134/><F6/><N who="3" m="2091" /><G62/><T77/><D77/><U33/><E73/><V79/><F79/><W107/><G107/><T96/><D71/><N who="2" m="27210" /><F134/><W100/><G100/><T123/><D70/><U43/><E118/><V119/><F119/><W101/><G101/><T49/><D123/><U125/><E125/><V15/><F15/><W46/><G46/><T53/><D60/><U13/><E116/><V57/><F57/><W93/><G131/><T111/><D111/><U25/><E33/><V72/><F72/><W94/><G93/><T86/><D135/><U89/><E43/><V17/><F17/><W32/><G32/><T114/><D133/><U124/><E124/><V5/><F5/><W59/><G59/><T122/><D132/><U0/><E0/><V19/><F19/><W44/><G44/><T55/><D122/><U110/><E110/><V78/><F78/><W76/><G76/><RYUUKYOKU ba="0,0" sc="228,-15,193,-15,204,15,375,15" hai2="12,14,21,30,58,63,65,92,99,102" hai3="47,50,54,64,67,85,91,94,112,113" /><INIT seed="6,1,0,3,4,0" ten="213,178,219,390" oya="2" hai0="21,80,120,89,49,26,109,105,34,3,64,56,19" hai1="54,25,71,59,70,106,98,93,121,15,22,114,123" hai2="118,40,87,51,94,73,81,57,55,5,63,50,32" hai3="113,6,119,134,14,48,42,12,122,36,101,20,10"/><V111/><F118/><W131/><G119/><T78/><D120/><U35/><E106/><V45/><F32/><W99/><G122/><T23/><D109/><U86/><E114/><V43/><F111/><W2/><G36/><T97/><D3/><U95/><E35/><V8/><F73/><W88/><G131/><T39/><D39/><U9/><E123/><V96/><F51/><W13/><G134/><T74/><D34/><U77/><E121/><V84/><F40/><W24/><G113/><T79/><D105/><U92/><E98/><V66/><F66/><W30/><G88/><T46/><D74/><U128/><E128/><V110/><F110/><W16/><G48/><T47/><D47/><U38/><E38/><V125/><F125/><W68/><G68/><T28/><D56/><U69/><E77/><V130/><F130/><W116/><G42/><N who="0" m="24791" /><D64/><U85/><E59/><V129/><F129/><W60/><G60/><T108/><D108/><U11/><E54/><V76/><F87/><W127/><G127/><T18/><D28/><U82/><E82/><V72/><F72/><W52/><G52/><T61/><D61/><U1/><E1/><V58/><F55/><W17/><REACH who="3" step="1"/><G116/><REACH who="3" ten="213,178,219,380" step="2"/><T107/><D89/><U104/><E104/><AGARI ba="1,1" hai="2,6,10,12,13,14,16,17,20,24,30,99,101,104" machi="104" ten="40,8000,1" yaku="1,1,2,1,52,1,54,1,53,0" doraHai="0" doraHaiUra="91" who="3" fromWho="1" sc="213,0,178,-83,219,0,380,93" /><INIT seed="7,0,0,2,2,28" ten="213,95,219,473" oya="3" hai0="135,92,18,23,102,90,89,51,63,37,69,3,91" hai1="128,108,67,24,53,25,117,96,36,10,29,98,121" hai2="48,120,79,76,85,118,46,127,87,94,133,44,105" hai3="45,40,112,114,116,5,124,41,95,72,109,6,110"/><W39/><G72/><T78/><D37/><U125/><E36/><V0/><F118/><W84/><G116/><T100/><D3/><U65/><E117/><V81/><F0/><W4/><G41/><T99/><D135/><U20/><E108/><N who="3" m="41578" /><G124/><T123/><D123/><U71/><E125/><V13/><F105/><W97/><G84/><N who="2" m="32329" /><F13/><W8/><G8/><T42/><D69/><U59/><E121/><V1/><F48/><W115/><G6/><T26/><D100/><AGARI ba="0,0" hai="4,5,39,40,45,95,97,100,112,114,115" m="41578" machi="100" ten="40,3900,0" yaku="15,1,10,1" doraHai="28" who="3" fromWho="0" sc="213,-39,95,0,219,0,473,39" owari="174,-23.0,95,-40.0,219,2.0,512,61.0" /></mjloggm>