<mjloggm ver="2.3"><GO type="169" lobby="0"/><UN n0="%E2%98%86%E3%82%A4%E3%83%BC%E3%82%BD%E3%83%BC%E2%98%86" n1="%43%55%52%52%59%4D%41%4E" n2="%E3%82%A6%E3%83%AB%E3%83%88%E3%83%A9%E7%AB%8B%E7%9B%B4" n3="%63%72%69%74%74%65%72" dan="16,16,18,16" rate="2116.43,2110.14,2200.49,2101.31" sx="M,M,M,M"/><TAIKYOKU oya="0"/><INIT seed="0,0,0,3,0,71" ten="250,250,250,250" oya="0" hai0="23,118,76,133,73,87,45,64,121,57,123,15,47" hai1="69,14,82,41,24,101,36,117,130,52,19,13,21" hai2="9,65,4,109,54,112,51,104,17,39,89,20,28" hai3="43,81,96,128,61,25,37,119,78,49,80,56,31"/><T7/><D118/><U95/><E69/><V97/><F112/><W116/><G128/><T6/><D73/><U59/><E117/><V111/><F65/><W30/><G49/><T86/><D64/><U10/><E82/><V93/><F28/><W11/><G11/><T113/><D113/><U88/><E101/><V58/><F104/><W122/><G122/><T83/><D133/><U67/><E67/><V3/><REACH who="2" step="1"/><F39/><REACH who="2" ten="250,250,240,250" step="2"/><W114/><G31/><T102/><D123/><U66/><E66/><V126/><F126/><W115/><G30/><T107/><D107/><U120/><E120/><V12/><AGARI ba="0,1" hai="3,4,9,12,17,20,51,54,58,89,93,97,109,111" machi="12" ten="30,4000,0" yaku="1,1,0,1,53,1" doraHai="71" doraHaiUra="94" who="2" fromWho="2" sc="250,-20,250,-10,240,50,250,-10" /><INIT seed="1,0,0,1,4,84" ten="230,240,290,240" oya="1" hai0="16,117,54,96,10,40,26,58,80,45,91,85,113" hai1="79,129,23,3,31,36,122,66,78,71,112,67,88" hai2="68,62,128,126,107,72,43,33,97,13,123,20,125" hai3="63,134,44,19,5,15,90,25,8,11,127,101,114"/><U69/><E36/><V41/><F72/><W9/><G114/><T77/><D113/><U52/><E3/><V86/><F33/><W55/><G127/><T99/><D117/><U93/><E129/><V29/><F123/><W47/><G134/><T95/><D99/><U35/><E35/><V51/><F51/><W81/><G101/><T53/><D58/><U121/><E112/><V24/><F86/><N who="3" m="50511" /><G25/><T1/><D1/><U12/><E71/><V87/><F87/><W14/><G9/><T27/><D27/><N who="1" m="16895" /><E12/><V39/><F13/><W46/><G63/><T110/><D110/><U49/><E69/><V74/><F74/><W56/><G56/><T82/><D82/><U109/><E109/><V18/><F39/><W2/><G2/><T103/><D103/><U92/><E92/><V48/><F128/><W37/><G37/><T76/><D76/><N who="1" m="29227" /><E122/><V60/><F68/><W17/><G5/><T21/><REACH who="0" step="1"/><D10/><REACH who="0" ten="220,240,290,240" step="2"/><U4/><E121/><V32/><F126/><W6/><G6/><T65/><D65/><U100/><E100/><V50/><F125/><W70/><G70/><T106/><D106/><U120/><E4/><V75/><F107/><W59/><G59/><T73/><D73/><U131/><E131/><V22/><F75/><W42/><G42/><T34/><D34/><U0/><E0/><V108/><F43/><W132/><G132/><T64/><D64/><U61/><E120/><V57/><F32/><W7/><G7/><T116/><D116/><U98/><E61/><V94/><F108/><W135/><G135/><T115/><D115/><U119/><E119/><RYUUKYOKU ba="0,1" sc="220,10,240,10,290,-30,240,10" hai0="16,21,26,40,45,53,54,77,80,85,91,95,96" hai1="49,52,66,67,88,93,98" hai3="8,11,14,15,17,19,44,46,47,55" /><INIT seed="1,1,1,5,2,112" ten="230,250,260,250" oya="1" hai0="55,72,116,100,135,129,76,114,45,1,48,66,82" hai1="46,53,127,51,119,94,20,70,29,59,43,115,31" hai2="38,102,47,132,101,23,88,75,30,108,17,85,121" hai3="4,93,92,97,134,113,34,7,33,0,6,40,32"/><U2/><E2/><V63/><F121/><W90/><G113/><T56/><D114/><U86/><E70/><V41/><F75/><W5/><G134/><T74/><D1/><U83/><E115/><V89/><F108/><W117/><N who="3" m="1024" /><DORA hai="125" /><W58/><G0/><T98/><D72/><U110/><E110/><V81/><F132/><W79/><G79/><T42/><D135/><U128/><E127/><V3/><F3/><W109/><G109/><T106/><D66/><U68/><E68/><V39/><F39/><W12/><G117/><T105/><D105/><U60/><E94/><V118/><F118/><W26/><G12/><T49/><REACH who="0" step="1"/><D116/><REACH who="0" ten="220,250,260,250" step="2"/><U130/><E119/><V11/><F102/><W57/><G40/><T122/><D122/><U24/><REACH who="1" step="1"/><E29/><REACH who="1" ten="220,240,260,250" step="2"/><V14/><F30/><W103/><REACH who="3" step="1"/><G26/><REACH who="3" ten="220,240,260,240" step="2"/><T21/><D21/><U99/><E99/><AGARI ba="1,4" hai="32,33,34,57,58,90,92,93,97,99,103" m="1024" machi="99" ten="60,12000,2" yaku="1,1,2,1,53,5" doraHai="112,125" doraHaiUra="95,28" who="3" fromWho="1" sc="220,0,240,-123,260,0,240,163" /><INIT seed="2,0,0,3,5,69" ten="220,117,260,403" oya="2" hai0="49,15,16,120,13,127,28,104,52,76,41,53,47" hai1="68,95,115,99,93,122,128,39,63,20,57,59,73" hai2="88,117,71,58,26,67,131,48,5,0,1,11,102" hai3="31,90,36,100,10,6,91,17,44,2,112,30,74"/><V42/><F117/><W3/><G3/><T130/><D120/><U23/><E73/><V56/><F131/><W51/><G74/><T97/><D130/><U54/><E115/><V92/><F102/><W98/><G112/><T32/><D127/><U29/><E122/><V7/><F26/><W86/><G17/><T132/><D132/><U82/><E82/><V121/><F121/><W46/><G36/><T123/><D123/><U37/><E128/><V18/><F18/><W55/><G44/><T80/><D28/><U111/><E111/><V116/><F116/><W75/><G75/><T33/><D15/><U35/><E35/><V89/><F71/><W110/><G110/><T38/><D53/><U78/><E78/><V34/><F34/><W70/><G70/><T50/><D50/><U114/><E114/><V65/><F42/><W72/><G72/><T124/><D124/><U83/><E83/><V94/><REACH who="2" step="1"/><F48/><REACH who="2" ten="220,117,250,403" step="2"/><W126/><G126/><T134/><D134/><U113/><E113/><V79/><F79/><W133/><G133/><T84/><D104/><U14/><E68/><V103/><F103/><W9/><G100/><T105/><D105/><U24/><E37/><V125/><F125/><W27/><G27/><T62/><D62/><U61/><E39/><V118/><F118/><W109/><G109/><T87/><D33/><U19/><REACH who="1" step="1"/><E99/><REACH who="1" ten="220,107,250,403" step="2"/><V40/><F40/><W129/><G129/><T119/><D119/><U96/><E96/><V45/><F45/><W25/><G98/><T107/><D97/><U64/><AGARI ba="0,2" hai="14,19,20,23,24,29,54,57,59,61,63,64,93,95" machi="64" ten="20,5200,0" yaku="1,1,0,1,7,1,8,1,53,0" doraHai="69" doraHaiUra="66" who="1" fromWho="1" sc="220,-13,107,72,250,-26,403,-13" /><INIT seed="3,0,0,5,4,46" ten="207,179,224,390" oya="3" hai0="109,35,98,65,123,48,38,58,100,89,14,71,40" hai1="99,45,52,33,24,96,72,129,56,20,49,103,133" hai2="79,43,76,127,54,116,15,107,10,68,6,30,95" hai3="21,44,124,26,102,75,57,134,22,125,28,92,25"/><W112/><G75/><T16/><D109/><U122/><E33/><V118/><F107/><W11/><G57/><T59/><D35/><U86/><E72/><V126/><F68/><W3/><G112/><T93/><D71/><U36/><E133/><V101/><F43/><W131/><G44/><N who="0" m="25607" /><D38/><U82/><E36/><V110/><F30/><N who="3" m="17711" /><G92/><N who="0" m="58439" /><D65/><U19/><E129/><V63/><F110/><W9/><G102/><T114/><D114/><U64/><E103/><V113/><F113/><W104/><G104/><T27/><D27/><U51/><E64/><V55/><F95/><W7/><G131/><T47/><D47/><U17/><E17/><V13/><F101/><W29/><G134/><T91/><D91/><N who="1" m="51671" /><E122/><V60/><REACH who="2" step="1"/><F6/><REACH who="2" ten="207,179,214,390" step="2"/><N who="3" m="1247" /><G124/><T132/><D132/><U18/><E18/><V97/><F97/><W39/><G125/><T81/><D123/><U12/><E24/><V111/><F111/><W23/><G39/><T42/><D42/><AGARI ba="0,1" hai="12,19,20,42,45,49,51,52,56,96,99" m="51671" machi="42" ten="30,7700,0" yaku="8,1,52,2,54,1" doraHai="46" who="1" fromWho="0" sc="207,-77,179,87,214,0,390,0" /><INIT seed="4,0,0,1,2,9" ten="130,266,214,390" oya="0" hai0="68,119,55,48,20,12,27,88,110,111,31,74,94" hai1="3,115,135,36,70,126,28,16,5,134,61,77,57" hai2="39,116,14,46,114,25,49,26,127,56,34,91,98" hai3="63,72,50,96,87,24,45,22,78,120,37,92,13"/><T81/><D119/><U97/><E70/><V43/><F116/><W89/><G120/><T11/><D68/><U19/><E36/><V133/><F114/><W131/><G131/><T112/><D112/><U23/><E77/><V6/><F127/><W122/><G122/><T30/><D74/><U100/><E3/><V85/><F133/><N who="1" m="50697" /><E5/><V51/><F98/><W71/><G37/><T75/><D31/><U128/><E128/><V7/><F34/><W84/><G72/><T107/><D107/><N who="1" m="63887" /><E126/><V44/><F56/><W102/><G78/><T86/><D75/><U64/><E115/><V67/><F67/><W58/><G71/><T17/><REACH who="0" step="1"/><D94/><REACH who="0" ten="120,266,214,390" step="2"/><U33/><E33/><V66/><F66/><W59/><G92/><T15/><D15/><N who="1" m="9631" /><E19/><V106/><F106/><W8/><G13/><T125/><D125/><U41/><E41/><V76/><F43/><W47/><G24/><T73/><D73/><U109/><E109/><V83/><F25/><W105/><G105/><T32/><D32/><U2/><E2/><V101/><F26/><W10/><G45/><AGARI ba="0,1" hai="11,12,17,20,27,30,45,48,55,81,86,88,110,111" machi="45" ten="40,12000,1" yaku="1,1,25,2,52,1,54,1,53,0" doraHai="9" doraHaiUra="53" who="0" fromWho="3" sc="120,130,266,0,214,0,390,-120" /><INIT seed="4,1,0,3,3,5" ten="250,266,214,270" oya="0" hai0="17,13,48,129,20,119,102,75,45,115,72,33,71" hai1="27,52,2,47,62,1,101,132,60,7,4,34,19" hai2="127,86,61,44,68,26,130,90,120,40,92,6,89" hai3="80,110,23,69,16,53,108,46,105,79,50,37,14"/><T91/><D119/><U126/><E132/><V24/><F120/><W41/><G69/><T95/><D33/><U66/><E126/><V98/><F130/><W118/><G105/><T88/><D71/><U10/><E101/><V82/><F127/><W121/><G121/><T103/><D129/><U0/><E7/><V123/><F123/><W85/><REACH who="3" step="1"/><G118/><REACH who="3" ten="250,266,214,260" step="2"/><T31/><D115/><U43/><E34/><V11/><F68/><W94/><G94/><T67/><D75/><U109/><E109/><V99/><F61/><W3/><G3/><T70/><D72/><U93/><E93/><V49/><REACH who="2" step="1"/><F99/><REACH who="2" ten="250,266,204,260" step="2"/><W55/><G55/><N who="0" m="30095" /><D70/><U125/><E52/><V76/><F76/><W59/><AGARI ba="1,2" hai="14,16,23,37,41,46,50,53,59,79,80,85,108,110" machi="59" ten="20,5200,0" yaku="1,1,0,1,7,1,54,1,53,0" doraHai="5" doraHaiUra="29" who="3" fromWho="3" sc="250,-27,266,-14,204,-14,260,75" /><INIT seed="5,0,0,2,5,49" ten="223,252,190,335" oya="1" hai0="77,40,29,35,43,75,74,84,58,82,0,46,20" hai1="47,64,36,31,50,10,119,73,59,114,117,67,63" hai2="52,129,130,13,104,48,135,127,133,39,102,53,15" hai3="1,91,44,118,94,21,23,83,95,106,38,99,121"/><U96/><E73/><V27/><F39/><W107/><G121/><T134/><D35/><U69/><E31/><V81/><F127/><W14/><G1/><T92/><D134/><N who="2" m="51210" /><F27/><W108/><G108/><T80/><D0/><U33/><E33/><V65/><F65/><W51/><G38/><T66/><D40/><N who="1" m="22919" /><E10/><V123/><F123/><W125/><G125/><T68/><D68/><N who="1" m="42015" /><E96/><N who="2" m="61511" /><F81/><W90/><G118/><T72/><D92/><U105/><E114/><V9/><F15/><W101/><G83/><T57/><D66/><U78/><E78/><V18/><F48/><W16/><G101/><T2/><D2/><U3/><E105/><V37/><F37/><W85/><G23/><T97/><D97/><U93/><E93/><V61/><F61/><W86/><G99/><T34/><D34/><U12/><E12/><V100/><F100/><W41/><AGARI ba="0,0" hai="14,16,21,41,44,51,85,86,90,91,94,95,106,107" machi="41" ten="20,5200,0" yaku="0,1,7,1,9,1,54,1" doraHai="49" who="3" fromWho="3" sc="223,-13,252,-26,190,-13,335,52" /><INIT seed="6,0,0,2,5,52" ten="210,226,177,387" oya="2" hai0="112,14,26,118,85,91,32,103,50,23,121,16,124" hai1="19,105,107,108,131,94,46,81,39,96,17,110,44" hai2="72,133,34,60,61,57,40,90,38,66,9,12,56" hai3="49,119,123,76,33,30,1,0,21,75,13,70,87"/><V78/><F133/><W125/><G119/><T93/><D121/><U65/><E81/><V42/><F34/><W22/><G123/><T114/><D118/><U89/><E131/><V7/><F38/><W35/><G75/><T135/><D135/><U29/><E29/><V43/><F72/><W62/><G125/><T106/><D124/><U117/><E117/><V59/><F78/><W128/><G128/><T84/><D106/><U115/><E115/><N who="0" m="44073" /><D103/><U20/><E19/><V104/><F104/><W8/><G49/><T86/><D50/><U77/><E77/><V55/><REACH who="2" step="1"/><F90/><REACH who="2" ten="210,226,167,387" step="2"/><W97/><G76/><T111/><D111/><U4/><E107/><V71/><AGARI ba="0,1" hai="7,9,12,40,42,43,55,56,57,59,60,61,66,71" machi="71" ten="30,18000,2" yaku="1,1,2,1,0,1,52,3,53,0" doraHai="52" doraHaiUra="18" who="2" fromWho="2" sc="210,-60,226,-60,167,190,387,-60" /><INIT seed="6,1,0,1,4,85" ten="150,166,357,327" oya="2" hai0="112,24,27,59,79,121,91,118,130,127,82,132,54" hai1="88,3,66,133,73,2,26,10,114,57,8,7,44" hai2="120,34,119,116,70,52,93,47,50,17,22,33,97" hai3="113,28,100,0,12,69,13,11,41,123,99,74,4"/><V62/><F120/><W107/><G123/><T102/><D121/><U53/><E73/><V81/><F81/><W61/><G74/><T18/><D102/><U126/><E126/><V105/><F105/><W43/><G113/><T19/><D127/><U90/><E133/><V21/><F34/><W108/><G108/><T25/><D79/><U9/><E66/><V48/><F33/><W110/><G110/><T94/><D112/><U89/><E114/><V15/><F70/><W5/><G28/><T35/><D35/><U60/><E26/><V49/><F22/><W84/><G84/><N who="0" m="50583" /><D132/><U37/><REACH who="1" step="1"/><E7/><REACH who="1" ten="150,156,357,327" step="2"/><V40/><F119/><W55/><G5/><T115/><D115/><U80/><E80/><V87/><F116/><W65/><REACH who="3" step="1"/><G55/><REACH who="3" ten="150,156,357,317" step="2"/><T122/><D122/><U96/><E96/><V56/><F87/><W1/><G1/><T128/><D118/><U104/><E104/><V103/><AGARI ba="1,2" hai="15,17,21,40,47,48,49,50,52,56,62,93,97,103" machi="103" ten="20,7800,0" yaku="0,1,7,1,8,1,54,1" doraHai="85" who="2" fromWho="2" sc="150,-27,156,-27,357,101,317,-27" /><INIT seed="6,2,0,0,0,100" ten="123,129,458,290" oya="2" hai0="74,83,55,120,64,36,111,112,125,32,129,122,79" hai1="31,22,67,27,65,75,12,25,30,84,63,97,77" hai2="45,128,6,81,134,70,82,7,86,132,15,41,131" hai3="119,123,60,80,108,52,106,104,59,57,130,20,21"/><V94/><F70/><W115/><G108/><T18/><D111/><U89/><E75/><V71/><F71/><W101/><G119/><T127/><D32/><U28/><E77/><V135/><F94/><W24/><G123/><T34/><D34/><U133/><E97/><V51/><F82/><W107/><G130/><N who="2" m="49705" /><F15/><W113/><G101/><T19/><D112/><N who="3" m="43081" /><G80/><T62/><D55/><U9/><E133/><V0/><F0/><W92/><G92/><T33/><D33/><U103/><E103/><V126/><F126/><N who="0" m="48138" /><D36/><U109/><E109/><V110/><F110/><W66/><G24/><T49/><D49/><AGARI ba="2,0" hai="20,21,49,52,57,59,60,66,104,106,107" m="43081" machi="49" ten="40,12000,2" yaku="15,1,11,1,52,3,54,1" doraHai="100" who="3" fromWho="0" sc="123,-126,129,0,458,0,290,126" owari="-3,-50.0,129,-27.0,458,55.0,416,22.0" /></mjloggm>