<mjloggm ver="2.3"><GO type="169" lobby="0"/><UN n0="%E3%82%A6%E3%83%AB%E3%83%88%E3%83%A9%E7%AB%8B%E7%9B%B4" n1="%E3%82%AC%E3%83%9F%E3%82%B4%E3%83%B3" n2="%E3%81%98%E3%81%BF%E3%81%84%E3%81%A3%5A" n3="%E3%82%A2%E3%83%93%E3%81%95%E3%82%93" dan="18,17,17,16" rate="2230.14,2207.13,2171.69,2124.43" sx="M,F,M,M"/><TAIKYOKU oya="0"/><INIT seed="0,0,0,3,0,20" ten="250,250,250,250" oya="0" hai0="73,37,50,78,77,7,16,98,54,39,69,87,129" hai1="68,5,113,53,102,125,60,47,80,120,49,33,128" hai2="99,131,95,71,74,124,81,82,46,56,115,52,10" hai3="25,28,72,112,3,13,108,48,90,36,94,27,97"/><T32/><D129/><U44/><E120/><V57/><F115/><W89/><G36/><T59/><D73/><U91/><E113/><V31/><F71/><W0/><G72/><T14/><D7/><U109/><E128/><V18/><F124/><W107/><G112/><T100/><D32/><U66/><E125/><V51/><F131/><W1/><G107/><T4/><D4/><U92/><E109/><V21/><F31/><W42/><G108/><T41/><D69/><U22/><E33/><V17/><F17/><W126/><G126/><T38/><D41/><U132/><E132/><V75/><F10/><W63/><G13/><T122/><D87/><U23/><E5/><V19/><F19/><W83/><G28/><T8/><REACH who="0" step="1"/><D122/><REACH who="0" ten="240,250,250,250" step="2"/><U79/><E68/><V86/><F75/><W130/><G130/><T135/><D135/><U58/><E102/><N who="2" m="60799" /><F74/><W114/><G114/><T101/><D101/><U70/><E70/><V40/><F40/><W133/><G133/><T123/><D123/><U134/><E134/><V93/><F81/><W29/><G83/><T26/><D26/><U65/><E80/><V24/><F93/><AGARI ba="0,1" hai="8,14,16,37,38,39,50,54,59,77,78,93,98,100" machi="93" ten="40,3900,0" yaku="1,1,54,1,53,0" doraHai="20" doraHaiUra="118" who="0" fromWho="2" sc="240,49,250,0,250,-39,250,0" /><INIT seed="0,1,0,4,3,65" ten="289,250,211,250" oya="0" hai0="81,119,59,75,97,88,70,128,102,40,13,134,10" hai1="18,19,15,94,38,58,36,50,51,77,117,112,120" hai2="130,135,60,96,87,67,46,23,99,108,56,91,109" hai3="39,80,121,53,114,7,30,73,68,85,62,93,8"/><T127/><D119/><U98/><E117/><V129/><F46/><W3/><G39/><T22/><D128/><N who="2" m="49258" /><F23/><W31/><G114/><T125/><D134/><U47/><E120/><V86/><F86/><W105/><G105/><T44/><D59/><U29/><E112/><V133/><F99/><W101/><G121/><T2/><D22/><U116/><E116/><V84/><F84/><W111/><G73/><T82/><D70/><U92/><E77/><V63/><F96/><W95/><G53/><T6/><D13/><U122/><E98/><V49/><F49/><W131/><G101/><T132/><D132/><N who="2" m="50762" /><F63/><W76/><G131/><T113/><D113/><U25/><E51/><V118/><F118/><W89/><G93/><AGARI ba="1,0" hai="56,60,67,87,91,93,108,109" m="50762,49258" machi="93" ten="30,2000,0" yaku="19,1,20,1" doraHai="65" who="2" fromWho="3" sc="289,0,250,0,211,23,250,-23" /><INIT seed="1,0,0,1,1,56" ten="289,250,234,227" oya="1" hai0="2,45,17,64,68,121,63,6,89,42,23,80,96" hai1="66,35,124,16,101,97,5,4,128,7,38,75,79" hai2="99,113,76,52,53,44,46,135,61,0,98,95,90" hai3="24,87,59,81,92,126,106,11,69,29,33,110,73"/><U58/><E38/><V43/><F135/><W127/><G69/><T62/><D121/><U117/><E117/><V67/><F0/><W94/><G106/><T36/><D6/><U31/><E128/><V104/><F113/><W129/><G73/><T54/><D2/><U34/><E124/><N who="3" m="47658" /><G110/><T119/><D119/><U32/><E79/><V84/><F46/><W123/><G123/><T120/><D120/><U78/><E78/><V27/><F27/><W100/><G100/><T1/><D1/><U28/><E16/><V41/><F41/><W131/><G11/><T51/><D63/><U115/><E75/><V109/><F109/><W107/><G107/><T9/><D9/><U15/><E15/><V65/><F65/><W3/><G59/><T70/><D70/><U14/><E14/><V71/><F104/><W83/><G83/><T133/><D133/><U47/><E47/><V20/><F20/><W102/><G102/><T93/><D80/><U37/><E37/><V60/><F60/><W118/><G118/><T49/><REACH who="0" step="1"/><D54/><REACH who="0" ten="279,250,234,227" step="2"/><U130/><E115/><V103/><F53/><W108/><G3/><T12/><AGARI ba="0,1" hai="12,17,23,36,42,45,49,51,62,64,68,89,93,96" machi="12" ten="20,12000,2" yaku="1,1,2,1,0,1,7,1,52,1,53,1" doraHai="56" doraHaiUra="86" who="0" fromWho="0" sc="279,130,250,-60,234,-30,227,-30" /><INIT seed="2,0,0,4,0,103" ten="409,190,204,197" oya="2" hai0="48,22,71,51,132,15,86,118,66,11,76,116,40" hai1="64,1,108,33,109,111,41,19,0,124,60,27,65" hai2="77,18,100,42,96,28,17,30,75,2,63,4,55" hai3="128,3,134,31,105,122,95,69,98,126,104,87,5"/><V49/><F42/><W26/><G69/><T32/><D32/><U73/><E73/><V14/><F2/><W92/><G122/><T82/><D132/><U36/><E124/><V9/><F63/><W57/><G134/><T74/><D71/><U107/><E107/><V121/><F121/><W54/><G126/><T38/><D66/><U131/><E131/><V50/><F50/><W80/><G128/><T34/><D34/><U119/><E119/><N who="0" m="45609" /><D22/><N who="1" m="13791" /><E33/><V7/><F7/><W6/><G5/><N who="0" m="3567" /><D86/><U61/><E41/><V46/><F30/><W21/><G6/><T43/><D43/><U25/><E25/><V85/><F28/><W56/><G3/><N who="1" m="1098" /><E36/><V83/><REACH who="2" step="1"/><F75/><REACH who="2" ten="409,190,194,197" step="2"/><W114/><G114/><T120/><D120/><U52/><E61/><V127/><F127/><W101/><G95/><AGARI ba="0,1" hai="4,9,14,17,18,46,49,55,77,83,85,95,96,100" machi="95" ten="30,5800,0" yaku="1,1,7,1,8,1,53,0" doraHai="103" doraHaiUra="35" who="2" fromWho="3" sc="409,0,190,0,194,68,197,-58" /><INIT seed="2,1,0,3,3,98" ten="409,190,262,139" oya="2" hai0="62,116,27,57,131,52,21,36,40,73,58,84,122" hai1="135,7,85,37,65,102,71,111,118,48,132,130,16" hai2="113,6,1,19,50,13,68,43,81,20,87,0,80" hai3="70,89,97,33,51,100,88,117,104,56,112,23,31"/><V82/><F113/><W9/><G70/><T90/><D73/><U49/><E37/><V45/><F68/><W93/><G117/><T38/><D122/><U2/><E118/><V66/><F66/><W123/><G123/><T54/><D40/><U105/><E111/><V83/><REACH who="2" step="1"/><F6/><REACH who="2" ten="409,190,252,139" step="2"/><W35/><G112/><T24/><D116/><U114/><E114/><V119/><F119/><W25/><G9/><T61/><D131/><U4/><E130/><V79/><AGARI ba="1,1" hai="0,1,13,19,20,43,45,50,79,80,81,82,83,87" machi="79" ten="30,6000,0" yaku="1,1,0,1,53,1" doraHai="98" doraHaiUra="75" who="2" fromWho="2" sc="409,-21,190,-21,252,73,139,-21" /><INIT seed="2,2,0,2,2,91" ten="388,169,325,118" oya="2" hai0="32,131,114,57,23,129,12,106,104,6,124,7,135" hai1="81,52,112,76,20,49,4,122,13,85,97,5,66" hai2="44,87,19,115,51,38,27,79,98,21,74,48,45" hai3="42,126,107,77,63,78,46,47,94,26,109,71,130"/><V133/><F115/><W56/><G107/><T72/><D32/><U53/><E112/><V70/><F70/><W0/><G0/><T62/><D72/><U31/><E122/><V80/><F133/><W50/><G109/><T118/><D114/><U55/><E66/><V75/><F38/><W28/><G130/><T99/><D124/><U132/><E132/><V128/><F128/><W120/><G71/><T59/><D99/><U1/><E1/><V116/><F116/><W10/><G10/><T61/><D23/><U2/><E2/><V73/><F51/><W9/><G9/><T121/><D12/><U108/><E108/><V103/><REACH who="2" step="1"/><F48/><REACH who="2" ten="388,169,315,118" step="2"/><W54/><G120/><T82/><D135/><U111/><E49/><V60/><F60/><W14/><G47/><T93/><D121/><U127/><E111/><V105/><AGARI ba="2,1" hai="19,21,27,44,45,73,74,75,79,80,87,98,103,105" machi="105" ten="30,3000,0" yaku="1,1,0,1,53,0" doraHai="91" doraHaiUra="33" who="2" fromWho="2" sc="388,-12,169,-12,315,46,118,-12" /><INIT seed="2,3,0,1,0,39" ten="376,157,361,106" oya="2" hai0="60,21,98,126,9,79,7,135,107,57,95,36,18" hai1="71,41,99,15,16,106,45,104,62,31,102,55,1" hai2="29,69,114,121,65,28,47,85,35,66,8,50,67" hai3="88,14,72,109,0,90,131,46,123,118,25,58,117"/><V10/><F114/><W38/><G0/><T115/><D115/><U4/><E31/><V42/><F121/><W101/><G72/><T53/><D126/><U91/><E91/><V100/><F69/><W92/><G123/><T78/><D36/><U105/><E4/><V113/><F113/><W44/><G109/><T75/><D107/><U89/><E89/><V63/><F63/><W22/><G131/><T52/><D75/><U86/><E86/><V24/><F100/><W110/><G110/><T133/><D53/><U120/><E1/><V82/><REACH who="2" step="1"/><F29/><REACH who="2" ten="376,157,351,106" step="2"/><W34/><G101/><T3/><D135/><U80/><E120/><V56/><F56/><W61/><G58/><T77/><D133/><U6/><E71/><V32/><F32/><W125/><G61/><T103/><REACH who="0" step="1"/><D79/><AGARI ba="3,1" hai="8,10,24,28,35,42,47,50,65,66,67,79,82,85" machi="79" ten="40,3900,0" yaku="1,1,52,1,53,0" doraHai="39" doraHaiUra="84" who="2" fromWho="0" sc="376,-48,157,0,351,58,106,0" /><INIT seed="2,4,0,2,4,12" ten="328,157,409,106" oya="2" hai0="18,100,78,30,131,9,121,98,42,128,49,46,67" hai1="60,96,114,135,11,3,132,48,32,1,111,129,125" hai2="90,80,59,15,52,27,85,57,31,112,44,123,62" hai3="106,28,29,133,21,70,69,75,103,65,117,124,26"/><V119/><F112/><W108/><G75/><T130/><D121/><U2/><E114/><V109/><F119/><W83/><G117/><T101/><D30/><U116/><E116/><V68/><F123/><W113/><G108/><T126/><D126/><U54/><E32/><V25/><F109/><W55/><G113/><T105/><D78/><U88/><E111/><V97/><F68/><W76/><G124/><T92/><D67/><U93/><E125/><V110/><F110/><W50/><G65/><T115/><D115/><U35/><E35/><V99/><F59/><W122/><G133/><N who="1" m="51274" /><E60/><V118/><F118/><W40/><G40/><T82/><D82/><U6/><E129/><V87/><F87/><W74/><G29/><T24/><D101/><U91/><E91/><V14/><F44/><AGARI ba="4,0" hai="1,2,3,6,11,44,48,54,88,93,96" m="51274" machi="44" ten="30,2000,0" yaku="20,1,54,1" doraHai="12" who="1" fromWho="2" sc="328,0,157,32,409,-32,106,0" /><INIT seed="3,0,0,1,3,102" ten="328,189,377,106" oya="3" hai0="12,65,60,96,2,26,67,37,11,109,18,117,9" hai1="25,7,41,71,126,135,127,46,87,112,120,63,89" hai2="94,108,64,14,5,115,56,0,30,78,28,72,129" hai3="23,106,132,42,103,21,40,20,33,111,36,114,17"/><W128/><G33/><T92/><D37/><U113/><E120/><V34/><F0/><W3/><G3/><T86/><D109/><U124/><E135/><V59/><F108/><W99/><G114/><T85/><D117/><U29/><E7/><V105/><F72/><W54/><G111/><T80/><D26/><U1/><E1/><V69/><F78/><W110/><G110/><T123/><D123/><U73/><E73/><V95/><F69/><W83/><G132/><T8/><D2/><U13/><E13/><V97/><F64/><N who="0" m="24650" /><D60/><U55/><E71/><V133/><F14/><W15/><G128/><T100/><D86/><U57/><E89/><AGARI ba="0,0" hai="8,9,11,12,18,80,85,89,92,96,100" m="24650" machi="89" ten="30,1000,0" yaku="8,1" doraHai="102" who="0" fromWho="1" sc="328,10,189,-10,377,0,106,0" /><INIT seed="4,0,0,2,5,117" ten="338,179,377,106" oya="0" hai0="41,21,57,121,24,118,123,82,89,88,84,31,11" hai1="90,2,8,135,73,1,77,131,39,59,15,35,132" hai2="19,40,108,18,79,6,49,80,38,3,70,12,96" hai3="32,58,51,126,13,99,134,22,9,102,0,23,27"/><T16/><D118/><U93/><E39/><V63/><F108/><W68/><G68/><T75/><D41/><U36/><E36/><V44/><F96/><W91/><G0/><T47/><D47/><U65/><E35/><V69/><F63/><W10/><G134/><N who="1" m="51242" /><E131/><V101/><F101/><W37/><G37/><T104/><D104/><U52/><E65/><V14/><F18/><W98/><G126/><T45/><D45/><U54/><E77/><V42/><F42/><W106/><G32/><T115/><D115/><U46/><E46/><V74/><F49/><W56/><G23/><T5/><D75/><U34/><E34/><V4/><F4/><W67/><G67/><T30/><D57/><U71/><E71/><N who="2" m="27147" /><F19/><W81/><G51/><T133/><D133/><U120/><E120/><V72/><F74/><W60/><G60/><T94/><D123/><U87/><E73/><V62/><F62/><W53/><G58/><T25/><D25/><U127/><E127/><V129/><F129/><W7/><G56/><T103/><D103/><U105/><E105/><V20/><F20/><W100/><G53/><N who="1" m="20586" /><E59/><V130/><F130/><W86/><G9/><AGARI ba="0,0" hai="3,6,9,12,14,38,40,44,72,79,80" m="27147" machi="9" ten="30,1000,0" yaku="25,1" doraHai="117" who="2" fromWho="3" sc="338,0,179,0,377,10,106,-10" /><INIT seed="5,0,0,4,3,88" ten="338,179,387,96" oya="1" hai0="38,120,113,0,65,36,4,42,89,110,77,135,40" hai1="2,24,50,48,70,115,117,26,53,126,112,33,15" hai2="29,27,43,5,46,79,133,93,3,11,31,129,78" hai3="12,111,86,8,104,58,91,28,85,106,134,95,116"/><U119/><E2/><V66/><F133/><W9/><G111/><T125/><D110/><U16/><E70/><V101/><F129/><W62/><G134/><T127/><D135/><U30/><E50/><V60/><F31/><W68/><G68/><T109/><D109/><U96/><E96/><V87/><F87/><W97/><G116/><T123/><D65/><U32/><E126/><V82/><F82/><W54/><G28/><T71/><D71/><U37/><E37/><V56/><F101/><W114/><G8/><T14/><D0/><U122/><E122/><V17/><F17/><W124/><G114/><N who="1" m="43562" /><E26/><V49/><F93/><W108/><G124/><T118/><D113/><U81/><E81/><V102/><F102/><W74/><G74/><T100/><D120/><U72/><E72/><V13/><F3/><W107/><REACH who="3" step="1"/><G108/><REACH who="3" ten="338,179,387,86" step="2"/><T25/><D125/><U10/><E33/><AGARI ba="0,1" hai="5,11,13,27,29,33,43,46,49,56,60,66,78,79" machi="33" ten="30,1000,0" yaku="7,1" doraHai="88" who="2" fromWho="1" sc="338,0,179,-10,387,20,86,0" /><INIT seed="6,0,0,3,5,61" ten="338,169,407,86" oya="2" hai0="131,110,65,98,19,23,1,33,39,45,38,63,75" hai1="121,2,81,73,56,117,109,86,28,44,130,122,119" hai2="132,93,83,11,32,128,71,100,115,101,24,112,25" hai3="29,97,94,10,17,133,64,78,22,53,42,79,69"/><V116/><F116/><W50/><G133/><T127/><D110/><U76/><E109/><V27/><F132/><W47/><G29/><T95/><D33/><U74/><E2/><V84/><F71/><W113/><G10/><T20/><D1/><U85/><E28/><V5/><F128/><W134/><G134/><T54/><D75/><N who="1" m="28683" /><E56/><V41/><F41/><W0/><G0/><T68/><D127/><U125/><E44/><V70/><F70/><W31/><G31/><T92/><D131/><U8/><E8/><V59/><F59/><W15/><G113/><N who="2" m="43593" /><F93/><W77/><G42/><T35/><D95/><U87/><E125/><V13/><F32/><W37/><G37/><T123/><D35/><U111/><E111/><V104/><F104/><W14/><G14/><T3/><D3/><U55/><E130/><V46/><F46/><W18/><G18/><T40/><D123/><N who="1" m="47115" /><E55/><V4/><F5/><W124/><G124/><T6/><D6/><U7/><E7/><V96/><F96/><W135/><G135/><T34/><D34/><U102/><E119/><V91/><AGARI ba="0,0" hai="4,11,13,24,25,27,83,84,91,100,101" m="43593" machi="91" ten="30,1500,0" yaku="15,1" doraHai="61" who="2" fromWho="2" sc="338,-5,169,-5,407,15,86,-5" /><INIT seed="6,1,0,0,3,86" ten="333,164,422,81" oya="2" hai0="23,38,39,105,92,55,72,104,30,103,36,102,6" hai1="48,71,49,14,7,42,111,9,87,32,118,65,22" hai2="83,106,27,90,135,125,120,10,75,98,41,107,58" hai3="12,56,113,80,20,21,121,19,127,88,18,112,47"/><V130/><F120/><W37/><G121/><T1/><D72/><U116/><E111/><V108/><F108/><W61/><G127/><T97/><D1/><U3/><E32/><V132/><F41/><W95/><G80/><T34/><D34/><U133/><E133/><N who="2" m="51275" /><F58/><W54/><G47/><T50/><D6/><U66/><E87/><N who="2" m="50559" /><F27/><W62/><G61/><T2/><D2/><U35/><E3/><V81/><F10/><W117/><G37/><T76/><D30/><U52/><E42/><V43/><F43/><W101/><G101/><T26/><D103/><U28/><E71/><V68/><F68/><W8/><G117/><T122/><D122/><U115/><E9/><V79/><F125/><W131/><G131/><T0/><D76/><U126/><E126/><V33/><F33/><W123/><G123/><T45/><REACH who="0" step="1"/><D0/><REACH who="0" ten="323,164,422,81" step="2"/><U53/><E35/><V96/><F130/><W109/><G109/><T46/><D46/><U24/><E118/><V93/><F107/><W70/><G70/><T59/><D59/><U124/><E116/><V13/><F106/><W17/><G113/><T16/><AGARI ba="1,1" hai="16,23,26,36,38,39,45,50,55,92,97,102,104,105" machi="16" ten="30,12000,2" yaku="1,1,0,1,54,1,53,3" doraHai="86" doraHaiUra="69" who="0" fromWho="0" sc="323,133,164,-31,422,-61,81,-31" /><INIT seed="7,0,0,0,2,8" ten="456,133,361,50" oya="3" hai0="69,105,30,5,85,68,42,52,1,50,19,72,101" hai1="93,35,97,115,88,21,53,116,11,130,34,37,92" hai2="20,38,32,58,48,86,102,59,7,80,99,104,46" hai3="43,0,47,23,84,66,63,119,106,3,100,60,57"/><W73/><G73/><T133/><D72/><U4/><E37/><V89/><F32/><W70/><G119/><T91/><D42/><U29/><E116/><V82/><F38/><W12/><G84/><T113/><D30/><U36/><E36/><V83/><F7/><W27/><G12/><T112/><D19/><U122/><E122/><V110/><F110/><W65/><G100/><T6/><D133/><U134/><E134/><V33/><F33/><W39/><REACH who="3" step="1"/><G106/><REACH who="3" ten="456,133,361,40" step="2"/><T25/><D101/><U127/><E130/><V41/><F104/><W17/><AGARI ba="0,1" hai="0,3,17,23,27,39,43,47,57,60,63,65,66,70" machi="17" ten="20,7800,0" yaku="1,1,2,1,0,1,7,1,53,0" doraHai="8" doraHaiUra="109" who="3" fromWho="3" sc="456,-26,133,-26,361,-26,40,88" /><INIT seed="7,1,0,2,5,108" ten="430,107,335,128" oya="3" hai0="44,103,42,60,23,87,79,4,84,19,22,41,21" hai1="110,68,54,31,6,58,40,126,3,81,104,5,124" hai2="105,70,7,50,38,57,36,65,86,90,20,34,76" hai3="97,102,73,52,10,98,29,132,107,114,115,82,127"/><W62/><G29/><T35/><D35/><U112/><E110/><V118/><F34/><W125/><G132/><T1/><D1/><U48/><E104/><V101/><F118/><W120/><G120/><T11/><D103/><U32/><E68/><V8/><F70/><W63/><G10/><T12/><D4/><N who="1" m="1643" /><E3/><V96/><F76/><N who="3" m="44303" /><G98/><T121/><D121/><U89/><E40/><N who="0" m="15465" /><D79/><U24/><E89/><V26/><F8/><W51/><G63/><T28/><D44/><U133/><E81/><V16/><F7/><W9/><G62/><T111/><D111/><U59/><E59/><V117/><F117/><W85/><G85/><N who="0" m="32843" /><D60/><U75/><E75/><V46/><F38/><W123/><G123/><T116/><D116/><U39/><E39/><V25/><F36/><W135/><G135/><T77/><D77/><U15/><E133/><V56/><F65/><W2/><G2/><T61/><D61/><U55/><E55/><V88/><F90/><W37/><G37/><T99/><D99/><U95/><E95/><V92/><REACH who="2" step="1"/><F26/><AGARI ba="1,0" hai="11,12,19,21,22,23,26,28" m="32843,15465" machi="26" ten="30,1000,0" yaku="8,1" doraHai="108" who="0" fromWho="2" sc="430,13,107,0,335,-13,128,0" owari="443,54.0,107,-39.0,322,12.0,128,-27.0" /></mjloggm>