<mjloggm ver="2.3"><GO type="169" lobby="0"/><UN n0="%E7%B4%B3%E5%A3%AB%E3%81%AE%E5%97%9C%E3%81%BF%E3%81%9F%E3%81%84%E3%82%80" n1="%6E%6F%70%70%6F%73%61%6E" n2="%E5%B0%B1%E6%B4%BB%E7%94%9F%40%E5%B7%9D%E6%9D%91%E8%BB%8D%E5%9B%A3" n3="%E3%83%94%E3%82%AB%E5%90%BE%E9%83%8E" dan="16,16,19,18" rate="2152.13,2144.78,2330.08,2244.96" sx="M,M,M,M"/><TAIKYOKU oya="0"/><INIT seed="0,0,0,0,2,80" ten="250,250,250,250" oya="0" hai0="27,45,43,36,54,126,70,75,47,88,44,32,85" hai1="84,127,56,133,9,2,28,26,83,19,50,99,67" hai2="129,4,18,74,109,78,3,125,134,30,8,15,51" hai3="12,69,37,90,23,57,1,112,114,104,103,59,62"/><T118/><D75/><U0/><E127/><V66/><F74/><W115/><G1/><T91/><D126/><U94/><E133/><V108/><F78/><W95/><G37/><T107/><D118/><U55/><E67/><V113/><F66/><W89/><G104/><T60/><D107/><U131/><E19/><V29/><F125/><W11/><G23/><T73/><D73/><U39/><E39/><V130/><F51/><W120/><G120/><T98/><D70/><U72/><E9/><N who="2" m="6511" /><F113/><W79/><G79/><T117/><D117/><U100/><E131/><N who="2" m="50187" /><F134/><W123/><G123/><T58/><D98/><U38/><E38/><V124/><F124/><W33/><G69/><T71/><D71/><U46/><E46/><V81/><F81/><W121/><G59/><T61/><D61/><U21/><REACH who="1" step="1"/><E72/><REACH who="1" ten="250,240,250,250" step="2"/><V135/><F135/><W97/><G121/><T35/><D36/><U110/><E110/><AGARI ba="0,1" hai="3,4,8,29,30,108,109,110" m="50187,6511" machi="110" ten="30,7700,0" yaku="14,1,19,1,34,2" doraHai="80" who="2" fromWho="1" sc="250,0,240,-77,250,87,250,0" /><INIT seed="1,0,0,0,0,30" ten="250,163,337,250" oya="1" hai0="36,78,105,12,2,13,56,117,67,43,25,59,133" hai1="27,91,21,61,16,70,33,96,7,92,52,8,66" hai2="6,81,98,83,119,68,128,100,108,127,99,130,114" hai3="110,135,62,41,37,4,24,39,42,29,11,51,124"/><U10/><E33/><V97/><F68/><W90/><G110/><T86/><D105/><U72/><E72/><V126/><F6/><W74/><G74/><T95/><D2/><U106/><E106/><V93/><F119/><W60/><G124/><N who="2" m="47657" /><F108/><W112/><G112/><T38/><D117/><U48/><REACH who="1" step="1"/><E7/><REACH who="1" ten="250,153,337,250" step="2"/><V45/><F114/><W102/><G4/><T132/><D132/><U131/><E131/><N who="2" m="50219" /><F45/><AGARI ba="0,1" hai="8,10,16,21,27,45,48,52,61,66,70,91,92,96" machi="45" ten="30,12000,1" yaku="1,1,7,1,54,2,53,1" doraHai="30" doraHaiUra="94" who="1" fromWho="2" sc="250,0,153,130,337,-120,250,0" /><INIT seed="1,1,0,3,5,57" ten="250,283,217,250" oya="1" hai0="76,27,109,120,96,13,32,103,89,56,110,79,64" hai1="60,81,37,77,48,95,26,45,68,42,49,31,108" hai2="87,75,34,128,100,29,8,10,88,106,86,33,55" hai3="5,122,83,72,105,114,125,113,67,3,121,11,43"/><U134/><E134/><V123/><F75/><W124/><G105/><T58/><D120/><N who="3" m="46185" /><G67/><T127/><D127/><N who="3" m="48713" /><G43/><T97/><D13/><U51/><E95/><V91/><F123/><W99/><G99/><T2/><D2/><U71/><E108/><N who="0" m="41577" /><D89/><U46/><E46/><V129/><F55/><W112/><G83/><T116/><D116/><U39/><E39/><V74/><F74/><AGARI ba="1,0" hai="3,5,11,72,74,112,113,114" m="48713,46185" machi="74" ten="40,2600,0" yaku="18,1,23,1" doraHai="57" who="3" fromWho="2" sc="250,0,283,0,217,-29,250,29" /><INIT seed="2,0,0,0,1,92" ten="250,283,188,279" oya="2" hai0="87,38,53,70,47,5,125,133,17,49,54,85,1" hai1="57,79,117,98,78,43,130,66,15,34,128,40,58" hai2="23,118,111,101,56,30,60,69,109,115,82,127,59" hai3="21,62,44,116,80,124,64,46,63,33,27,112,22"/><V123/><F123/><W71/><G116/><T110/><D70/><U83/><E34/><V32/><F32/><W122/><G122/><T86/><D125/><U20/><E20/><V126/><F118/><W25/><G33/><T93/><D38/><U103/><E15/><V108/><F115/><W120/><G120/><T41/><D133/><U96/><E103/><V113/><F113/><W65/><G112/><T26/><D110/><U114/><E114/><V131/><F131/><W84/><G124/><N who="2" m="47657" /><F82/><W37/><G37/><T77/><D1/><U7/><E117/><V12/><F101/><W95/><G95/><T94/><D5/><U51/><E7/><V18/><F30/><W76/><G22/><N who="0" m="13647" /><D77/><U50/><E66/><AGARI ba="0,0" hai="12,18,23,56,59,60,66,69,108,109,111" m="47657" machi="66" ten="40,7700,0" yaku="14,1,10,1,18,1" doraHai="92" who="2" fromWho="1" sc="250,0,283,-77,188,77,279,0" /><INIT seed="2,1,0,0,3,126" ten="250,206,265,279" oya="2" hai0="95,10,7,25,128,48,1,56,63,38,15,61,41" hai1="52,46,92,3,113,49,109,30,29,58,86,78,103" hai2="102,71,127,134,50,4,9,101,116,0,119,93,59" hai3="83,107,80,5,35,17,60,98,51,62,21,88,99"/><V22/><F71/><W67/><G35/><T55/><D38/><U20/><E3/><V66/><F127/><W36/><G36/><T91/><D1/><U82/><E109/><V23/><F134/><W70/><G5/><T124/><D124/><U12/><E113/><V90/><F23/><W11/><G11/><T123/><D123/><U32/><E32/><V54/><F66/><W39/><G39/><T13/><D25/><U65/><E103/><V130/><F130/><W132/><G132/><T28/><D28/><U121/><E92/><V85/><REACH who="2" step="1"/><F22/><REACH who="2" ten="250,206,255,279" step="2"/><W42/><G70/><T2/><D128/><U77/><E121/><V118/><AGARI ba="1,1" hai="0,4,9,50,54,59,85,90,93,101,102,116,118,119" machi="118" ten="30,6000,0" yaku="1,1,2,1,0,1,53,0" doraHai="126" doraHaiUra="24" who="2" fromWho="2" sc="250,-21,206,-21,255,73,279,-21" /><INIT seed="2,2,0,2,4,96" ten="229,185,328,258" oya="2" hai0="90,46,83,73,51,121,68,120,79,3,23,56,20" hai1="86,5,118,127,123,97,116,30,58,100,98,28,94" hai2="36,111,80,85,50,53,109,41,65,95,48,34,87" hai3="19,92,32,10,67,82,99,105,38,70,17,132,126"/><V15/><F34/><W12/><G38/><T33/><D68/><U88/><E5/><V60/><F36/><W101/><G32/><T108/><D3/><U72/><E72/><V13/><F41/><W9/><G132/><T110/><D56/><U26/><E127/><V134/><F134/><W37/><G37/><T14/><D90/><U0/><E0/><V55/><F95/><W39/><G39/><T77/><D77/><U16/><E97/><V54/><F65/><W131/><G126/><T11/><D33/><U81/><E123/><V78/><F60/><W74/><G131/><T59/><D59/><U1/><E1/><V4/><F87/><W93/><G74/><T69/><D69/><U63/><E116/><V61/><F61/><W114/><G82/><T133/><D133/><U75/><E75/><V103/><F103/><W89/><G114/><T76/><D121/><U21/><E118/><V117/><F117/><W129/><G129/><T119/><D119/><U84/><E84/><V57/><F4/><W47/><G47/><T112/><D120/><U107/><E107/><V22/><F22/><W115/><G115/><T135/><D112/><U62/><E62/><V8/><F8/><W18/><G70/><T6/><D135/><U66/><AGARI ba="2,0" hai="16,21,26,28,30,58,63,66,81,86,88,94,98,100" machi="66" ten="20,12000,2" yaku="0,1,7,1,8,1,52,1,54,2" doraHai="96" who="1" fromWho="1" sc="229,-32,185,126,328,-62,258,-32" /><INIT seed="3,0,0,1,1,55" ten="197,311,266,226" oya="3" hai0="28,41,49,126,18,130,134,81,80,26,76,52,35" hai1="119,112,66,95,107,8,40,16,135,123,86,24,93" hai2="46,12,0,45,57,64,73,21,2,104,84,39,96" hai3="54,91,15,33,83,31,14,129,101,42,110,63,11"/><W29/><G33/><T70/><D70/><U105/><E112/><V92/><F73/><W17/><G129/><T127/><D130/><U58/><E123/><V34/><F34/><W59/><G42/><T82/><D134/><U47/><E105/><V79/><F104/><W78/><G101/><T23/><D41/><U37/><E107/><V1/><F79/><W125/><G125/><T30/><D76/><U32/><E32/><V22/><F84/><N who="3" m="48247" /><G110/><T19/><D19/><U108/><E86/><V94/><F39/><W71/><G71/><T61/><D61/><U48/><E135/><V88/><F92/><W25/><G25/><T50/><D50/><N who="1" m="26983" /><E119/><V114/><F114/><W7/><G91/><T98/><D98/><U89/><E89/><V106/><F106/><W5/><G5/><T122/><D122/><U117/><E37/><V67/><F67/><W118/><G118/><T77/><D77/><U116/><E108/><V124/><F124/><N who="0" m="47658" /><D35/><U90/><E116/><V6/><F6/><W109/><G109/><T102/><D102/><U120/><E120/><V68/><F68/><W113/><G113/><T100/><D100/><U132/><E132/><V111/><F111/><W44/><G29/><T53/><D53/><N who="1" m="32039" /><E90/><V56/><F64/><N who="3" m="39039" /><G31/><T72/><D72/><U13/><E117/><V65/><F65/><W87/><G87/><T3/><D3/><U103/><E66/><V4/><F4/><W97/><G97/><T43/><D43/><U10/><E103/><V60/><F96/><W115/><G115/><T133/><D133/><U20/><E24/><V75/><F88/><RYUUKYOKU ba="0,0" sc="197,15,311,15,266,-15,226,-15" hai0="18,23,26,28,30,49,52,80,81,82" hai1="8,10,13,16,20,93,95" /><INIT seed="4,1,0,4,1,124" ten="212,326,251,211" oya="0" hai0="98,5,61,39,73,4,130,0,91,11,31,10,129" hai1="90,113,114,65,19,110,21,111,30,6,45,55,105" hai2="8,63,83,9,46,3,20,1,134,121,127,36,12" hai3="43,51,62,24,85,22,116,56,106,126,17,103,77"/><T13/><D39/><U118/><E118/><V18/><F36/><W82/><G116/><T14/><D73/><U41/><E105/><V101/><F101/><W67/><G126/><T70/><D31/><U132/><E132/><V52/><F127/><W108/><G108/><T35/><D35/><U119/><E30/><V88/><F134/><W72/><G106/><T50/><D0/><U47/><E55/><V76/><F121/><W100/><G72/><T89/><D50/><U128/><E6/><V37/><F37/><W131/><G131/><N who="0" m="50187" /><D98/><U29/><E29/><V28/><F28/><W74/><G74/><T59/><D70/><U125/><E119/><V15/><F3/><W122/><G122/><T107/><D107/><U27/><E110/><V117/><F1/><W87/><G85/><T102/><D102/><U92/><E111/><V97/><F117/><W26/><G100/><T133/><D133/><U53/><E128/><V115/><F115/><W78/><G103/><T38/><D38/><U135/><E125/><V49/><F97/><W58/><G51/><T86/><D86/><U84/><E113/><V16/><F49/><W54/><G87/><T112/><D112/><U96/><E84/><N who="2" m="50207" /><F46/><W23/><G43/><T64/><AGARI ba="1,0" hai="4,5,10,11,13,14,59,61,64,89,91" m="50187" machi="64" ten="30,11700,0" yaku="19,1,52,3" doraHai="124" who="0" fromWho="0" sc="212,120,326,-40,251,-40,211,-40" /><INIT seed="4,2,0,1,1,48" ten="332,286,211,171" oya="0" hai0="101,69,127,37,109,99,103,63,17,32,121,106,28" hai1="102,7,108,100,36,52,79,117,120,6,39,13,67" hai2="73,74,46,38,58,111,2,96,14,88,107,18,123" hai3="105,24,10,1,112,9,62,98,26,59,125,110,19"/><T15/><D121/><U82/><E108/><V49/><F2/><W133/><G110/><T27/><D109/><U131/><E67/><V44/><F111/><W34/><G112/><T72/><D37/><U47/><E120/><V64/><F123/><W84/><G125/><T21/><D127/><U20/><E117/><V81/><F107/><W11/><G133/><T77/><D103/><N who="1" m="39467" /><E36/><V75/><F38/><W124/><G124/><T97/><D97/><U87/><E131/><V85/><F96/><W5/><G105/><T135/><D135/><U89/><E89/><V31/><F31/><W42/><G42/><T94/><D94/><U70/><E70/><V80/><F81/><W33/><G98/><T8/><D77/><U4/><E39/><V3/><F3/><W66/><G84/><T12/><D72/><U23/><E13/><V90/><F90/><W132/><G132/><T113/><D113/><U53/><E47/><V50/><F64/><W29/><REACH who="3" step="1"/><G19/><REACH who="3" ten="332,286,211,161" step="2"/><T65/><REACH who="0" step="1"/><D15/><REACH who="0" ten="322,286,211,161" step="2"/><U130/><E130/><V114/><F114/><W128/><G128/><T30/><D30/><AGARI ba="2,2" hai="1,5,9,10,11,24,26,29,30,33,34,59,62,66" machi="30" ten="40,2600,0" yaku="1,1,9,1,53,0" doraHai="48" doraHaiUra="86" who="3" fromWho="0" sc="322,-32,286,0,211,0,161,52" /><INIT seed="5,0,0,4,2,45" ten="290,286,211,213" oya="1" hai0="54,108,65,31,13,17,50,103,52,118,16,46,40" hai1="12,5,96,25,70,34,64,8,91,129,87,97,14" hai2="23,56,132,18,38,75,39,69,0,133,58,135,32" hai3="11,29,119,121,84,27,101,3,80,26,109,48,116"/><U124/><E129/><V41/><F32/><W43/><G109/><T94/><D108/><U55/><E124/><V66/><F75/><W61/><G121/><T93/><D118/><N who="3" m="45097" /><G101/><T120/><D120/><U49/><E64/><V125/><F0/><W105/><G105/><T79/><D65/><U114/><E70/><V86/><F125/><W1/><G61/><T115/><D115/><U100/><E114/><V110/><F110/><W22/><G11/><T57/><D31/><U122/><E100/><V112/><F112/><W78/><G27/><T4/><D79/><U104/><E104/><V7/><F7/><W107/><G107/><T62/><D4/><U85/><E25/><V28/><F28/><W130/><G130/><T95/><D103/><U72/><E34/><V24/><F86/><N who="1" m="32777" /><E91/><V47/><F39/><W131/><G131/><T102/><D102/><U37/><E72/><V90/><F90/><W113/><G113/><T126/><D126/><U21/><E37/><V98/><F98/><W44/><AGARI ba="0,0" hai="1,3,22,26,29,43,44,48,78,80,84" m="45097" machi="44" ten="30,2000,0" yaku="12,1,52,1" doraHai="45" who="3" fromWho="3" sc="290,-5,286,-10,211,-5,213,20" /><INIT seed="6,0,0,1,2,38" ten="285,276,206,233" oya="2" hai0="37,79,101,44,65,43,53,85,122,103,66,71,96" hai1="7,6,130,64,30,132,42,102,61,31,110,131,50" hai2="35,93,91,84,111,0,80,62,51,47,16,104,82" hai3="59,29,46,55,45,123,48,115,73,34,36,24,77"/><V113/><F104/><W70/><G123/><T12/><D122/><U135/><E110/><V28/><F0/><W81/><G70/><T22/><D103/><U54/><E102/><V1/><F1/><W89/><G115/><T87/><D79/><U57/><E30/><V100/><F111/><W98/><G36/><T2/><D2/><U41/><E31/><V5/><F5/><W88/><G98/><T119/><D119/><U92/><E92/><V78/><F113/><W94/><G94/><T133/><D133/><N who="1" m="51275" /><E7/><V67/><F28/><W13/><G13/><T125/><D71/><N who="1" m="42383" /><E6/><V60/><F35/><W74/><G73/><T15/><D15/><U118/><E118/><V23/><F100/><W72/><G74/><T19/><D125/><U112/><E112/><V8/><F8/><W121/><G121/><T63/><D85/><U25/><E25/><N who="2" m="14567" /><F67/><W134/><G134/><T17/><D66/><U20/><E20/><V14/><F14/><W27/><G24/><T126/><D65/><U52/><E54/><N who="2" m="30079" /><F80/><W3/><G3/><T117/><D117/><U49/><E50/><V114/><F114/><W128/><G27/><T33/><D33/><U18/><E18/><V21/><F21/><W58/><G29/><T26/><D17/><U95/><E95/><V108/><F108/><W106/><G106/><T68/><D12/><U75/><E75/><V109/><F109/><W99/><G34/><T116/><D116/><U127/><E127/><V124/><F124/><W120/><G72/><T76/><D126/><U56/><E56/><V90/><F93/><W86/><G81/><RYUUKYOKU ba="0,0" sc="285,-15,276,15,206,15,233,-15" hai1="41,42,49,52,57,130,131" hai2="60,62,78,82,84,90,91" /><INIT seed="6,1,0,5,3,57" ten="270,291,221,218" oya="2" hai0="134,31,65,106,44,49,10,40,72,70,63,23,62" hai1="9,82,110,39,21,32,14,130,131,64,121,135,113" hai2="54,6,5,83,7,101,69,125,4,55,56,12,67" hai3="75,76,27,35,15,24,42,51,84,22,26,99,107"/><V41/><F125/><W116/><G75/><T91/><D72/><U19/><E110/><V81/><F69/><W48/><G116/><T92/><D106/><U73/><E39/><V88/><F101/><W87/><G35/><T133/><D10/><U93/><E113/><V2/><F2/><W71/><G71/><T60/><D31/><U52/><E32/><V17/><F41/><W79/><G99/><T105/><D105/><U122/><E64/><V114/><F114/><W3/><G3/><T29/><D29/><U115/><E135/><N who="0" m="51721" /><D23/><U108/><E108/><V96/><N who="2" m="1536" /><DORA hai="127" /><V43/><F43/><W97/><G97/><AGARI ba="1,0" hai="40,44,49,60,62,63,65,70,91,92,97" m="51721" machi="97" ten="30,7700,0" yaku="20,1,52,3" doraHai="57,127" who="0" fromWho="3" sc="270,80,291,0,221,0,218,-80" /><INIT seed="7,0,0,1,0,33" ten="350,291,221,138" oya="3" hai0="51,113,41,94,73,8,28,69,37,86,112,87,132" hai1="92,0,66,102,60,25,46,15,50,100,88,4,72" hai2="24,116,17,76,126,42,98,108,68,11,54,47,99" hai3="6,29,59,57,32,78,67,61,135,20,36,131,70"/><W85/><G36/><T12/><D69/><U119/><E72/><V27/><F68/><W5/><G32/><T81/><D37/><U127/><E127/><V23/><F108/><W82/><G135/><T38/><D38/><U104/><E104/><V123/><F126/><W3/><G131/><T58/><D132/><U71/><E25/><V91/><F116/><W55/><G3/><T134/><D134/><U45/><E15/><V65/><F65/><W133/><G133/><T90/><D28/><U122/><E122/><V44/><F76/><W49/><REACH who="3" step="1"/><G70/><REACH who="3" ten="350,291,221,128" step="2"/><T35/><D35/><U93/><E119/><V128/><F128/><W75/><G75/><T53/><D73/><U22/><E0/><V84/><F123/><W106/><G106/><T39/><D39/><U26/><E71/><V118/><F118/><W63/><G63/><T103/><D112/><U52/><E60/><V7/><F27/><AGARI ba="0,1" hai="5,6,20,27,29,49,55,57,59,61,67,78,82,85" machi="27" ten="40,3900,0" yaku="1,1,8,1,53,0" doraHai="33" doraHaiUra="107" who="3" fromWho="2" sc="350,0,291,0,221,-39,128,49" /><INIT seed="7,1,0,3,5,67" ten="350,291,182,177" oya="3" hai0="17,4,18,98,52,32,20,94,44,112,59,81,70" hai1="50,129,119,74,103,27,42,0,97,135,120,105,3" hai2="14,130,69,131,110,15,83,31,93,54,76,90,48" hai3="23,79,45,30,116,36,68,106,29,5,88,63,82"/><W28/><G106/><T73/><D70/><U22/><E120/><V61/><F31/><W57/><G68/><T11/><D32/><U64/><E129/><N who="2" m="49163" /><F61/><W89/><G116/><T115/><D44/><U41/><E135/><V117/><F69/><W91/><G5/><T21/><D81/><U92/><E74/><N who="2" m="43415" /><F110/><W24/><G45/><T108/><D73/><U10/><E64/><V126/><F126/><W132/><G36/><T25/><D108/><U8/><E50/><V85/><F117/><W1/><G1/><T51/><D11/><U33/><E33/><V66/><F66/><N who="3" m="39279" /><G132/><T86/><D4/><U47/><E47/><AGARI ba="1,0" hai="14,15,47,48,54,85,90,93" m="43415,49163" machi="47" ten="30,1000,0" yaku="19,1" doraHai="67" who="2" fromWho="1" sc="350,0,291,-13,182,13,177,0" owari="350,44.0,278,8.0,195,-20.0,177,-32.0" /></mjloggm>