<mjloggm ver="2.3"><GO type="169" lobby="0"/><UN n0="%E6%99%B4%E3%82%8C%E3%81%AE%E3%81%A1%E6%A1%9C" n1="%E6%A4%8B%E5%A4%A7%E6%A8%B9" n2="%E3%82%A6%E3%83%AB%E3%83%88%E3%83%A9%E7%AB%8B%E7%9B%B4" n3="%41%6B%6B%69%79" dan="16,17,18,16" rate="2129.58,2173.71,2205.06,2107.08" sx="M,M,M,M"/><TAIKYOKU oya="0"/><INIT seed="0,0,0,4,3,16" ten="250,250,250,250" oya="0" hai0="26,106,121,11,87,81,20,104,15,96,111,65,17" hai1="25,95,114,7,68,102,41,88,84,1,101,24,82" hai2="97,36,105,129,118,110,130,134,59,35,112,45,126" hai3="55,89,131,48,12,94,78,93,28,66,31,49,127"/><T6/><D121/><U72/><E68/><V32/><F59/><W133/><G127/><T107/><D65/><U98/><E114/><V10/><F10/><W21/><G133/><T108/><REACH who="0" step="1"/><D96/><REACH who="0" ten="240,250,250,250" step="2"/><U62/><E98/><V85/><F97/><W52/><G66/><T4/><D4/><U60/><E7/><V8/><F134/><W135/><G135/><T23/><D23/><U13/><E102/><V30/><F126/><W103/><G131/><T34/><D34/><U75/><E101/><V0/><F35/><W57/><G103/><T73/><D73/><U44/><E75/><V79/><F32/><W100/><G100/><T47/><D47/><U38/><E72/><V5/><F45/><W119/><G119/><T109/><D109/><U63/><E44/><V29/><F110/><W83/><G21/><T99/><D99/><U9/><E84/><V14/><F118/><W91/><G12/><T92/><D92/><U39/><E95/><V115/><F14/><W42/><G83/><T80/><D80/><U51/><E13/><V124/><F124/><W64/><G64/><T90/><AGARI ba="0,1" hai="6,11,15,17,20,26,81,87,90,104,106,107,108,111" machi="90" ten="40,7800,0" yaku="1,1,0,1,52,1,53,0" doraHai="16" doraHaiUra="33" who="0" fromWho="0" sc="240,88,250,-26,250,-26,250,-26" /><INIT seed="0,1,0,1,0,6" ten="328,224,224,224" oya="0" hai0="79,12,84,11,111,74,90,86,3,98,44,88,99" hai1="7,64,103,38,82,112,57,55,56,24,13,65,96" hai2="52,46,130,115,63,10,58,78,60,77,94,131,14" hai3="121,122,19,114,124,95,26,41,25,126,100,47,113"/><T21/><D3/><U16/><E38/><V23/><F115/><N who="3" m="44043" /><G95/><N who="0" m="54679" /><D74/><U29/><E7/><V2/><F2/><W9/><G100/><T134/><D134/><U18/><E18/><V117/><F117/><W73/><G73/><T83/><D111/><U80/><E64/><V61/><F94/><W104/><G104/><T42/><D21/><U28/><E65/><V87/><F46/><W135/><G47/><T43/><D90/><U89/><E29/><V48/><F23/><W91/><G91/><T92/><D92/><U27/><E27/><N who="3" m="10250" /><G41/><N who="0" m="15371" /><D44/><U129/><E89/><V70/><F70/><W108/><G108/><T36/><D36/><U17/><E112/><V106/><F106/><W123/><G135/><T5/><AGARI ba="1,0" hai="5,11,12,79,83,84,98,99" m="15371,54679" machi="5" ten="30,6000,0" yaku="8,1,52,1,54,1" doraHai="6" who="0" fromWho="0" sc="328,63,224,-21,224,-21,224,-21" /><INIT seed="0,2,0,0,1,55" ten="391,203,203,203" oya="0" hai0="51,18,71,114,54,116,127,95,58,73,83,86,131" hai1="125,105,118,133,91,40,124,31,4,19,30,107,104" hai2="22,26,72,66,81,96,85,99,128,33,78,97,5" hai3="8,65,1,14,56,32,113,20,123,119,48,89,62"/><T9/><D116/><U52/><E118/><V47/><F128/><W117/><G32/><T44/><D114/><U94/><E133/><V130/><F130/><W93/><G113/><T21/><D131/><U2/><E40/><V126/><F126/><W111/><G111/><T0/><D71/><U103/><E103/><V82/><F33/><W88/><G123/><T29/><D127/><U12/><E4/><V42/><F66/><W70/><G1/><T110/><D73/><U7/><E7/><V75/><F5/><W101/><G101/><T25/><D0/><U37/><E37/><V129/><F82/><W112/><G112/><T132/><D132/><U69/><E69/><V13/><F13/><W61/><G89/><N who="0" m="51423" /><D110/><U80/><E80/><V90/><F78/><W120/><G48/><T76/><D76/><U57/><E2/><V45/><F129/><W134/><G20/><T10/><D95/><U49/><E125/><V84/><F84/><W6/><G134/><T122/><D122/><U16/><E19/><V115/><F115/><W98/><REACH who="3" step="1"/><G120/><REACH who="3" ten="391,203,203,193" step="2"/><T67/><D29/><U64/><E124/><V60/><F90/><W50/><G50/><T63/><AGARI ba="2,1" hai="9,10,18,21,25,44,51,54,58,63,67" m="51423" machi="63" ten="30,3000,0" yaku="8,1,52,1" doraHai="55" who="0" fromWho="0" sc="391,46,203,-12,203,-12,193,-12" /><INIT seed="0,3,0,3,3,76" ten="437,191,191,181" oya="0" hai0="56,24,44,77,51,74,128,7,88,66,109,15,119" hai1="17,120,38,14,82,10,22,83,125,132,84,110,28" hai2="12,4,90,68,0,89,21,71,45,80,113,96,60" hai3="34,53,13,19,23,54,1,130,94,98,93,29,55"/><T100/><D119/><U134/><E120/><V78/><F113/><W99/><G130/><T97/><D128/><U102/><E110/><V25/><F0/><W32/><G1/><T3/><D3/><U111/><E111/><V114/><F114/><W30/><G34/><T127/><D109/><U63/><E125/><V101/><F45/><W135/><G135/><N who="1" m="51754" /><E38/><V124/><F124/><W16/><G19/><T33/><D127/><U79/><E84/><V73/><F12/><W59/><G32/><T106/><D66/><U116/><E79/><V27/><F4/><W86/><G86/><T9/><D56/><U2/><E116/><V133/><F133/><W6/><G6/><T48/><D88/><U129/><E129/><V107/><F27/><W75/><G75/><T104/><D104/><U62/><E102/><V87/><F60/><N who="1" m="23081" /><E28/><V39/><F39/><W118/><G59/><T47/><D47/><U57/><E57/><V61/><F61/><W64/><G64/><T91/><D44/><U69/><E69/><V81/><REACH who="2" step="1"/><F90/><REACH who="2" ten="437,191,181,181" step="2"/><N who="3" m="55607" /><G118/><T52/><D91/><AGARI ba="3,1" hai="13,16,23,29,30,53,54,55,91,94,99" m="55607" machi="91" ten="30,2000,0" yaku="8,1,54,1" doraHai="76" who="3" fromWho="0" sc="437,-29,191,0,181,0,181,39" /><INIT seed="1,0,0,4,2,19" ten="408,191,181,220" oya="1" hai0="35,57,44,131,27,64,1,33,16,76,15,48,90" hai1="26,115,8,70,79,5,30,100,83,77,118,38,112" hai2="0,96,24,123,62,85,109,66,133,31,74,11,25" hai3="18,7,94,42,110,29,37,113,55,39,102,86,69"/><U105/><E118/><V129/><F74/><W10/><G69/><T65/><D1/><U104/><E38/><V51/><F123/><W116/><G110/><T20/><D131/><U73/><E70/><V89/><F109/><W34/><G113/><T114/><D114/><U99/><E79/><V119/><F119/><W117/><G39/><T3/><D3/><U4/><E105/><V53/><F133/><W58/><G42/><T6/><D76/><U12/><REACH who="1" step="1"/><E4/><REACH who="1" ten="408,181,181,220" step="2"/><V124/><F129/><W108/><G37/><T130/><D6/><U84/><E84/><V9/><F85/><W103/><G108/><T28/><D130/><U106/><E106/><V122/><F122/><W47/><G86/><T126/><D126/><U32/><AGARI ba="0,1" hai="5,8,12,26,30,32,73,77,83,99,100,104,112,115" machi="32" ten="20,7800,0" yaku="1,1,0,1,7,1,53,1" doraHai="19" doraHaiUra="21" who="1" fromWho="1" sc="408,-26,181,88,181,-26,220,-26" /><INIT seed="1,1,0,0,2,17" ten="382,269,155,194" oya="1" hai0="10,81,3,38,133,135,46,128,37,105,22,62,70" hai1="77,68,15,74,127,87,8,85,118,48,109,100,13" hai2="50,33,69,32,110,21,35,93,96,80,5,101,108" hai3="30,24,6,134,104,94,75,49,89,28,117,92,102"/><U63/><E118/><V20/><F69/><W25/><G75/><T122/><D105/><U66/><E127/><V103/><F5/><W64/><G104/><T7/><D128/><U1/><E1/><V88/><F50/><W26/><G64/><N who="0" m="41239" /><D122/><U83/><E109/><N who="2" m="42091" /><F80/><W73/><G134/><N who="0" m="51211" /><D22/><AGARI ba="1,0" hai="20,21,22,32,33,35,88,93,96,101,103" m="42091" machi="22" ten="40,8000,1" yaku="14,1,52,3,54,1" doraHai="17" who="2" fromWho="0" sc="382,-83,269,0,155,83,194,0" /><INIT seed="2,0,0,5,5,47" ten="299,269,238,194" oya="2" hai0="57,130,77,13,120,49,74,7,28,113,70,44,92" hai1="41,88,10,127,56,81,24,135,134,69,12,87,67" hai2="37,9,80,58,109,31,126,121,61,59,21,100,8" hai3="105,3,101,4,103,54,23,93,14,111,99,27,79"/><V42/><F121/><W108/><G3/><T75/><D120/><U40/><E127/><V52/><F126/><W20/><G79/><T129/><D70/><U83/><E69/><V97/><F109/><W123/><G123/><T110/><D110/><U39/><E39/><V15/><F37/><W122/><G122/><T125/><D113/><U26/><E83/><V25/><F42/><W118/><G118/><T35/><D125/><U96/><E96/><V106/><F80/><W76/><G76/><T98/><D57/><U133/><E56/><V53/><REACH who="2" step="1"/><F15/><REACH who="2" ten="299,269,228,194" step="2"/><W64/><G108/><T78/><D13/><U82/><E41/><V17/><F17/><W107/><G111/><T71/><D130/><U32/><E40/><V22/><F22/><W62/><G23/><T50/><D129/><U90/><E32/><V95/><F95/><W60/><G14/><T73/><D35/><U86/><E67/><V128/><F128/><W132/><G4/><AGARI ba="0,1" hai="4,10,12,24,26,81,82,86,87,88,90,133,134,135" machi="4" ten="40,5200,0" yaku="9,1,20,1,54,1" doraHai="47" who="1" fromWho="3" sc="299,0,269,62,228,0,194,-52" /><INIT seed="3,0,0,5,2,104" ten="299,331,228,142" oya="3" hai0="101,109,71,19,85,7,119,18,33,80,4,0,22" hai1="26,24,74,116,91,23,100,77,43,28,58,81,48" hai2="107,83,50,44,67,117,120,75,86,3,88,73,34" hai3="72,55,129,36,1,13,45,39,53,95,97,29,64"/><W42/><G1/><T17/><D71/><U78/><E116/><V6/><F117/><W134/><G134/><T89/><D119/><U40/><E100/><V92/><F107/><W32/><G39/><T68/><D68/><U132/><E132/><V135/><F135/><W94/><G64/><T93/><D33/><U114/><E114/><V46/><F34/><W102/><G129/><T65/><D109/><U35/><E91/><V125/><F67/><W112/><G72/><T59/><D22/><U47/><E58/><V38/><F125/><W2/><G2/><T54/><D0/><U96/><E96/><V103/><F120/><W62/><G62/><N who="0" m="36215" /><D65/><U111/><E77/><V84/><F6/><N who="0" m="2090" /><D101/><U69/><E111/><V14/><F14/><W49/><G112/><T31/><D31/><U16/><E69/><V105/><F3/><W128/><G128/><T113/><D113/><U118/><E118/><V15/><F15/><W56/><G13/><T27/><D27/><U76/><E76/><V37/><F105/><W25/><REACH who="3" step="1"/><G55/><AGARI ba="0,0" hai="16,23,24,26,28,35,40,43,47,48,55,74,78,81" machi="55" ten="30,3900,0" yaku="7,1,52,1,54,1" doraHai="104" who="1" fromWho="3" sc="299,0,331,39,228,0,142,-39" /><INIT seed="4,0,0,4,2,35" ten="299,370,228,103" oya="0" hai0="94,39,87,57,2,70,119,42,132,58,48,124,100" hai1="51,133,47,14,135,71,118,37,129,56,127,98,28" hai2="3,126,99,38,0,63,74,27,55,21,22,114,36" hai3="122,20,69,52,61,112,25,5,30,115,113,68,78"/><T18/><D119/><U83/><E71/><V11/><F74/><W91/><G122/><T131/><D70/><U8/><E37/><V54/><F11/><W34/><G78/><T46/><D2/><U80/><E118/><V89/><F114/><W24/><G5/><T85/><D132/><U66/><E28/><V43/><F43/><W59/><REACH who="3" step="1"/><G91/><REACH who="3" ten="299,370,228,93" step="2"/><T33/><D124/><U96/><E127/><V107/><F89/><W134/><G134/><T84/><D131/><U117/><E129/><V79/><F79/><W9/><G9/><T111/><D111/><U77/><E8/><V104/><F126/><W64/><G64/><T12/><D33/><U65/><E77/><V62/><F99/><W110/><G110/><T26/><D39/><U53/><E98/><V86/><F86/><W75/><G75/><T103/><D87/><U92/><E66/><V31/><F31/><AGARI ba="0,1" hai="20,24,25,30,31,34,52,59,61,68,69,112,113,115" machi="31" ten="40,5200,0" yaku="1,1,15,1,54,1,53,0" doraHai="35" doraHaiUra="82" who="3" fromWho="2" sc="299,0,370,0,228,-52,93,62" /><INIT seed="5,0,0,0,3,123" ten="299,370,176,155" oya="1" hai0="3,66,82,37,68,125,8,69,105,79,21,33,44" hai1="64,5,106,39,70,97,20,4,54,78,14,9,93" hai2="116,110,134,16,2,133,118,102,130,17,59,50,129" hai3="87,11,135,92,15,104,74,36,31,7,73,18,107"/><U96/><E39/><V48/><F102/><W108/><G36/><T81/><D81/><U94/><E106/><V99/><F99/><W103/><G135/><N who="2" m="51721" /><F2/><W56/><G107/><T0/><D105/><U19/><E70/><V61/><F110/><W52/><G108/><T67/><D125/><U65/><E78/><V46/><F16/><W127/><G127/><T53/><D53/><U132/><E132/><V90/><F90/><W12/><G31/><T83/><D21/><U30/><E30/><V6/><F17/><W101/><G104/><T25/><D83/><U80/><E80/><V100/><F100/><W76/><G74/><N who="0" m="43383" /><D3/><U51/><E96/><V40/><F50/><N who="3" m="30743" /><G73/><T109/><D109/><U77/><E77/><V111/><F6/><N who="1" m="2665" /><E20/><V22/><F22/><N who="3" m="11591" /><G76/><T45/><D69/><U131/><E9/><V122/><F122/><W57/><G57/><T47/><D68/><U42/><E14/><V32/><F32/><W75/><G75/><T60/><D33/><U113/><E19/><V41/><F111/><W72/><G72/><T43/><D0/><U13/><E13/><V38/><F38/><W49/><G49/><T10/><D37/><U55/><E51/><V58/><F58/><W88/><AGARI ba="0,0" hai="7,11,15,87,88,92,101,103" m="11591,30743" machi="88" ten="30,7900,0" yaku="25,1,8,1,54,2" doraHai="123" who="3" fromWho="3" sc="299,-20,370,-39,176,-20,155,79" /><INIT seed="6,0,0,3,2,18" ten="279,331,156,234" oya="2" hai0="56,116,107,71,73,96,61,70,78,6,85,103,25" hai1="87,46,54,0,118,17,119,109,50,19,39,125,102" hai2="43,83,49,82,92,36,135,62,7,79,21,47,14" hai3="100,69,111,95,120,2,105,89,10,59,81,20,51"/><V75/><F135/><W113/><G69/><T52/><D116/><U117/><E109/><V76/><F92/><W104/><G111/><T13/><D73/><U48/><E39/><V130/><F130/><W63/><G120/><T106/><D106/><U4/><E102/><V22/><F62/><W127/><G127/><T42/><D42/><U66/><E66/><V101/><F101/><W53/><G113/><T55/><D55/><U28/><E28/><V108/><F36/><W8/><G100/><T99/><D99/><U114/><E125/><V98/><F98/><W12/><G81/><T84/><D25/><U33/><E33/><V133/><F133/><W30/><G2/><T3/><D3/><U132/><E114/><V121/><F121/><W112/><G105/><T80/><D85/><U94/><E132/><V64/><F64/><W31/><G104/><T131/><D131/><U72/><E72/><V88/><F88/><W91/><G91/><T1/><D1/><U90/><E50/><V35/><F35/><W93/><G93/><T67/><D67/><U126/><E126/><V40/><F40/><W124/><G124/><T74/><D74/><U37/><E37/><V65/><F65/><W16/><G63/><T115/><D115/><U123/><E123/><V27/><F27/><W15/><G112/><T41/><D41/><U23/><E119/><V9/><F108/><W58/><G58/><T29/><D29/><N who="3" m="10761" /><G15/><T97/><D97/><AGARI ba="0,0" hai="8,10,12,16,20,51,53,59,89,95,97" m="10761" machi="97" ten="30,3900,0" yaku="8,1,52,1,54,1" doraHai="18" who="3" fromWho="0" sc="279,-39,331,0,156,0,234,39" /><INIT seed="7,0,0,5,4,57" ten="240,331,156,273" oya="3" hai0="27,128,4,108,66,105,40,63,58,65,53,123,6" hai1="86,99,109,37,122,116,18,120,47,44,83,9,96" hai2="13,87,8,126,70,84,31,107,62,10,45,64,73" hai3="97,131,46,124,95,25,113,11,79,12,135,19,26"/><W130/><G130/><T134/><D123/><U100/><E109/><V54/><F126/><W121/><G121/><T119/><D108/><U133/><E99/><V23/><F73/><W49/><G113/><T48/><D105/><U112/><E44/><V52/><F107/><W36/><G36/><T7/><D119/><U94/><E116/><V24/><F10/><W50/><G131/><T15/><D134/><U32/><E32/><V114/><F114/><W89/><G135/><T16/><D27/><U117/><E117/><V5/><REACH who="2" step="1"/><F54/><REACH who="2" ten="240,331,146,273" step="2"/><W118/><G124/><T21/><D128/><U28/><E112/><V56/><F56/><W39/><G118/><T111/><D111/><U33/><E122/><V101/><F101/><W1/><G11/><T22/><D22/><U129/><E100/><V61/><F61/><W60/><G60/><T78/><D78/><U76/><E76/><V93/><F93/><W29/><G79/><T2/><D2/><U59/><E94/><V103/><F103/><W88/><G89/><T41/><D41/><U20/><E9/><V125/><F125/><W69/><G69/><T42/><D42/><U92/><E92/><V75/><F75/><W68/><G68/><T91/><D91/><U115/><E115/><V51/><AGARI ba="0,1" hai="5,8,13,23,24,31,45,51,52,62,64,70,84,87" machi="51" ten="30,7900,0" yaku="1,1,0,1,52,1,54,1,53,0" doraHai="57" doraHaiUra="71" who="2" fromWho="2" sc="240,-20,331,-20,146,89,273,-39" owari="220,-28.0,311,41.0,235,4.0,234,-17.0" /></mjloggm>