<mjloggm ver="2.3"><GO type="169" lobby="0"/><UN n0="%E3%82%A8%E3%83%83%E3%83%95%E3%82%A7%E3%83%AB%E5%A1%94" n1="%E3%82%AB%E3%83%9D%E3%83%8D%E5%9B%A3%E3%81%AE%E5%85%84%E8%B2%B4" n2="%E3%83%A4%E3%82%AD%E3%83%B3" n3="%E5%B0%B1%E6%B4%BB%E7%94%9F%40%E5%B7%9D%E6%9D%91%E8%BB%8D%E5%9B%A3" dan="16,17,17,19" rate="2136.09,2198.65,2184.11,2335.89" sx="M,M,M,M"/><TAIKYOKU oya="0"/><INIT seed="0,0,0,5,2,38" ten="250,250,250,250" oya="0" hai0="22,108,101,66,67,107,49,98,134,42,58,61,81" hai1="96,4,45,20,8,2,6,77,104,103,19,71,5" hai2="91,59,105,7,57,123,131,111,92,63,113,110,16" hai3="130,85,27,37,79,128,132,47,11,33,76,129,3"/><T74/><D134/><U70/><E77/><V99/><F123/><W62/><G132/><T116/><D116/><U12/><REACH who="1" step="1"/><E45/><REACH who="1" ten="250,240,250,250" step="2"/><V68/><F111/><W29/><G47/><T135/><D108/><U69/><AGARI ba="0,1" hai="2,4,5,6,8,12,19,20,69,70,71,96,103,104" machi="69" ten="30,4000,0" yaku="1,1,2,1,0,1,53,0" doraHai="38" doraHaiUra="78" who="1" fromWho="1" sc="250,-20,240,50,250,-10,250,-10" /><INIT seed="1,0,0,4,0,99" ten="230,290,240,240" oya="1" hai0="54,105,94,47,72,132,98,63,121,104,129,79,127" hai1="22,97,58,111,110,86,116,9,48,93,3,65,57" hai2="78,114,103,130,42,27,126,84,74,60,13,24,73" hai3="102,39,81,55,91,115,6,125,23,134,122,85,32"/><U124/><E116/><V11/><F126/><W108/><G32/><T69/><D69/><U70/><E124/><V2/><F2/><W59/><G125/><T96/><D127/><U113/><E113/><V66/><F130/><W88/><G115/><T87/><D63/><N who="1" m="40255" /><E86/><V118/><F118/><W52/><G39/><T26/><D26/><U50/><E22/><V46/><F114/><W41/><G41/><T0/><D54/><N who="3" m="20521" /><G122/><T49/><D49/><N who="1" m="19051" /><E9/><V45/><F42/><W1/><G1/><T28/><D28/><U68/><E3/><V40/><F40/><W30/><G108/><N who="1" m="41514" /><E68/><V37/><F11/><W117/><G6/><T53/><D0/><U14/><E14/><V89/><F13/><W33/><G33/><T92/><D87/><U75/><E75/><V106/><F84/><W56/><G117/><T44/><D72/><U95/><E95/><V82/><F74/><W62/><G23/><T17/><D94/><U112/><E112/><V19/><F73/><W120/><G85/><T16/><D92/><U131/><E131/><V21/><F21/><W51/><G81/><T34/><D129/><U29/><E29/><V31/><F31/><W64/><G30/><T36/><D34/><U77/><E77/><V25/><F78/><W100/><G91/><AGARI ba="0,0" hai="57,58,91,93,97" m="41514,19051,40255" machi="91" ten="30,2900,0" yaku="14,1,10,1" doraHai="99" who="1" fromWho="3" sc="230,0,290,29,240,0,240,-29" /><INIT seed="1,1,0,0,5,133" ten="230,319,240,211" oya="1" hai0="126,97,118,112,61,41,91,22,90,66,82,83,96" hai1="16,128,25,20,134,80,15,23,59,88,30,106,65" hai2="32,63,99,60,103,78,13,109,111,56,29,49,38" hai3="92,19,110,101,8,121,81,77,86,28,4,116,67"/><U44/><E134/><V114/><F38/><W17/><G121/><T74/><D41/><U117/><E117/><V36/><F36/><W1/><G110/><T76/><D22/><U104/><E128/><V62/><F114/><W24/><G67/><T105/><D61/><N who="1" m="38079" /><E106/><V33/><F78/><W34/><G116/><T0/><D66/><U2/><E2/><V102/><F13/><W57/><G57/><T9/><D9/><U71/><E104/><V129/><F129/><W21/><G101/><N who="2" m="38409" /><F99/><W93/><REACH who="3" step="1"/><G19/><REACH who="3" ten="230,319,240,201" step="2"/><T42/><D118/><U95/><E71/><V122/><F122/><W55/><G55/><T132/><D132/><U52/><E52/><N who="2" m="31759" /><F29/><W79/><G79/><T43/><D76/><U5/><E44/><V108/><AGARI ba="1,1" hai="32,33,60,62,63,108,109,111" m="31759,38409" machi="108" ten="40,2700,0" yaku="14,1,54,1" doraHai="133" who="2" fromWho="2" sc="230,-8,319,-14,240,40,201,-8" /><INIT seed="2,0,0,0,5,60" ten="222,305,280,193" oya="2" hai0="32,77,61,68,33,79,94,112,123,103,8,129,56" hai1="52,7,97,4,110,93,1,41,127,15,116,95,67" hai2="22,107,106,18,126,70,16,131,122,42,81,3,51" hai3="38,83,66,96,40,6,74,20,132,69,65,27,125"/><V84/><F122/><W57/><G69/><T63/><D123/><U92/><E116/><V85/><F3/><W58/><G125/><T24/><D112/><U36/><E110/><V35/><F35/><W114/><G114/><T91/><D103/><U17/><E127/><V30/><F126/><W72/><G6/><N who="1" m="2090" /><E36/><V23/><F70/><W46/><G132/><T25/><D8/><N who="1" m="6375" /><E41/><V115/><F115/><W48/><G96/><T128/><D68/><U134/><E1/><V73/><F73/><W113/><G113/><T39/><D56/><U49/><E134/><V64/><F30/><W54/><G58/><T108/><D94/><U89/><E67/><V37/><F37/><W135/><G135/><T119/><D39/><U99/><E99/><V34/><F34/><W47/><G57/><AGARI ba="0,0" hai="49,52,57,89,92,93,95,97" m="6375,2090" machi="57" ten="30,2000,0" yaku="8,1,54,1" doraHai="60" who="1" fromWho="3" sc="222,0,305,20,280,0,193,-20" /><INIT seed="3,0,0,2,2,86" ten="222,325,280,173" oya="3" hai0="18,131,37,109,96,129,42,112,32,99,100,106,2" hai1="28,36,101,88,103,13,68,53,15,51,126,102,71" hai2="63,128,8,48,50,115,111,79,76,40,97,30,64" hai3="49,1,23,69,72,59,57,90,26,41,134,107,120"/><W83/><G120/><T38/><D18/><U33/><E36/><V110/><F115/><W85/><G134/><T46/><D38/><U70/><E126/><V104/><F30/><W0/><G69/><T54/><D54/><U11/><E28/><V52/><F40/><W22/><G107/><T20/><D20/><U75/><E75/><V7/><F128/><W74/><G74/><T82/><D82/><U130/><E33/><V125/><F50/><W29/><G72/><T77/><D77/><U9/><E130/><V10/><F125/><W14/><G1/><T19/><D19/><U73/><E73/><V123/><F123/><W61/><G0/><T95/><D2/><U12/><E88/><V47/><F97/><W108/><G108/><N who="2" m="41513" /><F104/><W135/><G135/><T55/><D109/><U16/><REACH who="1" step="1"/><E16/><REACH who="1" ten="222,315,280,173" step="2"/><V25/><F25/><W124/><G124/><T91/><D32/><U98/><E98/><V118/><F118/><W45/><G14/><T65/><D131/><U35/><E35/><V89/><F89/><W81/><G23/><T27/><D129/><U127/><E127/><V105/><F79/><W87/><G61/><T62/><D62/><U66/><E66/><V119/><F76/><AGARI ba="0,1" hai="22,26,29,41,45,49,57,59,76,81,83,85,87,90" machi="76" ten="30,5800,0" yaku="7,1,8,1,52,1" doraHai="86" who="3" fromWho="2" sc="222,0,315,0,280,-58,173,68" /><INIT seed="3,1,0,1,5,90" ten="222,315,222,241" oya="3" hai0="9,63,117,86,100,83,128,51,36,72,45,77,92" hai1="96,41,2,16,67,73,115,27,120,105,26,59,21" hai2="35,81,60,71,76,101,57,111,49,124,132,30,7" hai3="4,24,98,34,99,37,32,42,5,48,119,126,33"/><W94/><G37/><T40/><D128/><U66/><E120/><V110/><F124/><W28/><G119/><T68/><D117/><U122/><E122/><V23/><F35/><W46/><G126/><T121/><D121/><U135/><E73/><V29/><F132/><W130/><G130/><T106/><D68/><U25/><E2/><V134/><F134/><W129/><G99/><T19/><D63/><U80/><E115/><V88/><F7/><W114/><G114/><T65/><D65/><U62/><E135/><V93/><F49/><W17/><G129/><T70/><D70/><U50/><E80/><V1/><F1/><W6/><REACH who="3" step="1"/><G17/><REACH who="3" ten="222,315,222,231" step="2"/><T75/><D19/><U89/><E96/><V55/><F110/><W8/><G8/><T108/><D108/><U18/><E18/><V85/><F111/><W123/><G123/><T69/><D9/><U54/><E105/><V79/><F71/><W31/><G31/><T113/><D113/><U15/><E89/><AGARI ba="1,1" hai="4,5,6,24,28,32,33,34,42,46,48,89,94,98" machi="89" ten="40,7700,0" yaku="1,1,52,1,53,1" doraHai="90" doraHaiUra="20" who="3" fromWho="1" sc="222,0,315,-80,222,0,231,90" /><INIT seed="3,2,0,0,5,126" ten="222,235,222,321" oya="3" hai0="112,35,113,16,102,89,6,74,108,82,92,17,70" hai1="48,101,33,69,39,135,115,47,59,100,67,114,37" hai2="55,13,79,2,130,88,61,91,78,65,96,64,68" hai3="49,21,10,72,95,9,107,109,56,90,28,83,84"/><W77/><G107/><T63/><D35/><U46/><E33/><V43/><F2/><W42/><G109/><T73/><D6/><U118/><E135/><V57/><F43/><W133/><G133/><T106/><D108/><U52/><E118/><V129/><F13/><W36/><G36/><N who="1" m="13898" /><E101/><V51/><F65/><W7/><G7/><T128/><D106/><U87/><E87/><V54/><F54/><W30/><G21/><T38/><D38/><U123/><E100/><V131/><F96/><W127/><G127/><T45/><D102/><U60/><E123/><V117/><F117/><W76/><G77/><AGARI ba="2,0" hai="51,55,57,61,64,68,77,78,79,88,91,129,130,131" machi="77" ten="40,8000,1" yaku="19,1,52,3,54,1" doraHai="126" who="2" fromWho="3" sc="222,0,235,0,222,86,321,-86" /><INIT seed="4,0,0,2,0,9" ten="222,235,308,235" oya="0" hai0="29,126,10,45,74,30,15,102,11,36,63,20,60" hai1="34,49,121,114,59,26,116,67,66,118,38,23,58" hai2="75,31,52,46,27,61,37,32,72,3,115,33,7" hai3="42,0,1,82,134,28,22,95,69,64,91,6,130"/><T98/><D74/><U14/><E38/><V96/><F115/><W128/><G134/><T120/><D120/><U5/><E121/><V84/><F33/><W135/><G135/><T65/><D126/><U127/><E127/><V57/><F3/><W132/><G42/><T93/><D11/><N who="1" m="4463" /><E34/><V94/><F7/><W13/><G82/><T104/><D104/><U133/><E133/><V76/><F84/><W35/><G64/><N who="1" m="24618" /><E116/><V77/><F37/><W53/><G53/><T21/><D63/><U80/><E118/><V125/><F46/><W39/><G39/><T43/><D30/><N who="1" m="17759" /><E114/><V71/><F71/><W85/><G69/><T122/><D29/><U110/><E110/><V62/><F62/><W99/><G132/><T50/><D36/><U86/><E49/><V106/><F106/><W107/><G35/><T87/><D122/><U103/><E103/><V108/><F108/><W40/><G28/><T105/><D105/><U88/><AGARI ba="0,0" hai="58,59,80,86,88" m="17759,24618,4463" machi="88" ten="30,4000,0" yaku="8,1,52,1,54,1" doraHai="9" who="1" fromWho="1" sc="222,-20,235,40,308,-10,235,-10" /><INIT seed="5,0,0,0,1,73" ten="202,275,298,225" oya="1" hai0="35,3,48,57,38,72,5,120,117,64,17,76,89" hai1="124,99,70,91,66,60,112,0,121,26,114,134,79" hai2="83,93,18,54,90,126,23,110,69,100,125,19,34" hai3="63,4,74,108,6,109,37,80,62,2,77,58,15"/><U9/><E121/><V65/><F34/><W81/><G37/><T46/><D117/><U68/><E124/><V11/><F110/><W132/><G2/><T84/><D120/><U78/><E70/><V88/><F65/><W13/><G74/><T12/><D35/><U1/><E134/><V102/><F69/><W21/><G58/><T130/><D130/><U40/><E40/><V98/><F11/><W27/><G21/><T122/><D122/><U104/><E26/><V92/><F83/><W42/><G42/><T51/><D5/><N who="1" m="1191" /><E1/><V39/><F39/><W56/><G56/><T31/><D31/><U32/><E32/><V106/><F54/><W131/><G27/><T16/><D3/><U105/><E91/><N who="2" m="34859" /><F100/><W119/><G119/><T95/><D38/><U113/><E99/><V44/><F44/><W7/><G132/><T49/><D46/><U41/><E41/><V127/><F18/><W59/><G59/><T36/><D36/><U115/><E115/><V82/><F82/><W67/><G6/><T96/><D17/><U97/><E97/><V25/><AGARI ba="0,0" hai="19,23,25,92,93,98,102,106,125,126,127" m="34859" machi="25" ten="40,2700,0" yaku="18,1,54,1" doraHai="73" who="2" fromWho="2" sc="202,-7,275,-13,298,27,225,-7" /><INIT seed="6,0,0,0,1,125" ten="195,262,325,218" oya="2" hai0="30,91,25,72,38,126,12,28,13,94,18,89,95" hai1="56,76,17,29,109,26,46,105,14,62,52,48,59" hai2="44,66,74,54,98,128,116,57,100,78,34,107,31" hai3="102,96,124,36,135,101,85,82,23,70,75,79,9"/><V133/><F116/><W87/><G70/><T121/><D126/><U60/><E109/><V111/><F111/><W114/><G36/><T81/><D38/><U15/><E105/><V58/><F133/><W103/><G124/><T67/><D67/><U4/><E76/><V113/><F113/><W68/><G68/><T39/><D39/><U2/><E2/><V117/><F117/><W0/><G23/><T27/><D72/><U122/><E4/><V11/><F78/><W8/><G135/><T64/><D64/><U50/><E122/><V130/><F11/><W3/><G96/><T134/><D134/><U90/><E90/><V110/><F74/><W127/><G127/><T69/><D69/><U16/><E29/><V80/><F80/><W71/><G71/><T22/><D121/><U32/><E26/><N who="2" m="18807" /><F110/><W51/><G51/><T55/><D81/><U6/><E6/><V49/><F66/><W53/><G53/><T41/><D55/><N who="1" m="34079" /><E32/><V20/><F20/><W21/><G21/><T47/><D22/><N who="1" m="11543" /><E46/><V37/><F37/><W106/><G106/><T7/><D7/><U119/><E119/><V88/><F88/><W65/><G114/><T42/><D18/><U35/><E35/><V115/><F115/><W63/><G3/><T1/><D1/><U92/><E92/><V86/><F86/><N who="3" m="32779" /><G0/><T131/><D47/><U93/><E93/><V10/><F10/><AGARI ba="0,0" hai="10,15,17,48,50,52,59,60" m="11543,34079" machi="10" ten="30,3900,0" yaku="8,1,54,2" doraHai="125" who="1" fromWho="2" sc="195,0,262,39,325,-39,218,0" /><INIT seed="7,0,0,1,0,89" ten="195,301,286,218" oya="3" hai0="5,38,120,45,33,91,25,12,129,51,81,77,50" hai1="26,126,99,92,28,59,36,76,108,122,14,24,19" hai2="73,98,64,29,1,117,31,57,97,39,16,69,40" hai3="18,86,100,52,3,13,37,134,67,118,6,102,104"/><W22/><G37/><T0/><D120/><U106/><E36/><V84/><F73/><W54/><G118/><T107/><D107/><U94/><E122/><V128/><F69/><W7/><G104/><T131/><D0/><U90/><E126/><V63/><F1/><W114/><G67/><T47/><D91/><N who="1" m="55711" /><E106/><V70/><F128/><N who="0" m="49226" /><D5/><N who="3" m="1545" /><G3/><T113/><D12/><U72/><E108/><V48/><F117/><W32/><G114/><T43/><D113/><U53/><E76/><V116/><F116/><W68/><G68/><T119/><D119/><U9/><E28/><N who="2" m="10827" /><F39/><W82/><G32/><T74/><D38/><U10/><E10/><V130/><F130/><W79/><G134/><T78/><D78/><U135/><E72/><V21/><F84/><W20/><G20/><T2/><D2/><U55/><E135/><V71/><F71/><W105/><G105/><T11/><D11/><U4/><E4/><V124/><F124/><W109/><G109/><T30/><D43/><U23/><E9/><V66/><F70/><W111/><G111/><T49/><AGARI ba="0,0" hai="25,30,33,45,47,49,50,51,74,77,81" m="49226" machi="49" ten="30,1100,0" yaku="19,1" doraHai="89" who="0" fromWho="0" sc="195,11,301,-3,286,-3,218,-5" /><INIT seed="8,0,0,3,5,87" ten="206,298,283,213" oya="0" hai0="105,39,49,45,133,107,11,26,36,68,108,66,3" hai1="30,96,74,1,31,101,43,23,112,84,127,52,63" hai2="12,97,95,115,91,131,99,32,81,18,33,113,2" hai3="29,129,85,118,8,53,61,64,123,20,35,9,28"/><T116/><D116/><U126/><E74/><V88/><F2/><W17/><G35/><T4/><D133/><U57/><E1/><V6/><F6/><W55/><G123/><T90/><D108/><U27/><E112/><V46/><F33/><W69/><G9/><T104/><D26/><U25/><E84/><N who="2" m="50191" /><F32/><W124/><G124/><N who="1" m="47658" /><E43/><V132/><F132/><W110/><G8/><T10/><D10/><U42/><E42/><V22/><F131/><W0/><G110/><T89/><D66/><U135/><E135/><V65/><F65/><W13/><G0/><T93/><D68/><U103/><E96/><N who="2" m="57471" /><F115/><W60/><G64/><T41/><REACH who="0" step="1"/><D90/><REACH who="0" ten="196,298,283,213" step="2"/><U51/><E25/><V50/><F113/><W98/><G69/><T114/><D114/><U134/><E134/><V72/><F72/><W7/><G118/><T130/><D130/><U121/><E121/><V111/><F111/><W54/><G129/><T38/><D38/><U76/><E31/><V24/><F24/><W58/><G29/><T78/><D78/><U125/><E76/><V75/><F75/><W67/><G28/><T62/><D62/><U100/><E125/><V94/><F94/><W14/><G61/><AGARI ba="0,1" hai="23,27,30,51,52,57,61,63,100,101,103" m="47658" machi="61" ten="30,2000,0" yaku="18,1,54,1" doraHai="87" who="1" fromWho="3" sc="196,0,298,30,283,0,213,-20" owari="196,-20.0,328,43.0,283,8.0,193,-31.0" /></mjloggm>