<mjloggm ver="2.3"><GO type="169" lobby="0"/><UN n0="%E3%82%A8%E3%82%B3%E3%81%BF%E3%83%BC" n1="%E3%82%AB%E3%83%9D%E3%83%8D%E5%9B%A3%E3%81%AE%E5%85%84%E8%B2%B4" n2="%E3%82%A6%E3%83%AB%E3%83%88%E3%83%A9%E7%AB%8B%E7%9B%B4" n3="%79%75%67%75%61%6E" dan="17,16,18,16" rate="2148.31,2158.21,2208.91,2071.03" sx="M,M,M,M"/><TAIKYOKU oya="0"/><INIT seed="0,0,0,0,4,5" ten="250,250,250,250" oya="0" hai0="131,4,41,51,69,71,124,134,28,57,30,14,128" hai1="29,75,82,85,53,105,112,9,76,80,72,33,113" hai2="133,78,17,90,46,39,40,54,121,65,77,25,16" hai3="60,6,127,107,123,19,116,118,117,83,92,86,26"/><T94/><D124/><U108/><E33/><V47/><F121/><W15/><G107/><T111/><D134/><U122/><E29/><N who="0" m="11369" /><D111/><U21/><E122/><V110/><F110/><W125/><G123/><T44/><D57/><U12/><E21/><V2/><F2/><W64/><G92/><T79/><D79/><U8/><E105/><V52/><F65/><W74/><G74/><T129/><D94/><U102/><E102/><V23/><F133/><W56/><G26/><T68/><D14/><U43/><E12/><V55/><F90/><W50/><G6/><AGARI ba="0,0" hai="4,6,41,44,51,68,69,71,128,129,131" m="11369" machi="6" ten="40,2000,0" yaku="19,1" doraHai="5" who="0" fromWho="3" sc="250,20,250,0,250,0,250,-20" /><INIT seed="0,1,0,5,4,75" ten="270,250,250,230" oya="0" hai0="56,77,71,8,39,46,3,95,12,61,42,67,110" hai1="38,23,62,44,47,73,10,20,49,117,5,9,6" hai2="104,48,96,101,85,123,40,133,31,57,124,70,118" hai3="15,127,132,51,88,81,68,92,106,82,66,102,16"/><T36/><D3/><U29/><E117/><V65/><F123/><W35/><G127/><T33/><D33/><U28/><E73/><V76/><F133/><W2/><G2/><T120/><D95/><U89/><E49/><V24/><F124/><W121/><G35/><T63/><D8/><U116/><E62/><V107/><F107/><W113/><G113/><T58/><D77/><U131/><E38/><V98/><F98/><W80/><G132/><T99/><D12/><U41/><E116/><V37/><F118/><W26/><G26/><T94/><D120/><U122/><E122/><V125/><F125/><W114/><G114/><T97/><D97/><U19/><E41/><V78/><F85/><W14/><G121/><T134/><D134/><U45/><E89/><V53/><F40/><W135/><G135/><T11/><D11/><N who="1" m="4107" /><E131/><V79/><F37/><W4/><G4/><N who="1" m="1642" /><E19/><V18/><F18/><W105/><G102/><T128/><D128/><U34/><E34/><N who="2" m="20839" /><F79/><W100/><G100/><T83/><D83/><U54/><E54/><V115/><F115/><W87/><G16/><T129/><D129/><U69/><E69/><V43/><F43/><W32/><G32/><T119/><D119/><U90/><E90/><V1/><F1/><W13/><G51/><N who="0" m="27095" /><D71/><U7/><N who="1" m="1650" /><U84/><DORA hai="103" /><E84/><V0/><F0/><W91/><REACH who="3" step="1"/><G91/><REACH who="3" ten="270,250,250,220" step="2"/><N who="0" m="55775" /><D36/><U30/><AGARI ba="1,1" hai="20,23,28,29,30,44,45,47" m="1650,4107" machi="30" ten="40,5200,0" yaku="28,2,8,1" doraHai="75,103" who="1" fromWho="1" sc="270,-27,250,65,250,-14,220,-14" /><INIT seed="1,0,0,5,1,66" ten="243,315,236,206" oya="1" hai0="7,129,25,119,94,95,101,78,115,56,31,133,107" hai1="102,100,16,106,61,76,2,27,60,33,110,51,135" hai2="26,79,128,127,30,80,49,105,38,29,21,1,132" hai3="96,99,91,134,117,130,58,3,88,24,122,18,114"/><U10/><E135/><V41/><F128/><W75/><G75/><T120/><D115/><U6/><E76/><V92/><F105/><W116/><G114/><T126/><D119/><N who="3" m="45641" /><G122/><T68/><D56/><U71/><E110/><V50/><F127/><W5/><G130/><T89/><D7/><U109/><E109/><V9/><F132/><W62/><G134/><T72/><D25/><U112/><E112/><V28/><F92/><W46/><G46/><T55/><D55/><U40/><E60/><V59/><F50/><W121/><G121/><T57/><D57/><U65/><E106/><V64/><F64/><N who="3" m="38999" /><G5/><T53/><D72/><U103/><E51/><V22/><F49/><W81/><G3/><T93/><D126/><U125/><E40/><V34/><F59/><W12/><G24/><T47/><D47/><U48/><E48/><V98/><F26/><W14/><G14/><T82/><D129/><U39/><E39/><V43/><F38/><W87/><G91/><T52/><D89/><U73/><E73/><N who="2" m="43119" /><F43/><W85/><G85/><T70/><D120/><U67/><E67/><V15/><F1/><W123/><G123/><T45/><D45/><U118/><E125/><V104/><F41/><W83/><G83/><T69/><D133/><U44/><E44/><V54/><F54/><W108/><G108/><T74/><REACH who="0" step="1"/><D31/><REACH who="0" ten="233,315,236,206" step="2"/><U42/><E118/><V84/><F29/><W35/><G35/><T11/><D11/><AGARI ba="0,1" hai="11,12,18,81,87,88,96,99" m="38999,45641" machi="11" ten="30,2000,0" yaku="12,1,54,1" doraHai="66" who="3" fromWho="0" sc="233,-20,315,0,236,0,206,30" /><INIT seed="2,0,0,2,2,34" ten="213,315,236,236" oya="2" hai0="62,67,38,109,66,112,40,54,35,77,23,50,122" hai1="48,124,105,15,123,17,110,28,39,71,19,128,115" hai2="75,14,18,106,33,65,80,93,12,81,113,89,126" hai3="27,32,99,82,10,51,16,118,94,3,104,2,5"/><V24/><F113/><W121/><G121/><T134/><D35/><U86/><E39/><V87/><F126/><W41/><G118/><T108/><D77/><U57/><E71/><V120/><F120/><W64/><G104/><T73/><D73/><U130/><E105/><V107/><F65/><W6/><G64/><T111/><D23/><U25/><E123/><V58/><F12/><W92/><G82/><T97/><D97/><U103/><E103/><V59/><F107/><W70/><G70/><N who="0" m="42327" /><D122/><U101/><E101/><V129/><F106/><W55/><G41/><T127/><D67/><U63/><E48/><V125/><F125/><W42/><G42/><T0/><D0/><U37/><E37/><V84/><F75/><W9/><G99/><T8/><D8/><U1/><E1/><V102/><F102/><W135/><G135/><T49/><D127/><U4/><E124/><V88/><F93/><W36/><G36/><T21/><D21/><U133/><E133/><V69/><F69/><W29/><G16/><T74/><D74/><U132/><E17/><V100/><F100/><W60/><G60/><T45/><D134/><U46/><E19/><V20/><REACH who="2" step="1"/><F129/><REACH who="2" ten="213,315,226,236" step="2"/><W79/><G79/><T43/><D112/><U98/><E130/><V96/><F96/><W78/><G78/><T116/><D116/><U56/><E98/><V90/><F90/><W44/><AGARI ba="0,1" hai="2,3,5,6,9,10,27,29,32,44,51,55,92,94" machi="44" ten="20,8000,1" yaku="0,1,7,1,9,1,52,2" doraHai="34" who="3" fromWho="3" sc="213,-20,315,-20,226,-40,236,90" /><INIT seed="3,0,0,3,1,63" ten="193,295,186,326" oya="3" hai0="130,72,116,133,61,41,27,79,74,54,56,127,96" hai1="57,42,103,50,8,85,125,2,43,40,71,46,44" hai2="105,48,36,98,25,107,132,120,109,88,33,128,104" hai3="3,34,124,38,83,122,24,32,95,6,35,9,14"/><W15/><G38/><T100/><D116/><U20/><E103/><V65/><F36/><W78/><G95/><T29/><D133/><U52/><E71/><V106/><F109/><W131/><G83/><T19/><D130/><U111/><E111/><V126/><F126/><W62/><G78/><T5/><D127/><U49/><E125/><V129/><F132/><W117/><G124/><T101/><D101/><U28/><E2/><V31/><F120/><W16/><G62/><T10/><D19/><U67/><E8/><V77/><F77/><W118/><G122/><T53/><D41/><U94/><E28/><V102/><F48/><W23/><G131/><N who="2" m="50249" /><F88/><W45/><G45/><T60/><D54/><U81/><E20/><V93/><N who="2" m="26624" /><DORA hai="119" /><V76/><F76/><W11/><G15/><T134/><D60/><N who="1" m="38287" /><E94/><V30/><F30/><AGARI ba="0,0" hai="3,6,9,11,14,16,23,24,30,32,34,35,117,118" machi="30" ten="40,12000,1" yaku="34,3,54,1" doraHai="63,119" who="3" fromWho="2" sc="193,0,295,0,186,-120,326,120" /><INIT seed="3,1,0,5,5,13" ten="193,295,66,446" oya="3" hai0="85,98,75,129,48,11,81,122,66,18,7,128,99" hai1="60,63,61,127,53,52,8,76,36,47,83,46,132" hai2="94,87,57,72,86,37,45,26,50,104,77,14,44" hai3="1,58,90,43,59,115,22,78,79,126,112,116,23"/><W29/><G1/><T123/><D66/><U21/><E132/><V92/><F104/><W65/><G126/><T100/><D48/><U49/><E127/><V5/><F72/><W67/><G90/><N who="0" m="51503" /><D7/><U82/><E8/><V9/><F37/><W93/><G93/><T89/><D11/><U55/><E36/><V73/><F73/><W113/><G29/><T105/><D75/><U130/><E130/><N who="0" m="50281" /><D18/><U71/><E71/><V34/><F34/><W51/><G112/><T17/><D17/><U125/><E125/><V31/><F57/><W101/><G51/><T95/><AGARI ba="1,0" hai="89,95,98,99,100,105,122,123" m="50281,51503" machi="95" ten="30,4000,0" yaku="19,1,34,2" doraHai="13" who="0" fromWho="0" sc="193,43,295,-11,66,-11,446,-21" /><INIT seed="4,0,0,2,0,111" ten="236,284,55,425" oya="0" hai0="74,106,1,115,107,96,54,59,102,91,97,108,112" hai1="30,7,35,49,73,0,56,33,130,117,99,85,53" hai2="80,16,70,26,61,48,66,39,38,92,43,47,82" hai3="37,12,9,123,10,114,77,126,25,63,83,127,89"/><T84/><D1/><U87/><E73/><V98/><F82/><W90/><G37/><T52/><D74/><U17/><E117/><V32/><F80/><W3/><G123/><T76/><D76/><U81/><E130/><V41/><F41/><W75/><G25/><T93/><D108/><U6/><E0/><V109/><F109/><W58/><G3/><T65/><D65/><U128/><E128/><V116/><F116/><W22/><G22/><T29/><D29/><U118/><E118/><V105/><F92/><W4/><G9/><T45/><D45/><U34/><E85/><V57/><F57/><W71/><G71/><T55/><D59/><U67/><E30/><V135/><F135/><W27/><G27/><T31/><D31/><U124/><E17/><V78/><F78/><W64/><G114/><T2/><D2/><U79/><E124/><AGARI ba="0,0" hai="4,10,12,58,63,64,75,77,83,89,90,124,126,127" machi="124" ten="40,1300,0" yaku="18,1" doraHai="111" who="3" fromWho="1" sc="236,0,284,-13,55,0,425,13" /><INIT seed="5,0,0,4,1,38" ten="236,271,55,438" oya="1" hai0="26,19,127,65,45,98,43,23,80,52,118,90,79" hai1="36,13,16,122,134,54,59,97,47,63,31,105,88" hai2="72,9,17,94,124,102,78,86,21,110,68,128,24" hai3="123,14,100,70,114,12,121,67,11,120,3,4,93"/><U53/><E122/><V35/><F110/><W75/><G75/><T116/><D127/><U10/><E134/><V132/><F128/><W66/><G114/><T55/><D65/><U22/><E105/><V87/><F132/><W115/><G115/><T109/><D109/><U89/><E97/><V108/><F108/><W96/><G70/><T135/><D135/><U40/><E53/><V82/><F124/><W48/><G48/><T33/><D33/><U29/><E29/><V46/><F35/><W133/><G133/><T50/><D90/><U32/><E32/><V58/><F68/><W15/><AGARI ba="0,0" hai="3,4,11,12,14,15,66,67,93,96,100,120,121,123" machi="15" ten="40,1500,0" yaku="0,1" doraHai="38" who="3" fromWho="3" sc="236,-4,271,-7,55,-4,438,15" /><INIT seed="6,0,0,3,3,112" ten="232,264,51,453" oya="2" hai0="55,63,94,11,86,70,28,54,115,24,16,3,61" hai1="128,32,47,132,100,60,88,127,77,18,41,133,36" hai2="126,87,51,30,29,96,35,75,98,8,71,76,73" hai3="89,135,123,9,116,107,15,131,26,118,74,40,114"/><V93/><F71/><W50/><G123/><T109/><D109/><U44/><E32/><V122/><F122/><W21/><G107/><T59/><D70/><U125/><E77/><V46/><F126/><N who="1" m="48137" /><E100/><V92/><F35/><W12/><G74/><T49/><D115/><U104/><E104/><V90/><F75/><W64/><G64/><T134/><D134/><N who="1" m="51819" /><E18/><V25/><F73/><W22/><G135/><T42/><D3/><U56/><E88/><N who="2" m="55303" /><F8/><W0/><G9/><T20/><D42/><U113/><E113/><V101/><F25/><W119/><G26/><T106/><D106/><U66/><E44/><V110/><F110/><W13/><G114/><T102/><D28/><U85/><E85/><V38/><F38/><W67/><G89/><N who="0" m="53559" /><D102/><U95/><E95/><N who="2" m="54751" /><F76/><W58/><G40/><AGARI ba="0,0" hai="29,30,40,46,51,93,98,101" m="54751,55303" machi="40" ten="30,2900,0" yaku="8,1,54,1" doraHai="112" who="2" fromWho="3" sc="232,0,264,0,51,29,453,-29" /><INIT seed="6,1,0,3,4,7" ten="232,264,80,424" oya="2" hai0="1,116,95,16,85,104,109,55,92,24,25,108,4" hai1="31,81,97,67,74,10,13,42,127,88,22,23,79" hai2="106,46,64,77,78,60,72,125,0,73,82,39,99" hai3="51,70,54,66,132,15,21,50,90,49,27,98,43"/><V48/><F125/><W20/><G132/><T19/><D104/><U30/><E127/><V133/><F133/><W76/><G76/><T6/><D55/><U84/><E67/><V38/><F0/><W69/><G43/><T110/><D116/><U93/><E42/><V124/><F124/><W65/><G15/><T53/><D53/><U14/><E74/><V117/><F117/><W130/><G130/><T40/><D40/><U47/><E47/><V59/><F48/><W37/><G37/><T45/><D45/><U113/><E113/><V112/><F112/><W114/><G54/><T12/><D85/><U121/><E121/><V75/><F46/><W87/><G98/><T120/><D92/><U122/><E122/><V105/><F75/><W56/><G70/><T89/><D120/><U28/><E14/><V100/><REACH who="2" step="1"/><F106/><REACH who="2" ten="232,264,70,424" step="2"/><W57/><G50/><T63/><D1/><U83/><E83/><AGARI ba="1,1" hai="38,39,59,60,64,72,73,77,78,82,83,99,100,105" machi="83" ten="40,7700,0" yaku="1,1,2,1,9,1,53,0" doraHai="7" doraHaiUra="91" who="2" fromWho="1" sc="232,0,264,-80,70,90,424,0" /><INIT seed="6,2,0,0,0,38" ten="232,184,160,424" oya="2" hai0="37,6,0,15,25,131,18,30,105,23,116,98,61" hai1="22,13,127,109,64,66,67,100,9,95,93,68,103" hai2="3,83,85,27,134,47,115,102,2,8,94,92,86" hai3="35,49,104,65,21,1,84,135,20,88,125,112,44"/><V32/><F115/><W40/><G35/><T16/><D37/><U34/><E34/><V31/><F134/><W59/><G1/><T5/><D105/><U24/><E68/><V43/><F8/><W17/><G104/><T73/><D73/><U71/><E71/><V63/><F63/><N who="3" m="38143" /><G125/><T128/><D98/><U51/><E51/><V29/><F29/><W79/><G135/><T108/><D61/><U117/><E109/><V7/><F7/><N who="0" m="2570" /><D0/><U119/><E127/><V99/><F92/><N who="1" m="35401" /><E119/><V11/><F11/><W110/><G110/><T107/><D107/><U74/><E74/><V111/><F86/><W46/><G79/><T26/><D108/><U122/><E122/><V55/><F55/><W4/><G4/><T42/><D42/><U129/><E129/><N who="0" m="49737" /><D116/><U54/><E54/><V90/><REACH who="2" step="1"/><F111/><REACH who="2" ten="232,184,150,424" step="2"/><W36/><G112/><T133/><D133/><U91/><E117/><V50/><AGARI ba="2,1" hai="2,3,27,31,32,43,47,50,83,85,90,94,99,102" machi="50" ten="20,12000,1" yaku="1,1,2,1,0,1,7,1,52,1,53,0" doraHai="38" doraHaiUra="126" who="2" fromWho="2" sc="232,-42,184,-42,150,136,424,-42" /><INIT seed="6,3,0,4,3,67" ten="190,142,286,382" oya="2" hai0="24,6,47,124,119,41,18,62,13,82,115,61,132" hai1="3,125,69,22,14,70,121,122,126,42,78,96,128" hai2="92,10,7,36,130,30,68,133,101,51,66,33,129" hai3="73,88,0,99,95,116,64,105,94,90,40,9,23"/><V48/><F36/><W65/><G116/><T16/><D6/><U4/><E3/><V76/><F76/><W77/><G40/><T84/><D24/><U85/><E128/><V87/><F30/><W59/><G105/><T86/><D86/><U118/><E118/><V81/><F33/><W106/><G106/><T1/><D1/><U79/><E42/><V135/><F92/><W123/><G123/><N who="1" m="47114" /><E96/><V45/><F101/><W110/><G110/><T57/><D119/><U21/><E4/><V71/><F66/><W27/><G9/><T98/><D98/><U2/><E2/><V117/><F117/><W44/><G44/><T107/><D107/><U26/><E14/><V43/><F51/><W15/><G15/><T54/><D62/><U111/><E111/><V83/><F129/><W60/><G0/><T25/><D25/><U112/><E112/><V120/><F130/><W49/><G49/><T103/><D103/><U56/><E56/><V17/><F7/><W29/><G73/><T35/><D13/><U55/><E55/><V53/><F53/><N who="3" m="33903" /><G77/><N who="1" m="29194" /><E85/><AGARI ba="3,0" hai="23,27,29,64,65,85,88,90,94,95,99" m="33903" machi="85" ten="30,2000,0" yaku="8,1,54,1" doraHai="67" who="3" fromWho="1" sc="190,0,142,-29,286,0,382,29" /><INIT seed="7,0,0,0,4,132" ten="190,113,286,411" oya="3" hai0="72,34,36,6,17,56,20,28,44,86,8,38,97" hai1="69,7,105,128,94,30,81,0,131,82,130,64,101" hai2="111,113,11,37,25,65,22,5,70,100,43,118,9" hai3="95,85,109,75,107,51,63,13,110,40,18,135,104"/><W83/><G135/><T90/><D72/><U2/><E30/><V121/><F43/><W10/><G63/><T57/><D38/><U119/><E105/><V53/><F53/><W1/><G1/><T78/><D34/><U14/><E69/><V93/><F65/><W103/><G75/><T4/><D36/><U125/><E64/><V87/><F87/><W3/><G3/><N who="1" m="1066" /><E119/><V23/><F93/><W47/><G95/><N who="0" m="56567" /><D44/><U84/><E7/><N who="0" m="2601" /><D28/><U27/><E27/><V62/><F25/><W67/><G67/><T68/><D8/><U112/><E14/><V33/><F70/><W127/><G103/><T74/><D74/><U102/><E112/><V39/><F113/><W106/><G13/><N who="0" m="9263" /><D68/><U60/><E60/><V19/><F62/><W126/><G40/><T58/><D86/><U54/><E54/><V71/><F118/><W80/><G83/><N who="1" m="31754" /><E84/><V89/><F71/><W120/><G106/><T41/><D41/><U88/><E88/><V42/><F89/><W48/><G85/><T79/><AGARI ba="0,0" hai="56,57,58,78,79" m="9263,2601,56567" machi="79" ten="30,1100,0" yaku="8,1" doraHai="132" who="0" fromWho="0" sc="190,11,113,-3,286,-3,411,-5" owari="201,-20.0,110,-39.0,283,8.0,406,51.0" /></mjloggm>