<mjloggm ver="2.3"><GO type="169" lobby="0"/><UN n0="%E9%AE%AB%E5%B3%B6%E5%AE%8F%E6%98%8C%CE%B1" n1="%E3%83%84%E3%83%AC%E3%82%AA" n2="%E4%BB%8A%E5%A4%9C%E3%81%8C%E5%B1%B1%E7%94%B0%2E" n3="%E3%83%88%E3%83%88%E3%83%AA%E5%85%88%E7%94%9F%31%39%E6%AD%B3" dan="16,17,16,19" rate="2141.35,2213.79,2115.35,2303.80" sx="M,M,M,F"/><TAIKYOKU oya="0"/><INIT seed="0,0,0,0,1,38" ten="250,250,250,250" oya="0" hai0="72,28,134,11,45,125,112,111,78,93,1,36,128" hai1="3,71,86,30,79,129,54,18,40,57,84,47,44" hai2="17,122,0,59,89,118,81,68,12,76,108,131,88" hai3="46,87,82,20,99,75,107,62,135,53,66,97,133"/><T49/><D112/><U67/><E3/><V105/><F122/><W132/><G75/><T16/><D28/><U85/><E129/><V7/><F68/><W29/><G107/><T41/><D128/><U43/><E30/><V37/><F131/><W55/><G20/><T32/><D32/><U4/><E4/><V69/><F69/><N who="3" m="42199" /><G29/><T96/><D125/><U50/><E71/><V52/><F105/><W2/><G2/><T39/><D134/><U106/><E67/><V70/><F70/><W130/><G130/><T123/><D123/><U63/><E106/><V64/><F64/><W14/><G14/><T120/><D120/><U80/><REACH who="1" step="1"/><E18/><REACH who="1" ten="250,240,250,250" step="2"/><V113/><F113/><W104/><G104/><T74/><D1/><U48/><AGARI ba="0,1" hai="40,43,44,47,48,50,54,57,63,79,80,84,85,86" machi="48" ten="20,16000,3" yaku="1,1,2,1,0,1,7,1,9,1,8,1,52,2,53,0" doraHai="38" doraHaiUra="94" who="1" fromWho="1" sc="250,-80,240,170,250,-40,250,-40" /><INIT seed="1,0,0,1,4,33" ten="170,410,210,210" oya="1" hai0="65,95,93,16,124,117,133,21,109,107,62,1,111" hai1="36,123,91,31,68,10,15,90,20,67,8,108,66" hai2="45,7,64,94,131,9,74,129,97,53,112,63,61" hai3="46,83,132,2,51,43,54,47,6,5,98,29,78"/><U12/><E36/><V103/><F74/><W18/><G132/><T59/><D117/><U58/><E68/><V56/><F112/><W89/><G29/><T92/><D107/><U102/><E102/><V28/><F28/><W55/><G18/><T70/><D133/><U79/><E79/><V50/><REACH who="2" step="1"/><F63/><REACH who="2" ten="170,410,200,210" step="2"/><W37/><G37/><T119/><D119/><U135/><E31/><V44/><F44/><W19/><G47/><T125/><D70/><U60/><E135/><V116/><F116/><W115/><G46/><T96/><D96/><U134/><E134/><V84/><F84/><W39/><G98/><T49/><D49/><U24/><E123/><V32/><F32/><W80/><G51/><T23/><D124/><U81/><E60/><V120/><F120/><W3/><G39/><T101/><D125/><U114/><E114/><V13/><AGARI ba="0,1" hai="7,9,13,45,50,53,56,61,64,94,97,103,129,131" machi="13" ten="30,2000,0" yaku="1,1,0,1,53,0" doraHai="33" doraHaiUra="72" who="2" fromWho="2" sc="170,-5,410,-10,200,30,210,-5" /><INIT seed="2,0,0,5,3,86" ten="165,400,230,205" oya="2" hai0="63,117,35,128,36,69,107,118,97,114,125,96,88" hai1="54,7,46,89,119,41,109,51,2,0,14,1,78" hai2="103,12,134,90,16,92,43,100,10,113,50,91,40" hai3="19,85,8,116,28,6,27,17,93,60,74,72,84"/><V71/><F113/><W55/><G116/><N who="0" m="44651" /><D35/><U65/><E119/><V24/><F71/><W76/><G84/><T127/><D36/><U110/><E78/><V82/><F134/><W29/><G29/><T70/><D114/><U38/><E65/><V104/><F104/><W21/><G72/><T133/><D133/><U48/><E89/><N who="2" m="33803" /><F82/><W23/><G74/><T53/><D128/><U73/><E73/><V131/><F131/><W95/><G28/><T83/><D107/><U111/><E54/><V47/><F43/><W45/><G85/><N who="0" m="50239" /><D53/><U32/><E32/><V34/><F34/><W115/><G76/><T124/><D63/><U79/><E79/><V56/><F56/><N who="3" m="34847" /><G45/><T120/><D120/><U126/><E126/><V11/><F24/><N who="3" m="14383" /><G115/><T59/><D59/><U99/><E99/><AGARI ba="0,0" hai="69,70,96,97,99,124,125,127" m="50239,44651" machi="99" ten="40,8000,1" yaku="18,1,12,1,52,1,54,1" doraHai="86" who="0" fromWho="1" sc="165,80,400,-80,230,0,205,0" /><INIT seed="3,0,0,0,3,132" ten="245,320,230,205" oya="3" hai0="122,58,7,10,46,95,8,55,52,32,70,85,107" hai1="26,65,98,45,47,106,9,31,96,82,125,123,28" hai2="74,75,66,40,133,4,116,72,111,118,90,5,76" hai3="20,128,18,99,91,22,79,12,120,63,53,42,48"/><W21/><G120/><T129/><D107/><U30/><E123/><V103/><F40/><W23/><G128/><T121/><D32/><U3/><E26/><V84/><F66/><W78/><G42/><T27/><D70/><U92/><E65/><V57/><F57/><W88/><G63/><T119/><D119/><N who="2" m="45610" /><F5/><W117/><G117/><T15/><D129/><U29/><E82/><N who="2" m="45343" /><F4/><W16/><G18/><T135/><D135/><U60/><E31/><V126/><F133/><W59/><REACH who="3" step="1"/><G88/><REACH who="3" ten="245,320,230,195" step="2"/><N who="0" m="53647" /><D121/><U62/><E60/><V41/><F41/><W110/><G110/><T71/><D122/><U87/><E62/><V36/><F111/><W43/><G43/><T112/><D71/><U94/><E30/><V131/><F131/><W1/><G1/><T39/><D39/><U50/><E3/><V108/><F108/><W100/><G100/><T49/><D112/><U67/><E50/><V37/><F103/><W113/><G113/><T0/><D0/><U127/><E67/><V93/><F36/><W44/><G44/><T11/><D27/><U13/><E13/><V25/><F37/><W54/><G54/><T81/><D81/><U89/><E89/><V101/><F25/><W80/><G80/><T97/><D97/><U6/><E6/><V77/><F101/><W130/><G130/><T104/><D104/><U33/><E106/><V86/><F90/><W109/><G109/><T24/><D24/><U19/><E19/><V34/><F77/><W14/><G14/><T83/><D83/><U2/><E2/><V35/><F72/><W68/><G68/><T38/><D38/><RYUUKYOKU ba="0,1" sc="245,15,320,-15,230,-15,195,15" hai0="7,8,10,11,15,46,49,52,55,58" hai3="12,16,20,21,22,23,48,53,59,78,79,91,99" /><INIT seed="3,1,1,2,4,69" ten="260,305,215,210" oya="3" hai0="57,35,65,21,55,80,94,78,40,70,82,103,60" hai1="38,20,90,19,98,116,85,97,88,28,62,74,83" hai2="106,14,50,27,71,23,39,92,119,122,105,0,29" hai3="34,67,125,120,22,95,64,32,81,33,37,134,107"/><W24/><G120/><T131/><D35/><U46/><E74/><V3/><F71/><W7/><G107/><T30/><D131/><U12/><E116/><V49/><F122/><W96/><G134/><T4/><D4/><U66/><E28/><V56/><F119/><W114/><G114/><T93/><D40/><U102/><E90/><V121/><F121/><W63/><G125/><T51/><D103/><U110/><E110/><V84/><F39/><W72/><G37/><T135/><D135/><U26/><E26/><V68/><F68/><W59/><G7/><T77/><D21/><U127/><E127/><V15/><F56/><W6/><G6/><T86/><D30/><U53/><E102/><V41/><F29/><W118/><G118/><T2/><D2/><U25/><E25/><V100/><F27/><W91/><G81/><T79/><D78/><U5/><E5/><V54/><F100/><W124/><G72/><AGARI ba="1,1" hai="51,55,57,60,65,70,72,77,79,80,82,86,93,94" machi="72" ten="30,1000,0" yaku="7,1" doraHai="69" who="0" fromWho="3" sc="260,23,305,0,215,0,210,-13" /><INIT seed="4,0,0,4,1,41" ten="283,305,215,197" oya="0" hai0="47,64,95,86,111,15,21,82,74,130,4,32,28" hai1="33,54,19,83,22,0,14,66,116,26,16,20,44" hai2="50,5,70,59,76,126,61,57,135,51,118,69,68" hai3="29,12,24,101,120,35,56,79,117,77,49,78,119"/><T84/><D74/><U102/><E0/><V87/><F5/><W13/><G120/><T88/><D32/><U92/><E116/><V104/><F104/><W45/><G101/><T94/><D111/><U48/><E33/><V71/><F76/><W97/><G97/><T72/><D72/><U90/><E66/><N who="2" m="41039" /><F87/><W39/><G56/><N who="2" m="21577" /><F118/><W63/><G39/><T109/><D109/><U103/><E83/><V1/><F1/><W132/><G132/><T128/><D64/><U10/><E10/><V23/><F23/><W65/><G12/><T40/><D28/><U80/><E80/><V67/><F135/><W133/><G133/><T6/><D21/><U107/><E107/><V55/><F126/><W11/><G63/><T3/><D3/><U73/><E73/><V127/><F127/><W42/><REACH who="3" step="1"/><G65/><REACH who="3" ten="283,305,215,187" step="2"/><T81/><D15/><U75/><E75/><V25/><F25/><W36/><G36/><T125/><D125/><U43/><E43/><V122/><F122/><W129/><G129/><N who="0" m="49771" /><D4/><AGARI ba="0,1" hai="4,11,13,24,29,35,42,45,49,77,78,79,117,119" machi="4" ten="40,2600,0" yaku="1,1,52,1,53,0" doraHai="41" doraHaiUra="99" who="3" fromWho="0" sc="283,-26,305,0,215,0,187,36" /><INIT seed="5,0,0,0,2,51" ten="257,305,215,223" oya="1" hai0="117,65,120,59,32,66,133,119,130,80,101,95,7" hai1="97,103,21,49,85,75,125,23,35,92,31,121,12" hai2="108,3,78,79,36,72,40,54,57,8,2,128,109" hai3="29,10,113,132,53,52,1,4,67,77,48,86,110"/><U116/><E75/><V38/><F128/><W73/><G110/><N who="2" m="42601" /><F40/><W39/><G39/><N who="2" m="14889" /><F8/><W83/><G113/><T45/><D32/><U99/><E116/><V126/><F57/><W88/><G132/><T5/><D133/><U93/><E121/><V46/><F46/><W112/><G112/><T89/><D120/><U106/><E125/><V20/><F20/><W74/><G67/><T122/><D122/><U58/><E35/><V102/><F102/><W24/><G48/><T63/><D130/><U26/><E85/><V42/><F42/><W37/><G37/><T131/><D131/><U87/><E87/><V30/><F30/><W60/><G60/><T76/><D101/><U111/><E111/><V68/><F68/><W98/><G98/><T124/><D124/><U115/><E115/><V17/><F126/><W69/><G69/><T105/><D105/><U94/><E21/><V118/><F17/><W50/><G50/><T43/><D66/><U107/><E12/><V18/><F18/><W19/><G19/><T27/><D27/><U61/><E49/><V55/><F118/><W15/><G15/><T71/><D71/><U62/><E62/><V129/><F129/><W84/><G84/><N who="0" m="48135" /><D119/><U41/><E41/><V114/><F114/><W90/><G74/><T11/><D11/><U96/><REACH who="1" step="1"/><E103/><REACH who="1" ten="257,295,215,223" step="2"/><V34/><F34/><N who="3" m="20775" /><G73/><T44/><D117/><U16/><E16/><V64/><F72/><W13/><G13/><T56/><D43/><U82/><E82/><V70/><F2/><W9/><G9/><T47/><D56/><U123/><E123/><V134/><F3/><RYUUKYOKU ba="0,1" sc="257,10,295,10,215,-30,223,10" hai0="5,7,44,45,47,59,63,65,89,95" hai1="23,26,31,58,61,92,93,94,96,97,99,106,107" hai3="1,4,10,52,53,77,83,86,88,90" /><INIT seed="5,1,1,4,4,88" ten="267,305,185,233" oya="1" hai0="90,13,80,70,104,128,52,55,67,122,116,7,54" hai1="93,15,23,57,107,24,10,18,94,133,38,9,61" hai2="118,110,36,11,86,43,48,17,53,127,29,132,113" hai3="102,97,28,35,108,45,83,121,112,119,96,92,33"/><U68/><E107/><V120/><F29/><W124/><G108/><T126/><D122/><U75/><E68/><V21/><F110/><W87/><G121/><T58/><D70/><U5/><E75/><V12/><F120/><W71/><G71/><T125/><D104/><U51/><E38/><V42/><F118/><W103/><G119/><T85/><D116/><U74/><E74/><V59/><F127/><N who="0" m="48650" /><D128/><U16/><E51/><V101/><F132/><W84/><G112/><T62/><D13/><N who="1" m="5295" /><E133/><V39/><F113/><W100/><G124/><T6/><AGARI ba="1,1" hai="6,7,52,54,55,58,62,67,80,85,90" m="48650" machi="6" ten="40,2700,0" yaku="18,1,54,1" doraHai="88" who="0" fromWho="0" sc="267,40,305,-14,185,-8,233,-8" /><INIT seed="6,0,0,1,0,45" ten="307,291,177,225" oya="2" hai0="82,114,11,96,94,41,123,69,1,26,21,6,76" hai1="85,130,32,119,92,40,61,71,89,33,80,91,115" hai2="104,43,135,100,48,46,106,109,56,60,10,28,58" hai3="27,132,95,42,98,63,34,72,117,12,102,107,62"/><V79/><F135/><W30/><G117/><T13/><D69/><U99/><E119/><V36/><F109/><W47/><G132/><T113/><D123/><U105/><E115/><N who="0" m="44041" /><D41/><U54/><E130/><V121/><F121/><W131/><G131/><T101/><D1/><U31/><E40/><V134/><F134/><W0/><G0/><T84/><D21/><U53/><E105/><V20/><F79/><W90/><G72/><T128/><D26/><U127/><E127/><V118/><F118/><W49/><REACH who="3" step="1"/><G12/><REACH who="3" ten="307,291,177,215" step="2"/><T78/><D128/><U52/><REACH who="1" step="1"/><E31/><REACH who="1" ten="307,281,177,215" step="2"/><V24/><F28/><W50/><G50/><T68/><D68/><U86/><E86/><AGARI ba="0,2" hai="27,30,34,42,47,49,62,63,86,90,95,98,102,107" machi="86" ten="30,3900,0" yaku="1,1,7,1,52,1,53,0" doraHai="45" doraHaiUra="108" who="3" fromWho="1" sc="307,0,281,-39,177,0,215,59" /><INIT seed="7,0,0,3,4,134" ten="307,242,177,274" oya="3" hai0="109,114,28,97,18,35,125,69,75,13,105,4,127" hai1="92,82,54,37,83,10,14,50,46,71,90,30,41" hai2="36,126,7,3,116,129,9,107,52,124,65,115,45" hai3="86,89,122,61,131,88,26,99,120,111,119,6,81"/><W8/><G119/><T104/><D75/><U22/><E71/><V24/><F116/><W98/><G26/><N who="0" m="18839" /><D109/><U12/><E12/><V39/><F107/><N who="0" m="41034" /><D97/><N who="3" m="36873" /><G61/><T25/><D25/><U49/><E30/><V135/><F115/><W57/><G57/><T42/><D42/><U95/><E22/><V20/><F129/><W27/><G8/><N who="0" m="6439" /><D69/><U33/><E33/><V5/><F5/><W17/><G17/><T74/><D74/><U64/><E64/><V15/><F3/><W44/><G44/><T123/><D123/><N who="3" m="47145" /><G27/><T87/><D87/><N who="1" m="50559" /><E37/><N who="2" m="14411" /><F65/><W117/><G6/><T72/><D72/><U56/><E82/><V23/><F135/><W70/><G70/><T0/><D114/><U130/><E130/><V85/><F85/><N who="3" m="50223" /><G131/><T103/><D4/><AGARI ba="0,0" hai="4,10,14,41,46,49,50,54,56,92,95" m="50559" machi="4" ten="30,1000,0" yaku="8,1" doraHai="134" who="1" fromWho="0" sc="307,-10,242,10,177,0,274,0" /><INIT seed="8,0,0,0,1,76" ten="297,252,177,274" oya="0" hai0="115,20,15,75,87,113,110,6,57,31,65,123,111" hai1="39,56,132,79,41,22,72,59,106,23,97,66,122" hai2="121,54,8,95,40,134,104,12,14,30,45,103,69" hai3="58,10,19,82,85,89,4,9,119,35,7,101,33"/><T0/><D75/><U28/><E122/><V73/><F121/><W5/><G119/><T67/><D123/><U60/><E132/><V133/><F104/><W36/><G36/><T117/><D117/><U29/><E39/><V68/><F73/><W77/><G101/><T129/><D129/><U43/><E106/><V70/><F54/><W63/><G35/><T99/><D99/><U2/><E2/><V128/><F30/><W102/><G33/><T38/><D38/><U64/><E97/><N who="2" m="59839" /><F128/><W16/><G102/><T100/><D100/><U84/><E72/><V49/><F8/><N who="3" m="3179" /><G77/><T92/><D0/><U120/><E120/><V17/><F17/><W109/><G109/><N who="0" m="41483" /><D6/><U71/><E71/><V112/><F112/><W80/><G80/><T107/><D107/><U90/><E79/><V48/><F48/><W127/><G127/><T88/><D57/><U47/><E59/><V108/><F108/><W1/><G1/><T83/><D92/><U24/><E47/><V42/><F42/><W53/><AGARI ba="0,0" hai="4,5,7,16,19,53,58,63,82,85,89" m="3179" machi="53" ten="30,4000,0" yaku="8,1,52,1,54,1" doraHai="76" who="3" fromWho="3" sc="297,-20,252,-10,177,-10,274,40" owari="277,8.0,242,-16.0,167,-33.0,314,41.0" /></mjloggm>