<mjloggm ver="2.3"><GO type="169" lobby="0"/><UN n0="%E3%83%92%E3%83%AB%E3%83%99%E3%83%AB%E3%83%88" n1="%E3%81%B9%E3%81%AB%E3%81%8F%E3%82%93" n2="%E5%A4%A7%E6%A5%A0%E5%85%AC" n3="%E5%B0%B1%E6%B4%BB%E7%94%9F%40%E5%B7%9D%E6%9D%91%E8%BB%8D%E5%9B%A3" dan="17,16,17,18" rate="2136.59,2110.07,2157.94,2305.30" sx="M,F,M,M"/><TAIKYOKU oya="0"/><INIT seed="0,0,0,0,0,19" ten="250,250,250,250" oya="0" hai0="121,27,39,2,110,66,115,14,36,10,122,30,79" hai1="69,0,24,12,96,102,50,4,1,34,101,94,133" hai2="84,56,85,76,91,3,46,128,126,89,127,57,60" hai3="72,92,97,65,135,64,43,100,49,80,31,105,118"/><T47/><D115/><U16/><E133/><V81/><F128/><W114/><G118/><T90/><D110/><U82/><E69/><V22/><F3/><W63/><G114/><T83/><D66/><U88/><E50/><V107/><F107/><W93/><G135/><T5/><D90/><U9/><E82/><V123/><F123/><W67/><G63/><T17/><D39/><U62/><E62/><V33/><F33/><W13/><G31/><T51/><D36/><U98/><E98/><V132/><F132/><W52/><G43/><T108/><D108/><U7/><E0/><V26/><F46/><W130/><G130/><T37/><D37/><U75/><E75/><V78/><F127/><W77/><REACH who="3" step="1"/><G13/><REACH who="3" ten="250,250,250,240" step="2"/><T15/><D15/><U120/><E120/><V28/><F126/><W68/><G68/><T6/><D2/><U53/><E1/><V106/><F106/><W111/><G111/><T74/><D122/><U86/><E12/><V41/><F41/><W61/><G61/><T73/><D121/><U116/><E116/><V20/><F60/><W104/><G104/><T35/><D74/><U44/><E53/><AGARI ba="0,1" hai="5,6,10,14,17,27,30,35,47,51,53,73,79,83" machi="53" ten="30,1500,0" yaku="7,1" doraHai="19" who="0" fromWho="1" sc="250,25,250,-15,250,0,240,0" /><INIT seed="0,1,0,1,2,70" ten="275,235,250,240" oya="0" hai0="114,16,42,37,108,88,77,69,40,89,72,44,53" hai1="47,13,101,62,105,36,90,66,1,56,112,46,94" hai2="33,107,98,100,3,103,60,113,129,5,95,133,106" hai3="128,84,74,9,30,120,83,11,52,18,82,117,4"/><T6/><D114/><U31/><E1/><V8/><F113/><W59/><G117/><T51/><D69/><U122/><E122/><V79/><F33/><W132/><G132/><T91/><D42/><U43/><E112/><V86/><F133/><W26/><G128/><T49/><D6/><U15/><E31/><V22/><F129/><W17/><G74/><T76/><D108/><U99/><REACH who="1" step="1"/><E46/><REACH who="1" ten="275,225,250,240" step="2"/><V119/><F119/><W134/><G120/><T14/><D72/><U64/><E64/><V23/><F107/><W115/><G115/><T25/><D25/><U65/><E65/><V57/><F106/><W118/><G118/><T131/><D131/><U24/><E24/><V81/><F103/><W126/><G134/><T28/><D28/><U96/><AGARI ba="1,1" hai="13,15,36,43,47,56,62,66,90,94,96,99,101,105" machi="96" ten="20,5200,0" yaku="1,1,0,1,7,1,52,1,53,0" doraHai="70" doraHaiUra="27" who="1" fromWho="1" sc="275,-27,225,65,250,-14,240,-14" /><INIT seed="1,0,0,1,4,21" ten="248,290,236,226" oya="1" hai0="98,22,33,78,119,130,36,53,39,37,44,107,3" hai1="29,88,123,23,79,41,106,42,125,99,82,121,26" hai2="112,65,49,116,17,31,0,9,97,96,15,113,73" hai3="68,35,76,128,75,27,11,111,13,93,124,52,134"/><U62/><E125/><V48/><F116/><W115/><G68/><T46/><D33/><U94/><E106/><V69/><F73/><W110/><G115/><N who="2" m="44105" /><F0/><W30/><G124/><T24/><D3/><U118/><E118/><V70/><F31/><W74/><G128/><T32/><D32/><U103/><E103/><V63/><F70/><W6/><G134/><T89/><D78/><U47/><E62/><V5/><F5/><W109/><G76/><T25/><D22/><U108/><E108/><V133/><F133/><W91/><REACH who="3" step="1"/><G52/><REACH who="3" ten="248,290,236,216" step="2"/><T72/><D53/><U54/><E54/><V84/><F69/><W16/><G16/><T95/><D130/><U87/><REACH who="1" step="1"/><E41/><REACH who="1" ten="248,280,236,216" step="2"/><V66/><F63/><W56/><G56/><T100/><D119/><U129/><E129/><V14/><F66/><W8/><G8/><T80/><D107/><U64/><E64/><V126/><F65/><W57/><G57/><T38/><D46/><U127/><E127/><V4/><F126/><W12/><G12/><T77/><D44/><U104/><E104/><V83/><F15/><W34/><G34/><T43/><D43/><U10/><E10/><V132/><F132/><W131/><G131/><T92/><N who="0" m="9216" /><DORA hai="60" /><T71/><REACH who="0" step="1"/><D71/><REACH who="0" ten="238,280,236,216" step="2"/><U1/><E1/><V61/><F61/><W85/><AGARI ba="0,3" hai="6,11,13,27,30,35,74,75,85,91,93,109,110,111" machi="85" ten="30,8000,1" yaku="1,1,0,1,14,1,52,1,53,1" doraHai="21,60" doraHaiUra="81,50" who="3" fromWho="3" sc="238,-20,280,-40,236,-20,216,110" /><INIT seed="2,0,0,5,4,41" ten="218,240,216,326" oya="2" hai0="53,132,64,0,72,3,93,21,15,121,77,20,83" hai1="113,35,18,1,133,81,131,105,51,62,107,69,52" hai2="126,127,40,45,29,68,87,115,38,90,48,67,117" hai3="111,46,103,12,55,9,44,74,118,61,43,95,78"/><V88/><F117/><W82/><G118/><T8/><D121/><U4/><E113/><V50/><F115/><W10/><G111/><T31/><D132/><U23/><E35/><V94/><F29/><W34/><G34/><T99/><D64/><U60/><E133/><V27/><F27/><W25/><G25/><T80/><D80/><U16/><E131/><V56/><F90/><W100/><G10/><T112/><D112/><U65/><E62/><N who="2" m="38343" /><F68/><W98/><G103/><T122/><D122/><U71/><E71/><V129/><F129/><W79/><G79/><T97/><D97/><U7/><E81/><V13/><F13/><W119/><G119/><T135/><D135/><U22/><E1/><V114/><F114/><W89/><G100/><T37/><D37/><U59/><E107/><V70/><F70/><W11/><G12/><T96/><D96/><U36/><E105/><V86/><F87/><W42/><G42/><T116/><D116/><U91/><E91/><V14/><F14/><W84/><G74/><T63/><D31/><U106/><E106/><V5/><F5/><N who="1" m="2121" /><E36/><V19/><F19/><W102/><G102/><N who="0" m="60783" /><D0/><U124/><E69/><V108/><F108/><W101/><G101/><T39/><D39/><U128/><E128/><V33/><F33/><W109/><G109/><T17/><D3/><U28/><E28/><V73/><F73/><W32/><G32/><T26/><D26/><U75/><E75/><V125/><AGARI ba="0,0" hai="38,40,45,48,50,86,88,94,125,126,127" m="38343" machi="125" ten="30,6000,0" yaku="18,1,52,1,54,1" doraHai="41" who="2" fromWho="2" sc="218,-20,240,-20,216,60,326,-20" /><INIT seed="2,1,0,5,2,32" ten="198,220,276,306" oya="2" hai0="122,61,74,117,67,68,115,105,101,43,31,99,92" hai1="58,130,14,25,64,131,106,40,9,30,38,0,110" hai2="11,123,49,133,75,45,34,108,39,121,71,120,1" hai3="113,93,88,118,126,135,53,80,37,55,33,125,94"/><V112/><F112/><W16/><G33/><T66/><D115/><U107/><E110/><V13/><F108/><W36/><G118/><T4/><D117/><U69/><E69/><V12/><F133/><W17/><G113/><T96/><D67/><U89/><E89/><V46/><F71/><W27/><G27/><T72/><D122/><U65/><E40/><V104/><F34/><W62/><G62/><T129/><D129/><N who="1" m="49163" /><E38/><N who="3" m="14954" /><G80/><T35/><D4/><N who="1" m="1159" /><E14/><V60/><F39/><W132/><G55/><T103/><D43/><U15/><E15/><V47/><F49/><W8/><G53/><T86/><D86/><U87/><E87/><V19/><F75/><W83/><G83/><T102/><D101/><U54/><E107/><V97/><F60/><W28/><G28/><T20/><REACH who="0" step="1"/><D20/><REACH who="0" ten="188,220,276,306" step="2"/><U119/><E119/><V44/><F123/><W84/><G132/><T59/><D59/><U29/><E65/><V91/><F121/><W48/><G135/><T51/><D51/><U56/><E64/><V41/><F41/><W77/><G84/><T70/><D70/><U2/><E58/><V26/><F120/><W81/><G48/><T73/><D73/><U85/><E85/><V98/><F46/><W57/><G57/><T21/><D21/><U95/><E56/><V10/><F47/><W18/><G81/><T42/><D42/><U90/><E54/><V63/><F45/><W100/><G100/><T76/><D76/><U134/><E134/><V3/><F44/><W6/><G77/><T124/><D124/><N who="3" m="47721" /><G88/><T5/><D5/><U7/><E7/><V50/><F91/><RYUUKYOKU ba="1,1" sc="188,15,220,-15,276,-15,306,15" hai0="31,35,61,66,68,72,74,92,96,99,102,103,105" hai3="6,8,16,17,18,93,94" /><INIT seed="3,2,1,1,2,4" ten="203,205,261,321" oya="3" hai0="15,7,38,125,133,132,9,56,107,59,131,44,126" hai1="14,120,100,76,113,108,117,80,78,135,119,63,8" hai2="87,72,129,33,16,104,0,77,40,84,30,17,103" hai3="32,83,90,69,60,47,6,92,115,51,1,79,74"/><W49/><G115/><T85/><D107/><U29/><E113/><V3/><F129/><W106/><G32/><T121/><D121/><U123/><E108/><V112/><F112/><W89/><G106/><T96/><D131/><U57/><E100/><V134/><F134/><N who="0" m="51818" /><D96/><U109/><E109/><V22/><F40/><W75/><G75/><T98/><D98/><U64/><E29/><V82/><F104/><W93/><G93/><T67/><D85/><U114/><E114/><V5/><F103/><W50/><G47/><T25/><D25/><U110/><E110/><V116/><F116/><N who="1" m="44617" /><E135/><V21/><F33/><W62/><G69/><T48/><D38/><U61/><E61/><V97/><F97/><W42/><G42/><N who="0" m="24599" /><D67/><U43/><E43/><V122/><F30/><W19/><G19/><T26/><D26/><U13/><E78/><V105/><F105/><W68/><G68/><T70/><D70/><U24/><E24/><V34/><F34/><W27/><G27/><T46/><D46/><U99/><E99/><V65/><F65/><W31/><G31/><T23/><D23/><U54/><E64/><V58/><F122/><W86/><G90/><T101/><D101/><U36/><E36/><V18/><F58/><AGARI ba="2,1" hai="7,9,15,56,58,59,125,126" m="24599,51818" machi="58" ten="30,2000,0" yaku="20,1,52,1" doraHai="4" who="0" fromWho="2" sc="203,36,205,0,261,-26,321,0" /><INIT seed="4,0,0,1,1,118" ten="239,205,235,321" oya="0" hai0="27,55,63,46,102,71,1,61,98,112,132,80,104" hai1="78,97,41,110,0,92,26,28,70,74,59,65,52" hai2="122,24,87,124,120,119,85,72,105,48,19,5,21" hai3="15,64,14,54,96,133,57,16,11,89,79,45,62"/><T56/><D132/><U37/><E110/><V22/><F72/><W12/><G133/><T23/><D112/><U31/><E0/><V35/><F105/><W83/><G96/><T75/><D1/><U81/><E70/><V101/><F101/><W128/><G128/><T91/><D46/><U50/><E65/><V135/><F135/><W111/><G111/><T40/><D40/><U2/><E2/><V68/><F68/><W44/><G89/><T82/><D75/><U134/><E134/><V116/><F48/><W73/><G64/><T60/><D71/><U115/><E115/><V114/><F114/><W13/><AGARI ba="0,0" hai="11,12,13,14,15,16,44,45,54,57,62,73,79,83" machi="13" ten="30,2000,0" yaku="0,1,54,1" doraHai="118" who="3" fromWho="3" sc="239,-10,205,-5,235,-5,321,20" /><INIT seed="5,0,0,1,4,27" ten="229,200,230,341" oya="1" hai0="126,117,18,76,52,98,82,53,35,56,110,81,22" hai1="83,63,70,49,72,13,66,75,42,129,112,33,123" hai2="103,5,28,108,60,38,32,90,43,80,25,61,124" hai3="4,97,30,69,78,23,11,26,9,16,100,101,67"/><U54/><E123/><V14/><F108/><W31/><G69/><T77/><D35/><U29/><E129/><V92/><F124/><W44/><G67/><T19/><D110/><U79/><E112/><V74/><F103/><N who="3" m="39499" /><G97/><T15/><D98/><U3/><E3/><V10/><F43/><W86/><G44/><T87/><D126/><U118/><E118/><V104/><F38/><W99/><G99/><T120/><D117/><U109/><E109/><V121/><F104/><W46/><G46/><T91/><D120/><U57/><E42/><V8/><F121/><W62/><G62/><T64/><D64/><U94/><E13/><V135/><F135/><W133/><G133/><T71/><D71/><U24/><REACH who="1" step="1"/><E94/><REACH who="1" ten="229,190,230,341" step="2"/><V105/><F105/><W106/><G106/><T132/><D132/><U20/><E20/><V116/><F116/><W130/><G130/><T119/><D119/><U41/><E41/><V7/><F92/><W34/><G34/><T68/><D22/><U55/><E55/><V65/><F65/><W107/><G107/><T47/><D15/><U111/><E111/><V17/><F32/><W95/><G95/><T21/><D21/><U88/><E88/><V102/><F102/><W122/><G122/><T37/><D91/><U12/><E12/><V39/><F90/><W59/><G4/><T1/><D1/><U128/><E128/><V48/><F5/><W125/><G125/><T96/><D53/><U115/><E115/><V58/><F7/><W36/><G23/><T6/><D6/><U40/><E40/><V2/><F2/><W45/><G36/><RYUUKYOKU ba="0,1" sc="229,-10,190,30,230,-10,341,-10" hai1="24,29,33,49,54,57,63,66,70,72,75,79,83" /><INIT seed="5,1,1,2,5,90" ten="219,220,220,331" oya="1" hai0="34,37,64,133,91,93,81,60,102,15,13,87,107" hai1="78,16,44,71,86,19,123,110,1,75,58,42,76" hai2="0,116,9,124,8,12,68,105,118,21,113,117,2" hai3="96,80,129,88,85,14,51,20,3,35,6,95,49"/><U5/><E71/><V57/><F105/><W25/><G35/><T54/><D37/><N who="1" m="21583" /><E123/><V7/><F68/><W55/><G3/><T122/><D122/><U121/><E121/><V17/><F57/><W112/><G112/><T73/><D34/><U103/><E110/><V50/><F50/><W77/><G129/><T106/><D54/><U66/><E103/><V97/><F97/><W30/><G55/><T109/><D109/><U132/><E86/><V18/><F113/><W48/><G6/><T128/><D128/><U108/><E78/><V32/><F32/><W63/><G14/><T104/><D133/><U27/><E27/><V29/><F29/><W23/><G23/><T28/><D28/><U26/><E26/><V43/><F43/><W22/><G22/><T99/><REACH who="0" step="1"/><D73/><REACH who="0" ten="209,220,220,331" step="2"/><U119/><E132/><V83/><F124/><W92/><G63/><T62/><D62/><U52/><E108/><V84/><F116/><W69/><G69/><AGARI ba="1,2" hai="13,15,60,64,69,81,87,91,93,99,102,104,106,107" machi="69" ten="40,5200,0" yaku="1,1,52,1,53,1" doraHai="90" doraHaiUra="94" who="0" fromWho="3" sc="209,75,220,0,220,0,331,-55" /><INIT seed="6,0,0,2,4,38" ten="284,220,220,276" oya="2" hai0="42,31,25,89,26,96,104,78,75,83,23,70,12" hai1="84,15,85,34,50,41,132,7,107,119,11,98,19" hai2="129,135,110,125,51,71,74,128,93,88,106,69,112" hai3="80,17,76,134,115,79,91,67,40,87,63,113,45"/><V100/><F74/><W55/><G55/><T99/><D70/><N who="2" m="26634" /><F106/><W32/><G32/><T53/><D53/><U116/><E34/><V0/><F100/><W120/><G120/><T18/><D104/><U61/><E132/><V8/><F135/><W37/><G134/><T118/><D118/><U56/><E116/><V73/><F73/><W86/><G17/><T121/><D121/><U5/><E119/><V62/><F62/><W33/><G33/><T9/><D89/><U46/><E107/><V52/><F110/><W48/><G37/><T68/><D68/><U10/><E98/><N who="2" m="57639" /><F0/><W108/><G108/><T72/><D72/><U60/><E19/><V44/><F8/><W90/><G63/><T4/><D42/><U103/><E103/><V14/><F14/><W66/><G79/><T6/><D6/><U102/><E102/><V47/><F125/><W126/><G126/><T24/><D24/><U13/><E61/><V105/><F105/><W124/><G124/><T35/><AGARI ba="0,0" hai="4,9,12,18,23,25,26,31,35,75,78,83,96,99" machi="35" ten="20,1500,0" yaku="0,1,7,1" doraHai="38" who="0" fromWho="0" sc="284,15,220,-4,220,-7,276,-4" /><INIT seed="7,0,0,2,5,92" ten="299,216,213,272" oya="3" hai0="1,114,2,100,70,98,17,128,59,85,8,24,60" hai1="109,25,126,78,124,63,62,94,82,83,5,76,39" hai2="9,64,13,106,93,23,48,31,117,40,45,0,129" hai3="115,125,50,44,37,34,116,41,91,133,119,113,89"/><W43/><G34/><T15/><D70/><U46/><E109/><V49/><F106/><W30/><G30/><T122/><D122/><U71/><E5/><V73/><F117/><N who="3" m="45131" /><G91/><T27/><D114/><N who="3" m="43529" /><G89/><T102/><D128/><U134/><E134/><V65/><F129/><W18/><G18/><T68/><D68/><U127/><E71/><V52/><F73/><W35/><G35/><T32/><D102/><U4/><E4/><N who="2" m="3239" /><F0/><W57/><G125/><T80/><D32/><U84/><E94/><V103/><F103/><W86/><G86/><T88/><D1/><U90/><E25/><N who="2" m="16831" /><F93/><W12/><G12/><T121/><D121/><U101/><E101/><V3/><F3/><W55/><G41/><T72/><D2/><U74/><E90/><V61/><F61/><N who="3" m="36031" /><G133/><T29/><D29/><U111/><E126/><V77/><F77/><W135/><G135/><T132/><D72/><U22/><E74/><V96/><F96/><W131/><G131/><T81/><D81/><U99/><E82/><V104/><F104/><W112/><G112/><T107/><D132/><U21/><E99/><V108/><F108/><W36/><AGARI ba="0,0" hai="36,37,43,44,50" m="36031,43529,45131" machi="36" ten="40,7800,0" yaku="15,1,34,2" doraHai="92" who="3" fromWho="3" sc="299,-26,216,-26,213,-26,272,78" owari="273,7.0,190,-21.0,187,-31.0,350,45.0" /></mjloggm>