<mjloggm ver="2.3"><GO type="169" lobby="0"/><UN n0="%63%72%69%74%74%65%72" n1="%E5%B0%B1%E6%B4%BB%E7%94%9F%40%E5%B7%9D%E6%9D%91%E8%BB%8D%E5%9B%A3" n2="%E9%88%B4%E5%B1%8B%E5%86%85%E4%BA%94%E6%9B%B2" n3="%E3%82%82%E3%82%84%E3%81%97%E3%82%82%E3%82%93" dan="16,19,16,16" rate="2158.04,2371.06,2075.23,2162.51" sx="M,M,M,F"/><TAIKYOKU oya="0"/><INIT seed="0,0,0,3,1,55" ten="250,250,250,250" oya="0" hai0="48,15,50,34,36,103,113,28,81,85,2,75,108" hai1="53,96,90,29,127,126,31,44,21,87,57,121,84" hai2="76,59,66,93,1,98,114,100,7,64,129,22,10" hai3="46,60,77,120,18,111,19,65,39,131,89,49,119"/><T94/><D113/><U115/><E121/><V32/><F32/><W54/><G119/><T40/><D2/><U13/><E115/><V14/><F114/><W82/><G120/><T8/><D75/><U63/><E96/><V128/><F76/><W41/><G111/><T134/><D108/><U4/><E84/><V92/><F92/><W0/><G89/><T116/><D116/><U97/><E97/><V5/><F5/><W62/><G0/><T26/><D134/><U72/><E72/><V135/><F135/><W17/><G131/><T30/><D30/><U80/><E44/><V118/><F118/><W101/><G101/><T106/><D106/><U35/><E35/><V133/><F133/><W99/><G99/><T24/><D24/><U69/><E69/><V112/><F112/><W74/><REACH who="3" step="1"/><G65/><REACH who="3" ten="250,250,250,240" step="2"/><T107/><D103/><U79/><E90/><V23/><F66/><W25/><G25/><T109/><D26/><U102/><E102/><V6/><F129/><W125/><G125/><T122/><D122/><U45/><E127/><V110/><F110/><W27/><G27/><T70/><D109/><U71/><E126/><V67/><F67/><W20/><G20/><T42/><D34/><U3/><E3/><V16/><F1/><W43/><G43/><T88/><D40/><U117/><E117/><V56/><F64/><W95/><G95/><T9/><D42/><U11/><E71/><V132/><F128/><W58/><AGARI ba="0,1" hai="17,18,19,39,41,46,49,54,58,60,62,74,77,82" machi="58" ten="30,12000,2" yaku="1,1,0,1,52,1,53,3" doraHai="55" doraHaiUra="12" who="3" fromWho="3" sc="250,-60,250,-30,250,-30,240,130" /><INIT seed="1,0,0,1,0,99" ten="190,220,220,370" oya="1" hai0="17,53,15,6,90,46,64,107,4,83,20,114,10" hai1="37,25,44,38,68,2,12,118,69,130,54,35,0" hai2="23,52,96,101,33,105,27,1,26,121,82,9,48" hai3="89,8,29,117,47,32,40,5,50,108,81,125,129"/><U57/><E118/><V77/><F33/><W66/><G117/><T76/><D114/><U11/><E130/><V86/><F121/><W72/><G129/><T74/><D107/><U73/><E73/><V85/><F85/><W49/><G108/><T88/><D64/><U14/><E35/><V80/><F80/><W42/><G66/><T45/><D4/><U122/><E122/><V62/><F62/><W120/><G120/><T93/><D53/><U55/><E25/><V94/><F105/><W115/><G115/><T63/><D63/><U124/><E57/><V21/><F1/><W60/><G60/><T97/><REACH who="0" step="1"/><D90/><REACH who="0" ten="180,220,220,370" step="2"/><U70/><E124/><V61/><F61/><W100/><G5/><T19/><D19/><U102/><E69/><V128/><F128/><W65/><G65/><T51/><D51/><U123/><E123/><V39/><F39/><W119/><G50/><T75/><D75/><U84/><E44/><V56/><F9/><W110/><G49/><T34/><D34/><U13/><E68/><V16/><F23/><W132/><G47/><T135/><D135/><U106/><E70/><V58/><F56/><W22/><G132/><T41/><D41/><U111/><E38/><V43/><F43/><W78/><G40/><T67/><D67/><U112/><E37/><V7/><F7/><W126/><G42/><T18/><D18/><U113/><E113/><V31/><F31/><W131/><G131/><T98/><D98/><U59/><E112/><V36/><F36/><W91/><G125/><T103/><D103/><U79/><E106/><V104/><F104/><RYUUKYOKU ba="0,1" sc="180,15,220,-15,220,15,370,-15" hai0="6,10,15,17,20,45,46,74,76,83,88,93,97" hai2="16,21,26,27,48,52,58,77,82,86,94,96,101" /><INIT seed="2,1,1,0,2,102" ten="195,205,235,355" oya="2" hai0="92,7,109,86,131,97,108,41,79,113,35,23,10" hai1="70,49,125,68,133,30,100,106,105,87,29,16,22" hai2="134,117,1,88,103,118,17,55,132,21,67,42,4" hai3="71,61,63,27,119,101,43,39,19,83,5,77,122"/><V110/><F42/><W58/><G119/><T127/><D113/><U2/><E2/><V107/><F67/><W91/><G122/><T33/><D127/><U116/><E116/><V46/><F4/><W20/><G101/><T51/><D131/><U78/><E125/><V64/><F64/><W89/><G5/><T53/><D41/><U24/><E133/><V98/><F1/><W95/><G71/><T44/><D23/><U76/><E100/><V82/><F46/><W104/><G104/><T13/><D97/><U60/><E60/><V96/><F55/><W12/><G63/><T135/><D135/><N who="2" m="51754" /><F110/><N who="0" m="42602" /><D92/><U48/><E87/><N who="2" m="50295" /><F96/><W85/><G43/><T81/><AGARI ba="1,1" hai="7,10,13,33,35,44,51,53,79,81,86" m="42602" machi="81" ten="30,1100,0" yaku="14,1" doraHai="102" who="0" fromWho="0" sc="195,24,205,-4,235,-6,355,-4" /><INIT seed="3,0,0,4,2,117" ten="219,201,229,351" oya="3" hai0="80,19,21,66,16,50,89,61,101,45,27,64,115" hai1="36,103,93,35,12,2,68,106,7,112,60,79,87" hai2="52,33,31,28,6,134,130,14,78,96,131,109,10" hai3="76,17,40,75,119,77,91,135,4,26,3,65,114"/><W74/><G114/><T42/><D115/><U30/><E112/><V97/><F78/><W1/><G119/><T5/><D5/><U56/><E36/><V41/><F41/><W82/><G40/><T120/><D120/><U104/><E2/><V39/><F39/><W48/><G65/><T15/><D101/><U92/><E68/><V90/><F109/><W110/><G110/><T43/><D43/><U127/><E127/><V18/><F134/><W57/><G91/><T58/><D89/><U123/><E35/><V81/><F6/><W118/><G4/><T0/><D0/><U129/><E123/><V37/><F37/><W95/><G95/><T94/><D94/><U133/><E30/><V9/><F33/><W107/><G107/><T13/><D80/><U88/><E129/><V83/><F14/><W71/><G71/><T122/><D122/><U67/><E133/><V128/><F128/><W102/><G102/><T47/><D47/><U38/><E38/><V70/><F70/><W34/><G135/><T84/><D84/><U125/><E125/><V105/><F90/><W11/><G118/><T46/><D46/><U126/><E126/><V55/><F18/><N who="0" m="6698" /><D66/><U116/><E116/><V121/><F105/><N who="1" m="40553" /><E79/><V86/><F86/><N who="3" m="48455" /><G77/><T44/><D44/><U132/><E132/><V32/><F121/><W85/><G85/><T72/><D72/><N who="3" m="27689" /><G34/><T8/><D8/><N who="1" m="4127" /><E103/><V124/><F124/><W108/><G108/><T111/><D111/><U22/><E93/><V51/><F32/><W29/><G1/><T49/><D49/><AGARI ba="0,0" hai="9,10,28,31,49,51,52,55,81,83,96,97,130,131" machi="49" ten="25,3200,0" yaku="22,2,54,1" doraHai="117" who="2" fromWho="0" sc="219,-32,201,0,229,32,351,0" /><INIT seed="4,0,0,3,3,123" ten="187,201,261,351" oya="0" hai0="118,66,127,35,101,131,84,104,50,97,10,8,60" hai1="2,128,4,46,89,67,117,36,5,71,58,112,73" hai2="106,14,83,24,87,16,64,18,53,48,81,86,15" hai3="39,13,29,44,65,80,19,95,54,109,94,7,91"/><T130/><D118/><U111/><E111/><V52/><F106/><W107/><G109/><T115/><D115/><U68/><E73/><V93/><F64/><W1/><G107/><T85/><D127/><U28/><E28/><V105/><F105/><W57/><G29/><T59/><D35/><U12/><E2/><V76/><F93/><W92/><G1/><T22/><D22/><U125/><E89/><V61/><F61/><N who="3" m="38063" /><G7/><T78/><D50/><U108/><E12/><V40/><F40/><W99/><G39/><T56/><D56/><U30/><E30/><V43/><F43/><W17/><G80/><N who="0" m="47127" /><D85/><U75/><E75/><V49/><F24/><W41/><G41/><T72/><D72/><U134/><E108/><V37/><REACH who="2" step="1"/><F76/><REACH who="2" ten="187,201,251,351" step="2"/><W23/><G94/><T74/><D66/><U69/><E67/><V90/><F90/><W26/><G92/><T116/><D104/><U38/><E71/><V34/><F34/><W47/><G54/><T62/><D60/><U119/><E69/><V124/><F124/><W9/><AGARI ba="0,1" hai="9,13,17,19,23,26,44,47,91,95,99" m="38063" machi="9" ten="30,1100,0" yaku="8,1" doraHai="123" who="3" fromWho="3" sc="187,-5,201,-3,251,-3,351,21" /><INIT seed="5,0,0,0,1,121" ten="182,198,248,372" oya="1" hai0="84,82,72,4,125,3,33,112,100,120,40,41,73" hai1="111,43,62,123,27,78,10,8,118,9,107,135,90" hai2="97,29,6,116,5,35,106,126,54,133,134,55,92" hai3="1,24,132,0,80,64,103,45,93,46,102,98,31"/><U81/><E123/><V18/><F106/><W36/><G132/><N who="2" m="50793" /><F116/><W67/><G80/><T49/><D120/><U89/><E135/><V32/><F18/><W22/><G102/><T117/><D117/><U109/><E118/><V114/><F126/><W53/><G36/><T128/><D125/><U50/><E107/><V115/><F97/><W96/><G96/><T26/><D112/><N who="2" m="43050" /><F29/><W66/><REACH who="3" step="1"/><G53/><REACH who="3" ten="182,198,248,362" step="2"/><N who="2" m="19977" /><F92/><W71/><G71/><T75/><D82/><U20/><E81/><V58/><F58/><W25/><G25/><T28/><D26/><U124/><E124/><V131/><F131/><W37/><G37/><T52/><D128/><U94/><E94/><V42/><F42/><W68/><G68/><T21/><D41/><U95/><E95/><V119/><F119/><W38/><G38/><T127/><D40/><U63/><E27/><V16/><F16/><W44/><AGARI ba="0,1" hai="0,1,22,24,31,44,45,46,64,66,67,93,98,103" machi="44" ten="30,4000,0" yaku="1,1,0,1,53,1" doraHai="121" doraHaiUra="23" who="3" fromWho="3" sc="182,-10,198,-20,248,-10,362,50" /><INIT seed="6,0,0,4,3,104" ten="172,178,238,412" oya="2" hai0="9,27,96,87,127,36,125,111,93,7,34,105,89" hai1="124,132,94,106,39,135,41,112,2,101,6,20,121" hai2="80,13,54,116,68,71,88,64,76,129,77,51,114" hai3="74,119,84,38,16,63,48,97,86,60,122,26,55"/><V46/><F116/><W107/><G122/><T85/><D111/><U29/><E106/><V10/><F114/><W131/><G38/><T133/><D36/><U128/><E121/><V90/><F129/><W75/><G119/><T117/><D117/><U11/><E128/><V25/><F71/><W126/><G131/><T99/><D133/><U1/><E112/><V66/><F68/><W100/><G126/><N who="0" m="48139" /><D34/><U53/><E124/><V61/><F25/><W103/><G107/><T14/><D27/><N who="1" m="16615" /><E53/><V12/><F12/><W92/><G48/><T113/><D113/><U49/><E49/><V37/><F37/><W115/><G55/><T0/><D0/><U5/><E41/><V33/><F33/><W65/><G97/><T62/><D62/><U109/><E39/><V50/><F50/><W57/><G92/><N who="0" m="56719" /><D105/><U45/><E45/><V24/><F24/><W17/><G57/><T108/><D108/><U134/><E109/><V81/><F61/><W23/><G23/><T72/><D72/><U91/><E101/><AGARI ba="0,0" hai="7,9,14,85,87,93,96,101" m="56719,48139" machi="101" ten="30,1000,0" yaku="18,1" doraHai="104" who="0" fromWho="1" sc="172,10,178,-10,238,0,412,0" /><INIT seed="7,0,0,1,5,36" ten="182,168,238,412" oya="3" hai0="102,12,55,40,77,73,14,56,11,135,68,103,6" hai1="47,120,31,19,109,76,75,59,116,74,133,132,23" hai2="4,35,97,98,82,100,105,42,87,91,84,85,90" hai3="52,45,30,44,9,95,39,46,38,57,51,80,10"/><W49/><G30/><T13/><D68/><U118/><E109/><V71/><F71/><W5/><G80/><T128/><D128/><U65/><E120/><V29/><F4/><W101/><G38/><T15/><D135/><N who="1" m="51787" /><E31/><V41/><F29/><W32/><G39/><T106/><D106/><U53/><E65/><V113/><F113/><W1/><G10/><N who="0" m="4183" /><D73/><N who="1" m="27659" /><E47/><V17/><F35/><W110/><G32/><T27/><D77/><U64/><E64/><V20/><F97/><N who="3" m="59583" /><G1/><T104/><D104/><U129/><E129/><V83/><F85/><W130/><G110/><T96/><D40/><U21/><E76/><V63/><F63/><N who="3" m="36263" /><G130/><T7/><D27/><AGARI ba="0,0" hai="17,20,27,41,42,82,83,84,87,90,91,98,100,105" machi="27" ten="30,7700,0" yaku="7,1,9,1,52,2" doraHai="36" who="2" fromWho="0" sc="182,-77,168,0,238,77,412,0" owari="105,-39.0,168,-23.0,315,12.0,412,50.0" /></mjloggm>