<mjloggm ver="2.3"><GO type="169" lobby="0"/><UN n0="%E3%83%96%E3%83%AB%E3%83%BC%E3%83%97%E3%83%A9%E3%83%8D%E3%83%83%E3%83%88" n1="%E3%81%82%E3%81%B2%E3%82%8B%E3%81%95%E3%82%93" n2="%6B%61%73%70%61%72" n3="%E5%B0%B1%E6%B4%BB%E7%94%9F%40%E5%B7%9D%E6%9D%91%E8%BB%8D%E5%9B%A3" dan="16,16,16,18" rate="2119.89,2063.23,2105.26,2278.13" sx="M,M,M,M"/><TAIKYOKU oya="0"/><INIT seed="0,0,0,1,0,119" ten="250,250,250,250" oya="0" hai0="67,101,87,10,88,44,91,111,56,112,82,125,30" hai1="37,114,85,74,73,49,43,45,15,68,132,66,106" hai2="129,65,3,40,0,5,41,8,42,12,2,34,109" hai3="117,122,57,102,90,24,29,99,23,80,55,28,22"/><T4/><D112/><U48/><E106/><V9/><F34/><W128/><G117/><T70/><D70/><U79/><E132/><V18/><F129/><W134/><G128/><T50/><D125/><U89/><E114/><V38/><F65/><W69/><G69/><T54/><D101/><U77/><E74/><V84/><F109/><W64/><G64/><T16/><D30/><U72/><E73/><V104/><F104/><W97/><G134/><T108/><D91/><U14/><E72/><V19/><F38/><W39/><G39/><T20/><D67/><U75/><E75/><V95/><F95/><W58/><G122/><T115/><D115/><U86/><E37/><V27/><F84/><W11/><G11/><T32/><D32/><U124/><E124/><V6/><F27/><W21/><G58/><T61/><D61/><U52/><E66/><V130/><F130/><W7/><G7/><T59/><D111/><U36/><E36/><V116/><F116/><W35/><G29/><T103/><D103/><U47/><E68/><V83/><F83/><W96/><G80/><T51/><D51/><U94/><E86/><V100/><F100/><W78/><G78/><AGARI ba="0,0" hai="14,15,43,45,47,48,49,52,77,78,79,85,89,94" machi="78" ten="40,2600,0" yaku="8,1,54,1" doraHai="119" who="1" fromWho="3" sc="250,0,250,26,250,0,250,-26" /><INIT seed="1,0,0,4,5,123" ten="250,276,250,224" oya="1" hai0="37,16,108,44,5,30,80,77,101,65,9,34,70" hai1="25,33,35,130,76,60,134,102,29,14,73,67,50" hai2="98,28,133,100,46,82,132,90,72,115,39,6,106" hai3="124,53,103,119,4,95,12,15,43,87,40,11,45"/><U121/><E121/><V92/><F28/><W1/><G124/><T51/><D101/><U97/><E134/><V126/><F6/><W83/><G119/><T118/><D118/><U129/><E35/><V79/><F46/><W8/><G53/><T109/><D37/><U49/><E14/><V21/><F21/><W93/><G103/><T57/><D70/><N who="1" m="42343" /><E76/><V32/><F39/><W88/><G43/><N who="0" m="24991" /><D30/><U63/><E73/><V59/><F59/><W3/><G3/><T69/><D69/><U85/><E85/><N who="2" m="52303" /><F32/><W18/><REACH who="3" step="1"/><G1/><REACH who="3" ten="250,276,250,214" step="2"/><T19/><D65/><U48/><E63/><V55/><F126/><W56/><G56/><T125/><D57/><U36/><E36/><AGARI ba="0,1" hai="4,8,11,12,15,18,36,40,45,83,87,88,93,95" machi="36" ten="30,3900,0" yaku="1,1,7,1,54,1,53,0" doraHai="123" doraHaiUra="64" who="3" fromWho="1" sc="250,0,276,-39,250,0,214,49" /><INIT seed="2,0,0,1,0,85" ten="250,237,250,263" oya="2" hai0="81,134,102,55,51,75,47,54,36,99,39,25,121" hai1="116,15,35,31,11,113,127,5,91,114,37,135,71" hai2="45,73,32,111,72,125,124,42,38,104,60,17,61" hai3="44,6,50,52,24,34,130,12,76,108,105,0,49"/><V13/><F32/><W3/><G105/><T1/><D121/><U14/><E116/><V88/><F104/><W118/><G118/><T79/><D1/><U23/><E37/><V20/><F61/><W66/><G76/><T132/><D55/><U2/><E71/><V69/><F111/><W30/><G108/><T9/><D9/><U96/><E135/><N who="0" m="51753" /><D25/><U4/><E127/><V58/><F69/><W131/><G66/><T77/><D77/><U74/><E74/><V103/><F103/><W115/><G115/><T123/><D123/><U128/><E128/><N who="3" m="49194" /><G50/><T97/><D97/><U46/><E46/><V83/><F73/><W68/><G68/><T29/><D29/><U41/><E41/><V78/><REACH who="2" step="1"/><F88/><REACH who="2" ten="250,237,240,263" step="2"/><W122/><G122/><T21/><D102/><U22/><E91/><V56/><F56/><W93/><G93/><T28/><D99/><U87/><E96/><V64/><AGARI ba="0,1" hai="13,17,20,38,42,45,58,60,64,72,78,83,124,125" machi="64" ten="30,3000,0" yaku="1,1,0,1,53,0" doraHai="85" doraHaiUra="126" who="2" fromWho="2" sc="250,-10,237,-10,240,40,263,-10" /><INIT seed="2,1,0,0,3,61" ten="240,227,280,253" oya="2" hai0="135,65,83,23,44,63,7,133,96,66,85,94,20" hai1="33,34,105,10,45,51,103,0,132,21,76,54,81" hai2="57,11,25,99,9,26,41,5,72,101,104,55,68" hai3="69,93,121,46,29,117,24,134,123,6,90,4,19"/><V78/><F68/><W47/><G117/><T27/><D7/><U92/><E105/><V67/><F11/><W86/><G69/><T50/><D63/><U129/><E129/><V120/><F120/><W130/><G130/><T17/><D23/><U73/><E132/><V22/><F26/><W116/><G116/><T97/><D135/><U100/><E0/><V126/><F41/><W37/><G134/><T115/><D115/><U49/><E10/><V2/><F78/><W16/><G121/><T106/><D106/><U80/><E80/><V79/><F79/><W42/><G123/><T98/><D94/><U75/><E75/><V32/><F32/><W122/><G122/><T52/><D133/><U124/><E124/><V74/><F126/><W95/><G93/><T36/><D36/><U113/><E113/><V119/><F119/><W118/><G118/><T8/><D8/><U102/><E92/><V31/><REACH who="2" step="1"/><F67/><REACH who="2" ten="240,227,270,253" step="2"/><W3/><G6/><T38/><D38/><U77/><E76/><AGARI ba="1,1" hai="17,20,27,44,50,52,65,66,76,83,85,96,97,98" machi="76" ten="40,8000,1" yaku="8,1,52,2,54,1" doraHai="61" who="0" fromWho="1" sc="240,93,227,-83,270,0,253,0" /><INIT seed="3,0,0,5,2,125" ten="333,144,270,253" oya="3" hai0="63,30,80,81,109,25,105,70,132,134,4,41,19" hai1="88,50,67,0,93,31,107,119,33,5,77,59,62" hai2="3,53,115,39,111,17,133,1,106,26,42,76,100" hai3="48,94,15,96,49,87,117,47,64,130,38,16,95"/><W68/><G117/><T37/><D4/><U129/><E107/><V78/><F115/><W122/><G122/><T128/><D19/><U85/><E119/><V22/><F133/><N who="0" m="51306" /><D105/><U99/><E31/><V21/><F111/><W83/><G38/><T116/><D116/><U123/><E33/><V29/><F42/><W7/><G7/><T52/><D109/><U23/><E123/><V118/><F39/><W131/><G64/><N who="0" m="41247" /><D41/><U103/><E77/><V14/><F118/><W24/><G24/><T126/><D37/><U101/><E101/><V9/><F100/><W44/><G68/><T104/><D104/><U56/><E5/><V91/><F106/><W90/><G47/><T32/><D126/><U98/><E0/><V69/><F69/><W61/><G61/><T108/><D108/><U79/><E50/><V72/><F72/><W57/><G57/><T71/><D71/><U120/><E59/><V34/><F53/><N who="3" m="29831" /><G49/><T54/><D128/><N who="3" m="49193" /><G96/><T92/><D54/><U10/><E120/><V84/><F1/><W58/><G58/><T2/><D2/><U27/><E129/><V11/><F3/><W65/><G65/><T66/><D66/><U46/><E46/><V55/><F55/><W28/><G28/><T13/><D52/><U121/><E121/><V40/><F40/><W35/><G35/><T74/><D25/><U97/><E103/><V127/><F34/><W20/><AGARI ba="0,0" hai="15,16,20,83,87,90,94,95" m="49193,29831" machi="20" ten="30,12000,1" yaku="19,1,52,3,54,1" doraHai="125" who="3" fromWho="3" sc="333,-40,144,-40,270,-40,253,120" /><INIT seed="3,1,0,1,2,118" ten="293,104,230,373" oya="3" hai0="101,54,124,126,133,62,40,31,106,0,129,5,61" hai1="102,26,36,2,6,128,115,34,77,125,30,135,70" hai2="48,10,13,64,93,18,66,131,19,3,39,113,16" hai3="111,100,76,72,20,104,114,1,86,78,117,80,51"/><W68/><G1/><T17/><D31/><U98/><E77/><V110/><F39/><W7/><G7/><T15/><D40/><U87/><E87/><V79/><F113/><W75/><G68/><T107/><D5/><U122/><E98/><V22/><F131/><W120/><G20/><T89/><D0/><U44/><E102/><V47/><F110/><W57/><G57/><T24/><D24/><U8/><E44/><V67/><F79/><W121/><G51/><T55/><D101/><U52/><E52/><N who="0" m="20009" /><D89/><U96/><E96/><V59/><F3/><W88/><G117/><T28/><D28/><U12/><E12/><V42/><F59/><W94/><G114/><T60/><D129/><U4/><E26/><V132/><F132/><W119/><G111/><T116/><D133/><U81/><E81/><V21/><F93/><W27/><G119/><T103/><D116/><U35/><E36/><V41/><F42/><W112/><G27/><T82/><D82/><U11/><E70/><V53/><F41/><W45/><G112/><T25/><D103/><U91/><E115/><V14/><F14/><W32/><G32/><N who="1" m="12330" /><E135/><V74/><F74/><N who="3" m="28203" /><G45/><T83/><D83/><U38/><E38/><V97/><F97/><N who="3" m="61455" /><G78/><T105/><D25/><U49/><E128/><V85/><F85/><AGARI ba="1,0" hai="76,80,85,86,88,94,120,121" m="61455,28203" machi="85" ten="30,12000,1" yaku="34,2,52,2,54,1" doraHai="118" who="3" fromWho="2" sc="293,0,104,0,230,-123,373,123" /><INIT seed="3,2,0,2,5,75" ten="293,104,107,496" oya="3" hai0="80,34,30,66,83,129,87,124,0,120,104,79,64" hai1="110,84,2,135,4,5,106,89,8,48,113,49,57" hai2="67,39,56,31,19,60,115,91,119,12,36,29,90" hai3="21,99,88,69,109,70,51,44,76,100,127,38,50"/><W58/><G38/><T101/><D0/><U18/><E113/><V73/><F73/><W23/><G127/><T33/><D124/><U1/><E106/><V46/><F115/><W25/><G109/><T94/><D120/><U17/><E135/><V122/><F122/><W107/><G23/><T55/><D104/><U112/><E112/><V105/><F119/><W65/><G76/><T52/><D34/><U22/><E110/><V11/><F105/><W96/><G65/><T85/><D33/><U111/><E111/><V81/><F39/><W132/><G58/><T92/><D30/><N who="2" m="11274" /><F36/><W74/><G74/><T7/><D7/><U10/><E57/><V42/><F42/><W27/><G132/><T134/><D134/><U3/><E1/><V53/><F81/><W32/><G32/><T20/><D20/><U133/><E133/><V68/><F68/><W102/><G21/><T98/><D129/><U78/><E78/><V121/><F121/><W108/><G108/><T28/><D28/><U131/><E131/><V118/><F118/><W47/><G107/><T63/><D63/><U130/><E130/><V82/><F82/><W45/><G47/><T54/><D94/><U114/><E114/><V40/><F40/><W6/><G6/><T103/><D103/><U86/><REACH who="1" step="1"/><E22/><REACH who="1" ten="293,94,107,496" step="2"/><V15/><F46/><W61/><G61/><T41/><D41/><U14/><E14/><V59/><F15/><W72/><G72/><T125/><D125/><U13/><E13/><V9/><F9/><W123/><G123/><T126/><D126/><U95/><E95/><V62/><AGARI ba="2,1" hai="11,12,19,53,56,59,60,62,67,90,91" m="11274" machi="62" ten="30,2000,0" yaku="5,1,8,1" doraHai="75" who="2" fromWho="2" sc="293,-7,94,-7,107,36,496,-12" /><INIT seed="4,0,0,2,0,15" ten="286,87,143,484" oya="0" hai0="0,71,129,90,115,81,74,127,89,102,20,11,84" hai1="25,104,14,13,88,133,101,73,113,131,21,4,37" hai2="66,97,44,53,28,117,10,54,29,79,68,75,41" hai3="128,16,95,114,135,70,2,76,5,112,83,61,12"/><T9/><D71/><U126/><E73/><V91/><F117/><W118/><G118/><T1/><D127/><U77/><E37/><V45/><F75/><W31/><G31/><T18/><D74/><U59/><E77/><V116/><F79/><W24/><G24/><T132/><D102/><U27/><E131/><V23/><F116/><W106/><G106/><T94/><D129/><U46/><E133/><V93/><F10/><W87/><G135/><T86/><D132/><U123/><E123/><V125/><F125/><W58/><G70/><T36/><D36/><U40/><E126/><V47/><F41/><W32/><G32/><T124/><D124/><U103/><E113/><V80/><F80/><W110/><G110/><T3/><REACH who="0" step="1"/><D115/><REACH who="0" ten="276,87,143,484" step="2"/><U6/><E103/><V92/><F68/><W49/><G128/><T42/><D42/><U98/><E40/><V50/><F66/><W51/><G112/><T43/><D43/><U122/><E101/><N who="2" m="60583" /><F54/><W7/><G114/><T78/><D78/><U69/><E69/><V85/><F29/><W111/><G111/><T35/><D35/><U65/><E65/><V120/><F120/><W108/><G108/><T57/><D57/><U107/><E59/><V64/><F64/><W33/><G33/><T56/><D56/><U63/><E122/><V109/><F109/><W82/><G76/><T48/><D48/><U19/><E63/><V121/><F121/><W52/><G51/><T39/><D39/><U62/><E62/><V119/><F119/><W67/><G61/><T55/><D55/><U26/><E46/><N who="2" m="27863" /><F28/><W99/><G67/><RYUUKYOKU ba="0,1" sc="276,15,87,-15,143,15,484,-15" hai0="0,1,3,9,11,18,20,81,84,86,89,90,94" hai2="23,44,45,47,85,91,93" /><INIT seed="4,1,1,1,5,58" ten="291,72,158,469" oya="0" hai0="41,71,117,105,119,7,101,66,1,86,122,75,108" hai1="130,68,74,28,50,126,5,19,123,0,26,73,91" hai2="120,51,61,96,115,47,64,30,23,107,24,135,33" hai3="35,20,38,102,40,37,114,106,76,83,131,82,110"/><T39/><D86/><U72/><E123/><V93/><F120/><W92/><G35/><T125/><D122/><U67/><E130/><V10/><F135/><W87/><G40/><T8/><D108/><U31/><E126/><V112/><F107/><W44/><G44/><N who="0" m="23615" /><D125/><U124/><E124/><V21/><F10/><W85/><G110/><T18/><D18/><U27/><E19/><V70/><F23/><W14/><G106/><T11/><D11/><U81/><E5/><V43/><REACH who="2" step="1"/><F33/><REACH who="2" ten="291,72,148,469" step="2"/><W88/><G20/><T13/><D119/><U113/><E113/><V80/><F80/><W3/><G83/><T15/><D117/><U77/><E81/><V121/><F121/><W48/><G82/><T62/><D15/><U69/><E73/><V53/><F53/><W12/><G14/><T129/><D13/><U54/><E74/><V94/><F94/><W52/><G92/><T56/><D129/><U103/><E72/><V79/><F79/><W100/><G76/><T99/><D75/><U16/><E77/><V111/><F111/><W116/><G116/><T109/><D109/><U9/><E9/><V17/><F17/><W34/><G34/><T97/><D97/><U22/><E16/><V133/><F133/><W46/><G114/><T42/><D42/><U98/><E98/><V118/><F118/><W63/><G12/><T104/><D104/><U65/><E22/><V90/><AGARI ba="1,2" hai="21,24,30,43,47,51,61,64,70,90,93,96,112,115" machi="90" ten="30,4000,0" yaku="1,1,0,1,52,1,53,0" doraHai="58" doraHaiUra="78" who="2" fromWho="2" sc="291,-21,72,-11,148,63,469,-11" /><INIT seed="5,0,0,4,2,120" ten="270,61,211,458" oya="1" hai0="89,114,24,29,66,110,87,17,116,21,23,67,115" hai1="12,18,112,64,30,81,132,16,88,15,128,100,74" hai2="69,103,9,52,93,118,113,117,95,46,92,108,5" hai3="96,0,33,48,8,43,86,53,58,42,106,38,2"/><U25/><E112/><N who="0" m="43049" /><D116/><U133/><E100/><V31/><F69/><W135/><G33/><T27/><D110/><U121/><E121/><V105/><F108/><W85/><G106/><T47/><D47/><U4/><E64/><V6/><F113/><W122/><G96/><T127/><D127/><U98/><E4/><V70/><F70/><W41/><G38/><T36/><D36/><U97/><E128/><V13/><F31/><W56/><G56/><T80/><AGARI ba="0,0" hai="17,21,23,24,27,29,66,67,80,87,89" m="43049" machi="80" ten="30,1100,0" yaku="15,1" doraHai="120" who="0" fromWho="0" sc="270,11,61,-5,211,-3,458,-3" /><INIT seed="6,0,0,3,0,63" ten="281,56,208,455" oya="2" hai0="15,22,78,53,83,133,47,39,1,74,44,26,118" hai1="70,67,128,11,23,127,55,29,52,91,32,28,123" hai2="116,98,131,17,84,87,13,33,114,122,62,76,86" hai3="48,3,125,106,59,109,4,108,12,20,93,99,115"/><V96/><F116/><W14/><G106/><T120/><D118/><U88/><E32/><V64/><F33/><W21/><G3/><T107/><D107/><U97/><E128/><V8/><F131/><W40/><G115/><T30/><D120/><U36/><E36/><V45/><F122/><W113/><G113/><T89/><D1/><U18/><E123/><V66/><F114/><W24/><G125/><T73/><D73/><U49/><E11/><V105/><F105/><W100/><G21/><T71/><D71/><U81/><E127/><V117/><F117/><W65/><G4/><T56/><D133/><U19/><E81/><V0/><F0/><W31/><G108/><T102/><D102/><U112/><E112/><V121/><F121/><W58/><G109/><T80/><D39/><U79/><E79/><V37/><F76/><W46/><G59/><T135/><D15/><U51/><E23/><V101/><F62/><AGARI ba="0,0" hai="12,14,20,24,31,40,46,48,58,62,65,93,99,100" machi="62" ten="40,8000,1" yaku="25,2,8,1,52,1" doraHai="63" who="3" fromWho="2" sc="281,0,56,0,208,-80,455,80" /><INIT seed="7,0,0,3,2,49" ten="281,56,128,535" oya="3" hai0="61,45,47,64,16,65,90,40,118,28,69,8,56" hai1="92,109,41,43,85,117,86,120,87,14,100,29,22" hai2="10,51,115,30,11,71,123,104,6,131,80,9,68" hai3="60,36,15,27,19,134,105,0,3,103,84,76,126"/><W55/><G36/><T44/><D28/><U122/><E109/><V96/><F115/><W18/><G126/><T135/><D118/><U112/><E112/><V13/><F131/><W53/><G134/><T108/><D135/><U116/><E100/><V70/><F30/><W52/><G105/><T39/><D90/><U62/><E92/><V130/><F130/><W4/><G103/><T24/><D24/><U99/><E99/><V23/><F80/><N who="3" m="47111" /><G3/><T101/><D101/><U128/><E128/><V91/><F104/><W133/><G0/><T12/><D108/><U98/><E98/><V46/><F123/><W77/><G77/><T34/><D34/><U114/><E114/><V106/><F106/><W38/><G38/><T124/><D124/><U66/><E29/><V57/><F23/><N who="3" m="13815" /><G133/><T88/><D88/><U89/><E89/><V59/><F13/><W83/><G83/><T78/><D78/><U33/><E33/><V21/><F21/><N who="3" m="11519" /><G4/><T5/><D5/><U1/><E1/><V113/><F6/><W94/><G94/><T72/><D72/><U58/><E14/><V48/><F113/><W127/><G127/><T93/><D93/><U42/><REACH who="1" step="1"/><E22/><REACH who="1" ten="281,46,128,535" step="2"/><V67/><F96/><W81/><G81/><T17/><D12/><U95/><E95/><V121/><F91/><W125/><G125/><T111/><D111/><U132/><E132/><V82/><F82/><W26/><G26/><T2/><D2/><U54/><E54/><V35/><F35/><W20/><G20/><T107/><D107/><U119/><AGARI ba="0,1" hai="41,42,43,58,62,66,85,86,87,116,117,119,120,122" machi="119" ten="40,8000,1" yaku="1,1,0,1,29,2,12,1,53,0" doraHai="49" doraHaiUra="25" who="1" fromWho="1" sc="281,-20,46,90,128,-20,535,-40" owari="261,6.0,136,-26.0,108,-39.0,495,59.0" /></mjloggm>