<mjloggm ver="2.3"><GO type="169" lobby="0"/><UN n0="%E9%BA%BB%E9%9B%80%E3%81%A8%E7%A7%81" n1="%E3%81%93%E3%82%93%E3%81%BA%E3%81%84%E3%81%A8%E3%81%86%E3%81%B5" n2="%E3%82%AE%E3%82%AC%E3%83%9E%E3%82%A4%E3%83%B3" n3="%E3%82%A6%E3%83%AB%E3%83%88%E3%83%A9%E7%AB%8B%E7%9B%B4" dan="16,17,18,17" rate="2080.41,2168.88,2227.34,2149.49" sx="M,F,M,M"/><TAIKYOKU oya="0"/><INIT seed="0,0,0,3,2,26" ten="250,250,250,250" oya="0" hai0="93,94,120,112,54,13,130,55,38,97,73,41,62" hai1="21,57,23,76,6,95,128,59,68,88,92,19,111" hai2="80,43,60,42,110,100,5,66,46,122,16,28,90" hai3="126,47,29,32,64,44,106,119,27,118,1,89,49"/><T104/><D120/><U14/><E68/><V22/><F122/><W56/><G126/><T79/><D112/><U20/><E111/><V10/><F110/><W77/><G1/><T107/><D41/><U116/><E116/><V101/><F28/><W9/><G106/><T63/><D38/><U48/><E6/><V102/><F90/><W40/><G77/><T96/><D13/><U113/><E113/><V134/><F80/><W131/><G131/><T81/><D81/><U8/><E128/><V31/><F31/><W75/><G75/><T37/><D130/><U53/><E76/><V91/><F91/><W103/><G103/><T78/><REACH who="0" step="1"/><D37/><REACH who="0" ten="240,250,250,250" step="2"/><U127/><E127/><V125/><F43/><W109/><G109/><T83/><D83/><U114/><E114/><V132/><F125/><W12/><G119/><T117/><D117/><U51/><E95/><V45/><F42/><W105/><G105/><T25/><D25/><U124/><E124/><V115/><F115/><W15/><G15/><T69/><D69/><U129/><E129/><V72/><F134/><W133/><G133/><T65/><D65/><U67/><E67/><V52/><F132/><W0/><G118/><T84/><D84/><N who="1" m="52231" /><E53/><V36/><F66/><W17/><G0/><T3/><D3/><U11/><E11/><V58/><F36/><W18/><G64/><T87/><D87/><U85/><E85/><V82/><F82/><W71/><G71/><T121/><D121/><U98/><E98/><V4/><F10/><N who="3" m="6295" /><G40/><T70/><D70/><U74/><E74/><AGARI ba="0,1" hai="54,55,62,63,73,74,78,79,93,94,96,97,104,107" machi="74" ten="25,4800,0" yaku="1,1,22,2,53,0" doraHai="26" doraHaiUra="35" who="0" fromWho="1" sc="240,58,250,-48,250,0,250,0" /><INIT seed="0,1,0,3,3,90" ten="298,202,250,250" oya="0" hai0="3,40,112,42,61,99,110,37,122,108,34,53,70" hai1="58,111,129,69,26,0,123,72,22,66,18,125,12" hai2="28,124,105,52,41,76,83,38,109,74,103,63,49" hai3="85,47,82,50,132,54,33,100,117,45,135,95,7"/><T80/><D122/><U2/><E123/><V32/><F109/><N who="0" m="42090" /><D34/><U91/><E111/><V88/><F124/><W115/><G33/><T55/><D3/><U78/><E69/><V31/><F63/><W1/><G115/><T106/><D80/><U9/><E125/><V97/><F32/><W73/><G73/><T92/><D106/><U8/><E8/><V57/><F41/><N who="0" m="15978" /><D37/><U118/><E118/><V56/><F56/><W104/><G104/><T39/><D39/><U134/><E0/><V120/><F120/><W20/><G117/><T113/><D70/><U36/><E2/><V11/><F38/><W130/><G130/><T43/><N who="0" m="15986" /><T131/><DORA hai="133" /><D131/><U67/><E134/><V21/><F11/><W35/><G35/><T46/><D46/><U84/><E129/><V127/><F21/><W94/><G45/><T25/><D25/><U89/><E36/><V4/><F127/><W17/><G132/><T14/><D14/><U6/><E58/><V51/><F51/><W71/><G71/><T27/><D27/><U98/><E72/><V19/><F74/><W93/><G135/><T16/><D16/><U102/><E26/><V48/><F19/><W10/><G17/><T87/><D87/><U116/><E116/><V23/><F49/><W30/><G82/><T79/><D79/><U126/><E126/><V65/><F76/><W119/><G85/><T59/><D53/><U13/><E78/><V77/><F77/><W5/><G119/><T128/><D128/><U60/><E84/><V96/><F83/><W62/><G1/><T24/><D24/><RYUUKYOKU ba="1,0" sc="298,30,202,-10,250,-10,250,-10" hai0="55,59,61,92,99,112,113" /><INIT seed="0,2,0,0,5,10" ten="328,192,240,240" oya="0" hai0="6,26,43,129,108,118,117,109,45,56,106,119,64" hai1="74,89,72,4,55,23,104,93,96,21,44,33,83" hai2="30,78,31,36,131,100,19,7,113,13,32,124,60" hai3="130,98,11,88,87,41,42,103,5,71,50,35,79"/><T48/><D106/><U12/><E33/><V125/><F113/><W2/><G71/><T53/><D6/><U80/><E104/><V120/><F36/><W128/><G79/><T65/><D129/><N who="3" m="49769" /><G50/><N who="0" m="26943" /><D26/><U73/><E23/><V122/><F131/><W59/><G59/><T0/><D0/><U61/><E61/><V34/><F7/><W101/><G35/><N who="2" m="13353" /><F60/><W8/><G8/><T85/><D85/><U81/><E4/><V127/><F100/><N who="3" m="38475" /><G98/><T25/><D25/><U20/><E20/><N who="2" m="11375" /><F78/><W102/><N who="3" m="38483" /><W29/><DORA hai="76" /><G29/><AGARI ba="2,0" hai="29,30,31,120,122,124,125,127" m="11375,13353" machi="29" ten="40,8000,1" yaku="18,1,34,2,52,1" doraHai="10,76" who="2" fromWho="3" sc="328,0,192,0,240,86,240,-86" /><INIT seed="1,0,0,0,2,27" ten="328,192,326,154" oya="1" hai0="59,50,17,99,119,118,113,101,29,111,63,64,42" hai1="2,52,85,72,67,125,18,53,130,104,92,86,87" hai2="32,65,47,102,134,23,105,124,26,45,82,54,73" hai3="75,30,58,56,13,112,77,83,76,8,61,93,100"/><U78/><E104/><V88/><F32/><W39/><G39/><T1/><D113/><U123/><E123/><V31/><F134/><W22/><G112/><T106/><D1/><U49/><E2/><V80/><F124/><W98/><G77/><T62/><D111/><U19/><E125/><V115/><F115/><W40/><G40/><T66/><D17/><N who="1" m="6155" /><E72/><V95/><F65/><W4/><REACH who="3" step="1"/><G61/><REACH who="3" ten="328,192,326,144" step="2"/><T24/><D42/><U81/><E130/><V103/><F73/><W20/><G20/><T33/><D50/><U57/><E49/><V6/><F23/><W43/><G43/><T116/><D118/><U14/><E14/><V5/><F105/><W71/><G71/><AGARI ba="0,1" hai="24,29,33,59,62,63,64,66,71,99,101,106,116,119" machi="71" ten="30,7700,0" yaku="7,1,25,2,52,1" doraHai="27" who="0" fromWho="3" sc="328,87,192,0,326,0,144,-77" /><INIT seed="2,0,0,1,4,8" ten="415,192,326,67" oya="2" hai0="71,43,123,65,67,134,39,64,4,128,9,108,28" hai1="119,116,58,102,23,92,73,11,79,120,80,2,112" hai2="59,32,5,104,91,1,87,113,132,76,130,93,29" hai3="129,126,24,99,90,14,20,68,118,66,82,45,107"/><V6/><F104/><W109/><G118/><T46/><D123/><U35/><E35/><V101/><F113/><W114/><G114/><T37/><D28/><U89/><E112/><V36/><F101/><W18/><G109/><T31/><D31/><U117/><E120/><V70/><F36/><W133/><G129/><T122/><D122/><U41/><E102/><V111/><F70/><W55/><G126/><T10/><D108/><U100/><E100/><V25/><F111/><W62/><G133/><T26/><D26/><U85/><E23/><V47/><F130/><W131/><G131/><T51/><D10/><U72/><E41/><V3/><F132/><W81/><G107/><T103/><D103/><U69/><E69/><V125/><F125/><W86/><G99/><T57/><D128/><U33/><E33/><V60/><F47/><W74/><G74/><T40/><D40/><U19/><E58/><V15/><F76/><W13/><REACH who="3" step="1"/><G82/><REACH who="3" ten="415,192,326,57" step="2"/><T110/><D134/><U12/><REACH who="1" step="1"/><E2/><REACH who="1" ten="415,182,326,57" step="2"/><V7/><F1/><W106/><G106/><T53/><D110/><U127/><E127/><V78/><F3/><W49/><AGARI ba="0,2" hai="13,14,18,20,24,45,49,55,62,66,68,81,86,90" machi="49" ten="30,8000,1" yaku="1,1,0,1,52,2,53,1" doraHai="8" doraHaiUra="56" who="3" fromWho="3" sc="415,-20,182,-20,326,-40,57,100" /><INIT seed="3,0,0,1,2,15" ten="395,162,286,157" oya="3" hai0="115,22,30,24,49,95,26,88,39,51,17,107,58" hai1="47,120,124,116,130,5,127,113,93,34,44,73,59" hai2="133,62,65,64,7,3,87,128,78,19,135,76,67" hai3="25,68,61,104,54,98,94,97,16,125,56,8,96"/><W35/><G125/><N who="1" m="48202" /><E73/><V86/><F128/><W110/><G110/><T27/><D39/><U48/><E34/><V118/><F118/><W45/><G68/><T77/><D107/><U21/><E130/><V99/><F62/><W70/><G70/><T69/><D69/><U28/><E116/><V53/><F53/><W91/><G104/><T80/><D115/><U13/><E120/><V129/><F99/><W109/><G109/><T32/><D58/><U112/><E59/><V92/><F129/><W100/><G35/><T50/><D26/><N who="1" m="16463" /><E93/><V82/><F92/><W106/><G45/><N who="1" m="17482" /><E48/><V14/><F3/><W2/><G98/><T46/><D46/><U89/><E89/><V0/><F0/><W4/><REACH who="3" step="1"/><G25/><REACH who="3" ten="395,162,286,147" step="2"/><T11/><D24/><U6/><E113/><V20/><F135/><W81/><G81/><T121/><D32/><U132/><E132/><V75/><F133/><W122/><G122/><T131/><D121/><U84/><E112/><V111/><F111/><W29/><G29/><T83/><D131/><U105/><E105/><V60/><F82/><W79/><G79/><T33/><D33/><U102/><E84/><V40/><F87/><W57/><G57/><T38/><D77/><U134/><E134/><V12/><F86/><W114/><G114/><T101/><D83/><U42/><E42/><V103/><F40/><W90/><G90/><T9/><D88/><U71/><E71/><V108/><F78/><W123/><G123/><T72/><D80/><U55/><E102/><V85/><F103/><W41/><G41/><T126/><D101/><U18/><E55/><RYUUKYOKU ba="0,1" sc="395,-15,162,15,286,-15,147,15" hai1="5,6,13,18" hai3="2,4,8,16,54,56,61,91,94,96,97,100,106" /><INIT seed="3,1,1,1,4,118" ten="380,177,271,162" oya="3" hai0="115,43,30,102,6,129,109,45,5,70,123,16,99" hai1="130,55,63,39,48,131,53,68,103,104,97,91,19" hai2="69,13,121,49,54,44,46,88,9,36,101,111,84" hai3="29,76,134,100,20,1,22,114,23,4,72,21,110"/><W65/><G100/><T14/><D109/><U42/><E91/><V3/><F111/><W17/><G110/><T0/><D123/><U35/><E35/><V86/><F69/><W66/><G114/><T80/><D0/><U27/><E39/><V112/><F3/><W107/><G107/><T135/><D70/><U93/><E104/><V126/><F112/><W122/><G122/><T28/><D135/><U12/><E27/><V67/><F67/><W10/><G134/><T73/><D129/><N who="1" m="49163" /><E63/><V33/><F33/><W108/><G29/><T11/><D30/><U64/><E64/><V61/><F61/><W128/><G108/><T57/><D28/><U8/><E68/><V120/><F101/><W75/><G128/><T124/><D57/><U79/><E79/><V81/><F86/><W95/><G95/><T74/><D124/><U78/><E78/><V94/><F94/><W119/><G119/><T90/><D73/><U106/><E106/><V132/><F126/><W47/><G47/><AGARI ba="1,1" hai="8,12,19,42,47,48,53,55,93,97,103" m="49163" machi="47" ten="30,1000,0" yaku="19,1" doraHai="118" who="1" fromWho="3" sc="380,0,177,23,271,0,162,-13" /><INIT seed="4,0,0,4,4,65" ten="380,200,271,149" oya="0" hai0="127,18,72,80,35,107,111,98,116,94,57,31,114" hai1="67,69,133,85,108,130,112,47,106,55,6,118,11" hai2="8,44,131,12,41,104,76,7,134,13,86,122,30" hai3="78,82,28,77,51,90,103,113,75,81,49,52,68"/><T56/><D114/><U2/><E118/><V60/><F122/><W23/><G113/><T62/><D116/><U71/><E112/><V125/><F104/><W61/><G103/><T39/><D107/><U109/><E106/><V89/><F134/><W120/><G90/><T115/><D115/><U97/><E133/><V135/><F135/><W17/><G28/><T20/><D39/><U91/><E97/><V128/><F125/><W83/><G120/><T14/><D111/><U66/><E130/><N who="2" m="49707" /><F76/><W64/><G51/><T74/><D57/><U54/><E67/><V37/><F30/><W5/><G5/><T24/><D80/><U126/><E66/><V15/><F60/><W3/><G3/><T132/><D127/><U129/><E129/><V84/><F84/><W100/><G100/><T124/><D132/><U63/><E55/><V88/><F89/><W79/><G75/><T48/><D48/><U22/><E22/><V42/><F42/><W59/><REACH who="3" step="1"/><G78/><REACH who="3" ten="380,200,271,139" step="2"/><T105/><D124/><U50/><E126/><V123/><F123/><W92/><G92/><AGARI ba="0,1" hai="7,8,12,13,15,37,41,44,86,88,92" m="49707" machi="92" ten="30,2000,0" yaku="19,1,54,1" doraHai="65" who="2" fromWho="3" sc="380,0,200,0,271,30,139,-20" /><INIT seed="5,0,0,4,3,52" ten="380,200,301,119" oya="1" hai0="66,12,113,103,129,10,25,92,72,1,26,18,43" hai1="133,63,104,2,47,84,54,38,36,67,86,121,87" hai2="61,69,99,21,132,14,70,42,105,51,77,98,58" hai3="125,9,13,30,62,35,32,31,116,115,106,50,56"/><U39/><E121/><V88/><F132/><W130/><G106/><T59/><D72/><U5/><E104/><V79/><F70/><W49/><G115/><T22/><D129/><U78/><E133/><V96/><F69/><W71/><G130/><T127/><D127/><U117/><E117/><V108/><F108/><W76/><G125/><T85/><D43/><U135/><E135/><V11/><F21/><W4/><G116/><T44/><D44/><U89/><E78/><V68/><F68/><W82/><G71/><T90/><D103/><U23/><E67/><V55/><F105/><W107/><G107/><T120/><D113/><U57/><E23/><V33/><F33/><W16/><G35/><T111/><D111/><U34/><E34/><V40/><F88/><W65/><G4/><T74/><D74/><U28/><E28/><N who="3" m="10794" /><G32/><T114/><D114/><U41/><REACH who="1" step="1"/><E89/><REACH who="1" ten="380,190,301,119" step="2"/><V27/><F79/><W83/><G76/><T128/><D120/><U119/><E119/><V118/><F77/><W6/><G6/><T73/><D128/><U101/><E101/><V3/><F118/><W75/><G75/><T97/><D66/><U134/><E134/><V64/><F64/><W112/><G112/><T123/><D123/><U0/><E0/><V45/><F3/><W20/><G20/><T60/><D1/><U124/><E124/><V15/><F11/><AGARI ba="0,1" hai="2,5,11,36,38,39,41,47,54,57,63,84,86,87" machi="11" ten="40,3900,0" yaku="1,1,52,1,53,0" doraHai="52" doraHaiUra="46" who="1" fromWho="2" sc="380,0,190,49,301,-39,119,0" /><INIT seed="5,1,0,1,1,88" ten="380,239,262,119" oya="1" hai0="27,71,70,92,124,122,65,4,12,39,60,25,62" hai1="29,2,134,24,15,58,47,99,130,123,32,105,33" hai2="30,66,111,21,114,101,110,14,41,3,132,95,16" hai3="64,115,43,6,121,113,69,131,34,80,9,120,28"/><U126/><E123/><V102/><F3/><W87/><G64/><T38/><D122/><N who="3" m="47209" /><G69/><T84/><D124/><U42/><E2/><V90/><F132/><W72/><G43/><T63/><D4/><U104/><E126/><V77/><F114/><N who="3" m="43531" /><G72/><T108/><D108/><U76/><E33/><V55/><F77/><W37/><G37/><T100/><D12/><U81/><E15/><V1/><F1/><N who="3" m="207" /><G87/><T135/><D84/><U78/><E78/><V5/><F5/><W17/><G80/><T11/><D65/><U26/><E81/><V127/><F127/><W103/><G103/><T129/><D100/><U125/><E42/><V106/><F41/><W94/><G94/><T8/><D92/><U31/><E125/><V116/><F106/><W46/><G46/><T50/><D38/><U54/><E47/><V59/><F66/><W20/><G131/><T98/><D129/><U51/><E130/><V91/><F91/><W61/><G61/><T68/><D39/><U133/><E76/><V0/><F111/><W85/><G85/><T107/><D107/><U73/><E73/><V56/><F110/><W93/><G93/><T117/><D70/><U74/><E74/><V97/><F59/><W53/><G53/><T49/><D68/><U128/><E128/><V23/><F101/><W89/><G89/><T40/><D71/><U57/><E57/><V83/><F102/><W22/><G17/><T10/><D40/><U112/><E112/><V36/><F36/><W96/><G96/><T13/><D98/><U48/><E99/><V119/><F97/><W109/><G109/><RYUUKYOKU ba="1,0" sc="380,-10,239,-10,262,-10,119,30" hai3="20,22,28,34" /><INIT seed="6,2,0,0,5,21" ten="370,229,252,149" oya="2" hai0="13,6,131,76,119,61,7,94,75,99,133,0,71" hai1="129,74,40,33,101,127,93,16,106,47,30,28,68" hai2="49,70,59,134,105,79,77,55,67,23,109,117,54" hai3="44,72,84,62,42,26,83,1,14,95,92,128,48"/><V120/><F117/><W118/><G1/><T69/><D0/><U63/><E74/><V46/><F120/><W15/><G72/><T98/><D75/><U41/><E106/><V57/><F105/><W52/><G118/><T85/><D94/><U4/><E4/><V116/><F116/><W8/><G128/><T135/><D131/><U96/><E129/><V38/><F134/><W20/><G62/><T115/><D119/><U12/><E127/><V2/><F2/><W102/><G42/><T17/><D61/><U111/><E111/><V122/><F122/><W9/><G9/><T125/><D85/><U43/><E33/><V86/><F70/><W121/><G121/><T3/><D3/><U130/><E130/><V97/><F38/><W22/><G22/><T80/><D80/><U35/><E35/><V132/><F132/><W39/><G39/><T88/><D17/><U104/><E104/><V19/><F97/><N who="3" m="59687" /><G95/><T58/><D125/><U18/><E68/><V24/><F109/><W89/><G8/><T45/><D13/><U90/><E12/><V126/><F126/><W82/><G83/><T87/><D71/><U60/><E101/><V73/><F73/><W11/><G11/><T112/><D69/><U36/><E41/><V110/><F110/><W66/><G66/><T78/><D133/><U108/><E43/><V113/><F67/><W53/><G53/><T65/><D65/><U100/><E108/><V37/><F55/><W64/><G64/><T56/><D6/><U91/><E36/><V103/><F37/><W10/><G10/><T31/><D135/><RYUUKYOKU ba="2,0" sc="370,-10,229,-10,252,-10,149,30" hai3="14,15,20,26,44,48,52,82,84,89" /><INIT seed="7,3,0,4,4,90" ten="360,219,242,179" oya="3" hai0="71,12,36,109,61,35,75,74,22,86,16,33,135" hai1="63,108,19,7,39,0,106,45,100,4,69,125,62" hai2="56,52,70,97,94,110,105,116,46,134,68,28,29" hai3="8,48,24,118,130,31,14,67,59,27,113,102,133"/><W32/><G118/><T80/><D109/><U123/><E108/><V34/><F110/><W78/><G113/><T84/><D36/><U66/><E123/><V18/><F116/><W87/><G130/><T9/><D35/><U73/><E125/><V88/><F134/><W10/><G133/><T95/><D33/><U111/><E111/><V3/><F3/><W82/><G102/><T57/><D71/><N who="1" m="42455" /><E19/><V132/><F105/><W77/><G27/><T37/><D37/><U15/><E15/><V112/><F68/><W38/><G38/><T93/><D75/><U121/><E7/><V128/><F70/><W85/><G14/><N who="0" m="9495" /><D74/><U79/><E121/><V40/><F132/><W127/><G127/><T91/><D84/><U26/><E26/><V64/><F64/><W96/><G96/><T50/><D50/><U58/><E58/><V83/><F112/><W13/><G13/><T53/><D135/><U1/><E63/><N who="2" m="36231" /><F128/><W107/><G107/><T76/><D76/><U120/><E69/><V42/><F34/><W81/><REACH who="3" step="1"/><G48/><REACH who="3" ten="360,219,242,169" step="2"/><T103/><D103/><U11/><E120/><V98/><F98/><W92/><G92/><T49/><D95/><U2/><E100/><V55/><F97/><W117/><G117/><T104/><D93/><U51/><E106/><V115/><F94/><W23/><G23/><T54/><D104/><U129/><E129/><V122/><F115/><W60/><AGARI ba="3,1" hai="8,10,24,31,32,59,60,67,77,78,81,82,85,87" machi="60" ten="30,6000,0" yaku="1,1,0,1,9,1,53,0" doraHai="90" doraHaiUra="124" who="3" fromWho="3" sc="360,-23,219,-23,242,-23,169,79" /><INIT seed="7,4,0,0,1,21" ten="337,196,219,248" oya="3" hai0="76,85,135,100,68,96,59,34,28,122,110,124,16" hai1="24,94,101,37,41,54,14,33,43,84,67,7,22" hai2="92,91,10,123,25,105,82,46,78,131,127,98,52" hai3="113,53,83,132,93,1,48,60,8,107,11,35,13"/><W5/><G107/><T0/><D28/><N who="1" m="17431" /><E33/><V128/><F127/><W49/><G35/><T125/><D16/><U50/><E37/><V40/><F123/><W97/><G113/><T65/><D59/><N who="1" m="33239" /><E67/><V77/><F105/><W95/><G132/><T27/><D85/><U64/><E64/><V111/><F111/><W61/><G83/><T19/><D27/><U6/><E14/><V29/><F10/><W3/><G3/><T45/><D96/><N who="1" m="59543" /><E84/><V58/><F46/><W15/><G1/><T90/><D45/><U70/><E70/><V130/><F40/><AGARI ba="4,0" hai="6,7,40,41,43" m="59543,33239,17431" machi="40" ten="30,2000,0" yaku="8,1,52,1" doraHai="21" who="1" fromWho="2" sc="337,0,196,32,219,-32,248,0" owari="337,43.0,228,-17.0,187,-31.0,248,5.0" /></mjloggm>