<mjloggm ver="2.3"><GO type="169" lobby="0"/><UN n0="%E3%83%88%E3%83%88%E3%83%AA%E5%85%88%E7%94%9F%31%39%E6%AD%B3" n1="%E3%80%93%E5%AE%AE%E6%A3%AE%E3%81%82%E3%81%8A%E3%81%84%E3%80%93" n2="%E3%82%88%E3%81%A4%E3%81%B0" n3="%68%61%79%61%74%6F%E2%98%86" dan="19,16,17,17" rate="2280.74,2127.32,2170.37,2197.40" sx="F,M,F,M"/><TAIKYOKU oya="0"/><INIT seed="0,0,0,0,5,38" ten="250,250,250,250" oya="0" hai0="13,60,39,62,116,11,17,32,19,56,100,24,45" hai1="7,65,81,119,26,74,130,46,75,111,127,122,47" hai2="12,76,113,14,57,103,107,79,90,21,37,91,58" hai3="35,49,80,63,78,16,125,70,68,4,85,121,102"/><T83/><D116/><U98/><E119/><V108/><F113/><W52/><G35/><T53/><D100/><U110/><E7/><V43/><F108/><N who="1" m="41513" /><E65/><V50/><F37/><W15/><G4/><T82/><D60/><U126/><E122/><V40/><F103/><W117/><G117/><T124/><D124/><N who="1" m="47659" /><E26/><V33/><F21/><W23/><G121/><T64/><D39/><U132/><E132/><V73/><F50/><W134/><G134/><T96/><D32/><U3/><E3/><V6/><F6/><W77/><G102/><T9/><D96/><U86/><E98/><V87/><F87/><W20/><G125/><T25/><D25/><U22/><E22/><V41/><F33/><W44/><G77/><N who="2" m="29769" /><F73/><N who="1" m="27657" /><E130/><V5/><F107/><W18/><G63/><T131/><D131/><U1/><E1/><V48/><F5/><W93/><G70/><T95/><D24/><U55/><E55/><N who="2" m="31975" /><F58/><W10/><G68/><T30/><D56/><U104/><E104/><V109/><F109/><W36/><G23/><T0/><D0/><U118/><E118/><V120/><F120/><W94/><G36/><T69/><D69/><U129/><E129/><V112/><F112/><W67/><G67/><T135/><D64/><U61/><E61/><V42/><N who="2" m="10752" /><DORA hai="115" /><V128/><F128/><W106/><G106/><T8/><D62/><U88/><AGARI ba="0,0" hai="46,47,81,86,88" m="27657,47659,41513" machi="88" ten="40,5200,0" yaku="14,1,18,1,54,1" doraHai="38,115" who="1" fromWho="1" sc="250,-26,250,52,250,-13,250,-13" /><INIT seed="1,0,0,2,2,70" ten="224,302,237,237" oya="1" hai0="22,45,69,112,115,80,121,60,91,58,108,135,19" hai1="110,106,29,20,30,72,77,122,36,21,76,74,67" hai2="79,26,120,71,65,10,116,34,44,124,4,73,61" hai3="46,17,94,25,107,47,62,2,48,13,129,33,104"/><U11/><E106/><V84/><F116/><W117/><G2/><T35/><D69/><U59/><E11/><V111/><F120/><W7/><G7/><T41/><D35/><U63/><E122/><V113/><F111/><W64/><G129/><T3/><D3/><U125/><E110/><V128/><F128/><W127/><G127/><T101/><D108/><U5/><E5/><V38/><F124/><W66/><G46/><T56/><D121/><U54/><E125/><V119/><F119/><W102/><G66/><T24/><D135/><U100/><E100/><V81/><F113/><W88/><G102/><T82/><D101/><U92/><E92/><V78/><F78/><N who="1" m="30313" /><E36/><V23/><F34/><W114/><G25/><T50/><D58/><N who="1" m="37367" /><E72/><V98/><F73/><W68/><G33/><T87/><REACH who="0" step="1"/><D82/><REACH who="0" ten="214,302,237,237" step="2"/><U96/><E59/><V40/><F98/><W99/><G117/><T123/><D123/><U52/><E96/><V95/><F95/><W27/><G114/><T90/><D90/><U9/><E74/><V86/><F86/><W43/><REACH who="3" step="1"/><G27/><REACH who="3" ten="214,302,237,227" step="2"/><T132/><D132/><U57/><E57/><V32/><F26/><W131/><G131/><T0/><D0/><U8/><E30/><V83/><F32/><W130/><G130/><T39/><D39/><U53/><E29/><V103/><F103/><W89/><G89/><T18/><D18/><U97/><E97/><V12/><F12/><W118/><G118/><T42/><D42/><U93/><E93/><V55/><F81/><W133/><G133/><T37/><D37/><U85/><E85/><V75/><F84/><RYUUKYOKU ba="0,2" sc="214,10,302,10,237,-30,227,10" hai0="19,22,24,41,45,50,56,60,80,87,91,112,115" hai1="8,9,20,21,52,53,54" hai3="13,17,43,47,48,62,64,68,88,94,99,104,107" /><INIT seed="1,1,2,2,4,25" ten="224,312,207,237" oya="1" hai0="69,61,89,85,0,60,104,63,17,117,72,71,2" hai1="32,33,96,4,78,58,34,134,114,88,119,6,39" hai2="81,55,84,127,80,75,40,132,22,103,73,54,31" hai3="62,26,130,64,41,99,116,42,36,126,46,129,124"/><U14/><E39/><V109/><F132/><W108/><G116/><T9/><D117/><U37/><E119/><V112/><F127/><N who="3" m="48683" /><G99/><T92/><D104/><U3/><E37/><V113/><F109/><W133/><G26/><T35/><D72/><U77/><E114/><N who="2" m="44139" /><F40/><W107/><G107/><T125/><D125/><U123/><E123/><V68/><F68/><N who="3" m="42007" /><G42/><T51/><D35/><U87/><E134/><V105/><F103/><W21/><G21/><T24/><D69/><U18/><E96/><V1/><F1/><W30/><G108/><T16/><D71/><U28/><E3/><V23/><F105/><W111/><G111/><T128/><D2/><U11/><E58/><V57/><F80/><W121/><G121/><T131/><D51/><U70/><E70/><V95/><F95/><W118/><G118/><T98/><D98/><U43/><E43/><V20/><F75/><W93/><G93/><T76/><D24/><U102/><E102/><V110/><F73/><W13/><G13/><T27/><D27/><U48/><E48/><N who="2" m="30919" /><F110/><W10/><G133/><T59/><D59/><U56/><E56/><V90/><F55/><W91/><G91/><T38/><D38/><U45/><E45/><V86/><F86/><W135/><G135/><T79/><D0/><U101/><E101/><V122/><F122/><W65/><G46/><T50/><D50/><U74/><E74/><V12/><F12/><W29/><G41/><T19/><D9/><U15/><E15/><V82/><F82/><W47/><G10/><T5/><D5/><U7/><E7/><V66/><F66/><RYUUKYOKU ba="1,2" sc="224,15,312,-15,207,15,237,-15" hai0="16,17,19,60,61,63,76,79,85,89,92,128,131" hai2="20,22,23,31,81,84,90" /><INIT seed="2,2,2,0,0,59" ten="239,297,222,222" oya="2" hai0="93,94,127,81,83,73,128,21,29,15,9,69,104" hai1="107,27,13,92,57,34,65,105,0,106,98,53,84" hai2="5,70,26,48,113,75,20,114,63,52,45,16,91" hai3="7,66,86,108,61,28,116,37,31,125,122,6,50"/><V12/><F75/><W112/><G37/><T25/><D104/><U22/><E0/><V99/><F70/><W30/><G122/><T39/><D39/><U56/><E34/><V90/><F91/><W44/><G116/><T72/><D69/><U14/><E84/><V88/><F90/><W58/><G125/><T11/><D127/><U51/><E57/><V32/><F32/><W47/><G112/><T49/><D128/><U80/><E80/><N who="0" m="30793" /><D73/><U101/><REACH who="1" step="1"/><E65/><REACH who="1" ten="239,287,222,222" step="2"/><V76/><F113/><W126/><G126/><T46/><D72/><U131/><E131/><V18/><F114/><W54/><G108/><T71/><D71/><U35/><E35/><V64/><F64/><W130/><G130/><T134/><D134/><U87/><E87/><V96/><F96/><W109/><G109/><T118/><D118/><U97/><E97/><V115/><F115/><W74/><G74/><T43/><D11/><U129/><E129/><V40/><F99/><W33/><G33/><T117/><D117/><U4/><E4/><AGARI ba="2,3" hai="4,9,15,21,25,29,43,46,49,93,94" m="30793" machi="4" ten="30,1000,0" yaku="8,1" doraHai="59" who="0" fromWho="1" sc="239,46,287,-16,222,0,222,0" /><INIT seed="3,0,0,5,2,33" ten="285,271,222,222" oya="3" hai0="127,115,27,5,64,22,7,102,79,39,21,128,69" hai1="94,19,29,10,122,14,92,124,110,34,70,89,75" hai2="91,84,58,129,25,47,95,120,1,67,112,125,61" hai3="24,111,76,135,117,36,42,65,26,50,12,118,78"/><W108/><G36/><T35/><D39/><U54/><E75/><V98/><F112/><W11/><G65/><T31/><D79/><N who="3" m="30249" /><G42/><T32/><D102/><U6/><E122/><V45/><F120/><W85/><G50/><T4/><D64/><U71/><E34/><N who="0" m="12841" /><D69/><U105/><E29/><V88/><F129/><W37/><G37/><T46/><D46/><U0/><E105/><V73/><F73/><W83/><G83/><T114/><D127/><U38/><E124/><V132/><F132/><W49/><G49/><T60/><D60/><U16/><E38/><V15/><F125/><W63/><G63/><T130/><D22/><U23/><E54/><V81/><F1/><W62/><G62/><T93/><D93/><U57/><E92/><V41/><F41/><W96/><G85/><T77/><D77/><U103/><E57/><V56/><F58/><W101/><G96/><T48/><D48/><U116/><E71/><V106/><F106/><W99/><G99/><T13/><D13/><U28/><E70/><V131/><F131/><AGARI ba="0,0" hai="4,5,7,21,27,31,114,115,128,130,131" m="12841" machi="131" ten="40,5200,0" yaku="19,1,34,2" doraHai="33" who="0" fromWho="2" sc="285,52,271,0,222,-52,222,0" /><INIT seed="4,0,0,2,2,96" ten="337,271,170,222" oya="0" hai0="12,20,45,56,71,119,6,51,23,58,90,91,36" hai1="42,30,86,126,25,53,74,85,93,57,11,50,41" hai2="21,134,78,89,103,61,49,46,15,62,38,18,2" hai3="40,109,48,37,111,31,19,121,5,132,33,9,133"/><T0/><D119/><U106/><E74/><V135/><F2/><N who="3" m="183" /><G48/><T87/><D71/><U128/><E106/><V99/><F38/><W22/><G40/><T34/><D34/><U43/><E128/><V59/><F78/><W35/><G37/><T118/><D36/><U114/><E126/><V107/><F89/><W67/><G67/><T72/><D0/><U123/><E123/><V108/><F108/><N who="3" m="41547" /><G121/><T117/><D72/><U14/><E114/><V100/><F100/><W102/><G102/><T112/><D112/><U10/><E10/><V60/><REACH who="2" step="1"/><F59/><REACH who="2" ten="337,271,160,222" step="2"/><W70/><G70/><T113/><D113/><U69/><E69/><V39/><F39/><W17/><G33/><T16/><D118/><U54/><E57/><V115/><F115/><W101/><G101/><T4/><D117/><U131/><E131/><V7/><F7/><N who="0" m="2602" /><D91/><U95/><E95/><V55/><AGARI ba="0,1" hai="15,18,21,46,49,55,60,61,62,99,103,107,134,135" machi="55" ten="30,4000,0" yaku="1,1,0,1,52,1,53,0" doraHai="96" doraHaiUra="26" who="2" fromWho="2" sc="337,-20,271,-10,160,50,222,-10" /><INIT seed="5,0,0,0,1,2" ten="317,261,210,212" oya="1" hai0="31,56,35,64,76,14,94,29,44,98,5,66,74" hai1="110,68,25,34,69,37,126,78,111,92,128,49,36" hai2="60,12,73,47,134,7,26,65,9,109,133,116,135" hai3="84,39,51,80,17,113,122,72,104,48,1,123,21"/><U3/><E92/><V57/><F109/><N who="1" m="41481" /><E78/><V95/><F116/><W125/><G39/><N who="1" m="14922" /><E3/><V120/><F120/><W88/><G104/><T103/><D35/><U89/><E89/><V97/><F73/><W63/><G1/><T102/><D102/><U23/><E34/><V107/><F107/><W58/><G113/><T22/><D74/><U117/><E117/><V99/><F95/><W4/><G72/><T101/><D76/><U10/><E10/><V106/><F106/><W41/><G41/><T8/><D103/><U77/><E77/><V16/><F47/><W83/><G83/><T27/><D44/><U129/><E126/><V82/><F82/><W42/><G125/><T59/><D31/><N who="1" m="17855" /><E49/><V0/><F26/><W112/><G112/><T132/><D132/><U131/><AGARI ba="0,0" hai="68,69,128,129,131" m="17855,14922,41481" machi="131" ten="40,3900,0" yaku="19,1,10,1" doraHai="2" who="1" fromWho="1" sc="317,-13,261,39,210,-13,212,-13" /><INIT seed="5,1,0,3,4,58" ten="304,300,197,199" oya="1" hai0="24,93,96,3,1,119,51,8,114,107,120,104,91" hai1="102,99,44,49,5,39,61,98,57,47,68,83,130" hai2="92,101,40,116,73,106,46,54,27,71,128,89,84" hai3="64,22,135,10,94,69,105,48,131,37,115,50,82"/><U113/><E5/><V72/><F116/><W14/><G105/><T19/><D119/><U79/><E113/><V118/><F118/><W53/><G37/><T15/><D114/><U109/><E130/><V56/><F71/><W66/><G115/><T18/><D120/><U95/><E109/><V123/><F123/><W43/><G131/><T13/><D24/><U30/><E68/><V132/><F128/><W125/><G125/><T87/><D51/><U126/><E126/><V17/><F132/><W133/><G82/><T38/><D38/><U100/><E30/><V112/><F112/><W32/><G32/><T124/><D124/><U42/><E47/><V121/><F121/><W31/><G43/><T36/><D36/><U7/><E7/><V110/><F110/><W12/><G31/><T97/><D104/><U108/><E108/><V85/><F84/><W9/><G22/><T59/><D59/><U117/><E39/><V52/><F101/><W33/><G69/><T11/><D107/><U55/><E117/><V127/><F106/><W77/><G33/><T16/><D19/><U29/><E29/><V65/><F127/><W21/><G21/><T78/><D78/><U67/><E99/><AGARI ba="1,0" hai="1,3,8,11,13,15,16,18,87,91,93,96,97,99" machi="99" ten="40,2600,0" yaku="9,1,54,1" doraHai="58" who="0" fromWho="1" sc="304,29,300,-29,197,0,199,0" /><INIT seed="6,0,0,2,3,129" ten="333,271,197,199" oya="2" hai0="104,60,130,58,70,54,17,39,100,106,26,10,84" hai1="53,119,15,20,79,91,11,102,61,96,122,101,3" hai2="81,32,1,82,41,73,115,116,21,67,48,38,37" hai3="132,30,64,78,8,123,46,66,93,35,9,31,63"/><V107/><F32/><W92/><G63/><T110/><D110/><U56/><E119/><V23/><F116/><W28/><G46/><T12/><D39/><U57/><E3/><V24/><F1/><W111/><G78/><T94/><D130/><U80/><E20/><V128/><F107/><W44/><G44/><T18/><D70/><U36/><E36/><V127/><F128/><W113/><G123/><T118/><D118/><U43/><E43/><V65/><F115/><W55/><G55/><T25/><D104/><U125/><E125/><V98/><F127/><W131/><G131/><T117/><D106/><U5/><E122/><V16/><F98/><W75/><G30/><T86/><D117/><U0/><E0/><V50/><F41/><W72/><G35/><T62/><D62/><U95/><E57/><V108/><F24/><N who="0" m="9322" /><D18/><U87/><AGARI ba="0,0" hai="5,11,15,53,56,61,79,80,87,91,95,96,101,102" machi="87" ten="20,2700,0" yaku="0,1,7,1,8,1" doraHai="129" who="1" fromWho="1" sc="333,-7,271,27,197,-13,199,-7" /><INIT seed="7,0,0,3,4,89" ten="326,298,184,192" oya="3" hai0="52,20,7,75,71,125,17,63,40,123,98,93,27" hai1="78,68,59,65,15,108,85,8,83,132,115,25,51" hai2="58,54,1,23,114,12,127,81,32,135,100,113,133" hai3="6,102,35,66,103,34,86,72,118,21,49,129,28"/><W43/><G72/><T116/><D116/><U55/><E108/><V77/><F32/><W82/><G118/><T44/><D123/><U87/><E115/><N who="2" m="44043" /><F1/><W130/><G6/><T131/><D75/><U73/><E132/><N who="2" m="50763" /><F100/><N who="3" m="38443" /><G66/><T80/><D80/><U122/><E122/><V47/><F47/><N who="3" m="25855" /><G21/><T109/><D20/><U110/><E110/><V38/><F38/><W33/><G28/><T46/><D46/><U97/><E25/><V111/><F111/><W101/><N who="3" m="38451" /><W9/><DORA hai="29" /><G9/><T69/><D27/><U57/><E68/><V53/><F127/><W60/><G60/><T2/><D125/><U10/><E10/><V94/><F58/><W117/><G117/><T74/><D71/><U67/><E59/><V64/><F64/><W95/><G95/><T62/><D93/><U104/><E67/><V14/><F94/><W61/><G61/><T126/><D69/><U105/><E65/><V119/><F119/><W56/><G56/><T121/><D63/><U70/><E70/><V84/><F23/><W4/><G4/><T48/><D62/><U11/><E11/><V31/><F31/><W90/><G35/><T45/><D126/><U41/><E8/><V76/><F76/><W96/><G96/><T36/><D109/><U88/><E97/><V42/><F42/><W24/><G24/><T134/><D98/><U39/><E73/><V18/><F18/><W91/><G91/><T79/><D121/><U106/><E41/><V19/><F19/><W128/><AGARI ba="0,0" hai="33,34,82,86,90,128,129,130" m="25855,38451" machi="128" ten="40,7800,0" yaku="19,1,52,2" doraHai="89,29" who="3" fromWho="3" sc="326,-26,298,-26,184,-26,192,78" /><INIT seed="7,1,0,0,5,13" ten="300,272,158,270" oya="3" hai0="45,66,131,116,124,19,132,70,127,11,112,35,107" hai1="76,91,65,37,41,55,43,23,57,95,123,82,134" hai2="3,75,47,120,115,40,24,72,36,86,85,60,15" hai3="26,46,101,6,68,125,51,52,42,54,48,90,79"/><W122/><G122/><T98/><D116/><U38/><E123/><V128/><F120/><W18/><G68/><T53/><D35/><U81/><E65/><V21/><F3/><W106/><G79/><T5/><D131/><U44/><E134/><V8/><F128/><W33/><G6/><T67/><D132/><U93/><E91/><V28/><F115/><W119/><G119/><T102/><D112/><U113/><E113/><V99/><F99/><W94/><G101/><T7/><D19/><U31/><E31/><V9/><F60/><W84/><G106/><T77/><D77/><U12/><E23/><V69/><F69/><W117/><G117/><T62/><D66/><U88/><E12/><V29/><F29/><W89/><G89/><T17/><D17/><U130/><E88/><V126/><F126/><N who="0" m="48170" /><D11/><U27/><E27/><V71/><F71/><W108/><G108/><T73/><D73/><U22/><E22/><V58/><F58/><W109/><G109/><T104/><D104/><U110/><E110/><V114/><F114/><W97/><G125/><T1/><D1/><U14/><E130/><V0/><F0/><W74/><G74/><T111/><D111/><U4/><E57/><V92/><F9/><W80/><G33/><T83/><D83/><U133/><E82/><V30/><F30/><W129/><G129/><T118/><D118/><U96/><E81/><V34/><F34/><W2/><G2/><T56/><D70/><U59/><E133/><V39/><F39/><W103/><G51/><AGARI ba="1,0" hai="5,7,45,51,53,56,62,67,98,102,107" m="48170" machi="51" ten="30,1000,0" yaku="18,1" doraHai="13" who="0" fromWho="3" sc="300,13,272,0,158,0,270,-13" owari="313,41.0,272,7.0,158,-34.0,257,-14.0" /></mjloggm>