<mjloggm ver="2.3"><GO type="169" lobby="0"/><UN n0="%E5%A4%AA%E3%81%8F%E3%81%AA%E3%81%84%E3%81%8A" n1="%E3%82%A6%E3%83%AB%E3%83%88%E3%83%A9%E7%AB%8B%E7%9B%B4" n2="%73%61%74" n3="%E6%97%85%E4%BA%BA%E3%81%A1%E3%82%88%E3%81%99%E3%81%91" dan="20,18,16,17" rate="2244.92,2265.69,2089.88,2177.00" sx="M,M,M,M"/><TAIKYOKU oya="0"/><INIT seed="0,0,0,1,2,31" ten="250,250,250,250" oya="0" hai0="98,76,42,124,5,93,132,105,90,3,66,49,35" hai1="19,87,107,118,45,109,104,85,115,135,10,95,130" hai2="33,46,75,51,112,102,82,89,32,99,101,97,116" hai3="83,126,91,60,39,23,133,65,9,70,1,14,61"/><T131/><D124/><U20/><E118/><V15/><F112/><W106/><G1/><T26/><D131/><U18/><E109/><V67/><F67/><W71/><G133/><T72/><D132/><U96/><E135/><V122/><F122/><W108/><G108/><T80/><D66/><U86/><E130/><V63/><F63/><W110/><G110/><T56/><D105/><U6/><E45/><V4/><F116/><W92/><G106/><T78/><D78/><U123/><E19/><V8/><F99/><W64/><G126/><T41/><D3/><U62/><E62/><V7/><F7/><W21/><G83/><T100/><D5/><U38/><E38/><V47/><F101/><W54/><G54/><T129/><D129/><U34/><E34/><V127/><F47/><W59/><G59/><T79/><D79/><U81/><E81/><V134/><F127/><W48/><G48/><T28/><REACH who="0" step="1"/><D100/><REACH who="0" ten="240,250,250,250" step="2"/><U68/><E107/><V12/><F102/><W17/><REACH who="3" step="1"/><G39/><REACH who="3" ten="240,250,250,240" step="2"/><T114/><D114/><U77/><E104/><V117/><F134/><W50/><G50/><T73/><D73/><U58/><E115/><V52/><F75/><W94/><G94/><T29/><D29/><U11/><E95/><N who="2" m="56559" /><F117/><W36/><G36/><T74/><D74/><U40/><E77/><V13/><F82/><W53/><G53/><AGARI ba="0,2" hai="26,28,35,41,42,49,53,56,72,76,80,90,93,98" machi="53" ten="40,3900,0" yaku="1,1,52,1,53,0" doraHai="31" doraHaiUra="128" who="0" fromWho="3" sc="240,59,250,0,250,0,240,-39" /><INIT seed="0,1,0,4,1,8" ten="299,250,250,201" oya="0" hai0="93,49,115,119,56,91,134,106,124,81,135,55,97" hai1="60,20,13,69,71,110,103,21,68,44,24,66,70" hai2="57,2,67,39,34,65,22,109,120,58,111,41,17" hai3="48,23,84,25,5,61,31,129,100,107,102,92,86"/><T54/><D115/><U10/><E110/><N who="2" m="41995" /><F34/><W26/><G107/><T89/><D119/><U0/><E0/><V59/><F2/><W43/><G129/><T131/><D131/><U99/><E44/><N who="2" m="23615" /><F120/><W1/><G1/><T133/><D106/><U19/><REACH who="1" step="1"/><E24/><AGARI ba="1,0" hai="17,22,24,57,58,59,65,67" m="23615,41995" machi="24" ten="30,1000,0" yaku="14,1" doraHai="8" who="2" fromWho="1" sc="299,0,250,-13,250,13,201,0" /><INIT seed="1,0,0,4,2,44" ten="299,237,263,201" oya="1" hai0="32,4,117,56,41,128,45,3,30,65,79,70,21" hai1="6,48,40,63,109,102,19,59,103,85,8,118,25" hai2="16,81,24,9,82,20,69,96,67,54,86,35,94" hai3="23,33,135,107,124,47,39,0,53,134,36,52,31"/><U27/><E118/><V17/><F35/><W122/><G33/><T100/><D117/><U116/><E116/><V66/><F69/><W126/><G122/><T13/><D128/><U38/><E38/><N who="3" m="14378" /><G0/><T22/><D70/><U80/><E109/><V87/><F54/><N who="3" m="21099" /><G107/><T84/><D3/><U71/><E71/><V130/><F130/><W10/><G10/><N who="0" m="4295" /><D100/><U110/><E110/><V55/><F55/><W121/><G121/><T58/><D32/><U29/><E19/><V1/><F1/><W75/><G75/><T26/><D65/><N who="2" m="24586" /><F9/><W123/><G123/><T34/><D22/><N who="1" m="15543" /><E27/><V77/><F17/><W131/><G131/><T72/><D72/><U2/><E2/><V73/><F73/><W93/><G23/><T88/><D79/><N who="1" m="46239" /><E59/><V74/><F74/><W89/><G31/><T49/><D34/><U119/><E63/><V18/><F18/><W97/><G47/><T101/><D101/><N who="1" m="38411" /><E119/><V7/><F7/><W61/><G61/><T64/><D64/><U106/><E106/><V108/><F108/><W111/><G111/><T95/><AGARI ba="0,0" hai="21,26,30,41,45,49,56,58,84,88,95" m="4295" machi="95" ten="30,4000,0" yaku="8,1,52,1,54,1" doraHai="44" who="0" fromWho="0" sc="299,40,237,-20,263,-10,201,-10" /><INIT seed="2,0,0,1,1,70" ten="339,217,253,191" oya="2" hai0="51,98,132,26,19,100,109,124,77,94,69,79,108" hai1="61,112,64,90,57,134,39,110,121,105,38,127,22" hai2="87,102,48,43,35,32,68,72,40,10,29,67,116" hai3="126,95,91,103,92,133,73,30,80,86,1,42,36"/><V83/><F116/><W122/><G1/><T0/><D69/><U96/><E112/><V120/><F120/><W128/><G122/><T107/><D0/><U52/><E121/><V16/><F72/><W66/><G128/><T15/><D124/><U63/><E110/><N who="0" m="42601" /><D132/><U47/><E134/><V13/><F102/><W74/><G133/><T81/><D26/><U50/><E127/><V21/><F68/><W53/><G126/><T60/><D60/><U104/><E22/><V49/><F67/><W123/><G66/><T11/><D51/><N who="2" m="19530" /><F35/><W59/><G123/><T101/><D101/><U106/><REACH who="1" step="1"/><E63/><REACH who="1" ten="339,207,253,191" step="2"/><V28/><F32/><W85/><G30/><N who="2" m="11881" /><F21/><W135/><G135/><T58/><D58/><U82/><E82/><V118/><F118/><W111/><G111/><T46/><D81/><U131/><E131/><V56/><F56/><W20/><G20/><T14/><D107/><U129/><E129/><V55/><F55/><W62/><G92/><AGARI ba="0,1" hai="38,39,47,50,52,57,61,64,90,92,96,104,105,106" machi="92" ten="40,8000,1" yaku="1,1,52,2,54,1,53,0" doraHai="70" doraHaiUra="33" who="1" fromWho="3" sc="339,0,207,90,253,0,191,-80" /><INIT seed="3,0,0,3,2,64" ten="339,297,253,111" oya="3" hai0="55,104,9,47,99,132,25,131,93,63,88,31,2" hai1="19,45,124,111,0,81,43,52,42,103,82,77,76" hai2="41,130,13,51,95,119,6,11,73,128,114,120,89" hai3="123,117,68,32,34,126,75,78,30,12,14,70,83"/><W110/><G117/><T46/><D131/><N who="2" m="50218" /><F73/><W37/><G123/><T97/><D132/><U8/><E103/><V107/><F114/><W67/><G67/><T133/><D133/><U122/><E122/><V35/><F35/><W29/><G37/><T38/><D38/><U112/><E112/><V121/><F107/><W44/><G126/><T24/><D2/><U39/><E43/><V50/><F119/><W96/><G44/><T92/><D104/><U108/><E52/><V105/><F105/><W72/><G96/><T85/><D9/><U91/><E19/><V3/><F3/><W49/><G49/><N who="2" m="18441" /><F41/><W101/><G101/><T118/><D118/><U100/><E100/><V69/><F69/><W115/><G115/><T5/><D5/><N who="1" m="1063" /><E91/><V28/><F28/><W134/><G134/><T80/><D92/><U17/><E17/><V87/><AGARI ba="0,0" hai="6,11,13,87,89,95,120,121" m="18441,50218" machi="87" ten="30,1100,0" yaku="19,1" doraHai="64" who="2" fromWho="2" sc="339,-3,297,-3,253,11,111,-5" /><INIT seed="4,0,0,3,4,17" ten="336,294,264,106" oya="0" hai0="116,76,30,74,79,25,105,44,64,28,61,78,68" hai1="121,29,5,48,15,63,54,26,120,36,24,113,55" hai2="73,89,71,84,1,98,112,134,101,131,22,123,16" hai3="50,92,125,11,130,27,32,57,9,103,49,69,91"/><T82/><D116/><U59/><E36/><V0/><F123/><W62/><G130/><T90/><D30/><U127/><E127/><V35/><F73/><W100/><G125/><T34/><D90/><U47/><E113/><V104/><F35/><W110/><G110/><T83/><D44/><U81/><E26/><V93/><F134/><W13/><G32/><T99/><REACH who="0" step="1"/><D74/><REACH who="0" ten="326,294,264,106" step="2"/><U10/><REACH who="1" step="1"/><E81/><REACH who="1" ten="326,284,264,106" step="2"/><V51/><F112/><W75/><G75/><T115/><D115/><U6/><E6/><V114/><F114/><W80/><G80/><T38/><D38/><U94/><E94/><V60/><F93/><W102/><G92/><T7/><D7/><U85/><E85/><V42/><F84/><W106/><G106/><T43/><D43/><U37/><E37/><V124/><F42/><W128/><G128/><T33/><D33/><AGARI ba="0,2" hai="5,10,15,24,29,33,47,48,54,55,59,63,120,121" machi="33" ten="30,3900,0" yaku="1,1,7,1,53,1" doraHai="17" doraHaiUra="46" who="1" fromWho="0" sc="326,-39,284,59,264,0,106,0" /><INIT seed="5,0,0,0,4,111" ten="287,343,264,106" oya="1" hai0="130,125,83,13,97,23,121,65,1,44,28,122,61" hai1="42,73,32,81,40,56,124,87,48,131,51,26,80" hai2="102,25,33,88,93,27,30,11,116,46,63,129,10" hai3="62,109,72,75,117,36,55,59,50,15,112,35,17"/><U106/><E106/><V54/><F116/><W3/><G109/><T100/><D1/><U68/><E68/><V29/><F129/><W67/><G3/><T58/><D130/><U12/><E131/><V7/><F102/><W89/><G35/><T31/><D125/><U0/><E0/><V16/><F16/><W133/><G117/><T66/><D66/><U77/><E124/><V85/><F7/><W21/><G133/><T34/><D83/><U76/><E12/><V113/><F113/><W64/><G64/><T74/><D74/><U57/><E26/><V90/><F46/><W8/><G36/><T108/><D108/><U24/><E24/><V9/><F54/><W110/><G110/><T91/><D91/><U115/><E32/><V134/><F63/><W60/><G60/><T114/><D44/><U49/><E115/><V18/><F18/><W4/><G89/><T84/><D84/><U38/><E38/><V22/><REACH who="2" step="1"/><F90/><REACH who="2" ten="287,343,254,106" step="2"/><W39/><G112/><T123/><D114/><U37/><E42/><V105/><F105/><W127/><G127/><T92/><D100/><U107/><E107/><V126/><F126/><W5/><G39/><T119/><D119/><U135/><E37/><V20/><F20/><W6/><REACH who="3" step="1"/><G21/><REACH who="3" ten="287,343,254,96" step="2"/><T43/><D34/><U94/><E135/><AGARI ba="0,2" hai="9,10,11,22,25,27,29,30,33,85,88,93,134,135" machi="135" ten="40,2600,0" yaku="1,1,54,1,53,0" doraHai="111" doraHaiUra="99" who="2" fromWho="1" sc="287,0,343,-26,254,46,96,0" /><INIT seed="6,0,0,0,5,56" ten="287,317,300,96" oya="2" hai0="41,103,123,11,10,130,18,23,48,99,35,43,0" hai1="94,109,25,57,42,17,59,83,129,61,44,69,100" hai2="86,30,72,8,64,60,110,128,65,31,117,37,118" hai3="67,127,124,81,16,70,93,22,39,126,21,66,115"/><V26/><F72/><W88/><G39/><T95/><D123/><U47/><E109/><V6/><F37/><W5/><G5/><T40/><D35/><U68/><E129/><V116/><F128/><W92/><G115/><T119/><D130/><U114/><E114/><V106/><F110/><W19/><G81/><T98/><D119/><U85/><E59/><V82/><F106/><W53/><G53/><T107/><D48/><U75/><E75/><V58/><F65/><W132/><G132/><T62/><D0/><U78/><E42/><V101/><F101/><W89/><G127/><T49/><D49/><U24/><E68/><AGARI ba="0,0" hai="16,19,21,22,66,67,68,70,88,89,92,93,124,126" machi="68" ten="25,6400,0" yaku="22,2,54,2" doraHai="56" who="3" fromWho="1" sc="287,0,317,-64,300,0,96,64" /><INIT seed="7,0,0,0,2,54" ten="287,253,300,160" oya="3" hai0="30,111,11,126,117,93,131,0,80,124,90,41,102" hai1="45,97,69,75,38,85,112,48,109,89,130,105,104" hai2="1,66,87,108,84,58,42,21,10,114,103,16,52" hai3="29,51,88,113,120,34,40,4,81,25,24,13,20"/><W35/><G120/><T122/><D122/><U26/><E38/><V91/><F114/><W9/><G113/><T110/><D117/><U132/><E69/><V12/><F108/><N who="0" m="41514" /><D30/><U60/><E26/><V68/><F42/><W7/><G7/><T95/><D41/><U118/><E60/><V70/><F103/><W133/><G133/><T22/><D22/><U5/><E85/><V15/><F1/><W101/><G101/><T92/><D11/><U125/><E48/><N who="2" m="30983" /><F70/><W100/><G100/><T135/><D0/><U119/><E89/><V128/><F68/><W77/><G24/><T49/><D49/><U78/><E45/><V63/><F128/><W99/><G40/><T37/><D37/><U83/><E5/><N who="2" m="3151" /><F66/><W73/><REACH who="3" step="1"/><G51/><REACH who="3" ten="287,253,300,150" step="2"/><T86/><D135/><U76/><E112/><V59/><F91/><W32/><G32/><T98/><D131/><U134/><E130/><V57/><F63/><W106/><G106/><AGARI ba="0,1" hai="80,86,90,92,93,95,98,102,106,124,126" m="41514" machi="106" ten="30,2000,0" yaku="34,2" doraHai="54" who="0" fromWho="3" sc="287,30,253,0,300,0,150,-20" owari="317,42.0,253,-15.0,300,10.0,130,-37.0" /></mjloggm>