<mjloggm ver="2.3"><GO type="169" lobby="0"/><UN n0="%41%55%47%55%52%49" n1="%28%E3%83%BB%EF%BC%8E%E3%83%BB%29" n2="%43%2E%43%2E%E3%82%B5%E3%83%90%E3%82%B7%E3%82%A2" n3="%E3%83%88%E3%83%88%E3%83%AA%E5%85%88%E7%94%9F%31%39%E6%AD%B3" dan="16,16,16,19" rate="2024.84,2093.48,2071.15,2304.29" sx="M,F,F,F"/><TAIKYOKU oya="0"/><INIT seed="0,0,0,2,2,104" ten="250,250,250,250" oya="0" hai0="59,87,129,55,19,58,96,9,13,74,101,93,120" hai1="40,124,10,27,72,56,25,99,36,21,48,17,112" hai2="75,91,2,134,118,64,24,33,122,117,106,133,28" hai3="14,31,29,86,49,61,108,41,121,73,4,51,83"/><T79/><D120/><U42/><E124/><V127/><F122/><W123/><G108/><T16/><D129/><U82/><E112/><V109/><F109/><W95/><G61/><T0/><D0/><U107/><E36/><V128/><F127/><W78/><G51/><T105/><D19/><U32/><E10/><V89/><F128/><W5/><G5/><T67/><D67/><U119/><E119/><N who="2" m="45579" /><F106/><W115/><G115/><T45/><D45/><U65/><E27/><V8/><F64/><W52/><G41/><T94/><D55/><U46/><E99/><V20/><F33/><W26/><G31/><T92/><REACH who="0" step="1"/><D87/><REACH who="0" ten="240,250,250,250" step="2"/><U88/><E65/><V116/><F116/><W113/><G113/><T85/><D85/><U63/><E46/><V97/><F2/><W43/><G43/><T50/><D50/><U37/><E48/><V114/><F114/><W98/><G86/><T110/><D110/><U11/><E42/><V80/><F133/><W68/><G121/><T22/><D22/><U39/><E40/><V57/><F134/><W54/><G123/><T7/><D7/><U15/><E32/><V81/><F8/><N who="3" m="4359" /><G49/><T35/><D35/><U102/><E37/><V132/><F132/><W3/><G3/><T84/><D84/><N who="1" m="50199" /><E39/><V126/><F126/><W62/><G62/><T100/><D100/><U12/><E11/><V47/><F47/><W44/><G44/><T90/><D90/><U76/><E102/><V1/><F1/><W71/><G54/><T103/><D103/><U135/><E135/><V23/><F23/><N who="3" m="15583" /><G52/><T77/><D77/><U30/><E76/><RYUUKYOKU ba="0,1" sc="240,15,250,-15,250,-15,250,15" hai0="9,13,16,58,59,74,79,92,93,94,96,101,105" hai3="68,71,73,78,83,95,98" /><INIT seed="0,1,1,0,5,60" ten="255,235,235,265" oya="0" hai0="77,18,45,23,68,0,130,22,133,135,127,92,75" hai1="94,5,102,128,74,38,73,61,82,28,69,59,72" hai2="33,58,90,110,24,97,83,1,126,124,48,10,44" hai3="122,12,17,118,16,79,54,67,131,30,51,76,11"/><T26/><D0/><U6/><E69/><V87/><F110/><W34/><G118/><T31/><D130/><U96/><E38/><V123/><F123/><W121/><G131/><T63/><D127/><N who="2" m="48682" /><F58/><W103/><G103/><T104/><D104/><U132/><E128/><V39/><F39/><W134/><G134/><N who="0" m="51211" /><D92/><U20/><E82/><V15/><F97/><W27/><G17/><T70/><D45/><U25/><REACH who="1" step="1"/><E132/><REACH who="1" ten="255,225,235,265" step="2"/><V88/><F83/><W86/><G122/><T99/><D70/><U117/><E117/><V101/><F1/><W125/><G121/><T62/><D68/><U2/><E2/><V47/><F101/><W56/><G125/><T36/><D36/><U42/><E42/><N who="2" m="24599" /><F47/><W78/><REACH who="3" step="1"/><G86/><REACH who="3" ten="255,225,235,255" step="2"/><T108/><D108/><U3/><E3/><V40/><F87/><W95/><G95/><T4/><D99/><U106/><E106/><V64/><F40/><W29/><G29/><T43/><D43/><U66/><AGARI ba="1,3" hai="5,6,20,25,28,59,61,66,72,73,74,94,96,102" machi="66" ten="30,8000,1" yaku="1,1,0,1,25,2,52,1,53,0" doraHai="60" doraHaiUra="100" who="1" fromWho="1" sc="255,-41,225,113,235,-21,255,-21" /><INIT seed="1,0,0,3,2,35" ten="214,338,214,234" oya="1" hai0="87,113,31,120,71,5,112,108,14,92,24,52,25" hai1="101,38,43,104,27,93,65,41,94,2,131,62,39" hai2="78,11,20,81,6,15,115,83,111,85,48,125,54" hai3="37,86,67,17,109,29,66,77,42,44,105,129,121"/><U64/><E131/><V84/><F111/><W23/><G121/><T75/><D75/><U33/><E93/><V34/><F125/><W0/><G105/><T119/><D119/><U46/><E94/><V90/><F115/><W123/><G123/><T96/><D120/><U73/><E64/><V16/><F34/><W51/><G109/><T133/><D71/><N who="1" m="42423" /><E43/><V74/><F74/><W103/><G103/><T100/><D108/><U68/><E68/><V130/><F130/><W114/><G129/><T70/><D70/><U118/><E118/><V63/><F63/><W50/><G114/><T18/><D5/><U82/><E2/><V98/><F98/><W88/><G77/><T58/><D87/><U10/><E10/><V135/><F135/><W117/><G0/><T13/><D13/><U79/><E46/><V21/><REACH who="2" step="1"/><F6/><REACH who="2" ten="214,338,204,234" step="2"/><W56/><G117/><T69/><D133/><U134/><E134/><V122/><F122/><W110/><G110/><T3/><D113/><U72/><E73/><V32/><F32/><W89/><G86/><T128/><D128/><U7/><E7/><V40/><F40/><W53/><G66/><T26/><D112/><U9/><E41/><V45/><AGARI ba="0,1" hai="11,15,16,20,21,45,48,54,78,81,83,84,85,90" machi="45" ten="20,12000,2" yaku="1,1,0,1,7,1,25,2,8,1,54,1,53,0" doraHai="35" doraHaiUra="97" who="2" fromWho="2" sc="214,-30,338,-60,204,130,234,-30" /><INIT seed="2,0,0,3,4,48" ten="184,278,334,204" oya="2" hai0="120,42,41,127,51,18,46,75,129,39,89,9,94" hai1="66,53,97,109,90,110,132,21,106,47,6,108,116" hai2="114,123,58,34,100,69,92,40,12,95,122,96,4" hai3="73,13,91,102,111,70,22,25,29,126,56,131,98"/><V38/><F69/><W50/><G70/><T71/><D120/><U65/><E116/><V77/><F114/><W82/><G111/><T37/><D71/><U1/><E132/><V105/><F34/><W103/><G131/><T86/><D129/><U11/><E21/><V55/><F77/><W14/><G126/><T81/><D127/><U76/><E76/><V28/><F28/><W27/><G73/><T59/><D42/><U85/><E97/><V19/><F4/><W113/><G113/><T84/><D75/><U68/><E106/><V74/><F74/><W10/><G25/><T88/><REACH who="0" step="1"/><D59/><REACH who="0" ten="174,278,334,204" step="2"/><U107/><E68/><V130/><F130/><W60/><G56/><T125/><D125/><U72/><E72/><V35/><F122/><W16/><G60/><T24/><D24/><U57/><E47/><V5/><F40/><W61/><G61/><T31/><D31/><U3/><E57/><V121/><F58/><W23/><G50/><T2/><D2/><U33/><E3/><V30/><F30/><W32/><G32/><T26/><D26/><U115/><E33/><V64/><F35/><W54/><G29/><T15/><AGARI ba="0,1" hai="9,15,18,37,39,41,46,51,81,84,86,88,89,94" machi="15" ten="30,7900,0" yaku="1,1,0,1,54,1,53,1" doraHai="48" doraHaiUra="45" who="0" fromWho="0" sc="174,89,278,-20,334,-39,204,-20" /><INIT seed="3,0,0,1,5,126" ten="263,258,295,184" oya="3" hai0="105,14,53,59,103,73,112,23,121,62,54,132,101" hai1="124,69,81,39,30,71,130,117,83,27,93,94,24" hai2="36,5,46,97,32,18,80,37,56,35,113,111,100" hai3="57,95,118,102,11,50,99,28,33,128,91,15,88"/><W19/><G118/><T115/><D121/><U89/><E30/><V55/><F113/><N who="0" m="43594" /><D132/><U7/><E7/><V135/><F135/><W8/><G128/><T63/><D73/><U82/><E39/><V45/><F5/><W104/><G28/><T12/><D105/><U68/><E124/><V90/><F111/><W96/><G33/><T6/><D23/><U109/><E89/><V134/><F18/><W87/><G8/><N who="0" m="4119" /><D14/><U26/><E109/><V29/><F29/><W47/><G57/><AGARI ba="0,0" hai="53,54,57,59,62,63,101,103" m="4119,43594" machi="57" ten="30,1000,0" yaku="11,1" doraHai="126" who="0" fromWho="3" sc="263,10,258,0,295,0,184,-10" /><INIT seed="4,0,0,1,2,59" ten="273,258,295,174" oya="0" hai0="5,20,4,94,32,110,62,101,66,11,82,45,31" hai1="72,2,36,7,119,40,34,111,12,3,121,56,124" hai2="67,0,127,100,69,55,75,46,92,39,120,70,29" hai3="71,87,131,117,90,22,76,135,65,58,132,37,60"/><T27/><D110/><U86/><E86/><V85/><F75/><W49/><G76/><T35/><D82/><U54/><E111/><V26/><F0/><W81/><G117/><T99/><D45/><U13/><E119/><V28/><F120/><W125/><G131/><T30/><D30/><U9/><E72/><V126/><F39/><W129/><G129/><T83/><D83/><U77/><E77/><V134/><F134/><W21/><G37/><T74/><D74/><U25/><E40/><V102/><F46/><W128/><G125/><T116/><D116/><U68/><E124/><V97/><F55/><W95/><G81/><T8/><D8/><U108/><E68/><V44/><F44/><W109/><G109/><T96/><D96/><U115/><E36/><V51/><F67/><W47/><G71/><T41/><D41/><U112/><E121/><V106/><F97/><W1/><G1/><T10/><D10/><N who="1" m="4319" /><E56/><V42/><F69/><W133/><REACH who="3" step="1"/><G128/><REACH who="3" ten="273,258,295,164" step="2"/><T89/><D5/><N who="1" m="3119" /><E108/><V18/><F70/><W91/><G91/><T84/><D4/><U105/><E2/><V73/><F126/><W122/><G122/><T79/><D79/><U118/><E3/><V38/><F38/><W114/><G114/><T6/><D6/><U88/><E88/><V63/><F127/><W17/><G17/><T24/><D89/><U52/><E118/><V43/><F18/><W113/><G113/><N who="1" m="43594" /><E105/><V78/><F106/><W19/><G19/><T107/><D107/><U16/><E16/><V80/><F78/><W33/><G33/><T93/><D35/><U23/><E34/><RYUUKYOKU ba="0,1" sc="273,-15,258,15,295,-15,164,15" hai1="23,25,52,54" hai3="21,22,47,49,58,60,65,87,90,95,132,133,135" /><INIT seed="5,1,1,4,0,89" ten="258,273,280,179" oya="1" hai0="135,39,87,78,95,28,16,26,113,1,118,123,94" hai1="74,76,128,114,35,32,21,63,67,3,70,75,82" hai2="131,7,64,24,79,40,18,27,65,19,56,11,29" hai3="71,92,46,37,111,69,51,129,23,85,105,22,54"/><U50/><E75/><V5/><F131/><W20/><G111/><T81/><D118/><U68/><E68/><V98/><F79/><W112/><G105/><T133/><D113/><U2/><E114/><V121/><F121/><W104/><G104/><T103/><D123/><U100/><E128/><V119/><F119/><W80/><G129/><T127/><D127/><U134/><E134/><N who="0" m="51209" /><D1/><U6/><E21/><V126/><F126/><W84/><G112/><T10/><D103/><U25/><E100/><V0/><F40/><W14/><G37/><T99/><D99/><U109/><E109/><V88/><F7/><W120/><G120/><T33/><D39/><U62/><E62/><V125/><F27/><W91/><REACH who="3" step="1"/><G14/><AGARI ba="1,1" hai="10,14,16,26,28,33,78,81,87,94,95" m="51209" machi="14" ten="30,7700,0" yaku="20,1,52,2,54,1" doraHai="89" who="0" fromWho="3" sc="258,90,273,0,280,0,179,-80" /><INIT seed="6,0,0,3,1,55" ten="348,273,280,99" oya="2" hai0="13,64,4,41,68,84,0,129,39,56,123,120,117" hai1="48,92,89,83,133,58,2,12,126,28,34,50,106" hai2="119,45,1,8,121,42,26,19,14,17,16,66,115" hai3="128,87,132,11,112,63,99,5,88,53,22,124,108"/><V36/><F121/><W9/><G108/><T46/><D117/><U125/><E2/><V38/><F119/><W70/><G128/><T73/><D129/><U93/><E106/><V75/><F115/><W69/><G132/><T52/><D73/><U29/><E133/><V67/><F1/><W59/><G124/><N who="1" m="47722" /><E12/><V105/><F105/><W110/><G110/><T98/><D84/><N who="1" m="50335" /><E48/><V103/><F103/><W49/><G112/><T61/><D98/><U90/><E34/><V71/><F75/><W95/><G22/><T111/><D0/><U78/><E78/><V7/><F26/><W30/><G30/><N who="1" m="11882" /><E90/><V77/><F77/><W62/><G5/><T116/><D116/><U122/><E122/><V27/><F27/><W18/><G18/><T15/><D111/><U21/><E21/><V135/><F135/><W72/><G72/><T94/><D94/><N who="1" m="36459" /><E50/><V127/><F127/><W10/><REACH who="3" step="1"/><G87/><REACH who="3" ten="348,273,280,89" step="2"/><T118/><D118/><U6/><E6/><V65/><REACH who="2" step="1"/><F38/><REACH who="2" ten="348,273,270,89" step="2"/><W57/><G57/><AGARI ba="0,2" hai="57,58" m="36459,11882,50335,47722" machi="57" ten="30,3900,0" yaku="18,1,52,2" doraHai="55" who="1" fromWho="3" sc="348,0,273,59,270,0,89,-39" /><INIT seed="7,0,0,0,0,16" ten="348,332,270,50" oya="3" hai0="30,31,25,24,75,28,120,43,108,61,122,114,33" hai1="69,94,71,17,20,93,80,63,73,45,2,101,74" hai2="89,88,119,0,47,107,113,131,82,100,111,132,3" hai3="34,96,32,83,40,133,5,39,70,44,135,110,7"/><W15/><G70/><T12/><D75/><U53/><E2/><V79/><F111/><W86/><G110/><T129/><D108/><U98/><E94/><V103/><F119/><W123/><G123/><N who="0" m="47147" /><D61/><U11/><E11/><V68/><F113/><W125/><G125/><T118/><D43/><U4/><E4/><N who="3" m="1610" /><G15/><T126/><D126/><U77/><E74/><V14/><F131/><W50/><G96/><T115/><D129/><U117/><E117/><V102/><F132/><N who="3" m="50763" /><G39/><T124/><D124/><U46/><E69/><V18/><F107/><W104/><G104/><T41/><D41/><U9/><E9/><V81/><F68/><W60/><G60/><T116/><D12/><U58/><E71/><V112/><F112/><N who="0" m="43050" /><D31/><U59/><E59/><V121/><F0/><W19/><G19/><T85/><D85/><U6/><E6/><V1/><F1/><W99/><G99/><T62/><D62/><U128/><E128/><V90/><F3/><W106/><G106/><T27/><D27/><AGARI ba="0,0" hai="17,20,27,45,46,53,58,63,73,77,80,93,98,101" machi="27" ten="30,2000,0" yaku="7,1,52,1" doraHai="16" who="1" fromWho="0" sc="348,-20,332,20,270,0,50,0" owari="328,13.0,352,45.0,270,-13.0,50,-45.0" /></mjloggm>