<mjloggm ver="2.3"><GO type="169" lobby="0"/><UN n0="%6D%69%72%69%72%69" n1="%E6%A3%AE%E5%AE%AE%E8%92%BC%E4%B9%83" n2="%E3%82%AB%E3%83%9D%E3%83%8D%E5%9B%A3%E3%81%AE%E5%85%84%E8%B2%B4" n3="%E3%82%A6%E3%83%AB%E3%83%88%E3%83%A9%E7%AB%8B%E7%9B%B4" dan="17,16,18,16" rate="2133.17,2096.44,2268.92,2167.41" sx="M,M,M,M"/><TAIKYOKU oya="0"/><INIT seed="0,0,0,0,2,84" ten="250,250,250,250" oya="0" hai0="88,13,54,102,76,21,101,35,80,12,124,92,60" hai1="90,49,132,26,38,62,93,123,48,24,96,71,116" hai2="75,14,46,81,28,135,43,70,134,126,6,18,59" hai3="23,114,7,94,68,115,133,11,130,63,89,127,66"/><T98/><BYE who="1" /><D35/><U40/><E40/><V33/><F70/><W121/><G130/><UN n1="%E6%A3%AE%E5%AE%AE%E8%92%BC%E4%B9%83" /><T27/><D124/><U78/><E38/><V56/><F33/><W29/><G127/><T104/><D104/><U73/><E123/><V57/><F28/><W91/><G133/><N who="2" m="50697" /><F126/><W109/><G109/><T55/><D13/><U106/><E116/><V85/><F6/><W42/><G121/><T52/><D60/><U3/><E3/><V37/><F75/><W131/><G131/><T112/><D12/><U58/><E71/><V86/><F81/><W41/><G41/><T107/><D107/><U10/><E106/><V69/><F69/><W64/><G64/><T20/><D112/><U65/><E132/><V8/><AGARI ba="0,0" hai="8,14,18,37,43,46,56,57,59,85,86" m="50697" machi="8" ten="30,1100,0" yaku="20,1" doraHai="84" who="2" fromWho="2" sc="250,-5,250,-3,250,11,250,-3" /><INIT seed="1,0,0,3,4,76" ten="245,247,261,247" oya="1" hai0="114,54,51,20,101,32,22,90,5,81,56,10,7" hai1="21,108,118,74,127,59,92,71,113,25,131,115,73" hai2="19,26,123,29,61,45,95,67,87,122,69,134,126" hai3="102,2,36,15,121,11,88,58,68,57,4,80,97"/><U13/><E71/><V78/><F126/><W120/><G68/><T52/><D32/><U89/><E127/><V49/><F134/><W34/><G34/><T39/><D39/><U129/><E118/><V24/><F19/><W28/><G36/><T79/><D114/><U72/><E59/><V116/><F116/><W85/><G28/><T33/><D33/><U132/><E13/><V66/><F66/><W109/><G109/><T0/><D101/><U112/><E132/><V111/><F111/><W64/><G2/><T23/><D7/><U16/><REACH who="1" step="1"/><E108/><REACH who="1" ten="245,237,261,247" step="2"/><V94/><F122/><W96/><G120/><T62/><D90/><U14/><E14/><V42/><F123/><W40/><G121/><T75/><REACH who="0" step="1"/><D22/><REACH who="0" ten="235,237,261,247" step="2"/><U41/><E41/><V93/><REACH who="2" step="1"/><F29/><REACH who="2" ten="235,237,251,247" step="2"/><W9/><G40/><T12/><D12/><U70/><E70/><V46/><F46/><AGARI ba="0,3" hai="0,5,10,20,23,46,51,52,54,56,62,75,79,81" machi="46" ten="30,7700,0" yaku="1,1,7,1,52,1,54,1,53,0" doraHai="76" doraHaiUra="60" who="0" fromWho="2" sc="235,107,237,0,251,-77,247,0" /><INIT seed="2,0,0,3,5,95" ten="342,237,174,247" oya="2" hai0="60,99,5,53,135,64,55,29,84,130,111,31,77" hai1="30,101,49,91,39,50,78,119,116,70,4,74,98" hai2="110,76,122,71,85,89,117,128,20,44,17,42,107" hai3="59,134,112,58,118,8,45,48,61,92,36,7,115"/><V43/><F117/><W124/><G118/><T88/><D111/><U132/><E39/><V40/><F122/><W34/><G34/><T75/><D5/><U47/><E132/><V86/><F71/><W9/><G36/><T81/><D130/><U28/><E70/><V65/><F65/><W97/><G124/><T35/><D135/><U69/><E69/><V120/><F120/><W27/><G27/><T57/><D35/><U41/><E4/><V94/><F107/><W82/><G82/><T26/><D26/><U32/><E91/><V72/><F72/><W0/><G9/><T3/><D3/><U80/><E50/><V96/><F128/><W105/><G105/><T125/><D125/><U51/><E51/><V67/><F67/><W1/><G1/><T11/><D11/><U90/><E90/><V21/><F110/><W24/><G24/><T66/><D66/><U131/><E32/><V23/><F44/><W12/><G61/><T18/><D18/><U73/><E131/><V93/><F76/><W19/><G19/><T25/><D75/><U14/><E74/><V16/><F85/><W102/><G0/><T129/><D129/><U54/><E116/><V68/><F68/><W114/><REACH who="3" step="1"/><G134/><REACH who="3" ten="342,237,174,237" step="2"/><T62/><D62/><U109/><E119/><V108/><REACH who="2" step="1"/><F108/><REACH who="2" ten="342,237,164,237" step="2"/><W121/><G121/><T113/><D60/><U126/><E109/><V13/><F13/><W15/><G15/><T46/><D64/><U103/><E126/><V100/><AGARI ba="0,2" hai="16,17,20,21,23,40,42,43,86,89,93,94,96,100" machi="100" ten="30,12000,1" yaku="1,1,0,1,8,1,52,1,54,1,53,0" doraHai="95" doraHaiUra="106" who="2" fromWho="2" sc="342,-40,237,-40,164,140,237,-40" /><INIT seed="2,1,0,2,5,131" ten="302,197,304,197" oya="2" hai0="38,104,52,20,37,99,3,115,39,81,14,31,29" hai1="76,26,79,2,43,45,108,65,30,36,47,120,125" hai2="87,103,13,41,46,35,24,61,25,72,57,73,12" hai3="58,132,1,33,8,123,56,32,133,114,118,109,116"/><V60/><F103/><W7/><G58/><T48/><D3/><U42/><E2/><V66/><F35/><N who="3" m="13387" /><G56/><T50/><D115/><U119/><E120/><V83/><F73/><W27/><G123/><T127/><D50/><U101/><E119/><N who="3" m="45610" /><G114/><T94/><D104/><U122/><E122/><V117/><F72/><W34/><G109/><T100/><D127/><U18/><E108/><V126/><F126/><W84/><G84/><T75/><D14/><N who="2" m="5738" /><F61/><W105/><G105/><T111/><D20/><U69/><E125/><V16/><F117/><W62/><G62/><T77/><REACH who="0" step="1"/><D111/><REACH who="0" ten="292,197,304,197" step="2"/><U106/><E106/><V124/><F124/><W17/><G34/><T74/><D74/><U23/><E23/><AGARI ba="1,1" hai="1,7,8,17,23,27,132,133" m="45610,13387" machi="23" ten="40,8000,1" yaku="34,2,52,2" doraHai="131" who="3" fromWho="1" sc="292,0,197,-83,304,0,197,93" /><INIT seed="3,0,0,3,1,110" ten="292,114,304,290" oya="3" hai0="52,71,43,111,125,64,90,65,68,85,123,114,17" hai1="50,14,100,74,5,113,16,34,112,58,124,121,88" hai2="126,38,122,78,80,118,72,77,6,48,66,93,79" hai3="23,26,2,59,97,105,106,91,132,25,4,73,119"/><W31/><G119/><T41/><D111/><U102/><E34/><V13/><F38/><W24/><G73/><T108/><D108/><U46/><E121/><V76/><F118/><W120/><G120/><T81/><D123/><U42/><E124/><V56/><F126/><W0/><G132/><T116/><D116/><U89/><E74/><V99/><F122/><W98/><G59/><T94/><D125/><U130/><E130/><V82/><F6/><W135/><G135/><T67/><D114/><U127/><E127/><V95/><F13/><W69/><G69/><T45/><D17/><U70/><E70/><V53/><F66/><W84/><G4/><T18/><D18/><U61/><E5/><V15/><F15/><W133/><G133/><T8/><D8/><U109/><E109/><V86/><F93/><W49/><G49/><N who="0" m="28719" /><D68/><U22/><E112/><V107/><F107/><W19/><G106/><T33/><D33/><U1/><E1/><V20/><F20/><W11/><G11/><T54/><D54/><N who="1" m="34007" /><E113/><V63/><F48/><W55/><G55/><T62/><D62/><U10/><E10/><V92/><F92/><N who="3" m="54375" /><G105/><T40/><D71/><U129/><E129/><V96/><F96/><N who="3" m="36971" /><G2/><T9/><D9/><U3/><E3/><V83/><F72/><W29/><G0/><T51/><D51/><U28/><E28/><AGARI ba="0,0" hai="19,23,24,25,26,28,29,31" m="36971,54375" machi="28" ten="30,1500,0" yaku="8,1" doraHai="110" who="3" fromWho="1" sc="292,0,114,-15,304,0,290,15" /><INIT seed="3,1,0,2,1,34" ten="292,99,304,305" oya="3" hai0="51,114,123,16,127,0,109,39,37,8,33,9,102" hai1="117,96,66,50,24,2,41,44,105,17,61,57,82" hai2="110,65,63,23,87,130,77,83,11,18,115,90,84" hai3="101,103,27,60,32,78,14,132,98,62,93,85,4"/><W71/><G132/><T113/><D123/><U108/><E108/><V6/><F110/><W15/><G103/><T86/><D109/><U70/><E117/><V79/><F115/><N who="0" m="44042" /><D33/><U106/><E2/><V42/><F42/><W1/><G1/><T122/><D122/><U100/><E82/><V69/><F130/><W3/><G3/><T76/><D127/><U36/><E24/><V53/><F53/><W94/><G71/><T104/><D51/><U92/><REACH who="1" step="1"/><E17/><REACH who="1" ten="292,89,304,305" step="2"/><V131/><F131/><W59/><G27/><T26/><D0/><U12/><E12/><V81/><F6/><W5/><G15/><T40/><D16/><U112/><E112/><V119/><F119/><W129/><G129/><T35/><D26/><U128/><E128/><V125/><F125/><W58/><G5/><T45/><D35/><U97/><E97/><V64/><F18/><W89/><G32/><T28/><D28/><U47/><E47/><V48/><F11/><W22/><G4/><T55/><D9/><U74/><E74/><V68/><F23/><W54/><G22/><T134/><D8/><U118/><E118/><V43/><F77/><W67/><G14/><T121/><D121/><U31/><E31/><V52/><F83/><W99/><G78/><T107/><D45/><U135/><E135/><V38/><F79/><W21/><G21/><T19/><D19/><U120/><E120/><V10/><F10/><W75/><G75/><T20/><D134/><U126/><E126/><V88/><F81/><W13/><G13/><T25/><D20/><U116/><E116/><V73/><F73/><RYUUKYOKU ba="1,1" sc="292,-15,89,15,304,-15,305,15" hai1="36,41,44,50,57,61,66,70,92,96,100,105,106" hai3="54,58,59,60,62,67,85,89,93,94,98,99,101" /><INIT seed="3,2,1,1,5,127" ten="277,104,289,320" oya="3" hai0="22,19,110,85,115,7,80,97,79,128,72,124,84" hai1="61,59,36,54,108,92,98,71,78,26,28,44,87" hai2="65,24,63,2,1,64,116,83,34,76,47,95,56" hai3="112,67,20,15,40,100,111,90,82,101,46,93,38"/><W70/><G112/><T130/><D124/><U27/><E108/><V12/><F116/><W113/><G113/><T62/><D115/><U126/><E126/><V123/><F123/><W3/><G3/><T107/><D110/><U89/><E71/><V109/><F109/><W121/><G121/><T51/><D7/><U94/><E28/><V14/><F64/><W13/><G111/><T37/><D37/><U96/><E36/><V119/><F119/><W129/><G82/><T25/><D62/><U118/><E118/><V39/><F2/><W5/><G13/><T81/><D51/><U103/><REACH who="1" step="1"/><E44/><REACH who="1" ten="277,94,289,320" step="2"/><V120/><F95/><W58/><G93/><T8/><D80/><AGARI ba="2,2" hai="26,27,54,59,61,78,80,87,89,92,94,96,98,103" machi="80" ten="40,8000,1" yaku="1,1,2,1,8,1,53,1" doraHai="127" doraHaiUra="49" who="1" fromWho="0" sc="277,-86,94,106,289,0,320,0" /><INIT seed="4,0,0,1,5,48" ten="191,200,289,320" oya="0" hai0="16,99,129,33,66,104,14,57,133,52,8,73,85" hai1="80,116,79,36,56,82,69,37,118,103,131,90,32" hai2="102,75,115,63,27,77,49,23,127,93,17,126,58" hai3="122,74,30,120,13,10,96,78,15,106,107,34,128"/><T134/><D73/><U95/><E69/><V114/><F75/><W91/><G128/><T64/><D129/><U109/><E109/><V4/><F77/><W72/><G78/><T71/><D33/><U87/><E32/><V123/><F4/><N who="3" m="3271" /><G15/><T98/><D85/><U117/><E131/><V0/><F49/><W105/><G30/><T28/><D28/><U2/><E2/><V101/><F0/><W51/><G51/><T61/><D71/><U25/><E25/><V113/><F123/><N who="3" m="47147" /><G34/><T97/><REACH who="0" step="1"/><D104/><REACH who="0" ten="181,200,289,320" step="2"/><U46/><E87/><V21/><F126/><W130/><G130/><T3/><D3/><U29/><E29/><V18/><F127/><W40/><G72/><T100/><D100/><U20/><E103/><V26/><REACH who="2" step="1"/><F93/><REACH who="2" ten="181,200,279,320" step="2"/><N who="3" m="56383" /><G74/><T54/><D54/><AGARI ba="0,2" hai="17,18,21,23,26,27,54,58,63,101,102,113,114,115" machi="54" ten="40,8000,1" yaku="1,1,9,1,15,1,52,1,53,0" doraHai="48" doraHaiUra="47" who="2" fromWho="0" sc="181,-80,200,0,279,100,320,0" /><INIT seed="5,0,0,2,1,61" ten="101,200,379,320" oya="1" hai0="46,56,19,55,93,102,121,28,34,30,94,17,104" hai1="91,99,107,103,117,120,112,70,132,128,49,48,18" hai2="90,60,95,80,36,83,114,127,129,33,9,23,73" hai3="21,16,98,130,124,115,109,26,10,67,78,50,68"/><U40/><E117/><V24/><F36/><W72/><G109/><T62/><D121/><U126/><E120/><V38/><F38/><W44/><G115/><T81/><D104/><U110/><E112/><V123/><F123/><W5/><G130/><T64/><D81/><U25/><E70/><V133/><F127/><W11/><G124/><T7/><D7/><U51/><E132/><V63/><F33/><W0/><G72/><T8/><D34/><U12/><E25/><V85/><F129/><W65/><G78/><T39/><D39/><U2/><E2/><V37/><F37/><W87/><G68/><T97/><D94/><U92/><E128/><V52/><F133/><W74/><G74/><T122/><D122/><U1/><E1/><V135/><F135/><W88/><G98/><T42/><D42/><U84/><E110/><V71/><F9/><N who="3" m="3083" /><G5/><T76/><D76/><U79/><E79/><V134/><F73/><W69/><G69/><T41/><D41/><U57/><E40/><V29/><F134/><W27/><G27/><T77/><D77/><U58/><E126/><V32/><F32/><W125/><G0/><T20/><D8/><U82/><E107/><V31/><F31/><N who="0" m="11818" /><D20/><AGARI ba="0,0" hai="12,18,20,48,49,51,57,58,82,84,91,92,99,103" machi="20" ten="40,2000,0" yaku="8,1" doraHai="61" who="1" fromWho="0" sc="101,-20,200,20,379,0,320,0" /><INIT seed="5,1,0,0,5,77" ten="81,220,379,320" oya="1" hai0="42,13,7,44,70,58,28,40,90,85,18,48,69" hai1="93,130,11,27,50,118,16,8,131,109,135,56,100" hai2="32,6,96,10,9,63,26,41,31,74,4,115,66" hai3="86,97,114,79,112,98,111,103,22,122,57,132,17"/><U19/><E118/><V89/><F41/><W2/><G122/><T107/><D107/><U110/><E135/><V117/><F117/><W120/><G120/><T92/><D7/><U128/><E93/><V35/><F115/><W45/><G2/><T43/><D28/><U54/><E100/><V88/><F74/><W60/><G111/><N who="1" m="42506" /><E19/><V30/><F96/><W99/><G132/><T76/><D76/><U24/><E24/><V21/><F21/><AGARI ba="1,0" hai="8,11,16,21,27,50,54,56,128,130,131" m="42506" machi="21" ten="40,7700,0" yaku="19,1,10,1,54,1" doraHai="77" who="1" fromWho="2" sc="81,0,220,80,379,-80,320,0" /><INIT seed="5,2,0,0,5,35" ten="81,300,299,320" oya="1" hai0="88,111,21,128,61,133,115,6,52,101,112,46,120" hai1="49,59,3,24,106,38,41,34,90,129,23,82,40" hai2="44,127,10,86,9,107,67,75,105,2,116,32,126" hai3="26,63,15,84,93,28,91,97,8,43,92,130,25"/><U132/><E34/><V66/><F116/><W36/><G130/><T4/><D128/><U78/><E38/><V30/><F75/><W69/><G36/><T55/><D111/><U48/><E3/><V113/><F32/><W27/><G43/><N who="1" m="16458" /><E106/><V102/><F44/><W22/><G63/><T117/><D117/><U122/><E122/><V121/><F30/><W100/><REACH who="3" step="1"/><G69/><REACH who="3" ten="81,300,299,310" step="2"/><T45/><D120/><U16/><E129/><V53/><F121/><W18/><AGARI ba="2,1" hai="8,15,18,22,25,26,27,28,84,91,92,93,97,100" machi="18" ten="20,8000,1" yaku="1,1,2,1,0,1,7,1,8,1,53,0" doraHai="35" doraHaiUra="0" who="3" fromWho="3" sc="81,-22,300,-42,299,-22,310,96" /><INIT seed="6,0,0,1,4,19" ten="59,258,277,406" oya="2" hai0="34,15,36,37,107,41,6,94,90,29,121,95,115" hai1="131,32,73,110,76,3,122,93,108,62,117,0,13" hai2="4,39,45,82,2,10,46,116,74,135,65,88,56" hai3="68,47,22,35,134,114,89,60,109,66,1,125,55"/><V106/><F116/><W54/><G35/><T14/><D107/><U5/><E117/><V80/><F135/><W33/><G33/><T53/><D34/><U64/><E131/><V40/><F106/><W127/><G109/><T63/><D115/><U49/><E32/><V28/><F28/><W78/><G114/><T99/><D121/><U123/><E93/><V42/><F65/><W104/><G1/><T24/><D41/><U61/><E49/><V132/><F132/><W112/><G112/><T111/><D111/><U129/><E129/><V52/><F88/><W8/><G134/><T59/><D14/><U69/><E13/><V51/><REACH who="2" step="1"/><F74/><REACH who="2" ten="59,258,267,406" step="2"/><W119/><G104/><T50/><D94/><U12/><E73/><V25/><F25/><W86/><G89/><T128/><D128/><U67/><E64/><V100/><F100/><W48/><G66/><T44/><D24/><U20/><E67/><V96/><F96/><W71/><G119/><T97/><D97/><U118/><E118/><V31/><F31/><W85/><G71/><T84/><D29/><U43/><E69/><V81/><F81/><W11/><G68/><T57/><D99/><U105/><E105/><V17/><F17/><W23/><G86/><T16/><D6/><U58/><E5/><V72/><F72/><W26/><G85/><T18/><D18/><N who="1" m="10311" /><E108/><V133/><F133/><W83/><G83/><T101/><D101/><U124/><E110/><V38/><AGARI ba="0,1" hai="2,4,10,38,39,40,42,45,46,51,52,56,80,82" machi="38" ten="20,12000,1" yaku="1,1,0,1,7,1,9,1,54,1,53,0" doraHai="19" doraHaiUra="113" who="2" fromWho="2" sc="59,-40,258,-40,267,130,406,-40" /><INIT seed="6,1,0,3,3,89" ten="19,218,397,366" oya="2" hai0="19,115,128,17,36,97,20,117,48,23,46,131,64" hai1="111,77,31,43,133,11,42,75,47,78,1,53,14" hai2="16,85,37,83,102,32,67,92,121,65,61,76,59" hai3="116,39,22,119,86,114,51,108,98,123,88,104,100"/><V84/><F37/><W112/><G39/><T26/><D36/><U3/><E111/><V55/><F32/><W25/><G51/><T34/><D64/><U10/><E31/><V95/><F121/><W66/><G66/><N who="2" m="25097" /><F102/><W74/><G123/><T58/><D58/><U40/><E133/><V13/><F85/><W54/><G54/><T99/><D115/><N who="3" m="44073" /><G74/><T70/><D34/><U0/><E75/><V57/><F57/><W68/><G68/><T109/><D109/><U52/><E47/><V5/><F5/><W6/><G6/><T56/><D56/><U7/><REACH who="1" step="1"/><E11/><AGARI ba="1,0" hai="11,13,16,55,59,61,76,83,84,92,95" m="25097" machi="11" ten="30,11600,0" yaku="8,1,52,2,54,1" doraHai="89" who="2" fromWho="1" sc="19,0,218,-119,397,119,366,0" /><INIT seed="6,2,0,0,2,16" ten="19,99,516,366" oya="2" hai0="90,101,65,113,128,109,18,22,74,37,35,34,46" hai1="30,71,112,93,47,59,107,0,6,3,132,130,33" hai2="67,44,127,78,106,85,20,53,7,2,72,42,36" hai3="11,83,50,32,27,52,24,17,110,73,70,117,94"/><V105/><F67/><W104/><G104/><T75/><D109/><U102/><E93/><V69/><F85/><W111/><G70/><T51/><D37/><U124/><E59/><V14/><F69/><W45/><G117/><T135/><D65/><U58/><E58/><V125/><F53/><W91/><G27/><T116/><D116/><U41/><E112/><V134/><F134/><W121/><G121/><T10/><D113/><U62/><E6/><V119/><F119/><W66/><G66/><T133/><D128/><U60/><E60/><V114/><F114/><W25/><G25/><T26/><D101/><U68/><E62/><V12/><F105/><W123/><G123/><T131/><D131/><U19/><E19/><N who="2" m="10343" /><F14/><W5/><G83/><T40/><D10/><U9/><E9/><N who="2" m="2295" /><F106/><W129/><G73/><T8/><D8/><U92/><E107/><V1/><F1/><W80/><G80/><AGARI ba="2,0" hai="36,42,44,72,78,80,125,127" m="2295,10343" machi="80" ten="30,2900,0" yaku="25,1,52,1" doraHai="16" who="2" fromWho="3" sc="19,0,99,0,516,35,366,-35" /><INIT seed="6,3,0,5,0,33" ten="19,99,551,331" oya="2" hai0="69,23,63,9,104,35,43,41,5,47,109,61,34" hai1="12,53,132,121,112,118,81,80,135,42,50,105,22" hai2="110,52,76,20,8,49,6,4,68,32,113,82,119" hai3="117,123,93,39,88,60,115,14,7,87,103,89,11"/><V16/><F32/><W18/><G123/><T90/><D109/><U114/><E121/><V75/><F119/><W107/><G117/><T120/><D120/><U111/><E42/><V19/><F68/><W54/><G39/><T13/><D104/><U26/><E12/><N who="2" m="7175" /><F75/><W70/><G115/><N who="1" m="44074" /><E105/><V85/><F110/><W67/><G107/><T86/><D23/><U25/><E118/><V129/><F129/><W21/><G54/><T58/><D69/><U56/><E111/><V0/><F0/><W62/><G62/><T97/><D97/><U101/><E101/><V30/><F30/><W77/><G77/><T128/><D43/><U130/><E130/><V78/><F78/><W10/><G103/><T51/><D63/><U29/><E26/><N who="2" m="14623" /><F113/><W37/><G37/><T24/><D128/><U17/><E29/><V127/><F127/><W57/><G70/><T124/><D124/><U108/><E108/><V126/><F126/><W1/><G89/><T84/><D24/><U55/><E132/><V94/><F94/><W36/><G36/><T2/><D2/><U27/><E27/><V125/><F125/><W102/><G102/><T40/><D40/><U45/><E135/><V131/><F131/><W92/><G21/><T28/><D28/><U44/><E81/><AGARI ba="3,0" hai="1,7,10,11,14,18,57,60,67,81,87,88,92,93" machi="81" ten="30,3900,0" yaku="7,1,52,1,54,1" doraHai="33" who="3" fromWho="1" sc="19,0,99,-48,551,0,331,48" /><INIT seed="7,0,0,0,0,83" ten="19,51,551,379" oya="3" hai0="107,53,75,90,124,12,40,132,32,5,44,42,54" hai1="1,11,120,133,35,129,88,66,71,112,113,130,118" hai2="114,4,37,68,3,2,116,135,128,67,74,48,76" hai3="110,115,36,62,45,19,109,126,77,91,20,47,125"/><W51/><G77/><T123/><D123/><U94/><E120/><V87/><F37/><W65/><G91/><T105/><D75/><U119/><E35/><V102/><F74/><W80/><G80/><T57/><D32/><U56/><E71/><V73/><F73/><W55/><G115/><N who="1" m="44106" /><E133/><V79/><F102/><W29/><G29/><T46/><D124/><N who="3" m="47721" /><G45/><T9/><D132/><U89/><E1/><V43/><F135/><W10/><G10/><T61/><D105/><U122/><E11/><V52/><F2/><W24/><G36/><T59/><D107/><U100/><E122/><V21/><F3/><W58/><AGARI ba="0,0" hai="19,20,24,47,51,55,58,62,65,109,110" m="47721" machi="58" ten="30,1500,0" yaku="18,1" doraHai="83" who="3" fromWho="3" sc="19,-5,51,-5,551,-5,379,15" /><INIT seed="7,1,0,5,2,9" ten="14,46,546,394" oya="3" hai0="90,32,41,59,29,67,98,62,133,85,103,127,81" hai1="17,33,92,45,135,109,8,10,104,57,124,27,64" hai2="50,75,82,16,122,132,52,39,91,78,43,89,70" hai3="60,128,111,44,20,83,26,73,31,88,21,38,51"/><W100/><G128/><T15/><D133/><U24/><E104/><V71/><F132/><W2/><G111/><T114/><D127/><U120/><E120/><V129/><F129/><W34/><G38/><T123/><D123/><U105/><E105/><V134/><F134/><W106/><G2/><T80/><D114/><U118/><E118/><V86/><F89/><W4/><G4/><T125/><D125/><U74/><E74/><V65/><F65/><W121/><G121/><T19/><D41/><U93/><E33/><V76/><F43/><W116/><G116/><T14/><D81/><U95/><E45/><V110/><F39/><W22/><G73/><T79/><D79/><U63/><E109/><V97/><F70/><W58/><G100/><T1/><D1/><U49/><E49/><V36/><F71/><W72/><G106/><T30/><D32/><U107/><E107/><V102/><F36/><W12/><G72/><T84/><D84/><U46/><E135/><V55/><F75/><W119/><G119/><T77/><D77/><U61/><E124/><V56/><F110/><W37/><G37/><T42/><D42/><U5/><E46/><V68/><F68/><W53/><G83/><T96/><D15/><N who="1" m="5519" /><E61/><V69/><F69/><W23/><G88/><N who="0" m="51239" /><D103/><U6/><E6/><V28/><F102/><W18/><REACH who="3" step="1"/><G34/><REACH who="3" ten="14,46,546,384" step="2"/><T99/><D90/><U131/><E131/><V3/><F3/><W66/><AGARI ba="1,1" hai="12,18,20,21,22,23,26,31,44,51,53,58,60,66" machi="66" ten="20,18000,2" yaku="1,1,2,1,0,1,7,1,8,1,52,1,53,1" doraHai="9" doraHaiUra="13" who="3" fromWho="3" sc="14,-61,46,-61,546,-61,384,193" owari="-47,-55.0,-15,-42.0,485,29.0,577,68.0" /></mjloggm>