<mjloggm ver="2.3"><GO type="169" lobby="0"/><UN n0="%E3%82%A6%E3%83%AB%E3%83%88%E3%83%A9%E7%AB%8B%E7%9B%B4" n1="%66%75%6A%69%62%6F%6B%75" n2="%E3%82%B7%E3%83%A3%E3%82%AD%E3%82%AA%E3%83%8B" n3="%E3%81%97%E3%82%81%E3%81%98%E3%82%93" dan="18,16,17,17" rate="2212.33,2107.92,2179.50,2121.45" sx="M,M,M,M"/><TAIKYOKU oya="0"/><INIT seed="0,0,0,0,2,77" ten="250,250,250,250" oya="0" hai0="110,37,117,115,39,95,107,134,132,99,126,91,75" hai1="98,11,38,119,21,73,46,79,67,53,5,62,16" hai2="106,60,41,108,114,102,32,129,116,100,71,25,92" hai3="57,61,70,47,68,28,24,56,66,123,35,1,131"/><T10/><D10/><U93/><E119/><V103/><F114/><W120/><G1/><T86/><D39/><U45/><E38/><V51/><F108/><W48/><G131/><T80/><D37/><U104/><E104/><V83/><F92/><W23/><G35/><T17/><D17/><U4/><E79/><V12/><F129/><W113/><G113/><T124/><D115/><U31/><E31/><V9/><F41/><W2/><G2/><T82/><D117/><U34/><E73/><V8/><F8/><W36/><G36/><T72/><D110/><U105/><E105/><V22/><F32/><W96/><G96/><T133/><D107/><U109/><E34/><V43/><F106/><W125/><G125/><N who="0" m="48235" /><D82/><U14/><E109/><V81/><F71/><W55/><REACH who="3" step="1"/><G57/><REACH who="3" ten="250,250,250,240" step="2"/><T18/><D18/><U44/><E16/><N who="2" m="12487" /><F116/><W6/><G6/><T54/><D54/><U78/><E53/><V135/><F135/><W63/><G63/><T0/><D0/><U130/><E62/><V49/><F60/><W27/><G27/><T112/><D112/><U94/><E4/><N who="2" m="3111" /><F51/><W58/><G58/><T33/><D33/><U88/><E130/><V74/><F74/><W26/><G26/><T121/><D121/><AGARI ba="0,1" hai="23,24,28,47,48,55,56,61,66,68,70,120,121,123" machi="121" ten="40,2600,0" yaku="1,1,13,1,53,0" doraHai="77" doraHaiUra="30" who="3" fromWho="0" sc="250,-26,250,0,250,0,240,36" /><INIT seed="1,0,0,1,0,74" ten="224,250,250,276" oya="1" hai0="33,45,90,61,96,117,63,34,8,6,17,24,55" hai1="86,83,132,93,31,42,9,65,57,129,109,51,0" hai2="94,72,131,134,71,21,50,59,101,28,68,123,19" hai3="97,56,64,113,53,49,29,73,124,18,7,10,43"/><U133/><E129/><V75/><F123/><W37/><G124/><T67/><D117/><U114/><E114/><V26/><F131/><W22/><G29/><T104/><D17/><U111/><E31/><V116/><F116/><W121/><G113/><T5/><D24/><U100/><E93/><V82/><F134/><N who="1" m="51817" /><E100/><V27/><F101/><W118/><G73/><T35/><D104/><U126/><E126/><V25/><F72/><W84/><G97/><T77/><D90/><N who="1" m="51551" /><E65/><V127/><F94/><W85/><G64/><T39/><D96/><U1/><E9/><V62/><F50/><W107/><G49/><T78/><D61/><U48/><E57/><V11/><F11/><W110/><G56/><T112/><D112/><U87/><E87/><V99/><F99/><W38/><G85/><T3/><D6/><U79/><E79/><V88/><F127/><W103/><G7/><T106/><D106/><U89/><E89/><V69/><F88/><W47/><G103/><T2/><D2/><N who="1" m="1131" /><E42/><V4/><F4/><W13/><G43/><T91/><D91/><U44/><E44/><V120/><F28/><W76/><G47/><T20/><D20/><U105/><E105/><V135/><F135/><W98/><G22/><T36/><D55/><U92/><E92/><V52/><REACH who="2" step="1"/><F120/><REACH who="2" ten="224,250,240,276" step="2"/><W66/><G107/><T70/><REACH who="0" step="1"/><D45/><REACH who="0" ten="214,250,240,276" step="2"/><U14/><E109/><V58/><F58/><W41/><G110/><T122/><D122/><U95/><E111/><V81/><F81/><W54/><G121/><T125/><D125/><U12/><E95/><V15/><F15/><AGARI ba="0,2" hai="12,14,15,48,51" m="1131,51551,51817" machi="15" ten="30,1500,0" yaku="20,1" doraHai="74" who="1" fromWho="2" sc="214,0,250,35,240,-15,276,0" /><INIT seed="1,1,0,5,0,106" ten="214,285,225,276" oya="1" hai0="47,85,32,50,133,135,114,45,120,25,110,8,70" hai1="61,99,27,91,54,123,4,35,94,44,104,42,37" hai2="96,46,130,1,58,53,6,38,33,108,112,13,18" hai3="111,107,19,15,113,134,77,26,83,84,0,17,52"/><U62/><E123/><V86/><F33/><W68/><G0/><T29/><D70/><U60/><E4/><V14/><F1/><W64/><G107/><T63/><D63/><U48/><E104/><V95/><F108/><W101/><G101/><T115/><D85/><U30/><REACH who="1" step="1"/><E61/><REACH who="1" ten="214,275,225,276" step="2"/><V57/><F6/><W128/><G113/><T124/><D120/><U41/><E41/><V40/><F40/><W34/><G134/><T3/><D115/><U21/><E21/><V12/><F112/><W132/><G132/><T92/><D114/><U117/><E117/><V78/><F130/><W56/><G128/><T36/><D135/><U122/><E122/><V131/><F131/><W97/><G34/><T5/><D133/><U2/><E2/><V49/><F38/><W127/><G127/><T116/><D124/><U31/><E31/><V109/><F18/><W103/><G19/><T87/><D116/><U10/><E10/><V98/><F109/><W74/><G17/><T90/><D110/><U23/><E23/><V9/><F9/><W125/><G111/><T28/><D36/><U118/><E118/><V55/><F13/><W75/><G15/><T39/><D39/><U89/><E89/><V24/><F14/><W66/><G125/><T7/><D7/><U129/><E129/><V67/><F12/><W105/><G26/><T59/><D29/><U126/><E126/><V80/><F24/><W88/><G88/><T51/><D51/><U79/><E79/><V69/><F49/><W93/><G105/><T76/><D76/><U81/><E81/><V43/><F78/><RYUUKYOKU ba="1,1" sc="214,15,275,15,225,-15,276,-15" hai0="3,5,8,25,28,32,45,47,50,59,87,90,92" hai1="27,30,35,37,42,44,48,54,60,62,91,94,99" /><INIT seed="1,2,1,4,5,114" ten="229,290,210,261" oya="1" hai0="122,28,104,21,72,54,131,37,14,26,60,18,29" hai1="107,8,99,68,23,43,111,128,24,92,42,40,34" hai2="83,51,108,35,75,86,33,15,120,31,95,2,81" hai3="11,93,48,5,85,90,100,94,126,64,127,101,84"/><U129/><E68/><V116/><F2/><W45/><G64/><T135/><D37/><U91/><E34/><V96/><F120/><W113/><G113/><T1/><D72/><U6/><E107/><V44/><F116/><W47/><G48/><T73/><D73/><U12/><REACH who="1" step="1"/><E111/><REACH who="1" ten="229,280,210,261" step="2"/><V9/><F35/><W61/><G127/><T89/><D104/><U38/><E38/><V124/><F33/><W115/><G126/><T52/><D122/><U16/><AGARI ba="2,2" hai="6,8,12,16,23,24,40,42,43,91,92,99,128,129" machi="16" ten="30,6000,0" yaku="1,1,0,1,54,1,53,0" doraHai="114" doraHaiUra="103" who="1" fromWho="1" sc="229,-22,280,86,210,-22,261,-22" /><INIT seed="1,3,0,5,2,71" ten="207,366,188,239" oya="1" hai0="131,44,88,31,95,101,86,27,68,92,58,39,121" hai1="59,54,132,106,62,100,8,120,32,94,0,64,29" hai2="52,98,67,24,18,43,105,5,72,11,128,15,130" hai3="61,126,26,4,46,127,123,119,36,17,99,97,16"/><U19/><E120/><V28/><F72/><W6/><G123/><T113/><D68/><U40/><E106/><V76/><F76/><W7/><G61/><T63/><D113/><U48/><E132/><V112/><F67/><W124/><G119/><T66/><D131/><N who="2" m="50218" /><F43/><N who="3" m="22887" /><G26/><T50/><D121/><U115/><E115/><V129/><N who="2" m="50226" /><V89/><DORA hai="77" /><F112/><W14/><G17/><T42/><D101/><U20/><E40/><V56/><F5/><N who="3" m="1283" /><W37/><DORA hai="22" /><G37/><T134/><D134/><U122/><E0/><V1/><F1/><W110/><G110/><T25/><D39/><U135/><E19/><V111/><F111/><W73/><G73/><T81/><D27/><U21/><E135/><V125/><F105/><W91/><G91/><T107/><REACH who="0" step="1"/><D107/><REACH who="0" ten="197,366,188,239" step="2"/><U70/><E70/><V90/><F98/><W12/><G12/><T118/><D118/><U55/><E122/><V38/><F38/><W45/><G99/><T108/><D108/><U49/><E100/><V104/><F104/><W109/><G97/><T78/><D78/><U96/><E96/><V60/><F125/><W35/><G109/><T102/><D102/><U114/><E114/><V3/><F3/><W75/><G14/><T57/><D57/><U51/><E59/><V133/><F133/><W41/><G126/><T10/><D10/><U82/><E8/><V69/><F69/><W34/><G127/><T2/><D2/><U79/><E79/><V80/><F80/><W9/><G9/><T83/><D83/><U53/><E82/><V65/><F65/><W33/><G124/><T74/><D74/><RYUUKYOKU ba="3,1" sc="197,15,366,-15,188,15,239,-15" hai0="25,31,42,44,50,58,63,66,81,86,88,92,95" hai2="11,15,18,24,28,52,56,60,89,90" /><INIT seed="2,4,1,2,0,116" ten="212,351,203,224" oya="2" hai0="49,5,105,23,38,98,80,51,31,66,30,11,46" hai1="21,99,24,119,102,8,39,120,53,44,29,79,115" hai2="133,57,69,82,32,107,86,19,34,112,18,14,122" hai3="50,60,121,41,104,130,48,123,2,135,108,55,117"/><V47/><F112/><W95/><G104/><T65/><D38/><U64/><E119/><V16/><F69/><W58/><G2/><T25/><D31/><U97/><E79/><V71/><F71/><W93/><G117/><T110/><D110/><U132/><E132/><V35/><F133/><W83/><G135/><T10/><D105/><U4/><E64/><V73/><F73/><W27/><G108/><T92/><D80/><U81/><E81/><V87/><F107/><W111/><G111/><T9/><D5/><U26/><E26/><V84/><F122/><W42/><G83/><T33/><D33/><U56/><E120/><N who="3" m="46154" /><G95/><T77/><D77/><U20/><E20/><V76/><F14/><W68/><G93/><T67/><REACH who="0" step="1"/><D46/><REACH who="0" ten="202,351,203,224" step="2"/><U96/><E44/><V12/><F47/><N who="3" m="25719" /><G27/><T17/><D17/><U70/><E39/><V72/><F12/><W37/><G130/><T54/><D54/><U78/><E78/><V1/><F1/><W59/><G37/><T129/><D129/><U118/><E118/><V15/><F15/><W101/><G41/><T52/><D52/><U0/><E115/><V125/><REACH who="2" step="1"/><F57/><REACH who="2" ten="202,351,193,224" step="2"/><N who="3" m="33015" /><G101/><AGARI ba="4,3" hai="9,10,11,23,25,30,49,51,65,66,67,92,98,101" machi="101" ten="40,2600,0" yaku="1,1,8,1,53,0" doraHai="116" doraHaiUra="74" who="0" fromWho="3" sc="202,68,351,0,193,0,224,-38" /><INIT seed="3,0,0,2,5,134" ten="270,351,193,186" oya="3" hai0="89,31,100,11,10,35,57,0,91,21,123,135,107" hai1="41,115,8,86,132,17,1,43,25,82,74,24,90" hai2="29,69,108,67,42,102,23,113,60,92,93,46,33" hai3="53,55,97,63,84,7,6,49,62,50,122,20,73"/><W111/><G73/><T37/><D37/><U66/><E115/><V106/><F113/><W112/><G112/><T119/><D107/><U2/><E132/><V120/><F108/><W30/><G111/><T18/><D100/><U94/><E66/><V127/><F23/><W76/><G122/><T126/><D123/><U14/><E2/><V45/><F45/><W83/><G97/><T48/><D11/><U36/><E1/><V79/><F79/><W128/><G128/><T78/><D78/><N who="1" m="46423" /><E36/><V80/><F80/><W131/><G131/><T75/><D48/><N who="3" m="18537" /><G55/><T101/><D18/><U118/><E118/><V96/><F120/><W44/><G44/><T133/><D21/><U19/><E74/><V3/><F3/><W4/><G53/><T129/><D57/><U65/><E65/><V16/><F16/><W87/><G87/><T13/><D31/><U99/><E19/><V15/><F15/><W32/><G32/><T70/><D13/><U26/><AGARI ba="0,0" hai="8,14,17,24,25,26,41,43,90,94,99" m="46423" machi="26" ten="30,1100,0" yaku="8,1" doraHai="134" who="1" fromWho="1" sc="270,-3,351,11,193,-3,186,-5" /><INIT seed="4,0,0,0,4,24" ten="267,362,190,181" oya="0" hai0="82,19,6,20,32,108,57,33,110,53,88,63,36" hai1="17,107,70,72,13,104,43,15,98,37,132,86,26" hai2="27,1,122,127,80,105,14,128,7,66,113,102,60" hai3="49,94,91,133,121,51,125,71,81,123,79,118,78"/><T8/><D36/><U56/><E70/><V16/><F122/><N who="3" m="46603" /><G71/><T93/><D82/><U100/><E56/><V114/><F128/><W83/><G118/><T126/><D126/><U31/><E72/><V22/><F1/><W9/><G9/><T74/><D74/><U41/><E104/><V0/><F0/><W130/><G130/><T106/><D106/><U115/><E115/><N who="2" m="44043" /><F80/><N who="3" m="30795" /><G125/><T109/><D8/><U84/><E132/><V28/><F7/><W47/><G133/><T131/><D6/><U61/><E61/><V45/><F45/><W67/><G67/><T5/><D5/><U30/><E26/><V129/><F129/><W62/><G62/><T44/><D44/><U85/><E13/><V46/><F46/><W69/><G69/><T68/><D68/><U73/><E73/><V111/><F111/><W50/><G47/><T116/><D131/><U64/><E64/><V55/><F66/><W76/><G91/><T38/><D38/><U25/><E25/><V29/><F27/><W120/><N who="3" m="46611" /><W97/><DORA hai="96" /><G94/><T11/><D116/><U39/><E39/><V135/><F135/><W12/><G97/><N who="0" m="57511" /><D11/><U4/><E37/><V101/><F127/><W40/><G40/><N who="1" m="15434" /><E4/><V10/><F10/><W95/><G95/><T18/><D20/><N who="1" m="11327" /><E107/><V2/><F2/><W119/><G119/><T58/><D58/><U21/><E21/><V112/><N who="2" m="44051" /><V23/><DORA hai="42" /><F23/><W92/><G92/><T134/><D134/><U59/><E59/><N who="2" m="34943" /><F105/><W52/><G12/><T117/><D117/><U103/><E98/><V90/><F90/><W35/><G35/><AGARI ba="0,0" hai="18,19,32,33,35,53,57,63,108,109,110" m="57511" machi="35" ten="40,7700,0" yaku="6,1,10,1,54,1" doraHai="24,96,42" who="0" fromWho="3" sc="267,77,362,0,190,0,181,-77" /><INIT seed="4,1,0,4,4,49" ten="344,362,190,104" oya="0" hai0="10,34,54,96,81,36,1,133,116,119,48,124,16" hai1="70,111,8,68,91,76,21,131,71,110,53,82,52" hai2="32,66,46,125,26,112,62,95,132,77,56,93,117" hai3="55,104,126,41,57,51,121,107,118,12,108,27,92"/><T58/><D34/><U0/><E91/><V20/><F112/><W31/><G118/><T64/><D124/><U106/><E106/><V22/><F125/><W83/><G126/><T30/><D30/><U24/><E131/><V67/><F132/><W40/><G108/><T28/><D28/><U5/><E110/><V4/><F32/><W135/><G135/><T72/><D133/><U99/><E99/><V44/><F77/><W80/><G121/><T61/><D96/><U47/><E47/><N who="2" m="17963" /><F4/><W90/><G12/><T79/><D36/><U94/><E94/><N who="2" m="35851" /><F20/><N who="3" m="15847" /><G107/><T39/><D39/><U63/><E63/><V65/><F117/><W3/><G3/><T74/><D74/><U84/><REACH who="1" step="1"/><E111/><REACH who="1" ten="344,352,190,104" step="2"/><V73/><F73/><W134/><G104/><T113/><D72/><U15/><E15/><V6/><F6/><W88/><G134/><T128/><D128/><U122/><E122/><V101/><F101/><W7/><G7/><T35/><D119/><U45/><E45/><V37/><F37/><W50/><G50/><T29/><D116/><U9/><E9/><V86/><F86/><N who="3" m="50271" /><G80/><T42/><D48/><U25/><E25/><V23/><F26/><W115/><G115/><T2/><D81/><U69/><N who="1" m="17408" /><DORA hai="89" /><U17/><AGARI ba="1,1" hai="0,5,8,17,21,24,52,53,76,82,84" m="17408" machi="17" ten="60,12000,2" yaku="1,1,4,1,0,1,52,2,54,1,53,0" doraHai="49,89" doraHaiUra="109,127" who="1" fromWho="1" sc="344,-61,352,133,190,-31,104,-31" /><INIT seed="5,0,0,2,1,37" ten="283,485,159,73" oya="1" hai0="48,2,50,45,12,31,42,85,41,83,24,92,9" hai1="86,23,90,120,127,118,60,15,104,5,132,121,47" hai2="128,100,122,25,114,91,27,13,72,109,51,44,30" hai3="76,93,131,10,1,97,16,26,3,98,124,11,79"/><U125/><E104/><V39/><F39/><W82/><G124/><N who="1" m="47690" /><E118/><V55/><F72/><W65/><G131/><T110/><D2/><U78/><E78/><V22/><F109/><W53/><G65/><T129/><D92/><U6/><E132/><V74/><F74/><W113/><G113/><T69/><D69/><U19/><E60/><V14/><F122/><N who="1" m="47209" /><E47/><V52/><F114/><W101/><G53/><T99/><D99/><U73/><E73/><V80/><F100/><W103/><G26/><T36/><D129/><U57/><E57/><V64/><F64/><W32/><G32/><T63/><D63/><U49/><E49/><N who="2" m="28711" /><F27/><W134/><G93/><AGARI ba="0,0" hai="5,6,15,19,23,86,90,93" m="47209,47690" machi="93" ten="30,1500,0" yaku="18,1" doraHai="37" who="1" fromWho="3" sc="283,0,485,15,159,0,73,-15" /><INIT seed="5,1,0,3,3,116" ten="283,500,159,58" oya="1" hai0="111,128,75,28,62,4,97,45,51,47,93,9,41" hai1="54,120,96,95,58,65,60,83,61,52,2,40,12" hai2="53,131,49,106,10,36,122,69,134,103,21,13,8" hai3="125,32,18,124,135,20,31,59,101,114,73,133,15"/><U107/><E2/><V87/><F69/><W57/><G73/><T80/><D111/><U82/><E107/><V84/><F36/><W63/><G101/><T26/><D128/><U44/><E120/><V22/><F122/><W33/><G63/><T92/><D62/><U35/><E35/><N who="3" m="13386" /><G59/><T17/><D17/><U11/><E40/><V68/><F68/><W105/><G57/><T66/><D66/><U38/><E38/><V119/><F87/><W43/><G43/><T109/><D109/><U27/><E27/><V71/><F71/><W1/><G105/><T81/><D47/><U89/><E65/><V129/><F84/><W23/><G1/><T67/><D67/><U98/><E98/><V108/><F49/><W77/><G77/><T126/><D97/><U90/><E90/><V115/><F53/><W130/><G130/><T72/><D41/><U104/><E104/><V55/><F55/><W6/><G6/><T19/><D4/><N who="1" m="3175" /><E61/><V5/><F103/><W48/><G48/><AGARI ba="1,0" hai="44,48,52,54,58,60,82,83,89,95,96" m="3175" machi="48" ten="30,2900,0" yaku="8,1,54,1" doraHai="116" who="1" fromWho="3" sc="283,0,500,32,159,0,58,-32" /><INIT seed="5,2,0,2,1,103" ten="283,532,159,26" oya="1" hai0="108,123,122,37,95,84,77,106,98,66,83,33,117" hai1="43,135,65,119,17,15,16,90,56,14,111,60,114" hai2="131,4,91,93,133,3,7,121,81,86,67,87,44" hai3="107,118,36,126,94,63,26,127,23,104,115,79,58"/><U50/><E119/><V31/><F121/><W112/><G36/><T116/><D66/><U75/><E75/><V2/><F31/><N who="3" m="17887" /><G79/><T69/><D69/><U61/><E135/><V110/><F110/><W102/><G94/><T45/><D33/><U35/><E35/><V113/><F67/><N who="3" m="39415" /><G102/><N who="0" m="62807" /><D45/><U13/><E114/><N who="3" m="43562" /><G118/><N who="0" m="45675" /><D37/><U27/><E111/><V125/><F133/><W72/><G72/><N who="0" m="43431" /><D108/><U120/><E60/><V71/><F113/><W20/><G20/><T22/><D22/><U132/><E27/><V54/><F71/><W9/><G9/><T124/><D124/><AGARI ba="2,0" hai="104,107,124,126,127" m="43562,39415,17887" machi="124" ten="30,7700,0" yaku="18,1,15,1,52,2" doraHai="103" who="3" fromWho="0" sc="283,-83,532,0,159,0,26,83" /><INIT seed="6,0,0,1,0,132" ten="200,532,159,109" oya="2" hai0="34,47,101,4,118,19,33,41,45,124,115,32,91" hai1="81,96,55,88,64,2,92,61,97,6,112,58,104" hai2="79,10,20,60,131,15,48,98,56,9,59,57,113" hai3="26,22,35,117,110,28,107,116,94,89,67,85,38"/><V5/><F113/><W125/><G110/><T114/><D101/><U54/><E112/><N who="0" m="43049" /><D124/><U31/><E31/><V127/><F127/><W120/><G125/><T128/><D128/><U133/><E133/><V77/><F131/><W17/><G107/><T50/><D118/><U83/><E2/><V111/><F111/><W73/><G73/><T27/><D4/><U90/><E6/><V7/><F20/><W78/><G120/><T129/><D129/><U3/><E3/><V16/><F98/><N who="1" m="37993" /><E104/><V108/><F108/><W122/><G122/><T23/><D47/><U135/><E135/><V40/><F5/><W24/><G38/><T65/><D65/><U134/><E134/><V46/><REACH who="2" step="1"/><F60/><REACH who="2" ten="200,532,149,109" step="2"/><W75/><REACH who="3" step="1"/><G67/><REACH who="3" ten="200,532,149,99" step="2"/><T68/><D34/><U37/><E61/><V21/><F21/><W42/><G42/><T25/><D33/><U119/><E64/><V53/><F53/><W72/><G72/><T0/><D32/><U11/><E55/><V36/><F36/><W74/><G74/><T87/><D23/><U130/><E54/><V18/><F18/><W52/><G52/><T1/><D19/><U8/><E130/><V106/><F106/><W66/><G66/><T82/><D41/><U13/><E37/><V84/><F84/><W102/><G102/><T99/><D87/><U63/><E63/><V62/><F62/><W29/><G29/><T49/><D99/><U69/><E8/><V109/><F109/><W126/><G126/><T39/><D39/><U14/><E11/><V70/><F70/><W30/><G30/><T51/><D68/><U103/><E69/><RYUUKYOKU ba="0,2" sc="200,-15,532,-15,149,15,99,15" hai2="7,9,10,15,16,40,46,48,56,57,59,77,79" hai3="17,22,24,26,28,35,75,78,85,89,94,116,117" /><INIT seed="6,1,2,2,0,134" ten="185,517,164,114" oya="2" hai0="105,106,79,25,41,45,115,100,122,113,11,71,123" hai1="53,40,60,85,104,65,28,107,103,16,23,20,48" hai2="19,6,63,50,13,90,72,61,35,97,69,101,59" hai3="44,117,27,75,112,29,54,57,10,130,70,83,62"/><V17/><F72/><W55/><G117/><T4/><D71/><U88/><E40/><V125/><F35/><W132/><G132/><T22/><D79/><U114/><E114/><N who="0" m="43529" /><D22/><U99/><E107/><N who="0" m="40969" /><D25/><U26/><E53/><N who="2" m="32183" /><F101/><W58/><G112/><T15/><D100/><U33/><E48/><AGARI ba="1,2" hai="4,11,15,41,45,48,122,123" m="40969,43529" machi="48" ten="30,1000,0" yaku="15,1" doraHai="134" who="0" fromWho="1" sc="185,33,517,-13,164,0,114,0" /><INIT seed="7,0,0,5,4,88" ten="218,504,164,114" oya="3" hai0="66,93,86,46,74,81,56,115,82,111,128,19,108" hai1="63,92,48,89,11,5,8,101,75,126,113,58,24" hai2="47,112,2,41,69,23,123,79,71,10,121,54,1" hai3="4,94,83,96,77,33,134,9,78,12,118,130,70"/><W43/><G118/><T37/><D108/><U31/><E75/><V21/><F79/><W25/><G70/><N who="2" m="26633" /><F54/><W106/><G106/><T35/><D115/><U44/><E101/><V42/><F112/><W98/><G134/><T110/><D128/><U124/><E113/><V119/><F119/><W99/><G130/><T36/><D35/><N who="1" m="20967" /><E48/><V14/><F14/><W52/><G43/><N who="2" m="16393" /><F47/><W73/><G78/><T107/><D19/><U15/><E44/><V76/><F76/><W100/><REACH who="3" step="1"/><G52/><REACH who="3" ten="218,504,164,104" step="2"/><T38/><D110/><U60/><E124/><V132/><F132/><W129/><G129/><T55/><D55/><U97/><E126/><V16/><F123/><W59/><G59/><T68/><D56/><U127/><E58/><V87/><F121/><W51/><G51/><T7/><D111/><U105/><E105/><V17/><F2/><W34/><G34/><T27/><D107/><U133/><E133/><V120/><F1/><W116/><G116/><T0/><D68/><U18/><E127/><V39/><F120/><W131/><G131/><T28/><D0/><U104/><E104/><V3/><F3/><W91/><G91/><T45/><D46/><U20/><E60/><V30/><F39/><W29/><AGARI ba="0,1" hai="4,9,12,25,29,33,73,77,83,94,96,98,99,100" machi="29" ten="30,6000,0" yaku="1,1,0,1,52,1,53,0" doraHai="88" doraHaiUra="114" who="3" fromWho="3" sc="218,-20,504,-20,164,-20,104,70" /><INIT seed="7,1,0,1,1,90" ten="198,484,144,174" oya="3" hai0="111,104,87,65,41,20,17,36,46,74,112,7,22" hai1="78,14,39,44,58,61,105,23,103,10,86,37,70" hai2="57,33,31,28,124,27,48,108,68,125,128,19,60" hai3="43,26,32,115,97,96,47,50,131,94,3,133,80"/><W132/><G3/><T29/><D104/><U66/><E23/><V95/><F108/><W8/><G8/><T55/><D74/><U127/><E44/><V110/><F110/><W100/><G115/><T72/><D72/><U59/><E59/><V18/><F128/><W40/><G131/><T119/><D119/><U12/><E12/><V0/><F0/><W21/><G32/><T81/><D65/><U118/><E58/><V64/><F31/><N who="3" m="17871" /><G80/><T77/><D111/><U92/><E105/><V116/><F116/><W4/><G97/><T9/><D112/><U121/><E121/><V130/><F130/><W42/><G4/><T5/><D55/><U79/><E39/><V15/><F68/><W51/><G51/><T35/><D35/><U85/><E37/><V6/><F48/><W107/><G107/><T93/><D9/><U11/><E11/><V34/><F34/><W135/><AGARI ba="1,0" hai="40,42,43,47,50,94,96,100,132,133,135" m="17871" machi="135" ten="30,3000,0" yaku="20,1,52,1" doraHai="90" who="3" fromWho="3" sc="198,-11,484,-11,144,-11,174,33" /><INIT seed="7,2,0,5,5,45" ten="187,473,133,207" oya="3" hai0="63,40,16,12,0,127,121,32,126,122,112,93,109" hai1="53,5,35,66,29,116,74,8,55,52,114,68,79" hai2="49,51,17,27,84,104,46,64,75,50,110,105,123" hai3="88,96,14,129,4,107,111,7,37,106,115,65,71"/><W117/><G37/><T124/><D112/><U125/><E114/><V113/><F75/><W56/><G71/><T18/><D109/><U3/><E125/><V86/><F113/><W42/><G42/><T103/><D0/><U39/><E116/><V57/><F110/><W73/><G73/><T119/><D119/><U87/><E87/><N who="2" m="33323" /><F105/><W81/><G129/><T44/><D63/><U72/><E52/><N who="2" m="29751" /><F104/><W85/><G107/><T100/><D32/><U90/><E8/><V26/><F123/><N who="0" m="47114" /><D93/><U43/><E5/><V58/><F17/><N who="0" m="6762" /><D12/><U15/><E43/><V22/><F22/><W59/><G14/><T92/><D92/><U94/><E90/><V83/><F83/><W62/><G81/><T99/><D99/><U33/><E55/><N who="2" m="31999" /><F50/><AGARI ba="2,0" hai="40,44,50,100,103,124,126,127" m="6762,47114" machi="50" ten="40,5200,0" yaku="18,1,52,1,54,1" doraHai="45" who="0" fromWho="2" sc="187,58,473,0,133,-58,207,0" owari="245,5.0,473,56.0,75,-42.0,207,-19.0" /></mjloggm>