<mjloggm ver="2.3"><GO type="169" lobby="0"/><UN n0="%E3%81%8F%E3%81%86%E3%81%9F%E3%82%8D" n1="%E5%B0%B1%E6%B4%BB%E7%94%9F%40%E5%B7%9D%E6%9D%91%E8%BB%8D%E5%9B%A3" n2="%E3%83%81%E3%83%A3%E3%82%A4%E3%82%B8" n3="%E3%83%A9%E3%83%83%E3%82%AD%E3%83%BC%E3%83%89%E3%83%83%E3%82%B0" dan="18,19,17,17" rate="2161.88,2373.17,2146.30,2174.65" sx="M,M,M,F"/><TAIKYOKU oya="0"/><INIT seed="0,0,0,1,0,32" ten="250,250,250,250" oya="0" hai0="30,70,72,44,108,129,2,48,17,38,4,73,109" hai1="89,12,131,114,92,62,40,54,90,25,112,58,107" hai2="46,111,67,98,103,36,113,3,28,45,55,1,19" hai3="68,101,102,35,115,69,33,8,47,99,93,56,128"/><T29/><D70/><U31/><E107/><V23/><F113/><W122/><G115/><T86/><D38/><U9/><E131/><V15/><F111/><N who="0" m="42570" /><D129/><U118/><E118/><V130/><F130/><W94/><G56/><T39/><D39/><U53/><E40/><V42/><F67/><W61/><G128/><T52/><D17/><U132/><E132/><V27/><F55/><W5/><G47/><T120/><D86/><U64/><E112/><V21/><REACH who="2" step="1"/><F45/><REACH who="2" ten="250,250,240,250" step="2"/><W87/><G122/><T77/><D120/><U135/><E114/><V82/><F82/><W79/><G69/><T85/><D73/><U105/><E135/><V96/><F96/><W91/><G68/><T133/><D72/><U126/><E64/><V84/><F84/><W37/><G87/><T78/><D133/><U75/><E53/><V63/><F63/><W13/><G61/><T51/><D48/><U127/><E75/><V22/><F22/><W125/><G99/><T100/><D85/><U49/><E49/><V20/><F20/><W97/><G97/><T81/><D81/><U60/><E54/><V7/><F7/><W59/><G5/><T10/><D100/><U110/><E110/><V124/><F124/><W34/><G125/><T6/><D6/><U95/><E126/><V76/><F76/><AGARI ba="0,1" hai="2,4,10,29,30,44,51,52,76,77,78" m="42570" machi="76" ten="30,11600,0" yaku="14,1,10,1,52,1,54,1" doraHai="32" who="0" fromWho="2" sc="250,126,250,0,240,-116,250,0" /><INIT seed="0,1,0,5,5,53" ten="376,250,124,250" oya="0" hai0="20,108,81,89,135,36,99,100,122,117,48,37,76" hai1="72,124,7,57,42,118,50,34,55,102,112,82,103" hai2="97,29,51,2,125,75,8,56,18,63,61,90,84" hai3="74,69,123,11,13,86,93,30,10,78,127,66,92"/><T9/><D117/><U114/><E118/><V70/><F75/><W126/><G123/><T79/><D122/><U60/><E34/><V88/><F125/><N who="3" m="47627" /><G30/><T107/><D135/><U94/><E124/><V128/><F128/><W64/><G10/><T133/><D133/><U104/><E104/><V41/><F29/><W15/><G15/><T19/><D9/><U116/><E116/><V115/><F115/><N who="1" m="44073" /><E7/><V65/><F97/><W6/><G74/><T33/><D33/><U132/><E132/><V87/><F51/><W95/><G69/><T109/><D48/><U43/><E94/><V120/><F41/><N who="1" m="15369" /><E60/><V101/><F101/><W16/><G6/><T14/><D89/><U77/><AGARI ba="1,0" hai="50,55,57,72,77,82,102,103" m="15369,44073" machi="77" ten="30,2000,0" yaku="11,1,52,1" doraHai="53" who="1" fromWho="1" sc="376,-11,250,23,124,-6,250,-6" /><INIT seed="1,0,0,2,2,68" ten="365,273,118,244" oya="1" hai0="14,3,93,107,133,110,113,11,50,90,55,13,69" hai1="9,101,19,54,89,34,76,102,122,116,18,37,80" hai2="120,64,84,0,58,63,31,86,105,42,52,132,109" hai3="123,33,97,26,71,15,79,75,16,128,131,135,77"/><U124/><E122/><V29/><F120/><W81/><G123/><T127/><D113/><U57/><E116/><V10/><F105/><W1/><G1/><T22/><D107/><U38/><E34/><V5/><F132/><W56/><G71/><T45/><D69/><U66/><E66/><V87/><F109/><W23/><G135/><T88/><D133/><U43/><E124/><V111/><F111/><W114/><G114/><T100/><D110/><U59/><E89/><V103/><F103/><W25/><G79/><T35/><D35/><U119/><E119/><V40/><REACH who="2" step="1"/><F64/><REACH who="2" ten="365,273,108,244" step="2"/><W4/><G131/><T115/><D100/><U30/><E101/><V62/><F62/><W12/><G128/><T121/><D121/><U125/><E102/><V106/><F106/><W46/><G33/><T2/><D115/><U118/><E118/><V70/><F70/><W28/><G26/><T134/><D134/><U41/><E125/><V117/><F117/><W96/><G25/><T7/><D127/><U61/><E61/><V65/><F65/><W49/><G15/><T21/><D3/><U60/><E60/><V129/><F129/><W92/><G12/><T108/><D108/><U98/><E30/><AGARI ba="0,1" hai="0,5,10,29,30,31,40,42,52,58,63,84,86,87" machi="30" ten="40,8000,1" yaku="1,1,54,1,53,3" doraHai="68" doraHaiUra="24" who="2" fromWho="1" sc="365,0,273,-80,108,90,244,0" /><INIT seed="2,0,0,4,5,57" ten="365,193,198,244" oya="2" hai0="126,100,21,11,23,28,91,134,50,122,131,37,74" hai1="0,62,13,95,56,33,52,39,49,105,102,17,93" hai2="120,9,87,61,90,12,65,1,41,103,123,60,94" hai3="31,80,36,63,82,8,98,69,16,110,2,129,38"/><V75/><F1/><W7/><G110/><T47/><D122/><U135/><E39/><V114/><F114/><W51/><G129/><T116/><D37/><U127/><E0/><V104/><F41/><W130/><G130/><T15/><D131/><U14/><E33/><V81/><F65/><W84/><G31/><T113/><D113/><U48/><E127/><V71/><F71/><W25/><G98/><T73/><D100/><U3/><E3/><V111/><F111/><W83/><G84/><T55/><D134/><U64/><E105/><V118/><F118/><W27/><G51/><N who="1" m="19530" /><E135/><V58/><F58/><W119/><G119/><T22/><D116/><U30/><E30/><V92/><F92/><N who="1" m="35401" /><E102/><V117/><F117/><W19/><G36/><T10/><D28/><U96/><E96/><N who="2" m="61543" /><F120/><W43/><G43/><T35/><D35/><U59/><E17/><N who="2" m="8335" /><F123/><W44/><G38/><T32/><D32/><U124/><E124/><V72/><F72/><W53/><G19/><T89/><D126/><U76/><E76/><AGARI ba="0,0" hai="60,61,75,76,81,87,90,94" m="8335,61543" machi="76" ten="30,5800,0" yaku="24,1,52,2" doraHai="57" who="2" fromWho="1" sc="365,0,193,-58,198,58,244,0" /><INIT seed="2,1,0,1,0,92" ten="365,135,256,244" oya="2" hai0="9,84,21,101,104,10,118,43,86,16,100,107,120" hai1="2,19,36,128,51,115,33,68,64,83,66,23,109" hai2="32,71,52,93,31,116,11,97,89,50,121,73,41" hai3="12,131,0,69,127,53,48,18,87,46,70,59,125"/><V94/><F121/><W103/><G0/><T61/><D120/><U76/><E36/><V6/><F116/><W91/><G131/><T29/><D43/><U112/><E33/><V129/><F129/><W82/><G103/><T39/><D39/><U5/><E128/><V45/><F73/><W42/><G125/><T63/><D29/><U132/><E132/><V54/><F71/><W47/><G127/><T62/><D118/><U99/><E109/><V40/><F31/><W114/><G114/><T96/><D86/><U44/><E68/><V119/><F32/><W124/><G124/><T79/><D84/><U28/><E28/><V117/><F117/><W90/><G90/><T130/><D79/><U75/><E5/><V4/><F4/><W106/><G106/><T35/><D35/><U98/><E2/><V72/><F72/><W25/><G25/><T123/><D123/><U67/><E112/><V3/><F119/><W37/><REACH who="3" step="1"/><G59/><REACH who="3" ten="365,135,256,234" step="2"/><T27/><D130/><U135/><E115/><V30/><F30/><W14/><G14/><T105/><D104/><U58/><E135/><V26/><F26/><W85/><G85/><T133/><D133/><U15/><REACH who="1" step="1"/><E58/><REACH who="1" ten="365,125,256,234" step="2"/><V55/><F94/><W126/><G126/><T24/><D105/><U134/><E134/><V7/><F7/><W80/><G80/><T78/><D107/><U57/><E57/><V111/><F111/><W108/><G108/><T20/><D24/><U56/><E56/><V13/><F3/><W60/><G60/><T34/><D62/><U74/><E74/><V65/><F65/><W8/><AGARI ba="1,2" hai="8,12,18,37,42,46,47,48,53,69,70,82,87,91" machi="8" ten="20,12000,2" yaku="1,1,5,1,0,1,7,1,25,2,53,1" doraHai="92" doraHaiUra="81" who="3" fromWho="3" sc="365,-31,125,-31,256,-61,234,143" /><INIT seed="3,0,0,4,3,18" ten="334,94,195,377" oya="3" hai0="46,8,87,111,4,115,100,77,34,39,106,86,19" hai1="10,118,60,96,84,71,15,59,67,104,88,119,11" hai2="32,6,56,75,69,122,47,112,49,127,37,70,105" hai3="55,131,12,40,14,92,81,36,62,13,68,103,108"/><W54/><G81/><T29/><D111/><U132/><E132/><V7/><F32/><W3/><G3/><T79/><D115/><U58/><E104/><V61/><F105/><W91/><G103/><T117/><D117/><U21/><E96/><V99/><F75/><W45/><G131/><T73/><D19/><N who="1" m="10495" /><E71/><N who="2" m="27147" /><F99/><W2/><G2/><N who="0" m="23" /><D79/><U129/><E129/><V133/><F7/><W113/><G113/><T1/><D1/><U31/><E31/><V65/><F6/><W94/><G108/><T123/><D123/><U0/><E0/><V50/><F122/><W83/><G83/><N who="0" m="45487" /><D100/><U134/><E134/><V76/><F76/><W9/><G9/><T53/><D53/><U27/><E59/><N who="2" m="37055" /><F112/><W135/><G135/><T41/><D106/><U89/><E89/><V82/><F82/><W130/><G130/><T85/><D29/><U26/><E118/><V124/><F133/><W63/><G91/><T97/><D97/><U16/><E119/><V109/><F109/><W64/><G94/><T24/><D34/><U57/><E57/><V28/><F28/><W80/><G92/><T30/><D30/><U110/><E110/><V114/><F114/><W17/><G80/><T120/><D120/><U22/><E27/><AGARI ba="0,0" hai="24,27,39,41,46,85,86,87" m="45487,23" machi="27" ten="30,1000,0" yaku="25,1" doraHai="18" who="0" fromWho="1" sc="334,10,94,-10,195,0,377,0" /><INIT seed="4,0,0,5,1,11" ten="344,84,195,377" oya="0" hai0="3,115,41,5,88,32,61,72,1,65,108,39,28" hai1="134,80,106,33,121,63,13,9,97,122,127,132,57" hai2="54,25,123,43,111,71,124,42,37,81,131,40,0" hai3="20,8,12,130,129,103,99,114,62,56,96,14,120"/><T23/><D32/><U119/><E33/><V77/><F111/><W98/><G114/><T30/><D72/><U6/><E119/><V7/><F123/><W55/><G120/><T34/><D34/><U102/><E127/><V74/><F124/><W21/><G103/><T133/><D115/><U116/><E116/><V82/><F71/><W83/><G83/><T84/><D133/><U94/><E106/><V76/><F25/><W59/><G59/><T79/><D79/><U50/><E50/><V68/><F54/><W73/><G73/><T53/><D53/><U24/><E80/><V18/><F18/><W27/><G8/><T26/><D108/><U48/><E48/><V126/><F68/><W118/><G118/><T104/><D104/><U125/><E125/><V135/><F135/><N who="1" m="51753" /><E24/><V69/><F69/><W22/><REACH who="3" step="1"/><G27/><REACH who="3" ten="344,84,195,367" step="2"/><T45/><D26/><U60/><E60/><V47/><F126/><W105/><G105/><T36/><D61/><U117/><E117/><V29/><F29/><W70/><G70/><T90/><D30/><U100/><E100/><V2/><F82/><W31/><G31/><T49/><D28/><U38/><E38/><V101/><F101/><W10/><G10/><T109/><D39/><U58/><E58/><V51/><F37/><W107/><G107/><T16/><D36/><U110/><E110/><V75/><F81/><W19/><G19/><T67/><D16/><U46/><E46/><V87/><F47/><W86/><G86/><T44/><D44/><U52/><AGARI ba="0,1" hai="6,9,13,52,57,63,94,97,102,121,122" m="51753" machi="52" ten="30,4000,0" yaku="20,1,52,1,54,1" doraHai="11" who="1" fromWho="1" sc="344,-20,84,50,195,-10,367,-10" /><INIT seed="5,0,0,2,2,118" ten="324,134,185,357" oya="1" hai0="57,119,122,117,36,90,95,105,39,116,49,18,76" hai1="51,113,106,16,103,87,25,29,70,78,124,12,77" hai2="120,128,23,85,41,125,37,75,38,46,22,42,134" hai3="133,45,19,40,121,11,35,17,43,131,2,15,28"/><U79/><E113/><V89/><F75/><W56/><G121/><T55/><D105/><U71/><E124/><V129/><F125/><W81/><G2/><T54/><D76/><U107/><E87/><V92/><F134/><W13/><G131/><N who="2" m="50249" /><F120/><W82/><G56/><T132/><D122/><U32/><E51/><N who="2" m="27087" /><F42/><W48/><G43/><T24/><D132/><U115/><E115/><V86/><F85/><W27/><REACH who="3" step="1"/><G133/><REACH who="3" ten="324,134,185,347" step="2"/><T14/><D117/><U26/><E26/><V1/><F1/><W114/><G114/><T50/><D116/><U20/><REACH who="1" step="1"/><E103/><REACH who="1" ten="324,124,185,347" step="2"/><V93/><F38/><W0/><G0/><T52/><D39/><U130/><E130/><V33/><F37/><W109/><G109/><T108/><D36/><U80/><E80/><V61/><F86/><W58/><G58/><T127/><D127/><U96/><E96/><V10/><F89/><W69/><G69/><AGARI ba="0,2" hai="12,16,20,25,29,32,69,70,71,77,78,79,106,107" machi="69" ten="40,3900,0" yaku="1,1,54,1,53,0" doraHai="118" doraHaiUra="59" who="1" fromWho="3" sc="324,0,124,59,185,0,347,-39" /><INIT seed="5,1,0,0,3,87" ten="324,183,185,308" oya="1" hai0="63,91,116,9,118,81,6,131,134,127,41,123,37" hai1="51,21,84,112,44,56,0,98,45,79,102,20,117" hai2="25,35,110,68,18,83,14,4,54,111,90,100,48" hai3="109,32,50,61,10,80,52,89,47,125,97,96,82"/><U132/><E117/><V8/><F68/><W73/><G109/><T70/><D127/><U22/><E0/><V128/><F128/><W27/><G125/><T13/><D131/><U95/><E132/><V58/><F100/><W66/><G10/><T23/><D134/><U69/><E69/><V86/><REACH who="2" step="1"/><F18/><REACH who="2" ten="324,183,175,308" step="2"/><W49/><G73/><T113/><D70/><U130/><E130/><V93/><F93/><W88/><G80/><T64/><D81/><N who="1" m="47167" /><E112/><V36/><F36/><W71/><G82/><T12/><D37/><U104/><E104/><V129/><F129/><W57/><G97/><T85/><D116/><U46/><E56/><V26/><F26/><W1/><G96/><T133/><D118/><U135/><E135/><V42/><F42/><AGARI ba="1,1" hai="20,21,22,42,44,45,46,51,95,98,102" m="47167" machi="42" ten="30,1500,0" yaku="8,1" doraHai="87" who="1" fromWho="2" sc="324,0,183,28,175,-18,308,0" /><INIT seed="5,2,0,5,5,106" ten="324,211,157,308" oya="1" hai0="38,93,67,124,72,76,120,78,36,69,99,53,47" hai1="75,82,112,32,55,45,8,71,85,24,68,83,100" hai2="50,111,101,122,35,119,17,77,102,31,114,7,125" hai3="135,97,46,14,15,90,91,44,84,41,13,70,25"/><U103/><E112/><V20/><F122/><W98/><G70/><T95/><D124/><U51/><E82/><V52/><F125/><W5/><G135/><T28/><D120/><U128/><E128/><V60/><F111/><W116/><G116/><T81/><D76/><U110/><E110/><V26/><F119/><W18/><G5/><T96/><D28/><U4/><E71/><V94/><F60/><W61/><G61/><T2/><D2/><U134/><E134/><V54/><F114/><W23/><G91/><T133/><D133/><U39/><E39/><V27/><F7/><W115/><G115/><T86/><D86/><U63/><E75/><V0/><F0/><W11/><G11/><T16/><D67/><U79/><E32/><V87/><F54/><W121/><G121/><T65/><D65/><U89/><E24/><V9/><F9/><W130/><G130/><T73/><D69/><U43/><E89/><V74/><F74/><W40/><G40/><T37/><D16/><U117/><E117/><V132/><F132/><W92/><REACH who="3" step="1"/><G44/><REACH who="3" ten="324,211,157,298" step="2"/><T126/><D47/><U33/><E68/><V62/><F62/><W118/><G118/><T21/><D126/><U6/><E6/><V57/><REACH who="2" step="1"/><F94/><REACH who="2" ten="324,211,147,298" step="2"/><W19/><G19/><T34/><D95/><U109/><E8/><V105/><F105/><W42/><G42/><T104/><D93/><U88/><E4/><V12/><F12/><W58/><G58/><T127/><D127/><U64/><E63/><V129/><F129/><W80/><G80/><AGARI ba="2,2" hai="17,20,26,27,31,35,50,52,57,77,80,87,101,102" machi="80" ten="40,8000,1" yaku="1,1,54,1,53,2" doraHai="106" doraHaiUra="22" who="2" fromWho="3" sc="324,0,211,0,147,106,298,-86" /><INIT seed="6,0,0,3,1,119" ten="324,211,253,212" oya="2" hai0="15,13,31,51,62,71,107,14,101,23,9,68,133" hai1="44,95,92,75,36,128,11,12,74,45,24,81,27" hai2="4,3,53,106,87,90,5,76,73,49,97,54,46" hai3="57,17,89,85,118,80,108,33,39,123,98,117,126"/><V7/><F3/><W104/><G33/><T26/><D133/><U47/><E36/><V103/><F54/><W64/><G39/><T35/><D51/><U125/><E125/><V32/><F32/><W96/><G108/><T18/><D68/><U78/><E128/><V66/><F66/><W60/><G126/><T132/><D132/><U34/><E75/><V25/><F25/><W55/><G123/><T121/><D121/><U102/><E102/><V127/><F127/><W38/><G38/><T83/><D83/><U93/><REACH who="1" step="1"/><E34/><REACH who="1" ten="324,201,253,212" step="2"/><V67/><F67/><W30/><G118/><T112/><D101/><U19/><AGARI ba="0,1" hai="11,12,19,24,27,44,45,47,74,78,81,92,93,95" machi="19" ten="30,7900,0" yaku="1,1,2,1,0,1,53,1" doraHai="119" doraHaiUra="10" who="1" fromWho="1" sc="324,-20,201,89,253,-39,212,-20" /><INIT seed="7,0,0,2,0,48" ten="304,290,214,192" oya="3" hai0="69,47,124,112,42,78,89,109,105,64,15,116,59" hai1="73,104,93,129,23,128,95,101,127,77,135,39,37" hai2="13,131,70,50,58,53,3,62,7,34,121,29,119" hai3="17,114,18,92,88,107,16,94,65,72,130,123,12"/><W41/><G123/><T33/><D109/><U14/><E127/><V31/><F119/><W118/><G118/><T32/><D116/><U126/><E126/><V113/><F113/><W63/><G107/><T117/><D117/><U46/><E135/><V54/><F131/><N who="1" m="50249" /><E104/><V74/><F74/><W10/><G72/><T22/><D69/><U27/><E14/><V8/><F121/><W5/><G130/><T132/><D105/><U108/><E108/><V11/><F34/><W111/><G111/><T20/><D15/><U81/><E101/><V100/><F100/><W91/><G114/><T133/><D78/><U40/><E39/><V84/><F84/><W80/><G41/><T2/><D2/><U1/><E1/><V45/><REACH who="2" step="1"/><F70/><REACH who="2" ten="304,290,204,192" step="2"/><W19/><N who="3" m="4096" /><DORA hai="28" /><W68/><REACH who="3" step="1"/><G91/><REACH who="3" ten="304,290,204,182" step="2"/><T61/><D89/><U86/><E73/><V82/><F82/><W76/><G76/><T51/><D124/><U9/><E9/><V57/><F57/><W55/><G55/><T71/><D112/><U25/><E93/><V49/><F49/><W106/><G106/><T66/><D51/><U56/><E95/><V87/><F87/><AGARI ba="0,2" hai="5,10,12,63,65,68,80,87,88,92,94" m="4096" machi="87" ten="50,9600,0" yaku="1,1,54,2,53,0" doraHai="48,28" doraHaiUra="98,36" who="3" fromWho="2" sc="304,0,290,0,204,-96,182,116" /><INIT seed="7,1,0,4,5,113" ten="304,290,108,298" oya="3" hai0="119,91,3,92,97,76,45,40,69,134,85,116,36" hai1="132,105,77,38,73,8,31,29,11,117,2,4,109" hai2="46,61,123,84,122,102,23,94,16,53,74,13,64" hai3="66,56,95,60,41,33,62,130,18,14,86,114,127"/><W120/><G120/><T6/><D69/><U43/><E109/><V12/><F74/><W133/><G33/><T107/><D134/><U82/><E132/><V79/><F79/><W5/><G133/><T35/><D35/><U89/><E117/><V103/><F122/><W17/><G114/><T124/><D124/><U115/><E115/><V106/><F106/><W39/><G127/><T131/><D131/><U42/><E105/><V10/><F123/><W67/><G130/><T30/><D30/><U83/><E11/><V65/><F65/><W51/><G39/><T1/><D76/><U70/><E70/><V28/><F64/><N who="3" m="24619" /><G5/><T47/><D47/><N who="1" m="24023" /><E43/><V37/><F37/><W27/><G27/><T7/><D7/><U98/><E98/><V32/><F32/><W50/><G18/><T90/><D107/><U25/><E25/><N who="2" m="16447" /><F13/><W52/><G51/><T63/><D63/><N who="3" m="24105" /><G41/><T87/><D3/><U24/><E24/><V58/><F46/><W44/><G44/><T88/><D1/><U71/><E71/><V59/><F59/><W125/><G125/><T68/><D68/><U48/><E48/><V20/><F10/><N who="3" m="6359" /><G95/><T81/><D6/><U57/><E57/><V19/><F19/><W34/><G34/><T118/><D118/><U75/><E75/><V96/><F102/><W80/><G86/><AGARI ba="1,0" hai="2,4,8,29,31,73,77,82,83,86,89" m="24023" machi="86" ten="30,1000,0" yaku="25,1" doraHai="113" who="1" fromWho="3" sc="304,0,290,13,108,0,298,-13" owari="304,40.0,303,10.0,108,-39.0,285,-11.0" /></mjloggm>