<mjloggm ver="2.3"><GO type="169" lobby="0"/><UN n0="%4A%61%6E%65%44%75%65" n1="%E5%AB%8C%E3%81%84%E3%81%98%E3%82%83%E3%81%AA%E3%81%84%E3%82%8F%EF%BC%81" n2="%E3%82%A6%E3%83%AB%E3%83%88%E3%83%A9%E7%AB%8B%E7%9B%B4" n3="%E5%BD%BC%E5%A5%B3%E6%AC%B2%E3%81%97%E3%81%84%E3%82%88" dan="16,16,17,16" rate="2042.17,2108.80,2166.65,2061.56" sx="M,M,M,M"/><TAIKYOKU oya="0"/><INIT seed="0,0,0,2,4,69" ten="250,250,250,250" oya="0" hai0="24,10,82,105,74,99,1,117,71,44,121,67,70" hai1="112,31,34,62,94,37,72,66,57,48,118,28,86" hai2="41,103,38,77,3,46,55,90,15,21,59,26,63" hai3="83,122,123,53,132,6,127,35,45,27,25,12,7"/><T8/><D117/><U65/><E72/><V49/><F3/><W91/><G127/><T18/><D121/><N who="3" m="46089" /><G132/><T129/><D129/><U107/><E107/><V120/><F120/><W100/><G100/><T73/><D10/><U104/><E104/><V33/><F103/><W19/><G83/><T97/><D24/><N who="3" m="9289" /><G91/><T85/><D105/><U116/><E112/><V61/><F77/><W39/><G35/><T52/><D74/><U106/><E106/><V22/><F90/><W75/><G75/><T78/><D73/><U80/><E94/><V0/><F0/><W64/><G64/><T17/><D67/><U43/><E34/><V111/><F111/><W98/><G98/><T14/><D97/><U76/><E66/><V29/><REACH who="2" step="1"/><F33/><REACH who="2" ten="250,250,240,250" step="2"/><W125/><G125/><T50/><D1/><U88/><E76/><V119/><F119/><W109/><G109/><T108/><D108/><U95/><E118/><V51/><F51/><N who="3" m="28911" /><G39/><T102/><D102/><U101/><E116/><V128/><F128/><W115/><G115/><T84/><D78/><U54/><E101/><V20/><F20/><AGARI ba="0,1" hai="6,7,12,19,20" m="28911,9289,46089" machi="20" ten="30,1000,0" yaku="13,1" doraHai="69" who="3" fromWho="2" sc="250,0,250,0,240,-10,250,20" /><INIT seed="1,0,0,2,1,82" ten="250,250,230,270" oya="1" hai0="52,19,97,35,100,79,122,93,43,129,25,106,77" hai1="124,128,16,60,98,34,29,33,116,107,50,91,45" hai2="80,126,56,1,64,15,94,18,69,120,63,88,5" hai3="76,127,71,8,47,115,123,2,40,36,87,28,21"/><U39/><E116/><V44/><F120/><W30/><G123/><T13/><D122/><U4/><E39/><V66/><F126/><W7/><G127/><T67/><D129/><U57/><E124/><V32/><F32/><W119/><G115/><T130/><D130/><U135/><E135/><V72/><F1/><W31/><G71/><T92/><D43/><U0/><E128/><V3/><F3/><W108/><G108/><T78/><D67/><U46/><E46/><V83/><F5/><W20/><REACH who="3" step="1"/><G119/><REACH who="3" ten="250,250,230,260" step="2"/><T22/><D35/><U101/><E34/><V85/><F69/><W99/><G99/><T103/><D103/><U125/><E33/><V95/><F66/><W121/><G121/><T41/><D41/><U134/><E125/><V73/><F44/><W89/><G89/><T75/><D75/><U133/><E98/><V48/><F73/><W58/><G58/><T112/><D112/><U65/><E101/><V6/><F72/><W81/><AGARI ba="0,1" hai="2,7,8,20,21,28,30,31,36,40,47,76,81,87" machi="81" ten="30,4000,0" yaku="1,1,0,1,52,1,53,0" doraHai="82" doraHaiUra="132" who="3" fromWho="3" sc="250,-10,250,-20,230,-10,260,50" /><INIT seed="2,0,0,3,3,96" ten="240,230,220,310" oya="2" hai0="25,30,100,9,70,27,53,54,91,113,107,3,110" hai1="4,124,59,119,26,7,89,69,24,105,126,129,67" hai2="39,41,68,50,75,73,104,16,6,72,131,20,35" hai3="134,60,78,32,48,1,125,102,81,123,18,116,74"/><V117/><F117/><W29/><G116/><T57/><D113/><U28/><E119/><V47/><F35/><W135/><G123/><T121/><D121/><U15/><E69/><V87/><F131/><W10/><G125/><N who="1" m="48234" /><E105/><V90/><F68/><W12/><G1/><T36/><D36/><U122/><E122/><V42/><F104/><W0/><G0/><T52/><D70/><U2/><E2/><V17/><F6/><W130/><G130/><T86/><D57/><U85/><E129/><V43/><F39/><W13/><G48/><T21/><D110/><U76/><E76/><V101/><F101/><W93/><G60/><T62/><D62/><N who="1" m="38367" /><E15/><V5/><F5/><N who="1" m="2121" /><E28/><V63/><F63/><W118/><G118/><T44/><D3/><U22/><E22/><V66/><F66/><W83/><G13/><T45/><D9/><U133/><E133/><N who="3" m="50698" /><G78/><T61/><D61/><U49/><E49/><V65/><F65/><W58/><G74/><T51/><D51/><U114/><E114/><V84/><F17/><W14/><G14/><T106/><D106/><U127/><E127/><V80/><REACH who="2" step="1"/><F87/><REACH who="2" ten="240,230,210,310" step="2"/><W55/><G32/><T120/><D120/><U46/><E85/><V64/><F64/><W79/><G29/><N who="0" m="17583" /><D107/><U31/><E31/><V40/><F40/><W132/><G132/><T94/><D100/><U97/><E97/><V109/><F109/><W99/><G102/><T92/><D30/><U8/><E26/><AGARI ba="0,1" hai="16,20,26,41,42,43,47,50,72,73,75,80,84,90" machi="26" ten="40,3900,0" yaku="1,1,54,1,53,0" doraHai="96" doraHaiUra="128" who="2" fromWho="1" sc="240,0,230,-39,210,49,310,0" /><INIT seed="2,1,0,2,3,102" ten="240,191,259,310" oya="2" hai0="7,132,31,15,63,125,17,38,42,111,32,52,86" hai1="33,8,117,114,134,118,57,68,126,87,58,74,72" hai2="10,18,75,4,84,65,51,122,59,70,41,66,91" hai3="94,76,64,14,77,124,129,93,83,110,5,21,116"/><V131/><F75/><W128/><G116/><T45/><D111/><U27/><E68/><V85/><F122/><W81/><G110/><T39/><D132/><U13/><E134/><V1/><F131/><N who="3" m="50251" /><G64/><T92/><D125/><U95/><E126/><V108/><F108/><W130/><G124/><T23/><D39/><U50/><E114/><V101/><F70/><W135/><G135/><T98/><D86/><U12/><E33/><V88/><F101/><W104/><G104/><T119/><D7/><U60/><E27/><V16/><F65/><W62/><G62/><T55/><D63/><U30/><E30/><V123/><F123/><W2/><G2/><T53/><D119/><U43/><E43/><V40/><F40/><W100/><N who="3" m="50259" /><W105/><DORA hai="0" /><G5/><T73/><D73/><U44/><E44/><V107/><F107/><W35/><G35/><T22/><D32/><U9/><E60/><V47/><F59/><W133/><G14/><T28/><REACH who="0" step="1"/><D23/><REACH who="0" ten="230,191,259,310" step="2"/><U20/><E20/><V6/><F6/><W96/><G21/><T24/><D24/><U90/><E118/><V82/><REACH who="2" step="1"/><F66/><REACH who="2" ten="230,191,249,310" step="2"/><W19/><G133/><T11/><D11/><U99/><E9/><V37/><F37/><W127/><G127/><T79/><D79/><U103/><E8/><V56/><F56/><W115/><G77/><T106/><D106/><N who="1" m="63871" /><E58/><V67/><F67/><W54/><G76/><T34/><D34/><U89/><E117/><V71/><F71/><W69/><G69/><T113/><D113/><U36/><E57/><V25/><F25/><W120/><G115/><T48/><D48/><RYUUKYOKU ba="1,2" sc="230,15,191,-15,249,15,310,-15" hai0="15,17,22,28,31,38,42,45,52,53,55,92,98" hai2="1,4,10,16,18,41,47,51,82,84,85,88,91" /><INIT seed="2,2,2,4,5,36" ten="245,176,264,295" oya="2" hai0="125,71,97,115,86,82,103,122,55,128,38,46,104" hai1="44,49,61,7,4,111,41,107,58,30,62,60,101" hai2="117,53,63,89,123,118,79,31,81,39,17,12,93" hai3="15,90,22,108,14,20,85,127,27,33,105,34,109"/><V73/><F123/><W98/><G127/><T28/><D122/><U76/><E111/><N who="3" m="42570" /><G98/><T114/><D71/><U126/><E126/><V18/><F39/><W43/><G105/><T84/><D125/><U132/><E132/><V135/><F135/><W77/><G77/><T119/><D128/><U45/><E76/><V87/><F31/><N who="3" m="17911" /><G43/><T80/><D119/><U88/><E30/><V94/><F94/><N who="3" m="54607" /><G20/><T96/><D96/><U56/><E101/><V99/><F99/><W106/><G106/><T59/><D84/><U48/><E107/><V67/><F53/><W75/><G75/><T113/><D38/><U1/><E88/><V9/><REACH who="2" step="1"/><F17/><REACH who="2" ten="245,176,254,295" step="2"/><W129/><G129/><T124/><D55/><U83/><E1/><V64/><F64/><W13/><AGARI ba="2,3" hai="13,14,15,33,34" m="54607,17911,42570" machi="13" ten="30,1100,0" yaku="14,1" doraHai="36" who="3" fromWho="3" sc="245,-5,176,-5,254,-7,295,47" /><INIT seed="3,0,0,3,1,130" ten="240,171,247,342" oya="3" hai0="96,62,8,11,33,72,71,74,103,109,27,40,97" hai1="42,81,67,35,102,37,121,134,82,117,56,84,113" hai2="86,43,60,1,100,57,70,22,111,50,6,78,12" hai3="13,3,131,23,83,73,87,112,25,99,45,91,107"/><W20/><G131/><T125/><D125/><U59/><E121/><V39/><F1/><W129/><G129/><T101/><D109/><U120/><E113/><V108/><F100/><W21/><G3/><T85/><D40/><U110/><E35/><V51/><F22/><W122/><G122/><T52/><D85/><U7/><E120/><V118/><F118/><W95/><G112/><T80/><D11/><U69/><E117/><V26/><F26/><W4/><G73/><T76/><D8/><U132/><E110/><V18/><F18/><W32/><G107/><T61/><D74/><U64/><E102/><V65/><F12/><W94/><G4/><T88/><D62/><U2/><E69/><V104/><F104/><W47/><G13/><T63/><D63/><U31/><E31/><V126/><F6/><W5/><G5/><T133/><D101/><U16/><E7/><V124/><F86/><N who="3" m="52599" /><G25/><T36/><D103/><U135/><E2/><V116/><F78/><N who="3" m="46583" /><G32/><T15/><D36/><U93/><E37/><V17/><F17/><W30/><G30/><N who="0" m="19679" /><D15/><U127/><E127/><N who="2" m="48683" /><F116/><W89/><AGARI ba="0,0" hai="20,21,23,45,47,89,95,99" m="46583,52599" machi="89" ten="30,1500,0" yaku="8,1" doraHai="130" who="3" fromWho="3" sc="240,-5,171,-5,247,-5,342,15" /><INIT seed="3,1,0,2,5,103" ten="235,166,242,357" oya="3" hai0="2,19,121,46,81,66,133,21,40,107,18,68,128" hai1="135,44,88,119,102,114,69,108,94,7,90,47,123" hai2="37,134,110,76,55,80,35,9,39,111,113,96,122" hai3="106,93,14,58,124,4,95,115,38,28,15,27,45"/><W36/><G115/><T89/><D121/><U20/><E69/><V59/><F35/><W1/><G1/><T92/><D2/><U129/><E135/><V26/><F113/><W10/><G124/><T77/><D133/><U64/><E114/><V78/><F134/><W116/><G116/><T98/><D128/><U25/><E108/><N who="2" m="41515" /><F122/><W62/><G15/><T41/><D107/><U5/><E129/><V56/><F78/><W22/><G106/><T74/><D21/><U130/><E64/><V104/><F26/><W105/><G105/><T112/><D112/><U84/><E130/><V125/><F9/><W60/><G60/><T48/><REACH who="0" step="1"/><D40/><REACH who="0" ten="225,166,242,357" step="2"/><U127/><E123/><V13/><F104/><W32/><G22/><T51/><D51/><U54/><E127/><V79/><F125/><W131/><G131/><T87/><D87/><U70/><E84/><V34/><F34/><W50/><G38/><T3/><D3/><U132/><E20/><V82/><F37/><W100/><G36/><T85/><D85/><U0/><E132/><V16/><F39/><W61/><G50/><T33/><D33/><U24/><E0/><V97/><F97/><W42/><G42/><T11/><D11/><U43/><E43/><V52/><F96/><W75/><G32/><T30/><D30/><U101/><E119/><V12/><F79/><W72/><G28/><T29/><D29/><U31/><E31/><V67/><F76/><W63/><G10/><T71/><D71/><U8/><E8/><V117/><F117/><W73/><G73/><T53/><D53/><U99/><E70/><RYUUKYOKU ba="1,1" sc="225,30,166,-10,242,-10,357,-10" hai0="18,19,41,46,48,66,68,74,77,81,89,92,98" /><INIT seed="4,2,1,4,1,21" ten="255,156,232,347" oya="0" hai0="13,63,65,17,38,43,114,15,71,92,134,123,125" hai1="58,83,104,131,52,32,5,108,121,19,31,113,66" hai2="42,47,30,22,128,54,28,119,2,72,11,49,55" hai3="70,34,98,44,59,69,122,8,126,110,33,4,1"/><T64/><D123/><U80/><E121/><V35/><F72/><W101/><G122/><T23/><D114/><U81/><E104/><V86/><F128/><W27/><G110/><T79/><D134/><U100/><E108/><V132/><F132/><W120/><G126/><T130/><D125/><U116/><E131/><V56/><F119/><W24/><G59/><T124/><D124/><U111/><E111/><V129/><F129/><W95/><G120/><T39/><D130/><U7/><E113/><V106/><F106/><W16/><G44/><T88/><D79/><U109/><E109/><V93/><F35/><W20/><REACH who="3" step="1"/><G27/><REACH who="3" ten="255,156,232,337" step="2"/><T94/><D43/><U102/><E58/><V50/><F42/><W53/><G53/><T40/><D40/><U73/><E116/><V118/><F55/><W85/><G85/><T76/><D64/><U115/><E52/><V62/><F86/><W99/><G99/><T46/><D46/><U91/><E115/><V26/><F47/><W29/><G29/><T103/><D65/><U97/><E73/><V0/><F30/><W96/><G96/><T25/><D25/><N who="1" m="18543" /><E66/><V89/><F118/><W9/><G9/><T37/><D71/><AGARI ba="2,2" hai="1,4,8,16,20,24,33,34,69,70,71,95,98,101" machi="71" ten="40,8000,1" yaku="1,1,52,1,54,1,53,1" doraHai="21" doraHaiUra="14" who="3" fromWho="0" sc="255,-86,156,0,232,0,337,106" /><INIT seed="5,0,0,1,1,125" ten="169,156,232,443" oya="1" hai0="78,28,3,60,27,107,91,114,89,72,128,7,123" hai1="126,29,92,120,54,104,71,47,0,69,18,79,17" hai2="53,14,65,50,81,87,66,101,84,113,116,94,44" hai3="76,33,99,70,74,51,11,39,90,109,15,9,103"/><U129/><E104/><V61/><F116/><W63/><G39/><T10/><D114/><U6/><E126/><V127/><F113/><W36/><G36/><T106/><D123/><U110/><E120/><V83/><F127/><W32/><G9/><T52/><D107/><U82/><E29/><V42/><F14/><W64/><G90/><T73/><D106/><U58/><E110/><V57/><F101/><W95/><G51/><T21/><D73/><U77/><E47/><V108/><F94/><W68/><G68/><T34/><D34/><U2/><E92/><V26/><F26/><W105/><G95/><T97/><D97/><U31/><E31/><V112/><F112/><W55/><G55/><T75/><D75/><U4/><E58/><V37/><F108/><W30/><G30/><T117/><D117/><U48/><E48/><V12/><F12/><W98/><G98/><T19/><D19/><U131/><E54/><V100/><F100/><W5/><G109/><T124/><D124/><U24/><E24/><V40/><F40/><W8/><G8/><T56/><REACH who="0" step="1"/><D128/><REACH who="0" ten="159,156,232,443" step="2"/><U96/><E96/><V22/><F87/><W115/><G115/><T80/><AGARI ba="0,1" hai="3,7,10,21,27,28,52,56,60,72,78,80,89,91" machi="80" ten="30,7900,0" yaku="1,1,2,1,0,1,54,1,53,0" doraHai="125" doraHaiUra="111" who="0" fromWho="0" sc="159,89,156,-39,232,-20,443,-20" /><INIT seed="6,0,0,3,1,29" ten="248,117,212,423" oya="2" hai0="52,3,54,19,13,92,33,2,9,117,106,40,6" hai1="26,65,60,20,25,0,74,70,22,66,96,125,111" hai2="100,7,32,62,105,30,91,124,80,118,87,68,78" hai3="53,127,23,36,34,119,107,56,114,133,31,14,75"/><V61/><F118/><W132/><G119/><T88/><D106/><U121/><E111/><V43/><F124/><W47/><G127/><T86/><D117/><U4/><E125/><V45/><F7/><W49/><G107/><T135/><D135/><U90/><E121/><V63/><F68/><W128/><G75/><T113/><D113/><U59/><E74/><V55/><F55/><W83/><G83/><T1/><D40/><U79/><E79/><V21/><F21/><W103/><G103/><T112/><D33/><U48/><E4/><V44/><F100/><W93/><G93/><T58/><D112/><U101/><E90/><V15/><F15/><W16/><G114/><T67/><D67/><U51/><E0/><V120/><F105/><W64/><G128/><T126/><D126/><U37/><E37/><V76/><F120/><W24/><G36/><T116/><D54/><U57/><E101/><V82/><F43/><W99/><G99/><T108/><D108/><U5/><E5/><V17/><F17/><W41/><G64/><T71/><D71/><U73/><E73/><V104/><F104/><W69/><G69/><T85/><D85/><U8/><E70/><V95/><F80/><W50/><AGARI ba="0,0" hai="14,16,23,24,31,34,41,47,49,50,53,56,132,133" machi="50" ten="30,4000,0" yaku="0,1,52,1,54,1" doraHai="29" who="3" fromWho="3" sc="248,-10,117,-10,212,-20,423,40" /><INIT seed="7,0,0,1,4,99" ten="238,107,192,463" oya="3" hai0="110,40,21,122,68,7,15,128,32,71,4,102,6" hai1="37,114,116,34,82,3,134,135,108,60,123,84,96" hai2="120,85,70,53,87,111,13,38,8,16,83,49,57" hai3="62,115,131,132,39,44,50,109,52,11,77,63,46"/><W43/><G77/><T130/><D122/><U25/><E37/><V20/><F111/><W95/><G109/><T66/><D110/><U100/><E3/><V42/><F70/><W54/><G115/><T81/><D32/><U79/><E108/><V12/><F120/><W125/><G125/><T126/><D126/><U117/><E60/><V26/><F38/><W29/><G29/><T2/><D2/><U56/><E123/><V124/><F124/><W97/><G131/><T10/><D10/><U103/><E56/><V72/><F72/><W105/><G105/><T129/><D40/><U112/><E25/><V133/><F133/><N who="1" m="50697" /><E34/><V36/><F36/><W69/><G69/><T89/><D66/><U35/><E35/><V91/><F42/><W51/><G11/><T58/><D58/><U76/><E76/><N who="2" m="46311" /><F8/><W104/><G104/><T27/><D68/><U47/><E47/><V118/><F118/><N who="1" m="45673" /><E96/><V23/><F23/><W65/><G65/><T67/><D67/><U93/><E93/><AGARI ba="0,0" hai="12,13,16,20,26,49,53,57,87,91,93" m="46311" machi="93" ten="30,2000,0" yaku="8,1,54,1" doraHai="99" who="2" fromWho="1" sc="238,0,107,-20,192,20,463,0" owari="238,4.0,87,-41.0,212,-19.0,463,56.0" /></mjloggm>