<mjloggm ver="2.3"><GO type="169" lobby="0"/><UN n0="%E5%B0%B1%E6%B4%BB%E7%94%9F%40%E5%B7%9D%E6%9D%91%E8%BB%8D%E5%9B%A3" n1="%7A%68%6B%64%73%68%67%79" n2="%E3%81%B3%E3%82%8A%E3%81%B3%E3%82%8A%E2%98%86%E3%83%93%E3%83%AA%E3%83%BC" n3="%E3%82%84%E3%81%9F%E3%82%B1%E3%83%B3" dan="19,17,17,17" rate="2367.05,2150.84,2159.68,2173.25" sx="M,F,M,M"/><TAIKYOKU oya="0"/><INIT seed="0,0,0,2,1,21" ten="250,250,250,250" oya="0" hai0="103,70,132,61,67,127,114,48,36,106,93,44,130" hai1="16,15,108,7,50,75,128,101,55,112,52,63,125" hai2="64,18,10,122,40,90,23,80,66,121,60,120,29" hai3="19,77,124,118,110,84,113,109,34,69,98,71,76"/><T82/><D114/><U74/><E112/><V32/><F40/><W22/><G113/><T9/><D106/><U35/><E108/><N who="3" m="41578" /><G34/><T20/><D130/><U39/><E128/><V3/><F29/><W131/><G131/><T65/><D127/><U134/><E39/><V91/><F32/><W57/><G124/><T79/><D132/><U92/><E125/><V53/><F53/><W54/><G98/><T73/><D36/><U105/><E105/><V123/><F66/><W100/><G100/><T47/><D9/><U26/><E134/><V43/><F43/><W94/><G118/><T31/><D67/><U59/><E7/><V117/><F117/><W38/><G38/><T85/><D48/><U28/><E92/><V88/><F10/><W56/><G56/><T2/><D2/><U86/><E86/><V81/><N who="2" m="30720" /><DORA hai="25" /><V133/><F3/><W5/><G5/><T51/><D51/><U97/><E97/><V95/><F95/><W62/><G94/><T41/><D41/><U115/><E101/><V111/><F133/><W126/><G126/><T87/><D103/><U8/><E115/><V104/><F104/><W24/><G84/><T58/><D70/><AGARI ba="0,0" hai="19,22,24,54,57,62,69,70,71,76,77" m="41578" machi="70" ten="30,2000,0" yaku="14,1,52,1" doraHai="21,25" who="3" fromWho="0" sc="250,-20,250,0,250,0,250,20" /><INIT seed="1,0,0,1,5,119" ten="230,250,250,270" oya="1" hai0="8,52,62,10,36,23,71,3,21,105,37,114,92" hai1="104,110,12,19,43,34,135,100,85,69,16,28,95" hai2="49,46,6,38,31,112,13,131,88,126,93,59,15" hai3="26,42,86,33,53,125,101,129,2,96,77,64,74"/><U84/><E135/><V48/><F112/><W68/><G2/><T47/><D105/><U91/><E110/><V134/><F131/><W99/><G99/><T82/><D114/><U44/><E69/><V18/><F38/><W14/><G86/><T57/><D71/><U1/><E1/><V41/><F126/><W20/><G53/><T50/><D36/><U9/><E85/><V65/><F134/><W94/><G129/><T122/><D37/><U102/><E104/><V87/><F31/><W11/><G125/><T22/><D3/><U63/><E63/><V75/><F75/><W30/><G42/><T116/><D116/><U55/><E55/><N who="2" m="32239" /><F6/><W78/><G74/><T60/><D122/><U108/><E19/><V81/><F65/><W117/><G117/><T120/><D120/><U118/><E108/><V61/><F61/><W39/><G39/><T56/><D82/><U124/><E124/><V32/><F32/><W128/><G128/><T121/><D121/><U90/><E118/><V132/><F132/><W67/><G33/><T45/><D92/><U98/><E34/><V97/><F18/><N who="3" m="8543" /><G68/><T4/><D4/><U29/><E28/><V5/><F5/><W54/><G54/><N who="0" m="33815" /><D47/><U106/><E29/><V51/><F51/><W107/><G107/><T133/><D133/><U76/><E106/><V17/><F17/><W0/><G0/><T80/><D80/><N who="1" m="49415" /><E76/><AGARI ba="0,0" hai="13,15,41,46,48,76,81,87,88,93,97" m="32239" machi="76" ten="30,2000,0" yaku="8,1,54,1" doraHai="119" who="2" fromWho="1" sc="230,0,250,-20,250,20,270,0" /><AGARI ba="0,0" hai="20,26,30,64,67,76,77,78,94,96,101" m="8543" machi="76" ten="30,1000,0" yaku="8,1" doraHai="119" who="3" fromWho="1" sc="230,0,230,-10,270,0,270,10" /><INIT seed="2,0,0,1,0,0" ten="230,220,270,280" oya="2" hai0="16,112,98,40,124,2,91,85,38,64,96,129,84" hai1="19,44,4,97,48,88,83,72,111,14,128,107,115" hai2="10,63,135,35,93,31,65,76,61,134,81,43,100" hai3="54,79,68,6,56,70,24,109,28,119,133,127,20"/><V17/><F43/><W37/><G119/><T74/><D74/><U1/><E115/><V27/><F100/><W36/><G109/><T29/><D112/><U69/><E111/><V122/><F122/><W130/><G79/><T13/><D2/><U80/><E69/><V62/><F93/><W89/><G70/><T18/><D29/><U39/><E39/><V92/><F92/><W103/><G103/><T12/><D91/><U108/><E108/><V15/><REACH who="2" step="1"/><F65/><REACH who="2" ten="230,220,260,280" step="2"/><W33/><G37/><T67/><D38/><U123/><E123/><V34/><F34/><W120/><G33/><T78/><D40/><U23/><E107/><V30/><F30/><W90/><G28/><T99/><D124/><U5/><E128/><V26/><F26/><W118/><G127/><T51/><D129/><U21/><E1/><V73/><AGARI ba="0,1" hai="10,15,17,27,31,35,61,62,63,73,76,81,134,135" machi="73" ten="30,3000,0" yaku="1,1,0,1,53,0" doraHai="0" doraHaiUra="50" who="2" fromWho="2" sc="230,-10,220,-10,260,40,280,-10" /><INIT seed="2,1,0,3,3,134" ten="220,210,300,270" oya="2" hai0="25,100,70,73,86,16,112,44,69,123,9,80,59" hai1="2,122,71,42,38,17,116,65,110,68,108,92,109" hai2="91,90,35,83,133,85,120,79,63,102,57,10,114" hai3="48,45,103,89,78,93,4,126,104,77,76,32,21"/><V56/><F120/><W54/><G32/><T117/><D73/><U61/><E2/><V75/><F114/><W101/><G104/><T127/><D123/><U47/><E122/><V111/><F35/><W99/><G4/><T118/><D112/><U12/><E92/><V72/><F133/><W51/><G126/><T115/><D127/><U40/><E116/><N who="0" m="44649" /><D100/><U84/><E84/><V131/><F102/><W105/><G105/><T39/><D59/><U119/><E119/><V5/><F57/><W34/><G34/><T33/><D33/><U26/><E26/><V94/><F91/><W37/><G37/><T60/><D60/><U124/><E124/><V87/><F131/><W55/><REACH who="3" step="1"/><G21/><REACH who="3" ten="220,210,300,260" step="2"/><N who="0" m="13479" /><D115/><U64/><E38/><V130/><F130/><W20/><G20/><T50/><D39/><U82/><E109/><V107/><F111/><W62/><G62/><T28/><D9/><U97/><E61/><V0/><F107/><W88/><G88/><N who="0" m="51271" /><D28/><U31/><E31/><V11/><F11/><W3/><G3/><T18/><D18/><U81/><E17/><V53/><AGARI ba="1,1" hai="0,5,10,53,56,63,72,75,79,83,85,87,90,94" machi="53" ten="20,2100,0" yaku="0,1,7,1" doraHai="134" who="2" fromWho="2" sc="220,-8,210,-8,300,34,260,-8" /><INIT seed="2,2,0,2,4,58" ten="212,202,334,252" oya="2" hai0="66,72,42,9,116,117,98,91,71,134,3,49,122" hai1="132,76,64,0,48,106,69,32,114,12,96,120,118" hai2="70,59,16,112,115,100,25,46,55,94,36,45,52" hai3="102,53,65,82,5,29,74,43,73,86,11,80,129"/><V101/><F70/><W13/><G29/><T125/><D72/><U6/><E12/><V39/><F94/><W92/><G129/><T78/><D78/><U79/><E48/><V18/><F59/><W127/><G127/><T23/><D3/><U135/><E114/><V8/><F8/><W51/><G65/><T47/><D134/><N who="1" m="51243" /><E32/><V44/><F44/><W126/><G126/><T26/><D125/><U121/><E118/><V22/><F22/><W110/><G110/><T99/><D122/><N who="1" m="47211" /><E6/><V130/><F25/><W89/><G43/><T35/><D35/><U105/><E0/><V33/><F33/><W14/><G14/><T131/><D9/><U85/><E85/><V113/><F113/><W103/><G74/><T19/><D131/><AGARI ba="2,0" hai="16,18,36,39,45,46,52,55,100,101,112,115,130,131" machi="131" ten="25,9600,0" yaku="22,2,54,2" doraHai="58" who="2" fromWho="0" sc="212,-102,202,0,334,102,252,0" /><INIT seed="2,3,0,1,4,81" ten="110,202,436,252" oya="2" hai0="102,74,135,8,44,110,92,130,124,87,105,28,3" hai1="132,79,48,13,61,52,118,7,57,55,49,29,33" hai2="42,25,34,15,94,97,10,16,98,9,128,125,68" hai3="101,106,121,19,100,21,91,12,66,127,60,35,63"/><V115/><F115/><W83/><G121/><T47/><D74/><U2/><E118/><V76/><F68/><W123/><G35/><T95/><D105/><U93/><E132/><V22/><F128/><W71/><G123/><T31/><D135/><U70/><E2/><V46/><F125/><W108/><G127/><T73/><D73/><U50/><E70/><V1/><F76/><W30/><G108/><T26/><D110/><U75/><E75/><V64/><F64/><W126/><G126/><T113/><D113/><U23/><E79/><V69/><F69/><W96/><G30/><T54/><D124/><U56/><E33/><V20/><F34/><W107/><G63/><T103/><D54/><U111/><E111/><V18/><F1/><W116/><G116/><T86/><D26/><N who="1" m="16607" /><E93/><V43/><F98/><W120/><G120/><T58/><D3/><U99/><E99/><V90/><F43/><W122/><G122/><T78/><D78/><U129/><E129/><V67/><F67/><W38/><G38/><AGARI ba="3,0" hai="9,10,15,16,18,20,22,25,38,42,46,90,94,97" machi="38" ten="30,2900,0" yaku="7,1,54,1" doraHai="81" who="2" fromWho="3" sc="110,0,202,0,436,38,252,-38" /><INIT seed="2,4,0,5,3,77" ten="110,202,474,214" oya="2" hai0="87,16,100,8,85,105,66,129,122,130,13,95,89" hai1="39,111,97,14,23,22,26,107,125,103,38,42,94" hai2="9,44,86,109,34,12,115,10,119,52,74,64,80" hai3="0,49,58,24,57,133,35,31,53,116,50,15,6"/><V11/><F115/><W131/><G131/><T68/><D122/><U92/><E111/><V106/><F119/><W113/><G113/><T78/><D68/><U88/><E125/><V51/><F34/><W96/><G116/><T110/><D110/><U72/><E72/><V63/><F74/><W20/><G133/><T7/><D66/><U36/><E42/><V101/><F101/><W90/><G0/><T121/><D121/><U118/><E118/><V46/><F46/><W18/><G6/><T65/><D65/><U70/><E70/><V123/><F106/><W91/><REACH who="3" step="1"/><G96/><REACH who="3" ten="110,202,474,204" step="2"/><T48/><D7/><U60/><E97/><V71/><F123/><W25/><G25/><T127/><D127/><U17/><E26/><V79/><F109/><W73/><G73/><T4/><D4/><AGARI ba="4,1" hai="4,9,10,11,12,44,51,52,63,64,71,79,80,86" machi="4" ten="30,5800,0" yaku="7,1,52,1,54,1" doraHai="77" who="2" fromWho="0" sc="110,-70,202,0,474,80,204,0" /><INIT seed="2,5,0,0,0,7" ten="40,202,554,204" oya="2" hai0="73,98,131,122,78,21,64,53,19,22,101,77,31" hai1="20,34,80,116,107,109,81,48,33,120,41,60,37" hai2="82,69,14,62,30,50,16,133,71,74,108,25,54" hai3="130,27,17,42,32,111,106,86,76,85,84,110,46"/><V104/><F104/><W121/><G106/><T49/><D122/><U91/><E116/><V29/><F133/><W125/><G121/><T9/><D131/><U35/><E120/><V4/><F4/><W102/><G130/><T1/><D64/><U15/><E109/><N who="3" m="41482" /><G102/><T93/><D73/><U92/><E37/><V11/><F108/><W57/><G125/><T5/><D31/><U72/><E107/><V129/><F129/><W132/><G132/><T2/><D2/><U63/><E72/><V118/><F118/><W127/><G127/><T44/><REACH who="0" step="1"/><D22/><REACH who="0" ten="30,202,554,204" step="2"/><U95/><E34/><V94/><F30/><W99/><G32/><T51/><D51/><U58/><E35/><V113/><F50/><W47/><G76/><T67/><D67/><U115/><E33/><V0/><F0/><W105/><G42/><T43/><D43/><U56/><E115/><V36/><F113/><W75/><G75/><T55/><D55/><N who="1" m="33887" /><E41/><V114/><F114/><W112/><G112/><T18/><D18/><N who="1" m="10335" /><E48/><V8/><F74/><W88/><G17/><T96/><D96/><N who="1" m="57375" /><E95/><V87/><F94/><W13/><G105/><T52/><D52/><AGARI ba="5,1" hai="52,56,63,80,81" m="57375,10335,33887" machi="52" ten="30,2000,0" yaku="8,1,54,1" doraHai="7" who="1" fromWho="0" sc="30,-35,202,45,554,0,204,0" owari="-5,-51.0,247,5.0,554,66.0,204,-20.0" /></mjloggm>