<mjloggm ver="2.3"><GO type="169" lobby="0"/><UN n0="%E5%B0%B1%E6%B4%BB%E7%94%9F%40%E5%B7%9D%E6%9D%91%E8%BB%8D%E5%9B%A3" n1="%E3%81%8A%E3%81%8B%E3%82%82%E3%81%A8" n2="%53%61%6D%6D%61%32" n3="%E3%83%AB%E3%82%BF%E3%82%B9%E3%82%B1" dan="18,18,16,16" rate="2302.42,2164.19,2145.49,2093.31" sx="M,M,M,M"/><TAIKYOKU oya="0"/><INIT seed="0,0,0,2,3,130" ten="250,250,250,250" oya="0" hai0="15,38,64,57,48,17,31,1,99,32,21,135,24" hai1="62,6,125,40,58,63,0,65,60,30,55,20,66" hai2="52,118,112,73,86,28,25,37,53,107,90,39,132" hai3="22,4,123,16,61,35,9,71,111,34,8,120,94"/><T88/><D38/><U56/><E125/><V11/><F107/><W23/><G71/><T68/><D68/><U18/><E30/><V78/><F112/><W44/><G44/><T113/><D113/><U87/><E40/><V5/><F118/><W33/><G61/><T96/><D1/><U59/><E0/><V106/><F106/><W93/><G111/><T91/><D135/><U129/><E129/><V47/><F132/><W46/><G46/><T10/><D32/><U126/><E126/><V121/><F121/><N who="3" m="46667" /><G94/><T119/><D119/><U81/><E6/><V77/><F77/><W69/><G93/><T70/><D70/><U117/><E117/><V79/><F79/><W133/><G69/><T102/><D102/><U95/><E95/><V134/><F134/><W104/><G104/><T75/><D75/><U116/><E116/><V115/><F115/><W92/><G92/><T89/><REACH who="0" step="1"/><D64/><REACH who="0" ten="240,250,250,250" step="2"/><U36/><E36/><V2/><F39/><W128/><G133/><T72/><D72/><U114/><E114/><V42/><F86/><W13/><G128/><T85/><D85/><U67/><E67/><V51/><F37/><W98/><G98/><T14/><D14/><AGARI ba="0,1" hai="4,8,9,13,14,16,22,23,33,34,35" m="46667" machi="14" ten="40,8000,1" yaku="13,1,34,2,54,1" doraHai="130" who="3" fromWho="0" sc="240,-80,250,0,250,0,250,90" /><INIT seed="1,0,0,2,1,32" ten="160,250,250,340" oya="1" hai0="105,37,59,88,90,112,97,84,42,95,46,92,115" hai1="66,69,77,30,126,65,35,51,110,53,127,22,43" hai2="78,39,99,100,23,33,54,29,20,2,21,86,124" hai3="3,87,80,131,10,52,31,67,109,118,102,14,106"/><U4/><E35/><V1/><F39/><W49/><G131/><T129/><D129/><U57/><E77/><V41/><F41/><W24/><G118/><T34/><D34/><U93/><E110/><V45/><F33/><W62/><G109/><T101/><REACH who="0" step="1"/><D59/><REACH who="0" ten="150,250,250,340" step="2"/><U133/><E69/><V64/><F124/><W96/><G62/><T60/><D60/><U79/><E127/><V123/><F123/><W6/><G67/><T7/><D7/><U50/><E126/><V61/><F64/><W15/><G31/><T47/><D47/><N who="1" m="25983" /><E4/><V38/><F61/><W13/><G24/><T85/><AGARI ba="0,1" hai="37,42,46,84,85,88,90,92,95,97,101,105,112,115" machi="85" ten="20,8000,1" yaku="1,1,0,1,7,1,9,1,54,1,53,0" doraHai="32" doraHaiUra="128" who="0" fromWho="0" sc="150,90,250,-40,250,-20,340,-20" /><INIT seed="2,0,0,0,0,79" ten="240,210,230,320" oya="2" hai0="91,108,73,57,95,119,6,116,54,20,129,10,105" hai1="132,86,59,78,43,126,81,15,50,26,3,19,133" hai2="131,118,17,16,68,89,120,122,72,62,35,70,27" hai3="102,117,21,42,23,92,47,33,97,34,46,106,36"/><V56/><F72/><W80/><G117/><T7/><D105/><U107/><E3/><V83/><F118/><N who="0" m="45098" /><D73/><U61/><E107/><V127/><F127/><W1/><G1/><T135/><D108/><U11/><E126/><V99/><F131/><W13/><G106/><T52/><D135/><U55/><E26/><V125/><F125/><W74/><G47/><T32/><D32/><U88/><REACH who="1" step="1"/><E78/><REACH who="1" ten="240,200,230,320" step="2"/><V130/><F130/><W25/><G25/><T8/><D129/><U66/><E66/><V29/><F122/><W100/><G13/><T111/><D111/><U28/><E28/><V124/><F124/><W82/><G34/><T44/><D7/><U77/><E77/><V14/><F120/><W112/><G33/><T123/><D6/><U101/><E101/><V51/><F17/><W93/><G102/><T49/><D123/><U12/><E12/><V4/><F4/><W134/><G100/><T121/><D121/><U63/><E63/><V53/><F62/><W22/><G112/><T65/><D65/><U60/><E60/><V69/><F99/><W67/><G97/><N who="0" m="57599" /><D20/><U2/><E2/><V31/><F31/><W98/><G67/><T40/><D54/><U85/><E85/><V38/><F14/><W0/><G74/><T103/><D103/><U76/><E76/><V128/><F128/><W113/><G113/><T114/><D114/><U24/><E24/><V94/><F16/><W58/><G22/><T87/><D87/><U71/><E71/><V18/><F18/><W84/><G23/><T90/><D90/><U109/><E109/><V30/><F89/><RYUUKYOKU ba="0,1" sc="240,15,200,15,230,-15,320,-15" hai0="8,10,40,44,49,52,57" hai1="11,15,19,43,50,55,59,61,81,86,88,132,133" /><INIT seed="3,1,1,2,3,81" ten="255,215,215,305" oya="3" hai0="37,38,17,33,4,110,9,7,106,80,68,78,98" hai1="28,23,113,54,119,112,74,22,120,93,88,15,43" hai2="111,12,19,96,83,79,86,71,40,55,70,124,114" hai3="101,62,57,109,61,133,3,52,91,87,14,34,125"/><W122/><G122/><T107/><D17/><U116/><E74/><V99/><F114/><N who="1" m="44137" /><E43/><V69/><F40/><W134/><G34/><T132/><D132/><N who="3" m="50793" /><G3/><N who="0" m="159" /><D7/><U121/><E54/><V129/><F124/><W130/><G125/><T2/><D2/><U67/><E67/><V13/><F129/><W30/><G130/><T103/><D107/><U126/><E15/><V25/><F25/><W56/><G30/><T42/><D42/><U21/><E28/><V27/><F27/><W18/><G101/><T105/><D105/><U6/><E6/><V39/><F39/><N who="0" m="14858" /><D110/><U0/><E0/><V128/><F111/><W135/><G109/><T89/><D89/><U102/><E102/><V92/><F128/><W66/><G135/><T90/><D90/><U97/><E126/><V1/><F1/><W115/><G115/><T82/><D82/><U47/><E47/><V35/><F55/><W60/><G18/><T46/><D46/><U108/><E108/><V75/><F35/><W20/><G20/><N who="1" m="5122" /><U11/><DORA hai="64" /><E11/><V8/><F13/><W104/><G104/><T44/><D44/><U53/><E53/><V100/><REACH who="2" step="1"/><F99/><REACH who="2" ten="255,215,205,305" step="2"/><W48/><G14/><T76/><D98/><U58/><E121/><V95/><F95/><AGARI ba="1,2" hai="48,52,56,57,60,61,62,66,87,91,95" m="50793" machi="95" ten="30,5800,0" yaku="20,1,52,1,54,1" doraHai="81,64" who="3" fromWho="2" sc="255,0,215,0,205,-61,305,81" /><INIT seed="3,2,0,5,1,10" ten="255,215,144,386" oya="3" hai0="36,28,133,26,80,18,7,130,61,63,72,120,114" hai1="124,67,98,89,12,66,49,94,27,107,0,33,19" hai2="90,113,97,56,123,64,24,40,16,79,122,62,74" hai3="31,55,22,38,13,128,52,46,8,101,119,43,100"/><W48/><G119/><T21/><D36/><U71/><E0/><V108/><F113/><W127/><G127/><T92/><D120/><N who="2" m="46122" /><F40/><W5/><G128/><T112/><D7/><U116/><E124/><V44/><F44/><W115/><G115/><N who="0" m="44075" /><D133/><U135/><E135/><V60/><F108/><W32/><G32/><T78/><D130/><U106/><E116/><V51/><F79/><W3/><G3/><T86/><D28/><U129/><E129/><V2/><F74/><W93/><G38/><T41/><D41/><U104/><E49/><V65/><F2/><W110/><G110/><T84/><D84/><U53/><E53/><N who="3" m="20554" /><G93/><T125/><D125/><U70/><E27/><AGARI ba="2,0" hai="5,8,13,22,27,31,43,46,48,100,101" m="20554" machi="27" ten="30,5800,0" yaku="8,1,52,1,54,1" doraHai="10" who="3" fromWho="1" sc="255,0,215,-64,144,0,386,64" /><INIT seed="3,3,0,2,2,41" ten="255,151,144,450" oya="3" hai0="35,133,104,50,24,72,28,105,34,61,39,92,10" hai1="57,18,122,63,11,123,8,108,0,54,125,64,120" hai2="5,75,62,27,59,116,132,99,98,96,3,58,130" hai3="9,86,21,71,46,20,65,84,7,119,88,67,52"/><W60/><G119/><T101/><D39/><U14/><E108/><V48/><F116/><W25/><G20/><T22/><D72/><U115/><E115/><V103/><F75/><W40/><G67/><T82/><D82/><U118/><E118/><V31/><F132/><W97/><G97/><T126/><D126/><U85/><E125/><V68/><F130/><W23/><G52/><T17/><D61/><U66/><E0/><V30/><F5/><W53/><G53/><T77/><D77/><U112/><E112/><V47/><F3/><W73/><G73/><T37/><D37/><U1/><E1/><V36/><F36/><W56/><G71/><T100/><D104/><U114/><E114/><V90/><F90/><W44/><G40/><T135/><D105/><U124/><E124/><V19/><F68/><W4/><G21/><T94/><D100/><U91/><REACH who="1" step="1"/><E11/><REACH who="1" ten="255,141,144,450" step="2"/><V29/><F62/><W89/><G9/><T128/><D10/><U78/><E78/><V38/><F103/><W2/><G2/><T80/><D101/><U15/><E15/><V111/><F111/><W55/><G89/><T102/><D102/><U110/><E110/><V74/><F74/><W70/><G84/><T127/><D127/><U87/><E87/><V113/><F113/><W129/><G86/><T109/><D109/><U131/><E131/><V49/><F38/><W32/><G88/><T45/><D128/><U95/><AGARI ba="3,1" hai="8,14,18,54,57,63,64,66,85,91,95,120,122,123" machi="95" ten="30,2000,0" yaku="1,1,0,1,53,0" doraHai="41" doraHaiUra="79" who="1" fromWho="1" sc="255,-8,141,39,144,-8,450,-13" /><INIT seed="4,0,0,3,5,21" ten="247,180,136,437" oya="0" hai0="9,128,36,132,43,40,5,2,28,83,119,79,121" hai1="1,77,103,93,110,65,123,63,113,12,55,14,100" hai2="11,74,25,133,134,18,120,60,98,38,66,125,69" hai3="107,23,34,29,19,50,71,78,92,59,135,27,68"/><T105/><D119/><U3/><E110/><V33/><F120/><W122/><G107/><T64/><D121/><U108/><E108/><V13/><F74/><W99/><G122/><T116/><D105/><U0/><E123/><V72/><F72/><W49/><G78/><T118/><D128/><U24/><E113/><V7/><F38/><W126/><G135/><T56/><D132/><U94/><E77/><V51/><F125/><W47/><G59/><T73/><D28/><U82/><E82/><V117/><F117/><W89/><G50/><T26/><D26/><U124/><E55/><V8/><F51/><W39/><G39/><T17/><D17/><U87/><E124/><V22/><F98/><W53/><G126/><T97/><D43/><U102/><E24/><AGARI ba="0,0" hai="19,23,24,27,29,34,47,49,53,68,71,89,92,99" machi="24" ten="30,3900,0" yaku="7,1,52,2" doraHai="21" who="3" fromWho="1" sc="247,0,180,-39,136,0,437,39" /><INIT seed="5,0,0,4,1,62" ten="247,141,136,476" oya="1" hai0="116,95,15,53,126,112,70,122,36,72,19,84,94" hai1="131,100,21,67,1,111,34,55,45,6,106,107,16" hai2="88,73,108,18,75,32,76,128,96,119,42,89,65" hai3="9,49,2,37,135,50,99,105,60,52,114,35,22"/><U41/><E34/><V63/><F32/><W90/><G35/><T98/><D72/><U43/><E55/><V120/><F119/><W47/><G37/><T20/><D36/><U59/><E131/><V117/><F117/><W80/><G135/><T40/><D70/><U79/><E79/><V10/><F108/><W46/><G60/><T8/><D112/><U4/><E111/><V134/><F120/><W25/><G105/><T87/><D126/><U86/><E86/><V127/><F42/><W30/><G2/><T33/><D33/><U118/><E118/><V57/><F134/><W44/><G9/><T66/><D66/><U82/><E82/><V12/><F128/><W92/><G114/><T17/><D94/><U7/><E1/><V56/><F127/><W123/><G123/><T29/><D29/><U132/><E132/><V85/><F76/><W124/><G124/><T13/><D40/><U58/><E100/><V54/><F96/><W115/><G115/><T5/><D122/><U69/><E69/><V11/><F11/><W0/><G0/><T121/><D121/><U39/><E43/><V28/><F28/><W68/><G68/><T101/><D116/><U3/><E3/><V83/><F89/><W91/><G52/><T77/><D77/><U81/><E81/><V110/><F110/><W104/><G80/><T129/><D129/><U102/><E67/><V130/><F130/><W71/><G71/><T64/><D64/><U14/><REACH who="1" step="1"/><E107/><REACH who="1" ten="247,131,136,476" step="2"/><V24/><F75/><W93/><G104/><T61/><D53/><U113/><E113/><V27/><F73/><RYUUKYOKU ba="0,1" sc="247,-30,131,10,136,10,476,10" hai1="4,6,7,14,16,21,39,41,45,58,59,102,106" hai2="10,12,18,24,27,54,56,57,63,65,83,85,88" hai3="22,25,30,44,46,47,49,50,90,91,92,93,99" /><INIT seed="5,1,1,5,4,2" ten="217,141,146,486" oya="1" hai0="115,17,47,56,13,62,3,31,118,64,112,84,11" hai1="9,127,88,55,97,121,90,79,102,35,40,132,38" hai2="22,15,91,30,130,37,45,109,99,0,1,51,34" hai3="66,58,114,126,39,125,4,41,135,57,94,18,120"/><U68/><E121/><V72/><F72/><W82/><G114/><N who="0" m="43563" /><D118/><U59/><E35/><V16/><F37/><W60/><G58/><T5/><D31/><U89/><E68/><V104/><F109/><W87/><G94/><T80/><D47/><U25/><E132/><V23/><F34/><W77/><G4/><T93/><D93/><U76/><E127/><V7/><F104/><W110/><G41/><T27/><D27/><U29/><E9/><V105/><F105/><W14/><G39/><T73/><D73/><U50/><E40/><V74/><F74/><W70/><G110/><T65/><D65/><U81/><E38/><V24/><F130/><W103/><G103/><T113/><D113/><U123/><E123/><V49/><F51/><W12/><G12/><T134/><D134/><U28/><E81/><V8/><F91/><W26/><G26/><T106/><D106/><U86/><E86/><V107/><F99/><W43/><G120/><T54/><D64/><U36/><E36/><V33/><F107/><W131/><G135/><T100/><D100/><U129/><E129/><V111/><F111/><W122/><G131/><T21/><D84/><U98/><E98/><V46/><F46/><W92/><G122/><T75/><D75/><U128/><E128/><V44/><F44/><W71/><G70/><T83/><AGARI ba="1,1" hai="3,5,11,13,17,21,54,56,62,80,83" m="43563" machi="83" ten="30,2000,0" yaku="15,1,52,1" doraHai="2" who="0" fromWho="0" sc="217,33,141,-11,146,-6,486,-6" /><INIT seed="6,0,0,3,5,121" ten="250,130,140,480" oya="2" hai0="0,55,99,123,95,3,74,1,53,32,11,16,33" hai1="118,23,63,78,37,49,67,58,80,105,44,25,106" hai2="43,93,100,26,62,15,107,122,56,89,46,5,14" hai3="134,115,68,41,42,24,126,39,36,20,85,132,131"/><V79/><F122/><W114/><G68/><T40/><D74/><U60/><E37/><N who="3" m="14410" /><G85/><T64/><D64/><U119/><E63/><V109/><F79/><W124/><G20/><T103/><D40/><N who="3" m="15465" /><G24/><T133/><D133/><N who="3" m="51305" /><G131/><T29/><D29/><U7/><E7/><V104/><F26/><W48/><G48/><T127/><D127/><AGARI ba="0,0" hai="114,115,124,126,127" m="51305,15465,14410" machi="127" ten="40,12000,2" yaku="28,2,18,1,20,1,34,2" doraHai="121" who="3" fromWho="0" sc="250,-120,130,0,140,0,480,120" /><INIT seed="7,0,0,0,4,114" ten="130,130,140,600" oya="3" hai0="125,66,95,27,135,8,28,43,52,74,111,33,11" hai1="0,39,134,115,131,82,26,57,35,87,15,102,80" hai2="104,81,47,96,25,91,133,116,101,132,113,29,21" hai3="40,1,12,127,119,44,30,126,36,63,93,108,18"/><W13/><G1/><T128/><D111/><U19/><E0/><V122/><F116/><W106/><G119/><T124/><D74/><U72/><E39/><V85/><F122/><W24/><G106/><T22/><D135/><N who="2" m="51786" /><F47/><W34/><G108/><T121/><D121/><U110/><E110/><V97/><F96/><W71/><G93/><T75/><D75/><U94/><E134/><V99/><F99/><W79/><G79/><T55/><D66/><U37/><E37/><V76/><F113/><W49/><G36/><T77/><D33/><U41/><E115/><V46/><F46/><W7/><G7/><T6/><D43/><U61/><E131/><V112/><F112/><W83/><G83/><T56/><D77/><AGARI ba="0,0" hai="21,25,29,76,77,81,85,91,97,101,104" m="51786" machi="77" ten="30,1000,0" yaku="20,1" doraHai="114" who="2" fromWho="0" sc="130,-10,130,0,140,10,600,0" owari="120,-38.0,130,-27.0,150,-5.0,600,70.0" /></mjloggm>