<mjloggm ver="2.3"><GO type="169" lobby="0"/><UN n0="%E3%82%A6%E3%83%AB%E3%83%88%E3%83%A9%E7%AB%8B%E7%9B%B4" n1="%E8%B5%A4%E9%98%AA%E9%83%81%E4%B9%83" n2="%E7%A2%BA%E8%AA%8D%E4%BA%8B%E9%A0%85" n3="%E5%80%89%E6%A9%8B%EF%BC%A0%E4%BA%8B%E5%8B%99" dan="17,16,18,17" rate="2198.11,2017.31,2204.92,2151.48" sx="M,F,M,M"/><TAIKYOKU oya="0"/><INIT seed="0,0,0,5,1,21" ten="250,250,250,250" oya="0" hai0="63,81,67,35,50,58,73,100,77,102,129,92,24" hai1="90,70,62,109,121,84,1,93,87,133,64,126,75" hai2="28,38,11,30,112,26,113,101,19,16,117,33,83" hai3="47,131,15,23,115,82,39,127,0,36,79,55,56"/><T34/><D129/><U103/><E75/><V13/><F38/><W14/><G115/><N who="2" m="44105" /><F83/><W57/><G0/><T96/><D102/><U119/><E119/><V31/><F101/><W80/><G131/><T65/><D65/><U9/><E109/><V116/><F19/><W7/><G79/><T66/><D66/><U125/><E121/><V41/><F41/><W110/><G47/><T51/><REACH who="0" step="1"/><D35/><REACH who="0" ten="240,250,250,250" step="2"/><U4/><E103/><V74/><F74/><W72/><G72/><T48/><D48/><U32/><E32/><V49/><F49/><W76/><G39/><T59/><D59/><U6/><E64/><V69/><F69/><W130/><G56/><T37/><D37/><U135/><E70/><V111/><F111/><W132/><G57/><T122/><D122/><U134/><E62/><V68/><F68/><W91/><G36/><T99/><D99/><U88/><REACH who="1" step="1"/><E4/><REACH who="1" ten="240,240,250,250" step="2"/><V120/><F120/><W45/><G7/><T94/><D94/><AGARI ba="0,2" hai="1,6,9,84,87,88,90,93,94,125,126,133,134,135" machi="94" ten="40,8000,1" yaku="1,1,2,1,9,1,20,1,54,1,53,0" doraHai="21" doraHaiUra="12" who="1" fromWho="0" sc="240,-80,240,100,250,0,250,0" /><INIT seed="1,0,0,3,4,44" ten="160,340,250,250" oya="1" hai0="57,13,54,133,61,104,78,2,9,103,64,56,109" hai1="115,12,47,55,83,73,28,74,130,52,4,24,116" hai2="46,84,125,32,123,107,3,119,18,51,98,100,95" hai3="62,122,92,29,124,7,120,93,129,65,23,63,20"/><U35/><E115/><V30/><F123/><W37/><G37/><T15/><D109/><U121/><E121/><V49/><F119/><W39/><G39/><T16/><D133/><U33/><E116/><V71/><F3/><W26/><G7/><T89/><D2/><U14/><E130/><V111/><F111/><W97/><G129/><T108/><D108/><U38/><E35/><V11/><F71/><W82/><G124/><T106/><D78/><U77/><E4/><V88/><F125/><W110/><G110/><T31/><D103/><U86/><E38/><V90/><F46/><W118/><G118/><T19/><D89/><U75/><REACH who="1" step="1"/><E55/><REACH who="1" ten="160,330,250,250" step="2"/><V0/><F0/><W5/><G5/><T34/><D34/><U80/><E80/><V58/><F32/><W72/><G82/><T17/><D31/><U135/><E135/><V76/><F30/><W105/><G29/><T25/><D25/><U10/><E10/><V6/><F11/><W99/><G122/><T94/><D19/><U40/><E40/><V113/><F18/><W102/><G26/><T68/><D17/><U43/><E43/><V48/><F6/><W59/><G120/><T27/><D27/><U126/><E126/><V85/><F113/><W131/><G131/><T112/><D112/><U60/><E60/><V67/><F67/><W53/><G63/><T101/><D54/><U128/><E128/><V69/><F69/><W22/><G53/><T36/><D68/><U132/><E132/><V127/><F127/><W114/><G114/><T96/><D64/><U21/><E21/><V70/><F70/><RYUUKYOKU ba="0,1" sc="160,-10,330,30,250,-10,250,-10" hai1="12,14,24,28,33,47,52,73,74,75,77,83,86" /><INIT seed="1,1,1,3,3,37" ten="150,360,240,240" oya="1" hai0="103,117,36,41,58,110,18,30,40,6,131,122,0" hai1="75,62,47,86,87,19,105,13,135,7,128,116,74" hai2="10,28,23,67,118,89,27,24,50,95,70,126,88" hai3="64,21,44,8,71,2,132,91,134,55,60,39,16"/><U72/><E116/><V115/><F118/><W100/><G100/><T25/><D117/><U76/><E105/><V102/><F126/><W101/><G101/><T92/><D36/><U73/><E128/><V106/><F115/><W17/><G91/><T51/><D131/><U49/><E7/><V45/><F106/><W83/><G83/><T33/><D110/><U12/><E62/><V99/><F10/><W123/><G123/><T108/><D108/><U34/><E34/><V20/><F67/><W48/><G39/><T98/><D122/><U69/><E69/><V53/><REACH who="2" step="1"/><F70/><REACH who="2" ten="150,360,230,240" step="2"/><W52/><G2/><T112/><D112/><U124/><E124/><V42/><F42/><W68/><G68/><T111/><D111/><U66/><E66/><V4/><F4/><W26/><REACH who="3" step="1"/><G55/><REACH who="3" ten="150,360,230,230" step="2"/><T82/><D0/><U9/><E135/><V121/><F121/><W119/><G119/><T11/><D41/><U85/><E76/><V65/><F65/><W54/><G54/><T114/><D40/><U15/><REACH who="1" step="1"/><E72/><REACH who="1" ten="150,350,230,230" step="2"/><V94/><F94/><W133/><G133/><T1/><D114/><U78/><E78/><V29/><AGARI ba="1,4" hai="20,23,24,27,28,29,45,50,53,88,89,95,99,102" machi="29" ten="20,12000,2" yaku="1,1,0,1,7,1,9,1,8,1,54,1,53,0" doraHai="37" doraHaiUra="127" who="2" fromWho="2" sc="150,-31,350,-61,230,163,230,-31" /><INIT seed="2,0,0,1,5,134" ten="119,289,393,199" oya="2" hai0="10,82,48,90,41,38,15,21,133,105,114,73,67" hai1="72,3,29,46,44,36,116,92,130,101,95,23,43" hai2="120,49,45,124,58,8,26,84,98,14,127,85,13" hai3="66,109,35,34,50,99,25,19,135,59,106,112,53"/><V78/><F120/><W1/><G1/><T20/><D114/><U123/><E116/><V110/><F110/><W0/><G0/><T54/><D105/><U128/><E72/><V27/><F58/><W103/><G109/><T56/><D133/><U65/><E3/><V6/><F98/><W64/><G135/><T22/><D67/><U60/><E123/><V104/><F104/><W39/><G39/><T7/><D38/><U17/><E29/><V24/><F14/><W122/><G122/><T69/><D69/><N who="1" m="42151" /><E46/><V51/><F51/><W121/><G121/><T97/><D73/><U12/><E101/><V115/><F115/><W9/><G112/><T32/><D32/><U42/><E42/><N who="2" m="24759" /><F84/><W86/><G86/><T4/><D41/><U61/><E61/><V16/><F16/><W11/><G35/><T62/><D62/><U2/><E2/><V89/><F89/><W113/><G113/><T100/><D100/><U47/><E47/><V79/><F79/><W76/><G76/><T81/><REACH who="0" step="1"/><D4/><REACH who="0" ten="109,289,393,199" step="2"/><U88/><E43/><V18/><F18/><W40/><G40/><T94/><AGARI ba="0,1" hai="7,10,15,20,21,22,48,54,56,81,82,90,94,97" machi="94" ten="30,7900,0" yaku="1,1,2,1,0,1,8,1,53,0" doraHai="134" doraHaiUra="71" who="0" fromWho="0" sc="109,89,289,-20,393,-39,199,-20" /><INIT seed="3,0,0,5,5,28" ten="198,269,354,179" oya="3" hai0="112,47,33,4,14,130,109,30,96,124,43,71,16" hai1="72,135,132,44,7,58,8,40,92,62,114,66,94" hai2="55,88,123,52,99,126,77,23,57,19,10,122,110" hai3="22,116,9,38,115,73,18,121,93,53,36,29,5"/><W67/><G115/><T65/><D112/><U12/><E72/><V49/><F110/><W17/><G116/><T134/><D109/><U133/><REACH who="1" step="1"/><E114/><REACH who="1" ten="198,259,354,179" step="2"/><V86/><F123/><W89/><G73/><T113/><D113/><U91/><E91/><V111/><F88/><W81/><G121/><T42/><D130/><U2/><E2/><V25/><F122/><W103/><G103/><T83/><D124/><U79/><E79/><V128/><F77/><W63/><G89/><T1/><D1/><U27/><E27/><V75/><F25/><W54/><G81/><T97/><D83/><U101/><E101/><V61/><F75/><W131/><G131/><T90/><D90/><U64/><E64/><V102/><F128/><W26/><G67/><T51/><D65/><U20/><E20/><V98/><F23/><W100/><G100/><T117/><D97/><U6/><E6/><V69/><F99/><W84/><G22/><T74/><D4/><U11/><E11/><V3/><F10/><W46/><G5/><T50/><D74/><U45/><E45/><V48/><F102/><W13/><G9/><T60/><D47/><U37/><AGARI ba="0,1" hai="7,8,12,37,40,44,58,62,66,92,94,132,133,135" machi="37" ten="30,12000,2" yaku="1,1,0,1,20,1,53,3" doraHai="28" doraHaiUra="129" who="1" fromWho="1" sc="198,-30,259,130,354,-30,179,-60" /><INIT seed="4,0,0,1,4,16" ten="168,389,324,119" oya="0" hai0="13,48,90,1,109,55,68,45,5,77,97,110,19" hai1="41,46,26,18,121,3,103,86,104,14,32,83,131" hai2="115,24,85,89,31,25,11,56,67,124,112,61,94" hai3="113,63,106,71,114,134,95,38,42,118,2,74,22"/><T125/><D68/><U7/><E121/><V47/><F124/><W123/><RYUUKYOKU type="yao9" ba="0,0" sc="168,0,389,0,324,0,119,0" hai3="2,22,38,42,63,71,74,95,106,113,114,118,123,134" /><INIT seed="4,1,0,5,2,43" ten="168,389,324,119" oya="0" hai0="111,87,131,86,94,76,9,78,105,0,109,67,108" hai1="81,65,68,30,57,62,121,8,38,56,124,133,95" hai2="59,31,132,106,77,101,96,128,103,64,23,75,92" hai3="53,42,4,107,1,66,21,113,52,5,28,49,16"/><T2/><D9/><U122/><E38/><V20/><F132/><W54/><G107/><T15/><D15/><U119/><E30/><V134/><F134/><W97/><G1/><N who="0" m="619" /><D105/><U98/><E8/><V118/><F31/><W90/><G28/><T71/><D94/><U104/><E104/><V36/><F92/><N who="3" m="56471" /><G66/><T79/><D131/><U83/><E133/><V3/><F59/><W50/><G113/><T102/><D102/><U14/><E14/><V89/><F23/><W73/><G73/><T117/><D117/><U74/><E74/><V135/><F77/><W60/><G60/><AGARI ba="1,0" hai="60,67,71,76,78,79,86,87,108,109,111" m="619" machi="60" ten="40,2000,0" yaku="10,1" doraHai="43" who="0" fromWho="3" sc="168,23,389,0,324,0,119,-23" /><INIT seed="4,2,0,0,0,95" ten="191,389,324,96" oya="0" hai0="128,18,133,83,20,99,21,98,88,24,103,80,4" hai1="49,58,22,30,45,120,132,77,81,61,72,52,33" hai2="40,121,89,54,73,131,119,102,1,14,2,35,125" hai3="84,47,34,135,0,8,23,117,92,106,134,126,111"/><T55/><D128/><U68/><E132/><V17/><F73/><W112/><G34/><T118/><D118/><U37/><E120/><V96/><F121/><W127/><G117/><T71/><D71/><U25/><E68/><V115/><F119/><W74/><G74/><T105/><D133/><N who="3" m="50697" /><G106/><T60/><D4/><U67/><E37/><V39/><F89/><N who="3" m="53287" /><G111/><T43/><D43/><U79/><E79/><V93/><F54/><W31/><G47/><T41/><D41/><U50/><REACH who="1" step="1"/><E49/><REACH who="1" ten="191,379,324,96" step="2"/><V26/><F39/><W94/><G126/><T27/><D60/><U6/><E6/><V130/><F125/><W9/><G127/><T11/><D11/><U100/><E100/><V108/><F102/><W46/><G112/><T15/><D103/><U51/><E51/><V13/><F115/><W38/><G9/><T114/><D114/><U59/><E59/><V76/><F76/><W62/><G8/><T57/><D57/><U42/><E42/><V82/><F40/><W75/><G38/><T116/><D116/><U113/><E113/><V5/><F5/><W122/><G122/><T66/><D88/><U63/><E63/><V64/><F131/><W90/><G46/><T101/><D101/><U7/><E7/><V70/><F130/><W123/><G62/><T10/><D105/><U65/><E65/><V12/><F64/><W124/><G124/><T36/><D66/><U16/><E16/><V32/><F17/><W109/><G123/><T44/><D36/><U129/><E129/><V69/><F70/><W78/><G78/><T110/><D10/><U3/><E3/><RYUUKYOKU ba="2,1" sc="191,-10,379,30,324,-10,96,-10" hai1="22,25,30,33,45,50,52,58,61,67,72,77,81" /><INIT seed="5,3,1,1,4,80" ten="181,409,314,86" oya="1" hai0="20,39,74,1,129,115,57,67,29,68,36,46,102" hai1="84,120,5,130,78,123,62,53,107,71,88,19,8" hai2="82,59,111,6,38,118,110,85,7,13,47,55,112" hai3="73,105,27,98,26,83,31,87,104,16,66,17,23"/><U81/><E107/><V100/><F118/><W22/><G73/><T0/><D57/><U132/><E130/><V121/><F121/><W43/><G66/><T28/><D20/><U14/><E132/><V50/><F112/><W103/><G43/><T58/><D58/><U40/><E40/><V52/><F100/><W42/><G42/><T33/><D46/><U122/><E53/><V4/><F38/><W119/><G119/><T35/><D102/><U65/><REACH who="1" step="1"/><E78/><REACH who="1" ten="181,399,314,86" step="2"/><N who="2" m="46295" /><F111/><W54/><G54/><T61/><D129/><U90/><E90/><V91/><F110/><W117/><G117/><T63/><D67/><U64/><E64/><V133/><F133/><W113/><G113/><T69/><D115/><U99/><E99/><V41/><F41/><W109/><G109/><T12/><D39/><U60/><E60/><N who="2" m="35943" /><F91/><W116/><G116/><T45/><D36/><U49/><E49/><V32/><F32/><W114/><G114/><T44/><D63/><U70/><E70/><V108/><F108/><W51/><G51/><T131/><D61/><U92/><E92/><V93/><F93/><W72/><G105/><T125/><D131/><U75/><E75/><V79/><F79/><N who="3" m="46591" /><G72/><T25/><D74/><U89/><E89/><V101/><F101/><W56/><G56/><T3/><D69/><U86/><E86/><V94/><F94/><W15/><G104/><T124/><D68/><U2/><E2/><V97/><F97/><W128/><G128/><T18/><D45/><U48/><E48/><V30/><F50/><W24/><G98/><T135/><D44/><U77/><E77/><RYUUKYOKU ba="3,2" sc="181,-10,399,30,314,-10,86,-10" hai1="5,8,14,19,62,65,71,81,84,88,120,122,123" /><INIT seed="5,4,2,0,3,122" ten="171,429,304,76" oya="1" hai0="95,8,88,44,119,11,1,62,116,64,35,131,29" hai1="63,74,54,123,17,121,20,87,33,102,49,40,134" hai2="85,68,12,125,127,82,84,111,57,128,31,41,0" hai3="7,51,66,100,133,109,104,91,53,130,107,25,81"/><U30/><E74/><V38/><F68/><W4/><G66/><T23/><D35/><U94/><E40/><V24/><F0/><W45/><G130/><T22/><D131/><U97/><E63/><V93/><F128/><W52/><G133/><T126/><D126/><N who="2" m="48138" /><F111/><W5/><G109/><T86/><D1/><U36/><E36/><V118/><F118/><W78/><G100/><T65/><D29/><U103/><E134/><V55/><F12/><W79/><G91/><T101/><D101/><U3/><E3/><V89/><F41/><W112/><G112/><T132/><D132/><U32/><E32/><N who="2" m="20583" /><F38/><W106/><G25/><T34/><D34/><U59/><E33/><V21/><F21/><W26/><G26/><T69/><D69/><U50/><E30/><V96/><F82/><W124/><G124/><T71/><D71/><U48/><E121/><V67/><F67/><W13/><G13/><T117/><D65/><U18/><E123/><V76/><F76/><W72/><REACH who="3" step="1"/><G79/><REACH who="3" ten="171,429,304,66" step="2"/><T113/><D88/><N who="1" m="53535" /><E103/><V56/><F89/><W120/><G120/><T73/><D113/><U75/><E102/><V16/><F93/><W114/><G114/><T115/><D115/><U92/><E92/><V61/><F96/><W83/><G83/><T10/><D95/><U46/><E97/><V108/><F108/><W37/><G37/><T58/><D117/><U6/><E75/><V60/><F85/><W77/><G77/><T99/><D73/><U42/><E42/><AGARI ba="4,3" hai="4,5,7,42,45,51,52,53,72,78,81,104,106,107" machi="42" ten="50,3200,0" yaku="1,1,54,1,53,0" doraHai="122" doraHaiUra="15" who="3" fromWho="1" sc="171,0,429,-44,304,0,66,74" /><INIT seed="6,0,0,3,1,63" ten="171,385,304,140" oya="2" hai0="91,3,118,131,38,133,127,51,98,102,94,41,46" hai1="78,97,36,15,115,135,52,76,10,57,109,128,11" hai2="116,54,88,29,86,108,28,122,2,14,13,37,5" hai3="0,117,48,58,67,124,130,55,71,70,4,33,53"/><V43/><F116/><W16/><G33/><T129/><D3/><U103/><E109/><V80/><F122/><W8/><G117/><T106/><D118/><U66/><E36/><V44/><F108/><W18/><G130/><N who="0" m="49675" /><D127/><U9/><E128/><V96/><F2/><W119/><G119/><T107/><D133/><U89/><E135/><V84/><F96/><W85/><G124/><T31/><D31/><U73/><E73/><V74/><F74/><W39/><G39/><T111/><D111/><U82/><E115/><V61/><F14/><W21/><G85/><N who="0" m="52591" /><D51/><N who="1" m="30879" /><E103/><V6/><F6/><W49/><G67/><T20/><D20/><U72/><E66/><V123/><F123/><W95/><G95/><AGARI ba="0,0" hai="38,41,46,95,98,102,106,107" m="52591,49675" machi="95" ten="30,1000,0" yaku="19,1" doraHai="63" who="0" fromWho="3" sc="171,10,385,0,304,0,140,-10" /><INIT seed="7,0,0,0,1,36" ten="181,385,304,130" oya="3" hai0="15,107,62,6,135,30,83,42,78,33,82,2,16" hai1="31,112,115,116,100,90,49,51,66,130,72,39,34" hai2="102,8,81,23,109,46,20,88,35,120,7,93,47" hai3="128,50,32,132,65,117,25,123,26,55,41,5,27"/><W79/><G117/><T40/><D107/><U105/><E39/><V17/><F109/><W58/><G123/><T92/><D135/><U21/><E34/><V131/><F35/><W68/><G132/><T56/><D2/><U3/><E3/><V1/><F131/><W9/><G128/><T103/><D30/><U119/><E72/><V59/><F102/><W111/><G111/><T14/><D6/><U37/><E37/><V13/><F81/><N who="0" m="30730" /><D78/><U118/><E130/><V29/><F59/><W85/><G32/><T113/><D33/><U122/><E122/><V125/><F125/><W53/><G53/><N who="0" m="34063" /><D113/><U108/><E108/><V61/><F61/><W28/><G28/><T12/><D16/><U80/><E66/><V71/><F71/><W45/><G68/><T57/><D57/><U84/><E100/><V64/><F64/><W96/><G65/><T73/><D73/><U63/><E63/><V48/><F48/><N who="1" m="18505" /><E105/><V89/><F1/><W70/><G70/><T4/><D4/><U133/><E133/><V44/><F44/><W87/><G79/><T101/><D101/><U60/><E60/><V99/><F47/><W124/><G124/><T97/><AGARI ba="0,0" hai="12,14,15,40,42,92,97,103" m="34063,30730" machi="97" ten="30,4000,0" yaku="8,1,52,2" doraHai="36" who="0" fromWho="0" sc="181,40,385,-10,304,-10,130,-20" owari="221,-18.0,375,48.0,294,9.0,110,-39.0" /></mjloggm>