<mjloggm ver="2.3"><GO type="169" lobby="0"/><UN n0="%60%E3%83%BB%CF%89%E3%83%BB%29%79%2D%7E" n1="%E3%82%A6%E3%83%AB%E3%83%88%E3%83%A9%E7%AB%8B%E7%9B%B4" n2="%E3%81%9C%E3%82%8D%E3%82%81%E3%81%90" n3="%69%73%69%79%61%6B%69" dan="16,18,17,16" rate="2116.83,2276.24,2156.76,2043.53" sx="M,M,F,M"/><TAIKYOKU oya="0"/><INIT seed="0,0,0,0,1,49" ten="250,250,250,250" oya="0" hai0="31,106,134,105,75,40,4,114,135,89,36,44,27" hai1="62,124,37,41,39,119,57,125,130,33,12,84,70" hai2="60,118,1,22,53,104,34,92,61,55,10,83,81" hai3="58,97,111,35,129,96,13,45,6,85,21,79,88"/><T2/><D114/><U95/><E33/><V30/><F104/><N who="0" m="40042" /><D75/><U117/><E84/><V123/><F34/><W48/><G35/><N who="0" m="20991" /><D89/><U0/><E0/><V131/><F123/><W18/><G111/><T103/><D103/><U93/><E12/><V59/><F118/><N who="1" m="45065" /><E95/><V66/><F131/><W128/><G79/><T76/><D76/><U102/><E93/><V52/><F60/><W127/><G127/><N who="1" m="48714" /><E102/><V73/><F73/><W69/><G6/><T115/><D115/><U32/><E32/><V112/><F112/><W9/><G13/><T80/><D80/><N who="2" m="30794" /><F1/><W86/><G128/><T7/><D7/><U68/><E130/><V28/><F10/><AGARI ba="0,0" hai="2,4,10,36,40,44,134,135" m="20991,40042" machi="10" ten="30,1500,0" yaku="23,1" doraHai="49" who="0" fromWho="2" sc="250,15,250,0,250,-15,250,0" /><INIT seed="0,1,0,5,4,38" ten="265,250,235,250" oya="0" hai0="57,30,24,14,27,60,42,0,13,48,126,62,82" hai1="39,95,117,50,79,78,107,71,100,99,1,4,84" hai2="23,6,54,128,129,127,34,106,47,32,125,121,83" hai3="11,20,55,63,86,113,10,33,22,87,21,94,130"/><T123/><D123/><U31/><E39/><V80/><F106/><W104/><G33/><N who="2" m="12905" /><F6/><W41/><G104/><T103/><D0/><U16/><E71/><V37/><F23/><W56/><G113/><T91/><D126/><N who="2" m="48138" /><F121/><W98/><G130/><N who="2" m="50281" /><F54/><W68/><G68/><T135/><D27/><U124/><E4/><V85/><F85/><W15/><G41/><AGARI ba="1,0" hai="37,41,47,80,83" m="50281,48138,12905" machi="41" ten="40,5200,0" yaku="18,1,19,1,52,1" doraHai="38" who="2" fromWho="3" sc="265,0,250,0,235,55,250,-55" /><INIT seed="1,0,0,5,2,0" ten="265,250,290,195" oya="1" hai0="44,114,103,39,131,42,29,20,87,89,2,129,54" hai1="46,60,52,18,41,40,124,117,67,112,19,113,28" hai2="121,30,13,119,11,133,1,127,94,79,43,5,16" hai3="108,70,126,25,105,26,62,10,111,134,6,93,97"/><U14/><E117/><V100/><F119/><W12/><G105/><T90/><D114/><U51/><E124/><V128/><F121/><W85/><G134/><T33/><D33/><U64/><E28/><V37/><F127/><W68/><G126/><T91/><D2/><U8/><E67/><V36/><F133/><W102/><G85/><T71/><D71/><N who="3" m="27177" /><G62/><T72/><D72/><U63/><E63/><V110/><F128/><N who="0" m="49226" /><D103/><U116/><E116/><V86/><F30/><W115/><G115/><T55/><D87/><U73/><E73/><V21/><F43/><W57/><G57/><T65/><D65/><U125/><E125/><V58/><F58/><W59/><G59/><T45/><D45/><U135/><E135/><V109/><F100/><W74/><G74/><T76/><D76/><U23/><E112/><V24/><F1/><W56/><G56/><T17/><D29/><U77/><E77/><V69/><F69/><W9/><G9/><T106/><D106/><U96/><E113/><V3/><F3/><W104/><G104/><T50/><D39/><U88/><E60/><V118/><F118/><W101/><G101/><T122/><D122/><U48/><E48/><V120/><F120/><W95/><G95/><T82/><D82/><U75/><E75/><V27/><F94/><W47/><G47/><T31/><D31/><U84/><E64/><V49/><F49/><W81/><G81/><T32/><D32/><U130/><E130/><V22/><F79/><W15/><G15/><AGARI ba="0,0" hai="15,17,20,42,44,50,54,55,89,90,91" m="49226" machi="15" ten="30,1000,0" yaku="19,1" doraHai="0" who="0" fromWho="3" sc="265,10,250,0,290,0,195,-10" /><INIT seed="2,0,0,5,3,2" ten="275,250,290,185" oya="2" hai0="14,106,121,118,100,57,122,28,103,89,31,99,3" hai1="88,127,96,55,26,6,61,24,58,22,81,52,65" hai2="68,71,67,132,119,102,18,72,10,49,1,59,21" hai3="128,86,109,73,23,35,94,4,69,53,110,45,50"/><V75/><F119/><W12/><G35/><T124/><D3/><U83/><E127/><V54/><F132/><W78/><G73/><T20/><D124/><U48/><E24/><V44/><F102/><W32/><G32/><T34/><D118/><U64/><E6/><V33/><F33/><W120/><G120/><T11/><D34/><U93/><E65/><V91/><F71/><W42/><G69/><T131/><D131/><U105/><E105/><V15/><F68/><W5/><G128/><T62/><D103/><U40/><E40/><V92/><F67/><W101/><G101/><T8/><D89/><U27/><E27/><V85/><F44/><W0/><G0/><T46/><D46/><N who="1" m="27671" /><E64/><V98/><F98/><W95/><G42/><T117/><D117/><U47/><E47/><V111/><F111/><N who="3" m="42507" /><G23/><T113/><D113/><U16/><AGARI ba="0,0" hai="16,22,26,55,58,61,81,83,88,93,96" m="27671" machi="16" ten="30,8000,1" yaku="25,1,8,1,54,3" doraHai="2" who="1" fromWho="1" sc="275,-20,250,80,290,-40,185,-20" /><INIT seed="3,0,0,4,5,119" ten="255,330,250,165" oya="3" hai0="110,79,58,40,23,113,84,130,107,8,127,39,89" hai1="102,74,3,97,93,13,111,44,19,51,72,46,117" hai2="101,88,4,67,120,61,134,47,125,14,71,31,116" hai3="112,69,18,80,50,92,5,105,27,10,63,103,87"/><W16/><G112/><T66/><D113/><U36/><E3/><V0/><F0/><W106/><G105/><T7/><D107/><U133/><E111/><V64/><F116/><W65/><G106/><T28/><D110/><U45/><E117/><V68/><F125/><W99/><G50/><T109/><D109/><U75/><E36/><V76/><F101/><W57/><G69/><T49/><D39/><U90/><E133/><V77/><F134/><W135/><G135/><T98/><D127/><U22/><REACH who="1" step="1"/><E102/><REACH who="1" ten="255,320,250,165" step="2"/><V123/><F31/><W118/><G118/><T55/><D28/><U122/><E122/><N who="2" m="46635" /><F47/><W86/><G27/><T53/><D130/><U81/><E81/><V132/><F132/><W115/><G115/><T42/><D42/><AGARI ba="0,1" hai="13,19,22,42,44,45,46,51,72,74,75,90,93,97" machi="42" ten="40,2600,0" yaku="1,1,53,1" doraHai="119" doraHaiUra="37" who="1" fromWho="0" sc="255,-26,320,36,250,0,165,0" /><INIT seed="4,0,0,4,2,61" ten="229,356,250,165" oya="0" hai0="22,100,63,62,10,2,64,13,91,12,115,129,43" hai1="59,41,1,56,16,81,26,47,76,106,116,101,103" hai2="69,40,126,82,7,110,17,123,20,27,104,66,98" hai3="108,25,114,124,127,107,21,99,34,112,3,65,120"/><T74/><D115/><N who="3" m="44073" /><G108/><T80/><D129/><U30/><E1/><V39/><F110/><W72/><G72/><T68/><D100/><U109/><E109/><V125/><F123/><W92/><G107/><T54/><D43/><U71/><E71/><V46/><F7/><W89/><G3/><T67/><D54/><U31/><E116/><V90/><F104/><W32/><G120/><T113/><D113/><U134/><E134/><V18/><F18/><N who="3" m="12471" /><G65/><N who="0" m="25163" /><D68/><U49/><E101/><V130/><F130/><W50/><G50/><T97/><D74/><U87/><E103/><V38/><F38/><W75/><G75/><T55/><D2/><U44/><E106/><V48/><F39/><W42/><G42/><T132/><D132/><U117/><E117/><V8/><F66/><W33/><AGARI ba="0,0" hai="32,33,34,89,92,99,124,127" m="12471,44073" machi="33" ten="40,1500,0" yaku="15,1" doraHai="61" who="3" fromWho="3" sc="229,-7,356,-4,250,-4,165,15" /><INIT seed="5,0,0,4,0,14" ten="222,352,246,180" oya="1" hai0="97,126,85,72,115,49,16,33,38,46,132,64,60" hai1="56,96,39,17,40,100,48,130,120,5,23,13,124" hai2="21,68,47,127,111,20,113,24,112,26,28,105,80" hai3="65,44,73,70,22,55,32,94,125,92,74,106,79"/><U29/><E120/><V82/><F111/><W119/><G106/><T114/><D72/><U116/><E116/><V108/><F108/><W75/><G32/><T12/><D126/><U88/><E130/><V98/><F68/><W99/><G125/><T134/><D33/><U102/><E124/><V54/><F127/><W10/><G79/><T45/><D85/><U104/><E39/><V36/><F36/><W2/><G119/><T62/><D97/><U57/><E29/><V109/><F109/><W34/><G34/><T9/><D38/><U89/><E5/><V53/><F80/><W118/><G118/><T103/><D103/><N who="1" m="39467" /><E104/><V71/><F71/><W131/><G99/><T90/><D90/><N who="1" m="34923" /><E96/><V122/><F122/><W11/><G74/><T129/><D129/><U61/><E61/><N who="0" m="23657" /><D64/><U107/><E107/><V66/><F66/><W37/><G65/><T91/><D91/><U69/><E69/><V133/><F98/><W50/><G70/><T123/><D123/><U101/><E101/><V3/><F105/><W83/><G131/><T59/><D59/><U25/><E57/><V67/><F67/><W84/><G37/><T8/><D46/><N who="1" m="25671" /><E56/><V52/><F3/><W6/><G75/><T42/><D8/><N who="3" m="3113" /><G73/><T110/><D110/><U30/><E30/><V81/><F28/><W58/><G2/><T87/><D87/><U77/><E77/><V76/><F76/><W18/><G6/><T135/><AGARI ba="0,0" hai="9,12,16,42,45,49,114,115,132,134,135" m="23657" machi="135" ten="40,5200,0" yaku="20,1,52,1,54,1" doraHai="14" who="0" fromWho="0" sc="222,52,352,-26,246,-13,180,-13" /><INIT seed="6,0,0,1,3,108" ten="274,326,233,167" oya="2" hai0="47,67,113,128,26,115,55,98,45,74,40,8,2" hai1="61,46,60,54,124,78,121,65,103,97,25,130,48" hai2="51,44,16,109,39,14,126,29,34,106,104,112,105" hai3="94,122,88,62,99,110,43,133,31,77,96,22,135"/><V76/><F39/><W117/><G122/><T66/><D74/><U100/><E130/><V33/><F109/><W90/><G110/><T80/><D128/><U114/><E124/><V81/><F29/><W38/><G117/><T68/><D80/><U101/><E78/><V95/><F95/><W27/><G77/><T107/><D68/><U85/><E114/><N who="0" m="43529" /><D26/><U9/><E85/><V32/><F126/><W7/><G7/><N who="0" m="1143" /><D55/><U73/><E73/><V50/><F112/><W41/><G38/><N who="0" m="21655" /><D47/><U19/><E25/><V12/><F44/><W70/><G70/><T86/><D86/><U21/><E121/><V72/><F72/><W64/><G64/><T102/><AGARI ba="0,0" hai="66,67,98,102,107" m="21655,1143,43529" machi="102" ten="30,7900,0" yaku="15,1,52,3" doraHai="108" who="0" fromWho="0" sc="274,79,326,-20,233,-39,167,-20" /><INIT seed="7,0,0,1,3,102" ten="353,306,194,147" oya="3" hai0="106,70,77,78,82,14,50,7,57,118,18,86,98" hai1="53,11,6,113,85,36,96,44,101,107,48,76,61" hai2="52,16,60,84,24,37,42,81,19,8,116,95,115" hai3="72,127,23,62,30,131,121,97,67,43,100,91,69"/><W31/><G121/><T135/><D70/><U35/><E35/><V109/><F109/><W89/><G72/><T25/><D118/><U15/><E113/><V27/><F37/><W87/><G127/><T9/><D135/><U12/><E36/><V94/><F42/><W108/><G131/><T79/><D106/><U46/><E61/><V75/><F75/><W112/><G112/><T66/><D98/><U56/><E15/><N who="2" m="7271" /><F116/><W51/><G108/><T119/><D119/><U90/><E76/><N who="2" m="46119" /><F115/><W10/><G10/><T2/><D2/><U29/><REACH who="1" step="1"/><E29/><REACH who="1" ten="353,296,194,147" step="2"/><V104/><F27/><W103/><G31/><T58/><D50/><U80/><AGARI ba="0,1" hai="6,11,12,44,46,48,53,56,80,85,90,96,101,107" machi="80" ten="20,12000,2" yaku="1,1,2,1,0,1,7,1,52,1,53,1" doraHai="102" doraHaiUra="45" who="1" fromWho="1" sc="353,-30,296,130,194,-30,147,-60" owari="323,12.0,426,53.0,164,-24.0,87,-41.0" /></mjloggm>