<mjloggm ver="2.3"><GO type="169" lobby="0"/><UN n0="%E3%83%88%E3%83%88%E3%83%AA%E5%85%88%E7%94%9F%31%39%E6%AD%B3" n1="%67%6F%75%73%69" n2="%E3%81%9F%E3%82%93%E3%82%86%E3%81%86" n3="%E3%82%AE%E3%82%AC%E3%83%9E%E3%82%A4%E3%83%B3" dan="18,17,16,18" rate="2282.73,2135.79,2078.32,2226.36" sx="F,M,F,M"/><TAIKYOKU oya="0"/><INIT seed="0,0,0,3,2,0" ten="250,250,250,250" oya="0" hai0="74,101,19,25,96,63,81,112,24,48,80,132,88" hai1="70,75,33,39,87,76,13,55,92,129,15,22,119" hai2="135,30,57,52,66,72,127,51,120,59,29,121,21" hai3="93,111,41,124,18,37,65,95,1,83,90,125,53"/><T71/><D71/><U85/><E33/><V128/><F72/><W68/><G111/><T3/><D3/><U62/><E119/><V73/><F73/><W32/><G32/><T115/><D115/><U122/><E39/><V34/><F34/><W58/><G1/><T2/><D2/><U16/><E129/><V104/><F104/><W123/><G123/><T105/><D105/><U5/><E122/><V23/><F128/><W20/><G83/><T60/><D60/><U10/><E92/><V67/><F51/><W49/><G93/><T40/><D112/><U79/><E70/><V42/><F42/><W28/><G28/><T14/><D132/><U17/><E17/><V69/><F69/><W61/><G41/><T103/><D74/><U56/><E75/><V77/><F77/><AGARI ba="0,0" hai="5,10,13,15,16,22,55,56,62,76,77,79,85,87" machi="77" ten="40,5200,0" yaku="8,1,52,1,54,1" doraHai="0" who="1" fromWho="2" sc="250,0,250,52,250,-52,250,0" /><INIT seed="1,0,0,0,1,40" ten="250,302,198,250" oya="1" hai0="133,23,27,103,127,39,91,62,53,51,20,123,104" hai1="72,50,65,16,112,21,130,3,28,32,96,0,17" hai2="121,114,35,107,68,118,122,120,1,33,87,74,109" hai3="43,125,97,14,75,69,55,44,82,52,5,80,89"/><U135/><E72/><V4/><RYUUKYOKU type="yao9" ba="0,0" sc="250,0,302,0,198,0,250,0" hai2="1,4,33,35,68,74,87,107,109,114,118,120,121,122" /><INIT seed="1,1,0,4,5,97" ten="250,302,198,250" oya="1" hai0="119,51,131,6,25,130,80,9,74,82,7,61,92" hai1="4,53,32,43,129,3,123,78,68,36,54,0,110" hai2="42,76,5,26,114,44,55,109,96,27,99,135,108" hai3="15,59,29,2,56,28,83,45,18,77,89,22,66"/><U132/><E123/><V124/><F114/><W34/><G2/><T60/><D119/><U65/><E32/><V102/><F76/><W112/><G112/><T73/><D51/><U70/><E78/><V125/><F55/><W50/><G89/><T117/><D92/><U90/><E43/><V8/><F135/><W98/><G98/><T47/><D47/><U12/><E36/><V104/><F99/><W21/><G34/><T94/><D94/><U38/><E38/><N who="2" m="21591" /><F27/><W16/><G29/><T118/><D9/><U134/><E12/><N who="2" m="5135" /><F26/><AGARI ba="1,0" hai="6,7,25,26,60,61,73,74,80,82,117,118,130,131" machi="26" ten="25,1600,0" yaku="22,2" doraHai="97" who="0" fromWho="2" sc="250,19,302,0,198,-19,250,0" /><INIT seed="2,0,0,2,0,16" ten="269,302,179,250" oya="2" hai0="135,9,119,40,53,19,126,68,103,122,116,76,21" hai1="117,71,56,5,44,102,108,38,130,17,18,43,11" hai2="34,78,89,106,3,51,110,109,74,99,133,83,36" hai3="66,27,93,112,28,107,55,98,45,41,59,62,46"/><V96/><F36/><W26/><G112/><T13/><D122/><U22/><E71/><V8/><F34/><W127/><G127/><T54/><D68/><U101/><E117/><N who="0" m="45129" /><D126/><U30/><E108/><N who="2" m="41579" /><F51/><W91/><G107/><T81/><D135/><U42/><E42/><V113/><F3/><W0/><G0/><T77/><D103/><U1/><E130/><V64/><F64/><W132/><G132/><T6/><D40/><U63/><E18/><V95/><F8/><W52/><G26/><N who="0" m="14655" /><D77/><U2/><E30/><V48/><F48/><W32/><REACH who="3" step="1"/><G46/><REACH who="3" ten="269,302,179,240" step="2"/><T134/><D134/><U90/><E1/><V129/><F133/><W121/><G121/><T75/><AGARI ba="0,1" hai="6,9,13,53,54,75,76,81" m="14655,45129" machi="75" ten="30,2000,0" yaku="12,1,52,1" doraHai="16" who="0" fromWho="0" sc="269,30,302,-5,179,-10,240,-5" /><INIT seed="3,0,0,4,0,10" ten="299,297,169,235" oya="3" hai0="21,39,45,134,58,23,28,24,123,40,88,67,7" hai1="83,129,68,20,127,79,82,76,85,65,106,125,135" hai2="5,96,95,15,97,112,118,32,75,30,50,103,110" hai3="57,64,44,53,47,70,99,116,131,49,93,107,132"/><W4/><G116/><T73/><D123/><U9/><E65/><V56/><F118/><W122/><G122/><T115/><D134/><U100/><E68/><V31/><F75/><W105/><G132/><T1/><D73/><U27/><E135/><V126/><F112/><W87/><G131/><T130/><D130/><U8/><E129/><V119/><F119/><W41/><G87/><T62/><D115/><U69/><E69/><V52/><F32/><W114/><G47/><T25/><D7/><U18/><E100/><V61/><F126/><N who="1" m="48137" /><E106/><V19/><F5/><W60/><G4/><T51/><D1/><U133/><E133/><V91/><F61/><W3/><G3/><T77/><D77/><U22/><E20/><V33/><F33/><W80/><G80/><T17/><D39/><U55/><E55/><V34/><F34/><W113/><G107/><T109/><REACH who="0" step="1"/><D109/><REACH who="0" ten="289,297,169,235" step="2"/><U42/><E42/><V89/><F110/><W43/><G43/><T48/><D48/><U2/><E2/><V26/><F26/><W35/><G105/><T121/><D121/><U29/><E76/><V98/><F103/><N who="3" m="60911" /><G35/><T94/><D94/><U111/><E111/><V11/><F91/><AGARI ba="0,1" hai="17,21,23,24,25,28,40,45,51,58,62,67,88,91" machi="91" ten="40,5200,0" yaku="1,1,8,1,54,1,53,0" doraHai="10" doraHaiUra="78" who="0" fromWho="2" sc="289,62,297,0,169,-52,235,0" /><INIT seed="4,0,0,3,5,21" ten="351,297,117,235" oya="0" hai0="125,72,122,129,81,98,1,94,68,65,71,24,20" hai1="130,126,53,116,19,38,106,74,120,117,51,113,91" hai2="32,12,8,33,42,107,84,11,99,87,82,35,115" hai3="60,15,55,69,3,66,128,49,6,89,48,75,59"/><T110/><D122/><U104/><E38/><V109/><F109/><W121/><G75/><T90/><D1/><U108/><E74/><V61/><F115/><W135/><G128/><T97/><D110/><U111/><E130/><V96/><F42/><W18/><G135/><T80/><D129/><U76/><E76/><V2/><F107/><W16/><G121/><T46/><D125/><U78/><E78/><V52/><F2/><W14/><G3/><T102/><D46/><U93/><E120/><V5/><F11/><W44/><G89/><T123/><D123/><U112/><E126/><V67/><F67/><W34/><G34/><T50/><D50/><U100/><E19/><V29/><F87/><W131/><G131/><T124/><D124/><U30/><E30/><V70/><F70/><W86/><G86/><T27/><D72/><U73/><E73/><V13/><F13/><W77/><G77/><T22/><D65/><U105/><E100/><V119/><F119/><W10/><REACH who="3" step="1"/><G15/><REACH who="3" ten="351,297,117,225" step="2"/><T85/><D80/><U134/><E134/><V45/><F99/><W101/><G101/><T118/><D98/><N who="1" m="57663" /><E117/><V103/><F103/><W58/><G58/><T54/><D118/><U31/><E116/><V62/><F96/><W9/><G9/><T28/><REACH who="0" step="1"/><D54/><AGARI ba="0,1" hai="6,10,14,16,18,44,48,49,54,55,59,60,66,69" machi="54" ten="30,3900,0" yaku="1,1,7,1,54,1,53,0" doraHai="21" doraHaiUra="133" who="3" fromWho="0" sc="351,-39,297,0,117,0,225,49" /><INIT seed="5,0,0,4,0,73" ten="312,297,117,274" oya="1" hai0="122,17,16,77,109,98,110,121,42,124,133,8,30" hai1="104,102,131,113,1,134,5,96,78,95,23,93,67" hai2="48,90,100,116,120,14,62,12,101,22,118,108,79" hai3="15,25,18,123,54,28,29,9,97,69,10,46,63"/><U6/><E113/><V71/><F120/><N who="0" m="46186" /><D133/><U60/><E131/><V13/><F108/><N who="0" m="41578" /><D42/><U57/><E134/><V58/><F90/><W20/><G123/><T74/><D124/><U7/><E1/><V135/><F135/><W55/><G29/><T53/><D30/><U36/><E36/><V4/><F4/><W38/><G10/><T39/><D39/><U26/><REACH who="1" step="1"/><E78/><REACH who="1" ten="312,287,117,274" step="2"/><V129/><F129/><W66/><G38/><T27/><D77/><U59/><E59/><V127/><F79/><W72/><G46/><T35/><D74/><U125/><E125/><V61/><F127/><W99/><G72/><T32/><D98/><U103/><E103/><V126/><F126/><W31/><G99/><T106/><D106/><U82/><E82/><V44/><F100/><W86/><G97/><T107/><D107/><U94/><E94/><V83/><F101/><W45/><G45/><T52/><D35/><U92/><E92/><V81/><F83/><W115/><G115/><T119/><D32/><U114/><E114/><V47/><F81/><W75/><G75/><T70/><D70/><U0/><E0/><V2/><F2/><W111/><G111/><T88/><D88/><U34/><E34/><V117/><F71/><W11/><G86/><T37/><D37/><U19/><AGARI ba="0,1" hai="5,6,7,19,23,26,57,60,67,93,95,96,102,104" machi="19" ten="30,3000,0" yaku="1,1,0,1,53,0" doraHai="73" doraHaiUra="51" who="1" fromWho="1" sc="312,-10,287,40,117,-10,274,-10" /><INIT seed="5,1,0,5,3,132" ten="302,327,107,264" oya="1" hai0="60,40,7,120,107,9,78,113,79,71,61,134,83" hai1="3,20,14,41,80,74,57,16,49,129,10,100,1" hai2="24,109,73,126,105,23,85,69,91,76,95,31,64" hai3="54,66,121,62,52,115,99,106,29,89,2,22,37"/><U77/><E129/><V104/><F109/><W59/><G121/><T75/><D107/><U65/><E100/><V67/><F67/><W25/><G37/><T135/><D120/><U82/><E82/><V90/><F73/><W68/><G2/><N who="0" m="247" /><D113/><U124/><E124/><V117/><F76/><W128/><G128/><T53/><D53/><U92/><E92/><V11/><F117/><W119/><G115/><T55/><D55/><U72/><E72/><V46/><F46/><W30/><G119/><T5/><D79/><U32/><E32/><V38/><F38/><W131/><G131/><T18/><D18/><U27/><E65/><V19/><F126/><W122/><G122/><T28/><D40/><U102/><E57/><V116/><F116/><W111/><G111/><T127/><D28/><U26/><E102/><V98/><F64/><W93/><G106/><T84/><D71/><U0/><REACH who="1" step="1"/><E10/><REACH who="1" ten="302,317,107,264" step="2"/><V39/><F69/><W13/><G68/><T56/><D75/><U123/><E123/><V43/><F105/><W45/><G66/><T34/><D34/><U81/><E81/><V33/><F104/><W118/><G118/><T4/><D127/><U70/><E70/><V15/><F33/><W50/><G13/><T44/><D134/><U133/><E133/><V97/><F15/><W108/><G108/><T12/><D135/><U6/><E6/><N who="0" m="2665" /><D12/><U17/><E17/><AGARI ba="1,1" hai="17,22,25,29,30,45,50,52,54,59,62,89,93,99" machi="17" ten="30,8000,1" yaku="7,1,25,2,8,1,54,1" doraHai="132" who="3" fromWho="1" sc="302,0,317,-83,107,0,264,93" /><INIT seed="6,0,0,1,1,106" ten="302,234,107,357" oya="2" hai0="31,60,67,128,113,64,118,45,72,50,88,40,86" hai1="48,39,41,129,14,82,57,103,97,134,63,42,37" hai2="36,112,83,108,27,16,78,130,65,8,2,117,22" hai3="53,126,12,124,51,71,54,99,20,68,123,100,24"/><V30/><F117/><W15/><G123/><T52/><D118/><U61/><E129/><V120/><F120/><W0/><G0/><T119/><D119/><U131/><E131/><V23/><F130/><W93/><G71/><T47/><D128/><U90/><E134/><V122/><F122/><W49/><G68/><T43/><D113/><U55/><E14/><N who="3" m="5162" /><G126/><T1/><D1/><U19/><E19/><V107/><F107/><W28/><G124/><T21/><D72/><U127/><E127/><V89/><F112/><W35/><G35/><T58/><D64/><U69/><E37/><V75/><F108/><W62/><G62/><T104/><D104/><U80/><E103/><V33/><F65/><W34/><G34/><T125/><D125/><U101/><E101/><V76/><F76/><W18/><G18/><T116/><D116/><U95/><E39/><V70/><F70/><W66/><G66/><T11/><D11/><U6/><E6/><N who="2" m="1111" /><F89/><W105/><G105/><T102/><D102/><U98/><E98/><V77/><F77/><W73/><G73/><T121/><D121/><U96/><E96/><V46/><F16/><W74/><G74/><T115/><D115/><U91/><E69/><V56/><F56/><W94/><G94/><N who="0" m="54551" /><D45/><U133/><E90/><V9/><F9/><W84/><G84/><T29/><D21/><U3/><E3/><V25/><F25/><W26/><G26/><T44/><D47/><U81/><E63/><V17/><F17/><W132/><G132/><T85/><D85/><U5/><E133/><V135/><F135/><W10/><G10/><RYUUKYOKU ba="0,0" sc="302,10,234,-30,107,10,357,10" hai0="29,31,40,43,44,50,52,58,60,67" hai2="22,23,27,30,33,36,46,75,78,83" hai3="20,24,28,49,51,53,54,93,99,100" /><INIT seed="6,1,0,1,2,9" ten="312,204,117,367" oya="2" hai0="66,70,118,63,64,53,75,120,2,88,37,76,112" hai1="99,110,20,51,34,48,26,113,33,103,96,102,40" hai2="128,29,39,14,119,81,134,30,100,83,24,23,36" hai3="46,106,124,131,92,87,45,27,59,5,54,50,109"/><V123/><F123/><W67/><G106/><T129/><D120/><U10/><E110/><V1/><F1/><W17/><G109/><T107/><D2/><U108/><E108/><V117/><F100/><W11/><G131/><T55/><D107/><U80/><E10/><V13/><F23/><N who="3" m="13807" /><G124/><T4/><D4/><U19/><E80/><V91/><F24/><W58/><G11/><T41/><D129/><U25/><E113/><V35/><F128/><W86/><G5/><T101/><D101/><U22/><E40/><V130/><F130/><W71/><G71/><T111/><D111/><U105/><E105/><V65/><F65/><W18/><G18/><AGARI ba="1,0" hai="18,19,20,22,25,26,33,34,48,51,96,99,102,103" machi="18" ten="25,1600,0" yaku="22,2" doraHai="9" who="1" fromWho="3" sc="312,0,204,19,117,0,367,-19" /><INIT seed="7,0,0,0,3,134" ten="312,223,117,348" oya="3" hai0="31,72,39,47,21,60,89,23,107,13,48,63,5" hai1="18,55,54,33,85,69,125,24,65,35,37,6,20" hai2="17,59,44,74,100,43,58,12,53,130,0,86,15" hai3="67,94,76,131,119,115,41,10,19,109,46,27,77"/><W116/><G115/><T78/><D107/><U70/><E37/><V52/><F74/><W7/><G131/><T93/><D39/><U114/><E6/><V82/><F130/><W113/><G113/><T16/><D72/><U124/><E114/><V118/><F0/><W75/><G109/><T81/><D81/><U36/><E36/><V96/><F118/><W122/><G122/><T57/><D78/><U61/><E70/><V8/><F15/><W30/><G19/><T132/><D132/><U32/><E85/><V105/><F43/><W112/><G67/><T103/><D103/><U80/><E80/><V56/><F56/><W25/><G94/><T133/><D133/><U128/><E128/><V3/><F3/><N who="3" m="383" /><G27/><N who="0" m="16895" /><D5/><U28/><E18/><V79/><F53/><W38/><G77/><T117/><D117/><U73/><E73/><V97/><F97/><W88/><G88/><T87/><D47/><U98/><E98/><V40/><F40/><W111/><G111/><T84/><D84/><U106/><E106/><V62/><F62/><W71/><G71/><T68/><D68/><U129/><E129/><V50/><REACH who="2" step="1"/><F79/><REACH who="2" ten="312,223,107,348" step="2"/><W26/><G112/><T4/><D4/><U92/><E54/><AGARI ba="0,1" hai="13,16,21,48,54,57,60,63,87,89,93" m="16895" machi="54" ten="30,3900,0" yaku="25,1,8,1,54,1" doraHai="134" who="0" fromWho="1" sc="312,49,223,-39,107,0,348,0" owari="361,46.0,184,-22.0,107,-39.0,348,15.0" /></mjloggm>