<mjloggm ver="2.3"><GO type="169" lobby="0"/><UN n0="%72%65%6E%6F%6E%31%39" n1="%E3%82%A6%E3%83%AB%E3%83%88%E3%83%A9%E7%AB%8B%E7%9B%B4" n2="%41%44%50" n3="%E3%83%9E%E3%82%B8%E3%81%8D%E3%82%8C%E3%81%9D%E3%81%86%EF%BC%81" dan="17,17,17,18" rate="2072.21,2219.08,2138.60,2233.65" sx="M,M,M,M"/><TAIKYOKU oya="0"/><INIT seed="0,0,0,4,4,18" ten="250,250,250,250" oya="0" hai0="46,38,19,119,72,65,132,10,67,108,100,4,31" hai1="12,84,44,91,118,75,90,82,73,116,0,135,49" hai2="81,128,122,48,113,74,95,29,78,79,6,47,36" hai3="25,27,28,23,24,125,13,21,85,87,37,109,15"/><T66/><D119/><U86/><E0/><V69/><F113/><W107/><G37/><T60/><D72/><U106/><E106/><V62/><F122/><W50/><G107/><T115/><D115/><U53/><E135/><V111/><F111/><W64/><G109/><T88/><D100/><U71/><E71/><V114/><F114/><W93/><G125/><T101/><D101/><U33/><E33/><V104/><F104/><W70/><G70/><T112/><D31/><U120/><E120/><V30/><F6/><W134/><G64/><T41/><D132/><U94/><E75/><V59/><F69/><W1/><G1/><T35/><D35/><U52/><E73/><V126/><F36/><W34/><G34/><T3/><D108/><U123/><E123/><V40/><F128/><W92/><G92/><T102/><BYE who="3" /><D102/><U97/><E53/><V2/><F2/><W8/><G8/><T127/><D127/><U20/><E97/><V17/><F79/><UN n3="%E3%83%9E%E3%82%B8%E3%81%8D%E3%82%8C%E3%81%9D%E3%81%86%EF%BC%81" /><W58/><G134/><T56/><D112/><U7/><E7/><V130/><F130/><W131/><G131/><T45/><BYE who="3" /><D45/><U80/><E94/><V57/><F95/><W98/><G98/><T16/><REACH who="0" step="1"/><D88/><REACH who="0" ten="240,250,250,250" step="2"/><U89/><E91/><V42/><F126/><W77/><G77/><T83/><D83/><U14/><E118/><V68/><F81/><W39/><G39/><T55/><AGARI ba="0,1" hai="3,4,10,16,19,38,41,46,55,56,60,65,66,67" machi="55" ten="30,6000,0" yaku="1,1,0,1,54,1,53,0" doraHai="18" doraHaiUra="133" who="0" fromWho="0" sc="240,70,250,-20,250,-20,250,-20" /><INIT seed="0,1,0,1,2,83" ten="310,230,230,230" oya="0" hai0="40,10,68,101,125,49,26,116,62,115,95,66,124" hai1="52,31,93,118,94,79,5,134,70,12,104,112,129" hai2="96,100,7,41,105,47,74,130,89,59,117,75,92" hai3="90,91,58,15,27,50,72,9,120,11,25,20,54"/><T14/><D116/><U78/><E70/><V0/><F130/><W43/><G43/><T33/><D115/><U46/><E104/><V28/><F28/><W21/><G21/><T131/><D131/><U4/><E118/><V61/><F7/><W127/><G127/><N who="0" m="48715" /><D33/><UN n3="%E3%83%9E%E3%82%B8%E3%81%8D%E3%82%8C%E3%81%9D%E3%81%86%EF%BC%81" /><U81/><E112/><V107/><F0/><W103/><G72/><T65/><D26/><U23/><E134/><V86/><F117/><W51/><G103/><T123/><D66/><U2/><E2/><V1/><F107/><W126/><G126/><T44/><D123/><U110/><E110/><V55/><REACH who="2" step="1"/><F1/><REACH who="2" ten="310,230,220,230" step="2"/><W108/><G108/><T35/><D35/><U128/><E4/><V57/><F57/><W45/><G120/><T63/><D68/><U39/><E5/><V97/><F97/><W76/><G58/><T3/><D3/><U60/><E31/><V53/><F53/><W16/><G54/><T13/><D65/><U113/><E52/><V36/><AGARI ba="1,1" hai="36,41,47,55,59,61,74,75,86,89,92,96,100,105" machi="36" ten="20,8000,1" yaku="1,1,0,1,7,1,52,1,53,1" doraHai="83" doraHaiUra="42" who="2" fromWho="2" sc="310,-41,230,-21,220,93,230,-21" /><INIT seed="1,0,0,5,4,128" ten="269,209,313,209" oya="1" hai0="7,119,88,63,8,135,20,46,25,33,118,92,73" hai1="101,86,99,42,21,65,94,87,110,40,107,114,120" hai2="97,57,23,74,134,76,13,6,102,38,18,72,51" hai3="112,91,90,47,80,58,79,132,48,50,39,3,66"/><U133/><E120/><V2/><F38/><W32/><G32/><T62/><D73/><U127/><E114/><V77/><F74/><W82/><G112/><T109/><D33/><U22/><E127/><V49/><F72/><W64/><G3/><T125/><D125/><U67/><E110/><V12/><F2/><W30/><G30/><T115/><D115/><U124/><E124/><V126/><F126/><W36/><G58/><T69/><D109/><U55/><E55/><V52/><F51/><W1/><G1/><T27/><D27/><U34/><E34/><V122/><F122/><W4/><G4/><T45/><D135/><U108/><E108/><V106/><REACH who="2" step="1"/><F134/><REACH who="2" ten="269,209,303,209" step="2"/><W116/><G132/><T15/><D118/><U16/><E133/><V121/><F121/><W93/><G50/><T24/><D119/><U104/><E42/><V85/><F85/><W61/><G48/><T84/><D63/><U17/><E40/><V60/><F60/><W105/><G61/><T5/><D62/><U43/><E43/><V9/><AGARI ba="0,1" hai="6,9,12,13,18,23,49,52,57,76,77,97,102,106" machi="9" ten="30,8000,1" yaku="1,1,0,1,54,1,53,2" doraHai="128" doraHaiUra="75" who="2" fromWho="2" sc="269,-20,209,-40,303,90,209,-20" /><INIT seed="2,0,0,2,2,64" ten="249,169,393,189" oya="2" hai0="66,121,62,28,83,15,52,11,86,5,31,6,40" hai1="26,34,131,70,0,72,14,41,103,92,44,20,43" hai2="115,78,107,104,129,73,105,51,8,18,122,88,125" hai3="127,85,56,97,119,126,77,36,49,29,27,53,82"/><V81/><F115/><W109/><G119/><T94/><D121/><U45/><E72/><V60/><F122/><W84/><G36/><T71/><D40/><U79/><E0/><V99/><F129/><W1/><G1/><T76/><D6/><U57/><E34/><V4/><F51/><W112/><G109/><T17/><D94/><U75/><E75/><V124/><F60/><W7/><G7/><T74/><D74/><U10/><E70/><V111/><F18/><W80/><G97/><T38/><D38/><U123/><E79/><V134/><F134/><W132/><G132/><T30/><D31/><N who="1" m="17863" /><E57/><V61/><F61/><W135/><G112/><T13/><REACH who="0" step="1"/><D52/><REACH who="0" ten="239,169,393,189" step="2"/><U33/><E92/><N who="2" m="56711" /><F104/><W22/><REACH who="3" step="1"/><G135/><REACH who="3" ten="239,169,393,179" step="2"/><T120/><D120/><U67/><E123/><V91/><F4/><W58/><G58/><T54/><D54/><U116/><E43/><V106/><F106/><W101/><G101/><T89/><D89/><AGARI ba="0,2" hai="22,27,29,49,53,56,77,80,82,84,85,89,126,127" machi="89" ten="40,1300,0" yaku="1,1,53,0" doraHai="64" doraHaiUra="65" who="3" fromWho="0" sc="239,-13,169,0,393,0,179,33" /><INIT seed="3,0,0,1,3,122" ten="226,169,393,212" oya="3" hai0="108,90,45,4,125,36,47,133,131,87,83,50,99" hai1="111,9,17,63,8,21,22,128,27,106,124,77,72" hai2="81,41,62,73,53,103,112,76,114,28,55,113,123" hai3="3,79,52,16,84,109,10,86,59,69,67,135,6"/><W34/><G34/><T127/><D131/><U95/><E106/><V78/><F123/><W94/><G69/><T68/><D68/><U11/><E72/><V98/><F28/><W25/><G67/><T71/><D71/><U110/><E77/><V37/><F78/><W19/><G135/><T46/><D36/><U23/><E128/><V5/><F5/><W31/><G109/><N who="1" m="41482" /><E124/><N who="0" m="47689" /><D108/><U18/><E63/><V32/><F32/><W75/><G75/><T29/><D29/><N who="1" m="17647" /><E95/><V48/><F62/><W70/><G94/><T89/><D133/><U92/><E92/><V39/><F76/><W44/><G79/><T91/><D99/><U49/><E49/><V35/><F48/><W13/><G86/><T26/><D50/><U20/><AGARI ba="0,0" hai="8,9,11,17,18,20,22,23" m="17647,41482" machi="20" ten="40,12000,2" yaku="14,1,34,2,52,3" doraHai="122" who="1" fromWho="1" sc="226,-30,169,120,393,-30,212,-60" /><INIT seed="4,0,0,4,5,85" ten="196,289,363,152" oya="0" hai0="18,127,15,115,22,46,101,39,110,125,45,34,24" hai1="130,123,29,14,60,117,36,20,107,32,91,124,95" hai2="135,104,51,121,126,108,1,134,100,54,79,9,10" hai3="11,26,12,114,50,98,132,120,84,116,59,113,55"/><T92/><D110/><U16/><E107/><V31/><F121/><W68/><G116/><T19/><D115/><N who="3" m="44041" /><G68/><T118/><D118/><U87/><E36/><V78/><F108/><W103/><G132/><N who="2" m="50729" /><F126/><N who="0" m="48138" /><D39/><U5/><E130/><V35/><F100/><W70/><G70/><T21/><D34/><U129/><E129/><V96/><F104/><N who="3" m="63607" /><G26/><T122/><D122/><U133/><E32/><V111/><F111/><W58/><G84/><T94/><D101/><U106/><E87/><V76/><F96/><W63/><G120/><T48/><D46/><U89/><E123/><V42/><F42/><AGARI ba="0,0" hai="15,18,19,21,22,24,42,45,48,92,94" m="48138" machi="42" ten="30,1500,0" yaku="18,1" doraHai="85" who="0" fromWho="2" sc="196,15,289,0,363,-15,152,0" /><INIT seed="4,1,0,4,1,116" ten="211,289,348,152" oya="0" hai0="49,39,31,10,60,20,109,90,37,36,50,84,72" hai1="127,132,96,67,54,118,48,124,86,80,9,95,111" hai2="134,11,85,89,22,55,52,51,113,40,107,41,102" hai3="117,12,92,25,42,88,56,115,24,94,121,64,78"/><T135/><D72/><U6/><E67/><V110/><F110/><W43/><G117/><T0/><D109/><U38/><E38/><V13/><F113/><W125/><G115/><T74/><D74/><U30/><E30/><V18/><F134/><W46/><G78/><T99/><D99/><U82/><E132/><V32/><F32/><W91/><G125/><N who="1" m="48202" /><E86/><V87/><F102/><W61/><G121/><T83/><D135/><U112/><E118/><V70/><F70/><W23/><G12/><T2/><D60/><U130/><E130/><V21/><F107/><W47/><G47/><T7/><REACH who="0" step="1"/><D2/><REACH who="0" ten="201,289,348,152" step="2"/><U77/><E111/><V119/><F119/><W45/><G43/><T126/><D126/><U93/><E112/><V27/><F41/><W106/><G42/><T16/><D16/><U35/><E96/><V33/><F40/><W76/><G61/><T62/><D62/><U65/><E65/><V71/><F87/><W79/><G64/><T66/><D66/><U15/><E54/><V114/><F55/><W100/><G106/><T5/><D5/><U68/><E6/><V120/><F114/><W63/><G63/><T44/><D44/><U103/><E68/><V81/><F71/><W1/><G1/><T104/><D104/><U19/><E19/><V17/><F17/><W97/><G97/><T59/><D59/><U133/><E133/><V123/><F123/><W53/><G56/><T3/><D3/><U4/><E4/><V128/><F120/><W8/><G53/><T108/><D108/><U69/><E69/><V29/><F128/><W73/><G73/><RYUUKYOKU ba="1,1" sc="201,15,289,-15,348,15,152,-15" hai0="0,7,10,20,31,36,37,39,49,50,83,84,90" hai2="11,13,18,21,22,27,29,33,51,52,81,85,89" /><INIT seed="4,2,1,4,0,4" ten="216,274,363,137" oya="0" hai0="127,67,68,59,3,23,10,40,95,123,39,65,62" hai1="37,81,32,84,126,45,21,19,54,122,51,110,53" hai2="115,28,96,25,90,134,129,133,14,112,119,31,105" hai3="98,0,57,104,7,22,1,76,94,88,97,113,70"/><T2/><D123/><U12/><E110/><V131/><F119/><W15/><G70/><T74/><D74/><U87/><E126/><V8/><F90/><W86/><G113/><N who="2" m="43593" /><F105/><W44/><G57/><T52/><D127/><U63/><E32/><N who="2" m="20495" /><F96/><W5/><G5/><T106/><D106/><U34/><E34/><V16/><F31/><W101/><G44/><N who="0" m="23583" /><D23/><U6/><E37/><V89/><F89/><W29/><G29/><T124/><D67/><U78/><E122/><V26/><F26/><W102/><G76/><T77/><D77/><U103/><E103/><V83/><F83/><W36/><G36/><T135/><D95/><U72/><E6/><V100/><F100/><W11/><REACH who="3" step="1"/><G22/><REACH who="3" ten="216,274,363,127" step="2"/><T35/><D35/><U118/><E21/><V49/><F49/><W71/><G71/><T69/><D69/><U128/><E51/><V50/><F50/><W75/><G75/><T56/><D68/><U111/><E72/><V60/><F60/><W116/><G116/><T79/><D124/><U42/><E63/><V66/><F66/><W92/><AGARI ba="2,2" hai="0,1,7,11,15,86,88,92,94,97,98,101,102,104" machi="92" ten="20,8000,1" yaku="1,1,0,1,7,1,52,1,54,1,53,0" doraHai="4" doraHaiUra="58" who="3" fromWho="3" sc="216,-42,274,-22,363,-22,127,106" /><INIT seed="5,0,0,0,5,3" ten="174,252,341,233" oya="1" hai0="102,72,59,32,31,129,78,119,77,54,29,104,132" hai1="30,16,87,105,134,61,51,122,5,93,8,118,50" hai2="56,52,106,21,14,42,43,75,64,35,135,99,58" hai3="100,91,57,112,85,13,40,126,98,33,90,68,44"/><U23/><E105/><V62/><F35/><W86/><G68/><T81/><D119/><U26/><E134/><V46/><F75/><W114/><G33/><T24/><D132/><U73/><E73/><V71/><F135/><W65/><G126/><T38/><D38/><U15/><E122/><V74/><F74/><W69/><G69/><T49/><D78/><U108/><E108/><V55/><F106/><W12/><G57/><N who="2" m="22121" /><F14/><N who="3" m="5739" /><G86/><T111/><D111/><U131/><E61/><V34/><F99/><W121/><G85/><T28/><REACH who="0" step="1"/><D129/><REACH who="0" ten="164,252,341,233" step="2"/><U25/><E131/><V67/><F67/><W1/><G65/><T22/><D22/><N who="1" m="15703" /><E118/><V20/><F21/><W11/><G121/><T63/><D63/><U110/><E110/><V88/><F20/><W36/><G36/><T37/><D37/><U128/><E128/><V95/><F34/><W39/><G39/><T115/><D115/><U82/><E50/><V17/><F62/><W4/><G114/><T124/><D124/><U80/><E51/><V79/><F64/><W0/><G112/><T107/><D107/><U101/><E23/><V125/><F125/><W18/><G91/><T120/><D120/><U103/><E103/><V123/><F88/><W83/><G90/><T117/><D117/><U10/><E101/><V66/><F66/><W2/><G100/><T109/><D109/><U133/><E133/><V70/><F79/><W76/><G76/><T45/><D45/><U6/><E25/><V53/><F46/><W94/><G44/><T27/><D27/><U47/><E47/><V60/><F71/><W48/><G48/><RYUUKYOKU ba="0,1" sc="164,30,252,-10,341,-10,233,-10" hai0="24,28,29,31,32,49,54,59,72,77,81,102,104" /><INIT seed="6,1,1,1,2,5" ten="194,242,331,223" oya="2" hai0="102,40,103,58,4,31,121,123,15,46,105,114,78" hai1="93,85,21,117,82,130,80,52,18,126,115,135,41" hai2="99,101,22,72,20,16,35,77,53,14,132,23,104" hai3="37,111,66,128,91,39,134,67,32,97,68,48,12"/><V27/><F132/><W29/><G111/><T108/><D108/><U10/><E117/><V74/><F77/><W62/><G134/><T59/><D31/><U9/><E135/><V43/><F43/><W6/><G128/><T7/><D114/><U71/><E71/><V116/><F116/><W79/><G67/><T98/><D103/><U87/><E41/><V42/><F42/><W61/><G61/><T118/><D118/><U34/><E34/><V26/><F35/><W88/><G48/><T60/><D78/><N who="1" m="46231" /><E126/><V30/><F53/><W44/><G44/><T133/><D59/><U25/><E130/><V83/><REACH who="2" step="1"/><F83/><REACH who="2" ten="194,242,321,223" step="2"/><W17/><G32/><T3/><D133/><U55/><E115/><V113/><F113/><W65/><G79/><T28/><D40/><U13/><E82/><V96/><F96/><W45/><G97/><T47/><D98/><U94/><E55/><V112/><F112/><W57/><G37/><T54/><D54/><U86/><E52/><V109/><F109/><W76/><G39/><T51/><D47/><U119/><E119/><V50/><F50/><W70/><G45/><T90/><D51/><U24/><E87/><V0/><F0/><W81/><G81/><T89/><D3/><U110/><E86/><V56/><F56/><W49/><G76/><T125/><D58/><U33/><E33/><V63/><F63/><W127/><G49/><T106/><D60/><U84/><E84/><V2/><F2/><W11/><G57/><T120/><D46/><U8/><E110/><V95/><F95/><AGARI ba="1,2" hai="8,9,10,13,18,21,24,25,93,94,95" m="46231" machi="95" ten="30,7700,0" yaku="8,1,52,3" doraHai="5" who="1" fromWho="2" sc="194,0,242,100,321,-80,223,0" /><INIT seed="7,0,0,2,1,130" ten="194,342,241,223" oya="3" hai0="58,41,9,72,115,104,127,88,99,56,76,55,46" hai1="122,82,93,94,19,65,89,69,30,50,85,66,133" hai2="12,18,51,95,59,42,116,44,36,47,131,49,109" hai3="132,28,83,37,77,16,54,27,111,45,96,8,4"/><W81/><G132/><T48/><D127/><U86/><E133/><V15/><F109/><W68/><G68/><T117/><D117/><U14/><E69/><V63/><F116/><W53/><G111/><T91/><D115/><U128/><E128/><V40/><F131/><W52/><G96/><T10/><D58/><U79/><E30/><V31/><F31/><W57/><G45/><T71/><D71/><U13/><E13/><V105/><F105/><W80/><G37/><T114/><D114/><U5/><E5/><V74/><F74/><W75/><G57/><T118/><D118/><U43/><E94/><V110/><F36/><W129/><G129/><T20/><D20/><N who="1" m="11383" /><E122/><V126/><F126/><W113/><G113/><T39/><D72/><U17/><E17/><V123/><F123/><W0/><REACH who="3" step="1"/><G16/><REACH who="3" ten="194,342,241,213" step="2"/><T107/><D76/><U125/><E125/><V102/><F110/><W73/><G73/><T24/><D24/><U67/><E67/><N who="2" m="39423" /><F18/><W7/><G7/><T23/><D23/><AGARI ba="0,1" hai="0,4,8,23,27,28,52,53,54,75,77,80,81,83" machi="23" ten="40,3900,0" yaku="1,1,54,1,53,0" doraHai="130" doraHaiUra="103" who="3" fromWho="0" sc="194,-39,342,0,241,0,213,49" /><INIT seed="7,1,0,4,3,115" ten="155,342,241,262" oya="3" hai0="28,61,19,44,84,0,20,76,133,74,131,50,13" hai1="56,38,64,24,18,36,106,79,97,9,2,26,93" hai2="33,91,32,8,14,119,6,105,113,23,29,82,122" hai3="125,126,4,55,104,52,41,116,128,107,58,135,43"/><W11/><G135/><T66/><D133/><U86/><E106/><V100/><F113/><W95/><G128/><T22/><D131/><U57/><E57/><V94/><F122/><W70/><G70/><T60/><D0/><U25/><E38/><V69/><F69/><W103/><G95/><T110/><D74/><U12/><E36/><V127/><F127/><W45/><G116/><T48/><D110/><U65/><E56/><V71/><F71/><W1/><G55/><T77/><D28/><U3/><E3/><V39/><F119/><W34/><G34/><T123/><D123/><U89/><E2/><V15/><F39/><N who="3" m="21695" /><G103/><T72/><D72/><U121/><E121/><V27/><F82/><AGARI ba="1,0" hai="9,12,18,24,25,26,64,65,79,82,86,89,93,97" machi="82" ten="40,1300,0" yaku="8,1" doraHai="115" who="1" fromWho="2" sc="155,0,342,16,241,-16,262,0" owari="155,-34.0,358,45.0,225,-17.0,262,6.0" /></mjloggm>