<mjloggm ver="2.3"><GO type="169" lobby="0"/><UN n0="%E3%81%8D%E3%82%8A%E3%82%84%E3%81%82%E3%81%8A%E3%81%84" n1="%E3%83%88%E3%83%88%E3%83%AA%E5%85%88%E7%94%9F%31%39%E6%AD%B3" n2="%54%E3%83%BB%54%E3%83%BB%EF%BC%98" n3="%E3%81%8F%E3%81%86%E3%81%9F%E3%82%8D" dan="16,19,16,16" rate="2050.08,2275.17,2073.76,2104.45" sx="F,F,M,M"/><TAIKYOKU oya="0"/><INIT seed="0,0,0,1,3,42" ten="250,250,250,250" oya="0" hai0="34,56,41,113,39,112,84,10,125,59,23,7,65" hai1="54,27,127,82,30,69,20,95,16,13,94,85,52" hai2="129,1,101,15,62,105,67,123,25,32,130,93,48" hai3="6,12,26,120,29,33,74,118,68,117,76,17,134"/><T60/><D34/><U97/><E69/><V38/><F105/><W49/><G68/><T89/><D125/><U132/><E127/><V36/><F1/><W45/><G134/><T79/><D79/><U90/><E132/><V18/><F48/><W77/><G6/><T135/><D135/><U58/><E58/><N who="2" m="37335" /><F123/><W4/><G4/><T64/><D23/><U40/><E40/><V73/><F73/><W11/><G120/><T14/><D59/><U55/><REACH who="1" step="1"/><E97/><REACH who="1" ten="250,240,250,250" step="2"/><V21/><F38/><W126/><G126/><T0/><D64/><U2/><E2/><V124/><F36/><W78/><REACH who="3" step="1"/><G74/><REACH who="3" ten="250,240,250,240" step="2"/><T122/><D122/><U110/><E110/><V119/><F124/><W107/><G107/><T115/><D0/><U63/><E63/><V87/><F130/><W128/><G128/><T100/><D113/><U24/><E24/><V116/><F25/><W66/><G66/><T91/><D112/><U31/><E31/><V114/><F129/><W3/><G3/><T92/><D115/><U70/><E70/><V75/><F114/><W37/><G37/><T81/><D39/><U8/><AGARI ba="0,2" hai="8,13,16,20,27,30,52,54,55,82,85,90,94,95" machi="8" ten="30,8000,1" yaku="1,1,0,1,8,1,54,2,53,0" doraHai="42" doraHaiUra="43" who="1" fromWho="1" sc="250,-40,240,100,250,-20,240,-20" /><INIT seed="1,0,0,5,2,61" ten="210,340,230,220" oya="1" hai0="27,2,36,28,126,6,114,5,117,110,105,57,72" hai1="99,95,76,49,12,58,13,1,74,87,128,118,54" hai2="107,59,113,43,53,29,134,94,44,102,25,104,83" hai3="63,79,0,30,8,130,97,23,70,101,56,108,40"/><U75/><E118/><V64/><F113/><W41/><G70/><T119/><D114/><U100/><E1/><V15/><F83/><W86/><G108/><T9/><D72/><U32/><E32/><V81/><F15/><W37/><G37/><T16/><D105/><U11/><E128/><V96/><F81/><N who="3" m="47423" /><G8/><T17/><D36/><U88/><E76/><V18/><F18/><N who="0" m="7274" /><D57/><U26/><E26/><V34/><F134/><W39/><G39/><T10/><D126/><U91/><E91/><V77/><F77/><W122/><G122/><T82/><D82/><U4/><REACH who="1" step="1"/><E13/><REACH who="1" ten="210,330,230,220" step="2"/><V51/><REACH who="2" step="1"/><F64/><REACH who="2" ten="210,330,220,220" step="2"/><N who="3" m="39015" /><G0/><N who="0" m="199" /><D110/><U115/><E115/><V24/><F24/><N who="3" m="16671" /><G130/><T84/><D117/><U123/><E123/><V78/><F78/><W38/><G38/><AGARI ba="0,2" hai="25,29,34,38,43,44,51,53,59,94,96,102,104,107" machi="38" ten="30,3900,0" yaku="1,1,7,1,53,1" doraHai="61" doraHaiUra="31" who="2" fromWho="3" sc="210,0,330,0,220,59,220,-39" /><INIT seed="2,0,0,2,4,20" ten="210,330,279,181" oya="2" hai0="60,49,61,19,47,44,65,71,117,58,33,11,92" hai1="90,43,64,80,77,10,54,84,114,88,118,69,110" hai2="109,124,81,17,78,104,96,5,113,45,95,74,132" hai3="83,38,93,134,31,126,23,67,112,120,116,1,122"/><V123/><F113/><W13/><G1/><T98/><D33/><U24/><E114/><V37/><F123/><W30/><G112/><T119/><D11/><U105/><E118/><N who="0" m="45065" /><D19/><U128/><E105/><V133/><F5/><W66/><G116/><T62/><D92/><U39/><E110/><V59/><F59/><W3/><G3/><T18/><D18/><U52/><E128/><V89/><F17/><W46/><G93/><T103/><D98/><U111/><E111/><V73/><F109/><W57/><G13/><T9/><D103/><U40/><E64/><V22/><F22/><W108/><G31/><T14/><D14/><U53/><E69/><V27/><F27/><W56/><G83/><T26/><D26/><U15/><E24/><V82/><F104/><W8/><G8/><T48/><D9/><U36/><E36/><V68/><F68/><W106/><G23/><T51/><D61/><U29/><E39/><V99/><F37/><W0/><G30/><T101/><D101/><U129/><E29/><V41/><F99/><W86/><G0/><T32/><D32/><U12/><E12/><V79/><F41/><N who="1" m="15945" /><E129/><V130/><F130/><W28/><G28/><T4/><D4/><AGARI ba="0,0" hai="4,10,15,52,53,54,77,80,84,88,90" m="15945" machi="4" ten="30,3900,0" yaku="8,1,54,2" doraHai="20" who="1" fromWho="0" sc="210,-39,330,39,279,0,181,0" /><INIT seed="3,0,0,4,0,4" ten="171,369,279,181" oya="3" hai0="15,27,44,125,7,81,11,38,51,132,106,41,34" hai1="95,101,78,2,86,135,61,54,52,26,64,116,102" hai2="9,57,124,112,56,47,18,123,105,92,8,32,98" hai3="24,59,40,39,109,31,62,110,127,87,10,23,83"/><W58/><G127/><T55/><D106/><U130/><E2/><V76/><F32/><W37/><G40/><T68/><D125/><U21/><E130/><V45/><F105/><W134/><G134/><T30/><D132/><U43/><E135/><V89/><F112/><W6/><G87/><T48/><D68/><U120/><E120/><V100/><F76/><W0/><G83/><T113/><D113/><U42/><E116/><V36/><F123/><W111/><REACH who="3" step="1"/><G59/><REACH who="3" ten="171,369,279,171" step="2"/><T107/><D107/><U29/><E43/><V93/><F124/><W104/><G104/><T69/><D69/><U63/><E42/><V73/><F57/><W25/><G25/><T108/><D108/><U103/><E86/><N who="2" m="52279" /><F73/><W77/><G77/><T35/><D35/><U46/><E78/><V133/><F133/><W49/><G49/><T79/><D55/><AGARI ba="0,1" hai="0,6,10,23,24,31,37,39,55,58,62,109,110,111" machi="55" ten="40,12000,1" yaku="1,1,14,1,10,1,52,1,53,1" doraHai="4" doraHaiUra="19" who="3" fromWho="0" sc="171,-120,369,0,279,0,171,130" /><INIT seed="3,1,0,4,2,52" ten="51,369,279,301" oya="3" hai0="108,50,100,48,33,56,132,87,109,24,49,41,80" hai1="112,16,25,42,117,38,79,13,64,131,83,9,120" hai2="58,40,133,105,31,89,70,21,46,78,30,123,6" hai3="20,134,53,60,116,95,81,27,22,77,3,19,54"/><W7/><G116/><T75/><D75/><U129/><E112/><V63/><F70/><W127/><G127/><T122/><D122/><U68/><E120/><V106/><F105/><W96/><G134/><T124/><D124/><U51/><E38/><V0/><F106/><W66/><G22/><T73/><D73/><U14/><E117/><V121/><F133/><W17/><G17/><T128/><D132/><U107/><E107/><V26/><F78/><W5/><G3/><T67/><D100/><U104/><E104/><V114/><F114/><W11/><G11/><T39/><D128/><N who="1" m="49227" /><E42/><V113/><F113/><W84/><G7/><T98/><D98/><U94/><E51/><V93/><F30/><W1/><G5/><T44/><D24/><U97/><E64/><V99/><F6/><W74/><G74/><T23/><D23/><N who="1" m="13543" /><E68/><V135/><F0/><W72/><G72/><T36/><D33/><U62/><E62/><V61/><F135/><W103/><REACH who="3" step="1"/><G1/><REACH who="3" ten="51,369,279,291" step="2"/><T111/><D111/><U82/><E14/><V130/><F130/><W4/><G4/><T32/><D108/><U92/><E13/><V71/><F123/><W102/><G102/><T119/><D109/><U125/><E9/><V28/><F121/><W76/><G76/><N who="0" m="46471" /><D119/><U35/><E79/><V18/><F31/><W118/><G118/><T55/><D32/><U59/><E35/><V15/><F28/><W47/><G47/><T90/><D44/><U115/><E125/><V2/><F15/><W45/><G45/><T34/><D34/><U8/><E115/><V101/><F2/><W10/><G10/><RYUUKYOKU ba="1,1" sc="51,-10,369,-10,279,-10,291,30" hai3="19,20,27,53,54,60,66,77,81,84,95,96,103" /><INIT seed="3,2,1,1,1,47" ten="41,359,269,321" oya="3" hai0="127,81,18,131,115,84,95,110,11,22,50,89,72" hai1="31,97,116,62,109,132,80,8,128,103,9,59,91" hai2="126,122,85,4,92,76,61,21,120,27,135,121,112" hai3="32,67,65,99,78,94,90,7,130,36,25,125,51"/><W98/><G36/><T105/><D110/><U56/><E109/><V77/><F112/><W104/><G7/><T58/><D115/><U93/><E128/><V48/><F135/><W54/><G78/><T79/><D131/><U75/><E132/><V35/><F35/><W42/><G42/><T45/><D127/><U38/><E38/><V108/><F126/><W71/><G130/><T60/><D105/><U24/><E116/><V46/><F4/><W118/><G118/><T129/><D129/><U12/><E12/><V68/><F61/><W53/><G125/><T2/><D2/><U83/><E59/><V82/><F68/><W29/><G71/><T73/><D11/><U26/><E26/><V16/><F92/><W20/><G32/><T123/><D123/><U101/><E101/><V13/><F108/><W106/><G54/><T86/><D58/><U10/><E91/><N who="2" m="51639" /><F27/><W34/><G34/><T111/><D60/><U28/><E75/><V15/><F15/><W69/><G69/><T134/><D134/><U114/><E114/><V5/><F5/><W74/><G74/><T17/><D17/><U96/><E96/><V41/><AGARI ba="2,1" hai="13,16,21,41,46,48,76,77,120,121,122" m="51639" machi="41" ten="30,4000,0" yaku="13,1,52,1,54,1" doraHai="47" who="2" fromWho="2" sc="41,-12,359,-12,269,56,321,-22" /><INIT seed="4,0,0,0,4,15" ten="29,347,325,299" oya="0" hai0="86,79,58,100,8,53,85,34,45,68,84,32,27" hai1="76,48,128,21,30,33,63,52,26,5,24,122,17" hai2="132,80,95,131,39,66,88,133,109,108,11,135,40" hai3="4,42,19,104,92,94,56,112,69,77,81,59,82"/><T87/><D68/><U96/><E122/><V134/><F131/><W37/><G104/><T127/><D127/><U116/><E128/><V70/><F80/><W22/><G69/><T6/><D100/><U71/><E116/><V90/><F11/><W10/><G112/><T18/><D45/><U106/><E76/><V49/><F39/><W28/><G28/><T20/><N who="0" m="21504" /><DORA hai="13" /><T51/><REACH who="0" step="1"/><D79/><REACH who="0" ten="19,347,325,299" step="2"/><U44/><E96/><N who="2" m="57447" /><F133/><W91/><G77/><T110/><D110/><U93/><E71/><V62/><F90/><W98/><G91/><T54/><D54/><U121/><E52/><V101/><F101/><W105/><G98/><T99/><D99/><U117/><E44/><AGARI ba="0,1" hai="40,44,49,62,66,70,108,109,132,134,135" m="57447" machi="44" ten="30,2000,0" yaku="20,1,54,1" doraHai="15,13" who="2" fromWho="1" sc="19,0,347,-20,325,30,299,0" /><INIT seed="5,0,0,1,4,47" ten="19,327,355,299" oya="1" hai0="133,41,7,43,53,8,49,105,108,79,118,18,38" hai1="64,54,19,55,65,89,106,84,1,66,103,101,81" hai2="6,30,44,21,62,51,0,132,134,122,25,88,95" hai3="57,20,22,56,63,75,15,74,111,37,120,97,32"/><U34/><E34/><V70/><F122/><W119/><G111/><T40/><D118/><U104/><E1/><V13/><F0/><W94/><G120/><T9/><D108/><U73/><E73/><V17/><F6/><W135/><G32/><T67/><D105/><U24/><E104/><V78/><F78/><W125/><G37/><T96/><D38/><U26/><E106/><V60/><F70/><W12/><G125/><T115/><D115/><U2/><E2/><V131/><F131/><W58/><G135/><N who="2" m="51753" /><F44/><W113/><G113/><T4/><D67/><U80/><E19/><V126/><F51/><W85/><G85/><T69/><D69/><U98/><E98/><N who="2" m="57703" /><F126/><W92/><G58/><T50/><D133/><U5/><E5/><N who="0" m="2121" /><D79/><U72/><E72/><V10/><AGARI ba="0,0" hai="10,13,17,21,25,30,60,62" m="57703,51753" machi="10" ten="30,2000,0" yaku="20,1,54,1" doraHai="47" who="2" fromWho="2" sc="19,-5,327,-10,355,20,299,-5" /><INIT seed="6,0,0,1,0,106" ten="14,317,375,294" oya="2" hai0="134,48,67,31,100,1,76,116,87,30,41,38,9" hai1="78,83,32,59,51,61,20,119,11,104,47,71,46" hai2="88,97,28,133,53,21,12,62,85,49,18,0,75" hai3="65,114,8,89,132,117,109,80,29,135,6,92,93"/><V63/><F75/><W111/><G65/><T126/><D134/><N who="3" m="51241" /><G29/><T99/><D126/><U10/><E119/><V107/><F133/><W66/><G66/><T15/><D116/><U108/><E108/><N who="3" m="41546" /><G117/><T54/><D67/><N who="1" m="39359" /><E104/><V124/><F0/><N who="3" m="71" /><G114/><T118/><D1/><U44/><E32/><V34/><F124/><W56/><G56/><T79/><D118/><U101/><E101/><N who="2" m="62895" /><F34/><W69/><G69/><T130/><D30/><U36/><E36/><V105/><F105/><W127/><G127/><T95/><D31/><U74/><E71/><V102/><F102/><W112/><G112/><T123/><D123/><U14/><E74/><V24/><F28/><W57/><G57/><T68/><D68/><U94/><E51/><V33/><F33/><W98/><G93/><T113/><D113/><U35/><E35/><V42/><F42/><W39/><G80/><T84/><D41/><U81/><E94/><N who="2" m="54543" /><F24/><W17/><G17/><T37/><D37/><AGARI ba="0,0" hai="37,39,89,92,98" m="71,41546,51241" machi="37" ten="30,1000,0" yaku="20,1" doraHai="106" who="3" fromWho="0" sc="14,-10,317,0,375,0,294,10" /><INIT seed="7,0,0,5,1,57" ten="4,317,375,304" oya="3" hai0="90,69,127,38,4,111,95,118,121,58,132,106,110" hai1="68,51,15,96,48,87,10,41,115,45,119,124,42" hai2="109,16,112,123,14,80,99,59,134,12,94,114,52" hai3="31,26,56,54,36,3,83,8,76,73,40,105,55"/><W35/><G105/><T7/><D58/><U60/><E115/><N who="2" m="44075" /><F109/><W125/><G125/><T135/><D90/><U88/><E124/><V61/><F123/><W64/><G64/><T23/><D95/><N who="1" m="56423" /><E68/><V78/><F134/><W21/><G35/><T102/><D102/><U11/><E119/><V5/><F5/><N who="3" m="1087" /><G56/><T32/><D23/><U49/><E87/><N who="2" m="48535" /><F16/><W129/><G129/><T18/><D18/><N who="1" m="8567" /><E11/><V128/><F128/><W86/><G86/><T97/><D97/><U65/><E65/><V20/><F20/><W79/><G79/><T33/><D111/><U30/><E30/><V103/><AGARI ba="0,0" hai="12,14,52,59,61,94,99,103" m="48535,44075" machi="103" ten="30,4000,0" yaku="15,1,52,1,54,1" doraHai="57" who="2" fromWho="2" sc="4,-10,317,-10,375,40,304,-20" owari="-6,-51.0,307,11.0,415,52.0,284,-12.0" /></mjloggm>