<mjloggm ver="2.3"><GO type="169" lobby="0"/><UN n0="%E5%B0%B1%E6%B4%BB%E7%94%9F%40%E5%B7%9D%E6%9D%91%E8%BB%8D%E5%9B%A3" n1="%47%E9%9B%80" n2="%E3%83%88%E3%83%88%E3%83%AA%E5%85%88%E7%94%9F%31%39%E6%AD%B3" n3="%E3%83%97%E3%83%A9%E3%83%81%E3%83%8A%E3%83%A0" dan="19,16,19,17" rate="2309.59,2192.70,2330.75,2151.78" sx="M,M,F,M"/><TAIKYOKU oya="0"/><INIT seed="0,0,0,4,4,107" ten="250,250,250,250" oya="0" hai0="62,73,94,15,103,131,40,56,25,93,19,4,105" hai1="16,9,41,91,53,34,110,65,98,129,121,74,123" hai2="99,67,48,127,14,104,124,24,130,113,115,96,82" hai3="50,76,112,32,68,26,114,71,117,0,46,43,8"/><T58/><D131/><U12/><E65/><V36/><F36/><W51/><G117/><T55/><D40/><U72/><E41/><V87/><F130/><W116/><G116/><T1/><D1/><U84/><E129/><V59/><F24/><W111/><G51/><T3/><D3/><U69/><E69/><V57/><F14/><W28/><G111/><T108/><D108/><U77/><E34/><V49/><F87/><W106/><G106/><T17/><D73/><U47/><E77/><V63/><F82/><W37/><G50/><T64/><D105/><U125/><E98/><V101/><F96/><W5/><REACH who="3" step="1"/><G76/><REACH who="3" ten="250,250,250,240" step="2"/><T10/><D103/><U128/><E110/><V39/><F49/><W70/><AGARI ba="0,1" hai="0,5,8,26,28,32,37,43,46,68,70,71,112,114" machi="70" ten="30,8000,1" yaku="1,1,2,1,0,1,23,2,53,0" doraHai="107" doraHaiUra="80" who="3" fromWho="3" sc="250,-40,250,-20,250,-20,240,90" /><INIT seed="1,0,0,3,1,74" ten="210,230,230,330" oya="1" hai0="118,94,44,97,29,2,54,102,115,66,123,82,100" hai1="103,128,117,98,119,27,34,127,76,0,65,40,73" hai2="56,14,70,113,130,81,63,3,20,60,67,92,132" hai3="1,10,6,28,48,4,93,55,42,75,129,106,62"/><U68/><E40/><V101/><F3/><W5/><G106/><T89/><D2/><U12/><E12/><V96/><F130/><W52/><G75/><T18/><D115/><U105/><E128/><V134/><F113/><W114/><G114/><T90/><D29/><N who="1" m="19775" /><E127/><V111/><F111/><W49/><G28/><T53/><D118/><U23/><E23/><V41/><F41/><W50/><G129/><T126/><D126/><U19/><E19/><V16/><REACH who="2" step="1"/><F81/><REACH who="2" ten="210,230,220,330" step="2"/><W83/><G83/><T8/><D82/><N who="1" m="45327" /><E0/><V69/><F69/><W109/><G42/><T88/><D123/><U108/><E108/><V95/><F95/><W25/><G93/><T107/><D107/><U7/><E7/><V32/><F32/><W37/><G5/><T86/><D86/><U21/><E21/><V22/><F22/><W35/><G6/><T36/><D36/><U64/><E64/><AGARI ba="0,1" hai="14,16,20,56,60,63,64,67,70,92,96,101,132,134" machi="64" ten="40,8000,1" yaku="1,1,54,1,53,2" doraHai="74" doraHaiUra="61" who="2" fromWho="1" sc="210,0,230,-80,220,90,330,0" /><INIT seed="2,0,0,0,0,104" ten="210,150,310,330" oya="2" hai0="94,93,24,118,103,79,53,81,96,20,123,70,117" hai1="124,89,43,97,82,13,125,119,113,69,42,28,110" hai2="17,72,128,21,47,39,37,23,77,38,92,107,60" hai3="55,87,73,29,44,62,76,63,4,3,0,75,34"/><V88/><F107/><W16/><G29/><T65/><D123/><U132/><E28/><V32/><F32/><W85/><G34/><T41/><D41/><U108/><E13/><V27/><F128/><W112/><G112/><T74/><D70/><U14/><E14/><V120/><F120/><W36/><G76/><T33/><D33/><U98/><E69/><V127/><F127/><N who="1" m="48713" /><E113/><V111/><F111/><N who="1" m="42537" /><E119/><V30/><F60/><W134/><G55/><T61/><D93/><U114/><E114/><V11/><F11/><W8/><G134/><T12/><D12/><U130/><E42/><V45/><F17/><W99/><G4/><T95/><D95/><U49/><E49/><V86/><REACH who="2" step="1"/><F21/><REACH who="2" ten="210,150,300,330" step="2"/><W78/><G16/><T135/><D20/><U6/><E6/><V25/><F25/><W40/><G8/><T5/><D24/><U22/><E22/><V115/><F115/><W106/><G106/><T26/><D26/><U46/><E130/><V109/><F109/><W100/><G63/><T121/><D5/><U131/><E131/><V9/><F9/><W58/><G62/><T133/><D121/><U35/><E35/><V68/><F68/><W66/><G3/><T57/><D65/><U67/><E67/><V90/><F90/><W15/><G0/><T50/><D61/><U101/><E89/><V18/><F18/><W52/><G66/><T116/><AGARI ba="0,1" hai="50,53,57,74,79,81,94,96,103,116,117,118,133,135" machi="116" ten="40,5200,0" yaku="0,1,12,1,52,1" doraHai="104" who="0" fromWho="0" sc="210,62,150,-13,300,-26,330,-13" /><INIT seed="3,0,0,3,2,49" ten="272,137,274,317" oya="3" hai0="106,129,84,99,41,131,108,114,67,25,89,8,30" hai1="52,59,47,115,19,22,39,109,103,12,124,56,87" hai2="24,9,33,54,5,93,58,116,21,125,27,79,1" hai3="2,92,63,119,130,23,50,60,16,104,98,86,0"/><W96/><G104/><T122/><D122/><U117/><E115/><V68/><F116/><W76/><G119/><T101/><D108/><U28/><E117/><V53/><F68/><W61/><G130/><T70/><D41/><U62/><E109/><V132/><F132/><W40/><G2/><T7/><D114/><U31/><E103/><V26/><F125/><W100/><G0/><N who="0" m="103" /><D89/><U127/><E87/><V72/><F33/><W48/><G40/><T126/><D84/><U64/><E47/><V46/><F93/><W80/><REACH who="3" step="1"/><G98/><REACH who="3" ten="272,137,274,307" step="2"/><T113/><D113/><U17/><E39/><V43/><F43/><W51/><G51/><T85/><D126/><N who="1" m="48171" /><E19/><V32/><F1/><W112/><G112/><T55/><D99/><U65/><E65/><V91/><F5/><W57/><G57/><T118/><D67/><U13/><E13/><AGARI ba="0,1" hai="13,16,23,48,50,60,61,63,76,80,86,92,96,100" machi="13" ten="40,7700,0" yaku="1,1,8,1,54,1,53,0" doraHai="49" doraHaiUra="6" who="3" fromWho="1" sc="272,0,137,-77,274,0,307,87" /><INIT seed="3,1,0,1,0,60" ten="272,60,274,394" oya="3" hai0="11,100,83,95,134,126,129,87,72,109,88,41,114" hai1="56,7,34,118,133,53,29,132,73,86,4,14,123" hai2="57,21,15,13,101,39,128,104,91,80,68,64,105" hai3="107,111,2,28,52,113,85,82,30,38,70,108,65"/><W63/><G38/><T125/><D41/><U67/><E73/><V89/><F39/><W1/><G107/><T45/><D45/><U49/><E123/><V40/><F40/><W127/><G113/><T26/><D26/><U16/><E118/><V55/><F128/><W37/><G37/><T3/><D129/><U77/><E29/><N who="3" m="11370" /><G127/><N who="0" m="48651" /><D109/><N who="3" m="42057" /><G52/><T110/><D110/><U58/><E34/><V81/><F104/><W25/><G25/><T42/><D42/><U59/><E86/><V93/><F105/><W66/><G66/><T61/><D61/><N who="1" m="38335" /><E77/><AGARI ba="1,0" hai="1,2,63,65,70,77,82,85" m="42057,11370" machi="77" ten="30,5800,0" yaku="14,1,10,1,52,1" doraHai="60" who="3" fromWho="1" sc="272,0,60,-61,274,0,394,61" owari="272,-13.0,-1,-50.0,274,7.0,455,56.0" /></mjloggm>