<mjloggm ver="2.3"><GO type="169" lobby="0"/><UN n0="%E3%81%84%E3%81%84%E7%AC%91%E9%A1%94" n1="%E3%82%A6%E3%83%AB%E3%83%88%E3%83%A9%E7%AB%8B%E7%9B%B4" n2="%E3%81%86%E3%81%91%E3%81%AA%E3%81%8C%E3%81%99%E3%81%9C" n3="%E3%83%AA%E3%82%B5%E3%81%95%E3%81%BE" dan="16,18,17,17" rate="2150.56,2260.83,2138.52,2162.05" sx="F,M,F,F"/><TAIKYOKU oya="0"/><INIT seed="0,0,0,1,2,31" ten="250,250,250,250" oya="0" hai0="60,128,20,59,33,44,62,124,51,87,37,122,54" hai1="106,73,72,83,125,9,81,25,70,8,64,89,12" hai2="69,135,80,55,32,47,95,40,75,41,112,21,131" hai3="74,24,63,104,84,28,23,18,45,98,94,38,52"/><T93/><D122/><U76/><E106/><V100/><F112/><W57/><G74/><T86/><D124/><U99/><E125/><V117/><F69/><W35/><G104/><T107/><D107/><U123/><E123/><V0/><F41/><W77/><G38/><T88/><D128/><U105/><E64/><V118/><F55/><W6/><G6/><T109/><D109/><U120/><E70/><V22/><F131/><W26/><G77/><T13/><D33/><U68/><E68/><V78/><F135/><W134/><G134/><T48/><D87/><U114/><E25/><V113/><F32/><W130/><G130/><T90/><D90/><U30/><E30/><V56/><F56/><W61/><G84/><T116/><D116/><N who="2" m="44650" /><F0/><W17/><G18/><N who="0" m="10319" /><D37/><U46/><E89/><V10/><F10/><W53/><G45/><T65/><D65/><U111/><E76/><V1/><F1/><W115/><G115/><T27/><D27/><U19/><E73/><V71/><F71/><W50/><REACH who="3" step="1"/><G53/><AGARI ba="0,0" hai="44,48,51,53,54,59,60,62,86,88,93" m="10319" machi="53" ten="30,5800,0" yaku="25,1,8,1,54,1" doraHai="31" who="0" fromWho="3" sc="250,58,250,0,250,0,250,-58" /><INIT seed="0,1,0,3,3,60" ten="308,250,250,192" oya="0" hai0="15,66,65,18,29,125,128,134,75,55,97,40,36" hai1="58,71,3,124,118,23,127,94,105,106,45,52,46" hai2="35,91,77,80,96,76,54,13,38,78,28,24,6" hai3="103,68,20,17,110,43,81,133,25,57,27,22,70"/><T111/><D75/><U131/><E71/><V5/><F38/><W107/><G110/><T19/><D29/><U73/><E3/><V126/><F126/><W64/><G133/><T26/><D125/><U41/><E73/><V113/><F113/><W86/><G43/><T116/><D116/><U39/><E118/><V92/><F54/><W112/><G112/><T59/><D134/><U82/><E106/><V7/><REACH who="2" step="1"/><F13/><REACH who="2" ten="308,250,240,192" step="2"/><W130/><G130/><T100/><D128/><U30/><E52/><V101/><F101/><W102/><G103/><T72/><D36/><U4/><E39/><V129/><F129/><W9/><G102/><T10/><D40/><U44/><E41/><V114/><F114/><W83/><G107/><T85/><D111/><U79/><E105/><V67/><F67/><W84/><G64/><T62/><D72/><AGARI ba="1,1" hai="5,6,7,24,28,35,72,76,77,78,80,91,92,96" machi="72" ten="40,1300,0" yaku="1,1,53,0" doraHai="60" doraHaiUra="49" who="2" fromWho="0" sc="308,-16,250,0,240,26,192,0" /><INIT seed="1,0,0,4,4,96" ten="292,250,266,192" oya="1" hai0="79,116,48,7,64,107,127,40,16,114,1,21,97" hai1="94,133,5,84,112,73,47,131,56,95,74,76,23" hai2="0,24,45,18,119,39,62,75,19,85,110,29,53" hai3="98,20,3,122,8,99,72,108,113,83,6,91,37"/><U33/><E33/><V38/><F119/><W25/><G108/><T135/><D116/><U15/><E112/><V130/><F110/><W93/><G122/><T121/><D121/><U65/><E131/><V92/><F0/><W89/><G113/><T42/><D114/><U125/><E125/><V103/><F75/><W27/><G37/><T87/><D135/><U120/><E120/><V59/><F130/><W57/><G57/><T102/><D127/><U35/><E35/><V51/><F39/><W55/><G55/><T32/><D32/><U126/><E74/><V70/><F85/><W100/><G99/><T81/><D64/><U67/><E73/><V66/><F92/><N who="1" m="35369" /><E133/><V58/><F103/><W90/><REACH who="3" step="1"/><G20/><REACH who="3" ten="292,250,266,182" step="2"/><T60/><D60/><U49/><E56/><V11/><F59/><W22/><G22/><T86/><D48/><U31/><E126/><V61/><F38/><W115/><G115/><T134/><D134/><U117/><E117/><V17/><F62/><W26/><G26/><T128/><D128/><U13/><E49/><V129/><F129/><W14/><G14/><T124/><D124/><U105/><E47/><V10/><F45/><W12/><G12/><T80/><D1/><U36/><E36/><V111/><F111/><W54/><G54/><T78/><D7/><U4/><E15/><AGARI ba="0,1" hai="15,16,21,40,42,78,79,80,81,86,87,97,102,107" machi="15" ten="30,7700,0" yaku="7,1,9,1,52,1,54,1" doraHai="96" who="0" fromWho="1" sc="292,87,250,-77,266,0,182,0" /><INIT seed="2,0,0,1,5,21" ten="379,173,266,182" oya="2" hai0="20,6,125,26,32,90,11,27,102,57,25,96,72" hai1="66,35,4,114,7,99,13,50,2,88,107,69,58" hai2="89,106,92,91,134,29,64,111,122,121,79,12,39" hai3="63,43,49,83,44,84,61,93,105,133,16,113,46"/><V103/><F39/><W3/><G133/><T97/><D72/><U34/><E2/><V130/><F64/><W85/><G105/><T95/><D32/><U45/><E69/><V112/><F12/><W98/><G3/><T101/><D125/><U42/><E114/><V80/><F29/><W8/><G113/><T94/><D57/><U28/><E107/><V41/><F41/><W1/><G1/><T78/><D78/><U115/><E115/><V118/><F112/><W5/><G5/><T33/><D33/><U110/><E110/><V124/><F118/><W126/><G126/><T75/><D75/><U128/><E128/><V23/><F23/><W127/><G84/><T123/><D123/><N who="2" m="47114" /><F124/><W40/><G127/><T87/><D11/><U71/><E71/><V30/><F30/><W119/><G119/><T116/><D6/><U17/><E34/><V9/><F106/><W104/><G104/><T81/><D116/><U52/><E66/><V37/><F37/><W129/><G129/><T62/><D62/><N who="1" m="36167" /><E28/><AGARI ba="0,0" hai="20,25,26,27,28,81,87,90,94,95,96,97,101,102" machi="28" ten="30,12000,2" yaku="7,1,9,1,8,1,52,3" doraHai="21" who="0" fromWho="1" sc="379,120,173,-120,266,0,182,0" /><INIT seed="3,0,0,5,3,1" ten="499,53,266,182" oya="3" hai0="83,29,113,25,37,92,82,111,4,26,51,99,123" hai1="2,88,47,67,95,131,59,127,70,38,41,97,45" hai2="126,114,104,21,24,68,9,57,43,133,125,62,16" hai3="35,40,129,112,66,120,30,32,20,10,84,78,105"/><W12/><G105/><T135/><D111/><U109/><E109/><V119/><F119/><W118/><G66/><T74/><D37/><U106/><E106/><V64/><F114/><W87/><G87/><T71/><D71/><U49/><E127/><N who="2" m="48651" /><F133/><W39/><G84/><T13/><D123/><U110/><E110/><V46/><F104/><W122/><G40/><T50/><D135/><U102/><E131/><V27/><F9/><W3/><G78/><T34/><D26/><U85/><E2/><V28/><F68/><W6/><G39/><T0/><D0/><U77/><E77/><V108/><F108/><W58/><G58/><T96/><D96/><U115/><E115/><V55/><F55/><W134/><G134/><T11/><D113/><U56/><E67/><V15/><F28/><W116/><G129/><T107/><D107/><U31/><E31/><V22/><F22/><W54/><G54/><T19/><D19/><U76/><E76/><V5/><F5/><W89/><G89/><T86/><D74/><U48/><E70/><V121/><F121/><N who="3" m="46699" /><G112/><T100/><D83/><N who="1" m="49215" /><E38/><AGARI ba="0,0" hai="15,16,21,24,27,38,43,46,57,62,64" m="48651" machi="38" ten="30,2000,0" yaku="18,1,54,1" doraHai="1" who="2" fromWho="1" sc="499,0,53,-20,266,20,182,0" /><INIT seed="4,0,0,4,0,0" ten="499,33,286,182" oya="0" hai0="28,70,33,43,6,104,125,7,108,109,48,55,21" hai1="117,118,91,101,10,50,29,35,42,85,26,82,120" hai2="3,8,40,1,5,4,46,41,127,110,100,116,99" hai3="98,74,22,54,84,113,31,121,129,66,76,73,135"/><T124/><D104/><U88/><E120/><V37/><F110/><N who="0" m="42602" /><D70/><U59/><E101/><V11/><F127/><N who="0" m="48714" /><D33/><U95/><E59/><V16/><F16/><W63/><G84/><T58/><D43/><U92/><E92/><V64/><F64/><W9/><G54/><T24/><AGARI ba="0,0" hai="6,7,21,24,28,48,55,58" m="48714,42602" machi="24" ten="40,12000,1" yaku="10,1,18,1,52,2" doraHai="0" who="0" fromWho="0" sc="499,120,33,-40,286,-40,182,-40" owari="619,72.0,-7,-51.0,246,5.0,142,-26.0" /></mjloggm>