<mjloggm ver="2.3"><GO type="169" lobby="0"/><UN n0="%E8%97%8D%E8%91%89" n1="%E9%B3%B4%E3%81%8D%E9%BA%BB%E9%9B%80%E3%81%AE%E5%8F%AF%E8%83%BD%E6%80%A7" n2="%E3%83%88%E3%83%88%E3%83%AA%E5%85%88%E7%94%9F%31%39%E6%AD%B3" n3="%E6%96%B0%E4%B8%96%E7%95%8C%E3%81%AE%E7%B4%99" dan="16,16,18,17" rate="2120.03,2091.37,2300.22,2164.95" sx="M,M,F,F"/><TAIKYOKU oya="0"/><INIT seed="0,0,0,4,4,69" ten="250,250,250,250" oya="0" hai0="121,17,14,24,129,42,102,125,58,61,9,56,8" hai1="18,85,68,11,45,77,13,75,30,103,57,86,108" hai2="89,38,96,43,55,40,41,128,132,23,107,99,120" hai3="79,7,46,39,80,126,100,110,127,131,114,112,20"/><T15/><D121/><U29/><E68/><V133/><F120/><W116/><G116/><T90/><D125/><N who="3" m="47625" /><G110/><T36/><D129/><U28/><E108/><V135/><F128/><W71/><G131/><T76/><D76/><U92/><E57/><V35/><F35/><W0/><G71/><T59/><D102/><U101/><E45/><N who="2" m="23703" /><F55/><W49/><G100/><T84/><D24/><U91/><E75/><V115/><F115/><W72/><G20/><T22/><D61/><U78/><E77/><V48/><F107/><W123/><G123/><T87/><D87/><U88/><REACH who="1" step="1"/><E78/><REACH who="1" ten="250,240,250,250" step="2"/><V134/><F134/><W98/><G112/><T63/><D63/><U50/><E50/><V10/><F48/><W81/><G114/><T54/><D59/><U4/><E4/><V74/><F74/><W106/><G79/><T21/><D58/><U6/><E6/><V65/><F135/><W64/><G49/><T105/><D56/><U124/><E124/><V67/><F132/><W104/><G72/><T44/><D105/><U117/><E117/><V34/><F133/><W19/><G104/><T27/><D54/><U51/><E51/><V31/><F65/><W16/><G64/><T118/><D118/><U95/><AGARI ba="0,1" hai="11,13,18,28,29,30,85,86,88,91,92,95,101,103" machi="95" ten="30,12000,2" yaku="1,1,0,1,9,1,8,1,54,1,53,2" doraHai="69" doraHaiUra="97" who="1" fromWho="1" sc="250,-60,240,130,250,-30,250,-30" /><INIT seed="1,0,0,5,3,56" ten="190,370,220,220" oya="1" hai0="25,61,37,1,19,6,65,111,72,85,14,22,94" hai1="2,89,30,43,15,60,59,69,84,41,48,120,0" hai2="4,52,86,21,34,3,75,82,101,110,102,77,73" hai3="106,38,50,12,119,45,29,44,70,42,107,81,79"/><U92/><E120/><V78/><F34/><W53/><G119/><T13/><D37/><U130/><E130/><V98/><F110/><W105/><G70/><T132/><D72/><U23/><E69/><V31/><F77/><W88/><G29/><T8/><D111/><U66/><E30/><V62/><F101/><W58/><G12/><T49/><D49/><U100/><E100/><V134/><F134/><W20/><G20/><T47/><D47/><U103/><E103/><V135/><F135/><W116/><G116/><T109/><D109/><U5/><E48/><V63/><F3/><W114/><G114/><T51/><D51/><U125/><E125/><V10/><F75/><W95/><G45/><T96/><D85/><U11/><REACH who="1" step="1"/><E23/><REACH who="1" ten="190,360,220,220" step="2"/><V115/><F21/><W76/><G38/><T71/><D132/><U9/><E9/><V16/><F31/><W131/><G131/><T28/><D28/><U113/><E113/><V124/><F124/><W126/><G126/><T121/><D121/><U128/><E128/><V108/><F115/><W40/><G44/><T64/><REACH who="0" step="1"/><D65/><REACH who="0" ten="180,360,220,220" step="2"/><U68/><E68/><V26/><F108/><W36/><G36/><T87/><D87/><U55/><E55/><V7/><F52/><W57/><G53/><T104/><D104/><U39/><E39/><V80/><F73/><W117/><G50/><T99/><D99/><U93/><E93/><V129/><F129/><W74/><G117/><T27/><D27/><U46/><E46/><V123/><F123/><W127/><G127/><T118/><D118/><U122/><E122/><V33/><F26/><RYUUKYOKU ba="0,2" sc="180,15,360,15,220,-15,220,-15" hai0="1,6,8,13,14,19,22,25,61,64,71,94,96" hai1="0,2,5,11,15,41,43,59,60,66,84,89,92" /><INIT seed="1,1,2,0,1,74" ten="195,375,205,205" oya="1" hai0="123,25,34,3,69,72,88,15,105,85,95,73,70" hai1="7,24,87,40,63,79,49,1,5,81,6,38,112" hai2="75,96,47,98,107,13,62,119,111,84,19,117,9" hai3="23,30,16,90,53,45,113,110,44,83,68,58,118"/><U28/><E112/><V108/><F75/><W66/><G113/><T124/><D105/><U126/><E126/><V29/><F29/><W129/><G110/><N who="2" m="42025" /><F62/><N who="3" m="38231" /><G68/><T86/><D3/><U102/><E102/><N who="2" m="62919" /><F98/><W33/><G33/><T43/><D73/><U20/><E63/><V103/><F103/><W93/><G129/><T56/><D72/><U109/><E109/><V77/><F47/><W92/><G118/><T57/><D124/><U91/><E38/><V130/><F130/><W2/><G2/><T60/><D43/><U31/><E31/><V94/><F94/><W8/><G83/><AGARI ba="1,2" hai="9,13,19,77,83,84,117,119" m="62919,42025" machi="83" ten="30,2000,0" yaku="14,1,52,1" doraHai="74" who="2" fromWho="3" sc="195,0,375,0,205,43,205,-23" /><INIT seed="2,0,0,0,5,17" ten="195,375,248,182" oya="2" hai0="36,18,93,20,118,103,44,0,26,21,105,126,72" hai1="69,13,53,35,102,40,119,52,112,76,80,94,120" hai2="10,114,95,83,48,79,104,89,82,85,45,57,29" hai3="58,86,100,65,77,111,108,24,130,113,3,19,123"/><V125/><F114/><W37/><G113/><T56/><D72/><U33/><E119/><V41/><F104/><W97/><G123/><T107/><D0/><U91/><E69/><V9/><F125/><W71/><G37/><T49/><D126/><U60/><E35/><V34/><F34/><W87/><G3/><T73/><D73/><U98/><E33/><V92/><F29/><W63/><G130/><T28/><D56/><N who="1" m="34823" /><E40/><V62/><F83/><W99/><G71/><T14/><D36/><U46/><E120/><V74/><REACH who="2" step="1"/><F92/><REACH who="2" ten="195,375,238,182" step="2"/><W96/><G108/><T30/><D30/><U5/><E80/><V47/><F47/><W66/><G111/><T101/><D107/><U6/><E46/><V116/><F116/><W129/><G129/><T8/><D105/><U43/><E94/><V121/><F121/><W132/><G77/><T127/><D127/><U32/><E76/><V133/><F133/><W54/><G132/><T4/><D118/><U115/><E32/><V27/><F27/><W11/><G24/><N who="0" m="14359" /><D93/><N who="1" m="56639" /><E115/><V84/><F84/><W61/><G87/><T128/><D128/><U134/><E134/><V124/><F124/><W25/><G86/><T81/><D81/><U23/><E112/><V135/><F135/><W15/><G25/><T78/><D78/><U106/><E106/><V110/><F110/><W22/><G97/><T59/><D44/><U51/><E102/><V70/><F70/><W55/><G100/><T109/><D109/><U68/><E68/><V75/><F75/><W90/><G99/><T31/><D31/><U42/><E13/><V16/><F16/><RYUUKYOKU ba="0,1" sc="195,15,375,-15,238,15,182,-15" hai0="4,8,14,21,26,28,49,59,101,103" hai2="9,10,41,45,48,57,62,74,79,82,85,89,95" /><INIT seed="2,1,1,1,2,1" ten="210,360,253,167" oya="2" hai0="82,51,16,87,73,54,69,107,6,81,114,31,33" hai1="14,42,55,41,8,36,45,77,116,75,48,134,46" hai2="13,20,24,11,56,123,15,49,131,76,67,129,3" hai3="60,0,7,72,86,59,108,128,119,115,89,113,105"/><V34/><F76/><W27/><G119/><T4/><D107/><U100/><E116/><V63/><F123/><W85/><G72/><T118/><D114/><U23/><E134/><V25/><F34/><W62/><G105/><T5/><D69/><U97/><E23/><V124/><F124/><W101/><G101/><T70/><D70/><U2/><E2/><V79/><F25/><W29/><G108/><T10/><D118/><U44/><E75/><V52/><F79/><W50/><G50/><T22/><D33/><U68/><E68/><V65/><F3/><W120/><G120/><T111/><D73/><U18/><E77/><V121/><F121/><W127/><G62/><T66/><D66/><U40/><REACH who="1" step="1"/><E44/><REACH who="1" ten="210,350,253,167" step="2"/><N who="2" m="27687" /><F131/><W135/><G128/><T80/><D111/><U94/><AGARI ba="1,2" hai="8,14,18,36,40,41,42,45,46,48,55,94,97,100" machi="94" ten="20,5200,0" yaku="1,1,0,1,7,1,53,1" doraHai="1" doraHaiUra="9" who="1" fromWho="1" sc="210,-14,350,75,253,-27,167,-14" /><INIT seed="3,0,0,4,1,97" ten="196,425,226,153" oya="3" hai0="75,55,57,129,109,28,34,101,60,2,96,72,20" hai1="134,124,48,11,99,110,44,98,23,74,89,46,119" hai2="73,113,131,79,82,118,27,122,0,33,100,67,63" hai3="84,42,19,51,56,62,52,117,108,1,58,112,116"/><W10/><G112/><T115/><D2/><U24/><E74/><V13/><F118/><W87/><G108/><T15/><D109/><U76/><E76/><V104/><F122/><W121/><G121/><T37/><D37/><U83/><E110/><V50/><F50/><W21/><G1/><T90/><D129/><U91/><E134/><V77/><F13/><N who="3" m="7607" /><G117/><T61/><D34/><U18/><E124/><V7/><F79/><W47/><G116/><T68/><D90/><N who="1" m="34315" /><E83/><V25/><F113/><W38/><G38/><T9/><D115/><U64/><E64/><V53/><F53/><W133/><G133/><T128/><D128/><U125/><E125/><V130/><F7/><W49/><G21/><T4/><D68/><U70/><E70/><N who="2" m="42367" /><F27/><W6/><G6/><T5/><D5/><U78/><E78/><V3/><F130/><W135/><G135/><T92/><REACH who="0" step="1"/><D61/><REACH who="0" ten="186,425,226,153" step="2"/><U22/><E119/><V69/><F69/><W14/><G14/><T16/><D16/><U54/><E18/><V12/><F12/><W32/><G32/><T114/><D114/><U105/><E24/><AGARI ba="0,1" hai="4,9,15,20,24,28,55,57,60,72,75,92,96,101" machi="24" ten="40,2600,0" yaku="1,1,52,1,53,0" doraHai="97" doraHaiUra="86" who="0" fromWho="1" sc="186,36,425,-26,226,0,153,0" /><INIT seed="4,0,0,3,1,23" ten="222,399,226,153" oya="0" hai0="36,92,103,15,58,95,27,1,19,9,16,122,76" hai1="102,91,17,89,31,35,106,7,128,112,55,25,11" hai2="28,134,13,82,107,105,70,129,96,117,34,10,59" hai3="42,86,33,69,67,90,116,113,130,74,61,71,39"/><T2/><D122/><U101/><E128/><V37/><F70/><W108/><G108/><T98/><D36/><U51/><E112/><V73/><F37/><W64/><G116/><T65/><D76/><U115/><E17/><V123/><F123/><W93/><G130/><T54/><D92/><U126/><E126/><V133/><F129/><W6/><G113/><T5/><D65/><U48/><E48/><V84/><F73/><W18/><G74/><T12/><D5/><U72/><E72/><V79/><F117/><W124/><G124/><T22/><REACH who="0" step="1"/><D15/><REACH who="0" ten="212,399,226,153" step="2"/><U97/><E115/><V43/><F13/><W24/><G6/><T81/><D81/><U3/><E102/><V0/><F82/><W80/><G67/><T8/><D8/><U38/><E38/><V135/><F10/><W20/><G80/><T94/><D94/><U132/><E132/><V30/><F133/><W99/><G69/><T110/><D110/><U119/><E119/><V125/><F125/><W111/><G111/><T4/><D4/><U40/><E3/><V120/><F0/><W114/><G114/><T68/><D68/><U21/><E7/><V46/><F120/><W29/><G39/><T104/><D104/><U75/><E11/><V109/><F109/><W49/><G71/><T62/><AGARI ba="0,1" hai="1,2,9,12,16,19,22,27,54,58,62,95,98,103" machi="62" ten="20,18000,2" yaku="1,1,0,1,7,1,52,1,54,1,53,1" doraHai="23" doraHaiUra="53" who="0" fromWho="0" sc="212,190,399,-60,226,-60,153,-60" /><INIT seed="4,1,0,4,1,131" ten="402,339,166,93" oya="0" hai0="41,128,69,107,18,49,25,67,79,104,100,6,89" hai1="78,75,0,21,126,12,11,77,133,103,83,9,10" hai2="94,19,113,48,40,23,116,80,61,96,121,45,115" hai3="124,50,30,118,105,42,81,27,109,72,24,15,17"/><T108/><D128/><U64/><E126/><V22/><F121/><W52/><G118/><T59/><D79/><U82/><E133/><V62/><F116/><W32/><G109/><T125/><D6/><U58/><E103/><V114/><F80/><W71/><G124/><T120/><D120/><U57/><E0/><V119/><F119/><W63/><G105/><T54/><D125/><U99/><E99/><V35/><F35/><W101/><G101/><T111/><D89/><U84/><REACH who="1" step="1"/><E64/><REACH who="1" ten="402,329,166,93" step="2"/><V110/><F110/><W2/><G2/><T86/><D100/><U43/><E43/><V76/><F96/><W44/><G42/><T97/><D41/><U37/><E37/><V73/><F113/><W66/><G32/><T90/><D97/><U56/><E56/><V51/><F114/><W14/><G66/><T7/><D108/><U34/><E34/><V53/><F115/><W65/><G65/><T127/><D127/><U39/><E39/><V122/><F122/><W46/><G46/><T132/><D111/><U33/><E33/><V70/><F45/><W134/><G44/><T130/><D67/><U74/><E74/><V68/><F73/><W91/><G72/><T3/><D3/><U26/><E26/><V117/><F40/><W87/><G134/><T123/><D132/><U13/><E13/><V47/><F47/><N who="3" m="27743" /><G15/><T29/><D123/><U92/><E92/><V1/><F117/><W102/><G102/><T55/><D130/><U4/><E4/><V93/><F1/><W36/><G36/><T16/><D7/><U95/><E95/><V85/><F93/><RYUUKYOKU ba="1,1" sc="402,-10,329,30,166,-10,93,-10" hai1="9,10,11,12,21,57,58,75,77,78,82,83,84" /><INIT seed="5,2,1,0,0,33" ten="392,359,156,83" oya="1" hai0="41,133,47,61,98,63,22,115,32,101,11,27,116" hai1="59,92,91,74,113,38,117,29,108,2,53,87,34" hai2="57,134,95,71,10,46,90,125,129,70,54,121,62" hai3="4,88,37,97,112,83,3,21,50,12,93,120,65"/><U130/><E117/><V8/><F121/><W89/><G120/><T67/><D115/><U118/><E118/><V51/><F129/><W72/><G37/><T7/><D116/><U77/><E38/><V110/><F110/><W78/><G112/><T123/><D133/><U84/><E74/><V42/><F134/><W124/><G124/><T36/><D32/><U73/><E73/><V9/><REACH who="2" step="1"/><F125/><REACH who="2" ten="392,359,146,83" step="2"/><W85/><G65/><T18/><D123/><U128/><E108/><V13/><F13/><W1/><G50/><T14/><D67/><U45/><E128/><V114/><F114/><W26/><G12/><T68/><D68/><U81/><E113/><V131/><F131/><W31/><REACH who="3" step="1"/><G4/><REACH who="3" ten="392,359,146,73" step="2"/><T106/><AGARI ba="2,3" hai="7,11,14,18,22,27,36,41,47,61,63,98,101,106" machi="106" ten="20,1500,0" yaku="0,1,7,1" doraHai="33" who="0" fromWho="0" sc="392,51,359,-9,146,-6,73,-6" /><INIT seed="6,0,0,0,5,108" ten="443,350,140,67" oya="2" hai0="77,106,23,51,114,71,72,19,14,62,40,131,120" hai1="92,83,50,64,104,15,100,111,123,25,9,122,113" hai2="68,134,54,1,45,24,53,39,112,70,99,47,124" hai3="88,96,27,29,66,67,63,11,78,5,58,105,116"/><V65/><F1/><W0/><G116/><T49/><D120/><N who="1" m="46123" /><E111/><V8/><F8/><W36/><G36/><T118/><D106/><U79/><E64/><V21/><F99/><W75/><G75/><T82/><D131/><U87/><E50/><N who="2" m="28879" /><F21/><W91/><G78/><T44/><D118/><U95/><E25/><V4/><F4/><W80/><G80/><T57/><D71/><N who="2" m="27178" /><F24/><W22/><REACH who="3" step="1"/><G67/><REACH who="3" ten="443,350,140,57" step="2"/><T17/><D82/><U81/><E83/><V43/><F65/><W46/><G46/><T28/><D77/><U97/><E79/><V125/><F134/><W117/><G117/><T52/><D114/><U115/><E81/><V89/><F112/><N who="1" m="43081" /><E87/><V48/><F89/><W2/><G2/><T73/><D72/><U37/><E37/><V128/><F128/><W107/><G107/><T130/><D73/><U41/><E104/><V59/><AGARI ba="0,1" hai="39,43,47,48,54,59,124,125" m="27178,28879" machi="59" ten="30,3000,0" yaku="34,2" doraHai="108" who="2" fromWho="2" sc="443,-10,350,-10,140,40,57,-10" /><INIT seed="6,1,0,2,0,83" ten="433,340,180,47" oya="2" hai0="93,57,129,94,108,3,126,111,42,114,78,92,88" hai1="107,96,80,24,30,124,132,105,20,118,64,12,104" hai2="35,15,125,5,32,8,51,98,22,4,65,134,1" hai3="100,76,45,67,41,50,87,77,110,61,122,59,97"/><V86/><F134/><W121/><G110/><T117/><D114/><U91/><E118/><V36/><F36/><W85/><G121/><T46/><D3/><U89/><E124/><V133/><F133/><W28/><G122/><T13/><D126/><U113/><E113/><V33/><F125/><W73/><G28/><T75/><D129/><U27/><E64/><V74/><F74/><W131/><G131/><T82/><D117/><U99/><E12/><V116/><F116/><W123/><G123/><T128/><D128/><U11/><E11/><V6/><F65/><W9/><G9/><T21/><D57/><U63/><E63/><V31/><F51/><W58/><G58/><T18/><D88/><U14/><E14/><V39/><F39/><W103/><G103/><T29/><D29/><U115/><E115/><V7/><F86/><N who="3" m="32779" /><G73/><T44/><D44/><U47/><E47/><V25/><F98/><W10/><G10/><AGARI ba="1,0" hai="1,4,5,6,7,8,10,15,22,25,31,32,33,35" machi="10" ten="40,18000,2" yaku="35,6" doraHai="83" who="2" fromWho="3" sc="433,0,340,0,180,183,47,-183" owari="433,54.0,340,-6.0,363,16.0,-136,-64.0" /></mjloggm>