<mjloggm ver="2.3"><GO type="169" lobby="0"/><UN n0="%E3%81%BF%E3%81%95%E3%81%8A" n1="%E3%82%A6%E3%83%AB%E3%83%88%E3%83%A9%E7%AB%8B%E7%9B%B4" n2="%E7%B6%B4%E3%82%8B%EF%BC%81" n3="%E3%81%AA%E3%82%93%E3%81%A7%E3%82%82%E3%83%8A%E3%83%BC%E3%83%9F%E3%83%B3" dan="16,18,17,16" rate="2011.73,2228.32,2116.34,2130.84" sx="F,M,M,M"/><TAIKYOKU oya="0"/><INIT seed="0,0,0,2,1,127" ten="250,250,250,250" oya="0" hai0="83,66,13,49,131,42,54,1,29,64,115,16,5" hai1="45,112,118,73,111,23,4,39,69,99,129,9,65" hai2="53,28,96,8,27,105,56,55,123,38,128,86,122" hai3="130,134,40,92,62,117,35,133,70,21,19,36,61"/><T81/><D115/><U121/><E118/><V10/><F38/><W30/><G35/><T75/><D29/><U91/><E121/><V76/><F105/><W84/><G30/><T135/><D1/><U95/><E111/><V77/><F96/><W100/><G117/><T124/><D5/><U63/><E73/><V37/><F37/><W106/><G106/><T26/><D42/><U98/><E112/><V103/><F103/><W71/><G40/><T110/><D26/><U109/><E109/><V24/><F28/><W25/><G36/><T46/><D124/><U12/><E39/><V18/><F56/><W88/><G100/><T15/><D15/><U11/><E45/><V113/><F113/><W33/><G33/><T58/><D75/><U94/><E11/><V80/><F80/><W43/><G43/><T114/><D114/><U93/><E23/><V31/><F31/><W0/><G0/><T85/><D46/><U20/><E20/><V101/><F101/><W78/><G78/><T48/><D48/><U22/><E22/><V41/><F41/><W3/><G3/><T68/><D68/><N who="3" m="26153" /><G130/><T132/><D131/><U107/><E129/><V74/><F128/><W50/><G50/><T47/><D47/><U60/><E60/><V104/><F104/><W59/><G59/><T72/><D72/><U126/><E126/><V14/><F74/><W52/><G52/><T79/><D110/><U7/><E7/><V102/><F102/><W67/><G67/><N who="0" m="25643" /><D83/><U89/><REACH who="1" step="1"/><E107/><REACH who="1" ten="250,240,250,250" step="2"/><V6/><F6/><W116/><G116/><T120/><D120/><U87/><E87/><RYUUKYOKU ba="0,1" sc="250,10,240,10,250,-30,250,10" hai0="13,16,49,54,58,79,81,85,132,135" hai1="4,9,12,63,65,69,89,91,93,94,95,98,99" hai3="19,21,25,61,62,84,88,92,133,134" /><INIT seed="0,1,1,3,0,5" ten="260,250,220,260" oya="0" hai0="44,14,60,81,98,121,65,34,40,41,78,2,123" hai1="115,118,46,29,106,113,22,77,132,47,70,63,107" hai2="11,12,109,16,7,48,130,87,108,104,62,120,55" hai3="134,74,80,8,10,83,128,30,66,61,116,24,114"/><T97/><D34/><U69/><E77/><V17/><F120/><W45/><G114/><N who="1" m="43530" /><E118/><V23/><F104/><N who="1" m="39977" /><E132/><V73/><F73/><W33/><G116/><T38/><D41/><U50/><E63/><V6/><F130/><W112/><G112/><T76/><D76/><U1/><E1/><V9/><F62/><W124/><G128/><T49/><D2/><U25/><E47/><N who="2" m="28063" /><F87/><W3/><G3/><T79/><D79/><U135/><E135/><V125/><F125/><W13/><G74/><T51/><D51/><U102/><E102/><V99/><F99/><W101/><G101/><T75/><D49/><U126/><E126/><V100/><F100/><W86/><G134/><T89/><D98/><U31/><E29/><V15/><F23/><W4/><G124/><T52/><D65/><U35/><E35/><V103/><F103/><W111/><G45/><T0/><D0/><U93/><E93/><V57/><F57/><W88/><G111/><AGARI ba="1,1" hai="6,7,9,11,12,15,16,17,108,109,111" m="28063" machi="111" ten="30,7700,0" yaku="14,1,52,2,54,1" doraHai="5" who="2" fromWho="3" sc="260,0,250,0,220,90,260,-80" /><INIT seed="1,0,0,2,4,80" ten="260,250,310,180" oya="1" hai0="106,25,101,94,124,104,111,75,62,134,98,4,99" hai1="118,15,81,58,84,19,36,52,131,61,70,87,92" hai2="1,110,53,120,96,109,126,68,14,59,39,42,117" hai3="40,91,83,29,113,24,11,33,27,22,129,6,51"/><U116/><E36/><V86/><F117/><W74/><G113/><T7/><D75/><U71/><E131/><V8/><F120/><W125/><G125/><T13/><D124/><U69/><E92/><V100/><F68/><W121/><G121/><T26/><D62/><U5/><E5/><V28/><F28/><W90/><G129/><T41/><D41/><U65/><E65/><V23/><F23/><W35/><G35/><T34/><D94/><U3/><E3/><V135/><F1/><W60/><G60/><T55/><D34/><U20/><REACH who="1" step="1"/><E87/><REACH who="1" ten="260,240,310,180" step="2"/><V108/><F86/><W16/><G74/><T38/><D7/><U72/><E72/><V85/><F85/><W107/><G107/><T103/><D4/><U56/><E56/><V47/><F126/><W18/><G83/><T105/><D105/><U73/><E73/><V64/><F64/><W12/><G91/><AGARI ba="0,1" hai="15,19,20,52,58,61,69,70,71,81,84,91,116,118" machi="91" ten="40,12000,1" yaku="1,1,52,1,54,1,53,1" doraHai="80" doraHaiUra="9" who="1" fromWho="3" sc="260,0,240,130,310,0,180,-120" /><INIT seed="1,1,0,1,2,37" ten="260,370,310,60" oya="1" hai0="99,65,96,78,129,103,52,81,36,43,84,132,119" hai1="20,124,72,82,134,10,85,40,126,66,67,120,45" hai2="101,51,135,95,16,14,116,90,80,29,102,100,50" hai3="71,30,117,19,77,133,3,33,73,86,62,5,63"/><U68/><E120/><V87/><F116/><W34/><G73/><T121/><D119/><U112/><E112/><V9/><F135/><W58/><G71/><T98/><D132/><U12/><E20/><V4/><F29/><W35/><G77/><T104/><D65/><U94/><E94/><V123/><F123/><W93/><G86/><T130/><D121/><U114/><E72/><V25/><F25/><N who="3" m="18639" /><G93/><T89/><D89/><U1/><E1/><V115/><F115/><W23/><G62/><T27/><D27/><U128/><E128/><V18/><F95/><W39/><G63/><T28/><D28/><U0/><E0/><V105/><F105/><W2/><G39/><T106/><D103/><U32/><E32/><N who="3" m="12330" /><G58/><T46/><REACH who="0" step="1"/><D52/><REACH who="0" ten="250,370,310,60" step="2"/><U92/><E67/><V91/><F91/><W21/><G133/><T64/><D64/><U125/><E134/><V48/><AGARI ba="1,1" hai="4,9,14,16,18,48,50,51,80,87,90,100,101,102" machi="48" ten="30,4000,0" yaku="0,1,8,1,54,1" doraHai="37" who="2" fromWho="2" sc="250,-11,370,-21,310,53,60,-11" /><INIT seed="2,0,0,3,3,30" ten="239,349,363,49" oya="2" hai0="57,99,84,105,44,108,23,37,106,135,60,132,76" hai1="121,90,54,0,52,124,7,35,38,87,70,128,50" hai2="114,93,115,123,116,68,4,12,21,51,133,39,3" hai3="69,55,98,47,41,101,46,118,103,40,49,14,1"/><V45/><F116/><W67/><G1/><T100/><D106/><U111/><E38/><V104/><F104/><W31/><G118/><T34/><D23/><U43/><E70/><V22/><F123/><W127/><G69/><T8/><D8/><U77/><E77/><V32/><F68/><W24/><G67/><T11/><D11/><U112/><E112/><V81/><F39/><W42/><G127/><T65/><D84/><U9/><E111/><V17/><F32/><W120/><G120/><T64/><D64/><U29/><E121/><V95/><F133/><W79/><G79/><T5/><D5/><U59/><E128/><V28/><F4/><W63/><G63/><T36/><D76/><U91/><E124/><V6/><F6/><W94/><G14/><T117/><D37/><U78/><E43/><V110/><F110/><W27/><G27/><T25/><D108/><U130/><E130/><V13/><F81/><W86/><G86/><T33/><D25/><U71/><E71/><V125/><F3/><W75/><G75/><T126/><D126/><U131/><E131/><V16/><F28/><W134/><G134/><N who="0" m="51243" /><D117/><U82/><REACH who="1" step="1"/><E54/><REACH who="1" ten="239,339,363,49" step="2"/><V129/><F129/><W83/><G41/><AGARI ba="0,1" hai="33,34,36,41,44,57,60,65,99,100,105" m="51243" machi="41" ten="30,3900,0" yaku="20,1,52,2" doraHai="30" who="0" fromWho="3" sc="239,49,339,0,363,0,49,-39" /><INIT seed="3,0,0,5,4,44" ten="288,339,363,10" oya="3" hai0="4,109,87,59,34,83,65,102,20,61,27,19,18" hai1="77,6,38,119,63,92,112,45,132,16,116,28,74" hai2="99,97,1,122,23,36,133,8,51,48,0,94,14" hai3="89,135,10,62,68,121,111,117,85,91,81,58,64"/><W25/><G117/><N who="1" m="45130" /><E112/><V73/><F36/><W35/><G121/><T39/><D109/><U75/><E132/><V120/><F133/><W113/><G135/><T22/><D39/><U55/><E28/><V107/><F73/><W98/><G113/><T26/><D102/><U54/><E6/><N who="2" m="3351" /><F23/><W33/><G111/><T5/><REACH who="0" step="1"/><D34/><REACH who="0" ten="278,339,363,10" step="2"/><U42/><E63/><V84/><F122/><W12/><G68/><T31/><D31/><U37/><E37/><V100/><F120/><W80/><G25/><T105/><D105/><U17/><E92/><V3/><F107/><W11/><G11/><T9/><D9/><U128/><E128/><V46/><F94/><W90/><G98/><T78/><AGARI ba="0,1" hai="4,5,18,19,20,22,26,27,59,61,65,78,83,87" machi="78" ten="20,8000,1" yaku="1,1,0,1,7,1,9,1,8,1,53,0" doraHai="44" doraHaiUra="95" who="0" fromWho="0" sc="278,90,339,-20,363,-20,10,-40" owari="368,47.0,319,-8.0,343,14.0,-30,-53.0" /></mjloggm>