<mjloggm ver="2.3"><GO type="169" lobby="0"/><UN n0="%61%64%70%31%30" n1="%E3%83%8F%E3%82%A4%E3%82%B6%E3%83%A9" n2="%E5%80%89%E6%A9%8B%EF%BC%A0%E4%BA%8B%E5%8B%99" n3="%E3%82%A6%E3%83%AB%E3%83%88%E3%83%A9%E7%AB%8B%E7%9B%B4" dan="17,16,16,17" rate="2221.08,2179.86,2148.56,2171.83" sx="M,M,M,M"/><TAIKYOKU oya="0"/><INIT seed="0,0,0,5,2,46" ten="250,250,250,250" oya="0" hai0="49,38,15,61,33,100,45,113,23,126,55,112,110" hai1="78,132,91,60,92,130,68,28,80,117,73,16,29" hai2="98,127,12,67,88,82,76,123,30,9,37,107,109" hai3="118,5,25,86,101,129,41,4,56,116,120,13,59"/><T79/><D33/><U103/><E117/><V0/><F123/><W105/><G101/><T131/><D126/><U71/><E132/><V64/><F0/><W3/><G105/><T84/><D131/><U10/><E130/><V58/><F127/><W27/><G86/><T122/><D122/><U31/><E103/><V39/><F30/><W135/><G41/><T26/><D100/><U48/><E60/><V70/><F70/><W128/><G13/><T7/><D38/><U114/><E114/><V2/><F2/><W96/><G3/><T104/><D104/><U121/><E121/><V54/><F39/><W1/><G1/><T102/><D102/><U47/><E10/><V75/><F37/><W81/><G120/><T44/><D61/><U42/><REACH who="1" step="1"/><E16/><REACH who="1" ten="250,240,250,250" step="2"/><V134/><F134/><W65/><G135/><T50/><D112/><U108/><E108/><V24/><F109/><W124/><G124/><T87/><D110/><U83/><E83/><V52/><F107/><W22/><G118/><T69/><D113/><U106/><E106/><V95/><F24/><W97/><G116/><T89/><D7/><U133/><E133/><V36/><F36/><W20/><REACH who="3" step="1"/><G65/><REACH who="3" ten="250,240,250,240" step="2"/><T66/><D66/><U74/><E74/><V32/><F67/><W93/><G93/><T35/><D69/><U53/><E53/><V77/><F64/><W34/><G34/><T115/><D35/><U40/><E40/><V57/><F32/><W14/><G14/><T17/><D115/><U85/><AGARI ba="0,2" hai="28,29,31,42,47,48,68,71,73,78,80,85,91,92" machi="85" ten="30,4000,0" yaku="1,1,0,1,52,1,53,0" doraHai="46" doraHaiUra="119" who="1" fromWho="1" sc="250,-20,240,60,250,-10,240,-10" /><INIT seed="1,0,0,5,3,121" ten="230,300,240,230" oya="1" hai0="86,105,77,61,66,70,56,33,64,126,36,125,47" hai1="37,12,53,114,49,124,79,57,34,25,1,14,123" hai2="115,95,32,65,84,4,109,39,118,71,72,10,58" hai3="87,76,27,102,13,62,46,113,15,97,11,83,120"/><U22/><E123/><V78/><F118/><W9/><G120/><T52/><D33/><U68/><E114/><V82/><F32/><W104/><G113/><T74/><D74/><U116/><E1/><V28/><F115/><W90/><G27/><T127/><D105/><U48/><E37/><V26/><F39/><W50/><G62/><N who="0" m="40279" /><D77/><U21/><E68/><V88/><F71/><W129/><G129/><T60/><D86/><U35/><E116/><V132/><F132/><W101/><G101/><T133/><D133/><U45/><E124/><V117/><F117/><W112/><G112/><T8/><D8/><U41/><E79/><V107/><F107/><W38/><G38/><T108/><D108/><U110/><E110/><V92/><F109/><W122/><G122/><T119/><D119/><U30/><REACH who="1" step="1"/><E14/><REACH who="1" ten="230,290,240,230" step="2"/><V18/><F78/><W16/><G76/><T19/><D126/><U0/><E0/><V17/><F72/><W2/><G2/><T51/><D125/><U111/><E111/><V59/><F59/><W99/><G15/><T134/><D134/><U63/><E63/><V67/><F58/><W100/><G46/><T42/><D127/><U31/><E31/><V55/><F65/><W40/><G50/><T103/><D61/><U54/><E54/><V20/><F67/><W75/><G40/><T5/><D64/><U43/><E43/><V69/><F69/><W23/><REACH who="3" step="1"/><G75/><REACH who="3" ten="230,290,240,220" step="2"/><T44/><D44/><U94/><E94/><AGARI ba="0,2" hai="9,11,13,16,23,83,87,90,94,97,99,100,102,104" machi="94" ten="30,8000,1" yaku="1,1,2,1,7,1,54,1,53,1" doraHai="121" doraHaiUra="91" who="3" fromWho="1" sc="230,0,290,-80,240,0,220,100" /><INIT seed="2,0,0,5,1,2" ten="230,210,240,320" oya="2" hai0="63,66,95,69,120,40,117,92,122,9,12,102,96" hai1="123,100,124,50,116,48,128,90,112,118,6,26,5" hai2="93,1,71,81,0,119,46,127,130,125,113,62,83" hai3="111,67,126,52,94,31,7,114,37,47,45,87,56"/><V25/><F113/><W97/><G114/><T110/><D110/><U84/><E112/><V121/><F119/><W103/><G111/><T13/><D117/><U91/><E100/><V34/><F121/><W72/><G72/><T107/><D40/><U76/><E123/><V79/><F130/><W89/><G126/><T24/><D24/><U99/><E124/><V39/><F93/><W53/><G31/><T42/><D42/><U20/><E128/><V134/><F83/><W86/><G37/><T15/><D9/><U108/><E108/><V82/><F82/><W85/><G103/><T135/><D135/><U19/><E118/><V51/><F39/><W54/><G7/><N who="1" m="2570" /><E116/><V129/><F129/><W29/><G29/><T59/><D107/><U105/><E105/><V77/><F134/><W44/><REACH who="3" step="1"/><G67/><REACH who="3" ten="230,210,240,310" step="2"/><T132/><D132/><U64/><E64/><N who="2" m="41367" /><F127/><W49/><AGARI ba="0,1" hai="44,45,47,49,52,53,54,56,85,86,87,89,94,97" machi="49" ten="30,7900,0" yaku="1,1,0,1,8,1,54,1,53,0" doraHai="2" doraHaiUra="21" who="3" fromWho="3" sc="230,-20,210,-20,240,-39,310,89" /><INIT seed="3,0,0,2,0,74" ten="210,190,201,399" oya="3" hai0="59,1,9,77,106,124,16,57,108,86,42,67,31" hai1="73,112,41,116,113,5,11,18,60,53,104,36,90" hai2="68,93,21,45,34,71,17,26,54,111,100,135,99" hai3="64,27,40,6,8,15,33,105,61,102,28,89,12"/><W81/><G40/><T118/><D106/><U56/><E104/><V130/><F111/><W133/><G133/><T119/><D108/><U94/><E116/><V120/><F135/><W83/><G89/><T65/><D42/><U19/><E73/><V4/><F130/><W72/><G72/><T49/><D31/><U14/><E36/><V132/><F132/><W79/><G79/><T58/><D124/><U82/><E41/><V24/><F4/><W43/><G15/><T129/><D129/><U44/><E44/><V85/><F85/><W48/><G48/><T25/><D1/><U29/><E29/><V101/><F101/><W51/><G51/><T38/><D38/><U22/><E82/><V97/><F97/><W39/><G43/><T78/><D49/><U96/><REACH who="1" step="1"/><E19/><REACH who="1" ten="210,180,201,399" step="2"/><V20/><F17/><W55/><G39/><T7/><D118/><U30/><E30/><V110/><F110/><W126/><G126/><T0/><D119/><U2/><AGARI ba="0,1" hai="2,5,11,14,18,22,53,56,60,90,94,96,112,113" machi="2" ten="20,2700,0" yaku="1,1,0,1,7,1,53,0" doraHai="74" doraHaiUra="122" who="1" fromWho="1" sc="210,-7,180,37,201,-7,399,-13" /><INIT seed="4,0,0,1,5,120" ten="203,217,194,386" oya="0" hai0="37,75,65,49,81,101,35,125,3,99,42,52,48" hai1="32,86,116,0,83,4,13,115,84,90,132,71,57" hai2="92,16,12,68,107,70,43,59,74,26,113,5,56" hai3="134,119,24,78,34,47,104,95,10,2,23,40,54"/><T69/><D3/><U62/><E116/><V109/><F107/><W20/><G104/><T31/><D125/><U91/><E32/><V110/><F74/><W14/><G119/><T79/><D37/><U76/><E132/><V25/><F5/><W133/><G78/><T77/><D77/><U129/><E0/><V53/><F43/><W103/><G54/><T128/><D128/><U96/><E129/><V124/><F92/><W11/><G95/><T61/><D42/><U131/><E131/><V7/><F7/><N who="3" m="1399" /><G103/><T30/><D35/><U108/><E108/><N who="2" m="41579" /><F56/><W87/><G87/><T105/><REACH who="0" step="1"/><D48/><REACH who="0" ten="193,217,194,386" step="2"/><U15/><E76/><V106/><F124/><W27/><G40/><T117/><D117/><U98/><E83/><V17/><F113/><W67/><G34/><T28/><D28/><U18/><E115/><V80/><F70/><W126/><G126/><T111/><D111/><U114/><E71/><V8/><F68/><W112/><G112/><T44/><AGARI ba="0,1" hai="30,31,44,49,52,61,65,69,75,79,81,99,101,105" machi="44" ten="20,7800,0" yaku="1,1,0,1,7,1,54,1,53,0" doraHai="120" doraHaiUra="130" who="0" fromWho="0" sc="193,88,217,-26,194,-26,386,-26" /><INIT seed="4,1,0,4,0,7" ten="281,191,168,360" oya="0" hai0="30,99,74,23,3,44,87,9,55,43,17,100,68" hai1="8,18,121,33,120,65,102,66,115,40,117,50,90" hai2="45,86,13,89,27,127,22,70,123,58,78,61,106" hai3="116,32,88,110,97,91,28,62,56,11,75,35,92"/><T21/><D74/><U24/><E117/><V31/><F123/><W133/><G75/><T101/><D68/><U34/><E102/><V98/><F127/><W51/><G116/><T124/><D124/><U38/><E38/><V134/><F134/><W83/><G110/><T131/><D131/><U85/><E40/><V125/><F125/><W39/><G39/><T111/><D111/><U63/><E50/><V53/><F70/><W132/><G51/><T72/><D72/><U130/><E130/><V94/><F45/><W59/><G28/><T108/><D55/><U69/><E66/><V96/><F106/><W128/><G128/><T80/><D30/><U84/><E84/><V5/><REACH who="2" step="1"/><F78/><REACH who="2" ten="281,191,158,360" step="2"/><W64/><G56/><T135/><D135/><U82/><E120/><V10/><AGARI ba="1,1" hai="5,10,13,22,27,31,53,58,61,86,89,94,96,98" machi="10" ten="30,12000,2" yaku="1,1,2,1,0,1,8,1,52,1,53,1" doraHai="7" doraHaiUra="1" who="2" fromWho="2" sc="281,-61,191,-31,158,133,360,-31" /><INIT seed="5,0,0,0,2,31" ten="220,160,291,329" oya="1" hai0="59,96,127,116,69,107,63,79,42,125,130,103,18" hai1="74,75,58,22,38,29,72,114,52,99,120,121,105" hai2="12,66,135,54,6,98,39,13,62,115,30,80,95" hai3="23,92,73,132,35,14,34,47,97,17,56,90,128"/><U89/><E114/><V77/><F135/><W48/><G73/><T111/><D111/><U102/><E38/><V16/><F115/><W40/><G128/><T104/><D116/><U123/><E89/><V41/><F6/><W71/><G71/><T129/><D79/><U57/><E57/><V21/><F30/><W84/><G132/><T86/><D42/><U67/><E67/><V78/><F54/><N who="3" m="31815" /><G97/><T93/><D18/><U5/><E5/><V81/><F39/><AGARI ba="0,0" hai="14,17,23,34,35,39,40,47,84,90,92" m="31815" machi="39" ten="30,3900,0" yaku="25,1,52,2" doraHai="31" who="3" fromWho="2" sc="220,0,160,0,291,-39,329,39" /><INIT seed="6,0,0,2,0,70" ten="220,160,252,368" oya="2" hai0="92,53,8,123,118,89,125,110,106,101,102,32,104" hai1="6,30,90,65,122,54,19,66,74,88,117,75,108" hai2="77,121,93,105,107,68,24,72,43,80,73,81,42" hai3="33,116,7,45,12,38,95,52,56,119,59,134,23"/><V63/><F121/><W67/><G33/><T111/><D32/><U26/><E108/><N who="0" m="41513" /><D8/><U91/><E117/><V61/><F24/><W83/><G134/><T40/><D53/><U35/><E122/><V86/><F93/><W0/><G83/><T28/><D28/><U58/><E6/><V39/><F68/><W126/><G126/><T15/><D15/><U57/><E19/><V114/><F86/><W11/><G59/><T129/><D40/><U133/><E133/><V36/><F77/><W16/><G95/><T22/><D22/><U87/><E87/><V47/><F47/><W34/><G34/><T135/><D135/><U128/><E128/><V9/><F114/><W82/><G67/><T5/><D5/><U17/><E17/><V85/><F85/><W69/><G82/><T48/><D48/><U71/><E71/><V51/><F51/><W112/><G69/><T25/><D25/><U46/><E46/><V100/><F100/><N who="0" m="38506" /><D123/><U44/><E44/><V18/><F18/><W113/><G119/><T103/><D118/><U37/><E37/><V124/><F124/><W1/><G1/><T50/><D50/><U60/><REACH who="1" step="1"/><E54/><REACH who="1" ten="220,150,252,368" step="2"/><V94/><F9/><W115/><G116/><T62/><D125/><U4/><E4/><V55/><F55/><W14/><G45/><T130/><D129/><U96/><E96/><V84/><F84/><W49/><G0/><T131/><D131/><U41/><E41/><V10/><F10/><W2/><G2/><T3/><D3/><U120/><E120/><V13/><F13/><W98/><G98/><T76/><D130/><RYUUKYOKU ba="0,1" sc="220,-30,150,10,252,10,368,10" hai1="26,30,35,57,58,60,65,66,74,75,88,90,91" hai2="36,39,42,43,61,63,72,73,80,81,94,105,107" hai3="7,11,12,14,16,23,38,49,52,56,112,113,115" /><INIT seed="6,1,1,4,3,7" ten="190,160,262,378" oya="2" hai0="16,110,129,116,131,135,24,65,58,79,59,22,42" hai1="71,101,39,23,68,27,106,82,40,109,49,12,105" hai2="115,8,103,87,0,62,13,30,25,84,53,120,89" hai3="74,55,10,134,47,21,113,2,124,133,54,36,28"/><V77/><F120/><W70/><G70/><T45/><D110/><U93/><E109/><V38/><F0/><W107/><G107/><T5/><D116/><U76/><E39/><V73/><F38/><W57/><G74/><T92/><D135/><N who="3" m="51721" /><G113/><T108/><D108/><U56/><E93/><V122/><F122/><W104/><G104/><T99/><D79/><U91/><E91/><V64/><F53/><W60/><G124/><T31/><D5/><U67/><E106/><V119/><F119/><W26/><G10/><T37/><D31/><U125/><E105/><V44/><F103/><W32/><G2/><T75/><D75/><U35/><E101/><V98/><F44/><W83/><G83/><T33/><D33/><U97/><E82/><V127/><F127/><W20/><G55/><T48/><D37/><U41/><E71/><V43/><F43/><AGARI ba="1,1" hai="20,21,26,28,32,36,43,47,54,57,60" m="51721" machi="43" ten="30,1000,0" yaku="20,1" doraHai="7" who="3" fromWho="2" sc="190,0,160,0,262,-13,378,23" /><INIT seed="7,0,0,4,0,101" ten="190,160,249,401" oya="3" hai0="67,118,53,25,69,95,2,62,83,26,126,120,39" hai1="27,58,90,111,76,51,9,133,47,135,14,59,92" hai2="63,130,107,66,119,124,102,115,11,34,104,89,35" hai3="64,73,3,42,114,45,40,7,68,41,19,108,131"/><W106/><G19/><T79/><D120/><U24/><E111/><V43/><F119/><W21/><G21/><T33/><D118/><U105/><E76/><V48/><F102/><W55/><G55/><T127/><D39/><U6/><E59/><V60/><F89/><W132/><G42/><T81/><D2/><U91/><E58/><V103/><F103/><W37/><G41/><T97/><D53/><U96/><E91/><V123/><F11/><W117/><G45/><T85/><D83/><U65/><E65/><V93/><F93/><W52/><G52/><T100/><D33/><U75/><E75/><V116/><F116/><W78/><G64/><T17/><D17/><U4/><E4/><V82/><F66/><W10/><G10/><T110/><D110/><U32/><E32/><V109/><F43/><W38/><G40/><T128/><D128/><U16/><E51/><V99/><F48/><W129/><G7/><T112/><D112/><U13/><E47/><V88/><F35/><W87/><G78/><T56/><D56/><U80/><E80/><V0/><F82/><W121/><G38/><T94/><D94/><U122/><E122/><V72/><F34/><W98/><G98/><T31/><D31/><U86/><E96/><V44/><F99/><W125/><G87/><T29/><D29/><U134/><E105/><V77/><F107/><W113/><G113/><T8/><D8/><AGARI ba="0,0" hai="6,8,9,13,14,16,24,27,86,90,92,133,134,135" machi="8" ten="40,2600,0" yaku="20,1,54,1" doraHai="101" who="1" fromWho="0" sc="190,-26,160,26,249,0,401,0" owari="164,-34.0,186,-21.0,249,5.0,401,50.0" /></mjloggm>