<mjloggm ver="2.3"><GO type="169" lobby="0"/><UN n0="%E8%97%8D%E8%91%89" n1="%E5%A4%A7%E6%98%9F%E6%B7%A1%E3%81%82%E3%82%8F%E3%81%82%E3%82%8F" n2="%74%6F%72%69%30%36%31%32" n3="%E3%82%A6%E3%83%AB%E3%83%88%E3%83%A9%E7%AB%8B%E7%9B%B4" dan="16,16,18,18" rate="2090.78,2087.82,2283.81,2249.87" sx="M,M,M,M"/><TAIKYOKU oya="0"/><INIT seed="0,0,0,1,3,14" ten="250,250,250,250" oya="0" hai0="13,94,117,119,8,110,67,102,55,68,25,70,34" hai1="65,47,101,128,23,120,51,77,50,2,130,33,61" hai2="11,7,79,93,28,31,66,76,9,39,95,90,116" hai3="74,127,75,106,115,57,135,92,6,20,78,49,43"/><T134/><D134/><U59/><E2/><V22/><F39/><W88/><G115/><T73/><D73/><U19/><E33/><V3/><F116/><W44/><G127/><T100/><D55/><U46/><E101/><V91/><F66/><W109/><G109/><T15/><D67/><U27/><E77/><V21/><F3/><W125/><G106/><T29/><D110/><U87/><E120/><V118/><F118/><W82/><G125/><T48/><D48/><N who="1" m="18475" /><E87/><V107/><F7/><W41/><G57/><T30/><D94/><U89/><E89/><V17/><F107/><W62/><G62/><T64/><D64/><U60/><E60/><V10/><F10/><W81/><G135/><T4/><D30/><U105/><E105/><V72/><F72/><W53/><G6/><T113/><D113/><U80/><E80/><V114/><F114/><W111/><G111/><T85/><D117/><U98/><E98/><V103/><F103/><W97/><G20/><T5/><D119/><U12/><E27/><V63/><F63/><W121/><G121/><T112/><D112/><U83/><E83/><V37/><F37/><W24/><G24/><T36/><D36/><U122/><E122/><V42/><F42/><W129/><G129/><AGARI ba="0,0" hai="12,19,23,46,47,59,61,65,128,129,130" m="18475" machi="129" ten="30,2000,0" yaku="19,1,52,1" doraHai="14" who="1" fromWho="3" sc="250,0,250,20,250,0,250,-20" /><INIT seed="1,0,0,5,5,78" ten="250,270,250,230" oya="1" hai0="71,83,45,82,2,81,75,61,5,20,92,53,1" hai1="130,119,11,49,0,116,112,102,118,99,96,67,32" hai2="27,93,59,44,43,122,60,115,133,66,19,40,111" hai3="42,104,95,72,62,12,29,114,90,74,134,22,88"/><U109/><E112/><V48/><F122/><W41/><G104/><T121/><D75/><U110/><E130/><V47/><F133/><W18/><G114/><T56/><D121/><U33/><E67/><V65/><F115/><W97/><G134/><T51/><D71/><U57/><E57/><V128/><F128/><W87/><G29/><T103/><D5/><N who="1" m="1447" /><E49/><N who="2" m="26759" /><F93/><W7/><G74/><T34/><D34/><N who="1" m="13419" /><E99/><V23/><F111/><N who="1" m="42505" /><E119/><V117/><F117/><W131/><G72/><T39/><D39/><U127/><E127/><V50/><F50/><W31/><G131/><T80/><N who="0" m="20480" /><DORA hai="55" /><T69/><D69/><U54/><E54/><AGARI ba="0,0" hai="19,23,27,43,47,48,54,59,60,65,66" m="26759" machi="54" ten="30,2000,0" yaku="8,1,52,1" doraHai="78,55" who="2" fromWho="1" sc="250,0,270,-20,250,20,230,0" /><INIT seed="2,0,0,0,1,122" ten="250,250,270,230" oya="2" hai0="72,21,62,77,59,84,54,90,37,45,24,38,39" hai1="112,7,120,78,111,33,63,51,87,67,94,16,71" hai2="44,130,101,74,132,70,48,57,22,89,79,55,58" hai3="61,129,60,50,125,28,26,82,11,29,32,131,91"/><V3/><F70/><W81/><G125/><T83/><D45/><U65/><E111/><V10/><F101/><W100/><G100/><T106/><D106/><U27/><E112/><V115/><F115/><W19/><G50/><T109/><D109/><U12/><E67/><V73/><F79/><W2/><G29/><T49/><D62/><N who="3" m="24169" /><G91/><T20/><REACH who="0" step="1"/><D24/><REACH who="0" ten="240,250,270,230" step="2"/><U76/><E27/><V85/><F44/><W8/><G26/><T5/><D5/><U40/><E7/><V92/><F57/><W105/><G105/><T95/><AGARI ba="0,1" hai="20,21,37,38,39,49,54,59,72,77,83,84,90,95" machi="95" ten="30,7900,0" yaku="1,1,0,1,53,2" doraHai="122" doraHaiUra="17" who="0" fromWho="0" sc="240,89,250,-20,270,-39,230,-20" /><INIT seed="3,0,0,0,5,25" ten="329,230,231,210" oya="3" hai0="72,62,116,71,59,83,61,47,10,40,93,42,28" hai1="30,0,27,98,120,133,108,102,32,117,55,94,126" hai2="131,114,53,54,82,73,1,112,46,58,135,6,86" hai3="49,127,92,57,56,11,2,106,44,99,43,81,65"/><W109/><G106/><T111/><D111/><U18/><E120/><V80/><F131/><W105/><G105/><T110/><D110/><U50/><E108/><V64/><F135/><W13/><G109/><T37/><D93/><U17/><E133/><V26/><F6/><W78/><G2/><T45/><D10/><U34/><E126/><V107/><F1/><W9/><G127/><T15/><D15/><U68/><E68/><V8/><F8/><W63/><G56/><T95/><D95/><U132/><E132/><V48/><F107/><W7/><G11/><T12/><D12/><U88/><E117/><V134/><F64/><W36/><G36/><T122/><D83/><U41/><E41/><V125/><F134/><W90/><G81/><T24/><D72/><U130/><E130/><V97/><F97/><W118/><G118/><T91/><D91/><U29/><E102/><V69/><F69/><W121/><REACH who="3" step="1"/><G78/><REACH who="3" ten="329,230,231,200" step="2"/><T14/><D116/><U60/><E0/><V128/><F125/><W87/><G87/><T66/><D122/><AGARI ba="0,1" hai="7,9,13,43,44,49,57,63,65,90,92,99,121,122" machi="122" ten="40,7700,0" yaku="1,1,53,2" doraHai="25" doraHaiUra="119" who="3" fromWho="0" sc="329,-77,230,0,231,0,200,87" /><INIT seed="3,1,0,4,5,55" ten="252,230,231,287" oya="3" hai0="46,130,21,111,75,68,61,116,10,95,14,90,18" hai1="123,101,31,15,5,62,24,71,22,58,8,85,135" hai2="96,120,1,59,11,49,13,115,60,104,16,133,52" hai3="53,113,19,64,106,114,7,69,97,74,51,40,108"/><W79/><G7/><T129/><D111/><U134/><E123/><V126/><F115/><W105/><G108/><T94/><D75/><U42/><E42/><V78/><F1/><W47/><G74/><T127/><D116/><U118/><E118/><V63/><F126/><W39/><G79/><T41/><D127/><U93/><E71/><V125/><F125/><W35/><G35/><T81/><D81/><U56/><E85/><V99/><F120/><W2/><G2/><T117/><D117/><U3/><E3/><V6/><F133/><N who="1" m="50697" /><E62/><N who="2" m="23595" /><F104/><W36/><G64/><N who="0" m="40975" /><D90/><U80/><E80/><V27/><F78/><W34/><G69/><T128/><D21/><AGARI ba="1,0" hai="6,11,13,16,21,27,49,52,59,96,99" m="23595" machi="21" ten="30,7700,0" yaku="8,1,52,1,54,2" doraHai="55" who="2" fromWho="0" sc="252,-80,230,0,231,80,287,0" /><INIT seed="4,0,0,1,3,24" ten="172,230,311,287" oya="0" hai0="40,11,123,101,93,90,1,81,68,76,63,62,107" hai1="9,27,60,82,96,85,70,118,104,58,95,80,122" hai2="28,47,65,87,103,41,12,84,50,4,132,18,16" hai3="114,108,106,0,125,121,86,3,128,54,66,112,49"/><T14/><D123/><U69/><E118/><V26/><F103/><W30/><G106/><T115/><D115/><U78/><E104/><V94/><F65/><W17/><G108/><T133/><D1/><U92/><E122/><V73/><F73/><W113/><G121/><T119/><D119/><U39/><E39/><V67/><F67/><W120/><G120/><T77/><D133/><U127/><E127/><V31/><F132/><W124/><G66/><T110/><D110/><U45/><E45/><V135/><F135/><W111/><G111/><T53/><D40/><U100/><E9/><N who="2" m="4135" /><F84/><W72/><G72/><T5/><D68/><U23/><E95/><V79/><F94/><W109/><G109/><T36/><D36/><U19/><REACH who="1" step="1"/><E82/><REACH who="1" ten="172,220,311,287" step="2"/><N who="2" m="47583" /><F31/><W102/><G125/><T51/><D107/><U37/><E37/><V10/><F10/><W33/><G124/><T8/><D11/><U15/><E15/><V89/><F89/><W56/><G0/><T130/><D101/><U46/><E46/><V7/><F7/><W126/><G3/><T44/><D130/><U25/><E25/><V38/><F38/><W99/><G128/><T29/><D29/><U22/><E22/><AGARI ba="0,1" hai="16,18,22,26,28,41,47,50" m="47583,4135" machi="22" ten="30,7700,0" yaku="25,1,8,1,52,1,54,1" doraHai="24" who="2" fromWho="1" sc="172,0,220,-77,311,87,287,0" /><INIT seed="5,0,0,1,0,134" ten="172,143,398,287" oya="1" hai0="125,62,86,84,27,1,95,116,124,28,54,36,87" hai1="41,82,40,88,68,93,113,37,92,21,67,71,38" hai2="50,29,106,108,13,75,105,18,131,69,115,47,96" hai3="23,110,119,12,19,63,0,97,78,56,129,31,10"/><U45/><E113/><V107/><F69/><W24/><G110/><T122/><D36/><U70/><E67/><V81/><F108/><W51/><G129/><T73/><D73/><U121/><E121/><V102/><F29/><W118/><G78/><T111/><D111/><U16/><E40/><V66/><F66/><N who="3" m="39271" /><G51/><T25/><D116/><N who="3" m="44585" /><G97/><T35/><D1/><AGARI ba="0,0" hai="0,1,10,12,19,23,24,31" m="44585,39271" machi="1" ten="30,1000,0" yaku="12,1" doraHai="134" who="3" fromWho="0" sc="172,-10,143,0,398,0,287,10" /><INIT seed="6,0,0,2,5,6" ten="162,143,398,297" oya="2" hai0="83,13,62,107,60,106,103,63,36,114,80,39,49" hai1="110,89,73,12,23,65,68,37,113,8,17,40,27" hai2="33,95,22,0,93,43,57,117,41,2,32,71,20" hai3="135,86,123,132,81,59,54,130,3,4,131,5,15"/><V127/><F71/><W99/><G3/><T18/><D49/><U26/><E110/><V111/><F57/><W24/><G99/><T104/><D103/><U38/><E113/><V124/><REACH who="2" step="1"/><F111/><REACH who="2" ten="162,143,388,297" step="2"/><W16/><G59/><T46/><D114/><U9/><E68/><V14/><F14/><W118/><G15/><T109/><D109/><U88/><E73/><V85/><F85/><W91/><G86/><T70/><D70/><U102/><E65/><V25/><F25/><W21/><G24/><T50/><D13/><U51/><E27/><V34/><F34/><W30/><G131/><T121/><D121/><U44/><E102/><V116/><AGARI ba="0,1" hai="0,2,20,22,32,33,41,43,93,95,116,117,124,127" machi="116" ten="25,9600,0" yaku="1,1,0,1,22,2,53,0" doraHai="6" doraHaiUra="79" who="2" fromWho="2" sc="162,-32,143,-32,388,106,297,-32" /><INIT seed="6,1,0,4,0,8" ten="130,111,494,265" oya="2" hai0="103,64,98,54,102,97,34,132,13,100,134,75,7" hai1="28,105,33,104,101,68,113,5,6,47,120,37,36" hai2="114,87,118,128,72,4,63,39,94,69,116,76,48" hai3="19,124,106,35,121,119,108,82,50,129,71,80,78"/><V89/><F39/><N who="1" m="14921" /><E101/><V23/><F128/><W91/><G50/><T41/><D34/><U127/><E113/><V22/><F114/><W66/><G66/><T12/><D75/><U92/><E92/><V51/><F4/><W44/><G44/><T26/><D7/><U18/><E47/><V62/><F76/><W20/><G20/><T115/><D115/><U53/><E53/><V74/><F87/><W25/><G19/><T117/><D117/><U130/><E18/><V125/><F89/><W58/><G25/><T65/><D41/><U24/><E5/><V10/><F10/><W59/><G59/><T9/><D9/><U85/><E85/><V15/><F94/><W14/><G58/><T60/><D54/><U123/><E6/><V27/><F27/><W46/><G46/><T86/><D26/><U79/><E79/><V30/><F69/><W43/><G71/><T56/><D86/><U42/><E42/><V131/><F30/><W83/><G78/><T111/><D65/><U49/><E130/><V45/><F45/><W17/><G129/><T112/><D112/><U0/><E127/><V73/><F131/><W109/><G124/><T52/><D64/><U40/><E68/><V29/><F29/><W77/><G77/><T99/><D111/><U1/><E49/><N who="2" m="19019" /><F125/><W90/><G108/><T93/><D93/><U38/><N who="1" m="14929" /><U31/><DORA hai="135" /><E40/><V55/><F55/><W11/><G43/><T70/><D70/><U3/><E31/><V84/><F84/><W126/><G82/><T2/><D2/><N who="1" m="515" /><U81/><DORA hai="32" /><E81/><V16/><F23/><RYUUKYOKU ba="1,0" sc="130,10,111,10,494,10,265,-30" hai0="12,13,52,56,60,97,98,99,100,102,103,132,134" hai1="24,28,33,104,105,120,123" hai2="15,16,22,62,63,72,73,74,116,118" /><INIT seed="6,2,0,2,0,25" ten="140,121,504,235" oya="2" hai0="132,33,8,38,56,57,101,123,77,69,2,121,10" hai1="59,72,107,134,93,29,118,90,115,81,111,61,78" hai2="102,120,32,105,23,122,30,100,133,95,87,35,58" hai3="11,28,62,74,85,84,31,127,18,36,97,82,76"/><V103/><F105/><W68/><G36/><T46/><D69/><U79/><E118/><V130/><F133/><W88/><G127/><T92/><D77/><U60/><E111/><V34/><F130/><W124/><G124/><T19/><D10/><U17/><E134/><V20/><F58/><W117/><G117/><T128/><D56/><U108/><E115/><V44/><F44/><W22/><G74/><T55/><D128/><U113/><E113/><V116/><F116/><W39/><G39/><T40/><D132/><U14/><E108/><V99/><F87/><W135/><G97/><T13/><D2/><U50/><E107/><V83/><F83/><W131/><G11/><T9/><D9/><U63/><E78/><V6/><F6/><W15/><G131/><T71/><D71/><U104/><E104/><V75/><F75/><W7/><G7/><T16/><D121/><U47/><E29/><N who="3" m="11338" /><G68/><T48/><D123/><U80/><E80/><V73/><F73/><W86/><G135/><T109/><D109/><U43/><E59/><V65/><F122/><W106/><G106/><T51/><D33/><U119/><E119/><V91/><F120/><W24/><G76/><T64/><D38/><U12/><REACH who="1" step="1"/><E17/><REACH who="1" ten="140,111,504,235" step="2"/><V42/><F34/><W89/><G82/><T94/><D19/><U37/><E37/><V53/><F35/><W114/><G114/><T21/><D57/><U52/><E52/><V110/><F110/><W98/><G18/><T41/><D16/><U1/><E1/><V0/><F32/><W66/><G15/><T4/><D13/><U54/><E54/><RYUUKYOKU ba="2,1" sc="140,-10,111,30,504,-10,235,-10" hai1="12,14,43,47,50,60,61,63,72,79,81,90,93" /><INIT seed="7,3,1,4,2,36" ten="130,141,494,225" oya="3" hai0="96,116,66,114,25,90,82,89,59,71,3,84,44" hai1="75,57,105,41,45,94,51,125,95,122,100,77,78" hai2="118,8,111,65,34,6,83,32,76,43,73,39,53" hai3="60,9,130,123,4,10,21,87,119,109,30,52,26"/><W2/><G119/><T129/><D116/><U124/><E122/><V58/><F65/><W67/><G130/><T68/><D3/><U17/><E105/><V56/><F56/><W18/><G87/><T7/><D129/><U99/><E75/><V120/><F111/><W70/><G18/><T42/><D114/><U55/><E95/><V85/><F85/><W74/><G10/><T12/><D25/><U63/><E17/><V19/><F19/><W28/><G60/><N who="0" m="38175" /><D71/><U132/><E132/><V126/><F126/><AGARI ba="3,1" hai="41,45,51,55,57,63,77,78,94,99,100,124,125,126" machi="126" ten="40,2600,0" yaku="18,1,52,1" doraHai="36" who="1" fromWho="2" sc="130,0,141,45,494,-35,225,0" owari="130,-37.0,186,-21.0,459,55.0,225,3.0" /></mjloggm>