<mjloggm ver="2.3"><GO type="169" lobby="0"/><UN n0="%74%61%6B%75%61%6B%61" n1="%E3%81%82%E3%82%8A%E3%81%8B%E3%81%9F%E3%82%93" n2="%E3%82%A6%E3%83%AB%E3%83%88%E3%83%A9%E7%AB%8B%E7%9B%B4" n3="%E8%97%8D%E8%91%89" dan="17,16,18,16" rate="2218.64,2141.60,2218.74,2058.24" sx="M,M,M,M"/><TAIKYOKU oya="0"/><INIT seed="0,0,0,4,5,60" ten="250,250,250,250" oya="0" hai0="85,17,15,135,83,7,84,108,105,130,9,88,78" hai1="50,51,101,92,65,8,36,73,0,30,62,49,32" hai2="48,125,91,44,64,31,25,52,129,106,4,23,34" hai3="69,19,96,24,16,5,103,115,42,113,80,126,76"/><T81/><D130/><U35/><E36/><V97/><F125/><W55/><G42/><T2/><D135/><U13/><E73/><V75/><F75/><W117/><G117/><T3/><D108/><U26/><E0/><V82/><F129/><W54/><G5/><T114/><D114/><U98/><E35/><V86/><F4/><W110/><G110/><T74/><D105/><U56/><REACH who="1" step="1"/><E50/><REACH who="1" ten="250,240,250,250" step="2"/><V12/><F34/><W45/><G115/><T68/><D68/><U27/><E27/><V43/><F12/><W95/><G24/><T18/><D74/><U123/><E123/><V20/><F25/><W28/><G113/><T38/><D38/><U39/><E39/><V57/><F31/><W33/><G69/><T79/><D79/><U120/><E120/><V122/><F122/><W41/><G126/><T104/><D104/><U93/><E93/><V6/><F106/><W29/><G33/><T11/><REACH who="0" step="1"/><D2/><REACH who="0" ten="240,240,250,250" step="2"/><U87/><E87/><V1/><F1/><W67/><G96/><T71/><D71/><U131/><E131/><V61/><F97/><W111/><G76/><T121/><D121/><U66/><E66/><V118/><F64/><W90/><G67/><T89/><D89/><U77/><E77/><V109/><F109/><W10/><G111/><T124/><D124/><U102/><E102/><V72/><F72/><W116/><G103/><T14/><D14/><U107/><E107/><V100/><F100/><W127/><G127/><T59/><D59/><U134/><E134/><V63/><F91/><W119/><G90/><T70/><D70/><U40/><E40/><RYUUKYOKU ba="0,2" sc="240,15,240,15,250,-15,250,-15" hai0="3,7,9,11,15,17,18,78,81,83,84,85,88" hai1="8,13,26,30,32,49,51,56,62,65,92,98,101" /><INIT seed="0,1,2,0,5,46" ten="255,255,235,235" oya="0" hai0="114,7,130,96,127,126,5,2,3,89,106,101,113" hai1="11,60,90,70,6,87,47,129,132,131,124,26,107" hai2="97,92,15,134,57,51,117,69,59,135,80,49,86" hai3="133,42,112,16,24,31,78,116,82,9,73,102,55"/><T8/><D89/><U128/><E107/><V39/><F39/><W50/><G112/><T33/><D33/><U76/><E124/><N who="0" m="47657" /><D130/><U120/><E120/><V99/><F69/><W74/><G116/><T62/><D62/><U75/><E132/><N who="2" m="50731" /><F117/><W108/><G108/><T111/><D111/><U122/><E122/><V105/><F105/><W64/><G64/><T66/><D66/><N who="1" m="41287" /><E26/><V10/><F59/><W119/><G119/><T71/><D71/><U77/><E47/><V100/><F57/><W65/><G65/><T81/><D81/><N who="1" m="49519" /><E75/><V23/><F23/><W14/><G102/><T20/><D20/><U19/><E19/><N who="2" m="8695" /><F99/><W30/><G73/><T37/><D37/><U84/><E84/><V35/><F35/><W91/><G24/><T103/><D106/><U40/><E40/><V94/><F94/><W22/><G133/><T29/><D96/><U121/><E121/><V32/><F32/><W104/><G42/><T13/><D113/><U48/><E48/><V98/><F98/><W0/><G104/><T61/><D114/><U95/><E95/><V38/><F38/><W18/><G0/><AGARI ba="1,2" hai="0,6,11,76,77,128,129,131" m="49519,41287" machi="0" ten="30,1000,0" yaku="19,1" doraHai="46" who="1" fromWho="3" sc="255,0,255,33,235,0,235,-13" /><INIT seed="1,0,0,4,0,93" ten="255,288,235,222" oya="1" hai0="26,59,57,27,38,107,116,98,100,125,19,1,105" hai1="40,4,82,64,45,78,11,109,32,35,90,120,43" hai2="68,113,126,42,130,73,15,131,95,67,124,92,122" hai3="22,3,49,53,89,21,55,56,18,75,118,115,62"/><U94/><E120/><V30/><F30/><W0/><G115/><T65/><D1/><U119/><E64/><V17/><F42/><W112/><G112/><T99/><D38/><U83/><E119/><V51/><F73/><W103/><G75/><T34/><D116/><U36/><E43/><V39/><F39/><W50/><G118/><T76/><D76/><U114/><E82/><V102/><F51/><W13/><G22/><T117/><D117/><U79/><E79/><V133/><F122/><W24/><G24/><T135/><D135/><U72/><E109/><V123/><F123/><W91/><G103/><T58/><D125/><N who="2" m="48234" /><F113/><W41/><G41/><T108/><D108/><U85/><REACH who="1" step="1"/><E114/><REACH who="1" ten="255,278,235,222" step="2"/><V8/><F67/><W16/><G3/><AGARI ba="0,1" hai="3,4,11,32,35,36,40,45,72,78,83,85,90,94" machi="3" ten="30,18000,2" yaku="1,1,2,1,7,1,25,2,53,2" doraHai="93" doraHaiUra="28" who="1" fromWho="3" sc="255,0,278,190,235,0,222,-180" /><INIT seed="1,1,0,5,2,128" ten="255,468,235,42" oya="1" hai0="88,72,38,43,6,47,76,85,81,58,23,131,56" hai1="118,16,13,102,115,116,107,93,98,4,12,32,86" hai2="114,51,62,66,108,90,113,26,134,91,41,30,28" hai3="74,94,133,70,50,25,17,79,5,125,129,29,105"/><U89/><E32/><V122/><F122/><W24/><G70/><T100/><D131/><U78/><E115/><V11/><F11/><W75/><G105/><T0/><D100/><U42/><E42/><V83/><F108/><W63/><G129/><T101/><D101/><U127/><E127/><V135/><F51/><W27/><G125/><T52/><D23/><U103/><E78/><V112/><F41/><W10/><G50/><T126/><D126/><U2/><E2/><V20/><F30/><W111/><G63/><T65/><D65/><U119/><E4/><V96/><F96/><W106/><G106/><T124/><D124/><U3/><E3/><V69/><F83/><W15/><G94/><N who="0" m="54543" /><D52/><U46/><E46/><V39/><F39/><W7/><G79/><T82/><D82/><U97/><REACH who="1" step="1"/><E16/><REACH who="1" ten="255,458,235,42" step="2"/><V80/><F80/><AGARI ba="1,1" hai="12,13,80,86,89,93,97,98,102,103,107,116,118,119" machi="80" ten="40,3900,0" yaku="1,1,2,1,53,0" doraHai="128" doraHaiUra="55" who="1" fromWho="2" sc="255,0,458,52,235,-42,42,0" /><INIT seed="1,2,0,0,4,119" ten="255,510,193,42" oya="1" hai0="42,125,117,84,94,41,37,107,40,27,110,20,63" hai1="43,56,76,0,122,100,18,105,112,44,9,67,91" hai2="99,97,32,104,86,77,106,69,6,135,83,10,3" hai3="102,116,15,58,111,61,50,55,28,8,131,70,121"/><U124/><E112/><V127/><F69/><W17/><G111/><T68/><D107/><U7/><E76/><V72/><F32/><W46/><G116/><T52/><D117/><U134/><E134/><V129/><F127/><W1/><G131/><T45/><D110/><U92/><E124/><V33/><F33/><W123/><G102/><T93/><D125/><U4/><E4/><V101/><F129/><W47/><G28/><T24/><D24/><U11/><E11/><V88/><F135/><W39/><G1/><T23/><D23/><U126/><E126/><V12/><F3/><W113/><G113/><T74/><D74/><U14/><E105/><V80/><F99/><W108/><G108/><T115/><D115/><U95/><E100/><V29/><F29/><W78/><G78/><T87/><D37/><U25/><E25/><V53/><F53/><W89/><G89/><T13/><D13/><U96/><E92/><AGARI ba="2,0" hai="6,10,12,72,77,80,83,86,88,92,97,101,104,106" machi="92" ten="30,2000,0" yaku="7,1,54,1" doraHai="119" who="2" fromWho="1" sc="255,0,510,-26,193,26,42,0" /><INIT seed="2,0,0,0,3,122" ten="255,484,219,42" oya="2" hai0="35,133,125,92,112,107,41,8,104,30,49,4,97" hai1="16,80,72,7,88,82,108,126,134,115,15,17,79" hai2="132,32,45,39,27,116,65,48,121,43,52,56,42" hai3="5,109,110,33,28,29,6,50,40,10,71,89,68"/><V87/><F121/><W113/><G113/><T69/><D112/><U76/><E115/><V73/><F73/><W135/><G135/><T106/><D69/><N who="3" m="26697" /><G89/><T67/><D125/><U75/><E134/><V74/><F74/><W11/><G33/><T129/><D129/><U64/><E126/><V26/><F132/><W61/><G61/><T102/><D67/><U54/><E64/><V86/><F116/><W117/><G40/><T78/><D133/><U111/><E54/><V100/><F100/><W22/><G50/><T20/><D35/><U91/><E7/><N who="3" m="2570" /><G22/><T31/><D20/><U118/><REACH who="1" step="1"/><E15/><REACH who="1" ten="255,474,219,42" step="2"/><V93/><F65/><W130/><G117/><AGARI ba="0,1" hai="16,17,72,75,76,79,80,82,88,91,108,111,117,118" machi="117" ten="25,16000,3" yaku="1,1,2,1,22,2,52,2,54,2,53,0" doraHai="122" doraHaiUra="37" who="1" fromWho="3" sc="255,0,474,170,219,0,42,-160" owari="255,6.0,644,74.0,219,-18.0,-118,-62.0" /></mjloggm>