<mjloggm ver="2.3"><GO type="169" lobby="0"/><UN n0="%68%61%7A%75%6B%69%38%39" n1="%E9%AE%AB%E5%B3%B6%E5%AE%8F%E6%98%8C%CE%B1" n2="%E5%B0%B1%E6%B4%BB%E7%94%9F%40%E5%B7%9D%E6%9D%91%E8%BB%8D%E5%9B%A3" n3="%E3%83%92%E3%83%AB%E3%83%99%E3%83%AB%E3%83%88" dan="16,16,18,17" rate="2105.49,2080.42,2263.46,2158.41" sx="F,M,M,M"/><TAIKYOKU oya="0"/><INIT seed="0,0,0,3,2,56" ten="250,250,250,250" oya="0" hai0="5,82,57,6,28,109,46,15,59,25,45,60,33" hai1="76,100,53,90,123,87,41,74,26,8,47,48,112" hai2="68,131,21,17,22,71,12,86,61,118,114,20,108" hai3="104,94,35,83,95,91,13,133,121,37,84,128,120"/><T111/><D82/><U93/><E123/><N who="3" m="47178" /><G35/><T80/><D80/><U122/><E122/><V135/><F114/><W78/><G37/><T18/><D57/><U50/><E112/><V89/><F135/><W32/><G32/><T4/><D15/><U69/><E69/><V106/><F106/><W66/><G66/><T92/><D18/><U49/><E41/><V1/><F131/><W31/><G31/><T9/><D9/><U30/><E8/><V64/><F108/><N who="0" m="41546" /><D92/><N who="3" m="35369" /><G13/><T115/><D115/><U79/><E74/><V51/><F118/><W34/><G34/><T85/><D85/><U16/><E100/><V10/><F71/><W62/><G62/><T55/><AGARI ba="0,0" hai="4,5,6,25,28,33,45,46,55,59,60" m="41546" machi="55" ten="30,6000,0" yaku="14,1,10,1,52,1" doraHai="56" who="0" fromWho="0" sc="250,60,250,-20,250,-20,250,-20" /><INIT seed="0,1,0,2,0,20" ten="310,230,230,230" oya="0" hai0="8,110,113,132,98,88,7,60,25,129,135,44,22" hai1="73,95,39,4,92,76,13,10,23,53,105,0,33" hai2="47,14,36,51,121,62,59,57,40,119,104,32,100" hai3="72,48,64,50,65,63,3,54,55,109,11,118,86"/><T5/><D113/><U82/><E105/><V117/><F32/><W66/><G72/><T37/><D129/><U126/><E39/><V111/><F104/><W116/><G3/><T28/><D60/><U79/><E126/><V19/><F100/><W120/><G11/><T115/><D115/><U84/><E33/><V102/><F102/><W124/><G86/><T83/><D110/><U91/><E79/><V128/><F111/><W17/><G17/><T45/><D5/><U114/><E114/><V9/><F121/><W12/><G12/><T38/><D38/><U21/><E53/><N who="3" m="19978" /><G109/><T2/><D37/><U1/><E95/><V103/><F103/><W26/><G26/><T49/><D49/><N who="3" m="19049" /><G124/><T70/><D70/><U101/><E101/><V41/><F128/><W80/><G80/><T27/><D27/><U56/><REACH who="1" step="1"/><E56/><REACH who="1" ten="310,220,230,230" step="2"/><V46/><F59/><W112/><G112/><T42/><D42/><U35/><E35/><V31/><F57/><N who="3" m="36975" /><G120/><T127/><D127/><U81/><E81/><V52/><F117/><AGARI ba="1,1" hai="65,66,116,117,118" m="36975,19049,19978" machi="117" ten="30,2000,0" yaku="34,2" doraHai="20" who="3" fromWho="2" sc="310,0,220,0,230,-23,230,33" /><INIT seed="1,0,0,0,3,12" ten="310,220,207,263" oya="1" hai0="120,129,58,27,66,34,68,118,32,84,17,30,132" hai1="33,102,72,0,53,9,26,83,6,7,22,64,38" hai2="2,73,97,108,8,88,99,77,98,111,133,36,104" hai3="123,121,23,15,87,91,86,128,25,101,3,124,59"/><U117/><E117/><V112/><F36/><W28/><G3/><T122/><D118/><U65/><E38/><V80/><F2/><W16/><G124/><T109/><D109/><N who="2" m="42058" /><F8/><W103/><G128/><T119/><D119/><U10/><E102/><N who="2" m="62543" /><F133/><W75/><G75/><T19/><D34/><U31/><E53/><V52/><F112/><W41/><G41/><T18/><D68/><U115/><E115/><V55/><F99/><W47/><G47/><T24/><D129/><U90/><E33/><V92/><AGARI ba="0,0" hai="52,55,73,77,80,88,92,98" m="62543,42058" machi="92" ten="30,4000,0" yaku="14,1,54,2" doraHai="12" who="2" fromWho="2" sc="310,-10,220,-20,207,40,263,-10" /><INIT seed="2,0,0,4,3,45" ten="300,200,247,253" oya="2" hai0="70,1,106,26,41,133,59,126,54,21,76,36,102" hai1="91,116,27,86,114,61,120,6,69,40,79,43,24" hai2="60,90,84,44,82,57,129,29,42,83,118,125,103" hai3="51,37,134,50,39,121,112,62,66,81,11,17,87"/><V20/><F118/><W127/><G121/><T56/><D1/><U96/><E120/><V75/><F129/><W100/><G127/><T67/><D126/><U31/><E116/><V71/><F71/><W101/><G134/><T55/><D76/><U72/><E114/><V52/><F125/><W15/><G37/><T2/><D2/><U12/><E96/><V131/><F131/><W104/><G39/><T46/><D102/><N who="3" m="39529" /><G104/><T8/><D106/><U97/><E97/><V115/><F115/><W78/><G112/><T111/><D8/><U19/><E6/><V38/><F103/><W80/><G81/><T130/><D130/><U30/><E72/><V28/><REACH who="2" step="1"/><F20/><REACH who="2" ten="300,200,237,253" step="2"/><W128/><G128/><T0/><D21/><U14/><E69/><V16/><F16/><W33/><G33/><T93/><D70/><U110/><E19/><V77/><AGARI ba="0,1" hai="28,29,38,42,44,52,57,60,75,77,82,83,84,90" machi="77" ten="30,11700,0" yaku="1,1,0,1,54,1,53,1" doraHai="45" doraHaiUra="74" who="2" fromWho="2" sc="300,-39,200,-39,237,127,253,-39" /><INIT seed="2,1,0,1,1,77" ten="261,161,364,214" oya="2" hai0="47,48,117,54,95,36,17,21,25,9,66,91,132" hai1="1,82,123,75,37,128,61,100,55,63,28,120,67" hai2="35,109,104,72,22,40,45,3,26,69,88,111,119" hai3="80,74,32,15,0,105,57,70,92,130,127,49,7"/><V60/><F119/><W94/><G70/><T39/><D132/><U51/><E1/><V85/><F72/><W33/><G105/><T65/><D117/><U126/><E37/><V133/><F3/><W115/><G0/><T2/><D39/><U53/><E126/><V59/><F69/><W4/><G127/><T134/><D36/><U122/><E128/><V129/><F104/><W46/><G130/><T58/><D134/><U56/><E100/><V81/><F35/><W112/><G57/><T71/><D71/><U87/><E75/><V89/><F129/><W131/><G131/><T43/><D2/><U118/><E118/><V14/><F14/><W90/><G15/><T52/><D9/><U125/><E125/><V83/><F133/><W5/><G74/><T93/><D93/><N who="3" m="35945" /><G49/><T18/><D18/><U98/><E98/><V12/><F12/><W23/><G23/><T8/><D8/><U110/><E110/><N who="2" m="41995" /><F45/><W116/><G46/><T103/><D103/><U30/><E63/><V101/><F101/><W27/><G27/><T113/><D113/><N who="3" m="43593" /><G116/><T50/><REACH who="0" step="1"/><D43/><REACH who="0" ten="251,161,364,214" step="2"/><U78/><REACH who="1" step="1"/><E55/><REACH who="1" ten="251,151,364,214" step="2"/><N who="2" m="33919" /><F40/><W114/><G114/><T68/><D68/><AGARI ba="1,2" hai="28,30,51,53,56,61,67,68,78,82,87,120,122,123" machi="68" ten="40,5200,0" yaku="1,1,13,1,52,1,53,0" doraHai="77" doraHaiUra="135" who="1" fromWho="0" sc="251,-55,151,75,364,0,214,0" /><INIT seed="3,0,0,2,2,52" ten="196,226,364,214" oya="3" hai0="96,21,131,102,17,125,119,83,130,111,72,121,79" hai1="20,37,33,3,132,12,19,104,10,47,90,128,29" hai2="42,0,48,4,6,44,107,26,115,32,5,95,71" hai3="62,60,14,127,77,126,46,108,53,110,67,134,98"/><W31/><G77/><T74/><D119/><U109/><E104/><V45/><F107/><W65/><G31/><T106/><D121/><U40/><E109/><N who="3" m="42090" /><G134/><T54/><D111/><U105/><E105/><V25/><F71/><N who="3" m="42407" /><G14/><T49/><D125/><N who="3" m="47625" /><G98/><T93/><D72/><U122/><E132/><V81/><F115/><W2/><G2/><T24/><REACH who="0" step="1"/><D106/><REACH who="0" ten="186,226,364,214" step="2"/><U94/><E122/><V85/><F0/><W97/><G97/><T86/><D86/><U22/><E3/><V43/><F85/><W103/><G103/><T16/><D16/><U118/><E118/><V36/><F6/><W113/><G113/><T116/><D116/><U129/><E128/><V39/><F5/><W64/><G46/><AGARI ba="0,1" hai="17,21,24,46,49,54,74,79,83,93,96,102,130,131" machi="46" ten="40,1300,0" yaku="1,1,53,0" doraHai="52" doraHaiUra="7" who="0" fromWho="3" sc="186,23,226,0,364,0,214,-13" /><INIT seed="4,0,0,1,3,82" ten="209,226,364,201" oya="0" hai0="32,68,86,16,84,3,126,11,26,27,103,73,102" hai1="4,34,85,76,113,17,75,33,72,121,122,46,22" hai2="81,30,133,124,9,123,111,67,135,104,48,71,112" hai3="56,95,37,42,7,19,65,18,106,45,47,40,1"/><T87/><D68/><U14/><E113/><V50/><F104/><W15/><G106/><T51/><D73/><U110/><E110/><V94/><F112/><W89/><G1/><T57/><D126/><U6/><E46/><V64/><F124/><W125/><G125/><T128/><D128/><U66/><E66/><V5/><F30/><W49/><G65/><T63/><D51/><U58/><E58/><V52/><F111/><W114/><G114/><T78/><D78/><U108/><E108/><V12/><F71/><W79/><G79/><T77/><D77/><U61/><E61/><V8/><F81/><W62/><G7/><T2/><D2/><U10/><E75/><V90/><F9/><W80/><G80/><T97/><D3/><U101/><E101/><N who="0" m="38409" /><D97/><U105/><E105/><V38/><F38/><W92/><G15/><N who="0" m="7295" /><D32/><U134/><E134/><N who="2" m="51211" /><F48/><W115/><G115/><T96/><D96/><U69/><E69/><V88/><F123/><W131/><G131/><T60/><D60/><U119/><E119/><V93/><F90/><W41/><G41/><T120/><D120/><U118/><E118/><V132/><F132/><W31/><G89/><T127/><D127/><U91/><E72/><V13/><F93/><W43/><G43/><T100/><N who="0" m="38417" /><T116/><DORA hai="129" /><D116/><U59/><E76/><V55/><F50/><W117/><G95/><T83/><D83/><U107/><E107/><V130/><F130/><W0/><G92/><T28/><D28/><U25/><E122/><V29/><F29/><W24/><G117/><T36/><D36/><U53/><E121/><RYUUKYOKU ba="0,0" sc="209,30,226,-10,364,-10,201,-10" hai0="26,27,57,63,84,86,87" /><INIT seed="4,1,0,0,0,6" ten="239,216,354,191" oya="0" hai0="128,29,9,133,45,86,43,34,36,59,124,120,5" hai1="49,117,88,26,73,102,1,64,94,115,32,58,99" hai2="57,17,132,33,81,67,61,134,28,48,91,82,50" hai3="129,85,105,74,0,84,21,22,15,103,87,8,101"/><T20/><D120/><U44/><E1/><V35/><F17/><W10/><G74/><T46/><D133/><N who="2" m="51306" /><F28/><W79/><G129/><T68/><D68/><U109/><E109/><V113/><F113/><W24/><G0/><T66/><D128/><U27/><E117/><V25/><F25/><W41/><G41/><T55/><D124/><U100/><E115/><V2/><F2/><W108/><G108/><T7/><D66/><U83/><E73/><V16/><F16/><N who="3" m="10399" /><G105/><T118/><D34/><N who="2" m="12810" /><F91/><W71/><G71/><T38/><D118/><U90/><E32/><V130/><F130/><W121/><G121/><T69/><D69/><U96/><E83/><AGARI ba="1,0" hai="48,50,57,61,67,81,82,83" m="12810,51306" machi="83" ten="30,1000,0" yaku="20,1" doraHai="6" who="2" fromWho="1" sc="239,0,216,-13,354,13,191,0" /><INIT seed="5,0,0,2,1,8" ten="239,203,367,191" oya="1" hai0="45,100,11,70,9,0,15,30,82,44,120,83,73" hai1="59,107,118,122,25,98,32,18,81,57,77,1,74" hai2="60,101,84,111,17,63,23,131,128,104,53,40,39" hai3="42,119,97,116,10,48,6,68,69,94,4,5,109"/><U33/><E122/><V117/><F111/><W86/><G109/><T115/><D70/><N who="3" m="27241" /><G86/><T22/><D100/><U108/><E118/><N who="3" m="45098" /><G42/><T96/><D96/><U134/><E108/><V51/><F101/><N who="3" m="60599" /><G48/><T36/><D120/><U49/><E134/><V85/><F104/><W106/><G106/><T62/><D73/><U133/><E133/><V64/><F40/><W90/><G90/><T91/><D36/><U61/><E1/><AGARI ba="0,0" hai="1,4,5,6,10" m="60599,45098,27241" machi="1" ten="30,1000,0" yaku="12,1" doraHai="8" who="3" fromWho="1" sc="239,0,203,-10,367,0,191,10" /><INIT seed="6,0,0,4,2,103" ten="239,193,367,201" oya="2" hai0="68,52,40,42,6,109,14,50,80,3,24,36,31" hai1="13,66,111,81,58,119,85,62,117,7,51,59,130" hai2="134,96,60,87,97,77,94,45,123,88,121,32,135" hai3="63,120,39,61,46,110,83,86,79,133,44,26,12"/><V37/><F32/><W100/><G110/><T20/><D109/><U23/><E111/><V49/><F37/><W56/><G120/><N who="2" m="46153" /><F60/><W67/><G133/><N who="2" m="50697" /><F49/><W5/><G100/><T99/><D68/><U125/><E125/><V33/><F45/><W34/><G39/><T53/><D3/><U18/><E130/><V73/><F33/><W128/><G128/><T54/><D36/><U48/><E7/><V105/><F105/><W78/><G78/><T41/><D99/><U15/><E15/><V93/><F93/><W71/><G34/><T55/><D80/><AGARI ba="0,0" hai="73,77,80,87,88,94,96,97" m="50697,46153" machi="80" ten="30,11600,0" yaku="20,1,34,2,54,1" doraHai="103" who="2" fromWho="0" sc="239,-116,193,0,367,116,201,0" /><INIT seed="6,1,0,5,1,66" ten="123,193,483,201" oya="2" hai0="56,105,46,27,118,35,64,107,18,29,24,84,58" hai1="114,62,104,97,135,92,106,81,6,30,110,21,71" hai2="102,33,54,91,74,53,119,49,26,43,95,73,5" hai3="50,65,115,40,98,89,55,60,75,69,32,36,131"/><V78/><F119/><W0/><G75/><T1/><D1/><U20/><E110/><V125/><F125/><W8/><G32/><T124/><D124/><U86/><E6/><V12/><F102/><W87/><G131/><T51/><D118/><U2/><E2/><V123/><F43/><W63/><G115/><T28/><D18/><U48/><E114/><V45/><F78/><W94/><G60/><T7/><D7/><U109/><E109/><V93/><F93/><W67/><G67/><T13/><D13/><U57/><E135/><V99/><F123/><W127/><G127/><T103/><D84/><U10/><E10/><V129/><F129/><W90/><G0/><T68/><D103/><U79/><E71/><V76/><F76/><W61/><G61/><T116/><D116/><U41/><E106/><V14/><F54/><W80/><G8/><T16/><D16/><U11/><E11/><V23/><F33/><W82/><G36/><T113/><D113/><U47/><E30/><V121/><F121/><W77/><G40/><T19/><D19/><U83/><E83/><V17/><F5/><W122/><G122/><T111/><D111/><U130/><E130/><V100/><F100/><W101/><REACH who="3" step="1"/><G82/><REACH who="3" ten="123,193,483,191" step="2"/><T132/><D132/><U4/><E4/><V128/><F128/><W31/><G31/><T39/><D39/><U44/><E104/><V126/><F126/><W120/><G120/><T108/><D108/><U9/><E9/><V85/><F74/><W15/><G15/><N who="2" m="5673" /><F73/><W70/><G70/><T72/><D72/><U96/><E41/><V37/><F37/><RYUUKYOKU ba="1,1" sc="123,-15,193,-15,483,15,191,15" hai2="17,23,26,45,49,53,85,91,95,99" hai3="50,55,63,65,69,77,80,87,89,90,94,98,101" /><INIT seed="6,2,1,5,2,79" ten="108,178,498,206" oya="2" hai0="105,71,84,33,41,49,4,59,43,7,107,42,11" hai1="78,87,66,40,22,48,110,70,27,108,19,65,23" hai2="52,94,69,46,8,61,92,95,91,101,86,126,112" hai3="67,36,62,111,14,120,123,63,45,96,55,132,12"/><V60/><F112/><W122/><G111/><T93/><D33/><U34/><E34/><V26/><F126/><W102/><G132/><T68/><D49/><U133/><E133/><V0/><F69/><W37/><G55/><T106/><D59/><U5/><E5/><V54/><F0/><W113/><G113/><T16/><D93/><N who="2" m="35946" /><F101/><W64/><G96/><T15/><REACH who="0" step="1"/><D84/><REACH who="0" ten="98,178,498,206" step="2"/><U116/><E116/><V72/><F72/><W99/><G123/><T38/><D38/><U29/><E70/><AGARI ba="2,2" hai="4,7,11,15,16,41,42,43,68,70,71,105,106,107" machi="70" ten="50,3200,0" yaku="1,1,54,1,53,0" doraHai="79" doraHaiUra="134" who="0" fromWho="1" sc="98,58,178,-38,498,0,206,0" /><INIT seed="7,0,0,2,2,39" ten="156,140,498,206" oya="3" hai0="44,13,35,79,47,59,11,110,5,101,41,89,16" hai1="116,108,62,94,72,115,36,49,121,46,98,83,93" hai2="82,91,38,17,18,103,133,106,21,102,132,124,123" hai3="60,23,130,25,100,22,4,75,77,1,29,112,81"/><W28/><G112/><T107/><D110/><U9/><E115/><V117/><F38/><W134/><G134/><N who="2" m="51817" /><F124/><W63/><G130/><T43/><D35/><U69/><E108/><V55/><F117/><W2/><G100/><T97/><D79/><U70/><E116/><V85/><F123/><W53/><G4/><T105/><D105/><U12/><E121/><V129/><F129/><W61/><G53/><T99/><D59/><U54/><E36/><V33/><F33/><W119/><G119/><T80/><D5/><U65/><E69/><V71/><F71/><W92/><G92/><N who="0" m="58599" /><D80/><U68/><E68/><V51/><F106/><W42/><G42/><N who="0" m="15883" /><D107/><U31/><E31/><V14/><F17/><W88/><G81/><T67/><D67/><U86/><E72/><V24/><F24/><W78/><G75/><T56/><D56/><AGARI ba="0,0" hai="14,18,21,51,55,56,82,85,91,102,103" m="51817" machi="56" ten="30,1000,0" yaku="20,1" doraHai="39" who="2" fromWho="0" sc="156,-10,140,0,498,10,206,0" owari="146,-25.0,140,-36.0,508,60.0,206,1.0" /></mjloggm>