<mjloggm ver="2.3"><GO type="169" lobby="0"/><UN n0="%6C%6F%76%65%79%6F%75" n1="%E3%83%88%E3%83%88%E3%83%AA%E5%85%88%E7%94%9F%31%39%E6%AD%B3" n2="%6E%6F%70%70%6F%73%61%6E" n3="%7A%6F%6F%31%39%36%34" dan="17,18,16,17" rate="2115.54,2277.61,2086.78,2178.75" sx="M,F,M,M"/><TAIKYOKU oya="0"/><INIT seed="0,0,0,3,0,134" ten="250,250,250,250" oya="0" hai0="129,92,60,95,56,5,91,50,33,6,55,52,80" hai1="96,118,0,45,27,116,69,77,11,128,107,28,18" hai2="76,22,110,67,17,10,86,85,66,24,79,15,38" hai3="113,57,99,97,12,131,126,90,63,104,34,124,37"/><T49/><D33/><U14/><E128/><V71/><F110/><W8/><G113/><T25/><D129/><U46/><E69/><V87/><F38/><W20/><G34/><T114/><D114/><U78/><E0/><V26/><F71/><W35/><G35/><T2/><D25/><U121/><E121/><V102/><F102/><W40/><G131/><T133/><D133/><U108/><E108/><V84/><N who="2" m="21504" /><DORA hai="31" /><V72/><F24/><W39/><G20/><T30/><D30/><U132/><E132/><V16/><REACH who="2" step="1"/><F72/><REACH who="2" ten="250,250,240,250" step="2"/><W115/><G115/><T105/><D105/><U48/><E107/><V1/><F1/><W29/><G104/><T98/><D2/><U54/><E96/><V44/><F44/><N who="3" m="23567" /><G39/><T43/><D80/><U127/><E46/><V81/><F81/><W42/><G97/><T23/><D95/><U111/><E111/><V7/><F7/><W103/><G103/><T4/><D43/><U41/><E41/><V106/><F106/><W3/><G42/><T122/><D122/><U53/><E27/><V135/><F135/><W89/><G3/><T21/><REACH who="0" step="1"/><D50/><REACH who="0" ten="240,250,240,250" step="2"/><U19/><E48/><V130/><F130/><W93/><G93/><T13/><D13/><U112/><E14/><V73/><F73/><W88/><G12/><T109/><D109/><U65/><E112/><V58/><F58/><AGARI ba="0,2" hai="4,5,6,21,23,49,52,55,56,58,60,91,92,98" machi="58" ten="40,7700,0" yaku="1,1,8,1,54,1,53,0" doraHai="134,31" doraHaiUra="123,61" who="0" fromWho="2" sc="240,97,250,0,240,-77,250,0" /><INIT seed="0,1,0,1,4,48" ten="337,250,163,250" oya="0" hai0="64,38,78,53,23,27,123,54,46,20,133,41,69" hai1="92,56,18,67,37,34,72,104,58,1,117,120,57" hai2="60,89,21,111,93,66,116,79,87,99,97,7,101" hai3="32,61,96,29,127,50,39,59,109,131,9,95,124"/><T74/><D123/><U25/><E104/><V44/><F111/><W8/><G39/><T30/><D133/><U13/><E117/><V130/><F130/><W35/><G109/><T15/><D74/><U132/><E1/><V83/><F7/><W43/><G131/><T90/><D78/><U135/><E37/><V14/><F44/><W107/><G107/><T85/><D64/><U86/><E72/><V51/><F51/><W55/><G29/><T5/><D69/><U100/><E120/><V26/><F14/><W62/><G35/><T22/><D20/><U68/><E68/><V121/><F116/><W28/><G28/><T115/><D115/><U122/><E122/><V126/><F126/><N who="3" m="48171" /><G32/><T102/><D102/><U113/><E113/><V81/><F81/><W47/><G62/><T71/><D71/><U129/><E129/><V65/><F121/><W3/><G3/><T31/><D5/><U42/><E34/><V91/><F97/><W76/><G76/><T40/><D40/><U118/><E118/><V108/><F108/><W6/><G6/><T45/><D45/><U110/><E110/><V33/><F33/><W125/><N who="3" m="48179" /><W77/><DORA hai="16" /><G77/><T105/><D105/><U112/><E112/><V0/><F0/><W36/><G36/><T17/><D31/><U52/><E132/><V12/><F60/><W88/><AGARI ba="1,0" hai="8,9,43,47,50,55,59,61,88,95,96" m="48179" machi="88" ten="40,5200,0" yaku="18,1,52,1,54,1" doraHai="48,16" who="3" fromWho="3" sc="337,-27,250,-14,163,-14,250,55" /><INIT seed="1,0,0,2,4,132" ten="310,236,149,305" oya="1" hai0="34,25,99,55,42,80,24,46,44,114,101,38,130" hai1="106,93,32,48,134,78,109,13,47,92,87,105,111" hai2="40,58,43,135,56,10,131,26,23,16,6,63,107" hai3="4,76,102,81,100,60,52,128,127,54,28,36,57"/><U11/><E32/><V50/><F135/><W119/><G128/><T121/><D114/><U129/><E129/><V19/><F107/><W104/><G36/><T90/><D130/><U86/><E134/><V30/><F131/><W45/><G119/><T62/><D121/><U7/><E92/><V120/><F120/><W124/><G28/><T17/><D17/><U118/><E118/><V39/><F39/><W85/><G4/><T5/><D5/><U49/><E49/><V110/><F110/><N who="1" m="41993" /><E93/><V21/><F56/><W77/><G77/><T91/><D34/><U73/><E73/><V53/><F30/><W113/><G113/><T89/><D46/><U18/><E18/><V31/><F31/><W98/><REACH who="3" step="1"/><G102/><REACH who="3" ten="310,236,149,295" step="2"/><T2/><D101/><U61/><E78/><V133/><F133/><W27/><G27/><T33/><D25/><U69/><E87/><V108/><F108/><W68/><G68/><T20/><D24/><U94/><E69/><V83/><F26/><W71/><G71/><T117/><D38/><U75/><E75/><V64/><F19/><W125/><G125/><T122/><D117/><U72/><E72/><V22/><F16/><W15/><G15/><T74/><D74/><U97/><E86/><V95/><F6/><W82/><G82/><T112/><D80/><U116/><E116/><V59/><F83/><W0/><G0/><T65/><D112/><U66/><E13/><V84/><F84/><W8/><G8/><T9/><D122/><U37/><E11/><V126/><F126/><W96/><G96/><T3/><D2/><U79/><E7/><RYUUKYOKU ba="0,1" sc="310,-10,236,-10,149,-10,295,30" hai3="45,52,54,57,60,76,81,85,98,100,104,124,127" /><INIT seed="2,1,1,5,1,7" ten="300,226,139,325" oya="2" hai0="59,81,33,42,73,99,84,120,79,57,112,39,123" hai1="63,66,89,56,135,74,76,22,14,41,104,116,36" hai2="125,72,101,130,29,71,110,11,122,87,131,10,38" hai3="127,28,92,128,24,47,3,15,111,17,77,55,1"/><V61/><F122/><W68/><G68/><T82/><D112/><U31/><E116/><V108/><F125/><W121/><G121/><T12/><D33/><U6/><E104/><V50/><F38/><W23/><G111/><N who="2" m="42537" /><F72/><W129/><G77/><T115/><D115/><U16/><E135/><V109/><F29/><W45/><G92/><T44/><D99/><U2/><E76/><V70/><N who="2" m="42545" /><V80/><DORA hai="54" /><F101/><W86/><G86/><T65/><D65/><U117/><E74/><V35/><F35/><W64/><G64/><T48/><D39/><U67/><E117/><V62/><F50/><N who="3" m="29135" /><G47/><T20/><D120/><U95/><E36/><V46/><F46/><W4/><G4/><T132/><D123/><U114/><E41/><V52/><F52/><W53/><G53/><T8/><D132/><U9/><E114/><V107/><F107/><W105/><G105/><T49/><D49/><U100/><E100/><V118/><F118/><W21/><G127/><T43/><D43/><U98/><E66/><N who="2" m="41295" /><F62/><W126/><G126/><T27/><D73/><U93/><E31/><V133/><F133/><W96/><G28/><N who="0" m="17511" /><D82/><U106/><E106/><V60/><F60/><W88/><G129/><N who="2" m="49161" /><F71/><W18/><G128/><T69/><D69/><U51/><E51/><V102/><F102/><W103/><G103/><T37/><D37/><U119/><E119/><V75/><F75/><W91/><G1/><T78/><D79/><AGARI ba="1,1" hai="10,11,79,80,87" m="49161,41295,42545" machi="79" ten="40,12000,1" yaku="14,1,10,1,19,1,52,2" doraHai="7,54" who="2" fromWho="0" sc="300,-123,226,0,139,133,325,0" /><INIT seed="2,2,0,3,4,61" ten="177,226,272,325" oya="2" hai0="100,135,98,106,131,41,107,22,23,126,79,30,92" hai1="10,68,122,3,82,129,105,127,89,110,71,134,29" hai2="46,26,16,44,101,21,1,63,97,70,121,60,133" hai3="7,13,56,53,37,5,125,87,19,91,86,65,116"/><V54/><F121/><W34/><G34/><T119/><D131/><U55/><E105/><V75/><F75/><W72/><G72/><T113/><D113/><U109/><E129/><V88/><F1/><W108/><G37/><T40/><D135/><U114/><E114/><V128/><F133/><W24/><G108/><N who="1" m="41578" /><E134/><V117/><F117/><W43/><G43/><T83/><D119/><U45/><E127/><V73/><F73/><W47/><G24/><T81/><D126/><U132/><E122/><V67/><F101/><W78/><G78/><T42/><D79/><U25/><E55/><V6/><F6/><W111/><G87/><T52/><D30/><U74/><E45/><V99/><F128/><W31/><G31/><T0/><D0/><U18/><E132/><V58/><F97/><W96/><G96/><T124/><D124/><U33/><E18/><V17/><F17/><W59/><G47/><T51/><D107/><U4/><E89/><V112/><F112/><W50/><G116/><T118/><D118/><U28/><E29/><V103/><F103/><W84/><G91/><T49/><D106/><U57/><E57/><V11/><F11/><N who="3" m="6591" /><G125/><T20/><REACH who="0" step="1"/><D49/><REACH who="0" ten="167,226,272,325" step="2"/><U94/><E94/><AGARI ba="2,1" hai="16,21,26,44,46,54,58,60,63,67,70,88,94,99" machi="94" ten="40,12000,1" yaku="25,2,52,1,54,2" doraHai="61" who="2" fromWho="1" sc="167,0,226,-126,272,136,325,0" /><INIT seed="2,3,0,2,5,57" ten="167,100,408,325" oya="2" hai0="6,115,91,0,2,135,109,43,52,16,124,72,70" hai1="35,9,89,45,64,96,15,56,5,30,41,34,117" hai2="66,12,47,104,75,32,1,79,65,22,76,69,39" hai3="125,60,116,17,126,84,102,4,107,86,14,110,8"/><V54/><F32/><W68/><G110/><T94/><D115/><U103/><E117/><V123/><F104/><W121/><G121/><T111/><D6/><U90/><E34/><V21/><F1/><W129/><G129/><T131/><D131/><U88/><E35/><V37/><F69/><W100/><G116/><T78/><D43/><U134/><E30/><V49/><F12/><W38/><G38/><T74/><D70/><U98/><E134/><V106/><F106/><W63/><G68/><T28/><D28/><U29/><E29/><V23/><F39/><W114/><G114/><T25/><D135/><U128/><E128/><V93/><F37/><W133/><G133/><T24/><D52/><U132/><E132/><V48/><F75/><W108/><G17/><T20/><D24/><U62/><REACH who="1" step="1"/><E103/><REACH who="1" ten="167,90,408,325" step="2"/><V50/><F123/><W11/><G102/><T42/><D111/><U13/><E13/><V40/><F40/><W77/><G108/><T87/><D109/><U44/><E44/><V95/><F47/><W67/><G100/><T51/><D0/><U19/><E19/><V3/><F3/><W71/><G14/><T101/><D2/><U61/><E61/><V36/><F36/><AGARI ba="3,1" hai="5,9,15,36,41,45,56,62,64,88,89,90,96,98" machi="36" ten="40,5200,0" yaku="1,1,52,1,54,1,53,0" doraHai="57" doraHaiUra="83" who="1" fromWho="2" sc="167,0,90,71,408,-61,325,0" /><INIT seed="3,0,0,2,0,135" ten="167,161,347,325" oya="3" hai0="64,15,94,84,63,31,89,98,37,30,67,18,109" hai1="70,39,133,72,80,100,95,90,61,92,91,48,6" hai2="82,97,23,124,57,8,19,126,47,102,106,2,128" hai3="127,40,4,131,9,60,32,129,77,103,7,55,20"/><W46/><G32/><T53/><D109/><U85/><E39/><V83/><F128/><N who="3" m="49227" /><G103/><T125/><D37/><U0/><E133/><V78/><F57/><N who="3" m="34879" /><G77/><T75/><D75/><U1/><E6/><V113/><F113/><W93/><G93/><T110/><D110/><U22/><E72/><V114/><F114/><W118/><G118/><T5/><D125/><N who="2" m="48234" /><F78/><W33/><G33/><T73/><D5/><U41/><E100/><V116/><F116/><W122/><G122/><T54/><D73/><U96/><E80/><V107/><F107/><W28/><G9/><T44/><D31/><U65/><E22/><V132/><F47/><W105/><G105/><T123/><D30/><U120/><E120/><V130/><F130/><W16/><G28/><T99/><D123/><U62/><E95/><V79/><F79/><W27/><G127/><T66/><D44/><U59/><E91/><V134/><F134/><W121/><G121/><T34/><D34/><U13/><E92/><V17/><F132/><W88/><G88/><T112/><D63/><U49/><E90/><V10/><F2/><W26/><G27/><T24/><D24/><U111/><E0/><V35/><F35/><W51/><AGARI ba="0,0" hai="4,7,16,20,26,40,46,51" m="34879,49227" machi="51" ten="30,3000,0" yaku="19,1,54,1" doraHai="135" who="3" fromWho="3" sc="167,-10,161,-10,347,-10,325,30" /><INIT seed="3,1,0,2,0,44" ten="157,151,337,355" oya="3" hai0="123,87,11,12,76,106,133,59,114,74,130,103,122" hai1="104,128,112,53,6,64,9,37,23,30,1,47,88" hai2="119,101,110,16,83,58,48,80,69,73,129,52,8" hai3="109,31,13,15,100,131,27,36,2,21,32,38,99"/><W121/><G121/><T3/><D133/><U86/><E112/><V46/><F119/><W26/><G131/><T81/><D130/><U96/><E128/><V50/><F110/><W108/><G2/><T125/><D125/><U14/><E64/><V91/><F69/><W90/><G90/><T70/><D70/><U55/><E104/><V49/><F101/><W54/><G54/><T107/><D114/><U56/><E96/><V60/><F129/><W5/><G38/><T67/><D3/><U84/><E84/><N who="2" m="50567" /><F73/><W105/><G36/><T65/><D65/><U77/><E77/><V82/><F46/><W4/><G15/><AGARI ba="1,0" hai="8,15,16,48,49,50,52,58,60,82,83" m="50567" machi="15" ten="30,12000,2" yaku="8,1,52,3,54,2" doraHai="44" who="2" fromWho="3" sc="157,0,151,0,337,123,355,-123" /><INIT seed="4,0,0,0,1,10" ten="157,151,460,232" oya="0" hai0="25,20,49,7,94,64,111,115,119,51,129,57,76" hai1="29,52,90,134,122,86,101,126,13,35,135,37,67" hai2="63,16,98,1,11,68,109,41,93,24,113,0,55" hai3="117,118,75,40,81,128,77,22,48,66,26,97,50"/><T30/><D119/><U56/><E122/><V27/><F113/><W104/><G128/><T112/><D129/><U105/><E37/><V85/><F41/><W42/><G66/><T73/><D111/><U83/><E126/><V84/><F1/><W61/><G61/><N who="0" m="37935" /><D7/><U74/><E67/><V80/><F0/><W15/><G42/><T88/><D73/><U6/><E74/><V89/><F84/><W28/><G40/><T70/><D70/><U33/><E101/><V102/><F68/><W65/><G65/><T18/><D76/><U71/><E105/><V45/><F63/><W34/><G118/><T78/><D78/><U91/><E91/><V121/><F121/><W43/><G43/><T133/><D133/><N who="1" m="50699" /><E29/><V123/><F109/><W108/><G108/><T127/><D127/><U44/><E44/><V2/><F2/><W46/><G46/><T31/><D112/><U14/><E71/><V23/><F11/><W21/><G34/><N who="1" m="12810" /><E6/><V19/><F123/><W32/><G32/><T120/><D120/><U8/><E8/><V39/><F39/><W106/><G106/><T130/><D130/><U69/><E69/><V38/><F38/><W58/><G117/><T5/><D5/><U72/><E72/><V103/><F103/><W132/><G132/><T110/><D110/><U62/><AGARI ba="0,0" hai="13,14,52,56,62,83,86,90" m="12810,50699" machi="62" ten="30,7900,0" yaku="20,1,52,2,54,1" doraHai="10" who="1" fromWho="1" sc="157,-39,151,79,460,-20,232,-20" /><INIT seed="5,0,0,5,0,88" ten="118,230,440,212" oya="1" hai0="111,96,108,28,120,87,43,69,131,106,117,5,24" hai1="130,99,53,110,129,74,42,37,22,33,32,21,13" hai2="18,35,14,73,115,0,65,59,81,113,125,12,119" hai3="132,127,34,82,100,50,62,109,26,45,2,90,107"/><U44/><E74/><V63/><F119/><W61/><G109/><T16/><D117/><U124/><E110/><V57/><F0/><W84/><G132/><T134/><D134/><U89/><E53/><V78/><F35/><N who="1" m="13385" /><E13/><N who="2" m="5227" /><F18/><W25/><G2/><T38/><D120/><U39/><E39/><V85/><F125/><W68/><G127/><T30/><D87/><U9/><E9/><V49/><F49/><W60/><G68/><T46/><D69/><U105/><E124/><V52/><F59/><W58/><G34/><T79/><D5/><U20/><E89/><V55/><F85/><W126/><G126/><T11/><D79/><U3/><E3/><V112/><AGARI ba="0,0" hai="52,55,57,63,65,73,78,81,112,113,115" m="5227" machi="112" ten="40,5200,0" yaku="15,1,11,1,54,1" doraHai="88" who="2" fromWho="2" sc="118,-13,230,-26,440,52,212,-13" /><INIT seed="6,0,0,5,2,40" ten="105,204,492,199" oya="2" hai0="64,76,45,90,55,29,110,127,94,52,63,44,47" hai1="12,67,62,48,86,20,99,128,70,84,28,25,15" hai2="3,66,60,34,72,80,6,61,41,92,105,103,96" hai3="131,132,2,130,74,38,134,32,27,123,102,21,135"/><V43/><F34/><W93/><G74/><T87/><D110/><U109/><E109/><V1/><F60/><W31/><G38/><T115/><D127/><U11/><E128/><N who="3" m="49194" /><G102/><T68/><D115/><U78/><E78/><V30/><F3/><W23/><G93/><T17/><D29/><U16/><E99/><V4/><F30/><W113/><G123/><T121/><D121/><U77/><E77/><V75/><F75/><W114/><G2/><T10/><REACH who="0" step="1"/><D76/><REACH who="0" ten="95,204,492,199" step="2"/><U39/><E28/><V89/><F1/><W125/><G125/><T106/><D106/><U117/><E117/><V88/><F105/><W95/><G95/><T83/><D83/><U5/><E70/><V35/><F80/><W69/><G69/><T9/><D9/><U37/><E11/><V24/><F92/><W57/><G57/><T120/><D120/><U119/><E119/><V42/><F96/><W53/><G53/><T22/><D22/><AGARI ba="0,1" hai="21,22,23,27,31,32,113,114,132,134,135" m="49194" machi="22" ten="40,8000,1" yaku="20,1,19,1,34,2" doraHai="40" who="3" fromWho="0" sc="95,-80,204,0,492,0,199,90" /><INIT seed="7,0,0,1,2,43" ten="15,204,492,289" oya="3" hai0="79,99,96,128,30,131,134,125,26,66,105,34,32" hai1="104,38,7,21,59,5,25,121,80,106,41,40,58" hai2="60,81,44,53,73,8,35,45,77,130,65,11,89" hai3="72,127,63,133,47,27,70,46,33,100,90,61,91"/><W22/><G72/><T117/><D79/><U55/><E121/><V54/><F35/><W13/><G33/><T111/><D117/><U17/><E104/><V97/><F130/><W16/><G70/><T6/><D111/><U94/><E106/><V19/><F97/><W62/><G133/><T0/><D134/><U84/><E58/><V68/><F89/><N who="3" m="33803" /><G127/><T108/><D108/><U56/><E56/><V52/><F11/><N who="3" m="6207" /><G100/><T20/><D125/><U14/><E94/><V85/><F73/><W9/><G9/><T120/><D120/><U93/><E93/><V51/><F51/><W110/><G110/><T69/><D99/><U15/><E15/><N who="2" m="7655" /><F68/><W132/><G132/><T83/><D34/><U107/><E107/><V92/><F92/><W23/><G23/><T42/><D20/><U115/><E115/><V75/><F75/><W31/><AGARI ba="0,0" hai="22,27,31,46,47,61,62,63" m="6207,33803" machi="31" ten="30,11700,0" yaku="8,1,52,2,54,1" doraHai="43" who="3" fromWho="3" sc="15,-39,204,-39,492,-39,289,117" owari="-24,-52.0,165,-23.0,453,54.0,406,21.0" /></mjloggm>