<mjloggm ver="2.3"><GO type="169" lobby="0"/><UN n0="%E9%B7%BA%E6%A3%AE%E7%81%BC%2E" n1="%E6%9A%97%E3%81%84%E7%AC%A6" n2="%E5%B0%B1%E6%B4%BB%E7%94%9F%40%E5%B7%9D%E6%9D%91%E8%BB%8D%E5%9B%A3" n3="%E9%87%8E%E3%80%85%E5%AE%AE%E8%97%8D" dan="16,16,18,18" rate="2126.72,2136.60,2317.39,2155.70" sx="F,M,M,F"/><TAIKYOKU oya="0"/><INIT seed="0,0,0,4,3,113" ten="250,250,250,250" oya="0" hai0="58,18,125,35,100,45,30,0,23,46,116,133,40" hai1="5,21,86,56,66,119,111,29,90,84,11,44,38" hai2="1,3,134,48,75,2,50,55,105,7,31,63,68" hai3="101,65,91,104,92,85,64,43,32,81,96,62,54"/><T127/><D0/><U132/><E38/><V80/><F105/><W78/><G32/><T94/><D133/><U57/><E66/><V67/><F134/><W99/><G43/><T22/><D35/><U126/><E132/><V95/><F31/><W128/><G128/><T61/><D116/><U37/><E37/><V6/><F50/><W13/><G13/><T112/><D112/><U82/><E111/><V60/><F60/><W69/><G64/><N who="0" m="38967" /><D23/><U129/><E44/><V131/><F131/><W124/><REACH who="3" step="1"/><G54/><REACH who="3" ten="250,250,250,240" step="2"/><T39/><D40/><U17/><E129/><V89/><F55/><W88/><G88/><T28/><D39/><U33/><E90/><V83/><F3/><W36/><G36/><T25/><D127/><AGARI ba="0,1" hai="62,65,69,78,81,85,91,92,96,99,101,104,124,127" machi="127" ten="40,1300,0" yaku="1,1,53,0" doraHai="113" doraHaiUra="52" who="3" fromWho="0" sc="250,-13,250,0,250,0,240,23" /><INIT seed="1,0,0,3,3,40" ten="237,250,250,263" oya="1" hai0="49,29,73,26,117,96,7,43,41,124,25,127,113" hai1="69,116,98,107,70,128,120,132,129,75,88,68,55" hai2="119,15,97,83,125,1,20,84,93,54,39,31,71" hai3="67,85,27,80,66,122,13,22,112,82,111,94,10"/><U8/><E75/><V64/><F125/><W101/><G112/><T89/><D73/><U114/><E114/><V99/><F39/><W18/><G122/><T76/><D76/><U16/><E120/><V115/><F1/><W47/><G111/><T90/><D113/><U134/><E107/><V38/><F38/><W61/><G47/><T42/><D49/><U12/><E55/><V59/><F71/><W46/><G46/><T92/><D7/><U58/><E58/><V3/><F3/><W17/><G67/><T14/><D14/><U28/><E28/><V62/><F119/><W51/><G51/><T102/><D117/><U81/><E116/><V133/><F133/><N who="1" m="51305" /><E81/><V63/><F93/><AGARI ba="0,0" hai="8,12,16,68,69,70,88,93,98,128,129" m="51305" machi="93" ten="40,7700,0" yaku="20,1,54,2" doraHai="40" who="1" fromWho="2" sc="237,0,250,77,250,-77,263,0" /><INIT seed="1,1,0,0,1,52" ten="237,327,173,263" oya="1" hai0="38,32,83,99,56,94,77,4,132,9,107,54,29" hai1="69,111,124,28,121,126,117,34,125,96,71,33,89" hai2="123,82,87,86,116,45,31,67,104,10,110,120,23" hai3="19,112,64,122,24,14,17,92,88,128,85,53,63"/><U91/><E28/><V50/><F104/><W1/><G1/><T78/><D38/><U103/><E121/><V61/><F116/><W5/><G122/><T8/><D107/><U51/><E117/><V43/><F110/><W84/><G128/><T42/><D42/><U73/><E73/><V40/><F40/><W25/><G5/><T135/><D29/><U101/><E51/><V57/><F87/><W12/><G112/><T72/><D32/><N who="1" m="12395" /><E96/><V134/><F134/><W70/><G53/><T35/><D78/><U60/><E60/><V105/><F105/><W26/><G84/><T20/><D20/><U98/><E98/><V44/><F44/><W13/><AGARI ba="1,0" hai="12,13,14,17,19,24,25,26,63,64,70,85,88,92" machi="13" ten="30,2000,0" yaku="0,1,54,1" doraHai="52" who="3" fromWho="3" sc="237,-6,327,-11,173,-6,263,23" /><INIT seed="2,0,0,3,0,80" ten="231,316,167,286" oya="2" hai0="20,114,79,130,86,25,72,81,110,32,16,43,14" hai1="8,51,59,38,37,100,92,13,63,54,98,120,129" hai2="112,42,118,48,12,34,46,1,49,84,88,11,55" hai3="111,27,65,113,10,85,75,133,9,23,22,115,106"/><V117/><F112/><N who="3" m="43083" /><G75/><T122/><D122/><U101/><E120/><V56/><F34/><W127/><G111/><T47/><D110/><U52/><E129/><V132/><F1/><W103/><G127/><T31/><D114/><U124/><E124/><V53/><F132/><W5/><G65/><T91/><D130/><U60/><E101/><V123/><F123/><W35/><G35/><T57/><D57/><U41/><E41/><V7/><REACH who="2" step="1"/><F42/><REACH who="2" ten="231,316,157,286" step="2"/><W99/><G133/><T61/><D61/><U74/><E63/><V95/><AGARI ba="0,1" hai="7,11,12,46,48,49,53,55,56,84,88,95,117,118" machi="95" ten="20,18000,2" yaku="1,1,2,1,0,1,7,1,52,1,54,1,53,0" doraHai="80" doraHaiUra="36" who="2" fromWho="2" sc="231,-60,316,-60,157,190,286,-60" /><INIT seed="2,1,0,2,3,123" ten="171,256,347,226" oya="2" hai0="120,34,55,93,18,92,45,41,107,31,48,59,35" hai1="24,119,79,17,86,61,117,38,30,33,19,116,21" hai2="98,47,135,100,57,69,84,80,40,12,122,88,27" hai3="11,128,6,87,83,42,0,63,62,25,37,68,52"/><V64/><F122/><W44/><G128/><T114/><D120/><U126/><E38/><V121/><F121/><W81/><G68/><T76/><D107/><U101/><E101/><V78/><F69/><W20/><G81/><T58/><D58/><U71/><E61/><V125/><F125/><W10/><G10/><T4/><D4/><U28/><E86/><V13/><F135/><W9/><G9/><T105/><D105/><U104/><E79/><V49/><F27/><W14/><G0/><T56/><D56/><U1/><E104/><V112/><F112/><W15/><G15/><T102/><D76/><U97/><E97/><V90/><F100/><W106/><G52/><T124/><D31/><U77/><E77/><V134/><F134/><W74/><G74/><T103/><D124/><U118/><E71/><V73/><F98/><W7/><G7/><T66/><D103/><U26/><E126/><V60/><REACH who="2" step="1"/><F90/><REACH who="2" ten="171,256,337,226" step="2"/><W130/><G106/><T36/><D114/><U72/><E119/><V3/><F3/><W82/><G130/><T65/><D102/><U129/><E1/><V2/><F2/><W108/><G25/><T110/><D35/><U127/><E127/><V95/><AGARI ba="1,1" hai="12,13,40,47,49,57,60,64,73,78,80,84,88,95" machi="95" ten="20,18000,2" yaku="1,1,0,1,7,1,54,1,53,2" doraHai="123" doraHaiUra="8" who="2" fromWho="2" sc="171,-61,256,-61,337,193,226,-61" /><INIT seed="2,2,0,2,1,105" ten="110,195,530,165" oya="2" hai0="123,74,1,62,29,69,22,118,54,46,47,18,40" hai1="129,48,20,19,86,4,12,57,88,100,64,82,6" hai2="106,135,119,114,94,113,43,58,81,3,7,115,9" hai3="124,34,112,24,53,132,109,111,78,37,42,27,60"/><V59/><F106/><W70/><G124/><T56/><D123/><U23/><E129/><V120/><F119/><W67/><G132/><T116/><D1/><U66/><E100/><V17/><F120/><W44/><G112/><T21/><D69/><U134/><E134/><V72/><F135/><W13/><G78/><T99/><D29/><U104/><E104/><V41/><F17/><W52/><G13/><T51/><D22/><U28/><E66/><V10/><F94/><W126/><G126/><T63/><D99/><U0/><E0/><V98/><F98/><W33/><G24/><T107/><D107/><U36/><E36/><V55/><F10/><W11/><G11/><T16/><D18/><U91/><E91/><V68/><F68/><W15/><G15/><N who="0" m="9375" /><D74/><U92/><E82/><V121/><F121/><W26/><G26/><T38/><D47/><U102/><E102/><V30/><F30/><W50/><G27/><T45/><D45/><U76/><E28/><V35/><F35/><N who="3" m="13323" /><G53/><T25/><D25/><U110/><E23/><V95/><F95/><W125/><G125/><T31/><D31/><U89/><E92/><V87/><F59/><AGARI ba="2,0" hai="37,42,44,50,52,59,60,67,70,109,111" m="13323" machi="59" ten="30,2000,0" yaku="24,1,54,1" doraHai="105" who="3" fromWho="2" sc="110,0,195,0,530,-26,165,26" /><INIT seed="3,0,0,1,5,129" ten="110,195,504,191" oya="3" hai0="113,48,28,8,50,66,5,85,38,19,134,40,56" hai1="107,115,13,32,16,80,135,23,43,59,4,63,78" hai2="122,96,103,44,1,47,29,116,87,125,77,64,65" hai3="53,2,11,94,57,89,106,111,73,60,121,14,62"/><W101/><G121/><T120/><D120/><U54/><E107/><V132/><F1/><W55/><G2/><T112/><D28/><U127/><E32/><V108/><F108/><W98/><G73/><T67/><D19/><U131/><E131/><V105/><F122/><W41/><G41/><T92/><D92/><U49/><E127/><V130/><F29/><W83/><G111/><T17/><D17/><U0/><E0/><V95/><F116/><W15/><G83/><T124/><D85/><U3/><E3/><V118/><F118/><W20/><G20/><T31/><D31/><U25/><E115/><N who="0" m="44105" /><D8/><U35/><E35/><V133/><F130/><W84/><REACH who="3" step="1"/><G11/><REACH who="3" ten="110,195,504,181" step="2"/><T93/><D124/><U27/><E80/><N who="2" m="47503" /><F125/><W128/><G128/><T22/><D22/><U75/><E23/><V126/><F126/><W82/><G82/><T24/><D40/><U117/><E43/><V7/><F105/><W99/><G99/><T21/><D21/><U51/><E75/><V12/><F96/><W114/><G114/><T90/><D38/><U10/><E10/><V34/><F95/><W76/><G76/><T71/><D93/><U36/><E78/><V70/><F34/><W72/><G72/><T81/><D81/><U104/><E36/><V18/><F12/><W45/><G45/><T102/><D24/><U61/><E13/><V109/><F47/><W123/><G123/><T52/><D134/><U30/><E135/><V42/><F44/><W58/><AGARI ba="0,1" hai="14,15,53,55,57,58,60,62,84,89,94,98,101,106" machi="58" ten="30,6000,0" yaku="1,1,0,1,9,1,53,0" doraHai="129" doraHaiUra="6" who="3" fromWho="3" sc="110,-20,195,-20,504,-20,181,70" /><INIT seed="3,1,0,2,3,112" ten="90,175,484,251" oya="3" hai0="68,131,36,81,42,100,86,6,58,33,90,103,124" hai1="77,67,1,24,127,57,11,34,130,116,44,76,82" hai2="47,92,18,37,23,30,87,111,61,134,21,15,46" hai3="8,66,126,132,49,4,60,133,78,22,109,114,115"/><W55/><G78/><T110/><D68/><U5/><E77/><V53/><F111/><W70/><G109/><T64/><D33/><U105/><E57/><N who="2" m="34991" /><F37/><W63/><G22/><T71/><D71/><U122/><E67/><V31/><F134/><N who="3" m="51819" /><G60/><T97/><D131/><U88/><E88/><N who="2" m="53279" /><F23/><W3/><G126/><T113/><D124/><U118/><E127/><V102/><F102/><W12/><G3/><T50/><D103/><U120/><E105/><V0/><F0/><W17/><G4/><T20/><D6/><U93/><E93/><V13/><F13/><W74/><G74/><T9/><D9/><U98/><E98/><V54/><F54/><W10/><G10/><T56/><D36/><U38/><E130/><V48/><F48/><W104/><G104/><T106/><D113/><U72/><E34/><V125/><F125/><W128/><G128/><T117/><D110/><U59/><E24/><V2/><F2/><W28/><G28/><AGARI ba="1,0" hai="15,18,21,28,30,31,46,47" m="53279,34991" machi="28" ten="30,2000,0" yaku="8,1,54,1" doraHai="112" who="2" fromWho="3" sc="90,0,175,0,484,23,251,-23" /><INIT seed="4,0,0,2,1,7" ten="90,175,507,228" oya="0" hai0="116,133,90,26,36,72,29,69,123,35,59,89,106" hai1="134,114,4,33,48,98,100,22,130,111,61,51,81" hai2="6,65,107,1,121,128,73,58,94,122,75,127,83" hai3="42,20,71,27,109,96,112,23,77,28,60,74,95"/><T11/><D69/><U37/><E37/><V43/><F107/><W129/><G109/><T101/><D116/><U67/><E111/><V3/><F43/><W38/><G129/><T66/><D72/><U21/><E33/><V115/><F115/><W86/><G74/><T47/><D123/><U2/><E81/><V53/><F65/><W119/><G119/><T31/><D31/><U50/><E130/><V25/><F128/><W135/><G112/><T56/><D133/><U13/><E2/><V78/><F127/><W32/><G38/><T0/><D106/><U10/><E134/><V9/><F75/><W55/><G42/><T99/><D47/><U68/><REACH who="1" step="1"/><E114/><REACH who="1" ten="90,165,507,228" step="2"/><V17/><F3/><W18/><G32/><T132/><D36/><U49/><N who="1" m="12288" /><DORA hai="91" /><U117/><E117/><V41/><F41/><W88/><G135/><T39/><D39/><U92/><AGARI ba="0,1" hai="4,10,13,21,22,61,67,68,92,98,100" m="12288" machi="92" ten="40,16000,3" yaku="1,1,0,1,52,2,53,5" doraHai="7,91" doraHaiUra="8,46" who="1" fromWho="1" sc="90,-80,165,170,507,-40,228,-40" /><INIT seed="5,0,0,5,0,68" ten="10,335,467,188" oya="1" hai0="35,57,108,52,59,80,103,74,87,102,112,133,11" hai1="78,15,7,18,82,42,37,91,86,127,28,40,120" hai2="70,99,89,27,50,47,76,44,55,106,3,62,64" hai3="12,36,54,10,123,135,60,33,24,79,118,67,30"/><U38/><E28/><V134/><F3/><W46/><G123/><T65/><D112/><U34/><E34/><V122/><F122/><W2/><G2/><T43/><D133/><U17/><E120/><V14/><F134/><W32/><G135/><T66/><D74/><U13/><E7/><V58/><F76/><W22/><G79/><T119/><D119/><U69/><E69/><V72/><F72/><W132/><G118/><T98/><D35/><U104/><E104/><V73/><F73/><W39/><G132/><T90/><D108/><U56/><E56/><V110/><F27/><W31/><G31/><T71/><D59/><U48/><E127/><V29/><F29/><W116/><G116/><T105/><D71/><U5/><E91/><V97/><F14/><W20/><G33/><T115/><D115/><U88/><E5/><V53/><F110/><W117/><G117/><T0/><D103/><U84/><E48/><V124/><F124/><W101/><G101/><T6/><REACH who="0" step="1"/><D43/><REACH who="0" ten="0,335,467,188" step="2"/><U109/><E109/><V23/><F70/><N who="3" m="42343" /><G32/><T81/><D81/><U96/><E42/><V61/><F58/><W94/><G54/><T51/><AGARI ba="0,1" hai="0,6,11,51,52,57,65,66,80,87,90,98,102,105" machi="51" ten="20,8000,1" yaku="1,1,0,1,7,1,54,1,53,1" doraHai="68" doraHaiUra="77" who="0" fromWho="0" sc="0,90,335,-40,467,-20,188,-20" /><INIT seed="6,0,0,4,2,94" ten="90,295,447,168" oya="2" hai0="2,37,18,115,65,56,119,55,103,98,45,117,116" hai1="97,60,110,57,134,63,96,86,1,40,93,131,121" hai2="30,6,10,3,48,81,106,43,42,47,85,69,38" hai3="29,76,26,100,8,50,127,72,107,87,14,7,79"/><V91/><F106/><W111/><G111/><T77/><D115/><U54/><E1/><V58/><F69/><W109/><G109/><T16/><D2/><U89/><E110/><V122/><F122/><W104/><G127/><T112/><D112/><U128/><E121/><V83/><F30/><W80/><G76/><T33/><D33/><U118/><E118/><N who="0" m="30209" /><T124/><DORA hai="64" /><D124/><U32/><E32/><V99/><F99/><N who="1" m="37961" /><E40/><V31/><F31/><W24/><G24/><T41/><D65/><U35/><E35/><V62/><F81/><W17/><G7/><T126/><D77/><U84/><E134/><V19/><F19/><W53/><G100/><T130/><D130/><N who="1" m="49707" /><E86/><V90/><F42/><W11/><G87/><T82/><D82/><U66/><E66/><V92/><F38/><W22/><G107/><N who="0" m="63991" /><D126/><U73/><E73/><V102/><F102/><W88/><G104/><T34/><D34/><U46/><E46/><V61/><F58/><N who="3" m="33079" /><G79/><T39/><D39/><U13/><E13/><V95/><F83/><W5/><G72/><T74/><D74/><U67/><E67/><V20/><F85/><W9/><G80/><T4/><D4/><U135/><E135/><V101/><F6/><W59/><G5/><T71/><D71/><U123/><E123/><V129/><F3/><W133/><G133/><T0/><D0/><U36/><E36/><V132/><F47/><W105/><G105/><T21/><D21/><U68/><E68/><V120/><F20/><W12/><G22/><T113/><D113/><U28/><E28/><V49/><F129/><W51/><G29/><RYUUKYOKU ba="0,0" sc="90,15,295,15,447,-15,168,-15" hai0="16,18,37,41,45,55,56" hai1="54,57,60,63,84,89,93" /><INIT seed="7,1,0,1,2,37" ten="105,310,432,153" oya="3" hai0="66,100,43,56,133,75,118,33,1,107,79,10,81" hai1="65,114,23,135,62,30,105,22,52,102,78,98,46" hai2="70,87,8,123,111,103,101,11,96,64,122,117,97" hai3="6,85,125,44,42,60,89,131,88,110,86,116,13"/><W55/><G116/><T19/><D133/><U57/><E78/><V18/><F111/><W40/><G110/><T115/><D118/><U132/><E114/><V15/><F117/><W54/><G125/><T49/><D33/><U68/><E30/><V14/><F87/><N who="3" m="33291" /><G131/><T16/><D66/><U94/><E105/><V53/><F53/><N who="3" m="19979" /><G60/><T50/><D56/><U20/><E46/><V99/><F64/><W2/><G2/><T119/><D119/><U95/><E94/><V45/><F70/><W31/><G31/><T25/><D115/><U21/><N who="1" m="5120" /><DORA hai="73" /><U80/><E80/><V106/><F45/><W34/><G34/><T74/><D74/><U38/><E38/><V12/><F106/><W71/><G71/><T41/><D25/><U92/><E92/><V93/><F93/><W129/><G129/><T29/><D29/><U113/><E113/><V127/><F127/><W108/><G44/><T32/><D32/><U69/><E65/><V17/><F14/><W130/><G130/><T51/><D1/><U39/><E39/><V24/><F24/><W109/><G109/><T28/><D28/><U58/><E57/><V4/><F4/><W124/><G124/><T5/><D5/><U90/><E69/><V48/><F48/><W134/><G134/><N who="1" m="51242" /><E68/><V36/><F36/><W128/><G128/><T82/><D82/><U104/><E104/><V63/><F63/><W112/><G112/><T121/><D121/><AGARI ba="1,0" hai="8,11,12,15,17,18,96,97,99,101,103,121,122,123" machi="121" ten="40,2600,0" yaku="9,1,13,1" doraHai="37,73" who="2" fromWho="0" sc="105,-29,310,0,432,29,153,0" owari="76,-42.0,310,11.0,461,56.0,153,-25.0" /></mjloggm>