<mjloggm ver="2.3"><GO type="169" lobby="0"/><UN n0="%61%64%70%31%30" n1="%E3%81%BB%E3%81%88%E3%82%89%E3%83%BC" n2="%E5%82%B7%E3%81%AF%E6%B5%85%E3%81%84%E3%81%86%E3%81%A1%E3%81%AB" n3="%E5%B0%B1%E6%B4%BB%E7%94%9F%40%E5%B7%9D%E6%9D%91%E8%BB%8D%E5%9B%A3" dan="18,18,16,19" rate="2225.48,2272.94,2151.91,2347.82" sx="M,M,M,M"/><TAIKYOKU oya="0"/><INIT seed="0,0,0,5,5,52" ten="250,250,250,250" oya="0" hai0="88,38,68,18,116,47,12,24,125,102,5,53,19" hai1="26,127,86,129,99,8,80,61,122,14,107,92,34" hai2="71,132,105,89,118,13,20,104,84,124,46,33,62" hai3="64,27,117,97,74,66,67,21,109,42,119,54,83"/><T114/><D114/><U69/><E122/><V40/><F33/><W11/><G109/><T76/><D68/><U63/><E107/><V3/><F3/><W94/><G42/><T98/><D116/><U72/><E72/><V110/><F110/><W120/><G120/><T87/><D125/><U106/><E106/><V126/><F132/><W133/><G133/><T15/><D76/><U35/><E129/><V91/><F91/><W128/><G128/><T131/><D5/><U57/><E127/><N who="2" m="48683" /><F118/><W113/><G113/><T65/><D65/><U22/><E69/><V103/><F103/><W1/><G83/><N who="0" m="49279" /><D38/><U31/><E63/><V50/><F20/><W77/><G77/><T0/><D0/><U85/><E80/><N who="2" m="49287" /><F13/><N who="0" m="5194" /><D24/><U17/><E35/><V7/><F7/><W6/><G74/><T51/><D131/><U79/><E34/><V44/><F44/><W9/><G9/><T134/><D134/><U59/><E79/><V111/><F111/><W82/><G82/><T41/><D41/><U101/><E59/><V78/><F78/><W96/><G117/><T135/><D135/><U4/><E4/><V90/><F90/><W43/><G119/><T130/><D130/><U16/><E17/><V81/><F81/><W123/><G123/><T75/><D75/><U115/><E115/><V30/><F105/><W70/><G70/><T56/><D47/><U93/><E93/><AGARI ba="0,0" hai="18,19,51,53,56,93,98,102" m="5194,49279" machi="93" ten="30,5800,0" yaku="8,1,52,1,54,1" doraHai="52" who="0" fromWho="1" sc="250,58,250,-58,250,0,250,0" /><INIT seed="0,1,0,2,2,106" ten="308,192,250,250" oya="0" hai0="114,57,135,130,96,74,33,118,51,88,18,102,113" hai1="110,68,98,2,131,60,123,89,79,117,91,46,133" hai2="129,1,29,54,11,93,9,28,77,119,12,6,14" hai3="122,5,56,75,109,62,8,101,99,13,115,53,112"/><T92/><D33/><U10/><E117/><V22/><F77/><W7/><G109/><T50/><D118/><U134/><E123/><V116/><F93/><W108/><G108/><T70/><D70/><U24/><E110/><V95/><F95/><W59/><G122/><T16/><D130/><U71/><E131/><V64/><F129/><W120/><G120/><T49/><D135/><N who="1" m="51723" /><E46/><V127/><F54/><W87/><G7/><T45/><D74/><U82/><E24/><V3/><F64/><W27/><G75/><T20/><D102/><U90/><E98/><V55/><F55/><W48/><G87/><T31/><D45/><U80/><E60/><V21/><REACH who="2" step="1"/><F6/><REACH who="2" ten="308,192,240,250" step="2"/><W61/><G112/><T34/><D114/><U38/><E79/><V19/><F19/><W67/><G115/><T86/><D113/><U83/><E38/><V65/><F65/><W44/><G99/><T124/><D96/><U43/><E43/><V121/><F121/><W4/><G4/><AGARI ba="1,1" hai="2,4,10,68,71,80,82,83,89,90,91" m="51723" machi="4" ten="40,1300,0" yaku="20,1" doraHai="106" who="1" fromWho="3" sc="308,0,192,26,240,0,250,-16" /><INIT seed="1,0,0,1,0,52" ten="308,218,240,234" oya="1" hai0="17,0,51,117,19,93,126,86,120,83,60,107,26" hai1="128,106,94,76,48,71,97,41,38,74,65,108,11" hai2="96,88,102,80,29,31,129,58,39,47,34,82,59" hai3="68,28,124,16,85,9,7,13,6,46,63,91,36"/><U22/><E128/><V75/><F75/><W14/><G124/><T27/><D107/><U12/><E106/><V4/><F39/><W50/><G36/><T78/><D0/><U95/><E38/><V54/><F129/><W61/><G28/><N who="2" m="10825" /><F34/><W113/><G113/><T105/><D105/><U132/><E22/><V84/><F82/><N who="3" m="49591" /><G68/><T15/><D117/><U18/><E132/><V90/><F102/><W45/><G45/><T101/><D126/><U33/><E33/><V24/><F24/><N who="0" m="9258" /><D60/><N who="3" m="23113" /><G14/><T20/><D120/><U1/><E1/><V127/><F127/><W69/><G69/><T118/><D118/><U77/><E74/><V40/><F40/><AGARI ba="0,0" hai="6,7,9,13,16,40,46,50" m="23113,49591" machi="40" ten="30,2000,0" yaku="8,1,54,1" doraHai="52" who="3" fromWho="2" sc="308,0,218,0,240,-20,234,20" /><INIT seed="2,0,0,4,0,61" ten="308,218,220,254" oya="2" hai0="21,113,134,26,62,58,121,54,31,73,89,78,74" hai1="127,32,119,110,87,52,23,124,80,63,88,122,0" hai2="40,129,117,24,8,49,84,105,114,132,28,64,109" hai3="77,45,43,12,27,3,107,116,135,94,103,2,47"/><V56/><F105/><W91/><G135/><T50/><D121/><U83/><E32/><V131/><F114/><W59/><G77/><T16/><D113/><U20/><E0/><V123/><F117/><W53/><G103/><T120/><D120/><U33/><E33/><V30/><F123/><W48/><G107/><T60/><D134/><U29/><E119/><V51/><F132/><W130/><G130/><N who="2" m="49673" /><F40/><W85/><G116/><T13/><D78/><U108/><E122/><V7/><F84/><W86/><G86/><T39/><D39/><U133/><E133/><V55/><F49/><W118/><G118/><T75/><REACH who="0" step="1"/><D89/><REACH who="0" ten="298,218,220,254" step="2"/><U76/><E76/><V96/><F109/><W112/><G112/><T35/><AGARI ba="0,1" hai="13,16,21,26,31,35,50,54,58,60,62,73,74,75" machi="35" ten="30,8000,1" yaku="1,1,2,1,0,1,54,1,53,1" doraHai="61" doraHaiUra="25" who="0" fromWho="0" sc="298,90,218,-20,220,-40,254,-20" /><INIT seed="3,0,0,0,3,69" ten="388,198,180,234" oya="3" hai0="17,96,85,128,68,61,45,9,123,22,63,21,8" hai1="51,18,58,47,127,90,19,1,20,65,57,105,4" hai2="87,70,52,50,36,60,94,125,82,72,28,2,130" hai3="15,93,116,75,14,114,5,40,73,25,16,53,41"/><W11/><G114/><T54/><D123/><U104/><E127/><V78/><F2/><W99/><G116/><T76/><D128/><U122/><E122/><V135/><F130/><W0/><G75/><T24/><D96/><U115/><E115/><V48/><F125/><W6/><G73/><T71/><D22/><U79/><E79/><V13/><F28/><W89/><G0/><T67/><D45/><U117/><E117/><V131/><F135/><W107/><G107/><T133/><D133/><U98/><E18/><V46/><F13/><W32/><G32/><T132/><D132/><U95/><E4/><V38/><F131/><W100/><G100/><T120/><D120/><U134/><E1/><V113/><F113/><W31/><G31/><T86/><D54/><U91/><E91/><V84/><F50/><W62/><G6/><T10/><D76/><U49/><E134/><V108/><F108/><W88/><G89/><T110/><D110/><U7/><E7/><V81/><F94/><W26/><G26/><T59/><D59/><N who="1" m="22539" /><E65/><AGARI ba="0,0" hai="8,9,10,17,21,24,61,63,65,67,68,71,85,86" machi="65" ten="40,1300,0" yaku="9,1" doraHai="69" who="0" fromWho="1" sc="388,13,198,-13,180,0,234,0" /><INIT seed="4,0,0,5,0,54" ten="401,185,180,234" oya="0" hai0="14,83,97,47,27,0,23,120,3,62,24,79,12" hai1="48,46,103,69,9,66,36,37,42,30,96,18,115" hai2="82,6,28,8,80,22,105,43,87,107,34,26,112" hai3="110,52,75,122,56,72,39,5,131,102,32,95,84"/><T114/><D120/><U77/><E77/><V15/><F112/><W117/><G39/><T89/><D114/><U33/><E115/><V99/><F99/><W98/><G110/><T57/><D47/><U130/><E130/><V121/><F121/><W59/><G32/><T126/><D126/><U106/><E18/><V53/><F43/><W19/><G117/><T61/><D61/><N who="1" m="40143" /><E9/><V35/><F80/><W29/><G75/><T50/><D50/><U78/><E78/><V133/><F133/><W44/><G72/><T81/><D3/><U91/><E91/><V2/><F53/><W127/><G29/><T25/><D0/><U38/><E48/><V49/><F49/><N who="3" m="28711" /><G127/><T132/><D23/><U76/><E76/><N who="2" m="46535" /><F35/><W21/><G131/><T92/><D132/><U1/><E1/><V128/><F128/><W67/><G67/><T7/><D7/><U60/><E60/><V109/><F109/><W45/><G45/><T134/><D134/><U58/><E58/><N who="3" m="22058" /><G122/><T123/><D123/><U51/><E51/><V65/><F65/><W94/><G5/><T118/><D57/><U104/><E104/><V17/><AGARI ba="0,0" hai="2,6,8,15,17,22,26,28,34,105,107" m="46535" machi="17" ten="30,1100,0" yaku="24,1" doraHai="54" who="2" fromWho="2" sc="401,-5,185,-3,180,11,234,-3" /><INIT seed="5,0,0,1,4,72" ten="396,182,191,231" oya="1" hai0="79,89,119,47,20,41,115,42,111,128,108,39,129" hai1="11,38,46,8,99,31,65,18,130,114,88,0,64" hai2="66,82,61,76,58,102,135,25,120,70,7,36,22" hai3="40,32,117,53,50,96,15,132,13,30,104,9,107"/><U17/><E31/><V35/><F135/><W57/><G132/><T74/><D119/><U14/><E114/><V101/><F36/><W124/><G124/><T3/><D115/><U133/><E130/><N who="0" m="50281" /><D3/><U28/><E28/><V126/><F120/><W118/><G15/><T43/><D89/><U84/><E99/><V73/><F35/><W60/><G96/><T52/><D20/><U106/><E106/><V24/><F126/><W6/><G30/><T123/><D123/><U92/><E133/><V59/><F59/><W48/><G32/><T95/><D95/><U93/><E93/><V100/><F22/><W134/><G134/><T37/><D79/><U97/><E97/><V90/><F90/><W86/><G86/><T87/><D87/><U98/><E98/><V16/><F70/><W105/><G40/><T33/><D74/><U21/><E0/><V91/><F91/><W10/><G10/><T122/><D122/><U27/><REACH who="1" step="1"/><E11/><REACH who="1" ten="396,172,191,231" step="2"/><V45/><F7/><W77/><G117/><T68/><D33/><U12/><E12/><V127/><F127/><W85/><G118/><T44/><D39/><U94/><E94/><V113/><F113/><W83/><AGARI ba="0,1" hai="6,9,13,48,50,53,57,60,77,83,85,104,105,107" machi="83" ten="40,2700,0" yaku="0,1,52,1" doraHai="72" who="3" fromWho="3" sc="396,-7,172,-13,191,-7,231,37" /><INIT seed="6,0,0,2,4,50" ten="389,159,184,268" oya="2" hai0="114,41,87,135,71,61,111,130,31,77,109,66,113" hai1="57,62,37,79,90,91,11,48,124,127,88,100,120" hai2="117,75,86,9,15,4,35,51,119,65,20,36,67" hai3="44,107,64,46,132,72,45,85,10,32,78,26,6"/><V42/><F75/><W93/><G107/><T115/><D31/><U108/><E37/><V60/><F36/><W95/><G132/><T58/><D135/><U22/><E108/><V106/><F35/><W3/><G72/><T103/><D103/><U97/><E120/><V19/><F106/><W121/><G121/><T96/><D96/><U29/><E79/><V99/><F99/><W98/><G64/><T104/><D104/><U40/><E11/><V24/><F67/><W101/><G32/><T1/><D1/><U122/><E122/><V76/><F42/><W52/><G26/><T34/><D34/><U134/><E134/><V2/><F2/><W0/><G0/><T116/><D41/><U126/><E48/><V59/><REACH who="2" step="1"/><F51/><REACH who="2" ten="389,159,174,268" step="2"/><W84/><G84/><T30/><D111/><U16/><E40/><V17/><F17/><W7/><G7/><T123/><D109/><U82/><E29/><V13/><F13/><W125/><G85/><T27/><D123/><U43/><E43/><V112/><F112/><W14/><G98/><T102/><D30/><U110/><E110/><V33/><F33/><W68/><G6/><T39/><D39/><U80/><E97/><V25/><F25/><W8/><G14/><T5/><D27/><N who="1" m="14791" /><E100/><V70/><F70/><W128/><G68/><T28/><D5/><U133/><E133/><V74/><F74/><W49/><G101/><T83/><D28/><U21/><E21/><V118/><F118/><W81/><G3/><T129/><D102/><U12/><E12/><V105/><F105/><W53/><G49/><T73/><D115/><RYUUKYOKU ba="0,1" sc="389,-15,159,15,174,15,268,-15" hai1="57,62,80,82,88,90,91,124,126,127" hai2="4,9,15,19,20,24,59,60,65,76,86,117,119" /><INIT seed="6,1,1,4,2,11" ten="374,174,189,253" oya="2" hai0="120,16,64,37,124,126,83,119,82,89,44,108,6" hai1="56,14,52,36,93,60,38,12,17,22,67,43,106" hai2="0,31,86,92,116,32,75,28,10,26,49,125,46" hai3="74,102,95,91,24,71,63,33,111,121,66,113,53"/><V85/><F116/><W30/><G111/><T101/><D120/><U115/><E106/><V129/><F75/><W104/><G121/><T8/><D108/><U61/><E115/><V100/><F125/><N who="0" m="48234" /><D101/><U68/><E43/><V117/><F129/><W27/><G27/><T2/><D64/><U118/><E118/><V29/><F117/><W41/><G41/><N who="0" m="22575" /><D119/><U135/><E135/><V107/><F107/><W69/><G69/><T99/><D16/><U94/><E94/><AGARI ba="1,1" hai="2,6,8,82,83,89,94,99" m="22575,48234" machi="94" ten="30,1000,0" yaku="18,1" doraHai="11" who="0" fromWho="1" sc="374,23,174,-13,189,0,253,0" /><INIT seed="7,0,0,2,1,46" ten="397,161,189,253" oya="3" hai0="38,106,112,113,9,86,107,126,129,37,52,51,6" hai1="8,103,85,81,64,25,132,98,105,1,24,14,40" hai2="56,36,11,79,23,111,116,124,13,127,12,78,66" hai3="101,122,67,118,29,76,7,120,93,0,21,87,17"/><W33/><G67/><T77/><D129/><U94/><E132/><V95/><F116/><W110/><G101/><T69/><D69/><U35/><E1/><V100/><F36/><N who="0" m="13930" /><D86/><U134/><E134/><V73/><F23/><W4/><G93/><T89/><D89/><U88/><E35/><V119/><F119/><W31/><G87/><T55/><D77/><N who="2" m="29194" /><F111/><W57/><G76/><T71/><D71/><U49/><E64/><V62/><F73/><W121/><G57/><N who="0" m="32927" /><D55/><U54/><E40/><V47/><F47/><W117/><G110/><T82/><D82/><U115/><E115/><N who="0" m="44105" /><D126/><U104/><E104/><V20/><F95/><W63/><G118/><T58/><D58/><N who="1" m="33103" /><E105/><V114/><F100/><W96/><G117/><T128/><D128/><U92/><E81/><V108/><F114/><W72/><G72/><T65/><D65/><U61/><E61/><V90/><F90/><W75/><G75/><T16/><D16/><AGARI ba="0,0" hai="8,14,16,24,25,85,88,92,94,98,103" m="33103" machi="16" ten="30,7700,0" yaku="8,1,52,1,54,2" doraHai="46" who="1" fromWho="0" sc="397,-77,161,77,189,0,253,0" owari="320,42.0,238,-16.0,189,-31.0,253,5.0" /></mjloggm>