<mjloggm ver="2.3"><GO type="169" lobby="0"/><UN n0="%E3%83%88%E3%83%88%E3%83%AA%E5%85%88%E7%94%9F%31%39%E6%AD%B3" n1="%E5%A4%A7%E6%A5%A0%E5%85%AC" n2="%E3%81%92%E3%81%A1%E3%81%87%E3%81%AA%30%34" n3="%74%61%74%73%75%37%30%32" dan="18,17,16,16" rate="2279.73,2175.81,2120.53,2134.56" sx="F,M,M,M"/><TAIKYOKU oya="0"/><INIT seed="0,0,0,4,5,86" ten="250,250,250,250" oya="0" hai0="23,109,36,56,31,80,53,119,85,102,117,110,4" hai1="106,52,68,129,58,16,22,32,113,133,99,35,59" hai2="40,98,64,62,107,27,89,104,101,92,30,49,47" hai3="7,120,77,111,29,19,69,84,95,94,12,73,39"/><T118/><D36/><U112/><E68/><V61/><F61/><W10/><G69/><T121/><D121/><U79/><E79/><V100/><F100/><W132/><G120/><T33/><D33/><U72/><E72/><V122/><F122/><W45/><G111/><N who="0" m="42507" /><D4/><U9/><E129/><V63/><F63/><W41/><G132/><T123/><D123/><U15/><E133/><V37/><F37/><W14/><G29/><T5/><D5/><U26/><E59/><V48/><F48/><W115/><G115/><N who="1" m="44106" /><E99/><V65/><F62/><W66/><G66/><T131/><D131/><U38/><E106/><V105/><REACH who="2" step="1"/><F101/><REACH who="2" ten="250,250,240,250" step="2"/><W8/><G73/><T25/><D102/><U6/><E38/><V70/><F70/><W1/><G1/><T18/><D119/><U51/><AGARI ba="0,1" hai="6,9,15,16,22,26,32,35,51,52,58" m="44106" machi="51" ten="30,4000,0" yaku="11,1,54,2" doraHai="86" who="1" fromWho="1" sc="250,-20,250,50,240,-10,250,-10" /><INIT seed="1,0,0,4,5,123" ten="230,300,230,240" oya="1" hai0="115,3,79,80,89,85,102,129,17,5,10,120,70" hai1="91,121,62,110,113,43,33,125,105,14,71,90,31" hai2="112,117,106,94,42,133,96,30,28,44,84,83,20" hai3="26,48,126,63,100,15,55,88,101,104,130,13,68"/><U66/><E121/><V127/><F117/><W39/><G39/><T52/><D120/><U108/><E113/><V116/><F116/><W65/><G126/><T86/><D115/><U45/><E125/><V119/><F119/><W9/><G130/><T76/><D129/><U23/><E105/><V57/><F106/><W69/><G69/><T22/><D70/><U51/><E33/><V72/><F72/><W61/><G61/><T24/><D102/><U58/><E71/><V36/><F127/><W128/><G128/><T21/><D86/><U7/><E7/><V82/><F133/><W47/><G104/><T111/><D111/><N who="1" m="42539" /><E14/><V16/><F57/><W103/><G26/><AGARI ba="0,0" hai="23,26,31,43,45,51,58,62,66,90,91" m="42539" machi="26" ten="30,12000,1" yaku="14,1,10,1,52,3" doraHai="123" who="1" fromWho="3" sc="230,0,300,120,230,0,240,-120" /><INIT seed="1,1,0,4,0,19" ten="230,420,230,120" oya="1" hai0="91,41,64,24,54,112,37,106,60,134,87,40,72" hai1="77,13,135,42,14,70,92,47,18,49,102,52,29" hai2="57,95,61,78,105,113,46,131,120,11,83,108,127" hai3="20,51,55,81,32,45,44,122,121,59,96,25,3"/><U133/><E70/><V111/><F105/><W43/><G3/><T84/><D112/><U101/><E29/><V98/><F120/><W27/><G45/><T117/><D117/><U74/><E74/><V6/><F113/><W5/><G5/><T80/><D72/><U88/><E77/><V132/><F46/><W115/><G115/><T53/><D106/><U56/><E13/><V73/><F131/><W38/><G27/><T79/><D134/><N who="1" m="51211" /><E18/><V63/><F127/><W124/><G32/><T12/><D37/><N who="1" m="21967" /><E14/><V104/><F104/><W89/><G124/><T8/><D24/><U114/><E114/><V58/><F11/><W26/><G26/><T86/><D41/><U22/><E22/><V1/><F6/><W0/><G0/><T9/><D40/><U90/><E90/><V34/><F34/><W68/><G68/><T23/><D23/><U16/><E16/><V94/><F1/><W107/><G81/><T10/><D12/><U35/><E35/><V48/><F132/><W69/><G69/><T50/><D79/><U31/><E31/><V128/><F78/><W110/><G110/><T109/><D109/><U82/><E82/><V123/><F83/><W99/><G89/><T62/><D91/><U116/><E116/><V76/><F76/><W17/><REACH who="3" step="1"/><G107/><REACH who="3" ten="230,420,230,110" step="2"/><T28/><D80/><U66/><E66/><N who="2" m="39215" /><F111/><W71/><G71/><T15/><D64/><U103/><E103/><V30/><F108/><W39/><G39/><T21/><D15/><U2/><E2/><V130/><F130/><W125/><G125/><T119/><D54/><U67/><E67/><RYUUKYOKU ba="1,1" sc="230,-15,420,15,230,-15,110,15" hai1="49,52,56,88,92,101,102" hai3="17,20,25,38,43,44,51,55,59,96,99,121,122" /><INIT seed="1,2,1,2,3,8" ten="215,435,215,125" oya="1" hai0="24,11,63,31,86,76,7,74,88,103,111,26,104" hai1="105,122,9,87,64,66,33,1,29,28,129,57,12" hai2="83,96,68,109,125,46,21,42,30,94,55,118,6" hai3="112,20,78,99,70,107,40,116,113,23,4,48,13"/><U58/><E122/><V117/><F68/><W82/><G70/><T49/><D111/><U81/><E105/><V93/><F109/><W90/><G116/><T22/><D74/><U98/><E1/><V14/><F125/><W47/><G113/><T25/><D76/><U77/><E129/><V32/><F32/><W54/><G112/><T69/><D104/><U50/><E98/><V97/><F83/><W110/><G110/><T35/><D103/><U102/><E102/><V85/><F85/><N who="3" m="48343" /><G107/><T114/><D114/><U84/><E84/><V92/><F30/><N who="1" m="11881" /><E33/><V56/><F118/><W120/><G120/><T126/><D35/><U75/><E75/><V3/><F3/><W121/><G54/><T18/><D126/><U89/><E77/><V128/><F128/><W5/><G5/><T36/><D36/><U0/><E0/><V53/><F117/><W27/><G27/><T43/><D31/><U127/><E127/><V108/><F108/><W80/><G121/><T37/><D37/><U124/><E124/><V38/><F55/><W61/><G61/><T135/><D63/><U73/><E73/><V101/><F97/><W41/><G41/><T132/><D69/><U59/><E50/><N who="2" m="26967" /><F6/><AGARI ba="2,1" hai="6,9,12,57,58,59,64,66,81,87,89" m="11881" machi="6" ten="30,2900,0" yaku="8,1,52,1" doraHai="8" who="1" fromWho="2" sc="215,0,435,45,215,-35,125,0" /><INIT seed="1,3,0,0,2,13" ten="215,480,180,125" oya="1" hai0="22,53,9,78,85,118,123,120,5,40,114,103,36" hai1="70,44,66,2,77,3,133,82,4,131,19,46,101" hai2="113,107,15,110,117,65,122,37,1,108,25,105,71" hai3="74,80,50,126,33,17,104,62,102,24,88,130,127"/><U58/><E131/><V72/><RYUUKYOKU type="yao9" ba="3,0" sc="215,0,480,0,180,0,125,0" hai2="1,15,25,37,65,71,72,105,107,108,110,113,117,122" /><INIT seed="1,4,0,5,5,115" ten="215,480,180,125" oya="1" hai0="28,14,38,37,15,111,3,99,64,135,54,132,80" hai1="46,7,31,86,122,2,112,43,92,88,21,127,23" hai2="97,29,40,26,11,0,113,78,42,89,82,65,104" hai3="33,134,10,129,79,90,50,34,118,1,103,76,49"/><U48/><E112/><V61/><F113/><W77/><G103/><T27/><D3/><U66/><E122/><V12/><F0/><W58/><G129/><T75/><D111/><U73/><E127/><V133/><F133/><N who="0" m="51274" /><D64/><U57/><E73/><V84/><F104/><W96/><G134/><T72/><D54/><U108/><E108/><V62/><F97/><W6/><G118/><T98/><D98/><U126/><E126/><V47/><F89/><W102/><G90/><T130/><D130/><U36/><E31/><V83/><F83/><W19/><G19/><T95/><D15/><U117/><E117/><V70/><F62/><W101/><G101/><N who="0" m="60671" /><D14/><U4/><E36/><N who="0" m="13929" /><D80/><U107/><E107/><V25/><F47/><W93/><REACH who="3" step="1"/><G58/><REACH who="3" ten="215,480,180,115" step="2"/><T59/><D59/><U109/><E109/><V91/><F91/><W30/><G30/><T39/><D39/><U24/><E57/><V18/><REACH who="2" step="1"/><F26/><REACH who="2" ten="215,480,170,115" step="2"/><W55/><G55/><T128/><D128/><U51/><E24/><V67/><F67/><W63/><G63/><T120/><D120/><U41/><E66/><V5/><F5/><W85/><G85/><T94/><D94/><U17/><E7/><V119/><F119/><W87/><G87/><T52/><D52/><U74/><E74/><V100/><F100/><W35/><AGARI ba="4,2" hai="1,6,10,33,34,35,49,50,76,77,79,93,96,102" machi="35" ten="40,2700,0" yaku="1,1,0,1,53,0" doraHai="115" doraHaiUra="8" who="3" fromWho="3" sc="215,-11,480,-17,170,-11,115,59" /><INIT seed="2,0,0,4,2,58" ten="204,463,159,174" oya="2" hai0="16,122,92,55,6,80,41,107,1,64,40,101,37" hai1="99,28,110,33,86,97,104,60,50,57,81,133,23" hai2="18,44,120,88,111,123,15,134,38,128,91,21,89" hai3="53,76,126,108,36,121,61,52,109,90,0,2,82"/><V8/><F128/><W67/><G121/><T29/><D122/><U135/><E110/><N who="3" m="42602" /><G126/><T54/><D107/><U19/><E33/><V62/><F111/><W112/><G36/><T131/><D131/><U51/><E28/><V68/><F134/><W13/><G13/><T105/><D105/><U74/><E74/><V7/><F44/><W56/><G90/><T5/><D29/><U100/><E97/><V114/><F38/><W77/><G112/><T113/><D113/><U66/><E133/><V30/><F30/><W31/><G31/><T27/><D64/><U11/><E11/><V73/><F73/><N who="3" m="43279" /><G77/><T45/><D80/><U9/><E9/><V124/><F124/><W59/><G53/><T3/><D41/><U34/><E34/><V26/><REACH who="2" step="1"/><F114/><REACH who="2" ten="204,463,149,174" step="2"/><W129/><G129/><T106/><D37/><U48/><E135/><V69/><F69/><W24/><G24/><T65/><D27/><U39/><E39/><V103/><F103/><W49/><AGARI ba="0,1" hai="0,2,49,52,56,59,61,67" m="43279,42602" machi="49" ten="30,4000,0" yaku="14,1,52,1,54,1" doraHai="58" who="3" fromWho="3" sc="204,-10,463,-10,149,-20,174,50" /><INIT seed="3,0,0,4,5,49" ten="194,453,129,224" oya="3" hai0="106,7,46,102,53,98,111,38,58,24,47,70,101" hai1="6,5,130,88,113,77,33,8,0,122,127,27,56" hai2="1,32,40,92,50,62,114,20,25,35,61,45,124" hai3="97,86,126,9,13,133,14,66,89,112,81,41,23"/><W107/><G112/><T29/><D70/><U119/><E122/><V116/><F114/><W4/><G126/><T54/><D111/><U90/><E113/><V125/><F116/><W123/><G123/><T96/><D7/><U52/><E127/><N who="2" m="48715" /><F1/><W79/><G133/><T17/><D17/><U68/><E68/><V30/><F92/><N who="3" m="56463" /><G107/><T99/><D99/><U31/><E119/><V103/><F103/><W37/><G37/><T91/><D91/><U15/><E130/><V57/><F62/><W120/><G120/><T42/><D58/><U22/><E77/><V132/><F132/><W11/><G41/><T128/><D46/><U60/><E6/><V121/><F121/><W73/><G73/><T18/><D18/><AGARI ba="0,0" hai="0,5,8,15,18,22,27,31,33,52,56,60,88,90" machi="18" ten="40,8000,1" yaku="24,2,52,1,54,2" doraHai="49" who="1" fromWho="0" sc="194,-80,453,80,129,0,224,0" /><INIT seed="4,0,0,3,1,108" ten="114,533,129,224" oya="0" hai0="40,87,103,47,86,35,77,94,91,15,7,57,71" hai1="56,118,31,123,29,89,5,116,59,100,67,88,75" hai2="134,39,76,60,12,74,2,45,96,44,48,0,104" hai3="82,85,83,63,65,93,9,98,84,69,19,81,43"/><T90/><D35/><U55/><E75/><V102/><F134/><W129/><G129/><T62/><D71/><U18/><E123/><V66/><F12/><W73/><G73/><T49/><D103/><U92/><E5/><V111/><F111/><W106/><G106/><T26/><D26/><U50/><E116/><V135/><F135/><W36/><G36/><T70/><D70/><U34/><E118/><V80/><F44/><W120/><G43/><T99/><D77/><U46/><E34/><V30/><F30/><N who="1" m="11273" /><E18/><V97/><F97/><W110/><G120/><T14/><D7/><U16/><E16/><V64/><F64/><W28/><G28/><T72/><D72/><U128/><E128/><V119/><F119/><W117/><G110/><T25/><D25/><U24/><E24/><V112/><F48/><W130/><G130/><T42/><D42/><U21/><E21/><V20/><F20/><W6/><G19/><T37/><D37/><U121/><E121/><V13/><F13/><W1/><REACH who="3" step="1"/><G117/><REACH who="3" ten="114,533,129,214" step="2"/><T105/><D105/><U38/><E38/><V11/><F39/><W53/><G53/><N who="0" m="34095" /><D86/><U68/><E67/><V114/><F66/><W127/><G127/><T58/><D58/><N who="1" m="22059" /><E68/><V8/><F74/><W124/><G124/><T132/><D132/><U32/><E32/><V23/><F104/><W109/><G109/><T27/><D27/><U131/><E131/><V10/><F60/><W79/><G79/><T113/><D87/><U78/><E78/><V126/><F76/><W3/><G3/><T41/><D41/><U125/><E125/><V4/><F126/><RYUUKYOKU ba="0,1" sc="114,-15,533,15,129,-15,214,15" hai1="46,50,55,88,89,92,100" hai3="1,6,9,63,65,69,81,82,83,84,85,93,98" /><INIT seed="5,1,1,4,0,101" ten="99,548,114,229" oya="1" hai0="37,72,127,8,52,123,44,27,79,113,98,91,126" hai1="24,93,100,69,124,18,111,47,119,97,88,4,61" hai2="122,14,86,67,89,16,60,39,25,108,105,130,12" hai3="83,43,42,85,54,87,40,7,66,117,38,80,95"/><U112/><E119/><V6/><F108/><W70/><G117/><T71/><D71/><U30/><E111/><V81/><F39/><W75/><G75/><T82/><D113/><U96/><E112/><V56/><F122/><W78/><G38/><T92/><D123/><U118/><E124/><N who="0" m="47657" /><D27/><U65/><E118/><V99/><F130/><W107/><G107/><T19/><D37/><U26/><E4/><V23/><REACH who="2" step="1"/><F6/><REACH who="2" ten="99,548,104,229" step="2"/><W58/><G7/><T135/><D135/><U90/><E18/><V20/><F20/><W45/><G70/><T132/><D132/><U53/><E30/><V46/><F46/><W84/><G45/><T13/><D44/><U22/><E22/><V76/><F76/><W120/><G120/><T55/><AGARI ba="1,2" hai="8,13,19,52,55,72,79,82,91,92,98" m="47657" machi="55" ten="30,2000,0" yaku="18,1,54,1" doraHai="101" who="0" fromWho="0" sc="99,43,548,-11,104,-6,229,-6" /><INIT seed="6,0,0,5,2,49" ten="142,537,98,223" oya="2" hai0="68,33,22,13,111,47,8,94,115,119,78,17,6" hai1="92,42,124,87,125,32,12,107,36,58,10,108,100" hai2="75,74,9,53,70,60,11,14,2,40,21,34,121" hai3="86,130,73,120,90,46,56,64,55,77,95,102,129"/><V84/><F121/><W134/><G120/><T43/><D111/><U88/><E108/><V57/><F34/><W76/><G134/><T72/><D68/><U37/><E32/><V41/><F70/><W128/><G73/><T98/><D33/><U132/><E132/><V123/><F123/><W89/><G102/><T39/><D115/><U113/><E113/><V127/><F127/><W96/><G64/><T81/><D119/><U25/><E25/><V106/><F106/><W114/><G46/><T5/><REACH who="0" step="1"/><D8/><REACH who="0" ten="132,537,98,223" step="2"/><U122/><E122/><V82/><F2/><W116/><G114/><T85/><D85/><U135/><E135/><V63/><F75/><W15/><G116/><T44/><D44/><U59/><E124/><V7/><F74/><W24/><G129/><T103/><AGARI ba="0,1" hai="5,6,13,17,22,39,43,47,72,78,81,94,98,103" machi="103" ten="20,2700,0" yaku="1,1,0,1,7,1,53,0" doraHai="49" doraHaiUra="45" who="0" fromWho="0" sc="132,37,537,-7,98,-13,223,-7" /><INIT seed="7,0,0,5,5,106" ten="169,530,85,216" oya="3" hai0="0,59,62,7,78,96,99,110,126,56,92,34,67" hai1="120,27,25,12,70,17,93,104,53,73,105,101,132" hai2="122,64,123,88,124,84,89,109,22,13,100,72,95" hai3="60,24,118,29,11,6,26,14,127,128,103,65,33"/><W63/><G118/><T90/><D110/><U79/><E120/><V97/><F64/><W133/><G127/><T45/><D34/><U54/><E70/><V121/><F22/><W51/><G128/><T57/><D126/><U102/><E132/><V69/><F69/><W68/><G133/><T30/><D30/><U9/><E104/><V50/><F50/><W108/><G108/><T74/><D0/><U114/><E105/><N who="2" m="63631" /><F13/><W80/><G103/><T134/><D134/><U81/><E114/><V4/><F4/><W16/><G80/><T87/><D7/><U48/><E54/><V61/><F61/><W19/><G63/><T75/><D99/><U39/><E39/><V107/><F109/><W31/><G51/><T94/><D45/><U46/><E93/><N who="2" m="54407" /><F107/><W23/><AGARI ba="0,0" hai="6,11,14,16,19,23,24,26,29,31,33,60,65,68" machi="23" ten="20,3900,0" yaku="0,1,7,1,54,1" doraHai="106" who="3" fromWho="3" sc="169,-13,530,-13,85,-13,216,39" /><INIT seed="7,1,0,2,4,74" ten="156,517,72,255" oya="3" hai0="124,5,64,2,65,62,80,121,119,85,91,131,72" hai1="86,113,135,87,70,78,116,30,126,24,130,82,133" hai2="32,118,28,97,17,122,11,98,0,42,134,34,12" hai3="103,9,41,106,3,90,75,22,26,96,123,76,4"/><W89/><G123/><T112/><D121/><U6/><E70/><V16/><F122/><W18/><REACH who="3" step="1"/><G41/><REACH who="3" ten="156,517,72,245" step="2"/><T127/><D124/><U101/><E126/><V83/><F118/><W49/><G49/><T55/><D127/><U117/><E117/><V38/><F42/><W54/><G54/><T110/><D55/><U128/><E116/><V33/><F38/><W81/><AGARI ba="1,1" hai="3,4,9,18,22,26,75,76,81,89,90,96,103,106" machi="81" ten="30,6000,0" yaku="1,1,0,1,52,1,53,0" doraHai="74" doraHaiUra="43" who="3" fromWho="3" sc="156,-21,517,-21,72,-21,245,73" /><INIT seed="7,2,0,3,0,46" ten="135,496,51,318" oya="3" hai0="9,10,47,69,36,55,119,15,59,77,106,23,101" hai1="20,121,66,12,0,123,134,34,120,105,87,73,4" hai2="117,27,67,6,113,78,37,24,8,102,118,32,104" hai3="35,71,110,7,26,57,51,1,80,99,112,76,108"/><W29/><G71/><T124/><D69/><U43/><E73/><V91/><F113/><W64/><G112/><T16/><D119/><U60/><E105/><V30/><F27/><W41/><G99/><T133/><D133/><U39/><E34/><V65/><F91/><W68/><G7/><T50/><D124/><U90/><E134/><V63/><F67/><W83/><G1/><T97/><D36/><U107/><E107/><V61/><F61/><W40/><G68/><T85/><D77/><U17/><E43/><V13/><F78/><W70/><G70/><T132/><D132/><U42/><E42/><V135/><F135/><W49/><G41/><T44/><D85/><U52/><E39/><V74/><F37/><W19/><G19/><T14/><D9/><U11/><E66/><V79/><F79/><W3/><G3/><T28/><D28/><U116/><E116/><V82/><F82/><N who="3" m="31275" /><G40/><T96/><D96/><U111/><E111/><N who="3" m="42538" /><G76/><T62/><D62/><AGARI ba="2,0" hai="26,29,35,49,51,57,62,64" m="42538,31275" machi="62" ten="30,5800,0" yaku="10,1,52,2" doraHai="46" who="3" fromWho="0" sc="135,-64,496,0,51,0,318,64" /><INIT seed="7,3,0,1,1,11" ten="71,496,51,382" oya="3" hai0="94,34,17,19,61,21,124,91,74,90,23,66,36" hai1="134,103,118,89,120,98,12,16,65,69,27,123,1" hai2="127,81,41,77,7,105,71,79,78,130,50,37,57" hai3="95,38,107,6,48,68,13,56,25,96,44,10,14"/><W76/><G107/><T18/><D36/><U40/><E1/><V64/><F105/><W58/><G68/><T59/><D34/><U110/><E110/><V73/><F130/><W0/><G38/><T47/><D74/><U53/><E134/><V42/><F127/><W113/><G113/><T70/><D124/><U106/><E118/><V29/><F29/><W60/><G76/><T114/><D114/><U80/><E40/><V93/><F93/><W30/><G58/><T126/><D126/><U26/><E65/><V67/><F41/><W121/><G121/><T132/><D132/><U62/><E69/><V22/><F22/><N who="0" m="8202" /><D70/><U100/><E100/><V128/><F128/><W88/><G25/><T51/><D94/><U104/><E104/><V24/><F24/><W52/><G30/><T125/><D125/><U102/><E102/><V63/><F7/><W101/><G101/><T49/><D49/><U28/><E27/><V99/><F99/><W35/><G35/><T33/><D33/><U39/><E39/><V72/><F72/><W8/><G8/><T31/><D31/><U4/><E4/><V119/><F119/><W9/><G10/><T15/><D15/><U75/><E26/><V92/><F92/><W97/><G97/><T111/><D111/><U131/><E28/><V135/><F135/><W112/><G112/><T54/><AGARI ba="3,0" hai="17,18,19,47,51,54,59,61,66,90,91" m="8202" machi="54" ten="30,1100,0" yaku="8,1" doraHai="11" who="0" fromWho="0" sc="71,20,496,-6,51,-6,382,-8" owari="91,-31.0,490,59.0,45,-45.0,374,17.0" /></mjloggm>