<mjloggm ver="2.3"><GO type="169" lobby="0"/><UN n0="%EF%BC%93%E7%95%AA%E3%82%B7%E3%83%A7%E3%83%BC%E3%83%88%E5%9D%82%E7%94%B0" n1="%E4%BF%A1%E6%BF%83%E3%81%AE%E8%8D%92%E6%B3%95%E5%B8%AB" n2="%E3%82%A6%E3%83%AB%E3%83%88%E3%83%A9%E7%AB%8B%E7%9B%B4" n3="%74%61%6B%65%2D%79%6F%75" dan="16,16,18,16" rate="2087.17,2098.39,2236.93,2113.67" sx="M,M,M,F"/><TAIKYOKU oya="0"/><INIT seed="0,0,0,4,0,42" ten="250,250,250,250" oya="0" hai0="63,129,128,111,91,25,62,81,23,1,72,31,105" hai1="67,119,8,20,75,68,32,43,40,33,109,122,5" hai2="126,118,106,71,4,56,103,124,15,21,7,39,98" hai3="90,19,58,84,45,27,36,34,115,52,61,57,49"/><T29/><D1/><U14/><E119/><V46/><F71/><W0/><G115/><T53/><D105/><U121/><E75/><V79/><F79/><W70/><G0/><T120/><D120/><U95/><E109/><V73/><F73/><W60/><G36/><T112/><D112/><U117/><E117/><V116/><F56/><W97/><G97/><T59/><D111/><U94/><E67/><V133/><F133/><W37/><G37/><T11/><D11/><U93/><E68/><V12/><F21/><N who="3" m="13759" /><G34/><T66/><D31/><U101/><E20/><V54/><F12/><W30/><G30/><T77/><REACH who="0" step="1"/><D91/><REACH who="0" ten="240,250,250,250" step="2"/><U99/><E121/><V100/><F106/><W48/><G70/><AGARI ba="0,1" hai="23,25,29,53,59,62,63,66,70,72,77,81,128,129" machi="70" ten="40,3900,0" yaku="1,1,2,1,53,0" doraHai="42" doraHaiUra="113" who="0" fromWho="3" sc="240,49,250,0,250,0,250,-39" /><INIT seed="0,1,0,1,5,26" ten="289,250,250,211" oya="0" hai0="109,130,37,108,41,24,9,63,40,10,129,48,118" hai1="39,87,83,25,22,11,89,36,32,107,104,33,79" hai2="5,28,127,72,84,131,61,74,105,62,42,113,114" hai3="100,60,54,35,14,6,99,88,3,46,2,30,69"/><T123/><D118/><U125/><E125/><V111/><F105/><N who="3" m="63647" /><G14/><T55/><D123/><U117/><E117/><V43/><F84/><W13/><G54/><T90/><D90/><U101/><E33/><V47/><F127/><W53/><G53/><T4/><D37/><U18/><E32/><V51/><F5/><W50/><G13/><T85/><D85/><U73/><E107/><V106/><F106/><W92/><G50/><T45/><D24/><U49/><E49/><V71/><F51/><W7/><G46/><T120/><D120/><U121/><E121/><V77/><F77/><W0/><G7/><T20/><D20/><U128/><E128/><N who="0" m="49257" /><D10/><U66/><E66/><V68/><F131/><W133/><G6/><T135/><D135/><U16/><E11/><V103/><F47/><W132/><G133/><T96/><D96/><N who="1" m="61479" /><E18/><V115/><F115/><W67/><G132/><T8/><D8/><U44/><E44/><V78/><F78/><W31/><G35/><T116/><D116/><U59/><E59/><V27/><F103/><W57/><G57/><N who="0" m="35263" /><D41/><U17/><E17/><V76/><F76/><W110/><G67/><T80/><D80/><U38/><E38/><V95/><F27/><W15/><G69/><T1/><AGARI ba="1,0" hai="1,4,9,40,45,48,108,109" m="35263,49257" machi="1" ten="30,1500,0" yaku="19,1" doraHai="26" who="0" fromWho="0" sc="289,18,250,-6,250,-6,211,-6" /><INIT seed="0,2,0,2,1,111" ten="307,244,244,205" oya="0" hai0="99,29,16,128,50,64,116,20,52,76,100,24,124" hai1="114,115,22,132,96,107,42,127,106,93,66,94,36" hai2="43,79,122,95,72,97,131,44,103,41,18,25,134" hai3="55,84,58,86,38,34,45,28,23,57,73,67,7"/><T37/><D116/><U119/><E119/><V126/><F122/><W89/><G73/><T4/><D37/><U13/><E66/><V30/><F131/><W123/><G123/><T125/><D128/><U21/><E132/><V17/><F126/><N who="0" m="48746" /><D76/><U77/><E127/><V133/><F79/><W11/><G34/><T108/><D108/><U3/><E3/><V27/><F72/><W6/><G67/><T59/><D4/><U75/><E42/><V129/><F129/><W51/><G7/><T135/><D135/><N who="2" m="51722" /><F27/><W47/><G38/><T49/><D64/><U63/><E36/><N who="2" m="21543" /><F43/><W5/><G47/><T32/><D50/><U92/><E63/><V85/><F85/><W101/><G84/><T54/><D54/><U39/><E39/><V31/><F31/><W105/><G28/><T98/><D100/><N who="1" m="62727" /><E107/><V46/><F46/><W118/><G45/><T8/><D8/><U87/><E75/><V112/><F112/><N who="1" m="43049" /><E13/><AGARI ba="2,0" hai="13,16,20,24,29,32,49,52,59,98,99" m="48746" machi="13" ten="30,5800,0" yaku="18,1,54,2" doraHai="111" who="0" fromWho="1" sc="307,64,244,-64,244,0,205,0" /><INIT seed="0,3,0,0,5,40" ten="371,180,244,205" oya="0" hai0="75,130,12,8,66,108,134,111,101,9,67,100,96" hai1="7,73,106,97,15,48,65,120,95,63,90,3,46" hai2="22,56,53,39,16,54,110,125,33,5,91,71,17" hai3="69,58,82,121,116,98,0,50,20,44,41,55,114"/><T1/><D75/><U68/><E73/><V61/><F33/><W23/><G114/><T49/><D134/><U18/><E120/><V124/><F110/><N who="0" m="42026" /><D130/><U28/><E28/><V13/><F71/><W127/><G116/><T74/><D74/><U92/><E3/><V2/><F39/><W11/><G121/><T135/><D135/><U64/><E64/><N who="0" m="24617" /><D96/><U24/><E24/><V10/><F91/><W126/><G69/><T19/><D49/><U123/><E123/><V26/><REACH who="2" step="1"/><F54/><REACH who="2" ten="371,180,234,205" step="2"/><W99/><G55/><T52/><D52/><U29/><E90/><V88/><F88/><W36/><G36/><T45/><D45/><U93/><E46/><V38/><F38/><W35/><G44/><T34/><D34/><U117/><E68/><V81/><F81/><W59/><G82/><T87/><D87/><U79/><E65/><V107/><F107/><W14/><G35/><T109/><D109/><U60/><E106/><V4/><F4/><AGARI ba="3,1" hai="1,4,8,9,12,19,100,101" m="24617,42026" machi="4" ten="30,2900,0" yaku="14,1,10,1" doraHai="40" who="0" fromWho="2" sc="371,48,180,0,234,-38,205,0" /><INIT seed="0,4,0,2,4,28" ten="419,180,196,205" oya="0" hai0="38,26,22,117,91,96,81,82,58,63,37,99,95" hai1="92,21,57,113,5,40,10,121,62,69,34,54,115" hai2="64,134,23,131,135,61,52,101,66,116,2,87,108" hai3="85,130,114,16,20,129,110,93,44,125,76,0,42"/><T120/><D117/><U128/><E121/><V39/><F2/><W60/><G114/><T107/><D120/><U56/><E128/><N who="3" m="49258" /><G0/><T48/><D107/><U90/><E40/><V14/><F39/><W104/><G104/><T122/><D122/><U83/><E83/><V79/><F131/><W15/><G110/><T18/><D99/><U119/><E119/><V126/><F101/><W36/><G125/><T97/><D97/><U35/><E69/><V70/><F126/><W98/><G60/><T80/><REACH who="0" step="1"/><D48/><REACH who="0" ten="409,180,196,205" step="2"/><U89/><E113/><V24/><F116/><W94/><G98/><T127/><D127/><U51/><E115/><V100/><F108/><W72/><G72/><T111/><D111/><U84/><E90/><V86/><F100/><W19/><G85/><T9/><D9/><U105/><E105/><V49/><F87/><W13/><G76/><T133/><D133/><U30/><E84/><V102/><F102/><W123/><G123/><T65/><AGARI ba="4,1" hai="18,22,26,37,38,58,63,65,80,81,82,91,95,96" machi="65" ten="30,3000,0" yaku="1,1,0,1,53,0" doraHai="28" doraHaiUra="27" who="0" fromWho="0" sc="409,52,180,-14,196,-14,205,-14" /><INIT seed="0,5,0,5,0,107" ten="461,166,182,191" oya="0" hai0="57,34,117,85,127,52,133,45,66,50,68,0,121" hai1="84,17,91,111,8,95,90,129,54,64,112,33,114" hai2="12,109,14,125,2,25,10,93,74,37,77,106,63" hai3="118,70,119,36,18,128,7,27,69,38,62,3,82"/><T21/><D121/><U6/><E33/><V123/><F106/><W134/><G18/><T92/><D34/><U20/><E64/><V72/><F123/><W53/><G27/><T124/><D0/><U120/><E120/><V22/><F37/><N who="3" m="14443" /><G82/><T11/><D117/><N who="3" m="44553" /><G7/><T48/><D11/><U105/><E105/><V19/><F125/><N who="0" m="48202" /><D21/><U58/><E91/><V40/><F109/><W67/><G3/><T115/><D92/><U80/><E111/><V1/><F40/><W132/><G128/><T30/><D85/><U131/><E80/><V101/><F14/><W51/><G70/><T130/><D30/><U102/><E102/><V99/><F77/><W46/><AGARI ba="5,0" hai="46,51,53,62,67,69,132,134" m="44553,14443" machi="46" ten="40,2700,0" yaku="34,2" doraHai="107" who="3" fromWho="3" sc="461,-18,166,-12,182,-12,191,42" /><INIT seed="1,0,0,0,2,112" ten="443,154,170,233" oya="1" hai0="35,110,57,70,54,53,62,68,113,105,14,101,90" hai1="79,73,32,43,122,118,80,77,99,95,135,46,12" hai2="59,5,30,34,84,111,3,103,94,119,125,52,67" hai3="7,23,65,102,56,27,0,10,117,47,82,1,36"/><U22/><E135/><V134/><F134/><W96/><G117/><T106/><D35/><U107/><E122/><V4/><F111/><W100/><G82/><T123/><D113/><U97/><E32/><V88/><F125/><W83/><G83/><T42/><D123/><U75/><E79/><V40/><F119/><W55/><G1/><T58/><D110/><U44/><E118/><V128/><F128/><W127/><G127/><T133/><D133/><U17/><E75/><V98/><F67/><W19/><G65/><T114/><D114/><U74/><E74/><V109/><F109/><W121/><G121/><T37/><D90/><U126/><E126/><V92/><F3/><W51/><REACH who="3" step="1"/><G96/><REACH who="3" ten="443,154,170,223" step="2"/><T50/><D70/><U48/><E95/><V108/><F108/><W8/><G8/><T61/><D68/><U13/><E107/><V6/><F40/><AGARI ba="0,1" hai="0,7,10,19,23,27,36,40,47,51,55,56,100,102" machi="40" ten="40,1300,0" yaku="1,1,53,0" doraHai="112" doraHaiUra="24" who="3" fromWho="2" sc="443,0,154,0,170,-13,223,23" /><INIT seed="2,0,0,4,2,113" ten="443,154,157,246" oya="2" hai0="99,63,94,44,42,134,13,96,69,48,82,47,25" hai1="12,108,45,35,102,57,68,17,114,14,21,121,22" hai2="49,79,11,10,115,52,133,89,87,130,83,127,91" hai3="103,33,125,50,74,1,8,116,92,110,124,7,23"/><V72/><F115/><W59/><G33/><T90/><D134/><U67/><E114/><V40/><F130/><W65/><G110/><T97/><D69/><U95/><E35/><V62/><F127/><N who="3" m="48715" /><G74/><T122/><D122/><U118/><E68/><V41/><F133/><W39/><G39/><T4/><D63/><U2/><E2/><V20/><F20/><W98/><G23/><T5/><D82/><U32/><E32/><V61/><F72/><W128/><G128/><T75/><D75/><U38/><E108/><V86/><F79/><W106/><G116/><T81/><D81/><U51/><E38/><V36/><F36/><W93/><G65/><T88/><D25/><U104/><E104/><V24/><F24/><W107/><G93/><T132/><D132/><U112/><E121/><V117/><F117/><W3/><G3/><T123/><D123/><U34/><E34/><V0/><F0/><W77/><G77/><T56/><D56/><U18/><E112/><V84/><F62/><W30/><G30/><T15/><D47/><U120/><E120/><V126/><F61/><W26/><G26/><T111/><D111/><U46/><E118/><V73/><F73/><W6/><G6/><N who="0" m="2667" /><D90/><N who="2" m="34314" /><F83/><W54/><AGARI ba="0,0" hai="1,7,8,50,54,59,92,98,103,106,107" m="48715" machi="54" ten="30,1100,0" yaku="18,1" doraHai="113" who="3" fromWho="3" sc="443,-3,154,-3,157,-5,246,11" /><INIT seed="3,0,0,2,2,132" ten="440,151,152,257" oya="3" hai0="59,77,26,33,118,114,129,68,84,41,2,126,55" hai1="7,72,80,92,96,106,97,19,24,61,82,5,64" hai2="87,53,79,1,15,21,121,133,39,122,27,25,104" hai3="99,73,14,62,100,90,8,124,93,16,127,49,11"/><W91/><G73/><T117/><D68/><U48/><E48/><V125/><F1/><W111/><G111/><T13/><D2/><U76/><E82/><V110/><F104/><W38/><G38/><T52/><D129/><U67/><E67/><V45/><F110/><W54/><G62/><T75/><D75/><U18/><E97/><V63/><F133/><W83/><G11/><T112/><D41/><U120/><E120/><N who="2" m="46187" /><F125/><N who="3" m="48203" /><G83/><T107/><D126/><U105/><E5/><V71/><F87/><W42/><G42/><T94/><D84/><U23/><E18/><N who="2" m="10463" /><F79/><W131/><G131/><T31/><D77/><U3/><E7/><V60/><F60/><W102/><G91/><T123/><D123/><U66/><E3/><V17/><F39/><W101/><G101/><T89/><D118/><U74/><E74/><V4/><F4/><W130/><G130/><T58/><D89/><U85/><E72/><V116/><F116/><W70/><G70/><T47/><D117/><U36/><E36/><V128/><F128/><W86/><G86/><T28/><D114/><U20/><E61/><V40/><F40/><W12/><G12/><T69/><D112/><U108/><E108/><V88/><F88/><W81/><G81/><T50/><D69/><U115/><E115/><V0/><F0/><W103/><G103/><T98/><D13/><N who="1" m="9327" /><E66/><V65/><F65/><W119/><G119/><T135/><D135/><U46/><E64/><V95/><F71/><W43/><G43/><T22/><D55/><U56/><E76/><V30/><F53/><W29/><G29/><T10/><D31/><RYUUKYOKU ba="0,0" sc="440,-10,151,-10,152,-10,257,30" hai3="8,14,16,49,54,90,93,99,100,102" /><INIT seed="3,1,0,3,0,74" ten="430,141,142,287" oya="3" hai0="38,75,9,97,54,51,1,48,121,0,69,131,101" hai1="41,36,7,86,117,107,85,84,115,106,109,129,15" hai2="60,91,118,110,112,126,89,80,10,100,13,95,59" hai3="72,96,47,116,83,23,49,26,2,37,81,27,99"/><W14/><G116/><T44/><D75/><U82/><E36/><V88/><F112/><W78/><G2/><T22/><D121/><U53/><E41/><V130/><F118/><W52/><G37/><T18/><D69/><U43/><E43/><V65/><F110/><W71/><G71/><T50/><D38/><U45/><E117/><V40/><F130/><W64/><G64/><T39/><D131/><U128/><E115/><V92/><F126/><W11/><G81/><T5/><D1/><U98/><E109/><V57/><F40/><W8/><G8/><T132/><D39/><U122/><E122/><V90/><F59/><W35/><G35/><T62/><D62/><U73/><E15/><V87/><REACH who="2" step="1"/><F100/><REACH who="2" ten="430,141,132,287" step="2"/><W28/><REACH who="3" step="1"/><G27/><REACH who="3" ten="430,141,132,277" step="2"/><T123/><D123/><U134/><E128/><V55/><F55/><W42/><G42/><T113/><D113/><U93/><E129/><V114/><F114/><W32/><G32/><T6/><D0/><U108/><E108/><V104/><F104/><W24/><G24/><T30/><D54/><U21/><E106/><V33/><F33/><W133/><G133/><T19/><D132/><U58/><E107/><V68/><F68/><W135/><G135/><T29/><D9/><U124/><E134/><V56/><F56/><W61/><G61/><T46/><D46/><U70/><E70/><V34/><F34/><W102/><G102/><T120/><D44/><U103/><E45/><V12/><F12/><W17/><AGARI ba="1,2" hai="11,14,17,23,26,28,47,49,52,72,78,83,96,99" machi="17" ten="20,18000,2" yaku="1,1,0,1,7,1,52,1,54,1,53,1" doraHai="74" doraHaiUra="76" who="3" fromWho="3" sc="430,-61,141,-61,132,-61,277,203" /><INIT seed="3,2,0,0,3,69" ten="369,80,71,480" oya="3" hai0="93,25,87,71,94,75,108,13,20,51,76,29,74" hai1="103,111,123,58,19,4,34,33,65,21,22,17,5" hai2="119,61,59,10,39,72,0,98,18,128,50,53,46" hai3="12,3,122,44,55,63,117,77,14,130,28,97,1"/><W116/><G122/><T80/><D71/><U115/><E103/><V118/><F72/><W52/><G44/><T89/><D108/><U54/><E65/><V106/><F128/><W100/><G100/><T45/><D13/><N who="3" m="5225" /><G97/><T49/><D94/><U42/><E42/><V48/><F106/><W37/><G63/><T82/><D45/><U125/><E58/><V7/><F98/><W43/><G43/><T15/><D15/><U30/><E54/><N who="3" m="20522" /><G77/><AGARI ba="2,0" hai="20,25,29,49,51,74,75,76,77,80,82,87,89,93" machi="77" ten="40,1300,0" yaku="9,1" doraHai="69" who="0" fromWho="3" sc="369,19,80,0,71,0,480,-19" /><INIT seed="4,0,0,5,3,74" ten="388,80,71,461" oya="0" hai0="80,17,109,89,115,28,57,123,13,76,73,1,118" hai1="12,88,7,103,75,27,126,81,112,61,23,93,43" hai2="38,130,44,106,47,3,91,29,68,50,107,60,122" hai3="16,62,120,63,99,26,33,69,56,66,15,102,22"/><T92/><D118/><U6/><E126/><V25/><F122/><W36/><G120/><T32/><D123/><U117/><E117/><V8/><F130/><W134/><G134/><T10/><D115/><U124/><E124/><V14/><F3/><W79/><G36/><T125/><D125/><U59/><E112/><V77/><F38/><W55/><G79/><T45/><D109/><U37/><E103/><V84/><F60/><W129/><G129/><T133/><D133/><U30/><E43/><V5/><F68/><W101/><REACH who="3" step="1"/><G99/><REACH who="3" ten="388,80,71,451" step="2"/><T100/><D100/><U4/><E37/><V90/><F90/><W11/><G11/><T54/><D1/><U82/><E75/><V114/><F114/><W31/><AGARI ba="0,1" hai="15,16,22,26,31,33,55,56,62,63,66,69,101,102" machi="31" ten="30,4000,0" yaku="1,1,0,1,54,1,53,0" doraHai="74" doraHaiUra="40" who="3" fromWho="3" sc="388,-20,80,-10,71,-10,451,50" /><INIT seed="5,0,0,5,5,80" ten="368,70,61,501" oya="1" hai0="106,130,6,57,39,63,109,97,111,98,38,91,17" hai1="123,35,103,94,85,8,116,70,120,101,115,110,122" hai2="86,60,73,121,2,90,31,9,119,64,132,54,114" hai3="134,131,26,32,51,105,81,113,24,125,34,25,88"/><U56/><E70/><V92/><F119/><W129/><G113/><T87/><D130/><N who="3" m="49673" /><G134/><T46/><D6/><U18/><E35/><V118/><F118/><W76/><G125/><T62/><D62/><U49/><E110/><V52/><F121/><W84/><G105/><T53/><D17/><U30/><E30/><V78/><F132/><W44/><G76/><T15/><D15/><U124/><E115/><V107/><F107/><W128/><G128/><T33/><D33/><U48/><E124/><V93/><F114/><W96/><G96/><T3/><D3/><U67/><E116/><V72/><F31/><W37/><G37/><T13/><D13/><U112/><E112/><V4/><F93/><W65/><G65/><T29/><D29/><U28/><E28/><V42/><F42/><AGARI ba="0,0" hai="24,25,26,32,34,42,44,51,81,84,88" m="49673" machi="42" ten="30,3900,0" yaku="19,1,52,1,54,1" doraHai="80" who="3" fromWho="2" sc="368,0,70,0,61,-39,501,39" /><INIT seed="6,0,0,5,5,123" ten="368,70,22,540" oya="2" hai0="7,15,101,76,102,5,57,21,54,121,29,19,66" hai1="128,91,69,99,78,56,2,37,61,59,131,115,100" hai2="90,68,72,31,103,135,49,130,40,119,70,63,122" hai3="109,134,106,28,46,10,125,110,112,13,93,117,48"/><V53/><F119/><W24/><G117/><T14/><D121/><U84/><E37/><V27/><F122/><W47/><G106/><T3/><D3/><U38/><E38/><V113/><F113/><W74/><G112/><T133/><D133/><U41/><E41/><V16/><F130/><N who="1" m="49705" /><E2/><V22/><F135/><W127/><G74/><T118/><D118/><U82/><E115/><V75/><F103/><N who="0" m="39434" /><D66/><N who="1" m="41167" /><E78/><V52/><F40/><W85/><G134/><T0/><D0/><U120/><E120/><V30/><F70/><W18/><G93/><AGARI ba="0,0" hai="56,59,82,84,91,93,99,100" m="41167,49705" machi="93" ten="30,1000,0" yaku="19,1" doraHai="123" who="1" fromWho="3" sc="368,0,70,10,22,0,540,-10" /><INIT seed="7,0,0,0,1,74" ten="368,80,22,530" oya="3" hai0="66,128,37,8,2,16,44,55,116,125,113,104,40" hai1="21,127,67,112,70,63,88,94,7,68,22,86,78" hai2="84,101,99,105,75,132,4,97,82,85,59,92,106" hai3="52,14,6,131,98,45,65,25,119,17,126,38,41"/><W81/><G119/><T53/><D104/><N who="2" m="40042" /><F59/><W35/><G131/><T13/><D116/><U93/><E70/><V69/><F4/><W103/><G126/><T107/><D125/><U60/><E127/><V43/><F43/><W50/><G65/><T95/><D107/><U124/><E124/><V83/><F69/><W115/><G115/><T30/><D128/><U79/><E112/><V57/><F57/><W108/><G108/><T130/><D130/><U19/><E7/><V27/><F27/><W15/><G81/><N who="2" m="30729" /><F132/><W110/><G110/><T18/><D113/><U3/><E3/><V100/><F75/><W121/><G121/><T1/><D30/><U49/><E63/><V58/><F58/><W89/><G89/><T48/><D66/><U129/><E129/><V12/><F12/><W54/><G6/><T133/><D133/><U71/><E71/><V10/><F10/><W24/><G35/><T33/><D33/><U31/><E49/><V117/><F117/><W120/><G120/><T9/><D55/><U73/><E73/><V5/><F5/><W135/><G98/><N who="2" m="37385" /><F92/><W11/><G135/><T122/><D95/><U111/><E94/><V134/><F134/><W28/><G41/><T109/><D109/><U47/><E111/><V56/><F56/><W72/><G52/><T20/><D122/><U87/><E47/><V114/><F114/><W46/><G45/><T26/><D9/><U80/><E31/><V64/><F64/><W61/><G11/><T51/><D37/><U96/><E19/><V102/><AGARI ba="0,0" hai="84,85,100,101,102" m="37385,30729,40042" machi="102" ten="40,12000,2" yaku="28,2,35,5" doraHai="74" who="2" fromWho="2" sc="368,-30,80,-30,22,120,530,-60" owari="338,14.0,50,-45.0,142,-26.0,470,57.0" /></mjloggm>