<mjloggm ver="2.3"><GO type="169" lobby="0"/><UN n0="%E8%99%8E%E7%9A%AE%E7%8C%AB" n1="%E3%82%A6%E3%83%AB%E3%83%88%E3%83%A9%E7%AB%8B%E7%9B%B4" n2="%E5%A4%A9%E7%85%A7" n3="%46%41%4D" dan="16,18,17,16" rate="2157.90,2210.60,2218.69,2135.29" sx="M,M,M,M"/><TAIKYOKU oya="0"/><INIT seed="0,0,0,4,1,93" ten="250,250,250,250" oya="0" hai0="116,80,3,44,28,14,62,84,32,10,50,96,57" hai1="83,122,25,128,72,85,67,99,48,78,58,94,103" hai2="135,134,124,110,133,42,131,108,75,82,91,68,2" hai3="132,87,125,46,26,65,47,66,53,55,30,70,54"/><T92/><D116/><U12/><E122/><V74/><F68/><W34/><G132/><T13/><D3/><U56/><E128/><V88/><F2/><W9/><G125/><T104/><D104/><U113/><E113/><V45/><F124/><W38/><G9/><T5/><D28/><U114/><E114/><V60/><F60/><W63/><G66/><T107/><D107/><U121/><E121/><V41/><F131/><W59/><G87/><T39/><D39/><U33/><E67/><V79/><F75/><W52/><REACH who="3" step="1"/><G38/><REACH who="3" ten="250,250,250,240" step="2"/><T23/><D10/><U106/><E85/><V7/><F7/><W51/><AGARI ba="0,1" hai="26,30,34,46,47,51,52,53,54,55,59,63,65,70" machi="51" ten="30,7900,0" yaku="1,1,2,1,0,1,54,1,53,0" doraHai="93" doraHaiUra="19" who="3" fromWho="3" sc="250,-39,250,-20,250,-20,240,89" /><INIT seed="1,0,0,2,0,114" ten="211,230,230,329" oya="1" hai0="106,1,20,17,14,111,39,88,3,45,119,40,68" hai1="47,5,13,33,108,76,0,57,84,89,38,58,9" hai2="24,113,99,93,81,109,36,98,27,35,117,130,49" hai3="19,132,95,6,15,16,34,97,65,69,51,123,44"/><U30/><E108/><V37/><F49/><W122/><G34/><T116/><D111/><U7/><E76/><V74/><F35/><W82/><G132/><T129/><D68/><U134/><E134/><V52/><F52/><N who="3" m="29799" /><G69/><T23/><D106/><U131/><E131/><V77/><F109/><W22/><G122/><T41/><D129/><U127/><E127/><V92/><F130/><W56/><G82/><T102/><D102/><U101/><E101/><V10/><F10/><N who="3" m="4567" /><G123/><T103/><D103/><U71/><E71/><V61/><F61/><N who="3" m="38055" /><G22/><T86/><D40/><U91/><E38/><V2/><F2/><W28/><G28/><T55/><D55/><U135/><E135/><V73/><F81/><W43/><G43/><T100/><D100/><AGARI ba="0,0" hai="16,19,95,97,100" m="38055,4567,29799" machi="100" ten="30,3900,0" yaku="8,1,54,2" doraHai="114" who="3" fromWho="0" sc="211,-39,230,0,230,0,329,39" /><INIT seed="2,0,0,4,2,69" ten="172,230,230,368" oya="2" hai0="121,0,61,60,11,6,1,31,98,28,41,135,119" hai1="108,27,37,43,55,64,29,18,130,116,76,9,78" hai2="68,117,51,77,110,3,50,101,56,126,65,5,109" hai3="99,75,72,35,17,84,40,125,53,73,49,106,7"/><V96/><F117/><W86/><G35/><T22/><D121/><U113/><E113/><V32/><F32/><W16/><G125/><T52/><D119/><U105/><E105/><V38/><F77/><W134/><G7/><T97/><D135/><U30/><E116/><V2/><F68/><W112/><G134/><T10/><D41/><U23/><E108/><N who="2" m="41579" /><F126/><W58/><G40/><T100/><D22/><U88/><E130/><V19/><F19/><W57/><G57/><T93/><D93/><U81/><E64/><V4/><F38/><W90/><G112/><T62/><D100/><U92/><E37/><V80/><F80/><W67/><G67/><T89/><D89/><U47/><E81/><V91/><F91/><W107/><G86/><T83/><D83/><U12/><E30/><V26/><F26/><W102/><REACH who="3" step="1"/><G107/><REACH who="3" ten="172,230,230,358" step="2"/><T79/><D79/><U33/><E33/><V39/><F39/><W71/><G71/><T36/><D36/><U59/><E78/><V122/><F122/><W25/><G25/><T104/><D104/><U70/><E70/><V63/><F5/><W74/><N who="3" m="18432" /><DORA hai="114" /><W132/><G132/><T8/><D6/><U120/><E76/><V82/><F4/><W45/><G45/><T42/><D42/><U85/><E120/><V24/><F24/><W131/><G131/><T34/><D34/><U54/><E59/><V133/><F133/><W13/><G13/><T46/><D46/><U66/><E66/><V129/><F129/><W87/><G87/><T127/><D127/><U15/><E15/><V48/><F82/><AGARI ba="0,1" hai="16,17,49,53,58,82,84,90,99,102,106" m="18432" machi="82" ten="70,8000,1" yaku="1,1,54,1,53,2" doraHai="69,114" doraHaiUra="14,111" who="3" fromWho="2" sc="172,0,230,0,230,-80,358,90" /><INIT seed="3,0,0,5,3,34" ten="172,230,150,448" oya="3" hai0="113,99,56,87,43,131,29,106,24,85,20,94,37" hai1="67,103,80,68,19,120,16,25,55,124,33,116,134" hai2="35,110,36,65,129,132,119,70,18,9,69,39,61" hai3="101,14,122,91,13,105,75,86,48,127,27,59,115"/><W72/><G122/><T89/><D131/><U123/><E55/><V96/><F18/><W50/><G115/><T77/><D113/><U58/><E58/><V109/><F9/><W135/><G135/><T98/><D43/><U102/><E80/><V47/><F35/><W22/><G127/><T71/><D71/><U104/><E116/><V63/><F96/><W41/><G75/><T38/><D106/><U83/><E83/><V0/><F0/><W45/><G72/><T126/><D126/><U112/><E112/><V42/><F129/><W52/><G101/><T44/><D44/><U6/><E6/><V3/><F3/><W49/><G48/><T92/><D56/><U4/><E103/><V8/><F8/><W32/><G105/><T93/><D77/><U78/><E78/><V54/><F132/><W46/><G32/><T10/><D10/><U128/><E134/><V1/><F1/><W5/><G5/><T84/><REACH who="0" step="1"/><D89/><REACH who="0" ten="162,230,150,448" step="2"/><U12/><E128/><V117/><F39/><AGARI ba="0,1" hai="20,24,29,37,38,39,84,85,87,92,93,94,98,99" machi="39" ten="50,3200,0" yaku="1,1,2,1,53,0" doraHai="34" doraHaiUra="76" who="0" fromWho="2" sc="162,42,230,0,150,-32,448,0" /><INIT seed="4,0,0,2,3,72" ten="204,230,118,448" oya="0" hai0="123,127,45,85,74,8,49,133,83,117,17,98,80" hai1="75,27,56,61,66,77,39,7,2,24,48,10,89" hai2="115,4,25,78,96,110,92,121,64,3,32,35,126" hai3="97,60,130,37,5,107,84,11,93,125,12,36,47"/><T112/><D117/><U59/><E39/><V106/><F92/><W62/><G107/><T46/><D123/><U128/><E128/><V82/><F121/><W44/><G130/><T91/><D112/><U53/><REACH who="1" step="1"/><E89/><REACH who="1" ten="204,220,118,448" step="2"/><V99/><F115/><W118/><G37/><T33/><D91/><U63/><E63/><V113/><F113/><W104/><G36/><T94/><D49/><U65/><E65/><V134/><F64/><W69/><G62/><T129/><D129/><U41/><E41/><V26/><F110/><W51/><G60/><T132/><D132/><U86/><E86/><V15/><F134/><W19/><G51/><T43/><D85/><U34/><E34/><V38/><F38/><W79/><G84/><T109/><D43/><U20/><E20/><V14/><F126/><W90/><G90/><T0/><D33/><U9/><E9/><V87/><F87/><W131/><G11/><T16/><D8/><U6/><E6/><V95/><F4/><W105/><G5/><T22/><D133/><U108/><E108/><V102/><F35/><W29/><G125/><T76/><D127/><U52/><E52/><V135/><F32/><W100/><G131/><T116/><D109/><U31/><E31/><V111/><F135/><W119/><G29/><T88/><D22/><U124/><E124/><V114/><F111/><W68/><G119/><T71/><D116/><U54/><E54/><V73/><F114/><W70/><G118/><T58/><D88/><U1/><E1/><V28/><F3/><W67/><G67/><T101/><D0/><U55/><E55/><RYUUKYOKU ba="0,1" sc="204,-10,220,30,118,-10,448,-10" hai1="2,7,10,24,27,48,53,56,59,61,66,75,77" /><INIT seed="5,1,1,2,2,75" ten="194,250,108,438" oya="1" hai0="104,40,83,87,130,27,115,4,43,90,96,1,98" hai1="13,28,97,69,99,132,5,38,29,107,24,101,7" hai2="65,66,61,22,10,9,110,6,54,36,92,111,67" hai3="64,49,122,113,25,15,128,58,39,72,80,26,108"/><U2/><E132/><V134/><F36/><W57/><G39/><T17/><D115/><U91/><E38/><V48/><F134/><W73/><G108/><T50/><D130/><U14/><E69/><V118/><F118/><W74/><G122/><T51/><D4/><U125/><E125/><V16/><F111/><W100/><G100/><T47/><D1/><U85/><E99/><V117/><F117/><W34/><G113/><T52/><D104/><U56/><E56/><V71/><F92/><W106/><G106/><T123/><D123/><U41/><E41/><N who="0" m="15945" /><D50/><U124/><E124/><V70/><F110/><W120/><G128/><T19/><D19/><U45/><E45/><V53/><F53/><W103/><G57/><T62/><D62/><U112/><E112/><V127/><F127/><W20/><G49/><T55/><D55/><U81/><E29/><V84/><F84/><W76/><G58/><T68/><D68/><U33/><E2/><V37/><F37/><W21/><G64/><T116/><D116/><U79/><E5/><V0/><F10/><W44/><G44/><T77/><D90/><U89/><E7/><V46/><REACH who="2" step="1"/><F71/><REACH who="2" ten="194,250,98,438" step="2"/><W32/><G120/><T23/><AGARI ba="1,2" hai="17,23,27,47,51,52,77,83,87,96,98" m="15945" machi="23" ten="30,4000,0" yaku="8,1,52,1,54,1" doraHai="75" who="0" fromWho="0" sc="194,63,250,-21,98,-11,438,-11" /><INIT seed="6,0,0,1,5,64" ten="257,229,87,427" oya="2" hai0="129,8,12,44,1,101,94,10,126,109,7,99,55" hai1="65,29,124,125,23,119,36,13,100,16,59,54,47" hai2="61,102,112,84,83,115,51,14,135,63,43,33,48" hai3="97,2,111,20,50,127,71,132,49,67,91,107,42"/><V98/><F33/><W121/><G121/><T41/><D109/><U74/><E74/><V38/><F38/><W3/><G111/><T104/><D129/><U86/><E119/><V79/><F135/><W114/><G132/><T75/><D75/><U45/><E65/><V5/><F115/><W131/><G131/><T19/><D55/><U113/><E113/><V39/><F39/><W60/><G127/><N who="1" m="48714" /><E36/><V22/><F112/><W105/><G105/><T53/><D53/><U92/><E29/><V78/><F78/><W28/><G42/><T123/><D123/><U80/><E100/><V30/><F30/><W72/><G72/><T130/><D130/><U25/><E25/><V96/><F96/><W89/><G89/><T56/><D56/><U57/><E92/><V103/><F103/><W27/><G91/><T95/><D126/><U120/><E120/><V34/><F34/><N who="3" m="20767" /><G114/><T68/><D68/><U35/><E35/><V117/><F117/><W9/><G20/><T73/><D73/><U116/><E116/><V88/><F88/><W58/><G58/><N who="1" m="22026" /><E54/><V133/><F133/><W52/><G52/><T15/><D1/><U0/><E0/><V32/><F32/><W62/><G62/><N who="2" m="23561" /><F43/><W24/><G2/><T90/><D90/><AGARI ba="0,0" hai="13,16,23,45,47,80,86,90" m="22026,48714" machi="90" ten="30,2000,0" yaku="18,1,54,1" doraHai="64" who="1" fromWho="0" sc="257,-20,229,20,87,0,427,0" /><INIT seed="7,0,0,4,5,103" ten="237,249,87,427" oya="3" hai0="107,55,128,129,99,49,25,132,89,46,7,102,10" hai1="97,87,111,84,43,51,88,122,38,117,1,63,133" hai2="80,113,81,134,23,93,101,60,77,61,62,13,104" hai3="105,44,0,106,115,86,6,124,74,85,21,91,29"/><W57/><G74/><T34/><D132/><U35/><E38/><V47/><F134/><W123/><G123/><T75/><D75/><U5/><E133/><V58/><F113/><W135/><G106/><T18/><D89/><U11/><E35/><V48/><F104/><W79/><G105/><T90/><D90/><U37/><E37/><V94/><F77/><W54/><G44/><T59/><D46/><U130/><E111/><V22/><F13/><W131/><G131/><N who="0" m="50251" /><D18/><U125/><E130/><V9/><F9/><W66/><G66/><T114/><D114/><U109/><E109/><V12/><F12/><W67/><G67/><T72/><D72/><U71/><BYE who="0" /><E122/><V15/><F15/><W39/><G39/><T16/><D16/><U83/><E125/><V8/><F8/><W3/><G124/><T52/><D52/><U33/><E117/><UN n0="%E8%99%8E%E7%9A%AE%E7%8C%AB" /><V108/><F108/><W27/><G115/><T45/><D45/><N who="1" m="26047" /><E33/><V40/><F58/><W92/><G6/><T119/><D119/><U50/><E97/><V116/><F116/><W98/><G135/><T41/><D41/><U30/><E87/><V78/><F78/><W14/><G14/><N who="0" m="5471" /><D34/><U32/><E88/><V4/><F4/><W65/><G65/><T26/><AGARI ba="0,0" hai="25,26,49,55,59,99,102,107" m="5471,50251" machi="26" ten="30,2000,0" yaku="19,1,52,1" doraHai="103" who="0" fromWho="0" sc="237,20,249,-5,87,-5,427,-10" owari="257,6.0,244,-16.0,82,-42.0,417,52.0" /></mjloggm>