<mjloggm ver="2.3"><GO type="169" lobby="0"/><UN n0="%E2%80%A0%E3%81%BE%E3%83%BC%E5%9D%8A%E2%80%A0" n1="%6B%E3%81%AE%64%65%73%75" n2="%E5%B1%B1%E7%94%B0%E3%81%AE%E3%83%90%E3%83%8A%E3%83%8A" n3="%E3%82%A6%E3%83%AB%E3%83%88%E3%83%A9%E7%AB%8B%E7%9B%B4" dan="18,16,16,17" rate="2200.12,2094.69,2109.19,2224.06" sx="M,M,M,M"/><TAIKYOKU oya="0"/><INIT seed="0,0,0,2,1,7" ten="250,250,250,250" oya="0" hai0="117,128,84,103,28,36,83,35,1,0,43,66,42" hai1="62,47,123,63,12,88,79,130,11,94,95,30,32" hai2="89,76,82,106,126,38,131,19,60,65,108,33,70" hai3="98,56,67,96,37,57,58,114,77,116,73,132,52"/><T15/><D117/><U50/><E123/><V59/><F108/><W2/><G37/><T22/><D128/><U105/><E130/><V25/><F131/><W110/><G2/><T71/><D103/><U8/><E105/><V18/><F38/><W90/><G73/><T14/><D35/><U91/><E79/><V29/><F126/><W40/><G58/><T85/><D71/><U100/><E32/><V23/><F89/><N who="1" m="34377" /><E30/><V99/><F59/><W53/><G90/><T44/><D36/><U68/><E68/><V24/><F19/><W17/><G40/><T118/><D28/><U111/><E111/><V125/><F125/><W6/><G57/><T54/><D54/><N who="1" m="30047" /><E12/><V10/><F10/><N who="1" m="3625" /><E95/><V51/><F76/><W97/><G77/><T74/><D74/><U13/><E13/><V20/><F82/><W31/><G31/><T55/><D83/><U92/><E92/><V127/><F127/><W87/><G110/><T101/><D118/><U121/><E121/><V64/><F33/><W46/><G116/><T86/><D0/><U61/><E61/><V80/><F80/><W16/><G97/><AGARI ba="0,0" hai="62,63,94,97,100" m="3625,30047,34377" machi="97" ten="30,8000,1" yaku="8,1,52,3,54,1" doraHai="7" who="1" fromWho="3" sc="250,0,250,80,250,0,250,-80" /><INIT seed="1,0,0,0,4,44" ten="250,330,250,170" oya="1" hai0="53,73,109,106,15,102,90,97,36,130,76,12,113" hai1="99,11,31,118,66,112,103,87,6,14,121,65,98" hai2="105,7,72,86,39,68,134,132,78,54,50,32,133" hai3="25,89,114,20,128,55,35,63,22,61,92,2,41"/><U116/><E121/><V101/><F32/><W79/><G2/><T93/><D36/><U104/><E112/><V46/><F68/><W34/><G114/><T51/><D113/><U0/><E31/><V19/><F7/><W23/><G41/><T124/><D109/><U84/><E0/><V8/><F39/><W5/><G79/><T10/><D130/><U77/><E98/><V13/><F72/><W69/><G5/><T95/><D124/><U30/><E30/><V21/><F105/><W26/><G128/><T94/><D90/><U70/><E84/><V135/><N who="2" m="33792" /><DORA hai="123" /><V126/><F126/><W17/><G69/><T83/><REACH who="0" step="1"/><D10/><REACH who="0" ten="240,330,250,170" step="2"/><N who="1" m="4439" /><E116/><V58/><F101/><W110/><G110/><T16/><D16/><U40/><E11/><V71/><F71/><W91/><G17/><T27/><D27/><U42/><E103/><V1/><F1/><W81/><G26/><T131/><D131/><U43/><E70/><V4/><F4/><W108/><G25/><T60/><D60/><U52/><E118/><V75/><F8/><W49/><G108/><T9/><D9/><U38/><E38/><V129/><F129/><W127/><G127/><T37/><D37/><U74/><E77/><V28/><F28/><W80/><G91/><T18/><D18/><U57/><E104/><V24/><F24/><W85/><G35/><T122/><D122/><U100/><E100/><V56/><REACH who="2" step="1"/><F75/><REACH who="2" ten="240,330,240,170" step="2"/><W96/><G34/><T107/><D107/><U33/><E74/><V47/><F47/><AGARI ba="0,2" hai="12,15,47,51,53,73,76,83,93,94,95,97,102,106" machi="47" ten="40,5200,0" yaku="1,1,52,1,53,1" doraHai="44,123" doraHaiUra="62,45" who="0" fromWho="2" sc="240,72,330,0,240,-52,170,0" /><INIT seed="2,0,0,4,5,11" ten="312,330,188,170" oya="2" hai0="28,40,92,1,100,81,43,111,59,15,16,88,3" hai1="108,49,33,46,133,130,113,36,42,44,123,75,26" hai2="34,66,74,47,99,122,21,86,6,2,77,119,20" hai3="71,57,105,106,80,72,112,64,4,101,31,17,118"/><V23/><F119/><W48/><G4/><T126/><D1/><U58/><E75/><V68/><F122/><W9/><G48/><T107/><D3/><U29/><E113/><V32/><F74/><W13/><G57/><T8/><D111/><U10/><E108/><V83/><F99/><W121/><G101/><T73/><D126/><U93/><E123/><V98/><F98/><W39/><G17/><T12/><D107/><U45/><E130/><V22/><N who="2" m="5120" /><DORA hai="124" /><V135/><F135/><W65/><G9/><N who="0" m="6159" /><D73/><U125/><E125/><V53/><F6/><W0/><G0/><T18/><D28/><U85/><E133/><V67/><F2/><W109/><G106/><T41/><D59/><U89/><E10/><V95/><F95/><W62/><G105/><T94/><D100/><U52/><AGARI ba="0,0" hai="26,29,33,36,42,44,45,46,49,52,58,85,89,93" machi="52" ten="30,2000,0" yaku="0,1,54,1" doraHai="11,124" who="1" fromWho="1" sc="312,-5,330,20,188,-10,170,-5" /><INIT seed="3,0,0,3,5,27" ten="307,350,178,165" oya="3" hai0="96,129,31,84,95,76,100,82,103,46,111,38,53" hai1="12,66,113,69,133,32,91,98,57,37,93,24,10" hai2="15,128,134,89,8,48,40,29,123,88,51,122,4" hai3="75,3,42,99,21,5,117,126,17,71,19,131,55"/><W56/><G117/><T109/><D129/><U135/><E113/><V80/><F128/><W6/><G71/><T70/><D70/><U83/><E37/><V44/><F134/><N who="1" m="51209" /><E69/><V43/><F80/><W26/><G75/><T52/><D100/><U60/><E83/><V20/><F122/><W116/><G116/><T13/><D13/><U118/><E118/><V112/><F112/><W2/><G2/><T68/><D68/><U108/><E108/><N who="0" m="41545" /><D31/><N who="1" m="19559" /><E12/><V67/><F123/><W47/><G3/><T30/><D30/><U120/><E120/><V1/><F67/><W104/><G131/><T7/><D7/><U65/><E10/><V45/><F1/><W14/><G126/><T18/><D18/><U106/><E106/><V0/><F0/><W86/><G17/><T61/><D61/><U33/><E33/><V36/><F36/><W63/><G14/><T92/><D92/><U72/><E72/><V28/><F28/><W73/><G73/><T119/><D119/><U16/><E16/><V23/><F29/><W59/><G5/><T41/><AGARI ba="0,0" hai="38,41,46,52,53,76,82,84,95,96,103" m="41545" machi="41" ten="30,2000,0" yaku="14,1,54,1" doraHai="27" who="0" fromWho="0" sc="307,20,350,-5,178,-5,165,-10" /><INIT seed="4,0,0,2,2,75" ten="327,345,173,155" oya="0" hai0="114,130,53,113,18,30,28,91,68,124,8,108,118" hai1="43,45,128,58,84,96,100,2,54,38,89,95,101" hai2="56,0,82,109,86,121,4,65,25,44,72,20,92" hai3="14,81,120,73,41,80,37,32,107,3,126,127,52"/><T106/><D106/><U47/><E128/><V17/><F121/><W24/><G3/><T33/><D68/><U13/><E2/><V71/><F71/><W117/><G107/><T103/><D103/><U36/><E13/><V97/><F72/><W112/><G117/><T62/><D91/><U1/><E1/><V6/><F109/><W57/><G120/><T12/><D118/><U116/><E116/><V66/><F0/><W115/><G41/><T105/><D105/><U27/><E27/><V122/><F44/><W76/><G37/><T78/><D130/><U67/><E67/><V85/><F85/><W51/><G14/><T77/><D108/><U74/><E74/><V31/><F17/><W99/><G99/><T39/><D39/><U11/><E11/><V23/><F23/><W111/><G81/><T70/><D124/><N who="3" m="47657" /><G111/><T79/><D33/><U61/><E96/><V35/><F35/><W98/><G98/><T125/><D125/><U63/><E61/><N who="2" m="38055" /><F66/><W55/><G55/><T83/><D83/><U93/><E95/><V16/><F31/><AGARI ba="0,0" hai="24,31,32,51,52,57,73,76,80,112,115" m="47657" machi="31" ten="30,3900,0" yaku="18,1,52,1,54,1" doraHai="75" who="3" fromWho="2" sc="327,0,345,0,173,-39,155,39" /><INIT seed="5,0,0,4,5,18" ten="327,345,134,194" oya="1" hai0="45,23,132,62,114,87,4,43,14,95,57,120,71" hai1="117,56,40,19,55,127,7,73,101,83,89,99,46" hai2="108,84,28,118,90,82,134,100,47,20,85,94,36" hai3="22,96,88,5,6,80,76,49,79,74,37,63,66"/><U1/><E117/><V17/><F108/><W42/><G37/><T53/><D114/><U27/><E127/><V50/><F36/><W111/><G111/><T116/><D116/><U9/><E89/><V61/><F134/><W131/><G131/><T44/><D132/><U15/><E27/><V12/><F118/><W121/><G121/><T107/><D107/><U125/><E125/><V115/><F115/><W10/><G49/><T93/><D71/><U48/><E83/><V102/><F61/><W64/><G42/><T130/><D120/><U103/><E73/><V30/><F100/><W112/><G79/><T92/><D130/><U124/><E99/><V41/><REACH who="2" step="1"/><F102/><REACH who="2" ten="327,345,124,194" step="2"/><W81/><G63/><T123/><D123/><U26/><E124/><V35/><F35/><W29/><G112/><T65/><D62/><U119/><E119/><V72/><F72/><W75/><G74/><T51/><D65/><U70/><E101/><V11/><F11/><W128/><G10/><T52/><D87/><U60/><E103/><V113/><F113/><W78/><G66/><T109/><D109/><U21/><E70/><V106/><F106/><W3/><G64/><T33/><D33/><U25/><AGARI ba="0,1" hai="1,7,9,15,19,21,25,26,40,46,48,55,56,60" machi="25" ten="30,3000,0" yaku="0,1,52,1" doraHai="18" who="1" fromWho="1" sc="327,-10,345,40,124,-10,194,-10" /><INIT seed="5,1,0,0,2,24" ten="317,385,114,184" oya="1" hai0="16,66,74,12,2,71,32,123,70,109,40,72,8" hai1="128,46,37,110,106,62,23,65,10,94,31,54,9" hai2="58,75,20,29,96,120,79,98,83,13,104,39,107" hai3="113,125,121,26,103,108,19,36,38,11,67,34,91"/><U78/><E106/><V52/><F120/><W101/><G26/><T87/><D109/><U97/><E110/><V100/><F39/><W131/><G11/><T95/><D123/><U119/><E119/><V50/><F13/><W122/><G91/><T47/><D32/><U127/><E127/><V84/><F84/><W27/><G27/><T118/><D118/><U30/><E128/><V92/><REACH who="2" step="1"/><F98/><REACH who="2" ten="317,385,104,184" step="2"/><W116/><G38/><T85/><D85/><U135/><E97/><V126/><F126/><W99/><G36/><T21/><D87/><U44/><E37/><V86/><F86/><W7/><G99/><T0/><D0/><U33/><E78/><V4/><F4/><W63/><G7/><T43/><D2/><U45/><E135/><V81/><F81/><W15/><G15/><T53/><D74/><U22/><E9/><V93/><F93/><W28/><G125/><T57/><D95/><U25/><E10/><V17/><F17/><W59/><G19/><T133/><D72/><U102/><E94/><V82/><F82/><W129/><G122/><T117/><D133/><U41/><E25/><AGARI ba="1,1" hai="20,25,29,50,52,58,75,79,83,92,96,100,104,107" machi="25" ten="40,5200,0" yaku="1,1,52,1,54,1,53,0" doraHai="24" doraHaiUra="1" who="2" fromWho="1" sc="317,0,385,-55,104,65,184,0" /><INIT seed="6,0,0,4,0,73" ten="317,330,169,184" oya="2" hai0="109,123,8,16,97,104,101,68,131,76,49,26,18" hai1="89,50,17,54,82,52,74,60,106,36,98,38,2" hai2="23,124,111,79,134,45,55,61,102,39,10,114,77" hai3="125,78,42,35,119,66,92,69,86,12,93,27,67"/><V85/><F114/><W47/><G119/><T120/><D109/><U108/><E2/><V83/><F134/><W3/><G3/><T15/><D68/><U33/><E108/><V0/><F111/><W72/><G72/><T1/><D1/><U7/><E7/><V113/><F113/><W44/><G35/><T118/><D131/><U70/><E33/><V116/><F116/><W91/><G69/><T132/><D118/><U4/><E4/><V34/><F34/><W40/><G27/><T64/><D64/><N who="3" m="24617" /><G125/><T25/><D132/><U57/><E70/><V122/><F122/><W80/><G12/><T51/><D26/><U99/><E17/><V100/><F124/><W88/><G47/><T127/><D127/><U81/><E81/><N who="2" m="47279" /><F0/><W11/><G11/><T94/><D104/><U48/><E74/><V84/><F39/><W62/><G62/><T31/><D18/><U128/><E38/><V58/><F45/><W135/><G135/><T59/><D123/><U53/><E36/><V32/><F32/><W37/><G37/><T110/><D120/><U105/><E106/><V112/><F112/><W5/><G5/><T14/><D14/><U95/><E105/><V21/><F10/><W19/><G19/><T71/><D71/><U41/><E128/><V43/><F43/><N who="3" m="16427" /><G44/><T117/><D117/><U107/><E107/><V65/><F65/><W129/><G129/><T133/><D110/><U56/><E41/><V20/><AGARI ba="0,0" hai="20,21,23,55,58,61,79,83,84,100,102" m="47279" machi="20" ten="30,6000,0" yaku="8,1,52,2" doraHai="73" who="2" fromWho="2" sc="317,-20,330,-20,169,60,184,-20" /><INIT seed="6,1,0,5,0,24" ten="297,310,229,164" oya="2" hai0="131,46,76,124,51,73,49,75,34,18,17,29,77" hai1="35,60,107,63,135,87,62,5,2,67,13,38,134" hai2="108,32,59,45,128,12,111,132,20,93,0,71,126" hai3="74,15,82,123,28,4,85,23,78,44,129,114,58"/><V64/><F71/><W26/><G123/><T70/><D70/><U81/><E107/><V65/><F0/><W115/><G129/><T117/><D34/><U9/><E38/><V6/><F32/><W127/><G127/><T95/><D95/><U7/><E35/><V47/><F128/><W27/><G44/><N who="2" m="16969" /><F132/><N who="1" m="50729" /><E2/><V19/><F126/><W53/><G4/><T83/><D46/><U43/><E43/><V133/><F133/><W54/><G15/><T121/><D131/><U103/><E103/><V31/><F6/><W98/><G98/><T100/><D100/><U39/><E39/><V79/><F79/><W109/><G109/><N who="2" m="42057" /><F93/><W41/><G41/><T97/><D77/><N who="1" m="46511" /><E5/><V80/><F80/><W112/><G74/><T11/><D75/><U113/><E113/><V118/><F118/><W90/><G78/><T110/><D117/><U106/><E106/><V104/><F104/><W33/><REACH who="3" step="1"/><G58/><AGARI ba="1,0" hai="7,9,13,58,60,62,63,67" m="46511,50729" machi="58" ten="30,1000,0" yaku="20,1" doraHai="24" who="1" fromWho="3" sc="297,0,310,13,229,0,164,-13" /><INIT seed="7,0,0,0,3,71" ten="297,323,229,151" oya="3" hai0="116,26,115,32,94,6,98,112,20,111,130,118,11" hai1="70,63,9,19,62,43,105,83,52,125,93,69,34" hai2="22,21,36,126,88,64,108,45,46,28,3,33,51" hai3="2,106,110,102,95,129,30,128,37,14,135,47,101"/><W117/><G2/><T61/><D61/><U67/><E105/><V103/><F108/><W55/><G117/><T54/><D54/><U1/><E34/><V58/><F36/><W29/><G106/><T122/><D111/><U72/><E125/><V76/><F76/><W0/><G0/><N who="0" m="455" /><D122/><U107/><E107/><V39/><F39/><W120/><G120/><T114/><D32/><U81/><E43/><V13/><F103/><N who="3" m="39435" /><G110/><T7/><D7/><U60/><E60/><N who="2" m="37911" /><F33/><W16/><G95/><T50/><D50/><U18/><E63/><V10/><F126/><W59/><G59/><T66/><D66/><U133/><E67/><V109/><F45/><W100/><N who="3" m="39443" /><W23/><DORA hai="56" /><G135/><T48/><D48/><U15/><E133/><V78/><F28/><W8/><G8/><T77/><D77/><U68/><E69/><V132/><F78/><W91/><G91/><N who="0" m="55647" /><D130/><N who="3" m="50281" /><G55/><T73/><D73/><U57/><E72/><V131/><F131/><W53/><G53/><T134/><D134/><U121/><E121/><V87/><F3/><W89/><G89/><T27/><D20/><U86/><E1/><V113/><F109/><W75/><G75/><T12/><D12/><U41/><E68/><V49/><F49/><W124/><G124/><T74/><D74/><U25/><E70/><V65/><F132/><W84/><G84/><T79/><D79/><U97/><E86/><V99/><F87/><W31/><G47/><T35/><D35/><U82/><E52/><N who="2" m="29815" /><F65/><W127/><G127/><T5/><D118/><U92/><E93/><N who="2" m="56743" /><F113/><N who="0" m="28930" /><T38/><DORA hai="42" /><D116/><U4/><E92/><RYUUKYOKU ba="0,0" sc="297,-15,323,-15,229,15,151,15" hai2="10,13,21,22" hai3="14,16,23,29,30,31,37" /><INIT seed="7,1,0,4,5,122" ten="282,308,244,166" oya="3" hai0="113,83,33,40,10,131,68,102,45,9,124,6,32" hai1="0,85,112,71,115,108,82,16,57,34,126,132,50" hai2="104,38,76,128,69,13,51,101,99,15,93,43,66" hai3="134,78,75,94,35,5,114,49,77,41,27,87,17"/><W121/><G121/><T63/><D10/><U95/><E108/><V98/><F38/><W56/><G75/><T107/><D124/><U116/><E126/><V64/><F128/><W61/><G114/><N who="1" m="43562" /><E132/><V135/><F135/><W133/><G133/><T110/><D131/><U4/><E71/><V62/><F66/><N who="3" m="39207" /><G35/><T37/><D83/><U7/><E116/><V96/><F96/><W65/><G65/><N who="0" m="41023" /><D110/><U111/><E111/><V19/><F76/><N who="3" m="29291" /><G134/><T28/><D28/><U103/><E34/><V127/><F127/><W46/><G5/><T25/><D25/><U67/><E0/><V89/><F19/><W73/><G73/><T18/><D18/><U31/><E31/><V90/><F90/><N who="3" m="53599" /><G17/><T2/><D113/><U48/><E16/><V119/><F119/><W29/><G27/><T53/><D53/><U80/><E7/><V105/><F105/><W36/><G36/><T59/><D59/><U55/><E4/><V44/><AGARI ba="1,0" hai="13,15,43,44,51,62,64,69,89,93,98,99,101,104" machi="44" ten="30,1100,0" yaku="0,1" doraHai="122" who="2" fromWho="2" sc="282,-4,308,-4,244,14,166,-6" owari="278,8.0,304,40.0,258,-14.0,160,-34.0" /></mjloggm>