<mjloggm ver="2.3"><GO type="169" lobby="0"/><UN n0="%E4%B8%80%E5%9B%9B%E5%9B%9B" n1="%34%31%36%30" n2="%66%75%6B%75%30%32" n3="%E3%82%A6%E3%83%AB%E3%83%88%E3%83%A9%E7%AB%8B%E7%9B%B4" dan="16,16,17,18" rate="2105.08,2072.24,2195.07,2267.20" sx="M,M,M,M"/><TAIKYOKU oya="0"/><INIT seed="0,0,0,0,5,47" ten="250,250,250,250" oya="0" hai0="3,101,21,115,79,34,132,113,96,69,13,1,124" hai1="109,114,16,33,134,119,15,120,11,98,118,38,86" hai2="10,9,76,133,121,25,50,92,6,14,110,58,26" hai3="129,71,111,107,135,85,52,42,45,0,43,82,72"/><T19/><D69/><U46/><E120/><V30/><F121/><W28/><G72/><T51/><D79/><U40/><E109/><V99/><F110/><W125/><G0/><T7/><D34/><U55/><E134/><V117/><F133/><W97/><G111/><T63/><D132/><U17/><E33/><V65/><F117/><W20/><G71/><T18/><D63/><U60/><E114/><V106/><F106/><W44/><G135/><T5/><D124/><U90/><E98/><V4/><F76/><W123/><G129/><T77/><D77/><U128/><E128/><V22/><F26/><N who="3" m="16455" /><G107/><T81/><D81/><U112/><E112/><V62/><F50/><N who="3" m="28751" /><G125/><T83/><D83/><U2/><E2/><V131/><F131/><W73/><G73/><T95/><D115/><U80/><REACH who="1" step="1"/><E17/><REACH who="1" ten="250,240,250,250" step="2"/><V105/><F4/><N who="0" m="1610" /><D3/><U61/><E61/><V32/><F62/><W93/><G123/><T53/><D1/><U89/><E89/><V36/><F32/><W8/><G97/><T54/><D113/><U103/><E103/><V108/><F108/><W126/><G126/><T31/><D31/><U29/><E29/><V78/><F30/><W102/><G102/><T59/><D54/><U64/><E64/><V127/><F65/><W88/><G88/><T67/><D67/><U122/><E122/><V104/><F127/><W75/><G43/><T56/><D19/><U66/><E66/><V23/><F99/><W70/><G42/><T84/><D84/><U116/><E116/><V91/><F91/><N who="3" m="53487" /><G70/><T48/><D53/><U57/><AGARI ba="0,1" hai="11,15,16,38,40,46,55,57,60,80,86,90,118,119" machi="57" ten="30,4000,0" yaku="1,1,0,1,54,1,53,0" doraHai="47" doraHaiUra="94" who="1" fromWho="1" sc="250,-20,240,50,250,-10,250,-10" /><INIT seed="1,0,0,0,2,113" ten="230,290,240,240" oya="1" hai0="82,91,101,27,117,46,131,90,36,68,93,62,1" hai1="65,18,108,76,92,97,126,72,114,42,127,77,6" hai2="96,87,9,109,15,61,44,52,3,2,95,16,4" hai3="21,122,34,121,45,98,5,123,64,80,11,106,32"/><U24/><E114/><V94/><F109/><W120/><G120/><T37/><D1/><U26/><E6/><V125/><F125/><N who="1" m="47625" /><E108/><V53/><F2/><W14/><G64/><T71/><D27/><N who="1" m="10283" /><E72/><V25/><F25/><W0/><G80/><T58/><D82/><U43/><E65/><V66/><F87/><W63/><G63/><T40/><D131/><U39/><E18/><V84/><F84/><W79/><G79/><N who="1" m="30282" /><E39/><V100/><F95/><W134/><G5/><T13/><D93/><U119/><E119/><V104/><F94/><W70/><G0/><T115/><D115/><U10/><E10/><V81/><F81/><W102/><G11/><T110/><D37/><U20/><E20/><V103/><F103/><AGARI ba="0,0" hai="42,43,92,97,103" m="30282,10283,47625" machi="103" ten="30,1500,0" yaku="18,1" doraHai="113" who="1" fromWho="2" sc="230,0,290,15,240,-15,240,0" /><INIT seed="1,1,0,2,2,106" ten="230,305,225,240" oya="1" hai0="23,116,92,80,15,105,81,72,39,77,130,14,119" hai1="121,74,38,129,45,75,122,47,86,11,124,107,26" hai2="85,87,21,36,101,84,99,22,135,57,103,44,8" hai3="58,66,120,40,65,56,97,17,68,128,109,102,10"/><U59/><E107/><V98/><F135/><W52/><G120/><N who="1" m="46186" /><E86/><V70/><F70/><W25/><G128/><T115/><D39/><U64/><E59/><V12/><F57/><W30/><G109/><T16/><D130/><U91/><E91/><V24/><F36/><W51/><G40/><T49/><D115/><U89/><E89/><V27/><F44/><N who="1" m="16969" /><E26/><V95/><F24/><W100/><G68/><T48/><D105/><U53/><E53/><V104/><REACH who="2" step="1"/><F27/><REACH who="2" ten="230,305,215,240" step="2"/><W41/><G58/><T82/><D119/><U5/><E38/><V134/><F134/><W83/><G56/><T31/><D116/><U1/><E129/><V13/><F13/><W55/><G66/><T114/><D14/><U7/><E64/><V108/><F108/><W34/><G65/><T29/><D114/><U60/><E1/><V111/><F111/><W18/><G25/><T3/><D3/><U4/><E60/><V35/><F35/><W37/><G34/><T2/><D2/><U42/><E42/><V125/><F125/><W110/><G41/><T79/><D49/><U67/><E67/><V127/><F127/><W113/><G51/><T54/><D31/><U63/><E63/><V0/><F0/><W46/><G37/><T117/><D29/><U131/><E131/><V71/><F71/><W118/><G30/><T61/><D61/><U126/><E126/><V62/><F62/><W73/><G110/><T6/><D48/><U43/><E43/><V78/><F78/><N who="3" m="44495" /><G118/><T76/><D79/><U20/><E124/><V69/><F69/><W33/><G33/><T90/><D117/><RYUUKYOKU ba="1,1" sc="230,-10,305,-10,215,30,240,-10" hai2="8,12,21,22,84,85,87,95,98,99,101,103,104" /><INIT seed="2,2,1,0,5,66" ten="220,295,245,230" oya="2" hai0="111,101,68,55,4,130,3,35,54,126,13,98,79" hai1="103,90,122,23,86,43,2,39,21,38,45,118,18" hai2="34,100,10,57,127,20,12,11,91,125,9,25,102" hai3="88,0,37,135,6,53,36,97,8,51,17,112,132"/><V123/><F123/><W85/><G97/><T76/><D35/><U5/><E118/><V16/><F91/><W7/><G7/><T26/><D3/><U134/><E134/><N who="3" m="51242" /><G17/><T77/><D111/><U92/><E103/><V128/><F128/><W30/><G30/><T108/><D108/><U117/><E117/><V52/><F34/><W80/><G112/><T78/><D130/><U115/><E115/><V84/><F84/><W65/><G65/><T109/><D109/><U48/><E122/><V72/><F72/><W106/><G106/><T96/><D26/><U93/><E93/><V67/><F67/><W32/><G32/><T114/><D114/><U71/><E5/><V31/><F127/><W87/><G87/><T70/><D126/><U133/><E2/><V89/><F89/><W50/><G50/><T27/><D27/><U116/><E116/><V95/><F125/><W40/><G40/><T83/><D4/><U121/><E121/><V49/><F102/><W64/><G64/><T99/><D13/><U22/><E18/><V46/><F46/><AGARI ba="2,1" hai="0,6,8,36,37,46,51,53,80,85,88" m="51242" machi="46" ten="30,2000,0" yaku="20,1,54,1" doraHai="66" who="3" fromWho="2" sc="220,0,295,0,245,-26,230,36" /><INIT seed="3,0,0,3,2,116" ten="220,295,219,266" oya="3" hai0="36,15,67,77,29,113,66,90,131,3,91,125,23" hai1="50,56,84,101,122,110,18,128,20,41,31,13,118" hai2="48,8,14,58,127,117,9,99,37,30,73,17,38" hai3="134,85,26,111,78,39,70,106,27,7,52,133,82"/><W83/><G70/><T112/><D36/><U24/><E110/><V93/><F117/><W61/><G39/><T16/><D3/><U81/><E118/><V79/><F73/><W51/><G106/><T19/><D77/><U57/><E128/><V68/><F68/><W44/><G111/><T87/><D29/><U124/><E124/><V89/><F79/><W21/><G7/><T132/><D132/><U55/><E101/><V62/><F127/><W60/><G83/><T6/><D6/><U76/><E122/><V64/><F30/><W10/><G10/><N who="0" m="6263" /><D91/><U42/><REACH who="1" step="1"/><E57/><REACH who="1" ten="220,285,219,266" step="2"/><V115/><F58/><W105/><G134/><T130/><D125/><U72/><E72/><V1/><F115/><N who="0" m="44106" /><D131/><U0/><E0/><V2/><F2/><W98/><G133/><T121/><D121/><U94/><E94/><V32/><F93/><W45/><G105/><T114/><D130/><U40/><E40/><V92/><F92/><W11/><G82/><N who="0" m="49527" /><D114/><U88/><E88/><V86/><F89/><W103/><G103/><T12/><AGARI ba="0,1" hai="12,19,23,66,67" m="49527,44106,6263" machi="12" ten="30,2000,0" yaku="11,1,54,1" doraHai="116" who="0" fromWho="0" sc="220,30,285,-5,219,-5,266,-10" /><INIT seed="4,0,0,2,2,86" ten="250,280,214,256" oya="0" hai0="40,38,26,132,107,7,1,64,52,131,102,118,121" hai1="22,69,44,23,14,135,35,113,81,110,75,67,49" hai2="58,105,61,70,76,120,74,111,126,18,25,59,80" hai3="63,127,94,15,82,122,109,51,20,96,27,6,103"/><T33/><D118/><U112/><E110/><V48/><F111/><W4/><G109/><T93/><D93/><U55/><E35/><V34/><F120/><W98/><G127/><T88/><D121/><U8/><E69/><V31/><F126/><W79/><G122/><T50/><D64/><U21/><E67/><V100/><F18/><W5/><G63/><T97/><D7/><U42/><E135/><V73/><F73/><W10/><G51/><T3/><D40/><U106/><E106/><V83/><F83/><W66/><G98/><T24/><D38/><U95/><E95/><V2/><F2/><W78/><G66/><T28/><D26/><U129/><E129/><V90/><F70/><W39/><G39/><T32/><D32/><U56/><E81/><V41/><F61/><W12/><G12/><T124/><D124/><U128/><E75/><V89/><F100/><W43/><G43/><T9/><D9/><U13/><E128/><V77/><F77/><N who="3" m="29195" /><G82/><T101/><D101/><U11/><E14/><V108/><F108/><W29/><AGARI ba="0,0" hai="4,5,6,10,15,20,27,29,94,96,103" m="29195" machi="29" ten="30,1100,0" yaku="8,1" doraHai="86" who="3" fromWho="3" sc="250,-5,280,-3,214,-3,256,11" /><INIT seed="5,0,0,1,0,117" ten="245,277,211,267" oya="1" hai0="90,116,54,75,39,99,82,30,95,112,113,78,85" hai1="45,9,104,26,20,102,40,125,108,115,15,110,132" hai2="98,122,129,6,27,22,101,92,8,12,19,80,44" hai3="73,38,97,61,81,29,87,88,63,107,50,56,53"/><U68/><E115/><N who="0" m="44105" /><D54/><U4/><E68/><V103/><F129/><W123/><G38/><T130/><D39/><U43/><E132/><V76/><F44/><W35/><G123/><T93/><D30/><U100/><E125/><V83/><F122/><W55/><G73/><T118/><D130/><U36/><E40/><V127/><F127/><W109/><G109/><N who="1" m="42090" /><E104/><V47/><F47/><W89/><G35/><T67/><D67/><U24/><E24/><V133/><F133/><W64/><G29/><AGARI ba="0,0" hai="4,9,15,20,26,29,36,43,45,100,102" m="42090" machi="29" ten="30,1500,0" yaku="10,1" doraHai="117" who="1" fromWho="3" sc="245,0,277,15,211,0,267,-15" /><INIT seed="5,1,0,3,4,5" ten="245,292,211,252" oya="1" hai0="72,127,34,35,9,99,77,44,85,19,98,21,103" hai1="119,93,123,10,100,84,46,125,31,39,110,27,128" hai2="116,45,92,2,58,32,7,135,38,51,62,112,109" hai3="14,4,52,130,24,73,23,66,15,0,88,70,82"/><U113/><E119/><V28/><F116/><W95/><G130/><T94/><D72/><U13/><E123/><V17/><F109/><W133/><G133/><T54/><D127/><U40/><E125/><V22/><F38/><W61/><G0/><T8/><D35/><U105/><E128/><V96/><F135/><W53/><G73/><T111/><D34/><U129/><E129/><V114/><F32/><W118/><G82/><N who="0" m="47311" /><D99/><U16/><E113/><N who="2" m="43627" /><F28/><W60/><G118/><T68/><D68/><U18/><E105/><V78/><F78/><W74/><G74/><T25/><D111/><U108/><E108/><V6/><F2/><W83/><G83/><T47/><D54/><U36/><E36/><V49/><F49/><W42/><G42/><T101/><D101/><U64/><E64/><N who="2" m="38999" /><F51/><W115/><G115/><T71/><D71/><U43/><E43/><V131/><F45/><AGARI ba="1,0" hai="8,9,19,21,25,44,45,47,94,98,103" m="47311" machi="45" ten="30,3900,0" yaku="8,1,52,2" doraHai="5" who="0" fromWho="2" sc="245,42,292,0,211,-42,252,0" /><INIT seed="6,0,0,5,5,114" ten="287,292,169,252" oya="2" hai0="5,111,8,74,88,17,119,7,66,86,51,113,54" hai1="71,60,46,73,37,96,107,24,103,15,39,34,82" hai2="130,118,13,55,93,105,25,43,58,69,28,21,31" hai3="12,110,26,38,89,81,78,20,95,134,127,23,53"/><V61/><F105/><W14/><G110/><T19/><D111/><U27/><E27/><V16/><F130/><W42/><G127/><T40/><D74/><U41/><E15/><V85/><F69/><W67/><G67/><T92/><D119/><U80/><E39/><V2/><F2/><W1/><G1/><T84/><D66/><N who="1" m="41415" /><E73/><V65/><F118/><W4/><G134/><T35/><D40/><U120/><E120/><V101/><F43/><W9/><G38/><T30/><D30/><AGARI ba="0,0" hai="24,30,34,37,41,46,80,82,96,103,107" m="41415" machi="30" ten="30,1000,0" yaku="25,1" doraHai="114" who="1" fromWho="0" sc="287,-10,292,10,169,0,252,0" /><INIT seed="7,0,0,4,4,121" ten="277,302,169,252" oya="3" hai0="82,120,54,73,53,16,42,128,117,112,93,105,81" hai1="19,8,83,15,58,114,62,37,99,76,68,43,131" hai2="52,67,13,70,63,7,38,113,85,66,40,129,96" hai3="22,77,124,126,28,127,84,24,44,108,86,94,110"/><W36/><G94/><T55/><D120/><U6/><E68/><V64/><F129/><W14/><G14/><T17/><D117/><U59/><E131/><V103/><F113/><W97/><G97/><T135/><D128/><U60/><E37/><V69/><F85/><N who="3" m="32875" /><G77/><T45/><D105/><U31/><E31/><V133/><F133/><W102/><G102/><T75/><D135/><U20/><E43/><AGARI ba="0,0" hai="22,24,28,36,43,44,108,110,124,126,127" m="32875" machi="43" ten="40,7700,0" yaku="18,1,52,2" doraHai="121" who="3" fromWho="1" sc="277,0,302,-77,169,0,252,77" owari="277,8.0,225,-17.0,169,-33.0,329,42.0" /></mjloggm>