<mjloggm ver="2.3"><GO type="169" lobby="0"/><UN n0="%E3%82%A6%E3%83%AB%E3%83%88%E3%83%A9%E7%AB%8B%E7%9B%B4" n1="%6D%6F%65%2E%6E" n2="%E3%81%A9%E3%81%90%E3%81%95%E3%82%8C%E3%81%86%E3%81%AA%E3%81%8E" n3="%4B%52%65%72%65%65%65%4E" dan="18,16,16,17" rate="2290.23,2119.65,2085.76,2098.99" sx="M,F,M,M"/><TAIKYOKU oya="0"/><INIT seed="0,0,0,0,5,103" ten="250,250,250,250" oya="0" hai0="86,73,85,30,58,89,46,75,27,18,78,119,83" hai1="29,52,57,42,118,81,97,72,37,36,131,21,125" hai2="84,88,47,3,134,7,102,129,63,53,130,133,117" hai3="13,111,135,67,93,24,22,15,122,104,49,126,132"/><T74/><D119/><U62/><E118/><V28/><F28/><W123/><G111/><T107/><D46/><U68/><E125/><V79/><F79/><W8/><G126/><T43/><D43/><U70/><E131/><N who="2" m="50187" /><F117/><W94/><G67/><T55/><D18/><U120/><E120/><N who="3" m="46122" /><G104/><T59/><D107/><U76/><E97/><V90/><F102/><W4/><G49/><T23/><REACH who="0" step="1"/><D55/><REACH who="0" ten="240,250,250,250" step="2"/><U115/><E42/><V26/><F47/><W19/><G94/><AGARI ba="0,1" hai="23,27,30,58,59,73,74,75,78,83,85,86,89,94" machi="94" ten="40,7700,0" yaku="1,1,2,1,53,1" doraHai="103" doraHaiUra="87" who="0" fromWho="3" sc="240,87,250,0,250,0,250,-77" /><INIT seed="0,1,0,5,0,24" ten="327,250,250,173" oya="0" hai0="12,19,23,119,41,76,65,89,10,102,25,79,36" hai1="74,121,27,87,44,130,96,34,106,84,64,111,33" hai2="97,69,40,68,38,125,28,98,7,70,52,104,86" hai3="120,77,108,49,1,93,9,66,20,5,53,30,13"/><T101/><D119/><U8/><E74/><V105/><F7/><W31/><G108/><T134/><D134/><U94/><E121/><V127/><F86/><W75/><G120/><T71/><D71/><U110/><E130/><V135/><F135/><W78/><G66/><T48/><D65/><U4/><E106/><N who="2" m="41067" /><F52/><W29/><G93/><T63/><D63/><U113/><E113/><V100/><F100/><N who="0" m="38506" /><D36/><U51/><E64/><V18/><F18/><W73/><G73/><T80/><D89/><N who="1" m="55375" /><E87/><V116/><F116/><W122/><G75/><T128/><D80/><U95/><E95/><V133/><F133/><W115/><G115/><T59/><D128/><U2/><E84/><V107/><F107/><W21/><G122/><T50/><D59/><U81/><E81/><V46/><F97/><W0/><G0/><T57/><D57/><U35/><E27/><V6/><F98/><W85/><G1/><T43/><D50/><U103/><E103/><V11/><F70/><W117/><G117/><T83/><D48/><U22/><E22/><N who="3" m="8810" /><G85/><N who="0" m="48359" /><D79/><U39/><E39/><V72/><F69/><W109/><G109/><N who="1" m="41482" /><E51/><V92/><F68/><W32/><G32/><T15/><D15/><U114/><E114/><V58/><F72/><W55/><G49/><T60/><D60/><U42/><E42/><V90/><F40/><W37/><G37/><T91/><D91/><U54/><E54/><AGARI ba="1,0" hai="5,9,13,29,30,31,53,54,55,77,78" m="8810" machi="54" ten="30,7700,0" yaku="8,1,52,3" doraHai="24" who="3" fromWho="1" sc="327,0,250,-80,250,0,173,80" /><INIT seed="1,0,0,4,1,61" ten="327,170,250,253" oya="1" hai0="89,30,38,47,14,117,121,45,70,42,127,48,122" hai1="113,112,20,67,118,52,10,100,17,26,54,105,129" hai2="93,3,40,135,130,102,110,36,5,55,84,32,6" hai3="58,59,123,87,21,37,97,71,12,106,9,83,80"/><U101/><E118/><V128/><F110/><W63/><G37/><T65/><D30/><U44/><E129/><V77/><F32/><W19/><G123/><N who="0" m="47115" /><D89/><U134/><E134/><V75/><F55/><W92/><G106/><T11/><D117/><U60/><E10/><V15/><F40/><W96/><G71/><T91/><D91/><U62/><E62/><V132/><F36/><W98/><G9/><T4/><D127/><U22/><E22/><V115/><F15/><W41/><G41/><N who="0" m="24687" /><D65/><U64/><E105/><V104/><F104/><W68/><G68/><AGARI ba="0,0" hai="4,11,14,38,42,45,68,70" m="24687,47115" machi="68" ten="30,1000,0" yaku="13,1" doraHai="61" who="0" fromWho="3" sc="327,10,170,0,250,0,253,-10" /><INIT seed="2,0,0,0,2,95" ten="337,170,250,243" oya="2" hai0="36,93,128,33,51,99,6,91,126,20,123,132,64" hai1="37,47,115,135,19,85,70,125,52,133,127,121,61" hai2="30,113,104,82,48,94,62,60,114,118,3,41,109" hai3="7,2,45,122,86,27,98,96,40,89,119,0,76"/><V129/><F104/><W103/><G119/><T72/><D33/><U59/><E85/><V31/><F3/><W32/><G122/><T43/><D36/><U53/><E121/><V23/><F118/><W38/><G76/><T110/><D72/><U102/><E102/><V17/><F129/><W35/><G35/><T49/><D123/><U28/><E115/><V57/><F82/><W10/><G2/><T56/><D110/><U74/><E74/><V1/><F1/><W18/><G103/><T73/><D73/><U39/><E28/><N who="2" m="10795" /><F109/><W88/><G32/><T50/><D126/><N who="1" m="48139" /><E70/><V75/><F75/><W71/><G71/><T11/><D132/><N who="1" m="50763" /><E19/><V108/><F108/><W9/><G89/><T58/><D91/><U87/><E87/><V42/><F113/><W80/><REACH who="3" step="1"/><G9/><REACH who="3" ten="337,170,250,233" step="2"/><T26/><D11/><U83/><E83/><V69/><F114/><W84/><G84/><T101/><D101/><U63/><E63/><V65/><F62/><W116/><G116/><T120/><D120/><U12/><E12/><V55/><F69/><W67/><G67/><T131/><D64/><U117/><E117/><V16/><F60/><W90/><G90/><T106/><D26/><U5/><E5/><V97/><F65/><W22/><AGARI ba="0,1" hai="0,7,10,18,22,27,38,40,45,80,86,88,96,98" machi="22" ten="30,12000,2" yaku="1,1,0,1,52,2,54,1,53,1" doraHai="95" doraHaiUra="79" who="3" fromWho="3" sc="337,-30,170,-30,250,-60,233,130" /><INIT seed="3,0,0,5,3,22" ten="307,140,190,363" oya="3" hai0="96,10,111,42,14,125,21,63,36,117,120,121,73" hai1="127,103,24,72,126,6,108,80,112,133,33,18,132" hai2="116,90,105,39,77,123,75,54,17,61,38,34,91" hai3="79,9,107,134,40,30,67,45,93,26,65,35,87"/><W66/><G107/><T68/><D117/><U8/><E103/><V12/><F116/><W46/><G134/><N who="1" m="51818" /><E80/><V130/><F130/><W101/><G9/><T122/><D73/><U37/><E72/><V81/><F105/><W20/><G35/><T59/><D68/><U48/><E48/><V124/><F124/><N who="1" m="47657" /><E37/><V56/><F123/><W110/><G110/><T119/><D111/><U50/><E50/><V131/><F131/><W27/><G101/><T69/><D36/><U114/><E108/><V94/><F34/><W118/><G118/><T85/><D119/><U25/><E18/><V129/><F129/><W62/><G62/><T23/><D63/><U15/><E33/><V98/><F90/><N who="3" m="53471" /><G79/><T29/><D125/><U92/><E92/><V128/><F128/><W89/><G89/><T109/><D109/><U51/><E51/><V106/><F106/><W43/><G46/><T47/><D47/><U84/><E84/><V55/><F55/><W41/><G45/><T52/><D85/><U99/><E99/><V82/><F82/><W70/><G70/><T64/><D96/><U31/><E31/><V3/><F38/><W135/><G135/><T16/><D29/><U2/><E2/><V58/><F3/><W44/><G44/><T4/><D121/><U57/><E57/><N who="2" m="34999" /><F39/><W71/><G71/><T49/><D122/><U102/><E102/><V53/><F53/><W74/><G74/><T11/><D120/><U78/><E78/><V86/><F75/><W0/><G0/><N who="0" m="263" /><D42/><U5/><E5/><V19/><F19/><N who="3" m="12575" /><G41/><T60/><D69/><U13/><E13/><RYUUKYOKU ba="0,0" sc="307,0,140,0,190,0,363,0" hai0="11,14,16,21,23,49,52,59,60,64" hai1="6,8,15,24,25,112,114" hai2="12,17,56,58,77,81,86,91,94,98" hai3="27,30,40,43,65,66,67" /><INIT seed="3,1,0,4,5,102" ten="307,140,190,363" oya="3" hai0="71,7,127,114,32,55,66,67,19,125,134,75,93" hai1="36,108,23,123,8,5,29,60,98,13,17,59,40" hai2="72,53,22,122,135,44,15,106,121,25,120,12,103" hai3="90,20,110,129,35,118,95,30,43,49,79,74,70"/><W31/><G118/><T117/><D117/><U27/><E123/><V58/><F72/><W80/><G70/><T6/><D32/><U76/><E108/><V89/><F89/><W116/><G116/><T104/><D71/><U99/><E76/><V78/><F44/><W92/><G35/><T100/><D75/><U115/><E115/><V51/><F78/><W14/><G129/><T119/><D119/><U28/><E36/><V54/><F54/><W105/><G105/><T33/><D33/><U56/><E40/><V84/><F84/><W39/><G39/><T18/><D100/><U65/><REACH who="1" step="1"/><E59/><REACH who="1" ten="307,130,190,363" step="2"/><V112/><F112/><W57/><G110/><T96/><D114/><U9/><E9/><V1/><F135/><W87/><G43/><T131/><D134/><U91/><E91/><V47/><F58/><W68/><G68/><T128/><D131/><U48/><E48/><V133/><F133/><W24/><G49/><T88/><D88/><U132/><E132/><V101/><F101/><W26/><G57/><T11/><D11/><U73/><E73/><V37/><F37/><W63/><G74/><T50/><D50/><U64/><E64/><V52/><F53/><W16/><G79/><T113/><D66/><U81/><E81/><V83/><F83/><W45/><G63/><T34/><D113/><U38/><E38/><V97/><REACH who="2" step="1"/><F1/><REACH who="2" ten="307,130,180,363" step="2"/><W109/><G109/><T124/><D128/><U111/><E111/><V41/><F41/><W10/><G45/><T82/><D55/><U42/><E42/><V4/><F4/><W62/><G62/><T69/><D6/><RYUUKYOKU ba="1,2" sc="307,-30,130,10,180,10,363,10" hai1="5,8,13,17,23,27,28,29,56,60,65,98,99" hai2="12,15,22,25,47,51,52,97,103,106,120,121,122" hai3="10,14,16,20,24,26,30,31,80,87,90,92,95" /><INIT seed="3,2,2,0,5,37" ten="277,140,190,373" oya="3" hai0="23,61,13,30,124,101,77,42,45,131,129,39,90" hai1="47,10,74,50,99,26,41,73,108,71,105,72,120" hai2="60,76,12,52,100,48,40,19,35,127,85,70,110" hai3="32,93,25,130,44,58,75,83,86,107,46,103,113"/><W94/><G113/><T122/><D122/><U18/><E120/><V116/><F116/><W118/><G118/><T87/><D101/><U97/><E71/><V15/><F35/><W31/><G130/><N who="0" m="49675" /><D61/><U27/><E108/><V119/><F119/><W7/><G7/><T102/><D102/><U55/><E105/><V112/><F112/><W133/><G133/><T62/><D62/><U79/><E79/><V29/><F29/><W111/><G111/><T34/><D77/><U80/><E80/><N who="2" m="47239" /><F70/><W8/><G75/><T78/><D78/><U92/><E97/><V98/><F19/><W51/><G107/><T28/><D34/><U59/><E10/><V81/><F81/><W11/><G58/><T57/><D57/><U88/><REACH who="1" step="1"/><E18/><REACH who="1" ten="277,130,190,373" step="2"/><V4/><F110/><W134/><G8/><T104/><D104/><U20/><E20/><V14/><F98/><N who="3" m="59855" /><G11/><T22/><D22/><U33/><E33/><V117/><F117/><W67/><G32/><T95/><D124/><U16/><E16/><AGARI ba="2,3" hai="13,16,23,28,30,39,42,45,87,90,95" m="49675" machi="16" ten="30,3900,0" yaku="19,1,52,1,54,1" doraHai="37" who="0" fromWho="1" sc="277,75,130,-45,190,0,373,0" /><INIT seed="4,0,0,1,3,29" ten="352,85,190,373" oya="0" hai0="127,73,28,0,94,66,83,24,44,111,122,63,105" hai1="71,45,89,112,33,39,121,9,84,132,35,113,85" hai2="91,43,76,17,97,50,81,53,90,100,30,82,6" hai3="48,101,22,16,1,110,118,75,86,106,131,10,87"/><T23/><D105/><U20/><E121/><V70/><F70/><W59/><G118/><T65/><D122/><U107/><E132/><V21/><F43/><W27/><G75/><T51/><D0/><U68/><E107/><V69/><F69/><N who="1" m="26697" /><E20/><V34/><F6/><W4/><G110/><T40/><D127/><U61/><E9/><V119/><F119/><W49/><G131/><T52/><D111/><U7/><E7/><V125/><F125/><W56/><G101/><T64/><D94/><N who="1" m="54567" /><E61/><V38/><F38/><W13/><G106/><T99/><D99/><U57/><E57/><N who="3" m="22090" /><G1/><T2/><D2/><U135/><E85/><AGARI ba="0,0" hai="4,10,13,16,22,27,48,49,85,86,87" m="22090" machi="85" ten="30,2000,0" yaku="8,1,54,1" doraHai="29" who="3" fromWho="1" sc="352,0,85,-20,190,0,373,20" /><INIT seed="5,0,0,4,3,47" ten="352,65,190,393" oya="1" hai0="54,48,117,85,75,74,100,68,80,62,71,63,42" hai1="79,45,61,41,114,5,12,33,89,126,130,107,94" hai2="99,8,125,113,46,90,106,109,9,84,18,14,17" hai3="35,31,119,70,51,122,124,121,105,67,131,57,13"/><U21/><E33/><V19/><F109/><W108/><G51/><T53/><D100/><U118/><E107/><V26/><F125/><W127/><G57/><T65/><D117/><U52/><E118/><V132/><F132/><W11/><G119/><T112/><D112/><U111/><E114/><V135/><F135/><W103/><G108/><T7/><D7/><U37/><E111/><V32/><F113/><W24/><G131/><T30/><D30/><U43/><E43/><V10/><F99/><N who="3" m="61695" /><G13/><T120/><D120/><N who="3" m="46185" /><G11/><T22/><D22/><U64/><E126/><V4/><F106/><W16/><G16/><T3/><D3/><U23/><E130/><V34/><F26/><W133/><G133/><T59/><D42/><U116/><E116/><V76/><F32/><W115/><G115/><T36/><D36/><U86/><E79/><V58/><F76/><W83/><G83/><T28/><D28/><U0/><E0/><V20/><F34/><W77/><G77/><T98/><D98/><U40/><E40/><V72/><F72/><W6/><G6/><T66/><D54/><U27/><E27/><V92/><F4/><W102/><G102/><T129/><D129/><U15/><E52/><V91/><F20/><N who="1" m="7753" /><E5/><V38/><F14/><W128/><G128/><T49/><D49/><U123/><E123/><V101/><F38/><W44/><G44/><T69/><D69/><U78/><E78/><AGARI ba="0,0" hai="48,53,59,62,63,65,66,68,71,74,75,78,80,85" machi="78" ten="30,3900,0" yaku="7,1,9,1,52,1" doraHai="47" who="0" fromWho="1" sc="352,39,65,-39,190,0,393,0" /><INIT seed="6,0,0,1,2,104" ten="391,26,190,393" oya="2" hai0="107,77,74,38,101,47,26,50,126,127,103,118,11" hai1="86,16,7,97,96,40,131,119,53,29,72,120,78" hai2="4,83,130,52,21,110,81,30,51,76,109,18,89" hai3="124,122,94,129,32,34,135,108,105,44,13,14,114"/><V10/><F30/><W71/><RYUUKYOKU type="yao9" ba="0,0" sc="391,0,26,0,190,0,393,0" hai3="13,14,32,34,44,71,94,105,108,114,122,124,129,135" /><INIT seed="6,1,0,0,4,56" ten="391,26,190,393" oya="2" hai0="116,9,29,73,123,52,131,120,89,134,99,97,54" hai1="60,98,57,8,113,81,32,58,100,28,79,39,119" hai2="14,36,44,6,90,27,21,4,16,67,15,92,107" hai3="75,103,62,80,30,106,25,7,24,132,72,61,105"/><V63/><F107/><W22/><G132/><T65/><D73/><U88/><E119/><V102/><F102/><W53/><G7/><T46/><D131/><U45/><E113/><V95/><F36/><W55/><G80/><T41/><D29/><U108/><E108/><V33/><F44/><W0/><G22/><T48/><D134/><U43/><E58/><V49/><F49/><W51/><G51/><T74/><D74/><U11/><E28/><V66/><F33/><W34/><G30/><T26/><D26/><U70/><E70/><V68/><F67/><W19/><G19/><T50/><D65/><U126/><E32/><V77/><F77/><W18/><G18/><T133/><D133/><U122/><E126/><V104/><F104/><W78/><G34/><T40/><D89/><U121/><E121/><V83/><F83/><W93/><G93/><T128/><D9/><U71/><E71/><V3/><F95/><W101/><G0/><T12/><D128/><U115/><E115/><V42/><F42/><W5/><G5/><T31/><D31/><U114/><E114/><V127/><F127/><W91/><G91/><T135/><D135/><U130/><E122/><V94/><F94/><W23/><G23/><T117/><D46/><U37/><E37/><V85/><REACH who="2" step="1"/><F4/><REACH who="2" ten="391,26,180,393" step="2"/><W129/><G129/><T96/><D96/><U35/><E130/><V82/><F82/><W76/><AGARI ba="1,1" hai="24,25,53,55,61,62,72,75,76,78,101,103,105,106" machi="76" ten="25,8000,1" yaku="0,1,22,2,52,2" doraHai="56" who="3" fromWho="3" sc="391,-21,26,-21,180,-41,393,93" /><INIT seed="7,0,0,0,0,10" ten="370,5,139,486" oya="3" hai0="34,113,8,36,56,78,33,42,46,47,91,59,27" hai1="50,31,108,114,107,60,66,55,118,14,4,11,7" hai2="110,115,52,20,72,126,54,17,102,128,99,124,12" hai3="25,123,3,95,70,41,51,2,23,38,68,119,131"/><W37/><G119/><T0/><D113/><U112/><E108/><V80/><F115/><W69/><G123/><T30/><D34/><U67/><E118/><V5/><F110/><W71/><G71/><T84/><D78/><U35/><E107/><V135/><F5/><W21/><G95/><T39/><D0/><U53/><E31/><V89/><F135/><W111/><G111/><T61/><D61/><U26/><E26/><V97/><F97/><W94/><G94/><T134/><D134/><U93/><E93/><N who="2" m="58735" /><F128/><W106/><G106/><T75/><D75/><U100/><E35/><V24/><F24/><W64/><G64/><T90/><D8/><U96/><E96/><V57/><F57/><W133/><G133/><T1/><D1/><U65/><E60/><V88/><F72/><W79/><G79/><T103/><D103/><U19/><E100/><V117/><F117/><W85/><G131/><T13/><D13/><U132/><E132/><V82/><F124/><W16/><G3/><T130/><D130/><U49/><E65/><V73/><F73/><W76/><G2/><T62/><D62/><U104/><E104/><V40/><F40/><W121/><G121/><T109/><D109/><U129/><E11/><V43/><F126/><W58/><G76/><T44/><D44/><U81/><E129/><V125/><F125/><W98/><G41/><T28/><D27/><U15/><E81/><V48/><F80/><W127/><G25/><T22/><D42/><U101/><E101/><V92/><F82/><W105/><G127/><T120/><D33/><U74/><E74/><RYUUKYOKU ba="0,0" sc="370,-10,5,30,139,-10,486,-10" hai1="4,7,14,15,19,49,50,53,55,66,67,112,114" owari="360,16.0,35,-46.0,129,-27.0,476,57.0" /></mjloggm>