<mjloggm ver="2.3"><GO type="169" lobby="0"/><UN n0="%67%6F%6D%75" n1="%69%77%61%6E%6B%6F%66%75" n2="%41%6B%6B%69%79" n3="%E5%B0%B1%E6%B4%BB%E7%94%9F%40%E5%B7%9D%E6%9D%91%E8%BB%8D%E5%9B%A3" dan="16,16,16,18" rate="2063.32,2106.97,2047.73,2288.44" sx="M,M,M,M"/><TAIKYOKU oya="0"/><INIT seed="0,0,0,3,2,7" ten="250,250,250,250" oya="0" hai0="112,102,45,36,77,132,4,47,76,24,44,125,43" hai1="53,81,8,94,67,41,119,131,51,101,71,121,93" hai2="6,133,79,72,1,127,75,61,21,97,68,117,16" hai3="84,29,115,13,124,111,50,105,95,98,48,49,120"/><T23/><D112/><U52/><E119/><V46/><F117/><W110/><G115/><T10/><D132/><U113/><E131/><V14/><F133/><W58/><G120/><T108/><D125/><U123/><E113/><V27/><F127/><W22/><G124/><T89/><D108/><U34/><E34/><V42/><F1/><W12/><G105/><T17/><D102/><U70/><E67/><V82/><F75/><W74/><G74/><T15/><REACH who="0" step="1"/><D89/><REACH who="0" ten="240,250,250,250" step="2"/><U55/><E101/><V60/><F68/><W107/><G111/><T11/><D11/><U69/><E8/><V126/><F126/><W128/><G110/><T85/><D85/><U73/><E73/><V25/><F97/><W65/><G128/><T118/><D118/><U28/><E121/><V66/><F72/><W18/><G84/><T62/><D62/><U86/><E123/><V20/><F61/><N who="3" m="38071" /><G107/><T63/><D63/><U57/><E86/><V59/><F79/><AGARI ba="0,1" hai="4,10,15,17,23,24,36,43,44,45,47,76,77,79" machi="79" ten="40,3900,0" yaku="1,1,52,1,53,0" doraHai="7" doraHaiUra="116" who="0" fromWho="2" sc="240,49,250,0,250,-39,250,0" /><INIT seed="0,1,0,1,5,59" ten="289,250,211,250" oya="0" hai0="131,60,53,32,88,10,80,83,43,67,110,1,118" hai1="105,91,81,28,49,135,127,128,50,84,62,99,27" hai2="25,132,65,75,93,95,23,74,71,6,7,92,35" hai3="42,114,61,16,96,104,129,55,12,46,37,119,101"/><T103/><D118/><U17/><E127/><V38/><F38/><W45/><G119/><T87/><D32/><U14/><E128/><V97/><F35/><W11/><G129/><T79/><D131/><U66/><E135/><V64/><F132/><W111/><G111/><T68/><D110/><U120/><E120/><V125/><F125/><W69/><G114/><T58/><D103/><U36/><E36/><V134/><F134/><W124/><G124/><T13/><D43/><U44/><E105/><V30/><F75/><W85/><G85/><T24/><D24/><U29/><E99/><V133/><F74/><W39/><G39/><T126/><D126/><U72/><E72/><V8/><F133/><W26/><G26/><T40/><D40/><U123/><E50/><V15/><F7/><W109/><G109/><T54/><D1/><U21/><E123/><V9/><F9/><W112/><G112/><T107/><D68/><U2/><E2/><V5/><F5/><W77/><G77/><T52/><D107/><U116/><E116/><V94/><REACH who="2" step="1"/><F71/><REACH who="2" ten="289,250,201,250" step="2"/><W34/><G34/><T90/><D83/><U22/><E29/><V57/><F57/><W82/><G82/><T113/><D113/><U89/><E81/><V3/><F3/><W0/><G0/><T76/><D76/><U48/><E44/><V121/><F121/><W117/><G117/><T108/><D108/><U19/><E28/><V100/><AGARI ba="1,1" hai="6,8,15,23,25,30,64,65,92,93,94,95,97,100" machi="100" ten="30,4000,0" yaku="1,1,0,1,8,1,53,0" doraHai="59" doraHaiUra="73" who="2" fromWho="2" sc="289,-21,250,-11,201,53,250,-11" /><INIT seed="1,0,0,4,2,88" ten="268,239,254,239" oya="1" hai0="34,130,67,95,77,101,28,44,49,6,63,93,40" hai1="8,78,75,92,30,82,16,12,42,60,114,79,124" hai2="7,26,27,126,109,39,131,10,112,35,90,43,71" hai3="105,110,70,74,4,99,45,113,5,31,96,135,21"/><U94/><E114/><V24/><F71/><W38/><G74/><T125/><D130/><U13/><E124/><V80/><F131/><W133/><G70/><T128/><D128/><U50/><E30/><V106/><F106/><W18/><G110/><T37/><D125/><U25/><E25/><V81/><F126/><W85/><G85/><T53/><D77/><N who="1" m="29195" /><E75/><V52/><F109/><W68/><G31/><T115/><D115/><U108/><E82/><V0/><F112/><W129/><G68/><N who="0" m="42111" /><D101/><U87/><E87/><V17/><F43/><N who="3" m="22775" /><G113/><T9/><D28/><U117/><E117/><V134/><F39/><W121/><G121/><T102/><D102/><U100/><E100/><V116/><F116/><W111/><G111/><T54/><D54/><U89/><E89/><V22/><F35/><W3/><G105/><T65/><D65/><U122/><E122/><V15/><F52/><W48/><G48/><T23/><D23/><N who="1" m="11655" /><E60/><V32/><F32/><W47/><G129/><T103/><D103/><U61/><E61/><V64/><F64/><W55/><G3/><N who="0" m="223" /><D34/><U33/><E33/><V104/><F104/><W120/><G120/><T123/><D123/><U127/><E127/><V11/><F0/><W2/><G2/><T29/><D29/><U57/><E108/><V83/><F7/><N who="3" m="2635" /><G99/><T72/><D72/><U19/><E57/><AGARI ba="0,0" hai="37,40,44,49,53,57,93,95" m="223,42111" machi="57" ten="30,3900,0" yaku="24,1,52,2" doraHai="88" who="0" fromWho="1" sc="268,39,239,-39,254,0,239,0" /><INIT seed="2,0,0,1,5,100" ten="307,200,254,239" oya="2" hai0="107,32,23,104,57,118,26,128,34,125,112,11,73" hai1="19,65,8,129,43,126,124,41,54,22,123,59,90" hai2="132,133,64,130,81,82,20,62,92,44,109,87,37" hai3="36,33,63,93,91,84,5,27,134,38,6,122,85"/><V102/><F130/><W52/><G122/><T66/><D112/><U14/><E129/><V40/><F109/><W78/><G134/><N who="2" m="51817" /><F20/><W51/><G63/><N who="0" m="38255" /><D73/><U29/><E123/><V61/><F61/><W55/><G33/><T68/><D68/><U47/><E65/><V17/><F17/><W117/><G117/><T58/><D58/><U80/><E29/><V45/><F45/><W98/><G27/><T49/><D49/><U115/><E115/><V21/><F21/><W50/><G78/><T94/><D11/><U42/><E22/><V9/><F9/><W99/><G93/><T0/><D0/><U3/><E3/><V120/><F120/><W74/><G74/><T95/><D128/><U48/><REACH who="1" step="1"/><E59/><REACH who="1" ten="307,190,254,239" step="2"/><V114/><F114/><W79/><G79/><T13/><D23/><U72/><E72/><V67/><F67/><W97/><G97/><T70/><D32/><U30/><E30/><V127/><F127/><W131/><G131/><T121/><D125/><U83/><E83/><V69/><F87/><AGARI ba="0,1" hai="8,14,19,41,42,43,47,48,54,80,87,90,124,126" machi="87" ten="40,8000,1" yaku="1,1,25,2,53,1" doraHai="100" doraHaiUra="10" who="1" fromWho="2" sc="307,0,190,90,254,-80,239,0" /><INIT seed="3,0,0,5,3,52" ten="307,280,174,239" oya="3" hai0="47,76,86,113,133,10,72,93,48,41,103,104,37" hai1="87,4,55,62,67,24,116,61,63,7,80,85,125" hai2="130,132,12,126,89,73,3,69,33,60,118,83,105" hai3="56,27,124,95,0,57,129,28,51,16,40,88,5"/><W117/><G117/><T70/><D70/><U100/><E100/><V75/><RYUUKYOKU type="yao9" ba="0,0" sc="307,0,280,0,174,0,239,0" hai2="3,12,33,60,69,73,75,83,89,105,118,126,130,132" /><INIT seed="3,1,0,5,2,46" ten="307,280,174,239" oya="3" hai0="25,12,42,73,119,92,128,1,4,110,43,36,130" hai1="31,52,113,38,8,24,51,95,121,91,19,89,118" hai2="135,86,109,134,102,81,33,124,93,49,82,18,79" hai3="133,131,106,85,120,107,101,61,88,15,99,74,17"/><W67/><G120/><T80/><D119/><U100/><E38/><V62/><F33/><W58/><G131/><T132/><D132/><U96/><E113/><V117/><F62/><W78/><G133/><T126/><D126/><U2/><E121/><V59/><F117/><W122/><G122/><T105/><D105/><U66/><E66/><V30/><F30/><W103/><G103/><T39/><D110/><U7/><E19/><V112/><F112/><W115/><G115/><T32/><D12/><U97/><E97/><V94/><F109/><W10/><G107/><T9/><D92/><U90/><E118/><V14/><F124/><W69/><G78/><N who="0" m="44111" /><D43/><U84/><E84/><V127/><F127/><W98/><G98/><T64/><D64/><U63/><E63/><V72/><F102/><W37/><G37/><N who="0" m="14411" /><D42/><U41/><E41/><V20/><F94/><W45/><G45/><T47/><D47/><U76/><E76/><V35/><F35/><W21/><G74/><T53/><D53/><U83/><E83/><V75/><F75/><W54/><G21/><T6/><D6/><U68/><E68/><V60/><F60/><W104/><G104/><T29/><AGARI ba="1,0" hai="1,4,9,25,29,32,128,130" m="14411,44111" machi="29" ten="30,1100,0" yaku="23,1" doraHai="46" who="0" fromWho="0" sc="307,14,280,-4,174,-4,239,-6" /><INIT seed="4,0,0,1,2,124" ten="321,276,170,233" oya="0" hai0="38,125,93,79,103,42,14,90,62,92,98,127,68" hai1="2,28,129,57,43,87,100,9,32,82,135,58,89" hai2="85,27,76,84,121,24,55,65,37,34,128,36,77" hai3="1,15,104,122,130,107,30,48,123,64,111,60,113"/><T11/><D79/><U31/><E135/><V71/><F121/><N who="3" m="46091" /><G1/><T112/><D38/><U5/><E100/><V0/><F0/><W102/><G111/><T33/><D33/><U88/><E43/><V45/><F45/><W26/><G113/><T54/><D42/><U17/><E17/><V21/><F55/><W106/><G15/><T70/><D112/><U39/><E39/><V56/><F56/><N who="3" m="36871" /><G48/><T99/><D54/><U53/><E58/><V52/><F52/><W22/><G102/><T120/><D120/><U109/><E109/><V46/><F46/><W23/><G23/><T63/><D63/><U59/><E59/><V6/><F6/><W119/><G119/><T73/><D73/><U44/><E44/><V108/><F21/><W35/><G22/><T105/><D105/><U3/><E3/><V80/><F108/><W29/><G30/><T118/><D118/><U75/><E31/><V91/><F34/><W16/><G16/><N who="0" m="8287" /><D62/><N who="1" m="36143" /><E28/><V78/><F65/><W131/><AGARI ba="0,0" hai="26,29,35,104,106,107,130,131" m="36871,46091" machi="131" ten="40,5200,0" yaku="13,1,52,2" doraHai="124" who="3" fromWho="3" sc="321,-26,276,-13,170,-13,233,52" /><INIT seed="5,0,0,4,1,30" ten="295,263,157,285" oya="1" hai0="12,91,62,130,67,45,55,127,58,71,96,70,2" hai1="1,110,104,65,115,124,83,73,57,108,8,81,94" hai2="13,103,101,72,43,100,16,116,50,135,44,47,29" hai3="89,102,120,84,18,4,60,3,10,34,24,119,113"/><U106/><E1/><V48/><F72/><W23/><G120/><T126/><D2/><U54/><E65/><V0/><F0/><W87/><G119/><T31/><D31/><U131/><E8/><V92/><F135/><W66/><G113/><T79/><D79/><N who="1" m="44271" /><E115/><V128/><F128/><W5/><G5/><T38/><D12/><U53/><E131/><V129/><F129/><W59/><G102/><T49/><D130/><U21/><E21/><V121/><F121/><W118/><G118/><T107/><D71/><U82/><E124/><V40/><F29/><W122/><G122/><T28/><D28/><U46/><E46/><V134/><F134/><W80/><REACH who="3" step="1"/><G87/><REACH who="3" ten="295,263,157,275" step="2"/><T27/><D126/><U14/><E108/><V117/><REACH who="2" step="1"/><F92/><REACH who="2" ten="295,263,147,275" step="2"/><W95/><G95/><T56/><D127/><U86/><E94/><V36/><F36/><W17/><G17/><T15/><D38/><U9/><E106/><V11/><AGARI ba="0,2" hai="11,13,16,40,43,44,47,48,50,100,101,103,116,117" machi="11" ten="30,7900,0" yaku="1,1,0,1,9,1,54,1,53,0" doraHai="30" doraHaiUra="61" who="2" fromWho="2" sc="295,-20,263,-39,147,99,275,-20" /><INIT seed="6,0,0,1,2,40" ten="275,224,246,255" oya="2" hai0="59,15,34,103,89,87,119,1,76,110,72,104,94" hai1="22,111,29,14,109,48,63,84,37,128,107,32,88" hai2="55,106,52,113,68,117,20,26,74,124,114,97,121" hai3="42,67,54,105,19,11,134,123,9,82,81,28,41"/><V133/><F74/><W120/><G105/><T36/><D1/><U127/><E37/><V39/><F68/><W6/><G67/><T102/><D34/><U75/><E75/><V16/><F121/><W17/><G54/><T43/><D15/><U125/><E32/><V56/><F117/><W50/><G50/><T23/><D23/><U99/><E128/><V71/><F71/><W64/><G64/><T135/><D59/><U3/><E3/><V65/><F124/><N who="1" m="47689" /><E63/><N who="2" m="38119" /><F39/><W78/><G28/><T70/><D43/><N who="3" m="16393" /><G78/><T44/><D70/><U51/><E99/><V46/><F133/><W98/><G6/><T60/><D135/><U4/><E107/><V112/><F46/><W58/><G58/><T10/><D44/><U79/><E79/><V83/><F83/><N who="3" m="31755" /><G98/><T92/><D76/><U129/><E129/><V53/><F97/><W80/><G80/><T66/><D36/><U95/><E4/><V85/><F85/><W7/><G7/><T62/><D87/><U77/><E77/><V33/><F33/><W0/><G0/><T96/><D72/><U13/><E29/><V100/><F100/><W31/><G31/><T30/><D102/><U115/><E48/><V2/><F2/><W27/><G134/><T130/><D30/><U21/><E51/><V131/><F131/><W101/><G101/><T90/><D103/><U45/><E45/><V73/><F73/><W126/><G126/><T57/><D130/><U69/><E69/><V18/><F106/><W118/><G118/><T5/><D104/><U91/><E84/><V38/><F38/><W108/><G123/><RYUUKYOKU ba="0,0" sc="275,-10,224,-10,246,30,255,-10" hai2="16,18,20,26,52,53,55,112,113,114" /><INIT seed="6,1,0,0,4,12" ten="265,214,276,245" oya="2" hai0="19,59,10,7,24,45,124,28,77,114,129,8,131" hai1="133,73,132,93,34,106,86,13,5,104,99,84,107" hai2="44,65,105,40,74,11,52,101,125,16,37,15,85" hai3="23,120,68,22,54,97,0,123,62,25,75,51,79"/><V91/><F74/><W108/><G0/><T26/><D77/><U33/><E5/><V96/><F125/><W69/><G108/><T90/><D124/><U43/><E43/><V88/><F65/><W117/><G117/><T27/><D114/><U118/><E118/><V67/><F67/><W57/><G23/><T42/><D59/><U4/><E4/><V58/><F85/><N who="1" m="32873" /><E13/><V60/><AGARI ba="1,0" hai="11,15,16,37,40,44,52,58,60,88,91,96,101,105" machi="60" ten="20,18000,2" yaku="0,1,7,1,52,1,54,3" doraHai="12" who="2" fromWho="2" sc="265,-61,214,-61,276,183,245,-61" /><INIT seed="6,2,0,3,2,77" ten="204,153,459,184" oya="2" hai0="112,56,87,32,51,41,73,117,25,111,85,54,34" hai1="65,104,4,7,6,28,74,14,40,88,22,18,10" hai2="103,11,108,31,122,29,99,109,57,68,97,118,94" hai3="39,120,48,24,3,92,43,113,26,90,76,46,0"/><V9/><F68/><W132/><G120/><T12/><D73/><U19/><E104/><V37/><F37/><W49/><G132/><T105/><D105/><U66/><E74/><V115/><F122/><W121/><G121/><T45/><D111/><U69/><E28/><V17/><F118/><W64/><G64/><N who="1" m="24682" /><E69/><V123/><F123/><W5/><G113/><T30/><D112/><U67/><N who="1" m="24690" /><U58/><DORA hai="33" /><E40/><V82/><F115/><W36/><G76/><T101/><D101/><U71/><E71/><V116/><F116/><W130/><G130/><T110/><D110/><U91/><E58/><V16/><F57/><W89/><G5/><N who="1" m="1282" /><U100/><DORA hai="75" /><E100/><V125/><F103/><W95/><G46/><T47/><D47/><U107/><E107/><V27/><F31/><W21/><G43/><T81/><D34/><U55/><E55/><V23/><F108/><W42/><G42/><T13/><D117/><U79/><E79/><V35/><F35/><W2/><G3/><T119/><D119/><U59/><E59/><V83/><F109/><W50/><G50/><T114/><D114/><U8/><E8/><N who="2" m="3147" /><F125/><W70/><G70/><T20/><D32/><U124/><E124/><V1/><F1/><W62/><G62/><T96/><D30/><U126/><E126/><V129/><F129/><W135/><G135/><T93/><D56/><U63/><E63/><V15/><F29/><W102/><G102/><T44/><D41/><U131/><E131/><V78/><F78/><W86/><G21/><T80/><D20/><U128/><E128/><V52/><F23/><RYUUKYOKU ba="2,0" sc="204,-15,153,15,459,-15,184,15" hai1="10,14,18,19,22,88,91" hai3="0,2,24,26,36,39,48,49,86,89,90,92,95" /><INIT seed="7,3,0,4,3,5" ten="189,168,444,199" oya="3" hai0="29,91,1,102,119,33,130,32,46,109,28,3,128" hai1="9,53,82,49,115,122,48,78,71,117,112,107,36" hai2="133,124,38,34,135,93,6,95,132,21,108,104,31" hai3="134,120,10,110,85,126,94,47,90,35,58,121,99"/><W39/><G35/><N who="0" m="13387" /><D102/><U88/><E122/><V50/><F104/><W27/><G126/><T45/><D91/><U23/><E36/><V100/><F38/><W89/><G134/><T86/><D86/><N who="1" m="50263" /><E71/><V113/><F34/><W41/><G110/><T8/><D119/><U18/><E117/><V55/><F113/><N who="1" m="43593" /><E107/><V56/><F124/><W77/><G77/><T69/><D69/><U52/><E9/><V20/><F108/><W7/><G27/><T30/><D109/><U51/><E78/><V65/><F65/><W2/><REACH who="3" step="1"/><G58/><REACH who="3" ten="189,168,444,189" step="2"/><T106/><D128/><U67/><E67/><V123/><F123/><W40/><G40/><T125/><D130/><U42/><E42/><V24/><F24/><AGARI ba="3,1" hai="18,23,24,48,49,51,52,53" m="43593,50263" machi="24" ten="30,3900,0" yaku="15,1,54,2" doraHai="5" who="1" fromWho="2" sc="189,0,168,58,444,-48,189,0" owari="189,-21.0,226,3.0,396,49.0,189,-31.0" /></mjloggm>