<mjloggm ver="2.3"><GO type="169" lobby="0"/><UN n0="%E3%81%97%E3%82%83%E3%81%8F%E3%81%98%E3%83%BC" n1="%E3%82%B5%E3%82%A6%E3%83%AA%E3%83%BC" n2="%6E%65%77%E3%81%9F%E3%81%91%E3%81%93%E3%81%9E%E3%81%86" n3="%E3%83%88%E3%83%88%E3%83%AA%E5%85%88%E7%94%9F%31%39%E6%AD%B3" dan="16,16,16,18" rate="2093.16,2116.48,2134.82,2293.40" sx="M,M,M,F"/><TAIKYOKU oya="0"/><INIT seed="0,0,0,4,0,60" ten="250,250,250,250" oya="0" hai0="63,70,0,96,43,17,40,28,71,128,120,33,100" hai1="98,82,106,121,130,56,92,23,34,53,79,15,85" hai2="44,113,38,42,45,73,13,21,48,51,31,117,86" hai3="118,78,90,62,107,99,18,50,119,2,49,126,64"/><T93/><D0/><U87/><E130/><V20/><F73/><W72/><G2/><T5/><D5/><U32/><E121/><V66/><F113/><W11/><G126/><T133/><D120/><U81/><E106/><V12/><F117/><W54/><G50/><T108/><D128/><U132/><E132/><V110/><F110/><W111/><G111/><T127/><D108/><U125/><E125/><V67/><F38/><W101/><G90/><T91/><D127/><U74/><E74/><V25/><F86/><W8/><G78/><T14/><D133/><U122/><E122/><V124/><F124/><W88/><G72/><T24/><D71/><U39/><E39/><V22/><F12/><W68/><G18/><T135/><D135/><U52/><E32/><V116/><F116/><W77/><G77/><T83/><D83/><U105/><E34/><V19/><F21/><W16/><G8/><T55/><D91/><U29/><E105/><V41/><AGARI ba="0,0" hai="13,19,20,22,25,31,41,42,44,45,48,51,66,67" machi="41" ten="20,12000,2" yaku="0,1,7,1,9,1,8,1,52,2" doraHai="60" who="2" fromWho="2" sc="250,-60,250,-30,250,120,250,-30" /><INIT seed="1,0,0,1,1,21" ten="190,220,370,220" oya="1" hai0="134,125,124,5,93,50,60,101,113,96,0,57,83" hai1="12,106,114,123,74,86,20,104,82,59,51,102,1" hai2="95,122,73,13,88,63,110,116,100,6,40,68,77" hai3="75,30,109,84,85,15,8,103,54,97,27,3,89"/><U105/><E114/><V115/><F122/><W2/><G75/><T129/><D113/><U67/><E123/><V36/><F116/><W135/><G109/><T46/><D134/><U61/><E1/><V55/><F115/><W33/><G135/><T72/><D129/><U130/><E130/><V11/><F100/><W133/><G54/><T34/><D34/><U120/><E120/><V41/><F110/><W19/><G133/><T14/><D0/><U56/><E74/><V42/><F77/><W45/><G45/><T44/><D83/><U112/><E112/><V26/><F26/><W81/><REACH who="3" step="1"/><G85/><REACH who="3" ten="190,220,370,210" step="2"/><T90/><D72/><U53/><E102/><V17/><F73/><W48/><G48/><T24/><D101/><U22/><REACH who="1" step="1"/><E12/><REACH who="1" ten="190,210,370,210" step="2"/><V108/><F108/><W37/><G37/><T4/><D14/><U28/><E28/><V7/><F36/><W25/><G25/><T58/><D24/><U80/><E80/><V35/><F13/><W91/><G91/><AGARI ba="0,2" hai="20,22,51,53,56,59,61,67,82,86,91,104,105,106" machi="91" ten="40,2000,0" yaku="1,1,53,0" doraHai="21" doraHaiUra="43" who="1" fromWho="3" sc="190,0,210,40,370,0,210,-20" /><INIT seed="1,1,0,4,5,130" ten="190,250,370,190" oya="1" hai0="80,8,39,25,18,84,83,2,78,16,51,47,32" hai1="56,30,63,76,50,70,11,72,101,135,124,121,7" hai2="23,5,55,9,123,106,128,31,40,99,22,117,67" hai3="116,10,81,38,69,41,82,107,95,103,61,97,126"/><U129/><E121/><V110/><F123/><W90/><G126/><T68/><D68/><U102/><E124/><V21/><F117/><W96/><G116/><T14/><D39/><U34/><E129/><V33/><F128/><W115/><G115/><T93/><D2/><U73/><E70/><V37/><F110/><W127/><G127/><T24/><D32/><U65/><E135/><V91/><F67/><W48/><G38/><T92/><D83/><U20/><E34/><V26/><F55/><W122/><G122/><T89/><D18/><U75/><E76/><V28/><F40/><W134/><G10/><T118/><D118/><U114/><E114/><V35/><F37/><W108/><G108/><T59/><D59/><U66/><E66/><V77/><F91/><W74/><G61/><T1/><D1/><U105/><E105/><V119/><F77/><N who="3" m="44215" /><G69/><T113/><D113/><U79/><E79/><V94/><F94/><N who="0" m="36458" /><D78/><U132/><E132/><V29/><F99/><N who="3" m="61951" /><G48/><T88/><D89/><U58/><E30/><N who="2" m="11883" /><F106/><W6/><G82/><T49/><D49/><U111/><E111/><V15/><F119/><W53/><G96/><T112/><D112/><U45/><E58/><V54/><F54/><AGARI ba="1,0" hai="8,14,16,24,25,47,51,54,80,84,88" m="36458" machi="54" ten="30,7700,0" yaku="25,1,8,1,54,2" doraHai="130" who="0" fromWho="2" sc="190,80,250,0,370,-80,190,0" /><INIT seed="2,0,0,3,3,120" ten="270,250,290,190" oya="2" hai0="81,19,66,97,115,108,9,4,87,68,7,126,58" hai1="48,96,51,34,25,85,75,43,14,2,40,60,56" hai2="110,84,80,0,88,111,77,59,107,92,67,35,26" hai3="63,17,37,8,54,104,16,18,23,27,74,82,109"/><V44/><F107/><W3/><G104/><T36/><D68/><U124/><E124/><V130/><F0/><W32/><G37/><T90/><D36/><U31/><E75/><V1/><F1/><W21/><G74/><T102/><D115/><U71/><E2/><V11/><F130/><W55/><G82/><T106/><D126/><U6/><E71/><V132/><F132/><W69/><G109/><N who="2" m="41481" /><F44/><W29/><G69/><T135/><D135/><U57/><E96/><N who="2" m="57351" /><F11/><W52/><REACH who="3" step="1"/><G63/><REACH who="3" ten="270,250,290,180" step="2"/><T123/><D106/><U76/><E60/><N who="2" m="38303" /><F26/><W41/><G41/><T20/><D108/><U94/><E43/><V121/><F35/><W134/><G134/><T91/><D123/><AGARI ba="0,1" hai="77,80,84,121,123" m="38303,57351,41481" machi="123" ten="30,18000,2" yaku="14,1,10,1,52,3,54,1" doraHai="120" who="2" fromWho="0" sc="270,-180,250,0,290,190,180,0" /><INIT seed="2,1,0,1,2,39" ten="90,250,480,180" oya="2" hai0="35,3,99,63,116,65,114,12,24,54,13,112,95" hai1="23,113,61,108,132,84,110,88,82,75,127,69,31" hai2="66,104,131,56,9,10,126,121,44,41,129,86,43" hai3="71,40,21,38,73,0,46,57,2,58,64,7,6"/><V17/><F104/><W101/><G73/><T67/><D3/><U68/><E113/><V94/><F121/><W92/><G71/><T5/><D116/><U29/><E127/><V122/><F126/><W55/><G21/><T59/><D5/><U133/><E75/><V50/><F122/><W93/><G64/><T105/><D105/><U111/><E23/><V134/><F134/><N who="1" m="51817" /><E61/><N who="2" m="38183" /><F17/><W37/><G46/><T85/><D114/><U72/><E72/><V51/><F129/><W48/><G48/><T74/><D74/><U76/><E76/><V42/><F131/><W33/><G55/><T118/><D118/><U90/><E90/><N who="2" m="53591" /><F51/><W123/><G101/><T53/><D112/><U107/><E107/><V109/><F109/><W91/><G91/><T100/><D85/><U119/><E119/><V62/><F62/><W30/><G123/><T128/><D128/><U106/><E106/><V1/><F1/><W117/><G117/><T49/><D35/><U80/><E80/><V98/><F98/><W83/><G83/><T25/><D67/><U102/><E102/><V27/><F27/><N who="0" m="10314" /><D65/><U4/><E4/><V32/><F32/><W11/><G33/><T81/><D81/><U22/><E22/><V8/><AGARI ba="1,0" hai="8,9,10,41,42,43,44,50" m="53591,38183" machi="8" ten="30,11700,0" yaku="8,1,52,3" doraHai="39" who="2" fromWho="2" sc="90,-40,250,-40,480,120,180,-40" /><INIT seed="2,2,0,4,0,48" ten="50,210,600,140" oya="2" hai0="59,45,127,98,112,64,24,90,31,34,21,38,22" hai1="4,30,70,96,92,35,84,106,16,100,79,85,56" hai2="54,88,125,28,116,5,44,94,66,69,74,101,67" hai3="3,58,93,33,39,27,87,123,108,52,117,9,50"/><V17/><F116/><W126/><G117/><T62/><D112/><U13/><E70/><V103/><F74/><W68/><G123/><T111/><D111/><U11/><E35/><V36/><F125/><W55/><G39/><T99/><D127/><U120/><E30/><V129/><F36/><W109/><G126/><T26/><D34/><U46/><E120/><V121/><F121/><W42/><G68/><T82/><D38/><U102/><E79/><V6/><F28/><N who="3" m="19615" /><G42/><T89/><D45/><U32/><E32/><V43/><F43/><W65/><G93/><T75/><D75/><U25/><E102/><V20/><F103/><W29/><G87/><N who="0" m="50423" /><D90/><U118/><E106/><V7/><F101/><W76/><G76/><T15/><D15/><U80/><E118/><V40/><F40/><W63/><G29/><AGARI ba="2,0" hai="21,22,24,26,29,31,59,62,64,98,99" m="50423" machi="29" ten="30,1000,0" yaku="8,1" doraHai="48" who="0" fromWho="3" sc="50,16,210,0,600,0,140,-16" /><INIT seed="3,0,0,4,2,101" ten="66,210,600,124" oya="3" hai0="21,55,50,4,112,23,76,40,52,78,18,20,117" hai1="120,59,69,1,103,49,48,11,56,25,39,99,68" hai2="71,105,121,85,33,35,54,14,114,102,28,19,113" hai3="100,13,15,2,75,67,133,6,41,31,84,61,93"/><W45/><G75/><T43/><D117/><U3/><E120/><V123/><F71/><W124/><G133/><T53/><D112/><U104/><E39/><V135/><F135/><W62/><G124/><T60/><D4/><U126/><E126/><V92/><F54/><W80/><G31/><T79/><D60/><U12/><E68/><V109/><F109/><W10/><G93/><T34/><D34/><U29/><E69/><V127/><F127/><W131/><G100/><T83/><D50/><U108/><E108/><V95/><F85/><W36/><G131/><T118/><D118/><U65/><E1/><V119/><F119/><W44/><G44/><T128/><D128/><U66/><E3/><V70/><F70/><W74/><G84/><T91/><D18/><U107/><E107/><V77/><F77/><N who="3" m="44087" /><G67/><T122/><D122/><N who="2" m="46602" /><F105/><W38/><G38/><T88/><D83/><U63/><E59/><V8/><F102/><W87/><G87/><T82/><D82/><U30/><E65/><V106/><F106/><W132/><G132/><T98/><D98/><U51/><REACH who="1" step="1"/><E25/><REACH who="1" ten="66,200,600,124" step="2"/><V16/><F113/><W94/><G2/><T9/><REACH who="0" step="1"/><D9/><REACH who="0" ten="56,200,600,124" step="2"/><U89/><E89/><AGARI ba="0,2" hai="20,21,23,40,43,52,53,55,76,78,79,88,89,91" machi="89" ten="50,16000,3" yaku="1,1,2,1,29,2,28,2,8,1,54,2,53,0" doraHai="101" doraHaiUra="46" who="0" fromWho="1" sc="56,180,200,-160,600,0,124,0" /><INIT seed="4,0,0,3,0,120" ten="236,40,600,124" oya="0" hai0="108,71,87,34,21,94,37,19,79,104,99,24,36" hai1="98,28,9,93,63,70,29,48,111,11,132,95,6" hai2="122,73,118,5,66,50,54,75,80,62,85,2,105" hai3="22,88,126,33,134,107,18,59,60,7,128,67,45"/><T35/><D71/><U123/><E123/><V53/><F122/><W64/><G107/><T40/><D104/><U49/><E132/><V83/><F105/><W130/><G33/><T81/><D40/><U89/><E111/><V101/><F101/><W69/><G134/><T31/><D108/><U91/><E70/><V47/><F118/><W39/><G126/><T13/><REACH who="0" step="1"/><D34/><REACH who="0" ten="226,40,600,124" step="2"/><U127/><E127/><V77/><F73/><W84/><G69/><T16/><D16/><U27/><E63/><V72/><F72/><W51/><G7/><T124/><D124/><U78/><E78/><V112/><F75/><W106/><G106/><T3/><D3/><U55/><E29/><V4/><F2/><W109/><G109/><T42/><D42/><U17/><E17/><V103/><F77/><W74/><G74/><T57/><D57/><U110/><E110/><V102/><F4/><W121/><G121/><T125/><D125/><U8/><E6/><V56/><F5/><W58/><G58/><T12/><D12/><U65/><E65/><V26/><F66/><W1/><G1/><T114/><D114/><U0/><E0/><V117/><F112/><W61/><G61/><T100/><AGARI ba="0,1" hai="13,19,21,24,31,35,36,37,79,81,87,94,99,100" machi="100" ten="20,7800,0" yaku="1,1,0,1,7,1,53,1" doraHai="120" doraHaiUra="96" who="0" fromWho="0" sc="226,88,40,-26,600,-26,124,-26" /><INIT seed="4,1,0,0,2,125" ten="314,14,574,98" oya="0" hai0="63,39,17,83,108,3,8,105,36,27,44,33,57" hai1="28,40,104,60,21,46,16,34,25,61,81,20,29" hai2="0,12,122,113,96,101,1,42,118,106,5,67,100" hai3="86,99,9,124,107,19,6,64,102,13,95,78,111"/><T72/><D105/><U103/><E21/><V18/><F122/><W126/><G111/><T76/><D108/><U55/><E28/><V85/><F101/><W30/><G64/><T130/><D44/><U116/><E116/><V87/><F118/><W68/><G68/><T66/><D130/><U88/><E104/><V98/><F67/><W121/><G121/><T127/><D127/><N who="3" m="48681" /><G30/><T15/><REACH who="0" step="1"/><D3/><REACH who="0" ten="304,14,574,98" step="2"/><U65/><E103/><V54/><F100/><W128/><G128/><T77/><D77/><U134/><E134/><V38/><F106/><W56/><G78/><T117/><D117/><U90/><E55/><V132/><F54/><W48/><G107/><T89/><D89/><U135/><E135/><V120/><F0/><W50/><G102/><T80/><D80/><U7/><E81/><V91/><F1/><W47/><G47/><T14/><D14/><U74/><E74/><V82/><F91/><W75/><G13/><T73/><D73/><U93/><E90/><V32/><F12/><W70/><G75/><T115/><D115/><U10/><E65/><V41/><F82/><W43/><G43/><T71/><D71/><U4/><E46/><V131/><F41/><W59/><G70/><T119/><D119/><U45/><E45/><V52/><F42/><W97/><G59/><T110/><D110/><U35/><E40/><V94/><F131/><W123/><G56/><T11/><D11/><U49/><E88/><V62/><F113/><W133/><G133/><T114/><D114/><U24/><E10/><V79/><F132/><W109/><G109/><T2/><D2/><RYUUKYOKU ba="1,1" sc="304,30,14,-10,574,-10,98,-10" hai0="8,15,17,27,33,36,39,57,63,66,72,76,83" /><INIT seed="4,2,1,2,5,15" ten="334,4,564,88" oya="0" hai0="7,66,4,74,130,98,2,87,8,121,73,112,30" hai1="107,33,119,22,48,14,89,29,43,97,17,85,103" hai2="20,115,102,88,56,122,123,42,55,78,93,79,108" hai3="128,118,37,81,49,84,71,57,19,105,21,91,5"/><T28/><D121/><U67/><E119/><V40/><F108/><W124/><G118/><T126/><D66/><U116/><E116/><V63/><F115/><W1/><G71/><T45/><D112/><U38/><E38/><V95/><F122/><W64/><G37/><T72/><D130/><U11/><E33/><V125/><F125/><W82/><G105/><T25/><D98/><U9/><E67/><V61/><F61/><N who="3" m="37935" /><G1/><T60/><D60/><U133/><E133/><V39/><F39/><W106/><G106/><T35/><D87/><U62/><E62/><V131/><F131/><W51/><G5/><T132/><D45/><U59/><E29/><V13/><F102/><W120/><G124/><T26/><D4/><U111/><E111/><V75/><F75/><W18/><G128/><T80/><D126/><U134/><E134/><V23/><F93/><N who="3" m="54503" /><G18/><T27/><D132/><U53/><E43/><N who="2" m="16427" /><F123/><W127/><G127/><T34/><REACH who="0" step="1"/><D26/><REACH who="0" ten="324,4,564,88" step="2"/><U58/><E58/><V99/><F63/><W47/><G120/><T129/><D129/><U90/><E90/><V101/><F88/><W50/><G47/><T83/><AGARI ba="2,2" hai="2,7,8,25,27,28,30,34,35,72,73,74,80,83" machi="83" ten="40,7800,0" yaku="1,1,0,1,9,1,53,0" doraHai="15" doraHaiUra="10" who="0" fromWho="0" sc="324,104,4,-28,564,-28,88,-28" owari="428,23.0,-24,-52.0,536,63.0,60,-34.0" /></mjloggm>