<mjloggm ver="2.3"><GO type="169" lobby="0"/><UN n0="%4D%E5%B8%9D%E2%85%A2" n1="%E3%81%8B%E3%82%89%E3%83%BC%E3%81%9C" n2="%E9%87%8E%E3%80%85%E5%AE%AE%E8%97%8D" n3="%E3%82%A6%E3%83%AB%E3%83%88%E3%83%A9%E7%AB%8B%E7%9B%B4" dan="16,16,16,18" rate="2111.98,2134.60,2044.87,2211.33" sx="M,M,F,M"/><TAIKYOKU oya="0"/><INIT seed="0,0,0,0,1,96" ten="250,250,250,250" oya="0" hai0="46,106,43,84,37,75,80,20,41,117,98,116,17" hai1="62,115,4,50,91,134,45,54,32,8,111,135,29" hai2="74,26,102,0,88,33,67,73,69,61,30,103,19" hai3="57,133,28,129,76,81,15,114,3,42,130,78,10"/><T13/><D43/><U131/><E111/><V105/><F19/><W53/><G3/><T104/><D75/><N who="2" m="28682" /><F88/><W107/><G107/><T132/><D132/><U48/><E131/><V77/><F102/><W49/><G114/><T89/><REACH who="0" step="1"/><D98/><REACH who="0" ten="240,250,250,250" step="2"/><U56/><E135/><V55/><F77/><W97/><G97/><T6/><D6/><U7/><E7/><V47/><F105/><AGARI ba="0,1" hai="13,17,20,37,41,46,80,84,89,104,105,106,116,117" machi="105" ten="40,3900,0" yaku="1,1,53,1" doraHai="96" doraHaiUra="79" who="0" fromWho="2" sc="240,49,250,0,250,-39,250,0" /><INIT seed="0,1,0,4,2,126" ten="289,250,211,250" oya="0" hai0="4,108,111,66,37,35,87,77,118,74,14,42,29" hai1="48,97,38,135,51,65,58,10,7,123,15,85,132" hai2="12,9,50,81,32,28,17,134,117,88,89,26,95" hai3="16,119,20,21,69,75,91,44,25,3,2,102,78"/><T133/><D74/><U113/><E123/><V36/><F134/><W62/><G119/><T100/><D133/><U67/><E38/><V22/><F117/><W27/><G102/><T39/><D100/><U8/><E97/><V110/><F110/><N who="0" m="42026" /><D66/><U24/><E113/><V54/><F36/><W46/><G78/><T31/><D39/><U63/><E24/><V124/><F124/><W43/><G75/><T92/><D35/><U94/><E67/><V60/><F60/><W59/><G69/><T73/><D73/><U33/><E33/><V82/><F32/><W105/><G105/><T57/><D57/><U30/><E30/><V120/><F120/><W70/><G70/><T34/><D34/><U1/><E135/><V71/><F71/><W55/><G46/><T131/><D14/><U125/><E125/><V68/><F68/><W40/><G44/><T72/><D4/><U107/><E107/><V49/><F89/><W104/><G104/><T61/><D61/><U11/><E132/><V76/><F76/><W106/><G106/><T116/><D72/><U99/><E85/><N who="2" m="52623" /><F49/><N who="1" m="19017" /><E1/><V19/><F28/><W129/><G2/><T109/><D118/><U90/><AGARI ba="1,0" hai="7,8,10,11,15,58,63,65,90,94,99" m="19017" machi="90" ten="30,1100,0" yaku="8,1" doraHai="126" who="1" fromWho="1" sc="289,-6,250,14,211,-4,250,-4" /><INIT seed="1,0,0,1,1,11" ten="283,264,207,246" oya="1" hai0="62,119,102,35,27,76,133,24,26,68,32,79,75" hai1="16,59,90,10,9,125,109,31,73,20,127,94,46" hai2="111,91,60,87,121,83,17,53,116,61,45,124,115" hai3="120,37,114,42,2,85,50,118,67,69,23,112,96"/><U22/><E73/><V29/><F116/><W82/><G2/><T36/><D119/><U13/><E109/><V49/><F121/><W25/><G120/><T71/><D36/><U65/><E46/><V47/><F111/><W5/><G37/><T80/><D79/><U4/><E31/><V15/><F115/><W101/><G118/><T41/><D41/><U3/><E65/><V30/><F47/><W126/><G5/><T8/><D102/><U77/><E59/><V131/><F131/><W117/><G117/><T97/><D97/><U108/><E77/><V123/><F123/><W84/><G84/><T43/><D43/><U104/><E104/><V100/><F100/><W38/><G38/><T135/><D8/><U132/><E108/><V66/><F124/><N who="1" m="47689" /><E132/><N who="0" m="50761" /><D62/><N who="2" m="24170" /><F66/><W19/><G67/><T110/><D110/><U88/><E90/><V51/><F51/><W12/><G50/><T33/><AGARI ba="0,0" hai="24,26,27,32,33,35,68,71,75,76,80" m="50761" machi="33" ten="40,1500,0" yaku="20,1" doraHai="11" who="0" fromWho="0" sc="283,15,264,-7,207,-4,246,-4" /><INIT seed="2,0,0,3,1,79" ten="298,257,203,242" oya="2" hai0="119,51,96,130,17,9,68,7,99,90,95,22,89" hai1="64,13,42,21,98,94,134,11,24,113,62,34,39" hai2="132,80,63,28,1,77,88,103,47,116,93,45,121" hai3="107,0,70,31,100,36,110,72,117,44,74,12,35"/><V105/><F116/><W131/><RYUUKYOKU type="yao9" ba="0,0" sc="298,0,257,0,203,0,242,0" hai3="0,12,31,35,36,44,70,72,74,100,107,110,117,131" /><INIT seed="2,1,0,3,3,9" ten="298,257,203,242" oya="2" hai0="83,76,70,134,66,53,78,42,62,35,121,110,19" hai1="103,47,27,33,7,117,128,4,71,17,104,106,24" hai2="58,67,118,64,29,112,3,115,50,91,52,57,135" hai3="69,88,34,122,21,22,23,93,84,79,105,127,77"/><V108/><F3/><W36/><G122/><T40/><D35/><U26/><E71/><V45/><F29/><W20/><G127/><T46/><D121/><U132/><E33/><V16/><F118/><W63/><G34/><T13/><D134/><U39/><E117/><V8/><F135/><W2/><G2/><T125/><D110/><U51/><E39/><V119/><F119/><W124/><G124/><T68/><D68/><U72/><E72/><V65/><F108/><W120/><G120/><T126/><D78/><U61/><E132/><V30/><F30/><W14/><G36/><T43/><D53/><U48/><E61/><V123/><F123/><W25/><G105/><T92/><D92/><U6/><E128/><V100/><F100/><W59/><G69/><T49/><D126/><U1/><E1/><V85/><F112/><W80/><G80/><T0/><D0/><U97/><E106/><V28/><F28/><N who="3" m="17447" /><G14/><T12/><D12/><U74/><E74/><V98/><F98/><W96/><G84/><T113/><D113/><U44/><REACH who="1" step="1"/><E17/><REACH who="1" ten="298,247,203,242" step="2"/><V38/><F38/><W55/><AGARI ba="1,1" hai="21,22,23,55,59,63,77,79,88,93,96" m="17447" machi="55" ten="30,2000,0" yaku="8,1,54,1" doraHai="9" who="3" fromWho="3" sc="298,-6,247,-6,203,-11,242,33" /><INIT seed="3,0,0,4,3,39" ten="292,241,192,275" oya="3" hai0="87,107,26,51,98,47,86,54,45,18,64,95,82" hai1="53,15,5,63,130,97,34,93,109,32,24,57,40" hai2="76,108,110,46,129,127,9,1,30,78,36,11,70" hai3="42,13,7,115,49,44,48,55,14,112,125,68,94"/><W123/><G7/><T12/><D107/><U81/><E109/><N who="2" m="42091" /><F70/><W43/><G94/><T71/><D26/><U100/><E130/><V61/><F129/><W29/><G29/><T120/><D120/><U41/><E81/><V84/><F30/><W80/><G80/><T90/><D71/><U31/><REACH who="1" step="1"/><E32/><REACH who="1" ten="292,231,192,275" step="2"/><V113/><F113/><W118/><G123/><T58/><D64/><U85/><E85/><V104/><F84/><W59/><G115/><T79/><REACH who="0" step="1"/><D98/><REACH who="0" ten="282,231,192,275" step="2"/><U101/><E101/><V128/><F128/><W10/><G112/><T92/><D92/><U114/><E114/><V4/><F104/><W106/><G106/><T96/><D96/><U35/><E35/><V6/><F127/><W50/><G125/><T121/><D121/><U72/><E72/><V83/><F83/><W22/><G118/><T124/><D124/><U0/><E0/><N who="2" m="135" /><F78/><W66/><G66/><T73/><D73/><U126/><E126/><V134/><F76/><W74/><G74/><T60/><D60/><U23/><E23/><AGARI ba="0,2" hai="12,18,23,45,47,51,54,58,79,82,86,87,90,95" machi="23" ten="30,8000,1" yaku="1,1,7,1,25,2,8,1,53,0" doraHai="39" doraHaiUra="131" who="0" fromWho="1" sc="282,100,231,-80,192,0,275,0" /><INIT seed="4,0,0,1,2,68" ten="382,151,192,275" oya="0" hai0="52,133,80,135,50,101,115,10,31,15,69,120,33" hai1="84,37,38,108,118,124,16,96,43,41,4,27,21" hai2="129,62,121,48,98,26,106,116,105,99,0,44,11" hai3="32,46,109,87,110,71,35,125,111,18,93,131,94"/><T73/><D69/><U63/><E118/><V112/><F121/><W8/><G71/><T78/><D120/><U95/><E108/><V114/><F116/><W92/><G131/><T104/><D115/><N who="2" m="44074" /><F62/><W83/><G125/><T61/><D61/><U29/><E124/><V40/><F26/><W76/><G46/><T102/><D31/><U117/><E117/><V60/><F60/><W12/><AGARI ba="0,0" hai="8,12,18,32,35,76,83,87,92,93,94,109,110,111" machi="12" ten="40,1500,0" yaku="0,1" doraHai="68" who="3" fromWho="3" sc="382,-7,151,-4,192,-4,275,15" /><INIT seed="5,0,0,1,5,67" ten="375,147,188,290" oya="1" hai0="80,8,59,135,76,90,10,53,31,58,21,29,6" hai1="70,83,37,95,24,18,43,65,131,105,102,87,75" hai2="116,100,74,61,25,93,49,54,99,106,97,88,77" hai3="2,15,23,19,114,121,55,33,36,115,40,35,132"/><U14/><E105/><V5/><F116/><W16/><G40/><T117/><D90/><U119/><E119/><V133/><F133/><W57/><G36/><T109/><D109/><U51/><E75/><V60/><F5/><W12/><G2/><T30/><D135/><U94/><E131/><V120/><F120/><W26/><G132/><T32/><D32/><N who="3" m="12361" /><G57/><T101/><D101/><U103/><E37/><V128/><F128/><W72/><G55/><T134/><D134/><U104/><E24/><V62/><F25/><W47/><G47/><T17/><D59/><U89/><E104/><V22/><F22/><N who="3" m="11551" /><G72/><T124/><D53/><U127/><E127/><V112/><F74/><W81/><G81/><T71/><D124/><U4/><E4/><V82/><F82/><W69/><G69/><T85/><D71/><U44/><E65/><V7/><F77/><W91/><G91/><T64/><D6/><U129/><E70/><V41/><F41/><W48/><G48/><T50/><D50/><U98/><E129/><V123/><F7/><W1/><G1/><T84/><D84/><U96/><E18/><V68/><F68/><W34/><G121/><T86/><D86/><U0/><E0/><V79/><F79/><W9/><N who="3" m="12369" /><W38/><DORA hai="3" /><G38/><T125/><D125/><U108/><REACH who="1" step="1"/><E108/><REACH who="1" ten="375,137,188,290" step="2"/><V39/><F39/><W113/><G113/><T111/><D111/><U27/><E27/><V11/><F112/><W110/><G110/><T130/><D117/><U52/><E52/><V78/><F123/><W42/><G42/><T56/><D130/><U66/><E66/><RYUUKYOKU ba="0,1" sc="375,-15,137,15,188,-15,290,15" hai1="14,43,44,51,83,87,89,94,95,96,98,102,103" hai3="9,12,19,23,26,114,115" /><INIT seed="5,1,1,0,1,53" ten="360,152,173,305" oya="1" hai0="118,48,120,70,116,9,84,88,47,28,113,40,2" hai1="80,91,110,32,67,7,75,81,21,103,72,60,114" hai2="23,87,12,62,90,101,112,8,122,115,41,128,0" hai3="99,6,1,89,134,4,83,76,24,58,18,15,56"/><U121/><E121/><V111/><F111/><W131/><G131/><T74/><D74/><U52/><E32/><V109/><F109/><W97/><G134/><T65/><D113/><N who="2" m="43594" /><F122/><W55/><G1/><T50/><D28/><U42/><E114/><V45/><F128/><W100/><G24/><T124/><D124/><U71/><E110/><V49/><F101/><W135/><G89/><T86/><D86/><U119/><E119/><V35/><F35/><W43/><G43/><T82/><D120/><U26/><E42/><V63/><F23/><W106/><G99/><T13/><D2/><U129/><E129/><V85/><F0/><W69/><G69/><T68/><D50/><U96/><E7/><N who="2" m="3103" /><F87/><W20/><G135/><T29/><D118/><U14/><E14/><V37/><F37/><W54/><G6/><T130/><D130/><U3/><E3/><V79/><F79/><W31/><G4/><T133/><D133/><U104/><E52/><V77/><F77/><W19/><G55/><T17/><D116/><U98/><E98/><V127/><F127/><W10/><G54/><T51/><D51/><U36/><E36/><V30/><F30/><W46/><G31/><T108/><D29/><U27/><E27/><V92/><AGARI ba="1,1" hai="41,45,49,62,63,85,90,92" m="3103,43594" machi="92" ten="30,2000,0" yaku="15,1,11,1" doraHai="53" who="2" fromWho="2" sc="360,-6,152,-11,173,33,305,-6" /><INIT seed="6,0,0,0,0,79" ten="354,141,206,299" oya="2" hai0="94,86,70,42,120,121,14,81,125,46,105,15,44" hai1="84,47,127,110,61,78,11,24,66,135,98,45,5" hai2="133,17,23,60,102,95,116,40,103,69,97,27,99" hai3="118,41,124,10,28,93,35,32,19,89,123,33,92"/><V67/><F133/><W134/><G118/><T4/><D70/><U59/><E110/><V131/><F131/><W109/><G123/><T26/><D105/><U112/><E112/><V100/><F116/><W101/><G109/><T64/><D64/><U85/><E127/><V71/><F40/><W68/><G68/><T65/><D65/><U117/><E117/><V34/><F71/><W55/><G41/><T104/><D104/><U62/><E135/><V38/><F38/><W87/><G124/><T12/><D125/><U39/><E62/><V129/><F129/><W20/><G10/><T3/><D94/><U8/><E39/><V77/><F34/><W1/><G1/><T54/><D26/><U9/><E5/><V49/><F49/><W57/><G28/><T30/><D30/><U43/><E98/><V91/><REACH who="2" step="1"/><F77/><REACH who="2" ten="354,141,196,299" step="2"/><W13/><G35/><T7/><D121/><U21/><E43/><V128/><F128/><W90/><G134/><T132/><D132/><U37/><E37/><V63/><F63/><W2/><G33/><T52/><D120/><U50/><E50/><V29/><F29/><W36/><G32/><T25/><D42/><U0/><E0/><V115/><F115/><W74/><G2/><T56/><D3/><U126/><E126/><V22/><F22/><W111/><G20/><T73/><D7/><U6/><E6/><V16/><F16/><W72/><G19/><T58/><D4/><U31/><REACH who="1" step="1"/><E78/><REACH who="1" ten="354,131,196,299" step="2"/><V107/><AGARI ba="0,2" hai="17,23,27,60,67,69,91,95,97,99,100,102,103,107" machi="107" ten="20,3900,0" yaku="1,1,0,1,7,1,53,0" doraHai="79" doraHaiUra="51" who="2" fromWho="2" sc="354,-13,131,-13,196,59,299,-13" /><INIT seed="6,1,0,0,2,5" ten="341,118,255,286" oya="2" hai0="100,121,122,84,111,131,78,99,123,75,17,120,54" hai1="127,46,96,71,72,55,102,112,52,49,48,45,128" hai2="42,67,124,105,47,108,92,81,68,76,133,26,7" hai3="82,14,33,60,57,70,115,129,58,94,36,106,41"/><V43/><F105/><W23/><G33/><T13/><D123/><U110/><E110/><V74/><F124/><W59/><G106/><T113/><D111/><U18/><E127/><V107/><F107/><W66/><G129/><T118/><D75/><U63/><E128/><V134/><F108/><W85/><G94/><T97/><D131/><U93/><E112/><V27/><F42/><W88/><G115/><T119/><D113/><U44/><E72/><V37/><F92/><W53/><G23/><T95/><D54/><U19/><REACH who="1" step="1"/><E44/><REACH who="1" ten="341,108,255,286" step="2"/><V135/><F7/><W24/><G70/><T130/><D130/><U109/><E109/><V28/><F28/><W83/><G59/><T6/><D6/><U79/><E79/><V31/><F31/><W39/><G58/><T126/><D126/><U3/><E3/><V98/><F74/><W90/><G57/><T101/><D78/><U61/><E61/><V69/><F76/><W15/><G60/><T38/><D122/><U40/><E40/><V65/><F69/><W9/><G41/><T50/><D121/><U0/><E0/><V91/><F68/><W116/><G116/><T80/><D120/><U103/><E103/><V89/><F47/><W117/><G117/><T25/><D101/><U132/><E132/><V62/><F62/><W16/><G90/><T51/><D100/><U2/><E2/><V22/><F133/><W56/><G88/><T20/><D119/><U8/><E8/><V87/><F134/><W29/><G9/><T114/><D118/><U86/><E86/><V11/><F135/><W35/><G29/><RYUUKYOKU ba="1,1" sc="341,-10,108,30,255,-10,286,-10" hai1="18,19,45,46,48,49,52,55,63,71,93,96,102" /><INIT seed="7,2,1,1,0,66" ten="331,138,245,276" oya="3" hai0="17,85,121,16,133,13,98,5,34,31,30,93,131" hai1="19,8,111,108,39,41,48,101,52,51,69,43,70" hai2="63,102,81,122,118,10,135,117,28,22,87,64,73" hai3="96,113,37,67,130,89,44,71,47,9,126,105,68"/><W56/><G9/><T53/><D133/><U7/><E19/><V3/><F73/><W54/><G67/><T104/><D131/><U92/><E92/><V94/><F135/><W45/><G37/><T33/><D104/><U74/><E101/><V58/><F122/><W88/><G113/><T77/><D5/><U134/><E74/><V11/><F3/><W116/><G116/><T65/><D17/><U35/><E35/><V72/><F72/><W83/><G126/><T57/><D65/><U84/><E84/><V127/><F127/><W129/><G83/><N who="0" m="47343" /><D33/><U29/><E29/><V124/><F124/><W36/><G36/><T112/><D34/><U91/><E91/><N who="3" m="34890" /><G96/><T75/><D75/><U80/><E80/><V42/><F42/><N who="1" m="15881" /><E8/><V99/><F118/><W114/><G105/><T103/><D121/><U82/><E82/><V119/><F119/><W60/><G114/><T32/><D32/><U97/><E7/><V25/><F117/><W123/><G123/><T109/><D109/><N who="1" m="42059" /><E97/><V15/><F15/><W50/><G130/><T21/><D112/><U106/><E106/><V18/><F18/><W76/><G76/><AGARI ba="2,1" hai="10,11,22,25,28,58,63,64,76,81,87,94,99,102" machi="76" ten="30,7700,0" yaku="7,1,25,2,8,1" doraHai="66" who="2" fromWho="3" sc="331,0,138,0,245,93,276,-83" owari="331,13.0,138,-36.0,338,44.0,193,-21.0" /></mjloggm>