<mjloggm ver="2.3"><GO type="169" lobby="0"/><UN n0="%6B%E3%81%AE%64%65%73%75" n1="%E7%82%AD%E9%85%B8%EF%BC%A0%E3%83%A9%E3%82%B9%E5%9B%9E%E9%81%BF" n2="%E5%B0%91%E5%A5%B3%E3%83%95%E3%82%A1%E3%82%A4%E3%83%88" n3="%E3%82%A6%E3%83%AB%E3%83%88%E3%83%A9%E7%AB%8B%E7%9B%B4" dan="16,16,16,16" rate="2093.26,2025.01,2099.77,2179.36" sx="M,M,F,M"/><TAIKYOKU oya="0"/><INIT seed="0,0,0,5,5,96" ten="250,250,250,250" oya="0" hai0="122,76,117,45,111,1,61,100,114,39,133,20,71" hai1="56,25,103,107,105,28,27,50,125,94,19,30,40" hai2="24,86,119,113,79,15,5,89,9,72,57,87,120" hai3="22,74,110,47,75,77,106,112,59,38,35,126,118"/><T60/><D20/><U11/><E125/><V78/><F72/><W116/><G59/><T130/><D76/><U8/><E19/><V95/><F120/><W115/><G47/><T32/><D60/><U17/><E17/><V44/><F113/><W80/><G22/><T10/><D61/><U23/><E94/><V13/><F119/><W3/><G80/><T109/><D10/><U18/><E18/><V82/><F15/><W69/><G77/><T12/><D100/><U42/><E56/><V88/><F44/><W2/><G2/><T49/><D12/><U4/><E50/><V104/><F104/><W132/><G75/><T123/><D49/><U99/><E107/><V37/><F37/><W41/><G41/><T81/><D81/><U16/><E30/><V92/><F57/><W55/><G55/><T70/><D45/><U26/><E11/><V68/><F68/><W101/><G101/><T21/><D21/><U90/><E90/><V0/><F0/><W7/><G7/><T64/><D64/><U124/><E124/><V85/><F24/><W108/><G108/><T129/><D122/><U33/><REACH who="1" step="1"/><E26/><REACH who="1" ten="250,240,250,250" step="2"/><V102/><F89/><W91/><G91/><T66/><D111/><U97/><E97/><N who="2" m="59711" /><F92/><W131/><G115/><T43/><D114/><U121/><E121/><AGARI ba="0,1" hai="3,35,38,69,74,106,110,112,116,118,121,126,131,132" machi="121" ten="0,32000,5" yakuman="47" doraHai="96" who="3" fromWho="1" sc="250,0,240,-320,250,0,250,330" owari="250,5.0,-80,-58.0,250,-15.0,580,68.0" /></mjloggm>