<mjloggm ver="2.3"><GO type="169" lobby="0"/><UN n0="%41%44%50" n1="%E3%83%AF%E3%83%B3%E3%82%BF%E3%83%B3%EF%BC%A0%E6%A8%AA%E6%B5%9C" n2="%50%6F%6B%65%70%6F%6B%65" n3="%E3%82%A6%E3%83%AB%E3%83%88%E3%83%A9%E7%AB%8B%E7%9B%B4" dan="17,16,16,17" rate="2113.12,2163.89,2104.72,2211.76" sx="M,M,M,M"/><TAIKYOKU oya="0"/><INIT seed="0,0,0,2,2,130" ten="250,250,250,250" oya="0" hai0="78,32,113,0,40,69,99,97,107,91,82,72,129" hai1="93,33,64,39,18,95,132,98,22,62,118,100,71" hai2="131,16,11,80,12,56,49,17,106,109,79,5,9" hai3="61,85,42,41,20,115,125,46,54,121,117,89,133"/><T13/><D0/><U92/><E118/><V76/><F109/><W3/><G3/><T75/><D32/><U30/><E39/><V36/><F36/><W134/><G117/><T35/><D35/><U111/><E111/><V50/><F131/><W6/><G6/><T63/><D129/><U84/><E33/><V105/><F76/><W77/><G77/><T14/><D113/><U81/><E30/><V43/><F17/><W55/><G115/><T52/><D40/><U51/><E51/><V126/><F126/><W2/><G2/><T47/><D75/><U37/><E37/><V7/><F7/><W58/><G125/><T27/><D27/><U114/><E114/><V103/><F56/><N who="3" m="34967" /><G20/><T65/><D91/><U123/><E123/><V128/><F128/><W86/><G46/><T28/><D28/><U15/><E132/><N who="3" m="50794" /><G121/><T59/><D47/><U60/><E62/><V87/><F5/><W73/><G73/><T120/><D120/><U48/><E48/><V31/><F49/><N who="3" m="31087" /><G86/><T101/><D99/><U104/><E84/><V53/><F87/><W4/><G4/><T83/><D83/><AGARI ba="0,0" hai="41,42,83,85,89" m="31087,50794,34967" machi="83" ten="30,7700,0" yaku="20,1,52,3" doraHai="130" who="3" fromWho="0" sc="250,-77,250,0,250,0,250,77" /><INIT seed="1,0,0,2,2,94" ten="173,250,250,327" oya="1" hai0="32,39,25,61,85,123,106,52,24,93,28,109,42" hai1="69,98,6,41,83,18,114,104,34,64,62,124,88" hai2="40,134,45,92,59,22,130,131,58,9,37,74,101" hai3="75,5,72,54,16,33,49,68,76,47,36,23,3"/><U44/><E114/><V102/><F74/><W1/><G68/><T110/><D123/><U30/><E124/><V14/><F134/><W125/><G33/><T89/><D106/><U60/><E6/><V38/><F38/><W43/><G125/><T21/><D42/><U15/><E62/><V113/><F22/><W48/><G54/><T121/><D39/><U12/><E18/><V0/><F0/><W51/><G76/><T10/><D10/><U46/><E44/><V29/><F29/><W132/><G132/><T27/><D121/><U80/><E83/><V66/><F113/><W13/><REACH who="3" step="1"/><G5/><REACH who="3" ten="173,250,250,317" step="2"/><T56/><REACH who="0" step="1"/><D32/><REACH who="0" ten="163,250,250,317" step="2"/><U100/><E34/><V4/><F40/><W65/><G65/><T81/><D81/><U115/><E115/><V79/><F66/><W78/><G78/><T82/><D82/><U26/><E80/><V87/><F79/><W19/><G19/><T73/><D73/><AGARI ba="0,2" hai="1,3,13,16,23,36,43,47,48,49,51,72,73,75" machi="73" ten="40,2600,0" yaku="1,1,54,1,53,0" doraHai="94" doraHaiUra="31" who="3" fromWho="0" sc="163,-26,250,0,250,0,317,46" /><INIT seed="2,0,0,3,5,73" ten="137,250,250,363" oya="2" hai0="47,110,120,58,75,128,117,115,84,2,126,7,108" hai1="114,113,14,81,9,61,88,50,17,31,64,46,25" hai2="69,8,60,135,40,124,49,1,89,90,52,70,43" hai3="111,21,131,54,77,57,85,96,112,107,18,5,83"/><V35/><BYE who="0" /><F124/><W109/><G5/><T78/><D78/><U3/><E3/><UN n0="%41%44%50" /><V6/><F35/><W116/><G116/><T66/><D84/><U42/><E81/><V59/><F135/><W32/><G131/><T45/><D58/><U55/><E55/><V79/><F79/><W93/><G107/><T22/><D22/><U0/><E0/><V20/><F20/><W11/><G11/><T37/><D66/><U121/><E121/><V38/><F38/><W76/><G32/><T133/><D45/><U123/><E123/><V62/><F62/><N who="3" m="36151" /><G112/><T101/><D101/><U97/><E97/><V53/><F43/><W13/><G111/><T34/><D47/><U65/><E88/><V23/><F23/><W71/><G71/><T94/><D94/><U41/><E41/><V127/><F127/><W98/><G109/><T99/><D99/><N who="3" m="37929" /><G93/><T29/><D29/><U129/><E129/><V92/><F40/><W16/><G18/><T68/><D7/><U15/><E14/><V103/><F103/><W100/><G100/><T119/><D119/><U82/><E82/><V4/><F4/><W87/><G87/><T118/><D118/><U12/><E12/><V26/><F92/><W74/><G74/><T33/><D33/><U30/><E31/><V19/><F19/><W24/><G13/><T56/><D56/><N who="1" m="36903" /><E65/><V36/><F36/><W67/><G67/><T28/><D28/><U44/><E46/><N who="2" m="27703" /><F26/><W104/><G104/><AGARI ba="0,0" hai="2,34,37,68,75,104,108,110,115,117,120,126,128,133" machi="104" ten="0,32000,5" yakuman="47" doraHai="73" who="0" fromWho="3" sc="137,320,250,0,250,0,363,-320" /><INIT seed="3,0,0,2,4,123" ten="457,250,250,43" oya="3" hai0="33,91,66,127,105,20,38,116,85,107,8,62,34" hai1="17,67,76,124,89,77,118,16,96,97,22,25,134" hai2="27,46,83,31,64,120,23,117,87,15,98,37,128" hai3="79,45,42,99,12,84,51,55,104,81,18,130,0"/><W9/><G130/><T50/><D116/><U113/><E113/><V121/><F117/><W92/><G104/><T32/><D38/><U70/><E118/><V86/><F128/><W21/><G0/><T39/><D39/><U95/><E124/><V30/><F64/><W75/><G75/><T106/><D127/><U26/><E134/><V101/><F31/><W54/><REACH who="3" step="1"/><G9/><REACH who="3" ten="457,250,250,33" step="2"/><T72/><D8/><U52/><E76/><V1/><F1/><W108/><G108/><T78/><D72/><U40/><E77/><V68/><F121/><W57/><G57/><T43/><D78/><U28/><E70/><V61/><F68/><W82/><G82/><T2/><D2/><U29/><E95/><V60/><F83/><W88/><AGARI ba="0,1" hai="12,18,21,42,45,51,54,55,79,81,84,88,92,99" machi="88" ten="20,18000,2" yaku="1,1,0,1,7,1,8,1,54,1,53,1" doraHai="123" doraHaiUra="11" who="3" fromWho="3" sc="457,-60,250,-60,250,-60,33,190" /><INIT seed="3,1,0,5,0,129" ten="397,190,190,223" oya="3" hai0="128,21,109,0,5,85,33,51,121,87,118,80,126" hai1="76,18,124,74,3,105,20,17,54,73,68,55,10" hai2="38,119,58,79,71,43,123,90,48,15,66,45,83" hai3="12,37,132,86,95,67,11,42,103,99,120,29,97"/><W82/><G120/><T47/><D121/><U131/><E131/><V59/><F119/><W133/><G67/><T75/><D128/><U98/><E68/><V62/><F123/><W84/><G29/><T107/><D118/><U4/><E124/><V40/><F90/><W70/><G70/><T57/><D126/><U100/><E18/><V122/><F122/><W111/><G111/><T56/><D33/><U78/><E78/><V34/><F34/><W25/><G25/><T77/><D109/><U72/><REACH who="1" step="1"/><E76/><REACH who="1" ten="397,180,190,223" step="2"/><V127/><F127/><W89/><G99/><T32/><D77/><U101/><E101/><V112/><F112/><W31/><G31/><T125/><D125/><U2/><E2/><V115/><F115/><W16/><REACH who="3" step="1"/><G86/><REACH who="3" ten="397,180,190,213" step="2"/><T108/><D87/><U27/><AGARI ba="1,2" hai="3,4,10,17,20,27,54,55,72,73,74,98,100,105" machi="27" ten="30,2000,0" yaku="1,1,0,1,53,0" doraHai="129" doraHaiUra="113" who="1" fromWho="1" sc="397,-6,180,43,190,-6,213,-11" /><INIT seed="4,0,0,3,1,97" ten="391,223,184,202" oya="0" hai0="127,51,10,98,55,133,39,117,106,52,64,24,12" hai1="115,73,62,26,36,116,103,131,53,78,19,75,123" hai2="71,18,28,93,132,17,83,32,76,84,6,34,118" hai3="88,94,77,2,16,25,134,108,33,102,90,119,69"/><T43/><D117/><U80/><E116/><V27/><F71/><W70/><G2/><T5/><D133/><U63/><E123/><V15/><F118/><W85/><G108/><T72/><D72/><U67/><E36/><V21/><F132/><W1/><G1/><T8/><D127/><U40/><E40/><V86/><F6/><W96/><G119/><T58/><D24/><U114/><E131/><V66/><F66/><W47/><G134/><T92/><D106/><U125/><E125/><V48/><F48/><W95/><G77/><T124/><D124/><U81/><E53/><V110/><F110/><W135/><G135/><T9/><D64/><U105/><E26/><V14/><F93/><W120/><G120/><T57/><D43/><U65/><E19/><V37/><F37/><W112/><G112/><N who="1" m="43050" /><E67/><V104/><F104/><W4/><G4/><T41/><D41/><U44/><E44/><V129/><F129/><W0/><G47/><T7/><D7/><U111/><E65/><V109/><F109/><W130/><G0/><T99/><D39/><U113/><E111/><V61/><F61/><N who="1" m="23049" /><E113/><V29/><F29/><W100/><G130/><T45/><D45/><U11/><E11/><N who="0" m="4169" /><D92/><U89/><E89/><V91/><F91/><W59/><G59/><T35/><D35/><U46/><E46/><V20/><REACH who="2" step="1"/><F34/><REACH who="2" ten="391,223,174,202" step="2"/><W79/><G33/><T101/><D51/><U3/><E105/><V50/><F50/><W122/><G122/><T49/><D49/><U126/><E126/><V68/><F68/><N who="3" m="26219" /><G79/><T42/><D5/><U31/><E78/><V82/><F82/><RYUUKYOKU ba="0,1" sc="391,-15,223,-15,174,15,202,15" hai2="14,15,17,18,20,21,27,28,32,76,83,84,86" hai3="16,25,85,88,90,94,95,96,100,102" /><INIT seed="5,1,1,0,5,39" ten="376,208,189,217" oya="1" hai0="124,103,32,16,7,81,132,65,8,119,18,118,114" hai1="44,34,19,73,93,47,79,91,49,24,69,89,29" hai2="113,51,43,60,38,68,80,70,66,107,21,5,41" hai3="77,92,35,57,105,84,56,37,62,17,100,74,96"/><U134/><E69/><N who="2" m="42183" /><F107/><W59/><G37/><T102/><D114/><U15/><E134/><V22/><F80/><N who="3" m="45111" /><G17/><T2/><D132/><U58/><E58/><V48/><F5/><W42/><G42/><N who="2" m="15881" /><F21/><W12/><G12/><T50/><D119/><U3/><E3/><V61/><F22/><W121/><G35/><T45/><D118/><U128/><E128/><V4/><F4/><W75/><G75/><T99/><D65/><U129/><E129/><V95/><F95/><W110/><G110/><T97/><D32/><U104/><E104/><V83/><F83/><W125/><G121/><T25/><D81/><U52/><E79/><V10/><F10/><W86/><G86/><T40/><D25/><U98/><E73/><V123/><F123/><W101/><G101/><T28/><D28/><U31/><E29/><V55/><F38/><W85/><G85/><T87/><D87/><U133/><E133/><V94/><F94/><W53/><G125/><T135/><D124/><U111/><E111/><V90/><F90/><AGARI ba="1,1" hai="53,56,57,59,62,84,90,92,96,100,105" m="45111" machi="90" ten="30,1000,0" yaku="24,1" doraHai="39" who="3" fromWho="2" sc="376,0,208,0,189,-13,217,23" /><INIT seed="6,0,0,4,1,109" ten="376,208,176,240" oya="2" hai0="81,120,45,91,106,64,107,59,117,13,14,82,24" hai1="68,132,5,67,105,126,56,4,80,39,41,9,84" hai2="78,99,76,73,111,0,88,100,11,70,130,135,1" hai3="66,124,22,40,77,104,16,133,27,51,98,47,43"/><V127/><F70/><W37/><G124/><T94/><D120/><U55/><E105/><V87/><F127/><W116/><G116/><T86/><D117/><U134/><E126/><V75/><F111/><W113/><G66/><T53/><D107/><U42/><E39/><V17/><F135/><N who="1" m="51753" /><E67/><V119/><F119/><W25/><G77/><T34/><D24/><U93/><E93/><V32/><F32/><W28/><G43/><N who="1" m="16394" /><E9/><V92/><F130/><W3/><G3/><T54/><D14/><U60/><E68/><V10/><F73/><W57/><G57/><T83/><D91/><AGARI ba="0,0" hai="4,5,55,56,60,80,84,91" m="16394,51753" machi="91" ten="30,1000,0" yaku="20,1" doraHai="109" who="1" fromWho="0" sc="376,-10,208,10,176,0,240,0" /><INIT seed="7,0,0,5,4,106" ten="366,218,176,240" oya="3" hai0="32,108,46,29,81,84,65,126,98,15,77,110,134" hai1="12,119,89,90,26,80,49,47,54,129,111,64,122" hai2="112,35,66,102,96,5,62,22,37,39,99,79,125" hai3="1,42,131,59,70,78,0,40,30,88,127,109,124"/><W94/><G70/><T95/><D134/><U9/><E111/><V104/><F125/><W56/><G30/><T86/><D126/><U38/><E122/><V75/><F112/><W11/><G78/><T72/><D65/><U19/><E129/><V117/><F117/><W27/><G27/><T63/><D63/><U83/><E38/><V21/><F5/><W20/><G94/><T135/><D135/><U43/><E119/><V6/><F6/><W23/><G11/><T68/><D68/><U74/><E64/><V10/><F10/><W4/><G4/><T55/><D15/><U105/><E105/><V41/><F99/><W101/><G101/><T85/><D29/><U28/><E43/><V128/><F128/><W44/><G131/><T2/><D2/><U76/><REACH who="1" step="1"/><E83/><REACH who="1" ten="366,208,176,240" step="2"/><N who="2" m="45567" /><F21/><AGARI ba="0,1" hai="9,12,19,21,26,28,47,49,54,74,76,80,89,90" machi="21" ten="30,7700,0" yaku="1,1,7,1,52,1,53,1" doraHai="106" doraHaiUra="13" who="1" fromWho="2" sc="366,0,208,87,176,-77,240,0" owari="366,46.0,295,10.0,99,-40.0,240,-16.0" /></mjloggm>