<mjloggm ver="2.3"><GO type="169" lobby="0"/><UN n0="%67%6F%75%73%69" n1="%E3%82%A6%E3%83%AB%E3%83%88%E3%83%A9%E7%AB%8B%E7%9B%B4" n2="%E8%99%8E%E7%9A%AE%E7%8C%AB" n3="%E3%81%BB%E3%81%88%E3%82%89%E3%83%BC" dan="17,17,17,17" rate="2141.29,2141.57,2206.83,2185.41" sx="M,M,F,M"/><TAIKYOKU oya="0"/><INIT seed="0,0,0,2,0,29" ten="250,250,250,250" oya="0" hai0="16,76,15,50,40,104,103,10,117,109,132,128,125" hai1="102,44,14,12,110,72,27,69,52,131,35,31,91" hai2="39,1,62,60,122,124,85,57,87,108,3,82,84" hai3="79,127,112,75,67,95,70,94,6,100,118,123,30"/><T121/><D117/><U54/><E69/><V135/><F122/><W119/><G6/><T81/><D121/><U41/><E72/><V98/><F39/><W74/><G123/><T34/><D125/><U42/><E102/><V130/><F124/><W61/><G112/><T25/><D128/><U43/><E131/><V86/><F130/><W93/><G100/><T56/><D132/><U20/><E110/><V55/><F108/><W9/><G9/><T46/><D109/><U83/><E35/><V21/><F135/><W96/><G96/><T107/><D103/><U97/><E97/><V63/><F98/><W24/><G127/><T8/><D56/><U101/><E101/><V114/><F114/><W26/><G26/><T49/><D49/><N who="1" m="28711" /><E54/><V45/><F45/><W113/><G113/><T18/><D34/><U73/><E73/><V19/><F1/><W71/><G71/><T99/><D99/><U116/><E116/><V36/><F36/><W129/><G74/><T32/><D32/><U48/><E48/><V51/><F3/><W33/><REACH who="3" step="1"/><G129/><REACH who="3" ten="250,250,250,240" step="2"/><T120/><D120/><U22/><E22/><V88/><F63/><W115/><G115/><T68/><D68/><U78/><E78/><V47/><F47/><W126/><G126/><T92/><D76/><U7/><E7/><V111/><REACH who="2" step="1"/><F111/><REACH who="2" ten="250,250,240,240" step="2"/><W2/><G2/><T11/><D46/><U80/><E91/><V66/><F66/><W77/><G77/><T23/><D50/><U133/><E133/><V37/><F37/><W53/><G53/><T13/><D40/><U17/><E42/><V38/><F38/><RYUUKYOKU ba="0,2" sc="250,-15,250,-15,240,15,240,15" hai2="19,21,51,55,57,60,62,82,84,85,86,87,88" hai3="24,30,33,61,67,70,75,79,93,94,95,118,119" /><INIT seed="1,1,2,2,1,48" ten="235,235,255,255" oya="1" hai0="56,133,102,123,125,120,93,16,131,31,104,77,129" hai1="1,58,10,78,109,99,97,0,94,18,25,105,124" hai2="115,63,27,74,112,64,106,5,8,73,79,110,42" hai3="80,81,52,55,117,90,21,2,69,92,30,46,20"/><U59/><E78/><V66/><F106/><W17/><G2/><T61/><D31/><U19/><E124/><V85/><F110/><W114/><G69/><T44/><D104/><U29/><E109/><V62/><F42/><W40/><G114/><N who="2" m="43561" /><F27/><N who="3" m="16751" /><G117/><T13/><D77/><U132/><E132/><V41/><F41/><W103/><G103/><T15/><D15/><U113/><E113/><V128/><F128/><N who="0" m="49226" /><D44/><U57/><E105/><V108/><F108/><W122/><G122/><T135/><D93/><U14/><E19/><V22/><F22/><W82/><G46/><T24/><D102/><U68/><E68/><N who="2" m="42007" /><F85/><N who="3" m="52303" /><G40/><T76/><D76/><U33/><REACH who="1" step="1"/><E99/><REACH who="1" ten="235,225,255,255" step="2"/><V111/><F79/><W9/><G9/><N who="0" m="6191" /><D125/><U72/><E72/><V43/><F111/><W88/><G88/><AGARI ba="1,3" hai="0,1,10,14,18,25,29,33,57,58,59,88,94,97" machi="88" ten="40,3900,0" yaku="1,1,54,1,53,0" doraHai="48" doraHaiUra="65" who="1" fromWho="3" sc="235,0,225,72,255,0,255,-42" /><INIT seed="1,2,0,4,2,93" ten="235,297,255,213" oya="1" hai0="67,72,10,40,0,33,37,87,92,25,51,41,100" hai1="17,83,56,85,31,115,73,14,112,11,19,111,44" hai2="6,3,65,49,76,27,105,109,53,122,132,134,13" hai3="7,45,26,9,104,90,69,120,50,63,12,8,88"/><U94/><E111/><V57/><F122/><W59/><G120/><T46/><D72/><U86/><E31/><V81/><F3/><W89/><G69/><T130/><D130/><U68/><E68/><V16/><F105/><W113/><G104/><T106/><D67/><U127/><E127/><V5/><F109/><W74/><G74/><T123/><D106/><U15/><E73/><V71/><F27/><W124/><G113/><T125/><D125/><U99/><E56/><V84/><F65/><N who="3" m="39167" /><G124/><T4/><D123/><U121/><E44/><V102/><F102/><W34/><G34/><T77/><D77/><U24/><E24/><V70/><F71/><W2/><G2/><T114/><D114/><U30/><E86/><V128/><F70/><W82/><G26/><T54/><D37/><U126/><E30/><V64/><F64/><W96/><G9/><T95/><D33/><U32/><E32/><V28/><F28/><W20/><G20/><T42/><D25/><U21/><E121/><V101/><F101/><W18/><G7/><T118/><D118/><U116/><E116/><V103/><F103/><W60/><G60/><T80/><D100/><N who="1" m="60535" /><E126/><V35/><F35/><W38/><G38/><T98/><D0/><U135/><E135/><N who="2" m="51755" /><F128/><W52/><G82/><T66/><D80/><U22/><E11/><AGARI ba="2,0" hai="5,6,11,13,16,49,53,57,76,81,84" m="51755" machi="11" ten="30,2000,0" yaku="20,1,54,1" doraHai="93" who="2" fromWho="1" sc="235,0,297,-26,255,26,213,0" /><INIT seed="2,0,0,2,4,15" ten="235,271,281,213" oya="2" hai0="49,89,82,8,132,4,57,123,33,100,2,113,20" hai1="117,110,58,67,134,65,5,87,46,109,21,29,120" hai2="19,1,81,68,131,121,130,41,127,83,95,101,94" hai3="124,55,51,126,38,31,37,30,11,22,129,116,103"/><V34/><F121/><W70/><G116/><T50/><D33/><U60/><E117/><V102/><F34/><W107/><G70/><T53/><D123/><U45/><E120/><V128/><F68/><W105/><G129/><T135/><D113/><U40/><E5/><V115/><F1/><W112/><G112/><T39/><D39/><N who="3" m="14857" /><G11/><T72/><D100/><N who="2" m="38506" /><F115/><W25/><G103/><T69/><D69/><U48/><E134/><V114/><F114/><W62/><G62/><T73/><D49/><U96/><E46/><V16/><F41/><W91/><G91/><T122/><D122/><U36/><E36/><V14/><F127/><N who="3" m="48683" /><G30/><T18/><D89/><U10/><E29/><V119/><F119/><W84/><G84/><T61/><D61/><U27/><E87/><V9/><F19/><W78/><G78/><T85/><D85/><U12/><E96/><V3/><F3/><W80/><G80/><AGARI ba="0,0" hai="9,14,16,80,81,83,94,95,128,130,131" m="38506" machi="80" ten="40,7700,0" yaku="19,1,52,1,54,1" doraHai="15" who="2" fromWho="3" sc="235,0,271,0,281,77,213,-77" /><INIT seed="2,1,0,1,2,22" ten="235,271,358,136" oya="2" hai0="28,35,76,120,92,91,97,16,67,5,61,78,37" hai1="27,102,43,70,6,4,103,134,108,83,84,10,116" hai2="58,87,45,135,85,89,104,80,55,130,81,30,41" hai3="18,68,0,17,128,64,25,57,36,74,13,106,132"/><V9/><F104/><W7/><G74/><T79/><D37/><U94/><E70/><V29/><F135/><W96/><G36/><T50/><D120/><U123/><E116/><V114/><F114/><W119/><G119/><T2/><D2/><U101/><E123/><V23/><F130/><W100/><G128/><T1/><D1/><U133/><E108/><V51/><F9/><W73/><G73/><T14/><D5/><U53/><E43/><V21/><F23/><W31/><G132/><N who="1" m="50794" /><E53/><V129/><F129/><W48/><G0/><T38/><D38/><U34/><E94/><V72/><F72/><W47/><G7/><N who="1" m="2602" /><E10/><V33/><F33/><N who="3" m="20719" /><G57/><T93/><D50/><U117/><E117/><V131/><F131/><W24/><G13/><T56/><D92/><U66/><E66/><V71/><F71/><W109/><G109/><T63/><D63/><U105/><E105/><V42/><F41/><N who="3" m="24687" /><G24/><T77/><N who="0" m="19456" /><DORA hai="11" /><T124/><D124/><U3/><E3/><V121/><F121/><W12/><G12/><T98/><D35/><U86/><E83/><V26/><F80/><W90/><G90/><T82/><D82/><U111/><E111/><V95/><F95/><W127/><G127/><T69/><D69/><U122/><E122/><V39/><REACH who="2" step="1"/><F85/><REACH who="2" ten="235,271,348,136" step="2"/><W15/><G15/><T75/><D75/><U107/><E107/><V8/><F8/><W19/><G68/><T59/><D93/><U115/><E115/><V46/><F46/><W125/><G125/><T44/><D44/><U49/><E34/><V99/><F99/><W112/><G112/><T54/><D14/><RYUUKYOKU ba="1,1" sc="235,-15,271,-15,348,15,136,15" hai2="21,26,29,30,39,42,45,51,55,58,81,87,89" hai3="17,18,19,64,96,100,106" /><INIT seed="2,2,1,1,4,16" ten="220,256,363,151" oya="2" hai0="133,110,35,44,38,101,32,109,46,61,130,107,49" hai1="64,19,95,111,41,40,135,3,105,134,59,82,26" hai2="78,73,127,119,91,89,88,2,48,72,34,28,132" hai3="37,121,118,79,92,70,68,93,39,58,55,113,45"/><V20/><F119/><W47/><G118/><T90/><D107/><U94/><E105/><V103/><F2/><W60/><G79/><T22/><D101/><U57/><E3/><V54/><F34/><W96/><G121/><T21/><D130/><U14/><E26/><V30/><F132/><N who="1" m="50729" /><E82/><V12/><F127/><W29/><G29/><T129/><D133/><U31/><E31/><V86/><F103/><W62/><G96/><T56/><D129/><U9/><E111/><N who="0" m="42505" /><D90/><N who="2" m="34922" /><F78/><W125/><G125/><T81/><D81/><U76/><E76/><V13/><F72/><W100/><G100/><T7/><D7/><U1/><E1/><V123/><F73/><W36/><G113/><T6/><D6/><U85/><E85/><V87/><F123/><W25/><G25/><T120/><D120/><U11/><E11/><V65/><F65/><W126/><G126/><T17/><D17/><U53/><E94/><N who="2" m="54647" /><F87/><W69/><G93/><T27/><D35/><U131/><E95/><V5/><F5/><W15/><G92/><T83/><D83/><U122/><E122/><V128/><F128/><W84/><G84/><T98/><D98/><U71/><E131/><V33/><F33/><W102/><G102/><T10/><D10/><U63/><E71/><N who="3" m="27210" /><G15/><T124/><D124/><U51/><AGARI ba="2,1" hai="9,14,19,40,41,51,53,57,59,63,64" m="50729" machi="51" ten="30,1100,0" yaku="20,1" doraHai="16" who="1" fromWho="1" sc="220,-5,256,27,363,-7,151,-5" /><INIT seed="3,0,0,5,2,91" ten="215,283,356,146" oya="3" hai0="24,106,87,62,0,98,114,9,31,22,68,63,90" hai1="43,126,80,72,104,84,17,103,124,18,42,119,117" hai2="52,66,29,61,83,109,76,12,77,78,107,85,93" hai3="44,51,27,54,88,97,65,14,56,33,13,133,30"/><W41/><G133/><T135/><D135/><U32/><E32/><V67/><F107/><W64/><G13/><T59/><D68/><U111/><E72/><V125/><F109/><W113/><G113/><T134/><D134/><U46/><E111/><V102/><F125/><W58/><G14/><T16/><D114/><U39/><E43/><V19/><F29/><W4/><G4/><T48/><D106/><U37/><E37/><V94/><F102/><W21/><G33/><T35/><D98/><N who="1" m="61559" /><E17/><V20/><F66/><W130/><G130/><T71/><D71/><U49/><E18/><V115/><F115/><W55/><G56/><T123/><D123/><U81/><E39/><V120/><F120/><W36/><REACH who="3" step="1"/><G55/><REACH who="3" ten="215,283,356,136" step="2"/><N who="0" m="32231" /><D35/><U74/><E126/><V10/><F10/><W131/><G131/><T38/><D0/><U34/><E34/><V127/><F127/><W110/><G110/><T15/><D38/><U45/><E124/><V3/><F3/><W1/><G1/><T108/><D108/><U23/><E119/><V129/><F129/><W73/><G73/><T105/><D105/><U86/><E74/><V116/><F116/><W70/><G70/><T121/><D121/><U82/><E117/><V96/><F12/><W2/><G2/><T8/><D9/><U28/><E46/><V128/><F128/><W60/><G60/><T100/><D62/><U99/><E45/><V132/><F61/><W69/><G69/><T89/><D63/><U57/><E57/><V40/><F132/><W11/><G11/><T95/><D8/><U25/><E23/><V50/><F20/><RYUUKYOKU ba="0,1" sc="215,-10,283,-10,356,-10,136,30" hai3="21,27,30,36,41,44,51,54,58,64,65,88,97" /><INIT seed="3,1,1,3,1,43" ten="205,273,346,166" oya="3" hai0="97,125,79,39,51,69,33,116,5,98,129,52,91" hai1="64,99,29,82,92,108,7,83,100,0,119,34,54" hai2="49,113,95,40,24,9,90,106,96,12,36,2,134" hai3="132,86,56,55,28,59,121,45,131,37,94,70,71"/><W21/><G121/><T4/><D39/><U101/><E0/><V73/><F73/><W26/><G131/><T16/><D33/><U127/><E34/><V38/><F2/><W123/><G123/><T23/><D69/><U114/><E114/><V27/><F134/><W84/><G132/><T42/><D116/><U115/><E115/><V15/><F113/><W74/><G74/><T30/><D30/><U102/><E7/><N who="0" m="2633" /><D42/><U111/><E29/><V87/><F36/><W72/><G72/><T44/><D125/><U105/><E64/><V63/><F63/><W93/><G37/><T13/><D79/><U11/><E11/><V41/><F38/><W118/><G118/><T77/><D77/><U126/><E54/><V18/><F12/><W107/><G107/><T104/><D104/><U66/><E66/><V53/><F106/><W67/><G67/><T14/><D129/><U48/><E48/><V58/><F96/><N who="0" m="36970" /><D91/><N who="1" m="55711" /><E105/><V20/><REACH who="2" step="1"/><F27/><AGARI ba="1,1" hai="13,14,16,23,27,44,51,52" m="36970,2633" machi="27" ten="30,7700,0" yaku="8,1,52,1,54,2" doraHai="43" who="0" fromWho="2" sc="205,90,273,0,346,-80,166,0" /><INIT seed="4,0,0,4,4,124" ten="295,273,266,166" oya="0" hai0="128,114,14,43,27,68,16,72,33,88,18,116,1" hai1="23,0,19,11,4,90,56,81,37,96,31,50,101" hai2="42,98,110,83,95,130,119,59,15,102,53,7,35" hai3="32,55,8,132,115,49,86,17,60,45,105,108,48"/><T22/><D72/><U38/><E31/><V47/><F35/><W133/><G105/><T84/><D68/><U2/><E2/><V77/><F110/><W82/><G32/><T67/><D67/><U127/><E127/><V10/><F119/><W78/><G108/><T126/><D126/><U135/><E135/><V30/><F30/><W65/><G115/><T64/><D64/><U97/><E56/><V131/><F53/><W39/><G49/><T118/><D1/><U103/><E50/><V3/><F59/><W87/><G39/><T63/><D63/><U121/><E121/><V93/><F93/><W129/><G87/><T104/><D104/><U51/><E51/><V34/><F34/><W70/><G8/><T62/><D62/><U117/><E117/><V41/><F15/><W25/><G25/><T92/><D43/><U61/><E61/><V20/><F20/><W9/><G9/><T125/><D125/><U120/><E120/><V112/><F112/><W100/><G100/><T40/><D40/><U44/><E44/><V5/><F5/><W80/><G17/><T24/><D114/><U99/><E103/><V73/><F41/><W122/><G122/><T109/><D109/><U91/><E101/><V134/><F134/><N who="3" m="51819" /><G80/><T69/><D116/><U26/><E81/><V36/><AGARI ba="0,0" hai="3,7,10,36,42,47,73,77,83,95,98,102,130,131" machi="36" ten="30,8000,1" yaku="0,1,25,2,52,2" doraHai="124" who="2" fromWho="2" sc="295,-40,273,-20,266,80,166,-20" /><INIT seed="5,0,0,3,3,7" ten="255,253,346,146" oya="1" hai0="13,131,38,120,83,115,82,31,132,19,95,44,36" hai1="88,123,93,28,126,122,101,1,34,15,48,24,85" hai2="37,49,100,65,18,9,116,64,12,94,104,47,96" hai3="40,114,108,43,76,46,73,63,16,20,32,17,98"/><U14/><E1/><V92/><F116/><W60/><G32/><T129/><D31/><U118/><E118/><V130/><F37/><W121/><G108/><T110/><D110/><U66/><E126/><V97/><F130/><W105/><G121/><T106/><D106/><U78/><E78/><V29/><F29/><W11/><G114/><T55/><D115/><U39/><E39/><V6/><F6/><W89/><G76/><T67/><D67/><U61/><E48/><V113/><F113/><W59/><G73/><T70/><D70/><U57/><REACH who="1" step="1"/><E101/><REACH who="1" ten="255,243,346,146" step="2"/><V33/><F100/><W4/><G63/><T62/><D38/><U112/><E112/><V2/><F2/><W27/><G46/><T8/><D36/><U53/><E53/><V50/><F49/><W87/><G43/><T0/><D0/><U81/><E81/><V99/><F50/><W107/><G40/><T22/><D44/><U69/><E69/><V26/><F47/><W72/><G72/><T10/><D55/><U23/><E23/><V51/><F51/><W102/><G20/><T128/><D62/><U119/><E119/><V134/><F33/><W75/><G75/><T111/><D111/><U21/><E21/><V103/><F103/><W30/><G105/><T3/><D3/><U124/><E124/><V133/><F104/><W52/><G27/><T80/><D120/><AGARI ba="0,1" hai="14,15,24,28,34,57,61,66,85,88,93,120,122,123" machi="120" ten="40,3900,0" yaku="1,1,54,1,53,0" doraHai="7" doraHaiUra="79" who="1" fromWho="0" sc="255,-39,243,49,346,0,146,0" /><INIT seed="5,1,0,4,2,91" ten="216,292,346,146" oya="1" hai0="107,120,89,123,37,79,49,14,97,104,58,19,61" hai1="28,118,45,20,63,101,110,54,39,67,44,42,127" hai2="82,84,106,119,12,29,51,33,96,0,78,35,116" hai3="132,11,3,60,108,69,59,62,23,103,88,72,68"/><U13/><E118/><V24/><F0/><W135/><G72/><T100/><D37/><U31/><E127/><V121/><F121/><N who="0" m="46666" /><D79/><U52/><E110/><V75/><F35/><W81/><G108/><T111/><D49/><U125/><E125/><V105/><F51/><W85/><G103/><T73/><D89/><U10/><E101/><V46/><F46/><W1/><G23/><N who="0" m="11767" /><D73/><U21/><E21/><V64/><F64/><N who="3" m="40983" /><G69/><T57/><D57/><U16/><E20/><V18/><F75/><W76/><G76/><T83/><D83/><U66/><E66/><V41/><F41/><W5/><G59/><T15/><D15/><U22/><E22/><V86/><F116/><W8/><G60/><T17/><D17/><U98/><E45/><V36/><F36/><W25/><G25/><T55/><D111/><U92/><E67/><V122/><F119/><W126/><G126/><T117/><D117/><U80/><E80/><V27/><F122/><W9/><G1/><T2/><D2/><U56/><E54/><V77/><F27/><W71/><G71/><T109/><D109/><U48/><E39/><V74/><F74/><W53/><G53/><T6/><D6/><U130/><E42/><V128/><F24/><W47/><G47/><T4/><D4/><U43/><E43/><V90/><F29/><N who="1" m="11337" /><E44/><V133/><F18/><W38/><G38/><T65/><D65/><U95/><E48/><V112/><F12/><W113/><G113/><T50/><D50/><U30/><E30/><V40/><F112/><W124/><G124/><T114/><D114/><U131/><E63/><RYUUKYOKU ba="1,0" sc="216,15,292,-15,346,-15,146,15" hai0="55,58,61,97,100,104,107" hai3="3,5,8,9,11,81,85,88,132,135" /><INIT seed="6,2,0,1,3,63" ten="231,277,331,161" oya="2" hai0="4,105,129,79,85,117,32,40,71,31,116,15,46" hai1="3,45,107,94,17,108,112,115,23,128,30,18,38" hai2="132,98,87,90,86,50,77,74,34,80,123,12,66" hai3="65,93,101,43,21,88,76,13,62,91,73,126,103"/><V24/><F123/><W109/><G109/><T99/><D71/><U20/><E107/><V121/><F121/><W7/><G43/><T28/><D32/><U59/><E45/><V52/><F132/><W106/><G126/><T125/><D129/><U119/><E38/><V67/><F12/><W95/><G106/><T133/><D133/><U96/><E3/><V64/><F98/><W14/><G76/><T57/><D57/><U83/><E83/><N who="2" m="47471" /><F34/><W118/><G73/><T29/><D125/><U120/><E108/><V72/><F72/><W124/><G124/><T36/><D79/><U70/><E70/><V37/><F37/><W61/><G21/><T110/><D85/><U26/><E128/><V127/><F74/><W56/><G118/><T134/><D134/><U102/><E119/><N who="0" m="45641" /><D110/><U131/><E131/><V49/><F127/><W2/><G2/><T42/><D42/><U0/><E0/><V19/><F52/><W84/><G62/><T25/><D15/><U130/><E130/><V5/><F5/><W81/><G81/><T16/><D4/><U97/><E120/><V111/><F111/><W33/><G33/><T6/><D6/><U27/><E23/><AGARI ba="2,0" hai="19,23,24,49,50,64,66,67,80,87,90" m="47471" machi="23" ten="30,11600,0" yaku="8,1,52,3" doraHai="63" who="2" fromWho="1" sc="231,0,277,-122,331,122,161,0" /><INIT seed="6,3,0,5,5,43" ten="231,155,453,161" oya="2" hai0="128,37,1,17,28,29,102,50,129,0,109,3,56" hai1="30,115,124,32,74,84,134,51,113,62,90,8,16" hai2="52,45,9,81,83,117,44,125,77,114,38,11,2" hai3="4,68,123,39,33,41,69,42,98,20,126,5,78"/><V106/><F117/><W85/><G33/><T73/><D73/><U135/><E74/><V21/><F106/><W70/><G123/><T59/><D37/><U7/><E62/><V46/><F38/><W100/><G126/><T23/><D102/><U95/><E124/><V35/><F35/><W6/><G20/><T61/><D50/><U99/><E30/><N who="0" m="11881" /><D61/><U107/><E32/><V34/><F34/><W49/><G39/><T26/><D109/><U27/><E107/><V47/><F125/><W67/><G67/><T36/><D36/><U14/><E99/><V55/><F114/><N who="1" m="43529" /><E51/><N who="2" m="28799" /><F2/><W131/><G131/><AGARI ba="3,0" hai="0,1,3,17,23,26,56,59,128,129,131" m="11881" machi="131" ten="40,1300,0" yaku="19,1" doraHai="43" who="0" fromWho="3" sc="231,22,155,0,453,0,161,-22" /><INIT seed="7,0,0,3,1,7" ten="253,155,453,139" oya="3" hai0="62,48,10,119,72,51,6,86,76,12,77,30,132" hai1="102,123,103,75,134,107,14,108,58,60,52,133,104" hai2="4,59,69,129,37,54,56,39,43,120,61,38,41" hai3="64,115,122,16,99,19,100,5,93,106,40,114,25"/><W8/><G122/><T78/><D72/><U32/><E108/><V73/><F73/><W74/><G74/><T135/><D119/><U70/><E32/><V87/><F87/><W20/><G40/><N who="2" m="15433" /><F4/><W47/><G47/><T29/><D86/><U44/><E70/><V88/><F88/><W63/><G19/><T113/><D113/><U127/><E127/><V92/><F92/><W85/><G85/><T2/><D62/><U45/><E123/><V53/><F129/><W82/><G82/><T116/><D2/><U27/><E27/><V57/><F120/><W110/><G106/><N who="1" m="40490" /><E14/><V84/><F84/><W33/><G33/><T11/><D116/><U42/><E75/><V94/><F94/><W15/><REACH who="3" step="1"/><G110/><REACH who="3" ten="253,155,453,129" step="2"/><T105/><D105/><U65/><E45/><V80/><F80/><W9/><G9/><T89/><D10/><U121/><E121/><V31/><F31/><W112/><G112/><T81/><D29/><U130/><E130/><V97/><F97/><W95/><G95/><T101/><D30/><U90/><E42/><V79/><F79/><W124/><G124/><T36/><D81/><U68/><E44/><V98/><F98/><W71/><AGARI ba="0,1" hai="5,8,15,16,20,25,63,64,71,93,99,100,114,115" machi="71" ten="30,12000,1" yaku="1,1,0,1,52,1,54,1,53,1" doraHai="7" doraHaiUra="21" who="3" fromWho="3" sc="253,-40,155,-40,453,-40,129,130" /><INIT seed="7,1,0,3,0,9" ten="213,115,413,259" oya="3" hai0="126,48,65,130,92,60,36,18,8,102,110,34,78" hai1="35,75,71,73,62,16,7,61,113,39,74,55,49" hai2="29,115,117,118,42,82,54,90,24,83,40,106,89" hai3="13,67,133,17,23,53,12,33,59,58,46,52,21"/><W56/><G33/><T20/><D34/><U0/><E35/><V10/><F106/><W22/><G133/><T63/><D36/><U68/><E113/><V38/><F115/><W66/><G46/><T122/><D122/><U31/><E31/><V64/><F64/><N who="3" m="24619" /><G17/><T50/><D110/><U88/><E39/><V100/><F100/><W109/><G109/><T125/><D78/><U84/><E7/><V11/><F38/><W32/><G32/><T37/><D8/><U132/><E0/><V128/><F54/><AGARI ba="1,0" hai="12,13,21,22,23,52,53,54,56,58,59" m="24619" machi="54" ten="40,18000,2" yaku="28,2,8,1,52,2,54,1" doraHai="9" who="3" fromWho="2" sc="213,0,115,0,413,-183,259,183" owari="213,-19.0,115,-38.0,230,3.0,442,54.0" /></mjloggm>