<mjloggm ver="2.3"><GO type="169" lobby="0"/><UN n0="%E6%96%87%E5%9B%9B%E9%83%8E" n1="%E3%83%9F%E3%83%8E%E3%83%AA" n2="%E3%82%A6%E3%83%AB%E3%83%88%E3%83%A9%E7%AB%8B%E7%9B%B4" n3="%72%61%69%72%75%40%54%4B" dan="16,16,18,16" rate="2080.29,2061.55,2268.26,2046.75" sx="M,M,M,M"/><TAIKYOKU oya="0"/><INIT seed="0,0,0,1,2,101" ten="250,250,250,250" oya="0" hai0="46,124,10,28,88,106,61,85,3,68,91,130,11" hai1="121,22,65,36,30,117,75,52,1,18,129,134,43" hai2="119,4,25,94,20,35,71,86,84,99,114,8,58" hai3="39,57,104,70,81,78,9,40,54,45,125,33,109"/><T19/><D124/><U53/><E117/><V69/><F35/><W105/><G125/><T49/><D28/><U83/><E121/><V116/><F58/><W44/><G33/><T62/><D130/><U98/><E129/><V31/><F114/><W42/><G109/><T102/><D91/><U79/><E134/><V93/><F86/><W5/><G70/><T60/><D68/><U96/><E65/><V110/><F84/><W23/><G23/><T118/><D118/><N who="2" m="45098" /><F93/><W97/><G97/><T73/><D73/><U0/><E30/><V131/><F110/><W34/><G34/><T13/><D3/><U126/><E126/><V47/><F47/><W15/><G44/><T67/><D11/><U26/><E1/><N who="2" m="15" /><F131/><W135/><G135/><T24/><D24/><U100/><E0/><V123/><F123/><W128/><G42/><T38/><D38/><U50/><E36/><V7/><F7/><W59/><G59/><T72/><D72/><U107/><E98/><V17/><F17/><W37/><G37/><T87/><D67/><U51/><REACH who="1" step="1"/><E43/><REACH who="1" ten="250,240,250,250" step="2"/><V63/><F63/><W80/><G128/><T12/><D60/><U41/><E41/><V76/><F76/><W111/><G111/><T115/><D62/><U82/><E82/><V127/><F127/><W6/><G81/><T48/><D61/><U14/><E14/><V56/><F71/><W16/><G39/><T32/><D13/><U113/><E113/><V122/><F69/><W112/><G112/><T66/><D115/><U133/><E133/><V21/><F122/><W103/><G15/><T120/><D12/><RYUUKYOKU ba="0,1" sc="250,-10,240,30,250,-10,250,-10" hai1="18,22,26,50,51,52,53,75,79,83,96,100,107" /><INIT seed="1,1,1,1,4,126" ten="240,270,240,240" oya="1" hai0="46,5,121,61,113,103,132,112,43,98,27,64,1" hai1="88,116,8,106,31,2,75,72,90,129,118,63,38" hai2="127,59,128,48,51,109,56,130,70,95,62,77,100" hai3="49,34,42,114,30,4,89,76,79,86,91,69,41"/><U78/><E38/><V107/><F107/><W111/><G114/><T83/><D132/><U115/><E31/><V60/><F77/><W99/><G69/><T133/><D133/><U66/><E115/><V20/><F70/><W33/><G111/><T58/><D121/><U6/><E106/><V122/><F122/><W135/><G135/><T65/><D64/><U101/><E101/><V10/><F127/><W16/><G4/><T53/><D65/><U36/><E36/><V94/><F20/><W80/><G99/><T71/><D71/><U29/><E29/><V110/><REACH who="2" step="1"/><F100/><REACH who="2" ten="240,270,230,240" step="2"/><W81/><G33/><T18/><D113/><U7/><E78/><V39/><F39/><W55/><G34/><T17/><D112/><U52/><E75/><V131/><F131/><W26/><G79/><T22/><D103/><U44/><E129/><V119/><F119/><W35/><G76/><T85/><D22/><U21/><E72/><V23/><F23/><W87/><REACH who="3" step="1"/><G16/><REACH who="3" ten="240,270,230,230" step="2"/><T67/><D18/><U3/><E118/><V9/><AGARI ba="1,3" hai="9,10,48,51,56,59,60,62,94,95,109,110,128,130" machi="9" ten="25,12000,2" yaku="1,1,0,1,22,2,52,2,53,0" doraHai="126" doraHaiUra="117" who="2" fromWho="2" sc="240,-31,270,-61,230,153,230,-31" /><INIT seed="2,0,0,2,5,122" ten="209,209,383,199" oya="2" hai0="95,13,87,23,110,9,93,78,81,83,0,79,99" hai1="73,17,84,53,34,121,80,107,26,3,101,49,28" hai2="24,25,117,51,22,72,36,119,31,126,6,102,56" hai3="77,94,69,135,11,18,133,85,66,82,132,92,35"/><V129/><F36/><W44/><G35/><T39/><D39/><U118/><E121/><V114/><F72/><W37/><G69/><T75/><D0/><U71/><E118/><V131/><F102/><W130/><G66/><T38/><D38/><U127/><E127/><V1/><F51/><W109/><G130/><N who="2" m="49673" /><F56/><W90/><G77/><T60/><D23/><U15/><E71/><V104/><F104/><W128/><G128/><T59/><D99/><U46/><E73/><V41/><F41/><N who="3" m="22575" /><G109/><T125/><D110/><U67/><E67/><V20/><F126/><W43/><G43/><T55/><REACH who="0" step="1"/><D125/><REACH who="0" ten="199,209,383,199" step="2"/><U120/><E3/><V40/><F1/><W123/><G123/><T57/><D57/><U4/><E120/><V52/><F22/><W21/><G11/><T100/><D100/><U54/><E101/><V10/><F20/><W89/><G89/><T74/><D74/><U91/><E91/><V63/><F10/><W45/><G45/><T16/><AGARI ba="0,1" hai="9,13,16,55,59,60,75,78,79,81,83,87,93,95" machi="16" ten="20,5200,0" yaku="1,1,0,1,7,1,54,1,53,0" doraHai="122" doraHaiUra="98" who="0" fromWho="0" sc="199,62,209,-13,383,-26,199,-13" /><INIT seed="3,0,0,4,4,13" ten="261,196,357,186" oya="3" hai0="90,135,41,110,55,118,20,78,98,8,19,86,131" hai1="71,22,105,57,95,119,68,49,38,104,15,59,108" hai2="3,130,9,112,46,100,117,54,34,53,42,16,30" hai3="97,48,39,5,65,29,27,128,84,31,81,82,116"/><W62/><G116/><T85/><D118/><U80/><E119/><V64/><F117/><RYUUKYOKU type="kaze4" ba="0,0" sc="261,0,196,0,357,0,186,0" /><INIT seed="3,1,0,2,1,9" ten="261,196,357,186" oya="3" hai0="31,122,12,75,6,111,97,117,96,47,66,105,65" hai1="41,115,32,27,14,50,28,134,113,5,120,18,61" hai2="100,84,63,126,68,51,8,11,119,92,72,131,128" hai3="42,129,130,17,4,15,118,40,82,69,127,94,99"/><W60/><G118/><T73/><D117/><U98/><E120/><V29/><F72/><W86/><G127/><T67/><D122/><U54/><E134/><V121/><F119/><W77/><G4/><T25/><D111/><U90/><E5/><V55/><F121/><W26/><G26/><T123/><D123/><U30/><E30/><V46/><F29/><W114/><G114/><T33/><D47/><U71/><E41/><V76/><F126/><W1/><G1/><T133/><D133/><U56/><E90/><N who="2" m="53319" /><F100/><N who="3" m="60535" /><G69/><T64/><N who="0" m="16384" /><DORA hai="49" /><T79/><D105/><U62/><E71/><V48/><F63/><W45/><G60/><T124/><D124/><U21/><E62/><V3/><F76/><W23/><G45/><T104/><D104/><U2/><E2/><V132/><F3/><W88/><G77/><T87/><D75/><U80/><E80/><V7/><F7/><W109/><G109/><T116/><D73/><U107/><REACH who="1" step="1"/><E61/><REACH who="1" ten="261,186,357,186" step="2"/><V52/><F68/><W81/><G81/><T110/><D116/><U102/><AGARI ba="1,1" hai="14,18,21,27,28,32,50,54,56,98,102,107,113,115" machi="102" ten="30,12000,2" yaku="1,1,2,1,0,1,52,2,53,1" doraHai="9,49" doraHaiUra="59,103" who="1" fromWho="1" sc="261,-31,186,133,357,-31,186,-61" /><INIT seed="4,0,0,2,3,63" ten="230,319,326,125" oya="0" hai0="101,86,37,113,21,125,134,55,74,84,89,17,93" hai1="94,52,70,115,65,62,53,81,123,22,99,27,13" hai2="59,98,40,57,48,44,20,105,47,103,28,7,32" hai3="133,76,117,38,75,96,58,43,3,29,87,51,109"/><T77/><D37/><U25/><E123/><V4/><F32/><W14/><G109/><T56/><D74/><U30/><E115/><V23/><F59/><W106/><G117/><T5/><D5/><U64/><E13/><V34/><F34/><W83/><G3/><T118/><D118/><U71/><E81/><V131/><F131/><W114/><G114/><T102/><D113/><U45/><E27/><V11/><F28/><W121/><G121/><T120/><D120/><U108/><E108/><V127/><F127/><W80/><G133/><T67/><D134/><U122/><E122/><V15/><F4/><W0/><G0/><T104/><D104/><U69/><E53/><V54/><REACH who="2" step="1"/><F47/><REACH who="2" ten="230,319,316,125" step="2"/><W18/><G29/><T1/><D125/><U119/><E119/><V110/><F110/><W73/><G58/><T68/><D68/><U50/><REACH who="1" step="1"/><E62/><AGARI ba="0,1" hai="7,11,15,20,23,40,44,48,54,57,62,98,103,105" machi="62" ten="30,3900,0" yaku="1,1,7,1,53,1" doraHai="63" doraHaiUra="39" who="2" fromWho="1" sc="230,0,319,-39,316,49,125,0" /><INIT seed="5,0,0,0,0,5" ten="230,280,365,125" oya="1" hai0="107,6,47,43,113,4,58,12,128,41,8,68,55" hai1="21,134,66,3,129,10,63,71,115,60,92,124,51" hai2="78,75,76,122,0,42,87,105,2,35,44,52,73" hai3="7,80,84,114,91,67,36,81,132,64,106,57,45"/><U46/><E115/><V70/><F70/><W26/><G114/><T82/><D113/><U28/><E124/><V9/><F35/><W93/><G132/><T59/><D68/><U24/><E129/><V62/><F105/><W38/><G106/><T37/><D107/><U97/><E134/><V29/><F29/><W1/><G26/><T49/><D128/><U50/><E63/><V110/><F87/><W103/><G45/><T30/><D30/><U19/><E46/><V130/><F42/><W18/><G18/><T25/><D25/><U108/><E108/><V15/><F15/><W85/><G103/><T99/><D99/><U89/><E19/><V77/><F62/><W101/><G101/><T11/><D82/><U95/><REACH who="1" step="1"/><E92/><REACH who="1" ten="230,270,365,125" step="2"/><V96/><F44/><W94/><G94/><T98/><D47/><U17/><E17/><V40/><F110/><W39/><G93/><T116/><D116/><U79/><E79/><V86/><F78/><W53/><G67/><T131/><D131/><U88/><E88/><V14/><F77/><W23/><G64/><T31/><D31/><U90/><E90/><V135/><F76/><W61/><G91/><T102/><D102/><U65/><E65/><V56/><F130/><W83/><REACH who="3" step="1"/><G23/><REACH who="3" ten="230,270,365,115" step="2"/><T120/><D98/><U100/><E100/><V123/><F96/><W133/><G133/><T127/><D127/><U104/><E104/><V16/><F135/><W117/><G117/><T121/><D120/><U20/><E20/><N who="2" m="11287" /><F123/><W112/><G112/><T69/><D121/><U109/><E109/><V13/><F122/><W34/><G34/><RYUUKYOKU ba="0,2" sc="230,-15,270,15,365,-15,115,15" hai1="3,10,21,24,28,50,51,60,66,71,89,95,97" hai3="1,7,36,38,39,53,57,61,80,81,83,84,85" /><INIT seed="5,1,2,5,4,5" ten="215,285,350,130" oya="1" hai0="130,1,103,26,76,50,21,65,118,29,109,108,73" hai1="91,92,89,51,52,58,48,123,57,9,43,102,66" hai2="18,2,114,44,71,115,93,41,134,128,35,16,106" hai3="56,33,62,13,101,11,133,117,127,119,27,32,42"/><U45/><E123/><V86/><F106/><W60/><G133/><T112/><D118/><N who="3" m="45065" /><G127/><T20/><D103/><U19/><E66/><V116/><F71/><W105/><G42/><T15/><D1/><U14/><REACH who="1" step="1"/><E58/><REACH who="1" ten="215,275,350,130" step="2"/><V82/><F116/><W17/><G56/><T68/><D65/><U40/><E40/><V110/><F41/><W79/><G60/><T55/><D68/><U111/><E111/><V100/><F110/><W72/><G62/><T97/><D109/><U78/><E78/><V53/><F134/><W99/><G27/><T88/><D108/><U75/><E75/><V39/><F115/><W96/><G96/><AGARI ba="1,3" hai="9,14,19,43,45,48,51,52,57,89,91,92,96,102" machi="96" ten="40,12000,1" yaku="1,1,8,1,52,1,54,1,53,1" doraHai="5" doraHaiUra="37" who="1" fromWho="3" sc="215,0,275,153,350,0,130,-123" /><INIT seed="5,2,0,2,5,47" ten="215,428,350,7" oya="1" hai0="56,84,122,25,7,65,115,108,18,98,51,127,49" hai1="92,10,73,97,0,30,82,17,9,1,93,29,112" hai2="3,105,11,5,133,120,63,12,103,94,42,40,99" hai3="34,46,68,123,130,114,111,57,31,60,59,134,77"/><U27/><E112/><V71/><F120/><W28/><G114/><T102/><D108/><U104/><E104/><V13/><F133/><W38/><G134/><T45/><D115/><U55/><E93/><V61/><F105/><W101/><G111/><T26/><D7/><U109/><E109/><V15/><F71/><W87/><G123/><T131/><D122/><U58/><E29/><V2/><F2/><W128/><G101/><T24/><D131/><N who="3" m="50217" /><G77/><T52/><D127/><U19/><E82/><V117/><F117/><W50/><G87/><T32/><D84/><U39/><E39/><V79/><F79/><W81/><G81/><T113/><D65/><U20/><E73/><V66/><F66/><N who="3" m="41031" /><G34/><T86/><D86/><U89/><E1/><V90/><F103/><W80/><G80/><T62/><D113/><U44/><E0/><V118/><F118/><W119/><G119/><T43/><D32/><U96/><E96/><V72/><F72/><W106/><G106/><T54/><D18/><N who="1" m="6667" /><E44/><V100/><F100/><W14/><G14/><N who="2" m="5737" /><F3/><W37/><G31/><T85/><D85/><U126/><E126/><V74/><F74/><W35/><G28/><T21/><D21/><U75/><E75/><V53/><F15/><W22/><G22/><T116/><D116/><U48/><AGARI ba="2,0" hai="9,10,20,27,30,48,55,58,89,92,97" m="6667" machi="48" ten="30,3000,0" yaku="8,1,52,1" doraHai="47" who="1" fromWho="1" sc="215,-12,428,36,350,-12,7,-12" owari="203,-20.0,464,57.0,338,14.0,-5,-51.0" /></mjloggm>