<mjloggm ver="2.3"><GO type="169" lobby="0"/><UN n0="%E3%81%8A%E3%81%98%E3%81%95%E3%82%93" n1="%E3%83%88%E3%83%88%E3%83%AA%E5%85%88%E7%94%9F%31%39%E6%AD%B3" n2="%E3%82%89%E3%81%8F%E3%81%A0%EF%BC%90%EF%BC%91%EF%BC%90%EF%BC%99" n3="%E7%82%B9%E8%8D%89%E7%8B%AC%E6%AD%A9" dan="17,18,18,16" rate="2170.87,2259.64,2283.32,2108.03" sx="M,F,M,M"/><TAIKYOKU oya="0"/><INIT seed="0,0,0,0,3,7" ten="250,250,250,250" oya="0" hai0="97,20,71,4,14,104,110,8,120,92,123,94,115" hai1="125,12,34,73,46,2,5,81,64,16,112,111,65" hai2="49,66,61,52,37,113,60,70,82,78,1,43,47" hai3="53,107,62,77,55,95,100,9,41,15,128,74,63"/><T68/><D115/><U72/><E34/><V57/><F1/><W59/><G107/><T76/><D76/><U32/><E32/><V102/><F102/><W19/><G128/><T22/><D104/><U39/><E112/><V130/><F113/><W84/><G41/><T101/><D110/><U58/><E125/><V48/><REACH who="2" step="1"/><F130/><REACH who="2" ten="250,250,240,250" step="2"/><W105/><G100/><T135/><D135/><U30/><E2/><V50/><F50/><W69/><G105/><T44/><D123/><U42/><E111/><V83/><F83/><W51/><G95/><T21/><D120/><U67/><E81/><V121/><F121/><W80/><G69/><T26/><D94/><U17/><E30/><V132/><F132/><W3/><G3/><T124/><D124/><U33/><E33/><V54/><F54/><W23/><G62/><T133/><D133/><U56/><E64/><V87/><AGARI ba="0,1" hai="37,43,47,48,49,52,57,60,61,66,70,78,82,87" machi="87" ten="20,5200,0" yaku="1,1,0,1,7,1,54,1,53,0" doraHai="7" doraHaiUra="96" who="2" fromWho="2" sc="250,-26,250,-13,240,62,250,-13" /><INIT seed="1,0,0,2,4,101" ten="224,237,302,237" oya="1" hai0="42,126,98,33,97,78,34,114,44,35,79,133,7" hai1="94,62,90,134,2,13,29,83,111,21,130,14,127" hai2="115,0,53,59,128,9,89,60,132,113,68,80,51" hai3="61,92,40,39,106,26,5,30,25,124,48,118,65"/><U28/><E2/><V84/><F128/><W37/><G124/><T81/><D114/><N who="2" m="43530" /><F132/><W50/><G5/><T121/><D126/><U75/><E127/><V91/><F0/><W77/><G77/><T22/><D133/><U6/><E134/><V120/><F9/><W54/><G118/><T76/><D121/><U8/><E130/><V56/><F68/><W129/><G129/><T103/><D7/><U95/><E111/><V10/><F10/><W107/><G40/><T82/><D22/><U47/><E75/><V105/><F105/><W100/><G92/><N who="1" m="35370" /><E47/><V73/><F73/><W23/><G25/><T24/><D24/><U69/><E69/><V4/><F4/><W93/><G50/><T85/><D103/><U18/><E62/><V58/><F120/><W11/><G11/><T87/><REACH who="0" step="1"/><D79/><REACH who="0" ten="214,237,302,237" step="2"/><U102/><E102/><V104/><F89/><W38/><G100/><T41/><D41/><U36/><E36/><AGARI ba="0,1" hai="33,34,35,36,42,44,76,78,81,82,85,87,97,98" machi="36" ten="40,8000,1" yaku="1,1,9,1,53,2" doraHai="101" doraHaiUra="72" who="0" fromWho="1" sc="214,90,237,-80,302,0,237,0" /><INIT seed="2,0,0,1,1,63" ten="304,157,302,237" oya="2" hai0="122,56,40,14,54,101,66,71,61,38,19,121,132" hai1="33,102,52,120,85,21,0,84,10,92,116,115,9" hai2="60,45,95,22,129,5,26,47,128,75,64,48,15" hai3="82,3,103,72,20,108,53,114,36,104,98,91,30"/><V113/><F75/><W99/><G108/><T107/><D132/><U24/><E115/><V27/><F113/><W50/><G114/><T58/><D58/><U118/><E33/><V2/><F2/><W29/><G3/><T51/><D101/><U16/><E120/><V70/><F95/><W12/><G36/><T28/><D28/><U49/><E118/><V88/><F88/><W34/><G34/><T77/><D77/><U90/><E116/><V43/><F45/><W46/><G72/><T97/><D97/><U89/><E0/><V7/><F27/><W44/><G44/><N who="0" m="23575" /><D107/><U94/><E102/><V67/><F15/><W41/><G12/><T62/><D62/><U100/><E100/><V87/><F87/><N who="3" m="50679" /><G104/><T134/><D134/><U68/><E68/><V86/><F86/><W31/><G103/><T59/><D59/><AGARI ba="0,0" hai="9,10,16,21,24,49,52,59,84,85,89,90,92,94" machi="59" ten="30,8000,1" yaku="7,1,9,1,8,1,54,2" doraHai="63" who="1" fromWho="0" sc="304,-80,157,80,302,0,237,0" /><INIT seed="3,0,0,3,4,95" ten="224,237,302,237" oya="3" hai0="98,29,91,97,44,120,7,1,36,79,54,38,78" hai1="41,94,118,86,93,47,69,62,23,106,81,35,50" hai2="17,109,108,87,66,126,24,132,63,10,20,89,113" hai3="74,117,90,115,119,16,2,55,51,68,13,110,22"/><W99/><G115/><T18/><D120/><U14/><E35/><V88/><F113/><W19/><G74/><T4/><D29/><U59/><E106/><V49/><F132/><W12/><G68/><T5/><D1/><U42/><E69/><V56/><F126/><W15/><G2/><T114/><D114/><U129/><E129/><V127/><F127/><W61/><G110/><N who="2" m="42601" /><F49/><W39/><G39/><T104/><D104/><U116/><E42/><V105/><F105/><W92/><G61/><T101/><D101/><U57/><E57/><V65/><F65/><W72/><G72/><T83/><D18/><N who="1" m="10711" /><E116/><V77/><F10/><W6/><G6/><T82/><D4/><U60/><E118/><V80/><AGARI ba="0,0" hai="17,20,24,56,63,66,77,80,87,88,89" m="42601" machi="80" ten="30,2000,0" yaku="14,1,54,1" doraHai="95" who="2" fromWho="2" sc="224,-5,237,-5,302,20,237,-10" /><INIT seed="4,0,0,3,3,123" ten="219,232,322,227" oya="0" hai0="75,43,6,18,35,20,91,70,51,1,52,69,104" hai1="78,61,30,14,49,85,72,66,111,128,32,21,90" hai2="36,82,74,116,77,17,54,105,40,25,19,3,53" hai3="121,106,34,76,117,108,95,122,58,47,113,57,96"/><T13/><D104/><U83/><E128/><V46/><F105/><W129/><G117/><T63/><D75/><U115/><E115/><V118/><F3/><W68/><G113/><T84/><D43/><U26/><E49/><V7/><F7/><W97/><G68/><T23/><D35/><U98/><E98/><V2/><F2/><W88/><G34/><T33/><D33/><U45/><E45/><V27/><F27/><W130/><G47/><T125/><D125/><U124/><E124/><V114/><F114/><W31/><G31/><T16/><D63/><U112/><E112/><V48/><F25/><W100/><G58/><N who="0" m="33055" /><D6/><U12/><E111/><V109/><F109/><W64/><G108/><T67/><D1/><U41/><E41/><V102/><F102/><N who="3" m="62799" /><G57/><T119/><D119/><N who="2" m="45610" /><F54/><W81/><G100/><T38/><D38/><U39/><E39/><V127/><F127/><W101/><G101/><T134/><D67/><U56/><REACH who="1" step="1"/><E32/><REACH who="1" ten="219,222,322,227" step="2"/><V15/><F36/><W0/><G0/><T28/><D134/><U94/><AGARI ba="0,1" hai="12,14,21,26,30,56,61,66,72,78,83,85,90,94" machi="94" ten="20,5200,0" yaku="1,1,2,1,0,1,7,1,53,0" doraHai="123" doraHaiUra="42" who="1" fromWho="1" sc="219,-26,222,62,322,-13,227,-13" /><INIT seed="5,0,0,3,5,65" ten="193,284,309,214" oya="1" hai0="125,85,41,82,24,79,69,0,86,108,14,75,80" hai1="23,76,30,31,115,2,121,107,128,54,45,81,131" hai2="21,51,59,7,15,122,99,44,36,1,43,47,68" hai3="73,5,124,29,110,129,94,77,11,16,126,106,92"/><U64/><E121/><V19/><F122/><W97/><G110/><T127/><D0/><U40/><E2/><V6/><F68/><W117/><G29/><T52/><D108/><U57/><E107/><V113/><F113/><W37/><G37/><T28/><D41/><U119/><E119/><V120/><F120/><W66/><G117/><T134/><D134/><U74/><E64/><V46/><F1/><W55/><G129/><N who="1" m="49738" /><E23/><V18/><F59/><W132/><G132/><T78/><D14/><U96/><E96/><V111/><F111/><W12/><G55/><T116/><D116/><U62/><E115/><V27/><F99/><W101/><G66/><T26/><D75/><U9/><E9/><N who="2" m="6511" /><F36/><AGARI ba="0,0" hai="30,31,36,40,45,54,57,62,74,76,81" m="49738" machi="36" ten="30,1500,0" yaku="19,1" doraHai="65" who="1" fromWho="2" sc="193,0,284,15,309,-15,214,0" /><INIT seed="5,1,0,0,1,106" ten="193,299,294,214" oya="1" hai0="85,19,64,114,109,125,88,98,66,60,38,67,33" hai1="96,5,2,90,29,65,77,103,16,113,51,37,129" hai2="57,122,0,104,47,63,50,54,52,121,15,74,58" hai3="72,8,89,7,82,80,115,43,10,131,11,128,134"/><U111/><E37/><V116/><F104/><W117/><G115/><T35/><D109/><U32/><E113/><V118/><F0/><W132/><G43/><T119/><D114/><U20/><E129/><N who="3" m="49738" /><G117/><N who="2" m="45161" /><F74/><W4/><G89/><T133/><D119/><U24/><E111/><V97/><F97/><W44/><G44/><T100/><D38/><U110/><E110/><V14/><F14/><W40/><G40/><T26/><D125/><U92/><E65/><N who="2" m="39151" /><F15/><W130/><N who="3" m="49746" /><W22/><DORA hai="42" /><G22/><T108/><D133/><N who="3" m="51305" /><G72/><T23/><D108/><U34/><E103/><V135/><F135/><W61/><G61/><AGARI ba="1,0" hai="47,50,52,54,58,61,121,122" m="39151,45161" machi="61" ten="30,7700,0" yaku="34,2,52,1,54,1" doraHai="106,42" who="2" fromWho="3" sc="193,0,299,0,294,80,214,-80" /><INIT seed="6,0,0,2,3,4" ten="193,299,374,134" oya="2" hai0="64,49,118,94,75,47,115,112,128,99,25,3,90" hai1="111,85,133,18,132,113,91,76,1,33,58,103,34" hai2="82,39,104,71,117,36,37,28,23,125,35,92,74" hai3="77,56,81,80,83,8,17,55,120,51,101,14,86"/><V78/><F23/><W5/><G120/><T89/><D75/><U65/><E111/><V135/><F92/><W0/><REACH who="3" step="1"/><G101/><REACH who="3" ten="193,299,374,124" step="2"/><T95/><D112/><U26/><E103/><V31/><F117/><W121/><G121/><T54/><D115/><U44/><E113/><V52/><F135/><W119/><G119/><T10/><D118/><U109/><E133/><V114/><F114/><W53/><G53/><T62/><D54/><U27/><E132/><V69/><F52/><W87/><G87/><T73/><D73/><U100/><E100/><V29/><F125/><W126/><G126/><T19/><D64/><U40/><E85/><V41/><F41/><W108/><G108/><T93/><D99/><U7/><E65/><V20/><F104/><W79/><G79/><T32/><D90/><U60/><E76/><V11/><F74/><W24/><G24/><T57/><D25/><U107/><E107/><V48/><F78/><W46/><G46/><T72/><D47/><U122/><E109/><V6/><F35/><W110/><G110/><T22/><D32/><U129/><E122/><V96/><F96/><W134/><G134/><T42/><D72/><U61/><E34/><V67/><F67/><W15/><G15/><T84/><D89/><U21/><E33/><V116/><F116/><W102/><G102/><T68/><D84/><U127/><E127/><V97/><F97/><W88/><G88/><T66/><D66/><U105/><E105/><V131/><F69/><W43/><G43/><T70/><D42/><U63/><E40/><V13/><F71/><N who="0" m="27178" /><D3/><U2/><E1/><RYUUKYOKU ba="0,1" sc="193,-10,299,-10,374,-10,124,30" hai3="0,5,8,14,17,51,55,56,77,80,81,83,86" /><INIT seed="7,1,1,3,0,97" ten="183,289,364,154" oya="3" hai0="117,21,6,20,106,55,85,109,73,68,11,37,41" hai1="123,84,86,79,66,16,129,120,70,108,7,28,65" hai2="76,46,51,45,38,63,22,96,101,104,53,42,5" hai3="135,72,99,27,1,36,10,30,82,18,116,113,115"/><W56/><G116/><T14/><D73/><U26/><E108/><V31/><F5/><N who="3" m="1327" /><G18/><T122/><D68/><U98/><E129/><V105/><F76/><N who="3" m="44295" /><G135/><T126/><D106/><U88/><E7/><V75/><F75/><W95/><G56/><T125/><D109/><U132/><E132/><V62/><REACH who="2" step="1"/><F104/><REACH who="2" ten="183,289,354,154" step="2"/><W47/><G95/><T24/><D117/><U91/><E120/><V57/><F57/><W112/><G99/><T34/><D122/><U127/><E123/><V102/><F102/><W71/><G71/><T78/><D78/><U2/><E70/><V17/><F17/><W49/><G36/><T0/><D37/><U60/><E2/><V81/><F81/><W124/><G124/><T52/><D0/><U39/><E127/><V44/><F44/><W134/><G134/><T131/><D125/><U77/><E39/><V100/><F100/><W67/><G67/><N who="1" m="25610" /><E28/><V110/><F110/><W133/><G133/><T107/><D126/><U89/><E98/><V121/><F121/><W25/><G30/><T54/><D107/><U29/><E29/><V35/><F35/><W87/><G87/><N who="1" m="33322" /><E60/><V59/><F59/><W33/><G33/><T40/><D85/><U19/><E19/><V4/><F4/><W50/><G47/><T130/><D130/><U23/><AGARI ba="1,2" hai="16,23,26,77,79,88,89,91" m="33322,25610" machi="23" ten="40,5200,0" yaku="8,1,54,2" doraHai="97" who="1" fromWho="1" sc="183,-14,289,75,354,-14,154,-27" owari="169,-23.0,364,46.0,340,14.0,127,-37.0" /></mjloggm>