<mjloggm ver="2.3"><GO type="169" lobby="0"/><UN n0="%7A%6F%6F%31%39%36%34" n1="%E3%82%A6%E3%83%AB%E3%83%88%E3%83%A9%E7%AB%8B%E7%9B%B4" n2="%E9%BB%92%E6%B2%A2%2C%E7%BE%A9%E6%98%8E" n3="%E3%80%93%E3%81%84%E3%81%A1%E3%81%AF%E3%82%89%E3%80%93" dan="18,16,16,18" rate="2204.48,2162.25,2066.58,2217.19" sx="M,M,M,M"/><TAIKYOKU oya="0"/><INIT seed="0,0,0,1,2,19" ten="250,250,250,250" oya="0" hai0="27,91,20,70,80,58,6,100,94,29,60,10,96" hai1="53,21,133,112,109,28,125,2,42,48,97,119,4" hai2="37,9,23,117,77,98,102,120,0,31,124,11,5" hai3="66,15,67,76,17,25,99,135,122,38,127,32,113"/><T45/><D70/><U47/><E119/><V22/><F120/><W64/><G113/><T107/><D45/><U79/><E112/><V40/><F117/><W118/><G118/><T13/><D80/><U103/><E109/><V71/><F71/><W130/><G38/><T56/><REACH who="0" step="1"/><D60/><REACH who="0" ten="240,250,250,250" step="2"/><U55/><E125/><V65/><F124/><W63/><G127/><T57/><D57/><U82/><E133/><V59/><F59/><W62/><G135/><T46/><D46/><U41/><E47/><V30/><F37/><W105/><G63/><T106/><D106/><U89/><E82/><V35/><F40/><W131/><G62/><T101/><D101/><U72/><E103/><V108/><F102/><W115/><G105/><T7/><D7/><U73/><E42/><V126/><F126/><W39/><G115/><T92/><D92/><U54/><E41/><V129/><F5/><W51/><G122/><T104/><D104/><U116/><E4/><V43/><F43/><W16/><G39/><T36/><D36/><U49/><E116/><V74/><F108/><W85/><G51/><T26/><D26/><U34/><E48/><V87/><F74/><W78/><G25/><T121/><D121/><U88/><E73/><V18/><F77/><W111/><G78/><T1/><D1/><U132/><E2/><V8/><F0/><W61/><G76/><T12/><D12/><U24/><E132/><V114/><F114/><W134/><G134/><T84/><AGARI ba="0,1" hai="6,10,13,20,27,29,56,58,84,91,94,96,100,107" machi="84" ten="20,7800,0" yaku="1,1,0,1,7,1,52,1,53,0" doraHai="19" doraHaiUra="69" who="0" fromWho="0" sc="240,88,250,-26,250,-26,250,-26" /><INIT seed="0,1,0,3,0,71" ten="328,224,224,224" oya="0" hai0="16,7,2,77,100,9,85,38,59,93,60,35,128" hai1="105,67,123,87,25,121,36,112,29,3,23,39,1" hai2="33,106,104,58,102,90,43,84,31,65,56,110,101" hai3="72,54,132,47,13,92,15,107,49,21,22,57,99"/><T73/><D35/><N who="1" m="20911" /><E87/><V108/><F31/><W30/><G132/><T11/><D128/><U124/><E23/><V83/><F33/><W133/><G133/><T119/><D119/><U27/><E27/><V52/><F65/><W66/><G72/><T109/><D73/><U69/><E105/><N who="2" m="40555" /><F56/><W81/><G107/><T4/><D109/><N who="2" m="42090" /><F43/><W51/><G81/><T89/><D100/><U70/><E124/><V34/><F34/><W50/><G66/><T131/><D77/><U74/><E74/><V26/><F26/><N who="3" m="16719" /><G22/><T118/><D118/><U62/><E70/><V82/><F83/><W75/><G75/><T28/><D131/><U103/><E112/><V76/><F76/><W46/><G46/><T115/><D28/><U111/><E111/><V80/><F80/><W94/><G94/><T8/><D115/><U0/><E103/><V41/><F41/><N who="3" m="24815" /><G51/><AGARI ba="1,0" hai="51,52,58,82,84,90,101,102" m="42090,40555" machi="51" ten="30,2000,0" yaku="14,1,54,1" doraHai="71" who="2" fromWho="3" sc="328,0,224,0,224,23,224,-23" /><INIT seed="1,0,0,5,1,101" ten="328,224,247,201" oya="1" hai0="0,19,32,37,46,115,107,135,33,72,105,66,34" hai1="55,26,123,10,40,31,15,70,49,67,50,16,81" hai2="88,45,98,53,43,61,89,130,41,12,63,97,133" hai3="126,54,116,118,47,129,27,52,68,7,22,51,8"/><U75/><E123/><V85/><F130/><W99/><G68/><T128/><D19/><U122/><E122/><V59/><F133/><W1/><G129/><T96/><D128/><U92/><E40/><V4/><F61/><W65/><G65/><T109/><D96/><U80/><E67/><V100/><F97/><W121/><G121/><T93/><D93/><U120/><E70/><V134/><F134/><W3/><G3/><T48/><D135/><U57/><E120/><V56/><F56/><W102/><G54/><T106/><D66/><U110/><E110/><V83/><F89/><W103/><G126/><T74/><D109/><U127/><E127/><V13/><F4/><W69/><G69/><T5/><D115/><U78/><E92/><V35/><F35/><W23/><G103/><T17/><D17/><U124/><E81/><V39/><REACH who="2" step="1"/><F43/><REACH who="2" ten="328,224,237,201" step="2"/><W11/><G11/><N who="0" m="2471" /><D48/><U6/><E124/><V132/><F132/><W77/><G77/><T87/><D87/><U111/><E111/><V36/><F36/><W42/><G42/><AGARI ba="0,1" hai="32,33,34,37,42,46,72,74,105,106,107" m="2471" machi="42" ten="40,8000,1" yaku="33,2,52,3" doraHai="101" who="0" fromWho="3" sc="328,90,224,0,237,0,201,-80" /><INIT seed="2,0,0,1,5,121" ten="418,224,237,121" oya="2" hai0="70,111,94,88,5,44,106,7,83,108,135,104,78" hai1="71,127,114,13,38,19,56,66,89,29,118,95,58" hai2="32,85,54,126,82,84,110,62,68,87,77,123,86" hai3="52,1,65,35,21,12,107,17,63,74,117,132,4"/><V96/><F123/><W72/><G117/><T133/><D70/><U120/><E118/><V9/><F32/><W37/><G132/><N who="0" m="50763" /><D44/><U10/><E38/><V6/><F126/><W129/><G129/><T18/><D18/><U25/><E114/><V46/><F96/><W92/><G107/><N who="0" m="41003" /><D7/><U45/><E127/><V90/><F68/><W91/><G37/><T8/><D83/><U69/><E45/><V2/><F110/><W113/><G113/><T59/><D59/><U15/><E58/><V48/><REACH who="2" step="1"/><F62/><REACH who="2" ten="418,224,227,121" step="2"/><W34/><G34/><T26/><D111/><U55/><E69/><V42/><F42/><W99/><G35/><T31/><D108/><U134/><E71/><V36/><F36/><W79/><G63/><T47/><D47/><U33/><E134/><V64/><F64/><W97/><G65/><T61/><D61/><U40/><E66/><V3/><F3/><W11/><G99/><T101/><D101/><U98/><E40/><V14/><F14/><W30/><G52/><T80/><D26/><U105/><E15/><V124/><F124/><W125/><G125/><T27/><D27/><U22/><E120/><V122/><F122/><W116/><G116/><T109/><D109/><U24/><E105/><V57/><F57/><W76/><G30/><T131/><D31/><N who="1" m="19695" /><E56/><V102/><F102/><W41/><G41/><T103/><D103/><U119/><E119/><V51/><F51/><W100/><G100/><T49/><D49/><U130/><E55/><V50/><F50/><W128/><G128/><T0/><D131/><U75/><E130/><V39/><F39/><RYUUKYOKU ba="0,1" sc="418,-30,224,10,227,10,121,10" hai1="10,13,19,22,24,29,75,89,95,98" hai2="2,6,9,46,48,54,77,82,84,85,86,87,90" hai3="1,4,11,12,17,21,72,74,76,79,91,92,97" /><INIT seed="2,1,1,3,1,48" ten="388,234,237,131" oya="2" hai0="24,80,4,59,39,86,76,32,55,101,124,79,121" hai1="44,118,126,85,98,15,92,36,91,20,41,1,14" hai2="8,99,129,60,112,3,115,19,123,127,95,22,106" hai3="46,75,84,25,109,69,18,34,68,26,42,134,89"/><V113/><F123/><W10/><G109/><T108/><D39/><U2/><E118/><V12/><F106/><W49/><G75/><T74/><D108/><U93/><E126/><V73/><F127/><W82/><G134/><T132/><D132/><U5/><E5/><V30/><F73/><W114/><G114/><T37/><D37/><U47/><E47/><V67/><F129/><W83/><G83/><T131/><D4/><U27/><E2/><V119/><F119/><W64/><G64/><T103/><D131/><U102/><REACH who="1" step="1"/><E1/><REACH who="1" ten="388,224,237,131" step="2"/><V11/><F3/><W130/><G130/><T116/><D124/><U0/><E0/><V100/><REACH who="2" step="1"/><F30/><AGARI ba="1,2" hai="14,15,20,27,30,36,41,44,85,91,92,93,98,102" machi="30" ten="30,2000,0" yaku="1,1,7,1,53,0" doraHai="48" doraHaiUra="107" who="1" fromWho="2" sc="388,0,224,43,237,-23,131,0" /><INIT seed="3,0,0,5,1,30" ten="388,267,214,131" oya="3" hai0="98,43,15,113,21,55,48,110,58,104,34,92,71" hai1="52,14,20,40,73,17,4,16,24,67,28,7,120" hai2="93,18,107,75,95,2,13,53,68,127,25,35,134" hai3="117,97,119,124,50,12,115,3,101,83,61,6,90"/><W1/><G115/><T36/><D104/><U54/><E120/><V86/><F107/><W100/><G124/><T64/><D34/><U126/><E73/><V33/><F75/><W47/><G3/><T41/><D110/><U109/><E109/><V0/><F68/><W32/><G1/><N who="2" m="617" /><F86/><W56/><G32/><N who="2" m="12361" /><F53/><N who="1" m="20585" /><E126/><V105/><F105/><W133/><G119/><T116/><D116/><U123/><E123/><V22/><F95/><N who="3" m="56567" /><G117/><T132/><D36/><U130/><E130/><V19/><F93/><W62/><G83/><T60/><D132/><U112/><E112/><V23/><F127/><W76/><G133/><AGARI ba="0,0" hai="13,18,19,22,23,25,133,134" m="12361,617" machi="133" ten="40,8000,1" yaku="34,2,52,3" doraHai="30" who="2" fromWho="3" sc="388,0,267,0,214,80,131,-80" /><INIT seed="4,0,0,1,3,45" ten="388,267,294,51" oya="0" hai0="111,70,115,74,94,68,76,36,38,72,126,77,2" hai1="85,88,129,132,51,4,16,96,101,114,19,30,46" hai2="7,107,83,84,121,89,20,110,40,102,63,14,48" hai3="54,29,55,62,86,116,10,60,119,73,33,0,57"/><T108/><D94/><N who="1" m="58519" /><E129/><V18/><F110/><N who="0" m="42026" /><D115/><U59/><E114/><V13/><F121/><W52/><G73/><N who="0" m="28267" /><D126/><U106/><E106/><V6/><F107/><W32/><G86/><T22/><D22/><U21/><E4/><V97/><F63/><W66/><G0/><T91/><D91/><U58/><E30/><V8/><F97/><W3/><G3/><T9/><D9/><U81/><E132/><V99/><F99/><W112/><G112/><T65/><D65/><U39/><E39/><N who="0" m="14889" /><D2/><U28/><E28/><V78/><F7/><W130/><G10/><T11/><D11/><U34/><E34/><V17/><F89/><W53/><G32/><T49/><D49/><U69/><E69/><AGARI ba="0,0" hai="68,69,70,76,77" m="14889,28267,42026" machi="69" ten="40,7700,0" yaku="28,2,10,1" doraHai="45" who="0" fromWho="1" sc="388,77,267,-77,294,0,51,0" /><INIT seed="4,1,0,0,3,119" ten="465,190,294,51" oya="0" hai0="121,123,15,81,115,110,77,104,50,51,59,7,40" hai1="126,41,1,46,132,49,112,13,35,42,32,67,69" hai2="16,106,93,58,54,4,64,82,23,130,92,37,25" hai3="108,90,65,5,76,47,125,105,91,86,114,75,124"/><T134/><D104/><U30/><E1/><V73/><F106/><W117/><G65/><T109/><D115/><U60/><E126/><N who="3" m="48746" /><G47/><N who="0" m="25959" /><D134/><U63/><E132/><V17/><F4/><W14/><G14/><T26/><D26/><U44/><E112/><V97/><F37/><W111/><G5/><T0/><D15/><U52/><E30/><V39/><F39/><W27/><G27/><T99/><D99/><U129/><E13/><V8/><F64/><W80/><G114/><T120/><D81/><U85/><E85/><V57/><F57/><W9/><G9/><T29/><D77/><U135/><E135/><V100/><F8/><W127/><N who="3" m="48754" /><W101/><DORA hai="66" /><G117/><T48/><D29/><U122/><E32/><V12/><F12/><W83/><G91/><T53/><D7/><U96/><E35/><V131/><F17/><W68/><G68/><T19/><D19/><U28/><E69/><V6/><F6/><W94/><G83/><T20/><D20/><U133/><E28/><V74/><F82/><W45/><G45/><N who="0" m="27791" /><D0/><U62/><E133/><V10/><F10/><W71/><G71/><T24/><D24/><U102/><E102/><V56/><F56/><W89/><G89/><T107/><D59/><U79/><E79/><V18/><F18/><W21/><G21/><T113/><D113/><U11/><E11/><V95/><F58/><W38/><G38/><T98/><D51/><U31/><E49/><V118/><F118/><W87/><G87/><T33/><D33/><U116/><E31/><V72/><F54/><W2/><G2/><T128/><D128/><RYUUKYOKU ba="1,0" sc="465,10,190,-30,294,10,51,10" hai0="98,107,109,110,120,121,123" hai2="16,23,25,72,73,74,92,93,95,97,100,130,131" hai3="75,76,80,86,90,94,101,105,108,111" /><INIT seed="4,2,0,1,1,66" ten="475,160,304,61" oya="0" hai0="10,33,27,6,72,109,120,45,88,61,132,16,119" hai1="56,17,84,18,78,20,13,24,105,62,99,124,31" hai2="87,28,95,112,85,67,34,44,46,1,30,94,58" hai3="104,126,5,131,71,77,25,0,22,3,74,86,11"/><T43/><D120/><U76/><E124/><V106/><F106/><W23/><G126/><T128/><D119/><U75/><E75/><V133/><F1/><W97/><G131/><T68/><D128/><U54/><E105/><V4/><F4/><W110/><G110/><T26/><D72/><U122/><E122/><V100/><F34/><W90/><G3/><T49/><D132/><U116/><E116/><V129/><F129/><W82/><G71/><T29/><D109/><U15/><E99/><V63/><F133/><W89/><G25/><T35/><D88/><U93/><E93/><N who="2" m="35339" /><F100/><W115/><G115/><T12/><D6/><U38/><E38/><V114/><F114/><W80/><REACH who="3" step="1"/><G89/><REACH who="3" ten="475,160,304,51" step="2"/><T19/><D27/><U79/><E24/><V14/><F112/><W108/><G108/><T96/><D35/><U8/><E31/><V32/><F32/><W55/><G55/><T118/><D118/><U107/><E107/><V123/><F28/><W2/><G2/><T135/><D135/><U117/><E117/><V37/><F30/><W69/><G69/><T127/><D127/><U51/><E62/><V7/><F63/><W9/><G9/><N who="0" m="6159" /><D61/><U134/><E134/><V65/><F65/><W91/><G91/><T81/><D68/><U83/><AGARI ba="2,1" hai="8,13,15,17,18,20,51,54,56,76,78,79,83,84" machi="83" ten="30,2000,0" yaku="0,1,8,1" doraHai="66" who="1" fromWho="1" sc="475,-12,160,36,304,-7,51,-7" /><INIT seed="5,0,0,0,0,72" ten="463,196,297,44" oya="1" hai0="75,39,106,12,97,38,69,30,62,120,121,111,122" hai1="2,129,101,81,86,1,28,51,10,33,133,17,21" hai2="123,58,84,36,98,16,78,56,87,103,118,18,125" hai3="73,14,93,48,80,64,85,88,6,15,96,43,53"/><U135/><E101/><V8/><F118/><W41/><G73/><T126/><D111/><U37/><E37/><V107/><F123/><W23/><G64/><N who="0" m="41111" /><D126/><U25/><E51/><V70/><F36/><W110/><G110/><T24/><D12/><U34/><E86/><V108/><F70/><W115/><G115/><T40/><D40/><U102/><E81/><V59/><F108/><W19/><G15/><T61/><D61/><U42/><E102/><V54/><F125/><W74/><G74/><T105/><D75/><U89/><E89/><V9/><F54/><W109/><G6/><T35/><D106/><U124/><E42/><V65/><F65/><W79/><REACH who="3" step="1"/><G109/><REACH who="3" ten="463,196,297,34" step="2"/><T27/><D27/><N who="1" m="14767" /><E124/><V127/><F8/><W32/><G32/><T99/><D105/><U131/><E34/><V82/><F9/><W49/><G49/><T55/><D39/><U7/><E1/><V66/><F127/><W31/><G31/><T44/><D38/><U47/><E10/><V3/><F3/><W83/><G83/><T77/><D35/><U5/><E7/><V22/><F18/><W68/><G68/><T116/><D24/><U71/><E5/><V128/><F16/><W52/><G52/><T63/><D30/><U112/><E2/><V119/><F66/><W20/><G20/><T92/><D121/><U50/><E71/><V67/><F22/><W45/><AGARI ba="0,1" hai="14,19,23,41,43,45,48,53,79,80,85,88,93,96" machi="45" ten="20,12000,2" yaku="1,1,0,1,7,1,8,1,52,1,54,1,53,1" doraHai="72" doraHaiUra="90" who="3" fromWho="3" sc="463,-30,196,-60,297,-30,34,130" /><INIT seed="6,0,0,1,5,33" ten="433,136,267,164" oya="2" hai0="69,99,100,31,132,55,121,28,37,57,40,119,56" hai1="82,91,27,47,90,86,6,48,120,83,72,122,0" hai2="61,4,14,79,93,36,21,131,13,51,43,129,73" hai3="8,95,38,10,110,22,54,58,101,117,112,59,127"/><V19/><F36/><W118/><G38/><T126/><D121/><N who="1" m="46699" /><E27/><V97/><F73/><W107/><G107/><T124/><D119/><U7/><E7/><V52/><F79/><W109/><G127/><N who="0" m="48683" /><D69/><U50/><E50/><V98/><F43/><W41/><G41/><T114/><D132/><U134/><E134/><V5/><F61/><W32/><G32/><T92/><D114/><U24/><E24/><V15/><F129/><W81/><G81/><N who="1" m="30730" /><E72/><V135/><F135/><W130/><G112/><T89/><D40/><N who="1" m="24679" /><E86/><V85/><F131/><W133/><G133/><T115/><D100/><U105/><E105/><V2/><F85/><W87/><G130/><T25/><D57/><U71/><E71/><V23/><F97/><W17/><G118/><T102/><D102/><U67/><E67/><V30/><F30/><W75/><G75/><T35/><D37/><U66/><E66/><V16/><F14/><N who="3" m="9527" /><G117/><T11/><D11/><AGARI ba="0,0" hai="0,6,11,90,91" m="24679,30730,46699" machi="11" ten="30,2000,0" yaku="13,1,52,1" doraHai="33" who="1" fromWho="0" sc="433,-20,136,20,267,0,164,0" /><INIT seed="7,0,0,3,2,25" ten="413,156,267,164" oya="3" hai0="123,2,100,76,9,52,82,31,79,108,22,40,104" hai1="48,107,128,29,58,63,122,96,11,135,51,23,35" hai2="92,70,50,130,12,103,99,69,10,111,45,34,102" hai3="109,93,26,55,68,129,36,95,67,94,4,18,14"/><W41/><G129/><T88/><D123/><U5/><E35/><V24/><F111/><W8/><G109/><T119/><D119/><U86/><E122/><V80/><F130/><W78/><G78/><T87/><D108/><U65/><E128/><V131/><F131/><W30/><G36/><T85/><D40/><U124/><E124/><V59/><F59/><W43/><G55/><T126/><D126/><U105/><E135/><V134/><F102/><W16/><G67/><T72/><D104/><U56/><E105/><V19/><F134/><W28/><G68/><T15/><D100/><U64/><E107/><V132/><F132/><W89/><G89/><T6/><D2/><U3/><E96/><V120/><F120/><W13/><G4/><T27/><D72/><U115/><E86/><V75/><F75/><W71/><G71/><T46/><D87/><U20/><E115/><V66/><F66/><W53/><G53/><T133/><D133/><U125/><E125/><V106/><F106/><W90/><G90/><T121/><D121/><U77/><E77/><N who="0" m="29769" /><D52/><U98/><E98/><V21/><F70/><W33/><REACH who="3" step="1"/><G30/><REACH who="3" ten="413,156,267,154" step="2"/><N who="0" m="17783" /><D46/><U42/><E42/><V114/><F69/><W118/><G118/><T39/><D39/><U91/><E91/><V1/><F45/><W116/><G116/><T117/><D117/><U54/><E65/><V73/><F103/><W49/><G49/><N who="1" m="19018" /><E29/><AGARI ba="0,1" hai="6,9,15,29,31,82,85,88" m="17783,29769" machi="29" ten="30,8000,1" yaku="8,1,52,3,54,1" doraHai="25" who="0" fromWho="1" sc="413,90,156,-80,267,0,154,0" owari="503,60.0,76,-42.0,267,7.0,154,-25.0" /></mjloggm>