<mjloggm ver="2.3"><GO type="169" lobby="0"/><UN n0="%E7%A0%B4%E5%A3%8A%E3%81%A8%E8%AA%95%E7%94%9F%E3%81%AE%E7%A5%9E%E6%AE%BF" n1="%EF%BC%93%E7%95%AA%E3%82%B7%E3%83%A7%E3%83%BC%E3%83%88%E5%9D%82%E7%94%B0" n2="%E3%81%B7%E3%82%8B%E3%81%8A%E6%B0%8F" n3="%E3%82%A6%E3%83%AB%E3%83%88%E3%83%A9%E7%AB%8B%E7%9B%B4" dan="16,16,17,18" rate="2097.37,2065.61,2169.95,2251.27" sx="F,M,M,M"/><TAIKYOKU oya="0"/><INIT seed="0,0,0,4,4,65" ten="250,250,250,250" oya="0" hai0="23,70,82,54,113,22,79,26,125,29,128,95,33" hai1="21,1,0,45,52,12,35,27,42,118,126,38,67" hai2="28,84,60,83,39,43,115,62,76,9,90,44,91" hai3="94,112,97,119,40,17,72,64,5,68,86,87,15"/><T127/><D113/><U20/><E118/><V108/><F115/><W93/><G119/><T58/><D128/><U88/><E126/><N who="0" m="48137" /><D95/><U4/><E35/><V73/><F108/><W100/><G112/><T123/><D123/><U18/><E67/><V46/><F46/><W49/><G72/><N who="0" m="43367" /><D70/><U6/><E6/><V114/><F114/><W2/><G2/><T30/><D29/><U19/><E4/><V10/><F28/><W117/><G5/><T134/><D134/><U25/><E12/><V122/><F122/><W8/><G117/><T96/><D96/><U99/><REACH who="1" step="1"/><E52/><REACH who="1" ten="250,240,250,250" step="2"/><V133/><F133/><W3/><G3/><T13/><D13/><U37/><E37/><V77/><F39/><W129/><G64/><T53/><D53/><U102/><E102/><V75/><F43/><W57/><G40/><T104/><D104/><U14/><E14/><V51/><F73/><W78/><G100/><T71/><D54/><U31/><E31/><V111/><F75/><W61/><G15/><T55/><D55/><U110/><E110/><V89/><F51/><W56/><G49/><T103/><D103/><U34/><E34/><V120/><F120/><W98/><G17/><T130/><D33/><U124/><E124/><V116/><F111/><W69/><G8/><N who="2" m="3177" /><F116/><W81/><G129/><T47/><D130/><U135/><E135/><V92/><F44/><W59/><G61/><T131/><D131/><U74/><E74/><V121/><F121/><W11/><G11/><T16/><D47/><U109/><E109/><V24/><F60/><W101/><G87/><T85/><D85/><RYUUKYOKU ba="0,1" sc="250,-15,240,15,250,-15,250,15" hai1="0,1,18,19,20,21,25,27,38,42,45,88,99" hai3="56,57,59,68,69,78,81,86,93,94,97,98,101" /><INIT seed="1,1,1,5,5,72" ten="235,255,235,265" oya="1" hai0="57,97,43,40,37,128,48,66,68,116,3,27,124" hai1="22,78,24,4,73,90,21,123,38,41,56,109,127" hai2="85,118,32,131,96,81,130,47,62,13,49,31,77" hai3="75,67,9,88,14,44,111,122,61,46,18,23,89"/><U51/><E123/><V135/><F118/><W59/><G122/><T7/><D116/><U102/><E127/><V8/><F135/><W50/><G75/><T106/><D124/><U126/><E126/><V83/><F96/><W105/><G105/><T101/><D128/><U39/><E102/><V108/><F108/><W98/><G111/><T20/><D37/><U113/><E113/><V82/><F62/><W121/><G121/><T80/><D68/><U11/><E109/><V5/><F31/><W33/><G33/><T55/><D66/><U134/><E134/><V53/><F32/><W100/><G50/><T93/><D106/><U117/><E117/><V119/><F119/><W69/><G69/><T64/><D64/><U54/><E41/><V45/><REACH who="2" step="1"/><F47/><REACH who="2" ten="235,255,225,265" step="2"/><W112/><G46/><T133/><D97/><U103/><E103/><V12/><F12/><W52/><G44/><T87/><D101/><U104/><E104/><V2/><F2/><W95/><G112/><T74/><D3/><U25/><E25/><V84/><F84/><W36/><G67/><T132/><D132/><U60/><E60/><V1/><F1/><W76/><G61/><T79/><D133/><U16/><E73/><V58/><F58/><W0/><G59/><T34/><D34/><U42/><E24/><V71/><F71/><W115/><G0/><T6/><D74/><U70/><E56/><V17/><F17/><W92/><G18/><N who="0" m="12695" /><D7/><U10/><E70/><V26/><F26/><W91/><G115/><T15/><D6/><U129/><E4/><V29/><F29/><W65/><G65/><RYUUKYOKU ba="1,2" sc="235,-10,255,-10,225,30,265,-10" hai2="5,8,13,45,49,53,77,81,82,83,85,130,131" /><INIT seed="2,2,2,5,5,30" ten="225,245,255,255" oya="2" hai0="87,107,113,78,47,89,66,95,91,33,125,11,13" hai1="120,81,72,117,64,94,6,35,85,10,79,49,109" hai2="106,58,68,82,54,98,121,104,36,92,2,122,76" hai3="40,96,1,5,67,83,37,73,51,24,86,17,103"/><V59/><F36/><W119/><G119/><T130/><D113/><U105/><E117/><V32/><F32/><W25/><G37/><T131/><D107/><U134/><E109/><V16/><F68/><W77/><G67/><T14/><D125/><U71/><E134/><V57/><F2/><W118/><G118/><T129/><D66/><U52/><E105/><V28/><F28/><W128/><G128/><T90/><D78/><U88/><E120/><V20/><F106/><W124/><G124/><T31/><D47/><U55/><E35/><V132/><F104/><W53/><G40/><T44/><D44/><U43/><E43/><V48/><F132/><W65/><G73/><T111/><D111/><U63/><REACH who="1" step="1"/><E49/><REACH who="1" ten="225,235,255,255" step="2"/><V19/><F122/><W75/><G51/><T45/><D130/><U29/><E29/><V126/><F121/><W108/><G108/><T9/><D129/><U74/><E74/><V123/><F123/><W34/><G34/><T70/><D33/><U7/><E7/><V50/><F126/><W100/><G5/><T133/><D31/><U38/><E38/><V97/><F48/><W102/><G75/><T69/><D133/><U60/><E60/><V115/><F115/><W127/><G127/><T22/><D131/><U18/><E18/><N who="2" m="6699" /><F20/><W116/><G116/><T61/><D22/><U112/><E112/><V62/><F50/><W93/><G17/><N who="0" m="8367" /><D45/><U15/><AGARI ba="2,3" hai="6,10,15,52,55,63,64,71,72,79,81,85,88,94" machi="15" ten="20,8000,1" yaku="1,1,0,1,7,1,54,2,53,0" doraHai="30" doraHaiUra="27" who="1" fromWho="1" sc="225,-22,235,116,255,-42,255,-22" /><INIT seed="3,0,0,0,5,24" ten="203,351,213,233" oya="3" hai0="100,120,77,67,21,3,109,8,60,69,45,133,34" hai1="123,105,83,90,115,104,129,88,92,23,110,128,97" hai2="22,6,80,30,15,1,64,29,96,58,54,4,9" hai3="66,70,5,113,51,28,56,106,116,43,98,74,81"/><W20/><G113/><T38/><D120/><U131/><E23/><V0/><F64/><W2/><G116/><T53/><D109/><U127/><E110/><V46/><F46/><W27/><G70/><T25/><D133/><U135/><E135/><V41/><F41/><W82/><G74/><T68/><D34/><U132/><E132/><V13/><F80/><N who="3" m="30827" /><G2/><T16/><D77/><U11/><E11/><V108/><F108/><W33/><G33/><T126/><D126/><U7/><E7/><V40/><F40/><W52/><G106/><N who="1" m="41066" /><E127/><V124/><F124/><W118/><G118/><T31/><D100/><U91/><E123/><V44/><F96/><W50/><G98/><T79/><D79/><U36/><E36/><V18/><F44/><N who="3" m="25887" /><G5/><N who="2" m="2153" /><F54/><W78/><G78/><T111/><D111/><U65/><E65/><AGARI ba="0,0" hai="20,27,28,51,52,56,65,66" m="25887,30827" machi="65" ten="30,5800,0" yaku="8,1,52,1,54,1" doraHai="24" who="3" fromWho="1" sc="203,0,351,-58,213,0,233,58" /><INIT seed="3,1,0,1,3,76" ten="203,293,213,291" oya="3" hai0="118,19,57,87,108,24,34,27,52,100,111,77,134" hai1="0,4,131,78,90,122,127,42,121,116,107,135,38" hai2="70,61,96,62,2,59,3,110,17,74,84,43,130" hai3="89,98,20,45,102,8,128,104,5,106,105,82,32"/><W133/><G32/><T88/><D118/><U69/><RYUUKYOKU type="yao9" ba="1,0" sc="203,0,293,0,213,0,291,0" hai1="0,4,38,42,69,78,90,107,116,121,122,127,131,135" /><INIT seed="3,2,0,0,3,134" ten="203,293,213,291" oya="3" hai0="61,66,11,104,118,135,123,119,63,86,19,53,101" hai1="131,6,128,114,100,51,105,88,97,111,57,70,46" hai2="94,9,87,45,49,130,62,113,60,48,69,109,98" hai3="22,90,0,30,41,27,56,34,95,23,78,106,15"/><W82/><G106/><T68/><D123/><U28/><E70/><V103/><F113/><W7/><G41/><T74/><D135/><U115/><E111/><V10/><F109/><W65/><G0/><T40/><D74/><U71/><E71/><V42/><F130/><N who="1" m="49705" /><E28/><V120/><F120/><W112/><G112/><T80/><D40/><N who="1" m="25031" /><E6/><V14/><F87/><W72/><G65/><T127/><D104/><U89/><E57/><V67/><F60/><W91/><G56/><T32/><D32/><U29/><E29/><V5/><F9/><W110/><G110/><T31/><D31/><U93/><E89/><V8/><F8/><W47/><G47/><T33/><D33/><U125/><E125/><V117/><F117/><W54/><G54/><T26/><D11/><U75/><E75/><V25/><F25/><W121/><G121/><T38/><D26/><U85/><AGARI ba="2,0" hai="85,88,93,97,100,105,114,115" m="25031,49705" machi="85" ten="30,2000,0" yaku="19,1,54,1" doraHai="134" who="1" fromWho="1" sc="203,-7,293,26,213,-7,291,-12" /><INIT seed="4,0,0,4,1,56" ten="196,319,206,279" oya="0" hai0="131,128,14,119,4,24,61,27,12,132,98,97,59" hai1="118,3,91,55,113,48,83,8,36,120,64,68,16" hai2="121,100,125,33,86,106,62,18,116,105,30,134,78" hai3="72,21,88,73,76,130,77,127,63,110,103,41,133"/><T51/><D119/><U25/><E36/><V43/><F116/><W57/><G110/><T71/><D71/><U46/><E118/><V5/><F121/><W31/><G103/><T135/><D51/><U126/><E120/><V87/><F134/><N who="0" m="51242" /><D24/><U117/><E117/><V82/><F125/><W42/><G133/><T9/><D14/><U109/><E109/><V115/><F115/><W94/><G127/><T129/><D27/><U79/><E126/><V32/><F5/><W49/><G73/><T75/><D75/><U52/><E113/><V112/><F112/><W10/><G72/><T69/><D69/><U102/><E3/><V45/><F18/><W80/><G10/><T96/><D96/><U90/><E8/><V26/><F33/><W23/><G23/><T50/><D50/><U108/><E108/><V99/><F87/><N who="3" m="50279" /><G49/><T15/><D15/><U124/><E124/><V38/><F62/><W47/><G21/><T123/><D123/><U84/><E102/><V95/><AGARI ba="0,0" hai="26,30,32,38,43,45,78,82,86,95,99,100,105,106" machi="95" ten="20,1500,0" yaku="0,1,7,1" doraHai="56" who="2" fromWho="2" sc="196,-7,319,-4,206,15,279,-4" /><INIT seed="5,0,0,5,4,52" ten="189,315,221,275" oya="1" hai0="9,71,80,19,118,122,101,128,32,17,117,81,87" hai1="103,135,94,12,69,47,77,115,89,92,91,76,83" hai2="130,68,30,55,0,39,110,43,79,116,123,59,95" hai3="37,133,93,25,45,75,46,54,44,120,106,49,113"/><U108/><E69/><V127/><F123/><W64/><G106/><T34/><D128/><U85/><E12/><V124/><F116/><W105/><G105/><T33/><D122/><U42/><E108/><V14/><F110/><W73/><G120/><T84/><D71/><U82/><E115/><V132/><F68/><W114/><G64/><T66/><D66/><U2/><E2/><V96/><F130/><W1/><G1/><T11/><D33/><U99/><E47/><V58/><F132/><W38/><G133/><T90/><D90/><N who="1" m="34315" /><E42/><V129/><F129/><W23/><G93/><T27/><REACH who="0" step="1"/><D27/><REACH who="0" ten="179,315,221,275" step="2"/><U24/><E24/><V8/><F127/><W3/><G25/><T104/><D104/><N who="1" m="63615" /><E135/><V121/><F124/><W119/><G114/><T10/><D10/><U22/><E22/><V53/><F121/><W5/><G23/><T102/><AGARI ba="0,1" hai="9,11,17,19,32,34,80,81,84,87,101,102,117,118" machi="102" ten="25,6400,0" yaku="1,1,0,1,22,2,53,0" doraHai="52" doraHaiUra="70" who="0" fromWho="0" sc="179,74,315,-32,221,-16,275,-16" /><INIT seed="6,0,0,4,2,73" ten="253,283,205,259" oya="2" hai0="46,5,113,101,38,106,2,3,58,81,7,90,133" hai1="45,127,34,51,103,22,129,69,108,115,107,125,8" hai2="86,128,6,18,95,110,1,92,100,29,111,78,99" hai3="37,118,104,40,55,62,30,61,39,119,41,63,72"/><V16/><F128/><W130/><G104/><T112/><D133/><U135/><E69/><V117/><F117/><N who="3" m="44555" /><G72/><T54/><D106/><U14/><E34/><V52/><F29/><W84/><G84/><N who="0" m="50447" /><D101/><U97/><E129/><V48/><F1/><W87/><G87/><T19/><D19/><U91/><E135/><V68/><F6/><N who="0" m="2058" /><D46/><U57/><E108/><N who="2" m="41515" /><F68/><W24/><G24/><T42/><D42/><N who="3" m="16489" /><G30/><T75/><D38/><N who="3" m="14345" /><G130/><T9/><D9/><U114/><E8/><V65/><F65/><W132/><G132/><T66/><D66/><U49/><E107/><V20/><F20/><W53/><AGARI ba="0,0" hai="53,55,61,62,63" m="14345,16489,44555" machi="53" ten="40,8000,1" yaku="28,2,34,2" doraHai="73" who="3" fromWho="3" sc="253,-20,283,-20,205,-40,259,80" /><INIT seed="7,0,0,4,5,66" ten="233,263,165,339" oya="3" hai0="16,86,14,40,129,98,134,116,90,131,120,24,37" hai1="103,100,123,58,135,30,63,36,70,91,75,110,125" hai2="25,109,64,114,80,11,127,101,5,106,61,15,51" hai3="44,32,122,53,28,105,76,111,35,47,113,115,34"/><W27/><G105/><T124/><D120/><U78/><E36/><V88/><F109/><W21/><G122/><T72/><D72/><U55/><E123/><V22/><F114/><N who="3" m="43531" /><G111/><T31/><D116/><U117/><E110/><V26/><F127/><W23/><G76/><T9/><D98/><U49/><E117/><V29/><F106/><W93/><G93/><T67/><D134/><U52/><E135/><V12/><F101/><W89/><G89/><T45/><D124/><U87/><E125/><V46/><F15/><W10/><G10/><T118/><D118/><U33/><E78/><V108/><F108/><W59/><G23/><T62/><D90/><U96/><E75/><V56/><F26/><W18/><G18/><T126/><D86/><U1/><E1/><V83/><REACH who="2" step="1"/><F88/><REACH who="2" ten="233,263,155,339" step="2"/><W85/><G27/><T20/><REACH who="0" step="1"/><D126/><REACH who="0" ten="223,263,155,339" step="2"/><U79/><E79/><V17/><F17/><W54/><G28/><T84/><D84/><U7/><E30/><V107/><F107/><W102/><G85/><T104/><D104/><U38/><E87/><V50/><F50/><W57/><G102/><T60/><D60/><U69/><E103/><V19/><F19/><W42/><G34/><T82/><D82/><U43/><E100/><V95/><F95/><W2/><G35/><T92/><D92/><U112/><E33/><V73/><F73/><W133/><G32/><T13/><D13/><U3/><E49/><V8/><F8/><W41/><G133/><T119/><D119/><U4/><E63/><V130/><F130/><W74/><G74/><T94/><D94/><U71/><E112/><RYUUKYOKU ba="0,2" sc="223,15,263,-15,155,15,339,-15" hai0="9,14,16,20,24,31,37,40,45,62,67,129,131" hai2="5,11,12,22,25,29,46,51,56,61,64,80,83" owari="238,-16.0,248,5.0,170,-33.0,344,44.0" /></mjloggm>