<mjloggm ver="2.3"><GO type="169" lobby="0"/><UN n0="%E3%81%9F%E3%81%8C%E3%82%84%E3%81%99" n1="%73%69%6E%73%69%73%74" n2="%E3%80%90%E4%B8%8A%E5%9F%9C%E4%B9%85%E3%80%91" n3="%E3%82%A6%E3%83%AB%E3%83%88%E3%83%A9%E7%AB%8B%E7%9B%B4" dan="16,17,16,17" rate="2081.10,2140.77,2072.92,2196.75" sx="M,M,F,M"/><TAIKYOKU oya="0"/><INIT seed="0,0,0,3,0,76" ten="250,250,250,250" oya="0" hai0="84,35,22,14,61,64,117,111,66,78,8,23,89" hai1="72,58,116,102,56,5,19,123,15,80,36,128,34" hai2="106,41,118,81,24,83,129,2,132,68,29,93,49" hai3="85,133,38,37,112,25,82,30,47,79,55,91,86"/><T71/><D35/><U77/><E123/><V16/><F106/><W120/><G133/><T122/><D117/><U88/><E116/><V107/><F107/><W60/><G112/><T52/><D122/><U101/><E128/><V115/><F115/><W62/><G120/><T124/><D124/><U87/><E34/><V42/><F2/><W104/><G104/><T70/><D111/><U96/><E36/><V95/><F68/><W31/><G31/><T134/><D134/><U99/><E5/><V3/><F3/><W92/><G38/><T125/><D125/><U63/><E58/><V32/><F132/><W27/><G27/><T121/><D121/><U50/><E50/><V94/><F118/><W59/><G47/><T26/><D78/><U21/><E72/><V46/><F129/><W127/><G37/><T108/><D108/><U75/><E75/><V51/><F16/><W39/><G39/><T135/><D135/><U40/><E40/><V45/><AGARI ba="0,0" hai="24,29,32,41,42,45,46,49,51,81,83,93,94,95" machi="45" ten="30,7900,0" yaku="0,1,9,1,52,2" doraHai="76" who="2" fromWho="2" sc="250,-39,250,-20,250,79,250,-20" /><INIT seed="1,0,0,3,1,36" ten="211,230,329,230" oya="1" hai0="130,106,103,67,120,97,54,116,134,63,55,27,0" hai1="47,133,100,52,35,25,15,73,84,53,124,22,11" hai2="34,102,43,17,40,58,96,61,110,49,122,41,8" hai3="32,125,129,85,12,88,60,76,45,77,101,78,69"/><U109/><E73/><V3/><F34/><W4/><G32/><T118/><D0/><U20/><E35/><V23/><F110/><W104/><G129/><T44/><D134/><U48/><E133/><V16/><F122/><W14/><G125/><T121/><D130/><U123/><E123/><V68/><F68/><W114/><G114/><T28/><D121/><U108/><E124/><V57/><F3/><W7/><G69/><T74/><D74/><U62/><E100/><V42/><F8/><W111/><G111/><N who="1" m="42570" /><E84/><V64/><F23/><N who="1" m="8745" /><E25/><V99/><F58/><W31/><G101/><T65/><D120/><U98/><E98/><N who="2" m="37419" /><F102/><W18/><G85/><T33/><D65/><U126/><E126/><V117/><F117/><W135/><G135/><T131/><D131/><U92/><E92/><V113/><F113/><W90/><G31/><T81/><D81/><U39/><E39/><V112/><F112/><W51/><G104/><T59/><D118/><U6/><E62/><V1/><F1/><W2/><G60/><T87/><D116/><U13/><E13/><V82/><F82/><W46/><G2/><T38/><REACH who="0" step="1"/><D87/><REACH who="0" ten="201,230,329,230" step="2"/><U75/><E75/><V86/><F86/><W127/><G127/><T24/><D24/><U119/><E119/><V70/><F70/><W107/><G77/><T71/><D71/><U95/><E95/><V50/><N who="2" m="10240" /><DORA hai="10" /><V29/><F29/><W79/><G78/><T105/><D105/><U26/><E26/><V72/><F72/><W66/><G107/><T132/><D132/><U93/><E93/><V89/><F89/><N who="3" m="34411" /><G79/><T21/><D21/><RYUUKYOKU ba="0,1" sc="201,10,230,10,329,10,230,-30" hai0="27,28,33,38,44,54,55,59,63,67,97,103,106" hai1="6,11,15,47,48,52,53" hai2="16,17,49,50,57,61,64" /><INIT seed="1,1,1,0,5,23" ten="211,240,339,200" oya="1" hai0="82,44,85,108,29,69,84,25,26,27,120,123,110" hai1="45,56,130,125,22,19,75,18,72,7,128,115,118" hai2="34,70,105,81,36,89,121,112,132,68,107,114,12" hai3="59,1,94,92,47,109,131,38,33,65,14,32,67"/><U4/><E115/><N who="2" m="44075" /><F34/><W39/><G1/><T40/><D69/><N who="2" m="26730" /><F36/><W10/><G59/><T42/><D29/><U13/><E118/><V2/><F2/><W54/><G14/><T43/><D44/><U62/><E45/><V0/><F0/><W134/><G47/><T80/><D85/><U6/><E19/><V97/><F121/><N who="0" m="46666" /><D82/><U129/><REACH who="1" step="1"/><E125/><REACH who="1" ten="211,230,339,200" step="2"/><V51/><F132/><W78/><G134/><T21/><D21/><U117/><E117/><V93/><F107/><W101/><G33/><T24/><N who="0" m="6144" /><DORA hai="116" /><T127/><D127/><U119/><E119/><V53/><F105/><W106/><G106/><T17/><D17/><U99/><E99/><V35/><F35/><W37/><G32/><T16/><D16/><U71/><E71/><V98/><F98/><W103/><G39/><T30/><D30/><U41/><E41/><V77/><F97/><W5/><G38/><T8/><D8/><U73/><E73/><V64/><F81/><W87/><G10/><T28/><D28/><U122/><E122/><V95/><F95/><W52/><G92/><T96/><D96/><U48/><E48/><V15/><F93/><W49/><G94/><T60/><D60/><U46/><E46/><V79/><F51/><W20/><G37/><T3/><D3/><U86/><E86/><V104/><F104/><W11/><G87/><T111/><D43/><U90/><E90/><AGARI ba="1,2" hai="40,42,80,84,90,108,110,111" m="6144,46666" machi="90" ten="50,16000,3" yaku="14,1,13,1,52,7" doraHai="23,116" who="0" fromWho="1" sc="211,183,230,-163,339,0,200,0" /><INIT seed="2,0,0,1,1,81" ten="394,67,339,200" oya="2" hai0="55,132,103,87,30,116,126,24,13,122,8,44,89" hai1="4,107,21,1,39,27,88,61,127,33,91,85,95" hai2="60,124,119,112,131,38,117,2,76,123,100,7,48" hai3="9,42,67,113,36,20,78,15,77,51,71,64,114"/><V108/><F100/><W19/><G36/><T41/><D103/><U14/><E107/><V5/><F76/><W106/><G106/><T49/><D132/><U35/><E127/><V128/><F60/><N who="3" m="40327" /><G67/><T104/><D126/><U73/><E73/><V53/><F124/><W79/><G51/><T6/><D116/><U93/><E39/><V133/><F38/><W135/><G42/><T94/><D104/><U97/><E14/><V58/><F123/><W34/><G34/><T130/><D130/><N who="2" m="49706" /><F112/><N who="3" m="43115" /><G135/><T57/><D122/><U69/><E69/><V0/><F133/><W10/><AGARI ba="0,0" hai="9,10,15,19,20,77,78,79" m="43115,40327" machi="10" ten="40,1500,0" yaku="11,1" doraHai="81" who="3" fromWho="3" sc="394,-4,67,-4,339,-7,200,15" /><INIT seed="3,0,0,0,3,2" ten="390,63,332,215" oya="3" hai0="82,19,135,76,58,36,96,110,9,129,25,64,131" hai1="52,22,63,14,5,106,44,102,45,73,109,123,48" hai2="122,86,30,6,1,90,111,75,33,108,61,112,93" hai3="98,66,7,11,43,101,29,46,114,51,62,16,71"/><W88/><G29/><T69/><D36/><U70/><E123/><V12/><F1/><W99/><G114/><T85/><D135/><U15/><E109/><N who="2" m="42059" /><F112/><W3/><G101/><T78/><D110/><U47/><E73/><V23/><F33/><W124/><G124/><T72/><D69/><U18/><E102/><V113/><F113/><W115/><G115/><T132/><D132/><U60/><E106/><V80/><F122/><W89/><REACH who="3" step="1"/><G16/><REACH who="3" ten="390,63,332,205" step="2"/><T37/><D19/><U32/><E32/><V91/><F30/><W17/><G17/><T127/><D127/><U39/><E70/><V118/><F118/><W134/><G134/><T41/><D25/><U100/><E100/><V68/><F23/><W34/><G34/><T28/><D28/><U67/><E39/><V125/><F125/><W81/><G81/><T74/><D82/><U117/><E117/><V105/><F105/><W133/><G133/><T92/><D37/><U27/><E27/><V31/><F31/><W38/><G38/><T20/><D20/><U103/><E103/><V35/><F35/><W13/><G13/><T104/><D104/><U56/><REACH who="1" step="1"/><E63/><REACH who="1" ten="390,53,332,205" step="2"/><V49/><F61/><W95/><G95/><T116/><D92/><U119/><E119/><V24/><F24/><W59/><G59/><T79/><D58/><U8/><AGARI ba="0,2" hai="5,8,14,15,18,22,44,45,47,48,52,56,60,67" machi="8" ten="30,8000,1" yaku="1,1,0,1,8,1,52,1,54,1,53,0" doraHai="2" doraHaiUra="83" who="1" fromWho="1" sc="390,-20,53,100,332,-20,205,-40" /><INIT seed="4,0,0,2,4,106" ten="370,153,312,165" oya="0" hai0="63,112,119,6,55,2,91,89,133,111,90,3,70" hai1="22,5,122,50,32,10,98,114,87,31,126,79,75" hai2="54,127,21,109,80,118,130,57,13,11,49,134,29" hai3="86,73,0,99,17,115,131,51,40,24,36,72,117"/><T66/><D6/><U8/><E122/><V18/><F109/><W124/><G117/><T85/><D119/><U33/><E126/><V108/><F108/><W56/><G0/><T107/><D111/><U113/><E87/><V132/><F118/><W43/><G36/><T77/><D107/><U19/><E98/><V37/><F37/><W26/><G99/><T120/><D120/><U123/><E123/><V35/><F35/><N who="1" m="13385" /><E50/><V67/><F130/><W4/><G4/><T101/><D101/><U16/><E75/><V42/><F127/><W61/><G124/><T100/><D100/><U47/><E47/><V105/><F42/><W53/><G131/><T81/><D55/><U68/><E79/><V23/><F105/><W28/><G86/><T46/><D46/><U45/><E45/><V116/><F116/><W82/><G51/><T110/><D110/><U48/><E68/><V78/><F67/><W38/><G38/><T34/><D70/><U39/><E48/><V93/><F93/><W9/><G82/><T94/><D94/><U44/><E44/><V1/><F1/><W135/><G43/><T41/><D85/><U59/><E59/><V12/><F29/><W128/><G56/><T74/><D81/><U129/><E129/><V65/><F65/><W102/><G28/><T103/><D74/><U71/><E5/><N who="2" m="3183" /><F80/><W52/><G40/><T14/><D66/><U96/><E39/><V88/><F78/><W15/><G128/><T69/><D77/><U76/><E76/><V25/><F88/><W104/><G53/><T27/><D41/><U125/><E125/><RYUUKYOKU ba="0,0" sc="370,-10,153,-10,312,30,165,-10" hai2="13,18,21,23,25,49,54,57,132,134" /><INIT seed="5,1,0,4,3,7" ten="360,143,342,155" oya="1" hai0="115,14,81,21,83,59,132,130,84,118,134,67,125" hai1="94,23,113,78,15,100,126,71,109,11,110,93,64" hai2="8,27,101,18,135,114,3,68,87,95,4,53,54" hai3="56,22,55,89,112,90,24,119,121,124,13,120,123"/><U42/><E113/><V10/><F68/><W16/><G124/><T46/><D46/><U73/><E126/><V107/><F107/><W47/><G119/><T75/><D125/><U80/><E42/><V0/><F135/><W44/><G112/><T65/><D118/><U99/><E23/><V85/><F114/><W108/><G108/><N who="1" m="41578" /><E64/><V88/><F101/><W1/><G1/><T58/><D21/><U51/><E51/><V20/><F85/><W5/><G47/><T122/><D65/><U66/><E66/><V36/><F36/><W52/><G44/><T28/><D67/><U41/><E41/><V62/><F62/><W128/><G128/><T103/><D130/><U25/><E25/><V19/><F19/><W131/><G131/><T69/><D134/><U12/><E12/><V38/><F38/><W63/><REACH who="3" step="1"/><G55/><REACH who="3" ten="360,143,342,145" step="2"/><T29/><D115/><U57/><E71/><V105/><F54/><W116/><G116/><T40/><D69/><U9/><E57/><V106/><F53/><W39/><G39/><T17/><D59/><U82/><E15/><V96/><F0/><W133/><G133/><T117/><D58/><U60/><E60/><V35/><F3/><W31/><G31/><T50/><D117/><U48/><E48/><V49/><F49/><W102/><G102/><T86/><D50/><U127/><E127/><V37/><F37/><W43/><G43/><T33/><D40/><U61/><E61/><V74/><F27/><W104/><G104/><T76/><D132/><U32/><E100/><V30/><F30/><W98/><G98/><T111/><D103/><RYUUKYOKU ba="1,1" sc="360,-10,143,-10,342,-10,145,30" hai3="5,13,16,22,24,52,56,63,89,90,120,121,123" /><INIT seed="6,2,1,1,5,89" ten="350,133,332,175" oya="2" hai0="49,131,1,97,83,88,43,133,130,84,123,80,117" hai1="48,74,18,114,6,51,29,35,15,8,56,94,118" hai2="87,134,12,39,126,11,100,59,3,22,25,109,55" hai3="66,106,31,119,20,116,104,64,46,67,33,101,77"/><V53/><F3/><W69/><G20/><T121/><D1/><U108/><E108/><V91/><F39/><W63/><G77/><T71/><D71/><U93/><E118/><V54/><F109/><W90/><G104/><T47/><D133/><U17/><E74/><V125/><F134/><W76/><G76/><T113/><D113/><U2/><E114/><V27/><F100/><W128/><G128/><N who="0" m="49195" /><D117/><U75/><E75/><V23/><F59/><W81/><G67/><T5/><D5/><U4/><E4/><N who="2" m="3175" /><F126/><W70/><G66/><T42/><D97/><U10/><E18/><N who="2" m="12503" /><F125/><W102/><G70/><T111/><D111/><U98/><E98/><V58/><F58/><W72/><G69/><T45/><D80/><U132/><E132/><V110/><F110/><W120/><G81/><T0/><D0/><U73/><E73/><V78/><F78/><W96/><G72/><T61/><D61/><U129/><E129/><V16/><F55/><W57/><G57/><T26/><D26/><U124/><E124/><V37/><F37/><AGARI ba="2,1" hai="37,42,43,45,47,49,83,84,88,121,123" m="49195" machi="37" ten="30,2000,0" yaku="19,1,54,1" doraHai="89" who="0" fromWho="2" sc="350,36,133,0,332,-26,175,0" /><INIT seed="7,0,0,2,0,115" ten="386,133,306,175" oya="3" hai0="4,37,75,131,87,76,63,36,25,44,65,122,52" hai1="71,47,22,24,74,3,57,124,94,61,111,99,33" hai2="92,104,118,93,46,67,85,64,68,13,97,81,114" hai3="29,34,39,54,90,109,107,80,53,7,113,98,82"/><W43/><G7/><T119/><D75/><U128/><E111/><V11/><F114/><W112/><G109/><T35/><D122/><U133/><E133/><V72/><F68/><W62/><G43/><T130/><D4/><U1/><E124/><V129/><F129/><N who="0" m="49162" /><D119/><U50/><E33/><V32/><F32/><W2/><G54/><T56/><D76/><U110/><E71/><V38/><F72/><W123/><G82/><T89/><D35/><U49/><E74/><V6/><F118/><W78/><G29/><T59/><D25/><U12/><E12/><V5/><F104/><W69/><G98/><T103/><D103/><U105/><E105/><V127/><F127/><W117/><G62/><N who="0" m="38087" /><D44/><U83/><E83/><AGARI ba="0,0" hai="36,37,52,59,63,83,87,89" m="38087,49162" machi="83" ten="30,2000,0" yaku="19,1,54,1" doraHai="115" who="0" fromWho="1" sc="386,20,133,-20,306,0,175,0" owari="406,50.0,113,-39.0,306,11.0,175,-22.0" /></mjloggm>