<mjloggm ver="2.3"><GO type="169" lobby="0"/><UN n0="%E3%81%A8%E3%81%B3%E3%81%BE%E3%82%8B" n1="%E3%83%88%E3%83%88%E3%83%AA%E5%85%88%E7%94%9F%31%39%E6%AD%B3" n2="%73%61%6E%74%61%6E%61%33" n3="%41%E3%82%86%E3%81%A3%E3%81%93%E3%82%93%E3%81%90" dan="16,18,16,17" rate="2103.71,2293.23,2040.95,2137.74" sx="M,F,M,M"/><TAIKYOKU oya="0"/><INIT seed="0,0,0,3,4,71" ten="250,250,250,250" oya="0" hai0="30,114,98,36,120,90,81,27,50,121,108,35,78" hai1="103,107,104,88,102,75,113,39,57,125,131,117,67" hai2="33,94,92,17,23,112,29,61,5,96,11,3,122" hai3="132,2,85,58,1,86,123,101,19,118,16,18,10"/><T109/><D114/><U135/><E117/><V99/><F122/><W91/><G118/><T127/><D127/><U56/><E75/><V7/><F112/><W60/><G123/><T46/><D90/><U134/><E113/><V76/><F76/><W129/><G129/><T133/><D98/><U13/><E13/><V100/><F5/><W82/><G132/><T55/><D133/><N who="1" m="50699" /><E67/><V70/><F61/><W115/><G115/><T65/><D65/><U54/><E131/><V69/><F29/><W25/><G101/><N who="1" m="38410" /><E88/><V77/><F77/><W119/><G119/><T126/><D126/><U15/><E15/><V124/><F124/><W52/><G10/><T47/><D120/><U48/><E125/><V74/><F74/><W22/><REACH who="3" step="1"/><G86/><REACH who="3" ten="250,250,250,240" step="2"/><T73/><REACH who="0" step="1"/><D121/><REACH who="0" ten="240,250,250,240" step="2"/><U6/><E107/><V34/><F100/><W28/><AGARI ba="0,2" hai="1,2,16,18,19,22,25,28,52,58,60,82,85,91" machi="28" ten="30,12000,2" yaku="1,1,2,1,0,1,54,2,53,1" doraHai="71" doraHaiUra="20" who="3" fromWho="3" sc="240,-60,250,-30,250,-30,240,140" /><INIT seed="1,0,0,0,1,35" ten="180,220,220,380" oya="1" hai0="67,100,22,107,82,1,6,78,97,18,49,43,28" hai1="87,51,115,11,62,15,119,94,83,122,79,81,66" hai2="129,57,93,68,9,44,92,123,10,45,4,7,38" hai3="96,125,72,108,127,104,118,71,103,135,120,54,70"/><U47/><E115/><V48/><F123/><W76/><G120/><T21/><D67/><U132/><E122/><V25/><F129/><W124/><G108/><T12/><D6/><U59/><E132/><V112/><F68/><W130/><G130/><T116/><D116/><U114/><E114/><V61/><F112/><W73/><G135/><T60/><D60/><U101/><E119/><V131/><F38/><W84/><G118/><T37/><D37/><U91/><E101/><V33/><F33/><W90/><G54/><T89/><D89/><U39/><E39/><V74/><F74/><N who="3" m="28779" /><G76/><T56/><D1/><U102/><E102/><V20/><F7/><W13/><G13/><T64/><D28/><U95/><E83/><AGARI ba="0,0" hai="70,71,83,84,90,96,103,104,124,125,127" m="28779" machi="83" ten="40,1300,0" yaku="18,1" doraHai="35" who="3" fromWho="1" sc="180,0,220,-13,220,0,380,13" /><INIT seed="2,0,0,4,0,118" ten="180,207,220,393" oya="2" hai0="42,5,79,58,36,61,8,1,132,7,46,128,41" hai1="3,52,91,51,12,90,16,78,11,123,107,64,20" hai2="56,93,99,34,101,113,37,39,117,122,111,14,48" hai3="66,63,102,30,18,108,55,100,54,27,106,6,130"/><V74/><F122/><W131/><G108/><T23/><D128/><N who="3" m="49193" /><G6/><T72/><D132/><U94/><E107/><V47/><F117/><W21/><G106/><T68/><D68/><U89/><E123/><V98/><F74/><W135/><G135/><T116/><D116/><U50/><E78/><V83/><F34/><W22/><G55/><T92/><D5/><N who="1" m="3183" /><E51/><V62/><F113/><W0/><G54/><T97/><D41/><U32/><E64/><V81/><F98/><W95/><G95/><T31/><D31/><U114/><E3/><V126/><F126/><W84/><G84/><T29/><D29/><U124/><E32/><V67/><F39/><W59/><G0/><T86/><D23/><U76/><E76/><V125/><F37/><W103/><G103/><T15/><D1/><U119/><E124/><V53/><F125/><W60/><G60/><T26/><D61/><U121/><E121/><V85/><F111/><W43/><G43/><T133/><D42/><U70/><E70/><V129/><F129/><W115/><G115/><T19/><D36/><U77/><E77/><V40/><F85/><W65/><G65/><T44/><D86/><N who="1" m="52535" /><E114/><V105/><F105/><W9/><G9/><T71/><D79/><U87/><E87/><V45/><F40/><W49/><G49/><T120/><D120/><U127/><E127/><V109/><F109/><W104/><G104/><T134/><D134/><U24/><E119/><V4/><F45/><AGARI ba="0,0" hai="16,20,24,45,50,52,90,91" m="52535,3183" machi="45" ten="30,3900,0" yaku="8,1,54,2" doraHai="118" who="1" fromWho="2" sc="180,0,207,39,220,-39,393,0" /><INIT seed="3,0,0,5,4,35" ten="180,246,181,393" oya="3" hai0="115,125,109,117,0,55,121,29,45,19,54,97,36" hai1="116,134,26,38,104,34,12,82,67,89,7,13,48" hai2="77,1,83,61,74,102,111,9,113,16,91,63,39" hai3="24,60,22,51,131,44,30,14,23,106,114,87,32"/><W70/><G114/><T105/><D117/><U129/><E38/><V107/><F113/><W128/><G106/><T135/><D115/><U68/><E104/><V101/><F111/><W95/><G95/><T49/><D109/><U93/><E116/><V15/><F39/><W8/><G87/><T100/><D121/><U99/><E129/><N who="3" m="49738" /><G60/><T108/><D108/><U85/><E134/><V119/><F119/><W90/><G90/><T80/><D125/><U50/><E67/><V78/><F78/><W127/><G70/><T18/><D29/><U126/><E68/><V25/><F91/><W59/><G59/><T112/><D36/><U72/><E126/><V56/><F63/><W120/><G127/><T31/><D55/><U57/><E72/><V43/><F43/><W94/><G94/><T5/><D135/><U62/><E26/><V6/><F25/><W33/><G23/><T41/><D54/><U69/><E34/><V37/><F37/><W46/><G46/><T27/><D112/><U40/><E69/><V123/><F123/><W118/><G118/><T64/><D64/><U20/><E40/><V76/><F76/><W47/><G47/><T133/><D80/><U96/><E96/><V92/><F107/><W86/><G86/><T53/><D41/><U122/><E122/><V10/><F92/><W4/><G120/><T2/><D133/><U84/><E62/><V124/><F124/><W21/><G32/><T98/><D98/><U11/><E85/><V3/><REACH who="2" step="1"/><F1/><REACH who="2" ten="180,246,171,393" step="2"/><W42/><AGARI ba="0,1" hai="4,8,14,21,22,24,30,33,42,44,51" m="49738" machi="42" ten="30,1500,0" yaku="19,1" doraHai="35" who="3" fromWho="3" sc="180,-5,246,-5,171,-5,393,25" /><INIT seed="3,1,0,4,1,19" ten="175,241,166,418" oya="3" hai0="111,75,123,26,124,83,46,64,56,100,20,135,2" hai1="15,80,107,72,132,0,54,7,87,65,39,10,63" hai2="102,16,27,68,81,70,5,127,14,78,17,101,13" hai3="79,37,3,77,89,105,34,67,40,134,18,85,62"/><W43/><G134/><T112/><D123/><U1/><E107/><V119/><F119/><W6/><G105/><T71/><D135/><U25/><E132/><V116/><F116/><W33/><G33/><T58/><D2/><U60/><E72/><V28/><F127/><W41/><G34/><T84/><D124/><U50/><E39/><V57/><F5/><W91/><G37/><T38/><D75/><U82/><E25/><V115/><F115/><W59/><G18/><N who="2" m="7273" /><F68/><W35/><G35/><T22/><D111/><U23/><E23/><N who="0" m="8745" /><D38/><U130/><E80/><V104/><F70/><W69/><G69/><T90/><D71/><U61/><E130/><V21/><F57/><N who="0" m="22122" /><D26/><U66/><E0/><V44/><F44/><W48/><G3/><T128/><D128/><U53/><E1/><V92/><F104/><W49/><G59/><T47/><D112/><U9/><E9/><V52/><F52/><N who="1" m="20073" /><E50/><V129/><F129/><W74/><G49/><T97/><D64/><U96/><E96/><N who="2" m="59527" /><F102/><W120/><G48/><T73/><D73/><U133/><E133/><V95/><F95/><AGARI ba="1,0" hai="46,47,83,84,90,95,97,100" m="22122,8745" machi="95" ten="30,7700,0" yaku="8,1,52,3" doraHai="19" who="0" fromWho="2" sc="175,80,241,0,166,-80,418,0" /><INIT seed="4,0,0,0,0,114" ten="255,241,86,418" oya="0" hai0="40,92,72,76,22,0,67,99,4,84,2,70,86" hai1="10,56,54,135,44,100,25,39,24,37,77,102,121" hai2="113,31,118,125,134,50,98,42,58,29,34,53,124" hai3="79,68,65,23,20,88,129,127,57,123,59,3,60"/><T16/><D40/><U81/><E121/><V89/><F113/><W83/><G3/><T61/><D72/><U69/><E135/><V133/><F34/><W52/><G129/><T109/><D109/><U9/><E69/><V112/><F112/><W82/><G127/><N who="2" m="48713" /><F42/><W106/><G106/><T55/><D4/><U91/><E91/><V1/><F1/><W7/><G7/><T15/><D55/><U90/><E90/><V85/><F98/><W128/><G128/><T74/><D74/><U38/><E44/><V32/><F32/><W64/><G79/><T13/><D13/><U108/><E108/><V14/><F14/><W101/><G64/><T107/><D107/><U111/><E111/><V119/><F29/><W66/><G65/><T5/><D5/><U8/><E25/><V28/><F28/><W45/><G101/><T48/><D48/><U73/><REACH who="1" step="1"/><E24/><REACH who="1" ten="255,231,86,418" step="2"/><V87/><F31/><W47/><G68/><T75/><D70/><U41/><E41/><V63/><F63/><AGARI ba="0,1" hai="8,9,10,37,38,39,54,56,63,73,77,81,100,102" machi="63" ten="50,1600,0" yaku="1,1,53,0" doraHai="114" doraHaiUra="36" who="1" fromWho="2" sc="255,0,231,26,86,-16,418,0" /><INIT seed="5,0,0,1,3,118" ten="255,257,70,418" oya="1" hai0="23,10,72,107,84,38,74,45,49,25,30,60,21" hai1="70,91,61,54,67,2,129,103,66,46,42,36,131" hai2="110,19,52,32,53,89,119,65,95,13,47,80,64" hai3="106,100,134,83,20,99,96,15,112,101,5,29,75"/><U122/><E2/><V102/><F119/><W109/><G109/><T98/><D38/><U22/><E103/><V6/><F110/><W117/><G117/><T56/><D10/><U121/><E91/><V17/><F32/><W126/><G112/><T78/><D23/><U120/><E22/><V44/><F102/><W51/><G134/><T26/><D26/><U12/><E12/><V111/><F111/><W128/><G126/><T1/><D1/><U35/><E35/><V33/><F33/><W28/><G128/><N who="1" m="49226" /><E54/><N who="2" m="21099" /><F80/><W41/><G83/><T69/><D98/><U76/><E76/><V93/><F6/><W113/><G5/><T16/><D30/><U59/><E67/><N who="2" m="25675" /><F13/><W40/><G15/><T90/><D74/><U43/><E43/><V87/><F87/><W116/><G116/><T125/><D84/><U34/><E34/><V27/><F27/><W50/><G20/><T68/><D25/><U135/><E135/><V81/><F81/><W11/><G11/><T86/><D21/><U124/><E124/><V82/><F82/><W31/><G75/><T115/><D72/><U58/><AGARI ba="0,0" hai="36,42,46,58,59,61,66,70,120,121,122" m="49226" machi="58" ten="40,18000,2" yaku="19,1,34,2,52,3" doraHai="118" who="1" fromWho="1" sc="255,-60,257,180,70,-60,418,-60" /><INIT seed="5,1,0,3,0,24" ten="195,437,10,358" oya="1" hai0="75,62,48,46,78,110,121,77,3,104,43,97,40" hai1="9,34,116,118,132,99,88,79,58,47,17,1,59" hai2="95,55,64,61,135,98,57,33,38,112,69,37,5" hai3="100,0,129,72,114,19,21,65,32,60,36,86,89"/><U26/><E132/><V117/><F135/><W111/><G111/><T109/><D3/><U107/><E79/><V15/><F117/><W134/><G134/><T108/><D121/><U125/><E125/><V71/><F112/><W10/><G114/><T80/><D77/><U128/><E128/><V127/><F33/><W41/><G72/><T44/><D62/><U124/><E124/><V115/><F127/><W83/><G32/><T18/><D18/><U82/><E47/><V130/><F115/><W126/><G129/><T49/><D108/><U56/><E107/><V25/><F130/><W105/><G41/><T42/><D42/><U23/><E34/><V94/><F95/><W103/><G36/><T6/><D6/><U51/><E1/><V28/><F15/><W113/><G113/><T120/><D120/><U52/><E118/><V20/><F5/><W7/><G105/><T45/><D45/><U76/><E116/><V131/><F131/><W53/><G53/><T133/><D133/><U50/><E9/><V31/><F31/><W54/><G54/><T63/><D63/><U102/><E50/><V85/><F85/><W22/><G126/><T14/><D14/><U96/><E102/><AGARI ba="1,0" hai="40,43,44,46,48,49,75,78,80,97,102,104,109,110" machi="102" ten="40,1300,0" yaku="9,1" doraHai="24" who="0" fromWho="1" sc="195,16,437,-16,10,0,358,0" /><INIT seed="6,0,0,4,0,118" ten="211,421,10,358" oya="2" hai0="67,33,21,102,108,89,58,80,8,5,71,0,26" hai1="92,113,126,110,78,44,43,19,114,74,103,98,112" hai2="123,68,56,28,41,124,13,48,131,104,30,54,47" hai3="73,69,134,85,111,129,17,61,55,29,50,96,86"/><V34/><F104/><W93/><G129/><T18/><D108/><U7/><E110/><V31/><F131/><W40/><G111/><T100/><D71/><U11/><E126/><V45/><F124/><W116/><G116/><T35/><D100/><U22/><E78/><V87/><F68/><W84/><G73/><T36/><D102/><U82/><E82/><V10/><F34/><W83/><G134/><T133/><D133/><U51/><E74/><V1/><F1/><W94/><G29/><T127/><D127/><U76/><E76/><V88/><F123/><W77/><G40/><T107/><D107/><U15/><E22/><V24/><F24/><W75/><G17/><T38/><D38/><U27/><E27/><V37/><F47/><W16/><G61/><T64/><D36/><U9/><E9/><V63/><F37/><W81/><G69/><T2/><D2/><U90/><E103/><V14/><REACH who="2" step="1"/><F10/><REACH who="2" ten="211,421,0,358" step="2"/><W62/><G77/><T4/><D35/><U120/><E120/><V95/><AGARI ba="0,1" hai="13,14,28,30,31,41,45,48,54,56,63,87,88,95" machi="95" ten="30,12000,1" yaku="1,1,2,1,0,1,8,1,54,1,53,0" doraHai="118" doraHaiUra="106" who="2" fromWho="2" sc="211,-40,421,-40,0,130,358,-40" /><INIT seed="6,1,0,2,4,133" ten="171,381,130,318" oya="2" hai0="127,65,93,84,48,50,61,26,67,73,74,25,81" hai1="66,0,59,111,3,68,54,124,30,21,28,70,105" hai2="118,113,90,46,23,82,13,122,78,22,62,20,80" hai3="10,134,101,19,39,83,56,92,11,86,110,43,12"/><V104/><F122/><W55/><G110/><T4/><D4/><U132/><E111/><V131/><F118/><W37/><G134/><T41/><D93/><U94/><E105/><V36/><F104/><W98/><G43/><T47/><D50/><U97/><E132/><V100/><F100/><W7/><G55/><T76/><D127/><U129/><E124/><V35/><F35/><W135/><G135/><T85/><D74/><U115/><E115/><V107/><F107/><W60/><G60/><T58/><REACH who="0" step="1"/><D67/><REACH who="0" ten="161,381,130,318" step="2"/><U2/><E66/><V79/><F113/><W112/><G112/><T14/><D14/><U77/><E2/><V9/><F131/><W119/><G12/><T31/><D31/><U71/><E28/><V102/><F102/><W33/><G7/><T75/><D75/><U24/><E0/><V17/><F36/><W125/><G37/><T5/><D5/><U49/><E3/><V72/><F62/><W109/><G101/><T63/><D63/><U44/><E129/><V34/><F34/><W91/><G33/><T18/><D18/><U88/><E30/><V114/><F114/><W51/><G109/><T15/><D15/><U128/><E128/><V87/><REACH who="2" step="1"/><F46/><REACH who="2" ten="161,381,120,318" step="2"/><W42/><G39/><T6/><D6/><U120/><E44/><V69/><F69/><W99/><G125/><T116/><D116/><U121/><E120/><V123/><F123/><W32/><G119/><T29/><D29/><N who="1" m="17551" /><E121/><V126/><F126/><W27/><G32/><T96/><D96/><U103/><E103/><V45/><F45/><N who="3" m="26039" /><G99/><T64/><D64/><U38/><E38/><RYUUKYOKU ba="1,2" sc="161,10,381,10,120,10,318,-30" hai0="25,26,41,47,48,58,61,65,73,76,81,84,85" hai1="49,54,59,68,70,71,77,88,94,97" hai2="9,13,17,20,22,23,72,78,79,80,82,87,90" /><INIT seed="6,2,2,2,2,127" ten="171,391,130,288" oya="2" hai0="83,51,4,35,36,47,53,32,130,87,13,29,125" hai1="111,58,39,69,89,107,17,64,20,129,62,128,112" hai2="82,121,70,30,131,38,43,122,56,59,45,3,71" hai3="74,123,72,23,63,54,113,79,97,103,31,67,14"/><V102/><F102/><W12/><G123/><N who="2" m="47113" /><F82/><W124/><G113/><T78/><D125/><U22/><E111/><V19/><F19/><W52/><G124/><T5/><D36/><U93/><E112/><V49/><F30/><W106/><G12/><T48/><D29/><U61/><E39/><V85/><F85/><W21/><G21/><T33/><D130/><N who="1" m="50283" /><E107/><V18/><F18/><W114/><G114/><T7/><REACH who="0" step="1"/><D51/><REACH who="0" ten="161,391,130,288" step="2"/><U92/><E17/><V10/><F131/><W66/><G31/><T94/><D94/><N who="1" m="36459" /><E89/><V28/><F28/><W100/><G106/><T84/><D84/><U34/><E34/><V120/><F120/><W133/><G72/><T99/><D99/><U2/><E2/><V75/><F3/><W60/><G97/><T104/><D104/><U98/><E98/><V117/><F75/><W132/><G74/><T9/><AGARI ba="2,3" hai="4,5,7,9,13,32,33,35,47,48,53,78,83,87" machi="9" ten="40,5200,0" yaku="1,1,0,1,53,1" doraHai="127" doraHaiUra="81" who="0" fromWho="0" sc="161,88,391,-15,130,-28,288,-15" /><INIT seed="7,0,0,3,2,73" ten="249,376,102,273" oya="3" hai0="18,71,69,113,127,55,116,34,27,67,51,50,105" hai1="3,90,79,35,10,59,68,134,7,46,14,95,60" hai2="47,104,92,111,97,126,39,36,49,121,131,87,96" hai3="101,12,75,53,91,120,0,76,16,22,98,43,11"/><W23/><G120/><T133/><D116/><U33/><E68/><V115/><F121/><W44/><G53/><T21/><D105/><U20/><E134/><V102/><F131/><W1/><G91/><T57/><D133/><U45/><E79/><V86/><F126/><W80/><G1/><T31/><D127/><U61/><E35/><V124/><F115/><W28/><G28/><T42/><D113/><U83/><E33/><V17/><F111/><W48/><REACH who="3" step="1"/><G0/><REACH who="3" ten="249,376,102,263" step="2"/><T58/><D31/><U114/><E114/><V100/><F124/><W56/><G56/><T93/><D58/><U13/><E3/><V72/><F36/><W106/><AGARI ba="0,1" hai="11,12,16,22,23,43,44,48,75,76,80,98,101,106" machi="106" ten="20,12000,1" yaku="1,1,0,1,7,1,52,1,54,1,53,0" doraHai="73" doraHaiUra="82" who="3" fromWho="3" sc="249,-40,376,-40,102,-40,263,130" owari="209,-19.0,336,14.0,62,-44.0,393,49.0" /></mjloggm>