<mjloggm ver="2.3"><GO type="169" lobby="0"/><UN n0="%E3%81%BE%E3%81%82%E3%81%BC%E3%81%86%E5%A4%A7%E4%BD%90" n1="%E5%B0%B1%E6%B4%BB%E7%94%9F%40%E5%B7%9D%E6%9D%91%E8%BB%8D%E5%9B%A3" n2="%E9%A7%84%E5%A6%B9" n3="%E3%83%B4%E3%82%A1%E3%83%AA%E3%83%BC" dan="16,18,17,16" rate="2075.34,2263.08,2127.58,2100.36" sx="F,M,F,M"/><TAIKYOKU oya="0"/><INIT seed="0,0,0,5,4,76" ten="250,250,250,250" oya="0" hai0="77,73,23,66,69,107,125,124,28,20,133,65,41" hai1="95,81,5,128,10,83,46,127,45,21,94,132,109" hai2="50,49,55,72,110,13,61,97,62,120,103,19,112" hai3="11,71,117,101,67,64,56,17,99,121,85,78,31"/><T119/><D119/><U30/><E109/><V8/><F112/><W115/><G71/><T93/><D107/><U29/><E128/><V4/><F120/><W15/><G121/><T129/><D129/><U32/><E32/><V68/><F72/><W22/><G115/><T47/><D133/><U6/><E132/><V38/><F38/><W105/><G117/><T26/><D69/><U86/><E86/><V27/><F110/><W44/><G44/><T0/><D0/><U118/><E21/><N who="2" m="13759" /><F68/><W25/><REACH who="3" step="1"/><G56/><REACH who="3" ten="250,250,250,240" step="2"/><T79/><D47/><U104/><E118/><V116/><F116/><W48/><G48/><T57/><D57/><U114/><E114/><V60/><F55/><W18/><G18/><T58/><D58/><U33/><E127/><V12/><F12/><W34/><G34/><T113/><D113/><U90/><E33/><V123/><F123/><W130/><G130/><T131/><D131/><U134/><E134/><V36/><F36/><W135/><G135/><T51/><D51/><U91/><E104/><V89/><F49/><W96/><G96/><T24/><D125/><U3/><E3/><V98/><F50/><W7/><G7/><T40/><D124/><U111/><E111/><V1/><F1/><W74/><G74/><T126/><D126/><U63/><E63/><V106/><F97/><W87/><G87/><T9/><D73/><U70/><E70/><V39/><F39/><W59/><G59/><T14/><D26/><U53/><E53/><V16/><F4/><W102/><G102/><T54/><D24/><U35/><E35/><V108/><F108/><RYUUKYOKU ba="0,1" sc="250,-30,250,10,250,10,240,10" hai1="5,6,10,29,30,45,46,81,83,90,91,94,95" hai2="8,13,16,60,61,62,89,98,103,106" hai3="11,15,17,22,25,31,64,67,78,85,99,101,105" /><INIT seed="1,1,1,5,0,17" ten="220,260,260,250" oya="1" hai0="116,38,59,78,64,45,33,75,46,115,40,109,24" hai1="113,60,57,30,29,52,73,15,66,114,91,71,48" hai2="74,85,103,9,49,135,4,95,131,0,86,11,27" hai3="98,56,47,51,26,65,25,53,69,111,2,129,37"/><U80/><E15/><V81/><F131/><W100/><G129/><T62/><D116/><U36/><E36/><V3/><F135/><W13/><G2/><T101/><D115/><U110/><E110/><V96/><F49/><W90/><G90/><T93/><D109/><U88/><E73/><V7/><REACH who="2" step="1"/><F27/><REACH who="2" ten="220,260,250,250" step="2"/><W105/><G26/><T126/><D24/><U18/><E113/><V89/><F89/><W87/><G25/><T99/><D78/><AGARI ba="1,2" hai="0,3,4,7,9,11,74,78,81,85,86,95,96,103" machi="78" ten="40,2600,0" yaku="1,1,9,1,53,0" doraHai="17" doraHaiUra="61" who="2" fromWho="0" sc="220,-29,260,0,250,49,250,0" /><INIT seed="2,0,0,2,2,100" ten="191,260,299,250" oya="2" hai0="108,113,19,131,40,69,72,90,30,73,22,53,12" hai1="8,103,122,47,105,104,71,49,89,54,58,97,29" hai2="32,10,106,26,3,4,6,112,83,36,86,95,75" hai3="23,28,91,16,33,118,80,124,25,55,20,43,94"/><V56/><F112/><W96/><G124/><T39/><D113/><U76/><E71/><V77/><F6/><W82/><G118/><T65/><D108/><U27/><E122/><V1/><F1/><W119/><G33/><T45/><D131/><U84/><E76/><V98/><F36/><W17/><G28/><T50/><D30/><U24/><E8/><V37/><F37/><W13/><G43/><T121/><D121/><U133/><E133/><V46/><F46/><W123/><G119/><T21/><D21/><U15/><E15/><V120/><F120/><W35/><G35/><T48/><D48/><U68/><E68/><V101/><F32/><W78/><G78/><T74/><D90/><U62/><E29/><V85/><F26/><W102/><G102/><T117/><D117/><U128/><E105/><V41/><F41/><W57/><REACH who="3" step="1"/><G123/><REACH who="3" ten="191,260,299,240" step="2"/><T109/><D109/><U18/><E128/><V135/><F135/><W2/><G2/><T114/><D114/><U14/><E18/><V107/><REACH who="2" step="1"/><F56/><REACH who="2" ten="191,260,289,240" step="2"/><W7/><G7/><T87/><D69/><U61/><E58/><V59/><F59/><W127/><G127/><T111/><D111/><U51/><E47/><V5/><F5/><W42/><G42/><T132/><D40/><U9/><E27/><V110/><F110/><W38/><G38/><T67/><D39/><U79/><E24/><V66/><F66/><N who="0" m="25098" /><D132/><U0/><E0/><V70/><F70/><W44/><G44/><T115/><D115/><U88/><E54/><V130/><F130/><W64/><G64/><T11/><D45/><U60/><E14/><RYUUKYOKU ba="0,2" sc="191,-15,260,-15,289,15,240,15" hai2="3,4,10,75,77,83,85,86,95,98,101,106,107" hai3="13,16,17,20,23,25,55,57,80,82,91,94,96" /><INIT seed="2,1,2,3,5,0" ten="176,245,304,255" oya="2" hai0="81,88,112,68,4,26,27,19,13,78,89,5,23" hai1="117,79,95,134,10,129,29,115,17,16,126,30,123" hai2="109,104,74,80,73,125,9,59,38,2,94,48,67" hai3="25,47,98,12,51,22,34,33,86,71,55,36,65"/><V61/><F104/><W111/><G111/><T66/><D112/><U87/><E115/><V11/><F38/><W114/><G114/><T124/><D124/><U97/><E117/><V132/><F125/><W92/><G36/><T39/><D66/><U106/><E126/><V58/><F109/><W37/><G37/><T1/><D68/><U28/><E106/><V14/><F132/><W105/><G105/><T70/><D70/><U21/><E134/><V128/><F128/><W77/><G12/><T69/><D69/><U127/><E129/><V44/><F94/><W24/><G24/><N who="0" m="9259" /><D1/><U7/><E127/><V75/><F58/><W84/><G71/><T93/><D39/><U119/><E119/><V116/><F116/><W40/><G65/><T99/><D78/><U42/><E42/><V108/><F108/><W118/><G118/><T8/><D8/><U110/><E21/><V41/><F2/><W50/><G34/><T31/><D31/><U32/><E32/><V18/><REACH who="2" step="1"/><F9/><REACH who="2" ten="176,245,294,255" step="2"/><W122/><G92/><N who="0" m="56711" /><D81/><AGARI ba="1,3" hai="11,14,18,41,44,48,59,61,67,73,74,75,80,81" machi="81" ten="40,3900,0" yaku="1,1,53,1" doraHai="0" doraHaiUra="15" who="2" fromWho="0" sc="176,-42,245,0,294,72,255,0" /><INIT seed="2,2,0,5,3,134" ten="134,245,366,255" oya="2" hai0="117,54,99,32,9,102,82,78,35,49,89,65,85" hai1="80,121,63,131,48,103,16,4,128,114,122,118,39" hai2="19,100,132,57,125,11,64,62,127,76,15,135,42" hai3="45,34,101,47,1,58,70,59,69,36,72,68,21"/><V107/><F76/><W40/><G34/><T111/><D111/><U14/><E39/><V26/><F42/><N who="3" m="22727" /><G21/><T112/><D112/><U116/><E103/><V55/><F100/><W6/><G6/><T79/><D65/><U46/><E63/><N who="2" m="36287" /><F26/><W43/><G1/><T88/><D117/><N who="1" m="45163" /><E80/><V126/><F107/><W86/><G86/><T73/><D32/><U133/><E133/><V120/><F120/><N who="1" m="46185" /><E114/><V51/><F51/><N who="3" m="27111" /><G72/><T28/><D35/><U10/><E48/><V95/><F95/><W2/><G2/><T110/><D28/><U18/><E46/><V119/><F119/><W60/><G101/><T124/><D78/><U61/><E61/><V84/><F84/><W50/><G60/><T12/><D102/><U115/><E115/><V31/><F31/><W94/><G94/><T41/><D99/><U92/><E92/><V29/><F29/><W13/><G13/><T104/><D104/><U66/><E66/><V108/><F108/><W87/><G87/><T22/><D110/><U3/><E18/><V74/><F74/><W25/><G25/><T33/><D33/><U53/><E53/><V109/><F109/><W91/><G91/><N who="0" m="34891" /><D73/><U83/><E83/><V0/><F0/><W38/><G38/><T24/><D41/><U5/><E5/><V71/><AGARI ba="2,0" hai="11,15,19,62,64,71,125,126,127,132,135" m="36287" machi="71" ten="40,12000,1" yaku="18,1,52,3" doraHai="134" who="2" fromWho="2" sc="134,-42,245,-42,366,126,255,-42" /><INIT seed="2,3,0,1,5,32" ten="92,203,492,213" oya="2" hai0="1,71,67,91,118,99,33,76,101,44,121,129,113" hai1="107,83,106,124,19,115,30,36,96,9,64,110,119" hai2="57,68,3,112,62,38,117,126,52,60,56,20,128" hai3="59,122,104,97,5,84,116,8,77,41,95,65,94"/><V51/><F3/><W70/><G70/><T42/><D91/><U29/><E36/><V22/><F112/><W93/><G41/><T4/><D113/><U89/><E115/><V125/><F117/><W134/><G134/><T80/><D118/><U13/><E110/><V50/><F38/><W49/><G104/><T53/><D53/><U14/><E124/><N who="2" m="47723" /><F68/><W2/><G122/><T81/><D81/><U18/><E119/><V6/><F6/><W87/><G116/><T45/><D45/><U26/><E64/><N who="2" m="38919" /><F128/><W31/><G31/><T92/><D129/><U75/><E75/><V72/><F72/><W34/><G34/><T46/><D67/><U135/><E135/><V66/><F66/><W27/><G27/><T63/><D71/><U15/><E15/><V102/><F102/><W69/><G97/><T61/><D121/><U40/><E40/><V35/><F35/><W98/><G98/><T127/><D33/><U85/><E96/><V74/><F74/><W58/><G69/><T7/><D127/><U48/><E48/><AGARI ba="3,0" hai="20,22,48,50,51,52,57,62" m="38919,47723" machi="48" ten="30,2900,0" yaku="18,1,54,1" doraHai="32" who="2" fromWho="1" sc="92,0,203,-38,492,38,213,0" /><INIT seed="2,4,0,3,4,25" ten="92,165,530,213" oya="2" hai0="43,109,57,16,15,44,80,66,102,98,23,65,32" hai1="40,101,84,110,106,67,60,10,117,76,38,41,112" hai2="86,118,26,69,68,111,49,127,81,14,54,71,128" hai3="135,53,99,89,85,55,88,63,2,59,74,4,51"/><V132/><F118/><W97/><G74/><T30/><D109/><U11/><E112/><V1/><F1/><W42/><G135/><T123/><D123/><U124/><E117/><V70/><F132/><W77/><G42/><N who="1" m="16490" /><E38/><V73/><F73/><W131/><G131/><T50/><D80/><N who="1" m="47111" /><E106/><V35/><F71/><W18/><G77/><T87/><D87/><U9/><E110/><V24/><F128/><W58/><G89/><T103/><D57/><N who="1" m="37263" /><E124/><V64/><F127/><W105/><G105/><T56/><D56/><U114/><E114/><V31/><F111/><W91/><G91/><T21/><D32/><U13/><E101/><V113/><F113/><W62/><G4/><AGARI ba="4,0" hai="4,9,10,11,13" m="37263,47111,16490" machi="4" ten="30,1000,0" yaku="8,1" doraHai="25" who="1" fromWho="3" sc="92,0,165,22,530,0,213,-22" /><INIT seed="3,0,0,4,3,68" ten="92,187,530,191" oya="3" hai0="42,67,114,33,128,45,94,131,30,129,16,52,40" hai1="80,49,72,20,13,3,25,59,86,28,1,111,121" hai2="96,5,122,91,127,54,130,76,71,84,78,34,41" hai3="47,43,64,101,62,18,10,17,99,106,21,29,107"/><W53/><G53/><T81/><D30/><U75/><E111/><V103/><F34/><W37/><G10/><T36/><D33/><U112/><E112/><V124/><F71/><W102/><G29/><T110/><D110/><U89/><E121/><V109/><F109/><W26/><G18/><T100/><D114/><U2/><REACH who="1" step="1"/><E13/><REACH who="1" ten="92,177,530,191" step="2"/><V32/><F122/><W24/><G24/><T123/><D123/><U79/><E79/><V98/><F76/><W134/><G134/><T87/><D67/><U63/><E63/><V38/><F78/><W88/><G62/><T116/><D116/><U6/><E6/><V51/><F5/><W115/><G64/><T126/><D126/><U70/><E70/><V66/><F66/><W7/><G115/><T4/><D4/><U77/><E77/><V90/><F124/><W132/><G7/><T65/><D65/><U56/><E56/><V82/><F127/><W113/><G132/><T35/><D35/><U48/><E48/><V73/><F32/><W44/><G113/><T97/><D42/><U8/><E8/><V22/><F41/><W133/><G133/><T58/><D16/><U31/><E31/><V93/><F51/><W19/><G19/><T55/><D58/><U118/><E118/><V12/><F12/><W27/><G27/><T60/><D60/><U14/><E14/><V46/><F73/><W69/><G69/><T119/><REACH who="0" step="1"/><D119/><REACH who="0" ten="82,177,530,191" step="2"/><U104/><E104/><N who="2" m="63591" /><F22/><W11/><G107/><T9/><D9/><U117/><E117/><V83/><F93/><N who="3" m="56743" /><G106/><T135/><D135/><U108/><E108/><V61/><F61/><RYUUKYOKU ba="0,2" sc="82,15,177,15,530,-15,191,-15" hai0="36,40,45,52,55,81,87,94,97,100,128,129,131" hai1="1,2,3,20,25,28,49,59,72,75,80,86,89" /><INIT seed="4,1,2,3,2,113" ten="97,192,515,176" oya="0" hai0="129,134,135,47,67,45,30,83,69,54,61,116,125" hai1="75,118,86,68,100,111,28,79,42,5,31,84,128" hai2="102,66,19,49,55,108,110,73,96,10,48,41,90" hai3="57,123,97,117,40,8,9,26,14,51,130,95,87"/><T4/><D30/><U25/><E111/><V127/><F73/><W23/><G117/><T29/><D29/><U32/><E118/><V94/><F127/><W105/><G105/><T81/><D116/><U70/><E31/><V93/><F66/><W82/><G130/><T46/><D4/><U3/><E128/><V11/><F41/><W109/><G109/><T60/><D129/><U77/><E100/><V64/><F64/><W65/><G123/><T89/><D125/><U6/><E42/><V120/><F120/><W27/><G23/><T15/><D15/><U35/><E28/><V18/><F110/><W22/><G22/><T72/><D72/><U37/><E75/><V106/><F106/><W43/><G43/><T71/><D89/><U98/><E98/><V50/><F55/><N who="3" m="31999" /><G65/><N who="0" m="41135" /><D83/><U133/><E37/><V78/><F78/><N who="3" m="46551" /><G40/><T38/><D81/><U56/><E56/><V131/><F131/><W52/><G52/><T122/><D122/><U59/><E59/><V126/><F126/><W58/><G58/><N who="0" m="34903" /><D38/><U20/><E20/><V17/><F108/><W53/><G53/><T107/><D107/><U62/><E25/><N who="3" m="9226" /><G14/><T114/><D114/><U39/><E6/><V16/><N who="2" m="4096" /><DORA hai="1" /><V63/><F63/><AGARI ba="1,2" hai="45,46,47,63,67,71,134,135" m="34903,41135" machi="63" ten="30,2900,0" yaku="34,2" doraHai="113,1" who="0" fromWho="2" sc="97,52,192,0,515,-32,176,0" /><INIT seed="4,2,0,3,2,61" ten="149,192,483,176" oya="0" hai0="20,17,57,14,32,101,121,31,48,43,89,64,33" hai1="7,22,58,117,103,73,35,74,88,104,119,34,97" hai2="68,54,135,65,87,80,46,125,69,67,95,39,77" hai3="36,96,41,126,114,18,24,83,107,0,130,62,3"/><T93/><D121/><U79/><E22/><V23/><F125/><W82/><G126/><T45/><D101/><U75/><E79/><V91/><F135/><W118/><G130/><T113/><D113/><U8/><E58/><V9/><F69/><W109/><G41/><T11/><D31/><U92/><E117/><V123/><F68/><W30/><G36/><T100/><D100/><U38/><E38/><V127/><F123/><W131/><G18/><T106/><D106/><U15/><REACH who="1" step="1"/><E119/><REACH who="1" ten="149,182,483,176" step="2"/><V40/><F127/><W21/><G118/><T12/><D57/><U70/><E70/><V116/><F116/><W105/><G21/><T98/><REACH who="0" step="1"/><D64/><REACH who="0" ten="139,182,483,176" step="2"/><U55/><E55/><V26/><F67/><W85/><G62/><T49/><D49/><U25/><E25/><V132/><F65/><W84/><G24/><T120/><D120/><U47/><E47/><V86/><F46/><W42/><G114/><T19/><AGARI ba="2,2" hai="11,12,14,17,19,20,32,33,43,45,48,89,93,98" machi="19" ten="20,3900,0" yaku="1,1,0,1,7,1,53,0" doraHai="61" doraHaiUra="108" who="0" fromWho="0" sc="139,65,182,-15,483,-15,176,-15" /><INIT seed="4,3,0,3,2,21" ten="204,167,468,161" oya="0" hai0="58,4,110,57,1,127,121,50,117,82,102,8,109" hai1="88,6,118,59,30,23,25,123,99,54,9,62,17" hai2="28,92,34,46,107,87,84,101,93,24,74,133,100" hai3="90,105,26,0,129,73,14,69,106,76,115,10,20"/><T15/><D121/><U111/><E111/><N who="0" m="42505" /><D117/><U79/><E118/><V103/><F74/><W45/><G69/><T98/><D127/><U55/><E79/><V12/><F107/><W120/><G0/><T67/><D82/><U22/><E123/><V95/><F133/><W130/><G76/><T44/><D1/><U104/><E104/><V3/><F3/><W113/><G73/><T96/><D67/><N who="1" m="39391" /><E6/><V32/><F32/><W122/><G45/><T86/><D86/><U18/><E9/><V42/><REACH who="2" step="1"/><F12/><REACH who="2" ten="204,167,458,161" step="2"/><W116/><G106/><N who="0" m="63815" /><D98/><U27/><E30/><V75/><F75/><W48/><G105/><T132/><D132/><U119/><E119/><V53/><F53/><AGARI ba="3,1" hai="4,8,15,44,50,53,57,58" m="63815,42505" machi="53" ten="30,1500,0" yaku="10,1" doraHai="21" who="0" fromWho="2" sc="204,34,167,0,458,-24,161,0" /><INIT seed="4,4,0,3,5,39" ten="238,167,434,161" oya="0" hai0="37,113,76,91,125,100,83,20,46,34,107,114,71" hai1="101,24,122,5,98,50,51,4,111,135,105,115,118" hai2="88,42,78,44,45,14,117,12,43,16,17,80,49" hai3="58,67,64,99,52,85,121,132,2,130,128,69,21"/><T66/><D34/><U92/><E111/><V47/><F117/><W62/><G2/><T129/><D129/><N who="3" m="49769" /><G132/><T9/><D125/><U109/><E109/><V96/><F96/><W0/><G0/><T32/><D32/><U54/><E118/><V131/><F131/><W86/><G99/><N who="0" m="61855" /><D66/><N who="3" m="25129" /><G69/><T13/><D71/><U97/><E115/><N who="0" m="44041" /><D20/><U106/><E135/><V119/><F119/><W124/><G124/><T8/><D13/><N who="2" m="5226" /><F78/><W40/><G121/><T1/><D91/><U104/><E24/><V48/><F45/><W60/><G21/><T3/><D3/><U127/><E127/><V90/><F90/><W41/><G62/><T103/><D103/><U33/><E33/><V7/><F7/><W53/><G53/><T68/><D1/><U30/><E30/><V134/><F134/><W57/><G57/><T63/><D63/><U10/><E122/><V56/><F56/><W102/><G102/><T87/><D68/><U133/><E133/><V18/><F18/><W81/><G86/><AGARI ba="4,0" hai="16,17,42,43,44,47,48,49,80,86,88" m="5226" machi="86" ten="30,8000,1" yaku="8,1,52,2,54,2" doraHai="39" who="2" fromWho="3" sc="238,0,167,0,434,92,161,-92" /><BYE who="3" /><INIT seed="5,0,0,4,3,113" ten="238,167,526,69" oya="1" hai0="109,24,70,107,81,21,114,64,89,130,85,131,13" hai1="129,2,14,77,103,53,58,30,75,12,72,94,93" hai2="40,52,96,82,4,34,8,61,92,62,95,17,31" hai3="47,100,88,125,54,110,79,5,57,87,29,44,121"/><U68/><E2/><UN n3="%E3%83%B4%E3%82%A1%E3%83%AA%E3%83%BC" /><V127/><F127/><W74/><G125/><T6/><D109/><U67/><E129/><N who="0" m="49161" /><D107/><U15/><E30/><V33/><F40/><W19/><G110/><T116/><D116/><U133/><E133/><V80/><F17/><W56/><G121/><T38/><D114/><U118/><E118/><V122/><F122/><W60/><G100/><T36/><D64/><U86/><E67/><V35/><F31/><W11/><G79/><T66/><D66/><U71/><E103/><V135/><F135/><W10/><G74/><T48/><D70/><U50/><E77/><V126/><F126/><W119/><G119/><T63/><D63/><U46/><E58/><V78/><F82/><W117/><G117/><T91/><D91/><U123/><E123/><V7/><F7/><W102/><G102/><T104/><D104/><U27/><E27/><V59/><F62/><W20/><G29/><N who="0" m="17551" /><D48/><U108/><E108/><V42/><F42/><W115/><G115/><T28/><D28/><U106/><E106/><V111/><F96/><W9/><G5/><T25/><D25/><U120/><E120/><V18/><F4/><W97/><G97/><T37/><D37/><U55/><E86/><N who="2" m="48407" /><F111/><W41/><G41/><T124/><D124/><U99/><E55/><V51/><F61/><W3/><G3/><T43/><D43/><U73/><REACH who="1" step="1"/><E99/><REACH who="1" ten="238,157,526,69" step="2"/><V83/><F59/><W84/><G57/><T22/><D38/><U134/><E134/><V90/><F52/><W112/><G112/><T39/><D39/><U16/><E16/><V105/><F105/><W0/><G56/><RYUUKYOKU ba="0,1" sc="238,-10,157,30,526,-10,69,-10" hai1="12,14,15,46,50,53,68,71,72,73,75,93,94" /><INIT seed="5,1,1,1,0,93" ten="228,187,516,59" oya="1" hai0="62,24,18,130,94,20,56,37,32,46,74,9,69" hai1="11,72,103,78,111,33,14,113,12,17,127,86,77" hai2="125,123,31,35,59,84,91,39,82,61,119,42,7" hai3="80,54,129,131,55,8,97,98,0,16,95,90,117"/><U115/><E72/><V79/><F119/><W45/><G0/><T36/><D130/><N who="3" m="49673" /><G80/><T70/><D74/><U110/><E33/><V109/><F109/><N who="1" m="41481" /><E127/><V132/><F123/><W65/><G65/><T5/><D32/><U26/><E26/><V85/><F125/><W75/><G75/><T48/><D94/><U102/><E12/><V43/><F39/><W29/><G29/><T64/><D37/><U120/><E120/><V50/><F50/><N who="3" m="29007" /><G55/><T21/><D36/><U41/><E41/><V73/><F73/><W89/><G117/><T57/><D70/><U134/><E134/><V83/><F132/><W44/><G44/><T128/><D128/><U122/><E122/><V100/><F35/><W2/><G2/><T107/><D69/><U4/><E4/><V135/><F31/><W124/><G124/><T106/><D56/><U49/><E49/><V28/><F28/><W53/><G53/><T30/><D48/><U19/><E19/><V87/><F135/><W58/><G58/><T52/><D46/><U88/><E77/><N who="2" m="46191" /><F7/><W60/><G60/><T34/><D34/><U121/><E78/><V66/><F42/><W133/><G133/><T105/><D5/><U116/><E116/><V25/><F43/><W3/><G3/><T10/><REACH who="0" step="1"/><D64/><REACH who="0" ten="218,187,516,59" step="2"/><U81/><E121/><V76/><F66/><W40/><G40/><T13/><AGARI ba="1,2" hai="9,10,13,18,20,21,24,30,52,57,62,105,106,107" machi="13" ten="30,7900,0" yaku="1,1,2,1,0,1,54,1,53,0" doraHai="93" doraHaiUra="114" who="0" fromWho="0" sc="218,102,187,-40,516,-21,59,-21" /><INIT seed="6,0,0,4,2,48" ten="320,147,495,38" oya="2" hai0="16,50,84,15,91,132,1,105,131,69,56,46,11" hai1="92,133,71,75,47,122,17,39,6,44,70,100,110" hai2="27,96,2,73,128,118,87,113,9,12,94,0,62" hai3="51,38,25,116,3,127,106,135,117,130,58,30,72"/><V21/><F73/><W10/><G58/><T32/><D69/><U77/><E6/><V83/><F118/><W108/><G51/><T13/><D131/><U126/><E126/><V24/><F128/><W20/><G10/><N who="0" m="6199" /><D132/><U22/><E110/><V129/><F129/><W60/><G20/><T111/><D105/><U88/><E100/><V109/><F113/><W55/><G25/><T68/><D68/><U53/><E77/><V125/><F125/><W93/><G30/><T43/><D32/><U97/><E75/><V14/><F62/><W99/><G55/><N who="0" m="31863" /><D1/><U124/><E124/><V45/><F109/><W33/><G60/><T98/><D111/><U23/><E23/><V59/><F59/><W80/><G93/><T26/><D26/><U101/><E133/><V28/><F27/><W90/><G80/><T29/><D29/><U37/><E122/><V35/><F35/><W63/><G99/><T18/><D98/><U57/><E71/><V54/><F94/><W67/><G63/><T95/><D46/><N who="1" m="17451" /><E70/><V65/><F96/><W42/><G106/><T61/><D61/><N who="1" m="36015" /><E39/><V123/><F123/><W31/><G38/><T19/><D19/><U34/><E34/><V103/><F0/><W82/><G127/><T119/><D43/><U66/><E37/><V40/><F40/><W64/><G3/><T5/><D119/><U104/><E104/><V86/><F2/><W4/><G117/><T8/><D5/><U76/><E97/><V134/><F134/><W115/><G116/><T121/><D121/><U52/><E17/><V36/><F36/><W120/><G130/><RYUUKYOKU ba="0,0" sc="320,30,147,-10,495,-10,38,-10" hai0="8,11,15,18,84,91,95" /><INIT seed="7,1,0,0,2,127" ten="350,137,485,28" oya="3" hai0="29,90,98,27,75,123,107,84,129,22,48,117,49" hai1="112,13,71,111,109,96,41,6,91,17,80,113,122" hai2="0,33,92,72,131,39,51,23,104,120,8,32,53" hai3="70,128,79,50,132,83,67,82,116,10,7,47,78"/><W38/><G132/><T45/><D123/><U93/><E71/><V76/><F104/><W12/><G116/><T20/><D117/><U126/><E126/><V133/><F39/><W2/><G38/><T119/><D75/><U69/><E69/><V3/><F3/><W114/><G2/><T62/><D49/><U31/><E122/><V115/><F133/><W61/><G114/><N who="1" m="44138" /><E6/><V118/><F118/><W56/><G70/><T43/><D62/><U25/><E41/><V86/><F92/><W35/><G35/><T103/><D20/><N who="1" m="11311" /><E80/><N who="3" m="30762" /><G128/><T26/><D129/><U28/><E28/><V44/><F86/><W121/><G121/><T88/><D119/><U102/><E102/><V18/><F131/><W95/><G95/><T60/><D84/><U40/><E40/><AGARI ba="1,0" hai="7,10,12,40,47,50,56,61,67,78,79" m="30762" machi="40" ten="30,1500,0" yaku="8,1" doraHai="127" who="3" fromWho="1" sc="350,0,137,-18,485,0,28,18" /><INIT seed="7,2,0,5,1,96" ten="350,119,485,46" oya="3" hai0="18,51,115,134,1,110,120,9,123,55,97,102,122" hai1="5,56,73,132,25,85,3,74,103,118,58,83,80" hai2="46,117,37,98,48,43,24,112,47,57,126,75,7" hai3="39,91,92,4,69,71,76,67,32,10,135,106,86"/><W128/><G32/><T109/><D1/><U15/><E3/><V29/><F75/><W77/><G39/><T62/><D62/><U87/><E132/><V54/><F117/><W101/><G135/><T16/><D9/><N who="1" m="4527" /><E73/><V36/><F112/><W105/><G128/><T21/><D134/><U13/><E74/><V50/><F126/><W17/><G17/><T28/><D28/><U40/><E40/><V61/><F98/><W49/><G49/><T53/><D18/><U11/><E103/><V133/><F7/><W108/><G108/><T22/><D53/><U6/><E25/><V99/><F99/><W59/><G59/><N who="1" m="22570" /><E118/><V44/><F44/><W63/><G71/><T35/><D21/><U52/><E52/><V20/><F133/><W94/><G94/><T104/><D35/><U89/><E85/><V70/><F70/><W0/><REACH who="3" step="1"/><G101/><REACH who="3" ten="350,119,485,36" step="2"/><N who="0" m="62511" /><D110/><U78/><E83/><V33/><F33/><W2/><G2/><T116/><D109/><U66/><E66/><AGARI ba="2,1" hai="20,24,29,36,37,43,46,47,48,50,54,57,61,66" machi="66" ten="30,1000,0" yaku="7,1" doraHai="96" who="2" fromWho="1" sc="350,0,119,-16,485,26,36,0" owari="350,15.0,103,-30.0,511,61.0,36,-46.0" /></mjloggm>