<mjloggm ver="2.3"><GO type="169" lobby="0"/><UN n0="%E5%A4%A7%E5%92%8C%E7%94%B0%E5%B0%82%E5%8B%99" n1="%E5%B1%B1%E6%9C%AC%E5%BA%97%E9%95%B7" n2="%E3%81%86%E3%81%A0%E3%81%A3%E3%81%B7" n3="%E3%82%A6%E3%83%AB%E3%83%88%E3%83%A9%E7%AB%8B%E7%9B%B4" dan="16,16,17,18" rate="2154.87,2104.48,2089.83,2258.75" sx="M,M,M,M"/><TAIKYOKU oya="0"/><INIT seed="0,0,0,4,3,76" ten="250,250,250,250" oya="0" hai0="57,46,94,7,102,66,74,52,51,135,15,2,24" hai1="45,131,128,110,22,34,69,47,115,35,32,109,127" hai2="114,132,93,58,30,67,113,18,81,87,4,80,75" hai3="65,60,101,40,11,61,119,23,91,13,12,9,44"/><T108/><D74/><U71/><E22/><V29/><F132/><W26/><G101/><T100/><D135/><U111/><E127/><V17/><F75/><W70/><G119/><T118/><D118/><U73/><E73/><V48/><F4/><W121/><G121/><T38/><D108/><U86/><E86/><V130/><F130/><N who="1" m="49705" /><E115/><V49/><F87/><W123/><G123/><T53/><D2/><U3/><E3/><V89/><F58/><W99/><G61/><T43/><D66/><U56/><E56/><V31/><F67/><W37/><G91/><T103/><D24/><U116/><E116/><V41/><F41/><W79/><G79/><T0/><D0/><U95/><E95/><V98/><F113/><W88/><G88/><T126/><D126/><U28/><E28/><V83/><F114/><W90/><G90/><T59/><D15/><U25/><E25/><V21/><F17/><W55/><G99/><T72/><D7/><U8/><E8/><V64/><F64/><W133/><G133/><T27/><D27/><AGARI ba="0,0" hai="18,21,27,29,30,31,48,49,80,81,83,89,93,98" machi="27" ten="40,8000,1" yaku="8,1,52,3" doraHai="76" who="2" fromWho="0" sc="250,-80,250,0,250,80,250,0" /><INIT seed="1,0,0,2,0,117" ten="170,250,330,250" oya="1" hai0="118,55,87,61,84,110,72,119,113,66,1,48,68" hai1="44,86,23,3,62,99,32,30,50,114,92,11,135" hai2="5,34,45,54,21,93,82,71,33,73,19,59,16" hai3="88,75,134,126,20,43,12,77,27,36,100,56,91"/><U35/><E114/><V42/><F71/><W133/><G100/><T111/><D72/><U15/><E135/><V14/><F5/><W31/><G126/><T97/><D1/><U51/><E62/><V8/><F93/><W63/><G12/><T69/><D97/><U130/><E130/><V129/><F129/><W37/><G77/><T109/><D87/><U121/><E86/><V105/><F105/><W40/><G75/><T125/><D84/><U28/><E3/><V80/><F80/><W104/><G104/><T2/><D2/><U103/><E51/><V18/><F82/><W46/><G43/><T60/><D113/><U83/><E83/><V26/><F18/><W102/><G102/><T112/><D112/><U22/><E35/><V6/><F6/><W41/><G41/><T39/><D39/><U79/><E121/><V49/><REACH who="2" step="1"/><F73/><REACH who="2" ten="170,250,320,250" step="2"/><W7/><G7/><T9/><D125/><U107/><E107/><V17/><F17/><W47/><G134/><T116/><D9/><U115/><E115/><V96/><F96/><W53/><G133/><T24/><D24/><U120/><E79/><V131/><F131/><W101/><G101/><T52/><D48/><AGARI ba="0,1" hai="8,14,16,19,21,26,33,34,42,45,48,49,54,59" machi="48" ten="30,3900,0" yaku="1,1,7,1,54,1,53,0" doraHai="117" doraHaiUra="70" who="2" fromWho="0" sc="170,-39,250,0,320,49,250,0" /><INIT seed="2,0,0,4,2,86" ten="131,250,369,250" oya="2" hai0="2,60,35,45,99,24,95,107,27,102,124,87,89" hai1="59,129,126,20,38,0,30,131,116,4,28,78,23" hai2="106,101,25,74,96,117,3,14,88,69,77,7,55" hai3="63,75,98,130,94,120,127,81,37,19,34,43,91"/><V118/><F3/><W110/><G120/><T93/><D124/><U85/><E38/><V122/><F122/><W132/><G34/><T40/><D2/><U103/><E103/><V52/><F69/><W51/><G37/><T115/><D115/><U71/><E71/><V76/><F25/><W84/><G110/><T79/><D35/><U53/><E116/><V22/><F74/><W70/><G130/><N who="1" m="49674" /><E126/><V90/><F118/><W5/><G5/><T11/><D11/><N who="1" m="2439" /><E78/><N who="2" m="30315" /><F106/><W16/><G132/><T83/><D60/><N who="1" m="35951" /><E85/><V26/><F117/><W128/><G75/><T56/><D56/><U100/><E100/><V65/><F65/><W58/><G70/><T12/><D12/><U46/><E46/><V134/><F134/><W92/><G127/><T119/><D119/><U97/><E97/><V64/><F64/><W33/><G128/><T32/><D32/><U15/><E15/><V123/><F123/><W68/><G33/><T6/><D6/><U121/><E121/><V125/><F125/><W39/><G68/><T109/><D109/><U108/><E108/><V73/><F73/><W82/><G39/><T57/><D57/><U13/><E13/><V62/><F101/><W36/><G36/><T10/><D10/><U114/><E114/><V66/><F96/><W48/><G98/><N who="0" m="59743" /><D107/><U31/><AGARI ba="0,0" hai="20,23,28,30,31" m="35951,2439,49674" machi="31" ten="30,1100,0" yaku="19,1" doraHai="86" who="1" fromWho="1" sc="131,-3,250,11,369,-5,250,-3" /><INIT seed="3,0,0,3,5,86" ten="128,261,364,247" oya="3" hai0="85,14,94,54,73,25,92,90,35,81,49,38,68" hai1="3,75,95,45,57,5,77,28,70,121,116,37,36" hai2="113,79,122,135,124,63,41,129,131,46,133,112,19" hai3="127,55,126,65,9,83,98,10,11,62,4,105,2"/><W123/><G123/><T15/><D38/><U134/><E121/><V84/><F122/><W104/><G55/><T71/><D68/><U69/><E134/><N who="2" m="51211" /><F19/><W125/><G83/><T56/><D71/><U108/><E108/><V128/><F79/><W31/><G31/><T22/><D35/><U12/><E95/><V30/><F30/><W119/><G119/><T118/><D118/><U48/><E45/><V6/><F6/><W72/><G72/><T114/><D114/><N who="2" m="44138" /><F84/><W24/><G24/><T34/><D34/><U29/><E12/><V0/><F0/><W101/><REACH who="3" step="1"/><G105/><REACH who="3" ten="128,261,364,237" step="2"/><T43/><D73/><U18/><E75/><V67/><F124/><W64/><G64/><T59/><D43/><U7/><E28/><V130/><F130/><W100/><G100/><T20/><D81/><U50/><E29/><V8/><F129/><W99/><G99/><T117/><D25/><U76/><E116/><V93/><F131/><W111/><G111/><T53/><D117/><U42/><E42/><V66/><F66/><W97/><G97/><T26/><D26/><U103/><E103/><V52/><F67/><W39/><G39/><T89/><REACH who="0" step="1"/><D85/><REACH who="0" ten="118,261,364,237" step="2"/><U47/><E37/><V13/><F128/><W96/><G96/><T82/><D82/><U40/><E36/><V58/><F41/><W115/><G115/><T109/><D109/><U60/><E40/><V44/><F93/><W51/><G51/><AGARI ba="0,2" hai="14,15,20,22,49,51,53,54,56,59,89,90,92,94" machi="51" ten="25,12000,2" yaku="1,1,22,2,8,1,52,2,53,0" doraHai="86" doraHaiUra="32" who="0" fromWho="3" sc="118,140,261,0,364,0,237,-120" /><BYE who="3" /><INIT seed="4,0,0,2,5,86" ten="258,261,364,117" oya="0" hai0="52,55,68,97,61,46,78,26,17,13,123,9,3" hai1="25,47,8,49,15,115,98,88,76,120,65,41,62" hai2="73,80,28,125,79,104,12,94,60,58,103,21,6" hai3="111,56,106,92,31,107,69,40,95,23,93,91,24"/><T118/><D123/><UN n3="%E3%82%A6%E3%83%AB%E3%83%88%E3%83%A9%E7%AB%8B%E7%9B%B4" /><U81/><E120/><V16/><F104/><W39/><G69/><T7/><D118/><U131/><E115/><V1/><F125/><W126/><G111/><T11/><D78/><U10/><E131/><V45/><F28/><W30/><G126/><T64/><D46/><U50/><E25/><V66/><F45/><W63/><G39/><T4/><D26/><U119/><E119/><V122/><F122/><W85/><G40/><T48/><D48/><U110/><E110/><V108/><F108/><W127/><G127/><T124/><D124/><U71/><E50/><V83/><F83/><W22/><G22/><T20/><REACH who="0" step="1"/><D97/><REACH who="0" ten="248,261,364,117" step="2"/><U67/><E98/><V72/><F79/><W102/><G31/><T43/><D43/><U36/><E49/><V44/><F44/><W77/><G77/><T90/><D90/><U32/><E76/><V121/><F121/><W84/><G102/><T128/><D128/><U96/><E88/><V100/><F103/><W130/><G130/><T113/><D113/><U19/><E96/><V135/><F100/><W38/><G38/><T70/><D70/><U132/><E71/><V29/><F29/><W87/><REACH who="3" step="1"/><G91/><REACH who="3" ten="248,261,364,107" step="2"/><T89/><D89/><U35/><E36/><V0/><F73/><W82/><G82/><T5/><D5/><U14/><E81/><V112/><F6/><W75/><G75/><T116/><D116/><U34/><E41/><V105/><F72/><W129/><G129/><T133/><D133/><U57/><E132/><V18/><F135/><W33/><G33/><T99/><D99/><U2/><E35/><RYUUKYOKU ba="0,2" sc="248,15,261,-15,364,-15,107,15" hai0="3,4,7,9,11,13,17,20,52,55,61,64,68" hai3="23,24,30,56,63,84,85,87,92,93,95,106,107" /><INIT seed="4,1,2,5,3,32" ten="263,246,349,122" oya="0" hai0="4,101,34,130,60,37,69,118,102,124,63,98,66" hai1="131,14,107,54,95,30,89,6,83,127,59,47,99" hai2="109,57,97,133,121,80,42,93,46,72,71,58,110" hai3="85,68,51,12,115,44,41,49,11,43,92,33,64"/><T2/><D118/><U1/><E127/><V17/><F121/><W62/><G115/><T122/><D122/><U82/><E131/><V13/><F71/><W81/><G33/><T116/><D116/><U108/><E108/><V112/><F112/><W56/><G92/><T125/><D130/><U113/><E113/><V126/><F126/><N who="0" m="48746" /><D34/><U10/><E30/><V20/><F133/><W79/><G68/><T35/><D35/><U90/><E107/><V55/><F58/><W45/><G12/><T88/><D37/><U8/><E47/><V114/><F114/><W86/><REACH who="3" step="1"/><G11/><REACH who="3" ten="263,246,349,112" step="2"/><N who="0" m="2455" /><D63/><U77/><E10/><V40/><F110/><W75/><AGARI ba="1,3" hai="41,43,44,45,49,51,56,62,64,75,79,81,85,86" machi="75" ten="20,8000,1" yaku="1,1,0,1,7,1,9,1,53,1" doraHai="32" doraHaiUra="61" who="3" fromWho="3" sc="263,-41,246,-21,349,-21,112,113" /><INIT seed="5,0,0,4,3,78" ten="222,225,328,225" oya="1" hai0="108,29,118,34,129,123,99,45,28,101,18,76,16" hai1="59,20,39,61,96,77,22,104,74,7,25,32,82" hai2="27,109,43,90,72,54,131,12,94,115,49,128,33" hai3="79,84,81,97,100,31,14,53,46,55,56,38,105"/><U98/><E39/><V135/><F109/><W120/><G120/><T87/><D108/><U8/><E32/><V52/><F72/><W63/><G31/><T26/><D118/><U121/><E121/><V75/><F75/><W65/><REACH who="3" step="1"/><G14/><REACH who="3" ten="222,225,328,215" step="2"/><T5/><D123/><U0/><E104/><V107/><F12/><W4/><G4/><T41/><D5/><U67/><REACH who="1" step="1"/><E22/><REACH who="1" ten="222,215,328,215" step="2"/><V51/><F107/><W36/><G36/><T13/><D34/><U1/><E1/><V116/><F33/><W111/><G111/><T80/><D29/><AGARI ba="0,2" hai="0,7,8,20,25,29,59,61,67,74,77,82,96,98" machi="29" ten="30,5800,0" yaku="1,1,7,1,52,1,53,0" doraHai="78" doraHaiUra="66" who="1" fromWho="0" sc="222,-58,215,78,328,0,215,0" /><INIT seed="5,1,0,0,0,90" ten="164,293,328,215" oya="1" hai0="82,107,87,44,7,59,106,66,76,125,40,28,24" hai1="72,58,102,37,63,84,113,122,75,69,19,105,29" hai2="112,104,41,10,55,117,101,33,83,67,2,54,18" hai3="51,110,32,21,47,1,38,118,114,116,126,98,30"/><U11/><E122/><V56/><F117/><W34/><G38/><T42/><D125/><U17/><E69/><V31/><F41/><W109/><G98/><T50/><D40/><U79/><E37/><V14/><F2/><W85/><G85/><T62/><REACH who="0" step="1"/><D7/><REACH who="0" ten="154,293,328,215" step="2"/><U15/><E113/><V3/><F112/><W61/><G114/><T25/><D25/><U68/><E11/><V115/><F10/><W4/><G126/><T52/><D52/><U53/><E53/><V127/><F54/><W86/><G4/><T134/><D134/><U9/><E9/><V39/><F55/><W35/><G116/><T64/><D64/><U8/><E8/><V6/><F67/><W93/><G118/><T103/><D103/><U60/><E102/><V65/><F65/><W49/><G51/><T121/><D121/><U78/><E63/><V132/><F6/><W100/><G61/><T46/><D46/><U45/><E60/><V74/><F132/><W43/><G1/><T94/><D94/><U92/><E92/><V91/><F3/><W129/><G100/><T95/><D95/><U48/><E45/><V20/><F127/><W16/><G43/><T23/><AGARI ba="1,1" hai="23,24,28,42,44,50,59,62,66,76,82,87,106,107" machi="23" ten="20,2700,0" yaku="1,1,0,1,7,1,53,0" doraHai="90" doraHaiUra="128" who="0" fromWho="0" sc="154,40,293,-14,328,-8,215,-8" /><INIT seed="6,0,0,0,5,133" ten="194,279,320,207" oya="2" hai0="14,13,97,64,95,100,126,88,10,36,99,68,46" hai1="26,107,90,11,105,84,51,20,1,16,27,12,5" hai2="67,71,134,117,83,48,65,59,81,53,106,54,39" hai3="47,132,38,116,101,104,93,4,91,7,128,9,102"/><V78/><F117/><W73/><G116/><T70/><D64/><U130/><E130/><V89/><F134/><W3/><G128/><T125/><D36/><U72/><E72/><V92/><F106/><W131/><G131/><T69/><D46/><U122/><E122/><V94/><F39/><W110/><G110/><T19/><REACH who="0" step="1"/><D14/><REACH who="0" ten="184,279,320,207" step="2"/><U111/><E12/><V58/><F71/><W82/><G132/><T129/><D129/><U108/><E108/><V62/><F67/><W112/><G112/><T85/><D85/><U24/><E84/><N who="2" m="48183" /><F65/><W29/><G47/><T79/><D79/><U98/><E111/><V109/><F109/><W6/><G38/><T57/><D57/><U45/><E45/><V21/><F59/><W119/><G119/><T2/><D2/><U121/><E1/><V32/><F58/><W17/><G3/><T120/><D120/><U28/><E121/><V80/><F62/><W49/><G73/><T30/><D30/><U55/><E28/><V86/><F86/><W43/><G29/><T66/><D66/><U75/><E75/><V123/><F123/><W0/><G0/><T127/><D127/><U74/><E74/><V44/><F44/><W42/><G42/><T25/><D25/><U87/><E26/><V8/><F53/><W41/><G43/><T50/><D50/><U96/><E27/><V52/><F54/><W77/><G49/><T33/><D33/><U124/><E55/><V22/><F52/><W37/><G41/><T113/><D113/><U118/><E51/><V135/><F48/><W18/><G37/><T15/><D15/><RYUUKYOKU ba="0,1" sc="184,30,279,-10,320,-10,207,-10" hai0="10,13,19,68,69,70,88,95,97,99,100,125,126" /><INIT seed="7,1,1,0,0,30" ten="214,269,310,197" oya="3" hai0="122,59,66,67,86,104,51,1,33,19,81,54,129" hai1="128,95,82,116,88,112,17,107,127,72,61,6,134" hai2="76,89,102,103,39,111,74,91,123,25,9,13,92" hai3="90,69,119,29,63,12,16,68,94,46,22,77,100"/><W42/><G119/><T99/><D122/><U106/><E6/><V62/><F39/><W97/><G77/><T121/><D121/><U27/><E61/><V45/><F111/><W110/><G110/><T135/><D1/><U87/><E17/><V117/><F123/><W50/><G29/><T83/><D33/><U58/><E58/><V64/><F91/><W53/><G63/><T52/><D129/><U10/><E27/><V71/><F117/><W131/><G131/><T130/><D130/><U55/><E10/><V44/><F76/><W115/><G115/><T26/><D135/><U2/><E55/><V60/><F74/><W32/><G32/><T93/><D104/><U126/><E2/><V28/><F62/><W125/><G125/><N who="1" m="47626" /><E128/><V113/><F45/><W0/><G0/><T5/><D5/><U96/><E116/><V7/><F44/><W36/><REACH who="3" step="1"/><G100/><REACH who="3" ten="214,269,310,187" step="2"/><N who="0" m="60527" /><D67/><U118/><E118/><V108/><F108/><W31/><G31/><T78/><D66/><U57/><E112/><V41/><F113/><W124/><G124/><T21/><D54/><U65/><E65/><V98/><F41/><W120/><G120/><T132/><D132/><U101/><E134/><V43/><F43/><W3/><G3/><T75/><D75/><U24/><E72/><V49/><F103/><W133/><G133/><T4/><D4/><U79/><E101/><V80/><F102/><W47/><AGARI ba="1,2" hai="12,16,22,36,42,46,47,50,53,68,69,90,94,97" machi="47" ten="20,18000,2" yaku="1,1,0,1,7,1,54,1,53,2" doraHai="30" doraHaiUra="40" who="3" fromWho="3" sc="214,-61,269,-61,310,-61,187,203" owari="153,-35.0,208,-19.0,249,5.0,390,49.0" /></mjloggm>