<mjloggm ver="2.3"><GO type="169" lobby="0"/><UN n0="%E3%82%A8%E3%83%83%E3%83%95%E3%82%A7%E3%83%AB%E5%A1%94" n1="%E3%82%82%E3%82%81%E3%82%93%E3%81%AA%E3%81%A1%E3%82%83%E3%81%84" n2="%E8%B6%85%E3%82%A4%E3%83%B3%E3%82%BF%E3%83%BC%E3%83%8D%E3%83%83%E3%83%88" n3="%E3%82%A6%E3%83%AB%E3%83%88%E3%83%A9%E7%AB%8B%E7%9B%B4" dan="16,18,17,16" rate="2068.70,2215.79,2164.65,2172.45" sx="M,M,M,M"/><TAIKYOKU oya="0"/><INIT seed="0,0,0,3,5,27" ten="250,250,250,250" oya="0" hai0="121,57,112,45,66,64,106,44,2,65,42,76,107" hai1="41,54,37,83,88,78,72,100,131,50,129,114,14" hai2="84,51,56,59,8,116,36,77,93,10,67,16,133" hai3="55,30,1,3,108,58,81,134,39,126,94,25,53"/><T92/><D121/><U73/><E100/><V95/><F36/><W127/><G39/><T102/><D2/><U46/><E114/><V75/><F75/><W71/><G71/><T49/><D112/><U69/><E69/><V115/><F115/><W19/><G134/><T104/><D76/><U132/><E132/><V22/><F116/><W85/><G94/><N who="2" m="35849" /><F133/><W40/><G19/><T124/><D124/><N who="3" m="47657" /><G40/><T34/><D34/><U70/><E70/><V128/><F128/><N who="1" m="49225" /><E14/><N who="2" m="9495" /><F51/><N who="3" m="31039" /><G55/><T17/><D17/><U6/><E6/><V63/><F59/><W15/><G15/><T61/><REACH who="0" step="1"/><D45/><REACH who="0" ten="240,250,250,250" step="2"/><N who="1" m="27983" /><E73/><V118/><F118/><W97/><G1/><T113/><D113/><U9/><E9/><V12/><F77/><W119/><G3/><T20/><D20/><U110/><E72/><V96/><F10/><W89/><G119/><T90/><D90/><U24/><E88/><V4/><F8/><W111/><G97/><AGARI ba="0,1" hai="42,44,49,57,61,64,65,66,92,97,102,104,106,107" machi="97" ten="40,2000,0" yaku="1,1,53,0" doraHai="27" doraHaiUra="35" who="0" fromWho="3" sc="240,30,250,0,250,0,250,-20" /><INIT seed="0,1,0,4,5,39" ten="270,250,250,230" oya="0" hai0="105,47,94,93,46,79,11,62,45,103,98,121,20" hai1="50,128,108,57,49,81,116,8,91,101,66,52,75" hai2="35,40,73,17,0,2,54,112,86,41,44,24,88" hai3="15,22,72,21,106,14,77,53,13,74,100,5,117"/><T63/><D121/><U19/><E116/><V28/><F73/><W23/><G117/><T18/><D11/><U85/><E108/><V114/><F17/><W48/><G5/><T71/><D79/><U125/><E125/><V135/><F54/><W110/><G110/><T119/><D119/><U43/><E128/><V64/><F64/><W34/><G34/><T55/><D71/><U32/><E32/><V38/><F41/><W130/><G130/><T3/><D3/><U96/><E66/><V26/><F26/><W87/><G106/><T76/><D76/><U83/><E75/><V25/><F25/><W1/><G1/><T104/><D104/><U132/><E132/><V122/><F122/><W109/><G100/><T70/><D70/><U95/><E81/><V82/><REACH who="2" step="1"/><F135/><REACH who="2" ten="270,250,240,230" step="2"/><W36/><G109/><T113/><D55/><U16/><E8/><V12/><F12/><W31/><G13/><T9/><D18/><U102/><E102/><V123/><F123/><W126/><G14/><T69/><D103/><U115/><E115/><AGARI ba="1,1" hai="0,2,24,28,35,38,40,44,82,86,88,112,114,115" machi="115" ten="40,5200,0" yaku="1,1,52,1,54,1,53,0" doraHai="39" doraHaiUra="124" who="2" fromWho="1" sc="270,0,250,-55,240,65,230,0" /><INIT seed="1,0,0,4,3,102" ten="270,195,305,230" oya="1" hai0="56,79,51,1,41,75,122,72,59,46,52,97,73" hai1="47,16,87,80,98,114,53,129,8,127,42,130,62" hai2="50,68,100,126,25,37,35,22,17,99,55,115,105" hai3="33,63,112,85,9,66,13,77,40,78,83,107,81"/><U58/><E114/><V120/><F37/><W4/><G33/><T109/><D1/><U106/><E127/><V34/><F120/><W119/><G119/><T117/><D117/><U123/><E123/><V124/><F68/><W32/><G32/><T133/><D122/><U20/><E8/><V23/><F115/><W5/><G112/><T91/><D109/><U43/><E98/><V74/><F74/><W103/><G40/><T93/><D133/><U24/><E106/><V36/><F36/><W132/><G132/><T49/><REACH who="0" step="1"/><D59/><REACH who="0" ten="260,195,305,230" step="2"/><U26/><E26/><V95/><F124/><W121/><G121/><T82/><AGARI ba="0,1" hai="41,46,49,51,52,56,72,73,75,79,82,91,93,97" machi="82" ten="30,7900,0" yaku="1,1,2,1,0,1,54,1,53,0" doraHai="102" doraHaiUra="29" who="0" fromWho="0" sc="260,89,195,-39,305,-20,230,-20" /><INIT seed="2,0,0,2,1,24" ten="349,156,285,210" oya="2" hai0="66,115,30,91,79,73,43,45,62,54,81,109,103" hai1="23,112,124,15,9,22,39,72,49,12,132,26,117" hai2="44,129,0,1,128,42,108,38,102,87,18,29,64" hai3="68,20,119,80,21,135,114,7,111,134,84,37,74"/><V131/><F108/><W101/><G37/><T89/><D115/><U67/><E39/><V40/><F40/><W8/><G68/><T10/><D109/><U122/><E72/><V76/><F102/><W50/><G74/><T36/><D54/><U110/><E112/><V71/><F18/><W65/><G111/><T126/><D126/><U105/><E105/><V61/><REACH who="2" step="1"/><F29/><REACH who="2" ten="349,156,275,210" step="2"/><W59/><G114/><T107/><D30/><U78/><E110/><V11/><F11/><W55/><G101/><T19/><D19/><U123/><E9/><V46/><F46/><W13/><G135/><T94/><D10/><U5/><E132/><V63/><F63/><N who="3" m="38143" /><G134/><T69/><D107/><U14/><E124/><V4/><F4/><W56/><G119/><T35/><D103/><U52/><E5/><V96/><F96/><W86/><G7/><T58/><D62/><U99/><E117/><V116/><F116/><W98/><G98/><T120/><D45/><U90/><E99/><V93/><F93/><W53/><G8/><T82/><D94/><U25/><E123/><V77/><F77/><W127/><G127/><T106/><D79/><U130/><E122/><V75/><F75/><W31/><G31/><T100/><D73/><U60/><E78/><V88/><F88/><W28/><G28/><T3/><D91/><U27/><E90/><V83/><AGARI ba="0,1" hai="0,1,38,42,44,61,64,71,76,83,87,128,129,131" machi="83" ten="40,7800,0" yaku="1,1,0,1,19,1,53,0" doraHai="24" doraHaiUra="2" who="2" fromWho="2" sc="349,-26,156,-26,275,88,210,-26" /><INIT seed="2,1,0,1,0,3" ten="323,130,363,184" oya="2" hai0="98,72,101,122,68,78,130,73,7,119,42,53,94" hai1="54,111,132,76,34,102,23,35,48,11,28,108,46" hai2="36,52,4,70,38,10,47,29,64,121,9,57,15" hai3="61,41,21,82,66,112,18,127,104,86,91,128,2"/><V89/><F121/><W63/><G104/><T39/><D68/><U24/><E132/><V110/><F110/><N who="1" m="42025" /><E102/><V131/><F131/><W107/><G107/><T16/><D122/><U1/><E76/><V33/><F70/><W45/><G2/><T37/><D53/><U13/><E1/><V129/><F64/><W80/><G128/><T87/><D42/><U124/><E124/><V96/><F47/><W84/><G66/><T71/><D71/><U12/><E12/><V69/><F69/><W105/><G105/><T56/><D56/><U55/><E55/><V19/><F129/><W30/><G30/><T100/><D100/><U25/><E25/><V27/><F89/><W95/><G127/><T99/><D101/><U32/><E32/><V58/><F96/><W60/><G86/><T126/><D87/><U123/><E123/><V93/><F93/><W8/><G8/><T59/><D94/><U43/><E43/><V106/><F106/><W31/><G31/><T20/><D99/><U113/><E113/><V116/><F58/><W14/><REACH who="3" step="1"/><G112/><REACH who="3" ten="323,130,363,174" step="2"/><T133/><D126/><U97/><E97/><V44/><F29/><W6/><G6/><AGARI ba="1,1" hai="6,11,13,23,24,28,34,35,46,48,54" m="42025" machi="6" ten="30,2000,0" yaku="14,1,52,1" doraHai="3" who="1" fromWho="3" sc="323,0,130,33,363,0,174,-23" /><INIT seed="3,0,0,2,3,127" ten="323,163,363,151" oya="3" hai0="12,21,131,16,43,11,116,134,115,5,0,9,99" hai1="27,84,76,2,75,38,73,32,114,34,40,92,44" hai2="56,17,49,69,57,62,13,88,105,96,63,70,120" hai3="94,35,102,47,61,122,53,68,78,66,4,29,23"/><W19/><G122/><T112/><D43/><U97/><E114/><N who="0" m="43561" /><D99/><U133/><E133/><V22/><F120/><W121/><G121/><T10/><D134/><U31/><E2/><V90/><F105/><W110/><G4/><N who="0" m="1159" /><D116/><U6/><E6/><V25/><F49/><W132/><G132/><T128/><D11/><U95/><E34/><V54/><F13/><AGARI ba="0,0" hai="5,10,12,13,16,21,128,131" m="1159,43561" machi="13" ten="30,12000,2" yaku="11,1,34,2,52,2,54,1" doraHai="127" who="0" fromWho="2" sc="323,120,163,0,363,-120,151,0" /><INIT seed="4,0,0,5,3,112" ten="443,163,243,151" oya="0" hai0="35,119,127,48,77,57,32,37,68,95,25,8,90" hai1="66,0,93,102,51,97,83,55,124,75,63,69,41" hai2="17,131,73,91,49,43,4,23,45,64,76,126,103" hai3="29,40,60,98,1,99,118,71,62,7,31,72,123"/><T22/><D68/><U115/><E115/><V111/><F111/><W16/><G72/><T129/><D37/><U50/><E124/><V3/><F126/><W113/><G113/><T86/><D127/><U134/><E134/><V65/><F131/><W12/><G71/><T132/><D132/><U26/><E0/><V34/><F34/><W56/><G123/><T21/><D21/><U30/><E41/><V88/><F103/><W89/><G118/><T74/><D8/><U92/><E92/><V9/><F76/><W85/><G40/><T128/><D77/><U94/><E94/><V20/><F73/><W36/><G7/><T2/><D2/><U39/><E39/><V33/><F33/><W42/><G42/><T106/><D106/><U46/><E51/><V114/><F23/><N who="3" m="11655" /><G1/><T59/><D119/><U18/><E18/><V87/><F114/><W120/><G36/><T24/><D74/><U44/><E75/><V47/><F47/><W82/><G120/><T101/><D101/><U79/><E79/><V107/><F107/><W6/><G6/><T96/><D35/><U54/><E83/><V78/><F78/><W53/><G62/><T125/><D32/><U116/><E116/><V108/><F108/><W122/><G122/><T27/><D125/><U110/><E110/><V130/><F130/><W80/><G80/><T67/><D129/><U52/><E46/><V38/><F38/><W5/><G5/><T28/><D128/><U105/><E105/><V11/><F4/><W84/><G84/><T19/><D86/><U133/><E133/><V58/><F3/><RYUUKYOKU ba="0,0" sc="443,-15,163,15,243,-15,151,15" hai1="26,30,44,50,52,54,55,63,66,69,93,97,102" hai3="29,31,53,56,60,82,85,89,98,99" /><INIT seed="5,1,0,2,5,59" ten="428,178,228,166" oya="1" hai0="97,133,6,26,135,19,36,35,113,54,18,107,22" hai1="9,104,87,8,105,49,58,21,75,63,43,57,3" hai2="34,120,40,20,10,129,90,118,42,5,112,52,12" hai3="99,30,76,45,66,127,55,79,95,27,17,61,33"/><U25/><E75/><V122/><F34/><W81/><G127/><T64/><D64/><U39/><E39/><V51/><F118/><W2/><G2/><T124/><D6/><U85/><E105/><V7/><F129/><W93/><G17/><T114/><D36/><U131/><E104/><V98/><F7/><W48/><G81/><T44/><D35/><U106/><E106/><V1/><F112/><W28/><G28/><T117/><D117/><U134/><E131/><V23/><F120/><W60/><G95/><T16/><D124/><U24/><E134/><N who="0" m="51209" /><D54/><N who="1" m="31951" /><E43/><N who="2" m="16427" /><F1/><W14/><G14/><T132/><D44/><U80/><E3/><V109/><F109/><W69/><REACH who="3" step="1"/><G61/><REACH who="3" ten="428,178,228,156" step="2"/><T111/><D132/><U115/><E115/><N who="0" m="44041" /><D111/><U128/><E128/><V123/><F122/><W92/><G92/><T4/><D4/><U29/><E24/><V31/><F123/><W50/><G50/><T38/><D38/><U53/><E80/><V0/><F31/><W83/><G83/><T96/><D107/><U77/><E77/><V119/><F0/><W37/><G37/><T11/><D11/><AGARI ba="1,1" hai="8,9,11,21,25,29,53,58,63,85,87" m="31951" machi="11" ten="30,2900,0" yaku="8,1,52,1" doraHai="59" who="1" fromWho="0" sc="428,-32,178,42,228,0,156,0" /><INIT seed="5,2,0,4,1,132" ten="396,220,228,156" oya="1" hai0="0,107,43,129,19,29,109,96,64,87,41,71,7" hai1="16,38,6,86,78,34,27,42,51,127,50,101,44" hai2="40,108,3,36,116,84,82,28,117,97,102,63,11" hai3="110,18,1,30,17,21,106,120,62,69,66,54,14"/><U37/><E127/><V122/><F122/><W114/><G120/><T76/><D19/><U133/><E133/><V65/><F108/><W113/><G110/><T35/><D87/><U100/><E6/><V22/><F40/><W74/><G74/><T92/><D92/><U39/><E51/><V72/><F72/><W77/><G77/><T121/><D76/><U88/><E78/><V33/><F36/><W90/><G1/><T8/><D129/><U75/><E75/><V15/><F3/><W61/><G106/><T115/><D115/><U10/><E34/><V60/><F22/><W56/><G30/><T123/><D109/><U68/><E68/><V59/><F60/><W95/><REACH who="3" step="1"/><G18/><REACH who="3" ten="396,220,228,146" step="2"/><T70/><D29/><U79/><E79/><N who="2" m="46175" /><F28/><W98/><AGARI ba="2,1" hai="14,17,21,54,56,61,62,66,69,90,95,98,113,114" machi="98" ten="30,2000,0" yaku="1,1,0,1,53,0" doraHai="132" doraHaiUra="130" who="3" fromWho="3" sc="396,-7,220,-12,228,-7,146,36" /><INIT seed="6,0,0,1,4,120" ten="389,208,221,182" oya="2" hai0="102,90,125,46,80,101,116,115,132,97,91,86,82" hai1="107,117,96,56,26,130,123,127,44,94,9,50,112" hai2="17,99,71,135,109,118,34,38,75,73,15,128,61" hai3="119,45,13,16,78,126,35,37,39,114,83,42,133"/><V22/><F38/><W20/><G119/><T62/><D116/><U1/><E117/><V25/><F118/><W92/><G35/><T18/><D115/><U72/><E107/><V63/><F135/><W76/><G133/><T47/><D125/><U51/><E72/><N who="2" m="27723" /><F71/><W60/><G126/><T105/><D132/><U89/><E127/><V95/><F34/><W31/><G31/><T68/><D102/><U4/><E130/><V14/><F14/><W10/><G114/><T131/><D131/><U11/><E112/><V5/><F128/><W29/><G39/><T54/><D18/><U100/><E123/><V134/><F134/><W67/><G92/><T93/><D82/><U122/><E122/><V121/><F121/><W81/><G81/><T106/><D106/><U33/><E9/><N who="2" m="4527" /><F63/><W69/><REACH who="3" step="1"/><G83/><REACH who="3" ten="389,208,221,172" step="2"/><T30/><D30/><U57/><E33/><V12/><F95/><W113/><G113/><T7/><D93/><U3/><E100/><V0/><F99/><W111/><G111/><T53/><D97/><U64/><E96/><V49/><F109/><W65/><G65/><T43/><D101/><U88/><E64/><V41/><F0/><W74/><G74/><T48/><D105/><U104/><E104/><V108/><F108/><W58/><G58/><T6/><D80/><U55/><E1/><V77/><F77/><W85/><G85/><T24/><D86/><N who="1" m="52503" /><E57/><V23/><F22/><W79/><G79/><T21/><D21/><U110/><E110/><V40/><F23/><W98/><G98/><T129/><D129/><U8/><E3/><V70/><F70/><RYUUKYOKU ba="0,1" sc="389,-10,208,-10,221,-10,172,30" hai3="10,13,16,20,29,37,42,45,60,67,69,76,78" /><INIT seed="7,1,1,0,5,130" ten="379,198,211,202" oya="3" hai0="4,106,59,98,99,48,78,25,52,132,110,3,86" hai1="67,30,18,41,100,56,92,64,6,135,114,58,66" hai2="2,87,10,46,57,68,49,115,32,47,119,62,36" hai3="95,96,72,80,93,39,31,105,89,45,17,79,74"/><W116/><G31/><T97/><D132/><U7/><E135/><V60/><F32/><W101/><G39/><T103/><D110/><U85/><E114/><V90/><F119/><W54/><G116/><T91/><D78/><U12/><E30/><V38/><F68/><W75/><G17/><T109/><D109/><U40/><E58/><V13/><F2/><W65/><G65/><T133/><D133/><U124/><E124/><V19/><F115/><W23/><G23/><T88/><D91/><N who="1" m="53359" /><E56/><V77/><F77/><W108/><G108/><T83/><D25/><U8/><E100/><V70/><F70/><W21/><G21/><T127/><D127/><U14/><E6/><V16/><F19/><W5/><G5/><T15/><D3/><U22/><AGARI ba="1,1" hai="7,8,12,14,18,22,40,41,64,66,67" m="53359" machi="22" ten="30,1100,0" yaku="8,1" doraHai="130" who="1" fromWho="1" sc="379,-4,198,24,211,-4,202,-6" owari="375,47.0,222,2.0,207,-19.0,196,-30.0" /></mjloggm>