<mjloggm ver="2.3"><GO type="169" lobby="0"/><UN n0="%E9%88%B4%E4%BD%B3" n1="%53%74%65%69%6E%73" n2="%E3%82%AB%E3%83%A9%E3%82%B9%E3%81%AE%E5%AD%90" n3="%E3%82%A6%E3%83%AB%E3%83%88%E3%83%A9%E7%AB%8B%E7%9B%B4" dan="17,16,17,17" rate="2237.78,2113.92,2183.95,2226.41" sx="M,M,F,M"/><TAIKYOKU oya="0"/><INIT seed="0,0,0,2,4,2" ten="250,250,250,250" oya="0" hai0="132,21,76,127,94,55,42,85,62,63,67,69,64" hai1="1,122,51,120,74,30,61,81,107,47,23,39,13" hai2="50,45,80,93,24,40,124,86,91,115,19,79,73" hai3="119,110,90,99,106,129,22,28,5,53,29,83,113"/><T89/><D132/><U108/><E107/><V104/><F115/><W60/><G113/><T18/><D127/><U0/><E39/><V105/><F124/><W36/><G36/><T44/><D55/><U49/><E108/><V135/><F135/><W57/><G129/><T27/><D76/><U128/><E128/><V43/><F43/><W32/><G32/><T37/><D63/><U100/><E100/><V131/><F131/><W48/><G110/><T10/><D10/><U102/><E102/><V75/><F75/><W101/><G119/><T11/><D11/><U31/><E61/><V97/><F73/><W4/><G90/><T17/><REACH who="0" step="1"/><D67/><REACH who="0" ten="240,250,250,250" step="2"/><U111/><E111/><V121/><F121/><W12/><G60/><T68/><D68/><U92/><E122/><V7/><F105/><W59/><G53/><T123/><D123/><U96/><E120/><V16/><F104/><W88/><G106/><T78/><D78/><U25/><E74/><V130/><F130/><W41/><G41/><T20/><D20/><U70/><E23/><V95/><F79/><W38/><G22/><T77/><D77/><U117/><E70/><V71/><F71/><W56/><G59/><T109/><D109/><U65/><E65/><V34/><F34/><W33/><G57/><T6/><D6/><U125/><E125/><V82/><F7/><W26/><G56/><T87/><D87/><U133/><E133/><V15/><F86/><W98/><G4/><T116/><D116/><U72/><E72/><V14/><F40/><W103/><G33/><T58/><D58/><U35/><E117/><RYUUKYOKU ba="0,1" sc="240,30,250,-10,250,-10,250,-10" hai0="17,18,21,27,37,42,44,62,64,69,85,89,94" /><INIT seed="0,1,1,3,4,56" ten="270,240,240,240" oya="0" hai0="17,35,29,110,4,88,118,22,84,120,67,85,55" hai1="121,8,40,18,119,131,33,71,81,44,101,42,49" hai2="58,48,134,31,68,76,41,59,51,52,69,94,122" hai3="28,62,26,32,57,23,24,77,125,25,98,1,133"/><T34/><D118/><U100/><E119/><V36/><F31/><W43/><G125/><T87/><D120/><U107/><E121/><V126/><F76/><W61/><G133/><T132/><D132/><U82/><E131/><V64/><F94/><W0/><G43/><T105/><D105/><U91/><E33/><V75/><F75/><W74/><G74/><T102/><D102/><U70/><E70/><N who="2" m="27243" /><F122/><W104/><G77/><T2/><D67/><U45/><E71/><V116/><F134/><W96/><G25/><T15/><D110/><U7/><E18/><V83/><F83/><W53/><G62/><T114/><D114/><U27/><E27/><V37/><F116/><W92/><G104/><T19/><D19/><U113/><E113/><V72/><F72/><W127/><G127/><T3/><D3/><U13/><E107/><V12/><F12/><W128/><G128/><T6/><D6/><U130/><E130/><V73/><F73/><W97/><REACH who="3" step="1"/><G92/><REACH who="3" ten="270,240,240,230" step="2"/><T103/><D35/><U112/><E112/><V78/><F78/><W124/><G124/><T54/><D34/><U11/><E81/><V93/><F93/><W60/><G60/><T89/><D103/><U39/><E100/><V106/><F106/><W50/><G50/><T47/><D29/><AGARI ba="1,2" hai="0,1,23,24,26,28,29,32,53,57,61,96,97,98" machi="29" ten="40,2600,0" yaku="1,1,52,1,53,0" doraHai="56" doraHaiUra="80" who="3" fromWho="0" sc="270,-29,240,0,240,0,230,49" /><INIT seed="1,0,0,5,3,27" ten="241,240,240,279" oya="1" hai0="122,28,111,114,72,70,18,92,124,41,119,94,123" hai1="91,45,61,79,125,13,32,19,110,54,113,69,26" hai2="71,75,112,117,49,107,15,134,3,93,129,22,7" hai3="43,98,95,0,53,47,60,99,67,74,40,130,126"/><U84/><E113/><V86/><F117/><W4/><G74/><T12/><D114/><U33/><E125/><V38/><F112/><W80/><G130/><T63/><D119/><U87/><E110/><V135/><F38/><W132/><G132/><N who="2" m="50729" /><F75/><W37/><G80/><T65/><D72/><U100/><E100/><V68/><F129/><W52/><G43/><T97/><D111/><U120/><E120/><N who="0" m="46121" /><D41/><U108/><E108/><V23/><F107/><W34/><G34/><T24/><D97/><U131/><E131/><V101/><F3/><W16/><G4/><T133/><D124/><U96/><E69/><N who="2" m="26699" /><F49/><W1/><G0/><T102/><D102/><U20/><E33/><V55/><F55/><W29/><G1/><T64/><D64/><U128/><E128/><V73/><F73/><W57/><G53/><T46/><D46/><U14/><E32/><V10/><F101/><W6/><G67/><T31/><D133/><U51/><E61/><V104/><F104/><W17/><G60/><T89/><D24/><U83/><REACH who="1" step="1"/><E96/><REACH who="1" ten="241,230,240,279" step="2"/><V121/><F121/><W36/><G98/><N who="0" m="57615" /><D94/><AGARI ba="0,1" hai="13,14,19,20,26,45,51,54,79,83,84,87,91,94" machi="94" ten="30,11600,0" yaku="1,1,7,1,8,1,53,1" doraHai="27" doraHaiUra="77" who="1" fromWho="0" sc="241,-116,230,126,240,0,279,0" /><INIT seed="1,1,0,1,2,102" ten="125,356,240,279" oya="1" hai0="132,72,9,45,13,67,103,111,34,69,55,98,3" hai1="18,133,33,107,128,110,118,15,65,11,38,60,40" hai2="5,62,135,93,79,0,66,53,104,64,89,43,78" hai3="46,75,10,105,52,39,80,8,56,28,95,124,122"/><U36/><E118/><V73/><F135/><W35/><G105/><T76/><D3/><U120/><E120/><V70/><F66/><W26/><G124/><T114/><D114/><U48/><E133/><V71/><F71/><W119/><G122/><T117/><D117/><U127/><E127/><V14/><F43/><W6/><G119/><T108/><D132/><U116/><E116/><V51/><F0/><W2/><G10/><T17/><D34/><U90/><E128/><V94/><F94/><W22/><G95/><T1/><D1/><U59/><E110/><V41/><F41/><W112/><G112/><T125/><D125/><U115/><E115/><V44/><F73/><W131/><G131/><T134/><D134/><U27/><E107/><V106/><F78/><W77/><G46/><T99/><D99/><U92/><E33/><V61/><F79/><W83/><G80/><T87/><D72/><U54/><E27/><V74/><F62/><W29/><G39/><T91/><D76/><U84/><REACH who="1" step="1"/><E40/><REACH who="1" ten="125,346,240,279" step="2"/><V42/><F42/><W58/><G35/><T129/><D129/><U50/><E50/><V82/><F74/><W20/><G26/><T86/><D111/><U32/><E32/><V4/><F106/><W7/><G75/><T19/><D108/><U130/><E130/><V113/><F104/><W100/><G29/><T23/><D69/><AGARI ba="1,1" hai="11,15,18,36,38,48,54,59,60,65,69,84,90,92" machi="69" ten="30,11600,0" yaku="1,1,7,1,53,2" doraHai="102" doraHaiUra="68" who="1" fromWho="0" sc="125,-119,346,129,240,0,279,0" /><INIT seed="1,2,0,2,0,36" ten="6,475,240,279" oya="1" hai0="23,19,110,7,59,50,20,74,4,25,38,35,6" hai1="70,9,127,116,22,84,88,102,97,114,73,100,134" hai2="81,24,18,0,37,5,72,8,62,87,34,107,57" hai3="98,89,3,71,94,31,43,122,51,92,109,111,56"/><U93/><E116/><V96/><F72/><W130/><G71/><T2/><D38/><U14/><E114/><V15/><F37/><W103/><G3/><T126/><D74/><U135/><E70/><V76/><F107/><W55/><G122/><T133/><D50/><U83/><E22/><V115/><F115/><W11/><G31/><N who="0" m="19951" /><D59/><U105/><E127/><V101/><F34/><W27/><G43/><T66/><D66/><U10/><E10/><V61/><F24/><W54/><G130/><T47/><D47/><U108/><E108/><V60/><F96/><W21/><G55/><T40/><D40/><U65/><E65/><V104/><F101/><W30/><REACH who="3" step="1"/><G11/><REACH who="3" ten="6,475,240,269" step="2"/><N who="0" m="2455" /><D110/><U17/><E102/><V58/><REACH who="2" step="1"/><F104/><REACH who="2" ten="6,475,230,269" step="2"/><W1/><G1/><T90/><D90/><U29/><E29/><V86/><F86/><AGARI ba="2,2" hai="21,27,30,51,54,56,86,89,92,94,98,103,109,111" machi="86" ten="40,1300,0" yaku="1,1,53,0" doraHai="36" doraHaiUra="79" who="3" fromWho="2" sc="6,0,475,0,230,-19,269,39" /><INIT seed="2,0,0,2,1,8" ten="6,475,211,308" oya="2" hai0="112,78,61,6,0,53,91,104,60,98,9,79,133" hai1="84,24,67,77,73,37,129,49,43,27,31,40,123" hai2="71,14,117,41,96,3,21,106,38,32,135,48,18" hai3="54,128,16,19,121,85,102,109,51,122,50,132,63"/><V83/><F117/><W107/><G107/><T82/><D112/><U92/><E37/><V69/><F38/><W39/><G102/><T95/><D133/><U110/><E110/><V68/><F135/><W131/><G39/><T44/><D79/><U2/><E2/><V116/><F116/><W119/><G119/><T101/><D44/><U70/><E129/><V99/><F3/><W120/><G132/><T113/><D53/><U26/><E73/><V97/><F32/><W126/><G109/><T89/><D89/><U45/><E123/><V33/><F33/><W28/><G28/><T13/><D0/><U56/><E70/><V118/><F118/><W125/><G85/><T5/><D5/><U90/><E77/><V93/><F106/><W23/><G63/><T81/><D81/><U29/><E43/><V12/><F83/><W58/><G51/><T64/><D64/><U17/><E17/><N who="3" m="6730" /><G23/><T124/><D113/><U105/><E105/><V127/><F127/><AGARI ba="0,0" hai="50,54,58,120,121,122,125,126,127,128,131" m="6730" machi="127" ten="40,2600,0" yaku="18,1,54,1" doraHai="8" who="3" fromWho="2" sc="6,0,475,0,211,-26,308,26" /><INIT seed="3,0,0,3,4,125" ten="6,475,185,334" oya="3" hai0="135,101,54,56,32,31,112,61,17,126,108,85,89" hai1="133,22,1,14,18,4,5,103,8,40,43,94,84" hai2="46,134,71,100,130,50,104,38,44,55,109,11,66" hai3="68,123,119,3,16,132,107,34,75,52,15,67,64"/><W59/><G123/><T48/><D126/><U7/><E133/><V69/><F134/><W122/><G122/><T39/><D39/><U83/><E1/><V105/><F109/><W81/><G119/><T0/><D135/><U111/><E111/><V72/><F72/><W88/><G3/><T10/><D108/><U65/><E65/><V129/><F11/><W23/><G107/><T51/><D112/><U62/><E62/><N who="2" m="40151" /><F100/><W95/><G34/><T60/><D101/><U36/><E36/><V29/><F29/><W131/><G132/><T120/><D120/><U93/><E8/><V73/><F73/><W87/><G131/><N who="2" m="50185" /><F71/><W86/><G75/><T58/><D31/><U102/><E102/><V124/><F124/><W96/><G68/><T19/><D32/><U57/><E103/><V118/><F118/><W20/><G20/><T92/><D0/><U106/><E106/><N who="2" m="41067" /><F38/><W63/><G87/><T26/><D10/><U99/><E99/><V41/><F41/><W28/><G28/><T76/><D76/><AGARI ba="0,0" hai="15,16,23,52,59,63,64,67,76,81,86,88,95,96" machi="76" ten="30,12000,1" yaku="7,1,8,1,54,3" doraHai="125" who="3" fromWho="0" sc="6,-120,475,0,185,0,334,120" owari="-114,-61.0,475,57.0,185,-21.0,454,25.0" /></mjloggm>