<mjloggm ver="2.3"><GO type="225" lobby="0"/><UN n0="%68%61%79%61%74%74%69%40" n1="%E9%8A%80%E3%81%B0%E3%81%95%E3%81%BF" n2="%E3%82%A6%E3%83%AB%E3%83%88%E3%83%A9%E7%AB%8B%E7%9B%B4" n3="%53%65%6E%61%72" dan="16,17,17,17" rate="2078.93,2114.93,2108.89,2126.45" sx="M,M,M,M"/><TAIKYOKU oya="0"/><INIT seed="0,0,0,2,2,134" ten="250,250,250,250" oya="0" hai0="99,65,21,117,123,73,69,61,80,62,45,37,128" hai1="53,30,32,103,97,96,31,35,102,58,90,39,7" hai2="3,75,38,86,100,11,6,14,132,83,125,126,13" hai3="41,119,67,112,98,56,135,93,76,72,52,87,33"/><T1/><D123/><U55/><E39/><V121/><F121/><W110/><G119/><T127/><D117/><U107/><E7/><V77/><F132/><W12/><G112/><T101/><D128/><U91/><REACH who="1" step="1"/><E58/><REACH who="1" ten="250,240,250,250" step="2"/><V42/><F100/><W115/><G135/><T94/><D1/><U17/><E17/><V43/><F86/><W74/><G115/><T118/><D118/><U59/><E59/><V88/><F38/><W54/><G87/><T84/><D73/><U114/><E114/><V36/><F36/><W85/><G85/><T48/><D37/><U49/><E49/><V66/><F6/><W105/><G74/><T130/><D130/><U27/><E27/><V18/><F75/><W108/><G72/><T120/><D120/><U131/><E131/><V79/><F18/><W46/><G56/><T34/><D69/><U116/><E116/><V92/><F3/><W95/><G110/><T29/><D48/><U28/><E28/><V122/><F122/><W71/><G108/><T25/><D29/><U2/><E2/><V124/><F14/><W9/><G12/><T44/><D25/><U26/><E26/><V10/><F13/><W64/><G71/><T20/><D45/><U5/><E5/><V15/><F15/><W109/><G46/><T50/><D44/><U133/><E133/><V60/><F10/><W111/><G9/><T129/><D50/><U51/><E51/><V23/><F11/><W68/><G68/><T16/><D129/><U78/><E78/><V22/><F79/><W4/><G109/><T0/><D0/><U70/><E70/><RYUUKYOKU ba="0,1" sc="250,-10,240,30,250,-10,250,-10" hai1="30,31,32,35,53,55,90,91,96,97,102,103,107" /><INIT seed="1,1,1,5,5,65" ten="240,270,240,240" oya="1" hai0="133,89,116,67,112,90,85,115,62,69,97,129,39" hai1="0,22,127,6,111,68,55,42,43,19,113,79,118" hai2="73,131,75,103,4,3,64,60,81,21,41,53,31" hai3="27,54,32,83,56,107,71,52,9,123,92,11,45"/><U82/><E113/><V37/><F53/><W57/><G107/><T5/><D116/><U130/><E118/><V98/><F21/><W30/><G123/><T1/><D39/><U80/><E127/><V122/><F31/><W72/><G71/><T25/><D129/><U10/><E130/><V88/><F88/><W106/><G106/><T48/><D133/><U47/><E68/><N who="2" m="41991" /><F81/><W87/><G45/><T28/><D48/><U23/><E111/><V15/><F15/><W40/><G40/><T17/><D17/><U74/><E82/><V126/><F126/><W84/><G72/><T128/><D128/><U96/><E96/><V14/><F14/><W108/><G108/><T91/><D85/><U26/><REACH who="1" step="1"/><E23/><REACH who="1" ten="240,260,240,240" step="2"/><V86/><F98/><W105/><G83/><T20/><D97/><U38/><E38/><V66/><F37/><W7/><G32/><T110/><D110/><U76/><E76/><V50/><F131/><W18/><G57/><T101/><D112/><U93/><E93/><V8/><F122/><W49/><G92/><T29/><D115/><U61/><E61/><V135/><F135/><W95/><G105/><T12/><D20/><U46/><E46/><N who="2" m="25935" /><F86/><W58/><G95/><T77/><D77/><U70/><E70/><V132/><F132/><W117/><G87/><T33/><D69/><U134/><E134/><V13/><F75/><W121/><G84/><T125/><D125/><U119/><E119/><V44/><F44/><W36/><G36/><T124/><D124/><U35/><E35/><V114/><F73/><W34/><G117/><T16/><D33/><RYUUKYOKU ba="1,2" sc="240,-10,260,30,240,-10,240,-10" hai1="0,6,10,19,22,26,42,43,47,55,74,79,80" /><INIT seed="1,2,2,5,1,22" ten="230,290,230,230" oya="1" hai0="60,23,108,52,96,27,133,57,56,93,80,83,26" hai1="127,81,120,35,134,128,15,1,66,121,122,78,106" hai2="41,132,126,0,55,100,30,91,62,51,54,123,135" hai3="118,37,74,13,111,5,34,59,129,94,82,10,70"/><U79/><E1/><V115/><F0/><W117/><G70/><T103/><D108/><U19/><E106/><V119/><F100/><W24/><G111/><T20/><D133/><U16/><E35/><V9/><F9/><W97/><G37/><T130/><D130/><U46/><E134/><V112/><F91/><W67/><G129/><T68/><D68/><U63/><E128/><V36/><F30/><N who="3" m="19783" /><G74/><T49/><D20/><U6/><E127/><V85/><F85/><W31/><G31/><N who="0" m="17887" /><D27/><U12/><E46/><N who="2" m="23847" /><F123/><W105/><G82/><T76/><D76/><U86/><E79/><V107/><F107/><W25/><G25/><T11/><D11/><U21/><E6/><V124/><F119/><N who="3" m="45579" /><G105/><T8/><D8/><U43/><E43/><V92/><F92/><W72/><G72/><T58/><D58/><U88/><E78/><V131/><F131/><W28/><G28/><T4/><D4/><U102/><E102/><V87/><F135/><W17/><G5/><T33/><D33/><U3/><E3/><V75/><F75/><W45/><G45/><T98/><D98/><U77/><E77/><V116/><F132/><W61/><G94/><T53/><AGARI ba="2,2" hai="49,52,53,56,57,60,80,83,93,96,103" m="17887" machi="53" ten="30,4000,0" yaku="8,1,52,1,54,1" doraHai="22" who="0" fromWho="0" sc="230,66,290,-22,230,-12,230,-12" /><INIT seed="2,0,0,0,1,21" ten="296,268,218,218" oya="2" hai0="74,90,48,14,92,12,56,111,55,109,118,52,106" hai1="101,60,7,76,45,130,51,117,75,58,50,3,61" hai2="47,96,59,125,127,2,41,25,57,97,28,124,71" hai3="5,37,63,54,82,13,9,32,72,10,20,79,24"/><V89/><F2/><W126/><G37/><T70/><D106/><U121/><E117/><V100/><F89/><W34/><G126/><N who="2" m="32257" /><V8/><DORA hai="123" /><F8/><W128/><G128/><T91/><D74/><U102/><E121/><V88/><F71/><W53/><G10/><T0/><D0/><U99/><E130/><V113/><F113/><W86/><G72/><T16/><D118/><U133/><E3/><V22/><F88/><N who="0" m="33834" /><D12/><U46/><E7/><V116/><F116/><W39/><G39/><T103/><D70/><U68/><E68/><V42/><F97/><W62/><G34/><T69/><D69/><U115/><E99/><V135/><F135/><W120/><G32/><T49/><D109/><U93/><E133/><V33/><F33/><W67/><G120/><T105/><D111/><U35/><E35/><V27/><F27/><W134/><G134/><T94/><D105/><U77/><E115/><V64/><F64/><W11/><G11/><N who="0" m="6239" /><D103/><U38/><E38/><N who="2" m="21943" /><F42/><W83/><G83/><T17/><D17/><U98/><E98/><V29/><F29/><N who="3" m="17543" /><G67/><T43/><D43/><U132/><E132/><V26/><F26/><W81/><G81/><T80/><D80/><U107/><E101/><V6/><F6/><W18/><G5/><T23/><D23/><U87/><E102/><V131/><F131/><W104/><G104/><AGARI ba="0,0" hai="22,25,28,57,59,96,100,104" m="21943,32257" machi="104" ten="40,3900,0" yaku="18,1,52,1" doraHai="21,123" who="2" fromWho="3" sc="296,0,268,0,218,39,218,-39" /><INIT seed="2,1,0,5,4,20" ten="296,268,257,179" oya="2" hai0="13,44,116,65,5,125,135,56,97,63,49,55,10" hai1="129,119,42,126,71,26,15,19,75,93,58,117,51" hai2="118,80,29,23,1,98,45,94,59,14,61,22,8" hai3="7,78,41,85,64,84,46,4,124,74,37,73,86"/><V83/><F1/><W96/><G124/><T100/><D135/><U34/><E71/><V50/><F118/><W81/><G73/><T35/><D35/><U90/><E75/><V87/><F50/><W76/><G76/><T114/><D114/><U40/><E126/><V109/><F45/><W68/><G96/><T16/><D125/><U30/><E129/><V101/><F109/><W39/><G39/><T33/><D33/><U52/><E119/><V92/><F92/><W17/><G17/><T115/><D115/><U99/><REACH who="1" step="1"/><E117/><REACH who="1" ten="296,258,257,179" step="2"/><V9/><F29/><W48/><REACH who="3" step="1"/><G37/><REACH who="3" ten="296,258,257,169" step="2"/><T133/><D116/><U67/><E67/><N who="2" m="39359" /><F8/><AGARI ba="1,2" hai="8,15,19,26,30,34,40,42,51,52,58,90,93,99" machi="8" ten="30,7700,0" yaku="1,1,7,1,52,1,54,1,53,0" doraHai="20" doraHaiUra="77" who="1" fromWho="2" sc="296,0,258,100,257,-80,169,0" /><INIT seed="3,0,0,2,0,128" ten="296,358,177,169" oya="3" hai0="15,70,68,124,117,126,110,134,133,60,26,31,41" hai1="56,88,0,64,4,91,36,44,57,135,98,113,86" hai2="39,121,22,61,99,63,40,116,79,123,19,21,27" hai3="28,37,53,71,118,33,107,66,34,45,18,96,52"/><W83/><G118/><T101/><D110/><U111/><E113/><V94/><F116/><W11/><G83/><T108/><D108/><U81/><E111/><V10/><F79/><W48/><G37/><T105/><D117/><U104/><E0/><V6/><F22/><W16/><G53/><T9/><D41/><U59/><E4/><V127/><F127/><N who="0" m="48682" /><D60/><U20/><E104/><V129/><F129/><W8/><G34/><N who="0" m="20855" /><D101/><U97/><E36/><V84/><F84/><W125/><G125/><T95/><D105/><U78/><E64/><V25/><F40/><W132/><G132/><N who="0" m="50795" /><D95/><U122/><E122/><N who="2" m="46603" /><F39/><W29/><G29/><T100/><D100/><U23/><E44/><V49/><F49/><W35/><G28/><T32/><D32/><U65/><E65/><V17/><F63/><W75/><G75/><T12/><D9/><U82/><E135/><V30/><F61/><N who="3" m="40399" /><G35/><T50/><D50/><U73/><REACH who="1" step="1"/><E91/><REACH who="1" ten="296,348,177,169" step="2"/><N who="2" m="55775" /><F27/><W1/><G33/><T89/><D89/><U112/><E112/><V2/><AGARI ba="0,1" hai="2,6,10,17,19,21,25,30" m="55775,46603" machi="2" ten="30,1100,0" yaku="13,1" doraHai="128" who="2" fromWho="2" sc="296,-3,348,-3,177,21,169,-5" owari="293,9.0,345,45.0,198,-20.0,164,-34.0" /></mjloggm>