<mjloggm ver="2.3"><GO type="169" lobby="0"/><UN n0="%E7%A7%81%E3%81%AF%E3%81%8C%E3%81%A1%E3%81%BB%E3%82%82" n1="%E3%82%A6%E3%83%AB%E3%83%88%E3%83%A9%E7%AB%8B%E7%9B%B4" n2="%49%53%53%4F%4E%34" n3="%79%6A%2D%63%68%65%6B%69" dan="16,18,17,16" rate="2113.65,2247.13,2210.72,2102.01" sx="M,M,M,M"/><TAIKYOKU oya="0"/><INIT seed="0,0,0,5,4,55" ten="250,250,250,250" oya="0" hai0="31,79,67,54,98,78,88,56,96,82,118,28,123" hai1="30,72,103,128,126,77,57,131,35,130,26,135,64" hai2="25,62,110,27,91,45,65,116,13,9,32,38,74" hai3="121,134,7,2,127,34,94,117,100,106,37,69,75"/><T17/><D118/><U44/><E103/><V114/><F114/><W81/><G94/><N who="0" m="56391" /><D123/><U105/><E105/><V71/><F32/><W36/><G100/><T122/><D122/><U124/><E44/><V84/><F74/><W47/><G81/><T6/><D6/><U111/><E111/><V95/><F110/><W129/><G7/><T115/><D115/><U8/><E8/><V0/><F0/><W3/><G2/><T5/><D5/><U41/><E41/><V101/><F38/><W60/><G60/><N who="0" m="38279" /><D98/><U70/><E70/><V58/><F71/><W12/><G12/><T73/><D73/><U132/><E77/><N who="0" m="29193" /><D82/><U53/><E72/><V52/><F116/><W80/><G80/><T59/><D17/><U43/><E64/><V61/><F65/><W102/><G102/><T23/><D23/><U104/><E104/><V14/><F101/><W18/><G18/><T20/><D20/><U50/><REACH who="1" step="1"/><E43/><REACH who="1" ten="250,240,250,250" step="2"/><V49/><F9/><W83/><G83/><T85/><D85/><U93/><E93/><V29/><F95/><W46/><G47/><T92/><D92/><U99/><E99/><V90/><F45/><W19/><G46/><T15/><D15/><U97/><E97/><V40/><F13/><W1/><G3/><T16/><D16/><U22/><E22/><V10/><F84/><W39/><G19/><T108/><D108/><U33/><E33/><V87/><F87/><W86/><G86/><T11/><D11/><U63/><E63/><AGARI ba="0,1" hai="28,31,54,59,63" m="29193,38279,56391" machi="63" ten="30,11600,0" yaku="8,1,52,2,54,1" doraHai="55" who="0" fromWho="1" sc="250,126,240,-116,250,0,250,0" /><INIT seed="0,1,0,0,4,128" ten="376,124,250,250" oya="0" hai0="110,122,66,69,96,70,68,109,130,18,53,0,59" hai1="6,112,76,80,2,89,38,30,15,100,23,47,61" hai2="25,86,73,9,135,63,46,1,106,85,91,67,94" hai3="99,83,21,41,14,127,103,56,48,82,13,40,134"/><T120/><D0/><U118/><E118/><V95/><F106/><W4/><G127/><T104/><D18/><U102/><E112/><V125/><F73/><W39/><G39/><T113/><D104/><U26/><E15/><V20/><F125/><W111/><G21/><T81/><D96/><U54/><E89/><V22/><F46/><W45/><G99/><T105/><D105/><U65/><E54/><V12/><F1/><W72/><G103/><T8/><D8/><U88/><E6/><V131/><F131/><W75/><G4/><T124/><D124/><U71/><E2/><V98/><F25/><W19/><G19/><T16/><D16/><U115/><E115/><V37/><F37/><W10/><G10/><T101/><D101/><U24/><E24/><V31/><F31/><W5/><G5/><T3/><D3/><U64/><E64/><V93/><F98/><W108/><G45/><T90/><D130/><U123/><E123/><N who="0" m="47145" /><D113/><U51/><E100/><V36/><F9/><W79/><G79/><T50/><D90/><U78/><E102/><V33/><F12/><W35/><G35/><T7/><D7/><U29/><E88/><V77/><F33/><W52/><G14/><T87/><D87/><N who="1" m="48519" /><E30/><V17/><F91/><W116/><G13/><T11/><D11/><U84/><E84/><V92/><F86/><W129/><G72/><T55/><D81/><U114/><E114/><V117/><F85/><W60/><G82/><T34/><D34/><U57/><E29/><V44/><F92/><W132/><G83/><T42/><D42/><U119/><E78/><RYUUKYOKU ba="1,0" sc="376,0,124,0,250,0,250,0" /><INIT seed="1,2,0,0,5,15" ten="376,124,250,250" oya="1" hai0="94,22,26,6,57,3,53,77,10,52,62,58,95" hai1="93,124,8,51,5,68,87,25,30,38,64,54,24" hai2="63,44,81,103,67,131,2,39,110,56,18,91,45" hai3="32,97,43,14,125,59,36,35,72,55,96,79,37"/><U88/><E38/><V111/><F2/><W34/><G125/><T27/><D77/><U13/><E124/><V121/><F39/><W85/><G72/><T76/><D76/><U134/><E134/><V71/><F121/><W41/><G79/><T128/><D128/><U107/><E107/><V31/><F31/><W112/><G85/><T100/><D100/><U116/><E116/><V135/><F103/><W47/><G112/><T132/><D27/><U113/><E113/><V109/><F131/><W101/><G43/><T89/><D89/><U117/><E117/><V12/><F135/><W21/><G37/><T108/><D108/><U75/><E75/><V78/><F91/><W86/><G86/><T23/><D23/><U123/><E123/><V33/><F71/><W80/><G80/><T102/><D102/><U119/><E119/><V60/><F60/><W65/><G65/><T83/><D83/><U66/><E68/><V4/><F4/><W133/><G101/><T19/><D132/><U104/><E104/><V16/><F33/><W106/><G106/><T20/><D20/><N who="1" m="15623" /><E25/><V127/><F127/><W29/><G29/><T98/><D98/><U90/><E90/><V9/><F18/><W28/><G28/><T115/><D115/><U49/><E49/><AGARI ba="2,0" hai="3,6,10,19,22,26,49,52,53,57,58,62,94,95" machi="49" ten="30,3900,0" yaku="7,1,52,1,54,1" doraHai="15" who="0" fromWho="1" sc="376,45,124,-45,250,0,250,0" /><INIT seed="2,0,0,2,2,53" ten="421,79,250,250" oya="2" hai0="111,85,94,35,74,37,92,104,38,19,80,129,116" hai1="16,120,67,58,40,98,4,71,132,60,69,1,70" hai2="9,24,64,78,86,131,29,55,134,61,127,96,0" hai3="119,6,8,66,105,124,125,114,82,135,59,122,89"/><V65/><F127/><N who="3" m="48715" /><G119/><T10/><D35/><U32/><E32/><V39/><F39/><W63/><G105/><T56/><D104/><U26/><E132/><V62/><F134/><W57/><G135/><T77/><D111/><U107/><E120/><V91/><F78/><W121/><G114/><T41/><D129/><U123/><E123/><N who="3" m="47114" /><G82/><T47/><D38/><U20/><E40/><V13/><F0/><N who="3" m="71" /><G89/><T42/><D42/><U72/><E72/><V95/><F96/><W12/><G12/><T109/><D109/><U3/><REACH who="1" step="1"/><E4/><REACH who="1" ten="421,69,250,250" step="2"/><V5/><F131/><W83/><G83/><T34/><D74/><U115/><E115/><V90/><F90/><W93/><G93/><T21/><D94/><U130/><E130/><V103/><F103/><AGARI ba="0,1" hai="1,3,16,20,26,58,60,67,69,70,71,98,103,107" machi="103" ten="40,5200,0" yaku="1,1,52,1,54,1,53,0" doraHai="53" doraHaiUra="43" who="1" fromWho="2" sc="421,0,69,62,250,-52,250,0" /><INIT seed="3,0,0,4,4,42" ten="421,131,198,250" oya="3" hai0="121,111,72,26,58,16,54,38,79,115,22,36,68" hai1="11,103,45,86,14,81,92,114,63,75,88,62,25" hai2="77,105,2,56,53,30,17,108,46,37,61,35,120" hai3="3,39,67,29,117,34,102,132,70,33,104,32,4"/><W51/><G117/><T96/><D68/><U127/><E114/><V74/><F105/><W49/><G132/><T20/><D121/><U87/><E127/><V133/><F120/><W84/><G84/><T1/><D1/><U90/><E75/><V52/><F2/><W23/><G23/><T64/><D64/><U100/><E25/><V80/><F133/><W7/><G39/><T124/><D124/><U43/><E103/><V28/><F35/><W116/><G29/><T47/><D111/><U18/><REACH who="1" step="1"/><E100/><REACH who="1" ten="421,121,198,250" step="2"/><V95/><F108/><W31/><G102/><T89/><D72/><U55/><E55/><V99/><F53/><W130/><G116/><T41/><D54/><U119/><E119/><V50/><F52/><W66/><G70/><T122/><D26/><U101/><E101/><V98/><F74/><W113/><G113/><T118/><D58/><U69/><E69/><V85/><F56/><W60/><G60/><T9/><D122/><U93/><E93/><V94/><F95/><W73/><G73/><T0/><D115/><U112/><E112/><V91/><F94/><W15/><G104/><T128/><D118/><U40/><E40/><V6/><F61/><W76/><G66/><T123/><D41/><U83/><E83/><V71/><F80/><W106/><G67/><T5/><D123/><U48/><AGARI ba="0,1" hai="11,14,18,43,45,48,62,63,81,86,87,88,90,92" machi="48" ten="20,12000,2" yaku="1,1,0,1,7,1,8,1,52,1,54,1,53,0" doraHai="42" doraHaiUra="110" who="1" fromWho="1" sc="421,-30,121,130,198,-30,250,-60" /><INIT seed="4,0,0,5,3,35" ten="391,251,168,190" oya="0" hai0="32,56,95,85,57,46,42,22,135,84,38,60,123" hai1="133,105,72,52,97,63,58,111,33,87,39,67,82" hai2="120,91,109,16,23,18,127,113,101,4,44,37,71" hai3="122,53,8,132,43,30,104,6,100,13,108,98,48"/><T83/><D32/><U65/><E111/><V121/><F109/><W3/><G132/><T70/><D123/><U106/><E33/><V77/><F71/><W110/><G122/><T19/><D135/><U49/><E133/><V128/><F77/><W75/><G75/><T34/><D34/><U21/><E39/><V36/><F101/><W125/><G30/><T130/><D130/><U2/><E72/><V102/><F102/><W118/><G43/><T80/><D70/><U66/><E2/><V69/><F69/><W11/><G118/><T54/><D95/><U93/><E21/><V126/><F44/><W92/><G92/><T31/><D31/><U25/><E25/><V14/><F4/><W45/><REACH who="3" step="1"/><G125/><REACH who="3" ten="391,251,168,180" step="2"/><T90/><D83/><U5/><E105/><V68/><F121/><W129/><G129/><T28/><D28/><U51/><E106/><V55/><F120/><W114/><G114/><T27/><D80/><U9/><E93/><V7/><F113/><W134/><G134/><T76/><D76/><U96/><E97/><V115/><F115/><W131/><G131/><T1/><D85/><U99/><E96/><V40/><F128/><W79/><G79/><T47/><D84/><U64/><E99/><V26/><F127/><W61/><G61/><N who="0" m="35991" /><D90/><U89/><N who="1" m="16384" /><DORA hai="107" /><U112/><E112/><V119/><F126/><W88/><G88/><T86/><D86/><U62/><E62/><V59/><F91/><W81/><G81/><T24/><D42/><U103/><E103/><V17/><F40/><W73/><G73/><T116/><D60/><U94/><E82/><RYUUKYOKU ba="0,1" sc="391,-15,251,15,168,-15,180,15" hai1="5,9,49,51,52,58,63,87,89,94" hai3="3,6,8,11,13,45,48,53,98,100,104,108,110" /><INIT seed="5,1,1,5,1,6" ten="376,266,153,195" oya="1" hai0="96,39,88,61,113,132,87,83,111,64,85,17,4" hai1="92,14,84,60,26,119,37,126,43,28,52,130,1" hai2="42,73,108,22,59,122,16,23,33,106,50,94,67" hai3="11,118,101,57,21,10,116,110,117,24,90,18,99"/><U115/><E1/><V5/><F106/><N who="3" m="63807" /><G110/><T98/><D39/><U78/><E119/><V72/><F33/><W134/><G134/><T104/><D111/><U49/><E115/><V29/><F108/><W129/><G129/><T120/><D113/><U8/><E126/><V74/><F42/><W86/><G57/><N who="0" m="36911" /><D104/><U15/><E37/><V65/><F122/><W69/><G69/><T32/><D32/><U34/><E130/><V44/><F59/><W109/><G109/><T125/><D125/><U25/><E43/><V66/><F94/><AGARI ba="1,1" hai="10,11,18,21,24,86,90,94,116,117,118" m="63807" machi="94" ten="30,3900,0" yaku="12,1,52,2" doraHai="6" who="3" fromWho="2" sc="376,0,266,0,153,-42,195,52" /><INIT seed="6,0,0,0,4,94" ten="376,266,111,247" oya="2" hai0="97,39,4,27,2,122,33,89,60,73,6,57,88" hai1="1,45,3,14,49,126,86,77,42,46,115,113,90" hai2="11,54,82,17,135,70,98,20,10,24,78,108,124" hai3="18,35,26,87,19,83,81,12,114,92,21,29,112"/><V75/><F124/><W52/><G92/><N who="0" m="56455" /><D39/><N who="1" m="21727" /><E77/><V103/><F135/><W91/><G83/><T130/><D73/><U8/><E126/><V50/><F108/><W71/><G71/><T25/><D2/><U128/><E128/><V80/><F80/><W5/><G5/><N who="0" m="2155" /><D33/><U7/><E90/><V111/><F70/><W101/><G101/><T66/><D130/><U74/><E86/><V32/><F32/><W13/><REACH who="3" step="1"/><G52/><REACH who="3" ten="376,266,111,237" step="2"/><N who="0" m="33831" /><D122/><U85/><E74/><V47/><REACH who="2" step="1"/><F111/><REACH who="2" ten="376,266,101,237" step="2"/><W123/><G123/><T31/><D66/><U102/><E1/><V23/><F23/><AGARI ba="0,2" hai="12,13,18,19,21,23,26,29,35,81,87,91,112,114" machi="23" ten="40,8000,1" yaku="1,1,9,1,53,2" doraHai="94" doraHaiUra="109" who="3" fromWho="2" sc="376,0,266,0,101,-80,237,100" /><INIT seed="7,0,0,2,3,117" ten="376,266,21,337" oya="3" hai0="13,127,114,121,73,86,110,108,31,103,76,41,21" hai1="43,134,47,49,94,63,6,72,101,131,64,2,25" hai2="24,88,71,75,100,70,35,3,120,19,17,119,97" hai3="8,30,96,48,1,46,90,34,83,87,55,61,81"/><W42/><G34/><T52/><D41/><U26/><E72/><V89/><F75/><W60/><G30/><T104/><D121/><U109/><E109/><V44/><F44/><W39/><G83/><N who="0" m="47463" /><D73/><U12/><E2/><V33/><F3/><W113/><G113/><T50/><D104/><U77/><E131/><V57/><F24/><W130/><G130/><T132/><D103/><U37/><E134/><V45/><F100/><W66/><G66/><T78/><D78/><U126/><E126/><V116/><F45/><W69/><G69/><T53/><D53/><U92/><E77/><V7/><F57/><W98/><G1/><T16/><D31/><U23/><E37/><V91/><F7/><W112/><G112/><T10/><D114/><U32/><E32/><V122/><F91/><W74/><G74/><T135/><D10/><U68/><E101/><V133/><F97/><N who="3" m="37483" /><G39/><T99/><D99/><U59/><E68/><V4/><F4/><W38/><G38/><T56/><D127/><U118/><E118/><V36/><F36/><W9/><G42/><T54/><D54/><U14/><E26/><V105/><F105/><W0/><G0/><T11/><D11/><AGARI ba="0,0" hai="8,9,11,46,48,55,60,61,81,87,90" m="37483" machi="11" ten="30,1500,0" yaku="8,1" doraHai="117" who="3" fromWho="0" sc="376,-15,266,0,21,0,337,15" /><INIT seed="7,1,0,1,5,57" ten="361,266,21,352" oya="3" hai0="28,105,32,64,100,25,22,48,130,82,116,9,126" hai1="7,121,96,90,43,52,34,103,73,127,69,59,107" hai2="122,91,60,19,56,61,2,21,51,31,95,108,66" hai3="72,39,120,89,134,67,42,4,30,109,6,11,98"/><W3/><G134/><T102/><D116/><U44/><E127/><V20/><F108/><W135/><G135/><T5/><D105/><U54/><E121/><V24/><F122/><W110/><G120/><T104/><D104/><U81/><E69/><V80/><F2/><W15/><G72/><T76/><D126/><U125/><E125/><V13/><F80/><W1/><G30/><T36/><D64/><U47/><E34/><V75/><F75/><W26/><G26/><T111/><D111/><N who="3" m="42505" /><G67/><T101/><D36/><U16/><E7/><V37/><F37/><W133/><G133/><T113/><D48/><U85/><E73/><V18/><F31/><W0/><G39/><T23/><D130/><U14/><E43/><V117/><F117/><W97/><G42/><T78/><D113/><U87/><E87/><V86/><F66/><W38/><G38/><T84/><D76/><U27/><E27/><V71/><F71/><W79/><G79/><T77/><D78/><U33/><E33/><V119/><F119/><W29/><G29/><T99/><D99/><N who="3" m="37897" /><G89/><T68/><D68/><U129/><E129/><V88/><F91/><W58/><G58/><T46/><D46/><U10/><REACH who="1" step="1"/><E54/><AGARI ba="1,0" hai="13,18,19,20,21,24,51,54,56,60,61,86,88,95" machi="54" ten="40,12000,2" yaku="25,2,8,1,52,2,54,1" doraHai="57" who="2" fromWho="1" sc="361,0,266,-123,21,123,352,0" owari="361,47.0,143,-36.0,144,-26.0,352,15.0" /></mjloggm>