<mjloggm ver="2.3"><GO type="169" lobby="0"/><UN n0="%E3%81%8B%E3%81%92%E3%81%BE%E3%82%8B" n1="%66%69%67%68%74%65%72%73" n2="%E7%A7%81%E3%81%AF%E3%81%8C%E3%81%A1%E3%81%BB%E3%82%82" n3="%E5%B0%B1%E6%B4%BB%E7%94%9F%40%E5%B7%9D%E6%9D%91%E8%BB%8D%E5%9B%A3" dan="16,16,17,19" rate="2020.64,2037.10,2205.45,2331.75" sx="M,M,M,M"/><TAIKYOKU oya="0"/><INIT seed="0,0,0,2,0,24" ten="250,250,250,250" oya="0" hai0="36,118,44,28,35,103,99,126,49,9,90,69,123" hai1="8,79,96,124,111,98,37,129,42,41,6,52,14" hai2="74,114,46,17,119,109,11,23,102,86,63,122,128" hai3="30,22,27,3,53,130,95,94,100,65,31,84,20"/><T64/><D123/><U112/><E124/><V66/><F74/><W43/><G3/><T101/><D118/><U59/><E129/><V12/><F114/><W48/><G130/><T80/><D36/><U91/><E111/><V33/><F128/><W60/><G43/><T38/><D38/><U25/><E112/><V81/><F33/><W58/><G100/><T115/><D115/><U19/><E79/><V1/><F109/><W18/><G84/><T70/><D126/><U106/><E106/><V108/><F108/><W87/><G87/><T121/><D121/><U4/><E98/><V21/><F122/><W105/><G105/><T78/><D9/><U26/><E37/><V113/><F113/><W45/><REACH who="3" step="1"/><G31/><REACH who="3" ten="250,250,250,240" step="2"/><T2/><D101/><U134/><E42/><V68/><F119/><W104/><G104/><T15/><D2/><U0/><E0/><V13/><F102/><W127/><G127/><T133/><D103/><U83/><E41/><V116/><F1/><W107/><G107/><T110/><D110/><U93/><E134/><V55/><F116/><W51/><G51/><T72/><D133/><U77/><E4/><V62/><F86/><W82/><G82/><T34/><D28/><U50/><E6/><V125/><F81/><W85/><G85/><AGARI ba="0,1" hai="8,14,19,25,26,50,52,59,77,83,85,91,93,96" machi="85" ten="30,3900,0" yaku="7,1,8,1,54,1" doraHai="24" who="1" fromWho="3" sc="250,0,250,49,250,0,240,-39" /><INIT seed="1,0,0,3,0,54" ten="250,299,250,201" oya="1" hai0="25,15,120,74,116,18,126,58,86,71,37,31,109" hai1="101,22,118,130,133,3,20,49,115,72,105,82,41" hai2="131,19,81,114,95,24,11,2,110,52,102,43,36" hai3="16,112,51,66,39,127,84,4,60,5,108,122,98"/><U128/><E3/><V135/><F110/><W40/><G39/><T23/><D71/><U75/><E118/><V89/><F135/><W61/><G122/><T29/><D74/><U117/><E41/><V65/><F131/><N who="1" m="50217" /><E49/><V67/><F114/><W107/><G108/><T96/><D116/><U28/><E117/><V0/><F102/><W9/><G127/><T53/><D120/><U26/><E115/><V6/><F81/><W134/><G107/><T77/><D126/><U47/><E47/><V119/><F0/><W93/><G134/><T59/><D109/><U57/><E133/><V123/><F43/><W48/><G84/><T34/><D37/><U99/><E82/><V106/><F106/><W17/><G112/><T104/><D53/><U35/><E57/><V44/><F44/><N who="3" m="25607" /><G51/><T132/><D132/><U46/><E46/><V91/><F36/><W55/><G55/><T62/><D62/><N who="3" m="24169" /><G66/><T64/><D64/><U97/><E97/><V10/><F52/><W113/><G113/><T27/><D96/><U94/><E105/><V76/><F65/><W56/><G56/><N who="0" m="21547" /><D104/><U92/><E92/><V7/><F95/><W83/><G83/><N who="0" m="47471" /><D34/><U124/><E124/><V12/><F67/><W1/><G1/><T14/><D14/><U63/><E63/><V73/><F123/><W32/><G32/><T85/><D85/><U111/><E111/><V100/><F119/><W8/><G98/><T50/><D50/><U38/><E38/><V79/><F73/><AGARI ba="0,0" hai="20,22,26,28,35,72,73,75,94,99,101" m="50217" machi="73" ten="30,1500,0" yaku="19,1" doraHai="54" who="1" fromWho="2" sc="250,0,299,15,250,-15,201,0" /><INIT seed="1,1,0,4,1,56" ten="250,314,235,201" oya="1" hai0="51,90,44,107,89,50,83,16,66,19,29,59,84" hai1="32,3,4,30,101,126,69,49,13,46,26,102,47" hai2="42,98,133,127,15,117,18,85,54,97,64,130,8" hai3="81,118,116,132,95,121,72,99,65,35,67,21,6"/><U22/><E126/><V124/><F117/><W78/><G35/><T113/><D107/><U96/><E69/><V79/><F42/><W131/><G121/><T123/><D123/><U100/><E3/><V11/><F133/><W63/><G132/><T86/><D113/><U77/><E77/><V52/><F130/><W128/><G6/><T5/><D5/><U135/><E135/><V61/><F11/><W48/><G48/><T28/><D28/><U23/><E47/><V76/><F97/><W1/><G21/><T134/><D29/><U73/><E73/><V122/><F98/><W110/><G1/><T68/><D68/><U60/><E32/><V94/><F76/><W12/><G12/><T91/><D134/><U112/><E112/><V37/><F37/><W120/><G65/><T114/><D114/><U109/><E109/><V55/><F122/><W41/><G41/><T82/><D89/><U27/><E13/><V88/><REACH who="2" step="1"/><F79/><REACH who="2" ten="250,314,225,201" step="2"/><W24/><G120/><T119/><D119/><N who="3" m="45609" /><G110/><T25/><D25/><U111/><E96/><V17/><F17/><W34/><G24/><T53/><REACH who="0" step="1"/><D66/><REACH who="0" ten="240,314,225,201" step="2"/><U39/><E4/><V9/><F9/><W31/><G31/><T70/><D70/><AGARI ba="1,2" hai="8,15,18,52,54,55,61,64,70,85,88,94,124,127" machi="70" ten="40,8000,1" yaku="1,1,52,1,54,2,53,0" doraHai="56" doraHaiUra="92" who="2" fromWho="0" sc="240,-83,314,0,225,103,201,0" /><INIT seed="2,0,0,5,3,127" ten="157,314,328,201" oya="2" hai0="60,37,81,19,28,50,124,5,16,13,107,46,48" hai1="71,42,75,116,21,80,101,114,68,87,49,72,109" hai2="62,67,113,89,0,22,23,56,111,27,25,31,63" hai3="78,1,102,96,126,15,57,51,98,77,32,20,99"/><V94/><F111/><W100/><G32/><T104/><D124/><U74/><E114/><V53/><F0/><W95/><G1/><T133/><D133/><U12/><E116/><V35/><F113/><W3/><G3/><T103/><D28/><U33/><E33/><V7/><F7/><W112/><G112/><T76/><D60/><U93/><E109/><V125/><F125/><W135/><G135/><T90/><D90/><U118/><E118/><V83/><F83/><W26/><G126/><T14/><D37/><U70/><E42/><V40/><F40/><W59/><G15/><T121/><D121/><U79/><E49/><V123/><F123/><W44/><G78/><T4/><D46/><U130/><E12/><V84/><F27/><W55/><G77/><T131/><D81/><U69/><E21/><V122/><F122/><W134/><G134/><T97/><D76/><U9/><E9/><V39/><F39/><W117/><G117/><T64/><D64/><U10/><E10/><V36/><F36/><W85/><G85/><T17/><D17/><U119/><E119/><V52/><F53/><W91/><G91/><T11/><D97/><N who="3" m="37481" /><G100/><T38/><D38/><U41/><E41/><V128/><F35/><W18/><AGARI ba="0,0" hai="18,20,26,44,51,55,57,59,95,99,102" m="37481" machi="18" ten="30,1100,0" yaku="8,1" doraHai="127" who="3" fromWho="3" sc="157,-3,314,-3,328,-5,201,11" /><INIT seed="3,0,0,4,0,31" ten="154,311,323,212" oya="3" hai0="128,57,79,30,36,135,12,52,4,5,126,1,119" hai1="82,95,43,125,90,102,123,94,21,101,68,29,110" hai2="19,127,47,54,7,60,65,130,16,6,120,111,133" hai3="39,121,99,49,44,70,78,28,35,14,103,92,32"/><W122/><G39/><T89/><D36/><U87/><E68/><V74/><F74/><W33/><G70/><T67/><D119/><U55/><E43/><V17/><F111/><W20/><G78/><T26/><D126/><U58/><E110/><V25/><F127/><W88/><G103/><N who="1" m="39434" /><E125/><V96/><F96/><W132/><G132/><T2/><D128/><U75/><E123/><V131/><F133/><W134/><G134/><T48/><D135/><U107/><E107/><V10/><F25/><W69/><G69/><T73/><D67/><U61/><E75/><V42/><F54/><W40/><REACH who="3" step="1"/><G14/><REACH who="3" ten="154,311,323,202" step="2"/><T50/><D79/><U109/><E109/><V91/><F131/><W34/><N who="3" m="8704" /><DORA hai="93" /><W41/><G41/><T3/><D12/><U63/><E63/><V59/><F130/><W118/><G118/><T24/><D3/><U23/><E23/><V124/><F124/><W38/><G38/><T11/><D2/><U98/><E21/><V100/><F100/><W62/><G62/><T112/><D1/><U45/><E29/><V66/><F42/><W116/><G116/><T85/><D30/><U64/><E61/><V80/><F60/><W0/><G0/><T115/><D115/><U71/><E71/><V72/><F65/><W13/><G13/><T104/><D112/><U129/><E129/><V77/><F66/><W37/><G37/><T46/><D26/><AGARI ba="0,1" hai="20,26,28,40,44,49,88,92,99,121,122" m="8704" machi="26" ten="70,18000,2" yaku="1,1,52,5,54,1,53,0" doraHai="31,93" doraHaiUra="97,81" who="3" fromWho="0" sc="154,-180,311,0,323,0,202,190" owari="-26,-53.0,311,-9.0,323,12.0,392,50.0" /></mjloggm>