<mjloggm ver="2.3"><GO type="169" lobby="0"/><UN n0="%3D%4A%61%6D" n1="%E8%B6%85%E3%82%A4%E3%83%B3%E3%82%BF%E3%83%BC%E3%83%8D%E3%83%83%E3%83%88" n2="%E3%83%88%E3%83%88%E3%83%AA%E5%85%88%E7%94%9F%31%39%E6%AD%B3" n3="%E3%82%AB%E3%83%9D%E3%83%8D%E5%9B%A3%E3%81%AE%E5%85%84%E8%B2%B4" dan="16,16,18,18" rate="2083.36,2141.71,2263.05,2206.82" sx="M,M,F,M"/><TAIKYOKU oya="0"/><INIT seed="0,0,0,4,5,128" ten="250,250,250,250" oya="0" hai0="100,109,3,120,56,72,23,79,51,89,106,47,110" hai1="15,11,34,78,61,121,41,9,45,134,7,117,135" hai2="31,62,113,36,22,17,103,49,130,87,29,81,129" hai3="95,125,111,27,84,80,132,6,25,37,53,93,96"/><T35/><D35/><U63/><E34/><V69/><F36/><W1/><G111/><N who="0" m="42507" /><D120/><U5/><E121/><V112/><F103/><W115/><G115/><N who="2" m="44105" /><F49/><W91/><G125/><T65/><D3/><U48/><E117/><V123/><F62/><W131/><G131/><N who="2" m="50185" /><F69/><W54/><G37/><T108/><D23/><U19/><E78/><N who="2" m="46519" /><F123/><W92/><G54/><N who="0" m="30079" /><D89/><U70/><E70/><V50/><F50/><W116/><G53/><T16/><N who="0" m="42515" /><T30/><DORA hai="105" /><D30/><U12/><E19/><V75/><F75/><W67/><G116/><T43/><D43/><U4/><E4/><V122/><F122/><W55/><G6/><T94/><D16/><U52/><E41/><V104/><F104/><W60/><G55/><T76/><D106/><U107/><E107/><V24/><AGARI ba="0,0" hai="17,22,24,29,31" m="46519,50185,44105" machi="24" ten="30,1100,0" yaku="19,1" doraHai="128,105" who="2" fromWho="2" sc="250,-5,250,-3,250,11,250,-3" /><INIT seed="1,0,0,2,0,52" ten="245,247,261,247" oya="1" hai0="55,91,39,77,19,74,3,45,80,60,96,29,124" hai1="14,41,128,109,30,120,17,67,62,50,133,85,108" hai2="32,53,59,99,5,95,56,48,54,84,2,116,47" hai3="7,127,18,24,79,111,114,36,43,6,105,66,82"/><U61/><E120/><V126/><F116/><W98/><G114/><T117/><D117/><U58/><E128/><V35/><F126/><W75/><G111/><N who="1" m="42570" /><E133/><V44/><F84/><W119/><G127/><T88/><D124/><U1/><E1/><V10/><F35/><W64/><G119/><T106/><D39/><U92/><E30/><V110/><F32/><W89/><G7/><T70/><D3/><U69/><E41/><V118/><F118/><W102/><G6/><T100/><D19/><U94/><E50/><V86/><F86/><W51/><G36/><T129/><D129/><U25/><E25/><V15/><F2/><W132/><G132/><T46/><D29/><U83/><E69/><V34/><F34/><W121/><G121/><T93/><D91/><N who="1" m="51647" /><E62/><N who="2" m="36111" /><F110/><W73/><G73/><T122/><D122/><U9/><AGARI ba="0,0" hai="9,14,17,58,61,67,92,94" m="51647,42570" machi="9" ten="30,6000,0" yaku="14,1,10,1,52,1" doraHai="52" who="1" fromWho="1" sc="245,-20,247,60,261,-20,247,-20" /><INIT seed="1,1,0,2,2,130" ten="225,307,241,227" oya="1" hai0="77,49,26,117,75,46,70,54,89,129,125,103,53" hai1="126,128,115,15,67,2,48,86,43,65,23,28,34" hai2="84,105,44,20,59,127,123,113,22,62,100,111,50" hai3="109,118,80,16,93,99,25,131,60,112,21,45,133"/><U122/><E2/><V10/><F123/><W88/><G109/><T78/><D117/><U134/><E122/><V24/><F111/><W13/><G133/><T0/><D0/><U114/><E134/><V85/><F127/><W38/><G131/><T17/><D70/><U97/><E34/><V121/><F113/><W106/><G112/><T19/><D129/><U9/><E126/><V110/><F110/><W40/><G118/><T69/><D69/><U79/><E128/><V27/><F10/><W96/><G60/><T11/><D125/><U94/><E28/><N who="2" m="17415" /><F100/><W64/><G64/><T56/><D103/><U104/><E23/><V92/><F92/><W55/><G55/><T74/><D74/><U1/><E1/><V32/><F105/><W41/><G41/><T101/><D101/><N who="1" m="60599" /><E104/><V76/><F76/><W14/><G106/><T124/><D124/><U82/><E114/><V52/><F32/><W35/><G96/><T3/><D3/><U4/><E115/><V47/><F47/><AGARI ba="1,0" hai="4,9,15,43,47,48,65,67,79,82,86" m="60599" machi="47" ten="30,2900,0" yaku="25,1,8,1" doraHai="130" who="1" fromWho="2" sc="225,0,307,32,241,-32,227,0" /><INIT seed="1,2,0,1,3,125" ten="225,339,209,227" oya="1" hai0="128,103,74,82,8,108,91,37,123,40,100,79,34" hai1="25,87,54,61,71,4,70,86,81,85,97,57,77" hai2="84,63,117,131,10,1,76,65,68,134,96,23,129" hai3="14,99,133,9,78,121,48,59,46,116,13,2,42"/><U83/><E4/><N who="2" m="1295" /><F117/><W62/><G121/><T72/><D34/><U29/><E97/><V26/><F84/><W50/><G133/><T93/><D37/><U112/><E112/><V49/><F49/><W75/><G116/><T115/><D40/><U28/><E28/><V15/><F76/><W90/><G2/><T94/><D8/><U64/><E64/><V88/><F15/><W104/><G14/><T105/><D115/><U27/><E27/><V41/><F41/><W119/><G119/><T132/><D132/><U110/><E86/><V102/><F88/><W135/><G135/><T126/><D123/><U122/><E122/><V21/><F134/><W44/><G78/><T73/><D126/><U58/><E58/><V20/><F26/><W114/><G114/><T31/><D31/><U32/><E110/><V11/><F11/><W56/><G56/><T35/><D35/><U60/><E60/><V80/><F80/><W18/><G62/><T98/><D108/><U38/><E38/><V120/><F120/><W127/><G59/><T107/><D128/><N who="2" m="49226" /><F21/><W95/><G127/><T7/><D7/><U53/><E85/><V106/><AGARI ba="2,0" hai="20,23,63,65,68,96,102,106" m="49226,1295" machi="106" ten="30,7900,0" yaku="19,1,52,3" doraHai="125" who="2" fromWho="2" sc="225,-22,339,-41,209,85,227,-22" /><INIT seed="2,0,0,4,4,75" ten="203,298,294,205" oya="2" hai0="49,71,57,111,25,24,96,29,112,70,22,64,63" hai1="79,121,128,86,6,113,103,82,37,40,8,126,67" hai2="19,61,17,34,18,89,127,73,122,115,47,21,72" hai3="118,38,54,27,132,7,23,11,83,92,120,32,116"/><V42/><F115/><W41/><G120/><T1/><D1/><U52/><E113/><V28/><F122/><W14/><G132/><T45/><D112/><U60/><E121/><V108/><F34/><W97/><G32/><T58/><D111/><U100/><E126/><V16/><F127/><W62/><G38/><T59/><D70/><U68/><E128/><V3/><F3/><W123/><G41/><T26/><REACH who="0" step="1"/><D96/><REACH who="0" ten="193,298,294,205" step="2"/><U51/><E37/><V85/><F108/><W15/><G123/><T133/><D133/><U90/><E40/><AGARI ba="0,1" hai="22,24,25,26,29,40,45,49,57,58,59,63,64,71" machi="40" ten="40,2600,0" yaku="1,1,53,1" doraHai="75" doraHaiUra="36" who="0" fromWho="1" sc="193,36,298,-26,294,0,205,0" /><INIT seed="3,0,0,0,1,103" ten="229,272,294,205" oya="3" hai0="101,68,16,108,70,59,80,117,57,87,55,56,33" hai1="128,60,37,27,126,129,114,125,93,0,14,4,15" hai2="134,113,20,38,110,123,46,127,43,92,51,41,77" hai3="72,36,50,116,107,112,18,130,12,69,94,99,135"/><W76/><G116/><T5/><D33/><U88/><E37/><V106/><F113/><W133/><G36/><T63/><D117/><U81/><E81/><V96/><F110/><W28/><G112/><T111/><D5/><U65/><E27/><V6/><F134/><N who="3" m="51211" /><G130/><N who="1" m="50282" /><E0/><V78/><F127/><N who="1" m="48649" /><E4/><V132/><F123/><W2/><G69/><N who="0" m="26731" /><D101/><U9/><E9/><V71/><F71/><W52/><G2/><T29/><D29/><U8/><E8/><V90/><F6/><W84/><G28/><T25/><D80/><U109/><E109/><N who="0" m="42057" /><D87/><N who="1" m="52383" /><E114/><V74/><F132/><W24/><G24/><T26/><D26/><U54/><E65/><V91/><F38/><W48/><G12/><T85/><D85/><U7/><E7/><V119/><F119/><W34/><G84/><T35/><D35/><U86/><E86/><V58/><F20/><AGARI ba="0,0" hai="16,20,25,55,56,57,59,63" m="42057,26731" machi="20" ten="30,2000,0" yaku="14,1,54,1" doraHai="103" who="0" fromWho="2" sc="229,20,272,0,294,-20,205,0" /><INIT seed="4,0,0,0,3,89" ten="249,272,274,205" oya="0" hai0="97,94,31,76,125,85,113,0,121,68,61,62,111" hai1="41,108,36,14,43,58,99,66,127,69,117,128,100" hai2="32,50,52,123,37,9,2,95,70,8,54,120,118" hai3="3,93,33,27,72,115,82,116,48,30,55,114,67"/><T86/><D0/><U44/><E117/><V71/><F2/><W79/><G116/><T46/><D121/><U47/><E108/><V16/><F118/><W96/><G3/><T56/><D111/><U34/><E34/><V35/><F50/><W91/><REACH who="3" step="1"/><G67/><REACH who="3" ten="249,272,274,195" step="2"/><T78/><D125/><U22/><E127/><V103/><F120/><W105/><G105/><T7/><D113/><U81/><E66/><V18/><F123/><W39/><G39/><T53/><D68/><U110/><E69/><V20/><F37/><W83/><G83/><T12/><D76/><U24/><E81/><V119/><F119/><W107/><G107/><T23/><D78/><U21/><E110/><V122/><F122/><W45/><AGARI ba="0,1" hai="27,30,33,45,48,55,72,79,82,91,93,96,114,115" machi="45" ten="30,4000,0" yaku="1,1,0,1,52,1,53,0" doraHai="89" doraHaiUra="10" who="3" fromWho="3" sc="249,-20,272,-10,274,-10,195,50" /><INIT seed="5,0,0,3,2,111" ten="229,262,264,245" oya="1" hai0="97,109,94,36,35,120,67,82,86,87,6,49,69" hai1="96,91,115,119,93,5,88,26,33,56,99,129,60" hai2="1,132,24,14,125,98,44,122,124,39,22,4,89" hai3="75,92,20,46,103,123,51,79,105,101,83,131,50"/><U32/><E119/><V43/><F122/><W57/><G123/><T121/><D36/><U85/><E115/><V81/><F132/><W63/><G105/><T15/><D35/><U70/><E70/><V10/><F14/><W38/><G38/><T55/><D109/><U21/><E129/><V7/><F7/><W117/><G131/><T28/><D28/><U42/><E5/><V72/><F98/><W53/><G117/><T64/><D86/><U134/><E42/><V73/><F89/><W116/><G116/><T65/><D69/><U12/><E12/><V107/><F107/><W95/><G20/><T19/><D6/><U58/><E134/><V74/><REACH who="2" step="1"/><F81/><REACH who="2" ten="229,262,254,245" step="2"/><W108/><G108/><T102/><D121/><U29/><E99/><V34/><F34/><W104/><G104/><T135/><D135/><U112/><E33/><V71/><F71/><W47/><G101/><T106/><D106/><U41/><E32/><V110/><F110/><W114/><G103/><T52/><D120/><U100/><E91/><V2/><F2/><W84/><G95/><T130/><D130/><U11/><E88/><V118/><F118/><W9/><G92/><T8/><D49/><U90/><E93/><V23/><F23/><W40/><G50/><T80/><D82/><U16/><E96/><V113/><F113/><W77/><G114/><T61/><D61/><U37/><E60/><V0/><F0/><W31/><G63/><T78/><AGARI ba="0,1" hai="8,15,19,52,55,64,65,67,78,80,87,94,97,102" machi="78" ten="30,4000,0" yaku="0,1,8,1,54,1" doraHai="111" who="0" fromWho="0" sc="229,50,262,-20,254,-10,245,-10" /><INIT seed="6,0,0,1,4,110" ten="279,242,244,235" oya="2" hai0="72,24,67,54,117,116,73,81,8,11,59,3,99" hai1="47,32,69,53,19,109,82,12,86,39,76,108,131" hai2="36,6,121,83,127,21,44,5,9,49,25,71,35" hai3="34,75,56,61,90,84,123,52,125,63,107,17,129"/><V42/><F121/><W132/><G123/><T29/><D67/><U104/><E32/><V23/><F71/><W93/><G132/><T66/><D66/><U46/><E104/><V16/><F127/><W134/><G134/><T120/><D120/><U33/><E33/><V48/><F35/><W18/><G34/><N who="0" m="20775" /><D99/><U106/><E131/><V31/><F83/><W55/><G129/><T26/><D26/><U124/><E124/><V92/><F5/><W85/><G75/><N who="0" m="28747" /><D81/><U28/><E28/><V105/><F105/><W126/><G107/><T14/><D14/><U98/><E69/><V57/><F57/><W2/><G2/><T87/><D87/><U70/><E70/><V135/><F135/><W41/><G41/><T64/><D64/><U10/><E98/><V1/><REACH who="2" step="1"/><F92/><REACH who="2" ten="279,242,234,235" step="2"/><W88/><G56/><T79/><D79/><U89/><E76/><V95/><F95/><AGARI ba="0,1" hai="17,18,52,55,61,63,84,85,88,90,93,95,125,126" machi="95" ten="25,6400,0" yaku="22,2,54,2" doraHai="110" who="3" fromWho="2" sc="279,0,242,0,234,-64,235,74" /><INIT seed="7,0,0,1,3,109" ten="279,242,170,309" oya="3" hai0="126,66,116,117,128,74,38,35,19,129,14,83,31" hai1="111,87,68,23,101,115,59,41,102,98,1,121,112" hai2="9,77,60,52,4,34,28,104,108,46,73,49,62" hai3="20,93,8,11,47,91,96,57,16,3,122,2,119"/><W120/><G119/><T40/><D66/><U135/><E121/><V127/><F108/><W124/><G124/><T82/><D38/><U21/><E111/><V50/><F104/><W17/><G47/><T61/><D61/><U92/><E68/><V39/><F127/><W65/><G65/><T56/><D56/><U67/><E1/><V89/><F39/><W131/><G131/><N who="0" m="50251" /><D40/><U43/><E135/><V64/><F89/><W53/><G3/><T42/><D42/><N who="1" m="15883" /><E101/><V26/><F50/><W33/><G33/><T29/><D126/><U70/><E70/><V22/><F64/><W105/><G105/><T27/><D31/><U79/><E87/><V63/><F34/><W18/><G2/><T81/><D74/><U133/><E79/><V134/><F134/><W88/><G91/><T94/><D94/><U58/><E133/><V55/><F55/><W25/><G122/><T130/><D130/><U32/><E32/><V80/><REACH who="2" step="1"/><F63/><REACH who="2" ten="279,242,160,309" step="2"/><N who="3" m="36271" /><G120/><T69/><D69/><U48/><E67/><V100/><F100/><W86/><G96/><T107/><D107/><U45/><E48/><V118/><F118/><W24/><G24/><T84/><D117/><U37/><E37/><V36/><F36/><W97/><G97/><T51/><D51/><U72/><E98/><V95/><F95/><W132/><G132/><T6/><D116/><U54/><E92/><V71/><F71/><W99/><G99/><T125/><D125/><U5/><E102/><V10/><F10/><AGARI ba="0,1" hai="8,10,11,16,17,18,20,25,86,88,93" m="36271" machi="10" ten="30,5800,0" yaku="8,1,54,2" doraHai="109" who="3" fromWho="2" sc="279,0,242,0,160,-58,309,68" owari="279,8.0,242,-16.0,102,-40.0,377,48.0" /></mjloggm>