<mjloggm ver="2.3"><GO type="169" lobby="0"/><UN n0="%72%69%6F%75%63%68%61%6E" n1="%4B%E3%80%82" n2="%E5%A4%A2%E8%89%B2%6D%65%6D%6F%72%79" n3="%E5%B0%B1%E6%B4%BB%E7%94%9F%40%E5%B7%9D%E6%9D%91%E8%BB%8D%E5%9B%A3" dan="16,18,17,19" rate="2010.60,2241.48,2123.43,2321.00" sx="M,M,F,M"/><TAIKYOKU oya="0"/><INIT seed="0,0,0,5,5,91" ten="250,250,250,250" oya="0" hai0="101,44,16,111,27,35,96,92,8,100,54,73,63" hai1="77,51,26,13,67,31,53,102,47,45,130,48,11" hai2="7,106,88,72,56,82,129,4,46,18,85,0,15" hai3="128,36,83,124,84,39,135,14,61,134,110,118,9"/><T37/><D73/><U30/><E130/><V17/><F129/><W6/><G128/><T127/><D127/><U42/><E77/><V19/><F106/><W58/><G118/><T103/><D111/><U52/><E67/><V112/><F112/><W99/><G99/><T32/><D63/><U113/><E113/><V95/><F0/><W97/><G97/><T98/><D54/><U109/><E109/><V76/><F15/><W20/><G20/><T89/><D98/><U38/><E102/><V40/><REACH who="2" step="1"/><F56/><REACH who="2" ten="250,250,240,250" step="2"/><W5/><G110/><T131/><D131/><U29/><E38/><AGARI ba="0,1" hai="4,7,17,18,19,38,40,46,72,76,82,85,88,95" machi="38" ten="40,8000,1" yaku="1,1,2,1,52,1,54,1,53,0" doraHai="91" doraHaiUra="24" who="2" fromWho="1" sc="250,0,250,-80,240,90,250,0" /><INIT seed="1,0,0,2,2,128" ten="250,170,330,250" oya="1" hai0="130,42,1,53,70,86,45,32,129,63,78,52,54" hai1="124,71,109,105,135,15,23,2,58,39,102,55,108" hai2="90,123,88,69,93,132,96,84,87,118,26,44,0" hai3="31,95,17,7,122,43,75,126,119,41,97,89,19"/><U9/><E71/><V115/><F69/><W82/><G122/><T38/><D32/><U100/><E124/><V107/><F0/><W36/><G126/><T134/><D134/><U106/><E39/><V131/><F118/><W61/><G119/><T16/><D1/><U112/><E112/><V73/><F73/><W56/><G31/><T120/><D120/><U79/><E79/><V46/><F123/><W50/><G36/><T13/><D78/><U20/><E2/><V29/><F115/><W117/><G7/><T113/><D113/><U59/><E55/><V21/><F132/><W72/><G72/><T133/><D133/><U12/><REACH who="1" step="1"/><E135/><REACH who="1" ten="250,160,330,250" step="2"/><V8/><F131/><N who="0" m="50186" /><D70/><U18/><E18/><V76/><F76/><W77/><G117/><T40/><D40/><U47/><E47/><V3/><F46/><W4/><G4/><T25/><D25/><U37/><E37/><V35/><F44/><W83/><G19/><T60/><D86/><U5/><E5/><V92/><F3/><W103/><G17/><T116/><D116/><U74/><E74/><V28/><F28/><W33/><G43/><T6/><D6/><U81/><E81/><V85/><F87/><W67/><G83/><T101/><D101/><U57/><E57/><V62/><F85/><W111/><G111/><T114/><D114/><U49/><E49/><V104/><F62/><W51/><G41/><T98/><D98/><U14/><E14/><V24/><F8/><AGARI ba="0,1" hai="8,13,16,38,42,45,52,53,54,60,63" m="50186" machi="8" ten="30,3900,0" yaku="19,1,54,2" doraHai="128" who="0" fromWho="2" sc="250,49,160,0,330,-39,250,0" /><AGARI ba="0,0" hai="8,9,12,15,20,23,58,59,100,102,105,106,108,109" machi="8" ten="25,12000,1" yaku="1,1,22,2,53,2" doraHai="128" doraHaiUra="10" who="1" fromWho="2" sc="299,0,160,120,291,-120,250,0" /><INIT seed="1,1,0,5,3,73" ten="299,280,171,250" oya="1" hai0="42,84,101,15,72,52,56,37,122,12,53,17,120" hai1="26,106,47,39,92,0,54,45,57,100,95,61,8" hai2="113,43,14,70,5,9,64,71,50,75,59,55,133" hai3="83,66,129,34,33,115,4,3,30,6,74,38,110"/><U102/><E106/><V41/><F113/><W94/><G115/><T79/><D72/><U125/><E125/><V24/><F75/><W60/><G110/><T109/><D109/><U25/><E0/><V68/><F133/><W88/><G38/><T117/><D117/><U123/><E8/><V29/><REACH who="2" step="1"/><F64/><REACH who="2" ten="299,280,161,250" step="2"/><W97/><G129/><T28/><D122/><U98/><E123/><V134/><F134/><W46/><G3/><T85/><D120/><U36/><E39/><V80/><F80/><W48/><G74/><T107/><D37/><U132/><E132/><V2/><F2/><W105/><G83/><T87/><D53/><U11/><E36/><V108/><F108/><W116/><G116/><T62/><D42/><U27/><REACH who="1" step="1"/><E11/><REACH who="1" ten="299,270,161,250" step="2"/><V104/><F104/><W127/><G105/><T67/><D107/><U119/><E119/><V1/><F1/><W35/><G127/><T89/><D67/><U81/><E81/><V82/><F82/><W44/><G66/><T103/><D79/><U112/><E112/><V114/><F114/><W16/><G94/><T96/><D52/><U21/><E21/><AGARI ba="1,2" hai="5,9,14,21,24,29,41,43,50,55,59,68,70,71" machi="21" ten="40,1300,0" yaku="1,1,53,0" doraHai="73" doraHaiUra="91" who="2" fromWho="1" sc="299,0,270,-16,161,36,250,0" /><INIT seed="2,0,0,1,2,54" ten="299,254,197,250" oya="2" hai0="133,110,93,24,97,32,73,36,57,19,114,63,22" hai1="66,18,87,104,8,120,45,100,98,31,91,122,27" hai2="126,20,2,41,34,15,51,125,103,74,17,69,117" hai3="88,118,60,95,131,116,127,53,113,115,7,55,72"/><V94/><F74/><W4/><G72/><T90/><D114/><N who="3" m="43529" /><G131/><T6/><D36/><U82/><E45/><N who="2" m="26031" /><F34/><W128/><G128/><T121/><D121/><U84/><E8/><V33/><F33/><W77/><G77/><T42/><D73/><U132/><E132/><V107/><F107/><W80/><G80/><T112/><D133/><U29/><E87/><V61/><F2/><W39/><G39/><T130/><D112/><U109/><E109/><V89/><F103/><W78/><G78/><T13/><D110/><U102/><E102/><V111/><F111/><W40/><G40/><T10/><D130/><U38/><E38/><V50/><F117/><N who="3" m="45163" /><G127/><N who="2" m="48649" /><F50/><W76/><G76/><T75/><D75/><U30/><E122/><V23/><F61/><W65/><G55/><N who="0" m="34239" /><D32/><U58/><E120/><V47/><F47/><W99/><G53/><T56/><D42/><U16/><E27/><V101/><F101/><W12/><G12/><T64/><D64/><U44/><E44/><V86/><F69/><AGARI ba="0,0" hai="4,7,60,65,69,88,95,99" m="45163,43529" machi="69" ten="30,2000,0" yaku="11,1,54,1" doraHai="54" who="3" fromWho="2" sc="299,0,254,0,197,-20,250,20" /><INIT seed="3,0,0,1,4,100" ten="299,254,177,270" oya="3" hai0="53,46,107,127,33,58,123,16,126,0,77,56,109" hai1="41,39,122,78,86,18,80,64,8,10,32,21,43" hai2="114,20,63,45,131,67,1,75,44,3,94,117,23" hai3="69,108,118,87,49,70,40,65,85,17,116,11,93"/><W91/><G108/><T134/><D123/><U42/><E122/><V61/><F117/><W121/><G121/><T13/><D0/><U120/><E120/><V84/><F75/><W60/><G70/><T101/><D33/><U82/><E39/><V2/><F114/><W125/><G125/><N who="0" m="47627" /><D109/><U110/><E32/><V92/><F131/><W72/><G72/><T4/><D134/><U27/><E110/><V89/><F94/><W105/><G105/><T15/><D77/><U25/><E64/><V90/><F89/><W37/><G37/><T124/><N who="0" m="47635" /><T50/><DORA hai="52" /><D4/><U19/><REACH who="1" step="1"/><E82/><REACH who="1" ten="299,244,177,270" step="2"/><V6/><F6/><W5/><G5/><T34/><D34/><U83/><E83/><V97/><F67/><W29/><G116/><T47/><D47/><U31/><E31/><V26/><F45/><W73/><G29/><T35/><D35/><U68/><E68/><V59/><F44/><W96/><G118/><T57/><D16/><U104/><E104/><V113/><F113/><W88/><G17/><T79/><D79/><U119/><E119/><V112/><F112/><W51/><G65/><T54/><D54/><U24/><E24/><V28/><F97/><AGARI ba="0,1" hai="13,15,46,50,53,56,57,58,97,101,107" m="47635" machi="97" ten="50,8000,1" yaku="18,1,52,4" doraHai="100,52" who="0" fromWho="2" sc="299,90,244,0,177,-80,270,0" /><INIT seed="4,0,0,5,4,37" ten="389,244,97,270" oya="0" hai0="33,12,25,23,90,79,11,102,132,1,129,71,18" hai1="82,10,76,47,78,111,13,128,70,114,130,98,77" hai2="3,68,127,119,19,96,81,120,50,40,49,92,135" hai3="17,112,117,94,15,104,53,30,21,8,34,14,124"/><T29/><D71/><U54/><E111/><V123/><F119/><W89/><G104/><T85/><D129/><U113/><E70/><V125/><F68/><W24/><G117/><T44/><D132/><U46/><E98/><V56/><F3/><W116/><G116/><T106/><D79/><U93/><E93/><V55/><F81/><W43/><G124/><N who="2" m="47689" /><F19/><W35/><G112/><N who="1" m="43114" /><E82/><V108/><F108/><W134/><G134/><T73/><D73/><U27/><E27/><V118/><F135/><W42/><G53/><T74/><D74/><U26/><E26/><V51/><F118/><W48/><G48/><N who="2" m="18537" /><F92/><W75/><G75/><T41/><D106/><U64/><E54/><V39/><F96/><W133/><G133/><T97/><D97/><U9/><E64/><V107/><F107/><W110/><G110/><T131/><D131/><N who="1" m="50219" /><E13/><V84/><F84/><W65/><G65/><T80/><D102/><U32/><E32/><V38/><F38/><W87/><G35/><T36/><REACH who="0" step="1"/><D1/><REACH who="0" ten="379,244,97,270" step="2"/><U7/><E7/><AGARI ba="0,1" hai="7,8,14,15,17,21,24,30,34,42,43,87,89,94" machi="7" ten="30,3900,0" yaku="7,1,52,2" doraHai="37" who="3" fromWho="1" sc="379,0,244,-39,97,0,270,49" /><INIT seed="5,0,0,0,1,1" ten="379,205,97,319" oya="1" hai0="22,58,107,3,85,133,39,34,36,71,94,23,134" hai1="43,101,77,33,75,6,19,82,0,91,87,103,110" hai2="16,18,26,76,102,129,14,4,92,132,30,49,127" hai3="63,35,117,100,44,2,96,112,118,90,86,55,81"/><U10/><E110/><V41/><F127/><W60/><G112/><T21/><D71/><U104/><E33/><V24/><F132/><N who="0" m="50794" /><D107/><U119/><E119/><N who="3" m="45578" /><G2/><T122/><D122/><U106/><E106/><V131/><F76/><W115/><G35/><T56/><D34/><U62/><E104/><V99/><F41/><W12/><G115/><T111/><D111/><U72/><E72/><V120/><F49/><N who="3" m="29095" /><G12/><T40/><D3/><U61/><E19/><N who="2" m="7211" /><F120/><W54/><G54/><T46/><D36/><U42/><E42/><V11/><F30/><W116/><G116/><T109/><D109/><U123/><E123/><V38/><F38/><W67/><G67/><T51/><D39/><U97/><E43/><V9/><F9/><W73/><G73/><T65/><D65/><U15/><E0/><V66/><F66/><W84/><G86/><T124/><D124/><U32/><E32/><V113/><F113/><W37/><G37/><T80/><D94/><AGARI ba="0,0" hai="60,63,81,84,90,94,96,100" m="29095,45578" machi="94" ten="30,1000,0" yaku="12,1" doraHai="1" who="3" fromWho="0" sc="379,-10,205,0,97,0,319,10" /><INIT seed="6,0,0,3,5,113" ten="369,205,97,329" oya="2" hai0="73,10,24,66,121,135,3,82,38,111,44,133,31" hai1="25,39,69,80,102,55,83,103,75,124,14,29,93" hai2="126,96,123,4,105,18,45,120,37,8,54,42,61" hai3="94,26,13,28,74,41,11,20,43,112,57,22,33"/><V129/><F129/><W46/><G74/><T34/><D111/><U27/><E39/><V114/><F126/><W88/><G112/><T65/><D121/><U85/><E69/><V101/><F114/><W117/><G117/><T52/><D66/><U108/><E108/><V90/><F18/><W36/><G43/><N who="0" m="22647" /><D65/><U6/><E124/><V106/><F90/><W2/><G57/><T91/><D91/><U16/><E75/><V100/><F54/><W110/><G2/><T60/><D60/><U9/><E80/><V35/><F35/><W30/><G28/><T56/><D56/><U97/><E102/><V67/><F101/><W84/><REACH who="3" step="1"/><G110/><REACH who="3" ten="369,205,97,319" step="2"/><T81/><D73/><U0/><E29/><V51/><F51/><W92/><G92/><T104/><D104/><U50/><E0/><N who="2" m="7" /><F105/><W59/><G59/><T53/><D81/><U12/><E50/><V109/><F109/><W99/><G99/><T7/><D82/><U40/><E40/><V125/><F125/><W64/><G64/><T118/><D118/><U48/><E48/><V19/><F19/><AGARI ba="0,1" hai="11,13,19,20,22,26,30,33,36,41,46,84,88,94" machi="19" ten="30,3900,0" yaku="1,1,7,1,54,1,53,0" doraHai="113" doraHaiUra="47" who="3" fromWho="2" sc="369,0,205,0,97,-39,319,49" /><INIT seed="7,0,0,4,3,122" ten="369,205,58,368" oya="3" hai0="129,1,124,33,77,47,88,79,89,132,87,96,60" hai1="53,115,131,45,17,100,54,106,10,64,39,35,90" hai2="20,107,116,0,76,74,49,130,84,68,110,15,27" hai3="99,61,86,2,80,78,127,102,50,48,52,18,101"/><W37/><G2/><T4/><D33/><U114/><E35/><V135/><F84/><W119/><G37/><T22/><D1/><U30/><E30/><V103/><F103/><N who="3" m="39435" /><G119/><T126/><D129/><U125/><E106/><V56/><F56/><N who="3" m="34951" /><G127/><N who="0" m="48683" /><D132/><U85/><E100/><V40/><F40/><W38/><G38/><T14/><D47/><U98/><E98/><V94/><F94/><W25/><G99/><T31/><D60/><U67/><E131/><V95/><F95/><W93/><G93/><N who="0" m="56359" /><D4/><U82/><E125/><V123/><F76/><N who="0" m="29258" /><D31/><U117/><E117/><V16/><F49/><W81/><G81/><N who="0" m="49391" /><D14/><U69/><E17/><V6/><F16/><W75/><G75/><T19/><D19/><U63/><E10/><V65/><F15/><W43/><G43/><T7/><D7/><U32/><E64/><V57/><F57/><W112/><G112/><N who="1" m="43050" /><E32/><V71/><F20/><AGARI ba="0,0" hai="18,20,25,48,50,78,80,86" m="34951,39435" machi="20" ten="30,2900,0" yaku="8,1,54,1" doraHai="122" who="3" fromWho="2" sc="369,0,205,0,58,-29,368,29" /><AGARI ba="0,0" hai="20,22" m="49391,29258,56359,48683" machi="20" ten="30,2000,0" yaku="18,1,54,1" doraHai="122" who="0" fromWho="2" sc="369,20,205,0,29,-20,397,0" owari="389,19.0,205,-19.0,9,-49.0,397,49.0" /></mjloggm>