<mjloggm ver="2.3"><GO type="169" lobby="0"/><UN n0="%E4%BA%8C%E9%9A%8E%E5%A0%82%E7%91%A0%E7%BE%8E%E3%81%AE%E4%BD%BF%E8%80%85" n1="%E5%B0%B1%E6%B4%BB%E7%94%9F%40%E5%B7%9D%E6%9D%91%E8%BB%8D%E5%9B%A3" n2="%7A%65%52%6F" n3="%E3%82%AB%E3%83%9D%E3%83%8D%E5%9B%A3%E3%81%AE%E5%85%84%E8%B2%B4" dan="16,20,19,18" rate="2061.98,2370.43,2308.19,2217.12" sx="M,M,M,M"/><TAIKYOKU oya="0"/><INIT seed="0,0,0,4,2,34" ten="250,250,250,250" oya="0" hai0="27,89,122,130,85,76,52,57,24,40,68,124,83" hai1="67,86,20,46,64,70,0,113,132,71,127,62,99" hai2="35,56,100,84,96,16,39,107,55,66,111,49,112" hai3="110,9,53,128,7,73,41,42,32,31,50,33,12"/><T93/><D68/><U72/><E72/><V74/><F74/><W48/><G73/><T133/><D122/><U23/><E127/><V30/><F39/><W36/><G110/><T94/><D124/><U25/><E132/><V21/><F112/><W108/><G108/><T125/><D125/><U13/><E0/><V22/><F111/><W47/><G128/><T109/><D109/><U92/><E86/><V45/><F22/><W51/><G31/><T80/><D133/><U115/><E46/><V1/><F30/><W4/><G4/><T37/><D130/><U60/><E13/><V123/><F35/><W82/><G36/><T97/><D40/><N who="3" m="15465" /><G33/><T78/><D37/><U120/><E120/><V29/><F29/><W69/><G32/><T119/><D94/><U131/><E131/><V102/><F102/><W43/><G69/><T6/><D6/><U14/><E14/><V103/><F103/><W129/><G129/><T15/><D15/><U116/><E116/><V3/><F84/><W65/><G65/><T8/><D8/><U26/><E92/><V19/><F123/><W54/><G82/><T134/><D134/><U126/><E126/><V88/><F88/><W10/><G10/><T118/><D118/><U91/><E91/><V98/><F98/><AGARI ba="0,0" hai="20,23,25,26,60,62,64,67,70,71,98,99,113,115" machi="98" ten="25,1600,0" yaku="22,2" doraHai="34" who="1" fromWho="2" sc="250,0,250,16,250,-16,250,0" /><INIT seed="1,0,0,4,1,24" ten="250,266,234,250" oya="1" hai0="51,100,40,112,95,4,49,28,41,27,30,124,121" hai1="63,47,97,117,55,16,58,94,84,43,15,25,32" hai2="135,101,69,67,123,33,9,89,92,22,29,78,103" hai3="5,3,1,21,86,45,87,111,133,109,73,11,6"/><U91/><E117/><V126/><F123/><W0/><G73/><T60/><D112/><U81/><E32/><V88/><F33/><W113/><G113/><T34/><D121/><U39/><E25/><V108/><F78/><W116/><G133/><T57/><D124/><U26/><E26/><V127/><F22/><W17/><G45/><T77/><D77/><U64/><E64/><V130/><F135/><W119/><G86/><T20/><D4/><N who="3" m="1641" /><G11/><T38/><D38/><U110/><E110/><N who="3" m="41994" /><G87/><T7/><D7/><U37/><E37/><V71/><F9/><W54/><G54/><N who="0" m="33847" /><D30/><U18/><REACH who="1" step="1"/><E15/><AGARI ba="0,0" hai="0,1,3,15,17,21,116,119" m="41994,1641" machi="15" ten="40,5200,0" yaku="14,1,34,2" doraHai="24" who="3" fromWho="1" sc="250,0,266,-52,234,0,250,52" /><INIT seed="2,0,0,5,4,29" ten="250,214,234,302" oya="2" hai0="123,73,63,1,113,67,17,9,116,48,77,42,47" hai1="38,28,129,50,45,91,103,88,117,56,19,2,61" hai2="39,101,20,108,37,119,15,49,3,53,89,95,133" hai3="97,11,96,125,100,107,104,93,8,134,23,126,111"/><V84/><F3/><W128/><G111/><T60/><D113/><U33/><E2/><V21/><F119/><W99/><G134/><T83/><D123/><U122/><E38/><V58/><F133/><W127/><G128/><T75/><D116/><U115/><E117/><V54/><F108/><W24/><G93/><T10/><D75/><U124/><E129/><V62/><F101/><W118/><G118/><T76/><D77/><U72/><E72/><V46/><F39/><W27/><G23/><T12/><REACH who="0" step="1"/><D67/><REACH who="0" ten="240,214,234,302" step="2"/><U6/><E115/><V102/><F37/><W51/><G100/><T32/><D32/><U78/><E103/><V57/><F102/><W4/><G107/><T16/><D16/><U120/><E78/><V81/><F95/><W35/><G104/><T43/><D43/><U94/><E19/><V112/><F112/><W98/><G35/><T13/><D13/><U7/><E120/><V55/><REACH who="2" step="1"/><F15/><REACH who="2" ten="240,214,224,302" step="2"/><W105/><G105/><T90/><D90/><U110/><E122/><V71/><F71/><W40/><G125/><T22/><D22/><U41/><E110/><V74/><F74/><W5/><G126/><T135/><D135/><U79/><E124/><V82/><F82/><W65/><G127/><T64/><D64/><N who="1" m="38951" /><E79/><V25/><F25/><W36/><G65/><T121/><D121/><U52/><E91/><V69/><F69/><W85/><G27/><T18/><D18/><U68/><E68/><V130/><F130/><W80/><G24/><T59/><D59/><U44/><E88/><V14/><F14/><W92/><N who="3" m="24576" /><DORA hai="70" /><W30/><G80/><RYUUKYOKU ba="0,2" sc="240,15,214,-15,224,15,302,-15" hai0="1,9,10,12,17,42,47,48,60,63,73,76,83" hai2="20,21,46,49,53,54,55,57,58,62,81,84,89" /><INIT seed="2,1,2,1,2,117" ten="255,199,239,287" oya="2" hai0="85,49,113,90,16,122,55,134,17,107,71,72,115" hai1="97,65,96,33,106,133,135,114,26,130,23,7,79" hai2="111,80,8,74,132,6,108,53,0,20,34,81,44" hai3="121,57,98,4,46,82,19,120,109,104,99,15,22"/><V45/><F34/><W128/><G109/><N who="2" m="42057" /><F132/><N who="1" m="50761" /><E114/><V29/><F53/><W86/><G128/><T11/><D72/><U12/><E130/><V93/><F93/><W89/><G4/><T2/><D107/><U62/><E33/><V58/><F58/><W66/><G46/><N who="2" m="18025" /><F74/><W102/><REACH who="3" step="1"/><G99/><REACH who="3" ten="255,199,239,277" step="2"/><T110/><D110/><U31/><E106/><V24/><AGARI ba="1,3" hai="0,6,8,20,24,29,80,81" m="18025,42057" machi="24" ten="30,3000,0" yaku="14,1,10,1" doraHai="117" who="2" fromWho="2" sc="255,-11,199,-11,239,63,277,-11" /><INIT seed="2,2,0,1,5,18" ten="244,188,302,266" oya="2" hai0="26,33,103,57,85,15,64,31,61,80,20,115,95" hai1="94,81,122,130,59,52,79,67,135,131,124,39,125" hai2="78,118,54,107,5,83,47,41,34,8,119,23,1" hai3="114,16,6,66,121,40,53,68,42,60,88,3,38"/><V9/><F107/><W71/><G121/><T82/><D115/><U62/><E39/><V74/><F34/><W113/><G68/><T48/><D33/><U43/><E43/><V120/><F120/><W127/><G127/><N who="1" m="48714" /><E122/><V133/><F133/><W63/><G6/><T96/><D15/><U25/><E94/><V11/><F54/><W73/><G3/><T109/><D109/><U13/><E13/><V76/><F76/><W72/><G53/><T22/><D22/><U129/><E25/><V77/><F77/><W28/><G28/><T70/><D70/><U19/><E19/><V99/><F99/><W51/><G16/><T30/><D30/><U49/><E81/><N who="0" m="31337" /><D48/><U111/><E79/><V112/><F112/><W98/><G51/><T69/><D69/><N who="1" m="42231" /><E111/><V84/><F84/><AGARI ba="2,0" hai="20,26,31,57,61,64,84,85,95,96,103" m="31337" machi="84" ten="30,3900,0" yaku="25,1,8,1,52,1" doraHai="18" who="0" fromWho="2" sc="244,45,188,0,302,-45,266,0" /><INIT seed="3,0,0,3,4,76" ten="289,188,257,266" oya="3" hai0="2,93,72,105,16,79,47,63,23,91,42,24,94" hai1="20,28,109,35,68,49,102,33,46,112,8,83,127" hai2="19,92,95,29,56,58,78,53,125,75,126,84,67" hai3="129,39,43,85,1,4,108,31,11,107,132,124,3"/><W55/><G107/><T87/><D105/><U120/><E112/><V69/><F69/><W37/><G124/><T6/><D63/><U61/><E127/><V74/><F29/><W17/><G129/><T97/><D72/><U48/><E102/><V71/><F71/><W103/><G103/><T45/><D42/><U12/><E109/><V66/><F78/><W22/><G132/><T81/><REACH who="0" step="1"/><D94/><REACH who="0" ten="279,188,257,266" step="2"/><U122/><E61/><V44/><F75/><W25/><G43/><T131/><D131/><U106/><E106/><V7/><F74/><W34/><G108/><T50/><D50/><U10/><E49/><V26/><F125/><W60/><G60/><T98/><D98/><U59/><E48/><V27/><F126/><W121/><G55/><T73/><D73/><U52/><E52/><V99/><F53/><W40/><G40/><T119/><D119/><U134/><E134/><V101/><F99/><W96/><G96/><T36/><D36/><U57/><E68/><V123/><F92/><W70/><G70/><T104/><D104/><U38/><E38/><V13/><F95/><W116/><G116/><T86/><D86/><U118/><E118/><V30/><F84/><W113/><G85/><T133/><D133/><U130/><E130/><V80/><F66/><W90/><G37/><T32/><D32/><U64/><E64/><V128/><F67/><W18/><G34/><T100/><D100/><U77/><E33/><V114/><F101/><W117/><G39/><T41/><D41/><U0/><E35/><V14/><F128/><W5/><G117/><T62/><D62/><RYUUKYOKU ba="0,1" sc="279,30,188,-10,257,-10,266,-10" hai0="2,6,16,23,24,45,47,79,81,87,91,93,97" /><INIT seed="4,1,1,0,3,9" ten="309,178,247,256" oya="0" hai0="97,131,34,117,128,96,108,50,107,80,41,79,78" hai1="103,43,123,63,69,11,100,111,7,85,72,33,87" hai2="116,113,30,112,83,130,62,91,132,135,25,29,67" hai3="133,124,109,47,38,88,101,92,73,12,13,129,14"/><T31/><D117/><U106/><E72/><V61/><F116/><W127/><G109/><T15/><D108/><U93/><E33/><V134/><F130/><N who="0" m="49706" /><D31/><N who="2" m="11786" /><F25/><W120/><G73/><N who="0" m="43087" /><D34/><U98/><E111/><V71/><F62/><W76/><G76/><T27/><D27/><U54/><E123/><V56/><F71/><W52/><G129/><T22/><D79/><U40/><E106/><V1/><F1/><W58/><G101/><T0/><D0/><U115/><E103/><V126/><F126/><N who="3" m="48171" /><G133/><N who="2" m="34049" /><V59/><DORA hai="24" /><F59/><W95/><G120/><T51/><D107/><U74/><E69/><V46/><F46/><W89/><G38/><T45/><D51/><U90/><E100/><V60/><F60/><N who="3" m="35911" /><G47/><T99/><D45/><U17/><E63/><V66/><F66/><W20/><G20/><T105/><D105/><U57/><E57/><V82/><F91/><AGARI ba="1,1" hai="12,13,14,88,89,91,92,95" m="35911,48171" machi="91" ten="30,12000,2" yaku="18,1,52,3,54,2" doraHai="9,24" who="3" fromWho="2" sc="309,0,178,0,247,-123,256,133" /><INIT seed="5,0,0,0,1,28" ten="309,178,124,389" oya="1" hai0="21,101,119,25,106,86,44,5,111,27,9,129,22" hai1="67,32,118,131,43,20,99,39,127,121,88,42,135" hai2="14,4,120,105,13,53,40,98,41,125,19,15,109" hai3="103,134,75,84,49,62,79,87,56,91,23,81,37"/><U117/><E121/><V57/><F109/><W65/><G37/><T115/><D119/><U110/><E67/><V95/><F105/><W35/><G35/><T108/><D129/><U16/><E32/><V12/><F4/><W76/><G134/><T50/><D115/><U126/><E131/><V78/><F78/><W69/><G103/><T96/><D86/><U63/><E63/><V38/><F125/><N who="1" m="47625" /><E135/><V130/><F38/><W112/><G112/><T94/><D106/><U71/><E71/><V66/><F130/><W80/><G23/><T33/><D33/><U30/><E30/><V60/><F66/><W102/><G102/><T7/><D22/><U107/><E107/><V0/><F0/><W89/><G75/><T124/><D124/><U114/><E114/><V2/><F2/><W74/><G74/><T70/><D70/><U128/><E128/><V64/><F64/><W92/><G92/><T47/><D108/><U46/><E43/><V104/><F104/><W83/><G83/><T90/><D111/><U52/><E110/><V17/><F120/><W82/><G82/><T133/><D133/><U97/><E52/><AGARI ba="0,0" hai="49,52,56,62,65,69,76,79,80,81,84,87,89,91" machi="52" ten="40,2600,0" yaku="9,1,54,1" doraHai="28" who="3" fromWho="1" sc="309,0,178,-26,124,0,389,26" /><INIT seed="6,0,0,2,2,102" ten="309,152,124,415" oya="2" hai0="110,3,13,8,83,9,79,108,94,23,25,28,62" hai1="80,106,84,88,107,74,99,115,31,90,96,14,57" hai2="55,116,125,72,2,130,59,16,105,98,44,128,43" hai3="60,39,21,103,10,92,15,109,52,78,89,11,45"/><V49/><F116/><W63/><G109/><T123/><D123/><U101/><E31/><V132/><F72/><W82/><G103/><T32/><D94/><N who="1" m="56391" /><E57/><V114/><F2/><W38/><G21/><T46/><D46/><U129/><E14/><V42/><F125/><W100/><G100/><T73/><D62/><U56/><E56/><V1/><F1/><W127/><G11/><T121/><D121/><U104/><E115/><V29/><F29/><W81/><G127/><T27/><D3/><U91/><E129/><N who="2" m="49771" /><F114/><W41/><G38/><T126/><D8/><U33/><E33/><V119/><F119/><W58/><G78/><T76/><D76/><N who="1" m="44055" /><E91/><V77/><F77/><W35/><G35/><T118/><D126/><U111/><E111/><V40/><F16/><W6/><G63/><T50/><D118/><U7/><E7/><V37/><F59/><W68/><G68/><T71/><D71/><U113/><E113/><V12/><F12/><W86/><AGARI ba="0,0" hai="6,10,15,39,41,45,52,58,60,81,82,86,89,92" machi="86" ten="20,2700,0" yaku="0,1,7,1,54,1" doraHai="102" who="3" fromWho="3" sc="309,-7,152,-7,124,-13,415,27" /><INIT seed="7,0,0,1,5,123" ten="302,145,111,442" oya="3" hai0="96,21,41,71,66,9,50,62,132,95,97,15,76" hai1="11,88,60,110,78,43,134,5,107,77,7,24,29" hai2="125,10,56,75,130,118,102,98,84,80,28,12,109" hai3="36,126,115,4,14,104,31,33,83,49,86,120,35"/><W20/><G36/><T105/><D132/><U57/><E110/><V127/><F28/><W64/><G104/><T34/><D34/><U18/><E107/><V68/><F68/><W112/><G64/><T73/><D105/><U129/><E43/><V119/><F56/><W47/><G120/><T58/><D21/><N who="1" m="15503" /><E129/><V91/><F12/><W121/><G126/><N who="2" m="48137" /><F10/><N who="3" m="4423" /><G20/><T52/><D76/><N who="1" m="29291" /><E134/><V100/><F130/><W67/><G67/><T44/><D73/><U114/><E114/><V46/><F46/><W39/><G31/><T30/><D30/><U124/><E124/><V70/><F70/><W69/><G69/><T63/><D95/><U81/><E18/><AGARI ba="0,0" hai="9,15,18,41,44,50,52,58,62,63,66,71,96,97" machi="18" ten="30,2000,0" yaku="7,1,54,1" doraHai="123" who="0" fromWho="1" sc="302,20,145,-20,111,0,442,0" owari="322,12.0,125,-27.0,111,-39.0,442,54.0" /></mjloggm>