<mjloggm ver="2.3"><GO type="169" lobby="0"/><UN n0="%E5%8C%97%E7%99%BD%E5%B7%9D%E3%81%82%E3%82%93%E3%81%93" n1="%E3%83%96%E3%83%AB%E3%83%96%E3%83%AB%E3%83%8F%E3%83%BC%E3%83%84" n2="%E3%83%88%E3%83%88%E3%83%AA%E5%85%88%E7%94%9F%31%39%E6%AD%B3" n3="%6E%65%77%E3%81%9F%E3%81%91%E3%81%93%E3%81%9E%E3%81%86" dan="17,17,18,16" rate="2165.91,2146.45,2262.14,2072.32" sx="F,M,F,M"/><TAIKYOKU oya="0"/><INIT seed="0,0,0,4,0,95" ten="250,250,250,250" oya="0" hai0="39,117,108,73,89,48,12,64,22,121,10,97,112" hai1="79,1,128,28,30,6,51,92,101,16,57,75,129" hai2="118,11,44,61,120,25,50,35,90,31,3,14,102" hai3="133,52,74,9,27,47,53,62,46,98,111,110,67"/><T81/><D121/><U80/><E6/><V43/><F120/><W76/><G133/><T33/><D33/><U54/><E1/><V40/><F118/><W126/><G126/><T134/><D134/><U100/><E100/><V106/><F3/><W135/><G135/><T32/><D32/><U4/><E4/><V116/><F116/><W18/><G74/><T8/><D39/><U58/><E57/><V71/><F90/><W65/><G76/><T127/><D127/><U5/><E5/><V36/><F14/><W24/><G62/><T69/><D117/><U114/><E114/><V107/><F11/><W122/><G122/><T72/><D112/><U93/><E93/><V15/><F15/><W125/><G125/><T13/><D64/><U77/><E77/><V45/><F102/><W85/><G85/><T19/><D69/><U78/><E78/><V131/><F131/><N who="1" m="50249" /><E16/><V104/><F104/><W20/><G20/><T42/><D22/><U105/><E105/><V130/><F130/><W26/><G26/><T2/><D2/><U38/><E38/><V99/><F71/><W34/><G18/><T59/><D19/><U41/><E41/><V7/><F7/><W17/><G17/><T60/><D12/><U29/><E92/><V66/><F107/><W103/><G103/><T0/><D0/><U84/><E101/><N who="2" m="62783" /><F66/><W113/><G113/><T56/><D13/><U91/><E79/><V83/><F83/><W88/><G9/><T21/><D73/><AGARI ba="0,0" hai="28,29,30,51,54,58,73,75,80,84,91" m="50249" machi="73" ten="30,1000,0" yaku="19,1" doraHai="95" who="1" fromWho="0" sc="250,-10,250,10,250,0,250,0" /><INIT seed="1,0,0,2,1,1" ten="240,260,250,250" oya="1" hai0="128,71,62,78,23,75,124,88,82,52,112,20,65" hai1="119,118,60,33,24,133,17,50,81,64,129,108,122" hai2="4,31,21,134,90,61,125,48,18,27,126,45,7" hai3="107,43,32,110,100,25,44,55,103,94,114,13,130"/><U131/><E122/><V46/><F134/><W89/><G114/><T3/><D112/><U58/><E133/><V6/><F90/><W92/><G110/><T102/><D102/><U28/><E108/><V101/><F101/><W68/><G68/><T30/><D128/><N who="1" m="49227" /><E17/><V91/><F91/><W47/><G130/><T73/><D73/><U41/><E81/><V95/><F95/><W2/><G2/><T123/><D123/><U80/><E80/><V15/><F61/><W97/><G13/><T69/><D69/><U76/><E76/><V117/><F117/><N who="1" m="44553" /><E50/><V0/><F0/><W105/><G105/><T77/><D77/><U98/><E41/><V42/><REACH who="2" step="1"/><F45/><REACH who="2" ten="240,260,240,250" step="2"/><W66/><G47/><T51/><D82/><U86/><E86/><V26/><F26/><W111/><G44/><T34/><D78/><U113/><E113/><V83/><F83/><W11/><G25/><T10/><D75/><U39/><E98/><V40/><F40/><W8/><G43/><T36/><D62/><U87/><E87/><V38/><F38/><AGARI ba="0,1" hai="24,28,33,38,39,58,60,64" m="44553,49227" machi="38" ten="30,1500,0" yaku="19,1" doraHai="1" who="1" fromWho="2" sc="240,0,260,25,240,-15,250,0" /><INIT seed="1,1,0,4,2,6" ten="240,285,225,250" oya="1" hai0="84,48,88,46,117,60,79,91,72,0,127,86,124" hai1="5,25,49,90,102,107,111,11,96,131,28,105,112" hai2="7,41,29,122,83,121,37,74,71,76,13,35,55" hai3="70,95,94,58,44,116,57,22,31,81,110,19,4"/><U115/><E131/><V65/><F55/><W21/><G116/><T119/><D60/><U120/><E120/><V2/><F13/><W38/><G70/><T32/><D32/><U109/><E107/><V80/><F80/><W36/><G81/><N who="0" m="45287" /><D0/><N who="1" m="423" /><E90/><N who="0" m="34345" /><D48/><U85/><E85/><N who="0" m="32873" /><D46/><U56/><E56/><V47/><F29/><W24/><G58/><T39/><D39/><U125/><E125/><AGARI ba="1,0" hai="117,119,124,125,127" m="32873,34345,45287" machi="125" ten="30,7700,0" yaku="18,1,34,2,54,1" doraHai="6" who="0" fromWho="1" sc="240,80,285,-80,225,0,250,0" /><INIT seed="2,0,0,5,3,89" ten="320,205,225,250" oya="2" hai0="74,107,64,94,86,68,25,30,50,78,63,75,43" hai1="24,7,41,9,82,42,112,125,79,93,100,28,11" hai2="0,133,59,87,122,91,81,108,8,53,99,34,40" hai3="18,83,130,58,35,76,20,12,115,127,22,55,21"/><V67/><F122/><W103/><G130/><T95/><D107/><U77/><E112/><V97/><F34/><W3/><G127/><T52/><D43/><U15/><E125/><V101/><F133/><W102/><G35/><T128/><D128/><U90/><E100/><V32/><F32/><W44/><G3/><T124/><D124/><U19/><E77/><V116/><F116/><W131/><G131/><T39/><D39/><U69/><E69/><V98/><F108/><W60/><G115/><T14/><D14/><U85/><E28/><V6/><F40/><W1/><G1/><T105/><D105/><U123/><E123/><V92/><REACH who="2" step="1"/><F67/><REACH who="2" ten="320,205,215,250" step="2"/><W45/><G45/><T17/><D64/><U51/><E41/><V56/><F56/><W132/><G44/><T114/><D68/><U48/><E42/><V73/><F73/><W47/><G47/><T72/><D114/><U80/><E51/><AGARI ba="0,1" hai="0,6,8,51,53,59,81,87,91,92,97,98,99,101" machi="51" ten="30,5800,0" yaku="1,1,7,1,52,1,53,0" doraHai="89" doraHaiUra="10" who="2" fromWho="1" sc="320,0,205,-58,215,68,250,0" /><INIT seed="2,1,0,2,3,94" ten="320,147,283,250" oya="2" hai0="122,40,4,54,98,25,106,80,59,14,133,49,128" hai1="135,121,12,130,37,89,92,44,38,73,74,7,105" hai2="103,72,52,109,41,76,30,15,10,1,45,108,97" hai3="123,117,120,79,33,91,119,118,113,100,112,17,11"/><V36/><F1/><W126/><G79/><T110/><D122/><N who="3" m="46633" /><G100/><T86/><D133/><U111/><E105/><V65/><F65/><W75/><G91/><T32/><D128/><U104/><E104/><V48/><F30/><W50/><G50/><T85/><D85/><U87/><E121/><V67/><F67/><W62/><G62/><T116/><D116/><U99/><E130/><V18/><F76/><W70/><G70/><T129/><D129/><U19/><E7/><V5/><F72/><W57/><G57/><T71/><D71/><U77/><E135/><V127/><F127/><W115/><G75/><T51/><D51/><U95/><E111/><N who="2" m="42571" /><F5/><W56/><G56/><T0/><D4/><U114/><E114/><V82/><F82/><W8/><G126/><T107/><D80/><U24/><E24/><V132/><F132/><W88/><G88/><T23/><D25/><U134/><E134/><V29/><F29/><W90/><G90/><T96/><D110/><U60/><E77/><V27/><F27/><W34/><G17/><T55/><D107/><U53/><E73/><V131/><F131/><W101/><G101/><T64/><D106/><U21/><E74/><V47/><F103/><W84/><G84/><T58/><D64/><U125/><E125/><V22/><F97/><W66/><G66/><T13/><D96/><U35/><E99/><V81/><F81/><W16/><G16/><T2/><D98/><U20/><E92/><V46/><F46/><W69/><G69/><T102/><D102/><U28/><E95/><V6/><F6/><W9/><AGARI ba="1,0" hai="8,9,11,33,34,112,113,115,117,118,119" m="46633" machi="9" ten="50,16000,3" yaku="5,1,29,2,28,2,11,1,34,2" doraHai="94" who="3" fromWho="3" sc="320,-41,147,-41,283,-81,250,163" /><INIT seed="3,0,0,2,4,111" ten="279,106,202,413" oya="3" hai0="36,19,110,33,25,52,74,13,82,84,10,88,1" hai1="77,116,23,45,114,48,89,106,6,28,108,42,101" hai2="127,76,119,80,27,40,98,97,62,123,50,81,126" hai3="29,54,69,65,57,72,34,55,122,39,18,3,93"/><W124/><G39/><T133/><D110/><U37/><E108/><V96/><F119/><W68/><G122/><T59/><D36/><U17/><E116/><V51/><F123/><W31/><G3/><T60/><D133/><U35/><E6/><V64/><F27/><W44/><G72/><T85/><D74/><U38/><E77/><V90/><F90/><W49/><G124/><N who="2" m="47657" /><F40/><W132/><G132/><T5/><D33/><U47/><E28/><V100/><F100/><W134/><G134/><T78/><D25/><U41/><E35/><V86/><F80/><W61/><G93/><N who="0" m="54415" /><D1/><U117/><E89/><V11/><F11/><W131/><G131/><T75/><D75/><U79/><E79/><V102/><F102/><W7/><G7/><AGARI ba="0,0" hai="5,7,10,13,19,52,59,60,78,82,84" m="54415" machi="7" ten="30,3900,0" yaku="8,1,54,2" doraHai="111" who="0" fromWho="3" sc="279,39,106,0,202,0,413,-39" /><INIT seed="4,0,0,0,5,134" ten="318,106,202,374" oya="0" hai0="94,43,112,14,92,27,1,110,7,20,64,48,80" hai1="106,18,78,130,108,90,37,10,100,67,50,55,76" hai2="135,88,33,85,56,86,41,93,124,119,77,68,125" hai3="19,99,115,107,57,70,97,109,104,0,22,60,66"/><T47/><D112/><U24/><E108/><V13/><F68/><W44/><G109/><T91/><D1/><U5/><E37/><V23/><F33/><W29/><G0/><T45/><D110/><U12/><E130/><V72/><F72/><W15/><G115/><T69/><D69/><U79/><E67/><V46/><F135/><W121/><G121/><T53/><D64/><U49/><E100/><V61/><F119/><W30/><G70/><T39/><D80/><U84/><E106/><V40/><F77/><W101/><G44/><T87/><D92/><U54/><E24/><V95/><F85/><W62/><G62/><T126/><D126/><N who="2" m="48746" /><F95/><W113/><G113/><T82/><D94/><N who="1" m="54599" /><E5/><V36/><F40/><W34/><G34/><T73/><D73/><U63/><E63/><V17/><F56/><W89/><G107/><T74/><D74/><U105/><E105/><V133/><F133/><W51/><G104/><T52/><D43/><U21/><E76/><V111/><F111/><W42/><G42/><T31/><D39/><U59/><E78/><V127/><N who="2" m="48754" /><V131/><DORA hai="3" /><F61/><W9/><G60/><T114/><D114/><U11/><E79/><V132/><F132/><W26/><G57/><AGARI ba="0,0" hai="10,11,12,18,21,49,50,54,55,57,59" m="54599" machi="57" ten="30,2000,0" yaku="25,1,8,1" doraHai="134,3" who="1" fromWho="3" sc="318,0,106,20,202,0,374,-20" /><INIT seed="5,0,0,4,0,26" ten="318,126,202,354" oya="1" hai0="81,40,68,88,52,64,134,78,132,23,69,57,135" hai1="111,59,12,103,5,27,91,73,93,53,39,89,34" hai2="67,50,85,105,125,49,41,77,133,72,9,54,56" hai3="31,104,96,92,87,13,17,65,98,35,7,94,28"/><U116/><E116/><V100/><F72/><W47/><G104/><T102/><D102/><U126/><E73/><V3/><F133/><W51/><G35/><T2/><D2/><U131/><E39/><V22/><F125/><W127/><G127/><T121/><D121/><U97/><E126/><V11/><F3/><W106/><G106/><T117/><D117/><U130/><E111/><V79/><F105/><W120/><G120/><T18/><D40/><U21/><E34/><V46/><F100/><N who="3" m="60423" /><G87/><N who="0" m="50287" /><D64/><U129/><E12/><V48/><F67/><W15/><G65/><T4/><D4/><U109/><E5/><V119/><F119/><W83/><G83/><T6/><D78/><N who="2" m="29706" /><F85/><W32/><G32/><T108/><D108/><U122/><E122/><V44/><F22/><N who="3" m="11583" /><G7/><T61/><D6/><U95/><E95/><V45/><F45/><W25/><G25/><AGARI ba="0,0" hai="18,23,25,52,57,61,68,69,132,134,135" m="50287" machi="25" ten="30,3900,0" yaku="20,1,54,2" doraHai="26" who="0" fromWho="3" sc="318,39,126,0,202,0,354,-39" /><INIT seed="6,0,0,3,1,12" ten="357,126,202,315" oya="2" hai0="89,120,65,49,66,29,19,86,90,80,118,125,79" hai1="72,63,48,77,110,87,81,102,104,117,52,43,134" hai2="0,129,111,50,73,105,31,93,32,109,57,70,53" hai3="114,59,58,119,11,21,98,115,54,22,106,4,82"/><V44/><F105/><W25/><G119/><T130/><D120/><U55/><E117/><V20/><F0/><W135/><G135/><T40/><D118/><U68/><E134/><V91/><F70/><W64/><G82/><T16/><D29/><U27/><E110/><N who="2" m="41995" /><F73/><W75/><G75/><T96/><D125/><U121/><E121/><V47/><F32/><W37/><G37/><T113/><D113/><N who="3" m="43017" /><G106/><T10/><D10/><U56/><E72/><V41/><F129/><W33/><G33/><T88/><D96/><U42/><E68/><V35/><F35/><W39/><G39/><T132/><D132/><U128/><E128/><V92/><F44/><W3/><G98/><T112/><D112/><U60/><E104/><V97/><F92/><W7/><G7/><T126/><D126/><U23/><E102/><V34/><F34/><W78/><G78/><T84/><D84/><U62/><REACH who="1" step="1"/><E55/><REACH who="1" ten="357,116,202,315" step="2"/><V101/><F101/><W8/><G54/><T6/><D130/><U13/><E13/><V28/><F20/><W51/><G21/><T107/><D107/><U99/><E99/><V127/><F127/><W69/><G69/><T15/><D65/><U26/><E26/><V103/><F103/><W9/><G3/><T133/><D133/><U17/><AGARI ba="0,1" hai="17,23,27,42,43,48,52,56,60,62,63,77,81,87" machi="17" ten="30,8000,1" yaku="1,1,0,1,8,1,52,1,54,1,53,0" doraHai="12" doraHaiUra="95" who="1" fromWho="1" sc="357,-20,116,90,202,-40,315,-20" /><INIT seed="7,0,0,2,0,122" ten="337,206,162,295" oya="3" hai0="26,128,20,0,70,55,95,100,15,109,81,17,59" hai1="3,78,75,36,130,37,1,87,60,46,56,101,114" hai2="35,131,50,2,72,13,4,94,82,89,99,112,125" hai3="123,69,116,32,121,133,111,41,19,88,11,25,14"/><W23/><G69/><T28/><D109/><U98/><E75/><V24/><F2/><W102/><G102/><T120/><D70/><U106/><E37/><V68/><F68/><W10/><G41/><T113/><D120/><N who="3" m="46153" /><G88/><T124/><D0/><U18/><E114/><V76/><F112/><W129/><G116/><T93/><D100/><U103/><E130/><V16/><F131/><W86/><G86/><T85/><D113/><U77/><E101/><V62/><F125/><W61/><G61/><N who="0" m="36095" /><D124/><U127/><E46/><V104/><F104/><W117/><G117/><T40/><D40/><U118/><E36/><V84/><F4/><W64/><G64/><T132/><D128/><U47/><E47/><V29/><F62/><W49/><G49/><T96/><D96/><U42/><E42/><V83/><F50/><W63/><G63/><T39/><D39/><U108/><E78/><V5/><F5/><W52/><G52/><T44/><D44/><U31/><E87/><V30/><F30/><N who="3" m="19535" /><G129/><T51/><D51/><U22/><E77/><V73/><REACH who="2" step="1"/><F83/><REACH who="2" ten="337,206,152,295" step="2"/><W126/><G126/><T79/><D81/><U67/><E127/><V115/><F115/><W48/><G48/><T27/><D93/><U34/><E118/><V8/><AGARI ba="0,1" hai="8,13,16,24,29,35,72,73,76,82,84,89,94,99" machi="8" ten="20,5200,0" yaku="1,1,0,1,7,1,54,1,53,0" doraHai="122" doraHaiUra="33" who="2" fromWho="2" sc="337,-13,206,-13,152,62,295,-26" owari="324,43.0,193,-31.0,214,-19.0,269,7.0" /></mjloggm>