<mjloggm ver="2.3"><GO type="169" lobby="0"/><UN n0="%73%61%69%72%61%73%75" n1="%E3%81%BE%E3%81%82%E3%81%BC%E3%81%86%E5%A4%A7%E4%BD%90" n2="%E3%83%A4%E3%82%AD%E3%83%B3" n3="%E3%83%88%E3%83%88%E3%83%AA%E5%85%88%E7%94%9F%31%39%E6%AD%B3" dan="17,16,17,18" rate="2205.45,2054.10,2180.37,2283.41" sx="M,F,M,F"/><TAIKYOKU oya="0"/><INIT seed="0,0,0,5,4,44" ten="250,250,250,250" oya="0" hai0="45,101,8,62,51,48,73,27,25,85,114,17,111" hai1="26,130,40,72,88,96,94,65,91,79,66,84,132" hai2="53,116,112,18,135,128,43,61,87,13,28,93,30" hai3="108,89,86,19,68,22,9,50,46,127,106,33,23"/><T120/><D114/><U100/><E130/><V90/><F112/><W35/><G68/><T60/><D73/><U42/><E132/><V83/><F135/><W115/><G115/><T110/><D120/><U34/><E91/><V97/><F43/><W54/><G106/><T125/><D101/><U63/><E66/><V103/><F128/><W47/><G108/><N who="0" m="41515" /><D125/><U123/><E123/><V21/><F116/><W16/><G127/><T2/><D85/><U131/><E131/><V77/><F103/><W80/><G9/><T1/><D45/><U20/><E34/><V109/><F109/><W39/><G39/><T113/><D113/><U69/><E79/><V59/><AGARI ba="0,0" hai="13,18,21,28,30,53,59,61,77,83,87,90,93,97" machi="59" ten="30,2000,0" yaku="0,1,8,1" doraHai="44" who="2" fromWho="2" sc="250,-10,250,-5,250,20,250,-5" /><INIT seed="1,0,0,3,5,23" ten="240,245,270,245" oya="1" hai0="91,99,130,64,51,83,107,128,35,43,65,27,118" hai1="63,30,74,1,10,47,115,52,127,53,39,95,80" hai2="5,54,59,19,112,100,109,40,110,66,26,113,50" hai3="119,46,42,108,37,75,24,8,16,60,71,67,114"/><U33/><E115/><N who="2" m="44107" /><F5/><W117/><G114/><T96/><D118/><N who="3" m="45065" /><G75/><T134/><D134/><U94/><E127/><V32/><F100/><W135/><G135/><T106/><D43/><N who="1" m="23039" /><E95/><V34/><F66/><N who="0" m="25706" /><D51/><U131/><E94/><V93/><F93/><W76/><G108/><N who="2" m="41577" /><F40/><W116/><G76/><T77/><D91/><U15/><E15/><V87/><F87/><W13/><G116/><T3/><D3/><U6/><E63/><V55/><F55/><W41/><G41/><T69/><D69/><U105/><E105/><N who="0" m="39945" /><D83/><U11/><E11/><V56/><F56/><W49/><G37/><T48/><D48/><U101/><E101/><V111/><N who="2" m="41585" /><V21/><AGARI ba="0,0" hai="19,21,26,32,34,50,54,59" m="41585,44107" machi="21" ten="50,8000,1" yaku="4,1,11,1,14,1,52,1" doraHai="23" who="2" fromWho="2" sc="240,-20,245,-40,270,80,245,-20" /><INIT seed="2,0,0,0,3,68" ten="220,205,350,225" oya="2" hai0="110,43,42,123,69,65,88,4,87,36,13,84,81" hai1="112,44,92,121,63,89,60,24,45,28,17,79,55" hai2="50,5,29,74,95,61,135,107,128,58,41,26,129" hai3="106,99,46,35,104,119,131,47,52,15,6,33,48"/><V53/><F107/><W122/><G119/><T59/><D123/><U127/><E112/><V54/><F74/><W130/><G122/><T8/><D69/><U57/><E121/><V120/><F120/><W73/><G73/><T12/><D110/><U32/><E127/><V56/><F5/><W114/><G114/><T97/><D97/><U94/><E79/><V126/><F126/><W70/><G70/><T38/><D65/><U102/><E63/><V105/><F105/><N who="3" m="40555" /><G99/><T75/><D59/><U23/><E102/><V132/><F41/><W91/><G91/><T124/><D75/><U78/><E78/><V71/><F95/><W27/><G27/><T109/><D109/><U49/><E45/><V116/><F116/><W34/><G15/><T77/><D124/><U19/><E89/><V37/><F71/><W72/><G6/><T62/><D62/><U93/><REACH who="1" step="1"/><E32/><REACH who="1" ten="220,195,350,225" step="2"/><V111/><F111/><W10/><G47/><T51/><D51/><U80/><E80/><V100/><F100/><W18/><G72/><T64/><D64/><AGARI ba="0,1" hai="17,19,23,24,28,44,49,55,57,60,64,92,93,94" machi="64" ten="40,2600,0" yaku="1,1,8,1,53,0" doraHai="68" doraHaiUra="30" who="1" fromWho="0" sc="220,-26,195,36,350,0,225,0" /><INIT seed="3,0,0,4,1,106" ten="194,231,350,225" oya="3" hai0="70,40,19,122,22,81,94,5,114,51,89,35,85" hai1="41,64,6,75,16,26,103,39,77,2,84,60,76" hai2="17,117,72,101,119,111,52,69,83,98,37,1,57" hai3="28,63,115,107,126,93,92,124,61,65,90,24,20"/><W132/><G115/><T8/><D122/><U12/><E26/><V104/><F69/><W3/><G107/><T10/><D70/><U46/><E103/><V62/><F37/><W42/><G3/><T31/><D114/><U44/><E44/><V13/><F1/><W66/><G132/><T29/><D35/><U79/><E84/><V110/><F83/><W80/><G42/><T21/><D21/><U53/><E53/><V33/><F33/><W58/><G80/><T135/><D135/><U123/><E123/><V34/><F34/><W130/><G130/><T102/><D51/><U68/><E2/><V43/><F72/><W9/><G9/><N who="0" m="3691" /><D5/><U49/><E6/><V4/><F4/><W127/><REACH who="3" step="1"/><G90/><REACH who="3" ten="194,231,350,215" step="2"/><N who="0" m="51503" /><D40/><U99/><E41/><V67/><F43/><W113/><G113/><T56/><D102/><U38/><E39/><V96/><F101/><W14/><G14/><N who="0" m="9591" /><D56/><AGARI ba="0,1" hai="20,24,28,56,58,61,63,65,66,92,93,124,126,127" machi="56" ten="40,12000,1" yaku="1,1,9,1,18,1,53,1" doraHai="106" doraHaiUra="25" who="3" fromWho="0" sc="194,-120,231,0,350,0,215,130" /><INIT seed="3,1,0,2,4,74" ten="74,231,350,345" oya="3" hai0="16,52,18,36,24,114,13,7,90,19,71,20,33" hai1="10,119,32,5,81,31,39,115,104,14,92,121,59" hai2="76,30,82,135,6,85,93,91,79,2,9,56,48" hai3="87,125,86,41,99,100,27,122,108,61,64,4,118"/><W37/><G118/><T109/><D36/><U0/><E104/><V68/><F68/><W28/><G122/><T51/><D71/><U49/><E39/><V62/><F135/><W106/><G125/><T54/><D109/><U72/><E115/><V50/><F30/><W95/><G108/><T117/><D114/><U94/><E121/><V98/><REACH who="2" step="1"/><F79/><REACH who="2" ten="74,231,340,345" step="2"/><W63/><G28/><T107/><D117/><U113/><E31/><V134/><F134/><W105/><G105/><T25/><D107/><U112/><E119/><V88/><F88/><W120/><G106/><T22/><D33/><U131/><E32/><V130/><F130/><W116/><G120/><T129/><D129/><U43/><E131/><V126/><F126/><W21/><G116/><T15/><D90/><U132/><E132/><V97/><F97/><W17/><G100/><T45/><D7/><U57/><E5/><V58/><F58/><W42/><G4/><T3/><D3/><U46/><E0/><V1/><F1/><W128/><G128/><T12/><D54/><AGARI ba="1,1" hai="2,6,9,48,50,54,56,62,76,82,85,91,93,98" machi="54" ten="30,3900,0" yaku="1,1,7,1,52,1,53,0" doraHai="74" doraHaiUra="23" who="2" fromWho="0" sc="74,-42,231,0,340,52,345,0" /><INIT seed="4,0,0,5,3,59" ten="32,231,392,345" oya="0" hai0="48,120,14,122,88,104,32,114,62,72,70,26,35" hai1="98,27,4,10,126,21,125,58,3,7,41,134,65" hai2="69,75,5,28,80,51,74,39,92,52,29,57,118" hai3="45,103,106,83,91,43,42,124,123,34,46,44,71"/><T8/><D72/><U20/><E41/><V105/><F105/><W33/><G124/><N who="1" m="47722" /><E134/><V89/><F39/><W0/><G0/><T109/><D104/><U130/><E130/><V111/><F111/><W40/><G106/><T97/><D109/><U11/><E98/><V63/><F118/><W128/><G103/><T119/><D119/><U107/><E107/><V22/><F5/><W23/><G128/><T117/><D117/><U67/><E58/><V102/><F102/><W81/><G23/><N who="1" m="8778" /><E27/><V73/><F80/><W15/><G15/><AGARI ba="0,0" hai="3,4,7,10,11,15,65,67" m="8778,47722" machi="15" ten="30,1000,0" yaku="18,1" doraHai="59" who="1" fromWho="3" sc="32,0,231,10,392,0,345,-10" /><INIT seed="5,0,0,0,4,60" ten="32,241,392,335" oya="1" hai0="61,124,127,29,16,7,109,51,103,62,50,46,40" hai1="129,130,108,111,52,32,12,105,99,57,59,97,25" hai2="22,39,72,15,14,35,42,123,23,64,44,47,19" hai3="87,104,58,116,0,125,1,101,90,45,28,120,55"/><U110/><E59/><V71/><F35/><W78/><G120/><T74/><D7/><U131/><E105/><V73/><F123/><W122/><G122/><T88/><D74/><U96/><E12/><V81/><F81/><W65/><G125/><T17/><D29/><U133/><E133/><V27/><F47/><W83/><G116/><T76/><D103/><U93/><E25/><V77/><F77/><W68/><G28/><T92/><D76/><U18/><E18/><V100/><F100/><W33/><G33/><T11/><D109/><U10/><E10/><V102/><F102/><W132/><G132/><T113/><D113/><U26/><E26/><V49/><F39/><W54/><G45/><T36/><D46/><U86/><E32/><V94/><F94/><W75/><G68/><T134/><D134/><U69/><E69/><V79/><F79/><W3/><G65/><T21/><D11/><U106/><E106/><V41/><F41/><W95/><REACH who="3" step="1"/><G58/><REACH who="3" ten="32,241,392,325" step="2"/><T135/><D135/><U128/><E128/><V34/><F64/><W38/><G38/><T8/><D36/><U89/><REACH who="1" step="1"/><E131/><REACH who="1" ten="32,231,392,325" step="2"/><V53/><F71/><W37/><G37/><T85/><D127/><U91/><E91/><V80/><F42/><W2/><G2/><T66/><D124/><U5/><E5/><V4/><F34/><W30/><G30/><T114/><D40/><U31/><E31/><N who="2" m="17911" /><F4/><W117/><G117/><T9/><D114/><U118/><E118/><V56/><F44/><W70/><G70/><T126/><D126/><U13/><E13/><V20/><F15/><W67/><G67/><RYUUKYOKU ba="0,2" sc="32,-15,231,15,392,-15,325,15" hai1="52,57,86,89,93,96,97,99,108,110,111,129,130" hai3="0,1,3,54,55,75,78,83,87,90,95,101,104" /><INIT seed="5,1,2,1,2,16" ten="17,246,377,340" oya="1" hai0="50,49,32,115,17,119,102,88,96,71,104,134,67" hai1="85,23,22,105,101,79,25,1,75,28,93,61,110" hai2="94,35,112,58,114,6,19,54,111,126,39,13,74" hai3="106,135,118,52,34,18,3,90,95,0,89,99,5"/><U60/><E1/><V91/><F111/><W97/><G34/><T62/><D119/><U24/><E110/><V56/><F74/><W64/><G118/><T7/><D115/><N who="2" m="44074" /><F39/><W21/><G135/><T12/><D134/><U80/><E105/><V69/><F69/><W8/><G64/><T100/><D7/><U123/><E123/><V36/><F36/><W55/><G0/><T87/><D102/><U43/><E43/><V65/><F6/><W68/><G68/><T86/><D86/><U129/><E129/><V48/><F35/><W2/><G2/><T116/><D116/><U70/><E70/><V44/><F65/><W81/><G81/><T132/><D132/><U120/><E120/><V127/><F58/><W29/><G29/><T42/><D42/><U76/><E76/><V38/><F44/><W37/><G37/><T53/><D53/><U66/><E66/><V108/><F38/><W84/><G106/><T41/><D41/><U59/><E59/><V57/><F57/><W47/><G47/><T113/><D113/><U78/><E78/><V133/><F133/><W9/><G9/><T26/><D12/><U77/><E77/><V30/><F30/><W31/><G31/><T98/><D98/><N who="1" m="59599" /><E75/><V15/><F108/><W72/><G72/><T83/><REACH who="0" step="1"/><D17/><AGARI ba="1,2" hai="17,22,23,24,25,28,60,61,79,80,85" m="59599" machi="17" ten="30,5800,0" yaku="8,1,52,2" doraHai="16" who="1" fromWho="0" sc="17,-61,246,81,377,0,340,0" owari="-44,-54.0,327,-7.0,377,47.0,340,14.0" /></mjloggm>