<mjloggm ver="2.3"><GO type="169" lobby="0"/><UN n0="%E3%83%8D%E3%83%BC%E3%83%A0%E3%83%AC%E3%82%B9%EF%BC%97" n1="%E3%82%B7%E3%83%A5%E3%83%9E%E3%82%A4%E3%82%B1%E3%83%AB" n2="%72%61%6B%75%E7%AC%AC%32%E6%9D%B1%E9%A2%A8" n3="%E3%82%A6%E3%83%AB%E3%83%88%E3%83%A9%E7%AB%8B%E7%9B%B4" dan="16,17,17,18" rate="2087.01,2191.50,2233.46,2276.89" sx="M,M,M,M"/><TAIKYOKU oya="0"/><INIT seed="0,0,0,1,0,6" ten="250,250,250,250" oya="0" hai0="16,88,131,125,86,104,24,62,117,41,111,66,29" hai1="15,22,40,56,78,47,48,76,45,25,26,63,106" hai2="61,102,114,9,97,92,70,55,105,120,130,28,46" hai3="116,50,35,42,33,128,79,34,101,103,59,73,32"/><T31/><D104/><U13/><E106/><V113/><F120/><W60/><G116/><T1/><D1/><U0/><E0/><V18/><F130/><W82/><G128/><T135/><D117/><U14/><E47/><V96/><F28/><W43/><N who="3" m="8192" /><DORA hai="37" /><W81/><G81/><T100/><D100/><U11/><E26/><V132/><F132/><W122/><G122/><T21/><D131/><U127/><E127/><V107/><F107/><W72/><G72/><T68/><D125/><U83/><E83/><V84/><F84/><W133/><G133/><T19/><D135/><U99/><E99/><V90/><F70/><W89/><G89/><T53/><D53/><U91/><E91/><V77/><F77/><W52/><REACH who="3" step="1"/><G60/><REACH who="3" ten="250,250,250,240" step="2"/><T44/><D111/><U118/><E118/><V2/><F114/><W27/><G27/><T115/><D115/><U87/><E63/><V74/><F113/><W109/><G109/><T134/><D134/><U3/><E25/><V5/><F74/><W123/><G123/><T30/><D30/><U51/><E78/><V126/><F126/><W80/><G80/><T110/><D110/><U49/><E76/><V75/><F75/><W67/><G67/><T93/><REACH who="0" step="1"/><D31/><REACH who="0" ten="240,250,250,240" step="2"/><U119/><E119/><V57/><F105/><W71/><G71/><T108/><D108/><U65/><E65/><V94/><F102/><AGARI ba="0,2" hai="42,43,50,52,59,73,79,82,101,102,103" m="8192" machi="102" ten="70,12000,2" yaku="1,1,52,2,54,1,53,2" doraHai="6,37" doraHaiUra="36,10" who="3" fromWho="2" sc="240,0,250,0,250,-120,240,140" /><INIT seed="1,0,0,2,4,60" ten="240,250,130,380" oya="1" hai0="116,15,39,50,37,135,88,68,46,21,110,85,123" hai1="102,96,33,53,94,97,99,117,57,16,87,64,22" hai2="47,52,24,49,73,81,90,44,43,17,2,41,7" hai3="34,127,31,119,42,48,106,65,18,118,108,89,40"/><U76/><E117/><V112/><F112/><W3/><G3/><T8/><D68/><U101/><E33/><V128/><F128/><W131/><G106/><T11/><D116/><U69/><E69/><V124/><F124/><W6/><G6/><T120/><D21/><U107/><E97/><V83/><F73/><W61/><G18/><T56/><D56/><U125/><E125/><V74/><F74/><W1/><G1/><T29/><D29/><U134/><E134/><V28/><F7/><W126/><G89/><T9/><D15/><U67/><E76/><V35/><F2/><W54/><G31/><T84/><D84/><U10/><E10/><V25/><F24/><W114/><G34/><T19/><D19/><U77/><E87/><V98/><F17/><W111/><G114/><T80/><D135/><U82/><E82/><V132/><F132/><W26/><G26/><T5/><D5/><U14/><E77/><V58/><F98/><W51/><G61/><AGARI ba="0,0" hai="14,16,22,53,57,61,64,67,94,96,99,101,102,107" machi="61" ten="30,11600,0" yaku="7,1,52,2,54,1" doraHai="60" who="1" fromWho="3" sc="240,0,250,116,130,0,380,-116" /><INIT seed="1,1,0,1,3,105" ten="240,366,130,264" oya="1" hai0="95,115,50,131,2,24,56,45,57,109,91,99,102" hai1="49,114,21,120,72,71,13,47,118,48,77,20,11" hai2="74,86,0,5,75,8,134,26,6,103,113,117,64" hai3="38,32,129,89,63,58,43,101,68,4,116,31,62"/><U52/><E71/><V46/><F117/><W94/><G129/><T51/><D2/><U53/><E114/><V110/><F6/><W119/><G101/><T27/><D115/><U19/><E118/><N who="3" m="45098" /><G4/><T90/><D131/><U22/><E120/><V39/><F113/><W106/><G106/><T34/><D109/><U107/><E107/><V111/><F86/><W9/><G9/><T112/><D34/><U36/><E36/><V78/><F78/><W33/><G31/><T122/><D122/><U14/><E77/><V123/><F123/><W44/><G68/><T132/><D132/><U66/><E72/><V93/><F134/><W42/><G42/><T3/><D3/><U28/><E66/><V18/><F64/><N who="3" m="38999" /><G63/><T81/><D112/><U23/><E28/><V10/><F26/><N who="0" m="9770" /><D102/><U92/><E92/><V108/><F18/><W15/><G15/><T29/><D29/><U76/><E76/><V54/><F8/><W79/><G79/><T59/><D45/><U87/><E87/><AGARI ba="1,0" hai="32,33,38,43,44,87,89,94" m="38999,45098" machi="87" ten="30,1000,0" yaku="12,1" doraHai="105" who="3" fromWho="1" sc="240,0,366,-13,130,0,264,13" /><AGARI ba="1,0" hai="50,51,56,57,59,81,87,90,91,95,99" m="9770" machi="87" ten="30,1000,0" yaku="8,1" doraHai="105" who="0" fromWho="1" sc="240,10,353,-10,130,0,277,0" /><INIT seed="2,0,0,2,0,19" ten="250,343,130,277" oya="2" hai0="29,45,32,106,118,58,30,42,89,24,14,50,70" hai1="37,13,59,54,73,23,11,121,62,102,123,49,100" hai2="99,68,80,129,52,61,128,21,107,117,74,81,87" hai3="4,103,126,3,20,28,101,93,16,115,91,97,38"/><V120/><F68/><W127/><G38/><T26/><D70/><U122/><E73/><V67/><F67/><W105/><G28/><T65/><D106/><U7/><E37/><V41/><F120/><W94/><G115/><T109/><D109/><U40/><E23/><V132/><F41/><W82/><G82/><T9/><D118/><U60/><REACH who="1" step="1"/><E40/><REACH who="1" ten="250,333,130,277" step="2"/><V86/><F117/><W44/><G126/><T2/><D42/><U25/><E25/><V130/><F132/><W53/><G127/><T27/><D24/><U31/><E31/><V8/><F8/><W22/><G22/><T124/><D26/><U119/><E119/><V84/><F21/><W78/><G20/><T114/><D29/><U72/><E72/><V112/><F112/><W76/><G76/><T64/><D114/><U92/><E92/><V66/><F66/><W113/><G94/><T36/><D124/><U47/><E47/><V43/><F43/><W108/><G93/><T39/><D27/><U135/><E135/><V96/><F61/><AGARI ba="0,1" hai="7,11,13,49,54,59,60,61,62,100,102,121,122,123" machi="61" ten="40,2600,0" yaku="1,1,13,1,53,0" doraHai="19" doraHaiUra="83" who="1" fromWho="2" sc="250,0,333,36,130,-26,277,0" /><INIT seed="3,0,0,5,4,33" ten="250,369,104,277" oya="3" hai0="45,104,101,72,24,35,99,22,41,51,29,36,11" hai1="77,135,12,134,57,82,110,50,84,81,106,49,112" hai2="38,0,120,25,10,52,79,26,125,73,39,48,27" hai3="1,54,96,16,89,83,14,90,70,119,128,126,20"/><W74/><G119/><T5/><D22/><U56/><E106/><V63/><F125/><W121/><G121/><T15/><REACH who="0" step="1"/><D72/><REACH who="0" ten="240,369,104,277" step="2"/><U122/><E134/><V60/><F120/><W65/><G126/><T34/><D34/><U78/><E135/><V69/><F79/><W113/><G113/><T102/><D102/><U98/><E122/><V8/><F73/><W47/><G74/><T114/><D114/><U7/><E112/><V75/><F75/><W23/><G23/><T127/><D127/><U17/><E78/><V21/><F21/><W129/><G90/><T19/><D19/><U130/><E77/><V18/><F18/><W31/><G31/><T64/><D64/><U115/><E17/><V105/><F105/><W76/><G76/><T132/><D132/><U43/><E115/><V92/><F92/><W2/><G65/><T42/><D42/><U3/><E43/><V62/><F69/><W58/><G70/><T124/><D124/><U117/><E117/><V103/><F103/><W13/><G129/><T53/><D53/><U116/><E130/><V59/><REACH who="2" step="1"/><F0/><REACH who="2" ten="240,369,94,277" step="2"/><W108/><G1/><T91/><D91/><U32/><E3/><V111/><F111/><W6/><G2/><T55/><D55/><U93/><E110/><V68/><F68/><W123/><G108/><T94/><D94/><U30/><E116/><V4/><F4/><W118/><G6/><T67/><D67/><U107/><E93/><V88/><F88/><W97/><G89/><T80/><D80/><N who="1" m="30827" /><E107/><V44/><F44/><W9/><G47/><T86/><D86/><U61/><E84/><RYUUKYOKU ba="0,2" sc="240,15,369,-15,94,15,277,-15" hai0="5,11,15,24,29,35,36,41,45,51,99,101,104" hai2="8,10,25,26,27,38,39,48,52,59,60,62,63" /><INIT seed="4,1,2,3,1,115" ten="255,354,109,262" oya="0" hai0="122,66,131,4,73,112,119,113,90,18,36,44,111" hai1="3,41,133,82,67,29,107,94,128,98,61,20,23" hai2="95,130,88,2,99,58,38,46,89,69,47,79,86" hai3="6,51,48,72,85,31,135,71,76,81,15,7,43"/><T93/><D73/><U109/><E3/><V27/><F130/><W26/><G71/><T17/><D122/><U60/><E107/><V19/><F69/><W54/><G135/><T65/><D4/><U52/><E109/><V62/><F2/><W114/><G114/><N who="0" m="44139" /><D131/><U123/><E128/><V13/><F79/><W97/><G72/><T24/><D111/><U30/><E133/><V70/><F70/><W42/><G97/><T74/><D74/><U101/><E123/><V40/><F27/><W11/><G6/><T45/><D24/><U34/><E41/><V91/><F47/><N who="0" m="17994" /><D36/><U56/><E82/><V21/><REACH who="2" step="1"/><F99/><REACH who="2" ten="255,354,99,262" step="2"/><W100/><G26/><T80/><D80/><U22/><E34/><V49/><F49/><W102/><G51/><T120/><D120/><U12/><E12/><V50/><F50/><W96/><G81/><T55/><D55/><AGARI ba="1,3" hai="13,19,21,38,40,46,55,58,62,86,88,89,91,95" machi="55" ten="30,3900,0" yaku="1,1,7,1,54,1,53,0" doraHai="115" doraHaiUra="0" who="2" fromWho="0" sc="255,-42,354,0,99,72,262,0" /><INIT seed="5,0,0,0,1,69" ten="213,354,171,262" oya="1" hai0="14,10,63,68,112,60,25,99,91,54,92,56,132" hai1="51,86,121,102,90,53,80,70,110,122,46,84,30" hai2="22,35,6,96,23,118,82,38,9,73,98,42,18" hai3="76,55,105,117,89,85,44,50,37,49,72,78,58"/><U74/><E70/><V66/><F118/><W7/><G105/><T52/><D112/><U1/><E74/><V64/><F35/><W93/><G117/><T34/><D132/><U133/><E133/><V43/><F23/><W95/><G72/><T2/><D2/><U19/><E1/><N who="2" m="207" /><F43/><W12/><G37/><T47/><D68/><U103/><E110/><V120/><F66/><W33/><G33/><T127/><D127/><U36/><E36/><V107/><F64/><W124/><G124/><T3/><D3/><U13/><E30/><V59/><F59/><W123/><G123/><T125/><D125/><U135/><E135/><V100/><F120/><W134/><G134/><T24/><D34/><U106/><E106/><V5/><F5/><W79/><G7/><N who="0" m="3423" /><D63/><U71/><E71/><V39/><F42/><N who="3" m="24727" /><G12/><T17/><D17/><U115/><E115/><V28/><F18/><W131/><G131/><T8/><D8/><N who="1" m="6567" /><E121/><V26/><F98/><W88/><G89/><T104/><D104/><U109/><E109/><V65/><F65/><W45/><G58/><T16/><D16/><U4/><E4/><V15/><F15/><W97/><G97/><T130/><D130/><U77/><E122/><V48/><F48/><AGARI ba="0,0" hai="24,25,47,48,52,54,56,60,91,92,99" m="3423" machi="48" ten="30,2000,0" yaku="8,1,54,1" doraHai="69" who="0" fromWho="2" sc="213,20,354,0,171,-20,262,0" /><INIT seed="6,0,0,2,5,89" ten="233,354,151,262" oya="2" hai0="135,39,14,4,96,60,67,10,62,57,7,26,85" hai1="75,76,72,71,69,117,73,15,133,104,112,98,82" hai2="5,131,80,50,0,115,74,77,93,97,124,52,58" hai3="40,128,105,125,11,70,1,8,68,129,24,47,64"/><V118/><F118/><W27/><G105/><T20/><D39/><U101/><E117/><V134/><F115/><W106/><G106/><T63/><D135/><U33/><E112/><V29/><F134/><W59/><G125/><T88/><D96/><U127/><E133/><V90/><F124/><W108/><G108/><T25/><D4/><U32/><E127/><V92/><F131/><W78/><G78/><T65/><D65/><U54/><E54/><V12/><F0/><W23/><G59/><T107/><D107/><U56/><E56/><V55/><F29/><W83/><G83/><N who="0" m="49215" /><D25/><U84/><REACH who="1" step="1"/><E15/><REACH who="1" ten="233,344,151,262" step="2"/><V102/><F55/><W31/><G129/><T114/><D114/><U37/><E37/><V48/><F50/><W28/><G128/><T119/><D119/><U36/><E36/><V21/><F90/><W13/><G13/><T34/><D57/><U103/><E103/><V46/><F58/><W38/><G1/><T94/><D14/><U30/><E30/><V126/><F126/><W109/><G109/><T121/><D67/><U49/><E49/><V95/><REACH who="2" step="1"/><F5/><REACH who="2" ten="233,344,141,262" step="2"/><W116/><G116/><T120/><D7/><U2/><E2/><V42/><F42/><W51/><G51/><T44/><D120/><U111/><E111/><V79/><F79/><W123/><G123/><T35/><D121/><U91/><E91/><V81/><F81/><W17/><G31/><T45/><D63/><U122/><E122/><V16/><AGARI ba="0,2" hai="12,16,21,46,48,52,74,77,80,92,93,95,97,102" machi="16" ten="30,24000,3" yaku="1,1,0,1,52,3,54,2,53,1" doraHai="89" doraHaiUra="18" who="2" fromWho="2" sc="233,-80,344,-80,141,260,262,-80" /><INIT seed="6,1,0,0,2,56" ten="153,264,401,182" oya="2" hai0="135,50,120,76,36,5,51,78,53,108,2,9,19" hai1="127,132,42,121,117,8,90,25,29,129,130,11,128" hai2="64,113,88,74,116,48,96,101,123,60,63,35,7" hai3="67,27,33,26,112,12,45,70,71,68,102,28,89"/><V91/><F123/><W114/><G102/><T87/><D108/><U15/><E117/><V24/><F116/><W98/><G27/><T84/><D120/><U133/><E121/><V134/><F113/><N who="3" m="43627" /><G45/><T66/><D36/><U69/><E69/><V95/><F134/><N who="1" m="51817" /><E42/><V126/><F126/><W31/><G31/><T1/><D135/><U82/><E127/><V92/><F74/><W85/><G12/><T54/><D66/><U0/><E0/><V105/><F7/><W3/><G3/><T38/><D38/><U34/><E15/><V111/><F111/><W61/><G98/><T110/><D110/><U119/><E119/><V104/><F48/><W22/><G33/><T94/><D19/><U16/><E16/><V55/><F24/><W40/><G40/><T13/><D13/><U23/><E34/><V20/><F20/><W65/><G65/><T39/><D39/><U18/><E29/><V21/><F21/><W59/><G70/><T57/><D94/><AGARI ba="1,0" hai="22,26,28,59,61,67,68,71,85,89,94" m="43627" machi="94" ten="30,3900,0" yaku="15,1,11,1,52,1" doraHai="56" who="3" fromWho="0" sc="153,-42,264,0,401,0,182,42" /><INIT seed="7,0,0,1,0,117" ten="111,264,401,224" oya="3" hai0="42,56,90,34,25,16,98,44,132,94,21,75,11" hai1="80,87,39,10,107,129,55,68,110,92,69,17,38" hai2="118,79,27,73,41,28,88,111,0,53,32,106,89" hai3="48,18,114,97,101,64,95,102,100,134,54,4,31"/><W108/><G114/><T51/><D132/><U115/><E107/><V65/><F111/><W121/><G121/><T24/><D75/><U62/><E115/><V43/><F106/><W70/><G108/><T125/><D125/><U59/><E110/><V78/><F73/><W128/><G128/><T103/><D34/><U81/><E129/><V30/><F0/><W2/><G31/><N who="2" m="11817" /><F32/><W49/><G4/><T91/><D25/><U15/><E68/><V33/><F33/><W13/><G2/><T1/><D1/><U57/><E69/><V82/><F27/><W20/><G134/><T12/><REACH who="0" step="1"/><D56/><REACH who="0" ten="101,264,401,224" step="2"/><U72/><E59/><V135/><F135/><W113/><G113/><T120/><D120/><U112/><E72/><V83/><F118/><W63/><G49/><T133/><D133/><U3/><E112/><V9/><F53/><W19/><G54/><T37/><D37/><U127/><E127/><V6/><F65/><W47/><G48/><T26/><D26/><U130/><E130/><V22/><F22/><W46/><G64/><T60/><D60/><U105/><E3/><V23/><F23/><W29/><G63/><T122/><D122/><U74/><E74/><V35/><F35/><W50/><G50/><T126/><D126/><U93/><E39/><V99/><F9/><W52/><G20/><T96/><D96/><U124/><E38/><V61/><F6/><W85/><G97/><T86/><D86/><U36/><E124/><V7/><F7/><W77/><G85/><T58/><D58/><U40/><E36/><V8/><F8/><W131/><G131/><RYUUKYOKU ba="0,1" sc="101,30,264,-10,401,-10,224,-10" hai0="11,12,16,21,24,42,44,51,90,91,94,98,103" owari="131,-37.0,254,5.0,401,51.0,214,-19.0" /></mjloggm>