<mjloggm ver="2.3"><GO type="169" lobby="0"/><UN n0="%E7%A7%81%E3%81%AF%E3%81%8C%E3%81%A1%E3%81%BB%E3%82%82" n1="%5A%5A%5A%5A%5A" n2="%E5%B0%B1%E6%B4%BB%E7%94%9F%40%E5%B7%9D%E6%9D%91%E8%BB%8D%E5%9B%A3" n3="%54%4F%52" dan="17,16,19,16" rate="2213.00,2092.10,2331.08,2085.25" sx="M,M,M,M"/><TAIKYOKU oya="0"/><INIT seed="0,0,0,5,4,59" ten="250,250,250,250" oya="0" hai0="128,26,126,103,11,67,65,55,74,13,78,79,54" hai1="82,66,118,99,77,22,101,87,64,129,6,2,95" hai2="76,120,108,127,102,104,36,48,27,28,35,4,41" hai3="12,40,38,115,125,57,58,71,15,24,93,1,100"/><T124/><D26/><U113/><E118/><V30/><F120/><W10/><G71/><T73/><D13/><U80/><E129/><V75/><F108/><W34/><G115/><T97/><D97/><U8/><E113/><V86/><F127/><W105/><G105/><T134/><D11/><U3/><E3/><V135/><F30/><W61/><G1/><T83/><D103/><U0/><E0/><V7/><F135/><W116/><G116/><T25/><D25/><U131/><E131/><V94/><F36/><W122/><G125/><T110/><D128/><U111/><E111/><V132/><F132/><W96/><G122/><T63/><D110/><U60/><E22/><V107/><F107/><W72/><G72/><T49/><D134/><U39/><E39/><V37/><F37/><W20/><G34/><T9/><D9/><U51/><E51/><V91/><F41/><W23/><G15/><T44/><D126/><U123/><E123/><V42/><F42/><W14/><G14/><T117/><D117/><U45/><E45/><V89/><F48/><W19/><G20/><T92/><D92/><U46/><E46/><V21/><F35/><W68/><G38/><T88/><D124/><U81/><E66/><N who="0" m="25097" /><D74/><U47/><REACH who="1" step="1"/><E47/><REACH who="1" ten="250,240,250,250" step="2"/><V70/><F21/><W29/><G40/><T33/><D33/><U133/><E133/><V119/><F119/><W90/><G23/><T62/><D73/><U18/><E18/><V106/><F75/><W50/><G19/><T31/><D31/><U84/><E84/><V130/><F28/><W114/><G29/><T85/><D55/><RYUUKYOKU ba="0,1" sc="250,15,240,15,250,-15,250,-15" hai0="44,49,54,62,63,78,79,83,85,88" hai1="2,6,8,60,64,77,80,81,82,87,95,99,101" /><INIT seed="0,1,1,1,5,3" ten="265,255,235,235" oya="0" hai0="14,97,54,63,130,16,93,77,74,70,11,89,108" hai1="117,8,50,47,44,13,81,76,85,84,104,98,96" hai2="21,133,116,23,36,132,119,111,49,79,101,17,4" hai3="45,7,68,29,87,102,38,0,113,82,12,129,32"/><T123/><D123/><U19/><E117/><N who="2" m="45131" /><F36/><W40/><G113/><T31/><D31/><U107/><E85/><V91/><F101/><W95/><G0/><T112/><D112/><U66/><E66/><V64/><F79/><W115/><G68/><T6/><D130/><U72/><E72/><V1/><F64/><W42/><G115/><T75/><D108/><U124/><E124/><V57/><F91/><W92/><G42/><T46/><D70/><U5/><E19/><V51/><F57/><W61/><G61/><T39/><D77/><U94/><E47/><V34/><F34/><W80/><G129/><T22/><D39/><U88/><E98/><V25/><F111/><W15/><G82/><T55/><D55/><AGARI ba="1,1" hai="5,8,13,44,50,55,76,81,84,88,94,96,104,107" machi="55" ten="30,3900,0" yaku="7,1,52,1,54,1" doraHai="3" who="1" fromWho="0" sc="265,-42,255,52,235,0,235,0" /><INIT seed="1,0,0,0,4,13" ten="223,307,235,235" oya="1" hai0="50,40,28,83,16,57,48,15,67,93,75,8,79" hai1="71,33,29,76,18,65,121,82,131,2,14,17,133" hai2="51,74,32,97,135,124,30,115,128,36,77,23,49" hai3="130,54,126,5,112,127,20,37,3,26,122,31,129"/><U44/><E121/><V41/><F51/><W80/><G37/><T101/><D28/><U53/><E2/><V58/><F49/><W114/><G54/><T46/><D101/><U73/><E131/><N who="3" m="50186" /><G80/><T45/><D93/><U11/><E133/><V109/><F58/><W70/><G70/><T35/><D35/><U43/><E53/><V85/><F85/><W92/><G92/><T62/><D46/><U27/><E65/><V72/><F41/><W81/><G81/><T63/><D63/><U113/><E71/><V110/><F97/><W6/><G122/><T55/><D67/><U61/><E61/><V52/><F77/><W100/><G100/><T86/><D75/><U95/><E95/><V47/><F52/><W108/><G108/><T119/><REACH who="0" step="1"/><D62/><REACH who="0" ten="213,307,235,235" step="2"/><U12/><E113/><N who="3" m="43626" /><G3/><T64/><D64/><U107/><E107/><V60/><F47/><W22/><G22/><T117/><AGARI ba="0,1" hai="8,15,16,40,45,48,50,55,57,79,83,86,117,119" machi="117" ten="30,8000,1" yaku="1,1,0,1,52,1,54,1,53,1" doraHai="13" doraHaiUra="10" who="0" fromWho="0" sc="213,90,307,-40,235,-20,235,-20" /><INIT seed="2,0,0,0,5,50" ten="303,267,215,215" oya="2" hai0="47,117,38,107,15,53,66,109,13,25,39,133,118" hai1="135,123,110,57,9,97,104,68,115,92,23,70,26" hai2="91,17,101,11,3,41,62,48,69,18,54,73,126" hai3="61,99,27,55,74,119,85,63,114,111,106,51,96"/><V19/><F126/><W100/><G74/><T82/><D107/><U58/><E115/><V37/><F73/><W134/><G119/><N who="0" m="45579" /><D66/><U67/><E104/><V36/><F101/><W65/><G111/><T124/><D109/><U95/><E110/><V59/><F91/><W113/><G134/><T28/><D133/><U122/><E135/><V43/><F43/><W6/><G96/><T34/><D124/><U20/><E9/><V5/><REACH who="2" step="1"/><F69/><REACH who="2" ten="303,267,205,215" step="2"/><W116/><G113/><T130/><D130/><U93/><E70/><V75/><F75/><W103/><G114/><T0/><D0/><U105/><E68/><V86/><F86/><W131/><G103/><T125/><D125/><U78/><E78/><V10/><F10/><W77/><G131/><T90/><D90/><U33/><E97/><V22/><F22/><W1/><G100/><T79/><D38/><U84/><E20/><V102/><F102/><W7/><G99/><T49/><D39/><U128/><E23/><V2/><F2/><W24/><G1/><T72/><AGARI ba="0,1" hai="13,15,25,28,34,47,49,53,72,79,82" m="45579" machi="72" ten="30,2000,0" yaku="12,1,52,1" doraHai="50" who="0" fromWho="0" sc="303,30,267,-5,205,-10,215,-5" /><INIT seed="3,0,0,4,3,63" ten="333,262,195,210" oya="3" hai0="43,109,91,25,89,6,123,51,122,3,33,36,45" hai1="21,126,11,117,18,107,39,114,116,112,66,75,94" hai2="64,103,49,53,71,59,31,106,84,83,4,19,57" hai3="26,8,121,1,13,78,98,105,88,52,99,92,87"/><W38/><G38/><T55/><D109/><U0/><E107/><V65/><F71/><W102/><G121/><T9/><D91/><U104/><E104/><V133/><F133/><W46/><G1/><T96/><D96/><U62/><E75/><V129/><F129/><W2/><G2/><T125/><D125/><U85/><E39/><V135/><F135/><W72/><G26/><T22/><D89/><N who="1" m="53551" /><E11/><V67/><F4/><W58/><G46/><T16/><D33/><U77/><E77/><N who="2" m="46191" /><F106/><W69/><G69/><T124/><D124/><U120/><E0/><V24/><F103/><W134/><G134/><T32/><D32/><U101/><E101/><V60/><F31/><W118/><G118/><N who="1" m="45674" /><E120/><V115/><F115/><W20/><G20/><AGARI ba="0,0" hai="19,20,24,49,53,57,59,60,64,65,67" m="46191" machi="20" ten="30,7700,0" yaku="8,1,52,3" doraHai="63" who="2" fromWho="3" sc="333,0,262,0,195,77,210,-77" /><INIT seed="4,0,0,4,1,58" ten="333,262,272,133" oya="0" hai0="112,89,6,128,126,43,87,107,3,62,12,76,104" hai1="15,96,98,60,101,66,49,35,21,75,28,134,131" hai2="48,31,56,52,91,120,74,57,20,82,16,113,5" hai3="53,124,95,29,61,1,129,79,0,93,71,39,13"/><T109/><D3/><U80/><E131/><V72/><F120/><W46/><G129/><T37/><D76/><U77/><E134/><V8/><F113/><W97/><G124/><T33/><D33/><U114/><E114/><V2/><F31/><W119/><G119/><T18/><D6/><U19/><E49/><V22/><F22/><W78/><G29/><T38/><D38/><U122/><E122/><V106/><F106/><W50/><G39/><T24/><D24/><U125/><E125/><V55/><F91/><W84/><G13/><T10/><D128/><U26/><REACH who="1" step="1"/><E101/><REACH who="1" ten="333,252,272,133" step="2"/><V133/><F133/><W118/><G118/><T135/><D112/><U92/><E92/><V51/><REACH who="2" step="1"/><F82/><REACH who="2" ten="333,252,262,133" step="2"/><W105/><G105/><T83/><D126/><U65/><E65/><V9/><F9/><W45/><G93/><T59/><D135/><U25/><E25/><AGARI ba="0,2" hai="2,5,8,16,20,25,48,51,52,55,56,57,72,74" machi="25" ten="30,8000,1" yaku="1,1,7,1,9,1,54,2,53,0" doraHai="58" doraHaiUra="36" who="2" fromWho="1" sc="333,0,252,-80,262,100,133,0" /><INIT seed="5,0,0,0,2,43" ten="333,172,362,133" oya="1" hai0="4,9,49,12,78,38,71,42,76,35,66,129,68" hai1="3,127,95,130,34,119,79,90,135,88,101,75,1" hai2="123,60,31,100,47,114,48,10,64,108,120,94,52" hai3="106,54,97,45,21,109,2,26,125,133,104,91,92"/><U111/><E119/><V29/><F108/><W62/><G109/><T51/><D35/><U39/><E111/><V23/><F114/><W5/><G125/><T27/><D27/><U102/><E34/><V89/><F100/><W36/><G133/><T59/><D51/><U73/><E39/><V58/><F10/><W69/><G2/><T30/><D30/><U134/><E79/><V70/><F70/><W13/><G5/><T0/><D0/><U65/><E65/><V17/><F120/><W87/><G13/><T7/><D7/><U98/><E127/><V83/><F83/><W32/><G32/><T112/><D71/><U33/><E33/><V44/><F44/><W86/><G104/><T99/><D99/><U105/><E130/><V84/><F123/><W128/><G128/><T93/><D93/><N who="1" m="56615" /><E1/><V122/><F122/><W16/><G106/><T77/><D112/><U118/><E3/><V24/><AGARI ba="0,0" hai="17,23,24,29,31,47,48,52,58,60,64,84,89,94" machi="24" ten="20,8000,1" yaku="0,1,7,1,8,1,52,1,54,1" doraHai="43" who="2" fromWho="2" sc="333,-20,172,-40,362,80,133,-20" /><INIT seed="6,0,0,1,4,65" ten="313,132,442,113" oya="2" hai0="26,123,102,103,47,58,62,48,133,83,10,50,51" hai1="127,100,76,56,19,94,116,1,70,125,114,14,46" hai2="91,124,109,121,68,16,129,6,43,20,81,39,32" hai3="4,25,96,95,52,54,36,106,134,23,82,17,117"/><V107/><F32/><W89/><G117/><T88/><D133/><U63/><E116/><V108/><F107/><W29/><G134/><T132/><D132/><U21/><E76/><V38/><F6/><W31/><G36/><T120/><D120/><U99/><E1/><V55/><F121/><W66/><G106/><T119/><D119/><U78/><E78/><V27/><F124/><W126/><G126/><T57/><D47/><U77/><E77/><V71/><F55/><N who="3" m="21035" /><G4/><T110/><D110/><N who="2" m="42602" /><F129/><W122/><G122/><T33/><D33/><U40/><E70/><N who="2" m="26667" /><F43/><W42/><G42/><T37/><D37/><U5/><E5/><V67/><F67/><W24/><G66/><T74/><D123/><U61/><E127/><V75/><F75/><W128/><G128/><T8/><D74/><U112/><E125/><V44/><F44/><W130/><G130/><T98/><D57/><U92/><E56/><V90/><F90/><N who="3" m="55415" /><G25/><T28/><D26/><U131/><E131/><V35/><F35/><W15/><G24/><T85/><D58/><U45/><E45/><V22/><F22/><W73/><G73/><T30/><D62/><U49/><E63/><V0/><F0/><W72/><G72/><T93/><D103/><U105/><E61/><V60/><F60/><W13/><G13/><T53/><D53/><U118/><E118/><V115/><F115/><AGARI ba="0,0" hai="14,19,21,40,46,49,92,94,99,100,105,112,114,115" machi="115" ten="40,1300,0" yaku="15,1" doraHai="65" who="1" fromWho="2" sc="313,0,132,13,442,-13,113,0" /><INIT seed="7,0,0,0,3,68" ten="313,145,429,113" oya="3" hai0="46,11,0,135,6,29,74,133,69,91,101,16,63" hai1="40,48,65,78,19,120,38,33,87,12,4,9,41" hai2="129,10,97,7,30,104,62,128,45,84,94,90,124" hai3="21,28,126,73,92,27,66,88,36,102,117,23,49"/><W42/><G117/><T43/><D91/><U100/><E120/><V132/><F132/><W51/><G73/><T108/><D101/><U96/><E33/><V3/><F124/><W70/><G102/><T127/><D29/><U106/><E65/><V113/><F113/><W26/><G126/><T47/><D47/><N who="1" m="25703" /><E19/><V39/><F30/><N who="3" m="17743" /><G70/><T54/><D54/><U85/><E85/><V52/><F104/><W17/><G36/><T93/><D16/><U134/><E134/><V83/><F39/><W125/><G125/><T2/><D93/><N who="1" m="58383" /><E38/><V1/><F1/><W61/><G42/><T44/><D44/><U116/><E116/><V18/><F18/><W81/><G81/><T79/><D2/><U35/><E35/><V57/><REACH who="2" step="1"/><F45/><REACH who="2" ten="313,145,419,113" step="2"/><W14/><G28/><T115/><D127/><U80/><E106/><V123/><F123/><W98/><G27/><T77/><D77/><AGARI ba="0,1" hai="3,7,10,52,57,62,77,83,84,90,94,97,128,129" machi="77" ten="40,2600,0" yaku="1,1,54,1,53,0" doraHai="68" doraHaiUra="37" who="2" fromWho="0" sc="313,-26,145,0,419,36,113,0" owari="287,9.0,145,-25.0,455,55.0,113,-39.0" /></mjloggm>