<mjloggm ver="2.3"><GO type="169" lobby="0"/><UN n0="%E3%82%A6%E3%83%AB%E3%83%88%E3%83%A9%E7%AB%8B%E7%9B%B4" n1="%E5%82%80%2E" n2="%74%61%74%73%75%37%30%32" n3="%E5%A4%AA%E3%81%8F%E3%81%AA%E3%81%84%E3%81%8A" dan="18,16,18,20" rate="2266.46,2142.86,2168.50,2241.61" sx="M,M,M,M"/><TAIKYOKU oya="0"/><INIT seed="0,0,0,5,3,26" ten="250,250,250,250" oya="0" hai0="117,56,6,53,34,74,31,60,114,12,50,47,93" hai1="68,39,83,46,84,4,103,11,19,43,78,113,7" hai2="129,107,123,16,111,110,100,105,48,119,90,91,124" hai3="55,18,51,28,128,59,71,79,14,37,27,32,0"/><T20/><D74/><U109/><E109/><N who="2" m="41483" /><F123/><W67/><G128/><T72/><D72/><U17/><E113/><V86/><F129/><W126/><G126/><T52/><D117/><U15/><E68/><V2/><F2/><W33/><G37/><T44/><D114/><U95/><REACH who="1" step="1"/><E7/><REACH who="1" ten="250,240,250,250" step="2"/><V99/><F124/><W62/><G0/><T41/><D34/><U8/><E8/><V131/><F131/><W130/><G130/><T76/><D6/><U30/><E30/><V85/><F119/><W116/><G116/><T87/><D31/><U133/><E133/><V3/><F16/><W96/><G32/><T132/><D132/><U1/><E1/><V88/><F3/><W135/><G135/><T25/><D20/><U22/><E22/><V23/><F23/><W49/><G18/><T40/><D12/><U81/><E81/><V112/><F112/><W58/><G14/><T125/><D125/><U77/><E77/><V106/><F48/><W54/><G79/><T101/><D25/><U122/><E122/><V35/><F35/><W38/><G38/><T36/><D76/><U134/><E134/><V75/><F75/><W64/><G33/><T13/><D13/><U57/><E57/><V82/><F82/><W9/><G9/><T10/><D10/><U120/><E120/><V24/><F24/><W5/><G5/><T92/><D36/><U29/><E29/><V118/><F118/><W102/><G28/><T63/><D56/><U69/><E69/><V45/><F45/><N who="3" m="27951" /><G27/><T115/><D115/><U21/><E21/><V121/><F121/><W89/><G71/><RYUUKYOKU ba="0,1" sc="250,-15,240,15,250,15,250,-15" hai1="4,11,15,17,19,39,43,46,78,83,84,95,103" hai2="85,86,88,90,91,99,100,105,106,107" /><INIT seed="1,1,1,3,2,111" ten="235,255,265,235" oya="1" hai0="1,135,107,60,112,134,123,133,96,62,10,104,88" hai1="0,47,94,91,116,63,125,35,67,31,26,119,5" hai2="71,30,102,7,65,3,130,42,12,36,28,75,120" hai3="4,109,101,29,51,8,122,55,17,105,43,21,40"/><U110/><E125/><V98/><F120/><W2/><G122/><T64/><D123/><U49/><E110/><V89/><F89/><W131/><G109/><T81/><D62/><U100/><E100/><V83/><F130/><W117/><G131/><T48/><D48/><U82/><E82/><V44/><F12/><W45/><G29/><T15/><D1/><U11/><E91/><V79/><F65/><W50/><G117/><T74/><D112/><U25/><E94/><V14/><F14/><W6/><G6/><T34/><D34/><U54/><REACH who="1" step="1"/><E26/><REACH who="1" ten="235,245,265,235" step="2"/><V66/><F102/><W53/><G101/><T16/><D81/><U76/><E76/><V127/><F127/><W59/><G105/><T18/><D74/><U77/><E77/><V39/><F98/><W126/><G126/><T128/><D128/><U73/><E73/><V38/><F38/><W108/><G108/><T41/><D107/><U113/><E113/><V95/><F95/><W92/><G92/><N who="0" m="56327" /><D104/><U85/><E85/><V70/><F39/><W46/><G46/><T69/><D41/><U78/><E78/><V9/><REACH who="2" step="1"/><F66/><REACH who="2" ten="235,245,255,235" step="2"/><W72/><G72/><T84/><D84/><U99/><E99/><V115/><F115/><W97/><G97/><T124/><D124/><U93/><E93/><V80/><F80/><W106/><G106/><T87/><D87/><U20/><E20/><V23/><F23/><W114/><G114/><T61/><D64/><U33/><E33/><V68/><AGARI ba="1,3" hai="3,7,9,28,30,36,42,44,68,70,71,75,79,83" machi="68" ten="30,7900,0" yaku="1,1,0,1,25,2,53,0" doraHai="111" doraHaiUra="56" who="2" fromWho="2" sc="235,-21,245,-40,255,112,235,-21" /><INIT seed="2,0,0,4,4,77" ten="214,205,367,214" oya="2" hai0="78,90,126,43,36,25,88,68,96,71,135,112,7" hai1="123,124,50,46,102,26,45,134,24,75,114,42,119" hai2="21,85,57,54,10,20,79,103,117,83,115,70,92" hai3="93,59,66,131,82,105,89,94,73,1,113,35,14"/><V130/><F115/><W56/><G1/><T125/><D112/><U0/><E114/><V22/><F117/><W87/><G113/><T28/><D7/><U132/><E119/><V27/><F70/><W31/><G105/><T98/><D78/><U51/><E0/><V11/><F130/><W52/><G131/><T67/><D43/><U32/><E75/><V111/><F111/><W41/><G41/><T15/><D15/><U23/><E102/><V64/><F64/><W6/><G73/><T128/><D36/><U107/><E107/><V61/><REACH who="2" step="1"/><F27/><REACH who="2" ten="214,205,357,214" step="2"/><W120/><G120/><T84/><D128/><U129/><E129/><V34/><F34/><W9/><G35/><T58/><D71/><U109/><E109/><V91/><F91/><W63/><REACH who="3" step="1"/><G31/><REACH who="3" ten="214,205,357,204" step="2"/><T19/><D28/><N who="1" m="17439" /><E123/><V133/><F133/><W76/><G76/><T12/><D135/><U55/><E132/><V13/><F13/><W106/><G106/><T48/><D12/><U5/><E134/><V122/><F122/><W3/><G3/><T38/><D25/><U16/><E32/><V81/><F81/><W118/><G118/><T121/><D121/><U39/><E26/><V8/><F8/><W2/><G2/><T49/><D68/><U69/><E69/><V30/><F30/><W60/><AGARI ba="0,2" hai="6,9,14,52,56,59,60,63,66,82,87,89,93,94" machi="60" ten="20,12000,2" yaku="1,1,0,1,7,1,8,1,52,1,54,1,53,0" doraHai="77" doraHaiUra="74" who="3" fromWho="3" sc="214,-30,205,-30,357,-60,204,140" /><INIT seed="3,0,0,4,1,17" ten="184,175,297,344" oya="3" hai0="72,35,106,121,38,57,5,103,135,28,100,95,102" hai1="52,53,134,73,86,2,88,34,70,94,128,26,87" hai2="129,42,10,127,107,67,66,130,24,80,43,69,8" hai3="91,30,36,82,6,19,84,44,79,132,56,50,0"/><W116/><G116/><T114/><D38/><U49/><E128/><N who="2" m="49259" /><F107/><W60/><G132/><T54/><D72/><U90/><E134/><V85/><F127/><W58/><G36/><T111/><D106/><U109/><E109/><V62/><F67/><W133/><G133/><T120/><D135/><U3/><E73/><V76/><F24/><W65/><G30/><T119/><D119/><U98/><E70/><V96/><F96/><W77/><G0/><T93/><D111/><U39/><E39/><V118/><F118/><W101/><G6/><T59/><D5/><U124/><E124/><V41/><AGARI ba="0,0" hai="8,10,41,42,43,62,66,69,76,80,85" m="49259" machi="41" ten="30,1100,0" yaku="19,1" doraHai="17" who="2" fromWho="2" sc="184,-3,175,-3,297,11,344,-5" /><INIT seed="4,0,0,2,4,43" ten="181,172,308,339" oya="0" hai0="66,126,3,52,69,25,5,2,54,63,88,91,30" hai1="127,12,13,105,7,82,95,35,118,40,14,75,11" hai2="107,110,55,78,112,84,74,15,134,58,103,109,37" hai3="65,94,28,8,6,18,16,85,76,120,77,135,61"/><T89/><D126/><U115/><E105/><V21/><F112/><W59/><G135/><T129/><D129/><U38/><E118/><V39/><F134/><W56/><G120/><T17/><D17/><U36/><E127/><V26/><F74/><W90/><G28/><T22/><REACH who="0" step="1"/><D5/><REACH who="0" ten="171,172,308,339" step="2"/><N who="1" m="3183" /><E115/><V102/><F110/><W42/><G18/><T125/><D125/><U101/><E7/><V106/><F109/><W83/><G16/><T62/><D62/><U130/><E130/><V122/><F122/><W92/><G6/><T53/><AGARI ba="0,1" hai="2,3,22,25,30,52,53,54,63,66,69,88,89,91" machi="53" ten="30,18000,2" yaku="1,1,0,1,54,2,53,2" doraHai="43" doraHaiUra="32" who="0" fromWho="0" sc="171,190,172,-60,308,-60,339,-60" /><INIT seed="4,1,0,4,1,133" ten="361,112,248,279" oya="0" hai0="82,17,102,41,40,85,59,14,115,18,7,79,37" hai1="50,23,35,130,78,108,84,0,126,38,49,56,65" hai2="68,95,12,1,45,72,118,36,42,93,44,8,103" hai3="67,66,113,76,124,29,132,20,58,98,63,32,73"/><T64/><D115/><U19/><E108/><V96/><F118/><W101/><G132/><T46/><D102/><U127/><E38/><V53/><F68/><W15/><G113/><T30/><D30/><U121/><E121/><V112/><F112/><W89/><G32/><T131/><D131/><U99/><E35/><V31/><F31/><W13/><G67/><T4/><D64/><U106/><E0/><V34/><F34/><W116/><G89/><T87/><D59/><U114/><E114/><V100/><F72/><W90/><G90/><T110/><D110/><U74/><E74/><V107/><F1/><W128/><G116/><T61/><D61/><N who="1" m="38055" /><E130/><V111/><F111/><W134/><G134/><T52/><D41/><U105/><E78/><V81/><F81/><N who="3" m="45199" /><G128/><T70/><D70/><U69/><E84/><V39/><F103/><W94/><G124/><N who="1" m="47658" /><E69/><V97/><F39/><W33/><G33/><T91/><D87/><U9/><E9/><V62/><F36/><W71/><G71/><T60/><D79/><U47/><E99/><V77/><F97/><W22/><G22/><T83/><D85/><U28/><E28/><V54/><F77/><W43/><G43/><T129/><D37/><U120/><E120/><V119/><F42/><W51/><G20/><T125/><D40/><N who="1" m="24807" /><E50/><V2/><F8/><W48/><G29/><T16/><D125/><U117/><E117/><V135/><F119/><W86/><G86/><T10/><D129/><U80/><E80/><V55/><F96/><W11/><G11/><T109/><D83/><U3/><E3/><V123/><F135/><RYUUKYOKU ba="1,0" sc="361,-15,112,15,248,-15,279,15" hai1="19,23,105,106" hai3="13,15,48,51,58,63,66,94,98,101" /><INIT seed="5,2,0,4,2,28" ten="346,127,233,294" oya="1" hai0="3,114,109,110,98,88,49,32,26,33,53,69,5" hai1="83,38,111,102,66,41,23,134,51,46,87,40,21" hai2="30,61,124,39,37,57,125,135,48,92,131,50,108" hai3="59,132,18,72,126,25,119,81,73,6,12,86,117"/><U8/><E134/><V107/><F107/><W106/><G106/><T101/><D69/><U9/><E111/><V99/><F108/><W104/><G104/><T85/><D114/><U95/><E66/><V79/><F79/><W27/><G132/><T121/><D121/><U84/><E38/><N who="2" m="14347" /><F30/><W74/><G126/><N who="2" m="48745" /><F135/><W64/><G6/><T44/><D26/><U34/><E34/><V105/><F105/><W11/><G59/><T47/><D47/><U15/><E41/><V58/><F58/><W1/><G1/><T129/><D33/><U42/><E42/><V96/><F96/><W71/><G64/><T10/><D32/><U67/><E67/><N who="2" m="39343" /><F131/><W63/><G63/><T43/><D129/><U100/><E100/><AGARI ba="2,0" hai="48,50,92,99,100" m="39343,48745,14347" machi="100" ten="30,1000,0" yaku="18,1" doraHai="28" who="2" fromWho="1" sc="346,0,127,-16,233,16,294,0" /><INIT seed="6,0,0,3,0,58" ten="346,111,249,294" oya="2" hai0="2,15,118,91,21,83,51,7,79,114,46,41,132" hai1="0,102,107,105,43,93,49,128,97,77,129,32,110" hai2="95,34,99,53,103,8,16,44,112,108,120,65,135" hai3="10,28,119,100,86,38,19,126,55,94,54,6,64"/><V78/><F120/><W134/><G119/><T85/><D2/><U36/><E36/><V68/><F34/><W81/><G38/><T115/><D132/><U22/><E32/><V50/><F135/><W9/><G134/><T40/><D118/><U101/><E0/><V33/><F33/><W63/><G28/><T75/><D41/><U25/><E110/><V123/><F123/><W35/><G35/><T84/><D21/><U76/><E43/><V14/><F108/><W89/><G126/><T17/><D17/><U29/><E49/><V74/><F112/><N who="0" m="43050" /><D91/><N who="1" m="55487" /><E22/><V52/><F53/><W26/><G26/><T71/><D71/><U69/><E69/><V73/><REACH who="2" step="1"/><F78/><REACH who="2" ten="346,111,239,294" step="2"/><N who="1" m="30313" /><E25/><V12/><F12/><W109/><G109/><T1/><D15/><U47/><E47/><V82/><F82/><W116/><G81/><T48/><D83/><U23/><E23/><V3/><F3/><W5/><G116/><T133/><D1/><U56/><E56/><V87/><F87/><W98/><G86/><T37/><D85/><U113/><E113/><V4/><F4/><W67/><G5/><T62/><D84/><U80/><E80/><V31/><F31/><W92/><G6/><T125/><D7/><U42/><E42/><V96/><F96/><W121/><G121/><T66/><D133/><U20/><E20/><V88/><F88/><W72/><G89/><T122/><D122/><U124/><E124/><V30/><F30/><W106/><G98/><T117/><D125/><U57/><E29/><V70/><F70/><W60/><G54/><T61/><D117/><U130/><E57/><RYUUKYOKU ba="0,1" sc="346,-15,111,15,239,15,294,-15" hai1="101,102,105,107,128,129,130" hai2="8,14,16,44,50,52,65,68,73,74,95,99,103" /><INIT seed="6,1,1,5,4,121" ten="331,126,254,279" oya="2" hai0="38,75,26,67,80,27,24,3,105,46,51,63,64" hai1="115,34,69,8,81,11,50,114,76,116,55,74,57" hai2="61,93,71,107,21,98,59,68,45,83,96,126,95" hai3="133,124,54,4,79,84,42,30,82,9,88,100,23"/><V1/><F1/><W47/><G124/><T91/><D105/><U36/><E116/><V132/><F107/><W18/><G133/><T134/><D3/><U32/><E69/><V41/><F126/><W78/><G30/><T120/><D38/><U44/><E11/><V39/><F132/><W110/><G110/><T72/><D120/><U109/><E8/><V14/><F83/><W89/><G100/><T106/><D106/><U2/><E2/><V99/><F71/><W118/><G54/><T20/><D75/><U49/><E36/><V113/><F68/><W58/><G58/><N who="0" m="36983" /><D72/><U70/><E70/><V10/><F21/><W60/><G60/><T53/><D67/><U73/><E73/><V35/><F35/><W117/><G79/><T135/><D135/><U17/><E17/><V104/><F113/><W111/><G111/><T128/><D128/><U127/><E127/><V112/><F112/><N who="1" m="43049" /><E109/><V90/><F95/><W56/><G56/><T15/><D15/><U131/><E131/><V129/><F104/><W119/><G18/><N who="0" m="12311" /><D134/><U52/><AGARI ba="1,1" hai="32,34,44,49,50,52,55,57,74,76,81" m="43049" machi="52" ten="30,2000,0" yaku="15,1,54,1" doraHai="121" who="1" fromWho="1" sc="331,-6,126,33,254,-11,279,-6" /><INIT seed="7,0,0,3,1,65" ten="325,159,243,273" oya="3" hai0="24,96,71,126,103,86,78,123,117,4,34,116,127" hai1="49,88,21,28,113,92,89,55,112,98,67,121,107" hai2="19,16,83,15,99,18,42,62,76,29,110,122,3" hai3="70,48,56,45,74,97,13,31,119,72,2,30,111"/><W130/><G2/><T81/><D71/><U20/><E121/><V90/><F110/><W6/><G119/><T105/><D4/><U133/><E133/><V12/><F122/><W75/><G70/><T25/><D123/><U108/><E108/><V63/><F3/><W40/><G111/><T51/><D51/><U82/><E107/><V101/><F29/><W23/><G130/><T73/><D86/><U91/><E67/><V38/><F90/><W80/><G97/><T52/><D52/><U61/><E61/><V50/><F38/><W1/><G56/><T77/><D77/><U87/><E28/><V14/><F50/><W109/><G109/><T39/><D39/><U36/><E36/><V26/><F26/><N who="0" m="10346" /><D34/><U58/><E89/><V104/><REACH who="2" step="1"/><F42/><REACH who="2" ten="325,159,233,273" step="2"/><W46/><G1/><T33/><D33/><U93/><REACH who="1" step="1"/><E82/><REACH who="1" ten="325,149,233,273" step="2"/><V54/><F54/><W125/><G80/><T124/><AGARI ba="0,2" hai="73,78,81,96,103,105,116,117,124,126,127" m="10346" machi="124" ten="40,1500,0" yaku="18,1" doraHai="65" who="0" fromWho="0" sc="325,35,149,-4,233,-4,273,-7" owari="360,45.0,145,-35.0,229,-17.0,266,7.0" /></mjloggm>