<mjloggm ver="2.3"><GO type="169" lobby="0"/><UN n0="%E5%87%9C%E7%94%B0%E8%8E%89%E5%AD%90" n1="%E3%81%84%E3%81%84%E7%AC%91%E9%A1%94" n2="%E3%82%A6%E3%83%AB%E3%83%88%E3%83%A9%E7%AB%8B%E7%9B%B4" n3="%EF%BC%8A%E3%82%A4%E3%83%83%E3%83%91%E3%83%84%EF%BC%8A" dan="16,16,17,17" rate="2093.54,2136.14,2217.73,2108.62" sx="M,F,M,M"/><TAIKYOKU oya="0"/><INIT seed="0,0,0,2,1,52" ten="250,250,250,250" oya="0" hai0="128,67,0,72,97,57,98,85,106,71,38,84,129" hai1="65,94,58,31,24,47,79,125,29,44,96,32,102" hai2="121,22,41,115,14,55,2,104,123,13,88,93,59" hai3="86,15,61,73,37,108,18,124,1,48,43,126,11"/><T122/><D72/><U68/><E125/><V99/><F2/><W16/><G73/><T26/><D0/><U34/><E68/><V6/><F115/><W21/><G37/><T134/><D38/><U131/><E131/><N who="0" m="50249" /><D122/><U133/><E133/><V127/><F127/><W28/><G28/><BYE who="3" /><T100/><D71/><U56/><E79/><V25/><F41/><W50/><G50/><T39/><D39/><U45/><E65/><V83/><F104/><W23/><G23/><T36/><D36/><U20/><E20/><UN n3="%EF%BC%8A%E3%82%A4%E3%83%83%E3%83%91%E3%83%84%EF%BC%8A" /><V4/><F83/><W107/><G107/><T66/><D134/><U33/><E33/><V103/><F103/><W113/><G108/><T10/><D97/><U91/><REACH who="1" step="1"/><E102/><REACH who="1" ten="250,240,250,250" step="2"/><V53/><F123/><W70/><G124/><T87/><D67/><U51/><E51/><V77/><F77/><W101/><G101/><T30/><D66/><U112/><E112/><V89/><F121/><W80/><G113/><T116/><D116/><U62/><E62/><V60/><F89/><W117/><G117/><T40/><D100/><U5/><E5/><N who="2" m="2155" /><F53/><W19/><G126/><T12/><D40/><U90/><E90/><V9/><F9/><W92/><G70/><T35/><D106/><U120/><E120/><V78/><F78/><W135/><G135/><T46/><D10/><U49/><E49/><V82/><F82/><W110/><G48/><T69/><D35/><U81/><E81/><V7/><F7/><W27/><G11/><T17/><D69/><U76/><E76/><V132/><F132/><W42/><G43/><T105/><D105/><U74/><E74/><RYUUKYOKU ba="0,1" sc="250,-15,240,15,250,15,250,-15" hai1="24,29,31,32,34,44,45,47,56,58,91,94,96" hai2="13,14,22,25,55,59,60,88,93,99" /><INIT seed="1,1,1,5,3,16" ten="235,255,265,235" oya="1" hai0="45,3,93,23,87,8,97,30,40,108,48,20,100" hai1="96,24,43,38,125,83,128,74,31,70,39,124,64" hai2="88,123,28,41,77,91,63,69,62,1,101,110,37" hai3="59,78,19,58,27,25,126,134,22,54,4,0,52"/><U17/><E17/><V36/><F1/><W106/><G106/><T115/><D115/><U18/><E18/><V135/><F77/><W112/><G112/><T95/><D108/><U50/><E50/><V46/><F101/><W34/><G134/><T12/><D3/><U73/><E128/><V92/><F92/><W117/><G117/><T72/><D72/><U98/><E64/><V53/><F69/><W5/><G126/><N who="1" m="48746" /><E70/><V102/><F53/><W127/><G127/><T131/><D131/><U86/><E74/><V130/><F46/><W6/><G78/><T71/><D71/><U66/><E66/><V116/><F63/><N who="3" m="36295" /><G34/><T103/><D30/><U26/><E73/><V15/><F28/><W99/><G99/><N who="1" m="37930" /><E43/><V13/><F41/><W89/><G0/><T111/><D100/><U94/><E94/><V44/><F102/><W11/><G89/><N who="0" m="53439" /><D111/><U67/><E67/><V118/><F110/><W76/><G76/><T29/><D29/><U61/><E61/><V60/><F130/><W80/><G80/><T85/><D40/><U56/><E56/><V32/><F32/><W120/><G4/><N who="0" m="3079" /><D45/><U133/><E133/><V42/><F44/><W49/><G5/><T47/><D47/><U79/><E31/><V55/><F42/><W2/><G2/><T132/><D132/><U84/><E86/><V105/><F135/><W75/><G75/><T10/><D85/><U129/><E129/><V107/><F55/><W109/><G109/><T51/><D10/><U81/><E83/><V121/><AGARI ba="1,1" hai="13,15,36,37,60,62,88,91,105,107,116,118,121,123" machi="121" ten="25,6400,0" yaku="0,1,22,2,54,1" doraHai="16" who="2" fromWho="2" sc="235,-17,255,-33,265,77,235,-17" /><INIT seed="2,0,0,3,2,51" ten="218,222,342,218" oya="2" hai0="20,49,54,121,65,131,117,27,128,90,53,106,86" hai1="98,103,57,21,56,36,87,77,105,122,1,19,133" hai2="119,67,68,11,112,108,93,62,17,2,132,104,111" hai3="100,58,118,34,75,40,50,64,95,97,109,74,7"/><V63/><F104/><W71/><G118/><T88/><D121/><U102/><E36/><V18/><F119/><W73/><G34/><T6/><D117/><U4/><E133/><V55/><F112/><W42/><G109/><N who="2" m="42057" /><F93/><W23/><G71/><T101/><D65/><U80/><E122/><V31/><F31/><W14/><G50/><T94/><D6/><U25/><E1/><V16/><F132/><W99/><G97/><N who="0" m="61743" /><D90/><U125/><E4/><N who="2" m="1431" /><F18/><W24/><G14/><T45/><D49/><U135/><E135/><V92/><F92/><W15/><G15/><T66/><D66/><U79/><E103/><V32/><F32/><W96/><G99/><T69/><D45/><U46/><E125/><V10/><F10/><W114/><G114/><T13/><D13/><U39/><REACH who="1" step="1"/><E79/><REACH who="1" ten="218,212,342,218" step="2"/><V76/><F76/><W48/><G7/><T3/><D3/><U120/><E120/><V110/><F110/><W123/><G123/><T134/><D134/><U116/><E116/><V5/><F5/><W91/><G100/><T29/><D69/><U41/><AGARI ba="0,1" hai="19,21,25,39,41,46,56,57,77,80,87,98,102,105" machi="41" ten="30,2000,0" yaku="1,1,0,1,53,0" doraHai="51" doraHaiUra="9" who="1" fromWho="1" sc="218,-5,212,30,342,-10,218,-5" /><INIT seed="3,0,0,1,2,83" ten="213,242,332,213" oya="3" hai0="6,117,76,113,91,64,85,74,60,28,42,11,58" hai1="19,43,4,27,46,111,98,97,128,68,123,122,70" hai2="77,30,50,13,52,95,114,55,61,35,20,5,32" hai3="99,16,54,17,86,105,121,107,110,62,126,66,12"/><W48/><G121/><T8/><D117/><U38/><E111/><V101/><F77/><W18/><G110/><T10/><D113/><U103/><E128/><V134/><F134/><W41/><G41/><T116/><D116/><U56/><E4/><V132/><F132/><W24/><G126/><T25/><D42/><U115/><E115/><V93/><F101/><W135/><G135/><T57/><D76/><U87/><E98/><V71/><F71/><W80/><G24/><T47/><D47/><U65/><E87/><V133/><F32/><W89/><G99/><T69/><D74/><U106/><E56/><V109/><F35/><W31/><G31/><T23/><REACH who="0" step="1"/><D6/><REACH who="0" ten="203,242,332,213" step="2"/><U44/><E44/><V108/><F5/><W40/><G40/><T129/><D129/><U72/><E72/><V118/><F118/><W73/><G73/><T34/><D34/><U49/><E46/><V9/><F114/><W78/><G78/><T36/><D36/><U22/><E43/><V100/><F133/><W21/><G105/><T15/><D15/><U82/><E38/><V0/><F13/><W81/><G107/><T45/><D45/><U102/><E106/><V131/><F131/><W37/><G37/><T127/><D127/><U51/><E123/><V67/><F109/><W53/><G12/><T75/><D75/><U39/><E122/><V96/><F108/><W79/><G79/><T104/><D104/><U119/><E119/><V124/><F124/><W112/><G112/><T120/><D120/><U125/><E125/><V130/><F130/><W14/><G14/><T2/><D2/><RYUUKYOKU ba="0,1" sc="203,30,242,-10,332,-10,213,-10" hai0="8,10,11,23,25,28,57,58,60,64,69,85,91" /><INIT seed="4,1,1,3,2,0" ten="233,232,322,203" oya="0" hai0="10,53,26,99,51,122,103,7,56,129,88,111,46" hai1="63,59,89,32,21,5,29,104,133,85,61,73,75" hai2="112,131,54,22,115,117,15,74,4,120,86,127,37" hai3="107,48,11,87,106,108,18,76,27,91,41,44,66"/><T24/><D122/><U71/><E133/><V33/><F74/><W45/><G108/><T95/><D111/><U97/><E21/><V3/><F37/><W47/><G76/><T49/><D129/><U93/><E63/><V128/><F120/><W25/><G66/><T68/><D103/><U102/><E5/><V98/><F33/><W109/><G109/><T119/><D68/><U42/><E42/><V92/><F86/><W20/><G27/><T132/><D132/><U50/><E50/><V90/><F127/><W114/><G114/><N who="2" m="43561" /><F117/><W55/><G41/><T52/><D119/><U2/><E2/><AGARI ba="1,1" hai="2,7,10,24,26,46,49,51,52,53,56,88,95,99" machi="2" ten="30,11600,0" yaku="7,1,52,1,54,2" doraHai="0" who="0" fromWho="1" sc="233,129,232,-119,322,0,203,0" /><INIT seed="4,2,0,2,3,13" ten="362,113,322,203" oya="0" hai0="58,76,114,48,49,4,31,51,87,92,80,86,83" hai1="127,111,33,73,103,26,110,91,65,119,39,135,35" hai2="24,78,95,105,134,126,50,2,52,16,128,113,81" hai3="60,120,104,132,94,21,18,53,42,11,36,130,133"/><T71/><D71/><U84/><E119/><V55/><F105/><W106/><G11/><T59/><D114/><U57/><E39/><V66/><F2/><W108/><G108/><T75/><D4/><U27/><E73/><V118/><F128/><W14/><G130/><T79/><D31/><U72/><E72/><V129/><F129/><W97/><G120/><T63/><D75/><U88/><E127/><V93/><F66/><W15/><G42/><T67/><REACH who="0" step="1"/><D92/><REACH who="0" ten="352,113,322,203" step="2"/><U121/><E111/><V131/><F95/><W64/><G94/><T115/><D115/><U43/><E110/><V44/><F113/><W1/><G106/><T125/><D125/><U17/><E121/><V32/><F126/><W25/><G104/><T8/><D8/><U117/><E117/><V3/><F118/><W124/><G124/><T98/><D98/><U45/><E33/><V89/><F32/><W107/><G97/><T112/><D112/><U12/><E35/><V74/><F131/><W47/><G107/><T69/><AGARI ba="2,1" hai="48,49,51,58,59,63,67,69,76,79,80,83,86,87" machi="69" ten="30,6000,0" yaku="1,1,0,1,9,1,53,0" doraHai="13" doraHaiUra="123" who="0" fromWho="0" sc="352,76,113,-22,322,-22,203,-22" /><INIT seed="4,3,0,3,4,0" ten="428,91,300,181" oya="0" hai0="108,109,131,14,83,71,52,111,92,31,67,113,28" hai1="34,11,127,105,128,23,100,16,3,47,37,41,98" hai2="73,13,110,35,20,132,87,65,133,60,24,76,25" hai3="118,8,122,18,103,96,54,66,61,49,91,119,57"/><T116/><D116/><U27/><E127/><V10/><F73/><W101/><G122/><T2/><D2/><U77/><E128/><V94/><F35/><W135/><G135/><N who="2" m="51785" /><F20/><W17/><G91/><T33/><D113/><U104/><E77/><V6/><F110/><W22/><G103/><T32/><D131/><U39/><E34/><N who="0" m="13417" /><D83/><U30/><E39/><V115/><F115/><W102/><G8/><T126/><D126/><U69/><E69/><N who="2" m="42151" /><F94/><W84/><G84/><T99/><D14/><U56/><E56/><V86/><F86/><W90/><G90/><N who="0" m="55703" /><D52/><U9/><E105/><V74/><F87/><W1/><G1/><T36/><D36/><U114/><E114/><V12/><F12/><W88/><G88/><T121/><D121/><U68/><E68/><V4/><F4/><W124/><G124/><T81/><D81/><AGARI ba="3,0" hai="6,10,13,24,25,74,76,81" m="42151,51785" machi="81" ten="30,2000,0" yaku="20,1,52,1" doraHai="0" who="2" fromWho="0" sc="428,-29,91,0,300,29,181,0" /><INIT seed="5,0,0,5,5,94" ten="399,91,329,181" oya="1" hai0="126,80,41,121,26,114,1,89,115,12,28,134,32" hai1="35,78,113,2,14,11,95,86,107,56,57,23,8" hai2="66,81,72,83,111,87,91,82,116,124,118,125,50" hai3="43,122,100,70,79,47,93,131,119,24,69,127,65"/><U20/><E107/><V102/><F50/><W4/><G122/><T59/><D1/><U128/><E35/><V52/><F52/><W96/><G119/><N who="2" m="45609" /><F66/><W51/><G131/><T3/><D3/><U68/><E68/><V10/><F10/><N who="1" m="3625" /><E113/><V103/><F111/><W37/><G4/><T123/><D41/><U5/><E128/><V13/><F13/><W54/><G127/><N who="2" m="48713" /><F72/><W7/><G7/><T74/><D12/><U63/><E2/><V46/><F46/><W105/><G79/><T34/><D126/><U98/><E5/><V90/><F90/><W71/><G24/><T76/><D89/><N who="1" m="55663" /><E14/><V106/><F106/><W53/><G105/><T16/><D34/><U55/><E57/><V112/><F112/><N who="0" m="43050" /><D59/><U0/><E0/><V31/><F31/><W38/><G54/><T109/><D16/><U88/><E78/><V108/><F108/><W61/><REACH who="3" step="1"/><G37/><REACH who="3" ten="399,91,329,171" step="2"/><T27/><D27/><U33/><E33/><V39/><F39/><W132/><G132/><T48/><D134/><U44/><E44/><AGARI ba="0,1" hai="38,43,44,47,51,53,61,65,69,70,71,93,96,100" machi="44" ten="30,7700,0" yaku="1,1,7,1,52,1,53,1" doraHai="94" doraHaiUra="45" who="3" fromWho="1" sc="399,0,91,-77,329,0,171,87" /><INIT seed="6,0,0,5,0,75" ten="399,14,329,258" oya="2" hai0="24,93,76,16,22,61,87,81,53,41,31,91,39" hai1="18,40,121,132,57,43,26,107,35,13,131,15,103" hai2="0,120,110,55,69,77,46,105,89,111,104,113,11" hai3="62,88,86,5,3,27,80,97,116,99,70,30,51"/><V9/><F69/><W117/><G51/><T72/><D39/><U106/><E131/><V100/><F120/><W119/><G5/><T34/><D41/><U23/><E121/><V38/><F0/><W28/><G3/><T52/><D61/><U114/><E114/><V59/><F113/><W90/><G30/><T133/><D133/><U122/><E122/><V130/><F130/><W83/><G70/><T79/><D79/><U109/><E109/><N who="2" m="41483" /><F89/><W127/><G127/><T19/><D19/><U32/><E132/><V25/><F25/><AGARI ba="0,0" hai="16,22,24,25,31,34,52,53,72,76,81,87,91,93" machi="25" ten="30,7700,0" yaku="7,1,52,1,54,2" doraHai="75" who="0" fromWho="2" sc="399,77,14,0,329,-77,258,0" /><INIT seed="7,0,0,0,2,68" ten="476,14,252,258" oya="3" hai0="112,102,37,69,95,101,28,83,3,127,36,100,29" hai1="54,16,120,71,12,18,6,2,49,52,26,131,57" hai2="39,90,23,63,107,15,79,61,0,42,7,47,104" hai3="31,85,93,82,65,98,129,14,45,97,111,46,66"/><W135/><G111/><T43/><D3/><U122/><E131/><V70/><F90/><W115/><G115/><T41/><D112/><U38/><E71/><V124/><F15/><W58/><G135/><T22/><D127/><U99/><E2/><V105/><F23/><W121/><G121/><T21/><D69/><U11/><E122/><V103/><F79/><N who="3" m="46303" /><G129/><T134/><D134/><U80/><E120/><V75/><F75/><W24/><G14/><T130/><D130/><U51/><E99/><N who="3" m="37898" /><G93/><T59/><D95/><U30/><E80/><V10/><F124/><W119/><G119/><T81/><D100/><U91/><E91/><V5/><F5/><W32/><G32/><T96/><D96/><U76/><E76/><V133/><F103/><W92/><G92/><T94/><D94/><U44/><E18/><V114/><F114/><W48/><G24/><T20/><D22/><U109/><E109/><V126/><F126/><W73/><G31/><T27/><D27/><U87/><E87/><V108/><F108/><W19/><G19/><T132/><D132/><U40/><E6/><V74/><F133/><W118/><G118/><T84/><D84/><U88/><E88/><V113/><F113/><W78/><G78/><T110/><D110/><U9/><E9/><V13/><F74/><W1/><G73/><T35/><D35/><U34/><E38/><V17/><F70/><W89/><G89/><T4/><D4/><U128/><E128/><V50/><F39/><W8/><G8/><T64/><D101/><U106/><E106/><V117/><F117/><W53/><G1/><RYUUKYOKU ba="0,0" sc="476,-30,14,10,252,10,258,10" hai1="11,12,16,26,30,34,40,44,49,51,52,54,57" hai2="0,7,10,13,17,42,47,50,61,63,104,105,107" hai3="45,46,48,53,58,65,66" /><INIT seed="7,1,0,3,4,65" ten="446,24,262,268" oya="3" hai0="14,93,131,130,101,32,9,128,18,6,107,0,66" hai1="120,58,112,108,34,20,85,83,106,116,118,35,122" hai2="124,114,31,43,79,123,7,125,48,39,73,121,44" hai3="91,115,51,41,86,71,132,25,80,127,4,129,19"/><W97/><G132/><T103/><D107/><U99/><E20/><V57/><F114/><W104/><G129/><T42/><D32/><U22/><E22/><V81/><F31/><W87/><G115/><T69/><D42/><U29/><E29/><V134/><F134/><W96/><G127/><N who="2" m="48713" /><F7/><W119/><G119/><T110/><D110/><U11/><E11/><V26/><F26/><W24/><G104/><T74/><D74/><U12/><E12/><V46/><F57/><W16/><G71/><T49/><D49/><U59/><E34/><V60/><F60/><W98/><G4/><T15/><D93/><U10/><E10/><V5/><F5/><W23/><G87/><T89/><D89/><U2/><E2/><V8/><F8/><W67/><G67/><T55/><D55/><AGARI ba="1,0" hai="39,43,44,46,48,55,73,79,81,121,123" m="48713" machi="55" ten="30,1000,0" yaku="18,1" doraHai="65" who="2" fromWho="0" sc="446,-13,24,0,262,13,268,0" owari="433,53.0,24,-48.0,275,8.0,268,-13.0" /></mjloggm>