<mjloggm ver="2.3"><GO type="169" lobby="0"/><UN n0="%E3%82%A6%E3%83%AB%E3%83%88%E3%83%A9%E7%AB%8B%E7%9B%B4" n1="%E3%81%AD%E3%81%98%E3%81%97%E3%81%8D" n2="%41%E3%82%86%E3%81%A3%E3%81%93%E3%82%93%E3%81%90" n3="%E7%88%86%E5%BC%BE%E4%BA%94%E9%83%8E%EF%BC%92" dan="17,16,17,18" rate="2224.73,2009.62,2093.28,2194.57" sx="M,M,M,M"/><TAIKYOKU oya="0"/><INIT seed="0,0,0,3,1,95" ten="250,250,250,250" oya="0" hai0="66,29,135,133,27,78,109,1,45,105,42,31,64" hai1="99,129,55,120,91,54,41,93,11,71,69,88,37" hai2="77,132,43,115,74,85,24,128,36,87,3,58,114" hai3="46,86,30,59,68,80,0,4,104,49,21,22,34"/><T73/><D1/><U94/><E120/><V20/><F3/><W106/><G68/><T12/><D105/><U38/><E129/><V82/><F128/><W40/><G34/><T8/><D78/><U57/><E11/><V79/><F132/><N who="0" m="50762" /><D73/><U39/><E41/><V60/><F43/><W26/><G21/><N who="0" m="15599" /><D31/><U83/><E83/><V100/><F36/><W111/><G111/><T124/><D109/><U61/><REACH who="1" step="1"/><E54/><REACH who="1" ten="250,240,250,250" step="2"/><V51/><F114/><W62/><G0/><T14/><D124/><U18/><E18/><V2/><F115/><W23/><G4/><N who="0" m="3079" /><D14/><U53/><E53/><V107/><F2/><W126/><G126/><T118/><D118/><U134/><E134/><V50/><F24/><W84/><G26/><T125/><D125/><U90/><E90/><V10/><F79/><W108/><G108/><T75/><D75/><U47/><E47/><V72/><F72/><W113/><G46/><T65/><D65/><U130/><E130/><V16/><F74/><W89/><G89/><T123/><D123/><U127/><E127/><V5/><F77/><W81/><G113/><T13/><D13/><U67/><E67/><V28/><F28/><W96/><G30/><T76/><D76/><U25/><E25/><V110/><F110/><W92/><G22/><T70/><D70/><U17/><E17/><V44/><F16/><W119/><G23/><T63/><D63/><U101/><E101/><V98/><F60/><W48/><G62/><T52/><D52/><U56/><E56/><V122/><F20/><W15/><G15/><T33/><D33/><U103/><E103/><RYUUKYOKU ba="0,1" sc="250,15,240,15,250,-15,250,-15" hai0="42,45,64,66" hai1="37,38,39,55,57,61,69,71,88,91,93,94,99" /><INIT seed="0,1,1,3,5,30" ten="265,255,235,235" oya="0" hai0="26,66,25,128,112,37,117,60,28,19,63,135,65" hai1="90,85,72,36,0,64,46,86,96,21,18,118,134" hai2="73,95,94,81,57,102,125,84,89,131,115,97,71" hai3="2,78,92,1,88,108,120,47,54,3,4,48,101"/><T114/><D37/><U12/><E72/><V109/><F71/><W87/><G120/><T74/><D74/><U68/><E0/><V8/><F115/><W121/><G121/><T17/><D28/><U67/><E118/><V98/><F109/><W82/><G108/><T80/><D80/><U39/><E68/><V113/><F113/><W34/><G101/><T40/><D40/><U133/><E96/><V49/><F131/><W58/><G34/><T69/><D69/><U132/><E86/><V38/><F38/><N who="1" m="14377" /><E46/><V116/><F116/><W5/><REACH who="3" step="1"/><G47/><REACH who="3" ten="265,255,235,225" step="2"/><T20/><D117/><U31/><E31/><V111/><F102/><W32/><G32/><T35/><D35/><U124/><E124/><V106/><F125/><W103/><G103/><T27/><D128/><U52/><E134/><V11/><F111/><W15/><G15/><T93/><D135/><U56/><E133/><V70/><F106/><W9/><G9/><T79/><D114/><U61/><E132/><V76/><F11/><W129/><G129/><T13/><D112/><U6/><E12/><V100/><F8/><W104/><G104/><T45/><D45/><U119/><E119/><V10/><F10/><W29/><G29/><T75/><D13/><U16/><E18/><V53/><F70/><W50/><G50/><T23/><D27/><U62/><E16/><V43/><F100/><W122/><G122/><T22/><D22/><U24/><E21/><V44/><F44/><W107/><G107/><T42/><D42/><U105/><E24/><V99/><F43/><W123/><G123/><T130/><D130/><RYUUKYOKU ba="1,2" sc="265,-15,255,-15,235,15,225,15" hai2="49,53,57,73,76,81,84,89,94,95,97,98,99" hai3="1,2,3,4,5,48,54,58,78,82,87,88,92" /><INIT seed="1,2,2,2,1,62" ten="250,240,250,240" oya="1" hai0="81,44,92,2,115,104,23,42,78,95,12,61,79" hai1="64,90,3,14,100,71,128,9,80,101,111,32,117" hai2="51,63,97,113,130,134,60,83,21,38,7,47,41" hai3="132,105,93,25,5,22,88,55,106,1,112,114,15"/><U36/><E117/><V17/><F130/><W37/><G1/><T131/><D2/><U54/><E128/><V91/><F134/><W121/><G132/><T52/><D104/><U89/><E36/><V0/><F113/><W4/><G37/><T16/><D115/><U49/><E32/><V99/><F38/><W126/><G121/><T27/><D131/><U107/><E3/><V124/><F124/><W108/><G126/><T70/><D42/><U133/><E133/><V13/><F0/><W87/><G108/><T120/><D120/><U77/><E71/><V110/><F7/><W24/><G24/><T85/><D78/><U6/><E64/><V74/><F110/><W129/><G5/><T67/><REACH who="0" step="1"/><D27/><REACH who="0" ten="240,240,250,240" step="2"/><U43/><E43/><V40/><F41/><W59/><G129/><T30/><D30/><U84/><E111/><V19/><F74/><W103/><G106/><T66/><D66/><U116/><E116/><V10/><F97/><W58/><G112/><T72/><D72/><U45/><REACH who="1" step="1"/><E107/><REACH who="1" ten="240,230,250,240" step="2"/><V11/><F40/><W53/><G114/><T122/><D122/><U39/><E39/><V46/><F13/><W68/><G105/><T8/><D8/><U102/><AGARI ba="2,4" hai="6,9,14,45,49,54,77,80,84,89,90,100,101,102" machi="102" ten="30,6000,0" yaku="1,1,0,1,8,1,53,0" doraHai="62" doraHaiUra="135" who="1" fromWho="1" sc="240,-22,230,106,250,-22,240,-22" /><INIT seed="1,3,0,0,3,46" ten="218,336,228,218" oya="1" hai0="109,122,83,3,68,15,128,66,80,41,10,115,75" hai1="129,28,42,124,76,12,26,106,44,39,30,55,71" hai2="90,96,94,8,121,5,48,20,58,31,38,110,114" hai3="72,108,123,74,36,24,67,73,134,99,79,21,25"/><U6/><E106/><V118/><F110/><W107/><G123/><T130/><D3/><U35/><E124/><V97/><F121/><W11/><G36/><T103/><D115/><U56/><E71/><V89/><F38/><W84/><G108/><T43/><D103/><U70/><E70/><V14/><F118/><W45/><G67/><T47/><D109/><U132/><E132/><V0/><F114/><W32/><G32/><T81/><D75/><U53/><E76/><V82/><F82/><W59/><G59/><T49/><D122/><U19/><E6/><V27/><F0/><W135/><G24/><T34/><D34/><U91/><E28/><V16/><F89/><W126/><G11/><T18/><REACH who="0" step="1"/><D43/><REACH who="0" ten="208,336,228,218" step="2"/><U52/><E42/><V101/><F31/><W64/><G135/><T17/><D17/><U119/><E19/><V116/><F116/><W78/><G134/><T85/><D85/><U1/><E119/><V93/><F58/><W13/><G84/><T61/><AGARI ba="3,1" hai="10,15,18,41,47,49,61,66,68,80,81,83,128,130" machi="61" ten="30,4000,0" yaku="1,1,0,1,52,1,53,0" doraHai="46" doraHaiUra="117" who="0" fromWho="0" sc="208,59,336,-23,228,-13,218,-13" /><INIT seed="2,0,0,5,5,16" ten="267,313,215,205" oya="2" hai0="112,101,72,94,12,82,30,8,79,68,64,40,20" hai1="131,39,115,47,45,119,3,97,135,103,121,134,7" hai2="92,85,56,10,29,93,11,129,75,118,60,54,108" hai3="22,90,98,111,116,124,110,67,50,66,25,128,43"/><V38/><F75/><W46/><G116/><T113/><D40/><U63/><E3/><V80/><F118/><W41/><G128/><T91/><D101/><U74/><E7/><V31/><F38/><W51/><G124/><T28/><D64/><U114/><E74/><V107/><F107/><W18/><G111/><T44/><D68/><U125/><E119/><V32/><F129/><W105/><G110/><T133/><D44/><U33/><E33/><V61/><F108/><W102/><G90/><T95/><D95/><N who="2" m="36426" /><F60/><W0/><G0/><T127/><D127/><U84/><E63/><V36/><F32/><W17/><G17/><T48/><D48/><U49/><E131/><V37/><F36/><W21/><G21/><T6/><D30/><N who="2" m="11274" /><F37/><W1/><G1/><T81/><D81/><U120/><E125/><V117/><F117/><W89/><G89/><AGARI ba="0,0" hai="10,11,54,56,61,80,85,89" m="11274,36426" machi="89" ten="30,1500,0" yaku="8,1" doraHai="16" who="2" fromWho="3" sc="267,0,313,0,215,15,205,-15" /><INIT seed="2,1,0,1,1,15" ten="267,313,230,190" oya="2" hai0="2,59,132,99,103,122,36,66,78,25,61,19,67" hai1="35,107,134,84,53,133,17,30,64,120,57,6,38" hai2="115,74,7,11,85,70,102,47,72,52,81,29,108" hai3="26,60,45,76,22,43,54,87,91,105,135,0,104"/><V65/><F115/><W27/><G0/><T110/><D2/><U42/><E107/><V56/><F29/><W93/><G135/><T62/><D36/><U96/><E6/><V18/><F102/><W86/><G27/><T114/><D78/><U33/><E64/><V32/><F32/><W9/><G9/><T98/><D110/><U20/><E120/><V111/><F47/><W13/><G13/><T58/><D132/><N who="1" m="50795" /><E96/><V16/><F65/><W3/><G3/><T126/><D126/><U5/><E5/><V55/><F55/><W130/><G130/><T49/><D122/><U1/><E1/><N who="2" m="495" /><F70/><W97/><G76/><T82/><D114/><U34/><E84/><V21/><F21/><W68/><G105/><T41/><D103/><U40/><E38/><V118/><F118/><W92/><G104/><T75/><D75/><U121/><E30/><V48/><F72/><W10/><G10/><T109/><D109/><N who="2" m="42058" /><F74/><W100/><G68/><T46/><D82/><U73/><E73/><V71/><F71/><W129/><G129/><T127/><D127/><U123/><E123/><V50/><F50/><N who="3" m="26943" /><G93/><T12/><D25/><N who="1" m="14479" /><E121/><V128/><F128/><W116/><G100/><T131/><D131/><U31/><E31/><V106/><F106/><W23/><G116/><T44/><D44/><U39/><E39/><V4/><F4/><W79/><G26/><T88/><D46/><U94/><E94/><V124/><F124/><W28/><G28/><T37/><D37/><U90/><E33/><V77/><AGARI ba="1,0" hai="16,18,48,52,56,77,81,85" m="42058,495" machi="77" ten="30,18000,2" yaku="14,1,10,1,52,2,54,2" doraHai="15" who="2" fromWho="2" sc="267,-61,313,-61,230,183,190,-61" /><INIT seed="2,2,0,4,0,43" ten="206,252,413,129" oya="2" hai0="105,41,19,57,133,135,118,47,92,101,68,6,84" hai1="52,56,129,28,93,61,34,88,95,23,42,87,78" hai2="45,119,121,0,94,39,54,75,37,38,72,15,55" hai3="17,100,7,131,30,40,104,102,106,111,35,32,9"/><V83/><F0/><W49/><G17/><T48/><D68/><U11/><E129/><V134/><F119/><W44/><G30/><T3/><D105/><U12/><E34/><V21/><F121/><W14/><G131/><T108/><D6/><U86/><E42/><V123/><F123/><W5/><G5/><T58/><D3/><U33/><E33/><V16/><F134/><N who="0" m="51210" /><D108/><U112/><E112/><V71/><F71/><W89/><G111/><T79/><D118/><U1/><E1/><V46/><F94/><W66/><G66/><T97/><D19/><N who="1" m="8607" /><E23/><V117/><F117/><W29/><G32/><T85/><D79/><U20/><E20/><V27/><F27/><W82/><G104/><T51/><D58/><U114/><E114/><V73/><REACH who="2" step="1"/><F83/><REACH who="2" ten="206,252,403,129" step="2"/><W126/><G106/><T77/><D92/><U13/><E95/><V69/><F69/><W24/><G126/><T103/><D101/><U31/><E93/><V98/><F98/><W128/><G128/><T80/><D97/><U76/><E13/><V90/><F90/><W96/><G96/><T110/><D103/><U130/><E130/><V107/><F107/><W8/><G8/><T122/><D122/><U36/><E88/><V63/><F63/><W116/><G116/><T64/><D80/><U60/><E60/><V26/><F26/><W18/><G89/><T59/><D110/><U109/><E109/><V74/><N who="2" m="18432" /><DORA hai="50" /><V125/><F125/><W10/><G82/><T70/><D70/><U25/><E25/><V2/><F2/><AGARI ba="2,1" hai="2,7,9,10,14,18,24,29,35,40,44,49,100,102" machi="2" ten="30,2000,0" yaku="7,1,52,1" doraHai="43,50" who="3" fromWho="2" sc="206,0,252,0,403,-26,129,36" /><INIT seed="3,0,0,3,1,0" ten="206,252,377,165" oya="3" hai0="89,21,97,73,24,37,125,26,92,57,54,67,121" hai1="78,22,119,8,14,44,30,45,79,50,116,66,129" hai2="64,61,49,123,91,113,105,38,33,112,53,102,47" hai3="130,71,131,12,74,28,46,41,36,2,135,115,34"/><W82/><G12/><T134/><D37/><U39/><E129/><N who="3" m="49162" /><G115/><T124/><D121/><U18/><E66/><V40/><F123/><W9/><G71/><T48/><D73/><U108/><E108/><V27/><F91/><W11/><G11/><T58/><D134/><U107/><E107/><V109/><F109/><W114/><G114/><T111/><D111/><U15/><E39/><V13/><F13/><W127/><G127/><N who="0" m="48715" /><D21/><U52/><E44/><V101/><F27/><N who="0" m="10282" /><D67/><U83/><E30/><V69/><F33/><W96/><G135/><T4/><D4/><N who="1" m="3335" /><E83/><V63/><F63/><W85/><G28/><T120/><D120/><U110/><E110/><V6/><F61/><W16/><G34/><T86/><D58/><U77/><E119/><V94/><F64/><W60/><G74/><T80/><D80/><U104/><E116/><V3/><F69/><W76/><G60/><T10/><D10/><U17/><E17/><V128/><F128/><W98/><G16/><T75/><D75/><U56/><E104/><V5/><F105/><W106/><G106/><T59/><D59/><U132/><E56/><V35/><F35/><W20/><G20/><T117/><D117/><U51/><E51/><V122/><F122/><W62/><G62/><T95/><D95/><U100/><E132/><V93/><F112/><W7/><AGARI ba="0,0" hai="2,7,9,36,41,46,76,82,85,96,98" m="49162" machi="7" ten="30,3000,0" yaku="19,1,52,1" doraHai="0" who="3" fromWho="3" sc="206,-10,252,-10,377,-10,165,30" /><INIT seed="3,1,0,2,2,17" ten="196,242,367,195" oya="3" hai0="75,91,7,62,117,65,13,24,4,31,90,115,22" hai1="99,119,131,77,100,118,86,124,107,71,1,89,116" hai2="134,38,123,94,109,44,84,129,15,80,9,45,40" hai3="135,33,57,58,87,28,64,68,104,108,56,18,83"/><W132/><G104/><T98/><D75/><U97/><E71/><V30/><F109/><W48/><G108/><T42/><D117/><U2/><E124/><V103/><F123/><W120/><G120/><T96/><D42/><U16/><E131/><V110/><F110/><W12/><G48/><T126/><D126/><U34/><E34/><V106/><F106/><W81/><G81/><T128/><D128/><U35/><E35/><V25/><F45/><W69/><G28/><T102/><D115/><U19/><E97/><V125/><F134/><N who="3" m="51243" /><G33/><T14/><D14/><U88/><E89/><N who="0" m="33801" /><D13/><U52/><E77/><V27/><F30/><W20/><G64/><T11/><D11/><U3/><REACH who="1" step="1"/><E52/><REACH who="1" ten="196,232,367,195" step="2"/><V70/><F125/><W111/><G111/><T51/><D98/><U130/><E130/><V76/><F129/><W66/><G66/><T122/><D122/><U55/><E55/><V10/><F40/><W53/><G53/><T29/><D96/><U133/><E133/><V8/><F70/><W41/><G41/><T37/><D65/><U72/><E72/><V0/><F0/><W32/><G32/><T74/><D74/><U78/><E78/><AGARI ba="1,1" hai="12,18,20,56,57,58,68,69,78,83,87" m="51243" machi="78" ten="30,2900,0" yaku="20,1,52,1" doraHai="17" who="3" fromWho="1" sc="196,0,232,-32,367,0,195,42" /><INIT seed="3,2,0,4,0,68" ten="196,200,367,237" oya="3" hai0="77,89,54,125,14,107,91,84,16,79,15,56,128" hai1="2,61,6,7,115,120,116,60,0,112,127,87,76" hai2="92,4,82,101,135,131,110,65,104,105,30,95,9" hai3="47,1,70,94,51,18,52,59,32,28,12,90,44"/><W66/><G1/><T132/><D107/><U134/><E120/><V111/><F131/><W27/><G66/><T21/><D125/><U38/><E38/><V97/><F135/><W72/><G72/><T55/><D132/><U29/><E29/><V24/><F65/><W133/><G70/><T69/><D69/><U35/><E134/><V71/><F82/><W83/><G83/><T31/><D128/><U124/><E87/><V63/><F63/><W123/><G123/><T117/><D117/><U81/><E81/><V57/><F57/><W129/><G133/><T26/><D14/><U45/><E35/><V39/><F39/><W22/><G129/><T13/><D13/><U33/><E33/><V73/><F73/><W118/><G118/><T122/><D122/><U67/><E67/><V23/><F105/><W113/><G113/><T96/><D96/><AGARI ba="2,0" hai="12,18,22,27,28,32,44,47,51,52,59,90,94,96" machi="96" ten="30,2900,0" yaku="7,1,54,1" doraHai="68" who="3" fromWho="0" sc="196,-35,200,0,367,0,237,35" /><INIT seed="3,3,0,2,4,65" ten="161,200,367,272" oya="3" hai0="20,135,108,66,127,106,7,32,47,102,97,34,93" hai1="49,63,86,123,43,105,58,14,75,4,54,10,85" hai2="81,69,27,132,77,33,71,64,67,12,57,131,87" hai3="1,11,21,44,95,59,133,36,100,125,94,25,117"/><W130/><G117/><T111/><D127/><U24/><E105/><V74/><F131/><W40/><G130/><T134/><D7/><U80/><E123/><V17/><F132/><N who="0" m="50730" /><D66/><U55/><E43/><V89/><F27/><W28/><G133/><T39/><D20/><U92/><E92/><V124/><F33/><N who="0" m="12906" /><D93/><U13/><E24/><V113/><F124/><W119/><G119/><T42/><AGARI ba="3,0" hai="39,42,47,97,102,106,108,111" m="12906,50730" machi="42" ten="40,2700,0" yaku="20,1,23,1" doraHai="65" who="0" fromWho="0" sc="161,36,200,-10,367,-10,272,-16" /><INIT seed="4,0,0,2,3,18" ten="197,190,357,256" oya="0" hai0="47,108,64,95,43,91,114,12,66,119,118,92,2" hai1="55,9,72,123,73,134,76,105,90,34,97,25,48" hai2="4,1,120,94,75,62,15,88,56,84,11,0,101" hai3="23,27,35,51,31,126,46,129,78,10,80,128,125"/><T85/><D2/><U115/><E123/><V70/><F120/><W124/><G10/><T121/><D121/><U67/><E67/><V19/><F75/><N who="3" m="43103" /><G35/><T24/><D114/><U37/><E134/><V116/><F116/><W40/><AGARI ba="0,0" hai="23,27,31,40,46,51,124,125,126,128,129" m="43103" machi="40" ten="40,2700,0" yaku="18,1,52,1" doraHai="18" who="3" fromWho="3" sc="197,-13,190,-7,357,-7,256,27" /><INIT seed="5,0,0,2,0,75" ten="184,183,350,283" oya="1" hai0="60,68,82,38,34,15,95,135,85,109,61,129,83" hai1="115,54,64,57,40,31,1,59,120,18,21,132,29" hai2="101,94,78,119,80,92,9,45,91,14,35,65,131" hai3="27,19,3,13,87,37,22,105,49,100,71,36,50"/><U81/><E120/><V42/><F131/><W43/><G71/><T108/><D38/><U58/><E1/><V123/><F35/><W113/><G3/><T28/><D34/><U4/><E4/><V16/><F119/><W90/><G113/><T17/><D28/><U128/><E128/><V77/><F123/><W98/><G49/><T33/><D33/><U24/><E115/><V93/><F101/><W62/><G62/><T114/><D129/><U39/><E64/><V30/><F30/><N who="1" m="11273" /><E39/><V53/><F53/><W55/><G27/><T126/><D114/><U25/><E25/><V127/><F65/><W133/><G43/><T52/><D68/><U8/><E40/><V20/><F9/><W67/><G67/><T112/><D112/><U5/><E132/><V121/><F121/><W10/><G133/><T116/><D116/><U63/><E8/><V97/><F127/><W130/><G10/><T69/><D126/><U47/><E5/><V74/><REACH who="2" step="1"/><F77/><REACH who="2" ten="184,183,340,283" step="2"/><W0/><G130/><T104/><D135/><U117/><E117/><V111/><F111/><W106/><G106/><T79/><D104/><U76/><E47/><V84/><F84/><AGARI ba="0,1" hai="18,21,24,54,57,58,59,63,76,81,84" m="11273" machi="84" ten="30,2900,0" yaku="8,1,52,1" doraHai="75" who="1" fromWho="2" sc="184,0,183,39,340,-29,283,0" /><INIT seed="5,1,0,3,0,130" ten="184,222,311,283" oya="1" hai0="59,124,83,114,64,23,94,50,85,66,97,84,98" hai1="77,90,22,18,93,95,63,17,13,61,8,81,58" hai2="99,6,105,52,9,103,101,86,49,71,102,55,2" hai3="116,118,0,20,30,82,11,26,45,43,79,16,108"/><U60/><E90/><V12/><F71/><W19/><G108/><T33/><D33/><U123/><E123/><V40/><F40/><W4/><G118/><T24/><D114/><U120/><E120/><V46/><F55/><W96/><G96/><T78/><D124/><U41/><E41/><V65/><F65/><W80/><G80/><T39/><D39/><U87/><REACH who="1" step="1"/><E58/><REACH who="1" ten="184,212,311,283" step="2"/><V131/><F131/><W119/><G119/><T44/><D59/><U69/><E69/><V127/><F127/><W57/><G57/><T109/><D109/><U122/><E122/><V135/><F103/><W36/><REACH who="3" step="1"/><G116/><REACH who="3" ten="184,212,311,273" step="2"/><T31/><D97/><U21/><E21/><V104/><F99/><W75/><AGARI ba="1,2" hai="0,4,11,16,19,20,26,30,36,43,45,75,79,82" machi="75" ten="20,16000,3" yaku="1,1,2,1,0,1,7,1,25,2,54,1,53,1" doraHai="130" doraHaiUra="3" who="3" fromWho="3" sc="184,-41,212,-81,311,-41,273,183" /><INIT seed="6,0,0,1,5,61" ten="143,131,270,456" oya="2" hai0="10,56,114,128,20,74,92,130,95,64,108,30,42" hai1="50,19,101,123,21,17,54,4,3,122,2,51,15" hai2="6,22,83,29,59,127,37,80,97,45,117,23,89" hai3="39,32,40,131,43,77,67,35,18,65,135,91,81"/><V28/><F117/><W76/><G91/><T113/><D74/><U44/><E101/><V96/><F6/><W94/><G94/><N who="0" m="35883" /><D42/><U99/><E99/><V55/><F127/><W88/><G88/><T87/><D87/><U116/><E116/><V34/><F34/><W9/><G9/><T107/><D107/><U118/><E118/><V16/><F45/><W111/><G18/><T1/><D108/><U126/><E126/><V132/><F132/><W90/><G90/><T121/><D121/><U38/><E38/><V8/><F8/><W120/><G131/><N who="0" m="50219" /><D56/><U79/><E79/><V115/><F37/><W7/><G111/><T100/><D64/><U24/><E50/><V14/><F97/><W12/><G135/><T134/><D100/><U112/><E112/><N who="0" m="43113" /><D134/><U119/><E119/><V124/><F115/><W46/><G39/><T75/><D75/><U133/><E133/><V58/><F58/><W63/><G43/><T68/><D68/><U31/><E123/><V25/><F96/><W27/><G40/><T62/><D62/><U109/><E122/><V102/><F102/><W98/><G63/><T60/><D60/><U103/><E103/><V5/><F124/><W69/><G69/><T71/><D71/><U47/><E109/><V41/><F41/><W33/><G98/><T78/><D78/><U85/><E85/><V11/><F89/><W26/><G120/><T73/><D73/><U93/><E93/><V36/><F36/><W84/><G84/><T57/><D57/><U49/><E44/><V48/><F59/><W105/><G105/><T86/><D86/><RYUUKYOKU ba="0,0" sc="143,0,131,0,270,0,456,0" /><INIT seed="7,1,0,0,3,44" ten="143,131,270,456" oya="3" hai0="14,39,125,48,11,49,59,108,22,4,69,31,115" hai1="51,5,73,29,58,130,20,121,83,67,68,85,50" hai2="80,87,33,30,88,102,114,62,3,7,94,74,16" hai3="95,34,66,123,37,23,2,77,71,82,15,98,57"/><W110/><G23/><T75/><D69/><U128/><E121/><V117/><F117/><W17/><G15/><N who="0" m="5607" /><D39/><U135/><E135/><V26/><F114/><W35/><G71/><T118/><D75/><U40/><E73/><V47/><F7/><W42/><G37/><T41/><D108/><U120/><E120/><V21/><F3/><W43/><G57/><T116/><D118/><U131/><E68/><V124/><F124/><W61/><G17/><N who="0" m="10551" /><D116/><U126/><E126/><V107/><F107/><W9/><G2/><T76/><D125/><U63/><E5/><V97/><F74/><W55/><G9/><T112/><D76/><N who="1" m="46311" /><E40/><V113/><F113/><N who="0" m="43594" /><D41/><U36/><E36/><V122/><F122/><W132/><G42/><T103/><D31/><U99/><E99/><V6/><F62/><W28/><G61/><T10/><D10/><U52/><E67/><V65/><F65/><W1/><G66/><T105/><D59/><U93/><E93/><V127/><F127/><W79/><G95/><T134/><D134/><U19/><E29/><V119/><F119/><W38/><G132/><T100/><D105/><U109/><E109/><V81/><F81/><W91/><G82/><T70/><D70/><U106/><E106/><V84/><F80/><W18/><G110/><T133/><D133/><U12/><AGARI ba="1,0" hai="12,19,20,50,51,52,58,63,128,130,131" m="46311" machi="12" ten="30,7900,0" yaku="19,1,52,2,54,1" doraHai="44" who="1" fromWho="1" sc="143,-21,131,82,270,-21,456,-40" owari="122,-38.0,213,-19.0,249,5.0,416,52.0" /></mjloggm>