<mjloggm ver="2.3"><GO type="169" lobby="0"/><UN n0="%E3%82%A6%E3%83%AB%E3%83%88%E3%83%A9%E7%AB%8B%E7%9B%B4" n1="%E3%83%8F%E3%82%A4%E3%83%86%E3%83%B3%E3%83%9C%E3%83%BC" n2="%E3%82%AD%E3%83%A0%E3%83%A9%E3%83%86" n3="%E3%81%86%E3%81%91%E3%81%AA%E3%81%8C%E3%81%99%E3%81%9C" dan="17,16,16,17" rate="2151.37,2087.61,2075.80,2123.71" sx="M,M,M,F"/><TAIKYOKU oya="0"/><INIT seed="0,0,0,5,1,22" ten="250,250,250,250" oya="0" hai0="38,86,95,122,92,81,21,89,36,124,111,27,31" hai1="20,79,50,61,30,6,37,99,115,130,101,26,119" hai2="102,14,11,132,120,109,18,2,75,25,4,113,3" hai3="107,13,49,105,80,15,83,84,24,52,125,93,123"/><T23/><D122/><U128/><E37/><V76/><F102/><W91/><G123/><T53/><D124/><U29/><E119/><V44/><F120/><W108/><G108/><T133/><D133/><U82/><E115/><V12/><F76/><W32/><G125/><T39/><D111/><U43/><E6/><V70/><F75/><W127/><G127/><T96/><D53/><U1/><E1/><N who="2" m="399" /><F44/><W74/><G107/><T10/><D10/><U17/><E61/><V73/><F73/><W62/><G62/><T28/><REACH who="0" step="1"/><D96/><REACH who="0" ten="240,250,250,250" step="2"/><U46/><E130/><V94/><F109/><W41/><G41/><T106/><D106/><U19/><E128/><V56/><F132/><W72/><G105/><T9/><D9/><U59/><E99/><V87/><F113/><W66/><G66/><T8/><D8/><U60/><E101/><V63/><F3/><W135/><G135/><T116/><D116/><U134/><E134/><V97/><F97/><W69/><G74/><T126/><D126/><U64/><REACH who="1" step="1"/><E30/><REACH who="1" ten="240,240,250,250" step="2"/><V68/><F2/><W47/><G72/><AGARI ba="0,2" hai="17,19,20,26,29,43,46,50,59,60,64,72,79,82" machi="72" ten="30,8000,1" yaku="1,1,2,1,7,1,52,1,53,1" doraHai="22" doraHaiUra="54" who="1" fromWho="3" sc="240,0,240,100,250,0,250,-80" /><INIT seed="1,0,0,3,2,14" ten="240,340,250,170" oya="1" hai0="127,58,53,121,38,111,48,1,65,10,55,103,80" hai1="12,32,5,112,93,104,107,57,114,126,21,109,61" hai2="129,11,15,52,86,87,77,125,50,76,116,42,26" hai3="123,101,135,19,39,115,20,88,89,13,113,128,23"/><U44/><E32/><V120/><F116/><W51/><G123/><T106/><D121/><U31/><E126/><V81/><F120/><W3/><G39/><T4/><D127/><U94/><E109/><V70/><F70/><W43/><G3/><T96/><D111/><U17/><E31/><V90/><F125/><W7/><G128/><T29/><D38/><U118/><E118/><V110/><F110/><W6/><G135/><T59/><D65/><U97/><E5/><N who="3" m="1546" /><G115/><T67/><D67/><U60/><E93/><N who="2" m="54487" /><F42/><W131/><G131/><T22/><D80/><U46/><E60/><V74/><F74/><W16/><G101/><T132/><D132/><U25/><E25/><V99/><F99/><W41/><G113/><T45/><D29/><U133/><E133/><V100/><F100/><W37/><G37/><T75/><D75/><U78/><E78/><N who="2" m="46519" /><F26/><N who="3" m="14599" /><G43/><T8/><D1/><U30/><E30/><V92/><BYE who="1" /><F92/><W79/><G79/><T130/><D103/><U47/><E47/><AGARI ba="0,0" hai="13,19,23,41,47,51,88,89" m="14599,1546" machi="47" ten="30,8000,1" yaku="8,1,52,2,54,2" doraHai="14" who="3" fromWho="1" sc="240,0,340,-80,250,0,170,80" /><INIT seed="2,0,0,4,4,38" ten="240,260,250,250" oya="2" hai0="42,123,131,41,3,108,56,46,124,76,70,80,26" hai1="81,64,126,120,36,4,115,105,135,122,102,84,43" hai2="63,29,52,67,37,30,75,6,61,19,10,97,125" hai3="17,104,53,96,51,89,87,25,111,22,103,129,93"/><V24/><F75/><W32/><G111/><T33/><D123/><U9/><E9/><V2/><F125/><UN n1="%E3%83%8F%E3%82%A4%E3%83%86%E3%83%B3%E3%83%9C%E3%83%BC" /><W7/><G129/><T14/><D70/><U85/><E126/><V45/><F97/><W92/><G32/><T1/><D124/><U118/><E118/><V27/><F19/><W100/><G7/><T55/><D108/><U71/><E115/><V21/><F67/><W31/><G103/><T15/><D131/><U49/><E36/><V99/><F99/><W107/><REACH who="3" step="1"/><G31/><REACH who="3" ten="240,260,250,240" step="2"/><T20/><D33/><U58/><E122/><V94/><F30/><W132/><G132/><T117/><D117/><U82/><E135/><V78/><F29/><W114/><G114/><T116/><D116/><U48/><E120/><V60/><F6/><W12/><G12/><T44/><D15/><U34/><E4/><V90/><F2/><W66/><G66/><T8/><D3/><U16/><E102/><V23/><F27/><W59/><AGARI ba="0,1" hai="17,22,25,51,53,59,87,89,92,93,96,100,104,107" machi="59" ten="20,2700,0" yaku="1,1,0,1,7,1,53,0" doraHai="38" doraHaiUra="113" who="3" fromWho="3" sc="240,-7,260,-7,250,-13,240,37" /><INIT seed="3,0,0,3,4,17" ten="233,253,237,277" oya="3" hai0="6,117,19,4,37,35,14,20,73,113,125,118,2" hai1="130,30,50,69,47,101,77,59,123,88,67,10,27" hai2="36,13,65,42,29,108,93,129,26,131,106,128,7" hai3="16,41,57,11,120,8,62,115,64,1,84,104,68"/><W25/><G120/><T110/><D73/><U66/><E123/><V54/><F108/><W51/><G115/><T103/><D103/><U94/><E69/><V114/><F106/><W52/><G104/><T87/><D37/><U90/><E130/><V40/><F114/><W135/><G135/><T71/><D71/><U111/><E111/><V85/><F65/><W76/><G1/><T119/><D87/><U49/><E77/><V56/><F36/><W98/><G98/><T21/><D113/><U127/><E127/><V75/><F75/><W91/><G41/><T70/><D70/><U33/><E101/><V112/><F13/><W48/><G48/><T132/><D110/><U44/><E10/><V39/><F7/><N who="0" m="2602" /><D2/><U15/><E15/><V92/><F112/><W9/><G76/><T24/><D132/><U72/><E72/><V97/><F85/><W107/><G107/><T81/><D81/><U126/><E126/><V79/><F79/><W122/><G122/><T102/><D102/><U99/><E90/><N who="2" m="55447" /><F93/><W100/><G100/><T58/><D58/><U55/><E59/><V82/><F82/><W78/><G78/><T124/><D35/><U23/><E33/><N who="2" m="20663" /><F39/><W43/><G84/><T95/><D95/><U60/><E60/><AGARI ba="0,0" hai="40,42,54,56,60,128,129,131" m="20663,55447" machi="60" ten="30,1000,0" yaku="19,1" doraHai="17" who="2" fromWho="1" sc="233,0,253,-10,237,10,277,0" /><INIT seed="4,0,0,1,4,59" ten="233,243,247,277" oya="0" hai0="94,133,88,113,112,29,91,18,116,28,135,85,13" hai1="66,60,102,111,68,82,110,35,69,108,103,34,84" hai2="15,98,45,117,4,39,130,89,62,43,123,65,101" hai3="1,96,26,55,104,132,119,97,46,58,71,75,21"/><T79/><D79/><U2/><E2/><V72/><F130/><W128/><G119/><T44/><D44/><U22/><E22/><V14/><F117/><W64/><G128/><T56/><D116/><U109/><E69/><V25/><F123/><W23/><G75/><T77/><D77/><U38/><E38/><V37/><F72/><W129/><G1/><T48/><D91/><U125/><E125/><V70/><F89/><W67/><G132/><N who="0" m="50763" /><D48/><U99/><N who="1" m="27648" /><DORA hai="126" /><U134/><E134/><V115/><F115/><N who="0" m="44106" /><D56/><U6/><E6/><V41/><F25/><W86/><G58/><T8/><AGARI ba="0,0" hai="8,13,18,28,29,85,88,94" m="44106,50763" machi="8" ten="30,6000,0" yaku="20,1,15,1,54,1" doraHai="59,126" who="0" fromWho="0" sc="233,60,243,-20,247,-20,277,-20" /><INIT seed="4,1,0,4,4,69" ten="293,223,227,257" oya="0" hai0="70,62,65,71,35,41,9,118,91,76,8,26,22" hai1="37,132,45,6,80,17,38,120,110,20,52,74,114" hai2="117,129,18,66,5,113,133,68,87,42,25,34,16" hai3="15,121,134,4,111,106,103,13,107,7,109,122,32"/><T86/><D118/><U108/><E120/><N who="3" m="46186" /><G103/><T43/><D35/><U93/><E6/><N who="3" m="2090" /><G32/><T61/><D76/><U97/><E132/><V123/><F123/><W24/><G24/><T36/><D62/><U72/><E114/><V96/><F42/><W10/><G10/><T12/><D70/><U56/><E72/><V0/><F68/><W130/><G130/><T101/><D101/><U112/><E112/><V60/><F60/><W33/><G33/><T44/><D41/><U21/><E21/><V64/><F129/><W55/><G55/><T3/><D12/><N who="3" m="4681" /><G134/><T131/><D131/><U28/><E28/><V127/><F25/><W46/><G46/><T49/><D3/><U119/><E119/><V116/><F5/><W104/><AGARI ba="1,0" hai="104,106,107,109,111" m="4681,2090,46186" machi="104" ten="40,5200,0" yaku="28,2,13,1" doraHai="69" who="3" fromWho="3" sc="293,-27,223,-14,227,-14,257,55" /><INIT seed="5,0,0,0,3,134" ten="266,209,213,312" oya="1" hai0="25,81,74,23,108,111,66,78,135,57,35,10,131" hai1="44,20,62,43,48,71,64,39,90,41,99,72,17" hai2="59,40,92,15,42,27,29,112,26,28,77,125,116" hai3="96,89,84,76,118,61,119,83,69,75,8,65,102"/><U4/><E72/><V123/><F116/><W132/><G132/><T7/><D135/><U87/><E4/><V56/><F123/><W128/><G128/><T16/><D131/><U55/><E99/><V113/><F77/><W14/><G14/><T120/><D120/><U122/><E122/><V32/><F92/><N who="3" m="54311" /><G8/><T133/><D133/><U6/><E6/><V36/><F15/><W121/><G121/><T68/><D68/><U86/><E90/><V0/><F0/><W91/><G91/><T12/><D35/><U73/><E73/><V105/><F105/><AGARI ba="0,0" hai="61,65,69,75,76,83,96,102,105,118,119" m="54311" machi="105" ten="30,1000,0" yaku="24,1" doraHai="134" who="3" fromWho="2" sc="266,0,209,0,213,-10,312,10" /><INIT seed="6,0,0,3,4,100" ten="266,209,203,322" oya="2" hai0="125,32,11,69,43,93,40,104,120,15,87,135,61" hai1="105,126,76,28,82,45,25,51,21,47,119,17,60" hai2="8,88,20,103,117,86,128,91,18,107,101,31,49" hai3="1,35,63,19,16,4,113,2,23,95,5,85,118"/><V12/><F117/><W55/><G118/><T9/><D120/><U96/><E119/><V13/><F128/><W71/><G71/><T24/><D93/><U65/><E126/><V121/><F121/><W67/><G55/><T30/><D87/><U115/><E115/><V29/><F91/><W36/><G36/><T131/><D11/><U133/><E133/><V132/><F132/><W62/><G95/><T73/><D73/><U38/><E38/><V10/><F49/><W114/><G23/><T116/><D116/><U0/><E0/><V72/><F72/><W39/><G85/><T33/><D33/><U109/><E109/><V14/><F14/><W37/><G67/><T44/><D135/><U6/><E6/><N who="2" m="3095" /><F107/><W123/><G35/><T111/><D111/><U66/><E66/><V79/><F79/><W134/><G134/><T58/><D104/><U108/><E108/><V7/><F7/><W42/><G42/><T98/><D43/><U3/><E3/><V124/><F124/><W78/><G78/><T64/><D125/><U50/><E50/><V83/><F31/><W59/><G59/><T27/><D58/><N who="1" m="37015" /><E28/><V48/><F48/><W99/><G123/><T110/><D110/><U97/><E105/><V53/><F53/><W102/><G102/><T46/><D131/><U77/><E47/><N who="0" m="17961" /><D40/><N who="1" m="24999" /><E77/><V81/><F81/><W80/><G80/><T34/><D34/><U26/><E26/><AGARI ba="0,0" hai="10,13,18,20,26,29,83,86,88,101,103" m="3095" machi="26" ten="30,2900,0" yaku="8,1,54,1" doraHai="100" who="2" fromWho="1" sc="266,0,209,-29,203,29,322,0" /><INIT seed="6,1,0,1,1,76" ten="266,180,232,322" oya="2" hai0="45,87,64,78,68,92,43,122,90,56,59,104,28" hai1="20,11,29,10,66,62,109,103,79,39,133,1,134" hai2="57,110,25,67,47,77,112,9,12,30,35,72,26" hai3="42,108,116,124,127,121,96,115,113,128,37,99,61"/><V111/><F112/><N who="3" m="43083" /><G108/><N who="2" m="41513" /><F26/><W2/><G121/><T75/><D122/><U100/><E109/><V48/><F67/><W15/><G116/><T97/><D28/><U132/><E39/><V52/><F72/><W135/><G135/><T33/><D33/><U23/><E79/><V102/><F77/><W130/><G15/><T129/><D129/><N who="3" m="49769" /><G2/><T58/><D68/><U101/><E29/><V84/><F102/><W63/><G99/><T0/><D0/><U5/><REACH who="1" step="1"/><E11/><REACH who="1" ten="266,170,232,322" step="2"/><V86/><F47/><W32/><G127/><T50/><D75/><U95/><E95/><V82/><F82/><W3/><G124/><T40/><D92/><U46/><E46/><V6/><AGARI ba="1,1" hai="6,9,12,25,30,35,48,52,57,84,86" m="41513" machi="6" ten="30,3000,0" yaku="10,1,54,1" doraHai="76" who="2" fromWho="2" sc="266,-11,170,-11,232,43,322,-11" /><INIT seed="6,2,0,3,4,105" ten="255,159,275,311" oya="2" hai0="135,22,48,132,116,109,43,59,16,35,125,108,80" hai1="61,70,120,93,2,110,113,127,47,107,32,97,49" hai2="28,8,36,40,115,65,18,118,31,66,67,12,98" hai3="103,11,75,94,34,30,10,21,55,106,114,128,46"/><V126/><F118/><W69/><G69/><T50/><D35/><U117/><RYUUKYOKU type="yao9" ba="2,0" sc="255,0,159,0,275,0,311,0" hai1="2,32,47,49,61,70,93,97,107,110,113,117,120,127" /><INIT seed="6,3,0,1,4,85" ten="255,159,275,311" oya="2" hai0="70,104,37,93,8,119,125,100,62,127,84,16,73" hai1="58,64,54,14,59,81,98,95,24,121,7,133,134" hai2="11,42,113,69,99,111,118,46,124,71,107,65,89" hai3="131,31,63,45,103,26,60,78,1,56,36,15,48"/><V20/><F118/><W114/><G1/><T74/><D37/><U116/><E116/><V33/><F113/><W12/><G114/><T67/><D119/><U120/><E64/><V123/><F123/><N who="1" m="47177" /><E24/><V128/><F33/><W35/><G131/><T55/><D55/><U22/><E81/><V102/><F128/><W115/><G115/><T13/><D104/><U117/><E117/><V39/><F65/><W82/><G103/><T132/><D132/><N who="1" m="50795" /><E7/><V53/><F71/><W79/><G79/><T101/><D74/><U94/><E94/><V106/><F69/><W30/><G30/><T28/><D28/><U92/><E92/><V61/><F107/><W66/><G82/><T122/><D73/><U17/><E54/><V3/><F53/><W112/><G66/><T57/><D70/><U130/><E130/><V38/><F106/><W18/><G26/><T50/><D122/><U90/><AGARI ba="3,0" hai="14,17,22,58,59,90,95,98" m="50795,47177" machi="90" ten="30,4000,0" yaku="13,1,20,1,52,1" doraHai="85" who="1" fromWho="1" sc="255,-13,159,49,275,-23,311,-13" /><INIT seed="7,0,0,1,4,57" ten="242,208,252,298" oya="3" hai0="44,85,15,47,72,71,91,82,10,80,126,109,34" hai1="81,89,92,53,75,120,117,107,26,101,110,18,127" hai2="77,73,131,52,27,14,56,103,106,24,94,37,99" hai3="63,55,58,74,54,25,90,128,88,134,104,68,48"/><W130/><G134/><T19/><D109/><U0/><E120/><V35/><F37/><W36/><G104/><T29/><D126/><U123/><E123/><V20/><F131/><N who="3" m="50219" /><G36/><T84/><D72/><U98/><E0/><V61/><F35/><W12/><G74/><T2/><D71/><U129/><E127/><V60/><F94/><W13/><G25/><T83/><D2/><U8/><E129/><V9/><F20/><W46/><G68/><T51/><D34/><U59/><E110/><V112/><F112/><W64/><G55/><T1/><D29/><U124/><E124/><V86/><F73/><W50/><G48/><T119/><D1/><U23/><E117/><V5/><REACH who="2" step="1"/><F61/><REACH who="2" ten="242,208,242,298" step="2"/><W65/><G65/><T31/><D119/><U38/><E38/><V17/><F17/><W16/><G13/><T40/><D31/><U70/><E70/><V97/><F97/><W116/><G116/><T122/><D122/><U102/><E8/><AGARI ba="0,1" hai="8,12,16,46,50,54,58,63,64,88,90" m="50219" machi="8" ten="30,11600,0" yaku="19,1,52,1,54,2" doraHai="57" who="3" fromWho="1" sc="242,0,208,-116,242,0,298,126" owari="242,4.0,92,-41.0,242,-16.0,424,53.0" /></mjloggm>