<mjloggm ver="2.3"><GO type="169" lobby="0"/><UN n0="%6B%6B%6B%31%34%31%32%71" n1="%E3%81%AA%E3%81%8F%E3%81%AB%E3%82%83%E3%82%93" n2="%E6%84%9B%E5%AE%95%E6%B4%8B%E6%A6%8E%E3%81%AE%E5%BC%9F%E5%AD%90" n3="%E3%82%A6%E3%83%AB%E3%83%88%E3%83%A9%E7%AB%8B%E7%9B%B4" dan="16,16,16,16" rate="2151.71,2084.28,2068.51,2169.66" sx="M,M,M,M"/><TAIKYOKU oya="0"/><INIT seed="0,0,0,4,3,59" ten="250,250,250,250" oya="0" hai0="49,119,22,38,64,102,7,55,72,44,103,91,99" hai1="95,52,111,26,85,101,2,6,56,78,23,27,33" hai2="89,14,92,19,45,71,82,115,129,74,3,97,132" hai3="90,108,131,109,42,77,124,66,118,46,10,31,20"/><T122/><D122/><U67/><E67/><V0/><F115/><W11/><G118/><T28/><D119/><U30/><E111/><N who="3" m="42570" /><G131/><T16/><D7/><U120/><E120/><V34/><F129/><W113/><G124/><T117/><D117/><U80/><E6/><V105/><F132/><W69/><G77/><T18/><D38/><U116/><E2/><V41/><F34/><W121/><G113/><T100/><D72/><U17/><E116/><V37/><F71/><W114/><G114/><T35/><D35/><U50/><REACH who="1" step="1"/><E95/><REACH who="1" ten="250,240,250,250" step="2"/><V126/><F105/><W81/><G66/><T134/><D134/><U112/><E112/><V9/><F126/><W25/><G121/><T94/><REACH who="0" step="1"/><D64/><REACH who="0" ten="240,240,250,250" step="2"/><U53/><E53/><V8/><F0/><W43/><G43/><T135/><D135/><U128/><E128/><V39/><F3/><W32/><G42/><T15/><D15/><U130/><E130/><V86/><F41/><W57/><G32/><T79/><D79/><U1/><E1/><V107/><F39/><W47/><G25/><AGARI ba="0,2" hai="16,18,22,25,28,44,49,55,91,94,99,100,102,103" machi="25" ten="40,18000,2" yaku="1,1,8,1,54,1,53,3" doraHai="59" doraHaiUra="98" who="0" fromWho="3" sc="240,200,240,0,250,0,250,-180" /><INIT seed="0,1,0,1,5,59" ten="440,240,250,70" oya="0" hai0="1,30,84,58,38,24,82,51,35,81,95,89,0" hai1="90,116,8,57,132,86,27,76,85,2,66,44,72" hai2="62,53,41,36,69,111,14,110,128,25,67,13,32" hai3="124,105,77,104,87,29,117,45,73,31,61,122,56"/><T54/><REACH who="0" step="1"/><D38/><REACH who="0" ten="430,240,250,70" step="2"/><U97/><E116/><V49/><F36/><W33/><G117/><T48/><D48/><U106/><E132/><V96/><F49/><W99/><G122/><T9/><D9/><U74/><E8/><V21/><F111/><W83/><G124/><T68/><D68/><U108/><E108/><V5/><F69/><W113/><G113/><T12/><D12/><U3/><E3/><AGARI ba="1,1" hai="0,1,3,24,30,35,51,54,58,81,82,84,89,95" machi="3" ten="40,3900,0" yaku="21,2,53,0" doraHai="59" doraHaiUra="60" who="0" fromWho="1" sc="430,52,240,-42,250,0,70,0" /><INIT seed="0,2,0,0,2,130" ten="482,198,250,70" oya="0" hai0="0,60,127,103,61,86,47,87,26,11,122,22,126" hai1="10,43,38,52,132,64,107,125,124,46,42,100,129" hai2="45,50,120,101,33,96,41,44,71,115,98,102,66" hai3="31,131,88,56,19,82,91,104,2,80,76,79,111"/><T28/><D122/><U89/><E129/><V74/><F120/><W81/><G131/><T29/><D103/><U53/><E64/><V112/><F74/><W106/><G31/><T16/><D47/><U118/><E118/><V105/><F33/><W6/><G19/><T117/><D117/><U55/><E43/><V133/><F133/><W65/><G56/><T110/><D110/><U1/><E1/><V18/><F71/><W67/><G6/><T77/><D0/><U17/><E89/><N who="3" m="34378" /><G2/><T20/><D11/><U39/><E39/><V116/><F66/><N who="3" m="25099" /><G111/><T40/><D40/><U34/><E34/><V73/><F73/><W4/><G4/><T30/><D22/><U114/><E114/><V70/><F70/><W93/><G93/><T57/><D77/><AGARI ba="2,0" hai="76,77,79,80,81,82,104,106" m="25099,34378" machi="77" ten="30,3900,0" yaku="28,2,54,1" doraHai="130" who="3" fromWho="0" sc="482,-45,198,0,250,0,70,45" /><INIT seed="1,0,0,0,2,123" ten="437,198,250,115" oya="1" hai0="93,80,34,17,94,72,61,3,27,116,104,103,78" hai1="113,29,20,96,125,6,47,28,112,19,13,102,79" hai2="54,48,129,43,7,44,57,56,42,131,89,51,39" hai3="88,126,83,134,50,46,38,4,107,55,31,45,87"/><U23/><E125/><V111/><F7/><W86/><G126/><T110/><D116/><U114/><E79/><V62/><F89/><W11/><G134/><T70/><D3/><U98/><E47/><N who="2" m="24031" /><F111/><W68/><G68/><T25/><D25/><U65/><E65/><AGARI ba="0,0" hai="43,44,48,51,54,56,57,62,65,129,131" m="24031" machi="65" ten="30,2000,0" yaku="34,2" doraHai="123" who="2" fromWho="1" sc="437,0,198,-20,250,20,115,0" /><INIT seed="2,0,0,3,5,57" ten="437,178,270,115" oya="2" hai0="52,1,128,126,21,25,110,71,66,111,76,51,61" hai1="32,58,54,11,5,15,38,124,10,103,65,97,130" hai2="24,95,115,92,69,45,105,8,75,47,129,132,106" hai3="108,53,35,96,39,16,33,134,114,64,88,125,118"/><V104/><F115/><W78/><G118/><T60/><D1/><U9/><E124/><V107/><N who="2" m="26624" /><DORA hai="73" /><V55/><F129/><W59/><G39/><T34/><D34/><U36/><E130/><V6/><F132/><W44/><G44/><T121/><D121/><U98/><E32/><V80/><F69/><W56/><G125/><T91/><D128/><U29/><E29/><V83/><F24/><W135/><G114/><T18/><D126/><U68/><E68/><V72/><F8/><W62/><G78/><T123/><D123/><U13/><E65/><V20/><F20/><W17/><G108/><T14/><D91/><U119/><E119/><V120/><F6/><W82/><G35/><T26/><D76/><U48/><E11/><V116/><F116/><W94/><G82/><N who="2" m="31273" /><F55/><W89/><G89/><T117/><D117/><U122/><E122/><V43/><F43/><W23/><G33/><T42/><D42/><U67/><E67/><V79/><F79/><W87/><G87/><T31/><D31/><U7/><REACH who="1" step="1"/><E103/><REACH who="1" ten="437,168,270,115" step="2"/><V101/><F101/><W12/><REACH who="3" step="1"/><G17/><REACH who="3" ten="437,168,270,105" step="2"/><T93/><D110/><U113/><E113/><V133/><F120/><W86/><G86/><T63/><D111/><U70/><E70/><V27/><F75/><W2/><G2/><T109/><D71/><U49/><E49/><AGARI ba="0,2" hai="12,16,23,49,53,56,59,62,64,88,94,96,134,135" machi="49" ten="40,8000,1" yaku="1,1,52,1,54,2,53,0" doraHai="57,73" doraHaiUra="77,22" who="3" fromWho="1" sc="437,0,168,-80,270,0,105,100" /><INIT seed="3,0,0,4,1,29" ten="437,88,270,205" oya="3" hai0="36,79,117,10,31,15,120,66,47,23,116,74,46" hai1="17,42,58,92,96,113,109,19,115,49,105,63,101" hai2="21,69,55,59,102,34,83,62,106,122,38,56,97" hai3="68,119,4,108,50,2,85,65,135,53,127,57,1"/><W124/><G119/><T12/><D120/><U80/><E109/><V6/><F122/><W87/><G108/><T48/><D74/><U107/><E80/><V44/><F69/><W118/><G118/><T37/><D79/><U30/><E42/><V35/><F6/><W134/><G65/><T73/><D73/><U9/><E49/><V81/><F21/><W86/><G68/><T112/><D112/><U133/><E133/><N who="3" m="50698" /><G4/><T45/><D66/><U89/><E30/><V7/><F7/><W43/><G43/><T104/><D104/><U99/><E9/><V132/><F132/><W16/><G16/><T90/><D90/><U72/><E72/><V93/><F38/><W125/><AGARI ba="0,0" hai="1,2,50,53,57,85,86,87,124,125,127" m="50698" machi="125" ten="40,3900,0" yaku="18,1,20,1" doraHai="29" who="3" fromWho="3" sc="437,-13,88,-13,270,-13,205,39" /><INIT seed="3,1,0,2,2,89" ten="424,75,257,244" oya="3" hai0="78,127,8,74,15,67,71,58,60,2,72,124,44" hai1="121,102,106,14,7,55,86,118,75,83,31,112,4" hai2="133,66,29,110,120,52,26,96,123,33,16,5,97" hai3="9,116,49,0,12,81,87,70,80,53,18,88,105"/><W50/><G116/><T41/><D2/><U59/><E118/><V90/><F110/><W113/><G113/><T103/><D103/><U69/><E112/><V6/><F133/><W94/><G70/><T45/><D71/><U76/><E69/><V17/><F66/><W104/><G0/><T36/><D45/><U95/><E121/><N who="2" m="46667" /><F52/><W13/><G50/><T30/><D30/><U108/><E108/><V64/><F64/><W28/><G28/><T62/><D62/><U132/><E132/><V117/><F117/><W23/><G105/><T27/><D27/><U63/><E31/><V84/><F97/><W11/><G104/><T93/><D93/><U1/><E1/><V129/><F96/><W115/><G115/><T35/><D35/><U114/><E114/><V135/><F129/><W122/><G122/><T100/><D100/><U24/><E24/><V109/><F109/><W3/><G3/><T54/><D67/><U65/><E65/><V126/><F126/><N who="0" m="48170" /><D78/><U73/><E73/><V25/><F135/><W134/><G134/><T51/><D36/><U19/><E106/><V99/><F99/><W57/><G9/><T48/><D48/><U61/><E61/><V107/><F107/><W82/><G82/><T20/><D20/><U91/><E102/><V101/><F101/><W131/><G131/><T46/><D46/><U37/><E37/><V34/><F34/><W32/><G32/><T125/><N who="0" m="48178" /><T68/><DORA hai="38" /><D68/><U42/><REACH who="1" step="1"/><E42/><REACH who="1" ten="424,65,257,244" step="2"/><V111/><F111/><W119/><G119/><T77/><D77/><U22/><AGARI ba="1,1" hai="4,7,14,19,22,55,59,63,75,76,83,86,91,95" machi="22" ten="20,8000,1" yaku="1,1,2,1,0,1,7,1,52,1,53,0" doraHai="89,38" doraHaiUra="128,130" who="1" fromWho="1" sc="424,-21,65,93,257,-21,244,-41" /><INIT seed="4,0,0,5,3,5" ten="403,158,236,203" oya="0" hai0="96,52,130,134,3,46,86,15,55,27,7,57,2" hai1="40,97,88,71,43,110,63,35,85,49,105,122,72" hai2="109,21,116,42,84,108,33,83,107,51,82,34,8" hai3="62,65,11,81,75,92,69,70,98,120,61,93,48"/><T24/><D130/><U17/><E122/><V32/><F116/><W66/><G120/><T58/><D134/><U100/><E72/><V4/><F107/><W64/><G64/><T37/><D37/><U68/><E110/><V0/><F21/><W6/><G48/><N who="0" m="28695" /><D3/><U112/><E112/><V131/><F131/><W89/><G93/><T133/><D133/><U94/><E35/><V59/><F83/><W45/><G45/><T28/><D2/><U117/><E117/><V73/><F73/><W124/><G124/><T114/><D114/><U18/><E49/><V19/><F19/><W50/><G50/><N who="0" m="30967" /><D28/><U123/><E123/><V12/><F0/><W22/><G22/><T54/><D96/><U16/><REACH who="1" step="1"/><E63/><REACH who="1" ten="403,148,236,203" step="2"/><V30/><F109/><W111/><G111/><T99/><D99/><U23/><E23/><V113/><F108/><W126/><G126/><T101/><D101/><U39/><E39/><V44/><F113/><W90/><G75/><T74/><D74/><U26/><E26/><V80/><F34/><W104/><G62/><N who="0" m="36183" /><D86/><U119/><E119/><V38/><F84/><W60/><G60/><T56/><D56/><U118/><E118/><V1/><F33/><W13/><G61/><T77/><D77/><U10/><E10/><AGARI ba="0,1" hai="7,10,15,24,27" m="36183,30967,28695" machi="10" ten="30,5800,0" yaku="8,1,52,1,54,1" doraHai="5" who="0" fromWho="1" sc="403,68,148,-58,236,0,203,0" /><INIT seed="4,1,0,5,1,58" ten="471,90,236,203" oya="0" hai0="51,22,41,132,95,6,111,62,59,16,46,80,70" hai1="30,69,68,64,84,34,75,101,123,88,14,5,131" hai2="29,115,133,90,3,10,1,124,103,76,31,15,119" hai3="24,26,37,0,78,33,61,55,114,27,60,79,18"/><T127/><D70/><U121/><E75/><V89/><F115/><W122/><G33/><T42/><D132/><U20/><E101/><V102/><F133/><W83/><G37/><T128/><D128/><U65/><E131/><V86/><F124/><W40/><G0/><T125/><D111/><U77/><E77/><N who="3" m="29194" /><G114/><T126/><D6/><U43/><E43/><V28/><F76/><W21/><G122/><T135/><D135/><U99/><E99/><V129/><F129/><W32/><G32/><T7/><D7/><U12/><E34/><V120/><F120/><W97/><G40/><N who="0" m="25031" /><D80/><U35/><E35/><V107/><F119/><W116/><G116/><T92/><D92/><U48/><E48/><V2/><F107/><W93/><G83/><T17/><D95/><U49/><E49/><V134/><F134/><W38/><G38/><T25/><D17/><U52/><E5/><V110/><F110/><W23/><G55/><AGARI ba="1,0" hai="16,22,25,41,42,55,59,62,125,126,127" m="25031" machi="55" ten="30,5800,0" yaku="18,1,52,1,54,1" doraHai="58" who="0" fromWho="3" sc="471,61,90,0,236,0,203,-61" /><INIT seed="4,2,0,5,5,8" ten="532,90,236,142" oya="0" hai0="134,16,72,128,97,112,6,49,3,107,50,98,56" hai1="55,106,14,2,31,100,91,20,95,121,36,122,15" hai2="114,13,93,18,60,103,118,51,42,108,92,119,47" hai3="65,37,1,10,94,83,25,129,69,87,74,40,63"/><T130/><D72/><U23/><E36/><V125/><F108/><W96/><G129/><N who="0" m="49771" /><D112/><U101/><E2/><V116/><F114/><W38/><G74/><T99/><D134/><U70/><E70/><V5/><F125/><W54/><G40/><T120/><D120/><U84/><E106/><V61/><F5/><W29/><G54/><N who="0" m="31823" /><D107/><U27/><E121/><V78/><F78/><W41/><G41/><T113/><D113/><U45/><E122/><V30/><F30/><W77/><G1/><T12/><D50/><N who="1" m="29135" /><E23/><V26/><F26/><W68/><G68/><T80/><D80/><U135/><E135/><V62/><F103/><AGARI ba="2,0" hai="14,15,20,27,31,84,91,95,100,101,103" m="29135" machi="103" ten="30,3900,0" yaku="8,1,52,2" doraHai="8" who="1" fromWho="2" sc="532,0,90,45,236,-45,142,0" /><INIT seed="5,0,0,4,0,106" ten="532,135,191,142" oya="1" hai0="67,120,21,83,59,87,45,124,10,118,38,128,89" hai1="100,28,79,94,5,86,41,0,116,115,35,90,98" hai2="73,55,131,50,15,92,133,12,34,32,52,57,49" hai3="36,95,135,134,105,48,122,13,71,27,69,40,104"/><U14/><E116/><V46/><F131/><W44/><G122/><T74/><D120/><U56/><E115/><V72/><F92/><W127/><G127/><T65/><D118/><U7/><E0/><V63/><F63/><W4/><G48/><T123/><D124/><U132/><E132/><N who="3" m="50730" /><G27/><T47/><D123/><U66/><E41/><V64/><F133/><W51/><G51/><T61/><D74/><U54/><E66/><V78/><F64/><W84/><G4/><T101/><D128/><U37/><E37/><V88/><F88/><N who="3" m="53639" /><G13/><T102/><D38/><U77/><E35/><V11/><F78/><N who="1" m="29705" /><E28/><V53/><F53/><W42/><G42/><T85/><D65/><U20/><E14/><V19/><F34/><W80/><G80/><N who="0" m="49319" /><D10/><U6/><E20/><V30/><REACH who="2" step="1"/><F15/><REACH who="2" ten="532,135,181,142" step="2"/><W108/><G108/><T31/><D101/><U62/><E100/><V109/><F109/><W119/><G119/><T68/><D102/><U2/><E2/><V17/><F17/><W33/><G33/><T91/><D68/><AGARI ba="0,1" hai="36,40,44,68,69,71,104,105" m="53639,50730" machi="68" ten="30,2000,0" yaku="20,1,54,1" doraHai="106" who="3" fromWho="0" sc="532,-20,135,0,181,0,142,30" /><INIT seed="6,0,0,2,3,3" ten="512,135,181,172" oya="2" hai0="56,96,90,104,54,117,124,121,78,113,28,67,33" hai1="0,32,81,16,7,13,14,132,62,80,100,43,34" hai2="53,50,118,45,26,128,23,99,30,36,6,95,4" hai3="65,93,27,77,97,2,88,102,134,8,9,107,11"/><V103/><F128/><W40/><G134/><T64/><D121/><U38/><E132/><V84/><F118/><W111/><G111/><T70/><D117/><U57/><E0/><V22/><F36/><W73/><G65/><T19/><D70/><U20/><E43/><V31/><F84/><N who="3" m="52359" /><G27/><AGARI ba="0,0" hai="4,6,22,23,26,27,30,31,45,50,53,95,99,103" machi="27" ten="40,12000,1" yaku="9,1,8,1,52,2" doraHai="3" who="2" fromWho="3" sc="512,0,135,0,181,120,172,-120" /><INIT seed="6,1,0,4,2,88" ten="512,135,301,52" oya="2" hai0="111,18,85,24,107,114,14,78,61,106,23,56,110" hai1="39,54,134,75,103,2,105,104,89,116,19,120,22" hai2="124,40,33,20,26,121,21,32,108,11,119,90,86" hai3="95,17,122,51,131,129,91,69,63,10,73,118,77"/><V52/><F119/><W34/><G34/><T42/><D114/><U81/><E116/><V82/><F121/><W30/><G30/><T43/><D110/><U36/><E120/><V59/><F108/><W125/><G118/><T5/><D111/><U98/><E2/><V25/><F124/><W4/><G122/><T94/><D107/><U99/><E134/><V37/><F11/><W83/><G125/><T15/><D106/><U13/><E54/><V28/><F37/><W55/><G17/><T117/><D117/><U64/><E64/><V50/><REACH who="2" step="1"/><F40/><REACH who="2" ten="512,135,291,52" step="2"/><N who="0" m="15402" /><D5/><U92/><E39/><V7/><F7/><W58/><G10/><T97/><D78/><U27/><E36/><V47/><F47/><W126/><G4/><T53/><D85/><U48/><E75/><V74/><F74/><W72/><G72/><T102/><AGARI ba="1,1" hai="14,15,18,23,24,53,56,61,94,97,102" m="15402" machi="102" ten="30,2000,0" yaku="8,1,52,1" doraHai="88" who="0" fromWho="0" sc="512,33,135,-6,291,-11,52,-6" /><INIT seed="7,0,0,1,3,102" ten="545,129,280,46" oya="3" hai0="40,37,17,39,78,27,0,41,25,38,47,33,72" hai1="86,5,54,50,87,104,48,75,59,111,118,124,62" hai2="42,44,56,58,36,28,19,117,109,122,73,81,76" hai3="3,64,45,101,85,96,68,106,61,69,116,23,74"/><W46/><G116/><T14/><D0/><U13/><E124/><V112/><F109/><W51/><G74/><T10/><D33/><U34/><E104/><V66/><F117/><W88/><G3/><T30/><D30/><U99/><E34/><V135/><F28/><W43/><G46/><T127/><D127/><U49/><E75/><V6/><F6/><W57/><REACH who="3" step="1"/><G23/><REACH who="3" ten="545,129,280,36" step="2"/><T70/><D70/><U94/><E118/><V84/><F44/><W107/><G107/><T77/><D47/><U134/><E111/><V95/><F73/><W80/><AGARI ba="0,1" hai="43,45,51,57,61,64,68,69,80,85,88,96,101,106" machi="80" ten="20,12000,1" yaku="1,1,0,1,7,1,52,1,54,1,53,0" doraHai="102" doraHaiUra="32" who="3" fromWho="3" sc="545,-40,129,-40,280,-40,36,130" /><INIT seed="7,1,0,5,1,123" ten="505,89,240,166" oya="3" hai0="130,82,31,62,135,66,106,78,51,122,24,22,129" hai1="120,34,94,115,8,63,57,119,113,26,40,104,47" hai2="134,49,73,97,54,67,28,117,96,95,77,10,121" hai3="53,56,7,75,100,32,128,133,33,92,116,35,58"/><W79/><G116/><T4/><D122/><U84/><E120/><V89/><F121/><W85/><G75/><T19/><D106/><U45/><E119/><V131/><F117/><W69/><G69/><T39/><D39/><U93/><E104/><V83/><F131/><N who="0" m="50186" /><D135/><U60/><E34/><V86/><F134/><W6/><G128/><T103/><D103/><U114/><E26/><V14/><F67/><W107/><G58/><N who="0" m="37207" /><D4/><N who="3" m="1577" /><G85/><N who="0" m="48343" /><D51/><U105/><E105/><V68/><F28/><AGARI ba="1,0" hai="19,22,24,28,31" m="48343,37207,50186" machi="28" ten="30,1000,0" yaku="19,1" doraHai="123" who="0" fromWho="2" sc="505,13,89,0,240,-13,166,0" owari="518,61.0,89,-41.0,227,3.0,166,-23.0" /></mjloggm>