<mjloggm ver="2.3"><GO type="169" lobby="0"/><UN n0="%E3%83%88%E3%83%88%E3%83%AA%E5%85%88%E7%94%9F%31%39%E6%AD%B3" n1="%E3%81%BC%E3%82%89" n2="%E4%BB%B2%E5%B7%9D%E7%BF%94" n3="%65%69%6B%31" dan="19,16,16,18" rate="2304.06,2078.17,2184.12,2170.03" sx="F,M,M,M"/><TAIKYOKU oya="0"/><INIT seed="0,0,0,5,3,130" ten="250,250,250,250" oya="0" hai0="51,99,135,24,1,50,118,57,36,45,93,128,96" hai1="129,101,100,12,65,38,119,16,81,48,90,2,32" hai2="102,86,29,75,114,69,97,35,31,54,72,19,34" hai3="85,17,106,89,41,132,53,115,76,33,11,39,113"/><T67/><D118/><U15/><E129/><V105/><F114/><W60/><G106/><T64/><D1/><U3/><E38/><V20/><F69/><W37/><G33/><T6/><D6/><U22/><E32/><V4/><F4/><W116/><G116/><T104/><D36/><U26/><E65/><V74/><F34/><W8/><G76/><T78/><D104/><U112/><E112/><V123/><F123/><W18/><G60/><T120/><D120/><U108/><E108/><V83/><F54/><W27/><G53/><N who="0" m="31935" /><D78/><U49/><E2/><V58/><F58/><W13/><G39/><T46/><D99/><U71/><E12/><V87/><F35/><W124/><G124/><T73/><D73/><U28/><E71/><V107/><F107/><W117/><G117/><T109/><D109/><U121/><E3/><V9/><F9/><W103/><G8/><T111/><D128/><U43/><E43/><V66/><F66/><N who="0" m="25130" /><D50/><N who="1" m="19563" /><E119/><V62/><F62/><W110/><G110/><T91/><D111/><U42/><E42/><V55/><F55/><W95/><G115/><T94/><D24/><U7/><E7/><V21/><F87/><W10/><G113/><T68/><D68/><U61/><E61/><V63/><F63/><W56/><G27/><T82/><D45/><U0/><E0/><V79/><F21/><W134/><G56/><T92/><D46/><U84/><E121/><V131/><F131/><W126/><G41/><T59/><D59/><U98/><E26/><V30/><F20/><W14/><G37/><T44/><D44/><U70/><E70/><RYUUKYOKU ba="0,0" sc="250,-10,250,-10,250,30,250,-10" hai2="19,29,30,31,72,74,75,79,83,86,97,102,105" /><INIT seed="1,1,0,5,5,109" ten="240,240,280,240" oya="1" hai0="41,54,35,122,124,65,108,49,103,26,29,84,95" hai1="56,23,45,7,85,98,66,133,93,94,120,123,55" hai2="118,116,79,113,117,37,61,38,67,76,73,51,28" hai3="13,53,57,46,40,48,125,114,91,3,87,4,68"/><U64/><E133/><V20/><F73/><W11/><G125/><T119/><D119/><U107/><E107/><V44/><F28/><W25/><G68/><T60/><D108/><U69/><E69/><V0/><F0/><W77/><G25/><T22/><D124/><U5/><E45/><V21/><F21/><W82/><G114/><T112/><D122/><U16/><E85/><V34/><F20/><W135/><G135/><T32/><D41/><U14/><E123/><V2/><F2/><W132/><G132/><T128/><D128/><U121/><E121/><V8/><F8/><W104/><G104/><T102/><D112/><U24/><E94/><V106/><F34/><W31/><G31/><T92/><D92/><U71/><E71/><N who="2" m="42479" /><F79/><W83/><G3/><T90/><D35/><U99/><E99/><V62/><F76/><W19/><G19/><T27/><D27/><U39/><E39/><N who="2" m="14859" /><F62/><N who="3" m="36143" /><G77/><T1/><D1/><U101/><E120/><V52/><F106/><W110/><G110/><T86/><D86/><U42/><E5/><V96/><F96/><W70/><G70/><T126/><D32/><U72/><E7/><V127/><F127/><W134/><G134/><T18/><D29/><U111/><E72/><V10/><F10/><W36/><G36/><T130/><D126/><U17/><E111/><V88/><F88/><W75/><G75/><T6/><D6/><U129/><E24/><V74/><F74/><W30/><G30/><T81/><D26/><U50/><E17/><V78/><F113/><W15/><G15/><T12/><D12/><U47/><E14/><RYUUKYOKU ba="1,0" sc="240,-15,240,-15,280,15,240,15" hai2="44,51,52,78,116,117,118" hai3="4,11,13,40,46,48,82,83,87,91" /><INIT seed="2,2,0,3,0,51" ten="225,225,295,255" oya="2" hai0="70,48,78,0,35,33,110,126,95,82,8,122,31" hai1="85,98,15,29,128,129,5,86,47,104,19,63,112" hai2="62,133,24,68,101,114,66,77,75,115,41,3,59" hai3="107,22,4,105,30,1,54,38,49,37,11,10,7"/><V18/><F3/><W87/><G87/><T12/><D122/><U60/><E112/><V6/><F6/><W130/><G130/><N who="1" m="50282" /><E5/><V88/><F133/><W99/><G30/><T90/><D0/><U132/><E29/><V127/><F127/><W67/><G67/><T57/><D70/><U32/><E32/><V72/><F101/><W108/><G108/><T124/><D110/><U45/><E63/><V52/><F41/><W91/><G22/><T64/><D31/><U2/><E2/><V69/><F69/><W56/><G91/><T20/><D20/><U84/><E60/><V14/><F24/><W73/><G73/><N who="0" m="43343" /><D12/><U39/><E39/><V34/><F34/><W102/><REACH who="3" step="1"/><G107/><REACH who="3" ten="225,225,295,245" step="2"/><T113/><D64/><U134/><E134/><V103/><F75/><W55/><G55/><N who="0" m="31975" /><D33/><U44/><E132/><V131/><F131/><W97/><G97/><T50/><D35/><U71/><E98/><V106/><F88/><W121/><G121/><T111/><D111/><U58/><E104/><V81/><F106/><W25/><G25/><T74/><D74/><U125/><E125/><V53/><F53/><W135/><G135/><T100/><D126/><U117/><E117/><V43/><F43/><W16/><G16/><T27/><D124/><U116/><E116/><V40/><F40/><W65/><G65/><T92/><D27/><U61/><E19/><V118/><F118/><W23/><G23/><T123/><D90/><U17/><E17/><V26/><F26/><W28/><G28/><T96/><D96/><U83/><E85/><N who="2" m="48303" /><F66/><W9/><G9/><T36/><D8/><RYUUKYOKU ba="2,1" sc="225,-10,225,-10,295,-10,245,30" hai3="1,4,7,10,11,37,38,49,54,56,99,102,105" /><INIT seed="3,3,1,5,5,22" ten="215,215,285,275" oya="3" hai0="103,128,17,101,24,99,107,72,63,121,94,32,52" hai1="108,3,50,49,93,118,123,13,0,116,70,90,129" hai2="36,104,106,133,73,34,110,112,76,26,2,11,43" hai3="97,98,60,55,132,67,30,134,71,135,47,125,58"/><W28/><G125/><T25/><D121/><U16/><E123/><V122/><F110/><W95/><G47/><T48/><D72/><U35/><E35/><V38/><F133/><W65/><G98/><T113/><D128/><U1/><E70/><V114/><F122/><W66/><REACH who="3" step="1"/><G71/><REACH who="3" ten="215,215,285,265" step="2"/><T81/><D113/><U4/><E129/><V115/><F115/><W131/><G131/><T19/><D107/><U44/><E44/><V53/><F112/><W27/><G27/><N who="0" m="10315" /><D32/><U57/><E108/><V100/><F26/><W45/><G45/><N who="0" m="27663" /><D103/><AGARI ba="3,2" hai="28,30,55,58,60,65,66,67,95,97,103,132,134,135" machi="103" ten="50,4800,0" yaku="1,1,20,1,53,0" doraHai="22" doraHaiUra="31" who="3" fromWho="0" sc="215,-57,215,0,285,0,265,77" /><INIT seed="3,4,0,3,5,127" ten="158,215,285,342" oya="3" hai0="42,14,11,21,49,32,18,74,37,8,76,59,126" hai1="113,43,68,117,79,60,103,119,131,5,108,58,98" hai2="36,2,51,61,15,25,88,52,99,114,134,128,86" hai3="6,92,46,29,63,89,96,33,47,121,4,87,64"/><W132/><G121/><T27/><D126/><U41/><E108/><V80/><F2/><W104/><G132/><T90/><D37/><U9/><E68/><V12/><F134/><W129/><G129/><T20/><D32/><U62/><E131/><V65/><F36/><W54/><G33/><T7/><D74/><U57/><E79/><V23/><F114/><W39/><G29/><T40/><D76/><U48/><E48/><V19/><F99/><W130/><G130/><T110/><D110/><U91/><E91/><V81/><F81/><W109/><G109/><T94/><D11/><U102/><E98/><V123/><F123/><W82/><G104/><T0/><D49/><U111/><E111/><V112/><F112/><W28/><G28/><T116/><D116/><U50/><E50/><V83/><F83/><W106/><G106/><T44/><D44/><N who="3" m="16937" /><G64/><T69/><D69/><U72/><E113/><V38/><F38/><W78/><G39/><T135/><D135/><U71/><E72/><V70/><REACH who="2" step="1"/><F128/><REACH who="2" ten="158,215,275,342" step="2"/><W34/><G82/><T66/><D0/><U22/><E119/><V95/><F95/><W3/><G92/><T17/><D94/><U115/><E115/><V16/><F16/><W75/><G3/><N who="0" m="127" /><D90/><U107/><E107/><V24/><F24/><W26/><G96/><T125/><D125/><U97/><E97/><V35/><F35/><W118/><G118/><T122/><D122/><U124/><E117/><V85/><F85/><W100/><G89/><T73/><D73/><U31/><E124/><V13/><F13/><W56/><G75/><T133/><D133/><RYUUKYOKU ba="4,1" sc="158,15,215,-15,275,15,342,-15" hai0="14,17,18,20,21,27,40,42,59,66" hai2="12,15,19,23,25,51,52,61,65,70,80,86,88" /><INIT seed="4,5,1,5,4,129" ten="173,200,290,327" oya="0" hai0="87,69,61,82,38,9,124,105,16,108,126,113,2" hai1="23,13,83,27,28,41,72,102,103,122,8,6,133" hai2="37,63,91,36,47,29,59,20,115,65,34,80,11" hai3="120,114,106,97,25,134,4,10,19,50,127,85,5"/><T26/><D105/><U46/><E122/><V118/><F34/><W98/><G120/><T100/><D100/><U22/><E133/><V71/><F115/><W111/><G111/><T35/><D38/><U104/><E104/><V68/><F118/><W86/><G114/><T101/><D101/><U96/><E96/><N who="3" m="36970" /><G106/><T95/><D95/><U132/><E132/><V117/><F117/><W48/><G127/><N who="0" m="48683" /><D113/><U3/><E22/><V40/><F37/><W123/><G134/><T76/><D108/><U84/><E72/><V112/><F112/><W131/><G131/><T31/><D2/><U15/><E15/><V125/><F125/><W88/><G86/><T107/><D107/><U12/><E12/><V1/><F1/><W17/><G123/><T135/><D135/><U66/><E66/><V0/><F20/><N who="3" m="13455" /><G50/><T57/><D69/><U116/><E3/><V51/><F29/><W64/><G48/><T67/><D16/><U32/><E32/><V110/><F110/><W60/><G19/><T130/><D130/><U30/><E30/><V44/><F11/><AGARI ba="5,1" hai="9,11,26,31,35,57,61,67,76,82,87" m="48683" machi="11" ten="30,1500,0" yaku="18,1" doraHai="129" who="0" fromWho="2" sc="173,40,200,0,290,-30,327,0" /><INIT seed="4,6,0,0,2,27" ten="213,200,260,327" oya="0" hai0="85,37,6,15,102,74,33,109,36,92,46,93,45" hai1="70,108,59,16,23,43,34,29,76,13,64,135,118" hai2="99,53,123,26,94,106,97,60,96,91,125,7,100" hai3="98,62,103,47,119,78,88,50,19,40,25,71,75"/><T126/><D74/><U31/><E118/><V128/><F123/><W61/><G119/><T51/><D33/><U49/><E108/><V10/><F125/><W122/><G122/><T21/><D109/><U63/><E135/><V104/><F128/><W90/><G78/><T107/><D126/><U132/><E132/><V113/><F113/><W69/><G75/><T130/><D130/><U5/><E34/><V82/><F82/><W3/><G3/><T124/><D124/><U17/><E5/><V117/><F117/><W131/><G131/><T114/><D114/><U134/><E134/><V116/><F116/><W79/><G79/><T81/><D107/><U20/><E76/><V12/><F26/><W1/><G1/><T35/><D35/><U58/><E70/><V57/><F99/><W68/><G62/><T120/><D120/><U9/><E9/><V18/><F7/><W89/><G61/><T28/><D102/><U54/><E43/><V111/><F111/><W30/><G19/><N who="0" m="10495" /><D6/><U55/><E64/><V48/><F60/><W39/><G39/><N who="0" m="14923" /><D28/><U115/><E115/><V80/><F80/><W14/><G14/><AGARI ba="6,0" hai="13,14,16,17,20,23,29,31,49,54,55,58,59,63" machi="14" ten="30,12000,2" yaku="7,1,9,1,8,1,52,2,54,1" doraHai="27" who="1" fromWho="3" sc="213,0,200,138,260,0,327,-138" /><INIT seed="5,0,0,5,2,90" ten="213,338,260,189" oya="1" hai0="93,121,22,2,123,120,67,119,55,1,122,15,0" hai1="43,24,65,126,108,113,134,52,89,58,36,62,135" hai2="64,71,82,38,9,17,117,116,13,70,80,68,111" hai3="56,60,114,18,129,98,103,77,102,72,63,75,130"/><U50/><E108/><V106/><F111/><W112/><G18/><N who="0" m="10591" /><D119/><U105/><E105/><V94/><F106/><W85/><G56/><T32/><D32/><U57/><E113/><N who="3" m="43626" /><G60/><T124/><N who="0" m="30720" /><DORA hai="29" /><T118/><D118/><U109/><E109/><V47/><F64/><W133/><G63/><T40/><D124/><U96/><E126/><V33/><F33/><W35/><G35/><T61/><D40/><U39/><E24/><V76/><F117/><W86/><G133/><N who="1" m="50698" /><E89/><V78/><F116/><W74/><G103/><T23/><D23/><U49/><E96/><V10/><F10/><W101/><G102/><T5/><D55/><U69/><E69/><V19/><F71/><W54/><G54/><T100/><D5/><U66/><E66/><V107/><F9/><W16/><G16/><T79/><D79/><U51/><E51/><V59/><F17/><W37/><G37/><T31/><D31/><U30/><E30/><V6/><F19/><W104/><G77/><T27/><D27/><U88/><E88/><V97/><F6/><W45/><G45/><AGARI ba="0,0" hai="36,39,43,45,49,50,52,57,58,62,65" m="50698" machi="45" ten="30,11600,0" yaku="20,1,34,2,54,1" doraHai="90,29" who="1" fromWho="3" sc="213,0,338,116,260,0,189,-116" /><INIT seed="5,1,0,5,3,18" ten="213,454,260,73" oya="1" hai0="105,134,75,66,29,51,33,38,132,47,74,130,89" hai1="31,109,93,124,17,25,45,7,46,63,49,20,77" hai2="67,53,11,68,57,24,26,52,60,12,122,48,55" hai3="135,73,126,128,107,9,97,70,4,64,84,131,101"/><U118/><E118/><V102/><F122/><W56/><G56/><T81/><D38/><U1/><E124/><V61/><F102/><W36/><G84/><N who="0" m="50319" /><D105/><U6/><E109/><V19/><F55/><W94/><G94/><T127/><D127/><U28/><E1/><V39/><F39/><W103/><G103/><T125/><D125/><U92/><E46/><AGARI ba="1,0" hai="11,12,19,24,26,46,48,52,53,57,60,61,67,68" machi="46" ten="30,2000,0" yaku="7,1,54,1" doraHai="18" who="2" fromWho="1" sc="213,0,454,-23,260,23,73,0" /><INIT seed="6,0,0,1,2,15" ten="213,431,283,73" oya="2" hai0="7,106,46,86,103,23,44,97,70,91,117,78,22" hai1="65,123,79,42,40,39,6,135,72,121,29,102,116" hai2="99,2,127,104,64,96,11,14,27,108,95,88,16" hai3="105,71,1,28,3,36,84,68,30,100,69,93,52"/><V55/><F127/><W63/><G36/><T62/><D117/><U132/><E116/><V75/><F75/><W98/><G105/><T115/><D115/><U34/><E65/><V59/><F108/><W74/><G74/><T109/><D109/><U87/><E6/><V32/><F64/><W76/><G76/><T19/><D23/><U125/><E125/><V110/><F110/><W48/><G63/><T101/><D78/><U13/><E13/><V131/><F131/><W8/><G84/><T66/><D7/><U107/><E87/><V10/><F10/><W124/><G124/><T83/><REACH who="0" step="1"/><D101/><REACH who="0" ten="203,431,283,73" step="2"/><U119/><E119/><V20/><F32/><W17/><G8/><T21/><D21/><U129/><E102/><V18/><F2/><W26/><G30/><T118/><D118/><U56/><E79/><V130/><F130/><W25/><G25/><AGARI ba="0,1" hai="19,22,25,44,46,62,66,70,83,86,91,97,103,106" machi="25" ten="30,7700,0" yaku="1,1,7,1,52,1,53,1" doraHai="15" doraHaiUra="12" who="0" fromWho="3" sc="203,87,431,0,283,0,73,-77" owari="290,9.0,431,53.0,283,-12.0,-4,-50.0" /></mjloggm>