<mjloggm ver="2.3"><GO type="169" lobby="0"/><UN n0="%3D%E5%9C%92%E5%9F%8E%E5%AF%BA%E6%80%9C%3D" n1="%53%74%65%61%6C%74%68%47" n2="%E5%B0%B1%E6%B4%BB%E7%94%9F%40%E5%B7%9D%E6%9D%91%E8%BB%8D%E5%9B%A3" n3="%E3%83%AD%E3%83%83%E3%83%86%E9%9B%80%E7%90%83" dan="18,16,18,18" rate="2162.39,2096.11,2277.95,2138.59" sx="F,M,M,M"/><TAIKYOKU oya="0"/><INIT seed="0,0,0,3,0,120" ten="250,250,250,250" oya="0" hai0="41,16,119,104,74,133,105,96,7,130,95,47,31" hai1="46,106,36,135,22,60,37,72,48,116,29,2,75" hai2="83,6,122,24,90,73,85,78,17,92,84,33,52" hai3="9,88,66,100,87,129,121,107,114,76,61,4,71"/><T5/><D74/><U82/><E116/><V18/><F122/><W113/><G121/><T124/><D119/><U40/><E135/><V109/><F6/><W58/><G76/><T63/><D31/><U42/><E106/><V111/><F73/><W94/><G129/><T35/><D35/><U12/><E2/><V93/><F92/><W15/><REACH who="3" step="1"/><G71/><REACH who="3" ten="250,250,250,240" step="2"/><T118/><D130/><U38/><E75/><V127/><F127/><W21/><G21/><T98/><D124/><U134/><E72/><V99/><F99/><AGARI ba="0,1" hai="4,9,15,58,61,66,87,88,94,99,100,107,113,114" machi="99" ten="40,2600,0" yaku="1,1,54,1,53,0" doraHai="120" doraHaiUra="79" who="3" fromWho="2" sc="250,0,250,0,250,-26,240,36" /><INIT seed="1,0,0,5,4,0" ten="250,250,224,276" oya="1" hai0="109,111,104,116,25,67,93,96,127,40,64,31,77" hai1="61,65,126,24,39,113,114,108,89,75,81,46,135" hai2="28,122,23,83,37,33,69,101,123,21,99,56,30" hai3="38,95,85,72,8,70,118,36,87,53,58,88,91"/><U63/><E126/><V130/><F69/><W98/><G72/><T48/><D104/><U119/><E119/><V14/><F37/><W22/><G70/><T86/><D116/><U106/><E135/><V107/><F130/><W120/><G120/><T100/><D127/><U29/><E106/><V45/><F33/><W73/><G73/><T134/><D134/><U60/><E65/><V26/><F45/><W103/><G118/><T79/><D48/><U5/><E108/><N who="0" m="41545" /><D40/><U10/><E39/><V117/><F117/><W115/><G115/><T128/><D128/><U4/><E46/><V76/><F56/><W68/><G68/><T59/><D86/><U11/><E10/><V66/><F66/><N who="0" m="25130" /><D59/><U62/><E62/><V110/><F110/><W132/><G132/><T55/><D55/><U133/><E133/><V71/><F71/><W105/><G22/><AGARI ba="0,0" hai="22,25,31,77,79,93,96,100" m="25130,41545" machi="22" ten="30,1000,0" yaku="14,1" doraHai="0" who="0" fromWho="3" sc="250,10,250,0,224,0,276,-10" /><INIT seed="2,0,0,2,3,94" ten="260,250,224,266" oya="2" hai0="124,58,106,123,127,131,54,78,129,128,84,90,34" hai1="109,65,132,15,2,74,119,62,115,116,60,43,55" hai2="5,17,120,21,12,13,35,27,33,22,37,103,25" hai3="7,87,101,38,117,98,80,48,9,44,49,67,113"/><V121/><F37/><W71/><G117/><T32/><D78/><U75/><E2/><V42/><F103/><W45/><G113/><T29/><D106/><U4/><E115/><V122/><F42/><W24/><G38/><T20/><D20/><U83/><E43/><V86/><F86/><W79/><G71/><T6/><D6/><U66/><E55/><V14/><F5/><W51/><G67/><T100/><D100/><U89/><E4/><V23/><F17/><W57/><G57/><T68/><D68/><U91/><E109/><V133/><F133/><W10/><G24/><AGARI ba="0,0" hai="12,13,14,21,22,23,24,25,27,33,35,120,121,122" machi="24" ten="50,18000,2" yaku="29,2,28,2,34,3" doraHai="94" who="2" fromWho="3" sc="260,0,250,0,224,180,266,-180" /><INIT seed="2,1,0,3,4,19" ten="260,250,404,86" oya="2" hai0="23,34,17,6,130,85,79,129,119,128,61,8,27" hai1="94,126,81,52,22,89,62,0,47,68,56,90,4" hai2="105,16,122,18,55,40,58,87,108,93,95,97,37" hai3="74,114,10,123,66,2,30,77,49,84,28,88,45"/><V92/><F122/><W43/><G123/><T96/><D119/><U33/><E33/><V65/><F65/><W13/><G114/><T82/><D96/><U109/><E68/><V64/><F64/><W101/><G2/><T107/><D107/><U112/><E112/><V48/><F108/><W80/><G101/><T35/><REACH who="0" step="1"/><D61/><REACH who="0" ten="250,250,404,86" step="2"/><U31/><E62/><V70/><F105/><W86/><G66/><T124/><D124/><U133/><E126/><V12/><F70/><W115/><G115/><T83/><D83/><U9/><E81/><V113/><F113/><W91/><G74/><T116/><D116/><U76/><E109/><V39/><F87/><W32/><G32/><T98/><D98/><U69/><E69/><V111/><F111/><W71/><G71/><T42/><D42/><U24/><E94/><V135/><F40/><W46/><G46/><T63/><D63/><U99/><E47/><V21/><F97/><W118/><G118/><T15/><AGARI ba="1,1" hai="6,8,15,17,23,27,34,35,79,82,85,128,129,130" machi="15" ten="30,7900,0" yaku="1,1,0,1,19,1,52,1,53,0" doraHai="19" doraHaiUra="132" who="0" fromWho="0" sc="250,92,250,-21,404,-40,86,-21" /><INIT seed="3,0,0,5,1,36" ten="342,229,364,65" oya="3" hai0="100,16,43,104,97,78,88,134,27,126,26,106,98" hai1="40,70,19,71,125,66,13,75,109,76,8,50,48" hai2="93,29,122,127,131,17,91,24,6,31,89,41,14" hai3="32,99,52,38,94,119,12,92,34,87,115,110,10"/><W53/><G119/><T81/><D126/><U79/><E125/><V133/><F127/><W102/><G115/><T21/><D134/><U9/><E109/><V58/><F133/><W123/><G123/><T74/><D43/><U120/><E120/><V49/><F131/><W64/><G38/><T4/><D4/><U57/><E75/><V83/><F6/><W55/><G110/><T22/><D97/><U35/><E35/><V39/><F39/><W5/><REACH who="3" step="1"/><G64/><REACH who="3" ten="342,229,364,55" step="2"/><T54/><D54/><N who="1" m="31943" /><E66/><V73/><F122/><W117/><G117/><T96/><D106/><U2/><E71/><V85/><F73/><W132/><G132/><T42/><D42/><U101/><E70/><V61/><F41/><W105/><G105/><T113/><D113/><U124/><E124/><V103/><F103/><W65/><G65/><T60/><D100/><U45/><E101/><V33/><F89/><AGARI ba="0,1" hai="5,10,12,32,34,52,53,55,87,89,92,94,99,102" machi="89" ten="40,3900,0" yaku="1,1,54,1,53,0" doraHai="36" doraHaiUra="47" who="3" fromWho="2" sc="342,0,229,0,364,-39,55,49" /><INIT seed="3,1,0,1,5,45" ten="342,229,325,104" oya="3" hai0="112,71,95,106,72,41,60,47,96,110,28,5,62" hai1="116,36,113,84,104,74,82,18,66,25,7,46,76" hai2="2,94,88,15,1,38,53,10,99,109,30,52,89" hai3="93,29,103,128,134,44,13,23,59,114,83,107,39"/><W24/><G114/><T90/><D72/><U22/><E113/><V58/><F38/><W34/><G134/><T81/><D106/><U27/><E116/><V43/><F109/><W122/><G128/><T56/><D71/><U125/><E104/><V97/><F43/><W127/><G122/><T57/><D110/><U111/><E111/><V118/><F118/><W100/><G127/><T3/><D3/><U78/><E125/><V61/><F30/><W31/><G107/><T120/><D5/><U21/><E7/><V130/><F130/><W37/><G83/><T40/><D40/><U55/><E66/><V42/><F42/><W54/><G44/><T117/><D28/><U67/><E67/><V79/><F79/><W0/><G0/><T115/><D81/><U9/><E78/><V85/><F53/><W19/><G31/><T80/><D80/><U105/><E105/><V77/><F77/><W64/><G64/><T108/><D108/><U12/><E74/><V68/><F68/><W121/><G121/><T133/><D133/><U119/><E36/><N who="3" m="13898" /><G93/><T35/><D35/><U14/><E119/><V124/><F124/><W4/><G4/><T8/><D117/><U102/><E102/><V123/><F123/><W20/><G34/><T69/><D120/><U50/><E21/><V131/><F131/><W98/><G98/><N who="2" m="37385" /><F89/><W126/><G126/><T11/><D115/><U65/><E65/><V63/><F63/><N who="0" m="24106" /><D69/><U32/><E32/><V6/><F2/><W33/><G33/><T92/><D112/><U26/><E9/><N who="0" m="3657" /><D92/><U48/><E12/><V73/><F15/><RYUUKYOKU ba="1,0" sc="342,0,229,0,325,0,104,0" hai0="41,47,56,57,90,95,96" hai1="14,18,22,25,26,27,46,48,50,55,76,82,84" hai2="1,6,10,52,58,61,73,85,88,94" hai3="13,19,20,23,24,29,54,59,100,103" /><INIT seed="3,2,0,3,3,130" ten="342,229,325,104" oya="3" hai0="123,128,12,92,127,135,80,84,33,119,66,121,104" hai1="42,51,73,23,87,90,76,40,65,25,120,21,77" hai2="32,88,31,83,69,115,63,97,57,114,11,82,131" hai3="132,28,10,24,8,118,17,27,38,58,49,56,125"/><W122/><G118/><T45/><D33/><U72/><E120/><V44/><F69/><W22/><G122/><T46/><D104/><U36/><E36/><V107/><F131/><W133/><G38/><T53/><D119/><U79/><E72/><V2/><F107/><W60/><G49/><T30/><D30/><N who="1" m="17711" /><E73/><V54/><F83/><W100/><G100/><T105/><D66/><U6/><E6/><V34/><F44/><W35/><G125/><T1/><D1/><U129/><E129/><V75/><F75/><W29/><G17/><T93/><D105/><U52/><E23/><V117/><F117/><W113/><G113/><T126/><D12/><U106/><E65/><V55/><F32/><W96/><G96/><T103/><D103/><U64/><E64/><V43/><F43/><W5/><G60/><T71/><D128/><U109/><E109/><V37/><F37/><W50/><G10/><T102/><D102/><U67/><E67/><V18/><F97/><W81/><G81/><T47/><D71/><U41/><E106/><V98/><F98/><W116/><G116/><T7/><D7/><U91/><E87/><N who="2" m="50295" /><F18/><W48/><G58/><AGARI ba="2,0" hai="40,41,42,51,52,58,76,77,79,90,91" m="17711" machi="58" ten="30,2000,0" yaku="8,1,54,1" doraHai="130" who="1" fromWho="3" sc="342,0,229,26,325,0,104,-26" /><INIT seed="4,0,0,5,0,120" ten="342,255,325,78" oya="0" hai0="2,119,28,11,25,126,3,129,15,46,76,45,124" hai1="130,131,134,9,53,34,61,86,84,62,26,57,13" hai2="59,6,104,18,48,93,5,0,91,73,58,110,20" hai3="101,52,77,36,115,127,122,12,82,70,109,108,31"/><T133/><D76/><U83/><E134/><V99/><F110/><N who="3" m="42603" /><G70/><T125/><D119/><U69/><E34/><V39/><F39/><W51/><G12/><T30/><D129/><N who="1" m="49163" /><E26/><N who="2" m="14615" /><F73/><W29/><G101/><T33/><D133/><U97/><E97/><V24/><F104/><W128/><G36/><T8/><D45/><U96/><E96/><V98/><F0/><N who="0" m="42" /><D46/><U74/><E62/><V132/><F132/><W22/><G22/><N who="0" m="15415" /><D15/><U56/><E57/><N who="2" m="21515" /><F24/><AGARI ba="0,0" hai="8,11,24,30,33,124,125,126" m="15415,42" machi="24" ten="40,7700,0" yaku="18,1,34,2" doraHai="120" who="0" fromWho="2" sc="342,77,255,0,325,-77,78,0" /><INIT seed="4,1,0,4,3,2" ten="419,255,248,78" oya="0" hai0="105,1,135,47,37,124,100,67,120,91,77,79,118" hai1="117,111,103,56,11,7,35,49,16,65,106,73,81" hai2="93,43,82,22,51,64,19,54,68,63,62,17,61" hai3="126,102,121,89,27,101,40,44,115,4,57,36,42"/><T18/><D1/><U9/><E117/><V0/><F0/><W29/><G115/><T32/><D32/><U13/><E111/><V10/><F43/><W110/><G126/><T86/><D67/><U12/><E35/><V20/><F10/><W8/><G110/><T74/><D18/><U127/><E127/><V85/><F93/><W70/><G70/><T113/><D47/><U48/><E106/><V80/><F68/><W24/><G121/><T96/><D37/><U3/><E103/><V41/><F41/><W112/><G112/><T125/><D135/><U21/><E73/><V39/><F39/><W83/><G42/><T53/><D53/><U92/><E81/><V45/><F64/><W60/><G89/><T69/><D69/><U88/><E3/><V98/><F98/><W95/><G83/><N who="0" m="45495" /><D118/><U94/><E94/><V71/><F71/><W133/><G95/><N who="0" m="54775" /><D113/><U87/><E11/><V75/><F75/><W108/><G108/><T38/><D38/><U23/><E23/><N who="2" m="8747" /><F80/><W104/><G133/><T78/><D120/><U122/><E122/><V31/><F31/><W55/><G29/><T132/><D132/><U28/><E28/><V114/><F114/><W109/><G109/><T119/><D119/><U90/><E65/><V58/><F45/><W66/><G66/><T116/><D116/><U97/><E56/><V14/><F14/><N who="3" m="5383" /><G104/><T130/><D124/><U15/><E15/><V59/><F59/><W123/><G123/><T33/><D125/><U107/><E107/><V5/><F5/><W76/><G76/><AGARI ba="1,0" hai="17,19,51,54,58,61,62,63,76,82,85" m="8747" machi="76" ten="30,1000,0" yaku="8,1" doraHai="2" who="2" fromWho="3" sc="419,0,255,0,248,13,78,-13" /><INIT seed="5,0,0,4,2,28" ten="419,255,261,65" oya="1" hai0="60,44,30,4,23,12,5,88,127,16,98,58,75" hai1="18,110,102,14,20,34,109,24,79,83,104,39,112" hai2="0,106,9,111,70,125,15,59,115,74,25,121,69" hai3="7,117,77,29,31,63,35,19,90,96,40,51,84"/><U128/><E39/><V107/><F0/><W73/><G117/><T71/><D75/><U54/><E112/><V46/><F74/><W36/><G36/><T8/><D71/><U50/><E128/><V92/><F111/><N who="1" m="42505" /><E104/><V42/><F121/><W126/><G126/><T103/><D44/><N who="1" m="27975" /><E102/><V91/><F115/><W89/><G19/><T133/><D133/><U3/><E3/><V45/><F45/><W135/><G7/><T72/><D72/><N who="1" m="43495" /><E14/><V61/><F107/><W108/><G135/><T94/><D103/><U80/><E80/><V86/><F106/><W37/><G37/><T93/><D93/><U114/><E114/><V48/><F125/><W6/><G108/><T120/><D120/><U55/><E55/><V57/><F57/><W122/><G122/><T134/><D134/><U64/><E64/><V87/><F87/><W118/><G84/><T68/><D68/><U27/><E24/><V52/><REACH who="2" step="1"/><F25/><REACH who="2" ten="419,255,251,65" step="2"/><W47/><G73/><T113/><D113/><U97/><E97/><V124/><F124/><W100/><G96/><T56/><D127/><U33/><AGARI ba="0,1" hai="18,20,27,33,34" m="43495,27975,42505" machi="33" ten="30,6000,0" yaku="10,1,52,2" doraHai="28" who="1" fromWho="1" sc="419,-20,255,70,251,-20,65,-20" /><INIT seed="5,1,0,4,2,82" ten="399,325,231,45" oya="1" hai0="78,13,133,76,10,0,128,21,127,65,57,34,96" hai1="7,58,102,52,112,67,60,50,55,8,23,132,105" hai2="124,101,121,109,25,28,125,51,42,131,15,72,33" hai3="134,12,53,37,130,9,74,69,120,86,89,108,107"/><U64/><E112/><V30/><F72/><W4/><G53/><T61/><D34/><U80/><E132/><V99/><F121/><W85/><G85/><T106/><D0/><U47/><E105/><V56/><F109/><W41/><G86/><T119/><D127/><N who="2" m="48714" /><F30/><W94/><G89/><T87/><D128/><U103/><E23/><V24/><F24/><W71/><G94/><T135/><D21/><U90/><E80/><V43/><F15/><W26/><G41/><T48/><D48/><U27/><E90/><V110/><F131/><W129/><G26/><T14/><D87/><U17/><E17/><V126/><F126/><W20/><G20/><T62/><D119/><U88/><E88/><V100/><F110/><W114/><G12/><T122/><D13/><N who="1" m="5279" /><E27/><V115/><F115/><W83/><G74/><T116/><D122/><U92/><E92/><N who="2" m="58471" /><F101/><AGARI ba="1,0" hai="47,50,52,55,58,60,64,67,101,102,103" m="5279" machi="101" ten="30,2900,0" yaku="8,1,54,1" doraHai="82" who="1" fromWho="2" sc="399,0,325,32,231,-32,45,0" /><INIT seed="5,2,0,4,2,69" ten="399,357,199,45" oya="1" hai0="117,126,33,1,123,116,5,84,56,66,57,83,26" hai1="82,34,17,48,109,42,89,20,14,51,107,92,75" hai2="65,85,93,41,131,72,3,129,74,98,112,4,120" hai3="6,95,40,49,43,46,132,125,113,13,81,22,31"/><U61/><E107/><V18/><F120/><W128/><G113/><T110/><D110/><U94/><E109/><V78/><F3/><W30/><G125/><T37/><D5/><U73/><E34/><V80/><F4/><W63/><G132/><T64/><D1/><U97/><E82/><V36/><F65/><W29/><G128/><N who="2" m="49225" /><F18/><W124/><G124/><T53/><D126/><U88/><E61/><V50/><F50/><W104/><G104/><T127/><D33/><U71/><E71/><V12/><F12/><W106/><G106/><T60/><D66/><U62/><E62/><V32/><F32/><W45/><G95/><T47/><D123/><U27/><E14/><V79/><F79/><W87/><G63/><T15/><D15/><U100/><E100/><N who="2" m="60495" /><F112/><W96/><G96/><T59/><D64/><U21/><E21/><V99/><F99/><W108/><G108/><T24/><D127/><U39/><E51/><V54/><F54/><W2/><G2/><T76/><D53/><U103/><E48/><V44/><AGARI ba="2,0" hai="36,41,44,72,74,78,80,85" m="60495,49225" machi="44" ten="30,2000,0" yaku="19,1,52,1" doraHai="69" who="2" fromWho="2" sc="399,-7,357,-12,199,26,45,-7" /><INIT seed="6,0,0,1,5,110" ten="392,345,225,38" oya="2" hai0="53,84,29,70,100,85,36,17,23,48,1,73,102" hai1="120,96,109,30,38,62,125,27,56,111,28,18,49" hai2="64,106,50,65,57,16,93,105,80,130,45,39,66" hai3="78,34,123,94,33,104,44,103,4,122,112,58,0"/><V74/><F39/><W54/><G94/><T35/><D73/><U47/><E38/><V61/><F130/><W98/><G58/><T3/><D70/><U107/><E125/><V86/><F74/><W24/><G54/><T46/><D1/><U75/><E75/><V20/><F93/><W101/><G44/><T42/><D3/><U8/><E120/><N who="3" m="46122" /><G78/><T43/><D29/><U129/><E129/><V7/><F7/><W14/><G14/><T15/><D35/><N who="3" m="13321" /><G24/><T31/><D42/><U22/><E111/><V19/><F106/><W37/><G103/><T114/><D102/><U121/><E109/><V132/><F105/><W99/><G99/><T90/><D100/><U63/><E121/><V79/><F132/><W5/><G37/><T60/><D15/><U40/><E96/><V124/><F124/><W128/><G128/><T118/><D43/><U91/><E91/><V81/><F81/><W68/><G68/><T6/><D90/><U126/><E126/><V69/><F69/><W83/><G83/><T82/><D82/><U9/><E107/><V115/><F65/><W2/><G112/><T95/><D114/><U21/><E62/><V88/><F115/><W87/><G87/><T67/><D84/><U55/><E30/><V119/><F66/><W71/><G71/><T59/><D31/><U116/><E116/><V52/><F119/><W131/><G131/><T76/><D118/><U108/><E108/><V72/><F20/><W32/><N who="3" m="13329" /><W13/><DORA hai="117" /><G13/><AGARI ba="0,0" hai="8,9,13,18,21,22,27,28,40,47,49,55,56,63" machi="13" ten="30,2000,0" yaku="7,1,8,1" doraHai="110,117" who="1" fromWho="3" sc="392,0,345,20,225,0,38,-20" /><INIT seed="7,0,0,5,4,30" ten="392,365,225,18" oya="3" hai0="10,69,20,134,7,133,45,80,62,131,8,98,135" hai1="128,85,63,43,112,75,51,55,61,2,120,103,17" hai2="65,54,34,31,126,96,1,39,73,13,102,79,40" hai3="67,119,53,114,82,29,49,106,125,94,90,78,14"/><W74/><G119/><T92/><D131/><U56/><E120/><V132/><F1/><W86/><G114/><T115/><D115/><U16/><E75/><V38/><F54/><W6/><G125/><T36/><D20/><U72/><E72/><V130/><F13/><W4/><G106/><T28/><D28/><U89/><E112/><V5/><F132/><W109/><G109/><T33/><D33/><U19/><E128/><V95/><F5/><W121/><G121/><T32/><D32/><U18/><E2/><V87/><F65/><W76/><G76/><T59/><D69/><U27/><E103/><V52/><F40/><W108/><G108/><T99/><D80/><U105/><E105/><V107/><F130/><W127/><G127/><T101/><D7/><U81/><E43/><V100/><F100/><W42/><G42/><N who="0" m="22727" /><D98/><U93/><E81/><V9/><F9/><W84/><G67/><AGARI ba="0,0" hai="8,10,59,62,67,92,99,101,133,134,135" m="22727" machi="67" ten="30,1000,0" yaku="20,1" doraHai="30" who="0" fromWho="3" sc="392,10,365,0,225,0,18,-10" owari="402,49.0,365,17.0,225,-17.0,8,-49.0" /></mjloggm>