<mjloggm ver="2.3"><GO type="169" lobby="0"/><UN n0="%E3%83%A4%E3%82%AD%E3%83%B3" n1="%E6%B0%B4%E6%BE%A4%E6%91%A9%E5%A4%AE" n2="%63%6F%62%65%68%6F%70%65" n3="%E3%82%A6%E3%83%AB%E3%83%88%E3%83%A9%E7%AB%8B%E7%9B%B4" dan="17,16,16,17" rate="2176.96,2054.58,2175.69,2180.50" sx="M,M,M,M"/><TAIKYOKU oya="0"/><INIT seed="0,0,0,0,0,9" ten="250,250,250,250" oya="0" hai0="71,42,33,29,16,110,96,119,121,112,58,26,79" hai1="5,80,50,70,101,31,122,8,106,85,78,117,52" hai2="38,107,22,30,124,46,12,51,54,59,10,28,73" hai3="99,102,13,135,11,25,89,91,88,134,0,15,37"/><T62/><D112/><U40/><E122/><V132/><F107/><W56/><G37/><T21/><D121/><U126/><E117/><V74/><F124/><W1/><G25/><T100/><D119/><U97/><E70/><V108/><F132/><N who="3" m="50731" /><G56/><T111/><D42/><U57/><E126/><V49/><F38/><W118/><G118/><T86/><D86/><U6/><E31/><V61/><F61/><W3/><BYE who="2" /><G11/><T45/><D45/><U115/><E115/><V17/><F17/><W20/><G20/><T104/><D79/><U43/><REACH who="1" step="1"/><E5/><REACH who="1" ten="250,240,250,250" step="2"/><V114/><F114/><W84/><G84/><T7/><D7/><U116/><E116/><UN n2="%63%6F%62%65%68%6F%70%65" /><V109/><F73/><W34/><G34/><T65/><REACH who="0" step="1"/><D58/><REACH who="0" ten="240,240,250,250" step="2"/><U55/><E55/><N who="2" m="30135" /><F74/><W41/><G41/><T103/><D103/><U66/><E66/><V27/><F109/><W113/><G113/><T24/><AGARI ba="0,2" hai="16,21,24,26,29,33,62,65,71,96,100,104,110,111" machi="24" ten="30,12000,1" yaku="1,1,0,1,25,2,54,1,53,0" doraHai="9" doraHaiUra="39" who="0" fromWho="0" sc="240,140,240,-40,250,-40,250,-40" /><INIT seed="0,1,0,4,0,94" ten="380,200,210,210" oya="0" hai0="113,48,52,22,101,18,5,58,10,84,68,21,83" hai1="62,114,8,91,107,19,0,96,17,49,78,88,93" hai2="81,63,65,34,14,40,79,100,7,4,26,9,24" hai3="66,117,77,86,116,131,118,67,97,36,29,89,85"/><T80/><D113/><U75/><E114/><V35/><F35/><W59/><G36/><T105/><D68/><U30/><E30/><V125/><F125/><W90/><G29/><T33/><D33/><U128/><E128/><V15/><F34/><W50/><G131/><T20/><D105/><U38/><E38/><V69/><F40/><W53/><G77/><T1/><D101/><U28/><E28/><V102/><F26/><W23/><G23/><T43/><D43/><U124/><E107/><V12/><F24/><W45/><G45/><T104/><D104/><U11/><E75/><V13/><REACH who="2" step="1"/><F7/><REACH who="2" ten="380,200,200,210" step="2"/><W27/><G27/><T111/><D111/><U55/><E124/><V44/><F44/><W41/><G41/><T39/><D39/><U72/><E17/><V71/><F71/><W123/><G123/><T25/><REACH who="0" step="1"/><D83/><REACH who="0" ten="370,200,200,210" step="2"/><U95/><E19/><V132/><F132/><W37/><G37/><T31/><D31/><U2/><E2/><V103/><F103/><W106/><G118/><T60/><D60/><U74/><E0/><V98/><F98/><W87/><G117/><T110/><D110/><U99/><E62/><V47/><F47/><W122/><G116/><T135/><D135/><U73/><E96/><V56/><F56/><W109/><G109/><T6/><D6/><U70/><E99/><V112/><F112/><W126/><G126/><T76/><AGARI ba="1,2" hai="1,5,10,18,20,21,22,25,48,52,58,76,80,84" machi="76" ten="20,7800,0" yaku="1,1,0,1,7,1,54,1,53,0" doraHai="94" doraHaiUra="133" who="0" fromWho="0" sc="370,101,200,-27,200,-27,210,-27" /><INIT seed="0,2,0,1,3,133" ten="471,173,173,183" oya="0" hai0="121,6,84,134,37,65,35,2,105,43,75,31,9" hai1="129,127,135,71,50,79,56,82,112,104,53,131,41" hai2="23,39,44,26,13,90,86,74,69,73,70,117,114" hai3="91,106,60,45,64,24,130,18,110,77,34,0,25"/><T19/><D121/><U111/><E135/><V1/><F114/><W20/><G0/><T87/><D134/><U32/><E112/><V101/><F1/><W94/><G106/><T100/><D65/><U12/><E32/><V102/><F70/><W62/><G110/><T38/><D19/><U113/><E104/><V5/><F69/><W55/><G77/><T33/><D87/><N who="1" m="48607" /><E71/><V42/><F74/><W89/><G130/><N who="1" m="49674" /><E111/><V85/><F73/><W47/><G91/><T132/><D84/><U27/><E27/><V68/><F68/><W115/><G115/><T8/><D132/><U36/><E113/><V123/><F117/><W67/><G67/><T76/><D76/><U93/><E93/><V15/><F86/><W17/><G64/><T59/><D35/><U120/><E12/><V4/><F15/><W107/><G107/><T78/><D105/><U21/><E21/><V72/><F72/><W99/><G34/><T52/><D78/><U126/><E120/><V119/><F119/><W29/><G29/><T61/><D75/><U63/><E36/><V96/><F13/><W46/><G55/><T54/><D54/><N who="1" m="34199" /><E41/><V28/><F123/><W11/><G11/><T122/><D9/><U58/><AGARI ba="2,0" hai="50,53,58,126,127" m="34199,49674,48607" machi="58" ten="30,4000,0" yaku="19,1,52,2" doraHai="133" who="1" fromWho="1" sc="471,-22,173,46,173,-12,183,-12" /><INIT seed="1,0,0,2,4,101" ten="449,219,161,171" oya="1" hai0="23,104,13,93,100,112,26,6,80,53,3,85,132" hai1="119,91,17,55,126,102,133,22,4,83,52,67,5" hai2="29,30,7,130,14,107,84,134,1,103,59,34,11" hai3="15,24,128,94,106,45,74,64,2,44,114,66,40"/><U9/><E119/><V82/><F130/><W16/><G2/><T61/><D112/><U60/><E126/><V120/><F134/><W117/><G74/><T87/><D3/><U68/><E133/><V54/><F120/><W18/><G114/><T70/><D104/><U58/><E102/><V78/><F34/><W27/><G128/><T20/><D70/><U92/><E83/><V108/><F108/><W118/><G94/><T105/><D105/><U21/><E9/><V50/><F103/><W46/><G106/><T32/><D32/><U49/><E55/><V0/><F107/><W124/><G15/><T28/><D132/><U96/><REACH who="1" step="1"/><E22/><REACH who="1" ten="449,209,161,171" step="2"/><V41/><F1/><W129/><G124/><T38/><D80/><U95/><E95/><V51/><F0/><W42/><G129/><T33/><D33/><U8/><E8/><V123/><F123/><W75/><G75/><T90/><D100/><U25/><AGARI ba="0,1" hai="4,5,17,21,25,49,52,58,60,67,68,91,92,96" machi="25" ten="20,7800,0" yaku="1,1,0,1,7,1,54,1,53,0" doraHai="101" doraHaiUra="39" who="1" fromWho="1" sc="449,-26,209,88,161,-26,171,-26" /><INIT seed="1,1,0,1,4,82" ten="423,297,135,145" oya="1" hai0="25,100,95,112,105,129,35,75,88,120,89,124,2" hai1="108,4,15,6,51,57,99,58,90,103,69,41,42" hai2="117,38,20,31,28,123,96,40,132,84,72,70,14" hai3="13,12,9,54,122,19,46,104,107,39,87,128,8"/><U22/><E69/><V16/><F72/><W67/><G122/><T80/><D2/><U85/><E108/><V111/><F117/><W45/><G67/><T126/><D35/><U5/><E15/><V1/><F70/><W30/><G30/><T74/><D25/><U109/><E22/><V131/><F1/><W76/><G128/><T94/><D129/><U29/><E29/><V127/><F38/><W114/><G114/><T37/><D37/><U102/><E109/><V113/><F40/><N who="1" m="15465" /><E99/><V86/><F111/><W52/><G39/><T50/><D112/><U83/><E51/><V91/><F113/><W81/><G107/><T26/><D26/><U121/><E121/><V64/><F123/><W110/><G104/><T33/><D33/><U68/><E68/><V115/><F115/><W10/><G110/><T97/><D120/><U60/><E58/><V34/><F34/><W48/><G13/><T11/><D11/><U77/><E77/><V118/><F118/><W71/><G71/><T21/><D21/><U98/><E98/><V65/><F131/><W61/><G61/><T36/><D36/><U125/><E125/><N who="0" m="48233" /><D50/><AGARI ba="1,0" hai="8,9,10,12,19,45,46,48,50,52,54,76,81,87" machi="50" ten="40,8000,1" yaku="9,1,8,1,52,1,54,1" doraHai="82" who="3" fromWho="0" sc="423,-83,297,0,135,0,145,83" /><INIT seed="2,0,0,0,2,77" ten="340,297,135,228" oya="2" hai0="39,106,126,35,71,55,16,112,111,86,29,48,102" hai1="52,8,54,132,79,70,26,119,2,66,9,109,87" hai2="0,82,53,113,88,19,89,5,135,61,30,83,72" hai3="23,47,40,59,27,130,43,101,116,134,73,129,120"/><V94/><F135/><W34/><G34/><T24/><D112/><U3/><E119/><V68/><F113/><W25/><G120/><T90/><D39/><U32/><E70/><V44/><F0/><W108/><G116/><T92/><D71/><U28/><E66/><V41/><F72/><W14/><G73/><T91/><D111/><U42/><E42/><V122/><F122/><W60/><G108/><T105/><D126/><U117/><E117/><V6/><F68/><W100/><G14/><T49/><D102/><U45/><E132/><V63/><F30/><W99/><G134/><T69/><D69/><U128/><E128/><V123/><F89/><W12/><G12/><T62/><D62/><N who="2" m="23562" /><F41/><W80/><G43/><T56/><D49/><N who="1" m="28719" /><E3/><V22/><F123/><W51/><G101/><T81/><REACH who="0" step="1"/><D16/><REACH who="0" ten="330,297,135,228" step="2"/><U36/><E36/><V76/><F6/><W4/><G4/><T115/><D115/><U127/><E127/><V57/><F5/><W17/><G129/><T21/><D21/><N who="1" m="15439" /><E109/><V84/><F22/><W75/><G130/><T1/><D1/><U95/><E2/><V7/><F7/><W31/><G23/><T107/><D107/><U96/><E32/><V104/><F104/><N who="3" m="63519" /><G31/><T124/><D124/><U67/><E9/><V78/><F19/><W131/><G131/><T33/><D33/><U85/><E8/><V114/><F114/><W18/><G17/><T125/><D125/><U98/><E67/><V64/><F64/><N who="3" m="38943" /><G18/><T65/><D65/><U74/><E54/><V110/><F110/><W15/><G15/><T121/><D121/><U97/><E95/><RYUUKYOKU ba="0,1" sc="330,10,297,10,135,-30,228,10" hai0="24,29,35,48,55,56,81,86,90,91,92,105,106" hai1="74,79,85,87,96,97,98" hai3="25,27,40,47,51,75,80" /><INIT seed="3,1,1,5,3,76" ten="340,307,105,238" oya="3" hai0="32,33,74,20,16,67,99,125,116,9,88,83,132" hai1="95,2,66,100,28,55,11,133,61,118,21,111,40" hai2="113,64,10,89,6,90,5,53,12,70,49,41,26" hai3="78,35,68,71,80,8,131,42,124,114,65,135,75"/><W84/><G114/><T46/><D116/><U51/><E40/><V15/><F113/><W112/><G112/><T104/><D67/><U82/><E2/><V56/><F70/><W48/><G35/><T87/><D74/><U121/><E121/><V27/><F64/><W34/><G34/><T94/><D104/><U47/><E118/><V57/><F41/><W39/><G39/><T86/><D86/><U92/><E111/><V1/><F1/><W107/><G107/><T73/><D73/><U58/><E133/><V128/><F128/><W129/><G135/><T14/><D132/><U130/><E11/><V23/><F56/><W127/><G8/><T97/><D97/><N who="1" m="59431" /><E95/><V108/><F108/><W17/><G17/><T91/><D125/><N who="3" m="48201" /><G75/><T30/><REACH who="0" step="1"/><D46/><REACH who="0" ten="330,307,105,238" step="2"/><U103/><E47/><V101/><F5/><W38/><G65/><T0/><D0/><U43/><E66/><V29/><F6/><W122/><G122/><T85/><D85/><U69/><E69/><V50/><F57/><W25/><G71/><T60/><D60/><U93/><E61/><V126/><F126/><W7/><G68/><T36/><D36/><U117/><E58/><V106/><F106/><W81/><G38/><T3/><D3/><U54/><E117/><V18/><F50/><W98/><G131/><T24/><AGARI ba="1,2" hai="9,14,16,20,24,30,32,33,83,87,88,91,94,99" machi="24" ten="30,8000,1" yaku="1,1,0,1,52,1,54,2,53,0" doraHai="76" doraHaiUra="110" who="0" fromWho="0" sc="330,103,307,-21,105,-21,238,-41" /><INIT seed="4,0,0,2,2,78" ten="433,286,84,197" oya="0" hai0="2,30,99,80,115,48,125,127,35,130,95,20,46" hai1="77,47,71,14,38,62,59,40,16,49,68,4,124" hai2="51,105,10,28,42,109,1,13,63,100,79,15,70" hai3="82,17,29,22,106,52,103,126,8,7,32,65,26"/><T98/><D2/><U25/><E124/><N who="0" m="47689" /><D35/><U121/><E121/><V75/><F28/><W102/><G126/><T107/><D115/><U11/><E38/><V129/><F109/><W118/><G118/><T74/><D107/><U108/><E108/><V90/><F129/><W53/><G65/><T43/><D130/><U86/><E25/><V117/><F117/><W119/><G119/><T60/><D60/><U54/><E16/><V50/><F63/><W87/><G106/><T3/><D3/><U56/><E56/><V24/><F70/><W73/><G73/><T135/><D135/><U61/><E61/><V113/><F75/><W101/><G29/><T57/><D57/><U18/><E18/><V112/><F1/><W6/><G32/><T94/><D99/><U76/><E76/><V27/><F79/><N who="3" m="46559" /><G7/><T122/><D122/><U33/><E33/><V67/><F105/><W123/><G123/><T116/><D116/><U23/><E23/><V19/><F67/><W131/><G131/><T84/><D74/><U134/><E134/><V37/><F19/><W111/><G111/><T36/><D98/><U120/><E120/><V91/><F10/><W34/><G34/><T41/><D20/><U133/><E133/><V21/><F21/><W66/><G66/><T81/><D30/><U114/><E114/><V39/><F42/><W5/><G5/><T31/><D31/><U96/><E96/><V69/><F69/><W9/><G6/><T0/><D0/><U132/><E132/><V64/><F64/><W89/><G89/><T83/><D84/><U104/><E104/><RYUUKYOKU ba="0,0" sc="433,0,286,0,84,0,197,0" hai0="36,41,43,46,48,80,81,83,94,95" hai1="4,11,14,40,47,49,54,59,62,68,71,77,86" hai2="13,15,24,27,37,39,50,51,90,91,100,112,113" hai3="8,9,17,22,26,52,53,101,102,103" /><INIT seed="4,1,0,3,1,17" ten="433,286,84,197" oya="0" hai0="42,106,2,8,80,76,35,4,83,123,135,44,73" hai1="6,9,18,46,118,13,47,50,112,28,79,51,99" hai2="19,69,125,113,82,68,16,36,29,75,14,0,131" hai3="58,53,120,101,55,40,27,119,70,63,7,103,94"/><T92/><D123/><U38/><E118/><V102/><F36/><W20/><G120/><T62/><D92/><U130/><E38/><V89/><F0/><W3/><G119/><T98/><D83/><U11/><E130/><V43/><F131/><W37/><G70/><T52/><D135/><U23/><E112/><V91/><F113/><W110/><G110/><T97/><D35/><U48/><E79/><V64/><F29/><W77/><G77/><T59/><REACH who="0" step="1"/><D106/><REACH who="0" ten="423,286,84,197" step="2"/><U116/><E116/><V12/><F82/><W78/><G94/><T95/><D95/><U72/><E99/><V127/><F75/><W24/><G78/><T93/><D93/><U128/><E72/><V114/><F114/><W22/><G101/><T126/><D126/><U115/><E128/><V71/><F102/><W15/><G103/><T88/><D88/><N who="2" m="33866" /><F43/><W105/><G40/><T86/><D86/><U111/><E115/><V84/><F84/><W1/><G105/><T129/><D129/><U56/><E111/><V65/><F127/><W107/><G107/><T85/><D85/><U104/><E104/><V90/><F125/><W41/><G41/><T33/><D33/><U96/><E96/><V39/><F39/><AGARI ba="1,1" hai="2,4,8,39,42,44,52,59,62,73,76,80,97,98" machi="39" ten="30,12000,1" yaku="1,1,7,1,25,2,54,1,53,0" doraHai="17" doraHaiUra="108" who="0" fromWho="2" sc="423,133,286,0,84,-123,197,0" owari="556,65.0,286,9.0,-39,-54.0,197,-20.0" /></mjloggm>