<mjloggm ver="2.3"><GO type="169" lobby="0"/><UN n0="%E3%81%B5%E3%81%8B%E3%81%A4%E3%81%81%E3%83%BC" n1="%E3%83%8B%E3%83%A3%E3%83%83%E3%83%94%E3%83%BC%E5%A4%8F%E7%9B%AE" n2="%E3%82%A6%E3%83%AB%E3%83%88%E3%83%A9%E7%AB%8B%E7%9B%B4" n3="%E3%82%89%E3%81%8F%E3%81%A0%EF%BC%90%EF%BC%91%EF%BC%90%EF%BC%99" dan="16,16,17,17" rate="2131.36,2151.28,2129.35,2249.26" sx="M,M,M,M"/><TAIKYOKU oya="0"/><INIT seed="0,0,0,3,3,73" ten="250,250,250,250" oya="0" hai0="10,104,111,122,114,11,106,52,133,99,13,23,131" hai1="118,65,125,16,123,105,15,107,132,38,0,27,7" hai2="69,100,62,3,87,120,77,79,113,93,83,41,134" hai3="130,61,4,44,57,28,37,47,90,92,32,94,40"/><T35/><D122/><U68/><E38/><V6/><F120/><W96/><G130/><T91/><D114/><U89/><E118/><V135/><F113/><W116/><G116/><T63/><D35/><U86/><E123/><V67/><F41/><W59/><G4/><T25/><D131/><U74/><E74/><V22/><F22/><W54/><G32/><T24/><D133/><N who="2" m="50698" /><F93/><W33/><G33/><T101/><D111/><U45/><E125/><V48/><F48/><W55/><G28/><T56/><D91/><U85/><E27/><V36/><F36/><W46/><REACH who="3" step="1"/><G92/><REACH who="3" ten="250,250,250,240" step="2"/><T42/><D106/><U127/><E107/><V1/><F6/><W97/><G97/><T39/><D104/><U84/><E7/><V2/><F100/><W103/><G103/><T14/><D101/><U64/><E105/><V49/><F49/><AGARI ba="0,1" hai="37,40,44,46,47,49,54,55,57,59,61,90,94,96" machi="49" ten="30,3900,0" yaku="1,1,7,1,53,1" doraHai="73" doraHaiUra="88" who="3" fromWho="2" sc="250,0,250,0,250,-39,240,49" /><INIT seed="1,0,0,4,4,71" ten="250,250,211,289" oya="1" hai0="97,84,9,47,59,108,125,1,15,4,89,94,62" hai1="7,114,101,132,106,29,127,25,86,0,31,34,117" hai2="40,57,135,23,116,46,93,39,99,30,68,58,61" hai3="123,53,95,3,78,26,48,104,36,27,70,130,112"/><U16/><E114/><V81/><F116/><W74/><G70/><T76/><D108/><U85/><E117/><V119/><F119/><W45/><G104/><T52/><D125/><U8/><E127/><V122/><F122/><W42/><G3/><T124/><D124/><U107/><E132/><V17/><F135/><W103/><G112/><T55/><D1/><U63/><E31/><V105/><F105/><W21/><G123/><T109/><D109/><U56/><E107/><V18/><F68/><W131/><G74/><T111/><D111/><U96/><REACH who="1" step="1"/><E16/><REACH who="1" ten="250,240,211,289" step="2"/><V22/><F30/><W37/><G131/><T50/><REACH who="0" step="1"/><D76/><REACH who="0" ten="240,240,211,289" step="2"/><U92/><E92/><V6/><F93/><W54/><G78/><T65/><D65/><AGARI ba="0,2" hai="0,7,8,25,29,34,56,63,65,85,86,96,101,106" machi="65" ten="30,11600,0" yaku="1,1,7,1,53,2" doraHai="71" doraHaiUra="83" who="1" fromWho="0" sc="240,-116,240,136,211,0,289,0" /><INIT seed="1,1,0,3,2,117" ten="124,376,211,289" oya="1" hai0="79,20,73,42,37,33,128,80,118,34,94,12,8" hai1="21,43,30,135,2,121,96,115,132,71,62,17,28" hai2="75,61,130,82,63,101,84,88,67,49,35,104,22" hai3="52,70,56,109,93,41,29,40,103,99,72,133,60"/><U9/><E115/><V119/><F35/><W15/><G72/><T57/><D118/><U134/><E43/><V127/><F119/><W39/><G109/><T0/><D128/><U102/><E121/><V83/><F127/><W106/><G133/><T1/><D57/><U47/><E47/><V100/><F104/><W76/><G76/><T89/><D0/><U44/><E44/><V81/><F49/><W120/><G120/><T125/><D125/><U10/><E62/><V107/><F130/><W6/><G29/><N who="1" m="11370" /><E71/><V24/><F107/><W54/><G70/><T91/><D20/><U105/><E2/><V58/><F63/><W23/><G106/><T18/><D89/><U114/><E114/><V7/><F7/><W55/><G39/><T68/><D68/><U95/><E105/><V123/><F123/><W31/><G6/><T86/><REACH who="0" step="1"/><D1/><REACH who="0" ten="114,376,211,289" step="2"/><U48/><E21/><V45/><F45/><AGARI ba="1,1" hai="8,12,18,33,34,37,42,45,73,79,80,86,91,94" machi="45" ten="40,2600,0" yaku="1,1,2,1,53,0" doraHai="117" doraHaiUra="113" who="0" fromWho="2" sc="114,39,376,0,211,-29,289,0" /><INIT seed="2,0,0,1,3,9" ten="153,376,182,289" oya="2" hai0="123,45,91,130,32,85,70,57,47,83,29,128,114" hai1="43,21,97,20,112,129,14,125,117,76,80,10,66" hai2="51,49,104,37,69,7,24,106,132,120,54,100,127" hai3="11,31,55,12,3,34,52,23,88,1,121,19,116"/><V103/><F24/><N who="3" m="18791" /><G121/><T63/><D123/><U35/><E35/><V109/><F120/><W56/><G1/><T26/><D114/><U4/><E112/><V95/><F95/><W64/><G116/><T2/><D2/><U67/><E129/><N who="0" m="49769" /><D70/><U89/><E125/><V30/><F30/><W134/><G134/><T78/><D78/><U87/><E43/><V13/><F69/><W81/><G64/><AGARI ba="0,0" hai="26,29,32,45,47,57,63,64,83,85,91" m="49769" machi="64" ten="30,1000,0" yaku="19,1" doraHai="9" who="0" fromWho="3" sc="153,10,376,0,182,0,289,-10" /><INIT seed="3,0,0,3,4,23" ten="163,376,182,279" oya="3" hai0="133,42,99,75,119,84,65,117,51,39,43,49,6" hai1="11,28,134,115,92,27,67,113,33,80,122,116,108" hai2="52,36,47,128,69,121,129,78,93,3,50,77,46" hai3="90,72,20,1,37,73,102,58,89,25,79,130,83"/><W26/><G1/><T120/><D75/><U14/><E67/><V10/><F69/><W88/><G72/><T97/><D6/><U41/><E41/><N who="2" m="22823" /><F93/><W101/><G37/><T105/><D84/><U82/><E92/><V34/><F34/><W114/><G114/><T91/><D91/><U74/><E82/><V31/><F31/><W68/><G68/><T132/><D39/><U22/><E80/><V32/><F32/><W125/><G130/><N who="2" m="50281" /><F121/><W18/><G125/><T126/><D105/><U131/><E131/><V106/><F106/><W17/><G58/><T135/><D135/><U104/><E104/><V70/><F70/><W40/><G40/><T71/><D71/><U24/><E122/><V9/><F3/><W98/><G98/><T76/><D120/><U94/><E94/><V103/><F103/><W16/><REACH who="3" step="1"/><G20/><REACH who="3" ten="163,376,182,269" step="2"/><T66/><REACH who="0" step="1"/><D126/><REACH who="0" ten="153,376,182,269" step="2"/><U55/><E74/><V96/><F96/><W13/><G13/><T112/><D112/><U12/><E12/><V110/><F110/><W81/><G81/><T60/><D60/><U2/><E108/><V86/><F86/><W124/><G124/><T59/><D59/><U64/><E113/><V127/><F127/><W57/><G57/><T7/><D7/><U0/><E115/><V5/><F5/><W107/><G107/><T29/><D29/><U95/><E28/><V44/><F44/><W35/><G35/><T15/><D15/><U54/><E33/><V4/><F4/><W21/><G21/><T61/><D61/><U62/><E22/><V19/><F19/><W111/><G111/><T30/><D30/><RYUUKYOKU ba="0,2" sc="153,10,376,-30,182,10,269,10" hai0="42,43,49,51,65,66,76,97,99,117,119,132,133" hai2="9,10,47,50,52,77,78" hai3="16,17,18,25,26,73,79,83,88,89,90,101,102" /><INIT seed="3,1,2,5,3,107" ten="163,346,192,279" oya="3" hai0="37,114,87,56,125,59,36,66,101,58,85,104,54" hai1="8,113,44,0,32,74,20,25,3,70,122,106,9" hai2="126,78,119,2,49,79,121,57,105,111,135,31,97" hai3="109,132,91,52,53,90,38,11,18,108,27,6,23"/><W99/><G38/><T127/><D66/><U98/><E70/><V63/><F2/><W14/><G132/><T103/><D114/><U24/><E74/><V26/><F119/><W83/><G99/><T62/><D62/><U7/><E44/><V51/><F51/><W67/><G67/><T118/><D118/><U73/><E73/><V117/><F49/><W128/><G128/><T55/><D59/><U16/><E106/><AGARI ba="1,2" hai="36,37,54,55,56,58,85,87,101,103,104,106,125,127" machi="106" ten="25,1600,0" yaku="22,2" doraHai="107" who="0" fromWho="1" sc="163,39,346,-19,192,0,279,0" /><INIT seed="4,0,0,3,0,25" ten="202,327,192,279" oya="0" hai0="3,40,49,24,101,126,21,131,41,109,56,108,62" hai1="63,33,1,46,90,103,128,13,8,91,45,112,29" hai2="71,111,123,59,42,89,36,51,133,110,127,94,38" hai3="135,120,31,86,39,48,129,97,105,78,98,121,115"/><T96/><D3/><U93/><E1/><V119/><F94/><W22/><G39/><T68/><D68/><U44/><E128/><V125/><F89/><W114/><G48/><T72/><D72/><U95/><E112/><V79/><F79/><W69/><G69/><T27/><D131/><U81/><E33/><V17/><F17/><W15/><G129/><T99/><D126/><N who="2" m="48138" /><F71/><W14/><G78/><T57/><D49/><U116/><E116/><V5/><F5/><W30/><G22/><T74/><D74/><U43/><E43/><V2/><F2/><W67/><G86/><T77/><D77/><U100/><E81/><V26/><F26/><W73/><G67/><T28/><D101/><U76/><E76/><V58/><F123/><W53/><G53/><T130/><D130/><U47/><E91/><V20/><F20/><W60/><G73/><T7/><D7/><U117/><E90/><V9/><F9/><W19/><G19/><T52/><D27/><U80/><E8/><V85/><F85/><W16/><G16/><T84/><D84/><U83/><E83/><V87/><F87/><W65/><G105/><T82/><D82/><U66/><E80/><V75/><F75/><W18/><G18/><T37/><D57/><N who="2" m="21514" /><F119/><W32/><G32/><T23/><D23/><U134/><E117/><V124/><N who="2" m="48146" /><V6/><DORA hai="106" /><F6/><W50/><G120/><T4/><D4/><U107/><E95/><V132/><F51/><W11/><G121/><T70/><D70/><U102/><E93/><V0/><F0/><W54/><G115/><T118/><D118/><RYUUKYOKU ba="0,0" sc="202,0,327,0,192,0,279,0" /><INIT seed="5,1,0,0,4,79" ten="202,327,192,279" oya="1" hai0="14,33,102,67,56,48,34,43,63,37,108,62,11" hai1="80,85,51,57,128,77,53,20,29,97,84,39,121" hai2="83,104,38,86,99,131,59,129,116,18,10,114,12" hai3="49,17,101,91,96,90,25,2,6,82,55,7,127"/><U19/><E39/><V93/><F116/><W50/><G127/><T98/><D108/><U71/><E71/><V58/><F104/><W107/><G50/><T105/><D37/><U35/><E128/><N who="2" m="49227" /><F38/><W125/><G125/><T115/><D115/><U134/><E134/><V135/><F114/><W9/><G6/><T23/><D23/><U65/><E121/><V21/><F21/><W26/><G17/><T5/><D43/><U124/><E124/><V15/><F15/><W92/><G107/><T87/><D48/><U54/><E35/><V72/><F72/><W95/><G101/><T70/><REACH who="0" step="1"/><D87/><REACH who="0" ten="192,327,192,279" step="2"/><U100/><E84/><V40/><F40/><W24/><G49/><T22/><D22/><U133/><E51/><V89/><F135/><W118/><G118/><T4/><D4/><U103/><E133/><V47/><F47/><W1/><G7/><T94/><D94/><U122/><E85/><V36/><F36/><W46/><G95/><T8/><D8/><U111/><E20/><V61/><F61/><W64/><G9/><T113/><D113/><U44/><E111/><V3/><F3/><W130/><G130/><T126/><D126/><U81/><E122/><V132/><F132/><W0/><G0/><T110/><D110/><U112/><E112/><V28/><F28/><W76/><G1/><T30/><D30/><U120/><E29/><V74/><F74/><W88/><G2/><T109/><D109/><U123/><E120/><V31/><F31/><W73/><G92/><T16/><D16/><U13/><E123/><V52/><F93/><W78/><G73/><RYUUKYOKU ba="1,1" sc="192,30,327,-10,192,-10,279,-10" hai0="5,11,14,33,34,56,62,63,67,70,98,102,105" /><INIT seed="6,2,1,1,2,131" ten="222,317,182,269" oya="2" hai0="124,4,83,70,39,129,63,45,55,65,71,16,69" hai1="59,54,41,20,1,17,104,44,127,121,135,25,58" hai2="36,50,93,108,96,87,38,66,90,43,15,125,31" hai3="107,113,116,52,103,37,40,42,134,114,57,7,21"/><V0/><F0/><W128/><G116/><T30/><D129/><U97/><E1/><V85/><F38/><W14/><G128/><T33/><D4/><U5/><E5/><V47/><F36/><W132/><G107/><T111/><D111/><U74/><E74/><V46/><F108/><W60/><G103/><T22/><D124/><U79/><E79/><V110/><F110/><W81/><G81/><T73/><D33/><U11/><E11/><V23/><F125/><W95/><G95/><T82/><D30/><U117/><E117/><V109/><F109/><W133/><G37/><T101/><D101/><U106/><E127/><V72/><F72/><W68/><G68/><T84/><D73/><U75/><E75/><V126/><F126/><W18/><G7/><T98/><D98/><U67/><E97/><V32/><F47/><W27/><G27/><T77/><D82/><U100/><E100/><V105/><F105/><W3/><G3/><T35/><D35/><U53/><E121/><V26/><REACH who="2" step="1"/><F66/><REACH who="2" ten="222,317,172,269" step="2"/><W12/><G12/><T94/><D39/><N who="1" m="21567" /><E67/><V34/><F34/><W88/><G113/><T118/><D118/><U80/><E106/><V9/><F9/><W64/><G114/><T76/><D45/><U24/><E104/><V122/><F122/><W62/><G64/><T119/><D119/><U13/><E13/><V86/><F86/><W6/><G14/><N who="0" m="9495" /><D65/><U61/><E25/><V51/><F51/><W56/><G62/><T115/><D115/><U130/><E61/><V99/><F99/><W78/><G60/><T92/><D76/><U10/><E24/><RYUUKYOKU ba="2,2" sc="222,15,317,-15,172,15,269,-15" hai0="55,63,69,70,71,77,83,84,92,94" hai2="15,23,26,31,32,43,46,50,85,87,90,93,96" /><INIT seed="6,3,2,3,5,100" ten="237,302,187,254" oya="2" hai0="124,126,27,39,109,121,105,20,13,54,11,129,52" hai1="134,123,72,60,28,111,19,85,102,68,36,94,87" hai2="3,6,125,117,17,23,9,24,53,132,32,37,34" hai3="108,33,86,31,73,22,90,93,10,51,119,40,8"/><V91/><F37/><W89/><G73/><T77/><D121/><U38/><E72/><V43/><F43/><W69/><G69/><T133/><D109/><U55/><E111/><V113/><F117/><W101/><G101/><T14/><D133/><U127/><E28/><V81/><F132/><W42/><G33/><T57/><D129/><U83/><E134/><V12/><F113/><W131/><G131/><T0/><D39/><U46/><E19/><V84/><F125/><N who="0" m="48234" /><D77/><U62/><E68/><V7/><F7/><W75/><G75/><T74/><D74/><U56/><E123/><V44/><F44/><N who="3" m="25991" /><G42/><T58/><D105/><U116/><E116/><V2/><REACH who="2" step="1"/><F53/><REACH who="2" ten="237,302,177,254" step="2"/><W21/><G119/><T106/><D54/><N who="1" m="33815" /><E36/><V18/><F18/><W41/><G41/><T1/><D52/><U71/><E38/><V97/><F97/><N who="3" m="57519" /><G108/><T122/><D122/><U47/><E47/><V80/><F80/><N who="3" m="49479" /><G31/><T76/><D0/><AGARI ba="3,3" hai="0,2,3,6,9,12,17,23,24,32,34,81,84,91" machi="0" ten="40,2000,0" yaku="1,1,53,0" doraHai="100" doraHaiUra="120" who="2" fromWho="0" sc="237,-29,302,0,177,59,254,0" /><INIT seed="6,4,0,4,3,87" ten="208,302,236,254" oya="2" hai0="115,65,99,80,74,132,98,79,32,86,3,45,106" hai1="82,50,46,39,128,0,6,61,77,12,78,67,71" hai2="41,90,25,62,14,59,83,95,53,119,91,111,97" hai3="52,2,93,131,129,21,117,48,107,88,96,84,64"/><V114/><F119/><W108/><G2/><T134/><D3/><U73/><E78/><V36/><F114/><W30/><G108/><T9/><D32/><U38/><E128/><N who="3" m="49226" /><G117/><T135/><D9/><U58/><E0/><V27/><F111/><W20/><G64/><T105/><D65/><U31/><E31/><V89/><F36/><W70/><G70/><T68/><D45/><U13/><E6/><V49/><F14/><W47/><G30/><T120/><D68/><U60/><E38/><V22/><F83/><N who="3" m="49183" /><G107/><N who="0" m="40971" /><D115/><U121/><E121/><V40/><F27/><W102/><AGARI ba="4,0" hai="20,21,47,48,52,93,96,102" m="49183,49226" machi="102" ten="30,7900,0" yaku="19,1,52,1,54,2" doraHai="87" who="3" fromWho="3" sc="208,-24,302,-24,236,-43,254,91" /><INIT seed="7,0,0,3,0,61" ten="184,278,193,345" oya="3" hai0="84,123,83,57,131,18,109,43,11,77,65,108,12" hai1="70,45,116,13,2,124,98,128,24,81,59,105,129" hai2="122,22,101,111,126,36,133,114,29,34,53,54,55" hai3="118,130,51,87,115,21,6,25,106,102,121,113,120"/><W52/><G118/><T74/><D123/><U67/><E70/><V73/><F34/><W3/><G130/><T41/><D131/><U117/><E2/><V49/><F36/><W46/><G3/><T35/><D35/><U100/><E81/><V38/><F38/><W15/><G87/><T62/><REACH who="0" step="1"/><D74/><REACH who="0" ten="174,278,193,345" step="2"/><U50/><E128/><V135/><F73/><W28/><G121/><T82/><D82/><U91/><E129/><V97/><F122/><W37/><G120/><T68/><D68/><U63/><E117/><V27/><F126/><W5/><G115/><T95/><D95/><U7/><E116/><V85/><F114/><W26/><G113/><T75/><D75/><U112/><E112/><V31/><F111/><AGARI ba="0,1" hai="11,12,18,41,43,57,62,65,77,83,84,108,109,111" machi="111" ten="40,2600,0" yaku="1,1,52,1,53,0" doraHai="61" doraHaiUra="33" who="0" fromWho="2" sc="174,36,278,0,193,-26,345,0" owari="210,-19.0,278,8.0,167,-33.0,345,44.0" /></mjloggm>