<mjloggm ver="2.3"><GO type="169" lobby="0"/><UN n0="%44%2D%4B" n1="%72%79%6F%EF%BC%A0%4D%4A" n2="%E3%82%A6%E3%83%AB%E3%83%88%E3%83%A9%E7%AB%8B%E7%9B%B4" n3="%E3%81%92%E3%81%A3%E3%81%A1" dan="17,16,18,16" rate="2155.25,2095.89,2284.98,2026.20" sx="M,M,M,M"/><TAIKYOKU oya="0"/><INIT seed="0,0,0,3,3,55" ten="250,250,250,250" oya="0" hai0="20,134,18,17,35,82,73,117,19,124,15,39,3" hai1="89,45,11,84,63,80,108,44,34,24,74,43,85" hai2="133,104,60,135,122,91,113,50,93,127,53,12,49" hai3="0,118,41,87,83,105,92,96,131,28,57,109,21"/><T42/><D117/><U129/><E108/><V94/><F104/><W16/><G109/><T126/><D42/><U101/><E129/><V62/><F113/><W32/><G0/><T106/><D39/><U56/><E74/><V95/><F122/><W99/><G131/><T123/><D106/><U68/><E68/><V125/><F12/><W132/><G132/><N who="2" m="50761" /><F91/><W29/><G32/><T121/><D82/><U5/><E101/><V36/><F36/><W8/><G8/><T100/><D73/><U75/><E84/><V116/><F116/><W111/><G111/><T38/><D38/><U54/><E75/><V115/><F115/><W67/><G41/><T48/><D48/><N who="2" m="18538" /><F53/><W64/><G105/><T51/><D51/><U31/><REACH who="1" step="1"/><E43/><REACH who="1" ten="250,240,250,250" step="2"/><V40/><F40/><W65/><G118/><T1/><D100/><U6/><E6/><V58/><F58/><W4/><G4/><T120/><D134/><U70/><E70/><V37/><F37/><W110/><G110/><T79/><D123/><U98/><E98/><V33/><F33/><W72/><G57/><T66/><D35/><U2/><AGARI ba="0,1" hai="2,5,11,24,31,34,44,45,54,56,63,80,85,89" machi="2" ten="20,5200,0" yaku="1,1,0,1,7,1,52,1,53,0" doraHai="55" doraHaiUra="69" who="1" fromWho="1" sc="250,-26,240,62,250,-13,250,-13" /><INIT seed="1,0,0,3,4,107" ten="224,302,237,237" oya="1" hai0="125,6,62,95,68,83,53,2,49,79,72,120,3" hai1="56,80,131,44,100,105,77,58,98,70,103,37,91" hai2="60,112,110,52,76,65,75,122,123,111,54,20,96" hai3="45,59,114,19,106,39,129,61,5,74,15,82,71"/><U90/><E70/><V102/><F20/><W119/><G114/><T117/><D117/><U97/><E37/><V128/><F128/><W41/><G119/><T11/><D125/><U8/><E44/><V93/><F112/><W57/><G129/><T99/><D120/><U69/><E69/><V101/><F101/><W4/><G106/><T78/><D78/><U13/><E131/><V32/><F32/><W86/><G74/><T115/><D115/><U23/><E23/><V9/><F9/><W109/><G71/><T66/><D3/><U108/><E91/><V31/><F31/><W36/><G36/><T21/><D21/><U118/><E90/><V42/><F42/><W12/><G109/><N who="2" m="41481" /><F65/><W25/><G25/><T50/><REACH who="0" step="1"/><D53/><REACH who="0" ten="214,302,237,237" step="2"/><N who="2" m="20586" /><F60/><W130/><G61/><T38/><D38/><U87/><E108/><V18/><F18/><W0/><G0/><T67/><D67/><U51/><E118/><V84/><F84/><W1/><G1/><T26/><D26/><U121/><E121/><V135/><F135/><W134/><G134/><T29/><D29/><U132/><E132/><V22/><F22/><W81/><G130/><T14/><D14/><U64/><E64/><V94/><F123/><W127/><G15/><T73/><D73/><U28/><E28/><V124/><F122/><W88/><G127/><T35/><D35/><U46/><E13/><V48/><F124/><W16/><G12/><T47/><D47/><U43/><E8/><V116/><F116/><W30/><G30/><T33/><D33/><U104/><AGARI ba="0,1" hai="43,46,51,56,58,77,80,87,97,98,100,103,104,105" machi="104" ten="20,3900,0" yaku="0,1,7,1,9,1" doraHai="107" who="1" fromWho="1" sc="214,-13,302,49,237,-13,237,-13" /><INIT seed="1,1,0,4,1,104" ten="201,351,224,224" oya="1" hai0="20,68,53,31,61,11,129,118,89,130,92,115,81" hai1="24,135,60,57,7,83,58,46,100,73,6,56,78" hai2="126,123,39,38,54,88,94,25,106,28,1,116,112" hai3="121,21,91,69,124,55,41,85,74,72,70,34,77"/><U14/><E100/><V71/><F116/><W133/><G34/><T0/><D115/><U127/><E127/><V22/><F123/><W101/><G121/><T97/><D118/><U79/><E135/><V37/><F126/><W49/><G124/><T110/><D110/><U52/><E78/><V93/><F112/><W80/><G133/><T82/><D31/><U76/><E76/><V109/><F109/><W65/><G41/><T51/><D20/><U19/><E24/><V119/><F119/><W117/><G117/><T29/><D29/><U4/><REACH who="1" step="1"/><E46/><REACH who="1" ten="201,341,224,224" step="2"/><V67/><F25/><W111/><G111/><T98/><D129/><U12/><E12/><V120/><F1/><W102/><G101/><T42/><D130/><U17/><E17/><V33/><F120/><W3/><G102/><T95/><D0/><U103/><E103/><V45/><F28/><W8/><G77/><T36/><D89/><U47/><E47/><V44/><F44/><W90/><G90/><T63/><D98/><U50/><E50/><V5/><F88/><W66/><G91/><T23/><D97/><U134/><E134/><V10/><F45/><W27/><G3/><T131/><D51/><U128/><E128/><V35/><F38/><W62/><G49/><T26/><D131/><U132/><E132/><V113/><F39/><W105/><G27/><T2/><D36/><U18/><E18/><V108/><F37/><W122/><G122/><T40/><D26/><U48/><E48/><V125/><F125/><W114/><G114/><T15/><D15/><U96/><E96/><V64/><F113/><RYUUKYOKU ba="1,1" sc="201,-10,341,30,224,-10,224,-10" hai1="4,6,7,14,19,52,56,57,58,60,73,79,83" /><INIT seed="1,2,1,1,3,32" ten="191,371,214,214" oya="1" hai0="128,9,61,76,135,55,104,50,132,113,69,7,49" hai1="29,117,57,77,3,107,80,58,53,127,79,88,68" hai2="97,125,27,38,81,25,100,73,120,111,43,130,134" hai3="0,52,46,78,85,44,115,11,59,112,64,99,24"/><U94/><E117/><V93/><F120/><W22/><G64/><N who="0" m="41103" /><D104/><U92/><E68/><V28/><F111/><W21/><G99/><T91/><D76/><U42/><E107/><V83/><F130/><W41/><G112/><T37/><D91/><U62/><E42/><V33/><F125/><W118/><G118/><T129/><D9/><U131/><E131/><N who="0" m="50249" /><D7/><U74/><E79/><V70/><F70/><W89/><G78/><T47/><D37/><U102/><E29/><V114/><F73/><W19/><G115/><T67/><D113/><U106/><E106/><V133/><F114/><W103/><G103/><T30/><D30/><U82/><E82/><V63/><F83/><W98/><G98/><T75/><D75/><U5/><E102/><V15/><F81/><W26/><G89/><T16/><D16/><U110/><E88/><V54/><F15/><W10/><G85/><T6/><D6/><U122/><E92/><V124/><F25/><W2/><G11/><T31/><D31/><U18/><E94/><V45/><F124/><W105/><G10/><T72/><D72/><U84/><E74/><V8/><F8/><W36/><G105/><T108/><D108/><U60/><E110/><V119/><F119/><W101/><G101/><T65/><D50/><U51/><E51/><V86/><F86/><W4/><G4/><T121/><D121/><U90/><E122/><V17/><F17/><W95/><G95/><T34/><D34/><U1/><E18/><V96/><F96/><W56/><G36/><T13/><D13/><U14/><E14/><V109/><F109/><RYUUKYOKU ba="2,1" sc="191,15,371,-15,214,15,214,-15" hai0="47,49,55,65,67,132,135" hai2="27,28,33,38,43,45,54,63,93,97,100,133,134" /><INIT seed="2,3,1,1,5,3" ten="206,356,229,199" oya="2" hai0="122,36,29,66,99,83,13,107,120,96,27,86,28" hai1="114,127,70,43,39,59,98,64,12,30,89,102,101" hai2="78,113,14,5,41,77,2,69,100,124,49,46,50" hai3="47,92,84,133,103,91,54,65,38,61,126,56,109"/><V53/><F113/><W42/><G109/><T85/><D36/><U112/><E70/><V80/><F124/><W123/><G123/><T87/><D66/><U33/><E127/><V45/><F2/><W119/><G119/><T58/><D83/><U52/><E64/><V16/><F69/><W88/><G126/><T72/><D72/><U0/><E0/><V82/><F100/><W110/><G110/><T1/><D1/><U75/><E75/><V118/><F118/><W31/><G133/><T95/><D107/><U117/><E117/><V9/><F82/><W32/><G103/><T94/><D13/><U8/><E102/><V63/><F63/><W132/><G132/><T35/><D58/><U24/><E101/><V22/><REACH who="2" step="1"/><F80/><REACH who="2" ten="206,356,219,199" step="2"/><W106/><G106/><T93/><D120/><U67/><E112/><V81/><F81/><W44/><G61/><T105/><D122/><U121/><E121/><V23/><F23/><W17/><G32/><T60/><D105/><U34/><E33/><V128/><F128/><W25/><G92/><T97/><D60/><U4/><E114/><V74/><F74/><W111/><G111/><T129/><D129/><U104/><E104/><V6/><F6/><W134/><G134/><T21/><REACH who="0" step="1"/><D35/><REACH who="0" ten="196,356,219,199" step="2"/><U71/><E34/><V51/><F51/><W62/><G62/><T10/><D10/><U18/><E8/><V116/><F116/><W19/><G38/><T11/><D11/><U68/><E39/><V79/><F79/><W20/><G65/><T135/><D135/><U7/><E67/><V108/><F108/><W115/><G115/><RYUUKYOKU ba="3,3" sc="196,15,356,-15,219,15,199,-15" hai0="21,27,28,29,85,86,87,93,94,95,96,97,99" hai2="5,9,14,16,22,41,45,46,49,50,53,77,78" /><INIT seed="2,4,3,0,0,106" ten="211,341,234,184" oya="2" hai0="114,3,16,100,132,37,109,59,127,19,22,129,10" hai1="53,95,61,126,39,9,69,83,135,28,124,49,92" hai2="20,119,27,91,40,7,44,15,46,101,62,120,105" hai3="6,68,76,72,94,134,86,66,71,42,128,31,51"/><V45/><F119/><W29/><G128/><T21/><D37/><U23/><E39/><V97/><F120/><W113/><G72/><T60/><D114/><U55/><E135/><V50/><F91/><W125/><G134/><T25/><D132/><U26/><E9/><V30/><F7/><W14/><G113/><T64/><D129/><U8/><E8/><V96/><F96/><W87/><G125/><N who="1" m="48234" /><E83/><V78/><F78/><W58/><G71/><T103/><D127/><U131/><E131/><V98/><F15/><W79/><G68/><T81/><D109/><U70/><E70/><V18/><F98/><W38/><G38/><T88/><D10/><U32/><E32/><V75/><F75/><W73/><G73/><T4/><D4/><U54/><E49/><V89/><F89/><N who="3" m="53559" /><G14/><N who="0" m="9367" /><D3/><U34/><E34/><V107/><F107/><W41/><G6/><T130/><D130/><U111/><E111/><V5/><F5/><W123/><G123/><T104/><D104/><U84/><E84/><AGARI ba="4,3" hai="19,22,25,59,60,64,81,84,88,100,103" m="9367" machi="84" ten="30,3900,0" yaku="8,1,54,2" doraHai="106" who="0" fromWho="1" sc="211,81,341,-51,234,0,184,0" /><INIT seed="3,0,0,0,5,78" ten="292,290,234,184" oya="3" hai0="60,9,43,7,33,2,118,47,77,88,134,46,19" hai1="89,80,15,17,40,108,98,18,5,93,110,104,96" hai2="50,53,10,54,121,100,128,91,30,109,16,102,68" hai3="0,84,21,113,76,27,69,126,23,125,6,99,90"/><W25/><G69/><T66/><D118/><U38/><E38/><V83/><F68/><W132/><G113/><T22/><D33/><U24/><E40/><V45/><F109/><N who="1" m="42089" /><E5/><V20/><F128/><W65/><G65/><T112/><D134/><U51/><E51/><V79/><F121/><W32/><G132/><T106/><D106/><U95/><E104/><V61/><F30/><W97/><G76/><T115/><D77/><U59/><E59/><N who="2" m="35063" /><F10/><N who="3" m="2375" /><G32/><T36/><D47/><U4/><E24/><N who="3" m="9290" /><G97/><N who="1" m="37482" /><E4/><V122/><F79/><W52/><G99/><T75/><D75/><U123/><E123/><V62/><F62/><W105/><G52/><T31/><D60/><U44/><E44/><V63/><F63/><W82/><G105/><T124/><D46/><U58/><E58/><V131/><F122/><W101/><G101/><T56/><D56/><U117/><E117/><V114/><F114/><W70/><G70/><T11/><D115/><U127/><E17/><V94/><F102/><W81/><G23/><T87/><D22/><N who="1" m="11615" /><E127/><N who="3" m="48650" /><G21/><T48/><D124/><U37/><E37/><V116/><F20/><W130/><G130/><T133/><D36/><U129/><E129/><V64/><F131/><W14/><G14/><T49/><D112/><U8/><E8/><V13/><F13/><W74/><G74/><T86/><D11/><U71/><E71/><V28/><F100/><W55/><G55/><T29/><D9/><U107/><E107/><V57/><F53/><W119/><G119/><T34/><D7/><U135/><E135/><V73/><F116/><W120/><G120/><T12/><D133/><RYUUKYOKU ba="0,0" sc="292,-15,290,15,234,-15,184,15" hai1="80,89,93,95" hai3="81,82,84,90" /><INIT seed="3,1,0,5,3,75" ten="277,305,219,199" oya="3" hai0="61,13,32,22,2,125,59,111,122,86,128,4,72" hai1="116,85,37,112,100,28,83,24,73,69,15,130,88" hai2="115,33,79,54,102,133,39,19,106,50,9,91,26" hai3="56,126,20,30,89,134,38,120,109,16,21,77,129"/><W29/><G120/><T66/><D72/><U42/><E112/><V55/><F115/><W132/><G38/><T92/><D122/><U65/><E130/><V105/><F39/><W6/><G129/><T31/><D111/><U71/><E73/><V70/><F70/><W97/><G109/><T43/><D125/><U34/><E100/><V51/><F26/><W36/><G36/><T118/><D43/><U78/><E65/><V52/><F9/><W53/><G6/><T114/><D118/><U67/><E67/><V68/><F19/><W57/><G126/><T23/><D32/><U62/><E62/><V35/><F91/><W8/><G77/><T107/><D107/><U60/><E60/><V11/><F11/><W82/><G8/><T48/><D2/><U27/><E27/><V113/><F55/><W110/><G110/><T12/><D4/><U101/><E101/><V63/><F63/><N who="3" m="36239" /><G21/><T64/><D23/><U1/><E71/><V17/><F68/><W104/><G57/><T94/><D59/><U45/><E69/><V40/><F113/><W119/><G104/><T131/><D114/><U5/><E1/><V121/><F121/><W7/><G7/><T87/><D61/><U99/><E5/><V95/><F106/><W96/><G119/><T84/><D22/><U14/><E116/><V10/><F105/><W47/><G47/><T135/><D128/><U108/><E108/><V98/><F35/><W46/><G46/><T49/><D131/><U93/><AGARI ba="1,0" hai="14,15,24,28,34,37,42,45,78,83,85,88,93,99" machi="93" ten="30,4000,0" yaku="0,1,52,1,54,1" doraHai="75" who="1" fromWho="1" sc="277,-11,305,43,219,-11,199,-21" /><INIT seed="4,0,0,0,0,93" ten="266,348,208,178" oya="0" hai0="76,87,58,71,33,59,69,131,48,82,24,8,111" hai1="114,125,106,57,38,120,30,122,12,44,23,113,127" hai2="45,56,6,14,90,99,80,124,66,117,25,35,2" hai3="128,32,63,109,94,22,46,95,123,130,77,88,74"/><T13/><D131/><N who="3" m="50217" /><G32/><T104/><D104/><U5/><E106/><V51/><F2/><W89/><G109/><T129/><D129/><U118/><E118/><V126/><F117/><W60/><G123/><N who="1" m="47146" /><E57/><V40/><F35/><W101/><G101/><T85/><D111/><U81/><E81/><V83/><F25/><W105/><G105/><T72/><D72/><U98/><E44/><V133/><F133/><W68/><G22/><T50/><D33/><U73/><E38/><V53/><F66/><N who="3" m="41031" /><G46/><T10/><D13/><U121/><E73/><V91/><F126/><N who="1" m="48137" /><E121/><V64/><F124/><W92/><G63/><T79/><REACH who="0" step="1"/><D82/><AGARI ba="0,0" hai="74,77,82,88,89,92,94,95" m="41031,50217" machi="82" ten="30,2000,0" yaku="19,1,54,1" doraHai="93" who="3" fromWho="0" sc="266,-20,348,0,208,0,178,20" /><INIT seed="5,0,0,2,4,24" ten="246,348,208,198" oya="1" hai0="68,83,31,77,96,13,32,21,2,57,44,121,29" hai1="102,43,124,30,34,69,134,72,3,61,129,63,73" hai2="100,64,93,78,82,10,41,37,19,115,98,46,113" hai3="25,59,122,4,80,75,131,127,71,28,135,114,84"/><U42/><E3/><V88/><F64/><W39/><G122/><T89/><D32/><U110/><E102/><V33/><F33/><W109/><G109/><T117/><D2/><U36/><E110/><V26/><F100/><W74/><G71/><T8/><D68/><U15/><E15/><V23/><REACH who="2" step="1"/><F10/><REACH who="2" ten="246,348,198,198" step="2"/><W58/><G135/><T79/><D8/><U99/><E34/><V119/><F119/><W108/><G108/><T51/><D117/><U22/><E134/><V38/><F38/><W130/><G39/><T20/><D121/><U45/><E36/><V91/><F91/><W40/><G131/><T7/><D89/><U60/><E129/><V5/><F5/><W18/><G130/><T87/><D7/><U132/><E132/><V128/><F128/><W14/><G4/><T49/><D79/><U1/><E69/><V103/><F103/><W67/><G67/><T35/><D77/><U65/><E65/><V9/><F9/><W90/><G90/><T56/><D35/><U92/><E22/><V70/><F70/><W126/><G127/><T66/><D21/><U107/><E124/><V12/><F12/><W54/><G14/><T47/><D13/><U6/><E1/><V48/><F48/><W81/><G126/><T105/><D20/><U120/><E6/><V86/><AGARI ba="0,1" hai="19,23,26,37,41,46,78,82,86,88,93,98,113,115" machi="86" ten="30,7900,0" yaku="1,1,0,1,54,1,53,1" doraHai="24" doraHaiUra="85" who="2" fromWho="2" sc="246,-20,348,-39,198,89,198,-20" /><INIT seed="6,0,0,0,0,90" ten="226,309,287,178" oya="2" hai0="84,48,71,108,127,82,83,27,65,78,111,9,36" hai1="103,40,50,56,88,20,85,126,10,38,5,116,76" hai2="55,113,122,33,109,92,4,132,106,115,53,41,130" hai3="104,43,134,42,32,34,118,35,86,74,13,28,25"/><V110/><F106/><W3/><G74/><T112/><D36/><U19/><E116/><V129/><F33/><W89/><G3/><T117/><D127/><U94/><E126/><V31/><F31/><W7/><G118/><T72/><D117/><U17/><E38/><V12/><F4/><W61/><G104/><T1/><D65/><U54/><E40/><V58/><F12/><W87/><G134/><T102/><D71/><U39/><E39/><V81/><F81/><W75/><G75/><T91/><D102/><U16/><E103/><V121/><F92/><W26/><G61/><T18/><D112/><N who="2" m="43082" /><F41/><W131/><G131/><N who="2" m="50185" /><F132/><W6/><G35/><T67/><D1/><U21/><REACH who="1" step="1"/><E76/><REACH who="1" ten="226,299,287,178" step="2"/><V69/><F69/><W2/><G43/><T44/><D78/><U51/><E51/><N who="2" m="31039" /><F55/><W22/><G42/><T95/><D48/><U23/><E23/><V97/><F97/><W30/><G22/><T0/><D9/><U125/><E125/><V52/><F52/><W128/><G128/><T133/><D133/><U114/><E114/><V49/><F49/><W119/><G119/><T100/><D100/><U14/><AGARI ba="0,1" hai="5,10,14,16,17,19,20,21,50,54,56,85,88,94" machi="14" ten="30,12000,2" yaku="1,1,0,1,8,1,52,1,54,2,53,0" doraHai="90" doraHaiUra="120" who="1" fromWho="1" sc="226,-30,299,130,287,-60,178,-30" /><INIT seed="7,0,0,3,3,85" ten="196,429,227,148" oya="3" hai0="40,52,106,110,7,131,74,88,87,44,29,65,5" hai1="9,13,26,28,4,69,109,21,2,45,97,60,105" hai2="130,0,57,25,51,84,117,42,76,61,30,78,114" hai3="41,103,20,33,94,89,128,50,63,11,108,116,47"/><W79/><G33/><T122/><D110/><U90/><E109/><V134/><F0/><W101/><G108/><T119/><D119/><U19/><E45/><V36/><F36/><W49/><G116/><T92/><D122/><U32/><E69/><V111/><F114/><W64/><G128/><T126/><D74/><U43/><E43/><V95/><F134/><W115/><G115/><T81/><D106/><U39/><E39/><V48/><F48/><W59/><G79/><N who="0" m="46527" /><D65/><U118/><E60/><V15/><F51/><W77/><G77/><T27/><D131/><U58/><E58/><V99/><F57/><W96/><G50/><N who="0" m="28743" /><D40/><U38/><E38/><V133/><F78/><W46/><G46/><T16/><D29/><U67/><E67/><V112/><F30/><W22/><REACH who="3" step="1"/><G11/><REACH who="3" ten="196,429,227,138" step="2"/><T55/><D126/><U104/><E118/><V54/><F76/><W10/><G10/><T98/><D55/><U24/><E9/><V18/><F54/><W14/><G14/><T132/><D132/><U80/><E13/><V120/><F15/><W127/><G127/><T129/><D129/><U135/><E135/><V113/><F133/><W8/><G8/><T82/><D82/><U31/><E2/><V83/><F130/><W72/><G72/><T62/><D62/><U56/><E80/><V68/><F117/><W121/><G121/><T93/><D7/><U12/><E12/><V125/><F125/><W34/><G34/><T102/><D5/><U1/><E4/><V86/><F120/><W3/><G3/><T53/><D53/><U35/><E1/><V23/><F111/><RYUUKYOKU ba="0,1" sc="196,-10,429,-10,227,-10,138,30" hai3="20,22,41,47,49,59,63,64,89,94,96,101,103" /><INIT seed="7,1,1,5,0,11" ten="186,419,217,168" oya="3" hai0="1,79,65,68,92,38,50,83,58,59,24,77,35" hai1="2,121,133,57,30,37,118,34,110,96,80,40,131" hai2="101,0,99,48,16,42,81,130,115,12,103,100,82" hai3="5,26,98,86,125,78,63,134,54,119,91,18,88"/><W122/><G119/><T4/><D38/><U75/><RYUUKYOKU type="yao9" ba="1,1" sc="186,0,419,0,217,0,168,0" hai1="2,30,34,37,40,57,75,80,96,110,118,121,131,133" /><INIT seed="7,2,1,0,4,54" ten="186,419,217,168" oya="3" hai0="14,21,81,82,106,48,28,24,55,113,77,62,25" hai1="128,114,30,33,46,75,61,8,108,22,44,63,5" hai2="104,47,9,34,31,122,99,18,7,123,129,109,4" hai3="32,65,132,59,66,95,79,88,91,19,51,45,118"/><W39/><G118/><T117/><D106/><U10/><E108/><V73/><F73/><W40/><G32/><T86/><D117/><U57/><E33/><V11/><F109/><W133/><G79/><T49/><D113/><U36/><E75/><V17/><F129/><W53/><G19/><T121/><D121/><N who="2" m="46090" /><F47/><W80/><G80/><N who="0" m="47375" /><D25/><N who="1" m="16695" /><E63/><V92/><F104/><W68/><G91/><T38/><D38/><U96/><E5/><V89/><F31/><W70/><G88/><T27/><D27/><U20/><E20/><V29/><F29/><W87/><G95/><T74/><D74/><U56/><E96/><V119/><F34/><W116/><G87/><T120/><D120/><U2/><E2/><N who="2" m="151" /><F119/><W126/><G116/><T16/><D62/><U134/><E134/><N who="3" m="51818" /><G126/><T23/><D49/><U43/><E8/><V50/><F50/><W98/><G98/><T103/><D103/><U83/><E83/><V124/><F124/><W41/><G41/><T15/><D15/><AGARI ba="2,1" hai="7,11,15,17,18,89,92,99" m="151,46090" machi="15" ten="30,1000,0" yaku="13,1" doraHai="54" who="2" fromWho="0" sc="186,-16,419,0,217,26,168,0" owari="170,-23.0,419,52.0,243,4.0,168,-33.0" /></mjloggm>