<mjloggm ver="2.3"><GO type="169" lobby="0"/><UN n0="%6E%65%77%E3%81%9F%E3%81%91%E3%81%93%E3%81%9E%E3%81%86" n1="%E3%82%A6%E3%83%AB%E3%83%88%E3%83%A9%E7%AB%8B%E7%9B%B4" n2="%E3%83%B4%E3%82%A1%E3%83%AA%E3%83%BC" n3="%E3%81%BC%E3%82%89" dan="16,17,16,16" rate="2164.60,2189.40,2104.08,2039.36" sx="M,M,M,M"/><TAIKYOKU oya="0"/><INIT seed="0,0,0,0,0,103" ten="250,250,250,250" oya="0" hai0="12,102,119,28,134,13,31,45,16,105,118,56,19" hai1="71,84,57,117,10,110,72,62,73,120,14,37,50" hai2="44,5,21,113,39,125,115,104,22,34,4,1,63" hai3="131,11,99,18,114,70,59,97,128,67,54,124,8"/><T65/><D134/><U25/><E120/><V2/><F63/><W100/><G114/><N who="2" m="43529" /><F44/><W107/><G124/><T90/><D45/><U91/><E110/><V133/><F39/><W81/><G81/><T52/><D65/><U127/><E127/><V112/><F34/><W58/><G97/><T9/><D90/><U87/><E37/><V106/><F133/><W132/><G132/><T46/><D46/><U78/><E50/><V101/><F101/><W6/><G18/><T36/><D36/><U23/><E71/><V24/><F24/><W77/><G77/><T85/><D85/><U3/><E84/><V135/><F125/><W20/><G20/><N who="2" m="7785" /><F135/><W53/><G70/><T64/><D64/><U111/><E25/><V0/><N who="2" m="43537" /><V60/><DORA hai="51" /><F60/><N who="3" m="38303" /><G6/><AGARI ba="0,0" hai="0,1,2,4,5,6,104,106" m="7785,43537" machi="6" ten="50,8000,1" yaku="28,2,52,2" doraHai="103,51" who="2" fromWho="3" sc="250,0,250,0,250,80,250,-80" /><INIT seed="1,0,0,2,0,119" ten="250,250,330,170" oya="1" hai0="0,40,102,125,88,122,67,41,66,105,30,55,114" hai1="2,12,17,132,77,79,118,33,68,106,129,7,130" hai2="110,112,63,94,82,84,69,89,48,51,50,124,97" hai3="53,80,13,65,120,5,99,15,18,103,76,3,128"/><U11/><E106/><V90/><F124/><W96/><G128/><N who="1" m="49258" /><E68/><V26/><F110/><W49/><G120/><T64/><D0/><U25/><E118/><V10/><F10/><W44/><G65/><T83/><D30/><N who="1" m="19663" /><E132/><V111/><F111/><W31/><G31/><T104/><D114/><U60/><E60/><V4/><F4/><W37/><G37/><T62/><D125/><U8/><AGARI ba="0,0" hai="2,7,8,11,12,17,77,79" m="19663,49258" machi="8" ten="30,1500,0" yaku="19,1" doraHai="119" who="1" fromWho="1" sc="250,-5,250,15,330,-5,170,-5" /><INIT seed="1,1,0,2,4,92" ten="245,265,325,165" oya="1" hai0="89,64,71,119,22,95,45,68,7,12,85,26,84" hai1="53,24,31,33,127,69,105,48,123,126,117,118,21" hai2="120,51,104,61,107,49,65,0,25,122,78,35,110" hai3="15,59,16,52,27,111,72,56,58,97,76,99,109"/><U9/><E105/><V10/><F110/><N who="3" m="41995" /><G27/><T13/><D119/><U4/><E69/><N who="2" m="42159" /><F78/><W129/><G129/><T23/><D68/><U90/><E90/><V44/><F51/><W30/><G30/><T34/><D34/><U66/><E66/><V88/><F88/><W37/><G37/><T121/><D121/><U73/><E73/><V29/><F49/><N who="3" m="30735" /><G59/><T57/><D71/><U114/><E123/><N who="2" m="47147" /><F44/><W132/><G132/><T101/><D45/><U11/><E48/><V62/><F62/><W77/><G58/><T75/><D75/><U82/><E53/><V130/><F130/><W3/><G3/><T79/><D57/><U106/><E117/><V39/><F39/><W28/><G28/><T1/><D1/><U86/><E118/><V70/><F70/><W94/><G72/><T87/><D64/><U42/><E42/><V54/><F54/><W131/><G131/><T19/><D7/><AGARI ba="1,0" hai="0,7,10,25,29,35,104,107" m="47147,42159" machi="7" ten="30,1000,0" yaku="23,1" doraHai="92" who="2" fromWho="0" sc="245,-13,265,0,325,13,165,0" /><INIT seed="2,0,0,2,3,103" ten="232,265,338,165" oya="2" hai0="56,122,63,108,133,86,39,19,51,132,105,54,123" hai1="134,25,2,34,67,4,78,117,13,60,43,28,121" hai2="53,81,69,45,72,82,118,120,66,77,59,31,12" hai3="7,33,75,40,71,36,62,15,41,73,57,99,111"/><V97/><F120/><N who="0" m="46122" /><D86/><U83/><E121/><V126/><F126/><W85/><G111/><T106/><D19/><U10/><E117/><V128/><F128/><W101/><G33/><T11/><D11/><U119/><E119/><V125/><F125/><W109/><G109/><T80/><D80/><U26/><E26/><V37/><F31/><W95/><G71/><T6/><D6/><U94/><E94/><V68/><F66/><W27/><G27/><T58/><D108/><U113/><E113/><V65/><F65/><W9/><G85/><T24/><D24/><U115/><E115/><V21/><F97/><W114/><G114/><T93/><D93/><U49/><E134/><N who="0" m="51817" /><D39/><U5/><E5/><V98/><F98/><W129/><G36/><T50/><D50/><U116/><E116/><V74/><F118/><W38/><G129/><T17/><D17/><U55/><E2/><V16/><F82/><W124/><G124/><T92/><D92/><U14/><E14/><V47/><F37/><W0/><G0/><T79/><D79/><U76/><E76/><V131/><F131/><W64/><REACH who="3" step="1"/><G38/><REACH who="3" ten="232,265,338,155" step="2"/><T91/><D91/><U135/><E25/><V96/><F96/><W90/><G90/><T48/><D48/><U107/><E49/><V44/><REACH who="2" step="1"/><F72/><AGARI ba="0,1" hai="7,9,15,40,41,57,62,64,72,73,75,95,99,101" machi="72" ten="40,1300,0" yaku="1,1,53,0" doraHai="103" doraHaiUra="42" who="3" fromWho="2" sc="232,0,265,0,338,-13,155,23" /><INIT seed="3,0,0,1,5,37" ten="232,265,325,178" oya="3" hai0="14,126,48,96,26,11,24,66,111,20,104,129,22" hai1="117,67,113,95,135,57,62,75,56,82,4,124,27" hai2="92,110,118,125,130,39,54,120,85,80,60,1,71" hai3="131,68,81,23,122,38,86,0,106,28,103,93,128"/><W45/><G122/><T99/><D66/><U51/><E113/><V134/><RYUUKYOKU type="yao9" ba="0,0" sc="232,0,265,0,325,0,178,0" hai2="1,39,54,60,71,80,85,92,110,118,120,125,130,134" /><INIT seed="3,1,0,2,4,85" ten="232,265,325,178" oya="3" hai0="122,17,3,108,1,125,19,110,72,87,92,129,27" hai1="29,53,100,13,86,103,46,64,48,65,31,71,12" hai2="40,116,68,67,7,117,135,35,57,30,20,77,25" hai3="66,36,89,5,39,24,56,18,38,74,102,16,134"/><W44/><G134/><T11/><D72/><U90/><E71/><V63/><F135/><W4/><G74/><T97/><D122/><U60/><E60/><V98/><F7/><W78/><G78/><T41/><D41/><U73/><E73/><V119/><F77/><W6/><G44/><T70/><D70/><U50/><E46/><V107/><F40/><W23/><G102/><T95/><D129/><U133/><E86/><V96/><F20/><W104/><G104/><T26/><D125/><U80/><E80/><V62/><REACH who="2" step="1"/><F107/><REACH who="2" ten="232,265,315,178" step="2"/><W22/><G22/><T52/><D1/><U43/><E43/><V109/><F109/><W105/><G105/><T120/><D3/><U94/><E133/><V83/><F83/><W42/><G42/><T114/><D110/><U111/><E111/><V128/><F128/><W91/><REACH who="3" step="1"/><G18/><REACH who="3" ten="232,265,315,168" step="2"/><T118/><D19/><U45/><E31/><V124/><F124/><W21/><G21/><T58/><D17/><U28/><E29/><V9/><F9/><W123/><G123/><T127/><D11/><U121/><E28/><V0/><F0/><W93/><G93/><T126/><D92/><U55/><E94/><V49/><F49/><W34/><G34/><T101/><D95/><U47/><E121/><V59/><F59/><W37/><N who="3" m="9216" /><DORA hai="61" /><W33/><G33/><T76/><D58/><U131/><E131/><V8/><F8/><W51/><G51/><T15/><D120/><U69/><E69/><V115/><F115/><W84/><G84/><T32/><D114/><U54/><E50/><V79/><F79/><W112/><G112/><RYUUKYOKU ba="1,2" sc="232,-15,265,-15,315,15,168,15" hai2="25,30,35,57,62,63,67,68,96,98,116,117,119" hai3="4,5,6,16,23,24,56,66,89,91" /><INIT seed="3,2,2,3,4,134" ten="217,250,330,183" oya="3" hai0="33,32,42,38,128,81,3,126,95,16,103,113,23" hai1="77,129,35,18,74,115,122,6,11,40,14,17,37" hai2="57,78,91,72,30,67,10,120,64,61,106,127,131" hai3="100,80,58,76,2,26,132,133,110,15,82,108,51"/><W105/><G2/><T94/><D3/><U89/><E115/><V85/><F106/><W60/><G51/><T9/><D128/><U121/><E89/><V86/><F120/><W13/><G26/><T83/><D9/><U117/><E35/><V123/><F123/><W73/><G82/><T20/><D42/><U92/><E92/><V112/><F72/><W27/><G27/><T1/><D1/><N who="1" m="463" /><E18/><V114/><F30/><W50/><G50/><T70/><D70/><U56/><E56/><V5/><F64/><N who="3" m="38935" /><G100/><T119/><D103/><U8/><E129/><V24/><F24/><W59/><G59/><T48/><D48/><U22/><E8/><V29/><F29/><W75/><G75/><T97/><D38/><U31/><E31/><V87/><F131/><W45/><G45/><T21/><D113/><U124/><E117/><V43/><F43/><W4/><G4/><T130/><D130/><U65/><E65/><V71/><F71/><W49/><G49/><T96/><D119/><U104/><E104/><V116/><F116/><W54/><G54/><T39/><D39/><U55/><E55/><V93/><F112/><W68/><G68/><T36/><D36/><U12/><E12/><N who="3" m="4682" /><G105/><T46/><D21/><U109/><E121/><V84/><F114/><W102/><G102/><T47/><REACH who="0" step="1"/><D16/><REACH who="0" ten="207,250,330,183" step="2"/><U62/><E17/><V79/><F10/><W7/><G7/><T90/><D90/><U111/><E122/><V118/><F5/><W0/><G0/><T98/><D98/><U69/><E37/><V101/><F118/><W99/><G99/><T41/><D41/><RYUUKYOKU ba="2,3" sc="207,15,250,-15,330,-15,183,15" hai0="20,23,32,33,46,47,81,83,94,95,96,97,126" hai3="73,76,80,108,110,132,133" /><INIT seed="3,3,3,5,4,52" ten="222,235,315,198" oya="3" hai0="81,76,47,124,6,94,51,112,108,14,132,72,83" hai1="116,17,82,36,38,44,61,85,91,101,42,66,67" hai2="113,104,78,121,73,63,109,26,20,25,41,45,2" hai3="43,35,86,11,92,111,39,123,31,79,1,21,10"/><W48/><BYE who="0" /><G123/><T115/><D115/><U16/><E116/><V53/><F109/><W135/><G111/><T70/><D70/><U60/><E101/><V133/><F133/><W13/><G135/><T93/><D93/><U4/><E4/><UN n0="%6E%65%77%E3%81%9F%E3%81%91%E3%81%93%E3%81%9E%E3%81%86" /><V54/><F2/><W129/><G129/><T37/><D132/><U0/><E0/><V68/><F113/><W12/><G39/><T5/><D112/><U122/><E122/><V3/><F3/><W19/><G35/><T7/><D108/><U32/><E32/><V40/><F104/><W88/><G1/><T90/><D37/><U57/><REACH who="1" step="1"/><E36/><REACH who="1" ten="222,225,315,198" step="2"/><V22/><F121/><W34/><G34/><T105/><D5/><U29/><E29/><V100/><F100/><W128/><G31/><T75/><D6/><U119/><E119/><V127/><F127/><W18/><G128/><T33/><D124/><U23/><E23/><V55/><F20/><N who="3" m="11335" /><G79/><T80/><D33/><U28/><E28/><V99/><F78/><W87/><G87/><T50/><D76/><U106/><E106/><V110/><F22/><W125/><G125/><T74/><D105/><U107/><E107/><V102/><F102/><W8/><G21/><T30/><D30/><U126/><E126/><V15/><F110/><W89/><G89/><T117/><D117/><U71/><AGARI ba="3,4" hai="16,17,38,42,44,57,60,61,66,67,71,82,85,91" machi="71" ten="20,8000,1" yaku="1,1,0,1,7,1,52,1,54,1,53,0" doraHai="52" doraHaiUra="46" who="1" fromWho="1" sc="222,-23,225,129,315,-23,198,-43" /><INIT seed="4,0,0,3,4,59" ten="199,354,292,155" oya="0" hai0="53,14,62,23,28,55,39,52,101,26,47,80,4" hai1="37,15,13,110,44,58,124,120,1,24,107,133,84" hai2="119,114,46,49,86,30,135,82,35,113,11,91,0" hai3="69,134,130,103,60,117,98,65,83,92,127,89,112"/><T100/><D39/><U93/><E58/><V123/><F123/><W87/><G117/><T51/><D80/><U57/><E84/><V108/><F108/><W10/><G112/><N who="2" m="43113" /><F135/><W32/><G130/><T18/><D4/><U97/><E24/><N who="2" m="18887" /><F119/><W75/><G32/><T41/><REACH who="0" step="1"/><D62/><REACH who="0" ten="189,354,292,155" step="2"/><U34/><E37/><V129/><F129/><W104/><G134/><T128/><D128/><U99/><E133/><V121/><F121/><W85/><G127/><T96/><D96/><U68/><E99/><V3/><F11/><AGARI ba="0,1" hai="11,14,18,23,26,28,41,47,51,52,53,55,100,101" machi="11" ten="40,7700,0" yaku="1,1,8,1,54,1,53,0" doraHai="59" doraHaiUra="2" who="0" fromWho="2" sc="189,87,354,0,292,-77,155,0" /><INIT seed="4,1,0,3,5,44" ten="276,354,215,155" oya="0" hai0="41,49,119,135,78,33,126,61,29,82,24,62,48" hai1="32,25,63,46,117,103,88,2,114,30,99,123,90" hai2="84,127,79,125,14,66,12,85,96,97,50,7,93" hai3="65,54,69,19,130,87,134,129,55,95,120,42,15"/><T73/><D119/><U28/><E117/><V109/><F109/><W34/><G34/><T113/><D113/><U47/><E123/><V133/><F66/><W74/><G74/><T4/><D135/><U52/><E2/><V116/><F116/><W83/><G134/><T38/><D126/><U36/><E30/><V5/><F133/><W56/><G42/><T105/><D105/><U121/><E121/><V23/><F93/><W118/><G118/><T53/><D4/><U68/><E114/><V40/><F40/><W81/><G120/><T71/><D71/><U58/><E68/><V3/><F79/><W106/><G106/><T122/><D122/><U26/><E26/><V100/><F23/><W86/><G95/><T21/><D33/><U98/><E98/><V37/><F37/><W8/><G69/><T18/><D29/><U94/><E36/><V132/><F132/><W115/><G115/><T92/><D92/><U76/><E76/><V59/><F59/><W60/><G130/><T110/><D110/><U80/><E80/><V64/><F64/><W75/><G75/><T0/><D0/><U72/><E72/><V102/><REACH who="2" step="1"/><F3/><REACH who="2" ten="276,354,205,155" step="2"/><W27/><G129/><T77/><D77/><U1/><E1/><V9/><F9/><W91/><REACH who="3" step="1"/><G27/><REACH who="3" ten="276,354,205,145" step="2"/><T131/><D131/><U31/><E25/><V107/><F107/><W22/><G22/><T101/><D38/><U13/><E32/><V70/><F70/><W10/><G10/><T45/><REACH who="0" step="1"/><D101/><REACH who="0" ten="266,354,205,145" step="2"/><U11/><E103/><V39/><F39/><W89/><AGARI ba="1,3" hai="8,15,19,54,55,56,60,65,81,83,86,87,89,91" machi="89" ten="20,8000,1" yaku="1,1,0,1,7,1,9,1,8,1,53,0" doraHai="44" doraHaiUra="124" who="3" fromWho="3" sc="266,-41,354,-21,205,-21,145,113" /><INIT seed="5,0,0,0,1,96" ten="225,333,184,258" oya="1" hai0="11,30,38,65,97,60,105,132,10,119,79,15,91" hai1="135,99,81,17,55,40,5,54,121,35,9,67,85" hai2="116,43,49,118,104,33,124,57,101,103,102,46,80" hai3="44,100,92,19,62,89,52,8,0,69,115,27,36"/><U45/><E35/><V110/><F110/><W112/><G0/><T32/><D119/><U123/><E135/><V22/><F104/><W95/><G36/><T56/><D38/><U47/><E67/><V74/><F33/><W53/><G95/><T75/><D75/><U125/><E125/><V1/><F1/><W111/><G111/><T108/><D108/><U120/><E17/><V18/><F124/><W39/><G39/><T127/><D127/><U16/><E99/><V50/><F74/><W20/><G8/><T63/><D79/><U133/><E133/><V64/><F80/><W117/><G44/><T14/><D132/><U42/><E16/><V93/><F93/><W84/><G100/><T34/><D30/><U94/><E94/><V12/><REACH who="2" step="1"/><F50/><REACH who="2" ten="225,333,174,258" step="2"/><W86/><G117/><T13/><D105/><U78/><E121/><V66/><F66/><W31/><G92/><N who="0" m="56479" /><D32/><U82/><E82/><V59/><F59/><W7/><G69/><T134/><D34/><U2/><E123/><V113/><F113/><W37/><G37/><T29/><D134/><U128/><E120/><V6/><F6/><W98/><G7/><T3/><D3/><U83/><E83/><V71/><F71/><W126/><G126/><T129/><D56/><U21/><E5/><V58/><F58/><W109/><G109/><T25/><D65/><U114/><E81/><V48/><F48/><W87/><G115/><T61/><D129/><U130/><E114/><V23/><F23/><W68/><G112/><T90/><D61/><AGARI ba="0,1" hai="12,18,22,43,46,49,57,61,64,101,102,103,116,118" machi="61" ten="40,8000,1" yaku="1,1,52,3,53,0" doraHai="96" doraHaiUra="51" who="2" fromWho="0" sc="225,-80,333,0,174,90,258,0" /><INIT seed="6,0,0,3,0,86" ten="145,333,264,258" oya="2" hai0="93,15,102,49,69,16,41,70,34,117,35,75,33" hai1="38,130,99,22,56,120,74,8,45,127,50,55,39" hai2="124,53,78,60,54,123,61,3,31,36,121,72,23" hai3="37,27,104,64,4,19,62,91,44,18,84,131,21"/><V12/><F3/><W77/><G131/><T58/><D75/><U81/><E130/><V1/><F1/><W105/><G77/><T7/><D117/><U30/><E127/><V88/><F36/><W13/><G4/><T2/><D2/><U76/><E120/><V125/><F78/><W28/><G44/><T114/><D7/><U109/><E109/><V89/><F72/><W107/><G37/><T24/><D24/><U40/><E8/><V29/><F12/><W68/><REACH who="3" step="1"/><G13/><REACH who="3" ten="145,333,264,248" step="2"/><T110/><D110/><U85/><E39/><V11/><REACH who="2" step="1"/><F23/><REACH who="2" ten="145,333,254,248" step="2"/><W115/><G115/><T42/><D114/><U71/><E38/><V20/><F20/><W98/><G98/><T79/><D79/><U51/><E99/><V26/><F26/><W0/><G0/><T101/><D35/><U106/><E22/><V32/><F32/><W132/><G132/><T97/><D34/><U94/><E76/><V96/><F96/><W66/><G66/><T17/><D33/><U48/><E74/><V119/><F119/><W122/><G122/><T82/><D97/><U47/><E85/><V9/><AGARI ba="0,2" hai="9,11,29,31,53,54,60,61,88,89,121,123,124,125" machi="9" ten="25,24000,3" yaku="1,1,0,1,22,2,52,2,54,1,53,2" doraHai="86" doraHaiUra="59" who="2" fromWho="2" sc="145,-80,333,-80,254,260,248,-80" /><INIT seed="6,1,0,0,1,93" ten="65,253,514,168" oya="2" hai0="30,5,104,4,24,46,134,65,106,28,10,89,51" hai1="53,125,9,73,34,61,68,81,132,116,133,50,57" hai2="47,31,43,0,1,131,29,48,66,7,129,108,38" hai3="49,52,96,60,75,59,37,20,127,120,58,27,97"/><V123/><F123/><W33/><G33/><T71/><D134/><U36/><E34/><V63/><F108/><W95/><G75/><T64/><D89/><U45/><E9/><V22/><F38/><W124/><G37/><T17/><D17/><U105/><E105/><V25/><F31/><W76/><G76/><T121/><D121/><U115/><E116/><V78/><F78/><W86/><G86/><T103/><D103/><U91/><E115/><V118/><F7/><W79/><G79/><T130/><D130/><N who="2" m="49674" /><F118/><W74/><G74/><T80/><D80/><U26/><E73/><V13/><F13/><W100/><G96/><T83/><D83/><U41/><E26/><V77/><F77/><W14/><G14/><T62/><D64/><N who="1" m="40975" /><E125/><V85/><F85/><AGARI ba="1,0" hai="36,41,45,50,53,57,81,85,91,132,133" m="40975" machi="85" ten="30,1000,0" yaku="24,1" doraHai="93" who="1" fromWho="2" sc="65,0,253,13,514,-13,168,0" /><INIT seed="7,0,0,1,5,0" ten="65,266,501,168" oya="3" hai0="50,126,96,132,79,64,37,95,52,107,81,103,16" hai1="35,23,106,30,120,116,19,71,38,78,66,70,11" hai2="54,47,10,34,55,25,93,72,117,45,80,113,29" hai3="68,119,5,82,105,94,32,8,63,128,56,53,40"/><W24/><G105/><T27/><D132/><U89/><E38/><V87/><F113/><W122/><G122/><T33/><D126/><U84/><E78/><V124/><F124/><W17/><G128/><T4/><D64/><U62/><E106/><V85/><F93/><W101/><G68/><T26/><D37/><U49/><E11/><V111/><F111/><W102/><G40/><T134/><D134/><U131/><E131/><V112/><F117/><W125/><G119/><T61/><D61/><U90/><E30/><V88/><F72/><W59/><G94/><T22/><D107/><U14/><E35/><V44/><F112/><W13/><G125/><T104/><D104/><U76/><E120/><V28/><F28/><W69/><G69/><T100/><D33/><U74/><E116/><V110/><F110/><W48/><G82/><T21/><D100/><U58/><E74/><V3/><F87/><W20/><G32/><T6/><D81/><U36/><E36/><V86/><F86/><W7/><G7/><N who="0" m="2603" /><D79/><U2/><E76/><V109/><F109/><W91/><G91/><T57/><D22/><U123/><E90/><V130/><F130/><W135/><G135/><T115/><D115/><U46/><E123/><V51/><F51/><W108/><G108/><T73/><D73/><U43/><E71/><V42/><F42/><W77/><G77/><T99/><D99/><U118/><E70/><V97/><F97/><W67/><AGARI ba="0,0" hai="5,8,13,17,20,24,48,53,56,59,63,67,101,102" machi="67" ten="20,7800,0" yaku="0,1,7,1,8,1,52,1" doraHai="0" who="3" fromWho="3" sc="65,-26,266,-26,501,-26,168,78" /><INIT seed="7,1,0,4,1,57" ten="39,240,475,246" oya="3" hai0="101,104,115,68,34,12,130,97,24,85,134,26,124" hai1="50,100,107,126,52,15,123,1,48,14,33,36,88" hai2="41,54,30,99,109,25,22,10,119,131,78,84,28" hai3="79,9,4,66,0,128,60,51,103,6,69,23,11"/><W98/><G128/><T96/><D12/><N who="1" m="4651" /><E1/><V89/><F119/><W20/><G79/><T127/><D85/><U132/><E33/><V93/><F109/><W95/><G51/><T87/><D87/><U75/><E75/><V122/><F122/><W58/><G69/><T120/><D96/><U40/><E107/><V94/><F41/><W16/><G16/><T80/><D80/><U29/><E36/><V82/><F10/><W64/><G64/><T18/><D18/><U113/><E123/><V19/><F131/><W106/><G106/><T92/><D92/><U49/><E113/><V61/><F93/><W90/><G103/><T38/><D26/><U55/><E126/><V59/><AGARI ba="1,0" hai="19,22,25,28,30,54,59,61,78,82,84,89,94,99" machi="59" ten="30,8000,1" yaku="0,1,25,2,8,1,52,1" doraHai="57" who="2" fromWho="2" sc="39,-21,240,-21,475,83,246,-41" owari="18,-48.0,219,2.0,558,65.0,205,-19.0" /></mjloggm>