<mjloggm ver="2.3"><GO type="169" lobby="0"/><UN n0="%E3%82%A6%E3%83%AB%E3%83%88%E3%83%A9%E7%AB%8B%E7%9B%B4" n1="%E3%81%B5%E3%81%8B%E3%81%BF" n2="%73%68%6F%67%6F%6F" n3="%6E%6F%72%69%70%2D%2D" dan="18,18,17,16" rate="2265.55,2220.44,2167.13,2126.70" sx="M,F,M,M"/><TAIKYOKU oya="0"/><INIT seed="0,0,0,5,3,0" ten="250,250,250,250" oya="0" hai0="83,76,90,40,107,30,128,15,113,109,126,12,48" hai1="1,14,86,62,110,70,7,74,32,28,5,102,114" hai2="108,72,133,10,97,42,131,55,122,58,4,87,116" hai3="130,3,59,57,47,84,71,49,88,96,92,127,61"/><T11/><D113/><U68/><E74/><V98/><F122/><W105/><G130/><T77/><D126/><U50/><E1/><V36/><F72/><W129/><G127/><T21/><D107/><U44/><E102/><V34/><F131/><W24/><G129/><T33/><D33/><U95/><E114/><V121/><F121/><W103/><G3/><T22/><D109/><U73/><E73/><V52/><F34/><W6/><G6/><N who="0" m="3191" /><D128/><U18/><E28/><V123/><F123/><W54/><REACH who="3" step="1"/><G24/><REACH who="3" ten="250,250,250,240" step="2"/><N who="0" m="16655" /><D15/><U27/><E27/><V9/><F108/><W37/><G37/><T23/><D23/><U79/><E32/><V19/><F36/><W115/><G115/><T43/><D22/><U26/><E26/><V120/><F120/><W117/><G117/><T16/><D16/><U8/><E110/><V31/><F116/><W67/><AGARI ba="0,1" hai="47,49,54,57,59,61,67,71,84,88,92,96,103,105" machi="67" ten="30,4000,0" yaku="1,1,0,1,54,1,53,0" doraHai="0" doraHaiUra="104" who="3" fromWho="3" sc="250,-20,250,-10,250,-10,240,50" /><INIT seed="1,0,0,2,2,13" ten="230,240,240,290" oya="1" hai0="103,60,17,63,57,68,2,51,78,105,4,70,94" hai1="114,97,108,73,102,104,129,18,25,131,120,20,135" hai2="0,19,83,72,6,59,46,107,130,22,116,86,122" hai3="16,9,84,117,126,23,109,64,93,100,128,7,48"/><U30/><E114/><V65/><F116/><W80/><G109/><T49/><D105/><U53/><E120/><V11/><F122/><W95/><G126/><T123/><D123/><U121/><E121/><V54/><F130/><N who="1" m="49673" /><E135/><V133/><F133/><W55/><G117/><T3/><D78/><U1/><E1/><V92/><F107/><W21/><G64/><T15/><D4/><U118/><E118/><V124/><F124/><W14/><G100/><T62/><D3/><U85/><E73/><V91/><F65/><W5/><G23/><T52/><D2/><U27/><E85/><V8/><F8/><W39/><G39/><T77/><D77/><U69/><E69/><V110/><F110/><W33/><G33/><T87/><D51/><U75/><E75/><V106/><F106/><W45/><G128/><T31/><D31/><U115/><E115/><V40/><F72/><W10/><G10/><T47/><D47/><U43/><E43/><V101/><F101/><W89/><REACH who="3" step="1"/><G5/><REACH who="3" ten="230,240,240,280" step="2"/><T79/><D103/><U56/><E108/><V81/><F22/><W32/><G32/><T50/><D70/><U66/><E66/><V34/><F34/><W71/><G71/><T99/><D68/><U35/><E35/><V113/><F113/><W112/><G112/><T67/><D67/><U61/><E30/><V82/><F6/><W134/><G134/><T12/><D12/><AGARI ba="0,1" hai="12,18,20,25,27,53,56,61,97,102,104" m="49673" machi="12" ten="30,2900,0" yaku="19,1,52,1" doraHai="13" who="1" fromWho="0" sc="230,-29,240,39,240,0,280,0" /><AGARI ba="0,0" hai="7,9,12,14,16,21,45,48,55,80,84,89,93,95" machi="12" ten="30,8000,1" yaku="1,1,7,1,8,1,52,1,54,1,53,0" doraHai="13" doraHaiUra="127" who="3" fromWho="0" sc="201,-80,279,0,240,0,280,80" /><INIT seed="1,1,0,3,2,42" ten="121,279,240,360" oya="1" hai0="41,83,92,6,56,95,31,7,44,97,17,29,8" hai1="3,63,22,27,81,134,115,52,36,45,88,99,35" hai2="93,77,30,71,80,21,11,103,24,37,135,50,5" hai3="127,124,15,117,126,116,51,1,107,74,75,122,57"/><U101/><E3/><V49/><F37/><W112/><G1/><T48/><D17/><U120/><E35/><V55/><F71/><W133/><G122/><T54/><D83/><U25/><E120/><V89/><F135/><W111/><G133/><T110/><D110/><U105/><E115/><V10/><F103/><W43/><G112/><T34/><D34/><U72/><E134/><V0/><F11/><W14/><G107/><T94/><D97/><U32/><E32/><V13/><F0/><W98/><G98/><T78/><D78/><U96/><E72/><N who="3" m="27690" /><G111/><T18/><D18/><U106/><E106/><V58/><F80/><W28/><G28/><T85/><D85/><U109/><E109/><V67/><F67/><W53/><G43/><T123/><D123/><U4/><E4/><V65/><F65/><W108/><G108/><T69/><D69/><U46/><E36/><V39/><F39/><W23/><G23/><T121/><D121/><U84/><E99/><V131/><F131/><W40/><G40/><T90/><D90/><U87/><E87/><V62/><F77/><W79/><G79/><T68/><D68/><U33/><E33/><V82/><F82/><W59/><G59/><T73/><D73/><U125/><E125/><V113/><F113/><W61/><G61/><N who="0" m="35991" /><D6/><U70/><E70/><V26/><REACH who="2" step="1"/><F24/><REACH who="2" ten="121,279,230,360" step="2"/><W16/><G116/><T128/><D128/><U130/><E130/><V64/><F64/><W132/><G117/><T102/><D102/><U76/><E76/><V38/><F38/><W9/><G132/><T91/><D91/><U119/><E119/><RYUUKYOKU ba="1,1" sc="121,10,279,-30,230,10,360,10" hai0="7,8,29,31,41,44,48,92,94,95" hai2="5,10,13,21,26,30,49,50,55,58,62,89,93" hai3="9,14,15,16,51,53,57,124,126,127" /><INIT seed="2,2,1,4,0,35" ten="131,249,240,370" oya="2" hai0="27,123,7,85,108,50,83,133,12,66,81,53,128" hai1="48,0,71,4,11,5,102,52,55,42,103,82,14" hai2="87,89,70,127,132,46,2,23,60,118,41,75,61" hai3="91,109,33,74,32,18,25,105,73,120,95,29,36"/><V13/><F75/><W44/><G120/><T121/><D108/><U99/><E71/><V34/><F118/><W107/><G109/><T93/><D128/><U28/><E28/><V131/><F34/><W98/><G32/><T112/><D112/><U78/><E4/><V92/><F131/><W26/><G74/><T69/><D133/><U126/><E126/><V96/><F127/><W22/><REACH who="3" step="1"/><G73/><REACH who="3" ten="131,249,240,360" step="2"/><T56/><D123/><U76/><E76/><V54/><F132/><W38/><G38/><T84/><D121/><U117/><E117/><V47/><F70/><W3/><G3/><T64/><D69/><U113/><E0/><V90/><F2/><W21/><G21/><T115/><D115/><U124/><E124/><V116/><F116/><W110/><G110/><T43/><D85/><N who="1" m="48343" /><E113/><V49/><F23/><W130/><G130/><T101/><D84/><U79/><E79/><V20/><F20/><W129/><G129/><T31/><D27/><U16/><E99/><V19/><F13/><W88/><G88/><T59/><D12/><N who="1" m="5231" /><E103/><V10/><F10/><W67/><G67/><T100/><D66/><U72/><E102/><V111/><F111/><W125/><G125/><T114/><D64/><U97/><E97/><V62/><F19/><W40/><AGARI ba="2,2" hai="18,22,25,26,29,33,36,40,44,91,95,98,105,107" machi="40" ten="30,4000,0" yaku="1,1,0,1,53,1" doraHai="35" doraHaiUra="86" who="3" fromWho="3" sc="131,-12,249,-12,240,-22,360,66" /><INIT seed="3,0,0,4,0,11" ten="119,237,218,426" oya="3" hai0="80,110,44,105,73,52,39,22,117,48,33,34,26" hai1="108,69,122,43,27,28,25,89,13,130,77,129,17" hai2="59,66,42,53,32,99,1,49,19,18,109,9,95" hai3="104,56,7,91,55,124,3,40,47,131,6,123,111"/><W72/><G123/><T84/><D117/><U128/><E69/><V31/><F109/><W81/><G111/><T57/><D73/><U103/><E108/><V134/><F134/><W21/><G104/><T121/><D105/><U71/><E71/><V5/><F42/><W70/><G70/><T114/><D114/><U63/><E122/><V106/><F106/><W36/><G131/><T10/><D121/><U75/><E103/><V102/><REACH who="2" step="1"/><F66/><REACH who="2" ten="119,237,208,426" step="2"/><W115/><G115/><T113/><D110/><U37/><E43/><V93/><F93/><W116/><G116/><T107/><D107/><U15/><E129/><V83/><F83/><W61/><G124/><T54/><D113/><U85/><E130/><V82/><F82/><W20/><G91/><T2/><D39/><U94/><E37/><V120/><F120/><W8/><REACH who="3" step="1"/><G6/><REACH who="3" ten="119,237,208,416" step="2"/><T100/><D100/><U74/><E89/><V23/><F23/><W133/><G133/><T101/><D101/><U125/><E125/><V118/><F118/><W14/><G14/><T96/><D22/><U132/><E13/><V65/><F65/><W62/><G62/><T0/><D34/><U35/><E35/><V58/><F58/><W127/><G127/><T126/><D57/><U64/><E63/><V97/><F97/><W76/><AGARI ba="0,2" hai="3,7,8,20,21,36,40,47,55,56,61,72,76,81" machi="76" ten="30,11700,0" yaku="1,1,0,1,25,2,53,0" doraHai="11" doraHaiUra="12" who="3" fromWho="3" sc="119,-39,237,-39,208,-39,416,137" /><INIT seed="3,1,0,4,5,5" ten="80,198,169,553" oya="3" hai0="65,87,42,91,76,111,51,14,75,81,30,83,100" hai1="44,98,24,62,117,10,50,72,115,122,32,22,66" hai2="92,119,28,49,103,128,93,114,78,134,80,23,18" hai3="94,53,121,57,48,2,19,96,4,74,12,6,102"/><W0/><G74/><T127/><D111/><U110/><E122/><V73/><F119/><W104/><G121/><T25/><D127/><U108/><E72/><V15/><F114/><W106/><G2/><T135/><D135/><U124/><E32/><V70/><F70/><W123/><G123/><T29/><D65/><U99/><E115/><V118/><F118/><W126/><G126/><T67/><D67/><U43/><E124/><V26/><F134/><W105/><REACH who="3" step="1"/><G0/><REACH who="3" ten="80,198,169,543" step="2"/><T31/><D75/><U13/><E117/><V59/><F73/><W129/><G129/><T47/><D100/><U130/><E130/><V41/><F128/><W77/><G77/><T125/><D125/><U86/><E110/><V89/><F78/><W27/><G27/><T45/><D25/><U85/><E24/><V58/><F103/><W17/><G17/><T101/><D101/><U8/><E108/><V40/><F26/><W132/><G132/><T95/><D76/><U34/><E34/><V63/><F18/><W9/><AGARI ba="1,1" hai="4,6,9,12,19,48,53,57,94,96,102,104,105,106" machi="9" ten="30,6000,0" yaku="1,1,0,1,52,1,53,0" doraHai="5" doraHaiUra="84" who="3" fromWho="3" sc="80,-21,198,-21,169,-21,543,73" /><INIT seed="3,2,0,5,1,97" ten="59,177,148,616" oya="3" hai0="61,5,4,116,129,0,13,19,78,68,2,73,6" hai1="95,85,29,110,125,105,65,57,98,123,72,130,77" hai2="74,3,7,42,45,87,24,33,96,43,134,79,113" hai3="115,127,101,66,54,120,89,109,121,8,38,59,34"/><W71/><G34/><T133/><D116/><U20/><E123/><V11/><F43/><W14/><G115/><T21/><D129/><U106/><E72/><V69/><F113/><W108/><G38/><T26/><D73/><U64/><E130/><V126/><F87/><W91/><G66/><T32/><D78/><U111/><E125/><V10/><F126/><W53/><G71/><T114/><D61/><U135/><E135/><V75/><F11/><W31/><G31/><N who="0" m="19575" /><D68/><U122/><E122/><V49/><F69/><W118/><G127/><T18/><D133/><U25/><E106/><V86/><F134/><W15/><G59/><T50/><D50/><U124/><E105/><V39/><F96/><W76/><G8/><N who="0" m="6439" /><D114/><U55/><E124/><V37/><F75/><W51/><G51/><T1/><D1/><U93/><E77/><V44/><F86/><W100/><REACH who="3" step="1"/><G76/><REACH who="3" ten="59,177,148,606" step="2"/><T82/><D82/><U104/><E57/><V103/><F49/><W47/><G47/><T17/><D17/><U90/><E65/><V56/><F56/><W40/><G40/><T102/><D102/><U80/><E64/><V112/><F112/><W92/><G92/><T63/><D63/><U28/><E95/><V131/><F131/><W16/><G16/><T48/><D48/><U88/><E104/><V107/><F45/><W9/><G9/><T67/><D67/><U94/><E94/><V70/><F70/><W12/><G12/><AGARI ba="2,1" hai="0,2,4,5,6,12,19,21" m="6439,19575" machi="12" ten="30,8000,1" yaku="35,5" doraHai="97" who="0" fromWho="3" sc="59,96,177,0,148,0,606,-86" /><INIT seed="4,0,0,4,2,94" ten="155,177,148,520" oya="0" hai0="59,23,122,86,55,135,63,46,121,83,8,20,5" hai1="24,120,108,25,56,72,53,35,38,102,115,19,130" hai2="4,57,51,16,70,65,0,31,100,43,109,124,97" hai3="87,33,61,84,116,50,71,101,48,98,111,103,90"/><T3/><D135/><U123/><E38/><V133/><F109/><W32/><G111/><T6/><D6/><U64/><E108/><V119/><F133/><W18/><G18/><T52/><D46/><U12/><E72/><V14/><F124/><W66/><G116/><T45/><D45/><U79/><E79/><V107/><F119/><W106/><G103/><T93/><D93/><U128/><E64/><V29/><F4/><W40/><G87/><T78/><REACH who="0" step="1"/><D55/><REACH who="0" ten="145,177,148,520" step="2"/><U105/><E123/><AGARI ba="0,1" hai="3,5,8,20,23,52,59,63,78,83,86,121,122,123" machi="123" ten="40,7700,0" yaku="1,1,2,1,54,1,53,0" doraHai="94" doraHaiUra="69" who="0" fromWho="1" sc="145,87,177,-77,148,0,520,0" /><INIT seed="4,1,0,5,1,5" ten="232,100,148,520" oya="0" hai0="122,99,89,57,18,23,22,67,20,117,3,35,66" hai1="42,97,81,87,113,124,9,55,59,26,132,61,63" hai2="7,120,51,109,69,0,52,86,119,114,44,53,16" hai3="29,123,4,60,94,135,56,47,93,128,40,1,34"/><T64/><D117/><U14/><E124/><V46/><F114/><W106/><G106/><T90/><D35/><U115/><E132/><V41/><F120/><W84/><G135/><T10/><D122/><U78/><E26/><V103/><F109/><W107/><G107/><T50/><D99/><U72/><E72/><V100/><F69/><W104/><G104/><T79/><D79/><U82/><E82/><V96/><F119/><W19/><G29/><T39/><D39/><U27/><E27/><V73/><F73/><W77/><G34/><T76/><D76/><U30/><E30/><V134/><F134/><W105/><G105/><T2/><D18/><U28/><E28/><V85/><F96/><W130/><G19/><T95/><D95/><U112/><E42/><V70/><F70/><W110/><G110/><T131/><D131/><U36/><E36/><V15/><F0/><W8/><G123/><T91/><D10/><U58/><E97/><V92/><F7/><W116/><G77/><T111/><D111/><U24/><E24/><V127/><F127/><W48/><G116/><T74/><D74/><U125/><E125/><V68/><F68/><W37/><G37/><T6/><D6/><N who="1" m="3383" /><E59/><V71/><F71/><W54/><G84/><N who="2" m="32361" /><F92/><W65/><G128/><T33/><D33/><U31/><E31/><V43/><F43/><W88/><G130/><T17/><D17/><U25/><E25/><V126/><F126/><W98/><G93/><T32/><D32/><U129/><E129/><V45/><F41/><W108/><G108/><T83/><D83/><U121/><E121/><RYUUKYOKU ba="1,0" sc="232,10,100,10,148,-30,520,10" hai0="2,3,20,22,23,50,57,64,66,67,89,90,91" hai1="55,58,61,63,78,81,87,112,113,115" hai3="1,4,8,40,47,48,54,56,60,65,88,94,98" /><INIT seed="4,2,0,4,0,20" ten="242,110,118,530" oya="0" hai0="111,91,44,17,107,54,9,35,85,50,93,68,32" hai1="73,100,56,36,59,112,70,101,121,132,131,119,69" hai2="15,104,102,11,90,124,60,127,125,61,22,120,84" hai3="76,3,48,126,8,13,38,79,66,1,30,135,129"/><T96/><D68/><U53/><E73/><V80/><F120/><W27/><G38/><T130/><D130/><U47/><E121/><V81/><F104/><W45/><G129/><T2/><D111/><U5/><E131/><V72/><F102/><W23/><G66/><T71/><D71/><U116/><E5/><V115/><F115/><W86/><G135/><T133/><D133/><U64/><E132/><V62/><F22/><W31/><G31/><T7/><D107/><U77/><E77/><V74/><REACH who="2" step="1"/><F81/><REACH who="2" ten="242,110,108,530" step="2"/><N who="3" m="47399" /><G126/><T94/><D17/><AGARI ba="2,1" hai="11,15,17,60,61,62,72,74,80,84,90,124,125,127" machi="17" ten="50,3200,0" yaku="1,1,18,1,53,0" doraHai="20" doraHaiUra="128" who="2" fromWho="0" sc="242,-38,110,0,108,48,530,0" /><INIT seed="5,0,0,5,0,14" ten="204,110,156,530" oya="1" hai0="3,106,93,130,37,127,66,23,15,47,71,111,4" hai1="134,30,58,125,17,128,87,33,53,101,109,81,94" hai2="52,62,122,11,114,16,112,19,7,40,43,73,39" hai3="105,31,6,22,44,57,100,32,88,48,133,95,131"/><U20/><E128/><V10/><F122/><W76/><G131/><T29/><D106/><U129/><E129/><V126/><F73/><W34/><G133/><T89/><D111/><U115/><E134/><V82/><F126/><W80/><G6/><T49/><D37/><U113/><E125/><V60/><F82/><W119/><G119/><T56/><D71/><U83/><E109/><V26/><F26/><W96/><G57/><T135/><D3/><U5/><E5/><V54/><F7/><W25/><G105/><T27/><D135/><U35/><E30/><V90/><F90/><W1/><G1/><T46/><D130/><U75/><E75/><V99/><F99/><W65/><G65/><T51/><D127/><U77/><E83/><V98/><F98/><W2/><G2/><T59/><D66/><U63/><E94/><V0/><F0/><W72/><G100/><T50/><D15/><N who="1" m="9279" /><E101/><V107/><F39/><W64/><G64/><T42/><D4/><U103/><E103/><V118/><REACH who="2" step="1"/><F107/><REACH who="2" ten="204,110,146,530" step="2"/><W86/><G72/><T84/><D50/><U45/><E45/><V79/><F79/><W68/><G80/><T55/><AGARI ba="0,1" hai="23,27,29,42,46,47,49,51,55,56,59,84,89,93" machi="55" ten="20,2700,0" yaku="0,1,7,1,8,1" doraHai="14" who="0" fromWho="0" sc="204,37,110,-13,146,-7,530,-7" /><INIT seed="6,0,0,0,1,19" ten="241,97,139,523" oya="2" hai0="67,71,133,33,75,17,30,107,37,2,128,130,129" hai1="76,109,110,43,58,74,14,92,105,104,99,11,106" hai2="36,49,79,55,119,0,61,120,108,32,59,131,84" hai3="40,53,16,72,10,85,56,88,3,122,68,44,121"/><V73/><F119/><W13/><G72/><T62/><D133/><U34/><E34/><V63/><F120/><W25/><G68/><T8/><D37/><U102/><E43/><V126/><F73/><W95/><G3/><T20/><D75/><U93/><E58/><V101/><F32/><W123/><G25/><T69/><D107/><U50/><E50/><V116/><F0/><W35/><G35/><T48/><D48/><U47/><E47/><V77/><F116/><W103/><G103/><T80/><D80/><N who="1" m="45079" /><E14/><V97/><F36/><W113/><G113/><T127/><D30/><U66/><E11/><V57/><F131/><W6/><G6/><N who="0" m="1111" /><D71/><U94/><E66/><V82/><F126/><W115/><G115/><T89/><D127/><U39/><E39/><V38/><F38/><W21/><G10/><T87/><D33/><U9/><E9/><V51/><F108/><AGARI ba="0,0" hai="92,93,94,99,102,104,105,106,108,109,110" m="45079" machi="108" ten="40,2600,0" yaku="34,2" doraHai="19" who="1" fromWho="2" sc="241,0,97,26,139,-26,523,0" /><INIT seed="7,0,0,2,5,95" ten="241,123,113,523" oya="3" hai0="56,125,8,40,78,53,66,75,133,24,72,121,83" hai1="74,35,33,108,69,111,90,107,67,105,9,110,34" hai2="120,97,124,63,116,19,119,101,103,17,6,100,68" hai3="12,36,54,115,45,114,129,61,112,77,106,25,98"/><W31/><G77/><T59/><D40/><U18/><E90/><V49/><F124/><W32/><G129/><T70/><D59/><U73/><E18/><V41/><F120/><W15/><G61/><T81/><D70/><U84/><E84/><V26/><F6/><W102/><G54/><T38/><D38/><U127/><E9/><V87/><F116/><W135/><G135/><T10/><D66/><U134/><E134/><V92/><F119/><W86/><G86/><T117/><D24/><U64/><E127/><V118/><F118/><W30/><G30/><T58/><D8/><U85/><E85/><V82/><F68/><W13/><G45/><T109/><D10/><U52/><E52/><V65/><F65/><N who="1" m="25161" /><E69/><V80/><F63/><W0/><G36/><T43/><D133/><U11/><E11/><V27/><F41/><W132/><G132/><T46/><D43/><U131/><E131/><V123/><F49/><W16/><G0/><T104/><D125/><U44/><E44/><V42/><F42/><W23/><AGARI ba="0,0" hai="12,13,15,16,23,25,31,32,98,102,106,112,114,115" machi="23" ten="30,11700,0" yaku="0,1,15,1,52,1,54,1" doraHai="95" who="3" fromWho="3" sc="241,-39,123,-39,113,-39,523,117" owari="202,0.0,84,-32.0,74,-43.0,640,75.0" /></mjloggm>