<mjloggm ver="2.3"><GO type="169" lobby="0"/><UN n0="%66%75%6A%31%79%75%72%31" n1="%7A%6F%6F%31%39%36%34" n2="%E5%B0%B1%E6%B4%BB%E7%94%9F%40%E5%B7%9D%E6%9D%91%E8%BB%8D%E5%9B%A3" n3="%E3%83%97%E3%83%A9%E3%83%81%E3%83%8A%E3%83%A0" dan="16,16,18,17" rate="2067.09,2109.32,2289.88,2211.32" sx="F,M,M,M"/><TAIKYOKU oya="0"/><INIT seed="0,0,0,3,1,65" ten="250,250,250,250" oya="0" hai0="0,60,114,27,101,116,107,30,26,83,99,97,16" hai1="112,82,20,84,74,66,87,102,45,25,18,41,111" hai2="69,35,135,51,98,106,103,125,128,58,92,53,4" hai3="79,115,36,94,88,21,40,121,118,62,23,130,122"/><T8/><D116/><U81/><E111/><V105/><F35/><W22/><G115/><T7/><D114/><U86/><E112/><V89/><F128/><W67/><G118/><T31/><D97/><U75/><E102/><V37/><F37/><W80/><G130/><T43/><D43/><U47/><E66/><V34/><F34/><W91/><G36/><T96/><D96/><U5/><E5/><V57/><F69/><N who="3" m="42231" /><G94/><T71/><D83/><U72/><REACH who="1" step="1"/><E47/><REACH who="1" ten="250,240,250,250" step="2"/><V120/><F103/><W46/><G46/><T10/><D10/><U54/><E54/><V24/><F53/><W119/><G119/><T77/><D77/><U117/><E117/><V6/><F6/><W50/><G40/><T2/><D60/><U49/><AGARI ba="0,1" hai="18,20,25,41,45,49,72,74,75,81,82,84,86,87" machi="49" ten="40,2700,0" yaku="1,1,0,1,53,0" doraHai="65" doraHaiUra="113" who="1" fromWho="1" sc="250,-13,240,37,250,-7,250,-7" /><INIT seed="1,0,0,1,3,44" ten="237,277,243,243" oya="1" hai0="41,28,38,73,50,57,113,25,133,123,132,59,4" hai1="119,33,84,23,98,135,63,101,116,49,58,24,6" hai2="108,83,36,121,21,131,107,117,18,37,47,120,52" hai3="20,72,80,17,39,1,129,90,78,75,46,125,86"/><U99/><E33/><V111/><F107/><W124/><G1/><T134/><D73/><U14/><E135/><V81/><F21/><W10/><G10/><T76/><D113/><U65/><E98/><V11/><F11/><W112/><G112/><T126/><D126/><N who="3" m="48745" /><G129/><T66/><D76/><U94/><E84/><V16/><F117/><W92/><G46/><T68/><D123/><U89/><E89/><V31/><F47/><W9/><G9/><T115/><D4/><U97/><E97/><V42/><F42/><W127/><N who="3" m="48753" /><W53/><DORA hai="71" /><G53/><T32/><D32/><U69/><E14/><V62/><F62/><W7/><G7/><T104/><D28/><U82/><E82/><V2/><F31/><W91/><G91/><T30/><D30/><N who="1" m="17695" /><E6/><V51/><F2/><W106/><G106/><T60/><D25/><U13/><E13/><V95/><F131/><W114/><G114/><T22/><D22/><U61/><E61/><V67/><F67/><W93/><G93/><T105/><D115/><U128/><E128/><V26/><F95/><W19/><G19/><T27/><D27/><U102/><E102/><V64/><F64/><W56/><G75/><T130/><D130/><U3/><E3/><V87/><F26/><N who="3" m="14607" /><G56/><N who="0" m="21579" /><D50/><U88/><E101/><V54/><F51/><W79/><G78/><T35/><D35/><U48/><E69/><V85/><AGARI ba="0,0" hai="16,18,36,37,52,54,81,83,85,87,108,111,120,121" machi="85" ten="25,12000,2" yaku="0,1,22,2,52,2,54,2" doraHai="44,71" who="2" fromWho="2" sc="237,-30,277,-60,243,120,243,-30" /><INIT seed="2,0,0,5,3,91" ten="207,217,363,213" oya="2" hai0="14,77,12,74,108,112,78,38,131,25,116,105,44" hai1="124,55,72,51,66,39,134,9,126,23,31,33,16" hai2="103,76,56,6,84,21,2,37,106,73,7,36,100" hai3="65,93,34,104,43,52,89,86,19,114,40,4,97"/><V50/><F73/><W98/><G114/><T30/><D105/><U110/><E39/><V62/><F106/><W133/><G65/><T27/><D112/><U17/><E72/><V90/><F76/><W20/><G34/><T11/><D108/><U46/><E110/><V57/><F2/><W70/><G4/><T135/><D135/><U88/><E134/><V132/><F132/><W54/><G70/><T123/><D123/><U3/><E66/><V118/><F118/><W42/><G133/><T68/><D68/><U125/><E33/><V58/><F62/><W59/><G104/><T120/><D120/><U129/><E129/><V81/><F50/><N who="3" m="31127" /><G54/><T102/><D131/><U48/><E48/><V64/><F64/><W122/><G122/><T32/><D27/><AGARI ba="0,0" hai="19,20,27,40,42,43,86,89,93,97,98" m="31127" machi="27" ten="30,3900,0" yaku="8,1,52,1,54,1" doraHai="91" who="3" fromWho="0" sc="207,-39,217,0,363,0,213,39" /><INIT seed="3,0,0,1,4,8" ten="168,217,363,252" oya="3" hai0="134,128,19,40,105,67,6,12,84,76,83,112,69" hai1="86,120,0,97,127,64,98,45,46,71,125,28,87" hai2="81,80,55,38,119,70,36,25,118,60,14,17,72" hai3="100,63,116,32,41,5,13,124,115,33,49,7,43"/><W53/><G115/><T20/><D105/><U121/><E64/><V111/><F111/><W91/><G63/><T59/><D134/><U62/><E62/><V66/><F25/><W21/><G100/><T114/><D69/><U74/><E74/><V102/><F102/><W48/><G124/><N who="1" m="47690" /><E28/><V27/><F27/><W90/><G21/><T58/><D128/><U54/><E54/><V47/><F38/><W35/><G35/><T130/><D130/><U89/><E0/><V101/><F101/><W73/><G53/><T132/><D132/><U56/><E56/><V42/><F55/><W75/><G116/><T52/><D40/><U78/><E78/><V131/><F131/><W93/><G93/><T104/><D104/><U29/><E29/><V133/><F133/><W31/><G31/><T44/><D6/><U106/><E71/><V107/><F107/><W16/><G16/><T82/><D82/><U30/><E30/><V94/><F94/><W110/><G110/><T85/><D85/><N who="1" m="32267" /><E89/><V65/><F65/><W109/><G109/><T92/><D92/><U39/><E106/><V122/><F80/><W117/><G117/><T15/><D15/><AGARI ba="0,0" hai="5,7,13,15,32,33,41,43,48,49,73,75,90,91" machi="15" ten="25,9600,0" yaku="22,2,52,2" doraHai="8" who="3" fromWho="0" sc="168,-96,217,0,363,0,252,96" /><INIT seed="3,1,0,1,0,36" ten="72,217,363,348" oya="3" hai0="65,10,66,17,51,47,46,102,49,79,89,76,25" hai1="31,93,78,18,15,26,117,77,86,9,7,32,50" hai2="53,3,132,114,134,96,70,95,94,58,28,29,128" hai3="13,67,34,6,108,23,2,56,126,111,39,8,14"/><W71/><G71/><T87/><D102/><U57/><E117/><V123/><F70/><W35/><G39/><T116/><D116/><U69/><E69/><V124/><F114/><W60/><G126/><T91/><D25/><U75/><E75/><V97/><F3/><W98/><G98/><T20/><D20/><U120/><E120/><V44/><F44/><W55/><G67/><T22/><D22/><U113/><E113/><V109/><F109/><N who="3" m="42059" /><G23/><T21/><D21/><U88/><REACH who="1" step="1"/><E7/><REACH who="1" ten="72,207,363,348" step="2"/><V105/><F123/><W104/><G104/><T122/><D122/><U64/><E64/><V68/><F68/><W118/><G118/><T73/><D73/><U11/><E11/><V121/><F105/><W63/><G60/><T106/><D106/><U80/><E80/><V52/><F121/><W30/><G63/><T38/><D10/><U61/><E61/><V119/><F119/><W107/><G107/><T135/><D135/><U90/><E90/><V110/><F110/><W84/><G8/><T101/><D101/><U12/><E12/><V100/><F100/><W130/><G14/><T72/><D72/><U103/><E103/><V129/><F124/><W59/><G13/><T33/><D17/><U16/><E16/><V85/><F132/><W54/><G6/><T42/><D87/><U81/><E81/><V43/><F85/><W40/><G84/><T115/><D115/><U27/><E27/><V82/><F134/><W62/><G62/><T4/><D4/><U131/><E131/><V45/><F128/><W48/><G130/><T37/><D33/><U127/><E127/><RYUUKYOKU ba="1,1" sc="72,15,207,15,363,-15,348,-15" hai0="37,38,42,46,47,49,51,65,66,76,79,89,91" hai1="9,15,18,26,31,32,50,57,77,78,86,88,93" /><INIT seed="4,2,1,2,4,74" ten="87,222,348,333" oya="0" hai0="50,56,62,31,104,98,92,10,1,61,29,11,55" hai1="40,21,127,119,116,120,38,28,24,112,100,17,76" hai2="3,101,124,19,0,69,43,22,6,118,67,93,114" hai3="83,115,132,80,45,122,41,95,103,64,42,97,126"/><T18/><D104/><U121/><E127/><V107/><F107/><W46/><G126/><T89/><D1/><U79/><E100/><V39/><F114/><W32/><G32/><T23/><D29/><U68/><E68/><V4/><F118/><W58/><G46/><T60/><REACH who="0" step="1"/><D31/><REACH who="0" ten="77,222,348,333" step="2"/><U47/><E119/><V71/><F3/><W48/><G115/><T133/><D133/><U44/><E116/><V49/><F0/><W25/><G132/><T85/><D85/><U14/><E112/><V88/><F124/><W53/><G122/><T66/><D66/><U15/><E121/><V13/><F67/><W111/><G64/><T26/><AGARI ba="2,2" hai="10,11,18,23,26,50,55,56,60,61,62,89,92,98" machi="26" ten="30,6000,0" yaku="1,1,0,1,8,1,53,0" doraHai="74" doraHaiUra="2" who="0" fromWho="0" sc="77,86,222,-22,348,-22,333,-22" /><INIT seed="4,3,0,1,3,133" ten="163,200,326,311" oya="0" hai0="35,127,27,82,52,74,41,4,66,22,12,124,93" hai1="24,103,39,109,78,118,84,91,16,6,61,53,63" hai2="112,62,25,20,47,111,114,7,67,50,18,36,130" hai3="70,108,29,57,99,30,98,131,94,79,15,11,89"/><T31/><D41/><U128/><E39/><V104/><F104/><W69/><G108/><T64/><D93/><U102/><E109/><V86/><F111/><W45/><G79/><T21/><D21/><N who="1" m="13351" /><E128/><V85/><F36/><W10/><G131/><T121/><D121/><U119/><E119/><V77/><F7/><W23/><G45/><T71/><D71/><U2/><E2/><V38/><F38/><W107/><G57/><T88/><D52/><U3/><E3/><V55/><F77/><W46/><G46/><T40/><D40/><U90/><E6/><V1/><F1/><W33/><G33/><T44/><D44/><U19/><E19/><V129/><F129/><W81/><G81/><T8/><D35/><U117/><E117/><V65/><F65/><W5/><G107/><T101/><D101/><N who="1" m="38411" /><E118/><V123/><F123/><W100/><G70/><T110/><D110/><U72/><E72/><V68/><F130/><W75/><G75/><T42/><D42/><U126/><E53/><V17/><F17/><W92/><G69/><T26/><D26/><U0/><E0/><V83/><F83/><W97/><G23/><T95/><D82/><U51/><E51/><V54/><F55/><W58/><G100/><T105/><D74/><U28/><E63/><V120/><F120/><W32/><G32/><T37/><D37/><U116/><E61/><V73/><F73/><W60/><G60/><T43/><D105/><U56/><E116/><V48/><F50/><W34/><G34/><T113/><D113/><AGARI ba="3,0" hai="18,20,25,47,48,54,62,67,68,85,86,112,113,114" machi="113" ten="40,1300,0" yaku="15,1" doraHai="133" who="2" fromWho="0" sc="163,-22,200,0,326,22,311,0" /><INIT seed="5,0,0,2,0,0" ten="141,200,348,311" oya="1" hai0="4,35,33,18,128,93,75,117,105,131,29,84,89" hai1="61,90,48,76,27,72,65,37,116,41,77,58,81" hai2="10,130,45,99,68,38,103,63,132,22,94,26,126" hai3="25,28,122,91,1,119,101,32,85,17,78,54,21"/><U31/><E116/><V82/><F130/><W15/><G78/><T60/><D75/><U135/><E135/><V109/><F109/><W16/><G101/><T13/><D105/><U8/><E37/><V55/><F126/><W100/><G100/><T30/><D117/><U2/><E77/><V111/><F111/><W7/><G119/><T88/><D60/><U123/><E123/><V62/><F68/><W9/><G54/><T96/><D30/><U112/><E112/><V102/><F102/><W73/><G73/><T42/><D42/><U47/><E90/><V44/><F38/><W50/><G50/><T57/><D57/><U14/><E2/><V46/><F55/><W98/><G98/><T36/><D36/><U110/><E110/><V124/><F124/><W71/><G71/><T92/><D29/><U66/><E65/><V127/><F132/><W87/><G87/><T53/><D53/><U107/><E107/><V3/><F82/><W74/><G74/><T51/><D51/><U49/><E41/><V97/><F97/><W134/><G134/><T39/><D39/><U86/><E72/><V67/><F67/><W133/><G133/><T69/><D69/><U79/><E79/><V43/><F43/><W6/><G122/><T20/><REACH who="0" step="1"/><D4/><REACH who="0" ten="131,200,348,311" step="2"/><N who="1" m="3335" /><E47/><V129/><F127/><W5/><G17/><T40/><D40/><U56/><E58/><V125/><F125/><W59/><G59/><T108/><D108/><U12/><E49/><V34/><F45/><W106/><G106/><T121/><D121/><U118/><E118/><V23/><F46/><W120/><G120/><RYUUKYOKU ba="0,1" sc="131,15,200,-15,348,-15,311,15" hai0="13,18,20,33,35,84,88,89,92,93,96,128,131" hai3="1,5,6,7,9,15,16,21,25,28,32,85,91" /><INIT seed="6,1,1,5,1,95" ten="146,185,333,326" oya="2" hai0="109,77,36,32,87,59,21,64,10,104,130,114,44" hai1="72,89,96,98,56,43,111,68,58,62,80,50,4" hai2="55,115,15,78,0,29,83,90,73,113,3,106,52" hai3="22,7,11,117,63,9,86,41,107,103,47,34,131"/><V123/><F123/><W110/><G34/><T120/><D104/><U135/><E111/><V12/><F106/><W134/><G110/><T94/><D32/><U129/><E68/><V122/><F29/><W49/><G117/><T128/><D120/><U24/><E135/><V48/><F90/><W53/><G131/><T100/><D109/><U67/><E129/><N who="0" m="49769" /><D10/><U85/><E72/><V124/><F124/><W79/><G134/><T61/><D114/><N who="2" m="43530" /><F55/><W102/><G63/><T28/><D36/><U39/><E4/><V30/><F30/><W35/><G35/><T27/><D44/><N who="1" m="25887" /><E39/><V81/><F81/><N who="3" m="47423" /><G102/><T37/><D37/><U8/><E8/><V1/><F122/><W76/><G11/><T60/><D60/><N who="1" m="38279" /><E24/><V5/><F5/><W112/><G7/><T66/><D66/><AGARI ba="1,1" hai="58,62,66,80,85,89,96,98" m="38279,25887" machi="66" ten="30,3900,0" yaku="8,1,52,2" doraHai="95" who="1" fromWho="0" sc="146,-42,185,52,333,0,326,0" /><INIT seed="7,0,0,4,4,48" ten="104,237,333,326" oya="3" hai0="101,84,7,97,18,90,116,78,36,47,2,91,49" hai1="121,50,10,25,128,33,95,51,42,124,108,93,135" hai2="102,14,118,66,109,129,30,77,58,103,53,114,9" hai3="55,4,31,1,73,105,12,79,3,64,117,100,29"/><W45/><G117/><T62/><D116/><U125/><E108/><V131/><F109/><W16/><G4/><T69/><D2/><U46/><E121/><V15/><F114/><W38/><G64/><T111/><D7/><U28/><E135/><V81/><F66/><W106/><G79/><T39/><D69/><U71/><E71/><V65/><F30/><W75/><G38/><T104/><D62/><U72/><E72/><N who="2" m="43175" /><F65/><W70/><G70/><T113/><D113/><U112/><E128/><N who="2" m="49227" /><F118/><W80/><G45/><T8/><D78/><U130/><E130/><V60/><F15/><W98/><G80/><T54/><D91/><U87/><E87/><V86/><F86/><W26/><G26/><T67/><D67/><U126/><E112/><V74/><F74/><W19/><G12/><T21/><D111/><U120/><E120/><V122/><F122/><W76/><G98/><T94/><REACH who="0" step="1"/><D8/><REACH who="0" ten="94,237,333,326" step="2"/><U52/><E10/><V17/><AGARI ba="0,1" hai="9,14,17,53,58,60,102,103" m="49227,43175" machi="17" ten="30,2000,0" yaku="19,1,52,1" doraHai="48" who="2" fromWho="2" sc="94,-5,237,-5,333,30,326,-10" owari="89,-41.0,232,-17.0,363,46.0,316,12.0" /></mjloggm>