<mjloggm ver="2.3"><GO type="169" lobby="0"/><UN n0="%E3%81%A8%E3%81%A8" n1="%7A%68%6B%64%73%68%67%79" n2="%42%6C%75%65%2D%4A%61%6D" n3="%E5%B0%B1%E6%B4%BB%E7%94%9F%40%E5%B7%9D%E6%9D%91%E8%BB%8D%E5%9B%A3" dan="16,17,16,19" rate="2080.68,2123.47,2085.12,2341.56" sx="F,F,M,M"/><TAIKYOKU oya="0"/><INIT seed="0,0,0,4,1,115" ten="250,250,250,250" oya="0" hai0="112,71,27,97,14,10,56,95,78,24,89,25,0" hai1="102,135,44,3,64,38,12,42,90,91,8,15,100" hai2="68,129,94,121,2,122,108,34,59,93,51,114,16" hai3="62,45,124,19,13,50,110,32,76,132,84,83,77"/><T123/><D71/><U17/><E135/><V33/><F68/><W30/><G110/><T99/><D112/><U63/><E3/><V88/><F108/><W105/><G105/><T118/><D0/><U113/><E113/><V4/><F114/><W70/><G132/><T11/><D123/><U22/><E100/><V82/><F2/><W58/><G124/><T86/><D118/><U107/><E102/><V104/><F4/><W55/><G70/><T31/><D31/><U5/><REACH who="1" step="1"/><E107/><REACH who="1" ten="250,240,250,250" step="2"/><V69/><F104/><W67/><G32/><T43/><D43/><U35/><E35/><V74/><F33/><W80/><G30/><T72/><D72/><U1/><E1/><V61/><F34/><W53/><G80/><T75/><D75/><U52/><E52/><V119/><F74/><W37/><G37/><T120/><D120/><U128/><E128/><V40/><F122/><W79/><REACH who="3" step="1"/><G55/><REACH who="3" ten="250,240,250,240" step="2"/><T117/><D117/><U29/><E29/><V65/><F119/><W87/><G87/><T103/><D86/><U133/><E133/><V18/><F121/><W54/><G54/><T60/><D97/><U126/><E126/><V127/><F127/><W111/><G111/><T39/><D39/><U96/><E96/><V21/><F82/><W134/><G134/><T109/><D109/><U48/><E48/><V36/><F36/><W116/><G116/><T101/><D99/><U73/><E73/><V9/><F129/><W66/><G66/><T57/><D60/><U7/><E7/><V47/><F65/><W23/><AGARI ba="0,2" hai="13,19,23,45,50,53,58,62,67,76,77,79,83,84" machi="23" ten="20,5200,0" yaku="1,1,0,1,7,1,8,1,53,0" doraHai="115" doraHaiUra="106" who="3" fromWho="3" sc="250,-26,240,-13,250,-13,240,72" /><INIT seed="1,0,0,2,1,66" ten="224,227,237,312" oya="1" hai0="10,106,75,19,115,40,43,29,61,41,129,119,104" hai1="26,126,125,68,91,133,132,123,80,70,3,53,52" hai2="113,121,95,36,87,0,79,84,64,38,89,130,24" hai3="32,9,47,11,2,99,15,28,44,48,31,109,8"/><U118/><E3/><V120/><F0/><W102/><G2/><T50/><D75/><U23/><E118/><V34/><F130/><W131/><G109/><T49/><D29/><N who="1" m="17631" /><E91/><V35/><F113/><W93/><G131/><T20/><D10/><N who="3" m="4201" /><G32/><T128/><D61/><U78/><E123/><V1/><F1/><W105/><G105/><T4/><D115/><U42/><E42/><V94/><F64/><W127/><G127/><N who="1" m="48650" /><E52/><V46/><F46/><N who="3" m="17451" /><G48/><T114/><D43/><U108/><E53/><V77/><F24/><W117/><G117/><T54/><D54/><U16/><E16/><AGARI ba="0,0" hai="11,15,16,28,31,93,99,102" m="17451,4201" machi="16" ten="30,2000,0" yaku="8,1,54,1" doraHai="66" who="3" fromWho="1" sc="224,0,227,-20,237,0,312,20" /><INIT seed="2,0,0,5,5,101" ten="224,207,237,332" oya="2" hai0="6,52,73,49,109,112,60,11,93,48,89,43,104" hai1="72,98,129,132,13,75,34,66,83,19,87,79,78" hai2="106,58,107,96,113,77,7,57,63,54,111,64,39" hai3="128,120,116,9,94,65,124,28,40,35,2,18,102"/><V85/><F113/><W69/><G69/><T103/><D73/><U86/><E34/><V27/><F39/><W88/><G102/><T33/><D33/><U30/><E30/><V20/><F7/><W127/><G65/><T119/><D112/><U70/><E129/><V118/><F118/><W44/><G116/><T14/><D119/><U50/><E132/><V122/><F122/><W0/><G120/><T15/><D109/><U134/><E134/><V29/><F111/><W108/><G108/><T133/><D133/><U76/><E50/><V62/><F77/><W100/><G100/><T21/><D103/><U61/><E98/><V36/><F36/><W1/><G128/><T74/><D74/><U45/><E45/><V80/><F96/><W126/><G35/><T110/><D104/><U105/><E105/><V53/><REACH who="2" step="1"/><F64/><REACH who="2" ten="224,207,227,332" step="2"/><W38/><G2/><T90/><D110/><U10/><REACH who="1" step="1"/><E78/><REACH who="1" ten="224,197,227,332" step="2"/><V56/><F56/><W84/><G124/><T24/><D90/><U115/><E115/><V8/><F8/><W125/><G9/><T117/><D117/><U37/><E37/><V68/><F68/><W95/><G38/><T92/><D89/><U55/><E55/><V23/><F23/><W131/><G131/><T51/><D11/><U67/><E67/><V31/><F31/><W4/><G28/><T59/><D52/><U81/><AGARI ba="0,2" hai="10,13,19,61,66,70,72,75,76,79,81,83,86,87" machi="81" ten="30,4000,0" yaku="1,1,0,1,9,1,53,0" doraHai="101" doraHaiUra="41" who="1" fromWho="1" sc="224,-10,197,60,227,-20,332,-10" /><INIT seed="3,0,0,2,2,78" ten="214,257,207,322" oya="3" hai0="19,117,135,105,86,5,123,103,37,96,101,83,35" hai1="95,64,115,32,51,43,70,128,91,104,108,93,42" hai2="88,12,9,3,57,94,134,75,22,62,7,38,90" hai3="84,68,102,53,118,87,14,8,67,56,130,6,54"/><W97/><G130/><T125/><D37/><U77/><E115/><V126/><F38/><W132/><G132/><T106/><D35/><U25/><E104/><V80/><F134/><W65/><G118/><T50/><D135/><U11/><E128/><V116/><F116/><W27/><G54/><T122/><D117/><U81/><E95/><V92/><F126/><W100/><G100/><T111/><D111/><U15/><E108/><V48/><F48/><W39/><G39/><T60/><D125/><U55/><E25/><V13/><F22/><W107/><G68/><T113/><D113/><U109/><E32/><V121/><F94/><W59/><G59/><T72/><D72/><U31/><E31/><V58/><F58/><W4/><G4/><T89/><D5/><U28/><E28/><V26/><F26/><W10/><G10/><T21/><D50/><U120/><E64/><V18/><F18/><W99/><G99/><T112/><D112/><U73/><E70/><V63/><F63/><W24/><G24/><T20/><D60/><U29/><E29/><V23/><F23/><W69/><G27/><T46/><D21/><U74/><E74/><V47/><F47/><W98/><G98/><T114/><D46/><N who="1" m="28151" /><E109/><V61/><F61/><N who="3" m="35983" /><G69/><T124/><D124/><U34/><E120/><V40/><F121/><W16/><G6/><T41/><D114/><U76/><E34/><V71/><F71/><W1/><G1/><T66/><D66/><U44/><E44/><V0/><F0/><W30/><G30/><T131/><D131/><U79/><E11/><N who="2" m="4223" /><F3/><W49/><G49/><RYUUKYOKU ba="0,0" sc="214,-10,257,-10,207,-10,322,30" hai3="8,14,16,65,67,84,87,97,102,107" /><INIT seed="3,1,0,0,4,54" ten="204,247,197,352" oya="3" hai0="121,117,98,64,3,108,0,74,27,25,57,58,111" hai1="89,71,30,78,18,16,46,60,109,113,88,20,91" hai2="8,87,95,1,24,49,53,17,102,84,45,33,68" hai3="99,101,10,103,132,107,127,7,131,118,134,124,29"/><W123/><G123/><T72/><D64/><U44/><E113/><V104/><F68/><W47/><G29/><T65/><D65/><U94/><E109/><N who="0" m="42057" /><D117/><U26/><E78/><V38/><F38/><W22/><G22/><T13/><D13/><U83/><E83/><V114/><F104/><W48/><G103/><T34/><D121/><U36/><E36/><V112/><F112/><W96/><G118/><T42/><D42/><U51/><E46/><V31/><F114/><W6/><G99/><T122/><D122/><U97/><E60/><V85/><F102/><W81/><G81/><T119/><D119/><U120/><E71/><V135/><F135/><N who="3" m="51755" /><G7/><T125/><D98/><U40/><E120/><V14/><F1/><N who="0" m="586" /><D125/><N who="3" m="48201" /><G10/><T133/><D133/><U70/><E70/><V11/><F11/><W50/><G6/><T55/><D55/><U32/><E32/><V69/><F69/><W116/><G116/><T61/><D61/><U100/><AGARI ba="1,0" hai="16,18,20,26,30,40,44,51,88,89,91,94,97,100" machi="100" ten="30,7900,0" yaku="0,1,8,1,54,2" doraHai="54" who="1" fromWho="1" sc="204,-21,247,82,197,-21,352,-40" /><INIT seed="4,0,0,4,2,120" ten="183,329,176,312" oya="0" hai0="8,92,87,109,84,23,76,53,27,115,14,118,101" hai1="70,124,12,49,71,78,25,52,44,99,98,132,93" hai2="122,108,51,28,69,30,63,134,54,113,1,121,133" hai3="97,129,100,15,38,105,111,60,4,72,85,50,43"/><T125/><D118/><U80/><E132/><N who="2" m="50795" /><F1/><W35/><G111/><T104/><D104/><U13/><E124/><V18/><F18/><W11/><G72/><T65/><D125/><U10/><E25/><V73/><F73/><W89/><G35/><T103/><D115/><U64/><E99/><V126/><F126/><W9/><G129/><T66/><D76/><U24/><E24/><V20/><F20/><W117/><G117/><T41/><D41/><U123/><E123/><N who="2" m="47115" /><F113/><W0/><G60/><T77/><D77/><U128/><E128/><V94/><F94/><W26/><G26/><T45/><D92/><U82/><E80/><V130/><F130/><W29/><G29/><T39/><D23/><U114/><E114/><V74/><F74/><W91/><G38/><T81/><D27/><U40/><E12/><V46/><F108/><W5/><G85/><T110/><D14/><U57/><E82/><V55/><F54/><W106/><G106/><T56/><D81/><U48/><E78/><V61/><F61/><W7/><G7/><T21/><D21/><U33/><E33/><V19/><F19/><W6/><G6/><T17/><D17/><U16/><E64/><AGARI ba="0,0" hai="28,30,46,51,55,63,64,69" m="47115,50795" machi="64" ten="30,1000,0" yaku="20,1" doraHai="120" who="2" fromWho="1" sc="183,0,329,-10,176,10,312,0" /><INIT seed="5,0,0,1,1,52" ten="183,319,186,312" oya="1" hai0="126,35,49,63,134,14,109,44,48,81,80,77,10" hai1="69,79,19,83,41,6,93,78,119,9,5,51,132" hai2="73,24,38,75,23,28,3,47,96,129,43,76,46" hai3="71,25,39,40,124,53,89,127,13,135,97,118,100"/><U87/><E119/><V37/><F3/><W103/><G71/><T8/><D109/><U4/><E69/><V91/><F129/><W34/><G135/><T102/><D35/><U70/><E70/><V60/><F76/><W114/><G114/><T61/><D102/><U7/><E132/><V30/><F60/><W133/><G133/><T111/><D134/><U112/><E112/><V64/><F64/><W85/><G39/><T26/><D26/><U1/><E19/><V90/><F96/><W125/><G40/><T65/><D65/><U56/><E93/><V108/><F24/><W42/><G42/><T86/><D126/><U66/><E79/><V18/><F43/><W101/><G13/><T122/><D122/><U33/><E33/><V15/><F18/><W22/><G53/><T105/><D105/><U92/><E92/><V82/><F82/><N who="3" m="49335" /><G118/><T21/><D81/><U27/><E27/><V123/><F15/><W45/><G45/><T95/><D95/><U67/><REACH who="1" step="1"/><E41/><REACH who="1" ten="183,309,186,312" step="2"/><V12/><F123/><W94/><G34/><T31/><D111/><U20/><E20/><V55/><F23/><W54/><G22/><T2/><D21/><U36/><E36/><V121/><F121/><W72/><G25/><T62/><D31/><U29/><E29/><V88/><F108/><W107/><G107/><T16/><REACH who="0" step="1"/><D44/><REACH who="0" ten="173,309,186,312" step="2"/><U117/><E117/><V113/><F47/><W115/><G115/><T58/><D58/><U50/><E50/><V0/><F113/><W84/><G125/><T131/><D131/><U17/><E17/><V59/><F46/><W68/><G124/><RYUUKYOKU ba="0,2" sc="173,15,309,15,186,-15,312,-15" hai0="2,8,10,14,16,48,49,61,62,63,77,80,86" hai1="1,4,5,6,7,9,51,56,66,67,78,83,87" /><INIT seed="5,1,2,3,4,53" ten="188,324,171,297" oya="1" hai0="89,133,43,30,7,93,51,87,55,33,10,125,15" hai1="44,42,50,67,8,62,29,95,32,104,38,108,13" hai2="6,3,59,9,4,72,83,58,91,68,37,135,119" hai3="2,52,78,92,105,103,26,16,84,18,25,69,40"/><U96/><E108/><V129/><F119/><W100/><G69/><T109/><D109/><U49/><E104/><V0/><F68/><W1/><G105/><T74/><D74/><U114/><E114/><V76/><F135/><W64/><G64/><T24/><D133/><U116/><E116/><V88/><F129/><W134/><G134/><T80/><D125/><U65/><E67/><V113/><F113/><W5/><G40/><T85/><D43/><U34/><E49/><V14/><F14/><W101/><G5/><T73/><D73/><U118/><E38/><V31/><F31/><W46/><G2/><T27/><D30/><U45/><E44/><V28/><F28/><W123/><G1/><T122/><D33/><U54/><E42/><V61/><F37/><W120/><G120/><T126/><D126/><U124/><E29/><V77/><F77/><W36/><G36/><T86/><D122/><U79/><E79/><V82/><F61/><W106/><G106/><T130/><D130/><U63/><E62/><V57/><F83/><N who="3" m="47223" /><G92/><T71/><D71/><U66/><E118/><V115/><F115/><W94/><G94/><T48/><D48/><U22/><E124/><V110/><F110/><W19/><G123/><T112/><D112/><U121/><E121/><V99/><F99/><W12/><G12/><T41/><D41/><U47/><E13/><V60/><F60/><W81/><G81/><T23/><D80/><U11/><E63/><V97/><F97/><W98/><G98/><N who="0" m="57647" /><D23/><U17/><E22/><V117/><F117/><W132/><G132/><T90/><D90/><RYUUKYOKU ba="1,2" sc="188,10,324,-30,171,10,297,10" hai0="7,10,15,24,27,51,55,85,86,87" hai2="0,3,4,6,9,57,58,59,72,76,82,88,91" hai3="16,18,19,25,26,46,52,100,101,103" /><INIT seed="6,2,2,5,2,33" ten="198,294,181,307" oya="2" hai0="32,18,131,11,135,39,86,54,118,17,15,94,92" hai1="19,80,77,7,24,84,49,45,95,67,113,12,98" hai2="20,103,9,104,28,87,8,122,64,82,91,101,116" hai3="83,5,73,2,53,43,107,55,85,1,115,23,99"/><V61/><F116/><W68/><G68/><T121/><D121/><U81/><E113/><V70/><F122/><W26/><G73/><T51/><D39/><U108/><E108/><V57/><F70/><W56/><G43/><T3/><D118/><U88/><E67/><V102/><REACH who="2" step="1"/><F104/><REACH who="2" ten="198,294,171,307" step="2"/><W40/><G107/><T78/><D131/><U59/><E80/><V6/><F6/><W35/><G5/><T132/><D132/><U105/><E105/><V58/><F58/><W48/><G115/><T71/><D71/><U13/><E7/><V75/><F75/><W123/><G123/><T0/><D135/><U126/><E59/><V22/><F22/><W34/><G34/><T47/><D32/><U117/><E117/><V89/><F89/><W106/><G35/><T38/><D78/><U127/><E127/><V63/><F63/><W31/><G40/><T109/><D109/><U76/><E77/><V60/><F60/><W130/><G130/><T36/><D92/><U129/><E129/><V111/><F111/><W114/><G114/><T10/><D94/><U134/><E126/><V27/><AGARI ba="2,3" hai="8,9,20,27,28,57,61,64,82,87,91,101,102,103" machi="27" ten="30,6000,0" yaku="1,1,0,1,8,1,53,0" doraHai="33" doraHaiUra="44" who="2" fromWho="2" sc="198,-22,294,-22,171,96,307,-22" /><INIT seed="6,3,0,3,5,95" ten="176,272,267,285" oya="2" hai0="59,101,5,73,40,60,75,13,120,51,71,128,61" hai1="66,16,64,26,37,54,108,114,115,92,2,102,19" hai2="134,109,57,68,55,91,47,52,93,0,23,8,76" hai3="89,43,104,49,67,131,83,70,111,41,90,50,84"/><V116/><F116/><W21/><G104/><T118/><D120/><U126/><E108/><V38/><F68/><W112/><G131/><T123/><D123/><U20/><E126/><V74/><F109/><W129/><G129/><T9/><D128/><U36/><E2/><V121/><F121/><W34/><G34/><T17/><D118/><U39/><E19/><V103/><F103/><W35/><G35/><T25/><D71/><U125/><E54/><V117/><F117/><W110/><G70/><T99/><D40/><N who="3" m="15433" /><G112/><N who="1" m="43050" /><E125/><V24/><F38/><W69/><G69/><T42/><D42/><U106/><E106/><V31/><F47/><W88/><G67/><T7/><D51/><N who="3" m="19465" /><G111/><T124/><D124/><U14/><E26/><V62/><F74/><W113/><G113/><T133/><D133/><U1/><E1/><V18/><F76/><N who="3" m="46183" /><G110/><T53/><D61/><U119/><E119/><V45/><F45/><W32/><G32/><T12/><D25/><U122/><E122/><V63/><F63/><W72/><G72/><T105/><REACH who="0" step="1"/><D5/><REACH who="0" ten="166,272,267,285" step="2"/><U85/><E39/><V107/><F62/><W82/><G21/><AGARI ba="3,1" hai="7,9,12,13,17,21,53,59,60,73,75,99,101,105" machi="21" ten="30,7700,0" yaku="1,1,2,1,7,1,52,1,53,0" doraHai="95" doraHaiUra="86" who="0" fromWho="3" sc="166,96,272,0,267,0,285,-86" /><INIT seed="7,0,0,0,3,20" ten="262,272,267,199" oya="3" hai0="9,129,93,132,79,15,84,46,68,112,8,49,113" hai1="56,67,51,100,104,5,32,92,3,38,1,19,34" hai2="97,25,135,73,109,29,101,28,110,124,72,130,39" hai3="80,58,120,88,21,31,52,14,48,95,96,91,114"/><W103/><G120/><T117/><D68/><U6/><E38/><V131/><F39/><W64/><G114/><N who="0" m="44139" /><D117/><U134/><E19/><V81/><F29/><W119/><G119/><T128/><D132/><U36/><E36/><V133/><F124/><W94/><G64/><T54/><D15/><U47/><E92/><N who="2" m="58535" /><F25/><N who="3" m="16815" /><G80/><N who="0" m="47135" /><D93/><U87/><E104/><V26/><F26/><W115/><G115/><T41/><D41/><U75/><E67/><V16/><F16/><W85/><G14/><T65/><D65/><U90/><E134/><N who="2" m="51211" /><F28/><W0/><G0/><T55/><D55/><U30/><E30/><V37/><F37/><W10/><G10/><AGARI ba="0,0" hai="8,9,10,46,49,54,128,129" m="47135,44139" machi="10" ten="30,2000,0" yaku="15,1,11,1" doraHai="20" who="0" fromWho="3" sc="262,20,272,0,267,0,199,-20" /><INIT seed="8,0,0,2,2,130" ten="282,272,267,179" oya="0" hai0="5,78,49,74,60,104,134,126,63,53,69,99,128" hai1="76,50,6,70,67,18,58,107,120,29,90,80,73" hai2="103,88,14,57,16,61,106,31,129,121,75,10,47" hai3="113,28,79,38,93,33,124,15,96,54,85,20,3"/><T118/><D128/><U89/><E70/><V48/><F121/><W25/><G113/><T77/><D126/><U24/><E120/><V22/><F75/><W119/><G124/><T84/><D74/><U97/><E6/><V19/><F106/><W102/><G119/><T17/><D118/><U83/><E18/><V108/><F103/><W59/><G38/><T94/><D104/><U40/><E83/><V46/><F108/><W62/><G3/><T36/><D36/><U1/><E1/><V45/><F31/><W11/><G33/><T105/><D105/><U12/><E12/><V82/><F129/><W34/><G34/><T65/><D63/><U23/><E67/><V116/><F116/><W123/><G123/><T122/><D122/><U35/><E35/><V112/><F112/><W131/><G131/><T110/><D110/><U0/><E0/><V27/><F48/><W41/><G41/><T2/><D17/><U37/><E37/><V7/><F7/><W101/><G85/><T56/><D84/><U30/><E29/><V72/><F72/><W52/><G79/><T111/><D111/><U132/><E40/><V125/><F125/><W51/><G102/><T42/><D42/><U98/><E107/><V55/><F45/><W135/><G135/><T44/><D134/><U109/><E132/><V39/><F39/><W26/><G26/><T66/><D5/><U43/><E109/><V127/><F127/><W13/><G11/><T64/><D2/><U4/><E4/><V8/><F10/><W71/><G71/><T32/><D32/><U21/><E73/><RYUUKYOKU ba="0,0" sc="282,-15,272,-15,267,15,179,15" hai2="8,14,16,19,22,27,46,47,55,57,61,82,88" hai3="13,15,20,25,28,51,52,54,59,62,93,96,101" /><INIT seed="9,1,0,2,0,49" ten="267,257,282,194" oya="1" hai0="75,26,74,33,96,86,105,84,62,67,6,52,24" hai1="100,111,131,8,37,82,43,65,79,135,72,5,88" hai2="76,32,51,114,93,56,118,124,104,39,128,14,20" hai3="85,77,4,132,34,64,87,12,47,123,101,78,54"/><U73/><E135/><V45/><F32/><W117/><G34/><T94/><D6/><U115/><E115/><V92/><F104/><W46/><G123/><T112/><D112/><U108/><E131/><V66/><F114/><W53/><G132/><T1/><D1/><N who="1" m="47" /><E100/><V63/><F118/><W122/><G117/><T13/><D105/><U40/><E73/><V130/><F39/><W126/><G126/><T103/><D75/><U16/><E65/><V71/><F76/><N who="3" m="29291" /><G64/><T48/><D74/><U81/><E16/><N who="2" m="10263" /><F71/><W38/><G38/><T7/><D33/><U121/><E121/><V110/><F110/><N who="1" m="42025" /><E37/><V58/><F58/><W113/><G101/><T90/><D103/><U119/><E119/><V60/><F60/><W3/><G3/><T42/><D67/><U95/><E82/><V30/><F30/><W89/><G113/><T57/><D26/><U59/><E59/><V21/><F21/><W23/><G122/><T68/><D24/><U106/><E106/><V2/><F2/><W31/><G31/><T61/><D68/><U19/><E19/><V28/><F28/><W36/><G36/><T70/><D70/><U44/><E44/><N who="3" m="16938" /><G23/><T99/><D62/><U69/><E69/><V120/><F120/><W91/><G12/><T127/><D13/><U9/><E9/><V25/><F25/><W83/><G4/><T17/><D7/><U18/><E18/><V0/><F0/><W11/><G11/><T22/><D17/><U97/><AGARI ba="1,0" hai="40,43,72,79,81,88,95,97" m="42025,47" machi="97" ten="30,3000,0" yaku="10,1,54,1" doraHai="49" who="1" fromWho="1" sc="267,-11,257,33,282,-11,194,-11" /><INIT seed="9,2,0,5,5,86" ten="256,290,271,183" oya="1" hai0="88,130,11,17,117,8,14,39,83,20,57,21,109" hai1="121,78,119,36,123,62,15,104,52,53,73,77,67" hai2="97,66,29,101,102,37,10,103,93,27,125,124,43" hai3="59,18,111,1,118,12,7,44,65,41,100,94,68"/><U47/><E104/><V106/><F66/><W26/><G111/><T9/><D39/><U54/><E119/><V76/><F10/><N who="0" m="4202" /><D109/><U134/><E15/><V23/><F76/><W42/><G1/><T128/><D117/><U19/><E19/><V33/><F33/><W122/><G68/><T0/><D0/><U16/><E16/><V38/><F43/><W60/><G118/><T98/><D57/><U22/><E22/><V32/><F23/><W46/><G122/><T129/><D83/><U112/><E112/><V108/><F108/><W25/><G7/><T56/><D56/><U87/><E73/><V63/><F63/><W82/><G82/><T90/><D90/><U70/><E134/><V24/><F24/><N who="3" m="9323" /><G46/><T2/><D2/><U61/><E62/><V126/><F106/><W51/><G18/><T96/><D96/><U50/><E36/><AGARI ba="2,0" hai="27,29,32,36,37,38,93,97,101,102,103,124,125,126" machi="36" ten="50,1600,0" yaku="18,1" doraHai="86" who="2" fromWho="1" sc="256,0,290,-22,271,22,183,0" /><INIT seed="10,0,0,1,4,77" ten="256,268,293,183" oya="2" hai0="53,125,124,133,2,115,64,33,98,20,121,112,12" hai1="100,74,9,27,28,47,95,130,128,11,73,118,96" hai2="38,63,117,41,23,119,65,10,45,39,34,44,81" hai3="36,35,25,18,120,14,69,114,3,62,59,85,46"/><V110/><F34/><W92/><G120/><T52/><D33/><U82/><E47/><V58/><F110/><W99/><G3/><T88/><D2/><U102/><E100/><V104/><F104/><W31/><G114/><T1/><D1/><U4/><E118/><N who="2" m="45067" /><F10/><N who="1" m="3593" /><E4/><V113/><F113/><N who="0" m="43594" /><D64/><U135/><E135/><V87/><F23/><W49/><G69/><T89/><D121/><U71/><E71/><V5/><F5/><W80/><G36/><N who="2" m="13865" /><F41/><W90/><G14/><T42/><D42/><U91/><E27/><V127/><F127/><N who="0" m="48714" /><D133/><U61/><E28/><V21/><F21/><W123/><G18/><N who="0" m="10311" /><D98/><U37/><E37/><V66/><F65/><W15/><G15/><T94/><D94/><U57/><E96/><V8/><F8/><W48/><G123/><T17/><D17/><U19/><E19/><V60/><F60/><W86/><G46/><T7/><D7/><U106/><E106/><V24/><F24/><W129/><G129/><T56/><D56/><U26/><E26/><V75/><F75/><W55/><REACH who="3" step="1"/><G99/><REACH who="3" ten="256,268,293,173" step="2"/><T103/><D103/><U13/><E13/><V76/><AGARI ba="0,1" hai="44,45,58,63,66,76,81,87" m="13865,45067" machi="76" ten="30,3000,0" yaku="16,1,52,1" doraHai="77" who="2" fromWho="2" sc="256,-10,268,-10,293,40,173,-10" owari="246,-15.0,258,6.0,333,43.0,163,-34.0" /></mjloggm>