<mjloggm ver="2.3"><GO type="169" lobby="0"/><UN n0="%5A%75%74%74%61%6B%61" n1="%73%69%72%6F%75%75%75" n2="%E3%83%AA%E3%82%B5%E3%81%95%E3%81%BE" n3="%E3%82%A6%E3%83%AB%E3%83%88%E3%83%A9%E7%AB%8B%E7%9B%B4" dan="17,16,16,17" rate="2145.72,2024.81,2053.18,2183.46" sx="M,M,F,M"/><TAIKYOKU oya="0"/><INIT seed="0,0,0,3,4,83" ten="250,250,250,250" oya="0" hai0="81,111,24,22,78,27,60,113,47,57,125,39,50" hai1="100,133,52,64,104,120,11,134,16,69,119,123,80" hai2="118,94,73,130,85,54,36,23,86,34,132,45,61" hai3="102,44,7,62,42,21,82,29,37,70,72,109,116"/><T79/><D113/><U49/><E119/><V107/><F73/><W115/><G116/><T121/><D121/><U33/><E33/><V131/><F34/><W77/><G115/><T89/><D39/><U124/><E124/><V98/><F107/><W2/><G102/><T135/><D125/><U88/><E100/><V105/><F105/><W91/><G91/><T66/><D135/><N who="1" m="51723" /><E104/><V53/><F132/><W76/><G76/><T71/><D71/><U19/><E64/><V106/><F106/><W48/><G21/><T32/><D32/><U25/><E69/><V31/><F118/><W5/><G29/><T17/><D27/><U95/><E80/><V117/><F117/><W63/><G7/><T101/><D101/><U51/><E51/><N who="2" m="28911" /><F36/><W92/><G48/><T35/><D35/><U0/><E0/><V127/><F127/><W122/><G122/><N who="1" m="46634" /><E11/><V108/><F108/><W28/><G109/><T75/><D111/><U13/><E25/><N who="2" m="16831" /><F131/><W56/><G70/><T20/><D20/><U110/><E110/><V41/><F130/><W129/><G129/><T14/><D24/><U40/><E13/><V8/><F8/><W99/><G2/><T68/><D68/><U87/><E40/><V30/><F41/><W15/><G42/><N who="0" m="24951" /><D75/><U84/><E87/><AGARI ba="0,0" hai="14,17,22,57,60,66,78,79,81,87,89" m="24951" machi="87" ten="30,2900,0" yaku="8,1,52,1" doraHai="83" who="0" fromWho="1" sc="250,29,250,-29,250,0,250,0" /><INIT seed="0,1,0,1,2,29" ten="279,221,250,250" oya="0" hai0="9,105,1,11,35,132,67,130,72,69,42,133,20" hai1="78,118,74,49,30,102,54,134,3,15,77,126,121" hai2="8,107,68,128,101,96,79,71,111,56,94,84,125" hai3="108,110,115,23,66,34,6,10,2,5,81,39,85"/><T61/><D72/><U45/><E121/><V129/><F56/><W75/><G75/><T18/><D105/><U22/><E118/><V7/><F111/><N who="3" m="42539" /><G39/><T36/><D130/><N who="2" m="50282" /><F125/><W31/><G66/><T37/><D35/><U114/><E3/><V112/><F112/><W80/><G115/><T124/><D124/><U92/><E126/><V51/><F51/><W27/><G6/><N who="0" m="1231" /><D11/><U17/><E74/><V64/><F64/><W83/><G85/><T95/><D95/><U41/><E134/><N who="0" m="51817" /><D42/><U55/><E114/><V116/><F116/><W21/><AGARI ba="1,0" hai="2,5,10,21,23,27,31,34,80,81,83" m="42539" machi="21" ten="40,2700,0" yaku="14,1,52,1" doraHai="29" who="3" fromWho="3" sc="279,-14,221,-8,250,-8,250,30" /><INIT seed="1,0,0,4,1,81" ten="265,213,242,280" oya="1" hai0="15,32,43,41,29,30,13,112,71,80,106,92,70" hai1="107,119,67,66,9,26,69,60,16,11,103,50,55" hai2="57,93,12,105,79,54,6,22,87,23,135,28,133" hai3="53,120,109,3,34,72,63,59,36,104,116,49,110"/><U125/><E119/><V7/><F105/><W89/><G34/><T118/><D106/><U58/><E125/><V31/><F135/><W94/><G72/><T88/><D80/><U8/><E107/><V90/><F79/><W52/><G3/><T39/><D32/><U115/><E115/><V129/><F129/><W96/><G36/><T113/><D92/><U0/><E103/><V2/><F2/><W64/><G104/><T77/><D39/><U99/><E99/><V128/><F128/><W51/><G120/><T124/><D77/><U111/><E111/><V127/><F127/><W42/><G42/><T20/><D124/><U14/><E0/><V25/><F133/><W126/><G126/><T75/><D20/><U83/><E67/><V4/><F28/><W65/><G116/><T61/><D61/><U62/><E62/><V74/><F74/><W45/><REACH who="3" step="1"/><G65/><REACH who="3" ten="265,213,242,270" step="2"/><T131/><D75/><U5/><E5/><V24/><F4/><W35/><G35/><T101/><D118/><U21/><REACH who="1" step="1"/><E83/><REACH who="1" ten="265,203,242,270" step="2"/><V47/><F7/><W134/><G134/><T95/><D131/><U84/><E84/><V56/><F6/><W97/><G97/><T114/><D114/><U132/><E132/><V73/><F73/><W38/><G38/><T18/><D113/><U78/><E78/><V48/><F87/><W123/><G123/><T121/><D121/><U122/><E122/><V44/><F93/><W82/><G82/><T98/><D112/><U68/><E68/><AGARI ba="0,2" hai="45,49,51,52,53,59,63,64,68,89,94,96,109,110" machi="68" ten="40,2600,0" yaku="1,1,54,1,53,0" doraHai="81" doraHaiUra="19" who="3" fromWho="1" sc="265,0,203,-26,242,0,270,46" /><INIT seed="2,0,0,2,2,102" ten="265,177,242,316" oya="2" hai0="123,115,14,21,32,72,1,118,3,48,11,47,80" hai1="122,125,8,81,106,22,89,62,23,31,7,110,5" hai2="51,64,128,15,92,116,98,94,101,99,82,58,133" hai3="59,107,135,67,52,27,24,91,26,114,117,60,73"/><V131/><F15/><W69/><G117/><T130/><D115/><U93/><E110/><V77/><F64/><W35/><G73/><T84/><D32/><U10/><E125/><V49/><F58/><W83/><G114/><T86/><D123/><U113/><E113/><V61/><F61/><W41/><G41/><T9/><D118/><U87/><E122/><V90/><F116/><W46/><G46/><T42/><D130/><N who="2" m="49706" /><F133/><W2/><G2/><T111/><D111/><U71/><E106/><V112/><F112/><W39/><G39/><T100/><D100/><U40/><E40/><V95/><F95/><W104/><G35/><T74/><D86/><AGARI ba="0,0" hai="49,51,77,82,86,90,92,94,98,99,101" m="49706" machi="86" ten="30,1500,0" yaku="19,1" doraHai="102" who="2" fromWho="0" sc="265,-15,177,0,242,15,316,0" /><INIT seed="2,1,0,0,5,75" ten="250,177,257,316" oya="2" hai0="50,99,30,76,10,23,85,123,86,108,80,103,117" hai1="95,13,91,70,15,32,54,132,61,73,16,36,38" hai2="39,8,72,62,82,133,56,6,116,131,33,122,78" hai3="41,110,113,67,98,134,87,7,37,66,93,14,112"/><V44/><F122/><W64/><G110/><T21/><D123/><U34/><E73/><V24/><F116/><W1/><G1/><T27/><D108/><U107/><E107/><V102/><F131/><W11/><G134/><T105/><D117/><U9/><E132/><V20/><F33/><W65/><N who="3" m="16384" /><DORA hai="92" /><W17/><G41/><T18/><D50/><U29/><E70/><V43/><F133/><W120/><G37/><T125/><D125/><U53/><E34/><V124/><F102/><W118/><G120/><T71/><D71/><U74/><E74/><V115/><F115/><W60/><G60/><T90/><D10/><N who="1" m="6199" /><E38/><V25/><F124/><W126/><G126/><T77/><REACH who="0" step="1"/><D86/><REACH who="0" ten="240,177,257,316" step="2"/><U130/><E36/><V26/><F62/><W101/><G118/><T106/><D106/><U42/><E61/><V48/><F48/><W104/><G7/><T128/><D128/><U63/><E63/><V57/><REACH who="2" step="1"/><F20/><REACH who="2" ten="240,177,247,316" step="2"/><W127/><G127/><T5/><D5/><U114/><E130/><V88/><F88/><W3/><G113/><T35/><D35/><U51/><E32/><V135/><F135/><W83/><G112/><T12/><AGARI ba="1,2" hai="12,18,21,23,27,30,76,77,80,85,90,99,103,105" machi="12" ten="20,12000,2" yaku="1,1,0,1,7,1,52,3,53,0" doraHai="75,92" doraHaiUra="129,31" who="0" fromWho="0" sc="240,143,177,-31,247,-61,316,-31" /><INIT seed="3,0,0,5,4,11" ten="383,146,186,285" oya="3" hai0="25,93,134,1,77,124,48,81,94,22,54,96,68" hai1="95,107,113,119,31,41,102,71,30,59,28,70,76" hai2="42,75,60,97,17,15,82,10,133,53,65,8,78" hai3="14,32,16,112,88,123,132,37,50,131,106,49,62"/><W0/><G0/><T69/><D1/><U129/><E113/><V135/><F42/><W44/><G123/><T45/><D124/><U23/><E107/><V128/><F128/><W38/><G112/><T12/><D134/><U86/><E129/><V43/><F43/><W34/><G106/><T51/><D93/><U26/><E119/><V85/><F53/><W19/><G131/><T21/><D22/><U110/><E110/><V55/><F55/><W90/><G62/><T2/><D2/><U9/><E41/><V67/><F67/><W100/><G100/><T35/><D51/><U87/><E59/><V7/><F97/><W109/><G14/><T52/><D12/><U24/><E9/><V27/><F75/><W121/><G121/><T57/><D35/><U80/><E31/><V73/><F73/><W61/><G61/><T56/><D45/><U114/><E114/><V105/><F105/><W91/><G91/><T115/><D115/><U4/><E4/><V118/><F118/><W122/><G122/><T40/><D40/><U126/><E126/><V99/><F99/><W47/><REACH who="3" step="1"/><G109/><REACH who="3" ten="383,146,186,275" step="2"/><T13/><D13/><U39/><E102/><V104/><F104/><W111/><G111/><T125/><D125/><U20/><E26/><V5/><F27/><W6/><G6/><N who="2" m="2057" /><F10/><W18/><G18/><T79/><D25/><U63/><E24/><V92/><F135/><AGARI ba="0,1" hai="16,19,32,34,37,38,44,47,49,50,88,90,132,135" machi="135" ten="25,12000,1" yaku="1,1,22,2,54,2,53,0" doraHai="11" doraHaiUra="33" who="3" fromWho="2" sc="383,0,146,0,186,-120,275,130" /><INIT seed="3,1,0,4,5,29" ten="383,146,66,405" oya="3" hai0="22,110,49,98,94,10,46,91,111,102,105,119,114" hai1="23,70,122,109,7,14,101,115,41,2,71,15,48" hai2="20,5,92,37,106,9,59,50,33,30,68,66,25" hai3="133,86,51,88,103,131,135,0,39,125,8,93,61"/><W130/><G39/><T128/><D119/><U52/><E115/><V18/><F37/><W75/><G75/><T47/><D114/><U1/><E122/><V65/><F106/><W43/><G103/><T60/><D128/><N who="3" m="49193" /><G61/><T121/><D121/><U116/><E41/><V85/><F68/><W129/><G129/><T4/><D22/><U96/><E109/><N who="0" m="41481" /><D60/><U55/><E116/><V78/><F50/><W58/><G125/><T90/><D105/><U28/><E48/><V27/><F59/><W118/><G118/><T72/><D72/><U21/><E101/><V132/><F132/><N who="3" m="50763" /><G58/><T89/><D49/><U108/><E108/><V63/><F63/><W80/><G51/><T38/><D38/><U99/><E70/><V11/><F66/><W95/><G43/><T74/><D74/><U113/><E71/><V73/><F65/><W82/><G82/><T107/><D107/><U13/><E113/><V31/><F73/><W64/><G64/><T84/><D84/><U69/><E69/><V83/><F92/><W19/><G19/><T42/><D42/><U53/><E55/><V32/><REACH who="2" step="1"/><F5/><AGARI ba="1,0" hai="0,5,8,80,86,88,93,95" m="50763,49193" machi="5" ten="30,5800,0" yaku="19,1,20,1,54,1" doraHai="29" who="3" fromWho="2" sc="383,0,146,0,66,-61,405,61" /><INIT seed="3,2,0,5,5,129" ten="383,146,5,466" oya="3" hai0="49,133,63,14,29,38,112,17,44,79,109,98,94" hai1="31,0,15,28,71,76,92,46,48,107,105,22,11" hai2="56,72,88,18,43,119,10,32,80,4,27,30,37" hai3="117,59,111,87,108,50,21,45,113,83,91,52,7"/><W34/><G34/><T55/><D109/><N who="3" m="42057" /><G113/><T77/><D112/><U102/><E76/><V114/><F114/><W33/><G33/><T86/><D38/><U5/><E71/><V67/><F119/><W95/><G117/><T47/><D29/><U89/><E102/><V100/><F100/><W90/><G21/><T69/><D47/><U36/><E36/><V61/><F18/><W118/><G7/><T131/><D131/><U6/><E31/><V132/><F43/><W12/><G12/><T26/><D26/><U3/><E28/><V74/><F37/><W93/><G118/><T66/><D86/><U99/><E3/><V104/><F104/><W20/><G20/><T81/><D81/><U9/><E22/><V84/><F132/><W121/><G121/><T13/><D133/><U127/><E127/><V110/><F110/><W134/><G134/><T2/><D2/><AGARI ba="2,0" hai="2,4,10,27,30,32,56,61,67,72,74,80,84,88" machi="2" ten="30,2000,0" yaku="7,1,54,1" doraHai="129" who="2" fromWho="0" sc="383,-26,146,0,5,26,466,0" /><INIT seed="4,0,0,3,2,95" ten="357,146,31,466" oya="0" hai0="25,24,131,128,40,78,38,90,93,83,134,129,64" hai1="87,107,92,26,84,23,56,44,35,53,66,116,124" hai2="14,114,96,48,54,126,115,51,89,86,43,20,22" hai3="27,112,70,34,36,80,1,59,63,9,122,127,46"/><T30/><D134/><U50/><E107/><V102/><F126/><W132/><G70/><T55/><D64/><U121/><E124/><V18/><F43/><W58/><G127/><T82/><D25/><U32/><E116/><V2/><F2/><W17/><G112/><N who="2" m="43049" /><F22/><W106/><G106/><T67/><D67/><U29/><E121/><V11/><F20/><W19/><G63/><T104/><D104/><U47/><E35/><V60/><F60/><W88/><G36/><T109/><D109/><U118/><E118/><V49/><F102/><W65/><G65/><T81/><D55/><U31/><E66/><V41/><F41/><W101/><G101/><T39/><D78/><U3/><E3/><V111/><F111/><W75/><G1/><T69/><D40/><U57/><E57/><N who="2" m="32991" /><F96/><W103/><G103/><T99/><REACH who="0" step="1"/><D69/><REACH who="0" ten="347,146,31,466" step="2"/><U52/><E53/><V0/><F0/><W71/><G132/><T119/><D119/><U16/><E52/><V94/><AGARI ba="0,1" hai="11,14,18,48,49,86,89,94" m="32991,43049" machi="94" ten="30,1100,0" yaku="15,1" doraHai="95" who="2" fromWho="2" sc="347,-5,146,-3,31,21,466,-3" /><INIT seed="5,0,0,0,5,55" ten="342,143,52,463" oya="1" hai0="122,132,33,18,26,51,133,125,81,76,120,87,50" hai1="96,128,9,31,135,77,75,95,82,21,60,126,111" hai2="73,124,34,53,105,118,49,113,63,97,91,58,52" hai3="28,47,15,6,129,62,68,10,35,90,2,22,88"/><U114/><E114/><V5/><F124/><W89/><G47/><T12/><D125/><U23/><E126/><V83/><F118/><W17/><G62/><T41/><D33/><U8/><E135/><N who="0" m="51785" /><D26/><U103/><E128/><V48/><F34/><W32/><G68/><T40/><D51/><U84/><E111/><V57/><F113/><W130/><G35/><T13/><D13/><U102/><E102/><V39/><F39/><W42/><G42/><N who="0" m="16491" /><D50/><U106/><E60/><V46/><F5/><W45/><G45/><T127/><D127/><U86/><E86/><N who="2" m="50655" /><F105/><W94/><G94/><T101/><D101/><U115/><E115/><V7/><F73/><W93/><G93/><T121/><D122/><U117/><E117/><V70/><F70/><W61/><G61/><T59/><D59/><U27/><E23/><AGARI ba="0,0" hai="12,18,23,76,81,87,120,121" m="16491,51785" machi="23" ten="30,1000,0" yaku="20,1" doraHai="55" who="0" fromWho="1" sc="342,10,143,-10,52,0,463,0" /><INIT seed="6,0,0,0,0,124" ten="352,133,52,463" oya="2" hai0="23,104,45,131,110,57,65,25,32,48,35,98,60" hai1="127,78,4,29,33,135,46,103,88,17,90,26,27" hai2="92,86,3,101,18,77,8,120,130,7,69,59,37" hai3="58,28,133,39,93,38,107,42,75,118,87,84,100"/><V82/><F120/><W14/><G93/><T121/><D110/><U128/><E128/><V47/><F69/><W95/><G95/><T2/><D2/><U114/><E114/><V15/><F130/><W6/><G14/><T16/><D121/><U115/><E127/><V109/><F109/><W126/><G58/><T72/><D72/><U125/><E125/><V41/><F59/><W99/><G28/><T67/><D131/><U56/><E115/><V123/><F123/><W73/><G99/><T40/><D67/><U112/><E112/><V102/><REACH who="2" step="1"/><F92/><REACH who="2" ten="352,133,42,463" step="2"/><W5/><G126/><T94/><D104/><U71/><E56/><V55/><F55/><W108/><G107/><T79/><D79/><U31/><E71/><V30/><F30/><W22/><G108/><T89/><AGARI ba="0,1" hai="16,23,25,32,35,40,45,48,57,60,65,89,94,98" machi="89" ten="20,2700,0" yaku="0,1,7,1,54,1" doraHai="124" who="0" fromWho="0" sc="352,37,133,-7,42,-13,463,-7" /><INIT seed="7,0,0,0,2,51" ten="389,126,29,456" oya="3" hai0="33,130,40,52,103,115,90,30,55,126,106,35,112" hai1="133,36,91,3,84,23,29,10,131,108,99,11,6" hai2="123,46,101,53,120,95,63,64,44,125,71,13,8" hai3="20,80,68,22,100,98,27,135,32,110,114,79,65"/><W9/><G114/><N who="0" m="43563" /><D126/><U111/><E36/><V78/><F78/><W4/><G135/><T107/><D130/><U39/><E39/><V105/><F105/><N who="0" m="39946" /><D103/><U17/><E133/><V15/><F125/><W38/><G110/><T0/><D0/><U92/><E131/><V88/><F101/><W97/><G100/><T74/><D74/><U75/><E75/><V18/><F13/><W24/><G98/><T16/><D40/><U86/><E86/><V119/><F119/><W45/><G97/><T41/><D41/><U2/><E29/><V50/><REACH who="2" step="1"/><F46/><REACH who="2" ten="389,126,19,456" step="2"/><W49/><G79/><T59/><D90/><N who="1" m="55703" /><E108/><V94/><F94/><W89/><G80/><T1/><D1/><U83/><E111/><V129/><F129/><W116/><G89/><T37/><D37/><U7/><E3/><V5/><F5/><N who="1" m="1545" /><E2/><V70/><F70/><W31/><G38/><T34/><D30/><U73/><E73/><V102/><F102/><W26/><G31/><T58/><D16/><U118/><E118/><V77/><F77/><W19/><G19/><T28/><D28/><U121/><E121/><V66/><F66/><W47/><G4/><T93/><D93/><U122/><E122/><V61/><F61/><W128/><G116/><T134/><D134/><U60/><E60/><V62/><F62/><W25/><G128/><T87/><D87/><U96/><E96/><V76/><F76/><W67/><G26/><AGARI ba="0,1" hai="10,11,17,23,26,83,84,91" m="1545,55703" machi="26" ten="30,1000,0" yaku="8,1" doraHai="51" who="1" fromWho="3" sc="389,0,126,20,19,0,456,-10" owari="389,19.0,146,-25.0,19,-48.0,446,54.0" /></mjloggm>