<mjloggm ver="2.3"><GO type="169" lobby="0"/><UN n0="%7A%65%52%6F" n1="%E3%81%A9%E3%81%90%E3%81%95%E3%82%8C%E3%81%86%E3%81%AA%E3%81%8E" n2="%53%74%65%69%6E%73" n3="%E3%82%A6%E3%83%AB%E3%83%88%E3%83%A9%E7%AB%8B%E7%9B%B4" dan="18,16,16,17" rate="2214.31,2098.82,2084.67,2137.28" sx="M,M,M,M"/><TAIKYOKU oya="0"/><INIT seed="0,0,0,1,3,66" ten="250,250,250,250" oya="0" hai0="53,60,33,36,114,116,95,94,20,58,124,125,70" hai1="47,5,135,4,56,74,68,14,103,51,54,7,50" hai2="86,113,80,39,112,29,55,85,121,27,67,104,127" hai3="43,131,22,65,83,59,119,106,32,1,19,13,0"/><T132/><D33/><U52/><E74/><V6/><F121/><W30/><G106/><T49/><D116/><U38/><E135/><V73/><F104/><W25/><G43/><T17/><D36/><U48/><E103/><V15/><F39/><W101/><G101/><T99/><D114/><U35/><E35/><V45/><F73/><W44/><G44/><T129/><D129/><U28/><E28/><V34/><F67/><W71/><G59/><T117/><D117/><U134/><E134/><V118/><F118/><W111/><G119/><T82/><D82/><U81/><E68/><V2/><F2/><W126/><G131/><T128/><D128/><U92/><E92/><V78/><F127/><N who="0" m="48714" /><D132/><U21/><E81/><V24/><F86/><W46/><G126/><T31/><D31/><U42/><E38/><V123/><F123/><W102/><G30/><T110/><D110/><U37/><E37/><V9/><F27/><W133/><G25/><N who="0" m="14479" /><D99/><U79/><E79/><V109/><F109/><W72/><G83/><T88/><D88/><U61/><E42/><V63/><REACH who="2" step="1"/><F63/><REACH who="2" ten="250,250,240,250" step="2"/><W18/><G111/><T105/><D105/><U107/><E107/><V91/><F91/><W23/><G133/><T87/><D87/><U10/><E61/><V100/><F100/><W62/><G102/><T89/><D89/><U122/><E122/><V130/><F130/><W115/><G72/><T8/><D8/><U84/><E84/><V12/><F12/><W77/><G13/><T90/><D90/><U16/><E50/><AGARI ba="0,1" hai="6,9,15,24,29,34,45,50,55,78,80,85,112,113" machi="50" ten="40,2600,0" yaku="1,1,53,1" doraHai="66" doraHaiUra="75" who="2" fromWho="1" sc="250,0,250,-26,240,36,250,0" /><INIT seed="1,0,0,3,5,66" ten="250,224,276,250" oya="1" hai0="45,37,81,113,60,84,96,42,54,105,99,55,70" hai1="32,7,127,3,86,92,15,112,14,74,90,9,53" hai2="29,120,104,13,2,16,4,134,94,41,98,57,34" hai3="124,25,131,23,48,38,75,58,130,125,44,73,6"/><U65/><E112/><V50/><F120/><W71/><G6/><T20/><D113/><U19/><E74/><V61/><F104/><W59/><G75/><T21/><D55/><U12/><E32/><V102/><F134/><W91/><G73/><T128/><D128/><N who="3" m="49193" /><G91/><T18/><D105/><U11/><E65/><V78/><F78/><W31/><G38/><T24/><D21/><U63/><E127/><N who="3" m="48714" /><G71/><T52/><D70/><U129/><E129/><V17/><F4/><W26/><G26/><T22/><D96/><U116/><E116/><V87/><F2/><W69/><G69/><T108/><D99/><U72/><E72/><V118/><F118/><W89/><G89/><T117/><D117/><U64/><E3/><V80/><F98/><W56/><G44/><T51/><D37/><U133/><E133/><V10/><F102/><W76/><G76/><T126/><D126/><U28/><E14/><V83/><F13/><W40/><G40/><T47/><D47/><U100/><E100/><V82/><F41/><W0/><G48/><T79/><D42/><U106/><E106/><V103/><F50/><W109/><G109/><T111/><REACH who="0" step="1"/><D20/><REACH who="0" ten="240,224,276,250" step="2"/><U1/><E53/><V35/><F35/><W30/><G31/><T115/><D115/><U68/><E28/><V49/><F29/><W62/><G62/><T46/><D46/><U88/><E1/><AGARI ba="0,1" hai="0,1,23,25,30,56,58,59" m="48714,49193" machi="1" ten="40,2600,0" yaku="19,1,18,1" doraHai="66" who="3" fromWho="1" sc="240,0,224,-26,276,0,250,36" /><INIT seed="2,0,0,5,2,39" ten="240,198,276,286" oya="2" hai0="109,59,76,115,10,110,53,105,101,72,113,91,50" hai1="45,96,128,36,124,78,26,122,116,48,7,43,83" hai2="11,106,127,121,75,37,30,52,107,69,19,100,17" hai3="4,67,6,40,51,55,108,44,21,131,87,103,5"/><V77/><F121/><W8/><G131/><T73/><D91/><U12/><E116/><V117/><F117/><W93/><G108/><N who="0" m="41579" /><D10/><U25/><E128/><V64/><F37/><W74/><G74/><N who="0" m="28779" /><D76/><U24/><E36/><V23/><F127/><W58/><G67/><T89/><D89/><U38/><E124/><V41/><F41/><W118/><G118/><T114/><D101/><U130/><E38/><V68/><F77/><W57/><G21/><T82/><D82/><U28/><E130/><V65/><F75/><W63/><G57/><T84/><D84/><N who="1" m="48247" /><E96/><V134/><F100/><W85/><REACH who="3" step="1"/><G8/><REACH who="3" ten="240,198,276,276" step="2"/><T98/><D115/><U54/><E122/><V56/><F11/><W80/><G80/><T62/><D114/><U33/><E33/><V94/><F68/><W119/><G119/><T32/><D32/><U18/><E28/><V95/><F69/><W9/><G9/><T135/><D113/><U46/><E7/><V1/><F30/><W97/><AGARI ba="0,1" hai="4,5,6,40,44,51,55,58,63,85,87,93,97,103" machi="97" ten="30,7900,0" yaku="1,1,0,1,8,1,52,1,53,0" doraHai="39" doraHaiUra="35" who="3" fromWho="3" sc="240,-20,198,-20,276,-39,276,89" /><INIT seed="3,0,0,4,4,80" ten="220,178,237,365" oya="3" hai0="12,68,58,32,54,31,35,15,49,116,37,125,22" hai1="73,117,30,135,102,57,87,0,92,62,112,114,66" hai2="28,59,33,74,104,132,10,131,48,20,7,65,123" hai3="130,36,69,98,118,78,93,26,11,45,127,88,41"/><W82/><G118/><T39/><D116/><U8/><E117/><V100/><F33/><W103/><G69/><T108/><D68/><U86/><E73/><V63/><F74/><W14/><G130/><T91/><D35/><U61/><E135/><V19/><F132/><W47/><G127/><T126/><D32/><U55/><E30/><V6/><F131/><W99/><G26/><N who="0" m="16855" /><D108/><U27/><E27/><V42/><F28/><W111/><G111/><T18/><D91/><U85/><E8/><V110/><F110/><W76/><G47/><T64/><D64/><U122/><E0/><V120/><F100/><W70/><G70/><T2/><D2/><U13/><E13/><N who="0" m="5193" /><D18/><U71/><REACH who="1" step="1"/><E122/><REACH who="1" ten="220,168,237,365" step="2"/><V9/><F120/><W121/><G121/><T79/><D126/><U75/><E75/><V94/><F123/><W16/><REACH who="3" step="1"/><G82/><REACH who="3" ten="220,168,237,355" step="2"/><T29/><D125/><U109/><E109/><V129/><F129/><W101/><G101/><T95/><D29/><U43/><E43/><V5/><F42/><W50/><G50/><T115/><D49/><U72/><E72/><V106/><F48/><W105/><AGARI ba="0,2" hai="11,14,16,36,41,45,76,78,88,93,98,99,103,105" machi="105" ten="20,12000,1" yaku="1,1,0,1,7,1,54,2,53,0" doraHai="80" doraHaiUra="3" who="3" fromWho="3" sc="220,-40,168,-40,237,-40,355,140" /><INIT seed="3,1,0,5,3,89" ten="180,128,197,495" oya="3" hai0="1,134,94,26,90,41,78,131,127,102,120,105,58" hai1="55,81,106,2,14,99,121,72,56,36,114,33,39" hai2="5,66,30,103,52,85,117,129,63,51,86,124,83" hai3="135,125,29,61,6,65,13,84,76,113,27,38,107"/><W104/><G113/><T42/><D120/><U11/><E121/><V48/><F117/><W0/><G38/><T118/><D118/><U16/><E33/><V37/><F37/><W12/><G0/><T34/><D1/><U119/><E114/><V60/><F129/><W132/><G84/><T110/><D78/><U112/><E112/><V88/><F103/><W67/><G76/><T95/><D105/><U64/><E64/><V93/><F124/><W97/><G125/><T62/><D127/><U24/><E119/><V128/><F128/><W22/><G67/><T87/><D131/><U28/><E72/><V96/><F30/><W21/><G6/><T44/><D134/><N who="3" m="51241" /><G21/><T46/><D110/><U20/><E81/><V69/><F5/><W19/><G97/><N who="0" m="59711" /><D26/><U7/><E99/><V115/><F115/><W109/><G109/><T116/><D34/><N who="1" m="20743" /><E106/><N who="3" m="40490" /><G29/><T75/><D75/><U49/><AGARI ba="1,0" hai="2,7,11,14,16,20,36,39,49,55,56" m="20743" machi="49" ten="30,2000,0" yaku="24,1,54,1" doraHai="89" who="1" fromWho="1" sc="180,-6,128,23,197,-6,495,-11" /><INIT seed="4,0,0,0,3,122" ten="174,151,191,484" oya="0" hai0="59,96,93,112,22,75,114,36,43,23,100,98,91" hai1="64,68,132,124,34,38,71,119,63,8,67,127,61" hai2="129,70,128,37,116,134,111,3,126,40,24,39,109" hai3="120,65,107,74,30,92,48,11,0,17,13,56,19"/><T42/><D75/><U54/><E34/><V123/><F3/><W9/><G107/><T28/><D36/><U97/><E97/><V53/><F123/><W6/><G120/><T58/><D28/><U103/><E103/><V79/><F79/><W35/><G74/><T87/><D98/><U84/><E84/><V78/><F78/><W106/><G106/><T118/><D118/><U66/><E8/><V82/><F82/><W15/><G92/><T130/><D130/><N who="2" m="50282" /><F116/><W125/><G48/><T55/><D114/><U50/><E119/><V115/><F115/><W5/><G56/><T101/><D101/><U27/><E27/><V117/><F117/><W41/><G65/><T88/><D91/><U76/><E76/><V47/><F70/><N who="1" m="26665" /><E38/><V32/><F39/><W46/><G9/><T69/><D69/><U102/><E102/><V7/><F7/><W16/><G11/><T57/><D112/><U104/><E104/><V21/><F32/><W135/><G35/><T133/><D133/><U12/><E12/><V95/><F134/><W31/><G15/><T45/><D23/><U20/><E20/><V121/><F121/><W49/><G13/><T105/><D22/><U72/><E72/><V90/><F53/><W29/><G0/><T60/><D43/><U99/><E99/><N who="2" m="57847" /><F126/><N who="1" m="48169" /><E132/><V89/><F89/><W14/><G135/><T77/><D77/><U10/><E10/><V26/><F26/><W86/><G125/><T52/><D55/><U51/><E54/><V80/><F80/><W1/><G86/><T85/><D85/><U25/><E25/><V18/><AGARI ba="0,0" hai="18,21,24,37,40,47,109,111" m="57847,50282" machi="18" ten="30,7900,0" yaku="5,1,19,1,52,2" doraHai="122" who="2" fromWho="2" sc="174,-39,151,-20,191,79,484,-20" /><INIT seed="5,0,0,0,4,113" ten="135,131,270,464" oya="1" hai0="9,72,119,36,28,53,49,23,3,131,74,1,67" hai1="120,122,15,61,8,75,118,32,63,105,50,18,94" hai2="14,92,76,84,83,112,111,125,87,4,78,20,124" hai3="35,11,126,108,43,133,0,24,46,135,130,2,10"/><U48/><E75/><V82/><F111/><W51/><G108/><T55/><D36/><U90/><E105/><V115/><F20/><W88/><G130/><T93/><D131/><U110/><E32/><V33/><F33/><W65/><G65/><T54/><D67/><U17/><E110/><V47/><F47/><W123/><G123/><T41/><D74/><U80/><E80/><V42/><F42/><W97/><G126/><N who="2" m="48745" /><F14/><W56/><G56/><T114/><D72/><U127/><E127/><V132/><F4/><W86/><G97/><T38/><D38/><U21/><E15/><V99/><F132/><N who="3" m="50763" /><G11/><T104/><D104/><U39/><E8/><V29/><F29/><N who="3" m="19879" /><G10/><T121/><D121/><U6/><E6/><V101/><AGARI ba="0,0" hai="76,78,82,83,84,87,92,99,101,112,115" m="48745" machi="101" ten="30,4000,0" yaku="18,1,34,2" doraHai="113" who="2" fromWho="2" sc="135,-10,131,-20,270,40,464,-10" /><INIT seed="6,0,0,0,5,103" ten="125,111,310,454" oya="2" hai0="49,13,54,36,70,80,51,11,58,43,97,114,76" hai1="47,20,108,38,5,24,30,53,130,10,107,124,94" hai2="110,111,101,77,40,59,46,35,79,134,64,57,62" hai3="125,60,33,31,17,92,123,63,112,89,4,26,88"/><V86/><F35/><W68/><G123/><T45/><D114/><U105/><E108/><N who="2" m="41515" /><F134/><W90/><G4/><T66/><D97/><U115/><E115/><V78/><F101/><W129/><G112/><T2/><D51/><U132/><E132/><V96/><F96/><W41/><G41/><T22/><D22/><U85/><E124/><V73/><F73/><W16/><G125/><T81/><D2/><U19/><E130/><V135/><F135/><W118/><G118/><T25/><D25/><U120/><E120/><V126/><F126/><W9/><G129/><T55/><D55/><U119/><E119/><V44/><F86/><W72/><G72/><T102/><D102/><U48/><E38/><N who="2" m="21527" /><F46/><W18/><G9/><T71/><D76/><U113/><E113/><V133/><F133/><W39/><G39/><T82/><REACH who="0" step="1"/><D66/><REACH who="0" ten="115,111,310,454" step="2"/><U100/><E100/><V87/><F64/><W127/><G127/><T23/><D23/><U93/><E30/><V104/><F78/><W116/><G116/><T67/><D67/><U32/><E32/><V121/><F77/><W6/><G33/><T12/><D12/><U109/><E109/><V15/><F15/><W99/><G31/><T28/><D28/><U128/><E128/><V1/><F1/><W29/><G29/><T61/><D61/><U42/><E53/><V27/><F27/><W106/><G26/><T21/><D21/><U91/><E94/><V74/><F121/><W75/><G92/><T83/><N who="0" m="20480" /><DORA hai="98" /><T117/><D117/><U69/><E69/><V95/><F95/><W3/><G3/><AGARI ba="0,1" hai="3,5,10,19,20,24,42,47,48,85,91,93,105,107" machi="3" ten="30,3900,0" yaku="7,1,52,2" doraHai="103,98" who="1" fromWho="3" sc="115,0,111,49,310,0,454,-39" /><INIT seed="7,0,0,4,5,111" ten="115,160,310,415" oya="3" hai0="132,104,52,12,49,4,28,76,11,22,3,125,18" hai1="130,126,89,53,100,51,128,42,36,101,115,67,109" hai2="83,112,1,119,118,122,94,107,96,13,39,84,75" hai3="117,34,121,5,23,93,2,19,97,35,14,72,114"/><W79/><G121/><T27/><D104/><U80/><E115/><V29/><F1/><W40/><G114/><T120/><D120/><U32/><E32/><V129/><F39/><W88/><G117/><T38/><D38/><U68/><E109/><V54/><F29/><W78/><G40/><T45/><D125/><U99/><E126/><V105/><F13/><W85/><G72/><T44/><D132/><U31/><E31/><V30/><F30/><W95/><G35/><T55/><D76/><N who="3" m="29225" /><G34/><T90/><D90/><U81/><E67/><V61/><F112/><W131/><G131/><N who="1" m="50218" /><E68/><V57/><F129/><W92/><G2/><T116/><D116/><U124/><E42/><V123/><F75/><W37/><G37/><T108/><D108/><U7/><E7/><V46/><F122/><W21/><G5/><T43/><REACH who="0" step="1"/><D45/><REACH who="0" ten="105,160,310,415" step="2"/><N who="1" m="27887" /><E36/><V33/><F123/><W47/><G47/><T77/><D77/><U69/><E124/><V103/><F46/><W91/><G93/><T24/><D24/><U127/><E127/><V41/><F107/><W113/><G113/><T71/><D71/><U70/><E69/><V56/><F105/><W98/><G85/><T0/><D0/><U8/><E70/><V6/><F84/><W64/><G64/><T110/><D110/><U86/><E86/><V62/><F94/><W106/><G106/><T26/><D26/><U59/><E101/><V82/><F103/><W65/><G95/><T87/><D87/><U10/><E100/><V50/><F118/><W63/><G92/><T66/><D66/><U60/><E89/><N who="3" m="34378" /><G65/><T133/><D133/><RYUUKYOKU ba="0,1" sc="105,30,160,-10,310,-10,415,-10" hai0="3,4,11,12,18,22,27,28,43,44,49,52,55" owari="135,-36.0,150,-25.0,300,10.0,415,51.0" /></mjloggm>