<mjloggm ver="2.3"><GO type="169" lobby="0"/><UN n0="%E3%82%8C%E3%82%93%E3%82%89%E3%81%8F" n1="%E2%80%90%E3%81%AF%E3%81%9A%E3%81%8D%E3%82%93%E3%81%90%E2%80%90" n2="%6E%65%77%E3%81%9F%E3%81%91%E3%81%93%E3%81%9E%E3%81%86" n3="%E3%82%A6%E3%83%AB%E3%83%88%E3%83%A9%E7%AB%8B%E7%9B%B4" dan="16,17,16,17" rate="2063.88,2160.74,2179.14,2189.01" sx="M,F,M,M"/><TAIKYOKU oya="0"/><INIT seed="0,0,0,4,0,4" ten="250,250,250,250" oya="0" hai0="130,74,32,22,90,57,27,60,41,114,45,66,67" hai1="61,134,128,91,99,106,46,69,24,132,100,20,56" hai2="73,25,8,127,78,52,104,112,115,49,77,36,15" hai3="26,35,125,124,62,84,16,42,122,93,72,80,5"/><T13/><D114/><U59/><E128/><V38/><F104/><W6/><G72/><T123/><D123/><U81/><E46/><V21/><F127/><N who="3" m="48715" /><G42/><T31/><D74/><U54/><E69/><V30/><F115/><W126/><G126/><T3/><D3/><U135/><E59/><V88/><F112/><W55/><G93/><T133/><D133/><U2/><E2/><V119/><F119/><W98/><G98/><T82/><D130/><U120/><E120/><V111/><F111/><W85/><G85/><T68/><D82/><U113/><E113/><V96/><F73/><W1/><G1/><T12/><D90/><U63/><E63/><V47/><F36/><W48/><G62/><T65/><D68/><U34/><E34/><V121/><F38/><W109/><G109/><T71/><D71/><U105/><E105/><V40/><F40/><W95/><G95/><T89/><D89/><U117/><E117/><V43/><F43/><W17/><G122/><T118/><D118/><U87/><E20/><V29/><F29/><N who="3" m="19895" /><G6/><T14/><REACH who="0" step="1"/><D32/><REACH who="0" ten="240,250,250,250" step="2"/><U33/><E33/><V18/><F121/><W37/><G80/><T103/><D103/><U97/><E97/><V79/><F96/><W50/><G84/><T58/><D58/><U51/><E99/><V86/><F78/><W53/><G37/><AGARI ba="0,1" hai="12,13,14,22,27,31,37,41,45,57,60,65,66,67" machi="37" ten="40,2000,0" yaku="1,1,53,0" doraHai="4" doraHaiUra="64" who="0" fromWho="3" sc="240,30,250,0,250,0,250,-20" /><INIT seed="0,1,0,4,1,32" ten="270,250,250,230" oya="0" hai0="3,26,29,125,92,1,134,30,40,115,100,13,41" hai1="80,58,22,129,65,33,77,19,96,97,61,74,113" hai2="4,112,2,18,53,95,106,73,64,78,66,27,83" hai3="119,46,6,47,15,132,62,39,135,133,76,120,126"/><T87/><D115/><U57/><E33/><V123/><F106/><W7/><G76/><T93/><D13/><U102/><E129/><V43/><F112/><W121/><G119/><T118/><D118/><U81/><E113/><V56/><F43/><N who="0" m="16458" /><D26/><U34/><E34/><V130/><F130/><W94/><G39/><T105/><D87/><U110/><E110/><V14/><F27/><W72/><G72/><T108/><D105/><U103/><E58/><V116/><F116/><W10/><G6/><T50/><D50/><U48/><E48/><V122/><F122/><N who="3" m="47211" /><G126/><T69/><D125/><U51/><E51/><V11/><F123/><W21/><G62/><T117/><D117/><U99/><REACH who="1" step="1"/><E80/><REACH who="1" ten="270,240,250,230" step="2"/><V107/><F107/><W0/><G94/><T131/><D131/><U49/><E49/><V101/><F95/><W70/><G70/><T23/><D69/><U98/><N who="1" m="24576" /><DORA hai="24" /><U114/><E114/><V75/><F101/><W5/><G47/><T9/><D100/><U111/><E111/><V42/><F42/><W84/><G46/><T45/><D45/><U37/><E37/><V28/><F83/><W91/><G133/><T85/><D108/><U44/><E44/><V8/><F56/><W60/><G135/><T20/><D134/><U68/><E68/><V104/><F104/><W52/><G132/><T86/><D93/><U35/><E35/><V89/><F64/><W109/><G109/><T79/><D92/><U12/><AGARI ba="1,1" hai="12,19,22,57,61,65,74,77,81,102,103" m="24576" machi="12" ten="40,5200,0" yaku="1,1,0,1,53,1" doraHai="32,24" doraHaiUra="63,25" who="1" fromWho="1" sc="270,-27,240,65,250,-14,230,-14" /><INIT seed="1,0,0,1,1,1" ten="243,305,236,216" oya="1" hai0="59,110,38,99,42,17,45,128,105,97,88,108,70" hai1="23,118,112,114,27,33,79,89,34,18,53,51,101" hai2="35,2,109,66,102,130,15,46,26,124,41,4,122" hai3="87,8,11,5,12,50,81,71,78,30,74,57,132"/><U19/><E118/><V65/><F122/><W120/><G71/><T113/><D70/><U52/><E79/><V37/><F2/><W20/><G120/><T100/><D113/><U36/><E36/><V96/><F109/><W135/><G30/><T123/><D123/><U134/><E134/><N who="3" m="51242" /><G20/><T116/><D116/><U83/><E101/><V28/><F130/><W73/><G11/><T7/><D128/><U76/><E89/><V21/><F124/><W92/><G92/><T94/><D7/><U9/><E53/><AGARI ba="0,0" hai="5,8,12,50,53,57,73,74,78,81,87" m="51242" machi="53" ten="30,2000,0" yaku="20,1,52,1" doraHai="1" who="3" fromWho="1" sc="243,0,305,-20,236,0,216,20" /><INIT seed="2,0,0,3,0,114" ten="243,285,236,236" oya="2" hai0="92,90,38,99,112,21,67,77,88,27,116,8,2" hai1="110,49,126,47,123,52,3,71,103,78,89,69,115" hai2="131,72,55,57,106,109,43,74,36,23,95,100,129" hai3="10,68,111,4,101,13,58,86,94,1,64,102,54"/><V45/><F106/><W91/><G111/><T35/><D112/><U119/><E115/><V135/><F109/><W118/><G118/><T113/><D113/><U29/><E110/><V37/><F135/><W40/><G1/><T11/><D38/><U98/><E126/><V30/><F37/><W80/><G40/><T61/><D35/><U63/><E3/><V28/><F100/><W128/><G128/><N who="2" m="49225" /><F95/><W46/><G68/><T51/><D77/><U96/><E78/><V16/><F72/><W132/><G132/><T127/><D127/><U39/><E39/><V53/><F74/><W18/><G4/><T62/><D2/><U48/><E123/><V105/><F105/><W59/><G64/><T108/><D108/><U60/><E29/><N who="2" m="11371" /><F57/><N who="3" m="21515" /><G94/><T93/><D93/><U24/><E103/><V65/><F65/><W7/><G7/><T44/><D67/><U66/><E66/><V22/><F22/><W50/><AGARI ba="0,0" hai="10,13,18,46,50,54,80,86,91,101,102" m="21515" machi="50" ten="30,2000,0" yaku="25,1,8,1" doraHai="114" who="3" fromWho="3" sc="243,-5,285,-5,236,-10,236,20" /><INIT seed="3,0,0,5,3,74" ten="238,280,226,256" oya="3" hai0="33,81,118,75,86,128,27,95,92,69,47,37,107" hai1="34,15,89,28,108,44,46,66,101,82,103,84,72" hai2="8,111,90,17,119,35,113,87,76,51,1,83,115" hai3="38,54,117,64,68,70,58,93,98,131,40,36,109"/><W97/><G97/><T102/><D118/><U85/><E108/><V129/><F129/><W45/><BYE who="2" /><G117/><T16/><D128/><U42/><E72/><V106/><F106/><W132/><G131/><T41/><D75/><U18/><E66/><V56/><F56/><W65/><G93/><T79/><D69/><N who="3" m="26729" /><G98/><T73/><D73/><U71/><E71/><V130/><F130/><W6/><G6/><T62/><D62/><UN n2="%6E%65%77%E3%81%9F%E3%81%91%E3%81%93%E3%81%9E%E3%81%86" /><U24/><E85/><V23/><F119/><W126/><G109/><T99/><REACH who="0" step="1"/><D33/><REACH who="0" ten="228,280,226,256" step="2"/><U100/><REACH who="1" step="1"/><E42/><REACH who="1" ten="228,270,226,256" step="2"/><V63/><F111/><W43/><G126/><T61/><D61/><U124/><E124/><V26/><F63/><N who="3" m="36311" /><G132/><T112/><D112/><U4/><E4/><V30/><F115/><W105/><G105/><T134/><D134/><U116/><E116/><V78/><F113/><W121/><G121/><T104/><D104/><U12/><E12/><N who="2" m="9639" /><F51/><N who="3" m="27047" /><G43/><T39/><D39/><AGARI ba="0,2" hai="36,38,39,64,65" m="27047,36311,26729" machi="39" ten="30,12000,1" yaku="35,5" doraHai="74" who="3" fromWho="0" sc="228,-120,270,0,226,0,256,140" /><INIT seed="3,1,0,3,5,126" ten="108,270,226,396" oya="3" hai0="4,53,87,22,8,64,105,45,1,58,65,0,92" hai1="19,59,55,38,67,73,114,93,98,71,125,129,29" hai2="17,101,56,42,89,128,104,95,99,103,49,60,33" hai3="123,106,75,10,20,43,94,69,18,39,40,5,37"/><W131/><G69/><T48/><D105/><U31/><E114/><V44/><F33/><W135/><G106/><T15/><D0/><U110/><E73/><V63/><F103/><W116/><G75/><T90/><REACH who="0" step="1"/><D45/><REACH who="0" ten="98,270,226,396" step="2"/><U112/><E125/><V46/><F46/><W50/><G116/><T113/><D113/><U51/><E112/><V28/><F104/><W47/><G123/><T79/><D79/><U134/><E110/><V121/><F121/><W11/><G135/><T72/><D72/><U124/><E134/><V111/><F111/><W62/><G47/><T130/><D130/><U70/><E129/><V85/><F128/><W9/><G131/><T27/><D27/><U82/><E124/><V117/><F117/><W91/><G5/><T66/><D66/><U96/><E67/><V80/><F28/><W25/><G39/><T2/><D2/><U108/><E29/><V6/><F6/><W61/><G37/><T24/><D24/><U100/><E31/><V16/><REACH who="2" step="1"/><F63/><REACH who="2" ten="98,270,216,396" step="2"/><N who="3" m="24075" /><G50/><T77/><D77/><U127/><E51/><V7/><F7/><W84/><AGARI ba="1,2" hai="9,10,11,18,20,25,40,43,84,91,94" m="24075" machi="84" ten="30,1500,0" yaku="8,1" doraHai="126" who="3" fromWho="3" sc="98,-6,270,-6,216,-6,396,38" /><INIT seed="3,2,0,1,0,135" ten="92,264,210,434" oya="3" hai0="31,82,97,108,59,65,25,58,23,90,120,5,28" hai1="49,36,99,87,92,100,10,131,38,119,9,62,42" hai2="44,81,41,32,13,113,29,72,78,106,115,4,21" hai3="88,95,109,110,53,55,133,102,103,57,33,128,130"/><W47/><G33/><T101/><D120/><U7/><E131/><N who="3" m="50218" /><G133/><T74/><D108/><N who="3" m="41577" /><G47/><T34/><D5/><U54/><E119/><V17/><F106/><W121/><G121/><T60/><D59/><U19/><E42/><V24/><REACH who="2" step="1"/><F4/><REACH who="2" ten="92,264,200,434" step="2"/><W79/><G79/><T75/><D34/><U16/><E7/><V93/><F93/><W2/><G2/><T11/><D11/><U50/><E10/><V61/><F61/><N who="3" m="36015" /><G55/><T40/><D40/><U3/><E54/><V70/><F70/><W66/><G66/><T98/><D65/><U20/><E3/><V35/><F35/><W43/><G43/><T107/><D107/><U18/><E62/><V125/><F125/><W12/><G12/><T118/><D60/><U77/><E92/><V46/><F46/><W48/><G48/><AGARI ba="2,1" hai="13,17,21,24,29,32,41,44,48,72,78,81,113,115" machi="48" ten="30,2000,0" yaku="1,1,7,1,53,0" doraHai="135" doraHaiUra="64" who="2" fromWho="3" sc="92,0,264,0,200,36,434,-26" /><INIT seed="4,0,0,1,2,130" ten="92,264,236,408" oya="0" hai0="19,28,99,58,110,98,27,43,89,45,12,15,20" hai1="5,64,14,112,93,101,74,115,18,7,54,103,10" hai2="23,21,131,123,72,13,126,124,122,44,82,84,36" hai3="33,113,125,121,1,119,80,11,76,97,129,79,100"/><T114/><D114/><N who="1" m="43563" /><E74/><V16/><F72/><W37/><G79/><T17/><D110/><U38/><E38/><V133/><F131/><W61/><G61/><T57/><D89/><U41/><E41/><N who="2" m="22567" /><F133/><W109/><G11/><T48/><D98/><U96/><E64/><V67/><F67/><W75/><G97/><T56/><REACH who="0" step="1"/><D99/><REACH who="0" ten="82,264,236,408" step="2"/><U83/><E83/><V25/><F123/><W92/><G80/><T81/><D81/><U51/><E96/><V50/><F122/><W47/><G76/><T118/><D118/><U106/><E106/><V32/><F82/><W60/><G92/><T40/><D40/><U127/><E93/><V105/><F105/><W39/><G113/><T0/><D0/><N who="1" m="295" /><E127/><V66/><F124/><W91/><G125/><T117/><D117/><U53/><E103/><V42/><F126/><W69/><G91/><T120/><D120/><U85/><E101/><V2/><F42/><W4/><G119/><T55/><D55/><U88/><E54/><V87/><F2/><W128/><G1/><T22/><D22/><U94/><E53/><V86/><F21/><W29/><G109/><T59/><N who="0" m="14336" /><DORA hai="71" /><T73/><D73/><U116/><E116/><V111/><F111/><W90/><G75/><T95/><D95/><U46/><E94/><V135/><F66/><W102/><G100/><T104/><D104/><U35/><E88/><V26/><F23/><W108/><G90/><T31/><D31/><U70/><E85/><V107/><F86/><W65/><G102/><T3/><D3/><U6/><E70/><V9/><F87/><W63/><G69/><RYUUKYOKU ba="0,1" sc="82,30,264,-10,236,-10,408,-10" hai0="12,15,17,19,20,27,28,43,45,48" /><INIT seed="4,1,1,3,3,113" ten="112,254,226,398" oya="0" hai0="88,74,108,43,53,48,86,39,89,58,71,134,114" hai1="83,123,44,57,66,1,0,51,130,70,120,80,47" hai2="31,119,111,133,77,23,22,104,118,69,11,12,79" hai3="72,65,76,35,14,46,63,18,38,30,32,2,91"/><T19/><D114/><U36/><E70/><V110/><F69/><W126/><G2/><T21/><D74/><U100/><E100/><V34/><F104/><W73/><G76/><T67/><D134/><U3/><E130/><V55/><F55/><W103/><G103/><T56/><D71/><U117/><E36/><V9/><F133/><W116/><G32/><T106/><D106/><U94/><E94/><V82/><F82/><W127/><G91/><T40/><D39/><U92/><E92/><V125/><F125/><N who="3" m="47627" /><G116/><N who="2" m="44585" /><F77/><W124/><G124/><T84/><D108/><N who="2" m="41514" /><F79/><W15/><G63/><N who="0" m="38391" /><D86/><U49/><E117/><V99/><F99/><W112/><G73/><T95/><D89/><U16/><E66/><V132/><F132/><W20/><G65/><T17/><D17/><U81/><E57/><V45/><F45/><W59/><G46/><T96/><D96/><U93/><E93/><V41/><F41/><W7/><G59/><T42/><D42/><U90/><E47/><V135/><F135/><W115/><G72/><T27/><AGARI ba="1,1" hai="19,21,27,40,43,48,53,56,84,88,95" m="38391" machi="27" ten="30,3000,0" yaku="8,1,54,1" doraHai="113" who="0" fromWho="0" sc="112,43,254,-11,226,-11,398,-11" /><INIT seed="4,2,0,3,1,77" ten="155,243,215,387" oya="0" hai0="133,29,104,73,16,116,1,72,59,54,128,109,67" hai1="130,36,131,58,101,23,34,43,53,78,126,50,63" hai2="71,57,122,64,91,129,44,134,19,102,62,32,108" hai3="30,21,33,15,46,48,81,95,12,69,92,86,51"/><T41/><D116/><U97/><E34/><V56/><F122/><W105/><G69/><T66/><D1/><U7/><E7/><V115/><F108/><W0/><G105/><T40/><D104/><U93/><E126/><V60/><F129/><W106/><G106/><T68/><D68/><U83/><E36/><V125/><F125/><W4/><G33/><T52/><D128/><U113/><E113/><V123/><F115/><W70/><G70/><T27/><D133/><U98/><E98/><V26/><F134/><W5/><G51/><T119/><D119/><U49/><E23/><N who="2" m="13695" /><F32/><W103/><G12/><T20/><D109/><U94/><E94/><V118/><F118/><W18/><G30/><T11/><D73/><U28/><E28/><V14/><F102/><W22/><G22/><N who="0" m="15607" /><D11/><U99/><E99/><V17/><F71/><W55/><G0/><T2/><D72/><U47/><REACH who="1" step="1"/><E50/><REACH who="1" ten="155,233,215,387" step="2"/><V45/><F123/><W82/><G95/><T10/><D2/><U42/><E42/><N who="0" m="16489" /><D10/><U31/><E31/><V74/><F17/><W9/><G9/><T35/><D35/><U75/><AGARI ba="2,1" hai="43,47,49,53,58,63,75,78,83,93,97,101,130,131" machi="75" ten="30,7900,0" yaku="1,1,0,1,52,1,53,1" doraHai="77" doraHaiUra="37" who="1" fromWho="1" sc="155,-41,233,95,215,-22,387,-22" /><INIT seed="5,0,0,3,3,80" ten="114,328,193,365" oya="1" hai0="73,86,0,29,49,99,93,10,94,34,23,5,35" hai1="60,89,24,88,67,40,17,127,115,82,98,100,70" hai2="131,129,46,65,21,126,104,25,135,22,45,59,33" hai3="101,18,125,32,91,27,128,72,37,85,39,8,81"/><U76/><E115/><V41/><F104/><W55/><G72/><T124/><D73/><U43/><E127/><V75/><F75/><W6/><G125/><T97/><D124/><U74/><E40/><V118/><F126/><W66/><G66/><T111/><D111/><U116/><E116/><V31/><F118/><W71/><G71/><T108/><D108/><U110/><E110/><V77/><F77/><W3/><G101/><T102/><D49/><U79/><E79/><V96/><F135/><W36/><G128/><T16/><D29/><U4/><E4/><V113/><F113/><W54/><G18/><T109/><D109/><U123/><E43/><V2/><F2/><W20/><G20/><T53/><D53/><U13/><E24/><V38/><F45/><W48/><REACH who="3" step="1"/><G48/><REACH who="3" ten="114,328,193,355" step="2"/><T26/><REACH who="0" step="1"/><D86/><REACH who="0" ten="104,328,193,355" step="2"/><U121/><E121/><V132/><F131/><W56/><G56/><T122/><D122/><U78/><E123/><V87/><F87/><W44/><G44/><T57/><D57/><U19/><E74/><V62/><F129/><W12/><G12/><T42/><D42/><U84/><E13/><V51/><F132/><W63/><G63/><T52/><D52/><U61/><E61/><V119/><F51/><W14/><G14/><T64/><D64/><U92/><E60/><V30/><F119/><W133/><G133/><T103/><AGARI ba="0,2" hai="0,5,10,16,23,26,34,35,93,94,97,99,102,103" machi="103" ten="20,8000,1" yaku="1,1,0,1,7,1,9,1,54,1,53,0" doraHai="80" doraHaiUra="107" who="0" fromWho="0" sc="104,100,328,-40,193,-20,355,-20" /><INIT seed="6,0,0,4,3,3" ten="204,288,173,335" oya="2" hai0="40,99,126,120,63,68,66,129,103,12,14,44,32" hai1="100,79,90,83,56,43,88,47,33,78,74,82,87" hai2="115,65,116,61,59,54,53,107,80,127,106,41,39" hai3="111,119,133,25,19,94,11,128,67,36,102,24,2"/><V93/><F116/><W97/><G119/><T13/><D120/><U29/><E29/><V104/><F127/><W6/><G111/><T17/><D32/><U28/><E28/><V81/><F115/><W135/><G36/><T108/><D108/><U5/><E33/><V58/><F93/><W134/><G128/><T132/><D132/><U75/><E56/><V35/><F35/><W30/><G30/><T71/><D129/><U85/><E5/><V114/><F114/><W27/><G67/><T10/><D71/><U77/><REACH who="1" step="1"/><E100/><REACH who="1" ten="204,278,173,335" step="2"/><V105/><N who="2" m="26624" /><DORA hai="20" /><V49/><REACH who="2" step="1"/><F65/><REACH who="2" ten="204,278,163,335" step="2"/><W18/><AGARI ba="0,2" hai="2,6,11,18,19,24,25,27,94,97,102,133,134,135" machi="18" ten="40,12000,2" yaku="0,1,20,1,52,4" doraHai="3,20" who="3" fromWho="3" sc="204,-30,278,-30,163,-60,335,140" /><INIT seed="7,0,0,0,4,90" ten="174,248,103,475" oya="3" hai0="85,49,93,69,22,30,98,3,110,36,111,38,4" hai1="43,79,21,9,116,42,18,135,115,95,84,108,80" hai2="46,13,39,118,33,34,64,83,112,101,100,87,60" hai3="109,15,125,28,107,25,92,12,103,65,8,104,134"/><W72/><G72/><T128/><D69/><U54/><E108/><V29/><F118/><W1/><G1/><T31/><D85/><U77/><E135/><V74/><F112/><W24/><G125/><T129/><D49/><U127/><E127/><V41/><F74/><W53/><G134/><T19/><D4/><U105/><E105/><V89/><F33/><W67/><G109/><T114/><D3/><U131/><E9/><V121/><F121/><W63/><G15/><N who="0" m="9599" /><D114/><U62/><E131/><N who="0" m="50249" /><D111/><U94/><E79/><V123/><F123/><W16/><G53/><T133/><D133/><U126/><E116/><V82/><F82/><W99/><G25/><T132/><D110/><U2/><E2/><V73/><F73/><W120/><G67/><T75/><D75/><U0/><E0/><V32/><F32/><W40/><G40/><T45/><D132/><U50/><E62/><V47/><F34/><W102/><G102/><N who="0" m="60751" /><D45/><U97/><E42/><V56/><F29/><AGARI ba="0,0" hai="29,30,31,36,38" m="60751,50249,9599" machi="29" ten="30,2000,0" yaku="19,1,52,1" doraHai="90" who="0" fromWho="2" sc="174,20,248,0,103,-20,475,0" owari="194,-21.0,248,5.0,83,-42.0,475,58.0" /></mjloggm>