<mjloggm ver="2.3"><GO type="169" lobby="0"/><UN n0="%E3%81%86%E3%81%A0%E3%81%A3%E3%81%B7" n1="%E5%B0%B1%E6%B4%BB%E7%94%9F%40%E5%B7%9D%E6%9D%91%E8%BB%8D%E5%9B%A3" n2="%6A%61%6E%79" n3="%E9%B3%A9%E3%82%8A%E3%82%85%E3%81%86%E3%81%8F%E3%82%93" dan="18,18,17,16" rate="2173.11,2281.63,2190.91,2047.20" sx="M,M,M,M"/><TAIKYOKU oya="0"/><INIT seed="0,0,0,2,4,115" ten="250,250,250,250" oya="0" hai0="9,58,86,39,111,10,121,41,78,4,112,62,34" hai1="46,106,108,25,90,101,47,125,74,37,33,69,124" hai2="51,54,76,6,11,99,7,32,55,70,29,80,103" hai3="44,129,49,5,22,2,42,71,60,26,83,14,72"/><T128/><D121/><U105/><E90/><V0/><F70/><W48/><G129/><T65/><D112/><U119/><E108/><V96/><F7/><W77/><G14/><T122/><D122/><U75/><E69/><V43/><F43/><W97/><G97/><T91/><D128/><U13/><E13/><V113/><F113/><W40/><G71/><T21/><D34/><U24/><E33/><V68/><F68/><W109/><G42/><T100/><D100/><U116/><REACH who="1" step="1"/><E101/><REACH who="1" ten="250,240,250,250" step="2"/><V110/><F103/><W98/><G109/><T3/><D91/><U17/><E17/><V127/><F32/><W102/><G102/><T30/><D111/><U79/><E79/><V12/><F76/><W94/><G77/><T59/><D78/><U117/><E117/><V52/><F12/><W8/><G2/><T123/><D3/><U19/><E19/><V35/><F35/><W92/><G5/><T57/><D4/><U18/><E18/><V23/><F6/><W53/><G8/><T67/><D9/><U15/><E15/><V64/><F11/><W89/><G89/><T1/><D10/><U134/><E134/><V130/><F0/><W45/><G26/><T73/><D1/><U84/><E84/><V93/><F110/><W28/><G22/><T81/><D21/><U107/><E107/><V20/><F20/><W120/><G120/><T50/><D123/><U66/><E66/><V126/><F23/><W36/><G72/><T31/><D73/><U135/><E135/><V114/><F114/><W38/><G28/><N who="0" m="10795" /><D67/><U82/><E82/><V131/><F80/><RYUUKYOKU ba="0,1" sc="250,-10,240,30,250,-10,250,-10" hai1="24,25,37,46,47,74,75,105,106,116,119,124,125" /><INIT seed="1,1,1,0,2,76" ten="240,270,240,240" oya="1" hai0="127,27,49,105,57,5,116,31,65,66,93,98,134" hai1="8,114,107,111,123,130,94,52,24,64,92,70,96" hai2="18,11,4,112,10,125,68,115,128,1,102,77,132" hai3="99,53,74,83,29,63,91,103,25,32,23,86,28"/><U124/><E123/><V41/><F68/><W26/><G74/><T13/><D116/><U22/><E114/><N who="2" m="43563" /><F102/><W34/><G63/><T69/><D105/><U16/><E124/><V89/><F77/><W133/><G133/><T84/><D69/><U19/><E130/><V87/><F128/><W81/><G53/><T20/><D127/><U122/><E122/><V61/><F41/><W36/><G36/><T48/><D84/><U85/><E111/><V50/><F50/><W73/><G73/><T71/><D71/><U9/><E107/><V17/><F125/><W79/><G79/><T43/><D134/><U51/><E70/><V7/><F61/><W45/><G45/><T126/><D126/><U78/><E64/><V21/><F132/><W60/><G60/><N who="0" m="38031" /><D43/><U106/><E19/><V33/><F33/><W3/><G3/><T35/><D35/><U80/><E106/><V120/><F120/><W37/><G37/><T90/><D66/><U104/><E104/><V42/><F42/><W100/><G100/><T55/><D55/><U82/><E82/><N who="2" m="49399" /><F21/><W62/><G62/><T113/><D113/><U0/><E0/><AGARI ba="1,1" hai="0,1,4,7,10,11,17,18" m="49399,43563" machi="0" ten="30,2000,0" yaku="11,1,52,1" doraHai="76" who="2" fromWho="1" sc="240,0,270,-23,240,33,240,0" /><INIT seed="2,0,0,1,1,22" ten="240,247,273,240" oya="2" hai0="8,107,52,46,73,26,5,57,30,24,51,94,42" hai1="74,72,102,3,71,112,76,92,126,134,78,104,40" hai2="100,9,29,4,116,15,6,124,25,97,50,44,98" hai3="80,17,101,53,49,121,106,43,16,31,90,2,103"/><V13/><F116/><W14/><G121/><T111/><D107/><U89/><E71/><V85/><F124/><W125/><G2/><T21/><D111/><U87/><E40/><V64/><F64/><W7/><G125/><T123/><D123/><U12/><E12/><V109/><F109/><W75/><G43/><T18/><D73/><N who="1" m="28267" /><E3/><V120/><F120/><W27/><G106/><T130/><D94/><U79/><E112/><V118/><F118/><W83/><G75/><T96/><D96/><N who="2" m="36970" /><F85/><N who="3" m="50471" /><G83/><T131/><D5/><U36/><E36/><V132/><F100/><W61/><G61/><T86/><D86/><U0/><E0/><V63/><F63/><W128/><G128/><N who="0" m="49195" /><D8/><U68/><E68/><V115/><F115/><W65/><G65/><T69/><D69/><U62/><E62/><V60/><F60/><W70/><G70/><T127/><D127/><U45/><E126/><V82/><F9/><N who="3" m="6223" /><G17/><T88/><D42/><U32/><E32/><V129/><F129/><W10/><G10/><T117/><D117/><U122/><E122/><V56/><F6/><W35/><G7/><T135/><D46/><AGARI ba="0,0" hai="27,31,35,46,49,53,101,103" m="6223,50471" machi="46" ten="30,3900,0" yaku="25,1,52,1,54,1" doraHai="22" who="3" fromWho="0" sc="240,-39,247,0,273,0,240,39" /><INIT seed="3,0,0,5,0,78" ten="201,247,273,279" oya="3" hai0="119,51,82,129,42,19,65,8,104,88,46,30,96" hai1="95,69,86,109,57,127,87,125,47,91,23,85,6" hai2="102,52,105,107,66,34,121,24,115,54,122,50,101" hai3="133,9,124,126,77,113,36,26,97,120,45,31,27"/><W58/><G120/><N who="2" m="46185" /><F115/><W22/><G113/><T15/><D119/><U59/><E69/><V68/><F68/><W111/><G133/><T61/><D129/><U20/><E6/><V28/><F66/><W71/><G71/><T62/><D30/><U79/><E47/><N who="2" m="27743" /><F54/><W35/><G9/><T12/><D65/><U117/><E117/><V84/><F84/><W0/><G0/><T21/><D104/><AGARI ba="0,0" hai="24,28,34,101,102,104,105,107" m="27743,46185" machi="104" ten="30,2000,0" yaku="13,1,54,1" doraHai="78" who="2" fromWho="0" sc="201,-20,247,0,273,20,279,0" /><INIT seed="4,0,0,2,0,73" ten="181,247,293,279" oya="0" hai0="117,105,23,34,47,133,15,20,71,31,88,39,60" hai1="135,75,104,95,77,111,36,132,48,83,96,114,0" hai2="17,41,94,33,24,99,45,127,126,25,79,91,9" hai3="52,54,11,28,125,90,69,21,116,119,2,13,6"/><T113/><D117/><U30/><E36/><V56/><F56/><W55/><G69/><T7/><D113/><U82/><E0/><V37/><F79/><W29/><G125/><N who="2" m="47625" /><F33/><W74/><G74/><T93/><D105/><U40/><E104/><V97/><F97/><W26/><G2/><T27/><D133/><N who="1" m="51275" /><E30/><V72/><F72/><W3/><G3/><T92/><D92/><U62/><E62/><V59/><F59/><W64/><G64/><T112/><D112/><U44/><E114/><V78/><F78/><W42/><G42/><T118/><D118/><U110/><E83/><V131/><F131/><W1/><G1/><T87/><D39/><U53/><E40/><V109/><F109/><W101/><G101/><AGARI ba="0,0" hai="44,48,53,75,77,82,95,96,101,110,111" m="51275" machi="101" ten="30,2000,0" yaku="20,1,52,1" doraHai="73" who="1" fromWho="3" sc="181,0,247,20,293,0,279,-20" /><INIT seed="5,0,0,0,3,86" ten="181,267,293,259" oya="1" hai0="127,64,27,37,90,10,108,51,124,14,95,92,83" hai1="9,55,133,81,32,46,74,101,44,75,78,7,12" hai2="34,134,72,40,76,19,13,56,24,29,61,18,57" hai3="128,23,96,31,68,22,47,91,59,2,21,80,3"/><U98/><E32/><V70/><F134/><W110/><G110/><T30/><D37/><U114/><E133/><V1/><F1/><W41/><G68/><T130/><D108/><U8/><E114/><V111/><F111/><W97/><G31/><T52/><D64/><U15/><E75/><V104/><F104/><W54/><G128/><T71/><D71/><U112/><E55/><V69/><F40/><W39/><G97/><T113/><D130/><U93/><REACH who="1" step="1"/><E112/><REACH who="1" ten="181,257,293,259" step="2"/><V38/><F72/><W66/><G54/><T125/><D113/><U42/><E42/><V103/><F34/><W58/><G41/><T50/><D52/><U102/><E102/><V132/><F103/><W122/><G66/><T100/><D100/><U28/><E28/><V126/><F29/><W129/><G129/><T16/><D51/><U63/><E63/><V99/><F61/><W26/><G39/><T11/><D50/><U85/><E85/><V25/><F38/><W123/><G123/><T106/><D106/><U117/><E117/><V20/><F132/><W5/><G122/><T77/><D125/><U115/><E115/><V45/><F126/><W0/><G26/><T131/><D127/><U121/><E121/><V4/><F25/><W65/><G65/><T48/><D124/><U6/><AGARI ba="0,1" hai="6,7,8,9,12,15,44,46,74,78,81,93,98,101" machi="6" ten="20,12000,1" yaku="1,1,0,1,7,1,9,1,53,1" doraHai="86" doraHaiUra="89" who="1" fromWho="1" sc="181,-40,257,130,293,-40,259,-40" /><INIT seed="5,1,0,3,0,132" ten="141,387,253,219" oya="1" hai0="41,11,52,69,79,103,56,109,46,60,63,57,61" hai1="104,126,87,114,24,113,2,128,90,13,105,121,58" hai2="134,43,65,125,9,83,127,35,18,68,54,72,15" hai3="92,55,80,22,120,42,70,130,12,8,29,6,14"/><U20/><E2/><V95/><F134/><W1/><G70/><T81/><D103/><U76/><E121/><V30/><F43/><W64/><G64/><N who="0" m="41119" /><D11/><U37/><E37/><V106/><F106/><W112/><G120/><T98/><D98/><U110/><E110/><V131/><F131/><W84/><G92/><T119/><D81/><U51/><E76/><N who="2" m="44423" /><F65/><W10/><G84/><T89/><D89/><U36/><E36/><V102/><F68/><W71/><G80/><T40/><D79/><U86/><E13/><V117/><F117/><W32/><G14/><T85/><D85/><U66/><E66/><V118/><F54/><W93/><G12/><T0/><D0/><U49/><E58/><N who="0" m="22633" /><D119/><U31/><E90/><V4/><F118/><W96/><G10/><T17/><D17/><U34/><E34/><V75/><F75/><W99/><G99/><T94/><D94/><U16/><E31/><V116/><F116/><W39/><G93/><T53/><D109/><U5/><E5/><V3/><F95/><W101/><G96/><T23/><D23/><U38/><E20/><N who="2" m="11359" /><F102/><W88/><G101/><T19/><D19/><U73/><E73/><V45/><F45/><W91/><G91/><T77/><D77/><U107/><E105/><V100/><F100/><W97/><G88/><T133/><D133/><U27/><E107/><V47/><F47/><W78/><G97/><T82/><D82/><U129/><E104/><V74/><F74/><W26/><G78/><T59/><D61/><U7/><E7/><V21/><F21/><W50/><G22/><T123/><D123/><RYUUKYOKU ba="1,0" sc="141,15,387,-15,253,15,219,-15" hai0="40,41,46,52,53,59,60" hai2="3,4,9,30,35,125,127" /><INIT seed="6,2,0,5,0,26" ten="156,372,268,204" oya="2" hai0="109,110,106,45,7,63,91,96,111,11,0,81,88" hai1="117,90,18,104,114,75,59,84,31,33,125,123,85" hai2="24,120,35,127,3,132,60,122,92,42,38,74,62" hai3="79,32,108,83,13,8,70,16,64,76,17,43,101"/><V72/><F3/><W86/><G108/><T5/><D5/><U22/><E75/><V126/><F132/><W119/><G119/><T128/><D128/><U93/><E104/><V94/><F38/><W100/><G32/><T115/><D115/><U30/><E33/><V41/><F24/><W95/><G43/><T80/><D45/><U87/><E117/><V47/><F35/><W133/><G133/><T21/><D63/><U2/><E2/><V89/><F47/><W51/><G51/><T78/><D21/><U116/><E116/><V40/><F42/><W124/><G124/><T97/><D81/><U66/><E114/><V23/><F23/><W102/><G70/><T68/><D68/><U58/><E125/><V113/><F89/><N who="3" m="51423" /><G64/><T61/><D61/><N who="1" m="38199" /><E59/><V25/><F25/><W6/><G95/><T39/><D39/><U14/><E123/><V1/><F1/><W56/><G56/><T57/><D57/><U36/><E36/><V29/><F113/><W107/><G107/><T49/><D49/><U135/><E135/><V65/><F65/><W37/><G37/><T53/><D53/><U50/><E50/><V118/><F118/><W54/><G54/><T55/><D55/><U105/><E105/><V10/><F10/><W112/><G112/><T20/><D20/><U48/><E48/><V46/><F46/><W27/><G27/><T131/><D131/><U52/><E52/><V82/><F82/><W44/><G44/><T28/><D106/><U34/><E34/><V129/><F129/><W77/><AGARI ba="2,0" hai="6,8,13,16,17,76,77,79,100,101,102" m="51423" machi="77" ten="30,2000,0" yaku="8,1,54,1" doraHai="26" who="3" fromWho="3" sc="156,-7,372,-7,268,-12,204,26" /><INIT seed="7,0,0,4,1,126" ten="149,365,256,230" oya="3" hai0="74,1,129,87,18,44,103,31,98,46,61,60,55" hai1="86,32,33,76,127,15,77,41,121,109,8,58,40" hai2="135,111,16,68,125,34,119,0,65,4,57,110,118" hai3="19,78,113,83,49,96,23,80,90,28,6,88,99"/><W25/><G113/><T45/><D74/><U73/><E73/><V53/><F34/><W81/><G78/><T39/><D1/><U100/><E127/><V64/><F125/><W72/><G72/><T94/><D39/><U128/><E100/><V95/><F0/><W115/><G115/><T70/><D31/><U29/><E29/><V2/><F2/><W35/><G6/><T43/><D43/><U51/><E41/><V108/><F4/><W69/><G69/><T105/><D70/><U107/><E107/><V71/><F95/><W24/><REACH who="3" step="1"/><G49/><REACH who="3" ten="149,365,256,220" step="2"/><T66/><D61/><U91/><E51/><V5/><F68/><W67/><G67/><T101/><D66/><U117/><E77/><V130/><F5/><W38/><G38/><T22/><D60/><U48/><E48/><N who="2" m="30887" /><F71/><W11/><G11/><T93/><D55/><U114/><E8/><V10/><F65/><W82/><N who="3" m="20480" /><DORA hai="63" /><W75/><G75/><T12/><D105/><U50/><E76/><V30/><F64/><W112/><G112/><T89/><REACH who="0" step="1"/><D129/><REACH who="0" ten="139,365,256,220" step="2"/><U20/><E128/><V54/><F130/><W132/><G132/><T85/><D85/><U92/><E86/><V122/><F135/><W9/><G9/><T62/><D62/><U21/><E114/><V123/><F54/><W47/><G47/><T84/><D84/><U17/><E40/><V133/><F133/><W79/><G79/><T14/><D14/><U120/><E15/><N who="2" m="7287" /><F110/><W56/><G56/><T134/><D134/><U106/><E109/><V13/><F108/><W27/><G27/><T116/><D116/><U36/><E117/><RYUUKYOKU ba="0,2" sc="139,15,365,-15,256,-15,220,15" hai0="12,18,22,44,45,46,87,89,93,94,98,101,103" hai3="19,23,24,25,28,35,88,90,96,99" /><INIT seed="7,1,2,0,3,60" ten="154,350,241,235" oya="3" hai0="31,0,48,79,61,53,67,22,76,26,16,114,73" hai1="110,40,39,86,74,32,80,21,63,41,103,30,69" hai2="56,96,89,45,111,107,102,99,88,105,91,124,58" hai3="93,82,128,68,46,52,25,130,9,11,55,15,47"/><W14/><G68/><T98/><D0/><U2/><E2/><V83/><F111/><W109/><G25/><T49/><D73/><U12/><E32/><V120/><F124/><W62/><G62/><T19/><D114/><U65/><E74/><V29/><F120/><W34/><G34/><T50/><D53/><N who="3" m="20553" /><G82/><T81/><D98/><U113/><E39/><V134/><F134/><W5/><G93/><T3/><D3/><U85/><E113/><V129/><F129/><N who="3" m="49771" /><G109/><T51/><N who="0" m="12288" /><DORA hai="127" /><T18/><REACH who="0" step="1"/><D81/><REACH who="0" ten="144,350,241,235" step="2"/><U27/><E80/><V37/><F83/><W38/><G38/><T43/><D43/><U84/><E41/><V115/><F37/><W77/><G77/><T131/><D131/><U94/><E40/><V126/><F126/><W70/><G70/><AGARI ba="1,3" hai="16,18,19,22,26,31,61,67,70,76,79" m="12288" machi="70" ten="50,6400,0" yaku="1,1,52,1,54,1,53,0" doraHai="60,127" doraHaiUra="78,123" who="0" fromWho="3" sc="144,97,350,0,241,0,235,-67" owari="241,4.0,350,45.0,241,-16.0,168,-33.0" /></mjloggm>