<mjloggm ver="2.3"><GO type="169" lobby="0"/><UN n0="%E3%83%9E%E3%83%AB%E3%83%92%E3%83%AD" n1="%E3%81%82%E3%82%8A%E3%81%8B%E3%81%9F%E3%82%93" n2="%E5%B0%B1%E6%B4%BB%E7%94%9F%40%E5%B7%9D%E6%9D%91%E8%BB%8D%E5%9B%A3" n3="%3D%E5%9C%92%E5%9F%8E%E5%AF%BA%E6%80%9C%3D" dan="16,16,19,18" rate="2027.88,2172.28,2366.44,2140.92" sx="M,M,M,F"/><TAIKYOKU oya="0"/><INIT seed="0,0,0,4,2,14" ten="250,250,250,250" oya="0" hai0="11,57,9,47,18,16,60,80,62,1,99,93,67" hai1="54,87,61,19,106,65,27,100,13,133,29,20,115" hai2="32,50,126,66,104,85,112,105,111,78,46,84,107" hai3="120,42,68,70,118,39,96,22,38,129,7,37,56"/><T76/><D47/><U2/><E2/><V5/><F112/><W97/><G118/><T108/><D108/><U43/><E115/><V17/><F32/><W4/><G42/><T81/><D1/><U0/><E0/><V64/><F5/><W122/><G56/><N who="0" m="37319" /><D11/><U8/><E43/><V6/><F6/><N who="3" m="2091" /><G22/><T48/><D48/><U94/><E133/><V102/><F111/><W63/><G63/><T130/><D9/><U132/><E106/><V45/><F126/><W33/><G129/><T74/><D74/><U116/><E132/><V134/><F134/><W52/><G52/><N who="0" m="33831" /><D130/><U79/><E54/><V24/><F105/><W73/><G73/><T49/><D49/><U103/><E116/><V12/><F50/><W72/><G72/><T34/><D34/><U35/><E35/><V89/><F66/><W31/><G33/><T123/><D123/><N who="3" m="47145" /><G31/><T92/><D92/><U21/><E21/><V125/><F64/><W55/><G55/><T77/><D81/><U127/><E127/><V75/><F75/><W23/><G23/><T40/><D40/><U90/><REACH who="1" step="1"/><E79/><REACH who="1" ten="250,240,250,250" step="2"/><N who="0" m="30281" /><D80/><U26/><E26/><V128/><F107/><W135/><G135/><T131/><D131/><U36/><E36/><V51/><F128/><W25/><G25/><T28/><D28/><U95/><E95/><V71/><F24/><W3/><G3/><T109/><D109/><U82/><E82/><V113/><F113/><W117/><G117/><T98/><D93/><U58/><AGARI ba="0,1" hai="8,13,19,20,27,29,58,61,65,87,90,94,100,103" machi="58" ten="20,12000,2" yaku="1,1,0,1,7,1,8,1,52,1,53,1" doraHai="14" doraHaiUra="83" who="1" fromWho="1" sc="250,-60,240,130,250,-30,250,-30" /><INIT seed="1,0,0,5,3,76" ten="190,370,220,220" oya="1" hai0="66,131,63,74,125,0,29,75,68,98,108,32,4" hai1="25,129,67,59,80,22,122,3,60,7,37,90,120" hai2="40,55,116,16,107,106,79,62,84,9,1,46,28" hai3="57,38,100,52,39,56,94,27,88,109,51,17,2"/><U43/><E129/><V81/><F116/><W42/><G2/><T5/><D131/><U97/><E3/><V14/><F1/><W114/><G114/><T82/><D125/><U15/><E37/><V45/><F28/><W50/><G109/><T115/><D108/><U35/><E43/><V102/><F102/><W73/><G73/><T34/><D115/><U24/><E35/><V113/><F113/><W132/><G100/><T110/><D110/><U21/><E122/><V96/><F96/><W6/><G6/><T86/><D98/><U130/><E120/><V53/><F46/><W69/><G69/><T128/><D128/><U83/><E130/><V112/><F112/><W10/><G132/><T119/><D119/><U30/><E15/><V49/><REACH who="2" step="1"/><F62/><REACH who="2" ten="190,370,210,220" step="2"/><W54/><G42/><T121/><D0/><U133/><E133/><V127/><F127/><W65/><G38/><T104/><D29/><N who="1" m="17551" /><E7/><V44/><F44/><W64/><G39/><T8/><D5/><U126/><E126/><V36/><F36/><W71/><G71/><T78/><D121/><U11/><E11/><V19/><F19/><W72/><G10/><T13/><REACH who="0" step="1"/><D104/><AGARI ba="0,1" hai="9,14,16,40,45,49,53,55,79,81,84,104,106,107" machi="104" ten="40,5200,0" yaku="1,1,52,1,54,1,53,0" doraHai="76" doraHaiUra="118" who="2" fromWho="0" sc="190,-52,370,0,210,62,220,0" /><INIT seed="2,0,0,4,0,125" ten="138,370,272,220" oya="2" hai0="57,25,11,26,31,9,127,21,22,72,126,120,59" hai1="95,41,97,16,20,3,85,45,14,112,131,24,91" hai2="104,37,134,33,2,84,116,83,96,40,135,43,52" hai3="105,36,34,133,129,102,117,94,70,1,114,121,124"/><V87/><F33/><W67/><G94/><T7/><D72/><U77/><E3/><V8/><F116/><W46/><G46/><T106/><D106/><U113/><E131/><V54/><F2/><W98/><G98/><T23/><D120/><U107/><E77/><V27/><F8/><N who="0" m="3146" /><D7/><U29/><E107/><V78/><F27/><N who="0" m="10250" /><D31/><U111/><E111/><V58/><F87/><W62/><G62/><T28/><D28/><U38/><REACH who="1" step="1"/><E97/><REACH who="1" ten="138,360,272,220" step="2"/><V118/><F96/><W47/><G1/><T76/><D76/><U63/><E63/><V122/><F104/><W44/><G105/><T79/><D79/><U6/><E6/><V103/><F78/><W100/><G121/><T75/><D75/><U108/><E108/><V32/><F122/><W0/><G0/><T13/><D13/><U71/><E71/><V17/><F118/><W55/><G70/><T101/><D101/><U73/><E73/><V64/><F103/><W4/><G4/><T30/><D30/><U18/><E18/><V50/><F17/><W88/><G102/><T48/><D48/><U80/><E80/><V82/><F50/><W99/><G100/><T5/><D5/><U53/><E53/><V128/><F54/><W123/><G55/><T119/><D119/><U93/><E93/><V89/><F83/><W109/><G109/><T69/><D69/><U49/><E49/><V86/><F82/><W12/><G117/><T92/><D92/><U132/><E132/><V90/><F134/><W68/><G133/><T65/><D65/><U35/><AGARI ba="0,1" hai="14,16,20,24,29,35,38,41,45,85,91,95,112,113" machi="35" ten="20,5200,0" yaku="1,1,0,1,7,1,54,1,53,0" doraHai="125" doraHaiUra="60" who="1" fromWho="1" sc="138,-13,360,62,272,-26,220,-13" /><INIT seed="3,0,0,0,5,109" ten="125,422,246,207" oya="3" hai0="65,61,33,19,47,54,126,30,89,75,13,10,120" hai1="66,98,104,60,26,71,39,37,84,34,7,94,91" hai2="81,74,95,119,24,121,133,113,16,128,42,99,23" hai3="116,117,85,38,6,50,90,55,123,122,125,132,78"/><W70/><G70/><T43/><D126/><U112/><E7/><V97/><F119/><W49/><G38/><T51/><D120/><U14/><E14/><V79/><F121/><W73/><G73/><T124/><D124/><U28/><REACH who="1" step="1"/><E112/><REACH who="1" ten="125,412,246,207" step="2"/><V114/><F128/><W41/><G6/><T31/><D75/><U93/><E93/><V4/><F4/><W58/><G123/><T111/><D111/><U40/><E40/><V80/><F42/><W12/><G122/><T108/><D108/><U45/><E45/><V107/><F133/><W92/><G125/><T87/><D43/><U118/><E118/><V88/><REACH who="2" step="1"/><F80/><REACH who="2" ten="125,412,236,207" step="2"/><W2/><G132/><T69/><REACH who="0" step="1"/><D33/><REACH who="0" ten="115,412,236,207" step="2"/><U64/><E64/><V82/><F82/><AGARI ba="0,3" hai="10,13,19,30,31,47,51,54,61,65,69,82,87,89" machi="82" ten="30,8000,1" yaku="1,1,2,1,7,1,25,2,53,0" doraHai="109" doraHaiUra="115" who="0" fromWho="2" sc="115,110,412,0,236,-80,207,0" /><INIT seed="4,0,0,3,5,49" ten="225,412,156,207" oya="0" hai0="76,8,52,89,90,24,111,109,101,74,53,94,65" hai1="19,63,128,1,129,86,83,62,67,119,2,115,45" hai2="66,43,102,59,20,14,44,85,117,31,12,75,58" hai3="25,118,127,39,135,54,34,78,108,88,125,16,81"/><T18/><D65/><U122/><E119/><V38/><F75/><W47/><G108/><N who="0" m="41547" /><D101/><U104/><E122/><V71/><F117/><W97/><G34/><T28/><D89/><U99/><E115/><V13/><F102/><W134/><G118/><T0/><D76/><U7/><E19/><V40/><F40/><W133/><G39/><T32/><D74/><U30/><E30/><V70/><F85/><N who="3" m="50223" /><G97/><N who="0" m="57559" /><D18/><U48/><E7/><AGARI ba="0,0" hai="0,7,8,24,28,32,52,53" m="57559,41547" machi="7" ten="30,11600,0" yaku="10,1,52,2,54,1" doraHai="49" who="0" fromWho="1" sc="225,116,412,-116,156,0,207,0" /><INIT seed="4,1,0,5,4,108" ten="341,296,156,207" oya="0" hai0="103,118,47,119,33,50,113,23,94,64,70,116,132" hai1="44,97,102,101,93,115,128,84,78,38,80,86,30" hai2="40,88,46,4,96,106,55,81,104,49,13,125,65" hai3="35,129,5,120,79,107,16,52,17,89,135,62,133"/><T20/><D103/><U54/><E30/><V56/><F125/><W37/><G107/><T100/><D33/><U73/><E38/><V60/><F4/><W121/><G37/><T8/><D8/><U111/><E54/><V11/><F40/><W24/><G79/><T72/><D72/><U77/><E44/><V83/><F83/><W7/><G89/><T39/><D94/><U41/><E41/><V95/><REACH who="2" step="1"/><F81/><REACH who="2" ten="341,296,146,207" step="2"/><W75/><G5/><T85/><D119/><U67/><E80/><V109/><F109/><W0/><G7/><T29/><D118/><U59/><E111/><V51/><F51/><W34/><G0/><T92/><D50/><U82/><E82/><V126/><F126/><W90/><G75/><T36/><D39/><U61/><E78/><V69/><F69/><W127/><G127/><T45/><D70/><U74/><E77/><V124/><F124/><W91/><G62/><T10/><D36/><U32/><E74/><V26/><F26/><W76/><G24/><T3/><D116/><U1/><E73/><V123/><F123/><W117/><G76/><T6/><D6/><U66/><E61/><V131/><F131/><W14/><G117/><T43/><D43/><U58/><E128/><V18/><AGARI ba="1,1" hai="11,13,18,46,49,55,56,60,65,88,95,96,104,106" machi="18" ten="20,8000,1" yaku="1,1,0,1,7,1,54,1,53,1" doraHai="108" doraHaiUra="87" who="2" fromWho="2" sc="341,-41,296,-21,146,93,207,-21" /><INIT seed="5,0,0,2,1,69" ten="300,275,239,186" oya="1" hai0="127,112,91,0,51,40,96,120,27,50,121,20,75" hai1="119,38,109,108,110,81,35,3,52,33,73,4,6" hai2="94,95,124,25,126,101,111,130,24,114,90,15,61" hai3="31,39,59,37,48,10,103,89,105,23,2,80,22"/><U116/><E73/><V17/><F111/><W65/><G2/><T53/><D0/><U129/><E129/><V7/><F7/><N who="1" m="2601" /><E3/><V85/><F130/><W70/><G10/><T72/><D127/><N who="2" m="48682" /><F114/><W128/><G70/><T8/><D8/><U11/><E11/><N who="2" m="6399" /><F61/><W115/><G128/><T1/><D1/><U46/><E81/><V92/><F101/><W5/><G5/><T45/><D112/><U113/><E113/><V100/><F100/><W30/><G103/><T26/><D121/><U42/><E52/><V132/><F132/><W78/><G115/><T97/><D120/><U43/><E43/><V9/><F9/><W98/><G80/><AGARI ba="0,0" hai="24,25,80,85,90,92,94,95" m="6399,48682" machi="80" ten="30,1000,0" yaku="18,1" doraHai="69" who="2" fromWho="3" sc="300,0,275,0,239,10,186,-10" /><INIT seed="6,0,0,5,1,94" ten="300,275,249,176" oya="2" hai0="51,7,38,100,18,25,2,81,122,8,98,102,103" hai1="116,17,19,87,35,79,34,88,32,70,66,39,62" hai2="130,64,131,6,104,106,33,5,12,20,28,96,53" hai3="56,3,14,129,73,22,37,9,43,46,63,97,1"/><V93/><F33/><W24/><G129/><N who="2" m="49161" /><F64/><W52/><G73/><T15/><D38/><U65/><E116/><V60/><F60/><W54/><G54/><T61/><D81/><U75/><E39/><V72/><F72/><W40/><G40/><T114/><D114/><U110/><E110/><V80/><F80/><W120/><G120/><T50/><D122/><U76/><E75/><V31/><F53/><W71/><G71/><T109/><D109/><U84/><E62/><V117/><F20/><W59/><G59/><T118/><D118/><U57/><E57/><V45/><F45/><W58/><G58/><T55/><D25/><U83/><E70/><V30/><F117/><W89/><G9/><T27/><D27/><U101/><E34/><V82/><F82/><W123/><G123/><T49/><D55/><U115/><E83/><V108/><F12/><W91/><G14/><T74/><D61/><U128/><E128/><V4/><F108/><W113/><G113/><T127/><D74/><U48/><E115/><V67/><F67/><W78/><G78/><T41/><D41/><U126/><E79/><V69/><F69/><W121/><G121/><T124/><D124/><U85/><E76/><V119/><F119/><W125/><G125/><T90/><D127/><U86/><E126/><V68/><F68/><W107/><G3/><T133/><D2/><U92/><E65/><V11/><F11/><W112/><G1/><T10/><D10/><U132/><E66/><V111/><F111/><W105/><G112/><T47/><D8/><U13/><E13/><V16/><F16/><RYUUKYOKU ba="0,0" sc="300,-10,275,-10,249,30,176,-10" hai2="4,5,6,28,30,31,93,96,104,106" /><INIT seed="6,1,0,1,4,34" ten="290,265,279,166" oya="2" hai0="88,66,11,110,117,135,87,46,72,1,130,14,38" hai1="55,8,91,56,67,5,64,68,63,98,126,62,83" hai2="119,114,80,111,43,51,78,7,15,39,75,86,19" hai3="54,70,58,71,121,47,28,12,32,57,35,74,99"/><V26/><F114/><W96/><G121/><T50/><D110/><U24/><E126/><V113/><F113/><W124/><G124/><T109/><D109/><U93/><E24/><V6/><F39/><W9/><G74/><T45/><D72/><U106/><E106/><V40/><F75/><W128/><G128/><T103/><D103/><U16/><E83/><V89/><F78/><W48/><G71/><T104/><D104/><U116/><E116/><V37/><F37/><W132/><G70/><T123/><D123/><U127/><E127/><V53/><F26/><W22/><G132/><T100/><D100/><U20/><E55/><V18/><F18/><W131/><G131/><T79/><D79/><U65/><E65/><V85/><F85/><W120/><G120/><T29/><D29/><U41/><E41/><N who="2" m="15947" /><F119/><W61/><G32/><T27/><D66/><U133/><E133/><V21/><F111/><W118/><G35/><T92/><D130/><U108/><E108/><V95/><F80/><W60/><G118/><T84/><D135/><U33/><E33/><V10/><F10/><W97/><G28/><T30/><D1/><U42/><E42/><V76/><F76/><W101/><G22/><N who="0" m="15735" /><D117/><U23/><E16/><V36/><F36/><W59/><REACH who="3" step="1"/><G101/><REACH who="3" ten="290,265,279,156" step="2"/><T2/><D38/><U3/><AGARI ba="1,1" hai="3,5,8,20,23,56,62,63,64,67,68,91,93,98" machi="3" ten="20,2700,0" yaku="0,1,7,1,52,1" doraHai="34" who="1" fromWho="1" sc="290,-8,265,40,279,-14,156,-8" /><INIT seed="7,0,0,0,3,102" ten="282,305,265,148" oya="3" hai0="31,132,16,82,107,54,123,3,41,84,117,49,50" hai1="26,97,58,90,74,21,127,129,66,59,69,36,112" hai2="83,20,87,33,125,116,4,115,130,105,111,121,124" hai3="122,18,57,8,109,60,48,114,5,75,104,133,65"/><W70/><G122/><T2/><D123/><U80/><E36/><V76/><F121/><W19/><G114/><T13/><D132/><U134/><E134/><V110/><F33/><W103/><G75/><T6/><D107/><U46/><E46/><V106/><F116/><W81/><G133/><T24/><D6/><U30/><E112/><V68/><F68/><W27/><G109/><N who="2" m="41481" /><F4/><W128/><G128/><T100/><D100/><U126/><E129/><V118/><F118/><W39/><G39/><T12/><D41/><U43/><E43/><V91/><F20/><W94/><G81/><T0/><D49/><U89/><E74/><N who="2" m="43415" /><F130/><W79/><G79/><T64/><D64/><U71/><E90/><V1/><F1/><W32/><G94/><T119/><D31/><U108/><E108/><V55/><F55/><N who="3" m="31975" /><G8/><N who="0" m="6151" /><D13/><U85/><E69/><V92/><F115/><W9/><G9/><T73/><D24/><U72/><E72/><V99/><F87/><W95/><G95/><T45/><D73/><U52/><E97/><V113/><F113/><W23/><G5/><T40/><D40/><U53/><E71/><V135/><F135/><W10/><G10/><T44/><D44/><U78/><E78/><V56/><F56/><N who="1" m="21545" /><E66/><V15/><F15/><W77/><G77/><T42/><D42/><U11/><E11/><V96/><F96/><N who="3" m="61543" /><G23/><T38/><D38/><U29/><E29/><AGARI ba="0,0" hai="18,19,27,29,32,60,65,70" m="61543,31975" machi="29" ten="30,2900,0" yaku="25,1,52,1" doraHai="102" who="3" fromWho="1" sc="282,0,305,-29,265,0,148,29" /><INIT seed="7,1,0,1,4,10" ten="282,276,265,177" oya="3" hai0="13,96,62,37,30,17,3,36,72,121,81,69,124" hai1="90,14,99,0,117,68,6,12,85,103,2,132,74" hai2="53,87,116,42,100,128,29,102,105,28,129,64,107" hai3="101,32,49,79,82,5,126,54,8,43,98,97,18"/><W26/><G126/><T84/><D124/><U75/><E68/><V125/><F125/><W123/><G123/><T11/><D72/><U108/><E108/><V46/><F64/><W44/><G54/><T93/><D121/><U65/><E65/><V58/><F87/><W57/><G57/><T89/><D30/><N who="2" m="11882" /><F58/><W110/><G110/><T45/><D3/><U48/><E2/><V120/><F120/><W113/><G113/><T92/><D92/><U67/><E67/><V130/><F53/><W1/><G101/><N who="2" m="39017" /><F116/><W20/><REACH who="3" step="1"/><G32/><REACH who="3" ten="282,276,265,167" step="2"/><T91/><D69/><U19/><E103/><V88/><F88/><W111/><G111/><T50/><D62/><U83/><E90/><V51/><AGARI ba="1,1" hai="42,46,51,105,107,128,129,130" m="39017,11882" machi="51" ten="40,1500,0" yaku="19,1" doraHai="10" who="2" fromWho="2" sc="282,-5,276,-5,265,28,167,-8" /><INIT seed="8,0,0,5,2,79" ten="277,271,293,159" oya="0" hai0="89,129,19,82,118,2,62,132,77,95,52,4,30" hai1="45,59,72,6,108,119,11,114,0,65,126,134,86" hai2="5,15,41,81,80,71,21,7,63,50,78,122,112" hai3="26,83,42,23,127,40,123,110,60,66,31,130,91"/><T25/><D132/><U109/><E72/><V36/><F112/><W121/><G130/><T70/><D129/><U135/><E45/><N who="2" m="25903" /><F36/><W22/><G127/><T133/><D133/><N who="1" m="50699" /><E86/><N who="2" m="48407" /><F71/><W18/><G110/><T9/><D118/><U8/><E65/><V34/><F34/><W28/><G91/><T27/><D19/><U57/><E119/><V94/><F81/><W20/><G83/><T14/><D2/><U93/><E93/><V73/><F73/><W120/><G31/><T43/><D43/><U1/><E114/><V32/><F32/><W99/><G99/><N who="0" m="57839" /><D30/><U90/><E90/><V58/><F94/><W37/><G37/><T12/><D12/><U49/><E126/><V35/><F35/><W117/><G117/><T47/><D70/><U111/><E49/><V97/><F97/><W85/><G85/><N who="0" m="48335" /><D62/><U104/><E104/><V84/><F84/><W98/><G98/><T38/><D38/><U74/><E74/><V96/><F96/><W17/><G28/><T39/><D39/><U101/><E101/><V88/><F88/><W51/><G51/><AGARI ba="0,0" hai="4,9,14,25,27,47,51,52" m="48335,57839" machi="51" ten="30,5800,0" yaku="8,1,52,1,54,1" doraHai="79" who="0" fromWho="3" sc="277,58,271,0,293,0,159,-58" owari="335,44.0,271,-13.0,293,9.0,101,-40.0" /></mjloggm>