<mjloggm ver="2.3"><GO type="169" lobby="0"/><UN n0="%67%73%6B%67%33" n1="%E3%83%88%E3%83%88%E3%83%AA%E5%85%88%E7%94%9F%31%39%E6%AD%B3" n2="%E3%81%94%E3%82%8A%E3%81%94%E3%82%8A%E3%81%94%E3%82%8A%E3%82%89" n3="%79%69%6E%6E%65%72%30%36" dan="17,19,16,16" rate="2216.14,2304.45,2113.75,2123.52" sx="M,F,M,M"/><TAIKYOKU oya="0"/><INIT seed="0,0,0,4,1,51" ten="250,250,250,250" oya="0" hai0="48,89,105,33,79,74,44,114,57,9,101,11,76" hai1="61,68,15,5,91,85,36,38,116,69,52,99,12" hai2="27,111,1,20,71,119,115,90,4,53,37,62,110" hai3="55,93,75,58,22,134,26,117,7,132,102,80,129"/><T42/><D114/><U30/><E116/><V47/><F119/><W109/><G109/><N who="2" m="41481" /><F90/><W35/><G35/><T24/><D105/><U56/><E30/><V25/><F115/><W41/><G41/><T70/><D70/><U34/><E34/><V131/><F131/><W66/><G66/><T87/><D101/><U113/><E113/><V73/><F73/><W127/><G7/><T135/><D135/><U63/><E99/><V81/><F81/><W31/><G127/><T29/><D57/><U108/><E108/><V40/><F71/><W130/><G117/><T2/><D74/><U77/><E77/><V103/><F103/><W54/><G93/><T84/><D84/><U78/><E78/><V65/><F65/><W121/><G102/><T39/><D39/><U3/><E68/><V107/><F107/><W45/><G121/><T83/><REACH who="0" step="1"/><D9/><REACH who="0" ten="240,250,250,250" step="2"/><N who="1" m="2239" /><E36/><V72/><F72/><W16/><G75/><T97/><D97/><U86/><E86/><V32/><F37/><W118/><G118/><T67/><D67/><U49/><E38/><V94/><F47/><W123/><G45/><T43/><D43/><U104/><E104/><V64/><F64/><W19/><G123/><T10/><D10/><U0/><E69/><V92/><F92/><W95/><G95/><T98/><D98/><U124/><E85/><V13/><F94/><W133/><G80/><T128/><D128/><N who="3" m="49257" /><G58/><T6/><AGARI ba="0,1" hai="2,6,11,24,29,33,42,44,48,76,79,83,87,89" machi="6" ten="30,3000,0" yaku="1,1,0,1,53,0" doraHai="51" doraHaiUra="88" who="0" fromWho="0" sc="240,40,250,-10,250,-10,250,-10" /><INIT seed="0,1,0,0,2,19" ten="280,240,240,240" oya="0" hai0="0,51,17,40,95,24,132,28,30,26,78,106,63" hai1="103,100,41,133,129,39,2,49,84,54,16,73,125" hai2="117,45,44,80,52,93,65,126,11,130,4,109,122" hai3="37,3,62,13,61,27,66,47,31,74,107,71,42"/><T72/><D106/><U102/><E73/><V34/><F122/><W67/><G3/><T90/><D0/><U38/><E2/><V22/><F34/><W81/><G107/><T104/><D104/><U87/><E129/><V64/><F117/><W105/><G105/><T20/><D132/><U135/><E125/><V29/><F109/><W23/><G13/><T127/><D127/><U128/><E128/><V35/><F35/><W96/><G96/><T113/><D113/><U124/><E124/><V25/><F130/><W69/><G81/><T60/><D72/><AGARI ba="1,0" hai="23,27,31,37,42,47,61,62,66,67,69,71,72,74" machi="72" ten="40,2600,0" yaku="9,1,52,1" doraHai="19" who="3" fromWho="0" sc="280,-29,240,0,240,0,240,29" /><INIT seed="1,0,0,3,0,20" ten="251,240,240,269" oya="1" hai0="47,111,33,128,30,91,110,124,32,9,106,4,131" hai1="35,25,102,119,69,12,18,113,62,41,67,116,97" hai2="78,5,22,95,68,26,100,96,63,44,107,98,86" hai3="3,6,0,73,75,123,77,60,14,81,28,127,80"/><U82/><E113/><V109/><F109/><N who="0" m="41482" /><D106/><U13/><E41/><V132/><F132/><W24/><G127/><T114/><D91/><U42/><E42/><V92/><F5/><W52/><G123/><T79/><D79/><U135/><E135/><V99/><F44/><W120/><G120/><T49/><D114/><U76/><E12/><V122/><F122/><W7/><G80/><T83/><D83/><U48/><E48/><V43/><F43/><W53/><G75/><T17/><D124/><U74/><E13/><V71/><F63/><W23/><G14/><N who="0" m="5415" /><D17/><U85/><E85/><V105/><F71/><W104/><G104/><N who="2" m="40009" /><F26/><W121/><G121/><T108/><D108/><U21/><REACH who="1" step="1"/><E35/><REACH who="1" ten="251,230,240,269" step="2"/><V1/><F1/><W64/><G0/><T84/><D84/><U101/><E101/><V46/><F100/><W10/><REACH who="3" step="1"/><G7/><REACH who="3" ten="251,230,240,259" step="2"/><T134/><D134/><U66/><E66/><V37/><F86/><W72/><G72/><T15/><D15/><U51/><E51/><V34/><F99/><W27/><G27/><N who="0" m="18527" /><D33/><U65/><E65/><V118/><F98/><W130/><G130/><T45/><D49/><U70/><E70/><AGARI ba="0,2" hai="3,6,10,23,24,28,52,53,60,64,70,73,77,81" machi="70" ten="30,7700,0" yaku="1,1,7,1,52,1,54,1,53,0" doraHai="20" doraHaiUra="126" who="3" fromWho="1" sc="251,0,230,-77,240,0,259,97" /><INIT seed="2,0,0,3,5,67" ten="251,153,240,356" oya="2" hai0="48,114,28,25,123,106,107,36,31,77,115,88,1" hai1="130,86,5,53,121,0,49,62,29,105,60,22,65" hai2="32,52,47,95,64,127,126,98,78,97,18,73,19" hai3="30,33,110,74,89,57,124,51,122,71,76,113,90"/><V38/><F32/><W129/><G57/><T66/><D36/><U132/><E105/><V7/><F7/><W4/><G4/><T133/><D1/><U9/><E130/><V100/><F64/><W87/><G51/><T50/><D123/><U20/><E132/><V101/><F78/><W40/><G30/><T108/><D77/><U70/><E121/><V23/><F73/><W128/><G40/><T63/><D133/><U55/><E29/><V68/><F68/><W118/><G87/><T42/><D108/><U8/><E8/><V72/><F72/><W61/><G61/><T43/><D66/><U14/><E0/><V39/><F47/><W83/><G83/><T135/><D63/><U120/><E120/><V92/><REACH who="2" step="1"/><F23/><REACH who="2" ten="251,153,230,356" step="2"/><W119/><G33/><T26/><D135/><U104/><E22/><V79/><F79/><W2/><G71/><T109/><D109/><U56/><E20/><V27/><F27/><W6/><G110/><T81/><D26/><U41/><E70/><V84/><F84/><W99/><G74/><T117/><D25/><U75/><E75/><V34/><F34/><W10/><G76/><T131/><D131/><U35/><E35/><V103/><F103/><W16/><G129/><T24/><D24/><U37/><E86/><V82/><F82/><W21/><G128/><T15/><D81/><U12/><E65/><V94/><F94/><W134/><G134/><T11/><D107/><U17/><E104/><V69/><F69/><W116/><G122/><T58/><D106/><U111/><E111/><V85/><F85/><W44/><G6/><RYUUKYOKU ba="0,1" sc="251,-10,153,-10,230,30,356,-10" hai2="18,19,38,39,52,92,95,97,98,100,101,126,127" /><INIT seed="2,1,1,0,5,92" ten="241,143,260,346" oya="2" hai0="50,93,102,131,106,59,99,3,2,18,73,81,80" hai1="124,0,91,48,123,32,60,55,67,42,28,85,62" hai2="8,15,103,63,69,115,126,52,38,79,87,26,54" hai3="66,30,49,135,16,118,95,13,61,89,39,9,58"/><V109/><F38/><W11/><G39/><T34/><D34/><U132/><E0/><V130/><F115/><W33/><G118/><T100/><D131/><U82/><E132/><V24/><F130/><W84/><G135/><T78/><D3/><U88/><E124/><V127/><F103/><W57/><G33/><T76/><D2/><U44/><E123/><V4/><F69/><W125/><G125/><N who="2" m="47625" /><F109/><W53/><G30/><T71/><D71/><U112/><E112/><V114/><F114/><W64/><G64/><T6/><D6/><U107/><E107/><V119/><F119/><W21/><AGARI ba="1,1" hai="9,11,13,16,21,49,53,57,58,61,66,84,89,95" machi="21" ten="20,12000,2" yaku="0,1,7,1,25,2,8,1,54,1" doraHai="92" who="3" fromWho="3" sc="241,-31,143,-31,260,-61,346,133" /><INIT seed="3,0,0,3,3,17" ten="210,112,199,479" oya="3" hai0="103,52,122,118,48,51,26,128,31,108,41,70,90" hai1="63,89,66,2,45,54,8,102,23,112,24,124,29" hai2="12,64,76,1,33,130,34,49,21,60,67,25,50" hai3="91,71,27,111,37,129,3,104,98,87,42,47,127"/><W7/><G71/><T105/><D118/><U19/><E112/><V84/><F1/><W94/><G129/><T110/><D122/><U74/><E74/><V125/><F130/><W109/><G127/><T5/><D70/><U59/><E124/><V101/><F125/><W16/><G7/><T79/><D79/><U100/><E89/><V65/><F101/><W133/><G3/><T44/><D128/><U88/><E2/><V93/><F60/><W120/><G120/><T56/><D5/><U75/><E75/><V9/><F33/><W62/><G62/><T106/><D90/><U119/><E119/><V38/><F38/><W81/><G104/><T22/><REACH who="0" step="1"/><D103/><REACH who="0" ten="200,112,199,479" step="2"/><U134/><E88/><N who="2" m="53383" /><F76/><W28/><G133/><T10/><D10/><U68/><E134/><V126/><F126/><W97/><G111/><AGARI ba="0,1" hai="22,26,31,41,44,48,51,52,56,105,106,108,110,111" machi="111" ten="40,8000,1" yaku="1,1,14,1,52,1,54,1,53,0" doraHai="17" doraHaiUra="135" who="0" fromWho="3" sc="200,90,112,0,199,0,479,-80" /><INIT seed="4,0,0,1,0,5" ten="290,112,199,399" oya="0" hai0="47,36,81,95,123,85,13,135,99,63,12,105,77" hai1="54,9,122,111,124,24,61,132,10,98,110,84,66" hai2="102,6,53,72,64,128,22,34,62,30,91,57,118" hai3="97,0,101,113,18,130,120,42,2,14,8,108,60"/><T1/><D1/><U96/><E122/><V27/><F128/><W15/><G108/><T73/><D123/><U100/><E132/><V125/><F118/><W89/><G120/><T129/><D129/><U32/><E124/><V45/><F72/><W90/><G130/><T71/><D135/><U92/><E54/><V48/><F125/><W115/><G42/><T133/><D133/><U106/><E84/><V11/><F102/><W55/><G15/><T109/><D109/><U121/><E121/><V68/><F91/><N who="3" m="34827" /><G55/><T88/><D36/><U69/><E92/><V17/><F68/><W7/><G7/><T38/><D38/><U21/><E96/><V80/><F80/><W58/><G58/><T83/><D47/><U50/><E50/><V49/><F49/><W51/><G51/><T44/><D44/><U43/><E43/><V40/><F40/><W59/><G59/><T39/><D39/><U131/><E131/><V104/><F104/><N who="3" m="63535" /><G60/><T35/><D35/><U52/><E52/><V117/><F117/><W3/><G3/><T29/><D29/><N who="1" m="19495" /><E21/><V114/><F114/><W65/><G65/><N who="0" m="41407" /><D81/><U26/><E26/><V86/><F86/><W116/><G116/><T76/><D76/><U74/><E74/><V112/><F112/><N who="3" m="43083" /><G0/><T25/><D25/><U103/><E103/><AGARI ba="0,0" hai="12,13,73,77,83,85,88,95,99,103,105" m="41407" machi="103" ten="30,2900,0" yaku="24,1,54,1" doraHai="5" who="0" fromWho="1" sc="290,29,112,-29,199,0,399,0" /><INIT seed="4,1,0,5,1,66" ten="319,83,199,399" oya="0" hai0="55,35,44,63,117,65,56,78,7,46,5,68,43" hai1="70,60,74,73,125,0,25,83,109,97,45,17,88" hai2="90,3,100,115,81,110,10,40,132,127,58,91,9" hai3="84,95,52,34,101,13,113,79,119,1,118,26,28"/><T20/><D35/><U49/><E109/><V27/><F110/><W37/><G1/><T120/><D117/><U114/><E0/><V21/><F40/><W67/><G37/><N who="0" m="21615" /><D78/><U128/><E128/><V61/><F115/><W38/><G38/><T11/><D20/><U64/><E114/><V105/><F132/><W77/><G113/><T82/><D82/><U19/><E125/><V104/><F100/><W99/><G77/><T123/><D7/><U94/><E83/><V98/><F98/><W14/><G79/><T22/><D22/><U23/><REACH who="1" step="1"/><E19/><REACH who="1" ten="319,73,199,399" step="2"/><V116/><F81/><W80/><G80/><T87/><D123/><U108/><E108/><V72/><F127/><W69/><G119/><T126/><D120/><U42/><AGARI ba="1,1" hai="17,23,25,42,45,49,60,64,70,73,74,88,94,97" machi="42" ten="20,12000,2" yaku="1,1,0,1,7,1,52,1,54,1,53,1" doraHai="66" doraHaiUra="41" who="1" fromWho="1" sc="319,-61,73,133,199,-31,399,-31" /><INIT seed="5,0,0,5,4,125" ten="258,206,168,368" oya="1" hai0="82,130,119,25,65,43,0,55,60,8,118,13,27" hai1="96,71,29,81,24,85,70,115,28,14,133,74,11" hai2="103,107,91,106,52,87,78,69,104,98,18,22,73" hai3="127,64,83,135,21,120,94,102,97,72,10,67,12"/><U23/><E74/><V100/><F69/><W66/><G127/><T58/><D0/><U9/><E115/><V122/><F122/><W20/><G120/><T68/><D43/><U77/><E133/><V6/><F6/><W62/><G135/><T121/><D121/><U37/><E37/><V46/><F22/><W95/><G95/><T35/><D82/><U124/><E124/><V99/><F18/><W42/><G42/><T7/><D35/><U89/><E11/><V47/><F47/><W1/><G1/><T105/><D105/><U44/><E29/><V38/><F38/><W101/><G101/><N who="2" m="38985" /><F46/><W51/><G51/><T4/><D4/><U49/><E96/><N who="2" m="36907" /><F52/><W39/><G39/><T84/><D27/><U32/><E32/><V16/><F16/><N who="3" m="8215" /><G83/><T31/><D68/><U50/><E50/><V15/><F15/><W54/><G72/><T126/><D13/><U61/><E61/><V79/><F73/><W36/><G36/><T134/><D60/><U113/><E71/><V116/><F116/><W41/><G41/><T132/><D126/><U34/><E70/><V92/><AGARI ba="0,0" hai="78,79,87,91,92,104,106,107" m="36907,38985" machi="92" ten="40,8000,1" yaku="35,5" doraHai="125" who="2" fromWho="2" sc="258,-20,206,-40,168,80,368,-20" /><INIT seed="6,0,0,4,1,101" ten="238,166,248,348" oya="2" hai0="102,18,35,13,5,94,69,107,3,72,6,134,68" hai1="76,92,90,43,61,38,59,7,47,97,130,124,127" hai2="41,86,123,120,119,117,74,58,105,55,33,10,100" hai3="15,88,122,1,21,31,50,46,82,121,63,109,118"/><V111/><F33/><W131/><G109/><T44/><D72/><U73/><E130/><V11/><F41/><W98/><G1/><T87/><D35/><U29/><E29/><V57/><F74/><W40/><G131/><T52/><D3/><U20/><E20/><V0/><F86/><W96/><G63/><T42/><D69/><U54/><REACH who="1" step="1"/><E7/><REACH who="1" ten="238,156,248,348" step="2"/><V26/><F119/><W113/><G118/><T8/><D6/><U112/><E112/><V12/><F117/><W36/><G113/><T53/><D5/><U110/><E110/><V22/><F111/><W67/><G122/><T37/><D18/><U60/><E60/><V30/><F22/><W56/><G121/><T103/><D8/><U93/><E93/><V4/><F30/><W84/><G31/><T17/><D17/><U78/><E78/><V132/><F11/><W115/><G115/><T27/><D94/><U135/><E135/><V133/><F123/><W75/><G21/><T85/><D134/><U71/><E71/><V28/><F120/><W81/><G81/><T23/><D23/><U51/><E51/><V19/><F4/><W66/><G50/><T62/><D68/><U48/><E48/><V49/><F133/><W80/><G82/><T116/><D62/><U16/><E16/><V106/><F19/><W104/><G80/><T108/><D108/><U25/><E25/><V95/><F26/><W64/><G36/><T79/><D116/><U34/><E34/><V65/><F132/><W45/><G15/><T129/><D13/><U14/><E14/><V83/><F12/><W128/><G128/><RYUUKYOKU ba="0,1" sc="238,-10,156,30,248,-10,348,-10" hai1="38,43,47,54,59,61,73,76,90,92,97,124,127" /><INIT seed="7,1,1,4,2,12" ten="228,186,238,338" oya="3" hai0="53,78,68,77,83,86,85,97,127,101,11,13,118" hai1="67,63,19,23,52,49,124,95,34,26,25,43,24" hai2="55,5,3,90,93,84,107,31,2,94,70,103,81" hai3="123,54,72,102,120,37,80,40,39,47,75,30,62"/><W36/><G102/><T10/><D118/><U135/><E135/><V111/><F70/><W122/><G30/><T4/><D127/><U96/><E43/><V116/><F31/><W109/><G109/><T74/><D68/><U50/><E124/><V56/><F111/><W58/><REACH who="3" step="1"/><G80/><REACH who="3" ten="228,186,238,328" step="2"/><T82/><D82/><U131/><E131/><V6/><F81/><W133/><G133/><T106/><D78/><U17/><E34/><V105/><F103/><W134/><G134/><T42/><D83/><U29/><E29/><V69/><F116/><W92/><G92/><T41/><D77/><U59/><E19/><V119/><F94/><W44/><G44/><T45/><D45/><N who="1" m="27695" /><E50/><AGARI ba="1,2" hai="36,37,39,40,47,50,54,58,62,72,75,120,122,123" machi="50" ten="50,9600,0" yaku="1,1,53,2" doraHai="12" doraHaiUra="104" who="3" fromWho="1" sc="228,0,186,-99,238,0,328,119" owari="228,-17.0,87,-41.0,238,4.0,447,54.0" /></mjloggm>