<mjloggm ver="2.3"><GO type="169" lobby="0"/><UN n0="%54%4C%49%43%30%33" n1="%E3%81%8B%E3%81%8D" n2="%E5%B0%B1%E6%B4%BB%E7%94%9F%40%E5%B7%9D%E6%9D%91%E8%BB%8D%E5%9B%A3" n3="%E3%81%B3%E3%82%8A%E3%81%B3%E3%82%8A%E2%98%86%E3%83%93%E3%83%AA%E3%83%BC" dan="16,17,19,17" rate="2147.58,2151.84,2364.76,2163.37" sx="M,M,M,M"/><TAIKYOKU oya="0"/><INIT seed="0,0,0,0,5,54" ten="250,250,250,250" oya="0" hai0="40,6,94,92,14,131,81,15,5,3,2,61,25" hai1="112,13,89,86,67,98,19,39,8,126,78,35,56" hai2="38,84,117,9,96,42,110,85,64,20,70,82,26" hai3="28,52,90,11,133,31,101,33,97,111,0,127,114"/><T49/><D49/><U135/><BYE who="0" /><E35/><V37/><F110/><W103/><G114/><T41/><D41/><U115/><E39/><V77/><F117/><W32/><G111/><T69/><D69/><U48/><E135/><V73/><F42/><W12/><G0/><T109/><D109/><U16/><E126/><V128/><F128/><W107/><G127/><T4/><D4/><UN n0="%54%4C%49%43%30%33" /><U99/><E78/><V66/><F96/><W119/><G119/><T83/><D40/><U30/><E30/><V104/><F104/><W105/><G12/><T57/><D61/><N who="1" m="38311" /><E115/><V1/><F84/><W18/><G97/><N who="1" m="36874" /><E48/><V123/><F123/><W44/><G32/><T63/><D63/><U125/><E112/><V122/><F122/><W75/><G33/><T53/><D53/><U116/><E125/><V51/><F51/><W36/><G36/><T130/><D25/><U27/><E116/><V79/><F79/><W65/><G31/><T80/><D80/><N who="1" m="49351" /><E27/><V47/><F73/><W88/><G28/><T71/><D71/><U22/><E22/><V50/><F70/><W62/><G75/><T29/><D29/><U102/><E102/><V120/><F120/><W46/><G107/><T55/><D55/><U132/><E132/><V113/><F113/><W68/><G133/><T87/><D87/><U58/><E58/><AGARI ba="0,0" hai="2,3,5,6,14,15,57,58,81,83,92,94,130,131" machi="58" ten="25,9600,0" yaku="22,2,52,2" doraHai="54" who="0" fromWho="1" sc="250,96,250,-96,250,0,250,0" /><INIT seed="0,1,0,4,3,79" ten="346,154,250,250" oya="0" hai0="87,7,76,3,4,112,33,118,68,36,70,125,48" hai1="63,54,98,96,94,124,24,58,11,123,74,6,22" hai2="119,83,18,75,106,0,104,100,23,121,59,110,107" hai3="50,108,88,38,51,117,28,90,12,25,14,93,69"/><T43/><D118/><U116/><E74/><V42/><F121/><W89/><G38/><T31/><D112/><U15/><E124/><V77/><F0/><W135/><G117/><T122/><D122/><U134/><E134/><V5/><F119/><W127/><G69/><T101/><D125/><U126/><E126/><V133/><F133/><W55/><G127/><T49/><D101/><U26/><E116/><V84/><F5/><W8/><G135/><T114/><D114/><U131/><E131/><V61/><F110/><W29/><G108/><T128/><D128/><U60/><E123/><V44/><F100/><W81/><G93/><T132/><D132/><U46/><E46/><V91/><F23/><N who="3" m="15423" /><G29/><T30/><D87/><U72/><E72/><V103/><F103/><W27/><G27/><T9/><D76/><U71/><E71/><V115/><F115/><W56/><G51/><T67/><D36/><U66/><E66/><V53/><F18/><N who="3" m="8455" /><G14/><T13/><D13/><U80/><E24/><V47/><REACH who="2" step="1"/><F42/><REACH who="2" ten="346,154,240,250" step="2"/><W65/><G65/><T45/><D67/><U62/><E22/><V78/><F78/><W105/><G105/><T37/><D4/><U1/><E1/><V34/><F34/><W32/><G32/><T57/><D33/><U21/><E21/><V102/><F102/><W19/><G19/><T2/><D3/><U39/><E6/><V52/><F52/><W20/><G20/><T129/><D129/><U99/><E54/><V17/><F17/><W95/><G95/><AGARI ba="1,1" hai="44,47,53,59,61,75,77,83,84,91,95,104,106,107" machi="95" ten="40,5200,0" yaku="1,1,52,1,53,1" doraHai="79" doraHaiUra="85" who="2" fromWho="3" sc="346,0,154,0,240,65,250,-55" /><INIT seed="1,0,0,5,4,36" ten="346,154,305,195" oya="1" hai0="32,30,69,95,63,103,29,122,128,126,31,86,42" hai1="88,22,1,47,3,59,118,25,96,67,66,61,41" hai2="93,100,53,33,71,99,49,89,43,127,104,15,85" hai3="6,8,102,28,5,39,132,120,27,40,48,134,2"/><U50/><E118/><V24/><F71/><W76/><G120/><T80/><D32/><U101/><E88/><V35/><F127/><W105/><G48/><T110/><D110/><U91/><E91/><V7/><F24/><W60/><G60/><T12/><D128/><U4/><E4/><V109/><F109/><W23/><G6/><T77/><D126/><U20/><E67/><V131/><F131/><W16/><G76/><T11/><D69/><U79/><E79/><V116/><F116/><W10/><G10/><T68/><D68/><U135/><E135/><N who="3" m="51754" /><G102/><T117/><D63/><U123/><E123/><V84/><F84/><W58/><G58/><T38/><D117/><U78/><E78/><V17/><F7/><W81/><G81/><T18/><D122/><U52/><E66/><V75/><F75/><W111/><G105/><T45/><REACH who="0" step="1"/><D31/><REACH who="0" ten="336,154,305,195" step="2"/><U129/><E129/><V13/><F35/><W83/><G111/><T73/><D73/><U115/><E115/><V112/><F33/><W97/><G28/><T70/><D70/><U125/><E125/><V44/><F112/><W90/><G2/><T133/><D133/><U130/><E130/><V94/><F104/><W37/><G83/><T87/><D87/><U34/><E34/><V74/><F74/><W21/><G97/><AGARI ba="0,1" hai="11,12,18,29,30,38,42,45,77,80,86,95,97,103" machi="97" ten="40,8000,1" yaku="1,1,52,1,53,2" doraHai="36" doraHaiUra="26" who="0" fromWho="3" sc="336,90,154,0,305,0,195,-80" /><INIT seed="2,0,0,0,5,7" ten="426,154,305,115" oya="2" hai0="118,113,84,101,89,105,20,100,128,126,4,97,119" hai1="103,22,25,52,46,5,71,27,54,48,92,125,67" hai2="64,106,77,78,43,80,131,36,81,74,63,83,28" hai3="39,72,117,94,69,60,73,133,107,45,47,0,121"/><V16/><F106/><W38/><G107/><T24/><D113/><U102/><E125/><V30/><F131/><W82/><G117/><T61/><D126/><U109/><E109/><V12/><F43/><W111/><G121/><T6/><D101/><U110/><E110/><V123/><F36/><W85/><G111/><T95/><D128/><U32/><E32/><V62/><F123/><W65/><G0/><T114/><D114/><U14/><E71/><V132/><F132/><W41/><G133/><T57/><D119/><U88/><E67/><V11/><F63/><W108/><G108/><T59/><D57/><U17/><E54/><V86/><REACH who="2" step="1"/><F81/><REACH who="2" ten="426,154,295,115" step="2"/><W104/><G104/><T93/><D105/><U10/><REACH who="1" step="1"/><E27/><REACH who="1" ten="426,144,295,115" step="2"/><V135/><F135/><W127/><G127/><T115/><D118/><U58/><E58/><AGARI ba="0,2" hai="11,12,16,28,30,58,62,64,74,77,78,80,83,86" machi="58" ten="30,11600,0" yaku="1,1,7,1,52,1,54,1,53,0" doraHai="7" doraHaiUra="49" who="2" fromWho="1" sc="426,0,144,-116,295,136,115,0" /><INIT seed="2,1,0,1,0,8" ten="426,28,431,115" oya="2" hai0="58,104,30,3,52,110,13,86,120,61,89,114,85" hai1="74,63,47,6,99,115,92,7,21,95,16,100,97" hai2="90,27,9,103,32,29,107,42,19,116,15,130,4" hai3="133,14,59,101,11,129,73,38,124,70,117,127,36"/><V35/><F116/><W128/><G70/><T53/><D3/><U10/><E115/><V88/><F130/><N who="3" m="50283" /><G117/><T54/><D104/><U65/><E74/><V49/><F35/><W102/><G73/><T76/><D120/><U79/><E79/><V37/><F37/><N who="3" m="14443" /><G59/><T44/><D30/><U123/><E123/><V75/><F75/><W82/><G82/><N who="0" m="47303" /><D110/><U131/><E131/><V12/><F107/><W56/><G56/><T17/><D44/><U55/><E55/><V81/><F103/><N who="3" m="39435" /><G133/><T64/><D114/><U106/><E47/><V2/><F81/><W51/><G51/><T132/><D132/><U68/><E99/><V94/><F2/><W112/><G112/><T43/><D43/><U83/><E83/><V93/><F49/><W67/><G67/><T108/><D108/><U39/><E39/><V119/><F119/><W118/><G118/><T60/><D61/><U121/><E121/><V105/><F105/><W28/><G28/><T22/><D64/><U69/><E69/><V72/><F72/><W62/><G62/><T135/><D135/><U46/><E46/><V57/><F57/><W77/><G77/><T48/><D60/><U109/><E109/><V122/><F122/><W111/><G111/><T134/><D134/><U33/><E33/><V80/><F42/><W25/><G25/><T5/><D5/><AGARI ba="1,0" hai="5,11,14,124,127" m="39435,14443,50283" machi="5" ten="40,2600,0" yaku="19,1,52,1" doraHai="8" who="3" fromWho="0" sc="426,-29,28,0,431,0,115,29" /><INIT seed="3,0,0,0,4,17" ten="397,28,431,144" oya="3" hai0="21,7,110,29,72,132,53,133,135,81,33,65,11" hai1="114,89,82,36,63,20,46,125,71,61,0,80,92" hai2="59,100,119,75,45,109,127,41,76,14,55,16,115" hai3="37,73,93,128,108,27,62,113,91,40,77,131,74"/><W18/><G113/><T4/><D65/><U58/><E114/><V98/><F115/><W66/><G108/><T88/><D110/><U86/><E0/><V116/><F109/><W106/><G106/><T9/><D72/><U22/><E125/><V42/><F127/><W104/><G104/><T54/><D33/><U97/><E71/><V107/><F75/><W122/><G122/><T69/><D69/><U130/><E130/><N who="3" m="49706" /><G77/><T70/><D70/><U134/><E134/><V94/><F76/><W52/><G40/><T123/><D9/><U103/><E63/><V35/><F35/><W87/><G37/><T112/><D112/><U19/><E36/><V12/><F107/><W124/><G66/><T6/><D11/><U48/><E82/><V99/><F99/><W126/><G74/><T15/><D123/><U34/><E19/><V117/><F45/><W64/><G73/><T26/><D15/><U39/><E34/><V49/><REACH who="2" step="1"/><F14/><REACH who="2" ten="397,28,421,144" step="2"/><W83/><G126/><T90/><D90/><U8/><E39/><V67/><F67/><W25/><G64/><T95/><D81/><U79/><E79/><V129/><F129/><W50/><G83/><T111/><D111/><U13/><E61/><V44/><F44/><N who="3" m="27719" /><G62/><T3/><D3/><U5/><REACH who="1" step="1"/><E58/><REACH who="1" ten="397,18,421,144" step="2"/><V121/><F121/><W23/><G124/><T38/><D38/><U30/><E30/><V84/><F84/><AGARI ba="0,2" hai="4,6,7,21,26,29,53,54,84,88,95,132,133,135" machi="84" ten="50,6400,0" yaku="20,1,52,1,54,1" doraHai="17" who="0" fromWho="2" sc="397,84,18,0,421,-64,144,0" /><INIT seed="4,0,0,0,5,46" ten="481,18,357,144" oya="0" hai0="105,111,86,108,109,84,35,33,83,56,10,88,58" hai1="98,112,60,79,82,34,135,7,30,39,8,40,93" hai2="126,45,103,122,121,87,117,16,17,37,44,125,29" hai3="38,62,55,47,18,5,101,67,91,4,134,65,26"/><T104/><D10/><U68/><E135/><V133/><F133/><W41/><G134/><T14/><D14/><U28/><E112/><V78/><F103/><W97/><G91/><T25/><D84/><U49/><E39/><V129/><F29/><W61/><G61/><T69/><D69/><U94/><E34/><N who="0" m="12809" /><D25/><U1/><E68/><V6/><F6/><W23/><G55/><T48/><D48/><U22/><E60/><V107/><F107/><AGARI ba="0,0" hai="56,58,83,86,88,104,105,107,108,109,111" m="12809" machi="107" ten="40,3900,0" yaku="10,1,54,1" doraHai="46" who="0" fromWho="2" sc="481,39,18,0,357,-39,144,0" /><INIT seed="4,1,0,4,1,17" ten="520,18,318,144" oya="0" hai0="115,42,96,60,122,58,43,120,69,117,77,92,57" hai1="78,16,48,134,107,133,98,68,71,25,34,84,41" hai2="62,86,114,91,113,10,8,15,4,131,12,3,100" hai3="0,54,118,49,11,45,76,19,33,35,135,51,83"/><T61/><D77/><U6/><E6/><V109/><F109/><W32/><G118/><T102/><D117/><U101/><E78/><V7/><F131/><W88/><G135/><N who="1" m="51722" /><E84/><V26/><F100/><W82/><G0/><T97/><D69/><U56/><E34/><V124/><F124/><W13/><G83/><T50/><D50/><U112/><E112/><V93/><F3/><W44/><G44/><T46/><D46/><N who="1" m="25679" /><E56/><V23/><F62/><W99/><G51/><T123/><D115/><U22/><AGARI ba="1,0" hai="16,22,25,68,71,98,101,107" m="25679,51722" machi="22" ten="30,4000,0" yaku="20,1,52,1,54,1" doraHai="17" who="1" fromWho="1" sc="520,-21,18,43,318,-11,144,-11" /><INIT seed="5,0,0,1,4,84" ten="499,61,307,133" oya="1" hai0="22,130,70,83,18,26,100,134,80,9,54,127,51" hai1="52,125,44,12,78,1,37,55,77,41,119,86,92" hai2="76,11,66,106,99,63,101,60,29,113,34,75,90" hai3="68,123,87,67,38,46,71,102,109,21,43,114,32"/><U115/><E119/><V48/><F113/><W31/><G114/><T96/><D70/><U133/><E115/><V13/><F48/><W57/><G109/><T69/><D69/><U49/><E1/><V3/><F3/><W79/><G32/><T39/><D39/><U10/><E133/><V61/><F75/><W65/><G102/><T128/><D127/><U19/><E125/><V17/><F76/><N who="1" m="29289" /><E37/><V62/><F90/><AGARI ba="0,0" hai="10,12,19,41,44,49,52,55,86,90,92" m="29289" machi="90" ten="30,5800,0" yaku="8,1,52,1,54,1" doraHai="84" who="1" fromWho="2" sc="499,0,61,58,307,-58,133,0" /><INIT seed="5,1,0,5,2,12" ten="499,119,249,133" oya="1" hai0="0,35,55,125,74,78,76,46,13,3,92,119,54" hai1="28,59,75,36,21,88,40,91,134,1,43,49,45" hai2="5,90,62,99,25,101,65,64,61,42,131,37,129" hai3="14,104,58,27,128,6,24,2,133,23,96,17,123"/><U107/><E107/><V112/><F112/><W111/><G111/><T86/><D35/><U22/><E75/><V67/><F5/><W106/><G123/><T93/><D125/><U32/><E1/><V34/><F90/><W63/><G128/><N who="2" m="49225" /><F42/><W110/><G110/><T50/><D74/><U70/><E134/><V52/><F37/><W71/><G71/><T103/><D119/><U56/><E70/><V39/><F39/><W82/><G133/><T9/><D0/><U126/><E126/><V51/><F25/><W98/><G106/><T135/><D55/><U53/><E40/><V84/><F84/><W57/><G104/><T20/><D3/><U122/><E122/><V60/><F34/><W73/><G2/><T19/><D86/><U79/><E79/><V120/><F120/><W15/><G73/><T130/><D78/><U132/><E132/><V102/><F99/><N who="3" m="37931" /><G82/><T48/><D76/><U8/><E8/><V29/><F29/><W69/><G69/><T118/><D9/><U72/><E72/><V30/><F30/><W68/><G68/><T83/><D135/><U44/><E32/><V16/><F16/><N who="3" m="10655" /><G6/><T87/><D130/><U94/><E91/><V38/><F38/><W7/><G7/><T10/><D83/><U95/><E95/><V26/><F26/><N who="3" m="9771" /><G63/><T114/><D92/><U100/><E28/><V77/><F77/><W115/><G115/><T109/><D114/><U124/><E124/><V11/><F11/><AGARI ba="1,0" hai="11,14,17,57,58" m="9771,10655,37931" machi="11" ten="30,7700,0" yaku="8,1,52,2,54,1" doraHai="12" who="3" fromWho="2" sc="499,0,119,0,249,-80,133,80" /><INIT seed="6,0,0,4,4,44" ten="499,119,169,213" oya="2" hai0="51,15,120,63,28,5,78,40,16,107,125,123,104" hai1="53,116,1,119,114,101,128,61,115,99,18,29,132" hai2="59,26,87,135,38,13,82,129,7,100,36,127,89" hai3="57,9,74,77,60,12,49,25,113,56,6,131,14"/><V90/><F127/><W41/><G131/><T50/><D5/><U111/><E1/><V133/><F129/><W126/><G126/><T70/><D40/><U102/><E128/><V4/><F100/><N who="1" m="38505" /><E29/><V80/><F26/><W97/><G25/><T45/><D45/><U35/><E61/><V94/><F59/><W108/><G97/><T69/><D78/><U10/><E10/><V93/><F87/><W32/><G32/><T30/><D15/><AGARI ba="0,0" hai="4,7,13,15,36,38,80,82,89,90,93,94,133,135" machi="15" ten="25,2400,0" yaku="22,2" doraHai="44" who="2" fromWho="0" sc="499,-24,119,0,169,24,213,0" /><INIT seed="6,1,0,5,3,79" ten="475,119,193,213" oya="2" hai0="118,97,73,24,83,117,70,54,112,87,35,48,102" hai1="110,62,58,26,90,14,135,63,81,52,46,4,50" hai2="20,107,69,67,72,126,22,44,75,17,61,59,3" hai3="15,66,39,132,119,25,38,55,111,5,114,0,91"/><V18/><F107/><W40/><G111/><T2/><D2/><U128/><E110/><V7/><F126/><W109/><G15/><T85/><D70/><U34/><E128/><V133/><F133/><W28/><G55/><T32/><D73/><U31/><E135/><V19/><F69/><W37/><G40/><T43/><D87/><U120/><E120/><V12/><F18/><W6/><G66/><T96/><D43/><U104/><E104/><V100/><F100/><W74/><G74/><T21/><D112/><U71/><E71/><V103/><F103/><W86/><G109/><T98/><D102/><U125/><E125/><V113/><F113/><W56/><G56/><N who="0" m="32839" /><D21/><U8/><REACH who="1" step="1"/><E58/><REACH who="1" ten="475,109,193,213" step="2"/><V68/><F68/><W82/><G132/><T108/><D108/><U47/><E47/><V49/><F44/><W92/><G114/><T88/><D24/><U60/><E60/><V123/><F59/><W77/><G25/><T131/><D131/><U127/><E127/><V45/><F61/><W42/><G119/><AGARI ba="1,1" hai="32,35,83,85,88,96,97,98,117,118,119" m="32839" machi="119" ten="30,3900,0" yaku="12,1,52,1,54,1" doraHai="79" who="0" fromWho="3" sc="475,52,109,0,193,0,213,-42" /><INIT seed="7,0,0,0,2,57" ten="527,109,193,171" oya="3" hai0="65,5,48,79,20,94,38,103,90,67,88,108,39" hai1="61,60,91,100,58,85,107,106,59,120,77,26,27" hai2="51,81,78,66,111,24,0,68,2,102,29,129,132" hai3="10,40,109,32,114,8,89,43,42,76,130,96,93"/><W15/><G32/><T44/><D108/><U74/><E120/><V72/><F111/><W95/><G109/><T3/><D3/><U98/><E107/><V22/><F102/><W23/><G114/><T17/><D39/><U80/><E59/><V21/><F21/><W41/><G130/><T70/><D70/><U30/><E58/><V64/><F132/><W121/><G121/><T82/><D5/><U116/><E116/><V124/><F124/><W31/><G76/><T52/><D103/><U97/><E97/><V62/><F66/><W37/><G43/><T47/><D90/><U12/><E12/><V128/><F51/><W75/><G75/><T113/><D44/><U56/><E56/><V99/><F99/><W125/><G125/><T135/><D38/><U101/><E101/><V126/><F126/><W131/><G131/><AGARI ba="0,0" hai="0,2,22,24,29,62,64,68,72,78,81,128,129,131" machi="131" ten="40,2600,0" yaku="19,1,52,1" doraHai="57" who="2" fromWho="3" sc="527,0,109,0,193,26,171,-26" owari="527,62.0,109,-39.0,219,2.0,145,-25.0" /></mjloggm>