<mjloggm ver="2.3"><GO type="169" lobby="0"/><UN n0="%E3%82%A4%E3%83%8B%E3%82%A8%E3%82%B9%E3%82%BF" n1="%E3%81%AF%E3%81%BF%E3%82%82%E3%82%93" n2="%E9%AD%94%E7%8E%8B%E3%81%93%E3%81%A3%E3%81%BA%E3%81%B1%E3%82%93" n3="%E3%82%A6%E3%83%AB%E3%83%88%E3%83%A9%E7%AB%8B%E7%9B%B4" dan="18,18,16,18" rate="2280.98,2129.31,2106.29,2255.14" sx="M,M,M,M"/><TAIKYOKU oya="0"/><INIT seed="0,0,0,1,3,71" ten="250,250,250,250" oya="0" hai0="79,2,1,74,92,0,88,123,125,68,16,38,113" hai1="18,26,13,56,85,133,93,40,127,100,11,33,122" hai2="3,47,48,82,106,39,24,65,124,36,84,96,34" hai3="76,131,121,78,62,95,50,87,134,51,10,23,116"/><T57/><D68/><U59/><E122/><V110/><F3/><W101/><G116/><T89/><D113/><U102/><E133/><V17/><F124/><W90/><G131/><T83/><D123/><U63/><E127/><V5/><F5/><W37/><G37/><T29/><D29/><U73/><E73/><V6/><F6/><W103/><G10/><T12/><D125/><U31/><E40/><V126/><F126/><W14/><G62/><T81/><D38/><U58/><E63/><V35/><F65/><W43/><G134/><T46/><D46/><U54/><E54/><V86/><F110/><W66/><G66/><T108/><D108/><U114/><E114/><V67/><F67/><W111/><G111/><T109/><D109/><U42/><E42/><V44/><F17/><N who="3" m="10679" /><G121/><T61/><D83/><U45/><E45/><V75/><F75/><W20/><G20/><T117/><D117/><U28/><E28/><V64/><F64/><W115/><G115/><T104/><D104/><U27/><E27/><V22/><F22/><W119/><G119/><T8/><REACH who="0" step="1"/><D92/><REACH who="0" ten="240,250,250,250" step="2"/><U19/><E93/><V60/><F106/><W9/><G95/><T118/><D118/><U21/><E33/><V135/><F82/><W52/><G43/><T132/><D132/><U32/><E32/><V107/><F135/><W105/><G105/><T91/><D91/><U70/><E70/><V49/><F107/><W77/><G90/><T112/><D112/><U94/><E31/><V15/><F35/><W55/><G78/><T72/><D72/><U4/><E94/><V25/><F34/><RYUUKYOKU ba="0,1" sc="240,30,250,-10,250,-10,250,-10" hai0="0,1,2,8,12,16,57,61,74,79,81,88,89" /><INIT seed="0,1,1,0,4,66" ten="270,240,240,240" oya="0" hai0="79,62,83,39,74,3,48,70,75,98,112,105,29" hai1="84,100,131,82,63,31,24,122,115,134,46,41,77" hai2="65,20,50,128,8,49,32,68,10,121,19,14,120" hai3="33,34,67,99,102,53,58,16,4,57,133,30,45"/><T64/><D48/><U36/><E131/><V21/><F32/><W111/><G4/><T85/><D112/><U107/><E134/><V87/><F128/><W132/><G45/><T56/><D56/><U129/><E129/><V97/><F97/><W89/><G89/><T81/><D3/><U135/><E135/><V9/><F87/><W0/><G30/><T40/><D29/><U5/><E5/><V95/><F95/><W2/><G53/><T108/><D108/><U92/><E107/><V80/><F80/><W127/><G67/><T103/><REACH who="0" step="1"/><D83/><REACH who="0" ten="260,240,240,240" step="2"/><U94/><E115/><V76/><F121/><W27/><G58/><T59/><D59/><U88/><E122/><V116/><F120/><W91/><G0/><T6/><D6/><U51/><E51/><V13/><F50/><W22/><G2/><T118/><D118/><U35/><E63/><V11/><F49/><W61/><G111/><T25/><D25/><U1/><E1/><V12/><F116/><W124/><G133/><T90/><D90/><U96/><REACH who="1" step="1"/><E92/><REACH who="1" ten="260,230,240,240" step="2"/><V7/><F7/><W106/><G132/><T37/><D37/><U52/><E52/><V101/><F65/><N who="3" m="39087" /><G91/><AGARI ba="1,3" hai="24,31,35,36,41,46,77,82,84,88,91,94,96,100" machi="91" ten="40,2600,0" yaku="1,1,54,1,53,0" doraHai="66" doraHaiUra="17" who="1" fromWho="3" sc="260,0,230,59,240,0,240,-29" /><INIT seed="1,0,0,3,1,66" ten="260,289,240,211" oya="1" hai0="89,2,42,111,102,48,123,73,33,125,77,49,4" hai1="69,6,36,82,35,99,106,40,101,20,128,110,3" hai2="45,68,98,61,87,37,118,43,119,56,29,116,57" hai3="39,103,74,84,80,12,32,96,90,112,24,63,11"/><U51/><E35/><V86/><F29/><W7/><G39/><T105/><D89/><U95/><E51/><V131/><F98/><W19/><G112/><T70/><D49/><U94/><E20/><V135/><F135/><W41/><G41/><T127/><D48/><U52/><E52/><N who="2" m="33927" /><F87/><W54/><G74/><T22/><D22/><U108/><E128/><V107/><F86/><W65/><G54/><T38/><D33/><U1/><E82/><V83/><F83/><W46/><G46/><N who="0" m="23895" /><D111/><N who="1" m="42539" /><E6/><V124/><F107/><W0/><G32/><T85/><D105/><U72/><E72/><V91/><F131/><W126/><G126/><T47/><D73/><U113/><E113/><V28/><F124/><W114/><G114/><T115/><D115/><U58/><E58/><V122/><F57/><W67/><G24/><T15/><D47/><N who="1" m="23943" /><E69/><V97/><F68/><W121/><G63/><T120/><D70/><U75/><E75/><V81/><F119/><W23/><REACH who="3" step="1"/><G121/><REACH who="3" ten="260,289,240,201" step="2"/><T100/><D125/><U18/><E18/><V78/><F122/><W64/><G64/><T133/><D127/><U59/><E59/><V34/><F118/><W53/><G53/><T25/><D123/><U50/><E50/><V13/><F116/><W92/><AGARI ba="0,1" hai="0,7,11,12,19,23,65,67,80,84,90,92,96,103" machi="92" ten="20,5200,0" yaku="1,1,0,1,7,1,53,1" doraHai="66" doraHaiUra="8" who="3" fromWho="3" sc="260,-13,289,-26,240,-13,201,62" /><INIT seed="2,0,0,5,1,21" ten="247,263,227,263" oya="2" hai0="39,70,127,89,72,3,41,115,5,49,124,58,32" hai1="80,7,113,102,93,69,56,131,118,61,36,13,67" hai2="112,64,17,109,129,53,31,99,83,10,63,15,95" hai3="111,87,114,24,78,60,22,86,107,1,110,100,33"/><V51/><F112/><W57/><G33/><T0/><D89/><U132/><E118/><V123/><F123/><W37/><G37/><T104/><D58/><U133/><E36/><V91/><F129/><W106/><G1/><T11/><D49/><U84/><E131/><V101/><F109/><N who="3" m="41483" /><G100/><T20/><D41/><U103/><E69/><V59/><F31/><N who="3" m="17815" /><G114/><T19/><D39/><U68/><E68/><V54/><F51/><W26/><G26/><T23/><D70/><U130/><E130/><V98/><REACH who="2" step="1"/><F83/><REACH who="2" ten="247,263,217,263" step="2"/><N who="3" m="47479" /><G87/><T116/><D115/><U44/><E113/><V126/><F126/><W117/><G117/><T120/><D116/><U55/><E80/><V96/><F96/><W50/><G50/><T125/><D120/><U121/><E84/><V134/><F134/><W90/><G90/><T14/><D124/><U122/><E121/><V4/><F4/><W88/><G88/><T135/><D135/><U16/><E7/><V28/><F28/><W46/><G46/><T94/><D125/><U71/><E44/><V40/><F40/><W66/><AGARI ba="0,1" hai="57,60,66,106,107" m="47479,17815,41483" machi="66" ten="30,2000,0" yaku="14,1,52,1" doraHai="21" who="3" fromWho="3" sc="247,-5,263,-5,217,-10,263,30" /><INIT seed="3,0,0,4,0,90" ten="242,258,207,293" oya="3" hai0="37,3,5,34,1,48,53,32,46,135,92,112,83" hai1="64,102,35,26,69,14,134,44,9,68,38,23,55" hai2="89,87,121,30,105,60,95,31,59,88,36,93,125" hai3="79,8,51,106,67,75,50,62,52,128,109,43,4"/><W17/><G106/><T84/><D135/><U63/><E35/><V27/><F105/><W19/><G128/><T120/><D120/><U57/><E134/><V98/><F36/><W76/><G109/><T117/><D117/><U7/><E102/><V13/><F121/><W116/><G116/><T20/><D112/><U54/><E54/><N who="2" m="33911" /><F125/><W94/><G43/><T28/><D37/><U71/><E38/><V47/><F47/><W16/><G75/><T118/><D118/><U70/><E44/><V45/><F45/><N who="3" m="27727" /><G51/><T123/><D123/><U108/><E108/><V41/><F41/><W2/><G2/><T40/><D40/><U82/><E82/><V25/><F13/><N who="3" m="5255" /><G94/><T18/><D3/><U81/><E81/><V131/><F131/><W110/><G110/><T130/><D130/><U122/><E122/><V91/><F89/><W99/><G99/><T73/><D73/><U96/><E96/><V21/><F27/><W104/><G104/><T65/><D32/><U97/><E97/><V126/><F126/><W107/><G107/><T29/><D34/><U78/><E70/><V133/><F133/><W86/><G86/><T100/><D1/><U11/><E71/><V101/><F91/><W124/><G124/><T10/><D84/><U74/><E69/><V0/><F0/><W111/><G111/><T15/><D83/><U129/><E129/><V61/><F61/><W39/><G39/><T24/><D65/><U132/><E132/><V119/><F119/><W58/><AGARI ba="0,0" hai="16,17,19,58,62,67,76,79" m="5255,27727" machi="58" ten="30,6000,0" yaku="8,1,54,2" doraHai="90" who="3" fromWho="3" sc="242,-20,258,-20,207,-20,293,60" /><INIT seed="3,1,0,0,2,42" ten="222,238,187,353" oya="3" hai0="19,123,104,130,27,60,106,30,117,94,33,107,16" hai1="55,105,96,122,73,36,131,79,108,71,99,44,89" hai2="26,11,101,3,92,72,80,132,109,6,113,21,112" hai3="116,76,81,133,97,78,84,134,29,88,46,57,48"/><W75/><G116/><T124/><D117/><U56/><E71/><V61/><F132/><N who="3" m="50795" /><G29/><T111/><D123/><U70/><E70/><V39/><F39/><W50/><G97/><T31/><D111/><U14/><E108/><V118/><F109/><W8/><G8/><T10/><D130/><U110/><E110/><V74/><F118/><W129/><G129/><T20/><D124/><U103/><E131/><V86/><F61/><W25/><G25/><T69/><D31/><U68/><E68/><V34/><F34/><W93/><G76/><T38/><D38/><U28/><E28/><V49/><F113/><W90/><G90/><T126/><D126/><U102/><E89/><V1/><F1/><W119/><G119/><T45/><D94/><U5/><E79/><V13/><F3/><W2/><G2/><T67/><D10/><U128/><E122/><V63/><F63/><W0/><G0/><T127/><D127/><U43/><E128/><V95/><F112/><W66/><G46/><T35/><REACH who="0" step="1"/><D45/><REACH who="0" ten="212,238,187,353" step="2"/><U58/><E44/><V115/><F11/><W4/><G4/><T53/><D53/><U120/><E55/><V82/><F6/><W51/><G66/><T18/><AGARI ba="1,1" hai="16,18,19,20,27,30,33,35,60,67,69,104,106,107" machi="18" ten="40,5200,0" yaku="1,1,0,1,54,1,53,0" doraHai="42" doraHaiUra="37" who="0" fromWho="0" sc="212,65,238,-14,187,-14,353,-27" /><INIT seed="4,0,0,3,5,54" ten="277,224,173,326" oya="0" hai0="98,33,79,125,103,107,51,64,117,81,112,76,74" hai1="15,118,22,116,5,75,80,63,87,20,43,130,105" hai2="99,28,83,114,131,111,115,10,40,39,21,126,104" hai3="89,52,49,60,31,44,56,50,77,123,25,3,19"/><T96/><D33/><U11/><E130/><V90/><F111/><W42/><G3/><T121/><D64/><U14/><E105/><V69/><F69/><W65/><G77/><T97/><D51/><U36/><E75/><V37/><F10/><W133/><G133/><T120/><D117/><U119/><E15/><V135/><F135/><W45/><G89/><T91/><D112/><N who="2" m="43050" /><F131/><W86/><G86/><T1/><D1/><U2/><E2/><V71/><F71/><W46/><G19/><T16/><D16/><U61/><E36/><V35/><F35/><W23/><G123/><T26/><D26/><U57/><E43/><V132/><F132/><W24/><G24/><T82/><D125/><U109/><E63/><V88/><F126/><W32/><G32/><T38/><D38/><U106/><E106/><V66/><F66/><W128/><G128/><T95/><D96/><U27/><E109/><V62/><F62/><W17/><G31/><T55/><D55/><U124/><E27/><N who="2" m="16495" /><F40/><W8/><G8/><T53/><D53/><U68/><E68/><AGARI ba="0,0" hai="17,23,25,42,44,45,46,49,50,52,56,60,65,68" machi="68" ten="30,3900,0" yaku="7,1,52,1,54,1" doraHai="54" who="3" fromWho="1" sc="277,0,224,-39,173,0,326,39" /><INIT seed="5,0,0,4,2,16" ten="277,185,173,365" oya="1" hai0="79,102,71,13,35,77,46,114,57,99,55,111,6" hai1="91,48,118,86,122,56,103,128,11,25,82,15,33" hai2="88,110,31,18,23,125,26,8,93,96,32,65,51" hai3="98,43,54,106,10,19,113,119,131,107,83,44,45"/><U123/><E118/><V74/><F110/><W68/><G68/><T50/><D71/><U21/><E33/><V121/><F121/><W0/><G54/><T81/><D35/><U116/><E128/><V127/><F74/><W129/><G45/><T90/><D114/><U109/><E116/><V89/><F65/><W67/><G67/><T100/><D111/><U47/><E103/><V49/><F8/><W22/><G83/><T120/><D120/><U34/><E34/><V135/><F135/><W20/><G98/><T78/><D57/><U124/><E124/><N who="2" m="47691" /><F89/><W30/><G113/><T3/><D3/><U75/><E75/><V85/><F96/><W12/><G119/><T108/><D108/><U40/><E56/><V132/><F132/><W17/><G30/><T97/><D97/><U37/><E37/><V72/><F72/><W133/><G0/><T105/><D105/><U84/><E84/><V94/><F93/><W5/><G5/><T7/><D7/><U92/><E92/><V64/><F64/><W4/><G4/><T58/><D58/><U36/><E36/><V70/><F70/><W1/><G1/><T59/><D59/><U42/><E109/><V2/><F2/><W101/><G133/><T62/><D62/><U52/><E122/><V73/><F73/><W95/><G107/><T41/><D41/><U117/><E123/><V130/><F130/><W27/><G106/><T80/><D100/><U66/><E117/><V104/><F104/><W24/><G129/><T126/><D126/><U112/><E112/><V28/><F32/><W14/><G131/><RYUUKYOKU ba="0,0" sc="277,-10,185,-10,173,30,365,-10" hai2="18,23,26,28,31,49,51,85,88,94" /><INIT seed="6,1,0,0,3,84" ten="267,175,203,355" oya="2" hai0="49,15,82,73,90,72,116,57,111,96,104,71,18" hai1="46,1,100,132,74,94,128,43,48,61,5,121,32" hai2="79,119,95,14,130,28,106,37,113,80,89,122,98" hai3="124,42,75,38,92,21,13,59,40,39,6,118,2"/><V114/><F37/><W26/><G75/><T69/><D111/><U35/><E74/><N who="2" m="43127" /><F28/><W112/><G92/><T68/><D116/><U54/><E121/><V12/><F119/><W55/><G13/><T52/><D104/><U97/><E132/><V93/><F122/><W10/><G42/><T70/><D70/><U9/><E128/><V33/><F33/><W83/><G83/><T4/><D4/><U66/><REACH who="1" step="1"/><E43/><REACH who="1" ten="267,165,203,355" step="2"/><V27/><F130/><W47/><G40/><T86/><D72/><U63/><E63/><V117/><F117/><W125/><G118/><T25/><D73/><U11/><E11/><V126/><F126/><W85/><G10/><T45/><D71/><AGARI ba="1,1" hai="1,5,9,32,35,46,48,54,61,66,71,94,97,100" machi="71" ten="30,2000,0" yaku="1,1,7,1,53,0" doraHai="84" doraHaiUra="8" who="1" fromWho="0" sc="267,-23,165,33,203,0,355,0" /><INIT seed="7,0,0,3,2,62" ten="244,198,203,355" oya="3" hai0="36,82,28,125,87,27,79,42,106,123,102,7,59" hai1="53,49,43,91,3,31,56,86,54,38,11,60,90" hai2="52,129,83,10,121,30,71,128,41,111,110,94,16" hai3="107,57,126,26,29,37,96,69,120,113,89,12,63"/><W48/><G48/><T81/><D7/><U23/><E38/><V109/><F41/><W127/><G12/><T108/><D59/><N who="1" m="33231" /><E3/><V103/><F121/><W98/><G98/><T104/><D27/><N who="1" m="16895" /><E43/><V70/><F83/><W22/><G37/><T118/><D28/><U95/><E11/><V85/><F30/><W14/><G107/><T74/><D42/><U35/><E35/><V116/><F116/><W100/><G69/><N who="2" m="26121" /><F52/><W119/><G29/><T24/><D36/><U101/><E91/><N who="2" m="53615" /><F103/><AGARI ba="0,0" hai="53,56,60,86,90,95,101,103" m="16895,33231" machi="103" ten="30,1000,0" yaku="8,1" doraHai="62" who="1" fromWho="2" sc="244,0,198,10,203,-10,355,0" owari="244,4.0,208,-19.0,193,-31.0,355,46.0" /></mjloggm>