<mjloggm ver="2.3"><GO type="169" lobby="0"/><UN n0="%E3%83%81%E3%83%A5%E3%83%83%E3%83%91%E3%83%81%E3%83%A3%E3%83%97%E3%82%B9" n1="%34%31%36%30" n2="%E3%81%82%E3%82%89%E3%81%8C%E3%81%8D%E3%81%82%E3%82%84%E3%81%9B" n3="%E3%82%A6%E3%83%AB%E3%83%88%E3%83%A9%E7%AB%8B%E7%9B%B4" dan="16,17,16,18" rate="2150.90,2189.31,2111.27,2214.38" sx="F,F,F,M"/><TAIKYOKU oya="0"/><INIT seed="0,0,0,2,3,16" ten="250,250,250,250" oya="0" hai0="125,96,69,51,4,35,132,119,126,68,116,129,113" hai1="33,52,103,100,28,29,21,56,134,19,13,48,110" hai2="10,64,101,49,36,112,61,57,99,37,77,87,63" hai3="40,109,54,104,6,115,133,74,72,62,88,59,93"/><T90/><D35/><U89/><E134/><V1/><F112/><W42/><G115/><T123/><D113/><U102/><E110/><V3/><F37/><W73/><G109/><T108/><D108/><U9/><E33/><V44/><F36/><W43/><G104/><T84/><D4/><U8/><E89/><V47/><F47/><W76/><G6/><T130/><D96/><U23/><E9/><V120/><F120/><W71/><G133/><T7/><D7/><U81/><E81/><V50/><F50/><W98/><REACH who="3" step="1"/><G71/><REACH who="3" ten="250,250,250,240" step="2"/><N who="0" m="27211" /><D132/><U121/><E121/><V92/><F3/><W94/><G94/><N who="0" m="54599" /><D123/><U55/><E55/><V122/><F122/><W5/><G5/><T78/><D78/><AGARI ba="0,1" hai="40,42,43,54,59,62,72,73,74,76,78,88,93,98" machi="78" ten="50,3200,0" yaku="1,1,54,1,53,0" doraHai="16" doraHaiUra="34" who="3" fromWho="0" sc="250,-32,250,0,250,0,240,42" /><INIT seed="1,0,0,4,5,93" ten="218,250,250,282" oya="1" hai0="66,108,96,4,78,99,80,98,117,9,110,89,135" hai1="95,84,49,17,28,90,102,52,105,7,88,19,62" hai2="122,45,44,29,129,10,15,57,114,127,25,24,106" hai3="23,82,92,94,100,34,86,51,18,64,30,11,58"/><U3/><E3/><V109/><F122/><W37/><G37/><T6/><D117/><U55/><E7/><N who="0" m="2601" /><D9/><U63/><E102/><V85/><F109/><N who="0" m="42090" /><D135/><U87/><E105/><V61/><F114/><W65/><G34/><T77/><D66/><U74/><E74/><V47/><F129/><W2/><G11/><T120/><D120/><U131/><E28/><V79/><F106/><W0/><G30/><T32/><D32/><U97/><E131/><V54/><F127/><W125/><G125/><T104/><D104/><U132/><E132/><V91/><F79/><N who="0" m="30218" /><D80/><U68/><E68/><V22/><F25/><W115/><G82/><T48/><D48/><U38/><E38/><V133/><F133/><W16/><G51/><T72/><D72/><U107/><E107/><V81/><REACH who="2" step="1"/><F47/><REACH who="2" ten="218,250,240,282" step="2"/><W39/><G115/><T43/><D43/><U101/><E101/><V26/><F26/><W134/><G100/><T116/><D116/><U76/><E76/><V130/><F130/><W50/><G134/><T71/><D71/><U119/><E119/><V35/><F35/><W111/><G111/><T103/><D103/><U121/><E121/><V56/><F56/><W5/><G58/><T8/><D8/><U59/><E63/><V73/><F73/><W20/><G0/><T60/><D60/><U83/><E87/><V14/><F14/><W124/><G86/><T128/><D128/><U70/><E70/><V118/><F118/><W31/><G2/><T40/><D40/><U41/><E41/><V13/><F13/><W113/><G113/><T123/><D123/><U69/><E69/><RYUUKYOKU ba="0,1" sc="218,10,250,10,240,10,282,-30" hai0="89,96,98,99" hai1="17,19,49,52,55,59,62,83,84,88,90,95,97" hai2="10,15,22,24,29,44,45,54,57,61,81,85,91" /><INIT seed="1,1,1,1,2,53" ten="228,260,250,252" oya="1" hai0="1,132,114,24,131,7,12,50,126,41,29,74,26" hai1="27,112,90,117,127,82,107,92,58,72,81,105,110" hai2="130,79,16,135,36,64,30,70,86,9,103,102,115" hai3="48,89,80,3,98,22,109,66,23,71,84,96,129"/><U69/><E69/><V47/><F130/><W62/><G3/><T108/><D114/><U38/><E38/><V17/><F135/><W133/><G109/><T101/><D74/><U91/><E112/><V100/><F115/><W94/><G129/><T120/><D131/><U18/><E117/><V43/><F30/><W10/><G133/><T119/><D119/><U4/><E4/><V65/><F70/><W11/><G98/><T106/><D132/><U124/><E27/><V75/><F75/><W61/><G61/><T44/><D108/><U8/><E8/><V122/><F122/><W59/><G71/><T111/><D111/><U39/><E39/><V87/><F79/><W95/><G95/><T128/><D128/><U5/><E5/><V14/><F17/><W116/><G48/><T83/><D120/><U21/><E21/><N who="3" m="7690" /><G116/><T134/><D134/><U49/><E18/><V28/><F28/><W123/><G123/><T56/><D1/><U121/><E110/><V35/><F35/><W88/><AGARI ba="1,1" hai="10,11,59,62,66,80,84,88,89,94,96" m="7690" machi="88" ten="30,4000,0" yaku="8,1,52,1,54,1" doraHai="53" who="3" fromWho="3" sc="228,-11,260,-21,250,-11,252,53" /><INIT seed="2,0,0,0,0,59" ten="217,239,239,305" oya="2" hai0="79,125,31,108,124,15,21,4,7,46,6,62,45" hai1="33,64,117,128,19,100,47,73,26,120,121,85,69" hai2="77,80,56,96,102,110,43,91,88,111,118,89,71" hai3="37,60,54,99,13,98,81,84,115,39,20,92,14"/><V35/><BYE who="1" /><F71/><UN n1="%34%31%36%30" /><W132/><G132/><T55/><D79/><U53/><E73/><N who="2" m="43055" /><F43/><W86/><G115/><T24/><D108/><N who="2" m="41514" /><F35/><W94/><G81/><T49/><D15/><U107/><E64/><V67/><F67/><W11/><G20/><T106/><D106/><U83/><E69/><V61/><F61/><W135/><G54/><T130/><D130/><U129/><E33/><V22/><F22/><W123/><G135/><T48/><REACH who="0" step="1"/><D62/><REACH who="0" ten="207,239,239,305" step="2"/><U131/><E128/><V9/><F118/><W1/><G60/><T38/><D38/><U78/><E117/><V52/><F9/><W134/><G134/><T93/><D93/><U126/><E131/><V50/><F91/><W112/><G11/><T109/><D109/><U16/><E129/><V8/><F8/><W119/><G119/><T66/><D66/><U113/><E113/><V25/><F25/><W12/><G39/><T23/><D23/><U104/><E26/><V34/><F34/><W116/><G37/><T82/><D82/><U10/><E10/><V101/><F101/><W90/><G112/><T3/><D3/><U127/><E100/><V27/><F27/><W76/><G1/><T74/><D74/><U75/><E75/><V41/><F41/><AGARI ba="0,1" hai="4,6,7,21,24,31,41,45,46,48,49,55,124,125" machi="41" ten="40,8000,1" yaku="1,1,53,3" doraHai="59" doraHaiUra="0" who="0" fromWho="2" sc="207,90,239,0,239,-80,305,0" /><INIT seed="3,0,0,0,5,98" ten="297,239,159,305" oya="3" hai0="71,95,34,27,59,124,108,92,30,62,134,7,123" hai1="126,19,4,43,40,60,3,61,0,97,20,109,58" hai2="125,33,80,35,10,14,11,135,28,46,132,127,75" hai3="102,72,68,57,49,76,83,101,54,118,93,70,104"/><W129/><G118/><T6/><D123/><U69/><E109/><V117/><F75/><W78/><G129/><T17/><D108/><U38/><E126/><N who="2" m="48139" /><F46/><W64/><G104/><T96/><D124/><U48/><E69/><V133/><F80/><W73/><G93/><T112/><D71/><U39/><E48/><V41/><F41/><W2/><G2/><T12/><D134/><U85/><E58/><V8/><F117/><W23/><G23/><T29/><D29/><U116/><E43/><V99/><F99/><W110/><G110/><T52/><D112/><U130/><E40/><V32/><F28/><W79/><G70/><T42/><D42/><U53/><E97/><V51/><F51/><W18/><G18/><AGARI ba="0,0" hai="8,10,11,14,18,32,33,35,132,133,135" m="48139" machi="18" ten="40,8000,1" yaku="20,1,18,1,34,2" doraHai="98" who="2" fromWho="3" sc="297,0,239,0,159,80,305,-80" /><INIT seed="4,0,0,1,0,61" ten="297,239,239,225" oya="0" hai0="31,36,87,39,92,2,128,5,101,71,12,60,52" hai1="108,42,102,38,88,91,54,23,82,97,21,78,16" hai2="44,19,70,66,123,120,132,111,107,110,30,33,22" hai3="62,75,43,48,94,125,86,11,64,96,9,109,50"/><T56/><D2/><U99/><E108/><V24/><F107/><W116/><G75/><T133/><D31/><U89/><E23/><V25/><F44/><W79/><G116/><T100/><D128/><U27/><E42/><V47/><F47/><W135/><G109/><N who="2" m="41481" /><F70/><W134/><G125/><T15/><D133/><N who="3" m="50697" /><G86/><T98/><D100/><U131/><E38/><V65/><F66/><W105/><G79/><T73/><D73/><U49/><E131/><V83/><F65/><W1/><G105/><T115/><D115/><U95/><E97/><V0/><F83/><W17/><G17/><T113/><D113/><U20/><E20/><V53/><F53/><W45/><G1/><T119/><D119/><U103/><E103/><V35/><F132/><W10/><G50/><T76/><D71/><U81/><REACH who="1" step="1"/><E78/><REACH who="1" ten="297,229,239,225" step="2"/><V26/><F120/><W121/><G121/><T77/><D77/><U84/><E84/><V40/><F40/><W18/><G9/><N who="0" m="4143" /><D39/><U69/><E69/><V46/><F123/><W8/><G10/><T114/><D36/><U93/><E93/><V3/><F46/><AGARI ba="0,1" hai="16,21,27,46,49,54,81,82,88,89,91,95,99,102" machi="46" ten="40,8000,1" yaku="1,1,8,1,54,2,53,0" doraHai="61" doraHaiUra="59" who="1" fromWho="2" sc="297,0,229,90,239,-80,225,0" /><INIT seed="5,0,0,5,3,69" ten="297,319,159,225" oya="1" hai0="41,0,3,38,111,35,77,85,66,34,135,10,7" hai1="84,131,37,17,9,125,134,25,43,52,45,87,55" hai2="112,15,126,116,49,48,94,90,65,67,100,21,72" hai3="82,16,12,39,118,23,122,103,4,51,27,109,78"/><U53/><E134/><V5/><F116/><W106/><G109/><T115/><D66/><U101/><E125/><V75/><F126/><W97/><G122/><T50/><D111/><U99/><E131/><V18/><F75/><W130/><G130/><T73/><D135/><U108/><E108/><V105/><F72/><W123/><G123/><T91/><D0/><U28/><E17/><V83/><F112/><W31/><G118/><T86/><D115/><U6/><E6/><V47/><F49/><W133/><G133/><T8/><D8/><U93/><REACH who="1" step="1"/><E9/><REACH who="1" ten="297,309,159,225" step="2"/><V71/><F5/><W59/><G4/><T57/><D7/><U14/><E14/><V79/><F71/><W22/><G16/><T89/><D10/><U32/><AGARI ba="0,1" hai="25,28,32,37,43,45,52,53,55,84,87,93,99,101" machi="32" ten="30,12000,1" yaku="1,1,0,1,52,1,54,1,53,1" doraHai="69" doraHaiUra="29" who="1" fromWho="1" sc="297,-40,309,130,159,-40,225,-40" /><INIT seed="5,1,0,0,0,86" ten="257,439,119,185" oya="1" hai0="128,69,11,51,3,123,7,104,101,45,9,91,63" hai1="44,132,12,88,38,107,59,96,0,75,17,108,76" hai2="134,64,48,52,46,4,1,97,67,19,92,18,68" hai3="109,120,43,27,113,13,58,129,70,119,117,29,40"/><U66/><E0/><V20/><F134/><W39/><G70/><T90/><D128/><U131/><E131/><V84/><F84/><W57/><G129/><T114/><D114/><U125/><E76/><V100/><F68/><W30/><G109/><T80/><D123/><U83/><E75/><V28/><F1/><W53/><G120/><T56/><D69/><U24/><E24/><V61/><F4/><W126/><G126/><T6/><D80/><U21/><E125/><V87/><F87/><W22/><G113/><T127/><D127/><U49/><E83/><V78/><F78/><W54/><G13/><T5/><D101/><U98/><E38/><V99/><F99/><W111/><G111/><T102/><D102/><U89/><E108/><V106/><F106/><W2/><G2/><T105/><D105/><U32/><E32/><V37/><F37/><W65/><G65/><N who="0" m="39143" /><D104/><U79/><E79/><V71/><REACH who="2" step="1"/><F67/><REACH who="2" ten="257,439,109,185" step="2"/><W23/><G39/><T42/><D3/><U8/><E107/><V33/><F33/><W122/><G122/><T14/><D9/><U74/><E8/><V72/><F72/><W77/><G77/><T35/><D35/><U112/><E74/><V41/><F41/><W62/><G43/><T50/><D7/><U10/><E132/><V133/><F133/><W103/><G40/><N who="0" m="24871" /><D5/><U16/><E112/><V135/><F135/><W15/><G119/><T73/><D73/><U60/><E98/><V82/><F82/><W25/><G117/><T47/><AGARI ba="1,1" hai="6,11,14,42,47,51,90,91" m="24871,39143" machi="47" ten="30,4000,0" yaku="8,1,52,2" doraHai="86" who="0" fromWho="0" sc="257,53,439,-21,109,-11,185,-11" /><INIT seed="6,0,0,3,4,122" ten="310,418,98,174" oya="2" hai0="33,52,29,63,111,20,42,110,3,81,39,79,57" hai1="12,92,123,77,71,27,31,83,61,18,16,34,130" hai2="91,49,124,4,60,37,104,55,40,2,94,56,103" hai3="5,99,75,47,28,100,107,22,132,133,53,64,58"/><V65/><F124/><W115/><G75/><T112/><D33/><U8/><E130/><V44/><F4/><W11/><G64/><T113/><D3/><U59/><E71/><V67/><F2/><W68/><G47/><N who="0" m="24031" /><D20/><U134/><E123/><V87/><F65/><W114/><G68/><T120/><D29/><U78/><E134/><N who="3" m="51818" /><G22/><T128/><D120/><U117/><E92/><V93/><F104/><W21/><G21/><T76/><D128/><U14/><E83/><V95/><REACH who="2" step="1"/><F103/><REACH who="2" ten="310,418,88,174" step="2"/><W90/><G28/><T119/><D119/><U62/><E117/><V41/><F41/><W116/><G116/><T9/><D9/><U131/><E8/><V74/><F74/><W19/><G19/><T15/><D15/><U23/><E31/><V1/><F1/><N who="3" m="431" /><G90/><T126/><D126/><U105/><E18/><V48/><F48/><AGARI ba="0,1" hai="48,53,58,99,100,107,114,115" m="431,51818" machi="48" ten="30,1000,0" yaku="20,1" doraHai="122" who="3" fromWho="2" sc="310,0,418,0,88,-10,174,20" /><INIT seed="7,0,0,1,2,90" ten="310,418,78,194" oya="3" hai0="80,55,64,73,75,96,118,78,94,51,48,84,101" hai1="82,85,31,62,104,28,128,72,4,65,87,53,56" hai2="39,63,37,103,79,29,91,92,124,60,34,95,30" hai3="12,54,100,86,71,10,125,123,47,22,61,122,25"/><W20/><G125/><T113/><D118/><U121/><E104/><V93/><F39/><W132/><G132/><T16/><D64/><U49/><E121/><V32/><F37/><W52/><G100/><T111/><D111/><U14/><E72/><V40/><F40/><W109/><G109/><T99/><D113/><U67/><E128/><V102/><F124/><W110/><G110/><T106/><D51/><U44/><E67/><V33/><F79/><W97/><G97/><T117/><D117/><U57/><E57/><V21/><F91/><W42/><G86/><N who="1" m="32778" /><E82/><V133/><F133/><W18/><G22/><T68/><D68/><U19/><E4/><V9/><F9/><AGARI ba="0,0" hai="9,14,19,28,31,44,49,53,56,62,65" m="32778" machi="9" ten="30,1000,0" yaku="8,1" doraHai="90" who="1" fromWho="2" sc="310,0,418,10,78,-10,194,0" owari="310,11.0,428,53.0,68,-43.0,194,-21.0" /></mjloggm>