<mjloggm ver="2.3"><GO type="169" lobby="0"/><UN n0="%E6%A1%90%E7%94%9F%E3%81%AE%E3%81%8A%E3%81%98%E3%81%95%E3%82%93" n1="%E3%82%A6%E3%83%AB%E3%83%88%E3%83%A9%E7%AB%8B%E7%9B%B4" n2="%E6%A1%9C%E8%8A%B1%E9%96%83%E3%80%85" n3="%E3%82%AB%E3%82%BF%E3%83%84%E3%83%A0%E3%83%AA" dan="16,18,18,17" rate="2048.51,2274.88,2206.83,2081.15" sx="M,M,M,M"/><TAIKYOKU oya="0"/><INIT seed="0,0,0,5,3,17" ten="250,250,250,250" oya="0" hai0="72,35,59,103,87,83,124,67,25,134,39,40,113" hai1="117,57,6,52,61,130,107,19,78,64,26,114,122" hai2="14,127,69,86,46,18,125,22,63,2,54,65,24" hai3="121,88,0,119,68,109,7,123,101,93,23,131,9"/><T126/><D113/><U85/><E117/><V90/><F2/><W80/><G68/><T94/><D72/><U108/><E122/><N who="3" m="46602" /><G109/><T55/><D67/><U76/><E107/><V1/><F1/><W11/><G131/><T31/><D134/><U13/><E108/><V8/><F54/><W73/><G119/><T27/><D27/><U110/><E110/><V15/><F46/><W104/><G104/><T49/><D39/><U42/><E42/><V45/><F45/><W4/><G101/><T105/><D40/><U21/><E130/><V50/><F50/><W48/><G48/><T129/><D105/><U56/><E85/><V66/><F66/><W12/><G80/><T79/><REACH who="0" step="1"/><D129/><REACH who="0" ten="240,250,250,250" step="2"/><U95/><E114/><V32/><F32/><W53/><G73/><T51/><D51/><N who="1" m="30751" /><E95/><V81/><REACH who="2" step="1"/><F15/><REACH who="2" ten="240,250,240,250" step="2"/><W44/><G12/><T74/><D74/><U92/><E92/><V96/><F96/><AGARI ba="0,2" hai="25,31,35,49,55,59,79,83,87,94,96,103,124,126" machi="96" ten="40,3900,0" yaku="1,1,53,1" doraHai="17" doraHaiUra="28" who="0" fromWho="2" sc="240,59,250,0,240,-39,250,0" /><INIT seed="0,1,0,0,3,121" ten="299,250,201,250" oya="0" hai0="13,90,30,2,35,49,86,10,61,100,75,123,55" hai1="26,101,11,14,108,71,22,27,12,105,36,89,116" hai2="129,31,132,37,94,47,85,117,96,44,59,56,53" hai3="115,67,3,9,7,131,57,6,126,91,40,113,39"/><T114/><D114/><U79/><E116/><V46/><F117/><W54/><G131/><T63/><D75/><U50/><E36/><V64/><F129/><W134/><G126/><T92/><D2/><U74/><E71/><V120/><F120/><W107/><G107/><T125/><D125/><U0/><E101/><V5/><F132/><W58/><G134/><T20/><D35/><U60/><E105/><V42/><F31/><W41/><G67/><T106/><D106/><U103/><E103/><V43/><F5/><W69/><G69/><T82/><D123/><U112/><E79/><V110/><F85/><W78/><G78/><T99/><D20/><U34/><E60/><N who="2" m="37919" /><F37/><W119/><G119/><T38/><D30/><U76/><E76/><V23/><F23/><W28/><G91/><T80/><D80/><U4/><E89/><N who="2" m="55375" /><F110/><W95/><G28/><T109/><D38/><U97/><E108/><V130/><F130/><W127/><G95/><T102/><D102/><U62/><E74/><V25/><F25/><W65/><G127/><T17/><REACH who="0" step="1"/><D109/><REACH who="0" ten="289,250,201,250" step="2"/><U128/><E22/><V33/><F33/><W93/><G39/><T81/><D81/><U8/><E112/><V122/><F122/><W84/><G113/><T88/><D88/><U1/><E34/><V87/><F87/><W18/><G84/><T135/><D135/><U32/><E32/><V45/><N who="2" m="11264" /><DORA hai="70" /><V124/><F124/><W111/><G115/><T52/><D52/><U72/><E72/><V29/><F29/><W133/><G54/><T19/><D19/><U48/><E0/><V73/><F73/><RYUUKYOKU ba="1,1" sc="289,15,250,-15,201,15,250,-15" hai0="10,13,17,49,55,61,63,82,86,90,92,99,100" hai2="42,43,53,56" /><INIT seed="0,2,1,5,5,78" ten="304,235,216,235" oya="0" hai0="70,62,1,46,107,75,133,8,97,79,20,55,33" hai1="105,135,58,32,44,4,90,130,35,111,60,73,94" hai2="93,40,59,98,23,25,84,74,126,48,112,91,125" hai3="11,13,29,115,80,64,88,36,50,17,16,127,96"/><T132/><D33/><U120/><E120/><V2/><F74/><W81/><G36/><T104/><D20/><U28/><E105/><V85/><F2/><W100/><G115/><T12/><D1/><U49/><E111/><V103/><F112/><W123/><G127/><N who="2" m="48649" /><F103/><W121/><G64/><T53/><D97/><U7/><E73/><V131/><F131/><W9/><G29/><T22/><D22/><U5/><E28/><N who="2" m="17471" /><F40/><W31/><G31/><T19/><D55/><AGARI ba="2,1" hai="48,55,59,84,85,91,93,98" m="17471,48649" machi="55" ten="30,1000,0" yaku="18,1" doraHai="78" who="2" fromWho="0" sc="304,-16,235,0,216,26,235,0" /><INIT seed="1,0,0,0,3,127" ten="288,235,242,235" oya="1" hai0="134,20,57,122,32,52,114,69,45,51,119,65,128" hai1="14,41,93,46,38,58,56,126,37,11,76,87,117" hai2="26,111,105,125,118,81,130,116,28,40,22,12,17" hai3="49,30,91,75,66,115,86,6,97,62,80,95,112"/><U16/><E117/><V124/><F105/><W103/><G6/><T92/><D32/><U19/><E126/><N who="2" m="48747" /><F40/><W25/><G49/><T9/><D119/><N who="2" m="45610" /><F81/><W72/><G72/><T90/><D114/><U88/><E38/><V135/><F111/><W44/><G44/><T59/><D122/><U1/><E1/><V121/><F135/><W34/><G75/><T129/><D134/><U8/><E76/><V79/><F79/><W74/><G74/><T101/><D101/><U82/><REACH who="1" step="1"/><E82/><REACH who="1" ten="288,225,242,235" step="2"/><V31/><F121/><W13/><REACH who="3" step="1"/><G13/><AGARI ba="0,1" hai="8,11,13,14,16,19,37,41,46,56,58,87,88,93" machi="13" ten="40,18000,2" yaku="1,1,2,1,9,1,54,2,53,1" doraHai="127" doraHaiUra="70" who="1" fromWho="3" sc="288,0,225,190,242,0,235,-180" /><INIT seed="1,1,0,2,5,84" ten="288,415,242,55" oya="1" hai0="22,43,4,100,97,19,109,52,113,79,28,93,71" hai1="37,125,44,46,83,54,21,70,56,77,33,129,3" hai2="11,74,14,69,127,18,104,29,64,53,49,126,25" hai3="135,73,35,45,50,105,130,122,65,62,68,67,80"/><U131/><E33/><V5/><F74/><W63/><G122/><T51/><D109/><U133/><E3/><V117/><F104/><W94/><G105/><T120/><D113/><U61/><E125/><N who="2" m="47627" /><F117/><W60/><G35/><T41/><D71/><U85/><E133/><V36/><F36/><W92/><G135/><T95/><D4/><U12/><E70/><V87/><F87/><W112/><G130/><N who="1" m="49674" /><E37/><V115/><F115/><W9/><G112/><T128/><D128/><U59/><E59/><N who="2" m="33199" /><F64/><W32/><G32/><T107/><D28/><U89/><E77/><V123/><F69/><W57/><G63/><T124/><D124/><U103/><E103/><V99/><F99/><W76/><REACH who="3" step="1"/><G9/><REACH who="3" ten="288,415,242,45" step="2"/><T106/><D107/><U75/><E75/><V96/><F123/><W110/><G110/><T1/><D106/><U31/><E61/><V40/><F40/><AGARI ba="1,1" hai="40,45,50,57,60,62,65,67,68,73,76,80,92,94" machi="40" ten="30,2000,0" yaku="1,1,7,1,53,0" doraHai="84" doraHaiUra="6" who="3" fromWho="2" sc="288,0,415,0,242,-23,45,33" /><INIT seed="2,0,0,4,0,54" ten="288,415,219,78" oya="2" hai0="116,37,71,103,79,74,93,48,122,102,24,52,134" hai1="72,73,135,10,105,68,99,11,8,118,62,18,63" hai2="53,6,64,91,127,92,34,110,77,128,1,84,81" hai3="120,38,107,14,133,45,30,33,88,124,121,112,95"/><V119/><F119/><W85/><G107/><T9/><D122/><U101/><E118/><V4/><F34/><W36/><G133/><T55/><D37/><U67/><E135/><V7/><F127/><W57/><G124/><T35/><D134/><U59/><REACH who="1" step="1"/><E18/><REACH who="1" ten="288,405,219,78" step="2"/><V2/><F128/><W21/><G121/><T113/><D116/><U13/><E13/><V104/><F110/><W32/><G120/><T20/><D113/><U50/><E50/><V83/><F2/><W5/><G38/><T80/><D48/><U96/><E96/><V97/><F1/><W25/><G112/><T58/><D24/><U51/><E51/><V115/><F115/><W70/><G14/><T19/><D19/><U17/><E17/><V114/><F114/><W82/><G5/><T39/><D39/><U29/><E29/><V94/><F6/><W44/><G36/><T12/><D12/><U60/><E60/><V117/><F117/><W65/><G30/><T131/><D131/><U89/><E89/><V22/><F4/><W47/><G88/><T43/><D103/><U16/><E16/><V26/><F7/><W23/><G25/><T41/><D102/><U31/><E31/><V125/><F125/><W87/><G33/><T129/><D35/><U49/><E49/><V66/><F26/><W130/><G32/><T40/><D129/><U69/><E69/><V27/><F27/><W78/><G70/><T109/><D71/><U0/><E0/><V106/><F97/><W108/><G130/><T15/><D109/><U3/><E3/><V132/><F132/><W100/><G108/><RYUUKYOKU ba="0,1" sc="288,-10,405,30,219,-10,78,-10" hai1="8,10,11,59,62,63,67,68,72,73,99,101,105" /><INIT seed="3,1,1,3,1,4" ten="278,435,209,68" oya="3" hai0="31,96,32,114,97,75,121,72,2,93,70,117,135" hai1="78,39,9,19,125,108,71,35,58,133,64,123,119" hai2="85,45,86,21,124,3,33,66,13,95,115,41,44" hai3="101,91,106,80,128,130,83,18,17,38,94,65,52"/><W8/><G38/><T132/><D70/><U126/><E35/><V76/><F115/><W62/><G106/><T104/><D2/><U107/><E71/><V57/><F3/><W54/><G101/><N who="0" m="62511" /><D32/><U63/><E107/><V127/><F33/><W29/><G29/><T10/><D31/><U46/><E78/><V1/><F1/><W89/><G130/><T61/><D61/><U113/><E113/><V68/><F68/><W25/><G128/><T7/><D114/><U59/><E59/><V88/><F66/><W27/><G65/><T40/><D40/><U50/><E39/><V73/><F57/><N who="3" m="35111" /><G54/><T134/><D117/><U90/><E119/><V53/><F73/><W84/><G80/><T6/><D6/><U120/><E123/><V28/><F53/><W16/><G8/><T60/><D60/><U14/><E120/><V81/><F28/><W79/><G79/><T15/><D121/><U109/><E90/><AGARI ba="1,1" hai="7,10,15,72,75,90,93,96,132,134,135" m="62511" machi="90" ten="30,2000,0" yaku="20,1,52,1" doraHai="4" who="0" fromWho="1" sc="278,33,435,-23,209,0,68,0" /><INIT seed="4,0,0,5,5,38" ten="311,412,209,68" oya="0" hai0="121,99,7,42,81,84,97,131,82,27,74,105,25" hai1="31,103,30,70,92,104,35,11,44,117,16,61,116" hai2="46,134,54,129,18,63,45,114,43,26,32,94,87" hai3="34,83,62,58,23,73,48,20,71,118,24,65,17"/><T107/><D121/><U1/><E92/><V49/><F114/><W53/><G118/><T10/><D74/><U0/><E44/><V41/><F129/><W29/><G73/><T6/><D84/><U47/><E47/><V9/><F134/><W4/><G4/><T96/><D10/><U119/><E31/><V40/><F63/><W115/><G83/><N who="0" m="31755" /><D42/><U2/><E16/><V72/><F72/><W15/><REACH who="3" step="1"/><G115/><REACH who="3" ten="311,412,209,58" step="2"/><T90/><D131/><U64/><E116/><V125/><F125/><W111/><G111/><T57/><D6/><U135/><E119/><V75/><F75/><W77/><G77/><T88/><D7/><U8/><E117/><V101/><F40/><W28/><G28/><T126/><D126/><U85/><E30/><V123/><F41/><W37/><G37/><T56/><D107/><U79/><E104/><V124/><F124/><W128/><G128/><T69/><D105/><U127/><E79/><V52/><F43/><W132/><G132/><T133/><D133/><U68/><E135/><V108/><F108/><W51/><G51/><T3/><D3/><U80/><E127/><V36/><F36/><W93/><G93/><T78/><D78/><U21/><E80/><V86/><F94/><W120/><G120/><T76/><D76/><U60/><E0/><V33/><F123/><W89/><G89/><N who="0" m="34411" /><D69/><N who="1" m="42119" /><E2/><V112/><F112/><W12/><G12/><T5/><D5/><U102/><E1/><V59/><F49/><W39/><G39/><T22/><D27/><U100/><E70/><V91/><F26/><W14/><G14/><T95/><D95/><RYUUKYOKU ba="0,1" sc="311,15,412,-15,209,-15,58,15" hai0="22,25,56,57,96,97,99" hai3="15,17,20,23,24,29,34,48,53,58,62,65,71" /><INIT seed="4,1,1,5,3,107" ten="326,397,194,73" oya="0" hai0="91,65,101,63,2,86,102,98,1,114,78,80,108" hai1="42,27,0,113,29,35,119,24,53,73,14,58,85" hai2="64,70,112,5,104,116,3,134,109,103,76,50,100" hai3="26,41,45,60,47,13,10,125,28,89,68,93,129"/><T7/><D114/><U55/><E0/><V97/><F109/><W72/><G129/><T110/><D7/><U115/><E119/><V69/><F112/><N who="1" m="43081" /><E42/><V71/><F116/><W49/><G125/><T34/><D34/><U61/><E73/><V90/><F134/><W124/><G124/><T33/><D33/><U105/><E105/><V66/><F103/><W92/><G72/><N who="0" m="43079" /><D2/><U48/><E27/><V52/><F76/><W126/><G126/><T9/><D9/><U84/><E14/><V36/><F36/><W57/><G89/><T40/><D40/><U117/><E117/><V122/><F122/><W44/><G68/><T75/><D1/><U37/><E37/><V67/><F90/><W87/><G87/><T31/><D31/><U23/><E35/><V131/><F131/><W81/><G81/><T39/><D39/><U18/><E29/><V19/><F19/><W130/><G130/><T132/><D132/><U88/><E88/><V127/><F127/><W94/><G28/><T99/><D75/><U135/><E135/><V111/><F3/><W120/><G120/><T77/><D77/><U8/><E8/><V96/><F5/><N who="3" m="3279" /><G26/><T106/><D63/><U6/><E6/><V62/><F62/><W4/><G4/><T12/><D12/><U51/><E61/><V16/><F16/><W11/><G11/><T121/><D121/><U95/><E95/><N who="3" m="24322" /><W38/><DORA hai="59" /><G38/><T21/><D108/><U32/><E32/><V43/><F111/><W56/><G60/><T118/><D110/><U74/><E74/><V17/><F17/><W82/><G82/><RYUUKYOKU ba="1,1" sc="326,-15,397,15,194,-15,73,15" hai1="18,23,24,48,51,53,55,58,84,85" hai3="41,44,45,47,49,56,57" /><INIT seed="5,2,1,2,4,128" ten="311,412,179,88" oya="1" hai0="28,33,29,73,15,133,107,119,129,135,52,57,114" hai1="70,69,24,130,48,56,66,64,58,3,4,110,16" hai2="95,10,30,97,124,32,106,71,34,88,62,22,6" hai3="54,49,102,26,59,132,0,89,42,115,45,112,44"/><U13/><E3/><V55/><F124/><W11/><G102/><T20/><D119/><U60/><E130/><V12/><F106/><W36/><G89/><T122/><D129/><U83/><E110/><V105/><F105/><W126/><G26/><T53/><D107/><U85/><E4/><V37/><F37/><N who="3" m="21583" /><G11/><T9/><D73/><U27/><E70/><V77/><F77/><W41/><G0/><T101/><D101/><U120/><E69/><V111/><F111/><W84/><G84/><T39/><D39/><U87/><E87/><V47/><F22/><W93/><G93/><T72/><D72/><U2/><E2/><V86/><F30/><W80/><G80/><T116/><D116/><U31/><E31/><V131/><F131/><W78/><G126/><T8/><D33/><U92/><E92/><V76/><F76/><W1/><G1/><T74/><D74/><U18/><E18/><V7/><F7/><W103/><G103/><T98/><D98/><U96/><E96/><V90/><F90/><W81/><G81/><T134/><D114/><N who="3" m="43561" /><G78/><T46/><D122/><U75/><E75/><V121/><F97/><W5/><G5/><N who="0" m="3471" /><D9/><N who="1" m="6191" /><E85/><V14/><F121/><W109/><G109/><T123/><D123/><U100/><E100/><V104/><F104/><W38/><G38/><T21/><D29/><U65/><E120/><V118/><F118/><W82/><G82/><T127/><D127/><U17/><E83/><V67/><F12/><W79/><G79/><T108/><D108/><U68/><E24/><V91/><F91/><W99/><G99/><T61/><D28/><RYUUKYOKU ba="2,1" sc="311,10,412,-30,179,10,88,10" hai0="20,21,46,52,53,57,61,133,134,135" hai2="6,10,14,32,34,47,55,62,67,71,86,88,95" hai3="36,41,45,49,54,59,132" /><INIT seed="6,3,1,4,1,20" ten="321,382,189,98" oya="2" hai0="93,77,5,109,47,9,34,60,61,71,86,31,101" hai1="69,17,43,110,79,50,55,46,99,73,22,111,107" hai2="90,120,51,8,127,19,131,115,70,41,24,122,114" hai3="78,132,98,42,133,2,75,6,116,128,103,10,113"/><V30/><F70/><W56/><G116/><T121/><D109/><U117/><E69/><V62/><F62/><W92/><G128/><T83/><D71/><U125/><E117/><V102/><F102/><W74/><G113/><N who="2" m="43017" /><F131/><W38/><G56/><T124/><D121/><N who="2" m="46698" /><F90/><W44/><REACH who="3" step="1"/><G74/><REACH who="3" ten="321,382,189,88" step="2"/><T0/><D124/><U85/><E73/><V48/><F127/><W96/><G96/><T135/><D135/><U33/><E99/><V40/><F48/><W84/><G84/><T88/><D47/><U54/><E50/><V130/><F51/><W100/><G100/><T108/><D101/><U57/><E46/><V104/><F130/><W23/><G23/><T21/><D21/><U72/><E22/><N who="2" m="15639" /><F104/><W13/><G13/><AGARI ba="3,2" hai="8,13,19,40,41" m="15639,46698,43017" machi="13" ten="30,2900,0" yaku="15,1,52,1" doraHai="20" who="2" fromWho="3" sc="321,0,382,0,189,58,88,-38" /><INIT seed="6,4,0,5,2,15" ten="321,382,247,50" oya="2" hai0="110,11,23,83,120,57,91,90,94,55,59,66,114" hai1="44,71,53,12,41,40,134,30,82,100,98,9,10" hai2="67,29,8,119,123,31,78,21,93,37,106,50,81" hai3="51,129,42,69,108,75,92,43,65,97,7,26,63"/><V18/><F37/><W47/><G129/><T112/><D110/><U88/><E71/><V32/><F106/><W68/><G108/><T24/><D120/><U45/><E30/><V49/><F123/><W36/><G75/><T33/><D33/><U46/><E53/><V121/><F121/><W101/><G7/><T130/><D130/><U52/><E52/><V35/><F119/><W2/><G2/><T102/><D11/><U70/><E70/><V133/><F67/><W84/><G84/><N who="0" m="50463" /><D102/><U3/><E3/><V62/><F62/><W105/><G43/><T25/><D25/><U128/><E9/><V48/><F133/><W107/><G69/><T115/><D55/><U122/><E100/><V38/><F38/><W126/><G126/><T14/><D14/><U104/><E12/><N who="2" m="7431" /><F32/><W74/><G74/><T131/><D66/><U19/><E10/><V135/><F35/><W56/><G36/><T127/><D131/><U79/><E104/><V61/><F61/><W39/><G39/><T27/><D127/><U87/><E134/><V111/><F111/><W95/><G68/><T86/><D27/><U64/><E64/><V28/><F93/><W103/><REACH who="3" step="1"/><G26/><REACH who="3" ten="321,382,247,40" step="2"/><T109/><D109/><U124/><E128/><V13/><F135/><W16/><G16/><AGARI ba="4,1" hai="16,23,24,57,59,86,91,94,112,114,115" m="50463" machi="16" ten="30,3900,0" yaku="15,1,52,1,54,1" doraHai="15" who="0" fromWho="3" sc="321,61,382,0,247,0,40,-51" owari="382,48.0,382,18.0,247,-15.0,-11,-51.0" /></mjloggm>