<mjloggm ver="2.3"><GO type="169" lobby="0"/><UN n0="%7A%6F%6F%31%39%36%34" n1="%E3%82%A6%E3%83%AB%E3%83%88%E3%83%A9%E7%AB%8B%E7%9B%B4" n2="%E3%81%96%E3%82%8F%E3%82%8F%E3%82%93" n3="%E6%9D%BE%E6%9C%AC%E5%81%A5%E7%94%B7" dan="18,16,16,16" rate="2192.33,2164.71,2079.34,2086.08" sx="M,M,M,M"/><TAIKYOKU oya="0"/><INIT seed="0,0,0,5,3,129" ten="250,250,250,250" oya="0" hai0="49,67,32,112,33,96,35,42,104,121,47,85,46" hai1="61,12,65,40,116,44,59,66,114,2,109,0,103" hai2="88,108,93,84,110,13,75,68,106,25,20,77,91" hai3="72,105,16,133,45,8,83,100,92,9,101,64,118"/><T89/><D121/><U131/><E116/><V90/><F106/><W50/><G118/><T119/><D119/><U74/><E74/><V26/><F68/><W19/><G105/><T127/><D127/><U57/><E131/><V130/><F130/><W123/><G123/><T6/><D112/><U98/><E12/><V54/><F13/><W28/><G28/><T1/><D67/><U27/><E109/><N who="2" m="42091" /><F54/><W11/><G64/><T113/><D113/><U22/><E114/><V128/><F128/><W21/><G92/><T29/><D29/><U56/><E2/><V126/><F126/><W87/><G72/><T58/><D58/><U37/><E0/><V7/><F7/><W81/><G81/><T124/><D124/><U17/><REACH who="1" step="1"/><E66/><REACH who="1" ten="250,240,250,250" step="2"/><V53/><F53/><W51/><G8/><T31/><D1/><U15/><E15/><V107/><F26/><W80/><G9/><T4/><D4/><U95/><AGARI ba="0,1" hai="17,22,27,37,40,44,56,57,59,61,65,95,98,103" machi="95" ten="20,2700,0" yaku="1,1,0,1,7,1,53,0" doraHai="129" doraHaiUra="117" who="1" fromWho="1" sc="250,-13,240,37,250,-7,250,-7" /><INIT seed="1,0,0,2,2,56" ten="237,277,243,243" oya="1" hai0="84,54,120,60,13,88,121,97,10,81,27,47,48" hai1="58,89,113,79,15,104,2,3,16,39,7,4,74" hai2="87,20,38,11,107,70,129,102,106,73,85,135,24" hai3="86,100,93,75,12,22,34,115,80,36,98,46,41"/><U32/><E104/><V63/><F73/><W35/><G115/><T110/><D110/><U0/><E39/><V59/><F70/><W29/><G75/><T53/><D27/><U130/><E79/><V42/><F11/><W52/><G29/><T125/><D125/><U109/><E74/><V105/><F102/><W127/><G127/><T78/><D97/><U103/><E103/><V30/><F135/><W124/><G124/><T76/><D121/><U77/><E77/><V69/><F69/><W123/><G123/><T68/><D120/><U40/><E40/><V82/><F129/><W9/><G22/><T111/><D111/><U50/><E32/><V66/><REACH who="2" step="1"/><F82/><REACH who="2" ten="237,277,233,243" step="2"/><W94/><G94/><T96/><D68/><U133/><E130/><V1/><F1/><W26/><G93/><T134/><D134/><U90/><E133/><V101/><F101/><W17/><G80/><T132/><D132/><U108/><E109/><V55/><F55/><W43/><G9/><T64/><D54/><N who="1" m="32087" /><E108/><V91/><F91/><W92/><G52/><T45/><D78/><U114/><E90/><V19/><F19/><W122/><G17/><T99/><D76/><U112/><E89/><V131/><F131/><W119/><G122/><T14/><D10/><N who="1" m="4575" /><E16/><V126/><F126/><W23/><G100/><T8/><D8/><N who="1" m="2055" /><E2/><V31/><F31/><W44/><G92/><T18/><D18/><U28/><E28/><V57/><F57/><W61/><G119/><T65/><D45/><AGARI ba="0,1" hai="20,24,30,38,42,45,59,63,66,85,87,105,106,107" machi="45" ten="40,5200,0" yaku="1,1,52,1,53,1" doraHai="56" doraHaiUra="37" who="2" fromWho="0" sc="237,-52,277,0,233,62,243,0" /><INIT seed="2,0,0,4,2,65" ten="185,277,295,243" oya="2" hai0="26,104,103,62,39,95,133,86,35,74,77,60,102" hai1="132,89,44,55,100,27,5,72,43,121,70,22,71" hai2="124,63,76,96,134,66,9,3,29,1,117,119,6" hai3="41,64,51,105,91,116,109,23,11,108,32,19,99"/><V131/><F124/><W47/><G32/><T135/><D39/><U2/><E100/><V75/><F29/><W8/><G116/><T126/><D126/><U15/><E55/><V113/><F113/><W48/><G48/><T16/><D104/><U92/><E72/><V50/><F134/><N who="0" m="51210" /><D74/><U20/><E2/><V81/><F131/><W31/><G64/><T88/><D77/><U80/><E80/><V115/><F115/><W42/><G42/><T87/><D87/><U120/><E132/><V127/><F127/><W52/><G41/><T101/><D35/><U110/><E110/><N who="3" m="42602" /><G31/><T61/><D26/><U37/><E15/><V46/><F96/><W59/><G47/><T69/><D16/><N who="1" m="12679" /><E22/><V56/><REACH who="2" step="1"/><F3/><REACH who="2" ten="185,277,285,243" step="2"/><W4/><G105/><T123/><D123/><N who="1" m="47179" /><E5/><V79/><F79/><W30/><G4/><T57/><D57/><U125/><E125/><V49/><F49/><W0/><G51/><T45/><D45/><U93/><E93/><V97/><F97/><AGARI ba="0,1" hai="37,43,44,70,71,89,92,97" m="47179,12679" machi="97" ten="30,7700,0" yaku="13,1,52,2,54,1" doraHai="65" who="1" fromWho="2" sc="185,0,277,87,285,-77,243,0" /><INIT seed="3,0,0,1,0,75" ten="185,364,208,243" oya="3" hai0="126,15,129,43,121,19,111,50,74,23,46,25,35" hai1="124,64,103,84,24,10,2,63,40,56,120,55,108" hai2="0,98,61,73,90,36,13,93,95,37,127,31,112" hai3="79,52,106,62,113,58,12,33,135,53,110,87,109"/><W28/><G113/><T99/><D121/><U7/><E120/><V4/><F112/><W26/><G135/><T107/><D111/><N who="3" m="42505" /><G106/><T6/><D129/><U114/><E114/><V100/><F0/><W96/><G96/><T92/><D107/><U119/><E108/><V20/><F127/><W21/><G33/><T115/><D126/><U117/><E124/><V123/><F123/><W5/><G5/><T125/><D125/><U18/><E40/><V60/><F73/><W122/><G12/><T42/><D115/><U70/><E103/><V57/><F4/><W72/><G122/><T45/><D74/><U94/><E7/><V68/><F68/><W105/><G105/><T69/><D69/><U76/><E2/><V104/><F104/><W77/><G72/><T86/><D86/><U83/><E70/><V48/><F13/><W102/><G102/><T97/><D92/><U133/><E94/><V91/><F95/><W54/><G87/><T131/><D131/><U89/><E84/><V22/><F100/><W38/><G38/><T132/><D132/><U85/><E133/><V88/><F37/><W78/><AGARI ba="0,0" hai="21,26,28,52,53,54,58,62,77,78,79" m="42505" machi="78" ten="30,18000,2" yaku="14,1,10,1,52,3,54,1" doraHai="75" who="3" fromWho="3" sc="185,-60,364,-60,208,-60,243,180" /><INIT seed="3,1,0,4,2,29" ten="125,304,148,423" oya="3" hai0="61,84,11,74,130,80,53,100,123,97,90,83,134" hai1="2,75,124,93,102,18,98,46,72,38,86,103,129" hai2="92,22,55,19,42,26,101,41,13,119,12,25,88" hai3="33,112,118,40,105,8,106,48,78,109,82,77,99"/><W54/><G112/><T50/><D123/><U127/><E2/><V110/><F119/><W70/><G118/><T47/><D134/><U21/><E103/><V96/><F110/><W85/><G109/><T132/><D132/><U9/><E9/><V3/><F3/><W104/><G70/><T65/><D130/><U117/><E117/><V91/><F55/><W17/><G40/><N who="2" m="15465" /><F13/><W87/><G99/><T14/><D74/><U94/><E46/><V5/><F5/><W121/><G121/><T34/><D83/><U116/><E38/><V57/><F57/><W122/><G122/><T52/><D34/><U67/><E67/><V115/><F115/><W128/><G85/><T30/><D53/><U23/><E116/><V114/><F114/><W95/><G95/><T107/><D30/><U15/><E129/><V60/><F60/><W1/><G128/><T113/><D113/><U111/><E111/><V66/><F66/><W63/><G63/><T68/><D68/><U81/><E93/><V73/><F73/><W28/><G77/><T37/><D37/><U7/><E7/><V120/><F120/><W89/><G78/><T108/><D108/><U4/><E4/><V45/><F45/><N who="3" m="27919" /><G1/><T6/><D61/><U69/><E69/><V27/><AGARI ba="1,0" hai="12,19,22,25,26,27,88,91,92,96,101" m="15465" machi="27" ten="30,2000,0" yaku="8,1,54,1" doraHai="29" who="2" fromWho="2" sc="125,-6,304,-6,148,23,423,-11" /><INIT seed="4,0,0,4,1,9" ten="119,298,171,412" oya="0" hai0="105,50,1,8,122,52,58,72,118,5,127,28,7" hai1="43,81,12,91,19,53,45,90,24,39,115,133,30" hai2="37,62,84,21,107,42,99,47,126,20,49,89,125" hai3="104,130,27,110,59,111,83,121,6,129,123,87,69"/><T106/><D122/><N who="3" m="46601" /><G69/><T11/><D118/><U70/><E70/><V31/><F37/><W86/><G104/><T116/><D116/><U102/><E102/><N who="2" m="62943" /><F62/><W88/><G6/><T40/><D127/><N who="2" m="48650" /><F31/><W74/><G74/><T14/><D72/><U51/><E81/><AGARI ba="0,0" hai="20,21,42,47,49,81,84,89" m="48650,62943" machi="81" ten="30,1000,0" yaku="18,1" doraHai="9" who="2" fromWho="1" sc="119,0,298,-10,171,10,412,0" /><INIT seed="5,0,0,5,4,15" ten="119,288,181,412" oya="1" hai0="109,30,134,9,2,76,31,127,14,5,48,24,82" hai1="59,96,69,77,55,126,34,47,103,54,8,97,102" hai2="12,50,118,61,119,36,56,52,63,98,27,32,43" hai3="91,111,13,72,73,20,37,28,125,81,25,46,38"/><U40/><E69/><V3/><F3/><W99/><G111/><T66/><D109/><U133/><E34/><V116/><F98/><W93/><G125/><T58/><D127/><U124/><E77/><V112/><F12/><W1/><G1/><T26/><D134/><U22/><E133/><V94/><F94/><W130/><G130/><T51/><D2/><U19/><E8/><V121/><F27/><W107/><G107/><T45/><D66/><U33/><E33/><V79/><F79/><W64/><G64/><T115/><D115/><U89/><E89/><V113/><F32/><W128/><G128/><T104/><D104/><U35/><E35/><V84/><F84/><W18/><G46/><T135/><D135/><U21/><E47/><N who="2" m="24039" /><F121/><W10/><G73/><T70/><D70/><U53/><E126/><V105/><F105/><W78/><AGARI ba="0,0" hai="10,13,18,20,25,28,37,38,72,78,81,91,93,99" machi="78" ten="30,2000,0" yaku="0,1,52,1" doraHai="15" who="3" fromWho="3" sc="119,-5,288,-10,181,-5,412,20" /><INIT seed="6,0,0,3,3,109" ten="114,278,176,432" oya="2" hai0="76,1,11,120,7,52,68,94,93,62,117,39,126" hai1="21,110,113,55,61,24,85,90,128,49,118,4,132" hai2="87,125,131,25,14,72,75,103,50,84,111,81,97" hai3="91,114,60,37,32,34,134,31,104,56,28,106,42"/><V92/><F111/><W30/><G42/><T29/><D120/><U2/><E118/><V99/><F14/><W73/><G73/><N who="2" m="28233" /><F25/><W64/><G37/><T8/><D117/><U69/><E4/><V66/><F50/><W102/><G91/><T108/><D108/><U40/><E40/><V51/><F51/><W58/><G102/><T130/><D126/><U88/><E21/><V78/><F66/><W22/><G22/><T0/><D130/><U96/><E55/><V41/><F41/><W48/><G48/><T86/><D39/><U19/><E19/><V15/><F15/><W12/><G12/><T101/><D29/><U123/><E24/><V77/><F125/><W83/><G30/><T27/><D27/><U9/><E61/><V23/><F23/><W80/><G64/><T35/><D35/><U47/><E49/><V54/><F54/><W100/><G60/><T33/><D33/><U121/><E47/><V17/><F17/><W45/><G45/><T13/><D101/><U70/><E110/><V44/><F44/><W82/><G100/><T59/><D68/><U57/><E69/><V107/><F131/><W135/><G34/><T3/><REACH who="0" step="1"/><D11/><REACH who="0" ten="104,278,176,432" step="2"/><U79/><E9/><V98/><F107/><W43/><G104/><T129/><D129/><U89/><E128/><V67/><F67/><W124/><G106/><T71/><D71/><U115/><E70/><V95/><F103/><W10/><G124/><T53/><D53/><U116/><E116/><V112/><F112/><W65/><G65/><T16/><D16/><U26/><E115/><V6/><F6/><RYUUKYOKU ba="0,1" sc="104,15,278,-15,176,15,432,-15" hai0="0,1,3,7,8,13,52,59,62,76,86,93,94" hai2="77,78,81,84,87,92,95,97,98,99" /><INIT seed="6,1,1,0,0,31" ten="119,263,191,417" oya="2" hai0="126,46,70,5,44,58,71,36,106,15,45,17,19" hai1="87,53,9,95,10,52,55,0,131,3,114,102,26" hai2="61,2,113,6,16,34,111,107,133,112,35,115,92" hai3="57,124,130,125,88,20,85,80,128,47,99,82,132"/><V129/><F129/><N who="3" m="49771" /><G132/><T84/><D36/><U39/><E39/><V50/><F133/><W94/><G47/><T116/><D106/><U76/><E131/><V117/><F117/><W118/><G118/><T21/><D116/><U91/><E114/><V25/><F107/><W1/><G1/><T18/><D126/><U89/><E102/><V75/><F111/><W48/><G20/><T65/><D71/><U134/><E76/><V40/><F75/><W73/><G73/><T86/><D70/><U127/><E127/><V97/><F61/><W110/><G110/><T51/><D21/><U109/><E109/><V69/><F69/><W23/><G23/><T11/><REACH who="0" step="1"/><D51/><REACH who="0" ten="109,263,191,417" step="2"/><U12/><E134/><V24/><F50/><W108/><G108/><T42/><D42/><U60/><E10/><N who="2" m="2391" /><F40/><W120/><G124/><T28/><D28/><U105/><E105/><V22/><F25/><W81/><G125/><T37/><D37/><U104/><E26/><V13/><F24/><W14/><G48/><T30/><D30/><U49/><E104/><V100/><AGARI ba="1,2" hai="13,16,22,34,35,92,97,100,112,113,115" m="2391" machi="100" ten="30,11700,0" yaku="15,1,52,2,54,1" doraHai="31" who="2" fromWho="2" sc="109,-40,263,-40,191,140,417,-40" /><INIT seed="6,2,0,1,1,61" ten="69,223,331,377" oya="2" hai0="67,35,107,130,103,58,39,36,116,80,81,135,20" hai1="47,110,89,76,44,114,88,109,33,12,55,23,11" hai2="21,5,37,27,32,71,17,46,2,99,106,56,128" hai3="62,15,129,79,115,108,43,91,40,28,52,72,7"/><V10/><F71/><W59/><G108/><T133/><D35/><U92/><E33/><V38/><F128/><W24/><G129/><T113/><D130/><U122/><E76/><V57/><F46/><W18/><G7/><T50/><D20/><U93/><E23/><V6/><F6/><W19/><G115/><T85/><D103/><U75/><E75/><V73/><F73/><W126/><G126/><T127/><D107/><U48/><E114/><V42/><F42/><W1/><G1/><T34/><D34/><U60/><E60/><V121/><F121/><W119/><G119/><T9/><D9/><U123/><E11/><V83/><F83/><W101/><G101/><T102/><D102/><U124/><E12/><V30/><F99/><W82/><G91/><T53/><D113/><U125/><E48/><V87/><F87/><W90/><G90/><T0/><D0/><U97/><E55/><V84/><F84/><W13/><G13/><T49/><D127/><U68/><E68/><V74/><F74/><W65/><G52/><N who="0" m="32015" /><D81/><U95/><E95/><V70/><F70/><W78/><G82/><T134/><D116/><U118/><E97/><V22/><F106/><W105/><G105/><T131/><D131/><U112/><E112/><V31/><F22/><N who="3" m="13407" /><G72/><T117/><D117/><AGARI ba="2,0" hai="44,47,88,89,92,93,109,110,117,118,122,123,124,125" machi="117" ten="25,3200,0" yaku="22,2,54,1" doraHai="61" who="1" fromWho="0" sc="69,-38,223,38,331,0,377,0" /><INIT seed="7,0,0,0,0,84" ten="31,261,331,377" oya="3" hai0="105,10,115,85,111,45,39,11,26,89,47,55,56" hai1="119,72,35,62,5,50,40,91,57,88,130,7,81" hai2="36,1,71,100,59,54,20,77,121,53,9,133,127" hai3="44,75,106,32,70,43,12,30,68,51,118,37,87"/><W19/><G118/><T69/><D69/><U23/><E35/><V128/><F71/><W8/><G75/><T46/><D115/><U27/><E72/><V74/><F36/><W65/><G106/><T0/><D39/><U97/><E119/><V94/><F127/><W38/><G38/><T21/><D105/><U102/><E130/><V52/><F128/><W3/><G65/><T33/><D0/><U58/><E81/><V93/><F133/><W41/><G41/><T63/><D33/><U78/><E78/><V29/><F121/><W123/><G123/><T109/><D109/><U83/><E83/><V124/><F124/><W99/><G87/><T135/><D135/><U132/><E132/><V64/><F77/><W16/><G19/><T129/><D129/><U122/><E122/><V73/><F73/><W107/><G37/><T125/><D125/><U66/><E102/><V48/><F74/><W86/><G86/><T17/><D111/><U117/><E117/><V15/><F1/><W31/><G3/><T108/><D108/><U60/><E97/><N who="2" m="59439" /><F94/><W134/><G134/><T67/><D67/><N who="1" m="39311" /><E5/><V113/><F113/><W120/><G120/><T101/><D101/><U76/><E7/><N who="2" m="3519" /><F64/><W4/><G4/><T114/><D114/><U95/><E76/><V34/><F34/><W2/><G2/><T61/><D61/><U6/><E6/><V131/><F131/><W90/><G32/><T25/><D25/><AGARI ba="0,0" hai="20,25,29,48,52,53,54,59" m="3519,59439" machi="25" ten="30,2000,0" yaku="8,1,54,1" doraHai="84" who="2" fromWho="0" sc="31,-20,261,0,331,20,377,0" owari="11,-49.0,261,-14.0,351,15.0,377,48.0" /></mjloggm>