<mjloggm ver="2.3"><GO type="169" lobby="0"/><UN n0="%E3%83%88%E3%83%88%E3%83%AA%E5%85%88%E7%94%9F%31%39%E6%AD%B3" n1="%61%71%75%61%72%69%75%73" n2="%6D%61%73%79" n3="%79%6F%6E%65%7A%6F%39" dan="19,16,16,16" rate="2299.70,2066.92,2069.17,2075.66" sx="F,M,M,M"/><TAIKYOKU oya="0"/><INIT seed="0,0,0,5,2,49" ten="250,250,250,250" oya="0" hai0="17,12,7,50,40,33,123,65,0,94,87,35,113" hai1="58,114,82,39,80,62,99,71,61,55,107,78,92" hai2="60,51,10,53,73,93,103,85,120,66,23,81,47" hai3="2,102,95,98,42,88,74,83,116,97,104,122,44"/><T77/><D113/><U115/><E107/><V29/><F120/><W110/><G2/><T52/><D123/><U15/><E39/><V125/><F125/><W117/><G122/><T8/><D40/><U54/><E15/><V14/><F73/><W59/><G59/><T67/><D35/><U79/><E71/><V130/><F130/><W133/><G110/><T119/><D33/><U48/><E62/><V75/><F75/><W30/><G30/><T121/><D121/><U126/><E126/><V131/><F131/><W100/><G133/><T36/><D36/><U27/><E27/><V89/><F29/><W76/><REACH who="3" step="1"/><G100/><REACH who="3" ten="250,250,250,240" step="2"/><T32/><D32/><U43/><E115/><V34/><F34/><W128/><G128/><T31/><D31/><U56/><E114/><V21/><F103/><W4/><G4/><T124/><D124/><U19/><E19/><N who="2" m="8663" /><F93/><W6/><G6/><T18/><D18/><U129/><E129/><V105/><F105/><W22/><G22/><T111/><D111/><U109/><E109/><V5/><F5/><W96/><G96/><T41/><D0/><U135/><E135/><V45/><F45/><W84/><G84/><T132/><D7/><U106/><E106/><V9/><F9/><W134/><G134/><T68/><D132/><U91/><E80/><V101/><F101/><W108/><G108/><T28/><D8/><U86/><REACH who="1" step="1"/><E43/><REACH who="1" ten="250,240,250,240" step="2"/><V1/><F1/><W112/><G112/><T20/><D17/><U38/><E38/><AGARI ba="0,2" hai="38,42,44,74,76,83,88,95,97,98,102,104,116,117" machi="38" ten="30,3900,0" yaku="1,1,7,1,54,1,53,0" doraHai="49" doraHaiUra="3" who="3" fromWho="1" sc="250,0,240,-39,250,0,240,59" /><INIT seed="1,0,0,2,2,35" ten="250,201,250,299" oya="1" hai0="29,1,26,95,88,94,53,20,12,13,118,106,90" hai1="125,91,50,40,77,71,79,52,27,39,110,116,83" hai2="22,54,44,49,72,80,33,133,23,59,111,104,31" hai3="78,66,42,64,9,30,28,21,100,86,113,43,120"/><U103/><E71/><V57/><F104/><W101/><G120/><T119/><D106/><U115/><E115/><V130/><F111/><W105/><G113/><T3/><D53/><U93/><E116/><V16/><F33/><W134/><G134/><T126/><D126/><U5/><E125/><V25/><F133/><W98/><G9/><T36/><D36/><U85/><E110/><V58/><F130/><W132/><G132/><T17/><D17/><U121/><E121/><V122/><F122/><W55/><G55/><T73/><D73/><U135/><E135/><V2/><F2/><W34/><G34/><T112/><D112/><U99/><E5/><V46/><F46/><W97/><G86/><T117/><D13/><U123/><E123/><V129/><F129/><W61/><G78/><T51/><D51/><U37/><E27/><V56/><F59/><W102/><G105/><T68/><D12/><U81/><E40/><N who="3" m="15402" /><G21/><T63/><D94/><U109/><E109/><V41/><F72/><W4/><G4/><T7/><D7/><U67/><E67/><N who="3" m="25642" /><G61/><T107/><D107/><U6/><E6/><V60/><REACH who="2" step="1"/><F80/><REACH who="2" ten="250,201,240,299" step="2"/><W92/><G92/><T75/><D95/><U131/><E131/><V74/><F74/><W65/><G65/><N who="0" m="41023" /><D75/><U62/><E103/><V70/><F70/><W96/><AGARI ba="0,1" hai="28,30,96,97,98,100,101,102" m="25642,15402" machi="96" ten="40,5200,0" yaku="28,2,8,1" doraHai="35" who="3" fromWho="3" sc="250,-13,201,-26,240,-13,299,62" /><INIT seed="2,0,0,0,3,120" ten="237,175,227,361" oya="2" hai0="36,12,2,68,119,125,79,35,84,102,107,29,0" hai1="15,113,1,7,54,76,18,117,10,41,100,14,77" hai2="101,69,128,85,44,129,32,20,96,109,9,67,59" hai3="75,48,86,27,121,118,5,116,83,99,17,25,87"/><V6/><F32/><W65/><G121/><T8/><D36/><U74/><E113/><V81/><F69/><W70/><G5/><T31/><D68/><U130/><E117/><V105/><F20/><W45/><G99/><T91/><D125/><U88/><E130/><N who="2" m="50283" /><F44/><W4/><G4/><T38/><D38/><U23/><E100/><V131/><N who="2" m="50291" /><V19/><DORA hai="30" /><F19/><W97/><G17/><T78/><D119/><U106/><E106/><V115/><F115/><W33/><G45/><T71/><D71/><U127/><E127/><V132/><F132/><W26/><G33/><T82/><D102/><U108/><E108/><V135/><F135/><W52/><G27/><T47/><D107/><U49/><E41/><V72/><F72/><W73/><G65/><T13/><D47/><U61/><E61/><N who="2" m="38335" /><F109/><W104/><G70/><T64/><D64/><U80/><E1/><N who="2" m="207" /><F85/><W34/><G34/><T126/><D126/><U63/><E63/><V90/><F90/><N who="3" m="51551" /><G87/><T60/><D35/><U22/><E76/><V21/><F21/><W37/><G75/><T92/><D78/><U43/><E43/><V95/><F81/><W123/><G73/><N who="0" m="43375" /><D60/><U39/><E39/><V53/><F53/><W89/><G37/><T3/><D8/><N who="1" m="4383" /><E88/><V122/><F122/><W98/><G89/><T42/><D42/><U40/><E40/><V124/><F124/><W103/><G123/><T55/><D55/><U51/><E54/><V58/><F58/><N who="3" m="33031" /><G98/><T16/><D16/><N who="1" m="8311" /><E23/><V24/><F105/><W111/><G111/><T28/><D91/><U11/><E22/><V134/><F134/><RYUUKYOKU ba="0,0" sc="237,0,175,0,227,0,361,0" hai0="0,2,3,12,13,28,29,31,84,92" hai1="11,18,49,51,74,77,80" hai2="24,95,96,101" hai3="25,26,97,103,104,116,118" /><INIT seed="2,1,0,4,2,18" ten="237,175,227,361" oya="2" hai0="35,46,29,130,12,90,41,23,40,10,106,42,60" hai1="127,80,64,135,11,88,32,124,58,15,38,110,20" hai2="67,4,95,39,14,7,131,99,51,69,25,3,13" hai3="53,112,97,26,9,52,103,104,81,84,5,66,62"/><V78/><F39/><W108/><G108/><T27/><D130/><U96/><E32/><V102/><F131/><W70/><G112/><T36/><D106/><U30/><E38/><V133/><F133/><W72/><G72/><T116/><D116/><U105/><E105/><V54/><F78/><W125/><G125/><N who="1" m="48202" /><E135/><V65/><F3/><W121/><G121/><T56/><D90/><U74/><E74/><V61/><F25/><W129/><G129/><T115/><D115/><U21/><E30/><V55/><F55/><W45/><G45/><T28/><D28/><U24/><E24/><V118/><F118/><W1/><REACH who="3" step="1"/><G26/><REACH who="3" ten="237,175,227,351" step="2"/><T44/><D36/><U76/><E110/><V91/><F14/><W111/><G111/><T63/><D35/><U117/><E117/><V71/><F13/><W122/><G122/><T82/><D46/><U100/><E76/><AGARI ba="1,1" hai="1,5,9,52,53,62,66,70,76,81,84,97,103,104" machi="76" ten="30,8000,1" yaku="1,1,7,1,54,1,53,2" doraHai="18" doraHaiUra="49" who="3" fromWho="1" sc="237,0,175,-83,227,0,351,93" /><INIT seed="3,0,0,0,3,3" ten="237,92,227,444" oya="3" hai0="0,18,105,91,74,118,42,15,117,86,2,17,8" hai1="65,37,70,1,81,107,21,6,110,88,131,104,33" hai2="116,41,66,35,67,87,9,13,93,97,28,64,100" hai3="55,134,12,50,90,39,102,24,101,106,49,76,27"/><W125/><G39/><T120/><D120/><U59/><E37/><V68/><F116/><W34/><G76/><T36/><D105/><N who="1" m="40523" /><E88/><V43/><F68/><W26/><G106/><T32/><D74/><U14/><E59/><V29/><F87/><W126/><G34/><T63/><D32/><U57/><E57/><V71/><F71/><W111/><G134/><T113/><D113/><U44/><E44/><V82/><F82/><W75/><G75/><T46/><D63/><N who="1" m="40255" /><E81/><V95/><F95/><W30/><G111/><T135/><D135/><U99/><E99/><V58/><F58/><W51/><G30/><N who="2" m="11881" /><F35/><W123/><G123/><T85/><D85/><U7/><E21/><V103/><F103/><N who="3" m="39435" /><G90/><T133/><D133/><U60/><E60/><V4/><AGARI ba="0,0" hai="4,9,13,41,43,64,66,67,93,97,100" m="11881" machi="4" ten="30,2000,0" yaku="8,1,52,1" doraHai="3" who="2" fromWho="2" sc="237,-5,92,-5,227,20,444,-10" /><INIT seed="4,0,0,2,0,99" ten="232,87,247,434" oya="0" hai0="101,108,116,25,61,60,33,30,118,129,20,7,110" hai1="52,29,34,76,16,78,71,44,81,39,91,85,86" hai2="124,13,4,120,75,126,32,0,123,115,17,56,98" hai3="87,92,12,128,62,131,133,26,31,134,41,6,38"/><T89/><D89/><U55/><E71/><V15/><F75/><W88/><G62/><N who="0" m="24171" /><D7/><U51/><E34/><V11/><F56/><W111/><G111/><N who="0" m="42539" /><D129/><N who="3" m="49737" /><G12/><T83/><D83/><U84/><E29/><V8/><F98/><W23/><G6/><T97/><D33/><U50/><E39/><V72/><F72/><W106/><G106/><AGARI ba="0,0" hai="20,25,30,97,101,106,116,118" m="42539,24171" machi="106" ten="30,2900,0" yaku="10,1,52,1" doraHai="99" who="0" fromWho="3" sc="232,29,87,0,247,0,434,-29" /><INIT seed="4,1,0,1,1,25" ten="261,87,247,405" oya="0" hai0="81,108,133,65,124,109,134,21,101,94,91,88,51" hai1="69,64,10,75,73,78,61,35,46,66,11,60,126" hai2="93,49,38,118,17,127,7,72,3,87,48,107,123" hai3="106,97,82,56,121,67,110,117,104,135,131,13,128"/><T74/><D65/><U40/><E126/><V47/><F123/><W130/><G110/><N who="0" m="42603" /><D51/><U1/><E11/><V33/><F107/><W22/><G117/><T119/><D21/><U89/><E89/><N who="0" m="34377" /><D119/><U113/><E113/><V62/><F118/><W55/><G121/><T20/><D20/><U115/><E115/><V86/><F33/><W23/><G67/><T4/><D4/><U112/><E112/><V50/><F7/><W58/><G23/><T90/><D124/><U28/><E10/><V57/><F3/><W24/><G13/><T98/><D90/><U53/><E1/><V54/><F127/><W8/><G8/><T70/><D70/><U120/><E53/><V31/><F49/><W83/><G55/><T52/><D52/><U95/><E95/><V99/><F50/><W102/><G58/><T18/><D18/><U12/><E12/><V27/><F17/><W80/><G56/><T85/><D85/><U76/><E120/><V92/><F87/><W15/><G15/><T59/><D59/><U79/><E66/><V36/><F86/><W111/><G111/><T29/><D29/><U19/><E61/><V5/><F5/><W9/><G9/><T0/><D0/><U45/><E19/><V37/><F62/><W114/><G22/><T116/><D116/><U44/><E40/><V6/><F6/><W41/><G41/><T30/><D30/><U125/><E125/><V103/><F57/><W96/><G24/><T39/><D39/><U34/><E28/><V132/><F27/><W16/><G16/><T14/><D14/><U42/><E42/><RYUUKYOKU ba="1,0" sc="261,15,87,15,247,-15,405,-15" hai0="74,81,94,98,101,133,134" hai1="34,35,44,45,46,60,64,69,73,75,76,78,79" /><INIT seed="4,2,0,4,3,70" ten="276,102,232,390" oya="0" hai0="31,102,2,98,89,60,13,86,53,72,52,38,105" hai1="77,10,55,109,82,85,128,130,39,56,118,92,127" hai2="81,132,120,40,67,107,112,110,44,121,46,8,61" hai3="62,14,106,100,66,41,87,126,34,101,26,51,17"/><T94/><D2/><U113/><E118/><V71/><F107/><W115/><G115/><T36/><D72/><U131/><E109/><V28/><F110/><W37/><G126/><T21/><D53/><U111/><E111/><V0/><F112/><W15/><G51/><T114/><D114/><U58/><E113/><V97/><F132/><W54/><G54/><T29/><D29/><U24/><E127/><V93/><F28/><W49/><G49/><T42/><D42/><U4/><E24/><V134/><F134/><W76/><G34/><T117/><D117/><U32/><E32/><V84/><F46/><W69/><G26/><T7/><D31/><U124/><E124/><V63/><F63/><W57/><G69/><T79/><D79/><U133/><E133/><V30/><F30/><W65/><G65/><T9/><REACH who="0" step="1"/><D21/><REACH who="0" ten="266,102,232,390" step="2"/><U78/><E78/><N who="2" m="46135" /><F40/><W135/><G135/><T95/><D95/><U6/><E92/><V27/><F93/><W64/><G76/><T19/><D19/><U96/><E96/><V83/><F97/><W3/><G17/><T104/><D104/><U50/><E6/><V23/><F83/><W108/><G3/><T74/><D74/><U18/><E18/><V33/><F23/><W122/><G106/><T125/><D125/><U47/><REACH who="1" step="1"/><E39/><REACH who="1" ten="266,92,232,390" step="2"/><V80/><F33/><W73/><G37/><T103/><D103/><U12/><AGARI ba="2,2" hai="4,10,12,47,50,55,56,58,77,82,85,128,130,131" machi="12" ten="30,7900,0" yaku="1,1,2,1,0,1,19,1,53,0" doraHai="70" doraHaiUra="90" who="1" fromWho="1" sc="266,-41,92,105,232,-22,390,-22" /><INIT seed="5,0,0,3,1,78" ten="225,197,210,368" oya="1" hai0="124,72,55,6,3,34,98,48,111,64,24,77,20" hai1="112,103,29,9,107,8,50,4,88,117,58,131,108" hai2="122,18,43,82,127,30,89,41,123,96,121,33,75" hai3="92,73,17,38,5,74,110,133,16,53,85,128,56"/><U95/><E117/><V54/><F127/><W42/><G128/><T49/><D111/><U65/><E108/><V116/><F116/><W27/><G110/><T59/><D34/><U25/><E131/><V22/><F33/><W134/><G5/><T76/><D124/><U46/><E112/><V91/><F30/><W37/><G92/><T99/><D64/><U1/><E9/><V104/><F54/><W106/><G106/><T81/><D77/><U40/><E103/><V79/><F91/><W60/><G85/><T101/><D6/><U10/><E107/><V84/><F96/><W44/><G38/><T61/><D3/><U109/><E109/><V94/><REACH who="2" step="1"/><F104/><REACH who="2" ten="225,197,200,368" step="2"/><W14/><G134/><T57/><D99/><U132/><E132/><V105/><F105/><W120/><G133/><T35/><D35/><U114/><E114/><V115/><F115/><W19/><G120/><T63/><D98/><U39/><E65/><V23/><F23/><W125/><G125/><T69/><D101/><U62/><E1/><V83/><F83/><W7/><G27/><AGARI ba="0,1" hai="18,22,27,41,43,75,79,82,84,89,94,121,122,123" machi="27" ten="40,2600,0" yaku="1,1,52,1,53,0" doraHai="78" doraHaiUra="51" who="2" fromWho="3" sc="225,0,197,0,200,36,368,-26" /><INIT seed="6,0,0,5,1,25" ten="225,197,236,342" oya="2" hai0="87,104,14,91,115,119,108,116,45,99,82,18,73" hai1="85,50,61,8,68,46,113,31,49,34,35,133,59" hai2="109,135,44,15,63,126,96,27,58,42,54,127,117" hai3="52,6,70,78,110,57,38,4,93,33,128,29,101"/><V84/><F117/><N who="0" m="45130" /><D108/><U88/><E133/><V65/><F135/><W125/><G57/><T74/><D115/><U118/><E113/><V62/><F109/><W86/><G93/><N who="0" m="56767" /><D45/><U11/><E118/><V10/><F96/><W26/><G86/><T7/><D7/><U134/><E68/><V2/><F2/><W17/><G38/><T64/><D64/><U77/><E77/><V37/><F84/><W112/><G78/><N who="0" m="46551" /><D104/><U12/><E134/><V51/><F27/><W47/><G26/><T3/><D3/><U130/><E130/><V90/><F63/><W129/><G129/><T13/><D13/><U69/><E69/><N who="2" m="42167" /><F90/><W132/><G70/><T102/><D102/><U60/><E35/><V131/><F131/><W100/><G128/><T67/><D67/><U55/><E34/><V106/><F106/><W36/><G33/><T80/><D80/><N who="1" m="49191" /><E8/><AGARI ba="0,0" hai="8,14,18,73,74" m="46551,56767,45130" machi="8" ten="30,1000,0" yaku="12,1" doraHai="25" who="0" fromWho="1" sc="225,10,197,-10,236,0,342,0" /><INIT seed="7,0,0,0,2,27" ten="235,187,236,342" oya="3" hai0="126,57,68,25,50,49,111,29,67,121,58,102,54" hai1="87,23,22,56,21,125,72,106,0,93,32,99,26" hai2="105,94,86,55,90,1,70,4,100,133,13,7,114" hai3="85,47,74,108,15,20,110,19,127,35,62,107,51"/><W37/><G37/><T14/><D111/><N who="3" m="42537" /><G74/><T97/><D121/><U122/><E72/><V16/><F114/><W11/><G127/><T6/><D126/><U66/><E125/><V78/><F133/><W76/><G107/><T131/><D131/><U109/><E0/><V18/><F70/><W81/><G62/><N who="0" m="38359" /><D68/><U31/><E109/><V128/><F128/><W36/><G35/><T101/><D97/><U2/><E2/><V134/><F134/><W96/><G36/><T64/><D64/><U39/><E39/><V53/><F1/><W43/><G96/><T83/><D83/><U33/><E122/><V52/><F18/><W119/><G119/><T41/><D29/><U48/><E106/><V45/><F105/><W5/><G20/><T10/><D25/><U34/><E87/><N who="2" m="52575" /><F100/><N who="0" m="38506" /><D41/><U132/><E132/><V88/><F78/><W3/><G3/><T135/><D135/><U77/><E77/><V42/><F42/><W112/><G112/><T30/><D30/><U61/><REACH who="1" step="1"/><E48/><AGARI ba="0,0" hai="6,10,14,48,49,50,54,57" m="38506,38359" machi="48" ten="30,1000,0" yaku="8,1" doraHai="27" who="0" fromWho="1" sc="235,10,187,-10,236,0,342,0" owari="245,5.0,177,-32.0,236,-16.0,342,43.0" /></mjloggm>