<mjloggm ver="2.3"><GO type="169" lobby="0"/><UN n0="%66%61%74%65%73%74" n1="%E3%81%84%E3%81%84%E7%AC%91%E9%A1%94" n2="%E5%B0%B1%E6%B4%BB%E7%94%9F%40%E5%B7%9D%E6%9D%91%E8%BB%8D%E5%9B%A3" n3="%E3%81%86%E3%81%91%E3%81%AA%E3%81%8C%E3%81%99%E3%81%9C" dan="16,17,18,17" rate="2004.26,2155.88,2303.29,2178.29" sx="F,F,M,F"/><TAIKYOKU oya="0"/><INIT seed="0,0,0,0,0,5" ten="250,250,250,250" oya="0" hai0="135,2,10,46,33,0,91,17,88,13,95,121,97" hai1="61,130,1,99,120,41,90,34,37,19,115,21,38" hai2="96,122,48,49,66,92,64,36,32,74,80,11,42" hai3="72,87,89,114,85,133,127,124,84,108,14,110,132"/><T109/><D121/><U128/><E120/><V65/><F32/><W76/><G114/><T50/><D135/><N who="3" m="51785" /><G14/><T45/><D33/><U126/><E34/><V30/><F30/><W35/><G35/><T9/><D109/><N who="3" m="42089" /><G89/><T77/><D77/><U26/><E1/><V125/><F125/><N who="3" m="48203" /><G72/><T51/><D2/><U43/><E115/><V68/><F74/><W111/><N who="3" m="42097" /><W116/><DORA hai="40" /><G116/><T104/><D0/><U107/><E107/><V63/><F80/><AGARI ba="0,0" hai="76,80,84,85,87" m="48203,42097,51785" machi="80" ten="50,8000,1" yaku="20,1,14,1,18,1,34,2" doraHai="5,40" who="3" fromWho="2" sc="250,0,250,0,250,-80,250,80" /><INIT seed="1,0,0,5,2,26" ten="250,250,170,330" oya="1" hai0="119,109,82,30,129,132,107,88,6,28,84,45,135" hai1="47,59,33,113,31,36,75,12,25,125,116,118,128" hai2="37,70,95,54,2,87,110,5,66,51,50,126,53" hai3="114,19,103,27,34,56,35,101,16,80,68,17,20"/><U43/><E113/><V74/><F74/><W77/><G114/><T42/><D119/><U102/><E75/><V41/><F126/><W94/><G68/><T49/><D109/><U73/><E73/><V18/><F110/><W23/><G77/><T11/><D129/><U21/><E128/><V13/><F2/><W115/><G115/><T85/><D85/><U98/><E125/><V130/><F130/><W133/><G80/><T121/><D107/><U72/><E72/><V52/><F5/><W123/><G123/><T15/><D121/><U7/><E59/><V79/><F37/><W122/><G122/><T3/><REACH who="0" step="1"/><D3/><REACH who="0" ten="240,250,170,330" step="2"/><U14/><E14/><V106/><F106/><W127/><G127/><T64/><D64/><U61/><E61/><V112/><F112/><W120/><G120/><T8/><D8/><U78/><E78/><V1/><F1/><W58/><G133/><AGARI ba="0,1" hai="6,11,15,28,30,42,45,49,82,84,88,132,133,135" machi="133" ten="40,12000,2" yaku="1,1,20,1,52,2,54,1,53,1" doraHai="26" doraHaiUra="83" who="0" fromWho="3" sc="240,130,250,0,170,0,330,-120" /><INIT seed="2,0,0,1,2,110" ten="370,250,170,210" oya="2" hai0="129,23,130,117,126,64,105,78,127,47,80,74,73" hai1="16,77,104,11,31,76,121,90,114,133,43,124,34" hai2="125,132,1,96,116,58,51,28,83,118,8,63,123" hai3="45,84,0,59,68,65,71,27,15,54,20,44,95"/><V81/><F123/><W98/><G0/><T89/><D64/><U36/><E121/><V49/><F125/><N who="0" m="47626" /><D23/><U106/><E124/><V33/><F132/><W17/><G71/><T46/><D105/><U113/><E133/><V37/><F37/><W100/><G68/><T97/><D117/><U94/><E104/><V72/><F33/><W102/><G65/><T5/><D5/><U120/><E106/><V22/><F72/><W131/><G131/><N who="0" m="50187" /><D74/><U6/><E120/><V53/><F1/><W26/><G102/><T21/><D21/><U2/><E16/><V107/><F116/><W25/><REACH who="3" step="1"/><G84/><REACH who="3" ten="370,250,170,200" step="2"/><T115/><D73/><U3/><E2/><V24/><F118/><W119/><G119/><T135/><D135/><U14/><E3/><V109/><F109/><W56/><G56/><T19/><D47/><U128/><E128/><V40/><F107/><W62/><AGARI ba="0,1" hai="15,17,20,25,26,27,44,45,54,59,62,95,98,100" machi="62" ten="30,8000,1" yaku="1,1,0,1,8,1,53,2" doraHai="110" doraHaiUra="42" who="3" fromWho="3" sc="370,-20,250,-20,170,-40,200,90" /><INIT seed="3,0,0,2,3,123" ten="350,230,130,290" oya="3" hai0="113,108,81,3,68,134,61,28,104,72,42,43,53" hai1="25,22,1,33,133,23,92,70,30,55,117,71,105" hai2="17,99,32,90,80,27,2,6,87,103,37,110,125" hai3="24,91,115,114,74,29,35,107,89,67,128,26,9"/><W7/><G74/><T69/><D104/><U4/><E105/><V66/><F37/><W78/><G78/><T97/><D3/><U14/><E133/><V16/><F125/><W82/><G107/><T10/><D134/><U13/><E117/><V95/><F66/><W79/><G128/><T21/><D10/><N who="1" m="2319" /><E55/><V127/><F127/><W57/><G26/><T15/><D97/><U65/><E92/><V45/><F45/><W8/><G8/><T44/><D53/><U109/><E70/><V98/><F98/><W60/><G115/><T51/><D113/><U132/><E71/><V84/><F84/><W62/><G62/><T85/><D43/><U54/><E54/><V101/><F101/><W36/><G36/><T86/><D61/><U77/><E77/><V126/><F126/><W63/><G63/><T102/><D102/><U40/><E40/><V120/><F120/><W96/><G96/><T38/><D51/><U64/><E64/><V11/><REACH who="2" step="1"/><F110/><REACH who="2" ten="350,230,120,290" step="2"/><W83/><G114/><T76/><D85/><U112/><E65/><V20/><F20/><N who="1" m="7721" /><E112/><V130/><F130/><W131/><G131/><T49/><D86/><U50/><E132/><V31/><AGARI ba="0,1" hai="2,6,11,16,17,27,31,32,80,87,90,95,99,103" machi="31" ten="30,4000,0" yaku="1,1,0,1,54,1,53,0" doraHai="123" doraHaiUra="52" who="2" fromWho="2" sc="350,-10,230,-10,120,50,290,-20" /><INIT seed="4,0,0,0,0,44" ten="340,220,170,270" oya="0" hai0="109,110,54,75,47,43,129,31,118,98,15,116,134" hai1="65,69,6,52,126,17,41,60,117,49,40,132,55" hai2="51,61,127,92,130,97,46,66,79,29,8,111,81" hai3="78,25,93,103,115,133,72,57,45,24,48,104,13"/><T7/><D75/><U122/><E6/><V35/><F127/><W102/><G115/><T108/><D31/><U120/><E17/><V67/><F130/><W121/><G121/><T84/><D129/><U76/><E76/><V42/><F111/><W1/><G1/><T3/><D134/><U101/><E101/><V4/><F29/><W62/><G133/><T74/><D54/><U83/><E83/><V59/><F35/><W19/><G104/><T16/><D74/><U30/><E30/><V10/><F67/><N who="3" m="39375" /><G78/><T91/><D98/><U113/><E132/><V50/><F4/><W112/><G72/><T20/><D7/><U85/><E85/><N who="2" m="48319" /><F51/><W90/><G112/><T14/><D15/><U58/><E113/><V53/><F42/><N who="1" m="16489" /><E117/><V23/><F23/><N who="3" m="11759" /><G103/><AGARI ba="0,0" hai="8,10,46,50,53,59,61,66,92,97,103" m="48319" machi="103" ten="30,2000,0" yaku="8,1,52,1" doraHai="44" who="2" fromWho="3" sc="340,0,220,0,170,20,270,-20" /><INIT seed="5,0,0,4,0,76" ten="340,220,190,250" oya="1" hai0="124,48,97,8,46,0,121,109,117,25,43,75,78" hai1="3,98,111,125,35,72,11,99,53,4,24,130,71" hai2="40,18,31,7,129,33,82,10,116,22,134,126,118" hai3="57,59,55,135,83,95,103,87,32,42,74,50,70"/><U81/><E125/><V89/><F40/><W52/><G32/><T127/><D109/><U19/><E130/><V123/><F123/><W29/><G70/><T16/><D117/><U44/><E111/><V51/><F126/><N who="0" m="48170" /><D97/><U110/><E110/><V60/><F60/><W28/><G135/><T27/><D121/><U84/><E72/><V2/><F51/><W15/><G42/><T9/><D0/><U64/><E64/><V68/><F68/><W12/><G74/><T112/><D112/><U14/><E71/><V80/><F89/><W67/><G67/><T128/><D128/><U92/><E92/><V34/><F134/><W17/><G95/><T6/><D6/><U69/><E69/><V132/><F34/><W61/><G103/><T96/><D96/><U62/><E35/><V77/><F77/><N who="3" m="46575" /><G15/><T86/><D78/><U113/><E113/><V133/><F129/><W91/><G91/><T79/><D86/><U54/><E54/><V45/><F118/><W58/><G59/><T23/><D79/><U88/><E62/><V90/><F45/><W106/><G106/><T56/><D75/><U108/><E108/><V39/><F39/><W122/><G122/><T30/><D56/><U37/><E37/><V105/><F105/><W115/><G115/><T63/><D63/><U107/><E107/><V36/><F36/><W49/><G61/><T47/><D46/><U41/><E41/><V26/><F116/><W85/><G85/><T1/><D1/><U104/><E104/><V100/><F100/><W131/><G131/><T21/><AGARI ba="0,0" hai="8,9,16,21,23,25,27,30,43,47,48" m="48170" machi="21" ten="30,2000,0" yaku="18,1,54,1" doraHai="76" who="0" fromWho="0" sc="340,20,220,-10,190,-5,250,-5" /><INIT seed="6,0,0,2,4,131" ten="360,210,185,245" oya="2" hai0="50,121,107,62,27,12,70,90,94,109,30,20,67" hai1="51,125,13,132,7,9,25,29,4,113,33,103,87" hai2="49,65,36,78,85,47,117,112,83,16,17,71,97" hai3="80,42,41,48,118,1,24,32,123,111,105,95,63"/><V5/><F117/><W76/><G111/><T35/><D109/><U119/><E103/><V91/><F36/><W108/><G108/><T104/><D121/><U61/><E61/><V135/><F112/><W86/><G118/><T37/><D37/><U46/><E119/><V133/><F5/><W8/><G105/><T82/><D82/><U22/><E113/><V40/><F65/><W59/><G123/><T129/><D129/><U98/><E98/><V39/><F71/><W34/><G95/><T10/><D50/><U106/><E106/><V11/><F39/><W134/><G42/><T60/><D62/><U124/><E87/><V102/><F78/><W72/><G72/><T101/><D35/><U127/><E7/><V110/><F110/><W115/><G115/><T0/><D0/><U15/><E15/><V31/><F31/><W75/><G24/><T23/><D101/><U96/><E96/><V77/><F77/><W116/><G75/><T56/><D70/><U130/><E130/><V55/><F40/><W43/><G43/><T93/><D104/><U44/><E33/><V57/><F57/><W84/><G116/><T19/><D107/><U73/><E73/><V99/><F17/><W18/><G1/><T52/><D30/><U14/><E14/><N who="2" m="7263" /><F99/><W126/><G41/><T58/><D58/><U79/><E79/><V128/><F128/><W89/><G76/><T3/><D3/><U92/><E127/><V74/><F74/><W54/><G126/><T45/><D67/><U114/><E114/><V122/><F122/><W68/><G68/><T26/><D19/><RYUUKYOKU ba="0,0" sc="360,-10,210,-10,185,30,245,-10" hai2="47,49,55,83,85,91,97,102,133,135" /><INIT seed="6,1,0,3,1,119" ten="350,200,215,235" oya="2" hai0="67,107,15,115,32,105,44,97,55,93,132,0,47" hai1="69,23,99,92,60,10,130,98,101,110,18,11,80" hai2="65,133,49,52,64,7,29,24,71,8,30,53,31" hai3="68,112,83,21,25,3,20,45,103,117,91,59,84"/><V109/><F133/><W38/><G117/><T14/><D0/><U43/><E110/><V27/><F109/><W13/><G68/><T135/><D115/><U116/><E116/><V126/><F126/><W70/><G70/><T111/><D32/><U102/><E130/><V127/><F127/><W1/><G112/><T79/><D111/><U108/><E108/><V4/><F71/><W125/><G125/><T40/><D55/><N who="2" m="21066" /><F49/><W39/><G103/><T35/><D35/><U123/><E123/><V56/><F8/><W26/><G59/><T37/><D47/><U16/><E43/><V17/><F17/><W87/><G83/><T90/><D67/><N who="2" m="25674" /><F56/><W134/><G13/><T122/><D122/><U12/><E69/><V54/><F54/><W114/><G114/><T28/><D105/><U34/><E34/><V22/><F22/><W95/><G45/><T124/><D107/><U106/><E60/><V41/><F41/><W86/><G134/><N who="0" m="51243" /><D124/><U82/><REACH who="1" step="1"/><E10/><REACH who="1" ten="350,190,215,235" step="2"/><V88/><F88/><W33/><G33/><T50/><D90/><U100/><E100/><V96/><F96/><W89/><G89/><T121/><D97/><U128/><E128/><V46/><F46/><W66/><G91/><T9/><D44/><U73/><E73/><V57/><F57/><W113/><G113/><T61/><D9/><U63/><E63/><V76/><F76/><W2/><G66/><T62/><D61/><U118/><E118/><V85/><F85/><W48/><G86/><T81/><D62/><U58/><E58/><V5/><AGARI ba="1,1" hai="4,5,7,24,27,29,30,31" m="25674,21066" machi="5" ten="40,12000,1" yaku="28,2,8,1,54,1" doraHai="119" who="2" fromWho="2" sc="350,-41,190,-41,215,133,235,-41" /><INIT seed="6,2,0,1,0,25" ten="309,149,348,194" oya="2" hai0="82,5,125,18,109,64,34,95,8,44,96,27,40" hai1="122,3,113,111,90,33,67,52,100,48,126,131,93" hai2="57,91,103,50,120,94,72,31,108,46,24,132,29" hai3="116,92,55,11,58,102,61,97,7,99,6,74,59"/><V128/><F72/><W65/><G74/><T45/><D109/><U35/><E111/><V85/><F120/><W36/><G116/><T135/><D125/><U26/><E3/><V56/><F108/><W129/><G129/><T104/><D104/><U9/><E100/><V78/><F132/><W2/><G36/><T87/><D64/><U88/><E67/><V39/><F39/><W19/><G99/><T83/><D135/><U110/><E110/><V66/><F24/><W12/><REACH who="3" step="1"/><G2/><REACH who="3" ten="309,149,348,184" step="2"/><T15/><D96/><U75/><E75/><V79/><F128/><W112/><G112/><T130/><D130/><U107/><E113/><V53/><F103/><W38/><G38/><T105/><D87/><U69/><E131/><V0/><F0/><W43/><G43/><T106/><D40/><U60/><E122/><V51/><F66/><W63/><AGARI ba="2,1" hai="6,7,11,12,19,55,58,59,61,63,65,92,97,102" machi="63" ten="20,5200,0" yaku="1,1,0,1,7,1,8,1,53,0" doraHai="25" doraHaiUra="123" who="3" fromWho="3" sc="309,-15,149,-15,348,-28,184,68" /><INIT seed="7,0,0,5,0,126" ten="294,134,320,252" oya="3" hai0="101,108,128,85,56,27,35,86,46,120,4,88,37" hai1="109,51,1,69,59,102,3,66,60,9,100,7,114" hai2="18,40,97,105,119,95,36,84,48,13,55,30,65" hai3="21,2,28,58,26,14,124,29,68,113,33,70,133"/><W34/><G124/><T123/><D108/><U135/><E109/><V130/><F130/><W118/><G118/><T98/><D128/><U0/><E114/><V31/><F105/><W103/><G2/><T42/><D86/><U19/><E135/><V121/><F36/><W75/><G75/><T52/><D4/><U5/><E3/><V94/><F40/><W125/><G125/><T74/><D74/><U44/><E69/><V53/><F65/><W91/><G113/><T106/><D27/><U129/><E129/><V15/><F15/><W38/><G38/><T115/><D35/><U112/><E112/><V111/><F55/><W77/><G133/><T110/><D110/><U32/><E32/><V82/><F111/><W10/><G68/><T127/><D127/><U104/><E104/><V71/><F71/><W73/><G73/><T117/><D117/><U90/><E19/><V45/><F121/><W43/><G70/><T78/><D78/><U16/><E90/><N who="2" m="51479" /><F119/><W89/><G34/><T76/><D76/><U24/><E1/><V79/><F79/><W107/><G107/><T57/><D115/><U62/><E62/><V134/><F134/><W93/><G77/><T81/><D57/><U92/><E92/><N who="2" m="35371" /><F97/><N who="3" m="59823" /><G43/><T80/><D80/><U87/><E87/><V8/><AGARI ba="0,0" hai="8,13,18,30,31,45,48,53" m="35371,51479" machi="8" ten="30,2000,0" yaku="25,1,8,1" doraHai="126" who="2" fromWho="2" sc="294,-5,134,-5,320,20,252,-10" owari="289,9.0,129,-37.0,340,44.0,242,-16.0" /></mjloggm>