<mjloggm ver="2.3"><GO type="169" lobby="0"/><UN n0="%E7%84%9A%E3%81%8D%E7%81%AB" n1="%E3%83%9F%E3%83%88%E3%83%95%E3%82%AF%E3%83%AD%E3%82%A6" n2="%E3%82%A6%E3%83%AB%E3%83%88%E3%83%A9%E7%AB%8B%E7%9B%B4" n3="%E4%B8%80%E5%9B%9B%E5%9B%9B" dan="16,16,18,17" rate="2107.66,2119.30,2245.05,2140.47" sx="M,F,M,M"/><TAIKYOKU oya="0"/><INIT seed="0,0,0,2,0,120" ten="250,250,250,250" oya="0" hai0="62,52,84,125,43,34,114,9,98,29,105,24,38" hai1="129,48,7,108,68,50,45,100,83,106,32,37,10" hai2="46,26,117,86,112,33,85,80,16,53,51,93,109" hai3="23,96,59,122,79,128,60,110,18,111,135,14,132"/><T25/><D114/><U74/><E32/><V72/><F112/><W119/><G119/><T22/><D125/><U41/><E68/><V36/><F117/><W19/><G128/><T73/><D73/><U130/><E108/><N who="3" m="41514" /><G122/><T42/><D38/><U4/><E100/><V104/><F104/><W123/><G123/><T65/><D9/><U131/><E106/><V3/><F3/><W116/><G116/><T99/><D84/><U47/><E10/><V11/><F36/><W2/><G2/><T69/><D98/><U1/><E1/><V75/><F72/><W87/><G96/><T97/><D99/><U113/><E113/><V5/><F75/><W127/><G127/><T15/><D15/><U76/><REACH who="1" step="1"/><E37/><REACH who="1" ten="250,240,250,250" step="2"/><V133/><F109/><W124/><G124/><T31/><REACH who="0" step="1"/><D52/><AGARI ba="0,1" hai="4,7,41,45,47,48,50,52,74,76,83,129,130,131" machi="52" ten="40,8000,1" yaku="1,1,2,1,19,1,54,1,53,0" doraHai="120" doraHaiUra="30" who="1" fromWho="0" sc="250,-80,240,90,250,0,250,0" /><INIT seed="1,0,0,4,3,131" ten="170,330,250,250" oya="1" hai0="66,104,65,81,132,76,0,97,62,21,58,98,86" hai1="40,67,113,73,102,121,18,89,115,23,45,29,64" hai2="33,129,13,70,48,123,35,116,63,74,101,128,3" hai3="118,99,88,127,69,31,57,28,85,110,124,125,53"/><U59/><E121/><V77/><F13/><W39/><G39/><T9/><D104/><U72/><E29/><V6/><F48/><W5/><G69/><T10/><D0/><U51/><E102/><V114/><F101/><W68/><G68/><T71/><D71/><U32/><E32/><V4/><F4/><W56/><G110/><T134/><D134/><U47/><E67/><N who="2" m="41343" /><F116/><W130/><G130/><N who="2" m="50281" /><F123/><W38/><G38/><T122/><D122/><U133/><E133/><V106/><F106/><W37/><G37/><T79/><D79/><U19/><E64/><V111/><F111/><W8/><G99/><T75/><D75/><U30/><E73/><V120/><F120/><W36/><G36/><T117/><D66/><U55/><E72/><V91/><F91/><W112/><G112/><T17/><D117/><U105/><E105/><V22/><F22/><W84/><G118/><T90/><D132/><U7/><E7/><V27/><F27/><W83/><G57/><T2/><D2/><U41/><E89/><V16/><F16/><N who="1" m="6185" /><E115/><V108/><F108/><W94/><G8/><N who="0" m="3179" /><D90/><U12/><E113/><V100/><F100/><W103/><G103/><T92/><D92/><U119/><E119/><V26/><F114/><W50/><G5/><T54/><D65/><U49/><E12/><AGARI ba="0,0" hai="12,17,21,54,58,62,76,81,86,97,98" m="3179" machi="12" ten="30,1000,0" yaku="8,1" doraHai="131" who="0" fromWho="1" sc="170,10,330,-10,250,0,250,0" /><INIT seed="2,0,0,4,3,72" ten="180,320,250,250" oya="2" hai0="18,71,3,37,33,120,41,69,43,114,8,77,11" hai1="89,9,21,124,126,36,76,25,80,98,26,103,134" hai2="27,6,74,105,47,128,104,52,32,115,135,4,50" hai3="55,119,54,108,56,68,65,82,31,14,30,127,90"/><V40/><F115/><W123/><G119/><T49/><D33/><U0/><E36/><V59/><F128/><W39/><G39/><T44/><D114/><U13/><E0/><V7/><F135/><W48/><G123/><T70/><D120/><U42/><E42/><V34/><F74/><W95/><G108/><T116/><D116/><U133/><E89/><V91/><F91/><W99/><G127/><N who="1" m="48682" /><E13/><V85/><F85/><N who="3" m="50487" /><G68/><T100/><D100/><U132/><E9/><V51/><REACH who="2" step="1"/><F27/><REACH who="2" ten="180,320,240,250" step="2"/><W92/><G99/><T17/><D37/><U111/><E26/><V29/><F29/><W129/><G31/><T130/><D130/><U57/><E25/><V58/><F58/><W106/><G56/><T94/><D71/><U86/><E57/><V62/><F62/><W113/><G30/><T46/><D70/><U60/><E60/><V64/><F64/><W88/><G65/><T2/><D69/><U83/><E86/><V22/><F22/><W78/><G88/><T67/><D67/><U12/><E21/><V79/><F79/><W125/><G78/><T93/><D49/><U35/><E76/><AGARI ba="0,1" hai="2,3,8,11,17,18,41,43,44,46,76,77,93,94" machi="76" ten="25,6400,0" yaku="22,2,52,2" doraHai="72" who="0" fromWho="1" sc="180,74,320,-64,240,0,250,0" /><INIT seed="3,0,0,0,2,129" ten="254,256,240,250" oya="3" hai0="87,40,43,75,69,89,15,74,38,103,101,96,111" hai1="29,35,71,114,88,1,135,95,16,98,67,121,80" hai2="107,125,93,70,122,61,97,48,108,30,26,105,58" hai3="99,112,44,0,116,120,19,4,90,117,127,22,128"/><W28/><G44/><T65/><D15/><U79/><E1/><V59/><F108/><W92/><G120/><T109/><D65/><U37/><E114/><V84/><F125/><W36/><G112/><T55/><D69/><U102/><E121/><V18/><F122/><W85/><G36/><T77/><D55/><U132/><E37/><V66/><F18/><W124/><G28/><T118/><D38/><U13/><E29/><V24/><F24/><W63/><G63/><T56/><D56/><U2/><E35/><V110/><F110/><N who="0" m="41994" /><D43/><U73/><E2/><V27/><F27/><W9/><G128/><T106/><D40/><U39/><E39/><V41/><F84/><W32/><G85/><T12/><D12/><U119/><E119/><V17/><F17/><W23/><G32/><T54/><D54/><U49/><E49/><V34/><F59/><W60/><G60/><T57/><D57/><U72/><E72/><N who="0" m="27689" /><D118/><U8/><REACH who="1" step="1"/><E102/><REACH who="1" ten="254,246,240,250" step="2"/><V5/><F34/><W126/><REACH who="3" step="1"/><G22/><REACH who="3" ten="254,246,240,240" step="2"/><T104/><D77/><U42/><E42/><V6/><F41/><W94/><G94/><N who="0" m="58519" /><D103/><U51/><E51/><V33/><F48/><W134/><G134/><T68/><D68/><U76/><E76/><V86/><F70/><W113/><G113/><T133/><D133/><U83/><E83/><AGARI ba="0,2" hai="83,87,89,104,106" m="58519,27689,41994" machi="83" ten="30,3900,0" yaku="14,1,34,2" doraHai="129" who="0" fromWho="1" sc="254,59,246,-39,240,0,240,0" /><INIT seed="4,0,0,2,0,65" ten="313,207,240,240" oya="0" hai0="1,90,99,52,95,60,41,118,48,49,19,68,135" hai1="120,113,123,92,27,64,76,0,105,51,15,127,108" hai2="129,87,122,73,104,126,4,37,22,45,88,109,125" hai3="20,35,12,31,16,84,130,71,58,72,6,80,2"/><T124/><D118/><U59/><E105/><V61/><F122/><W34/><G72/><T24/><D1/><U96/><E108/><V38/><F73/><W47/><G47/><T78/><D124/><U133/><E0/><V91/><F104/><W81/><G130/><T46/><D135/><U42/><E76/><V54/><F109/><W13/><G81/><T11/><D78/><U50/><E127/><N who="2" m="48651" /><F129/><W63/><G13/><T100/><D11/><U28/><E133/><V128/><F128/><W75/><G75/><T82/><D68/><U18/><E113/><V131/><F131/><W62/><G71/><T77/><D60/><N who="1" m="37919" /><E123/><V14/><F91/><W55/><G62/><T98/><D77/><U106/><E106/><V10/><F22/><W89/><REACH who="3" step="1"/><G31/><REACH who="3" ten="313,207,240,230" step="2"/><T112/><D82/><U29/><E120/><V134/><F134/><W83/><G83/><T56/><D112/><U121/><E121/><V116/><F116/><W23/><G23/><N who="0" m="13439" /><D100/><N who="1" m="60423" /><E42/><V103/><F103/><W30/><G30/><N who="1" m="11882" /><E27/><V93/><F61/><W67/><G67/><T53/><D41/><U69/><E69/><V70/><F70/><W97/><G97/><AGARI ba="0,1" hai="46,48,49,52,53,56,90,95,97,98,99" m="13439" machi="97" ten="30,2900,0" yaku="8,1,54,1" doraHai="65" who="0" fromWho="3" sc="313,39,207,0,240,0,230,-29" /><INIT seed="4,1,0,3,2,15" ten="352,207,240,201" oya="0" hai0="6,90,95,89,36,80,111,38,17,106,14,116,104" hai1="19,125,37,131,26,96,28,29,47,107,114,74,112" hai2="21,119,105,8,42,51,124,64,87,39,82,115,3" hai3="11,69,128,43,63,65,86,130,46,113,134,32,81"/><T78/><D6/><U23/><E74/><V9/><F105/><W20/><G32/><T5/><D5/><U97/><E125/><V70/><F115/><N who="1" m="44073" /><E131/><N who="3" m="50218" /><G11/><T132/><D116/><U99/><E107/><V83/><F82/><W84/><G134/><T121/><D121/><U57/><E57/><V98/><F83/><W109/><G109/><T123/><D123/><U71/><E71/><V101/><F87/><W127/><G127/><T100/><D111/><U27/><E27/><V68/><F70/><W54/><G54/><T79/><D100/><U48/><E37/><V35/><F101/><W91/><G86/><T73/><D132/><U88/><E88/><V133/><F68/><W0/><G0/><T122/><D122/><U93/><E93/><V7/><F3/><W2/><G2/><T4/><D79/><U40/><AGARI ba="1,0" hai="19,23,26,28,29,40,47,48,96,97,99" m="44073" machi="40" ten="30,4000,0" yaku="15,1,11,1,52,1" doraHai="15" who="1" fromWho="1" sc="352,-21,207,43,240,-11,201,-11" /><INIT seed="5,0,0,0,3,19" ten="331,250,229,190" oya="1" hai0="4,7,88,82,20,74,50,24,106,97,68,30,17" hai1="124,118,67,102,16,46,42,131,111,65,73,2,12" hai2="128,11,49,85,95,75,114,15,47,78,87,121,35" hai3="93,100,57,34,99,81,120,40,62,125,126,98,5"/><U96/><E118/><V60/><F121/><W130/><G34/><T116/><D116/><U80/><E2/><V8/><F35/><W122/><G5/><T105/><D68/><U89/><E124/><N who="3" m="47722" /><G40/><T6/><D50/><U92/><E131/><V25/><F128/><W26/><G26/><T28/><D74/><U44/><E111/><V107/><F107/><N who="3" m="63895" /><G130/><T38/><D38/><U79/><E102/><V66/><F25/><W110/><G110/><T83/><D106/><U84/><E73/><V53/><F114/><W112/><G112/><T77/><D105/><U9/><REACH who="1" step="1"/><E46/><REACH who="1" ten="331,240,229,190" step="2"/><V41/><F75/><W39/><G122/><T51/><D51/><AGARI ba="0,1" hai="9,12,16,42,44,51,65,67,79,80,84,89,92,96" machi="51" ten="30,12000,1" yaku="1,1,2,1,7,1,8,1,54,1,53,0" doraHai="19" doraHaiUra="18" who="1" fromWho="0" sc="331,-120,240,130,229,0,190,0" /><INIT seed="5,1,0,5,1,6" ten="211,370,229,190" oya="1" hai0="60,108,117,1,100,74,122,105,58,113,101,69,72" hai1="26,53,20,126,87,68,38,5,83,128,64,28,19" hai2="96,67,61,49,98,73,46,33,89,17,30,135,112" hai3="35,3,131,91,133,134,40,76,47,80,16,120,57"/><U82/><E38/><V39/><F39/><W99/><G35/><T41/><D58/><U78/><E126/><V27/><F135/><N who="3" m="51723" /><G3/><T77/><D41/><U59/><E128/><V22/><F73/><W32/><G32/><T36/><D100/><U109/><E109/><V97/><F112/><W25/><G57/><T31/><D31/><U71/><E64/><V115/><F115/><W21/><G120/><T7/><D77/><U2/><E82/><V107/><F107/><W51/><G131/><T8/><D36/><U84/><E84/><V127/><F127/><W93/><G80/><T13/><D13/><U56/><E56/><N who="2" m="37287" /><F33/><W34/><G34/><T110/><D117/><U125/><E125/><V95/><F30/><W123/><G123/><T79/><D113/><U70/><E2/><V14/><F27/><W43/><G43/><AGARI ba="1,0" hai="14,17,22,43,46,49,89,95,96,97,98" m="37287" machi="43" ten="30,1000,0" yaku="8,1" doraHai="6" who="2" fromWho="3" sc="211,0,370,0,229,13,190,-13" /><INIT seed="6,0,0,4,5,20" ten="211,370,242,177" oya="2" hai0="61,64,36,54,113,35,56,106,97,3,122,6,101" hai1="131,124,74,128,117,21,46,65,33,58,88,17,67" hai2="4,98,49,27,107,91,22,130,84,2,50,37,29" hai3="41,99,112,8,135,94,100,90,24,72,119,63,25"/><V70/><F37/><W10/><G119/><T125/><D122/><U111/><E33/><V45/><F70/><W55/><G72/><T26/><D125/><U11/><E111/><V1/><F130/><W83/><G135/><T44/><D113/><U132/><E117/><V116/><F116/><W32/><G32/><T66/><D6/><U96/><E74/><V14/><F14/><W7/><G41/><T102/><D3/><U68/><E68/><V18/><F29/><W120/><G120/><T57/><D102/><U129/><E11/><N who="3" m="4138" /><G7/><T80/><D80/><U30/><E30/><V62/><F4/><W9/><N who="3" m="4146" /><W110/><DORA hai="39" /><G110/><T108/><D108/><U127/><E132/><V34/><F34/><W85/><G112/><T42/><REACH who="0" step="1"/><D57/><AGARI ba="0,0" hai="24,25,55,57,63,83,85,90,94,99,100" m="4146" machi="57" ten="30,3900,0" yaku="8,1,52,2" doraHai="20,39" who="3" fromWho="0" sc="211,-39,370,0,242,0,177,39" /><INIT seed="7,0,0,3,0,123" ten="172,370,242,216" oya="3" hai0="92,105,54,22,17,23,24,61,127,31,109,96,124" hai1="77,102,52,67,32,83,26,115,19,98,50,110,118" hai2="106,51,125,94,18,45,1,81,76,78,14,53,5" hai3="62,108,57,60,20,68,79,8,101,120,65,35,71"/><W89/><G120/><T117/><D117/><U36/><E36/><V126/><F106/><W3/><G35/><T75/><D75/><U72/><E67/><V100/><F5/><W134/><G134/><T133/><D105/><U87/><E115/><V29/><F29/><W7/><G101/><T25/><D133/><U99/><E110/><V97/><F1/><W43/><G43/><T39/><D39/><U63/><E63/><V55/><F55/><W111/><G79/><T13/><D109/><N who="3" m="42057" /><G62/><T59/><REACH who="0" step="1"/><D13/><REACH who="0" ten="162,370,242,216" step="2"/><U44/><E118/><V121/><F14/><W129/><G129/><T9/><D9/><U88/><E72/><V128/><F128/><W42/><G42/><T95/><D95/><U56/><E26/><V70/><F94/><W85/><G20/><T131/><D131/><U90/><E32/><V0/><F121/><W132/><G132/><T41/><D41/><U74/><E74/><V93/><F126/><W6/><G7/><T64/><D64/><U91/><E77/><V114/><F78/><W38/><G38/><T16/><D16/><U135/><E19/><V122/><F18/><W37/><G37/><T27/><D27/><U73/><E73/><V49/><F76/><W4/><G6/><T130/><D130/><U82/><E135/><V10/><F125/><W33/><G33/><T107/><D107/><U58/><E102/><V119/><F100/><W46/><G46/><T84/><D84/><U47/><E44/><N who="2" m="27815" /><F122/><W113/><G113/><T69/><D69/><U2/><E47/><V48/><F45/><W28/><G28/><T34/><D34/><RYUUKYOKU ba="0,1" sc="162,15,370,-15,242,-15,216,15" hai0="17,22,23,24,25,31,54,59,61,92,96,124,127" hai3="3,4,8,57,60,65,68,71,85,89" /><INIT seed="7,1,1,4,0,101" ten="177,355,227,231" oya="3" hai0="87,7,111,96,26,83,72,56,104,129,11,40,89" hai1="108,81,86,91,71,30,27,13,116,117,49,114,82" hai2="78,109,85,54,12,3,105,106,50,34,52,112,32" hai3="135,62,5,70,43,67,6,68,47,73,125,130,61"/><W51/><G73/><T88/><D111/><U98/><E108/><V10/><F3/><W92/><G125/><T123/><D123/><U110/><E110/><V124/><F109/><W19/><G130/><T102/><D129/><U80/><E71/><V119/><F119/><N who="1" m="45641" /><E114/><V44/><F34/><W79/><G79/><T75/><D40/><U76/><E13/><V8/><F32/><W127/><G135/><T0/><D89/><U131/><E49/><V48/><F10/><W37/><G19/><T33/><REACH who="0" step="1"/><D56/><REACH who="0" ten="167,355,227,231" step="2"/><U66/><E91/><V97/><F124/><W2/><G127/><T24/><D24/><U90/><E90/><V21/><F112/><W25/><G25/><T74/><D74/><U100/><E27/><V120/><F120/><W122/><G122/><T107/><D107/><U22/><E131/><V113/><F106/><W63/><G70/><T133/><D133/><U53/><E76/><V55/><F105/><W42/><G43/><T29/><AGARI ba="1,2" hai="0,7,11,26,29,33,72,75,83,87,88,96,102,104" machi="29" ten="30,7900,0" yaku="1,1,0,1,52,1,54,1,53,0" doraHai="101" doraHaiUra="57" who="0" fromWho="0" sc="167,102,355,-21,227,-21,231,-40" owari="269,7.0,334,43.0,206,-19.0,191,-31.0" /></mjloggm>