<mjloggm ver="2.3"><GO type="169" lobby="0"/><UN n0="%E5%94%AF%E4%BA%95%E3%81%B5%E3%81%9F%E3%81%BF" n1="%E7%A8%B2%E4%BD%9C%E3%83%B4%E3%82%A9%E3%83%AB%E3%82%B1%E3%82%A4%E3%83%8E" n2="%74%75%74%69%79%61" n3="%E3%82%A6%E3%83%AB%E3%83%88%E3%83%A9%E7%AB%8B%E7%9B%B4" dan="16,16,16,18" rate="2043.19,2114.46,2080.89,2228.36" sx="F,M,M,M"/><TAIKYOKU oya="0"/><INIT seed="0,0,0,5,1,77" ten="250,250,250,250" oya="0" hai0="126,98,111,67,124,22,103,93,132,117,66,10,30" hai1="86,109,74,17,92,41,31,81,90,38,94,13,59" hai2="85,46,27,60,12,65,26,6,39,42,106,19,71" hai3="21,89,36,1,110,127,69,20,130,70,128,122,52"/><T47/><D117/><U4/><E109/><V108/><F106/><W133/><G36/><T134/><D47/><U55/><E4/><V104/><F104/><W23/><G1/><T49/><D49/><U129/><E129/><V100/><F100/><W116/><G116/><T3/><D3/><U73/><E31/><V50/><F108/><W7/><G7/><T28/><D111/><U54/><E73/><V34/><F6/><W113/><G113/><T64/><D10/><U99/><E74/><V29/><F26/><W9/><G9/><T75/><D75/><U96/><E38/><V43/><F85/><W72/><G72/><T102/><D22/><N who="1" m="11567" /><E41/><V48/><REACH who="2" step="1"/><F42/><REACH who="2" ten="250,250,240,250" step="2"/><W125/><G110/><T58/><D103/><N who="1" m="60807" /><E59/><V25/><F25/><W15/><G130/><T68/><D68/><U37/><E37/><V88/><F88/><AGARI ba="0,1" hai="54,55,81,86,88,90,94,99" m="60807,11567" machi="88" ten="30,3900,0" yaku="8,1,52,1,54,1" doraHai="77" who="1" fromWho="2" sc="250,0,250,49,240,-39,250,0" /><INIT seed="1,0,0,3,4,23" ten="250,299,201,250" oya="1" hai0="24,10,110,76,108,29,95,104,62,32,97,77,78" hai1="96,50,39,105,100,129,123,118,6,107,87,38,85" hai2="14,33,94,56,4,82,103,9,83,133,12,59,60" hai3="57,7,45,58,73,49,135,115,35,79,113,51,81"/><U67/><E118/><V119/><F119/><W46/><G135/><T19/><D104/><U121/><E6/><V22/><F133/><W134/><G134/><T31/><D62/><U47/><E129/><V106/><F33/><W111/><G111/><T99/><D31/><U20/><E67/><V112/><F106/><W53/><G35/><T61/><D61/><U1/><E1/><V70/><F70/><W37/><G37/><T117/><D117/><U54/><E107/><V16/><F112/><W132/><G132/><T92/><D19/><U80/><E87/><V44/><F44/><W109/><G109/><T102/><REACH who="0" step="1"/><D10/><REACH who="0" ten="240,299,201,250" step="2"/><U124/><E124/><V18/><F18/><W27/><G115/><T126/><D126/><U5/><E123/><V125/><F125/><W131/><G113/><T15/><D15/><U75/><E121/><V68/><F68/><W42/><G131/><T41/><D41/><U84/><E105/><V3/><F3/><W128/><G128/><T43/><D43/><U0/><E0/><V116/><F116/><W26/><REACH who="3" step="1"/><G7/><REACH who="3" ten="240,299,201,240" step="2"/><T71/><D71/><U2/><E5/><V55/><F4/><W74/><G74/><T98/><D98/><U72/><E96/><V11/><F60/><W8/><G8/><T89/><AGARI ba="0,2" hai="24,29,32,76,77,78,89,92,95,97,99,102,108,110" machi="89" ten="30,4000,0" yaku="1,1,0,1,52,1,53,0" doraHai="23" doraHaiUra="101" who="0" fromWho="0" sc="240,60,299,-20,201,-10,240,-10" /><INIT seed="2,0,0,3,2,59" ten="300,279,191,230" oya="2" hai0="27,11,104,24,77,131,5,70,116,112,98,119,22" hai1="21,84,75,10,7,69,74,86,73,110,49,123,0" hai2="45,19,9,120,85,12,8,36,79,91,68,72,106" hai3="55,64,14,83,48,62,39,135,16,71,107,2,87"/><V58/><F120/><W118/><G2/><T46/><D77/><U105/><E123/><V76/><F68/><W61/><G118/><T108/><D46/><U60/><E105/><V50/><F106/><W65/><G39/><T115/><D98/><U32/><E32/><V34/><F34/><W54/><G107/><T103/><D103/><U3/><E110/><V63/><F72/><W6/><G6/><T93/><D93/><U23/><E0/><V127/><F9/><W51/><G135/><T126/><D70/><U95/><E49/><V28/><F28/><W4/><G4/><T125/><D104/><U38/><E38/><V66/><F36/><W42/><G42/><T18/><D108/><U99/><E21/><V100/><F100/><W121/><G121/><T44/><D44/><U117/><E23/><V78/><F127/><N who="0" m="48650" /><D27/><U40/><E40/><V92/><REACH who="2" step="1"/><F78/><REACH who="2" ten="300,279,181,230" step="2"/><W96/><G71/><T57/><D116/><U132/><E117/><V25/><F25/><W124/><G124/><T1/><D119/><U102/><REACH who="1" step="1"/><E132/><REACH who="1" ten="300,269,181,230" step="2"/><V35/><F35/><W133/><G133/><T43/><D11/><U80/><E80/><V37/><F37/><W90/><G83/><T129/><D22/><U88/><E88/><V130/><F130/><W134/><G90/><T52/><D129/><U31/><E31/><V13/><F13/><W82/><G14/><T111/><D131/><U81/><E81/><V53/><AGARI ba="0,2" hai="8,12,19,45,50,53,58,63,66,76,79,85,91,92" machi="53" ten="20,12000,1" yaku="1,1,0,1,7,1,8,1,52,1,53,0" doraHai="59" doraHaiUra="113" who="2" fromWho="2" sc="300,-40,269,-40,181,140,230,-40" /><INIT seed="2,1,0,1,2,68" ten="260,229,321,190" oya="2" hai0="2,106,39,20,0,54,105,130,96,30,132,16,116" hai1="131,100,77,38,89,58,71,75,117,18,74,121,112" hai2="97,41,19,32,70,49,45,62,11,35,27,1,73" hai3="133,57,43,104,5,92,123,21,107,25,6,91,24"/><V46/><F73/><W109/><G123/><T47/><D30/><U114/><E71/><V67/><F97/><W10/><G109/><T33/><D33/><U59/><E18/><V17/><F46/><W26/><G133/><T44/><D132/><U103/><E89/><V87/><F87/><W50/><G21/><T129/><D116/><U7/><E7/><V118/><F118/><W83/><G83/><T128/><D47/><U78/><E117/><V82/><F82/><W64/><G6/><T90/><D54/><U56/><E56/><V85/><F85/><W63/><G50/><T119/><D119/><U4/><E4/><V126/><F126/><W108/><G43/><N who="0" m="22655" /><D90/><U9/><E9/><V65/><F65/><W125/><G125/><T52/><D52/><U48/><E48/><V84/><F84/><W101/><G101/><N who="0" m="62631" /><D106/><U29/><E29/><V124/><F124/><W81/><G108/><T66/><D66/><U72/><E72/><V76/><F76/><W99/><REACH who="3" step="1"/><G81/><REACH who="3" ten="260,229,321,180" step="2"/><T122/><D122/><U28/><E121/><V61/><F49/><W88/><G88/><T113/><D113/><U55/><E114/><V42/><F35/><W93/><G93/><T36/><D36/><U80/><E38/><V3/><F32/><W15/><AGARI ba="1,1" hai="5,10,15,24,25,26,57,63,64,91,92,99,104,107" machi="15" ten="30,2000,0" yaku="1,1,0,1,53,0" doraHai="68" doraHaiUra="34" who="3" fromWho="3" sc="260,-6,229,-6,321,-11,180,33" /><INIT seed="3,0,0,1,3,38" ten="254,223,310,213" oya="3" hai0="101,42,57,91,108,116,103,89,119,56,29,83,102" hai1="75,74,16,132,26,7,130,98,0,79,112,100,25" hai2="115,32,11,8,127,80,66,2,37,51,41,4,65" hai3="126,5,133,27,135,72,63,90,20,68,125,117,94"/><W48/><G72/><T67/><D108/><U18/><E112/><V87/><F115/><W93/><G117/><T134/><D134/><N who="3" m="51209" /><G5/><T50/><D29/><U81/><E132/><V44/><F127/><N who="3" m="48651" /><G48/><T39/><D39/><U123/><E123/><V62/><F32/><W61/><G68/><T92/><D116/><U95/><E74/><V121/><F121/><W71/><G71/><T111/><D111/><U59/><E7/><V1/><F37/><W30/><G93/><T124/><D119/><U13/><E0/><V99/><F99/><AGARI ba="0,0" hai="20,27,30,61,63,90,94,99" m="48651,51209" machi="99" ten="30,2900,0" yaku="20,1,18,1" doraHai="38" who="3" fromWho="2" sc="254,0,223,0,310,-29,213,29" /><INIT seed="3,1,0,0,2,50" ten="254,223,281,242" oya="3" hai0="99,48,22,62,89,7,123,70,31,52,68,106,113" hai1="75,35,36,57,14,72,125,84,24,80,4,33,17" hai2="10,5,117,2,45,100,16,9,12,94,60,82,93" hai3="109,25,54,73,132,87,27,131,21,107,86,40,51"/><W46/><G73/><T43/><D43/><U49/><E36/><V133/><F117/><W77/><G107/><T53/><D123/><U6/><E125/><V69/><F133/><W67/><G131/><T135/><D135/><U118/><E118/><V105/><F82/><W11/><G132/><T58/><D7/><U120/><E120/><V111/><F111/><W18/><G109/><T108/><D108/><U32/><E24/><V66/><REACH who="2" step="1"/><F45/><REACH who="2" ten="254,223,271,242" step="2"/><W121/><G121/><T95/><D113/><U114/><E114/><V64/><F64/><W110/><G110/><T97/><D106/><U129/><E129/><V20/><F20/><W81/><G67/><T8/><D8/><U134/><E134/><V74/><F74/><W128/><G128/><T59/><REACH who="0" step="1"/><D99/><AGARI ba="1,1" hai="2,5,9,10,12,16,60,66,69,93,94,99,100,105" machi="99" ten="40,2600,0" yaku="1,1,54,1,53,0" doraHai="50" doraHaiUra="104" who="2" fromWho="0" sc="254,-29,223,0,271,39,242,0" /><INIT seed="4,0,0,0,3,56" ten="225,223,310,242" oya="0" hai0="87,17,110,77,128,76,61,48,37,90,69,13,73" hai1="40,49,109,71,58,43,108,106,119,118,45,102,104" hai2="89,20,120,15,50,86,82,124,130,30,64,126,114" hai3="78,46,31,41,85,100,39,22,97,91,117,59,16"/><T11/><D37/><U9/><E9/><V42/><F120/><W103/><G31/><T55/><D73/><U38/><E102/><V72/><F72/><W92/><G117/><N who="1" m="44554" /><E106/><V70/><F114/><W84/><G84/><T53/><D128/><U115/><E104/><V24/><F130/><W47/><G47/><N who="0" m="27807" /><D110/><N who="1" m="42603" /><E71/><V131/><F15/><W5/><G5/><T8/><D11/><U26/><E26/><V79/><F131/><W4/><G4/><T127/><D127/><N who="2" m="48682" /><F79/><W125/><G125/><T135/><D135/><U80/><E80/><V14/><F14/><W33/><G33/><T36/><D69/><U96/><E96/><V75/><F75/><W88/><G78/><T65/><D65/><U12/><E12/><V44/><F70/><W111/><G111/><T10/><D10/><U121/><E121/><V57/><F64/><W52/><G91/><T32/><D32/><U35/><E35/><V122/><F122/><W98/><G98/><T129/><D129/><U116/><N who="1" m="44562" /><U51/><DORA hai="2" /><E115/><V3/><F3/><W112/><G112/><T25/><D25/><U54/><E40/><V133/><F133/><W27/><G85/><T60/><D76/><U62/><AGARI ba="0,0" hai="38,43,45,49,51,54,58,62" m="42603,44562" machi="62" ten="50,6400,0" yaku="34,2,52,1" doraHai="56,2" who="1" fromWho="1" sc="225,-32,223,64,310,-16,242,-16" /><INIT seed="5,0,0,3,2,59" ten="193,287,294,226" oya="1" hai0="49,21,19,106,26,131,16,60,25,80,117,20,134" hai1="99,65,41,130,34,51,91,103,46,42,1,112,10" hai2="30,18,92,6,74,32,95,17,85,13,71,33,86" hai3="132,35,31,119,123,67,28,124,68,44,94,23,12"/><U115/><E34/><V84/><F74/><W63/><G123/><T8/><D117/><U104/><E130/><V89/><F71/><W50/><G124/><T36/><D36/><U101/><E101/><V72/><F72/><W29/><G132/><T64/><D131/><U129/><E129/><V125/><F125/><W118/><G35/><T62/><D134/><U110/><E110/><V5/><F85/><W88/><G12/><T79/><D106/><U135/><E135/><V61/><F13/><W43/><REACH who="3" step="1"/><G23/><REACH who="3" ten="193,287,294,216" step="2"/><T55/><D8/><U126/><E126/><V39/><F32/><W114/><G114/><T108/><D108/><U0/><E10/><V14/><F33/><W111/><G111/><T53/><D64/><U81/><E65/><V58/><F14/><W2/><G2/><T77/><REACH who="0" step="1"/><D49/><REACH who="0" ten="183,287,294,216" step="2"/><N who="1" m="26831" /><E115/><V47/><F39/><W109/><G109/><T11/><D11/><U78/><E112/><V70/><F5/><W52/><G52/><T22/><D22/><U133/><E133/><V83/><F6/><W24/><G24/><T37/><D37/><U4/><E4/><V57/><F30/><W56/><G56/><T116/><D116/><U87/><E51/><V76/><F58/><W66/><G66/><T107/><D107/><U105/><E105/><V75/><F57/><W98/><AGARI ba="0,2" hai="28,29,31,43,44,50,63,67,68,88,94,98,118,119" machi="98" ten="30,7900,0" yaku="1,1,0,1,52,1,54,1,53,0" doraHai="59" doraHaiUra="97" who="3" fromWho="3" sc="183,-20,287,-39,294,-20,216,99" /><INIT seed="6,0,0,4,3,23" ten="163,248,274,315" oya="2" hai0="14,99,72,56,134,91,34,45,94,106,48,132,36" hai1="64,75,29,67,54,125,50,62,61,76,89,112,40" hai2="90,71,31,68,16,129,39,20,119,2,78,52,4" hai3="115,8,133,84,135,27,43,100,63,113,58,107,85"/><V101/><F119/><W73/><G73/><T33/><D72/><U15/><E112/><N who="3" m="43082" /><G43/><T88/><D106/><U81/><E125/><V108/><F39/><W28/><G8/><T7/><D36/><U122/><E122/><V70/><F31/><W46/><G46/><T92/><D56/><U109/><E109/><V1/><F101/><W117/><G117/><T97/><D7/><U87/><E40/><V22/><F78/><W12/><G12/><T21/><D14/><U111/><E111/><V18/><F90/><W35/><G100/><T103/><D21/><N who="2" m="8298" /><F4/><W93/><G107/><T102/><REACH who="0" step="1"/><D48/><REACH who="0" ten="153,248,274,315" step="2"/><U86/><E75/><V44/><F108/><W19/><G58/><T6/><D6/><U77/><E15/><V123/><F2/><W55/><G35/><T25/><D25/><U98/><E29/><V114/><F1/><W49/><G28/><T32/><D32/><U59/><E50/><N who="2" m="28743" /><F114/><W65/><G27/><T57/><D57/><U96/><E61/><V30/><F30/><W128/><G63/><T5/><D5/><U80/><E76/><V118/><F123/><W37/><G37/><T116/><D116/><U110/><E110/><V83/><F118/><W3/><G3/><T127/><D127/><U51/><E64/><V121/><F121/><W60/><G65/><T9/><D9/><U24/><E24/><V130/><F70/><AGARI ba="0,1" hai="51,54,59,62,67,70,77,80,81,86,87,89,96,98" machi="70" ten="30,1000,0" yaku="7,1" doraHai="23" who="1" fromWho="2" sc="153,0,248,20,274,-10,315,0" /><INIT seed="7,0,0,2,2,97" ten="153,268,264,315" oya="3" hai0="67,131,21,51,90,86,8,82,58,66,96,78,6" hai1="38,34,0,27,116,32,41,128,60,13,52,54,107" hai2="85,134,98,99,110,65,135,104,106,105,70,89,132" hai3="95,48,114,1,126,20,125,56,26,17,35,123,71"/><W75/><G71/><T84/><D131/><U122/><E0/><V124/><F70/><W76/><G123/><T31/><D96/><N who="2" m="36906" /><F65/><W79/><G114/><T91/><D78/><U19/><E107/><N who="2" m="27395" /><V72/><DORA hai="5" /><F110/><W108/><G108/><T45/><D58/><U29/><E122/><V33/><F33/><W3/><G95/><T44/><D21/><U57/><E128/><V55/><F55/><N who="3" m="31847" /><G35/><T61/><D31/><U7/><E7/><V113/><F113/><W40/><G40/><T94/><D61/><U129/><E129/><V23/><F23/><W64/><G64/><T14/><REACH who="0" step="1"/><D45/><REACH who="0" ten="143,268,264,315" step="2"/><N who="1" m="23735" /><E32/><V4/><F72/><W46/><G75/><T88/><D88/><U39/><E34/><V83/><F4/><W109/><G46/><T111/><D111/><U11/><E29/><V2/><F2/><W37/><G1/><T28/><D28/><U9/><E57/><V77/><F124/><W102/><G3/><T81/><D81/><U87/><E60/><V103/><F89/><W69/><G109/><T101/><D101/><AGARI ba="0,1" hai="77,83,85,101,103,132,134,135" m="27395,36906" machi="101" ten="50,8000,1" yaku="20,1,34,2,52,2" doraHai="97,5" who="2" fromWho="0" sc="143,-80,268,0,264,90,315,0" owari="63,-44.0,268,-13.0,354,45.0,315,12.0" /></mjloggm>