<mjloggm ver="2.3"><GO type="169" lobby="0"/><UN n0="%53%6F%6C%69%74%6F%6E" n1="%E3%82%A6%E3%83%AB%E3%83%88%E3%83%A9%E7%AB%8B%E7%9B%B4" n2="%E7%A5%9E%E6%A5%BD%E5%9D%82%E3%82%86%E3%81%8B" n3="%23%53%69%6C%76%65%72" dan="17,18,16,18" rate="2138.46,2263.50,2067.19,2173.21" sx="M,M,M,M"/><TAIKYOKU oya="0"/><INIT seed="0,0,0,5,3,74" ten="250,250,250,250" oya="0" hai0="7,95,134,77,24,92,72,13,46,93,73,85,67" hai1="115,69,30,127,110,82,119,39,62,48,17,19,42" hai2="66,108,38,47,112,111,113,78,68,132,120,15,55" hai3="101,63,3,4,41,89,52,71,18,51,107,84,33"/><T87/><D134/><U40/><E119/><V109/><F15/><W105/><G33/><T25/><D67/><U26/><E110/><V76/><F120/><W22/><G101/><T83/><D87/><U75/><E39/><V45/><F132/><W21/><G21/><T135/><D135/><U97/><E127/><V5/><F5/><W29/><G29/><T60/><D60/><U117/><E117/><V79/><F55/><W128/><G128/><T32/><D32/><U131/><E131/><V86/><F86/><W114/><G114/><N who="2" m="44137" /><F38/><W100/><G100/><T12/><D73/><U6/><E6/><V98/><F98/><W9/><G41/><T11/><D72/><U28/><E97/><V57/><F68/><W10/><G10/><N who="0" m="4191" /><D46/><N who="2" m="17418" /><F57/><W70/><G71/><T58/><D58/><U129/><E69/><V64/><AGARI ba="0,0" hai="64,66,76,78,79,108,109,111" m="17418,44137" machi="64" ten="50,12000,2" yaku="28,2,14,1,52,3" doraHai="74" who="2" fromWho="2" sc="250,-60,250,-30,250,120,250,-30" /><INIT seed="1,0,0,0,3,6" ten="190,220,370,220" oya="1" hai0="118,15,34,20,111,53,1,121,10,40,104,81,46" hai1="35,39,13,74,87,44,84,91,75,27,88,11,24" hai2="19,26,72,9,93,29,105,79,124,95,48,28,76" hai3="49,31,92,23,71,73,134,18,82,103,5,57,69"/><U2/><E2/><V14/><F105/><W50/><G31/><T100/><D118/><U123/><E123/><V113/><F113/><W55/><G50/><T43/><D121/><U8/><E44/><V128/><F128/><W80/><G134/><T77/><D111/><U54/><E54/><V99/><F124/><W132/><G132/><T52/><D34/><U119/><E13/><V37/><F37/><W94/><G5/><T3/><D20/><U25/><E39/><V101/><F72/><W4/><G4/><T22/><D22/><U33/><REACH who="1" step="1"/><E25/><REACH who="1" ten="190,210,370,220" step="2"/><V106/><F26/><W7/><G55/><T125/><D1/><U131/><E131/><V47/><F106/><W67/><G67/><T116/><D3/><U86/><E86/><V130/><F130/><W83/><G73/><T109/><D43/><U68/><E68/><V45/><F45/><W62/><G69/><T78/><D116/><AGARI ba="0,1" hai="8,11,24,27,33,35,74,75,84,87,88,91,116,119" machi="116" ten="25,18000,2" yaku="1,1,22,2,52,2,54,1,53,0" doraHai="6" doraHaiUra="117" who="1" fromWho="0" sc="190,-180,210,190,370,0,220,0" /><INIT seed="1,1,0,4,2,77" ten="10,400,370,220" oya="1" hai0="93,57,86,95,49,56,83,125,104,55,12,34,17" hai1="128,78,114,37,47,98,8,35,36,117,67,32,25" hai2="46,87,64,122,50,28,109,82,68,90,26,70,63" hai3="115,107,54,5,42,97,72,27,123,81,41,33,101"/><U61/><E114/><V102/><F122/><W38/><G123/><T76/><D104/><U112/><E112/><V6/><F109/><W91/><G115/><T66/><D34/><U116/><E128/><V15/><F102/><W22/><G33/><T118/><D125/><U134/><E134/><V124/><F124/><W120/><G38/><T9/><REACH who="0" step="1"/><D118/><REACH who="0" ten="0,400,370,220" step="2"/><U113/><E32/><V29/><F70/><W39/><G120/><T96/><D96/><U133/><E98/><V65/><F65/><W19/><G107/><T10/><D10/><U99/><E8/><V94/><F64/><W30/><G97/><T62/><AGARI ba="1,1" hai="9,12,17,49,55,56,57,62,66,76,83,86,93,95" machi="62" ten="30,7900,0" yaku="1,1,0,1,8,1,52,1,53,0" doraHai="77" doraHaiUra="84" who="0" fromWho="0" sc="0,92,400,-40,370,-21,220,-21" /><INIT seed="2,0,0,3,4,112" ten="92,360,349,199" oya="2" hai0="89,61,135,62,99,84,28,117,66,70,68,92,9" hai1="97,103,19,48,93,86,65,104,131,29,45,119,116" hai2="30,14,1,17,120,3,42,59,77,128,15,105,82" hai3="49,108,113,35,100,38,5,58,90,21,23,130,6"/><V4/><F120/><W11/><G38/><T54/><D135/><U107/><E29/><V87/><F105/><W91/><G35/><T129/><D129/><U12/><E65/><V44/><F128/><W50/><G130/><T127/><D127/><U0/><E0/><V67/><F30/><W26/><G113/><T2/><D28/><U8/><E131/><V64/><F15/><W133/><G100/><T88/><D117/><U47/><E47/><V31/><F31/><W79/><G79/><T123/><D123/><U57/><E57/><V34/><F34/><W55/><G133/><T16/><D2/><U111/><E111/><V109/><F109/><W18/><G108/><T125/><D125/><U102/><E86/><V94/><F94/><W51/><G21/><T73/><D73/><U134/><E134/><V101/><F101/><W39/><G39/><T81/><D54/><U126/><E126/><V124/><F124/><W63/><REACH who="3" step="1"/><G6/><REACH who="3" ten="92,360,349,189" step="2"/><T53/><D9/><U118/><REACH who="1" step="1"/><E103/><REACH who="1" ten="92,350,349,189" step="2"/><V7/><F7/><W40/><G40/><AGARI ba="0,2" hai="8,12,19,40,45,48,93,97,102,104,107,116,118,119" machi="40" ten="40,8000,1" yaku="1,1,2,1,52,3,53,0" doraHai="112" doraHaiUra="121" who="1" fromWho="3" sc="92,0,350,100,349,0,189,-80" /><INIT seed="3,0,0,2,2,123" ten="92,450,349,109" oya="3" hai0="19,73,3,96,45,114,133,32,22,60,24,66,12" hai1="23,50,98,89,53,54,109,34,81,27,11,9,62" hai2="131,39,55,87,118,43,42,40,104,105,92,135,49" hai3="57,127,13,0,65,108,61,78,128,84,14,26,75"/><W7/><G75/><T8/><D133/><U52/><E34/><V17/><F118/><W69/><G0/><T99/><D114/><U79/><E109/><V122/><F135/><W56/><G108/><T116/><D116/><U97/><E62/><V101/><F131/><W103/><G128/><T106/><D73/><U35/><E35/><V82/><F122/><W29/><G103/><T120/><D120/><U10/><E50/><V15/><F39/><W25/><G127/><T110/><D110/><U85/><REACH who="1" step="1"/><E79/><REACH who="1" ten="92,440,349,109" step="2"/><V95/><F49/><W51/><G51/><T31/><D60/><U91/><E91/><V125/><F101/><W58/><G7/><N who="0" m="1151" /><D66/><U28/><AGARI ba="0,1" hai="9,10,11,23,27,28,52,53,54,81,85,89,97,98" machi="28" ten="30,7900,0" yaku="1,1,0,1,8,1,54,1,53,0" doraHai="123" doraHaiUra="37" who="1" fromWho="1" sc="92,-20,440,89,349,-20,109,-39" /><INIT seed="4,0,0,0,5,132" ten="72,529,329,70" oya="0" hai0="17,6,29,39,79,52,100,106,111,93,76,1,75" hai1="28,54,43,12,41,128,14,10,126,59,0,120,33" hai2="48,66,77,67,117,68,121,42,108,53,97,73,112" hai3="30,9,58,32,133,84,22,131,78,105,129,35,69"/><T123/><D123/><U51/><E120/><V99/><F121/><W72/><G69/><T25/><D39/><U57/><E0/><V56/><F73/><W16/><G72/><T90/><D111/><U135/><E33/><V64/><F77/><W23/><G105/><T86/><D1/><U65/><E128/><N who="3" m="49226" /><G58/><T8/><D6/><U49/><E28/><V89/><F89/><W113/><G84/><T4/><D4/><U116/><E54/><V118/><F112/><W82/><G113/><T2/><D2/><U38/><E10/><V80/><F80/><W70/><G70/><T96/><D8/><U13/><E13/><V103/><F42/><W20/><G82/><N who="0" m="45343" /><D17/><U45/><E38/><V36/><F36/><W50/><G50/><T55/><D79/><U115/><E65/><V122/><F108/><W18/><G78/><T71/><D71/><U104/><E49/><V92/><F122/><W74/><G74/><T119/><D119/><N who="2" m="45578" /><F68/><W40/><G40/><T98/><D96/><AGARI ba="0,0" hai="48,53,56,64,66,67,92,96,97,99,103" m="45578" machi="96" ten="30,1000,0" yaku="12,1" doraHai="132" who="2" fromWho="0" sc="72,-10,529,0,329,10,70,0" /><INIT seed="5,0,0,1,0,82" ten="62,529,339,70" oya="1" hai0="90,1,132,52,50,34,88,32,63,37,106,109,10" hai1="101,72,30,85,89,66,12,14,103,31,107,110,2" hai2="125,111,81,75,87,84,123,73,131,62,25,80,33" hai3="9,78,36,57,40,26,102,47,15,94,105,53,48"/><U104/><E72/><V61/><F123/><W133/><G105/><T7/><D109/><U124/><E66/><V64/><F111/><W67/><G133/><T11/><D132/><U27/><E110/><V39/><F39/><W108/><G78/><T5/><D106/><U55/><E2/><V51/><F131/><W28/><G108/><T135/><D37/><U93/><E124/><V92/><F125/><W114/><G114/><T54/><D135/><U128/><E128/><V118/><F118/><W56/><G67/><T116/><D63/><U44/><E107/><V18/><F51/><W35/><G94/><T43/><D43/><U42/><E55/><V68/><F92/><W60/><G102/><T74/><D74/><U0/><E0/><V19/><F64/><W65/><G9/><T130/><D130/><U69/><E69/><V20/><F20/><W77/><G77/><T71/><D71/><U98/><E103/><V13/><F13/><W96/><G15/><T17/><D17/><U41/><E31/><V4/><F4/><W95/><G95/><T99/><D1/><U97/><E42/><V3/><F3/><W59/><REACH who="3" step="1"/><G96/><REACH who="3" ten="62,529,339,60" step="2"/><T58/><D99/><U45/><E98/><V126/><F126/><W70/><AGARI ba="0,1" hai="26,28,35,36,40,47,48,53,56,57,59,60,65,70" machi="70" ten="20,12000,2" yaku="1,1,2,1,0,1,7,1,24,2,53,1" doraHai="82" doraHaiUra="24" who="3" fromWho="3" sc="62,-30,529,-60,339,-30,60,130" /><INIT seed="6,0,0,3,0,30" ten="32,469,309,190" oya="2" hai0="100,35,88,85,49,80,25,43,5,38,126,16,19" hai1="57,41,14,10,77,102,23,67,13,66,6,89,91" hai2="86,27,48,119,90,50,40,114,108,53,127,45,46" hai3="20,42,15,76,82,97,101,8,59,105,39,4,36"/><V64/><F114/><W28/><G42/><T135/><D126/><U29/><E77/><V44/><F119/><W93/><G105/><T95/><D135/><U0/><E0/><V87/><F108/><W18/><G28/><T7/><D38/><U1/><E1/><V47/><F127/><W58/><G39/><T123/><D123/><U104/><E104/><V52/><F64/><W61/><G61/><T31/><D5/><U32/><E32/><V72/><F72/><W133/><G36/><T131/><D7/><U3/><E3/><V17/><F40/><W56/><G133/><T98/><REACH who="0" step="1"/><D131/><REACH who="0" ten="22,469,309,190" step="2"/><U132/><E6/><V112/><F112/><W68/><G4/><T115/><D115/><U75/><E132/><V129/><F129/><W122/><G122/><T107/><D107/><U124/><E124/><V74/><F74/><W79/><G68/><T128/><D128/><U83/><E75/><V60/><F60/><W24/><G82/><T109/><D109/><U73/><E83/><V2/><F2/><W106/><G106/><T63/><D63/><U55/><E73/><V81/><REACH who="2" step="1"/><F87/><REACH who="2" ten="22,469,299,190" step="2"/><W62/><G62/><T96/><D96/><U110/><E66/><V78/><F78/><W125/><G125/><T70/><D70/><U99/><E67/><V118/><F118/><W71/><G71/><T21/><D21/><AGARI ba="0,2" hai="17,21,27,44,45,46,47,48,50,52,53,81,86,90" machi="21" ten="40,12000,1" yaku="1,1,9,1,8,1,54,1,53,1" doraHai="30" doraHaiUra="22" who="2" fromWho="0" sc="22,-120,469,0,299,140,190,0" owari="-98,-60.0,469,57.0,439,24.0,190,-21.0" /></mjloggm>