<mjloggm ver="2.3"><GO type="169" lobby="0"/><UN n0="%73%69%6E%73%69%73%74" n1="%E3%82%A6%E3%83%AB%E3%83%88%E3%83%A9%E7%AB%8B%E7%9B%B4" n2="%6D%61%6A%69%6B%75%7A%75" n3="%63%72%69%74%74%65%72" dan="17,17,17,17" rate="2145.63,2192.89,2128.24,2254.89" sx="M,M,M,M"/><TAIKYOKU oya="0"/><INIT seed="0,0,0,1,4,67" ten="250,250,250,250" oya="0" hai0="17,101,73,18,70,44,93,84,79,41,51,68,116" hai1="96,100,14,62,28,53,130,125,61,118,126,35,9" hai2="98,13,133,6,135,10,94,26,76,87,39,46,38" hai3="21,83,110,12,19,1,36,122,111,92,85,115,49"/><T90/><D116/><U7/><E118/><V91/><F26/><W123/><G36/><T15/><D101/><U134/><E28/><V52/><F76/><W56/><G115/><T30/><D30/><U59/><E35/><V5/><F5/><W108/><G1/><T63/><D63/><N who="1" m="36335" /><E130/><V97/><F39/><W107/><G107/><T104/><D104/><N who="1" m="63495" /><E134/><N who="2" m="51211" /><F38/><W103/><G103/><T113/><D113/><U112/><E112/><V58/><F46/><W120/><G92/><T16/><REACH who="0" step="1"/><D15/><REACH who="0" ten="240,250,250,250" step="2"/><U81/><E14/><V43/><F43/><W75/><G123/><T109/><D109/><U82/><E62/><AGARI ba="0,1" hai="6,10,13,52,58,62,87,91,94,97,98" m="51211" machi="62" ten="30,2000,0" yaku="20,1,54,1" doraHai="67" who="2" fromWho="1" sc="240,0,250,-20,250,30,250,0" /><INIT seed="1,0,0,5,4,102" ten="240,230,280,250" oya="1" hai0="19,76,54,111,33,91,114,89,23,133,128,3,116" hai1="112,72,104,82,46,98,40,8,30,15,5,106,53" hai2="71,14,49,6,70,124,94,99,7,93,79,43,10" hai3="127,62,4,96,51,0,121,110,2,26,25,22,21"/><U129/><E112/><V132/><F124/><W13/><G51/><T61/><D116/><U9/><E129/><V58/><F132/><W105/><G62/><T103/><D33/><U117/><E117/><V101/><F79/><W123/><G96/><T36/><D114/><U60/><E30/><V11/><F94/><W109/><G13/><T37/><D3/><N who="3" m="1065" /><G4/><T56/><D76/><U1/><E98/><V87/><F87/><W42/><G42/><T20/><D103/><U77/><E53/><V97/><F97/><W45/><G45/><T134/><D128/><U115/><E60/><V84/><F84/><W29/><G105/><T28/><D28/><U12/><E115/><V69/><F58/><W16/><G127/><T27/><D20/><U85/><E85/><V55/><F43/><W17/><G17/><T31/><D31/><U75/><E75/><V74/><F74/><W73/><G73/><T64/><D54/><U95/><E95/><V34/><F55/><W118/><G118/><T57/><D57/><U83/><E83/><V78/><F78/><W131/><G131/><T86/><D86/><U88/><E88/><N who="0" m="33865" /><D111/><AGARI ba="0,0" hai="16,21,22,25,26,29,109,110,111,121,123" m="1065" machi="111" ten="30,7700,0" yaku="14,1,34,2,54,1" doraHai="102" who="3" fromWho="0" sc="240,-77,230,0,280,0,250,77" /><INIT seed="2,0,0,0,2,71" ten="163,230,280,327" oya="2" hai0="76,131,22,37,104,101,113,23,90,93,62,63,118" hai1="84,114,53,74,112,54,27,94,97,105,18,52,8" hai2="77,70,124,12,116,48,58,102,57,125,26,108,73" hai3="75,128,41,3,31,47,1,99,6,28,80,24,109"/><V49/><F102/><W25/><G109/><T34/><D113/><U83/><E105/><V95/><F116/><W106/><G128/><T98/><D118/><U55/><E74/><V130/><F70/><W38/><G24/><T13/><D34/><U29/><E55/><V33/><F95/><W135/><G135/><T65/><D131/><U64/><E64/><V44/><F130/><W96/><G31/><T61/><D65/><U120/><E120/><V111/><F12/><W81/><G81/><T85/><D13/><U50/><E50/><N who="2" m="19563" /><F77/><W60/><G60/><T21/><REACH who="0" step="1"/><D76/><REACH who="0" ten="153,230,280,327" step="2"/><U126/><E114/><V86/><F33/><W123/><G123/><T87/><D87/><U110/><E84/><V43/><F86/><W14/><G14/><T78/><D78/><U7/><E112/><V30/><F111/><W42/><G1/><T32/><D32/><U35/><E35/><N who="2" m="20951" /><F108/><W9/><G3/><T68/><D68/><U0/><E110/><V46/><F73/><W122/><G75/><T91/><D91/><U36/><E0/><V72/><F72/><W17/><G122/><T119/><D119/><U127/><E54/><V10/><F125/><W121/><G121/><T69/><D69/><U5/><E53/><V20/><F124/><W88/><G88/><T16/><D16/><U39/><E52/><V15/><F43/><W79/><G42/><T19/><D19/><U66/><E18/><V4/><F20/><W115/><G115/><T92/><D92/><U82/><E127/><V11/><F10/><W134/><G9/><T2/><D2/><N who="1" m="55" /><E126/><V59/><AGARI ba="0,1" hai="4,11,15,44,46,57,58,59" m="20951,19563" machi="59" ten="30,1500,0" yaku="5,1" doraHai="71" who="2" fromWho="2" sc="153,-5,230,-5,280,25,327,-5" /><INIT seed="2,1,0,0,1,59" ten="148,225,305,322" oya="2" hai0="33,22,54,53,11,88,45,133,58,29,56,35,94" hai1="3,40,126,83,13,52,39,6,103,30,79,135,9" hai2="134,81,8,63,27,67,19,117,76,7,36,55,115" hai3="16,71,26,114,131,44,121,72,97,14,48,123,105"/><V109/><F115/><W98/><G114/><T42/><D133/><U50/><E126/><V43/><F117/><W102/><G72/><T17/><D11/><U116/><E116/><V127/><F127/><W110/><G110/><T38/><D29/><U34/><E103/><V112/><F112/><W62/><G131/><T132/><D132/><U82/><E82/><V23/><F134/><W2/><G2/><T73/><D73/><U99/><E99/><V74/><F109/><W41/><G97/><T21/><D21/><U89/><E89/><V20/><F55/><W61/><G26/><T5/><D5/><U78/><E78/><V118/><F118/><W87/><G87/><T25/><D56/><U91/><E91/><V125/><F20/><W15/><G15/><T104/><D53/><U130/><E30/><V80/><F80/><W69/><G69/><T68/><D68/><U120/><E34/><V49/><F49/><W18/><G18/><T101/><D104/><U85/><E130/><V77/><F77/><W24/><G24/><T122/><D101/><U1/><E135/><V57/><F125/><W93/><G105/><T107/><D107/><U124/><E124/><V51/><F51/><W129/><G129/><T66/><D66/><U75/><E75/><V37/><REACH who="2" step="1"/><F43/><REACH who="2" ten="148,225,295,322" step="2"/><W4/><G41/><T108/><D108/><U28/><E50/><V96/><F96/><W90/><G48/><N who="0" m="31047" /><D122/><U111/><E40/><V84/><F84/><W32/><G121/><T46/><D46/><U119/><E120/><V128/><F128/><W86/><G123/><T70/><D42/><RYUUKYOKU ba="1,1" sc="148,-10,225,-10,295,30,322,-10" hai2="7,8,19,23,27,36,37,57,63,67,74,76,81" /><INIT seed="2,2,1,2,1,16" ten="138,215,325,312" oya="2" hai0="54,52,38,107,100,89,95,78,122,93,10,46,4" hai1="72,5,28,113,47,22,6,20,40,109,104,11,66" hai2="134,103,14,59,73,57,79,82,128,43,77,1,96" hai3="71,29,7,74,24,70,108,58,102,118,21,125,106"/><V15/><F134/><W91/><G118/><T67/><D122/><U30/><E104/><V48/><F1/><W114/><G74/><T60/><D107/><U0/><E113/><V45/><F128/><W65/><G114/><T94/><D100/><U53/><E66/><V26/><F77/><W131/><G131/><T17/><D78/><U76/><E6/><V36/><F26/><W130/><G130/><T119/><D89/><U80/><E53/><V23/><F36/><W64/><G108/><T84/><D84/><U44/><E44/><V101/><F101/><W110/><G110/><T27/><D119/><U127/><E127/><V92/><F23/><N who="1" m="8745" /><E109/><V42/><F42/><W56/><G125/><T88/><D46/><U18/><E18/><V121/><F121/><W19/><G7/><T32/><D17/><U63/><E63/><V35/><F35/><W12/><G65/><T133/><D38/><AGARI ba="2,1" hai="0,5,11,28,30,38,40,47,72,76,80" m="8745" machi="38" ten="30,7700,0" yaku="25,1,52,3" doraHai="16" who="1" fromWho="0" sc="138,-83,215,93,325,0,312,0" /><INIT seed="3,0,0,1,3,61" ten="55,308,325,312" oya="3" hai0="44,113,71,54,62,134,126,38,64,11,45,34,83" hai1="26,105,132,13,10,80,78,112,72,73,19,41,119" hai2="125,25,90,77,131,5,127,110,60,133,65,124,109" hai3="97,102,82,57,4,108,63,121,23,20,95,47,128"/><W39/><G121/><T66/><D34/><U106/><E112/><V31/><F77/><W33/><G33/><T35/><D35/><U123/><E123/><V18/><F90/><W117/><G117/><T17/><D113/><U68/><E68/><N who="2" m="42023" /><F5/><W27/><G128/><T1/><D1/><U40/><E73/><V24/><F131/><W85/><G108/><N who="2" m="41577" /><F133/><W93/><G93/><T76/><D134/><U79/><E79/><V103/><F103/><W99/><G99/><T3/><D126/><U70/><E106/><V120/><F120/><W2/><G2/><T28/><D28/><U0/><E105/><V51/><F31/><W9/><G4/><T135/><D135/><U12/><E70/><V30/><F30/><W75/><G75/><T52/><D3/><U55/><E0/><V32/><F32/><W6/><G6/><T104/><D104/><U22/><E132/><V48/><F18/><W81/><G9/><T67/><D71/><U96/><E119/><V58/><F58/><W129/><G129/><T15/><D38/><U50/><E96/><V37/><F37/><W36/><G36/><T46/><REACH who="0" step="1"/><D62/><REACH who="0" ten="45,308,325,312" step="2"/><U88/><E50/><AGARI ba="0,1" hai="24,25,48,50,51,124,125,127" m="41577,42023" machi="50" ten="40,5200,0" yaku="18,1,14,1,52,1" doraHai="61" who="2" fromWho="1" sc="45,0,308,-52,325,62,312,0" /><INIT seed="4,0,0,0,1,46" ten="45,256,387,312" oya="0" hai0="71,9,47,92,48,40,31,120,62,95,107,133,93" hai1="39,32,74,79,87,73,78,24,58,10,18,115,21" hai2="127,108,86,130,61,101,28,125,67,29,135,66,110" hai3="1,82,60,102,128,23,89,103,2,75,37,54,132"/><T50/><D120/><U44/><E32/><V116/><F130/><W16/><G128/><T14/><D107/><U49/><E39/><V80/><F135/><W126/><G132/><T94/><D133/><U17/><E115/><V55/><F101/><W43/><G126/><N who="2" m="48137" /><F55/><W111/><G111/><T42/><N who="0" m="23552" /><DORA hai="88" /><T51/><D31/><U123/><E58/><N who="2" m="37175" /><F67/><W76/><G37/><T124/><D124/><U83/><E79/><N who="2" m="46367" /><F116/><W57/><G43/><N who="0" m="16427" /><D71/><U98/><E98/><V85/><F85/><W56/><G1/><T30/><D30/><AGARI ba="0,0" hai="28,29,30,108,110" m="46367,37175,48137" machi="30" ten="30,1000,0" yaku="18,1" doraHai="46,88" who="2" fromWho="0" sc="45,-10,256,0,387,10,312,0" /><INIT seed="5,0,0,1,4,117" ten="35,256,397,312" oya="1" hai0="29,61,116,15,110,132,54,125,82,24,103,57,0" hai1="90,133,52,73,109,95,78,80,64,129,49,34,69" hai2="88,36,56,40,91,66,74,101,41,16,79,23,72" hai3="93,18,67,31,77,17,45,131,107,120,85,46,98"/><U2/><E2/><V19/><F101/><W3/><G3/><T127/><D0/><U115/><E34/><V8/><F79/><W53/><G107/><T44/><D116/><U65/><E69/><V1/><F74/><W28/><G131/><T27/><D110/><U122/><E122/><V123/><F72/><W6/><G120/><T128/><D103/><U111/><E129/><V135/><F135/><W4/><G67/><T59/><D128/><U47/><E133/><V83/><F36/><W38/><G38/><T124/><D132/><U134/><E134/><V87/><F91/><W100/><G85/><T51/><D82/><U102/><E102/><V63/><F123/><W50/><G77/><T20/><D24/><U105/><E105/><V112/><F112/><W99/><G99/><T48/><D15/><U10/><E10/><V37/><F37/><W75/><G75/><T42/><REACH who="0" step="1"/><D57/><REACH who="0" ten="25,256,397,312" step="2"/><U76/><E111/><V55/><F83/><W71/><G100/><T84/><D84/><U113/><E109/><V104/><F87/><W92/><G71/><T7/><D7/><U108/><E108/><V39/><F56/><W89/><G4/><T68/><D68/><U60/><E113/><V130/><F130/><W62/><G6/><T58/><D58/><U32/><E115/><V14/><F1/><W114/><G114/><T11/><D11/><U106/><E80/><V94/><F8/><W21/><G98/><T81/><D81/><U12/><E12/><V33/><F14/><W25/><G25/><T96/><D96/><U26/><E26/><V30/><F104/><RYUUKYOKU ba="0,1" sc="25,30,256,-10,397,-10,312,-10" hai0="20,27,29,42,44,48,51,54,59,61,124,125,127" /><INIT seed="6,1,1,0,3,129" ten="55,246,387,302" oya="2" hai0="2,48,20,102,106,115,86,118,88,9,101,100,27" hai1="41,90,123,23,82,36,111,1,72,64,17,133,98" hai2="18,76,124,16,97,91,44,80,21,10,43,54,61" hai3="15,57,112,3,22,105,4,70,108,32,83,117,67"/><V125/><F10/><W35/><G108/><T24/><D115/><U93/><E64/><V55/><F97/><W29/><G70/><T51/><D106/><U99/><E1/><V52/><F91/><W79/><G117/><T50/><D118/><U92/><E41/><V5/><F5/><W128/><G105/><T87/><D2/><U110/><E36/><N who="2" m="21607" /><F21/><W7/><G112/><T34/><D9/><U116/><E17/><V95/><F95/><W109/><G109/><T53/><D34/><U42/><E23/><V11/><F11/><W78/><G3/><T104/><D104/><U60/><E42/><V122/><F61/><W96/><G96/><T132/><D20/><U74/><E60/><V31/><F31/><W68/><G22/><T58/><D132/><U14/><E14/><V130/><F122/><W65/><G15/><T131/><D131/><U121/><E90/><V69/><F69/><W107/><G128/><T75/><D75/><U56/><E116/><V119/><F119/><W28/><G107/><T134/><D134/><U63/><E63/><V85/><F130/><W135/><G68/><T113/><D113/><U38/><E123/><V45/><F45/><W127/><G83/><N who="0" m="49247" /><D87/><U84/><E84/><V66/><F66/><W62/><G62/><T89/><D89/><U39/><E121/><V25/><F25/><W40/><G32/><T26/><D58/><U13/><E56/><V37/><F37/><W0/><G35/><T103/><N who="0" m="25600" /><DORA hai="30" /><T81/><D81/><U114/><E82/><V71/><F71/><W49/><G0/><T73/><D73/><RYUUKYOKU ba="1,1" sc="55,15,246,-15,387,15,302,-15" hai0="24,26,27,48,50,51,53" hai2="16,18,52,54,55,76,80,85,124,125" /><INIT seed="6,2,1,1,2,45" ten="70,231,402,287" oya="2" hai0="39,40,93,12,72,20,89,10,132,88,1,97,74" hai1="84,60,46,63,92,99,85,67,112,26,134,100,3" hai2="28,11,94,130,9,8,14,126,131,121,124,68,24" hai3="106,116,5,42,52,35,125,117,75,38,104,59,25"/><V47/><F68/><W53/><G75/><T135/><D1/><U77/><E3/><V23/><F94/><W50/><G5/><T79/><D20/><U119/><E119/><V70/><F70/><W133/><G38/><T43/><D39/><U55/><E112/><V57/><F57/><W81/><G42/><T62/><D62/><U109/><E109/><V120/><F47/><W31/><G125/><N who="2" m="48233" /><F14/><W49/><G133/><T36/><D36/><U113/><E46/><V80/><F80/><W115/><G115/><T16/><D89/><U2/><E92/><V101/><F101/><W48/><G81/><N who="0" m="45287" /><D74/><U86/><E63/><V30/><F30/><W128/><G128/><AGARI ba="2,1" hai="8,9,11,23,24,28,120,121,128,130,131" m="48233" machi="128" ten="40,12000,1" yaku="19,1,18,1,34,2" doraHai="45" who="2" fromWho="3" sc="70,0,231,0,402,136,287,-126" /><INIT seed="6,3,0,4,5,26" ten="70,231,538,161" oya="2" hai0="68,23,79,1,49,16,14,33,67,93,94,56,41" hai1="44,61,110,9,10,84,115,134,17,24,37,73,54" hai2="0,129,35,57,38,6,66,106,69,31,36,18,29" hai3="4,83,25,96,42,116,85,13,130,65,119,51,76"/><V47/><F69/><W59/><G130/><T19/><D1/><U28/><E73/><V133/><F106/><W74/><G96/><T112/><D112/><U126/><E37/><V98/><F35/><W32/><G74/><T43/><D33/><U70/><E10/><V123/><F6/><W89/><G89/><T3/><D3/><U50/><E61/><V87/><F87/><W81/><G81/><T8/><D68/><U11/><E11/><V95/><F18/><W52/><G65/><T55/><D67/><U58/><E58/><V125/><F95/><W53/><G42/><T64/><D64/><U27/><E27/><V101/><F47/><W60/><G4/><T108/><D79/><U127/><E70/><V5/><F101/><W62/><G13/><T100/><D108/><U102/><E102/><V121/><F5/><W2/><G2/><T118/><D118/><U88/><E115/><V80/><F38/><W107/><G107/><T122/><D122/><U15/><E134/><V78/><F133/><W77/><G77/><T30/><D30/><U48/><E48/><V22/><F78/><W105/><G105/><T40/><REACH who="0" step="1"/><D100/><REACH who="0" ten="60,231,538,161" step="2"/><U109/><E109/><V34/><F123/><W128/><G116/><T113/><D113/><U12/><E110/><V132/><F66/><W103/><G119/><T20/><D20/><U92/><E28/><V124/><F0/><W90/><G103/><T111/><D111/><U117/><E117/><V120/><F121/><W131/><G76/><T99/><D99/><U21/><E21/><V7/><F120/><W46/><G62/><RYUUKYOKU ba="3,1" sc="60,15,231,-15,538,-15,161,15" hai0="8,14,16,19,23,40,41,43,49,55,56,93,94" hai3="25,32,46,51,52,53,59,60,83,85,90,128,131" /><INIT seed="7,4,1,5,3,54" ten="75,216,523,176" oya="3" hai0="75,113,83,45,26,67,39,116,121,129,135,42,61" hai1="132,53,4,120,48,108,44,88,23,66,56,81,125" hai2="90,86,41,119,73,50,76,94,77,124,62,128,87" hai3="5,99,35,102,40,111,79,133,64,17,65,34,21"/><W33/><G133/><T92/><D135/><U80/><E108/><V15/><F73/><W47/><G111/><T104/><D116/><U112/><E112/><V114/><F128/><W74/><G5/><T89/><D121/><U1/><E125/><V95/><F124/><W85/><G74/><T78/><D129/><U14/><E1/><V106/><F106/><W134/><G134/><T51/><D104/><U36/><E88/><N who="2" m="53527" /><F114/><W122/><G122/><T59/><D113/><U68/><E23/><V63/><F15/><W101/><G85/><T27/><REACH who="0" step="1"/><D39/><REACH who="0" ten="65,216,523,176" step="2"/><U71/><E36/><V55/><F41/><W32/><G40/><T18/><D18/><U118/><E118/><V58/><F119/><W19/><G17/><T91/><D91/><U46/><E132/><V20/><F20/><W2/><G19/><T3/><D3/><U30/><E120/><V70/><F70/><W28/><G21/><T8/><D8/><U16/><E71/><V123/><F123/><W38/><G2/><T43/><D43/><U126/><E68/><V82/><F77/><W6/><G79/><T29/><D29/><U22/><E30/><V103/><F76/><W9/><G28/><T11/><D11/><U131/><E131/><V31/><F31/><W105/><G9/><T37/><D37/><U130/><E130/><V7/><F7/><W117/><G38/><T25/><D25/><U107/><E4/><V49/><F90/><W100/><G6/><T0/><D0/><U60/><E16/><V93/><F93/><W98/><G117/><T24/><D24/><U115/><E115/><RYUUKYOKU ba="4,2" sc="65,30,216,-10,523,-10,176,-10" hai0="26,27,42,45,51,59,61,67,75,78,83,89,92" owari="95,-40.0,206,1.0,533,62.0,166,-23.0" /></mjloggm>