<mjloggm ver="2.3"><GO type="233" lobby="0"/><UN n0="%E4%BF%BA%54%55%45%45%45%45%45" n1="%E5%A4%A7%E6%AD%A3%E7%BE%A9%E9%87%8E%E7%90%83%E5%A8%98" n2="%E3%82%A6%E3%83%AB%E3%83%88%E3%83%A9%E7%AB%8B%E7%9B%B4" n3="%E9%AE%AB%E5%B3%B6%E5%AE%8F%E6%98%8C%CE%B1" dan="16,17,17,16" rate="2076.59,2191.53,2141.06,2117.61" sx="F,M,M,M"/><TAIKYOKU oya="0"/><INIT seed="0,0,0,1,3,96" ten="250,250,250,250" oya="0" hai0="56,3,61,92,7,12,43,89,74,51,48,9,33" hai1="13,85,106,100,105,52,116,15,82,98,38,87,16" hai2="8,57,99,10,11,29,22,37,94,90,84,64,44" hai3="122,124,50,34,131,2,65,109,133,135,4,20,31"/><T103/><D74/><U27/><E116/><V0/><F0/><W114/><G122/><T73/><D73/><U69/><E38/><V134/><F134/><N who="3" m="51211" /><G114/><T60/><D33/><U128/><E69/><V110/><F110/><W1/><G109/><T132/><D132/><U35/><E106/><V58/><F37/><W127/><G65/><T32/><D32/><U70/><E128/><V126/><F126/><N who="3" m="48171" /><G50/><T111/><D111/><U75/><E70/><V19/><F29/><W107/><G107/><T91/><D3/><N who="3" m="1033" /><G34/><T71/><D71/><U55/><E35/><V42/><F64/><W45/><G45/><N who="0" m="25663" /><D51/><U18/><E55/><V72/><F44/><W25/><G4/><T68/><D68/><U123/><E52/><V118/><F42/><W108/><G108/><T28/><D60/><U79/><E123/><V49/><F49/><W76/><G76/><T6/><D7/><U113/><E113/><V40/><F40/><W117/><G117/><T46/><D46/><U66/><E66/><V17/><F118/><W23/><G23/><T30/><D61/><U5/><E5/><V53/><F22/><W93/><G93/><T101/><D56/><U77/><E77/><V54/><F58/><W62/><G62/><T112/><D112/><U59/><E59/><V41/><F57/><W86/><G86/><N who="0" m="52279" /><D91/><U78/><E78/><V102/><F72/><W39/><G39/><T26/><D26/><U36/><E36/><V14/><F41/><W47/><G47/><T121/><D121/><U125/><E27/><V97/><F54/><W130/><AGARI ba="0,0" hai="20,25,31,130,131" m="1033,48171,51211" machi="130" ten="40,12000,2" yaku="30,2,20,1,18,1,34,2" doraHai="96" who="3" fromWho="3" sc="250,-60,250,-30,250,-30,250,120" /><INIT seed="1,0,0,4,3,97" ten="190,220,220,370" oya="1" hai0="94,28,41,127,18,99,119,130,93,67,46,91,36" hai1="101,55,92,8,115,23,110,15,24,25,71,26,45" hai2="40,109,107,77,43,58,37,100,48,38,133,121,104" hai3="30,39,61,79,60,54,49,33,51,84,29,47,72"/><U16/><E115/><V22/><F121/><W3/><G72/><T128/><D119/><U78/><E71/><V108/><F77/><W122/><G122/><T117/><D117/><U63/><E110/><N who="2" m="42603" /><F22/><W14/><G3/><T20/><D127/><U124/><E124/><V98/><F107/><W52/><G39/><N who="2" m="14857" /><F133/><W129/><G129/><N who="0" m="49771" /><D67/><U70/><E78/><V4/><F4/><W125/><G125/><T82/><D28/><N who="3" m="10857" /><G14/><N who="0" m="9303" /><D93/><U134/><E134/><V118/><F118/><W6/><G33/><T95/><D94/><U0/><E0/><V64/><F48/><W32/><G32/><T12/><D12/><U111/><E111/><V131/><F131/><W132/><G132/><T112/><D82/><U7/><E70/><V81/><F81/><N who="3" m="47167" /><G6/><T114/><AGARI ba="0,0" hai="36,41,46,91,95,99,112,114" m="9303,49771" machi="114" ten="30,1100,0" yaku="19,1" doraHai="97" who="0" fromWho="0" sc="190,11,220,-5,220,-3,370,-3" /><INIT seed="2,0,0,5,0,58" ten="201,215,217,367" oya="2" hai0="53,85,134,47,65,29,102,31,99,20,48,56,105" hai1="16,51,76,114,13,84,110,23,30,119,7,115,103" hai2="86,78,121,116,3,33,22,25,24,11,15,96,133" hai3="124,34,42,41,18,101,82,98,26,61,77,80,36"/><V40/><F121/><W93/><G124/><T130/><D130/><U120/><E119/><V118/><F40/><W59/><G36/><T38/><D134/><U46/><E110/><V113/><F96/><W90/><G34/><T73/><D73/><U104/><E120/><V108/><F86/><W43/><G77/><T71/><D20/><U64/><E30/><N who="2" m="19663" /><F78/><W68/><G68/><T19/><D19/><U39/><E39/><V127/><F113/><W9/><G101/><T126/><D126/><U89/><E76/><V32/><F127/><W21/><G9/><T106/><D106/><U2/><E64/><AGARI ba="0,0" hai="18,21,26,41,42,43,59,61,64,80,82,90,93,98" machi="64" ten="40,2600,0" yaku="8,1,52,1" doraHai="58" who="3" fromWho="1" sc="201,0,215,-26,217,0,367,26" /><INIT seed="3,0,0,2,5,131" ten="201,189,217,393" oya="3" hai0="91,40,25,42,60,44,103,102,135,80,65,109,8" hai1="4,56,107,11,134,5,114,88,54,43,113,101,71" hai2="17,48,22,122,57,34,129,14,73,52,133,28,127" hai3="53,18,125,39,51,84,77,124,7,59,96,86,50"/><W118/><G118/><T126/><D109/><U100/><E71/><V15/><F73/><W55/><G39/><T76/><D126/><N who="3" m="48745" /><G7/><T13/><D135/><U79/><E79/><V92/><F133/><W70/><G70/><T132/><D132/><U46/><E134/><V75/><F75/><W64/><G64/><T90/><D25/><U20/><E5/><V128/><F127/><W110/><G110/><T6/><D102/><U104/><E100/><V0/><F0/><W21/><G96/><T61/><D103/><U78/><E78/><V121/><F34/><W45/><G77/><T85/><D42/><U49/><E20/><V27/><F92/><W32/><G32/><T12/><D12/><AGARI ba="0,0" hai="12,18,21,45,50,51,53,55,59,84,86" m="48745" machi="12" ten="30,1500,0" yaku="18,1" doraHai="131" who="3" fromWho="0" sc="201,-15,189,0,217,0,393,15" /><INIT seed="3,1,0,4,2,130" ten="186,189,217,408" oya="3" hai0="107,121,120,41,10,14,104,112,1,46,9,12,132" hai1="30,47,16,27,57,72,49,93,61,113,127,103,25" hai2="75,22,15,35,36,101,91,96,135,63,73,40,119" hai3="77,29,86,89,0,118,51,20,67,2,111,99,83"/><W95/><G118/><T38/><D1/><U55/><E113/><V48/><F35/><W45/><G111/><T94/><D112/><U125/><E72/><V53/><F119/><W78/><G67/><T69/><D69/><U52/><E30/><V4/><F36/><W116/><G116/><T68/><D68/><U87/><E16/><V64/><F40/><W76/><G2/><T114/><D114/><U39/><E39/><V79/><F91/><W97/><G0/><T23/><D23/><U33/><E33/><V90/><F90/><W123/><G123/><T124/><D94/><U43/><E87/><V100/><F79/><W84/><G20/><T102/><D124/><N who="1" m="47691" /><E43/><V59/><F75/><W110/><G110/><T34/><D34/><U62/><E61/><V71/><F73/><W42/><G29/><T18/><D41/><U126/><N who="1" m="47699" /><U133/><DORA hai="81" /><E133/><V109/><F109/><W128/><G128/><T82/><D132/><U92/><E92/><V50/><F135/><W54/><G42/><T13/><D104/><U122/><E122/><V44/><F96/><AGARI ba="1,0" hai="45,51,54,76,77,78,83,84,86,89,95,96,97,99" machi="96" ten="40,7700,0" yaku="8,1,52,2" doraHai="130,81" who="3" fromWho="2" sc="186,0,189,0,217,-80,408,80" /><AGARI ba="1,0" hai="25,27,47,49,52,55,57,62,93,96,103" m="47699" machi="96" ten="40,2600,0" yaku="18,1,54,1" doraHai="130,81" who="1" fromWho="2" sc="186,0,189,26,137,-26,488,0" /><INIT seed="3,2,0,1,3,134" ten="186,215,111,488" oya="3" hai0="120,0,110,71,95,81,64,68,26,17,129,79,102" hai1="124,109,72,44,14,1,4,32,107,108,117,28,23" hai2="128,87,37,49,116,59,57,86,52,91,101,73,131" hai3="40,103,31,30,100,45,82,13,20,48,130,132,94"/><W118/><G118/><T11/><D120/><U25/><E72/><V2/><F73/><W29/><G130/><N who="2" m="49705" /><F116/><W9/><G132/><T18/><D129/><U70/><E107/><V105/><F2/><W15/><G82/><T47/><D110/><N who="1" m="42603" /><E70/><V7/><F37/><W38/><G38/><T56/><D47/><U92/><E44/><N who="2" m="27687" /><F7/><N who="3" m="3263" /><G94/><T112/><D95/><U51/><E51/><V123/><F123/><W10/><G20/><T122/><D0/><U75/><E92/><N who="2" m="54391" /><F87/><W3/><G3/><T126/><D122/><U111/><E75/><V77/><F77/><W66/><G66/><T6/><D64/><U125/><E117/><V60/><F60/><W8/><G8/><T62/><D11/><N who="1" m="2447" /><E111/><V115/><F115/><W78/><G78/><T135/><D79/><U98/><E98/><AGARI ba="2,0" hai="57,59,98,101,105" m="54391,27687,49705" machi="98" ten="30,2000,0" yaku="19,1,54,1" doraHai="134" who="2" fromWho="1" sc="186,0,215,-26,111,26,488,0" /><INIT seed="4,0,0,2,0,0" ten="186,189,137,488" oya="0" hai0="15,111,26,99,94,134,50,58,12,32,90,73,53" hai1="100,6,75,49,64,102,70,31,16,89,40,85,35" hai2="130,86,39,74,61,17,82,62,52,132,42,87,107" hai3="124,135,47,129,66,108,27,67,25,7,18,80,59"/><T114/><D114/><U28/><E75/><V93/><F107/><W127/><G108/><T30/><D134/><U20/><E35/><V54/><F132/><W112/><G112/><T55/><D73/><U101/><E6/><V103/><F130/><W24/><G135/><T120/><D120/><U113/><E113/><V88/><F74/><W117/><G117/><T115/><D115/><U1/><E1/><V123/><F123/><W56/><G129/><T46/><REACH who="0" step="1"/><D111/><REACH who="0" ten="176,189,137,488" step="2"/><U77/><E77/><N who="2" m="46415" /><F39/><W128/><G128/><T72/><D72/><U5/><E100/><V131/><F131/><W57/><G127/><T121/><D121/><U65/><E101/><V33/><F103/><W97/><G124/><T78/><D78/><U36/><E102/><V116/><F116/><W51/><G67/><T11/><D11/><U13/><E65/><V104/><F104/><W10/><G66/><T68/><D68/><U106/><E64/><V109/><F109/><W14/><G10/><T23/><D23/><U4/><E70/><V48/><F33/><W92/><G25/><T95/><D95/><U19/><E106/><V79/><F79/><W43/><G27/><T37/><D37/><U96/><E36/><V84/><F93/><W98/><G24/><T8/><D8/><U2/><E20/><V105/><F105/><W38/><G38/><T125/><D125/><U34/><E34/><V41/><F88/><W118/><G92/><T22/><D22/><U119/><E119/><V133/><F133/><W71/><G71/><T44/><D44/><U3/><E89/><V60/><F87/><RYUUKYOKU ba="0,1" sc="176,30,189,-10,137,-10,488,-10" hai0="12,15,26,30,32,46,50,53,55,58,90,94,99" /><INIT seed="4,1,1,1,0,39" ten="206,179,127,478" oya="0" hai0="30,36,74,13,17,50,16,24,46,28,38,127,67" hai1="110,49,47,114,63,22,69,78,1,107,55,131,77" hai2="26,45,90,71,126,102,103,106,5,123,105,73,86" hai3="112,92,81,82,9,99,62,12,88,54,79,113,128"/><T133/><D74/><U25/><E110/><V118/><F45/><W85/><G128/><T101/><D133/><U59/><E1/><V2/><F26/><W31/><G31/><T95/><D127/><U37/><E107/><N who="2" m="40971" /><F71/><W14/><G81/><T29/><D67/><U64/><E131/><V66/><F5/><W42/><G42/><N who="0" m="24919" /><D38/><U15/><E15/><V23/><F23/><W116/><G116/><T72/><D72/><U43/><E114/><N who="3" m="44138" /><G9/><N who="0" m="6191" /><D36/><U0/><E0/><V111/><F66/><W6/><G6/><T115/><D115/><U57/><E57/><AGARI ba="1,1" hai="12,14,54,57,62,79,82,85,88,92,99" m="44138" machi="57" ten="30,2000,0" yaku="15,1,54,1" doraHai="39" who="3" fromWho="1" sc="206,0,179,-23,127,0,478,33" /><INIT seed="5,0,0,5,0,14" ten="206,156,127,511" oya="1" hai0="126,68,85,8,43,86,50,88,132,11,91,106,122" hai1="94,109,20,19,33,25,131,52,31,113,112,130,124" hai2="41,101,36,105,83,67,22,12,107,127,45,70,84" hai3="28,47,62,0,51,46,81,95,32,76,134,55,110"/><U75/><E75/><V100/><F127/><W59/><G0/><T10/><D132/><U135/><E94/><V119/><F119/><W49/><G110/><T30/><D126/><U102/><E102/><V26/><F70/><W116/><G116/><T15/><D68/><U4/><E124/><V72/><F67/><W92/><G134/><T42/><D106/><U35/><E135/><V133/><F72/><W38/><G28/><T115/><D115/><N who="1" m="44107" /><E109/><V99/><F133/><W104/><G32/><N who="1" m="12362" /><E4/><V93/><F12/><W40/><G104/><T71/><D71/><U66/><E66/><V17/><REACH who="2" step="1"/><F100/><REACH who="2" ten="206,156,117,511" step="2"/><W74/><G38/><T48/><D15/><N who="1" m="9343" /><E52/><AGARI ba="0,1" hai="40,46,47,49,51,52,55,59,62,74,76,81,92,95" machi="52" ten="30,2000,0" yaku="7,1,54,1" doraHai="14" who="3" fromWho="1" sc="206,0,156,-20,117,0,511,30" /><INIT seed="6,0,0,3,1,20" ten="206,136,117,541" oya="2" hai0="89,122,45,49,96,87,12,79,8,135,124,82,15" hai1="90,69,106,81,40,37,116,133,130,39,35,46,100" hai2="64,127,126,0,57,18,83,14,13,101,62,104,53" hai3="16,33,88,98,107,77,84,17,59,129,117,71,43"/><V109/><F0/><W118/><G33/><T91/><D135/><U125/><E116/><V48/><F109/><W76/><G71/><T54/><D124/><N who="2" m="47658" /><F83/><W68/><G68/><T27/><D122/><U111/><E81/><V34/><F34/><W11/><G129/><T67/><D67/><U32/><E130/><V21/><F101/><W80/><G43/><T85/><D96/><U58/><E100/><V115/><F104/><W93/><G59/><T29/><D85/><U73/><E106/><V56/><F115/><W123/><G123/><T131/><D131/><U97/><E97/><V28/><F28/><W99/><G11/><T5/><D15/><AGARI ba="0,0" hai="13,14,15,18,21,48,53,56,57,62,64" m="47658" machi="15" ten="30,1500,0" yaku="18,1" doraHai="20" who="2" fromWho="0" sc="206,-15,136,0,117,15,541,0" /><INIT seed="6,1,0,0,3,6" ten="191,136,132,541" oya="2" hai0="72,81,10,135,69,128,26,121,52,120,84,102,134" hai1="35,75,127,57,28,105,73,47,32,113,25,114,82" hai2="77,4,123,3,76,64,87,15,60,89,115,104,38" hai3="41,106,63,133,100,122,42,98,33,119,96,110,17"/><V59/><F123/><W22/><G122/><T70/><D72/><N who="1" m="27723" /><E105/><V39/><F3/><W101/><G119/><T112/><D112/><N who="1" m="43115" /><E127/><V117/><F115/><W71/><G133/><T132/><D102/><U97/><E97/><V92/><F104/><W83/><G33/><T11/><D26/><U12/><E82/><V74/><F117/><W108/><G83/><T9/><D128/><U86/><E86/><V91/><F74/><W49/><G63/><T129/><D129/><U29/><E57/><V90/><F39/><W65/><G65/><T61/><D70/><U51/><E12/><V14/><F38/><W30/><G30/><N who="1" m="11882" /><E25/><V24/><F24/><W18/><G71/><T7/><D69/><U55/><AGARI ba="1,0" hai="32,35,47,51,55" m="11882,43115,27723" machi="55" ten="40,1500,0" yaku="15,1" doraHai="6" who="1" fromWho="1" sc="191,-5,136,18,132,-8,541,-5" /><INIT seed="7,0,0,2,1,112" ten="186,154,124,536" oya="3" hai0="114,34,96,105,76,107,18,133,21,91,122,118,116" hai1="85,89,52,51,110,46,130,94,41,33,42,78,35" hai2="131,37,19,67,132,72,40,70,53,59,115,39,108" hai3="82,22,86,4,97,38,58,101,100,129,74,36,119"/><W56/><G119/><T87/><D34/><U125/><E110/><V128/><F72/><W28/><G4/><T64/><D64/><U45/><E125/><V29/><F29/><W81/><G82/><T11/><D11/><U69/><E69/><V104/><F104/><W98/><G97/><T1/><D21/><U63/><E130/><N who="2" m="49707" /><F19/><W24/><G129/><T68/><D18/><U95/><E78/><V27/><F27/><W90/><G74/><T71/><D68/><U54/><E94/><V31/><F31/><W123/><G123/><T127/><D122/><U79/><E79/><V47/><F108/><W50/><G101/><T3/><D71/><U10/><E10/><V60/><F115/><W103/><G103/><T121/><D114/><U83/><E83/><V9/><F9/><W75/><G75/><T17/><D107/><U134/><E134/><V14/><F14/><W13/><G13/><T88/><D133/><U113/><E113/><V5/><F5/><W15/><G15/><T16/><D105/><U2/><E2/><V80/><F80/><W0/><G0/><T30/><D1/><U66/><E33/><V32/><F32/><W62/><G50/><T49/><D49/><N who="1" m="26807" /><E35/><V126/><F132/><W6/><G6/><T8/><D3/><U26/><E26/><V12/><F12/><W77/><G77/><T99/><D76/><U48/><E48/><N who="2" m="31143" /><F126/><W93/><G58/><T135/><D127/><U102/><E102/><V73/><F73/><W55/><AGARI ba="0,0" hai="22,24,28,36,38,55,56,62,81,86,90,93,98,100" machi="55" ten="20,2100,0" yaku="0,1,7,1" doraHai="112" who="3" fromWho="3" sc="186,-7,154,-7,124,-7,536,21" owari="179,-2.0,147,-25.0,117,-38.0,557,65.0" /></mjloggm>