<mjloggm ver="2.3"><GO type="169" lobby="0"/><UN n0="%E9%9B%80%E6%A5%B5%E3%81%AE%E3%81%B8" n1="%40%75" n2="%E7%8B%AC%E6%AD%A9" n3="%E3%82%A6%E3%83%AB%E3%83%88%E3%83%A9%E7%AB%8B%E7%9B%B4" dan="16,16,20,18" rate="2114.51,2012.30,2188.04,2213.70" sx="M,F,M,M"/><TAIKYOKU oya="0"/><INIT seed="0,0,0,0,0,1" ten="250,250,250,250" oya="0" hai0="44,59,64,72,34,79,84,45,48,6,63,107,9" hai1="67,14,40,15,33,36,58,77,18,66,115,95,87" hai2="111,38,83,124,128,49,117,86,35,91,119,32,125" hai3="7,24,57,0,109,27,43,123,89,133,121,30,135"/><T20/><D107/><U104/><E33/><V11/><F38/><W3/><G43/><T70/><D34/><U103/><E104/><V75/><F49/><W127/><G89/><T130/><D72/><U73/><E115/><V46/><F46/><W88/><G88/><T13/><D130/><U118/><E73/><V12/><F128/><W100/><G57/><T71/><D20/><U126/><E126/><N who="2" m="48747" /><F75/><W60/><G60/><T131/><D131/><U81/><E40/><V78/><F111/><W25/><G100/><T114/><D114/><U65/><E36/><V96/><F35/><W5/><G127/><T47/><REACH who="0" step="1"/><D48/><REACH who="0" ten="240,250,250,250" step="2"/><U134/><E118/><V85/><F32/><W129/><G129/><T98/><D98/><U132/><E132/><N who="3" m="50762" /><G109/><T52/><D52/><U17/><E134/><V93/><F96/><W122/><G30/><T55/><D55/><U50/><E50/><V39/><F39/><W76/><G76/><T22/><D22/><U106/><E106/><V110/><F110/><W101/><G101/><T53/><D53/><U94/><E103/><V26/><F26/><W99/><G99/><T4/><D4/><AGARI ba="0,1" hai="4,11,12,78,83,85,86,91,93,117,119" m="48747" machi="4" ten="30,2000,0" yaku="18,1,52,1" doraHai="1" who="2" fromWho="0" sc="240,-20,250,0,250,30,250,0" /><AGARI ba="0,0" hai="0,3,4,5,7,24,25,27,121,122,123" m="50762" machi="4" ten="40,16000,3" yaku="28,2,13,1,20,1,34,2,52,3" doraHai="1" who="3" fromWho="0" sc="220,-160,250,0,280,0,250,160" /><INIT seed="1,0,0,4,5,67" ten="60,250,280,410" oya="1" hai0="54,87,112,121,78,57,95,2,80,75,71,130,65" hai1="94,115,34,98,30,20,123,21,33,52,58,97,41" hai2="100,37,62,61,96,1,3,74,81,120,133,125,132" hai3="17,111,122,44,53,116,23,6,63,119,117,106,66"/><U11/><E115/><V84/><F74/><W16/><G122/><T91/><D112/><U135/><E135/><N who="2" m="51787" /><F37/><W12/><G106/><T5/><D130/><U128/><E128/><V59/><F125/><W43/><G111/><T79/><D121/><U39/><E123/><V10/><F10/><N who="3" m="4183" /><G53/><T104/><D78/><U32/><E11/><V0/><F59/><N who="3" m="37247" /><G23/><T118/><D118/><U77/><E77/><N who="2" m="46127" /><F120/><W113/><G113/><T70/><D65/><U82/><E39/><AGARI ba="0,0" hai="16,17,39,43,44,116,117,119" m="37247,4183" machi="39" ten="30,2000,0" yaku="12,1,54,1" doraHai="67" who="3" fromWho="1" sc="60,0,250,-20,280,0,410,20" /><INIT seed="2,0,0,1,0,111" ten="60,230,280,430" oya="2" hai0="22,28,89,86,83,52,66,78,122,56,123,109,11" hai1="80,90,92,72,24,3,108,93,120,126,75,51,37" hai2="63,23,71,70,16,2,118,27,53,68,135,121,42" hai3="112,100,134,20,46,113,60,85,77,7,101,32,59"/><V79/><F118/><W84/><G32/><T132/><D109/><U49/><E108/><V4/><F121/><W107/><G134/><T74/><D132/><U55/><E37/><V64/><F135/><W102/><G7/><T39/><D39/><U105/><E3/><V69/><F42/><W65/><G107/><T91/><D66/><U117/><E105/><V104/><F104/><W30/><G46/><T81/><D91/><U1/><E1/><V31/><F79/><W29/><G20/><T48/><REACH who="0" step="1"/><D11/><REACH who="0" ten="50,230,280,430" step="2"/><U110/><E90/><V26/><F53/><W10/><G10/><T130/><D130/><U115/><E55/><V8/><REACH who="2" step="1"/><F70/><REACH who="2" ten="50,230,270,430" step="2"/><W17/><G77/><T15/><D15/><U73/><E117/><V61/><F61/><W19/><G60/><T96/><D96/><U88/><E110/><V45/><F45/><W94/><G59/><T43/><D43/><U6/><E120/><V125/><F125/><W103/><G100/><T13/><D13/><U62/><E126/><V34/><AGARI ba="0,2" hai="2,4,8,16,23,26,27,31,34,63,64,68,69,71" machi="34" ten="20,7800,0" yaku="1,1,0,1,7,1,54,1,53,0" doraHai="111" doraHaiUra="129" who="2" fromWho="2" sc="50,-26,230,-26,270,98,430,-26" /><INIT seed="2,1,0,1,0,51" ten="24,204,368,404" oya="2" hai0="115,89,13,67,4,83,97,126,46,122,6,74,134" hai1="123,73,1,10,24,117,33,12,82,39,14,42,114" hai2="135,92,107,90,106,56,127,100,11,72,64,70,132" hai3="103,25,133,45,59,94,128,40,27,102,116,75,54"/><V109/><F70/><W58/><G116/><T17/><D115/><U112/><E117/><V18/><F72/><W87/><G75/><T121/><D134/><N who="2" m="51242" /><F100/><N who="3" m="38443" /><G128/><T9/><D126/><U76/><E123/><V26/><F127/><W66/><G133/><T60/><D74/><U95/><E95/><V119/><F119/><W130/><G130/><T36/><D36/><U108/><E108/><V62/><F109/><W91/><G40/><T55/><D122/><U43/><E43/><V31/><F18/><W30/><G30/><T120/><D121/><U20/><E33/><N who="2" m="20727" /><F11/><W52/><G45/><T15/><D120/><U71/><E71/><V28/><F28/><W77/><G77/><T32/><D32/><U105/><E105/><V3/><F3/><W124/><G66/><T19/><D67/><U69/><E69/><V38/><F38/><W104/><G104/><T34/><D34/><U37/><E37/><V101/><F101/><W81/><G124/><T2/><D2/><U110/><E110/><V16/><F16/><W53/><G94/><N who="0" m="56527" /><D83/><U48/><E39/><V61/><F61/><W118/><G118/><T88/><D60/><U131/><E131/><V78/><F78/><W93/><G93/><T5/><D88/><U113/><E1/><V86/><AGARI ba="1,0" hai="56,62,64,86,90,92,106,107" m="20727,51242" machi="86" ten="30,1500,0" yaku="20,1" doraHai="51" who="2" fromWho="2" sc="24,-6,204,-6,368,18,404,-6" /><INIT seed="2,2,0,2,2,75" ten="18,198,386,398" oya="2" hai0="122,116,66,54,35,74,3,127,82,112,36,26,48" hai1="111,73,9,51,108,56,72,32,129,107,64,29,5" hai2="46,23,103,25,65,45,27,47,10,11,76,91,67" hai3="115,78,89,125,86,42,126,104,69,2,133,59,123"/><V131/><F131/><W53/><G123/><T61/><D26/><N who="2" m="9738" /><F103/><W102/><G69/><T20/><D20/><U8/><E107/><V44/><N who="2" m="11264" /><DORA hai="84" /><V132/><F132/><W117/><G2/><T109/><D48/><U22/><E32/><V92/><F76/><W113/><G117/><T16/><D16/><U7/><E129/><V96/><F23/><W24/><G133/><T62/><D54/><U93/><E73/><V87/><F96/><N who="3" m="61511" /><G78/><T106/><D82/><U50/><E72/><V97/><F97/><W6/><G6/><T94/><D94/><U81/><E93/><V21/><F21/><W37/><G24/><T95/><D95/><U121/><E7/><V100/><F100/><W4/><G4/><T12/><D12/><U83/><E5/><V90/><F90/><W0/><G0/><T79/><D79/><U52/><E121/><V77/><F77/><W118/><G118/><T34/><D66/><AGARI ba="2,0" hai="10,11,65,66,67,87,91,92" m="11264,9738" machi="66" ten="40,3900,0" yaku="8,1,52,1" doraHai="75,84" who="2" fromWho="0" sc="18,-45,198,0,386,45,398,0" owari="-27,-53.0,198,-20.0,431,53.0,398,20.0" /></mjloggm>