<mjloggm ver="2.3"><GO type="169" lobby="0"/><UN n0="%E3%82%AA%E3%82%A6%E3%83%99%E3%82%A4" n1="%E3%80%93%E5%AE%AE%E6%A3%AE%E3%81%82%E3%81%8A%E3%81%84%E3%80%93" n2="%E3%82%A6%E3%83%AB%E3%83%88%E3%83%A9%E7%AB%8B%E7%9B%B4" n3="%E6%9E%97%E9%9D%92" dan="16,16,16,16" rate="2134.99,2096.74,2193.19,2014.27" sx="M,M,M,M"/><TAIKYOKU oya="0"/><INIT seed="0,0,0,4,1,58" ten="250,250,250,250" oya="0" hai0="119,39,121,99,69,125,135,62,42,72,92,82,117" hai1="49,11,35,126,81,118,63,20,15,83,131,5,14" hai2="65,22,52,16,34,113,55,86,103,28,44,9,79" hai3="4,29,3,114,0,116,50,100,84,7,102,38,25"/><T130/><D121/><U90/><E35/><V30/><F34/><W47/><G114/><T8/><D135/><U64/><E118/><V32/><F32/><W96/><G116/><T12/><D125/><U53/><E126/><V105/><F105/><W123/><G123/><T80/><D130/><U45/><E131/><V129/><F103/><W24/><G84/><T73/><D42/><U51/><E51/><N who="2" m="28775" /><F65/><W43/><G38/><T48/><D48/><U111/><E111/><V94/><F113/><W21/><G25/><T76/><D39/><U74/><E74/><V122/><F122/><W67/><G67/><T88/><D69/><U23/><E90/><N who="2" m="53591" /><F79/><W91/><G3/><T27/><D27/><U40/><E40/><V56/><F9/><W41/><G43/><T61/><D119/><U57/><E23/><V104/><F104/><W85/><G0/><T59/><D59/><U128/><E128/><V6/><F6/><N who="3" m="2091" /><G96/><T68/><D68/><U10/><REACH who="1" step="1"/><E20/><REACH who="1" ten="250,240,250,250" step="2"/><V60/><F129/><W134/><G134/><T31/><D117/><U101/><E101/><V97/><F97/><W37/><G37/><T78/><D31/><U17/><AGARI ba="0,1" hai="5,10,11,14,15,17,45,49,53,57,63,64,81,83" machi="17" ten="20,8000,1" yaku="1,1,0,1,7,1,8,1,52,1,53,0" doraHai="58" doraHaiUra="107" who="1" fromWho="1" sc="250,-40,240,90,250,-20,250,-20" /><INIT seed="1,0,0,1,2,9" ten="210,330,230,230" oya="1" hai0="70,35,29,108,103,43,63,17,54,45,1,82,73" hai1="7,99,84,40,124,89,100,132,61,121,59,79,112" hai2="105,111,4,90,113,110,72,75,47,26,68,41,102" hai3="38,64,67,36,130,33,19,0,27,97,21,86,30"/><U52/><E112/><V57/><F68/><W53/><G130/><T129/><D108/><U85/><E121/><V11/><F57/><W91/><G97/><T83/><D1/><U25/><E132/><V122/><F122/><W60/><G53/><T56/><D129/><U8/><E124/><V115/><F90/><W2/><G38/><T128/><D128/><U106/><E40/><V93/><F93/><W15/><G36/><T18/><D103/><U32/><E79/><V24/><F24/><W76/><G76/><T12/><D17/><U51/><E32/><V77/><F26/><W62/><G62/><T13/><D18/><U118/><E25/><V31/><F31/><W134/><G134/><T117/><D117/><U133/><E133/><V20/><F20/><W116/><G116/><T55/><D55/><U50/><E84/><V5/><F5/><W101/><G101/><T10/><D10/><U34/><E34/><V16/><F16/><W71/><REACH who="3" step="1"/><G67/><REACH who="3" ten="210,330,230,220" step="2"/><T104/><D104/><U48/><E118/><V49/><F102/><W87/><G87/><T88/><D73/><N who="2" m="28234" /><F77/><W81/><AGARI ba="0,1" hai="0,2,15,19,21,27,30,33,60,64,71,81,86,91" machi="81" ten="20,8000,1" yaku="1,1,0,1,7,1,52,1,53,1" doraHai="9" doraHaiUra="66" who="3" fromWho="3" sc="210,-20,330,-40,230,-20,220,90" /><INIT seed="2,0,0,1,5,97" ten="190,290,210,310" oya="2" hai0="56,57,38,34,30,99,59,100,6,93,63,66,105" hai1="102,128,29,48,84,74,106,41,110,1,94,18,65" hai2="86,85,33,36,116,129,2,42,4,37,132,12,17" hai3="81,83,130,39,77,89,115,87,91,8,68,71,26"/><V72/><F116/><W75/><G39/><T101/><D38/><U134/><E1/><V43/><F72/><W76/><G115/><T31/><D6/><U51/><E74/><V45/><F33/><W14/><G130/><T109/><D109/><U123/><E106/><V103/><F129/><W127/><G127/><T90/><D105/><U52/><E128/><V112/><F112/><W64/><G26/><T117/><D117/><U53/><E110/><V24/><F24/><W78/><G78/><T122/><D122/><U7/><E7/><V28/><F28/><W0/><G0/><T58/><D34/><U104/><E104/><V61/><F61/><W21/><G21/><T19/><D19/><U27/><E134/><V49/><F49/><W95/><G64/><T119/><D119/><U9/><E65/><V22/><F132/><W46/><G46/><T126/><D126/><U62/><E41/><V80/><F80/><W107/><G107/><T88/><REACH who="0" step="1"/><D90/><REACH who="0" ten="180,290,210,310" step="2"/><U67/><E18/><V70/><F4/><W10/><G91/><T44/><D44/><U82/><E123/><V40/><F45/><W120/><G120/><T16/><D16/><U98/><E29/><AGARI ba="0,1" hai="29,30,31,56,57,58,59,63,66,88,93,99,100,101" machi="29" ten="40,8000,1" yaku="1,1,8,1,52,2,54,1,53,0" doraHai="97" doraHaiUra="79" who="0" fromWho="1" sc="180,90,290,-80,210,0,310,0" /><INIT seed="3,0,0,0,0,56" ten="270,210,210,310" oya="3" hai0="45,76,89,98,49,86,80,25,125,58,0,62,134" hai1="20,55,72,85,91,135,59,37,120,102,94,22,64" hai2="82,68,96,36,39,124,71,129,113,26,83,9,101" hai3="81,27,95,116,100,119,109,84,105,122,57,7,31"/><W67/><G122/><T63/><D0/><U51/><E120/><V10/><F26/><W69/><G69/><T43/><D134/><U11/><E135/><V30/><F30/><W46/><G7/><T123/><D123/><U29/><E72/><V121/><F121/><W77/><G105/><T112/><D125/><U33/><E37/><V48/><F48/><W103/><G109/><T70/><D70/><U66/><E33/><V47/><F47/><W131/><G131/><T99/><D112/><U6/><E102/><V132/><F96/><W34/><G46/><T23/><D58/><U15/><E29/><V92/><F92/><W21/><G34/><T130/><D130/><U114/><E114/><V12/><F12/><W13/><G13/><T42/><D43/><U40/><E40/><V128/><F101/><W54/><G103/><T52/><D42/><U108/><E108/><V53/><F53/><W60/><REACH who="3" step="1"/><G54/><REACH who="3" ten="270,210,210,300" step="2"/><T106/><D106/><U44/><E44/><V126/><F113/><W118/><G118/><T24/><D24/><U79/><E6/><V14/><F14/><W65/><G65/><N who="1" m="25194" /><E15/><V28/><F132/><W87/><G87/><T133/><D133/><U18/><E11/><V2/><F2/><W19/><G19/><N who="0" m="12543" /><D76/><U74/><E18/><V35/><F28/><W78/><G78/><T41/><D41/><U117/><E117/><V111/><F35/><W73/><G73/><T1/><D1/><U88/><E91/><V50/><F111/><W3/><G3/><T115/><D115/><U32/><E32/><V110/><F110/><W4/><G4/><RYUUKYOKU ba="0,1" sc="270,0,210,0,210,0,300,0" hai0="45,49,52,62,63,80,86,89,98,99" hai1="20,22,51,55,59,74,79,85,88,94" hai2="9,10,36,39,50,68,71,82,83,124,126,128,129" hai3="21,27,31,57,60,67,77,81,84,95,100,116,119" /><INIT seed="3,1,1,0,2,71" ten="270,210,210,300" oya="3" hai0="11,40,84,126,89,123,37,58,5,15,78,98,107" hai1="135,83,133,96,120,7,100,95,134,103,1,80,90" hai2="25,110,17,28,62,54,36,32,116,19,81,50,85" hai3="27,3,125,65,23,73,34,49,87,104,30,33,35"/><W45/><G73/><T121/><D126/><U117/><E7/><V8/><F116/><W86/><G125/><T61/><D78/><U53/><E1/><V48/><F36/><W26/><G104/><T31/><D31/><U97/><E53/><V18/><F110/><W12/><G65/><T76/><D76/><U42/><E42/><V119/><F119/><W60/><G60/><T57/><D57/><U92/><E117/><V94/><F94/><W106/><G106/><T79/><D79/><U0/><E0/><V128/><F128/><W38/><G38/><T72/><D72/><U118/><E118/><V56/><REACH who="2" step="1"/><F8/><REACH who="2" ten="270,210,200,300" step="2"/><W113/><G113/><T55/><D37/><U16/><E120/><V44/><F44/><W66/><G45/><T102/><D40/><U115/><E115/><V29/><F29/><W67/><G30/><T10/><D11/><U132/><E134/><V101/><F101/><W74/><G35/><T43/><D43/><U109/><E109/><V82/><F82/><AGARI ba="1,2" hai="5,10,15,55,58,61,82,84,89,98,102,107,121,123" machi="82" ten="30,1000,0" yaku="7,1" doraHai="71" who="0" fromWho="2" sc="270,33,210,0,200,-13,300,0" /><INIT seed="4,0,0,3,3,75" ten="303,210,187,300" oya="0" hai0="73,105,111,135,88,47,121,134,106,112,27,97,18" hai1="15,91,79,120,22,6,83,82,4,130,122,32,64" hai2="126,33,61,10,38,85,24,54,81,1,118,65,62" hai3="58,71,34,87,115,36,84,95,30,113,125,70,52"/><T116/><D121/><U109/><E32/><V7/><F38/><W110/><G36/><T108/><D47/><U128/><E64/><V60/><F126/><W66/><G110/><N who="0" m="42027" /><D116/><U117/><E109/><V39/><F39/><W101/><G125/><T44/><D44/><U56/><E56/><V78/><F118/><W9/><G66/><T100/><D18/><N who="1" m="10591" /><E117/><V55/><REACH who="2" step="1"/><F65/><REACH who="2" ten="303,210,177,300" step="2"/><W123/><G123/><T59/><D112/><U80/><E122/><V63/><N who="2" m="15360" /><DORA hai="103" /><V124/><F124/><W23/><G115/><T2/><D135/><U114/><E114/><V53/><F53/><W57/><G52/><T94/><D134/><U49/><E120/><V93/><F93/><W8/><G95/><T102/><D106/><U31/><E130/><V89/><F89/><W129/><G129/><T25/><D105/><U77/><E128/><V19/><F19/><W13/><G113/><T67/><D67/><U17/><E31/><AGARI ba="0,1" hai="1,7,10,24,31,33,54,55,78,81,85" m="15360" machi="31" ten="50,6400,0" yaku="1,1,52,1,53,1" doraHai="75,103" doraHaiUra="3,86" who="2" fromWho="1" sc="303,0,210,-64,177,74,300,0" /><INIT seed="5,0,0,1,4,68" ten="303,146,251,300" oya="1" hai0="133,23,33,54,36,80,74,116,9,1,79,96,134" hai1="89,109,76,15,130,61,103,52,24,129,106,11,81" hai2="17,102,65,95,73,40,87,78,32,114,3,22,30" hai3="53,57,47,59,118,14,60,48,16,29,111,66,63"/><U105/><E89/><V18/><F3/><W35/><G111/><T12/><D116/><U84/><E109/><V120/><F73/><W44/><G118/><T21/><D33/><U98/><E106/><V41/><F32/><W101/><G101/><T20/><D1/><U125/><E125/><V82/><F65/><N who="3" m="39055" /><G29/><T113/><D113/><U50/><E61/><V83/><F83/><W132/><G35/><T62/><D96/><U26/><E129/><V55/><F55/><W119/><G132/><N who="0" m="50795" /><D54/><U72/><E72/><V56/><F56/><N who="3" m="37223" /><G119/><T49/><D49/><U37/><E130/><V121/><F114/><W131/><G131/><T19/><D62/><U124/><E124/><V128/><F128/><W10/><AGARI ba="0,0" hai="10,14,16,44,47,48,53,59" m="37223,39055" machi="10" ten="30,2000,0" yaku="8,1,54,1" doraHai="68" who="3" fromWho="3" sc="303,-5,146,-10,251,-5,300,20" /><INIT seed="6,0,0,5,5,95" ten="298,136,246,320" oya="2" hai0="18,48,79,134,14,47,116,10,125,13,57,50,90" hai1="30,5,29,44,101,56,8,9,38,93,40,36,112" hai2="11,27,66,104,31,15,49,85,86,45,21,109,110" hai3="111,22,122,73,33,98,105,135,103,100,83,3,114"/><V75/><F75/><W117/><RYUUKYOKU type="yao9" ba="0,0" sc="298,0,136,0,246,0,320,0" hai3="3,22,33,73,83,98,100,103,105,111,114,117,122,135" /><INIT seed="6,1,0,4,4,88" ten="298,136,246,320" oya="2" hai0="91,69,2,118,109,5,16,54,65,25,11,85,119" hai1="135,64,32,7,89,127,48,13,83,106,112,132,34" hai2="6,52,9,75,59,8,124,78,40,51,111,24,104" hai3="47,67,90,92,110,21,74,30,10,103,86,125,133"/><V22/><F104/><W73/><G110/><T80/><D109/><U94/><E106/><V120/><F120/><W101/><G133/><N who="1" m="51274" /><E64/><V33/><F33/><N who="1" m="12905" /><E83/><V72/><F124/><W58/><G125/><T29/><D65/><U122/><E127/><V62/><F111/><W36/><G10/><T18/><D69/><U38/><E38/><V46/><F78/><W134/><G134/><T95/><D54/><U116/><E116/><N who="0" m="44585" /><D80/><U128/><E122/><V93/><F93/><W26/><G74/><T105/><D105/><U107/><E107/><V66/><F9/><W129/><G73/><T114/><D114/><U87/><E112/><V53/><F72/><W39/><G129/><T117/><N who="0" m="44593" /><T31/><DORA hai="49" /><D31/><U102/><E128/><V50/><F75/><W19/><G30/><T99/><D85/><U41/><E102/><V55/><F51/><W17/><G103/><T20/><AGARI ba="1,0" hai="2,5,11,16,18,20,25,29,91,95,99" m="44593" machi="20" ten="40,5200,0" yaku="12,1,52,1,54,1" doraHai="88,49" who="0" fromWho="0" sc="298,55,136,-14,246,-27,320,-14" /><INIT seed="7,0,0,1,5,39" ten="353,122,219,306" oya="3" hai0="37,40,24,97,135,80,134,51,83,34,12,11,33" hai1="64,110,119,76,127,44,89,103,16,23,84,75,72" hai2="67,71,132,27,68,108,59,63,107,49,126,31,124" hai3="5,3,30,28,111,99,92,19,38,128,91,81,112"/><W102/><G111/><T6/><D37/><U29/><E110/><V0/><F0/><W21/><G38/><T117/><D117/><U1/><E127/><N who="2" m="48683" /><F107/><W116/><G116/><T52/><D97/><U25/><E119/><V104/><F104/><W45/><G128/><T86/><D40/><U20/><E1/><V88/><F132/><N who="0" m="50730" /><D24/><U4/><E4/><V13/><F13/><W57/><G112/><T18/><D6/><U48/><E103/><V65/><F65/><W95/><G81/><N who="0" m="31307" /><D86/><U120/><E120/><V77/><F88/><W105/><G5/><T123/><D123/><U90/><E76/><V10/><F10/><W114/><G114/><T133/><D133/><U130/><E130/><V82/><F49/><W94/><G3/><T96/><D96/><U43/><E64/><V26/><F108/><W9/><G9/><T78/><D78/><U109/><E109/><V69/><F31/><W46/><G57/><AGARI ba="0,0" hai="11,12,18,33,34,51,52,57" m="31307,50730" machi="57" ten="30,2000,0" yaku="20,1,54,1" doraHai="39" who="0" fromWho="3" sc="353,20,122,0,219,0,306,-20" owari="373,47.0,122,-38.0,219,-18.0,286,9.0" /></mjloggm>