<mjloggm ver="2.3"><GO type="169" lobby="0"/><UN n0="%E5%AF%8C%E7%94%B7%E3%81%A7%E3%81%99" n1="%E3%82%A2%E3%83%83%E3%83%97%E3%83%AB%E3%82%B0%E3%83%9F" n2="%E3%82%A6%E3%83%AB%E3%83%88%E3%83%A9%E7%AB%8B%E7%9B%B4" n3="%40%6B%6B%6B%6B" dan="16,18,17,16" rate="2089.99,2206.10,2120.68,2073.00" sx="M,M,M,M"/><TAIKYOKU oya="0"/><INIT seed="0,0,0,3,0,98" ten="250,250,250,250" oya="0" hai0="68,103,37,93,102,79,83,133,33,80,87,111,101" hai1="72,0,115,38,17,62,59,18,65,125,121,54,58" hai2="112,3,1,50,55,46,36,20,34,85,23,29,100" hai3="110,8,44,97,84,104,49,92,5,77,64,14,89"/><T123/><D37/><U130/><E121/><V10/><F112/><W119/><G110/><T57/><D68/><U96/><E115/><V75/><F75/><W42/><G119/><T134/><D33/><U71/><E72/><V52/><F34/><W114/><G114/><T39/><D39/><U118/><E118/><V15/><F36/><W95/><G104/><T27/><D123/><U91/><E0/><V124/><F124/><W81/><G95/><T60/><D111/><U43/><E125/><V109/><F109/><W94/><G92/><T78/><D27/><U70/><E130/><V76/><F1/><W25/><G25/><T2/><D2/><U67/><E91/><V113/><F3/><W47/><G47/><T90/><D60/><N who="1" m="38047" /><E96/><V56/><F29/><W120/><G120/><T4/><D4/><U74/><E74/><V128/><F128/><W117/><G117/><T122/><D57/><N who="1" m="37327" /><E17/><V107/><F107/><W48/><G64/><T19/><D19/><U69/><E18/><V53/><F100/><N who="0" m="25602" /><T132/><DORA hai="21" /><D122/><U51/><E70/><V61/><F113/><W41/><REACH who="3" step="1"/><G49/><REACH who="3" ten="250,250,250,240" step="2"/><T32/><D32/><U31/><E31/><V30/><F30/><W7/><G7/><T6/><D6/><U16/><E16/><N who="2" m="8311" /><F20/><W73/><G73/><N who="0" m="43087" /><D134/><U127/><E127/><V135/><F135/><W108/><G108/><T24/><D24/><U13/><E13/><V35/><F23/><W28/><G28/><T126/><D126/><U106/><E106/><V9/><F35/><W12/><G12/><T45/><D45/><AGARI ba="0,1" hai="38,43,45,51,54,58,69,71" m="37327,38047" machi="45" ten="30,8000,1" yaku="35,5" doraHai="98,21" who="1" fromWho="0" sc="250,-80,250,90,250,0,240,0" /><INIT seed="1,0,0,3,2,8" ten="170,340,250,240" oya="1" hai0="48,50,2,83,132,65,109,5,100,42,75,57,35" hai1="73,12,3,45,9,64,66,17,14,54,28,22,81" hai2="115,1,131,85,125,55,7,61,30,21,53,32,70" hai3="24,62,36,108,51,106,88,46,121,13,80,116,102"/><U134/><E134/><V19/><F131/><W113/><G113/><T10/><D132/><U11/><E73/><V87/><F125/><W77/><G121/><T104/><D35/><U76/><E3/><V37/><F37/><W122/><G122/><T31/><D31/><U20/><E81/><V95/><F115/><W78/><G36/><T117/><D117/><U44/><E76/><V114/><F114/><W43/><G108/><T38/><D109/><U27/><E11/><V71/><F87/><N who="3" m="50279" /><G106/><T94/><D104/><U26/><E26/><V68/><F61/><W133/><G116/><T60/><D100/><U97/><E97/><V119/><F119/><W6/><G102/><T105/><D94/><U93/><E93/><V16/><F85/><W25/><G62/><T135/><D135/><U107/><E107/><V82/><F82/><W41/><G41/><T33/><D33/><U111/><E111/><V128/><F95/><W15/><G6/><T118/><D105/><U99/><E99/><V90/><F90/><W34/><G34/><T72/><D72/><U124/><E124/><V58/><F128/><W123/><G123/><T92/><D92/><U98/><E98/><V110/><F110/><W47/><G47/><N who="1" m="17994" /><E54/><V129/><F55/><W74/><G74/><T91/><D118/><U126/><E126/><V63/><F32/><W79/><G133/><T96/><D96/><U103/><E103/><V0/><F129/><W130/><G130/><T69/><D75/><U67/><E67/><V52/><F53/><W112/><G112/><T39/><D83/><U56/><E56/><RYUUKYOKU ba="0,0" sc="170,-15,340,15,250,-15,240,15" hai1="9,12,14,17,20,22,27,28,64,66" hai3="13,15,24,25,43,46,51,77,78,79" /><INIT seed="1,1,0,4,0,33" ten="155,355,235,255" oya="1" hai0="87,28,118,69,111,52,94,71,27,112,106,63,55" hai1="43,49,133,73,5,77,128,101,16,58,134,13,130" hai2="56,123,41,100,2,54,102,132,37,65,60,120,67" hai3="20,59,26,114,135,47,83,89,84,117,91,126,103"/><U15/><E101/><V3/><F132/><N who="1" m="50793" /><E73/><V127/><F127/><W61/><G114/><T57/><D112/><U31/><E77/><V11/><F11/><W45/><G126/><T125/><D125/><U72/><E72/><V39/><F54/><W42/><G117/><T107/><D118/><U53/><E31/><V48/><F48/><W44/><G103/><N who="2" m="39465" /><F56/><W74/><G74/><T23/><D111/><U29/><E29/><V105/><F60/><W93/><G135/><T40/><D40/><U6/><E43/><V76/><F41/><W64/><G42/><T81/><D55/><U79/><E79/><V110/><F76/><W66/><G66/><N who="2" m="25097" /><F105/><W32/><G32/><T1/><D106/><U30/><E30/><V17/><F17/><N who="3" m="12559" /><G45/><T82/><D107/><U9/><E6/><V18/><F18/><W99/><AGARI ba="1,0" hai="44,47,59,61,64,83,84,89,91,93,99" m="12559" machi="99" ten="30,1100,0" yaku="8,1" doraHai="33" who="3" fromWho="3" sc="155,-4,355,-6,235,-4,255,14" /><INIT seed="2,0,0,2,3,107" ten="151,349,231,269" oya="2" hai0="121,106,1,83,29,89,124,33,90,60,6,53,40" hai1="35,82,131,27,135,8,76,114,23,109,92,45,111" hai2="115,99,130,73,81,66,51,3,34,14,59,21,119" hai3="103,39,132,101,17,32,96,102,20,70,116,69,26"/><V94/><F119/><W4/><G116/><T2/><D121/><U57/><E114/><V67/><F34/><W108/><G39/><T56/><D124/><U68/><E68/><V28/><F3/><W125/><G108/><N who="1" m="41546" /><E131/><V87/><F73/><W38/><G38/><T86/><D106/><U52/><E135/><V123/><F130/><W37/><G37/><T11/><D40/><U16/><E45/><V127/><F127/><W36/><G36/><T80/><D1/><U113/><E113/><V48/><F123/><W122/><G122/><T120/><D120/><U118/><E118/><V5/><F115/><W44/><G44/><T18/><D18/><U22/><E92/><V42/><F42/><W79/><G79/><T46/><D46/><U15/><E35/><V97/><F28/><W19/><G132/><T85/><REACH who="0" step="1"/><D33/><REACH who="0" ten="141,349,231,269" step="2"/><U78/><E27/><V61/><F5/><W126/><G26/><T25/><D25/><U112/><E112/><V74/><F14/><W50/><G4/><T91/><D91/><U31/><E31/><AGARI ba="0,1" hai="2,6,11,29,31,53,56,60,80,83,85,86,89,90" machi="31" ten="40,2600,0" yaku="1,1,9,1,53,0" doraHai="107" doraHaiUra="41" who="0" fromWho="1" sc="141,36,349,-26,231,0,269,0" /><INIT seed="3,0,0,2,1,59" ten="177,323,231,269" oya="3" hai0="97,104,119,41,135,90,94,89,85,60,92,6,83" hai1="12,13,9,10,79,88,75,58,99,106,91,117,81" hai2="109,74,50,36,120,51,17,37,62,112,18,115,86" hai3="72,130,31,101,65,7,43,28,47,116,73,11,69"/><W114/><G114/><T23/><D135/><U57/><E117/><V108/><F86/><W107/><G116/><T102/><D119/><U45/><E45/><V3/><F3/><W121/><G121/><T42/><D6/><U19/><E106/><V84/><F84/><W129/><G31/><T66/><D23/><U54/><E58/><V61/><REACH who="2" step="1"/><F120/><REACH who="2" ten="177,323,221,269" step="2"/><W44/><G73/><AGARI ba="0,1" hai="17,18,36,37,50,51,61,62,73,74,108,109,112,115" machi="73" ten="25,12000,2" yaku="1,1,2,1,22,2,52,2,53,0" doraHai="59" doraHaiUra="128" who="2" fromWho="3" sc="177,0,323,0,221,130,269,-120" /><INIT seed="4,0,0,2,4,85" ten="177,323,351,149" oya="0" hai0="50,73,59,90,67,43,75,31,70,62,118,83,82" hai1="11,123,72,71,24,78,30,48,46,25,63,99,55" hai2="39,111,103,41,29,64,14,57,19,66,131,42,100" hai3="129,10,26,95,51,20,6,110,76,4,27,28,125"/><T132/><D118/><U22/><E123/><V98/><F111/><W102/><G76/><T36/><D132/><U60/><E71/><V23/><F131/><W94/><G110/><T133/><D133/><U44/><E72/><N who="0" m="27721" /><D90/><U88/><E78/><V116/><F116/><W91/><G129/><T21/><D21/><N who="1" m="15631" /><E11/><N who="2" m="6623" /><F39/><W74/><G74/><T108/><D31/><N who="1" m="17847" /><E46/><V81/><F81/><W9/><G102/><N who="2" m="38953" /><F98/><W8/><G125/><T113/><D108/><U1/><E1/><V65/><F57/><W93/><G51/><T15/><D15/><U34/><E34/><V0/><F0/><W52/><G52/><N who="0" m="32151" /><D113/><U5/><E5/><N who="3" m="2154" /><G26/><AGARI ba="0,0" hai="23,26,29,41,42,64,65,66" m="38953,6623" machi="26" ten="30,1000,0" yaku="8,1" doraHai="85" who="2" fromWho="3" sc="177,0,323,0,351,10,149,-10" /><INIT seed="5,0,0,4,0,116" ten="177,323,361,139" oya="1" hai0="100,40,95,121,13,45,25,61,85,9,96,129,107" hai1="30,75,6,123,112,41,94,37,101,21,50,31,81" hai2="62,114,124,38,127,32,90,49,132,58,78,80,55" hai3="26,72,59,68,77,71,43,36,18,118,52,125,82"/><U34/><E34/><V83/><F38/><W134/><G118/><T17/><D129/><U99/><E50/><V12/><F32/><W53/><G134/><T57/><D25/><U103/><E103/><V46/><F132/><W73/><G73/><T28/><D28/><U130/><E130/><V69/><F69/><W115/><G125/><N who="2" m="48201" /><F114/><W48/><G115/><T1/><D1/><U102/><E102/><V33/><F33/><W27/><G53/><T56/><D61/><U66/><E66/><V3/><F3/><W60/><G36/><T63/><D63/><U92/><E112/><V117/><F117/><W19/><G27/><T10/><D9/><U76/><E94/><V97/><F12/><W67/><G71/><T98/><D85/><U106/><E37/><V39/><F39/><W84/><G43/><T23/><D40/><U14/><E41/><N who="2" m="24783" /><F78/><W110/><G110/><T2/><D45/><U93/><E14/><V24/><F24/><W91/><REACH who="3" step="1"/><G26/><REACH who="3" ten="177,323,361,129" step="2"/><T7/><D57/><U51/><E30/><V113/><F113/><W64/><G64/><T135/><D56/><U108/><E31/><V89/><F55/><W35/><G35/><T11/><D135/><U133/><E133/><V70/><F58/><W109/><G109/><T74/><D74/><U111/><E108/><V128/><F128/><W65/><G65/><T122/><REACH who="0" step="1"/><D10/><REACH who="0" ten="167,323,361,129" step="2"/><U126/><E111/><V54/><F70/><W87/><G87/><T15/><D15/><U5/><E126/><V44/><F44/><W86/><G86/><T42/><D42/><U16/><E75/><V0/><F0/><RYUUKYOKU ba="0,2" sc="167,15,323,-15,361,-15,129,15" hai0="2,7,11,13,17,23,95,96,98,100,107,121,122" hai3="18,19,48,52,59,60,67,68,72,77,82,84,91" /><INIT seed="6,1,2,3,5,99" ten="182,308,346,144" oya="2" hai0="129,122,53,35,33,100,39,40,118,105,24,111,54" hai1="57,69,83,9,134,65,81,124,37,2,86,52,88" hai2="104,85,60,55,41,84,92,120,30,80,49,67,12" hai3="106,108,5,109,75,44,112,17,26,43,78,20,14"/><V110/><F104/><W126/><G106/><T8/><D122/><U1/><E37/><V4/><F41/><W66/><G66/><T119/><D111/><U72/><E69/><V89/><F30/><W31/><G126/><T133/><D133/><U96/><E65/><V22/><F120/><W76/><G5/><T13/><D13/><U27/><E134/><V42/><F42/><W132/><G132/><T125/><D125/><U46/><E124/><V102/><F110/><W71/><G71/><T0/><D129/><U70/><E70/><V117/><F117/><N who="0" m="44554" /><D24/><U68/><E68/><V113/><F113/><W93/><G112/><T116/><N who="0" m="44562" /><T7/><DORA hai="29" /><D53/><U16/><E46/><V45/><F4/><W47/><G47/><N who="0" m="23967" /><D54/><U103/><E72/><V50/><F50/><N who="3" m="26911" /><G109/><T77/><D77/><N who="3" m="29801" /><G75/><T114/><D114/><U63/><E83/><V11/><F80/><W38/><G38/><T48/><D48/><U15/><E27/><V59/><F49/><W97/><G108/><T121/><D121/><U19/><E19/><V10/><F55/><W74/><G74/><T107/><D107/><AGARI ba="1,2" hai="1,2,9,15,16,52,57,63,81,86,88,96,103,107" machi="107" ten="30,8000,1" yaku="7,1,52,1,54,3" doraHai="99,29" who="1" fromWho="0" sc="182,-83,308,103,346,0,144,0" /><INIT seed="7,0,0,1,4,6" ten="99,411,346,144" oya="3" hai0="90,84,129,50,107,66,103,86,98,104,73,24,9" hai1="75,111,72,2,100,92,57,125,127,110,76,56,8" hai2="25,91,7,102,53,58,89,116,71,122,87,133,23" hai3="131,20,79,124,21,106,115,18,55,96,28,113,14"/><W128/><G79/><T83/><D129/><U109/><E8/><V32/><F71/><W36/><G36/><T120/><D120/><U10/><E10/><V78/><F32/><W69/><G69/><T40/><D66/><U51/><E2/><V37/><F37/><W93/><G106/><T27/><D104/><U30/><E30/><V119/><F122/><W38/><G38/><T11/><D73/><N who="1" m="28235" /><E51/><V4/><F133/><W48/><G124/><N who="1" m="47690" /><E76/><V108/><F108/><W67/><G67/><T62/><D62/><U88/><E100/><V105/><F119/><W123/><G123/><T80/><D24/><U114/><E114/><V121/><F121/><W46/><G21/><T3/><D27/><U99/><AGARI ba="0,0" hai="56,57,88,92,99,109,110,111" m="47690,28235" machi="99" ten="40,2700,0" yaku="18,1,54,1" doraHai="6" who="1" fromWho="1" sc="99,-7,411,27,346,-7,144,-13" owari="92,-41.0,438,54.0,339,14.0,131,-27.0" /></mjloggm>