<mjloggm ver="2.3"><GO type="169" lobby="0"/><UN n0="%E3%83%AA%E3%83%83%E3%83%97%E3%83%AB%E3%83%A9%E3%83%83%E3%83%97%E3%83%AB" n1="%68%6F%6D%6F%64%61%74%69" n2="%E6%8E%A8%E7%A9%BA%EF%BC%B0" n3="%E3%82%A6%E3%83%AB%E3%83%88%E3%83%A9%E7%AB%8B%E7%9B%B4" dan="17,16,17,18" rate="2180.63,2080.10,2185.57,2225.64" sx="M,F,F,M"/><TAIKYOKU oya="0"/><INIT seed="0,0,0,2,2,107" ten="250,250,250,250" oya="0" hai0="39,33,119,80,127,109,21,79,32,49,43,87,27" hai1="134,63,126,44,73,114,45,135,61,113,106,77,100" hai2="91,115,98,23,124,112,10,41,51,3,58,19,70" hai3="7,75,90,68,88,13,30,15,4,64,6,11,18"/><T96/><D119/><U122/><E122/><V121/><F121/><W93/><G30/><T116/><D127/><U123/><E123/><V84/><F124/><W94/><G75/><T71/><D116/><U108/><E108/><V59/><F70/><W78/><G78/><T34/><D109/><U131/><E126/><V54/><F98/><N who="3" m="57639" /><G68/><T31/><D71/><U24/><E100/><V86/><F41/><W103/><G64/><T110/><D110/><U16/><E106/><V1/><F10/><N who="3" m="6519" /><G103/><T85/><D39/><U118/><E118/><V76/><F76/><W5/><G5/><T130/><D130/><U72/><E131/><V62/><F1/><W104/><G104/><T35/><D96/><AGARI ba="0,0" hai="4,6,7,11,13,90,94,96" m="6519,57639" machi="96" ten="30,2000,0" yaku="8,1,54,1" doraHai="107" who="3" fromWho="0" sc="250,-20,250,0,250,0,250,20" /><INIT seed="1,0,0,5,1,33" ten="230,250,250,270" oya="1" hai0="26,123,22,60,77,37,112,11,55,24,90,44,87" hai1="114,99,128,25,36,101,83,75,121,14,119,56,85" hai2="118,2,104,76,73,115,53,69,54,10,88,3,81" hai3="7,8,45,105,62,125,92,41,98,84,52,89,47"/><U103/><E114/><V106/><F118/><W74/><G74/><T93/><D112/><U15/><E119/><V29/><F115/><W38/><G125/><T51/><D123/><U97/><E36/><V68/><F29/><W31/><G31/><T116/><D116/><U72/><E121/><V95/><F10/><W9/><G105/><T5/><D37/><U13/><E128/><V27/><F27/><W71/><G71/><T108/><D108/><U4/><E4/><V129/><F129/><W120/><G120/><T42/><D77/><U30/><E72/><V80/><F73/><W109/><G109/><T19/><D26/><U61/><E75/><V124/><F95/><W40/><G7/><T110/><D60/><U91/><E103/><V18/><F18/><W32/><G32/><T46/><D110/><U59/><E101/><V48/><F48/><W122/><G122/><T1/><REACH who="0" step="1"/><D44/><REACH who="0" ten="220,250,250,270" step="2"/><U126/><E126/><V102/><F76/><W43/><G47/><T79/><D79/><U16/><E61/><V39/><F39/><W6/><G38/><T117/><D117/><U107/><E30/><V63/><F63/><W20/><G62/><T28/><D28/><U0/><E59/><V17/><F124/><W12/><G45/><T132/><D132/><U133/><E56/><V82/><F104/><W100/><G41/><AGARI ba="0,1" hai="1,5,11,19,22,24,41,42,46,51,55,87,90,93" machi="41" ten="40,2600,0" yaku="1,1,52,1,53,0" doraHai="33" doraHaiUra="66" who="0" fromWho="3" sc="220,36,250,0,250,0,270,-26" /><INIT seed="2,0,0,2,3,125" ten="256,250,250,244" oya="2" hai0="51,40,119,71,121,113,31,108,101,55,33,107,63" hai1="73,9,100,36,65,43,74,85,22,45,4,134,32" hai2="111,99,1,135,79,131,93,98,14,94,49,87,58" hai3="25,0,21,69,66,70,78,16,19,90,116,11,109"/><V15/><F1/><W18/><G116/><T24/><D113/><U7/><E32/><V8/><F135/><W27/><G78/><T34/><D34/><U106/><E4/><V81/><F111/><W102/><G102/><T132/><D132/><U29/><E65/><V68/><F68/><W26/><G66/><N who="0" m="41439" /><D108/><U92/><E106/><V84/><F58/><W12/><G90/><T41/><D121/><U35/><E35/><V38/><F38/><W5/><G70/><T59/><D119/><U72/><E134/><V127/><F127/><W118/><G69/><T105/><D105/><U122/><E122/><V10/><F49/><W23/><G109/><T56/><D59/><U110/><E110/><V77/><F81/><W67/><G67/><T104/><D104/><U97/><E85/><V57/><F57/><W52/><G52/><T28/><D28/><U50/><E36/><V114/><REACH who="2" step="1"/><F114/><REACH who="2" ten="256,250,240,244" step="2"/><W80/><G80/><T95/><D56/><U88/><E50/><V53/><F53/><W96/><G118/><T115/><D51/><U117/><E117/><V89/><F89/><W39/><G39/><T91/><D55/><U62/><E88/><V6/><F6/><W128/><G0/><T103/><D115/><U126/><E7/><V64/><F64/><W130/><G96/><N who="0" m="61863" /><D103/><U123/><E100/><V54/><F54/><W82/><G82/><T120/><D120/><U112/><E123/><V30/><F30/><W129/><AGARI ba="0,1" hai="5,11,12,16,18,19,21,23,25,26,27,128,129,130" machi="129" ten="40,24000,4" yaku="0,1,29,2,19,1,34,3,52,3,54,1" doraHai="125" who="3" fromWho="3" sc="256,-60,250,-60,240,-120,244,250" /><INIT seed="3,0,0,0,5,88" ten="196,190,120,494" oya="3" hai0="71,4,5,31,40,45,32,6,93,85,104,51,110" hai1="126,97,112,50,105,89,90,44,135,121,101,122,123" hai2="49,64,68,0,80,11,3,119,52,99,65,79,70" hai3="107,47,132,41,134,128,74,116,46,2,131,95,36"/><W26/><G107/><T133/><D104/><U98/><E112/><V24/><F119/><W20/><G2/><T30/><D71/><U76/><E50/><V61/><F24/><W27/><G74/><T38/><D133/><N who="3" m="51305" /><G116/><T13/><D110/><U42/><E44/><V96/><F11/><W56/><G56/><T73/><D73/><U109/><E42/><V78/><F80/><W87/><G47/><T118/><D118/><U72/><E135/><V28/><F28/><N who="0" m="10794" /><D32/><U103/><E109/><V62/><REACH who="2" step="1"/><F49/><REACH who="2" ten="196,190,110,494" step="2"/><W117/><G117/><T53/><D13/><U14/><E14/><V57/><F57/><W21/><G27/><T84/><D38/><U114/><E114/><V7/><F7/><W35/><G26/><T43/><D4/><U15/><E15/><V58/><F58/><W25/><G25/><T63/><D5/><U86/><E126/><V22/><F22/><W129/><G35/><T102/><D6/><U127/><E127/><V23/><F23/><W19/><G19/><T111/><D111/><U37/><E37/><V124/><F124/><W75/><G75/><T33/><D33/><U108/><E108/><V106/><F106/><W54/><G20/><T16/><D16/><U60/><E72/><V83/><F83/><W55/><G21/><T66/><D51/><U115/><E115/><V92/><F92/><W82/><G95/><T17/><D93/><N who="1" m="58831" /><E60/><V34/><F34/><W125/><G125/><T10/><D63/><U8/><E8/><V130/><F130/><W29/><G29/><T77/><D10/><U91/><E105/><V81/><F81/><RYUUKYOKU ba="0,1" sc="196,-15,190,-15,110,15,494,15" hai2="0,3,52,61,62,64,65,68,70,78,79,96,99" hai3="36,41,46,54,55,82,87,128,129,131" /><INIT seed="3,1,1,0,4,36" ten="181,175,125,509" oya="3" hai0="101,28,116,3,86,93,89,25,72,34,123,77,79" hai1="135,5,69,9,78,56,105,75,95,107,128,62,131" hai2="58,16,60,15,100,0,124,133,65,57,13,42,134" hai3="66,14,59,117,40,48,55,31,121,67,24,115,112"/><W1/><G1/><T22/><D116/><U85/><E69/><V97/><F0/><W51/><G117/><T54/><D123/><U106/><E135/><N who="2" m="51723" /><F124/><W10/><G121/><T87/><D3/><U113/><E113/><V114/><F114/><W32/><G112/><T68/><D68/><U126/><E126/><V20/><F42/><W82/><G82/><T46/><D72/><U96/><E75/><V119/><F119/><W23/><G32/><T73/><D34/><U103/><E85/><V29/><F29/><W8/><G115/><T83/><D101/><U49/><E78/><V80/><F80/><W102/><G102/><T92/><D73/><U53/><REACH who="1" step="1"/><E62/><REACH who="1" ten="181,165,125,509" step="2"/><V132/><N who="2" m="51731" /><V18/><DORA hai="125" /><F58/><W122/><G122/><T111/><D77/><U33/><E33/><V17/><F20/><W94/><G23/><T37/><D79/><U50/><E50/><V61/><F60/><W84/><G51/><N who="0" m="29047" /><D37/><U74/><E74/><V4/><F4/><W110/><G48/><T43/><D22/><U63/><E63/><V11/><F11/><W130/><G8/><T6/><D87/><U64/><E64/><V108/><F108/><W81/><G10/><T7/><D111/><U2/><AGARI ba="1,2" hai="2,5,9,49,53,56,95,96,103,105,106,107,128,131" machi="2" ten="40,8000,1" yaku="1,1,0,1,52,2,53,0" doraHai="36,125" doraHaiUra="21,19" who="1" fromWho="1" sc="181,-21,165,103,125,-21,509,-41" /><INIT seed="4,0,0,1,4,30" ten="160,268,104,468" oya="0" hai0="74,116,131,83,133,16,57,63,129,100,71,95,54" hai1="102,36,89,11,117,68,73,62,13,61,94,118,97" hai2="35,115,75,14,17,79,112,72,85,122,86,101,19" hai3="108,121,8,4,60,134,27,2,78,53,127,106,21"/><T113/><D113/><U5/><E36/><V130/><F14/><W99/><G108/><T114/><D114/><U104/><E73/><V107/><F101/><W26/><G78/><N who="0" m="44503" /><D116/><U49/><E62/><V126/><F126/><W111/><G111/><T33/><D71/><U58/><E49/><V128/><F107/><W124/><G27/><T42/><D42/><U38/><E38/><V1/><F1/><W51/><G60/><T103/><D95/><U20/><E20/><V76/><REACH who="2" step="1"/><F122/><REACH who="2" ten="160,268,94,468" step="2"/><W77/><G106/><T41/><D100/><U3/><E3/><V64/><F64/><W87/><G2/><T105/><D103/><U93/><E13/><V82/><F82/><W28/><G121/><T120/><D120/><U55/><E102/><V67/><F67/><W0/><G0/><T46/><D105/><U18/><E104/><V91/><F91/><W119/><G127/><T24/><D131/><U6/><E89/><V12/><F12/><W10/><G124/><T34/><D129/><U43/><E117/><V70/><F70/><W52/><G119/><T98/><D133/><U29/><E68/><V39/><F39/><W37/><G134/><T90/><D90/><U56/><E118/><V22/><F22/><W45/><G37/><N who="0" m="21807" /><D98/><U80/><E97/><V123/><F123/><W47/><G99/><T69/><D69/><U109/><E109/><V96/><F96/><W15/><G21/><N who="0" m="13351" /><D33/><AGARI ba="0,1" hai="17,19,33,35,72,75,76,79,85,86,112,115,128,130" machi="33" ten="25,12000,2" yaku="1,1,22,2,52,2,53,2" doraHai="30" doraHaiUra="31" who="2" fromWho="0" sc="160,-120,268,0,94,130,468,0" /><INIT seed="5,0,0,0,0,99" ten="40,268,224,468" oya="1" hai0="62,46,111,84,117,78,10,73,97,91,15,55,126" hai1="45,135,94,98,88,61,20,76,11,108,125,110,0" hai2="77,95,118,116,54,80,119,130,120,121,30,44,67" hai3="22,113,102,107,104,70,83,123,32,43,12,5,19"/><U4/><E125/><V26/><F67/><W103/><G70/><T8/><D117/><U124/><E124/><V93/><F130/><W28/><G43/><T36/><D126/><U37/><E135/><V87/><F44/><W14/><G104/><T23/><D111/><N who="1" m="42539" /><E61/><V112/><F54/><W60/><G107/><T75/><D36/><U31/><E76/><V24/><F112/><W89/><G32/><T1/><D1/><U69/><E69/><V134/><F134/><W115/><G28/><T13/><D62/><U65/><E65/><V72/><F26/><W109/><G123/><T21/><D97/><U131/><E131/><V29/><F29/><W59/><G109/><T34/><D84/><U74/><E74/><V27/><F27/><W41/><G115/><T16/><D34/><U63/><E63/><V64/><F64/><W3/><G3/><T48/><D91/><U33/><E33/><V7/><F7/><W42/><G113/><T35/><D35/><U92/><E92/><N who="2" m="35403" /><F24/><W128/><G128/><T17/><REACH who="0" step="1"/><D78/><REACH who="0" ten="30,268,224,468" step="2"/><U18/><E37/><V100/><F30/><W71/><G60/><T82/><D82/><U114/><E31/><V39/><F39/><W2/><G83/><T50/><D50/><U66/><E114/><V52/><F87/><W106/><G71/><T129/><D129/><U86/><E86/><V6/><F118/><W79/><G2/><T133/><D133/><U38/><E38/><V132/><F119/><W53/><G79/><T96/><D96/><U56/><E98/><V101/><F116/><W57/><G89/><T68/><D68/><RYUUKYOKU ba="0,1" sc="30,30,268,-10,224,-10,468,-10" hai0="8,10,13,15,16,17,21,23,46,48,55,73,75" /><INIT seed="6,1,1,3,1,110" ten="60,258,214,458" oya="2" hai0="56,17,62,46,48,122,42,1,68,76,25,118,117" hai1="59,24,93,86,0,43,94,114,87,119,92,96,90" hai2="4,60,132,28,44,53,125,69,47,7,97,74,124" hai3="84,18,26,33,37,51,10,106,3,133,83,38,30"/><V78/><F97/><W99/><G133/><T65/><D1/><U61/><E0/><V104/><F104/><W123/><G123/><T73/><D73/><U107/><E119/><V19/><F28/><W58/><G58/><T103/><D76/><U108/><E107/><V22/><F78/><W129/><G51/><T21/><D103/><U54/><E108/><V8/><F74/><W27/><G129/><T39/><REACH who="0" step="1"/><D122/><REACH who="0" ten="50,258,214,458" step="2"/><U34/><E96/><V101/><F101/><W31/><G99/><T57/><D57/><U105/><E59/><N who="2" m="34927" /><F69/><W45/><G106/><T82/><D82/><U16/><E105/><V14/><F132/><W115/><G83/><T100/><D100/><U2/><E2/><V71/><F71/><W120/><G3/><T49/><D49/><U64/><E94/><V130/><F130/><W36/><G120/><T75/><D75/><U23/><E92/><V9/><F125/><W52/><G84/><T35/><D35/><U70/><E34/><V131/><F124/><W121/><G33/><T102/><D102/><U72/><E87/><V29/><F131/><W6/><G38/><T135/><D135/><U13/><E72/><V111/><F111/><W41/><G37/><T79/><D79/><U63/><E86/><V67/><F47/><W11/><G45/><T12/><D12/><U134/><E134/><V112/><F44/><W116/><G121/><T20/><D20/><U88/><E93/><V128/><F128/><W127/><G127/><T77/><D77/><U55/><E90/><V32/><F22/><W5/><G36/><T126/><D126/><RYUUKYOKU ba="1,2" sc="50,30,258,-10,214,-10,458,-10" hai0="17,21,25,39,42,46,48,56,62,65,68,117,118" /><INIT seed="7,2,2,5,1,1" ten="80,248,204,448" oya="3" hai0="97,62,44,60,129,15,102,27,110,80,50,88,99" hai1="40,55,32,121,114,74,3,103,94,104,30,57,113" hai2="63,65,100,46,67,81,61,115,109,31,86,11,39" hai3="4,108,36,13,18,51,14,73,58,69,126,68,26"/><W12/><G36/><T0/><D129/><U9/><E74/><V85/><F109/><W122/><G14/><T130/><D130/><U105/><E40/><V28/><F115/><W98/><G13/><T49/><D0/><U22/><E22/><V53/><F39/><W7/><G26/><T52/><D110/><U82/><E82/><V93/><F11/><W37/><G98/><T120/><D120/><U133/><E94/><V76/><F46/><W117/><G51/><T75/><D75/><U59/><E103/><V90/><F100/><W6/><G58/><T71/><D27/><U5/><E30/><N who="2" m="11307" /><F53/><W87/><G87/><T89/><D102/><U72/><E72/><V77/><F77/><W132/><G68/><T119/><D119/><U111/><E32/><V131/><F131/><W47/><G69/><T116/><D116/><U25/><E111/><V56/><F56/><W96/><G47/><T8/><D71/><U79/><E59/><V20/><F20/><W21/><G21/><T91/><D80/><U66/><E57/><V101/><F101/><W106/><G37/><T33/><D33/><U24/><E113/><V45/><F45/><W43/><G43/><T92/><D50/><U127/><E3/><V54/><F54/><W23/><G23/><T78/><D78/><U29/><E79/><V128/><F128/><W38/><G108/><T19/><D92/><U64/><E105/><V107/><F107/><W16/><G106/><T112/><D112/><U125/><E104/><V124/><F124/><W83/><G126/><T70/><D70/><U41/><E127/><RYUUKYOKU ba="2,2" sc="80,15,248,-15,204,15,448,-15" hai0="8,15,19,44,49,52,60,62,88,89,91,97,99" hai2="61,63,65,67,76,81,85,86,90,93" owari="95,-40.0,233,3.0,219,-18.0,453,55.0" /></mjloggm>