<mjloggm ver="2.3"><GO type="169" lobby="0"/><UN n0="%E3%82%A6%E3%83%AB%E3%83%88%E3%83%A9%E7%AB%8B%E7%9B%B4" n1="%6A%61%6E%79" n2="%73%75%6E%63%68%69%6C%64" n3="%E6%AC%A1%E5%85%83%E5%B9%B2%E6%B8%89" dan="17,17,16,16" rate="2135.91,2176.05,2137.03,2133.88" sx="M,M,M,M"/><TAIKYOKU oya="0"/><INIT seed="0,0,0,1,5,83" ten="250,250,250,250" oya="0" hai0="24,128,116,63,6,8,80,88,37,76,47,97,75" hai1="87,59,133,70,93,40,48,5,9,135,104,94,108" hai2="90,126,132,106,105,26,13,102,15,3,72,125,65" hai3="52,29,130,74,10,124,22,92,50,44,96,45,21"/><T110/><D116/><U103/><E70/><V49/><F3/><W2/><G74/><T85/><D128/><U18/><E108/><V84/><F72/><W81/><G130/><T79/><D110/><U1/><E18/><V0/><F0/><W99/><G96/><T16/><D63/><U23/><E23/><V39/><F39/><W123/><G123/><T20/><D97/><N who="1" m="61551" /><E87/><V25/><F65/><W17/><G81/><T57/><D57/><U7/><E7/><V30/><F49/><W113/><G113/><T121/><D121/><U32/><E32/><V19/><F132/><N who="1" m="50761" /><E40/><V33/><F26/><W67/><G2/><T62/><D62/><U46/><E46/><V109/><F109/><W34/><G45/><T127/><D127/><N who="2" m="48650" /><F102/><W82/><G124/><T68/><D68/><U42/><E42/><V66/><F66/><W114/><G67/><T56/><D56/><U41/><E41/><V111/><F15/><N who="3" m="7415" /><G29/><T36/><D47/><U43/><E43/><V61/><F111/><W31/><G31/><T118/><D118/><U60/><E48/><V98/><F61/><W89/><G34/><T134/><D134/><U71/><E71/><V28/><F28/><W51/><G51/><T54/><D54/><AGARI ba="0,0" hai="1,5,9,54,59,60,93,94" m="50761,61551" machi="54" ten="30,1000,0" yaku="20,1" doraHai="83" who="1" fromWho="0" sc="250,-10,250,10,250,0,250,0" /><INIT seed="1,0,0,1,0,42" ten="240,260,250,250" oya="1" hai0="115,39,34,114,121,102,90,135,79,30,51,0,96" hai1="14,54,13,98,88,122,16,26,87,17,33,124,110" hai2="94,85,59,75,15,101,117,68,9,100,36,112,43" hai3="123,70,35,29,2,74,49,120,125,4,57,126,50"/><U38/><E122/><V113/><F68/><W119/><G74/><T83/><D39/><U118/><E118/><V10/><F75/><W132/><G2/><T65/><D0/><U104/><E38/><V18/><F117/><W5/><G35/><T66/><D121/><U80/><E124/><V32/><F32/><W62/><G29/><T40/><D90/><U46/><E110/><V41/><F36/><W19/><G119/><T7/><D7/><U131/><E131/><V45/><F41/><W25/><G70/><T56/><D135/><U84/><E104/><V1/><F59/><W67/><G132/><T95/><D30/><U77/><E98/><V53/><F43/><W109/><G109/><T97/><D97/><U8/><E26/><V108/><F85/><W24/><G62/><T6/><D6/><N who="1" m="3223" /><E14/><V107/><F107/><W20/><G20/><T105/><D105/><U91/><E33/><V81/><F9/><W103/><G57/><T21/><D21/><U92/><E77/><V52/><F1/><W60/><G60/><T31/><D31/><U76/><E76/><V28/><F28/><W73/><G73/><N who="0" m="43503" /><D34/><U63/><E63/><V69/><F69/><W99/><G99/><T27/><D27/><U58/><E58/><V134/><F108/><W11/><G67/><N who="0" m="25611" /><D56/><U93/><E80/><V55/><F81/><W12/><G12/><T48/><D115/><N who="2" m="44106" /><F94/><W133/><G11/><T3/><D3/><U129/><E129/><V127/><F134/><W86/><G133/><T47/><D114/><U106/><E106/><V130/><F130/><W78/><G123/><RYUUKYOKU ba="0,0" sc="240,15,260,15,250,-15,250,-15" hai0="40,47,48,51,95,96,102" hai1="16,17,46,54,84,87,88,91,92,93" /><INIT seed="1,1,0,0,5,51" ten="255,275,235,235" oya="1" hai0="48,15,30,84,59,102,95,49,1,39,61,6,110" hai1="92,22,111,9,40,45,119,63,87,71,12,42,128" hai2="10,93,115,35,50,67,58,123,33,3,65,116,14" hai3="19,13,99,25,21,125,62,41,43,38,0,131,55"/><U52/><E119/><V121/><F3/><W91/><G125/><T36/><D1/><U54/><E128/><V113/><F116/><W46/><G0/><T103/><D30/><U83/><E111/><V114/><F93/><W68/><G131/><T23/><D110/><U72/><E72/><V66/><F50/><W34/><G68/><T28/><D39/><U73/><E73/><V27/><F58/><N who="3" m="35167" /><G34/><T135/><D36/><U130/><E130/><V7/><REACH who="2" step="1"/><F27/><REACH who="2" ten="255,275,225,235" step="2"/><W104/><G104/><T17/><D49/><N who="1" m="28719" /><E92/><V53/><F53/><W82/><G38/><T78/><D95/><U5/><E71/><V26/><F26/><W120/><G46/><T77/><D48/><U31/><E54/><V122/><AGARI ba="1,1" hai="7,10,14,33,35,65,66,67,113,114,115,121,122,123" machi="122" ten="50,8000,1" yaku="1,1,0,1,29,2,11,1,53,0" doraHai="51" doraHaiUra="47" who="2" fromWho="2" sc="255,-21,275,-41,225,93,235,-21" /><INIT seed="2,0,0,2,4,12" ten="234,234,318,214" oya="2" hai0="3,112,92,72,109,98,60,35,67,133,79,19,107" hai1="61,76,47,103,31,129,70,13,132,52,82,33,59" hai2="88,121,105,14,81,7,4,74,94,104,117,44,40" hai3="66,124,1,18,102,29,11,83,16,131,42,41,32"/><V116/><F121/><W65/><G32/><T85/><D112/><U95/><E129/><V43/><F43/><N who="3" m="16395" /><G1/><T57/><D3/><U28/><E132/><V122/><F122/><W10/><G124/><T123/><D35/><U125/><E125/><V87/><F104/><W119/><G119/><T115/><D115/><U77/><E70/><V8/><F105/><W96/><G29/><N who="1" m="11338" /><E82/><V21/><F7/><W56/><G131/><T101/><D123/><U86/><E33/><V75/><F21/><W58/><G83/><T78/><D133/><U120/><E120/><V134/><F134/><W46/><G46/><T17/><D109/><U135/><E47/><V128/><F128/><W62/><G96/><T80/><D78/><U130/><E86/><V49/><REACH who="2" step="1"/><F81/><REACH who="2" ten="234,234,308,214" step="2"/><W20/><G20/><T90/><AGARI ba="0,1" hai="17,19,57,60,67,72,79,80,85,90,92,98,101,107" machi="90" ten="30,8000,1" yaku="0,1,24,2,52,2" doraHai="12" who="0" fromWho="0" sc="234,90,234,-20,308,-40,214,-20" /><INIT seed="3,0,0,3,3,73" ten="324,214,268,194" oya="3" hai0="82,125,61,21,24,132,13,36,112,29,103,75,77" hai1="102,42,6,3,99,16,63,15,97,58,113,49,60" hai2="52,90,55,104,23,35,66,2,109,43,17,26,130" hai3="40,9,33,11,129,117,126,53,121,30,0,116,96"/><W91/><G121/><T12/><D36/><U80/><E113/><V118/><F109/><W38/><G129/><T31/><D112/><U79/><E3/><V64/><F2/><W14/><G126/><T57/><D125/><U133/><E133/><V128/><F118/><W48/><G0/><T7/><D7/><U56/><E6/><V127/><F43/><W88/><G9/><T4/><D4/><U69/><E69/><V83/><F104/><W1/><G1/><T95/><D31/><U87/><E42/><V47/><F35/><W44/><G30/><T28/><D28/><U19/><E49/><V120/><F120/><W134/><G33/><T37/><D37/><U110/><E110/><V92/><F83/><W101/><G134/><T41/><D41/><U50/><E50/><N who="2" m="28767" /><F55/><W131/><G131/><N who="2" m="50217" /><F127/><W25/><G117/><T122/><D132/><U98/><E102/><V93/><F93/><W10/><G116/><T84/><D122/><U5/><E63/><V76/><F76/><W22/><G40/><T74/><D75/><U114/><E114/><V124/><F124/><W100/><G38/><T111/><D111/><U67/><REACH who="1" step="1"/><E58/><REACH who="1" ten="324,204,268,194" step="2"/><V68/><F68/><W8/><G101/><T119/><D119/><U78/><E78/><V54/><F54/><W65/><G65/><N who="0" m="39087" /><D103/><U34/><E34/><V105/><F105/><W62/><G62/><T85/><D74/><U32/><E32/><V86/><AGARI ba="0,1" hai="17,23,26,64,66,86,90,92" m="50217,28767" machi="86" ten="30,2000,0" yaku="19,1,54,1" doraHai="73" who="2" fromWho="2" sc="324,-5,204,-5,268,30,194,-10" /><INIT seed="4,0,0,4,3,56" ten="319,199,298,184" oya="0" hai0="30,83,43,121,27,66,73,102,105,132,100,35,33" hai1="125,0,96,23,116,3,53,22,99,2,123,25,92" hai2="49,97,4,103,29,70,48,128,75,93,7,58,36" hai3="119,84,28,76,88,61,77,69,126,9,104,10,12"/><T79/><D121/><U112/><E123/><V63/><F70/><W94/><G126/><T60/><D132/><U16/><E116/><V17/><F36/><W15/><G104/><T47/><D35/><U26/><E125/><V19/><F29/><W14/><G28/><T62/><D105/><U98/><E112/><V46/><F75/><W41/><G41/><T122/><D122/><U131/><E131/><V54/><F128/><W42/><G42/><T106/><D106/><U65/><E65/><V45/><F48/><W72/><G119/><T127/><D127/><U110/><E110/><V67/><F46/><W50/><G50/><T109/><D109/><U20/><E53/><V18/><AGARI ba="0,0" hai="4,7,17,18,19,45,49,54,58,63,67,93,97,103" machi="18" ten="30,4000,0" yaku="0,1,8,1,52,1" doraHai="56" who="2" fromWho="2" sc="319,-20,199,-10,298,40,184,-10" /><INIT seed="5,0,0,5,2,91" ten="299,189,338,174" oya="1" hai0="87,89,112,113,80,94,122,72,106,119,100,99,30" hai1="131,86,85,117,104,12,40,38,24,17,47,49,76" hai2="68,21,82,77,1,59,41,48,36,20,96,39,75" hai3="123,67,109,37,111,0,107,121,81,3,52,134,83"/><U23/><E117/><V98/><F1/><W56/><G67/><T27/><D119/><U26/><E131/><V125/><F68/><W54/><G56/><T64/><D64/><U50/><E104/><V73/><F73/><W79/><G107/><T135/><D135/><U129/><E129/><V29/><F125/><W97/><G97/><T58/><D58/><U28/><E26/><V33/><F33/><W114/><G37/><T95/><D122/><U108/><E108/><V105/><F96/><W46/><G79/><T133/><D133/><U93/><E76/><V10/><F21/><W124/><G46/><T7/><D7/><U34/><REACH who="1" step="1"/><E85/><REACH who="1" ten="299,179,338,174" step="2"/><V22/><F77/><W118/><G118/><T65/><D72/><U127/><E127/><V42/><F105/><W71/><G124/><T35/><D106/><U55/><E55/><V11/><F75/><W9/><G134/><T78/><D65/><U51/><E51/><V4/><F48/><W60/><G60/><T8/><D78/><U44/><E44/><V70/><F36/><W53/><G53/><T90/><D27/><U5/><E5/><V66/><F4/><W15/><G71/><T63/><D63/><U43/><E43/><V92/><F41/><W25/><G25/><T45/><D45/><U32/><E32/><V130/><F42/><W102/><G111/><T14/><D35/><U101/><E101/><V116/><F130/><W62/><G102/><T132/><D132/><U61/><E61/><V18/><F66/><W103/><G62/><T115/><D87/><U57/><E57/><V69/><F116/><RYUUKYOKU ba="0,1" sc="299,-10,179,30,338,-10,174,-10" hai1="12,17,23,24,28,34,38,40,47,49,50,86,93" /><INIT seed="5,1,1,0,2,36" ten="289,209,328,164" oya="1" hai0="49,31,81,116,13,57,24,84,40,4,123,30,94" hai1="92,7,34,99,16,79,73,69,38,56,2,19,20" hai2="87,47,61,52,58,77,54,70,74,72,64,59,21" hai3="118,130,101,89,135,25,53,33,28,86,75,104,11"/><U22/><E69/><V91/><F77/><W42/><G135/><T131/><D116/><U105/><E34/><V26/><F47/><W9/><G130/><T109/><D109/><U15/><E38/><V32/><F32/><W37/><G118/><T103/><D131/><U41/><E105/><V76/><F76/><W90/><G75/><T62/><D123/><U8/><E56/><V23/><F70/><W125/><G125/><T18/><D4/><U27/><E41/><V127/><F23/><W29/><G29/><T102/><D94/><U113/><E113/><V88/><F91/><W66/><G90/><T60/><D103/><U67/><E67/><V129/><F129/><W111/><G111/><T43/><D102/><U119/><E119/><V55/><F59/><W12/><G66/><N who="0" m="39183" /><D62/><U0/><E79/><V128/><F127/><W39/><G39/><T96/><D96/><U106/><E73/><V133/><F133/><W44/><G53/><T132/><D132/><U83/><E83/><V50/><F50/><W17/><G101/><T1/><D1/><U46/><E106/><V6/><F6/><W71/><G104/><T45/><D40/><U80/><E80/><V122/><F122/><W110/><G71/><T95/><D95/><U48/><E92/><N who="2" m="54303" /><F128/><W124/><G110/><T120/><D120/><U65/><E99/><V114/><F114/><W97/><G97/><T112/><D112/><U100/><E100/><V98/><F98/><W126/><REACH who="3" step="1"/><G9/><REACH who="3" ten="289,209,328,154" step="2"/><N who="0" m="6447" /><D31/><U93/><E65/><V85/><F85/><W82/><AGARI ba="1,2" hai="11,12,17,25,28,33,37,42,44,82,86,89,124,126" machi="82" ten="30,4000,0" yaku="1,1,0,1,52,1,53,0" doraHai="36" doraHaiUra="121" who="3" fromWho="3" sc="289,-11,209,-21,328,-11,154,63" /><INIT seed="6,0,0,1,1,45" ten="278,188,317,217" oya="2" hai0="133,40,70,89,75,26,58,32,60,61,51,3,104" hai1="119,31,30,113,106,23,41,59,64,108,14,39,126" hai2="43,79,120,12,122,67,93,11,47,35,17,46,105" hai3="6,111,18,135,76,117,118,100,131,80,19,125,92"/><V5/><F105/><W99/><G111/><T114/><D3/><U72/><E108/><V128/><F128/><W25/><G125/><T101/><D75/><U28/><E126/><V22/><F35/><W134/><G6/><T57/><D89/><U102/><E119/><V115/><F115/><W85/><G25/><T127/><D127/><U55/><E113/><V69/><F79/><W36/><G36/><T112/><D26/><U109/><E109/><V88/><F47/><W71/><G71/><T103/><D40/><U83/><E64/><V56/><F56/><W77/><G131/><T130/><D104/><U9/><E39/><V42/><F42/><W90/><G18/><T98/><D98/><U78/><E41/><V48/><F69/><W4/><G4/><T16/><D70/><U73/><E73/><V54/><F67/><W53/><G53/><T38/><D38/><U91/><E91/><V94/><F94/><N who="3" m="58487" /><G19/><T44/><D16/><U7/><E106/><V84/><F43/><W10/><G10/><T15/><D130/><U52/><E102/><V123/><F120/><W8/><G8/><T129/><D129/><U63/><REACH who="1" step="1"/><E55/><REACH who="1" ten="278,178,317,217" step="2"/><V33/><F33/><W68/><G76/><T110/><D114/><U121/><E121/><V20/><REACH who="2" step="1"/><F22/><AGARI ba="0,1" hai="7,9,14,22,23,28,30,31,52,59,63,72,78,83" machi="22" ten="40,2600,0" yaku="1,1,54,1,53,0" doraHai="45" doraHaiUra="95" who="1" fromWho="2" sc="278,0,178,36,317,-26,217,0" /><INIT seed="7,0,0,0,1,47" ten="278,214,291,217" oya="3" hai0="86,57,113,82,96,106,38,128,34,20,61,49,17" hai1="32,115,124,55,42,36,132,28,94,107,71,97,75" hai2="54,3,108,53,56,10,114,39,73,45,135,25,29" hai3="98,23,120,123,83,91,95,59,46,9,6,85,116"/><W92/><G116/><T12/><D38/><U102/><E75/><V105/><F108/><W7/><G7/><T111/><D111/><U2/><E115/><V64/><F73/><W103/><G23/><T60/><D34/><U100/><E2/><V48/><F105/><W133/><G133/><T112/><D128/><U134/><E124/><V52/><F114/><N who="0" m="44138" /><D96/><N who="1" m="61895" /><E71/><V79/><F79/><W31/><G31/><T127/><D106/><U1/><E1/><V70/><F135/><N who="1" m="51753" /><E55/><V0/><F0/><W77/><G59/><T126/><D126/><U5/><E5/><V90/><F90/><W18/><G18/><T50/><D127/><U26/><E36/><V104/><F104/><W15/><REACH who="3" step="1"/><G46/><REACH who="3" ten="278,214,291,207" step="2"/><T99/><D57/><U44/><E44/><V67/><F56/><W14/><G14/><T24/><D12/><U16/><E16/><V35/><F45/><W63/><G63/><T65/><D61/><U69/><E69/><V101/><F70/><W51/><G51/><T117/><D60/><U118/><E118/><V121/><F39/><W130/><G130/><T13/><D117/><U119/><E119/><V22/><F48/><W89/><G89/><N who="0" m="51415" /><D13/><U81/><E42/><V4/><F35/><W37/><G37/><T122/><D122/><U131/><E131/><V78/><F121/><W43/><G43/><T8/><D8/><U19/><E19/><V110/><F110/><W93/><G93/><T30/><D17/><U74/><E81/><V33/><F33/><W84/><AGARI ba="0,1" hai="6,9,15,77,83,84,85,91,92,95,98,103,120,123" machi="84" ten="20,7800,0" yaku="1,1,0,1,7,1,53,1" doraHai="47" doraHaiUra="11" who="3" fromWho="3" sc="278,-26,214,-26,291,-26,207,88" /><INIT seed="7,1,0,5,4,81" ten="252,188,265,295" oya="3" hai0="6,44,125,91,52,104,11,65,1,79,37,73,111" hai1="93,70,59,113,109,9,19,83,16,82,107,39,34" hai2="17,14,90,24,0,29,119,51,134,53,106,96,2" hai3="101,31,25,108,98,50,71,112,87,132,20,36,46"/><W13/><G71/><T55/><D104/><U124/><E109/><V62/><F62/><W126/><G36/><T32/><D32/><U64/><E107/><V117/><F134/><W127/><G132/><T92/><D65/><U80/><E113/><V18/><F18/><W123/><G112/><T47/><D125/><N who="3" m="47625" /><G123/><T42/><D47/><U56/><E124/><V131/><F131/><W3/><G3/><T122/><D111/><U84/><E39/><V99/><F99/><W105/><G108/><T88/><D122/><U86/><E34/><V28/><F28/><W129/><G129/><T89/><D92/><U97/><E70/><V22/><F2/><W58/><G58/><N who="1" m="22058" /><E64/><V133/><F0/><W10/><G87/><N who="1" m="33322" /><E9/><V114/><F133/><W67/><G67/><T103/><D103/><AGARI ba="1,0" hai="16,19,80,82,83,93,97,103" m="33322,22058" machi="103" ten="30,8000,1" yaku="8,1,52,3,54,1" doraHai="81" who="1" fromWho="0" sc="252,-83,188,83,265,0,295,0" /><INIT seed="8,0,0,1,0,80" ten="169,271,265,295" oya="0" hai0="113,60,48,59,37,133,51,129,92,75,99,112,68" hai1="15,33,20,62,126,56,34,123,103,53,130,87,2" hai2="10,38,132,19,16,52,121,13,66,3,82,30,74" hai3="124,131,18,36,1,83,107,86,93,128,104,67,81"/><T29/><D75/><U110/><E123/><V122/><F3/><W5/><G36/><T108/><D37/><U4/><E110/><V96/><F66/><W105/><G124/><T40/><D108/><U23/><E2/><V109/><F109/><W90/><G67/><T78/><D68/><U17/><E130/><N who="3" m="49706" /><G18/><T76/><D129/><U98/><E4/><V64/><F64/><W89/><G89/><N who="0" m="55695" /><D113/><U116/><E33/><V41/><F132/><W120/><G120/><T26/><D112/><U24/><E34/><V39/><F30/><W11/><AGARI ba="0,0" hai="1,5,11,81,83,86,90,93,104,105,107" m="49706" machi="11" ten="40,2700,0" yaku="19,1,52,1" doraHai="80" who="3" fromWho="3" sc="169,-13,271,-7,265,-7,295,27" owari="156,-34.0,264,6.0,258,-14.0,322,42.0" /></mjloggm>