<mjloggm ver="2.3"><GO type="169" lobby="0"/><UN n0="%E2%80%A0%E3%81%BE%E3%83%BC%E5%9D%8A%E2%80%A0" n1="%E3%83%88%E3%83%88%E3%83%AA%E5%85%88%E7%94%9F%31%39%E6%AD%B3" n2="%E3%82%82%E3%83%BC%E3%82%8A%E3%83%BC" n3="%E3%83%8D%E3%82%AF%E3%82%BF%E3%82%A4%E3%81%AE%E7%B5%90%E3%81%B3%E6%96%B9" dan="19,19,16,16" rate="2242.33,2316.23,2067.25,2041.49" sx="M,F,M,M"/><TAIKYOKU oya="0"/><INIT seed="0,0,0,2,5,31" ten="250,250,250,250" oya="0" hai0="133,8,43,38,5,107,70,55,14,44,1,85,100" hai1="39,129,60,114,92,23,87,30,53,35,103,124,11" hai2="122,37,74,115,20,36,126,29,132,46,28,2,119" hai3="82,99,88,22,0,9,117,69,21,98,110,50,101"/><T120/><D120/><U81/><E39/><V47/><F20/><W42/><G69/><T127/><D127/><U89/><E124/><V83/><F83/><W116/><G110/><T24/><D133/><U13/><E129/><V80/><F80/><W128/><G128/><T118/><D118/><U16/><E114/><V66/><F66/><W10/><G42/><T45/><D70/><U125/><E125/><V56/><F56/><W57/><G82/><T93/><D107/><U3/><E3/><V17/><F17/><W68/><G68/><T76/><D24/><N who="1" m="16671" /><E35/><V134/><F122/><W135/><G57/><T63/><D76/><N who="1" m="46503" /><E53/><V7/><F119/><W105/><G0/><T25/><D25/><U59/><E59/><V91/><F2/><W109/><G109/><T67/><D1/><U104/><E104/><V78/><F115/><W96/><G135/><T77/><D77/><U113/><E103/><V94/><F78/><W86/><G105/><T79/><D79/><U27/><E27/><V108/><F126/><W64/><G101/><T73/><D73/><U84/><E113/><V97/><F74/><W95/><G117/><T61/><D67/><U18/><E18/><V71/><F108/><W62/><G116/><T34/><D34/><U12/><E12/><V40/><F71/><W54/><G64/><T49/><D100/><U106/><E106/><V32/><F32/><W121/><G121/><T72/><D72/><U33/><E33/><V90/><F134/><W51/><G95/><T15/><D15/><U123/><E123/><V102/><F132/><W75/><G75/><RYUUKYOKU ba="0,0" sc="250,15,250,15,250,-15,250,-15" hai0="5,8,14,38,43,44,45,49,55,61,63,85,93" hai1="11,13,16,60,84,89,92" /><INIT seed="0,1,0,4,5,49" ten="265,265,235,235" oya="0" hai0="130,99,93,41,72,13,50,14,80,102,118,63,113" hai1="111,10,91,77,21,55,15,39,27,83,46,59,75" hai2="69,120,30,127,73,101,124,117,108,60,47,5,31" hai3="11,71,88,96,70,22,45,65,42,1,82,66,131"/><T128/><D118/><U78/><E111/><V92/><F120/><W114/><G114/><T121/><D113/><U109/><E109/><V98/><F108/><W34/><G34/><T56/><D121/><U123/><E123/><V134/><F117/><W29/><G131/><N who="0" m="50219" /><D50/><U116/><E116/><V74/><F134/><W53/><G71/><T68/><D68/><U20/><E78/><V84/><F5/><W8/><G70/><T62/><D41/><U133/><E133/><V112/><F112/><W89/><G1/><T106/><D62/><U2/><E2/><V125/><F47/><W51/><G42/><T115/><D106/><U97/><E46/><V76/><F84/><N who="3" m="50199" /><G96/><T94/><D94/><U132/><E39/><V0/><F0/><W35/><G35/><T24/><D24/><U67/><E27/><V107/><F107/><W25/><G89/><T33/><D33/><U87/><E132/><V61/><F61/><W119/><G119/><T64/><D115/><U26/><E26/><V23/><F76/><AGARI ba="1,0" hai="13,14,56,63,64,72,76,80,93,99,102" m="50219" machi="76" ten="30,1500,0" yaku="19,1" doraHai="49" who="0" fromWho="2" sc="265,18,265,0,235,-18,235,0" /><INIT seed="0,2,0,2,5,101" ten="283,265,217,235" oya="0" hai0="134,14,2,96,66,130,22,87,49,103,20,79,57" hai1="55,107,118,36,71,40,92,75,28,23,97,108,109" hai2="35,13,10,117,88,123,61,126,67,0,116,52,132" hai3="125,127,54,37,45,44,17,64,131,59,120,73,122"/><T53/><D2/><U78/><E118/><N who="2" m="45675" /><F123/><N who="3" m="47147" /><G73/><T128/><D134/><U76/><E71/><V4/><F132/><W102/><G17/><T46/><D66/><U80/><E76/><V133/><F133/><W58/><G102/><T82/><D46/><N who="3" m="18025" /><G37/><T95/><REACH who="0" step="1"/><D14/><REACH who="0" ten="273,265,217,235" step="2"/><U85/><E108/><V77/><F13/><W43/><G131/><AGARI ba="2,1" hai="20,22,49,53,57,79,82,87,95,96,103,128,130,131" machi="131" ten="40,7700,0" yaku="1,1,2,1,19,1,53,0" doraHai="101" doraHaiUra="8" who="0" fromWho="3" sc="273,93,265,0,217,0,235,-83" /><INIT seed="0,3,0,1,2,104" ten="366,265,217,152" oya="0" hai0="26,32,48,24,117,60,21,55,52,85,84,25,83" hai1="57,5,53,34,93,16,61,7,135,51,74,126,132" hai2="70,120,76,90,11,30,8,0,1,124,97,123,130" hai3="67,112,128,43,68,108,62,41,114,39,29,106,98"/><T64/><D117/><U20/><E34/><V28/><F70/><W4/><G108/><T121/><D32/><U103/><E126/><V110/><F76/><W69/><G69/><T119/><D121/><U12/><E74/><V122/><F97/><W45/><G128/><T131/><D131/><U109/><E109/><V14/><F90/><W54/><G43/><T44/><D119/><U2/><E103/><V15/><F130/><W75/><G4/><T116/><D116/><U71/><E93/><V105/><F105/><W82/><G29/><N who="2" m="11369" /><F124/><W94/><G54/><T47/><D21/><U80/><E80/><V115/><F115/><W40/><G40/><T23/><D23/><U89/><E89/><V6/><F110/><W42/><G42/><T63/><D83/><U58/><E71/><V10/><F6/><W101/><G94/><T59/><REACH who="0" step="1"/><D63/><REACH who="0" ten="356,265,217,152" step="2"/><U102/><E61/><V17/><F17/><W133/><REACH who="3" step="1"/><G133/><REACH who="3" ten="356,265,217,142" step="2"/><T100/><D100/><U86/><E102/><V37/><F37/><W78/><AGARI ba="3,2" hai="39,41,45,62,67,68,75,78,82,98,101,106,112,114" machi="78" ten="30,12000,2" yaku="1,1,2,1,0,1,23,2,52,1,53,1" doraHai="104" doraHaiUra="79" who="3" fromWho="3" sc="356,-63,265,-33,217,-33,142,149" /><INIT seed="1,0,0,3,2,109" ten="293,232,184,291" oya="1" hai0="120,40,95,71,134,29,5,35,94,53,44,104,39" hai1="60,63,116,91,0,80,76,64,48,86,74,30,14" hai2="67,77,65,1,130,89,21,31,62,101,61,82,36" hai3="37,7,57,33,25,13,49,126,32,99,97,69,22"/><U70/><E116/><V98/><F130/><W105/><G69/><T114/><D114/><U2/><E30/><V59/><F1/><W58/><G37/><T26/><D134/><U118/><E118/><V103/><F36/><W107/><G126/><T115/><D115/><U42/><E42/><V117/><F117/><W4/><G13/><T3/><D104/><U78/><E78/><V6/><F6/><W127/><G127/><T18/><D71/><U27/><E27/><V24/><F89/><W100/><G22/><T121/><D53/><U133/><E133/><V16/><F31/><W128/><G49/><T129/><D129/><U68/><E48/><V87/><REACH who="2" step="1"/><F98/><REACH who="2" ten="293,232,174,291" step="2"/><W85/><G128/><T96/><D96/><U20/><E2/><V12/><F12/><W102/><G25/><T119/><D119/><U113/><E0/><V75/><F75/><W110/><G85/><T10/><REACH who="0" step="1"/><D18/><REACH who="0" ten="283,232,174,291" step="2"/><U84/><E113/><V135/><F135/><W56/><G99/><T34/><D34/><U111/><E111/><V125/><F125/><W131/><G110/><T112/><D112/><U47/><E91/><V72/><F72/><W38/><G131/><T45/><D45/><U15/><E47/><V90/><F90/><W88/><G88/><T132/><D132/><U46/><E46/><V11/><F11/><W93/><G105/><T19/><D19/><U55/><E20/><V9/><F9/><W43/><G107/><T51/><D51/><U28/><E74/><V23/><F23/><W17/><G17/><T92/><AGARI ba="0,2" hai="3,5,10,26,29,35,39,40,44,92,94,95,120,121" machi="92" ten="30,2000,0" yaku="1,1,0,1,53,0" doraHai="109" doraHaiUra="106" who="0" fromWho="0" sc="283,40,232,-10,174,-5,291,-5" /><INIT seed="2,0,0,1,0,93" ten="323,222,169,286" oya="2" hai0="60,53,62,34,33,68,54,99,75,20,36,70,84" hai1="45,43,11,134,59,113,104,120,88,91,32,77,89" hai2="66,29,67,18,63,116,64,117,52,132,114,73,51" hai3="135,96,16,10,81,46,71,6,14,108,79,40,85"/><V121/><F73/><W38/><G108/><T82/><D75/><U127/><E113/><V97/><F114/><W131/><G131/><T105/><D36/><U22/><E32/><V118/><F121/><W23/><G135/><T37/><D37/><U111/><E111/><V39/><F39/><W7/><G71/><T28/><D20/><U3/><E134/><V112/><F112/><W42/><G42/><T8/><D84/><U106/><E127/><V61/><F132/><W41/><G41/><T133/><D133/><U119/><E119/><V109/><F29/><W30/><G30/><T125/><D82/><U1/><E77/><V74/><F74/><W58/><G58/><T124/><D28/><U47/><E22/><V92/><F18/><W5/><REACH who="3" step="1"/><G96/><REACH who="3" ten="323,222,169,276" step="2"/><T98/><D105/><U44/><E43/><V122/><F109/><W0/><AGARI ba="0,1" hai="0,5,6,7,10,14,16,23,38,40,46,79,81,85" machi="0" ten="20,12000,2" yaku="1,1,2,1,0,1,7,1,54,1,53,1" doraHai="93" doraHaiUra="72" who="3" fromWho="3" sc="323,-30,222,-30,169,-60,276,130" /><INIT seed="3,0,0,5,4,130" ten="293,192,109,406" oya="3" hai0="11,110,98,133,55,21,116,13,125,77,105,73,15" hai1="129,56,7,33,6,65,87,34,45,47,62,16,19" hai2="86,111,8,10,107,121,22,120,17,68,104,1,109" hai3="29,31,97,80,124,37,100,69,74,48,2,5,132"/><W70/><G37/><T40/><D116/><U101/><E129/><V36/><F36/><W67/><G48/><T43/><D77/><U30/><E101/><V71/><F86/><W20/><G124/><T61/><D73/><U122/><E122/><N who="2" m="47211" /><F22/><W53/><G53/><T114/><D125/><U128/><E128/><V39/><F1/><W108/><G20/><T85/><D105/><N who="2" m="40522" /><F17/><N who="1" m="6729" /><E33/><V38/><F38/><W44/><G2/><T112/><D85/><U0/><E30/><V57/><F57/><W119/><G29/><T95/><D21/><U42/><E0/><V99/><F99/><W59/><G31/><T115/><D98/><U82/><E34/><V89/><F89/><W135/><G59/><T91/><D91/><N who="1" m="51703" /><E47/><V63/><F63/><W78/><G44/><T52/><D61/><U50/><AGARI ba="0,0" hai="6,7,42,45,50,56,62,65" m="51703,6729" machi="50" ten="30,2000,0" yaku="8,1,54,1" doraHai="130" who="1" fromWho="1" sc="293,-5,192,20,109,-5,406,-10" /><INIT seed="4,0,0,3,3,122" ten="288,212,104,396" oya="0" hai0="73,93,83,42,79,126,100,77,54,51,110,81,15" hai1="27,129,19,16,48,31,29,108,43,5,46,104,118" hai2="120,106,55,3,45,85,64,98,68,114,117,71,105" hai3="53,90,1,132,21,17,37,107,78,133,33,96,10"/><T35/><D126/><U124/><E118/><V40/><F120/><W134/><G33/><T62/><D110/><U11/><E104/><V109/><F109/><W60/><G37/><T115/><D115/><U32/><E108/><V130/><F130/><W0/><G78/><T119/><D119/><U65/><E129/><V82/><F55/><W72/><G72/><T128/><D35/><U24/><E65/><V25/><F117/><W2/><G10/><T44/><D128/><U38/><E38/><V123/><F123/><W87/><G96/><T99/><D15/><U95/><E124/><V13/><F3/><W14/><G107/><T39/><D62/><U121/><E121/><V97/><F97/><W103/><G103/><T58/><D79/><U34/><REACH who="1" step="1"/><E95/><REACH who="1" ten="288,202,104,396" step="2"/><V91/><F64/><W101/><G134/><T22/><D83/><U50/><E50/><V57/><F106/><W112/><G133/><T111/><D111/><U113/><E113/><V84/><F105/><W75/><G132/><T18/><D39/><U135/><E135/><V89/><F82/><W74/><G112/><T88/><D81/><U20/><E20/><V41/><F114/><W131/><G131/><T63/><D22/><U4/><E4/><V94/><F94/><W116/><G116/><T80/><REACH who="0" step="1"/><D18/><REACH who="0" ten="278,202,104,396" step="2"/><U47/><E47/><V7/><F45/><W23/><G23/><T28/><D28/><U102/><E102/><AGARI ba="0,2" hai="42,44,51,54,58,63,73,77,80,88,93,99,100,102" machi="102" ten="40,3900,0" yaku="1,1,54,1,53,0" doraHai="122" doraHaiUra="61" who="0" fromWho="1" sc="278,59,202,-39,104,0,396,0" /><INIT seed="4,1,0,4,4,110" ten="337,163,104,396" oya="0" hai0="121,10,69,45,87,68,1,125,111,97,46,112,83" hai1="50,8,93,118,24,9,127,25,22,23,57,100,31" hai2="71,44,101,94,58,48,135,33,13,53,131,85,67" hai3="116,132,91,78,37,120,30,51,113,76,7,134,15"/><T65/><D121/><U133/><E127/><V52/><F135/><N who="3" m="51755" /><G37/><T73/><D125/><U119/><E118/><V19/><F131/><W63/><G116/><T3/><D73/><U122/><E133/><V103/><F33/><W114/><G120/><T61/><D69/><U107/><E122/><V47/><F71/><W11/><G63/><T129/><D129/><U43/><E107/><V28/><F28/><W117/><G117/><T2/><D111/><U39/><E39/><V99/><F85/><W34/><G91/><T130/><D130/><U108/><E108/><V124/><F124/><W75/><G51/><T62/><D62/><U80/><E80/><V36/><F36/><W123/><G123/><T14/><D97/><N who="1" m="59439" /><E119/><V74/><F74/><W77/><G75/><T109/><D112/><N who="3" m="43113" /><G30/><T64/><D109/><U88/><E88/><N who="2" m="55751" /><F67/><W106/><G34/><T6/><D65/><U16/><E43/><V86/><F86/><W21/><G21/><T66/><D64/><U38/><E38/><V82/><F82/><W96/><G96/><T54/><D54/><AGARI ba="1,0" hai="8,9,16,22,23,24,25,31,50,54,57" m="59439" machi="54" ten="30,2000,0" yaku="8,1,54,1" doraHai="110" who="1" fromWho="0" sc="337,-23,163,23,104,0,396,0" /><INIT seed="5,0,0,0,3,50" ten="314,186,104,396" oya="1" hai0="91,55,134,52,117,118,44,47,92,40,17,62,19" hai1="98,48,31,64,94,80,37,119,5,73,110,131,124" hai2="63,6,83,26,24,9,38,54,41,129,120,14,29" hai3="84,135,95,66,22,28,11,51,10,60,87,70,30"/><U116/><E37/><V0/><F120/><W59/><G135/><T126/><D134/><U81/><E131/><V108/><F108/><W56/><G70/><T133/><D133/><U127/><E110/><V112/><F129/><W93/><G51/><N who="0" m="27015" /><D117/><U18/><E5/><V103/><F112/><W101/><G101/><T99/><D118/><N who="1" m="45099" /><E31/><V82/><F103/><W67/><G22/><T100/><D126/><N who="1" m="48171" /><E73/><V43/><F0/><W86/><G28/><T46/><D100/><N who="1" m="60503" /><E64/><V69/><F38/><W76/><G30/><T122/><D122/><U1/><E1/><V78/><F29/><W2/><G2/><T57/><D46/><U61/><E61/><V102/><F69/><W79/><G67/><N who="0" m="39375" /><D47/><U7/><E7/><V4/><F4/><W128/><G128/><T35/><D35/><U113/><E113/><V106/><F41/><W8/><G59/><T96/><D96/><U25/><E48/><V71/><F6/><W39/><G39/><T114/><D114/><U42/><E42/><V34/><F43/><W33/><G33/><T49/><D49/><U121/><E121/><V32/><F32/><W88/><G60/><T16/><AGARI ba="0,0" hai="16,17,19,52,55,91,92,99" m="39375,27015" machi="16" ten="30,8000,1" yaku="8,1,52,2,54,2" doraHai="50" who="0" fromWho="0" sc="314,80,186,-40,104,-20,396,-20" /><INIT seed="6,0,0,1,1,120" ten="394,146,84,376" oya="2" hai0="53,27,74,123,104,95,31,10,59,114,22,108,6" hai1="83,17,79,64,90,60,134,57,113,112,35,48,97" hai2="41,36,122,127,62,8,103,125,34,21,75,66,63" hai3="128,72,55,67,105,84,109,69,101,24,100,96,29"/><V4/><F34/><W99/><G72/><T20/><D104/><U106/><E35/><V58/><F122/><W92/><G128/><T39/><D39/><U13/><E134/><V11/><F75/><W121/><G121/><T1/><D74/><N who="1" m="43511" /><E48/><V88/><F103/><W26/><G55/><T2/><D108/><U37/><E37/><V119/><F119/><W131/><G131/><T32/><D114/><N who="1" m="44139" /><E90/><V132/><F132/><W102/><G102/><T19/><D123/><U30/><E30/><V0/><F11/><W91/><G29/><T116/><D116/><U49/><E49/><V23/><F63/><W42/><G42/><T9/><D95/><U130/><E130/><V73/><F73/><W46/><G46/><T93/><D93/><U52/><E97/><V28/><F88/><W111/><G96/><T133/><D133/><U45/><E45/><V65/><F28/><W51/><G51/><T47/><D47/><U68/><E106/><V54/><F41/><W56/><G101/><T40/><D40/><U135/><E135/><V118/><F118/><W44/><G44/><T14/><D1/><U124/><E124/><N who="2" m="47691" /><F36/><W129/><G129/><T25/><D25/><U15/><E17/><V3/><F3/><W50/><G24/><T5/><D5/><U94/><E94/><V43/><F43/><W77/><G26/><T98/><D98/><U87/><E87/><V82/><F82/><W7/><G7/><T76/><D76/><U12/><E64/><AGARI ba="0,0" hai="0,4,8,21,23,54,58,62,64,65,66" m="47691" machi="64" ten="30,1500,0" yaku="18,1" doraHai="120" who="2" fromWho="1" sc="394,0,146,-15,84,15,376,0" /><INIT seed="6,1,0,1,4,17" ten="394,131,99,376" oya="2" hai0="95,48,122,63,21,88,93,131,101,35,108,57,29" hai1="102,49,120,123,27,15,42,67,103,112,118,28,52" hai2="30,13,109,119,74,45,89,84,14,133,47,12,124" hai3="97,22,71,130,128,127,73,76,115,70,10,31,113"/><V4/><F119/><W105/><G127/><T56/><D35/><N who="1" m="20895" /><E118/><V96/><F124/><W18/><G31/><T39/><D39/><U98/><E42/><V91/><F74/><W80/><G10/><T58/><D108/><U68/><E112/><N who="3" m="43082" /><G97/><N who="0" m="59583" /><D122/><N who="1" m="46635" /><E15/><N who="2" m="5707" /><F133/><W104/><G104/><T23/><D131/><N who="3" m="50217" /><G105/><T34/><D34/><U92/><E67/><V60/><F109/><W111/><G111/><T9/><D9/><U2/><E68/><V37/><F37/><W87/><G73/><T86/><D63/><U20/><E2/><V94/><F30/><W116/><G116/><T16/><D29/><U66/><E66/><V90/><F60/><W32/><G32/><T25/><D23/><U100/><E20/><V107/><F107/><W0/><G0/><T106/><D106/><U1/><E1/><V36/><F36/><W125/><G125/><T53/><AGARI ba="1,0" hai="16,21,25,48,53,56,57,58,86,88,93" m="59583" machi="53" ten="30,7900,0" yaku="8,1,52,1,54,2" doraHai="17" who="0" fromWho="0" sc="394,82,131,-21,99,-40,376,-21" /><INIT seed="7,0,0,2,5,19" ten="476,110,59,355" oya="3" hai0="71,65,87,86,56,99,10,66,84,37,90,81,82" hai1="93,44,73,117,76,54,40,52,89,75,59,116,126" hai2="33,68,67,103,111,119,80,50,43,109,14,30,127" hai3="79,125,108,2,51,12,25,135,21,4,74,31,62"/><W22/><G62/><T48/><D37/><N who="1" m="21519" /><E126/><V77/><F119/><N who="1" m="45641" /><E76/><V36/><F127/><W78/><G125/><T35/><D35/><U1/><E1/><V24/><F50/><W124/><G124/><T58/><D71/><U8/><E8/><V107/><F14/><W112/><G74/><N who="1" m="28170" /><E59/><N who="0" m="22569" /><D48/><U41/><E41/><V20/><F33/><W100/><G112/><T129/><D129/><U94/><E94/><V104/><F43/><W39/><G39/><T13/><D99/><AGARI ba="0,0" hai="52,54,89,93,99" m="28170,45641,21519" machi="99" ten="30,2000,0" yaku="12,1,54,1" doraHai="19" who="1" fromWho="0" sc="476,-20,110,20,59,0,355,0" owari="456,55.0,130,-27.0,59,-44.0,355,16.0" /></mjloggm>