<mjloggm ver="2.3"><GO type="169" lobby="0"/><UN n0="%E3%82%A6%E3%83%AB%E3%83%88%E3%83%A9%E7%AB%8B%E7%9B%B4" n1="%E3%82%AB%E3%83%9D%E3%83%8D%E5%9B%A3%E3%81%AE%E5%85%84%E8%B2%B4" n2="%61%64%70%31%30" n3="%E3%82%AB%E3%83%BC%E3%83%97" dan="17,18,18,16" rate="2200.36,2237.51,2237.93,2086.27" sx="M,M,M,M"/><TAIKYOKU oya="0"/><INIT seed="0,0,0,2,1,60" ten="250,250,250,250" oya="0" hai0="16,62,29,110,105,32,134,41,43,5,123,135,68" hai1="108,96,93,10,56,17,103,77,73,126,101,40,111" hai2="4,85,54,114,59,94,88,120,25,8,20,76,116" hai3="131,24,71,3,130,84,86,98,127,115,132,12,95"/><T2/><D105/><U63/><E126/><V69/><F116/><W125/><G3/><T57/><D123/><U133/><E133/><N who="0" m="50697" /><D68/><U34/><E40/><V48/><F120/><W119/><G132/><T104/><D104/><U23/><E34/><V90/><F69/><W67/><G119/><T129/><D129/><N who="3" m="49161" /><G115/><T45/><D110/><N who="1" m="42027" /><E10/><V121/><F121/><W65/><G24/><N who="0" m="18471" /><D5/><U92/><E77/><V36/><F36/><W31/><G31/><T42/><D2/><U33/><E73/><V83/><F94/><N who="1" m="36457" /><E96/><V99/><F99/><W128/><G71/><T38/><D16/><U70/><E33/><V80/><F80/><W22/><G128/><T74/><D74/><U9/><E9/><V55/><F114/><W106/><G106/><T64/><AGARI ba="0,0" hai="38,41,42,43,45,57,62,64" m="18471,50697" machi="64" ten="30,3000,0" yaku="20,1,52,1" doraHai="60" who="0" fromWho="0" sc="250,30,250,-10,250,-10,250,-10" /><INIT seed="0,1,0,3,0,53" ten="280,240,240,240" oya="0" hai0="134,129,41,25,47,126,92,0,2,124,60,78,69" hai1="22,121,61,55,109,21,84,37,7,29,1,39,106" hai2="105,114,18,119,99,62,35,30,127,74,54,131,3" hai3="71,120,17,45,43,112,102,73,115,34,8,49,81"/><T70/><D78/><U15/><E121/><V32/><F74/><W23/><G120/><T48/><D129/><U108/><E106/><V10/><F105/><W33/><G71/><T91/><D25/><U122/><E122/><V13/><F99/><W72/><G8/><T4/><D134/><U6/><E84/><V36/><F36/><W135/><G102/><T57/><D69/><U113/><E113/><V50/><F114/><W83/><G135/><T11/><D70/><U104/><E104/><V51/><F131/><W58/><G72/><T130/><D0/><U98/><E98/><V95/><F95/><W90/><G83/><T42/><D42/><U27/><E1/><V89/><F89/><W64/><G33/><T14/><D2/><U38/><E21/><V24/><F35/><W44/><G34/><T82/><D82/><U59/><REACH who="1" step="1"/><E15/><REACH who="1" ten="280,230,240,240" step="2"/><V67/><F3/><W5/><G73/><T103/><D130/><U107/><E107/><V12/><F12/><W56/><G23/><T93/><D103/><U118/><E118/><V76/><F119/><W26/><G115/><T88/><D92/><U77/><E77/><V80/><F76/><W85/><G112/><T96/><REACH who="0" step="1"/><D91/><REACH who="0" ten="270,230,240,240" step="2"/><U128/><E128/><V79/><F79/><W123/><G90/><T40/><D40/><U101/><E101/><V63/><F80/><W31/><G81/><T65/><AGARI ba="1,2" hai="4,11,14,41,47,48,57,60,65,88,93,96,124,126" machi="65" ten="30,11700,0" yaku="1,1,0,1,52,1,54,1,53,0" doraHai="53" doraHaiUra="125" who="0" fromWho="0" sc="270,140,230,-40,240,-40,240,-40" /><INIT seed="0,2,0,3,3,47" ten="410,190,200,200" oya="0" hai0="58,92,59,101,130,134,34,18,29,62,96,86,93" hai1="28,118,95,7,89,52,98,121,123,45,73,24,17" hai2="63,68,110,0,8,13,6,104,109,46,26,10,78" hai3="115,1,87,35,3,12,21,112,120,126,100,70,36"/><T33/><D130/><U79/><E118/><V125/><F104/><W48/><G36/><T67/><D134/><U55/><E7/><V41/><F125/><W39/><G39/><T91/><D29/><U23/><E73/><V133/><F133/><W88/><G70/><T65/><REACH who="0" step="1"/><D18/><REACH who="0" ten="400,190,200,200" step="2"/><U83/><E121/><V135/><F135/><W25/><G120/><T85/><D85/><N who="1" m="48383" /><E123/><V116/><F116/><W2/><G87/><T20/><D20/><N who="1" m="15367" /><E45/><V60/><F46/><W4/><G21/><T9/><D9/><U128/><E128/><V132/><F10/><W111/><G126/><T64/><D64/><U82/><E82/><V119/><F8/><W113/><G113/><T103/><D103/><U117/><E117/><V5/><F119/><W44/><G100/><T54/><D54/><U90/><E90/><V69/><F132/><W106/><G115/><T53/><D53/><U131/><E131/><V51/><F78/><W15/><G112/><T102/><D102/><U97/><E97/><V107/><F6/><W50/><G4/><T99/><D99/><U72/><E72/><V40/><F5/><W30/><G88/><T43/><D43/><U84/><E98/><V80/><F80/><W105/><G35/><T94/><D94/><U27/><AGARI ba="2,1" hai="17,23,27,52,55,84,89,95" m="15367,48383" machi="27" ten="30,2000,0" yaku="8,1,54,1" doraHai="47" who="1" fromWho="1" sc="400,-12,190,36,200,-7,200,-7" /><INIT seed="1,0,0,5,3,73" ten="388,226,193,193" oya="1" hai0="83,79,117,97,16,88,56,104,5,50,66,103,71" hai1="106,62,9,132,15,26,116,42,14,46,110,39,130" hai2="90,98,75,93,69,55,1,31,27,84,48,20,51" hai3="118,119,128,65,59,120,124,60,85,63,30,8,134"/><U40/><E116/><N who="3" m="44586" /><G120/><T44/><D117/><U7/><E130/><V133/><F75/><W70/><G124/><T80/><D5/><U122/><E122/><V68/><F1/><W12/><G134/><T102/><D71/><U82/><E132/><V54/><F133/><W78/><G30/><T22/><D103/><U64/><E106/><V57/><REACH who="2" step="1"/><F98/><REACH who="2" ten="388,226,183,193" step="2"/><W101/><G128/><T121/><D97/><U38/><E110/><V91/><F91/><W45/><G101/><T11/><D88/><U89/><E89/><V135/><F135/><W18/><G45/><AGARI ba="0,1" hai="20,27,31,45,48,51,54,55,57,68,69,84,90,93" machi="45" ten="30,2000,0" yaku="1,1,7,1,53,0" doraHai="73" doraHaiUra="76" who="2" fromWho="3" sc="388,0,226,0,183,30,193,-20" /><INIT seed="2,0,0,2,2,116" ten="388,226,213,173" oya="2" hai0="120,84,78,25,2,107,48,61,31,13,113,129,92" hai1="22,4,114,128,30,94,6,57,12,32,108,111,52" hai2="65,106,60,79,43,121,7,134,67,33,15,55,98" hai3="23,72,74,34,124,36,47,53,83,50,42,35,40"/><V97/><F33/><W19/><G124/><T80/><D107/><U104/><E104/><V126/><F126/><W39/><G39/><T103/><D2/><U119/><E114/><V93/><F134/><W87/><G40/><T51/><D113/><U1/><E119/><V131/><F131/><W130/><G130/><T115/><D120/><U109/><E128/><V54/><F106/><W82/><G72/><T71/><D13/><U28/><E1/><V91/><F121/><W44/><G74/><T14/><D14/><U127/><E127/><V105/><F79/><W17/><G82/><T29/><D29/><N who="1" m="11371" /><E32/><V69/><F43/><W75/><G75/><T18/><D18/><N who="1" m="10567" /><E94/><V89/><F67/><W27/><REACH who="3" step="1"/><G19/><REACH who="3" ten="388,226,213,163" step="2"/><T21/><D80/><U46/><E46/><V117/><F117/><W85/><G85/><T26/><D84/><U125/><E125/><V49/><F97/><W9/><G9/><T56/><D129/><U38/><E38/><V59/><F98/><W112/><G112/><T99/><D115/><U77/><E77/><AGARI ba="0,1" hai="17,23,27,34,35,36,42,44,47,50,53,77,83,87" machi="77" ten="30,3900,0" yaku="1,1,7,1,53,1" doraHai="116" doraHaiUra="76" who="3" fromWho="1" sc="388,0,226,-39,213,0,163,49" /><INIT seed="3,0,0,2,5,40" ten="388,187,213,212" oya="3" hai0="12,30,122,76,115,99,60,22,79,1,127,23,101" hai1="123,41,85,63,2,116,108,119,11,121,120,82,38" hai2="48,35,8,10,68,129,96,77,21,102,33,4,43" hai3="109,0,3,86,92,5,47,75,65,94,93,25,100"/><W72/><G65/><T98/><D1/><U27/><E63/><V19/><F68/><W110/><G100/><T66/><D127/><U118/><E108/><N who="3" m="41578" /><G86/><T88/><D98/><U50/><E27/><V131/><F77/><W13/><G25/><T36/><D88/><N who="1" m="51255" /><E38/><V80/><F80/><W125/><G125/><T31/><D79/><U73/><E73/><N who="3" m="28234" /><G47/><T14/><D76/><U57/><E57/><V18/><F102/><W62/><G62/><T133/><D101/><U7/><E50/><V52/><F96/><W55/><G55/><T114/><D99/><U34/><E41/><V51/><F43/><W126/><G126/><T104/><D60/><U132/><E34/><V17/><F52/><W135/><G135/><AGARI ba="0,0" hai="2,7,11,116,118,119,120,121,123,132,135" m="51255" machi="135" ten="40,2600,0" yaku="12,1,54,1" doraHai="40" who="1" fromWho="3" sc="388,0,187,26,213,0,212,-26" /><INIT seed="4,0,0,0,1,93" ten="388,213,213,186" oya="0" hai0="131,94,128,111,24,48,120,83,20,27,60,107,66" hai1="117,35,64,12,113,77,36,22,125,76,124,68,1" hai2="59,25,58,43,89,4,78,101,37,82,79,50,72" hai3="41,108,5,100,84,3,38,15,33,32,14,67,34"/><T62/><D107/><U16/><E117/><V96/><F79/><W51/><G108/><T57/><D120/><U119/><E119/><V26/><F89/><W63/><G38/><T90/><D111/><U81/><E36/><V105/><F4/><W11/><G84/><T44/><D83/><U17/><E1/><V80/><F80/><W45/><REACH who="3" step="1"/><G100/><REACH who="3" ten="388,213,213,176" step="2"/><T75/><D75/><U8/><E124/><V30/><F37/><W126/><G126/><T23/><D131/><U74/><E125/><V69/><F101/><W19/><G19/><T6/><D128/><U92/><E74/><V73/><F73/><W49/><G49/><T55/><D6/><U52/><E16/><V115/><F50/><W91/><G91/><T102/><D102/><U130/><E17/><V31/><F72/><W88/><G88/><T134/><D90/><U87/><E87/><V71/><F78/><W40/><G40/><T54/><D48/><U0/><E76/><V18/><F18/><W112/><G112/><T56/><D134/><U127/><E113/><V2/><F82/><W29/><G29/><T114/><D114/><U135/><E81/><V46/><F115/><W39/><G39/><T116/><D116/><U123/><E77/><V97/><F43/><W122/><G122/><T53/><D60/><U42/><E123/><V7/><F7/><W9/><G9/><T21/><D62/><U65/><E130/><V61/><F61/><W118/><G118/><T13/><D27/><U121/><E127/><V103/><F26/><W70/><AGARI ba="0,1" hai="3,5,11,14,15,32,33,34,41,45,51,63,67,70" machi="70" ten="30,2000,0" yaku="1,1,0,1,53,0" doraHai="93" doraHaiUra="129" who="3" fromWho="3" sc="388,-10,213,-5,213,-5,176,30" /><INIT seed="5,0,0,0,4,38" ten="378,208,208,206" oya="1" hai0="124,98,105,16,42,115,53,0,93,7,12,101,112" hai1="122,51,130,26,61,111,48,116,126,66,132,131,3" hai2="70,60,47,92,30,27,54,78,88,94,100,62,107" hai3="25,108,95,13,80,67,76,99,10,9,23,118,129"/><U69/><E3/><V79/><F107/><W134/><G108/><T37/><D7/><U63/><E26/><V83/><F100/><W18/><G67/><T15/><D15/><U84/><E84/><V120/><F120/><W123/><G123/><T81/><D81/><U19/><E122/><V65/><F94/><W32/><G129/><N who="1" m="49162" /><E19/><V50/><F60/><W106/><G106/><T110/><D16/><U57/><E116/><V45/><F45/><W64/><G118/><T34/><D12/><U20/><E20/><V39/><F39/><W89/><G64/><T73/><D98/><U35/><E35/><V104/><F83/><W1/><G1/><T117/><D73/><U41/><E132/><V74/><F74/><W49/><G134/><T59/><D0/><U17/><E17/><V114/><F114/><W4/><G32/><T87/><D34/><U46/><E126/><V11/><F11/><W91/><G91/><T33/><D33/><U2/><E2/><V28/><F104/><W119/><G119/><T8/><D87/><U85/><E85/><V77/><REACH who="2" step="1"/><F27/><REACH who="2" ten="378,208,198,206" step="2"/><W40/><G9/><T31/><D8/><U133/><E133/><V44/><F44/><N who="3" m="25735" /><G80/><T121/><D117/><U75/><E75/><V86/><AGARI ba="0,1" hai="28,30,47,50,54,62,65,70,77,78,79,86,88,92" machi="86" ten="30,7900,0" yaku="1,1,0,1,54,1,53,1" doraHai="38" doraHaiUra="43" who="2" fromWho="2" sc="378,-20,208,-39,198,89,206,-20" /><INIT seed="6,0,0,3,3,20" ten="358,169,287,186" oya="2" hai0="27,87,106,65,52,116,113,72,117,3,118,56,29" hai1="130,134,92,86,13,2,131,53,0,25,44,10,99" hai2="59,79,82,64,7,34,38,58,76,100,9,108,6" hai3="54,98,90,124,62,119,46,88,70,101,67,84,23"/><V60/><F38/><W81/><G119/><T21/><D72/><U5/><E86/><V110/><F34/><W35/><G124/><T22/><D106/><U33/><E44/><V111/><F100/><W125/><G125/><T66/><D3/><U31/><E53/><V115/><F115/><W41/><G35/><N who="0" m="20927" /><D87/><U4/><E134/><V26/><F59/><W94/><G23/><N who="0" m="8715" /><D113/><U129/><REACH who="1" step="1"/><E4/><REACH who="1" ten="358,159,287,186" step="2"/><V95/><F6/><W63/><G54/><T18/><D18/><U135/><E135/><V45/><F45/><W30/><G63/><AGARI ba="0,1" hai="52,56,63,65,66,116,117,118" m="8715,20927" machi="63" ten="30,3900,0" yaku="12,1,52,1,54,1" doraHai="20" who="0" fromWho="3" sc="358,49,159,0,287,0,186,-39" /><INIT seed="7,0,0,0,2,103" ten="407,159,287,147" oya="3" hai0="77,27,92,61,83,43,124,93,38,7,44,51,85" hai1="76,112,54,63,134,71,110,119,108,14,18,40,98" hai2="94,123,91,0,21,89,127,17,84,52,121,67,72" hai3="88,87,13,115,80,8,22,74,107,35,42,120,4"/><W24/><G120/><N who="2" m="46153" /><F0/><W64/><G115/><T25/><D38/><U81/><E98/><V75/><F127/><W36/><G74/><T11/><D61/><U2/><E63/><V49/><F89/><W109/><G109/><T70/><D70/><U130/><E54/><V97/><F97/><W60/><G35/><T37/><D37/><U20/><E18/><V16/><F67/><W45/><G107/><T58/><D58/><U23/><E20/><V131/><F131/><W62/><REACH who="3" step="1"/><G64/><REACH who="3" ten="407,159,287,137" step="2"/><T82/><D124/><U41/><E112/><V53/><F75/><W96/><G96/><T69/><D93/><U56/><E108/><V66/><F72/><W128/><G128/><T114/><D92/><U90/><E110/><V59/><F66/><W104/><G104/><T132/><D114/><U118/><E130/><V95/><F95/><W29/><AGARI ba="0,1" hai="4,8,13,22,24,29,36,42,45,60,62,80,87,88" machi="29" ten="20,12000,1" yaku="1,1,0,1,7,1,54,1,53,1" doraHai="103" doraHaiUra="5" who="3" fromWho="3" sc="407,-40,159,-40,287,-40,137,130" /><INIT seed="7,1,0,1,3,25" ten="367,119,247,267" oya="3" hai0="74,1,57,59,111,54,41,135,121,75,89,84,124" hai1="34,32,99,112,56,104,11,95,83,30,116,61,3" hai2="4,39,49,55,10,60,44,81,90,94,103,108,131" hai3="47,19,129,18,22,86,126,80,51,91,113,77,119"/><W52/><G119/><T125/><D1/><U70/><E112/><V26/><F108/><W20/><G113/><T53/><D41/><U133/><E133/><V130/><F39/><W66/><G66/><T67/><D67/><U93/><E116/><V37/><F37/><W65/><G65/><T76/><D76/><U132/><E132/><V118/><F118/><W8/><G126/><N who="0" m="48747" /><D121/><U105/><E70/><V15/><F60/><W117/><G8/><T63/><D111/><U79/><E11/><V106/><F106/><W101/><G101/><T87/><D87/><U115/><E3/><V62/><F62/><W31/><G129/><N who="2" m="49161" /><F26/><N who="3" m="16839" /><G117/><T107/><D107/><U12/><E115/><V100/><F81/><W46/><G46/><T29/><D74/><U109/><E109/><V23/><F23/><W27/><G19/><T21/><D75/><U24/><E34/><V69/><F69/><W35/><G35/><T45/><D45/><U97/><E12/><V38/><F38/><W5/><G5/><T50/><D135/><U28/><E28/><V120/><F120/><W36/><G36/><T43/><D29/><U0/><E0/><V9/><F10/><W82/><G82/><N who="0" m="49303" /><D21/><U7/><E7/><V85/><AGARI ba="1,0" hai="4,9,15,44,49,55,85,90,94,100,103" m="49161" machi="85" ten="30,1100,0" yaku="19,1" doraHai="25" who="2" fromWho="2" sc="367,-4,119,-4,247,14,267,-6" owari="363,46.0,115,-38.0,261,6.0,261,-14.0" /></mjloggm>