<mjloggm ver="2.3"><GO type="169" lobby="0"/><UN n0="%E3%82%A6%E3%83%AB%E3%83%88%E3%83%A9%E7%AB%8B%E7%9B%B4" n1="%E3%83%AC%E3%83%90%E3%83%8B%E3%83%A9%E3%83%AC%E3%83%90" n2="%6D%61%73%61%73%69%6F" n3="%EF%BC%88%C2%B4%EF%BC%9B%CF%89%EF%BC%9B%EF%BD%80%EF%BC%89" dan="17,16,16,16" rate="2228.09,2035.06,2117.02,2166.60" sx="M,M,F,M"/><TAIKYOKU oya="0"/><INIT seed="0,0,0,0,2,34" ten="250,250,250,250" oya="0" hai0="8,125,115,102,101,83,3,19,51,41,85,135,74" hai1="96,5,35,99,106,119,52,32,14,82,91,6,64" hai2="118,16,114,45,23,81,11,9,92,48,37,78,33" hai3="62,93,50,73,57,80,116,94,75,60,27,122,112"/><T132/><BYE who="2" /><D74/><U98/><E119/><V40/><F40/><W59/><G116/><T49/><D115/><U87/><E106/><V20/><F20/><W107/><G107/><T68/><D68/><U17/><E64/><V88/><F88/><W18/><G112/><T133/><D125/><U124/><E124/><V103/><F103/><UN n2="%6D%61%73%61%73%69%6F" /><W79/><G122/><T65/><D65/><U56/><E32/><V58/><F33/><W21/><G75/><T26/><D26/><U42/><E42/><V100/><F114/><W130/><G50/><N who="0" m="18955" /><D41/><U15/><E35/><V72/><F118/><W123/><G130/><T67/><D67/><U10/><REACH who="1" step="1"/><E15/><REACH who="1" ten="250,240,250,250" step="2"/><V1/><F37/><W86/><G123/><T111/><D111/><U84/><E84/><V38/><F38/><W0/><G73/><T7/><D19/><U113/><E113/><V128/><F16/><W109/><G86/><T127/><D127/><U104/><E104/><V46/><F72/><W134/><G134/><T70/><D70/><U129/><E129/><V69/><F69/><W25/><G109/><T28/><D28/><U63/><AGARI ba="0,1" hai="5,6,10,14,17,52,56,63,82,87,91,96,98,99" machi="63" ten="30,12000,2" yaku="1,1,0,1,8,1,54,1,53,3" doraHai="34" doraHaiUra="95" who="1" fromWho="1" sc="250,-60,240,130,250,-30,250,-30" /><INIT seed="1,0,0,5,3,27" ten="190,370,220,220" oya="1" hai0="75,127,70,107,47,23,38,48,40,76,11,106,79" hai1="15,86,89,122,135,93,83,66,61,65,25,101,85" hai2="62,94,35,60,123,44,72,51,112,20,56,3,129" hai3="117,6,43,37,124,99,4,29,13,82,58,97,110"/><U80/><E122/><V57/><F123/><W109/><G117/><T126/><D70/><U96/><E15/><V39/><F3/><W103/><G124/><N who="0" m="47659" /><D23/><U14/><E14/><V0/><F0/><W125/><G125/><T133/><D133/><U32/><E135/><V33/><F72/><W74/><G58/><T12/><D38/><U54/><E54/><V16/><F39/><W95/><G99/><T105/><D75/><U41/><E41/><V5/><F5/><AGARI ba="0,0" hai="5,11,12,40,47,48,76,79,105,106,107" m="47659" machi="5" ten="40,1300,0" yaku="18,1" doraHai="27" who="0" fromWho="2" sc="190,13,370,0,220,-13,220,0" /><INIT seed="2,0,0,5,1,1" ten="203,370,207,220" oya="2" hai0="104,11,34,93,32,127,108,105,54,23,57,16,48" hai1="125,45,30,64,80,63,130,37,5,78,40,83,8" hai2="65,55,81,52,107,102,0,129,10,4,120,51,88" hai3="111,33,42,58,73,132,43,122,41,22,96,74,68"/><V24/><F120/><W60/><G33/><T17/><D108/><U101/><E130/><V56/><F56/><W87/><G68/><T46/><D127/><U50/><E125/><V82/><F129/><W75/><G122/><T25/><D34/><U15/><E30/><V116/><F116/><W71/><G71/><T38/><D32/><U98/><E37/><V7/><F65/><W76/><G111/><T123/><D123/><U3/><E3/><V27/><F107/><W47/><G132/><T19/><D38/><U113/><E113/><V89/><F102/><W100/><G22/><T118/><D118/><U126/><E126/><V72/><F72/><W44/><G87/><T119/><D119/><U115/><E115/><V26/><F51/><W36/><G76/><T99/><D46/><U61/><E64/><V112/><F112/><W49/><G42/><T69/><D69/><U90/><E90/><N who="2" m="34923" /><F0/><W114/><G114/><T59/><D59/><U18/><E18/><V109/><F109/><W131/><G131/><T110/><D110/><U29/><E29/><V134/><F134/><W79/><G79/><T31/><REACH who="0" step="1"/><D11/><REACH who="0" ten="193,370,207,220" step="2"/><U128/><E128/><V14/><F7/><W124/><G124/><T39/><D39/><U67/><E8/><V135/><F135/><W62/><REACH who="3" step="1"/><G58/><REACH who="3" ten="193,370,207,210" step="2"/><T77/><D77/><U91/><E78/><V121/><F121/><W97/><G97/><T12/><D12/><U6/><E15/><V94/><F14/><W95/><AGARI ba="0,2" hai="36,41,43,44,47,49,60,62,73,74,75,95,96,100" machi="95" ten="30,2000,0" yaku="1,1,0,1,53,0" doraHai="1" doraHaiUra="13" who="3" fromWho="3" sc="193,-5,370,-5,207,-10,210,40" /><INIT seed="3,0,0,1,0,49" ten="188,365,197,250" oya="3" hai0="94,113,67,52,64,88,125,3,118,8,20,33,41" hai1="99,60,61,54,13,76,11,34,48,97,16,106,70" hai2="89,66,31,130,39,36,45,10,75,86,42,112,119" hai3="73,14,96,17,46,56,107,124,65,87,122,24,0"/><W116/><G73/><T81/><D33/><U114/><E34/><V117/><F75/><W128/><G122/><T19/><D118/><U84/><E106/><V111/><F112/><W43/><G116/><T79/><D41/><U135/><E114/><V108/><F130/><W74/><G74/><T57/><D113/><U110/><E135/><V35/><F66/><W63/><G0/><T104/><D104/><U50/><E50/><V22/><F22/><W102/><G128/><T92/><D8/><U121/><E121/><V93/><F10/><W95/><G124/><T23/><D20/><U129/><E129/><V109/><REACH who="2" step="1"/><F39/><REACH who="2" ten="188,365,187,250" step="2"/><W37/><G24/><AGARI ba="0,1" hai="24,31,35,36,42,45,86,89,93,108,109,111,117,119" machi="24" ten="40,5200,0" yaku="1,1,2,1,14,1,53,0" doraHai="49" doraHaiUra="44" who="2" fromWho="3" sc="188,0,365,0,187,62,250,-52" /><INIT seed="4,0,0,5,3,54" ten="188,365,249,198" oya="0" hai0="20,25,21,116,47,50,80,106,42,16,28,57,62" hai1="11,13,60,87,78,58,128,133,15,59,2,18,98" hai2="43,103,123,5,74,4,118,22,77,71,119,73,122" hai3="102,65,88,99,38,0,97,14,126,35,45,92,104"/><T17/><D106/><U108/><E108/><V53/><F53/><W49/><G0/><T81/><D116/><N who="2" m="44586" /><F22/><W24/><G126/><T120/><D120/><N who="2" m="46122" /><F77/><W95/><G65/><T111/><D111/><U130/><E133/><V3/><F3/><W134/><G134/><T90/><D90/><U66/><E2/><V109/><F109/><W52/><G38/><T39/><D39/><U96/><E13/><V34/><F71/><W29/><REACH who="3" step="1"/><G14/><REACH who="3" ten="188,365,249,188" step="2"/><N who="0" m="9239" /><D28/><U85/><E15/><V105/><F74/><W115/><G115/><T48/><D48/><U56/><E11/><V23/><F73/><W127/><G127/><T91/><D91/><U36/><E36/><V75/><F75/><W83/><G83/><T114/><D114/><U125/><E125/><V129/><F129/><W30/><G30/><T100/><D100/><U70/><E130/><V40/><F103/><W110/><G110/><T61/><D61/><U27/><E128/><V67/><F5/><W121/><G121/><T46/><D46/><U33/><E78/><V7/><F4/><W69/><G69/><T124/><D124/><U64/><E64/><AGARI ba="0,1" hai="17,21,25,42,47,50,57,62,64,80,81" m="9239" machi="64" ten="30,5800,0" yaku="8,1,52,1,54,1" doraHai="54" who="0" fromWho="1" sc="188,68,365,-58,249,0,188,0" /><INIT seed="4,1,0,2,2,82" ten="256,307,249,188" oya="0" hai0="115,41,13,4,91,132,66,53,21,39,123,37,33" hai1="64,103,6,116,7,57,104,98,78,106,133,109,122" hai2="85,89,126,84,22,112,121,10,101,44,27,26,70" hai3="1,3,34,65,32,93,62,113,12,94,134,83,54"/><T73/><D33/><U47/><E109/><V108/><F121/><W68/><G134/><T119/><D73/><U38/><E133/><V100/><F108/><W114/><G12/><T48/><D119/><U61/><E106/><V118/><F118/><W135/><G135/><T88/><D123/><U129/><E116/><V79/><F70/><W46/><G83/><T130/><D132/><U117/><E117/><V96/><F126/><W14/><G14/><T55/><D66/><U51/><E38/><V45/><F112/><N who="3" m="43115" /><G46/><N who="2" m="18025" /><F10/><W9/><G54/><T67/><D55/><U63/><E122/><V90/><F79/><W23/><G23/><T95/><D41/><U107/><E107/><V18/><F96/><W124/><G124/><T0/><D115/><U97/><E97/><V110/><F110/><W40/><G40/><T52/><D53/><U50/><E78/><V25/><F90/><W76/><G76/><T20/><D91/><U59/><E47/><V17/><F89/><W125/><G125/><T43/><D43/><U60/><E64/><V29/><F29/><W92/><G9/><N who="0" m="2183" /><D67/><U31/><E31/><V102/><F22/><W58/><G68/><T72/><D21/><U30/><E30/><V87/><AGARI ba="1,0" hai="17,18,25,26,27,84,85,87,100,101,102" m="18025" machi="87" ten="40,16000,3" yaku="29,2,28,2,8,1,52,3" doraHai="82" who="2" fromWho="2" sc="256,-81,307,-41,249,163,188,-41" /><INIT seed="5,0,0,3,4,62" ten="175,266,412,147" oya="1" hai0="69,40,38,93,83,32,130,89,24,87,113,52,11" hai1="36,132,110,77,98,67,2,118,26,125,103,79,33" hai2="104,108,7,46,49,51,106,48,116,84,100,101,123" hai3="21,15,75,19,9,28,119,37,17,126,109,133,3"/><U35/><E26/><V53/><F116/><W135/><G37/><T70/><D130/><U81/><E36/><V82/><F123/><W66/><G75/><T88/><D113/><U0/><E81/><V29/><F108/><W1/><G66/><T57/><D11/><U114/><E118/><V60/><F29/><W85/><G85/><T44/><D24/><U22/><E22/><V76/><F7/><N who="3" m="3519" /><G119/><T128/><D32/><U131/><E98/><V73/><F73/><W72/><G72/><T80/><D128/><U95/><E95/><V99/><F60/><W23/><G109/><T50/><D83/><U10/><E110/><V18/><F18/><N who="3" m="6667" /><G126/><T86/><AGARI ba="0,0" hai="38,40,44,50,52,57,69,70,80,86,87,88,89,93" machi="86" ten="20,5200,0" yaku="0,1,7,1,54,2" doraHai="62" who="0" fromWho="0" sc="175,52,266,-26,412,-13,147,-13" /><INIT seed="6,0,0,0,4,23" ten="227,240,399,134" oya="2" hai0="133,60,53,3,72,48,119,83,97,130,88,7,100" hai1="42,132,90,20,56,114,12,125,104,17,93,109,47" hai2="68,96,63,67,131,37,19,86,44,129,51,118,31" hai3="58,61,101,127,16,75,5,102,9,110,27,117,76"/><V57/><F118/><W28/><G110/><T50/><D130/><U111/><E104/><V0/><F0/><W71/><G117/><T78/><D133/><U32/><E32/><V89/><F19/><W115/><G127/><T135/><D135/><U81/><E132/><V24/><F96/><W123/><G123/><T128/><D128/><U77/><E125/><V95/><F37/><W36/><G36/><T91/><D60/><U106/><E106/><V116/><F116/><W30/><G115/><T55/><D7/><U52/><E114/><V66/><F66/><W34/><G71/><T39/><D3/><U87/><E47/><V11/><F11/><W64/><G30/><T26/><D26/><U112/><E42/><V82/><F82/><W120/><G120/><T49/><D39/><U79/><E79/><V85/><F85/><W65/><G65/><T45/><D49/><U122/><E122/><V108/><F68/><W54/><G64/><T1/><D1/><U29/><E29/><V4/><F4/><W126/><G126/><T70/><D70/><U22/><E22/><V84/><F84/><W2/><REACH who="3" step="1"/><G16/><REACH who="3" ten="227,240,399,124" step="2"/><T40/><D119/><U121/><E121/><V18/><F18/><W103/><G103/><T113/><D113/><U69/><E69/><V14/><F108/><W73/><G73/><T8/><D72/><U134/><E112/><V62/><F131/><W74/><G74/><T94/><D100/><U38/><E38/><V107/><F129/><W59/><G59/><T43/><D8/><U21/><E134/><V92/><F57/><W98/><G98/><RYUUKYOKU ba="0,1" sc="227,-10,240,-10,399,-10,124,30" hai3="2,5,9,27,28,34,54,58,61,75,76,101,102" /><INIT seed="7,1,1,5,2,8" ten="217,230,389,154" oya="3" hai0="44,65,37,77,133,85,34,14,39,125,129,35,90" hai1="22,53,101,16,84,134,68,31,81,60,17,102,36" hai2="9,87,58,19,95,69,59,29,62,92,20,110,99" hai3="82,42,70,3,30,97,25,106,94,48,96,127,18"/><W89/><G3/><T126/><D77/><N who="1" m="46127" /><E36/><N who="0" m="13897" /><D129/><U13/><E68/><V122/><F122/><W83/><G70/><T118/><D133/><U40/><E40/><V113/><F110/><W112/><G112/><T33/><D65/><U71/><E71/><V32/><F32/><W0/><G0/><T64/><D14/><N who="1" m="9495" /><E31/><V15/><F29/><W43/><G127/><N who="0" m="48651" /><D64/><U1/><E1/><V128/><F69/><W10/><G106/><T114/><D114/><U78/><E78/><V108/><F128/><W88/><G10/><T72/><D72/><U11/><E134/><V63/><F9/><W45/><G18/><T51/><D118/><U28/><E28/><V52/><F108/><W135/><G135/><T132/><D132/><U130/><E130/><V2/><F2/><W49/><G96/><T86/><D90/><U109/><E109/><V131/><F131/><W123/><G123/><T107/><D107/><U93/><E93/><V21/><F113/><W24/><G89/><T98/><D98/><U66/><E66/><V6/><F99/><W61/><G61/><T124/><D124/><U76/><E76/><V27/><F95/><W117/><G117/><T41/><AGARI ba="1,1" hai="33,34,35,41,44,51,85,86" m="48651,13897" machi="41" ten="40,1500,0" yaku="18,1" doraHai="8" who="0" fromWho="0" sc="217,28,230,-5,389,-5,154,-8" owari="245,5.0,225,-17.0,384,47.0,146,-35.0" /></mjloggm>