<mjloggm ver="2.3"><GO type="169" lobby="0"/><UN n0="%61%71%75%61%72%69%75%73" n1="%E8%8B%A5%E6%9D%BE%E7%94%BA%E3%81%AE%E6%9A%B4%E3%82%8C%E9%A6%AC" n2="%E3%82%A6%E3%83%AB%E3%83%88%E3%83%A9%E7%AB%8B%E7%9B%B4" n3="%E5%BD%B1%E8%99%8E" dan="16,17,17,16" rate="2081.14,2160.82,2175.28,2108.54" sx="M,M,M,M"/><TAIKYOKU oya="0"/><INIT seed="0,0,0,1,2,12" ten="250,250,250,250" oya="0" hai0="84,100,111,41,23,21,24,56,49,0,35,68,77" hai1="50,53,44,119,110,124,117,11,60,85,54,28,72" hai2="4,31,17,92,61,131,103,112,121,6,3,129,87" hai3="46,98,5,120,93,27,75,118,18,74,7,40,22"/><T26/><D68/><U15/><E110/><V55/><F103/><W57/><G118/><T108/><D0/><U45/><E72/><V105/><F105/><W71/><G71/><T20/><D100/><U104/><E124/><V10/><F92/><W86/><G120/><T116/><D35/><U115/><E104/><V48/><F87/><W58/><G86/><T66/><D66/><U67/><E28/><V135/><F61/><W96/><G96/><T14/><D14/><U106/><E106/><V99/><F99/><W114/><G114/><T37/><D37/><U29/><E29/><V88/><F88/><W69/><G69/><T79/><D116/><U83/><E115/><V78/><F78/><W73/><G7/><T113/><D113/><U128/><E128/><V33/><F6/><W97/><G97/><T107/><D107/><U123/><E123/><V59/><F121/><W102/><REACH who="3" step="1"/><G5/><REACH who="3" ten="250,250,250,240" step="2"/><T9/><D84/><U32/><E117/><V51/><F112/><W34/><G34/><T122/><D122/><U80/><E32/><V95/><F33/><W101/><G101/><T47/><D111/><U43/><E119/><V2/><F4/><W125/><G125/><T65/><D108/><U134/><E85/><V132/><F131/><W1/><G1/><T133/><D77/><U39/><E83/><V91/><F129/><W126/><G126/><T36/><D79/><U62/><E80/><V64/><F2/><W82/><G82/><T30/><D133/><U13/><E134/><V19/><F3/><W109/><G109/><T70/><D70/><U8/><E8/><RYUUKYOKU ba="0,1" sc="250,-10,250,-10,250,-10,240,30" hai3="18,22,27,40,46,57,58,73,74,75,93,98,102" /><INIT seed="1,1,1,4,2,108" ten="240,240,240,270" oya="1" hai0="32,1,47,77,5,15,105,27,88,91,130,21,84" hai1="76,90,10,41,134,28,112,65,25,80,33,7,35" hai2="125,58,73,18,24,4,102,94,120,93,2,97,99" hai3="135,17,43,51,96,69,87,42,129,132,100,31,20"/><U89/><E134/><N who="3" m="51242" /><G69/><T59/><D105/><U70/><E35/><V3/><F120/><W66/><G31/><T9/><D130/><U52/><E41/><V39/><F39/><W71/><G87/><T114/><D114/><U123/><E123/><V81/><F125/><W116/><G51/><T57/><D47/><U61/><E112/><V60/><F4/><W54/><G54/><T55/><D77/><U106/><E106/><V13/><F81/><W86/><G86/><T23/><D91/><U19/><E19/><V119/><F73/><W83/><G83/><T64/><D64/><U46/><E46/><V22/><F13/><N who="3" m="9263" /><G116/><T50/><D1/><U98/><E52/><V111/><F119/><W122/><G122/><T127/><D127/><U14/><REACH who="1" step="1"/><E98/><REACH who="1" ten="240,230,240,270" step="2"/><V75/><F99/><W131/><G42/><T72/><D32/><U53/><E53/><V29/><F97/><W16/><G16/><T30/><D23/><U36/><E36/><V113/><F18/><W38/><G43/><T56/><REACH who="0" step="1"/><D72/><AGARI ba="1,2" hai="7,10,14,25,28,33,61,65,70,72,76,80,89,90" machi="72" ten="30,2900,0" yaku="1,1,7,1,53,0" doraHai="108" doraHaiUra="128" who="1" fromWho="0" sc="240,-32,230,52,240,0,270,0" /><INIT seed="1,2,0,3,0,12" ten="208,282,240,270" oya="1" hai0="43,53,31,34,68,78,89,109,18,13,11,86,15" hai1="63,96,98,79,111,95,76,17,1,36,49,27,61" hai2="66,118,74,48,7,84,94,30,56,14,135,29,5" hai3="32,130,25,124,69,108,88,120,20,3,46,110,70"/><U127/><E36/><V114/><F74/><W40/><G120/><T106/><D68/><U37/><E37/><V0/><F0/><W2/><G32/><T126/><D106/><U91/><E1/><N who="3" m="10" /><G130/><T45/><D109/><N who="3" m="42089" /><G124/><T113/><D126/><U59/><E111/><V10/><F118/><W92/><G46/><T117/><D117/><U90/><E127/><V125/><F125/><W105/><G105/><T28/><D113/><U129/><E129/><V128/><F128/><W33/><G33/><T131/><D131/><U121/><E121/><V85/><F114/><W44/><G44/><T52/><D78/><N who="1" m="29739" /><E49/><V8/><F48/><W23/><G40/><T132/><D132/><U60/><E91/><V58/><F135/><W83/><G83/><N who="0" m="49375" /><D34/><U51/><E98/><V65/><F94/><W99/><G23/><N who="0" m="11743" /><D43/><U47/><E59/><V100/><REACH who="2" step="1"/><F14/><REACH who="2" ten="208,282,230,270" step="2"/><W73/><G73/><T97/><D13/><U22/><E63/><V75/><F75/><W16/><AGARI ba="2,1" hai="16,20,25,69,70,88,92,99" m="42089,10" machi="16" ten="30,7900,0" yaku="14,1,52,1,54,2" doraHai="12" who="3" fromWho="3" sc="208,-22,282,-41,230,-22,270,95" /><INIT seed="2,0,0,3,5,15" ten="186,241,208,365" oya="2" hai0="103,96,27,87,16,70,66,8,21,112,81,121,115" hai1="95,53,135,10,57,106,3,43,123,56,58,39,122" hai2="88,36,60,100,84,118,102,73,46,40,24,68,0" hai3="64,126,28,89,119,32,35,65,25,109,134,37,6"/><V79/><F118/><W93/><G119/><T54/><D121/><N who="1" m="46091" /><E106/><V108/><F0/><W19/><G6/><T124/><D124/><U4/><E135/><V120/><F120/><W133/><G35/><T41/><D41/><U63/><E95/><V72/><F108/><W44/><G109/><T94/><D8/><U2/><E2/><V49/><F36/><W82/><G82/><T17/><D54/><U67/><E53/><V9/><F9/><W85/><G126/><T69/><D17/><U12/><E3/><V14/><F14/><W129/><G129/><T76/><REACH who="0" step="1"/><D66/><REACH who="0" ten="176,241,208,365" step="2"/><U83/><E43/><V101/><F24/><W90/><G19/><T22/><D22/><U71/><E39/><V5/><F5/><W62/><G65/><T51/><D51/><U11/><E10/><V45/><F45/><W59/><G44/><T26/><D26/><U33/><E33/><V55/><F55/><W105/><G37/><T99/><D99/><U50/><E50/><V52/><F40/><W23/><G32/><T98/><D98/><U20/><E20/><V38/><F38/><W117/><G117/><T61/><D61/><U132/><E132/><V125/><F125/><W116/><G116/><T75/><D75/><U78/><E12/><V7/><F7/><W110/><G110/><T86/><D86/><N who="1" m="48503" /><E4/><V97/><F97/><N who="3" m="57519" /><G133/><T42/><D42/><U91/><E11/><V128/><F73/><W107/><G134/><T80/><D80/><U130/><E130/><V47/><F128/><W13/><G13/><T1/><D1/><U92/><E92/><N who="2" m="54279" /><F72/><W104/><G85/><RYUUKYOKU ba="0,1" sc="176,10,241,10,208,-30,365,10" hai0="16,21,27,69,70,76,81,87,94,96,103,112,115" hai1="56,57,58,63,67,71,91" hai3="23,25,28,59,62,64,90,104,105,107" /><INIT seed="3,1,1,1,2,33" ten="186,251,178,375" oya="3" hai0="42,129,90,37,101,107,76,26,14,47,95,105,39" hai1="86,36,49,56,128,116,118,53,63,94,13,52,38" hai2="28,27,92,34,88,67,112,7,100,84,93,12,6" hai3="103,24,31,48,79,16,121,82,57,99,3,21,110"/><W85/><G121/><T43/><D129/><U18/><E86/><V62/><F112/><W104/><G110/><T133/><D133/><U35/><E35/><V64/><F64/><W89/><G3/><T119/><D76/><U134/><E94/><V120/><F120/><W59/><G48/><T32/><D14/><U102/><E102/><V68/><REACH who="2" step="1"/><F12/><REACH who="2" ten="186,251,168,375" step="2"/><W135/><G135/><T2/><D119/><N who="1" m="45611" /><E134/><V40/><F40/><W4/><G4/><T80/><D42/><U122/><E122/><V50/><F50/><W15/><REACH who="3" step="1"/><G79/><REACH who="3" ten="186,251,168,365" step="2"/><T5/><D39/><U123/><E123/><V65/><F65/><W69/><G69/><T114/><D37/><U108/><E108/><V51/><F51/><W10/><AGARI ba="1,3" hai="10,15,16,21,24,31,57,59,82,85,89,99,103,104" machi="10" ten="20,7800,0" yaku="1,1,0,1,7,1,54,1,53,0" doraHai="33" doraHaiUra="46" who="3" fromWho="3" sc="186,-27,251,-27,168,-27,365,111" /><INIT seed="3,2,0,3,1,109" ten="159,224,141,476" oya="3" hai0="97,100,134,119,16,73,77,67,14,32,71,38,128" hai1="13,81,113,116,7,8,103,74,102,9,88,48,3" hai2="124,75,11,89,99,18,58,64,72,107,60,86,57" hai3="21,6,56,101,2,5,95,47,83,91,131,24,78"/><W117/><G117/><T112/><D32/><U50/><E116/><V39/><F39/><W26/><G131/><T22/><D38/><U114/><E74/><V35/><F35/><W19/><G101/><T126/><D119/><U44/><E102/><V63/><F124/><W98/><G2/><T69/><D126/><U33/><E33/><V52/><F99/><W62/><G47/><T1/><D1/><U85/><E103/><V108/><F107/><W0/><G0/><T82/><D134/><U55/><E50/><V27/><F108/><W130/><G26/><T90/><D128/><U132/><REACH who="1" step="1"/><E132/><REACH who="1" ten="159,214,141,476" step="2"/><V110/><F110/><W87/><REACH who="3" step="1"/><G130/><REACH who="3" ten="159,214,141,466" step="2"/><T79/><D100/><U122/><E122/><V20/><REACH who="2" step="1"/><F11/><REACH who="2" ten="159,214,131,466" step="2"/><W40/><G40/><T84/><D22/><U51/><E51/><V23/><F23/><W133/><G133/><T121/><D121/><U54/><E54/><AGARI ba="2,3" hai="5,6,19,21,24,54,56,62,78,83,87,91,95,98" machi="54" ten="30,12000,1" yaku="1,1,7,1,25,2,8,1,53,0" doraHai="109" doraHaiUra="10" who="3" fromWho="1" sc="159,0,214,-126,131,0,466,156" /><INIT seed="3,3,0,3,4,17" ten="159,88,131,622" oya="3" hai0="125,43,129,81,19,86,58,18,33,35,25,102,66" hai1="61,41,31,103,126,47,32,69,21,13,51,15,8" hai2="95,127,44,85,90,132,118,49,23,3,28,57,55" hai3="22,26,10,62,56,54,105,113,30,98,83,87,109"/><W2/><G113/><T52/><D43/><U60/><E126/><V124/><F118/><W59/><G109/><T91/><D125/><N who="2" m="48202" /><F3/><W80/><G105/><T110/><D110/><U115/><E115/><V130/><F130/><W131/><G131/><T82/><D129/><U111/><E111/><V38/><F132/><W4/><G98/><T101/><D66/><U37/><E103/><V6/><F6/><W11/><G87/><T93/><D19/><U122/><E122/><V106/><F106/><W63/><REACH who="3" step="1"/><G10/><REACH who="3" ten="159,88,131,612" step="2"/><T92/><D86/><U53/><E8/><V76/><F85/><W39/><G39/><T135/><D135/><U128/><E128/><V7/><F38/><W121/><G121/><T97/><D97/><U117/><E117/><V12/><F95/><W116/><G116/><T120/><D93/><U88/><E37/><V79/><F79/><W107/><G107/><T65/><D92/><U112/><E112/><V72/><F76/><W70/><G70/><T100/><D120/><U74/><E69/><V108/><F108/><W9/><G9/><T73/><D82/><U77/><E77/><V27/><F72/><W67/><AGARI ba="3,1" hai="2,4,11,22,26,30,54,56,59,62,63,67,80,83" machi="67" ten="20,12000,1" yaku="1,1,0,1,7,1,52,1,53,1" doraHai="17" doraHaiUra="5" who="3" fromWho="3" sc="159,-43,88,-43,131,-43,612,139" /><INIT seed="3,4,0,2,3,110" ten="116,45,88,751" oya="3" hai0="27,56,42,41,80,70,50,95,107,89,38,10,12" hai1="125,55,72,53,77,18,127,103,90,63,31,117,49" hai2="4,82,62,108,59,74,48,132,106,120,116,11,35" hai3="111,2,86,22,57,124,43,92,0,19,16,29,68"/><W6/><G68/><T133/><D107/><U131/><E31/><V67/><F35/><W8/><G43/><T109/><D109/><U100/><E131/><V33/><F33/><W32/><G57/><T34/><D38/><U102/><E117/><V135/><F106/><W97/><G86/><T52/><D70/><U118/><E118/><V60/><F116/><W15/><G111/><T99/><D133/><N who="2" m="51274" /><F108/><W61/><G61/><T88/><D27/><U20/><E63/><N who="2" m="38399" /><F120/><W96/><G96/><T40/><D34/><U3/><E3/><N who="3" m="1066" /><G92/><T69/><D69/><U91/><E77/><N who="2" m="44343" /><F48/><W121/><G97/><T39/><D39/><U122/><E72/><V1/><AGARI ba="4,0" hai="1,4,11,60,62" m="44343,38399,51274" machi="1" ten="30,1100,0" yaku="20,1" doraHai="110" who="2" fromWho="2" sc="116,-7,45,-7,88,23,751,-9" /><INIT seed="4,0,0,4,0,30" ten="109,38,111,742" oya="0" hai0="71,109,39,77,25,66,52,91,3,101,83,5,108" hai1="17,116,22,135,132,99,117,9,126,46,2,115,35" hai2="88,122,36,95,23,29,1,69,102,13,20,74,0" hai3="42,72,87,106,85,21,50,12,65,56,27,96,103"/><T98/><D39/><U105/><E126/><V79/><F69/><W127/><G72/><T118/><D118/><N who="1" m="45675" /><E46/><V40/><F40/><W54/><G127/><T70/><D3/><U86/><E86/><V48/><F36/><W11/><G65/><T123/><D5/><N who="1" m="1207" /><E99/><V128/><F88/><W18/><REACH who="3" step="1"/><G42/><REACH who="3" ten="109,38,111,732" step="2"/><T90/><D66/><U6/><E115/><V60/><F74/><W32/><G32/><T113/><D113/><U31/><E105/><V107/><F107/><W61/><G61/><T82/><D109/><U26/><E6/><AGARI ba="0,1" hai="6,11,12,18,21,27,50,54,56,85,87,96,103,106" machi="6" ten="30,3900,0" yaku="1,1,7,1,53,1" doraHai="30" doraHaiUra="44" who="3" fromWho="1" sc="109,0,38,-39,111,0,732,49" owari="109,-29.0,-1,-50.0,111,-9.0,781,88.0" /></mjloggm>