<mjloggm ver="2.3"><GO type="169" lobby="0"/><UN n0="%E4%BB%8A%E5%A4%9C%E3%81%8C%E5%B1%B1%E7%94%B0%2E" n1="%E2%80%A0%41%71%75%61%E2%80%A0" n2="%E3%82%A6%E3%83%AB%E3%83%88%E3%83%A9%E7%AB%8B%E7%9B%B4" n3="%E3%83%9E%E3%83%A1%E3%83%9D%E3%82%B3" dan="16,18,17,16" rate="2073.86,2201.83,2149.47,2086.25" sx="M,M,M,M"/><TAIKYOKU oya="0"/><INIT seed="0,0,0,0,4,18" ten="250,250,250,250" oya="0" hai0="94,92,16,35,4,55,46,72,21,83,104,115,76" hai1="32,49,86,74,75,113,99,33,67,8,6,79,91" hai2="105,26,48,3,125,71,42,60,131,5,2,107,36" hai3="103,117,106,89,19,41,31,28,10,121,78,11,25"/><T24/><D115/><U116/><E116/><V59/><F131/><W65/><G117/><T57/><D104/><U120/><E120/><V40/><F125/><W110/><G78/><T87/><D4/><U15/><E113/><V77/><F77/><W93/><G106/><T96/><D35/><U37/><E37/><V51/><F5/><W7/><G103/><T122/><D122/><U27/><E67/><V102/><F102/><W0/><G121/><T114/><D114/><U95/><E49/><V70/><F26/><W62/><G41/><T34/><D34/><U45/><E45/><V127/><F59/><W132/><G132/><T43/><D96/><U17/><E33/><V80/><F80/><W73/><G73/><T97/><D97/><U128/><E128/><V66/><F60/><W29/><G110/><T112/><D72/><U124/><E124/><V63/><F63/><W54/><G54/><T111/><D111/><U85/><E85/><V68/><F68/><W82/><G82/><T58/><D112/><U20/><E32/><V38/><REACH who="2" step="1"/><F127/><REACH who="2" ten="250,250,240,250" step="2"/><W130/><G130/><T47/><D57/><U101/><REACH who="1" step="1"/><E79/><REACH who="1" ten="250,240,240,250" step="2"/><V119/><F119/><W123/><G123/><T53/><D76/><U44/><E44/><V22/><F22/><W13/><G11/><T30/><D46/><U118/><E118/><V61/><F61/><W90/><G10/><T108/><D108/><U98/><E98/><V134/><F134/><W64/><G62/><N who="0" m="36175" /><D47/><U9/><E9/><V109/><F109/><W69/><G69/><T56/><D43/><U39/><E39/><V14/><F14/><RYUUKYOKU ba="0,2" sc="250,-15,240,15,240,15,250,-15" hai1="6,8,15,17,20,27,74,75,86,91,95,99,101" hai2="2,3,36,38,40,42,48,51,66,70,71,105,107" /><INIT seed="1,1,2,0,4,50" ten="235,255,255,235" oya="1" hai0="101,55,113,90,118,28,94,32,107,0,111,92,96" hai1="4,102,100,64,56,79,124,62,129,14,112,123,15" hai2="61,37,126,47,45,43,86,60,104,98,87,1,39" hai3="26,135,68,70,99,11,133,115,65,57,73,36,27"/><U58/><E123/><V122/><F1/><W13/><G36/><T78/><D118/><U103/><E112/><V31/><F122/><W134/><G73/><T40/><D113/><U6/><E124/><V95/><F126/><W46/><G46/><T19/><D0/><U16/><E129/><V97/><F31/><W105/><G115/><T76/><D107/><U132/><E132/><V128/><F128/><W49/><G99/><T2/><D2/><U74/><E15/><V33/><F95/><W110/><G105/><T116/><D116/><U53/><E79/><V130/><F104/><W8/><G110/><T18/><D111/><U48/><REACH who="1" step="1"/><E74/><REACH who="1" ten="235,245,255,235" step="2"/><V119/><F130/><W10/><G13/><T131/><D78/><U38/><E38/><V82/><F37/><W30/><G27/><T66/><D76/><U71/><E71/><V12/><F12/><W125/><G125/><T52/><D131/><U63/><E63/><V88/><F61/><N who="3" m="38063" /><G49/><T72/><D72/><U120/><E120/><V121/><F60/><W69/><G69/><T25/><D25/><U9/><AGARI ba="1,3" hai="4,6,9,14,16,48,53,56,58,62,64,100,102,103" machi="9" ten="30,12000,1" yaku="1,1,0,1,8,1,52,1,54,1,53,0" doraHai="50" doraHaiUra="80" who="1" fromWho="1" sc="235,-41,245,153,255,-41,235,-41" /><INIT seed="1,2,0,2,3,51" ten="194,398,214,194" oya="1" hai0="22,119,105,88,19,107,12,74,65,39,57,47,62" hai1="122,15,58,5,24,123,10,28,0,8,134,32,69" hai2="99,133,75,13,43,42,20,52,70,73,6,126,87" hai3="116,109,84,9,124,106,4,108,97,91,101,96,60"/><U55/><E69/><V95/><F70/><W121/><G121/><T40/><D119/><U125/><E125/><V66/><F66/><W67/><G124/><T127/><D127/><U44/><E44/><V61/><F75/><W112/><G97/><T89/><REACH who="0" step="1"/><D74/><REACH who="0" ten="184,398,214,194" step="2"/><U50/><REACH who="1" step="1"/><E134/><REACH who="1" ten="184,388,214,194" step="2"/><V117/><F133/><W82/><G116/><T100/><D100/><U81/><E81/><V79/><F126/><W59/><REACH who="3" step="1"/><G112/><REACH who="3" ten="184,388,214,184" step="2"/><T94/><D94/><U46/><E46/><V77/><F95/><W31/><G31/><T102/><D102/><U131/><E131/><V26/><F117/><W23/><G23/><T18/><D18/><AGARI ba="2,3" hai="0,5,8,10,15,18,24,28,32,50,55,58,122,123" machi="18" ten="30,5800,0" yaku="1,1,7,1,52,1,53,0" doraHai="51" doraHaiUra="17" who="1" fromWho="0" sc="184,-64,388,94,214,0,184,0" /><INIT seed="1,3,0,5,4,73" ten="120,482,214,184" oya="1" hai0="121,68,27,19,109,79,33,118,8,84,117,54,12" hai1="88,124,116,134,3,98,87,94,112,59,107,13,67" hai2="2,1,58,90,35,63,23,96,128,95,113,89,21" hai3="66,100,125,132,62,71,49,18,75,92,22,103,0"/><U81/><E3/><V122/><F35/><W24/><G0/><T52/><D68/><U37/><E112/><V101/><F122/><W72/><G132/><T80/><D109/><U39/><E116/><V56/><F113/><W111/><G111/><T93/><D121/><U17/><E134/><V7/><F128/><W108/><G125/><T105/><D105/><U82/><E107/><V34/><F34/><W14/><G49/><T133/><D133/><U44/><E124/><V110/><F110/><W78/><G24/><T15/><D93/><U126/><E126/><V26/><F56/><W69/><G69/><T91/><D91/><U36/><E44/><V77/><F23/><W76/><G108/><T46/><D15/><U51/><E98/><V40/><F40/><W10/><G22/><T130/><D130/><U29/><E29/><V6/><F77/><W106/><G92/><T115/><D115/><U41/><E41/><V65/><F2/><W60/><G60/><T30/><REACH who="0" step="1"/><D46/><REACH who="0" ten="110,482,214,184" step="2"/><U104/><E104/><V55/><F1/><W129/><G129/><T97/><D97/><U42/><E94/><V28/><F90/><W131/><G131/><T5/><D5/><U48/><E88/><V20/><F89/><W16/><G106/><T74/><D74/><U50/><E42/><V119/><F6/><N who="3" m="3415" /><G72/><T61/><D61/><U31/><E13/><V4/><F4/><W9/><G75/><T45/><D45/><U102/><E102/><V57/><F7/><W32/><G103/><T135/><D135/><U86/><E86/><V53/><F101/><W38/><G100/><RYUUKYOKU ba="3,1" sc="110,30,482,-10,214,-10,184,-10" hai0="8,12,19,27,30,33,52,54,79,80,84,117,118" /><INIT seed="2,4,1,3,1,43" ten="140,472,204,174" oya="2" hai0="97,33,69,3,55,122,36,53,95,104,96,61,115" hai1="49,65,127,125,63,56,67,87,32,105,19,31,98" hai2="16,8,51,34,114,0,89,118,78,27,77,133,82" hai3="1,71,41,90,88,15,52,131,59,18,120,129,99"/><V107/><F118/><W123/><G71/><T45/><D115/><U121/><E121/><V22/><F114/><W111/><G1/><T29/><D122/><U93/><E105/><V35/><F107/><W20/><G111/><T126/><D3/><U47/><E87/><V109/><F109/><W72/><G72/><T76/><D126/><N who="1" m="48139" /><E19/><V28/><F133/><W14/><G41/><T46/><D36/><U21/><E32/><V119/><F119/><W117/><G117/><T50/><D104/><U66/><E21/><V81/><F51/><W25/><G123/><T103/><D96/><U70/><E31/><V9/><F89/><W4/><G120/><T79/><D33/><U91/><E70/><V10/><F0/><W26/><G26/><T94/><D29/><U116/><E116/><V68/><F68/><W124/><G124/><T44/><D94/><U30/><E30/><V73/><REACH who="2" step="1"/><F28/><REACH who="2" ten="140,472,194,174" step="2"/><W11/><G90/><T85/><D69/><U62/><E63/><V113/><F113/><W57/><G88/><T108/><D108/><U6/><E62/><V2/><F2/><W130/><G130/><T106/><D106/><U86/><E49/><V80/><F80/><W75/><G131/><T100/><D100/><U7/><E91/><V54/><F54/><W84/><G52/><T60/><D60/><U48/><E67/><V23/><F23/><W112/><G20/><T39/><D39/><U132/><E66/><V110/><F110/><W128/><G128/><T24/><D61/><U40/><E65/><V58/><F58/><W135/><G129/><T83/><D50/><RYUUKYOKU ba="4,2" sc="140,-10,472,-10,194,30,174,-10" hai2="8,9,10,16,22,27,34,35,73,77,78,81,82" /><INIT seed="2,5,2,5,5,58" ten="130,462,224,164" oya="2" hai0="1,53,108,95,124,18,88,135,130,86,65,25,69" hai1="96,10,74,92,94,67,111,102,40,66,98,109,117" hai2="4,119,121,128,0,30,123,112,101,93,14,43,3" hai3="84,47,27,2,64,87,5,76,29,85,126,72,51"/><V20/><F101/><W89/><G126/><T62/><D124/><U91/><E117/><V8/><F93/><W81/><G64/><T100/><D1/><N who="2" m="586" /><F43/><W107/><G107/><T114/><D114/><U122/><E122/><N who="2" m="46603" /><F119/><W32/><G2/><T90/><D108/><N who="1" m="41547" /><E74/><V55/><F55/><W77/><G5/><T134/><D130/><U70/><E70/><V19/><F128/><W68/><G68/><T24/><D18/><U104/><E40/><V21/><F112/><W13/><G77/><T7/><D7/><U50/><E50/><V35/><F4/><W80/><G13/><T113/><D113/><U106/><E106/><V118/><F118/><W73/><G73/><T61/><D100/><N who="1" m="62471" /><E10/><V23/><F35/><W38/><G38/><T132/><D90/><U82/><E82/><V33/><F33/><W57/><G57/><AGARI ba="5,2" hai="24,25,53,57,61,62,65,69,86,88,95,132,134,135" machi="57" ten="40,8000,1" yaku="20,1,52,2,54,1" doraHai="58" who="0" fromWho="3" sc="130,115,462,0,224,0,164,-95" /><INIT seed="3,0,0,2,5,53" ten="245,462,224,69" oya="3" hai0="26,129,78,25,134,119,121,105,13,51,91,39,96" hai1="22,32,82,47,37,81,125,36,29,111,118,8,60" hai2="5,2,122,19,27,126,18,108,55,15,128,28,89" hai3="50,38,23,69,114,73,24,0,4,79,97,124,66"/><W31/><G38/><T34/><D39/><U120/><E111/><V49/><F122/><W112/><G124/><T40/><D121/><U107/><E120/><V102/><F108/><W84/><G73/><T33/><D119/><U130/><E32/><V1/><F102/><W94/><G50/><T7/><D134/><U86/><E107/><V10/><F126/><W85/><G69/><T54/><D129/><U115/><E115/><V35/><F128/><W133/><G66/><T127/><D127/><U109/><E109/><V57/><F19/><W52/><G133/><T17/><D40/><U45/><E118/><V48/><F89/><W95/><G0/><T71/><D71/><U21/><E60/><V65/><F65/><W44/><G4/><T41/><D41/><U6/><E130/><V110/><F110/><W12/><G12/><T100/><D7/><U61/><E61/><V92/><F92/><W46/><G95/><T83/><D91/><U70/><E70/><V106/><F106/><W104/><G104/><T75/><D34/><U87/><E6/><V67/><F67/><W132/><G132/><T68/><D33/><U14/><E125/><V3/><F49/><W9/><G9/><N who="0" m="6319" /><D68/><U117/><E117/><V99/><F99/><W20/><G20/><T64/><D64/><U76/><E8/><V80/><F80/><N who="3" m="47135" /><G85/><T135/><D135/><U63/><E36/><V11/><AGARI ba="0,0" hai="1,2,3,5,10,11,15,18,27,28,35,48,55,57" machi="11" ten="20,2700,0" yaku="0,1,7,1,52,1" doraHai="53" who="2" fromWho="2" sc="245,-7,462,-7,224,27,69,-13" /><INIT seed="4,0,0,5,5,67" ten="238,455,251,56" oya="0" hai0="50,61,46,24,69,70,33,16,99,6,35,74,13" hai1="115,92,15,79,81,123,55,52,80,133,37,88,86" hai2="49,23,126,4,110,135,84,10,21,95,102,129,128" hai3="122,89,44,45,127,48,12,64,36,96,93,27,32"/><T83/><D61/><U106/><E123/><V91/><F110/><W104/><G122/><T57/><D57/><U76/><E37/><V14/><F126/><W131/><G127/><T78/><D6/><U20/><E106/><V9/><F135/><W65/><G131/><N who="2" m="50249" /><F102/><W98/><G36/><T59/><D59/><U68/><E68/><V105/><F105/><W108/><G108/><T82/><D99/><U38/><E38/><V17/><F49/><W100/><G12/><AGARI ba="0,0" hai="4,9,10,12,14,17,21,23,84,91,95" m="50249" machi="12" ten="30,1000,0" yaku="19,1" doraHai="67" who="2" fromWho="3" sc="238,0,455,0,251,10,56,-10" /><INIT seed="5,0,0,0,0,14" ten="238,455,261,46" oya="1" hai0="56,72,61,120,69,93,130,74,127,47,9,33,82" hai1="116,97,25,101,122,26,5,40,119,118,135,10,132" hai2="79,57,117,7,24,65,52,129,96,8,100,133,108" hai3="16,99,11,58,104,102,31,114,43,87,113,28,30"/><U51/><E122/><V81/><F108/><W53/><G43/><T70/><D120/><U60/><E60/><V128/><F65/><W68/><G87/><T107/><D33/><U23/><E51/><V91/><F91/><W88/><G88/><T45/><D107/><U71/><E71/><V50/><F133/><N who="1" m="51273" /><E40/><V86/><F117/><W38/><G38/><T80/><D9/><U54/><E54/><V89/><F24/><W17/><G68/><T13/><D61/><U34/><E34/><V41/><F41/><W109/><G109/><T6/><D13/><N who="1" m="5327" /><E23/><V131/><F79/><W22/><G11/><T134/><D6/><U83/><E83/><V59/><F59/><W73/><G73/><T123/><D123/><U46/><E46/><V20/><F20/><W27/><REACH who="3" step="1"/><G17/><REACH who="3" ten="238,455,261,36" step="2"/><T94/><D69/><U15/><E119/><V1/><F8/><W76/><G76/><T106/><D70/><U124/><E118/><V0/><F7/><W95/><G95/><AGARI ba="0,1" hai="0,1,50,52,57,81,86,89,95,96,100,128,129,131" machi="95" ten="40,2600,0" yaku="19,1,54,1" doraHai="14" who="2" fromWho="3" sc="238,0,455,0,261,36,36,-26" /><INIT seed="6,0,0,3,5,84" ten="238,455,297,10" oya="2" hai0="96,85,41,72,98,0,70,1,16,83,6,63,71" hai1="22,54,44,115,18,110,60,112,79,13,68,77,36" hai2="15,88,108,86,122,119,42,129,80,128,50,5,25" hai3="126,100,47,7,56,59,55,117,91,34,32,104,51"/><V38/><F38/><W21/><G117/><T101/><D72/><U67/><E110/><V58/><F122/><W82/><G126/><T99/><D41/><N who="1" m="22567" /><E54/><V14/><F119/><W107/><G7/><T118/><D118/><U116/><E116/><V33/><F108/><W69/><G69/><T130/><D130/><N who="2" m="50282" /><F5/><W39/><G21/><T65/><D71/><U62/><E62/><V93/><F42/><W40/><G59/><T20/><D101/><U10/><E10/><V90/><F50/><W26/><G26/><T74/><D6/><U35/><E35/><V135/><F58/><W57/><G57/><T125/><D74/><U27/><E27/><V23/><F33/><W75/><G100/><T30/><D30/><U8/><E8/><V133/><F15/><W53/><G53/><T113/><D125/><U89/><E68/><V87/><F14/><W24/><G34/><T109/><D113/><U43/><E43/><V29/><AGARI ba="0,0" hai="23,25,29,80,86,87,88,90,93,133,135" m="50282" machi="29" ten="30,11700,0" yaku="19,1,52,2,54,1" doraHai="84" who="2" fromWho="2" sc="238,-39,455,-39,297,117,10,-39" owari="199,-20.0,416,52.0,414,21.0,-29,-53.0" /></mjloggm>