<mjloggm ver="2.3"><GO type="169" lobby="0"/><UN n0="%E3%83%94%E3%82%AB%E5%90%BE%E9%83%8E" n1="%E5%B0%B1%E6%B4%BB%E7%94%9F%40%E5%B7%9D%E6%9D%91%E8%BB%8D%E5%9B%A3" n2="%6D%75%6B%69%74%74%69" n3="%61%72%61%66%61%69" dan="18,19,16,17" rate="2254.80,2354.54,2102.08,2131.58" sx="M,M,M,M"/><TAIKYOKU oya="0"/><INIT seed="0,0,0,0,2,32" ten="250,250,250,250" oya="0" hai0="69,49,46,44,75,87,131,113,79,72,102,8,21" hai1="56,40,24,88,50,103,51,39,128,122,43,112,71" hai2="85,55,66,101,117,36,91,104,115,90,74,58,42" hai3="10,86,68,132,62,11,29,73,78,7,67,27,126"/><T57/><D69/><U129/><E103/><V76/><F115/><W4/><G126/><T134/><D113/><U28/><E122/><V109/><F66/><W25/><G132/><T63/><D134/><U6/><E112/><V114/><F114/><W38/><G38/><T125/><D125/><U93/><E71/><V37/><F109/><W127/><G73/><T60/><D131/><N who="1" m="50251" /><E6/><V124/><F124/><W130/><G130/><T100/><D21/><N who="1" m="15375" /><E56/><V19/><F58/><W48/><G127/><T61/><D8/><U70/><E70/><V118/><F101/><N who="0" m="39018" /><D75/><U15/><E15/><V14/><F14/><W65/><G11/><T108/><D72/><U84/><E39/><V53/><F37/><W13/><G10/><T18/><D108/><U111/><E111/><V77/><F36/><W135/><G135/><T35/><D35/><U119/><E119/><V121/><F118/><W34/><G34/><T23/><D57/><U59/><E59/><V99/><F117/><W16/><G68/><T96/><D49/><AGARI ba="0,0" hai="40,43,49,50,51,84,88,93" m="15375,50251" machi="49" ten="30,2000,0" yaku="19,1,54,1" doraHai="32" who="1" fromWho="0" sc="250,-20,250,20,250,0,250,0" /><INIT seed="1,0,0,0,1,113" ten="230,270,250,250" oya="1" hai0="0,26,63,1,86,118,61,45,38,36,24,85,72" hai1="76,128,6,66,130,23,69,14,133,116,129,84,42" hai2="77,106,58,4,105,71,70,31,28,56,15,135,80" hai3="2,108,51,12,134,35,92,107,94,132,104,131,46"/><U127/><E42/><V119/><F119/><W3/><G35/><T126/><D45/><U81/><E127/><V47/><F135/><N who="3" m="51755" /><G12/><T102/><D102/><U39/><E39/><V60/><F47/><W79/><G79/><T125/><D72/><U83/><E133/><V93/><F93/><N who="3" m="35947" /><G108/><T75/><D75/><U110/><E110/><V112/><F112/><W78/><G78/><T100/><D100/><U25/><E83/><V121/><F121/><W43/><G131/><T16/><D16/><N who="1" m="12519" /><E66/><V27/><F71/><W115/><G115/><T29/><D29/><U99/><E99/><V32/><F70/><W41/><G41/><T64/><D64/><U122/><E69/><V7/><F31/><W62/><G62/><T123/><D123/><U57/><E57/><V13/><F58/><W48/><G48/><T91/><D91/><U98/><E98/><V22/><F32/><W11/><G2/><T5/><D5/><AGARI ba="0,0" hai="3,5,11,43,46,51,104,107" m="35947,51755" machi="5" ten="30,1000,0" yaku="20,1" doraHai="113" who="3" fromWho="0" sc="230,-10,270,0,250,0,250,10" /><INIT seed="2,0,0,2,5,88" ten="220,270,250,260" oya="2" hai0="100,53,120,1,8,73,87,0,65,92,121,90,40" hai1="46,62,103,125,23,31,20,105,56,115,98,78,117" hai2="41,127,70,58,19,66,15,135,99,18,11,131,101" hai3="14,4,130,83,7,47,33,134,5,27,16,82,55"/><V13/><F70/><W3/><G130/><T110/><D73/><U123/><E115/><V32/><F32/><W37/><G134/><T106/><D110/><U24/><E117/><V35/><F35/><W17/><G37/><T96/><D65/><U50/><E125/><V95/><F127/><W89/><G3/><T42/><D1/><U109/><E109/><V122/><F122/><W113/><G113/><T85/><D53/><U64/><E78/><V114/><F114/><W71/><G71/><T67/><D67/><U36/><E123/><V94/><F131/><W43/><G43/><T129/><D42/><U76/><E76/><V60/><F135/><W68/><G68/><T112/><D112/><U25/><E36/><V104/><REACH who="2" step="1"/><F41/><REACH who="2" ten="220,270,240,260" step="2"/><W48/><G33/><T44/><D129/><U57/><E57/><V52/><F52/><W86/><G27/><T91/><D40/><U80/><E46/><V102/><F102/><W9/><REACH who="3" step="1"/><G17/><REACH who="3" ten="220,270,240,250" step="2"/><T74/><D121/><U111/><E111/><V51/><F51/><W81/><AGARI ba="0,2" hai="4,5,7,9,14,16,47,48,55,81,82,83,86,89" machi="81" ten="30,12000,2" yaku="1,1,2,1,0,1,25,2,8,1,54,1,53,0" doraHai="88" doraHaiUra="133" who="3" fromWho="3" sc="220,-30,270,-30,240,-60,250,140" /><INIT seed="3,0,0,4,5,75" ten="190,240,180,390" oya="3" hai0="42,122,130,32,78,91,34,105,135,2,100,118,56" hai1="29,7,72,93,123,44,30,17,52,112,126,104,49" hai2="16,106,39,109,40,1,87,129,114,10,63,61,115" hai3="83,107,8,116,15,60,45,124,9,54,120,132,68"/><W50/><G107/><T58/><D2/><U117/><E104/><V81/><F106/><W12/><G120/><T74/><D122/><U28/><E112/><V76/><F109/><W62/><G116/><T80/><D118/><U41/><E123/><V134/><F129/><W89/><G68/><T121/><D121/><U21/><E117/><V102/><F102/><W101/><G101/><T46/><D130/><U22/><E72/><V51/><F39/><W97/><G124/><T26/><D135/><U19/><E7/><V71/><F134/><W95/><G132/><T33/><D26/><U79/><E126/><V131/><F131/><W133/><G133/><T59/><D105/><U6/><E6/><V3/><F3/><W5/><REACH who="3" step="1"/><G83/><REACH who="3" ten="190,240,180,380" step="2"/><T43/><D100/><U11/><E93/><V73/><F71/><W98/><G98/><T31/><D80/><U113/><E113/><V0/><F115/><W128/><G128/><T119/><D119/><U84/><E41/><V110/><F40/><W24/><G24/><T64/><D43/><U47/><E47/><V36/><F81/><W125/><G125/><T96/><D46/><U108/><E108/><V4/><F110/><W85/><G85/><T27/><D42/><U94/><E94/><V38/><F87/><W48/><G48/><T67/><D96/><U70/><E70/><V77/><F51/><W20/><G20/><N who="1" m="7786" /><E11/><V127/><F10/><W82/><G82/><AGARI ba="0,1" hai="17,19,28,29,30,44,49,52,79,82,84" m="7786" machi="82" ten="30,3900,0" yaku="8,1,52,1,54,1" doraHai="75" who="1" fromWho="3" sc="190,0,240,49,180,0,380,-39" /><INIT seed="4,0,0,3,1,76" ten="190,289,180,341" oya="0" hai0="89,100,94,109,91,106,101,73,116,65,46,86,12" hai1="81,13,5,26,107,24,60,6,52,57,72,70,7" hai2="78,128,68,15,132,105,47,64,98,27,17,18,48" hai3="53,37,51,33,34,96,23,80,131,90,118,120,49"/><T66/><D116/><U92/><E107/><V112/><F112/><W114/><G37/><T41/><D73/><U30/><E70/><V28/><F128/><W29/><G118/><T11/><D109/><U35/><E26/><V42/><F132/><W124/><G114/><T129/><D129/><U102/><E102/><V133/><F133/><W82/><G131/><T55/><D55/><U63/><E92/><V8/><F78/><W59/><G124/><T50/><D106/><U38/><E38/><V77/><F77/><W0/><G0/><T22/><D22/><U97/><E97/><V130/><F130/><W2/><G2/><T108/><D108/><U20/><E72/><V3/><F3/><W40/><G34/><T44/><D44/><U121/><E121/><V123/><F123/><W122/><G33/><T126/><D126/><U1/><E81/><N who="3" m="31338" /><G40/><T88/><D86/><U43/><E43/><V103/><F68/><W45/><G120/><T127/><D127/><U9/><E63/><V36/><F36/><W113/><G113/><T95/><D100/><U39/><E39/><V16/><REACH who="2" step="1"/><F64/><REACH who="2" ten="190,289,170,341" step="2"/><N who="0" m="24682" /><D101/><U111/><E111/><V71/><F71/><W58/><G122/><T69/><D69/><U61/><E61/><V135/><F135/><W4/><G51/><T134/><D134/><U83/><E1/><V85/><F85/><W74/><G74/><T104/><D104/><U75/><E35/><AGARI ba="0,1" hai="8,15,16,17,18,27,28,35,42,47,48,98,103,105" machi="35" ten="30,3900,0" yaku="1,1,7,1,54,1,53,0" doraHai="76" doraHaiUra="32" who="2" fromWho="1" sc="190,0,289,-39,170,49,341,0" /><INIT seed="5,0,0,5,0,40" ten="190,250,219,341" oya="1" hai0="105,98,130,55,35,134,84,11,81,71,126,93,62" hai1="132,3,44,1,12,8,7,94,34,31,0,76,74" hai2="123,59,47,29,90,103,115,42,2,26,99,60,51" hai3="135,45,82,56,97,112,102,20,101,18,27,88,69"/><U72/><E132/><V64/><F123/><W85/><G69/><T54/><D105/><U86/><E34/><V122/><F122/><W15/><G135/><T19/><D35/><U92/><E31/><V109/><F109/><W96/><G112/><T107/><D107/><U79/><E92/><V30/><F2/><W100/><G56/><T120/><D120/><U127/><E127/><V128/><F128/><W36/><G36/><T25/><D134/><U89/><E79/><V9/><F115/><W110/><G110/><T50/><D130/><U63/><E63/><V6/><F90/><W28/><REACH who="3" step="1"/><G45/><REACH who="3" ten="190,250,219,331" step="2"/><N who="0" m="27983" /><D71/><U39/><E39/><V119/><F59/><W116/><G116/><T21/><D126/><U129/><E129/><V87/><F119/><W17/><G17/><T24/><D11/><AGARI ba="0,1" hai="11,15,18,20,27,28,82,85,88,96,97,100,101,102" machi="11" ten="40,8000,1" yaku="1,1,8,1,54,1,53,1" doraHai="40" doraHaiUra="14" who="3" fromWho="0" sc="190,-80,250,0,219,0,331,90" /><INIT seed="6,0,0,0,1,43" ten="110,250,219,421" oya="2" hai0="13,127,24,92,125,57,48,124,55,50,45,62,44" hai1="14,77,71,19,8,130,37,34,95,40,102,91,20" hai2="129,96,38,21,117,51,120,46,39,83,75,119,17" hai3="87,53,11,54,74,27,132,90,112,85,93,107,56"/><V105/><F120/><W66/><G74/><T70/><D24/><U97/><E34/><V98/><F129/><W135/><G107/><T104/><D104/><U30/><E71/><V47/><F75/><W12/><G112/><T78/><D78/><U122/><E130/><V72/><F72/><W108/><G108/><T113/><D113/><U76/><E122/><V23/><F83/><W82/><G27/><T2/><D2/><U94/><E40/><V63/><F63/><N who="3" m="38247" /><G12/><T16/><D92/><U106/><E106/><V7/><F105/><W64/><G11/><N who="0" m="6207" /><D50/><U6/><E37/><V1/><F51/><W99/><G132/><T109/><D109/><U10/><E30/><V116/><F17/><W61/><G93/><T41/><D41/><U32/><E32/><V5/><F119/><W121/><G61/><T58/><D70/><U88/><E102/><V134/><REACH who="2" step="1"/><F1/><REACH who="2" ten="110,250,209,421" step="2"/><W18/><G18/><T42/><D42/><U68/><E68/><V115/><F115/><W22/><G135/><AGARI ba="0,1" hai="5,7,21,23,38,39,46,47,96,98,116,117,134,135" machi="135" ten="25,12000,1" yaku="1,1,22,2,52,2,53,0" doraHai="43" doraHaiUra="111" who="2" fromWho="3" sc="110,0,250,0,209,130,421,-120" /><INIT seed="6,1,0,5,4,29" ten="110,250,339,301" oya="2" hai0="114,109,13,105,53,121,81,85,63,113,36,35,61" hai1="48,28,11,30,32,0,98,18,65,27,16,52,71" hai2="90,78,1,104,14,96,22,55,76,82,92,24,34" hai3="59,70,39,103,100,97,9,133,23,42,40,31,110"/><V99/><F1/><W4/><G70/><T73/><D73/><U131/><E30/><V94/><F104/><W117/><G117/><T75/><D75/><U20/><E131/><V83/><F55/><W6/><G39/><T127/><D36/><U87/><E98/><V25/><F14/><W7/><G9/><T112/><D105/><U44/><E20/><V38/><F38/><W122/><G110/><T46/><D109/><U3/><E3/><V50/><F50/><W72/><G72/><T64/><D121/><U93/><E71/><V10/><F10/><W111/><G111/><T80/><D127/><U2/><E65/><V108/><F108/><W123/><G59/><T84/><D13/><U118/><E118/><V125/><F22/><W129/><G133/><T128/><D128/><U49/><E49/><V115/><F90/><W56/><G129/><T69/><D35/><U102/><E102/><V5/><F5/><W43/><G56/><T19/><D19/><U74/><E74/><V57/><F57/><W8/><G8/><T130/><D130/><U79/><E93/><V21/><F21/><W66/><G66/><T54/><D46/><U33/><E33/><V88/><F34/><W15/><G103/><T134/><D134/><U17/><REACH who="1" step="1"/><E11/><REACH who="1" ten="110,240,339,301" step="2"/><V89/><F125/><W68/><G100/><T95/><D95/><U12/><E12/><V135/><F135/><W106/><G15/><T67/><D114/><AGARI ba="1,1" hai="24,25,76,78,82,83,88,89,92,94,96,99,114,115" machi="114" ten="25,4800,0" yaku="22,2,54,1" doraHai="29" who="2" fromWho="0" sc="110,-51,240,0,339,61,301,0" /><INIT seed="6,2,0,0,1,91" ten="59,240,400,301" oya="2" hai0="14,17,15,84,121,80,19,68,36,134,35,117,94" hai1="21,72,86,99,107,12,106,53,6,104,45,56,82" hai2="27,49,63,22,105,81,3,110,114,126,76,92,85" hai3="7,64,127,8,129,122,32,26,74,69,130,30,89"/><V60/><F105/><W24/><G122/><T46/><D68/><U47/><E72/><V29/><F3/><W1/><G127/><T88/><D35/><U93/><E6/><V67/><F126/><W73/><G89/><T16/><D121/><U59/><E12/><V54/><F114/><W25/><G25/><T40/><D134/><U71/><E71/><V37/><F37/><W51/><G51/><T135/><D135/><U75/><E75/><N who="3" m="28682" /><G24/><T38/><D38/><U132/><E21/><V125/><F125/><W90/><G90/><T50/><D117/><U41/><E132/><V9/><F110/><W79/><G79/><N who="0" m="46111" /><D36/><U119/><E119/><V78/><F78/><W65/><G65/><T58/><D58/><U4/><E4/><V77/><F77/><W118/><G118/><T102/><D102/><U28/><E28/><V120/><F120/><W124/><G124/><T34/><D34/><U133/><E133/><V112/><F112/><W97/><G97/><AGARI ba="2,0" hai="14,15,16,17,19,40,46,50,88,94,97" m="46111" machi="97" ten="30,7700,0" yaku="8,1,52,1,54,2" doraHai="91" who="0" fromWho="3" sc="59,83,240,0,400,0,301,-83" /><INIT seed="7,0,0,2,5,43" ten="142,240,400,218" oya="3" hai0="84,132,133,103,105,114,70,61,130,93,24,135,104" hai1="52,62,99,18,36,19,91,12,92,53,116,34,97" hai2="49,94,23,3,72,66,10,22,117,74,79,8,107" hai3="1,56,98,59,126,2,80,78,131,25,9,90,85"/><W118/><G118/><T0/><D0/><U125/><E34/><V127/><F107/><W17/><G126/><T47/><D130/><U54/><E36/><V48/><F117/><W86/><G131/><T134/><N who="0" m="34304" /><DORA hai="14" /><T51/><D114/><U122/><E122/><V108/><F108/><W82/><G98/><N who="1" m="37386" /><E125/><V111/><F111/><W16/><G1/><T15/><D103/><U83/><E83/><V120/><F127/><W87/><G87/><T5/><D24/><U81/><E81/><V35/><F35/><W67/><G67/><T30/><D30/><U4/><E62/><V88/><F66/><W57/><REACH who="3" step="1"/><G25/><REACH who="3" ten="142,240,400,208" step="2"/><T101/><D101/><U38/><E116/><V69/><F3/><W128/><G128/><T44/><D84/><N who="1" m="52327" /><E38/><V106/><F74/><W89/><G89/><T96/><D96/><U46/><E46/><N who="0" m="17449" /><D93/><U129/><E129/><V63/><F94/><W102/><G102/><T40/><D40/><U124/><E124/><V26/><F106/><W76/><G76/><T68/><D51/><U64/><E64/><V41/><F49/><W31/><G31/><T50/><D50/><U60/><E60/><V109/><F63/><W42/><G42/><T119/><D119/><U7/><E12/><V29/><F41/><W113/><G113/><T55/><D55/><U121/><E121/><V58/><F120/><W112/><G112/><T95/><D95/><U33/><E54/><V32/><F48/><W123/><G123/><T100/><D100/><U21/><E52/><V71/><F109/><W28/><G28/><T39/><D39/><U77/><E53/><RYUUKYOKU ba="0,1" sc="142,-10,240,-10,400,-10,208,30" hai3="2,9,16,17,56,57,59,78,80,82,85,86,90" /><INIT seed="7,1,1,1,3,38" ten="132,230,390,238" oya="3" hai0="75,120,132,14,133,2,0,123,89,135,88,56,115" hai1="28,3,68,69,101,67,43,19,65,24,71,91,87" hai2="58,41,70,106,63,47,134,23,103,52,81,22,82" hai3="77,111,80,59,57,44,31,49,42,25,128,105,104"/><W131/><G111/><T54/><D75/><U122/><E3/><V34/><F34/><N who="3" m="20847" /><G59/><T97/><D14/><U86/><E122/><V53/><F70/><W94/><G94/><T130/><D130/><N who="3" m="49705" /><G57/><T107/><D115/><U83/><E101/><V32/><F106/><W118/><G118/><T129/><D129/><U119/><E119/><V60/><F103/><W61/><G61/><T39/><D39/><U127/><E127/><V64/><F134/><W33/><G33/><T112/><D112/><U4/><E4/><V12/><F32/><W98/><G98/><T76/><D123/><U17/><E67/><V108/><F108/><W62/><G62/><T7/><D7/><U30/><E65/><V102/><F64/><W10/><G10/><T27/><D120/><U51/><E69/><V46/><F58/><W125/><G125/><T66/><D66/><U36/><E71/><V114/><F114/><W121/><G121/><T109/><D109/><U18/><E68/><V79/><F63/><W35/><G35/><T85/><D107/><U29/><E24/><V126/><F60/><W9/><G9/><T8/><D8/><U6/><E6/><V16/><F126/><W72/><AGARI ba="1,1" hai="42,44,49,72,77,80,104,105" m="49705,20847" machi="72" ten="30,3000,0" yaku="19,1,52,1" doraHai="38" who="3" fromWho="3" sc="132,-11,230,-11,390,-11,238,43" /><INIT seed="7,2,0,3,1,68" ten="121,219,379,281" oya="3" hai0="49,32,52,31,80,26,114,20,88,60,117,121,8" hai1="79,89,27,34,101,67,5,7,74,130,118,76,120" hai2="6,11,62,0,99,36,50,59,37,4,14,24,107" hai3="12,2,1,44,106,100,13,85,55,47,17,94,83"/><W33/><G33/><T72/><D117/><U91/><E120/><V131/><F131/><W63/><G106/><T98/><D121/><U123/><E123/><V58/><F50/><W70/><G12/><T64/><D72/><U93/><E74/><V126/><F126/><W124/><G124/><T48/><D48/><U73/><E73/><V96/><F24/><W65/><G44/><T81/><D114/><U111/><E93/><V51/><F51/><N who="3" m="29183" /><G94/><T109/><D109/><U54/><E67/><V46/><F46/><W15/><G15/><T42/><D42/><U116/><E27/><V29/><F29/><W97/><G97/><T86/><D98/><U57/><E57/><V25/><F25/><W110/><G100/><T133/><D133/><U43/><E101/><V112/><F112/><W115/><G110/><T45/><D8/><U30/><E30/><V104/><F11/><N who="3" m="6335" /><G115/><T105/><D105/><U95/><E95/><V108/><F14/><W132/><G132/><T102/><D102/><U69/><E69/><V122/><F108/><W23/><G23/><T71/><REACH who="0" step="1"/><D81/><REACH who="0" ten="111,219,379,281" step="2"/><U19/><E111/><V129/><F122/><W10/><G10/><T134/><D134/><U61/><E43/><V21/><F107/><W39/><G83/><T18/><D18/><U90/><E19/><V53/><F104/><W128/><G85/><T35/><AGARI ba="2,1" hai="20,26,31,32,35,45,49,52,60,64,71,80,86,88" machi="35" ten="30,7900,0" yaku="1,1,0,1,54,2,53,0" doraHai="68" doraHaiUra="125" who="0" fromWho="0" sc="111,95,219,-22,379,-22,281,-41" owari="206,-19.0,197,-30.0,357,45.0,240,4.0" /></mjloggm>