<mjloggm ver="2.3"><GO type="169" lobby="0"/><UN n0="%E9%BA%BB%E4%B8%AD%4A%40%4E%4B%59" n1="%79%6F%79%75%75%37%37" n2="%E5%B0%B1%E6%B4%BB%E7%94%9F%40%E5%B7%9D%E6%9D%91%E8%BB%8D%E5%9B%A3" n3="%E3%81%AD%E3%81%8D%E3%81%9B%40" dan="16,17,18,16" rate="2112.89,2114.11,2269.97,2127.39" sx="M,M,M,F"/><TAIKYOKU oya="0"/><INIT seed="0,0,0,3,3,76" ten="250,250,250,250" oya="0" hai0="104,39,32,1,101,14,83,107,44,112,60,93,82" hai1="65,17,45,47,26,81,113,115,50,64,89,8,126" hai2="110,70,80,77,116,132,120,124,20,125,19,66,4" hai3="42,27,40,90,85,131,2,58,31,94,68,56,91"/><T118/><D1/><U36/><E36/><V18/><F120/><W97/><G68/><T3/><D3/><U52/><E47/><V121/><F121/><W78/><G131/><T92/><D118/><U130/><E130/><V117/><F4/><W129/><G129/><T62/><D32/><U34/><E126/><N who="2" m="48747" /><F132/><W99/><G2/><T13/><D112/><N who="1" m="43083" /><E34/><V29/><F110/><W15/><G15/><T28/><D44/><U72/><E72/><N who="2" m="43047" /><F29/><W57/><G78/><T61/><D28/><U95/><E26/><V69/><F19/><W105/><G105/><T119/><D119/><N who="2" m="45642" /><F66/><W46/><G46/><T98/><D107/><U30/><E30/><V74/><F74/><W63/><G63/><T134/><D134/><U106/><E106/><V43/><F43/><N who="3" m="16427" /><G27/><AGARI ba="0,0" hai="18,20,27,69,70" m="45642,43047,48747" machi="27" ten="30,3900,0" yaku="18,1,12,1,52,1" doraHai="76" who="2" fromWho="3" sc="250,0,250,0,250,39,250,-39" /><INIT seed="1,0,0,4,3,90" ten="250,250,289,211" oya="1" hai0="109,116,112,106,96,12,104,18,14,31,3,35,7" hai1="23,126,48,9,65,54,89,52,40,88,102,105,4" hai2="55,87,76,75,93,34,130,113,0,100,127,62,86" hai3="73,128,134,24,97,63,135,131,67,33,111,118,80"/><U42/><E126/><V83/><F34/><W49/><G73/><T66/><D116/><U122/><E122/><V44/><F0/><W43/><G80/><T28/><D106/><U29/><E65/><V38/><F38/><W103/><G118/><T59/><D112/><U82/><E105/><V11/><F130/><N who="3" m="49707" /><G49/><T17/><D3/><U39/><E102/><V21/><F127/><W125/><G125/><T53/><D7/><U51/><E39/><V120/><F120/><W70/><G43/><T74/><D74/><U101/><E101/><V94/><F11/><W47/><G47/><T20/><D66/><U19/><E29/><V92/><F100/><W91/><G91/><N who="1" m="34890" /><E82/><V84/><F113/><W132/><G111/><T32/><D109/><U115/><E115/><V123/><F123/><W5/><G5/><T13/><D96/><U2/><E2/><V15/><F44/><W119/><G119/><T117/><D117/><U45/><E9/><V81/><F75/><W41/><G41/><T64/><D104/><U95/><E4/><V133/><F133/><N who="3" m="34051" /><W98/><DORA hai="36" /><G103/><T16/><D64/><U37/><E37/><V68/><F68/><W60/><G60/><T77/><D77/><U79/><E79/><V85/><F81/><W124/><G124/><T57/><D59/><N who="1" m="33159" /><E42/><V99/><F99/><W78/><G78/><T110/><D110/><U26/><E40/><V10/><F55/><W56/><G56/><T69/><D69/><U25/><E45/><V61/><F21/><W107/><G107/><T22/><D22/><U114/><E23/><V46/><F46/><RYUUKYOKU ba="0,0" sc="250,-15,250,-15,289,15,211,15" hai2="10,15,61,62,76,83,84,85,86,87,92,93,94" hai3="24,33,63,67,70,97,98" /><INIT seed="2,1,0,1,5,12" ten="235,235,304,226" oya="2" hai0="50,102,133,83,75,55,101,68,32,25,120,128,112" hai1="41,29,110,111,18,64,33,79,34,24,54,103,26" hai2="30,126,65,31,96,130,6,53,114,132,134,74,37" hai3="131,2,91,105,60,3,62,122,61,46,16,115,5"/><V22/><F37/><W58/><G122/><T117/><D68/><U92/><E64/><V15/><F74/><W108/><G105/><T71/><D71/><U67/><E67/><V9/><F65/><W123/><G123/><T119/><D120/><U57/><E41/><V94/><F114/><W87/><G115/><T49/><D112/><U59/><E79/><V8/><F130/><W106/><G106/><T42/><D128/><U84/><E103/><V124/><F53/><W14/><G131/><T36/><D36/><U85/><E92/><V107/><F107/><W43/><G58/><T125/><D125/><N who="2" m="48234" /><F94/><W35/><G35/><T27/><D133/><N who="2" m="51306" /><F96/><W121/><G5/><T63/><D32/><U51/><E54/><V47/><F47/><W100/><G100/><T129/><D129/><U118/><E34/><V88/><F88/><W11/><G121/><T98/><D98/><U93/><E33/><V95/><F95/><W0/><G108/><T45/><D45/><U28/><E93/><V70/><F70/><W66/><G66/><T13/><D55/><U81/><E81/><V56/><F56/><W73/><G73/><T38/><D38/><U48/><E84/><V44/><F44/><W78/><G78/><T39/><D39/><U116/><E85/><V40/><F40/><W127/><G127/><T77/><D75/><U113/><E113/><V76/><F76/><W80/><REACH who="3" step="1"/><G61/><REACH who="3" ten="235,235,304,216" step="2"/><T89/><D63/><U4/><E57/><V21/><F9/><W17/><G17/><T1/><D77/><U109/><E59/><V82/><F82/><W99/><G99/><RYUUKYOKU ba="1,1" sc="235,-15,235,-15,304,15,216,15" hai2="6,8,15,21,22,30,31" hai3="0,2,3,11,14,16,43,46,60,62,80,87,91" /><INIT seed="2,2,1,0,1,53" ten="220,220,319,231" oya="2" hai0="129,26,46,71,12,123,8,94,88,68,87,66,112" hai1="79,20,16,77,80,52,45,89,58,13,106,48,5" hai2="70,40,55,23,41,49,117,115,33,57,103,59,97" hai3="133,7,100,34,72,43,130,64,60,15,110,19,37"/><V108/><F33/><W74/><G34/><T73/><D73/><U0/><E106/><V109/><F70/><W98/><G7/><T30/><D112/><U82/><E0/><V28/><F115/><W134/><G110/><N who="2" m="42601" /><F117/><W84/><G84/><T86/><D123/><U116/><E116/><V102/><F102/><W120/><G130/><T47/><D129/><U27/><E45/><V62/><F28/><W124/><G124/><T44/><D86/><N who="1" m="50375" /><E82/><V104/><F23/><N who="3" m="11775" /><G120/><T42/><D66/><AGARI ba="2,1" hai="40,41,49,55,57,59,62,66,97,103,104" m="42601" machi="66" ten="30,11600,0" yaku="14,1,10,1,52,2" doraHai="53" who="2" fromWho="0" sc="220,-122,220,0,319,132,231,0" /><INIT seed="2,3,0,4,4,26" ten="98,220,451,231" oya="2" hai0="27,47,113,14,88,120,95,42,30,76,19,62,6" hai1="59,100,107,93,16,13,68,70,99,24,108,33,28" hai2="61,80,10,45,133,79,110,35,82,106,111,64,32" hai3="105,58,118,55,60,29,4,31,38,36,126,34,43"/><V90/><F106/><W124/><G118/><T102/><D113/><U135/><E108/><N who="2" m="41515" /><F133/><W103/><G34/><T74/><D120/><U115/><E135/><V63/><F63/><W130/><G130/><T104/><D6/><U112/><E112/><V96/><F45/><N who="3" m="23783" /><G4/><T37/><D102/><U86/><E115/><V67/><F10/><W125/><G38/><T121/><D121/><U116/><E116/><V73/><F64/><W7/><G7/><T77/><D74/><U56/><E70/><N who="2" m="42351" /><F96/><AGARI ba="3,0" hai="29,31,55,58,60,96,103,105,124,125,126" m="23783" machi="96" ten="30,3900,0" yaku="18,1,52,2" doraHai="26" who="3" fromWho="2" sc="98,0,220,0,451,-48,231,48" /><INIT seed="3,0,0,5,3,77" ten="98,220,403,279" oya="3" hai0="31,51,125,61,33,94,90,132,57,2,106,107,74" hai1="121,86,28,64,119,126,102,10,41,12,91,80,71" hai2="113,18,36,39,9,73,63,116,129,134,3,59,53" hai3="40,123,4,103,128,89,14,135,101,112,35,100,54"/><W84/><G112/><T93/><D74/><U21/><E121/><V19/><F116/><W16/><G35/><T15/><D2/><U72/><E126/><V45/><F113/><W108/><G123/><T44/><D132/><U133/><E133/><V104/><F104/><W52/><G135/><T87/><D125/><U62/><E119/><V70/><F129/><W29/><G128/><T22/><D33/><U48/><E102/><V0/><F73/><W34/><G40/><T78/><D78/><U5/><E72/><V83/><F70/><W124/><G124/><T67/><D106/><U76/><E76/><V42/><F36/><W110/><G4/><T117/><D117/><U46/><E21/><V56/><F134/><W37/><G37/><T82/><D107/><U130/><E130/><V60/><F83/><N who="3" m="49311" /><G34/><T17/><REACH who="0" step="1"/><D31/><REACH who="0" ten="88,220,403,279" step="2"/><U11/><E28/><V13/><F19/><W105/><G29/><T65/><D65/><AGARI ba="0,1" hai="0,3,9,13,18,39,42,45,53,56,59,60,63,65" machi="65" ten="30,1000,0" yaku="7,1" doraHai="77" who="2" fromWho="0" sc="88,-10,220,0,403,20,279,0" /><INIT seed="4,0,0,4,3,101" ten="78,220,423,279" oya="0" hai0="15,4,116,0,42,73,88,41,61,52,89,98,22" hai1="38,25,135,32,20,19,97,13,91,21,119,121,130" hai2="113,93,30,49,6,103,27,50,105,36,40,67,120" hai3="79,12,34,99,74,45,95,51,47,7,16,70,55"/><T54/><D73/><U37/><E119/><V31/><F120/><W57/><G34/><T86/><D116/><U11/><E121/><V128/><F128/><W39/><G70/><T2/><D0/><U132/><E130/><V76/><F105/><W5/><G39/><T131/><D131/><U65/><E65/><V29/><F76/><W23/><G79/><T44/><D2/><U9/><E32/><V48/><F113/><W94/><G74/><T115/><D115/><U33/><E33/><V66/><F6/><N who="3" m="2059" /><G94/><N who="0" m="56647" /><D61/><U53/><E37/><V118/><F118/><W108/><G108/><T87/><D86/><U92/><E38/><V8/><F8/><W111/><G111/><T126/><D126/><U3/><E53/><N who="0" m="20585" /><D44/><U17/><E3/><V133/><F133/><AGARI ba="0,0" hai="9,11,13,17,19,20,21,25,91,92,97,132,133,135" machi="133" ten="40,1300,0" yaku="20,1" doraHai="101" who="1" fromWho="2" sc="78,0,220,13,423,-13,279,0" /><INIT seed="5,0,0,0,2,76" ten="78,233,410,279" oya="1" hai0="3,15,42,105,128,118,27,2,113,84,24,59,50" hai1="122,56,58,75,67,129,106,77,49,52,32,54,101" hai2="132,111,16,110,124,68,10,94,92,41,46,100,97" hai3="116,22,48,85,66,47,117,126,83,45,91,87,107"/><U123/><E32/><V61/><F124/><W20/><G107/><T53/><D105/><U25/><E129/><V130/><F130/><W125/><G66/><T34/><D118/><N who="3" m="45673" /><G87/><T133/><D128/><U79/><E67/><V62/><F132/><W78/><G78/><T21/><D133/><U120/><E25/><V102/><F68/><W1/><G1/><T103/><D103/><U55/><E55/><V135/><F135/><W63/><G63/><T9/><D113/><U37/><E37/><V64/><F64/><W134/><G134/><T70/><D70/><U39/><E39/><V114/><F114/><W8/><G8/><T51/><D34/><U6/><E6/><V112/><F112/><W19/><G47/><T69/><D69/><U96/><REACH who="1" step="1"/><E75/><REACH who="1" ten="78,223,410,279" step="2"/><V81/><F111/><W74/><G74/><T80/><D27/><U0/><E0/><V29/><F110/><W98/><G98/><T43/><D3/><U108/><E108/><V14/><F29/><W89/><G125/><T17/><D2/><U23/><E23/><V57/><F14/><N who="3" m="9335" /><G126/><T93/><D51/><AGARI ba="0,1" hai="49,51,52,54,56,58,77,79,96,101,106,120,122,123" machi="51" ten="40,7700,0" yaku="1,1,9,1,54,1,53,0" doraHai="76" doraHaiUra="109" who="1" fromWho="0" sc="78,-77,223,87,410,0,279,0" /><INIT seed="5,1,0,4,5,3" ten="1,310,410,279" oya="1" hai0="83,52,55,31,131,49,42,38,50,82,10,75,8" hai1="36,87,92,79,109,74,27,67,124,61,43,13,80" hai2="105,2,101,16,35,62,24,51,112,115,110,107,25" hai3="22,4,68,108,65,81,18,64,123,44,90,54,104"/><U5/><E124/><V119/><F110/><W1/><G108/><T34/><D75/><U69/><E109/><V93/><F119/><W130/><G104/><T94/><D131/><U11/><E27/><V59/><F2/><W89/><G130/><T120/><D34/><U111/><E111/><V32/><F51/><N who="0" m="19466" /><D38/><U99/><E36/><V113/><F93/><W39/><G123/><T133/><D120/><U29/><E29/><N who="2" m="19495" /><F101/><W76/><G54/><N who="0" m="20523" /><D133/><U23/><E43/><V88/><F88/><W132/><G132/><T17/><D31/><U30/><E30/><N who="2" m="19919" /><F16/><W84/><G89/><T134/><D134/><U125/><E125/><V128/><F128/><W117/><G117/><T7/><D42/><U28/><E28/><V0/><F0/><W53/><G53/><AGARI ba="1,0" hai="53,59,62,105,107,112,113,115" m="19919,19495" machi="53" ten="30,2000,0" yaku="15,1,11,1" doraHai="3" who="2" fromWho="3" sc="1,0,310,0,410,23,279,-23" /><INIT seed="6,0,0,3,0,134" ten="1,310,433,256" oya="2" hai0="32,133,6,48,116,5,113,36,35,38,23,69,3" hai1="58,30,55,120,118,99,1,43,56,17,20,80,19" hai2="79,22,76,111,59,72,29,115,10,63,106,97,39" hai3="9,12,123,49,44,93,107,24,96,25,114,129,64"/><V42/><F111/><W34/><G123/><T110/><D110/><U131/><E1/><V108/><F108/><W40/><G107/><T82/><D3/><U75/><E118/><V121/><F121/><W90/><G129/><T135/><D116/><U84/><E75/><V117/><F117/><W102/><G114/><T14/><D69/><U54/><E131/><V52/><F115/><W8/><G64/><T60/><D60/><U103/><E43/><V2/><F72/><W85/><G34/><T127/><D82/><U68/><E68/><V4/><F42/><W21/><G21/><T71/><D71/><U65/><E30/><V53/><F39/><N who="0" m="14890" /><D113/><U78/><E19/><V109/><F109/><W37/><G37/><T31/><D48/><U92/><E120/><V81/><F81/><W67/><G67/><T126/><D31/><U83/><E83/><V57/><F22/><W112/><G112/><T88/><D88/><U0/><E0/><V94/><F106/><W41/><G41/><T27/><D27/><N who="1" m="14735" /><E65/><V16/><F29/><W46/><G46/><T122/><D122/><U13/><E13/><V130/><F130/><W61/><G61/><T50/><D50/><U132/><E58/><V105/><F105/><W26/><G12/><T11/><D23/><U95/><E55/><V77/><F59/><W28/><REACH who="3" step="1"/><G28/><REACH who="3" ten="1,310,433,246" step="2"/><T73/><D6/><U100/><E56/><V74/><F57/><W89/><G89/><T70/><D70/><U87/><E54/><V62/><F53/><W47/><G47/><T98/><D135/><U66/><BYE who="0" /><E132/><V18/><F62/><RYUUKYOKU ba="0,1" sc="1,-10,310,-10,433,-10,246,30" hai3="8,9,24,25,26,40,44,49,85,90,93,96,102" owari="-9,-51.0,300,10.0,433,53.0,276,-12.0" /></mjloggm>