<mjloggm ver="2.3"><GO type="169" lobby="0"/><UN n0="%E3%81%86%E3%81%91%E3%81%AA%E3%81%8C%E3%81%99%E3%81%9C" n1="%E9%9D%92%E5%B1%B1%E5%AD%A6%E9%99%A2%EF%BC%94%E5%B9%B4" n2="%E3%82%A6%E3%83%AB%E3%83%88%E3%83%A9%E7%AB%8B%E7%9B%B4" n3="%EF%BC%8A%E3%82%A4%E3%83%83%E3%83%91%E3%83%84%EF%BC%8A" dan="16,17,18,17" rate="2115.29,2188.86,2220.60,2137.84" sx="F,M,M,M"/><TAIKYOKU oya="0"/><INIT seed="0,0,0,5,4,61" ten="250,250,250,250" oya="0" hai0="50,51,113,62,96,48,54,37,17,88,87,103,31" hai1="53,117,64,81,33,20,16,63,99,100,86,123,55" hai2="2,18,60,116,89,133,34,102,128,29,93,109,43" hai3="56,36,66,19,3,72,104,91,26,21,46,49,71"/><T111/><D113/><U52/><E117/><V118/><F2/><W108/><G3/><T78/><D37/><U10/><E123/><V110/><F34/><W24/><G72/><T114/><D114/><U12/><E33/><V77/><F29/><W69/><G104/><T115/><D115/><U119/><E119/><N who="2" m="45611" /><F43/><W121/><G36/><T85/><D31/><U39/><E39/><V105/><F18/><W15/><G121/><T135/><D135/><U27/><E100/><V9/><F9/><W126/><G126/><T14/><D78/><U13/><E99/><N who="2" m="61663" /><F60/><N who="3" m="38151" /><G69/><T8/><D111/><N who="2" m="42506" /><F128/><W101/><G71/><T112/><D112/><U32/><E32/><V28/><F28/><W6/><G108/><T59/><D103/><U67/><E63/><V125/><F125/><W131/><G101/><T5/><D5/><N who="1" m="3151" /><E27/><V4/><F4/><W30/><G6/><T65/><REACH who="0" step="1"/><D54/><REACH who="0" ten="240,250,250,250" step="2"/><U44/><E44/><V107/><F107/><W75/><G46/><T90/><D90/><AGARI ba="0,1" hai="13,16,20,52,53,55,64,67,81,86,90" m="3151" machi="90" ten="30,8000,1" yaku="8,1,52,2,54,2" doraHai="61" who="1" fromWho="0" sc="240,-80,250,90,250,0,250,0" /><INIT seed="1,0,0,3,5,91" ten="160,340,250,250" oya="1" hai0="118,3,102,6,134,27,45,62,72,123,89,117,82" hai1="83,0,59,120,84,115,15,50,57,60,103,29,53" hai2="9,124,121,87,32,71,69,49,66,101,129,61,35" hai3="128,37,77,2,5,81,48,125,104,42,131,65,1"/><U47/><E115/><V106/><F121/><W34/><G34/><T10/><D123/><U119/><E120/><V55/><F129/><N who="3" m="49739" /><G104/><T58/><D134/><U23/><E0/><V111/><F111/><W96/><G96/><T135/><D135/><U11/><E103/><V92/><F124/><W94/><G125/><T8/><D102/><U16/><E119/><V110/><F110/><W44/><G65/><T26/><D45/><U24/><REACH who="1" step="1"/><E60/><REACH who="1" ten="160,330,250,250" step="2"/><V38/><F61/><W73/><G1/><T114/><D114/><U25/><E25/><V76/><F101/><W17/><G2/><T113/><D113/><U133/><E133/><V14/><F106/><W68/><G5/><T112/><D112/><U70/><E70/><V67/><F71/><W64/><G68/><T85/><D6/><U74/><E74/><V36/><F69/><W63/><G73/><T21/><D27/><U20/><E20/><V80/><F35/><W97/><G63/><T4/><D10/><U90/><AGARI ba="0,1" hai="11,15,16,23,24,29,47,50,53,57,59,83,84,90" machi="90" ten="20,18000,2" yaku="1,1,0,1,7,1,25,2,8,1,54,1,53,0" doraHai="91" doraHaiUra="122" who="1" fromWho="1" sc="160,-60,330,190,250,-60,250,-60" /><INIT seed="1,1,0,4,2,24" ten="100,520,190,190" oya="1" hai0="40,86,7,29,95,25,80,111,106,131,66,88,127" hai1="128,62,55,130,120,45,20,17,53,114,14,2,9" hai2="34,70,113,65,133,121,78,28,99,63,36,35,68" hai3="61,39,48,124,44,38,0,60,37,89,73,93,101"/><U103/><E114/><V49/><F121/><W33/><G0/><T18/><D111/><U108/><E120/><V110/><F110/><W21/><G73/><T52/><D106/><U6/><E108/><V71/><F113/><W13/><G33/><T115/><D115/><U16/><E103/><V84/><F133/><W77/><G124/><T12/><D40/><U98/><E98/><V42/><F84/><W82/><G101/><T10/><D66/><U119/><E119/><V32/><F78/><W92/><G92/><T57/><D127/><U87/><E17/><V116/><F116/><W69/><G69/><N who="2" m="26729" /><F49/><W118/><G118/><T75/><D75/><U135/><E135/><V64/><F64/><W91/><G89/><T59/><D59/><U51/><E87/><V107/><F42/><W104/><G104/><T58/><D58/><U85/><E85/><V83/><F83/><W8/><G21/><N who="0" m="15535" /><D131/><N who="1" m="50219" /><E62/><V74/><F74/><W67/><G67/><T15/><D80/><U76/><E76/><V122/><F122/><W1/><G1/><T19/><D15/><U3/><E2/><V30/><F36/><W43/><G77/><T22/><D22/><U117/><E117/><V134/><F134/><W81/><G82/><T47/><D47/><U54/><AGARI ba="1,0" hai="3,6,9,14,16,20,45,51,53,54,55" m="50219" machi="54" ten="30,3000,0" yaku="19,1,54,1" doraHai="24" who="1" fromWho="1" sc="100,-11,520,33,190,-11,190,-11" /><INIT seed="1,2,0,5,1,58" ten="89,553,179,179" oya="1" hai0="49,91,126,106,38,79,51,20,93,10,109,50,33" hai1="80,1,7,103,42,69,98,121,61,47,90,114,99" hai2="35,0,4,78,54,94,132,84,5,55,135,12,2" hai3="66,13,57,97,24,39,9,128,105,75,111,11,88"/><U31/><E114/><V65/><F35/><W23/><G75/><T107/><D33/><U56/><E121/><V117/><F117/><W112/><G39/><T85/><D38/><U124/><E69/><V62/><F78/><W32/><G112/><T59/><D126/><U36/><E124/><V133/><F84/><W115/><G115/><T14/><D109/><U67/><E31/><V86/><F86/><W110/><G128/><T82/><D107/><U83/><E90/><V74/><F94/><N who="3" m="56519" /><G32/><T21/><D106/><U34/><E34/><V28/><F28/><N who="3" m="17439" /><G105/><T119/><D119/><U92/><E99/><V27/><F74/><W48/><G13/><T40/><D40/><U81/><E1/><N who="2" m="619" /><F12/><W116/><G116/><T101/><D101/><U46/><E83/><V122/><F122/><W87/><G87/><T44/><D44/><U120/><E120/><V29/><F29/><W45/><G110/><T6/><D82/><U125/><E125/><V60/><F27/><W16/><G16/><T8/><D79/><U15/><E81/><V19/><F19/><W68/><G68/><T37/><D37/><U43/><E80/><V130/><F130/><W63/><G111/><T52/><REACH who="0" step="1"/><D10/><REACH who="0" ten="79,553,179,179" step="2"/><N who="1" m="4575" /><E36/><V134/><F134/><W113/><G113/><T104/><D104/><U53/><E42/><AGARI ba="2,1" hai="9,11,42,45,48,57,63,66" m="17439,56519" machi="42" ten="30,3900,0" yaku="8,1,52,1,54,1" doraHai="58" who="3" fromWho="1" sc="79,0,553,-45,179,0,179,55" /><INIT seed="2,0,0,1,0,135" ten="79,508,179,234" oya="2" hai0="2,13,1,9,24,69,83,42,26,21,123,91,106" hai1="68,97,55,11,63,110,113,87,86,98,94,120,104" hai2="47,107,43,6,111,99,5,33,48,71,16,129,74" hai3="53,118,49,95,3,7,22,112,73,100,131,96,105"/><V27/><F129/><W20/><G118/><T54/><D106/><U126/><E113/><V37/><F74/><W108/><G73/><T127/><D69/><U75/><E75/><V101/><F111/><W39/><G39/><T61/><D123/><U38/><E38/><V72/><F72/><W35/><G35/><T23/><D42/><U134/><E11/><V57/><F71/><W92/><G112/><T121/><D54/><U34/><E34/><V128/><F128/><W76/><G131/><T62/><D83/><U29/><E29/><V51/><F33/><W41/><G76/><T12/><D9/><U40/><E40/><V122/><F122/><W45/><G108/><T59/><D59/><U32/><E32/><V19/><F19/><W17/><G22/><T90/><D121/><U102/><E120/><V30/><F30/><W80/><G80/><T130/><D130/><U119/><E119/><V8/><F57/><W50/><G3/><T85/><D85/><U114/><E114/><V14/><REACH who="2" step="1"/><F27/><REACH who="2" ten="79,508,169,234" step="2"/><W79/><G7/><AGARI ba="0,1" hai="5,6,7,8,14,16,37,43,47,48,51,99,101,107" machi="7" ten="40,12000,1" yaku="1,1,2,1,54,1,53,2" doraHai="135" doraHaiUra="46" who="2" fromWho="3" sc="79,0,508,0,169,130,234,-120" /><INIT seed="2,1,0,1,3,118" ten="79,508,299,114" oya="2" hai0="77,39,79,90,26,65,66,129,110,117,47,61,120" hai1="123,4,30,33,51,114,113,105,132,8,52,57,29" hai2="85,127,1,28,44,27,92,50,82,49,76,100,23" hai3="7,37,55,9,13,133,111,86,15,128,93,3,126"/><V45/><F127/><W31/><G37/><T115/><D117/><U11/><E105/><V119/><F1/><W130/><G111/><T2/><D115/><U106/><E106/><V101/><F119/><W54/><G93/><T125/><D125/><U124/><E124/><V71/><F71/><W6/><G86/><T56/><D110/><U112/><E132/><V80/><F80/><W74/><G74/><T17/><D2/><U98/><E33/><V5/><F5/><W73/><G73/><T103/><D103/><U116/><E116/><V104/><F104/><W70/><G70/><T68/><D66/><U121/><E98/><V99/><REACH who="2" step="1"/><F101/><REACH who="2" ten="79,508,289,114" step="2"/><W34/><G3/><T19/><D68/><U18/><E4/><V41/><F41/><W43/><G43/><T0/><D0/><U14/><REACH who="1" step="1"/><E8/><REACH who="1" ten="79,498,289,114" step="2"/><V89/><F89/><W81/><G9/><T131/><D90/><U48/><E48/><AGARI ba="1,2" hai="23,27,28,44,45,48,49,50,76,82,85,92,99,100" machi="48" ten="40,7700,0" yaku="1,1,8,1,53,1" doraHai="118" doraHaiUra="72" who="2" fromWho="1" sc="79,0,498,-80,289,100,114,0" /><INIT seed="2,2,0,1,3,111" ten="79,418,389,114" oya="2" hai0="41,58,76,73,83,31,63,132,104,51,106,120,8" hai1="19,114,9,81,59,70,79,29,130,60,55,123,3" hai2="25,125,102,89,86,47,122,95,14,93,13,53,18" hai3="127,35,24,91,97,105,100,82,15,92,84,17,71"/><V27/><F125/><W16/><G71/><T5/><D120/><U62/><E29/><V77/><F122/><W103/><G127/><T65/><D132/><U6/><E123/><V108/><F108/><W2/><G2/><T134/><D134/><U99/><E130/><V118/><F118/><W98/><G35/><T66/><D31/><U116/><E116/><V64/><F64/><W43/><G24/><T75/><D66/><U49/><E70/><V115/><F77/><W57/><G43/><T85/><D106/><U42/><E19/><V30/><F115/><W131/><G131/><T10/><D10/><U109/><E109/><V7/><F7/><W87/><G15/><T74/><D104/><U101/><E42/><V4/><F4/><W78/><G57/><T88/><D41/><U135/><E135/><V112/><F112/><W90/><G16/><T45/><D51/><U28/><E28/><V40/><F53/><W110/><G17/><T69/><D45/><U38/><E38/><V0/><F0/><W96/><G110/><T61/><D61/><U80/><E114/><V12/><F18/><W129/><G129/><T126/><D126/><U20/><E20/><V72/><F72/><N who="3" m="43335" /><G105/><T46/><D46/><U128/><E128/><V36/><F30/><W21/><G21/><T107/><D107/><U113/><E113/><V94/><F27/><W26/><G26/><T52/><D5/><U124/><E124/><V121/><F25/><W54/><G54/><T23/><D23/><U68/><E3/><V32/><F32/><W48/><G48/><N who="0" m="30983" /><D8/><U67/><E9/><RYUUKYOKU ba="2,0" sc="79,15,418,-15,389,-15,114,15" hai0="63,65,69,73,74,75,76,83,85,88" hai3="84,87,90,91,92,96,97,98,100,103" /><INIT seed="3,3,0,1,1,102" ten="94,403,374,129" oya="3" hai0="109,4,41,11,40,79,59,82,2,25,120,112,69" hai1="123,94,74,62,101,50,7,118,121,32,37,16,135" hai2="3,114,1,106,134,111,116,128,65,80,86,108,117" hai3="5,52,122,126,96,61,38,130,95,36,92,44,125"/><W30/><G122/><T24/><D120/><U67/><E37/><V129/><F65/><W87/><G130/><N who="2" m="50281" /><F106/><W23/><G5/><T31/><D112/><U42/><E32/><V27/><F114/><W49/><G61/><T19/><D69/><U110/><E110/><N who="2" m="42027" /><F134/><W98/><G87/><T105/><D109/><U28/><E74/><V85/><F27/><W15/><G15/><T29/><D105/><U21/><E135/><V9/><F9/><W124/><G23/><T55/><D29/><U46/><E7/><V113/><F113/><W35/><G30/><T14/><D25/><U100/><E28/><V133/><F133/><W33/><G35/><T60/><D24/><U43/><E118/><N who="2" m="45675" /><F80/><W103/><G33/><T39/><D31/><U66/><E66/><V75/><F75/><W17/><G17/><T54/><D19/><U131/><E131/><V127/><F127/><W6/><G6/><T78/><D82/><U93/><E123/><V83/><F83/><W76/><G76/><T119/><D79/><U8/><E8/><V70/><F70/><W12/><REACH who="3" step="1"/><G12/><REACH who="3" ten="94,403,374,119" step="2"/><T132/><D78/><U26/><E121/><V51/><F86/><W97/><G97/><T10/><D14/><U84/><E84/><V72/><F85/><W20/><G20/><T90/><D4/><U115/><E62/><V81/><F72/><W18/><G18/><T22/><D60/><U104/><E16/><V71/><F81/><W68/><G68/><T107/><D119/><U34/><E34/><V88/><F71/><W13/><G13/><T45/><D132/><U57/><E21/><RYUUKYOKU ba="3,1" sc="94,-10,403,-10,374,-10,119,30" hai3="36,38,44,49,52,92,95,96,98,103,124,125,126" /><INIT seed="3,4,1,2,4,13" ten="84,393,364,149" oya="3" hai0="104,54,66,86,132,134,103,112,69,84,127,10,101" hai1="33,115,29,106,50,40,89,78,34,16,49,55,70" hai2="121,128,6,42,56,45,108,60,57,88,85,102,93" hai3="130,122,14,9,28,31,23,124,18,65,94,25,22"/><W30/><G122/><T73/><D73/><U38/><E106/><V119/><F119/><W62/><G130/><T90/><D69/><U92/><E70/><V17/><F108/><W131/><G124/><T27/><D66/><U87/><E115/><V21/><F128/><W2/><G131/><T79/><D10/><U39/><E29/><V8/><F121/><W20/><G94/><T125/><D27/><U3/><E3/><V12/><F102/><N who="0" m="38922" /><D104/><U97/><E49/><N who="2" m="26807" /><F60/><W77/><G77/><T74/><D54/><U105/><E40/><V75/><F75/><W46/><G46/><T110/><D110/><U59/><E105/><V35/><F35/><W72/><G72/><T7/><D7/><U95/><E34/><V47/><F47/><W71/><REACH who="3" step="1"/><G2/><REACH who="3" ten="84,393,364,139" step="2"/><T117/><D74/><U91/><E78/><V96/><F96/><W133/><G133/><N who="0" m="51307" /><D117/><U52/><E97/><V118/><F118/><W68/><G68/><T81/><D112/><U41/><E38/><V44/><F44/><W24/><AGARI ba="4,2" hai="9,14,18,20,22,23,24,25,28,30,31,62,65,71" machi="24" ten="40,7800,0" yaku="1,1,0,1,52,1,53,0" doraHai="13" doraHaiUra="135" who="3" fromWho="3" sc="84,-30,393,-30,364,-30,139,110" /><INIT seed="3,5,0,3,5,34" ten="54,363,334,249" oya="3" hai0="91,80,74,60,42,55,120,125,33,46,101,52,97" hai1="5,123,106,73,57,43,8,27,104,9,25,18,26" hai2="67,107,1,24,86,64,108,118,109,102,116,89,2" hai3="21,23,76,121,56,81,96,92,10,115,127,87,83"/><W49/><G121/><T41/><D120/><U36/><E123/><V84/><F102/><W126/><G115/><T35/><D74/><U62/><E73/><V58/><F24/><W131/><G131/><T17/><D17/><U20/><E43/><V99/><F99/><W40/><G10/><T129/><D129/><U124/><E36/><V100/><F100/><W90/><G83/><T47/><D80/><U130/><E124/><N who="3" m="47658" /><G40/><T63/><D97/><U94/><E94/><V95/><F107/><W19/><G19/><T72/><D125/><U66/><E9/><V28/><F28/><W75/><G75/><T51/><D72/><U45/><E45/><V88/><F58/><W134/><G134/><T11/><D101/><U3/><REACH who="1" step="1"/><E130/><REACH who="1" ten="54,353,334,249" step="2"/><V128/><F128/><W103/><G76/><T70/><D11/><U85/><E85/><V13/><F95/><W44/><G44/><T82/><D82/><U54/><E54/><AGARI ba="5,1" hai="21,23,49,54,56,81,87,90,92,96,103" m="47658" machi="54" ten="30,1500,0" yaku="18,1" doraHai="34" who="3" fromWho="1" sc="54,0,353,-30,334,0,249,40" /><INIT seed="3,6,0,4,5,23" ten="54,323,334,289" oya="3" hai0="50,18,45,119,61,53,63,28,10,131,110,51,41" hai1="134,70,96,81,133,109,103,113,112,34,7,79,15" hai2="84,2,115,67,54,55,9,68,66,104,106,52,74" hai3="120,114,71,58,124,126,36,0,98,56,69,100,17"/><W129/><G120/><T87/><D119/><U117/><E70/><V49/><F74/><W4/><G36/><T127/><D110/><U24/><E109/><V122/><F115/><W60/><G114/><T44/><D131/><U48/><E117/><V3/><F122/><W80/><G129/><T27/><D127/><N who="3" m="48681" /><G80/><T20/><D10/><U86/><E48/><V78/><F49/><W135/><G135/><N who="1" m="51722" /><E15/><V107/><F9/><N who="3" m="2183" /><G17/><T62/><REACH who="0" step="1"/><D87/><REACH who="0" ten="44,323,334,289" step="2"/><U108/><E108/><V92/><F84/><W64/><G71/><T85/><D85/><U130/><E130/><V6/><F68/><W128/><G128/><T121/><D121/><U111/><E111/><V14/><F3/><W83/><G83/><T37/><D37/><U16/><E7/><V35/><F6/><W26/><G26/><T30/><AGARI ba="6,1" hai="18,20,27,28,30,41,44,45,50,51,53,61,62,63" machi="30" ten="30,7900,0" yaku="1,1,0,1,8,1,52,1,53,0" doraHai="23" doraHaiUra="76" who="0" fromWho="0" sc="44,107,323,-26,334,-26,289,-45" /><INIT seed="4,0,0,4,3,75" ten="151,297,308,244" oya="0" hai0="94,39,0,36,66,81,42,58,6,83,65,116,27" hai1="122,130,92,119,50,105,80,121,26,15,85,32,2" hai2="69,38,86,71,31,88,115,56,1,77,111,99,79" hai3="46,117,102,63,61,47,22,110,40,54,93,64,67"/><T33/><D116/><U35/><E119/><V128/><F111/><W135/><G117/><T129/><D94/><U25/><E2/><V13/><F1/><W62/><G22/><T100/><D100/><U82/><E92/><V133/><F38/><N who="3" m="21783" /><G102/><T60/><D66/><N who="3" m="25129" /><G93/><T12/><D0/><U72/><E50/><V127/><F99/><W44/><G135/><T10/><D129/><U41/><E41/><V43/><F43/><W37/><G110/><T45/><REACH who="0" step="1"/><D39/><REACH who="0" ten="141,297,308,244" step="2"/><U78/><E130/><V106/><F128/><W7/><G37/><T114/><D114/><U113/><E113/><V123/><F115/><W112/><G112/><T101/><D101/><U52/><E122/><V95/><F123/><W96/><G96/><T98/><D98/><U5/><E121/><V30/><F95/><W53/><G7/><T21/><D21/><U23/><E5/><V34/><F133/><W29/><G29/><AGARI ba="0,1" hai="6,10,12,27,29,33,36,42,45,58,60,65,81,83" machi="29" ten="40,2000,0" yaku="1,1,53,0" doraHai="75" doraHaiUra="108" who="0" fromWho="3" sc="141,30,297,0,308,0,244,-20" /><INIT seed="4,1,0,0,3,59" ten="171,297,308,224" oya="0" hai0="115,121,103,3,95,24,110,92,29,65,2,114,47" hai1="31,127,102,132,45,125,8,128,7,73,133,89,123" hai2="36,10,112,51,135,41,0,119,129,57,54,96,86" hai3="5,106,107,117,16,93,85,64,38,100,56,99,9"/><T74/><D121/><U25/><E73/><V120/><F120/><W15/><G38/><T30/><D74/><U134/><E102/><V98/><F112/><N who="0" m="43050" /><D47/><U97/><E45/><V50/><F36/><W71/><G117/><T48/><D48/><U4/><E123/><V94/><F129/><W80/><G71/><T124/><D65/><U34/><E97/><V69/><F69/><W116/><G116/><T81/><D81/><U17/><E89/><V1/><F50/><W67/><G67/><T33/><D110/><U111/><E111/><V130/><F51/><W23/><G56/><T104/><D124/><N who="1" m="47691" /><E128/><V11/><F41/><W105/><G64/><T53/><D53/><U109/><E109/><V40/><F54/><W39/><G39/><T43/><D43/><U90/><E90/><V122/><F40/><W14/><REACH who="3" step="1"/><G107/><REACH who="3" ten="171,297,308,214" step="2"/><T20/><D104/><U32/><E32/><V35/><F35/><W12/><G12/><AGARI ba="1,1" hai="4,7,8,12,17,25,31,34,132,133,134" m="47691" machi="12" ten="40,8000,1" yaku="20,1,18,1,34,2" doraHai="59" who="1" fromWho="3" sc="171,0,297,93,308,0,214,-83" /><INIT seed="5,0,0,1,1,4" ten="171,390,308,131" oya="1" hai0="66,94,113,65,26,2,101,85,33,90,16,22,35" hai1="111,51,117,29,133,46,38,15,60,23,3,135,0" hai2="25,49,57,20,92,30,54,116,121,12,44,120,31" hai3="131,5,58,40,17,53,118,9,132,96,95,125,28"/><U110/><E38/><V80/><F116/><W86/><G118/><T88/><D113/><U124/><E60/><V81/><F121/><W69/><G69/><T78/><D2/><U64/><E64/><V123/><F123/><W37/><G132/><N who="1" m="50762" /><E117/><V97/><F120/><W83/><G131/><T18/><D35/><U7/><E124/><V99/><F31/><W119/><G125/><T93/><D33/><U41/><E29/><V59/><F99/><W127/><G127/><T48/><D48/><U50/><E50/><V134/><F134/><W100/><G119/><T106/><D78/><U91/><E91/><V6/><F57/><W104/><G28/><T74/><D74/><U68/><E68/><V55/><F59/><W70/><G70/><T13/><D101/><U107/><E107/><V79/><F79/><W36/><G17/><T84/><D106/><U115/><E115/><V82/><F49/><W39/><G104/><T56/><REACH who="0" step="1"/><D56/><REACH who="0" ten="161,390,308,131" step="2"/><U14/><E3/><V76/><F76/><W24/><G37/><T27/><D27/><U72/><E72/><V42/><F25/><W63/><G24/><T89/><D89/><U73/><E73/><V32/><F32/><W105/><G105/><T112/><D112/><U67/><E0/><V34/><F34/><W122/><G122/><T75/><D75/><U61/><E51/><V103/><F103/><W102/><G102/><T8/><AGARI ba="0,1" hai="8,13,16,18,22,26,65,66,84,85,88,90,93,94" machi="8" ten="20,16000,3" yaku="1,1,0,1,7,1,9,1,8,1,52,1,54,2,53,0" doraHai="4" doraHaiUra="114" who="0" fromWho="0" sc="161,170,390,-80,308,-40,131,-40" /><INIT seed="6,0,0,5,2,37" ten="331,310,268,91" oya="2" hai0="119,1,107,61,15,31,100,114,84,24,96,58,128" hai1="75,76,123,93,113,22,77,3,23,10,80,56,43" hai2="91,67,101,30,131,41,116,44,17,92,133,40,49" hai3="42,29,14,12,60,53,124,127,103,20,126,36,33"/><V64/><F116/><W110/><G110/><T68/><D119/><U51/><E77/><V35/><F35/><W87/><G103/><T79/><D1/><U52/><E113/><V46/><F131/><W132/><G33/><T83/><D114/><U9/><E123/><V45/><F133/><W39/><G39/><T34/><D128/><U109/><E109/><V28/><F101/><W94/><G132/><T25/><D15/><U120/><E120/><V122/><F122/><W97/><G87/><T99/><D99/><U18/><E93/><V65/><F17/><W98/><G97/><T89/><D68/><U108/><E108/><V129/><F129/><W105/><G105/><T95/><D25/><U66/><E66/><V7/><F7/><W88/><G60/><T102/><D107/><U26/><E3/><V104/><F104/><W19/><G53/><AGARI ba="0,0" hai="24,31,34,53,58,61,79,83,84,89,95,96,100,102" machi="53" ten="30,1000,0" yaku="7,1" doraHai="37" who="0" fromWho="3" sc="331,10,310,0,268,0,91,-10" /><INIT seed="7,0,0,0,3,126" ten="341,310,268,81" oya="3" hai0="110,76,9,40,133,89,68,6,24,73,69,63,23" hai1="1,39,74,116,43,12,22,93,90,115,45,51,85" hai2="14,17,118,86,10,108,121,131,91,28,87,107,47" hai3="59,66,80,129,3,25,72,15,34,79,57,94,83"/><W88/><G3/><T104/><D110/><U61/><E1/><V4/><F108/><W36/><G36/><T134/><D104/><U70/><E74/><V50/><F107/><W18/><G83/><N who="0" m="45455" /><D40/><U29/><E115/><V102/><F118/><W96/><G66/><T99/><D99/><U77/><E77/><V114/><F114/><W81/><G81/><T20/><D89/><U122/><E122/><V54/><F121/><W98/><G98/><T16/><D23/><U125/><E116/><V37/><F37/><W13/><G129/><T82/><D82/><U58/><E125/><V41/><F102/><W119/><G119/><T130/><D63/><U19/><E70/><V27/><F131/><W100/><G100/><T123/><D123/><U84/><E29/><V62/><F17/><W106/><G106/><T5/><D5/><U92/><E39/><V124/><F124/><W44/><G44/><T53/><D53/><U32/><E32/><V52/><F62/><W113/><G113/><T48/><D48/><U112/><E112/><V128/><F128/><W103/><G103/><T49/><D49/><U105/><E105/><V97/><F97/><W21/><REACH who="3" step="1"/><G34/><REACH who="3" ten="341,310,268,71" step="2"/><T30/><D130/><U95/><E85/><V111/><F87/><W33/><G33/><T0/><D69/><U31/><E84/><V60/><F111/><W38/><G38/><T109/><D68/><U64/><E90/><V127/><F91/><W55/><G55/><T35/><D109/><U117/><E117/><V56/><F86/><W11/><G11/><T135/><D35/><U132/><E64/><RYUUKYOKU ba="0,1" sc="341,15,310,-15,268,-15,71,15" hai0="0,6,9,16,20,24,30,133,134,135" hai3="13,15,18,21,25,57,59,72,79,80,88,94,96" /><INIT seed="7,1,1,3,0,34" ten="356,295,253,86" oya="3" hai0="110,77,120,18,117,72,40,95,8,55,21,22,90" hai1="39,104,89,65,134,114,96,32,15,91,123,37,133" hai2="71,5,127,35,125,45,16,44,17,27,12,94,57" hai3="108,69,30,20,59,121,82,61,112,29,80,4,122"/><W99/><G69/><T75/><D117/><U124/><E123/><V68/><F5/><W107/><G108/><T100/><D110/><U73/><E32/><V23/><F57/><W84/><G112/><T111/><D111/><U67/><E73/><V63/><F94/><W31/><G4/><T64/><D22/><U47/><E104/><V19/><F35/><W85/><G20/><T79/><D100/><U25/><E114/><V46/><F63/><W97/><G107/><T13/><D75/><U28/><E15/><V70/><F12/><W129/><G129/><T9/><D64/><U41/><E39/><V81/><F81/><W135/><G135/><T54/><D40/><U2/><E124/><AGARI ba="1,1" hai="16,17,19,23,27,44,45,46,68,70,71,124,125,127" machi="124" ten="50,3200,0" yaku="18,1,54,1" doraHai="34" who="2" fromWho="1" sc="356,0,295,-35,253,45,86,0" owari="356,45.0,260,-14.0,298,10.0,86,-41.0" /></mjloggm>