<mjloggm ver="2.3"><GO type="169" lobby="0"/><UN n0="%E3%81%B6%E3%81%A3%E3%81%A8%E3%81%B3%E3%82%AB%E3%83%BC%E3%83%89" n1="%E3%82%A6%E3%83%AB%E3%83%88%E3%83%A9%E7%AB%8B%E7%9B%B4" n2="%64%64%6D%75" n3="%E5%BA%83%E5%B3%B6%E3%81%AE%E7%A8%AE%E9%A6%AC" dan="17,18,18,17" rate="2177.46,2219.33,2232.18,2211.02" sx="F,M,M,M"/><TAIKYOKU oya="0"/><INIT seed="0,0,0,5,5,91" ten="250,250,250,250" oya="0" hai0="40,67,58,38,47,103,73,113,133,4,60,16,102" hai1="65,19,97,128,135,8,57,61,82,75,68,43,28" hai2="123,94,46,104,72,0,90,13,35,115,20,50,23" hai3="112,6,15,98,18,11,54,44,122,63,130,2,51"/><T111/><D113/><U70/><E128/><V22/><F104/><W114/><G130/><T32/><D32/><U31/><E135/><V42/><F35/><W120/><G63/><T24/><D73/><U134/><E134/><V37/><F0/><W66/><G66/><T9/><D133/><U53/><E43/><V83/><F115/><W84/><G84/><T25/><D111/><U12/><E97/><V21/><F123/><N who="3" m="47147" /><G98/><T74/><D74/><U85/><E75/><V119/><F119/><W17/><G17/><T99/><D102/><U107/><E107/><V121/><F121/><W118/><G118/><T1/><REACH who="0" step="1"/><D16/><REACH who="0" ten="240,250,250,250" step="2"/><U93/><E19/><V89/><F72/><W127/><G127/><T36/><D36/><U81/><E31/><V79/><F37/><W129/><G129/><T56/><D56/><U26/><E57/><V7/><F22/><AGARI ba="0,1" hai="2,6,11,15,18,22,44,51,54,112,114" m="47147" machi="22" ten="30,1000,0" yaku="13,1" doraHai="91" who="3" fromWho="2" sc="240,0,250,0,250,-10,250,20" /><INIT seed="1,0,0,0,4,9" ten="240,250,240,270" oya="1" hai0="111,98,65,129,104,103,131,72,78,41,107,106,2" hai1="14,61,109,54,24,29,110,71,58,134,128,62,99" hai2="4,130,47,116,21,102,37,30,52,64,100,44,67" hai3="6,11,66,28,118,82,94,117,16,53,55,39,85"/><U91/><E128/><N who="0" m="49225" /><D2/><U70/><E134/><V122/><F116/><N who="3" m="44651" /><G39/><T125/><D65/><U127/><E127/><V32/><F32/><W26/><G66/><T23/><D41/><U76/><E76/><V108/><F122/><W33/><G94/><N who="0" m="58839" /><D23/><U20/><E62/><V75/><F75/><W1/><G16/><T126/><D111/><N who="1" m="42507" /><E91/><AGARI ba="0,0" hai="1,6,11,26,28,33,53,55,82,85,91" m="44651" machi="91" ten="30,1000,0" yaku="12,1" doraHai="9" who="3" fromWho="1" sc="240,0,250,-10,240,0,270,10" /><INIT seed="2,0,0,3,2,106" ten="240,240,240,280" oya="2" hai0="76,54,85,36,16,59,35,79,128,46,102,96,82" hai1="34,71,27,111,5,42,18,91,129,62,88,113,134" hai2="68,31,13,53,41,66,45,67,75,44,74,80,58" hai3="33,23,0,94,25,124,126,61,116,14,49,107,130"/><V32/><F68/><W20/><G107/><T115/><D128/><U17/><E113/><V110/><F110/><W109/><G61/><T48/><D35/><U135/><E42/><V29/><F80/><W133/><G49/><T104/><D115/><U11/><E129/><V8/><F32/><W101/><G94/><T22/><D36/><U132/><E111/><V98/><F98/><W28/><G101/><T103/><D103/><U39/><E39/><V105/><F105/><W24/><G130/><T81/><D46/><U7/><E7/><V95/><F95/><W47/><G47/><T10/><D10/><U108/><E108/><V15/><F8/><W122/><G116/><T131/><D131/><U117/><E117/><V55/><F58/><W65/><G65/><T52/><D54/><U77/><E77/><V60/><F60/><W78/><G78/><T89/><REACH who="0" step="1"/><D82/><REACH who="0" ten="230,240,240,280" step="2"/><U3/><E34/><V127/><REACH who="2" step="1"/><F41/><REACH who="2" ten="230,240,230,280" step="2"/><W19/><G109/><T30/><D30/><U37/><E11/><V112/><F112/><W97/><G28/><T100/><D100/><U73/><E135/><V2/><F2/><W21/><G0/><T118/><D118/><U40/><E3/><V38/><F38/><W56/><G33/><T12/><AGARI ba="0,2" hai="12,16,22,48,52,59,76,79,81,85,89,96,102,104" machi="12" ten="20,12000,2" yaku="1,1,0,1,7,1,54,2,53,2" doraHai="106" doraHaiUra="72" who="0" fromWho="0" sc="230,140,240,-30,230,-60,280,-30" /><INIT seed="3,0,0,3,2,25" ten="370,210,170,250" oya="3" hai0="89,121,30,44,54,56,120,10,86,11,91,59,73" hai1="85,2,27,51,19,127,40,126,7,4,93,41,111" hai2="65,103,88,12,63,5,58,47,21,49,117,26,79" hai3="70,57,32,134,67,37,34,94,69,108,128,15,23"/><W74/><G74/><T82/><D73/><U35/><E111/><V53/><F117/><W77/><G37/><T100/><D100/><U68/><E68/><V55/><F103/><W116/><G116/><T125/><D125/><N who="1" m="47627" /><E51/><V87/><F79/><W104/><G104/><T8/><D44/><U131/><E131/><V110/><F110/><W106/><G106/><T76/><D59/><U90/><E2/><V83/><F5/><N who="1" m="2121" /><E35/><V48/><F12/><W130/><G15/><T1/><D1/><U96/><E27/><V80/><F80/><W17/><G57/><T123/><REACH who="0" step="1"/><D30/><REACH who="0" ten="360,210,170,250" step="2"/><U52/><E40/><V43/><REACH who="2" step="1"/><F49/><AGARI ba="0,1" hai="8,10,11,49,54,56,76,82,86,89,91,120,121,123" machi="49" ten="50,3200,0" yaku="1,1,2,1,53,0" doraHai="25" doraHaiUra="28" who="0" fromWho="2" sc="360,42,210,0,170,-32,250,0" /><INIT seed="4,0,0,3,1,9" ten="402,210,138,250" oya="0" hai0="37,117,103,131,118,88,7,25,83,17,111,47,15" hai1="112,26,49,22,52,120,109,89,115,92,44,65,130" hai2="128,32,129,91,134,97,46,54,123,108,71,72,61" hai3="59,42,16,56,70,0,20,62,2,125,41,39,55"/><T124/><D103/><U86/><E109/><V116/><F123/><W57/><G125/><T106/><D106/><U27/><E120/><V38/><F108/><W48/><G42/><T122/><D122/><U74/><E74/><V28/><F72/><W90/><G59/><T99/><D111/><U10/><E130/><N who="2" m="50283" /><F32/><W64/><G57/><T113/><D113/><N who="1" m="43595" /><E65/><N who="2" m="41391" /><F28/><W60/><G90/><T23/><D124/><U133/><E133/><V87/><F97/><W50/><G50/><T104/><D131/><U132/><E132/><V51/><F134/><W114/><G62/><T78/><D104/><U30/><E10/><V68/><F68/><W94/><G94/><T14/><D7/><U93/><E27/><V6/><F6/><W31/><G31/><T85/><D118/><U110/><E110/><V105/><F105/><W13/><REACH who="3" step="1"/><G114/><REACH who="3" ten="402,210,138,240" step="2"/><T101/><D101/><U12/><E92/><N who="2" m="54399" /><F116/><W53/><G53/><T107/><D117/><U1/><E93/><V127/><F127/><W80/><G80/><N who="0" m="49191" /><D107/><U76/><E30/><V11/><F38/><W98/><G98/><T45/><D99/><U58/><E89/><V69/><F69/><W24/><G24/><T84/><D37/><U35/><E26/><V67/><F67/><W3/><G3/><T82/><D82/><N who="1" m="47431" /><E1/><V63/><F63/><W81/><G81/><T33/><D33/><U21/><E35/><V18/><F54/><W126/><G126/><T4/><D25/><U96/><E96/><V73/><F51/><W100/><G100/><T75/><D75/><U19/><E58/><V119/><F73/><W34/><G34/><RYUUKYOKU ba="0,1" sc="402,10,210,10,138,-30,240,10" hai0="4,14,15,17,23,45,47,78,83,84" hai1="12,19,21,22,44,49,52" hai3="0,2,13,16,20,39,41,48,55,56,60,64,70" /><INIT seed="4,1,1,5,4,38" ten="412,220,108,250" oya="0" hai0="66,50,25,64,86,30,69,41,63,129,57,61,48" hai1="135,62,104,80,26,45,49,130,18,74,65,14,121" hai2="118,47,72,103,124,123,20,83,68,98,92,125,9" hai3="82,37,23,111,10,106,33,8,22,120,89,24,52"/><T100/><D129/><U131/><E104/><V105/><F123/><W5/><G111/><T19/><D19/><U107/><E107/><V114/><F68/><W79/><G106/><T27/><D27/><U122/><E26/><V12/><F118/><W2/><G33/><T7/><D7/><U75/><E80/><V32/><F32/><W97/><G37/><T56/><D100/><U36/><E36/><V128/><F114/><W84/><G10/><T112/><D112/><U17/><E135/><V43/><F128/><N who="1" m="49193" /><E75/><V1/><F20/><W91/><G23/><T90/><D69/><N who="1" m="42167" /><E74/><V60/><F60/><W29/><G97/><T59/><D59/><U55/><E18/><V15/><F1/><W76/><G79/><T115/><D115/><U53/><E53/><V133/><F133/><W4/><G4/><T134/><D134/><U34/><E34/><V119/><F119/><W93/><G120/><T132/><D132/><U96/><E96/><V127/><F105/><W87/><G52/><T54/><D54/><U3/><E3/><V11/><F15/><W102/><G76/><T110/><D110/><U42/><E55/><V81/><F12/><W46/><G102/><T73/><D73/><U39/><E39/><N who="2" m="22015" /><F72/><W13/><G2/><T109/><D109/><U113/><E113/><V40/><F40/><W67/><G67/><T117/><D41/><U78/><E78/><V6/><F6/><W85/><G85/><T58/><D117/><U16/><E17/><V21/><F21/><AGARI ba="1,1" hai="14,16,21,42,45,49,121,122" m="42167,49193" machi="21" ten="30,3900,0" yaku="19,1,52,1,54,1" doraHai="38" who="1" fromWho="2" sc="412,0,220,52,108,-42,250,0" /><INIT seed="5,0,0,5,3,68" ten="412,272,66,250" oya="1" hai0="110,53,63,40,30,113,39,125,105,124,129,134,29" hai1="20,79,48,31,34,50,42,74,118,127,54,65,59" hai2="60,38,71,13,19,77,126,99,96,112,22,93,130" hai3="101,12,10,108,44,83,90,45,26,128,123,2,15"/><U43/><E34/><V6/><F126/><N who="0" m="48746" /><D110/><U51/><E118/><V56/><F130/><W92/><G123/><T14/><D105/><U117/><E117/><V100/><F71/><W16/><G2/><T21/><D113/><U80/><E65/><V35/><F35/><W9/><G128/><T27/><D134/><U75/><E127/><V131/><F131/><W58/><G108/><T135/><D135/><U88/><E31/><V67/><F112/><W95/><G26/><T8/><D129/><U17/><E75/><V86/><F6/><W64/><G83/><T76/><D76/><U18/><E88/><V120/><F120/><W62/><G101/><T109/><D109/><U102/><E102/><V82/><REACH who="2" step="1"/><F96/><REACH who="2" ten="412,272,56,250" step="2"/><N who="3" m="57367" /><G95/><T78/><D21/><U111/><E111/><V73/><F73/><W114/><G114/><T94/><D8/><U61/><E20/><V89/><F89/><W24/><G9/><T49/><D94/><U46/><E74/><V5/><F5/><W72/><G72/><T7/><D7/><U121/><E121/><V0/><F0/><W69/><G69/><T91/><D91/><U11/><E11/><V57/><F57/><W36/><G58/><T122/><D122/><U25/><E59/><V4/><F4/><W81/><G10/><T103/><D103/><U66/><E79/><V47/><F47/><W98/><G45/><T3/><D78/><U85/><E46/><V119/><F119/><W107/><G44/><T1/><D1/><U37/><E43/><V55/><F55/><W32/><G98/><T115/><D3/><U104/><E42/><RYUUKYOKU ba="0,1" sc="412,-10,272,-10,56,30,250,-10" hai2="13,19,22,38,56,60,67,77,82,86,93,99,100" /><INIT seed="6,1,1,0,1,23" ten="402,262,86,240" oya="2" hai0="17,119,19,73,10,90,115,24,25,108,47,74,34" hai1="52,116,94,96,110,126,27,117,12,45,59,112,32" hai2="121,107,105,135,101,14,64,102,120,125,131,53,40" hai3="7,6,95,3,111,46,92,129,133,97,78,72,43"/><V134/><F64/><W41/><G111/><T103/><D108/><U55/><E110/><V124/><F40/><W33/><G33/><T0/><D103/><N who="2" m="39434" /><F53/><W109/><G109/><T100/><D100/><U93/><E12/><V77/><F14/><W51/><G43/><T86/><D73/><U122/><E59/><V67/><F67/><W66/><G72/><T61/><D74/><U104/><E45/><V123/><F77/><W38/><G78/><T114/><D119/><U28/><E52/><V60/><F60/><W62/><G3/><T4/><D61/><U29/><E55/><V26/><F26/><N who="0" m="10346" /><D47/><U70/><E117/><V89/><F89/><W85/><G46/><T42/><D42/><U30/><E116/><V11/><F11/><W81/><G41/><T113/><D34/><U31/><E32/><V91/><F91/><W2/><G2/><T88/><D90/><U68/><E30/><V44/><F44/><W118/><G62/><T79/><D79/><U54/><E31/><V76/><F76/><W9/><G9/><T65/><D65/><U5/><E29/><V35/><F35/><W1/><G1/><T15/><D0/><U130/><E28/><V8/><F8/><W57/><G57/><T37/><D37/><U69/><E69/><V75/><F75/><W84/><G38/><T58/><D58/><U63/><E70/><V22/><F22/><W87/><G66/><T83/><AGARI ba="1,1" hai="4,10,15,17,19,83,86,88,113,114,115" m="10346" machi="83" ten="40,8000,1" yaku="15,1,52,3,54,1" doraHai="23" who="0" fromWho="0" sc="402,93,262,-21,86,-41,240,-21" /><INIT seed="7,0,0,3,2,27" ten="495,241,45,219" oya="3" hai0="21,18,60,6,33,112,8,121,89,66,86,103,68" hai1="75,83,35,13,34,16,52,88,96,11,90,63,41" hai2="127,115,50,122,130,101,2,51,107,134,100,36,124" hai3="9,28,30,117,119,113,3,47,54,110,22,37,73"/><W84/><G73/><T65/><D121/><U82/><E75/><V120/><F101/><W74/><G74/><T10/><D33/><U57/><E35/><V69/><F100/><W0/><G113/><T98/><D112/><U109/><E34/><V48/><F48/><W76/><G110/><T46/><D46/><U55/><E109/><V1/><F51/><W92/><G54/><N who="1" m="20522" /><E41/><V5/><F50/><W102/><G22/><T20/><D10/><U105/><E105/><V123/><F5/><W125/><G125/><T104/><D18/><U58/><E90/><V29/><F29/><W131/><G131/><T116/><D66/><N who="1" m="39279" /><E58/><V118/><F124/><W38/><G9/><T62/><D62/><U24/><E24/><V97/><F97/><W80/><G92/><AGARI ba="0,0" hai="11,13,16,82,83,88,92,96" m="39279,20522" machi="92" ten="30,7700,0" yaku="8,1,54,3" doraHai="27" who="1" fromWho="3" sc="495,0,241,77,45,0,219,-77" owari="495,59.0,318,12.0,45,-45.0,142,-26.0" /></mjloggm>