<mjloggm ver="2.3"><GO type="169" lobby="0"/><UN n0="%E9%9D%92%E5%B1%B1%E7%BE%8A" n1="%E6%9B%99%E4%B9%8B%E5%85%89" n2="%E3%82%A6%E3%83%AB%E3%83%88%E3%83%A9%E7%AB%8B%E7%9B%B4" n3="%E4%BA%8C%E9%9A%8E%E5%A0%82%E7%91%A0%E7%BE%8E%E3%81%AE%E4%BD%BF%E8%80%85" dan="16,16,18,16" rate="2107.72,2098.33,2242.05,2065.13" sx="M,F,M,M"/><TAIKYOKU oya="0"/><INIT seed="0,0,0,2,4,112" ten="250,250,250,250" oya="0" hai0="37,39,92,59,95,64,6,135,68,43,79,46,18" hai1="108,27,88,17,56,1,116,133,45,107,77,30,4" hai2="54,22,16,73,25,55,102,82,42,115,126,71,109" hai3="76,44,10,99,84,28,49,66,5,57,122,2,105"/><T78/><D6/><U41/><E107/><V69/><F115/><W118/><G122/><T50/><D39/><U61/><E108/><V33/><F42/><W98/><G28/><T9/><D135/><U90/><E77/><N who="0" m="29193" /><D68/><U60/><E133/><V67/><F73/><W134/><G134/><T12/><D37/><U94/><E116/><V13/><F82/><W51/><G105/><T38/><D38/><U121/><E121/><V97/><F126/><W31/><G31/><T63/><AGARI ba="0,0" hai="9,12,18,43,46,50,59,63,64,92,95" m="29193" machi="63" ten="30,1500,0" yaku="8,1" doraHai="112" who="0" fromWho="0" sc="250,15,250,-5,250,-5,250,-5" /><INIT seed="0,1,0,5,4,130" ten="265,245,245,245" oya="0" hai0="33,104,0,133,18,109,67,44,73,66,105,13,29" hai1="70,20,39,27,3,85,43,32,87,14,97,41,132" hai2="10,76,54,124,50,119,7,108,60,68,42,115,74" hai3="11,131,1,53,78,91,34,21,40,107,123,100,61"/><T118/><D73/><U23/><E70/><V101/><F115/><W110/><G34/><T125/><D118/><U51/><E3/><V95/><F108/><W80/><G110/><T65/><D109/><U117/><E117/><V111/><F111/><W69/><G131/><T36/><D36/><U126/><E126/><V49/><F101/><W82/><G40/><T94/><D44/><U92/><E32/><V46/><F95/><W5/><G123/><T52/><D0/><U113/><E113/><V9/><F9/><W45/><G91/><T28/><D125/><U56/><E14/><V30/><F30/><W79/><G21/><N who="1" m="8266" /><E27/><V89/><F89/><W57/><G69/><T63/><D105/><U134/><E39/><V96/><F10/><W55/><G55/><T26/><D104/><U64/><E43/><V12/><F42/><W77/><REACH who="3" step="1"/><G45/><REACH who="3" ten="265,245,245,235" step="2"/><T99/><D52/><N who="1" m="31775" /><E41/><V59/><F68/><W116/><G116/><T48/><D33/><U129/><E129/><V128/><F128/><W127/><G127/><T98/><D66/><U135/><E64/><V31/><F124/><W19/><G19/><T122/><D18/><U16/><E16/><V84/><F119/><W86/><G86/><T6/><D67/><U72/><E72/><V81/><F84/><W24/><G24/><T15/><D26/><U8/><E8/><N who="2" m="4127" /><F46/><W83/><G83/><T38/><D122/><U114/><E114/><V103/><F31/><W106/><G106/><T25/><D29/><U102/><AGARI ba="1,1" hai="85,87,92,97,102,132,134,135" m="31775,8266" machi="102" ten="40,8000,1" yaku="20,1,52,3,54,1" doraHai="130" who="1" fromWho="1" sc="265,-41,245,93,245,-21,235,-21" /><INIT seed="1,0,0,5,5,109" ten="224,338,224,214" oya="1" hai0="94,110,111,70,114,81,44,5,72,71,103,95,3" hai1="65,127,106,23,2,17,48,38,118,36,69,33,7" hai2="116,22,121,133,104,126,134,59,117,54,56,37,50" hai3="31,60,89,75,0,35,26,100,132,107,1,97,20"/><U66/><E118/><V90/><F104/><W45/><G75/><T115/><D44/><U28/><E106/><V98/><F98/><W61/><G132/><N who="2" m="50793" /><F90/><W43/><G35/><T84/><D5/><U19/><E127/><V129/><F22/><W49/><REACH who="3" step="1"/><G89/><REACH who="3" ten="224,338,224,204" step="2"/><N who="0" m="53543" /><D3/><AGARI ba="0,1" hai="0,1,3,20,26,31,43,45,49,60,61,97,100,107" machi="3" ten="40,1300,0" yaku="1,1,53,0" doraHai="109" doraHaiUra="79" who="3" fromWho="0" sc="224,-13,338,0,224,0,204,23" /><INIT seed="2,0,0,2,5,131" ten="211,338,224,227" oya="2" hai0="11,126,27,16,123,129,81,89,78,76,72,125,19" hai1="132,103,100,43,36,21,51,28,2,82,73,70,121" hai2="98,8,12,31,85,108,68,52,39,135,115,111,104" hai3="0,30,5,94,35,50,83,88,41,90,133,7,37"/><V101/><F39/><W122/><G122/><T45/><D123/><U77/><E70/><V128/><F68/><W75/><G37/><T4/><D78/><U54/><E121/><V114/><F31/><W106/><G106/><T10/><D129/><U118/><E118/><V117/><F117/><W69/><G69/><T110/><D110/><N who="2" m="42026" /><F128/><W56/><G0/><T84/><D27/><U15/><E2/><V92/><F135/><W24/><G133/><T86/><D11/><U29/><E132/><V57/><F85/><W42/><G90/><T40/><D126/><U34/><E100/><V102/><F102/><W64/><G42/><T61/><D125/><U112/><E43/><V124/><F104/><W95/><G95/><T17/><D61/><U119/><E103/><V127/><F115/><W46/><G75/><T60/><D60/><U65/><E73/><V71/><F71/><W48/><G83/><T99/><D99/><U23/><E29/><V66/><F66/><W25/><G64/><T3/><REACH who="0" step="1"/><D89/><REACH who="0" ten="201,338,224,227" step="2"/><U105/><E119/><V1/><F114/><W53/><REACH who="3" step="1"/><G25/><REACH who="3" ten="201,338,224,217" step="2"/><T116/><D116/><U59/><E112/><V9/><F1/><W44/><G44/><T74/><D74/><U58/><E15/><V107/><F127/><W13/><G13/><T33/><D33/><U79/><E34/><V18/><F124/><W87/><AGARI ba="0,2" hai="5,7,24,30,35,41,46,48,50,53,56,87,88,94" machi="87" ten="20,8000,1" yaku="1,1,0,1,7,1,54,1,53,1" doraHai="131" doraHaiUra="80" who="3" fromWho="3" sc="201,-20,338,-20,224,-40,217,100" /><INIT seed="3,0,0,1,5,6" ten="181,318,184,317" oya="3" hai0="32,2,102,123,96,64,70,109,13,43,48,12,15" hai1="106,28,14,34,35,57,49,91,117,20,132,115,134" hai2="73,111,129,44,122,69,27,18,0,119,22,81,41" hai3="124,19,4,99,108,33,85,40,113,47,5,24,98"/><W76/><G113/><T80/><D2/><U63/><E115/><V62/><F119/><W112/><G112/><T104/><D109/><U118/><E106/><V37/><F129/><W38/><G124/><T26/><D80/><U89/><E49/><V16/><F111/><W8/><G108/><T116/><D43/><U121/><E121/><V135/><F135/><N who="1" m="51753" /><E14/><V17/><F122/><W133/><G133/><T88/><D48/><U77/><E77/><V93/><F93/><W79/><G79/><T53/><D53/><N who="1" m="34223" /><E20/><V92/><F0/><W130/><G130/><T1/><D1/><U61/><E61/><V74/><F62/><W39/><G39/><T97/><D123/><U67/><E67/><V72/><F69/><W100/><G76/><T50/><D50/><U45/><E45/><V114/><F114/><W7/><G47/><T25/><D64/><U31/><E89/><V42/><F42/><W56/><G40/><T21/><D70/><U90/><E91/><V107/><F107/><W87/><G38/><T82/><D116/><N who="1" m="44651" /><E90/><V126/><F81/><W110/><G110/><T59/><D82/><U36/><E36/><V29/><REACH who="2" step="1"/><F92/><REACH who="2" ten="181,318,174,317" step="2"/><W60/><G60/><T94/><D94/><U131/><E131/><V75/><N who="2" m="18432" /><DORA hai="86" /><V52/><F52/><W51/><G99/><T101/><D97/><U10/><E35/><V23/><F23/><W83/><G98/><T128/><D21/><U9/><E34/><V68/><F68/><W11/><G33/><T120/><D32/><U95/><E95/><V103/><F103/><W105/><G100/><N who="0" m="62471" /><D128/><U30/><AGARI ba="0,1" hai="9,10,28,30,31" m="44651,34223,51753" machi="30" ten="40,8000,1" yaku="5,1,20,1,12,1,52,2" doraHai="6,86" who="1" fromWho="1" sc="181,-20,318,90,174,-20,317,-40" /><INIT seed="4,0,0,1,1,70" ten="161,408,154,277" oya="0" hai0="90,45,107,32,23,102,121,122,29,49,84,92,31" hai1="91,67,15,97,10,119,74,16,64,55,9,88,130" hai2="111,69,85,120,80,22,99,44,13,103,53,113,124" hai3="100,117,94,36,65,108,73,128,132,5,66,46,1"/><T62/><D32/><U63/><E119/><V131/><F69/><W60/><G117/><T26/><D31/><U38/><E74/><V52/><F111/><W105/><G108/><T98/><REACH who="0" step="1"/><D62/><REACH who="0" ten="151,408,154,277" step="2"/><U78/><E63/><V95/><F120/><W7/><G60/><T75/><D75/><U109/><E109/><V79/><F113/><W21/><G73/><T41/><AGARI ba="0,1" hai="23,26,29,41,45,49,84,90,92,98,102,107,121,122" machi="41" ten="20,3900,0" yaku="1,1,0,1,7,1,53,0" doraHai="70" doraHaiUra="3" who="0" fromWho="0" sc="151,49,408,-13,154,-13,277,-13" /><INIT seed="4,1,0,3,0,95" ten="200,395,141,264" oya="0" hai0="26,17,118,82,31,102,5,24,73,92,93,64,63" hai1="9,105,70,91,130,7,4,112,10,107,55,40,18" hai2="131,25,41,16,32,59,75,50,0,74,54,58,81" hai3="115,22,104,94,99,19,23,116,49,69,79,45,85"/><T33/><D5/><U128/><E70/><V101/><F0/><W46/><G104/><N who="1" m="40010" /><E40/><V124/><F131/><N who="1" m="50217" /><E112/><V57/><F124/><W134/><G116/><T90/><D118/><U30/><E30/><V108/><F108/><W11/><G134/><T106/><D24/><U133/><E133/><V61/><F101/><W127/><G127/><T21/><D73/><U1/><E18/><V119/><F119/><W34/><G34/><T98/><D82/><U80/><E55/><V15/><F41/><W48/><G69/><N who="0" m="42143" /><D93/><U20/><E20/><V135/><F135/><W6/><G115/><T51/><D51/><U125/><E125/><V88/><F74/><W83/><G49/><T36/><D36/><U3/><E80/><V52/><F32/><W66/><G48/><T120/><D120/><U67/><E67/><V44/><F25/><W28/><G66/><T123/><D123/><U117/><E91/><V129/><F129/><W86/><G28/><T65/><D65/><U53/><E53/><V78/><REACH who="2" step="1"/><F88/><REACH who="2" ten="200,395,131,264" step="2"/><W8/><G6/><N who="1" m="2090" /><E117/><V29/><F29/><W60/><G8/><AGARI ba="1,1" hai="1,3,8,9,10" m="2090,50217,40010" machi="8" ten="40,5200,0" yaku="28,2,19,1" doraHai="95" who="1" fromWho="3" sc="200,0,395,65,131,0,264,-55" /><AGARI ba="1,0" hai="8,15,16,44,50,52,54,57,58,59,61,75,78,81" machi="8" ten="30,7700,0" yaku="1,1,7,1,54,2,53,0" doraHai="95" doraHaiUra="38" who="2" fromWho="3" sc="200,0,460,0,131,77,209,-77" /><INIT seed="5,0,0,1,5,11" ten="200,460,208,132" oya="1" hai0="93,53,98,132,18,35,122,27,102,6,25,26,83" hai1="17,99,109,37,71,64,8,101,117,30,61,76,123" hai2="88,126,62,107,59,94,5,9,1,57,10,34,47" hai3="81,106,124,46,41,74,21,50,19,40,29,90,48"/><U15/><E117/><V95/><F107/><W91/><G106/><T24/><D132/><U75/><E123/><V104/><F104/><W129/><G124/><T23/><D122/><U52/><E30/><V55/><F34/><W0/><G129/><T73/><D6/><U120/><E120/><V111/><F111/><W86/><G0/><T114/><D114/><U68/><E37/><V66/><F126/><W80/><G29/><T125/><D73/><U20/><E109/><V79/><F79/><W92/><G74/><T121/><D83/><U56/><E76/><V7/><F47/><W43/><G50/><T135/><D135/><U14/><E64/><V118/><F88/><W103/><G103/><T69/><D69/><U16/><E75/><V113/><F113/><W108/><G108/><T105/><D125/><U110/><E110/><V134/><F118/><W3/><G3/><T96/><D53/><U119/><E119/><V87/><F87/><W36/><G36/><T39/><D39/><U127/><E127/><V85/><F85/><W89/><G80/><T45/><D45/><U128/><E128/><V115/><F134/><W49/><G49/><T12/><D121/><U22/><E8/><V112/><F112/><W131/><G131/><T82/><D82/><U70/><E70/><V38/><F38/><W65/><G65/><T28/><REACH who="0" step="1"/><D27/><REACH who="0" ten="190,460,208,132" step="2"/><U33/><E33/><V51/><F115/><W31/><G31/><T130/><D130/><U116/><E116/><V97/><F97/><N who="3" m="57487" /><G91/><AGARI ba="0,1" hai="12,18,23,24,25,26,28,35,91,93,96,98,102,105" machi="91" ten="30,3900,0" yaku="1,1,7,1,52,1,53,0" doraHai="11" doraHaiUra="58" who="0" fromWho="3" sc="190,49,460,0,208,0,132,-39" /><INIT seed="6,0,0,1,5,38" ten="239,460,208,93" oya="2" hai0="25,75,80,132,50,120,92,64,19,71,44,62,109" hai1="90,2,94,33,77,43,123,20,54,135,119,57,67" hai2="4,118,79,16,5,108,60,125,15,74,31,1,128" hai3="102,84,32,51,27,10,9,17,124,66,11,69,107"/><V82/><F118/><W39/><G124/><T70/><D109/><U12/><E33/><V121/><F121/><W91/><G39/><T49/><D75/><U22/><E119/><V29/><F128/><W112/><G112/><T14/><D25/><U63/><E2/><V111/><F60/><W68/><G51/><T6/><D6/><N who="2" m="2666" /><F1/><W58/><G58/><T131/><D131/><U61/><E77/><V28/><F28/><W106/><G106/><T88/><D50/><U134/><E12/><V37/><F37/><W72/><G72/><T89/><D89/><U113/><E113/><V83/><F83/><W96/><G69/><T73/><D73/><U99/><E43/><V59/><F59/><W34/><G34/><T13/><D13/><U126/><E126/><V56/><F56/><W24/><G24/><T85/><D120/><U101/><E123/><V7/><F7/><W8/><N who="3" m="2048" /><DORA hai="95" /><W35/><G17/><T18/><D71/><N who="1" m="42495" /><E101/><V55/><F55/><W117/><G117/><T21/><D19/><U122/><E122/><V87/><F74/><W52/><G52/><T103/><D103/><U42/><E42/><V114/><F114/><W115/><G115/><T40/><REACH who="0" step="1"/><D80/><REACH who="0" ten="229,460,208,93" step="2"/><U47/><E47/><V48/><F48/><W127/><G127/><T78/><D78/><U0/><E0/><V100/><F100/><W30/><G35/><T129/><D129/><U130/><E130/><V133/><F125/><W110/><G110/><T116/><D116/><U104/><E104/><V53/><F111/><W36/><G36/><T3/><D3/><U46/><E46/><RYUUKYOKU ba="0,1" sc="229,15,460,15,208,-15,93,-15" hai0="14,18,21,40,44,49,62,64,70,85,88,92,132" hai1="20,22,54,57,61,90,94,99,134,135" /><INIT seed="7,1,1,2,0,113" ten="244,475,193,78" oya="3" hai0="93,5,107,66,120,127,96,92,2,77,75,70,45" hai1="48,26,37,105,108,74,69,59,33,40,17,31,56" hai2="121,27,90,28,130,67,131,9,30,97,29,78,85" hai3="101,80,119,91,51,11,122,89,14,15,118,82,24"/><W84/><G122/><T125/><D66/><U47/><E105/><V39/><F39/><W87/><G101/><N who="0" m="62887" /><D70/><U49/><E69/><V106/><F67/><W126/><G126/><T128/><D120/><U52/><E74/><V123/><F9/><W18/><G24/><T132/><D45/><U133/><E133/><V111/><F111/><W104/><G104/><T53/><D53/><U34/><E108/><V76/><F27/><W42/><G15/><T134/><D5/><U60/><E33/><V117/><F117/><W95/><REACH who="3" step="1"/><G95/><REACH who="3" ten="244,475,193,68" step="2"/><T88/><D93/><U65/><E65/><V58/><F123/><W16/><G16/><T64/><D64/><U35/><E26/><V23/><F121/><W57/><G57/><T114/><D127/><U71/><E17/><V62/><F106/><W72/><G72/><T38/><D92/><U6/><E59/><V25/><F58/><W86/><G86/><T100/><D75/><U10/><E71/><V124/><F124/><W22/><G22/><T116/><D100/><U73/><E73/><V129/><F97/><W103/><G103/><T50/><D125/><U43/><E34/><V36/><F23/><W3/><G3/><T99/><D2/><U21/><E35/><V135/><F25/><W54/><G54/><T19/><D19/><U20/><E21/><V109/><F85/><W8/><G8/><T7/><D99/><U12/><E20/><V63/><F109/><W4/><G4/><T46/><D7/><U83/><E6/><V110/><F110/><W41/><G41/><N who="0" m="24911" /><D134/><U94/><E56/><V1/><F135/><RYUUKYOKU ba="1,2" sc="244,-10,475,-10,193,-10,68,30" hai3="11,14,18,42,51,80,82,84,87,89,91,118,119" /><INIT seed="7,2,2,4,0,94" ten="234,465,183,98" oya="3" hai0="116,87,29,63,3,0,51,77,33,74,125,11,95" hai1="122,5,123,112,90,107,84,53,72,129,78,2,109" hai2="89,115,9,111,39,76,10,133,17,34,68,128,56" hai3="27,61,50,12,80,62,42,127,70,81,57,24,113"/><W54/><G127/><T4/><D33/><U31/><E109/><V8/><F68/><W71/><G113/><T88/><D29/><U97/><E112/><V45/><F34/><W106/><G106/><T73/><D0/><U40/><E40/><V120/><F76/><W55/><G42/><T20/><D20/><U108/><E108/><V28/><F28/><W36/><G36/><T43/><D116/><U48/><E31/><V46/><F39/><W134/><G134/><T130/><D130/><U82/><E129/><V93/><F111/><W117/><G12/><T21/><D21/><U32/><E32/><V96/><F128/><W118/><G57/><T37/><D63/><U98/><E5/><V60/><F120/><W79/><REACH who="3" step="1"/><G50/><REACH who="3" ten="234,465,183,88" step="2"/><T49/><D51/><U83/><E2/><V22/><F115/><W41/><G41/><T131/><D49/><U126/><E126/><V105/><F105/><W67/><G67/><T47/><D125/><U91/><E107/><V114/><F114/><W6/><G6/><T23/><D131/><U19/><E48/><V110/><F133/><W102/><G102/><T25/><D4/><U58/><E122/><V16/><F110/><W15/><G15/><T30/><D43/><U66/><E66/><N who="2" m="39175" /><F17/><W65/><G65/><T119/><D37/><U14/><E58/><V100/><F100/><W101/><G101/><T75/><D3/><U64/><E64/><V132/><F132/><W18/><G18/><T35/><D119/><U7/><E7/><V86/><F16/><W44/><G44/><T104/><D47/><U135/><E19/><RYUUKYOKU ba="2,3" sc="234,-10,465,-10,183,-10,88,30" hai3="24,27,54,55,61,62,70,71,79,80,81,117,118" /><INIT seed="7,3,3,0,4,16" ten="224,455,173,118" oya="3" hai0="49,124,12,51,110,7,59,92,76,37,15,91,46" hai1="27,127,100,50,48,101,23,71,82,39,42,87,75" hai2="74,117,8,41,60,105,1,111,84,118,106,44,80" hai3="58,128,103,25,112,95,130,14,9,135,126,63,2"/><W10/><G112/><T43/><D110/><U83/><E71/><V35/><F84/><W115/><G115/><T29/><D76/><U98/><E39/><N who="2" m="21567" /><F60/><W129/><G126/><T93/><D37/><U61/><E61/><V107/><F35/><W69/><G69/><T20/><D93/><U132/><E132/><V119/><F111/><W70/><G70/><T113/><D7/><U99/><E75/><V81/><F81/><N who="1" m="30729" /><E87/><V120/><F120/><W30/><G135/><T36/><D36/><U85/><E85/><V94/><F94/><W125/><G125/><T5/><D5/><U53/><E42/><V13/><F13/><W133/><G133/><T122/><D122/><U116/><E116/><V66/><F66/><N who="3" m="39287" /><G2/><T33/><D33/><U67/><E67/><V56/><F107/><W4/><G9/><T45/><D113/><U88/><E127/><V54/><F106/><W73/><G73/><T38/><D38/><U89/><E48/><V72/><F105/><W55/><G55/><N who="0" m="32255" /><D124/><U108/><E108/><V114/><F114/><W34/><G95/><T11/><D11/><U96/><E100/><AGARI ba="3,3" hai="4,10,14,25,30,34,100,103,128,129,130" m="39287" machi="100" ten="30,1500,0" yaku="19,1" doraHai="16" who="3" fromWho="1" sc="224,0,455,-24,173,0,118,54" /><INIT seed="7,4,0,5,5,89" ten="224,431,173,172" oya="3" hai0="110,25,27,11,23,128,22,38,40,72,112,14,73" hai1="52,47,49,15,101,29,8,121,18,133,68,98,122" hai2="48,1,16,69,59,102,9,35,6,134,86,97,108" hai3="37,82,105,39,53,55,129,32,62,78,135,92,120"/><W77/><G105/><T96/><D38/><U34/><E133/><V54/><F108/><W91/><G120/><T114/><D40/><U124/><E124/><V79/><F35/><W75/><G32/><T80/><D80/><U123/><E68/><V31/><F31/><W95/><G135/><T64/><D64/><U116/><E116/><V10/><F69/><W83/><G129/><T41/><D41/><U46/><E34/><V87/><F79/><W66/><G66/><T26/><D96/><U109/><E29/><V0/><F134/><W90/><G62/><T21/><D110/><U58/><REACH who="1" step="1"/><E109/><REACH who="1" ten="224,421,173,172" step="2"/><V74/><F74/><AGARI ba="4,1" hai="37,39,53,55,74,75,77,78,82,83,90,91,92,95" machi="74" ten="25,9600,0" yaku="22,2,52,2" doraHai="89" who="3" fromWho="2" sc="224,0,421,0,173,-108,172,118" /><INIT seed="7,5,0,5,5,15" ten="224,421,65,290" oya="3" hai0="64,83,23,74,0,69,91,80,134,35,76,34,40" hai1="46,33,58,111,72,96,84,99,114,73,54,133,127" hai2="14,55,25,121,102,1,65,39,90,78,109,117,87" hai3="47,17,115,68,71,50,101,62,36,98,97,125,104"/><W5/><G115/><T89/><D69/><U131/><E111/><V120/><F1/><W94/><G125/><T31/><D64/><U61/><E114/><V8/><F39/><W92/><G5/><T135/><D0/><U70/><E127/><V44/><F109/><W32/><G36/><T11/><D11/><U128/><E33/><V119/><F120/><W77/><G77/><T79/><D23/><U59/><E70/><V9/><F121/><W4/><G32/><T81/><D31/><U107/><E107/><V112/><F112/><W116/><G104/><T122/><D40/><U19/><E46/><V105/><F78/><W56/><G4/><T110/><D122/><U130/><E133/><V52/><F9/><W3/><G17/><T53/><D53/><N who="1" m="33999" /><E84/><V30/><F65/><W60/><G3/><T113/><D113/><U29/><E29/><V88/><F102/><W21/><G21/><T126/><D110/><U106/><E19/><V43/><F105/><W95/><G116/><T38/><D38/><U10/><E10/><V2/><F2/><W67/><G60/><T42/><D42/><U93/><E106/><V100/><F119/><W108/><G108/><T82/><D126/><U45/><E45/><V66/><F44/><W57/><G71/><T63/><D63/><N who="1" m="36343" /><E96/><N who="3" m="36970" /><G101/><AGARI ba="5,0" hai="72,73,93,99,101,128,130,131" m="36343,33999" machi="101" ten="30,1000,0" yaku="19,1" doraHai="15" who="1" fromWho="3" sc="224,0,421,25,65,0,290,-25" owari="224,-18.0,446,54.0,65,-43.0,265,7.0" /></mjloggm>