<mjloggm ver="2.3"><GO type="169" lobby="0"/><UN n0="%E3%83%8A%E3%82%A4%E3%83%AB%E3%83%91%E3%83%BC%E3%83%81" n1="%E2%80%A0%41%71%75%61%E2%80%A0" n2="%E3%83%88%E3%83%88%E3%83%AA%E5%85%88%E7%94%9F%31%39%E6%AD%B3" n3="%E3%82%86%E3%81%A3%E3%81%8F%E3%82%8A%E5%A6%96%E5%A4%A2" dan="16,18,19,16" rate="2074.77,2195.84,2323.09,2136.59" sx="M,M,F,M"/><TAIKYOKU oya="0"/><INIT seed="0,0,0,0,4,67" ten="250,250,250,250" oya="0" hai0="10,96,110,20,24,124,59,88,17,60,19,104,111" hai1="13,52,86,58,83,74,115,72,33,78,4,64,107" hai2="48,71,39,73,116,12,36,31,91,79,125,6,28" hai3="3,84,55,85,75,123,109,102,38,40,87,15,62"/><T34/><D124/><U32/><E107/><V133/><F125/><W92/><G3/><T132/><D132/><U18/><E115/><V126/><F126/><W130/><G109/><N who="0" m="41483" /><D34/><U101/><E4/><V43/><F12/><W25/><G75/><T80/><D104/><U27/><E64/><V37/><F6/><W112/><G112/><T22/><D10/><U128/><E101/><V81/><F116/><W108/><G108/><T93/><D80/><U14/><E14/><V135/><F91/><W1/><G1/><T113/><D113/><U53/><E128/><V26/><F31/><W118/><G25/><T117/><D117/><U122/><E122/><V94/><F94/><W99/><G118/><T105/><D105/><U61/><E53/><V9/><F9/><W76/><G123/><T46/><D46/><U106/><E106/><V89/><F89/><W134/><G134/><T11/><D11/><U90/><E90/><V44/><REACH who="2" step="1"/><F71/><REACH who="2" ten="250,250,240,250" step="2"/><W65/><G15/><T45/><D24/><U16/><E13/><V7/><F7/><W49/><G130/><T114/><D114/><U120/><E120/><V70/><F70/><W98/><G92/><T103/><D103/><U2/><E2/><V119/><F119/><W129/><G102/><T23/><D45/><U5/><E5/><V131/><F131/><W51/><G129/><T0/><D0/><U57/><E27/><V77/><F77/><W56/><G76/><T68/><D68/><U54/><E18/><V100/><F100/><W97/><G65/><AGARI ba="0,1" hai="17,19,20,22,23,59,60,65,88,93,96" m="41483" machi="65" ten="30,5800,0" yaku="14,1,10,1,54,1" doraHai="67" who="0" fromWho="3" sc="250,68,250,0,240,0,250,-58" /><INIT seed="0,1,0,5,1,57" ten="318,250,240,192" oya="0" hai0="28,76,55,9,37,18,54,90,100,105,80,129,33" hai1="115,58,110,116,93,111,79,7,40,73,26,44,0" hai2="49,108,23,131,71,95,97,125,20,61,34,43,64" hai3="132,36,10,94,65,127,47,11,98,8,69,1,123"/><T45/><D129/><U135/><E116/><V2/><F34/><W32/><G32/><T106/><D90/><U63/><E135/><V101/><F2/><W102/><G132/><T21/><D33/><U70/><E115/><V30/><F131/><W35/><G35/><T92/><D28/><U42/><E26/><V31/><F108/><N who="1" m="41513" /><E70/><V14/><F125/><W119/><G127/><T77/><D9/><N who="1" m="2279" /><E93/><V122/><F122/><W16/><G119/><T50/><D37/><U133/><E133/><V120/><F120/><W87/><G123/><T75/><D77/><U72/><E79/><V81/><F81/><W83/><G1/><T118/><D118/><U107/><E107/><V67/><F67/><W113/><G113/><T91/><D100/><U17/><E17/><V52/><F43/><N who="1" m="16425" /><E44/><V48/><F48/><W74/><G47/><T46/><D46/><U124/><E124/><V3/><F3/><W103/><G103/><T86/><REACH who="0" step="1"/><D55/><AGARI ba="1,0" hai="55,58,63,72,73" m="16425,2279,41513" machi="55" ten="30,2000,0" yaku="14,1,52,1" doraHai="57" who="1" fromWho="0" sc="318,-23,250,23,240,0,192,0" /><INIT seed="1,0,0,2,0,109" ten="295,273,240,192" oya="1" hai0="134,93,115,26,132,72,68,44,37,12,41,29,130" hai1="131,2,23,114,18,55,81,103,125,15,65,9,66" hai2="39,35,75,51,129,82,128,97,62,117,48,20,119" hai3="14,33,110,80,1,17,27,122,124,126,116,25,52"/><U90/><E131/><N who="2" m="50251" /><F35/><W99/><G110/><T30/><D130/><U84/><E125/><N who="3" m="48234" /><G1/><T96/><D68/><U85/><E103/><V102/><F39/><W105/><G122/><T50/><D72/><U13/><E2/><V64/><F20/><W112/><G116/><N who="2" m="44617" /><F82/><W111/><G111/><T61/><D61/><U8/><E114/><V92/><F75/><W101/><G112/><T118/><D115/><U49/><E84/><V88/><F102/><W98/><G33/><T89/><D118/><U60/><E60/><V32/><F32/><W21/><G99/><T54/><D26/><U108/><E108/><V56/><AGARI ba="0,0" hai="48,51,56,62,64,88,92,97" m="44617,50251" machi="56" ten="30,2000,0" yaku="19,1,54,1" doraHai="109" who="2" fromWho="2" sc="295,-5,273,-10,240,20,192,-5" /><INIT seed="2,0,0,5,5,34" ten="290,263,260,187" oya="2" hai0="113,62,54,104,114,103,120,118,127,51,20,28,21" hai1="19,7,76,85,100,79,73,97,41,126,69,115,63" hai2="26,105,44,43,96,56,52,47,58,6,130,80,133" hai3="15,12,1,132,59,90,18,101,68,78,117,106,70"/><V119/><F119/><W122/><G117/><T65/><D118/><U25/><E115/><V10/><F130/><W108/><G122/><T71/><D120/><U107/><E73/><V134/><F26/><W123/><G123/><T36/><D36/><U89/><E126/><V32/><F32/><W49/><G78/><T110/><D127/><U29/><E41/><V75/><F58/><W46/><G108/><T109/><D103/><U57/><E19/><V5/><F5/><W74/><G74/><T42/><D42/><U17/><E17/><V135/><F43/><W9/><G132/><T112/><D104/><U88/><E7/><V116/><F116/><W24/><G24/><T81/><D81/><N who="1" m="49199" /><E57/><V82/><F96/><W72/><G72/><T50/><D28/><U98/><E89/><V92/><F92/><W16/><G1/><T95/><D95/><U91/><E91/><V53/><F105/><W64/><G90/><T131/><D20/><U37/><E98/><V4/><F4/><W66/><G101/><T0/><D21/><U124/><E37/><V8/><F8/><N who="3" m="6247" /><G106/><T67/><D0/><U13/><E13/><N who="2" m="5335" /><F75/><W111/><G111/><N who="0" m="42507" /><D131/><U31/><E124/><V33/><F33/><W125/><G125/><T22/><D22/><N who="1" m="15543" /><E31/><V48/><F44/><W99/><G46/><N who="0" m="27991" /><D67/><N who="3" m="25641" /><G99/><T83/><D83/><U11/><E11/><V45/><F45/><W86/><G86/><T84/><D84/><U102/><E102/><V60/><AGARI ba="0,0" hai="47,48,52,53,56,60,80,82,133,134,135" m="5335" machi="60" ten="30,3000,0" yaku="20,1,54,1" doraHai="34" who="2" fromWho="2" sc="290,-10,263,-10,260,30,187,-10" /><INIT seed="2,1,0,1,4,128" ten="280,253,290,177" oya="2" hai0="49,109,20,36,96,132,84,44,82,14,106,60,85" hai1="134,79,104,110,32,19,71,80,135,41,70,7,34" hai2="102,25,16,18,76,59,11,47,40,107,64,68,56" hai3="35,24,131,130,83,75,77,22,99,108,53,87,116"/><V29/><F76/><W30/><G116/><T119/><D109/><U38/><E19/><V103/><F68/><N who="1" m="26153" /><E7/><V89/><F89/><W129/><G108/><T125/><D36/><U93/><E93/><V65/><F56/><W58/><G99/><T88/><D119/><U4/><E4/><V69/><F59/><W86/><REACH who="3" step="1"/><G35/><REACH who="3" ten="280,253,290,167" step="2"/><T115/><D96/><U97/><E110/><V37/><F107/><W124/><G124/><T52/><D125/><U122/><E32/><V98/><F98/><W67/><G67/><T72/><D106/><U33/><E34/><V27/><F65/><W90/><G90/><T111/><D111/><U112/><E33/><V95/><F64/><W61/><AGARI ba="1,1" hai="22,24,30,53,58,61,75,77,83,86,87,129,130,131" machi="61" ten="30,4000,0" yaku="1,1,0,1,19,1,53,0" doraHai="128" doraHaiUra="1" who="3" fromWho="3" sc="280,-11,253,-11,290,-21,167,53" /><INIT seed="3,0,0,1,5,134" ten="269,242,269,220" oya="3" hai0="110,59,107,16,38,81,96,45,20,56,60,115,49" hai1="126,75,67,47,25,93,90,44,69,61,131,106,35" hai2="76,129,70,122,91,66,124,74,120,80,23,73,17" hai3="50,28,36,26,109,15,37,21,68,84,3,8,33"/><W55/><G68/><T101/><D110/><U92/><E131/><V95/><F129/><W41/><G109/><T40/><D115/><U65/><E75/><V10/><F74/><W105/><G105/><T104/><D104/><U1/><E1/><V46/><F10/><W114/><G114/><T53/><D81/><U9/><E106/><V0/><F0/><W4/><G41/><T86/><D86/><U19/><E35/><V5/><F5/><W116/><G116/><T130/><D130/><U64/><E93/><V88/><F124/><W51/><G84/><T121/><D121/><N who="2" m="46698" /><F46/><W30/><G51/><T82/><D82/><U48/><E44/><V111/><F111/><W89/><G89/><T98/><D98/><U58/><E69/><V13/><F95/><W62/><G62/><AGARI ba="0,0" hai="13,17,23,62,66,70,73,76,80,88,91" m="46698" machi="62" ten="30,2000,0" yaku="13,1,54,1" doraHai="134" who="2" fromWho="3" sc="269,0,242,0,269,20,220,-20" /><INIT seed="4,0,0,5,1,70" ten="269,242,289,200" oya="0" hai0="61,87,44,102,8,67,105,77,29,89,79,72,69" hai1="34,65,53,15,5,31,117,107,100,11,91,88,2" hai2="54,60,71,23,109,122,52,115,12,21,40,6,51" hai3="103,32,86,92,16,127,17,73,4,49,76,20,83"/><T47/><D29/><U38/><E117/><V135/><F122/><W133/><G32/><T62/><D72/><U112/><E112/><V37/><F109/><W93/><G127/><T95/><D61/><U57/><E65/><N who="2" m="41383" /><F54/><W130/><G130/><T84/><D84/><U128/><E128/><V110/><F6/><W124/><G133/><T55/><D8/><U74/><E74/><V106/><F106/><W125/><G4/><T98/><REACH who="0" step="1"/><D55/><REACH who="0" ten="259,242,289,200" step="2"/><U35/><E31/><V123/><F52/><W25/><G73/><T58/><D58/><U64/><E57/><V78/><F115/><W9/><G125/><T43/><D43/><U111/><E53/><V28/><F40/><W99/><G124/><T82/><D82/><U30/><E30/><V56/><F56/><W46/><G9/><T63/><D63/><U10/><E10/><V14/><F28/><W22/><G46/><AGARI ba="0,1" hai="44,46,47,62,67,69,77,79,87,89,95,98,102,105" machi="46" ten="40,2000,0" yaku="1,1,53,0" doraHai="70" doraHaiUra="119" who="0" fromWho="3" sc="259,30,242,0,289,0,200,-20" /><INIT seed="4,1,0,0,5,59" ten="289,242,289,180" oya="0" hai0="88,32,76,127,87,11,121,64,113,77,110,9,18" hai1="78,114,47,102,72,85,57,104,3,101,62,84,100" hai2="28,29,134,107,37,7,95,124,74,34,116,38,128" hai3="80,21,99,30,27,130,115,108,69,1,75,86,71"/><T60/><D121/><U6/><E104/><V65/><F107/><W0/><G108/><T48/><D113/><U81/><E114/><V24/><F74/><W68/><G115/><T54/><D32/><U63/><E3/><V58/><F128/><W133/><G130/><T83/><D127/><U15/><E47/><V70/><F134/><W52/><G133/><T40/><D40/><U123/><E123/><V16/><F70/><W112/><G112/><T51/><D51/><U97/><E97/><V45/><F7/><W14/><G75/><T79/><D110/><U39/><E39/><V42/><F38/><W31/><G31/><T103/><D103/><U56/><E6/><V96/><F116/><W119/><G119/><T122/><D122/><U50/><E15/><V109/><F124/><W118/><G99/><T91/><D91/><U33/><E33/><V82/><F82/><W106/><G106/><T131/><D18/><U41/><E41/><V90/><F109/><W120/><G120/><T61/><D131/><U20/><E20/><V73/><F73/><W2/><G118/><T92/><D64/><N who="1" m="38983" /><E50/><N who="2" m="26935" /><F34/><W12/><REACH who="3" step="1"/><G52/><REACH who="3" ten="289,242,289,170" step="2"/><T36/><D36/><U53/><E72/><V93/><F37/><W117/><G117/><T13/><D54/><N who="1" m="34231" /><E84/><V89/><F28/><W126/><G126/><T19/><D48/><U22/><E53/><V129/><F29/><W111/><G111/><T4/><REACH who="0" step="1"/><D83/><REACH who="0" ten="279,242,289,170" step="2"/><U8/><E81/><V23/><F129/><W17/><G17/><T94/><D94/><N who="2" m="35850" /><F96/><W125/><G125/><T35/><D35/><U132/><E132/><V26/><F16/><RYUUKYOKU ba="1,2" sc="279,15,242,-15,289,-15,170,15" hai0="4,9,11,13,19,60,61,76,77,79,87,88,92" hai3="0,1,2,12,14,21,27,30,68,69,71,80,86" /><INIT seed="4,2,2,4,5,103" ten="294,227,274,185" oya="0" hai0="122,123,73,4,125,2,57,32,132,93,118,50,36" hai1="97,44,75,87,86,49,110,70,94,131,114,126,28" hai2="41,29,27,67,54,116,108,7,79,14,0,12,10" hai3="77,59,84,51,98,16,99,82,101,71,104,111,11"/><T66/><D118/><U37/><E110/><V100/><F108/><W56/><G111/><T69/><D36/><U21/><E37/><V64/><F116/><W113/><G113/><T35/><D73/><U124/><E75/><V53/><F79/><W76/><G71/><T9/><D69/><U5/><E70/><V109/><F41/><W121/><G121/><T85/><D132/><U129/><E5/><V80/><F80/><W8/><G77/><T65/><D125/><N who="1" m="48235" /><E114/><V74/><F74/><W39/><G39/><T81/><D93/><U133/><E21/><V55/><F109/><W23/><G99/><T88/><D66/><U128/><E28/><V24/><F100/><W42/><G59/><T60/><REACH who="0" step="1"/><D50/><REACH who="0" ten="284,227,274,185" step="2"/><U63/><E133/><V48/><F48/><W91/><G51/><T25/><D25/><U115/><E115/><V78/><F27/><W34/><G42/><T102/><D102/><N who="1" m="60727" /><E63/><V130/><F24/><W72/><G72/><T1/><D1/><U120/><E120/><AGARI ba="2,3" hai="2,4,9,32,35,57,60,65,81,85,88,120,122,123" machi="120" ten="40,3900,0" yaku="1,1,54,1,53,0" doraHai="103" doraHaiUra="89" who="0" fromWho="1" sc="284,75,227,-45,274,0,185,0" /><INIT seed="4,3,0,5,4,106" ten="359,182,274,185" oya="0" hai0="80,125,47,95,31,34,49,124,1,93,59,52,121" hai1="131,88,21,118,37,75,74,8,112,30,103,64,133" hai2="26,90,35,44,126,43,110,105,92,127,22,11,129" hai3="10,55,119,53,61,0,79,94,72,24,17,15,71"/><T51/><D121/><U13/><E118/><V58/><F110/><W66/><G119/><T16/><D1/><U23/><E37/><V77/><F35/><W78/><G0/><T113/><D113/><U135/><E112/><V36/><F105/><W115/><G115/><T100/><D100/><U27/><E131/><V48/><F129/><W114/><G114/><T132/><D132/><N who="1" m="50763" /><E103/><V38/><F11/><W134/><G134/><T97/><D97/><U45/><E64/><V57/><F77/><W54/><G72/><N who="1" m="27690" /><E45/><V25/><F38/><W81/><G81/><T130/><D80/><U62/><E62/><V46/><F46/><W69/><G69/><T108/><D130/><U67/><E67/><V7/><F36/><W6/><G94/><T20/><D93/><U60/><E60/><V14/><F92/><W91/><G91/><T28/><D95/><U19/><E88/><V111/><F44/><W117/><G117/><T98/><D98/><U85/><E85/><V12/><F90/><W84/><G84/><T41/><D108/><U33/><AGARI ba="3,0" hai="8,13,19,21,23,27,30,33" m="27690,50763" machi="33" ten="30,7900,0" yaku="20,1,52,3" doraHai="106" who="1" fromWho="1" sc="359,-42,182,88,274,-23,185,-23" /><INIT seed="5,0,0,5,5,131" ten="317,270,251,162" oya="1" hai0="72,2,58,67,38,135,126,59,51,12,92,15,105" hai1="127,79,71,75,11,69,43,52,80,73,97,70,101" hai2="14,54,107,130,34,50,27,125,133,129,66,33,3" hai3="10,42,108,46,22,5,4,36,86,84,62,96,20"/><U85/><E127/><V47/><F3/><W83/><G108/><T35/><D38/><U45/><E11/><V82/><F107/><W16/><G22/><T123/><D105/><U103/><E52/><N who="2" m="29791" /><F125/><W114/><G114/><T98/><D72/><U63/><E63/><V104/><F104/><W88/><G96/><T13/><D35/><U19/><E19/><V26/><F66/><W37/><G37/><T64/><D2/><U94/><REACH who="1" step="1"/><E103/><REACH who="1" ten="317,260,251,162" step="2"/><V57/><F54/><W124/><G124/><T112/><D126/><U29/><E29/><V31/><F31/><W18/><G62/><T48/><D112/><U61/><E61/><V56/><F129/><W44/><G44/><T118/><D67/><U119/><E119/><V9/><F9/><W78/><G10/><T0/><D64/><U90/><E90/><V113/><F130/><W122/><G122/><T30/><D123/><U95/><E95/><V89/><F89/><W7/><REACH who="3" step="1"/><G20/><REACH who="3" ten="317,260,251,152" step="2"/><T65/><D118/><U91/><E91/><V93/><F113/><W49/><G49/><AGARI ba="0,2" hai="43,45,49,69,70,71,73,75,79,80,85,94,97,101" machi="49" ten="40,2000,0" yaku="1,1,53,0" doraHai="131" doraHaiUra="25" who="1" fromWho="3" sc="317,0,260,40,251,0,152,-20" /><INIT seed="5,1,0,5,0,80" ten="317,300,251,132" oya="1" hai0="126,116,47,28,73,39,84,102,14,65,61,52,131" hai1="124,90,71,82,0,107,30,31,86,81,57,92,93" hai2="9,69,94,79,1,41,36,44,98,91,104,115,100" hai3="83,78,2,103,10,101,72,50,108,8,60,67,58"/><U114/><E71/><V96/><F69/><W120/><G108/><T21/><D116/><U19/><E107/><V24/><F115/><W77/><G120/><T66/><D73/><U127/><E114/><V110/><F110/><W55/><G78/><T18/><D102/><U35/><E0/><V135/><F135/><W48/><G48/><N who="0" m="28703" /><D39/><U99/><E19/><V12/><F1/><W42/><G42/><T25/><D126/><N who="1" m="48171" /><E57/><V97/><F79/><W59/><REACH who="3" step="1"/><G10/><REACH who="3" ten="317,300,251,122" step="2"/><N who="0" m="6487" /><D131/><U34/><E34/><V70/><F41/><W43/><G43/><T109/><D109/><U56/><E35/><V53/><F9/><W122/><G122/><T87/><D61/><U17/><E31/><V64/><F36/><W118/><G118/><T45/><D45/><U15/><E30/><V27/><F44/><W63/><G63/><T74/><D74/><U125/><E125/><V117/><F117/><W128/><G128/><T133/><D133/><U6/><E56/><V85/><F70/><W130/><G130/><T95/><D65/><U132/><E132/><V20/><F64/><W13/><G13/><T11/><D66/><U26/><E15/><V7/><F53/><W112/><G112/><T113/><D113/><U46/><E46/><V68/><F68/><W29/><G29/><T32/><D32/><U88/><E6/><AGARI ba="1,1" hai="2,6,8,50,55,58,59,60,67,72,77,83,101,103" machi="6" ten="40,1300,0" yaku="1,1,53,0" doraHai="80" doraHaiUra="22" who="3" fromWho="1" sc="317,0,300,-16,251,0,122,26" /><INIT seed="6,0,0,2,4,95" ten="317,284,251,148" oya="2" hai0="45,9,107,81,110,73,83,130,57,132,112,78,109" hai1="54,41,98,7,56,58,63,69,123,120,86,59,50" hai2="131,55,90,33,4,15,114,27,129,10,89,80,122" hai3="117,66,105,93,17,44,68,29,38,6,116,24,106"/><V36/><F122/><N who="1" m="46633" /><E7/><V37/><F114/><W91/><G6/><T92/><D9/><U121/><N who="1" m="46641" /><U47/><DORA hai="5" /><E86/><N who="2" m="50375" /><F55/><W126/><G126/><T113/><D45/><N who="1" m="27983" /><E98/><V64/><F64/><W96/><G66/><T71/><D71/><U1/><E1/><V60/><F60/><W21/><G68/><T118/><D57/><U62/><E69/><V14/><F14/><W77/><G77/><N who="0" m="44207" /><D118/><U52/><E62/><V94/><F27/><W133/><G133/><T12/><D132/><U31/><E31/><V124/><F124/><W128/><G128/><N who="2" m="49225" /><F33/><W85/><G116/><T134/><D12/><U76/><E76/><V70/><F70/><W48/><G117/><T53/><D53/><U19/><E19/><V67/><F67/><W8/><G38/><AGARI ba="0,0" hai="38,41,47,52,56,58,59,63" m="27983,46641" machi="38" ten="40,8000,1" yaku="13,1,34,2,54,1" doraHai="95,5" who="1" fromWho="3" sc="317,0,284,80,251,0,148,-80" /><INIT seed="7,0,0,1,2,24" ten="317,364,251,68" oya="3" hai0="37,116,108,53,6,32,88,55,33,0,35,75,119" hai1="104,58,7,40,27,79,126,16,129,21,103,23,120" hai2="19,30,80,52,93,66,64,22,49,15,74,56,3" hai3="2,89,71,51,42,94,43,106,26,14,135,36,107"/><W68/><G2/><T102/><D37/><U118/><E120/><V17/><F3/><W45/><G135/><T100/><D75/><U57/><E126/><V44/><F74/><W123/><G123/><T11/><D108/><U70/><E70/><V95/><F80/><W125/><G125/><T9/><D88/><U69/><E69/><V54/><F30/><W127/><G127/><T77/><D77/><U41/><E129/><V38/><F38/><W50/><G71/><T92/><D92/><U34/><E34/><V25/><F66/><W128/><G68/><T91/><D91/><U124/><E124/><V112/><F64/><W115/><G128/><T86/><D86/><U132/><E132/><V101/><F101/><N who="0" m="39018" /><D6/><U62/><E7/><V99/><F99/><W73/><G73/><T83/><D83/><U31/><E79/><V60/><REACH who="2" step="1"/><F112/><REACH who="2" ten="317,364,241,68" step="2"/><W39/><G115/><T18/><D0/><U109/><E103/><V48/><F48/><W47/><G14/><T85/><D85/><U82/><E82/><V59/><F59/><W121/><G107/><T117/><D18/><U4/><E16/><V87/><F87/><W111/><G106/><T20/><D20/><AGARI ba="0,1" hai="15,17,19,20,22,25,44,49,52,54,56,60,93,95" machi="20" ten="30,7700,0" yaku="1,1,7,1,8,1,54,1,53,0" doraHai="24" doraHaiUra="114" who="2" fromWho="0" sc="317,-77,364,0,241,87,68,0" owari="240,-16.0,364,46.0,328,13.0,68,-43.0" /></mjloggm>