<mjloggm ver="2.3"><GO type="169" lobby="0"/><UN n0="%E3%82%A2%E3%83%99%E3%83%8E%E3%83%9F%E3%82%AF%E3%82%B9" n1="%E3%83%88%E3%83%88%E3%83%AA%E5%85%88%E7%94%9F%31%39%E6%AD%B3" n2="%E6%A1%9C%E4%BA%95%E3%81%95%E3%82%93" n3="%E3%81%84%E3%81%9F%E3%83%92%E3%83%AD" dan="16,19,17,16" rate="2045.00,2308.42,2139.86,2069.81" sx="F,F,M,M"/><TAIKYOKU oya="0"/><INIT seed="0,0,0,4,1,101" ten="250,250,250,250" oya="0" hai0="118,104,42,40,84,122,71,68,47,8,44,85,18" hai1="135,7,94,30,121,59,112,120,57,126,110,73,37" hai2="102,72,64,17,16,45,130,87,105,54,50,70,91" hai3="15,75,113,80,3,43,86,32,61,115,60,38,19"/><T6/><D122/><U31/><E73/><V1/><F1/><W90/><G32/><T69/><D118/><U9/><E37/><V27/><F72/><W35/><G35/><T117/><D117/><U10/><E94/><V24/><F130/><W97/><G3/><T52/><D18/><U81/><E81/><V107/><F70/><W134/><G134/><T109/><D109/><U25/><E110/><V83/><F64/><W76/><G97/><T58/><D104/><U78/><E78/><V96/><F107/><W55/><G61/><T67/><D67/><U66/><E66/><V92/><F105/><W4/><G4/><T128/><D128/><U132/><E25/><AGARI ba="0,0" hai="16,17,24,25,27,45,50,54,83,87,91,92,96,102" machi="25" ten="40,2600,0" yaku="8,1,54,1" doraHai="101" who="2" fromWho="1" sc="250,0,250,-26,250,26,250,0" /><INIT seed="1,0,0,4,3,70" ten="250,224,276,250" oya="1" hai0="95,69,13,3,117,9,48,44,114,111,24,110,71" hai1="128,123,29,76,116,59,40,122,16,53,72,113,14" hai2="134,27,2,83,21,77,130,115,54,15,105,75,64" hai3="87,82,11,101,88,49,23,73,135,1,84,26,68"/><U5/><E113/><V22/><F2/><W107/><G73/><T25/><D114/><U19/><E116/><V6/><F105/><W7/><G68/><N who="0" m="26187" /><D3/><U118/><E118/><V127/><F64/><W55/><G135/><T126/><D95/><U121/><E128/><V10/><F127/><W60/><G60/><T35/><D35/><U78/><E29/><V104/><F104/><W56/><G107/><T31/><D31/><U61/><E72/><V32/><F134/><W17/><G87/><T93/><D93/><U58/><E5/><V86/><F130/><W43/><G43/><N who="0" m="24607" /><D126/><U109/><E109/><N who="0" m="41481" /><D117/><U106/><E106/><V74/><F32/><W102/><AGARI ba="0,0" hai="1,7,11,17,23,26,49,55,56,82,84,88,101,102" machi="102" ten="30,2000,0" yaku="0,1,54,1" doraHai="70" who="3" fromWho="3" sc="250,-5,224,-10,276,-5,250,20" /><INIT seed="2,0,0,3,4,68" ten="245,214,271,270" oya="2" hai0="5,20,62,74,81,93,121,63,105,21,89,92,101" hai1="117,90,85,99,14,129,135,71,28,3,83,49,84" hai2="24,54,79,75,6,60,65,57,73,66,109,102,26" hai3="125,17,96,7,40,41,123,86,111,42,51,61,87"/><V100/><F6/><W30/><G123/><T34/><D121/><U9/><E117/><V130/><F130/><W43/><G125/><T2/><D34/><U98/><E3/><V53/><F57/><W58/><G111/><T39/><D105/><U52/><E71/><V44/><F44/><W94/><G51/><T114/><D114/><U56/><E129/><V29/><F79/><W35/><G7/><T15/><D101/><U10/><E135/><V19/><F19/><W77/><G77/><T36/><D5/><U47/><E28/><V107/><F107/><W97/><G97/><T122/><D122/><U22/><E22/><V128/><F128/><W118/><G118/><T64/><D15/><U91/><E56/><V27/><F27/><W45/><G45/><T50/><D50/><U0/><E0/><V48/><F48/><W31/><G17/><T16/><D16/><N who="1" m="8271" /><E10/><V124/><F124/><W12/><G12/><T4/><D4/><U108/><E108/><V33/><F109/><W32/><G32/><T115/><D2/><U131/><E131/><V82/><F33/><W80/><G35/><T76/><D115/><U11/><E11/><V70/><F70/><W78/><G86/><T1/><D1/><U18/><E18/><V110/><F110/><W95/><N who="3" m="10240" /><DORA hai="106" /><W132/><G132/><T134/><D134/><U67/><E67/><V46/><F46/><W119/><G119/><T55/><D64/><U23/><E23/><V13/><F13/><W103/><REACH who="3" step="1"/><G94/><AGARI ba="0,0" hai="47,49,52,83,84,85,90,91,94,98,99" m="8271" machi="94" ten="30,7700,0" yaku="25,1,8,1,54,2" doraHai="68,106" who="1" fromWho="3" sc="245,0,214,77,271,0,270,-77" /><INIT seed="3,0,0,2,3,96" ten="245,291,271,193" oya="3" hai0="64,123,66,133,31,49,63,22,120,30,16,88,105" hai1="45,35,107,62,11,112,92,18,14,3,81,94,117" hai2="0,37,21,85,61,130,115,118,25,116,84,134,9" hai3="42,51,103,7,71,43,50,13,56,5,26,12,108"/><W19/><G71/><T48/><D105/><U114/><E35/><V127/><F37/><W113/><G113/><T57/><D133/><U47/><E107/><V129/><F61/><W126/><G126/><T40/><D66/><U122/><E122/><V83/><F85/><W102/><G26/><T8/><D8/><U69/><E117/><N who="2" m="45163" /><F84/><W98/><G98/><T54/><D40/><U131/><E131/><N who="2" m="50187" /><F83/><W135/><G19/><T38/><D38/><U97/><E92/><V82/><F82/><W104/><G104/><T58/><D49/><U53/><E81/><V6/><F134/><W52/><G135/><T36/><D36/><U109/><E47/><V79/><F79/><W91/><G91/><T15/><REACH who="0" step="1"/><D88/><REACH who="0" ten="235,291,271,193" step="2"/><U99/><E114/><V124/><F115/><W106/><G106/><T77/><D77/><U74/><E112/><V119/><N who="2" m="45171" /><V24/><DORA hai="46" /><F24/><W68/><G68/><T27/><D27/><U80/><E69/><V73/><F73/><W125/><G125/><T132/><D132/><U65/><E65/><V67/><F67/><W32/><G52/><T87/><D87/><U93/><E53/><V4/><F4/><W100/><G102/><T2/><D2/><U78/><E3/><V1/><F1/><W110/><REACH who="3" step="1"/><G56/><REACH who="3" ten="235,291,271,183" step="2"/><T60/><D60/><U28/><E62/><V17/><AGARI ba="0,2" hai="0,6,9,17,21,25,124,127" m="50187,45171" machi="17" ten="50,6400,0" yaku="19,1,34,2" doraHai="96,46" who="2" fromWho="2" sc="235,-16,291,-16,271,84,183,-32" /><INIT seed="4,0,0,4,3,35" ten="219,275,355,151" oya="0" hai0="42,68,101,19,131,24,87,1,54,64,94,12,133" hai1="132,109,125,97,13,56,76,66,93,17,135,52,108" hai2="27,67,85,29,33,100,74,92,120,32,20,79,78" hai3="16,28,31,23,95,15,107,69,73,116,58,75,128"/><T57/><D131/><U77/><E66/><V119/><F120/><W61/><G107/><T90/><D133/><N who="1" m="51275" /><E125/><V111/><F111/><N who="1" m="42569" /><E13/><V60/><F74/><W72/><G69/><T38/><D24/><U41/><E41/><V10/><F119/><W96/><G116/><T46/><D101/><N who="1" m="60591" /><E17/><V0/><F67/><W88/><REACH who="3" step="1"/><G128/><REACH who="3" ten="219,275,355,141" step="2"/><T104/><D104/><U117/><E117/><V89/><F32/><W40/><G40/><T63/><D1/><U11/><E11/><V113/><F10/><W124/><G124/><T127/><D127/><U44/><E44/><V6/><F33/><W4/><G4/><T126/><D126/><U81/><E81/><V70/><F6/><W53/><AGARI ba="0,1" hai="15,16,23,28,31,53,58,61,72,73,75,88,95,96" machi="53" ten="30,7900,0" yaku="1,1,0,1,54,2,53,0" doraHai="35" doraHaiUra="43" who="3" fromWho="3" sc="219,-39,275,-20,355,-20,141,89" /><INIT seed="5,0,0,2,3,82" ten="180,255,335,230" oya="1" hai0="124,108,105,21,20,79,17,86,1,6,36,134,31" hai1="81,84,72,131,113,50,46,33,126,107,75,97,112" hai2="62,80,3,101,54,60,76,128,25,67,24,8,16" hai3="13,125,27,26,133,117,71,115,92,61,110,102,122"/><U51/><E33/><V56/><F128/><W64/><G122/><T18/><D105/><U123/><E50/><V41/><F41/><W88/><G110/><T87/><D36/><U93/><E123/><V14/><F101/><W89/><G117/><T91/><D108/><U109/><E109/><V116/><F3/><W5/><G115/><N who="1" m="44106" /><E107/><V57/><REACH who="2" step="1"/><F116/><REACH who="2" ten="180,255,325,230" step="2"/><W98/><G133/><T74/><D134/><U30/><E131/><V99/><F99/><W19/><G125/><T83/><D124/><U58/><E126/><V47/><F47/><W0/><G102/><T10/><D74/><AGARI ba="0,1" hai="8,14,16,24,25,54,56,57,60,62,67,74,76,80" machi="74" ten="30,3900,0" yaku="1,1,7,1,54,1,53,0" doraHai="82" doraHaiUra="120" who="2" fromWho="0" sc="180,-39,255,0,325,49,230,0" /><INIT seed="6,0,0,4,0,0" ten="141,255,374,230" oya="2" hai0="44,33,131,82,66,60,71,74,69,15,59,51,9" hai1="108,55,104,23,124,90,88,37,4,98,135,2,114" hai2="84,61,58,1,52,102,132,6,32,48,127,70,110" hai3="39,125,133,130,56,22,76,68,30,116,64,123,85"/><V24/><F102/><W31/><G39/><T43/><D131/><U18/><E108/><V93/><F110/><W38/><G38/><T34/><D74/><U87/><E37/><V17/><F93/><W36/><G36/><T107/><D107/><U26/><E114/><V53/><F84/><W134/><G123/><T12/><D12/><U128/><E128/><V47/><F70/><W97/><G130/><T117/><D117/><U113/><E113/><V101/><F101/><W11/><G116/><T120/><D120/><U62/><E135/><V95/><F95/><W45/><G68/><T29/><D29/><U46/><E124/><V79/><F79/><W99/><G45/><T25/><D25/><U40/><E40/><V86/><F86/><W67/><G85/><T57/><D71/><U14/><E2/><V81/><F81/><W72/><G11/><T96/><D96/><U118/><E118/><V49/><F132/><W54/><G125/><T65/><D82/><U106/><E106/><V13/><F127/><W41/><G41/><T21/><D21/><U42/><E87/><V115/><F115/><W63/><G22/><T121/><D121/><U28/><E28/><N who="2" m="19463" /><F13/><W8/><G30/><T122/><D122/><U73/><E73/><V80/><F80/><W89/><G31/><T91/><D91/><U105/><E105/><V126/><F126/><W75/><G89/><T10/><D10/><N who="1" m="4423" /><E104/><V35/><F35/><N who="0" m="13322" /><D66/><U94/><E90/><V92/><F1/><W3/><G134/><T5/><D69/><U100/><E88/><V78/><F78/><W112/><G76/><RYUUKYOKU ba="0,0" sc="141,30,255,-10,374,-10,230,-10" hai0="5,9,15,43,44,51,57,59,60,65" /><INIT seed="7,1,0,3,1,60" ten="171,245,364,220" oya="3" hai0="59,40,76,80,122,103,105,81,7,97,38,110,90" hai1="68,26,12,119,114,19,67,102,16,82,50,104,18" hai2="32,92,1,118,11,128,116,71,35,73,20,21,111" hai3="63,83,8,49,85,17,126,127,93,44,9,132,37"/><W86/><G37/><T124/><D122/><U29/><E114/><V64/><F92/><W108/><G108/><T129/><D110/><U48/><E12/><V75/><F111/><W89/><G132/><T131/><D7/><U78/><E82/><V107/><F11/><W121/><G121/><T133/><D40/><U54/><E78/><V72/><F72/><W98/><G86/><N who="0" m="50511" /><D59/><U25/><E54/><V43/><F43/><W2/><G2/><T22/><D22/><U117/><E25/><V41/><F128/><N who="0" m="49226" /><D38/><U6/><E6/><V66/><F41/><N who="3" m="24719" /><G63/><T46/><D46/><U13/><E48/><V15/><F107/><W47/><G47/><T115/><D115/><U28/><E50/><V113/><F113/><W106/><G106/><T61/><D61/><N who="1" m="40047" /><E13/><V31/><F1/><W10/><G127/><T88/><D124/><U39/><E39/><V112/><F112/><W24/><G126/><T69/><D69/><U4/><E4/><V99/><F71/><W120/><G120/><T123/><D123/><U77/><E29/><V30/><F15/><N who="3" m="7399" /><G24/><T135/><D88/><AGARI ba="1,0" hai="9,10,83,85,88,89,93,98" m="7399,24719" machi="88" ten="30,2900,0" yaku="8,1,54,1" doraHai="60" who="3" fromWho="0" sc="171,-32,245,0,364,0,220,32" /><INIT seed="7,2,0,2,3,112" ten="139,245,364,252" oya="3" hai0="84,77,82,56,16,47,23,105,80,130,122,31,49" hai1="12,29,89,121,66,71,15,30,33,96,18,54,111" hai2="63,108,69,117,43,0,102,25,2,7,48,41,35" hai3="11,64,83,86,58,119,91,132,85,76,50,38,133"/><W40/><G119/><T104/><D130/><U113/><E111/><V70/><F117/><W36/><G11/><T123/><D82/><U44/><E113/><V118/><F108/><W81/><G64/><T90/><D31/><U20/><E121/><V101/><F7/><W61/><G61/><T51/><D122/><U135/><E33/><V107/><F102/><W22/><G22/><T93/><D123/><U62/><E135/><N who="3" m="51786" /><G58/><T129/><D129/><U46/><E71/><V79/><F63/><W39/><G50/><T60/><D105/><U13/><E66/><V72/><F48/><W3/><G3/><T116/><D104/><U115/><E115/><V21/><F21/><W127/><G127/><T32/><D32/><U92/><E44/><AGARI ba="2,0" hai="36,38,39,40,44,76,81,83,85,86,91" m="51786" machi="44" ten="30,1500,0" yaku="20,1" doraHai="112" who="3" fromWho="1" sc="139,0,245,-21,364,0,252,21" /><INIT seed="7,3,0,3,4,51" ten="139,224,364,273" oya="3" hai0="109,83,69,67,53,27,37,123,54,97,18,57,68" hai1="91,90,48,82,87,10,43,44,128,66,106,94,3" hai2="33,100,111,42,89,29,133,58,127,52,120,135,86" hai3="40,114,126,1,19,65,74,105,34,134,16,117,6"/><W62/><G117/><T122/><D83/><U70/><E106/><V84/><F111/><W103/><G74/><T46/><D97/><U20/><E128/><V132/><F127/><W12/><G34/><T63/><D109/><U45/><E70/><N who="0" m="27241" /><D18/><U26/><E66/><V130/><F130/><W121/><G121/><N who="0" m="46091" /><D27/><U24/><E44/><V115/><F115/><W49/><G134/><T47/><D47/><U129/><E129/><V76/><F120/><W22/><G126/><T110/><D110/><U9/><E3/><V7/><F100/><W8/><G114/><T38/><D46/><U99/><E26/><V88/><F76/><W95/><G105/><T92/><D92/><U30/><AGARI ba="3,0" hai="9,10,20,24,30,43,45,48,82,87,90,91,94,99" machi="30" ten="20,2700,0" yaku="0,1,7,1,8,1" doraHai="51" who="1" fromWho="1" sc="139,-10,224,36,364,-10,273,-16" owari="129,-37.0,260,6.0,354,45.0,257,-14.0" /></mjloggm>