<mjloggm ver="2.3"><GO type="169" lobby="0"/><UN n0="%E4%B8%AD%E5%B1%B1%E9%87%8E%E8%8D%89" n1="%E7%A0%B4%E5%A3%8A%E3%81%A8%E8%AA%95%E7%94%9F%E3%81%AE%E7%A5%9E%E6%AE%BF" n2="%E9%95%B7%E9%96%80%2A%E6%9C%AA%E6%B2%99" n3="%E3%83%88%E3%83%88%E3%83%AA%E5%85%88%E7%94%9F%31%39%E6%AD%B3" dan="17,16,16,19" rate="2159.15,2067.09,2085.06,2294.53" sx="M,F,M,F"/><TAIKYOKU oya="0"/><INIT seed="0,0,0,3,0,1" ten="250,250,250,250" oya="0" hai0="88,79,80,17,83,133,131,126,116,110,41,98,127" hai1="72,26,114,89,46,102,84,54,30,24,118,62,124" hai2="93,117,125,52,50,36,73,40,123,0,96,120,20" hai3="90,55,31,45,25,32,100,56,122,5,11,53,92"/><T76/><D41/><U70/><E118/><V60/><F117/><W2/><G122/><T67/><D116/><U86/><E72/><V33/><F33/><W128/><G128/><T69/><D69/><U65/><E124/><N who="0" m="47657" /><D67/><U87/><E114/><V78/><F0/><W9/><G100/><T99/><D131/><U91/><E102/><V29/><F60/><W4/><G45/><T63/><D63/><U134/><E134/><V97/><F97/><N who="0" m="36874" /><D17/><U10/><E65/><V59/><F40/><W57/><G57/><T38/><D38/><U7/><E62/><V8/><F36/><W3/><G56/><T42/><D42/><U105/><E70/><V104/><F104/><W15/><G15/><T82/><D133/><U119/><E105/><V77/><F125/><W106/><G106/><T71/><D71/><U16/><E119/><V74/><F123/><W48/><G48/><T132/><D132/><U66/><E66/><V21/><F29/><W49/><G49/><T109/><D88/><N who="1" m="33867" /><E30/><V61/><F50/><W43/><G43/><T107/><D107/><U27/><E54/><V135/><F135/><W75/><G90/><T34/><D34/><U22/><E46/><V95/><F120/><W111/><G55/><T129/><D129/><U115/><E115/><V35/><F35/><W94/><G53/><T19/><D19/><U14/><AGARI ba="0,0" hai="7,10,14,16,22,24,26,27,84,86,87" m="33867" machi="14" ten="30,7900,0" yaku="8,1,52,1,54,2" doraHai="1" who="1" fromWho="1" sc="250,-39,250,79,250,-20,250,-20" /><INIT seed="1,0,0,0,1,35" ten="211,329,230,230" oya="1" hai0="87,23,135,63,116,82,127,93,9,84,10,25,120" hai1="21,112,83,38,26,115,60,4,100,6,64,110,133" hai2="69,18,97,129,125,55,106,5,94,61,17,95,67" hai3="104,126,22,24,31,105,30,20,78,37,128,131,46"/><U111/><E38/><V11/><F125/><W3/><G126/><T121/><D116/><U14/><E100/><V19/><F129/><N who="3" m="49739" /><G78/><N who="0" m="46167" /><D127/><U65/><E83/><V92/><F106/><N who="3" m="41067" /><G37/><T119/><D119/><U130/><E130/><V45/><F45/><W85/><G46/><T108/><D108/><N who="1" m="41515" /><E65/><V66/><F69/><W1/><G85/><T43/><D43/><U101/><E101/><V0/><REACH who="2" step="1"/><F97/><REACH who="2" ten="211,329,220,230" step="2"/><W91/><G91/><N who="0" m="53503" /><D121/><U33/><E115/><V34/><F34/><N who="3" m="20807" /><G31/><N who="0" m="17855" /><D120/><U70/><E112/><V13/><F13/><W109/><G109/><T42/><D42/><U71/><E33/><V75/><F75/><W27/><G27/><T54/><D135/><U107/><E133/><V44/><F44/><W28/><G28/><T57/><AGARI ba="0,1" hai="9,10,54,57,63" m="17855,53503,46167" machi="57" ten="30,1100,0" yaku="8,1" doraHai="35" who="0" fromWho="0" sc="211,21,329,-5,220,-3,230,-3" /><INIT seed="2,0,0,0,5,53" ten="232,324,217,227" oya="2" hai0="69,90,12,61,0,45,2,33,75,63,119,93,11" hai1="37,84,113,10,86,134,95,14,52,29,117,16,41" hai2="110,59,21,1,20,77,130,57,51,83,104,3,40" hai3="36,101,98,76,18,121,132,85,96,108,38,120,133"/><V99/><F1/><W42/><G42/><T30/><D75/><U79/><E117/><V78/><F3/><W103/><G18/><T27/><D119/><U47/><E113/><V112/><F112/><W25/><G25/><T91/><D91/><U106/><E106/><V35/><F35/><W32/><G32/><T6/><D45/><U64/><E64/><V28/><F130/><W81/><G38/><T111/><D111/><U124/><E124/><V71/><F71/><W7/><G36/><T4/><D69/><U8/><E29/><V66/><F110/><W88/><G7/><T92/><D92/><U89/><E134/><N who="3" m="51818" /><G108/><T44/><D44/><U82/><REACH who="1" step="1"/><E52/><REACH who="1" ten="232,314,217,227" step="2"/><V23/><F28/><W62/><G62/><T102/><D61/><U131/><E131/><V70/><F66/><W34/><G34/><T60/><D63/><U73/><E73/><V48/><F70/><W31/><G31/><T87/><D60/><U9/><AGARI ba="0,1" hai="8,9,10,14,16,37,41,47,79,82,84,86,89,95" machi="9" ten="20,5200,0" yaku="1,1,0,1,7,1,54,1,53,0" doraHai="53" doraHaiUra="55" who="1" fromWho="1" sc="232,-13,314,62,217,-26,227,-13" /><INIT seed="3,0,0,0,5,114" ten="219,376,191,214" oya="3" hai0="12,40,29,66,95,26,122,77,63,16,76,90,115" hai1="94,32,68,15,6,69,31,23,34,103,121,108,78" hai2="22,60,72,37,79,17,84,87,119,1,131,80,132" hai3="18,2,39,71,97,92,45,135,49,0,89,86,75"/><W8/><G75/><T38/><D122/><U105/><E121/><V96/><F1/><W123/><G123/><T52/><D115/><U109/><E105/><V33/><F33/><W113/><G113/><T107/><D107/><U110/><E78/><V104/><F37/><W44/><G71/><T53/><D40/><U106/><E106/><V59/><F131/><W91/><G135/><T43/><D43/><U55/><E6/><V99/><F132/><W9/><G39/><T10/><D38/><U14/><E55/><V56/><F119/><W46/><G49/><T27/><D76/><U4/><E4/><V118/><F118/><W129/><G129/><T21/><D26/><N who="1" m="16863" /><E15/><V117/><F59/><W41/><G41/><T81/><D81/><U74/><E14/><V134/><F134/><W73/><G73/><T5/><D5/><U111/><E74/><V47/><F47/><W35/><G35/><N who="1" m="13354" /><E111/><V67/><F104/><W50/><G50/><T82/><D82/><U36/><E36/><V48/><F48/><W11/><REACH who="3" step="1"/><G18/><REACH who="3" ten="219,376,191,204" step="2"/><T13/><D77/><U93/><E69/><V126/><F117/><W125/><G125/><T19/><D63/><U51/><E68/><V42/><F126/><W57/><G57/><T101/><D101/><U83/><E103/><V65/><F42/><W58/><G58/><T70/><D70/><U30/><E108/><V130/><F130/><W28/><G28/><T98/><D66/><U7/><E109/><V133/><F67/><W100/><G100/><T112/><D112/><U61/><E110/><V64/><F64/><W3/><G3/><RYUUKYOKU ba="0,1" sc="219,15,376,-15,191,-15,204,15" hai0="10,12,13,16,19,21,27,29,52,53,90,95,98" hai3="0,2,8,9,11,44,45,46,86,89,91,92,97" /><INIT seed="3,1,1,0,0,98" ten="234,361,176,219" oya="3" hai0="87,129,108,109,31,111,35,28,20,81,84,68,19" hai1="57,92,119,48,115,11,133,3,101,50,125,71,70" hai2="16,96,58,77,100,0,29,104,52,9,122,80,112" hai3="51,134,90,32,130,123,6,33,128,65,114,53,12"/><W79/><G114/><T37/><D37/><U89/><E115/><V74/><F112/><W102/><G123/><T126/><D68/><U63/><E125/><V39/><F39/><W69/><G134/><T2/><D2/><U105/><E133/><V27/><F122/><W66/><G79/><T34/><D126/><U103/><E3/><V110/><F110/><W76/><G76/><N who="0" m="46119" /><D87/><U23/><E11/><V113/><F113/><W64/><G69/><T106/><D106/><U59/><E105/><V60/><F0/><W124/><G90/><T121/><D121/><U56/><E119/><V91/><F91/><W49/><G124/><T83/><D83/><U38/><E38/><V62/><F9/><N who="3" m="4151" /><G102/><N who="1" m="38922" /><E71/><V72/><F16/><W41/><G41/><T25/><D129/><N who="3" m="49769" /><G49/><N who="1" m="19050" /><E70/><V127/><F127/><W117/><G117/><T93/><D93/><U99/><E23/><V15/><F15/><W85/><G85/><T17/><D20/><U135/><E135/><V42/><F42/><W88/><G88/><T40/><D40/><U47/><E47/><AGARI ba="1,1" hai="32,33,47,51,53,64,65,66" m="49769,4151" machi="47" ten="30,1500,0" yaku="19,1" doraHai="98" who="3" fromWho="1" sc="234,0,361,-18,176,0,219,28" /><INIT seed="3,2,0,4,0,99" ten="234,343,176,247" oya="3" hai0="65,40,131,74,62,78,68,1,3,9,29,81,112" hai1="85,5,30,94,95,124,2,128,42,34,133,28,130" hai2="57,106,55,84,64,117,8,12,32,51,49,72,93" hai3="13,125,105,60,123,61,38,7,17,73,53,50,63"/><W27/><G123/><T83/><D131/><U67/><E133/><V24/><F106/><W127/><G73/><T43/><D112/><U92/><E124/><N who="3" m="47690" /><G38/><T37/><D29/><U134/><E134/><V97/><F72/><W21/><G105/><T47/><D43/><U126/><E126/><V122/><F122/><W121/><G121/><T90/><D81/><U109/><E109/><V76/><F117/><W19/><G7/><N who="0" m="1263" /><D90/><U41/><E67/><V4/><F64/><W103/><G103/><T75/><D75/><U18/><E85/><V71/><F71/><W26/><G19/><T6/><D6/><U91/><E91/><V36/><F36/><W96/><G96/><T46/><D46/><AGARI ba="2,0" hai="13,17,21,26,27,46,50,53,60,61,63" m="47690" machi="46" ten="30,1500,0" yaku="18,1" doraHai="99" who="3" fromWho="0" sc="234,-21,343,0,176,0,247,21" /><INIT seed="3,3,0,0,1,1" ten="213,343,176,268" oya="3" hai0="131,21,10,86,111,114,85,30,46,96,3,77,49" hai1="28,24,126,129,106,54,66,0,78,14,6,65,109" hai2="62,70,104,12,105,81,50,15,125,127,94,132,27" hai3="59,98,37,32,122,60,68,45,108,91,97,74,22"/><W48/><G122/><T88/><D114/><U35/><E109/><V119/><F119/><W95/><G32/><T16/><D131/><U13/><E129/><V33/><F132/><W18/><G74/><T107/><D111/><U72/><E106/><N who="2" m="41067" /><F81/><W133/><G108/><T55/><D30/><U123/><E126/><N who="2" m="48139" /><F50/><W2/><G68/><T87/><D77/><U25/><E78/><V112/><F112/><W101/><G2/><T43/><D107/><U128/><E72/><V71/><F94/><W63/><G37/><T124/><D124/><U19/><E0/><V89/><F89/><W57/><G133/><T118/><D118/><U58/><E123/><V20/><F33/><W11/><G11/><T84/><D10/><U4/><E35/><V44/><F44/><W38/><G38/><T121/><D3/><U113/><E113/><V135/><F135/><W73/><G73/><T110/><D110/><U116/><E116/><V69/><F62/><N who="3" m="23595" /><G98/><T36/><D96/><U90/><E128/><V34/><F34/><W61/><G91/><T99/><D99/><U134/><E90/><V29/><AGARI ba="3,0" hai="12,15,20,27,29,69,70,71" m="48139,41067" machi="29" ten="40,1500,0" yaku="18,1" doraHai="1" who="2" fromWho="2" sc="213,-7,343,-7,176,24,268,-10" /><INIT seed="4,0,0,1,5,65" ten="206,336,200,258" oya="0" hai0="97,68,5,22,94,56,108,25,129,27,107,32,21" hai1="6,29,31,36,126,12,80,67,84,41,24,58,13" hai2="4,15,131,51,86,71,76,124,69,0,53,120,54" hai3="3,113,119,125,45,96,134,34,85,93,115,43,106"/><T23/><D107/><U61/><E126/><V14/><F120/><W66/><G119/><T79/><D129/><U135/><E135/><V38/><F38/><W33/><G3/><T132/><D132/><U77/><E6/><V72/><F72/><W64/><G134/><T60/><D108/><U59/><E59/><V98/><F0/><W74/><G74/><T82/><D5/><U49/><E36/><V26/><F131/><W62/><G85/><T117/><D68/><U44/><REACH who="1" step="1"/><E29/><REACH who="1" ten="206,326,200,258" step="2"/><V2/><F124/><W30/><G30/><T127/><D127/><U16/><E16/><V111/><F4/><W10/><G125/><T99/><D117/><U50/><E50/><V1/><F51/><W81/><G115/><T95/><D56/><U100/><E100/><V7/><F7/><W11/><G113/><T91/><D60/><U37/><E37/><V78/><F111/><W105/><G62/><T52/><D52/><U102/><E102/><V70/><F70/><W55/><G55/><T9/><D32/><AGARI ba="0,1" hai="12,13,24,31,32,41,44,49,58,61,67,77,80,84" machi="32" ten="30,3900,0" yaku="1,1,7,1,53,1" doraHai="65" doraHaiUra="75" who="1" fromWho="0" sc="206,-39,326,49,200,0,258,0" /><INIT seed="5,0,0,2,5,100" ten="167,375,200,258" oya="1" hai0="4,85,127,71,96,29,0,97,44,33,105,49,55" hai1="135,9,17,119,65,21,1,79,114,6,134,92,34" hai2="19,20,69,24,126,25,14,80,113,123,88,131,28" hai3="83,53,118,124,121,51,102,61,8,63,18,104,32"/><U47/><E119/><V11/><F123/><W10/><G121/><T46/><D127/><U38/><E65/><V91/><F126/><W72/><G124/><T59/><D71/><U66/><E66/><V16/><F69/><W95/><G32/><T45/><D0/><U12/><E114/><V62/><F113/><W70/><G118/><T7/><D33/><U58/><E58/><V22/><F131/><W74/><G95/><T101/><D29/><U90/><E79/><V13/><F62/><W78/><G72/><T76/><REACH who="0" step="1"/><D96/><REACH who="0" ten="157,375,200,258" step="2"/><U125/><E34/><V75/><F25/><W111/><G70/><T122/><D122/><U117/><E125/><V41/><F41/><W98/><G111/><T112/><D112/><U108/><E108/><V128/><F128/><W115/><G115/><T73/><D73/><U54/><E117/><V84/><REACH who="2" step="1"/><F75/><REACH who="2" ten="157,375,190,258" step="2"/><W67/><G74/><T60/><D60/><U129/><E129/><V5/><F5/><W30/><G63/><T99/><D99/><U52/><E6/><V130/><F130/><W35/><G61/><T132/><D132/><U133/><E133/><V107/><F107/><W57/><G67/><T40/><D40/><U43/><E135/><V50/><F50/><W86/><G104/><T2/><D2/><U81/><E134/><V103/><F103/><W120/><G120/><T106/><D106/><U89/><E1/><V68/><F68/><W48/><G48/><T109/><D109/><U77/><E43/><V15/><F15/><N who="3" m="7527" /><G98/><T82/><AGARI ba="0,2" hai="4,7,44,45,46,49,55,59,76,82,85,97,101,105" machi="82" ten="30,4000,0" yaku="1,1,0,1,52,1,53,0" doraHai="100" doraHaiUra="116" who="0" fromWho="0" sc="157,60,375,-20,190,-10,258,-10" /><INIT seed="6,0,0,3,4,58" ten="217,355,180,248" oya="2" hai0="120,33,112,46,1,18,125,104,113,40,80,96,35" hai1="64,23,72,19,42,12,57,118,87,51,119,14,62" hai2="83,106,129,41,16,50,27,48,15,31,24,110,82" hai3="22,37,116,6,38,76,122,25,59,91,133,85,47"/><V7/><F110/><W21/><G116/><T127/><D120/><U117/><E72/><V101/><F129/><W102/><G122/><T44/><D1/><U130/><E130/><V55/><F7/><W26/><G133/><T95/><D104/><U121/><E121/><V45/><F106/><W73/><G6/><T98/><D80/><N who="2" m="30762" /><F101/><W10/><G10/><T66/><D66/><U30/><E30/><V53/><F31/><W135/><G135/><T29/><D18/><U103/><E103/><V8/><F41/><W32/><G32/><N who="0" m="12363" /><D29/><U93/><E93/><V69/><F69/><W70/><G70/><T75/><D75/><U79/><E117/><V54/><F54/><W36/><G73/><T56/><D56/><AGARI ba="0,0" hai="8,15,16,24,27,45,48,50,53,55,56" m="30762" machi="56" ten="30,2900,0" yaku="8,1,54,1" doraHai="58" who="2" fromWho="0" sc="217,-29,355,0,180,29,248,0" /><INIT seed="6,1,0,1,3,82" ten="188,355,209,248" oya="2" hai0="21,121,108,80,62,24,40,78,71,131,127,16,119" hai1="64,124,55,30,34,41,8,111,79,103,12,98,10" hai2="37,31,125,94,38,100,116,2,68,63,28,23,66" hai3="26,3,120,97,128,115,123,67,77,53,118,6,0"/><V17/><F2/><W91/><G118/><T60/><D108/><U52/><E111/><V74/><F74/><W19/><G67/><T46/><D121/><U96/><E41/><V114/><F116/><W22/><G77/><T113/><D119/><U126/><E79/><V133/><F133/><W57/><G128/><T110/><D110/><U65/><E30/><V29/><F114/><W14/><G115/><T69/><D113/><U54/><E34/><V49/><F125/><N who="1" m="48233" /><E96/><V43/><F43/><W4/><G3/><T13/><D127/><U51/><E51/><V15/><REACH who="2" step="1"/><F49/><REACH who="2" ten="188,355,199,248" step="2"/><N who="3" m="30895" /><G0/><T59/><D131/><U85/><E64/><V117/><F117/><W93/><G123/><T130/><D130/><U92/><E65/><V18/><F18/><N who="3" m="12631" /><G120/><T44/><D71/><U1/><E1/><V84/><F84/><W45/><G4/><T58/><D69/><U109/><E109/><V88/><F88/><W27/><G6/><T90/><D90/><U72/><E72/><V56/><F56/><N who="0" m="21546" /><D40/><U134/><E134/><V99/><AGARI ba="1,1" hai="15,17,23,28,29,31,37,38,63,66,68,94,99,100" machi="99" ten="30,6000,0" yaku="1,1,0,1,53,1" doraHai="82" doraHaiUra="61" who="2" fromWho="2" sc="188,-21,355,-21,199,73,248,-21" /><INIT seed="6,2,0,4,3,0" ten="167,334,272,227" oya="2" hai0="5,41,39,70,132,17,53,15,100,77,42,131,94" hai1="34,122,24,74,40,66,95,75,31,25,126,8,12" hai2="76,36,80,86,120,21,38,49,113,85,134,9,6" hai3="130,103,52,107,111,104,81,1,32,96,68,119,61"/><V20/><F120/><W73/><G119/><T124/><D70/><U48/><E122/><V105/><F105/><W112/><G111/><T125/><D131/><U54/><E126/><N who="0" m="48745" /><D132/><U58/><E25/><V98/><F134/><W109/><G109/><T135/><D135/><U78/><E66/><V97/><F113/><W114/><G130/><T13/><D77/><U62/><E78/><V69/><F69/><W45/><G73/><T87/><D39/><U22/><E34/><V67/><F67/><N who="3" m="41071" /><G81/><T84/><D53/><U16/><REACH who="1" step="1"/><E95/><REACH who="1" ten="167,324,272,227" step="2"/><V99/><F76/><W35/><G104/><T101/><D5/><U115/><E115/><V46/><F6/><W43/><G114/><T27/><D27/><U88/><E88/><V51/><F85/><N who="0" m="32842" /><D94/><U19/><E19/><V7/><F7/><W64/><G112/><T60/><D17/><U127/><E127/><V82/><F80/><W3/><G64/><T29/><D29/><U71/><E71/><V26/><F82/><W37/><G32/><T4/><D4/><U55/><E55/><V110/><F26/><W89/><G35/><T72/><D72/><U117/><E117/><V10/><F110/><W118/><G118/><T83/><D83/><U50/><E50/><V93/><F93/><N who="3" m="56367" /><G52/><T133/><D133/><U57/><E57/><V79/><F79/><W59/><G59/><T2/><D60/><U56/><E56/><V44/><F98/><N who="3" m="61943" /><G3/><T14/><D2/><U18/><E18/><V23/><F86/><W63/><G63/><T91/><D91/><U30/><E30/><V123/><F99/><W90/><G1/><RYUUKYOKU ba="2,1" sc="167,10,324,10,272,-30,227,10" hai0="13,14,15,41,42,100,101" hai1="8,12,16,22,24,31,40,48,54,58,62,74,75" hai3="37,43,45,90" /><INIT seed="7,3,1,3,4,43" ten="177,334,242,237" oya="3" hai0="102,59,128,114,27,63,16,106,10,2,57,125,113" hai1="80,108,25,124,77,82,33,23,14,85,56,15,118" hai2="72,36,134,86,119,74,42,126,65,121,73,58,9" hai3="34,69,11,20,78,31,49,55,32,127,104,52,90"/><W83/><G104/><T115/><D128/><U8/><E108/><V111/><F111/><W37/><G69/><T38/><D125/><U88/><E33/><V44/><F119/><W94/><G37/><T98/><D38/><U17/><E124/><V62/><F126/><W112/><G127/><T70/><D2/><U96/><E118/><V60/><F121/><W87/><G112/><N who="0" m="28675" /><T53/><DORA hai="41" /><D59/><U101/><E56/><V13/><F134/><W129/><G129/><T93/><D70/><U132/><E132/><V21/><F21/><W0/><G55/><T4/><D4/><U50/><E50/><V3/><F3/><W92/><G0/><T116/><D116/><U135/><E135/><V64/><F86/><W91/><G11/><T47/><D47/><U19/><E25/><V29/><F29/><W40/><G40/><T18/><D10/><U133/><E133/><V107/><F58/><W39/><G39/><T110/><D110/><U51/><E51/><V68/><F68/><W67/><G67/><T84/><D27/><U81/><E77/><V99/><F65/><W71/><G71/><T48/><D63/><U122/><E122/><V45/><F45/><W97/><G49/><T79/><D93/><AGARI ba="3,1" hai="8,14,15,17,19,23,80,81,82,85,88,93,96,101" machi="93" ten="30,3900,0" yaku="7,1,8,1,54,1" doraHai="43,41" who="1" fromWho="0" sc="177,-48,334,58,242,0,237,0" owari="129,-37.0,392,49.0,242,4.0,237,-16.0" /></mjloggm>