<mjloggm ver="2.3"><GO type="169" lobby="0"/><UN n0="%4F%53%43%37%37%37" n1="%4B%E3%80%82" n2="%74%6F%6E%6E%75%72%61" n3="%E3%83%88%E3%83%88%E3%83%AA%E5%85%88%E7%94%9F%31%39%E6%AD%B3" dan="16,18,16,19" rate="2068.66,2211.30,2103.37,2302.54" sx="M,M,M,F"/><TAIKYOKU oya="0"/><INIT seed="0,0,0,4,3,48" ten="250,250,250,250" oya="0" hai0="129,85,89,11,27,94,12,23,79,82,118,62,99" hai1="130,58,44,25,131,42,67,52,127,40,68,32,38" hai2="77,95,121,4,60,63,43,108,96,9,21,57,22" hai3="132,91,113,29,75,73,122,53,34,28,114,72,46"/><T55/><D129/><N who="1" m="49163" /><E127/><V45/><F108/><W102/><G132/><T97/><D118/><U107/><E107/><V26/><F77/><W49/><G122/><T101/><D101/><U41/><E25/><V36/><F121/><W120/><G120/><T16/><D99/><U93/><E93/><V104/><F104/><W47/><G102/><T116/><D116/><U17/><E17/><V15/><F63/><W13/><G91/><T2/><D2/><U66/><E32/><V71/><F71/><W51/><G13/><T87/><D87/><U123/><E123/><V19/><F22/><W30/><REACH who="3" step="1"/><G34/><REACH who="3" ten="250,250,250,240" step="2"/><T65/><D65/><N who="1" m="24587" /><E68/><V81/><F15/><W7/><G7/><T70/><D70/><U20/><E20/><V84/><F4/><W126/><G126/><T124/><D124/><U64/><E64/><V112/><F21/><W69/><G69/><T33/><D33/><U133/><E133/><V100/><F100/><W135/><G135/><T111/><D111/><U76/><E76/><V74/><F9/><W103/><G103/><T92/><D92/><U6/><E6/><V3/><F95/><W80/><G80/><T37/><D37/><U78/><E78/><V88/><F36/><W115/><G115/><T98/><D98/><U117/><E117/><V5/><F112/><W50/><G50/><AGARI ba="0,1" hai="38,40,41,42,44,50,52,58" m="24587,49163" machi="50" ten="30,8000,1" yaku="19,1,34,2,52,1,54,1" doraHai="48" who="1" fromWho="3" sc="250,0,250,90,250,0,240,-80" /><INIT seed="1,0,0,0,1,53" ten="250,340,250,160" oya="1" hai0="130,83,58,66,71,31,94,9,20,86,19,47,103" hai1="25,37,117,121,89,42,91,104,4,70,108,51,12" hai2="54,40,17,7,32,133,68,131,134,81,125,45,101" hai3="36,34,15,115,92,106,38,100,102,126,95,97,82"/><U63/><E117/><V21/><F68/><W61/><G115/><T84/><D71/><U33/><E121/><V16/><F32/><W128/><G34/><T59/><D130/><U13/><E104/><V28/><F131/><W14/><G128/><T76/><D31/><U0/><E0/><V122/><F122/><W2/><G2/><T107/><D107/><U22/><E33/><V48/><F125/><W50/><G126/><T62/><D47/><U129/><E129/><V55/><F101/><W77/><G50/><T26/><D9/><U30/><E108/><V88/><F7/><W119/><G119/><T85/><D58/><U3/><E3/><V79/><F28/><W113/><G113/><T67/><D67/><U1/><E1/><V78/><F17/><W5/><G61/><T74/><REACH who="0" step="1"/><D103/><REACH who="0" ten="240,340,250,160" step="2"/><U23/><E70/><V69/><F69/><W49/><G102/><T132/><D132/><U124/><E30/><V29/><F29/><W116/><G116/><T135/><D135/><U111/><E124/><V60/><F134/><W8/><G38/><T109/><D109/><U44/><E37/><V90/><F133/><W10/><G36/><T64/><D64/><U65/><E65/><V110/><F110/><W73/><REACH who="3" step="1"/><G49/><REACH who="3" ten="240,340,250,150" step="2"/><T72/><D72/><U123/><E51/><V105/><F48/><W80/><G80/><T18/><D18/><AGARI ba="0,2" hai="5,8,10,14,15,18,73,77,82,92,95,97,100,106" machi="18" ten="30,7700,0" yaku="1,1,7,1,53,2" doraHai="53" doraHaiUra="6" who="3" fromWho="0" sc="240,-77,340,0,250,0,150,97" /><INIT seed="2,0,0,0,0,80" ten="163,340,250,247" oya="2" hai0="113,5,63,0,98,25,56,117,108,131,133,34,4" hai1="114,94,79,20,88,71,107,51,37,83,87,3,9" hai2="23,6,26,24,62,68,38,104,61,74,22,102,47" hai3="126,122,73,65,39,130,81,78,69,103,96,115,10"/><V45/><F74/><W112/><G39/><T29/><D113/><N who="3" m="43593" /><G69/><T82/><D117/><U111/><E37/><V70/><F38/><W44/><G44/><T7/><D133/><U42/><E114/><V106/><REACH who="2" step="1"/><F102/><REACH who="2" ten="163,340,240,247" step="2"/><W67/><G73/><T99/><D131/><U127/><E127/><V120/><F120/><W101/><G101/><T19/><D108/><U119/><E111/><V97/><F97/><W13/><G130/><T116/><D116/><U41/><E119/><V109/><F109/><W55/><G126/><T121/><D121/><U134/><E134/><V54/><F54/><W128/><G55/><T86/><D99/><U21/><E42/><V132/><F132/><W123/><G128/><T58/><D98/><U57/><E41/><V52/><F52/><W27/><G123/><T76/><D0/><U92/><E3/><V1/><F1/><W35/><G96/><T95/><D86/><U85/><E87/><V12/><F12/><W72/><G103/><T124/><D124/><U91/><E85/><V93/><F93/><W77/><G122/><T46/><D95/><U135/><E92/><V14/><F14/><W64/><G72/><T36/><D36/><U53/><E94/><V32/><F32/><W125/><G125/><T60/><D34/><U100/><E100/><V129/><F129/><W11/><G13/><T59/><D25/><U17/><E135/><V105/><F105/><W2/><G2/><T90/><D90/><U33/><E91/><V49/><F49/><W31/><G77/><T48/><D76/><U15/><E79/><V66/><F66/><RYUUKYOKU ba="0,1" sc="163,-15,340,-15,240,15,247,15" hai2="6,22,23,24,26,45,47,61,62,68,70,104,106" hai3="10,11,27,31,35,64,65,67,78,81" /><INIT seed="2,1,1,3,1,40" ten="148,325,255,262" oya="2" hai0="73,84,60,71,27,120,112,126,50,68,22,24,5" hai1="34,133,11,86,37,28,21,4,98,107,97,134,20" hai2="0,32,31,91,61,131,39,43,41,123,121,87,93" hai3="109,124,36,54,76,128,77,14,57,102,72,66,104"/><V116/><F116/><W9/><G36/><T105/><D105/><U59/><E37/><V13/><F0/><W74/><G66/><T88/><D120/><U53/><E86/><V78/><F131/><W26/><G128/><T95/><D73/><U3/><E34/><V99/><F61/><W64/><G64/><T103/><D103/><N who="1" m="62959" /><E28/><V92/><F13/><W62/><G109/><T115/><D5/><U16/><E98/><V101/><F43/><W15/><G124/><T94/><D24/><U33/><E33/><V67/><F67/><W51/><G15/><T7/><D7/><U49/><E16/><V69/><F69/><W125/><G125/><T118/><D118/><U89/><E89/><V96/><F96/><W46/><G102/><T10/><D10/><U25/><E25/><V117/><F117/><W122/><G104/><T130/><D130/><U58/><E58/><V83/><F31/><W79/><G26/><T55/><D126/><U114/><E114/><V135/><F32/><W42/><REACH who="3" step="1"/><G122/><REACH who="3" ten="148,325,255,252" step="2"/><T47/><D115/><U17/><E3/><V108/><F108/><W45/><G45/><T29/><D112/><U6/><E6/><AGARI ba="1,2" hai="6,9,14,42,46,51,54,57,62,72,74,76,77,79" machi="6" ten="40,2600,0" yaku="1,1,52,1,53,0" doraHai="40" doraHaiUra="85" who="3" fromWho="1" sc="148,0,325,-29,255,0,252,49" /><INIT seed="3,0,0,5,2,3" ten="148,296,255,301" oya="3" hai0="98,96,17,94,9,73,79,75,123,129,71,41,21" hai1="16,15,39,118,76,66,23,24,40,30,54,113,121" hai2="103,12,115,88,1,25,61,4,86,93,68,125,130" hai3="99,56,80,35,105,64,55,84,46,124,10,117,132"/><W126/><G117/><T77/><D123/><U116/><E113/><V128/><F115/><W8/><G35/><T57/><D71/><U74/><E121/><V85/><F125/><N who="3" m="48235" /><G132/><T47/><D129/><N who="2" m="49770" /><F1/><W59/><G46/><T33/><D33/><U58/><E66/><N who="2" m="41039" /><F103/><N who="3" m="62719" /><G64/><T22/><D57/><N who="3" m="22089" /><G55/><T92/><D47/><U14/><E116/><V5/><F25/><W20/><G20/><T100/><D41/><U36/><E40/><V109/><F109/><W114/><G114/><T111/><D111/><U29/><E118/><V19/><F86/><W42/><G42/><T67/><D67/><U27/><E39/><V82/><F82/><W127/><G127/><T53/><D53/><U28/><E36/><V104/><F104/><W32/><G32/><T90/><D9/><AGARI ba="0,0" hai="4,5,9,12,19,85,88,93" m="41039,49770" machi="9" ten="30,7700,0" yaku="19,1,52,2,54,1" doraHai="3" who="2" fromWho="0" sc="148,-77,296,0,255,77,301,0" /><INIT seed="4,0,0,2,0,90" ten="71,296,332,301" oya="0" hai0="6,86,23,42,4,9,25,57,107,72,76,85,79" hai1="96,81,114,40,63,134,97,47,15,133,46,27,64" hai2="8,82,122,31,16,50,66,38,2,53,102,19,61" hai3="58,105,124,104,93,103,129,49,18,112,62,132,10"/><T30/><D107/><U92/><E114/><V127/><F38/><W73/><G73/><T17/><D72/><U5/><E27/><V113/><F122/><W35/><G35/><T100/><D100/><U128/><E81/><V88/><F113/><W84/><G112/><T26/><D42/><U14/><E128/><V29/><F127/><W37/><G37/><T120/><D120/><U115/><E115/><V39/><F39/><W89/><G129/><T7/><D57/><U87/><E87/><N who="2" m="50295" /><F2/><W60/><G132/><T36/><D36/><U71/><E96/><V21/><F102/><W34/><G34/><T91/><D86/><U78/><E78/><V65/><F8/><W94/><G124/><T75/><D75/><U106/><E106/><V32/><F32/><W13/><G105/><T56/><D56/><U51/><E47/><N who="2" m="27871" /><F19/><W3/><G3/><T111/><D111/><U74/><E74/><V20/><F20/><W125/><G104/><T59/><D59/><U118/><E118/><V131/><F61/><W70/><G70/><T0/><D0/><U83/><E5/><V101/><F101/><W99/><G125/><T110/><D110/><U108/><E108/><V22/><F22/><W67/><G62/><T123/><D123/><U1/><E1/><V48/><F48/><AGARI ba="0,0" hai="10,13,18,48,49,58,60,67,84,89,93,94,99,103" machi="48" ten="40,5200,0" yaku="8,1,52,2" doraHai="90" who="3" fromWho="2" sc="71,0,296,0,332,-52,301,52" /><INIT seed="5,0,0,0,1,38" ten="71,296,280,353" oya="1" hai0="72,36,95,111,51,4,10,29,92,0,55,86,99" hai1="49,20,23,113,54,104,93,64,46,41,1,130,42" hai2="115,126,98,60,45,58,74,110,31,90,112,52,16" hai3="116,105,76,73,18,79,135,134,71,62,9,11,12"/><U77/><E104/><V80/><F110/><W91/><G105/><T118/><D72/><U13/><E1/><V82/><F126/><W85/><G116/><T125/><D36/><U39/><E113/><N who="2" m="43595" /><F31/><W67/><G9/><T119/><D125/><U87/><E130/><V131/><F131/><W28/><G28/><T70/><D70/><U26/><E64/><V53/><F74/><W43/><G43/><N who="1" m="16394" /><E39/><V106/><F106/><W75/><G75/><T27/><D111/><U34/><E34/><V108/><F108/><W107/><G107/><T84/><D95/><U132/><E132/><N who="3" m="50730" /><G73/><T65/><D65/><U103/><E13/><V63/><F63/><W3/><G3/><T47/><D119/><U61/><E61/><V25/><F53/><W128/><G128/><T24/><D24/><U124/><E26/><V94/><F45/><W89/><G89/><T2/><D2/><U40/><N who="1" m="16402" /><U117/><DORA hai="123" /><E117/><V78/><F78/><W32/><G32/><T15/><D0/><U57/><E46/><V68/><F68/><W56/><G71/><T7/><D7/><U97/><E124/><V37/><F37/><W133/><G133/><T5/><D5/><U21/><E21/><AGARI ba="0,0" hai="16,21,25,52,58,60,80,82,90,94,98" m="43595" machi="21" ten="30,8000,1" yaku="25,1,15,1,11,1,54,2" doraHai="38,123" who="2" fromWho="1" sc="71,0,296,-80,280,80,353,0" /><INIT seed="6,0,0,1,4,6" ten="71,216,360,353" oya="2" hai0="49,56,82,15,57,70,75,2,64,48,135,12,25" hai1="65,101,93,71,79,1,61,7,89,16,87,80,38" hai2="53,37,119,30,111,40,78,36,32,41,125,51,95" hai3="96,90,110,17,130,66,123,128,19,50,124,94,67"/><V107/><F107/><W31/><G110/><T29/><D70/><U98/><E38/><V134/><F119/><W120/><G124/><T47/><D135/><U0/><E7/><V5/><F134/><W85/><G31/><T4/><D75/><U114/><E114/><V112/><F112/><W62/><G50/><T129/><D129/><N who="3" m="49769" /><G67/><T63/><D82/><U104/><REACH who="1" step="1"/><E16/><REACH who="1" ten="71,206,360,353" step="2"/><V44/><F5/><W121/><G17/><T113/><D4/><U133/><E133/><V46/><F111/><W74/><G19/><T102/><D113/><U73/><AGARI ba="0,1" hai="0,1,61,65,71,73,79,80,87,89,93,98,101,104" machi="73" ten="20,12000,2" yaku="1,1,0,1,7,1,24,2,53,1" doraHai="6" doraHaiUra="92" who="1" fromWho="1" sc="71,-30,206,130,360,-60,353,-30" /><INIT seed="7,0,0,1,2,124" ten="41,336,300,323" oya="3" hai0="102,88,11,10,2,39,52,132,62,34,59,19,53" hai1="83,111,50,101,3,9,115,40,56,122,120,55,69" hai2="36,27,45,126,79,93,20,54,85,92,133,131,32" hai3="100,42,70,116,81,94,26,76,74,107,135,72,22"/><W33/><G116/><T25/><D39/><U114/><E111/><V113/><F32/><W64/><G135/><T65/><D132/><U24/><E69/><V41/><F133/><W127/><G127/><T112/><D112/><N who="1" m="43051" /><E101/><V108/><F113/><W49/><G94/><T60/><D102/><U31/><E83/><V16/><F126/><W57/><G57/><T14/><D2/><U91/><E91/><V47/><F108/><W134/><G134/><T103/><D34/><N who="1" m="20839" /><E40/><V18/><F131/><W51/><G72/><T21/><D103/><U75/><E75/><V110/><F110/><W5/><G5/><AGARI ba="0,0" hai="3,5,9,50,55,56,120,122" m="20839,43051" machi="5" ten="30,1000,0" yaku="15,1" doraHai="124" who="1" fromWho="3" sc="41,0,336,10,300,0,323,-10" owari="41,-46.0,346,45.0,300,-10.0,313,11.0" /></mjloggm>