<mjloggm ver="2.3"><GO type="169" lobby="0"/><UN n0="%E7%A0%B4%E5%A3%8A%E3%81%A8%E8%AA%95%E7%94%9F%E3%81%AE%E7%A5%9E%E6%AE%BF" n1="%E3%83%88%E3%83%88%E3%83%AA%E5%85%88%E7%94%9F%31%39%E6%AD%B3" n2="%E5%BD%B1%E8%99%8E" n3="%E5%AB%8C%E3%81%84%E3%81%98%E3%82%83%E3%81%AA%E3%81%84%E3%82%8F%EF%BC%81" dan="17,19,16,18" rate="2201.29,2273.00,2066.65,2198.97" sx="F,F,M,M"/><TAIKYOKU oya="0"/><INIT seed="0,0,0,2,0,94" ten="250,250,250,250" oya="0" hai0="79,126,128,121,47,135,33,62,112,34,24,23,17" hai1="12,70,0,65,19,86,52,35,18,32,130,26,115" hai2="87,48,119,114,11,59,127,43,27,14,55,39,80" hai3="46,98,82,7,69,42,103,89,76,66,122,78,10"/><T77/><D121/><U5/><E130/><V96/><F114/><W108/><G108/><T73/><D112/><U53/><E115/><V111/><F111/><W38/><G122/><T132/><D128/><U91/><E0/><V105/><F127/><W95/><G69/><T131/><D131/><U102/><E5/><V104/><F39/><W58/><G66/><T99/><D126/><U22/><E102/><V21/><F43/><W90/><G58/><T120/><D120/><U25/><E65/><V109/><F119/><W116/><G116/><T125/><D125/><U133/><E70/><V15/><F15/><W64/><G64/><T117/><D117/><U63/><E133/><N who="0" m="51273" /><D73/><U31/><E63/><V57/><F57/><W13/><REACH who="3" step="1"/><G78/><REACH who="3" ten="250,250,250,240" step="2"/><T68/><D68/><U67/><E67/><V36/><F59/><W71/><G71/><T85/><D77/><U49/><E49/><V8/><F48/><W75/><AGARI ba="0,1" hai="7,10,13,38,42,46,75,76,82,89,90,95,98,103" machi="75" ten="20,8000,1" yaku="1,1,0,1,7,1,52,1,53,1" doraHai="94" doraHaiUra="4" who="3" fromWho="3" sc="250,-40,250,-20,250,-20,240,90" /><INIT seed="1,0,0,4,4,58" ten="210,230,230,330" oya="1" hai0="35,57,15,93,111,36,117,99,131,95,135,7,90" hai1="85,79,22,24,59,4,17,108,18,20,91,102,107" hai2="101,118,115,56,32,96,34,122,75,27,129,134,21" hai3="125,23,97,114,103,3,12,62,130,72,84,112,13"/><U83/><E108/><V47/><F75/><W9/><G72/><T69/><D69/><U37/><E37/><V33/><F118/><W80/><G125/><T105/><D35/><U76/><E4/><V87/><F122/><W123/><G123/><T48/><D117/><U29/><E102/><V71/><F71/><W64/><G3/><T0/><D0/><U73/><E107/><V39/><F134/><W45/><G45/><T127/><D36/><U26/><E73/><V65/><F129/><W5/><G23/><T16/><D111/><U92/><E83/><V113/><F87/><W1/><G13/><T126/><D135/><U82/><E82/><V42/><F65/><W70/><G1/><T49/><D7/><U119/><E119/><V133/><F56/><W116/><G130/><T25/><D25/><U2/><E2/><V53/><F53/><W40/><G40/><T52/><D131/><U77/><REACH who="1" step="1"/><E59/><REACH who="1" ten="210,220,230,330" step="2"/><V86/><F133/><W100/><G100/><T109/><D109/><U110/><E110/><V132/><F132/><W31/><G116/><T50/><D105/><U104/><E104/><V98/><F101/><W68/><G68/><T51/><REACH who="0" step="1"/><D95/><REACH who="0" ten="200,220,230,330" step="2"/><U11/><E11/><AGARI ba="0,2" hai="11,15,16,48,49,50,51,52,57,90,93,99,126,127" machi="11" ten="40,8000,1" yaku="1,1,2,1,54,2,53,0" doraHai="58" doraHaiUra="41" who="0" fromWho="1" sc="200,100,220,-80,230,0,330,0" /><INIT seed="2,0,0,1,5,29" ten="300,140,230,330" oya="2" hai0="84,2,18,131,66,102,101,75,86,118,24,31,105" hai1="134,52,114,113,38,10,56,42,17,96,121,20,98" hai2="39,47,33,16,95,61,5,85,55,51,79,80,74" hai3="6,40,112,111,4,23,93,34,106,59,44,129,130"/><V99/><F5/><W1/><G106/><T81/><D2/><U11/><E134/><V100/><F39/><W73/><G73/><T126/><D126/><U46/><E121/><V117/><F117/><W49/><G111/><T13/><D131/><N who="3" m="50185" /><G1/><T12/><D12/><U26/><E113/><V71/><F33/><W87/><G34/><T21/><D118/><U89/><E114/><V64/><REACH who="2" step="1"/><F16/><REACH who="2" ten="300,140,220,330" step="2"/><W3/><G6/><T54/><D18/><U92/><REACH who="1" step="1"/><E98/><REACH who="1" ten="300,130,220,330" step="2"/><V45/><F45/><W28/><G44/><T76/><D24/><U125/><E125/><V69/><F69/><W53/><G112/><T0/><D31/><U78/><E78/><V109/><F109/><W32/><G28/><T50/><D76/><U82/><E82/><V60/><F60/><AGARI ba="0,2" hai="10,11,17,20,26,38,42,46,52,56,60,89,92,96" machi="60" ten="30,8000,1" yaku="1,1,7,1,25,2,54,1,53,0" doraHai="29" doraHaiUra="135" who="1" fromWho="2" sc="300,0,130,100,220,-80,330,0" /><INIT seed="3,0,0,4,2,63" ten="300,230,140,330" oya="3" hai0="68,87,65,96,123,15,70,27,115,42,3,19,105" hai1="125,134,8,50,35,104,89,31,5,30,53,66,95" hai2="118,108,110,23,7,88,111,99,44,33,121,16,2" hai3="78,28,58,132,133,106,124,126,40,93,26,60,129"/><W102/><G106/><T13/><D123/><U91/><E104/><V103/><F33/><W39/><G78/><T113/><D3/><U101/><E134/><N who="3" m="51818" /><G39/><T94/><D105/><U97/><E125/><N who="3" m="48234" /><G40/><T47/><D87/><U76/><E76/><V77/><F118/><W71/><G71/><T85/><D85/><U64/><E35/><V1/><F121/><W109/><G93/><T127/><D27/><U52/><E53/><V84/><F77/><W79/><G79/><T37/><D127/><U41/><E41/><V75/><F75/><W45/><G45/><T22/><D15/><N who="1" m="5519" /><E31/><V11/><F44/><W82/><G82/><T0/><D0/><U80/><E30/><V130/><F2/><W116/><G109/><T49/><D37/><U119/><E119/><V73/><F73/><W90/><G90/><N who="1" m="34314" /><E80/><V24/><F111/><W10/><G10/><T18/><D70/><U67/><E67/><V92/><F110/><W17/><G102/><T72/><D72/><U86/><E86/><V51/><F108/><W6/><G116/><T56/><D68/><U107/><E107/><V98/><F98/><W34/><G6/><T29/><D96/><U81/><E81/><V117/><F117/><W100/><G100/><T38/><D94/><U74/><E74/><V25/><F99/><W43/><G43/><T21/><D38/><U48/><E48/><V4/><F103/><W14/><G34/><T9/><D9/><U114/><E114/><V69/><F51/><W54/><G28/><T55/><D115/><U32/><E32/><V128/><F69/><W131/><G26/><RYUUKYOKU ba="0,0" sc="300,-15,230,15,140,-15,330,15" hai1="50,52,64,66,95,97,101" hai3="14,17,54,58,60,129,131" /><INIT seed="3,1,0,1,2,74" ten="285,245,125,345" oya="3" hai0="125,114,46,73,0,5,72,130,134,68,94,122,35" hai1="77,85,87,103,83,91,8,98,33,51,99,111,117" hai2="109,15,119,115,56,14,118,21,96,93,41,17,12" hai3="22,52,2,45,69,131,127,81,26,25,6,66,20"/><W9/><G127/><T43/><RYUUKYOKU type="yao9" ba="1,0" sc="285,0,245,0,125,0,345,0" hai0="0,5,35,43,46,68,72,73,94,114,122,125,130,134" /><INIT seed="3,2,0,1,3,84" ten="285,245,125,345" oya="3" hai0="92,76,115,80,43,27,60,28,101,130,42,26,116" hai1="5,40,75,69,19,121,7,118,15,16,12,132,111" hai2="124,87,24,135,37,52,62,78,29,33,104,110,70" hai3="77,128,4,100,22,114,18,106,23,133,83,93,49"/><W107/><G114/><T94/><D116/><U96/><E69/><V89/><F110/><W32/><G32/><T17/><D115/><U68/><E68/><V63/><F37/><W38/><G38/><T126/><D126/><U30/><E75/><V36/><F36/><W85/><G133/><T55/><D130/><U57/><E111/><V71/><F78/><W35/><G35/><T72/><D17/><U9/><E132/><V13/><F135/><W47/><G4/><T109/><D109/><U79/><E79/><V50/><F104/><W67/><G67/><T31/><D94/><U25/><E118/><V0/><F0/><W98/><G23/><T125/><D125/><U46/><E121/><V14/><F71/><W21/><G22/><T113/><D27/><U112/><E57/><V117/><F117/><W108/><G128/><T86/><D31/><U127/><E127/><V81/><F124/><W2/><G2/><T119/><D119/><U88/><E112/><V48/><F48/><W99/><G99/><T8/><D8/><N who="1" m="6247" /><E25/><V74/><F74/><W105/><G108/><T11/><D11/><U6/><E30/><V103/><F103/><W3/><G3/><T20/><D113/><U39/><E39/><V34/><F34/><W51/><REACH who="3" step="1"/><G47/><REACH who="3" ten="285,245,125,335" step="2"/><T82/><D20/><U134/><E134/><V54/><F33/><W120/><G120/><T91/><D28/><U122/><E122/><V56/><F29/><W102/><G102/><T61/><D101/><U58/><E5/><V44/><F44/><W97/><G97/><T129/><D129/><U10/><E6/><RYUUKYOKU ba="2,1" sc="285,-10,245,-10,125,-10,335,30" hai3="18,21,49,51,77,83,85,93,98,100,105,106,107" /><INIT seed="3,3,1,0,2,112" ten="275,235,115,365" oya="3" hai0="48,130,19,76,116,98,20,31,129,95,62,17,7" hai1="14,49,115,114,125,15,57,27,21,58,59,113,71" hai2="6,43,127,83,107,0,45,96,99,46,13,42,86" hai3="93,101,37,120,12,82,122,75,100,18,81,104,109"/><W28/><G37/><T55/><D76/><U131/><E71/><V56/><F0/><W26/><G104/><T111/><D111/><U84/><E131/><N who="0" m="50185" /><D7/><U3/><E3/><V4/><F107/><W124/><G109/><T63/><D31/><U90/><E49/><V121/><F121/><W128/><G128/><T35/><D35/><U126/><E90/><V110/><F56/><W10/><G124/><N who="1" m="47722" /><E84/><V103/><F110/><W32/><G100/><N who="0" m="60511" /><D116/><U53/><E53/><V92/><F99/><W38/><G38/><T5/><D5/><U66/><E66/><V47/><F127/><W73/><G73/><T67/><D67/><U54/><E54/><V133/><F6/><W123/><G75/><T134/><D134/><U78/><E78/><V65/><F65/><W119/><G119/><T64/><D64/><U23/><E27/><V69/><F69/><W9/><G101/><T36/><D36/><U52/><E52/><V34/><F133/><W118/><G118/><T33/><D33/><U72/><E72/><V74/><F34/><W51/><G51/><T44/><D19/><U61/><E61/><V79/><REACH who="2" step="1"/><F74/><REACH who="2" ten="275,235,105,365" step="2"/><W106/><G120/><T25/><AGARI ba="3,2" hai="17,20,25,44,48,55,62,63" m="60511,50185" machi="25" ten="30,1100,0" yaku="19,1" doraHai="112" who="0" fromWho="0" sc="275,40,235,-6,105,-6,365,-8" /><INIT seed="4,0,0,1,2,105" ten="315,229,99,357" oya="0" hai0="99,0,3,65,71,52,41,43,17,54,53,109,113" hai1="46,13,129,6,31,70,77,111,67,118,22,34,93" hai2="82,106,128,40,11,63,75,98,25,1,94,56,4" hai3="69,73,133,102,72,112,116,132,68,38,24,130,27"/><T81/><D113/><U5/><E111/><V87/><F128/><W84/><G38/><T48/><D109/><U103/><E118/><V92/><F40/><W120/><G112/><T74/><D99/><U37/><E129/><V35/><F106/><W114/><G114/><T86/><D74/><N who="3" m="28777" /><G130/><T44/><D43/><U121/><E121/><V80/><F80/><W55/><G102/><T45/><D44/><U16/><E77/><V97/><F75/><W18/><G18/><T60/><REACH who="0" step="1"/><D17/><REACH who="0" ten="305,229,99,357" step="2"/><U117/><E46/><V115/><F115/><W134/><G116/><T90/><AGARI ba="0,1" hai="0,3,41,45,48,52,53,54,60,65,71,81,86,90" machi="90" ten="30,12000,1" yaku="1,1,2,1,0,1,54,1,53,1" doraHai="105" doraHaiUra="39" who="0" fromWho="0" sc="305,130,229,-40,99,-40,357,-40" /><INIT seed="4,1,0,3,3,53" ten="435,189,59,317" oya="0" hai0="63,14,117,47,112,78,10,18,108,77,121,0,70" hai1="111,131,65,58,56,93,16,97,73,64,36,92,109" hai2="8,32,6,26,84,38,54,55,15,22,17,110,62" hai3="37,81,13,114,20,125,83,74,82,79,31,72,75"/><T33/><D121/><U4/><E73/><V19/><F38/><W12/><G37/><T46/><D117/><U9/><E36/><V43/><F110/><W115/><G79/><T57/><D112/><U95/><E131/><V30/><F43/><W89/><G125/><T105/><D105/><U130/><E130/><V90/><F62/><W135/><G135/><T94/><D33/><U88/><E109/><V127/><F127/><W50/><G89/><T52/><D108/><U99/><E111/><V122/><F122/><W44/><G31/><T100/><D0/><U86/><E4/><V129/><F129/><W68/><G68/><T104/><D104/><U29/><E29/><V7/><F7/><W128/><G128/><T106/><D106/><U61/><E64/><V60/><F60/><W67/><G67/><T59/><D70/><U35/><E58/><N who="0" m="22025" /><D63/><U3/><E35/><V85/><F85/><W5/><G5/><T96/><D47/><U132/><E132/><V126/><F126/><W49/><G44/><T133/><D133/><U66/><E3/><V69/><F69/><W42/><G20/><T48/><AGARI ba="1,0" hai="10,14,18,46,48,52,77,78,94,96,100" m="22025" machi="48" ten="30,12000,1" yaku="8,1,52,3,54,1" doraHai="53" who="0" fromWho="0" sc="435,123,189,-41,59,-41,317,-41" /><INIT seed="4,2,0,1,2,127" ten="558,148,18,276" oya="0" hai0="93,88,48,122,77,133,111,121,107,130,76,134,81" hai1="46,113,54,131,103,38,62,28,13,33,68,52,118" hai2="100,61,126,114,30,101,40,64,85,49,45,108,60" hai3="79,83,129,70,59,104,63,135,99,123,125,8,86"/><T7/><D7/><U110/><E110/><V15/><F114/><W97/><G125/><T3/><D48/><U18/><E118/><V66/><F108/><W25/><G70/><T128/><D3/><U89/><E113/><V39/><F39/><W91/><G135/><N who="0" m="51723" /><D107/><U56/><E68/><V50/><F126/><W51/><G129/><N who="0" m="49771" /><D111/><U4/><E131/><V57/><F50/><W24/><G51/><T2/><D2/><U105/><E4/><V16/><F30/><W119/><G104/><T5/><D5/><U96/><E38/><V19/><F85/><W82/><G119/><T9/><D9/><U53/><E46/><V74/><F74/><W102/><G86/><N who="0" m="52375" /><D77/><U90/><E105/><V95/><F95/><W31/><G79/><T132/><D132/><U69/><E90/><V115/><F115/><W92/><G91/><T12/><D12/><U117/><E89/><V26/><F26/><W84/><G92/><T14/><D14/><U20/><E117/><V78/><F78/><W73/><G25/><T1/><D1/><U44/><E13/><V67/><F61/><W37/><G63/><T21/><D21/><U10/><E20/><N who="2" m="11295" /><F19/><W35/><G24/><T6/><D6/><U124/><E18/><V47/><F47/><W43/><G37/><T29/><D29/><U120/><E28/><V58/><F60/><W72/><G31/><T11/><D11/><U41/><E62/><V32/><F32/><W17/><G35/><T94/><D94/><U106/><E33/><V65/><N who="2" m="16384" /><DORA hai="112" /><V23/><F23/><W0/><G0/><T80/><D76/><RYUUKYOKU ba="2,0" sc="558,15,148,-15,18,15,276,-15" hai0="80,81,121,122" hai2="40,45,49,57,58,100,101" /><INIT seed="4,3,0,1,4,7" ten="573,133,33,261" oya="0" hai0="56,51,113,88,31,85,77,24,59,41,63,111,121" hai1="135,12,104,39,98,20,95,38,37,96,65,78,26" hai2="23,97,109,42,54,73,6,94,133,69,83,15,106" hai3="16,120,126,49,13,110,35,87,52,80,79,21,112"/><T5/><D121/><U102/><E135/><V44/><F106/><W14/><G112/><T70/><D113/><U127/><E127/><V91/><F69/><W90/><G110/><T125/><D125/><U43/><E78/><V108/><F54/><W58/><G35/><T33/><D77/><U134/><E134/><V68/><F68/><W2/><G2/><T62/><D111/><U128/><E128/><V117/><F117/><W46/><G126/><T0/><D70/><U19/><E65/><V71/><F71/><W61/><G120/><T72/><D72/><U66/><E66/><V131/><F131/><W103/><G103/><T114/><D59/><U93/><E43/><V76/><F133/><W82/><G14/><T27/><D27/><U60/><E60/><V132/><F132/><W11/><G21/><T48/><D41/><U25/><REACH who="1" step="1"/><E104/><REACH who="1" ten="573,123,33,261" step="2"/><V116/><F116/><W8/><G79/><T36/><D63/><U9/><E9/><V75/><F75/><W99/><G11/><T29/><D62/><U89/><AGARI ba="3,1" hai="12,19,20,25,26,37,38,39,89,93,95,96,98,102" machi="89" ten="30,2000,0" yaku="1,1,0,1,53,0" doraHai="7" doraHaiUra="32" who="1" fromWho="1" sc="573,-13,123,39,33,-8,261,-8" /><INIT seed="5,0,0,3,2,10" ten="560,162,25,253" oya="1" hai0="105,35,118,98,69,12,65,100,32,41,85,17,21" hai1="129,88,24,6,102,123,38,101,15,99,106,14,90" hai2="2,115,1,79,107,19,16,116,112,132,26,50,60" hai3="3,34,111,126,104,96,78,89,55,77,131,53,113"/><U23/><E123/><V40/><F116/><W31/><G111/><T67/><D118/><U20/><E38/><V124/><F107/><W95/><G3/><N who="2" m="1033" /><F79/><W130/><G113/><N who="2" m="43593" /><F132/><W121/><G126/><T57/><D69/><U94/><E129/><N who="3" m="49162" /><G104/><T48/><D67/><U75/><E75/><V66/><F124/><W74/><G74/><T8/><D85/><U42/><E42/><V37/><F37/><W127/><G127/><T117/><D117/><U49/><E106/><V62/><F26/><N who="3" m="18807" /><G121/><T4/><D65/><U76/><E76/><AGARI ba="0,0" hai="53,55,76,77,78,89,95,96" m="18807,49162" machi="76" ten="30,1000,0" yaku="19,1" doraHai="10" who="3" fromWho="1" sc="560,0,162,-10,25,0,253,10" /><INIT seed="6,0,0,3,2,30" ten="560,152,25,263" oya="2" hai0="26,64,1,45,111,59,20,41,3,77,16,29,112" hai1="88,133,11,80,36,38,19,39,65,75,85,50,94" hai2="131,15,86,12,28,79,126,134,84,18,105,44,55" hai3="78,53,102,69,49,90,101,25,89,2,4,33,48"/><V52/><F105/><W14/><G69/><T66/><D111/><U34/><E133/><V122/><F122/><W47/><G2/><T120/><D120/><U42/><E34/><V37/><F134/><W63/><G78/><T115/><D77/><U5/><E75/><V93/><F131/><W110/><G63/><N who="0" m="38015" /><D66/><U117/><E117/><V57/><F28/><W130/><G90/><T113/><D29/><U32/><E32/><V106/><F106/><W58/><G25/><T13/><D13/><U10/><E65/><V46/><F37/><AGARI ba="0,0" hai="1,3,16,20,26,37,41,45,112,113,115" m="38015" machi="37" ten="30,2000,0" yaku="15,1,54,1" doraHai="30" who="0" fromWho="2" sc="560,20,152,0,25,-20,263,0" /><INIT seed="7,0,0,4,4,49" ten="580,152,5,263" oya="3" hai0="71,40,31,73,6,82,106,19,117,60,62,54,63" hai1="135,69,2,21,12,55,128,46,109,75,25,13,1" hai2="56,90,72,35,116,96,98,53,127,5,97,0,130" hai3="120,101,22,68,43,7,81,14,104,66,26,16,29"/><W84/><G43/><T126/><D106/><U91/><E69/><V34/><F72/><W20/><G120/><T78/><D117/><U107/><E107/><V36/><F36/><W58/><G68/><T124/><D31/><U119/><E75/><V67/><F67/><W27/><G104/><T18/><D40/><U61/><E109/><V51/><F116/><W103/><G66/><T83/><D6/><U38/><E119/><V108/><F108/><W70/><G70/><T17/><D82/><U133/><E128/><V4/><F130/><W95/><G95/><T41/><D41/><U100/><E100/><V47/><F0/><W87/><G58/><N who="0" m="34903" /><D71/><U42/><E2/><V102/><F102/><N who="3" m="38923" /><G81/><T79/><D79/><U10/><E1/><V59/><F127/><AGARI ba="0,0" hai="17,18,19,62,63,73,78,83,124,126,127" m="34903" machi="127" ten="30,2000,0" yaku="18,1,52,1" doraHai="49" who="0" fromWho="2" sc="580,20,152,0,5,-20,263,0" owari="600,71.0,152,-25.0,-15,-52.0,263,6.0" /></mjloggm>