<mjloggm ver="2.3"><GO type="169" lobby="0"/><UN n0="%E3%81%AD%E3%82%8A%E3%82%B4%E3%83%9E" n1="%E3%82%A6%E3%83%AB%E3%83%88%E3%83%A9%E7%AB%8B%E7%9B%B4" n2="%E5%80%89%E6%A9%8B%EF%BC%A0%E4%BA%8B%E5%8B%99" n3="%E3%82%B3%E3%83%B3%E3%83%81%E2%85%A2" dan="16,16,16,16" rate="2059.13,2194.44,2092.84,2131.89" sx="M,M,M,M"/><TAIKYOKU oya="0"/><INIT seed="0,0,0,0,0,52" ten="250,250,250,250" oya="0" hai0="95,14,66,19,87,97,43,40,69,79,8,106,33" hai1="121,115,109,83,133,34,90,73,60,104,29,53,22" hai2="86,65,44,48,16,98,78,59,100,45,13,56,46" hai3="51,77,102,63,103,9,96,94,88,62,36,114,76"/><T85/><D33/><U1/><E22/><N who="2" m="11535" /><F65/><W17/><G36/><T125/><D125/><U118/><E53/><V24/><F24/><W26/><G114/><T91/><D106/><U5/><E90/><V38/><F38/><W15/><G26/><T7/><D7/><U89/><E83/><N who="2" m="47479" /><F48/><W3/><G3/><T47/><D79/><N who="3" m="30281" /><G51/><T41/><D69/><U105/><E89/><V2/><F2/><W127/><G127/><T99/><D66/><U23/><E104/><V111/><F111/><W20/><G9/><T131/><D131/><U132/><E5/><V120/><F120/><W58/><G63/><T74/><D74/><U67/><E60/><V10/><F10/><W25/><G15/><T92/><D47/><U113/><E23/><V12/><F12/><W112/><G112/><T110/><D110/><U107/><E115/><V75/><F75/><W124/><G124/><T84/><REACH who="0" step="1"/><D91/><REACH who="0" ten="240,250,250,250" step="2"/><U108/><E67/><AGARI ba="0,1" hai="17,20,25,58,62,67,88,94,96,102,103" m="30281" machi="67" ten="30,3900,0" yaku="8,1,52,1,54,1" doraHai="52" who="3" fromWho="1" sc="240,0,250,-39,250,0,250,49" /><INIT seed="1,0,0,0,0,30" ten="240,211,250,299" oya="1" hai0="122,70,4,126,27,26,87,75,80,101,49,109,19" hai1="78,63,124,68,111,44,108,93,64,91,84,23,130" hai2="3,32,14,96,50,125,121,29,18,1,105,85,134" hai3="51,13,99,36,135,117,52,38,53,62,11,66,113"/><U59/><E130/><V107/><F121/><W115/><G117/><T73/><D122/><U58/><E124/><V8/><F85/><W120/><G120/><T22/><D70/><U2/><E2/><V128/><F128/><W119/><G119/><T131/><D109/><N who="1" m="42059" /><E78/><V79/><F79/><W69/><G135/><T98/><D126/><U133/><E133/><V39/><F39/><W114/><G99/><T123/><D123/><U82/><E44/><V118/><F96/><W127/><G127/><T46/><D131/><U88/><E23/><V31/><F134/><W42/><G42/><T116/><D116/><U5/><E5/><V15/><F1/><W20/><G20/><T76/><D4/><U102/><E102/><V90/><F3/><W33/><G33/><T9/><D9/><U37/><E37/><V61/><F8/><W10/><G10/><T89/><D76/><U25/><E25/><V67/><F32/><W57/><REACH who="3" step="1"/><G53/><REACH who="3" ten="240,211,250,289" step="2"/><T56/><D98/><AGARI ba="0,1" hai="58,59,63,64,68,82,84,88,91,93,98" m="42059" machi="98" ten="30,5800,0" yaku="14,1,10,1,54,1" doraHai="30" who="1" fromWho="0" sc="240,-58,211,68,250,0,289,0" /><INIT seed="1,1,0,5,5,109" ten="182,279,250,289" oya="1" hai0="89,45,41,129,76,113,9,47,73,126,60,122,84" hai1="104,91,114,51,97,115,57,64,96,58,135,81,82" hai2="120,12,133,98,131,68,69,24,54,130,88,123,67" hai3="43,132,119,53,14,63,112,128,50,4,0,125,18"/><U7/><E7/><V93/><F133/><W90/><G112/><T8/><D129/><N who="2" m="49162" /><F24/><W28/><G28/><T21/><D126/><U15/><E15/><V56/><F12/><W40/><G63/><T49/><D122/><N who="2" m="46634" /><F67/><W6/><G132/><T44/><D113/><U13/><E13/><V29/><F29/><W22/><G125/><T79/><D60/><AGARI ba="1,0" hai="54,56,60,68,69,88,93,98" m="46634,49162" machi="60" ten="30,2000,0" yaku="19,1,54,1" doraHai="109" who="2" fromWho="0" sc="182,-23,279,0,250,23,289,0" /><INIT seed="2,0,0,4,3,77" ten="159,279,273,289" oya="2" hai0="21,42,102,20,69,49,106,95,90,134,99,5,30" hai1="94,87,7,121,129,39,46,24,17,35,118,8,68" hai2="45,60,1,65,104,120,86,44,48,40,130,111,4" hai3="114,122,23,83,61,113,75,18,67,28,72,37,54"/><V12/><F120/><W58/><G37/><T132/><D69/><U43/><E68/><V32/><F32/><W80/><G28/><T27/><D5/><U107/><E107/><V22/><F104/><W85/><G122/><T31/><D42/><U100/><E118/><V115/><F115/><N who="3" m="44043" /><G54/><T124/><D90/><U110/><E110/><V76/><F1/><W9/><G9/><T116/><D116/><U92/><E100/><V2/><F2/><W19/><G19/><T89/><D49/><U101/><E101/><V73/><F73/><N who="3" m="28235" /><G85/><T82/><D124/><U127/><E17/><V135/><F111/><W14/><AGARI ba="0,0" hai="14,18,23,58,61,67,80,83" m="28235,44043" machi="14" ten="30,4000,0" yaku="11,1,52,2" doraHai="77" who="3" fromWho="3" sc="159,-10,279,-10,273,-20,289,40" /><INIT seed="3,0,0,4,0,106" ten="149,269,253,329" oya="3" hai0="113,116,6,15,89,20,39,44,64,24,34,101,17" hai1="120,28,46,72,133,82,130,5,54,37,122,134,23" hai2="118,12,135,3,18,71,77,8,90,124,32,94,115" hai3="107,29,66,79,57,62,50,52,114,27,45,75,93"/><W63/><G107/><T105/><D116/><U30/><E5/><V128/><F118/><W125/><G114/><T111/><D111/><U78/><E23/><V60/><F115/><W36/><G125/><T98/><D113/><U56/><E46/><V25/><F124/><W123/><G123/><T119/><D119/><U33/><E37/><V31/><F128/><W121/><G121/><T35/><D64/><U103/><E103/><V14/><F135/><N who="1" m="51721" /><E130/><V65/><F77/><W87/><G36/><T80/><D6/><U132/><E132/><V48/><F48/><W40/><G93/><T73/><D89/><U10/><E10/><V110/><F110/><W112/><G87/><T117/><D117/><U47/><E47/><V129/><F129/><W13/><G13/><T88/><D15/><U108/><E108/><V55/><F55/><W86/><G86/><T131/><D131/><U49/><E28/><V81/><F3/><W69/><G112/><T9/><D9/><U51/><E51/><V97/><F14/><W126/><G126/><T11/><D11/><U99/><E99/><V19/><REACH who="2" step="1"/><F81/><REACH who="2" ten="149,269,243,329" step="2"/><N who="3" m="45311" /><G40/><T53/><D53/><U104/><E120/><V16/><AGARI ba="0,1" hai="8,12,16,18,19,25,31,32,60,65,71,90,94,97" machi="16" ten="20,8000,1" yaku="1,1,0,1,7,1,54,1,53,1" doraHai="106" doraHaiUra="58" who="2" fromWho="2" sc="149,-20,269,-20,243,90,329,-40" /><INIT seed="4,0,0,2,3,35" ten="129,249,333,289" oya="0" hai0="53,129,51,81,125,66,52,62,69,17,27,65,99" hai1="22,55,110,24,120,10,93,108,100,57,32,59,70" hai2="114,1,75,76,5,74,122,72,128,105,49,78,47" hai3="88,123,85,118,64,98,91,80,92,12,41,3,86"/><T4/><D125/><U31/><E70/><V94/><F105/><W132/><G118/><T37/><D129/><U61/><E120/><V45/><F128/><W14/><G123/><T11/><D37/><U84/><E32/><V58/><F122/><W119/><G119/><T83/><D66/><U34/><E34/><V73/><F114/><W38/><G132/><T126/><D126/><U68/><E68/><V112/><F75/><W6/><G64/><T29/><D17/><U30/><E30/><V16/><F16/><W26/><G26/><T103/><D53/><U102/><E110/><V116/><F73/><W25/><G25/><T50/><D50/><U115/><E115/><V131/><F74/><W127/><G127/><T39/><D39/><U121/><E121/><V79/><F72/><W77/><G41/><T43/><D43/><U90/><E108/><V109/><F49/><W7/><G38/><T87/><D87/><U71/><E71/><V106/><F109/><W18/><G3/><T54/><D54/><N who="1" m="33975" /><E10/><V36/><F36/><W111/><G111/><T104/><D27/><U135/><E135/><V2/><F2/><W96/><G14/><T42/><D42/><U107/><E107/><V134/><F1/><W60/><G60/><AGARI ba="0,0" hai="22,24,31,55,59,60,84,90,93,100,102" m="33975" machi="60" ten="30,1000,0" yaku="8,1" doraHai="35" who="1" fromWho="3" sc="129,0,249,10,333,0,289,-10" /><INIT seed="5,0,0,2,0,121" ten="129,259,333,279" oya="1" hai0="82,9,127,40,45,128,54,100,101,29,78,125,47" hai1="122,99,51,49,55,88,112,83,66,126,33,3,113" hai2="95,70,106,117,104,23,39,79,134,21,69,67,114" hai3="30,74,31,73,7,10,19,53,111,50,6,80,25"/><U18/><E33/><V36/><F117/><W93/><G93/><T42/><D29/><U63/><E3/><V59/><F95/><W34/><G31/><T129/><D9/><U41/><E41/><N who="0" m="15977" /><D82/><U87/><E122/><V92/><F92/><W24/><G24/><T2/><D78/><U85/><E99/><V91/><F59/><W103/><G103/><N who="0" m="39499" /><D54/><U4/><E4/><V131/><F79/><W0/><G7/><T94/><D94/><U58/><E87/><V124/><F67/><W123/><G123/><T12/><D12/><U38/><E38/><V46/><F46/><N who="0" m="17418" /><D2/><U135/><E55/><V56/><F56/><W75/><G50/><T86/><D86/><U90/><E51/><V102/><F39/><W61/><G19/><T105/><D105/><U64/><E49/><V116/><F104/><W132/><G61/><T57/><D57/><U17/><E58/><V14/><F106/><W11/><G53/><T130/><AGARI ba="0,0" hai="125,127,128,129,130" m="17418,39499,15977" machi="130" ten="40,5200,0" yaku="28,2,19,1" doraHai="121" who="0" fromWho="0" sc="129,52,259,-26,333,-13,279,-13" /><INIT seed="6,0,0,2,1,115" ten="181,233,320,266" oya="2" hai0="45,81,93,99,96,30,19,102,16,68,54,21,91" hai1="28,120,27,87,2,26,5,8,20,113,60,135,80" hai2="14,74,58,132,42,24,94,75,119,95,112,7,131" hai3="53,84,98,1,116,62,111,0,63,57,4,37,35"/><V130/><F112/><W107/><G37/><T122/><D122/><U73/><E135/><V134/><F42/><W118/><G35/><T101/><D68/><U76/><E113/><V56/><F14/><W88/><G111/><T128/><D128/><U12/><E120/><V3/><F24/><W46/><G46/><T125/><D125/><U66/><E27/><V105/><F7/><W114/><G114/><T10/><D30/><U110/><E110/><V70/><F70/><W59/><G98/><T9/><D81/><U43/><E43/><V36/><F36/><W77/><G77/><T23/><D91/><U72/><REACH who="1" step="1"/><E2/><REACH who="1" ten="181,223,320,266" step="2"/><V6/><F3/><W41/><G41/><T83/><D83/><U52/><E52/><V65/><F134/><W18/><G0/><T71/><D54/><U78/><E78/><V39/><F132/><W123/><G123/><T15/><D71/><AGARI ba="0,1" hai="5,8,12,20,26,28,60,66,71,72,73,76,80,87" machi="71" ten="30,2000,0" yaku="1,1,7,1,53,0" doraHai="115" doraHaiUra="33" who="1" fromWho="0" sc="181,-20,223,30,320,0,266,0" /><INIT seed="7,0,0,3,3,18" ten="161,253,320,266" oya="3" hai0="96,19,94,49,80,100,133,81,6,26,87,21,115" hai1="22,131,82,130,59,63,78,61,126,125,54,95,74" hai2="135,134,34,72,35,121,2,42,88,103,75,39,116" hai3="114,85,76,5,77,51,120,86,60,117,25,128,9"/><W89/><G120/><T106/><D133/><N who="2" m="50698" /><F116/><W24/><G117/><T32/><D32/><U27/><E95/><V37/><F2/><W11/><G114/><T97/><D6/><U23/><E63/><V0/><F0/><W17/><G128/><N who="1" m="49194" /><E27/><N who="3" m="10314" /><G60/><T47/><D115/><U52/><E54/><V55/><F121/><W65/><G65/><T48/><D106/><U31/><E31/><V12/><F103/><W111/><G111/><T62/><D97/><U4/><E4/><V101/><F101/><W3/><G3/><T66/><D47/><U118/><E118/><V67/><F67/><W79/><G5/><T83/><REACH who="0" step="1"/><D87/><REACH who="0" ten="151,253,320,266" step="2"/><U122/><E122/><V1/><F34/><W99/><G99/><T43/><D43/><U41/><E41/><V123/><F35/><W7/><G7/><T20/><D20/><AGARI ba="0,1" hai="20,22,23,52,59,61,74,78,82,125,126" m="49194" machi="20" ten="30,8000,1" yaku="19,1,52,3,54,1" doraHai="18" who="1" fromWho="0" sc="151,-80,253,90,320,0,266,0" owari="71,-43.0,343,44.0,320,12.0,266,-13.0" /></mjloggm>