<mjloggm ver="2.3"><GO type="169" lobby="0"/><UN n0="%62%69%6E%61%72%69%61" n1="%E5%8C%97%E7%99%BD%E5%B7%9D%E3%81%82%E3%82%93%E3%81%93" n2="%74%61%72%6F%33%39%30%30" n3="%E5%B0%B1%E6%B4%BB%E7%94%9F%40%E5%B7%9D%E6%9D%91%E8%BB%8D%E5%9B%A3" dan="16,16,16,18" rate="2076.98,2116.11,2102.29,2310.89" sx="F,F,M,M"/><TAIKYOKU oya="0"/><INIT seed="0,0,0,4,1,107" ten="250,250,250,250" oya="0" hai0="134,76,0,49,28,113,36,3,37,108,116,72,81" hai1="78,21,128,133,135,88,125,16,30,92,60,86,57" hai2="102,129,38,44,80,8,103,50,53,123,120,58,4" hai3="45,61,110,117,14,12,96,70,59,87,82,99,106"/><T29/><D113/><U101/><E30/><V18/><F129/><W27/><G70/><T7/><D116/><U35/><E35/><V68/><F68/><W84/><G110/><T13/><D134/><U73/><E125/><V114/><F114/><W6/><G87/><T51/><D108/><U91/><E128/><V52/><F18/><W77/><G106/><T85/><D85/><U32/><E32/><V69/><F69/><W47/><G27/><T63/><D63/><U97/><E91/><V127/><F127/><W20/><G14/><T54/><D13/><U67/><E78/><V41/><F80/><W130/><G130/><T23/><D51/><U95/><REACH who="1" step="1"/><E73/><REACH who="1" ten="250,240,250,250" step="2"/><V121/><REACH who="2" step="1"/><F53/><REACH who="2" ten="250,240,240,250" step="2"/><W65/><G117/><T56/><D29/><U74/><E74/><V2/><AGARI ba="0,2" hai="2,4,8,38,41,44,50,52,58,102,103,120,121,123" machi="2" ten="30,12000,2" yaku="1,1,2,1,0,1,54,1,53,2" doraHai="107" doraHaiUra="98" who="2" fromWho="2" sc="250,-60,240,-30,240,140,250,-30" /><INIT seed="1,0,0,3,0,106" ten="190,210,380,220" oya="1" hai0="42,56,40,7,114,58,81,12,32,48,123,72,20" hai1="67,100,23,134,104,29,110,97,4,125,45,6,127" hai2="28,26,37,43,84,132,14,96,107,25,80,15,101" hai3="8,21,90,94,105,13,108,71,35,115,88,73,51"/><U126/><E134/><V5/><F132/><W57/><G35/><T119/><D32/><U112/><E112/><V87/><F87/><W103/><G71/><T49/><D114/><U130/><E130/><V93/><F107/><W74/><G115/><T52/><D119/><U131/><E131/><V85/><F85/><N who="3" m="52495" /><G90/><T50/><D123/><U10/><E10/><V41/><F37/><W24/><G24/><N who="2" m="9321" /><F28/><W3/><G108/><T111/><D111/><U39/><E29/><V76/><F5/><N who="1" m="2153" /><E23/><V135/><F135/><W99/><G8/><T133/><D133/><U1/><E1/><V18/><F14/><W91/><G91/><T86/><D72/><U59/><E110/><V17/><F18/><N who="3" m="10447" /><G3/><T38/><D38/><U113/><E113/><V68/><F68/><W19/><G19/><N who="0" m="10343" /><D7/><U83/><E83/><V102/><F102/><W129/><G129/><T46/><D81/><U118/><E118/><V0/><F0/><W60/><G60/><T55/><D86/><U128/><E128/><V11/><AGARI ba="0,0" hai="11,15,17,41,43,76,80,84,93,96,101" m="9321" machi="11" ten="30,1100,0" yaku="8,1" doraHai="106" who="2" fromWho="2" sc="190,-3,210,-5,380,11,220,-3" /><INIT seed="2,0,0,0,1,115" ten="187,205,391,217" oya="2" hai0="57,42,106,117,120,36,135,27,3,76,100,69,80" hai1="14,130,128,11,12,85,98,94,24,92,20,48,118" hai2="16,19,2,8,78,22,55,23,61,50,71,33,103" hai3="7,123,124,26,4,9,32,97,34,112,53,31,68"/><V89/><F33/><W96/><G68/><T44/><D120/><U21/><E48/><V109/><F103/><W84/><G112/><T105/><D135/><U87/><E98/><V99/><F78/><W17/><G32/><T93/><D93/><U37/><E37/><V66/><F109/><W102/><G124/><T13/><D13/><U133/><E24/><V49/><F2/><W15/><G84/><T86/><D69/><U90/><E133/><V64/><F8/><W62/><G97/><T45/><D45/><U43/><E43/><V0/><F0/><W74/><G74/><T131/><D131/><U79/><E79/><V127/><F127/><W38/><G38/><T110/><D110/><U101/><E101/><V104/><F104/><W58/><REACH who="3" step="1"/><G123/><REACH who="3" ten="187,205,391,207" step="2"/><T40/><D86/><U52/><E87/><V46/><F99/><W116/><G116/><T63/><D117/><U132/><E132/><V54/><F71/><W28/><G28/><T88/><D36/><U121/><E121/><V5/><F89/><W75/><G75/><T41/><D88/><U107/><E118/><V35/><F35/><W111/><G111/><T59/><D100/><U113/><E113/><V25/><F5/><W91/><G91/><T134/><D134/><U56/><E90/><V83/><F19/><W6/><G6/><T47/><D76/><U70/><E70/><V72/><F16/><W126/><G126/><T18/><D80/><U65/><E85/><V10/><F83/><W108/><G108/><T39/><D39/><U129/><E129/><V73/><F72/><W1/><G1/><RYUUKYOKU ba="0,1" sc="187,-10,205,-10,391,-10,207,30" hai3="4,7,9,15,17,26,31,34,53,58,62,96,102" /><INIT seed="3,1,1,0,0,63" ten="177,195,381,237" oya="3" hai0="60,20,75,57,77,97,55,127,65,51,11,117,13" hai1="18,73,4,28,87,22,30,25,34,46,19,91,116" hai2="33,6,126,32,79,17,88,3,109,85,14,94,66" hai3="90,105,23,96,104,111,133,112,38,43,131,29,62"/><W42/><G112/><T26/><D117/><U59/><E73/><V84/><F109/><W56/><G131/><T78/><D127/><U21/><E116/><V86/><F126/><W95/><G133/><T81/><D97/><U31/><E46/><V92/><F3/><W54/><G111/><T82/><D13/><U7/><E59/><V41/><F6/><W37/><G37/><T47/><D11/><U125/><E125/><V39/><F41/><W8/><G38/><T74/><D20/><U132/><E132/><V1/><F1/><W35/><G35/><T48/><D48/><U103/><E103/><V134/><F39/><W15/><G104/><T45/><REACH who="0" step="1"/><D26/><REACH who="0" ten="167,195,381,237" step="2"/><U130/><E130/><V122/><F134/><W124/><G124/><T9/><D9/><U120/><E120/><V108/><F122/><W49/><G49/><T68/><AGARI ba="1,2" hai="45,47,51,55,57,60,65,68,74,75,77,78,81,82" machi="68" ten="20,8000,1" yaku="1,1,0,1,7,1,9,1,52,1,53,0" doraHai="63" doraHaiUra="69" who="0" fromWho="0" sc="167,103,195,-21,381,-21,237,-41" /><INIT seed="4,0,0,5,3,107" ten="270,174,360,196" oya="0" hai0="0,9,73,94,101,96,89,131,60,39,112,61,11" hai1="50,70,125,29,120,49,35,57,37,55,33,90,124" hai2="123,97,62,126,128,77,19,129,115,132,5,65,119" hai3="111,88,43,4,31,71,34,23,76,40,109,8,42"/><T130/><D39/><U20/><E70/><V92/><F123/><W3/><G71/><T45/><D112/><U59/><E37/><V79/><F115/><W127/><G127/><N who="1" m="48714" /><E120/><V67/><F126/><W1/><G1/><T53/><D73/><U13/><E90/><V66/><F132/><W98/><G76/><T52/><D89/><U122/><E122/><V91/><F119/><W121/><G34/><T81/><D81/><U93/><E93/><V68/><F5/><W64/><G64/><N who="2" m="24681" /><F19/><W103/><G121/><T106/><D106/><U14/><E50/><V117/><F117/><W63/><G63/><T25/><D25/><N who="1" m="16551" /><E59/><V7/><F7/><W133/><G133/><T82/><D82/><U84/><E84/><V54/><F54/><W48/><G48/><T86/><D86/><U46/><E57/><V110/><F110/><W135/><G135/><T113/><D113/><U85/><E85/><V100/><F91/><W41/><G103/><T6/><D11/><U72/><E72/><V36/><F36/><W56/><G56/><T15/><D0/><U18/><E13/><V116/><F116/><W83/><N who="3" m="10752" /><DORA hai="74" /><W75/><G75/><T30/><D53/><U38/><E38/><V10/><F79/><W2/><G2/><T99/><D60/><U108/><E108/><V78/><F77/><W114/><G114/><T134/><D134/><U105/><E105/><V32/><F78/><W47/><G83/><T87/><D61/><U51/><E51/><V26/><F62/><W28/><G109/><T12/><D101/><U17/><E17/><V104/><F67/><RYUUKYOKU ba="0,0" sc="270,-10,174,30,360,-10,196,-10" hai1="14,18,33,35,46,49,55" /><INIT seed="5,1,0,0,0,112" ten="260,204,350,186" oya="1" hai0="59,117,46,84,47,102,130,103,1,127,91,134,9" hai1="15,82,119,116,105,18,83,35,67,5,61,129,77" hai2="40,96,22,121,55,71,16,81,78,135,122,80,79" hai3="97,27,94,76,30,62,73,13,7,86,63,88,123"/><U107/><E5/><V10/><F71/><W14/><G123/><T70/><D117/><U113/><E113/><V8/><F135/><W100/><G73/><T41/><D70/><U0/><E0/><V25/><F40/><W44/><G76/><T53/><D130/><U52/><E35/><V118/><F118/><W98/><G98/><T31/><D31/><U89/><E129/><V23/><F96/><W115/><G115/><T38/><D127/><U6/><E6/><V11/><F55/><W58/><G44/><T92/><D47/><U120/><E120/><V69/><F69/><W66/><G63/><T126/><D126/><U124/><E124/><V87/><REACH who="2" step="1"/><F23/><REACH who="2" ten="260,204,340,186" step="2"/><N who="3" m="15743" /><G7/><T104/><D41/><U49/><E67/><V39/><F39/><W90/><G100/><T37/><D37/><U60/><E107/><V110/><F110/><W26/><G26/><T74/><D38/><U51/><E105/><V29/><F29/><W95/><AGARI ba="1,1" hai="13,14,58,62,66,86,88,90,94,95,97" m="15743" machi="95" ten="30,2000,0" yaku="8,1,54,1" doraHai="112" who="3" fromWho="3" sc="260,-6,204,-11,340,-6,186,33" /><INIT seed="6,0,0,5,0,74" ten="254,193,334,219" oya="2" hai0="15,19,90,3,72,111,32,73,13,124,126,114,31" hai1="106,107,23,38,104,53,68,37,48,120,92,131,119" hai2="70,59,45,123,84,97,99,81,0,56,18,27,33" hai3="117,69,25,135,103,113,61,115,8,42,28,105,44"/><V127/><F123/><W20/><G117/><T80/><D111/><U54/><E120/><V101/><F70/><W94/><G105/><T71/><D71/><U133/><E119/><V77/><F0/><W64/><G135/><T43/><D3/><U108/><E108/><V67/><F127/><N who="0" m="48682" /><D43/><U76/><E68/><V58/><F33/><W49/><G8/><N who="0" m="6567" /><D15/><U5/><E5/><V17/><F67/><W63/><G63/><T62/><D62/><U82/><E131/><V102/><F45/><W50/><G50/><T1/><D1/><U41/><E133/><V36/><F36/><W12/><G12/><T9/><D9/><U6/><E6/><V78/><F27/><W79/><G79/><N who="2" m="30217" /><F17/><W128/><G128/><T29/><D73/><U55/><E23/><V88/><F18/><W109/><G109/><T116/><D116/><U2/><E2/><V52/><F52/><W96/><AGARI ba="0,0" hai="20,25,28,42,44,49,61,64,69,94,96,103,113,115" machi="96" ten="30,1100,0" yaku="0,1" doraHai="74" who="3" fromWho="3" sc="254,-3,193,-3,334,-5,219,11" /><INIT seed="7,0,0,4,4,118" ten="251,190,329,230" oya="3" hai0="128,39,125,129,89,82,70,64,78,30,75,105,25" hai1="123,112,42,95,16,88,113,9,0,5,80,7,15" hai2="33,23,59,56,11,40,35,94,57,99,111,52,4" hai3="58,31,134,67,97,84,91,18,34,93,79,29,133"/><W109/><G109/><T117/><D117/><U26/><E80/><V53/><F111/><W127/><G127/><T21/><D125/><U3/><E42/><V68/><F68/><W38/><G38/><T19/><D105/><U126/><E126/><V122/><F122/><W47/><G34/><T44/><D89/><U8/><E123/><V107/><F107/><W45/><G18/><T17/><D64/><U37/><E37/><V110/><F110/><W54/><G67/><T92/><D92/><U10/><E26/><V24/><F40/><W130/><G130/><N who="0" m="50283" /><D70/><U71/><E71/><V66/><F66/><W6/><G6/><T132/><D132/><U12/><E12/><N who="2" m="5223" /><F35/><W85/><G133/><T60/><D60/><U114/><E114/><V115/><F33/><W49/><G134/><T13/><D13/><U69/><E69/><V90/><F115/><W1/><G1/><T81/><D81/><U76/><E76/><V20/><F20/><W50/><G79/><T108/><D108/><U96/><AGARI ba="0,0" hai="0,3,5,7,8,9,10,15,16,88,95,96,112,113" machi="96" ten="30,7900,0" yaku="0,1,9,1,54,2" doraHai="118" who="1" fromWho="1" sc="251,-20,190,79,329,-20,230,-39" owari="231,-17.0,269,7.0,309,41.0,191,-31.0" /></mjloggm>