<mjloggm ver="2.3"><GO type="169" lobby="0"/><UN n0="%E3%81%94%E3%82%8A%E3%81%94%E3%82%8A%E3%81%94%E3%82%8A%E3%82%89" n1="%E4%BB%A3%E6%89%93%E3%81%A1%E3%81%AE%E7%A5%9E%E6%A7%98" n2="%E7%89%8C%E5%BB%83%E4%BA%BA" n3="%E3%83%88%E3%83%88%E3%83%AA%E5%85%88%E7%94%9F%31%39%E6%AD%B3" dan="16,17,17,19" rate="2119.30,2224.59,2183.24,2306.94" sx="M,M,M,F"/><TAIKYOKU oya="0"/><INIT seed="0,0,0,2,4,29" ten="250,250,250,250" oya="0" hai0="24,77,117,69,107,124,83,18,48,112,121,80,28" hai1="134,99,75,88,44,89,61,41,123,43,125,52,14" hai2="108,105,132,50,54,114,15,25,27,82,133,92,135" hai3="110,13,111,42,73,8,36,22,122,120,39,35,118"/><T79/><D107/><U84/><E75/><V26/><F105/><W91/><G73/><T0/><D69/><U106/><E123/><N who="3" m="47146" /><G42/><T85/><D121/><U37/><E125/><V97/><F114/><W17/><G91/><T5/><D112/><U33/><E134/><V104/><F104/><W6/><G39/><T9/><D117/><U20/><E33/><V49/><F108/><N who="3" m="41515" /><G36/><T46/><D124/><U7/><E43/><V76/><F15/><N who="3" m="5527" /><G35/><T95/><D18/><U67/><E52/><V65/><F65/><W113/><G113/><T53/><D95/><U71/><E84/><N who="2" m="48199" /><F54/><W11/><G118/><T72/><D72/><U16/><REACH who="1" step="1"/><E7/><REACH who="1" ten="250,240,250,250" step="2"/><V63/><F63/><W62/><G62/><T45/><D79/><U90/><E90/><AGARI ba="0,1" hai="25,26,27,49,50,90,92,97,132,133,135" m="48199" machi="90" ten="40,1300,0" yaku="20,1" doraHai="29" who="2" fromWho="1" sc="250,0,240,-13,250,23,250,0" /><INIT seed="1,0,0,1,1,125" ten="250,227,273,250" oya="1" hai0="134,39,62,42,69,4,7,53,92,135,60,124,21" hai1="19,99,130,109,65,46,72,58,35,68,82,55,51" hai2="59,57,102,9,70,28,16,23,75,96,37,40,115" hai3="129,127,64,85,18,20,14,98,105,48,22,29,63"/><U81/><E35/><V73/><F70/><W110/><G127/><T121/><D124/><U25/><E109/><V17/><F115/><W15/><G110/><T52/><D21/><U34/><E72/><V100/><F28/><W3/><G3/><T84/><D92/><U31/><E68/><V113/><F113/><W56/><G129/><T89/><D89/><U38/><E130/><V87/><F87/><W61/><G105/><T67/><D84/><U131/><E131/><V91/><F91/><W86/><G98/><T30/><D30/><U43/><E65/><V112/><F112/><W6/><G63/><N who="0" m="40191" /><D4/><U24/><REACH who="1" step="1"/><E99/><REACH who="1" ten="250,217,273,250" step="2"/><V83/><F96/><W49/><G85/><T97/><D97/><U54/><E54/><N who="0" m="21097" /><D121/><U118/><E118/><V13/><F75/><W41/><G86/><T77/><D77/><U5/><E5/><V106/><F102/><W10/><G41/><T76/><D76/><U122/><E122/><V104/><F100/><W32/><G32/><T93/><D7/><U128/><E128/><V116/><F106/><W117/><G117/><T108/><D108/><U47/><E47/><N who="2" m="23951" /><F104/><W74/><G74/><T119/><D93/><U12/><E12/><N who="2" m="9607" /><F116/><W80/><G80/><T79/><D79/><U45/><E45/><V27/><F73/><W114/><G114/><T44/><D119/><U90/><E90/><V133/><F83/><W132/><G6/><T1/><D1/><U95/><E95/><V123/><F123/><W66/><G15/><T78/><D78/><U36/><E36/><V71/><F13/><W26/><G14/><T88/><D88/><RYUUKYOKU ba="0,1" sc="250,15,217,15,273,-15,250,-15" hai0="39,42,44,60,62,134,135" hai1="19,24,25,31,34,38,43,46,51,55,58,81,82" /><INIT seed="1,1,1,0,5,119" ten="265,232,258,235" oya="1" hai0="123,114,93,82,67,102,84,19,72,1,76,83,33" hai1="38,126,34,61,63,6,20,106,125,90,54,46,4" hai2="30,108,133,107,8,113,32,52,27,29,47,40,53" hai3="128,31,111,36,97,21,80,115,73,91,77,12,24"/><U86/><E34/><V130/><F107/><W105/><G115/><T101/><D33/><U95/><E106/><V5/><F30/><W9/><G36/><T11/><D114/><U104/><E104/><V17/><F113/><W14/><G111/><T122/><D67/><U2/><E20/><V100/><F100/><W62/><G128/><T79/><D19/><U96/><E96/><V22/><F133/><W42/><G42/><T48/><D48/><N who="1" m="28951" /><E38/><V28/><F108/><W50/><G50/><T132/><D132/><U135/><E135/><V112/><F130/><W81/><G9/><T15/><D15/><U23/><E23/><V134/><F29/><W103/><G62/><N who="1" m="23562" /><E2/><V7/><F134/><W0/><G0/><T37/><D37/><U68/><E68/><V87/><F87/><W92/><REACH who="3" step="1"/><G80/><REACH who="3" ten="265,232,258,225" step="2"/><T110/><D110/><U88/><E126/><V74/><F112/><W55/><G55/><T10/><D1/><U58/><E125/><V44/><F53/><W49/><G49/><T69/><D69/><U98/><E58/><V131/><F131/><W39/><G39/><T13/><D10/><U43/><E43/><V35/><F40/><W66/><G66/><T16/><REACH who="0" step="1"/><D93/><AGARI ba="1,2" hai="4,6,86,88,90,93,95,98" m="23562,28951" machi="93" ten="30,2900,0" yaku="8,1,54,1" doraHai="119" who="1" fromWho="0" sc="265,-32,232,52,258,0,225,0" /><INIT seed="1,2,0,4,3,103" ten="233,284,258,225" oya="1" hai0="111,27,124,25,10,4,18,64,59,34,53,54,24" hai1="28,119,21,60,8,131,42,120,2,122,5,85,108" hai2="30,0,94,96,134,79,6,57,20,14,89,49,22" hai3="52,110,44,11,68,65,62,112,118,45,41,74,86"/><U13/><E119/><V50/><F0/><W71/><G74/><T105/><D111/><U40/><E108/><V97/><F134/><W29/><G110/><T92/><D34/><U81/><E131/><V98/><F79/><W107/><G107/><T77/><D105/><U88/><E60/><V82/><F82/><W102/><G102/><T31/><D31/><U101/><E101/><V115/><F115/><W113/><G29/><T9/><D77/><U76/><E76/><V93/><F57/><N who="3" m="35111" /><G11/><T32/><D32/><U116/><E116/><V117/><F117/><W133/><G86/><T38/><D38/><U123/><REACH who="1" step="1"/><E13/><REACH who="1" ten="233,274,258,225" step="2"/><V78/><F78/><W126/><G118/><T3/><D3/><U70/><E70/><V39/><F14/><W15/><G15/><T129/><D129/><U109/><E109/><V47/><F89/><W125/><G71/><T55/><D25/><AGARI ba="2,1" hai="2,5,8,21,25,28,40,42,81,85,88,120,122,123" machi="25" ten="40,3900,0" yaku="1,1,54,1,53,0" doraHai="103" doraHaiUra="61" who="1" fromWho="0" sc="233,-45,274,55,258,0,225,0" /><INIT seed="1,3,0,4,3,79" ten="188,329,258,225" oya="1" hai0="73,113,68,83,57,58,10,7,46,44,129,66,87" hai1="29,13,41,39,96,23,65,15,102,63,3,69,24" hai2="133,50,117,78,31,105,11,76,119,37,12,9,126" hai3="47,124,70,30,14,19,71,60,61,8,80,74,98"/><U106/><REACH who="1" step="1"/><E3/><REACH who="1" ten="188,319,258,225" step="2"/><V53/><F119/><W114/><G114/><T128/><D113/><U45/><AGARI ba="3,1" hai="13,15,23,24,29,39,41,45,63,65,69,96,102,106" machi="45" ten="30,11700,0" yaku="21,2,2,1,0,1,53,0" doraHai="79" doraHaiUra="112" who="1" fromWho="1" sc="188,-42,319,136,258,-42,225,-42" /><INIT seed="1,4,0,1,0,127" ten="146,455,216,183" oya="1" hai0="9,133,82,89,31,49,119,122,97,44,113,15,19" hai1="109,81,3,98,40,23,58,87,134,29,61,6,37" hai2="14,65,90,99,101,43,56,10,46,135,102,4,103" hai3="73,7,111,11,30,59,54,24,104,114,83,116,68"/><U17/><E29/><V123/><F123/><W28/><G114/><T42/><D113/><U107/><E134/><V106/><F135/><W128/><G104/><T5/><D133/><U85/><E109/><V121/><F121/><W18/><G68/><T48/><D119/><U53/><E3/><V26/><F90/><W72/><G111/><T131/><D122/><U60/><E6/><V80/><F80/><W27/><G116/><T125/><D125/><U77/><E37/><V100/><F26/><W22/><G128/><T96/><D31/><U130/><E40/><V36/><F65/><W51/><G83/><T33/><D33/><U95/><E107/><V39/><F56/><W8/><G18/><T91/><D131/><U75/><E61/><V1/><REACH who="2" step="1"/><F39/><REACH who="2" ten="146,455,206,183" step="2"/><W112/><G112/><T88/><D82/><U74/><E130/><V62/><F62/><W118/><G118/><T35/><D35/><U21/><E75/><V2/><AGARI ba="4,1" hai="1,2,4,10,14,36,43,46,99,100,101,102,103,106" machi="2" ten="30,2000,0" yaku="1,1,0,1,53,0" doraHai="127" doraHaiUra="13" who="2" fromWho="2" sc="146,-9,455,-14,206,42,183,-9" /><INIT seed="2,0,0,1,5,88" ten="137,441,248,174" oya="2" hai0="95,118,54,7,71,126,127,18,14,21,124,108,109" hai1="46,20,19,86,34,70,47,13,122,132,10,53,103" hai2="45,60,41,12,68,64,55,114,87,6,102,11,69" hai3="17,83,35,15,77,74,8,36,16,121,89,82,119"/><V38/><F114/><W112/><G119/><T1/><D71/><U107/><E34/><V79/><F102/><W65/><G112/><T30/><D54/><U81/><E70/><V117/><F117/><W2/><G121/><T131/><D118/><U106/><E132/><V39/><F69/><W44/><G35/><T105/><D105/><U61/><E122/><V130/><F130/><W56/><G65/><T48/><D48/><U63/><E107/><V25/><F55/><W24/><G56/><T80/><D80/><U94/><E106/><V0/><F25/><W90/><G83/><T84/><D131/><U37/><E37/><V123/><F123/><W9/><G24/><T99/><D84/><U51/><E47/><V134/><F134/><W111/><G111/><N who="0" m="42571" /><D30/><U110/><E20/><V78/><F39/><W42/><G17/><T58/><D58/><U116/><E116/><V26/><F87/><W92/><G92/><T85/><D85/><U91/><E110/><V28/><REACH who="2" step="1"/><F0/><REACH who="2" ten="137,441,238,174" step="2"/><W3/><G2/><T52/><D52/><U27/><E27/><V96/><F96/><AGARI ba="0,1" hai="10,13,19,46,51,53,61,63,81,86,91,94,96,103" machi="96" ten="40,8000,1" yaku="25,2,8,1,52,1" doraHai="88" who="1" fromWho="2" sc="137,0,441,90,238,-80,174,0" /><INIT seed="3,0,0,3,4,38" ten="137,531,158,174" oya="3" hai0="97,85,109,28,132,29,68,43,53,13,14,71,62" hai1="24,40,120,9,47,16,41,95,54,111,118,23,18" hai2="112,110,36,63,10,94,79,108,66,69,0,106,116" hai3="67,105,4,17,75,56,103,8,25,127,65,130,96"/><W45/><G75/><T21/><D97/><U72/><E120/><V77/><F112/><W84/><G130/><T135/><D85/><U129/><E72/><V20/><F106/><W35/><G127/><T27/><D109/><U87/><E111/><N who="2" m="42539" /><F36/><W76/><G56/><N who="0" m="35087" /><D29/><U32/><E32/><V2/><F116/><W113/><G113/><T99/><D99/><U3/><E129/><V121/><F121/><W60/><G60/><T134/><D43/><N who="1" m="16459" /><E3/><N who="2" m="1067" /><F10/><W46/><G8/><T15/><AGARI ba="0,0" hai="13,14,15,21,27,28,68,71,132,134,135" m="35087" machi="15" ten="40,1500,0" yaku="20,1" doraHai="38" who="0" fromWho="0" sc="137,15,531,-4,158,-4,174,-7" /><INIT seed="4,0,0,3,3,59" ten="152,527,154,167" oya="0" hai0="19,96,79,0,121,47,22,110,98,39,67,52,8" hai1="60,82,32,61,81,74,17,106,89,6,34,92,62" hai2="113,16,70,44,78,103,1,20,45,112,102,54,43" hai3="2,7,15,100,24,68,135,124,35,85,108,33,11"/><T95/><D121/><U120/><E106/><V90/><F1/><W65/><G108/><T93/><D79/><U57/><E120/><V3/><F3/><W18/><G135/><T122/><D122/><U107/><E107/><V126/><F78/><W97/><G124/><T13/><D110/><U76/><E81/><V10/><F126/><W5/><G85/><T50/><D39/><U84/><E6/><V37/><F10/><W94/><G7/><T40/><D67/><U63/><REACH who="1" step="1"/><E17/><REACH who="1" ten="152,517,154,167" step="2"/><V87/><F113/><W118/><G18/><N who="0" m="8487" /><D0/><U88/><E88/><V38/><F112/><W134/><G2/><T105/><D105/><U101/><E101/><V29/><F103/><W133/><G5/><T55/><D95/><U28/><E28/><V109/><F102/><W111/><G111/><T123/><D123/><U27/><E27/><V49/><F29/><W77/><G77/><T104/><D104/><U64/><AGARI ba="0,1" hai="32,34,57,60,61,62,63,64,74,76,82,84,89,92" machi="64" ten="30,12000,2" yaku="1,1,0,1,52,4,53,0" doraHai="59" doraHaiUra="71" who="1" fromWho="1" sc="152,-60,517,130,154,-30,167,-30" /><INIT seed="5,0,0,0,5,133" ten="92,647,124,137" oya="1" hai0="117,28,67,123,86,124,51,25,6,41,89,75,37" hai1="65,0,64,126,57,61,21,20,12,56,129,68,110" hai2="69,42,11,27,71,128,112,35,34,66,8,49,134" hai3="31,114,4,14,40,9,55,46,13,84,82,45,131"/><U23/><E0/><V30/><F35/><W98/><G114/><T17/><D75/><U5/><E129/><V92/><F128/><W3/><G131/><T43/><D117/><U22/><E110/><V106/><F71/><W118/><G118/><T94/><D123/><U47/><E126/><V39/><F39/><W104/><G31/><T76/><D37/><U115/><E115/><V109/><F109/><W2/><G13/><T81/><D124/><U83/><E47/><V90/><F106/><W127/><G127/><T111/><D111/><U58/><E83/><V87/><F112/><W29/><G29/><T38/><D38/><U7/><REACH who="1" step="1"/><E65/><REACH who="1" ten="92,637,124,137" step="2"/><V62/><F134/><W59/><G45/><T108/><D67/><U77/><E77/><V16/><F66/><W116/><G116/><T119/><D81/><U120/><E120/><V48/><F34/><W52/><G2/><T63/><D76/><U26/><E26/><V15/><F27/><W54/><G3/><T102/><D25/><U96/><E96/><V1/><F15/><W53/><G46/><T72/><D108/><U44/><E44/><V19/><F1/><W85/><G40/><T60/><D43/><U103/><E103/><V99/><F99/><W18/><G82/><T101/><D102/><U70/><E70/><V73/><F42/><W36/><G36/><T80/><D101/><U135/><E135/><V100/><F100/><N who="3" m="62487" /><G85/><T91/><D86/><U88/><E88/><V113/><F113/><W74/><G84/><T122/><D91/><U10/><E10/><V50/><F87/><W78/><G78/><RYUUKYOKU ba="0,1" sc="92,-10,637,30,124,-10,137,-10" hai1="5,7,12,20,21,22,23,56,57,58,61,64,68" /><INIT seed="5,1,1,0,0,5" ten="82,667,114,127" oya="1" hai0="58,55,118,103,105,39,48,18,85,110,51,131,49" hai1="61,76,84,106,44,19,37,87,15,41,97,68,53" hai2="47,23,27,40,4,14,83,117,112,69,29,90,108" hai3="43,92,81,124,127,98,13,128,28,123,104,2,9"/><U102/><E76/><V24/><F108/><W3/><G123/><T57/><D110/><U60/><E60/><V82/><F117/><W1/><G104/><T65/><D39/><U42/><E42/><V100/><F69/><W132/><G128/><T21/><D118/><U122/><E122/><V114/><F100/><W77/><G28/><T30/><D105/><U12/><E12/><V7/><F27/><W10/><G43/><T11/><D103/><U135/><E135/><V95/><F83/><W91/><G132/><T107/><D107/><U34/><E34/><V126/><F82/><W66/><G66/><T46/><D131/><U113/><E113/><N who="2" m="43627" /><F14/><W74/><REACH who="3" step="1"/><G10/><REACH who="3" ten="82,667,114,117" step="2"/><T35/><D11/><U17/><E106/><V71/><F126/><W72/><G72/><T88/><D30/><U67/><E67/><V134/><F134/><W86/><G86/><T79/><D65/><U115/><E87/><N who="2" m="52703" /><F71/><W22/><G22/><T93/><D35/><U133/><E68/><V111/><F111/><W32/><G32/><T130/><D130/><U62/><E115/><V129/><F129/><W101/><G101/><T125/><D125/><U56/><E102/><V16/><F29/><W96/><G96/><T64/><D64/><U94/><E97/><V109/><F109/><W45/><G45/><T36/><D46/><U99/><E44/><V121/><F121/><W120/><G120/><T33/><D33/><U80/><E133/><V119/><F119/><W26/><G26/><T89/><D85/><U0/><E84/><V38/><AGARI ba="1,2" hai="4,7,16,23,24,38,40,47" m="52703,43627" machi="38" ten="30,4000,0" yaku="15,1,11,1,54,1" doraHai="5" who="2" fromWho="2" sc="82,-11,667,-21,114,63,117,-11" /><INIT seed="6,0,0,5,4,103" ten="71,646,177,106" oya="2" hai0="132,82,49,116,46,65,91,61,19,23,36,54,74" hai1="107,78,3,68,51,109,58,128,75,27,83,44,14" hai2="62,72,115,90,12,70,122,131,60,106,80,9,73" hai3="18,84,97,4,22,45,35,76,77,59,112,111,121"/><V135/><F122/><W98/><G111/><T87/><D116/><U17/><E3/><V102/><F115/><W56/><G35/><T117/><D132/><U63/><E68/><V125/><F73/><W86/><G121/><T120/><D117/><U26/><E107/><V88/><F70/><W40/><G4/><T101/><D120/><U7/><E7/><V118/><F118/><W29/><G29/><T93/><D36/><U96/><E96/><N who="3" m="36970" /><G112/><T30/><D30/><U42/><E128/><V15/><F80/><N who="3" m="47111" /><G45/><T81/><D101/><U123/><E109/><V28/><F102/><W16/><G40/><T10/><D10/><U119/><E119/><V50/><F50/><W5/><G5/><T25/><REACH who="0" step="1"/><D74/><REACH who="0" ten="61,646,177,106" step="2"/><U53/><E123/><V95/><F9/><AGARI ba="0,1" hai="9,14,17,26,27,42,44,51,53,58,63,75,78,83" machi="9" ten="30,1000,0" yaku="7,1" doraHai="103" who="1" fromWho="2" sc="61,0,646,20,177,-10,106,0" /><INIT seed="7,0,0,0,0,7" ten="61,666,167,106" oya="3" hai0="32,38,4,57,82,12,92,24,99,52,77,128,16" hai1="133,50,83,46,107,122,34,76,0,70,40,115,2" hai2="105,85,47,112,8,15,58,79,109,5,67,31,119" hai3="54,121,42,132,45,117,74,111,88,53,9,11,3"/><W18/><G74/><T25/><D38/><U135/><E122/><V124/><F109/><W91/><G117/><T33/><D4/><U56/><E70/><V22/><F105/><W84/><G121/><T10/><D33/><U72/><E107/><V114/><F119/><W113/><G113/><T60/><D32/><U110/><E110/><V81/><F124/><W49/><G111/><T17/><D17/><U23/><E34/><V35/><F35/><W28/><G28/><T39/><D39/><U27/><E56/><V94/><F94/><N who="3" m="54535" /><G3/><T78/><D128/><U97/><E97/><V127/><F127/><W93/><G132/><N who="1" m="50762" /><E115/><V87/><F85/><N who="3" m="52463" /><G18/><AGARI ba="0,0" hai="0,2,18,23,27,40,46,50,72,76,83" m="50762" machi="18" ten="30,1000,0" yaku="20,1" doraHai="7" who="1" fromWho="3" sc="61,0,666,10,167,0,106,-10" owari="61,-44.0,676,77.0,167,-3.0,96,-30.0" /></mjloggm>