<mjloggm ver="2.3"><GO type="169" lobby="0"/><UN n0="%E6%84%9B%E3%81%A8%E5%B9%B3%E5%92%8C%E3%81%A8%E5%83%95" n1="%E9%9B%80%E5%A3%AB%E3%81%AC%E3%82%8B%E3%82%8A%E3%82%93" n2="%E3%82%A6%E3%83%AB%E3%83%88%E3%83%A9%E7%AB%8B%E7%9B%B4" n3="%E3%83%AD%E3%83%83%E3%82%AD%E3%83%BC%E5%90%9B" dan="16,16,18,16" rate="2087.84,2063.15,2206.95,2080.26" sx="M,M,M,M"/><TAIKYOKU oya="0"/><INIT seed="0,0,0,0,3,3" ten="250,250,250,250" oya="0" hai0="25,76,5,131,121,109,17,123,0,27,134,135,94" hai1="92,50,73,82,67,95,65,64,74,120,105,107,124" hai2="11,7,111,72,78,77,88,90,16,114,43,46,13" hai3="35,63,89,116,80,87,60,104,93,56,30,21,14"/><T99/><D76/><U110/><E50/><V45/><F114/><W48/><G104/><T2/><D99/><U97/><E97/><V47/><F111/><W39/><G39/><T57/><D57/><U59/><E59/><V79/><F72/><W33/><G116/><T37/><D94/><U91/><E67/><V112/><F112/><W41/><G35/><T54/><D37/><U102/><E110/><V22/><REACH who="2" step="1"/><F43/><REACH who="2" ten="250,250,240,250" step="2"/><W23/><G41/><T9/><D109/><U118/><E74/><V1/><AGARI ba="0,1" hai="1,7,11,13,16,22,45,46,47,77,78,79,88,90" machi="1" ten="30,12000,2" yaku="1,1,2,1,0,1,52,1,54,2,53,0" doraHai="3" doraHaiUra="29" who="2" fromWho="2" sc="250,-60,250,-30,240,130,250,-30" /><INIT seed="1,0,0,2,0,63" ten="190,220,370,220" oya="1" hai0="105,96,33,43,22,26,68,113,135,3,24,129,131" hai1="45,5,20,70,106,99,89,78,15,54,37,14,6" hai2="66,75,124,125,122,84,8,51,92,29,57,103,2" hai3="115,109,17,38,100,116,128,123,88,73,19,13,79"/><U49/><E70/><V86/><F75/><W76/><G109/><T87/><D113/><U127/><E127/><V117/><F122/><W80/><G128/><N who="0" m="49227" /><D3/><U36/><E78/><V72/><F72/><W83/><G123/><T9/><D135/><U82/><E106/><V61/><F117/><W32/><G32/><T7/><D43/><U64/><E37/><V98/><F29/><W114/><G116/><T55/><D68/><U53/><E36/><V30/><F30/><W111/><G111/><T65/><D33/><U130/><E130/><V41/><F41/><W42/><G100/><N who="0" m="62599" /><D22/><U110/><E110/><V21/><F21/><W40/><G38/><T0/><D87/><U107/><E107/><V11/><F86/><W56/><G56/><T71/><D55/><U35/><E35/><V27/><F84/><W62/><G62/><AGARI ba="0,0" hai="0,7,9,24,26,62,65,71" m="62599,49227" machi="62" ten="30,2000,0" yaku="19,1,52,1" doraHai="63" who="0" fromWho="3" sc="190,20,220,0,370,0,220,-20" /><INIT seed="2,0,0,5,0,76" ten="210,220,370,200" oya="2" hai0="13,74,55,72,110,67,107,15,102,3,10,65,122" hai1="14,29,85,1,123,128,44,42,48,126,113,53,96" hai2="26,7,114,129,25,89,79,115,93,51,81,16,132" hai3="68,116,6,105,69,46,103,61,100,20,59,38,62"/><V37/><F37/><W36/><G116/><T111/><D122/><U21/><E113/><V125/><F129/><W71/><G6/><N who="0" m="1375" /><D55/><U127/><E1/><V5/><F125/><N who="1" m="47625" /><E128/><V4/><F132/><W50/><G20/><T39/><D39/><N who="3" m="14889" /><G105/><T98/><D15/><U30/><E123/><V33/><F33/><W73/><G73/><N who="0" m="28267" /><D13/><U82/><E96/><N who="2" m="57391" /><F115/><W86/><G86/><T97/><D97/><U78/><E53/><V90/><F114/><W27/><G27/><T80/><D80/><U47/><E44/><V23/><F51/><W77/><G77/><T9/><D9/><U8/><E21/><N who="2" m="13479" /><F79/><W109/><G109/><AGARI ba="0,0" hai="65,67,98,102,107,109,110,111" m="28267,1375" machi="109" ten="30,1000,0" yaku="14,1" doraHai="76" who="0" fromWho="3" sc="210,10,220,0,370,0,200,-10" /><INIT seed="3,0,0,5,3,33" ten="220,220,370,190" oya="3" hai0="62,81,103,91,23,98,15,49,40,64,78,63,121" hai1="83,11,48,61,60,129,17,44,90,46,95,79,115" hai2="50,58,80,6,128,117,114,105,109,4,39,30,54" hai3="94,82,122,36,51,12,126,88,25,125,102,42,56"/><W21/><G122/><T130/><D121/><U131/><E115/><V47/><F114/><W53/><G102/><T76/><D130/><N who="1" m="49675" /><E11/><V96/><F117/><W18/><G82/><T26/><D15/><U20/><E95/><V14/><F39/><W7/><G7/><T27/><D91/><U132/><E90/><V123/><F105/><W35/><G42/><T120/><D120/><U116/><E116/><V52/><F123/><W43/><G43/><T73/><D78/><U118/><E118/><V31/><F128/><W24/><G36/><T112/><D112/><U13/><E132/><V111/><F96/><W99/><REACH who="3" step="1"/><G35/><REACH who="3" ten="220,220,370,180" step="2"/><T22/><D40/><N who="1" m="24583" /><E46/><V69/><F80/><W67/><G67/><T57/><D64/><U133/><E133/><V110/><F4/><W106/><G106/><T2/><D81/><U37/><E37/><V29/><F6/><W113/><G113/><T97/><D103/><U71/><E71/><V55/><F69/><W77/><G77/><T93/><D76/><U8/><E8/><V89/><F47/><W59/><G59/><T38/><D38/><U5/><E5/><V135/><F135/><W3/><G3/><T10/><D2/><U74/><AGARI ba="0,1" hai="13,17,20,60,61,74,79,83" m="24583,49675" machi="74" ten="30,1100,0" yaku="19,1" doraHai="33" who="1" fromWho="1" sc="220,-3,220,21,370,-3,180,-5" /><INIT seed="4,0,0,5,2,94" ten="217,241,367,175" oya="0" hai0="100,115,129,33,91,87,113,41,32,6,46,116,39" hai1="134,19,59,107,96,121,68,108,36,89,80,56,40" hai2="125,127,38,103,20,74,58,53,18,111,131,26,69" hai3="52,132,22,49,11,13,79,14,117,99,28,25,31"/><T90/><D116/><U98/><E121/><V4/><F111/><W133/><G117/><T15/><D129/><U60/><E108/><V75/><F69/><W84/><G31/><T71/><D71/><U61/><E134/><N who="3" m="51818" /><G11/><N who="0" m="4599" /><D100/><U128/><E128/><V34/><F131/><W123/><G123/><T50/><D39/><U37/><E68/><V81/><F38/><W10/><G10/><T5/><D5/><U119/><E119/><V57/><F4/><W97/><G14/><T7/><D7/><U35/><E35/><N who="0" m="13385" /><D87/><U63/><E107/><V135/><F135/><W66/><G66/><T95/><D95/><U48/><E19/><V124/><F34/><W82/><G13/><T45/><D46/><AGARI ba="0,0" hai="22,25,28,46,49,52,79,82,84,97,99" m="51818" machi="46" ten="30,7700,0" yaku="20,1,52,2,54,1" doraHai="94" who="3" fromWho="0" sc="217,-77,241,0,367,0,175,77" /><INIT seed="5,0,0,2,3,41" ten="140,241,367,252" oya="1" hai0="53,1,49,5,75,131,8,4,50,106,32,58,38" hai1="45,18,15,113,3,74,35,70,104,63,91,80,24" hai2="0,117,47,78,85,17,46,25,128,77,122,96,86" hai3="13,120,2,76,33,103,97,40,107,111,81,89,66"/><U93/><E104/><V71/><F0/><W42/><G120/><T95/><D106/><U88/><E3/><V54/><F71/><W14/><G111/><T114/><D75/><U135/><E113/><V67/><F67/><W31/><G2/><T21/><D32/><U125/><E135/><V110/><F110/><W112/><G112/><T130/><D114/><U44/><E125/><V62/><F117/><W121/><G121/><T118/><D118/><U123/><E123/><V56/><F96/><W83/><G66/><T94/><D38/><U12/><E70/><V26/><F128/><W48/><G89/><T134/><D134/><U105/><E105/><V27/><F17/><W99/><G107/><T116/><D116/><U68/><E68/><V28/><F28/><W72/><G72/><T57/><D21/><N who="1" m="13367" /><E35/><V51/><F122/><W6/><G31/><T34/><D34/><U119/><E63/><V9/><F9/><W37/><G37/><T124/><D124/><U115/><E115/><V30/><F30/><W19/><G33/><T60/><D60/><U133/><E133/><V126/><F126/><W87/><G6/><T92/><REACH who="0" step="1"/><D5/><REACH who="0" ten="130,241,367,252" step="2"/><U23/><E74/><V11/><F62/><W127/><G127/><T98/><D98/><N who="1" m="57639" /><E119/><V22/><F22/><W7/><G99/><T65/><D65/><U16/><E15/><V73/><F73/><W79/><G14/><T64/><D64/><U84/><AGARI ba="0,1" hai="12,16,23,44,45,80,84,91" m="57639,13367" machi="84" ten="30,12000,1" yaku="8,1,52,2,54,2" doraHai="41" who="1" fromWho="1" sc="130,-40,241,130,367,-40,252,-40" /><INIT seed="5,1,0,2,5,6" ten="90,371,327,212" oya="1" hai0="113,82,33,89,38,27,58,121,73,86,22,18,11" hai1="67,37,57,129,100,93,30,34,46,109,87,55,45" hai2="23,40,101,14,63,39,12,132,133,85,54,35,83" hai3="50,75,111,76,90,19,0,135,28,116,49,72,47"/><U131/><E109/><V70/><F35/><W126/><G135/><T117/><D117/><U95/><E67/><N who="2" m="41343" /><F101/><W9/><G126/><T15/><D38/><U59/><E34/><V127/><F127/><W103/><G116/><T60/><D113/><U62/><E30/><V29/><F54/><W108/><G28/><T88/><D121/><U97/><E59/><V48/><F48/><W77/><G90/><T66/><D73/><U17/><E37/><V114/><F114/><W1/><G19/><T112/><D112/><U98/><E87/><V71/><F71/><W32/><G47/><T25/><D33/><U69/><E69/><V65/><F65/><W5/><G32/><T91/><REACH who="0" step="1"/><D27/><REACH who="0" ten="80,371,327,212" step="2"/><U2/><E129/><V61/><F39/><W3/><G75/><T128/><D128/><U106/><E131/><V21/><F133/><W84/><G72/><T119/><D119/><U94/><E98/><V123/><F132/><W96/><G111/><T81/><D81/><U43/><E97/><V10/><F83/><W16/><G108/><T122/><D122/><U92/><E100/><V52/><F123/><W31/><G96/><T7/><AGARI ba="1,1" hai="7,11,15,18,22,25,58,60,66,82,86,88,89,91" machi="7" ten="20,12000,2" yaku="1,1,0,1,7,1,8,1,52,1,54,1,53,0" doraHai="6" doraHaiUra="41" who="0" fromWho="0" sc="80,133,371,-61,327,-31,212,-31" /><INIT seed="6,0,0,1,4,97" ten="213,310,296,181" oya="2" hai0="112,25,46,29,52,109,110,78,9,7,24,89,103" hai1="51,115,129,127,55,128,98,74,6,124,126,122,101" hai2="27,34,117,30,20,99,83,87,67,19,130,81,118" hai3="75,41,13,76,40,47,49,38,63,111,26,0,73"/><V64/><F130/><N who="1" m="50281" /><E115/><V2/><F2/><W94/><G111/><T35/><D112/><U16/><E74/><V96/><F96/><W22/><G0/><T107/><D78/><U93/><E6/><V4/><F4/><W80/><G13/><T23/><D89/><U79/><E79/><V132/><F132/><W10/><G10/><T119/><D119/><U135/><E122/><V45/><F45/><W60/><G75/><T33/><D107/><U56/><E16/><V50/><F50/><W102/><G40/><T84/><D84/><U43/><E43/><V15/><F99/><N who="3" m="59767" /><G73/><T42/><D103/><U90/><E101/><V116/><REACH who="2" step="1"/><F83/><REACH who="2" ten="213,310,286,181" step="2"/><W95/><G38/><T32/><D46/><U72/><E135/><V54/><F54/><W131/><G131/><T123/><D52/><U59/><E124/><V91/><AGARI ba="0,1" hai="15,19,20,27,30,34,64,67,81,87,91,116,117,118" machi="91" ten="30,6000,0" yaku="1,1,0,1,53,1" doraHai="97" doraHaiUra="85" who="2" fromWho="2" sc="213,-20,310,-20,286,70,181,-20" /><INIT seed="6,1,0,0,4,98" ten="193,290,356,161" oya="2" hai0="123,86,67,23,36,3,75,132,91,50,90,9,131" hai1="17,81,22,45,15,76,64,0,42,20,105,8,78" hai2="51,35,69,56,110,80,54,63,62,43,113,31,24" hai3="117,46,130,1,48,133,37,87,102,57,101,4,77"/><V106/><F113/><W11/><G117/><T112/><D123/><U73/><E64/><V122/><F122/><W2/><G133/><T5/><D36/><U115/><E115/><V84/><F106/><W124/><G2/><T30/><D112/><U39/><E105/><V71/><F110/><W120/><G120/><T72/><D132/><U97/><E97/><V52/><F43/><W129/><G57/><T121/><D121/><U88/><E88/><V111/><F111/><W29/><G29/><T33/><D33/><U55/><E55/><V66/><F54/><N who="3" m="29975" /><G37/><T134/><D134/><U74/><E0/><V40/><F40/><W126/><G87/><T94/><D131/><N who="3" m="50185" /><G77/><T58/><D30/><U41/><E41/><V107/><F63/><W82/><G82/><AGARI ba="1,0" hai="8,15,17,20,22,39,42,45,73,74,76,78,81,82" machi="82" ten="40,1300,0" yaku="9,1" doraHai="98" who="1" fromWho="3" sc="193,0,290,16,356,0,161,-16" /><INIT seed="7,0,0,2,4,49" ten="193,306,356,145" oya="3" hai0="107,99,119,106,85,50,47,91,61,98,113,10,70" hai1="78,39,116,25,68,105,89,86,135,129,64,103,27" hai2="88,72,52,93,83,35,69,76,56,128,23,111,15" hai3="44,48,134,0,112,12,28,117,114,130,73,37,30"/><W4/><G117/><T87/><D119/><U95/><E116/><V19/><F35/><W55/><G73/><T66/><D113/><N who="3" m="43625" /><G0/><T92/><D99/><U67/><E39/><V57/><F111/><W6/><G134/><T16/><D107/><U94/><E105/><V100/><F69/><W54/><G130/><T77/><D106/><U51/><E78/><V53/><F100/><W14/><G37/><T125/><D125/><U133/><E129/><V109/><F128/><W34/><G34/><T104/><D104/><U102/><E51/><V80/><F109/><W17/><G14/><T123/><D123/><U21/><E68/><V40/><F40/><N who="3" m="24583" /><G6/><T75/><D75/><U101/><E27/><V63/><F72/><W71/><G71/><T45/><D77/><U122/><E122/><V124/><F76/><W33/><G4/><T65/><D65/><U74/><E74/><V20/><F20/><N who="3" m="11303" /><G33/><T3/><D3/><U11/><E11/><V43/><F124/><W81/><G81/><N who="0" m="49583" /><D47/><U29/><E95/><V58/><F43/><W32/><G32/><T46/><D46/><U24/><E24/><V118/><F118/><W126/><G126/><T97/><D87/><U115/><E115/><V108/><F108/><W82/><G82/><N who="2" m="31273" /><F63/><W127/><G127/><T1/><D1/><U90/><E133/><V121/><F121/><W8/><G8/><T2/><D2/><U7/><E135/><V62/><F62/><W42/><G42/><N who="0" m="24887" /><D92/><N who="1" m="54327" /><E7/><V84/><AGARI ba="0,0" hai="15,19,23,52,53,56,57,58,84,88,93" m="31273" machi="84" ten="30,8000,1" yaku="8,1,52,2,54,2" doraHai="49" who="2" fromWho="2" sc="193,-20,306,-20,356,80,145,-40" owari="173,-23.0,286,9.0,436,53.0,105,-39.0" /></mjloggm>