<mjloggm ver="2.3"><GO type="169" lobby="0"/><UN n0="%E5%8F%8D%E7%94%BA%E9%9A%86%E5%8F%B2" n1="%E7%A0%B4%E5%A3%8A%E3%81%A8%E8%AA%95%E7%94%9F%E3%81%AE%E7%A5%9E%E6%AE%BF" n2="%E3%82%A6%E3%83%AB%E3%83%88%E3%83%A9%E7%AB%8B%E7%9B%B4" n3="%E4%BB%A3%E6%89%93%E3%81%A1%E3%81%AE%E7%A5%9E%E6%A7%98" dan="16,16,17,18" rate="2144.59,2100.15,2199.05,2221.21" sx="M,F,M,M"/><TAIKYOKU oya="0"/><INIT seed="0,0,0,1,4,132" ten="250,250,250,250" oya="0" hai0="10,40,121,97,135,122,8,93,62,44,36,110,9" hai1="85,41,115,125,113,39,43,123,111,106,32,126,84" hai2="100,90,31,74,1,6,47,16,17,54,20,71,129" hai3="118,112,55,13,70,95,114,25,107,2,89,15,78"/><T73/><D135/><U104/><E32/><V76/><F71/><W92/><G107/><N who="1" m="41002" /><E39/><V79/><F100/><W63/><G2/><T53/><D73/><U49/><E111/><V68/><F129/><W86/><G118/><T27/><D27/><U0/><E0/><V5/><F54/><W56/><G78/><T102/><REACH who="0" step="1"/><D110/><REACH who="0" ten="240,250,250,250" step="2"/><U81/><E123/><V61/><F74/><W65/><G25/><T51/><D51/><U87/><E49/><V34/><F31/><W69/><G112/><N who="1" m="43082" /><E81/><V98/><F17/><W37/><G114/><T42/><D42/><AGARI ba="0,1" hai="41,42,43,84,85,87,125,126" m="43082,41002" machi="42" ten="40,8000,1" yaku="28,2,11,1,52,2" doraHai="132" who="1" fromWho="0" sc="240,-80,250,90,250,0,250,0" /><INIT seed="1,0,0,4,1,44" ten="160,340,250,250" oya="1" hai0="125,37,128,46,124,18,95,74,117,3,96,119,23" hai1="61,50,98,76,57,39,102,111,38,133,4,58,71" hai2="59,85,62,70,65,134,122,88,43,82,130,90,34" hai3="81,19,107,113,45,10,16,8,26,120,9,126,114"/><U13/><E133/><V54/><F122/><W17/><G107/><T28/><D74/><U135/><E135/><V2/><F134/><W105/><G105/><T32/><D37/><U109/><E76/><V92/><F130/><W131/><G81/><T14/><D46/><U41/><E4/><V79/><F34/><W127/><G45/><T29/><D128/><U51/><E13/><V94/><F2/><W93/><G93/><T42/><D42/><U108/><E71/><V66/><F43/><W30/><G120/><T7/><D95/><N who="1" m="58719" /><E58/><V27/><F27/><W83/><G83/><T87/><D87/><U106/><E106/><V22/><F22/><N who="3" m="15703" /><G131/><T0/><D96/><U6/><E6/><V11/><F11/><W110/><G110/><T116/><D32/><U55/><E41/><V100/><F100/><W123/><G123/><T25/><D7/><U35/><E35/><V78/><F78/><W86/><G86/><T129/><D129/><U115/><E115/><AGARI ba="0,0" hai="8,9,10,16,17,19,113,114,115,126,127" m="15703" machi="115" ten="40,5200,0" yaku="34,2,54,1" doraHai="44" who="3" fromWho="1" sc="160,0,340,-52,250,0,250,52" /><INIT seed="2,0,0,4,3,54" ten="160,288,250,302" oya="2" hai0="5,65,52,22,69,17,2,112,104,79,125,116,62" hai1="95,92,106,41,131,23,83,91,14,88,19,127,25" hai2="0,108,122,16,39,34,100,30,128,66,78,50,36" hai3="90,3,68,94,103,107,77,35,134,57,21,48,72"/><V86/><F122/><W70/><G35/><T117/><D112/><U89/><E106/><V55/><F0/><W12/><G3/><T10/><D104/><U27/><E127/><V28/><F66/><W1/><G1/><T119/><D79/><U51/><E131/><V67/><F67/><W13/><G134/><T110/><D110/><U114/><E114/><V109/><F100/><W71/><G103/><T93/><D93/><N who="1" m="35915" /><E83/><N who="2" m="47479" /><F128/><W49/><G107/><T81/><D81/><U132/><E132/><V85/><F85/><W20/><G72/><T63/><D125/><U40/><E51/><V59/><F16/><W73/><G77/><T105/><D105/><U75/><E75/><V76/><F76/><W6/><G48/><T37/><D37/><N who="2" m="14410" /><F34/><W84/><G73/><T47/><D17/><U87/><E87/><V9/><F9/><W99/><G84/><T26/><D22/><U18/><E25/><V124/><F124/><W58/><G49/><N who="0" m="28735" /><D26/><U4/><E4/><V121/><F121/><W135/><G135/><T96/><D96/><U11/><AGARI ba="0,0" hai="11,14,18,19,23,27,40,41,88,89,91" m="35915" machi="11" ten="30,2000,0" yaku="8,1,54,1" doraHai="54" who="1" fromWho="1" sc="160,-5,288,20,250,-10,302,-5" /><INIT seed="3,0,0,0,2,95" ten="155,308,240,297" oya="3" hai0="62,106,117,37,71,17,3,35,132,127,102,135,66" hai1="94,6,58,131,99,18,118,108,10,116,93,60,129" hai2="111,27,36,48,26,107,61,115,15,109,73,75,44" hai3="84,50,59,128,4,98,82,120,32,121,83,8,101"/><W21/><G32/><T86/><D117/><N who="1" m="45163" /><E108/><V97/><F61/><W24/><G128/><N who="1" m="49226" /><E18/><V112/><F15/><W11/><G59/><T110/><D110/><N who="2" m="41994" /><F36/><W125/><G125/><T126/><D37/><U88/><E93/><V79/><F79/><W122/><G50/><T69/><D17/><U133/><E133/><V124/><F124/><W14/><G11/><T28/><D126/><U13/><E58/><V55/><F26/><W1/><G14/><T130/><D127/><U52/><E52/><N who="2" m="29703" /><F27/><W123/><G84/><T51/><D130/><U113/><E60/><V19/><F55/><W78/><G78/><T68/><D62/><U64/><E64/><V45/><F45/><W96/><N who="3" m="31232" /><DORA hai="76" /><W54/><G54/><T67/><D67/><U22/><E22/><V47/><F19/><W38/><G38/><T85/><D66/><U74/><E74/><N who="2" m="28171" /><F47/><W46/><G46/><T90/><D135/><U57/><E57/><V114/><F114/><AGARI ba="0,0" hai="6,10,13,88,94,99,113,114" m="49226,45163" machi="114" ten="30,7700,0" yaku="12,1,19,1,52,1,54,1" doraHai="95,76" who="1" fromWho="2" sc="155,0,308,77,240,-77,297,0" /><INIT seed="4,0,0,2,1,38" ten="155,385,163,297" oya="0" hai0="0,54,82,35,15,30,134,110,93,97,52,71,85" hai1="17,105,95,51,60,106,72,113,131,48,41,132,94" hai2="66,127,21,84,40,79,77,50,115,31,83,109,6" hai3="46,78,1,4,75,129,96,111,101,19,81,74,47"/><T23/><D0/><U100/><E72/><V90/><F109/><W130/><G111/><T69/><D110/><U70/><E132/><V2/><F2/><W120/><G75/><T7/><D35/><U123/><E123/><V88/><F6/><W103/><G103/><N who="0" m="60847" /><D71/><U64/><E131/><N who="3" m="50186" /><G120/><T16/><D69/><U45/><E113/><V29/><F66/><W118/><G118/><T22/><D7/><U128/><E128/><V117/><F127/><W59/><G4/><T122/><D134/><U57/><E17/><V73/><F73/><W98/><G1/><T89/><D122/><U133/><E133/><V55/><F117/><W80/><G80/><T3/><D3/><U107/><E100/><V56/><F115/><W5/><G5/><T12/><D12/><U125/><E125/><V24/><F31/><W62/><G19/><T9/><D30/><U86/><E86/><V91/><F77/><W121/><G121/><T39/><D39/><U36/><E48/><V42/><AGARI ba="0,0" hai="21,24,29,40,42,50,55,56,79,83,84,88,90,91" machi="42" ten="30,8000,1" yaku="0,1,8,1,52,2,54,1" doraHai="38" who="2" fromWho="2" sc="155,-40,385,-20,163,80,297,-20" /><INIT seed="5,0,0,0,5,105" ten="115,365,243,277" oya="1" hai0="36,130,49,118,111,112,21,107,30,27,79,61,14" hai1="116,132,129,125,55,98,124,52,93,53,91,85,15" hai2="17,44,115,18,9,41,34,6,119,19,45,0,62" hai3="134,59,32,120,90,22,37,38,78,97,73,82,68"/><U25/><E116/><V128/><F119/><W109/><G68/><T47/><D118/><U20/><E132/><V84/><F34/><W33/><G109/><T26/><D111/><U10/><E129/><V67/><F128/><W12/><G120/><T117/><D117/><U50/><E50/><V87/><F115/><W60/><G134/><T123/><D130/><U92/><E10/><V100/><F100/><W58/><G58/><T66/><D36/><U16/><REACH who="1" step="1"/><E25/><REACH who="1" ten="115,355,243,277" step="2"/><V133/><F133/><W114/><G38/><T7/><D26/><U23/><E23/><V71/><REACH who="2" step="1"/><F44/><REACH who="2" ten="115,355,233,277" step="2"/><W31/><G33/><T94/><D47/><U113/><E113/><V108/><F108/><W77/><G32/><T126/><D112/><U4/><E4/><V76/><F76/><W122/><G78/><T89/><D7/><U74/><E74/><V28/><F28/><W3/><G31/><T127/><D79/><U131/><E131/><V1/><F1/><W46/><G3/><T72/><D72/><U5/><E5/><V88/><F88/><AGARI ba="0,2" hai="15,16,20,52,53,55,85,88,91,92,93,98,124,125" machi="88" ten="40,12000,1" yaku="1,1,54,3,53,0" doraHai="105" doraHaiUra="40" who="1" fromWho="2" sc="115,0,355,140,233,-120,277,0" /><INIT seed="5,1,0,0,2,107" ten="115,495,113,277" oya="1" hai0="24,85,11,118,113,3,71,61,76,115,33,1,126" hai1="127,6,21,53,50,25,104,103,30,39,46,106,74" hai2="73,48,95,42,75,4,8,116,13,129,91,32,79" hai3="41,131,96,98,45,130,122,5,57,7,114,97,10"/><U102/><E39/><V128/><F32/><W68/><G68/><T123/><D118/><U17/><E127/><V19/><F116/><W121/><G57/><T43/><D126/><U37/><E37/><V81/><F42/><W125/><G125/><T34/><D43/><U64/><E64/><V77/><F48/><N who="3" m="26671" /><G114/><N who="0" m="43531" /><D123/><N who="3" m="47113" /><G10/><T23/><D85/><U90/><E6/><V69/><F69/><W133/><G133/><T105/><D105/><U120/><E120/><V12/><F79/><W29/><G29/><N who="0" m="17567" /><D76/><U67/><E104/><V111/><F111/><W78/><G78/><T101/><D101/><U0/><E106/><V135/><F135/><W35/><G35/><N who="0" m="13323" /><D11/><U54/><E102/><V65/><F65/><AGARI ba="1,0" hai="1,3,61,65,71" m="13323,17567,43531" machi="65" ten="30,1000,0" yaku="15,1" doraHai="107" who="0" fromWho="2" sc="115,13,495,0,113,-13,277,0" /><INIT seed="6,0,0,1,3,79" ten="128,495,100,277" oya="2" hai0="112,2,80,77,113,120,62,38,43,4,76,16,7" hai1="83,109,86,134,46,69,90,51,44,59,104,133,37" hai2="78,26,34,119,129,82,3,39,106,132,22,58,41" hai3="84,35,88,15,31,53,107,23,9,102,63,72,117"/><V94/><F119/><W74/><G117/><T50/><D120/><U105/><E109/><V130/><F106/><W96/><G35/><T40/><D38/><U97/><E69/><V135/><F3/><W95/><G31/><T55/><D62/><U118/><E118/><V111/><F34/><W29/><G29/><T57/><D16/><U8/><E8/><V93/><F111/><W5/><G23/><T92/><D92/><N who="2" m="35434" /><F58/><W116/><G116/><T65/><D65/><U27/><E104/><V125/><F41/><N who="0" m="15946" /><D2/><U110/><E37/><V42/><F42/><W127/><G127/><T6/><D80/><U64/><E110/><V11/><F11/><W17/><G17/><T36/><D36/><U128/><E105/><V56/><F56/><W24/><G24/><T25/><D25/><U67/><E59/><V18/><F39/><W89/><G63/><T48/><D48/><U85/><E51/><V75/><F125/><W70/><G70/><T126/><D126/><U45/><E45/><V21/><F21/><W13/><G107/><T87/><D87/><U54/><E46/><V68/><F68/><W73/><G84/><T103/><D103/><U28/><E44/><V101/><F101/><W71/><G71/><T19/><D19/><U91/><E91/><V47/><F47/><W123/><G89/><T20/><D20/><U60/><E90/><V52/><F52/><W108/><G53/><T124/><D124/><U81/><E54/><V122/><F122/><W14/><G123/><T30/><D30/><U12/><E64/><V49/><F49/><W131/><G108/><RYUUKYOKU ba="0,0" sc="128,15,495,-15,100,15,277,-15" hai0="4,6,7,50,55,57,76,77,112,113" hai2="18,22,26,75,78,82,129,130,132,135" /><INIT seed="6,1,0,4,3,120" ten="143,480,115,262" oya="2" hai0="65,30,37,27,5,6,121,76,25,88,13,131,7" hai1="130,64,44,107,38,127,43,78,79,17,60,40,55" hai2="110,74,123,50,56,70,116,135,2,95,98,104,68" hai3="117,134,58,59,33,103,31,90,128,91,101,133,11"/><V24/><F116/><W93/><G117/><T18/><D121/><U77/><E107/><V96/><F123/><W16/><G31/><T46/><D131/><U119/><E119/><V132/><F2/><W39/><G33/><T19/><D76/><U62/><E127/><V48/><F74/><W4/><G39/><T124/><D65/><U108/><E108/><V12/><F104/><W105/><G128/><T26/><D124/><U15/><E130/><V3/><F3/><W85/><G16/><N who="0" m="6187" /><D37/><U51/><E38/><V9/><F24/><N who="0" m="9322" /><D88/><U66/><E66/><V87/><F87/><W67/><G90/><T47/><D47/><U97/><E97/><N who="2" m="37483" /><F95/><W22/><G22/><N who="0" m="15735" /><D46/><U72/><E72/><V52/><F110/><W81/><G105/><T35/><D35/><U86/><E86/><V111/><F111/><W34/><G34/><T112/><D112/><U106/><E106/><V14/><F50/><W126/><G126/><T84/><D84/><U41/><E64/><V57/><F57/><N who="3" m="21515" /><G93/><T45/><D45/><U20/><AGARI ba="1,0" hai="15,17,20,40,41,43,44,51,55,60,62,77,78,79" machi="20" ten="30,2000,0" yaku="0,1,8,1" doraHai="120" who="1" fromWho="1" sc="143,-6,480,23,115,-11,262,-6" /><INIT seed="7,0,0,1,4,10" ten="137,503,104,256" oya="3" hai0="94,4,30,41,129,81,99,54,97,63,42,12,38" hai1="20,17,121,127,126,1,79,130,96,67,15,101,110" hai2="28,50,119,25,26,128,112,92,23,43,93,52,32" hai3="3,31,22,104,72,115,35,39,132,16,78,118,131"/><W113/><G78/><T57/><D129/><U13/><E110/><V7/><F119/><W56/><G56/><T62/><D30/><U0/><E79/><V14/><F112/><W44/><G44/><T73/><D73/><U123/><E67/><V55/><F128/><W21/><G39/><T98/><D38/><U122/><E15/><V34/><F34/><W69/><G69/><T77/><D94/><N who="2" m="36458" /><F32/><W27/><G104/><T51/><D81/><U76/><E76/><V2/><F2/><W124/><G72/><T135/><D77/><U88/><E88/><V68/><F68/><W33/><G131/><T18/><D4/><U71/><E71/><V5/><F5/><W89/><G89/><T83/><D83/><U103/><E130/><V49/><F26/><N who="3" m="16847" /><G118/><T9/><D135/><U116/><E116/><V91/><F91/><W125/><G132/><T53/><D62/><U40/><E40/><V108/><F108/><W102/><G102/><N who="1" m="38922" /><E96/><V37/><F37/><W90/><G90/><T100/><D100/><U66/><E66/><V84/><F84/><W70/><G3/><T60/><D60/><U59/><E59/><AGARI ba="0,0" hai="9,12,18,41,42,51,53,54,57,59,63,97,98,99" machi="59" ten="40,2600,0" yaku="8,1,52,1" doraHai="10" who="0" fromWho="1" sc="137,26,503,-26,104,0,256,0" owari="163,-24.0,477,58.0,104,-40.0,256,6.0" /></mjloggm>