<mjloggm ver="2.3"><GO type="169" lobby="0"/><UN n0="%6F%6E%65%73%74%61%72" n1="%6B%61%73%70%61%72" n2="%E3%82%A6%E3%83%AB%E3%83%88%E3%83%A9%E7%AB%8B%E7%9B%B4" n3="%E9%A7%84%E5%A6%B9" dan="17,16,18,17" rate="2123.27,2057.02,2220.78,2160.42" sx="M,M,M,F"/><TAIKYOKU oya="0"/><INIT seed="0,0,0,2,5,25" ten="250,250,250,250" oya="0" hai0="13,61,58,93,97,85,69,1,103,14,54,39,133" hai1="118,38,19,114,96,121,51,17,2,27,102,92,66" hai2="113,43,45,34,0,107,131,28,48,80,94,22,73" hai3="71,63,30,49,4,120,75,79,123,108,23,44,128"/><T50/><D133/><U64/><E38/><V9/><F107/><W84/><G75/><T77/><D1/><U104/><E118/><V100/><F131/><W36/><G36/><T10/><D39/><U26/><E121/><V115/><F22/><W81/><G4/><T15/><D69/><U29/><E114/><V31/><F100/><W105/><G105/><T72/><D72/><U46/><E104/><V70/><F94/><W24/><G128/><T32/><D32/><U35/><E2/><V53/><F70/><W57/><G71/><T7/><REACH who="0" step="1"/><D61/><REACH who="0" ten="240,250,250,250" step="2"/><U134/><E134/><V83/><F34/><W37/><G37/><T117/><D117/><U129/><E129/><V86/><F73/><W5/><G108/><T135/><D135/><U111/><E35/><V87/><F113/><W21/><G123/><T20/><D20/><N who="1" m="15591" /><E111/><V65/><F0/><W125/><G23/><T11/><D11/><U59/><E26/><V68/><F9/><W55/><G120/><T106/><D106/><U95/><E19/><V132/><F132/><W112/><G112/><T124/><D124/><U16/><E17/><V122/><F115/><W101/><G125/><T41/><D41/><N who="1" m="25039" /><E16/><V116/><F116/><W62/><G5/><T60/><D60/><U88/><E59/><V98/><F122/><W47/><G63/><T127/><D127/><U8/><E8/><V76/><F43/><N who="3" m="24735" /><G47/><T12/><D12/><U130/><E130/><V6/><F45/><W78/><G57/><T52/><D52/><U119/><E119/><V126/><F126/><W56/><G56/><T91/><D91/><RYUUKYOKU ba="0,1" sc="240,15,250,15,250,-15,250,-15" hai0="7,10,13,14,15,50,54,58,77,85,93,97,103" hai1="64,66,88,92,95,96,102" /><INIT seed="0,1,1,1,3,120" ten="255,265,235,235" oya="0" hai0="117,39,52,105,126,1,110,20,129,111,5,36,10" hai1="57,66,123,76,3,121,22,134,90,16,125,56,93" hai2="67,45,101,0,11,68,49,130,82,135,70,7,85" hai3="46,28,50,104,40,61,6,83,34,86,77,81,24"/><T84/><D117/><U124/><E3/><V79/><F130/><W65/><G104/><T59/><D129/><U13/><E76/><V102/><F135/><W80/><REACH who="3" step="1"/><G6/><REACH who="3" ten="255,265,235,225" step="2"/><T18/><D105/><U131/><E131/><V114/><F114/><W23/><G23/><T51/><D126/><N who="1" m="48747" /><E134/><V30/><F7/><W92/><G92/><T29/><D29/><U35/><E35/><V44/><F30/><W26/><G26/><T119/><D119/><U132/><E132/><V62/><F11/><W72/><G72/><T43/><D84/><N who="1" m="52423" /><E66/><V54/><F0/><W69/><AGARI ba="1,2" hai="24,28,34,40,46,50,61,65,69,77,80,81,83,86" machi="69" ten="20,5200,0" yaku="1,1,0,1,7,1,53,1" doraHai="120" doraHaiUra="74" who="3" fromWho="3" sc="255,-27,265,-14,235,-14,225,75" /><INIT seed="1,0,0,1,3,42" ten="228,251,221,300" oya="1" hai0="36,111,97,87,18,58,132,28,57,69,55,61,17" hai1="85,109,22,83,50,93,32,91,70,66,110,12,8" hai2="122,115,131,76,5,133,118,92,4,0,35,102,16" hai3="45,64,40,30,123,84,34,3,54,53,65,63,49"/><U24/><E32/><V47/><F35/><W90/><G3/><T129/><D69/><U98/><E70/><V1/><F1/><W38/><G123/><T79/><D111/><N who="1" m="42507" /><E66/><V23/><F0/><W103/><G103/><T56/><D36/><U6/><E50/><V43/><F122/><W48/><G30/><T31/><D97/><U105/><E105/><V52/><F118/><W21/><G21/><T107/><D107/><U119/><E119/><V104/><F104/><W117/><G34/><T78/><D129/><U60/><E60/><V77/><F43/><W95/><G117/><T127/><D127/><U82/><E98/><N who="2" m="59719" /><F131/><W10/><G10/><T13/><D132/><U94/><E93/><V112/><F133/><W134/><G134/><T20/><D58/><U44/><E44/><V114/><F77/><W113/><G113/><T7/><D57/><U99/><E99/><V29/><F76/><W37/><G37/><T39/><D39/><U9/><E9/><V89/><F89/><W101/><G101/><T100/><D100/><U130/><E130/><V72/><F47/><N who="3" m="25703" /><G38/><T81/><D78/><U124/><E124/><V15/><F52/><N who="3" m="20075" /><G63/><T73/><D61/><U67/><E67/><V62/><F62/><W128/><G128/><T88/><D56/><U80/><E94/><V26/><F72/><W11/><G11/><T120/><D120/><U74/><E74/><V41/><F41/><AGARI ba="0,0" hai="41,45,49,64,65,84,90,95" m="20075,25703" machi="41" ten="30,7700,0" yaku="8,1,52,2,54,1" doraHai="42" who="3" fromWho="2" sc="228,0,251,0,221,-77,300,77" /><INIT seed="2,0,0,4,4,67" ten="228,251,144,377" oya="2" hai0="129,35,117,59,85,31,19,89,17,74,56,126,124" hai1="45,80,29,10,23,106,76,94,66,87,70,24,111" hai2="118,122,52,28,38,127,90,97,39,77,69,114,116" hai3="92,18,9,14,125,128,61,113,30,46,107,88,132"/><V4/><F77/><W58/><G107/><T7/><D74/><U110/><E106/><V27/><F90/><W103/><G125/><N who="0" m="48235" /><D129/><U72/><E45/><V71/><F97/><W84/><G128/><T2/><D117/><N who="2" m="45162" /><F4/><W43/><G132/><T49/><D49/><U57/><E57/><N who="0" m="22089" /><D31/><U75/><E10/><V50/><F27/><W95/><G113/><T60/><D60/><U36/><E36/><N who="2" m="13867" /><F28/><W135/><G135/><T108/><D35/><U120/><E120/><V82/><F82/><N who="3" m="49175" /><G30/><T86/><D86/><U119/><E119/><V79/><F79/><W37/><G103/><T32/><D32/><U44/><E75/><V13/><F13/><W133/><G133/><T64/><D7/><U62/><E72/><V40/><F127/><W105/><G37/><T11/><D2/><U98/><REACH who="1" step="1"/><E44/><REACH who="1" ten="228,241,144,377" step="2"/><N who="2" m="25863" /><F122/><W101/><G105/><T102/><D11/><U0/><E0/><V83/><F83/><W68/><G9/><T6/><D6/><U15/><E15/><V20/><F20/><W63/><G14/><T100/><D100/><AGARI ba="0,1" hai="23,24,29,62,66,70,76,80,87,94,98,100,110,111" machi="100" ten="40,5200,0" yaku="1,1,52,1,53,1" doraHai="67" doraHaiUra="26" who="1" fromWho="0" sc="228,-52,241,62,144,0,377,0" /><INIT seed="3,0,0,3,4,26" ten="176,303,144,377" oya="3" hai0="80,60,68,89,63,102,14,11,95,54,99,86,13" hai1="74,42,96,38,37,77,106,117,18,90,15,9,88" hai2="107,128,48,23,76,61,69,24,25,73,67,101,97" hai3="34,1,93,47,119,103,75,104,85,28,70,10,91"/><W44/><G119/><T39/><D39/><U111/><E111/><V29/><F128/><W53/><G75/><T132/><D132/><U58/><E117/><V3/><F3/><W41/><G70/><T40/><D40/><U17/><E74/><V108/><F108/><W12/><G1/><T66/><D63/><U114/><E77/><V83/><F25/><W118/><G118/><T92/><D54/><U5/><E114/><V65/><F48/><W94/><G34/><T110/><D110/><U57/><E42/><V105/><REACH who="2" step="1"/><F67/><REACH who="2" ten="176,303,134,377" step="2"/><W81/><G12/><T98/><REACH who="0" step="1"/><D11/><REACH who="0" ten="166,303,134,377" step="2"/><U112/><E38/><V45/><F45/><W55/><G10/><T35/><D35/><U8/><E37/><V84/><F84/><W51/><G44/><T49/><D49/><U27/><E9/><V129/><F129/><W30/><G47/><T125/><D125/><U36/><E36/><V33/><F33/><W126/><G51/><T4/><D4/><U120/><E5/><V22/><F22/><W52/><G126/><T79/><AGARI ba="0,2" hai="13,14,60,66,68,79,80,86,89,92,95,98,99,102" machi="79" ten="20,2700,0" yaku="1,1,0,1,7,1,53,0" doraHai="26" doraHaiUra="50" who="0" fromWho="0" sc="166,47,303,-7,134,-7,377,-13" /><INIT seed="4,0,0,1,2,104" ten="213,296,127,364" oya="0" hai0="66,32,117,133,64,90,123,36,52,69,42,88,6" hai1="30,109,75,67,129,53,1,55,86,110,120,96,77" hai2="130,84,2,72,89,124,38,48,5,121,45,82,132" hai3="20,17,63,60,15,24,78,12,10,29,126,25,101"/><T100/><D123/><U81/><E120/><V59/><F121/><W34/><G126/><T115/><D117/><U46/><E30/><V43/><F130/><W122/><G122/><T98/><D32/><U134/><E67/><V37/><F132/><W108/><G108/><T23/><D133/><U127/><E1/><V91/><F124/><W83/><G101/><T33/><D33/><U135/><E46/><V16/><F2/><W73/><REACH who="3" step="1"/><G12/><REACH who="3" ten="213,296,127,354" step="2"/><T51/><D100/><U41/><E110/><V102/><F102/><W93/><G93/><T50/><D115/><U39/><E109/><V11/><F5/><AGARI ba="0,1" hai="5,10,15,17,20,24,25,29,34,60,63,73,78,83" machi="5" ten="30,7700,0" yaku="1,1,7,1,52,1,53,1" doraHai="104" doraHaiUra="106" who="3" fromWho="2" sc="213,0,296,0,127,-77,354,87" /><INIT seed="5,0,0,5,0,120" ten="213,296,50,441" oya="1" hai0="117,47,57,108,59,42,78,15,62,72,104,56,0" hai1="131,41,8,50,45,134,69,53,4,60,16,22,3" hai2="106,96,110,5,32,94,27,128,80,7,111,70,127" hai3="17,112,135,100,113,76,91,116,105,92,51,103,93"/><U86/><E134/><V75/><F5/><W58/><G135/><T61/><D108/><N who="2" m="41514" /><F94/><W115/><G116/><T125/><D0/><U39/><E131/><V129/><F7/><W65/><G105/><T98/><D117/><U107/><E107/><V67/><F127/><W20/><G76/><T1/><D1/><U35/><E35/><V99/><F80/><W19/><G93/><T63/><D125/><U46/><E86/><V101/><F96/><N who="3" m="57375" /><G17/><T66/><D15/><U25/><E60/><N who="0" m="23145" /><D78/><U11/><E69/><V88/><F88/><W126/><G126/><T18/><D18/><U68/><E68/><V90/><F90/><W44/><G65/><T33/><D33/><U43/><E11/><V121/><F121/><W28/><G58/><T95/><D72/><U37/><E43/><V132/><F132/><W40/><G28/><T130/><D104/><U29/><E29/><N who="2" m="19519" /><F75/><W48/><G48/><AGARI ba="0,0" hai="3,4,8,16,22,25,37,39,41,45,46,48,50,53" machi="48" ten="30,2900,0" yaku="7,1,54,1" doraHai="120" who="1" fromWho="3" sc="213,0,296,29,50,0,441,-29" /><INIT seed="5,1,0,4,4,134" ten="213,325,50,412" oya="1" hai0="2,109,98,37,130,88,68,72,82,85,29,123,51" hai1="45,10,3,39,55,127,103,30,80,5,9,33,73" hai2="8,102,6,14,47,105,63,66,48,94,17,131,114" hai3="7,119,20,18,69,43,21,54,26,79,116,117,38"/><U93/><E93/><V110/><F110/><W52/><G69/><T108/><D130/><U49/><E103/><V13/><F131/><W34/><G34/><T107/><D37/><U122/><E122/><V74/><F74/><W113/><G113/><T86/><D123/><U87/><E73/><V36/><F114/><W15/><G79/><T104/><D68/><U46/><E10/><V31/><F36/><W91/><G91/><N who="0" m="51639" /><D2/><U128/><E128/><V35/><F105/><N who="0" m="40522" /><D51/><U24/><E39/><V59/><F35/><W25/><G7/><T19/><D19/><U121/><E121/><V99/><F31/><N who="3" m="17831" /><G15/><T135/><D29/><U41/><E46/><AGARI ba="1,0" hai="18,21,26,38,43,46,52,54,116,117,119" m="17831" machi="46" ten="30,2000,0" yaku="12,1,54,1" doraHai="134" who="3" fromWho="1" sc="213,0,325,-23,50,0,412,23" /><INIT seed="6,0,0,2,4,33" ten="213,302,50,435" oya="2" hai0="61,69,76,132,21,110,77,116,51,66,28,129,124" hai1="86,57,112,40,81,44,95,10,107,90,18,19,75" hai2="97,91,70,6,20,103,3,38,49,65,34,105,74" hai3="114,73,7,128,98,125,109,32,50,64,1,83,89"/><V133/><F133/><W62/><G109/><T9/><D110/><U37/><E112/><V131/><F131/><W31/><G125/><T111/><D111/><U80/><E107/><V54/><F34/><W72/><G50/><T108/><D108/><U8/><E57/><V84/><F38/><W27/><G114/><T117/><D124/><U102/><E102/><V99/><F99/><W127/><G128/><T36/><D36/><U4/><E10/><V14/><F74/><W122/><G122/><T87/><D132/><U15/><E80/><V30/><F65/><W68/><G83/><T78/><D129/><U13/><E13/><V71/><F3/><W88/><G127/><T11/><D87/><U126/><E126/><V63/><F63/><W55/><G55/><T119/><D51/><U41/><E41/><V12/><F12/><W101/><G73/><T26/><AGARI ba="0,0" hai="9,11,21,26,28,61,66,69,76,77,78,116,117,119" machi="26" ten="40,2700,0" yaku="0,1,12,1" doraHai="33" who="0" fromWho="0" sc="213,27,302,-7,50,-13,435,-7" /><INIT seed="7,0,0,3,0,18" ten="240,295,37,428" oya="3" hai0="15,59,70,66,109,121,89,88,61,118,73,130,82" hai1="39,60,42,1,99,37,2,32,100,104,116,94,81" hai2="29,75,25,103,129,68,85,50,63,131,74,95,55" hai3="135,21,83,107,122,33,24,17,101,27,98,38,133"/><W102/><G38/><T128/><D121/><U87/><E116/><V47/><F129/><W90/><G122/><T3/><D3/><U78/><E32/><V11/><F131/><W80/><G101/><T72/><D70/><U43/><E2/><V97/><F68/><W126/><G126/><T22/><D118/><U19/><E1/><V113/><F113/><W51/><G51/><T53/><D66/><U36/><E60/><V79/><F75/><W52/><G52/><T16/><D109/><U119/><E119/><V123/><F74/><W93/><G33/><T112/><D112/><U10/><E104/><V5/><F123/><W13/><G80/><T28/><D130/><U46/><E42/><V26/><F26/><W62/><G83/><T120/><D120/><U132/><E132/><N who="3" m="50762" /><G62/><T77/><D128/><U45/><E45/><V125/><F125/><W69/><G69/><T65/><D72/><U0/><E39/><V108/><F108/><W106/><G106/><T35/><REACH who="0" step="1"/><D65/><REACH who="0" ten="230,295,37,428" step="2"/><U34/><E0/><V96/><F63/><W20/><G107/><T67/><D67/><U91/><E37/><V58/><F58/><W4/><G4/><T84/><D84/><U111/><E111/><V12/><F79/><W115/><G115/><T64/><D64/><U76/><E76/><V71/><F71/><W56/><G56/><T14/><D14/><U44/><E78/><V40/><F85/><W6/><G6/><T30/><D30/><U110/><E110/><V48/><F97/><W117/><G98/><T9/><D9/><U41/><E99/><V127/><F127/><RYUUKYOKU ba="0,1" sc="230,30,295,-10,37,-10,428,-10" hai0="15,16,22,28,35,53,59,61,73,77,82,88,89" owari="260,-14.0,285,9.0,27,-47.0,428,52.0" /></mjloggm>