<mjloggm ver="2.3"><GO type="169" lobby="0"/><UN n0="%E3%83%88%E3%83%88%E3%83%AA%E5%85%88%E7%94%9F%31%39%E6%AD%B3" n1="%41%E3%82%86%E3%81%A3%E3%81%93%E3%82%93%E3%81%90" n2="%47%E3%83%A8%E9%BE%8D%E9%96%80" n3="%73%61%6E%74%61%6E%61%33" dan="18,17,18,16" rate="2294.49,2143.78,2211.42,2035.47" sx="F,M,M,M"/><TAIKYOKU oya="0"/><INIT seed="0,0,0,4,1,98" ten="250,250,250,250" oya="0" hai0="86,36,10,94,87,60,22,33,96,84,42,117,56" hai1="62,100,99,74,47,122,88,0,120,114,51,54,79" hai2="21,83,133,85,41,63,92,3,53,69,46,40,61" hai3="6,109,107,134,26,110,105,91,106,65,19,35,13"/><T75/><D117/><U112/><E0/><V29/><F3/><W125/><G125/><T121/><D121/><U82/><E62/><N who="2" m="23563" /><F133/><W28/><G65/><T27/><D75/><U45/><E45/><V68/><F92/><W97/><G134/><T55/><D33/><U111/><E111/><N who="3" m="42506" /><G6/><T12/><D36/><U89/><E120/><V76/><F68/><W80/><G80/><T66/><D42/><U32/><E32/><V135/><F69/><W58/><G58/><T57/><D57/><U2/><E2/><V50/><F135/><W31/><G31/><T17/><D66/><U119/><E119/><V90/><F76/><W72/><G72/><T30/><REACH who="0" step="1"/><D84/><REACH who="0" ten="240,250,250,250" step="2"/><U11/><E122/><V127/><F127/><W78/><G35/><T25/><D25/><AGARI ba="0,1" hai="21,25,29,40,41,46,50,53,83,85,90" m="23563" machi="25" ten="30,1000,0" yaku="8,1" doraHai="98" who="2" fromWho="0" sc="240,-10,250,0,250,20,250,0" /><INIT seed="1,0,0,2,4,53" ten="230,250,270,250" oya="1" hai0="90,8,23,79,42,22,68,11,66,64,46,54,19" hai1="102,60,44,112,106,61,87,119,81,3,17,108,40" hai2="120,85,78,77,1,33,99,52,14,115,43,113,110" hai3="50,128,6,9,135,13,97,41,24,125,27,131,104"/><U47/><E112/><N who="2" m="43083" /><F1/><W28/><G125/><T107/><D107/><U37/><E119/><V12/><F120/><W75/><G75/><T29/><D79/><N who="2" m="30218" /><F43/><W73/><G73/><T49/><D68/><U105/><E3/><V130/><F110/><W86/><G135/><T96/><D29/><U133/><E133/><V83/><F33/><W18/><G6/><T89/><D23/><U25/><E108/><V57/><F99/><W4/><G4/><T88/><D96/><U76/><E47/><V95/><F95/><W30/><G86/><T124/><D124/><U34/><E102/><V39/><F39/><W82/><G97/><T129/><D129/><N who="3" m="49737" /><G82/><T92/><D92/><U51/><E37/><V10/><F10/><N who="0" m="3626" /><D42/><U72/><E72/><V38/><F38/><W117/><G104/><T5/><D5/><U56/><E105/><V63/><F130/><W98/><G98/><T71/><D71/><U36/><E106/><V122/><F122/><W55/><G41/><T123/><D123/><U132/><E132/><V91/><AGARI ba="0,0" hai="12,14,52,57,63,83,85,91" m="30218,43083" machi="91" ten="30,4000,0" yaku="11,1,52,1,54,1" doraHai="53" who="2" fromWho="2" sc="230,-10,250,-20,270,40,250,-10" /><INIT seed="2,0,0,2,2,27" ten="220,230,310,240" oya="2" hai0="62,102,0,42,105,76,75,115,114,40,78,65,43" hai1="122,101,9,50,33,28,97,80,89,47,55,82,10" hai2="34,130,14,118,104,79,94,70,61,45,8,52,124" hai3="51,121,91,24,64,135,49,58,96,35,39,29,113"/><V107/><F118/><W99/><G121/><T83/><D0/><U68/><E122/><V93/><F34/><W25/><G113/><T110/><D110/><U11/><E68/><V60/><F79/><W123/><G123/><T48/><D48/><U3/><E3/><V90/><F130/><W103/><G135/><T127/><D127/><U13/><E13/><V132/><F124/><W36/><G49/><T4/><D4/><U15/><E15/><V109/><F132/><W85/><G24/><T12/><D12/><U63/><E33/><V131/><F109/><W119/><G96/><T128/><D128/><U57/><E89/><V31/><F70/><W120/><G119/><T66/><D66/><U22/><E22/><V81/><F81/><W7/><G7/><T134/><D134/><U71/><E28/><V56/><F31/><W41/><G64/><T95/><D105/><U126/><E71/><V16/><F94/><W98/><G120/><T86/><D78/><U26/><E26/><V69/><F131/><W19/><G103/><T6/><D6/><U84/><E84/><V72/><F72/><W17/><G39/><T32/><D32/><U5/><E5/><V23/><F8/><W30/><G36/><T18/><D18/><N who="3" m="6665" /><G25/><T44/><D44/><U37/><E37/><V108/><F45/><N who="3" m="26031" /><G35/><T20/><D20/><U88/><E126/><V1/><F1/><W87/><G58/><N who="0" m="37079" /><D75/><U100/><E100/><V21/><F108/><W38/><G38/><T54/><D54/><N who="1" m="34231" /><E101/><V125/><F125/><W77/><G77/><T116/><D116/><U53/><E55/><RYUUKYOKU ba="0,0" sc="220,15,230,15,310,-15,240,-15" hai0="40,42,43,76,83,86,95,102,114,115" hai1="9,10,11,47,50,53,80,82,88,97" /><INIT seed="3,1,0,2,4,15" ten="235,245,295,225" oya="3" hai0="108,90,91,92,102,61,130,6,77,18,73,9,79" hai1="87,120,62,36,71,74,33,114,103,52,117,50,126" hai2="32,75,25,64,4,7,82,55,86,105,22,80,131" hai3="94,72,101,125,12,27,49,26,58,54,124,20,42"/><W100/><G72/><T24/><D108/><U0/><RYUUKYOKU type="yao9" ba="1,0" sc="235,0,245,0,295,0,225,0" hai1="0,33,36,50,52,62,71,74,87,103,114,117,120,126" /><INIT seed="3,2,0,1,3,61" ten="235,245,295,225" oya="3" hai0="100,83,58,27,5,40,92,114,47,133,44,91,37" hai1="126,84,68,76,18,8,75,29,88,132,1,113,32" hai2="23,119,106,135,59,46,69,17,4,7,22,28,64" hai3="51,103,50,60,86,104,66,109,82,9,65,0,41"/><W71/><G109/><T34/><D133/><U73/><E113/><V81/><F119/><W16/><G41/><T31/><D114/><U12/><E132/><V36/><F69/><W97/><G66/><T77/><D100/><U56/><E68/><V105/><F135/><W123/><G123/><T11/><D47/><U116/><E76/><V42/><F28/><W43/><G43/><T78/><D58/><U117/><E126/><V19/><F81/><W45/><G45/><T6/><D78/><U102/><E102/><V3/><F3/><W99/><G97/><T79/><D79/><U118/><E1/><V48/><F105/><W124/><G124/><T93/><D91/><U90/><E56/><V53/><F106/><W13/><G0/><N who="0" m="423" /><D6/><U35/><E90/><AGARI ba="2,0" hai="9,13,16,50,51,60,65,71,82,86,90,99,103,104" machi="90" ten="30,5800,0" yaku="7,1,52,1,54,1" doraHai="61" who="3" fromWho="1" sc="235,0,245,-64,295,0,225,64" /><INIT seed="3,3,0,0,4,107" ten="235,181,295,289" oya="3" hai0="95,123,11,22,40,58,45,81,57,122,23,89,14" hai1="49,48,25,66,104,10,76,67,74,106,132,77,0" hai2="50,117,38,127,65,9,56,135,124,94,52,75,130" hai3="73,131,37,33,20,98,92,112,15,16,68,101,83"/><W27/><G112/><T109/><D109/><U35/><E25/><V118/><F75/><W43/><G131/><T17/><D122/><U64/><E10/><V87/><F9/><W86/><G68/><T4/><D123/><U5/><E5/><V97/><F87/><W125/><G125/><N who="2" m="48201" /><F130/><W99/><G99/><T129/><D81/><U2/><E132/><V69/><F38/><W88/><G73/><T6/><D129/><U29/><E29/><V78/><F78/><N who="1" m="30313" /><E74/><V79/><F79/><W114/><G114/><T46/><D22/><U18/><E18/><V116/><F135/><W108/><G108/><T90/><D4/><U31/><E31/><V119/><N who="2" m="29696" /><DORA hai="72" /><V28/><F28/><W120/><G120/><T62/><D6/><U51/><E35/><V113/><F113/><W12/><REACH who="3" step="1"/><G33/><REACH who="3" ten="235,181,295,279" step="2"/><T34/><D34/><U42/><E42/><V110/><F110/><W13/><G13/><T105/><D40/><U63/><E63/><V128/><F128/><W84/><G84/><T60/><D60/><U111/><E111/><V85/><F85/><W8/><G8/><T19/><D62/><U54/><E54/><V121/><F121/><W24/><G24/><T3/><D11/><U80/><E80/><V134/><F134/><W100/><G100/><T21/><D14/><U55/><E55/><V47/><F69/><W91/><G91/><T36/><D89/><U82/><E82/><V70/><F70/><W1/><G1/><AGARI ba="3,1" hai="0,1,2,48,49,51,64,66,67,104,106" m="30313" machi="1" ten="40,8000,1" yaku="28,2,52,3" doraHai="107,72" who="1" fromWho="3" sc="235,0,181,99,295,0,279,-89" /><INIT seed="4,0,0,4,3,14" ten="235,280,295,190" oya="0" hai0="37,52,18,10,63,66,19,81,1,99,84,49,57" hai1="65,88,90,117,85,34,121,5,43,100,67,111,26" hai2="13,91,48,105,95,128,64,44,125,56,8,21,113" hai3="77,96,72,120,82,131,118,31,98,23,9,106,29"/><T133/><D37/><U58/><E117/><V17/><F105/><W47/><G118/><T127/><D133/><U51/><E121/><V86/><F113/><W39/><G131/><T69/><D127/><U62/><E111/><V130/><F125/><W40/><G120/><T11/><D99/><U80/><E5/><V0/><F0/><W132/><G132/><T7/><D10/><U4/><E4/><V112/><F112/><W126/><G126/><T110/><D110/><U114/><E114/><V16/><F64/><W38/><G38/><T30/><D30/><U74/><E74/><V36/><F36/><W28/><G106/><T103/><D103/><U71/><E100/><V59/><F128/><W22/><G22/><T20/><D20/><U87/><E26/><N who="2" m="14639" /><F130/><W108/><G108/><T42/><D42/><AGARI ba="0,0" hai="8,13,16,42,44,48,56,59,86,91,95" m="14639" machi="42" ten="30,7700,0" yaku="8,1,52,2,54,1" doraHai="14" who="2" fromWho="0" sc="235,-77,280,0,295,77,190,0" /><INIT seed="5,0,0,0,5,34" ten="158,280,372,190" oya="1" hai0="133,78,87,55,10,97,11,113,84,39,132,81,0" hai1="19,85,8,91,107,46,29,3,61,23,135,24,77" hai2="54,49,112,62,88,42,32,44,131,120,12,98,36" hai3="130,106,47,109,53,14,40,117,20,96,67,2,6"/><U35/><E135/><N who="0" m="51785" /><D39/><U79/><E107/><V116/><F120/><W75/><G117/><T80/><D113/><U89/><E61/><V64/><F32/><W48/><G130/><T4/><D97/><U18/><E46/><V65/><F116/><W30/><G75/><T127/><D127/><U63/><E63/><V125/><F125/><W52/><G67/><N who="2" m="25673" /><F36/><W92/><G106/><T37/><D37/><U122/><E122/><V90/><F112/><W110/><G110/><T101/><D101/><U71/><E71/><V38/><F38/><W45/><G109/><T28/><D28/><U58/><E58/><N who="2" m="35159" /><F131/><W5/><G47/><T31/><D31/><U121/><E29/><V99/><F12/><W33/><G33/><T93/><D93/><U50/><E35/><V111/><F111/><W51/><G30/><T17/><D55/><U56/><E121/><V73/><F73/><W128/><G128/><T129/><D129/><U105/><E105/><V134/><F134/><W59/><G53/><T83/><D78/><U114/><E77/><V22/><F22/><W102/><G2/><N who="0" m="279" /><D17/><AGARI ba="0,0" hai="5,6,14,17,20,40,45,48,51,52,59,92,96,102" machi="17" ten="40,2600,0" yaku="8,1,54,1" doraHai="34" who="3" fromWho="0" sc="158,-26,280,0,372,0,190,26" /><INIT seed="6,0,0,3,1,120" ten="132,280,372,216" oya="2" hai0="19,109,11,46,20,82,84,105,52,23,67,126,34" hai1="9,94,99,51,124,18,27,118,132,15,2,3,86" hai2="101,13,102,73,85,21,91,53,80,93,48,110,74" hai3="10,92,8,90,62,59,103,63,65,75,97,14,39"/><V54/><F110/><W83/><G39/><T125/><D105/><U33/><E118/><V127/><F127/><N who="0" m="48650" /><D34/><U6/><E124/><V61/><F54/><W131/><G131/><T43/><D67/><U41/><E132/><V135/><F61/><W112/><G112/><T95/><D95/><U12/><E86/><V115/><F135/><W66/><G75/><T60/><D11/><U0/><E51/><V17/><F115/><W111/><G111/><T26/><D23/><N who="1" m="11743" /><E41/><V36/><F36/><W119/><G119/><T35/><D35/><U40/><E40/><V116/><F116/><W77/><G77/><N who="0" m="46159" /><D43/><U104/><E99/><V24/><F73/><W55/><G8/><T123/><D123/><U31/><E94/><V96/><F74/><W71/><G83/><T87/><D87/><U29/><E104/><V7/><F102/><W128/><G128/><T100/><D100/><U70/><E70/><V68/><F68/><W134/><G134/><T98/><D98/><U64/><E64/><V76/><F101/><W47/><G103/><T16/><D19/><N who="1" m="8591" /><E29/><V4/><F76/><W50/><G66/><T106/><D106/><U45/><E45/><V117/><F48/><W37/><G37/><T30/><D30/><U107/><E107/><V58/><F58/><W44/><G63/><T5/><D5/><AGARI ba="0,0" hai="0,2,3,5,6,27,31,33" m="8591,11743" machi="5" ten="30,8000,1" yaku="35,5" doraHai="120" who="1" fromWho="0" sc="132,-80,280,80,372,0,216,0" /><AGARI ba="0,0" hai="5,10,14,44,47,50,55,59,62,65,71,90,92,97" machi="5" ten="30,1000,0" yaku="7,1" doraHai="120" who="3" fromWho="0" sc="52,-10,360,0,372,0,216,10" /><INIT seed="7,0,0,3,5,2" ten="42,360,372,226" oya="3" hai0="90,65,116,78,111,57,22,82,103,93,37,101,135" hai1="128,30,105,84,134,81,125,61,66,68,3,130,40" hai2="89,74,44,17,132,25,32,76,10,124,47,110,0" hai3="27,35,33,11,34,72,131,120,119,107,42,58,106"/><W71/><G120/><T50/><D22/><U53/><E105/><V123/><F123/><W121/><G121/><T127/><D50/><U16/><E125/><V51/><F110/><W117/><G58/><T79/><D57/><U98/><E134/><V95/><F124/><W21/><G42/><T64/><D65/><U18/><E40/><V55/><F132/><W99/><G72/><T126/><D64/><U28/><E98/><V91/><F44/><W112/><G99/><T14/><D14/><U19/><E3/><V24/><F32/><W13/><G71/><T83/><D37/><U104/><E104/><V109/><F109/><W26/><G107/><T38/><D38/><U114/><E114/><V60/><F74/><W69/><G106/><T75/><D111/><U92/><E92/><V15/><F76/><W77/><G77/><T56/><D56/><U80/><E53/><V133/><F133/><W63/><G131/><N who="1" m="50218" /><E80/><V1/><F60/><W73/><G73/><T118/><D135/><U23/><E23/><V62/><F62/><W36/><G36/><T87/><D75/><U5/><E81/><V41/><F41/><W52/><G112/><T48/><D48/><U70/><E68/><V20/><F95/><W43/><G43/><T122/><D93/><U115/><E115/><V54/><F54/><W12/><G52/><T49/><D49/><U67/><E67/><V97/><F97/><W59/><G69/><T85/><REACH who="0" step="1"/><D122/><REACH who="0" ten="32,360,372,226" step="2"/><U113/><E66/><V7/><F0/><W94/><G59/><T31/><D31/><U86/><E113/><V29/><F1/><RYUUKYOKU ba="0,1" sc="32,15,360,-15,372,15,226,-15" hai0="78,79,82,83,85,87,90,101,103,116,118,126,127" hai2="7,10,15,17,20,24,25,29,47,51,55,89,91" owari="47,-45.0,345,15.0,397,49.0,211,-19.0" /></mjloggm>