<mjloggm ver="2.3"><GO type="169" lobby="0"/><UN n0="%E3%81%BF%E3%81%95%E3%81%8A" n1="%E3%82%A6%E3%83%AB%E3%83%88%E3%83%A9%E7%AB%8B%E7%9B%B4" n2="%E3%82%B5%E3%83%B3%E3%83%9E%E9%81%93%E6%A5%BD%E4%BB%A3%E8%A1%A8" n3="%E7%AB%8B%E8%8F%AF%E5%A5%8F" dan="16,18,16,16" rate="2005.71,2237.21,2127.27,2065.46" sx="F,M,M,F"/><TAIKYOKU oya="0"/><INIT seed="0,0,0,5,3,32" ten="250,250,250,250" oya="0" hai0="75,44,43,26,17,94,59,29,61,82,76,24,53" hai1="20,3,1,127,133,45,27,117,14,107,74,100,89" hai2="72,68,115,88,70,125,63,129,8,39,109,102,116" hai3="25,119,120,83,28,130,58,135,51,10,128,40,110"/><T60/><D17/><U42/><E117/><V47/><F115/><W50/><G110/><T134/><D134/><U52/><E133/><V85/><F109/><W46/><G135/><T95/><D61/><U126/><E74/><V23/><F72/><W13/><G119/><T33/><REACH who="0" step="1"/><D26/><REACH who="0" ten="240,250,250,250" step="2"/><U56/><E27/><V113/><F63/><W55/><G120/><T15/><D15/><U38/><E14/><V57/><F116/><W98/><G13/><T99/><D99/><N who="1" m="61855" /><E20/><V91/><F23/><W87/><G98/><T49/><AGARI ba="0,1" hai="24,29,33,43,44,49,53,59,60,75,76,82,94,95" machi="49" ten="20,3900,0" yaku="1,1,0,1,7,1,53,0" doraHai="32" doraHaiUra="11" who="0" fromWho="0" sc="240,49,250,-13,250,-13,250,-13" /><INIT seed="0,1,0,3,1,36" ten="289,237,237,237" oya="0" hai0="114,117,23,79,7,106,40,126,27,74,77,32,75" hai1="44,64,28,71,119,115,111,110,91,47,11,4,46" hai2="1,98,57,122,30,51,21,76,135,85,93,108,61" hai3="53,43,131,99,10,16,20,88,5,124,82,134,6"/><T18/><D117/><U120/><E119/><V89/><F122/><W116/><G116/><T92/><D106/><U34/><E120/><V24/><F108/><N who="1" m="41513" /><E115/><V38/><F38/><W96/><G124/><T0/><D126/><U95/><E28/><V112/><F112/><W13/><G131/><T42/><D114/><U87/><E34/><V49/><F1/><W129/><G129/><T35/><D35/><U83/><E64/><V66/><F135/><W101/><G134/><T67/><D67/><U94/><E71/><V107/><F107/><W39/><G53/><T62/><D62/><U45/><N who="1" m="11264" /><DORA hai="31" /><U105/><E105/><V86/><F86/><W19/><G39/><T132/><D132/><U25/><E25/><V17/><F17/><W104/><G43/><T50/><D50/><U102/><E102/><V22/><F22/><W65/><G65/><T48/><D48/><U59/><E59/><V103/><REACH who="2" step="1"/><F76/><REACH who="2" ten="289,237,227,237" step="2"/><W14/><REACH who="3" step="1"/><G99/><REACH who="3" ten="289,237,227,227" step="2"/><T33/><D42/><U127/><E127/><V41/><F41/><W90/><G90/><T109/><D40/><U54/><E54/><V121/><F121/><W72/><G72/><T15/><D75/><U84/><E84/><AGARI ba="1,2" hai="5,6,10,13,14,16,19,20,82,84,88,96,101,104" machi="84" ten="40,8000,1" yaku="1,1,54,2,53,1" doraHai="36,31" doraHaiUra="29,100" who="3" fromWho="1" sc="289,0,237,-83,227,0,227,103" /><INIT seed="1,0,0,1,1,54" ten="289,154,227,330" oya="1" hai0="34,67,105,87,38,42,102,19,21,132,124,114,119" hai1="10,99,88,55,129,27,118,52,31,56,123,14,60" hai2="32,76,45,5,89,131,28,23,71,80,81,133,33" hai3="15,125,130,79,77,108,57,93,48,120,106,96,66"/><U29/><E123/><V78/><F71/><W12/><G108/><T65/><D119/><U37/><E37/><V1/><F131/><W9/><G130/><T92/><D34/><U107/><E118/><V110/><F110/><W90/><G120/><T46/><D114/><U18/><E129/><V4/><F89/><W53/><G125/><T0/><D0/><U69/><E69/><V11/><F133/><W63/><G106/><T135/><D124/><U117/><E117/><V100/><F100/><W58/><G12/><T44/><D105/><U103/><E88/><V91/><F91/><W8/><G8/><T115/><D115/><U112/><E112/><V109/><F109/><W127/><G127/><T122/><D122/><U51/><REACH who="1" step="1"/><E27/><REACH who="1" ten="289,144,227,330" step="2"/><V49/><F80/><W3/><G3/><T72/><D38/><U7/><E7/><AGARI ba="0,1" hai="7,9,15,48,53,57,58,63,66,77,79,90,93,96" machi="7" ten="30,7700,0" yaku="7,1,8,1,52,2" doraHai="54" who="3" fromWho="1" sc="289,0,144,-77,227,0,330,87" /><INIT seed="2,0,0,3,1,112" ten="289,67,227,417" oya="2" hai0="90,12,46,29,117,37,34,94,45,116,75,42,61" hai1="104,40,95,129,35,19,15,74,31,67,132,60,52" hai2="22,93,96,118,78,16,76,91,51,107,106,33,125" hai3="126,113,59,119,26,44,56,30,13,82,27,134,39"/><V11/><F33/><W79/><G113/><T49/><D75/><U92/><E74/><V18/><F125/><W133/><G126/><T48/><D29/><U47/><E129/><V63/><F118/><N who="0" m="45674" /><D34/><U71/><E104/><V64/><F106/><W5/><G119/><T25/><D25/><U111/><E111/><V41/><F107/><W20/><G27/><T127/><D127/><U114/><E31/><V73/><F73/><W72/><G5/><T43/><D12/><U3/><E3/><V70/><F11/><W120/><G13/><T7/><D7/><U122/><E35/><V97/><F18/><W121/><G121/><T23/><D23/><U54/><E132/><N who="3" m="50794" /><G120/><T101/><D101/><U123/><E114/><V98/><F41/><AGARI ba="0,0" hai="20,26,30,39,41,44,56,59,72,79,82" m="50794" machi="41" ten="30,1000,0" yaku="20,1" doraHai="112" who="3" fromWho="2" sc="289,0,67,0,227,-10,417,10" /><INIT seed="3,0,0,0,1,84" ten="289,67,217,427" oya="3" hai0="117,134,65,18,49,79,13,78,1,86,82,5,75" hai1="131,102,101,72,76,73,130,77,89,93,27,4,71" hai2="9,116,47,129,74,62,12,128,64,26,28,37,112" hai3="80,29,105,60,121,111,41,23,87,91,52,38,103"/><W61/><G121/><T21/><D117/><U50/><E50/><V33/><F116/><W83/><G38/><T15/><D1/><U44/><E44/><V122/><F112/><W7/><G41/><T104/><D104/><U98/><E27/><V40/><F74/><N who="1" m="28777" /><E4/><V85/><F122/><W56/><G7/><T70/><D65/><U59/><E59/><V124/><F124/><W114/><G114/><T58/><D70/><U17/><E17/><V81/><F12/><W31/><G111/><T115/><D115/><U14/><E14/><V99/><F99/><W120/><G120/><T32/><D32/><U0/><E71/><V95/><F95/><W108/><G108/><T127/><D127/><U24/><E24/><V94/><F94/><W10/><G10/><T8/><D75/><U113/><E0/><V45/><F45/><W106/><G80/><T11/><D21/><U6/><E6/><V42/><F9/><W135/><G23/><T25/><D25/><U53/><E53/><V2/><F40/><W119/><G119/><T109/><D109/><U43/><E43/><V34/><F34/><W20/><G20/><T90/><D134/><U97/><E113/><V118/><F118/><W57/><G135/><T36/><D36/><U51/><E51/><V132/><F132/><W88/><G29/><T92/><D49/><U35/><E35/><V3/><F2/><W30/><G30/><T68/><D68/><U125/><E125/><V63/><F3/><W96/><G31/><T46/><D46/><U16/><E16/><V126/><F126/><W66/><G106/><RYUUKYOKU ba="0,0" sc="289,-10,67,-10,217,-10,427,30" hai3="52,56,57,60,61,66,83,87,88,91,96,103,105" /><INIT seed="3,1,0,4,4,69" ten="279,57,207,457" oya="3" hai0="70,100,56,125,135,98,31,47,126,83,35,81,38" hai1="119,87,20,54,97,30,108,39,42,17,1,22,49" hai2="92,79,128,41,15,117,5,80,19,32,85,127,29" hai3="23,129,53,51,63,86,7,18,123,115,52,61,8"/><W116/><G116/><T101/><D70/><U93/><E108/><V33/><F117/><W14/><G123/><T113/><D31/><U78/><E1/><V40/><F128/><W82/><G129/><T72/><D35/><U57/><E119/><V11/><F127/><W114/><G114/><T44/><D56/><U12/><E39/><V55/><F55/><W124/><G124/><T59/><D59/><U112/><E112/><V96/><F19/><W48/><G115/><T13/><D113/><U16/><E42/><V104/><F104/><W9/><G51/><T65/><D65/><U45/><E30/><V0/><F0/><W10/><G7/><T43/><D13/><U27/><E78/><V34/><REACH who="2" step="1"/><F29/><REACH who="2" ten="279,57,197,457" step="2"/><W68/><G53/><T106/><D106/><U4/><E4/><V118/><F118/><W122/><G122/><T105/><D105/><U58/><REACH who="1" step="1"/><E87/><REACH who="1" ten="279,47,197,457" step="2"/><V36/><F36/><W21/><G86/><T28/><D38/><U133/><E133/><V64/><F64/><W67/><G67/><T109/><D135/><U95/><E95/><V107/><F107/><W91/><G82/><T121/><D83/><U60/><E60/><V71/><F71/><W3/><G68/><T110/><D81/><U120/><E120/><V111/><F111/><W134/><G63/><T73/><D110/><U84/><E84/><V6/><F6/><W2/><G61/><T24/><D109/><U131/><E131/><V76/><F76/><W66/><G66/><T74/><D126/><U103/><AGARI ba="1,2" hai="12,16,17,20,22,27,45,49,54,57,58,93,97,103" machi="103" ten="20,8000,1" yaku="1,1,0,1,7,1,8,1,54,1,53,0" doraHai="69" doraHaiUra="77" who="1" fromWho="1" sc="279,-21,47,103,197,-21,457,-41" /><INIT seed="4,0,0,2,5,59" ten="258,150,176,416" oya="0" hai0="24,130,19,65,3,45,96,64,110,109,90,116,30" hai1="124,57,87,72,99,71,76,105,80,12,97,133,25" hai2="14,56,15,123,81,8,13,34,36,4,37,74,91" hai3="11,39,102,120,92,48,61,23,101,63,77,53,108"/><T26/><D116/><U2/><E2/><V35/><F123/><W106/><G108/><T107/><D3/><U126/><E71/><V31/><F37/><W6/><G106/><T85/><D19/><U86/><E12/><V100/><F36/><W54/><G39/><T128/><D45/><U32/><E57/><V119/><F100/><W95/><G120/><T51/><D51/><U55/><E55/><N who="3" m="21002" /><G77/><T70/><D96/><N who="1" m="36939" /><E25/><N who="0" m="9833" /><D107/><U121/><E32/><V43/><F43/><W129/><G48/><T17/><D17/><U111/><E121/><V113/><F34/><W62/><G23/><T44/><D44/><U114/><E105/><V125/><F31/><W41/><G41/><T7/><D30/><U93/><E111/><N who="0" m="42505" /><D7/><U21/><E21/><V104/><F35/><W22/><G22/><T79/><D79/><U117/><E117/><V10/><F119/><W73/><G73/><T52/><D70/><U131/><E72/><V98/><F74/><W46/><G46/><T42/><D42/><U20/><E20/><V9/><F4/><W132/><G11/><T78/><D78/><U18/><E76/><V68/><F68/><W69/><G6/><T89/><D64/><U84/><E18/><V115/><F104/><W27/><G69/><T1/><D1/><U5/><E5/><V0/><F0/><W40/><G40/><T67/><D67/><U50/><E50/><V135/><F9/><W94/><G27/><T33/><D33/><U28/><E28/><V49/><F10/><W75/><G75/><T122/><D122/><U127/><E127/><V112/><F125/><RYUUKYOKU ba="0,0" sc="258,0,150,0,176,0,416,0" /><INIT seed="5,1,0,5,4,67" ten="258,150,176,416" oya="1" hai0="42,130,16,115,65,116,69,73,99,9,121,3,135" hai1="55,93,22,44,54,0,20,90,24,92,77,129,64" hai2="118,37,33,104,59,79,21,25,96,50,95,108,133" hai3="111,114,100,66,45,40,23,53,82,30,88,85,38"/><U46/><E0/><V81/><F118/><W127/><G111/><T19/><D73/><U97/><E129/><V106/><F108/><W70/><G114/><T89/><D42/><U112/><E112/><V61/><F33/><W98/><G127/><T86/><D99/><U78/><E64/><V128/><F37/><W43/><G30/><T75/><D75/><U123/><E123/><V117/><F50/><W94/><G23/><T122/><D116/><U28/><E22/><V102/><F133/><W47/><G53/><N who="1" m="19978" /><E93/><V13/><F13/><W7/><G7/><T41/><D41/><U72/><E72/><V84/><F128/><W31/><G31/><T5/><D115/><U56/><E56/><V52/><REACH who="2" step="1"/><F117/><REACH who="2" ten="258,150,166,416" step="2"/><W124/><G124/><T49/><D135/><U35/><E35/><V14/><F14/><W120/><G120/><T126/><D126/><U103/><E103/><V131/><F131/><W71/><G66/><T80/><D130/><U27/><E27/><V10/><F10/><W119/><G119/><T68/><D65/><U29/><E29/><AGARI ba="1,1" hai="21,25,29,52,59,61,79,81,84,95,96,102,104,106" machi="29" ten="30,3900,0" yaku="1,1,7,1,54,1,53,0" doraHai="67" doraHaiUra="110" who="2" fromWho="1" sc="258,0,150,-42,166,52,416,0" /><INIT seed="6,0,0,3,5,20" ten="258,108,218,416" oya="2" hai0="14,125,108,22,78,18,82,134,29,66,92,23,4" hai1="54,116,10,40,13,98,67,101,74,105,34,97,58" hai2="9,62,100,121,53,11,3,131,70,117,79,111,91" hai3="21,65,12,72,17,35,112,5,31,49,24,127,36"/><V19/><F121/><W30/><G36/><T71/><D66/><U25/><E116/><V6/><F117/><W8/><G72/><T33/><D71/><U63/><E74/><V114/><F111/><W2/><G65/><T115/><D108/><U123/><E123/><V1/><F131/><W110/><G110/><T47/><D47/><U89/><E40/><V16/><F114/><W59/><G112/><T128/><D115/><U57/><E97/><V27/><F79/><W109/><G109/><T76/><D76/><U103/><E103/><V68/><F100/><W119/><G119/><T129/><D134/><U88/><E34/><V80/><F80/><W69/><G69/><T120/><D92/><U38/><E38/><V55/><F91/><W96/><G96/><T132/><D132/><U46/><E46/><V75/><F75/><W48/><G127/><T86/><D125/><U122/><E122/><V56/><F55/><W118/><G118/><T95/><D95/><U130/><E130/><V135/><F135/><W7/><G59/><T113/><D113/><U61/><REACH who="1" step="1"/><E25/><REACH who="1" ten="258,98,218,416" step="2"/><V106/><F27/><N who="3" m="18943" /><G49/><T104/><D33/><U32/><E32/><V73/><F73/><W85/><G48/><T43/><D43/><U87/><E87/><V64/><F106/><W83/><G85/><T37/><D104/><U41/><E41/><V26/><F26/><W44/><G44/><T39/><D39/><U102/><E102/><V51/><F70/><W94/><G24/><T15/><D37/><U77/><E77/><V50/><F51/><W45/><G45/><T52/><D120/><RYUUKYOKU ba="0,1" sc="258,-15,98,15,218,15,416,-15" hai1="10,13,54,57,58,61,63,67,88,89,98,101,105" hai2="1,3,6,9,11,16,19,50,53,56,62,64,68" /><INIT seed="6,1,1,0,4,111" ten="243,113,233,401" oya="2" hai0="58,21,17,54,70,16,67,133,50,19,32,128,117" hai1="59,101,121,76,22,96,74,88,2,81,73,10,3" hai2="55,11,4,68,78,38,125,98,118,134,43,41,97" hai3="90,85,30,77,26,42,82,52,1,13,0,27,113"/><V124/><F78/><W94/><G42/><N who="2" m="15881" /><F68/><W130/><G130/><T105/><D105/><U115/><E121/><V120/><F38/><W109/><G109/><T123/><D32/><U80/><E10/><V87/><F120/><W57/><G13/><T60/><D128/><U66/><E66/><V103/><F87/><W131/><G131/><T63/><D123/><U75/><E59/><V106/><F118/><W102/><G102/><T33/><D33/><U71/><E71/><V45/><F98/><W18/><G18/><T104/><D104/><N who="1" m="63527" /><E22/><V53/><F45/><W83/><G83/><T129/><D117/><U61/><E61/><V48/><F48/><W79/><G79/><T92/><D129/><U122/><E3/><V47/><F47/><W23/><G26/><T69/><D69/><U9/><E9/><V46/><F46/><W127/><G0/><T31/><D63/><U15/><E15/><N who="2" m="5607" /><F134/><W40/><G1/><T34/><D133/><U116/><E2/><V5/><F5/><W114/><G40/><T119/><D119/><U84/><E116/><V8/><F8/><W62/><REACH who="3" step="1"/><G127/><AGARI ba="1,1" hai="53,55,97,103,106,124,125,127" m="5607,15881" machi="127" ten="30,1500,0" yaku="18,1" doraHai="111" who="2" fromWho="3" sc="243,0,113,0,233,28,401,-18" /><INIT seed="6,2,0,1,2,85" ten="243,113,261,383" oya="2" hai0="135,52,20,109,107,71,6,114,62,127,110,89,72" hai1="29,134,121,95,54,58,126,111,40,60,105,130,22" hai2="44,100,116,46,4,80,93,75,83,57,122,50,11" hai3="117,101,12,91,70,31,81,84,53,104,23,25,59"/><V2/><F116/><W106/><G70/><T82/><D107/><U97/><E111/><V115/><F122/><W49/><G117/><T32/><D32/><U64/><E130/><V24/><F115/><W123/><G123/><T120/><D120/><U65/><E121/><V7/><F7/><W48/><G101/><T41/><D41/><U8/><E126/><V35/><F57/><W38/><G38/><T51/><D6/><U69/><E134/><V45/><F75/><W36/><G36/><T9/><D135/><U3/><E105/><V55/><F100/><W96/><G96/><T98/><D72/><U42/><E8/><V16/><F93/><W132/><G132/><T27/><D9/><U108/><E3/><V15/><F2/><W86/><G48/><T102/><D114/><U92/><E92/><V76/><F35/><W61/><G49/><T103/><D103/><U78/><E78/><V0/><F0/><W14/><G106/><T88/><D102/><U56/><E108/><V37/><F37/><W128/><G104/><T5/><D5/><U112/><E112/><V17/><F76/><N who="3" m="46119" /><G128/><T133/><D133/><U113/><E113/><V99/><F99/><W79/><G79/><T87/><D127/><U67/><E69/><V21/><F4/><W119/><G119/><T10/><D10/><U131/><E131/><V34/><F34/><W77/><G77/><T73/><D73/><U33/><E33/><V19/><F17/><W68/><G68/><T1/><D1/><U28/><E97/><V43/><F43/><W47/><G47/><N who="2" m="12033" /><V63/><DORA hai="124" /><F50/><RYUUKYOKU ba="2,0" sc="243,-15,113,-15,261,15,383,15" hai2="11,15,16,19,21,24,55,63,80,83" hai3="12,14,23,25,31,53,59,61,86,91" /><INIT seed="6,3,0,3,1,80" ten="228,98,276,398" oya="2" hai0="109,57,48,98,106,103,5,8,3,84,88,76,112" hai1="46,96,42,52,126,124,128,55,82,31,60,12,117" hai2="43,81,99,87,113,22,53,18,7,130,54,19,32" hai3="107,14,63,62,65,47,72,111,94,25,131,56,110"/><V119/><F119/><W23/><G107/><T10/><D112/><U16/><E117/><V101/><F113/><W121/><G72/><T49/><D109/><U71/><E31/><V74/><F74/><W75/><G75/><T133/><D133/><U125/><E128/><V114/><F32/><W4/><G131/><T64/><D76/><U89/><E71/><V93/><F114/><W35/><G35/><T34/><D34/><U20/><E60/><V91/><F130/><W92/><G121/><T69/><D69/><U108/><E108/><V83/><F7/><W102/><G62/><T120/><D120/><U85/><REACH who="1" step="1"/><E96/><REACH who="1" ten="228,88,276,398" step="2"/><V41/><F99/><N who="3" m="59751" /><G111/><T13/><D64/><U132/><E132/><V51/><F101/><W33/><G110/><T100/><D100/><U1/><E1/><V6/><F6/><W29/><G33/><T21/><D98/><U2/><E2/><V68/><F68/><W58/><G4/><T24/><D103/><U134/><E134/><V50/><F19/><W127/><G29/><T11/><D3/><U73/><E73/><V67/><F67/><W38/><G65/><T115/><D115/><U17/><E17/><V86/><F18/><W26/><G63/><T78/><D5/><U9/><E9/><V28/><F28/><W44/><G23/><T40/><D21/><U36/><AGARI ba="3,1" hai="12,16,20,36,42,46,52,55,82,85,89,124,125,126" machi="36" ten="30,12000,2" yaku="1,1,0,1,18,1,52,1,54,2,53,1" doraHai="80" doraHaiUra="15" who="1" fromWho="1" sc="228,-33,88,139,276,-63,398,-33" /><INIT seed="7,0,0,4,0,122" ten="195,227,213,365" oya="3" hai0="67,40,63,88,99,107,35,30,4,64,134,87,92" hai1="5,3,52,120,31,34,112,23,1,108,8,130,60" hai2="124,6,61,7,70,68,115,32,109,128,38,49,96" hai3="24,10,93,123,101,12,105,110,118,95,126,80,54"/><W58/><G123/><T13/><D134/><U97/><E108/><V71/><F109/><W17/><G110/><T41/><D67/><U42/><E42/><V27/><F38/><W77/><G118/><T119/><D119/><U55/><E3/><V66/><F115/><W19/><G126/><T111/><D111/><U98/><E120/><V85/><F124/><W81/><G105/><T20/><D4/><U56/><E112/><V102/><F128/><W86/><G80/><T18/><D35/><U2/><E2/><V74/><F74/><W116/><G101/><T76/><D30/><U78/><E130/><V22/><F85/><W33/><G116/><T132/><D132/><U43/><E43/><V48/><F7/><W90/><G77/><T103/><D76/><U114/><E114/><V125/><F6/><W14/><G24/><T83/><D107/><U50/><E78/><V25/><F125/><W39/><G33/><T62/><D62/><U106/><E106/><N who="2" m="63815" /><F49/><N who="3" m="31055" /><G39/><T21/><REACH who="0" step="1"/><D20/><AGARI ba="0,0" hai="10,12,14,17,19,20,81,86,90,93,95" m="31055" machi="20" ten="30,1500,0" yaku="8,1" doraHai="122" who="3" fromWho="0" sc="195,-15,227,0,213,0,365,15" owari="180,-32.0,227,3.0,213,-19.0,380,48.0" /></mjloggm>