<mjloggm ver="2.3"><GO type="169" lobby="0"/><UN n0="%65%69%6B%31" n1="%E5%91%82%E5%A7%AB" n2="%E3%82%A6%E3%83%AB%E3%83%88%E3%83%A9%E7%AB%8B%E7%9B%B4" n3="%79%75%6D%69%6B%69%6B%61" dan="17,18,18,16" rate="2201.83,2205.47,2259.26,2075.38" sx="M,F,M,M"/><TAIKYOKU oya="0"/><INIT seed="0,0,0,0,5,83" ten="250,250,250,250" oya="0" hai0="12,15,128,18,117,20,118,24,92,42,27,6,29" hai1="31,26,28,22,61,69,14,111,33,129,126,3,124" hai2="47,82,25,53,106,104,76,98,49,48,93,100,105" hai3="115,99,38,113,109,16,4,116,81,79,66,23,59"/><T75/><D75/><U80/><E69/><V35/><F35/><W107/><G116/><N who="0" m="44651" /><D92/><U101/><E61/><V39/><F25/><W102/><G38/><T62/><D42/><U121/><E101/><V88/><F49/><W134/><G134/><T120/><D62/><U73/><E3/><V41/><F39/><W45/><G4/><T135/><D120/><U97/><E97/><V11/><F11/><W46/><G59/><T7/><D135/><U32/><E121/><V21/><F21/><W84/><G66/><T30/><D128/><U89/><E129/><V68/><F68/><W64/><G64/><T50/><D50/><U65/><E65/><V123/><F123/><W10/><G10/><N who="0" m="6519" /><D12/><U86/><E73/><V52/><REACH who="2" step="1"/><F100/><REACH who="2" ten="250,250,240,250" step="2"/><W1/><G102/><T63/><D63/><U87/><E22/><AGARI ba="0,1" hai="6,7,20,22,24,27,29,30" m="6519,44651" machi="22" ten="30,2900,0" yaku="34,2" doraHai="83" who="0" fromWho="1" sc="250,39,250,-29,240,0,250,0" /><INIT seed="0,1,0,5,5,40" ten="289,221,240,250" oya="0" hai0="29,58,65,115,81,91,57,33,132,123,28,128,107" hai1="14,134,45,9,36,105,130,95,50,18,73,56,22" hai2="119,78,44,13,110,4,113,25,43,15,106,66,102" hai3="12,26,30,120,71,131,7,96,129,38,60,122,90"/><T117/><D115/><U63/><E105/><V118/><F113/><W77/><G77/><T64/><D117/><U2/><E134/><V94/><F106/><W62/><G38/><T54/><D123/><N who="3" m="47145" /><G71/><T111/><D107/><U21/><E130/><V108/><F78/><W86/><G96/><T67/><D128/><N who="3" m="49225" /><G12/><T135/><D111/><N who="2" m="42538" /><F66/><W97/><G97/><T20/><D135/><U41/><E73/><V69/><F69/><W76/><G76/><T68/><D132/><U133/><E133/><V55/><F102/><W116/><G7/><T80/><D68/><U17/><E36/><N who="2" m="21607" /><F4/><W59/><G59/><T79/><D58/><U52/><E2/><V53/><F25/><W16/><G116/><N who="2" m="44585" /><F94/><N who="3" m="54615" /><G30/><T35/><D29/><U121/><E121/><V124/><F124/><W46/><G46/><T51/><D91/><U99/><E18/><V42/><F42/><W5/><G5/><T10/><D79/><U19/><E17/><V11/><F13/><W31/><G31/><T48/><D28/><U27/><E27/><V92/><F92/><W75/><G75/><T47/><D65/><U98/><E98/><V37/><F37/><W3/><G3/><T125/><D67/><U32/><E32/><V49/><F49/><W109/><G109/><T84/><D64/><U6/><E6/><V70/><F70/><W126/><G126/><T23/><D125/><U61/><E63/><V101/><F101/><AGARI ba="1,0" hai="9,14,19,21,22,41,45,50,52,56,61,95,99,101" machi="101" ten="30,7700,0" yaku="7,1,8,1,52,1,54,1" doraHai="40" who="1" fromWho="2" sc="289,0,221,80,240,-80,250,0" /><INIT seed="1,0,0,0,1,15" ten="289,301,160,250" oya="1" hai0="29,36,119,46,129,63,114,79,58,24,72,65,19" hai1="47,105,127,53,102,80,21,64,132,70,120,9,91" hai2="20,83,62,97,99,122,135,23,95,67,50,113,110" hai3="98,115,78,92,59,44,34,74,89,109,35,117,61"/><U48/><E120/><V45/><F110/><W22/><G115/><T125/><D114/><U42/><E132/><V3/><F3/><W107/><G109/><T1/><D119/><U13/><E127/><V128/><F135/><W112/><G117/><T37/><D1/><U57/><E21/><V96/><F128/><W81/><G112/><T38/><D129/><U103/><E105/><V14/><F122/><W123/><G123/><T116/><D116/><U41/><E41/><V124/><F124/><W43/><G107/><T52/><D125/><U25/><E25/><V55/><F113/><W6/><G6/><T56/><D79/><U77/><E91/><V8/><F83/><W68/><G68/><T126/><D72/><U31/><E31/><V16/><REACH who="2" step="1"/><F95/><REACH who="2" ten="289,301,150,250" step="2"/><W28/><G81/><T73/><D126/><U106/><E106/><V134/><F134/><W7/><G92/><T104/><D104/><U49/><E70/><AGARI ba="0,1" hai="8,14,16,20,23,45,50,55,62,67,70,96,97,99" machi="70" ten="40,5200,0" yaku="1,1,52,1,54,1,53,0" doraHai="15" doraHaiUra="130" who="2" fromWho="1" sc="289,0,301,-52,150,62,250,0" /><INIT seed="2,0,0,0,1,93" ten="289,249,212,250" oya="2" hai0="59,42,38,104,29,27,121,31,135,23,124,79,119" hai1="51,87,129,13,12,43,19,32,71,90,78,126,81" hai2="63,64,110,20,102,120,84,118,77,56,5,88,127" hai3="83,3,1,26,34,113,133,92,17,36,39,2,8"/><V4/><F120/><W89/><G133/><T6/><D121/><U97/><E71/><V46/><F118/><W85/><G113/><T41/><D104/><U82/><E32/><V115/><F115/><W33/><G33/><T0/><D135/><U111/><E111/><V28/><F127/><W10/><G10/><T58/><D124/><U101/><E129/><V16/><F110/><W106/><G106/><T52/><D119/><U76/><E126/><V40/><F102/><W131/><G131/><T68/><D68/><U57/><E13/><V99/><F77/><W61/><G61/><T108/><D108/><U73/><E90/><V30/><F99/><W134/><G34/><T55/><D38/><U45/><E57/><V21/><F21/><W69/><G69/><T66/><D66/><U91/><E81/><V114/><F114/><W54/><G39/><T105/><D105/><U96/><E73/><V72/><F72/><W15/><G36/><T7/><D79/><N who="1" m="30251" /><E101/><V95/><F4/><W98/><G134/><T35/><D35/><U62/><E62/><V94/><F94/><W22/><G83/><T100/><D100/><U132/><E132/><V125/><F5/><W24/><G24/><T107/><D107/><U109/><E109/><V122/><F125/><W103/><G103/><T123/><D123/><U65/><E65/><V86/><F122/><W128/><G128/><T11/><D7/><U37/><E37/><N who="2" m="21775" /><F84/><W117/><G85/><T53/><D29/><U112/><E112/><V49/><F49/><W60/><G117/><T50/><D50/><U18/><E18/><RYUUKYOKU ba="0,0" sc="289,10,249,10,212,10,250,-30" hai0="0,6,11,23,27,31,41,42,52,53,55,58,59" hai1="12,19,43,45,51,82,87,91,96,97" hai2="16,20,28,30,56,63,64,86,88,95" /><INIT seed="2,1,0,3,5,117" ten="299,259,222,220" oya="2" hai0="128,60,123,71,82,26,4,62,84,58,39,18,32" hai1="86,5,104,81,52,85,8,108,48,74,16,15,90" hai2="11,118,97,131,110,1,115,66,106,99,107,124,113" hai3="96,126,76,88,70,73,100,109,19,77,101,49,10"/><V51/><F66/><W92/><G70/><T20/><D39/><U83/><E108/><V56/><F56/><W46/><G109/><T135/><D128/><U44/><E104/><V64/><F64/><W34/><G34/><T122/><D71/><U9/><E74/><V53/><F51/><W63/><G63/><T21/><D32/><U3/><REACH who="1" step="1"/><E86/><REACH who="1" ten="299,249,222,220" step="2"/><V28/><F107/><W95/><G73/><T80/><D84/><U43/><E43/><V27/><F106/><W105/><G105/><T89/><D135/><U119/><E119/><V40/><F118/><W93/><G126/><T75/><D75/><U65/><E65/><V98/><F40/><W47/><G77/><T103/><D123/><U132/><E132/><V23/><F124/><W6/><G76/><T37/><D122/><U116/><E116/><V57/><F110/><W13/><G101/><T17/><D103/><U69/><E69/><V87/><F87/><W111/><G100/><T125/><D125/><U54/><E54/><V0/><F131/><W127/><G127/><T102/><D102/><U29/><E29/><V7/><F113/><W79/><G79/><T22/><D89/><U45/><E45/><V61/><REACH who="2" step="1"/><F115/><REACH who="2" ten="299,249,212,220" step="2"/><W55/><G111/><T68/><D68/><U120/><E120/><V72/><F72/><W30/><G47/><T25/><D58/><U94/><AGARI ba="1,2" hai="3,5,8,9,15,16,44,48,52,81,83,85,90,94" machi="94" ten="20,12000,2" yaku="1,1,0,1,7,1,54,2,53,1" doraHai="117" doraHaiUra="33" who="1" fromWho="1" sc="299,-31,249,143,212,-61,220,-31" /><INIT seed="3,0,0,3,0,61" ten="268,392,151,189" oya="3" hai0="86,15,117,29,96,124,45,54,119,5,30,80,38" hai1="82,52,27,59,25,0,7,72,46,81,64,12,56" hai2="100,49,69,129,77,33,106,107,11,32,48,31,26" hai3="116,112,125,20,34,73,53,121,22,92,74,42,44"/><W111/><G121/><T114/><D124/><U71/><E71/><V133/><F77/><W75/><G34/><T130/><D130/><U23/><E0/><V118/><F118/><W57/><G116/><T35/><D114/><U9/><E46/><V16/><F33/><W68/><G68/><T66/><D96/><U62/><E72/><V109/><F107/><W10/><G112/><T83/><D83/><N who="1" m="31755" /><E23/><V41/><F41/><W135/><G10/><T17/><D5/><U103/><E103/><V8/><F8/><W28/><G28/><T113/><D30/><U115/><E115/><V13/><F129/><W4/><G4/><T63/><D113/><U98/><E98/><V58/><F58/><W47/><G47/><T65/><D119/><U21/><E21/><V78/><F78/><W126/><G92/><T67/><D117/><U87/><E87/><V89/><F69/><W14/><G14/><T122/><D122/><U55/><E55/><V131/><F131/><W1/><G1/><T123/><D123/><U79/><E79/><V3/><F3/><W134/><G20/><N who="0" m="11327" /><D29/><U94/><E94/><V97/><F89/><W88/><G22/><T84/><D80/><U102/><E102/><V90/><F90/><W104/><G88/><T132/><D35/><U60/><AGARI ba="0,0" hai="7,9,12,25,27,52,56,59,60,62,64" m="31755" machi="60" ten="30,4000,0" yaku="8,1,52,1,54,1" doraHai="61" who="1" fromWho="1" sc="268,-10,392,40,151,-10,189,-20" /><INIT seed="4,0,0,2,1,70" ten="258,432,141,169" oya="0" hai0="71,127,21,78,17,13,16,41,122,28,53,59,88" hai1="64,44,107,29,15,119,76,111,35,80,113,79,40" hai2="47,93,103,84,118,56,117,90,69,121,57,23,5" hai3="102,12,50,81,9,10,85,54,82,115,2,30,6"/><T8/><D122/><U116/><E111/><V130/><F69/><W126/><G115/><T129/><D71/><U26/><E107/><V124/><F121/><W68/><G68/><T72/><D129/><U123/><E123/><V108/><F108/><W1/><G126/><T128/><D128/><U38/><E64/><V95/><F130/><W51/><G30/><T99/><D127/><U73/><E113/><V74/><F74/><W27/><G27/><T36/><D28/><U19/><REACH who="1" step="1"/><E79/><REACH who="1" ten="258,422,141,169" step="2"/><V132/><F124/><W63/><G2/><T31/><D78/><U39/><E39/><V3/><F3/><W110/><G1/><T131/><D36/><U92/><E92/><V86/><F95/><W52/><G82/><T32/><D131/><U4/><E4/><V33/><F5/><W89/><G6/><T104/><D104/><U60/><E60/><V20/><F93/><W100/><G63/><T109/><D109/><U49/><E49/><V75/><F118/><W11/><G110/><T46/><D31/><U58/><E58/><V37/><F57/><N who="3" m="32919" /><G12/><T106/><D13/><U0/><E0/><V98/><F56/><AGARI ba="0,1" hai="9,10,11,51,54,56,81,85,89,100,102" m="32919" machi="56" ten="30,2000,0" yaku="8,1,54,1" doraHai="70" who="3" fromWho="2" sc="258,0,422,0,141,-20,169,30" /><INIT seed="5,0,0,3,3,47" ten="258,422,121,199" oya="1" hai0="24,6,37,69,38,9,57,125,16,85,32,87,108" hai1="53,86,31,35,106,33,34,105,27,90,28,59,13" hai2="84,80,124,75,51,121,115,2,21,70,96,103,5" hai3="118,68,14,46,23,83,130,113,127,116,1,131,54"/><U11/><E106/><V114/><F70/><W8/><G68/><T129/><D108/><U7/><E105/><V67/><F67/><W42/><G54/><T101/><D69/><U12/><E31/><V17/><F75/><W19/><G113/><N who="2" m="43017" /><F121/><W126/><G1/><T109/><D101/><U52/><E13/><N who="2" m="9391" /><F124/><N who="3" m="47659" /><G8/><T110/><D9/><U44/><E44/><V73/><F73/><W120/><G83/><T74/><D74/><U107/><E107/><N who="2" m="63975" /><F5/><W134/><G120/><T41/><D6/><U122/><E122/><V50/><F2/><W20/><G20/><T119/><D110/><U82/><E53/><V76/><AGARI ba="0,0" hai="50,51,76,80,84" m="63975,9391,43017" machi="76" ten="30,7900,0" yaku="15,1,11,1,52,2" doraHai="47" who="2" fromWho="2" sc="258,-20,422,-39,121,79,199,-20" /><INIT seed="6,0,0,4,5,103" ten="238,383,200,179" oya="2" hai0="71,28,80,126,88,17,125,35,45,14,130,38,111" hai1="15,109,83,59,29,112,95,128,72,133,84,20,90" hai2="19,6,86,67,78,52,12,76,56,32,91,131,48" hai3="23,39,119,47,9,21,97,5,102,110,26,127,75"/><V54/><F32/><W34/><G119/><T36/><D111/><U69/><E109/><V132/><F131/><W27/><G110/><T113/><D71/><U24/><E69/><V57/><F67/><W50/><G75/><T66/><D66/><U70/><E70/><V13/><F6/><W81/><G81/><T11/><D130/><U41/><E112/><V124/><F124/><W96/><G39/><T1/><D113/><U2/><E2/><V106/><F106/><W115/><G115/><T61/><D61/><U0/><E0/><V8/><F12/><W3/><G127/><N who="0" m="48651" /><D45/><U85/><E72/><V105/><F105/><W60/><G60/><T31/><D1/><U117/><E117/><V89/><F132/><W64/><G64/><T73/><D73/><U122/><E133/><V120/><F120/><W108/><G108/><T94/><D80/><U42/><E122/><V37/><F37/><N who="0" m="14442" /><D35/><U118/><E118/><V33/><F33/><W4/><G4/><T40/><D40/><U16/><E59/><V25/><F25/><W129/><G129/><T10/><D10/><N who="1" m="6263" /><E128/><V43/><F43/><W58/><G58/><T98/><AGARI ba="0,0" hai="11,14,17,28,31,88,94,98" m="14442,48651" machi="98" ten="30,2000,0" yaku="18,1,54,1" doraHai="103" who="0" fromWho="0" sc="238,20,383,-5,200,-10,179,-5" /><INIT seed="7,0,0,5,5,5" ten="258,378,190,174" oya="3" hai0="4,133,56,131,108,42,125,94,90,129,81,126,97" hai1="38,54,104,124,26,127,55,71,89,52,112,13,99" hai2="68,14,27,41,0,88,91,122,59,98,100,61,22" hai3="85,106,121,70,64,101,84,132,48,62,2,83,6"/><W74/><G121/><T120/><D120/><U60/><E112/><V111/><F0/><W134/><G74/><T34/><D108/><U117/><E38/><V45/><F14/><W116/><G116/><T29/><D133/><N who="3" m="51305" /><G48/><T18/><D4/><U33/><E117/><V76/><F76/><W21/><G21/><T49/><D18/><U57/><E13/><V65/><F68/><W15/><G15/><T93/><D81/><U82/><E71/><V75/><F75/><W72/><G101/><N who="0" m="60591" /><D29/><U113/><E113/><V44/><F111/><W24/><G106/><T51/><D34/><U130/><E130/><N who="0" m="49673" /><D51/><U25/><E33/><V37/><F122/><W123/><G123/><T77/><D77/><U105/><E105/><V9/><F37/><W86/><G24/><T10/><D42/><U110/><E110/><V115/><F41/><W78/><G72/><T80/><D49/><U16/><E25/><V103/><F115/><W17/><G17/><T31/><D31/><U67/><E16/><V69/><F27/><W87/><G87/><T102/><D102/><N who="1" m="62559" /><E26/><V66/><F103/><W95/><G95/><T96/><D94/><U135/><E135/><V119/><F119/><W46/><G46/><T28/><D28/><U79/><E79/><V107/><F45/><W12/><G12/><T1/><D126/><N who="1" m="48171" /><E82/><V92/><F107/><W8/><AGARI ba="0,0" hai="2,6,8,62,64,70,78,83,84,85,86" m="51305" machi="8" ten="30,3000,0" yaku="20,1,52,1" doraHai="5" who="3" fromWho="3" sc="258,-10,378,-10,190,-10,174,30" /><INIT seed="7,1,0,1,3,54" ten="248,368,180,204" oya="3" hai0="75,9,55,25,58,5,2,133,29,121,1,108,96" hai1="40,68,15,109,19,104,65,120,4,37,14,100,130" hai2="27,31,17,91,21,59,44,38,60,106,41,82,42" hai3="51,93,95,119,10,33,34,114,74,78,77,102,6"/><W53/><G119/><T83/><D108/><U56/><E109/><V132/><F132/><W128/><G114/><T16/><D121/><U129/><E120/><V8/><F106/><W131/><G34/><T30/><D133/><U64/><E68/><V117/><F117/><W3/><G33/><T90/><D1/><U69/><E69/><V46/><F82/><W115/><G115/><T98/><D16/><U112/><E112/><V80/><F80/><W66/><G66/><T35/><D30/><U26/><E26/><V70/><F91/><W67/><G67/><T32/><D32/><U81/><E81/><V89/><F89/><W105/><G105/><T12/><D2/><U11/><E56/><V87/><F87/><W23/><G23/><T116/><D116/><U127/><E127/><V72/><F72/><W103/><G103/><T48/><D90/><U76/><E76/><N who="3" m="29290" /><G102/><T71/><D71/><U28/><E28/><V94/><F94/><W20/><G20/><T134/><D134/><U49/><E37/><V0/><F70/><W99/><G99/><N who="0" m="37931" /><D75/><U86/><E100/><V22/><F22/><W63/><G74/><T113/><D113/><U125/><E86/><V111/><F111/><W73/><G73/><T61/><D83/><U24/><E104/><V85/><F85/><W39/><G39/><T18/><D35/><U43/><E65/><N who="2" m="39071" /><F31/><W84/><G63/><T135/><D135/><U36/><E64/><V110/><F110/><W118/><G118/><T97/><N who="0" m="37939" /><T124/><DORA hai="45" /><D124/><U52/><E125/><V13/><F0/><W47/><G84/><RYUUKYOKU ba="1,0" sc="248,-10,368,-10,180,-10,204,30" hai3="3,6,10,47,51,53,93,95,128,131" /><INIT seed="7,2,0,4,2,87" ten="238,358,170,234" oya="3" hai0="16,85,132,47,107,80,68,50,66,104,48,98,51" hai1="118,124,105,13,20,27,32,113,119,110,89,92,101" hai2="9,100,15,131,7,39,120,17,84,42,134,5,35" hai3="93,94,34,86,109,115,1,117,36,59,67,11,40"/><W130/><G117/><N who="1" m="44554" /><E110/><V79/><F131/><W41/><G34/><T103/><D132/><U57/><E113/><V62/><F134/><W52/><G67/><T76/><D107/><U61/><E124/><V99/><F35/><W128/><G115/><T125/><D125/><U45/><E13/><V123/><F42/><W23/><G23/><T46/><D16/><N who="1" m="12679" /><E45/><V121/><F39/><W71/><G36/><T102/><D102/><U83/><E83/><V28/><F28/><W38/><G38/><T135/><D135/><U55/><E32/><V6/><F62/><W74/><G74/><T64/><D68/><U116/><E116/><V96/><REACH who="2" step="1"/><F100/><REACH who="2" ten="238,358,160,234" step="2"/><W30/><G41/><T114/><D114/><U56/><E101/><V24/><F24/><W19/><G30/><T65/><AGARI ba="2,1" hai="46,47,48,50,51,64,65,66,76,80,85,98,103,104" machi="65" ten="30,1100,0" yaku="0,1" doraHai="87" who="0" fromWho="0" sc="238,27,358,-5,160,-5,234,-7" owari="265,7.0,353,44.0,155,-34.0,227,-17.0" /></mjloggm>