<mjloggm ver="2.3"><GO type="169" lobby="0"/><UN n0="%E3%82%B4%E3%83%BC%E3%83%AB%E3%83%87%E3%83%B3%E3%81%B2%E3%82%88%E3%81%93" n1="%E3%83%88%E3%83%88%E3%83%AA%E5%85%88%E7%94%9F%31%39%E6%AD%B3" n2="%41%6B%6B%69%79" n3="%E3%81%98%E3%81%BF%E3%81%84%E3%81%A3%5A" dan="16,18,16,16" rate="2163.12,2288.77,2068.60,2071.83" sx="M,F,M,M"/><TAIKYOKU oya="0"/><INIT seed="0,0,0,2,4,124" ten="250,250,250,250" oya="0" hai0="84,67,106,58,50,92,10,85,73,54,52,60,111" hai1="63,119,35,99,25,27,41,102,68,0,91,32,22" hai2="36,1,8,72,29,30,62,3,21,129,28,18,81" hai3="61,6,59,94,66,114,130,46,113,57,116,16,69"/><T40/><D73/><U49/><E119/><V123/><F36/><W80/><G116/><T133/><D106/><U96/><E0/><V53/><F123/><W125/><G125/><T101/><D133/><U127/><E127/><V79/><F8/><W9/><G69/><T56/><D111/><U11/><E11/><V117/><F117/><W132/><G132/><T135/><D135/><U23/><E91/><V43/><F43/><W39/><G80/><T86/><D10/><U120/><E120/><V112/><F112/><W33/><G33/><T128/><D128/><U98/><E102/><V126/><F126/><W95/><G130/><T122/><D122/><U48/><E68/><V17/><F17/><W7/><G39/><T121/><D121/><U104/><E63/><V55/><F129/><W4/><G46/><N who="0" m="25927" /><D58/><U76/><E41/><V115/><F115/><W38/><G38/><T87/><D101/><U13/><E98/><V37/><F37/><W14/><G114/><T75/><D75/><U47/><E47/><V134/><F134/><W44/><G44/><T90/><AGARI ba="0,0" hai="52,54,56,60,67,84,85,86,87,90,92" m="25927" machi="90" ten="30,3000,0" yaku="8,1,54,1" doraHai="124" who="0" fromWho="0" sc="250,30,250,-10,250,-10,250,-10" /><INIT seed="0,1,0,3,1,115" ten="280,240,240,240" oya="0" hai0="135,45,34,103,27,130,134,17,2,56,53,36,92" hai1="126,40,43,49,101,113,85,106,87,28,23,114,95" hai2="26,14,52,42,110,54,8,3,33,121,79,39,64" hai3="98,93,120,60,112,68,57,12,62,82,55,46,117"/><T72/><D2/><U38/><E38/><V73/><F110/><W100/><G112/><N who="1" m="43114" /><E106/><V83/><F64/><W35/><G35/><T125/><D72/><U30/><E126/><V75/><F75/><W128/><G120/><T24/><D34/><U13/><E101/><V44/><F121/><W9/><G128/><T47/><D130/><U67/><E67/><V129/><F14/><W84/><G46/><N who="0" m="17419" /><D36/><U10/><E49/><V119/><F119/><W15/><G117/><T104/><D104/><U21/><E95/><V102/><F102/><W20/><G68/><T69/><D69/><U99/><E99/><V18/><F18/><W41/><G41/><N who="1" m="15946" /><E23/><V91/><F91/><W31/><G62/><N who="0" m="36111" /><D125/><U71/><E71/><V97/><F97/><W78/><G9/><T25/><D92/><U105/><E105/><V116/><F116/><W127/><G127/><T37/><D103/><U132/><E132/><N who="0" m="50729" /><D37/><U107/><E107/><V96/><F96/><W118/><G118/><T70/><D70/><U0/><E0/><V1/><F129/><W81/><G81/><T86/><D86/><N who="1" m="32779" /><E21/><AGARI ba="1,0" hai="17,21,24,25,27" m="50729,36111,17419" machi="21" ten="30,1500,0" yaku="20,1" doraHai="115" who="0" fromWho="1" sc="280,18,240,-18,240,0,240,0" /><INIT seed="0,2,0,0,1,98" ten="298,222,240,240" oya="0" hai0="96,22,78,20,59,1,26,37,25,83,54,40,17" hai1="105,57,119,42,100,86,129,130,121,82,27,68,118" hai2="56,73,13,38,75,71,80,72,19,106,81,79,109" hai3="108,99,110,131,64,77,63,12,36,85,101,35,50"/><T16/><D1/><U127/><E68/><V70/><F38/><W116/><G116/><N who="1" m="44586" /><E57/><V30/><F109/><N who="3" m="42091" /><G35/><T53/><D96/><N who="1" m="61575" /><E27/><V132/><F132/><W120/><G131/><N who="1" m="50186" /><E42/><V47/><F47/><W93/><G36/><T5/><D5/><U24/><E24/><V125/><F30/><W11/><G50/><T126/><D126/><U32/><E32/><V128/><F125/><W45/><G45/><T14/><D14/><U7/><E7/><V123/><F128/><W39/><G39/><T87/><D37/><U66/><E66/><V23/><F71/><W103/><G64/><T134/><D40/><U48/><E48/><V3/><F3/><W113/><G63/><T92/><D134/><U133/><E127/><V104/><F70/><W94/><G12/><T6/><D6/><U41/><E41/><V28/><F28/><W117/><G11/><T91/><REACH who="0" step="1"/><D59/><REACH who="0" ten="288,222,240,240" step="2"/><U18/><E133/><V52/><F123/><W84/><G120/><T89/><D89/><N who="1" m="51415" /><E18/><V43/><F43/><W33/><G117/><T107/><D107/><U114/><E121/><V111/><F111/><W2/><G2/><T88/><D88/><U44/><E44/><V61/><F106/><W69/><G69/><T97/><AGARI ba="2,1" hai="16,17,20,22,25,26,53,54,78,83,87,91,92,97" machi="97" ten="20,18000,2" yaku="1,1,0,1,7,1,9,1,8,1,54,1,53,0" doraHai="98" doraHaiUra="67" who="0" fromWho="0" sc="288,196,222,-62,240,-62,240,-62" /><INIT seed="0,3,0,0,4,131" ten="484,160,178,178" oya="0" hai0="21,113,7,105,3,83,132,119,117,37,79,40,135" hai1="29,87,81,41,102,125,133,27,58,59,68,126,20" hai2="6,103,11,0,14,34,10,129,67,92,56,77,2" hai3="9,127,36,48,50,128,8,114,30,107,91,95,35"/><T69/><D113/><U99/><E68/><V88/><F34/><W15/><G36/><T63/><D105/><U60/><E41/><V32/><F32/><W85/><G107/><T101/><D101/><U39/><E39/><V120/><F129/><W98/><G128/><T75/><D21/><U55/><E59/><V54/><F67/><W73/><G73/><T71/><D40/><U61/><E61/><V134/><F134/><N who="0" m="51242" /><D37/><U19/><E133/><V5/><F77/><W66/><G66/><N who="0" m="41183" /><D71/><U45/><E29/><V22/><F103/><W90/><G30/><T97/><D97/><U118/><E99/><V46/><F46/><W116/><G35/><T17/><D17/><U123/><E45/><V43/><F120/><W122/><G122/><T76/><D76/><U110/><E123/><V80/><F80/><W53/><G114/><T108/><D108/><U4/><E110/><V57/><F43/><W112/><G112/><T38/><D38/><U93/><E102/><V42/><F42/><W65/><G98/><T96/><D96/><U25/><E93/><V12/><F22/><W106/><G95/><T28/><D28/><U72/><E81/><V62/><F57/><W74/><G106/><T70/><D70/><U31/><E58/><V52/><F54/><W89/><G53/><T26/><D26/><U124/><E55/><V49/><F62/><W16/><G65/><T1/><D1/><U82/><E60/><V84/><AGARI ba="3,0" hai="0,2,5,6,10,11,12,14,49,52,56,84,88,92" machi="84" ten="20,8000,1" yaku="0,1,7,1,9,1,54,2" doraHai="131" who="2" fromWho="2" sc="484,-43,160,-23,178,89,178,-23" /><INIT seed="1,0,0,5,5,71" ten="441,137,267,155" oya="1" hai0="25,115,95,46,69,68,36,75,117,122,81,100,101" hai1="42,104,86,23,76,40,67,119,48,16,59,22,98" hai2="56,0,97,5,123,33,78,29,30,87,105,3,110" hai3="6,17,92,28,72,89,32,37,103,15,90,88,60"/><U51/><E119/><V50/><F123/><W43/><G72/><T107/><D117/><U118/><E118/><V128/><F128/><W1/><G60/><T34/><D115/><U53/><E67/><V8/><F110/><W2/><G6/><T130/><D95/><U82/><E23/><V62/><F3/><W54/><G54/><T109/><D101/><U13/><E104/><V134/><F134/><W132/><G132/><T120/><D109/><U61/><REACH who="1" step="1"/><E98/><REACH who="1" ten="441,127,267,155" step="2"/><V41/><F33/><W74/><G32/><T20/><D130/><U63/><E63/><V108/><F108/><W12/><G28/><N who="0" m="19727" /><D20/><U131/><E131/><V113/><F97/><W39/><G74/><T73/><D73/><U44/><E44/><V83/><F105/><W84/><G84/><T10/><D122/><U96/><E96/><V116/><F116/><W7/><G92/><T135/><D120/><U80/><E80/><V133/><F133/><W18/><G103/><T11/><D135/><U112/><E112/><V24/><F113/><W121/><G121/><T91/><D75/><U106/><E106/><V27/><F62/><W102/><G102/><T65/><D100/><U21/><E21/><V26/><F56/><W70/><G70/><N who="0" m="27243" /><D65/><U125/><E125/><V127/><F127/><W58/><G58/><T126/><D126/><U99/><E99/><V57/><F57/><W111/><G111/><T35/><D35/><U47/><E47/><N who="2" m="25967" /><F30/><W31/><G31/><T64/><D64/><U85/><E85/><V19/><F29/><W52/><G7/><T9/><D107/><U93/><E93/><RYUUKYOKU ba="0,1" sc="441,-15,127,15,267,15,155,-15" hai1="13,16,22,40,42,48,51,53,59,61,76,82,86" hai2="0,5,8,19,24,26,27,78,83,87" /><INIT seed="1,1,1,5,4,73" ten="426,142,282,140" oya="1" hai0="83,44,62,90,89,66,13,117,36,38,88,100,54" hai1="46,57,103,105,15,130,93,85,24,5,121,101,37" hai2="12,35,64,1,80,79,78,50,134,30,122,47,23" hai3="124,126,113,65,99,19,70,132,29,14,20,21,120"/><U32/><E121/><V55/><F35/><W48/><G120/><T95/><D117/><U115/><E115/><V77/><F1/><W127/><G113/><T53/><D83/><U116/><E116/><V110/><F134/><W40/><G132/><T16/><D100/><U71/><E71/><V91/><F110/><W26/><G99/><T119/><D95/><U58/><E105/><V86/><F122/><W60/><G48/><T118/><D118/><U107/><E107/><V96/><F64/><W41/><AGARI ba="1,1" hai="14,19,20,21,26,29,40,41,60,65,70,124,126,127" machi="41" ten="40,2700,0" yaku="0,1,18,1" doraHai="73" who="3" fromWho="3" sc="426,-8,142,-14,282,-8,140,40" /><INIT seed="2,0,0,3,4,56" ten="418,128,274,180" oya="2" hai0="130,112,82,31,135,11,35,4,133,16,40,36,123" hai1="107,14,77,48,106,21,90,33,49,59,99,91,88" hai2="52,1,78,89,66,25,44,20,53,134,9,67,39" hai3="109,38,117,75,93,65,70,3,128,74,12,7,102"/><V6/><F134/><N who="0" m="51210" /><D123/><U121/><E33/><V101/><F101/><W2/><G38/><T72/><D112/><U13/><E121/><V104/><F104/><W98/><G117/><T127/><D127/><U79/><E59/><V83/><F89/><W120/><G3/><T62/><D130/><U86/><E21/><V110/><F110/><W115/><G2/><T92/><D92/><U118/><E86/><V94/><F94/><W114/><G128/><T32/><D31/><U111/><E90/><V113/><F113/><W71/><G109/><T51/><D36/><U131/><E131/><V43/><F67/><W81/><G120/><T18/><D51/><U64/><E64/><V50/><F66/><W97/><G71/><T125/><D40/><U73/><E111/><V0/><F0/><W84/><G70/><T58/><D125/><U34/><E34/><N who="0" m="12841" /><D82/><U37/><E37/><V68/><F50/><W96/><G115/><T55/><D72/><U45/><E45/><V95/><F95/><W29/><G75/><T76/><D76/><U61/><E73/><N who="2" m="43471" /><F68/><W126/><G74/><T27/><D27/><U103/><E118/><V47/><F44/><W41/><G126/><T28/><D28/><AGARI ba="0,0" hai="1,6,9,20,25,28,39,43,47,52,53" m="43471" machi="28" ten="30,2900,0" yaku="25,1,54,1" doraHai="56" who="2" fromWho="0" sc="418,-29,128,0,274,29,180,0" /><INIT seed="2,1,0,2,4,117" ten="389,128,303,180" oya="2" hai0="113,61,44,124,20,99,104,123,127,29,83,75,72" hai1="58,27,62,70,102,85,66,131,132,100,118,98,39" hai2="114,25,120,95,6,81,17,21,41,49,16,57,96" hai3="26,13,59,103,10,37,80,108,64,47,135,79,50"/><V128/><F114/><W93/><G37/><T18/><D29/><U52/><E118/><V91/><F128/><W42/><G108/><T122/><D113/><U8/><E131/><V130/><F130/><W82/><G135/><T109/><D109/><U35/><E132/><V107/><F107/><W28/><G103/><N who="0" m="62591" /><D61/><U121/><E39/><V92/><F6/><W106/><G106/><T101/><D44/><U43/><E43/><V65/><F81/><W115/><G93/><T5/><D5/><U88/><E98/><V1/><F1/><W84/><G82/><T111/><D101/><U23/><E35/><V34/><F34/><W30/><G26/><N who="0" m="14615" /><D111/><U112/><E112/><V89/><F120/><N who="0" m="46122" /><D83/><N who="1" m="49215" /><E70/><V60/><F49/><W126/><G115/><T76/><D76/><U15/><E66/><V2/><F2/><W4/><G30/><T69/><D69/><U32/><E32/><V90/><F41/><W33/><G28/><T74/><D74/><U9/><E121/><V55/><F65/><W12/><G33/><T48/><D48/><U110/><E8/><V53/><F53/><W11/><G64/><T97/><D97/><U36/><E36/><V14/><F92/><W63/><G63/><T105/><D105/><U129/><E110/><V40/><F40/><W87/><G42/><T86/><D86/><U19/><E129/><V125/><F90/><W46/><G84/><T56/><D56/><U119/><E119/><V24/><F91/><W22/><G87/><T94/><D94/><U116/><E116/><V3/><F95/><W73/><G73/><T7/><D7/><AGARI ba="1,0" hai="7,9,15,19,23,27,52,58,62,100,102" m="49215" machi="7" ten="30,7700,0" yaku="6,1,8,1,54,2" doraHai="117" who="1" fromWho="0" sc="389,-80,128,80,303,0,180,0" /><INIT seed="3,0,0,4,3,91" ten="309,208,303,180" oya="3" hai0="89,5,7,109,45,128,22,76,103,1,26,9,84" hai1="129,25,2,65,74,127,82,117,124,87,69,48,6" hai2="88,98,93,57,68,119,92,116,35,40,61,95,108" hai3="132,50,94,66,77,44,96,18,90,120,4,115,107"/><W39/><G120/><T123/><D123/><U133/><E74/><V55/><F68/><W59/><G115/><T58/><D7/><U79/><E129/><V13/><F35/><W72/><G39/><T99/><D128/><U70/><E133/><V121/><F121/><W125/><G132/><T104/><D109/><U85/><E117/><V86/><F108/><W105/><G125/><N who="1" m="48202" /><E65/><V49/><F119/><W64/><G4/><T83/><D45/><U63/><E63/><V42/><F116/><W11/><G72/><T14/><D58/><U53/><E85/><V60/><F13/><W27/><G77/><T54/><D54/><U33/><E33/><V30/><F30/><W80/><G80/><T20/><D1/><U110/><E25/><V10/><F10/><W78/><G78/><T37/><D37/><U126/><E110/><V62/><F93/><W101/><G59/><T0/><D0/><U75/><E75/><V32/><F32/><W111/><G111/><T130/><D130/><U97/><E97/><V71/><F71/><W43/><G107/><T134/><D134/><U41/><E41/><V52/><REACH who="2" step="1"/><F55/><REACH who="2" ten="309,208,293,180" step="2"/><W100/><G11/><T81/><D26/><U113/><E126/><V131/><F131/><W67/><G105/><T46/><D22/><AGARI ba="0,1" hai="18,22,27,43,44,50,64,66,67,90,94,96,100,101" machi="22" ten="40,3900,0" yaku="8,1,52,1" doraHai="91" who="3" fromWho="0" sc="309,-39,208,0,293,0,180,49" /><INIT seed="3,1,0,3,5,57" ten="270,208,293,229" oya="3" hai0="27,53,4,43,38,2,44,132,84,107,96,31,18" hai1="93,72,80,19,127,70,47,29,7,81,59,62,54" hai2="114,33,15,83,79,28,45,40,69,56,118,85,128" hai3="1,63,37,71,109,55,113,58,94,46,65,5,36"/><W73/><G73/><T42/><D132/><U89/><E127/><V122/><F69/><W105/><G105/><T102/><D18/><U9/><E72/><V68/><F68/><W124/><G1/><T134/><D134/><U23/><E70/><V110/><F118/><W52/><G5/><T91/><D43/><U117/><E29/><V22/><F114/><W61/><G94/><T67/><D53/><U103/><E103/><V97/><F33/><W51/><G113/><T130/><D130/><U21/><E47/><V99/><F110/><W10/><G10/><T78/><D78/><U86/><E117/><V131/><F122/><W101/><G101/><T50/><D67/><U11/><E21/><V82/><F82/><W120/><G120/><T30/><D38/><N who="3" m="14953" /><G109/><T26/><D26/><U12/><REACH who="1" step="1"/><E9/><REACH who="1" ten="270,198,293,229" step="2"/><V116/><F116/><W66/><G124/><T87/><D31/><U3/><AGARI ba="1,1" hai="3,7,11,12,19,23,54,59,62,80,81,86,89,93" machi="3" ten="20,8000,1" yaku="1,1,2,1,0,1,7,1,52,1,53,0" doraHai="57" doraHaiUra="115" who="1" fromWho="1" sc="270,-21,198,93,293,-21,229,-41" /><INIT seed="4,0,0,0,2,116" ten="249,291,272,188" oya="0" hai0="128,111,98,25,73,39,67,7,113,38,106,79,87" hai1="115,3,89,49,10,82,32,109,30,68,56,52,6" hai2="96,81,134,88,64,66,95,78,112,126,0,18,107" hai3="69,131,59,104,91,20,8,34,103,1,43,51,80"/><T100/><D113/><U21/><E109/><V31/><F0/><W85/><G34/><T54/><D111/><U15/><E68/><V42/><F112/><W9/><G69/><T70/><D128/><U65/><E115/><V75/><F31/><W72/><G131/><T19/><D7/><U26/><E65/><V22/><F134/><W62/><G72/><T117/><D117/><U124/><E124/><V122/><F122/><W119/><G119/><T48/><D73/><U55/><E55/><V114/><F114/><W110/><G110/><T33/><D79/><U83/><E89/><V108/><F108/><W61/><G61/><N who="0" m="40303" /><D19/><AGARI ba="0,0" hai="3,6,10,15,19,21,26,30,32,49,52,56,82,83" machi="19" ten="40,5200,0" yaku="24,2,54,1" doraHai="116" who="1" fromWho="0" sc="249,-52,291,52,272,0,188,0" /><INIT seed="5,0,0,5,1,38" ten="197,343,272,188" oya="1" hai0="28,99,107,63,88,7,120,25,118,22,85,12,5" hai1="103,125,89,80,9,92,35,75,23,76,29,11,87" hai2="13,55,73,117,45,71,36,111,79,20,65,127,106" hai3="82,123,66,109,132,44,15,133,100,130,72,40,90"/><U26/><E125/><V37/><F20/><W60/><G123/><T41/><D120/><U121/><E121/><V112/><F13/><W101/><G109/><T62/><D118/><U104/><REACH who="1" step="1"/><E35/><REACH who="1" ten="197,333,272,188" step="2"/><V114/><F127/><W115/><G133/><T43/><D107/><U59/><E59/><V34/><F106/><W19/><G132/><T116/><D116/><U0/><E0/><V96/><F34/><W10/><G130/><T61/><D99/><AGARI ba="0,1" hai="9,11,23,26,29,75,76,80,87,89,92,99,103,104" machi="99" ten="40,7700,0" yaku="1,1,24,2,53,0" doraHai="38" doraHaiUra="131" who="1" fromWho="0" sc="197,-77,333,87,272,0,188,0" /><INIT seed="5,1,0,1,2,114" ten="120,420,272,188" oya="1" hai0="47,101,77,95,44,70,78,126,49,50,9,0,17" hai1="54,46,125,115,71,122,127,30,102,13,89,74,117" hai2="105,123,132,98,7,66,36,29,28,68,14,75,73" hai3="87,6,60,92,11,135,5,4,18,55,27,134,79"/><U19/><E122/><V76/><F36/><W108/><G108/><T81/><D70/><U107/><E71/><V43/><F123/><W86/><G79/><T110/><D110/><U24/><E74/><V111/><F43/><W85/><G92/><T59/><D126/><N who="1" m="48139" /><E115/><V106/><F132/><N who="3" m="50731" /><G55/><T31/><D31/><U51/><E89/><V67/><F14/><N who="3" m="7519" /><G60/><T22/><D0/><U72/><E72/><V52/><F7/><W61/><G61/><T33/><D9/><N who="1" m="6575" /><E102/><V39/><F39/><W21/><G4/><T104/><D104/><U69/><E107/><V12/><F111/><W112/><G112/><T96/><D33/><N who="1" m="20679" /><E69/><V8/><F68/><W37/><G37/><T128/><D128/><U103/><E103/><V121/><F121/><W57/><G57/><T10/><D10/><U3/><E3/><V58/><F75/><W38/><G38/><T118/><D59/><U1/><E1/><V48/><F105/><W124/><G124/><T133/><D133/><U25/><E25/><V2/><F2/><W32/><G32/><T56/><D56/><U99/><E99/><V45/><F73/><W41/><G41/><N who="0" m="24719" /><D78/><U113/><E113/><V93/><F76/><W120/><G120/><T109/><D77/><U63/><E63/><V82/><F106/><W26/><G26/><N who="0" m="14671" /><D109/><U91/><E91/><N who="2" m="55615" /><F82/><W84/><N who="3" m="22016" /><DORA hai="83" /><W100/><G100/><T94/><D81/><U15/><E15/><V62/><F67/><W119/><G27/><T65/><D95/><U80/><E80/><V20/><F8/><W40/><G21/><T90/><D65/><U88/><E88/><RYUUKYOKU ba="1,0" sc="120,-15,420,15,272,15,188,-15" hai1="46,51,54,117" hai2="12,20,28,29,45,48,52,58,62,66" /><INIT seed="5,2,0,2,5,96" ten="105,435,287,173" oya="1" hai0="55,11,77,56,66,135,97,127,30,3,37,134,108" hai1="105,13,0,107,5,86,101,72,111,45,54,118,44" hai2="24,15,43,119,75,58,17,38,104,79,2,61,132" hai3="51,12,129,57,40,63,59,22,84,65,85,68,4"/><U128/><E118/><V47/><F132/><W130/><G68/><T20/><D108/><U133/><E72/><V81/><F119/><W114/><G114/><T18/><D37/><U100/><E0/><V32/><F104/><W7/><G22/><T49/><D127/><U1/><E1/><V88/><F2/><W116/><G116/><T36/><D36/><U52/><E133/><V50/><F38/><W80/><G57/><T29/><D77/><U62/><E128/><N who="3" m="49258" /><G12/><T70/><D30/><U33/><E33/><V64/><F24/><W23/><G23/><T126/><D126/><U95/><E111/><V39/><F39/><W109/><G85/><T25/><D70/><U21/><E107/><V117/><F117/><W19/><G19/><T42/><D66/><U67/><E105/><V124/><F124/><W6/><G109/><T8/><D42/><U94/><E67/><V76/><F32/><W113/><G113/><T31/><D135/><U122/><E122/><V110/><F110/><W102/><G102/><N who="1" m="39530" /><E86/><N who="2" m="50255" /><F75/><W106/><G106/><T87/><D134/><U69/><E69/><V89/><F89/><W53/><G84/><T78/><D97/><U28/><E28/><N who="0" m="10825" /><D3/><U120/><E120/><V121/><F121/><W115/><G115/><T46/><D87/><U14/><E14/><V27/><F27/><W74/><G74/><T98/><D98/><U90/><E90/><V92/><F92/><N who="1" m="35369" /><E13/><V71/><F71/><W99/><G99/><T16/><D78/><U83/><E83/><V41/><F41/><W93/><G40/><N who="0" m="24775" /><D18/><U123/><E123/><V131/><F131/><RYUUKYOKU ba="2,0" sc="105,15,435,-15,287,15,173,-15" hai0="8,11,16,20,25,55,56" hai2="15,17,43,47,50,58,61,64,76,79" /><INIT seed="6,3,0,2,4,9" ten="120,420,302,158" oya="2" hai0="77,16,94,51,133,8,44,66,127,108,71,91,98" hai1="43,23,5,52,78,7,80,17,124,24,88,135,123" hai2="2,117,122,32,102,93,33,113,87,19,26,128,55" hai3="79,82,47,126,61,89,60,27,54,103,131,39,107"/><V70/><F2/><W69/><G107/><T101/><D108/><U15/><E135/><V53/><F70/><W38/><G103/><T20/><D133/><U56/><E124/><V6/><F117/><W3/><G3/><T109/><D127/><U104/><E104/><V21/><F6/><W36/><G89/><T114/><D109/><U49/><E123/><V46/><F122/><W28/><G69/><T18/><D114/><U130/><E130/><V85/><F113/><W83/><G82/><T86/><D77/><U99/><E43/><V120/><F33/><W64/><G64/><T134/><D134/><U121/><E121/><V84/><F32/><W132/><G132/><T68/><D8/><N who="1" m="6375" /><E78/><V125/><F125/><W57/><G131/><T95/><D18/><N who="1" m="12407" /><E99/><V22/><F128/><W42/><G39/><T13/><REACH who="0" step="1"/><D66/><REACH who="0" ten="110,420,302,158" step="2"/><U119/><E119/><V11/><F120/><W63/><G126/><T110/><D110/><U31/><E31/><V105/><F11/><W0/><G28/><T12/><D12/><U74/><E74/><V97/><F105/><W50/><G0/><T106/><D106/><U58/><E7/><V14/><F46/><W41/><G27/><T34/><D34/><U115/><E115/><V1/><F1/><W76/><G76/><T118/><D118/><U48/><E5/><V62/><F62/><W96/><G63/><T45/><D45/><N who="1" m="27663" /><E49/><V116/><F116/><W112/><G112/><T75/><D75/><U30/><E30/><AGARI ba="3,1" hai="14,19,21,22,26,30,53,55,84,85,87,93,97,102" machi="30" ten="40,3900,0" yaku="8,1,52,1" doraHai="9" who="2" fromWho="1" sc="110,0,420,-48,302,58,158,0" /><INIT seed="6,4,0,4,0,17" ten="110,372,360,158" oya="2" hai0="15,56,98,118,123,103,0,39,110,72,85,59,134" hai1="18,3,27,20,28,45,99,54,35,119,7,6,71" hai2="62,104,91,65,38,100,106,41,127,80,70,23,16" hai3="4,44,40,63,36,90,131,93,67,26,10,79,25"/><V9/><F127/><W116/><G79/><T74/><D123/><U129/><E119/><V34/><F34/><W132/><G116/><T124/><D118/><U126/><E71/><V49/><F38/><W133/><G131/><T86/><D110/><U115/><E129/><V30/><F30/><W94/><G94/><T58/><D124/><U5/><E126/><V22/><F100/><W95/><G95/><T12/><D0/><U47/><E115/><V111/><F111/><W87/><G133/><T66/><D134/><U122/><E122/><V77/><F91/><W112/><G112/><T96/><D39/><U57/><E3/><V29/><F29/><W75/><G75/><T46/><D46/><U2/><E2/><V89/><F89/><W130/><G130/><T13/><D66/><U11/><E99/><N who="0" m="37929" /><D103/><U51/><REACH who="1" step="1"/><E11/><REACH who="1" ten="110,362,360,158" step="2"/><V128/><F128/><W61/><G132/><T84/><AGARI ba="4,1" hai="12,13,15,56,58,59,72,74,84,85,86" m="37929" machi="84" ten="40,8000,1" yaku="29,2,28,2" doraHai="17" who="0" fromWho="0" sc="110,102,362,-24,360,-44,158,-24" /><INIT seed="7,0,0,5,1,83" ten="212,338,316,134" oya="3" hai0="81,15,16,118,13,3,96,37,127,33,130,71,76" hai1="117,82,104,94,42,123,39,24,22,25,56,54,49" hai2="126,97,57,134,86,75,106,43,62,58,73,2,74" hai3="6,29,36,41,80,63,95,48,53,68,64,1,103"/><W45/><G29/><T108/><D15/><U27/><E123/><V87/><F2/><W79/><G103/><T55/><D96/><U18/><E104/><V52/><F43/><W34/><G34/><T131/><D55/><U121/><E121/><V70/><F70/><W40/><G95/><T129/><D3/><U77/><E117/><V12/><F126/><W21/><G21/><T115/><D33/><U59/><E39/><V135/><F12/><W109/><G109/><T99/><D108/><U19/><E42/><V122/><F122/><W100/><G100/><T128/><D128/><U9/><E94/><V114/><F114/><W31/><G31/><T69/><D99/><U91/><E91/><V65/><F97/><W7/><G1/><T133/><D115/><U10/><E56/><V0/><F0/><W67/><G67/><T124/><D118/><U17/><REACH who="1" step="1"/><E22/><REACH who="1" ten="212,328,316,134" step="2"/><V116/><F116/><W23/><G23/><N who="0" m="11663" /><D37/><U98/><E98/><V102/><F102/><W32/><G32/><T72/><D133/><N who="2" m="50698" /><F106/><W120/><G120/><T66/><D66/><U61/><E61/><AGARI ba="0,1" hai="52,57,58,61,62,65,73,74,75,86,87" m="50698" machi="61" ten="40,8000,1" yaku="20,1,52,2,54,1" doraHai="83" who="2" fromWho="1" sc="212,0,328,-80,316,90,134,0" owari="212,-19.0,248,5.0,406,51.0,134,-37.0" /></mjloggm>