<mjloggm ver="2.3"><GO type="169" lobby="0"/><UN n0="%7A%65%6C%64%65%6E" n1="%E3%82%A6%E3%83%AB%E3%83%88%E3%83%A9%E7%AB%8B%E7%9B%B4" n2="%74%65%6E%31%39%38%32" n3="%E3%83%96%E3%83%AB%E3%83%96%E3%83%AB%E3%83%8F%E3%83%BC%E3%83%84" dan="16,18,17,17" rate="2106.74,2220.81,2196.61,2196.72" sx="M,M,M,M"/><TAIKYOKU oya="0"/><INIT seed="0,0,0,5,2,67" ten="250,250,250,250" oya="0" hai0="11,110,60,53,107,104,35,106,17,108,45,36,21" hai1="93,124,69,97,119,49,114,6,83,32,70,65,52" hai2="127,40,42,46,3,15,86,128,19,111,28,84,34" hai3="26,38,109,102,4,24,29,8,59,118,129,9,37"/><T80/><D35/><U132/><E119/><V75/><F75/><W64/><G118/><T48/><D36/><U12/><E32/><V98/><F3/><W131/><G109/><N who="0" m="42091" /><D80/><U30/><E30/><V20/><F111/><W51/><G102/><T66/><D11/><N who="1" m="4215" /><E65/><V18/><F128/><N who="3" m="49227" /><G24/><N who="0" m="14383" /><D107/><U133/><E83/><V43/><F127/><W14/><G8/><T56/><AGARI ba="0,0" hai="45,48,53,56,60,66,104,106" m="14383,42091" machi="56" ten="30,3000,0" yaku="14,1,10,1" doraHai="67" who="0" fromWho="0" sc="250,30,250,-10,250,-10,250,-10" /><INIT seed="0,1,0,3,1,2" ten="280,240,240,240" oya="0" hai0="58,18,0,124,133,88,24,22,100,108,19,95,36" hai1="57,41,83,65,59,85,134,92,8,89,93,123,29" hai2="45,71,32,44,30,37,73,14,86,99,12,9,33" hai3="60,106,63,13,81,131,11,31,110,23,121,116,70"/><T1/><D36/><U62/><E123/><V35/><F73/><W130/><G116/><T94/><D124/><U47/><E134/><V40/><F71/><W15/><G106/><T21/><D133/><U64/><E29/><V98/><F30/><W46/><G121/><T129/><D129/><N who="3" m="49161" /><G110/><T103/><D108/><U114/><E114/><V80/><F45/><W118/><G118/><T5/><D58/><U20/><E20/><V49/><F37/><W4/><G70/><T51/><D51/><U78/><E8/><V96/><REACH who="2" step="1"/><F9/><REACH who="2" ten="280,240,230,240" step="2"/><N who="3" m="4263" /><G46/><T72/><D72/><U50/><REACH who="1" step="1"/><E78/><AGARI ba="1,1" hai="12,14,32,33,35,40,44,49,78,80,86,96,98,99" machi="78" ten="50,3200,0" yaku="1,1,53,1" doraHai="2" doraHaiUra="75" who="2" fromWho="1" sc="280,0,240,-35,230,45,240,0" /><INIT seed="1,0,0,2,2,17" ten="280,205,275,240" oya="1" hai0="41,27,67,132,76,122,93,73,80,35,23,60,109" hai1="102,89,20,107,78,111,94,113,49,84,0,32,43" hai2="91,112,128,71,46,129,2,123,9,51,24,131,10" hai3="77,75,120,21,88,69,99,14,29,65,26,124,52"/><U16/><E32/><V70/><F123/><W63/><G120/><T11/><D122/><U7/><E113/><V133/><F112/><W66/><G124/><T8/><D109/><U36/><E111/><V119/><F119/><W96/><G75/><T57/><D132/><U18/><E36/><V121/><F121/><W61/><G77/><T39/><D35/><U74/><E7/><N who="2" m="1271" /><F133/><W31/><G31/><T105/><D105/><U56/><E0/><V5/><F91/><W3/><G3/><T134/><D134/><U44/><E56/><V38/><F24/><W12/><G52/><T101/><D41/><U30/><E30/><V90/><F90/><W81/><G96/><N who="0" m="59535" /><D39/><U100/><E107/><V82/><F82/><W115/><G115/><T64/><D64/><U15/><REACH who="1" step="1"/><E18/><REACH who="1" ten="280,195,275,240" step="2"/><V104/><F104/><W40/><G69/><T106/><D106/><U135/><E135/><V47/><F38/><W6/><G6/><T4/><D4/><U28/><E28/><AGARI ba="0,1" hai="8,11,23,27,28,57,60,67,73,76,80" m="59535" machi="28" ten="30,2000,0" yaku="25,1,52,1" doraHai="17" who="0" fromWho="1" sc="280,30,195,-20,275,0,240,0" /><INIT seed="2,0,0,3,3,119" ten="310,175,275,240" oya="2" hai0="83,43,70,112,75,2,117,50,74,99,116,72,68" hai1="135,123,49,14,4,103,109,40,13,96,132,125,80" hai2="21,41,12,48,8,6,25,105,20,87,38,130,88" hai3="107,86,102,84,9,131,7,60,47,92,39,29,15"/><V129/><F105/><W65/><G107/><T19/><D112/><U97/><E109/><V61/><F38/><W101/><G131/><N who="2" m="50185" /><F61/><W59/><G29/><T37/><D2/><U67/><E67/><V10/><F10/><W133/><G133/><N who="1" m="51274" /><E125/><V46/><F25/><W66/><G66/><T53/><D19/><U63/><E63/><V121/><F121/><W55/><G39/><T115/><D115/><U73/><E4/><V22/><F22/><W120/><G120/><T90/><D43/><U23/><E23/><V122/><F122/><W54/><G54/><T11/><D11/><U124/><E124/><V32/><F32/><W85/><REACH who="3" step="1"/><G92/><AGARI ba="0,0" hai="6,8,12,20,21,41,46,48,87,88,92" m="50185" machi="92" ten="30,2900,0" yaku="19,1,54,1" doraHai="119" who="2" fromWho="3" sc="310,0,175,0,275,29,240,-29" /><INIT seed="2,1,0,4,5,53" ten="310,175,304,211" oya="2" hai0="133,73,54,108,76,44,81,19,5,104,131,35,72" hai1="24,40,96,116,51,45,47,46,109,16,126,32,125" hai2="128,38,56,78,92,2,77,41,87,39,50,7,110" hai3="3,118,25,111,124,0,37,120,130,48,98,113,90"/><V134/><F128/><W58/><G37/><T59/><D131/><U9/><E116/><V49/><F134/><W23/><G118/><T101/><D133/><U94/><E109/><V67/><F7/><W115/><G120/><T60/><D108/><U68/><E68/><V33/><F33/><W105/><G124/><N who="1" m="47722" /><E32/><V65/><F2/><W121/><G121/><T86/><D35/><U89/><E9/><V22/><F22/><AGARI ba="1,0" hai="16,22,24,40,45,46,47,51,89,94,96" m="47722" machi="22" ten="30,2000,0" yaku="18,1,54,1" doraHai="53" who="1" fromWho="2" sc="310,0,175,23,304,-23,211,0" /><INIT seed="3,0,0,5,1,108" ten="310,198,281,211" oya="3" hai0="128,73,68,126,71,55,130,62,124,57,103,21,38" hai1="56,51,5,63,6,94,133,77,15,66,65,98,58" hai2="35,20,16,50,74,102,3,10,131,30,64,78,23" hai3="43,17,107,88,112,109,115,52,13,46,40,49,4"/><W135/><G107/><T54/><D73/><U99/><E133/><V31/><F131/><N who="0" m="50218" /><D103/><U61/><E77/><V45/><F102/><W116/><G116/><T119/><D21/><U59/><E15/><V0/><F64/><W34/><G34/><T83/><D83/><U42/><E58/><V69/><F69/><N who="0" m="26698" /><D119/><U36/><E36/><V127/><F127/><N who="0" m="48682" /><D38/><U104/><E104/><V25/><F78/><W76/><G76/><T85/><D85/><U11/><E11/><V96/><F96/><W2/><G109/><T90/><D90/><U113/><E98/><V33/><F74/><W79/><G79/><T122/><D122/><U22/><E22/><V48/><F10/><W121/><G121/><T120/><D120/><U75/><E75/><V101/><F101/><W93/><G4/><T95/><D95/><U123/><E123/><V70/><F70/><W132/><G2/><T72/><D72/><U1/><E1/><V60/><F25/><W41/><G13/><T29/><D29/><U27/><E94/><V44/><F16/><W89/><G17/><T92/><D92/><U91/><E27/><V67/><F3/><W118/><G118/><T111/><D111/><U84/><E5/><V81/><F81/><W129/><G129/><T117/><D117/><U100/><E6/><V26/><F0/><W47/><G89/><T105/><D105/><U24/><E24/><V19/><F19/><W37/><G37/><T8/><D8/><U80/><E100/><V106/><F106/><W87/><G47/><T114/><D114/><N who="3" m="43561" /><G93/><T125/><N who="0" m="48690" /><T7/><DORA hai="18" /><D7/><RYUUKYOKU ba="0,0" sc="310,15,198,-15,281,-15,211,15" hai0="54,55,57,62" hai3="40,41,43,46,49,52,87,88,132,135" /><INIT seed="3,1,0,4,3,47" ten="325,183,266,226" oya="3" hai0="59,41,0,13,87,98,26,15,97,96,123,78,118" hai1="131,28,116,45,77,74,36,33,67,62,2,70,18" hai2="85,5,66,130,135,27,117,86,129,46,120,133,17" hai3="126,68,21,125,8,60,7,103,43,84,56,76,100"/><W31/><G68/><T79/><D0/><U6/><E18/><V121/><F117/><W115/><G115/><T14/><D118/><U72/><E116/><V64/><F5/><W94/><G43/><T110/><D123/><N who="2" m="47178" /><F17/><W16/><G31/><T122/><D122/><U80/><E131/><N who="2" m="50187" /><F27/><W57/><G57/><T83/><D110/><U128/><E128/><V37/><F37/><W105/><G105/><T51/><D26/><N who="1" m="18583" /><E74/><V55/><F55/><W106/><G106/><T101/><D79/><U38/><E45/><V42/><F42/><W93/><G76/><T50/><D101/><N who="3" m="38985" /><G84/><N who="2" m="32361" /><F46/><W81/><G81/><T49/><D41/><U48/><E48/><V112/><F112/><W107/><G8/><AGARI ba="1,0" hai="2,6,8,36,38,62,67,70,72,77,80" m="18583" machi="8" ten="30,2000,0" yaku="33,2" doraHai="47" who="1" fromWho="3" sc="325,0,183,23,266,0,226,-23" /><INIT seed="4,0,0,2,1,73" ten="325,206,266,203" oya="0" hai0="93,112,119,135,47,24,15,60,111,8,19,114,89" hai1="30,35,63,105,17,107,12,36,110,128,62,3,86" hai2="109,9,27,81,102,106,123,65,108,41,22,32,54" hai3="91,90,40,46,100,88,115,5,79,70,29,83,56"/><T82/><D119/><U51/><E110/><V94/><F123/><W13/><G70/><T117/><D117/><U6/><E36/><V77/><F32/><W11/><G115/><T92/><D111/><U0/><E128/><V45/><F106/><W132/><G132/><T101/><D135/><U74/><E74/><V133/><F65/><W98/><G29/><T34/><D60/><U7/><E51/><V125/><F125/><W14/><G56/><T124/><D124/><U52/><E86/><V33/><F33/><W127/><G14/><T66/><D66/><U49/><E107/><V53/><F9/><W59/><G59/><T1/><D1/><U26/><E105/><V25/><F25/><W31/><G31/><T95/><D101/><U103/><E103/><V58/><F133/><W43/><G127/><T129/><D129/><U4/><E0/><V71/><F71/><W104/><REACH who="3" step="1"/><G46/><REACH who="3" ten="325,206,266,193" step="2"/><T116/><D47/><U39/><E3/><V78/><F58/><W80/><G80/><T99/><D82/><U130/><E130/><V38/><F81/><W37/><G37/><T44/><D44/><U10/><REACH who="1" step="1"/><E39/><REACH who="1" ten="325,196,266,193" step="2"/><V23/><F38/><W67/><G67/><T21/><D114/><U48/><E48/><V68/><F108/><W69/><G69/><T64/><D112/><U72/><E72/><AGARI ba="0,2" hai="5,11,13,40,43,72,79,83,88,90,91,98,100,104" machi="72" ten="40,5200,0" yaku="1,1,52,1,54,1,53,0" doraHai="73" doraHaiUra="50" who="3" fromWho="1" sc="325,0,196,-52,266,0,193,72" /><INIT seed="5,0,0,1,3,92" ten="325,144,266,265" oya="1" hai0="77,101,108,89,84,105,24,13,123,74,133,87,36" hai1="3,106,44,104,7,16,62,23,4,11,33,69,109" hai2="45,38,79,120,78,59,132,10,96,42,43,102,20" hai3="12,18,117,113,131,125,15,47,91,63,8,22,56"/><U2/><E109/><V55/><F120/><W86/><G113/><T28/><D36/><U85/><E33/><V134/><F42/><W83/><G125/><T129/><D108/><U122/><E122/><V39/><F20/><W67/><G131/><T49/><D123/><U17/><E44/><V76/><F10/><W51/><G117/><T41/><D133/><N who="2" m="51306" /><F39/><W127/><G127/><T119/><D13/><U118/><E118/><V50/><F78/><W115/><G115/><T57/><D87/><U30/><E30/><V1/><F1/><W0/><G0/><T34/><D129/><U99/><E85/><V60/><F60/><W73/><G73/><T46/><D57/><U37/><E37/><V64/><F64/><W82/><G82/><T88/><D74/><U21/><E62/><V94/><AGARI ba="0,0" hai="38,43,45,50,55,59,76,79,94,96,102" m="51306" machi="94" ten="30,2000,0" yaku="20,1,52,1" doraHai="92" who="2" fromWho="2" sc="325,-5,144,-10,266,20,265,-5" /><INIT seed="6,0,0,4,0,61" ten="320,134,286,260" oya="2" hai0="125,47,3,40,121,57,86,42,37,24,77,4,117" hai1="32,98,51,20,21,124,90,53,26,81,118,76,89" hai2="49,41,1,83,27,115,66,75,71,55,108,45,119" hai3="85,84,82,122,33,102,72,58,67,107,127,123,91"/><V38/><F119/><W11/><G33/><T5/><D121/><U105/><E124/><V70/><F115/><W133/><G127/><T113/><D125/><U79/><E118/><V35/><F108/><W131/><G131/><T62/><D117/><U100/><E32/><V17/><F1/><W2/><G133/><T46/><D113/><U18/><E20/><V114/><F114/><W10/><G10/><T88/><D77/><U97/><E97/><V130/><F130/><W12/><G2/><T8/><D24/><U31/><E31/><V6/><F6/><W30/><G30/><T29/><D29/><U43/><E43/><V7/><F7/><W110/><G110/><T15/><D42/><U14/><E26/><V16/><F35/><W54/><G72/><T116/><D46/><U126/><E126/><V93/><F93/><W101/><G107/><T68/><D68/><U9/><E21/><V60/><F71/><W0/><G0/><T94/><D116/><U128/><E128/><V22/><F83/><W44/><G12/><T28/><D28/><U63/><E63/><V120/><F75/><W134/><G134/><T59/><D62/><U74/><REACH who="1" step="1"/><E79/><REACH who="1" ten="320,124,286,260" step="2"/><V95/><F120/><W103/><G122/><T13/><D3/><U56/><AGARI ba="0,1" hai="9,14,18,51,53,56,74,76,81,89,90,98,100,105" machi="56" ten="20,5200,0" yaku="1,1,2,1,0,1,7,1,53,0" doraHai="61" doraHaiUra="135" who="1" fromWho="1" sc="320,-13,124,62,286,-26,260,-13" /><INIT seed="7,0,0,5,2,49" ten="307,186,260,247" oya="3" hai0="94,13,108,3,53,123,59,23,76,32,71,33,119" hai1="84,126,58,40,79,1,103,17,115,77,75,97,19" hai2="125,31,39,15,73,12,113,134,74,50,64,135,36" hai3="69,2,117,85,54,21,86,100,22,92,130,55,27"/><W106/><G117/><T102/><D3/><U35/><E115/><V101/><F113/><W112/><G2/><T44/><D71/><U105/><E126/><V41/><F125/><W93/><G69/><T78/><D123/><U67/><E35/><V120/><F120/><W25/><G112/><T116/><D108/><U124/><E124/><V5/><F64/><W34/><G106/><T80/><D33/><U14/><E1/><V72/><F31/><W7/><G7/><T118/><D32/><U9/><E75/><V46/><F101/><W95/><G34/><T0/><D0/><U6/><E40/><V127/><F127/><W43/><G43/><T104/><D44/><U89/><E67/><V129/><F129/><W82/><G100/><T114/><D104/><U121/><E121/><V131/><F131/><W52/><G130/><T20/><D114/><U68/><E68/><V83/><F83/><W42/><G42/><T45/><D45/><U90/><E58/><V128/><F128/><W26/><G85/><T81/><D13/><N who="2" m="5194" /><F5/><W28/><G28/><T111/><D111/><U37/><E37/><V24/><F24/><W91/><AGARI ba="0,0" hai="21,22,25,26,27,52,54,55,82,86,91,92,93,95" machi="91" ten="40,24000,3" yaku="0,1,29,2,8,1,52,3,54,1" doraHai="49" who="3" fromWho="3" sc="307,-80,186,-80,260,-80,247,240" owari="227,3.0,106,-39.0,180,-22.0,487,58.0" /></mjloggm>