<mjloggm ver="2.3"><GO type="169" lobby="0"/><UN n0="%72%61%74%74%61%74%74%61" n1="%E3%81%BF%E3%83%BC%E3%82%8B" n2="%E3%83%88%E3%83%88%E3%83%AA%E5%85%88%E7%94%9F%31%39%E6%AD%B3" n3="%64%6F%75%6D%6F%6B%75%6E" dan="16,16,18,16" rate="2132.06,2093.57,2294.12,2163.15" sx="M,F,F,M"/><TAIKYOKU oya="0"/><INIT seed="0,0,0,5,5,104" ten="250,250,250,250" oya="0" hai0="50,55,119,47,60,121,10,3,124,109,91,77,25" hai1="93,125,134,24,7,99,128,17,75,15,31,69,13" hai2="4,123,118,76,61,5,87,116,45,66,46,84,105" hai3="42,88,44,62,81,65,54,43,133,68,73,59,86"/><T33/><D119/><N who="2" m="45610" /><F105/><W18/><G133/><T21/><D33/><U39/><E134/><V106/><F106/><W80/><G18/><T49/><D121/><U22/><E39/><V14/><F123/><W71/><G42/><T40/><D124/><U82/><E125/><V32/><F32/><W26/><G26/><T6/><D109/><U126/><E126/><V95/><F95/><W2/><G2/><T35/><D35/><U41/><E69/><V112/><F112/><W83/><G73/><T131/><D77/><U38/><E7/><N who="2" m="2635" /><F14/><W120/><G120/><T27/><D131/><U78/><E128/><V129/><F76/><W89/><G89/><T70/><D91/><U11/><E38/><V92/><F92/><W56/><G56/><T16/><D27/><U1/><E41/><V12/><F12/><W58/><G58/><T57/><REACH who="0" step="1"/><D70/><REACH who="0" ten="240,250,250,250" step="2"/><U30/><E1/><V113/><F129/><W90/><G90/><T108/><D108/><U97/><E24/><V117/><F117/><W51/><REACH who="3" step="1"/><G71/><REACH who="3" ten="240,250,250,240" step="2"/><T20/><D20/><U102/><E22/><V115/><F113/><W114/><G114/><T107/><D107/><BYE who="0" /><U36/><E78/><V29/><F29/><W130/><G130/><T72/><D72/><U0/><E31/><V103/><F115/><W8/><G8/><T135/><D135/><U28/><E30/><V110/><F110/><W34/><G34/><T98/><D98/><U48/><E28/><V23/><F23/><W52/><G52/><T9/><D9/><U100/><E11/><UN n0="%72%61%74%74%61%74%74%61" /><V111/><F111/><W37/><AGARI ba="0,2" hai="37,43,44,51,54,59,62,65,68,80,81,83,86,88" machi="37" ten="20,12000,2" yaku="1,1,0,1,7,1,24,2,54,1,53,1" doraHai="104" doraHaiUra="67" who="3" fromWho="3" sc="240,-60,250,-30,250,-30,240,140" /><INIT seed="1,0,0,0,0,61" ten="180,220,220,380" oya="1" hai0="67,111,110,90,120,58,133,106,66,53,35,57,82" hai1="114,102,52,71,47,21,38,76,44,121,115,24,128" hai2="95,104,6,5,83,127,130,105,86,70,51,7,118" hai3="134,107,9,43,108,12,29,23,0,129,112,36,4"/><U60/><E121/><V84/><F118/><W96/><G112/><T101/><D35/><U32/><E76/><V80/><F130/><W42/><G129/><T8/><D120/><U87/><E128/><V122/><F122/><W62/><G108/><N who="0" m="41515" /><D133/><U117/><E117/><V125/><F51/><W92/><G107/><N who="2" m="41033" /><F95/><W28/><G134/><T124/><D124/><N who="2" m="47690" /><F70/><W49/><G36/><T34/><D34/><U69/><E32/><V109/><F109/><W77/><G77/><T2/><D101/><U10/><E102/><V65/><F65/><N who="0" m="24586" /><D106/><U1/><E114/><V18/><F18/><W126/><G4/><N who="0" m="1047" /><D53/><U13/><E52/><V135/><F135/><W14/><G126/><T113/><D113/><U91/><E115/><V99/><F99/><W98/><G96/><T74/><D74/><U22/><E69/><V20/><F20/><W72/><G23/><T81/><D81/><AGARI ba="0,0" hai="5,6,7,80,81,83,84,86" m="47690,41033" machi="81" ten="40,5200,0" yaku="28,2,18,1" doraHai="61" who="2" fromWho="0" sc="180,-52,220,0,220,52,380,0" /><INIT seed="2,0,0,4,1,17" ten="128,220,272,380" oya="2" hai0="59,96,107,65,24,14,82,15,118,77,8,60,12" hai1="37,75,128,40,66,70,88,124,18,114,94,93,108" hai2="25,47,85,28,2,98,52,4,51,27,97,62,1" hai3="111,71,119,11,30,92,58,56,68,0,74,86,117"/><V33/><F85/><W53/><G74/><T112/><D112/><U78/><E114/><V83/><F83/><W55/><G30/><T80/><D118/><U61/><E128/><V133/><F133/><W120/><G86/><T76/><D8/><U131/><E131/><V13/><F27/><W81/><G81/><T135/><D135/><U29/><E29/><V79/><F79/><N who="0" m="30282" /><D107/><U105/><E105/><V115/><F115/><W50/><G92/><T20/><D96/><U43/><E78/><V106/><F97/><W19/><G120/><T63/><D60/><U48/><E43/><V126/><F126/><W69/><G111/><T116/><D116/><U54/><E108/><V103/><REACH who="2" step="1"/><F62/><REACH who="2" ten="128,220,262,380" step="2"/><W84/><G84/><T34/><D34/><U57/><E124/><V121/><F121/><W16/><G119/><T26/><D26/><U87/><E75/><V113/><F113/><W7/><G117/><T21/><D24/><U36/><E93/><V23/><F23/><AGARI ba="0,1" hai="12,14,15,20,21,23,59,63,65,80,82" m="30282" machi="23" ten="30,7700,0" yaku="8,1,52,3" doraHai="17" who="0" fromWho="2" sc="128,87,220,0,262,-77,380,0" /><INIT seed="3,0,0,4,0,72" ten="215,220,185,380" oya="3" hai0="18,127,111,114,71,104,49,98,10,41,110,84,19" hai1="134,129,44,61,76,73,118,85,97,24,102,1,7" hai2="123,6,58,68,109,69,117,99,22,4,38,95,48" hai3="108,23,56,42,75,30,135,50,116,52,122,62,54"/><W86/><G75/><T115/><D71/><U133/><E73/><V94/><F117/><W17/><G116/><T16/><D127/><U124/><E118/><V106/><F38/><W55/><G122/><T3/><D84/><U20/><E124/><V33/><F33/><W31/><G135/><N who="1" m="51722" /><E129/><V66/><F123/><W0/><G0/><T29/><D29/><N who="1" m="17543" /><E61/><V63/><F106/><W77/><G108/><N who="0" m="41515" /><D49/><U88/><E7/><V83/><F109/><W91/><G42/><T120/><D41/><U125/><E1/><V43/><F68/><W57/><G54/><T87/><D87/><U105/><E44/><N who="2" m="25631" /><F69/><W113/><G113/><N who="0" m="43019" /><D120/><U36/><E36/><V9/><F63/><W90/><G31/><T11/><D3/><U28/><E28/><V13/><F58/><W53/><G30/><T45/><D45/><U96/><E96/><V47/><F99/><W51/><G62/><T12/><D10/><U103/><E103/><AGARI ba="0,0" hai="11,12,16,18,19,98,103,104" m="43019,41515" machi="103" ten="30,3900,0" yaku="14,1,11,1,54,1" doraHai="72" who="0" fromWho="1" sc="215,39,220,-39,185,0,380,0" /><INIT seed="4,0,0,0,5,80" ten="254,181,185,380" oya="0" hai0="58,127,120,48,63,61,71,8,130,32,95,13,2" hai1="72,100,28,86,27,56,94,93,126,30,90,35,12" hai2="41,52,110,24,98,31,60,19,51,62,112,115,87" hai3="84,114,119,33,81,83,9,79,57,116,66,50,25"/><T70/><D120/><U96/><E72/><V132/><F110/><W88/><G114/><N who="2" m="43561" /><F41/><W6/><G33/><T121/><D121/><U43/><E126/><V23/><F98/><W89/><G25/><T104/><D104/><U85/><E43/><V75/><F75/><W99/><G99/><T107/><D107/><U36/><E36/><V26/><F132/><W78/><G116/><T101/><D32/><U34/><E12/><V111/><F111/><W38/><G38/><T109/><D2/><U129/><E129/><V42/><F42/><W40/><G119/><T92/><D130/><U82/><E56/><N who="2" m="32799" /><F87/><N who="3" m="48575" /><G66/><T135/><D135/><U105/><E30/><V73/><F73/><W39/><G39/><T1/><D109/><U22/><REACH who="1" step="1"/><E105/><REACH who="1" ten="254,171,185,380" step="2"/><V21/><AGARI ba="0,1" hai="19,21,23,24,26,31,60,62" m="32799,43561" machi="21" ten="30,2000,0" yaku="15,1,54,1" doraHai="80" who="2" fromWho="2" sc="254,-10,171,-5,185,30,380,-5" /><INIT seed="5,0,0,0,4,15" ten="244,166,215,375" oya="1" hai0="19,110,90,60,18,87,23,133,112,114,62,126,120" hai1="74,50,76,106,127,24,75,119,29,117,125,80,59" hai2="115,67,44,116,39,68,43,30,78,77,7,103,109" hai3="124,25,73,45,57,122,81,132,27,22,63,46,131"/><U33/><E106/><V40/><F109/><W93/><G122/><T128/><D110/><U79/><E59/><V89/><F116/><W65/><G131/><T34/><D34/><U42/><E50/><V123/><F123/><W11/><G124/><N who="1" m="47690" /><E42/><V17/><F115/><N who="0" m="44074" /><D126/><U64/><E64/><V13/><F7/><W61/><G132/><T48/><D133/><U83/><AGARI ba="0,0" hai="24,29,33,74,75,76,79,80,83,117,119" m="47690" machi="83" ten="30,3000,0" yaku="18,1,23,1" doraHai="15" who="1" fromWho="1" sc="244,-10,166,30,215,-10,375,-10" /><INIT seed="5,1,0,4,4,127" ten="234,196,205,365" oya="1" hai0="30,76,116,26,42,126,78,29,99,92,66,27,71" hai1="117,77,80,124,16,35,131,134,8,81,102,25,68" hai2="107,59,0,31,94,129,83,114,106,111,122,9,65" hai3="60,17,70,51,50,64,56,21,96,53,5,130,46"/><U121/><E68/><V69/><F111/><W41/><G130/><T115/><D116/><U84/><E131/><V62/><F122/><W123/><G123/><T82/><D126/><U109/><E124/><V43/><F129/><W108/><G5/><T93/><D42/><U47/><E121/><V3/><F114/><W36/><G108/><T24/><D115/><U10/><E117/><V72/><F31/><N who="0" m="11786" /><D71/><U110/><E35/><V37/><F94/><N who="0" m="36458" /><D66/><U22/><E134/><V2/><F59/><W113/><G113/><T67/><D67/><U98/><E110/><V54/><F9/><W132/><G132/><T44/><D44/><U38/><E109/><V15/><F15/><W32/><G32/><T101/><D82/><U39/><E81/><V57/><F83/><W86/><G86/><T12/><D12/><U73/><E84/><V45/><REACH who="2" step="1"/><F72/><REACH who="2" ten="234,196,195,365" step="2"/><W58/><G58/><T48/><D78/><U103/><E8/><V13/><F13/><W85/><G85/><T33/><D76/><U74/><E10/><V118/><F118/><W95/><G95/><T104/><D33/><U19/><E73/><V135/><F135/><W18/><G96/><T88/><D88/><U40/><E19/><V125/><F125/><W34/><G34/><T91/><D91/><U97/><REACH who="1" step="1"/><E38/><REACH who="1" ten="234,186,195,365" step="2"/><V119/><F119/><W105/><G17/><T75/><D75/><U120/><E120/><V20/><F20/><W23/><G18/><T7/><D7/><U14/><E14/><V133/><F133/><W6/><G21/><T90/><D90/><U128/><E128/><V87/><F87/><RYUUKYOKU ba="1,2" sc="234,10,186,10,195,10,365,-30" hai0="24,26,27,48,99,101,104" hai1="16,22,25,39,40,47,74,77,80,97,98,102,103" hai2="0,2,3,37,43,45,54,57,62,65,69,106,107" /><INIT seed="5,2,2,2,3,124" ten="244,196,205,335" oya="1" hai0="5,112,65,106,80,37,19,52,91,54,69,116,15" hai1="83,42,115,21,27,44,40,128,103,86,64,129,3" hai2="48,4,127,134,26,22,46,111,45,50,79,71,14" hai3="16,25,121,119,101,10,126,60,77,132,31,104,135"/><U61/><E3/><V28/><F111/><W0/><G121/><T133/><D116/><U82/><E103/><V97/><F71/><W47/><G119/><T12/><D106/><U33/><E33/><V35/><F127/><W125/><G77/><T24/><D37/><U75/><E75/><V13/><F134/><N who="3" m="51243" /><G47/><N who="2" m="17929" /><F35/><N who="3" m="20975" /><G104/><T51/><D133/><U105/><E105/><V117/><F117/><W81/><G101/><T109/><D109/><U49/><E42/><V43/><F43/><W39/><G81/><T88/><D65/><U96/><E96/><V36/><F36/><W120/><G39/><T57/><D69/><U123/><E123/><V38/><F79/><W1/><G120/><T84/><D112/><U131/><E86/><V122/><F38/><W107/><G107/><T11/><D54/><U108/><E115/><V2/><F2/><N who="3" m="1131" /><G60/><T78/><D24/><U130/><N who="1" m="32768" /><DORA hai="100" /><U29/><REACH who="1" step="1"/><E108/><REACH who="1" ten="244,186,205,335" step="2"/><V85/><F85/><W113/><G113/><T98/><D98/><U102/><E102/><V59/><F122/><W34/><G34/><T118/><D118/><U58/><AGARI ba="2,3" hai="21,27,29,40,44,49,58,61,64,82,83" m="32768" machi="58" ten="60,18000,2" yaku="1,1,0,1,19,1,52,4,53,0" doraHai="124,100" doraHaiUra="70,90" who="1" fromWho="1" sc="244,-62,186,216,205,-62,335,-62" /><INIT seed="5,3,0,2,1,40" ten="182,402,143,273" oya="1" hai0="13,17,131,35,57,117,95,111,79,33,109,36,47" hai1="8,76,23,83,91,128,74,88,48,85,108,46,127" hai2="120,113,61,4,62,110,15,66,107,92,80,106,11" hai3="70,119,45,37,0,60,14,93,100,30,104,3,133"/><U78/><E127/><V16/><F120/><W101/><G104/><T43/><D117/><U87/><E108/><V18/><F110/><W98/><G119/><T124/><D124/><U114/><E114/><V121/><F121/><W19/><G30/><T34/><D131/><U116/><E116/><V90/><F113/><W130/><G130/><T64/><D79/><U26/><E8/><V77/><F106/><W28/><G28/><T67/><D95/><U122/><E74/><V105/><F105/><W52/><G101/><T53/><D109/><U7/><E7/><V123/><F107/><W29/><G29/><T54/><D111/><U82/><E128/><V41/><F41/><W50/><G37/><T31/><D31/><N who="1" m="17887" /><E122/><V42/><F42/><AGARI ba="3,0" hai="42,46,48,76,78,82,83,85,87,88,91" m="17887" machi="42" ten="30,5800,0" yaku="8,1,52,1,54,1" doraHai="40" who="1" fromWho="2" sc="182,0,402,67,143,-67,273,0" /><INIT seed="5,4,0,1,2,105" ten="182,469,76,273" oya="1" hai0="75,122,115,83,27,101,113,55,69,130,45,58,100" hai1="107,12,11,78,17,72,60,4,90,40,49,64,118" hai2="132,120,95,13,119,131,87,91,19,121,26,94,16" hai3="24,104,125,31,56,76,110,53,134,59,80,48,106"/><U129/><E107/><V42/><F119/><W44/><G110/><T66/><D130/><U124/><E129/><V62/><F131/><W6/><G134/><T36/><D122/><U51/><E118/><V88/><F132/><W46/><G125/><T33/><D66/><U99/><E124/><V68/><F42/><W15/><G6/><T89/><D69/><U25/><E40/><V84/><F26/><W9/><G104/><T50/><D36/><U7/><E78/><V117/><F117/><W22/><G106/><T98/><D45/><U102/><E72/><V10/><F19/><W5/><REACH who="3" step="1"/><G56/><REACH who="3" ten="182,469,76,263" step="2"/><T70/><D58/><N who="1" m="36887" /><E4/><V135/><F135/><W109/><G109/><T123/><D123/><U20/><E7/><V39/><F39/><W21/><G21/><T8/><D70/><U30/><E20/><V77/><F68/><W81/><G81/><T97/><D83/><U28/><E11/><V86/><F62/><W93/><G93/><T18/><D8/><U79/><E102/><V34/><F34/><W14/><G14/><T112/><D101/><U63/><E63/><V1/><F1/><W57/><G57/><T61/><D100/><U3/><E12/><V92/><F92/><W0/><G0/><T103/><D103/><U37/><E3/><V73/><F84/><AGARI ba="4,1" hai="5,9,15,22,24,31,44,46,48,53,59,76,80,84" machi="84" ten="30,7700,0" yaku="1,1,7,1,8,1,53,1" doraHai="105" doraHaiUra="52" who="3" fromWho="2" sc="182,0,469,0,76,-89,263,99" owari="182,-22.0,469,57.0,-13,-51.0,362,16.0" /></mjloggm>