<mjloggm ver="2.3"><GO type="169" lobby="0"/><UN n0="%E2%98%85%E9%A2%A8%E3%81%AE%E8%B0%B7%E2%98%85" n1="%E3%82%A6%E3%83%AB%E3%83%88%E3%83%A9%E7%AB%8B%E7%9B%B4" n2="%55%4E%4B%4F%63%68%61%6E" n3="%E5%A4%A9%E9%87%8E%E9%81%A0%E5%AD%90" dan="16,17,18,17" rate="2065.10,2213.58,2196.48,2125.75" sx="M,M,M,F"/><TAIKYOKU oya="0"/><INIT seed="0,0,0,1,3,6" ten="250,250,250,250" oya="0" hai0="58,8,80,120,94,28,40,36,130,106,43,70,29" hai1="23,116,51,64,113,91,81,68,128,100,77,53,112" hai2="4,3,87,78,5,45,7,117,27,69,96,66,54" hai3="13,31,76,41,89,9,109,71,111,118,72,101,0"/><T108/><D120/><U90/><E100/><V48/><F117/><W105/><G118/><T1/><D106/><U110/><E110/><V24/><F3/><W15/><G71/><T131/><D70/><U62/><E23/><V97/><F69/><W74/><G31/><N who="0" m="11851" /><D36/><U133/><E128/><N who="0" m="49193" /><D108/><U21/><E21/><V33/><F66/><W55/><G105/><T22/><D22/><U129/><E133/><V95/><F33/><W56/><G41/><T86/><D94/><U65/><E65/><V102/><F97/><W12/><G101/><T67/><D67/><U135/><E129/><V126/><F126/><W103/><G103/><T52/><D8/><U38/><E38/><V75/><F75/><W134/><G74/><T104/><D1/><U42/><E135/><V61/><F61/><W125/><G0/><T44/><D44/><N who="1" m="27879" /><E116/><V107/><F107/><W14/><G125/><T132/><D132/><U83/><E62/><V85/><F85/><W123/><G134/><T124/><D124/><U20/><E64/><V11/><F11/><W19/><G123/><T114/><D114/><U35/><E68/><V49/><F27/><W115/><G115/><T127/><D127/><U39/><E20/><V82/><F24/><W25/><G25/><T32/><D32/><U88/><E35/><V122/><F122/><W2/><G2/><T34/><D34/><U98/><E113/><V17/><F17/><W60/><G72/><T26/><D26/><U73/><E112/><V37/><F37/><W84/><G76/><N who="0" m="46343" /><D104/><U92/><E83/><V57/><F7/><W47/><G47/><AGARI ba="0,0" hai="39,42,47,73,77,81,88,90,91,92,98" m="27879" machi="47" ten="30,2000,0" yaku="6,1,54,1" doraHai="6" who="1" fromWho="3" sc="250,0,250,20,250,0,250,-20" /><INIT seed="1,0,0,5,1,123" ten="250,270,250,230" oya="1" hai0="15,89,40,21,9,39,110,131,53,126,87,18,59" hai1="32,67,74,105,46,86,17,103,13,76,58,122,117" hai2="51,65,80,102,101,91,60,81,121,66,90,111,70" hai3="56,5,26,78,27,64,93,31,96,36,3,72,88"/><U99/><E32/><V132/><F121/><W48/><G36/><T62/><D131/><U33/><E33/><V63/><F132/><W41/><G72/><T50/><D126/><U45/><E117/><V100/><F51/><W92/><G78/><T54/><D39/><U47/><E122/><V34/><F34/><W107/><G107/><T8/><D110/><U129/><E129/><V4/><F4/><W135/><G135/><T115/><D40/><U95/><E74/><V83/><REACH who="2" step="1"/><F111/><REACH who="2" ten="250,270,240,230" step="2"/><W104/><G5/><T124/><D124/><U61/><E76/><V6/><F6/><W84/><G3/><T11/><D115/><U19/><REACH who="1" step="1"/><E13/><REACH who="1" ten="250,260,240,230" step="2"/><V1/><F1/><W125/><G125/><T73/><D73/><U112/><E112/><V130/><F130/><W38/><G26/><T114/><D114/><U24/><E24/><V127/><F127/><W133/><G27/><T71/><D15/><U118/><E118/><V37/><F37/><W28/><G38/><T69/><D50/><U109/><E109/><V119/><F119/><W82/><G133/><T35/><D35/><U55/><E55/><V75/><F75/><W116/><G116/><T128/><D128/><U0/><E0/><V85/><F85/><W77/><G48/><T43/><D53/><U120/><E120/><V52/><F52/><W57/><G41/><T42/><D42/><U49/><E49/><V68/><AGARI ba="0,2" hai="60,63,65,66,68,70,80,81,83,90,91,100,101,102" machi="68" ten="30,4000,0" yaku="1,1,0,1,9,1,53,0" doraHai="123" doraHaiUra="44" who="2" fromWho="2" sc="250,-10,260,-20,240,60,230,-10" /><INIT seed="2,0,0,1,2,40" ten="240,240,300,220" oya="2" hai0="105,69,3,33,109,32,65,45,122,91,17,102,135" hai1="66,58,0,42,29,82,89,30,73,93,108,70,62" hai2="96,98,95,130,61,128,56,113,120,50,100,21,36" hai3="43,60,5,12,14,76,72,46,75,129,55,53,92"/><V27/><F36/><W103/><G129/><N who="2" m="49769" /><F113/><W101/><G72/><T123/><D3/><U22/><E0/><V13/><F120/><W118/><G118/><T111/><D17/><U23/><E108/><N who="0" m="41545" /><D135/><U24/><E42/><V10/><F50/><W67/><G75/><T31/><D91/><U52/><E82/><V71/><F71/><W18/><G76/><T116/><D116/><U38/><E73/><V63/><F96/><W59/><G5/><T81/><D81/><U26/><E38/><V110/><F110/><W8/><G12/><T84/><D84/><U80/><E80/><V25/><F21/><W54/><REACH who="3" step="1"/><G92/><REACH who="3" ten="240,240,300,210" step="2"/><T126/><D123/><U97/><REACH who="1" step="1"/><E70/><REACH who="1" ten="240,230,300,210" step="2"/><V94/><F94/><W131/><G131/><T121/><D122/><U87/><E87/><V107/><F95/><W28/><G28/><T85/><D31/><U34/><E34/><V11/><F107/><W51/><AGARI ba="0,2" hai="8,14,18,43,46,51,53,54,55,59,60,67,101,103" machi="51" ten="30,7900,0" yaku="1,1,0,1,8,1,52,1,53,0" doraHai="40" doraHaiUra="77" who="3" fromWho="3" sc="240,-20,230,-20,300,-39,210,99" /><INIT seed="3,0,0,3,5,91" ten="220,210,261,309" oya="3" hai0="33,26,113,70,31,15,117,47,109,27,114,53,18" hai1="45,111,20,135,86,84,125,104,5,24,92,67,4" hai2="115,73,60,56,76,62,101,2,32,58,95,28,119" hai3="78,71,39,105,79,54,93,46,40,22,9,38,134"/><W82/><G105/><T64/><D70/><U85/><E104/><V94/><F115/><N who="0" m="44042" /><D64/><U107/><E107/><V8/><F119/><W29/><G134/><T37/><D117/><U80/><E111/><V116/><F116/><W123/><G123/><T41/><D27/><U124/><E135/><V130/><F101/><W30/><G71/><T122/><D53/><U43/><E67/><V81/><F130/><W17/><G39/><T1/><D1/><U10/><E80/><V128/><F128/><W35/><G9/><N who="0" m="6511" /><D109/><U6/><E10/><V108/><F108/><W89/><G54/><T103/><D103/><U106/><E106/><V51/><F51/><W3/><G3/><T121/><AGARI ba="0,0" hai="26,31,33,37,41,47,121,122" m="6511,44042" machi="121" ten="30,1100,0" yaku="11,1" doraHai="91" who="0" fromWho="0" sc="220,11,210,-3,261,-3,309,-5" /><INIT seed="4,0,0,5,4,41" ten="231,207,258,304" oya="0" hai0="37,8,61,83,59,77,98,10,123,2,133,93,50" hai1="3,65,60,71,135,39,87,94,28,115,104,109,7" hai2="121,131,23,25,44,113,24,16,6,9,56,111,75" hai3="45,33,102,129,31,42,88,92,112,130,58,40,80"/><T15/><D37/><U26/><E109/><V30/><F111/><W69/><G69/><T29/><D123/><U55/><E87/><V72/><F121/><W101/><G112/><T12/><D133/><U17/><E94/><V122/><F122/><W54/><G80/><T68/><D68/><U49/><E17/><V46/><F113/><W70/><G70/><T74/><D29/><U108/><E108/><V57/><F131/><W63/><G31/><T118/><D118/><U52/><E55/><V85/><F72/><W128/><G33/><T36/><D36/><U64/><E64/><V4/><F75/><W51/><G40/><T134/><D50/><U117/><E104/><V103/><F103/><W66/><G66/><T99/><D134/><U96/><E96/><AGARI ba="0,0" hai="42,45,51,54,58,63,88,92,96,101,102,128,129,130" machi="96" ten="40,5200,0" yaku="19,1,52,1,54,1" doraHai="41" who="3" fromWho="1" sc="231,0,207,-52,258,0,304,52" /><INIT seed="5,0,0,1,3,35" ten="231,155,258,356" oya="1" hai0="103,91,66,70,40,85,104,89,61,69,16,77,59" hai1="132,15,2,17,7,88,58,31,29,95,90,5,100" hai2="47,87,14,25,117,120,12,53,116,32,38,4,11" hai3="122,6,63,71,30,97,18,114,83,107,86,27,131"/><U134/><E100/><V0/><F120/><W43/><G122/><T48/><D77/><U10/><E58/><V57/><F87/><W28/><G131/><T113/><D113/><U102/><E102/><V20/><F47/><W68/><G6/><T119/><D119/><U82/><E82/><V105/><F38/><W49/><G18/><T60/><D104/><U23/><E90/><V3/><F105/><W19/><G19/><T51/><D103/><U22/><E7/><V52/><F53/><W9/><G9/><T123/><D123/><U96/><REACH who="1" step="1"/><E23/><REACH who="1" ten="231,145,258,356" step="2"/><V133/><F117/><W39/><G83/><N who="0" m="49343" /><D91/><U65/><E65/><V128/><F116/><W36/><G71/><T45/><D70/><U115/><E115/><V80/><F80/><W124/><G68/><T75/><D69/><U81/><E81/><V64/><F64/><W94/><G114/><T101/><D101/><U98/><E98/><V125/><F20/><W106/><G97/><T46/><D61/><U13/><E13/><V55/><F14/><W126/><G63/><T74/><D74/><U26/><E26/><V127/><F12/><W78/><G27/><T21/><D75/><U79/><E79/><V111/><F25/><W41/><G78/><T130/><D130/><U109/><E109/><V37/><F128/><W33/><G126/><T73/><D73/><U84/><E84/><V50/><F111/><W112/><G124/><T129/><D129/><U24/><E24/><V76/><F125/><W118/><G112/><T42/><D21/><U121/><E121/><V93/><F127/><W1/><G118/><RYUUKYOKU ba="0,1" sc="231,15,145,15,258,-15,356,-15" hai0="16,40,42,45,46,48,51,59,60,66" hai1="2,5,10,15,17,22,29,31,88,95,96,132,134" /><INIT seed="5,1,1,4,1,76" ten="246,160,243,341" oya="1" hai0="40,94,103,20,0,17,74,14,56,18,116,4,47" hai1="19,54,91,93,42,65,106,9,6,58,39,73,16" hai2="129,112,117,114,105,98,122,113,41,62,111,135,8" hai3="95,33,97,64,51,59,36,87,77,3,109,21,25"/><U100/><E73/><V119/><F122/><W26/><G36/><T115/><D74/><U72/><E72/><V50/><F111/><W89/><G3/><T85/><D116/><U53/><E106/><V68/><F129/><W15/><G109/><T2/><D4/><U49/><E100/><N who="2" m="62615" /><F135/><W32/><G32/><T79/><D115/><U123/><E123/><V13/><F41/><W70/><G70/><T134/><D134/><U86/><E65/><N who="2" m="41015" /><F50/><W83/><G33/><T69/><D69/><U88/><E42/><V124/><F124/><W35/><G35/><T22/><D56/><U46/><E39/><V66/><F66/><W130/><G130/><T102/><D2/><U61/><REACH who="1" step="1"/><E91/><REACH who="1" ten="246,150,243,341" step="2"/><V78/><F78/><W121/><G121/><T118/><D118/><U99/><E99/><V90/><F90/><W28/><G64/><T125/><D125/><U96/><E96/><V23/><F23/><W92/><G21/><T80/><D22/><U84/><E84/><V27/><F27/><W128/><G26/><T38/><D79/><U30/><E30/><V110/><F110/><W131/><G25/><T132/><D20/><U108/><E108/><V133/><F133/><W81/><G28/><T120/><D132/><U12/><AGARI ba="1,2" hai="6,9,12,16,19,46,49,53,54,58,61,86,88,93" machi="12" ten="20,18000,2" yaku="1,1,0,1,7,1,8,1,54,2,53,0" doraHai="76" doraHaiUra="104" who="1" fromWho="1" sc="246,-61,150,203,243,-61,341,-61" /><INIT seed="5,2,0,3,2,19" ten="185,353,182,280" oya="1" hai0="91,67,99,56,111,97,88,131,42,129,63,105,46" hai1="51,107,40,49,76,85,92,69,3,79,106,73,96" hai2="8,65,71,43,104,128,75,124,28,90,1,134,15" hai3="82,35,78,24,80,98,5,44,68,109,112,83,110"/><U30/><E3/><V53/><F104/><W121/><G121/><T22/><D111/><U13/><E69/><V47/><F75/><W86/><G68/><T17/><D99/><U122/><E30/><V20/><F124/><W4/><G112/><T120/><D120/><U102/><E40/><V52/><F128/><N who="0" m="49226" /><D97/><U132/><E49/><V60/><F134/><W125/><G125/><T118/><D105/><U6/><E51/><V7/><F90/><W100/><G44/><T34/><D34/><U37/><E13/><V21/><F1/><W64/><G64/><T81/><D81/><N who="1" m="45295" /><E6/><V126/><F126/><W133/><G133/><T2/><D2/><U113/><E37/><V55/><REACH who="2" step="1"/><F28/><REACH who="2" ten="185,353,172,280" step="2"/><W32/><G109/><T87/><D118/><U84/><E132/><V50/><AGARI ba="2,1" hai="7,8,15,20,21,43,47,50,52,53,55,60,65,71" machi="50" ten="30,12000,2" yaku="1,1,2,1,0,1,52,2,54,1,53,1" doraHai="19" doraHaiUra="59" who="2" fromWho="2" sc="185,-32,353,-62,172,136,280,-32" /><INIT seed="6,0,0,3,0,69" ten="153,291,308,248" oya="2" hai0="61,98,103,21,65,19,70,11,49,48,118,27,113" hai1="110,112,102,33,114,29,124,106,91,96,119,117,45" hai2="99,25,93,63,17,101,36,90,127,58,116,128,24" hai3="18,67,47,31,94,134,32,14,109,92,132,75,77"/><V53/><F116/><W72/><G109/><T81/><D113/><N who="1" m="43627" /><E29/><V1/><F127/><W89/><G67/><T9/><D118/><U115/><E33/><V111/><F128/><W80/><G75/><T38/><D38/><U100/><E115/><V4/><F111/><W126/><G126/><T12/><D81/><U133/><E110/><V87/><F36/><W6/><G6/><T57/><D70/><U34/><E34/><V66/><F4/><W42/><G32/><T3/><D3/><U20/><E20/><V76/><F1/><W125/><G31/><T74/><D74/><U60/><E102/><V43/><F43/><W39/><G125/><T46/><D46/><U16/><E16/><V79/><F66/><W51/><G51/><T0/><D0/><U97/><E124/><V95/><F17/><W68/><G68/><T122/><D11/><U135/><E60/><V13/><F13/><W78/><G78/><AGARI ba="0,0" hai="24,25,53,58,63,76,78,79,87,90,93,95,99,101" machi="78" ten="40,2000,0" yaku="8,1" doraHai="69" who="2" fromWho="3" sc="153,0,291,0,308,20,248,-20" /><INIT seed="6,1,0,1,1,25" ten="153,291,328,228" oya="2" hai0="114,71,132,28,37,120,65,40,134,77,29,126,135" hai1="91,14,80,73,9,35,94,42,8,103,1,30,115" hai2="24,17,104,133,26,117,92,44,116,123,20,81,74" hai3="82,50,45,110,57,102,78,5,33,107,83,3,96"/><V68/><F104/><W89/><G110/><T55/><D120/><U66/><E115/><V58/><F68/><W2/><G33/><T60/><D114/><U97/><E66/><V13/><F123/><W38/><G38/><T72/><D126/><U51/><E1/><V101/><F133/><N who="0" m="34050" /><T129/><DORA hai="15" /><D129/><U128/><E128/><V87/><F26/><W67/><G89/><T105/><D105/><U113/><E30/><N who="0" m="11881" /><D55/><U98/><E35/><V48/><F58/><W99/><G57/><T39/><D40/><U4/><E42/><V32/><F32/><W95/><G67/><T130/><D130/><U119/><E113/><V86/><F74/><W122/><G122/><T54/><D54/><U6/><E73/><V11/><F101/><W53/><G107/><T100/><D100/><U64/><E64/><V0/><F92/><W90/><G95/><T34/><D34/><U31/><E94/><V63/><F81/><AGARI ba="1,0" hai="37,39,60,65,71,72,77,81" m="11881,34050" machi="81" ten="40,8000,1" yaku="20,1,52,3" doraHai="25,15" who="0" fromWho="2" sc="153,83,291,0,328,-83,228,0" /><INIT seed="7,0,0,3,3,46" ten="236,291,245,228" oya="3" hai0="92,76,125,97,103,118,119,87,61,49,0,33,112" hai1="44,114,31,78,22,10,40,95,74,53,102,19,67" hai2="117,54,65,122,4,59,5,109,134,51,25,85,18" hai3="47,86,80,39,96,28,6,42,81,105,75,58,90"/><W99/><G105/><T3/><D33/><U15/><E74/><V111/><F117/><W24/><G6/><T48/><D119/><U26/><E78/><V113/><F113/><W123/><G123/><T107/><D118/><U135/><E135/><V23/><F134/><W14/><G14/><T70/><D125/><U116/><E67/><V133/><F133/><W30/><G30/><T124/><D124/><U62/><E114/><V120/><F65/><W27/><G27/><T20/><D112/><U106/><E106/><V66/><F66/><W129/><G129/><T100/><D70/><U127/><E127/><V7/><REACH who="2" step="1"/><F85/><REACH who="2" ten="236,291,235,228" step="2"/><W82/><G58/><T29/><D87/><U35/><E116/><V38/><F38/><W130/><G130/><T104/><D97/><U9/><E35/><V110/><AGARI ba="0,1" hai="4,5,7,18,23,25,51,54,59,109,110,111,120,122" machi="110" ten="40,5200,0" yaku="1,1,0,1,52,1,53,0" doraHai="46" doraHaiUra="8" who="2" fromWho="2" sc="236,-13,291,-13,235,62,228,-26" /><INIT seed="8,0,0,2,0,95" ten="223,278,297,202" oya="0" hai0="10,87,41,16,3,38,120,90,133,48,116,126,18" hai1="12,14,9,119,125,83,127,24,29,52,74,27,96" hai2="132,131,80,100,60,8,36,88,76,130,97,73,35" hai3="33,134,128,118,110,64,61,123,108,0,117,82,70"/><T54/><D120/><U20/><E74/><V77/><F36/><W111/><G123/><T99/><D38/><U86/><E119/><N who="3" m="45578" /><G128/><N who="2" m="49193" /><F35/><W31/><G134/><T98/><D41/><U2/><E27/><V25/><F132/><W109/><N who="3" m="27648" /><DORA hai="122" /><W37/><G82/><N who="0" m="49527" /><D116/><U112/><E52/><V79/><F25/><N who="3" m="18671" /><G0/><T51/><D133/><U57/><E83/><V44/><F80/><W93/><G93/><T28/><D28/><U72/><E29/><V91/><F79/><W45/><G45/><N who="0" m="27919" /><D126/><U113/><E2/><V39/><F77/><W30/><G30/><T21/><D3/><U7/><E127/><V47/><F76/><W78/><G78/><T56/><D18/><U11/><E125/><V94/><F73/><W71/><G37/><T17/><D17/><U89/><E72/><V81/><F81/><W23/><G23/><T42/><D10/><U135/><E11/><V121/><F8/><W26/><G26/><N who="0" m="14631" /><D42/><U102/><E9/><V5/><F121/><W13/><G13/><T62/><D51/><U115/><E14/><V68/><F39/><W124/><G124/><T49/><D49/><U55/><E12/><V4/><F47/><W1/><G1/><T34/><D34/><U114/><E114/><V129/><F44/><W85/><G71/><T19/><D19/><N who="1" m="12319" /><E135/><V75/><F75/><W106/><G106/><T103/><D103/><U6/><E113/><V67/><F129/><W50/><G50/><T104/><D104/><N who="1" m="63559" /><E115/><V53/><F100/><W65/><G65/><AGARI ba="0,0" hai="56,62,65,98,99" m="14631,27919,49527" machi="65" ten="30,11600,0" yaku="8,1,52,2,54,1" doraHai="95,122" who="0" fromWho="3" sc="223,116,278,0,297,0,202,-116" owari="339,43.0,278,-12.0,297,10.0,86,-41.0" /></mjloggm>