<mjloggm ver="2.3"><GO type="169" lobby="0"/><UN n0="%E5%87%B6%E4%BB%8B%40%E6%9D%8F%E6%9D%8F%E8%BB%8D%E5%9B%A3" n1="%73%75%6E%63%68%69%6C%64" n2="%E3%83%88%E3%83%88%E3%83%AA%E5%85%88%E7%94%9F%31%39%E6%AD%B3" n3="%79%6F%74%65%72%75" dan="16,17,18,18" rate="2115.79,2144.14,2292.49,2222.76" sx="M,M,F,M"/><TAIKYOKU oya="0"/><INIT seed="0,0,0,0,5,110" ten="250,250,250,250" oya="0" hai0="50,5,28,103,84,23,0,15,90,7,64,62,46" hai1="48,94,53,67,68,93,88,65,133,29,107,3,82" hai2="56,115,95,10,120,78,18,42,113,102,121,55,58" hai3="43,37,108,99,47,38,54,72,70,1,131,100,34"/><T97/><D0/><U11/><E107/><V128/><F78/><W118/><G108/><T59/><D15/><U116/><E133/><V21/><F10/><W101/><G118/><T96/><D96/><U135/><E29/><V111/><F111/><W33/><G131/><T16/><D28/><U25/><E25/><V9/><F9/><W27/><G70/><T30/><D30/><U134/><E68/><V130/><F95/><W22/><G38/><T32/><D32/><U125/><E94/><V57/><F102/><W87/><G100/><T45/><D45/><U86/><E93/><V77/><F77/><W123/><G72/><T127/><D127/><U91/><E125/><V89/><F89/><W8/><G54/><T85/><D85/><U109/><E91/><V80/><F80/><W63/><G63/><T31/><D31/><U36/><E116/><V40/><F55/><W52/><G52/><N who="0" m="29783" /><D103/><U41/><E109/><V73/><F21/><W44/><G44/><T49/><D49/><U26/><E11/><V39/><F18/><N who="3" m="12759" /><G87/><T105/><D105/><U126/><E126/><V20/><F20/><W51/><G51/><T83/><D97/><U119/><E48/><V6/><F6/><N who="3" m="1103" /><G123/><N who="2" m="47177" /><F39/><W76/><G76/><T69/><D69/><U2/><E119/><V81/><F81/><W79/><G79/><T122/><D122/><U35/><E2/><V14/><F73/><W132/><G132/><T129/><D129/><N who="2" m="49770" /><F14/><W98/><G101/><T4/><D23/><U19/><E3/><V104/><F104/><W114/><G33/><T60/><D60/><U106/><E106/><RYUUKYOKU ba="0,0" sc="250,15,250,-15,250,15,250,-15" hai0="4,5,7,16,59,62,64,83,84,90" hai2="40,42,56,57,58,113,115" /><INIT seed="0,1,0,3,3,23" ten="265,235,265,235" oya="0" hai0="94,76,15,26,86,49,9,64,110,51,77,130,53" hai1="89,112,80,90,6,75,14,37,35,1,8,74,39" hai2="68,47,17,85,129,30,70,50,63,52,106,108,103" hai3="16,124,2,88,117,48,29,43,33,84,22,122,31"/><T7/><D130/><U127/><E127/><V36/><F129/><W101/><G117/><T12/><D64/><U55/><E112/><V87/><F108/><W133/><G2/><T95/><D110/><U83/><E35/><V98/><F36/><W62/><G33/><T120/><D120/><U107/><E107/><V10/><F30/><W67/><G124/><T56/><D26/><U126/><E126/><V32/><F32/><W78/><G78/><N who="0" m="30315" /><D86/><U46/><E14/><V5/><F17/><W38/><G38/><T27/><D15/><U116/><E116/><V119/><F119/><W21/><G21/><T44/><D27/><U24/><E24/><V60/><F60/><W40/><G122/><T13/><D13/><U58/><E39/><V125/><F125/><W123/><G67/><T93/><D44/><U59/><E46/><V57/><F85/><W134/><G84/><T4/><D51/><U65/><E37/><V71/><F87/><W135/><G48/><T92/><N who="0" m="23552" /><DORA hai="102" /><T3/><D3/><U79/><E74/><V42/><REACH who="2" step="1"/><F71/><REACH who="2" ten="265,235,255,235" step="2"/><W82/><G134/><T66/><D66/><U72/><E72/><V131/><F131/><W28/><G135/><T105/><D4/><U104/><E65/><V69/><F69/><W41/><G62/><T73/><D73/><U45/><E80/><V118/><F118/><W100/><G133/><T128/><D128/><U99/><E75/><V11/><F11/><W132/><G132/><T97/><D9/><U115/><E83/><V121/><F121/><W34/><G34/><T91/><D7/><U96/><E79/><RYUUKYOKU ba="1,1" sc="265,-10,235,-10,255,30,235,-10" hai2="5,10,42,47,50,52,57,63,68,70,98,103,106" /><INIT seed="1,2,1,3,1,41" ten="255,225,285,225" oya="1" hai0="103,130,10,117,108,62,29,30,80,34,17,20,28" hai1="76,94,39,126,53,101,125,75,87,131,59,100,56" hai2="23,120,27,97,82,132,42,18,45,6,69,1,55" hai3="66,58,112,96,115,65,40,21,79,49,47,121,124"/><U5/><E131/><V50/><F120/><W123/><G79/><T9/><D117/><U128/><E128/><V118/><F118/><W22/><G96/><T67/><D130/><U46/><E75/><V81/><F69/><W107/><G107/><T127/><D34/><U37/><E5/><V98/><F132/><W26/><G21/><T4/><D108/><U74/><E74/><V119/><F119/><W60/><G124/><N who="1" m="47722" /><E59/><V3/><F6/><W135/><G135/><T38/><D38/><N who="1" m="14347" /><E46/><N who="2" m="25943" /><F3/><W63/><G22/><T114/><D127/><U106/><E106/><V24/><F1/><W93/><G93/><T99/><D4/><U14/><E14/><V109/><F24/><W113/><G26/><N who="0" m="14607" /><D80/><N who="2" m="30826" /><F109/><W92/><G92/><N who="0" m="58855" /><D114/><U31/><E31/><V8/><F8/><W2/><REACH who="3" step="1"/><G2/><REACH who="3" ten="255,225,285,215" step="2"/><T51/><D9/><U95/><E94/><V91/><F91/><W15/><G15/><T32/><D10/><U72/><E76/><V102/><F102/><W25/><G25/><T13/><D13/><U111/><E111/><V105/><F105/><W0/><G0/><T57/><D32/><U7/><E72/><V134/><F134/><W12/><G12/><T83/><D83/><U73/><E73/><V88/><F88/><W52/><G52/><T133/><D133/><U78/><E7/><V89/><F89/><W16/><G16/><T110/><D110/><U90/><E78/><V104/><F104/><W84/><G84/><T11/><D11/><U77/><E77/><V71/><F71/><AGARI ba="2,2" hai="40,47,49,58,60,63,65,66,71,112,113,115,121,123" machi="71" ten="40,8000,1" yaku="1,1,34,3,52,1,53,0" doraHai="41" doraHaiUra="85" who="3" fromWho="2" sc="255,0,225,0,285,-86,215,106" /><INIT seed="2,0,0,5,4,129" ten="255,225,199,321" oya="2" hai0="95,22,69,41,35,14,85,97,32,39,112,53,92" hai1="42,56,134,68,133,5,20,33,63,75,106,66,40" hai2="31,94,16,9,105,28,113,125,122,73,80,15,130" hai3="84,25,23,70,123,17,62,50,29,117,78,96,131"/><V65/><F113/><W67/><G117/><T102/><D112/><U64/><E33/><V0/><F122/><W45/><G131/><T101/><D69/><U61/><E75/><V100/><F130/><W30/><G123/><T60/><D41/><U10/><E106/><V118/><F118/><W52/><REACH who="3" step="1"/><G96/><REACH who="3" ten="255,225,199,311" step="2"/><T71/><D97/><U88/><E20/><V110/><F125/><W120/><G120/><T79/><D22/><U47/><E88/><V24/><F100/><W59/><G59/><T103/><D101/><U54/><E10/><V128/><F128/><W13/><G13/><T26/><D14/><U99/><E99/><V98/><F98/><W49/><G49/><T90/><D102/><U2/><E2/><V81/><F0/><W119/><G119/><T76/><D35/><U77/><E77/><V38/><F15/><W115/><G115/><T132/><D32/><U12/><E12/><V3/><F9/><W4/><G4/><T44/><D79/><U111/><E5/><V6/><F6/><W116/><G116/><T51/><D76/><U34/><E34/><V127/><F3/><W43/><G43/><N who="1" m="16426" /><E111/><V86/><F110/><W109/><G109/><T107/><D103/><U114/><E114/><V46/><F105/><W7/><G7/><T89/><D107/><U48/><AGARI ba="0,1" hai="47,48,54,56,61,63,64,66,68,133,134" m="16426" machi="48" ten="30,7900,0" yaku="34,2,52,2" doraHai="129" who="1" fromWho="1" sc="255,-20,225,89,199,-39,311,-20" /><INIT seed="3,0,0,1,3,84" ten="235,314,160,291" oya="3" hai0="75,119,69,29,12,127,64,123,132,112,46,95,11" hai1="24,105,43,98,121,50,92,134,16,85,86,135,59" hai2="89,110,102,22,6,53,81,82,3,13,91,104,125" hai3="114,31,48,116,109,131,108,111,5,63,117,26,52"/><W7/><G114/><T67/><D119/><N who="3" m="45641" /><G63/><T47/><D123/><U18/><E105/><V21/><F3/><W51/><G51/><T4/><D112/><U56/><E121/><V74/><F110/><W106/><G106/><T97/><D75/><U25/><E43/><V129/><F129/><W45/><G131/><T80/><D127/><U83/><E50/><V78/><F125/><W113/><G113/><T71/><D132/><N who="1" m="50731" /><E24/><V65/><F65/><W60/><G60/><T103/><D29/><U87/><E83/><V115/><F115/><W42/><G42/><T122/><D122/><U2/><E2/><V38/><F38/><W126/><G126/><T90/><D71/><U32/><E32/><AGARI ba="0,0" hai="5,7,26,31,32,45,48,52,108,109,111" m="45641" machi="32" ten="40,7700,0" yaku="14,1,10,1,54,1" doraHai="84" who="3" fromWho="1" sc="235,0,314,-77,160,0,291,77" /><INIT seed="3,1,0,3,2,134" ten="235,237,160,368" oya="3" hai0="77,118,11,112,45,130,135,23,33,119,0,122,32" hai1="99,49,62,103,109,90,7,8,120,97,65,15,40" hai2="55,126,29,27,69,80,30,4,36,42,19,100,1" hai3="47,115,34,70,64,98,93,28,125,58,113,88,3"/><W53/><G3/><T82/><D122/><U106/><E120/><V107/><F69/><W110/><G70/><T31/><D135/><U84/><E109/><V18/><F55/><W108/><G64/><T37/><D130/><U26/><E99/><N who="2" m="61855" /><F80/><W75/><G75/><N who="0" m="43327" /><D23/><U51/><E40/><V131/><F29/><W127/><G47/><T94/><D94/><U133/><E26/><V101/><F101/><W102/><G102/><T91/><D91/><U128/><E128/><V124/><F131/><W74/><G74/><T73/><D73/><U22/><E22/><N who="2" m="15735" /><F42/><W54/><G54/><T10/><D112/><N who="3" m="43081" /><G28/><T43/><D31/><U13/><E13/><V9/><F36/><W121/><G34/><N who="0" m="13419" /><D10/><U6/><E6/><AGARI ba="1,0" hai="0,6,11,37,43,45,118,119" m="13419,43327" machi="6" ten="30,2000,0" yaku="25,1,23,1" doraHai="134" who="0" fromWho="1" sc="235,23,237,-23,160,0,368,0" /><INIT seed="4,0,0,5,5,91" ten="258,214,160,368" oya="0" hai0="5,49,131,33,89,18,72,37,86,97,118,64,71" hai1="87,0,12,39,13,19,102,31,129,81,103,24,117" hai2="45,7,70,67,99,123,4,35,84,69,125,93,9" hai3="101,62,105,73,110,112,22,14,114,77,38,130,28"/><T126/><D118/><U95/><E117/><V61/><F123/><W74/><G110/><T32/><D37/><U44/><E0/><V50/><F35/><W65/><G38/><T40/><D72/><U42/><E129/><V2/><F125/><W78/><G130/><T133/><D126/><U63/><E63/><V58/><F84/><W30/><G105/><T57/><D131/><U80/><E80/><V23/><F23/><W121/><G101/><T26/><D97/><U68/><E68/><V48/><F4/><W25/><G30/><T94/><D5/><U56/><E56/><V27/><F27/><W92/><G92/><T66/><D71/><U98/><E19/><V11/><F11/><W17/><G121/><T96/><D86/><U108/><E102/><V41/><REACH who="2" step="1"/><F48/><REACH who="2" ten="258,214,150,368" step="2"/><W115/><G74/><T60/><D33/><U47/><E108/><V113/><F113/><W134/><G73/><T83/><D32/><U1/><E24/><V55/><F55/><W43/><G25/><T100/><D26/><U52/><E31/><V75/><F75/><W16/><G28/><T85/><D18/><U116/><E116/><V10/><F10/><W120/><G17/><T106/><D49/><U76/><REACH who="1" step="1"/><E1/><REACH who="1" ten="258,204,150,368" step="2"/><V29/><F29/><W51/><G115/><T90/><D60/><U15/><E15/><V109/><F109/><W54/><G62/><T107/><D66/><U3/><E3/><V82/><F82/><W88/><G114/><T46/><D64/><U53/><E53/><V135/><F135/><W36/><G112/><T127/><D133/><U6/><E6/><RYUUKYOKU ba="0,2" sc="258,-15,204,15,150,15,368,-15" hai1="12,13,39,42,44,47,52,76,81,87,95,98,103" hai2="2,7,9,41,45,50,58,61,67,69,70,93,99" /><INIT seed="5,1,2,3,5,72" ten="243,219,165,353" oya="1" hai0="71,131,109,90,117,31,30,84,11,74,51,83,25" hai1="65,102,98,114,32,125,47,75,58,86,33,122,27" hai2="95,66,0,49,9,103,59,64,35,20,14,28,19" hai3="22,45,29,85,70,1,133,93,112,13,34,55,80"/><U124/><E122/><V62/><F35/><W16/><G70/><T129/><D117/><U48/><E75/><V78/><F0/><W118/><G118/><T106/><D109/><U68/><E114/><V104/><F104/><W5/><G133/><T39/><D39/><U113/><E113/><V3/><F3/><W115/><G93/><T52/><D71/><U91/><E68/><V101/><F64/><W7/><G7/><T17/><D106/><U54/><E27/><N who="2" m="16487" /><F49/><N who="3" m="29103" /><G85/><T116/><D116/><U42/><E65/><V120/><F120/><W111/><G80/><T56/><D74/><U82/><E33/><V61/><F61/><W135/><G135/><T127/><D127/><U107/><REACH who="1" step="1"/><E32/><REACH who="1" ten="243,209,165,353" step="2"/><V44/><F44/><W89/><G34/><T108/><D108/><U40/><E40/><V4/><F78/><W110/><G111/><T24/><D24/><U15/><E15/><N who="2" m="5543" /><F95/><W2/><G110/><T60/><D25/><U130/><E130/><V38/><F38/><AGARI ba="1,3" hai="38,42,47,48,54,58,82,86,91,98,102,107,124,125" machi="38" ten="40,3900,0" yaku="1,1,53,1" doraHai="72" doraHaiUra="99" who="1" fromWho="2" sc="243,0,209,72,165,-42,353,0" /><INIT seed="5,2,0,3,4,51" ten="243,281,123,353" oya="1" hai0="86,106,72,61,123,64,121,14,20,27,82,26,113" hai1="13,83,107,91,11,46,98,33,67,54,55,96,76" hai2="84,19,34,9,47,101,69,3,12,100,1,16,58" hai3="88,74,15,79,132,6,131,59,25,35,111,125,62"/><U60/><E33/><V17/><F69/><W43/><G111/><T66/><D72/><U30/><E30/><V126/><F34/><W28/><G125/><T56/><D106/><U81/><E46/><V97/><F126/><W39/><G131/><T68/><D113/><U40/><E40/><V110/><F110/><W130/><G130/><T124/><D124/><U32/><E32/><V133/><F133/><W114/><G114/><T87/><D14/><U63/><E107/><V73/><F73/><W57/><G132/><T85/><D82/><N who="1" m="31243" /><E76/><V127/><F127/><W37/><G57/><T129/><D129/><U53/><E67/><V89/><F3/><W31/><G31/><T2/><D2/><U109/><E109/><V50/><F58/><W116/><G43/><T102/><D102/><U94/><E96/><V103/><F97/><W128/><G116/><T112/><D112/><U77/><E77/><V41/><REACH who="2" step="1"/><F1/><REACH who="2" ten="243,281,113,353" step="2"/><W120/><G74/><T115/><D115/><U49/><E49/><V48/><F48/><W71/><G71/><T118/><D118/><U7/><AGARI ba="2,1" hai="7,11,13,53,54,55,60,63,91,94,98" m="31243" machi="7" ten="30,11700,0" yaku="8,1,52,3" doraHai="51" who="1" fromWho="1" sc="243,-41,281,133,113,-41,353,-41" /><INIT seed="5,3,0,0,3,115" ten="202,414,72,312" oya="1" hai0="37,35,130,58,5,7,40,42,14,77,128,59,30" hai1="48,108,47,51,118,74,12,104,102,126,73,0,23" hai2="114,119,55,52,117,107,123,105,67,103,133,61,16" hai3="15,21,99,19,106,100,72,6,4,121,3,116,113"/><U79/><E0/><V41/><F123/><W97/><G121/><T13/><D77/><U109/><E126/><V53/><F114/><W83/><G113/><T81/><D81/><U112/><E112/><V71/><F133/><W10/><G6/><T9/><D30/><U27/><E12/><V87/><F41/><W69/><G69/><T120/><D120/><U54/><E51/><V127/><F127/><W45/><G45/><T131/><D35/><U93/><E104/><V95/><F105/><W98/><REACH who="3" step="1"/><G116/><REACH who="3" ten="202,414,72,302" step="2"/><T17/><D5/><U34/><E118/><V32/><F32/><W20/><G20/><T111/><D111/><U22/><E23/><V76/><F107/><W60/><G60/><T49/><D130/><U92/><E34/><V129/><F129/><W70/><G70/><T68/><D68/><U65/><E22/><V62/><F62/><W50/><G50/><T110/><D49/><U90/><E48/><V25/><F25/><W11/><G11/><T135/><D110/><U94/><E27/><V8/><F76/><AGARI ba="3,1" hai="3,4,10,15,19,21,72,76,83,97,98,99,100,106" machi="76" ten="40,1300,0" yaku="1,1,53,0" doraHai="115" doraHaiUra="38" who="3" fromWho="2" sc="202,0,414,0,72,-22,302,32" /><INIT seed="6,0,0,1,2,33" ten="202,414,50,334" oya="2" hai0="121,60,72,56,50,97,29,40,128,86,117,9,47" hai1="127,49,99,110,35,116,58,80,11,4,106,54,37" hai2="100,93,90,84,129,26,118,1,134,43,23,79,74" hai3="73,101,57,78,105,102,112,28,103,132,70,48,45"/><V18/><F118/><W7/><G70/><T113/><D72/><U87/><E110/><V120/><F120/><W25/><G132/><T83/><D121/><U71/><E127/><V22/><F134/><W24/><G112/><T131/><D113/><U81/><E35/><V63/><F129/><N who="0" m="49738" /><D117/><U115/><E37/><V0/><F43/><W62/><G7/><T119/><D119/><U69/><E80/><V51/><F51/><W96/><G78/><T30/><D9/><U67/><E67/><V53/><F100/><W91/><G73/><T39/><D97/><U31/><E31/><V126/><F126/><W6/><G6/><T46/><D46/><U44/><E44/><V20/><F74/><W88/><G105/><T64/><D50/><U42/><E49/><V76/><F76/><AGARI ba="0,0" hai="29,30,39,40,47,56,60,64,76,83,86" m="49738" machi="76" ten="30,1000,0" yaku="19,1" doraHai="33" who="0" fromWho="2" sc="202,10,414,0,50,-10,334,0" /><INIT seed="7,0,0,3,5,16" ten="212,414,40,334" oya="3" hai0="82,59,45,56,105,31,89,74,20,71,7,73,132" hai1="111,109,54,84,80,17,22,25,77,26,28,97,67" hai2="29,12,122,90,65,55,38,43,19,66,123,1,99" hai3="119,52,63,37,50,53,83,110,108,100,95,35,96"/><W32/><G119/><T51/><D71/><U126/><E67/><V93/><F1/><W27/><G37/><T133/><D105/><U94/><E54/><V14/><F38/><W135/><G135/><T107/><D107/><U61/><E61/><V39/><F39/><W113/><G113/><T10/><D89/><U44/><E44/><V46/><F122/><W5/><G5/><T0/><D82/><U118/><E126/><V81/><F123/><W130/><G130/><T13/><D74/><U33/><E118/><V124/><F124/><W103/><G103/><AGARI ba="0,0" hai="17,22,25,26,28,33,77,80,84,94,97,103,109,111" machi="103" ten="30,2000,0" yaku="7,1,52,1" doraHai="16" who="1" fromWho="3" sc="212,0,414,20,40,0,334,-20" owari="212,-19.0,434,54.0,40,-46.0,314,11.0" /></mjloggm>