<mjloggm ver="2.3"><GO type="169" lobby="0"/><UN n0="%E3%83%9E%E3%82%B8%E3%81%8D%E3%82%8C%E3%81%9D%E3%81%86%EF%BC%81" n1="%E3%82%B7%E3%83%B3%E3%83%87%E3%83%AB%E3%83%A9" n2="%E3%81%BE%E3%81%82%E3%81%BC%E3%81%86%E5%A4%A7%E4%BD%90" n3="%E5%B0%B1%E6%B4%BB%E7%94%9F%40%E5%B7%9D%E6%9D%91%E8%BB%8D%E5%9B%A3" dan="17,16,16,18" rate="2207.34,2146.96,2073.12,2314.66" sx="M,F,F,M"/><TAIKYOKU oya="0"/><INIT seed="0,0,0,2,5,108" ten="250,250,250,250" oya="0" hai0="66,91,124,95,105,63,96,97,36,47,76,6,53" hai1="101,10,116,37,65,121,29,21,125,81,70,32,20" hai2="18,86,126,106,0,104,2,26,64,120,127,35,61" hai3="41,49,110,88,30,31,99,1,23,98,50,7,71"/><T117/><D117/><U79/><E116/><V5/><F86/><W60/><G110/><T72/><D124/><N who="2" m="47658" /><F120/><W100/><G1/><N who="2" m="617" /><F5/><W111/><G111/><T67/><D6/><U87/><E121/><V94/><F94/><W46/><G7/><T129/><D129/><U52/><E37/><V27/><F18/><W90/><G98/><T119/><D119/><U55/><E101/><V14/><F14/><W9/><G9/><T34/><D76/><U38/><E38/><V82/><F82/><W73/><G73/><T83/><D83/><U25/><E10/><V77/><F77/><W85/><G23/><T68/><D72/><U89/><E125/><V40/><F40/><W59/><G71/><T135/><D68/><U15/><E79/><V13/><F13/><W115/><G31/><T45/><D95/><U132/><E15/><V69/><F35/><W103/><G30/><T74/><D34/><U118/><E118/><V43/><F43/><W80/><G50/><T75/><D75/><U22/><REACH who="1" step="1"/><E132/><REACH who="1" ten="250,240,250,250" step="2"/><V128/><F128/><W17/><G103/><T62/><D36/><U12/><E12/><V122/><F122/><W131/><G131/><T56/><D135/><U134/><E134/><V11/><F11/><W78/><G78/><T123/><D123/><U51/><E51/><V8/><F8/><W57/><G100/><T44/><D74/><U42/><E42/><V113/><F113/><W48/><G115/><T93/><D63/><AGARI ba="0,1" hai="20,21,22,25,29,32,52,55,63,65,70,81,87,89" machi="63" ten="40,2600,0" yaku="1,1,54,1,53,0" doraHai="108" doraHaiUra="133" who="1" fromWho="0" sc="250,-26,240,36,250,0,250,0" /><INIT seed="1,0,0,0,1,3" ten="224,276,250,250" oya="1" hai0="6,130,105,13,131,42,95,78,86,55,15,25,50" hai1="43,77,133,73,48,44,63,103,65,7,106,33,88" hai2="126,54,117,70,100,110,39,34,124,87,101,84,92" hai3="21,12,79,112,35,16,59,53,64,60,49,97,89"/><U122/><E122/><V46/><F70/><W71/><G35/><T62/><D105/><U85/><E133/><V111/><F34/><W37/><G112/><T8/><D62/><U29/><E7/><V27/><F27/><W135/><G135/><T90/><D78/><U40/><E40/><V132/><F132/><W5/><G79/><T18/><D25/><U51/><E51/><V67/><F67/><W69/><G37/><T23/><REACH who="0" step="1"/><D42/><REACH who="0" ten="214,276,250,250" step="2"/><U31/><E77/><V32/><F126/><W58/><G71/><T99/><D99/><U9/><E106/><V120/><F124/><W1/><G69/><T24/><D24/><U2/><E43/><V19/><F120/><W36/><G97/><T115/><D115/><U38/><E63/><V26/><F26/><W116/><G116/><T61/><D61/><U68/><E68/><V93/><F117/><W66/><G66/><T119/><D119/><U20/><E65/><V0/><F32/><W114/><G114/><T94/><D94/><U74/><E33/><V80/><F93/><W47/><G60/><T10/><D10/><U4/><E31/><V127/><F92/><W104/><G64/><T102/><D102/><U128/><E103/><V45/><F101/><W56/><G104/><T14/><D14/><U91/><E29/><V52/><F100/><W121/><G121/><T134/><D134/><U81/><E9/><V11/><F11/><N who="3" m="2479" /><G89/><T123/><D123/><U28/><E91/><V30/><F127/><W72/><G72/><T83/><D83/><U76/><E81/><V107/><F107/><W129/><G36/><RYUUKYOKU ba="0,1" sc="214,15,276,-15,250,-15,250,15" hai0="6,8,13,15,18,23,50,55,86,90,95,130,131" hai3="12,16,21,47,49,53,56,58,59,129" /><INIT seed="2,1,1,4,0,135" ten="229,261,235,265" oya="2" hai0="48,122,49,126,20,97,99,54,61,53,39,69,76" hai1="42,123,113,134,25,23,62,90,45,4,8,40,24" hai2="71,9,110,125,18,50,7,111,6,12,14,129,103" hai3="57,127,41,68,27,130,56,95,119,131,77,17,28"/><V21/><F71/><W87/><G68/><T86/><D39/><U72/><E113/><V52/><F125/><W73/><G127/><T82/><D122/><U98/><E134/><V124/><F124/><W112/><G41/><T26/><D126/><U44/><E123/><V51/><F51/><N who="0" m="19530" /><D69/><U37/><E72/><V93/><F129/><W108/><G108/><N who="2" m="41513" /><F93/><W59/><G119/><T0/><D0/><U133/><E133/><V104/><F103/><W63/><G112/><T116/><D116/><U84/><E62/><V74/><F104/><W1/><G1/><T75/><D75/><U46/><E98/><N who="0" m="37385" /><D61/><U13/><E37/><V36/><F74/><W19/><G73/><T101/><D101/><U70/><E70/><V29/><F29/><AGARI ba="1,1" hai="20,26,29,53,54,76,82,86" m="37385,19530" machi="29" ten="30,1000,0" yaku="8,1" doraHai="135" who="0" fromWho="2" sc="229,23,261,0,235,-13,265,0" /><INIT seed="3,0,0,0,4,40" ten="252,261,222,265" oya="3" hai0="93,70,45,108,1,18,19,68,88,65,103,50,47" hai1="31,87,81,36,123,129,41,24,13,94,131,109,51" hai2="126,90,56,110,76,0,75,106,25,22,61,38,86" hai3="57,133,49,89,58,23,134,82,120,95,71,17,116"/><W102/><G71/><T26/><D1/><U107/><E109/><V121/><F110/><W60/><G116/><T59/><D108/><U67/><E123/><V80/><F126/><W99/><G120/><T5/><D5/><U69/><E107/><V32/><F121/><W127/><G127/><T8/><D103/><U73/><E36/><V48/><F38/><W11/><G11/><T6/><D68/><U77/><E13/><V72/><F0/><W91/><G82/><T4/><D70/><U104/><E104/><V98/><F32/><W112/><G112/><T135/><D135/><U9/><E9/><V33/><F33/><W7/><G7/><N who="0" m="2603" /><D26/><U2/><E2/><V14/><F14/><W29/><G29/><T55/><D65/><U84/><E67/><V37/><F37/><W85/><G133/><T66/><D66/><U111/><E69/><V28/><F61/><W79/><G79/><T130/><D130/><N who="1" m="49675" /><E111/><V44/><F56/><W78/><G78/><T97/><D19/><U46/><E94/><V118/><F118/><W16/><G134/><T63/><D63/><U39/><E39/><V125/><F125/><W105/><G23/><AGARI ba="0,0" hai="23,24,31,41,46,51,73,77,81,84,87" m="49675" machi="23" ten="30,2000,0" yaku="19,1,52,1" doraHai="40" who="1" fromWho="3" sc="252,0,261,20,222,0,265,-20" /><INIT seed="4,0,0,1,4,2" ten="252,281,222,245" oya="0" hai0="108,40,124,28,118,79,47,62,104,27,86,46,89" hai1="134,51,5,101,17,69,87,37,135,125,115,117,93" hai2="38,7,42,106,25,21,63,30,88,78,19,41,133" hai3="116,109,110,94,81,8,59,91,34,26,122,111,35"/><T68/><D118/><U77/><E37/><V54/><F106/><W32/><G116/><T92/><D124/><U31/><E117/><V74/><F38/><W1/><G122/><T130/><D130/><U90/><E125/><V67/><F74/><W75/><G75/><T119/><D119/><U105/><E69/><V82/><F78/><W14/><G81/><T6/><D104/><U128/><E31/><V10/><F133/><N who="1" m="50697" /><E51/><V96/><F67/><W129/><G129/><T60/><D108/><U56/><E56/><N who="2" m="35223" /><F30/><W16/><G1/><T84/><D68/><U114/><E128/><V33/><F33/><W64/><G26/><T121/><D47/><U95/><E17/><V99/><F99/><W100/><G100/><T126/><D121/><U39/><E39/><V0/><F82/><W80/><G80/><T57/><D126/><U73/><E105/><V50/><F50/><W55/><G64/><T97/><D97/><N who="1" m="59583" /><E5/><V49/><F49/><W29/><G29/><T23/><D6/><U131/><E131/><V4/><F4/><W123/><G123/><T65/><D62/><U66/><E66/><V24/><F24/><W132/><G132/><T102/><D60/><U43/><E43/><V45/><F45/><W127/><G127/><T11/><D46/><U70/><E70/><V20/><F20/><W12/><G59/><T48/><D57/><U85/><E73/><V3/><F42/><W61/><G61/><T76/><D65/><U71/><E71/><V52/><F41/><W15/><G55/><T72/><D40/><U22/><E22/><V120/><F52/><RYUUKYOKU ba="0,0" sc="252,-15,281,15,222,-15,245,15" hai1="77,85,87,90,93,114,115" hai3="8,12,14,15,16,32,34,35,91,94,109,110,111" /><INIT seed="5,1,0,3,5,65" ten="237,296,207,260" oya="1" hai0="46,84,6,112,25,122,12,44,2,55,79,67,111" hai1="89,94,107,30,26,15,129,126,40,106,109,115,114" hai2="33,5,42,96,14,64,41,83,35,29,22,45,61" hai3="80,108,91,3,125,23,52,131,101,28,32,34,81"/><U48/><E126/><V99/><F35/><W100/><G3/><T10/><D111/><U60/><E129/><V130/><F130/><W102/><G108/><T37/><D112/><N who="1" m="43051" /><E109/><V56/><F33/><W36/><G36/><T63/><D122/><U18/><E60/><V75/><F29/><W62/><G131/><T58/><D2/><U66/><E66/><V118/><F118/><W71/><G125/><T78/><D37/><U86/><E48/><N who="2" m="26671" /><F75/><W90/><G71/><T116/><D116/><U21/><E40/><V123/><F42/><W57/><G34/><AGARI ba="1,0" hai="15,18,21,26,30,34,86,89,94,106,107" m="43051" machi="34" ten="30,1500,0" yaku="15,1" doraHai="65" who="1" fromWho="3" sc="237,0,296,18,207,0,260,-18" /><INIT seed="5,2,0,3,2,12" ten="237,314,207,242" oya="1" hai0="9,74,50,41,3,25,78,19,86,52,83,33,21" hai1="55,113,81,73,90,75,102,37,135,20,122,18,71" hai2="42,91,6,99,92,88,94,105,130,1,36,27,95" hai3="85,124,108,46,57,56,5,53,35,34,32,134,31"/><U44/><E122/><V68/><F68/><W38/><G108/><T116/><D116/><U70/><E102/><V126/><F1/><W4/><G124/><T8/><D41/><U87/><E113/><V106/><F6/><W28/><G134/><T63/><D63/><U118/><E118/><V17/><F42/><W51/><G38/><T30/><D74/><U127/><E127/><V117/><F36/><W39/><G39/><T69/><D69/><U0/><E0/><V84/><F117/><W24/><G85/><T58/><REACH who="0" step="1"/><D3/><REACH who="0" ten="227,314,207,242" step="2"/><U10/><E73/><V128/><F126/><W125/><G125/><T121/><D121/><U49/><E75/><V54/><F130/><W13/><G35/><T89/><D89/><U82/><E71/><V98/><F128/><W67/><G67/><T16/><D16/><U100/><E70/><V104/><F17/><W112/><G5/><T26/><AGARI ba="2,1" hai="8,9,19,21,25,26,30,33,50,52,58,78,83,86" machi="26" ten="20,12000,2" yaku="1,1,0,1,7,1,52,1,54,1,53,1" doraHai="12" doraHaiUra="15" who="0" fromWho="0" sc="227,136,314,-62,207,-32,242,-32" /><INIT seed="6,0,0,4,5,109" ten="363,252,175,210" oya="2" hai0="123,75,83,122,117,6,101,78,108,33,77,50,7" hai1="121,73,93,130,96,61,39,72,86,134,87,16,43" hai2="116,112,14,81,89,113,125,97,41,17,76,51,9" hai3="126,132,15,67,74,32,24,119,11,115,128,8,57"/><V103/><F125/><W59/><G74/><N who="1" m="28778" /><E16/><N who="2" m="8271" /><F76/><W10/><G119/><T31/><D117/><U62/><E39/><V54/><F41/><W4/><G126/><T131/><D50/><U30/><E43/><V135/><F116/><W1/><G128/><T36/><D131/><U66/><E130/><V2/><F2/><W37/><G37/><T55/><D55/><U94/><E30/><V18/><F135/><W38/><G38/><T46/><D46/><U0/><E0/><V60/><F60/><N who="1" m="23145" /><E66/><V120/><F120/><W82/><G67/><T27/><D36/><U69/><E69/><V90/><F90/><W114/><G82/><T84/><D108/><U29/><E29/><V47/><F17/><W34/><G132/><T106/><D78/><U40/><E40/><V19/><F19/><W63/><G63/><T28/><D28/><U110/><E110/><V49/><F18/><W20/><G1/><T21/><D77/><U92/><E134/><V80/><F80/><W3/><G24/><T13/><D27/><U88/><E121/><V48/><F48/><W100/><G20/><T53/><D21/><U70/><E70/><V85/><F51/><W68/><G68/><T22/><D22/><U79/><E79/><V52/><F54/><W35/><G100/><T91/><D101/><U133/><E133/><V5/><F5/><N who="3" m="3471" /><G10/><T104/><D123/><U107/><E107/><AGARI ba="0,0" hai="47,49,52,81,85,89,97,103,107,112,113" m="8271" machi="107" ten="30,12000,1" yaku="25,1,52,2,54,2" doraHai="109" who="2" fromWho="1" sc="363,0,252,-120,175,120,210,0" /><INIT seed="6,1,0,4,0,90" ten="363,132,295,210" oya="2" hai0="101,72,93,89,132,100,3,95,46,78,44,32,31" hai1="114,52,51,125,29,45,62,8,134,109,80,36,94" hai2="47,124,81,26,111,54,83,59,39,129,96,127,37" hai3="14,119,87,123,64,12,69,73,43,4,57,133,53"/><V91/><F129/><W116/><G73/><T49/><D3/><U102/><E109/><V104/><F111/><W85/><G123/><T1/><D1/><U7/><E114/><V122/><F122/><W76/><G133/><T13/><D132/><U113/><E134/><V107/><F26/><W79/><G43/><T106/><D106/><U88/><E113/><V130/><F130/><W86/><G69/><T19/><D44/><U21/><E125/><N who="2" m="48203" /><F96/><W82/><G64/><T103/><D78/><U71/><E36/><N who="2" m="13899" /><F47/><W5/><G116/><T40/><D72/><U105/><E105/><N who="2" m="40523" /><F91/><W112/><G112/><T56/><D89/><U2/><E102/><V0/><F0/><W42/><G119/><T128/><D128/><U34/><E88/><V115/><F115/><W28/><G28/><T60/><D31/><U27/><E29/><V15/><F15/><W58/><G14/><T120/><D120/><U118/><E2/><V20/><F20/><W131/><G12/><T77/><D77/><U117/><E21/><V63/><AGARI ba="1,0" hai="54,59,63,81,83" m="40523,13899,48203" machi="63" ten="40,2100,0" yaku="18,1" doraHai="90" who="2" fromWho="2" sc="363,-8,132,-8,295,24,210,-8" /><INIT seed="6,2,0,1,0,113" ten="355,124,319,202" oya="2" hai0="103,100,94,123,78,24,23,98,108,35,28,105,112" hai1="4,135,5,99,119,2,97,55,36,74,111,29,59" hai2="87,109,116,3,133,54,124,12,68,21,93,27,134" hai3="67,73,63,76,53,30,122,84,49,128,66,131,50"/><V61/><F116/><W60/><G73/><T102/><D108/><U83/><E111/><V6/><F109/><W34/><G34/><T41/><D123/><U80/><E135/><N who="2" m="51723" /><F124/><W13/><G30/><T11/><D112/><U9/><E119/><V47/><F3/><W44/><G13/><T114/><D114/><U38/><E29/><N who="2" m="17647" /><F12/><W45/><G84/><T75/><D35/><U91/><E74/><V16/><F16/><W62/><G76/><T132/><D132/><U42/><E4/><V96/><F6/><W26/><G26/><T81/><D105/><U1/><E1/><V117/><F117/><W127/><G127/><T17/><D41/><U19/><E19/><V110/><F87/><W89/><G89/><T51/><D51/><U32/><E32/><V69/><F110/><W33/><G33/><T72/><D72/><U65/><E65/><N who="3" m="24586" /><G122/><T0/><D17/><U129/><E91/><V52/><F93/><W71/><G71/><T70/><D70/><U56/><E2/><V57/><F96/><W10/><G10/><T7/><AGARI ba="2,0" hai="0,7,11,23,24,28,75,78,81,94,98,100,102,103" machi="7" ten="30,1100,0" yaku="0,1" doraHai="113" who="0" fromWho="0" sc="355,17,124,-5,319,-7,202,-5" /><INIT seed="7,0,0,0,2,101" ten="372,119,312,197" oya="3" hai0="135,97,53,43,12,122,42,7,17,45,47,134,106" hai1="84,131,1,15,65,133,23,116,87,18,11,111,108" hai2="83,86,2,99,90,119,88,113,79,121,28,126,3" hai3="14,5,70,59,69,81,107,114,73,74,89,127,75"/><W125/><G114/><T36/><D122/><U30/><E65/><V38/><F38/><W60/><G5/><T130/><D130/><U26/><E87/><V62/><F113/><W51/><G14/><T95/><D106/><U16/><E84/><V41/><F41/><N who="0" m="15370" /><D53/><U76/><E76/><V64/><F126/><W6/><G6/><T117/><D36/><U100/><E100/><V123/><F28/><W118/><G107/><T39/><D39/><U61/><E61/><V21/><F21/><W63/><G51/><T58/><D58/><U91/><E91/><N who="2" m="34859" /><F99/><W103/><G103/><N who="0" m="60863" /><D117/><U67/><E67/><V55/><F55/><W112/><G118/><T120/><D120/><N who="2" m="46154" /><F119/><W98/><G112/><T57/><D7/><N who="1" m="1519" /><E116/><V33/><F33/><W124/><G81/><T72/><D72/><U32/><E131/><V46/><F46/><W31/><G31/><T66/><D66/><U132/><E18/><V96/><F96/><W109/><G98/><T13/><D47/><U52/><E52/><V68/><AGARI ba="0,0" hai="2,3,62,64,68,79,83,86" m="46154,34859" machi="68" ten="30,2000,0" yaku="13,1,54,1" doraHai="101" who="2" fromWho="2" sc="372,-5,119,-5,312,20,197,-10" owari="367,47.0,114,-39.0,332,13.0,187,-21.0" /></mjloggm>