<mjloggm ver="2.3"><GO type="169" lobby="0"/><UN n0="%E3%82%A6%E3%83%AB%E3%83%88%E3%83%A9%E7%AB%8B%E7%9B%B4" n1="%E3%80%90%E4%B8%8A%E5%9F%9C%E4%B9%85%E3%80%91" n2="%E6%A4%8D%E9%87%8E" n3="%E3%82%B7%E3%83%A3%E3%83%BC%E3%83%AA%E3%83%97%E3%83%88%E3%83%A9" dan="18,16,19,16" rate="2258.79,2061.88,2289.39,2154.97" sx="M,F,M,M"/><TAIKYOKU oya="0"/><INIT seed="0,0,0,5,3,15" ten="250,250,250,250" oya="0" hai0="17,11,46,57,63,41,101,25,52,56,104,98,28" hai1="34,89,7,58,22,84,42,48,81,109,10,85,71" hai2="30,106,83,20,87,53,86,75,78,16,69,23,47" hai3="0,54,66,120,105,97,61,128,79,134,125,90,107"/><T60/><D11/><U49/><E34/><V33/><F106/><W14/><G0/><T116/><D116/><U35/><E35/><V132/><F69/><W8/><G79/><T112/><D112/><U43/><E71/><V122/><F33/><W127/><G54/><T55/><D28/><U45/><E109/><V18/><F122/><W39/><G39/><T40/><REACH who="0" step="1"/><D46/><REACH who="0" ten="240,250,250,250" step="2"/><U3/><E45/><V21/><F30/><W76/><G8/><T65/><D65/><U131/><E10/><V38/><F132/><W110/><G66/><T50/><D50/><U95/><E48/><N who="2" m="28831" /><F38/><W113/><G134/><T111/><D111/><U123/><E49/><V24/><F75/><W115/><G110/><T64/><D64/><U103/><E123/><V26/><F87/><W59/><G120/><T121/><D121/><U126/><E84/><V82/><F82/><W44/><G115/><T80/><D80/><U135/><E135/><V67/><F67/><W129/><G113/><T4/><D4/><U119/><E81/><V96/><F96/><W94/><G97/><T19/><D19/><AGARI ba="0,1" hai="16,18,19,20,21,23,24,26,78,83,86" m="28831" machi="19" ten="30,8000,1" yaku="8,1,52,3,54,1" doraHai="15" who="2" fromWho="0" sc="240,-80,250,0,250,90,250,0" /><INIT seed="1,0,0,5,2,129" ten="160,250,340,250" oya="1" hai0="63,98,86,75,22,97,68,1,28,36,40,74,127" hai1="60,6,80,20,90,109,92,5,72,25,83,94,56" hai2="112,115,37,59,51,89,123,101,10,99,57,64,43" hai3="126,33,47,15,49,131,118,130,42,113,66,11,45"/><U78/><E109/><V100/><F123/><W114/><G33/><T13/><D1/><U110/><E110/><V53/><F37/><W9/><G66/><T91/><D127/><U71/><E71/><V120/><F120/><W3/><G3/><T133/><D40/><U111/><E111/><V107/><F43/><W79/><G126/><T17/><D36/><U30/><E83/><V108/><F108/><W12/><G79/><T34/><D34/><U32/><E32/><V52/><F64/><W27/><G27/><T104/><D28/><U70/><E70/><V18/><F101/><W26/><G26/><T0/><D0/><U39/><E39/><V41/><F41/><W7/><G47/><T58/><D68/><U61/><E61/><V31/><F31/><W132/><G118/><T82/><D133/><U135/><E135/><V122/><F122/><W23/><G23/><T69/><D69/><U124/><E124/><V35/><F35/><W62/><G62/><T73/><REACH who="0" step="1"/><D104/><REACH who="0" ten="150,250,340,250" step="2"/><U87/><REACH who="1" step="1"/><E94/><REACH who="1" ten="150,240,340,250" step="2"/><V106/><F106/><W29/><G132/><T19/><D19/><U54/><AGARI ba="0,2" hai="5,6,20,25,30,54,56,60,72,78,80,87,90,92" machi="54" ten="20,7800,0" yaku="1,1,2,1,0,1,7,1,53,0" doraHai="129" doraHaiUra="65" who="1" fromWho="1" sc="150,-26,240,98,340,-26,250,-26" /><INIT seed="1,1,0,4,4,80" ten="124,338,314,224" oya="1" hai0="105,98,134,45,96,85,64,120,37,130,9,53,71" hai1="88,108,129,60,133,92,102,95,48,84,78,3,17" hai2="121,11,113,41,77,116,82,87,46,51,20,86,65" hai3="32,112,62,44,103,100,123,111,16,4,19,97,13"/><U73/><E3/><V8/><F116/><W76/><G32/><T12/><D130/><U52/><E129/><V132/><F121/><W0/><G123/><T55/><D134/><U40/><E133/><V127/><F132/><W26/><G112/><T33/><D33/><U49/><E108/><V43/><F113/><W22/><G111/><T135/><D120/><U5/><E5/><V114/><F114/><W119/><G119/><T27/><D135/><U50/><E73/><V70/><F127/><W125/><G125/><T124/><D124/><U66/><E78/><V109/><F43/><W67/><G76/><T126/><D126/><U89/><E102/><V110/><F110/><W117/><G117/><T24/><D71/><U2/><E2/><V25/><F109/><W75/><G75/><T54/><D64/><U34/><E34/><V59/><F70/><W93/><G44/><T6/><D105/><U122/><E122/><V7/><F7/><W131/><G131/><T106/><D106/><U18/><E40/><V31/><F86/><W14/><G103/><T118/><D118/><U68/><REACH who="1" step="1"/><E52/><REACH who="1" ten="124,328,314,224" step="2"/><V94/><F41/><W72/><G72/><T47/><D47/><U23/><E23/><V29/><F20/><N who="3" m="13575" /><G0/><T63/><D45/><U30/><E30/><V79/><F31/><W36/><G36/><T90/><D37/><U1/><E1/><V57/><F29/><W104/><G104/><T35/><D35/><U115/><E115/><V74/><F46/><W39/><G39/><T58/><D54/><U69/><E69/><V42/><F74/><W91/><G4/><RYUUKYOKU ba="1,1" sc="124,-10,328,30,314,-10,224,-10" hai1="17,18,48,49,50,60,66,68,84,88,89,92,95" /><INIT seed="1,2,1,1,5,107" ten="114,358,304,214" oya="1" hai0="103,35,34,33,36,97,59,69,26,63,55,25,22" hai1="131,127,64,133,65,120,104,27,122,30,2,111,89" hai2="28,49,40,29,121,110,39,15,73,117,91,115,16" hai3="87,112,23,101,79,129,61,90,85,44,37,47,38"/><U113/><E104/><V9/><F117/><W75/><G112/><T74/><D36/><U41/><E113/><V98/><F121/><W71/><G101/><T70/><D74/><U10/><E41/><V12/><F39/><W6/><G6/><T128/><D128/><U84/><E131/><V93/><F73/><W77/><G129/><T125/><D125/><U56/><E127/><V92/><F110/><W46/><G23/><T100/><D26/><U62/><E133/><V32/><F32/><W88/><G61/><T94/><REACH who="0" step="1"/><D103/><REACH who="0" ten="104,358,304,214" step="2"/><U119/><E122/><V17/><F115/><W1/><G38/><T68/><D68/><U42/><E120/><V118/><F118/><W109/><G71/><T0/><D0/><U95/><E119/><V132/><F132/><W102/><G102/><T57/><D57/><U66/><E111/><V20/><F93/><N who="3" m="54415" /><G109/><T53/><D53/><U50/><E95/><V4/><F92/><N who="3" m="54367" /><G75/><T124/><D124/><U82/><E2/><V130/><F130/><W72/><G72/><T67/><D67/><U135/><E65/><V86/><F40/><W5/><G37/><T126/><D126/><U58/><E42/><V54/><F54/><W96/><G96/><T76/><D76/><U114/><E114/><V51/><F98/><W13/><G1/><T99/><D99/><U80/><E135/><V14/><F14/><W45/><N who="3" m="11264" /><DORA hai="31" /><W123/><G123/><T24/><D24/><U8/><E66/><V83/><F15/><W116/><G116/><T106/><D106/><U18/><E27/><V78/><F12/><W52/><G52/><RYUUKYOKU ba="2,2" sc="104,15,358,-15,304,-15,214,15" hai0="22,25,33,34,35,55,59,63,69,70,94,97,100" hai3="5,13,77,79" /><INIT seed="2,3,2,3,0,128" ten="119,343,289,229" oya="2" hai0="39,51,7,79,37,102,77,24,45,94,56,52,67" hai1="113,131,107,23,35,90,47,3,81,29,70,16,54" hai2="11,60,64,105,85,61,41,115,12,114,117,108,15" hai3="96,72,130,71,44,26,59,78,116,57,30,17,55"/><V27/><F117/><W75/><G116/><T63/><D7/><U118/><E107/><V42/><F105/><W86/><G130/><T93/><D39/><U74/><E3/><V21/><F108/><W91/><G71/><T109/><D109/><U19/><E70/><V5/><F85/><W120/><G120/><T13/><D13/><U8/><E131/><V38/><F15/><W66/><G44/><T14/><D14/><U18/><E35/><V76/><F76/><W103/><G17/><T112/><D112/><U9/><E113/><V97/><F97/><W135/><G78/><N who="0" m="29707" /><D37/><U125/><E74/><V69/><F61/><W126/><G91/><T10/><D10/><U121/><E121/><V101/><F101/><W65/><G86/><T43/><D102/><U111/><E111/><V20/><F20/><W129/><G103/><T6/><D6/><U36/><E36/><V95/><F95/><N who="0" m="36362" /><D24/><U100/><E100/><V73/><F73/><W25/><G129/><T98/><D98/><U28/><E118/><V92/><F38/><W133/><G96/><T68/><D68/><U22/><E8/><V53/><F115/><W132/><G75/><T123/><D123/><U80/><E9/><V49/><F114/><W84/><G84/><T82/><D82/><U4/><E4/><V48/><F92/><W119/><G72/><T87/><D87/><U0/><E80/><V110/><F110/><W46/><G119/><T31/><D31/><U134/><E29/><V50/><REACH who="2" step="1"/><F53/><AGARI ba="3,2" hai="43,45,51,52,53,56,63,67" m="36362,29707" machi="53" ten="30,2000,0" yaku="8,1,54,1" doraHai="128" who="0" fromWho="2" sc="119,49,343,0,289,-29,229,0" /><INIT seed="3,0,0,4,0,71" ten="168,343,260,229" oya="3" hai0="27,123,77,128,21,22,14,129,43,97,119,76,41" hai1="52,92,11,4,72,61,65,59,95,134,102,60,62" hai2="45,32,118,3,39,1,36,23,12,124,98,64,16" hai3="53,99,58,93,94,112,33,46,91,70,80,25,17"/><W83/><G112/><T110/><D119/><U90/><E72/><V96/><F32/><W79/><G70/><T48/><D123/><U101/><E134/><V56/><F118/><W66/><G66/><T50/><D14/><N who="1" m="5479" /><E95/><V106/><F124/><W133/><G133/><T75/><D97/><N who="1" m="57495" /><E65/><V115/><F115/><W86/><G46/><T0/><D27/><U67/><E67/><V73/><F73/><W30/><G17/><T135/><D135/><U20/><E20/><V55/><F98/><W116/><G116/><T42/><D75/><U85/><E85/><V49/><F64/><W107/><G107/><T84/><D84/><U69/><E69/><V114/><F114/><W2/><G2/><T104/><D43/><U29/><E29/><V47/><F47/><W19/><G19/><T6/><D6/><U8/><E8/><V34/><F34/><W103/><REACH who="3" step="1"/><G79/><REACH who="3" ten="168,343,260,219" step="2"/><T74/><D0/><U51/><AGARI ba="0,1" hai="51,52,59,60,61,62,101,102" m="57495,5479" machi="51" ten="30,2000,0" yaku="8,1,54,1" doraHai="71" who="1" fromWho="1" sc="168,-5,343,30,260,-5,219,-10" /><INIT seed="4,0,0,5,3,40" ten="163,373,255,209" oya="0" hai0="76,72,23,67,94,58,73,119,121,79,112,100,116" hai1="18,90,4,85,83,37,91,81,0,13,71,8,78" hai2="62,66,131,49,107,86,46,135,19,129,24,70,28" hai3="32,52,27,104,74,55,95,120,127,6,22,75,35"/><T44/><D121/><U53/><E71/><V93/><F107/><W26/><G104/><T12/><D112/><U50/><E37/><V51/><F135/><W99/><G6/><T130/><D130/><U113/><E83/><V61/><F19/><W103/><G127/><T111/><D111/><U2/><E113/><V56/><F86/><W11/><G11/><T118/><D44/><U92/><E4/><V106/><F106/><W110/><G110/><T21/><D58/><U97/><E78/><N who="0" m="29737" /><D67/><U102/><E102/><V9/><F9/><W36/><G36/><T33/><D12/><U69/><E69/><V45/><F93/><W68/><G68/><T109/><D109/><U88/><E91/><V30/><F70/><W54/><G120/><T128/><D128/><N who="2" m="49226" /><F62/><W17/><REACH who="3" step="1"/><G27/><REACH who="3" ten="163,373,255,199" step="2"/><T117/><D117/><U125/><E125/><V10/><F24/><W5/><G5/><T57/><D119/><U42/><E2/><V84/><F10/><W16/><G16/><T59/><D118/><U60/><E0/><V47/><F84/><W29/><G29/><AGARI ba="0,1" hai="28,29,30,45,46,47,49,51,56,61,66" m="49226" machi="29" ten="30,7700,0" yaku="19,1,52,3" doraHai="40" who="2" fromWho="3" sc="163,0,373,0,255,87,199,-77" /><INIT seed="5,0,0,5,5,65" ten="163,373,342,122" oya="1" hai0="46,49,91,21,40,131,120,135,69,97,61,96,57" hai1="121,1,23,19,84,59,11,42,28,129,71,106,93" hai2="76,102,94,18,17,2,104,73,72,3,112,27,10" hai3="39,119,115,0,101,47,79,83,89,77,13,58,125"/><U90/><E106/><V48/><F104/><W66/><G0/><T87/><D131/><U68/><E121/><V56/><F112/><W123/><G101/><T117/><D117/><U7/><E129/><V44/><F56/><W86/><G39/><T98/><D135/><U85/><E42/><V110/><F110/><W52/><G123/><T29/><D120/><U33/><E59/><V78/><F73/><W70/><G125/><T64/><D69/><U32/><E84/><V25/><F72/><W74/><G115/><T24/><REACH who="0" step="1"/><D98/><REACH who="0" ten="153,373,342,122" step="2"/><U81/><E71/><V132/><F132/><W114/><G114/><T82/><AGARI ba="0,1" hai="21,24,29,40,46,49,57,61,64,82,87,91,96,97" machi="82" ten="20,12000,2" yaku="1,1,2,1,0,1,7,1,8,1,53,1" doraHai="65" doraHaiUra="38" who="0" fromWho="0" sc="153,130,373,-60,342,-30,122,-30" /><INIT seed="6,0,0,0,0,15" ten="283,313,312,92" oya="2" hai0="19,43,95,71,24,123,13,120,25,2,80,33,124" hai1="26,5,44,27,10,57,107,66,36,1,52,11,42" hai2="111,117,116,59,88,112,93,96,60,32,101,134,128" hai3="91,37,7,113,49,23,18,105,17,68,50,46,39"/><V119/><F32/><W64/><G105/><T65/><D43/><U16/><E107/><V73/><F73/><W98/><G7/><T6/><D65/><U67/><E27/><V81/><F112/><W109/><G109/><T76/><D71/><U130/><E130/><V79/><F111/><W106/><G113/><T34/><D95/><U74/><E74/><V82/><F128/><W3/><G3/><T30/><D80/><U126/><E126/><V118/><F134/><W21/><G106/><T72/><D76/><U89/><E89/><V108/><F108/><W133/><G133/><T45/><D45/><U114/><E114/><V92/><F116/><W102/><G91/><T54/><D54/><U131/><E131/><V103/><F60/><W94/><G64/><T29/><D72/><U135/><E135/><V31/><F31/><W12/><G68/><T77/><D77/><U110/><E110/><V62/><F62/><W132/><G132/><T35/><D35/><U55/><E55/><V78/><F59/><W122/><G122/><T86/><D86/><U20/><E11/><V53/><F53/><W84/><G84/><T129/><D129/><U100/><E100/><N who="2" m="38475" /><F93/><W85/><G85/><T48/><D123/><U38/><E38/><V9/><F9/><W69/><G69/><T47/><D120/><U61/><AGARI ba="0,0" hai="1,5,10,16,20,26,36,42,44,52,57,61,66,67" machi="61" ten="20,8000,1" yaku="0,1,7,1,52,1,54,2" doraHai="15" who="1" fromWho="1" sc="283,-20,313,80,312,-40,92,-20" /><INIT seed="7,0,0,3,4,46" ten="263,393,272,72" oya="3" hai0="116,127,96,47,21,0,29,64,60,18,7,83,97" hai1="119,89,58,40,107,126,27,128,62,118,99,34,17" hai2="74,71,66,110,108,67,84,2,102,111,56,68,75" hai3="94,85,9,5,45,61,1,3,10,24,16,95,73"/><W42/><G73/><T117/><D127/><U54/><E40/><V123/><F2/><W26/><G61/><T105/><D29/><U33/><E128/><V121/><F102/><W82/><G26/><T76/><D47/><U104/><E126/><V125/><F125/><W31/><G31/><T109/><D109/><U130/><E130/><V132/><F132/><W20/><G9/><T114/><D114/><U101/><E107/><V131/><F131/><W90/><REACH who="3" step="1"/><G3/><REACH who="3" ten="263,393,272,62" step="2"/><T91/><D0/><U106/><E27/><V22/><F75/><W11/><G11/><T14/><D60/><U25/><E25/><V81/><F74/><W23/><G23/><T65/><D21/><U50/><E62/><N who="2" m="38215" /><F22/><W36/><AGARI ba="0,1" hai="1,5,10,16,20,24,36,42,45,82,85,90,94,95" machi="36" ten="20,7800,0" yaku="1,1,0,1,7,1,54,1,53,0" doraHai="46" doraHaiUra="44" who="3" fromWho="3" sc="263,-26,393,-26,272,-26,62,88" /><INIT seed="7,1,0,1,1,133" ten="237,367,246,150" oya="3" hai0="109,22,32,51,46,71,79,7,105,11,98,1,29" hai1="53,132,14,64,89,126,130,2,55,16,107,0,45" hai2="37,116,111,110,135,20,24,93,50,68,118,6,94" hai3="81,3,5,134,112,34,121,101,60,66,23,26,106"/><W43/><G121/><T124/><D124/><U85/><E126/><V28/><F37/><W57/><G134/><T97/><D71/><U62/><E107/><V36/><F36/><W70/><G112/><T84/><D32/><U63/><E130/><V19/><F68/><W114/><G114/><T72/><D72/><U87/><E87/><V125/><F125/><W108/><G108/><T49/><D105/><U35/><E35/><V9/><F135/><W38/><G57/><T65/><D65/><U91/><E91/><V122/><F94/><W12/><G81/><T77/><D51/><U47/><E2/><N who="2" m="215" /><F50/><W90/><G90/><T54/><D109/><N who="2" m="41482" /><F93/><W39/><G43/><T96/><D84/><U103/><E0/><V41/><F41/><W56/><G56/><T74/><D74/><U102/><E132/><V127/><F127/><W131/><G131/><T10/><D10/><N who="1" m="6231" /><E55/><V120/><F28/><N who="3" m="19735" /><G12/><T117/><D117/><AGARI ba="1,0" hai="19,20,24,116,117,118,120,122" m="41482,215" machi="117" ten="30,2000,0" yaku="34,2" doraHai="133" who="2" fromWho="0" sc="237,-23,367,0,246,23,150,0" owari="214,-19.0,367,47.0,269,7.0,150,-35.0" /></mjloggm>