<mjloggm ver="2.3"><GO type="169" lobby="0"/><UN n0="%E6%96%B0%E5%AD%90%40%E6%86%A7" n1="%E5%B0%8F%E6%89%8B%E8%BF%94%E6%92%B2%E6%BB%85%E4%BC%9A%E9%95%B7" n2="%E3%82%A6%E3%83%AB%E3%83%88%E3%83%A9%E7%AB%8B%E7%9B%B4" n3="%70%61%72%61%6F%6E%64%65" dan="16,16,18,17" rate="2026.36,2130.39,2248.41,2157.21" sx="F,F,M,M"/><TAIKYOKU oya="0"/><INIT seed="0,0,0,5,1,54" ten="250,250,250,250" oya="0" hai0="45,0,8,88,14,44,58,37,39,108,62,74,77" hai1="121,36,115,24,98,129,112,82,92,19,51,30,103" hai2="135,28,27,89,83,15,90,2,57,6,29,96,7" hai3="127,63,69,132,25,113,60,81,93,95,16,101,94"/><T116/><D116/><U4/><E121/><V50/><F2/><W102/><G113/><N who="1" m="43594" /><E36/><V43/><F135/><W35/><G132/><T106/><D0/><U55/><E129/><V123/><F123/><W13/><G127/><T21/><D106/><U86/><E4/><V71/><F71/><W100/><G69/><T131/><D131/><U70/><E19/><V87/><F43/><W105/><G105/><T117/><D117/><U75/><E75/><V107/><F15/><W42/><G42/><T48/><D21/><U9/><E9/><V119/><F119/><W133/><G133/><T11/><D11/><U65/><E65/><V5/><F27/><W66/><G81/><T84/><D77/><U91/><E70/><V78/><F107/><W111/><G111/><T59/><D74/><U128/><E128/><V109/><F109/><W124/><G124/><T67/><D108/><U53/><E51/><V72/><F72/><W26/><G35/><AGARI ba="0,0" hai="24,30,35,53,55,82,86,91,92,98,103" m="43594" machi="35" ten="30,1000,0" yaku="11,1" doraHai="54" who="1" fromWho="3" sc="250,0,250,10,250,0,250,-10" /><INIT seed="1,0,0,3,4,62" ten="250,260,250,240" oya="1" hai0="129,86,108,77,55,101,57,59,60,82,41,4,104" hai1="39,3,23,8,110,114,112,85,5,127,120,76,105" hai2="51,2,111,45,130,102,38,20,54,95,13,19,48" hai3="68,31,33,88,91,27,80,46,7,94,10,78,11"/><U42/><E105/><V17/><F111/><W79/><G68/><T99/><D108/><U81/><E110/><V64/><F130/><W43/><G79/><T56/><D129/><U74/><E120/><V124/><F124/><W0/><G11/><T107/><D107/><U115/><E127/><V118/><F118/><W58/><G58/><T36/><D41/><U37/><E37/><V116/><F116/><W100/><G100/><T15/><D36/><U9/><E9/><V52/><F38/><W1/><G1/><T126/><D126/><U63/><E23/><V29/><F2/><W121/><G121/><T69/><D69/><U14/><E14/><V125/><F125/><W73/><REACH who="3" step="1"/><G94/><REACH who="3" ten="250,260,250,230" step="2"/><T106/><D106/><U25/><E8/><V44/><F95/><W65/><G65/><T132/><D101/><U92/><E92/><V16/><F102/><W75/><G75/><T113/><D77/><U83/><E3/><V135/><F135/><W109/><G109/><T119/><D132/><U49/><E76/><V87/><F64/><W24/><G24/><T96/><D59/><U53/><E25/><N who="2" m="16551" /><F87/><W71/><G71/><T67/><D86/><U134/><E85/><V35/><F35/><W131/><G131/><T61/><D104/><U47/><E74/><V12/><AGARI ba="0,1" hai="12,13,16,17,19,44,45,48,51,52,54" m="16551" machi="12" ten="30,4000,0" yaku="8,1,54,2" doraHai="62" who="2" fromWho="2" sc="250,-10,260,-20,250,50,230,-10" /><INIT seed="2,0,0,1,3,130" ten="240,240,300,220" oya="2" hai0="99,57,17,113,131,23,22,129,15,70,69,54,62" hai1="115,19,25,123,127,87,49,84,100,41,56,98,47" hai2="119,9,10,135,102,111,39,45,4,34,44,13,97" hai3="5,66,75,90,8,117,55,132,36,2,80,76,105"/><V86/><F119/><W94/><G117/><T11/><D113/><U20/><E127/><V42/><F34/><W28/><G66/><T6/><D23/><U26/><E123/><V114/><F114/><W72/><G72/><T3/><REACH who="0" step="1"/><D99/><REACH who="0" ten="230,240,300,220" step="2"/><U71/><E115/><V65/><F97/><W52/><G28/><T124/><D124/><U7/><E71/><AGARI ba="0,1" hai="3,6,11,15,17,22,54,57,62,69,70,71,129,131" machi="71" ten="40,1300,0" yaku="1,1,53,0" doraHai="130" doraHaiUra="31" who="0" fromWho="1" sc="230,23,240,-13,300,0,220,0" /><INIT seed="3,0,0,0,1,132" ten="253,227,300,220" oya="3" hai0="4,77,78,56,94,76,20,39,61,6,114,103,7" hai1="69,87,128,74,41,70,3,36,5,115,44,82,53" hai2="64,84,34,86,73,98,63,92,124,57,33,121,95" hai3="37,28,16,8,62,89,30,123,133,9,104,43,105"/><W125/><G123/><T47/><D114/><U55/><E115/><V81/><F121/><W129/><G133/><T83/><D20/><U23/><E128/><V106/><F106/><W119/><G119/><T22/><D22/><U32/><E32/><V71/><F73/><W11/><G129/><T97/><D47/><U102/><E102/><V68/><F124/><W80/><G43/><T50/><D50/><U88/><E23/><V75/><F75/><W118/><G37/><T24/><D24/><U96/><E96/><V21/><F21/><W59/><G118/><T117/><D39/><U131/><E131/><V40/><F40/><W42/><G42/><T46/><D46/><U130/><E130/><V27/><F86/><N who="3" m="50375" /><G104/><T90/><D117/><U127/><E127/><V38/><F38/><W135/><G105/><T110/><D110/><U49/><E74/><V79/><F95/><W116/><G116/><T52/><REACH who="0" step="1"/><D103/><REACH who="0" ten="243,227,300,220" step="2"/><U113/><E113/><V109/><F109/><W66/><G135/><T12/><D12/><U2/><E2/><V65/><F27/><W108/><G108/><T112/><D112/><U31/><E31/><N who="3" m="11818" /><G125/><T13/><D13/><AGARI ba="0,1" hai="8,9,11,13,16,59,62,66" m="11818,50375" machi="13" ten="30,2900,0" yaku="8,1,54,1" doraHai="132" who="3" fromWho="0" sc="243,-29,227,0,300,0,220,39" /><INIT seed="3,1,0,2,2,121" ten="214,227,300,259" oya="3" hai0="38,55,2,7,96,49,4,91,22,29,46,13,23" hai1="74,27,41,43,42,92,95,114,37,53,57,10,70" hai2="94,102,28,15,45,109,67,79,104,33,89,16,128" hai3="65,131,50,56,83,127,18,60,39,113,129,80,135"/><W48/><G113/><T31/><D2/><U107/><E74/><V51/><F67/><W63/><G39/><T25/><D38/><U20/><E107/><V86/><F128/><N who="3" m="49227" /><G127/><T40/><D40/><U6/><E70/><V126/><F126/><W123/><G123/><T99/><D91/><U26/><E114/><V106/><F102/><W64/><G18/><N who="0" m="10575" /><D31/><U88/><E95/><V36/><F36/><W125/><G125/><T35/><D35/><U101/><E101/><V3/><F3/><W120/><G120/><T93/><D99/><N who="1" m="57735" /><E37/><V9/><F79/><W111/><G111/><T81/><D81/><N who="3" m="31305" /><G135/><T90/><AGARI ba="1,0" hai="4,7,23,25,29,46,49,55,90,93,96" m="10575" machi="90" ten="30,1100,0" yaku="8,1" doraHai="121" who="0" fromWho="0" sc="214,14,227,-4,300,-4,259,-6" /><INIT seed="4,0,0,1,3,24" ten="228,223,296,253" oya="0" hai0="121,35,64,14,20,79,63,101,111,102,128,99,123" hai1="120,29,46,94,116,113,28,4,109,52,12,81,31" hai2="107,112,7,17,37,6,38,93,86,68,134,62,73" hai3="114,51,85,108,80,44,49,124,21,117,3,130,2"/><T19/><D35/><U55/><E109/><V98/><F17/><W133/><G114/><T56/><D111/><U11/><E116/><V32/><F32/><W26/><G117/><T125/><D125/><U23/><E120/><V33/><F33/><W82/><G108/><T127/><D127/><U106/><E106/><V129/><F86/><W126/><G130/><T76/><D128/><U89/><E81/><V70/><F107/><W83/><G133/><T71/><D102/><U135/><E135/><V84/><F84/><W67/><G67/><T18/><D71/><U30/><E113/><V91/><F73/><W100/><G100/><T122/><REACH who="0" step="1"/><D19/><REACH who="0" ten="218,223,296,253" step="2"/><U131/><E131/><V58/><F70/><W40/><G126/><T48/><D48/><U47/><E47/><V57/><F68/><W66/><G124/><T77/><D77/><U15/><E46/><V59/><F129/><W45/><G44/><T69/><D69/><U92/><E28/><V39/><F112/><W60/><G49/><T103/><D103/><U34/><E34/><V13/><F134/><W72/><G72/><T78/><D78/><U118/><E118/><V104/><F39/><W74/><G74/><T115/><D115/><U43/><E30/><V95/><F38/><W53/><G45/><T96/><D96/><U61/><E29/><V97/><F37/><W105/><G51/><T54/><D54/><U10/><E31/><V87/><F98/><W90/><G53/><T16/><D16/><U88/><E55/><V5/><F97/><W8/><G85/><T42/><D42/><U27/><E43/><RYUUKYOKU ba="0,1" sc="218,30,223,-10,296,-10,253,-10" hai0="14,18,20,56,63,64,76,79,99,101,121,122,123" /><INIT seed="4,1,1,0,4,118" ten="248,213,286,243" oya="0" hai0="116,58,72,31,108,86,20,67,84,0,18,51,30" hai1="100,114,81,16,8,92,6,83,66,104,99,2,38" hai2="128,88,107,110,40,127,27,10,125,77,24,49,7" hai3="62,65,121,130,29,13,98,73,89,126,37,71,132"/><T45/><D116/><U131/><E38/><V19/><F107/><W111/><G111/><T57/><D72/><U85/><E131/><V50/><F110/><W134/><G37/><T54/><D0/><U117/><E117/><V35/><F77/><W4/><G73/><T80/><D108/><U15/><E104/><V78/><F78/><W93/><G130/><T101/><D101/><U43/><E43/><V133/><F128/><W109/><G109/><T11/><D11/><U33/><E33/><V91/><F133/><N who="3" m="51307" /><G29/><N who="0" m="10763" /><D67/><U60/><E114/><V42/><F19/><W94/><G94/><T21/><D86/><U1/><E6/><V23/><F7/><W5/><G126/><T75/><D75/><U123/><E1/><V120/><F10/><N who="3" m="4295" /><G5/><T103/><D103/><U3/><E3/><V115/><F115/><W69/><G121/><T17/><D21/><U102/><E123/><V90/><F23/><W52/><G52/><T105/><D105/><U47/><E2/><V106/><F106/><W63/><G63/><T39/><D39/><U46/><E100/><V9/><F120/><W22/><G22/><T14/><D18/><U34/><E34/><V26/><F35/><W70/><AGARI ba="1,1" hai="62,65,69,70,71,89,93,98" m="4295,51307" machi="70" ten="30,1100,0" yaku="20,1" doraHai="118" who="3" fromWho="3" sc="248,-6,213,-4,286,-4,243,24" /><INIT seed="5,0,0,3,4,34" ten="242,209,282,267" oya="1" hai0="70,62,53,43,118,9,50,109,23,135,117,49,67" hai1="125,106,89,59,47,98,94,90,126,2,91,105,134" hai2="92,119,95,75,30,93,84,8,17,38,60,0,37" hai3="73,25,19,32,114,31,27,111,87,64,131,83,39"/><U45/><E134/><V3/><F119/><W69/><G111/><T103/><D109/><U46/><E59/><V101/><F75/><W116/><G39/><T22/><D135/><U14/><E14/><V21/><F101/><W113/><G73/><T88/><D103/><U33/><E33/><V41/><F30/><W29/><G19/><T7/><D43/><U120/><E120/><V28/><F28/><W6/><G6/><T115/><D115/><N who="3" m="44041" /><G131/><T51/><D53/><U18/><E18/><V102/><F84/><W10/><G10/><T56/><D70/><U57/><E57/><V71/><F60/><N who="3" m="40071" /><G116/><T44/><D118/><U15/><E15/><V108/><F8/><W76/><G29/><T1/><D44/><U66/><E66/><V128/><F38/><W130/><G130/><T72/><D72/><U26/><E26/><AGARI ba="0,0" hai="25,26,27,31,32,76,83,87" m="40071,44041" machi="26" ten="30,1000,0" yaku="15,1" doraHai="34" who="3" fromWho="1" sc="242,0,209,-10,282,0,267,10" /><INIT seed="6,0,0,3,3,129" ten="242,199,282,277" oya="2" hai0="75,87,135,28,67,126,53,134,71,133,61,115,112" hai1="34,30,93,104,55,47,79,32,11,88,117,73,111" hai2="39,74,46,43,42,64,85,119,66,48,44,60,62" hai3="59,15,8,13,50,52,90,33,18,103,70,106,27"/><V100/><F74/><W12/><G70/><T84/><D75/><U101/><E111/><V31/><F31/><W98/><REACH who="3" step="1"/><G90/><REACH who="3" ten="242,199,282,267" step="2"/><T35/><D126/><U102/><E117/><V114/><F119/><W65/><G65/><T83/><D53/><U130/><E130/><V14/><F66/><W82/><G82/><T107/><D107/><U131/><E131/><V124/><F64/><W29/><AGARI ba="0,1" hai="8,12,13,15,18,27,29,33,50,52,59,98,103,106" machi="29" ten="30,4000,0" yaku="1,1,0,1,54,1,53,0" doraHai="129" doraHaiUra="72" who="3" fromWho="3" sc="242,-10,199,-10,282,-20,267,50" /><INIT seed="7,0,0,0,3,135" ten="232,189,262,317" oya="3" hai0="7,40,50,63,91,74,30,128,9,117,33,105,2" hai1="120,69,107,60,46,48,36,26,92,11,6,87,67" hai2="103,47,24,77,93,27,14,20,108,3,106,122,113" hai3="5,17,109,43,110,70,101,83,66,71,38,73,49"/><W41/><G101/><T13/><D117/><U56/><E120/><V94/><F3/><W4/><G38/><T97/><D74/><U52/><E107/><V8/><F27/><W126/><G17/><T0/><D128/><U129/><E129/><V127/><F77/><W29/><G29/><T80/><D63/><U61/><E26/><V81/><F81/><W12/><G12/><T124/><D30/><U57/><E92/><V100/><F47/><W10/><G10/><T115/><D33/><U78/><E36/><V116/><F106/><W130/><G83/><T123/><D123/><U133/><E133/><V112/><F94/><W89/><G66/><T86/><D115/><U62/><E78/><V68/><F93/><W34/><G34/><T96/><D105/><U44/><E87/><V85/><F85/><W79/><G79/><T21/><D0/><U1/><E48/><V42/><F113/><W76/><G76/><T121/><D121/><U25/><REACH who="1" step="1"/><E25/><REACH who="1" ten="232,179,262,317" step="2"/><V131/><F24/><W55/><G49/><T99/><D50/><U125/><E125/><V23/><F127/><W95/><G126/><T84/><D124/><U64/><AGARI ba="0,1" hai="1,6,11,44,46,52,56,57,60,61,62,64,67,69" machi="64" ten="20,5200,0" yaku="1,1,0,1,7,1,54,1,53,0" doraHai="135" doraHaiUra="45" who="1" fromWho="1" sc="232,-13,179,62,262,-13,317,-26" /><INIT seed="8,0,0,3,2,82" ten="219,241,249,291" oya="0" hai0="72,86,46,67,22,69,109,32,120,59,97,80,111" hai1="49,104,122,58,55,91,56,75,14,41,31,68,3" hai2="43,95,103,66,132,133,4,60,6,135,74,47,123" hai3="98,118,64,63,7,38,87,124,116,10,101,83,19"/><T85/><D120/><U79/><E3/><V71/><F74/><W9/><G38/><T57/><D32/><U27/><E104/><V89/><F103/><W76/><G19/><T28/><D69/><U2/><E2/><V105/><F105/><N who="3" m="63671" /><G7/><T93/><D72/><U88/><E122/><V1/><F1/><W94/><G94/><T102/><D46/><U21/><E68/><V30/><F30/><W23/><G23/><T12/><D67/><U119/><E119/><N who="3" m="45610" /><G124/><T131/><D131/><U61/><E14/><V62/><F123/><W70/><AGARI ba="0,0" hai="9,10,63,64,70,76,83,87" m="45610,63671" machi="70" ten="30,2000,0" yaku="16,1,52,1" doraHai="82" who="3" fromWho="3" sc="219,-10,241,-5,249,-5,291,20" owari="209,-29.0,236,-16.0,244,4.0,311,41.0" /></mjloggm>