<mjloggm ver="2.3"><GO type="169" lobby="0"/><UN n0="%E5%B0%B1%E6%B4%BB%E7%94%9F%40%E5%B7%9D%E6%9D%91%E8%BB%8D%E5%9B%A3" n1="%E3%81%BC%E3%82%89" n2="%41%6B%6B%69%79" n3="%E9%AE%AB%E5%B3%B6%E5%AE%8F%E6%98%8C%CE%B1" dan="18,16,16,16" rate="2282.00,2068.32,2054.99,2052.24" sx="M,M,M,M"/><TAIKYOKU oya="0"/><INIT seed="0,0,0,2,1,31" ten="250,250,250,250" oya="0" hai0="60,56,2,90,88,36,95,61,52,67,13,108,103" hai1="15,80,65,70,49,12,89,10,19,71,126,26,79" hai2="39,40,43,57,30,17,102,11,123,78,69,94,124" hai3="84,111,22,27,77,64,18,120,62,91,106,14,119"/><T72/><D2/><U112/><E126/><V34/><F69/><W104/><G119/><T127/><D72/><U83/><E65/><V81/><F124/><W75/><G120/><T97/><D36/><U116/><E116/><V85/><F39/><W25/><G111/><T0/><D0/><U59/><E12/><V117/><F117/><W32/><G75/><T99/><D127/><U101/><E101/><V100/><F34/><W47/><G47/><T130/><D130/><U114/><E89/><V74/><F30/><W44/><G77/><T98/><D108/><U38/><E26/><V37/><F37/><W9/><G44/><T133/><D133/><U109/><E38/><V41/><F74/><W96/><G96/><T66/><D13/><U76/><E109/><V7/><F17/><W1/><G27/><T129/><D129/><U29/><E29/><V54/><F94/><W51/><G51/><T107/><D61/><U42/><E83/><V118/><F123/><W82/><G1/><T121/><D121/><U45/><E59/><V50/><F118/><W5/><REACH who="3" step="1"/><G32/><REACH who="3" ten="250,250,250,240" step="2"/><T4/><D4/><U6/><E6/><V20/><F7/><W93/><G93/><AGARI ba="0,1" hai="52,56,60,66,67,88,90,93,95,97,98,99,103,107" machi="93" ten="40,7700,0" yaku="9,1,54,2" doraHai="31" who="0" fromWho="3" sc="250,87,250,0,250,0,240,-77" /><INIT seed="0,1,0,4,1,33" ten="337,250,250,163" oya="0" hai0="128,14,22,35,118,99,106,91,101,124,107,9,82" hai1="56,32,42,64,4,43,79,31,30,50,104,0,60" hai2="119,81,69,28,66,23,98,77,94,8,125,54,41" hai3="100,71,20,19,58,111,38,3,116,70,18,114,25"/><T127/><D35/><U37/><E37/><V72/><F125/><N who="0" m="48202" /><D22/><U117/><E104/><N who="0" m="39977" /><D14/><U133/><E133/><V88/><F119/><W10/><G38/><T89/><D9/><U108/><E108/><V44/><F54/><W49/><G116/><T5/><D5/><U86/><E117/><V75/><F75/><W121/><G121/><T115/><D118/><U123/><E123/><V40/><F40/><W7/><G114/><T48/><D48/><U67/><E64/><V96/><F96/><W52/><G111/><T63/><D63/><U87/><E86/><V24/><F8/><W17/><REACH who="3" step="1"/><G100/><REACH who="3" ten="337,250,250,153" step="2"/><T95/><D115/><U80/><E32/><V62/><F41/><W34/><G34/><T59/><D128/><U46/><E42/><V51/><F51/><W45/><G45/><T105/><D59/><U90/><E43/><V109/><F44/><W11/><G11/><T47/><D47/><U26/><E46/><V27/><F109/><W78/><G78/><T129/><D129/><U84/><E50/><V76/><F76/><W65/><G65/><T122/><D122/><U113/><E113/><V57/><REACH who="2" step="1"/><F27/><REACH who="2" ten="337,250,240,153" step="2"/><W102/><G102/><T112/><D112/><U39/><E26/><V21/><F21/><W135/><G135/><T12/><D105/><U134/><E134/><V92/><F92/><W130/><G130/><T1/><D95/><U85/><E79/><V53/><F53/><W103/><G103/><T29/><D101/><U132/><E132/><V110/><F110/><W131/><G131/><T83/><D91/><U120/><E90/><V126/><F126/><RYUUKYOKU ba="1,2" sc="337,-15,250,-15,240,15,153,15" hai2="23,24,28,57,62,66,69,72,77,81,88,94,98" hai3="3,7,10,17,18,19,20,25,49,52,58,70,71" /><INIT seed="1,2,2,2,5,20" ten="322,235,255,168" oya="1" hai0="89,91,15,19,112,114,73,6,1,42,38,21,120" hai1="16,123,103,121,63,43,111,40,135,26,61,116,34" hai2="52,49,79,133,83,87,127,64,56,80,57,41,0" hai3="68,9,7,45,59,5,100,28,35,65,46,25,122"/><U50/><E116/><V99/><F0/><W119/><G122/><T39/><D73/><U117/><E117/><V13/><F133/><W132/><G119/><T8/><D120/><U69/><E135/><V90/><F127/><W131/><G132/><T44/><REACH who="0" step="1"/><D38/><REACH who="0" ten="312,235,255,168" step="2"/><U76/><E121/><V118/><F118/><W4/><G131/><T24/><D24/><U48/><E123/><V29/><F41/><W97/><G68/><T102/><D102/><U126/><E126/><V70/><F70/><W81/><G81/><T71/><D71/><U128/><E69/><V106/><F83/><W10/><G65/><T109/><D109/><U101/><E111/><V23/><F64/><W98/><G59/><T22/><D22/><U115/><E115/><AGARI ba="2,3" hai="1,6,8,15,19,21,39,42,44,89,91,112,114,115" machi="115" ten="40,1300,0" yaku="1,1,53,0" doraHai="20" doraHaiUra="82" who="0" fromWho="1" sc="312,49,235,-19,255,0,168,0" /><INIT seed="2,0,0,3,2,108" ten="361,216,255,168" oya="2" hai0="131,60,99,123,12,89,76,25,14,109,82,98,57" hai1="43,30,49,53,44,54,92,114,2,88,61,29,18" hai2="125,9,74,87,15,34,116,135,70,31,38,58,8" hai3="6,3,81,128,0,11,32,117,75,40,107,84,85"/><V35/><F74/><W86/><G117/><T39/><D39/><U121/><E114/><V106/><F106/><W19/><G107/><T16/><D109/><U97/><E121/><V41/><F70/><W133/><G133/><T73/><D131/><U112/><E112/><V129/><F58/><W27/><G128/><T50/><D50/><U10/><E2/><V110/><F41/><W13/><G0/><T63/><D63/><U132/><E132/><V65/><F65/><W100/><G100/><T91/><D123/><U66/><E53/><V72/><F87/><W67/><G67/><T90/><D25/><U126/><E126/><V7/><F72/><W22/><G40/><T17/><D14/><N who="1" m="7511" /><E66/><V69/><F69/><W55/><G55/><T5/><D5/><U122/><E122/><V102/><F102/><W78/><REACH who="3" step="1"/><G75/><REACH who="3" ten="361,216,255,158" step="2"/><T68/><D68/><U104/><E104/><V101/><F101/><W26/><G26/><T113/><D113/><U4/><E54/><V59/><F116/><W127/><G127/><T45/><D45/><U79/><E43/><V111/><F135/><W21/><G21/><T83/><D12/><U130/><E130/><V51/><F15/><W52/><G52/><T103/><D103/><U95/><E44/><V77/><F129/><W56/><G56/><T24/><D24/><U64/><E64/><V134/><F59/><W96/><G96/><N who="0" m="36907" /><D57/><U20/><E97/><V71/><F125/><W62/><G62/><T46/><D46/><U105/><E61/><V33/><F134/><W93/><G93/><T37/><D73/><U80/><E92/><RYUUKYOKU ba="0,1" sc="361,-10,216,-10,255,-10,158,30" hai3="3,6,11,13,19,22,27,32,78,81,84,85,86" /><INIT seed="3,1,1,0,0,62" ten="351,206,245,188" oya="3" hai0="90,7,47,64,119,10,0,130,120,66,117,105,34" hai1="49,128,9,132,108,98,124,60,111,126,38,65,32" hai2="58,28,135,76,8,96,127,109,20,87,14,59,118" hai3="57,40,15,115,2,74,80,50,56,52,78,77,86"/><W41/><G115/><T72/><D120/><U112/><E112/><V27/><F109/><N who="1" m="42057" /><E38/><V46/><F135/><W100/><G2/><T84/><D72/><U69/><E132/><V133/><F127/><N who="1" m="48681" /><E32/><V6/><F118/><W106/><G106/><T42/><D34/><U43/><E98/><V113/><F113/><W122/><G122/><T129/><D105/><U94/><E94/><V82/><F133/><W51/><G100/><T99/><D99/><U114/><E114/><V35/><F96/><W5/><G74/><T26/><D26/><U29/><E29/><V88/><F35/><W107/><G107/><T36/><D119/><U71/><E9/><V54/><F76/><W93/><G93/><N who="0" m="54471" /><D117/><U18/><E18/><V31/><F31/><W68/><G68/><T53/><D53/><U44/><E128/><AGARI ba="1,1" hai="0,7,10,36,42,47,64,66,128,129,130" m="54471" machi="128" ten="30,3900,0" yaku="19,1,52,2" doraHai="62" who="0" fromWho="1" sc="351,52,206,-42,245,0,188,0" /><INIT seed="4,0,0,3,2,119" ten="403,164,245,188" oya="0" hai0="41,52,98,66,56,53,111,63,43,62,118,19,130" hai1="48,50,5,20,124,110,0,16,3,45,135,65,96" hai2="55,86,121,104,70,92,64,6,27,132,2,11,79" hai3="47,82,77,123,83,54,90,103,114,33,117,102,101"/><T21/><D118/><U73/><E110/><V25/><F132/><W1/><G33/><T125/><D111/><U31/><E73/><V57/><F104/><W127/><G1/><T4/><D130/><U39/><E135/><V109/><F109/><W46/><G123/><T97/><D125/><U85/><E124/><V14/><F64/><W72/><G127/><T9/><D41/><U99/><E31/><V134/><F70/><W22/><G117/><T60/><D43/><U76/><E39/><V13/><F2/><W120/><G120/><T112/><D112/><U87/><E65/><V29/><F134/><W75/><G114/><T30/><D30/><U88/><E3/><V35/><F27/><W59/><G22/><T105/><D105/><U91/><E5/><V84/><F121/><W108/><G108/><T37/><D37/><U42/><E50/><V74/><F13/><W133/><G133/><T38/><D38/><U115/><E115/><V68/><F68/><W71/><G71/><T128/><D128/><U122/><E122/><V93/><F74/><W23/><G23/><T58/><D9/><U18/><E76/><V28/><F28/><W94/><G72/><T24/><D4/><U61/><E61/><N who="2" m="36031" /><F79/><W81/><G77/><T40/><D40/><U10/><E10/><V80/><F80/><W129/><G129/><T89/><D89/><N who="1" m="34379" /><E0/><V67/><F67/><W100/><N who="3" m="26112" /><DORA hai="36" /><W15/><G15/><T8/><D8/><U7/><E7/><V17/><F6/><W34/><G34/><T69/><AGARI ba="0,0" hai="19,21,24,52,53,56,58,60,62,63,66,69,97,98" machi="69" ten="20,7800,0" yaku="0,1,7,1,9,1,54,1" doraHai="119,36" who="0" fromWho="0" sc="403,78,164,-26,245,-26,188,-26" /><INIT seed="4,1,0,4,1,22" ten="481,138,219,162" oya="0" hai0="96,45,7,88,117,47,65,40,62,89,122,57,28" hai1="78,3,59,46,83,54,12,66,106,123,1,129,100" hai2="42,87,30,110,115,50,86,19,94,34,18,103,71" hai3="133,4,131,79,33,15,8,64,124,36,81,35,97"/><T105/><D122/><U74/><E129/><V26/><F110/><W0/><G36/><T58/><D117/><U21/><E123/><V41/><F71/><W67/><G131/><T72/><D72/><U107/><E66/><V92/><F115/><W44/><G133/><T90/><D7/><U24/><E12/><V114/><F114/><W99/><G124/><T128/><D128/><U91/><E46/><V93/><F103/><W5/><G44/><T109/><D109/><U95/><E100/><V108/><F108/><W17/><G4/><T56/><D105/><U116/><E3/><V102/><F102/><W101/><G33/><T134/><D134/><U29/><E1/><V48/><F34/><W14/><G35/><T23/><D96/><U38/><E38/><V37/><F37/><W70/><G70/><T25/><REACH who="0" step="1"/><D47/><REACH who="0" ten="471,138,219,162" step="2"/><U127/><E116/><V69/><F87/><W84/><G99/><T98/><D98/><U2/><E2/><V112/><F86/><W43/><G0/><T82/><D82/><U11/><E107/><V113/><F93/><N who="3" m="58543" /><G43/><T49/><AGARI ba="1,1" hai="23,25,28,40,45,49,56,57,58,62,65,88,89,90" machi="49" ten="30,12000,1" yaku="1,1,0,1,8,1,52,1,54,1,53,0" doraHai="22" doraHaiUra="13" who="0" fromWho="0" sc="471,133,138,-41,219,-41,162,-41" /><INIT seed="4,2,0,0,1,42" ten="604,97,178,121" oya="0" hai0="104,15,86,24,110,2,96,49,45,14,98,69,31" hai1="79,25,93,20,91,22,37,128,88,95,126,103,64" hai2="77,102,92,21,5,16,57,50,68,44,26,39,67" hai3="43,7,75,30,34,80,33,113,83,58,4,119,71"/><T12/><D2/><U46/><E128/><V112/><F112/><W81/><G71/><T60/><D110/><U134/><E126/><V76/><F39/><W29/><G75/><T125/><D125/><U53/><E134/><V82/><F68/><W3/><G3/><T101/><D96/><U116/><E116/><V85/><F5/><N who="3" m="2123" /><G119/><T13/><D86/><U106/><E64/><V61/><F77/><W40/><G113/><T97/><D97/><N who="1" m="59839" /><E106/><V130/><F130/><W87/><G87/><T132/><D132/><U10/><E37/><V6/><F6/><W48/><G58/><T115/><D115/><U65/><E65/><V84/><F84/><W121/><G48/><T19/><D19/><U107/><E107/><V127/><F127/><W54/><G54/><T23/><D69/><U38/><E38/><V108/><F108/><W27/><G27/><T32/><D60/><U109/><E79/><V124/><F124/><W90/><G90/><N who="1" m="34346" /><E109/><V117/><F117/><W17/><G17/><T0/><D0/><U133/><E133/><V56/><F56/><W100/><G100/><T66/><D66/><U63/><E10/><V122/><F122/><W52/><G52/><T105/><D105/><U135/><E135/><V118/><F118/><W129/><G129/><T11/><D11/><U35/><E93/><V8/><F8/><W114/><G114/><T123/><D123/><U51/><E63/><V99/><F50/><W94/><G94/><T36/><N who="0" m="3584" /><DORA hai="74" /><T78/><D36/><U55/><E55/><V28/><F28/><N who="3" m="10859" /><G121/><T47/><D104/><U72/><E72/><RYUUKYOKU ba="2,0" sc="604,-30,97,10,178,10,121,10" hai1="20,22,25,35,46,51,53" hai2="16,21,26,44,57,61,67,76,82,85,92,99,102" hai3="33,34,40,43,80,81,83" /><INIT seed="5,3,0,1,5,129" ten="574,107,188,131" oya="1" hai0="120,78,46,69,63,67,27,98,33,24,91,66,42" hai1="83,37,36,61,103,16,107,38,94,92,72,132,115" hai2="82,41,23,47,90,128,57,73,29,112,127,125,49" hai3="118,58,13,10,80,1,113,14,34,105,108,43,104"/><U9/><E115/><V124/><F128/><W79/><G118/><T39/><D120/><U121/><E121/><V54/><F112/><W48/><G108/><T75/><D66/><U87/><E72/><V116/><F116/><W55/><G34/><T11/><D33/><U50/><E61/><V97/><F97/><W31/><G113/><T93/><D75/><U102/><E132/><V99/><F99/><W52/><G31/><T84/><D11/><U88/><E50/><V56/><F90/><W65/><G1/><T96/><D96/><U22/><E9/><V20/><F57/><W28/><G28/><T71/><D71/><U15/><REACH who="1" step="1"/><E107/><REACH who="1" ten="574,97,188,131" step="2"/><V85/><F73/><W17/><G105/><T6/><D6/><U117/><E117/><V26/><F125/><W131/><G131/><T12/><D63/><U5/><E5/><V134/><F134/><W35/><G104/><T126/><D126/><U89/><E89/><V60/><F127/><W21/><G65/><T101/><D67/><U68/><E68/><V70/><F70/><W7/><G43/><T19/><D69/><U119/><E119/><V62/><F62/><W133/><G133/><T100/><D78/><U77/><E77/><N who="2" m="46287" /><F124/><W76/><G79/><T64/><D64/><U95/><AGARI ba="3,1" hai="15,16,22,36,37,38,83,87,88,92,94,95,102,103" machi="95" ten="40,12000,1" yaku="1,1,0,1,54,2,53,0" doraHai="129" doraHaiUra="44" who="1" fromWho="1" sc="574,-43,97,139,188,-43,131,-43" /><INIT seed="5,4,0,5,4,55" ten="531,236,145,88" oya="1" hai0="33,23,91,2,101,48,24,122,49,87,53,76,5" hai1="60,123,31,83,41,29,26,8,9,95,112,103,124" hai2="105,84,115,121,46,44,36,25,65,70,43,66,17" hai3="108,40,62,67,57,71,125,96,21,68,116,54,58"/><U100/><E123/><V15/><F105/><W50/><G96/><T104/><D33/><U94/><E112/><V0/><F0/><W88/><G116/><T10/><D122/><U129/><E129/><V52/><F121/><W97/><G125/><T92/><D76/><U30/><E41/><V59/><F115/><W51/><G21/><T7/><D7/><U132/><E132/><V98/><F98/><W81/><G108/><T1/><D1/><U20/><E83/><V39/><F70/><N who="3" m="26667" /><G81/><T75/><D75/><U16/><E60/><V34/><F84/><W90/><G97/><T42/><D42/><U35/><E35/><V73/><F73/><W102/><G102/><N who="1" m="38954" /><E124/><V128/><F128/><W45/><G88/><T56/><D101/><U109/><E109/><V135/><F135/><W19/><G19/><T69/><D69/><U117/><E117/><V118/><F118/><W38/><G90/><T113/><D104/><U13/><E9/><V127/><F127/><W131/><G131/><T77/><D113/><U14/><E14/><V18/><F18/><AGARI ba="4,0" hai="8,13,16,18,20,26,29,30,31,94,95" m="38954" machi="18" ten="30,2900,0" yaku="8,1,54,1" doraHai="55" who="1" fromWho="2" sc="531,0,236,41,145,-41,88,0" /><INIT seed="5,5,0,3,4,16" ten="531,277,104,88" oya="1" hai0="115,94,5,100,62,19,60,54,131,90,73,127,71" hai1="125,24,45,70,103,52,126,84,30,65,11,89,119" hai2="36,109,35,117,55,75,120,87,124,6,91,132,74" hai3="48,66,33,88,121,63,22,34,93,29,21,50,23"/><U108/><E119/><V68/><RYUUKYOKU type="yao9" ba="5,0" sc="531,0,277,0,104,0,88,0" hai2="6,35,36,55,68,74,75,87,91,109,117,120,124,132" /><INIT seed="5,6,0,2,5,115" ten="531,277,104,88" oya="1" hai0="96,106,35,42,124,134,38,121,119,36,80,17,34" hai1="118,67,129,46,65,107,26,104,110,62,31,48,7" hai2="100,93,68,131,49,50,22,74,16,90,130,57,6" hai3="45,91,97,112,23,84,125,98,69,108,21,58,113"/><U25/><E118/><V10/><F68/><W83/><G69/><T111/><D111/><U1/><E129/><N who="2" m="49163" /><F74/><W14/><G125/><T37/><D42/><U101/><E110/><V11/><F100/><W89/><G108/><T33/><D119/><U70/><E67/><V32/><F32/><W102/><G45/><T39/><D124/><U72/><E72/><V81/><F81/><W40/><G40/><T52/><D134/><U55/><E26/><N who="2" m="14663" /><F57/><W75/><G58/><T47/><D121/><U27/><E27/><V60/><F60/><W28/><G28/><T9/><D80/><U92/><E92/><V13/><F11/><W41/><G41/><T95/><D106/><U103/><E7/><V12/><F13/><W132/><G132/><T127/><D127/><U94/><E1/><V24/><F24/><W133/><G133/><T76/><D76/><U54/><E54/><V43/><F43/><W117/><G117/><T78/><D78/><U61/><E61/><V73/><F73/><W4/><G4/><T99/><D95/><U18/><E18/><V120/><F120/><W122/><G122/><T59/><D39/><U135/><E135/><V29/><F29/><W126/><G126/><T53/><D53/><U3/><E3/><V105/><F105/><W77/><G14/><T44/><D96/><AGARI ba="6,0" hai="6,10,12,49,50,90,93,96" m="14663,49163" machi="96" ten="30,2000,0" yaku="19,1,54,1" doraHai="115" who="2" fromWho="0" sc="531,-38,277,0,104,38,88,0" /><INIT seed="6,0,0,3,1,35" ten="493,277,142,88" oya="2" hai0="120,7,26,30,15,135,87,22,125,12,64,46,32" hai1="3,1,40,52,66,86,127,116,80,78,101,132,53" hai2="102,4,31,65,42,109,77,63,50,76,128,103,133" hai3="74,75,54,17,23,122,62,67,45,16,96,10,94"/><V123/><F123/><W49/><G122/><T36/><D120/><U51/><E116/><V34/><F128/><W81/><G10/><T48/><D36/><U18/><E127/><V110/><F133/><W100/><G81/><T57/><D32/><U119/><E66/><V117/><F117/><W68/><REACH who="3" step="1"/><G17/><REACH who="3" ten="493,277,142,78" step="2"/><T73/><D7/><U107/><E119/><V126/><F4/><W39/><G39/><T20/><D135/><U104/><E132/><V69/><F126/><W6/><G6/><T79/><D125/><U29/><E18/><V118/><F118/><W11/><G11/><T43/><D73/><U124/><E80/><V131/><F131/><W5/><G5/><T98/><D79/><U44/><E78/><V24/><F77/><W134/><G134/><T56/><D30/><U58/><E29/><V14/><F76/><W105/><G105/><T71/><D20/><U90/><E107/><V84/><F109/><W82/><G82/><T47/><D22/><U83/><E124/><V85/><F110/><W115/><G115/><T41/><D15/><AGARI ba="0,1" hai="15,16,23,45,49,54,62,67,68,74,75,94,96,100" machi="15" ten="30,3900,0" yaku="1,1,7,1,54,1,53,0" doraHai="35" doraHaiUra="111" who="3" fromWho="0" sc="493,-39,277,0,142,0,78,49" /><INIT seed="7,0,0,5,2,41" ten="454,277,142,127" oya="3" hai0="3,67,89,39,45,37,57,98,66,56,15,27,65" hai1="52,96,123,54,125,35,130,78,107,101,124,61,44" hai2="122,18,4,28,49,127,97,59,134,132,51,105,0" hai3="69,76,106,42,64,88,118,34,32,38,29,7,46"/><W129/><G118/><T80/><D3/><U13/><E35/><N who="3" m="13354" /><G29/><T5/><D39/><U83/><E123/><V100/><F28/><W99/><G88/><T92/><D37/><U70/><E44/><V6/><F122/><W74/><G129/><T135/><D135/><N who="2" m="51754" /><F127/><N who="1" m="48713" /><E13/><V20/><F59/><N who="0" m="22602" /><D45/><U116/><E116/><V11/><F6/><W108/><G108/><T117/><D117/><U94/><E107/><V82/><F82/><N who="3" m="45335" /><G7/><T26/><D80/><U50/><E50/><V63/><F63/><N who="3" m="40095" /><G99/><T103/><D89/><U85/><E130/><V131/><F131/><W73/><G106/><T33/><D33/><U2/><E2/><V112/><F112/><W126/><G126/><T119/><D119/><U55/><E54/><V10/><F10/><AGARI ba="0,0" hai="5,10,15,26,27,65,66,67,92,98,103" m="22602" machi="10" ten="30,1000,0" yaku="8,1" doraHai="41" who="0" fromWho="2" sc="454,10,277,0,142,-10,127,0" owari="464,56.0,277,8.0,132,-27.0,127,-37.0" /></mjloggm>