<mjloggm ver="2.3"><GO type="169" lobby="0"/><UN n0="%49%53%53%4F%4E%34" n1="%E3%82%A6%E3%83%AB%E3%83%88%E3%83%A9%E7%AB%8B%E7%9B%B4" n2="%74%61%6B%75%61%6B%61" n3="%E3%82%8A%E3%82%81%E3%82%8D" dan="17,18,17,16" rate="2191.91,2225.79,2226.07,2187.78" sx="M,M,M,M"/><TAIKYOKU oya="0"/><INIT seed="0,0,0,1,2,96" ten="250,250,250,250" oya="0" hai0="55,30,110,107,119,89,51,11,36,104,118,0,35" hai1="38,31,1,75,32,87,14,64,27,37,44,69,81" hai2="23,57,45,93,111,43,41,34,109,8,126,131,40" hai3="13,19,90,123,68,26,54,65,71,25,82,39,42"/><T58/><D36/><U62/><E1/><V74/><F34/><W129/><G129/><T128/><D128/><U134/><E134/><V53/><F131/><W48/><G123/><T24/><D110/><U86/><E75/><V84/><F74/><W122/><G122/><T49/><D89/><U114/><E114/><V105/><F105/><W80/><G71/><T112/><D112/><U15/><E87/><V12/><F126/><W56/><G90/><T52/><D118/><U70/><E70/><V73/><F73/><W66/><G82/><T22/><D119/><U132/><E132/><V5/><F45/><N who="3" m="23775" /><G80/><T72/><D72/><U130/><E130/><V102/><F23/><N who="3" m="11759" /><G66/><T133/><D133/><U28/><E28/><V2/><F12/><W92/><G92/><T21/><D21/><U101/><E101/><V9/><F84/><W85/><G85/><T20/><D20/><U120/><E120/><V97/><REACH who="2" step="1"/><F9/><REACH who="2" ten="250,250,240,250" step="2"/><W117/><G117/><T61/><D35/><U7/><E15/><V78/><F78/><W18/><G18/><T135/><D135/><U95/><E44/><V60/><AGARI ba="0,1" hai="2,5,8,40,41,43,53,57,60,93,97,102,109,111" machi="60" ten="30,4000,0" yaku="1,1,0,1,52,1,53,0" doraHai="96" doraHaiUra="124" who="2" fromWho="2" sc="250,-20,250,-10,240,50,250,-10" /><INIT seed="1,0,0,3,5,54" ten="230,240,290,240" oya="1" hai0="14,117,107,1,36,115,108,25,127,62,63,51,87" hai1="80,0,26,65,85,7,132,92,55,32,121,33,91" hai2="18,122,126,20,100,73,77,59,118,72,12,57,64" hai3="47,21,6,34,119,44,131,35,17,28,116,133,104"/><U129/><E121/><V61/><F122/><W22/><G104/><T10/><D115/><U31/><E129/><V30/><F118/><N who="3" m="45099" /><G131/><T11/><D36/><U52/><E132/><V8/><F126/><W76/><G76/><T128/><D117/><U102/><E33/><N who="3" m="12298" /><G47/><T23/><D107/><U96/><REACH who="1" step="1"/><E65/><REACH who="1" ten="230,230,290,240" step="2"/><V45/><F64/><W120/><G133/><T69/><D128/><U89/><E89/><V81/><F100/><W42/><G120/><T114/><D127/><U48/><E48/><V24/><F61/><W74/><G28/><T41/><D62/><U83/><E83/><V98/><F81/><W110/><G17/><T71/><D63/><U53/><E53/><V99/><F30/><W37/><G6/><T67/><D67/><U123/><E123/><V68/><F18/><W130/><G130/><T86/><D51/><U125/><E125/><V3/><F77/><W46/><G37/><T19/><D19/><U29/><E29/><V88/><F88/><W78/><G78/><T84/><D114/><U93/><E93/><V82/><F82/><W27/><G42/><T101/><D41/><U109/><E109/><V95/><F95/><W16/><G110/><T124/><D108/><U56/><E56/><V106/><F57/><W43/><G43/><T90/><D124/><U4/><E4/><V60/><F59/><W50/><G50/><T112/><D112/><U5/><E5/><V111/><F111/><W97/><G16/><N who="0" m="8287" /><D101/><U70/><E70/><V13/><F68/><W40/><G40/><T15/><D90/><U94/><E94/><V2/><F106/><RYUUKYOKU ba="0,1" sc="230,-10,230,30,290,-10,240,-10" hai1="0,7,26,31,32,52,55,80,85,91,92,96,102" /><INIT seed="1,1,1,0,2,13" ten="220,260,280,230" oya="1" hai0="86,120,59,67,60,20,121,0,50,69,43,123,111" hai1="48,62,16,117,66,83,51,65,84,12,93,115,53" hai2="33,110,24,126,99,15,29,107,42,10,49,61,130" hai3="55,87,37,96,74,4,7,1,122,113,77,114,119"/><U88/><E115/><V31/><F110/><W34/><G122/><T78/><D0/><U103/><E117/><V39/><F39/><W85/><G37/><T25/><D111/><U68/><E103/><V109/><F109/><W40/><G34/><T112/><D112/><U104/><E104/><V135/><F135/><W79/><G40/><T11/><D11/><U97/><E66/><V17/><F126/><W89/><G1/><T46/><D86/><U19/><E51/><V2/><F130/><W52/><G96/><T91/><D91/><U134/><E134/><V9/><F31/><W38/><G38/><T128/><D78/><U73/><E73/><V72/><F72/><W105/><G74/><T102/><D102/><U54/><E54/><V90/><F61/><W106/><G89/><T70/><REACH who="0" step="1"/><D128/><REACH who="0" ten="210,260,280,230" step="2"/><U32/><E32/><V131/><F2/><W101/><G101/><T57/><D57/><U92/><E97/><V41/><F131/><W22/><G119/><T14/><D14/><U82/><E82/><V30/><F15/><W81/><G81/><T26/><D26/><U76/><E12/><V98/><F98/><W47/><G47/><T129/><D129/><U75/><E93/><V58/><F99/><W116/><G116/><T44/><D44/><AGARI ba="1,2" hai="16,19,44,48,53,62,65,68,75,76,83,84,88,92" machi="44" ten="30,12000,1" yaku="7,1,52,2,54,2" doraHai="13" who="1" fromWho="0" sc="210,-123,260,143,280,0,230,0" /><INIT seed="1,2,0,4,4,37" ten="87,403,280,230" oya="1" hai0="71,99,131,3,49,63,78,13,133,80,98,5,53" hai1="72,89,50,26,122,117,101,93,100,79,75,103,18" hai2="32,47,33,56,46,6,52,51,108,62,61,59,66" hai3="92,97,109,125,27,60,0,88,38,118,16,113,95"/><U128/><E122/><V123/><F123/><W134/><G113/><T96/><D3/><U115/><E115/><V34/><F108/><W2/><G109/><T124/><D71/><U11/><E117/><V87/><F6/><W86/><G118/><T76/><D63/><U135/><E135/><V4/><F4/><W82/><G134/><T67/><D67/><U43/><E128/><V85/><REACH who="2" step="1"/><F46/><REACH who="2" ten="87,403,270,230" step="2"/><W41/><G0/><T84/><D133/><U74/><E79/><V105/><F105/><W110/><G2/><T107/><D107/><U7/><E7/><V116/><F116/><W130/><G110/><T25/><D78/><U65/><E75/><V68/><F68/><W120/><G130/><T55/><D131/><U9/><E74/><V102/><F102/><W15/><G120/><T22/><D124/><U23/><E72/><V77/><F77/><W28/><G125/><T126/><D126/><U14/><E101/><V35/><N who="2" m="8192" /><DORA hai="45" /><V36/><F36/><W40/><G38/><T48/><D5/><U70/><E103/><V129/><F129/><W30/><G95/><T39/><D39/><U69/><E93/><V58/><F58/><W121/><G121/><T10/><D76/><U54/><E70/><V29/><F29/><W19/><G28/><T112/><D112/><U31/><E69/><V132/><F132/><W90/><G30/><T57/><D57/><U127/><E31/><V73/><F73/><W1/><G1/><T114/><D114/><U42/><E127/><V119/><F119/><W104/><G104/><T94/><D94/><U21/><E100/><RYUUKYOKU ba="2,1" sc="87,-10,403,-10,270,30,230,-10" hai2="47,51,52,56,59,61,62,66,85,87" /><INIT seed="2,3,1,3,1,89" ten="77,393,300,220" oya="2" hai0="39,120,5,58,101,12,73,129,70,52,85,18,94" hai1="65,103,20,53,54,83,36,2,80,22,40,4,11" hai2="119,110,24,32,25,30,93,117,113,115,33,50,88" hai3="28,1,26,122,100,118,78,66,97,76,68,63,60"/><V81/><F81/><W87/><G118/><T109/><D120/><U82/><E65/><V13/><F110/><W130/><G122/><T16/><D109/><U64/><E64/><V59/><F13/><W29/><G130/><T91/><D129/><U55/><E40/><V84/><F119/><W75/><G63/><T38/><D70/><U19/><E36/><V21/><F117/><W102/><G102/><T105/><D73/><U90/><E103/><V61/><F50/><W74/><G29/><T77/><D77/><N who="3" m="29801" /><G87/><T112/><D112/><U106/><E106/><V15/><F15/><W116/><G1/><T111/><D5/><U14/><REACH who="1" step="1"/><E90/><REACH who="1" ten="77,383,300,220" step="2"/><V131/><F131/><W71/><G116/><T126/><D111/><U9/><AGARI ba="3,2" hai="2,4,9,11,14,19,20,22,53,54,55,80,82,83" machi="9" ten="40,5200,0" yaku="1,1,2,1,0,1,53,0" doraHai="89" doraHaiUra="62" who="1" fromWho="1" sc="77,-16,383,81,300,-29,220,-16" /><INIT seed="3,0,0,5,4,116" ten="61,464,271,204" oya="3" hai0="20,94,10,26,93,101,55,44,129,82,71,13,5" hai1="51,15,67,134,30,110,88,126,6,133,61,91,105" hai2="22,122,59,54,49,17,132,36,62,28,68,63,100" hai3="124,81,16,84,21,128,19,32,75,11,1,74,79"/><W72/><G32/><T104/><D129/><U69/><E105/><V102/><F132/><W7/><G128/><T9/><D71/><U87/><E110/><V43/><F28/><W117/><G124/><T58/><D104/><U33/><E126/><V40/><F122/><W80/><G117/><T118/><D118/><U112/><E112/><V45/><F40/><W46/><G46/><T57/><D10/><U121/><E121/><V111/><F111/><W42/><G42/><T31/><D82/><U106/><E106/><V47/><F62/><W99/><G99/><T108/><D108/><U113/><E113/><V103/><F45/><W83/><REACH who="3" step="1"/><G19/><REACH who="3" ten="61,464,271,194" step="2"/><T56/><D101/><U64/><E33/><V66/><REACH who="2" step="1"/><F103/><REACH who="2" ten="61,464,261,194" step="2"/><W96/><G96/><T3/><D44/><U86/><E134/><V60/><F60/><W135/><G135/><T27/><D31/><U90/><E61/><V23/><F23/><W115/><G115/><T25/><D20/><U131/><E30/><V120/><F120/><W123/><G123/><T0/><D55/><U114/><E133/><V53/><F53/><W4/><G4/><T89/><D5/><U65/><E114/><V130/><F130/><W119/><G119/><T12/><D58/><U37/><E131/><V109/><F109/><W52/><G52/><T85/><D57/><U97/><E6/><V2/><F2/><W107/><G107/><T50/><D0/><U48/><E97/><V70/><F70/><W77/><G77/><T18/><D3/><U14/><E69/><V35/><F35/><W41/><G41/><T95/><D56/><RYUUKYOKU ba="0,2" sc="61,-15,464,-15,261,15,194,15" hai2="17,22,36,43,47,49,54,59,63,66,68,100,102" hai3="1,7,11,16,21,72,74,75,79,80,81,83,84" /><INIT seed="3,1,2,0,5,76" ten="46,449,276,209" oya="3" hai0="129,41,59,25,135,124,95,103,126,97,2,122,72" hai1="46,7,42,70,29,127,39,61,112,132,3,54,43" hai2="96,10,19,6,66,121,78,57,18,89,0,94,116" hai3="55,130,26,31,77,115,102,12,13,114,60,128,22"/><W88/><G102/><T16/><D122/><U64/><E29/><V1/><F116/><W106/><G106/><T84/><D72/><U110/><E7/><V91/><F121/><W83/><G55/><T68/><D68/><U79/><E79/><V81/><F0/><W69/><G60/><T53/><D2/><U35/><E35/><V87/><F66/><W111/><G69/><T93/><D41/><U15/><E15/><N who="3" m="5706" /><G111/><T92/><D129/><N who="3" m="49769" /><G88/><N who="0" m="53255" /><D135/><U28/><E132/><V37/><F37/><W117/><G117/><T45/><D45/><U108/><E46/><V100/><F57/><W73/><AGARI ba="1,2" hai="22,26,31,73,77,83,114,115" m="49769,5706" machi="73" ten="30,3000,0" yaku="19,1,52,1" doraHai="76" who="3" fromWho="3" sc="46,-11,449,-11,276,-11,209,53" /><INIT seed="3,2,0,2,5,90" ten="35,438,265,262" oya="3" hai0="36,56,87,118,21,127,53,17,114,79,108,40,30" hai1="37,86,92,42,78,14,4,126,121,41,28,46,51" hai2="65,71,10,95,74,104,33,111,99,106,133,18,19" hai3="125,115,55,80,98,72,47,102,45,39,49,85,32"/><W50/><G115/><T100/><D114/><U52/><E121/><V58/><F71/><W13/><G125/><T6/><D118/><U57/><E126/><V3/><F33/><W11/><G32/><T20/><D6/><U1/><E1/><V8/><F74/><W67/><G72/><T134/><D100/><U22/><E37/><V48/><F111/><W31/><G31/><T76/><D40/><U82/><E92/><V81/><F81/><W25/><G25/><T89/><D36/><U129/><E129/><V103/><F133/><W119/><G67/><T44/><D44/><U124/><E124/><V69/><F69/><W9/><G119/><T130/><D127/><U27/><E57/><V2/><F2/><W38/><G13/><N who="0" m="9263" /><D108/><U101/><E101/><V0/><F0/><W73/><G73/><T34/><D34/><U70/><E70/><V112/><F3/><W105/><G38/><T26/><D134/><U63/><E63/><V94/><F106/><W93/><G105/><T131/><D131/><U116/><E116/><V135/><F135/><W60/><G60/><N who="0" m="35855" /><D130/><U75/><E75/><V16/><F112/><W117/><G117/><T132/><D132/><U68/><E68/><V110/><F110/><W12/><G39/><T113/><D113/><U122/><E122/><V64/><F64/><W97/><G45/><T54/><D54/><U24/><E24/><V109/><F65/><W84/><G47/><T96/><D96/><U62/><E62/><V77/><F109/><W120/><G98/><T128/><D128/><U23/><E4/><V7/><F7/><RYUUKYOKU ba="2,0" sc="35,15,438,15,265,-15,262,-15" hai0="21,26,30,76,79,87,89" hai1="14,22,23,27,28,41,42,46,51,52,78,82,86" /><INIT seed="4,3,0,1,0,0" ten="50,453,250,247" oya="0" hai0="42,104,80,132,2,121,39,35,117,19,15,85,92" hai1="115,47,71,10,89,64,122,57,66,24,88,112,38" hai2="3,110,135,73,75,123,70,6,48,79,54,14,99" hai3="7,91,56,78,96,125,30,21,17,118,102,74,4"/><T86/><D117/><U83/><E71/><V8/><F123/><W124/><G118/><T108/><D121/><U100/><E122/><V94/><F110/><W107/><G30/><T25/><D104/><U67/><E100/><V128/><F70/><W105/><G91/><N who="0" m="53367" /><D39/><U76/><E24/><V131/><F135/><W119/><G119/><T20/><D2/><U51/><E57/><V111/><F111/><W84/><G74/><T50/><D35/><U32/><E10/><V129/><F79/><W93/><G105/><T28/><D132/><U113/><E38/><V77/><F77/><W103/><G103/><T41/><D108/><U46/><E32/><V53/><F53/><W52/><G124/><T101/><D101/><U69/><E47/><N who="2" m="27935" /><F3/><W87/><G125/><T27/><D50/><U43/><E69/><V95/><F95/><W11/><G107/><T82/><D82/><U60/><E60/><V126/><F126/><W106/><G106/><T98/><D98/><U61/><E61/><V109/><F109/><W63/><G78/><N who="0" m="46231" /><D28/><U90/><E90/><AGARI ba="3,0" hai="6,8,14,73,75,90,94,99,128,129,131" m="27935" machi="90" ten="30,2000,0" yaku="19,1,52,1" doraHai="0" who="2" fromWho="1" sc="50,0,453,-29,250,29,247,0" /><INIT seed="5,0,0,5,1,29" ten="50,424,279,247" oya="1" hai0="23,96,101,35,22,1,28,132,53,7,81,80,59" hai1="134,115,102,75,70,62,46,40,15,61,103,25,6" hai2="37,32,26,12,131,68,122,90,33,94,89,97,76" hai3="63,99,4,48,21,17,18,125,16,69,86,105,119"/><U9/><E75/><V51/><F37/><W116/><G125/><T129/><D132/><U57/><E115/><V34/><F122/><W78/><G4/><T83/><D129/><U39/><E134/><V77/><F131/><W31/><G48/><T19/><D7/><U128/><E128/><V30/><F68/><W73/><G73/><T114/><D1/><U124/><E124/><V82/><F12/><W64/><G31/><T93/><D114/><U3/><E3/><V127/><F127/><W112/><G112/><T74/><D74/><U44/><E25/><V27/><F27/><W65/><G65/><T47/><D47/><U117/><E117/><N who="3" m="45130" /><G78/><T91/><D28/><U118/><E118/><V13/><F13/><N who="3" m="9423" /><G86/><T58/><D35/><U50/><E62/><V108/><F108/><W123/><G123/><T92/><D19/><U36/><E70/><V111/><F111/><W20/><G20/><T88/><D58/><U66/><REACH who="1" step="1"/><E39/><REACH who="1" ten="50,414,279,247" step="2"/><V60/><F60/><W56/><G69/><T11/><D11/><U126/><E126/><V106/><F26/><W8/><G8/><T5/><D5/><U130/><E130/><V120/><F120/><W2/><G2/><T84/><REACH who="0" step="1"/><D101/><AGARI ba="0,1" hai="16,17,56,63,64,99,101,105" m="9423,45130" machi="101" ten="30,2000,0" yaku="12,1,54,1" doraHai="29" who="3" fromWho="0" sc="50,-20,414,0,279,0,247,30" /><INIT seed="6,0,0,5,5,71" ten="30,414,279,277" oya="2" hai0="74,45,114,41,35,47,46,20,28,31,69,70,81" hai1="84,125,63,38,134,43,123,22,30,99,52,117,26" hai2="33,25,126,93,5,109,49,100,24,97,68,7,90" hai3="106,14,108,21,3,95,12,15,62,18,105,1,42"/><V121/><F121/><W113/><G108/><T91/><D35/><U9/><E117/><V27/><F33/><W88/><G42/><T37/><D114/><U130/><E38/><V50/><F109/><W39/><G39/><T101/><D101/><U79/><E43/><V102/><F68/><W29/><G113/><T94/><D47/><U122/><E130/><V129/><F126/><W59/><G29/><T19/><D46/><U135/><E125/><V116/><F116/><W133/><G133/><N who="1" m="50698" /><E99/><V107/><F129/><W51/><G51/><N who="2" m="19465" /><F107/><W82/><G82/><T73/><D70/><U65/><E52/><V72/><F72/><W66/><G105/><T132/><D69/><N who="1" m="42175" /><E9/><V61/><F61/><W120/><G106/><T53/><D53/><U13/><E13/><V92/><F102/><W2/><REACH who="3" step="1"/><G120/><REACH who="3" ten="30,414,279,267" step="2"/><T4/><D132/><U111/><E111/><V77/><F77/><W87/><AGARI ba="0,1" hai="1,2,3,12,14,15,18,21,59,62,66,87,88,95" machi="87" ten="30,8000,1" yaku="1,1,2,1,0,1,54,1,53,1" doraHai="71" doraHaiUra="60" who="3" fromWho="3" sc="30,-20,414,-20,279,-40,267,90" /><INIT seed="7,0,0,2,5,35" ten="10,394,239,357" oya="3" hai0="41,102,74,134,84,89,58,133,13,9,44,96,123" hai1="126,64,10,14,70,75,20,32,69,105,40,83,23" hai2="106,132,76,130,24,108,46,78,129,34,51,120,12" hai3="37,90,97,86,68,55,21,47,66,18,25,91,101"/><W122/><G122/><T1/><D123/><U131/><E32/><V119/><F120/><W39/><G66/><T57/><D134/><U8/><E105/><V11/><F106/><W98/><G68/><T53/><D133/><U62/><E70/><V22/><F132/><W26/><G26/><T125/><D74/><U61/><E131/><V88/><F108/><W27/><G27/><T100/><D125/><U45/><E126/><V38/><F38/><W31/><G91/><T0/><D58/><U99/><E62/><V28/><F119/><W50/><G31/><T121/><D121/><U30/><E99/><V19/><F129/><W135/><G135/><T60/><D100/><U43/><E30/><V42/><F130/><W73/><G73/><T6/><D96/><U115/><E115/><V52/><F42/><W15/><G25/><T36/><D102/><U5/><E10/><V124/><F124/><W49/><G98/><T107/><D107/><U80/><E43/><V118/><F118/><W113/><G113/><T4/><D4/><U94/><E94/><V56/><F56/><W77/><G77/><T128/><D128/><U110/><E110/><V54/><F54/><W112/><G112/><T93/><D36/><N who="1" m="21639" /><E75/><V103/><F103/><W17/><G50/><T16/><D41/><U111/><E111/><V92/><F34/><W85/><G17/><T79/><D44/><U109/><E109/><V67/><F67/><W63/><G37/><T82/><D16/><U59/><E69/><V29/><F29/><W127/><G39/><T104/><D104/><U81/><AGARI ba="0,0" hai="5,8,14,20,23,59,61,64,80,81,83" m="21639" machi="81" ten="30,1100,0" yaku="5,1" doraHai="35" who="1" fromWho="1" sc="10,-3,394,11,239,-3,357,-5" owari="7,-49.0,405,50.0,236,-16.0,352,15.0" /></mjloggm>