<mjloggm ver="2.3"><GO type="169" lobby="0"/><UN n0="%E2%98%85%E9%A2%A8%E3%81%AE%E8%B0%B7%E2%98%85" n1="%E3%83%8B%E3%83%A3%E3%83%83%E3%83%94%E3%83%BC%E5%A4%8F%E7%9B%AE" n2="%68%61%7A%75%6B%69%38%39" n3="%E5%B0%B1%E6%B4%BB%E7%94%9F%40%E5%B7%9D%E6%9D%91%E8%BB%8D%E5%9B%A3" dan="16,16,16,18" rate="2112.65,2080.93,2124.93,2300.69" sx="M,M,F,M"/><TAIKYOKU oya="0"/><INIT seed="0,0,0,0,0,54" ten="250,250,250,250" oya="0" hai0="47,23,126,48,101,57,100,128,59,18,27,35,102" hai1="56,85,31,91,127,36,94,21,33,107,135,39,40" hai2="58,89,122,87,83,116,12,43,22,52,67,109,32" hai3="14,16,24,64,74,108,13,5,124,115,133,25,66"/><T0/><D0/><U80/><E107/><V95/><F109/><W84/><G74/><T38/><D38/><U49/><E33/><V117/><F32/><W55/><G108/><T60/><D128/><U119/><E119/><V105/><F122/><W4/><G124/><T131/><D131/><U9/><E127/><V90/><F105/><W19/><G55/><N who="0" m="30111" /><D126/><U1/><E135/><V113/><F113/><W129/><G129/><T51/><D35/><U62/><E49/><V61/><F43/><W81/><G81/><T93/><D60/><U75/><E40/><V69/><F12/><W79/><G84/><T110/><D110/><U44/><E44/><V28/><F28/><W68/><G68/><T99/><D51/><U6/><E31/><V121/><F22/><W106/><G106/><T34/><D34/><U86/><E21/><V130/><F130/><W71/><G71/><T103/><AGARI ba="0,0" hai="18,23,27,57,59,93,99,100,101,102,103" m="30111" machi="103" ten="30,6000,0" yaku="8,1,52,2" doraHai="54" who="0" fromWho="0" sc="250,60,250,-20,250,-20,250,-20" /><INIT seed="0,1,0,1,4,134" ten="310,230,230,230" oya="0" hai0="31,67,39,44,74,11,19,21,102,61,99,83,93" hai1="116,41,117,68,82,118,18,85,10,60,65,114,55" hai2="88,32,91,110,84,128,76,29,108,77,27,0,75" hai3="1,22,52,24,43,23,33,120,36,94,3,48,15"/><T13/><D39/><U129/><E129/><V54/><F0/><W62/><G120/><T57/><D44/><U40/><E114/><V126/><F75/><W101/><G33/><T86/><D74/><U7/><E55/><V64/><F64/><W56/><G36/><T38/><D38/><U28/><E28/><V35/><F128/><W106/><G106/><T131/><D131/><U71/><E18/><V92/><F35/><W123/><G123/><T70/><D70/><U12/><REACH who="1" step="1"/><E71/><REACH who="1" ten="310,220,230,230" step="2"/><V73/><F54/><W111/><G111/><T66/><D31/><U115/><E115/><V119/><F110/><W2/><G43/><T58/><D67/><U45/><E45/><V130/><F108/><W109/><G109/><T132/><D58/><U8/><E8/><V113/><F113/><W105/><G52/><T59/><D59/><U37/><E37/><V100/><F130/><W26/><G56/><T16/><D132/><U87/><E87/><V78/><F73/><W46/><G46/><T51/><D51/><U121/><E121/><V97/><F119/><W5/><G48/><T90/><D19/><U79/><AGARI ba="1,1" hai="7,10,12,40,41,60,65,68,79,82,85,116,117,118" machi="79" ten="30,2000,0" yaku="1,1,0,1,53,0" doraHai="134" doraHaiUra="127" who="1" fromWho="1" sc="310,-11,220,33,230,-6,230,-6" /><INIT seed="1,0,0,3,2,40" ten="299,253,224,224" oya="1" hai0="65,42,121,97,72,28,59,79,12,106,113,111,31" hai1="32,112,34,86,62,53,11,82,116,101,27,133,110" hai2="123,67,122,132,89,18,114,134,127,88,2,95,124" hai3="85,23,135,5,80,81,93,78,68,45,24,69,54"/><U15/><E112/><V66/><F2/><W107/><G107/><T56/><D111/><U108/><E116/><V103/><F18/><W26/><G135/><N who="2" m="51753" /><F66/><W76/><G5/><T49/><D113/><U30/><E133/><V8/><F67/><W3/><G3/><T36/><D36/><U6/><E101/><V77/><F8/><W87/><G93/><T126/><D65/><U70/><E70/><V9/><F9/><W35/><G35/><T22/><D97/><U38/><E38/><V131/><F77/><W73/><G73/><T21/><D31/><U20/><E62/><V128/><F114/><W16/><REACH who="3" step="1"/><G24/><REACH who="3" ten="299,253,224,214" step="2"/><T98/><D106/><U92/><E92/><V25/><F25/><W48/><AGARI ba="0,1" hai="16,23,26,45,48,54,68,69,76,78,80,81,85,87" machi="48" ten="30,12000,2" yaku="1,1,2,1,0,1,9,1,52,1,54,1,53,0" doraHai="40" doraHaiUra="115" who="3" fromWho="3" sc="299,-30,253,-60,224,-30,214,130" /><INIT seed="2,0,0,1,2,115" ten="269,193,194,344" oya="2" hai0="64,14,72,118,68,88,12,74,77,128,109,83,92" hai1="38,31,35,85,53,62,9,3,120,18,58,76,103" hai2="124,79,99,123,25,111,119,6,60,17,131,54,48" hai3="29,11,20,86,102,101,67,22,32,5,95,46,112"/><V34/><F123/><W4/><G32/><T75/><D109/><U51/><E38/><V129/><F79/><W80/><G112/><T132/><D132/><U63/><E120/><V2/><F60/><W121/><G121/><T49/><D128/><N who="2" m="49226" /><F99/><W91/><G67/><T105/><D105/><U27/><E103/><V71/><F71/><W39/><G5/><T66/><D66/><U106/><E106/><V135/><F124/><W15/><G29/><T93/><D93/><U133/><E133/><V1/><F135/><W30/><G30/><T117/><D49/><U134/><E134/><V13/><F111/><W43/><G102/><T0/><D0/><U110/><E110/><V16/><F6/><W90/><G101/><T89/><D89/><U56/><E76/><V33/><F119/><N who="0" m="45578" /><D64/><U97/><E97/><AGARI ba="0,0" hai="4,11,15,20,22,39,43,46,80,86,90,91,95,97" machi="97" ten="30,1000,0" yaku="7,1" doraHai="115" who="3" fromWho="1" sc="269,0,193,-10,194,0,344,10" /><INIT seed="3,0,0,4,5,134" ten="269,183,194,354" oya="3" hai0="87,44,45,98,18,129,114,30,48,94,60,131,100" hai1="91,95,71,67,3,4,26,25,19,89,13,133,51" hai2="58,119,0,57,17,29,99,7,23,63,92,126,77" hai3="106,61,81,132,59,56,74,72,55,11,36,14,90"/><W43/><G106/><T52/><D114/><U39/><E39/><V80/><F119/><W96/><G132/><T42/><D30/><U10/><E133/><V70/><F29/><W86/><G96/><T113/><D113/><U110/><E110/><V35/><F35/><W64/><G43/><T62/><D18/><U9/><E67/><V53/><F7/><W107/><G107/><T65/><D87/><U109/><E71/><V123/><F0/><W50/><REACH who="3" step="1"/><G36/><REACH who="3" ten="269,183,194,344" step="2"/><T84/><D131/><U120/><E109/><V41/><F41/><W8/><G8/><T88/><D129/><U49/><E120/><V34/><F123/><W2/><G2/><T54/><D65/><U101/><E3/><V79/><F99/><W20/><G20/><T40/><D40/><U111/><E10/><V37/><F37/><W117/><G117/><T102/><D54/><U28/><E111/><V27/><F53/><W12/><G12/><T97/><D97/><U105/><E105/><V122/><F23/><W68/><G68/><T130/><D130/><U47/><E9/><V93/><F122/><W76/><G76/><T128/><D128/><U125/><E13/><V116/><F77/><W38/><G38/><T6/><D6/><AGARI ba="0,1" hai="6,11,14,50,55,56,59,61,64,72,74,81,86,90" machi="6" ten="30,2900,0" yaku="1,1,7,1,53,0" doraHai="134" doraHaiUra="31" who="3" fromWho="0" sc="269,-29,183,0,194,0,344,39" /><INIT seed="3,1,0,3,1,25" ten="240,183,194,383" oya="3" hai0="18,15,104,29,40,54,122,135,106,74,84,67,61" hai1="28,72,116,92,36,114,130,133,39,37,19,34,99" hai2="2,73,111,22,17,79,134,71,98,108,57,41,31" hai3="16,124,4,105,93,50,97,101,88,43,68,119,8"/><W112/><G119/><T21/><D74/><U113/><E116/><V23/><F71/><W107/><G68/><T60/><D122/><U128/><E72/><V56/><F2/><W89/><G112/><T94/><D135/><U132/><E19/><V64/><F41/><W110/><G124/><T131/><D131/><N who="1" m="50219" /><E92/><V53/><F134/><N who="1" m="51817" /><E99/><V33/><F33/><W118/><G118/><T87/><D84/><U125/><E125/><V12/><F98/><W45/><G110/><N who="2" m="42025" /><F79/><W81/><G81/><T13/><D87/><U20/><E20/><V47/><F73/><W76/><G76/><T46/><D94/><U90/><E90/><N who="3" m="34922" /><G107/><T102/><D106/><U49/><E49/><N who="2" m="28863" /><F64/><W78/><G78/><T32/><D104/><U83/><E83/><V120/><F120/><W95/><G105/><T70/><D18/><U85/><E85/><V51/><F51/><W52/><G95/><T121/><D121/><U65/><E65/><V30/><F23/><W0/><G0/><T26/><D21/><U109/><E109/><V103/><F103/><W69/><G4/><T91/><D102/><U11/><E11/><V44/><F30/><W42/><G69/><T77/><D77/><U63/><E63/><V62/><F62/><W59/><G45/><T82/><D82/><U9/><E9/><V55/><F31/><W10/><G10/><T129/><D91/><U35/><E35/><V7/><F7/><W75/><G75/><T3/><D3/><U96/><E96/><V126/><F126/><W66/><G66/><T100/><D100/><U38/><E38/><V58/><F44/><RYUUKYOKU ba="1,0" sc="240,-30,183,10,194,10,383,10" hai1="28,34,36,37,39,113,114" hai2="12,17,22,55,56,57,58" hai3="8,16,42,43,50,52,59,93,97,101" /><INIT seed="3,2,0,0,4,86" ten="210,193,204,393" oya="3" hai0="19,61,77,126,6,90,81,22,3,106,112,44,62" hai1="14,103,36,111,12,49,87,7,107,46,57,8,38" hai2="63,59,16,21,24,51,43,20,134,28,32,124,128" hai3="56,26,9,48,78,5,105,121,65,42,83,113,123"/><W68/><G105/><T114/><D106/><U80/><E111/><V2/><F2/><W95/><G113/><N who="0" m="43627" /><D126/><U104/><E57/><V60/><F134/><W97/><G68/><T47/><D6/><U64/><E64/><V53/><F128/><W130/><G130/><T33/><D33/><U76/><E107/><V25/><F124/><W27/><G42/><T39/><D3/><U70/><E70/><V94/><F43/><W135/><G135/><T10/><D10/><U117/><E117/><V30/><REACH who="2" step="1"/><F94/><REACH who="2" ten="210,193,194,393" step="2"/><W85/><G121/><T31/><D39/><U34/><E38/><V116/><F116/><W122/><G122/><T99/><D81/><U17/><E36/><V79/><F79/><W18/><G123/><T50/><D77/><U115/><E115/><V40/><F40/><W101/><G95/><T110/><D110/><U54/><E104/><V29/><F29/><W133/><G83/><T91/><D31/><U100/><REACH who="1" step="1"/><E34/><REACH who="1" ten="210,183,194,393" step="2"/><V4/><F4/><W52/><G5/><T15/><D47/><U118/><E118/><V23/><F23/><AGARI ba="2,2" hai="7,8,12,14,17,23,46,49,54,76,80,87,100,103" machi="23" ten="30,3900,0" yaku="1,1,7,1,8,1,53,0" doraHai="86" doraHaiUra="89" who="1" fromWho="2" sc="210,0,183,65,194,-45,393,0" /><INIT seed="4,0,0,1,0,82" ten="210,248,149,393" oya="0" hai0="113,96,6,9,49,119,3,63,124,46,33,72,132" hai1="68,83,65,104,34,0,78,57,50,2,91,76,52" hai2="37,13,80,47,56,48,20,1,42,31,29,8,11" hai3="102,81,85,134,35,93,60,39,112,79,7,118,127"/><T24/><D119/><U23/><E34/><V114/><F114/><W97/><G39/><T109/><D72/><U45/><E104/><V126/><F126/><W129/><G35/><T95/><D113/><U64/><E68/><V25/><F1/><W18/><G112/><T89/><D124/><U86/><E0/><V116/><F116/><W71/><G118/><T130/><D130/><U12/><E2/><V30/><F8/><W77/><G7/><T84/><D132/><U53/><E23/><V106/><F106/><W121/><G121/><T111/><D63/><U32/><E32/><V14/><F14/><W99/><G129/><T38/><D38/><U62/><E12/><V108/><F108/><N who="0" m="41546" /><D24/><U125/><E125/><V100/><F100/><W135/><G127/><T122/><D33/><U117/><E117/><V133/><F133/><N who="3" m="50699" /><G60/><T28/><D28/><U54/><E65/><V87/><F56/><W73/><G71/><T21/><D21/><U40/><AGARI ba="0,0" hai="40,45,50,52,53,54,57,62,64,76,78,83,86,91" machi="40" ten="30,7900,0" yaku="0,1,8,1,52,1,54,1" doraHai="82" who="1" fromWho="1" sc="210,-39,248,79,149,-20,393,-20" /><INIT seed="5,0,0,2,4,95" ten="171,327,129,373" oya="1" hai0="49,102,52,41,119,38,7,4,107,92,74,94,110" hai1="20,123,21,103,83,75,15,93,68,77,87,127,3" hai2="26,23,18,5,28,65,9,97,48,14,111,44,113" hai3="10,46,32,99,53,51,47,132,73,8,25,42,22"/><U31/><E3/><V88/><F111/><W66/><G32/><T33/><D74/><U85/><E68/><V76/><F113/><W115/><G73/><T56/><D33/><U63/><E123/><V60/><F76/><W128/><G115/><T79/><D79/><U12/><E127/><V120/><F120/><W122/><G122/><T130/><D110/><U62/><E75/><V108/><F108/><W16/><G128/><T39/><D119/><U105/><E105/><V72/><F72/><W24/><G66/><T40/><D130/><U84/><E83/><V50/><F44/><W30/><G132/><T134/><D134/><U80/><E80/><V104/><F5/><W67/><G67/><T91/><D107/><U117/><E77/><V11/><F11/><W57/><G99/><T109/><D109/><U129/><E117/><V98/><F104/><W19/><G47/><T90/><D102/><U69/><E69/><V131/><F131/><W101/><G101/><T124/><D56/><U45/><E45/><V59/><F88/><W126/><G126/><T121/><D121/><U36/><E36/><V17/><F18/><N who="3" m="6699" /><G25/><T6/><D124/><U100/><E129/><V27/><F27/><W135/><G135/><T29/><D39/><U1/><E1/><V55/><REACH who="2" step="1"/><F50/><REACH who="2" ten="171,327,119,373" step="2"/><W64/><G42/><T13/><D38/><U106/><E106/><V61/><F61/><AGARI ba="0,1" hai="8,10,22,24,30,46,51,53,57,61,64" m="6699" machi="61" ten="30,2000,0" yaku="8,1,54,1" doraHai="95" who="3" fromWho="2" sc="171,0,327,0,119,-20,373,30" /><INIT seed="6,0,0,4,1,70" ten="171,327,99,403" oya="2" hai0="35,14,57,4,82,60,8,135,56,122,67,85,32" hai1="31,96,18,59,124,23,21,112,123,111,126,65,71" hai2="76,7,54,0,92,80,104,34,100,117,50,118,40" hai3="97,61,62,114,48,103,6,1,22,41,107,39,129"/><V90/><F34/><W38/><G1/><T30/><D135/><U132/><E71/><V33/><F33/><W127/><G6/><T26/><D122/><U29/><E123/><V101/><F40/><W84/><G127/><N who="1" m="48682" /><E111/><V106/><F106/><W77/><G48/><T131/><D131/><U43/><E132/><V72/><F7/><W125/><G41/><T105/><D105/><U66/><E112/><V27/><F0/><W47/><G47/><T120/><D120/><U15/><E43/><V78/><F78/><W68/><G68/><T2/><D35/><U89/><E21/><V51/><F27/><W44/><G44/><T24/><D24/><U64/><E59/><V93/><F93/><AGARI ba="0,0" hai="15,18,23,29,31,64,65,66,89,93,96" m="48682" machi="93" ten="30,1000,0" yaku="18,1" doraHai="70" who="1" fromWho="2" sc="171,0,327,10,99,-10,403,0" /><INIT seed="7,0,0,5,3,100" ten="171,337,89,403" oya="3" hai0="135,5,48,111,56,62,11,99,127,80,23,36,66" hai1="87,97,29,32,12,133,6,70,115,122,7,114,2" hai2="4,54,35,61,123,38,92,79,3,64,15,60,37" hai3="39,45,130,120,10,94,27,83,13,30,53,126,28"/><W71/><G71/><T33/><D33/><U110/><E70/><V90/><F123/><W18/><G130/><T26/><D111/><U96/><E96/><V116/><F35/><W31/><G126/><T34/><D34/><U108/><E87/><V103/><F3/><W40/><G120/><T78/><D36/><U106/><E97/><V17/><F116/><W112/><G112/><N who="1" m="43050" /><E122/><V57/><F79/><W59/><G94/><T81/><D48/><U55/><E55/><V84/><F37/><W107/><G107/><T69/><D99/><U0/><E106/><V76/><F38/><W8/><G8/><T47/><D47/><U25/><E133/><V91/><F4/><N who="1" m="1577" /><E12/><V63/><F76/><W113/><G113/><T85/><D135/><U9/><E9/><V88/><F64/><W104/><G104/><T98/><D98/><U20/><E32/><V132/><F132/><W16/><G83/><T67/><D81/><U102/><E102/><V86/><F103/><W14/><G53/><T46/><D46/><U68/><E68/><V44/><F44/><W72/><G14/><T134/><D127/><U125/><E125/><V50/><REACH who="2" step="1"/><F84/><REACH who="2" ten="171,337,79,403" step="2"/><W118/><G45/><T75/><D134/><U51/><E51/><V109/><F109/><W77/><G77/><T49/><D67/><U93/><E93/><V117/><F117/><W19/><G118/><T21/><D85/><U41/><E41/><V89/><F89/><W42/><G40/><T119/><D78/><U105/><E105/><V124/><F124/><W74/><G42/><T73/><D66/><U95/><E110/><RYUUKYOKU ba="0,1" sc="171,-10,337,-10,79,30,403,-10" hai2="15,17,50,54,57,60,61,63,86,88,90,91,92" owari="161,-24.0,327,13.0,109,-39.0,403,50.0" /></mjloggm>