<mjloggm ver="2.3"><GO type="169" lobby="0"/><UN n0="%E8%B5%A4%E9%98%AA%E9%83%81%E4%B9%83" n1="%E3%82%A6%E3%83%AB%E3%83%88%E3%83%A9%E7%AB%8B%E7%9B%B4" n2="%6E%65%77%E3%81%9F%E3%81%91%E3%81%93%E3%81%9E%E3%81%86" n3="%E3%81%BA%E3%83%BC" dan="16,17,16,18" rate="2042.19,2184.90,2128.63,2204.10" sx="F,M,M,M"/><TAIKYOKU oya="0"/><INIT seed="0,0,0,3,2,109" ten="250,250,250,250" oya="0" hai0="62,98,94,68,71,40,6,54,31,11,28,129,50" hai1="53,131,125,67,103,107,116,75,13,52,29,39,10" hai2="123,21,85,45,101,97,87,69,134,89,44,41,43" hai3="18,27,117,66,90,84,26,36,42,25,59,115,112"/><T16/><D129/><U128/><E75/><V37/><F123/><W96/><G117/><T63/><D40/><U92/><E107/><V3/><F69/><W0/><G0/><T79/><D79/><U132/><E39/><V20/><F3/><W119/><G119/><T121/><D121/><U30/><E67/><V73/><F73/><W15/><G96/><T118/><D118/><U99/><E116/><V76/><F76/><W102/><G102/><T17/><D6/><U60/><E125/><V95/><F134/><W34/><G34/><T65/><D11/><U49/><E60/><V58/><F58/><W24/><G66/><T51/><D65/><U12/><E12/><V106/><REACH who="2" step="1"/><F85/><REACH who="2" ten="250,250,240,250" step="2"/><W111/><G59/><T91/><D68/><U70/><E70/><V122/><F122/><W55/><G84/><T78/><D78/><U104/><E132/><V110/><F110/><W46/><G111/><T5/><D71/><U72/><E72/><V81/><F81/><W86/><G55/><T47/><D54/><U82/><E53/><V64/><F64/><W83/><N who="3" m="6144" /><DORA hai="56" /><W127/><REACH who="3" step="1"/><G127/><REACH who="3" ten="250,250,240,240" step="2"/><T108/><D108/><U33/><E52/><V4/><F4/><W57/><G57/><T93/><D5/><U23/><E131/><V14/><F14/><W7/><G7/><T105/><D28/><U61/><E29/><V77/><F77/><W9/><AGARI ba="0,2" hai="9,15,18,36,42,46,83,86,90,112,115" m="6144" machi="9" ten="40,8000,1" yaku="1,1,0,1,52,2,53,0" doraHai="109,56" doraHaiUra="120,19" who="3" fromWho="3" sc="250,-40,250,-20,240,-20,240,100" /><INIT seed="1,0,0,2,1,34" ten="210,230,220,340" oya="1" hai0="2,67,80,125,18,68,130,70,98,77,27,20,29" hai1="114,43,76,13,53,63,104,31,30,44,84,23,1" hai2="90,121,99,109,65,85,48,127,12,78,92,89,50" hai3="40,122,107,96,75,47,82,79,57,37,38,14,16"/><U111/><E104/><V36/><F121/><W54/><G122/><T88/><D130/><U112/><E53/><V60/><F36/><W95/><G107/><T61/><D125/><U51/><E63/><V58/><F127/><W26/><G26/><T56/><D2/><U24/><E1/><V93/><F109/><W66/><G66/><T123/><D123/><U28/><E111/><V32/><F32/><W7/><G7/><T21/><D77/><U81/><REACH who="1" step="1"/><E13/><REACH who="1" ten="210,220,220,340" step="2"/><V59/><F12/><W4/><G54/><T117/><D117/><U116/><E116/><V86/><F78/><W133/><G14/><T118/><D118/><U120/><E120/><V72/><F72/><W126/><G75/><T102/><D61/><U110/><E110/><V10/><F10/><W64/><G126/><T52/><D52/><U62/><E62/><V17/><F17/><AGARI ba="0,1" hai="17,23,24,28,30,31,43,44,51,76,81,84,112,114" machi="17" ten="40,7700,0" yaku="1,1,53,2" doraHai="34" doraHaiUra="108" who="1" fromWho="2" sc="210,0,220,87,220,-77,340,0" /><INIT seed="1,1,0,5,1,95" ten="210,307,143,340" oya="1" hai0="49,41,110,100,55,12,39,13,111,76,42,7,68" hai1="105,54,97,60,88,109,57,84,92,43,22,36,31" hai2="127,64,118,25,99,66,87,37,114,62,11,4,47" hai3="133,56,59,21,122,65,129,120,58,108,73,16,93"/><U0/><E0/><V119/><F127/><W51/><G73/><T126/><D68/><U116/><E116/><V63/><F114/><W71/><G108/><N who="0" m="41515" /><D126/><U29/><E109/><V26/><F87/><W90/><G133/><T2/><D76/><U8/><E8/><V104/><F37/><W20/><G129/><T61/><D61/><U106/><E106/><V82/><F82/><W77/><G77/><T102/><D2/><U44/><REACH who="1" step="1"/><E22/><REACH who="1" ten="210,297,143,340" step="2"/><V15/><F119/><W70/><G20/><T74/><D39/><U117/><E117/><V48/><F118/><W112/><G21/><T35/><D35/><U78/><E78/><V86/><F104/><W75/><G112/><T34/><D34/><U72/><E72/><V91/><F11/><W94/><G75/><T67/><D74/><U28/><E28/><V107/><F107/><W46/><G122/><T103/><D7/><U14/><E14/><V113/><F15/><W121/><G120/><T52/><D13/><U32/><E32/><V50/><F113/><W135/><G121/><T125/><D12/><U40/><E40/><V81/><F4/><W23/><G23/><T45/><D125/><U80/><E80/><V24/><F81/><W6/><G6/><T96/><D41/><U85/><E85/><V131/><F131/><W128/><G128/><T9/><D9/><U132/><E132/><V134/><F86/><W115/><G135/><T27/><D27/><U3/><E3/><V18/><F24/><W5/><G5/><T17/><D42/><U79/><E79/><V83/><F26/><W130/><G130/><RYUUKYOKU ba="1,1" sc="210,-10,297,30,143,-10,340,-10" hai1="29,31,36,43,44,54,57,60,84,88,92,97,105" /><INIT seed="1,2,1,4,1,5" ten="200,327,133,330" oya="1" hai0="33,14,69,61,42,74,34,29,49,48,16,109,40" hai1="25,82,36,27,65,26,127,8,1,118,12,13,46" hai2="22,104,64,9,119,85,59,51,129,106,71,91,126" hai3="113,19,134,63,41,88,35,115,56,20,24,108,92"/><U30/><E65/><V62/><F119/><W133/><G41/><T76/><D109/><U18/><E36/><V90/><F129/><W0/><G35/><T114/><D114/><U60/><E60/><V7/><F126/><W70/><G70/><T101/><D101/><U15/><E46/><V97/><F22/><W131/><G0/><T31/><D61/><U120/><E82/><V38/><F38/><W32/><G32/><T116/><D69/><U122/><E118/><V124/><F124/><W100/><G100/><T43/><D116/><U2/><E30/><V77/><F77/><W75/><G75/><T53/><D76/><U89/><E89/><V94/><F51/><W80/><G80/><T23/><D74/><U57/><E57/><V102/><F91/><W37/><G37/><T10/><D33/><U6/><E127/><V121/><F121/><N who="1" m="46697" /><E15/><V72/><F72/><W55/><G131/><T67/><D67/><U17/><E18/><V105/><REACH who="2" step="1"/><F71/><REACH who="2" ten="200,327,123,330" step="2"/><W87/><REACH who="3" step="1"/><G108/><REACH who="3" ten="200,327,123,320" step="2"/><T3/><D34/><U128/><E128/><V78/><F78/><W83/><G83/><T107/><D48/><U123/><E123/><V81/><F81/><W125/><G125/><T130/><D130/><U58/><E58/><V95/><F95/><W117/><G117/><T93/><D93/><U112/><E112/><AGARI ba="2,3" hai="19,20,24,55,56,63,87,88,92,112,113,115,133,134" machi="112" ten="40,2600,0" yaku="1,1,54,1,53,0" doraHai="5" doraHaiUra="66" who="3" fromWho="1" sc="200,0,327,-32,123,0,320,62" /><INIT seed="2,0,0,4,2,40" ten="200,295,123,382" oya="2" hai0="48,50,99,7,122,80,25,63,111,104,71,123,31" hai1="35,49,113,85,38,116,109,84,101,112,132,21,135" hai2="44,78,96,11,127,70,3,93,52,54,102,79,13" hai3="16,32,119,108,29,133,46,130,98,76,42,88,126"/><V91/><F70/><W128/><G119/><T90/><D111/><U18/><E35/><V67/><F3/><W97/><G76/><N who="2" m="29225" /><F127/><W4/><G108/><T23/><D7/><U19/><E38/><V8/><F67/><W125/><G4/><T72/><D50/><U41/><E109/><V56/><F102/><W58/><G58/><T81/><D81/><U68/><E101/><V74/><F74/><W106/><G106/><T103/><D72/><U124/><E68/><V26/><F26/><N who="3" m="18487" /><G16/><T17/><D17/><U110/><E113/><V37/><F37/><N who="3" m="21839" /><G133/><T66/><D90/><U121/><E124/><N who="3" m="47722" /><G88/><T129/><D104/><U24/><E135/><V60/><F13/><W83/><G83/><T20/><D80/><U82/><E132/><V5/><F5/><W9/><G9/><T73/><D73/><U134/><E134/><V51/><AGARI ba="0,0" hai="8,11,44,51,52,54,56,60,91,93,96" m="29225" machi="51" ten="30,6000,0" yaku="8,1,52,1,54,1" doraHai="40" who="2" fromWho="2" sc="200,-20,295,-20,123,60,382,-20" /><INIT seed="2,1,0,1,4,53" ten="180,275,183,362" oya="2" hai0="8,125,55,51,124,112,71,133,17,83,109,45,116" hai1="105,103,126,35,38,28,98,14,106,31,30,61,67" hai2="7,93,128,100,94,22,42,0,120,27,97,29,1" hai3="117,6,118,66,87,68,86,77,72,104,115,84,34"/><V47/><F120/><W4/><G34/><T64/><D112/><U74/><E74/><V11/><F128/><W2/><G104/><T59/><D109/><U132/><E38/><V19/><F0/><W85/><G115/><T114/><D114/><U91/><E126/><N who="0" m="48745" /><D83/><U127/><E127/><V39/><REACH who="2" step="1"/><F29/><REACH who="2" ten="180,275,173,362" step="2"/><W78/><G2/><T111/><D111/><U20/><E30/><V12/><F12/><W36/><G77/><T131/><D131/><U82/><E14/><V60/><F60/><W88/><G78/><T44/><D116/><U54/><E31/><V119/><F119/><W62/><G118/><T32/><D133/><U89/><E61/><V46/><F46/><W107/><G62/><N who="0" m="40343" /><D32/><U113/><E35/><V70/><F70/><W134/><G68/><T26/><D26/><U135/><E135/><V33/><F33/><W76/><G76/><T37/><D37/><U123/><E132/><V49/><F49/><W75/><G36/><T41/><D41/><U81/><E123/><V102/><F102/><W18/><G134/><T122/><D122/><U110/><E103/><V108/><F108/><W58/><G117/><T95/><D44/><U65/><E110/><V10/><F10/><W23/><G23/><T73/><D45/><U56/><E20/><V121/><F121/><W43/><G43/><T9/><D9/><U90/><E28/><V96/><F96/><W63/><G63/><T69/><D69/><U92/><E113/><V101/><F101/><W50/><G50/><T21/><D8/><U79/><E98/><V40/><F40/><W57/><G107/><AGARI ba="1,1" hai="1,7,11,19,22,27,39,42,47,93,94,97,100,107" machi="107" ten="30,11600,0" yaku="1,1,6,1,7,1,53,1" doraHai="53" doraHaiUra="13" who="2" fromWho="3" sc="180,0,275,0,173,129,362,-119" /><INIT seed="2,2,0,4,5,42" ten="180,275,302,243" oya="2" hai0="23,113,88,53,135,32,90,36,75,26,65,59,62" hai1="5,68,46,71,4,25,29,39,100,64,127,110,89" hai2="10,54,128,117,19,134,0,57,111,47,70,66,37" hai3="69,109,106,92,31,121,82,43,14,120,80,116,85"/><V102/><F117/><W51/><G69/><T83/><D113/><U115/><E115/><V73/><F73/><W105/><G116/><T3/><D3/><U131/><E100/><V2/><F128/><W122/><G31/><T60/><D135/><U21/><E131/><V40/><F134/><W95/><G14/><T38/><D32/><U101/><E101/><V55/><F102/><W93/><G109/><T129/><D129/><U112/><E112/><V13/><F111/><W61/><G61/><T96/><D90/><U56/><E127/><V34/><F34/><W49/><G43/><T74/><D38/><U81/><E56/><V107/><F107/><N who="3" m="40971" /><G85/><T77/><D36/><U16/><E29/><V78/><F78/><W130/><G130/><T94/><D74/><U50/><E68/><V30/><F30/><W72/><G72/><T58/><REACH who="0" step="1"/><D23/><REACH who="0" ten="170,275,302,243" step="2"/><U63/><E39/><V86/><F0/><W67/><G122/><T24/><AGARI ba="2,1" hai="24,26,53,58,59,60,62,65,75,77,83,88,94,96" machi="24" ten="30,7900,0" yaku="1,1,2,1,0,1,54,1,53,0" doraHai="42" doraHaiUra="41" who="0" fromWho="0" sc="170,95,275,-22,302,-41,243,-22" /><INIT seed="3,0,0,2,3,58" ten="265,253,261,221" oya="3" hai0="75,68,35,19,61,65,5,72,66,90,62,84,88" hai1="48,117,133,120,55,34,23,12,25,6,135,7,92" hai2="69,31,114,79,113,74,20,94,121,78,26,116,28" hai3="100,106,119,18,122,54,104,59,33,63,47,60,96"/><W39/><G119/><T70/><D35/><U129/><E120/><V0/><F116/><W102/><G122/><T17/><REACH who="0" step="1"/><D84/><REACH who="0" ten="255,253,261,221" step="2"/><U134/><E34/><V32/><F32/><W124/><G33/><T27/><D27/><U125/><E117/><V123/><F123/><W126/><G18/><T85/><D85/><U67/><E25/><V21/><F121/><W57/><G39/><T98/><D98/><U127/><E133/><V87/><F87/><W99/><REACH who="3" step="1"/><G47/><REACH who="3" ten="255,253,261,211" step="2"/><T56/><D56/><U37/><E37/><V53/><F113/><W49/><G49/><T132/><D132/><U46/><E46/><V3/><F114/><W9/><G9/><T16/><D16/><U112/><E48/><V10/><F10/><W51/><G51/><T107/><D107/><U52/><E112/><V95/><F69/><W41/><G41/><T91/><D91/><U97/><E135/><V13/><F20/><W42/><G42/><T130/><D130/><U38/><E23/><V73/><F21/><W80/><G80/><T111/><D111/><U24/><E129/><V89/><F89/><W11/><G11/><T86/><D86/><U29/><E134/><V64/><F73/><W76/><G76/><T109/><D109/><U82/><E82/><V110/><F74/><W93/><G93/><T8/><D8/><U44/><E92/><V14/><F95/><W128/><G128/><T83/><D83/><U30/><E38/><V131/><F94/><W101/><G101/><T105/><D105/><U118/><E118/><V45/><F131/><W81/><G81/><T77/><D77/><RYUUKYOKU ba="0,2" sc="255,15,253,-15,261,-15,211,15" hai0="5,17,19,61,62,65,66,68,70,72,75,88,90" hai3="54,57,59,60,63,96,99,100,102,104,106,124,126" /><INIT seed="3,1,2,5,0,116" ten="270,238,246,226" oya="3" hai0="75,128,93,99,45,115,81,49,38,90,87,113,72" hai1="44,21,132,14,91,74,35,17,120,94,104,69,30" hai2="111,98,15,105,80,86,96,47,26,133,85,2,134" hai3="124,57,51,23,62,88,3,52,59,43,70,20,0"/><W109/><G70/><T135/><D38/><U125/><E104/><V46/><F2/><W110/><G124/><T11/><D128/><U118/><E69/><V53/><F111/><N who="3" m="42507" /><G43/><N who="0" m="24767" /><D135/><U82/><E120/><V119/><F119/><W39/><G39/><T10/><D10/><U121/><E121/><V76/><F26/><W84/><G20/><T61/><D11/><U123/><E123/><V101/><F96/><W130/><G23/><T131/><D61/><U6/><E6/><V41/><F15/><W102/><G102/><N who="0" m="60783" /><D131/><U58/><E132/><N who="2" m="50795" /><F53/><N who="3" m="31935" /><G130/><T63/><D63/><U7/><E125/><V56/><F56/><W33/><G33/><T83/><D83/><AGARI ba="1,2" hai="0,3,52,59,62,83,84,88" m="31935,42507" machi="83" ten="30,11600,0" yaku="14,1,10,1,54,2" doraHai="116" who="3" fromWho="0" sc="270,-119,238,0,246,0,226,139" /><INIT seed="3,2,0,2,3,12" ten="151,238,246,365" oya="3" hai0="66,135,79,45,28,26,112,16,64,70,62,134,131" hai1="68,114,9,77,84,10,132,59,127,7,120,73,49" hai2="85,76,117,121,43,61,87,106,93,0,8,48,3" hai3="126,111,89,129,24,50,60,58,122,123,113,42,4"/><W101/><G101/><T75/><D131/><U47/><E68/><V34/><F106/><W91/><G4/><T31/><D112/><U94/><E114/><V125/><F117/><W37/><G113/><T13/><D66/><U41/><E120/><V6/><F121/><W110/><G37/><T15/><D15/><U71/><E71/><V105/><F105/><W78/><G78/><T36/><D79/><U23/><E127/><V21/><F34/><W97/><G126/><T102/><D102/><U92/><E73/><V55/><F43/><W39/><G39/><T11/><D75/><U119/><E119/><V46/><F125/><W118/><G118/><T80/><D80/><N who="1" m="47119" /><E132/><N who="0" m="50729" /><D26/><U65/><E23/><V19/><F0/><W63/><G24/><T14/><D14/><N who="1" m="5439" /><E10/><V72/><F61/><AGARI ba="2,0" hai="41,47,49,59,61,65,92,94" m="5439,47119" machi="61" ten="30,2000,0" yaku="25,1,8,1" doraHai="12" who="1" fromWho="2" sc="151,0,238,26,246,-26,365,0" /><INIT seed="4,0,0,0,2,57" ten="151,264,220,365" oya="0" hai0="90,44,50,128,43,8,38,55,27,6,17,32,109" hai1="133,35,68,114,26,1,110,56,51,61,65,53,70" hai2="0,37,64,124,91,101,10,97,60,125,33,121,79" hai3="104,98,88,76,2,127,112,119,12,116,30,85,54"/><T129/><D109/><U118/><E1/><V117/><F121/><W87/><G2/><T94/><D32/><U77/><E77/><V86/><F37/><W106/><G30/><T134/><D134/><U83/><E83/><V42/><F33/><W14/><G54/><T132/><D132/><U25/><E133/><V41/><F79/><W115/><G12/><T15/><D27/><U7/><E7/><V46/><F117/><N who="3" m="45131" /><G14/><T66/><D66/><U52/><E26/><V103/><F0/><W22/><G22/><T45/><REACH who="0" step="1"/><D6/><REACH who="0" ten="141,264,220,365" step="2"/><U105/><E25/><V74/><F64/><W3/><G127/><T82/><D82/><U28/><E35/><V47/><F124/><W107/><G115/><T23/><D23/><U5/><E5/><V113/><F125/><W48/><G112/><T75/><D75/><U9/><E65/><V20/><F74/><W96/><G3/><T108/><D108/><U102/><E110/><V67/><F67/><W29/><G29/><T21/><D21/><U31/><E28/><V40/><F20/><W11/><G11/><T71/><D71/><U80/><E31/><V120/><F113/><W135/><G135/><T18/><D18/><U122/><E9/><V13/><F10/><W99/><G106/><T126/><D126/><U81/><E114/><V63/><F13/><W78/><G107/><T34/><D34/><U16/><E16/><V93/><F120/><W123/><G104/><T36/><D36/><U73/><E118/><V59/><F46/><W24/><G123/><T89/><D89/><U131/><E122/><V19/><F47/><RYUUKYOKU ba="0,1" sc="141,30,264,-10,220,-10,365,-10" hai0="8,15,17,38,43,44,45,50,55,90,94,128,129" /><INIT seed="4,1,1,3,0,2" ten="171,254,210,355" oya="0" hai0="113,107,7,5,46,15,76,48,74,58,24,22,116" hai1="91,104,122,12,126,61,68,69,101,96,135,117,123" hai2="94,62,64,109,71,6,93,49,79,44,41,102,106" hai3="72,118,20,52,129,56,13,40,11,38,67,112,119"/><T59/><D116/><U53/><E117/><V84/><F109/><W39/><G72/><T83/><D107/><U47/><E69/><V133/><F133/><W86/><G67/><T37/><D37/><U54/><E135/><V9/><F102/><W110/><G110/><T82/><D113/><U92/><E126/><V111/><F111/><W8/><G20/><T19/><D15/><U89/><E89/><V60/><F60/><W16/><G112/><T134/><D134/><U50/><E12/><V27/><F27/><W73/><G73/><T18/><D18/><U26/><E26/><V21/><F21/><W51/><G11/><T130/><D130/><U65/><E54/><V81/><REACH who="2" step="1"/><F106/><REACH who="2" ten="171,254,200,355" step="2"/><W23/><G23/><T32/><D32/><U114/><E114/><V0/><AGARI ba="1,2" hai="0,6,9,41,44,49,62,64,71,79,81,84,93,94" machi="0" ten="20,8000,1" yaku="1,1,2,1,0,1,7,1,52,1,53,0" doraHai="2" doraHaiUra="120" who="2" fromWho="2" sc="171,-41,254,-21,200,103,355,-21" /><INIT seed="5,0,0,0,1,46" ten="130,233,303,334" oya="1" hai0="39,14,35,84,68,73,125,42,44,11,87,22,26" hai1="67,31,65,114,101,17,95,66,59,61,115,41,123" hai2="86,94,102,97,23,75,118,120,10,45,113,12,51" hai3="83,106,119,58,57,122,62,110,76,116,111,121,60"/><U88/><E123/><N who="3" m="47114" /><G106/><T135/><D73/><U131/><E131/><V89/><F75/><W109/><G76/><T104/><D104/><U18/><E101/><V79/><F118/><N who="3" m="45099" /><G83/><T78/><D35/><U112/><E41/><V28/><F120/><W3/><G3/><T74/><D68/><U130/><E31/><V6/><F113/><W15/><G15/><T81/><D135/><U126/><E126/><V70/><F70/><W8/><G8/><T37/><D37/><U24/><E130/><V98/><F79/><W72/><G72/><T33/><D33/><U25/><E25/><N who="2" m="16447" /><F102/><W82/><G82/><T93/><D125/><U32/><E32/><V38/><F38/><W5/><G5/><T85/><D74/><U4/><E4/><V20/><F20/><W69/><G69/><T7/><REACH who="0" step="1"/><D93/><REACH who="0" ten="120,233,303,334" step="2"/><U64/><REACH who="1" step="1"/><E24/><REACH who="1" ten="120,223,303,334" step="2"/><V55/><AGARI ba="0,2" hai="6,10,12,45,51,55,86,89,94,97,98" m="16447" machi="55" ten="30,2000,0" yaku="8,1,52,1" doraHai="46" who="2" fromWho="2" sc="120,-5,223,-10,303,40,334,-5" /><INIT seed="6,0,0,4,4,122" ten="115,213,343,329" oya="2" hai0="36,123,105,128,21,85,60,17,61,131,59,29,45" hai1="62,84,111,118,104,30,87,108,95,101,53,14,37" hai2="1,23,80,78,63,58,40,67,56,75,55,57,66" hai3="109,70,102,129,44,133,10,112,48,91,20,3,43"/><V120/><F120/><W50/><G70/><T4/><D123/><U116/><E37/><V34/><F34/><W100/><G3/><T134/><D105/><U11/><E53/><V96/><F1/><W5/><G5/><T13/><D134/><U125/><E14/><V54/><F40/><W16/><G10/><T22/><D4/><U90/><E11/><V99/><F23/><W72/><G72/><T119/><D119/><N who="1" m="45611" /><E62/><V107/><F107/><W42/><G133/><T71/><D71/><U82/><E30/><V18/><F18/><W46/><G129/><N who="0" m="49739" /><D59/><U69/><E69/><V2/><F2/><W28/><G28/><T12/><D85/><U68/><E68/><V27/><F27/><N who="3" m="14727" /><G109/><T64/><D64/><U130/><E130/><V98/><REACH who="2" step="1"/><F56/><REACH who="2" ten="115,213,333,329" step="2"/><W94/><G112/><T89/><D29/><U114/><E114/><V51/><AGARI ba="0,1" hai="51,54,55,57,58,63,66,67,75,78,80,96,98,99" machi="51" ten="30,6000,0" yaku="1,1,2,1,0,1,53,0" doraHai="122" doraHaiUra="127" who="2" fromWho="2" sc="115,-20,213,-20,333,70,329,-20" /><INIT seed="6,1,0,5,3,119" ten="95,193,403,309" oya="2" hai0="39,75,32,115,126,11,73,22,26,125,108,87,6" hai1="1,50,131,114,129,12,23,16,92,100,109,96,98" hai2="88,69,93,33,112,9,46,124,28,102,48,13,45" hai3="64,54,40,55,37,80,49,20,105,68,110,35,120"/><V30/><F69/><W128/><G35/><T81/><D108/><U97/><E109/><V83/><F112/><W99/><G80/><T15/><D115/><U62/><E1/><V34/><F102/><W121/><G105/><T8/><D39/><U4/><E114/><V95/><F124/><N who="0" m="47722" /><D32/><U42/><E4/><V10/><F83/><W89/><G99/><T113/><D113/><U60/><E92/><V27/><F13/><W86/><G20/><T25/><D11/><U103/><E50/><V104/><F104/><W77/><G77/><N who="0" m="46511" /><D26/><U76/><E76/><V84/><F95/><W117/><G117/><T29/><AGARI ba="1,0" hai="6,8,15,22,25,29,73,75" m="46511,47722" machi="29" ten="30,1100,0" yaku="18,1" doraHai="119" who="0" fromWho="0" sc="95,14,193,-4,403,-6,309,-4" /><INIT seed="7,0,0,2,3,50" ten="109,189,397,305" oya="3" hai0="44,130,105,40,123,42,1,22,107,101,100,88,121" hai1="62,108,47,99,119,66,111,77,116,87,43,117,28" hai2="79,120,93,92,60,106,133,80,104,12,86,102,25" hai3="59,48,38,35,56,5,135,132,82,52,17,57,41"/><W36/><G35/><T33/><D33/><U113/><E28/><V131/><F120/><W65/><G5/><T70/><D70/><N who="1" m="42327" /><E99/><V114/><F114/><W7/><G7/><T26/><D44/><U31/><E31/><V49/><F131/><W84/><G17/><T110/><D130/><U9/><E9/><V125/><F125/><W39/><G41/><T109/><D22/><U134/><E113/><V124/><F133/><N who="3" m="51275" /><G65/><T24/><REACH who="0" step="1"/><D1/><REACH who="0" ten="99,189,397,305" step="2"/><U127/><E134/><V13/><F124/><W55/><G48/><T15/><D15/><U37/><E127/><V75/><F12/><W71/><G71/><T98/><D98/><U68/><E68/><V58/><F13/><W30/><G30/><T10/><D10/><U27/><E27/><V76/><F25/><W64/><G64/><T0/><D0/><U95/><E119/><V63/><F49/><W3/><G3/><T4/><D4/><U34/><E117/><V32/><F32/><W2/><G2/><T8/><D8/><U20/><E34/><V14/><F14/><W73/><G73/><T96/><D96/><U126/><E20/><V11/><F75/><W18/><G18/><T53/><D53/><U129/><E129/><V85/><F11/><W29/><G29/><T118/><D118/><U74/><E116/><V103/><F106/><W112/><G112/><T45/><D45/><U89/><E126/><V46/><F46/><W61/><G61/><T97/><D97/><U128/><E128/><V16/><F60/><W23/><G23/><T51/><D51/><U91/><E47/><V54/><F104/><RYUUKYOKU ba="0,1" sc="99,15,189,-15,397,-15,305,15" hai0="24,26,40,42,88,100,101,105,107,109,110,121,123" hai3="36,38,39,52,55,56,57,59,82,84" /><INIT seed="7,1,1,4,0,27" ten="114,174,382,320" oya="3" hai0="134,106,30,125,43,80,56,115,64,59,50,133,102" hai1="38,98,79,113,99,67,32,132,112,119,87,101,41" hai2="53,18,21,82,44,96,85,51,28,45,42,22,92" hai3="77,17,6,71,84,135,126,12,68,107,76,26,100"/><W65/><G107/><T11/><D125/><U2/><E32/><V62/><F28/><W39/><G39/><T81/><D11/><U16/><E2/><V123/><F123/><W0/><G126/><T116/><D116/><U49/><E38/><V24/><F21/><W86/><G100/><T34/><D64/><U74/><E74/><V37/><F62/><W31/><G65/><T114/><D102/><U19/><E132/><N who="0" m="50793" /><D106/><N who="1" m="63799" /><E99/><V94/><F96/><W61/><G61/><T20/><D34/><U73/><E73/><V91/><AGARI ba="1,1" hai="18,22,24,37,42,44,45,51,53,82,85,91,92,94" machi="91" ten="20,1500,0" yaku="0,1,7,1" doraHai="27" who="2" fromWho="2" sc="114,-5,174,-5,382,28,320,-8" owari="109,-39.0,169,-23.0,410,51.0,312,11.0" /></mjloggm>