<mjloggm ver="2.3"><GO type="169" lobby="0"/><UN n0="%E3%83%88%E3%83%88%E3%83%AA%E5%85%88%E7%94%9F%31%39%E6%AD%B3" n1="%54%E3%83%BB%54%E3%83%BB%EF%BC%98" n2="%E3%81%8F%E3%81%86%E3%81%9F%E3%82%8D" n3="%E5%85%83%E7%8F%8D" dan="19,16,16,17" rate="2276.43,2080.03,2102.56,2187.65" sx="F,M,M,M"/><TAIKYOKU oya="0"/><INIT seed="0,0,0,5,5,21" ten="250,250,250,250" oya="0" hai0="100,105,17,48,40,65,73,1,70,106,59,41,25" hai1="34,128,96,27,123,30,12,124,129,38,97,76,107" hai2="84,93,94,20,81,57,24,33,92,0,5,79,110" hai3="87,98,134,36,113,132,127,91,111,43,103,58,29"/><T7/><D73/><U114/><E123/><V67/><F110/><W118/><G113/><T115/><D115/><U18/><E114/><V46/><F33/><W35/><G118/><T82/><D82/><U15/><E124/><V49/><F0/><W9/><G111/><T50/><D70/><U11/><E38/><V130/><F5/><W117/><G117/><T83/><D83/><U31/><E76/><V72/><F130/><N who="1" m="50281" /><E107/><V89/><F57/><W56/><G127/><T54/><D65/><U104/><E104/><V75/><F67/><W122/><G122/><T14/><D1/><U61/><E61/><V71/><F71/><W109/><G109/><T108/><D108/><U95/><E95/><V101/><F101/><W13/><G43/><T26/><D7/><N who="1" m="3199" /><E31/><V80/><F75/><W68/><G36/><T3/><D3/><U86/><E86/><V131/><F131/><W47/><G47/><N who="0" m="27999" /><D100/><U16/><E18/><V44/><REACH who="2" step="1"/><F49/><REACH who="2" ten="250,250,240,250" step="2"/><W52/><G68/><T133/><D59/><U66/><E66/><V102/><F102/><W125/><G125/><T22/><D48/><U37/><E37/><V85/><F85/><W74/><G74/><T135/><D106/><U62/><E62/><V126/><F126/><W55/><G58/><T121/><D105/><U6/><E6/><V119/><F119/><W45/><G56/><T120/><D121/><U10/><AGARI ba="0,1" hai="10,15,16,27,30,34,96,97" m="3199,50281" machi="10" ten="30,4000,0" yaku="19,1,52,1,54,1" doraHai="21" who="1" fromWho="1" sc="250,-20,250,50,240,-10,250,-10" /><INIT seed="1,0,0,5,2,109" ten="230,300,230,240" oya="1" hai0="106,85,81,10,44,60,74,6,39,95,116,16,13" hai1="9,131,7,40,86,31,120,114,26,97,15,2,25" hai2="1,127,77,68,62,125,126,50,111,64,21,112,47" hai3="133,108,57,36,38,63,103,132,20,58,79,102,17"/><U8/><E120/><V65/><F1/><W49/><G108/><T92/><D116/><U28/><E40/><N who="2" m="24935" /><F77/><W11/><G79/><T122/><D106/><U135/><E97/><V90/><F90/><W80/><G80/><T33/><D33/><N who="1" m="20623" /><E86/><V117/><F21/><W110/><G11/><T83/><D122/><U66/><E66/><N who="2" m="41047" /><F111/><W46/><G110/><T34/><D34/><N who="1" m="20855" /><E135/><N who="3" m="51786" /><G103/><T96/><D60/><U118/><E118/><V4/><F4/><W3/><G3/><T12/><D74/><U75/><E75/><V43/><F117/><W113/><G102/><T87/><D87/><U30/><E131/><V134/><F134/><W32/><G32/><T14/><D81/><U94/><E94/><V73/><F73/><W69/><G69/><T101/><D95/><U41/><E41/><V24/><F43/><W98/><G98/><T88/><D6/><N who="1" m="3511" /><E30/><V124/><F124/><W18/><G20/><T121/><D121/><U89/><E89/><V72/><F72/><W54/><G63/><T29/><D29/><U91/><E91/><V27/><F65/><W76/><G76/><T128/><D128/><U0/><E114/><V104/><F104/><W119/><G113/><T99/><D99/><U61/><E61/><V59/><F112/><W35/><G119/><T52/><D39/><U82/><E82/><V70/><F70/><W71/><G38/><T130/><D130/><U123/><E123/><V78/><F78/><W53/><G36/><T22/><D22/><U42/><E42/><V37/><F37/><W56/><G71/><T107/><D107/><U48/><E0/><RYUUKYOKU ba="0,0" sc="230,10,300,10,230,10,240,-30" hai0="10,12,13,14,16,44,52,83,85,88,92,96,101" hai1="2,7,8,48" hai2="24,27,59,64,125,126,127" /><INIT seed="1,1,0,2,2,89" ten="240,310,240,210" oya="1" hai0="34,37,113,93,7,82,64,42,73,132,54,45,52" hai1="38,55,63,133,70,77,122,30,129,131,92,27,20" hai2="10,3,90,43,44,101,120,41,13,51,130,60,105" hai3="125,33,114,126,26,84,102,11,2,71,78,19,61"/><U100/><E122/><V81/><F120/><W62/><G114/><T112/><D34/><U31/><E38/><V9/><F130/><N who="1" m="49673" /><E133/><V67/><F3/><W76/><G102/><T98/><D132/><U97/><E77/><V28/><F28/><W48/><G48/><T96/><D96/><U18/><E55/><V75/><F105/><W94/><G33/><T87/><D73/><U49/><E49/><V103/><F43/><W116/><G116/><T68/><D7/><U58/><E58/><N who="2" m="37271" /><F75/><W111/><G111/><T88/><D64/><AGARI ba="1,0" hai="18,20,27,30,31,63,64,70,92,97,100" m="49673" machi="64" ten="30,2900,0" yaku="19,1,52,1" doraHai="89" who="1" fromWho="0" sc="240,-32,310,32,240,0,210,0" /><INIT seed="1,2,0,2,1,92" ten="208,342,240,210" oya="1" hai0="73,72,49,6,70,81,93,40,108,46,48,44,129" hai1="10,98,87,27,75,19,11,83,132,33,56,84,42" hai2="78,31,8,34,18,105,96,36,104,16,80,125,94" hai3="113,4,1,117,122,120,50,112,86,90,88,111,24"/><U62/><E42/><V64/><F36/><W37/><G37/><T54/><D70/><U5/><E75/><V99/><F64/><W3/><G50/><T29/><D108/><U74/><E74/><V118/><F118/><W67/><G67/><T102/><D129/><U127/><E132/><V47/><F47/><W85/><G24/><T63/><D63/><U109/><E127/><V135/><F135/><W116/><REACH who="3" step="1"/><G4/><REACH who="3" ten="208,342,240,200" step="2"/><T28/><D6/><U2/><E27/><V61/><F125/><W55/><G55/><T17/><D54/><U26/><E26/><V124/><F124/><W41/><G41/><T38/><D40/><U35/><E35/><V82/><F61/><W59/><G59/><T77/><D38/><U121/><E33/><V115/><F34/><W23/><G23/><T9/><D48/><U30/><E56/><V97/><F115/><W15/><G15/><N who="0" m="7407" /><D49/><U7/><E62/><V106/><F31/><W130/><G130/><T25/><D28/><U68/><E30/><V14/><F18/><W103/><G103/><T39/><D39/><U52/><E19/><V12/><F12/><W65/><G65/><T57/><D57/><U131/><E52/><V133/><F133/><W51/><G51/><T76/><D25/><U114/><E131/><V53/><F53/><W22/><G22/><T45/><D29/><U134/><E134/><V100/><REACH who="2" step="1"/><F82/><REACH who="2" ten="208,342,230,200" step="2"/><W60/><G60/><T91/><D45/><U13/><E13/><V66/><F66/><W71/><G71/><T110/><D44/><U79/><E68/><V107/><N who="2" m="26624" /><DORA hai="89" /><V69/><F69/><RYUUKYOKU ba="2,2" sc="208,-15,342,-15,230,15,200,15" hai2="8,14,16,78,80,94,96,97,99,100" hai3="1,3,85,86,88,90,111,112,113,116,117,120,122" /><INIT seed="2,3,2,2,3,44" ten="193,327,245,215" oya="2" hai0="111,32,45,100,65,14,19,6,9,28,1,17,42" hai1="23,74,12,8,41,29,71,109,84,130,43,131,96" hai2="34,123,0,104,53,15,46,76,126,69,127,21,101" hai3="48,38,135,89,16,59,88,10,83,120,25,113,115"/><V114/><F114/><N who="3" m="43531" /><G38/><T134/><D111/><U27/><E71/><V92/><F123/><W117/><G120/><T57/><D134/><U78/><E74/><V56/><F34/><W93/><G117/><T26/><D100/><U51/><E109/><V105/><F0/><W39/><G39/><T125/><D125/><N who="2" m="47626" /><F69/><W49/><G135/><T128/><D128/><N who="1" m="49195" /><E96/><N who="2" m="59527" /><F46/><W94/><G83/><T5/><D17/><N who="1" m="8327" /><E51/><N who="3" m="19530" /><G59/><T108/><D108/><U129/><E129/><V64/><F76/><W97/><G10/><T75/><D45/><U54/><E54/><V30/><F53/><W99/><G25/><T11/><D42/><U40/><E40/><V124/><F124/><W63/><G63/><T82/><D57/><U110/><E110/><V50/><F50/><W37/><G37/><T91/><D9/><U31/><E31/><V79/><F79/><W80/><G80/><AGARI ba="3,2" hai="23,27,29,41,43,78,80,84" m="8327,49195" machi="80" ten="30,1000,0" yaku="19,1" doraHai="44" who="1" fromWho="3" sc="193,0,327,39,245,0,215,-19" /><INIT seed="3,0,0,0,2,12" ten="193,366,245,196" oya="3" hai0="43,63,35,45,49,26,2,66,0,7,22,1,114" hai1="37,127,69,44,83,19,56,74,118,111,4,73,106" hai2="51,81,60,105,58,67,11,89,61,48,91,129,133" hai3="77,25,115,8,54,18,23,33,119,64,95,122,94"/><W62/><G119/><T16/><D114/><U10/><E106/><V15/><F129/><W38/><G115/><T82/><D35/><U32/><E69/><V110/><F110/><W88/><G122/><T124/><D124/><U46/><E32/><V9/><F133/><W39/><G77/><T123/><D123/><U121/><E121/><V21/><F105/><W99/><G33/><T130/><D130/><U14/><E118/><V125/><F125/><W3/><G95/><T107/><D107/><U103/><E103/><V97/><F61/><W71/><G3/><T101/><D82/><U116/><E127/><V53/><F51/><W72/><G72/><T79/><D79/><U92/><E111/><V113/><F113/><W55/><REACH who="3" step="1"/><G8/><REACH who="3" ten="193,366,245,186" step="2"/><T29/><D101/><U85/><E116/><V90/><F81/><W117/><G117/><T100/><D100/><U112/><E92/><N who="2" m="56479" /><F11/><W57/><G57/><T86/><D1/><U132/><E56/><N who="2" m="32807" /><F9/><W17/><G17/><AGARI ba="0,1" hai="15,17,21,58,60,67,89,90" m="32807,56479" machi="17" ten="30,2000,0" yaku="8,1,52,1" doraHai="12" who="2" fromWho="3" sc="193,0,366,0,245,30,186,-20" /><INIT seed="4,0,0,4,3,35" ten="193,366,275,166" oya="0" hai0="37,128,72,28,34,115,7,76,121,57,14,94,77" hai1="82,54,4,62,36,67,13,81,71,96,117,97,119" hai2="0,29,108,101,74,17,100,45,18,10,31,131,41" hai3="91,83,33,85,110,95,1,125,127,68,8,27,124"/><T21/><D121/><U130/><E36/><V48/><F74/><W87/><G110/><T70/><D70/><U107/><E54/><V15/><F108/><W80/><G68/><T123/><D123/><U26/><E26/><V90/><F0/><W120/><G120/><T53/><D37/><U66/><E130/><V105/><F105/><W102/><G102/><N who="2" m="39529" /><F131/><W30/><G87/><T122/><D122/><U11/><E67/><V49/><F90/><W56/><G56/><T103/><D128/><U109/><E109/><V116/><F116/><W106/><G106/><T40/><D40/><U63/><E63/><V118/><F118/><W93/><G83/><T78/><D115/><U73/><E82/><V113/><F113/><W52/><G52/><T133/><D133/><U98/><E107/><V59/><F18/><W25/><G25/><N who="0" m="16431" /><D34/><U19/><REACH who="1" step="1"/><E4/><AGARI ba="0,0" hai="1,4,8,27,30,33,80,85,91,93,95,124,125,127" machi="4" ten="40,2600,0" yaku="18,1,52,1" doraHai="35" who="3" fromWho="1" sc="193,0,366,-26,275,0,166,26" /><INIT seed="5,0,0,3,3,49" ten="193,340,275,192" oya="1" hai0="123,94,46,40,57,7,86,72,35,5,85,54,108" hai1="92,32,132,61,120,134,112,116,88,114,68,81,60" hai2="21,18,71,31,29,11,83,119,13,27,100,63,9" hai3="14,78,28,113,53,90,50,33,124,67,133,121,75"/><U65/><E120/><V51/><F119/><W117/><G121/><T17/><D123/><U56/><E116/><V98/><F83/><W41/><G117/><T125/><D72/><U106/><E32/><N who="2" m="20543" /><F51/><W103/><G41/><T79/><D108/><U58/><E106/><N who="2" m="63767" /><F31/><W52/><G103/><T10/><D125/><U110/><E81/><V93/><F93/><W59/><G124/><T70/><D70/><U69/><E92/><V45/><F45/><W109/><G109/><T122/><D35/><U76/><E76/><V8/><F8/><W38/><G38/><T37/><D122/><U20/><E20/><V97/><F97/><W104/><G104/><T2/><D79/><U74/><E74/><V96/><F96/><W84/><G78/><T44/><D44/><U39/><E88/><V4/><F4/><W15/><G75/><T101/><D101/><U0/><E0/><V73/><F73/><W82/><G28/><T80/><D94/><U55/><E110/><V47/><F47/><W24/><G24/><T3/><D17/><U22/><E22/><V129/><F129/><W43/><G33/><T23/><D23/><U130/><E130/><V66/><AGARI ba="0,0" hai="9,11,13,18,21,63,66,71" m="63767,20543" machi="66" ten="30,1100,0" yaku="25,1" doraHai="49" who="2" fromWho="2" sc="193,-3,340,-5,275,11,192,-3" /><INIT seed="6,0,0,2,3,30" ten="190,335,286,189" oya="2" hai0="50,66,98,110,73,15,131,117,86,77,106,116,49" hai1="1,0,92,41,94,19,25,47,130,111,75,104,71" hai2="22,26,64,69,76,95,96,80,115,37,33,20,85" hai3="56,113,44,29,132,84,99,12,67,3,62,124,23"/><V10/><F37/><W40/><G3/><T57/><D110/><U8/><E104/><V91/><F115/><W16/><G132/><T14/><D73/><U97/><E71/><V87/><F69/><W34/><G124/><T127/><D127/><U18/><E75/><V74/><F64/><W21/><G113/><T36/><D36/><U112/><E111/><V59/><F59/><W81/><G99/><T123/><D123/><U55/><E55/><V83/><F10/><W11/><G29/><T24/><D131/><U88/><E112/><V28/><REACH who="2" step="1"/><F74/><REACH who="2" ten="190,335,276,189" step="2"/><W120/><G120/><T17/><D66/><U133/><E130/><V119/><F119/><W114/><G114/><T54/><D116/><U38/><E133/><V89/><AGARI ba="0,1" hai="20,22,26,28,33,76,80,83,85,87,89,91,95,96" machi="89" ten="20,7800,0" yaku="1,1,0,1,7,1,52,1,53,0" doraHai="30" doraHaiUra="108" who="2" fromWho="2" sc="190,-26,335,-26,276,88,189,-26" /><INIT seed="6,1,0,2,4,41" ten="164,309,364,163" oya="2" hai0="117,9,15,47,50,104,54,17,62,66,27,103,82" hai1="48,99,132,127,111,2,76,21,59,126,36,37,93" hai2="95,73,35,96,80,3,69,25,110,34,108,124,97" hai3="43,135,120,19,113,55,121,58,18,74,123,85,133"/><V7/><F69/><W44/><G74/><T57/><D117/><U24/><E2/><V105/><F95/><W49/><G85/><T109/><D109/><U46/><E59/><V56/><F56/><W14/><G14/><T98/><D27/><U33/><E33/><V87/><F87/><W22/><G22/><T70/><REACH who="0" step="1"/><D82/><REACH who="0" ten="154,309,364,163" step="2"/><U68/><E111/><V0/><F80/><W63/><REACH who="3" step="1"/><G113/><REACH who="3" ten="154,309,364,153" step="2"/><T12/><D12/><U125/><E127/><V119/><F124/><W115/><G115/><T122/><D122/><U91/><E126/><V28/><F110/><W72/><G72/><T129/><D129/><U75/><E125/><V30/><F73/><W86/><G86/><T100/><D100/><U32/><E75/><V4/><F108/><W107/><G107/><T78/><D78/><U31/><E76/><V130/><F105/><W65/><G65/><T45/><AGARI ba="1,2" hai="9,15,17,45,47,50,54,57,62,66,70,98,103,104" machi="45" ten="30,8000,1" yaku="1,1,0,1,52,2,53,1" doraHai="41" doraHaiUra="8" who="0" fromWho="0" sc="154,103,309,-21,364,-41,153,-21" /><INIT seed="7,0,0,1,1,78" ten="257,288,323,132" oya="3" hai0="59,71,74,55,124,23,47,33,82,76,83,95,101" hai1="92,126,97,118,102,135,48,7,65,20,100,133,109" hai2="39,13,35,58,112,49,85,131,4,89,38,56,79" hai3="91,9,117,103,31,37,115,32,105,86,68,22,66"/><W110/><G117/><T130/><D33/><U80/><E109/><V41/><F35/><W36/><G110/><T61/><D130/><U42/><E118/><V21/><F112/><W93/><G115/><T127/><D71/><U69/><E126/><N who="0" m="48169" /><D76/><U84/><E7/><V15/><F39/><W123/><G123/><T87/><D74/><U10/><E10/><N who="2" m="4295" /><F38/><W75/><G75/><T6/><D6/><U70/><E20/><V62/><F79/><W67/><G22/><T111/><D111/><U114/><E65/><V30/><F62/><N who="3" m="40023" /><G9/><T19/><D47/><N who="1" m="25719" /><E102/><V53/><F41/><W107/><G67/><T50/><D61/><U24/><E24/><N who="2" m="16655" /><F15/><W63/><G63/><T1/><D1/><U44/><E44/><N who="2" m="27815" /><F131/><W120/><G120/><T72/><D72/><U57/><E57/><V34/><F34/><W26/><G107/><T129/><D129/><U90/><E114/><V122/><F122/><W12/><G12/><N who="0" m="9703" /><D101/><U16/><E70/><V8/><F8/><W121/><G121/><T54/><D55/><U116/><E69/><V81/><AGARI ba="0,0" hai="56,58,81,85,89" m="27815,16655,4295" machi="81" ten="30,2000,0" yaku="8,1,52,1" doraHai="78" who="2" fromWho="2" sc="257,-5,288,-5,323,20,132,-10" owari="252,-15.0,283,8.0,343,45.0,122,-38.0" /></mjloggm>