<mjloggm ver="2.3"><GO type="169" lobby="0"/><UN n0="%E9%BA%BB%E9%9B%80%E3%82%84%E3%82%81%E3%81%9F%E3%81%84" n1="%E9%9D%92%E7%8C%AB" n2="%74%61%6B%65%64%61%31%32" n3="%E3%83%88%E3%83%88%E3%83%AA%E5%85%88%E7%94%9F%31%39%E6%AD%B3" dan="16,17,16,18" rate="2046.68,2094.63,2115.24,2285.83" sx="F,M,M,F"/><TAIKYOKU oya="0"/><INIT seed="0,0,0,0,5,106" ten="250,250,250,250" oya="0" hai0="56,124,32,120,70,64,19,58,14,35,28,0,33" hai1="9,60,86,49,7,122,38,108,128,85,126,37,13" hai2="102,118,62,111,22,119,55,93,5,130,15,24,129" hai3="12,1,123,69,103,125,2,110,105,44,104,107,132"/><T59/><D120/><U43/><E122/><V41/><F41/><W133/><G123/><T73/><D0/><N who="3" m="105" /><G12/><T23/><D124/><U109/><E126/><V3/><F111/><N who="1" m="42569" /><E60/><V84/><F3/><W10/><G125/><T51/><D51/><U76/><E128/><N who="2" m="49259" /><F15/><W36/><G110/><T127/><D127/><U121/><E121/><V79/><F5/><W46/><G10/><T135/><D135/><N who="3" m="51785" /><G103/><T100/><D100/><U67/><E67/><V112/><F112/><W114/><G69/><T90/><D90/><U94/><E94/><V131/><F131/><W52/><G114/><T39/><D39/><N who="1" m="14859" /><E76/><V61/><F102/><W66/><G66/><T77/><D28/><U65/><E65/><V83/><F93/><W101/><G101/><T68/><REACH who="0" step="1"/><D64/><REACH who="0" ten="240,250,250,250" step="2"/><U48/><E48/><V57/><F62/><W134/><G134/><T4/><D4/><U16/><E7/><V115/><F115/><W27/><G36/><T30/><D30/><AGARI ba="0,1" hai="22,24,30,55,57,61,79,83,84,118,119" m="49259" machi="30" ten="30,1000,0" yaku="19,1" doraHai="106" who="2" fromWho="0" sc="240,-10,250,0,250,20,250,0" /><INIT seed="1,0,0,2,1,45" ten="230,250,270,250" oya="1" hai0="27,38,66,0,90,107,125,111,48,129,53,124,41" hai1="51,103,5,88,74,84,40,93,9,122,73,128,18" hai2="95,79,117,1,133,26,68,65,29,39,98,91,31" hai3="8,99,70,72,43,36,120,11,32,110,96,97,7"/><U89/><E122/><V63/><F39/><W126/><G120/><T3/><D111/><U4/><E128/><V46/><F117/><W12/><G70/><T22/><D66/><U52/><E40/><V13/><F1/><W75/><G32/><T2/><D129/><U24/><E74/><V44/><F133/><W132/><G132/><T121/><D121/><U113/><E73/><V108/><F108/><W30/><G30/><T104/><D41/><U16/><E113/><V21/><F31/><W61/><G110/><T69/><D69/><U85/><E103/><V106/><F79/><W134/><G134/><T87/><D38/><U35/><E35/><V37/><F37/><W115/><G126/><N who="0" m="48747" /><D87/><U82/><E24/><V109/><F109/><W25/><G25/><T78/><D78/><U92/><E82/><V59/><F106/><W58/><G115/><T10/><D90/><U112/><E112/><V50/><REACH who="2" step="1"/><F13/><REACH who="2" ten="230,250,260,250" step="2"/><W114/><G114/><T55/><D0/><U123/><E123/><V34/><F34/><W80/><G36/><T127/><D2/><U47/><E4/><V94/><F94/><W57/><G80/><T60/><D107/><U42/><E42/><V130/><F130/><W119/><G43/><T56/><D104/><U28/><E28/><V71/><F71/><W49/><G119/><T15/><D3/><AGARI ba="0,1" hai="3,5,9,16,18,47,51,52,84,85,88,89,92,93" machi="3" ten="30,18000,2" yaku="7,1,9,1,52,1,54,3" doraHai="45" who="1" fromWho="0" sc="230,-180,250,190,260,0,250,0" /><INIT seed="1,1,0,0,1,113" ten="50,440,260,250" oya="1" hai0="132,107,4,18,6,9,69,60,36,122,103,46,105" hai1="11,66,59,39,115,67,92,131,128,102,35,50,119" hai2="76,120,114,116,45,109,86,130,44,91,62,54,81" hai3="29,21,124,112,55,20,31,2,71,104,95,53,30"/><U38/><E35/><V74/><F109/><W84/><G104/><T127/><D122/><U126/><E11/><V117/><F114/><W41/><G112/><T49/><D36/><N who="1" m="13867" /><E115/><V48/><F120/><W58/><G71/><T47/><D132/><U57/><E92/><V40/><F130/><N who="1" m="49705" /><E102/><V13/><F62/><W88/><G2/><T15/><D127/><U134/><E134/><V83/><REACH who="2" step="1"/><F13/><REACH who="2" ten="50,440,250,250" step="2"/><W82/><G124/><T79/><D79/><U22/><E126/><V123/><F123/><W87/><G41/><T77/><D77/><U99/><E67/><V97/><F97/><W7/><G55/><T68/><D60/><U52/><E99/><V135/><F135/><W111/><G111/><T65/><D65/><U51/><E66/><V33/><F33/><W37/><G37/><AGARI ba="1,1" hai="37,40,44,45,48,54,74,76,81,83,86,91,116,117" machi="37" ten="30,7700,0" yaku="1,1,7,1,52,2,53,0" doraHai="113" doraHaiUra="121" who="2" fromWho="3" sc="50,0,440,0,250,90,250,-80" /><INIT seed="2,0,0,0,0,114" ten="50,440,340,170" oya="2" hai0="96,42,116,9,122,81,59,91,69,97,85,92,19" hai1="28,5,118,77,75,113,41,133,64,103,121,37,13" hai2="63,68,40,11,50,39,100,62,130,87,127,120,110" hai3="105,65,126,52,10,135,93,24,119,49,108,107,67"/><V45/><F120/><W76/><G119/><T129/><D122/><U72/><E64/><V132/><F100/><W106/><G108/><T35/><D69/><U94/><E28/><V86/><F132/><W117/><G117/><T53/><D129/><U23/><E118/><V4/><F130/><W21/><G135/><T18/><D35/><U17/><E133/><V134/><F134/><W43/><G126/><T14/><D42/><U123/><E113/><V33/><F33/><W115/><G115/><T101/><D116/><U66/><E66/><V32/><F32/><W26/><G43/><T102/><D96/><U84/><E5/><V98/><F127/><W58/><G76/><T7/><REACH who="0" step="1"/><D102/><REACH who="0" ten="40,440,340,170" step="2"/><U128/><E103/><V80/><F98/><W89/><G10/><T55/><D55/><U38/><E41/><V2/><F68/><W56/><G65/><T48/><AGARI ba="0,1" hai="7,9,14,18,19,48,53,59,81,85,91,92,97,101" machi="48" ten="20,8000,1" yaku="1,1,0,1,7,1,8,1,53,1" doraHai="114" doraHaiUra="78" who="0" fromWho="0" sc="40,90,440,-20,340,-40,170,-20" /><INIT seed="3,0,0,3,0,107" ten="130,420,300,150" oya="3" hai0="53,116,5,89,45,50,3,65,96,111,132,125,76" hai1="42,58,43,14,61,63,17,95,47,4,11,26,66" hai2="128,97,51,57,114,20,55,93,88,81,86,46,52" hai3="70,103,83,72,27,87,74,112,129,41,82,113,117"/><W37/><G70/><T115/><D116/><U119/><E119/><V12/><F128/><W78/><G117/><T54/><D111/><U131/><E131/><V123/><F114/><N who="3" m="44139" /><G27/><T127/><D132/><U31/><E63/><V34/><F34/><W122/><G41/><T71/><D115/><U68/><E68/><V15/><F123/><W6/><G37/><T1/><D76/><U18/><E95/><V30/><F20/><W67/><G67/><T118/><D118/><U106/><E106/><V85/><F30/><W110/><G6/><T33/><D33/><U99/><E99/><V105/><F105/><W29/><G29/><T135/><D135/><U2/><E2/><V56/><F86/><N who="3" m="48471" /><G129/><T104/><D5/><U121/><E121/><V21/><F21/><W84/><G122/><T36/><D36/><U49/><E43/><V124/><F124/><N who="0" m="47690" /><D54/><U98/><E98/><V133/><F133/><W80/><G103/><N who="0" m="62567" /><D89/><U62/><E61/><AGARI ba="0,0" hai="1,3,45,50,53,61,65,71" m="62567,47690" machi="61" ten="30,1000,0" yaku="18,1" doraHai="107" who="0" fromWho="1" sc="130,10,420,-10,300,0,150,0" /><INIT seed="4,0,0,0,1,23" ten="140,410,300,150" oya="0" hai0="87,25,134,53,81,115,77,28,72,39,19,119,97" hai1="42,102,49,13,68,129,131,124,57,104,94,66,126" hai2="0,90,33,52,95,116,16,91,30,121,51,101,110" hai3="24,79,36,11,123,133,65,125,44,114,46,85,122"/><T127/><D115/><U107/><E68/><V105/><F105/><N who="1" m="40521" /><E13/><V76/><F76/><W38/><G114/><T108/><D119/><U56/><E42/><V43/><F110/><W93/><G133/><T83/><D134/><U14/><E14/><V6/><F121/><N who="3" m="46091" /><G125/><N who="1" m="48234" /><E66/><V117/><F43/><W7/><G65/><T31/><D97/><N who="1" m="59703" /><E49/><V111/><F111/><W21/><G38/><T3/><D108/><U10/><E10/><V20/><F6/><W22/><G36/><T48/><D3/><U69/><E69/><V54/><F0/><N who="3" m="487" /><G22/><T15/><D25/><U75/><E75/><V71/><F71/><W82/><G93/><T92/><D92/><U84/><E84/><V12/><F33/><W98/><G98/><T41/><D41/><U1/><E1/><V50/><F30/><AGARI ba="0,0" hai="21,24,30,44,46,79,82,85" m="487,46091" machi="30" ten="30,2000,0" yaku="13,1,52,1" doraHai="23" who="3" fromWho="2" sc="140,0,410,0,300,-20,150,20" /><INIT seed="5,0,0,3,3,55" ten="140,410,280,170" oya="1" hai0="128,6,96,117,88,103,107,61,29,64,12,17,0" hai1="9,93,67,130,41,58,36,99,19,46,51,119,135" hai2="47,104,30,43,102,76,13,69,20,22,38,105,126" hai3="63,110,10,3,4,86,89,82,1,100,2,11,42"/><U127/><E119/><V74/><F69/><W5/><G110/><T27/><D117/><U118/><E118/><V115/><F126/><W133/><G133/><T72/><D72/><U32/><E32/><V60/><F115/><W75/><G75/><T52/><D128/><U131/><E135/><V112/><F112/><W53/><G42/><T31/><D0/><U56/><E127/><V101/><F104/><W106/><G3/><T59/><D6/><U66/><E36/><V18/><F105/><W77/><G106/><T44/><D27/><U114/><E114/><V84/><F74/><W54/><G100/><T25/><D25/><U57/><E9/><V26/><F76/><W87/><REACH who="3" step="1"/><G63/><REACH who="3" ten="140,410,280,160" step="2"/><T122/><D122/><U68/><E131/><V8/><F60/><W21/><G21/><T50/><REACH who="0" step="1"/><D88/><REACH who="0" ten="130,410,280,160" step="2"/><U70/><E130/><V123/><F123/><W78/><G78/><T98/><D98/><U134/><E134/><V113/><F113/><W16/><G16/><T92/><D92/><AGARI ba="0,2" hai="1,2,4,5,10,11,53,54,77,82,86,87,89,92" machi="92" ten="30,3900,0" yaku="1,1,7,1,9,1,53,0" doraHai="55" doraHaiUra="124" who="3" fromWho="0" sc="130,-39,410,0,280,0,160,59" /><INIT seed="6,0,0,5,5,93" ten="91,410,280,219" oya="2" hai0="103,135,112,84,106,116,31,37,129,98,91,122,107" hai1="16,105,73,72,92,26,132,69,134,10,110,108,95" hai2="45,96,131,121,78,27,47,115,111,114,87,61,130" hai3="94,41,19,25,80,1,52,7,83,34,6,75,125"/><V74/><F121/><W13/><G125/><T11/><D37/><U36/><E36/><V100/><F27/><W15/><G41/><T22/><D122/><U85/><E69/><V33/><F33/><W49/><G75/><N who="1" m="28746" /><E105/><N who="2" m="63623" /><F61/><W20/><G1/><T77/><D112/><N who="2" m="43050" /><F74/><W56/><G34/><T24/><D77/><U59/><E59/><V89/><F78/><W23/><G94/><N who="1" m="35882" /><E85/><V123/><F123/><W128/><G128/><N who="2" m="49193" /><F111/><W54/><G54/><T35/><D129/><U55/><E55/><V71/><F71/><W30/><G13/><T65/><D35/><U2/><E26/><V29/><F29/><W63/><G63/><T76/><D107/><U97/><E2/><V32/><F32/><W88/><G88/><T104/><D91/><U120/><E120/><V9/><F9/><W44/><G56/><T90/><D106/><U117/><E110/><V62/><F62/><W60/><G60/><T4/><D76/><U53/><E53/><V8/><F8/><W101/><G101/><T82/><D65/><U18/><E10/><V57/><F57/><W40/><G52/><T133/><REACH who="0" step="1"/><D116/><REACH who="0" ten="81,410,280,219" step="2"/><U119/><E117/><V0/><F0/><AGARI ba="0,1" hai="0,4,11,22,24,31,82,84,90,98,103,104,133,135" machi="0" ten="40,5200,0" yaku="1,1,2,1,52,1,53,0" doraHai="93" doraHaiUra="12" who="0" fromWho="2" sc="81,62,410,0,280,-52,219,0" /><INIT seed="7,0,0,2,5,18" ten="143,410,228,219" oya="3" hai0="34,47,83,37,5,77,52,61,1,19,27,73,88" hai1="32,90,59,16,91,17,69,116,120,79,25,132,62" hai2="3,95,106,38,33,126,127,102,84,2,9,104,70" hai3="10,105,50,78,57,53,118,60,94,48,96,97,117"/><W45/><G78/><T26/><D34/><U7/><E120/><V64/><F33/><W107/><G10/><T11/><D19/><U109/><E109/><V43/><F43/><W65/><G50/><T115/><D115/><U29/><E116/><V123/><F123/><W125/><G125/><N who="2" m="47625" /><F38/><W86/><G86/><T23/><D23/><U55/><E132/><V93/><F84/><W46/><G46/><T81/><D81/><U12/><E69/><V35/><F35/><W72/><G72/><T128/><D128/><U108/><E108/><V76/><F76/><W6/><G6/><T39/><D39/><U66/><E79/><V122/><F95/><W131/><G131/><T8/><D8/><U134/><E134/><V98/><F122/><W112/><G112/><T0/><D0/><N who="2" m="42" /><F9/><W58/><G45/><T101/><D101/><U135/><E135/><V103/><F102/><W80/><G80/><T14/><D14/><U63/><E7/><V99/><F98/><W31/><G31/><T51/><D61/><AGARI ba="0,0" hai="61,64,70,93,99,103,104,106" m="42,47625" machi="61" ten="30,1000,0" yaku="18,1" doraHai="18" who="2" fromWho="0" sc="143,-10,410,0,228,10,219,0" owari="133,-37.0,410,51.0,238,4.0,219,-18.0" /></mjloggm>