<mjloggm ver="2.3"><GO type="169" lobby="0"/><UN n0="%66%65%65%73" n1="%54%4F%52" n2="%E3%82%A6%E3%83%AB%E3%83%88%E3%83%A9%E7%AB%8B%E7%9B%B4" n3="%E3%82%B7%E3%83%A5%E3%83%9E%E3%82%A4%E3%82%B1%E3%83%AB" dan="17,16,16,17" rate="2188.00,2083.30,2146.85,2212.35" sx="M,M,M,M"/><TAIKYOKU oya="0"/><INIT seed="0,0,0,1,2,25" ten="250,250,250,250" oya="0" hai0="42,80,118,50,129,8,16,18,92,94,135,96,93" hai1="73,39,7,102,117,34,20,72,112,56,84,66,120" hai2="63,4,36,106,0,69,32,104,11,24,116,79,108" hai3="59,55,132,1,98,28,64,41,127,23,76,19,61"/><T5/><D118/><U51/><E34/><V67/><F116/><W126/><G1/><T47/><D135/><U17/><E39/><V29/><F108/><W2/><G2/><T37/><D129/><U71/><E71/><V22/><F22/><W113/><G132/><T68/><D68/><U27/><E7/><V40/><REACH who="2" step="1"/><F79/><REACH who="2" ten="250,250,240,250" step="2"/><W97/><G76/><T85/><D96/><U13/><E117/><V62/><F62/><W122/><G98/><T46/><D8/><U134/><E20/><V53/><F53/><W12/><G97/><T31/><D5/><U3/><E134/><V86/><F86/><W130/><G126/><T83/><D31/><U115/><E84/><V119/><F119/><W38/><G127/><T70/><D70/><U81/><E73/><V52/><F52/><W15/><G28/><T45/><D85/><U103/><E72/><V10/><F10/><W125/><G125/><T128/><D128/><U110/><E115/><V91/><F91/><W78/><G78/><T6/><D6/><U100/><E112/><V131/><F131/><W95/><G113/><T75/><D75/><U26/><E110/><V21/><F21/><W33/><G23/><T49/><D37/><U89/><E89/><V44/><AGARI ba="0,1" hai="0,4,11,24,29,32,36,40,44,63,67,69,104,106" machi="44" ten="30,12000,2" yaku="1,1,0,1,33,3,52,1,53,1" doraHai="25" doraHaiUra="30" who="2" fromWho="2" sc="250,-60,250,-30,240,130,250,-30" /><INIT seed="1,0,0,1,2,73" ten="190,220,370,220" oya="1" hai0="31,120,121,50,75,117,28,110,72,67,83,81,21" hai1="57,87,113,82,14,86,2,66,15,124,34,96,10" hai2="44,116,94,103,68,52,9,26,61,135,97,17,53" hai3="100,106,109,27,130,89,47,54,8,36,45,105,13"/><U128/><E113/><V4/><F116/><W19/><G109/><T6/><D117/><U65/><E34/><V101/><F135/><W78/><G130/><T46/><D6/><U91/><E2/><V63/><F53/><W49/><G89/><T118/><D118/><U64/><E124/><V38/><F38/><W107/><G27/><N who="0" m="16495" /><D31/><U59/><E128/><V129/><F129/><W20/><G8/><T39/><D39/><U33/><E33/><V18/><F103/><W79/><REACH who="3" step="1"/><G100/><REACH who="3" ten="190,220,370,210" step="2"/><T119/><D119/><U23/><E10/><V126/><F26/><W104/><N who="3" m="26624" /><DORA hai="131" /><W22/><G22/><T56/><D110/><U134/><E23/><V76/><F101/><W92/><G92/><T114/><D114/><U48/><E134/><V111/><F94/><W69/><G69/><T16/><D121/><U112/><E112/><V95/><F95/><W132/><G132/><T7/><D120/><U37/><E91/><V25/><F68/><W93/><G93/><T115/><D115/><U84/><E96/><V127/><F25/><W41/><AGARI ba="0,1" hai="13,19,20,36,41,45,47,49,54,78,79" m="26624" machi="41" ten="60,12000,2" yaku="1,1,0,1,52,2,53,2" doraHai="73,131" doraHaiUra="74,99" who="3" fromWho="3" sc="190,-30,220,-60,370,-30,210,130" /><INIT seed="2,0,0,5,5,130" ten="160,160,340,340" oya="2" hai0="105,90,74,126,131,128,99,119,111,101,124,2,83" hai1="96,63,69,112,107,0,18,13,56,86,98,55,58" hai2="53,19,135,67,127,116,15,1,117,40,7,123,24" hai3="94,113,73,88,52,57,60,10,33,12,62,22,68"/><V92/><F67/><W41/><G33/><T106/><D2/><U70/><E0/><V129/><F40/><W21/><G73/><T104/><D111/><U44/><E112/><V29/><F53/><W109/><G109/><T121/><D121/><U115/><E115/><V11/><F92/><W82/><G113/><T27/><D27/><U45/><E86/><V3/><F123/><W89/><G41/><T66/><D66/><U31/><E31/><V8/><F129/><N who="0" m="49738" /><D119/><N who="2" m="45642" /><F127/><N who="0" m="48682" /><D90/><U64/><E70/><V75/><F75/><W122/><G122/><T79/><AGARI ba="0,0" hai="74,79,83,99,101,104,105,106" m="48682,49738" machi="79" ten="40,8000,1" yaku="19,1,18,1,23,1,34,2" doraHai="130" who="0" fromWho="0" sc="160,80,160,-20,340,-40,340,-20" /><INIT seed="3,0,0,0,5,50" ten="240,140,300,320" oya="3" hai0="107,56,60,29,100,72,43,44,96,10,127,114,101" hai1="4,31,37,5,34,51,39,80,64,28,132,53,14" hai2="115,52,65,112,17,135,131,74,102,88,24,103,32" hai3="73,111,15,81,130,93,16,94,11,78,63,92,54"/><W99/><G111/><T133/><D72/><U124/><E124/><V95/><F74/><W58/><REACH who="3" step="1"/><G130/><REACH who="3" ten="240,140,300,310" step="2"/><T8/><D127/><U70/><E132/><V67/><F131/><W125/><G125/><T104/><D133/><U46/><E39/><V57/><F135/><W122/><G122/><T85/><D114/><U38/><E37/><V47/><F115/><W27/><G27/><T21/><D107/><U33/><E38/><V40/><F112/><W13/><G13/><T86/><D104/><U120/><E120/><V119/><F119/><W106/><G106/><T7/><D101/><AGARI ba="0,1" hai="11,15,16,54,58,63,73,78,81,92,93,94,99,101" machi="101" ten="30,11600,0" yaku="1,1,7,1,52,1,54,1,53,0" doraHai="50" doraHaiUra="18" who="3" fromWho="0" sc="240,-116,140,0,300,0,310,126" /><INIT seed="3,1,0,1,2,16" ten="124,140,300,436" oya="3" hai0="132,57,74,38,80,36,15,67,105,131,76,8,133" hai1="40,78,96,54,109,35,30,65,48,92,87,114,127" hai2="9,25,86,93,26,70,91,52,4,19,50,21,5" hai3="89,134,97,84,121,107,126,59,72,31,130,46,103"/><W37/><G121/><T90/><D105/><U62/><E114/><V122/><F70/><W119/><G119/><T23/><D131/><U81/><E109/><V101/><F122/><W1/><G1/><T66/><D90/><U117/><E40/><V75/><F75/><W58/><G72/><T27/><D38/><U118/><E35/><V64/><F64/><W68/><G68/><T61/><D36/><U135/><E30/><V56/><F101/><W79/><G79/><T71/><D71/><U83/><E83/><V22/><F9/><W42/><G130/><T29/><REACH who="0" step="1"/><D67/><REACH who="0" ten="114,140,300,436" step="2"/><U43/><E117/><V95/><F95/><W47/><G37/><T51/><D51/><U111/><E118/><V99/><F99/><W73/><G89/><T41/><D41/><U44/><E43/><V113/><F113/><W85/><G42/><T112/><D112/><U102/><E111/><V14/><F26/><W128/><G97/><T88/><D88/><U82/><E82/><V106/><REACH who="2" step="1"/><F106/><REACH who="2" ten="114,140,290,436" step="2"/><W32/><G107/><T116/><D116/><U17/><E96/><V20/><F20/><W110/><G128/><T12/><D12/><U55/><E65/><V63/><F63/><W98/><G110/><T120/><D120/><U77/><E62/><V0/><F0/><W33/><G98/><T53/><D53/><U125/><E55/><V45/><F45/><W100/><G47/><T124/><D124/><U7/><E54/><V11/><F11/><W18/><G126/><T13/><D13/><U2/><E127/><V28/><AGARI ba="1,2" hai="4,5,14,19,21,22,25,28,50,52,56,86,91,93" machi="28" ten="20,16000,3" yaku="1,1,0,1,7,1,25,2,8,1,52,2,54,1,53,0" doraHai="16" doraHaiUra="123" who="2" fromWho="2" sc="114,-41,140,-41,290,183,436,-81" /><INIT seed="4,0,0,1,2,15" ten="73,99,473,355" oya="0" hai0="86,74,107,30,2,34,116,3,43,118,106,95,128" hai1="0,104,55,12,129,121,53,78,37,135,24,98,108" hai2="89,100,70,54,94,26,81,23,127,31,72,69,105" hai3="126,14,123,20,102,58,103,33,9,27,110,49,92"/><T122/><D74/><U32/><E78/><N who="2" m="44231" /><F54/><W51/><G110/><T41/><D34/><U48/><E48/><V59/><F59/><W120/><G33/><T99/><D30/><U19/><E98/><N who="2" m="61591" /><F127/><W45/><G126/><T25/><D25/><U90/><E90/><V56/><F56/><W8/><G58/><T63/><D122/><U4/><E104/><V10/><F10/><W115/><G115/><T16/><D86/><AGARI ba="0,0" hai="23,26,31,69,70,86,89,94" m="61591,44231" machi="86" ten="30,1000,0" yaku="24,1" doraHai="15" who="2" fromWho="0" sc="73,-10,99,0,473,10,355,0" /><INIT seed="5,0,0,1,0,122" ten="63,99,483,355" oya="1" hai0="58,45,92,135,51,74,134,27,120,24,78,95,119" hai1="127,103,26,82,29,0,35,80,124,3,10,37,91" hai2="77,57,20,61,86,110,17,84,23,97,7,49,12" hai3="32,121,53,93,64,9,65,14,21,67,125,116,30"/><U1/><E37/><V56/><F110/><W66/><G121/><T88/><D120/><U85/><E103/><V81/><F7/><W129/><G125/><N who="1" m="48202" /><E82/><N who="2" m="47183" /><F97/><W54/><G129/><T68/><D68/><U33/><E33/><V118/><F118/><W44/><G116/><T108/><D119/><U126/><N who="1" m="48210" /><U89/><DORA hai="36" /><E89/><N who="2" m="51407" /><F49/><W102/><G32/><T46/><D95/><U98/><E98/><V4/><F4/><AGARI ba="0,0" hai="0,1,3,4,10,26,29,35,80,85,91" m="48210" machi="4" ten="40,2000,0" yaku="18,1" doraHai="122,36" who="1" fromWho="2" sc="63,0,99,20,483,-20,355,0" /><INIT seed="5,1,0,5,2,26" ten="63,119,463,355" oya="1" hai0="29,73,33,19,34,128,68,127,113,135,85,125,30" hai1="40,102,12,24,126,79,76,84,118,91,2,82,5" hai2="77,100,115,87,11,56,98,70,124,45,133,107,58" hai3="57,123,129,55,48,49,89,36,110,95,60,96,83"/><U74/><E118/><V4/><F70/><W63/><G110/><T28/><D68/><U61/><E2/><V92/><F124/><N who="0" m="47690" /><D73/><U65/><E126/><V13/><F133/><W22/><G36/><T111/><D135/><U21/><E102/><V42/><F115/><W25/><G129/><T51/><D128/><U103/><E103/><V44/><F44/><W27/><G123/><T71/><D71/><U97/><E97/><V39/><REACH who="2" step="1"/><F92/><REACH who="2" ten="63,119,453,355" step="2"/><W17/><G83/><AGARI ba="1,1" hai="4,11,13,39,42,45,56,58,77,83,87,98,100,107" machi="83" ten="40,5200,0" yaku="1,1,2,1,53,1" doraHai="26" doraHaiUra="8" who="2" fromWho="3" sc="63,0,119,0,453,65,355,-55" /><INIT seed="6,0,0,3,3,127" ten="63,119,518,300" oya="2" hai0="88,114,116,24,132,87,72,129,16,56,62,29,3" hai1="46,92,4,75,85,134,126,96,60,17,43,0,12" hai2="52,44,117,20,113,21,93,64,109,66,107,77,79" hai3="101,105,94,28,98,70,130,122,6,37,89,13,124"/><V83/><F107/><W118/><G118/><T123/><D123/><U91/><E75/><V27/><F117/><W82/><G37/><T103/><D116/><U108/><E108/><V133/><F109/><W65/><G122/><T58/><D72/><U102/><E126/><V33/><F33/><W26/><G124/><T131/><D3/><U86/><E0/><V51/><F113/><W47/><G47/><T15/><D114/><U5/><E60/><V40/><F133/><W55/><G55/><T84/><D103/><U18/><E86/><N who="0" m="32809" /><D88/><U32/><E32/><V8/><F93/><W42/><G42/><T41/><D41/><U71/><E71/><V59/><F8/><W19/><G6/><T50/><D50/><N who="1" m="26975" /><E134/><V97/><F97/><W78/><G70/><T110/><D110/><U100/><E18/><V54/><F40/><W69/><G69/><T111/><D132/><U31/><E31/><V120/><F120/><W73/><G65/><T25/><D111/><U90/><E90/><V119/><F119/><W67/><G67/><N who="0" m="39367" /><D58/><U34/><E34/><V115/><F115/><W9/><G105/><T49/><D49/><U45/><E45/><V2/><F2/><W48/><G48/><T10/><D29/><U135/><E135/><V81/><F66/><W99/><G89/><T76/><D76/><U23/><E102/><V121/><F64/><W1/><G1/><T38/><D38/><U128/><E100/><V57/><F121/><W30/><G99/><T112/><D112/><U63/><E96/><V35/><F51/><W61/><G73/><T106/><D106/><RYUUKYOKU ba="0,0" sc="63,30,119,-10,518,-10,300,-10" hai0="10,15,16,24,25,129,131" /><INIT seed="7,1,0,3,5,53" ten="93,109,508,290" oya="3" hai0="74,117,47,109,82,116,49,57,40,72,30,28,17" hai1="16,125,34,51,130,84,41,25,0,56,106,70,11" hai2="107,64,67,43,118,9,46,77,132,127,86,29,135" hai3="68,92,12,120,2,81,131,98,114,58,35,62,108"/><W112/><G2/><T110/><D17/><U26/><E106/><V13/><F107/><W15/><G68/><T7/><D7/><U115/><E70/><V23/><F118/><W32/><G120/><T18/><D18/><U111/><E111/><V104/><F104/><W71/><G71/><T89/><D57/><U66/><E125/><V61/><F127/><W75/><G108/><T91/><D49/><U1/><E130/><V33/><F33/><W6/><G131/><T44/><D82/><U122/><E122/><V105/><F105/><W39/><G39/><T36/><D40/><U97/><E97/><V76/><F23/><W55/><G81/><T126/><D126/><U69/><E69/><V38/><F29/><W124/><G75/><T4/><D4/><U63/><E34/><N who="3" m="12842" /><G6/><T73/><D72/><U134/><E1/><V102/><F77/><W37/><G37/><AGARI ba="1,0" hai="28,30,36,37,44,47,73,74,89,91,109,110,116,117" machi="37" ten="25,1600,0" yaku="22,2" doraHai="53" who="0" fromWho="3" sc="93,19,109,0,508,0,290,-19" owari="112,-29.0,109,-39.0,508,61.0,271,7.0" /></mjloggm>