<mjloggm ver="2.3"><GO type="169" lobby="0"/><UN n0="%E3%82%82%E3%81%9A%E3%81%8F%E3%80%82" n1="%74%65%61%6D%2D%65%78" n2="%E3%82%A6%E3%83%AB%E3%83%88%E3%83%A9%E7%AB%8B%E7%9B%B4" n3="%41%4D%4F%55%4B" dan="16,16,18,16" rate="2080.59,2087.37,2211.57,2112.62" sx="M,M,M,M"/><TAIKYOKU oya="0"/><INIT seed="0,0,0,3,4,5" ten="250,250,250,250" oya="0" hai0="108,104,26,72,99,29,125,124,101,32,3,37,52" hai1="8,77,28,97,18,65,79,86,95,48,22,135,66" hai2="19,82,39,64,94,59,2,51,21,13,25,119,78" hai3="36,44,96,132,107,68,80,130,121,33,93,55,81"/><T71/><D72/><U83/><E135/><V127/><F39/><W60/><G132/><T126/><D37/><U41/><E77/><V98/><F2/><W115/><G33/><T88/><D108/><U61/><E28/><V11/><F127/><W67/><G115/><T57/><D3/><U131/><E131/><V54/><F64/><W30/><G30/><T4/><D4/><U128/><E128/><V69/><F69/><W92/><G92/><T112/><D71/><U102/><E61/><V110/><F110/><W24/><G24/><T91/><D112/><U0/><E0/><V122/><F122/><W75/><G107/><T17/><D17/><U27/><REACH who="1" step="1"/><E8/><REACH who="1" ten="250,240,250,250" step="2"/><V84/><F119/><W53/><G130/><T16/><REACH who="0" step="1"/><D16/><REACH who="0" ten="240,240,250,250" step="2"/><U89/><E89/><V40/><F19/><W114/><G114/><T73/><D73/><U34/><E34/><V14/><F11/><W63/><G75/><T1/><D1/><U109/><E109/><V56/><F78/><W134/><G134/><T87/><D87/><U123/><E123/><V43/><F84/><W129/><G129/><T31/><D31/><U106/><E106/><V15/><F21/><W103/><G121/><T62/><AGARI ba="0,2" hai="26,29,32,52,57,62,88,91,99,101,104,124,125,126" machi="62" ten="30,12000,1" yaku="1,1,0,1,18,1,54,2,53,0" doraHai="5" doraHaiUra="6" who="0" fromWho="0" sc="240,140,240,-40,250,-40,250,-40" /><INIT seed="0,1,0,4,1,38" ten="380,200,210,210" oya="0" hai0="50,7,78,62,35,127,48,122,40,18,8,105,54" hai1="9,12,89,97,118,80,49,5,71,42,87,133,110" hai2="46,99,41,13,102,132,115,3,53,51,21,19,77" hai3="68,58,125,28,33,103,10,116,91,61,73,43,20"/><T86/><D122/><U32/><E118/><V98/><F115/><W111/><G68/><T108/><D105/><U84/><E133/><V65/><F132/><W24/><G116/><T90/><D35/><U109/><E71/><V69/><F3/><W79/><G111/><T44/><D127/><U59/><E32/><V131/><F131/><W6/><G125/><T129/><D129/><U119/><E119/><V29/><F77/><W37/><G103/><T126/><D126/><U114/><E114/><V81/><F81/><W16/><G91/><T128/><D128/><U135/><E135/><V113/><F113/><W88/><G88/><T96/><D108/><N who="1" m="41579" /><E97/><V31/><F99/><W74/><G79/><T100/><D78/><U123/><E123/><V60/><REACH who="2" step="1"/><F53/><REACH who="2" ten="380,200,200,210" step="2"/><W25/><G74/><T15/><D96/><U57/><E84/><V55/><F55/><W66/><G73/><T23/><D100/><U124/><E124/><V36/><F36/><W70/><G37/><T94/><D54/><U120/><E120/><V101/><F101/><W4/><G66/><T130/><D130/><U117/><E117/><V47/><F47/><AGARI ba="1,1" hai="5,9,12,42,47,49,57,59,80,87,89" m="41579" machi="47" ten="30,2000,0" yaku="14,1,52,1" doraHai="38" who="1" fromWho="2" sc="380,0,200,33,200,-23,210,0" /><INIT seed="1,0,0,2,2,60" ten="380,233,177,210" oya="1" hai0="111,122,13,33,14,49,38,6,129,61,43,63,128" hai1="32,79,132,23,29,0,115,84,56,131,4,5,73" hai2="2,57,85,119,101,42,44,99,40,39,54,64,30" hai3="102,62,110,127,98,9,77,74,103,16,3,118,17"/><U72/><E115/><V18/><F119/><W96/><G118/><T93/><D38/><U50/><E131/><N who="0" m="50249" /><D33/><U126/><E132/><V26/><F2/><W104/><G110/><T68/><D111/><U91/><E32/><V25/><F42/><W37/><G37/><T133/><D133/><U105/><E126/><V70/><F85/><W107/><G127/><T20/><D122/><U89/><E105/><V24/><F18/><W116/><G116/><T47/><D68/><U71/><E71/><V59/><F30/><W121/><G121/><T100/><D20/><U11/><E4/><V90/><F90/><W108/><G108/><T53/><D43/><U88/><E79/><V69/><F59/><W120/><G120/><T76/><D76/><U123/><E123/><V109/><F109/><W67/><G77/><T134/><D134/><U106/><E106/><V95/><REACH who="2" step="1"/><F64/><REACH who="2" ten="380,233,167,210" step="2"/><W92/><G74/><T58/><D58/><U10/><E84/><V55/><F55/><W19/><G92/><T125/><D53/><U82/><E91/><V36/><F36/><W41/><G41/><T114/><D93/><U80/><E89/><V15/><F15/><W46/><G46/><T135/><D14/><U52/><E88/><V27/><N who="2" m="6144" /><DORA hai="130" /><V7/><F7/><W12/><G3/><T94/><D6/><U83/><E5/><V81/><F81/><W113/><G113/><T31/><D13/><U1/><E0/><V45/><F45/><W75/><G75/><N who="1" m="28746" /><E1/><V86/><F86/><W66/><G66/><T28/><D114/><U51/><E82/><V48/><AGARI ba="0,1" hai="39,40,44,48,54,57,69,70,95,99,101" m="6144" machi="48" ten="40,12000,2" yaku="1,1,5,1,0,1,53,4" doraHai="60,130" doraHaiUra="112,22" who="2" fromWho="2" sc="380,-30,233,-60,167,130,210,-30" /><INIT seed="2,0,0,3,4,107" ten="350,173,297,180" oya="2" hai0="38,66,131,135,21,81,13,52,80,116,35,85,96" hai1="100,7,118,56,97,101,134,82,62,128,88,53,132" hai2="14,129,24,104,51,0,41,4,124,102,119,48,86" hai3="34,133,91,54,115,57,9,59,12,61,70,71,78"/><V121/><F119/><W36/><G36/><T105/><D35/><U30/><E118/><V109/><F121/><W103/><G34/><T69/><D116/><U47/><E128/><V25/><F0/><W18/><G115/><T76/><D38/><U29/><E7/><V72/><F72/><W99/><G133/><N who="1" m="51306" /><E47/><V20/><F124/><W75/><G91/><T17/><D135/><U22/><E29/><V45/><F129/><W111/><G111/><T126/><D126/><U19/><E30/><V31/><F109/><W64/><G75/><T95/><D105/><U93/><E82/><V67/><F67/><W123/><G78/><T58/><D81/><U87/><E87/><V49/><F86/><W106/><REACH who="3" step="1"/><G123/><REACH who="3" ten="350,173,297,170" step="2"/><T32/><D32/><U98/><E98/><V50/><F102/><W44/><G44/><T16/><D76/><U84/><E84/><V94/><F45/><W26/><G26/><AGARI ba="0,1" hai="19,22,26,53,56,62,88,93,97,100,101" m="51306" machi="26" ten="30,3900,0" yaku="25,1,20,1,54,1" doraHai="107" who="1" fromWho="3" sc="350,0,173,49,297,0,170,-39" /><INIT seed="3,0,0,0,3,114" ten="350,222,297,131" oya="3" hai0="62,1,118,9,32,31,17,6,105,13,89,108,120" hai1="68,48,60,64,87,116,130,5,24,93,109,4,33" hai2="25,133,39,119,52,49,74,79,103,85,92,50,106" hai3="44,15,96,2,10,18,41,91,29,30,28,121,88"/><W21/><G121/><T104/><D120/><U112/><E112/><V38/><F133/><W59/><G59/><T66/><D108/><U97/><E109/><V129/><F50/><W78/><G78/><T65/><D118/><U56/><E130/><V3/><F119/><W53/><G53/><T101/><D66/><U58/><E68/><V115/><F3/><W19/><G96/><T131/><D131/><U100/><E116/><V77/><F25/><W42/><G2/><T54/><D54/><U69/><E87/><V134/><F134/><W117/><G117/><T22/><D89/><N who="3" m="34377" /><G44/><T8/><D8/><U127/><E127/><V111/><F79/><W0/><G0/><T61/><D61/><U132/><E132/><V90/><F111/><W43/><G19/><T80/><D80/><U94/><E69/><V34/><F129/><W71/><G71/><N who="0" m="42423" /><D101/><U122/><E122/><V27/><F115/><W135/><G135/><T40/><D40/><N who="3" m="10241" /><W63/><DORA hai="72" /><G63/><T70/><D70/><U73/><E73/><V95/><F74/><W23/><AGARI ba="0,0" hai="10,15,18,21,23,28,29,30" m="10241,34377" machi="23" ten="40,3900,0" yaku="8,1,54,1" doraHai="114,72" who="3" fromWho="3" sc="350,-13,222,-13,297,-13,131,39" /><INIT seed="3,1,0,2,4,7" ten="337,209,284,170" oya="3" hai0="5,45,15,13,36,44,32,113,89,8,19,72,66" hai1="76,111,80,71,115,67,50,100,126,20,93,107,94" hai2="48,124,88,47,29,123,130,52,26,25,53,117,135" hai3="42,49,62,59,22,87,33,86,118,74,11,90,16"/><W64/><G118/><T92/><D32/><U35/><E35/><V129/><F117/><W127/><G33/><T106/><D106/><U38/><E38/><V34/><F124/><W39/><G39/><T84/><D72/><U65/><E115/><V46/><F135/><W103/><G74/><T96/><D113/><U85/><E126/><V14/><F123/><W23/><G103/><T79/><D36/><U131/><E71/><V17/><F26/><W0/><G0/><T37/><D37/><U99/><E111/><V55/><F88/><W31/><G31/><T122/><D122/><U57/><E131/><N who="2" m="50187" /><F47/><N who="3" m="25847" /><G127/><T112/><D112/><U102/><E102/><V81/><F81/><N who="3" m="49487" /><G87/><T98/><D79/><U40/><E107/><V116/><F116/><W75/><G75/><T73/><D73/><U1/><E100/><V41/><F41/><W30/><G30/><T82/><D98/><U70/><E99/><V125/><F125/><W24/><G24/><T2/><D2/><U121/><E1/><V128/><N who="2" m="50195" /><V12/><DORA hai="9" /><F12/><AGARI ba="1,0" hai="11,12,16,22,23,59,62,64" m="49487,25847" machi="12" ten="30,11600,0" yaku="8,1,52,2,54,1" doraHai="7,9" who="3" fromWho="2" sc="337,0,209,0,284,-119,170,119" /><INIT seed="3,2,0,2,4,127" ten="337,209,165,289" oya="3" hai0="44,49,78,120,48,58,42,135,82,60,106,34,115" hai1="62,76,16,68,103,25,50,31,33,128,14,63,91" hai2="69,39,107,122,89,100,53,3,26,57,131,83,124" hai3="119,32,81,4,12,35,73,87,66,96,65,54,121"/><W55/><G121/><T2/><D120/><U75/><E103/><V18/><F69/><W17/><G73/><T130/><D34/><U8/><E68/><V109/><F122/><W117/><G96/><T21/><D2/><U11/><E128/><V30/><F39/><W47/><G4/><T126/><D130/><U6/><E91/><V0/><F18/><W15/><G17/><T71/><D71/><U1/><REACH who="1" step="1"/><E50/><REACH who="1" ten="337,199,165,289" step="2"/><V28/><F131/><W56/><G117/><T45/><D49/><U10/><E10/><V104/><F100/><W123/><G123/><T105/><D48/><U84/><E84/><V27/><F124/><W37/><G87/><T99/><D126/><U133/><E133/><V72/><F89/><W7/><G119/><T64/><D135/><U101/><E101/><V23/><F72/><W88/><G88/><T86/><D86/><U98/><E98/><V46/><F83/><AGARI ba="2,1" hai="1,6,8,11,14,16,25,31,33,62,63,75,76,83" machi="83" ten="40,2600,0" yaku="1,1,54,1,53,0" doraHai="127" doraHaiUra="70" who="1" fromWho="2" sc="337,0,199,42,165,-32,289,0" /><INIT seed="4,0,0,2,2,90" ten="337,241,133,289" oya="0" hai0="44,11,92,39,72,135,23,75,66,86,96,2,0" hai1="47,82,6,22,115,70,107,89,54,74,40,97,33" hai2="88,99,19,76,131,26,108,118,14,130,100,78,9" hai3="50,38,65,123,43,58,10,94,104,129,133,12,134"/><T16/><D135/><U49/><E33/><V106/><F108/><W87/><G104/><T125/><D125/><U41/><E70/><V21/><F118/><W55/><G123/><T59/><D86/><U79/><E115/><V52/><F131/><W56/><G129/><T113/><D39/><U53/><E6/><V4/><F130/><W121/><G121/><T126/><D44/><U127/><E127/><V83/><F83/><W35/><G35/><T110/><D126/><U122/><E122/><V98/><REACH who="2" step="1"/><F52/><REACH who="2" ten="337,241,123,289" step="2"/><W46/><G133/><T64/><D110/><U8/><E54/><V105/><F105/><W17/><G134/><T57/><D113/><U63/><E53/><V84/><F84/><W80/><G87/><T132/><D132/><U124/><E82/><V29/><F29/><W93/><G80/><T102/><D75/><U1/><E74/><V5/><F5/><W77/><G77/><T95/><D72/><U103/><E79/><V18/><F18/><W37/><G55/><T109/><D16/><U42/><E107/><V13/><F13/><W69/><G65/><T91/><D109/><U34/><E124/><V3/><F3/><W28/><G28/><T51/><D0/><U116/><E1/><V114/><F114/><W117/><G117/><T111/><D111/><U30/><E116/><V128/><F128/><W85/><G85/><T27/><D2/><U71/><E30/><V73/><F73/><W112/><G112/><T20/><D66/><U7/><E7/><V15/><F15/><W67/><G67/><T25/><D64/><U36/><E71/><RYUUKYOKU ba="0,1" sc="337,-10,241,-10,123,30,289,-10" hai2="4,9,14,19,21,26,76,78,88,98,99,100,106" /><INIT seed="5,1,1,3,2,118" ten="327,231,153,279" oya="1" hai0="42,103,119,52,88,0,7,1,50,69,31,131,110" hai1="115,66,108,6,128,68,109,47,63,67,25,85,102" hai2="78,21,125,20,75,28,36,83,98,43,73,61,58" hai3="71,132,40,81,112,104,16,86,27,91,113,100,37"/><U19/><E66/><V26/><F125/><W46/><G71/><T62/><D110/><N who="1" m="42603" /><E6/><V5/><F5/><W101/><G132/><T76/><D131/><U95/><E128/><V22/><F43/><W80/><G80/><T93/><D42/><U3/><E3/><V99/><F36/><W114/><G104/><T57/><D7/><U51/><E115/><V14/><F75/><W77/><REACH who="3" step="1"/><G77/><REACH who="3" ten="327,231,153,269" step="2"/><T11/><D76/><U94/><E94/><V30/><F14/><W133/><G133/><T10/><D1/><U121/><E95/><V84/><F73/><W65/><G65/><T41/><D0/><U29/><E67/><N who="2" m="39351" /><F26/><W87/><G87/><T24/><D24/><U107/><E85/><V34/><F34/><W4/><G4/><T12/><D12/><U130/><E25/><V97/><AGARI ba="1,2" hai="20,21,22,28,30,78,83,84,97,98,99" m="39351" machi="97" ten="30,1100,0" yaku="8,1" doraHai="118" who="2" fromWho="2" sc="327,-4,231,-6,153,34,269,-4" /><INIT seed="6,0,0,0,4,12" ten="323,225,187,265" oya="2" hai0="26,24,110,102,121,64,34,86,75,79,18,118,31" hai1="127,15,101,33,87,92,36,108,130,84,106,60,10" hai2="99,7,5,30,1,42,133,122,91,128,90,50,45" hai3="132,66,28,115,4,21,57,82,114,71,116,134,107"/><V100/><F122/><W68/><G107/><T77/><D110/><U105/><E108/><V112/><F112/><N who="3" m="43051" /><G116/><T37/><D75/><U40/><E33/><V0/><F128/><W23/><G4/><T38/><D121/><U51/><E36/><V81/><F133/><N who="3" m="51307" /><G82/><T14/><D26/><U89/><E106/><V111/><F111/><W44/><G44/><T59/><D102/><U54/><E130/><V9/><F30/><W63/><G28/><T96/><D96/><N who="1" m="59527" /><E105/><V103/><F81/><W72/><G72/><T6/><D6/><N who="1" m="3543" /><E127/><V67/><F103/><W135/><N who="3" m="51315" /><W119/><DORA hai="70" /><G119/><T98/><D118/><U53/><E40/><V69/><F5/><W25/><G25/><T29/><D24/><U97/><E97/><V35/><F0/><W49/><G71/><T95/><D34/><U80/><E80/><V47/><F35/><W61/><G49/><T39/><D39/><U123/><E123/><V52/><F47/><W126/><G126/><T56/><D37/><U41/><E41/><V62/><REACH who="2" step="1"/><F42/><REACH who="2" ten="323,225,177,265" step="2"/><W129/><G129/><T11/><D31/><U46/><E89/><V16/><F16/><W43/><G43/><T55/><D29/><U32/><E32/><V13/><F13/><W78/><G78/><T19/><D18/><U125/><E125/><V109/><F109/><W48/><G48/><T73/><D77/><U104/><E104/><AGARI ba="0,1" hai="1,7,9,45,50,52,62,67,69,90,91,99,100,104" machi="104" ten="30,5800,0" yaku="1,1,7,1,54,1,53,0" doraHai="12,70" doraHaiUra="117,17" who="2" fromWho="1" sc="323,0,225,-58,177,68,265,0" /><INIT seed="6,1,0,4,1,132" ten="323,167,245,265" oya="2" hai0="4,60,54,67,1,96,128,28,39,69,51,124,31" hai1="24,84,106,36,9,0,37,74,70,130,62,129,89" hai2="73,43,21,97,98,27,112,134,75,46,122,93,116" hai3="123,56,83,115,94,85,65,92,107,26,11,102,22"/><V23/><F116/><W135/><G123/><T30/><D39/><U50/><E106/><V20/><F122/><W48/><G135/><T32/><D128/><U2/><E74/><V55/><F134/><W91/><G115/><T95/><D4/><U99/><E99/><V109/><F112/><W45/><G107/><T79/><D1/><N who="1" m="619" /><E9/><V114/><F114/><W41/><G11/><T101/><D79/><U44/><E24/><V110/><F55/><W108/><G108/><N who="2" m="41577" /><F27/><W16/><G102/><T49/><D54/><U76/><E76/><V19/><F19/><W78/><REACH who="3" step="1"/><G78/><REACH who="3" ten="323,167,245,255" step="2"/><T6/><D101/><U72/><E129/><V8/><F8/><W59/><G59/><T38/><D69/><U14/><E130/><V131/><F131/><W13/><G13/><T53/><D32/><U66/><E14/><V81/><F20/><W127/><G127/><T133/><D124/><U25/><E25/><V12/><F21/><W18/><G18/><T111/><D133/><U71/><E71/><V47/><F23/><W117/><G117/><T90/><D111/><U35/><E35/><V57/><F12/><W103/><G103/><T88/><D31/><U82/><E72/><V52/><F75/><W10/><G10/><T126/><D28/><U63/><E70/><V119/><F119/><W5/><G5/><T105/><D126/><U7/><E7/><V87/><F73/><W121/><G121/><T40/><D30/><U68/><E68/><V77/><F77/><W104/><G104/><T113/><D113/><U125/><E125/><V17/><F17/><W58/><G58/><RYUUKYOKU ba="1,1" sc="323,-10,167,-10,245,-10,255,30" hai3="16,22,26,41,45,48,56,65,83,85,91,92,94" /><INIT seed="7,2,1,2,3,107" ten="313,157,235,285" oya="3" hai0="6,104,22,80,61,125,95,94,111,131,24,57,91" hai1="81,115,122,66,25,28,42,44,98,13,135,58,128" hai2="50,69,110,119,85,20,62,76,114,72,10,113,55" hai3="40,89,19,0,56,99,18,51,64,36,97,16,101"/><W63/><G0/><T118/><D111/><U71/><E122/><V14/><F20/><W48/><G36/><T43/><D118/><U39/><E115/><N who="2" m="44043" /><F119/><W1/><G1/><T103/><D125/><U123/><E123/><V134/><F134/><W108/><G108/><T31/><D43/><U93/><E135/><V27/><F27/><W127/><G127/><T96/><D131/><U23/><E128/><V105/><F105/><W130/><G130/><T53/><D6/><U106/><E106/><V7/><F110/><W88/><G101/><T78/><D91/><N who="3" m="34889" /><G51/><T3/><D3/><U70/><E13/><V90/><F62/><W75/><G75/><AGARI ba="2,1" hai="22,24,31,53,57,61,75,78,80,94,95,96,103,104" machi="75" ten="30,2000,0" yaku="7,1,52,1" doraHai="107" who="0" fromWho="3" sc="313,36,157,0,235,0,285,-26" owari="349,44.0,157,-34.0,235,-16.0,259,6.0" /></mjloggm>