<mjloggm ver="2.3"><GO type="169" lobby="0"/><UN n0="%E3%83%88%E3%82%B7%E3%83%95%E3%83%BC%E3%83%8B" n1="%E5%B0%B1%E6%B4%BB%E7%94%9F%40%E5%B7%9D%E6%9D%91%E8%BB%8D%E5%9B%A3" n2="%E3%83%9E%E3%83%AB%E3%83%92%E3%83%AD" n3="%E3%81%82%E3%82%8A%E3%81%A1%E3%82%83" dan="16,19,16,16" rate="2142.51,2370.55,2018.68,2049.32" sx="M,M,M,M"/><TAIKYOKU oya="0"/><INIT seed="0,0,0,4,2,23" ten="250,250,250,250" oya="0" hai0="124,18,44,86,134,28,78,108,56,2,101,123,36" hai1="88,60,107,24,46,120,119,89,85,6,66,113,97" hai2="125,31,7,9,53,79,41,43,87,98,3,51,45" hai3="29,92,131,55,52,70,49,100,109,57,75,38,40"/><T82/><D123/><U5/><E119/><V114/><F125/><W118/><G75/><T129/><D124/><U67/><E120/><V32/><F114/><W122/><G118/><T103/><D2/><U47/><E113/><V116/><F116/><W71/><G122/><T99/><D134/><U127/><E127/><V50/><F98/><W10/><G131/><T63/><D129/><U74/><E74/><V48/><F51/><W13/><G109/><T93/><D108/><U35/><E47/><V91/><F79/><W62/><G29/><T72/><D72/><U8/><E46/><V42/><F50/><W121/><G40/><T65/><D18/><U96/><E67/><V15/><F3/><W110/><G38/><T21/><D103/><U61/><E61/><V59/><F31/><W19/><G110/><T104/><D44/><U39/><E39/><V14/><F14/><W12/><G121/><T1/><D1/><U128/><E128/><V0/><F32/><W126/><G126/><T130/><D130/><U34/><E60/><N who="2" m="35951" /><F0/><W58/><G13/><T76/><D36/><U117/><E66/><V4/><F7/><W22/><G10/><T112/><D112/><U26/><E117/><V94/><AGARI ba="0,0" hai="4,9,15,41,42,43,45,48,87,91,94" m="35951" machi="94" ten="30,1100,0" yaku="8,1" doraHai="23" who="2" fromWho="2" sc="250,-5,250,-3,250,11,250,-3" /><INIT seed="1,0,0,1,0,14" ten="245,247,261,247" oya="1" hai0="103,41,2,35,59,73,30,68,20,52,46,66,79" hai1="63,28,67,133,49,64,90,93,54,84,9,62,34" hai2="113,11,99,118,32,85,53,60,50,121,105,86,87" hai3="112,107,15,124,131,71,16,29,100,47,58,135,18"/><U77/><E133/><V72/><F32/><W21/><G71/><T37/><D2/><U88/><E77/><V116/><F121/><W27/><G112/><T132/><D132/><U130/><E130/><V44/><F72/><W4/><G135/><T12/><D35/><U128/><E128/><V36/><F113/><W78/><G131/><T45/><D45/><U102/><E102/><V40/><F60/><N who="1" m="23081" /><E34/><V92/><F11/><N who="3" m="4583" /><G107/><T69/><D66/><U115/><E28/><V127/><F127/><W48/><G58/><T94/><D73/><U119/><E119/><V7/><F7/><W6/><G124/><T23/><D79/><U101/><E101/><V42/><F40/><N who="3" m="24679" /><G6/><T22/><D30/><U19/><E90/><V95/><F105/><W10/><G10/><T111/><D68/><U5/><E5/><V74/><F74/><W39/><G39/><T110/><D69/><U76/><E76/><V106/><F36/><W97/><G78/><T80/><D12/><N who="1" m="7567" /><E115/><V51/><F106/><W38/><G38/><T55/><D37/><U61/><N who="1" m="23089" /><U120/><DORA hai="13" /><E120/><V24/><F24/><W96/><G100/><T8/><D103/><U3/><E3/><V134/><F134/><W91/><G91/><T56/><D8/><U117/><E117/><V0/><F0/><W25/><G25/><T89/><D89/><U109/><E109/><V75/><F75/><W31/><G29/><T123/><D111/><U108/><E108/><V65/><F118/><W82/><G82/><T81/><D110/><U129/><E129/><V125/><F116/><W1/><G1/><RYUUKYOKU ba="0,0" sc="245,-15,247,15,261,-15,247,15" hai1="49,54,64,67,84,88,93" hai3="16,18,21,27,31,96,97" /><INIT seed="1,1,0,3,4,115" ten="230,262,246,262" oya="1" hai0="55,9,78,98,130,22,2,53,123,14,33,80,94" hai1="97,8,34,99,25,4,39,77,24,42,70,58,63" hai2="62,57,71,134,3,61,28,47,107,37,41,32,135" hai3="126,64,114,59,102,74,93,56,129,20,26,69,7"/><U86/><E70/><V46/><F107/><W103/><G74/><T6/><D33/><U68/><E68/><V12/><F3/><W89/><G114/><T45/><D123/><U112/><E112/><V38/><F28/><W122/><G122/><T30/><D130/><U29/><E25/><V109/><F32/><W125/><G69/><T27/><D2/><U124/><E124/><N who="3" m="47722" /><G129/><T110/><D110/><U131/><E131/><V111/><F12/><W43/><G43/><T101/><REACH who="0" step="1"/><D45/><REACH who="0" ten="220,262,246,262" step="2"/><U79/><E34/><V117/><F109/><W75/><G56/><T121/><D121/><U84/><E58/><V51/><F71/><W81/><G59/><T18/><D18/><U82/><E29/><V85/><F111/><W54/><G7/><T105/><D105/><U66/><E4/><V0/><F57/><W50/><G64/><T31/><D31/><U49/><E66/><V65/><F65/><W10/><G75/><AGARI ba="1,1" hai="6,9,14,22,27,30,53,55,75,78,80,94,98,101" machi="75" ten="30,7700,0" yaku="1,1,7,1,53,2" doraHai="115" doraHaiUra="48" who="0" fromWho="3" sc="220,90,262,0,246,0,262,-80" /><INIT seed="2,0,0,0,3,72" ten="310,262,246,182" oya="2" hai0="21,88,47,17,27,16,65,113,102,118,30,133,70" hai1="81,105,54,115,39,80,75,114,18,31,93,22,52" hai2="53,33,121,23,59,117,128,125,20,11,135,7,14" hai3="13,67,48,34,119,42,44,106,56,36,94,25,77"/><V63/><F117/><W51/><G106/><T55/><D113/><U84/><E105/><V68/><F121/><W37/><G119/><T26/><D118/><U24/><E39/><V64/><F135/><W83/><G37/><T96/><D133/><U79/><E93/><V78/><F128/><W69/><G69/><T104/><D55/><U108/><E108/><V92/><F125/><W98/><G13/><T3/><D3/><U132/><E132/><V43/><F33/><W109/><G109/><T76/><D47/><U35/><E114/><V103/><F43/><W122/><G122/><T15/><D88/><U46/><E46/><V100/><F78/><W131/><G131/><T40/><D40/><U12/><REACH who="1" step="1"/><E115/><REACH who="1" ten="310,252,246,182" step="2"/><V86/><F103/><W50/><G94/><T107/><D107/><U2/><E2/><V49/><F100/><W74/><G44/><T112/><D112/><U82/><E82/><V87/><F92/><W4/><G36/><T134/><D134/><U38/><E38/><V62/><F87/><W129/><G83/><T1/><D1/><U71/><E71/><V73/><F86/><W120/><G129/><T32/><D70/><U116/><E116/><V5/><F73/><W126/><G120/><T90/><D104/><U45/><E45/><V9/><REACH who="2" step="1"/><F63/><REACH who="2" ten="310,252,236,182" step="2"/><N who="3" m="38375" /><G74/><T124/><D102/><U28/><E28/><V61/><F61/><W99/><G42/><T66/><D30/><U89/><AGARI ba="0,2" hai="12,18,22,24,31,35,52,54,75,79,80,81,84,89" machi="89" ten="20,8000,1" yaku="1,1,0,1,7,1,52,1,54,1,53,0" doraHai="72" doraHaiUra="101" who="1" fromWho="1" sc="310,-20,252,100,236,-40,182,-20" /><INIT seed="3,0,0,4,2,97" ten="290,352,196,162" oya="3" hai0="77,40,118,92,95,65,27,124,1,67,54,9,96" hai1="31,93,99,36,8,70,69,28,84,121,29,62,6" hai2="113,44,23,90,94,122,53,89,80,24,117,55,22" hai3="25,111,76,74,78,98,16,72,52,123,75,83,45"/><W68/><G68/><T4/><D118/><U114/><E121/><V32/><F113/><W38/><G123/><T17/><D124/><U120/><E120/><V119/><F122/><W42/><G111/><T3/><D3/><U58/><E36/><V20/><F32/><W91/><G78/><T15/><D77/><U26/><E114/><V88/><F80/><W34/><G34/><T39/><D27/><U48/><E48/><V101/><F24/><W132/><G132/><T14/><D1/><U102/><E84/><V21/><F21/><W49/><G91/><T135/><D135/><U56/><E56/><V128/><F128/><W13/><G25/><T33/><D33/><U19/><E19/><V116/><F44/><W130/><G98/><AGARI ba="0,0" hai="20,22,23,53,55,88,89,90,94,98,101,116,117,119" machi="98" ten="50,8000,1" yaku="29,2,52,1,54,1" doraHai="97" who="2" fromWho="3" sc="290,0,352,0,196,80,162,-80" /><INIT seed="4,0,0,5,0,64" ten="290,352,276,82" oya="0" hai0="104,56,88,76,67,72,131,13,83,105,120,114,47" hai1="125,33,80,113,78,51,24,27,32,112,100,69,129" hai2="50,46,5,110,61,94,90,66,21,54,4,62,135" hai3="7,52,53,35,2,18,116,128,30,84,126,87,37"/><T40/><D120/><U57/><E69/><V3/><F135/><W63/><G37/><T11/><D131/><U12/><E125/><V123/><F110/><W101/><G126/><T130/><D130/><U109/><E129/><V8/><F123/><W45/><G128/><T55/><D67/><U111/><E100/><V124/><F124/><W36/><G116/><T1/><D114/><N who="1" m="44139" /><E12/><V31/><F5/><W9/><G101/><T20/><D20/><U71/><E71/><V68/><F62/><W44/><G18/><T117/><D117/><U79/><E57/><V92/><F90/><W22/><G35/><N who="1" m="13386" /><E51/><V106/><F106/><W102/><G36/><T15/><D105/><U81/><E81/><V26/><AGARI ba="0,0" hai="3,4,8,21,26,31,46,50,54,61,66,68,92,94" machi="26" ten="30,2000,0" yaku="0,1,52,1" doraHai="64" who="2" fromWho="2" sc="290,-10,352,-5,276,20,82,-5" /><INIT seed="5,0,0,4,4,8" ten="280,347,296,77" oya="1" hai0="107,60,45,133,16,52,121,126,65,35,18,109,103" hai1="14,36,101,9,34,127,42,19,111,76,74,97,6" hai2="55,100,128,3,120,113,47,33,37,81,22,58,124" hai3="90,130,78,129,117,64,71,102,85,31,122,115,95"/><U48/><E111/><V63/><F33/><W75/><G31/><T17/><D109/><U73/><E34/><V53/><F3/><W104/><G122/><T123/><D35/><U68/><E68/><V7/><F7/><W61/><G117/><T118/><D118/><U0/><E127/><V40/><F100/><W49/><G115/><T132/><D126/><U114/><E114/><V41/><F81/><W30/><G30/><T66/><D107/><U57/><E36/><N who="2" m="21895" /><F22/><W51/><G51/><N who="0" m="28783" /><D103/><U1/><E1/><V93/><F93/><W12/><G49/><T46/><D46/><U87/><E87/><V39/><F128/><W50/><G50/><T134/><D65/><U29/><E29/><V26/><F41/><W32/><G32/><T28/><D28/><U24/><E76/><V2/><F2/><W23/><G102/><T67/><D67/><U11/><E24/><V56/><F26/><W72/><G104/><T96/><D96/><U89/><E42/><V4/><F124/><W43/><G43/><T80/><D80/><U125/><E125/><V116/><F116/><W110/><G110/><T106/><D106/><U84/><E97/><V21/><F113/><W105/><G105/><T92/><D92/><N who="1" m="54311" /><E101/><V25/><F120/><W91/><G78/><T15/><D15/><N who="1" m="7663" /><E0/><V99/><F99/><W59/><G91/><T77/><D77/><U86/><E86/><V112/><F112/><W70/><G75/><T83/><D83/><U27/><E27/><V62/><F39/><W10/><G72/><T54/><D66/><U88/><E88/><V108/><F37/><RYUUKYOKU ba="0,0" sc="280,15,347,15,296,-15,77,-15" hai0="16,17,18,54,60,121,123,132,133,134" hai1="6,11,14,48,57,73,74" /><INIT seed="5,1,0,2,2,93" ten="295,362,281,62" oya="1" hai0="30,33,92,61,6,42,101,90,109,116,99,23,57" hai1="32,38,27,117,68,73,96,63,107,7,11,126,70" hai2="131,94,120,98,29,124,130,129,35,119,78,8,133" hai3="40,123,100,118,44,76,47,97,112,66,54,49,106"/><U85/><E73/><V81/><F119/><W72/><G123/><T135/><D116/><U111/><E117/><V104/><F120/><W52/><G118/><T110/><D33/><U125/><E38/><V48/><F124/><W53/><G112/><T25/><D135/><U91/><E111/><V59/><F133/><W82/><REACH who="3" step="1"/><G66/><REACH who="3" ten="295,362,281,52" step="2"/><N who="0" m="39215" /><D110/><U115/><E115/><V31/><F131/><W105/><G105/><T50/><D109/><U28/><E125/><V20/><F104/><W71/><G71/><T58/><D6/><U60/><E126/><V37/><F130/><W15/><G15/><T22/><D22/><U121/><E121/><V79/><F20/><W103/><G103/><T62/><D101/><U17/><E70/><V87/><F129/><W67/><G67/><N who="0" m="39383" /><D50/><AGARI ba="1,1" hai="40,44,47,49,50,52,53,54,72,76,82,97,100,106" machi="50" ten="30,7700,0" yaku="1,1,7,1,52,1,54,1,53,0" doraHai="93" doraHaiUra="1" who="3" fromWho="0" sc="295,-80,362,0,281,0,52,90" /><INIT seed="6,0,0,2,1,75" ten="215,362,281,142" oya="2" hai0="80,127,71,123,43,65,68,64,73,69,3,106,14" hai1="32,81,26,125,94,76,25,0,118,61,124,66,9" hai2="23,115,20,121,45,67,113,17,120,109,47,53,60" hai3="107,90,62,133,35,31,58,42,78,63,135,1,27"/><V36/><F23/><W99/><G1/><T8/><D123/><U103/><E118/><V16/><F17/><W122/><G122/><T95/><D106/><U116/><E116/><V79/><F109/><W30/><G42/><T129/><D129/><U134/><E134/><N who="3" m="51210" /><G31/><T18/><D127/><N who="1" m="48715" /><E32/><V104/><F104/><W10/><G10/><T34/><D34/><U91/><E103/><V77/><F53/><N who="3" m="34127" /><G63/><T108/><D3/><U98/><E0/><V128/><F128/><W37/><G37/><T29/><D108/><U126/><E9/><V82/><F36/><W40/><G40/><T57/><D29/><U22/><E22/><V21/><F82/><W110/><G110/><T15/><D43/><U117/><E117/><V102/><F21/><W19/><G19/><T12/><D57/><N who="1" m="37167" /><E126/><V70/><F121/><W114/><G90/><T6/><D64/><U39/><E39/><V83/><F120/><W52/><G107/><T86/><D65/><U49/><E49/><V84/><F102/><W101/><G101/><T132/><D132/><U130/><E130/><V11/><F11/><W5/><G5/><T88/><D6/><U85/><AGARI ba="0,0" hai="25,26,76,81,85,91,94,98" m="37167,48715" machi="85" ten="30,2000,0" yaku="18,1,52,1" doraHai="75" who="1" fromWho="1" sc="215,-5,362,20,281,-10,142,-5" /><INIT seed="7,0,0,2,5,110" ten="210,382,271,137" oya="3" hai0="17,81,42,64,125,5,4,112,119,127,49,8,72" hai1="54,47,46,83,26,15,55,67,122,96,13,114,87" hai2="37,24,86,14,68,131,20,104,71,40,74,11,2" hai3="109,135,124,89,45,99,29,1,77,97,30,61,65"/><W44/><G109/><T33/><D112/><U22/><E114/><V107/><F74/><W35/><G1/><T32/><D64/><U16/><E67/><V59/><F2/><W121/><G121/><T70/><D70/><U128/><E128/><V7/><F131/><W130/><G77/><N who="0" m="44199" /><D119/><U126/><E126/><N who="0" m="48137" /><D17/><U31/><E96/><N who="3" m="36938" /><G124/><T134/><D134/><U0/><E0/><V85/><F71/><W98/><G130/><T39/><D39/><U48/><E122/><V95/><F40/><W36/><G35/><N who="0" m="13387" /><D8/><N who="1" m="6183" /><E15/><V118/><F37/><W108/><G36/><T53/><D42/><N who="1" m="24663" /><E47/><AGARI ba="0,0" hai="4,5,47,49,53" m="13387,48137,44199" machi="47" ten="30,1000,0" yaku="18,1" doraHai="110" who="0" fromWho="1" sc="210,10,382,-10,271,0,137,0" owari="220,-18.0,372,47.0,271,7.0,137,-36.0" /></mjloggm>