<mjloggm ver="2.3"><GO type="169" lobby="0"/><UN n0="%E9%9D%92%E5%B1%B1%E5%AD%A6%E9%99%A2%EF%BC%94%E5%B9%B4" n1="%E5%A5%B3%E3%81%AA%E3%81%AE%E3%81%82%E3%81%8C%E3%82%89%E3%81%9B%E3%81%A6" n2="%E3%82%A6%E3%83%AB%E3%83%88%E3%83%A9%E7%AB%8B%E7%9B%B4" n3="%41%44%50" dan="16,16,18,17" rate="2178.91,2143.82,2255.27,2120.11" sx="M,M,M,M"/><TAIKYOKU oya="0"/><INIT seed="0,0,0,2,5,66" ten="250,250,250,250" oya="0" hai0="1,119,84,60,16,50,67,54,132,59,28,14,88" hai1="46,82,11,100,15,29,76,62,128,89,25,44,116" hai2="10,118,85,0,115,122,71,98,24,49,34,21,114" hai3="31,83,51,80,56,40,79,104,81,8,17,127,86"/><T78/><D119/><U47/><E128/><V111/><F122/><W101/><G127/><T131/><D1/><U58/><E116/><V9/><F118/><W90/><G31/><T108/><D131/><U3/><E100/><V52/><F34/><W37/><G37/><T64/><D132/><U109/><E89/><V105/><F71/><W91/><G104/><T97/><D28/><U20/><E3/><V124/><F124/><W93/><G101/><T12/><D108/><U57/><E62/><V65/><F65/><W135/><G135/><T69/><D67/><U99/><E99/><V120/><F98/><W121/><G121/><T106/><D78/><U117/><E109/><V6/><F105/><W23/><G8/><T72/><D72/><U2/><E2/><V102/><F102/><W75/><G91/><T48/><D48/><U27/><E27/><V95/><F10/><W26/><G40/><T42/><D42/><U55/><E55/><V30/><F120/><W41/><G41/><T5/><D5/><U13/><E13/><V70/><F70/><W96/><G75/><T63/><D63/><U7/><REACH who="1" step="1"/><E117/><REACH who="1" ten="250,240,250,250" step="2"/><V36/><F111/><W94/><G93/><T38/><D106/><U87/><AGARI ba="0,1" hai="7,11,15,20,25,29,44,46,47,57,58,76,82,87" machi="87" ten="30,7900,0" yaku="1,1,2,1,0,1,8,1,53,0" doraHai="66" doraHaiUra="133" who="1" fromWho="1" sc="250,-39,240,89,250,-20,250,-20" /><INIT seed="1,0,0,5,5,134" ten="211,329,230,230" oya="1" hai0="61,34,63,68,46,71,110,19,57,75,25,98,58" hai1="101,79,12,38,43,59,118,78,45,32,1,73,96" hai2="84,135,91,109,16,36,42,33,69,122,60,133,10" hai3="116,92,22,102,99,65,50,127,108,112,126,5,39"/><U77/><E1/><V13/><F33/><W31/><G112/><T67/><D75/><U66/><E32/><V40/><F122/><W81/><G39/><T26/><D110/><U49/><E118/><V88/><F109/><W64/><G108/><T86/><D46/><U70/><E73/><V35/><F35/><W30/><G5/><T111/><D111/><U119/><E119/><V113/><F113/><W37/><G37/><T28/><D86/><U54/><E12/><V74/><F74/><W82/><G116/><T27/><D98/><U95/><REACH who="1" step="1"/><E78/><REACH who="1" ten="211,319,230,230" step="2"/><V114/><F114/><W130/><G130/><T23/><REACH who="0" step="1"/><D26/><REACH who="0" ten="201,319,230,230" step="2"/><U47/><E47/><V93/><F135/><W115/><G115/><T83/><D83/><U105/><E105/><V90/><F133/><W6/><G81/><T55/><AGARI ba="0,2" hai="19,23,25,27,28,34,55,57,58,61,63,67,68,71" machi="55" ten="20,8000,1" yaku="1,1,0,1,7,1,53,2" doraHai="134" doraHaiUra="53" who="0" fromWho="0" sc="201,100,319,-40,230,-20,230,-20" /><INIT seed="2,0,0,1,5,4" ten="301,279,210,210" oya="2" hai0="29,31,101,116,124,102,25,63,20,91,32,131,105" hai1="33,80,13,48,100,66,36,79,0,52,53,77,1" hai2="37,49,38,15,112,62,7,90,39,2,115,122,72" hai3="21,46,34,27,56,84,82,50,96,44,59,14,61"/><V132/><F122/><W47/><G34/><T95/><D105/><U109/><E36/><V3/><F132/><W6/><G96/><T94/><D124/><U98/><E33/><V67/><F49/><W76/><G50/><T58/><D131/><U19/><E66/><V11/><F90/><W89/><G89/><T135/><D135/><U65/><E65/><V85/><F85/><W5/><G59/><T106/><D106/><U87/><E77/><V57/><REACH who="2" step="1"/><F72/><REACH who="2" ten="301,279,200,210" step="2"/><W97/><G97/><T71/><D91/><U74/><E74/><V8/><F8/><W111/><G111/><T103/><D116/><U127/><E109/><V104/><F104/><W86/><G84/><T64/><D71/><U35/><E87/><V18/><F18/><W126/><G126/><T119/><D119/><U107/><E19/><V55/><F55/><W128/><G128/><T10/><D10/><U117/><E53/><V60/><F60/><W40/><G6/><T28/><D32/><U9/><E52/><V88/><F88/><W133/><G133/><T70/><D70/><U114/><E107/><V75/><F75/><W108/><G108/><T118/><D118/><U22/><E48/><V99/><F99/><W93/><G93/><AGARI ba="0,1" hai="20,25,28,29,31,58,63,64,93,94,95,101,102,103" machi="93" ten="40,1300,0" yaku="8,1" doraHai="4" who="0" fromWho="3" sc="301,23,279,0,200,0,210,-13" /><INIT seed="3,0,0,1,2,108" ten="324,279,200,197" oya="3" hai0="58,62,70,34,37,36,14,112,86,69,49,45,40" hai1="76,7,120,115,18,41,64,65,93,83,2,59,28" hai2="1,31,79,72,43,9,52,4,56,0,98,96,5" hai3="80,48,101,99,104,87,90,75,114,89,29,16,113"/><W123/><G29/><T130/><D34/><U17/><E28/><V74/><F43/><W125/><G48/><T102/><D102/><U27/><E2/><V3/><F31/><W63/><G63/><T61/><D86/><U13/><E7/><V32/><F32/><W12/><G123/><T116/><D14/><U97/><E41/><V19/><F19/><W133/><G75/><T127/><D116/><U117/><E59/><V53/><F0/><W107/><G133/><T38/><D127/><U60/><E60/><N who="0" m="23145" /><D130/><U26/><E26/><V94/><F79/><W39/><G39/><N who="0" m="21663" /><D112/><U82/><E115/><V88/><F98/><W78/><G125/><T121/><D121/><U24/><E24/><V126/><F126/><W22/><G107/><T100/><D100/><N who="1" m="60463" /><E76/><V92/><F1/><W46/><G46/><T30/><D30/><U54/><E27/><V10/><F3/><W66/><G66/><T23/><D23/><U109/><E64/><V134/><F4/><W71/><G71/><T50/><D50/><U132/><E117/><V68/><F5/><W131/><G131/><T105/><D105/><U85/><E65/><V135/><F68/><W106/><G106/><T81/><D81/><U119/><E119/><V33/><F33/><W47/><G47/><T25/><D25/><U111/><E120/><V84/><F9/><W57/><G57/><T42/><D42/><U21/><E109/><V91/><F10/><W122/><G122/><T118/><D118/><U55/><E83/><V77/><F56/><W124/><G124/><T110/><D110/><U6/><E111/><RYUUKYOKU ba="0,0" sc="324,15,279,-15,200,-15,197,15" hai0="36,37,38,49,58,69,70" hai3="12,16,22,78,80,87,89,90,99,101,104,113,114" /><INIT seed="3,1,0,0,0,54" ten="339,264,185,212" oya="3" hai0="42,72,78,130,64,18,93,84,125,79,60,86,121" hai1="66,71,91,67,80,134,95,105,24,57,115,7,87" hai2="58,28,76,2,34,81,73,22,103,39,44,65,123" hai3="109,9,122,36,129,43,124,88,51,3,62,23,96"/><W56/><G122/><T11/><D72/><U119/><E105/><V20/><F123/><W120/><G120/><T59/><D121/><U13/><E71/><V116/><F116/><W127/><G129/><T82/><D130/><U132/><E115/><V27/><F2/><W83/><G109/><T77/><D125/><N who="3" m="48201" /><G36/><T70/><D42/><U45/><E45/><V16/><F103/><W48/><G43/><T37/><D37/><U107/><E107/><V69/><F69/><W68/><G68/><T135/><D135/><U52/><E24/><V41/><REACH who="2" step="1"/><F16/><REACH who="2" ten="339,264,175,212" step="2"/><W53/><G23/><T47/><D70/><U126/><E119/><V30/><F30/><W46/><G46/><T89/><D47/><U85/><E126/><V112/><F112/><W10/><G10/><T128/><D128/><U14/><E134/><V40/><F40/><W102/><G9/><T32/><D32/><U35/><E35/><V63/><AGARI ba="1,1" hai="20,22,27,28,34,39,41,44,58,63,65,73,76,81" machi="63" ten="30,4000,0" yaku="1,1,0,1,52,1,53,0" doraHai="54" doraHaiUra="6" who="2" fromWho="2" sc="339,-11,264,-11,175,53,212,-21" /><INIT seed="4,0,0,3,2,124" ten="328,253,228,191" oya="0" hai0="29,54,19,56,25,39,0,41,52,127,118,126,98" hai1="128,43,93,114,28,97,82,75,92,89,14,76,106" hai2="15,117,42,13,33,130,57,48,30,105,79,80,100" hai3="2,49,120,84,86,5,47,123,51,24,18,108,69"/><T113/><D118/><U65/><E43/><V60/><F117/><W132/><G108/><T50/><D0/><U121/><E28/><V20/><F33/><W74/><G74/><T36/><D19/><U46/><E46/><V53/><F105/><W35/><G69/><T63/><D98/><N who="1" m="57615" /><E14/><V122/><F100/><W12/><G132/><T11/><D11/><U119/><E65/><V91/><F91/><W77/><G2/><T45/><D113/><U81/><E119/><V66/><F42/><W83/><G84/><T103/><D103/><N who="1" m="62831" /><E121/><N who="3" m="46666" /><G5/><T16/><D16/><U3/><E3/><V96/><F122/><W110/><G110/><T44/><REACH who="0" step="1"/><D36/><REACH who="0" ten="318,253,228,191" step="2"/><U107/><E114/><V9/><F9/><W6/><G18/><T62/><D62/><U64/><E107/><V23/><F60/><W58/><G12/><T73/><D73/><U27/><E27/><V134/><F13/><W21/><G24/><T10/><D10/><U71/><E75/><V99/><F15/><W116/><G116/><T22/><AGARI ba="0,1" hai="22,25,29,39,41,44,45,50,52,54,56,63,126,127" machi="22" ten="30,6000,0" yaku="1,1,0,1,54,1,53,0" doraHai="124" doraHaiUra="4" who="0" fromWho="0" sc="318,70,253,-20,228,-20,191,-20" /><INIT seed="4,1,0,3,0,51" ten="388,233,208,171" oya="0" hai0="62,81,45,19,55,4,75,117,34,27,36,71,118" hai1="102,13,53,42,28,18,89,82,93,97,21,24,101" hai2="61,115,14,12,17,54,70,56,85,126,76,38,122" hai3="96,40,69,99,112,67,111,133,65,92,94,29,50"/><T120/><D19/><U84/><E42/><V64/><F122/><W47/><G111/><T46/><D4/><U9/><REACH who="1" step="1"/><E53/><REACH who="1" ten="388,223,208,171" step="2"/><V33/><F54/><W2/><G112/><T110/><D55/><U63/><E63/><V32/><F61/><W49/><G49/><T25/><D62/><U130/><E130/><V44/><F115/><W60/><G60/><T106/><D110/><U135/><E135/><V132/><F132/><W35/><G133/><T20/><D120/><U104/><E104/><V83/><F64/><W87/><G67/><T108/><D106/><U15/><E15/><V131/><F12/><W100/><G65/><T127/><D108/><U26/><E26/><V77/><F14/><W125/><G125/><T22/><D127/><U74/><E74/><V16/><F126/><W8/><G50/><T31/><D75/><U128/><E128/><V119/><F131/><W103/><G40/><T5/><D27/><U105/><E105/><V58/><F119/><W57/><G2/><T37/><D118/><U129/><E129/><V134/><F134/><W88/><G69/><T114/><D117/><U121/><E121/><V6/><F70/><W52/><G47/><N who="0" m="17931" /><D114/><U113/><E113/><V48/><F48/><W66/><G66/><T0/><D71/><U39/><E39/><V68/><F68/><W79/><G52/><T124/><D124/><U43/><E43/><V23/><F38/><W73/><G57/><T80/><D37/><U7/><E7/><V98/><F58/><W107/><G107/><T116/><D36/><U90/><AGARI ba="1,1" hai="9,13,18,21,24,28,82,84,89,90,93,97,101,102" machi="90" ten="20,8000,1" yaku="1,1,0,1,7,1,8,1,53,1" doraHai="51" doraHaiUra="11" who="1" fromWho="1" sc="388,-41,223,93,208,-21,171,-21" /><INIT seed="5,0,0,4,3,70" ten="347,316,187,150" oya="1" hai0="62,65,110,113,3,126,114,29,86,97,43,117,124" hai1="49,53,131,22,42,24,18,23,52,41,63,10,95" hai2="87,129,21,128,20,30,47,40,58,105,92,37,134" hai3="67,82,17,55,31,11,1,103,130,61,77,120,112"/><U32/><E131/><N who="2" m="50251" /><F105/><W14/><G130/><T88/><D3/><U38/><E32/><V57/><F134/><W121/><G112/><N who="0" m="43115" /><D110/><U99/><E38/><V115/><F115/><W132/><G132/><T84/><D117/><U135/><E10/><V56/><F30/><W15/><G1/><T102/><D43/><U19/><E63/><V4/><F4/><W104/><G31/><T48/><D48/><U122/><E53/><V118/><F118/><W8/><G55/><T89/><D29/><U109/><E122/><V119/><F119/><W36/><G103/><T125/><D86/><U44/><E109/><V28/><F28/><W26/><G26/><T35/><D84/><U94/><E135/><V93/><F87/><W98/><G98/><T80/><D80/><U78/><E78/><V0/><F0/><W108/><G104/><N who="0" m="63567" /><D35/><U75/><E75/><V74/><F74/><W100/><G100/><T101/><D101/><N who="1" m="60663" /><E95/><AGARI ba="0,0" hai="20,21,37,40,47,56,57,58,92,93,95" m="50251" machi="95" ten="30,2000,0" yaku="19,1,52,1" doraHai="70" who="2" fromWho="1" sc="347,0,316,-20,187,20,150,0" /><INIT seed="6,0,0,3,5,107" ten="347,296,207,150" oya="2" hai0="59,131,106,47,56,125,41,65,113,2,15,116,83" hai1="69,84,17,45,96,132,133,63,64,13,43,49,92" hai2="29,54,90,27,4,33,0,8,97,28,111,58,6" hai3="122,79,128,72,37,19,62,93,32,75,25,53,127"/><V10/><F111/><W18/><G122/><T24/><D2/><U124/><E84/><V112/><F112/><W117/><G117/><T20/><D106/><U48/><E124/><V9/><F97/><W95/><G127/><T35/><D35/><U42/><E42/><V76/><F90/><W31/><G37/><T30/><D125/><U22/><REACH who="1" step="1"/><E49/><REACH who="1" ten="347,286,207,150" step="2"/><V119/><F119/><W120/><G120/><T89/><D116/><U81/><E81/><V99/><F99/><W26/><G79/><T52/><D113/><U118/><E118/><V11/><F76/><W91/><G128/><T3/><D131/><U46/><E46/><V74/><F6/><W80/><G80/><T14/><D41/><U126/><E126/><V104/><F4/><W98/><G93/><T88/><D47/><U39/><E39/><V71/><F104/><W135/><G135/><T61/><D3/><U1/><E1/><V44/><F44/><W23/><G19/><T50/><D89/><AGARI ba="0,1" hai="13,17,22,43,45,48,63,64,69,89,92,96,132,133" machi="89" ten="40,1300,0" yaku="1,1,53,0" doraHai="107" doraHaiUra="121" who="1" fromWho="0" sc="347,-13,286,23,207,0,150,0" /><INIT seed="7,0,0,3,0,26" ten="334,309,207,150" oya="3" hai0="78,90,59,128,44,95,32,49,62,114,64,60,19" hai1="71,105,12,115,34,21,58,40,120,29,118,117,125" hai2="127,93,9,87,36,74,18,10,131,50,111,37,53" hai3="39,123,97,98,67,102,4,108,99,5,27,61,30"/><W68/><G123/><T31/><D78/><U134/><E71/><V54/><F74/><W75/><G75/><T101/><D101/><U23/><E105/><V70/><F70/><W17/><G39/><T132/><D128/><U1/><E40/><V107/><F107/><W84/><G84/><T82/><D132/><U14/><E58/><V76/><F87/><W80/><G80/><T100/><D32/><U119/><E115/><V79/><F93/><W122/><G122/><T110/><D110/><U77/><E77/><V94/><F94/><W38/><G38/><T22/><D114/><U56/><E56/><V133/><F111/><W8/><G108/><T130/><D130/><U47/><E47/><V129/><F133/><W35/><REACH who="3" step="1"/><G102/><REACH who="3" ten="334,309,207,140" step="2"/><T2/><D100/><U69/><E120/><V11/><F37/><W135/><G135/><T126/><D82/><U13/><E134/><V25/><F36/><W45/><G45/><T103/><D103/><U96/><E118/><V20/><F131/><W124/><G124/><T88/><D126/><U66/><E125/><V6/><F129/><W65/><G65/><T121/><D121/><U42/><E66/><V116/><F127/><W73/><G73/><T91/><D95/><U51/><E117/><V83/><F116/><W106/><G106/><T33/><D44/><N who="1" m="26007" /><E119/><V85/><F85/><W72/><G72/><T81/><D81/><U104/><E104/><V86/><F79/><W46/><G46/><T0/><D64/><U57/><E96/><V41/><F76/><W48/><G48/><T52/><D49/><U92/><E92/><RYUUKYOKU ba="0,1" sc="334,-10,309,-10,207,-10,140,30" hai3="4,5,8,17,27,30,35,61,67,68,97,98,99" /><INIT seed="7,1,1,1,3,9" ten="324,299,197,170" oya="3" hai0="12,100,87,55,132,21,60,36,90,23,131,44,85" hai1="127,107,43,10,68,106,104,32,97,67,76,120,52" hai2="114,50,109,8,27,5,70,18,126,45,103,40,64" hai3="121,51,84,124,6,89,96,83,35,56,57,69,61"/><W2/><G121/><T29/><D100/><U16/><E32/><V118/><F109/><W91/><G35/><T42/><D131/><U31/><E43/><V135/><F118/><W75/><G75/><T34/><D132/><U49/><E31/><V13/><F70/><W39/><G39/><T88/><D34/><U92/><E76/><V53/><F64/><W58/><G124/><T28/><D55/><U46/><E67/><V37/><F114/><W82/><G51/><T63/><D12/><U47/><E68/><V26/><F135/><W14/><G2/><T116/><D42/><U102/><E127/><V117/><F117/><W25/><G25/><T130/><D116/><U17/><E120/><V22/><F126/><W125/><G125/><T101/><D101/><U79/><E79/><V20/><F103/><W73/><G73/><T122/><D122/><U111/><E111/><V7/><F7/><W11/><G96/><T81/><D130/><U33/><E33/><V1/><F22/><W93/><REACH who="3" step="1"/><G89/><REACH who="3" ten="324,299,197,160" step="2"/><T95/><D36/><U71/><E107/><V115/><F115/><W123/><G123/><T119/><D119/><U129/><E129/><V30/><F30/><W78/><G78/><T77/><D77/><U86/><E106/><V62/><F62/><N who="0" m="23594" /><D29/><U80/><E104/><V3/><F3/><W24/><G24/><T72/><D72/><U4/><E97/><V19/><F19/><W110/><G110/><T65/><D28/><U94/><E17/><V54/><F37/><W105/><G105/><T74/><D74/><U134/><E16/><V98/><F98/><RYUUKYOKU ba="1,2" sc="324,-15,299,-15,197,15,160,15" hai2="1,5,8,13,18,20,26,27,40,45,50,53,54" hai3="6,11,14,56,57,58,61,69,82,83,84,91,93" /><INIT seed="7,2,2,0,5,77" ten="309,284,212,175" oya="3" hai0="107,63,32,100,101,7,91,75,134,61,71,117,13" hai1="64,39,86,109,47,95,106,2,52,88,43,133,130" hai2="108,50,73,11,122,132,76,16,21,8,56,115,58" hai3="18,92,74,68,102,6,60,28,1,40,127,66,25"/><W87/><G127/><T98/><D101/><U34/><E109/><V79/><F108/><W29/><G74/><T90/><D117/><U116/><E2/><V62/><F73/><W96/><G40/><T97/><D75/><U46/><E34/><V59/><F115/><W26/><G1/><T112/><D97/><U38/><E106/><V120/><F62/><W36/><G36/><T105/><D105/><U113/><E64/><V81/><F50/><W19/><G6/><T110/><D63/><U3/><E3/><V118/><F118/><W33/><REACH who="3" step="1"/><G87/><REACH who="3" ten="309,284,212,165" step="2"/><T103/><D7/><U129/><E116/><V70/><F132/><W14/><G14/><T93/><D13/><U111/><E133/><V82/><F122/><W10/><G10/><N who="2" m="3625" /><F120/><W121/><G121/><T15/><D15/><U35/><E39/><V4/><F4/><W41/><G41/><T27/><D134/><U22/><E38/><V125/><F125/><W31/><G31/><T99/><D110/><U9/><E43/><V131/><F131/><W45/><G45/><T57/><D112/><U126/><E126/><V84/><F70/><W24/><G24/><T67/><D57/><U65/><E111/><V80/><F84/><W51/><G51/><T48/><D48/><N who="1" m="28695" /><E113/><V49/><F49/><W128/><G128/><T135/><D135/><U44/><E44/><V30/><F30/><AGARI ba="2,3" hai="27,30,32,61,67,71,90,91,93,98,99,100,103,107" machi="30" ten="40,2600,0" yaku="25,2" doraHai="77" who="0" fromWho="2" sc="309,62,284,0,212,-32,165,0" owari="371,47.0,284,8.0,180,-22.0,165,-33.0" /></mjloggm>