<mjloggm ver="2.3"><GO type="169" lobby="0"/><UN n0="%E7%A7%81%E3%81%AF%E3%81%8C%E3%81%A1%E3%81%BB%E3%82%82" n1="%E3%81%90%E3%82%8A%E3%82%82%E3%81%82" n2="%E3%81%A9%E3%81%90%E3%81%95%E3%82%8C%E3%81%86%E3%81%AA%E3%81%8E" n3="%E3%82%A6%E3%83%AB%E3%83%88%E3%83%A9%E7%AB%8B%E7%9B%B4" dan="16,17,16,18" rate="2115.14,2148.23,2089.28,2201.23" sx="M,M,M,M"/><TAIKYOKU oya="0"/><INIT seed="0,0,0,0,5,35" ten="250,250,250,250" oya="0" hai0="29,76,100,135,71,5,119,25,127,120,38,74,15" hai1="57,54,22,84,95,73,9,101,46,68,14,92,11" hai2="6,13,93,110,36,66,47,87,41,49,102,96,113" hai3="21,121,125,64,20,106,89,91,58,123,30,43,75"/><T50/><D38/><U60/><E73/><V111/><F113/><W7/><G106/><T78/><D119/><U109/><E109/><N who="2" m="41483" /><F66/><W122/><G75/><T18/><D120/><U69/><E69/><V40/><F87/><W124/><G43/><T115/><D115/><U116/><E116/><V97/><F97/><W33/><G33/><T67/><D100/><U86/><E68/><V32/><F32/><W56/><G7/><T112/><D112/><U131/><E131/><V128/><F128/><W45/><G45/><T129/><D5/><U117/><E117/><V8/><F40/><W83/><G30/><T133/><D127/><N who="3" m="48713" /><G83/><T99/><D99/><N who="1" m="59623" /><E46/><V88/><F102/><W80/><G80/><T103/><D103/><U42/><E42/><V94/><F94/><W118/><G118/><T24/><D50/><AGARI ba="0,0" hai="6,8,13,36,41,47,49,50,88,93,96" m="41483" machi="50" ten="30,2000,0" yaku="14,1,54,1" doraHai="35" who="2" fromWho="0" sc="250,-20,250,0,250,20,250,0" /><INIT seed="1,0,0,3,1,68" ten="230,250,270,250" oya="1" hai0="94,99,108,123,20,54,107,104,83,77,56,89,60" hai1="12,61,29,80,78,110,6,57,88,22,101,27,58" hai2="106,90,98,10,37,116,42,51,30,97,48,91,13" hai3="2,133,73,9,19,47,65,72,87,113,26,34,40"/><U74/><E101/><V8/><F116/><W128/><G113/><T52/><D108/><U96/><E110/><V7/><F30/><W134/><G65/><T135/><D135/><N who="3" m="51721" /><G128/><T114/><D114/><U121/><E121/><V16/><F98/><W67/><G67/><T102/><D123/><U79/><E74/><V35/><F35/><W76/><G34/><T64/><D20/><N who="1" m="15591" /><E57/><V125/><F125/><W129/><G129/><T127/><D127/><U4/><E22/><V62/><F62/><W18/><G26/><T46/><D46/><U84/><E12/><V49/><F106/><W118/><G118/><T82/><D82/><U39/><E39/><V81/><F81/><N who="3" m="47527" /><G19/><T103/><D103/><U11/><E11/><V31/><F31/><W45/><G45/><T111/><D111/><U44/><E44/><V17/><F17/><W132/><N who="3" m="51729" /><W3/><DORA hai="55" /><G18/><T50/><D50/><U119/><E119/><V1/><F8/><W115/><G115/><T24/><D24/><U95/><E78/><V109/><F109/><W71/><G71/><T59/><D59/><U120/><E120/><V69/><F69/><W117/><G117/><T0/><D0/><N who="3" m="41" /><G9/><T126/><D126/><U124/><E124/><V21/><F1/><W25/><G25/><T92/><D107/><U122/><E122/><V85/><F7/><W131/><G131/><T53/><REACH who="0" step="1"/><D89/><REACH who="0" ten="220,250,270,250" step="2"/><U43/><E43/><V33/><F91/><W105/><G105/><T38/><D38/><AGARI ba="0,1" hai="38,40,47,72,73" m="41,47527,51729" machi="38" ten="40,2600,0" yaku="20,1,52,1" doraHai="68,55" who="3" fromWho="0" sc="220,-26,250,0,270,0,250,36" /><INIT seed="2,0,0,3,1,71" ten="194,250,270,286" oya="2" hai0="123,80,7,12,105,128,21,48,2,45,85,27,101" hai1="130,126,110,1,18,56,102,33,39,77,37,78,74" hai2="40,124,32,121,64,25,17,117,100,28,73,82,16" hai3="99,108,3,58,103,15,79,6,49,53,29,41,69"/><V38/><F121/><W68/><G108/><T131/><D2/><U65/><E1/><V43/><F117/><W57/><G3/><T9/><D123/><U125/><E33/><V134/><F40/><W118/><G118/><T34/><D34/><U90/><E110/><V133/><F100/><W83/><G29/><T109/><D109/><U81/><E102/><V106/><F64/><W30/><G30/><T122/><D122/><U11/><E90/><V111/><F106/><W13/><G41/><T114/><D114/><U91/><E91/><V4/><F4/><W95/><G6/><T63/><D63/><N who="1" m="38119" /><E77/><N who="2" m="44335" /><F111/><W59/><G68/><T42/><D101/><U24/><E130/><V20/><F32/><W72/><REACH who="3" step="1"/><G69/><REACH who="3" ten="194,250,270,276" step="2"/><T92/><D105/><U119/><E119/><V0/><F0/><W10/><G10/><T120/><D120/><U44/><E11/><V98/><F124/><W93/><G93/><T84/><D92/><U97/><E125/><V35/><F35/><W86/><G86/><T66/><D85/><U132/><E126/><V8/><F8/><W31/><G31/><T88/><REACH who="0" step="1"/><D66/><REACH who="0" ten="184,250,270,276" step="2"/><U112/><E112/><V19/><F98/><W113/><G113/><T52/><D52/><U127/><E97/><V23/><F43/><W60/><G60/><T70/><D70/><U14/><E127/><V51/><F23/><W67/><G67/><T115/><D115/><U75/><E74/><V129/><F129/><W76/><G76/><T50/><D50/><U36/><E78/><V61/><F51/><W47/><AGARI ba="0,2" hai="13,15,47,49,53,57,58,59,72,79,83,95,99,103" machi="47" ten="30,2000,0" yaku="1,1,0,1,53,0" doraHai="71" doraHaiUra="5" who="3" fromWho="3" sc="184,-5,250,-5,270,-10,276,40" /><INIT seed="3,0,0,1,5,0" ten="179,245,260,316" oya="3" hai0="121,14,52,77,13,111,25,64,97,20,40,49,124" hai1="10,45,30,126,93,79,60,122,27,86,31,59,15" hai2="85,80,44,75,92,108,132,50,82,67,43,87,117" hai3="104,109,61,119,73,7,107,68,23,71,46,94,53"/><W135/><G73/><T91/><D121/><U55/><E126/><V41/><F117/><W37/><G119/><T134/><D124/><U2/><E122/><V72/><F108/><W123/><G123/><T90/><D111/><U120/><E120/><V128/><F128/><W19/><G109/><T18/><D40/><U17/><E2/><V38/><F67/><W29/><G29/><T106/><D77/><U129/><E129/><V70/><F70/><W105/><G135/><T6/><D64/><U8/><E8/><V58/><F92/><W98/><G7/><T35/><D134/><U48/><E79/><V95/><F95/><W1/><G1/><T101/><D35/><U115/><E115/><V21/><F21/><W57/><G46/><T62/><D62/><U63/><E63/><V113/><F113/><W84/><G84/><T125/><D125/><U103/><E27/><V3/><F3/><W65/><G37/><T127/><D127/><U22/><E22/><V26/><F26/><W32/><G32/><T83/><D83/><U131/><E131/><V51/><F38/><W28/><G28/><T36/><D36/><U56/><E56/><V33/><F58/><W54/><G68/><T47/><REACH who="0" step="1"/><D25/><REACH who="0" ten="169,245,260,316" step="2"/><U114/><E114/><V39/><F39/><W4/><G65/><T81/><D81/><N who="2" m="31338" /><F33/><W102/><G54/><T16/><D16/><U118/><E118/><V130/><F132/><W42/><G42/><T66/><D66/><N who="1" m="39199" /><E103/><V96/><F130/><W99/><G71/><T34/><D34/><U9/><E17/><V5/><F41/><W110/><G110/><RYUUKYOKU ba="0,1" sc="169,30,245,-10,260,-10,316,-10" hai0="6,13,14,18,20,47,49,52,90,91,97,101,106" /><INIT seed="4,1,1,3,4,108" ten="199,235,250,306" oya="0" hai0="11,110,75,51,31,85,91,81,96,16,24,55,99" hai1="9,8,57,118,133,27,32,5,23,43,111,78,12" hai2="126,66,127,130,98,103,128,76,68,120,67,83,14" hai3="104,62,114,59,112,7,38,40,34,74,72,17,48"/><T134/><D75/><U1/><E118/><V124/><F14/><W6/><G38/><T22/><D110/><U71/><E71/><V116/><F120/><W2/><G34/><T41/><D41/><U86/><E111/><V18/><F18/><W77/><G104/><T69/><D69/><U113/><E133/><V63/><F67/><W37/><G37/><T3/><D134/><U123/><E123/><V54/><F54/><W29/><G29/><T106/><D106/><U35/><E43/><V90/><F90/><W39/><G39/><T44/><D3/><U125/><E125/><V10/><F10/><W46/><G17/><T132/><D132/><U84/><E57/><V122/><F122/><W60/><G60/><T73/><D73/><U47/><E47/><V100/><F116/><W13/><G13/><AGARI ba="1,1" hai="11,13,16,22,24,31,44,51,55,81,85,91,96,99" machi="13" ten="40,12000,1" yaku="25,2,8,1,54,1" doraHai="108" who="0" fromWho="3" sc="199,133,235,0,250,0,306,-123" /><INIT seed="4,2,0,4,2,19" ten="332,235,250,183" oya="0" hai0="33,3,72,50,54,107,37,121,86,88,76,73,130" hai1="91,47,84,66,75,134,56,111,43,1,128,23,70" hai2="108,133,110,62,24,95,122,68,8,57,53,44,131" hai3="67,27,117,118,105,81,17,51,12,94,61,49,96"/><T125/><D3/><U90/><E111/><V97/><F122/><W126/><G105/><T48/><D33/><U87/><E1/><V21/><F133/><W42/><G126/><T36/><D107/><U114/><E75/><V89/><F131/><W78/><G27/><T116/><D121/><U115/><E70/><V15/><F44/><W109/><G109/><T34/><D34/><U103/><E103/><V28/><REACH who="2" step="1"/><F68/><REACH who="2" ten="332,235,240,183" step="2"/><W46/><G118/><T16/><D116/><U59/><E134/><V124/><F124/><W58/><G117/><T64/><D125/><U11/><E128/><V5/><AGARI ba="2,1" hai="5,8,15,21,24,28,53,57,62,89,95,97,108,110" machi="5" ten="20,8000,1" yaku="1,1,0,1,7,1,52,1,53,1" doraHai="19" doraHaiUra="93" who="2" fromWho="2" sc="332,-42,235,-22,240,96,183,-22" /><INIT seed="5,0,0,0,1,106" ten="290,213,336,161" oya="1" hai0="3,49,79,35,41,27,83,121,73,115,124,72,29" hai1="0,66,108,30,13,5,7,125,44,129,131,74,38" hai2="68,120,112,62,61,126,114,55,75,23,67,9,130" hai3="51,39,132,133,107,71,48,94,102,40,87,76,134"/><U31/><E125/><V52/><F120/><W20/><G71/><T105/><D49/><U34/><E66/><N who="2" m="41039" /><F126/><W117/><G117/><T46/><D124/><U50/><E38/><V11/><F23/><W111/><G111/><T91/><D91/><U54/><E108/><V24/><F24/><W99/><G20/><T116/><D105/><U82/><E0/><V119/><F75/><W81/><REACH who="3" step="1"/><G107/><REACH who="3" ten="290,213,336,151" step="2"/><T57/><D116/><U28/><E34/><V14/><F119/><W98/><G98/><T36/><D121/><U45/><E129/><V101/><F130/><W80/><G80/><T103/><D83/><U84/><E131/><V88/><F114/><W19/><G19/><T96/><D115/><U64/><E28/><V122/><F112/><W65/><G65/><T6/><D96/><U25/><E64/><V15/><F67/><W135/><N who="3" m="33792" /><DORA hai="97" /><W63/><G63/><T77/><D29/><U93/><E31/><V92/><F62/><W127/><G127/><T110/><D35/><U42/><E30/><V2/><F122/><W70/><G70/><T22/><D22/><U17/><E17/><V33/><F33/><W4/><G4/><T85/><D6/><U18/><E5/><V21/><F21/><W118/><G118/><T109/><D109/><U53/><E7/><V90/><F11/><W104/><G104/><T47/><D110/><U100/><E18/><V1/><F9/><W10/><G10/><T26/><D26/><U12/><E25/><V89/><F92/><W32/><G32/><T56/><D27/><U86/><E93/><V78/><F1/><RYUUKYOKU ba="0,1" sc="290,-10,213,-10,336,-10,151,30" hai3="39,40,48,51,76,81,87,94,99,102" /><INIT seed="6,1,1,1,5,48" ten="280,203,326,181" oya="2" hai0="32,64,93,49,34,26,124,8,94,65,47,97,55" hai1="16,109,60,41,0,84,104,108,115,126,90,22,111" hai2="131,44,92,63,122,43,71,123,9,37,81,116,29" hai3="20,89,25,98,2,88,99,18,28,19,1,14,74"/><V135/><F116/><W127/><G74/><T52/><D34/><U134/><E115/><V83/><F135/><W79/><G79/><T30/><D124/><U33/><E0/><V3/><F29/><W69/><G69/><T10/><D94/><U118/><E118/><V7/><F131/><W78/><G78/><T132/><D132/><U57/><E33/><V117/><F92/><W107/><G127/><T113/><D113/><U11/><E104/><V31/><F31/><W6/><G107/><T73/><D73/><U85/><E41/><V110/><F117/><W27/><G6/><T15/><D55/><U76/><E126/><V21/><F83/><W45/><G45/><T87/><D87/><U95/><E11/><V17/><F81/><W121/><G121/><T75/><D75/><U24/><E134/><V96/><F96/><N who="3" m="36907" /><G1/><T86/><D86/><U42/><E42/><V12/><F110/><W4/><G2/><T70/><D70/><U23/><E23/><V106/><F106/><W101/><G101/><T72/><D72/><U125/><E125/><V13/><F3/><W82/><G82/><T59/><D47/><U119/><E119/><V5/><F5/><W80/><G80/><T36/><D36/><U112/><E112/><V50/><F37/><W133/><G133/><T91/><D8/><U103/><E103/><V68/><F71/><W46/><G46/><T53/><D53/><N who="1" m="33839" /><E84/><V128/><F128/><W77/><G77/><T105/><D105/><U58/><E76/><V67/><AGARI ba="1,1" hai="7,9,12,13,17,21,43,44,50,63,67,68,122,123" machi="67" ten="30,1500,0" yaku="0,1" doraHai="48" who="2" fromWho="2" sc="280,-6,203,-6,326,28,181,-6" /><INIT seed="6,2,0,2,5,83" ten="274,197,354,175" oya="2" hai0="34,35,13,53,45,109,101,62,70,89,92,97,24" hai1="99,74,17,19,64,40,14,111,78,26,67,72,105" hai2="7,43,16,36,100,131,71,9,122,32,54,114,113" hai3="59,108,77,121,95,50,60,65,2,41,20,94,61"/><V31/><F122/><W120/><G2/><T103/><D109/><U117/><E117/><V42/><F71/><W118/><G108/><T84/><D24/><U25/><E111/><V8/><F100/><W85/><G118/><T80/><D101/><U125/><E125/><V128/><F54/><W110/><G110/><T86/><D13/><U66/><E40/><V104/><F104/><W98/><G20/><T81/><D45/><U5/><E5/><V126/><F126/><W56/><G50/><T47/><D47/><U37/><E37/><V48/><F48/><W55/><G41/><N who="2" m="15369" /><F36/><W106/><G106/><T115/><D115/><N who="2" m="44042" /><F31/><W39/><G39/><T49/><D49/><U46/><E46/><V22/><F32/><W18/><G18/><T73/><D73/><U1/><E17/><V82/><F82/><W88/><REACH who="3" step="1"/><G77/><REACH who="3" ten="274,197,354,165" step="2"/><T119/><D119/><U90/><E78/><V58/><F8/><W63/><G63/><T29/><D29/><U68/><E1/><V15/><F9/><W75/><G75/><T11/><D11/><U28/><E105/><V124/><F7/><W27/><G27/><T51/><D51/><U112/><E25/><V23/><F23/><W79/><G79/><N who="0" m="46111" /><D34/><N who="1" m="20759" /><E112/><V133/><F124/><W123/><G123/><T4/><D35/><U93/><E68/><V52/><F22/><W130/><G130/><T76/><D70/><U44/><E44/><V30/><F128/><W87/><G87/><T134/><D76/><U10/><E74/><V96/><F131/><W6/><G6/><T0/><D4/><U135/><E72/><V116/><F116/><RYUUKYOKU ba="2,1" sc="274,-15,197,15,354,-15,165,15" hai1="10,14,19,64,66,67,90,93,99,135" hai3="55,56,59,60,61,65,85,88,94,95,98,120,121" /><INIT seed="7,3,1,2,0,126" ten="259,212,339,180" oya="3" hai0="71,64,39,8,68,15,45,108,128,111,25,44,85" hai1="20,6,18,94,48,31,92,100,104,76,91,62,13" hai2="55,10,98,40,125,117,134,65,74,63,82,41,57" hai3="30,14,120,27,5,131,80,67,32,127,21,70,59"/><W110/><G120/><T135/><D85/><U9/><E76/><V122/><F117/><W124/><G70/><T36/><D25/><N who="1" m="16807" /><E104/><V118/><F118/><W116/><G116/><T50/><D15/><N who="1" m="5559" /><E100/><V78/><F125/><N who="3" m="48203" /><G110/><T12/><D12/><U49/><E62/><V23/><F134/><W29/><G131/><T115/><D8/><N who="1" m="6439" /><E94/><V114/><F122/><W102/><G102/><T75/><D128/><U105/><E105/><V90/><F114/><W86/><G5/><T53/><D75/><U37/><E37/><N who="0" m="14409" /><D115/><U2/><E2/><V38/><F38/><W16/><G30/><T54/><D135/><U95/><E95/><V26/><F65/><W0/><G0/><T58/><D44/><U130/><E130/><V4/><F4/><W79/><G59/><T121/><D121/><U129/><E129/><V66/><F66/><AGARI ba="3,1" hai="14,16,21,27,29,32,66,67,79,80,86" m="48203" machi="66" ten="30,2900,0" yaku="18,1,54,1" doraHai="126" who="3" fromWho="2" sc="259,0,212,0,339,-38,180,48" /><INIT seed="7,4,0,3,5,103" ten="259,212,301,228" oya="3" hai0="122,14,37,89,2,18,43,81,50,52,134,96,31" hai1="124,109,101,78,94,87,68,20,25,59,36,82,51" hai2="29,130,85,28,23,133,13,61,125,119,17,113,62" hai3="53,46,34,58,97,48,70,117,7,88,32,80,39"/><W0/><G117/><T19/><D2/><U15/><E36/><V77/><F119/><W106/><G70/><T115/><D122/><U1/><E68/><V24/><F113/><W8/><G39/><T107/><D37/><U135/><E135/><V11/><F133/><W100/><REACH who="3" step="1"/><G46/><REACH who="3" ten="259,212,301,218" step="2"/><T111/><D115/><U102/><E124/><V79/><F125/><W6/><G6/><T92/><D134/><U55/><E109/><V40/><F130/><W112/><G112/><T27/><D111/><U64/><E1/><V45/><F45/><W116/><G116/><T114/><D114/><U56/><E15/><V66/><F40/><W54/><G54/><T110/><D43/><U44/><E94/><V26/><F66/><W118/><G118/><T84/><D110/><U35/><E35/><V67/><F67/><W65/><G65/><T22/><D107/><U127/><E127/><V38/><F38/><W93/><G93/><T90/><D14/><U12/><E12/><V74/><F74/><W105/><G105/><T33/><D33/><U16/><E59/><AGARI ba="4,1" hai="18,19,22,27,31,50,52,59,81,84,89,90,92,96" machi="59" ten="30,3900,0" yaku="7,1,8,1,54,1" doraHai="103" who="0" fromWho="1" sc="259,61,212,-51,301,0,218,0" owari="320,42.0,161,-34.0,301,10.0,218,-18.0" /></mjloggm>