<mjloggm ver="2.3"><GO type="169" lobby="0"/><UN n0="%69%77%61%6E%6B%6F%66%75" n1="%E3%81%BE%E3%81%8A%E3%81%BD%E3%82%93" n2="%6B%61%6D%6F%73%68%69%6E" n3="%E3%83%88%E3%83%88%E3%83%AA%E5%85%88%E7%94%9F%31%39%E6%AD%B3" dan="16,16,17,17" rate="2102.62,2071.86,2151.41,2228.08" sx="M,F,M,F"/><TAIKYOKU oya="0"/><INIT seed="0,0,0,5,0,4" ten="250,250,250,250" oya="0" hai0="12,125,93,45,16,46,55,59,87,36,95,17,94" hai1="103,18,30,63,50,2,3,11,20,120,32,109,10" hai2="65,25,82,66,67,123,106,51,80,49,21,58,107" hai3="77,61,52,31,102,8,113,101,83,38,23,105,112"/><T42/><D125/><U13/><E103/><V90/><F123/><W29/><G38/><T73/><D73/><U99/><E99/><V0/><F0/><N who="1" m="41" /><E63/><V111/><F111/><W115/><G8/><N who="1" m="3114" /><E50/><V76/><F107/><W110/><G110/><T135/><D135/><U130/><E109/><V74/><F106/><W129/><G105/><T124/><D124/><U56/><E56/><V41/><F41/><W40/><G40/><T75/><D17/><U35/><E120/><V132/><F58/><W70/><G101/><T43/><D75/><U98/><E98/><V69/><F69/><W54/><G102/><T34/><D34/><N who="1" m="12843" /><E130/><V60/><F60/><W81/><G129/><T28/><D87/><U72/><E72/><V117/><F51/><W96/><G96/><T53/><D59/><U1/><N who="1" m="49" /><U39/><DORA hai="100" /><E39/><V86/><F49/><W97/><G97/><T89/><D89/><U78/><E78/><V47/><F74/><W24/><G70/><T128/><D128/><U37/><E37/><V127/><F76/><W122/><G122/><T5/><D36/><U104/><E104/><V114/><F67/><W79/><G61/><T91/><D91/><U134/><E134/><V26/><F66/><W15/><G79/><T9/><D43/><U48/><E48/><V92/><F65/><W33/><G77/><T62/><D42/><U108/><E108/><V6/><F132/><W22/><G54/><N who="0" m="20491" /><D62/><U126/><E126/><V71/><F127/><W85/><G52/><T121/><D121/><U14/><E30/><V88/><F90/><W119/><G31/><RYUUKYOKU ba="0,0" sc="250,-10,250,30,250,-10,250,-10" hai1="13,14,18,20" /><INIT seed="1,1,0,0,3,27" ten="240,280,240,240" oya="1" hai0="65,117,90,115,87,57,134,86,22,69,67,53,30" hai1="42,103,130,26,7,82,95,1,20,113,50,47,25" hai2="114,41,89,31,85,29,2,68,97,121,129,119,126" hai3="49,71,81,109,24,106,23,37,91,105,5,15,14"/><U72/><E113/><V63/><F119/><W102/><G37/><T131/><D134/><U94/><E130/><V16/><F121/><W40/><G71/><T58/><D117/><U122/><E122/><V92/><F2/><W3/><G3/><T133/><D69/><U73/><E26/><V61/><F129/><W32/><G32/><T54/><D22/><U19/><E103/><V39/><F126/><W0/><G0/><T56/><D133/><U75/><REACH who="1" step="1"/><E82/><REACH who="1" ten="240,270,240,240" step="2"/><V6/><F114/><W128/><G81/><T60/><D115/><U127/><E127/><V116/><F116/><W78/><G102/><T18/><D131/><U64/><E64/><V135/><F135/><W48/><G24/><T101/><D101/><U96/><E96/><V118/><F97/><W88/><G128/><T46/><D67/><U79/><E79/><V66/><F66/><W80/><G80/><T28/><D65/><U17/><E17/><V107/><F16/><W38/><G78/><T111/><D18/><U36/><E36/><V13/><F118/><W43/><G38/><T9/><D28/><U70/><E70/><V104/><F68/><W4/><G109/><T112/><D30/><U12/><E12/><V55/><F31/><W124/><G124/><T93/><D111/><U21/><E21/><AGARI ba="1,1" hai="4,5,14,15,21,23,40,43,48,49,88,91,105,106" machi="21" ten="25,3200,0" yaku="22,2,54,1" doraHai="27" who="3" fromWho="1" sc="240,0,270,-35,240,0,240,45" /><INIT seed="2,0,0,0,1,66" ten="240,235,240,285" oya="2" hai0="82,13,7,76,77,3,109,99,134,67,5,64,8" hai1="17,98,32,96,129,106,21,118,47,14,89,112,114" hai2="1,128,90,18,29,41,135,91,26,127,38,103,126" hai3="124,9,70,34,25,79,68,16,131,125,87,85,65"/><V107/><F1/><W108/><G108/><T46/><D109/><U110/><E110/><V81/><F38/><W15/><G131/><T61/><D134/><U42/><E118/><V92/><F41/><W78/><G65/><T93/><D64/><U132/><E32/><V57/><F18/><W121/><G121/><T105/><D105/><U52/><E132/><V63/><F135/><W49/><G49/><T122/><D122/><U22/><E129/><V86/><F128/><W97/><G97/><T28/><D28/><U43/><E98/><N who="2" m="59847" /><F107/><W11/><G11/><T33/><D33/><U20/><E106/><V10/><F10/><W88/><G85/><T83/><D46/><U54/><E43/><V60/><F90/><W53/><G53/><T12/><D7/><U24/><E112/><V102/><F102/><W58/><G58/><T130/><D130/><U100/><E100/><V4/><F4/><W23/><G34/><T119/><D119/><U39/><E114/><V0/><F0/><W80/><G78/><T84/><D77/><U31/><E22/><N who="2" m="15575" /><F57/><W116/><G79/><T104/><D104/><U2/><E2/><V44/><F44/><W113/><G116/><T40/><D40/><U69/><E69/><V55/><F55/><W73/><G73/><T35/><D35/><U71/><E71/><V75/><F75/><W48/><G113/><T133/><D133/><U30/><E30/><V6/><F6/><N who="3" m="3511" /><G70/><N who="0" m="42351" /><D83/><U101/><E101/><V120/><F120/><W51/><G68/><T45/><D45/><U19/><E19/><V74/><F74/><W50/><AGARI ba="0,0" hai="16,23,25,48,50,51,80,87,88,124,125" m="3511" machi="50" ten="30,4000,0" yaku="5,1,54,2" doraHai="66" who="3" fromWho="3" sc="240,-10,235,-10,240,-20,285,40" /><INIT seed="3,0,0,0,5,96" ten="230,225,220,325" oya="3" hai0="57,84,38,66,87,36,20,110,132,18,41,130,86" hai1="114,5,28,34,0,94,125,91,102,8,82,55,56" hai2="13,48,40,22,25,75,134,119,14,113,3,101,122" hai3="100,105,111,51,43,60,95,117,4,58,97,106,7"/><W109/><G117/><T54/><D110/><N who="3" m="41993" /><G43/><T52/><D130/><U104/><E114/><V61/><F3/><W12/><G51/><T123/><D132/><U124/><E82/><V129/><F119/><W79/><G79/><T89/><D123/><U85/><E28/><V11/><F122/><W33/><G33/><T70/><D70/><U35/><E104/><N who="3" m="40042" /><G12/><N who="0" m="9287" /><D41/><U49/><REACH who="1" step="1"/><E102/><REACH who="1" ten="230,215,220,325" step="2"/><V80/><F101/><W1/><G1/><T112/><D112/><U53/><E53/><AGARI ba="0,1" hai="4,7,53,58,60,95,97,100" m="40042,41993" machi="53" ten="30,5800,0" yaku="14,1,10,1,52,1" doraHai="96" who="3" fromWho="1" sc="230,0,215,-58,220,0,325,68" /><INIT seed="3,1,0,0,1,71" ten="230,157,220,393" oya="3" hai0="69,94,68,127,21,105,2,3,6,27,89,17,83" hai1="60,59,22,15,97,81,124,129,51,110,126,121,112" hai2="48,1,125,25,93,9,106,37,79,96,18,5,7" hai3="76,131,135,87,26,114,19,49,41,85,56,108,74"/><W116/><G114/><T72/><D105/><U8/><E121/><V70/><F106/><W65/><G116/><T122/><D122/><U44/><E112/><V109/><F70/><W90/><G131/><T100/><D69/><U46/><E110/><V123/><F109/><W28/><G108/><T134/><D68/><U113/><E113/><V130/><F123/><W35/><G135/><T99/><D127/><U107/><E81/><V20/><F130/><W43/><G74/><T115/><D134/><U38/><E22/><V61/><F125/><W120/><G120/><T4/><D115/><U132/><E132/><V14/><F61/><W50/><G76/><T40/><D40/><U58/><E46/><V16/><F79/><W47/><G19/><T54/><D72/><U75/><E75/><V55/><F37/><W84/><G65/><T128/><D128/><U64/><E129/><V39/><F39/><W24/><G26/><T62/><D83/><U33/><E38/><V12/><F1/><N who="0" m="10" /><D100/><U11/><E107/><V53/><F48/><W52/><REACH who="3" step="1"/><G41/><REACH who="3" ten="230,157,220,383" step="2"/><T0/><D0/><U10/><E64/><V30/><F18/><W63/><G63/><T29/><D29/><U92/><E60/><V36/><F7/><W101/><G101/><T95/><D6/><N who="1" m="3479" /><E126/><V111/><F111/><W78/><G78/><T118/><D4/><U80/><E124/><V32/><F5/><W67/><G67/><T86/><D118/><U117/><E117/><V77/><F77/><W102/><G102/><N who="0" m="60791" /><D62/><U98/><E33/><V66/><F32/><W42/><G42/><T73/><D73/><RYUUKYOKU ba="1,1" sc="230,15,157,-15,220,-15,383,15" hai0="17,21,27,54,86,89,95" hai3="24,28,35,43,47,49,50,52,56,84,85,87,90" /><INIT seed="3,2,1,2,2,34" ten="245,142,205,398" oya="3" hai0="110,100,47,81,104,62,70,43,13,33,107,127,133" hai1="26,94,6,80,19,63,27,124,54,108,129,122,61" hai2="106,59,32,17,68,64,24,79,65,88,4,25,128" hai3="55,11,53,82,0,40,52,134,9,131,84,125,83"/><W49/><G131/><T77/><D13/><U31/><E129/><V50/><F68/><W71/><G71/><T118/><D118/><U57/><E108/><V48/><F106/><W3/><G134/><T115/><D127/><U89/><E124/><V36/><F36/><W41/><G125/><T5/><D110/><U29/><E122/><V46/><F128/><W67/><G49/><T99/><D104/><U135/><E135/><V21/><F79/><W113/><G84/><T22/><D22/><U56/><E80/><N who="3" m="30762" /><G67/><T120/><D70/><U109/><E6/><V103/><F50/><W18/><G18/><T69/><D69/><U85/><E109/><V76/><F4/><W119/><G119/><T23/><D5/><U30/><REACH who="1" step="1"/><E19/><REACH who="1" ten="245,132,205,398" step="2"/><V91/><F17/><W42/><G113/><T116/><D115/><U58/><E58/><V1/><F59/><W111/><G111/><T90/><D133/><U117/><E117/><V45/><F46/><W101/><G101/><T98/><D100/><U51/><E51/><V121/><F48/><W39/><G39/><T74/><D47/><U37/><E37/><V72/><F45/><W78/><G78/><T15/><D77/><U10/><E10/><AGARI ba="2,2" hai="0,3,9,10,11,40,41,42,52,53,55" m="30762" machi="10" ten="40,12000,1" yaku="28,2,52,2,54,1" doraHai="34" who="3" fromWho="1" sc="245,0,132,-126,205,0,398,146" /><INIT seed="3,3,0,2,3,73" ten="245,6,205,544" oya="3" hai0="20,94,59,98,87,118,37,7,81,56,123,124,97" hai1="65,5,129,120,3,128,44,84,88,119,133,11,14" hai2="40,95,74,35,93,69,26,22,52,107,24,0,19" hai3="77,72,79,131,112,46,109,1,132,54,2,111,12"/><W57/><G112/><T92/><D37/><U82/><E120/><V34/><F107/><W99/><G131/><N who="1" m="50250" /><E65/><V117/><F117/><W100/><G132/><T4/><D123/><U13/><E119/><V27/><F0/><N who="3" m="107" /><G46/><T48/><D118/><U42/><E133/><V127/><F127/><W125/><G72/><T15/><D124/><U80/><E80/><V47/><F74/><W91/><G91/><T67/><D67/><U126/><E126/><V58/><F69/><W41/><G41/><T114/><D114/><U31/><E31/><V115/><F115/><W96/><G12/><T102/><D48/><AGARI ba="3,0" hai="3,5,11,13,14,42,44,48,82,84,88" m="50250" machi="48" ten="30,2000,0" yaku="19,1,54,1" doraHai="73" who="1" fromWho="0" sc="245,-29,6,29,205,0,544,0" /><INIT seed="4,0,0,5,3,60" ten="216,35,205,544" oya="0" hai0="8,13,62,85,116,37,42,53,97,98,82,103,124" hai1="63,77,25,76,44,32,121,78,49,93,7,75,5" hai2="24,128,126,101,100,95,91,87,125,58,111,96,108" hai3="39,51,10,68,9,56,15,70,18,99,122,57,54"/><T33/><D116/><U105/><E105/><V117/><F24/><W74/><G39/><T109/><D33/><U123/><E75/><V28/><F28/><W23/><G74/><T11/><D124/><N who="2" m="47722" /><F58/><W34/><G34/><T129/><D129/><U79/><N who="1" m="19456" /><DORA hai="80" /><U89/><E63/><V20/><F20/><W90/><G70/><T72/><D42/><U83/><E83/><N who="2" m="49663" /><F128/><W84/><G57/><N who="0" m="35119" /><D37/><U132/><E132/><V134/><F134/><W48/><G68/><T14/><D72/><U46/><E32/><V38/><F38/><W119/><G51/><T133/><D109/><N who="2" m="42058" /><F117/><W106/><G119/><T65/><D65/><U127/><E127/><V55/><F55/><W92/><G122/><T22/><D22/><U115/><E25/><V110/><N who="2" m="42066" /><V30/><DORA hai="66" /><F30/><W4/><G4/><T3/><D133/><U52/><E115/><V120/><F120/><W64/><G64/><T40/><D40/><N who="1" m="24711" /><E123/><V0/><F0/><W19/><G19/><T61/><D3/><U71/><E71/><V73/><F73/><W26/><G26/><T67/><D61/><U31/><E31/><V6/><F6/><W102/><AGARI ba="0,0" hai="9,10,15,18,23,48,54,56,84,90,92,99,102,106" machi="102" ten="30,7900,0" yaku="0,1,25,2,52,1" doraHai="60,80,66" who="3" fromWho="3" sc="216,-39,35,-20,205,-20,544,79" /><INIT seed="5,0,0,2,5,17" ten="177,15,185,623" oya="1" hai0="115,18,79,96,121,32,12,19,7,31,53,64,73" hai1="88,13,85,11,28,93,125,135,95,1,105,62,129" hai2="86,63,54,66,134,77,127,33,68,82,69,56,78" hai3="10,49,23,72,117,83,119,70,126,52,22,108,39"/><U48/><E105/><V120/><F120/><W90/><G108/><T74/><D32/><U35/><E125/><V104/><F127/><W8/><G70/><T76/><D31/><U60/><E1/><V107/><F134/><W29/><G39/><T100/><D64/><U89/><E135/><V30/><F69/><W130/><G130/><T84/><D7/><U102/><E129/><V97/><F78/><N who="3" m="44487" /><G90/><T4/><D4/><U132/><E132/><V59/><F54/><W122/><G122/><T27/><D19/><U131/><E131/><V101/><REACH who="2" step="1"/><F107/><REACH who="2" ten="177,15,175,623" step="2"/><W47/><G126/><T40/><D76/><U25/><E102/><V50/><F50/><W98/><G49/><T118/><D79/><U41/><E48/><V114/><F114/><W92/><G52/><T67/><D53/><U133/><E133/><V34/><F34/><W80/><G119/><T123/><D100/><U116/><E116/><V3/><F3/><W26/><G117/><T36/><D118/><U113/><E113/><V61/><F61/><W9/><G47/><T112/><D115/><U55/><E55/><V75/><F75/><W58/><G58/><T15/><D112/><U44/><E44/><V5/><F5/><W46/><G46/><T16/><D74/><U2/><E41/><V21/><F21/><W0/><G23/><T106/><D73/><U6/><REACH who="1" step="1"/><E2/><REACH who="1" ten="177,5,175,623" step="2"/><V65/><F65/><W109/><G0/><T38/><D67/><U99/><AGARI ba="0,2" hai="6,11,13,25,28,35,60,62,85,88,89,93,95,99" machi="99" ten="20,18000,2" yaku="1,1,2,1,0,1,7,1,54,1,53,1" doraHai="17" doraHaiUra="20" who="1" fromWho="1" sc="177,-60,5,200,175,-60,623,-60" /><INIT seed="5,1,0,2,5,13" ten="117,205,115,563" oya="1" hai0="73,29,43,69,101,34,19,104,0,94,129,8,51" hai1="118,102,78,98,46,114,17,50,10,127,28,112,44" hai2="123,21,109,130,59,135,5,86,3,33,82,26,116" hai3="132,60,61,134,110,55,47,80,81,105,71,113,88"/><U120/><E120/><V122/><F59/><W106/><G110/><T32/><D104/><U115/><E118/><V58/><F58/><W42/><G113/><T39/><D69/><U41/><E127/><V52/><F86/><N who="3" m="50247" /><G81/><T97/><D73/><U48/><E78/><V90/><F90/><W25/><G55/><T18/><D39/><U96/><E28/><V93/><F93/><W20/><G61/><T49/><D129/><U27/><E102/><V111/><F82/><W40/><G60/><T62/><D62/><U100/><E100/><V117/><F52/><W23/><G71/><T45/><D51/><U84/><E84/><V107/><F107/><W35/><G35/><T54/><D43/><N who="3" m="16425" /><G20/><T16/><REACH who="0" step="1"/><D29/><REACH who="0" ten="107,205,115,563" step="2"/><U133/><E41/><V99/><F130/><W14/><G47/><T4/><AGARI ba="1,1" hai="0,4,8,16,18,19,32,34,45,49,54,94,97,101" machi="4" ten="30,12000,2" yaku="1,1,2,1,0,1,52,3,54,1,53,0" doraHai="13" doraHaiUra="66" who="0" fromWho="0" sc="107,133,205,-61,115,-31,563,-31" /><INIT seed="6,0,0,5,1,93" ten="240,144,84,532" oya="2" hai0="65,4,113,120,60,47,16,53,26,50,77,25,61" hai1="44,79,27,23,101,17,95,34,43,73,129,86,103" hai2="98,46,35,84,48,68,30,115,0,57,32,124,37" hai3="20,54,13,8,45,123,9,55,121,119,126,127,107"/><V97/><F0/><W67/><G107/><T33/><D120/><N who="3" m="46153" /><G119/><T58/><D113/><U64/><E129/><V110/><F115/><W40/><G67/><T63/><D33/><U19/><E34/><V134/><F35/><W106/><G20/><N who="0" m="13447" /><D4/><U28/><E64/><V80/><F134/><W100/><G9/><T74/><D74/><U1/><E1/><V41/><F124/><N who="3" m="47659" /><G100/><T56/><D77/><U117/><E117/><V78/><F110/><W102/><G102/><T39/><D39/><U88/><E103/><V5/><F5/><N who="3" m="3215" /><G106/><T3/><D3/><U15/><E101/><V62/><F30/><W99/><G99/><T6/><D6/><U70/><E70/><V135/><F32/><W7/><G7/><T38/><D38/><AGARI ba="0,0" hai="38,40,45,54,55" m="3215,47659,46153" machi="38" ten="30,1000,0" yaku="18,1" doraHai="93" who="3" fromWho="0" sc="240,-10,144,0,84,0,532,10" /><INIT seed="7,0,0,4,1,0" ten="230,144,84,542" oya="3" hai0="108,82,42,43,96,16,121,69,35,86,107,87,106" hai1="20,17,71,41,134,122,13,59,50,23,30,47,104" hai2="12,97,1,29,51,22,38,129,70,89,19,3,128" hai3="91,10,44,109,120,21,11,46,83,5,101,18,126"/><W75/><G120/><T124/><D69/><U63/><E122/><V131/><F38/><W66/><G126/><T133/><D35/><U103/><E71/><V117/><F117/><W65/><G109/><T98/><D121/><U9/><E134/><V62/><F51/><W88/><G101/><T67/><D82/><U99/><E30/><V119/><F119/><W93/><G75/><T32/><D32/><U55/><AGARI ba="0,0" hai="9,13,17,20,23,41,47,50,55,59,63,99,103,104" machi="55" ten="20,1500,0" yaku="0,1,7,1" doraHai="0" who="1" fromWho="1" sc="230,-4,144,15,84,-4,542,-7" owari="226,3.0,159,-24.0,80,-42.0,535,63.0" /></mjloggm>