<mjloggm ver="2.3"><GO type="169" lobby="0"/><UN n0="%E5%B0%B1%E6%B4%BB%E7%94%9F%40%E5%B7%9D%E6%9D%91%E8%BB%8D%E5%9B%A3" n1="%E3%81%95%E3%82%8A%E3%83%BC%E3%81%99%E3%81%93%E3%81%A3%E3%81%A8" n2="%E3%81%8B%E3%81%AB%E3%81%8B%E3%81%BE%E3%83%8F%E3%82%B5%E3%83%9F" n3="%E3%83%8C%E3%82%A2%E3%82%AF%E3%82%B7%E3%83%A7%E3%83%83%E3%83%88" dan="18,16,16,16" rate="2288.35,2111.87,2063.09,2108.40" sx="M,F,M,M"/><TAIKYOKU oya="0"/><INIT seed="0,0,0,5,4,108" ten="250,250,250,250" oya="0" hai0="94,20,25,129,7,120,54,134,90,23,37,6,64" hai1="53,69,63,31,122,124,49,57,62,73,56,79,48" hai2="30,123,88,71,27,116,92,106,107,77,28,95,115" hai3="66,0,13,135,11,38,125,74,16,35,105,112,78"/><T119/><D120/><U86/><E73/><V100/><F71/><W96/><G35/><T128/><D119/><U50/><E31/><V133/><F77/><W70/><G38/><T121/><D37/><U83/><E124/><V101/><F133/><W130/><G0/><T29/><D121/><U8/><E122/><V2/><F123/><W46/><G105/><T82/><D134/><U42/><E69/><V98/><F2/><W102/><G74/><T44/><D64/><U9/><REACH who="1" step="1"/><E42/><REACH who="1" ten="250,240,250,250" step="2"/><V26/><F116/><W97/><G70/><T12/><D129/><U67/><AGARI ba="0,1" hai="8,9,48,49,50,53,56,57,62,63,67,79,83,86" machi="67" ten="30,7900,0" yaku="1,1,2,1,0,1,8,1,53,0" doraHai="108" doraHaiUra="110" who="1" fromWho="1" sc="250,-39,240,89,250,-20,250,-20" /><INIT seed="1,0,0,3,4,105" ten="211,329,230,230" oya="1" hai0="22,15,52,47,23,81,33,77,126,96,104,84,129" hai1="54,92,9,94,120,36,64,28,83,29,79,44,123" hai2="108,76,48,7,5,85,62,89,58,27,107,70,101" hai3="71,30,97,67,11,13,3,93,135,127,134,132,14"/><U63/><E36/><V42/><F76/><W114/><G114/><T74/><D33/><U41/><E9/><V25/><F70/><W1/><G71/><T57/><D129/><U21/><E41/><V116/><F101/><W40/><G67/><T115/><D126/><U65/><E44/><N who="2" m="25623" /><F107/><W43/><G30/><T133/><D133/><U106/><E106/><V110/><F116/><W130/><G43/><T99/><D115/><U31/><E21/><V18/><F18/><W124/><G40/><T32/><D32/><U118/><E118/><V61/><F61/><W2/><G93/><T20/><D104/><U128/><E128/><V51/><F51/><W24/><G97/><T125/><D125/><N who="3" m="48201" /><G24/><N who="2" m="9289" /><F110/><W98/><G98/><T35/><D35/><U45/><E65/><N who="2" m="39127" /><F108/><W53/><G53/><T16/><D47/><U37/><E123/><V131/><F131/><W78/><G78/><T95/><D74/><U80/><E120/><V50/><F50/><W8/><G130/><T19/><D19/><U103/><E79/><V73/><F73/><W86/><G86/><T82/><D82/><AGARI ba="0,0" hai="5,7,82,85,89" m="39127,9289,25623" machi="82" ten="30,1000,0" yaku="8,1" doraHai="105" who="2" fromWho="0" sc="211,-10,329,0,230,10,230,0" /><INIT seed="2,0,0,1,4,67" ten="201,329,240,230" oya="2" hai0="75,10,105,56,86,18,32,24,111,101,133,7,59" hai1="27,15,11,22,8,50,37,135,51,80,35,34,6" hai2="81,25,96,2,122,125,43,92,127,91,5,76,38" hai3="130,12,131,128,66,82,52,1,65,94,110,95,84"/><V85/><F122/><W89/><G1/><T134/><D75/><U108/><E37/><V55/><F25/><W17/><G110/><T126/><D126/><U36/><E36/><V9/><REACH who="2" step="1"/><F55/><REACH who="2" ten="201,329,230,230" step="2"/><W99/><G52/><T78/><D111/><U118/><E108/><V3/><F3/><W100/><REACH who="3" step="1"/><G82/><REACH who="3" ten="201,329,230,220" step="2"/><T42/><D133/><U33/><E80/><V119/><F119/><W63/><G63/><T4/><D134/><U113/><E135/><V48/><F48/><W88/><G88/><T70/><D42/><U120/><E118/><V83/><F83/><W68/><G68/><T58/><D70/><U21/><E120/><V20/><F20/><AGARI ba="0,2" hai="12,17,20,65,66,84,89,94,95,99,100,128,130,131" machi="20" ten="40,2600,0" yaku="1,1,19,1,53,0" doraHai="67" doraHaiUra="57" who="3" fromWho="2" sc="201,0,329,0,230,-26,220,46" /><INIT seed="3,0,0,0,0,16" ten="201,329,204,266" oya="3" hai0="124,65,0,48,100,71,46,6,107,21,103,13,57" hai1="7,76,30,64,1,106,24,42,41,73,89,44,121" hai2="68,97,47,79,104,12,113,19,134,9,58,55,18" hai3="87,78,51,96,91,32,117,111,80,98,49,120,123"/><W38/><G32/><T74/><D74/><U95/><E106/><V35/><F68/><W40/><G38/><T50/><D71/><U135/><E64/><V14/><F113/><W84/><G40/><T82/><D0/><U25/><E25/><V20/><F35/><W59/><G51/><T115/><D107/><U26/><E26/><V130/><F47/><W43/><G117/><T53/><D124/><U118/><E118/><V81/><F134/><W86/><G111/><T31/><D115/><U29/><E24/><V93/><F104/><W63/><G49/><T128/><D128/><U8/><E41/><V17/><F130/><W39/><G43/><T126/><D31/><U90/><E135/><V52/><F18/><W77/><G39/><T69/><D69/><U129/><E129/><V92/><F58/><W5/><G5/><T75/><D65/><U116/><E121/><N who="3" m="46666" /><G63/><T62/><D126/><U22/><E30/><V83/><F93/><N who="3" m="54519" /><G59/><T131/><D131/><U122/><E122/><V2/><F2/><W108/><G108/><T105/><D6/><U28/><E28/><V10/><F10/><W102/><G102/><T133/><D133/><U72/><E44/><V37/><F37/><W125/><G125/><T112/><D112/><U70/><E42/><V15/><F15/><W45/><G45/><T61/><D61/><U34/><E70/><V56/><F56/><W27/><G27/><T36/><D36/><U119/><E29/><V114/><F114/><W4/><G4/><T54/><D62/><U99/><E34/><V23/><F9/><W132/><G132/><RYUUKYOKU ba="0,0" sc="201,-10,329,-10,204,-10,266,30" hai3="77,78,80,84,87,96,98" /><INIT seed="3,1,0,2,2,26" ten="191,319,194,296" oya="3" hai0="70,110,102,95,85,56,6,66,108,80,5,29,1" hai1="52,94,10,54,11,130,97,89,73,67,19,90,127" hai2="31,129,35,109,105,74,98,116,82,134,55,69,132" hai3="135,40,45,15,0,93,100,63,107,13,65,24,101"/><W72/><G0/><T38/><D38/><U114/><E114/><V76/><F55/><N who="1" m="21033" /><E73/><V96/><F116/><W79/><G107/><T59/><D70/><U78/><E78/><V119/><F119/><W41/><G79/><T16/><D1/><U60/><E130/><V68/><F129/><W128/><G72/><T61/><D59/><N who="1" m="37279" /><E127/><V18/><F18/><W17/><G135/><N who="2" m="51753" /><F109/><N who="0" m="42090" /><D29/><U9/><E89/><V32/><F32/><W64/><G101/><T99/><D16/><AGARI ba="1,0" hai="9,10,11,16,19,90,94,97" m="37279,21033" machi="16" ten="30,3900,0" yaku="8,1,54,2" doraHai="26" who="1" fromWho="0" sc="191,-42,319,42,194,0,296,0" /><INIT seed="4,0,0,5,2,35" ten="149,361,194,296" oya="0" hai0="14,100,20,75,133,124,4,120,46,21,96,73,99" hai1="78,72,5,17,29,82,6,57,134,113,55,24,18" hai2="118,49,85,0,41,112,40,77,44,95,94,70,88" hai3="65,58,42,130,10,48,115,129,16,86,37,15,74"/><T2/><D120/><U59/><E113/><V31/><F70/><W64/><G74/><T125/><D133/><U76/><E134/><V19/><F77/><W92/><G37/><T56/><D46/><U111/><E76/><V45/><F112/><W69/><G69/><T104/><D96/><U116/><E111/><V67/><F67/><W103/><G115/><T128/><D128/><N who="3" m="49257" /><G58/><T93/><D104/><U8/><E57/><V61/><F61/><W110/><G86/><T117/><D117/><U32/><E5/><V80/><F31/><W107/><G107/><T1/><D56/><U101/><E101/><V3/><F19/><W63/><G63/><T106/><D106/><U60/><REACH who="1" step="1"/><E116/><REACH who="1" ten="149,351,194,296" step="2"/><V33/><F118/><W28/><G110/><T54/><D75/><U122/><E122/><V81/><F33/><W87/><G28/><T102/><D73/><U126/><E126/><N who="0" m="48745" /><D102/><U131/><E131/><V36/><REACH who="2" step="1"/><F81/><REACH who="2" ten="149,351,184,296" step="2"/><W123/><G123/><T97/><D4/><U52/><E52/><V119/><F119/><W71/><G71/><T90/><D54/><U89/><E89/><V27/><F27/><W135/><G135/><T91/><D91/><U13/><AGARI ba="0,2" hai="6,8,13,17,18,24,29,32,55,59,60,72,78,82" machi="13" ten="20,5200,0" yaku="1,1,0,1,7,1,53,1" doraHai="35" doraHaiUra="23" who="1" fromWho="1" sc="149,-26,351,72,184,-13,296,-13" /><INIT seed="5,0,0,1,4,42" ten="123,423,171,283" oya="1" hai0="87,91,122,99,34,70,19,27,100,71,114,113,18" hai1="53,78,83,90,3,127,9,102,56,45,89,64,104" hai2="20,14,30,67,11,93,52,48,28,33,121,135,35" hai3="123,119,97,43,49,130,13,126,17,106,61,77,112"/><U32/><E127/><V59/><F135/><W7/><G126/><T5/><D122/><U84/><E32/><V72/><F72/><W24/><G123/><T103/><D5/><U50/><E104/><V39/><F39/><W118/><G112/><T37/><D37/><U66/><E102/><V129/><F129/><W58/><G77/><T128/><D128/><U81/><E90/><V75/><F75/><W68/><G24/><T31/><D71/><U76/><E76/><V51/><F35/><W8/><G68/><T116/><D70/><U82/><E82/><V132/><F132/><W79/><G79/><T23/><D116/><U4/><REACH who="1" step="1"/><E56/><REACH who="1" ten="123,413,171,283" step="2"/><V6/><F33/><W80/><G80/><T65/><D103/><U86/><AGARI ba="0,1" hai="3,4,9,45,50,53,64,66,78,81,83,84,86,89" machi="86" ten="20,18000,2" yaku="1,1,2,1,0,1,7,1,52,1,53,1" doraHai="42" doraHaiUra="1" who="1" fromWho="1" sc="123,-60,413,190,171,-60,283,-60" /><INIT seed="5,1,0,2,1,67" ten="63,603,111,223" oya="1" hai0="80,31,128,14,68,1,19,91,102,118,4,44,52" hai1="42,87,0,78,29,134,135,15,124,7,62,117,85" hai2="11,22,86,10,116,41,12,79,34,82,92,98,104" hai3="75,84,90,76,114,126,132,99,54,23,58,113,26"/><U40/><E117/><V46/><F34/><W3/><G3/><T6/><D118/><U83/><E0/><V95/><F116/><W38/><G38/><T61/><D128/><U37/><E29/><V130/><F130/><W51/><G132/><T121/><D102/><U63/><E124/><V25/><F104/><W28/><G126/><T97/><D31/><U43/><E37/><V21/><F25/><W107/><G75/><T88/><D1/><U71/><E85/><V65/><F65/><W50/><G76/><T106/><D68/><U20/><E71/><V73/><F73/><W133/><G133/><T53/><D106/><U55/><E135/><V59/><F59/><W16/><G28/><T60/><D121/><U24/><E24/><V35/><F10/><W127/><G51/><N who="0" m="28775" /><D97/><U105/><E105/><V122/><F35/><W47/><G47/><T96/><D96/><U131/><E131/><V110/><F110/><W119/><G127/><T94/><D94/><N who="2" m="35882" /><F98/><W115/><G119/><T5/><D53/><U100/><E100/><V72/><F72/><W32/><G32/><T77/><D77/><U2/><E2/><V48/><F122/><W108/><G108/><T101/><D101/><U74/><E74/><V129/><F129/><W64/><G99/><T123/><D123/><U45/><E134/><V49/><F48/><W111/><G111/><T120/><D120/><U112/><E63/><N who="0" m="24137" /><D80/><U30/><E62/><V70/><F70/><W81/><G107/><T66/><D66/><AGARI ba="1,0" hai="16,23,26,50,54,58,64,66,81,84,90,113,114,115" machi="66" ten="40,2600,0" yaku="15,1,54,1" doraHai="67" who="3" fromWho="0" sc="63,-29,603,0,111,0,223,29" /><INIT seed="6,0,0,5,5,128" ten="34,603,111,252" oya="2" hai0="86,37,83,4,46,0,40,36,112,56,16,8,51" hai1="29,124,119,109,68,108,48,75,18,131,101,19,92" hai2="107,130,45,25,127,123,135,117,2,106,28,33,5" hai3="23,67,118,20,85,79,27,89,1,44,114,74,88"/><V94/><F117/><W55/><G1/><T7/><D112/><U126/><E119/><V30/><F130/><W58/><G118/><T41/><D4/><U17/><E131/><V113/><F113/><W105/><G105/><T134/><D41/><U61/><E29/><V34/><F127/><W14/><G74/><T26/><D56/><U54/><E75/><V98/><F45/><W93/><G79/><T87/><D134/><U10/><E10/><V60/><F60/><W49/><G114/><T84/><REACH who="0" step="1"/><D83/><REACH who="0" ten="24,603,111,252" step="2"/><U31/><E108/><V11/><F135/><W38/><G58/><T70/><D70/><U95/><E109/><V116/><F116/><W71/><G71/><T35/><D35/><U76/><E68/><V81/><F81/><W122/><G122/><T73/><D73/><U62/><E126/><V42/><F42/><W22/><G44/><T90/><D90/><U53/><E124/><V43/><F43/><W125/><G88/><T9/><D9/><U99/><E76/><V80/><F80/><W12/><G89/><T120/><D120/><U132/><E132/><V102/><F123/><W21/><G125/><T78/><D78/><U72/><E72/><V111/><F111/><W110/><G110/><T24/><D24/><AGARI ba="0,1" hai="2,5,11,24,25,28,30,33,34,94,98,102,106,107" machi="24" ten="40,2000,0" yaku="9,1" doraHai="128" who="2" fromWho="0" sc="24,-20,603,0,111,30,252,0" /><INIT seed="6,1,0,2,5,131" ten="4,603,141,252" oya="2" hai0="35,22,16,3,27,92,100,20,120,51,69,73,132" hai1="130,109,56,17,68,118,53,105,8,85,15,29,19" hai2="6,74,7,36,59,135,30,31,95,61,133,44,79" hai3="14,111,38,101,121,123,10,90,71,89,11,72,45"/><V64/><F74/><W49/><G71/><T82/><D120/><U112/><E105/><V80/><F95/><W77/><G38/><T124/><D69/><U115/><E68/><V25/><F36/><W87/><G111/><T55/><D3/><U13/><E109/><V108/><F44/><W129/><G101/><T4/><D4/><U122/><E29/><V18/><F18/><N who="3" m="8535" /><G11/><T81/><D35/><U21/><E118/><V5/><F108/><W113/><G113/><T107/><D107/><U58/><E122/><V48/><F48/><W46/><G46/><T26/><D124/><U12/><E130/><V125/><F125/><W119/><G119/><T62/><D62/><U41/><E41/><V110/><F110/><W67/><G90/><T24/><D73/><U91/><E13/><V127/><F127/><W86/><G86/><T65/><D65/><U66/><E66/><V102/><F102/><W99/><G99/><N who="0" m="59495" /><D132/><N who="2" m="50762" /><F25/><N who="0" m="9834" /><D20/><U128/><E128/><V117/><F117/><W93/><G129/><T88/><D88/><U84/><E91/><V50/><F50/><W40/><G45/><AGARI ba="1,0" hai="16,22,27,45,51,55,81,82" m="9834,59495" machi="45" ten="30,2000,0" yaku="8,1,54,1" doraHai="131" who="0" fromWho="3" sc="4,23,603,0,141,0,252,-23" /><INIT seed="7,0,0,1,3,125" ten="27,603,141,229" oya="3" hai0="102,111,38,75,9,40,96,61,68,19,115,26,2" hai1="94,64,121,67,84,36,20,22,37,97,93,58,31" hai2="134,131,127,95,12,81,43,60,104,45,0,27,76" hai3="101,83,126,85,103,3,133,71,33,4,46,128,73"/><W39/><G128/><T62/><D111/><U8/><E36/><V118/><F104/><W120/><G73/><T69/><D115/><U14/><E37/><V63/><F0/><W1/><G71/><T52/><D75/><U53/><E84/><V17/><F131/><W107/><G33/><T21/><D38/><U15/><E121/><V25/><F95/><W112/><G39/><T28/><D40/><U5/><E14/><V51/><F134/><W56/><G112/><T113/><D113/><U77/><E77/><V47/><F47/><W13/><G107/><T23/><D69/><U24/><E22/><V124/><F118/><W116/><G126/><T117/><D117/><U42/><E42/><V50/><F50/><W32/><G32/><T66/><D2/><U98/><E94/><V108/><F108/><W135/><G120/><T90/><D9/><U89/><E98/><V106/><F106/><W70/><G70/><T122/><D122/><U72/><E72/><V114/><F114/><W48/><G116/><T57/><D102/><U49/><AGARI ba="0,0" hai="5,8,15,20,24,31,49,53,58,64,67,89,93,97" machi="49" ten="20,2700,0" yaku="0,1,7,1,8,1" doraHai="125" who="1" fromWho="1" sc="27,-7,603,27,141,-7,229,-13" owari="20,-48.0,630,73.0,134,-27.0,216,2.0" /></mjloggm>