<mjloggm ver="2.3"><GO type="169" lobby="0"/><UN n0="%E3%81%AD%E3%81%98%E3%81%97%E3%81%8D" n1="%E3%82%A6%E3%83%AB%E3%83%88%E3%83%A9%E7%AB%8B%E7%9B%B4" n2="%61%72%61%66%61%69" n3="%E3%83%8A%E3%83%A9" dan="16,18,17,16" rate="2058.38,2235.19,2198.70,2088.71" sx="M,M,F,M"/><TAIKYOKU oya="0"/><INIT seed="0,0,0,3,1,43" ten="250,250,250,250" oya="0" hai0="55,29,122,40,72,75,106,70,64,38,92,98,3" hai1="61,8,24,13,53,96,47,86,31,118,42,103,51" hai2="116,2,76,101,4,25,46,77,5,23,57,112,58" hai3="20,80,111,49,66,134,94,18,120,48,52,16,50"/><T45/><D122/><U56/><E118/><V65/><F112/><W91/><G120/><T79/><D79/><U37/><E86/><V67/><F2/><W17/><G111/><T128/><D128/><U117/><E117/><V132/><F116/><W69/><G134/><T41/><D41/><U1/><E1/><V97/><F132/><W78/><G66/><T9/><D55/><U135/><E135/><V54/><F54/><W119/><G69/><T114/><D114/><U108/><E108/><V59/><F67/><W68/><G68/><T115/><D115/><U131/><E131/><V100/><F65/><W93/><G119/><T84/><D84/><U28/><E24/><V22/><F97/><W125/><G125/><T6/><D29/><U133/><E37/><V83/><F83/><W60/><G60/><N who="0" m="40199" /><D92/><N who="1" m="58759" /><E133/><V126/><F126/><W32/><G32/><T19/><D19/><AGARI ba="0,0" hai="8,13,19,28,31,42,47,51,53,56,61" m="58759" machi="19" ten="30,2000,0" yaku="8,1,52,1" doraHai="43" who="1" fromWho="0" sc="250,-20,250,20,250,0,250,0" /><INIT seed="1,0,0,3,2,10" ten="230,270,250,250" oya="1" hai0="86,61,52,12,23,56,107,94,72,22,24,66,95" hai1="130,6,63,64,21,114,51,38,78,115,104,1,69" hai2="20,3,39,43,90,98,47,59,129,53,135,45,108" hai3="49,19,123,26,0,41,31,16,102,17,106,120,112"/><U87/><E104/><V40/><F3/><W80/><G112/><T42/><D107/><U85/><E130/><V132/><F20/><W25/><G106/><T30/><D72/><U100/><E100/><V126/><F90/><W32/><G102/><T11/><D42/><U75/><E38/><V71/><F98/><W13/><G80/><T60/><D23/><U101/><E101/><V28/><F28/><N who="3" m="19479" /><G49/><T9/><D9/><U8/><E75/><V127/><F71/><W96/><G96/><T93/><D86/><U15/><E51/><N who="2" m="31167" /><F108/><W122/><G41/><T5/><D61/><U55/><E55/><AGARI ba="0,0" hai="5,11,12,22,24,30,52,55,56,60,66,93,94,95" machi="55" ten="40,5200,0" yaku="8,1,52,1,54,1" doraHai="10" who="0" fromWho="1" sc="230,52,270,-52,250,0,250,0" /><INIT seed="2,0,0,2,5,82" ten="282,218,250,250" oya="2" hai0="101,131,124,76,19,105,17,20,121,96,11,68,13" hai1="58,78,90,53,18,135,43,80,134,108,111,6,32" hai2="3,129,16,113,5,24,48,39,22,15,14,51,12" hai3="87,34,116,94,85,35,56,91,1,86,88,27,66"/><V115/><F39/><W99/><G116/><T89/><D121/><U10/><E32/><V104/><F104/><W117/><G117/><T21/><D68/><U97/><E43/><V98/><F98/><W31/><G1/><T44/><D76/><U106/><E18/><N who="2" m="12375" /><F51/><W28/><G28/><T4/><D131/><U2/><E90/><V60/><F60/><W123/><G123/><T63/><D124/><U79/><E79/><V126/><F48/><W0/><G0/><T47/><D63/><U23/><E23/><V52/><F52/><W114/><G114/><N who="2" m="43529" /><F129/><W118/><G118/><T25/><REACH who="0" step="1"/><D89/><REACH who="0" ten="272,218,250,250" step="2"/><U109/><E111/><V38/><F126/><W133/><G133/><T103/><D103/><U64/><E109/><V100/><F100/><W84/><G35/><T83/><D83/><U75/><E108/><V57/><F38/><W102/><G66/><T37/><D37/><U122/><E64/><V30/><F57/><W107/><REACH who="3" step="1"/><G56/><REACH who="3" ten="272,218,250,240" step="2"/><T29/><D29/><U120/><E120/><V54/><F30/><W36/><G36/><T81/><D81/><AGARI ba="0,2" hai="27,31,34,81,84,85,86,87,88,91,94,99,102,107" machi="81" ten="30,16000,3" yaku="1,1,7,1,52,4,54,1,53,1" doraHai="82" doraHaiUra="95" who="3" fromWho="0" sc="272,-160,218,0,250,0,240,180" /><INIT seed="3,0,0,4,4,25" ten="112,218,250,420" oya="3" hai0="123,31,103,94,124,43,79,90,13,134,15,48,9" hai1="29,65,76,88,18,92,81,108,21,57,120,3,69" hai2="61,49,47,107,67,95,82,70,100,68,126,37,4" hai3="38,33,62,5,121,93,113,80,135,112,83,72,77"/><W116/><G116/><T74/><D123/><U99/><E3/><V27/><F126/><W118/><G118/><T86/><D124/><U28/><E69/><V104/><F37/><W50/><G38/><T26/><D134/><U97/><E108/><V117/><F70/><W102/><G33/><T115/><D115/><U133/><E133/><V58/><F68/><W89/><G135/><T73/><D79/><U1/><E1/><V110/><F110/><W96/><G5/><T109/><D109/><U44/><E44/><V87/><F4/><W24/><G24/><T36/><D36/><U131/><E131/><V39/><F39/><W129/><G121/><T130/><D130/><U0/><E99/><V17/><F17/><W59/><G50/><T63/><D103/><U71/><E71/><V34/><F27/><W12/><G12/><T14/><D63/><N who="1" m="38127" /><E0/><V98/><F34/><W2/><G2/><T78/><D78/><U16/><E120/><V91/><F117/><W101/><G129/><T66/><D66/><U56/><E56/><V105/><F105/><W8/><G59/><T114/><D114/><U125/><E125/><V51/><F51/><W85/><G62/><T111/><D111/><U23/><E23/><V54/><AGARI ba="0,0" hai="47,49,54,58,61,67,82,87,91,95,98,100,104,107" machi="54" ten="20,1500,0" yaku="0,1,7,1" doraHai="25" who="2" fromWho="2" sc="112,-4,218,-4,250,15,420,-7" /><INIT seed="4,0,0,2,5,54" ten="108,214,265,413" oya="0" hai0="123,91,93,7,50,5,71,87,98,115,118,26,24" hai1="35,41,89,108,75,122,83,130,27,3,33,13,103" hai2="17,125,53,6,16,12,107,1,48,28,22,55,58" hai3="121,76,67,10,105,109,42,38,52,0,113,119,45"/><T84/><D115/><U92/><E3/><V60/><F107/><W120/><G109/><T106/><D118/><U65/><E108/><V88/><F1/><W110/><G110/><T112/><D112/><U116/><E122/><V9/><F125/><W77/><G119/><T40/><D71/><U104/><E116/><V34/><F34/><W96/><G67/><T30/><D123/><N who="3" m="47177" /><G52/><T4/><D106/><U14/><E41/><V132/><F132/><W100/><G113/><T126/><D126/><U74/><E65/><V80/><F28/><W31/><G31/><T32/><REACH who="0" step="1"/><D26/><REACH who="0" ten="98,214,265,413" step="2"/><U8/><E27/><V11/><F11/><W61/><G105/><T131/><D131/><U70/><E70/><V78/><F22/><W15/><G10/><T101/><D101/><U72/><E130/><V46/><REACH who="2" step="1"/><F88/><REACH who="2" ten="98,214,255,413" step="2"/><W99/><G100/><T66/><D66/><U82/><E103/><V44/><F44/><AGARI ba="0,2" hai="4,5,7,24,30,32,40,44,50,84,87,91,93,98" machi="44" ten="40,2000,0" yaku="1,1,53,0" doraHai="54" doraHaiUra="62" who="0" fromWho="2" sc="98,40,214,0,255,-20,413,0" /><INIT seed="4,1,0,5,5,75" ten="138,214,235,413" oya="0" hai0="51,14,56,71,10,27,31,122,130,117,16,118,69" hai1="82,25,86,134,135,12,111,9,54,36,32,24,77" hai2="76,45,97,15,101,95,99,109,20,33,5,133,125" hai3="115,92,78,2,21,42,55,48,39,112,96,132,50"/><T126/><D122/><U105/><E111/><V83/><F33/><W79/><G2/><T26/><D130/><U67/><E105/><V107/><F109/><W103/><G132/><N who="1" m="50730" /><E32/><V65/><F125/><W100/><G100/><T41/><D126/><U43/><E67/><V13/><F133/><W131/><G131/><T40/><D27/><U113/><E113/><N who="3" m="43594" /><G21/><T6/><D6/><N who="1" m="3127" /><E54/><V19/><F65/><W88/><G103/><T106/><D106/><U93/><E93/><V47/><F5/><W89/><G89/><T119/><D56/><U0/><E0/><V116/><F116/><W1/><G1/><T94/><D94/><U3/><E3/><V7/><F7/><W52/><G55/><T8/><D8/><U64/><E64/><V44/><F13/><W49/><G52/><T124/><D124/><U18/><E18/><V60/><F60/><W61/><G61/><T84/><D84/><U53/><E53/><V87/><F47/><AGARI ba="1,0" hai="39,42,47,48,49,50,78,79,88,92,96" m="43594" machi="47" ten="30,7700,0" yaku="15,1,52,2,54,1" doraHai="75" who="3" fromWho="2" sc="138,0,214,0,235,-80,413,80" /><AGARI ba="1,0" hai="24,25,36,43,47,77,82,86" m="3127,50730" machi="47" ten="30,2000,0" yaku="20,1,52,1" doraHai="75" who="1" fromWho="2" sc="138,0,214,20,155,-20,493,0" /><INIT seed="5,0,0,2,4,103" ten="138,234,135,493" oya="1" hai0="35,38,25,102,86,109,59,98,5,6,56,89,72" hai1="99,3,65,1,67,122,87,81,69,71,111,100,27" hai2="45,10,41,104,118,29,58,48,105,13,37,39,130" hai3="50,11,120,135,101,116,68,23,22,126,49,32,42"/><U64/><E122/><V124/><F118/><W134/><G11/><T60/><D72/><U36/><E36/><V70/><F70/><W30/><G101/><T20/><D35/><U113/><E113/><V17/><F124/><W108/><G42/><T18/><D38/><U28/><E111/><V88/><F130/><W31/><G32/><T63/><D109/><U15/><E15/><V83/><F29/><W75/><G75/><T34/><D34/><U7/><E7/><N who="0" m="2569" /><D98/><U24/><E71/><V43/><F58/><N who="0" m="22058" /><D102/><U91/><E69/><V47/><F48/><W51/><G31/><T95/><AGARI ba="0,0" hai="18,20,25,60,63,86,89,95" m="22058,2569" machi="95" ten="30,1100,0" yaku="8,1" doraHai="103" who="0" fromWho="0" sc="138,11,234,-5,135,-3,493,-3" /><INIT seed="6,0,0,2,0,37" ten="149,229,132,490" oya="2" hai0="58,27,33,1,7,42,18,31,23,20,87,86,54" hai1="10,102,43,92,118,91,85,41,19,93,89,72,70" hai2="81,69,104,95,5,62,40,121,8,22,51,108,133" hai3="132,64,114,100,49,117,110,59,45,128,57,126,78"/><V94/><F104/><W15/><G110/><T113/><D113/><U73/><E70/><V60/><F121/><W11/><G117/><T52/><D42/><U131/><E118/><V44/><F108/><W34/><G34/><T16/><D54/><U21/><E102/><V79/><F133/><W77/><G128/><T82/><D1/><U115/><E131/><V63/><F22/><W124/><G100/><T36/><D36/><U99/><E115/><V101/><F101/><W90/><G90/><N who="0" m="51543" /><D7/><U119/><E119/><V24/><F24/><W120/><G132/><T129/><D129/><U17/><E73/><V105/><F105/><W127/><G114/><T71/><D71/><U61/><E72/><V30/><F30/><W123/><G123/><T38/><D38/><U28/><E28/><V111/><F69/><W75/><G120/><T13/><D87/><U4/><E61/><V84/><REACH who="2" step="1"/><F111/><REACH who="2" ten="149,229,122,490" step="2"/><W67/><G126/><T25/><D33/><U50/><E21/><V97/><F97/><W9/><G127/><T14/><D31/><U112/><E99/><V116/><F116/><W125/><G124/><T122/><D122/><U74/><E112/><V12/><AGARI ba="0,1" hai="5,8,12,40,44,51,60,62,63,79,81,84,94,95" machi="12" ten="30,18000,2" yaku="1,1,0,1,25,2,8,1,52,1,53,0" doraHai="37" doraHaiUra="26" who="2" fromWho="2" sc="149,-60,229,-60,122,190,490,-60" /><INIT seed="6,1,0,1,5,76" ten="89,169,312,430" oya="2" hai0="78,77,132,21,112,9,43,121,42,85,50,75,60" hai1="82,63,117,4,128,34,0,31,71,40,129,18,109" hai2="131,79,81,65,86,33,53,134,91,135,102,115,118" hai3="1,92,123,6,38,46,97,66,69,5,107,13,44"/><V99/><F65/><W114/><G107/><T84/><D121/><U133/><E109/><V124/><F33/><W61/><G123/><T24/><D132/><N who="2" m="50730" /><F53/><W45/><G1/><T113/><D9/><U122/><E18/><V26/><F26/><W58/><G114/><T3/><D3/><U74/><E40/><V55/><F55/><W47/><G69/><T32/><D32/><U110/><E110/><V7/><F7/><W95/><G38/><T8/><D8/><U23/><E23/><V83/><F115/><W14/><G47/><T25/><D75/><U68/><E74/><N who="2" m="43255" /><F118/><W17/><G13/><T2/><D2/><U125/><E4/><N who="3" m="1642" /><G97/><T11/><D11/><AGARI ba="1,0" hai="11,14,17,44,45,46,58,61,66,92,95" m="1642" machi="11" ten="30,1000,0" yaku="8,1" doraHai="76" who="3" fromWho="0" sc="89,-13,169,0,312,0,430,13" /><INIT seed="7,0,0,2,4,102" ten="76,169,312,443" oya="3" hai0="96,91,72,35,78,120,39,130,44,25,55,129,115" hai1="57,43,20,42,67,21,87,121,30,134,51,69,116" hai2="53,89,79,63,29,73,40,47,28,24,98,45,62" hai3="36,22,133,23,109,105,49,8,128,101,99,11,132"/><W122/><G36/><T107/><D120/><U26/><E69/><V7/><F7/><W31/><G122/><T92/><D72/><U50/><E134/><V112/><F73/><W135/><G128/><T41/><D78/><U84/><E116/><V60/><F79/><W82/><G109/><T106/><D55/><U13/><E121/><V61/><F24/><N who="3" m="16791" /><G49/><N who="1" m="18442" /><E87/><V88/><F112/><W80/><G23/><T18/><D115/><U125/><E125/><V83/><F60/><W90/><G90/><T6/><D6/><U108/><E84/><V54/><F98/><W12/><G8/><T75/><D75/><U52/><E67/><V1/><F1/><W119/><G119/><T85/><D18/><AGARI ba="0,0" hai="11,12,18,80,82,99,101,105,132,133,135" m="16791" machi="18" ten="30,2900,0" yaku="20,1,52,1" doraHai="102" who="3" fromWho="0" sc="76,-29,169,0,312,0,443,29" owari="47,-45.0,169,-23.0,312,11.0,472,57.0" /></mjloggm>