<mjloggm ver="2.3"><GO type="169" lobby="0"/><UN n0="%E5%B0%B1%E6%B4%BB%E7%94%9F%40%E5%B7%9D%E6%9D%91%E8%BB%8D%E5%9B%A3" n1="%E3%83%95%E3%83%B3%E3%83%8C" n2="%E5%87%B6%E4%BB%8B%40%E6%9D%8F%E6%9D%8F%E8%BB%8D%E5%9B%A3" n3="%57%61%72%61%5E%2F%5E" dan="19,16,16,16" rate="2359.35,2074.38,2096.67,2069.09" sx="M,M,M,F"/><TAIKYOKU oya="0"/><INIT seed="0,0,0,5,1,120" ten="250,250,250,250" oya="0" hai0="108,43,89,77,67,117,97,46,58,124,20,45,92" hai1="41,115,103,32,44,64,17,82,48,54,113,33,10" hai2="1,63,112,114,116,104,125,78,98,57,105,96,84" hai3="133,60,119,14,94,12,23,28,123,5,100,93,76"/><T56/><D117/><U66/><E103/><V9/><F125/><W81/><G119/><T39/><D124/><U72/><E32/><V86/><F116/><W135/><G123/><T83/><D46/><U25/><E41/><V73/><F1/><W38/><G38/><T35/><D35/><U95/><E95/><V59/><F9/><W34/><G34/><T30/><D67/><U111/><E111/><V26/><F26/><N who="3" m="16479" /><G60/><T127/><D127/><U80/><E10/><V134/><F63/><W65/><G65/><N who="1" m="25194" /><E72/><V21/><F21/><W106/><G106/><T131/><D131/><U87/><E87/><V19/><F73/><W24/><G24/><T110/><D20/><N who="1" m="13455" /><E33/><V99/><F99/><N who="3" m="59503" /><G94/><T15/><D15/><U107/><E107/><V71/><F71/><W68/><G68/><T36/><D36/><U49/><E48/><V6/><F105/><W128/><G128/><T4/><D4/><U47/><E82/><V85/><F104/><W51/><G5/><T101/><D30/><U69/><E80/><V122/><F6/><W75/><G51/><T129/><D129/><U118/><E69/><V52/><F78/><W109/><G109/><N who="0" m="42091" /><D101/><U53/><E118/><V40/><F122/><W37/><G37/><T7/><D7/><U29/><E29/><V132/><F112/><N who="1" m="43081" /><E47/><V13/><F114/><W0/><G0/><T70/><D70/><U3/><E3/><V50/><F13/><W61/><G61/><T74/><AGARI ba="0,0" hai="39,43,45,56,58,74,77,83,89,92,97" m="42091" machi="74" ten="30,12000,1" yaku="14,1,10,1,52,3" doraHai="120" who="0" fromWho="0" sc="250,120,250,-40,250,-40,250,-40" /><INIT seed="0,1,0,5,2,83" ten="370,210,210,210" oya="0" hai0="22,85,115,29,9,122,77,119,114,23,76,72,59" hai1="116,52,90,123,103,106,134,113,4,131,108,111,73" hai2="64,8,120,0,40,128,46,20,124,99,63,28,33" hai3="5,67,130,71,69,93,10,37,68,112,25,89,42"/><T74/><D119/><U133/><E4/><V117/><F120/><W84/><G112/><T95/><D122/><U61/><E123/><V127/><F117/><W13/><G130/><T58/><D9/><U135/><E116/><V19/><F128/><W94/><G25/><T121/><D121/><U109/><E131/><V92/><F33/><W56/><G56/><T49/><D95/><U125/><E73/><V129/><F129/><W50/><G37/><T45/><D45/><U47/><E113/><V107/><F107/><W39/><G39/><T82/><D82/><U104/><E125/><V30/><F8/><W26/><G26/><T27/><D27/><U57/><E103/><V12/><F0/><W96/><G67/><T51/><D29/><U105/><E47/><V54/><F54/><W91/><G50/><T102/><D102/><U65/><E90/><V6/><F6/><W44/><REACH who="3" step="1"/><G44/><REACH who="3" ten="370,210,210,200" step="2"/><T88/><D51/><U7/><E7/><V11/><F127/><W75/><G75/><T79/><D49/><U17/><E17/><V132/><F124/><W53/><G53/><AGARI ba="1,1" hai="52,53,57,61,65,104,105,106,108,109,111,133,134,135" machi="53" ten="60,8000,1" yaku="29,2,14,1,20,1,54,1" doraHai="83" who="1" fromWho="3" sc="370,0,210,93,210,0,200,-83" /><INIT seed="1,0,0,2,2,86" ten="370,303,210,117" oya="1" hai0="24,94,83,16,130,48,39,96,71,119,47,91,2" hai1="10,114,67,17,112,58,125,40,29,88,53,76,23" hai2="41,21,46,97,100,20,63,120,7,118,69,52,74" hai3="107,110,73,134,18,6,57,68,109,42,15,79,95"/><U75/><E67/><V13/><F118/><W78/><G107/><T122/><D2/><U49/><E125/><V32/><F32/><W135/><G68/><T80/><D39/><U102/><E102/><V99/><F120/><W70/><G70/><T82/><D71/><U92/><E29/><V3/><F74/><W22/><G42/><T123/><D130/><U85/><E10/><V59/><F69/><W105/><G105/><T65/><D119/><U56/><E56/><V121/><F121/><N who="0" m="46090" /><D65/><U66/><E66/><V0/><F20/><W43/><G43/><N who="0" m="24703" /><D24/><U31/><E31/><V35/><F0/><W28/><G28/><T128/><D128/><U117/><E40/><V77/><F3/><W131/><G131/><T116/><D116/><U81/><REACH who="1" step="1"/><E117/><REACH who="1" ten="370,293,210,117" step="2"/><V14/><F41/><W25/><G57/><T4/><D4/><U115/><E115/><V89/><F7/><W30/><G6/><T132/><D132/><U8/><E8/><V103/><F100/><W9/><G135/><T87/><D16/><U54/><E54/><V129/><F52/><W12/><G134/><T72/><D72/><U113/><E113/><V104/><F103/><AGARI ba="0,1" hai="80,82,83,87,91,94,96,103" m="24703,46090" machi="103" ten="30,2000,0" yaku="13,1,52,1" doraHai="86" who="0" fromWho="2" sc="370,30,293,0,210,-20,117,0" /><INIT seed="2,0,0,3,3,102" ten="400,293,190,117" oya="2" hai0="25,112,43,92,74,87,75,108,22,6,34,109,18" hai1="62,83,85,118,130,73,1,10,46,20,55,133,61" hai2="26,44,88,132,64,134,76,58,16,14,27,95,38" hai3="32,52,84,103,125,7,3,122,65,42,98,35,28"/><V69/><F69/><W68/><G122/><T33/><D112/><U57/><E73/><N who="0" m="27657" /><D43/><U53/><E118/><V24/><F76/><W113/><G125/><T120/><D6/><U23/><E130/><V135/><F38/><W70/><G42/><T37/><D37/><U129/><E133/><V19/><F44/><W128/><G128/><T78/><D120/><U51/><E129/><V66/><F58/><W45/><G113/><T15/><D15/><U48/><E10/><N who="2" m="6231" /><F19/><W110/><G110/><N who="0" m="42603" /><D92/><U80/><E1/><V13/><F13/><W124/><G124/><T127/><D127/><U104/><E80/><AGARI ba="0,0" hai="18,22,25,33,34,78,80,87" m="42603,27657" machi="80" ten="30,1000,0" yaku="14,1" doraHai="102" who="0" fromWho="1" sc="400,10,293,-10,190,0,117,0" /><INIT seed="3,0,0,2,1,9" ten="410,283,190,117" oya="3" hai0="2,13,80,68,122,119,112,131,127,93,36,11,90" hai1="48,70,129,24,83,124,47,44,26,67,60,100,134" hai2="79,71,55,1,82,28,38,106,76,87,88,103,51" hai3="20,85,75,72,17,133,8,42,59,61,96,113,29"/><W78/><G113/><T102/><D68/><U117/><E124/><V65/><F38/><W57/><G133/><T56/><D36/><U81/><E134/><V89/><F1/><W58/><G61/><T107/><D2/><U84/><E129/><V121/><F121/><W4/><G42/><T114/><D107/><U5/><E83/><V41/><F41/><W128/><G128/><T105/><D105/><U46/><E100/><V94/><F106/><W135/><G29/><T99/><D131/><U110/><E110/><V126/><F103/><W16/><G135/><T77/><D122/><U123/><E117/><V74/><F74/><W125/><G17/><T69/><D69/><U30/><E5/><V45/><F28/><W63/><G125/><T37/><D37/><U39/><E26/><V25/><F25/><N who="3" m="14471" /><G75/><T120/><D120/><U32/><E39/><V130/><F130/><W108/><G72/><T116/><D56/><U43/><E123/><V21/><F21/><W6/><G108/><T109/><D109/><U101/><E101/><V18/><F18/><W97/><G63/><T92/><D127/><U34/><E32/><V52/><F126/><W95/><G8/><T10/><D10/><U3/><E3/><V62/><REACH who="2" step="1"/><F55/><REACH who="2" ten="410,283,180,117" step="2"/><W40/><G40/><T23/><D23/><U54/><E54/><V53/><F53/><W66/><G66/><T33/><D33/><U49/><E43/><V31/><F31/><W50/><G4/><N who="0" m="3303" /><D119/><U132/><E132/><V14/><F14/><W98/><G6/><T22/><D116/><U27/><E27/><V118/><F118/><RYUUKYOKU ba="0,1" sc="410,-15,283,15,180,15,117,-15" hai1="24,30,34,44,46,47,48,49,60,67,70,81,84" hai2="45,51,52,62,65,71,76,79,82,87,88,89,94" /><INIT seed="4,1,1,4,5,16" ten="395,298,195,102" oya="0" hai0="8,128,134,12,85,133,123,100,93,105,117,130,56" hai1="27,90,79,19,76,86,62,132,49,26,45,127,75" hai2="129,131,21,52,97,58,73,101,89,20,65,126,9" hai3="110,121,59,44,43,53,107,33,63,3,103,88,60"/><T95/><D123/><U87/><E75/><V113/><F73/><W124/><G3/><T72/><D72/><U34/><E127/><V48/><F126/><W46/><G124/><T6/><D117/><U66/><E132/><N who="0" m="50793" /><D56/><N who="1" m="37191" /><E34/><V50/><F65/><W4/><G4/><T135/><D135/><U111/><E87/><V37/><F37/><N who="3" m="21615" /><G33/><T18/><D105/><U17/><E17/><V78/><F113/><W91/><G88/><N who="0" m="53391" /><D6/><U29/><E29/><V32/><F32/><W77/><G77/><N who="1" m="29770" /><E19/><V14/><F78/><W116/><G116/><T112/><D112/><U109/><E109/><V47/><F89/><W15/><G110/><T23/><D8/><U7/><E7/><N who="2" m="3391" /><F97/><AGARI ba="1,1" hai="12,18,23,95,97,100,128,130" m="53391,50793" machi="97" ten="30,5800,0" yaku="20,1,52,1,54,1" doraHai="16" who="0" fromWho="2" sc="395,71,298,0,195,-61,102,0" /><INIT seed="4,2,0,1,1,80" ten="466,298,134,102" oya="0" hai0="14,126,129,12,85,8,47,135,100,51,79,6,56" hai1="127,11,40,59,48,70,42,125,5,105,50,112,44" hai2="124,97,106,84,113,21,71,4,46,62,72,95,33" hai3="103,13,57,123,120,37,119,1,64,121,83,111,27"/><T22/><D129/><U93/><E105/><V78/><F33/><W75/><G1/><T68/><D68/><U10/><E70/><V52/><F124/><N who="1" m="47689" /><E112/><V61/><F113/><W2/><G2/><T118/><D118/><U77/><E77/><V98/><F71/><W102/><G119/><T108/><D126/><U115/><E115/><V92/><F106/><W65/><G111/><T55/><D135/><U116/><E116/><V74/><F4/><W109/><G13/><T25/><D108/><U53/><E93/><V35/><F35/><W41/><G109/><T31/><D12/><N who="1" m="5199" /><E11/><V66/><F21/><W15/><G15/><T114/><D114/><U82/><E82/><V3/><F3/><W60/><G27/><T81/><D100/><N who="3" m="38441" /><G83/><T134/><REACH who="0" step="1"/><D134/><REACH who="0" ten="456,298,134,102" step="2"/><U89/><E89/><N who="2" m="53287" /><F98/><W19/><G123/><T58/><AGARI ba="2,1" hai="6,8,14,22,25,31,47,51,55,56,58,79,81,85" machi="58" ten="30,11700,0" yaku="1,1,0,1,8,1,52,1,53,0" doraHai="80" doraHaiUra="131" who="0" fromWho="0" sc="456,133,298,-41,134,-41,102,-41" /><INIT seed="4,3,0,5,3,37" ten="589,257,93,61" oya="0" hai0="67,39,38,44,14,130,122,16,87,59,18,105,52" hai1="45,64,42,85,82,126,78,88,125,55,72,69,50" hai2="115,68,15,12,5,74,93,109,22,99,97,2,24" hai3="91,0,10,31,43,47,65,8,19,70,80,56,20"/><T73/><D73/><U110/><E110/><V83/><F109/><W4/><G70/><T34/><D105/><U131/><E131/><V48/><F68/><W94/><G31/><T36/><D34/><U114/><E114/><V101/><F115/><W27/><G10/><T111/><D122/><U57/><E64/><V32/><F32/><W102/><G102/><T41/><D111/><U129/><E129/><V132/><F132/><W112/><G112/><T135/><D135/><U51/><REACH who="1" step="1"/><E69/><REACH who="1" ten="589,247,93,61" step="2"/><V17/><F2/><W96/><G80/><AGARI ba="3,1" hai="42,45,50,51,55,57,72,78,80,82,85,88,125,126" machi="80" ten="40,8000,1" yaku="1,1,2,1,52,1,54,1,53,0" doraHai="37" doraHaiUra="100" who="1" fromWho="3" sc="589,0,247,99,93,0,61,-89" owari="589,69.0,346,15.0,93,-31.0,-28,-53.0" /></mjloggm>