<mjloggm ver="2.3"><GO type="169" lobby="0"/><UN n0="%33%E5%B9%B4%E9%96%93%E6%9C%A8%E6%9A%AE%E5%85%AC%E5%BB%B6%E2%91%A4" n1="%7A%6B%75%72%74" n2="%E3%82%A6%E3%83%AB%E3%83%88%E3%83%A9%E7%AB%8B%E7%9B%B4" n3="%63%72%69%74%74%65%72" dan="16,17,17,16" rate="2147.01,2211.28,2122.01,2095.49" sx="M,M,M,M"/><TAIKYOKU oya="0"/><INIT seed="0,0,0,3,3,16" ten="250,250,250,250" oya="0" hai0="23,36,61,15,130,73,126,132,134,29,91,33,75" hai1="102,11,110,34,101,87,40,47,96,2,129,27,20" hai2="118,111,26,95,113,68,122,76,46,125,112,17,105" hai3="114,9,45,86,83,92,14,30,24,119,54,13,135"/><T62/><D36/><U71/><E71/><V127/><F46/><W107/><G114/><T22/><D33/><U72/><E72/><N who="0" m="27721" /><D91/><U39/><E34/><V59/><F59/><W82/><G119/><T42/><D42/><U8/><E129/><V0/><F76/><W49/><G107/><T69/><D130/><U28/><E2/><V10/><F95/><W19/><G135/><N who="0" m="51755" /><D126/><U55/><E87/><V38/><F105/><W67/><G67/><N who="0" m="41199" /><D29/><U104/><E102/><V100/><F100/><W3/><G3/><T116/><D116/><U6/><E6/><V109/><F38/><W25/><G14/><T131/><D131/><U81/><E81/><N who="3" m="30730" /><G30/><T123/><D123/><U31/><E31/><V63/><F122/><W94/><G94/><T85/><D85/><U78/><E78/><V35/><F118/><W98/><G86/><T79/><D79/><U7/><E7/><N who="2" m="1383" /><F68/><W88/><AGARI ba="0,0" hai="9,13,19,24,25,45,49,54,88,92,98" m="30730" machi="88" ten="30,2000,0" yaku="8,1,54,1" doraHai="16" who="3" fromWho="3" sc="250,-10,250,-5,250,-5,250,20" /><INIT seed="1,0,0,5,0,33" ten="240,245,245,270" oya="1" hai0="59,15,95,120,101,87,58,102,96,122,107,19,27" hai1="3,110,112,118,123,114,40,104,46,86,23,4,26" hai2="105,60,133,9,115,132,21,80,18,57,113,68,13" hai3="81,37,74,103,92,30,49,117,1,73,75,42,39"/><U44/><E123/><N who="0" m="47145" /><D27/><U53/><E118/><V54/><F105/><W29/><G117/><T109/><D109/><U66/><E104/><V116/><F116/><W41/><G81/><T32/><D32/><U35/><E35/><V36/><F36/><N who="3" m="13899" /><G49/><T45/><D45/><U6/><E40/><N who="3" m="15466" /><G92/><T69/><D69/><U24/><E66/><V11/><F68/><W61/><G61/><T125/><D125/><U0/><E23/><V128/><F80/><W67/><G103/><T70/><D70/><U124/><E86/><V17/><F128/><W126/><G67/><T28/><D28/><N who="3" m="10857" /><G126/><T89/><D102/><U91/><E124/><V134/><REACH who="2" step="1"/><F11/><AGARI ba="0,0" hai="11,15,19,58,59,87,89,95,96,101,107" m="47145" machi="11" ten="30,1000,0" yaku="13,1" doraHai="33" who="0" fromWho="2" sc="240,10,245,0,245,-10,270,0" /><INIT seed="2,0,0,2,3,101" ten="250,245,235,270" oya="2" hai0="28,43,3,68,66,10,39,35,102,110,74,121,12" hai1="122,85,70,99,21,78,94,2,125,79,123,18,135" hai2="36,52,13,20,46,61,104,109,71,106,91,37,31" hai3="45,49,127,92,112,34,54,6,81,16,131,132,40"/><V100/><F109/><W105/><G34/><T90/><D74/><U41/><E70/><V1/><F1/><W97/><G127/><T8/><D8/><U83/><E2/><V129/><F129/><W82/><G131/><T50/><D39/><U64/><E64/><V93/><F100/><W44/><G132/><T27/><D90/><U65/><E65/><V108/><F108/><W98/><G112/><T57/><D121/><N who="1" m="46091" /><E41/><V96/><F37/><W128/><G128/><T133/><D133/><U69/><E69/><V113/><F113/><W29/><G29/><T22/><D102/><N who="1" m="60791" /><E135/><V120/><F120/><W107/><G6/><T56/><D68/><U48/><E48/><V80/><F71/><W0/><G0/><T130/><D130/><U32/><E32/><V53/><F80/><W116/><G116/><T5/><D66/><U25/><E125/><V115/><F115/><W88/><G16/><N who="0" m="10503" /><D110/><U114/><E114/><V60/><F60/><W47/><G47/><AGARI ba="0,0" hai="3,5,10,27,28,35,43,47,50,56,57" m="10503" machi="47" ten="30,2000,0" yaku="24,1,54,1" doraHai="101" who="0" fromWho="3" sc="250,20,245,0,235,0,270,-20" /><INIT seed="3,0,0,0,4,41" ten="270,245,235,250" oya="3" hai0="56,6,13,106,25,49,43,87,96,114,132,119,74" hai1="44,84,40,63,17,18,98,7,104,85,12,118,129" hai2="29,120,90,117,124,134,16,42,27,37,45,73,102" hai3="66,30,32,19,100,122,105,64,57,115,83,107,8"/><W67/><G122/><T113/><D74/><U61/><E129/><V133/><F117/><W50/><G115/><T91/><D119/><U111/><E118/><V60/><F73/><W2/><G32/><T131/><D131/><U126/><E111/><V28/><F102/><W69/><G30/><T95/><D132/><N who="2" m="50794" /><F120/><W51/><G69/><T24/><D6/><U76/><E126/><V68/><F124/><W101/><G83/><T82/><D13/><U5/><E18/><V77/><F77/><W70/><G70/><T55/><D106/><U110/><E110/><V92/><F60/><W125/><G125/><T39/><D39/><U52/><E63/><V38/><F38/><W14/><G2/><T108/><D43/><U116/><E116/><V81/><F81/><W128/><G128/><T127/><D108/><U31/><E31/><V65/><F65/><W23/><G105/><T121/><D121/><U20/><E104/><V35/><F68/><W15/><G107/><T46/><D56/><N who="1" m="34951" /><E98/><N who="2" m="57623" /><F35/><W135/><G135/><T88/><REACH who="0" step="1"/><D127/><REACH who="0" ten="260,245,235,250" step="2"/><U1/><E1/><V94/><F94/><W22/><G15/><T47/><D47/><U71/><E71/><V58/><F58/><W78/><G57/><T79/><D79/><U54/><E76/><V99/><F99/><W9/><G78/><T21/><D21/><AGARI ba="0,1" hai="16,21,27,28,29,37,42,45" m="57623,50794" machi="21" ten="30,3900,0" yaku="20,1,52,1,54,1" doraHai="41" who="2" fromWho="0" sc="260,-39,245,0,235,49,250,0" /><INIT seed="4,0,0,0,0,75" ten="221,245,284,250" oya="0" hai0="22,50,17,8,97,132,83,36,63,84,113,89,117" hai1="6,119,34,126,13,60,29,133,79,41,90,106,69" hai2="87,92,102,33,120,57,70,65,25,10,122,21,12" hai3="61,123,38,95,93,82,47,49,80,55,0,134,40"/><T116/><D36/><U78/><E119/><V16/><F70/><W103/><G134/><T20/><D132/><U46/><E106/><V23/><F33/><W121/><G0/><T71/><D113/><U96/><E133/><V129/><F129/><W2/><G2/><T3/><D20/><U131/><E131/><V125/><F125/><W24/><G61/><T99/><D50/><U74/><E74/><V19/><F65/><W42/><G24/><T112/><D112/><U85/><E96/><V100/><F57/><W118/><G118/><T128/><D128/><U30/><E126/><V37/><F37/><W7/><G7/><T28/><D28/><U11/><E69/><V1/><F1/><W88/><G103/><T104/><D71/><U39/><E60/><V64/><F64/><W111/><G111/><T18/><D63/><U109/><E109/><V15/><F120/><N who="3" m="46155" /><G95/><T35/><D35/><U124/><E124/><V110/><F110/><W58/><G42/><T44/><D44/><U43/><E43/><V130/><F130/><W72/><G72/><T108/><D108/><U66/><E66/><V9/><F122/><W73/><G73/><T76/><D104/><U105/><E105/><V5/><F9/><W26/><G26/><N who="0" m="14671" /><D3/><U31/><REACH who="1" step="1"/><E34/><REACH who="1" ten="221,235,284,250" step="2"/><V62/><F62/><W135/><G135/><T4/><D117/><U81/><AGARI ba="0,1" hai="6,11,13,29,30,31,39,41,46,78,79,81,85,90" machi="81" ten="30,16000,3" yaku="1,1,2,1,0,1,52,2,53,3" doraHai="75" doraHaiUra="27" who="1" fromWho="1" sc="221,-80,235,170,284,-40,250,-40" /><INIT seed="5,0,0,5,2,97" ten="141,405,244,210" oya="1" hai0="67,25,83,64,27,129,117,53,109,33,66,30,133" hai1="76,10,103,114,16,70,22,41,100,49,60,135,81" hai2="86,115,4,110,72,71,19,62,119,43,88,104,7" hai3="23,80,77,36,118,68,89,92,34,132,40,84,17"/><U85/><E114/><V94/><F110/><W108/><G108/><T32/><D109/><U48/><E135/><V120/><F120/><W93/><G132/><T124/><D133/><U8/><E70/><V3/><F119/><W44/><G118/><T105/><D117/><U57/><E8/><V39/><F104/><W126/><G34/><T37/><D37/><U107/><E10/><V11/><F7/><W9/><G126/><T65/><D124/><U123/><E107/><V121/><F121/><W128/><G128/><T112/><D112/><U59/><E123/><V20/><F72/><W15/><G68/><T24/><D105/><U106/><E106/><V13/><F115/><W127/><G127/><T134/><D134/><U122/><E122/><V99/><F43/><W98/><G93/><T75/><D129/><U21/><E21/><V42/><F42/><W61/><G61/><T46/><N who="0" m="16384" /><DORA hai="96" /><T52/><D46/><N who="1" m="25679" /><E60/><V35/><F62/><W73/><REACH who="3" step="1"/><G23/><REACH who="3" ten="141,405,244,200" step="2"/><T14/><D32/><U45/><E57/><V69/><F35/><W2/><G2/><T47/><D33/><U101/><E59/><V63/><F63/><W1/><G1/><T28/><D47/><U12/><E49/><V6/><F39/><W54/><G54/><T55/><D14/><U102/><N who="1" m="25600" /><DORA hai="56" /><U90/><E45/><V82/><F6/><W38/><G38/><T87/><REACH who="0" step="1"/><D75/><AGARI ba="0,1" hai="9,15,17,36,40,44,73,75,77,80,84,89,92,98" machi="75" ten="40,5200,0" yaku="1,1,53,2" doraHai="97,96,56" doraHaiUra="5,74,58" who="3" fromWho="0" sc="141,-52,405,0,244,0,200,62" /><INIT seed="6,0,0,5,0,51" ten="89,405,244,262" oya="2" hai0="110,97,45,114,47,32,70,49,126,52,76,90,50" hai1="38,125,53,109,127,96,56,17,57,34,119,111,36" hai2="132,120,134,64,100,28,48,133,124,42,98,7,116" hai3="130,54,4,108,135,15,93,103,58,128,91,95,6"/><V118/><F120/><W44/><G108/><T67/><D32/><U46/><E34/><V122/><F122/><W19/><G135/><T69/><D110/><U24/><E96/><V101/><F124/><W35/><G35/><T14/><D126/><U117/><E24/><V104/><F28/><W65/><G65/><T78/><D114/><U60/><E17/><V123/><F123/><W115/><G44/><T39/><D39/><U77/><E77/><V30/><F30/><W31/><G31/><T82/><D14/><U106/><E106/><V102/><F64/><W18/><G103/><N who="2" m="39497" /><F7/><N who="3" m="2603" /><G115/><T12/><D12/><U40/><E109/><V27/><F27/><W33/><G33/><T73/><D67/><U22/><E111/><V8/><F8/><N who="3" m="6503" /><G19/><T89/><D97/><U55/><E22/><V81/><F81/><W9/><G9/><T10/><D10/><U71/><E71/><V112/><F112/><W88/><G128/><T92/><D82/><U43/><E46/><AGARI ba="0,0" hai="42,46,48,98,102,104,116,118,132,133,134" m="39497" machi="46" ten="40,2000,0" yaku="20,1" doraHai="51" who="2" fromWho="1" sc="89,0,405,-20,244,20,262,0" /><INIT seed="6,1,0,1,2,102" ten="89,385,264,262" oya="2" hai0="52,20,81,135,82,22,27,131,110,28,46,109,92" hai1="23,37,32,90,9,68,101,117,93,133,56,121,43" hai2="34,125,88,64,77,65,41,85,44,10,106,114,2" hai3="75,11,72,26,116,31,18,76,21,39,50,60,59"/><V16/><F34/><W127/><G116/><T48/><D135/><U47/><E68/><V36/><F114/><W84/><G39/><T71/><D71/><U128/><E32/><V119/><F119/><W38/><G38/><T94/><D131/><U25/><E117/><V105/><F77/><W14/><G127/><T107/><D107/><U83/><E128/><V57/><F125/><W69/><G69/><T19/><D110/><U98/><E133/><V112/><F112/><W104/><G104/><T6/><D6/><U111/><E111/><V103/><F103/><W97/><G50/><T35/><D35/><U99/><E9/><V8/><F8/><W67/><G97/><T126/><D126/><U118/><E121/><V30/><F30/><W86/><G72/><T78/><D109/><U40/><E40/><V29/><F29/><W132/><G132/><T5/><D5/><U3/><E3/><V123/><F123/><W124/><G124/><T12/><REACH who="0" step="1"/><D82/><REACH who="0" ten="79,385,264,262" step="2"/><U4/><E83/><N who="2" m="49215" /><F106/><W24/><G75/><AGARI ba="1,1" hai="12,19,20,22,27,28,46,48,52,75,78,81,92,94" machi="75" ten="30,3900,0" yaku="1,1,7,1,54,1,53,0" doraHai="102" doraHaiUra="115" who="0" fromWho="3" sc="79,52,385,0,264,0,262,-42" /><INIT seed="7,0,0,3,4,118" ten="131,385,264,220" oya="3" hai0="66,9,59,24,13,111,129,61,103,101,133,74,16" hai1="4,17,108,128,21,39,53,60,70,29,62,42,78" hai2="69,64,68,120,112,8,49,122,105,80,79,110,3" hai3="121,23,41,123,26,31,45,76,106,57,87,12,115"/><W73/><G73/><T83/><D111/><U124/><E108/><V99/><F110/><W5/><G106/><T93/><D133/><U107/><E107/><V131/><F112/><W77/><G115/><T46/><D129/><U89/><E29/><V58/><F131/><W37/><G57/><T0/><D0/><U56/><E4/><N who="2" m="1055" /><F49/><W132/><G132/><T47/><D74/><U54/><E124/><V44/><F44/><W84/><G84/><T88/><D83/><U127/><E78/><V20/><F20/><W95/><G95/><T125/><D125/><U102/><E102/><N who="2" m="62687" /><F58/><W34/><G34/><T32/><D32/><U116/><E116/><V11/><F11/><W40/><G40/><T35/><D35/><U2/><E2/><V7/><F7/><W85/><G85/><T114/><D114/><U126/><E128/><V72/><F64/><W94/><G94/><T86/><D24/><U98/><E70/><AGARI ba="0,0" hai="68,69,70,72,79,80,120,122" m="62687,1055" machi="70" ten="30,3900,0" yaku="23,1,52,2" doraHai="118" who="2" fromWho="1" sc="131,0,385,-39,264,39,220,0" owari="131,-37.0,346,45.0,303,10.0,220,-18.0" /></mjloggm>