<mjloggm ver="2.3"><GO type="169" lobby="0"/><UN n0="%E3%83%88%E3%83%88%E3%83%AA%E5%85%88%E7%94%9F%31%39%E6%AD%B3" n1="%67%6F%75%73%69" n2="%6D%61%73%79" n3="%E9%AE%AB%E5%B3%B6%E5%AE%8F%E6%98%8C%CE%B1" dan="18,16,16,16" rate="2286.64,2104.18,2040.53,2128.75" sx="F,M,M,M"/><TAIKYOKU oya="0"/><INIT seed="0,0,0,4,1,27" ten="250,250,250,250" oya="0" hai0="76,44,62,5,31,67,28,104,114,113,115,52,117" hai1="6,75,110,14,106,63,46,132,127,128,65,129,83" hai2="19,34,32,116,0,73,45,135,35,98,40,22,111" hai3="69,17,81,77,18,90,38,54,64,118,1,94,99"/><T10/><D117/><U3/><E110/><V88/><F111/><W87/><G118/><T11/><D104/><U9/><E14/><V47/><F116/><W23/><G1/><T92/><D76/><U102/><E127/><V91/><F0/><W125/><G38/><T41/><D92/><U134/><E46/><V68/><F68/><W130/><G125/><T100/><D100/><U21/><E21/><V131/><F73/><W108/><G130/><N who="1" m="50282" /><E102/><V96/><F135/><W30/><G108/><T57/><D67/><U48/><E48/><V53/><F53/><W133/><G133/><T101/><D101/><U78/><E106/><V82/><F47/><W4/><G4/><T71/><D71/><AGARI ba="0,0" hai="3,6,9,63,65,71,75,78,83,132,134" m="50282" machi="71" ten="30,2000,0" yaku="19,1,23,1" doraHai="27" who="1" fromWho="0" sc="250,-20,250,20,250,0,250,0" /><INIT seed="1,0,0,2,5,11" ten="230,270,250,250" oya="1" hai0="55,42,79,124,7,21,83,129,74,76,126,92,51" hai1="120,67,19,57,100,58,112,88,134,75,28,45,105" hai2="102,117,13,91,37,78,104,34,130,1,22,106,64" hai3="50,125,39,44,89,31,113,15,96,132,101,32,131"/><U111/><E75/><V29/><F37/><W114/><G39/><T68/><D68/><U16/><E120/><V103/><F78/><W27/><G125/><N who="0" m="48235" /><D129/><U80/><E112/><V77/><F77/><W127/><G127/><T40/><D79/><U4/><E105/><V47/><F64/><W71/><G71/><T14/><D92/><U49/><E100/><V93/><F1/><W59/><G132/><T5/><D5/><U119/><E119/><V110/><F130/><W23/><G131/><T52/><D55/><U98/><E28/><V99/><F34/><W12/><G59/><N who="1" m="22538" /><E67/><V33/><F47/><W81/><G32/><T56/><D7/><U41/><E134/><V115/><F33/><W43/><G114/><T63/><D63/><U53/><E4/><V35/><F29/><W86/><REACH who="3" step="1"/><G113/><REACH who="3" ten="230,270,250,240" step="2"/><T118/><D118/><U97/><E111/><V87/><F35/><W25/><G25/><T20/><D20/><U133/><E133/><V82/><F110/><W66/><G66/><T10/><D10/><U26/><E26/><V36/><F117/><W122/><G122/><T0/><D0/><U90/><E53/><V94/><F115/><W3/><G3/><T61/><D61/><U135/><E135/><V70/><F70/><W54/><G54/><T46/><D56/><U69/><E69/><V2/><F2/><W84/><G84/><T65/><D65/><U30/><E97/><N who="2" m="61551" /><F36/><W9/><G9/><T121/><D121/><U109/><E109/><V48/><F48/><W116/><G116/><T107/><D107/><AGARI ba="0,1" hai="12,15,23,27,31,43,44,50,81,86,89,96,101,107" machi="107" ten="30,7700,0" yaku="1,1,7,1,52,2,53,0" doraHai="11" doraHaiUra="128" who="3" fromWho="0" sc="230,-77,270,0,250,0,240,87" /><INIT seed="2,0,0,3,4,134" ten="153,270,250,327" oya="2" hai0="104,17,14,116,40,54,86,36,61,118,103,74,120" hai1="65,110,46,126,29,94,23,0,31,123,88,48,84" hai2="114,125,113,56,75,96,132,69,18,52,128,22,33" hai3="106,62,2,82,117,21,101,105,12,55,42,30,77"/><V124/><F132/><W131/><G117/><T72/><D120/><U8/><E110/><V95/><F69/><W4/><G2/><T63/><D86/><U119/><E119/><N who="0" m="45609" /><D40/><U34/><E34/><V81/><F33/><W87/><G42/><T111/><D36/><U32/><E32/><V121/><F121/><W100/><G131/><T6/><D6/><U109/><E109/><V130/><F81/><W20/><G105/><T16/><D111/><U9/><E65/><V127/><F75/><N who="0" m="28714" /><D54/><U10/><E0/><V92/><F130/><W135/><G135/><T112/><D112/><N who="2" m="43114" /><F96/><W76/><G106/><T129/><D129/><U53/><E123/><V78/><F78/><W99/><G99/><N who="0" m="61567" /><D17/><U59/><E46/><V15/><F128/><W13/><G4/><T108/><D108/><U28/><REACH who="1" step="1"/><E23/><AGARI ba="0,0" hai="14,16,23,61,63" m="61567,28714,45609" machi="23" ten="30,2000,0" yaku="12,1,54,1" doraHai="134" who="0" fromWho="1" sc="153,20,270,-20,250,0,327,0" /><INIT seed="3,0,0,1,3,72" ten="173,250,250,327" oya="3" hai0="62,17,128,98,130,36,88,110,106,74,73,96,19" hai1="16,102,45,121,100,4,113,99,15,92,59,80,22" hai2="3,123,9,103,31,27,120,115,56,117,90,124,85" hai3="39,23,28,84,10,60,81,34,108,114,86,107,119"/><W57/><G107/><T24/><D36/><U42/><E113/><V67/><F115/><W71/><G39/><T35/><D62/><U125/><E125/><V43/><F124/><W78/><G119/><T44/><D44/><U112/><E112/><V66/><F43/><W87/><G114/><T89/><D24/><U25/><E121/><N who="2" m="46667" /><F117/><W1/><G108/><T26/><D26/><U126/><E126/><V95/><F103/><W21/><G71/><T109/><REACH who="0" step="1"/><D106/><REACH who="0" ten="163,250,250,327" step="2"/><U105/><E105/><V104/><F104/><W58/><G34/><AGARI ba="0,1" hai="17,19,34,35,73,74,88,89,96,98,109,110,128,130" machi="34" ten="25,8000,1" yaku="1,1,2,1,22,2,54,1,53,0" doraHai="72" doraHaiUra="41" who="0" fromWho="3" sc="163,90,250,0,250,0,327,-80" /><INIT seed="4,0,0,2,1,41" ten="253,250,250,247" oya="0" hai0="60,128,88,55,116,44,50,72,5,82,29,10,17" hai1="67,22,94,54,0,118,97,3,81,87,11,4,30" hai2="113,90,2,125,37,76,25,65,19,57,117,15,36" hai3="23,127,18,111,91,48,122,85,14,112,119,99,80"/><T47/><D116/><U39/><E118/><V130/><F2/><W108/><G122/><T45/><D128/><U58/><E39/><V73/><F117/><W31/><G119/><T20/><D29/><U71/><E71/><V38/><F130/><W13/><G127/><T52/><D60/><U129/><E129/><V110/><F110/><W42/><G112/><T93/><D82/><U9/><E67/><V27/><F125/><W123/><G123/><T66/><D72/><U135/><E135/><V133/><F113/><W43/><G31/><T124/><D66/><U33/><E33/><V1/><F1/><W86/><G86/><T102/><D102/><U12/><E11/><V79/><F73/><W109/><G99/><N who="0" m="57767" /><D124/><U101/><E22/><V8/><F79/><W28/><G28/><T6/><D10/><U132/><E132/><V103/><F76/><W78/><G78/><T53/><D50/><U107/><E30/><V92/><F103/><W16/><REACH who="3" step="1"/><G48/><REACH who="3" ten="253,250,250,237" step="2"/><T104/><D104/><U120/><E107/><V77/><F77/><W106/><G106/><T89/><D89/><U105/><E105/><V134/><F134/><W24/><G24/><AGARI ba="0,1" hai="5,6,17,20,24,44,45,47,52,53,55" m="57767" machi="24" ten="30,18000,2" yaku="8,1,52,3,54,2" doraHai="41" who="0" fromWho="3" sc="253,190,250,0,250,0,237,-180" /><INIT seed="4,1,0,1,5,24" ten="443,250,250,57" oya="0" hai0="131,80,119,94,23,110,2,130,72,51,106,85,87" hai1="68,121,70,109,122,126,42,0,8,46,3,76,16" hai2="39,82,19,129,17,81,25,114,69,77,123,55,127" hai3="47,71,132,67,112,84,14,62,66,99,124,102,58"/><T29/><D119/><U21/><E109/><V100/><F69/><W20/><G112/><T104/><D2/><U111/><E111/><V134/><F39/><W6/><G124/><T10/><D110/><U92/><E76/><V26/><F114/><W59/><G132/><T83/><D10/><U53/><E126/><V105/><F127/><W90/><G47/><T75/><D51/><U116/><E116/><V128/><F134/><W120/><G120/><T31/><D94/><U135/><E135/><V13/><F123/><W125/><G125/><T108/><D108/><U61/><E92/><V33/><F55/><W27/><G6/><T118/><D118/><U101/><E101/><V48/><F48/><W96/><G14/><T56/><D23/><U54/><E8/><V18/><F13/><W35/><G35/><T91/><D91/><U1/><E121/><V40/><F40/><W4/><G4/><T30/><D30/><U43/><E122/><V12/><F12/><W60/><G71/><T74/><D74/><U28/><E28/><N who="2" m="19599" /><F26/><W44/><G44/><T38/><REACH who="0" step="1"/><D56/><REACH who="0" ten="433,250,250,57" step="2"/><N who="1" m="34967" /><E68/><V5/><F100/><W64/><G102/><T86/><D86/><U57/><E70/><V115/><F115/><W97/><G84/><T113/><D113/><U73/><E73/><V79/><F105/><W133/><G133/><T45/><D45/><U103/><E103/><V41/><F41/><W32/><G32/><T52/><D52/><U49/><E46/><V95/><F95/><N who="3" m="56439" /><G67/><T36/><AGARI ba="1,1" hai="29,31,36,38,72,75,80,83,85,87,104,106,130,131" machi="36" ten="25,18000,2" yaku="1,1,0,1,22,2,52,2,53,0" doraHai="24" doraHaiUra="9" who="0" fromWho="0" sc="433,193,250,-61,250,-61,57,-61" owari="626,72.0,189,-1.0,189,-21.0,-4,-50.0" /></mjloggm>