<mjloggm ver="2.3"><GO type="169" lobby="0"/><UN n0="%E9%B7%BA%E6%A3%AE%E7%81%BC%2E" n1="%E3%82%A6%E3%83%AB%E3%83%88%E3%83%A9%E7%AB%8B%E7%9B%B4" n2="%E9%81%A0%E5%A4%9C" n3="%E3%81%88%E3%82%93%E3%81%BA%E3%82%89%E3%83%BC" dan="16,18,16,16" rate="2100.26,2245.83,2117.64,2150.71" sx="F,M,M,M"/><TAIKYOKU oya="0"/><INIT seed="0,0,0,2,1,11" ten="250,250,250,250" oya="0" hai0="12,132,55,75,24,50,118,56,87,25,69,8,77" hai1="22,98,113,95,117,85,23,17,44,16,97,35,26" hai2="70,64,80,130,41,106,61,96,126,72,123,131,5" hai3="134,51,28,90,29,15,18,4,60,107,7,27,101"/><T65/><D75/><U103/><E117/><V36/><F123/><W40/><G134/><T31/><D118/><U30/><E113/><V54/><F126/><W129/><G129/><N who="2" m="49161" /><F54/><W76/><G76/><T73/><D73/><U135/><E135/><V89/><F5/><W133/><G133/><T19/><D132/><U115/><E115/><V109/><F109/><W59/><G101/><T47/><D69/><U14/><E44/><N who="2" m="23591" /><F89/><W13/><G107/><T121/><D121/><U2/><E2/><V20/><F20/><N who="3" m="13719" /><G51/><T82/><D31/><N who="3" m="11849" /><G40/><T112/><D112/><U127/><E127/><V34/><F34/><W49/><G49/><T114/><D114/><U88/><REACH who="1" step="1"/><E103/><REACH who="1" ten="250,240,250,250" step="2"/><N who="2" m="62823" /><F72/><W58/><G90/><T110/><D110/><U10/><E10/><V122/><F122/><W68/><G68/><T104/><D104/><U6/><E6/><N who="3" m="2090" /><G59/><T66/><REACH who="0" step="1"/><D56/><REACH who="0" ten="240,240,250,250" step="2"/><U0/><E0/><V100/><F70/><W102/><G102/><T53/><D53/><AGARI ba="0,2" hai="13,15,53,58,60" m="2090,11849,13719" machi="53" ten="30,3900,0" yaku="8,1,52,2" doraHai="11" who="3" fromWho="0" sc="240,-39,240,0,250,0,250,59" /><INIT seed="1,0,0,1,4,59" ten="201,240,250,309" oya="1" hai0="127,126,89,58,51,101,98,82,24,123,65,49,128" hai1="73,121,16,134,41,53,54,1,76,45,87,9,62" hai2="67,132,124,61,94,3,4,96,11,117,66,104,111" hai3="56,32,63,37,133,18,107,120,114,38,135,26,29"/><U99/><E121/><V79/><F117/><W15/><G107/><T72/><D123/><U97/><E134/><N who="3" m="51210" /><G114/><T46/><D128/><U125/><E125/><V48/><F132/><W0/><G0/><T122/><D122/><U25/><E73/><V44/><F111/><W52/><G120/><T10/><D24/><U93/><E1/><V19/><F124/><N who="0" m="47658" /><D10/><AGARI ba="0,0" hai="10,15,18,26,29,32,37,38,52,56,63" m="51210" machi="10" ten="30,3900,0" yaku="20,1,52,1,54,1" doraHai="59" who="3" fromWho="0" sc="201,-39,240,0,250,0,309,39" /><INIT seed="2,0,0,3,3,5" ten="162,240,250,348" oya="2" hai0="124,29,116,120,43,39,10,22,119,0,74,95,88" hai1="108,8,65,94,41,71,47,89,32,45,131,68,31" hai2="28,90,81,91,80,59,114,129,79,122,72,104,17" hai3="130,25,62,26,54,13,37,23,34,14,60,64,96"/><V56/><F114/><W67/><G37/><T78/><D120/><U9/><E108/><V16/><F122/><W115/><G115/><T48/><D124/><U134/><E131/><V40/><F129/><W57/><G130/><T118/><D39/><U51/><E134/><V126/><F126/><W110/><G110/><T11/><D0/><U36/><E31/><V125/><F125/><W133/><G34/><T109/><D109/><U103/><E103/><V77/><F104/><W21/><G54/><T76/><D43/><U135/><E32/><V61/><F28/><W82/><G82/><N who="0" m="45335" /><D78/><U132/><E65/><V1/><F1/><W50/><G50/><T73/><D48/><U127/><E127/><V33/><F33/><W97/><REACH who="3" step="1"/><G57/><REACH who="3" ten="162,240,250,338" step="2"/><T98/><D73/><U12/><E36/><V24/><F40/><W55/><G55/><T111/><D111/><U19/><E45/><V123/><F123/><W100/><G100/><T53/><D53/><U113/><E113/><V27/><F72/><W38/><G38/><T87/><D87/><U105/><E132/><AGARI ba="0,1" hai="13,14,21,23,25,26,60,62,64,67,96,97,132,133" machi="132" ten="25,3200,0" yaku="1,1,22,2,53,0" doraHai="5" doraHaiUra="69" who="3" fromWho="1" sc="162,0,240,-32,250,0,338,42" /><INIT seed="3,0,0,2,0,41" ten="162,208,250,380" oya="3" hai0="86,109,70,75,20,116,7,87,57,133,21,118,126" hai1="96,132,77,29,81,19,18,69,53,88,108,0,58" hai2="45,63,28,9,14,48,55,110,15,97,67,127,51" hai3="34,74,83,120,52,17,106,115,71,43,94,119,100"/><W16/><G115/><T102/><D70/><U11/><E69/><V47/><F110/><W40/><G119/><T31/><D75/><U65/><E65/><V13/><F127/><W84/><G34/><T46/><D102/><U12/><E0/><V112/><F112/><W131/><G71/><T135/><D57/><U82/><E108/><V6/><F28/><W39/><G120/><T3/><D109/><U62/><E132/><N who="0" m="50761" /><D126/><U37/><E37/><V50/><F50/><W78/><G131/><T36/><D7/><U107/><E29/><V113/><F113/><W2/><G2/><T92/><D3/><U44/><E107/><V121/><F97/><W22/><G17/><T134/><N who="0" m="50769" /><T104/><DORA hai="4" /><D104/><U85/><E44/><V123/><F121/><W129/><G39/><T72/><D72/><U95/><E82/><V80/><F80/><W24/><G129/><T98/><D31/><U125/><E125/><V59/><F123/><W90/><G52/><AGARI ba="0,0" hai="6,9,13,14,15,45,47,48,51,52,55,59,63,67" machi="52" ten="30,12000,2" yaku="7,1,9,1,8,1,52,3,54,1" doraHai="41,4" who="2" fromWho="3" sc="162,0,208,0,250,120,380,-120" /><INIT seed="4,0,0,2,4,23" ten="162,208,370,260" oya="0" hai0="56,105,106,127,9,24,28,32,135,36,68,104,125" hai1="120,98,107,29,3,78,43,39,55,61,96,131,31" hai2="91,53,44,93,102,121,67,18,54,46,34,80,14" hai3="13,133,25,112,51,22,100,83,109,65,26,19,79"/><T113/><D68/><U111/><E3/><V63/><F34/><W16/><G109/><T77/><D36/><U52/><E120/><V15/><F121/><W17/><G112/><T70/><D70/><U97/><E111/><V71/><F102/><W81/><G133/><T2/><D113/><U57/><E107/><V6/><F80/><N who="3" m="30795" /><G100/><T128/><D135/><U37/><E78/><V20/><F46/><W5/><G79/><T117/><D117/><U10/><E131/><V49/><F54/><W0/><G0/><T7/><D77/><U108/><E108/><V101/><F101/><W40/><G65/><T110/><D110/><U115/><E115/><V45/><F45/><N who="3" m="26023" /><G22/><T48/><REACH who="0" step="1"/><D128/><REACH who="0" ten="152,208,370,260" step="2"/><U76/><E76/><V38/><F71/><W72/><G72/><T126/><D126/><U88/><E37/><V60/><F38/><W59/><G59/><T122/><D122/><U50/><E39/><V21/><F44/><W30/><G30/><T123/><D123/><U47/><E43/><V94/><F67/><W27/><G13/><T74/><D74/><U85/><E31/><V119/><F14/><W62/><G62/><T73/><D73/><U116/><E29/><V92/><F60/><W114/><G114/><T95/><D95/><N who="1" m="54671" /><E116/><V82/><F63/><W35/><G35/><T103/><D103/><U1/><E1/><V11/><F119/><W66/><G66/><T84/><D84/><U124/><E124/><V130/><F130/><W69/><G69/><T41/><D41/><U90/><E90/><V75/><F91/><W118/><G118/><T4/><D4/><AGARI ba="0,1" hai="4,5,16,17,19,25,26,27" m="26023,30795" machi="4" ten="40,12000,2" yaku="6,1,8,1,52,3,54,1" doraHai="23" who="3" fromWho="0" sc="152,-120,208,0,370,0,260,130" /><INIT seed="5,0,0,2,2,38" ten="32,208,370,390" oya="1" hai0="93,85,78,37,18,41,55,6,67,68,117,106,22" hai1="61,66,32,43,118,27,123,19,87,51,135,39,8" hai2="81,104,16,83,28,35,57,76,108,80,53,122,121" hai3="99,91,96,44,134,26,36,74,59,7,88,105,69"/><U79/><E118/><V45/><F108/><W133/><G69/><T48/><D106/><U0/><E123/><V95/><F104/><W92/><G74/><T111/><D111/><U31/><E39/><V132/><F76/><W70/><G70/><T2/><D117/><U17/><E135/><V110/><F132/><W14/><G59/><T125/><D125/><U47/><E79/><V101/><F28/><W113/><G113/><T12/><D2/><U24/><E87/><V115/><F35/><W128/><G128/><T9/><D68/><U50/><E27/><V119/><F115/><W64/><G64/><T3/><D67/><U98/><E51/><V109/><F119/><W120/><G120/><T29/><D37/><U94/><E8/><V124/><F124/><W127/><G26/><T46/><D29/><U126/><E0/><V130/><F130/><W23/><G127/><T71/><D71/><U72/><E72/><V97/><F45/><W112/><G112/><T42/><REACH who="0" step="1"/><D93/><REACH who="0" ten="22,208,370,390" step="2"/><U114/><E126/><V1/><F1/><W15/><G92/><T49/><D49/><U11/><E114/><V58/><F110/><W82/><G105/><T52/><D52/><U73/><E66/><V89/><F53/><W90/><G36/><T129/><D129/><U21/><E31/><V86/><F109/><W56/><G134/><T65/><D65/><U100/><E61/><V33/><F122/><W75/><G133/><T107/><D107/><U25/><E50/><V40/><F95/><W30/><G30/><T34/><D34/><U103/><E94/><N who="2" m="54583" /><F121/><W13/><G99/><RYUUKYOKU ba="0,1" sc="22,30,208,-10,370,-10,390,-10" hai0="3,6,9,12,18,22,41,42,46,48,55,78,85" /><INIT seed="6,1,1,1,0,51" ten="52,198,360,380" oya="2" hai0="74,26,67,36,9,116,110,122,63,115,29,56,13" hai1="113,12,59,92,45,20,24,71,30,49,82,25,42" hai2="80,134,97,34,76,62,89,90,28,16,32,23,10" hai3="22,94,68,121,44,6,43,69,3,55,33,83,1"/><V41/><F134/><W103/><G33/><T79/><D122/><U40/><E71/><V102/><F10/><W78/><G121/><T108/><D36/><U112/><E82/><V27/><F41/><W87/><G68/><T127/><D115/><N who="1" m="44107" /><E12/><V53/><F34/><W131/><G69/><T109/><D127/><U129/><E129/><V95/><F76/><W104/><G104/><T91/><D116/><U48/><E92/><V72/><F72/><W126/><G6/><T75/><D79/><U52/><E25/><V88/><F80/><W119/><G94/><T18/><REACH who="0" step="1"/><D91/><REACH who="0" ten="42,198,360,380" step="2"/><U17/><E30/><V106/><F28/><W107/><G78/><T37/><D37/><U98/><E42/><V21/><F90/><W65/><G43/><T133/><D133/><U100/><E100/><V114/><F89/><W46/><G103/><T130/><D130/><U58/><E98/><V54/><F97/><W15/><G131/><T120/><D120/><U14/><E24/><V7/><F27/><W31/><G31/><T118/><D118/><U0/><E0/><V85/><F102/><W99/><G1/><T64/><D64/><U128/><E128/><V77/><F77/><W38/><G65/><T124/><D124/><U66/><E66/><V61/><F88/><W93/><G3/><T84/><D84/><U111/><E111/><V19/><F85/><W57/><G87/><T81/><D81/><U39/><E39/><V35/><F114/><W50/><G38/><T123/><D123/><U132/><E132/><V125/><F125/><W105/><G126/><T135/><D135/><RYUUKYOKU ba="1,2" sc="42,15,198,15,360,-15,380,-15" hai0="9,13,18,26,29,56,63,67,74,75,108,109,110" hai1="14,17,20,40,45,48,49,52,58,59" /><INIT seed="7,2,2,4,1,32" ten="57,213,345,365" oya="3" hai0="7,34,110,55,125,100,130,114,38,27,33,124,60" hai1="29,103,116,88,82,71,128,49,25,52,37,31,74" hai2="75,78,86,96,97,26,47,106,83,93,20,28,92" hai3="80,2,73,85,11,14,39,36,90,105,69,18,79"/><W1/><G105/><T84/><D38/><U50/><E50/><V43/><F75/><W3/><REACH who="3" step="1"/><G69/><REACH who="3" ten="57,213,345,355" step="2"/><T89/><D100/><U121/><E71/><V113/><F113/><W101/><G101/><T57/><D110/><U62/><E103/><V44/><F106/><W48/><G48/><T118/><D118/><U30/><E49/><N who="2" m="26783" /><F47/><W41/><G41/><T68/><D114/><U134/><E116/><V104/><F104/><W115/><G115/><T10/><D130/><U77/><E128/><V13/><F13/><W70/><G70/><T16/><D68/><U87/><E37/><V5/><F5/><W63/><G63/><T61/><D61/><U8/><E62/><V59/><F59/><W91/><G91/><T56/><D56/><U112/><E88/><V81/><F81/><AGARI ba="2,3" hai="1,2,3,11,14,18,36,39,73,79,80,81,85,90" machi="81" ten="40,12000,1" yaku="1,1,52,3,53,1" doraHai="32" doraHaiUra="15" who="3" fromWho="2" sc="57,0,213,0,345,-126,355,156" owari="57,-44.0,213,-19.0,219,2.0,511,61.0" /></mjloggm>