<mjloggm ver="2.3"><GO type="169" lobby="0"/><UN n0="%42%6C%75%65%2D%4A%61%6D" n1="%E9%AB%98%E6%A9%8B%E8%89%AF%E5%A4%AA" n2="%E3%83%88%E3%83%88%E3%83%AA%E5%85%88%E7%94%9F%31%39%E6%AD%B3" n3="%74%61%63%6F%73" dan="16,16,19,16" rate="2074.33,2111.61,2287.42,2126.54" sx="M,M,F,M"/><TAIKYOKU oya="0"/><INIT seed="0,0,0,3,5,68" ten="250,250,250,250" oya="0" hai0="0,34,5,88,78,58,99,6,59,129,74,134,60" hai1="9,123,1,23,41,42,25,70,121,11,119,33,103" hai2="20,128,17,82,16,57,35,7,110,89,71,113,32" hai3="27,49,45,40,52,29,39,91,47,85,115,95,53"/><T65/><D34/><U44/><E70/><V109/><F113/><W126/><G126/><T24/><D134/><U54/><E119/><V55/><F71/><W19/><G115/><T124/><D124/><U80/><E33/><V30/><F128/><W114/><G114/><T13/><D0/><U38/><E103/><V50/><F17/><W61/><G19/><T43/><D129/><U117/><E117/><V86/><F7/><W15/><G15/><T98/><D98/><U67/><E67/><V69/><F69/><W87/><G87/><T46/><D59/><U79/><E54/><V75/><F75/><W63/><REACH who="3" step="1"/><G53/><REACH who="3" ten="250,250,250,240" step="2"/><T101/><D13/><U21/><E1/><V127/><F127/><W64/><G64/><T107/><D24/><U131/><E131/><V26/><REACH who="2" step="1"/><F35/><AGARI ba="0,1" hai="27,29,35,39,40,45,47,49,52,61,63,85,91,95" machi="35" ten="30,7700,0" yaku="1,1,7,1,52,1,54,1,53,0" doraHai="68" doraHaiUra="3" who="3" fromWho="2" sc="250,0,250,0,250,-77,240,87" /><INIT seed="1,0,0,0,0,94" ten="250,250,173,327" oya="1" hai0="58,24,21,90,115,103,37,110,68,118,33,43,44" hai1="128,45,120,71,92,36,66,8,39,57,80,26,117" hai2="60,122,42,86,25,132,107,87,50,73,38,133,70" hai3="104,52,54,53,95,40,84,22,34,82,2,129,125"/><U113/><E113/><V56/><F122/><W28/><G104/><T3/><D118/><U77/><E117/><V98/><F73/><W127/><G2/><T23/><D68/><U131/><E120/><V116/><F116/><W63/><G129/><T85/><D3/><U96/><E71/><V17/><F38/><W101/><G34/><T5/><D5/><U79/><E8/><V7/><F70/><W30/><G40/><T29/><D110/><U121/><E121/><V18/><F7/><W0/><G0/><T65/><D115/><U114/><E114/><V13/><F25/><W19/><G63/><T119/><D119/><U10/><E10/><V46/><F86/><W83/><G125/><T91/><D103/><U9/><E9/><V41/><F87/><W20/><G20/><T32/><D91/><U35/><E35/><V27/><F27/><N who="3" m="14815" /><G127/><T81/><D33/><U51/><E51/><V111/><F41/><W48/><G48/><T134/><D65/><U16/><E36/><V130/><F111/><W49/><G49/><T93/><D58/><U108/><E108/><V124/><F130/><W100/><G83/><T64/><D64/><U72/><E66/><N who="2" m="39175" /><F124/><W4/><G4/><T12/><D12/><U76/><E131/><V31/><F31/><N who="3" m="11819" /><G95/><T69/><D69/><U75/><E128/><V6/><F6/><W99/><G99/><T97/><D23/><N who="1" m="13671" /><E72/><V67/><F67/><W14/><G14/><T11/><D32/><U47/><E39/><V112/><F112/><W74/><G74/><T109/><D109/><U123/><E123/><V61/><F13/><RYUUKYOKU ba="0,0" sc="250,-10,250,-10,173,-10,327,30" hai3="52,53,54,82,84,100,101" /><INIT seed="2,1,0,4,1,55" ten="240,240,163,357" oya="2" hai0="129,13,67,93,92,95,62,39,52,72,76,37,98" hai1="58,107,14,8,85,128,40,48,25,28,79,12,27" hai2="115,110,94,43,21,10,88,18,11,71,105,19,125" hai3="4,15,1,112,69,73,31,91,54,74,6,63,65"/><V109/><F115/><W126/><G1/><T22/><D129/><U123/><E123/><V34/><F34/><W51/><G112/><T90/><D72/><U118/><E118/><V64/><F105/><W120/><G120/><T59/><D76/><U131/><E107/><V46/><F125/><W50/><G126/><T47/><D39/><U32/><E27/><V84/><F64/><W30/><G51/><N who="0" m="28799" /><D37/><U82/><E12/><V101/><F101/><W116/><G116/><T106/><D106/><U86/><E86/><V99/><F84/><W135/><G135/><T96/><D96/><U108/><E108/><N who="2" m="41579" /><F71/><W42/><G42/><T53/><D67/><U17/><E40/><V103/><F103/><W23/><G73/><T75/><D75/><U9/><E9/><N who="2" m="3083" /><F21/><W45/><G23/><T38/><D38/><AGARI ba="1,0" hai="18,19,38,43,46,88,94,99" m="3083,41579" machi="38" ten="30,5800,0" yaku="14,1,10,1,54,1" doraHai="55" who="2" fromWho="0" sc="240,-61,240,0,163,61,357,0" /><INIT seed="2,2,0,0,1,94" ten="179,240,224,357" oya="2" hai0="123,27,3,105,53,47,65,67,4,74,7,89,8" hai1="61,69,92,26,20,57,19,122,127,88,31,82,54" hai2="113,18,56,0,101,129,73,21,62,66,90,12,36" hai3="71,11,13,70,84,45,50,79,30,2,103,39,118"/><V132/><F113/><W93/><G118/><T29/><D74/><U112/><E112/><V98/><F36/><W77/><G39/><T59/><D7/><U23/><E127/><V111/><F0/><W1/><G30/><T35/><D123/><U81/><E69/><V135/><F73/><W25/><G25/><T86/><D105/><U85/><REACH who="1" step="1"/><E122/><REACH who="1" ten="179,230,224,357" step="2"/><V64/><F129/><W37/><G71/><T78/><D78/><U99/><E99/><V22/><F111/><W60/><G70/><T5/><D5/><U126/><E126/><V114/><F114/><W117/><G77/><T44/><D67/><U106/><E106/><V34/><F64/><W102/><G79/><T83/><REACH who="0" step="1"/><D65/><REACH who="0" ten="169,230,224,357" step="2"/><U131/><E131/><V32/><F66/><W43/><G117/><T24/><D24/><AGARI ba="2,2" hai="19,20,23,24,26,31,54,57,61,81,82,85,88,92" machi="24" ten="30,7700,0" yaku="1,1,7,1,8,1,54,1,53,0" doraHai="94" doraHaiUra="42" who="1" fromWho="0" sc="169,-83,230,103,224,0,357,0" /><INIT seed="3,0,0,3,0,133" ten="86,333,224,357" oya="3" hai0="88,61,82,54,7,47,0,85,110,90,43,134,107" hai1="127,4,46,106,89,115,131,20,13,75,44,5,96" hai2="74,45,101,95,58,55,31,78,66,16,67,48,28" hai3="35,9,25,71,17,11,56,26,111,119,29,94,84"/><W129/><G71/><T62/><D110/><U122/><E122/><V77/><F74/><W120/><G120/><T109/><D134/><U135/><E75/><V33/><F33/><W57/><G119/><T12/><D0/><U102/><E115/><V128/><F128/><W22/><G111/><T60/><D107/><U14/><E135/><V39/><F39/><W116/><G116/><T30/><D30/><N who="2" m="11306" /><F101/><W49/><G129/><T2/><D2/><U130/><E102/><V24/><F95/><W104/><G104/><T124/><D109/><U103/><E103/><V63/><F66/><W80/><G94/><T69/><D69/><U3/><E3/><V42/><F42/><W123/><G123/><T52/><D90/><U41/><E106/><V72/><F72/><W40/><G56/><T6/><D124/><U8/><E89/><V50/><F50/><W100/><G100/><T32/><D32/><U59/><E41/><V34/><F34/><W15/><G25/><T83/><D83/><U10/><E59/><V76/><F76/><W118/><G118/><T38/><REACH who="0" step="1"/><D12/><REACH who="0" ten="76,333,224,357" step="2"/><U73/><E127/><V97/><F97/><W91/><G35/><T18/><D18/><U51/><E96/><V125/><F125/><W19/><G19/><T1/><D1/><U36/><E130/><V113/><F113/><W112/><G112/><T23/><D23/><AGARI ba="0,1" hai="16,23,24,45,48,55,58,63,67,77,78" m="11306" machi="23" ten="30,2000,0" yaku="8,1,54,1" doraHai="133" who="2" fromWho="0" sc="76,-20,333,0,224,30,357,0" /><INIT seed="4,0,0,5,0,130" ten="56,333,254,357" oya="0" hai0="8,26,113,44,61,83,105,93,86,71,29,104,57" hai1="107,103,6,91,133,95,22,63,47,39,19,118,51" hai2="97,46,131,67,3,27,119,76,10,98,55,5,54" hai3="23,56,24,99,36,72,64,115,11,84,13,77,66"/><T42/><D71/><U92/><E39/><V18/><F131/><W80/><G36/><T41/><D113/><U132/><E118/><V60/><F119/><W69/><G115/><T89/><D8/><U34/><E34/><V114/><F114/><W81/><G69/><T117/><D117/><U43/><E63/><V79/><F18/><W74/><G99/><T101/><D105/><U135/><E91/><V0/><F27/><W125/><G125/><T1/><D1/><U15/><E6/><V75/><F75/><W37/><G37/><T78/><D44/><U85/><E85/><V48/><F3/><W45/><G45/><T2/><D2/><U50/><E50/><V110/><F55/><W124/><G124/><T32/><D104/><U30/><E30/><V73/><F110/><W109/><G56/><T38/><D38/><U31/><E31/><V102/><F73/><W21/><G74/><T106/><D106/><U25/><E25/><V68/><F97/><AGARI ba="0,0" hai="15,19,22,43,47,51,92,95,97,103,107,132,133,135" machi="97" ten="40,8000,1" yaku="20,1,52,3" doraHai="130" who="1" fromWho="2" sc="56,0,333,80,254,-80,357,0" /><INIT seed="5,0,0,1,0,58" ten="56,413,174,357" oya="1" hai0="119,109,101,18,21,25,16,124,13,126,73,35,66" hai1="104,90,68,3,14,63,125,5,57,89,106,114,17" hai2="132,1,23,12,79,108,78,86,134,50,59,48,34" hai3="54,32,30,8,6,95,127,81,122,0,77,103,65"/><U33/><E33/><V69/><F108/><W29/><G122/><T120/><D73/><U28/><E28/><V19/><F69/><W7/><G127/><N who="0" m="48683" /><D101/><U117/><E117/><V88/><F34/><W82/><G32/><T61/><D35/><U56/><E68/><V112/><F1/><W105/><G105/><T100/><D109/><U128/><E125/><V93/><F112/><W129/><G6/><T130/><D100/><U38/><E38/><V92/><F50/><W113/><G129/><T39/><D39/><U64/><E114/><V27/><F92/><W43/><G43/><T49/><D119/><U74/><E74/><V71/><F71/><W111/><G54/><T83/><D49/><U116/><E116/><V135/><F27/><W37/><G37/><T98/><D98/><U41/><E41/><V87/><F87/><W94/><G103/><T102/><D102/><U99/><E128/><V11/><F11/><W2/><G8/><N who="0" m="6183" /><D83/><U72/><E72/><V85/><F85/><W115/><G111/><T20/><D130/><U44/><E99/><V76/><F134/><W123/><G77/><T70/><D21/><U26/><E106/><V91/><F91/><W60/><G123/><AGARI ba="0,0" hai="18,20,25,61,66,70,120,123" m="6183,48683" machi="123" ten="30,3900,0" yaku="18,1,52,1,54,1" doraHai="58" who="0" fromWho="3" sc="56,39,413,0,174,0,357,-39" /><INIT seed="6,0,0,3,4,45" ten="95,413,174,318" oya="2" hai0="21,18,79,118,41,77,37,27,57,90,34,88,87" hai1="81,38,0,10,124,106,115,65,95,113,67,16,5" hai2="99,100,58,89,82,134,125,85,62,86,32,46,114" hai3="31,108,14,33,43,109,102,55,9,35,19,63,101"/><V1/><F32/><W47/><G101/><T52/><D118/><U4/><E106/><V92/><F1/><W75/><G75/><T130/><D130/><U56/><E38/><V119/><F119/><W64/><G55/><T121/><D121/><U74/><E124/><V132/><F125/><W3/><G102/><T30/><D37/><U28/><E4/><V17/><F114/><W49/><G3/><T80/><D41/><U112/><E28/><V71/><F71/><W76/><G76/><T29/><D29/><U72/><E56/><V24/><F86/><W123/><G123/><T129/><D129/><U36/><E36/><V73/><F46/><W51/><G51/><T25/><REACH who="0" step="1"/><D79/><REACH who="0" ten="85,413,174,318" step="2"/><U111/><E113/><V135/><F135/><W7/><G31/><T59/><D59/><U11/><E112/><V54/><F132/><W23/><G108/><T6/><D6/><U44/><E5/><V15/><F134/><W78/><G78/><T20/><D20/><U39/><E39/><V98/><F58/><W103/><G109/><T131/><D131/><U50/><E115/><V107/><F17/><W61/><G35/><T60/><AGARI ba="0,1" hai="18,21,25,27,30,34,52,57,60,77,80,87,88,90" machi="60" ten="20,12000,2" yaku="1,1,0,1,7,1,54,2,53,1" doraHai="45" doraHaiUra="53" who="0" fromWho="0" sc="85,130,413,-30,174,-60,318,-30" /><INIT seed="7,0,0,4,5,86" ten="215,383,114,288" oya="3" hai0="69,113,87,120,21,25,66,74,65,102,67,5,22" hai1="12,51,92,13,128,29,55,1,100,119,9,84,75" hai2="82,115,123,112,77,91,96,127,98,44,109,71,129" hai3="43,27,53,81,23,93,16,94,83,3,122,111,24"/><W56/><G3/><T78/><D74/><U7/><E75/><V60/><F44/><W97/><G122/><T104/><D5/><U14/><E128/><V0/><F0/><W80/><G111/><T125/><D113/><N who="2" m="43594" /><F60/><W4/><G43/><T36/><D36/><U133/><E133/><V118/><F71/><W132/><G132/><T58/><D58/><U126/><E126/><V124/><F109/><W15/><G4/><T61/><D22/><U38/><E38/><V52/><F118/><W50/><REACH who="3" step="1"/><G93/><REACH who="3" ten="215,383,114,278" step="2"/><T70/><D120/><U68/><E92/><N who="2" m="56351" /><F123/><W8/><G8/><T39/><D39/><U28/><E9/><V131/><F98/><W95/><G95/><T54/><D70/><U2/><E68/><V26/><F26/><W48/><G48/><T105/><D25/><U40/><E51/><V18/><F18/><W6/><G6/><T106/><D69/><U49/><E49/><V121/><F52/><W34/><G34/><T72/><D54/><U19/><E19/><V101/><F121/><W62/><G62/><T31/><D61/><U37/><E37/><V20/><F20/><W135/><G135/><T108/><D108/><U46/><E1/><V88/><F124/><W107/><G107/><T57/><D125/><U114/><E114/><V110/><F127/><W79/><G79/><T17/><D21/><U99/><E2/><V30/><F110/><W35/><G35/><T64/><D64/><U134/><E134/><V32/><F77/><W90/><AGARI ba="0,1" hai="15,16,23,24,27,50,53,56,80,81,83,90,94,97" machi="90" ten="30,12000,1" yaku="1,1,0,1,8,1,52,1,54,1,53,0" doraHai="86" doraHaiUra="116" who="3" fromWho="3" sc="215,-40,383,-40,114,-40,278,130" owari="175,-22.0,343,14.0,74,-43.0,408,51.0" /></mjloggm>