<mjloggm ver="2.3"><GO type="169" lobby="0"/><UN n0="%E3%82%AB%E3%83%9C%E3%83%81%E3%83%A3%E3%82%BF%E3%83%8D" n1="%E5%B0%B1%E6%B4%BB%E7%94%9F%40%E5%B7%9D%E6%9D%91%E8%BB%8D%E5%9B%A3" n2="%E5%B0%8F%E7%89%A7%E6%84%9B%E4%BD%B3" n3="%E3%83%A9%E3%82%B9%E5%A4%AA" dan="17,18,16,17" rate="2219.34,2309.07,2102.17,2096.24" sx="M,M,M,M"/><TAIKYOKU oya="0"/><INIT seed="0,0,0,2,4,94" ten="250,250,250,250" oya="0" hai0="58,49,99,129,28,14,95,130,10,92,53,117,85" hai1="24,77,102,76,121,112,96,118,11,8,5,122,93" hai2="110,16,17,115,62,31,33,32,89,68,44,26,13" hai3="78,45,120,41,51,59,19,46,105,9,67,131,64"/><T7/><D117/><U98/><E112/><V126/><F115/><W132/><G132/><T81/><D28/><U34/><E118/><V103/><F32/><W18/><G131/><T54/><D54/><U3/><E11/><V86/><F110/><W25/><G105/><T123/><D123/><U134/><E134/><V87/><F126/><W79/><G120/><T72/><D72/><U43/><E43/><V119/><F119/><W65/><G59/><T91/><REACH who="0" step="1"/><D95/><REACH who="0" ten="240,250,250,250" step="2"/><U29/><E121/><V38/><F31/><W88/><G64/><T52/><D52/><U124/><E122/><V42/><F33/><W100/><G65/><T82/><D82/><U22/><E124/><V135/><F135/><W107/><G67/><T84/><D84/><U113/><E113/><V83/><F87/><W21/><G107/><T70/><D70/><U109/><E109/><V80/><F83/><W111/><G111/><T101/><AGARI ba="0,1" hai="7,10,14,49,53,58,81,85,91,92,99,101,129,130" machi="101" ten="30,6000,0" yaku="1,1,0,1,52,1,53,0" doraHai="94" doraHaiUra="27" who="0" fromWho="0" sc="240,70,250,-20,250,-20,250,-20" /><INIT seed="0,1,0,1,1,121" ten="310,230,230,230" oya="0" hai0="64,22,132,34,85,77,32,131,15,119,128,28,68" hai1="63,47,111,27,1,109,36,76,110,92,61,14,49" hai2="91,57,71,41,31,73,118,17,54,16,125,62,120" hai3="133,104,69,84,42,45,130,37,25,43,97,6,26"/><T127/><D119/><U24/><E1/><V40/><F120/><W59/><G69/><T3/><D3/><U87/><E36/><V96/><F73/><W122/><G122/><T86/><D132/><U2/><E2/><V58/><F71/><W78/><G6/><T53/><D127/><U134/><E134/><V29/><F118/><W114/><G114/><T117/><D117/><U48/><E14/><V112/><F112/><W106/><G130/><N who="0" m="49707" /><D77/><U79/><E92/><N who="2" m="56351" /><F125/><W65/><G43/><N who="2" m="16457" /><F57/><W52/><G65/><T99/><D53/><N who="1" m="29855" /><E49/><V103/><F103/><W21/><G133/><T7/><D99/><U66/><E63/><V23/><F17/><W11/><G97/><T13/><D7/><U90/><E90/><V38/><F38/><W95/><G37/><T8/><D13/><AGARI ba="1,0" hai="13,16,23,29,31,54,58,62" m="16457,56351" machi="13" ten="30,2000,0" yaku="8,1,54,1" doraHai="121" who="2" fromWho="0" sc="310,-23,230,0,230,23,230,0" /><INIT seed="1,0,0,1,5,107" ten="287,230,253,230" oya="1" hai0="119,19,81,99,18,74,14,13,57,97,43,22,83" hai1="117,10,124,78,129,91,110,32,39,85,23,93,77" hai2="104,105,30,127,65,96,61,106,60,46,122,131,56" hai3="1,15,89,76,116,41,52,130,12,25,132,70,113"/><U121/><E32/><V73/><F122/><W24/><G1/><T34/><D34/><U88/><E39/><V102/><F73/><W49/><G113/><T26/><D26/><U17/><E121/><V27/><F127/><W59/><G70/><T125/><D125/><U7/><E124/><V111/><F111/><W9/><G132/><T53/><D43/><U54/><E117/><V0/><F0/><W71/><G71/><T44/><D44/><U108/><E91/><V126/><F126/><W11/><G130/><T36/><D36/><U120/><E129/><V118/><F131/><W95/><G76/><T80/><D74/><U35/><E35/><V58/><F46/><W29/><G41/><T4/><D4/><U115/><E54/><V100/><F102/><W50/><G50/><N who="0" m="30903" /><D119/><U69/><E69/><V37/><F37/><W40/><G40/><T103/><D103/><U90/><E90/><V45/><F45/><W123/><G29/><T8/><AGARI ba="0,0" hai="8,13,14,18,19,22,80,81,83,97,99" m="30903" machi="8" ten="30,1100,0" yaku="8,1" doraHai="107" who="0" fromWho="0" sc="287,11,230,-5,253,-3,230,-3" /><INIT seed="2,0,0,2,0,60" ten="298,225,250,227" oya="2" hai0="47,27,103,16,125,67,34,69,51,91,68,64,90" hai1="12,49,124,101,135,54,53,45,40,111,126,20,0" hai2="66,85,86,8,129,61,81,78,52,127,102,131,122" hai3="121,42,75,106,46,104,80,30,92,44,37,18,11"/><V57/><F122/><W110/><G121/><T88/><D125/><N who="1" m="48235" /><E0/><V77/><F127/><W2/><G110/><T130/><D130/><N who="2" m="49674" /><F102/><W118/><G118/><T5/><D103/><U26/><E101/><V128/><F8/><W132/><G132/><T28/><D5/><U113/><E113/><V6/><F6/><N who="3" m="1495" /><G30/><T76/><D76/><N who="2" m="29290" /><F128/><W3/><G3/><T98/><D98/><U73/><E73/><V13/><F13/><W96/><G18/><T89/><N who="0" m="22528" /><DORA hai="22" /><T120/><D120/><U33/><E111/><V55/><F81/><W36/><G92/><T123/><D123/><U24/><E135/><V84/><AGARI ba="0,0" hai="52,55,57,61,66,84,85,86" m="29290,49674" machi="84" ten="40,7800,0" yaku="19,1,52,1,54,1" doraHai="60,22" who="2" fromWho="2" sc="298,-26,225,-26,250,78,227,-26" /><INIT seed="2,1,0,0,2,101" ten="272,199,328,201" oya="2" hai0="55,35,14,86,8,117,63,62,129,65,107,23,133" hai1="53,2,59,114,113,0,57,29,135,76,25,134,42" hai2="30,126,84,104,97,75,110,54,37,38,3,67,33" hai3="48,99,90,109,77,18,89,92,61,28,46,49,20"/><V22/><F75/><W95/><G77/><T118/><D35/><U9/><E76/><V111/><F126/><W83/><G109/><N who="2" m="41481" /><F3/><N who="1" m="1065" /><E42/><V52/><F33/><W7/><G83/><T94/><D55/><N who="2" m="21034" /><F67/><W68/><G7/><T47/><D65/><U1/><E53/><V112/><F112/><N who="1" m="43113" /><E59/><V56/><F56/><W39/><G28/><T19/><D47/><U40/><E57/><V4/><F4/><W119/><G68/><T69/><D69/><U10/><E40/><V106/><F84/><W43/><G119/><T66/><D86/><U74/><E74/><V6/><F6/><W131/><G61/><T44/><D63/><U93/><E93/><V16/><F30/><W71/><G71/><T41/><D94/><U64/><E64/><V115/><F115/><W13/><REACH who="3" step="1"/><G131/><REACH who="3" ten="272,199,328,191" step="2"/><T60/><D129/><U72/><E72/><V123/><F123/><W12/><G12/><T15/><D62/><U116/><E116/><V102/><F104/><W80/><G80/><T34/><D107/><U50/><E1/><V32/><F32/><W17/><G17/><N who="0" m="8391" /><D34/><N who="1" m="20783" /><E50/><V45/><F45/><W78/><G78/><T124/><D117/><U27/><E27/><AGARI ba="1,1" hai="16,22,27,37,38,97,102,106" m="21034,41481" machi="27" ten="30,12000,1" yaku="14,1,10,1,52,1,54,2" doraHai="101" who="2" fromWho="1" sc="272,0,199,-123,328,133,191,0" /><INIT seed="2,2,0,5,2,85" ten="272,76,461,191" oya="2" hai0="22,98,112,82,57,89,80,119,12,16,31,109,101" hai1="49,116,76,94,62,42,28,63,1,135,35,92,45" hai2="72,47,43,11,27,107,108,55,15,20,53,75,3" hai3="127,123,84,52,117,33,81,105,10,25,73,68,113"/><V36/><F107/><W106/><G123/><T59/><D112/><U71/><E116/><V60/><F3/><W51/><G117/><T70/><D70/><U102/><E1/><V40/><F108/><W38/><G38/><T34/><D119/><U56/><E135/><V0/><F0/><W26/><G127/><T87/><D109/><U79/><E71/><V4/><F43/><W133/><G133/><T37/><D37/><U111/><E111/><V120/><F120/><W90/><G68/><T83/><D34/><U32/><E63/><V88/><F55/><W64/><G64/><T132/><D31/><U126/><E126/><V110/><F110/><W19/><G73/><T69/><D69/><U30/><E35/><V6/><F4/><W50/><G50/><T118/><D118/><U74/><E74/><V129/><F129/><W48/><G48/><T13/><D13/><U95/><E102/><V122/><F122/><W21/><G113/><T14/><D14/><U65/><REACH who="1" step="1"/><E32/><REACH who="1" ten="272,66,461,191" step="2"/><V61/><F60/><W29/><REACH who="3" step="1"/><G10/><REACH who="3" ten="272,66,461,181" step="2"/><T67/><D132/><U114/><E114/><V41/><F72/><W39/><G39/><T58/><D67/><U66/><E66/><V103/><F75/><W93/><G93/><AGARI ba="2,2" hai="12,16,22,57,58,59,80,82,83,87,89,93,98,101" machi="93" ten="40,5200,0" yaku="8,1,52,1,54,1" doraHai="85" who="0" fromWho="3" sc="272,78,66,0,461,0,181,-58" /><INIT seed="3,0,0,2,0,91" ten="350,66,461,123" oya="3" hai0="5,50,73,72,98,135,123,14,58,122,100,11,51" hai1="125,2,127,13,131,95,56,74,38,99,33,114,85" hai2="117,25,4,128,71,61,115,118,121,24,36,107,104" hai3="110,26,83,102,113,35,21,44,134,59,47,133,68"/><W31/><G68/><T93/><D135/><N who="3" m="51721" /><G113/><T103/><D103/><U9/><E38/><V79/><F115/><W7/><G110/><T120/><REACH who="0" step="1"/><D58/><REACH who="0" ten="340,66,461,123" step="2"/><U39/><E56/><V16/><F71/><W90/><G102/><T52/><D52/><U109/><E114/><V87/><F117/><W88/><G59/><T78/><D78/><U18/><E109/><V41/><F79/><W3/><G35/><T45/><D45/><N who="3" m="17481" /><G83/><T106/><D106/><U67/><E33/><V77/><F104/><W132/><G132/><T48/><AGARI ba="0,1" hai="5,11,14,48,50,51,72,73,93,98,100,120,122,123" machi="48" ten="40,5200,0" yaku="1,1,0,1,52,1,53,0" doraHai="91" doraHaiUra="70" who="0" fromWho="0" sc="340,62,66,-13,461,-13,123,-26" /><INIT seed="4,0,0,4,2,30" ten="402,53,448,97" oya="0" hai0="18,107,13,55,109,116,97,70,114,108,90,69,48" hai1="121,41,32,88,66,36,96,56,37,20,117,65,12" hai2="29,47,28,83,2,84,123,39,133,102,80,62,76" hai3="124,1,115,86,6,43,45,54,99,63,106,75,24"/><T17/><D116/><U92/><E121/><V126/><F123/><W130/><G75/><T34/><D114/><U51/><E117/><V104/><F2/><W33/><G115/><T111/><D18/><N who="1" m="10311" /><E32/><V112/><F112/><W21/><G33/><T23/><D34/><U49/><E36/><V40/><F126/><W16/><G124/><T14/><D14/><U95/><E37/><V71/><F133/><W81/><G130/><T134/><D134/><U128/><E128/><V77/><F102/><W8/><G99/><T9/><D23/><U110/><E110/><V129/><F104/><W25/><G106/><T44/><REACH who="0" step="1"/><D90/><REACH who="0" ten="392,53,448,97" step="2"/><N who="1" m="55319" /><E41/><V3/><F129/><W94/><G43/><T73/><D73/><U87/><E51/><V31/><F3/><W38/><G38/><T50/><D50/><U135/><E135/><V22/><F22/><W74/><G74/><T26/><D26/><U89/><E89/><V4/><F4/><W58/><G25/><T82/><D82/><U0/><E0/><V64/><F29/><W93/><G45/><T131/><D131/><U67/><E49/><V57/><F71/><W113/><G113/><T118/><D118/><U27/><E27/><V78/><F77/><AGARI ba="0,1" hai="1,6,8,16,21,24,54,58,63,77,81,86,93,94" machi="77" ten="30,2000,0" yaku="7,1,54,1" doraHai="30" who="3" fromWho="2" sc="392,0,53,0,448,-20,97,30" /><INIT seed="5,0,0,2,3,79" ten="392,53,428,127" oya="1" hai0="64,76,103,92,121,53,47,128,37,40,122,28,24" hai1="130,3,110,62,15,26,6,17,43,49,117,126,67" hai2="98,97,99,80,42,50,106,84,94,5,71,108,75" hai3="83,45,112,13,38,36,115,41,52,66,72,16,132"/><U25/><E117/><V86/><F108/><W124/><G66/><T51/><D128/><U104/><E110/><V32/><F32/><W19/><G132/><T27/><D64/><U48/><E130/><V95/><F71/><W111/><G111/><T73/><D92/><N who="2" m="35370" /><F50/><N who="3" m="28751" /><G124/><T131/><D103/><U77/><E104/><V55/><F55/><W57/><G57/><T101/><D101/><U118/><E118/><V74/><F5/><W105/><G105/><T20/><D27/><U58/><E126/><V33/><F42/><W22/><G19/><T87/><D73/><N who="2" m="27658" /><F33/><W9/><G22/><T30/><D30/><U78/><E6/><V21/><F21/><W46/><G46/><T35/><D35/><U56/><E3/><V29/><F29/><W125/><G41/><T1/><D1/><U93/><E93/><V90/><F84/><W4/><G4/><T102/><D131/><U100/><E100/><AGARI ba="0,0" hai="80,86,90,97,98,99,100,106" m="27658,35370" machi="100" ten="30,12000,2" yaku="35,5,52,1" doraHai="79" who="2" fromWho="1" sc="392,0,53,-120,428,120,127,0" owari="392,19.0,-67,-57.0,548,65.0,127,-27.0" /></mjloggm>