<mjloggm ver="2.3"><GO type="169" lobby="0"/><UN n0="%E3%83%A4%E3%82%B3%E3%83%96%E3%82%B3%E3%83%BC%E3%82%A8%E3%83%B3" n1="%70%70%61%61%6F%6F" n2="%E5%A4%A2%E3%81%AF%E3%83%8B%E3%83%BC%E3%83%88" n3="%E3%82%A6%E3%83%AB%E3%83%88%E3%83%A9%E7%AB%8B%E7%9B%B4" dan="16,17,16,18" rate="2124.04,2172.25,2121.67,2265.22" sx="M,M,M,M"/><TAIKYOKU oya="0"/><INIT seed="0,0,0,4,0,58" ten="250,250,250,250" oya="0" hai0="41,111,30,63,104,132,121,52,18,40,131,10,96" hai1="105,15,89,120,42,91,129,50,55,82,123,106,83" hai2="19,16,73,77,48,26,46,9,57,25,62,134,84" hai3="103,80,33,125,65,119,38,113,22,51,27,37,128"/><T102/><D121/><U98/><E42/><V87/><F73/><W23/><G33/><T6/><D132/><U44/><E129/><V43/><F134/><W67/><G113/><T97/><D131/><U118/><E118/><V68/><F68/><W114/><G103/><T45/><D18/><N who="2" m="6698" /><F9/><W124/><G51/><T81/><D30/><U59/><E15/><V32/><F32/><W79/><G114/><T110/><D97/><U60/><E105/><V74/><F74/><W117/><G80/><T101/><D101/><U17/><E17/><V115/><F115/><W5/><G128/><T85/><D10/><U112/><E112/><V94/><F77/><W86/><G79/><T53/><D6/><U122/><E106/><V14/><F14/><W13/><G13/><T54/><D63/><U29/><E29/><V36/><F36/><W66/><G5/><T95/><D104/><U24/><E24/><N who="2" m="9323" /><F94/><W4/><G27/><T12/><D12/><U56/><E120/><V133/><F133/><W90/><G4/><T7/><D7/><U107/><E122/><V69/><F69/><W71/><G71/><T126/><D126/><N who="3" m="48745" /><G38/><T127/><D127/><U116/><E123/><V8/><F8/><W0/><G37/><T3/><D3/><U21/><E107/><V76/><F76/><W70/><G70/><T78/><D45/><U39/><E44/><V34/><F34/><W47/><G47/><T75/><D75/><U100/><E39/><V135/><F135/><W49/><G0/><T28/><D28/><U72/><E72/><V1/><F1/><W61/><G119/><RYUUKYOKU ba="0,0" sc="250,15,250,-15,250,15,250,-15" hai0="40,41,52,53,54,78,81,85,95,96,102,110,111" hai2="43,46,48,57,62,84,87" /><INIT seed="0,1,0,0,3,78" ten="265,235,265,235" oya="0" hai0="61,134,54,52,106,131,45,132,8,63,13,84,115" hai1="98,100,10,120,68,71,114,67,22,44,89,129,2" hai2="30,96,116,60,125,113,25,29,19,24,49,47,126" hai3="62,91,66,82,123,73,46,83,77,80,87,99,55"/><T90/><D106/><U6/><E120/><V118/><F60/><W72/><G123/><T107/><D107/><U56/><E129/><V32/><F96/><W92/><G73/><T5/><D131/><U39/><E114/><V103/><F103/><W43/><G55/><T94/><D115/><U121/><E121/><V51/><F47/><W34/><G34/><T48/><REACH who="0" step="1"/><D54/><REACH who="0" ten="255,235,265,235" step="2"/><U108/><E67/><V81/><F113/><W0/><G72/><T109/><D109/><U16/><E108/><V85/><F118/><W50/><REACH who="3" step="1"/><G0/><REACH who="3" ten="255,235,265,225" step="2"/><T97/><D97/><U53/><E98/><V88/><F116/><W110/><G110/><T64/><D64/><U112/><E2/><V104/><F104/><W35/><G35/><T26/><D26/><U111/><E112/><V12/><F25/><W20/><G20/><T21/><D21/><U7/><E22/><N who="2" m="11623" /><F30/><W17/><G17/><T65/><D65/><U1/><E16/><V31/><F31/><W42/><G42/><T4/><D4/><U79/><E7/><V27/><F27/><W117/><G117/><T70/><D70/><AGARI ba="1,2" hai="43,46,50,62,66,70,77,80,82,83,87,91,92,99" machi="70" ten="30,12000,2" yaku="1,1,7,1,52,3,53,1" doraHai="78" doraHaiUra="57" who="3" fromWho="0" sc="255,-123,235,0,265,0,225,143" /><INIT seed="1,0,0,5,2,78" ten="132,235,265,368" oya="1" hai0="22,14,96,123,117,128,80,116,69,84,54,40,75" hai1="92,45,43,53,11,125,18,33,97,120,104,31,48" hai2="114,88,20,59,60,89,16,6,124,100,32,90,24" hai3="112,17,57,13,56,102,95,68,4,3,115,51,2"/><U46/><E120/><V39/><F39/><W44/><G68/><T83/><D69/><U28/><E125/><V47/><F32/><W105/><G105/><T73/><D40/><U113/><E104/><V126/><F47/><W121/><G121/><T74/><D54/><U67/><E113/><V71/><F71/><W91/><G102/><T49/><D49/><N who="1" m="26815" /><E67/><V61/><F6/><W77/><G77/><T133/><D128/><U122/><E33/><V70/><F114/><W27/><G2/><T19/><D133/><U130/><E130/><V65/><REACH who="2" step="1"/><F100/><REACH who="2" ten="132,235,255,368" step="2"/><W101/><G101/><T110/><D123/><U93/><E122/><V10/><F10/><W106/><G4/><T79/><D117/><U72/><E11/><V132/><F132/><W103/><G44/><T23/><D116/><U41/><E46/><V7/><F7/><W134/><G134/><T62/><D23/><U38/><E38/><V66/><AGARI ba="0,1" hai="16,20,24,59,60,61,65,66,70,88,89,90,124,126" machi="66" ten="30,7900,0" yaku="1,1,0,1,54,2,53,0" doraHai="78" doraHaiUra="29" who="2" fromWho="2" sc="132,-20,235,-39,255,89,368,-20" /><INIT seed="2,0,0,3,4,76" ten="112,196,344,348" oya="2" hai0="94,78,56,106,75,18,2,55,79,108,61,7,21" hai1="96,92,41,109,120,86,111,72,107,82,67,4,29" hai2="71,110,104,14,122,100,57,127,102,17,51,36,52" hai3="31,20,130,80,1,45,81,32,105,47,112,101,13"/><V123/><F71/><W89/><G105/><T38/><D106/><U134/><E41/><V23/><F36/><W124/><G101/><T37/><D108/><N who="1" m="41547" /><E67/><V98/><F110/><W132/><G32/><T27/><D94/><U42/><E42/><V50/><F127/><W66/><G1/><T16/><D7/><U39/><E39/><V135/><F102/><W11/><G130/><T131/><D2/><U30/><E4/><V46/><REACH who="2" step="1"/><F135/><REACH who="2" ten="112,196,334,348" step="2"/><W5/><G132/><T115/><D38/><U10/><E134/><V59/><F59/><W62/><G124/><T114/><D37/><U24/><E120/><V43/><AGARI ba="0,1" hai="14,17,23,43,46,50,51,52,57,98,100,104,122,123" machi="43" ten="20,12000,1" yaku="1,1,0,1,7,1,54,1,53,1" doraHai="76" doraHaiUra="12" who="2" fromWho="2" sc="112,-40,196,-40,334,130,348,-40" /><INIT seed="2,1,0,4,3,19" ten="72,156,464,308" oya="2" hai0="132,38,20,129,77,123,134,130,33,51,31,52,48" hai1="114,120,93,78,49,113,1,92,102,46,83,34,53" hai2="36,60,94,17,14,103,87,65,76,55,5,75,61" hai3="15,86,104,69,58,115,91,106,13,37,68,59,50"/><V25/><F36/><W23/><G37/><T16/><D38/><U9/><E34/><V101/><F75/><W44/><G115/><T71/><D71/><U112/><E120/><V88/><F76/><W39/><G39/><T42/><D123/><U133/><E133/><N who="0" m="51305" /><D77/><U73/><REACH who="1" step="1"/><E102/><REACH who="1" ten="72,146,464,308" step="2"/><V7/><F103/><W4/><G106/><T3/><D3/><U40/><E40/><V63/><F101/><W82/><G104/><T97/><D33/><U127/><E127/><V47/><F65/><W107/><G107/><T89/><D42/><U12/><E12/><V43/><F25/><W119/><G15/><N who="0" m="9247" /><D31/><U125/><E125/><V116/><F43/><W8/><G13/><T62/><D130/><U32/><E32/><V109/><F116/><W118/><G118/><T41/><D41/><U122/><E122/><V0/><F0/><W28/><G28/><T72/><D72/><U121/><E121/><V74/><F74/><W80/><G119/><T128/><D128/><U54/><E54/><V6/><F109/><W66/><G66/><T95/><D129/><U22/><E22/><N who="2" m="11575" /><F5/><AGARI ba="1,1" hai="1,5,9,46,49,53,73,78,83,92,93,112,113,114" machi="5" ten="40,1300,0" yaku="1,1,53,0" doraHai="19" doraHaiUra="29" who="1" fromWho="2" sc="72,0,146,26,464,-16,308,0" /><INIT seed="3,0,0,4,4,72" ten="72,172,448,308" oya="3" hai0="5,100,13,28,2,95,77,123,112,21,12,85,89" hai1="19,132,96,82,87,76,94,32,97,25,53,99,71" hai2="128,120,124,67,115,17,68,24,49,105,118,23,133" hai3="110,10,22,27,64,135,56,92,62,59,57,43,47"/><W3/><G135/><T65/><D112/><U130/><E132/><V84/><F49/><W113/><G113/><T69/><D123/><U29/><E130/><V35/><F84/><W66/><G110/><T102/><D2/><U20/><E71/><V45/><F17/><W58/><G3/><T54/><D65/><U75/><E53/><V86/><F24/><W116/><G116/><T78/><D69/><U41/><E41/><V98/><F86/><W127/><G127/><T44/><D28/><U73/><REACH who="1" step="1"/><E94/><REACH who="1" ten="72,162,448,308" step="2"/><V26/><F133/><W104/><G92/><T46/><D54/><U103/><E103/><V61/><F68/><W60/><G104/><T134/><D100/><U0/><E0/><V14/><F105/><W50/><REACH who="3" step="1"/><G10/><REACH who="3" ten="72,162,448,298" step="2"/><N who="0" m="4175" /><D134/><U51/><E51/><V81/><F118/><W121/><G121/><T125/><D125/><U8/><E8/><V93/><F120/><W106/><G106/><T39/><D95/><U33/><E33/><V90/><F93/><W63/><G63/><T38/><D21/><U126/><E126/><V9/><F61/><W114/><G114/><T88/><D39/><U6/><E6/><V30/><F23/><W70/><G70/><T4/><D4/><U117/><E117/><V119/><F124/><W34/><G34/><T52/><D38/><U16/><E16/><AGARI ba="0,2" hai="16,22,27,43,47,50,56,57,58,59,60,62,64,66" machi="16" ten="30,18000,2" yaku="1,1,7,1,9,1,8,1,54,1,53,1" doraHai="72" doraHaiUra="37" who="3" fromWho="1" sc="72,0,162,-180,448,0,298,200" owari="72,-33.0,-18,-52.0,448,25.0,498,60.0" /></mjloggm>