<mjloggm ver="2.3"><GO type="169" lobby="0"/><UN n0="%E5%AE%89%E8%97%A4%E6%A4%BF" n1="%E3%82%A6%E3%83%AB%E3%83%88%E3%83%A9%E7%AB%8B%E7%9B%B4" n2="%46%75%6E%54%69%6D%65" n3="%E3%81%97%E3%81%BF%73" dan="16,18,17,17" rate="2162.37,2257.06,2161.89,2193.46" sx="M,M,M,M"/><TAIKYOKU oya="0"/><INIT seed="0,0,0,5,3,92" ten="250,250,250,250" oya="0" hai0="29,5,49,84,77,50,6,119,81,14,80,117,52" hai1="132,53,10,103,3,20,44,30,72,134,38,83,8" hai2="128,90,56,106,37,67,82,16,68,125,127,64,43" hai3="22,55,40,9,108,54,95,31,65,71,36,74,12"/><T96/><D49/><U87/><E72/><V27/><F68/><W25/><G74/><T76/><D29/><U78/><E3/><V70/><F70/><W104/><G104/><T98/><D117/><U121/><E121/><V129/><F106/><W42/><G71/><T61/><D61/><U101/><E20/><N who="2" m="13703" /><F37/><W33/><G65/><N who="2" m="25161" /><F43/><N who="3" m="16427" /><G33/><T57/><D119/><U11/><E30/><V105/><F56/><W59/><G36/><T122/><D122/><U28/><E28/><V109/><F105/><W7/><G108/><T60/><D60/><U62/><E38/><V99/><F109/><W124/><G124/><N who="2" m="47689" /><F82/><W79/><G79/><T47/><D57/><N who="1" m="35119" /><E44/><V51/><F51/><W131/><G59/><T126/><D126/><U85/><E83/><V94/><AGARI ba="0,0" hai="90,94,99,128,129" m="47689,25161,13703" machi="94" ten="40,5200,0" yaku="18,1,52,1,54,1" doraHai="92" who="2" fromWho="2" sc="250,-26,250,-13,250,52,250,-13" /><INIT seed="1,0,0,4,0,51" ten="224,237,302,237" oya="1" hai0="124,109,0,50,44,56,129,126,112,37,72,7,93" hai1="86,45,95,32,6,83,49,120,43,107,121,108,39" hai2="57,135,48,113,4,54,13,22,30,133,80,100,64" hai3="36,105,21,33,62,14,104,89,76,97,90,67,41"/><U68/><E107/><V127/><F127/><W119/><G33/><T61/><D37/><U18/><E108/><V110/><F110/><W2/><G2/><T130/><D109/><U116/><E116/><V94/><F113/><W25/><G76/><T118/><D112/><U74/><E68/><V35/><F35/><W63/><G41/><T42/><D72/><U34/><E74/><V123/><F123/><W47/><G47/><T128/><D118/><U122/><E6/><V82/><F64/><W101/><G36/><T79/><D79/><U117/><E117/><V11/><F133/><W12/><G104/><T98/><D7/><U24/><E95/><V8/><F135/><W91/><G63/><T78/><D78/><U26/><E39/><V99/><REACH who="2" step="1"/><F11/><REACH who="2" ten="224,237,292,237" step="2"/><W88/><N who="3" m="23040" /><DORA hai="53" /><W28/><REACH who="3" step="1"/><G119/><REACH who="3" ten="224,237,292,227" step="2"/><T125/><D126/><U75/><E34/><V23/><F23/><W15/><G15/><T19/><D0/><U38/><E32/><V58/><F58/><AGARI ba="0,2" hai="12,14,21,25,28,58,62,67,97,101,105" m="23040" machi="58" ten="50,8000,1" yaku="1,1,52,1,54,1,53,1" doraHai="51,53" doraHaiUra="55,77" who="3" fromWho="2" sc="224,0,237,0,292,-80,227,100" /><INIT seed="2,0,0,5,4,57" ten="224,237,212,327" oya="2" hai0="43,127,5,3,4,32,96,113,116,17,134,0,117" hai1="73,83,98,124,2,10,91,46,21,34,37,1,66" hai2="23,118,133,88,55,110,95,16,101,114,24,36,120" hai3="109,72,82,6,28,27,128,121,41,31,20,122,108"/><V104/><F118/><W93/><G41/><T74/><D74/><U94/><E34/><V53/><F114/><W38/><G38/><T115/><D96/><U63/><E124/><V52/><F120/><N who="3" m="46187" /><G93/><T67/><D67/><U126/><E126/><V25/><F36/><W85/><G72/><T119/><D43/><U107/><E107/><V51/><F133/><W13/><G85/><T56/><D127/><U65/><E65/><V78/><F110/><N who="3" m="42603" /><G82/><T12/><D56/><U87/><E73/><V48/><F78/><W86/><G86/><T50/><D32/><U123/><E123/><V92/><F104/><W22/><G128/><T131/><D134/><U29/><E46/><V39/><F39/><W40/><G40/><T64/><D64/><U26/><E37/><V49/><F101/><W35/><G31/><T129/><D50/><U8/><E1/><N who="0" m="585" /><D115/><U69/><REACH who="1" step="1"/><E2/><REACH who="1" ten="224,227,212,327" step="2"/><V58/><F58/><W97/><G97/><T125/><D113/><U30/><E30/><V61/><F61/><W81/><G81/><T89/><D125/><U62/><E62/><V70/><F70/><W99/><G99/><T105/><D105/><U76/><AGARI ba="0,1" hai="8,10,21,26,29,63,66,69,76,83,87,91,94,98" machi="76" ten="20,8000,1" yaku="1,1,0,1,7,1,52,1,53,1" doraHai="57" doraHaiUra="90" who="1" fromWho="1" sc="224,-20,227,90,212,-40,327,-20" /><INIT seed="3,0,0,3,5,121" ten="204,317,172,307" oya="3" hai0="132,113,135,133,125,33,11,55,72,107,70,61,59" hai1="86,95,127,56,74,35,42,67,25,54,78,30,73" hai2="40,47,34,43,89,110,15,60,71,8,134,81,103" hai3="105,53,37,13,114,18,85,93,63,48,91,22,66"/><W123/><G37/><T46/><D107/><U108/><E67/><V116/><F116/><W80/><G105/><T57/><D72/><U4/><E42/><V122/><F34/><W21/><G114/><T88/><D33/><U27/><E4/><V112/><F112/><W102/><G123/><T126/><D113/><U111/><E25/><V118/><F118/><W117/><G117/><T68/><D88/><N who="1" m="53655" /><E78/><V100/><F122/><W3/><G3/><T17/><D11/><U0/><E0/><V7/><F134/><W38/><G38/><T106/><D106/><U124/><E73/><V6/><F6/><W130/><G130/><T14/><D17/><U32/><E74/><V31/><F31/><W41/><G41/><T79/><D79/><U23/><E35/><V92/><F81/><W45/><G102/><T36/><D14/><U12/><E12/><V99/><F43/><W77/><G22/><T87/><D87/><U9/><E9/><V65/><REACH who="2" step="1"/><F110/><REACH who="2" ten="204,317,162,307" step="2"/><N who="1" m="42025" /><E32/><V44/><F44/><W1/><G1/><T58/><D36/><AGARI ba="0,1" hai="7,8,15,36,40,47,60,65,71,89,92,99,100,103" machi="36" ten="30,2000,0" yaku="1,1,7,1,53,0" doraHai="121" doraHaiUra="82" who="2" fromWho="0" sc="204,-20,317,0,162,30,307,0" /><INIT seed="4,0,0,0,1,15" ten="184,317,192,307" oya="0" hai0="126,133,105,77,49,36,107,37,81,91,110,38,112" hai1="48,26,108,40,43,93,95,101,6,41,50,12,56" hai2="123,31,28,66,104,90,58,19,10,86,87,92,21" hai3="115,24,118,83,119,53,54,65,79,5,13,61,44"/><T34/><D110/><U94/><E108/><V116/><F123/><W47/><G24/><T85/><D112/><U4/><E101/><V20/><F104/><W35/><G35/><T14/><D126/><U72/><E72/><V135/><F135/><W125/><G5/><N who="1" m="2154" /><E26/><V57/><F116/><W130/><G13/><T32/><D133/><U71/><E71/><V8/><F66/><W29/><G29/><N who="2" m="11337" /><F21/><W63/><G83/><T100/><D49/><U30/><E30/><V113/><F113/><W18/><G79/><T67/><D67/><U89/><E12/><N who="2" m="9319" /><F87/><W60/><G65/><T55/><D55/><N who="1" m="31847" /><E50/><V131/><F131/><W3/><G3/><T16/><D77/><U70/><E70/><V117/><F117/><W99/><G119/><T33/><REACH who="0" step="1"/><D100/><REACH who="0" ten="174,317,192,307" step="2"/><U62/><E62/><V9/><AGARI ba="0,1" hai="8,9,10,57,58,86,90,92" m="9319,11337" machi="9" ten="30,2000,0" yaku="8,1,52,1" doraHai="15" who="2" fromWho="2" sc="174,-10,317,-5,192,30,307,-5" /><INIT seed="5,0,0,3,5,124" ten="164,312,222,302" oya="1" hai0="73,16,98,127,20,22,21,6,19,17,27,113,90" hai1="132,66,76,94,60,58,118,54,70,50,100,11,33" hai2="5,25,114,117,64,131,63,34,108,110,65,41,72" hai3="121,78,93,116,111,32,13,107,0,85,59,125,69"/><U112/><E118/><V37/><F117/><W46/><G116/><T48/><D127/><U83/><E33/><V61/><F72/><W35/><G107/><T129/><D73/><U126/><E126/><V4/><F34/><W104/><G69/><T47/><D113/><U106/><E112/><V128/><F114/><W81/><G104/><T44/><D129/><N who="2" m="49738" /><F25/><W1/><G1/><T52/><D6/><N who="2" m="2666" /><F41/><W84/><G0/><T9/><D9/><U55/><E132/><V56/><F37/><W77/><G32/><T23/><REACH who="0" step="1"/><D47/><REACH who="0" ten="154,312,222,302" step="2"/><U14/><E11/><V24/><F24/><W119/><G125/><T45/><D45/><U39/><E14/><V80/><F80/><W105/><G81/><T28/><D28/><U88/><E83/><V134/><F134/><W12/><G119/><T86/><D86/><U36/><E36/><V115/><F115/><W87/><G85/><T101/><D101/><U67/><E100/><V31/><F31/><W135/><G84/><T99/><D99/><U92/><E39/><V95/><F95/><AGARI ba="0,1" hai="16,17,19,20,21,22,23,27,44,48,52,90,95,98" machi="95" ten="40,8000,1" yaku="1,1,8,1,54,2,53,1" doraHai="124" doraHaiUra="43" who="0" fromWho="2" sc="154,90,312,0,222,-80,302,0" /><INIT seed="6,0,0,0,0,7" ten="244,312,142,302" oya="2" hai0="20,60,134,124,91,12,122,128,112,13,40,22,41" hai1="61,132,94,68,110,70,1,23,69,58,28,90,0" hai2="10,107,48,116,123,73,126,135,25,100,47,93,14" hai3="119,24,29,77,6,111,51,82,57,50,71,86,127"/><V15/><F116/><W16/><G71/><T36/><D122/><U43/><E110/><V37/><F123/><W5/><G119/><T131/><D112/><U53/><E132/><V92/><F37/><W102/><G127/><T66/><D124/><U85/><E43/><V78/><F126/><W9/><G102/><T11/><D134/><U17/><REACH who="1" step="1"/><E28/><REACH who="1" ten="244,302,142,302" step="2"/><V133/><F133/><W72/><G111/><T56/><D41/><U97/><E97/><V87/><F135/><W2/><G29/><T63/><D40/><U118/><E118/><V4/><F73/><W33/><G72/><T106/><D128/><U114/><E114/><V52/><F25/><AGARI ba="0,1" hai="0,1,17,23,25,53,58,61,68,69,70,85,90,94" machi="25" ten="40,1300,0" yaku="1,1,53,0" doraHai="7" doraHaiUra="113" who="1" fromWho="2" sc="244,0,302,23,142,-13,302,0" /><INIT seed="7,0,0,4,4,127" ten="244,325,129,302" oya="3" hai0="134,93,126,15,45,63,95,40,68,120,98,101,6" hai1="2,27,47,76,85,43,18,37,92,46,23,115,65" hai2="62,103,87,60,130,32,29,34,10,116,104,74,135" hai3="75,53,44,133,20,67,90,72,125,51,89,121,105"/><W14/><G105/><T11/><D120/><U111/><E111/><V81/><F116/><W109/><G121/><T39/><D126/><U50/><E2/><V82/><F135/><W41/><G67/><T110/><D110/><U7/><E115/><V22/><F74/><W61/><G125/><T48/><D134/><U124/><E124/><V96/><F82/><W131/><G131/><T99/><D39/><U70/><E7/><V94/><F104/><W118/><G75/><T83/><D83/><U16/><E65/><V113/><F113/><W77/><G72/><T78/><D78/><U114/><BYE who="0" /><E70/><V128/><F10/><W57/><G77/><T54/><D54/><U64/><E64/><V66/><F34/><W24/><G109/><T122/><D122/><U38/><E114/><V26/><F32/><W13/><G133/><T49/><D49/><U73/><E73/><V28/><F28/><N who="3" m="17415" /><G118/><T117/><D117/><U5/><E5/><V59/><REACH who="2" step="1"/><F62/><REACH who="2" ten="244,325,119,302" step="2"/><W88/><AGARI ba="0,1" hai="13,14,41,44,51,53,57,61,88,89,90" m="17415" machi="88" ten="30,3000,0" yaku="8,1,54,1" doraHai="127" who="3" fromWho="3" sc="244,-10,325,-10,119,-10,302,40" owari="234,-17.0,315,12.0,109,-39.0,342,44.0" /></mjloggm>