<mjloggm ver="2.3"><GO type="169" lobby="0"/><UN n0="%E3%82%A6%E3%83%AB%E3%83%88%E3%83%A9%E7%AB%8B%E7%9B%B4" n1="%E7%88%86%E5%BC%BE%E4%BA%94%E9%83%8E%EF%BC%92" n2="%E3%83%97%E3%83%A9%E3%83%81%E3%83%8A%E3%83%A0" n3="%E3%81%BE%E3%81%99%E3%81%8F%E3%81%AF%E3%81%8C%E3%81%97" dan="17,18,18,16" rate="2217.06,2162.23,2178.95,2154.08" sx="M,M,M,M"/><TAIKYOKU oya="0"/><INIT seed="0,0,0,1,3,104" ten="250,250,250,250" oya="0" hai0="101,99,22,17,89,15,65,64,46,112,29,48,106" hai1="72,125,95,80,128,76,18,135,24,57,31,26,91" hai2="131,59,114,21,8,132,53,88,16,42,108,20,60" hai3="122,35,93,37,130,126,47,119,73,66,9,27,74"/><T75/><D112/><U23/><E128/><V115/><F131/><W70/><G119/><T52/><D29/><U55/><E125/><V28/><F108/><W78/><G130/><T105/><D105/><U110/><E110/><V63/><F132/><W87/><G93/><T4/><D4/><U82/><E82/><V50/><F8/><W67/><G87/><T33/><D33/><U134/><E24/><N who="2" m="16391" /><F115/><W13/><G126/><T77/><REACH who="0" step="1"/><D89/><REACH who="0" ten="240,250,250,250" step="2"/><U12/><E31/><V1/><F114/><W44/><G35/><T11/><D11/><U43/><E135/><V45/><F88/><W62/><G9/><T103/><D103/><U3/><E134/><V51/><F1/><W10/><G122/><T61/><D61/><U58/><E3/><V107/><F107/><W96/><G10/><T117/><D117/><U6/><E6/><V100/><F100/><W34/><G62/><T123/><D123/><U0/><E0/><V84/><F63/><W25/><G34/><T56/><D56/><U97/><E57/><V30/><F30/><W83/><G70/><T32/><D32/><U41/><E12/><N who="2" m="9351" /><F60/><AGARI ba="0,1" hai="18,23,26,41,43,55,58,60,72,76,80,91,95,97" machi="60" ten="30,7700,0" yaku="7,1,25,2,52,1" doraHai="104" who="1" fromWho="2" sc="240,0,250,87,250,-77,250,0" /><INIT seed="1,0,0,2,0,19" ten="240,337,173,250" oya="1" hai0="50,95,22,112,54,30,80,53,5,47,7,85,14" hai1="109,82,33,6,61,115,129,124,96,101,62,48,131" hai2="1,18,119,126,39,42,121,72,21,40,135,29,59" hai3="89,74,12,9,27,120,10,57,66,108,94,77,44"/><U117/><E33/><V56/><F1/><W58/><G120/><T102/><D112/><U49/><E117/><V16/><F121/><W81/><G108/><T123/><D123/><U83/><E115/><V37/><F119/><W3/><G3/><T105/><D105/><U15/><E109/><V128/><F72/><W43/><G27/><N who="0" m="16759" /><D14/><U91/><E124/><V68/><F68/><W11/><G66/><T38/><D38/><U84/><E83/><V36/><F128/><N who="1" m="49225" /><E49/><V110/><F110/><W134/><G12/><T8/><D8/><N who="1" m="4503" /><E48/><V133/><F126/><W116/><G134/><N who="2" m="51209" /><F29/><W87/><REACH who="3" step="1"/><G116/><REACH who="3" ten="240,337,173,240" step="2"/><T31/><D31/><U118/><E118/><V13/><F18/><W93/><G93/><AGARI ba="0,1" hai="61,62,82,84,91,93,96,101" m="4503,49225" machi="93" ten="30,1500,0" yaku="19,1" doraHai="19" who="1" fromWho="3" sc="240,0,337,25,173,0,240,-15" /><INIT seed="1,1,0,4,3,9" ten="240,362,173,225" oya="1" hai0="83,94,98,53,1,23,70,44,88,4,131,111,57" hai1="37,0,38,2,62,52,12,104,55,95,112,68,126" hai2="132,50,73,76,84,20,92,59,130,54,48,29,93" hai3="78,71,24,42,41,65,72,19,58,119,100,49,35"/><U110/><E104/><V32/><F32/><W66/><G119/><T34/><D34/><U36/><E112/><V67/><F73/><W81/><G100/><T13/><D70/><U108/><E95/><V21/><F130/><W11/><G35/><T115/><D115/><U60/><E126/><V125/><F132/><W128/><G128/><T46/><D131/><U8/><E68/><V121/><F121/><W30/><G30/><T28/><D1/><U129/><E129/><V113/><F125/><W25/><G71/><T75/><D111/><N who="1" m="42539" /><E60/><V91/><F113/><W51/><G72/><T74/><D75/><U45/><E62/><V96/><F67/><W101/><G101/><T90/><D74/><U105/><E105/><V79/><F48/><W107/><G107/><T39/><D39/><U87/><E87/><V56/><F56/><W26/><G58/><T77/><D57/><U7/><E45/><V27/><REACH who="2" step="1"/><F21/><REACH who="2" ten="240,362,163,225" step="2"/><W109/><G109/><T5/><D23/><U6/><E6/><V31/><F31/><W3/><G66/><T102/><D28/><U133/><E133/><V97/><F97/><W116/><G65/><T127/><D4/><U63/><E63/><V89/><AGARI ba="1,1" hai="20,27,29,50,54,59,76,79,84,89,91,92,93,96" machi="89" ten="20,5200,0" yaku="1,1,0,1,7,1,8,1,53,0" doraHai="9" doraHaiUra="117" who="2" fromWho="2" sc="240,-14,362,-27,163,65,225,-14" /><INIT seed="2,0,0,0,4,129" ten="226,335,228,211" oya="2" hai0="58,114,60,51,95,91,5,25,87,63,46,106,54" hai1="28,80,47,55,22,37,122,34,99,84,43,70,102" hai2="33,98,120,30,57,126,69,53,125,18,1,73,127" hai3="67,32,131,74,29,113,105,81,124,82,133,49,14"/><V27/><F69/><W24/><G105/><T135/><D106/><U45/><E122/><V112/><F73/><W118/><G118/><T117/><D114/><U66/><E47/><V88/><F1/><W78/><G131/><T10/><D117/><U50/><E22/><V119/><F119/><W101/><G101/><T8/><D135/><U31/><E34/><V23/><F112/><W93/><G93/><T97/><D63/><U20/><E20/><V42/><F42/><W104/><G104/><T6/><D25/><U85/><E85/><V96/><F120/><W11/><G124/><T13/><D97/><U7/><E7/><V61/><REACH who="2" step="1"/><F88/><REACH who="2" ten="226,335,218,211" step="2"/><W90/><G90/><T16/><REACH who="0" step="1"/><D10/><REACH who="0" ten="216,335,218,211" step="2"/><U36/><E99/><V44/><F44/><W26/><G11/><T77/><D77/><U110/><E45/><V9/><F9/><W128/><G78/><T89/><D89/><U21/><E102/><V52/><F52/><AGARI ba="0,2" hai="5,6,8,13,16,46,51,52,54,58,60,87,91,95" machi="52" ten="30,12000,2" yaku="1,1,7,1,8,1,54,2,53,2" doraHai="129" doraHaiUra="48" who="0" fromWho="2" sc="216,140,335,0,218,-120,211,0" /><INIT seed="3,0,0,2,3,26" ten="356,335,98,211" oya="3" hai0="18,126,99,72,110,115,111,93,42,118,117,130,69" hai1="135,120,40,105,14,64,21,52,98,101,47,12,55" hai2="128,102,63,38,75,73,91,5,34,17,97,30,80" hai3="121,49,112,92,109,108,45,127,95,94,66,28,132"/><W7/><G112/><T31/><D69/><U24/><E120/><V104/><F38/><W122/><G127/><T114/><D42/><U16/><E64/><V84/><F128/><W124/><G124/><T134/><D18/><U1/><E1/><V0/><F17/><W78/><G132/><T87/><D31/><U43/><E43/><V100/><F100/><W32/><G66/><T13/><D13/><U82/><E82/><V123/><F123/><W59/><G59/><T58/><D58/><U9/><E12/><V129/><F129/><W20/><G32/><T22/><D22/><U125/><E135/><V68/><F5/><W85/><G85/><T96/><D72/><U131/><E131/><V8/><F8/><W83/><G83/><T29/><D130/><U77/><E77/><V106/><F106/><W116/><G78/><T27/><D87/><U70/><E70/><V62/><F62/><W36/><G36/><T2/><D126/><U53/><E125/><V81/><F81/><W56/><G56/><T119/><D134/><U67/><E67/><N who="2" m="41087" /><F0/><W11/><G116/><T39/><D2/><U50/><REACH who="1" step="1"/><E55/><REACH who="1" ten="356,325,98,211" step="2"/><V4/><F4/><AGARI ba="0,1" hai="4,9,14,16,21,24,40,47,50,52,53,98,101,105" machi="4" ten="30,12000,2" yaku="1,1,2,1,7,1,54,2,53,1" doraHai="26" doraHaiUra="41" who="1" fromWho="2" sc="356,0,325,130,98,-120,211,0" owari="356,16.0,455,55.0,-22,-52.0,211,-19.0" /></mjloggm>