<mjloggm ver="2.3"><GO type="169" lobby="0"/><UN n0="%6B%65%6E%6B%65%6E%34%38" n1="%E3%82%A6%E3%83%AB%E3%83%88%E3%83%A9%E7%AB%8B%E7%9B%B4" n2="%E7%94%9F%E8%82%89%E3%81%A7%E3%81%99%E3%82%88" n3="%E5%A6%B9%E3%81%AE%E4%BA%8B%E6%84%9B%E3%81%97%E3%81%A6%E3%81%BE%E3%81%99" dan="16,18,16,17" rate="2077.78,2284.58,2108.20,2125.14" sx="M,M,M,M"/><TAIKYOKU oya="0"/><INIT seed="0,0,0,4,1,128" ten="250,250,250,250" oya="0" hai0="24,57,33,86,100,69,115,36,96,116,80,26,16" hai1="111,7,124,29,60,54,1,5,131,71,40,12,78" hai2="99,63,62,134,92,39,87,121,93,113,75,11,120" hai3="108,105,28,56,118,23,8,117,19,46,98,18,55"/><T45/><D69/><U110/><E1/><V68/><F39/><W49/><G108/><T3/><D3/><U15/><E40/><V25/><F113/><W90/><G28/><T9/><D115/><U13/><E78/><V125/><F125/><W94/><G105/><T22/><D116/><U31/><E54/><V79/><F75/><W126/><G126/><T37/><D9/><U67/><E124/><V76/><F25/><W35/><G35/><T72/><D72/><U66/><E131/><V0/><F0/><W48/><G8/><T106/><D45/><U2/><E2/><V129/><F129/><W4/><G4/><N who="1" m="1610" /><E60/><V38/><F38/><W101/><G101/><T89/><REACH who="0" step="1"/><D57/><REACH who="0" ten="240,250,250,250" step="2"/><U114/><E71/><V130/><F130/><W85/><G118/><T32/><D32/><U95/><E114/><V107/><F68/><W27/><G117/><T58/><D58/><U82/><E111/><V91/><F11/><W61/><G85/><T50/><D50/><N who="3" m="19561" /><G46/><T102/><D102/><U44/><E44/><V112/><F112/><W17/><AGARI ba="0,1" hai="17,18,19,23,27,55,56,61,90,94,98" m="19561" machi="17" ten="30,2000,0" yaku="25,1,8,1" doraHai="128" who="3" fromWho="3" sc="240,-10,250,-5,250,-5,250,30" /><INIT seed="1,0,0,3,4,81" ten="230,245,245,280" oya="1" hai0="94,9,121,37,135,116,103,92,110,74,130,60,114" hai1="132,48,31,56,42,80,24,91,46,49,125,38,0" hai2="128,44,127,8,95,53,29,67,27,73,126,93,108" hai3="102,2,36,25,112,124,122,72,133,113,100,47,71"/><U129/><E129/><V68/><F73/><W99/><G25/><T98/><D37/><U117/><E117/><V61/><F108/><W40/><G99/><T62/><D110/><U16/><E0/><V51/><F8/><W118/><G102/><T43/><D114/><U45/><E125/><N who="2" m="47627" /><F128/><W83/><G100/><T55/><D130/><U106/><E106/><V5/><F5/><W77/><G124/><T63/><D74/><U120/><E132/><V109/><F109/><W58/><G58/><T64/><D135/><U119/><E119/><V97/><F97/><W123/><G118/><T22/><D9/><U4/><E4/><V104/><F104/><W111/><G111/><T34/><D34/><AGARI ba="0,0" hai="27,29,34,44,51,53,61,67,68,93,95" m="47627" machi="34" ten="30,1000,0" yaku="18,1" doraHai="81" who="2" fromWho="0" sc="230,-10,245,0,245,10,280,0" /><INIT seed="2,0,0,4,3,26" ten="220,245,255,280" oya="2" hai0="92,113,111,127,15,118,99,73,120,129,17,68,57" hai1="44,65,29,76,104,5,55,110,88,63,125,91,114" hai2="25,21,43,53,96,72,59,83,45,78,58,75,121" hai3="93,54,3,70,4,115,108,24,27,30,38,49,50"/><V90/><F121/><W8/><G38/><T47/><D68/><U102/><E114/><V109/><F109/><W124/><G70/><T28/><D73/><U131/><E131/><V61/><F58/><W89/><G115/><T134/><D129/><U130/><E130/><V101/><F90/><W67/><G108/><T48/><D111/><U60/><E5/><V126/><F126/><W107/><G124/><T132/><D127/><U64/><E76/><V87/><F21/><W34/><G67/><T2/><D2/><U77/><E77/><V40/><F25/><W22/><G107/><T84/><D120/><U128/><E128/><V18/><F18/><W85/><REACH who="3" step="1"/><G54/><REACH who="3" ten="220,245,255,270" step="2"/><T20/><D113/><U13/><E65/><V6/><F40/><W19/><AGARI ba="0,1" hai="3,4,8,19,22,24,27,30,34,49,50,85,89,93" machi="19" ten="20,8000,1" yaku="1,1,2,1,0,1,7,1,52,1,53,0" doraHai="26" doraHaiUra="94" who="3" fromWho="3" sc="220,-20,245,-20,255,-40,270,90" /><INIT seed="3,0,0,0,1,56" ten="200,225,215,360" oya="3" hai0="31,85,89,80,57,118,124,96,82,33,5,133,91" hai1="21,34,25,11,130,52,63,126,54,59,103,44,62" hai2="55,48,1,20,14,104,95,123,121,78,74,26,112" hai3="65,49,113,60,67,109,106,92,93,100,71,86,13"/><W12/><G113/><T110/><D118/><U132/><E34/><V72/><F104/><W4/><G106/><T46/><D124/><U68/><E130/><V9/><F1/><W23/><G109/><T22/><D133/><U115/><E115/><V79/><F112/><W108/><G108/><T99/><D33/><U77/><E132/><V6/><F95/><W0/><G0/><T45/><D5/><U84/><E126/><V18/><F78/><W28/><G4/><T122/><D122/><N who="2" m="46602" /><F79/><W101/><G49/><T135/><D135/><U129/><E129/><V69/><F69/><W58/><G71/><T40/><D57/><AGARI ba="0,0" hai="6,9,14,18,20,26,48,55,57,72,74" m="46602" machi="57" ten="30,1000,0" yaku="13,1" doraHai="56" who="2" fromWho="0" sc="200,-10,225,0,215,10,360,0" /><INIT seed="4,0,0,1,4,93" ten="190,225,225,360" oya="0" hai0="84,54,124,40,130,0,46,126,94,75,26,91,110" hai1="103,22,32,68,127,34,44,78,28,53,73,38,42" hai2="66,49,24,47,60,90,113,65,70,67,104,31,122" hai3="63,6,86,61,5,125,1,12,88,23,131,20,56"/><T21/><D0/><U25/><E127/><N who="0" m="48681" /><D110/><U112/><E112/><V45/><F122/><W27/><G1/><T41/><D75/><U48/><E73/><V50/><F104/><W58/><G125/><T62/><D130/><U87/><E68/><V96/><F113/><W132/><G131/><T16/><D46/><N who="2" m="17418" /><F90/><W120/><G120/><T81/><D81/><U69/><E87/><V92/><F92/><N who="3" m="54295" /><G132/><T80/><D80/><U107/><E78/><V105/><F105/><W109/><G109/><T123/><D123/><U39/><E39/><V114/><F114/><W52/><G12/><T135/><D135/><U8/><E44/><V79/><F79/><W37/><G37/><T119/><D119/><U77/><E77/><V108/><F108/><W99/><G99/><T43/><D43/><U18/><E42/><V29/><F96/><W59/><G59/><AGARI ba="0,0" hai="16,21,26,40,41,54,59,62,84,91,94" m="48681" machi="59" ten="30,2900,0" yaku="18,1,54,1" doraHai="93" who="0" fromWho="3" sc="190,29,225,0,225,0,360,-29" /><INIT seed="4,1,0,2,5,124" ten="219,225,225,331" oya="0" hai0="34,53,76,86,9,93,60,102,65,23,36,49,120" hai1="133,66,1,111,108,37,92,89,44,69,104,10,58" hai2="38,72,127,16,83,14,84,3,101,13,17,8,94" hai3="105,15,35,79,106,73,22,62,63,61,77,0,40"/><T126/><D34/><U129/><E104/><V28/><F127/><W30/><G0/><T99/><D36/><U26/><E133/><V123/><F123/><W51/><G35/><T130/><D120/><U20/><E69/><V107/><F107/><W109/><G109/><T131/><D126/><U27/><E27/><V7/><F38/><W52/><G40/><T88/><D9/><U85/><E66/><V95/><F72/><W25/><G15/><T29/><D76/><U134/><E58/><V97/><F28/><W67/><G67/><T81/><D49/><U82/><E134/><V91/><F3/><W135/><G135/><T71/><REACH who="0" step="1"/><D53/><REACH who="0" ten="209,225,225,331" step="2"/><U68/><E10/><N who="2" m="6199" /><F7/><W90/><G79/><T75/><D75/><U24/><E37/><V2/><F2/><W18/><G77/><T12/><D12/><U50/><E1/><V45/><F45/><W6/><G73/><T5/><D5/><U11/><E44/><V55/><F55/><W70/><G6/><T56/><D56/><U31/><E108/><V21/><F8/><W116/><G70/><T80/><D80/><U87/><E68/><V128/><F83/><W32/><G32/><T54/><D54/><U59/><E11/><V98/><F14/><W78/><G78/><T103/><D103/><U42/><E111/><V117/><F101/><W64/><G52/><T33/><D33/><U47/><E59/><V132/><F132/><W119/><G51/><T115/><D115/><U118/><E50/><V43/><F21/><W19/><G64/><T114/><D114/><U46/><E20/><V125/><F125/><RYUUKYOKU ba="1,1" sc="209,30,225,-10,225,-10,331,-10" hai0="23,29,60,65,71,81,86,88,93,99,102,130,131" /><INIT seed="4,2,1,5,0,66" ten="239,215,215,321" oya="0" hai0="70,17,134,128,60,114,54,72,107,30,26,82,23" hai1="122,20,105,58,1,6,106,49,77,100,19,44,64" hai2="93,47,43,84,9,46,65,75,27,108,39,71,36" hai3="80,94,51,73,37,48,5,62,132,67,118,55,24"/><T28/><D107/><U123/><E77/><V86/><F108/><W12/><G37/><T33/><D128/><U76/><E76/><V13/><F75/><W131/><G118/><T4/><D134/><U29/><E29/><V88/><F27/><W25/><G131/><T32/><D4/><U7/><E58/><V11/><F84/><W14/><G132/><T50/><D114/><U112/><E64/><V56/><F56/><W87/><G73/><T102/><D102/><U38/><E38/><V79/><F79/><W2/><G2/><T125/><D125/><U85/><E85/><V109/><F109/><W61/><G94/><T127/><D127/><U120/><E112/><V16/><F11/><N who="3" m="4207" /><G14/><T69/><D60/><N who="3" m="23145" /><G67/><T45/><D30/><U111/><E111/><V130/><F130/><W104/><G104/><T95/><D82/><U8/><E7/><V57/><F57/><N who="3" m="32999" /><G51/><T41/><D72/><U42/><REACH who="1" step="1"/><E100/><REACH who="1" ten="239,205,215,321" step="2"/><V110/><F110/><W22/><G22/><T92/><D33/><U83/><E83/><V89/><F65/><W31/><G31/><T40/><D32/><U98/><E98/><V15/><F39/><W116/><G116/><T3/><D28/><U90/><E90/><AGARI ba="2,2" hai="24,25,80,87,90" m="32999,23145,4207" machi="90" ten="30,1000,0" yaku="8,1" doraHai="66" who="3" fromWho="1" sc="239,0,205,-16,215,0,321,36" /><INIT seed="5,0,0,5,1,38" ten="239,189,215,357" oya="1" hai0="46,133,61,135,34,68,81,70,97,39,26,41,127" hai1="21,84,107,51,42,117,71,6,4,65,36,53,1" hai2="118,37,134,123,112,60,62,16,69,25,78,95,73" hai3="32,5,8,79,59,27,128,101,49,33,64,111,20"/><U77/><E107/><V122/><F118/><W23/><G111/><T116/><D116/><U55/><E117/><V44/><F134/><N who="0" m="51210" /><D127/><U75/><E75/><V82/><F112/><W89/><G128/><T131/><D131/><U115/><E115/><V9/><F95/><W94/><G79/><T29/><D81/><N who="1" m="47151" /><E1/><V0/><F25/><W2/><G101/><T13/><D13/><U121/><E121/><V24/><F24/><W103/><G103/><T11/><D11/><U57/><E53/><V108/><F108/><W10/><G10/><T14/><D14/><U80/><E21/><V86/><F86/><W48/><G23/><T15/><D15/><U19/><E19/><V76/><F76/><W30/><G33/><T67/><D97/><U12/><E12/><V40/><F16/><W114/><G32/><T92/><D92/><U7/><E80/><V56/><F56/><AGARI ba="0,0" hai="26,29,34,39,41,46,56,61,67,68,70" m="51210" machi="56" ten="30,2000,0" yaku="20,1,52,1" doraHai="38" who="0" fromWho="2" sc="239,20,189,0,215,-20,357,0" /><INIT seed="6,0,0,3,3,26" ten="259,189,195,357" oya="2" hai0="81,70,56,54,75,37,112,5,110,91,13,109,1" hai1="35,99,96,66,2,71,10,7,131,95,9,122,93" hai2="41,42,120,114,132,88,74,24,40,65,17,129,50" hai3="105,63,115,83,19,8,106,27,51,29,119,44,84"/><V102/><F120/><W124/><G119/><T20/><D70/><U133/><E35/><V82/><F114/><W15/><G63/><T90/><D37/><U117/><E117/><V23/><F129/><W21/><G124/><T98/><D1/><U125/><E133/><V69/><F132/><W108/><G108/><T22/><D112/><U34/><E34/><V104/><F69/><W118/><G118/><T121/><D121/><U103/><E125/><V113/><F113/><W43/><G115/><T38/><D38/><U52/><E131/><V60/><F60/><W73/><G73/><T45/><D75/><U55/><E122/><V77/><F65/><W92/><G92/><T31/><D45/><U30/><E30/><V39/><F39/><W36/><G36/><T116/><D116/><U6/><E66/><V11/><F11/><W89/><AGARI ba="0,0" hai="8,15,19,21,27,29,43,44,51,83,84,89,105,106" machi="89" ten="20,2700,0" yaku="0,1,7,1,52,1" doraHai="26" who="3" fromWho="3" sc="259,-7,189,-7,195,-13,357,27" /><INIT seed="7,0,0,4,2,29" ten="252,182,182,384" oya="3" hai0="65,4,121,88,8,94,106,77,28,34,92,105,18" hai1="57,93,16,62,98,40,130,10,11,96,12,87,83" hai2="127,58,69,81,19,110,3,89,30,71,43,22,44" hai3="14,35,108,101,64,133,26,103,25,109,53,107,31"/><W45/><G133/><T27/><D77/><N who="1" m="46575" /><E130/><V125/><F110/><N who="3" m="42603" /><G64/><T132/><D65/><N who="1" m="39119" /><E40/><V42/><F3/><W50/><G107/><T75/><D121/><U52/><E52/><V47/><F30/><N who="3" m="19927" /><G14/><T79/><D106/><U21/><E96/><V54/><F81/><W24/><G24/><T60/><D27/><U56/><E56/><V126/><F89/><AGARI ba="0,0" hai="10,11,12,16,21,89,93,98" m="39119,46575" machi="89" ten="30,2000,0" yaku="8,1,54,1" doraHai="29" who="1" fromWho="2" sc="252,0,182,20,182,-20,384,0" owari="252,5.0,202,-20.0,162,-34.0,384,49.0" /></mjloggm>