<mjloggm ver="2.3"><GO type="169" lobby="0"/><UN n0="%3D%E8%93%AC%E8%8E%B1%E5%B1%B1%E8%BC%9D%E5%A4%9C%3D" n1="%74%6E%66%73%68%32%30%34" n2="%E4%B8%8A%E6%AE%B5%E9%9D%92%E3%83%86%E3%83%B3" n3="%E3%83%88%E3%83%88%E3%83%AA%E5%85%88%E7%94%9F%31%39%E6%AD%B3" dan="16,18,18,18" rate="2061.02,2204.13,2166.72,2301.57" sx="F,M,M,F"/><TAIKYOKU oya="0"/><INIT seed="0,0,0,2,5,61" ten="250,250,250,250" oya="0" hai0="89,78,31,7,44,22,62,46,60,45,36,104,70" hai1="13,16,67,40,124,108,49,106,134,87,103,29,34" hai2="118,17,98,127,52,100,92,58,94,123,119,12,101" hai3="9,6,135,120,71,43,130,63,35,121,116,2,97"/><T91/><D104/><U95/><E106/><V126/><F123/><W75/><G116/><N who="2" m="44585" /><F94/><W109/><G75/><T93/><D36/><U113/><E113/><V77/><F77/><W125/><G35/><T37/><D37/><U88/><E124/><V21/><F100/><W84/><G125/><T41/><D41/><U79/><E103/><V86/><F86/><W81/><G109/><T132/><D132/><U18/><E134/><V57/><F57/><W83/><G130/><T4/><D78/><U76/><E108/><V80/><F80/><W28/><G28/><T56/><D70/><U48/><E34/><V117/><N who="2" m="44593" /><V26/><DORA hai="131" /><F26/><W11/><G135/><T122/><D122/><U39/><E79/><V3/><F3/><W53/><G83/><T74/><D74/><U72/><E29/><V0/><F0/><W47/><G97/><N who="0" m="57519" /><D91/><U82/><E18/><V112/><F112/><W68/><G120/><T10/><D62/><AGARI ba="0,0" hai="12,17,21,52,58,62,92,98,101,126,127" m="44593" machi="62" ten="40,2600,0" yaku="12,1,54,1" doraHai="61,131" who="2" fromWho="0" sc="250,-26,250,0,250,26,250,0" /><INIT seed="1,0,0,3,1,53" ten="224,250,276,250" oya="1" hai0="4,115,65,48,12,91,69,72,6,19,51,14,70" hai1="98,10,26,11,124,45,92,74,15,133,17,121,130" hai2="62,28,34,0,71,129,9,82,67,123,43,94,97" hai3="131,126,102,103,47,29,88,56,83,125,27,84,2"/><U85/><E121/><V111/><F111/><W63/><G2/><T7/><D72/><U100/><E74/><V104/><F123/><W18/><G18/><T93/><D115/><U32/><E130/><V116/><F116/><W127/><G47/><T95/><D65/><U30/><E124/><V109/><F109/><W16/><G131/><T40/><D40/><U55/><E133/><V89/><F43/><W61/><G61/><T78/><D78/><U128/><E128/><V86/><F129/><W90/><G90/><T105/><D105/><U46/><E85/><V39/><F39/><W33/><REACH who="3" step="1"/><G16/><REACH who="3" ten="224,250,276,240" step="2"/><T75/><D19/><U60/><E10/><V77/><F0/><W118/><G118/><T25/><D91/><U37/><E37/><V68/><F9/><W110/><G110/><T54/><D4/><U49/><E60/><V23/><F71/><W113/><G113/><T35/><D69/><U64/><E64/><AGARI ba="0,1" hai="27,29,33,56,63,64,83,84,88,102,103,125,126,127" machi="64" ten="40,8000,1" yaku="1,1,18,1,52,1,54,1,53,1" doraHai="53" doraHaiUra="76" who="3" fromWho="1" sc="224,0,250,-80,276,0,240,90" /><INIT seed="2,0,0,2,0,116" ten="224,170,276,330" oya="2" hai0="54,49,22,63,76,7,55,15,107,16,24,112,33" hai1="79,30,38,25,72,113,97,127,123,14,108,114,69" hai2="29,11,133,35,115,46,100,23,60,125,5,56,21" hai3="66,58,4,51,78,73,39,48,28,135,91,128,101"/><V65/><F115/><W10/><G39/><T41/><D112/><U6/><E38/><V110/><F125/><W44/><G128/><T75/><D107/><U89/><E69/><V18/><F133/><W87/><G135/><T119/><D119/><U98/><E127/><V80/><F110/><W70/><G70/><T130/><D130/><U71/><E71/><V132/><F132/><W111/><G111/><T117/><D117/><U34/><E108/><V47/><F100/><W131/><G131/><T106/><D106/><U82/><E113/><V0/><F23/><W96/><G28/><T40/><D76/><U62/><E62/><V84/><F29/><W2/><G78/><T67/><D75/><U8/><E114/><V19/><F35/><W12/><G73/><T68/><D55/><U92/><REACH who="1" step="1"/><E123/><REACH who="1" ten="224,160,276,330" step="2"/><V26/><REACH who="2" step="1"/><F19/><REACH who="2" ten="224,160,266,330" step="2"/><N who="3" m="8599" /><G101/><T129/><D129/><U109/><E109/><V88/><AGARI ba="0,2" hai="0,5,11,18,21,26,46,47,56,60,65,80,84,88" machi="88" ten="20,12000,1" yaku="1,1,0,1,7,1,54,1,53,1" doraHai="116" doraHaiUra="1" who="2" fromWho="2" sc="224,-40,160,-40,266,140,330,-40" /><INIT seed="2,1,0,3,3,44" ten="184,120,406,290" oya="2" hai0="125,25,51,11,112,122,127,97,108,110,4,66,123" hai1="106,91,65,5,129,67,132,36,126,101,17,21,58" hai2="12,54,88,131,100,104,119,59,42,56,33,117,81" hai3="102,40,35,26,61,70,10,98,73,37,31,93,111"/><V13/><F33/><W62/><G73/><T43/><D97/><U114/><E114/><V14/><F42/><W23/><G70/><T74/><D74/><U39/><E126/><N who="0" m="48137" /><D66/><U6/><E129/><V9/><F131/><W52/><G111/><N who="0" m="42539" /><D112/><U64/><E132/><V124/><F124/><W50/><G35/><T48/><D25/><U87/><E101/><V82/><F59/><N who="3" m="33175" /><G37/><T57/><D57/><U32/><E32/><V15/><F100/><W134/><G134/><T19/><D19/><U24/><E106/><V135/><F104/><W115/><G115/><T90/><D90/><U92/><E58/><V55/><F135/><W86/><G86/><T89/><D89/><U34/><E34/><V94/><F117/><W69/><G69/><T75/><D75/><U83/><E39/><V103/><F103/><W30/><G40/><T2/><D43/><U53/><E36/><V130/><F119/><W95/><G95/><T63/><D63/><U3/><E53/><N who="2" m="19979" /><F56/><W84/><G84/><T28/><D28/><U85/><REACH who="1" step="1"/><E3/><REACH who="1" ten="184,110,406,290" step="2"/><V60/><F130/><W78/><G61/><T22/><D22/><U45/><E45/><V18/><F60/><W121/><G62/><T118/><D118/><U41/><E41/><V20/><F20/><W133/><G133/><T120/><AGARI ba="1,1" hai="2,4,11,48,51,120,122,123" m="42539,48137" machi="120" ten="40,8000,1" yaku="18,1,14,1,52,2" doraHai="44" who="0" fromWho="0" sc="184,93,110,-21,406,-41,290,-21" /><INIT seed="3,0,0,5,2,48" ten="277,89,365,269" oya="3" hai0="44,10,83,0,106,116,54,7,68,63,87,117,19" hai1="47,82,94,14,55,35,125,105,5,66,76,12,100" hai2="58,16,1,61,86,49,37,75,50,133,118,45,64" hai3="4,72,56,104,121,26,24,99,46,67,23,132,41"/><W38/><G121/><T9/><D106/><U11/><E35/><V110/><F110/><W29/><G72/><T2/><D68/><U65/><E105/><V71/><F75/><W115/><G115/><T52/><D63/><U112/><E112/><V8/><F118/><W109/><G132/><T73/><D73/><U130/><E130/><V126/><F126/><W131/><G131/><T123/><D123/><U134/><E134/><V13/><F133/><W25/><G109/><T22/><D44/><U17/><E125/><V97/><F1/><W108/><G108/><T74/><D74/><U91/><E100/><V107/><F71/><W88/><G4/><T129/><D129/><U124/><E82/><V32/><F32/><W96/><G67/><T89/><D117/><U84/><E76/><V51/><F37/><W31/><G56/><T59/><D59/><U34/><E34/><V128/><F128/><W42/><G42/><T85/><D85/><U77/><E77/><V90/><F97/><W18/><G99/><T80/><D80/><U39/><E39/><V6/><F107/><W30/><REACH who="3" step="1"/><G104/><REACH who="3" ten="277,89,365,259" step="2"/><T113/><D113/><U78/><E124/><V102/><F6/><W53/><G53/><T122/><D122/><U101/><E66/><V27/><F64/><W21/><G21/><T111/><D111/><U79/><E65/><V120/><F58/><W60/><G60/><T92/><D7/><U28/><E55/><V20/><F61/><W15/><G15/><T36/><D54/><U135/><E135/><V3/><F120/><W33/><G33/><T127/><D127/><RYUUKYOKU ba="0,1" sc="277,-10,89,-10,365,-10,259,30" hai3="18,23,24,25,26,29,30,31,38,41,46,88,96" /><INIT seed="3,1,1,0,2,7" ten="267,79,355,289" oya="3" hai0="39,15,90,122,8,43,11,1,125,135,74,113,23" hai1="129,10,54,102,114,35,14,89,18,72,82,38,33" hai2="109,0,91,118,16,104,70,65,93,48,12,24,77" hai3="110,126,46,127,85,101,32,51,67,98,124,132,79"/><W22/><G32/><T97/><D74/><U6/><E114/><V71/><F109/><W63/><G110/><T60/><D122/><U26/><E129/><V106/><F0/><W28/><G132/><T25/><D113/><U78/><E38/><V61/><F118/><W41/><G79/><T59/><D39/><U64/><E64/><V92/><F71/><W29/><G85/><T120/><D43/><U99/><E89/><V17/><F92/><N who="3" m="58567" /><G22/><T49/><D120/><U75/><E54/><V111/><F77/><W56/><AGARI ba="1,1" hai="28,29,41,46,51,56,63,67,124,126,127" m="58567" machi="56" ten="30,1500,0" yaku="18,1" doraHai="7" who="3" fromWho="3" sc="267,-6,79,-6,355,-6,289,28" /><INIT seed="3,2,0,5,0,122" ten="261,73,349,317" oya="3" hai0="60,109,85,97,2,4,26,37,54,118,75,45,119" hai1="74,92,131,49,111,52,99,133,84,16,24,14,77" hai2="106,79,18,57,30,125,70,128,40,9,22,105,94" hai3="110,127,5,91,72,31,113,29,121,23,95,8,15"/><W112/><G121/><T65/><D75/><U135/><E74/><V58/><F70/><W32/><G72/><T48/><D26/><U126/><E126/><V71/><F71/><W82/><G82/><T11/><D37/><U69/><E69/><V12/><F128/><W87/><G127/><T10/><D10/><U3/><E3/><V41/><F79/><W96/><G32/><T83/><D97/><U56/><E131/><V6/><F30/><W43/><G43/><T89/><D109/><U50/><E24/><V90/><F105/><W88/><G110/><T114/><D114/><U61/><E111/><V132/><F106/><W47/><G47/><T104/><D104/><U20/><E133/><V7/><F7/><W59/><G23/><T93/><D83/><N who="1" m="47215" /><E135/><V25/><F132/><W1/><G1/><T46/><D46/><U66/><E66/><V35/><F35/><W123/><G123/><T76/><D76/><U102/><AGARI ba="2,0" hai="14,16,20,49,50,52,56,61,92,99,102" m="47215" machi="102" ten="30,4000,0" yaku="8,1,54,2" doraHai="122" who="1" fromWho="1" sc="261,-12,73,46,349,-12,317,-22" /><INIT seed="4,0,0,5,4,113" ten="249,119,337,295" oya="0" hai0="75,34,73,54,107,118,94,116,87,22,9,98,105" hai1="33,85,103,79,46,3,59,12,49,65,42,51,17" hai2="90,123,96,108,89,101,0,76,40,28,21,84,27" hai3="43,68,74,38,13,83,124,5,92,66,86,100,6"/><T56/><D34/><U1/><E33/><V67/><F108/><W106/><G106/><T69/><D69/><U50/><E103/><V35/><F0/><W112/><G112/><T19/><D9/><U39/><E65/><V16/><F123/><W70/><G74/><T31/><D31/><U126/><E126/><V7/><F7/><W24/><G124/><T95/><D87/><U64/><E79/><V55/><F40/><W8/><G6/><T58/><D54/><U131/><E85/><V119/><F119/><W45/><G66/><T99/><REACH who="0" step="1"/><D19/><REACH who="0" ten="239,119,337,295" step="2"/><U102/><E17/><V88/><F55/><W36/><G68/><T121/><D121/><U129/><E64/><V30/><F67/><W37/><G70/><T77/><D77/><U57/><E129/><V132/><F30/><W110/><G86/><T32/><D32/><U15/><E131/><V120/><F120/><W128/><G128/><T91/><D91/><U97/><E1/><V133/><F76/><W130/><G130/><T78/><D78/><U26/><E3/><V62/><F84/><W41/><G83/><T11/><D11/><U4/><E4/><V29/><F29/><W44/><G5/><T2/><D2/><U10/><E10/><V25/><F35/><W134/><G8/><T61/><D61/><U109/><E109/><V23/><F62/><W127/><G110/><T63/><D63/><U20/><E102/><V48/><F28/><W72/><G100/><T53/><D53/><U122/><E122/><V14/><F101/><W47/><G127/><T60/><D60/><U93/><E97/><RYUUKYOKU ba="0,1" sc="239,30,119,-10,337,-10,295,-10" hai0="22,56,58,73,75,94,95,98,99,105,107,116,118" /><INIT seed="4,1,1,4,3,133" ten="269,109,327,285" oya="0" hai0="39,96,54,106,12,9,121,83,34,8,15,49,16" hai1="35,18,63,2,67,69,44,89,81,129,78,0,119" hai2="130,31,125,70,88,20,14,38,42,27,71,77,10" hai3="92,58,123,57,65,25,36,53,30,60,45,17,43"/><T97/><D39/><U87/><E119/><V82/><F130/><W86/><G123/><T109/><D121/><U120/><E120/><V108/><F108/><W75/><G75/><T66/><D34/><U74/><E129/><V118/><F118/><W100/><G17/><T1/><D1/><U124/><E35/><V41/><F88/><W111/><G111/><T114/><D114/><U50/><E18/><V48/><F38/><W103/><G86/><T99/><D109/><U80/><REACH who="1" step="1"/><E124/><REACH who="1" ten="269,99,327,285" step="2"/><V13/><F125/><W128/><G128/><T132/><D132/><U28/><E28/><V61/><F31/><W7/><G7/><T29/><D29/><U135/><E135/><V94/><F70/><W127/><G127/><T72/><D72/><U56/><E56/><V26/><F71/><W32/><G58/><T90/><D106/><U3/><E3/><V84/><F26/><W24/><G24/><T4/><D66/><U107/><E107/><V19/><F27/><W93/><G65/><T79/><D12/><U73/><E73/><V91/><F14/><W40/><G25/><T11/><D16/><U122/><E122/><V110/><F110/><W112/><G30/><T33/><D33/><U117/><E117/><V22/><F13/><W62/><G32/><T51/><D15/><U116/><E116/><V55/><F19/><W52/><G57/><T23/><D4/><U115/><E115/><V59/><F59/><W76/><G112/><T85/><D23/><U126/><E126/><V101/><F22/><W113/><G113/><T134/><D134/><U105/><E105/><RYUUKYOKU ba="1,2" sc="269,-10,99,30,327,-10,285,-10" hai1="0,2,44,50,63,67,69,74,78,80,81,87,89" /><INIT seed="5,2,2,1,3,89" ten="259,129,317,275" oya="1" hai0="86,11,69,14,124,117,73,20,85,108,56,0,48" hai1="36,114,1,90,82,34,133,41,91,81,53,121,111" hai2="59,131,95,84,134,19,71,88,58,60,79,96,3" hai3="98,113,68,116,31,15,122,74,43,42,13,104,65"/><U10/><E121/><V12/><F3/><W103/><G122/><T97/><D117/><U72/><E34/><V67/><F131/><W62/><G74/><T17/><D73/><U75/><E111/><V8/><F134/><W33/><G116/><T4/><D108/><U22/><E133/><V118/><F118/><W123/><G113/><T7/><D69/><U76/><E114/><V112/><F112/><W6/><G123/><T87/><D124/><U78/><E22/><V2/><F2/><W80/><G80/><T18/><D0/><U94/><E53/><V40/><F40/><N who="3" m="15403" /><G6/><T63/><D48/><U49/><E49/><V28/><F28/><W45/><G45/><T32/><D32/><U77/><E78/><V135/><F135/><W23/><G23/><T119/><D119/><U35/><E35/><V127/><F127/><W99/><G98/><T24/><REACH who="0" step="1"/><D97/><REACH who="0" ten="249,129,317,275" step="2"/><U54/><E36/><V83/><AGARI ba="2,3" hai="8,12,19,58,59,60,67,71,79,83,84,88,95,96" machi="83" ten="30,4000,0" yaku="0,1,52,1,54,1" doraHai="89" who="2" fromWho="2" sc="249,-12,129,-22,317,76,275,-12" /><INIT seed="6,0,0,3,0,98" ten="237,107,393,263" oya="2" hai0="54,104,62,127,51,105,120,8,85,43,75,27,100" hai1="53,131,15,72,40,94,9,47,107,110,126,78,115" hai2="35,106,23,117,90,34,89,79,73,4,116,38,133" hai3="55,80,16,66,63,11,65,17,82,103,30,50,118"/><V69/><F38/><W112/><G118/><T121/><D75/><U39/><E110/><V111/><F69/><W113/><G30/><T0/><D43/><U59/><E107/><V81/><F4/><W109/><G109/><T7/><D127/><U123/><E126/><V49/><F111/><W130/><G130/><T91/><D62/><U37/><E37/><V31/><F133/><W10/><G63/><T92/><D27/><U114/><E131/><V128/><F128/><W125/><G125/><T86/><D86/><U60/><E123/><V32/><F106/><W132/><G50/><T14/><D0/><U96/><E78/><V44/><F31/><W84/><G55/><T68/><D68/><U108/><E72/><V122/><F23/><W93/><G84/><T74/><D74/><U95/><E108/><V18/><F18/><W83/><G132/><T99/><REACH who="0" step="1"/><D105/><REACH who="0" ten="227,107,393,263" step="2"/><U102/><REACH who="1" step="1"/><E95/><REACH who="1" ten="227,97,393,263" step="2"/><V2/><F73/><W28/><G93/><T26/><D26/><U46/><E46/><AGARI ba="0,2" hai="7,8,14,46,51,54,85,91,92,99,100,104,120,121" machi="46" ten="30,3900,0" yaku="1,1,7,1,52,1,53,0" doraHai="98" doraHaiUra="61" who="0" fromWho="1" sc="227,59,97,-39,393,0,263,0" /><INIT seed="7,0,0,5,0,9" ten="286,58,393,263" oya="3" hai0="8,21,76,91,45,122,96,60,104,74,2,64,66" hai1="0,24,6,58,135,41,133,85,88,124,80,71,132" hai2="7,78,4,26,25,51,75,18,121,67,42,126,14" hai3="16,95,127,63,27,38,112,125,77,48,69,55,3"/><W49/><G3/><T46/><D122/><U131/><E71/><V128/><F128/><W20/><G38/><T39/><D21/><U116/><E41/><V84/><F75/><W107/><G107/><T100/><D91/><U99/><E58/><V44/><F67/><W59/><G112/><T97/><D97/><U29/><E0/><V115/><F126/><N who="3" m="48139" /><G69/><T43/><D46/><U114/><E6/><N who="2" m="2091" /><F115/><W70/><G70/><T33/><D33/><U73/><E124/><V108/><F108/><W40/><G40/><T17/><D60/><U82/><E114/><V56/><F56/><W94/><G77/><T87/><D87/><U37/><E37/><V35/><F35/><W1/><G1/><T81/><D17/><U79/><E24/><V130/><F130/><W62/><G62/><T118/><D118/><U47/><E29/><V101/><F101/><W34/><G34/><T119/><D119/><U117/><E47/><V30/><F30/><W105/><G105/><T106/><D106/><U109/><E131/><V57/><F57/><N who="3" m="32999" /><G49/><T50/><D50/><U123/><E109/><V68/><F121/><W23/><G23/><T36/><D36/><U72/><E123/><V61/><F61/><W54/><AGARI ba="0,0" hai="16,20,27,54,59,63,94,95" m="32999,48139" machi="54" ten="30,3000,0" yaku="18,1,54,1" doraHai="9" who="3" fromWho="3" sc="286,-10,58,-10,393,-10,263,30" /><INIT seed="7,1,0,4,0,72" ten="276,48,383,293" oya="3" hai0="78,129,30,52,54,86,39,75,12,15,130,18,2" hai1="82,110,55,68,65,89,128,99,27,3,20,111,0" hai2="133,21,42,91,93,56,58,117,120,64,9,41,135" hai3="79,46,126,74,6,94,87,32,53,31,112,67,102"/><W77/><G74/><T19/><D39/><U103/><E55/><V7/><F117/><W4/><G32/><T123/><D123/><U37/><E20/><V90/><F21/><W85/><G112/><T100/><D2/><U69/><E89/><V10/><F120/><W8/><G126/><T108/><D108/><U92/><E92/><V96/><F90/><N who="3" m="53583" /><G67/><T59/><D75/><U104/><E69/><V60/><F56/><W14/><G31/><T34/><D100/><U61/><E128/><N who="0" m="49257" /><D34/><U105/><E105/><V127/><F10/><W50/><G102/><T109/><D109/><U63/><E63/><V48/><F127/><W35/><G35/><T132/><D132/><N who="2" m="50762" /><F48/><W76/><G87/><T101/><D101/><U70/><E70/><V66/><F66/><W84/><G84/><T33/><D33/><U107/><E107/><V40/><F40/><W124/><G124/><T26/><D26/><U122/><E27/><V134/><F134/><W131/><G131/><T119/><D119/><U25/><E25/><V5/><F5/><AGARI ba="1,0" hai="4,5,6,8,14,46,50,53,76,77,79" m="53583" machi="5" ten="30,11600,0" yaku="8,1,52,3" doraHai="72" who="3" fromWho="2" sc="276,0,48,0,383,-119,293,119" owari="276,8.0,48,-45.0,264,-14.0,412,51.0" /></mjloggm>