<mjloggm ver="2.3"><GO type="169" lobby="0"/><UN n0="%E3%83%8F%E3%83%8D%E3%83%A0%E3%83%BC%E3%83%B3%E2%98%85%E6%B2%B3%E7%AB%A5" n1="%E3%83%88%E3%83%88%E3%83%AA%E5%85%88%E7%94%9F%31%39%E6%AD%B3" n2="%5A%75%74%74%61%6B%61" n3="%E5%B0%B1%E6%B4%BB%E7%94%9F%40%E5%B7%9D%E6%9D%91%E8%BB%8D%E5%9B%A3" dan="16,17,17,18" rate="2156.58,2226.36,2191.90,2282.58" sx="M,F,M,M"/><TAIKYOKU oya="0"/><INIT seed="0,0,0,5,3,25" ten="250,250,250,250" oya="0" hai0="84,135,7,117,93,27,79,10,72,108,128,102,61" hai1="127,54,132,30,80,125,68,133,50,64,5,129,113" hai2="43,96,124,55,44,81,22,23,48,100,109,82,121" hai3="8,1,76,66,106,131,95,31,112,4,111,35,19"/><T53/><D117/><U28/><E5/><V71/><F109/><W73/><G106/><T123/><D123/><U36/><E36/><V87/><F124/><N who="1" m="47689" /><E113/><V98/><F71/><W37/><G66/><T115/><D115/><U92/><E80/><V16/><F121/><W103/><G103/><T77/><D72/><U34/><E34/><V75/><F23/><W47/><G95/><T24/><D128/><U74/><E74/><V62/><F75/><W67/><G67/><T49/><D61/><N who="1" m="39951" /><E92/><V65/><F43/><W26/><G112/><T130/><D93/><U2/><E2/><V91/><F82/><N who="3" m="45327" /><G111/><T116/><D79/><U45/><E129/><V29/><F100/><W58/><G58/><T118/><D102/><U85/><E85/><V78/><F78/><W107/><G19/><T40/><D40/><U122/><E122/><V114/><F16/><W86/><G86/><T88/><D77/><U42/><E42/><V46/><F46/><W3/><G107/><T60/><D108/><U89/><E89/><V33/><F114/><W39/><G131/><T15/><D130/><U12/><E12/><V18/><F65/><W13/><G47/><T119/><D119/><U51/><E51/><V14/><REACH who="2" step="1"/><F62/><REACH who="2" ten="250,250,240,250" step="2"/><W99/><G37/><T120/><D120/><U134/><AGARI ba="0,1" hai="28,30,45,50,54,132,133,134" m="39951,47689" machi="134" ten="40,8000,1" yaku="20,1,18,1,52,2" doraHai="25" who="1" fromWho="1" sc="250,-40,250,90,240,-20,250,-20" /><INIT seed="1,0,0,4,1,130" ten="210,340,220,230" oya="1" hai0="46,28,119,115,99,58,109,67,63,70,134,27,12" hai1="85,15,133,114,36,86,19,128,34,55,117,41,53" hai2="71,51,57,2,47,62,23,105,82,91,1,76,112" hai3="81,94,0,49,43,42,56,110,30,33,18,90,72"/><U92/><E114/><V17/><F71/><W9/><G110/><T10/><D115/><U38/><E117/><V65/><F105/><W84/><G33/><T8/><D119/><U116/><E116/><V79/><F112/><W54/><G30/><T14/><D109/><U96/><E34/><V101/><F101/><W97/><G72/><T104/><D46/><U50/><E38/><V5/><F91/><W123/><G123/><T89/><D58/><U6/><E6/><V44/><F44/><W131/><G131/><T77/><D77/><U135/><E41/><V125/><F125/><W66/><G66/><T102/><D134/><N who="1" m="51211" /><E36/><V132/><F79/><W78/><G0/><T129/><D129/><U3/><E3/><V26/><F5/><W13/><AGARI ba="0,0" hai="9,13,18,42,43,49,54,56,78,81,84,90,94,97" machi="13" ten="30,2000,0" yaku="0,1,8,1" doraHai="130" who="3" fromWho="3" sc="210,-5,340,-10,220,-5,230,20" /><INIT seed="2,0,0,4,4,28" ten="205,330,215,250" oya="2" hai0="60,53,31,117,98,77,110,97,36,10,123,27,109" hai1="116,5,35,87,89,101,51,17,48,99,2,16,81" hai2="29,25,130,42,66,9,127,54,61,58,41,131,82" hai3="67,73,33,18,88,50,39,78,59,56,14,47,3"/><V92/><F127/><W49/><G3/><T118/><D36/><U34/><E116/><N who="0" m="44649" /><D123/><U63/><E63/><V115/><F115/><W21/><G33/><N who="0" m="20735" /><D77/><U105/><E5/><V0/><F0/><W113/><G113/><T30/><D10/><U121/><E2/><V104/><F104/><W95/><G39/><T134/><D134/><U69/><E69/><V128/><F9/><W62/><G78/><T102/><D30/><U84/><E121/><V114/><F114/><W120/><G73/><T80/><D80/><U122/><E122/><V108/><F82/><W119/><G119/><T1/><D1/><U75/><E87/><V19/><F19/><W7/><G7/><T133/><D133/><U86/><E86/><V135/><F135/><W100/><G100/><T12/><D12/><U57/><E75/><V68/><F92/><W20/><G20/><T13/><D13/><U11/><E16/><V4/><F4/><W107/><G107/><N who="0" m="63959" /><D97/><U111/><E51/><N who="2" m="31071" /><F108/><W8/><G8/><T125/><D125/><U38/><E111/><V94/><F94/><W96/><G120/><T132/><D132/><U85/><E85/><V37/><F37/><W83/><G83/><T126/><D126/><U52/><REACH who="1" step="1"/><E38/><REACH who="1" ten="205,320,215,250" step="2"/><V40/><F29/><W26/><G50/><T55/><D60/><U103/><E103/><V74/><F74/><W44/><G14/><AGARI ba="0,1" hai="11,14,17,34,35,48,52,57,81,84,89,99,101,105" machi="14" ten="40,8000,1" yaku="1,1,52,2,54,1,53,1" doraHai="28" doraHaiUra="45" who="1" fromWho="3" sc="205,0,320,90,215,0,250,-80" /><INIT seed="3,0,0,4,4,103" ten="205,410,215,170" oya="3" hai0="100,84,102,86,16,63,121,56,128,32,8,89,126" hai1="95,37,40,41,39,38,109,115,18,87,107,47,2" hai2="5,57,132,131,14,36,134,46,3,33,64,0,25" hai3="59,114,51,90,69,35,129,7,81,99,19,113,44"/><W70/><G35/><T108/><D32/><U42/><E2/><V15/><F36/><W17/><G129/><T1/><D121/><U49/><E107/><V133/><F46/><W30/><G30/><T82/><D128/><U79/><E18/><V119/><F64/><W21/><G7/><T50/><D108/><U66/><E79/><V20/><F57/><W31/><G31/><T83/><D126/><U93/><E87/><V52/><F52/><W122/><G122/><T74/><D74/><U98/><E98/><V61/><F61/><W76/><G59/><T28/><D28/><U88/><E95/><V130/><F33/><W118/><G118/><T10/><D50/><U127/><E93/><V111/><F111/><W97/><G76/><T71/><D71/><U124/><E109/><V12/><F119/><W26/><G81/><T75/><D75/><U73/><E88/><V123/><F123/><W105/><G90/><N who="0" m="51487" /><D1/><N who="2" m="586" /><F5/><W67/><G19/><AGARI ba="0,0" hai="12,14,15,19,20,25,130,131,132,133,134" m="586" machi="19" ten="40,5200,0" yaku="20,1,34,2" doraHai="103" who="2" fromWho="3" sc="205,0,410,0,215,52,170,-52" /><INIT seed="4,0,0,4,1,13" ten="205,410,267,118" oya="0" hai0="61,48,128,38,33,112,129,47,18,11,0,49,2" hai1="66,59,22,121,31,78,43,41,92,98,73,28,4" hai2="8,109,110,99,58,88,89,50,123,53,54,94,72" hai3="30,114,80,74,32,35,76,63,12,60,29,84,117"/><T77/><D33/><U122/><E73/><V106/><F123/><W44/><G117/><T100/><D112/><U42/><E121/><V19/><F72/><W75/><G114/><T17/><D100/><U27/><E122/><V25/><F106/><W111/><G111/><T127/><D77/><U86/><E4/><V103/><F110/><W26/><G44/><T93/><D93/><U105/><E105/><V6/><F109/><W120/><G120/><T24/><D127/><U65/><E31/><V52/><F54/><W16/><G75/><T119/><D119/><U126/><E126/><V34/><F34/><W45/><G74/><T107/><D107/><U81/><E59/><V101/><F89/><AGARI ba="0,0" hai="22,27,28,41,42,43,65,66,78,81,86,89,92,98" machi="89" ten="40,1300,0" yaku="8,1" doraHai="13" who="1" fromWho="2" sc="205,0,410,13,267,-13,118,0" /><INIT seed="5,0,0,3,1,112" ten="205,423,254,118" oya="1" hai0="129,42,89,41,27,95,76,135,128,9,59,125,97" hai1="53,124,30,28,63,90,70,47,8,117,80,118,35" hai2="1,13,77,34,106,116,93,2,92,6,33,7,50" hai3="82,31,66,91,36,68,71,32,57,110,46,96,103"/><U104/><E8/><V67/><F106/><W81/><G110/><T56/><D125/><U11/><E30/><V107/><F107/><W3/><G3/><T102/><D76/><U48/><E124/><V131/><F67/><W88/><G57/><T39/><D135/><U25/><E104/><V113/><F77/><W62/><G103/><T58/><D39/><U83/><E70/><V115/><F50/><W55/><G71/><T10/><D27/><U0/><E63/><V73/><F13/><W123/><G123/><T79/><D79/><U134/><E134/><V86/><F86/><W64/><G64/><T22/><D22/><U18/><E83/><V38/><F131/><N who="0" m="50250" /><D102/><U98/><E98/><V84/><F84/><W24/><G55/><T132/><D132/><U121/><E121/><V94/><F38/><W119/><G119/><T111/><D111/><U85/><REACH who="1" step="1"/><E18/><REACH who="1" ten="205,413,254,118" step="2"/><V101/><F115/><W44/><G96/><T49/><D10/><U75/><E75/><V40/><F73/><W19/><G19/><T45/><D9/><U14/><E14/><V74/><F74/><W87/><G36/><T78/><D78/><U114/><E114/><V12/><F12/><W5/><G5/><AGARI ba="0,1" hai="0,5,11,25,28,35,47,48,53,80,85,90,117,118" machi="5" ten="40,7700,0" yaku="1,1,52,2,53,0" doraHai="112" doraHaiUra="126" who="1" fromWho="3" sc="205,0,413,87,254,0,118,-77" /><INIT seed="5,1,0,4,2,25" ten="205,500,254,41" oya="1" hai0="62,71,124,65,75,52,109,118,15,63,110,49,57" hai1="97,55,111,77,48,128,29,7,50,93,108,133,69" hai2="86,27,102,53,44,17,64,101,56,130,99,30,122" hai3="100,21,78,79,1,81,10,105,117,80,37,107,125"/><U121/><E121/><V74/><F74/><W36/><G21/><T73/><D118/><U54/><E69/><V87/><F122/><W31/><G117/><T41/><D15/><U24/><E128/><V103/><F130/><W114/><G114/><T92/><D92/><U18/><E133/><V34/><F64/><W51/><G125/><T43/><D75/><U68/><E68/><V113/><F113/><W76/><G51/><N who="1" m="19498" /><E7/><V38/><F99/><W126/><G126/><T3/><D3/><U66/><E77/><V2/><F2/><W35/><G100/><T28/><D73/><U104/><E66/><V46/><F17/><W91/><G1/><T39/><D124/><U5/><E5/><V120/><F120/><W132/><G132/><T19/><D19/><U134/><E18/><V131/><F131/><W95/><G10/><T32/><D62/><U112/><E104/><V67/><F67/><W94/><G91/><T98/><D98/><U33/><E112/><V4/><F4/><W8/><G8/><T20/><D32/><U14/><E14/><V61/><REACH who="2" step="1"/><F38/><REACH who="2" ten="205,500,244,41" step="2"/><W85/><G85/><AGARI ba="1,1" hai="27,30,34,44,46,53,56,61,85,86,87,101,102,103" machi="85" ten="40,5200,0" yaku="1,1,2,1,52,1,53,0" doraHai="25" doraHaiUra="16" who="2" fromWho="3" sc="205,0,500,0,244,65,41,-55" owari="205,-19.0,500,59.0,309,11.0,-14,-51.0" /></mjloggm>