<mjloggm ver="2.3"><GO type="169" lobby="0"/><UN n0="%68%61%72%75%72%75%39%31" n1="%E3%81%8B%E3%81%AB%E3%83%9E%E3%82%B8%E3%83%B3" n2="%E7%88%BD%E6%B5%B7" n3="%E3%83%88%E3%83%88%E3%83%AA%E5%85%88%E7%94%9F%31%39%E6%AD%B3" dan="16,18,16,17" rate="2143.24,2256.83,2092.37,2211.21" sx="M,M,F,F"/><TAIKYOKU oya="0"/><INIT seed="0,0,0,3,2,53" ten="250,250,250,250" oya="0" hai0="124,93,50,119,13,96,35,17,56,82,10,51,28" hai1="12,52,128,114,71,15,86,45,111,2,47,130,26" hai2="99,58,78,8,1,38,116,14,67,27,41,66,46" hai3="11,98,32,57,62,127,23,133,112,123,77,73,103"/><T80/><D119/><U43/><E2/><V25/><F1/><W90/><G32/><T83/><D124/><U40/><E71/><V135/><F135/><W60/><G112/><T64/><D28/><U63/><E114/><V129/><F129/><N who="1" m="49769" /><E111/><V37/><F37/><W95/><G133/><T54/><D35/><U87/><E26/><V108/><F108/><W115/><G127/><T125/><D125/><U4/><E4/><V22/><F78/><W7/><G62/><T24/><D24/><U117/><E117/><V107/><F99/><W20/><G123/><T44/><D64/><U16/><E12/><V49/><F107/><W33/><G33/><T89/><REACH who="0" step="1"/><D83/><REACH who="0" ten="240,250,250,250" step="2"/><U5/><E5/><V97/><F25/><W9/><G7/><T69/><D69/><U105/><E105/><V110/><F27/><W29/><G115/><T126/><D126/><U81/><E81/><V3/><F116/><W113/><G113/><T85/><D85/><U74/><E74/><V76/><F110/><W0/><G29/><T18/><D18/><U122/><E122/><V120/><F120/><W106/><G73/><T91/><D91/><U75/><E75/><V100/><F66/><N who="3" m="39183" /><G77/><T30/><D30/><U121/><E121/><V109/><F76/><W72/><G72/><T68/><D68/><U84/><E87/><V55/><F67/><W88/><G90/><T134/><D134/><U19/><E19/><N who="2" m="10615" /><F109/><W61/><G106/><T34/><D34/><U92/><E86/><V42/><F100/><W118/><G103/><T65/><D65/><U6/><E84/><V31/><F31/><RYUUKYOKU ba="0,1" sc="240,30,250,-10,250,-10,250,-10" hai0="10,13,17,44,50,51,54,56,80,82,89,93,96" /><INIT seed="0,1,1,3,4,106" ten="270,240,240,240" oya="0" hai0="126,9,135,93,30,77,68,89,23,121,57,62,32" hai1="16,108,116,44,109,83,69,12,22,96,50,74,101" hai2="88,107,60,124,67,97,36,132,59,100,40,70,65" hai3="5,102,4,11,80,78,98,45,122,92,131,81,94"/><T128/><D121/><U41/><E69/><V25/><F124/><W33/><G33/><T90/><D126/><U2/><E2/><V111/><F111/><W13/><G131/><T39/><D128/><U0/><E0/><V6/><F132/><W104/><G122/><T105/><D105/><U125/><E116/><V66/><F6/><W34/><G34/><T18/><D135/><U10/><E10/><V95/><F70/><W43/><G81/><T35/><D39/><U38/><E38/><V53/><F25/><W14/><G14/><T123/><D123/><U75/><E125/><V86/><F40/><W71/><G4/><T51/><D77/><U79/><REACH who="1" step="1"/><E74/><REACH who="1" ten="270,230,240,240" step="2"/><V1/><F1/><W46/><G71/><T31/><D9/><U15/><E15/><V17/><F36/><W48/><REACH who="3" step="1"/><G46/><REACH who="3" ten="270,230,240,230" step="2"/><T119/><D68/><U129/><E129/><V85/><REACH who="2" step="1"/><F17/><REACH who="2" ten="270,230,230,230" step="2"/><W133/><G133/><T20/><D18/><U120/><E120/><V47/><F47/><W54/><G54/><T49/><D31/><U28/><E28/><V26/><F26/><W91/><G91/><T115/><D90/><U8/><E8/><V87/><AGARI ba="1,4" hai="53,59,60,65,66,67,85,86,87,88,95,97,100,107" machi="87" ten="30,4000,0" yaku="1,1,0,1,54,1,53,0" doraHai="106" doraHaiUra="64" who="2" fromWho="2" sc="270,-21,230,-11,230,83,230,-11" /><INIT seed="1,0,0,3,4,82" ten="249,219,313,219" oya="1" hai0="72,24,78,132,50,44,5,58,27,51,15,17,92" hai1="94,135,43,25,80,19,29,134,130,56,70,104,110" hai2="120,122,13,116,91,95,0,114,34,20,117,62,86" hai3="118,89,103,31,84,71,93,74,49,125,119,42,69"/><U6/><E104/><V30/><F0/><W83/><G125/><T133/><D5/><U81/><E70/><V48/><F114/><W90/><G103/><T41/><D72/><U59/><E6/><V22/><F34/><W112/><G112/><T68/><D68/><U97/><E43/><V85/><F62/><W61/><G31/><T14/><D78/><U100/><E19/><V102/><F102/><W79/><G42/><T37/><D92/><U77/><E81/><V107/><F107/><W115/><G115/><T21/><D14/><U75/><E130/><V101/><F101/><W1/><G1/><T88/><D88/><N who="3" m="33897" /><G93/><T2/><D2/><U7/><E7/><V113/><F113/><W76/><G76/><T46/><D58/><U57/><REACH who="1" step="1"/><E110/><REACH who="1" ten="249,209,313,219" step="2"/><V10/><F117/><W98/><G69/><T53/><D37/><U96/><E96/><V12/><F116/><W121/><G98/><T128/><D128/><U106/><E106/><V39/><F95/><W108/><G108/><T55/><D41/><U65/><E65/><V45/><F39/><W11/><G119/><T131/><D131/><U9/><E9/><V66/><F66/><N who="3" m="41423" /><G11/><T87/><D17/><U129/><E129/><V99/><F99/><W60/><G118/><T105/><D105/><U126/><E126/><V32/><F10/><W127/><G127/><T38/><D38/><U73/><E73/><V3/><F3/><W67/><G74/><T36/><D36/><U124/><E124/><V18/><F18/><W64/><G83/><T33/><D55/><U63/><E63/><V35/><F30/><RYUUKYOKU ba="0,1" sc="249,-10,209,30,313,-10,219,-10" hai1="25,29,56,57,59,75,77,80,94,97,100,134,135" /><INIT seed="1,1,1,3,3,98" ten="239,239,303,209" oya="1" hai0="83,39,135,79,128,49,59,107,31,58,16,124,28" hai1="67,72,78,24,82,108,73,17,111,119,46,20,102" hai2="55,91,126,117,131,21,14,118,47,76,87,70,37" hai3="63,13,52,80,0,19,75,66,113,100,103,96,68"/><U104/><E119/><V35/><F35/><W105/><G113/><T56/><D39/><U3/><E3/><V112/><F70/><W77/><G0/><T106/><D124/><U85/><E67/><V120/><F120/><W50/><G96/><T26/><D128/><U122/><E122/><V10/><F131/><W4/><G4/><T30/><D135/><U92/><E46/><V97/><F126/><W94/><G94/><T57/><D49/><U127/><E127/><V125/><F112/><W89/><G89/><T114/><N who="0" m="14336" /><DORA hai="69" /><T133/><D133/><U88/><E73/><V64/><F21/><W123/><G105/><T1/><D1/><U25/><E25/><V44/><F64/><W110/><G110/><N who="1" m="42026" /><E104/><V6/><F44/><W33/><G33/><T130/><D130/><U86/><E102/><V27/><F27/><W32/><G32/><T18/><D114/><U7/><E7/><V60/><F125/><W41/><G123/><T109/><D109/><U121/><E121/><V65/><F65/><W29/><G100/><T12/><D26/><U34/><E34/><V71/><F47/><N who="3" m="27743" /><G103/><T90/><D107/><U43/><E72/><V101/><F101/><W74/><G74/><T45/><D45/><U36/><E43/><V132/><F117/><W129/><G41/><T84/><D106/><U115/><E115/><V93/><F118/><W48/><G129/><T22/><D79/><U15/><E24/><V40/><F76/><W53/><G53/><T5/><D5/><U62/><E36/><V116/><F55/><W134/><G77/><T99/><D99/><RYUUKYOKU ba="1,1" sc="239,15,239,15,303,-15,209,-15" hai0="12,16,18,22,28,30,31,83,84,90" hai1="15,17,20,62,78,82,85,86,88,92" /><INIT seed="1,2,1,5,3,135" ten="254,254,288,194" oya="1" hai0="95,129,40,68,75,61,82,130,66,123,113,107,6" hai1="74,120,20,78,96,18,71,84,24,15,73,86,70" hai2="99,131,108,110,126,118,102,53,116,11,34,85,3" hai3="93,98,67,72,115,97,17,38,101,22,60,48,33"/><U124/><E120/><V125/><F34/><W57/><G115/><T41/><D107/><U77/><E96/><V8/><F85/><W21/><G38/><T1/><D113/><U104/><E104/><N who="2" m="63583" /><F131/><N who="0" m="50186" /><D123/><U92/><E92/><V42/><F42/><N who="0" m="16490" /><D95/><U43/><E43/><V14/><F53/><W122/><G122/><T29/><D29/><U5/><E5/><N who="2" m="1087" /><F116/><W58/><G72/><T59/><D6/><U133/><E15/><V111/><F118/><W55/><G33/><T23/><D23/><U47/><E20/><V90/><F90/><W4/><G98/><T112/><D112/><U80/><E18/><AGARI ba="2,1" hai="11,14,18,108,110,111,125,126" m="1087,63583" machi="18" ten="30,3900,0" yaku="14,1,52,2" doraHai="135" who="2" fromWho="1" sc="254,0,254,-45,288,55,194,0" /><INIT seed="2,0,0,3,1,101" ten="254,209,343,194" oya="2" hai0="87,86,29,39,65,13,15,69,42,114,126,19,96" hai1="71,46,7,93,10,79,104,89,118,98,92,58,51" hai2="61,100,125,36,64,2,122,0,3,27,70,90,30" hai3="113,5,80,91,132,37,52,66,16,32,31,99,123"/><V77/><F122/><W131/><G123/><T127/><D114/><U84/><E71/><V108/><F36/><W111/><G37/><T62/><D29/><U116/><E58/><V33/><F125/><N who="0" m="47626" /><D15/><U78/><E104/><V117/><F117/><W115/><G66/><T35/><D35/><U44/><E44/><V55/><F108/><W121/><G5/><T23/><D96/><U53/><E79/><V20/><F77/><W41/><G41/><T120/><D120/><U9/><E9/><V124/><F124/><W74/><G121/><T133/><D133/><U43/><E53/><V1/><F1/><W59/><G132/><T14/><D14/><U22/><E22/><V75/><F75/><W17/><G111/><T67/><D65/><U95/><E118/><V105/><F55/><W57/><G31/><T24/><D13/><N who="1" m="5343" /><E116/><V50/><F50/><N who="3" m="30871" /><G32/><T38/><D38/><U28/><E28/><V45/><F45/><AGARI ba="0,0" hai="19,23,24,39,42,45,62,67,69,86,87" m="47626" machi="45" ten="30,1000,0" yaku="18,1" doraHai="101" who="0" fromWho="2" sc="254,10,209,0,343,-10,194,0" /><INIT seed="3,0,0,3,1,1" ten="264,209,333,194" oya="3" hai0="59,126,133,105,9,77,124,129,86,102,44,67,80" hai1="81,36,87,94,116,88,32,71,47,125,62,78,123" hai2="134,13,14,131,118,29,26,39,48,23,5,37,40" hai3="18,72,83,46,41,56,2,92,7,53,101,111,122"/><W76/><G122/><T103/><D44/><U91/><E123/><V97/><F118/><W45/><G111/><T4/><D129/><U110/><E110/><V54/><F40/><W68/><G68/><T33/><D33/><U49/><E36/><V64/><F64/><W21/><G101/><T12/><D133/><U8/><E32/><V79/><F79/><W25/><G92/><T100/><REACH who="0" step="1"/><D105/><REACH who="0" ten="254,209,333,194" step="2"/><U65/><E116/><V84/><F131/><W109/><G109/><T120/><D120/><U108/><E108/><V113/><F134/><W42/><G45/><T90/><D90/><U107/><E107/><V38/><F38/><W58/><G42/><T74/><D74/><U31/><E91/><V93/><F37/><N who="3" m="21807" /><G53/><T3/><D3/><U35/><E35/><V119/><F39/><W135/><G135/><T117/><D117/><U11/><E47/><V66/><F54/><W130/><G130/><T75/><D75/><U28/><E88/><V22/><F119/><W43/><G43/><T24/><D24/><U27/><E27/><V50/><F26/><W127/><G127/><T89/><D89/><U57/><E125/><V17/><F113/><W69/><G69/><T106/><D106/><U51/><E71/><V85/><F85/><W132/><G132/><T95/><D95/><U19/><E94/><V98/><F84/><W128/><G128/><T104/><D104/><U52/><E65/><V121/><F66/><W55/><G55/><T34/><D34/><U61/><E87/><V60/><F121/><W15/><G25/><T115/><D115/><U70/><E52/><RYUUKYOKU ba="0,1" sc="254,15,209,-15,333,-15,194,15" hai0="4,9,12,59,67,77,80,86,100,102,103,124,126" hai3="2,7,15,18,21,56,58,72,76,83" /><INIT seed="3,1,1,1,2,30" ten="269,194,318,209" oya="3" hai0="84,27,90,34,38,9,1,41,23,61,81,42,0" hai1="55,57,40,63,46,7,105,111,86,35,67,10,54" hai2="91,58,128,107,50,17,125,4,70,109,44,21,94" hai3="120,96,45,102,39,103,93,132,76,130,133,98,28"/><W16/><G120/><T3/><D9/><U24/><E111/><V51/><F70/><W60/><G130/><T118/><D118/><U113/><E105/><V37/><F107/><W106/><G28/><T64/><D38/><U83/><E113/><V123/><F109/><W32/><G32/><T14/><D14/><U75/><E24/><V65/><F37/><W11/><G76/><T52/><D52/><U135/><E35/><V73/><F73/><W18/><G60/><T20/><D20/><U122/><E135/><N who="3" m="51786" /><G11/><T72/><D72/><U68/><E122/><V62/><F125/><W131/><G131/><T104/><D104/><U69/><E69/><V134/><F123/><W116/><G116/><T6/><D6/><U117/><E117/><V5/><F51/><W108/><G108/><T89/><D89/><U29/><E29/><V49/><F49/><W97/><G97/><T77/><D77/><N who="1" m="46447" /><E68/><V82/><F128/><W112/><G112/><T53/><D53/><U26/><E75/><V13/><F134/><W127/><G127/><T43/><D34/><U15/><E26/><N who="2" m="14639" /><F82/><W80/><G80/><T48/><D48/><AGARI ba="1,1" hai="7,10,15,40,46,48,54,55,57,63,67" m="46447" machi="48" ten="30,2000,0" yaku="25,1,8,1" doraHai="30" who="1" fromWho="0" sc="269,-23,194,33,318,0,209,0" /><INIT seed="4,0,0,1,1,122" ten="246,227,318,209" oya="0" hai0="76,127,66,105,54,128,102,65,52,12,50,134,41" hai1="106,119,2,125,120,4,89,31,23,133,115,60,58" hai2="90,93,107,48,82,104,64,85,126,100,49,80,78" hai3="46,94,69,114,38,110,13,44,72,63,88,47,35"/><T20/><D127/><U92/><E120/><V14/><F126/><W109/><G35/><T124/><D124/><U91/><E106/><V73/><F64/><W101/><G72/><T0/><D0/><U42/><E42/><V37/><F37/><W6/><G101/><T29/><D128/><U56/><E125/><V16/><F80/><W111/><G114/><T117/><D117/><U135/><E119/><V26/><F26/><W112/><G112/><T68/><D134/><N who="1" m="51211" /><E115/><V27/><F27/><W77/><G77/><T55/><D76/><U8/><E31/><V59/><F59/><N who="1" m="22569" /><E23/><N who="2" m="11671" /><F107/><W79/><G79/><T67/><D102/><U81/><E81/><V19/><F19/><W57/><G69/><T51/><D105/><U40/><E40/><V132/><F132/><W28/><G28/><T62/><D41/><U96/><E60/><V86/><F86/><W131/><G131/><T43/><D43/><U22/><E22/><V18/><F18/><W83/><G83/><T39/><D39/><U25/><E25/><V99/><AGARI ba="0,0" hai="48,49,73,78,82,85,90,93,99,100,104" m="11671" machi="99" ten="30,2000,0" yaku="24,1,54,1" doraHai="122" who="2" fromWho="2" sc="246,-10,227,-5,318,20,209,-5" /><INIT seed="5,0,0,4,2,59" ten="236,222,338,204" oya="1" hai0="66,5,40,89,95,69,50,57,36,102,71,72,88" hai1="128,98,119,79,87,92,23,99,61,118,18,16,53" hai2="12,38,44,9,39,76,81,74,7,124,55,58,60" hai3="104,83,47,91,17,28,43,82,6,45,78,112,100"/><U106/><E128/><V108/><F124/><W19/><G112/><T77/><D5/><U101/><E18/><V64/><F108/><W97/><G45/><N who="0" m="23687" /><D71/><U125/><E125/><V24/><F24/><W37/><G28/><T65/><D65/><U110/><E110/><V41/><F64/><W70/><G70/><T68/><D68/><U84/><E79/><V25/><F25/><W14/><G91/><T4/><D4/><U132/><E132/><V21/><F21/><W113/><G113/><T90/><D102/><U0/><E0/><V15/><F39/><W131/><G83/><N who="0" m="45479" /><D95/><N who="1" m="58623" /><E119/><V115/><F115/><W34/><G34/><T86/><D86/><U111/><E106/><V63/><F15/><W27/><G27/><T103/><D90/><N who="1" m="55575" /><E118/><V22/><F22/><W135/><G135/><T73/><D103/><U30/><E30/><V126/><F126/><W129/><G6/><T121/><D73/><U85/><E111/><V130/><F130/><N who="3" m="49675" /><G14/><T51/><D121/><U13/><E85/><AGARI ba="0,0" hai="17,19,37,43,47,78,82,85,97,100,104" m="49675" machi="85" ten="30,1000,0" yaku="19,1" doraHai="59" who="3" fromWho="1" sc="236,0,222,-10,338,0,204,10" /><INIT seed="6,0,0,4,4,16" ten="236,212,338,214" oya="2" hai0="119,68,41,77,127,36,26,42,27,21,47,25,22" hai1="48,128,80,46,115,69,98,70,109,49,132,11,99" hai2="33,28,55,5,45,4,117,60,64,67,12,133,90" hai3="59,91,86,20,29,75,92,72,53,94,100,66,13"/><V61/><F117/><W126/><G126/><T101/><D127/><U9/><E115/><V62/><F133/><W118/><G118/><T34/><D119/><U104/><E80/><V8/><F4/><W50/><G66/><T135/><D135/><U44/><E132/><V79/><F79/><W93/><G100/><T63/><D34/><U111/><REACH who="1" step="1"/><E104/><REACH who="1" ten="236,202,338,214" step="2"/><V54/><F67/><W113/><G113/><T10/><D77/><U73/><E73/><V97/><F64/><W129/><G129/><AGARI ba="0,1" hai="9,11,44,46,48,49,69,70,98,99,109,111,128,129" machi="129" ten="25,8000,1" yaku="1,1,22,2,53,2" doraHai="16" doraHaiUra="6" who="1" fromWho="3" sc="236,0,202,90,338,0,214,-80" /><INIT seed="7,0,0,5,2,120" ten="236,292,338,134" oya="3" hai0="16,31,4,75,12,126,32,39,87,91,66,23,63" hai1="80,46,55,44,68,76,52,20,1,50,113,117,111" hai2="19,123,51,13,49,29,86,42,108,83,38,59,57" hai3="122,84,118,24,18,89,6,65,130,96,36,128,132"/><W101/><G122/><T47/><D75/><U48/><E111/><V81/><F108/><W64/><G118/><T9/><D126/><U102/><E1/><V3/><F3/><W133/><G36/><T125/><D125/><U105/><E68/><V115/><F29/><W90/><G6/><T69/><D47/><U92/><E105/><V82/><F123/><W53/><G53/><T110/><D39/><U134/><E134/><N who="3" m="51818" /><G24/><T33/><D31/><U40/><E113/><V121/><F115/><W106/><G18/><T8/><D110/><U10/><E117/><V127/><F127/><W71/><G71/><T72/><D72/><U70/><E70/><V112/><F112/><W97/><G64/><T37/><D37/><U85/><E20/><N who="2" m="11375" /><F38/><W28/><G65/><T116/><D116/><U25/><E25/><V67/><F121/><W61/><G61/><T95/><REACH who="0" step="1"/><D9/><REACH who="0" ten="226,292,338,134" step="2"/><U56/><E10/><V74/><F74/><W0/><G28/><T98/><D98/><U119/><E119/><V79/><F42/><W129/><G0/><AGARI ba="0,1" hai="0,4,8,12,16,23,32,33,63,66,69,87,91,95" machi="0" ten="30,3900,0" yaku="1,1,7,1,54,1,53,0" doraHai="120" doraHaiUra="43" who="0" fromWho="3" sc="226,49,292,0,338,0,134,-39" owari="275,-12.0,292,9.0,338,43.0,95,-40.0" /></mjloggm>