<mjloggm ver="2.3"><GO type="169" lobby="0"/><UN n0="%E9%87%8E%E3%80%85%E5%AE%AE%E8%97%8D" n1="%E3%82%A6%E3%83%AB%E3%83%88%E3%83%A9%E7%AB%8B%E7%9B%B4" n2="%E3%81%AB%E3%82%89%E3%82%8C%E3%81%B0" n3="%E3%81%BF%E3%81%91%E3%81%AD%E3%81%93%E3%80%82" dan="16,18,16,16" rate="2066.92,2287.29,2026.69,2148.15" sx="F,M,M,F"/><TAIKYOKU oya="0"/><INIT seed="0,0,0,0,1,43" ten="250,250,250,250" oya="0" hai0="67,39,68,30,25,73,129,123,108,106,98,3,97" hai1="4,12,81,28,111,102,10,76,7,85,72,95,84" hai2="100,0,26,47,19,91,128,94,88,53,69,131,5" hai3="118,112,78,124,104,29,49,63,15,58,119,9,24"/><T32/><RYUUKYOKU type="yao9" ba="0,0" sc="250,0,250,0,250,0,250,0" hai0="3,25,30,32,39,67,68,73,97,98,106,108,123,129" /><INIT seed="0,1,0,0,3,75" ten="250,250,250,250" oya="0" hai0="114,27,44,122,79,74,83,46,93,118,52,56,104" hai1="69,12,129,32,120,19,76,116,21,119,132,64,113" hai2="59,124,95,86,57,29,9,88,85,42,18,73,82" hai3="103,10,125,108,84,28,34,25,102,101,50,6,41"/><T68/><D114/><U45/><E120/><V36/><F124/><W98/><G108/><T65/><D118/><U130/><E69/><V90/><F73/><W78/><G125/><T61/><D104/><U58/><E32/><V77/><F90/><W80/><G50/><T43/><D122/><U15/><E45/><V87/><F87/><W8/><G41/><T97/><D27/><U100/><E100/><V115/><F115/><W109/><G109/><T48/><REACH who="0" step="1"/><D43/><REACH who="0" ten="240,250,250,250" step="2"/><U2/><E113/><V30/><F42/><W92/><REACH who="3" step="1"/><G8/><REACH who="3" ten="240,250,250,240" step="2"/><T20/><D20/><U3/><E21/><V16/><F9/><W39/><G39/><T121/><D121/><U47/><E119/><V107/><F36/><W123/><G123/><T67/><D67/><U37/><E64/><V11/><F11/><W31/><G31/><N who="2" m="11785" /><F107/><W70/><G70/><T40/><D40/><U35/><E37/><V13/><F13/><AGARI ba="1,2" hai="6,10,13,25,28,34,78,80,84,92,98,101,102,103" machi="13" ten="30,7700,0" yaku="1,1,7,1,52,1,53,1" doraHai="75" doraHaiUra="26" who="3" fromWho="2" sc="240,0,250,0,250,-80,240,100" /><INIT seed="1,0,0,0,1,71" ten="240,250,170,340" oya="1" hai0="7,53,72,111,13,107,112,41,30,100,64,10,126" hai1="81,120,12,80,129,76,77,20,56,6,134,38,90" hai2="110,31,85,16,46,95,135,67,131,96,78,91,42" hai3="87,33,37,122,116,9,40,98,4,48,86,92,49"/><U133/><E120/><V97/><F110/><W47/><G33/><T58/><D112/><U83/><E129/><V36/><F131/><W23/><G122/><T8/><D72/><U132/><E38/><V99/><F135/><W104/><G116/><T114/><D114/><U75/><E56/><V69/><F31/><W102/><G23/><T59/><D111/><U106/><E20/><V21/><F67/><W50/><REACH who="3" step="1"/><G104/><REACH who="3" ten="240,250,170,330" step="2"/><T44/><D107/><U117/><E106/><V32/><F32/><W60/><G60/><T39/><D126/><U17/><E117/><V65/><F69/><W93/><G93/><T101/><D30/><U45/><E133/><V14/><REACH who="2" step="1"/><F65/><REACH who="2" ten="240,250,160,330" step="2"/><W5/><G5/><T79/><D64/><U54/><E6/><V55/><F55/><W29/><G29/><T124/><D53/><U130/><E134/><V18/><F18/><W35/><G35/><T3/><D124/><U94/><E132/><V82/><AGARI ba="0,2" hai="14,16,21,36,42,46,78,82,85,91,95,96,97,99" machi="82" ten="30,7900,0" yaku="1,1,0,1,52,1,54,1,53,0" doraHai="71" doraHaiUra="28" who="2" fromWho="2" sc="240,-20,250,-39,160,99,330,-20" /><INIT seed="2,0,0,1,0,92" ten="220,211,259,310" oya="2" hai0="81,47,18,67,14,29,95,120,27,99,31,96,88" hai1="132,121,90,63,91,5,78,79,32,62,97,109,108" hai2="119,135,2,133,7,13,71,77,21,70,24,45,127" hai3="93,41,39,0,106,49,8,46,83,126,16,51,20"/><V130/><F119/><W113/><G106/><T116/><D120/><U74/><E32/><V103/><F127/><W12/><G126/><T80/><D116/><U110/><E5/><V101/><F130/><W118/><G118/><T53/><D67/><U19/><E121/><V26/><F2/><W129/><G129/><T6/><D6/><U75/><E19/><V82/><F45/><W36/><G113/><T15/><D15/><U50/><E50/><V86/><F13/><W9/><G93/><N who="0" m="56359" /><D27/><N who="2" m="10282" /><F21/><W59/><G0/><T66/><D66/><U117/><E117/><V69/><F7/><W89/><G39/><T73/><D73/><N who="1" m="27659" /><E97/><V105/><F105/><W124/><G36/><T43/><D43/><U131/><E131/><V98/><F98/><W33/><G33/><T10/><D53/><U61/><E132/><AGARI ba="0,0" hai="69,70,71,77,82,86,101,103,132,133,135" m="10282" machi="132" ten="40,2000,0" yaku="20,1" doraHai="92" who="2" fromWho="1" sc="220,0,211,-20,259,20,310,0" /><INIT seed="2,1,0,2,4,76" ten="220,191,279,310" oya="2" hai0="61,80,25,84,12,134,23,22,67,83,119,48,5" hai1="4,75,43,38,116,93,69,35,94,114,16,6,31" hai2="50,37,73,120,14,122,98,8,40,85,135,34,29" hai3="133,111,54,18,97,87,45,129,47,72,78,64,33"/><V86/><F37/><W100/><G33/><T11/><D134/><U9/><E114/><V59/><F73/><W10/><G72/><T79/><D119/><U101/><E116/><V52/><F135/><W49/><G133/><T21/><D48/><U63/><E75/><V3/><F3/><W132/><G132/><T2/><D80/><U128/><E128/><V74/><F74/><W32/><G32/><T62/><D62/><U104/><E43/><V7/><F40/><W44/><G111/><T106/><D106/><U27/><E38/><V127/><F127/><W0/><G64/><T15/><REACH who="0" step="1"/><D25/><REACH who="0" ten="210,191,279,310" step="2"/><U77/><E94/><V96/><F120/><W121/><G121/><T103/><D103/><U30/><E93/><V65/><F122/><W88/><G49/><T102/><D102/><U13/><E77/><V58/><F50/><W99/><G78/><T92/><D92/><U36/><E36/><V89/><F89/><W91/><G100/><T118/><D118/><U95/><E95/><V55/><F96/><W112/><G97/><T66/><D66/><N who="1" m="41183" /><E31/><V130/><F29/><W110/><G99/><AGARI ba="1,1" hai="4,6,9,13,16,27,30,35,99,101,104" m="41183" machi="99" ten="30,2000,0" yaku="25,1,54,1" doraHai="76" who="1" fromWho="3" sc="210,0,191,33,279,0,310,-23" /><INIT seed="3,0,0,4,3,2" ten="210,224,279,287" oya="3" hai0="134,110,72,53,42,27,34,114,58,39,13,32,22" hai1="33,97,95,96,123,126,89,29,76,50,102,63,108" hai2="57,10,82,31,120,35,101,121,46,100,69,55,118" hai3="79,45,133,9,94,52,125,112,91,128,64,43,59"/><W111/><G112/><T85/><D72/><U127/><E33/><V109/><F118/><W23/><G125/><N who="1" m="47626" /><E29/><V20/><F109/><W106/><G106/><T104/><D104/><U105/><E63/><V92/><F69/><W26/><G111/><T107/><D107/><U116/><E50/><V56/><F35/><W115/><G115/><T11/><D114/><U7/><E7/><V15/><F82/><W47/><G133/><T60/><D134/><U99/><E108/><V65/><F65/><W17/><G128/><T70/><D70/><U41/><E41/><V19/><F46/><W12/><G79/><T61/><D61/><U93/><E123/><N who="2" m="47179" /><F92/><W51/><G43/><T71/><D71/><U16/><E16/><N who="2" m="8311" /><F31/><N who="3" m="17887" /><G64/><T5/><D110/><U75/><E116/><V0/><F0/><W135/><G135/><T78/><D42/><U77/><E75/><V98/><F98/><AGARI ba="0,0" hai="9,12,17,45,47,51,52,59,91,94,98" m="17887" machi="98" ten="30,2900,0" yaku="8,1,54,1" doraHai="2" who="3" fromWho="2" sc="210,0,224,0,279,-29,287,29" /><INIT seed="3,1,0,0,0,113" ten="210,224,250,316" oya="3" hai0="56,73,46,101,28,116,18,7,49,19,95,71,90" hai1="35,78,37,68,96,50,125,30,29,55,1,76,69" hai2="122,9,124,62,121,33,34,104,44,4,64,88,93" hai3="39,109,14,8,131,133,91,32,118,6,72,126,41"/><W82/><G32/><T105/><D71/><U16/><E1/><V123/><F124/><W134/><G126/><T42/><D73/><U92/><E37/><V38/><F104/><W115/><G115/><T98/><D116/><U47/><E125/><V53/><F53/><W119/><G131/><T43/><D28/><U25/><E30/><V10/><F44/><N who="3" m="23615" /><G109/><T86/><D42/><U94/><E69/><N who="2" m="42135" /><F38/><W130/><G130/><T3/><REACH who="0" step="1"/><D56/><REACH who="0" ten="200,224,250,316" step="2"/><U31/><E68/><V108/><F108/><W80/><G72/><T63/><D63/><U22/><E31/><V51/><F123/><W45/><G118/><T27/><D27/><U59/><E29/><V2/><F122/><W83/><G119/><T120/><D120/><U87/><E35/><V111/><F34/><W112/><G112/><T23/><D23/><U13/><E25/><V66/><F33/><W97/><G133/><T60/><D60/><U79/><E47/><V107/><F121/><W61/><G134/><T74/><D74/><U57/><E57/><V77/><F111/><W129/><G129/><T132/><D132/><U75/><E75/><V26/><F26/><W65/><G45/><T106/><D106/><U24/><E24/><V110/><F110/><W54/><G61/><T103/><D103/><U89/><E78/><V0/><F77/><W15/><G65/><T100/><D100/><AGARI ba="1,1" hai="13,16,22,50,55,59,76,79,87,89,92,94,96,100" machi="100" ten="30,8000,1" yaku="7,1,25,2,8,1,54,1" doraHai="113" who="1" fromWho="0" sc="200,-83,224,93,250,0,316,0" /><INIT seed="4,0,0,1,4,96" ten="117,317,250,316" oya="0" hai0="87,31,40,110,76,63,118,121,14,57,59,95,35" hai1="44,134,4,41,135,77,73,102,80,30,62,67,50" hai2="34,104,115,133,90,58,49,116,123,46,71,120,122" hai3="92,39,98,11,32,108,85,129,38,15,75,70,12"/><T53/><D118/><U88/><E4/><V107/><F71/><W54/><G108/><T16/><D121/><U91/><E30/><V22/><F34/><W127/><G75/><T17/><D110/><U33/><E33/><V66/><F115/><W7/><G70/><T51/><D35/><U130/><E130/><V21/><F116/><W109/><G109/><T37/><D37/><U48/><E48/><V28/><F133/><N who="1" m="50697" /><E102/><V5/><F5/><W43/><G43/><T0/><D0/><U99/><E99/><V119/><F119/><W29/><G29/><T101/><D31/><U113/><E113/><V78/><F28/><W131/><G32/><T97/><D14/><U64/><E64/><V69/><F66/><W24/><G24/><T55/><REACH who="0" step="1"/><D40/><REACH who="0" ten="107,317,250,316" step="2"/><U106/><E106/><V47/><F104/><W26/><G15/><T1/><D1/><U6/><E6/><V20/><F107/><W125/><G12/><T10/><D10/><U132/><E132/><V25/><F122/><W84/><G11/><T27/><D27/><U9/><E9/><V126/><F25/><W19/><G7/><T128/><D128/><U42/><E42/><V117/><F123/><W79/><G129/><T18/><D18/><U112/><E112/><V82/><F120/><W45/><G131/><T8/><D8/><U36/><E36/><V61/><F117/><W52/><G39/><T65/><D65/><U60/><E67/><V2/><F2/><W94/><G38/><T124/><D124/><U81/><E41/><V100/><F126/><N who="3" m="48139" /><G19/><T72/><D72/><U105/><E73/><RYUUKYOKU ba="0,1" sc="107,30,317,-10,250,-10,316,-10" hai0="16,17,51,53,55,57,59,63,76,87,95,97,101" /><INIT seed="4,1,1,3,3,108" ten="137,307,240,306" oya="0" hai0="34,93,89,15,38,12,123,131,17,96,73,97,98" hai1="20,31,126,16,60,95,122,104,9,58,113,3,53" hai2="42,69,83,22,84,103,67,61,54,11,59,35,101" hai3="14,65,72,56,25,52,4,33,121,40,134,90,127"/><T62/><D123/><U57/><E104/><V129/><F35/><W109/><G109/><T116/><D116/><U8/><E122/><V87/><F129/><W68/><G72/><T1/><D1/><U47/><E126/><V79/><F22/><W74/><G74/><T133/><D131/><U132/><E132/><V86/><F11/><W135/><G121/><T88/><D133/><U100/><E31/><V21/><F21/><W43/><G127/><T7/><D38/><U81/><E47/><V13/><F13/><W106/><G106/><T70/><D73/><U24/><E3/><V77/><F42/><W82/><G65/><T18/><D34/><U30/><E30/><V120/><F86/><W112/><G68/><T48/><D7/><U125/><E125/><V66/><F120/><W29/><G43/><T91/><D48/><U49/><E81/><N who="2" m="47151" /><F69/><W32/><G40/><T102/><D70/><U115/><E8/><V119/><F119/><W46/><G32/><T26/><D62/><U75/><E9/><V128/><F128/><W80/><G14/><N who="0" m="5163" /><D26/><U50/><E75/><V45/><F45/><W39/><G4/><T105/><D105/><U41/><E41/><V76/><F76/><W6/><G6/><T130/><D130/><U10/><E10/><V0/><F0/><W118/><G118/><T94/><D102/><AGARI ba="1,1" hai="54,59,61,66,67,79,83,87,101,102,103" m="47151" machi="102" ten="30,1000,0" yaku="8,1" doraHai="108" who="2" fromWho="0" sc="137,-13,307,0,240,23,306,0" /><INIT seed="5,0,0,5,1,53" ten="124,307,263,306" oya="1" hai0="121,37,25,31,108,125,132,68,62,22,69,122,78" hai1="88,11,13,28,42,40,67,29,82,59,103,87,7" hai2="1,47,85,15,45,38,9,50,2,51,117,105,0" hai3="84,58,12,48,44,116,21,96,81,102,99,60,79"/><U107/><E103/><V6/><F117/><W129/><G129/><T64/><D108/><U65/><E107/><V18/><F105/><W110/><G110/><T33/><D125/><U3/><E3/><V20/><F38/><W52/><G116/><T133/><D37/><U77/><E77/><V135/><F135/><N who="0" m="51786" /><D78/><U73/><E73/><V109/><F109/><W72/><G72/><T97/><D22/><U111/><E111/><V131/><F131/><W83/><G83/><T92/><D69/><U130/><E130/><V16/><F85/><W10/><G21/><T128/><D128/><U19/><E7/><V24/><REACH who="2" step="1"/><F6/><REACH who="2" ten="124,307,253,306" step="2"/><N who="3" m="3159" /><G102/><AGARI ba="0,1" hai="25,31,33,62,64,68,92,97,102,121,122" m="51786" machi="102" ten="30,1000,0" yaku="20,1" doraHai="53" who="0" fromWho="3" sc="124,20,307,0,253,0,306,-10" /><INIT seed="6,0,0,5,2,113" ten="144,307,253,296" oya="2" hai0="73,5,95,128,65,33,59,27,74,46,6,12,81" hai1="18,49,83,123,43,29,45,1,71,90,100,15,76" hai2="14,41,89,11,42,22,96,94,134,135,121,0,23" hai3="102,17,77,53,80,52,3,131,85,112,68,104,30"/><V63/><F121/><W60/><G3/><T66/><D128/><U114/><E1/><V58/><F0/><W57/><G68/><T126/><D126/><U10/><E114/><V110/><F110/><W34/><G112/><T56/><D95/><U19/><E71/><V26/><F41/><W62/><G131/><T111/><D46/><U25/><E100/><V98/><F42/><W103/><G104/><T48/><D48/><U82/><E123/><V78/><F96/><W40/><G40/><T28/><D111/><U4/><E90/><V115/><F78/><W51/><G62/><T36/><D36/><U69/><E69/><V127/><F127/><W9/><G30/><T117/><D12/><U8/><E8/><V122/><F122/><W61/><G34/><T97/><D97/><U38/><E38/><V16/><F115/><W120/><G120/><T64/><D117/><U133/><E133/><N who="2" m="50699" /><F26/><W130/><G130/><T93/><D93/><U101/><E101/><N who="3" m="38410" /><G53/><AGARI ba="0,0" hai="11,14,16,22,23,53,58,63,89,94,98" m="50699" machi="53" ten="30,2900,0" yaku="20,1,54,1" doraHai="113" who="2" fromWho="3" sc="144,0,307,0,253,29,296,-29" /><INIT seed="6,1,0,5,1,104" ten="144,307,282,267" oya="2" hai0="13,34,21,7,129,100,12,118,3,6,125,56,130" hai1="52,47,116,5,50,70,134,114,81,115,33,92,41" hai2="78,2,105,128,113,123,76,61,1,83,15,48,18" hai3="122,135,109,89,106,44,132,119,82,22,67,108,51"/><V84/><F123/><W117/><G106/><T91/><D91/><U23/><E33/><V73/><F105/><W133/><G122/><T26/><D100/><U55/><E70/><V112/><F128/><N who="0" m="49258" /><D56/><U63/><E134/><V77/><F48/><W110/><G22/><T8/><D34/><U0/><E116/><N who="3" m="44618" /><G82/><T120/><D120/><U94/><E23/><N who="2" m="11743" /><F61/><W36/><G89/><T9/><D118/><U16/><E81/><N who="2" m="45199" /><F77/><W24/><G24/><T126/><D3/><U103/><E0/><V69/><F69/><W49/><G67/><T25/><D25/><U96/><E103/><V53/><F53/><W11/><G11/><T64/><D64/><U95/><E52/><V79/><F79/><W38/><G51/><T62/><D62/><U124/><E63/><V43/><F43/><AGARI ba="1,0" hai="36,38,43,44,49,108,109,110,132,133,135" m="44618" machi="43" ten="40,5200,0" yaku="20,1,34,2" doraHai="104" who="3" fromWho="2" sc="144,0,307,0,282,-55,267,55" /><INIT seed="7,0,0,4,3,111" ten="144,307,227,322" oya="3" hai0="91,84,34,30,95,11,59,60,72,124,38,90,134" hai1="33,118,4,126,96,63,21,98,16,85,7,0,9" hai2="12,115,77,109,36,70,61,112,133,78,121,55,101" hai3="75,3,125,54,128,6,18,10,64,127,31,92,32"/><W106/><G106/><T87/><D38/><U52/><E33/><V23/><F109/><W83/><G128/><T104/><D104/><U120/><E120/><V57/><F133/><W8/><G64/><T50/><D134/><U29/><E29/><V24/><F121/><W119/><G119/><T46/><D72/><U82/><E126/><N who="3" m="48138" /><G31/><T117/><D124/><U43/><E43/><V19/><F36/><W69/><G69/><T27/><D117/><U13/><E118/><V44/><F101/><W107/><G107/><T110/><D110/><U53/><E7/><V17/><F44/><W2/><G32/><T103/><D103/><U65/><E98/><V100/><F100/><W94/><G54/><T89/><D11/><U49/><E96/><V71/><F71/><W73/><G73/><T39/><D39/><U114/><E114/><N who="2" m="43563" /><F70/><W5/><G18/><T1/><D1/><U51/><E51/><V58/><F58/><W20/><G20/><AGARI ba="0,0" hai="12,17,19,20,23,24,55,57,61,77,78" m="43563" machi="20" ten="30,7700,0" yaku="15,1,52,3" doraHai="111" who="2" fromWho="3" sc="144,0,307,0,227,77,322,-77" owari="144,-36.0,307,41.0,304,10.0,245,-15.0" /></mjloggm>