<mjloggm ver="2.3"><GO type="169" lobby="0"/><UN n0="%E7%B4%85%E8%A1%A3" n1="%E5%B0%B1%E6%B4%BB%E7%94%9F%40%E5%B7%9D%E6%9D%91%E8%BB%8D%E5%9B%A3" n2="%E3%82%A6%E3%83%AB%E3%83%88%E3%83%A9%E7%AB%8B%E7%9B%B4" n3="%E7%B4%B3%E5%A3%AB%E3%81%AE%E5%97%9C%E3%81%BF%E3%81%9F%E3%81%84%E3%82%80" dan="16,19,16,16" rate="2109.67,2352.87,2171.60,2171.34" sx="M,M,M,M"/><TAIKYOKU oya="0"/><INIT seed="0,0,0,1,0,111" ten="250,250,250,250" oya="0" hai0="11,127,34,112,104,134,0,108,19,131,43,69,84" hai1="92,65,82,56,52,117,36,68,42,39,81,123,100" hai2="102,99,118,35,125,130,72,106,89,7,63,28,101" hai3="98,66,59,120,8,40,91,128,96,20,109,105,18"/><T55/><RYUUKYOKU type="yao9" ba="0,0" sc="250,0,250,0,250,0,250,0" hai0="0,11,19,34,43,55,69,84,104,108,112,127,131,134" /><INIT seed="0,1,0,4,0,28" ten="250,250,250,250" oya="0" hai0="116,102,101,41,5,4,43,105,46,114,111,47,67" hai1="61,74,36,98,52,129,126,108,14,76,33,30,56" hai2="51,35,78,42,10,7,131,2,87,48,107,6,127" hai3="95,106,12,50,22,92,17,80,109,81,79,93,9"/><T84/><D114/><U73/><E36/><V89/><F107/><W64/><G106/><T120/><D120/><U21/><E108/><V77/><F7/><W83/><G109/><T13/><D111/><U75/><E126/><V135/><F127/><W59/><G79/><T96/><D116/><U16/><E129/><V117/><F35/><W27/><G64/><T122/><D122/><U113/><E113/><V71/><F71/><W119/><G119/><T91/><D67/><U103/><E76/><V68/><F68/><W115/><G115/><T112/><D102/><U118/><E118/><V53/><F117/><W85/><G59/><T58/><D58/><U132/><E132/><V49/><F135/><W26/><G50/><T45/><D112/><U11/><E33/><V97/><F97/><W123/><G123/><T32/><D32/><U88/><E88/><V100/><F100/><W70/><G70/><T1/><D1/><U86/><E86/><V130/><F53/><W133/><G133/><T18/><D43/><U54/><E54/><V65/><F65/><W99/><G85/><T110/><D41/><U125/><E125/><V34/><F34/><W121/><G121/><T23/><REACH who="0" step="1"/><D110/><REACH who="0" ten="240,250,250,250" step="2"/><U20/><REACH who="1" step="1"/><E30/><REACH who="1" ten="240,240,250,250" step="2"/><V63/><F42/><W69/><G99/><T38/><D38/><U60/><E60/><V15/><F63/><W39/><G39/><T66/><D66/><U90/><E90/><V24/><F89/><W128/><G128/><T94/><AGARI ba="1,2" hai="4,5,13,18,23,45,46,47,84,91,94,96,101,105" machi="94" ten="30,12000,1" yaku="1,1,0,1,53,3" doraHai="28" doraHaiUra="40" who="0" fromWho="0" sc="240,143,240,-41,250,-41,250,-41" /><INIT seed="0,2,0,3,3,104" ten="383,199,209,209" oya="0" hai0="14,92,123,22,87,112,71,76,0,18,10,130,90" hai1="82,79,61,96,128,19,52,45,1,95,127,57,131" hai2="80,25,37,103,101,47,42,60,86,72,54,62,120" hai3="89,116,65,100,7,35,67,59,56,4,111,41,135"/><T91/><D123/><U31/><E1/><V114/><F114/><W12/><G35/><T33/><D33/><U109/><E109/><V78/><F120/><W6/><G111/><T125/><D112/><U94/><E127/><V44/><F25/><W17/><G116/><T69/><D125/><U3/><E3/><V58/><F62/><W70/><G100/><T28/><D76/><U21/><E31/><V122/><F122/><W5/><G41/><T24/><D130/><U8/><E8/><V2/><F86/><W108/><G108/><T23/><D0/><U81/><E45/><V29/><F29/><W36/><G36/><T13/><REACH who="0" step="1"/><D91/><REACH who="0" ten="373,199,209,209" step="2"/><U121/><E121/><V84/><F2/><W63/><G89/><T55/><D55/><U27/><E79/><V77/><F77/><W118/><G67/><T75/><D75/><U46/><E128/><V26/><F72/><W119/><G118/><T133/><D133/><U105/><E131/><V38/><F78/><W40/><G135/><T102/><D102/><U93/><E105/><V9/><F103/><W68/><G119/><T64/><D64/><U126/><E126/><V113/><F101/><W85/><G65/><T73/><D73/><U132/><E132/><V51/><F113/><W16/><G40/><T98/><D98/><U106/><E106/><V74/><F74/><W48/><G85/><T11/><D11/><U129/><E96/><V99/><F9/><W107/><G107/><T53/><D53/><N who="1" m="33967" /><E129/><V30/><F99/><W34/><G34/><T115/><D115/><U110/><E110/><V134/><F134/><RYUUKYOKU ba="2,1" sc="373,15,199,15,209,-15,209,-15" hai0="10,13,14,18,22,23,24,28,69,71,87,90,92" hai1="19,21,27,46,52,81,82,93,94,95" /><INIT seed="0,3,1,0,1,84" ten="388,214,194,194" oya="0" hai0="130,51,107,99,45,119,23,94,80,100,79,103,24" hai1="131,48,135,19,93,38,72,60,85,114,67,78,125" hai2="12,33,112,21,27,59,57,83,58,113,121,11,16" hai3="110,68,17,1,35,14,40,36,124,31,87,30,62"/><T55/><D119/><U134/><E38/><V133/><F121/><W29/><G1/><T75/><D130/><U39/><E39/><V41/><F133/><N who="1" m="50697" /><E72/><V102/><F41/><W92/><G110/><T10/><D10/><U116/><E116/><V56/><F102/><W52/><G124/><T115/><D115/><U50/><E114/><V34/><F34/><W126/><G126/><T4/><D4/><U89/><E125/><V98/><F33/><W43/><G35/><T6/><D6/><U120/><E120/><V74/><F98/><W128/><G128/><T104/><D103/><U32/><E32/><V96/><F96/><W91/><G36/><T5/><D5/><U61/><E78/><V127/><F127/><W63/><G68/><T86/><D75/><U73/><E73/><V132/><F132/><W37/><G37/><T77/><D79/><U129/><E19/><AGARI ba="3,1" hai="19,23,24,45,51,55,77,80,86,94,99,100,104,107" machi="19" ten="30,1500,0" yaku="7,1" doraHai="84" who="0" fromWho="1" sc="388,34,214,-24,194,0,194,0" /><INIT seed="0,4,0,3,4,84" ten="422,190,194,194" oya="0" hai0="31,34,121,76,99,33,120,26,65,18,126,1,23" hai1="50,36,54,134,53,86,15,105,93,45,2,98,89" hai2="30,57,87,117,0,102,81,108,40,67,10,79,97" hai3="72,90,112,20,128,60,51,22,127,7,55,28,71"/><T88/><D1/><U35/><E2/><V27/><F108/><W56/><G112/><T8/><D126/><U37/><E134/><V42/><F117/><W38/><G127/><T122/><D76/><U66/><E35/><V118/><F118/><W16/><G72/><T19/><D65/><U96/><E66/><V44/><F10/><W82/><G128/><T39/><D39/><U104/><E53/><V77/><F77/><W113/><G7/><T5/><D88/><U52/><E54/><V78/><F78/><W95/><G82/><T61/><D99/><U110/><E110/><V17/><F17/><N who="0" m="6154" /><D61/><U133/><E133/><V107/><F0/><W64/><G113/><T25/><D25/><U94/><E15/><V106/><F106/><W135/><G135/><T29/><D29/><U49/><E49/><V70/><F27/><W92/><G38/><T91/><D91/><U116/><E116/><V47/><F30/><W32/><G32/><N who="0" m="12395" /><D8/><U130/><E130/><V119/><F119/><W69/><G28/><T59/><D59/><U24/><E24/><V9/><F57/><W48/><G22/><T62/><D62/><U43/><E37/><V13/><F9/><W46/><G51/><T14/><D14/><U11/><E11/><V80/><F13/><W12/><REACH who="3" step="1"/><G95/><REACH who="3" ten="422,190,194,184" step="2"/><T68/><D5/><U4/><E4/><V63/><F81/><W103/><G103/><T111/><D111/><U129/><E129/><V125/><F125/><W100/><G100/><T73/><D73/><U74/><E74/><V3/><F3/><W58/><G58/><T101/><D101/><RYUUKYOKU ba="4,1" sc="422,10,190,-30,194,10,184,10" hai0="23,26,31,68,120,121,122" hai2="40,42,44,47,63,67,70,79,80,87,97,102,107" hai3="12,16,20,46,48,55,56,60,64,69,71,90,92" /><INIT seed="0,5,1,0,3,73" ten="432,160,204,194" oya="0" hai0="15,135,11,83,87,28,130,94,70,100,29,9,113" hai1="16,77,14,34,105,25,44,91,6,92,47,17,13" hai2="107,1,132,50,24,82,127,10,49,85,2,65,133" hai3="59,79,93,81,62,134,114,42,95,31,129,60,3"/><T51/><D70/><U76/><E105/><V4/><F107/><W32/><G3/><T18/><D113/><U23/><E34/><V56/><F1/><W102/><G114/><T26/><D130/><U116/><E116/><V108/><F108/><W99/><G134/><N who="2" m="51817" /><F127/><W74/><G129/><T46/><D135/><U64/><E64/><V58/><F24/><W19/><G42/><T125/><D125/><U124/><E124/><V35/><F35/><W67/><G32/><T66/><D66/><U98/><E6/><V109/><F109/><W122/><G31/><T0/><D0/><U75/><E75/><V40/><F40/><W22/><G62/><T78/><D11/><N who="1" m="6207" /><E25/><V7/><F7/><W55/><G67/><T96/><D26/><U39/><E39/><V38/><F38/><W131/><G131/><T30/><D29/><U5/><E5/><V117/><F117/><W88/><G122/><T61/><D61/><U90/><E90/><N who="2" m="51511" /><F65/><W103/><REACH who="3" step="1"/><G95/><REACH who="3" ten="432,160,204,184" step="2"/><T33/><D33/><U101/><E101/><V69/><F69/><W27/><AGARI ba="5,2" hai="19,22,27,55,59,60,74,79,81,88,93,99,102,103" machi="27" ten="20,16000,3" yaku="1,1,2,1,0,1,7,1,25,2,52,1,54,1,53,0" doraHai="73" doraHaiUra="43" who="3" fromWho="3" sc="432,-85,160,-45,204,-45,184,195" /><INIT seed="1,0,0,2,1,27" ten="347,115,159,379" oya="1" hai0="116,85,69,7,60,18,87,31,23,2,124,134,19" hai1="37,53,46,99,43,26,119,72,95,22,49,1,118" hai2="120,75,107,90,135,64,55,108,16,12,98,65,129" hai3="34,114,106,100,125,83,94,0,109,56,63,58,11"/><U66/><E1/><V113/><F120/><W39/><G34/><T44/><D116/><U97/><E72/><V80/><F108/><W128/><G39/><T59/><D69/><U89/><E66/><V71/><F71/><W30/><G109/><T29/><D2/><U82/><E82/><V14/><F129/><W4/><G106/><T3/><D3/><U6/><E6/><V127/><F127/><W68/><G125/><T122/><D124/><U32/><E32/><V115/><F14/><W84/><G128/><T42/><D7/><U48/><E99/><V81/><F55/><W25/><G68/><T77/><D134/><U61/><E37/><V50/><F50/><W102/><G94/><T86/><D77/><U45/><REACH who="1" step="1"/><E61/><REACH who="1" ten="347,105,159,379" step="2"/><V70/><F81/><W126/><G126/><T20/><D122/><U92/><E92/><N who="2" m="56599" /><F107/><W67/><G63/><T91/><D60/><U133/><E133/><V9/><F135/><W96/><G96/><T47/><D86/><U36/><E36/><V117/><F117/><W41/><G67/><T5/><D5/><U78/><E78/><N who="2" m="44127" /><F70/><W130/><G130/><T57/><D91/><U74/><E74/><V123/><F123/><W54/><G83/><T110/><D110/><U105/><E105/><V112/><AGARI ba="0,1" hai="9,12,16,64,65,112,113,115" m="44127,56599" machi="112" ten="30,2000,0" yaku="11,1,54,1" doraHai="27" who="2" fromWho="2" sc="347,-5,105,-10,159,30,379,-5" /><INIT seed="2,0,0,4,1,54" ten="342,95,189,374" oya="2" hai0="110,118,40,105,12,20,117,79,35,109,89,114,116" hai1="14,67,97,99,76,107,121,81,70,61,72,124,45" hai2="92,122,31,24,42,74,68,43,125,52,128,37,106" hai3="1,41,58,28,75,49,84,113,8,56,69,46,86"/><V100/><F122/><W130/><G75/><T103/><D35/><U82/><E121/><V48/><F74/><W90/><G69/><T33/><D33/><U71/><E124/><V19/><F106/><W25/><G130/><T115/><D40/><U17/><E82/><V27/><F68/><W111/><G111/><N who="0" m="42507" /><D20/><U73/><E73/><V38/><F37/><W83/><G113/><N who="0" m="43019" /><D12/><U6/><E6/><V108/><F38/><W59/><G1/><T0/><D0/><U50/><E107/><V11/><F125/><W63/><G84/><T34/><D34/><U29/><E29/><V15/><F128/><W129/><G129/><T64/><D64/><U10/><REACH who="1" step="1"/><E70/><REACH who="1" ten="342,85,189,374" step="2"/><V80/><F80/><W66/><G28/><T112/><D112/><U87/><E87/><V94/><F108/><W30/><G30/><T5/><D5/><U21/><E21/><V44/><F94/><W119/><G83/><T55/><D105/><U127/><E127/><V39/><F31/><W85/><G85/><T2/><D117/><U135/><E135/><V133/><F133/><W47/><G119/><T23/><D23/><U102/><E102/><V96/><F39/><W16/><G86/><T65/><D103/><U3/><E3/><V134/><F134/><W4/><G4/><T7/><D2/><U18/><E18/><V98/><F98/><W78/><G8/><T26/><D7/><U123/><E123/><V36/><F36/><W101/><G101/><T62/><D118/><U57/><E57/><V88/><F100/><W22/><G16/><T104/><D116/><U131/><E131/><RYUUKYOKU ba="0,1" sc="342,-15,85,15,189,15,374,-15" hai1="10,14,17,45,50,61,67,71,72,76,81,97,99" hai2="11,15,19,24,27,42,43,44,48,52,88,92,96" /><INIT seed="2,1,1,1,3,16" ten="327,100,204,359" oya="2" hai0="114,116,33,23,107,92,69,121,131,104,81,24,113" hai1="20,78,128,26,77,95,109,126,98,39,72,103,11" hai2="97,117,124,48,70,25,38,28,89,17,74,102,71" hai3="12,47,15,29,82,125,86,115,96,10,3,62,7"/><V44/><F117/><W123/><G123/><T41/><D121/><U8/><E39/><V46/><F74/><W14/><G125/><T112/><D69/><U40/><E126/><V45/><F38/><W108/><G108/><T84/><D33/><U34/><E34/><V22/><F124/><W105/><G115/><T6/><D6/><U75/><E109/><V132/><F132/><W43/><G62/><T90/><D116/><U51/><E128/><V85/><F48/><W127/><G127/><T55/><D41/><U87/><E75/><V31/><F71/><W79/><G29/><T30/><D131/><U0/><E72/><V122/><F70/><W56/><G56/><T135/><D135/><U67/><E67/><V52/><F52/><W134/><G134/><T54/><REACH who="0" step="1"/><D92/><REACH who="0" ten="317,100,204,359" step="2"/><U93/><E0/><V37/><F122/><W63/><G3/><T66/><D66/><U19/><E78/><V32/><F32/><W101/><REACH who="3" step="1"/><G63/><REACH who="3" ten="317,100,204,349" step="2"/><T61/><D61/><U57/><E57/><V119/><F119/><W94/><G94/><T35/><D35/><U49/><E93/><N who="2" m="58671" /><F37/><AGARI ba="1,3" hai="7,10,12,14,15,37,43,47,79,82,86,96,101,105" machi="37" ten="30,2000,0" yaku="1,1,7,1,53,0" doraHai="16" doraHaiUra="53" who="3" fromWho="2" sc="317,0,100,0,204,-23,349,53" /><INIT seed="3,0,0,0,1,99" ten="317,100,181,402" oya="3" hai0="131,67,108,39,77,115,15,47,5,76,92,102,72" hai1="129,25,38,40,134,42,37,109,1,26,23,80,120" hai2="57,91,98,6,33,83,64,104,30,124,51,61,65" hai3="14,34,27,52,106,78,105,128,132,125,73,11,110"/><W70/><G70/><T100/><D67/><U43/><E120/><V28/><F124/><W113/><G113/><T135/><D115/><U12/><E1/><V111/><F111/><W24/><G125/><T107/><D107/><U103/><E109/><V86/><F6/><W97/><G110/><T10/><D108/><U133/><E80/><V21/><F33/><W56/><G132/><N who="1" m="50794" /><E129/><V127/><F127/><W82/><G128/><T96/><D131/><U13/><E23/><V88/><F65/><W114/><G114/><T36/><D135/><U112/><E112/><V49/><F104/><W71/><G71/><T45/><D72/><U35/><E35/><V18/><F30/><W17/><G34/><T20/><D20/><U81/><E103/><V44/><F28/><W31/><G31/><T22/><D22/><U79/><E79/><V75/><F75/><W32/><G32/><T16/><D5/><U9/><E9/><V122/><F122/><W29/><G29/><T59/><D102/><U87/><E87/><V123/><F123/><W54/><G54/><T69/><D77/><U117/><E81/><V19/><F21/><W2/><G2/><T101/><D101/><U7/><E7/><V95/><F51/><N who="3" m="30751" /><G106/><T68/><D76/><U130/><E130/><V94/><REACH who="2" step="1"/><F83/><REACH who="2" ten="317,100,171,402" step="2"/><W66/><G66/><T3/><D3/><U119/><E13/><V93/><F93/><W8/><G8/><T58/><D10/><U60/><E12/><V85/><F85/><W62/><G105/><T126/><D126/><U48/><E48/><V90/><F90/><W118/><G82/><RYUUKYOKU ba="0,1" sc="317,-10,100,-10,171,30,402,-10" hai2="18,19,44,49,57,61,64,86,88,91,94,95,98" /><INIT seed="4,1,1,0,3,78" ten="307,90,201,392" oya="0" hai0="79,95,7,61,121,24,89,111,96,60,47,9,32" hai1="31,64,69,1,50,17,106,63,108,11,82,75,13" hai2="62,42,120,113,112,102,90,116,119,19,35,88,56" hai3="128,125,4,80,12,68,91,30,22,46,8,124,133"/><T34/><D121/><U16/><E108/><V55/><F35/><W37/><G68/><T135/><D111/><U51/><E106/><V25/><F120/><W14/><G37/><T48/><D135/><U70/><E70/><V10/><F102/><W100/><G100/><T98/><D79/><U2/><E31/><V15/><F42/><W67/><G67/><T43/><D96/><U38/><E38/><V110/><F25/><W126/><G46/><T52/><D24/><U85/><E75/><V66/><F66/><W28/><G80/><T123/><D123/><U77/><REACH who="1" step="1"/><E17/><REACH who="1" ten="307,80,201,392" step="2"/><V20/><F110/><W5/><G133/><T33/><REACH who="0" step="1"/><D43/><REACH who="0" ten="297,80,201,392" step="2"/><U71/><E71/><V74/><F74/><W107/><G126/><T72/><D72/><U49/><AGARI ba="1,3" hai="1,2,11,13,16,49,50,51,63,64,69,77,82,85" machi="49" ten="30,7900,0" yaku="1,1,0,1,52,1,54,1,53,0" doraHai="78" doraHaiUra="87" who="1" fromWho="1" sc="297,-40,80,112,201,-21,392,-21" /><INIT seed="5,0,0,5,2,53" ten="257,192,180,371" oya="1" hai0="98,73,64,44,19,18,2,72,90,21,14,87,99" hai1="37,116,0,107,26,52,85,127,17,30,25,50,124" hai2="91,8,58,112,29,76,54,113,23,133,97,105,12" hai3="122,43,103,82,1,33,88,89,65,31,96,123,126"/><U28/><E37/><V24/><F76/><W129/><G1/><T11/><D64/><U47/><E0/><V34/><F34/><W121/><G126/><N who="1" m="48170" /><E107/><V86/><F133/><W110/><G129/><T40/><D73/><U135/><E116/><V77/><F77/><W7/><G7/><T41/><D72/><U55/><E135/><V114/><F97/><N who="0" m="36874" /><D44/><U3/><E3/><V63/><F105/><W134/><G134/><T13/><D2/><U38/><E38/><V20/><F24/><N who="1" m="9321" /><E17/><N who="2" m="8327" /><F29/><N who="1" m="11369" /><E85/><V27/><F27/><W119/><G119/><T5/><D19/><U78/><E78/><V84/><F84/><W75/><G31/><T49/><D49/><U102/><E102/><V108/><F108/><W68/><G110/><T45/><D45/><U61/><E61/><V100/><F100/><W9/><G103/><T93/><AGARI ba="0,0" hai="5,11,13,14,18,21,40,41,87,90,93" m="36874" machi="93" ten="30,1100,0" yaku="8,1" doraHai="53" who="0" fromWho="0" sc="257,11,192,-5,180,-3,371,-3" /><INIT seed="6,0,0,1,1,62" ten="268,187,177,368" oya="2" hai0="26,129,41,61,7,71,39,59,37,135,89,117,21" hai1="74,18,127,103,73,5,77,9,55,33,90,120,131" hai2="82,85,15,14,126,65,81,68,64,54,58,32,52" hai3="35,110,91,2,31,119,46,96,6,98,25,45,20"/><V133/><F32/><W63/><G110/><T49/><D129/><U30/><E103/><V27/><F68/><W3/><G119/><T75/><D75/><U78/><E18/><V115/><F115/><W121/><G121/><T109/><D71/><U67/><E55/><N who="2" m="21035" /><F126/><W107/><G63/><T84/><D135/><U99/><E33/><V69/><F69/><W60/><G60/><T86/><D86/><U23/><E30/><V10/><F133/><W130/><G130/><T108/><D7/><U17/><E74/><V13/><F58/><W132/><G132/><T24/><D117/><U92/><E73/><V12/><F27/><W122/><G122/><T80/><D26/><U94/><E127/><V66/><F85/><W8/><G3/><T47/><D109/><U125/><E125/><V40/><F40/><W22/><G35/><T95/><D108/><U88/><E131/><V79/><F79/><W56/><G56/><T50/><D39/><U48/><E120/><V134/><F134/><W57/><G57/><T29/><D80/><N who="2" m="30826" /><F15/><W72/><G72/><T4/><D4/><AGARI ba="0,0" hai="4,10,12,13,14,64,65,66" m="30826,21035" machi="4" ten="30,12000,1" yaku="8,1,52,3,54,1" doraHai="62" who="2" fromWho="0" sc="268,-120,187,0,177,120,368,0" /><INIT seed="6,1,0,4,0,15" ten="148,187,297,368" oya="2" hai0="24,115,127,7,109,71,50,32,103,95,82,131,75" hai1="99,4,105,90,30,16,74,68,2,114,22,47,48" hai2="65,12,52,20,97,63,43,83,81,78,96,120,118" hai3="46,69,132,88,62,108,80,121,11,5,59,102,89"/><V28/><F120/><W117/><G117/><T85/><D75/><U40/><E74/><V38/><F38/><W76/><G69/><T98/><D71/><U100/><E68/><V101/><F43/><W110/><G132/><T128/><D109/><U129/><E129/><V86/><F65/><W1/><G121/><T112/><D127/><U34/><E114/><N who="0" m="43561" /><D7/><U67/><E67/><V35/><F35/><W61/><G61/><T70/><D70/><U39/><E90/><V31/><F83/><W55/><G102/><T18/><D50/><U37/><E30/><V23/><F23/><W29/><G29/><T21/><D32/><U57/><E34/><V77/><F77/><AGARI ba="1,0" hai="18,21,24,77,82,85,95,98,103,128,131" m="43561" machi="77" ten="30,2000,0" yaku="15,1,52,1" doraHai="15" who="0" fromWho="2" sc="148,23,187,0,297,-23,368,0" /><INIT seed="7,0,0,4,3,40" ten="171,187,274,368" oya="3" hai0="41,7,74,129,75,8,111,45,14,38,84,96,36" hai1="88,26,20,86,4,107,95,85,49,101,16,114,61" hai2="35,29,120,89,23,28,43,57,116,72,91,33,13" hai3="66,127,17,132,135,0,12,112,133,126,10,98,130"/><W58/><G112/><T113/><D113/><U48/><E114/><V102/><F23/><W82/><G0/><T18/><D111/><U83/><E107/><V78/><F13/><W50/><G130/><T44/><D129/><U131/><E131/><V93/><F57/><W39/><G39/><T99/><D84/><U79/><E4/><V25/><F43/><W69/><G69/><T2/><D38/><U68/><E101/><V60/><F60/><N who="3" m="38167" /><G82/><T92/><D45/><U47/><E47/><V24/><F78/><W22/><G50/><N who="1" m="19562" /><E68/><V121/><F102/><W103/><G10/><T108/><D108/><U27/><E61/><V90/><F72/><W19/><G19/><T30/><D30/><U94/><E94/><AGARI ba="0,0" hai="12,17,22,94,98,103,126,127,132,133,135" m="38167" machi="94" ten="30,1500,0" yaku="20,1" doraHai="40" who="3" fromWho="1" sc="171,0,187,-15,274,0,368,15" owari="171,-33.0,172,-23.0,274,7.0,383,49.0" /></mjloggm>