<mjloggm ver="2.3"><GO type="169" lobby="0"/><UN n0="%79%61%63%68%69%33%35%38" n1="%E9%9B%80%E8%8D%98%E4%B8%AD%E5%B7%9D" n2="%E3%81%84%E3%81%9F%E3%83%92%E3%83%AD" n3="%E3%82%A6%E3%83%AB%E3%83%88%E3%83%A9%E7%AB%8B%E7%9B%B4" dan="16,16,16,18" rate="2106.07,2148.08,2101.50,2178.72" sx="M,M,M,M"/><TAIKYOKU oya="0"/><INIT seed="0,0,0,5,2,53" ten="250,250,250,250" oya="0" hai0="126,112,83,39,36,26,15,4,17,1,33,34,41" hai1="93,135,87,62,105,123,38,88,51,108,49,75,7" hai2="54,55,99,9,65,129,89,6,57,37,102,79,74" hai3="90,125,134,77,76,73,19,71,45,96,22,67,30"/><T106/><D106/><U50/><E123/><V43/><F129/><W35/><G125/><T91/><D112/><U68/><E108/><V58/><F65/><W44/><G134/><T97/><D34/><U10/><E135/><V27/><F27/><W2/><G2/><T5/><D126/><U80/><E38/><V42/><F89/><W0/><G0/><T111/><D111/><U63/><E105/><V31/><F31/><W72/><G30/><N who="0" m="19671" /><D41/><U84/><E75/><V24/><F24/><W132/><G90/><T64/><D5/><U133/><E133/><V109/><F109/><W115/><G45/><T20/><D64/><U118/><E118/><V11/><F74/><W12/><G44/><T47/><D47/><U128/><E68/><V32/><F32/><W121/><G35/><T61/><D61/><U104/><E104/><V119/><F79/><W117/><G67/><T18/><D18/><U86/><E128/><V3/><F119/><W29/><G19/><T46/><D46/><U78/><REACH who="1" step="1"/><E87/><REACH who="1" ten="250,240,250,250" step="2"/><V131/><F131/><W85/><G85/><N who="0" m="50623" /><D97/><U21/><E21/><V103/><F37/><W40/><G22/><T110/><D110/><U56/><E56/><V66/><F58/><W59/><G59/><T82/><D39/><U23/><E23/><V127/><F57/><W60/><G132/><T81/><D36/><U69/><E69/><V52/><F66/><W14/><G71/><T116/><D116/><U16/><E16/><V92/><F127/><W8/><G117/><T130/><D130/><U101/><E101/><N who="2" m="60647" /><F11/><AGARI ba="0,1" hai="1,4,11,15,17,20,81,82" m="50623,19671" machi="11" ten="30,1500,0" yaku="24,1" doraHai="53" who="0" fromWho="2" sc="250,25,240,0,250,-15,250,0" /><INIT seed="0,1,0,4,0,107" ten="275,240,235,250" oya="0" hai0="58,24,51,30,38,117,60,121,86,97,69,19,71" hai1="124,132,67,81,72,18,50,16,46,77,82,42,123" hai2="79,95,54,43,9,73,0,25,47,133,56,39,17" hai3="8,14,87,52,7,78,61,129,80,113,35,93,115"/><T66/><D117/><U15/><E123/><V91/><F133/><W74/><G129/><T22/><D38/><U106/><E132/><V99/><F0/><W28/><G35/><T114/><D114/><U96/><E124/><V1/><F1/><W130/><G28/><T37/><D37/><U108/><E108/><V70/><F70/><W65/><G130/><T119/><D119/><U112/><E112/><V84/><F73/><W68/><G87/><T29/><D71/><U36/><E67/><V11/><F79/><W23/><G23/><T75/><D75/><U4/><E82/><V5/><F5/><W128/><G128/><T122/><D86/><U127/><E127/><V94/><F25/><W118/><G118/><T76/><D76/><U6/><E18/><V45/><F45/><W21/><G21/><T101/><D30/><U10/><REACH who="1" step="1"/><E36/><REACH who="1" ten="275,230,235,250" step="2"/><V27/><F17/><W13/><G113/><T32/><D121/><U64/><E64/><V62/><F27/><W111/><G115/><T59/><D122/><U40/><E40/><V126/><F126/><W20/><G111/><T125/><D125/><U134/><E134/><V41/><F41/><W34/><G65/><T12/><REACH who="0" step="1"/><D51/><REACH who="0" ten="265,230,235,250" step="2"/><U63/><E63/><V83/><F62/><W135/><G61/><T109/><D109/><U53/><E53/><V55/><F54/><W44/><G52/><T131/><D131/><U92/><E92/><AGARI ba="1,2" hai="12,19,22,24,29,32,58,59,60,66,69,92,97,101" machi="92" ten="30,5800,0" yaku="1,1,7,1,53,1" doraHai="107" doraHaiUra="88" who="0" fromWho="1" sc="265,81,230,-61,235,0,250,0" /><INIT seed="0,2,0,2,4,17" ten="346,169,235,250" oya="0" hai0="87,63,27,105,86,103,88,21,15,70,41,9,38" hai1="120,65,76,45,26,83,43,117,122,3,116,89,91" hai2="106,132,109,112,104,61,8,98,64,29,57,93,127" hai3="124,85,102,42,66,131,115,75,68,108,123,53,2"/><T40/><D105/><U95/><E3/><V125/><F112/><W121/><G53/><T55/><D103/><U118/><E65/><V19/><F29/><W107/><G85/><T52/><D70/><U100/><E26/><V72/><F72/><W48/><G48/><T90/><D38/><U73/><E45/><V130/><F130/><W28/><G28/><N who="0" m="17519" /><D63/><U128/><E43/><N who="0" m="16457" /><D87/><U18/><E18/><V35/><F35/><W13/><G42/><T58/><D58/><U16/><E16/><V78/><F78/><W71/><G66/><T30/><D30/><U51/><E51/><V96/><F96/><W46/><G102/><T36/><D36/><U47/><E47/><V37/><F37/><W11/><G46/><T129/><D129/><U67/><E67/><V56/><F56/><W126/><G71/><T50/><D50/><U59/><E59/><V114/><F114/><W33/><G121/><N who="1" m="46698" /><E128/><V44/><F44/><W134/><G11/><T10/><D90/><U110/><E91/><V62/><F62/><W60/><G60/><T84/><D10/><U79/><E100/><V12/><F57/><W14/><G14/><T97/><D15/><U99/><E79/><V6/><F12/><W82/><G13/><T119/><D9/><U22/><E22/><V74/><F61/><W7/><G7/><T5/><D5/><U101/><E101/><V32/><F6/><W39/><G82/><T77/><D77/><U113/><E113/><V1/><F8/><W135/><G135/><T20/><D20/><U4/><E4/><V92/><F132/><W133/><G133/><RYUUKYOKU ba="2,0" sc="346,-15,169,15,235,-15,250,15" hai1="73,76,83,89,95,99,110,116,117,118" hai3="2,33,39,68,75,107,108,115,123,124,126,131,134" /><INIT seed="1,3,0,4,5,93" ten="331,184,220,265" oya="1" hai0="135,124,31,9,97,79,49,56,23,72,89,37,133" hai1="70,96,95,61,113,107,1,0,112,108,52,14,19" hai2="46,22,111,116,33,73,84,82,87,27,68,64,44" hai3="98,103,85,69,105,43,26,18,24,34,28,132,35"/><U15/><E107/><V11/><F33/><W104/><G132/><N who="0" m="50763" /><D37/><U114/><E108/><V42/><F116/><W50/><G69/><T48/><D9/><U77/><E77/><V106/><F106/><W74/><G74/><T92/><D124/><U6/><E6/><V5/><F111/><W4/><G4/><T102/><D56/><U59/><E70/><V65/><F73/><W63/><G63/><T88/><D79/><U36/><E36/><V100/><F100/><W16/><G105/><T21/><D72/><U90/><REACH who="1" step="1"/><E14/><REACH who="1" ten="331,174,220,265" step="2"/><V83/><F68/><W20/><G104/><T57/><D102/><U127/><E127/><V38/><F46/><W76/><G103/><T91/><D91/><U78/><E78/><V25/><F25/><W47/><G26/><T125/><D89/><U75/><E75/><V54/><F27/><W101/><G76/><T134/><D125/><U126/><E126/><V128/><F38/><W39/><G39/><T99/><D88/><U71/><E71/><V122/><F5/><W117/><G35/><T121/><D134/><U17/><E17/><V60/><F122/><W29/><G34/><T109/><D121/><U10/><AGARI ba="3,1" hai="0,1,10,15,19,52,59,61,90,95,96,112,113,114" machi="10" ten="30,11700,0" yaku="1,1,0,1,52,1,54,1,53,0" doraHai="93" doraHaiUra="40" who="1" fromWho="1" sc="331,-42,174,136,220,-42,265,-42" /><INIT seed="1,4,0,1,4,76" ten="289,310,178,223" oya="1" hai0="94,133,50,10,69,85,119,120,3,115,84,36,79" hai1="7,8,87,117,56,103,2,41,130,77,127,131,122" hai2="43,11,73,101,28,97,52,102,13,108,16,55,109" hai3="89,68,104,31,19,39,88,25,20,42,134,96,18"/><U6/><E117/><V71/><F71/><W81/><G68/><T29/><D36/><U74/><E122/><V110/><F73/><W51/><G39/><T12/><D3/><U30/><E127/><V100/><F43/><W123/><G123/><T64/><D115/><U40/><E30/><V23/><F97/><W83/><G134/><T4/><D133/><U9/><E74/><V99/><F99/><W95/><G104/><T105/><D105/><U67/><E103/><V118/><F118/><W124/><G124/><T113/><D113/><U62/><E77/><V34/><F34/><W57/><G89/><N who="0" m="53543" /><D69/><U33/><E87/><V17/><F28/><W112/><G112/><T135/><D64/><U37/><E33/><V0/><F0/><W47/><G57/><T58/><D135/><U46/><REACH who="1" step="1"/><E41/><REACH who="1" ten="289,300,178,223" step="2"/><V61/><F61/><W49/><G49/><T82/><D29/><U5/><E5/><V21/><REACH who="2" step="1"/><F11/><REACH who="2" ten="289,300,168,223" step="2"/><W121/><G121/><T48/><D120/><U107/><E107/><V32/><F32/><W93/><G93/><T24/><D119/><U54/><E54/><V27/><AGARI ba="4,2" hai="13,16,17,21,23,27,52,55,100,101,102,108,109,110" machi="27" ten="40,8000,1" yaku="1,1,0,1,14,1,54,2,53,0" doraHai="76" doraHaiUra="128" who="2" fromWho="2" sc="289,-24,300,-44,168,112,223,-24" /><INIT seed="2,0,0,3,1,80" ten="265,256,280,199" oya="2" hai0="123,102,134,17,133,107,95,101,132,93,35,12,21" hai1="29,61,2,92,64,77,58,66,94,71,56,125,23" hai2="69,1,135,24,86,73,63,91,103,32,99,39,46" hai3="118,22,83,60,106,16,84,128,4,108,114,15,57"/><V40/><F73/><W127/><G118/><T131/><D123/><U129/><E125/><V74/><F74/><W31/><G108/><T62/><D131/><U44/><E129/><V9/><F135/><W43/><G128/><T110/><D110/><U79/><E2/><V48/><F1/><W120/><G120/><T116/><D116/><U111/><E111/><V67/><F9/><W28/><G127/><T78/><D35/><U13/><E44/><V38/><F24/><W25/><G106/><T51/><D78/><N who="1" m="29707" /><E71/><V90/><F32/><W88/><G114/><T27/><D62/><N who="1" m="37959" /><E29/><V3/><F3/><W112/><G43/><T85/><D107/><U119/><E119/><V113/><F113/><W59/><G112/><T122/><D122/><U8/><E23/><V20/><F20/><W97/><G97/><T33/><D51/><U50/><E50/><V124/><F90/><W82/><G82/><T75/><D75/><U96/><E96/><V6/><F6/><AGARI ba="0,0" hai="6,8,13,58,61,66,92,94" m="37959,29707" machi="6" ten="30,1000,0" yaku="8,1" doraHai="80" who="1" fromWho="2" sc="265,0,256,10,280,-10,199,0" /><INIT seed="3,0,0,4,2,0" ten="265,266,270,199" oya="3" hai0="82,38,83,46,10,37,72,68,87,94,110,9,115" hai1="14,44,54,133,75,31,24,117,97,36,59,39,78" hai2="123,69,45,50,114,60,135,102,85,40,20,116,67" hai3="121,89,125,15,74,127,73,52,106,58,92,130,12"/><W34/><G106/><T81/><D68/><U64/><E133/><V98/><F116/><W134/><G34/><T43/><D72/><U35/><E117/><V8/><F114/><W53/><G121/><T28/><D115/><U55/><E64/><V4/><F135/><W76/><G134/><T17/><D28/><U96/><E78/><V112/><F123/><W11/><G130/><T19/><D110/><U119/><E75/><V22/><F85/><W132/><G132/><T26/><D37/><U124/><E124/><N who="3" m="47690" /><G76/><T109/><D109/><U1/><E1/><V29/><F29/><W95/><G15/><T21/><REACH who="0" step="1"/><D17/><REACH who="0" ten="255,266,270,199" step="2"/><U107/><E31/><V32/><F112/><W91/><G74/><T56/><D56/><U27/><E59/><V86/><F32/><W2/><G73/><T30/><D30/><U100/><E39/><V61/><F61/><W104/><G58/><T66/><D66/><U71/><E71/><V79/><F60/><W129/><G129/><T47/><D47/><U13/><E36/><V105/><F67/><W93/><G104/><T6/><D6/><U80/><E44/><V131/><F69/><W57/><G2/><T126/><D126/><U63/><E63/><V51/><F131/><W7/><G57/><T5/><D5/><U25/><E107/><V113/><F113/><W77/><G77/><T128/><D128/><U41/><E119/><V49/><F51/><W108/><G108/><T120/><D120/><U99/><E35/><V70/><F50/><W118/><G118/><T122/><D122/><U48/><E48/><V18/><F70/><RYUUKYOKU ba="0,1" sc="255,15,266,-15,270,-15,199,15" hai0="9,10,19,21,26,38,43,46,81,82,83,87,94" hai3="7,11,12,52,53,89,91,92,93,95" /><INIT seed="3,1,1,2,0,35" ten="270,251,255,214" oya="3" hai0="102,119,11,36,111,108,31,53,25,75,126,68,100" hai1="117,43,19,73,76,32,51,112,97,121,125,123,86" hai2="71,26,48,114,135,7,124,127,60,106,17,14,72" hai3="44,65,109,54,4,104,79,1,37,59,128,96,99"/><W33/><G33/><T41/><D119/><U13/><E32/><V95/><F106/><W80/><G128/><T0/><D68/><U12/><E112/><V30/><F72/><N who="3" m="43111" /><G65/><T93/><D75/><U50/><E73/><V118/><F114/><W56/><G109/><N who="0" m="42059" /><D53/><U42/><E117/><V115/><F115/><W34/><G34/><N who="0" m="20847" /><D93/><U105/><E105/><V46/><F118/><W83/><G83/><T67/><D67/><U69/><E69/><V16/><F71/><W129/><G129/><T45/><D126/><U6/><E125/><V47/><F124/><W38/><G38/><T28/><D28/><U18/><E123/><V133/><F30/><W57/><G54/><T55/><D55/><U82/><E121/><V15/><F127/><W21/><G104/><T98/><D98/><U89/><E97/><V130/><F95/><W64/><G64/><T70/><D70/><U110/><E110/><V20/><F130/><W134/><G134/><T107/><D107/><U131/><E131/><V23/><F60/><W58/><N who="3" m="14336" /><DORA hai="92" /><W52/><G52/><T49/><D36/><U103/><E82/><V9/><REACH who="2" step="1"/><F48/><REACH who="2" ten="270,251,245,214" step="2"/><W85/><G37/><T39/><D39/><U27/><E51/><V113/><F113/><W77/><G85/><T120/><D120/><U61/><E50/><V2/><F2/><W29/><G99/><T63/><D63/><U40/><E61/><V5/><F5/><AGARI ba="1,2" hai="0,5,11,41,45,49,100,102" m="20847,42059" machi="5" ten="30,2000,0" yaku="14,1,52,1" doraHai="35,92" who="0" fromWho="2" sc="270,43,251,0,245,-23,214,0" /><INIT seed="4,0,0,0,5,27" ten="313,251,222,214" oya="0" hai0="107,96,34,23,12,119,72,111,66,20,52,100,121" hai1="92,91,13,57,45,104,48,112,89,115,79,51,18" hai2="93,99,46,50,73,30,83,69,116,81,60,131,56" hai3="114,123,58,11,3,14,113,33,98,130,128,42,105"/><T68/><D72/><U8/><E104/><V76/><F69/><W129/><G42/><T22/><D119/><U43/><E79/><V62/><F116/><W4/><G58/><T135/><D121/><U134/><E134/><V127/><F127/><W101/><G123/><T120/><D120/><U85/><E91/><V25/><F83/><W15/><REACH who="3" step="1"/><G33/><REACH who="3" ten="313,251,222,204" step="2"/><T122/><D34/><U78/><E57/><V10/><F56/><W77/><G77/><T16/><D122/><U49/><E78/><V71/><F71/><W41/><G41/><T59/><D135/><U87/><E43/><V1/><F131/><W95/><G95/><T125/><D125/><U5/><E45/><V35/><F46/><W70/><G70/><T124/><D124/><U74/><E92/><V2/><F50/><W90/><G90/><T55/><D111/><U126/><E126/><V17/><F62/><W9/><G9/><T75/><D55/><U28/><E89/><V54/><F60/><W67/><G67/><T133/><D133/><U110/><E110/><V94/><F54/><W24/><G24/><T31/><D68/><U118/><E118/><V65/><F65/><W109/><G109/><T106/><D66/><U108/><E108/><V44/><F44/><W39/><G39/><T47/><D47/><U61/><E61/><V37/><F37/><W64/><G64/><T84/><D107/><U40/><E40/><V6/><F93/><W80/><G80/><T102/><D106/><U117/><E117/><V86/><F94/><W36/><G36/><T7/><D59/><U38/><E38/><RYUUKYOKU ba="0,1" sc="313,-10,251,-10,222,-10,204,30" hai3="3,4,11,14,15,98,101,105,113,114,128,129,130" /><INIT seed="5,1,1,5,3,45" ten="303,241,212,234" oya="1" hai0="71,116,119,76,8,92,30,12,104,87,113,88,16" hai1="107,5,58,90,95,64,115,0,73,106,36,29,132" hai2="54,103,47,85,56,67,3,124,123,35,68,102,7" hai3="22,4,129,70,97,101,44,11,1,98,100,121,26"/><U14/><E0/><V62/><F35/><W94/><G70/><T48/><D104/><U39/><E73/><V33/><F33/><W105/><G129/><T72/><D71/><U37/><E29/><V43/><F123/><W122/><REACH who="3" step="1"/><G44/><REACH who="3" ten="303,241,212,224" step="2"/><T28/><D116/><U40/><E132/><V63/><F124/><W50/><G50/><T74/><D48/><U24/><E37/><V19/><F19/><AGARI ba="1,2" hai="1,4,11,19,22,26,94,97,98,100,101,105,121,122" machi="19" ten="30,2000,0" yaku="1,1,7,1,53,0" doraHai="45" doraHaiUra="81" who="3" fromWho="2" sc="303,0,241,0,212,-23,224,43" /><INIT seed="6,0,0,4,3,45" ten="303,241,189,267" oya="2" hai0="100,120,61,70,108,46,40,20,127,52,9,113,56" hai1="62,64,47,49,57,1,94,92,81,80,96,25,119" hai2="133,110,76,122,28,48,131,2,14,102,124,15,26" hai3="18,84,37,111,0,117,39,41,33,116,55,7,88"/><V12/><F2/><W87/><G33/><T109/><D120/><U27/><E119/><V101/><F122/><W73/><G73/><T95/><D113/><U130/><E130/><V22/><F131/><W85/><G111/><T35/><D35/><U31/><E1/><V106/><F110/><W43/><G0/><T98/><D127/><U125/><E125/><V30/><F124/><W129/><G129/><T105/><D9/><U21/><E27/><V135/><F76/><W53/><G87/><T23/><D70/><U24/><E24/><V75/><F75/><W54/><G54/><T17/><D105/><U134/><E134/><N who="2" m="51211" /><F106/><W72/><G72/><T115/><D23/><U34/><E34/><V78/><F78/><W79/><G79/><T112/><D112/><U51/><E94/><V90/><F30/><W99/><G99/><T44/><D115/><U74/><E74/><V63/><F63/><W71/><G71/><T38/><D46/><U83/><E47/><V8/><F8/><W132/><G132/><T93/><D93/><U82/><N who="1" m="20480" /><DORA hai="97" /><U13/><E13/><AGARI ba="0,0" hai="13,17,20,38,40,44,52,56,61,95,98,100,108,109" machi="13" ten="30,3900,0" yaku="7,1,52,1,54,1" doraHai="45,97" who="0" fromWho="1" sc="303,39,241,-39,189,0,267,0" /><INIT seed="7,0,0,1,2,34" ten="342,202,189,267" oya="3" hai0="46,92,40,59,66,55,11,4,50,18,0,42,94" hai1="69,107,106,119,31,72,88,112,58,111,75,45,3" hai2="116,85,87,71,105,108,73,98,68,126,121,53,97" hai3="51,56,79,9,41,83,21,131,135,44,36,64,130"/><W128/><G135/><T129/><D40/><U32/><E111/><V125/><F73/><W57/><G64/><T62/><D129/><U29/><E69/><N who="2" m="26699" /><F105/><W14/><G21/><T102/><D102/><U110/><E110/><V134/><F108/><W104/><G104/><T24/><D42/><U124/><E3/><V20/><F134/><W47/><G47/><T82/><D82/><U101/><E124/><N who="2" m="47723" /><F116/><W103/><G36/><T10/><D24/><U113/><E119/><V52/><F20/><W8/><G103/><T49/><D49/><U30/><E32/><V26/><F26/><W37/><G37/><T35/><D35/><U43/><E58/><V84/><F121/><W100/><G100/><T78/><D78/><U127/><E127/><V23/><F23/><W2/><G9/><T27/><D27/><U61/><E61/><V80/><F80/><W122/><G122/><T109/><D109/><U7/><E7/><V95/><F95/><W5/><REACH who="3" step="1"/><G14/><REACH who="3" ten="342,202,189,257" step="2"/><T70/><D46/><U16/><E107/><V39/><F39/><W28/><G28/><T89/><D89/><U15/><E106/><V117/><F117/><W12/><G12/><T86/><D86/><AGARI ba="0,1" hai="2,5,8,41,44,51,56,57,79,83,86,128,130,131" machi="86" ten="40,7700,0" yaku="1,1,19,1,52,1,53,0" doraHai="34" doraHaiUra="90" who="3" fromWho="0" sc="342,-77,202,0,189,0,257,87" owari="265,7.0,202,-20.0,189,-31.0,344,44.0" /></mjloggm>