<mjloggm ver="2.3"><GO type="169" lobby="0"/><UN n0="%E3%82%A6%E3%83%AB%E3%83%88%E3%83%A9%E7%AB%8B%E7%9B%B4" n1="%E6%9B%99%E4%B9%8B%E5%85%89" n2="%E8%B3%A2%E8%80%85%E3%81%AC%E3%81%93" n3="%53%68%69%4E%4F" dan="17,16,17,17" rate="2216.76,2083.30,2164.50,2136.40" sx="M,F,F,M"/><TAIKYOKU oya="0"/><INIT seed="0,0,0,4,1,46" ten="250,250,250,250" oya="0" hai0="4,82,11,125,79,40,119,92,27,94,80,115,56" hai1="12,41,29,47,21,96,95,39,122,7,126,54,34" hai2="22,44,51,85,16,28,68,3,81,103,66,69,135" hai3="43,100,121,14,59,63,62,102,74,32,130,108,23"/><T89/><D125/><U120/><E126/><V17/><F3/><W127/><G74/><T67/><D115/><U45/><E34/><V107/><F28/><W60/><G32/><T111/><D111/><U30/><E30/><V77/><F135/><W84/><G130/><T42/><D119/><U26/><E12/><V70/><F66/><W117/><G43/><T2/><D27/><U83/><E83/><V31/><F31/><W58/><G121/><T64/><D64/><U38/><E7/><V99/><REACH who="2" step="1"/><F22/><REACH who="2" ten="250,250,240,250" step="2"/><W13/><G23/><T134/><D134/><U18/><E29/><V1/><F1/><W112/><G127/><T128/><D67/><U33/><E33/><V52/><AGARI ba="0,1" hai="16,17,44,51,52,68,69,70,77,81,85,99,103,107" machi="52" ten="30,8000,1" yaku="1,1,0,1,52,1,54,2,53,0" doraHai="46" doraHaiUra="133" who="2" fromWho="2" sc="250,-40,250,-20,240,90,250,-20" /><INIT seed="1,0,0,0,2,36" ten="210,230,330,230" oya="1" hai0="98,81,96,54,10,45,135,87,82,49,111,34,51" hai1="47,6,108,16,41,33,72,40,110,134,4,71,35" hai2="46,104,62,1,130,44,57,100,3,79,0,132,17" hai3="91,13,26,90,133,67,15,39,8,102,107,56,68"/><U80/><E71/><V64/><F130/><W66/><G68/><T126/><D111/><N who="1" m="42539" /><E134/><V99/><F132/><W5/><G39/><T19/><D126/><U97/><E97/><V128/><F128/><W32/><G107/><T31/><D135/><U114/><E114/><V23/><REACH who="2" step="1"/><F79/><REACH who="2" ten="210,230,320,230" step="2"/><W120/><G133/><T89/><D82/><U20/><E80/><V73/><F73/><W9/><G120/><T118/><D118/><U119/><E72/><V38/><F38/><W92/><G32/><N who="1" m="12362" /><E119/><V106/><F106/><W55/><G67/><T84/><D81/><U93/><E93/><V50/><F50/><W30/><G66/><T75/><D51/><N who="1" m="27111" /><E41/><V122/><F122/><W85/><G92/><T18/><D75/><U22/><E22/><V29/><F29/><W77/><G30/><T116/><D31/><U63/><E63/><V21/><F21/><W127/><G127/><T43/><D34/><U69/><E69/><V11/><F11/><W123/><G9/><T83/><D10/><U28/><E28/><V27/><AGARI ba="0,1" hai="0,1,3,17,23,27,44,46,57,62,64,99,100,104" machi="27" ten="30,2000,0" yaku="1,1,0,1,53,0" doraHai="36" doraHaiUra="109" who="2" fromWho="2" sc="210,-5,230,-10,320,30,230,-5" /><INIT seed="2,0,0,2,3,14" ten="205,220,350,225" oya="2" hai0="81,121,70,84,123,124,32,51,3,107,22,128,35" hai1="118,10,16,8,37,40,68,117,64,73,83,89,18" hai2="86,45,96,52,76,116,88,29,120,125,43,44,62" hai3="79,5,95,75,103,92,108,94,102,65,15,19,48"/><V21/><F116/><W129/><G108/><T36/><D51/><U54/><E68/><V111/><F120/><W127/><G129/><T115/><D84/><N who="1" m="50335" /><E73/><V80/><F111/><W132/><G132/><T49/><D49/><U34/><E34/><V119/><F119/><W74/><G5/><T130/><D81/><U41/><E37/><V67/><F125/><W134/><G134/><T1/><D70/><U98/><E64/><V33/><F33/><N who="0" m="12874" /><D107/><U82/><E118/><V47/><F43/><N who="1" m="16457" /><E117/><V78/><F96/><W114/><G65/><T69/><D69/><U104/><E104/><V135/><F135/><W39/><G39/><T58/><D36/><U106/><E106/><V59/><F67/><W72/><G127/><T99/><D99/><U9/><E54/><V31/><F31/><W4/><G75/><T30/><D124/><U13/><E82/><V90/><F90/><W91/><G74/><T93/><D93/><U71/><E71/><V110/><F110/><W126/><G91/><T7/><D115/><U133/><E133/><V63/><F63/><W112/><G126/><T66/><D123/><U0/><E0/><V101/><F101/><W87/><G72/><T55/><D66/><U46/><E46/><V17/><F29/><W38/><G112/><T26/><D121/><U50/><E50/><V60/><F60/><W77/><G114/><T56/><D1/><U100/><E100/><V57/><F57/><N who="0" m="22122" /><D55/><U122/><E122/><V12/><AGARI ba="0,0" hai="12,17,21,44,45,47,52,59,62,76,78,80,86,88" machi="12" ten="30,12000,1" yaku="0,1,8,1,52,1,54,2" doraHai="14" who="2" fromWho="2" sc="205,-40,220,-40,350,120,225,-40" /><INIT seed="2,1,0,2,4,4" ten="165,180,470,185" oya="2" hai0="16,19,37,58,79,76,34,31,63,99,47,84,110" hai1="126,101,90,39,20,114,122,18,17,86,102,105,72" hai2="71,85,11,103,54,32,92,49,61,56,127,112,0" hai3="50,74,10,59,117,23,82,94,98,28,73,5,108"/><V93/><F112/><W69/><G117/><T8/><D110/><U9/><E72/><V115/><F32/><W14/><G69/><T1/><D34/><U2/><E114/><V97/><F115/><W42/><G108/><T15/><D1/><U62/><E39/><V51/><F71/><W123/><G123/><T60/><D31/><U53/><E122/><V80/><F127/><W134/><G134/><T33/><D33/><U52/><E126/><V6/><REACH who="2" step="1"/><F93/><REACH who="2" ten="165,180,460,185" step="2"/><W68/><G68/><T121/><D121/><U104/><E104/><V27/><F27/><W3/><G94/><T129/><D129/><U132/><E105/><V128/><F128/><W65/><G82/><T130/><D130/><U7/><E132/><V83/><F83/><W133/><G133/><T113/><D113/><U70/><E70/><V107/><F107/><W135/><G135/><T35/><D35/><U106/><E106/><V44/><F44/><W48/><G59/><T95/><D58/><U46/><E46/><V78/><AGARI ba="1,1" hai="0,6,11,49,51,54,56,61,78,80,85,92,97,103" machi="78" ten="20,7800,0" yaku="1,1,0,1,7,1,52,1,53,0" doraHai="4" doraHaiUra="12" who="2" fromWho="2" sc="165,-27,180,-27,460,91,185,-27" /><INIT seed="2,2,0,3,0,80" ten="138,153,551,158" oya="2" hai0="46,91,87,105,126,108,115,117,116,53,47,90,2" hai1="20,104,130,119,77,31,38,51,75,48,76,3,34" hai2="78,17,62,25,98,85,23,88,79,69,132,63,64" hai3="44,6,107,86,65,49,131,89,43,118,72,134,26"/><V35/><F132/><W15/><G118/><T67/><D105/><U13/><E119/><N who="0" m="45641" /><D2/><U22/><E3/><V11/><F98/><W128/><G107/><T57/><D115/><U97/><E38/><V114/><F114/><W61/><G72/><T59/><D108/><U113/><E113/><V93/><F35/><W111/><G111/><T106/><D106/><U101/><E130/><N who="3" m="49706" /><G134/><T112/><D112/><U5/><E34/><V60/><REACH who="2" step="1"/><F11/><REACH who="2" ten="138,153,541,158" step="2"/><N who="3" m="4599" /><G26/><T14/><D126/><U24/><E75/><V37/><F37/><W124/><G124/><T92/><D14/><U54/><E48/><V41/><F41/><W28/><G28/><T99/><D67/><U9/><REACH who="1" step="1"/><E22/><REACH who="1" ten="138,143,541,158" step="2"/><V82/><F82/><N who="3" m="49367" /><G65/><T58/><D53/><U125/><E125/><V19/><F19/><W12/><G43/><T81/><AGARI ba="2,2" hai="46,47,57,58,59,81,87,90,91,92,99" m="45641" machi="81" ten="30,2000,0" yaku="12,1,52,1" doraHai="80" who="0" fromWho="0" sc="138,46,143,-7,541,-12,158,-7" /><INIT seed="3,0,0,3,4,35" ten="184,136,529,151" oya="3" hai0="46,122,118,95,44,38,10,21,120,102,125,94,111" hai1="90,72,57,59,73,14,9,7,24,130,45,132,19" hai2="128,103,109,123,105,64,83,30,65,51,110,50,126" hai3="61,52,116,43,134,127,15,129,8,85,107,22,100"/><W133/><G116/><T93/><D102/><U67/><E132/><N who="3" m="50794" /><G129/><T48/><D118/><U2/><E130/><V68/><F128/><W56/><G127/><T121/><D125/><U135/><E135/><V69/><F126/><W47/><G22/><T66/><D66/><U97/><E24/><V26/><F83/><W58/><G85/><T37/><D111/><U31/><E31/><V17/><F30/><W1/><G58/><T86/><D21/><U75/><E45/><V74/><F26/><W131/><G131/><T115/><D115/><U42/><E42/><V112/><F74/><W84/><G84/><T0/><D86/><U113/><E113/><V98/><F112/><W25/><G25/><T41/><REACH who="0" step="1"/><D46/><REACH who="0" ten="174,136,529,151" step="2"/><U101/><E67/><V80/><F65/><W53/><G100/><T77/><D77/><U106/><REACH who="1" step="1"/><E90/><REACH who="1" ten="174,126,529,151" step="2"/><V13/><F64/><N who="3" m="38951" /><G107/><T71/><D71/><U62/><E62/><V11/><F69/><W114/><G114/><T76/><D76/><U119/><E119/><V36/><F68/><W34/><G34/><T78/><D78/><U70/><E70/><V108/><F105/><W28/><G47/><T87/><D87/><U27/><E27/><V54/><F108/><W18/><G28/><T60/><D60/><U32/><E32/><V49/><F109/><W89/><G89/><T3/><D3/><U39/><E39/><V82/><F36/><W92/><G1/><T5/><AGARI ba="0,2" hai="0,5,10,37,38,41,44,48,93,94,95,120,121,122" machi="5" ten="40,8000,1" yaku="1,1,0,1,52,1,53,1" doraHai="35" doraHaiUra="6" who="0" fromWho="0" sc="174,100,126,-20,529,-20,151,-40" /><INIT seed="4,0,0,1,4,34" ten="274,106,509,111" oya="0" hai0="57,93,105,29,85,26,127,135,58,119,106,91,48" hai1="82,121,90,114,128,16,18,39,104,76,0,1,125" hai2="13,100,70,112,78,12,40,69,31,66,67,88,110" hai3="44,37,3,94,103,21,15,4,64,28,81,120,117"/><T75/><D119/><U7/><E121/><V124/><F110/><W123/><G117/><T107/><D127/><U74/><E125/><V19/><F31/><W22/><G64/><T116/><D116/><U111/><E111/><V101/><F78/><W56/><G56/><T23/><D75/><U118/><E118/><V79/><F79/><W95/><G81/><T41/><REACH who="0" step="1"/><D135/><REACH who="0" ten="264,106,509,111" step="2"/><U77/><E74/><V115/><F124/><W24/><G120/><T45/><AGARI ba="0,1" hai="23,26,29,41,45,48,57,58,85,91,93,105,106,107" machi="45" ten="40,7800,0" yaku="1,1,2,1,0,1,53,0" doraHai="34" doraHaiUra="10" who="0" fromWho="0" sc="264,88,106,-26,509,-26,111,-26" /><INIT seed="4,1,0,2,1,52" ten="352,80,483,85" oya="0" hai0="24,37,119,0,100,133,72,12,47,29,27,6,19" hai1="80,69,30,13,97,122,62,11,16,104,109,86,14" hai2="114,1,15,32,68,85,108,63,25,93,103,135,75" hai3="23,87,65,123,59,99,58,82,105,20,55,121,67"/><T92/><D72/><U106/><E122/><N who="3" m="46602" /><G105/><T129/><D119/><U10/><E109/><V31/><F1/><W9/><G9/><T102/><D129/><U41/><E30/><V33/><F63/><N who="3" m="38143" /><G99/><T95/><D133/><U74/><E74/><V94/><F93/><W124/><G67/><T128/><D128/><U5/><E41/><V50/><F15/><W51/><G124/><T77/><D77/><AGARI ba="1,0" hai="20,23,51,55,58,77,82,87" m="38143,46602" machi="77" ten="30,3900,0" yaku="13,1,52,2" doraHai="52" who="3" fromWho="0" sc="352,-42,80,0,483,0,85,42" /><INIT seed="5,0,0,0,1,119" ten="310,80,483,127" oya="1" hai0="48,43,46,134,0,75,69,62,39,90,8,19,86" hai1="96,16,18,54,65,89,82,17,99,14,1,31,64" hai2="77,102,105,78,10,38,129,80,52,100,4,12,93" hai3="114,121,118,135,11,70,84,88,113,83,45,128,26"/><U101/><E1/><V2/><F38/><W60/><G118/><T22/><D75/><U79/><E31/><V97/><F129/><W24/><G128/><T41/><D134/><U104/><E14/><V32/><F32/><W15/><G135/><T30/><D30/><U63/><E89/><V47/><F78/><W28/><G45/><T29/><D29/><U27/><E27/><V110/><F110/><W91/><G91/><T103/><D103/><U132/><E132/><V40/><F2/><W59/><G70/><T44/><D8/><U51/><E99/><V116/><F116/><W115/><G121/><T73/><D73/><U50/><E65/><V67/><F67/><N who="3" m="39327" /><G28/><T37/><D0/><U127/><E54/><V122/><F52/><W109/><G109/><T66/><D19/><AGARI ba="0,0" hai="11,15,19,24,26,83,84,88,113,114,115" m="39327" machi="19" ten="30,2000,0" yaku="15,1,54,1" doraHai="119" who="3" fromWho="0" sc="310,-20,80,0,483,0,127,20" /><INIT seed="6,0,0,0,0,88" ten="290,80,483,147" oya="2" hai0="91,36,92,21,114,55,67,62,102,43,72,57,109" hai1="78,117,42,16,23,26,121,6,38,81,98,100,103" hai2="99,95,24,18,90,74,122,39,0,9,27,56,60" hai3="10,94,46,127,93,25,120,12,82,134,58,2,101"/><V17/><F39/><W110/><G120/><T124/><D72/><U125/><E117/><V20/><F74/><W89/><G110/><T49/><D102/><U107/><E121/><V133/><F133/><W52/><G2/><T129/><D114/><U118/><E118/><V75/><F75/><W63/><G127/><T76/><D76/><U33/><E125/><V30/><F122/><W84/><G134/><T32/><D32/><U71/><E71/><V130/><F130/><W44/><G25/><T97/><D124/><U5/><E33/><V96/><F0/><W64/><G101/><T80/><D80/><U69/><E69/><V7/><F7/><N who="3" m="3167" /><G46/><T1/><D1/><U87/><REACH who="1" step="1"/><E103/><REACH who="1" ten="290,70,483,147" step="2"/><V106/><F106/><W105/><G105/><T48/><D129/><U113/><E113/><V131/><F131/><W47/><G47/><AGARI ba="0,1" hai="5,6,16,23,26,38,42,47,78,81,87,98,100,107" machi="47" ten="40,2600,0" yaku="1,1,54,1,53,0" doraHai="88" doraHaiUra="132" who="1" fromWho="3" sc="290,0,70,36,483,0,147,-26" /><INIT seed="7,0,0,1,3,19" ten="290,106,483,121" oya="3" hai0="123,28,128,135,21,134,55,20,81,66,91,0,62" hai1="25,42,14,8,63,47,58,114,97,45,15,125,84" hai2="38,113,75,61,118,13,93,88,9,103,86,24,29" hai3="32,27,36,124,33,126,74,5,127,11,16,54,80"/><W105/><G36/><T120/><D0/><U49/><E114/><V10/><F38/><W65/><G105/><T60/><D128/><U59/><E125/><V64/><F75/><W89/><G65/><T6/><D6/><U83/><E47/><V3/><F3/><N who="3" m="447" /><G54/><T129/><D129/><U104/><E15/><V110/><F103/><W71/><G71/><T117/><D55/><U18/><E25/><V87/><F61/><W101/><G101/><T77/><D91/><U76/><E104/><V121/><F88/><W122/><G122/><T116/><D66/><U130/><E130/><V51/><F93/><W40/><G40/><T108/><D28/><U106/><E106/><V43/><F87/><N who="3" m="50407" /><G74/><T82/><REACH who="0" step="1"/><D77/><REACH who="0" ten="280,106,483,121" step="2"/><U115/><E115/><V4/><F121/><W68/><G68/><T2/><D2/><U57/><E97/><V1/><F64/><AGARI ba="0,1" hai="8,14,18,42,45,49,57,58,59,63,64,76,83,84" machi="64" ten="30,2000,0" yaku="7,1,8,1" doraHai="19" who="1" fromWho="2" sc="280,0,106,30,483,-20,121,0" owari="280,8.0,136,-26.0,463,56.0,121,-38.0" /></mjloggm>