<mjloggm ver="2.3"><GO type="169" lobby="0"/><UN n0="%E3%81%8B%E3%81%AB%E3%83%9E%E3%82%B8%E3%83%B3" n1="%6B%61%6D%6F%73%68%69%6E" n2="%E8%97%8D%E8%91%89" n3="%E3%83%88%E3%83%88%E3%83%AA%E5%85%88%E7%94%9F%31%39%E6%AD%B3" dan="18,17,16,18" rate="2243.09,2129.68,2108.65,2303.36" sx="M,M,M,F"/><TAIKYOKU oya="0"/><INIT seed="0,0,0,0,4,30" ten="250,250,250,250" oya="0" hai0="13,126,76,92,12,26,15,135,58,94,73,65,40" hai1="101,39,108,129,77,118,50,82,98,36,51,69,123" hai2="42,115,124,55,2,66,105,97,60,117,64,3,104" hai3="19,22,106,67,83,78,86,59,119,131,84,14,114"/><T1/><D1/><U122/><E51/><V17/><F115/><W25/><G114/><T9/><D126/><U100/><E50/><V95/><F124/><W125/><G119/><T71/><D135/><U28/><E101/><V110/><F42/><W103/><G125/><T130/><D130/><U107/><E108/><V120/><F55/><W88/><G131/><T128/><D128/><U80/><E80/><V127/><F127/><W35/><G106/><T63/><D40/><U37/><E129/><V20/><F120/><W56/><G103/><T33/><D9/><U79/><E79/><V53/><F53/><W16/><G67/><T5/><D5/><U134/><E134/><V109/><F117/><W89/><G35/><T10/><D10/><U74/><E118/><V6/><F6/><W90/><G84/><T41/><D41/><U57/><E57/><V91/><F3/><W93/><G93/><T34/><D71/><U87/><E87/><V72/><F2/><W24/><G24/><T18/><D92/><U8/><E8/><AGARI ba="0,0" hai="8,14,16,19,22,25,56,59,78,83,86,88,89,90" machi="8" ten="40,5200,0" yaku="8,1,54,2" doraHai="30" who="3" fromWho="1" sc="250,0,250,-52,250,0,250,52" /><INIT seed="1,0,0,2,2,58" ten="250,198,250,302" oya="1" hai0="83,57,62,66,135,113,24,71,5,126,92,134,61" hai1="86,7,91,6,110,132,95,2,18,0,67,98,116" hai2="133,65,22,72,40,108,102,39,79,125,93,121,23" hai3="90,63,64,81,70,28,117,129,122,17,97,50,89"/><U54/><E116/><V85/><F121/><W27/><G122/><T49/><D113/><U29/><E132/><N who="0" m="50729" /><D5/><U47/><E29/><V59/><F133/><W31/><G117/><T15/><D15/><U112/><E112/><V104/><F108/><W80/><G129/><T131/><D131/><U115/><E115/><V77/><F40/><W45/><G28/><T46/><D24/><U99/><E67/><V120/><F39/><W43/><G17/><T33/><D33/><U1/><E110/><V69/><F69/><W55/><G89/><T12/><D12/><U4/><REACH who="1" step="1"/><E18/><REACH who="1" ten="250,188,250,302" step="2"/><V114/><F65/><W19/><G19/><T105/><D126/><U48/><AGARI ba="0,1" hai="0,1,2,4,6,7,47,48,54,86,91,95,98,99" machi="48" ten="40,7800,0" yaku="1,1,2,1,0,1,53,0" doraHai="58" doraHaiUra="101" who="1" fromWho="1" sc="250,-26,188,88,250,-26,302,-26" /><INIT seed="1,1,0,0,0,49" ten="224,276,224,276" oya="1" hai0="77,80,70,13,23,68,27,6,135,48,132,123,85" hai1="57,99,106,131,42,107,129,74,52,16,45,7,119" hai2="21,133,72,54,12,35,103,3,59,100,101,46,79" hai3="24,38,122,43,17,89,120,71,117,29,25,90,94"/><U118/><E74/><V31/><F3/><W39/><G117/><T41/><D123/><U127/><E7/><V88/><F35/><W121/><G71/><T112/><D112/><U93/><E127/><V91/><F46/><W82/><G43/><T130/><D130/><N who="1" m="49675" /><E107/><V111/><F111/><W56/><G82/><T87/><D87/><U97/><E106/><V62/><F133/><N who="0" m="51274" /><D6/><U58/><E58/><V14/><F79/><W26/><G29/><N who="0" m="17663" /><D13/><N who="2" m="5226" /><F72/><W110/><G17/><T18/><D18/><U126/><E126/><V108/><F108/><W55/><G110/><T51/><D41/><U63/><E16/><V2/><F2/><W67/><G67/><T75/><D75/><U30/><E30/><V61/><F61/><W109/><G109/><T102/><D102/><N who="1" m="60719" /><E99/><V0/><F0/><W22/><G22/><T105/><D105/><U114/><E114/><V76/><F76/><W113/><G113/><T34/><D34/><U36/><AGARI ba="1,0" hai="36,42,45,52,57,63,118,119" m="60719,49675" machi="36" ten="30,6000,0" yaku="19,1,52,1,54,1" doraHai="49" who="1" fromWho="1" sc="224,-21,276,63,224,-21,276,-21" /><INIT seed="1,2,0,4,1,131" ten="203,339,203,255" oya="1" hai0="59,85,57,23,88,15,20,105,43,8,122,52,124" hai1="95,37,115,25,102,71,120,10,49,90,89,118,76" hai2="31,34,63,56,30,22,72,86,117,6,21,114,0" hai3="92,28,26,87,134,123,47,113,9,24,75,121,1"/><U61/><E37/><V62/><F117/><W106/><G113/><T53/><D124/><U127/><E115/><V68/><F72/><W7/><G75/><T32/><D105/><U79/><E118/><V97/><F114/><W16/><G106/><T36/><D32/><U98/><E120/><V74/><F74/><W51/><G134/><T40/><D122/><U125/><E49/><V45/><F6/><W104/><G104/><T119/><D119/><U77/><E10/><V83/><F97/><W99/><G87/><T2/><D2/><U96/><E25/><V78/><F0/><W69/><G69/><T19/><D36/><U27/><E27/><V60/><F68/><W13/><G26/><T108/><D108/><U107/><E61/><N who="2" m="23659" /><F45/><W73/><G73/><T3/><D3/><U100/><E71/><V17/><F34/><W110/><G110/><T58/><D40/><U65/><E65/><N who="2" m="39143" /><F22/><N who="0" m="8234" /><D43/><U48/><E48/><V132/><F132/><W67/><G67/><T55/><D58/><U44/><E44/><V111/><F111/><W39/><G39/><T94/><AGARI ba="2,0" hai="8,15,19,52,53,55,57,59,85,88,94" m="8234" machi="94" ten="30,4000,0" yaku="8,1,54,2" doraHai="131" who="0" fromWho="0" sc="203,46,339,-22,203,-12,255,-12" /><INIT seed="2,0,0,5,4,24" ten="249,317,191,243" oya="2" hai0="39,116,83,121,94,102,69,55,117,5,132,113,17" hai1="103,32,14,58,46,118,110,99,105,45,89,128,134" hai2="61,12,120,127,1,67,93,51,44,104,54,31,19" hai3="106,21,10,40,42,78,115,76,80,37,27,96,28"/><V38/><F120/><W133/><G133/><T97/><D121/><U0/><E0/><V62/><F104/><W41/><G115/><T64/><D113/><U29/><E118/><V11/><F127/><W74/><G76/><T33/><D5/><U85/><E110/><V3/><F38/><W18/><G106/><T43/><D55/><U98/><E134/><V131/><F131/><W66/><G96/><T26/><D83/><U60/><E14/><V123/><F123/><W71/><G66/><T114/><D114/><U92/><E128/><V7/><F93/><W49/><G71/><T122/><D122/><U16/><E16/><V36/><F36/><W100/><G100/><T2/><D2/><U90/><E32/><V126/><F126/><W82/><G82/><T91/><D33/><U47/><E29/><V53/><F31/><W79/><G79/><T81/><D17/><U84/><REACH who="1" step="1"/><E89/><REACH who="1" ten="249,307,191,243" step="2"/><V6/><F1/><W109/><G109/><T77/><D91/><U88/><E88/><V95/><F3/><W70/><G10/><T20/><D132/><U86/><E86/><V15/><F19/><W63/><G18/><T9/><D9/><U30/><E30/><V57/><F15/><W25/><G25/><T4/><D26/><U52/><AGARI ba="0,1" hai="45,46,47,52,58,60,84,85,90,92,98,99,103,105" machi="52" ten="30,7900,0" yaku="1,1,0,1,54,1,53,1" doraHai="24" doraHaiUra="48" who="1" fromWho="1" sc="249,-20,307,89,191,-39,243,-20" /><INIT seed="3,0,0,5,1,52" ten="229,396,152,223" oya="3" hai0="19,115,76,33,116,43,123,79,127,74,48,70,84" hai1="117,77,63,10,105,51,5,86,11,36,119,54,80" hai2="121,60,98,62,128,106,131,85,9,29,31,7,124" hai3="111,20,45,8,95,65,129,75,91,53,24,133,46"/><W81/><G129/><N who="2" m="49737" /><F121/><W28/><G133/><T25/><D70/><U26/><E36/><V73/><F73/><W64/><G111/><T101/><D74/><U13/><E105/><V97/><F85/><W32/><G32/><T1/><D1/><U35/><E63/><N who="2" m="24107" /><F124/><W71/><G71/><T38/><D84/><U132/><E132/><V67/><F67/><N who="3" m="25675" /><G75/><T110/><D110/><U89/><E77/><V55/><F55/><W100/><G100/><T0/><D101/><U96/><E96/><N who="2" m="36971" /><F106/><W16/><G81/><T3/><D127/><U42/><E54/><V30/><F9/><W15/><G95/><T66/><D66/><U41/><E10/><V130/><N who="2" m="49745" /><V57/><DORA hai="78" /><F7/><W18/><G91/><T82/><D123/><U120/><E120/><V92/><F92/><W93/><G93/><T4/><D4/><U44/><E42/><V103/><F103/><W69/><G69/><T6/><D43/><U102/><E102/><V49/><F49/><N who="3" m="28847" /><G46/><T61/><D76/><U39/><E51/><V59/><AGARI ba="0,0" hai="29,30,31,57,59" m="36971,24107,49745" machi="59" ten="50,8000,1" yaku="28,2,19,1,52,2" doraHai="52,78" who="2" fromWho="2" sc="229,-20,396,-20,152,80,223,-40" /><INIT seed="4,0,0,5,4,40" ten="209,376,232,183" oya="0" hai0="88,45,51,52,63,91,90,65,17,121,56,46,115" hai1="130,106,32,21,99,20,16,8,13,5,112,3,76" hai2="66,18,110,36,105,89,24,118,47,98,129,39,83" hai3="50,123,78,109,120,133,131,71,0,111,64,87,122"/><T79/><D121/><U85/><E130/><V86/><F110/><N who="3" m="41995" /><G0/><T28/><D115/><U67/><E67/><V94/><F129/><W41/><G78/><T34/><D79/><U101/><E112/><V61/><F105/><W74/><G87/><T37/><D37/><U15/><E32/><V38/><F118/><W72/><G72/><T132/><D132/><U127/><E127/><V125/><F125/><W62/><G74/><T14/><D34/><U2/><REACH who="1" step="1"/><E20/><REACH who="1" ten="209,366,232,183" step="2"/><V31/><F66/><W108/><G108/><T92/><D28/><U11/><E11/><V73/><F31/><W93/><G131/><T19/><D19/><U81/><AGARI ba="0,1" hai="2,3,5,8,13,15,16,21,76,81,85,99,101,106" machi="81" ten="30,4000,0" yaku="1,1,0,1,54,1,53,0" doraHai="40" doraHaiUra="107" who="1" fromWho="1" sc="209,-20,366,50,232,-10,183,-10" /><INIT seed="5,0,0,5,2,74" ten="189,416,222,173" oya="1" hai0="28,35,96,46,36,113,17,51,66,126,86,131,30" hai1="76,99,134,123,83,67,81,89,127,120,43,104,55" hai2="22,65,90,39,61,121,80,68,105,34,87,5,32" hai3="73,107,119,21,25,124,71,116,47,64,114,40,59"/><U88/><E67/><V6/><F39/><W110/><G110/><T91/><D36/><U45/><E55/><V132/><F121/><W18/><G107/><T92/><D113/><U115/><E45/><V33/><F105/><W0/><G0/><T41/><D126/><U103/><E43/><V37/><F37/><N who="3" m="21903" /><G71/><T101/><D131/><U62/><E62/><V72/><F132/><W3/><G3/><T44/><D35/><U49/><E49/><V31/><F72/><W54/><G64/><T42/><D66/><U48/><E48/><V70/><F70/><W4/><G4/><T111/><D111/><U94/><E115/><V9/><F9/><W60/><G73/><T57/><D57/><U56/><E56/><V11/><F11/><W26/><G114/><T19/><D44/><U98/><E127/><V102/><F102/><W24/><G124/><T112/><D42/><U135/><E83/><V77/><F90/><N who="1" m="34921" /><E123/><V82/><F82/><W133/><G133/><T10/><D112/><U122/><E122/><V14/><F31/><N who="0" m="11818" /><D10/><U79/><E120/><V100/><F100/><W129/><G129/><T118/><D118/><AGARI ba="0,0" hai="18,21,24,25,26,54,59,60,116,118,119" m="21903" machi="118" ten="30,1000,0" yaku="12,1" doraHai="74" who="3" fromWho="0" sc="189,-10,416,0,222,0,173,10" /><INIT seed="6,0,0,0,5,81" ten="179,416,222,183" oya="2" hai0="50,12,116,102,115,26,92,27,70,37,135,125,99" hai1="57,127,43,69,130,31,59,83,97,28,53,95,79" hai2="42,38,106,40,35,94,51,52,7,21,2,19,122" hai3="76,123,5,120,9,107,88,103,63,131,22,101,46"/><V4/><F106/><W23/><G131/><T93/><D37/><U66/><E130/><V11/><F35/><W104/><G76/><T114/><D70/><U77/><E127/><V48/><F38/><W65/><G46/><T84/><D125/><U113/><E113/><N who="0" m="43017" /><D135/><U126/><E126/><V121/><F7/><W6/><G9/><T33/><D33/><U18/><E43/><V41/><F48/><W73/><G65/><T68/><D68/><U17/><E69/><V45/><REACH who="2" step="1"/><F94/><REACH who="2" ten="179,416,212,183" step="2"/><W8/><G104/><T85/><D93/><U64/><E95/><V98/><F98/><W15/><G107/><T74/><D50/><U30/><E97/><V111/><F111/><W133/><G5/><T39/><D39/><U14/><E31/><V117/><F117/><W67/><G133/><T124/><D116/><U100/><E30/><V129/><F129/><W105/><G105/><T96/><D96/><U82/><E28/><V0/><F0/><W16/><G6/><T128/><D128/><U13/><E18/><V20/><F20/><W58/><G23/><T91/><D124/><U90/><E17/><V109/><F109/><W3/><G22/><T54/><D92/><U25/><E100/><N who="3" m="38474" /><G3/><T60/><D102/><U49/><E49/><V61/><F61/><W62/><G62/><T36/><D60/><U86/><E66/><V47/><F47/><W110/><G110/><T80/><D99/><U118/><E64/><V134/><F134/><W55/><G67/><T1/><D1/><U10/><E118/><V71/><F71/><W32/><G63/><T56/><D36/><RYUUKYOKU ba="0,1" sc="179,-10,416,-10,212,30,183,-10" hai2="2,4,11,19,21,40,41,42,45,51,52,121,122" /><INIT seed="6,1,1,0,3,100" ten="169,406,242,173" oya="2" hai0="135,60,122,27,65,70,92,0,37,114,12,30,63" hai1="11,8,49,2,103,78,86,36,46,64,41,47,9" hai2="93,111,77,110,107,117,95,133,90,124,89,62,88" hai3="66,85,21,1,126,15,23,43,129,3,82,134,57"/><V17/><F117/><W76/><G129/><T29/><D0/><U123/><E123/><V34/><F34/><W131/><G131/><T31/><D122/><U4/><E64/><V97/><F62/><N who="3" m="38223" /><G3/><T55/><D37/><U132/><E132/><V128/><F128/><W72/><G1/><T112/><D135/><U105/><E86/><V94/><F133/><W80/><G134/><T26/><D12/><U44/><E78/><V67/><F67/><W96/><G72/><T68/><D92/><N who="2" m="35434" /><F17/><W127/><G80/><T118/><D118/><U48/><E36/><V19/><F19/><W25/><G43/><T59/><REACH who="0" step="1"/><D70/><REACH who="0" ten="159,406,242,173" step="2"/><U33/><E2/><V14/><F14/><W104/><G15/><T13/><D13/><U99/><E4/><V84/><F95/><W6/><G6/><T116/><D116/><U130/><E130/><V109/><F110/><W38/><G38/><T98/><D98/><U61/><E9/><V51/><F97/><W45/><G25/><AGARI ba="1,2" hai="25,26,27,29,30,31,55,59,60,63,65,68,112,114" machi="25" ten="40,1300,0" yaku="1,1,53,0" doraHai="100" doraHaiUra="102" who="0" fromWho="3" sc="159,36,406,0,242,0,173,-16" /><INIT seed="7,0,0,4,1,126" ten="195,406,242,157" oya="3" hai0="68,29,60,87,65,61,25,73,132,115,107,49,105" hai1="89,66,1,34,42,37,119,90,27,45,70,19,63" hai2="91,12,110,79,130,127,58,3,114,128,97,104,22" hai3="17,131,93,112,39,134,6,54,10,69,111,85,102"/><W2/><G69/><T109/><D109/><U52/><E1/><V26/><F3/><W118/><G118/><T13/><D73/><U71/><E71/><V20/><F110/><W82/><G111/><T120/><D120/><U30/><E119/><V15/><F79/><W36/><G112/><T57/><D115/><U33/><E33/><V92/><F127/><W95/><G134/><T103/><D132/><U129/><E129/><N who="2" m="49771" /><F104/><W56/><G131/><T124/><D124/><U48/><E19/><N who="2" m="12639" /><F114/><W135/><G135/><T67/><D107/><U62/><E62/><V123/><F123/><W81/><G17/><T76/><D61/><U7/><E7/><V113/><F113/><W44/><G82/><T101/><D60/><U108/><E108/><V24/><F58/><AGARI ba="0,0" hai="27,30,34,37,42,45,48,52,58,63,66,70,89,90" machi="58" ten="30,7700,0" yaku="7,1,24,2,54,1" doraHai="126" who="1" fromWho="2" sc="195,0,406,77,242,-77,157,0" owari="195,0.0,483,57.0,165,-23.0,157,-34.0" /></mjloggm>