<mjloggm ver="2.3"><GO type="169" lobby="0"/><UN n0="%E3%83%88%E3%83%88%E3%83%AA%E5%85%88%E7%94%9F%31%39%E6%AD%B3" n1="%E5%BC%B1%E5%B0%8F%E9%9B%80%E8%8D%98%E5%BA%97%E5%93%A1" n2="%E6%97%85%E9%A4%A8%E5%B1%8B" n3="%41%6B%6B%69%79" dan="19,16,16,17" rate="2286.79,2074.65,2044.56,2163.41" sx="F,M,M,M"/><TAIKYOKU oya="0"/><INIT seed="0,0,0,2,0,55" ten="250,250,250,250" oya="0" hai0="16,116,54,22,51,38,81,3,114,39,88,74,117" hai1="41,68,27,53,11,71,63,78,59,49,120,64,124" hai2="60,20,8,125,19,30,94,96,80,129,104,42,100" hai3="14,34,9,44,18,111,4,15,23,108,109,97,134"/><T46/><D114/><U112/><E112/><V131/><F125/><W12/><G97/><T5/><D3/><U67/><E124/><V25/><F42/><W126/><G44/><T10/><D5/><U45/><E78/><V89/><F80/><W79/><G79/><T47/><D10/><U95/><E11/><V82/><F82/><W113/><G126/><T36/><D46/><U40/><E95/><V133/><F133/><W87/><G87/><T115/><D115/><U90/><E90/><V65/><F8/><W69/><G69/><N who="1" m="26698" /><E27/><V121/><F121/><W86/><G86/><T122/><D122/><U43/><E120/><V7/><F7/><W24/><G113/><T119/><D74/><U35/><E35/><V84/><REACH who="2" step="1"/><F30/><REACH who="2" ten="250,250,240,250" step="2"/><N who="3" m="19783" /><G134/><T13/><D81/><U91/><E91/><V17/><F17/><W28/><G28/><T37/><REACH who="0" step="1"/><D37/><REACH who="0" ten="240,250,240,250" step="2"/><U76/><E76/><V118/><F118/><W103/><G103/><T70/><D70/><AGARI ba="0,2" hai="19,20,25,60,65,70,84,89,94,96,100,104,129,131" machi="70" ten="40,1300,0" yaku="1,1,53,0" doraHai="55" doraHaiUra="1" who="2" fromWho="0" sc="240,-13,250,0,240,33,250,0" /><INIT seed="1,0,0,5,1,85" ten="227,250,273,250" oya="1" hai0="34,0,16,119,59,28,97,19,17,30,100,129,75" hai1="13,93,61,6,42,40,123,117,95,21,4,43,58" hai2="131,108,80,120,52,84,64,60,107,62,89,22,32" hai3="82,35,71,9,11,8,88,65,69,115,104,7,118"/><U47/><E117/><V56/><F120/><W74/><G104/><T86/><D119/><U106/><E106/><V54/><F32/><W27/><G115/><T78/><D75/><U68/><E68/><V101/><F108/><W36/><G36/><T15/><D0/><U10/><E123/><V41/><F131/><W48/><G74/><T124/><D129/><U57/><E47/><V130/><F130/><W73/><G73/><T1/><D1/><U90/><E21/><V29/><F41/><W63/><G71/><T66/><D124/><U132/><E132/><V31/><F22/><W18/><G118/><T112/><D112/><U33/><E33/><V102/><F107/><W116/><G116/><T98/><D15/><U127/><E127/><V81/><F81/><W46/><G18/><T113/><D34/><U70/><E4/><V135/><F135/><W67/><G67/><T14/><D14/><U96/><REACH who="1" step="1"/><E95/><REACH who="1" ten="227,240,273,250" step="2"/><V26/><F56/><W121/><G121/><T105/><D113/><U79/><E79/><V20/><F20/><W45/><G7/><T110/><D78/><U134/><E134/><V76/><F76/><W49/><G46/><T72/><D59/><U122/><E122/><V38/><F38/><W23/><G35/><T5/><D5/><U51/><E51/><V114/><F114/><W91/><G48/><T92/><D105/><U83/><E83/><V44/><F80/><W3/><G82/><T55/><D92/><U133/><E133/><V87/><F60/><W39/><G39/><T2/><D110/><U37/><E37/><V94/><F62/><RYUUKYOKU ba="0,1" sc="227,-10,240,30,273,-10,250,-10" hai1="6,10,13,40,42,43,57,58,61,70,90,93,96" /><INIT seed="1,1,1,5,2,95" ten="217,270,263,240" oya="1" hai0="1,76,72,5,120,110,86,30,9,131,15,66,50" hai1="108,91,70,26,105,73,32,81,44,74,106,117,57" hai2="135,71,126,78,88,16,37,27,12,49,101,63,87" hai3="64,103,25,6,17,98,40,23,31,67,7,60,127"/><U35/><E117/><V39/><F101/><W118/><G127/><T129/><D72/><U20/><E70/><V123/><F123/><W92/><G118/><T61/><D120/><U11/><E73/><V125/><F78/><W36/><G64/><T51/><D110/><U52/><E108/><V79/><F79/><W107/><G40/><T116/><D116/><U104/><E44/><V53/><F27/><W80/><G36/><T54/><D30/><U96/><E11/><V62/><F135/><W38/><G38/><T113/><D113/><U56/><E74/><V85/><F85/><W18/><G80/><N who="0" m="47367" /><D1/><U42/><E42/><V22/><F39/><W109/><G109/><T134/><D54/><U46/><E46/><N who="2" m="27831" /><F37/><W124/><G124/><N who="2" m="47721" /><F71/><W89/><G18/><T65/><D134/><U14/><E106/><V133/><F133/><W121/><G121/><T33/><D33/><U112/><E35/><V83/><AGARI ba="1,1" hai="12,16,22,62,63,83,87,88" m="47721,27831" machi="83" ten="30,4000,0" yaku="18,1,54,2" doraHai="95" who="2" fromWho="2" sc="217,-11,270,-21,263,53,240,-11" /><INIT seed="2,0,0,2,1,61" ten="206,249,316,229" oya="2" hai0="94,117,52,75,135,132,55,116,128,65,80,30,15" hai1="18,27,127,63,16,60,3,118,121,119,129,53,90" hai2="95,71,57,84,123,99,39,126,106,48,110,40,97" hai3="83,9,7,6,44,107,17,32,43,46,47,88,20"/><V49/><F123/><W74/><G107/><T125/><D128/><U85/><E121/><V82/><F71/><W130/><G32/><T133/><D125/><U58/><E129/><V67/><F126/><W124/><G124/><T100/><D30/><U45/><E127/><V68/><F68/><W36/><G130/><T0/><D0/><U51/><E3/><V38/><F38/><W64/><G64/><T25/><D25/><U12/><E27/><V103/><F110/><W26/><G7/><T81/><D65/><U54/><E63/><V28/><F28/><W87/><REACH who="3" step="1"/><G74/><REACH who="3" ten="206,249,316,219" step="2"/><T113/><D75/><U131/><E131/><V21/><F67/><W19/><G19/><T59/><D132/><U24/><E24/><V29/><F106/><W102/><G102/><T79/><D100/><U72/><E72/><V34/><F103/><W91/><G91/><T31/><D31/><U69/><E69/><V108/><F29/><W8/><G8/><T98/><D135/><U41/><E18/><V23/><F34/><W37/><G37/><T14/><D133/><U109/><E109/><V111/><F39/><W93/><G93/><T105/><D94/><U50/><E16/><V2/><F95/><W134/><G134/><T77/><D105/><U33/><E33/><V35/><F35/><W13/><AGARI ba="0,1" hai="6,9,13,17,20,26,36,43,44,46,47,83,87,88" machi="13" ten="20,5200,0" yaku="1,1,0,1,7,1,54,1,53,0" doraHai="61" doraHaiUra="115" who="3" fromWho="3" sc="206,-13,249,-13,316,-26,219,62" /><INIT seed="3,0,0,0,0,101" ten="193,236,290,281" oya="3" hai0="104,95,57,97,83,17,28,114,9,91,82,11,21" hai1="96,92,62,88,54,50,74,109,10,107,27,60,128" hai2="105,37,112,125,6,135,127,72,70,1,49,89,48" hai3="29,24,111,31,64,40,53,19,122,106,110,18,131"/><W85/><G64/><T121/><D121/><U118/><E74/><V32/><RYUUKYOKU type="yao9" ba="0,0" sc="193,0,236,0,290,0,281,0" hai2="1,6,32,37,48,49,70,72,89,105,112,125,127,135" /><INIT seed="3,1,0,0,5,102" ten="193,236,290,281" oya="3" hai0="129,109,66,79,124,4,96,28,21,127,8,88,133" hai1="117,23,27,86,47,33,73,30,15,85,53,82,26" hai2="68,22,126,38,11,41,74,61,50,101,94,57,72" hai3="12,114,9,19,104,54,39,128,77,118,55,2,106"/><W65/><G39/><T78/><D109/><U122/><E122/><V107/><F107/><W70/><G118/><T1/><D129/><U131/><E131/><V119/><F119/><W113/><G128/><T52/><D66/><U44/><E117/><V67/><F22/><W3/><G77/><T134/><D28/><U10/><E73/><V75/><F11/><W6/><G65/><T76/><D21/><U56/><E27/><V31/><F31/><W42/><G42/><T132/><D52/><U71/><E71/><V125/><F94/><AGARI ba="1,0" hai="1,4,8,76,78,79,88,94,96,124,127,132,133,134" machi="94" ten="50,3200,0" yaku="20,1,54,1" doraHai="102" who="0" fromWho="2" sc="193,35,236,0,290,-35,281,0" /><INIT seed="4,0,0,2,5,78" ten="228,236,255,281" oya="0" hai0="29,14,55,50,58,25,109,103,51,128,28,111,67" hai1="53,66,16,20,41,134,76,79,61,18,33,80,118" hai2="37,64,133,17,13,6,87,5,85,4,38,12,39" hai3="21,100,93,69,126,113,132,19,77,101,127,36,105"/><T122/><D122/><U120/><E120/><V104/><F104/><W110/><G69/><T108/><D128/><U46/><E118/><V119/><F119/><W72/><G36/><T8/><D103/><U106/><E33/><V31/><F133/><W1/><G1/><T24/><D67/><U98/><E134/><V123/><F31/><W52/><G52/><N who="0" m="32023" /><D28/><U82/><E106/><V65/><F17/><N who="1" m="6761" /><E20/><V34/><F34/><W117/><G105/><T125/><D125/><U68/><E68/><V70/><F70/><W74/><G117/><T135/><D135/><U30/><E30/><V59/><F59/><W99/><G110/><T116/><D29/><U114/><E98/><V107/><F107/><W130/><G101/><T115/><D115/><U15/><E15/><N who="2" m="5707" /><F123/><W43/><G43/><T97/><D97/><U48/><E66/><AGARI ba="0,0" hai="4,5,6,37,38,39,64,65,66,85,87" m="5707" machi="66" ten="40,2600,0" yaku="28,2" doraHai="78" who="2" fromWho="1" sc="228,0,236,-26,255,26,281,0" /><INIT seed="5,0,0,2,0,59" ten="228,210,281,281" oya="1" hai0="12,108,70,122,123,31,77,79,74,89,103,18,8" hai1="35,109,118,135,43,86,132,115,5,9,39,50,47" hai2="100,101,80,26,69,52,133,17,29,112,106,28,56" hai3="67,99,13,19,55,63,20,60,117,61,124,38,65"/><U87/><E35/><V46/><F69/><W54/><G38/><T37/><D108/><U25/><E118/><V104/><F104/><W82/><G124/><T33/><D37/><U90/><E109/><V44/><F106/><W125/><G125/><T51/><D103/><N who="2" m="39498" /><F133/><N who="1" m="51273" /><E115/><V75/><F75/><W94/><G117/><T53/><D70/><U10/><E25/><V119/><F80/><W41/><G41/><T3/><D3/><N who="1" m="191" /><E10/><V116/><F112/><W96/><G82/><T111/><D111/><U113/><E113/><V127/><F127/><W45/><G45/><N who="0" m="27887" /><D74/><U83/><E87/><V85/><F46/><W73/><G73/><T130/><D31/><U102/><E102/><V27/><F44/><W88/><G99/><T23/><D33/><U76/><E39/><V40/><F85/><W30/><G30/><T49/><D23/><U131/><E131/><V121/><F29/><W32/><G32/><T129/><D130/><U24/><E24/><V105/><F27/><W92/><G92/><T4/><D129/><U34/><E34/><V36/><F26/><W0/><G0/><T1/><D1/><U128/><E128/><V11/><F28/><W107/><G107/><T98/><D4/><U48/><E48/><V114/><F36/><W95/><G95/><N who="0" m="56687" /><D49/><U91/><AGARI ba="0,0" hai="43,47,50,76,83,86,90,91" m="191,51273" machi="91" ten="30,1500,0" yaku="20,1" doraHai="59" who="1" fromWho="1" sc="228,-5,210,15,281,-5,281,-5" /><INIT seed="5,1,0,0,1,96" ten="223,225,276,276" oya="1" hai0="77,113,135,85,40,31,10,109,52,110,80,97,102" hai1="106,101,28,93,73,126,42,103,12,89,74,114,125" hai2="60,38,55,48,79,4,120,70,17,134,57,121,98" hai3="128,51,130,30,66,133,35,2,20,7,26,9,6"/><U116/><E116/><V119/><F119/><W56/><G66/><T86/><D113/><U78/><E42/><V47/><F4/><W112/><G51/><T132/><D40/><U91/><E28/><V127/><F79/><W49/><G49/><T24/><D10/><U111/><E114/><V94/><F134/><N who="0" m="51242" /><D52/><U87/><E111/><N who="0" m="42505" /><D24/><U11/><E91/><V72/><F70/><W84/><G56/><T105/><D31/><U117/><E117/><V65/><F55/><W68/><G68/><T123/><D123/><U95/><E106/><V118/><F118/><W46/><G46/><T71/><D71/><U13/><E13/><V43/><F47/><W19/><G7/><T27/><D27/><U100/><E95/><V64/><F43/><W29/><G112/><T83/><D83/><U50/><E50/><V33/><F94/><W18/><G133/><T22/><D22/><U62/><E62/><V3/><F60/><W76/><G29/><T59/><D59/><U129/><E129/><N who="3" m="49770" /><G35/><T124/><D124/><N who="1" m="47723" /><E78/><V39/><F57/><W107/><G19/><AGARI ba="1,0" hai="11,12,19,73,74,87,89,93,100,101,103" m="47723" machi="19" ten="30,11600,0" yaku="18,1,52,3" doraHai="96" who="1" fromWho="3" sc="223,0,225,119,276,0,276,-119" /><INIT seed="5,2,0,5,4,54" ten="223,344,276,157" oya="1" hai0="66,33,74,13,3,127,48,107,129,81,79,122,112" hai1="131,78,42,91,43,11,64,1,53,36,19,6,67" hai2="98,117,133,80,71,17,93,58,30,50,29,56,103" hai3="132,135,31,111,130,119,69,94,83,70,88,61,92"/><U51/><E131/><V77/><F71/><W90/><G111/><T0/><D33/><U60/><E78/><V72/><F133/><N who="3" m="51275" /><G31/><T128/><D107/><U104/><E104/><V118/><F17/><W21/><G21/><T15/><D112/><U76/><E76/><V100/><F100/><W89/><G83/><T22/><D127/><U62/><E91/><V5/><F5/><W109/><G109/><T25/><D122/><U65/><E19/><V101/><F101/><W108/><G108/><T121/><D121/><U40/><REACH who="1" step="1"/><E36/><REACH who="1" ten="223,334,276,157" step="2"/><V110/><F77/><W23/><G130/><T38/><D38/><U75/><E75/><V134/><F72/><W55/><G119/><T95/><D129/><U99/><E99/><V18/><F98/><W68/><G23/><T41/><D128/><U16/><E16/><V125/><F18/><W27/><G27/><T8/><D22/><U47/><AGARI ba="2,1" hai="1,6,11,40,42,43,47,51,53,60,62,64,65,67" machi="47" ten="30,3000,0" yaku="1,1,0,1,53,0" doraHai="54" doraHaiUra="12" who="1" fromWho="1" sc="223,-12,334,46,276,-12,157,-12" /><INIT seed="5,3,0,2,2,17" ten="211,380,264,145" oya="1" hai0="55,48,28,101,72,37,82,109,97,130,93,57,40" hai1="88,34,11,132,84,23,91,44,56,7,117,123,86" hai2="39,25,113,95,12,110,118,120,1,52,10,102,53" hai3="9,8,63,87,3,30,45,0,19,89,77,32,18"/><U26/><E117/><V36/><F118/><W41/><G77/><T125/><D109/><U68/><E68/><V16/><F110/><W122/><G122/><T99/><D130/><U61/><E34/><V83/><F120/><W15/><G63/><T22/><D125/><U104/><E104/><V27/><F39/><W80/><G32/><T21/><D72/><U103/><E103/><V135/><F36/><W29/><G3/><T54/><D37/><U2/><E132/><V78/><F1/><W106/><G106/><T31/><D40/><U47/><E123/><V81/><F78/><W134/><G134/><T119/><D82/><N who="2" m="31242" /><F113/><W90/><G90/><N who="1" m="34346" /><E2/><V73/><F73/><W75/><G75/><T126/><D126/><U46/><E11/><V67/><F67/><W131/><G131/><T124/><D124/><U66/><E7/><V85/><F85/><W115/><G115/><T70/><D70/><U71/><E71/><V129/><F129/><W20/><G0/><T50/><D119/><U64/><E66/><V60/><F60/><W111/><G111/><T51/><D99/><U49/><E49/><N who="0" m="19049" /><D54/><N who="2" m="21098" /><F135/><W105/><G105/><T114/><D114/><U33/><E33/><V5/><F5/><W94/><G80/><T59/><D59/><U14/><E86/><V69/><F69/><W76/><G76/><T74/><D74/><U58/><E84/><V24/><F95/><W107/><G107/><T116/><D116/><U13/><E58/><V65/><F65/><W35/><G35/><T62/><D62/><U128/><E128/><V121/><F121/><W4/><G94/><RYUUKYOKU ba="3,0" sc="211,10,380,10,264,10,145,-30" hai0="21,22,28,31,51,55,57,93,97,101" hai1="13,14,23,26,44,46,47,56,61,64" hai2="10,12,16,24,25,27,102" /><INIT seed="5,4,0,0,2,52" ten="221,390,274,115" oya="1" hai0="118,17,0,56,87,22,77,121,43,74,30,117,41" hai1="133,119,103,66,93,58,23,111,15,114,7,85,106" hai2="69,84,78,45,72,16,68,71,31,112,129,36,134" hai3="131,122,125,128,102,51,135,3,107,88,60,55,39"/><U95/><E119/><V32/><F84/><W109/><G102/><T105/><D0/><U47/><E111/><V65/><F16/><W40/><G40/><T50/><D105/><U34/><E34/><V49/><F49/><W76/><G76/><T26/><D74/><U2/><E133/><V42/><F134/><W18/><G18/><T82/><D118/><U97/><E114/><V89/><F89/><W90/><G3/><T33/><D117/><U14/><E47/><V86/><F86/><W61/><G107/><T79/><D121/><U13/><E23/><V127/><F127/><W94/><G39/><T35/><D79/><U91/><E2/><V53/><F53/><W21/><G122/><T44/><D43/><U83/><REACH who="1" step="1"/><E7/><REACH who="1" ten="221,380,274,115" step="2"/><V29/><F112/><W100/><G109/><T12/><D35/><U1/><E1/><V48/><F45/><W124/><G135/><T130/><D33/><U63/><AGARI ba="4,1" hai="13,14,15,58,63,66,83,85,91,93,95,97,103,106" machi="63" ten="30,6000,0" yaku="1,1,0,1,52,1,53,0" doraHai="52" doraHaiUra="132" who="1" fromWho="1" sc="221,-24,380,82,274,-24,115,-24" /><INIT seed="5,5,0,4,3,105" ten="197,462,250,91" oya="1" hai0="102,26,108,63,101,2,70,1,95,56,35,83,91" hai1="23,78,80,68,84,8,61,47,18,41,122,132,21" hai2="112,51,4,99,59,42,74,19,39,93,73,20,131" hai3="94,37,60,133,29,129,87,62,22,32,53,33,110"/><U54/><E132/><V119/><F39/><W66/><G37/><T25/><D108/><U117/><E117/><V86/><F86/><W38/><G38/><T114/><D70/><U116/><E116/><V77/><F77/><W89/><G110/><T69/><D69/><U44/><E122/><V5/><F5/><W40/><G40/><T58/><D114/><U75/><E41/><V50/><F50/><W12/><G129/><T43/><D43/><U120/><E120/><V115/><F4/><W109/><G133/><T24/><D35/><U134/><E134/><V65/><F65/><W49/><G109/><T34/><D34/><U127/><E127/><V30/><F30/><W125/><G125/><T128/><D128/><U14/><E84/><V123/><F123/><W72/><G72/><T107/><D107/><U113/><E113/><N who="2" m="43595" /><F131/><W15/><G33/><T88/><D83/><U52/><E47/><N who="2" m="26103" /><F59/><N who="0" m="22570" /><D95/><U48/><REACH who="1" step="1"/><E54/><REACH who="1" ten="197,452,250,91" step="2"/><V46/><F46/><N who="3" m="27831" /><G66/><AGARI ba="5,1" hai="8,14,18,21,23,44,48,52,61,66,68,75,78,80" machi="66" ten="40,7700,0" yaku="1,1,52,1,54,1,53,0" doraHai="105" doraHaiUra="92" who="1" fromWho="3" sc="197,0,452,102,250,0,91,-92" owari="197,-20.0,554,65.0,250,5.0,-1,-50.0" /></mjloggm>