<mjloggm ver="2.3"><GO type="169" lobby="0"/><UN n0="%30%E3%81%8F%E3%83%BC%E3%81%AB%E3%82%83%E3%82%93%30" n1="%E3%83%AA%E3%83%81%E3%83%A3%21%21" n2="%6A%61%6E%79" n3="%E3%83%88%E3%83%88%E3%83%AA%E5%85%88%E7%94%9F%31%39%E6%AD%B3" dan="16,17,17,19" rate="2078.45,2225.15,2151.60,2299.84" sx="F,M,M,F"/><TAIKYOKU oya="0"/><INIT seed="0,0,0,2,3,44" ten="250,250,250,250" oya="0" hai0="114,4,8,20,94,51,113,81,100,45,10,109,57" hai1="102,127,38,14,122,68,49,108,133,35,22,6,80" hai2="73,12,98,65,37,71,66,93,27,53,70,7,132" hai3="88,67,123,99,41,117,54,25,2,24,128,3,85"/><T111/><D81/><U42/><E35/><V121/><F73/><W18/><G117/><T30/><D57/><U118/><E118/><V0/><F0/><W135/><G128/><T90/><D100/><U92/><E68/><V103/><F121/><W1/><G135/><T58/><D58/><U17/><E122/><V131/><F37/><W50/><G123/><T62/><D62/><U119/><E119/><V36/><F36/><W112/><G112/><T63/><D63/><U72/><E38/><V19/><F131/><W86/><G41/><N who="0" m="25007" /><D20/><U21/><E133/><V39/><F39/><W60/><G99/><N who="0" m="57815" /><D30/><U106/><E22/><V56/><F71/><W64/><G85/><T33/><D33/><U124/><E106/><V126/><F70/><W120/><G120/><T28/><D28/><U87/><E72/><V9/><F132/><W43/><G60/><T83/><D83/><U46/><E108/><N who="0" m="41545" /><D10/><U55/><E102/><V101/><F103/><W32/><G32/><T59/><D59/><U82/><E82/><V107/><F56/><N who="3" m="32855" /><G67/><T29/><D29/><U129/><E129/><V47/><F66/><W34/><G64/><T77/><D77/><N who="1" m="46479" /><E92/><V134/><F93/><N who="3" m="54423" /><G34/><T84/><D84/><U76/><E76/><V89/><F134/><W61/><G61/><T16/><D4/><U116/><E116/><V69/><F69/><W95/><G95/><T31/><D31/><U40/><E6/><V5/><F7/><W13/><G43/><T97/><D97/><U130/><E130/><V110/><F110/><W11/><G11/><T91/><D91/><U125/><AGARI ba="0,0" hai="14,17,21,40,42,46,49,55,124,125,127" m="46479" machi="125" ten="30,4000,0" yaku="5,1,18,1,52,1" doraHai="44" who="1" fromWho="1" sc="250,-20,250,40,250,-10,250,-10" /><INIT seed="1,0,0,2,1,91" ten="230,290,240,240" oya="1" hai0="78,103,36,51,98,107,121,23,44,87,90,80,118" hai1="11,63,48,123,19,32,47,21,16,27,42,134,127" hai2="18,114,0,122,110,25,62,133,54,116,34,84,52" hai3="43,88,45,77,4,20,31,113,129,3,89,50,35"/><U86/><E123/><V79/><F122/><W70/><G113/><T49/><D121/><U100/><E32/><V99/><F116/><W75/><G70/><T38/><D118/><U101/><E134/><V95/><F133/><W120/><G120/><T37/><D23/><U94/><E127/><V135/><F135/><W29/><G35/><T60/><D60/><U112/><E112/><V124/><F124/><W58/><G129/><T56/><D56/><U55/><E11/><V83/><F114/><W106/><G106/><T14/><D14/><U69/><E19/><V65/><F0/><W59/><G77/><T73/><REACH who="0" step="1"/><D44/><REACH who="0" ten="220,290,240,240" step="2"/><U26/><E26/><V111/><F25/><W125/><G59/><T117/><D117/><U5/><E69/><V104/><F62/><W41/><G58/><T6/><D6/><U9/><E63/><V40/><F34/><W132/><G132/><T109/><D109/><U130/><E130/><V39/><F111/><W57/><G57/><T67/><D67/><U13/><E42/><V33/><F40/><W61/><G61/><T28/><D28/><N who="3" m="10825" /><G125/><T15/><D15/><U46/><E46/><V96/><F33/><W74/><G20/><T97/><D97/><U22/><E21/><V7/><F99/><W1/><G41/><T131/><D131/><U68/><E68/><V102/><F96/><W10/><G3/><T119/><D119/><U105/><E105/><V12/><F104/><W66/><G66/><T71/><D71/><U126/><E126/><V24/><F65/><W115/><G115/><T8/><D8/><U17/><E5/><RYUUKYOKU ba="0,1" sc="220,10,290,10,240,-30,240,10" hai0="36,37,38,49,51,73,78,80,87,90,98,103,107" hai1="9,13,16,17,22,27,47,48,55,86,94,100,101" hai3="1,4,10,43,45,50,74,75,88,89" /><INIT seed="1,1,1,3,4,66" ten="230,300,210,250" oya="1" hai0="65,98,69,45,34,77,22,36,81,124,135,78,31" hai1="48,134,6,72,49,132,129,9,52,99,13,7,120" hai2="10,90,50,97,110,8,54,41,107,43,103,11,63" hai3="94,70,25,125,44,71,87,39,30,3,60,56,5"/><U88/><E120/><V0/><F110/><W96/><G125/><T105/><D22/><U20/><E72/><V109/><F109/><W76/><G5/><T26/><D78/><U100/><E129/><V58/><F0/><W67/><G3/><T83/><D83/><U86/><E48/><V42/><REACH who="2" step="1"/><F90/><REACH who="2" ten="230,300,200,250" step="2"/><W85/><G76/><T89/><D124/><U27/><E132/><V111/><F111/><W21/><G39/><T12/><D135/><U37/><E134/><V126/><F126/><W53/><G85/><T108/><D108/><U17/><E37/><V80/><F80/><W73/><G87/><T131/><D89/><U51/><E86/><V113/><F113/><W75/><G73/><N who="0" m="43183" /><D131/><U23/><E88/><V47/><AGARI ba="1,2" hai="8,10,11,41,42,43,47,50,54,58,63,97,103,107" machi="47" ten="30,2000,0" yaku="1,1,0,1,53,0" doraHai="66" doraHaiUra="2" who="2" fromWho="2" sc="230,-6,300,-11,200,43,250,-6" /><INIT seed="2,0,0,4,2,39" ten="224,289,243,244" oya="2" hai0="92,65,114,104,54,89,14,16,30,56,111,33,10" hai1="7,49,0,103,26,68,32,99,38,19,59,27,107" hai2="79,87,22,4,132,115,11,6,94,57,46,93,80" hai3="130,42,125,67,133,112,55,116,124,86,43,74,64"/><V52/><F115/><W129/><G74/><T50/><D114/><U120/><E38/><V44/><F132/><W31/><G112/><T81/><D104/><U123/><E68/><V9/><F22/><W5/><G133/><T73/><D111/><U135/><E135/><V96/><F9/><W28/><G86/><T37/><D37/><U85/><E32/><V76/><F76/><W41/><G55/><T119/><D119/><U69/><E69/><V13/><F6/><W21/><G5/><T101/><D33/><U12/><E85/><V2/><F2/><W34/><G34/><T51/><D30/><N who="3" m="11305" /><G21/><T134/><D134/><U71/><E71/><V62/><REACH who="2" step="1"/><F94/><REACH who="2" ten="224,289,233,244" step="2"/><W75/><G116/><T58/><D73/><U77/><E77/><V35/><F35/><W84/><G75/><T45/><D81/><U23/><E7/><V15/><F15/><W90/><G67/><T110/><D110/><U128/><E0/><V53/><F53/><W83/><G64/><T70/><D65/><U25/><E128/><AGARI ba="0,1" hai="41,42,43,83,84,90,124,125,128,129,130" m="11305" machi="128" ten="40,8000,1" yaku="19,1,52,3" doraHai="39" who="3" fromWho="1" sc="224,0,289,-80,233,0,244,90" /><INIT seed="3,0,0,4,3,22" ten="224,209,233,334" oya="3" hai0="78,104,77,85,101,118,127,70,26,41,42,130,128" hai1="121,115,83,2,71,52,0,28,82,58,112,15,88" hai2="40,111,109,98,57,24,50,61,32,95,108,69,76" hai3="13,25,90,36,62,129,110,96,67,59,75,10,17"/><W14/><G75/><T45/><D118/><U74/><E71/><V4/><F76/><W5/><G36/><T119/><D119/><U91/><E121/><V7/><F69/><W18/><G129/><N who="0" m="49771" /><D70/><U34/><E15/><V124/><F124/><W21/><G110/><T86/><D127/><U47/><E47/><N who="2" m="25959" /><F24/><W51/><G51/><T49/><D42/><U9/><E74/><V33/><F33/><W72/><G72/><T68/><D68/><U37/><E37/><V81/><F81/><W39/><G39/><T79/><D26/><U73/><E73/><V131/><F32/><W46/><G46/><T80/><D86/><U120/><E120/><V60/><F131/><W3/><G3/><T103/><D104/><U16/><E34/><V65/><F60/><W23/><G96/><T116/><D116/><U38/><E38/><V35/><F35/><W84/><G84/><T97/><D97/><U105/><E105/><V11/><F98/><W87/><G87/><T94/><D94/><U100/><E2/><N who="2" m="407" /><F95/><W132/><REACH who="3" step="1"/><G90/><AGARI ba="0,0" hai="41,45,49,77,78,79,80,85,90,101,103" m="49771" machi="90" ten="30,1000,0" yaku="19,1" doraHai="22" who="0" fromWho="3" sc="224,10,209,0,233,0,334,-10" /><INIT seed="4,0,0,5,1,51" ten="234,209,233,324" oya="0" hai0="133,65,18,61,36,32,128,88,54,94,41,8,37" hai1="27,132,57,103,71,106,95,35,115,50,20,10,63" hai2="120,118,127,60,67,33,107,19,7,1,4,42,45" hai3="125,21,85,29,117,47,11,26,52,62,77,79,56"/><T130/><D32/><U92/><E132/><V46/><F107/><W104/><G117/><T131/><D133/><U39/><E39/><V80/><F33/><W123/><G104/><T49/><D41/><U17/><E115/><V24/><F120/><W122/><G125/><T34/><D34/><U121/><E121/><N who="3" m="46090" /><G85/><N who="0" m="52495" /><D8/><U44/><E71/><V66/><F42/><W68/><G68/><N who="0" m="42031" /><D18/><U110/><E35/><V38/><F19/><W126/><G126/><T2/><D2/><U6/><E106/><V96/><F1/><W72/><G72/><T16/><D16/><U69/><E69/><V99/><F127/><W108/><G11/><T28/><D28/><U111/><E103/><V91/><F7/><W14/><G14/><T81/><D81/><U22/><E95/><V74/><F80/><W100/><G100/><T87/><D87/><U40/><E92/><V114/><F4/><W53/><G108/><T124/><D124/><U15/><REACH who="1" step="1"/><E20/><REACH who="1" ten="234,199,233,324" step="2"/><V82/><F82/><W116/><G116/><T83/><D83/><U86/><E86/><V90/><F118/><W9/><G9/><T73/><D73/><U48/><E48/><AGARI ba="0,1" hai="21,26,29,47,48,52,53,56,62,77,79" m="46090" machi="48" ten="30,7700,0" yaku="13,1,52,2,54,1" doraHai="51" who="3" fromWho="1" sc="234,0,199,-77,233,0,324,87" /><INIT seed="5,0,0,0,4,107" ten="234,122,233,411" oya="1" hai0="72,112,66,67,84,29,90,104,63,59,68,46,26" hai1="56,100,115,122,42,4,121,54,50,82,71,80,16" hai2="45,79,11,111,114,92,23,106,32,85,98,101,75" hai3="93,10,88,58,34,47,17,28,61,95,125,70,39"/><U102/><E71/><V53/><F32/><W13/><G70/><T55/><D104/><U64/><E64/><V124/><F23/><W119/><G125/><T123/><D72/><U35/><E35/><V120/><F120/><W89/><G119/><T30/><D123/><U86/><E115/><V49/><F111/><W8/><G34/><T116/><D116/><U25/><E4/><V134/><F134/><W117/><G117/><T31/><D112/><U37/><E80/><N who="2" m="45183" /><F11/><N who="3" m="6335" /><G39/><T128/><D128/><U18/><E37/><V24/><F24/><W132/><G28/><N who="0" m="10859" /><D46/><N who="1" m="25943" /><E121/><V19/><F19/><N who="1" m="7209" /><E25/><V87/><F114/><W131/><G47/><T83/><D68/><U6/><E6/><V0/><F0/><W48/><G48/><T62/><D63/><N who="1" m="36247" /><E122/><V12/><F124/><W73/><G73/><T69/><D69/><U105/><E105/><V15/><F85/><N who="3" m="52367" /><G131/><T44/><D44/><U43/><E43/><V81/><F106/><W5/><G5/><T41/><D41/><U57/><E57/><V91/><F15/><W2/><G2/><T109/><D109/><U74/><E74/><V40/><F12/><W22/><G22/><AGARI ba="0,0" hai="22,26,31,55,59,62,66,67,83,84,90" m="10859" machi="22" ten="30,1000,0" yaku="8,1" doraHai="107" who="0" fromWho="3" sc="234,10,122,0,233,0,411,-10" /><INIT seed="6,0,0,4,4,117" ten="244,122,233,401" oya="2" hai0="114,124,6,9,103,62,32,135,56,119,21,0,24" hai1="53,46,48,40,130,61,35,86,27,19,93,128,113" hai2="71,37,121,120,112,58,98,39,74,25,129,23,108" hai3="26,11,70,134,43,126,63,49,66,96,83,92,15"/><V73/><F71/><W69/><G134/><T38/><D38/><U31/><E113/><V57/><F112/><W106/><G106/><T45/><D114/><U85/><E19/><V123/><F129/><W100/><G126/><T17/><D32/><U91/><E61/><V82/><F98/><W50/><G69/><T97/><D135/><U36/><E85/><V2/><F2/><W133/><G133/><T29/><D124/><U7/><E7/><V44/><F108/><W64/><G64/><T12/><D45/><U79/><E79/><V77/><F74/><W84/><G26/><T115/><D115/><U95/><E95/><V90/><F90/><W76/><G43/><T28/><D119/><U8/><E8/><V99/><F99/><W111/><G111/><T20/><D0/><U94/><E94/><V22/><F22/><W122/><G122/><T107/><D21/><U18/><E18/><AGARI ba="0,0" hai="11,15,18,49,50,63,66,70,76,83,84,92,96,100" machi="18" ten="30,1000,0" yaku="7,1" doraHai="117" who="3" fromWho="1" sc="244,0,122,-10,233,0,401,10" /><INIT seed="7,0,0,0,4,101" ten="244,112,233,411" oya="3" hai0="125,81,2,75,17,130,1,115,62,71,112,80,116" hai1="65,96,79,118,77,31,42,20,56,0,64,7,91" hai2="99,54,35,36,9,134,102,34,58,38,128,46,119" hai3="100,8,5,24,4,3,126,114,43,30,135,60,45"/><W105/><G5/><T47/><D47/><U33/><E33/><V61/><F119/><W32/><G60/><T18/><D62/><U106/><E0/><V12/><F128/><W11/><G11/><T129/><D125/><U109/><E118/><V90/><F134/><W113/><G135/><T16/><D116/><U53/><E109/><V39/><F90/><W84/><G84/><T40/><D40/><U86/><E7/><V110/><F46/><W108/><G108/><T83/><D71/><U121/><E121/><V78/><F78/><W52/><G52/><T104/><D104/><U95/><E42/><V132/><F110/><W66/><G66/><T28/><D28/><U13/><E77/><V49/><F61/><W88/><G88/><T131/><D75/><U37/><E37/><V85/><F85/><W67/><G67/><T26/><D26/><U107/><E31/><V25/><F25/><W73/><G73/><T72/><D72/><U15/><E15/><V111/><F132/><W94/><G94/><T127/><D127/><U97/><E97/><V55/><F111/><W68/><G68/><T50/><D50/><U27/><E79/><V98/><F55/><W70/><G70/><T74/><D74/><U51/><E96/><N who="2" m="36907" /><F102/><W6/><G100/><T69/><D69/><U59/><E59/><V133/><F133/><W82/><G45/><T120/><D120/><U103/><E103/><V41/><F41/><W22/><G43/><T123/><D123/><U29/><REACH who="1" step="1"/><E13/><REACH who="1" ten="244,102,233,411" step="2"/><V48/><F34/><W124/><G32/><T89/><D89/><U19/><E19/><RYUUKYOKU ba="0,1" sc="244,15,102,15,233,-15,411,-15" hai0="1,2,16,17,18,80,81,83,112,115,129,130,131" hai1="20,27,29,51,53,56,64,65,86,91,95,106,107" owari="259,6.0,117,-38.0,218,-18.0,406,50.0" /></mjloggm>