<mjloggm ver="2.3"><GO type="169" lobby="0"/><UN n0="%E3%82%A6%E3%83%AB%E3%83%88%E3%83%A9%E7%AB%8B%E7%9B%B4" n1="%E9%9B%80%E5%A3%AB%E3%81%AC%E3%82%8B%E3%82%8A%E3%82%93" n2="%E3%82%A4%E3%83%8B%E3%82%A8%E3%82%B9%E3%82%BF" n3="%5A%5C%70%5A" dan="17,16,18,16" rate="2178.34,2071.39,2222.74,2074.14" sx="M,M,M,M"/><TAIKYOKU oya="0"/><INIT seed="0,0,0,3,5,80" ten="250,250,250,250" oya="0" hai0="108,110,72,30,102,27,78,124,22,74,105,68,51" hai1="95,87,92,18,132,85,61,66,4,64,2,79,129" hai2="55,47,65,88,11,42,128,63,62,33,133,135,26" hai3="111,40,106,3,127,58,8,118,67,90,69,71,19"/><T46/><D68/><U6/><E132/><N who="2" m="50763" /><F11/><W100/><G8/><T41/><D78/><U10/><E129/><V49/><F128/><W103/><G58/><T116/><D116/><U99/><E4/><V37/><F33/><W48/><G67/><T21/><D124/><U84/><E79/><V114/><F26/><W1/><G19/><T28/><D102/><U104/><E18/><V91/><F114/><W119/><G90/><N who="2" m="34345" /><F65/><W35/><G35/><T77/><D105/><U7/><E7/><V52/><F55/><W29/><G127/><T50/><D77/><U45/><E66/><V107/><F107/><W25/><G106/><T134/><D134/><U120/><E120/><V36/><F36/><W34/><G34/><T44/><REACH who="0" step="1"/><D27/><REACH who="0" ten="240,250,250,250" step="2"/><U97/><E45/><AGARI ba="0,1" hai="37,42,45,47,49,52,62,63" m="34345,50763" machi="45" ten="30,3900,0" yaku="20,1,54,2" doraHai="80" who="2" fromWho="1" sc="240,0,250,-39,250,49,250,0" /><INIT seed="1,0,0,1,3,33" ten="240,211,299,250" oya="1" hai0="9,80,95,35,20,78,110,48,103,133,70,99,76" hai1="83,38,71,129,24,102,11,47,90,93,40,86,63" hai2="75,64,98,25,81,44,113,21,55,18,53,92,135" hai3="52,15,14,36,10,74,84,85,126,26,88,49,54"/><U131/><E24/><V124/><F135/><W123/><G74/><T6/><D35/><U69/><E11/><V128/><F128/><N who="1" m="49225" /><E63/><V127/><F64/><W37/><G126/><N who="2" m="48169" /><F113/><W61/><G123/><T1/><D70/><U50/><E38/><V8/><F44/><W109/><G109/><T30/><D110/><U119/><E119/><V68/><F68/><W117/><G117/><T72/><D133/><U45/><E45/><V4/><F81/><W65/><G26/><T79/><D30/><U39/><E39/><V112/><F75/><W16/><G15/><T27/><D48/><U122/><E122/><V60/><F60/><W100/><G54/><T34/><D34/><U96/><AGARI ba="0,0" hai="40,47,50,69,71,83,86,90,93,96,102" m="49225" machi="96" ten="30,1500,0" yaku="19,1" doraHai="33" who="1" fromWho="1" sc="240,-5,211,15,299,-5,250,-5" /><INIT seed="1,1,0,3,1,119" ten="235,226,294,245" oya="1" hai0="21,66,28,42,94,73,18,3,17,67,111,124,15" hai1="100,25,43,122,54,117,72,44,46,90,133,95,105" hai2="0,9,126,69,11,132,22,120,60,131,6,59,115" hai3="92,34,62,77,37,24,93,128,84,19,12,56,78"/><U121/><E117/><V50/><F69/><W26/><G34/><T39/><D73/><U81/><E133/><V4/><F50/><W91/><G37/><T118/><D118/><U41/><E25/><N who="3" m="9834" /><G93/><T27/><D3/><U76/><E54/><V53/><F132/><W55/><G128/><T116/><D116/><U1/><E1/><V2/><F131/><W45/><G45/><T29/><D111/><U65/><E65/><V16/><F126/><W89/><G89/><T47/><D124/><U23/><E23/><AGARI ba="1,0" hai="12,19,23,55,56,62,77,78,84,91,92" m="9834" machi="23" ten="30,1000,0" yaku="8,1" doraHai="119" who="3" fromWho="1" sc="235,0,226,-13,294,0,245,13" /><INIT seed="2,0,0,3,4,80" ten="235,213,294,258" oya="2" hai0="60,46,79,53,38,50,65,17,35,36,54,118,83" hai1="14,21,0,62,111,71,1,105,102,127,13,92,119" hai2="122,57,101,30,15,115,99,85,45,10,90,26,55" hai3="32,64,135,20,76,67,51,44,96,8,88,133,69"/><V66/><F115/><W91/><G32/><T116/><D35/><U40/><E119/><N who="0" m="45609" /><D17/><U84/><E111/><V103/><F122/><W109/><G109/><T107/><D107/><U110/><E110/><V6/><F66/><W104/><G76/><T74/><D54/><U61/><E127/><V24/><F45/><W59/><G59/><AGARI ba="0,0" hai="36,38,46,50,53,59,60,65,74,79,83" m="45609" machi="59" ten="30,1000,0" yaku="12,1" doraHai="80" who="0" fromWho="3" sc="235,10,213,0,294,0,258,-10" /><INIT seed="3,0,0,1,0,78" ten="245,213,294,248" oya="3" hai0="37,109,92,98,88,10,33,66,65,30,29,135,56" hai1="6,3,72,23,43,110,9,58,44,103,101,119,15" hai2="75,59,21,106,18,132,70,45,73,126,91,76,130" hai3="68,2,61,39,96,80,38,32,113,99,134,67,114"/><W8/><G134/><T11/><D37/><U118/><E110/><V52/><F70/><W74/><G96/><T17/><D109/><U85/><E72/><V87/><F106/><W48/><G48/><T128/><D128/><U57/><E85/><V63/><F126/><W107/><G32/><T36/><D36/><N who="3" m="13865" /><G8/><N who="0" m="3115" /><D33/><U1/><E44/><V34/><F34/><W124/><G124/><T120/><D120/><U12/><E43/><V133/><F45/><W47/><G47/><T40/><D40/><U26/><E9/><V81/><F130/><W116/><G116/><T111/><D111/><U71/><E71/><V27/><REACH who="2" step="1"/><F75/><REACH who="2" ten="245,213,284,248" step="2"/><W84/><G68/><T104/><D104/><U129/><E129/><V51/><F51/><W115/><G115/><T7/><D135/><U77/><E77/><V46/><F46/><W121/><G74/><T117/><D117/><U95/><E95/><AGARI ba="0,1" hai="18,21,27,52,59,63,73,76,81,87,91,95,132,133" machi="95" ten="40,8000,1" yaku="1,1,52,1,54,1,53,2" doraHai="78" doraHaiUra="131" who="2" fromWho="1" sc="245,0,213,-80,284,90,248,0" /><INIT seed="4,0,0,1,5,107" ten="245,133,374,248" oya="0" hai0="24,47,61,0,21,125,29,85,44,34,88,62,122" hai1="28,111,23,133,8,97,96,116,27,90,30,71,37" hai2="108,98,124,95,126,70,66,83,121,109,69,94,16" hai3="106,135,22,4,26,11,7,25,134,64,60,17,36"/><T63/><D122/><U72/><E116/><V56/><F121/><W112/><G36/><T128/><D0/><U114/><E111/><V59/><F83/><W19/><G106/><T104/><D104/><U76/><E37/><V35/><F35/><W101/><G101/><T12/><D128/><U132/><E71/><V127/><F16/><N who="3" m="6219" /><G112/><T123/><D123/><U93/><E114/><V81/><F81/><W68/><G60/><T10/><D34/><U73/><E76/><V130/><F130/><W99/><G99/><T57/><D57/><N who="2" m="22090" /><F66/><W58/><G58/><T79/><D79/><U115/><E115/><V54/><F54/><W129/><G64/><T20/><D20/><U74/><E30/><V113/><F113/><W14/><G68/><N who="2" m="26217" /><F95/><W82/><G82/><N who="0" m="49207" /><D125/><U18/><REACH who="1" step="1"/><E97/><REACH who="1" ten="245,123,374,248" step="2"/><V89/><AGARI ba="0,1" hai="89,94,98,108,109,124,126,127" m="26217,22090" machi="89" ten="40,1500,0" yaku="18,1" doraHai="107" who="2" fromWho="2" sc="245,-7,123,-4,374,25,248,-4" /><INIT seed="5,0,0,0,3,119" ten="238,119,399,244" oya="1" hai0="96,50,76,106,74,120,6,85,4,110,126,121,8" hai1="111,69,0,1,129,21,12,30,92,113,43,51,60" hai2="45,108,18,84,73,14,131,36,39,130,59,90,132" hai3="107,133,81,42,80,15,89,135,48,62,116,26,114"/><U87/><E113/><V112/><F73/><W7/><G116/><T37/><D37/><U52/><E129/><V100/><F108/><W67/><G107/><T34/><D74/><U97/><E111/><V75/><F75/><W22/><G114/><T93/><D34/><U125/><E125/><V79/><F79/><W24/><G24/><T47/><D110/><U5/><E87/><V40/><F100/><W134/><G48/><T104/><D126/><U28/><E43/><V38/><F59/><N who="3" m="37343" /><G89/><T9/><D76/><U102/><E69/><V71/><F132/><W117/><G42/><T33/><D33/><U55/><E60/><V29/><F29/><N who="3" m="17623" /><G117/><T53/><D85/><U56/><E55/><V77/><F77/><W46/><G46/><T2/><D106/><U128/><E128/><N who="2" m="49195" /><F71/><W32/><G32/><T72/><D104/><U20/><E1/><V98/><F98/><W61/><G61/><T64/><D64/><U86/><E0/><V44/><F44/><W91/><G91/><T10/><D72/><U11/><REACH who="1" step="1"/><E86/><REACH who="1" ten="238,109,399,244" step="2"/><V68/><F68/><W115/><G115/><T65/><D2/><U99/><E99/><V101/><F112/><W57/><G134/><T3/><D3/><U123/><E123/><N who="0" m="47177" /><D65/><U103/><E103/><AGARI ba="0,1" hai="4,6,8,9,10,47,50,53,93,96,103" m="47177" machi="103" ten="30,7700,0" yaku="13,1,52,3" doraHai="119" who="0" fromWho="1" sc="238,87,109,-77,399,0,244,0" /><INIT seed="6,0,0,2,2,92" ten="325,32,399,244" oya="2" hai0="26,108,96,70,102,36,61,109,114,119,83,31,88" hai1="123,37,12,82,81,54,122,47,51,9,10,130,50" hai2="72,17,132,34,115,93,125,113,27,42,87,107,22" hai3="14,60,84,95,41,110,1,66,18,32,43,5,76"/><V20/><F107/><W64/><G32/><T112/><D36/><U90/><E37/><V53/><F72/><W127/><G127/><T89/><D119/><U45/><E130/><V106/><F106/><W74/><G74/><T105/><D83/><U94/><E94/><V68/><F68/><W58/><G1/><T55/><D109/><U21/><E21/><V100/><F42/><N who="3" m="15883" /><G5/><T65/><D55/><U78/><E12/><V71/><F71/><W91/><G76/><T0/><D0/><U16/><E54/><V39/><F39/><W48/><G48/><T52/><D52/><U124/><E78/><V19/><F34/><W86/><G66/><T62/><D62/><U111/><E90/><V75/><F75/><W63/><G63/><T25/><D108/><U28/><E28/><V133/><F53/><W59/><G59/><T35/><D25/><U126/><REACH who="1" step="1"/><E111/><REACH who="1" ten="325,22,399,244" step="2"/><V73/><F22/><N who="3" m="11607" /><G110/><T80/><D80/><U33/><E33/><V120/><F20/><W40/><G40/><T118/><D118/><U38/><E38/><V2/><F2/><W67/><G67/><T57/><D57/><U79/><E79/><V56/><F56/><W131/><G131/><T117/><D117/><U98/><E98/><AGARI ba="0,1" hai="58,60,64,84,86,91,95,98" m="11607,15883" machi="98" ten="30,2000,0" yaku="8,1,52,1" doraHai="92" who="3" fromWho="1" sc="325,0,22,-20,399,0,244,30" /><INIT seed="7,0,0,2,3,62" ten="325,2,399,274" oya="3" hai0="108,116,74,87,69,53,81,6,72,18,65,67,2" hai1="91,105,52,31,51,125,58,122,27,26,110,134,107" hai2="96,1,36,24,41,19,83,22,95,104,70,130,39" hai3="0,73,102,133,113,68,45,100,14,10,25,82,97"/><W8/><G0/><T43/><D108/><U44/><E110/><V64/><F104/><W48/><G68/><T57/><D116/><U99/><E122/><V94/><F1/><W126/><G126/><T55/><D69/><U13/><E125/><V86/><F130/><W109/><G109/><T47/><D2/><U92/><E134/><V38/><F41/><W75/><G133/><T12/><D6/><U89/><E89/><V71/><F64/><N who="0" m="24650" /><D72/><U76/><E76/><V131/><F131/><W119/><G119/><T114/><D74/><U37/><E13/><V46/><F46/><W118/><G118/><T112/><D57/><U40/><E27/><V117/><F117/><W66/><G66/><T63/><D63/><U111/><E111/><V101/><REACH who="2" step="1"/><F95/><REACH who="2" ten="325,2,389,274" step="2"/><W135/><G135/><T79/><D43/><U33/><AGARI ba="0,1" hai="26,31,33,37,40,44,51,52,58,91,92,99,105,107" machi="33" ten="20,2700,0" yaku="0,1,7,1,54,1" doraHai="62" who="1" fromWho="1" sc="325,-7,2,37,389,-7,274,-13" owari="318,12.0,39,-46.0,382,48.0,261,-14.0" /></mjloggm>