<mjloggm ver="2.3"><GO type="169" lobby="0"/><UN n0="%E4%BA%8C%E9%9A%8E%E5%A0%82%E7%91%A0%E7%BE%8E%E3%81%AE%E4%BD%BF%E8%80%85" n1="%3D%4A%61%6D" n2="%E3%82%B3%E3%83%9E%E3%83%84%E3%81%AE%E9%85%92" n3="%E3%82%A6%E3%83%AB%E3%83%88%E3%83%A9%E7%AB%8B%E7%9B%B4" dan="16,16,16,18" rate="2067.85,2093.02,2107.53,2268.20" sx="M,M,M,M"/><TAIKYOKU oya="0"/><INIT seed="0,0,0,4,5,93" ten="250,250,250,250" oya="0" hai0="46,62,79,97,58,81,101,122,17,48,111,76,131" hai1="107,78,70,84,118,29,22,14,20,10,28,44,124" hai2="82,3,50,33,69,108,61,123,27,104,72,24,80" hai3="32,109,13,66,121,35,74,98,85,7,86,71,112"/><T47/><D122/><U34/><E70/><V130/><F3/><W96/><G74/><T119/><D119/><U102/><E118/><V68/><F108/><W127/><G112/><T25/><D111/><U53/><E124/><V87/><F104/><W45/><G109/><T23/><D131/><U105/><E34/><V75/><F50/><W125/><G45/><T36/><D36/><U128/><E128/><V120/><F87/><N who="3" m="33291" /><G121/><T5/><D5/><U38/><E84/><V100/><F100/><W4/><G66/><T83/><D83/><U26/><E78/><V115/><F130/><W90/><G90/><T1/><D1/><U39/><E53/><V99/><F61/><W63/><G63/><T57/><D81/><U31/><E31/><V19/><F33/><N who="3" m="12875" /><G13/><T67/><D58/><U40/><E102/><V89/><F89/><W91/><G91/><T11/><D11/><U9/><E9/><V0/><F0/><W103/><G103/><T21/><D21/><U55/><E55/><V126/><F126/><N who="3" m="48139" /><G71/><T59/><D59/><U16/><REACH who="1" step="1"/><E38/><REACH who="1" ten="250,240,250,250" step="2"/><V51/><F120/><W88/><G88/><T132/><D79/><U2/><E2/><V49/><F123/><W8/><G8/><T114/><D76/><U43/><E43/><V15/><F69/><W73/><G73/><T37/><D37/><U65/><E65/><V113/><F68/><W77/><G77/><T42/><D42/><U6/><E6/><AGARI ba="0,1" hai="4,6,7,96,98" m="48139,12875,33291" machi="6" ten="40,8000,1" yaku="28,2,18,1,52,2" doraHai="93" who="3" fromWho="1" sc="250,0,240,-80,250,0,250,90" /><INIT seed="1,0,0,0,4,109" ten="250,160,250,340" oya="1" hai0="74,65,53,50,128,104,47,135,110,37,79,27,28" hai1="3,32,26,23,76,92,101,11,105,71,70,120,24" hai2="85,100,39,21,111,95,83,43,34,89,73,131,113" hai3="84,5,129,0,9,14,77,125,44,96,7,98,68"/><U20/><E105/><V49/><F34/><W13/><G68/><T115/><D104/><U75/><E120/><V19/><F111/><W17/><G0/><T118/><D118/><U106/><E106/><V123/><F123/><W22/><G129/><T45/><D110/><U60/><E32/><V58/><F39/><W80/><G125/><T87/><D74/><U59/><E76/><V51/><F131/><W25/><G44/><T117/><D117/><U126/><E75/><V134/><F134/><W116/><G116/><T94/><D135/><U103/><E126/><V97/><F43/><W119/><G119/><T130/><D65/><U29/><E3/><V112/><F73/><W6/><REACH who="3" step="1"/><G14/><REACH who="3" ten="250,160,250,330" step="2"/><T55/><D47/><U1/><E70/><V10/><F58/><W42/><G42/><T114/><D128/><U12/><E1/><V30/><F30/><AGARI ba="0,1" hai="5,6,7,9,13,17,22,25,30,77,80,84,96,98" machi="30" ten="40,8000,1" yaku="1,1,8,1,53,3" doraHai="109" doraHaiUra="2" who="3" fromWho="2" sc="250,0,160,0,250,-80,330,90" /><INIT seed="2,0,0,0,1,5" ten="250,160,170,420" oya="2" hai0="21,126,79,0,76,120,86,67,104,15,131,68,44" hai1="81,133,46,78,62,102,43,16,75,27,74,90,65" hai2="87,84,30,91,55,103,118,63,49,31,7,88,123" hai3="57,99,41,100,134,77,35,109,1,112,61,111,101"/><V3/><F118/><W53/><G35/><T125/><D0/><U39/><E133/><V93/><F123/><W28/><G1/><T83/><D120/><U117/><E117/><V119/><F119/><W17/><G28/><T105/><D131/><U45/><E102/><V115/><F115/><W135/><G77/><T113/><D79/><U64/><E45/><V98/><F63/><W42/><G17/><N who="0" m="10431" /><D44/><U29/><E90/><V40/><F40/><N who="3" m="15467" /><G101/><T18/><D18/><U73/><E64/><V47/><F7/><W22/><G22/><T130/><D130/><U23/><REACH who="1" step="1"/><E29/><REACH who="1" ten="250,150,170,420" step="2"/><V70/><F70/><AGARI ba="0,1" hai="16,23,27,39,43,46,62,65,70,73,74,75,78,81" machi="70" ten="30,7700,0" yaku="1,1,2,1,7,1,54,1,53,0" doraHai="5" doraHaiUra="50" who="1" fromWho="2" sc="250,0,150,87,170,-77,420,0" /><INIT seed="3,0,0,4,3,95" ten="250,237,93,420" oya="3" hai0="114,6,36,22,109,121,66,80,106,71,32,52,63" hai1="105,3,37,126,13,40,120,99,92,90,130,132,122" hai2="88,39,23,47,111,112,113,98,29,70,94,50,96" hai3="108,102,17,124,8,55,4,20,2,135,57,31,77"/><W38/><G38/><T1/><D121/><U64/><E3/><V116/><F116/><W75/><G124/><T118/><D32/><U101/><E64/><V78/><F39/><W11/><G135/><T82/><D118/><U117/><E117/><V19/><F70/><W12/><G108/><T48/><D109/><U83/><E13/><V128/><F111/><W67/><G67/><T26/><D106/><U51/><E51/><V5/><F128/><W34/><G102/><T24/><D114/><U127/><E40/><V89/><F78/><W28/><G77/><T45/><D36/><U58/><E58/><V56/><F29/><N who="3" m="11339" /><G55/><T33/><D33/><U18/><E18/><V72/><F72/><W87/><G87/><T43/><D43/><U69/><E69/><V16/><F5/><N who="3" m="1079" /><G57/><T134/><D134/><U65/><E65/><V86/><F56/><W10/><G75/><T81/><D6/><U115/><E37/><V103/><F112/><W61/><G61/><T44/><D1/><U14/><E115/><V41/><F113/><W9/><G34/><T35/><D35/><U73/><E132/><V74/><F74/><W42/><G42/><T68/><D68/><U30/><E126/><V0/><F0/><AGARI ba="0,0" hai="0,4,9,10,11,12,17,20" m="1079,11339" machi="0" ten="30,12000,1" yaku="35,5" doraHai="95" who="3" fromWho="2" sc="250,0,237,0,93,-120,420,120" owari="250,5.0,237,-16.0,-27,-53.0,540,64.0" /></mjloggm>