<mjloggm ver="2.3"><GO type="169" lobby="0"/><UN n0="%E5%B0%B1%E6%B4%BB%E7%94%9F%40%E5%B7%9D%E6%9D%91%E8%BB%8D%E5%9B%A3" n1="%E3%82%AF%E3%83%AD%E3%82%B9%E3%83%AD%E3%83%BC%E3%83%AB" n2="%73%68%6F%6F%74%33%39" n3="%E3%81%93%E3%81%98%E3%81%BE%E3%82%82%E3%82%93" dan="18,16,17,17" rate="2276.31,2046.79,2175.85,2167.64" sx="M,M,M,M"/><TAIKYOKU oya="0"/><INIT seed="0,0,0,0,4,52" ten="250,250,250,250" oya="0" hai0="12,134,41,66,75,47,11,9,84,32,35,42,65" hai1="104,46,133,106,76,36,2,103,95,63,0,29,118" hai2="88,43,4,101,102,129,40,18,105,107,71,34,80" hai3="56,7,122,110,24,113,67,86,96,19,91,112,14"/><T33/><D75/><U109/><E118/><V68/><F4/><W82/><G110/><T61/><D134/><U58/><E109/><V126/><F80/><W62/><G122/><T25/><D66/><U77/><E29/><V17/><F34/><W131/><G131/><T94/><D25/><U21/><E133/><V60/><F60/><W6/><G96/><T38/><D42/><U59/><E63/><V108/><F108/><W44/><G44/><T5/><D11/><U100/><E46/><V97/><F97/><W31/><G112/><T114/><D114/><U124/><E21/><V89/><REACH who="2" step="1"/><F126/><REACH who="2" ten="250,250,240,250" step="2"/><W87/><G113/><T127/><D127/><U64/><E124/><V54/><F54/><W48/><G86/><T121/><D121/><U90/><E64/><V37/><F37/><W10/><REACH who="3" step="1"/><G48/><REACH who="3" ten="250,250,240,240" step="2"/><T1/><D84/><U93/><E36/><V98/><F98/><W111/><G111/><T74/><D74/><U26/><E90/><V3/><F3/><W119/><G119/><T81/><D1/><U8/><E2/><V16/><F16/><W120/><G120/><T15/><D38/><U57/><E0/><V115/><F115/><W92/><G92/><T125/><D94/><N who="1" m="35851" /><E106/><V27/><F27/><W72/><G72/><T85/><D125/><U30/><E104/><V55/><F55/><W116/><G116/><T99/><D99/><U49/><E49/><V69/><F69/><W53/><G53/><T117/><D117/><U135/><E103/><V22/><F22/><AGARI ba="0,2" hai="6,7,10,14,19,22,24,31,56,62,67,82,87,91" machi="22" ten="30,8000,1" yaku="1,1,7,1,8,1,52,1,53,1" doraHai="52" doraHaiUra="13" who="3" fromWho="2" sc="250,0,250,0,240,-80,240,100" /><INIT seed="1,0,0,5,2,45" ten="250,250,160,340" oya="1" hai0="92,51,71,77,125,11,44,120,54,26,73,78,117" hai1="25,107,88,69,66,75,3,113,132,109,93,49,38" hai2="135,133,76,7,65,103,90,28,63,119,27,5,100" hai3="46,81,21,72,118,4,30,2,96,24,31,121,40"/><U70/><E113/><V102/><F119/><W41/><G121/><T56/><D117/><U68/><E38/><V39/><F39/><W33/><G118/><T19/><D71/><U52/><E107/><V12/><F76/><W114/><G114/><T124/><D120/><U127/><E3/><V35/><F90/><W48/><G2/><T110/><D110/><U104/><E104/><V32/><F32/><W14/><G96/><T122/><D122/><U116/><E116/><V16/><F63/><W20/><G40/><T43/><D92/><U59/><E75/><V115/><F65/><W94/><G94/><T9/><D9/><U126/><E109/><V15/><F115/><W55/><G55/><T111/><D111/><U131/><E25/><V89/><F89/><W6/><G33/><T95/><D95/><U18/><E18/><V99/><F99/><W105/><G105/><T47/><D78/><U134/><E66/><V130/><F130/><W123/><G123/><T112/><D77/><U23/><E23/><N who="2" m="11679" /><F12/><W62/><G81/><T64/><D26/><U13/><E13/><V22/><F22/><W97/><G97/><T37/><D73/><U91/><E131/><V67/><F67/><W87/><G72/><T84/><D112/><U1/><E91/><V74/><F74/><W10/><G14/><N who="0" m="7647" /><D84/><N who="1" m="52359" /><E1/><V42/><F42/><W53/><G87/><T0/><D0/><U36/><E36/><V61/><F61/><W86/><G86/><T58/><D64/><U98/><E98/><V60/><F60/><W106/><G106/><T50/><D37/><U34/><E34/><RYUUKYOKU ba="0,0" sc="250,10,250,10,160,10,340,-30" hai0="43,44,47,50,51,54,56,58,124,125" hai1="49,52,59,68,69,70,126,127,132,134" hai2="5,7,27,28,35,100,102,103,133,135" /><INIT seed="1,1,0,4,4,131" ten="260,260,170,310" oya="1" hai0="125,108,50,89,62,73,71,57,95,43,36,114,126" hai1="26,31,24,133,1,128,80,19,47,69,38,10,84" hai2="33,119,25,28,93,41,91,59,85,66,40,46,54" hai3="106,111,74,39,14,29,78,112,2,67,44,94,53"/><U4/><E69/><V34/><F119/><W101/><G112/><T49/><D73/><U7/><E128/><V0/><F0/><W103/><G111/><T121/><D108/><U92/><E92/><V116/><F116/><W127/><G127/><N who="0" m="48651" /><D71/><U75/><E75/><V27/><F66/><W87/><G2/><T110/><D110/><U45/><E38/><V23/><F46/><W60/><G29/><T8/><D8/><U6/><E19/><V76/><F76/><W61/><G106/><T52/><D114/><U51/><E45/><V100/><F100/><W135/><G135/><T86/><D121/><U107/><E107/><V72/><F72/><W13/><G74/><T129/><D129/><U96/><E96/><V18/><REACH who="2" step="1"/><F34/><REACH who="2" ten="260,260,160,310" step="2"/><W130/><G78/><T21/><D36/><U97/><E1/><V15/><F15/><W122/><G14/><T37/><D37/><U65/><E65/><V132/><F132/><W68/><G13/><T134/><D134/><U117/><E133/><V35/><F35/><W56/><G130/><T99/><D43/><U124/><E124/><V77/><F77/><W83/><G39/><T120/><D120/><U64/><E64/><V81/><F81/><W109/><G83/><T16/><D86/><U20/><E117/><V115/><F115/><W11/><G87/><T42/><D42/><U88/><E97/><V48/><AGARI ba="1,1" hai="18,23,25,27,28,33,40,41,48,54,59,85,91,93" machi="48" ten="20,5200,0" yaku="1,1,0,1,7,1,53,1" doraHai="131" doraHaiUra="82" who="2" fromWho="2" sc="260,-14,260,-27,160,65,310,-14" /><INIT seed="2,0,0,4,5,38" ten="246,233,225,296" oya="2" hai0="114,64,26,83,19,89,63,1,30,42,13,93,127" hai1="131,69,18,44,57,130,3,95,24,135,53,12,121" hai2="110,112,47,33,8,9,123,104,115,86,120,20,81" hai3="58,101,5,4,36,109,129,54,65,125,94,45,25"/><V108/><F104/><W77/><G109/><N who="2" m="42089" /><F33/><W41/><G125/><T7/><D114/><N who="2" m="43562" /><F47/><W128/><G77/><T29/><D83/><U46/><E69/><V43/><F43/><W85/><G65/><T66/><D66/><U15/><E3/><V96/><F96/><N who="3" m="59543" /><G85/><T35/><D42/><U31/><E135/><V100/><F100/><W56/><G25/><T68/><D127/><U17/><E121/><N who="2" m="46667" /><F20/><W59/><G54/><T51/><D35/><U61/><E53/><V28/><F28/><W78/><G45/><T103/><D64/><U32/><E32/><V27/><F27/><W40/><G40/><T62/><D30/><U48/><E31/><V84/><F81/><W60/><G41/><T122/><D26/><U116/><E24/><V67/><F67/><W39/><G39/><T80/><D80/><U118/><E95/><V49/><F49/><W70/><G36/><T50/><D51/><U113/><E113/><V111/><F111/><W16/><G60/><T97/><D50/><U34/><E34/><V79/><F79/><W99/><G78/><T126/><D29/><U22/><E48/><V72/><F72/><W82/><G99/><T14/><D97/><U107/><E107/><V71/><F71/><W87/><G70/><T76/><D68/><U74/><E74/><V90/><F90/><W21/><G82/><T91/><D89/><U133/><E22/><V132/><F132/><W6/><G87/><AGARI ba="0,0" hai="8,9,84,86,87" m="46667,43562,42089" machi="87" ten="40,12000,1" yaku="28,2,14,1,10,1" doraHai="38" who="2" fromWho="3" sc="246,0,233,0,225,120,296,-120" /><INIT seed="2,1,0,5,2,94" ten="246,233,345,176" oya="2" hai0="75,7,74,34,111,46,105,2,48,91,41,78,122" hai1="86,87,120,43,15,69,40,79,10,72,55,123,133" hai2="68,114,44,50,98,125,49,109,71,26,52,119,132" hai3="47,116,42,88,57,19,3,27,84,9,28,25,117"/><V61/><F114/><W131/><G131/><T107/><D34/><U66/><E133/><V8/><F119/><W108/><G108/><T135/><D122/><N who="1" m="46635" /><E72/><V126/><F8/><W82/><G57/><T54/><D111/><U51/><E66/><V85/><F109/><W32/><G3/><T13/><D2/><U60/><E60/><V127/><F132/><W53/><G53/><T110/><D135/><U100/><E69/><V59/><F85/><N who="1" m="32265" /><E100/><V29/><F98/><W99/><G99/><T17/><D7/><N who="1" m="3551" /><E79/><V89/><F89/><W134/><G134/><T0/><D0/><U1/><E1/><V21/><REACH who="2" step="1"/><F50/><REACH who="2" ten="246,233,335,176" step="2"/><W65/><G116/><T80/><D91/><U93/><E93/><V76/><F76/><W63/><G117/><T31/><D48/><U12/><E51/><V95/><F95/><W118/><G118/><T24/><D78/><U38/><E38/><V129/><F129/><W128/><G128/><T58/><D110/><U22/><E40/><AGARI ba="1,1" hai="21,26,29,40,44,49,52,59,61,68,71,125,126,127" machi="40" ten="40,7700,0" yaku="1,1,18,1,54,1,53,0" doraHai="94" doraHaiUra="77" who="2" fromWho="1" sc="246,0,233,-80,335,90,176,0" /><INIT seed="2,2,0,0,5,26" ten="246,153,425,176" oya="2" hai0="27,66,22,69,41,53,107,50,7,47,29,21,82" hai1="37,129,6,30,73,31,89,57,101,80,122,61,43" hai2="92,119,93,46,51,64,132,103,19,4,133,68,125" hai3="87,39,1,78,28,44,35,96,134,10,8,124,108"/><V99/><F119/><W42/><G108/><T127/><D107/><U135/><E129/><V112/><F112/><W62/><G124/><T2/><D127/><U59/><E135/><V11/><F125/><W9/><G134/><N who="2" m="51817" /><F19/><W111/><G111/><T18/><D2/><U98/><E122/><V116/><F116/><W3/><G96/><T104/><D104/><U14/><E37/><V72/><F72/><W106/><G106/><T20/><D7/><U49/><E73/><V121/><F121/><W5/><G62/><T55/><D82/><U79/><E79/><V25/><F25/><W86/><G78/><T77/><D77/><U15/><E101/><V120/><F120/><W75/><G75/><T83/><D83/><U94/><E80/><V123/><F123/><W91/><G1/><T33/><D18/><U115/><E115/><V40/><F64/><W38/><G38/><T54/><D66/><U16/><E6/><V65/><F65/><W52/><G52/><T17/><D17/><U76/><E76/><V70/><F93/><W67/><G67/><T34/><D34/><U71/><E71/><V56/><F56/><N who="1" m="21577" /><E61/><V128/><F128/><W130/><G130/><T84/><D69/><U58/><E14/><AGARI ba="2,0" hai="4,11,14,40,46,51,68,70,92,99,103" m="51817" machi="14" ten="30,1500,0" yaku="20,1" doraHai="26" who="2" fromWho="1" sc="246,0,153,-21,425,21,176,0" /><INIT seed="2,3,0,0,3,90" ten="246,132,446,176" oya="2" hai0="83,79,32,87,23,73,124,133,74,51,71,44,29" hai1="18,56,112,28,109,38,41,106,119,55,103,114,101" hai2="63,39,115,6,99,30,52,61,118,17,104,35,0" hai3="110,85,36,130,94,13,7,111,116,78,88,95,80"/><V68/><F118/><W70/><G70/><T50/><D32/><U42/><E119/><V134/><F39/><W97/><G116/><T9/><D71/><U93/><E109/><N who="3" m="41482" /><G36/><T43/><D124/><U2/><E2/><V126/><F115/><W121/><G121/><T69/><D69/><U46/><E106/><V49/><F17/><W58/><G58/><T16/><D133/><U53/><E28/><V14/><F14/><W127/><G127/><T123/><D123/><U108/><E108/><V102/><F134/><W92/><G130/><T60/><D60/><U67/><E67/><V131/><F131/><W100/><G100/><T27/><D51/><U20/><E42/><V4/><F0/><W65/><G65/><T86/><D86/><U62/><E55/><V19/><F19/><W47/><G47/><T12/><AGARI ba="3,0" hai="9,12,16,23,27,29,43,44,50,73,74,79,83,87" machi="12" ten="30,2000,0" yaku="0,1,54,1" doraHai="90" who="0" fromWho="0" sc="246,29,132,-8,446,-13,176,-8" /><INIT seed="3,0,0,3,0,120" ten="275,124,433,168" oya="3" hai0="63,121,60,100,114,119,132,19,99,37,109,17,130" hai1="116,135,27,82,92,26,81,133,125,75,5,30,53" hai2="3,93,35,90,83,124,127,49,80,4,122,46,52" hai3="103,69,7,43,77,123,87,32,96,1,13,61,64"/><W72/><G123/><T88/><D37/><U16/><E125/><N who="2" m="48203" /><F122/><W15/><G87/><T31/><D31/><U8/><E116/><V11/><F35/><W38/><G32/><T110/><D121/><U55/><E75/><V115/><F115/><W70/><G70/><T20/><D130/><U107/><E107/><V39/><F39/><W10/><G96/><AGARI ba="0,0" hai="3,4,11,46,49,52,80,83,90,93,96" m="48203" machi="96" ten="30,2000,0" yaku="18,1,54,1" doraHai="120" who="2" fromWho="3" sc="275,0,124,0,433,20,168,-20" /><INIT seed="4,0,0,3,5,102" ten="275,124,453,148" oya="0" hai0="71,15,11,16,44,2,84,135,51,66,25,8,48" hai1="109,134,122,50,85,36,49,23,126,104,34,115,26" hai2="119,79,76,9,43,68,113,82,65,118,77,63,19" hai3="13,86,108,87,106,3,133,91,10,61,111,38,5"/><T42/><D135/><U127/><E109/><V55/><F113/><W78/><G133/><T54/><D25/><U35/><E134/><V33/><F33/><N who="1" m="12297" /><E122/><V129/><F129/><W103/><G38/><T29/><D29/><N who="1" m="17631" /><E36/><V123/><F123/><W70/><G78/><T107/><D2/><U94/><E104/><V130/><F130/><W97/><G3/><T27/><D27/><U39/><E39/><V92/><F43/><W60/><G86/><T12/><D107/><U28/><E28/><V24/><F55/><W1/><G1/><T75/><D75/><U58/><E58/><V117/><F92/><W57/><G70/><T72/><D72/><U21/><E21/><N who="2" m="13375" /><F9/><W45/><G45/><T125/><D125/><N who="1" m="47627" /><E115/><V37/><F37/><W22/><G22/><T47/><D71/><U101/><E85/><AGARI ba="0,0" hai="63,65,68,76,77,79,82,85,117,118,119" m="13375" machi="85" ten="30,1000,0" yaku="12,1" doraHai="102" who="2" fromWho="1" sc="275,0,124,-10,453,10,148,0" /><INIT seed="5,0,0,5,1,56" ten="275,114,463,148" oya="1" hai0="38,43,135,75,82,13,53,134,17,35,8,49,58" hai1="105,104,61,73,25,21,15,41,88,6,34,97,51" hai2="55,0,22,120,84,107,116,125,81,18,89,5,27" hai3="64,83,131,130,128,91,132,70,94,126,20,127,92"/><U63/><E73/><V71/><F120/><W123/><G123/><T19/><D35/><U36/><E36/><V42/><F107/><W66/><G20/><T57/><D57/><U124/><E124/><N who="3" m="47658" /><G70/><T3/><D3/><U96/><E34/><V48/><F89/><W85/><G64/><T45/><D19/><N who="1" m="12479" /><E105/><V77/><F84/><W39/><G66/><T50/><D38/><U26/><E104/><V78/><F81/><W100/><G39/><T95/><D95/><N who="3" m="36393" /><G100/><T121/><D121/><U47/><E26/><V2/><F0/><W101/><G101/><T93/><D93/><N who="1" m="56359" /><E97/><V115/><F27/><W60/><G60/><T111/><D111/><U44/><E44/><V112/><F125/><W114/><G114/><T23/><D23/><U80/><E80/><V11/><F112/><W52/><G52/><T87/><D75/><U68/><E68/><V69/><F115/><W9/><G9/><AGARI ba="0,0" hai="6,9,15,41,47,51,61,63" m="56359,12479" machi="9" ten="30,11600,0" yaku="8,1,52,2,54,1" doraHai="56" who="1" fromWho="3" sc="275,0,114,116,463,0,148,-116" /><INIT seed="5,1,0,1,2,9" ten="275,230,463,32" oya="1" hai0="125,133,70,55,48,57,107,106,29,13,38,35,32" hai1="109,21,47,111,11,94,120,96,64,102,23,77,75" hai2="1,97,45,117,27,104,59,56,20,129,122,67,69" hai3="61,93,87,2,58,100,4,126,81,101,26,12,118"/><U3/><E120/><V127/><F122/><W71/><G71/><T108/><D38/><U10/><E64/><V60/><F117/><W15/><G118/><T134/><D108/><N who="1" m="41547" /><E47/><V95/><F1/><W124/><G26/><T42/><D42/><U113/><E113/><V115/><F104/><W17/><G2/><T39/><D39/><U49/><E49/><V116/><F116/><W25/><G4/><T52/><D70/><U78/><E78/><V128/><F45/><W132/><G132/><N who="0" m="50795" /><D125/><N who="3" m="48233" /><G25/><N who="0" m="18479" /><D35/><U63/><E63/><V44/><F127/><W98/><G17/><T30/><D30/><U14/><E3/><V86/><F115/><W37/><G100/><T90/><D55/><U53/><E53/><V73/><F69/><W22/><G22/><T105/><D90/><U18/><E10/><V68/><F68/><W65/><G37/><T34/><D34/><U130/><E130/><V110/><F110/><W121/><G121/><T0/><D0/><U54/><E54/><V112/><F112/><W83/><G83/><AGARI ba="1,0" hai="11,14,18,21,23,75,77,83,94,96,102" m="41547" machi="83" ten="30,2900,0" yaku="10,1,52,1" doraHai="9" who="1" fromWho="3" sc="275,0,230,32,463,0,32,-32" /><INIT seed="5,2,0,4,4,27" ten="275,262,463,0" oya="1" hai0="11,127,76,36,69,6,17,56,115,112,43,4,126" hai1="87,78,13,70,91,128,90,74,24,120,29,96,46" hai2="101,47,41,8,79,18,20,34,132,33,134,109,64" hai3="65,57,40,9,94,52,121,88,16,68,53,108,102"/><U38/><E120/><V21/><F109/><W22/><G108/><T83/><D69/><U89/><E70/><V72/><F64/><W35/><G121/><T117/><D117/><U10/><E128/><V15/><F101/><W14/><G35/><T113/><D56/><U45/><E74/><V133/><F79/><W123/><G123/><T42/><D17/><N who="1" m="8375" /><E38/><N who="2" m="21943" /><F72/><W118/><G118/><T39/><D39/><U75/><E96/><V71/><F71/><W60/><G40/><N who="0" m="15403" /><D36/><U61/><E61/><V93/><F93/><W92/><G68/><T77/><D77/><U0/><E0/><V104/><F104/><W66/><G66/><T100/><D100/><U3/><E3/><V129/><F129/><W63/><G63/><T116/><D116/><U32/><E75/><V28/><F34/><W114/><G114/><T110/><D110/><U85/><E78/><V49/><F49/><W124/><G124/><N who="0" m="47659" /><D11/><U62/><E62/><V19/><F19/><N who="3" m="8655" /><G102/><T30/><D30/><U67/><E67/><V58/><F28/><W80/><G80/><T131/><D131/><U2/><E2/><V55/><F33/><W37/><G37/><T107/><D107/><U5/><E5/><V51/><AGARI ba="2,0" hai="8,15,18,20,21,51,55,58,132,133,134" m="21943" machi="51" ten="30,1100,0" yaku="20,1" doraHai="27" who="2" fromWho="2" sc="275,-5,262,-7,463,17,0,-5" owari="270,7.0,255,-14.0,480,58.0,-5,-51.0" /></mjloggm>