<mjloggm ver="2.3"><GO type="169" lobby="0"/><UN n0="%E5%82%80%40%E3%82%80%E3%81%93%E3%81%86%E3%81%B6%E3%81%A1" n1="%7A%65%52%6F" n2="%E3%81%8F%E3%82%8D%E3%81%AF%E3%81%A1" n3="%E3%82%A6%E3%83%AB%E3%83%88%E3%83%A9%E7%AB%8B%E7%9B%B4" dan="16,17,17,17" rate="2011.28,2188.97,2177.55,2123.54" sx="M,M,M,M"/><TAIKYOKU oya="0"/><INIT seed="0,0,0,2,3,62" ten="250,250,250,250" oya="0" hai0="93,26,130,134,135,81,38,7,86,35,58,23,20" hai1="41,110,24,88,60,80,25,34,3,75,5,89,77" hai2="66,94,40,13,99,21,42,84,107,22,101,6,102" hai3="19,73,43,37,33,114,87,131,78,55,59,85,11"/><T31/><D38/><U51/><E110/><V2/><F2/><W56/><G33/><T108/><D108/><U45/><E5/><V16/><F6/><W103/><G114/><T54/><D7/><U133/><E3/><V29/><F102/><W15/><G131/><T127/><D93/><U39/><E133/><N who="0" m="50697" /><D127/><U49/><E49/><V12/><F66/><W83/><G103/><T18/><D18/><U132/><E132/><V68/><F68/><W118/><G118/><T9/><D9/><U69/><E39/><V72/><F72/><W128/><G128/><T126/><D126/><U91/><REACH who="1" step="1"/><E34/><REACH who="1" ten="250,240,250,250" step="2"/><V65/><F107/><W36/><G36/><T70/><D130/><U121/><E121/><V111/><F111/><W129/><G129/><T96/><D35/><U0/><E0/><V105/><F105/><W30/><G37/><T106/><D106/><U8/><E8/><V14/><F40/><W109/><G43/><T125/><D125/><U120/><E120/><V100/><F42/><W76/><G109/><T63/><D20/><U32/><E32/><V27/><F21/><W116/><G11/><T28/><D23/><U48/><E48/><V52/><F22/><W10/><G10/><T104/><D104/><U64/><AGARI ba="0,1" hai="24,25,41,45,51,60,64,69,75,77,80,88,89,91" machi="64" ten="30,8000,1" yaku="1,1,0,1,52,1,54,1,53,1" doraHai="62" doraHaiUra="57" who="1" fromWho="1" sc="250,-40,240,90,250,-20,250,-20" /><INIT seed="1,0,0,5,1,126" ten="210,330,230,230" oya="1" hai0="31,87,10,6,62,121,53,36,28,105,122,103,82" hai1="2,0,68,113,23,106,30,17,1,64,100,44,37" hai2="48,108,50,18,85,76,77,91,67,131,72,98,134" hai3="41,99,119,29,80,69,96,5,40,63,60,114,58"/><U34/><E113/><V109/><F72/><W59/><G80/><T22/><D36/><U93/><E106/><V21/><F134/><W49/><G49/><T112/><D112/><U78/><E78/><N who="2" m="30315" /><F98/><W111/><G5/><T52/><D103/><U57/><E68/><V16/><F67/><W115/><G29/><N who="0" m="11339" /><D22/><U42/><E34/><V74/><F74/><W3/><G69/><T89/><D62/><U110/><E30/><V54/><F48/><W73/><G73/><T135/><D105/><U45/><E45/><N who="2" m="27983" /><F21/><W92/><G92/><T117/><D117/><U79/><E79/><V101/><F101/><W47/><G47/><T83/><D83/><U128/><E100/><V25/><F25/><W86/><G86/><T27/><D27/><U90/><E64/><V104/><F104/><W20/><G20/><T8/><D8/><U97/><E57/><V4/><F4/><W35/><G35/><T39/><D39/><U81/><E81/><V125/><F125/><W94/><G94/><T88/><D89/><U7/><E7/><V75/><F75/><W32/><G32/><T33/><D33/><U14/><E37/><V24/><F24/><W66/><G66/><T46/><D46/><U127/><E44/><V70/><F70/><W133/><G119/><T123/><D135/><U11/><E127/><V95/><F131/><W84/><G133/><T132/><D132/><U26/><E128/><V51/><F51/><W55/><G115/><T61/><D61/><U116/><E116/><V124/><F124/><W9/><G114/><T19/><D6/><U56/><E26/><RYUUKYOKU ba="0,0" sc="210,15,330,-15,230,15,230,-15" hai0="10,19,52,53,82,87,88,121,122,123" hai2="16,18,85,91,95,108,109" /><INIT seed="2,1,0,1,5,7" ten="225,315,245,215" oya="2" hai0="20,72,92,10,61,74,6,47,37,34,23,60,15" hai1="112,65,113,95,57,56,123,99,118,9,73,76,42" hai2="62,45,26,2,11,75,84,32,46,58,50,120,125" hai3="36,129,85,51,87,116,22,44,21,38,83,4,40"/><V52/><F120/><W8/><G116/><T86/><D34/><U5/><E118/><V82/><F75/><W70/><G70/><T49/><D37/><U77/><E123/><V111/><F125/><W107/><G107/><T43/><D74/><U124/><E124/><V114/><F114/><W104/><G104/><T27/><D72/><U128/><E42/><V13/><F2/><W68/><G68/><T89/><REACH who="0" step="1"/><D23/><REACH who="0" ten="215,315,245,215" step="2"/><U28/><E73/><V126/><F126/><W134/><G38/><T71/><D71/><U110/><E113/><V81/><F111/><W55/><G22/><T131/><D131/><U0/><E128/><V14/><F32/><W91/><G21/><T90/><D90/><U18/><E110/><V106/><F106/><W117/><G129/><T101/><D101/><U69/><E69/><V93/><F26/><W53/><G117/><T66/><D66/><U88/><E65/><V78/><F13/><W24/><G24/><T121/><D121/><U103/><E103/><V119/><F119/><W96/><G36/><T79/><D79/><U105/><E77/><V122/><F122/><W31/><G134/><T39/><D39/><U41/><E76/><V94/><F81/><W12/><G83/><T59/><D59/><U133/><E57/><V108/><F108/><W97/><G91/><T80/><D80/><U130/><E56/><V35/><F35/><W63/><G12/><T16/><AGARI ba="1,1" hai="6,10,15,16,20,27,43,47,49,60,61,86,89,92" machi="16" ten="20,12000,2" yaku="1,1,0,1,7,1,8,1,52,1,54,1,53,0" doraHai="7" doraHaiUra="30" who="0" fromWho="0" sc="215,133,315,-31,245,-61,215,-31" /><INIT seed="3,0,0,5,0,60" ten="348,284,184,184" oya="3" hai0="47,119,135,96,29,67,37,129,86,32,9,107,17" hai1="40,92,123,5,94,91,132,44,102,98,93,117,84" hai2="46,63,8,13,120,66,112,134,4,114,58,21,80" hai3="22,56,48,26,65,53,42,90,45,88,130,122,6"/><W14/><G122/><T104/><D86/><U59/><E132/><V38/><F134/><W31/><G130/><T34/><D119/><U62/><E5/><V61/><F120/><W72/><G72/><T20/><D9/><U10/><E10/><V15/><F80/><W3/><G3/><T78/><D78/><U128/><E128/><V2/><F38/><W16/><G6/><T95/><D67/><U24/><E24/><V41/><F61/><N who="3" m="38055" /><G42/><T82/><D82/><U85/><E117/><V83/><F83/><W7/><G7/><T113/><D113/><U25/><E25/><V64/><F64/><W57/><G57/><T124/><D32/><U110/><E123/><V52/><F41/><W87/><G87/><T75/><D75/><U77/><E77/><V116/><F116/><W125/><G125/><T109/><D124/><U50/><E110/><V111/><F111/><W69/><G69/><T33/><D109/><U1/><E1/><V73/><F73/><W131/><G131/><T79/><D79/><U101/><E85/><V108/><F108/><W18/><G31/><T19/><D129/><U115/><E115/><V0/><F114/><W133/><G133/><T55/><D29/><U118/><E118/><V76/><F76/><W51/><G51/><T35/><D37/><U103/><E84/><V23/><F112/><W54/><G54/><AGARI ba="0,0" hai="40,44,50,54,59,62,91,92,93,94,98,101,102,103" machi="54" ten="40,1300,0" yaku="8,1" doraHai="60" who="1" fromWho="3" sc="348,0,284,13,184,0,184,-13" /><INIT seed="4,0,0,4,1,10" ten="348,297,184,171" oya="0" hai0="123,114,111,120,58,119,104,24,125,40,70,126,130" hai1="134,2,99,1,38,129,32,5,86,37,60,79,6" hai2="88,12,4,31,41,117,101,62,80,36,16,76,54" hai3="127,67,15,116,89,14,105,98,103,87,68,0,28"/><T65/><D104/><U45/><E32/><V57/><F117/><W121/><G0/><T77/><D77/><U107/><E129/><V66/><F101/><W55/><G116/><T26/><D119/><U82/><E2/><V133/><F133/><W8/><G121/><T51/><D130/><U109/><E109/><V21/><F4/><W59/><G127/><N who="0" m="48651" /><D111/><U64/><E134/><V110/><F110/><W46/><G46/><N who="0" m="26055" /><D114/><U95/><E107/><V50/><F36/><W81/><G28/><T106/><D106/><U93/><E93/><V18/><F41/><W94/><G8/><T44/><D44/><U69/><E1/><V61/><F31/><W30/><G30/><T22/><D70/><U27/><E27/><N who="0" m="10281" /><D22/><U97/><E97/><V85/><F66/><W7/><G7/><T75/><D75/><U13/><E45/><V52/><F54/><W84/><G67/><T108/><D108/><U33/><E33/><V124/><F124/><W122/><G68/><T115/><D115/><U19/><E38/><V48/><F48/><W42/><G42/><T63/><AGARI ba="0,0" hai="58,63,65,120,123" m="10281,26055,48651" machi="63" ten="30,1500,0" yaku="18,1" doraHai="10" who="0" fromWho="0" sc="348,15,297,-5,184,-5,171,-5" /><INIT seed="4,1,0,5,0,111" ten="363,292,179,166" oya="0" hai0="35,68,101,49,37,28,98,89,94,18,53,84,10" hai1="64,23,135,116,131,69,20,8,60,61,90,19,26" hai2="9,36,74,42,51,33,22,24,3,83,39,15,117" hai3="17,110,55,133,107,103,0,11,93,54,76,108,91"/><T58/><D37/><U127/><E116/><V38/><F117/><W130/><G130/><T113/><D68/><U128/><E127/><V6/><F51/><W132/><G76/><T115/><D35/><U86/><E135/><N who="3" m="51786" /><G103/><T100/><D28/><U57/><E20/><V31/><F83/><W121/><G107/><T112/><D98/><U7/><E86/><V134/><F74/><W105/><G105/><T48/><D48/><U66/><REACH who="1" step="1"/><E90/><REACH who="1" ten="363,282,179,166" step="2"/><V95/><F134/><W99/><G110/><T122/><D122/><U14/><AGARI ba="1,1" hai="7,8,14,19,23,26,57,60,61,64,66,69,128,131" machi="14" ten="30,8000,1" yaku="1,1,2,1,0,1,53,2" doraHai="111" doraHaiUra="126" who="1" fromWho="1" sc="363,-41,282,93,179,-21,166,-21" /><INIT seed="5,0,0,4,5,50" ten="322,375,158,145" oya="1" hai0="44,7,66,48,30,52,123,112,130,12,73,53,6" hai1="106,128,113,4,55,97,135,31,80,18,108,62,132" hai2="29,57,71,3,115,100,47,5,1,102,58,94,79" hai3="11,28,51,121,40,17,95,45,134,43,83,107,131"/><U67/><E4/><V88/><F71/><W96/><G121/><T34/><D73/><U0/><E0/><V22/><F79/><W15/><G131/><T92/><D112/><U125/><E31/><V119/><F119/><W21/><G134/><T24/><D130/><U68/><E128/><V99/><F115/><W93/><G107/><T61/><D123/><U64/><E113/><V41/><F1/><W25/><G83/><T33/><D33/><U114/><E114/><V84/><F5/><W86/><G86/><T54/><D92/><U122/><E122/><V69/><F69/><W77/><G77/><T89/><D89/><U98/><E67/><V120/><F3/><W87/><G87/><T56/><REACH who="0" step="1"/><D12/><REACH who="0" ten="312,375,158,145" step="2"/><U63/><E135/><V42/><F120/><W26/><G95/><T14/><D14/><U35/><E132/><V8/><F8/><W85/><G85/><T37/><D37/><U20/><E35/><V19/><F29/><W27/><REACH who="3" step="1"/><G43/><AGARI ba="0,1" hai="6,7,24,30,34,43,44,48,52,53,54,56,61,66" machi="43" ten="40,8000,1" yaku="1,1,52,3,54,1,53,0" doraHai="50" doraHaiUra="129" who="0" fromWho="3" sc="312,90,375,0,158,0,145,-80" /><INIT seed="6,0,0,3,1,79" ten="402,375,158,65" oya="2" hai0="5,116,78,133,89,75,86,56,52,80,67,7,59" hai1="95,30,36,37,94,66,121,71,65,90,64,92,45" hai2="40,69,134,97,57,18,113,29,115,131,17,68,99" hai3="76,20,31,125,84,48,0,120,4,2,73,103,102"/><V35/><F35/><W101/><G120/><T126/><D133/><U124/><E121/><V27/><F134/><W53/><G73/><T106/><D126/><U81/><E30/><V118/><F118/><W14/><G125/><T26/><D106/><U34/><E34/><V61/><F40/><W91/><G76/><T114/><D114/><U58/><E71/><V93/><F131/><W25/><G4/><T100/><D100/><U132/><E132/><V110/><F110/><W62/><G62/><T96/><D96/><U117/><E124/><V88/><F99/><W127/><G14/><T32/><D67/><U8/><E117/><V41/><F41/><W119/><G119/><T77/><D59/><U21/><E21/><N who="2" m="13751" /><F17/><W70/><G70/><N who="2" m="27241" /><F29/><W23/><G23/><T128/><D128/><U11/><E58/><V16/><F16/><W129/><G129/><T85/><D32/><U87/><REACH who="1" step="1"/><E45/><REACH who="1" ten="402,365,158,65" step="2"/><V19/><F57/><W72/><G127/><T15/><D56/><U130/><E130/><V22/><F113/><W47/><REACH who="3" step="1"/><G72/><REACH who="3" ten="402,365,158,55" step="2"/><T83/><D75/><U98/><E98/><V105/><F115/><W112/><G112/><T122/><D116/><U33/><E33/><V9/><F22/><W54/><G54/><T123/><D52/><U55/><E55/><V43/><F97/><W74/><G74/><T39/><D123/><U135/><E135/><V60/><F60/><W49/><G49/><T111/><D122/><U6/><E6/><V50/><F50/><W42/><G42/><T109/><D5/><U44/><E44/><V107/><F61/><W38/><G38/><AGARI ba="0,2" hai="8,11,36,37,38,64,65,66,81,87,90,92,94,95" machi="38" ten="50,6400,0" yaku="1,1,6,1,52,1,53,0" doraHai="79" doraHaiUra="13" who="1" fromWho="3" sc="402,0,365,84,158,0,55,-64" owari="402,20.0,449,55.0,158,-24.0,-9,-51.0" /></mjloggm>