<mjloggm ver="2.3"><GO type="169" lobby="0"/><UN n0="%E3%81%82%E3%82%89%E3%81%8C%E3%81%8D%E3%81%82%E3%82%84%E3%81%9B" n1="%E4%BB%A3%E6%89%93%E3%81%A1%E3%81%AE%E7%A5%9E%E6%A7%98" n2="%E3%82%82%E3%81%BF%E3%81%82%E3%81%92" n3="%E3%82%A6%E3%83%AB%E3%83%88%E3%83%A9%E7%AB%8B%E7%9B%B4" dan="16,18,16,17" rate="2074.89,2220.00,2034.37,2206.09" sx="F,M,M,M"/><TAIKYOKU oya="0"/><INIT seed="0,0,0,5,1,26" ten="250,250,250,250" oya="0" hai0="21,97,77,10,110,106,32,82,89,75,63,107,117" hai1="111,56,29,84,42,57,18,40,22,61,72,103,44" hai2="109,27,122,73,133,116,121,39,90,60,9,87,35" hai3="134,48,95,76,93,14,92,79,118,33,53,23,3"/><T54/><D32/><U49/><E72/><V126/><F9/><W78/><G3/><T31/><D117/><U119/><E111/><V15/><F15/><W94/><G33/><T24/><D110/><U100/><E119/><V98/><F27/><W58/><G134/><T128/><D128/><U125/><E125/><V37/><F60/><W130/><G130/><T43/><D43/><U55/><E42/><V108/><F98/><W30/><G118/><T6/><D89/><U102/><E84/><V135/><F87/><W113/><G113/><T96/><D106/><U38/><E29/><V8/><F8/><W67/><G67/><T28/><D28/><U47/><REACH who="1" step="1"/><E61/><REACH who="1" ten="250,240,250,250" step="2"/><V69/><F109/><W123/><G30/><T19/><D31/><U45/><E45/><V112/><F73/><W74/><G74/><T91/><D75/><U65/><E65/><V16/><F116/><W25/><G123/><T104/><D63/><U20/><E20/><V2/><F108/><W0/><G23/><T120/><D120/><U115/><E115/><V5/><F122/><W70/><G78/><T71/><D77/><U85/><E85/><V59/><F126/><W114/><G76/><T52/><D21/><U81/><E81/><V36/><F112/><W46/><G79/><T7/><D82/><U51/><E51/><V105/><F121/><W13/><G48/><T68/><D96/><U124/><E124/><V127/><F127/><W101/><G114/><T64/><D97/><U99/><E99/><V66/><F66/><W41/><N who="3" m="23552" /><DORA hai="83" /><W129/><G41/><T1/><D64/><RYUUKYOKU ba="0,1" sc="250,-10,240,30,250,-10,250,-10" hai1="18,22,38,40,44,47,49,55,56,57,100,102,103" /><INIT seed="1,1,1,3,0,37" ten="240,270,240,240" oya="1" hai0="44,117,107,103,15,116,135,62,49,89,78,60,14" hai1="121,2,74,118,76,3,4,31,40,79,35,108,5" hai2="88,8,109,129,84,125,85,43,96,59,53,63,50" hai3="18,119,66,87,0,71,52,75,12,29,65,120,23"/><U47/><E118/><V131/><F109/><W36/><G75/><T27/><D135/><U39/><E121/><V56/><F125/><W128/><G71/><T46/><D78/><U115/><E115/><V126/><F126/><W92/><G0/><T21/><D89/><U42/><E108/><V13/><F96/><W127/><G36/><T123/><D103/><U82/><E79/><V99/><F99/><W86/><G120/><T54/><D54/><U73/><E73/><V25/><F25/><W95/><G29/><T57/><D57/><U110/><E110/><V33/><F33/><W28/><G28/><T105/><D49/><U93/><E93/><N who="3" m="35914" /><G128/><N who="2" m="49225" /><F88/><W124/><G119/><T112/><D123/><U70/><E70/><V114/><F114/><W81/><G124/><T55/><D55/><U1/><REACH who="1" step="1"/><E42/><REACH who="1" ten="240,260,240,240" step="2"/><V104/><F43/><W102/><G127/><T61/><D112/><U132/><E132/><V7/><F104/><W97/><G81/><T64/><D107/><U6/><E6/><V67/><AGARI ba="1,2" hai="7,8,13,50,53,56,59,63,67,84,85" m="49225" machi="67" ten="30,1100,0" yaku="19,1" doraHai="37" who="2" fromWho="2" sc="240,-4,260,-6,240,34,240,-4" /><INIT seed="2,0,0,3,5,68" ten="236,254,274,236" oya="2" hai0="61,75,93,97,83,99,78,134,126,72,74,7,132" hai1="50,19,23,113,91,11,38,135,112,13,133,1,26" hai2="37,85,62,105,53,60,18,130,8,0,79,122,52" hai3="127,84,25,118,44,35,107,70,89,5,39,128,27"/><V56/><F122/><W34/><G70/><T30/><D7/><N who="1" m="1519" /><E50/><V73/><F105/><W124/><G107/><T21/><D61/><U46/><E91/><V33/><F33/><W114/><G5/><T6/><D6/><U106/><E46/><V3/><F73/><N who="0" m="28266" /><D21/><N who="1" m="11503" /><E38/><V119/><F119/><W17/><G128/><T120/><D30/><N who="1" m="17759" /><E106/><V22/><F130/><W117/><G44/><T86/><D120/><U101/><E101/><V58/><F37/><W115/><G89/><N who="0" m="53431" /><D126/><U111/><E111/><V116/><F116/><W102/><G39/><T14/><D14/><U63/><E63/><V92/><F62/><W110/><G124/><T9/><D9/><U90/><E90/><V40/><F8/><W2/><G127/><T67/><D67/><U45/><E45/><V96/><F40/><W16/><G110/><T81/><D83/><U15/><E15/><V95/><F58/><W43/><G43/><T48/><D48/><U59/><E59/><V131/><F56/><W77/><G118/><T64/><D64/><U88/><E88/><V123/><F60/><W76/><G117/><T87/><N who="0" m="28274" /><T100/><DORA hai="125" /><D99/><U82/><E82/><V98/><F96/><W69/><G69/><T71/><D71/><U41/><E41/><V12/><F98/><W31/><G114/><AGARI ba="0,0" hai="112,113,114,133,135" m="17759,11503,1519" machi="114" ten="30,2000,0" yaku="34,2" doraHai="68,125" who="1" fromWho="3" sc="236,0,254,20,274,0,236,-20" /><INIT seed="3,0,0,3,5,52" ten="236,274,274,216" oya="3" hai0="4,109,47,18,85,104,111,10,86,0,127,96,78" hai1="89,95,54,20,114,126,72,57,71,36,16,128,42" hai2="26,133,61,117,75,83,94,43,124,116,122,110,11" hai3="88,79,31,135,19,92,32,91,67,56,129,80,84"/><W27/><G129/><T74/><D127/><U53/><E114/><V21/><F110/><W33/><G135/><T100/><D18/><U87/><E71/><V41/><F124/><W112/><G112/><T115/><D115/><U103/><E126/><V50/><F133/><W7/><G7/><T113/><D113/><U73/><E128/><V98/><F122/><W44/><G19/><T40/><D85/><U101/><E36/><V62/><F11/><W68/><G68/><T23/><D86/><U58/><E42/><V77/><F62/><W35/><G44/><T38/><REACH who="0" step="1"/><D23/><REACH who="0" ten="226,274,274,216" step="2"/><U6/><E6/><V12/><F21/><W105/><G35/><T2/><D2/><U39/><E73/><V49/><F75/><W120/><G33/><T81/><AGARI ba="0,1" hai="0,4,10,38,40,47,74,78,81,96,100,104,109,111" machi="81" ten="30,12000,2" yaku="1,1,0,1,25,2,23,2,53,1" doraHai="52" doraHaiUra="1" who="0" fromWho="0" sc="226,130,274,-30,274,-30,216,-60" /><INIT seed="4,0,0,4,3,24" ten="356,244,244,156" oya="0" hai0="6,77,78,30,50,39,134,127,25,17,132,57,110" hai1="49,121,43,84,102,93,27,65,86,85,9,71,29" hai2="60,42,36,12,66,87,15,63,94,108,114,99,0" hai3="26,80,112,109,118,20,21,11,75,101,130,116,23"/><T48/><D39/><U10/><E121/><V38/><F108/><W135/><G101/><T128/><D110/><U59/><E71/><V13/><F0/><W47/><G47/><T107/><D107/><U51/><E43/><V31/><F114/><W82/><G75/><T69/><D69/><U46/><E46/><V61/><F61/><W120/><BYE who="2" /><G109/><T119/><D119/><UN n2="%E3%82%82%E3%81%BF%E3%81%82%E3%81%92" /><U67/><E10/><V124/><F124/><W122/><G82/><T44/><D17/><U79/><E9/><V103/><F42/><W53/><G53/><T95/><D127/><U73/><E73/><V129/><F129/><W35/><G80/><T16/><D16/><U104/><E104/><V76/><F76/><W111/><G111/><T56/><D6/><U7/><E7/><V68/><F87/><W18/><G112/><T106/><D106/><U55/><E51/><V100/><F63/><W88/><G88/><T2/><D2/><U117/><E79/><N who="0" m="30217" /><D50/><U72/><E72/><V131/><F131/><W74/><G74/><T45/><D95/><U70/><E70/><V34/><F103/><W62/><G62/><T54/><D45/><U91/><E102/><V83/><F83/><W14/><G130/><T97/><D97/><N who="1" m="57535" /><E117/><N who="3" m="45162" /><G135/><N who="0" m="51755" /><D128/><U5/><E5/><V125/><F125/><W19/><G19/><T81/><D81/><U90/><E90/><V126/><F126/><W52/><G52/><T89/><D89/><U123/><E123/><N who="3" m="47146" /><G11/><T32/><AGARI ba="0,0" hai="25,30,32,44,48,54,56,57" m="51755,30217" machi="32" ten="30,3000,0" yaku="20,1,52,1" doraHai="24" who="0" fromWho="0" sc="356,30,244,-10,244,-10,156,-10" /><INIT seed="4,1,0,1,4,28" ten="386,234,234,146" oya="0" hai0="84,44,50,57,16,38,86,111,120,62,91,32,88" hai1="80,123,65,13,112,10,27,76,25,119,63,43,15" hai2="103,105,128,36,96,81,114,113,3,77,0,90,74" hai3="20,60,61,85,72,89,97,104,18,118,22,59,73"/><T9/><D38/><U132/><E119/><V31/><F36/><W92/><G118/><T78/><D120/><U2/><E123/><V83/><F31/><W53/><G104/><T40/><D32/><U129/><E2/><V107/><F3/><W94/><G61/><T130/><D130/><U79/><E129/><V116/><F0/><W82/><G94/><T56/><D111/><U21/><E132/><V66/><F66/><W17/><G22/><T19/><D57/><U71/><E43/><V11/><F11/><W110/><G17/><N who="0" m="6731" /><D9/><U26/><E112/><N who="2" m="43115" /><F128/><W58/><G58/><T133/><D133/><U109/><E109/><V12/><F12/><W51/><G51/><T100/><D100/><U99/><E99/><V5/><F5/><W30/><G30/><T117/><D117/><U34/><E21/><V124/><F124/><W125/><G125/><T54/><D78/><U42/><E79/><V37/><F37/><W87/><G110/><T70/><D70/><U101/><E101/><V4/><F4/><W1/><G1/><T55/><D40/><U134/><E42/><V33/><F33/><W98/><G73/><T131/><D131/><U95/><E134/><V135/><F135/><W102/><G72/><T67/><D67/><U68/><E34/><V106/><F116/><W75/><G75/><T127/><D127/><U7/><E71/><V48/><F48/><W41/><G41/><T126/><D126/><U24/><N who="1" m="6656" /><DORA hai="23" /><U52/><E68/><V122/><F122/><W39/><G39/><T14/><D14/><U115/><E115/><V45/><F45/><RYUUKYOKU ba="1,0" sc="386,15,234,-15,234,15,146,-15" hai0="44,50,54,55,56,62,84,86,88,91" hai2="74,77,81,83,90,96,103,105,106,107" /><INIT seed="4,2,0,3,1,53" ten="401,219,249,131" oya="0" hai0="57,113,37,122,132,21,95,7,110,87,118,44,130" hai1="85,29,10,20,28,112,88,103,15,83,111,36,48" hai2="51,66,77,17,18,13,60,135,71,27,64,74,119" hai3="121,5,69,49,6,11,55,46,45,63,32,52,26"/><T131/><D7/><U125/><E36/><V47/><F135/><W68/><G121/><T127/><D21/><U38/><E38/><V101/><F119/><W56/><G45/><T107/><D87/><U129/><E111/><V105/><F66/><W22/><G32/><T34/><D95/><U0/><E125/><V43/><F27/><W12/><REACH who="3" step="1"/><G5/><REACH who="3" ten="401,219,249,121" step="2"/><T14/><D34/><U102/><E112/><V65/><F47/><W84/><G84/><T19/><D44/><U96/><E129/><V117/><F117/><W75/><G75/><T97/><D113/><U100/><E96/><V134/><F74/><W58/><G58/><T1/><D57/><U42/><E0/><V99/><F99/><W23/><G23/><T120/><D97/><U4/><E20/><V91/><F71/><W73/><G73/><T90/><D118/><U67/><E4/><V128/><F128/><W54/><G54/><T114/><D120/><U106/><E85/><V59/><F59/><W81/><G81/><T39/><D122/><U62/><E83/><V79/><F43/><W31/><AGARI ba="2,1" hai="6,11,12,22,26,31,46,49,52,55,56,63,68,69" machi="31" ten="20,8000,1" yaku="1,1,0,1,7,1,52,1,54,1,53,0" doraHai="53" doraHaiUra="61" who="3" fromWho="3" sc="401,-42,219,-22,249,-22,121,96" /><INIT seed="5,0,0,3,5,58" ten="359,197,227,217" oya="1" hai0="73,11,135,134,65,110,117,33,53,8,4,3,95" hai1="123,121,46,2,64,56,44,100,37,105,81,91,128" hai2="10,57,16,1,86,48,115,114,45,85,77,90,21" hai3="13,94,34,79,14,31,9,111,124,42,97,87,55"/><U119/><E119/><V39/><F39/><W69/><G69/><T41/><D73/><U20/><E2/><V38/><F38/><W80/><G42/><T28/><D41/><U112/><E112/><N who="2" m="43051" /><F77/><W82/><G34/><T32/><D65/><U74/><E128/><V47/><F10/><W125/><G31/><T25/><D53/><U126/><E126/><V72/><F72/><W23/><G23/><N who="0" m="15423" /><D95/><U106/><E20/><V107/><F107/><W101/><G111/><T18/><D110/><U36/><E64/><V99/><F99/><W52/><G82/><T133/><D117/><U60/><E74/><V63/><F1/><W129/><G129/><T76/><D76/><U59/><E81/><N who="2" m="49455" /><F86/><W88/><G79/><T26/><D26/><U0/><E0/><V51/><F47/><W19/><G13/><AGARI ba="0,0" hai="3,4,8,11,13,18,32,33,133,134,135" m="15423" machi="13" ten="30,3900,0" yaku="20,1,34,2" doraHai="58" who="0" fromWho="3" sc="359,39,197,0,227,0,217,-39" /><INIT seed="6,0,0,5,2,22" ten="398,197,227,178" oya="2" hai0="107,33,123,70,86,96,6,87,52,43,49,118,111" hai1="54,133,61,130,90,91,122,41,29,76,34,114,83" hai2="7,102,63,67,47,69,18,128,120,131,31,11,40" hai3="39,23,14,95,20,3,21,82,100,48,17,62,105"/><V35/><F120/><W5/><G105/><T117/><D70/><U25/><E114/><V121/><F121/><W1/><G39/><T119/><D33/><U106/><E122/><V36/><F102/><W75/><G5/><T27/><D111/><U66/><E106/><V13/><REACH who="2" step="1"/><F7/><REACH who="2" ten="398,197,217,178" step="2"/><W38/><G100/><N who="0" m="62855" /><D6/><U112/><E112/><V110/><F110/><W77/><G1/><T71/><D123/><U135/><E130/><V78/><F78/><W16/><G3/><T26/><D119/><U98/><E135/><V28/><F28/><W94/><G17/><T79/><D79/><U59/><E133/><V126/><F126/><W97/><G77/><T134/><D134/><U24/><E91/><V116/><F116/><W15/><G16/><T109/><D109/><U46/><E90/><V65/><F65/><W8/><G14/><T4/><D4/><U0/><E0/><V85/><F85/><W73/><G15/><T129/><D86/><U115/><E115/><V103/><F103/><W132/><G132/><T53/><D87/><U19/><E66/><V92/><F92/><W44/><G95/><T64/><D117/><U51/><E98/><V10/><F10/><W57/><G8/><T89/><D89/><U56/><E19/><V58/><F58/><W127/><G127/><T30/><D118/><U99/><E99/><V88/><F88/><W55/><G97/><T113/><D30/><U80/><E59/><V108/><F108/><W68/><G94/><T42/><D113/><U12/><E12/><V101/><F101/><W9/><G57/><N who="0" m="32911" /><D64/><U45/><E76/><RYUUKYOKU ba="0,1" sc="398,-10,197,-10,217,30,178,-10" hai2="11,13,18,31,35,36,40,47,63,67,69,128,131" /><INIT seed="6,1,1,0,0,124" ten="388,187,247,168" oya="2" hai0="121,13,49,86,94,113,73,29,125,108,9,43,18" hai1="65,40,26,103,79,95,67,22,126,30,96,135,39" hai2="15,54,66,89,111,109,28,51,97,129,106,90,60" hai3="74,128,3,76,78,41,24,2,35,72,81,20,114"/><V56/><F28/><N who="3" m="19847" /><G20/><T80/><D113/><U58/><E126/><V99/><F15/><W120/><G120/><T91/><D108/><N who="2" m="41546" /><F129/><W21/><G21/><T88/><D125/><U119/><E119/><V98/><F106/><W47/><G114/><T7/><D121/><U5/><E135/><V118/><F118/><W69/><G69/><AGARI ba="1,1" hai="51,54,56,60,66,69,89,90,97,98,99" m="41546" machi="69" ten="30,1500,0" yaku="10,1" doraHai="124" who="2" fromWho="3" sc="388,0,187,0,247,28,168,-18" /><INIT seed="6,2,0,2,5,52" ten="388,187,275,150" oya="2" hai0="79,24,110,22,127,38,108,3,70,99,116,75,120" hai1="72,32,59,57,14,76,111,64,94,58,117,80,0" hai2="37,107,83,45,105,93,114,101,40,44,112,90,73" hai3="46,28,8,36,30,27,54,87,61,96,135,53,131"/><V92/><F45/><W118/><G118/><T33/><D22/><U63/><E0/><V15/><F15/><W130/><G135/><T67/><D67/><U31/><E117/><V13/><F13/><W60/><G96/><T125/><D99/><U89/><E111/><V7/><F7/><W129/><G87/><T35/><D24/><U66/><E66/><V42/><F42/><W43/><G8/><T119/><D79/><U106/><E106/><N who="2" m="40459" /><F101/><W56/><G27/><T85/><D85/><U21/><E32/><V97/><F97/><W121/><G121/><T126/><D120/><U29/><E14/><V49/><F37/><W109/><G109/><N who="0" m="42091" /><D70/><U113/><E113/><N who="2" m="43627" /><F90/><W6/><G6/><T26/><D38/><U19/><E19/><V10/><F10/><W74/><G74/><T115/><D115/><U17/><E17/><V124/><F124/><W18/><G18/><T62/><D119/><U20/><E20/><V69/><F69/><W16/><G16/><T1/><D116/><U47/><E47/><V95/><F95/><W123/><G123/><T88/><D88/><U84/><REACH who="1" step="1"/><E21/><REACH who="1" ten="388,177,275,150" step="2"/><V71/><F71/><AGARI ba="2,1" hai="29,31,57,58,59,63,64,71,72,76,80,84,89,94" machi="71" ten="40,8000,1" yaku="1,1,2,1,52,3,53,0" doraHai="52" doraHaiUra="48" who="1" fromWho="2" sc="388,0,177,96,275,-86,150,0" /><INIT seed="7,0,0,0,1,118" ten="388,273,189,150" oya="3" hai0="62,71,102,32,82,6,72,25,123,76,15,77,55" hai1="89,95,99,34,112,104,108,9,117,18,134,1,75" hai2="28,131,127,73,70,26,69,115,47,122,135,107,97" hai3="52,132,31,105,98,130,22,121,41,20,33,13,74"/><W101/><G121/><T36/><D36/><U63/><E108/><V91/><F115/><W128/><G74/><T46/><D123/><U86/><E34/><V19/><F131/><N who="3" m="50219" /><G132/><T94/><D15/><U109/><E109/><V42/><F127/><W103/><G41/><T65/><D55/><U48/><E117/><V43/><F135/><W27/><G103/><T124/><D6/><U51/><E75/><V30/><F73/><W57/><G13/><T29/><D124/><U40/><E112/><V24/><F19/><W106/><G106/><T85/><D46/><U93/><E40/><V64/><F43/><W111/><G111/><T78/><D72/><U54/><E104/><V17/><F17/><W66/><G66/><T61/><D61/><AGARI ba="0,0" hai="20,22,27,31,33,52,57,61,98,101,105" m="50219" machi="61" ten="30,2900,0" yaku="19,1,54,1" doraHai="118" who="3" fromWho="0" sc="388,-29,273,0,189,0,150,29" /><INIT seed="7,1,0,4,1,93" ten="359,273,189,179" oya="3" hai0="119,25,13,17,51,132,103,26,117,19,45,33,59" hai1="89,22,20,130,131,134,79,53,43,80,135,82,37" hai2="62,96,61,81,60,55,7,50,42,71,67,108,74" hai3="94,1,91,116,69,100,70,30,72,40,85,120,66"/><W87/><G120/><T29/><D132/><N who="1" m="50731" /><E43/><V68/><F7/><W0/><G72/><T99/><D59/><U32/><E32/><V34/><F34/><W65/><G116/><T12/><D25/><U38/><E53/><V118/><F118/><W113/><G100/><T114/><D17/><U41/><E89/><V4/><F4/><W31/><G91/><T28/><D13/><U92/><E92/><V75/><F108/><W106/><G94/><T8/><D29/><U9/><E9/><V23/><F23/><N who="1" m="8745" /><E80/><V122/><F81/><W21/><G21/><T57/><D57/><U46/><E38/><V24/><F55/><W56/><G56/><T10/><D10/><U95/><E95/><V77/><F42/><W128/><G40/><T104/><D114/><U98/><E98/><V121/><F96/><W110/><G113/><T63/><D63/><U15/><E15/><V64/><F60/><W109/><REACH who="3" step="1"/><G106/><REACH who="3" ten="359,273,189,169" step="2"/><T48/><D119/><U90/><E90/><V27/><F77/><W126/><G126/><T111/><D117/><U52/><E52/><V102/><F102/><W123/><G123/><T83/><D103/><U16/><E41/><V84/><F84/><W125/><G125/><T112/><D104/><U115/><E115/><V86/><F86/><W129/><AGARI ba="1,1" hai="0,1,30,31,65,66,69,70,85,87,109,110,128,129" machi="129" ten="25,9600,0" yaku="1,1,0,1,22,2,53,0" doraHai="93" doraHaiUra="78" who="3" fromWho="3" sc="359,-33,273,-33,189,-33,169,109" /><INIT seed="7,2,0,4,4,23" ten="326,240,156,278" oya="3" hai0="77,118,54,35,53,88,44,121,24,16,30,98,114" hai1="59,28,25,115,85,3,71,68,33,64,113,72,134" hai2="29,40,9,105,36,11,83,51,73,14,100,41,107" hai3="6,93,39,79,2,22,63,8,1,84,37,102,10"/><W62/><G22/><T110/><D110/><U57/><E72/><V52/><F36/><W58/><G102/><T18/><D118/><U86/><E3/><V90/><F29/><W12/><G12/><T132/><D121/><U122/><E122/><V7/><F9/><W104/><G104/><T45/><D77/><U133/><E64/><V89/><F89/><W50/><G50/><T111/><D111/><U55/><E55/><V108/><F108/><W131/><G131/><T96/><D114/><N who="1" m="43531" /><E59/><V69/><F69/><N who="1" m="26697" /><E57/><V125/><F125/><W127/><G58/><T129/><D129/><U128/><E128/><V92/><F73/><W80/><G93/><T70/><D54/><U27/><E25/><V32/><F32/><W124/><G127/><T120/><D24/><U135/><AGARI ba="2,0" hai="27,28,33,85,86,133,134,135" m="26697,43531" machi="135" ten="40,5200,0" yaku="20,1,15,1,52,1" doraHai="23" who="1" fromWho="1" sc="326,-15,240,58,156,-15,278,-28" owari="311,41.0,298,10.0,141,-36.0,250,-15.0" /></mjloggm>