<mjloggm ver="2.3"><GO type="169" lobby="0"/><UN n0="%69%77%61%6E%6B%6F%66%75" n1="%E3%83%AC%E3%83%90%E3%83%8B%E3%83%A9%E3%83%AC%E3%83%90" n2="%E3%81%BD%E3%82%93%E3%81%93%E3%81%A4%E9%98%BF%E8%B3%80%E9%87%8E%E5%A7%89" n3="%E3%82%A6%E3%83%AB%E3%83%88%E3%83%A9%E7%AB%8B%E7%9B%B4" dan="16,16,16,17" rate="2115.71,2053.02,2111.15,2134.10" sx="M,M,F,M"/><TAIKYOKU oya="0"/><INIT seed="0,0,0,2,4,117" ten="250,250,250,250" oya="0" hai0="105,7,96,127,52,84,119,16,32,29,92,39,88" hai1="130,37,91,61,46,129,95,81,13,90,112,109,45" hai2="121,11,18,28,113,53,125,31,43,80,135,85,69" hai3="93,19,8,102,87,27,9,100,94,114,123,23,6"/><T120/><D119/><U60/><E112/><V75/><F113/><W104/><G104/><T108/><D39/><U20/><E81/><V78/><F69/><W76/><G114/><T133/><D7/><U115/><E115/><V72/><F43/><W25/><G123/><T126/><D133/><U50/><E37/><V128/><F135/><W12/><G27/><N who="0" m="18495" /><D108/><U59/><E109/><V124/><F121/><W77/><G9/><T131/><D131/><U4/><E4/><V71/><F71/><W63/><G63/><T54/><D120/><U38/><E38/><V47/><F128/><W116/><G116/><T73/><D73/><U101/><E101/><N who="3" m="39018" /><G87/><T10/><D96/><U70/><E70/><V56/><F72/><W86/><G86/><T42/><D42/><U122/><E122/><V57/><F75/><W99/><G99/><T98/><D98/><U41/><E91/><V82/><F11/><W1/><G1/><T24/><D105/><U89/><E89/><V55/><F85/><W36/><G36/><T65/><D65/><U110/><E110/><V134/><F134/><W106/><G106/><T49/><D49/><N who="1" m="26799" /><E130/><V21/><F21/><W17/><G6/><T3/><D3/><U58/><E129/><V111/><F111/><W30/><G30/><T26/><D10/><U5/><E5/><V132/><F132/><W48/><G48/><T15/><D26/><U68/><E68/><V79/><F18/><W83/><G83/><T22/><D24/><U40/><E61/><V35/><F35/><W74/><G74/><T118/><D118/><U67/><E60/><RYUUKYOKU ba="0,0" sc="250,10,250,-30,250,10,250,10" hai0="15,16,22,52,54,84,88,92,126,127" hai2="28,31,47,53,55,56,57,78,79,80,82,124,125" hai3="8,12,17,19,23,25,76,77,93,94" /><INIT seed="0,1,0,5,3,2" ten="260,220,260,260" oya="0" hai0="110,33,94,88,21,134,76,75,111,26,22,30,99" hai1="54,14,15,28,106,1,116,129,0,24,64,18,102" hai2="4,91,34,29,74,92,124,118,72,55,46,79,112" hai3="16,85,77,133,44,108,127,51,8,11,17,61,39"/><T78/><D134/><U100/><E116/><V123/><F112/><W42/><G108/><N who="0" m="41515" /><D75/><U10/><E129/><V135/><F123/><W68/><G133/><T35/><D21/><U125/><E125/><V80/><F124/><W50/><G127/><T103/><D103/><U130/><E130/><V101/><F118/><W132/><G132/><T121/><D121/><U86/><E64/><V63/><F101/><W49/><G68/><T69/><D69/><U117/><E117/><V60/><F29/><W128/><G128/><T97/><D97/><U114/><E114/><V71/><F34/><AGARI ba="1,0" hai="22,26,30,33,34,35,76,78,88,94,99" m="41515" machi="34" ten="30,5800,0" yaku="14,1,10,1,54,1" doraHai="2" who="0" fromWho="2" sc="260,61,220,0,260,-61,260,0" /><INIT seed="0,2,0,3,2,16" ten="321,220,199,260" oya="0" hai0="17,70,103,35,46,127,93,99,48,11,124,72,36" hai1="121,118,109,78,91,30,42,87,62,96,22,15,100" hai2="120,104,126,80,113,54,135,101,57,21,82,73,95" hai3="23,108,37,3,63,49,97,115,8,14,119,52,110"/><T102/><D35/><U131/><E118/><V53/><F120/><W19/><G37/><T44/><D72/><U12/><E121/><V111/><F113/><W79/><G115/><T83/><D70/><U45/><E131/><V39/><F39/><W47/><G119/><T90/><D36/><U122/><E78/><V68/><F104/><W123/><G123/><T65/><D65/><U92/><E122/><V76/><F68/><W114/><G114/><T106/><D46/><U89/><E62/><V69/><F69/><W20/><G79/><T5/><D83/><U50/><E109/><N who="3" m="42090" /><G3/><T134/><D134/><U77/><E77/><V85/><F111/><W55/><G97/><T33/><D33/><U59/><E59/><AGARI ba="2,0" hai="8,14,19,20,23,47,49,52,55,59,63" m="42090" machi="59" ten="30,7700,0" yaku="14,1,52,2,54,1" doraHai="16" who="3" fromWho="1" sc="321,0,220,-83,199,0,260,83" /><INIT seed="1,0,0,2,3,109" ten="321,137,199,343" oya="1" hai0="102,26,52,0,13,105,85,127,74,16,61,19,35" hai1="4,93,53,40,133,36,7,124,110,44,113,32,75" hai2="12,48,77,20,122,96,49,17,59,65,11,118,50" hai3="56,18,54,131,45,79,97,8,92,88,39,91,9"/><U121/><E32/><V111/><F122/><W114/><G114/><T67/><D74/><U14/><E75/><V28/><F118/><W47/><G131/><T129/><D0/><U46/><E121/><V25/><F111/><W70/><G70/><T112/><D129/><U120/><E120/><V55/><F77/><W34/><G34/><T80/><D102/><U64/><E64/><V58/><F65/><W29/><G29/><T57/><D105/><U128/><E128/><V62/><REACH who="2" step="1"/><F59/><REACH who="2" ten="321,137,189,343" step="2"/><W76/><G56/><T103/><D67/><U6/><E110/><V108/><F108/><W68/><G79/><T3/><D57/><U100/><E133/><V30/><F30/><W95/><G76/><T23/><D127/><U104/><E124/><V69/><F69/><W10/><G68/><T94/><D112/><U63/><E113/><V98/><AGARI ba="0,1" hai="11,12,17,20,25,28,48,49,50,55,58,62,96,98" machi="98" ten="30,4000,0" yaku="1,1,0,1,8,1,53,0" doraHai="109" doraHaiUra="116" who="2" fromWho="2" sc="321,-10,137,-20,189,50,343,-10" /><INIT seed="2,0,0,3,0,69" ten="311,117,239,333" oya="2" hai0="92,46,124,82,49,68,2,15,114,57,29,76,19" hai1="65,28,67,126,30,40,133,105,121,36,44,112,102" hai2="7,77,81,75,10,59,115,32,34,24,94,106,25" hai3="107,13,111,127,118,51,42,91,31,131,33,39,26"/><V84/><F106/><W108/><G118/><T71/><D2/><U1/><E1/><V99/><F115/><W27/><G107/><T61/><D124/><U8/><E126/><V129/><F129/><W80/><G127/><T135/><D135/><U11/><E105/><V101/><F75/><W78/><G131/><T35/><D92/><U43/><E44/><V109/><F109/><W122/><G122/><T90/><D90/><U79/><E79/><V100/><F100/><W16/><G27/><T93/><D93/><U52/><E102/><V54/><F32/><W97/><G51/><T130/><D29/><U85/><E85/><V5/><F34/><W70/><G70/><T104/><D104/><U23/><E23/><V47/><F47/><N who="3" m="24031" /><G91/><T50/><D35/><U132/><E112/><V41/><F41/><W88/><G88/><T22/><D50/><U72/><E72/><V74/><F74/><W116/><G97/><T95/><D95/><U64/><E64/><V103/><F103/><W66/><G66/><N who="0" m="39215" /><D130/><U98/><E98/><V9/><F9/><N who="3" m="6191" /><G116/><T125/><D125/><U53/><E121/><V3/><REACH who="2" step="1"/><F5/><REACH who="2" ten="311,117,229,333" step="2"/><W117/><G117/><T119/><D119/><U12/><REACH who="1" step="1"/><E12/><REACH who="1" ten="311,107,229,333" step="2"/><V73/><F73/><N who="3" m="43087" /><G111/><T110/><D110/><U17/><E17/><V123/><F123/><W14/><G14/><T21/><D114/><U87/><E87/><V89/><F89/><W45/><G108/><T38/><D15/><U86/><E86/><V55/><F55/><W37/><G45/><T20/><D46/><U62/><E62/><AGARI ba="0,2" hai="3,7,10,24,25,54,59,62,77,81,84,94,99,101" machi="62" ten="30,2900,0" yaku="1,1,7,1,53,0" doraHai="69" doraHaiUra="18" who="2" fromWho="1" sc="311,0,107,-29,229,49,333,0" /><INIT seed="2,1,0,0,2,51" ten="311,78,278,333" oya="2" hai0="46,112,49,38,92,24,26,22,70,11,101,29,85" hai1="81,56,106,47,121,130,9,60,117,3,17,57,104" hai2="58,87,126,64,72,134,88,19,84,97,89,31,12" hai3="21,127,133,37,105,79,50,1,65,35,53,43,48"/><V68/><F72/><W8/><G35/><T100/><D70/><U98/><E117/><V13/><F68/><W14/><G105/><T27/><D38/><U23/><E130/><V44/><F31/><W0/><G37/><T40/><D112/><U6/><E121/><V16/><F134/><W99/><G65/><T103/><D11/><U52/><E81/><N who="2" m="49167" /><F97/><W107/><G21/><T91/><AGARI ba="1,0" hai="22,24,26,27,29,40,46,49,85,91,92,100,101,103" machi="91" ten="30,2000,0" yaku="0,1,8,1" doraHai="51" who="0" fromWho="0" sc="311,23,78,-6,278,-11,333,-6" /><INIT seed="3,0,0,1,1,77" ten="334,72,267,327" oya="3" hai0="92,55,118,50,13,107,26,27,60,129,91,43,8" hai1="117,88,79,38,69,78,33,132,65,99,54,5,70" hai2="9,119,73,1,116,36,30,57,44,6,97,52,16" hai3="49,15,75,71,56,110,105,21,131,59,53,121,90"/><W120/><G71/><T84/><D129/><U85/><E38/><V86/><F30/><W89/><G105/><T10/><D107/><U48/><E117/><V130/><F130/><W7/><G131/><T98/><D118/><U11/><E132/><V40/><F97/><W45/><G75/><T122/><D122/><U46/><E33/><V31/><F31/><W29/><G110/><T134/><D134/><U63/><E99/><V87/><F73/><W72/><G72/><T123/><D123/><U128/><E70/><V104/><F104/><W42/><G121/><T68/><D8/><U28/><E28/><V115/><F115/><W126/><G126/><T76/><D43/><U19/><E19/><V135/><F135/><W113/><G113/><T106/><D60/><U127/><E127/><V20/><F116/><W2/><G2/><T18/><D68/><U37/><E37/><V80/><F80/><W35/><G35/><T61/><D61/><U14/><REACH who="1" step="1"/><E128/><REACH who="1" ten="334,62,267,327" step="2"/><V103/><F119/><W101/><G120/><T125/><D125/><U93/><AGARI ba="0,1" hai="5,11,14,46,48,54,63,65,69,78,79,85,88,93" machi="93" ten="20,8000,1" yaku="1,1,2,1,0,1,7,1,54,1,53,0" doraHai="77" doraHaiUra="32" who="1" fromWho="1" sc="334,-20,62,90,267,-20,327,-40" /><INIT seed="4,0,0,3,2,74" ten="314,152,247,287" oya="0" hai0="102,117,67,24,33,75,122,107,96,109,97,0,94" hai1="101,46,131,115,132,92,76,55,103,59,111,127,126" hai2="63,37,2,110,29,1,44,56,83,130,88,9,42" hai3="60,49,106,41,71,31,15,100,3,27,12,108,99"/><T17/><D0/><U113/><E111/><V116/><F110/><W70/><G3/><T125/><D117/><U48/><E132/><V62/><F116/><W114/><G114/><N who="1" m="43530" /><E131/><V105/><F130/><W118/><G71/><T47/><D122/><U95/><E46/><V38/><F105/><W22/><G118/><T40/><D125/><N who="1" m="47627" /><E76/><V81/><F37/><W69/><G69/><T25/><D109/><U34/><E34/><V104/><F104/><W134/><G134/><T51/><D33/><U18/><E18/><V90/><F29/><W112/><G112/><T10/><D75/><U58/><E58/><V39/><F39/><W78/><G78/><T35/><D35/><U123/><E123/><V45/><F38/><W64/><G108/><T121/><D121/><U13/><E13/><V36/><F36/><W53/><G41/><T133/><D133/><U124/><N who="1" m="47635" /><U19/><DORA hai="119" /><E19/><V61/><F56/><AGARI ba="0,0" hai="12,15,22,27,31,49,53,56,60,64,70,99,100,106" machi="56" ten="30,1000,0" yaku="7,1" doraHai="74,119" who="3" fromWho="2" sc="314,0,152,0,247,-10,287,10" /><INIT seed="5,0,0,3,0,65" ten="314,152,237,297" oya="1" hai0="33,105,73,3,15,124,10,71,117,114,66,63,77" hai1="93,1,49,94,13,11,22,50,135,35,64,36,46" hai2="95,18,6,52,8,43,110,100,88,55,41,75,101" hai3="23,116,62,123,111,118,79,122,131,90,104,74,121"/><U42/><E35/><V4/><F110/><W12/><G12/><T53/><D117/><N who="3" m="45161" /><G23/><T102/><D53/><N who="2" m="20554" /><F75/><W98/><G62/><T86/><D86/><U83/><E135/><V40/><F18/><W5/><G5/><N who="2" m="2153" /><F8/><W14/><G14/><T20/><D20/><U38/><E1/><V69/><F69/><W47/><G47/><T57/><D71/><U112/><E112/><V132/><F132/><W84/><G111/><T78/><D73/><U25/><E38/><V80/><F80/><N who="3" m="45175" /><G131/><T44/><D3/><U48/><E83/><V30/><F30/><W58/><G58/><T61/><D57/><U97/><E64/><V120/><F120/><W27/><G27/><T54/><D66/><U72/><E72/><V128/><F128/><W85/><G104/><T108/><D105/><U103/><E93/><AGARI ba="0,0" hai="84,85,90,93,98,121,122,123" m="45175,45161" machi="93" ten="40,5200,0" yaku="12,1,34,2" doraHai="65" who="3" fromWho="1" sc="314,0,152,-52,237,0,297,52" /><INIT seed="6,0,0,1,0,116" ten="314,100,237,349" oya="2" hai0="84,59,66,40,32,79,94,29,119,86,58,35,121" hai1="36,14,69,100,93,89,110,16,5,102,135,124,92" hai2="67,18,55,76,17,4,48,42,62,108,6,47,34" hai3="98,72,12,39,103,87,68,53,107,1,91,27,126"/><V133/><F34/><W104/><G1/><T11/><D40/><U10/><E69/><V13/><F108/><W3/><G3/><T125/><D79/><U63/><E36/><V44/><F133/><W46/><G68/><T51/><D94/><U30/><E135/><V25/><F25/><W37/><G107/><T96/><D96/><U71/><E110/><V99/><F76/><W33/><G72/><T77/><D51/><U8/><E124/><V74/><F74/><W95/><G126/><T9/><D77/><U101/><E30/><V90/><F18/><W129/><G129/><T83/><D119/><U60/><E71/><V49/><F99/><W120/><G120/><T7/><D7/><U81/><E81/><V132/><F132/><W19/><G53/><T117/><D117/><U82/><E82/><V61/><F90/><W80/><G46/><T24/><D24/><U97/><REACH who="1" step="1"/><E93/><REACH who="1" ten="314,90,237,349" step="2"/><V0/><F0/><AGARI ba="0,1" hai="0,5,8,10,14,16,60,63,89,92,97,100,101,102" machi="0" ten="40,5200,0" yaku="1,1,2,1,54,1,53,0" doraHai="116" doraHaiUra="130" who="1" fromWho="2" sc="314,0,90,62,237,-52,349,0" /><INIT seed="7,0,0,5,0,73" ten="314,152,185,349" oya="3" hai0="68,20,22,19,36,124,101,79,99,77,27,29,95" hai1="14,67,69,117,57,134,85,89,112,103,56,11,53" hai2="91,40,78,111,50,5,93,8,125,0,81,131,135" hai3="92,130,1,61,42,72,104,49,4,31,108,122,18"/><W15/><G104/><T118/><D118/><U86/><E69/><V26/><F111/><W10/><G72/><T58/><D68/><U39/><E39/><V120/><F120/><W113/><G122/><T60/><D36/><U129/><E117/><V6/><F131/><W35/><G130/><T126/><D126/><U63/><E129/><V45/><F125/><W25/><G61/><T30/><D124/><U44/><E112/><V41/><F135/><W71/><G71/><T12/><D30/><U84/><E44/><V21/><F6/><W105/><G105/><T119/><D119/><U48/><E103/><V83/><F78/><W24/><G24/><T54/><AGARI ba="0,0" hai="12,19,20,22,27,29,54,58,60,77,79,95,99,101" machi="54" ten="20,8000,1" yaku="0,1,7,1,8,1,52,2" doraHai="73" who="0" fromWho="0" sc="314,80,152,-20,185,-20,349,-40" owari="394,49.0,132,-37.0,165,-23.0,309,11.0" /></mjloggm>