<mjloggm ver="2.3"><GO type="169" lobby="0"/><UN n0="%E5%8F%A3%E3%83%9E%E3%83%BC%E3%83%AA%E3%82%AA" n1="%E3%81%82%E3%81%84%E2%98%86%E3%81%BE%E3%81%84%E2%98%85%E3%81%BF%E3%83%BC" n2="%E3%82%AB%E3%83%9D%E3%83%8D%E5%9B%A3%E3%81%AE%E5%85%84%E8%B2%B4" n3="%E5%B0%B1%E6%B4%BB%E7%94%9F%40%E5%B7%9D%E6%9D%91%E8%BB%8D%E5%9B%A3" dan="17,16,18,18" rate="2135.58,2081.86,2250.52,2294.33" sx="F,F,M,M"/><TAIKYOKU oya="0"/><INIT seed="0,0,0,1,1,131" ten="250,250,250,250" oya="0" hai0="44,63,40,119,47,110,19,62,88,84,94,121,127" hai1="123,109,92,71,58,22,70,69,20,41,48,99,90" hai2="132,103,74,120,73,2,52,116,95,96,7,107,98" hai3="21,108,61,97,72,29,6,3,134,78,59,18,42"/><T12/><D121/><U106/><E123/><V77/><F2/><W57/><G29/><T80/><D119/><U105/><E109/><V5/><F120/><W101/><G42/><T118/><D118/><U93/><E41/><V32/><F116/><W35/><G35/><T117/><D117/><U4/><E4/><V102/><F32/><W79/><G72/><T66/><D127/><U0/><E0/><V49/><F132/><W10/><G134/><T46/><D110/><U67/><E67/><V28/><F28/><W8/><G8/><T1/><D1/><U100/><E58/><V36/><F36/><W76/><G108/><T11/><D40/><U17/><E48/><V135/><F135/><W124/><G124/><T81/><REACH who="0" step="1"/><D63/><REACH who="0" ten="240,250,250,250" step="2"/><U53/><E53/><V68/><F5/><W50/><G61/><T55/><D55/><U133/><E133/><V25/><F7/><W126/><G126/><T15/><D15/><U114/><E114/><V24/><F25/><W129/><G129/><T65/><D65/><U30/><E30/><V113/><F24/><W89/><G50/><T91/><D91/><U75/><E17/><V9/><F113/><W14/><REACH who="3" step="1"/><G89/><REACH who="3" ten="240,250,250,240" step="2"/><T130/><D130/><U56/><E90/><N who="2" m="55415" /><F49/><W83/><G83/><T60/><D60/><U54/><E54/><V51/><F52/><W27/><G27/><T16/><D16/><U82/><E82/><V115/><F51/><W86/><G86/><T104/><D104/><AGARI ba="0,2" hai="3,6,10,14,18,21,57,59,76,78,79,97,101,104" machi="104" ten="40,1300,0" yaku="1,1,53,0" doraHai="131" doraHaiUra="122" who="3" fromWho="0" sc="240,-13,250,0,250,0,240,33" /><INIT seed="1,0,0,0,5,122" ten="227,250,250,273" oya="1" hai0="117,103,4,88,134,1,56,16,5,81,8,111,71" hai1="65,107,11,20,110,124,62,33,68,46,22,64,9" hai2="2,100,34,93,58,45,23,72,42,113,76,10,83" hai3="59,63,125,84,98,32,74,112,121,85,61,52,86"/><U15/><E33/><V50/><F34/><W17/><G121/><T120/><D71/><U130/><E107/><V31/><F113/><W82/><G32/><T114/><D120/><U133/><E65/><V35/><F35/><W87/><G112/><T14/><D114/><U101/><E101/><V13/><F58/><W92/><G125/><T40/><D103/><U116/><E116/><V37/><F50/><W91/><G17/><T57/><D117/><U39/><E124/><V115/><F115/><W96/><G74/><T104/><D104/><U26/><E133/><V77/><F77/><W128/><G128/><T97/><D134/><U3/><E26/><V94/><F100/><W36/><G36/><T79/><D40/><U28/><E28/><V129/><F129/><W43/><G43/><T75/><D111/><U123/><E130/><V6/><REACH who="2" step="1"/><F13/><REACH who="2" ten="227,250,240,273" step="2"/><W53/><G82/><T119/><D119/><U126/><E123/><V132/><F132/><W12/><G12/><T19/><D1/><U41/><E126/><V106/><F106/><W47/><G47/><T30/><D30/><U18/><REACH who="1" step="1"/><E110/><REACH who="1" ten="227,240,240,273" step="2"/><V78/><F78/><W54/><G61/><T109/><D109/><U90/><E90/><V67/><F67/><AGARI ba="0,2" hai="52,53,54,59,63,67,84,85,86,87,91,92,96,98" machi="67" ten="40,2600,0" yaku="8,1,54,1" doraHai="122" who="3" fromWho="2" sc="227,0,240,0,240,-26,273,46" /><INIT seed="2,0,0,4,4,108" ten="227,240,214,319" oya="2" hai0="90,3,86,4,111,78,30,23,33,91,44,117,36" hai1="125,104,16,29,43,51,93,92,97,118,101,106,25" hai2="46,127,133,96,94,58,61,2,24,34,18,81,68" hai3="20,83,131,98,40,49,67,80,105,42,50,113,35"/><V109/><F109/><W120/><G120/><T22/><D111/><U102/><E118/><V64/><F2/><W65/><G35/><T85/><D78/><U87/><E16/><V107/><F127/><W8/><G8/><T95/><D3/><U73/><E73/><V89/><F133/><W126/><G98/><T62/><D4/><U74/><E74/><V63/><F46/><W121/><G20/><T59/><D36/><U72/><E72/><V13/><F81/><W56/><G56/><T100/><D100/><U31/><E87/><V103/><F13/><W5/><G5/><T116/><D44/><U71/><E71/><V70/><F63/><W45/><G45/><T54/><D33/><U77/><E77/><V21/><REACH who="2" step="1"/><F34/><REACH who="2" ten="227,240,204,319" step="2"/><W114/><G126/><T110/><D110/><U19/><E125/><V7/><F7/><W119/><G119/><N who="0" m="45643" /><D30/><U14/><E14/><V123/><F123/><W134/><G121/><T60/><D62/><U135/><E135/><V115/><F115/><W37/><G134/><T12/><D12/><U69/><E19/><V26/><F26/><W6/><G6/><T47/><D47/><U66/><E25/><V39/><F39/><W130/><G37/><T57/><D59/><U82/><E29/><V88/><F88/><W38/><G38/><T41/><D41/><U9/><E31/><V76/><F76/><W11/><G11/><T112/><D112/><U129/><E9/><V124/><F124/><W1/><G1/><T15/><D15/><U55/><E43/><V48/><F48/><W79/><G79/><T52/><D54/><RYUUKYOKU ba="0,1" sc="227,10,240,-30,204,10,319,10" hai0="22,23,52,57,60,85,86,90,91,95" hai2="18,21,24,58,61,64,68,70,89,94,96,103,107" hai3="40,42,49,50,65,67,80,83,105,113,114,130,131" /><INIT seed="2,1,1,5,5,4" ten="237,210,214,329" oya="2" hai0="63,75,90,87,79,77,44,15,43,133,24,120,65" hai1="130,114,94,99,47,46,119,28,45,108,102,91,7" hai2="8,37,89,50,93,109,107,113,39,70,64,128,104" hai3="105,26,111,115,71,2,53,101,30,29,88,21,92"/><V61/><F113/><W116/><G71/><T74/><D120/><U17/><E114/><V10/><F128/><W76/><G115/><T68/><D133/><U13/><E7/><V5/><F109/><W126/><G116/><T100/><D100/><U33/><E119/><V82/><F82/><W131/><G2/><T57/><D15/><U41/><E130/><V49/><F5/><W3/><G3/><T55/><D24/><U112/><E112/><V117/><F117/><W73/><G111/><T83/><D75/><U84/><E108/><V0/><F0/><W14/><G126/><T81/><D79/><U20/><E33/><V97/><F49/><W22/><G101/><T134/><D134/><U121/><E121/><V66/><F50/><W11/><G105/><T54/><D68/><U32/><E32/><V18/><F66/><W31/><G22/><T122/><D122/><U125/><E125/><V23/><F104/><W56/><G76/><T80/><D83/><U129/><E129/><V67/><F67/><W72/><G72/><T86/><D74/><U58/><E58/><V135/><F107/><W103/><G103/><T127/><D127/><U1/><E1/><V62/><F62/><N who="3" m="36111" /><G73/><T38/><AGARI ba="1,1" hai="38,43,44,54,55,57,63,65,77,80,81,86,87,90" machi="38" ten="20,1500,0" yaku="0,1,7,1" doraHai="4" who="0" fromWho="0" sc="237,28,210,-5,214,-8,329,-5" /><INIT seed="3,0,0,4,4,65" ten="265,205,206,324" oya="3" hai0="24,28,20,61,63,11,52,71,1,88,60,15,94" hai1="95,46,111,54,23,74,57,48,112,130,124,29,77" hai2="86,10,87,135,9,59,82,122,110,27,45,119,19" hai3="133,4,78,36,55,126,67,98,18,47,33,56,70"/><W35/><G4/><T131/><D1/><U121/><E112/><V96/><F119/><W93/><G78/><T128/><D71/><U58/><E121/><V118/><F118/><W90/><G126/><T120/><D120/><U97/><E124/><V132/><F122/><W16/><G133/><T13/><D11/><U7/><E111/><V38/><F110/><W3/><G3/><T103/><D103/><U104/><E104/><V105/><F86/><W39/><G39/><T134/><D134/><U5/><E130/><N who="0" m="49705" /><D52/><U2/><E2/><V34/><F59/><N who="1" m="22537" /><E77/><V79/><F132/><W99/><G99/><AGARI ba="0,0" hai="13,15,20,24,28,60,61,63,88,94,99" m="49705" machi="99" ten="30,2000,0" yaku="19,1,54,1" doraHai="65" who="0" fromWho="3" sc="265,20,205,0,206,0,324,-20" /><INIT seed="4,0,0,2,5,87" ten="285,205,206,304" oya="0" hai0="33,32,9,52,39,2,124,17,135,44,19,97,48" hai1="4,24,85,12,43,88,131,83,69,98,86,27,121" hai2="75,26,130,57,93,100,38,110,80,107,3,41,56" hai3="65,91,128,96,61,8,55,25,13,76,54,102,21"/><T59/><D135/><U42/><E69/><V133/><F3/><W15/><G76/><T37/><D124/><U16/><E121/><V10/><F110/><W68/><G128/><T34/><D97/><U92/><E4/><V119/><F133/><W114/><G15/><T77/><D77/><U79/><E131/><V116/><F130/><W89/><G55/><T115/><D115/><U95/><E43/><V29/><F10/><W0/><G0/><T51/><D2/><U28/><E42/><V127/><F80/><W74/><G54/><T67/><D9/><N who="1" m="6159" /><E28/><V62/><F75/><W123/><G74/><T30/><D30/><U108/><E108/><V7/><F7/><W58/><G68/><T72/><D72/><U105/><E105/><V103/><F107/><W109/><G114/><T117/><D117/><U70/><E70/><V122/><F122/><W104/><G109/><T73/><D73/><U23/><E23/><N who="2" m="15583" /><F56/><W113/><G113/><T36/><REACH who="0" step="1"/><D51/><REACH who="0" ten="275,205,206,304" step="2"/><U45/><E45/><V50/><F127/><W112/><G112/><T99/><D99/><U132/><E132/><V46/><F50/><W49/><G49/><T81/><D81/><U5/><E5/><V84/><F119/><W111/><G111/><T53/><D53/><U106/><E106/><V11/><F116/><W31/><G123/><T118/><D118/><U40/><E40/><V6/><F6/><AGARI ba="0,1" hai="6,8,13,21,25,31,58,61,65,89,91,96,102,104" machi="6" ten="30,3900,0" yaku="7,1,52,2" doraHai="87" who="3" fromWho="2" sc="275,0,205,0,206,-39,304,49" /><INIT seed="5,0,0,3,4,43" ten="275,205,167,353" oya="1" hai0="21,66,111,7,83,25,73,17,64,6,60,92,12" hai1="56,54,49,104,108,135,48,42,8,52,75,78,9" hai2="31,63,62,26,45,39,53,125,23,79,94,121,122" hai3="44,96,97,3,4,24,113,84,58,102,118,51,28"/><U14/><E104/><V110/><F110/><W71/><G113/><T107/><D111/><U106/><E108/><V132/><F125/><W74/><G71/><T91/><D107/><U128/><E42/><V109/><F109/><W38/><G74/><T47/><D47/><U86/><E75/><V32/><F132/><W98/><G38/><T119/><D119/><U20/><E106/><V37/><F79/><W18/><G18/><T76/><D12/><U67/><E67/><V117/><F117/><W127/><G127/><T100/><D100/><U5/><E9/><V2/><F2/><W103/><G58/><T57/><D66/><U70/><E70/><V61/><F32/><W101/><G84/><AGARI ba="0,0" hai="6,7,17,21,25,57,60,64,73,76,83,84,91,92" machi="84" ten="30,1000,0" yaku="7,1" doraHai="43" who="0" fromWho="3" sc="275,10,205,0,167,0,353,-10" /><INIT seed="6,0,0,1,0,41" ten="285,205,167,343" oya="2" hai0="109,18,6,101,125,64,120,131,17,24,43,73,77" hai1="28,33,87,61,22,100,135,133,26,58,112,128,93" hai2="51,63,85,89,119,66,37,11,38,104,16,65,67" hai3="102,35,7,124,9,42,36,30,91,99,10,78,23"/><V19/><F104/><W80/><G35/><T21/><D109/><U83/><E112/><V70/><F119/><W116/><G124/><T103/><D120/><U84/><E128/><V59/><F70/><W95/><G116/><T117/><D117/><U31/><E28/><V29/><F29/><W76/><G42/><T25/><D6/><U45/><E45/><V129/><F129/><W1/><G36/><T75/><D43/><U3/><E3/><V111/><F111/><W52/><G52/><T15/><D64/><N who="2" m="24682" /><F38/><W121/><G121/><T13/><D131/><U74/><E74/><V106/><F106/><W60/><G60/><T0/><D77/><N who="3" m="29801" /><G1/><T98/><D98/><U118/><E33/><V71/><F37/><W90/><G80/><T55/><D55/><U2/><E2/><V92/><F71/><W82/><G82/><T68/><D0/><U53/><E118/><V12/><F51/><W81/><G81/><T97/><D97/><N who="1" m="59439" /><E83/><V126/><F126/><W122/><G122/><T46/><D68/><U86/><E84/><V56/><F56/><W49/><G49/><T44/><D125/><U62/><E61/><V50/><F50/><W40/><G40/><T113/><D113/><U32/><E32/><V69/><F69/><W107/><G107/><T48/><D48/><U39/><E39/><V108/><F108/><W105/><G105/><T132/><D21/><U5/><E87/><V123/><F123/><W8/><G7/><AGARI ba="0,0" hai="7,11,12,16,19,59,63,67,85,89,92" m="24682" machi="7" ten="30,2900,0" yaku="8,1,54,1" doraHai="41" who="2" fromWho="3" sc="285,0,205,0,167,29,343,-29" /><INIT seed="6,1,0,4,3,126" ten="285,205,196,314" oya="2" hai0="88,63,102,53,65,59,0,33,117,70,21,106,46" hai1="28,111,73,91,22,43,128,11,115,49,47,16,110" hai2="100,112,31,61,81,26,105,84,132,120,93,41,56" hai3="30,3,25,35,4,101,1,77,78,40,68,130,50"/><V85/><F120/><W107/><G130/><T108/><D108/><U55/><E73/><V64/><F132/><W95/><G68/><T10/><D33/><U38/><E28/><V52/><F112/><W89/><G107/><T125/><D125/><U104/><E11/><V79/><F41/><W29/><G101/><T72/><D72/><U7/><E7/><V96/><F64/><W17/><G30/><T58/><D21/><U124/><E104/><V34/><REACH who="2" step="1"/><F105/><REACH who="2" ten="285,205,186,314" step="2"/><W119/><G40/><T44/><D117/><U5/><E115/><V6/><F6/><W45/><G4/><T134/><D134/><U129/><E5/><V20/><F20/><W123/><G123/><T60/><D10/><U13/><E124/><V23/><F23/><W80/><G119/><T121/><D121/><U127/><E127/><V135/><F135/><W62/><G3/><T9/><D9/><U66/><E66/><V19/><F19/><W98/><G17/><T74/><D0/><U67/><E67/><V42/><F42/><W51/><G1/><T27/><D106/><U82/><E111/><V36/><F36/><W37/><G37/><T14/><D65/><U97/><E110/><V122/><F122/><W57/><G35/><T109/><D109/><U54/><E38/><V86/><AGARI ba="1,1" hai="26,31,34,52,56,61,79,81,84,85,86,93,96,100" machi="86" ten="20,7800,0" yaku="1,1,0,1,7,1,54,1,53,0" doraHai="126" doraHaiUra="116" who="2" fromWho="2" sc="285,-27,205,-27,186,91,314,-27" /><INIT seed="6,2,0,2,3,82" ten="258,178,277,287" oya="2" hai0="130,78,109,44,55,9,58,37,103,45,14,13,122" hai1="131,69,111,86,117,48,6,112,133,88,57,87,19" hai2="32,127,35,4,23,24,85,41,21,51,12,135,128" hai3="81,29,119,39,17,27,26,121,10,102,79,70,64"/><V72/><F72/><W107/><G39/><T30/><D109/><U114/><E69/><V56/><F135/><W129/><G121/><T105/><D122/><U106/><E111/><V96/><F127/><W92/><G107/><T83/><D30/><U99/><E117/><V125/><F125/><W31/><G129/><T124/><D130/><U120/><E120/><V7/><F128/><W100/><G64/><T67/><D67/><U20/><E6/><V25/><F96/><W49/><G49/><T11/><D103/><U113/><E133/><V123/><F123/><W97/><G70/><T40/><D105/><U42/><E131/><V90/><F32/><W1/><G102/><T22/><D45/><N who="1" m="25655" /><E57/><V52/><F41/><W89/><G100/><T73/><D124/><U118/><E118/><V74/><F74/><W95/><G95/><T46/><D46/><U0/><E0/><V62/><F35/><W76/><G1/><T101/><D101/><N who="1" m="62783" /><E88/><V63/><F7/><W34/><G81/><T71/><D71/><U84/><E87/><V47/><F4/><W38/><G38/><T68/><D68/><U116/><E116/><V2/><F2/><W110/><G110/><T134/><D134/><U132/><E132/><V80/><F47/><W98/><G98/><T15/><REACH who="0" step="1"/><D22/><REACH who="0" ten="248,178,277,287" step="2"/><N who="2" m="8202" /><F12/><AGARI ba="2,1" hai="12,19,20,84,86,112,113,114" m="62783,25655" machi="12" ten="30,3900,0" yaku="15,1,52,2" doraHai="82" who="1" fromWho="2" sc="248,0,178,55,277,-45,287,0" /><INIT seed="7,0,0,3,0,115" ten="248,233,232,287" oya="3" hai0="118,49,135,9,108,45,111,60,104,4,59,113,125" hai1="22,50,55,6,90,129,119,41,39,122,73,94,40" hai2="68,89,88,2,25,56,103,98,75,93,79,100,67" hai3="37,132,109,5,121,106,76,16,35,1,20,65,86"/><W46/><G35/><T128/><D118/><U70/><E39/><V58/><F2/><W34/><G34/><T51/><D104/><U133/><E122/><V31/><F75/><W61/><G106/><T24/><D24/><U72/><E70/><V120/><F79/><W17/><G109/><T102/><D102/><U63/><E63/><N who="2" m="38391" /><F68/><W78/><G132/><T12/><D135/><U53/><E133/><V97/><F120/><W85/><G5/><T29/><D29/><U47/><E129/><V10/><F10/><W26/><G1/><T0/><D128/><U96/><E119/><V130/><F130/><W80/><G37/><T23/><D125/><U134/><E134/><V27/><F56/><N who="3" m="37031" /><G46/><T83/><D113/><U123/><E123/><V82/><F82/><N who="3" m="47303" /><G121/><T112/><D112/><U84/><E6/><V77/><F77/><W81/><G81/><T91/><D108/><U7/><E7/><V52/><F52/><W99/><G99/><T14/><D0/><U43/><E55/><V107/><F25/><W131/><G131/><T3/><D3/><U32/><E96/><V69/><F69/><W114/><G114/><T110/><D45/><U87/><E84/><V30/><F30/><AGARI ba="0,0" hai="16,17,20,26,30,78,80,86" m="47303,37031" machi="30" ten="30,2900,0" yaku="8,1,54,1" doraHai="115" who="3" fromWho="2" sc="248,0,233,0,232,-29,287,29" owari="248,5.0,233,-17.0,203,-30.0,316,42.0" /></mjloggm>