<mjloggm ver="2.3"><GO type="169" lobby="0"/><UN n0="%61%72%61%66%61%69" n1="%E7%89%8C%E5%BB%83%E4%BA%BA" n2="%E4%BF%BA%54%55%45%45%45%45%45" n3="%E3%82%A6%E3%83%AB%E3%83%88%E3%83%A9%E7%AB%8B%E7%9B%B4" dan="17,17,16,18" rate="2207.43,2169.65,2057.40,2223.27" sx="F,M,F,M"/><TAIKYOKU oya="0"/><INIT seed="0,0,0,4,2,82" ten="250,250,250,250" oya="0" hai0="0,46,18,28,104,72,123,111,19,44,115,73,54" hai1="57,30,117,127,51,116,79,61,131,26,25,12,65" hai2="42,5,67,103,87,58,109,24,13,135,70,55,3" hai3="106,112,76,118,91,83,1,15,89,38,14,93,4"/><T56/><D104/><U124/><E131/><V100/><F3/><W21/><G112/><T105/><D105/><U121/><E121/><V101/><F109/><W86/><G118/><T92/><D0/><U34/><E79/><V120/><F120/><W77/><G38/><T74/><D123/><U63/><E51/><V94/><F135/><W69/><G69/><T45/><D115/><U40/><E40/><V108/><F108/><W134/><G106/><T71/><D71/><U78/><E78/><V16/><F42/><W59/><G134/><T68/><D68/><N who="1" m="42031" /><E12/><V35/><F67/><W133/><G133/><T130/><D111/><U11/><E11/><V99/><F70/><W80/><G1/><T7/><D7/><U125/><E26/><V10/><F87/><N who="3" m="52479" /><G83/><T41/><D41/><U29/><E29/><V75/><F75/><W39/><G39/><T33/><D130/><U27/><E27/><V22/><REACH who="2" step="1"/><F35/><REACH who="2" ten="250,250,240,250" step="2"/><W95/><G86/><T62/><D33/><U107/><E117/><V90/><F90/><W88/><G89/><T47/><N who="0" m="11264" /><DORA hai="32" /><T122/><D122/><U53/><E116/><V6/><F6/><W60/><G88/><T119/><D119/><U110/><E110/><V37/><F37/><W36/><G36/><T81/><D73/><U102/><E127/><V9/><F9/><W23/><G4/><T2/><D74/><U129/><E129/><V20/><F20/><W97/><G23/><T50/><D72/><U66/><E66/><V126/><F126/><W113/><G21/><T85/><D2/><U31/><E30/><V114/><F114/><RYUUKYOKU ba="0,1" sc="250,-15,250,15,240,15,250,-15" hai1="25,31,34,53,57,63,102,107,124,125" hai2="5,10,13,16,22,24,55,58,94,99,100,101,103" /><INIT seed="1,1,1,3,0,15" ten="235,265,255,235" oya="1" hai0="51,114,14,44,32,39,93,77,41,113,25,56,13" hai1="16,54,118,58,107,2,127,119,122,85,135,42,116" hai2="124,131,91,130,70,109,110,0,66,45,132,53,72" hai3="43,20,49,26,33,92,120,21,48,106,11,101,73"/><U71/><E122/><V76/><F0/><W65/><G106/><T86/><D13/><U134/><E71/><V82/><F70/><W31/><G73/><T60/><D39/><U18/><E107/><V22/><F66/><W27/><G120/><T95/><D95/><U67/><E127/><V3/><F3/><W80/><G33/><T89/><D77/><U83/><E42/><V8/><F8/><W9/><G80/><T88/><D89/><N who="1" m="51391" /><E67/><V123/><F123/><W23/><G23/><T7/><D7/><U81/><E2/><V64/><F64/><W115/><G65/><T29/><REACH who="0" step="1"/><D14/><REACH who="0" ten="225,265,255,235" step="2"/><U37/><E37/><V74/><F76/><W78/><G78/><T46/><D46/><U40/><E81/><V99/><F82/><W4/><G4/><T94/><D94/><U100/><E100/><V129/><F91/><W28/><G92/><T61/><D61/><N who="1" m="36055" /><E40/><V98/><F130/><W34/><G43/><T36/><D36/><U69/><E69/><V57/><F131/><W84/><G101/><T111/><D111/><U112/><E112/><V30/><F129/><W63/><G115/><T12/><D12/><U55/><E55/><AGARI ba="1,2" hai="25,29,32,41,44,51,55,56,60,86,88,93,113,114" machi="55" ten="30,7700,0" yaku="1,1,7,1,54,1,53,1" doraHai="15" doraHaiUra="87" who="0" fromWho="1" sc="225,100,265,-80,255,0,235,0" /><INIT seed="2,0,0,4,0,63" ten="325,185,255,235" oya="2" hai0="25,100,87,16,111,37,113,41,86,58,89,92,80" hai1="76,102,94,132,83,6,0,117,22,110,74,26,65" hai2="44,1,10,53,54,107,4,109,30,70,91,112,108" hai3="57,18,134,8,9,24,119,122,118,135,20,35,85"/><V61/><F112/><W19/><G57/><T96/><D113/><U79/><E117/><V48/><F107/><W51/><G51/><T120/><D120/><U40/><E110/><N who="2" m="42603" /><F30/><N who="3" m="19911" /><G85/><T32/><D32/><U28/><E79/><V68/><F91/><W15/><G122/><T31/><D31/><U12/><E132/><N who="3" m="50730" /><G8/><T73/><D73/><U126/><E40/><V56/><AGARI ba="0,0" hai="1,4,10,44,48,53,54,56,61,68,70" m="42603" machi="56" ten="30,3000,0" yaku="14,1,10,1" doraHai="63" who="2" fromWho="2" sc="325,-10,185,-10,255,30,235,-10" /><INIT seed="2,1,0,4,1,8" ten="315,175,285,225" oya="2" hai0="5,13,18,41,56,77,106,10,60,64,102,135,33" hai1="17,46,30,54,119,24,23,103,47,97,104,90,111" hai2="20,21,124,68,82,95,7,37,45,26,62,11,134" hai3="66,120,118,80,61,22,113,70,15,59,108,27,78"/><V87/><F134/><W4/><G118/><T79/><D33/><U130/><E119/><V3/><F124/><W133/><G120/><T122/><D122/><U93/><E111/><V1/><F1/><W75/><G108/><T99/><D135/><U125/><E125/><V31/><F95/><W19/><G133/><T117/><D117/><U9/><E130/><V29/><F68/><W53/><G113/><T86/><D41/><U39/><E39/><V32/><F62/><W52/><G4/><T71/><D86/><U110/><E110/><V55/><F31/><W44/><G44/><T12/><REACH who="0" step="1"/><D71/><REACH who="0" ten="305,175,285,225" step="2"/><U109/><E109/><V131/><F32/><W35/><G70/><T34/><D34/><U100/><E100/><V48/><F87/><N who="3" m="48535" /><G35/><T2/><D2/><U73/><E73/><V36/><F3/><W91/><G75/><T114/><D114/><U49/><E103/><V128/><F128/><W101/><G101/><T28/><D28/><U16/><E104/><V58/><F29/><N who="3" m="17655" /><G91/><T50/><D50/><U98/><E30/><V51/><F51/><W115/><G115/><T63/><D63/><U127/><E127/><V43/><F48/><W112/><G112/><T107/><D107/><U14/><E47/><V84/><F131/><W38/><G38/><T76/><D76/><U67/><E67/><V42/><F37/><W57/><G57/><T74/><D74/><U72/><E72/><V6/><F45/><W96/><G96/><AGARI ba="1,1" hai="9,14,16,17,23,24,46,49,54,90,93,96,97,98" machi="96" ten="30,7700,0" yaku="7,1,8,1,52,1,54,1" doraHai="8" who="1" fromWho="3" sc="305,0,175,90,285,0,225,-80" /><INIT seed="3,0,0,5,0,114" ten="305,265,285,145" oya="3" hai0="105,3,111,120,92,107,40,91,95,2,14,48,124" hai1="77,7,33,44,5,31,110,8,4,66,21,90,69" hai2="128,42,39,27,118,18,45,26,63,131,25,68,117" hai3="36,17,64,41,75,94,60,28,15,57,133,51,34"/><W123/><G123/><T6/><D120/><U70/><E33/><V53/><F18/><W37/><G75/><T119/><D111/><U83/><E66/><N who="2" m="41055" /><F53/><W108/><G133/><T126/><D14/><N who="1" m="5383" /><E70/><V50/><F39/><W85/><G108/><T74/><D48/><U24/><E69/><V19/><F19/><W62/><G62/><T86/><D40/><U59/><E77/><V47/><F45/><W52/><G28/><T56/><D56/><U102/><E102/><V134/><F134/><W98/><G34/><T20/><D20/><U32/><E32/><V10/><F10/><W16/><G85/><T88/><D6/><U115/><E115/><V135/><F135/><W65/><G37/><T73/><D86/><N who="1" m="50527" /><E44/><V11/><F11/><N who="3" m="6271" /><G36/><T103/><D103/><U71/><E71/><V100/><F100/><N who="3" m="60503" /><G17/><T29/><D29/><U116/><E110/><V106/><F106/><W22/><G22/><T76/><D76/><U96/><E7/><V127/><F127/><W30/><G30/><T87/><D87/><U67/><E5/><V72/><F72/><W13/><G13/><T130/><D130/><AGARI ba="0,0" hai="25,26,27,42,47,50,117,118,128,130,131" m="41055" machi="130" ten="30,3900,0" yaku="19,1,52,2" doraHai="114" who="2" fromWho="0" sc="305,-39,265,0,285,39,145,0" /><INIT seed="4,0,0,0,4,88" ten="266,265,324,145" oya="0" hai0="135,75,44,70,56,67,120,94,43,96,63,106,79" hai1="82,22,14,49,15,118,90,39,103,134,20,132,112" hai2="64,26,41,24,51,127,23,100,4,46,130,83,58" hai3="6,52,54,101,126,89,117,47,111,38,109,104,121"/><T93/><D120/><U133/><E39/><V5/><F130/><W124/><G6/><T17/><D135/><U78/><E118/><V131/><F131/><W123/><G101/><T95/><D106/><U0/><E0/><V16/><F127/><N who="3" m="48683" /><G89/><T36/><D17/><U113/><E103/><V10/><F83/><W87/><G87/><T129/><D129/><U19/><E49/><V40/><F40/><N who="3" m="22935" /><G104/><T80/><REACH who="0" step="1"/><D70/><REACH who="0" ten="256,265,324,145" step="2"/><U25/><E133/><V59/><F16/><W125/><G125/><T69/><D69/><U31/><E134/><V86/><F5/><W114/><G117/><T98/><AGARI ba="0,1" hai="36,43,44,56,63,67,75,79,80,93,94,95,96,98" machi="98" ten="30,24000,3" yaku="1,1,0,1,52,3,53,3" doraHai="88" doraHaiUra="91" who="0" fromWho="0" sc="256,250,265,-80,324,-80,145,-80" /><INIT seed="4,1,0,2,4,50" ten="506,185,244,65" oya="0" hai0="42,24,57,110,64,118,91,48,86,128,72,111,103" hai1="40,36,95,131,46,102,120,31,117,55,6,23,107" hai2="62,126,119,35,32,108,76,104,41,30,13,60,1" hai3="71,70,39,114,8,80,7,96,17,113,121,0,134"/><T14/><D72/><U9/><E120/><V67/><F108/><W130/><G39/><T77/><D77/><U63/><E117/><V115/><F1/><W112/><G130/><T129/><D103/><U79/><E107/><V132/><F119/><W56/><G134/><T135/><D118/><U92/><E102/><V83/><F41/><W61/><G121/><T98/><D98/><U101/><E101/><V10/><F62/><W29/><G96/><T52/><D135/><U33/><E33/><V100/><F115/><W90/><G29/><T44/><D14/><U49/><E79/><V97/><F126/><W22/><G80/><N who="0" m="49607" /><D24/><N who="1" m="16799" /><E36/><V68/><F132/><W109/><G90/><T19/><D19/><U89/><E89/><V87/><F30/><W18/><G109/><N who="0" m="41483" /><D64/><U16/><E6/><AGARI ba="1,0" hai="6,10,13,32,35,60,67,68,76,83,87,97,100,104" machi="6" ten="30,1000,0" yaku="7,1" doraHai="50" who="2" fromWho="1" sc="506,0,185,-13,244,13,65,0" /><INIT seed="5,0,0,1,2,20" ten="506,172,257,65" oya="1" hai0="105,3,50,52,36,38,47,76,62,78,25,100,15" hai1="13,77,51,85,56,61,73,89,120,26,33,80,29" hai2="18,112,94,63,59,79,43,109,75,42,9,119,96" hai3="99,93,54,91,116,106,81,121,45,55,129,101,40"/><U0/><E120/><V48/><F109/><W111/><G111/><T67/><D3/><U32/><E0/><V60/><F119/><W17/><G129/><T87/><D15/><U97/><E51/><V65/><F112/><W123/><G116/><T107/><D107/><U64/><E13/><V104/><F104/><W103/><G121/><T5/><D5/><U11/><E11/><V132/><F132/><W7/><G123/><T127/><D127/><U27/><E97/><V84/><F75/><W135/><G135/><T134/><D87/><U68/><E68/><V2/><F48/><W114/><G114/><T126/><D126/><U95/><REACH who="1" step="1"/><E29/><REACH who="1" ten="506,162,257,65" step="2"/><V28/><F28/><W122/><G122/><T110/><D50/><U12/><E12/><V19/><F9/><W133/><G133/><T115/><D134/><U44/><E44/><V128/><F2/><W24/><G45/><T57/><D47/><U86/><E86/><V131/><F84/><W130/><G40/><T16/><D110/><U22/><E22/><V71/><F43/><W69/><G69/><T53/><D115/><U124/><E124/><V8/><F8/><W23/><G7/><T39/><D39/><U14/><E14/><V70/><F42/><W10/><G10/><T83/><D36/><U74/><E74/><V41/><F41/><W31/><G31/><T125/><D38/><U21/><E21/><V46/><F46/><W35/><G23/><T49/><D49/><U90/><E90/><V34/><F71/><W108/><G91/><T117/><D125/><U113/><E113/><V4/><F70/><RYUUKYOKU ba="0,1" sc="506,-10,162,30,257,-10,65,-10" hai1="26,27,32,33,56,61,64,73,77,80,85,89,95" /><INIT seed="5,1,1,2,4,24" ten="496,192,247,55" oya="1" hai0="2,119,64,98,54,40,103,63,30,57,32,126,36" hai1="94,99,53,92,109,104,39,25,16,81,131,50,44" hai2="95,14,11,69,78,79,113,127,96,41,101,135,45" hai3="52,93,129,100,91,71,107,125,122,74,105,116,33"/><U61/><E131/><V77/><F69/><W37/><G91/><T7/><D119/><U56/><E39/><V89/><F135/><W121/><G93/><T88/><D7/><U49/><E109/><V134/><F134/><W38/><G100/><T97/><D2/><U15/><E104/><V42/><F127/><W27/><G27/><T10/><D10/><U62/><E81/><V13/><F113/><W0/><G52/><T17/><D17/><U18/><E25/><V46/><F89/><W29/><G29/><T118/><D30/><U112/><E112/><V1/><F1/><W8/><G8/><T106/><D32/><U73/><E73/><V19/><F14/><W3/><G3/><T48/><D118/><U4/><E4/><V65/><F65/><W51/><G51/><T6/><D6/><U67/><E94/><V34/><F34/><W12/><G12/><T31/><D31/><U9/><E18/><V86/><F86/><W60/><G60/><T87/><D103/><N who="1" m="60903" /><E67/><V68/><F68/><W82/><G82/><T114/><D64/><U43/><AGARI ba="1,1" hai="9,15,16,43,44,49,50,53,56,61,62" m="60903" machi="43" ten="30,3000,0" yaku="8,1,54,1" doraHai="24" who="1" fromWho="1" sc="496,-11,192,43,247,-11,55,-11" /><INIT seed="5,2,0,3,2,94" ten="485,235,236,44" oya="1" hai0="30,18,26,96,80,60,72,102,112,9,118,41,4" hai1="78,11,105,124,135,48,0,122,66,21,57,36,90" hai2="5,121,127,106,15,125,59,101,111,22,27,88,49" hai3="33,43,83,114,28,79,75,7,53,104,120,20,86"/><U2/><E36/><V133/><F111/><W93/><G120/><T62/><D118/><U65/><E122/><V115/><F121/><W84/><G33/><T119/><D119/><U44/><E105/><V103/><F133/><W134/><G43/><T74/><D18/><U128/><E78/><V1/><F1/><W50/><G134/><T89/><D41/><U100/><E100/><V25/><F115/><W40/><G40/><T38/><D72/><U130/><E135/><V126/><F106/><W24/><G114/><T116/><D38/><U46/><E21/><V55/><F5/><W3/><G104/><T45/><D89/><U42/><E11/><V107/><F15/><W54/><G3/><N who="1" m="1066" /><E46/><V110/><F27/><W14/><G7/><T12/><D26/><U51/><E90/><V76/><F76/><W63/><G14/><T92/><D12/><U108/><E124/><V52/><F55/><W16/><G28/><T39/><D30/><U82/><E82/><V29/><F107/><W131/><G93/><T81/><D92/><U113/><E113/><V67/><F67/><N who="1" m="25609" /><E108/><V31/><F110/><W91/><G91/><T77/><D112/><U17/><E17/><V68/><F31/><W129/><G63/><T71/><D60/><U70/><E70/><V132/><F132/><W95/><G54/><T34/><D62/><U99/><E99/><V32/><F68/><W64/><G64/><T56/><D71/><U117/><E117/><V8/><F88/><N who="3" m="53655" /><G75/><T37/><D74/><U97/><E97/><V123/><F123/><W58/><G79/><T6/><D77/><RYUUKYOKU ba="2,0" sc="485,-15,235,15,236,-15,44,15" hai1="42,44,48,51,57,128,130" hai3="16,20,24,50,53,58,83,84,129,131" /><INIT seed="5,3,0,1,0,127" ten="470,250,221,59" oya="1" hai0="6,19,20,115,97,38,34,123,28,56,89,99,91" hai1="122,98,117,118,13,46,31,86,37,9,131,84,57" hai2="96,125,3,76,67,135,53,65,128,105,90,50,116" hai3="22,66,101,39,81,82,95,24,44,111,72,17,49"/><U35/><E122/><V69/><F3/><W12/><G111/><T73/><D73/><U48/><E37/><V126/><F116/><W70/><G39/><T75/><D75/><U7/><E57/><V80/><F128/><W133/><G133/><T47/><D6/><U59/><E59/><V11/><F135/><W21/><G72/><T108/><D108/><U129/><E117/><V23/><F11/><W102/><G66/><T54/><D28/><U26/><E98/><V33/><F33/><W88/><G70/><T113/><D34/><U43/><REACH who="1" step="1"/><E118/><REACH who="1" ten="470,240,221,59" step="2"/><V68/><F96/><N who="3" m="57447" /><G102/><T2/><D99/><U94/><E94/><V1/><F69/><W120/><G101/><T71/><D97/><U74/><E74/><V77/><F68/><W78/><G120/><T93/><D71/><U16/><E16/><V107/><F107/><W132/><G132/><T112/><D123/><U52/><E52/><V79/><F53/><N who="3" m="29863" /><G78/><T14/><D93/><U30/><E30/><AGARI ba="3,1" hai="12,17,21,22,24,30,81,82" m="29863,57447" machi="30" ten="30,2000,0" yaku="8,1,54,1" doraHai="127" who="3" fromWho="1" sc="470,0,240,-29,221,0,59,39" /><INIT seed="6,0,0,0,0,104" ten="470,211,221,98" oya="2" hai0="27,130,116,74,9,66,12,29,76,126,65,57,91" hai1="70,131,41,37,114,113,2,22,115,3,18,26,128" hai2="111,135,119,24,82,19,53,95,5,31,68,17,97" hai3="63,127,54,107,124,64,58,121,99,81,34,109,100"/><V56/><F119/><W92/><G109/><T42/><D116/><U75/><E70/><V13/><F135/><W59/><G121/><T117/><D117/><U118/><E118/><V129/><F129/><N who="1" m="49737" /><E75/><V35/><F68/><W101/><G34/><T78/><D42/><U123/><E123/><V14/><F111/><W55/><G64/><T20/><D126/><U132/><E132/><V36/><F36/><W67/><G67/><T0/><D0/><N who="1" m="43" /><E41/><V45/><F45/><W11/><G107/><T134/><D74/><U15/><E37/><V73/><F5/><W86/><G11/><T40/><D40/><U44/><E44/><V6/><F6/><W61/><REACH who="3" step="1"/><G100/><REACH who="3" ten="470,211,221,88" step="2"/><T93/><D66/><U96/><E96/><V49/><F97/><W79/><AGARI ba="0,1" hai="54,55,58,59,61,63,79,81,86,92,99,101,124,127" machi="79" ten="30,8000,1" yaku="1,1,2,1,0,1,9,1,53,1" doraHai="104" doraHaiUra="89" who="3" fromWho="3" sc="470,-20,211,-20,221,-40,88,90" /><INIT seed="7,0,0,2,0,135" ten="450,191,181,178" oya="3" hai0="5,13,38,44,22,119,52,50,24,8,72,21,49" hai1="20,41,121,111,83,64,14,27,112,131,54,120,129" hai2="19,107,56,80,90,102,31,74,28,79,18,57,36" hai3="6,89,85,40,17,99,124,123,104,77,23,97,51"/><W34/><G123/><T39/><D72/><U45/><E111/><V9/><F36/><W4/><G34/><T42/><D21/><U65/><E112/><V26/><F107/><W126/><G77/><T66/><D66/><N who="1" m="25707" /><E14/><V62/><F102/><W68/><G68/><T114/><D119/><U95/><E95/><V1/><F31/><W81/><G40/><T101/><D101/><U58/><E83/><V127/><F127/><N who="3" m="48683" /><G51/><T96/><D114/><U93/><E45/><V100/><F100/><N who="3" m="62479" /><G99/><T60/><D96/><U118/><E41/><V84/><F62/><W30/><G30/><T94/><D60/><N who="1" m="35927" /><E118/><V16/><F57/><W37/><G37/><T76/><D76/><U43/><E43/><V7/><F56/><W103/><G103/><T130/><D49/><U59/><E59/><V82/><F28/><W12/><AGARI ba="0,0" hai="4,6,12,17,23,81,85,89" m="62479,48683" machi="12" ten="30,11700,0" yaku="18,1,52,3" doraHai="135" who="3" fromWho="3" sc="450,-39,191,-39,181,-39,178,117" /><INIT seed="7,1,0,5,1,133" ten="411,152,142,295" oya="3" hai0="97,35,98,88,107,126,96,94,46,100,114,79,65" hai1="33,62,17,91,110,64,130,128,111,66,92,45,115" hai2="25,5,60,41,50,72,129,83,109,93,82,87,125" hai3="102,68,9,13,16,112,123,30,76,131,77,135,19"/><W7/><G123/><T4/><D35/><U78/><E115/><V58/><F109/><N who="1" m="41481" /><E33/><V122/><F129/><N who="1" m="49769" /><E78/><N who="3" m="30314" /><G68/><T53/><D65/><U70/><E66/><V51/><F125/><W3/><G3/><T132/><D46/><U75/><E75/><V103/><F72/><W89/><G131/><T54/><D4/><U99/><E45/><V71/><F71/><W1/><G1/><T12/><D88/><U29/><E17/><N who="3" m="6730" /><G112/><T39/><D12/><U121/><E29/><V55/><F50/><W116/><G116/><T10/><D39/><U105/><E105/><V90/><F103/><W63/><G135/><T26/><D97/><U69/><E69/><V49/><F51/><W8/><G102/><T86/><D100/><U101/><E101/><V95/><F5/><W14/><G30/><T104/><D104/><U44/><E44/><N who="2" m="25743" /><F122/><AGARI ba="1,0" hai="62,64,70,91,92,99,121,122" m="49769,41481" machi="122" ten="30,1000,0" yaku="19,1" doraHai="133" who="1" fromWho="2" sc="411,0,152,13,142,-13,295,0" owari="411,50.0,165,-23.0,129,-37.0,295,10.0" /></mjloggm>