<mjloggm ver="2.3"><GO type="169" lobby="0"/><UN n0="%E3%83%A1%E3%82%B9%E3%83%88%E3%83%BB%E3%82%A8%E3%82%B8%E3%83%AB" n1="%E3%82%A6%E3%83%AB%E3%83%88%E3%83%A9%E7%AB%8B%E7%9B%B4" n2="%4D%40%53%4F" n3="%53%68%69%4E%4F" dan="16,18,17,16" rate="2091.07,2272.65,2189.56,2090.92" sx="M,M,M,M"/><TAIKYOKU oya="0"/><INIT seed="0,0,0,5,2,114" ten="250,250,250,250" oya="0" hai0="132,37,60,98,76,89,38,134,119,107,39,36,14" hai1="127,0,34,22,23,27,110,6,62,59,51,16,12" hai2="123,1,71,35,108,85,3,55,20,26,54,50,74" hai3="113,88,70,125,68,4,40,101,99,135,109,31,120"/><T130/><D130/><U8/><E110/><V11/><F123/><W9/><G113/><T41/><D119/><U82/><E127/><V105/><F74/><W32/><G109/><T13/><D76/><U67/><E82/><V43/><F35/><W115/><G115/><T64/><D41/><U56/><E51/><V28/><F105/><W86/><G135/><N who="0" m="51755" /><D89/><U69/><REACH who="1" step="1"/><E23/><REACH who="1" ten="250,240,250,250" step="2"/><V46/><F20/><W129/><G125/><T48/><D48/><U131/><E131/><V2/><F50/><W116/><G129/><T30/><D39/><U96/><E96/><V18/><F108/><W84/><G120/><T102/><D30/><AGARI ba="0,1" hai="0,6,8,12,16,22,27,30,34,56,59,62,67,69" machi="30" ten="40,8000,1" yaku="1,1,24,2,54,1,53,0" doraHai="114" doraHaiUra="133" who="1" fromWho="0" sc="250,-80,240,90,250,0,250,0" /><INIT seed="1,0,0,4,4,96" ten="170,330,250,250" oya="1" hai0="29,18,66,117,46,119,54,30,38,70,7,25,104" hai1="8,55,64,99,61,15,59,135,53,10,94,95,41" hai2="34,9,82,90,110,73,102,24,97,52,56,118,134" hai3="107,124,20,128,3,91,35,89,125,69,32,65,67"/><U19/><E135/><V39/><F118/><W45/><G3/><T93/><D104/><U121/><E121/><V130/><F39/><W92/><G107/><T36/><D36/><U79/><E41/><V115/><F134/><W37/><G128/><T100/><D7/><U17/><E79/><V26/><F130/><W81/><G20/><T0/><D0/><U106/><E106/><V120/><F120/><W78/><G45/><T112/><D112/><U12/><REACH who="1" step="1"/><E95/><REACH who="1" ten="170,320,250,250" step="2"/><V5/><F115/><W74/><G92/><T57/><D93/><U113/><E113/><V16/><F110/><W77/><G37/><T31/><D38/><U44/><E44/><V11/><F73/><W47/><G74/><T76/><D76/><U72/><E72/><V49/><F82/><W6/><G81/><T63/><D46/><U98/><E98/><V126/><F97/><W40/><G47/><T22/><REACH who="0" step="1"/><D100/><AGARI ba="0,1" hai="8,10,12,15,17,19,53,55,59,61,64,94,99,100" machi="100" ten="30,12000,1" yaku="1,1,7,1,9,1,8,1,52,1,53,0" doraHai="96" doraHaiUra="1" who="1" fromWho="0" sc="170,-120,320,130,250,0,250,0" /><INIT seed="1,1,0,5,0,82" ten="50,450,250,250" oya="1" hai0="108,84,17,61,101,85,119,66,80,11,129,30,5" hai1="10,87,29,93,124,2,116,106,3,135,79,90,132" hai2="25,105,72,112,118,24,107,49,113,134,91,59,97" hai3="58,0,120,8,62,57,9,81,114,89,23,83,98"/><U19/><E106/><N who="2" m="40459" /><F118/><W33/><G33/><T48/><D119/><U50/><E116/><V131/><F72/><W16/><G120/><T44/><D108/><U36/><E36/><V37/><F37/><W102/><G114/><N who="2" m="44137" /><F134/><N who="1" m="51241" /><E124/><V12/><F131/><W47/><G47/><T88/><D129/><U45/><E29/><V40/><F12/><N who="3" m="9607" /><G0/><T20/><D101/><U99/><E19/><V39/><F39/><W94/><G58/><T100/><D100/><N who="1" m="60527" /><E10/><N who="3" m="4202" /><G102/><T41/><D30/><U70/><E79/><V76/><F76/><W86/><G98/><T26/><D84/><U38/><E38/><V127/><F127/><W31/><G31/><T53/><D11/><U43/><E70/><V28/><F28/><W64/><AGARI ba="1,0" hai="57,62,64,81,83,86,89,94" m="4202,9607" machi="64" ten="30,4000,0" yaku="8,1,52,1,54,1" doraHai="82" who="3" fromWho="3" sc="50,-11,450,-21,250,-11,250,43" /><INIT seed="2,0,0,1,1,74" ten="39,429,239,293" oya="2" hai0="56,51,46,121,39,96,48,115,45,117,113,63,25" hai1="23,124,71,32,103,36,108,129,83,72,1,15,22" hai2="110,65,93,58,135,35,66,33,92,29,61,105,101" hai3="38,126,81,128,95,67,11,24,17,6,125,85,86"/><V114/><F114/><W62/><G38/><T120/><D25/><U77/><E1/><V90/><F135/><W30/><G17/><T49/><D96/><U26/><E71/><V106/><F110/><W34/><G128/><T102/><D102/><U134/><E36/><V116/><F116/><W3/><G95/><T41/><D117/><U52/><E103/><V130/><F130/><W104/><G104/><T88/><D88/><U42/><E42/><V119/><F119/><W64/><G85/><T111/><D46/><U76/><E15/><V8/><F8/><W50/><G50/><T47/><D47/><U99/><E99/><V97/><F66/><W13/><G13/><T91/><D91/><U10/><E23/><V94/><F105/><W79/><REACH who="3" step="1"/><G67/><REACH who="3" ten="39,429,239,283" step="2"/><T68/><D68/><AGARI ba="0,1" hai="3,6,11,24,30,34,62,64,68,79,81,86,125,126" machi="68" ten="40,5200,0" yaku="1,1,2,1,52,1,53,0" doraHai="74" doraHaiUra="131" who="3" fromWho="0" sc="39,-52,429,0,239,0,283,62" owari="-13,-51.0,429,52.0,239,-16.0,345,15.0" /></mjloggm>