<mjloggm ver="2.3"><GO type="169" lobby="0"/><UN n0="%E3%82%AB%E3%83%9C%E3%83%81%E3%83%A3%E3%82%BF%E3%83%8D" n1="%E5%B0%B1%E6%B4%BB%E7%94%9F%40%E5%B7%9D%E6%9D%91%E8%BB%8D%E5%9B%A3" n2="%E7%82%8E%E3%81%AE%E3%82%B7%E3%83%A5%E3%83%AC%E3%83%B3" n3="%E2%98%86%E3%83%89%E3%83%8A%E3%83%AB%E3%83%89%E6%95%99%E5%BE%92%E2%98%86" dan="16,19,17,16" rate="2162.98,2349.11,2148.94,2103.55" sx="M,M,M,M"/><TAIKYOKU oya="0"/><INIT seed="0,0,0,5,3,23" ten="250,250,250,250" oya="0" hai0="130,98,115,122,93,63,100,41,24,109,10,51,48" hai1="31,21,70,67,114,56,39,69,108,96,71,90,131" hai2="46,58,134,45,50,33,125,101,82,20,117,107,53" hai3="49,127,79,15,37,11,75,74,83,110,27,95,54"/><T87/><D115/><U72/><E72/><V18/><F33/><W102/><G37/><T129/><D122/><U126/><E114/><V8/><F134/><W26/><G110/><T6/><D109/><U0/><E0/><V94/><F125/><W36/><G36/><T4/><D41/><U84/><E108/><V66/><F107/><W61/><G61/><T78/><D63/><U57/><E39/><V42/><F117/><W111/><G75/><T22/><D129/><U128/><E126/><V77/><F66/><W85/><G127/><T59/><D130/><N who="1" m="49707" /><E96/><V30/><F8/><W9/><G9/><T73/><D73/><U103/><E103/><V97/><F30/><W65/><G65/><T105/><D105/><U92/><E67/><V106/><F106/><W29/><G29/><T60/><D87/><U119/><E119/><V121/><F121/><W44/><G111/><T34/><D34/><U88/><E90/><V5/><F5/><N who="0" m="2154" /><D78/><U35/><E35/><V25/><REACH who="2" step="1"/><F42/><REACH who="2" ten="250,250,240,250" step="2"/><W118/><G118/><T13/><D10/><U38/><E38/><V7/><F7/><N who="3" m="3583" /><G74/><AGARI ba="0,1" hai="18,20,25,45,46,50,53,58,74,77,82,94,97,101" machi="74" ten="30,8000,1" yaku="1,1,7,1,52,1,53,2" doraHai="23" doraHaiUra="43" who="2" fromWho="3" sc="250,0,250,0,240,90,250,-80" /><INIT seed="1,0,0,4,5,50" ten="250,250,330,170" oya="1" hai0="40,75,98,3,118,51,103,49,41,131,37,92,11" hai1="127,29,14,80,56,13,82,107,108,122,23,95,88" hai2="58,66,134,22,36,101,4,15,87,2,104,16,77" hai3="0,20,128,69,34,132,44,81,39,96,117,129,72"/><U123/><E107/><V10/><F36/><W63/><G34/><T19/><D118/><U38/><E38/><V85/><F134/><W52/><G0/><T106/><D131/><N who="3" m="50249" /><G132/><T125/><D125/><U27/><E127/><V102/><F104/><W74/><G117/><T67/><D75/><N who="3" m="28713" /><G81/><N who="1" m="31338" /><E123/><V24/><F77/><W42/><G20/><T43/><D37/><U91/><E122/><V97/><F2/><W8/><G8/><T7/><D67/><U111/><E91/><V60/><REACH who="2" step="1"/><F97/><REACH who="2" ten="250,250,320,170" step="2"/><W133/><G133/><T100/><D106/><U46/><E108/><V70/><F70/><W68/><G96/><T35/><D98/><N who="1" m="57703" /><E111/><V79/><F79/><W73/><N who="3" m="28721" /><W99/><DORA hai="59" /><G99/><T45/><D3/><U64/><E46/><V93/><F93/><W31/><G69/><T86/><D45/><U119/><E119/><V5/><F5/><W94/><G94/><T83/><D92/><U30/><E30/><V116/><F116/><W6/><G31/><T18/><D7/><U109/><E109/><V53/><F53/><W48/><G6/><T61/><D100/><AGARI ba="0,1" hai="4,10,15,16,22,24,58,60,66,85,87,100,101,102" machi="100" ten="40,8000,1" yaku="1,1,8,1,52,1,54,1,53,1" doraHai="50,59" doraHaiUra="25,12" who="2" fromWho="0" sc="250,-80,250,0,320,90,170,0" /><INIT seed="2,0,0,0,5,131" ten="170,250,410,170" oya="2" hai0="21,48,73,121,130,107,120,37,128,66,77,11,7" hai1="23,119,129,87,26,84,81,90,127,125,85,97,44" hai2="79,56,80,52,117,82,34,74,15,6,133,22,0" hai3="59,19,70,122,68,89,104,111,126,42,13,118,99"/><V39/><F34/><W29/><G118/><T9/><D107/><U60/><E119/><V109/><F117/><W38/><G122/><T95/><D37/><U102/><E129/><N who="0" m="49769" /><D66/><U30/><E44/><V51/><F109/><W103/><G111/><T54/><D95/><U76/><E60/><V17/><F39/><W32/><G126/><N who="1" m="48138" /><E76/><V98/><F98/><W20/><G89/><T88/><D88/><U5/><E5/><V35/><F35/><W27/><REACH who="3" step="1"/><G59/><REACH who="3" ten="170,250,410,160" step="2"/><N who="0" m="33223" /><D121/><U116/><E116/><V18/><F56/><W31/><G31/><T43/><D120/><U8/><E90/><V105/><F79/><W28/><G28/><T67/><D77/><U65/><E102/><V63/><F74/><W33/><G33/><T135/><D73/><U4/><E81/><V114/><F80/><W47/><AGARI ba="0,1" hai="13,19,20,27,29,32,38,42,47,68,70,99,103,104" machi="47" ten="30,2000,0" yaku="1,1,0,1,53,0" doraHai="131" doraHaiUra="75" who="3" fromWho="3" sc="170,-5,250,-5,410,-10,160,30" /><INIT seed="3,0,0,2,5,112" ten="165,245,400,190" oya="3" hai0="122,71,53,127,128,15,78,84,29,131,75,114,66" hai1="56,98,105,93,60,121,2,10,97,79,38,61,132" hai2="133,118,107,73,69,6,23,0,49,26,94,14,101" hai3="3,31,130,28,123,30,116,54,125,95,45,124,92"/><W50/><G3/><T102/><D114/><U7/><E121/><V135/><F107/><W39/><G123/><T81/><D122/><U80/><E132/><V44/><F69/><W24/><G130/><T32/><D15/><U109/><E109/><V58/><F73/><W106/><G106/><T9/><D9/><U8/><E8/><V113/><F0/><W37/><G24/><N who="0" m="18471" /><D53/><U103/><E38/><V41/><F58/><W43/><G37/><T57/><D57/><U51/><E51/><V21/><F113/><W48/><G39/><T18/><D18/><U82/><E79/><V99/><F21/><W20/><G20/><T76/><D102/><U74/><E61/><V1/><F1/><W40/><G30/><T27/><D27/><U19/><E19/><V34/><F34/><W47/><G54/><T5/><D5/><U115/><E74/><V67/><F67/><W35/><G35/><T85/><D127/><U17/><E17/><V25/><F6/><W52/><G52/><T91/><D76/><U12/><E2/><V68/><F68/><W22/><G22/><T89/><D66/><U111/><E111/><V16/><F118/><AGARI ba="0,0" hai="28,31,40,43,45,47,48,50,92,95,116,118,124,125" machi="118" ten="25,9600,0" yaku="22,2,52,2" doraHai="112" who="3" fromWho="2" sc="165,0,245,0,400,-96,190,96" /><INIT seed="3,1,0,2,4,7" ten="165,245,304,286" oya="3" hai0="84,94,66,73,121,10,26,50,49,2,16,124,89" hai1="62,52,24,104,21,4,65,34,61,116,103,119,55" hai2="135,134,56,105,33,123,1,81,6,131,109,86,118" hai3="38,85,46,36,13,18,78,107,102,37,59,57,127"/><W9/><G127/><T83/><D121/><U31/><E62/><V47/><F118/><N who="1" m="45097" /><E21/><V90/><F123/><W39/><N who="3" m="9216" /><DORA hai="125" /><W22/><G46/><T75/><D124/><U41/><E41/><V53/><F33/><W77/><G107/><T0/><D66/><U122/><E122/><V76/><F105/><W44/><G102/><T74/><D83/><U27/><E27/><V101/><F101/><W132/><G44/><T3/><REACH who="0" step="1"/><D26/><REACH who="0" ten="155,245,304,286" step="2"/><U95/><E104/><V5/><F81/><W45/><G132/><T113/><D113/><U20/><E34/><V88/><F135/><W115/><G115/><T17/><D17/><U14/><E95/><V35/><F134/><W80/><G77/><T30/><D30/><U25/><E25/><V58/><F35/><W97/><G78/><T28/><D28/><U79/><E79/><V42/><F76/><W51/><G80/><T99/><D99/><U91/><E24/><V32/><F32/><W108/><G97/><T110/><D110/><U106/><E31/><V112/><F109/><W29/><G108/><T82/><D82/><U23/><E65/><V128/><F112/><W87/><G29/><T117/><D117/><U19/><E106/><V72/><F72/><W67/><G67/><T120/><D120/><U15/><E19/><V40/><F86/><W63/><G85/><T100/><D100/><U126/><E103/><V70/><F90/><W98/><G87/><T129/><D129/><U43/><E126/><V111/><F111/><W60/><G98/><T71/><D71/><U69/><E69/><V96/><F70/><RYUUKYOKU ba="1,1" sc="155,30,245,-10,304,-10,286,-10" hai0="0,2,3,10,16,49,50,73,74,75,84,89,94" /><INIT seed="4,2,1,0,1,131" ten="185,235,294,276" oya="0" hai0="111,91,7,123,94,18,19,129,0,23,3,108,87" hai1="126,53,127,12,72,114,102,133,36,113,62,86,63" hai2="25,14,40,65,22,85,101,31,90,81,6,68,64" hai3="52,47,54,17,73,67,121,79,125,4,33,26,29"/><T97/><D123/><U98/><E72/><V38/><F101/><W30/><G125/><N who="1" m="47626" /><E36/><V82/><F68/><W116/><G116/><T5/><D129/><U58/><E86/><V112/><F112/><N who="1" m="43113" /><E12/><V88/><F38/><W10/><G121/><T39/><D39/><U128/><E128/><V32/><F40/><W83/><G67/><T93/><D87/><U103/><E133/><V21/><F32/><W118/><G118/><T70/><D70/><U9/><E9/><N who="2" m="4407" /><F21/><W117/><G117/><T1/><D94/><N who="1" m="58711" /><E103/><V55/><F82/><W66/><G83/><T69/><D69/><U71/><E71/><V124/><F124/><W89/><G73/><T107/><D107/><U16/><E16/><N who="0" m="6185" /><D23/><U115/><N who="1" m="43121" /><U57/><DORA hai="2" /><E57/><V77/><F77/><W11/><G79/><T76/><D76/><U50/><AGARI ba="2,1" hai="50,53,58,62,63" m="58711,43121,47626" machi="50" ten="50,6400,0" yaku="18,1,15,1,11,1" doraHai="131,2" who="1" fromWho="1" sc="185,-34,235,80,294,-18,276,-18" /><INIT seed="5,0,0,0,0,98" ten="151,315,276,258" oya="1" hai0="11,116,126,61,103,30,69,46,70,58,134,3,18" hai1="129,74,94,78,99,47,104,71,21,100,13,102,133" hai2="122,34,92,85,113,90,45,0,88,127,60,120,42" hai3="68,97,40,131,114,39,55,38,23,19,53,31,65"/><U22/><E71/><V124/><F34/><W121/><G121/><N who="2" m="46697" /><F0/><W14/><G31/><T26/><D116/><U91/><E129/><V84/><F60/><W1/><G1/><T82/><D134/><U24/><E133/><V10/><F10/><W41/><G131/><T49/><D126/><N who="2" m="48170" /><F45/><W6/><G6/><T9/><D82/><U48/><E104/><V128/><F42/><W44/><G41/><T4/><D11/><U57/><E57/><V33/><F33/><W56/><G39/><T5/><D5/><U106/><E106/><V63/><F63/><W81/><G68/><T109/><D18/><N who="1" m="10447" /><E74/><V105/><F105/><W16/><G56/><T2/><D2/><U76/><E76/><V83/><F128/><W110/><G44/><T87/><D46/><U50/><E78/><V79/><F113/><W59/><G114/><T54/><D49/><N who="1" m="19051" /><E47/><V119/><F119/><W7/><G38/><T66/><D69/><U118/><E118/><V77/><AGARI ba="0,0" hai="77,79,83,84,85,88,90,92" m="48170,46697" machi="77" ten="40,8000,1" yaku="18,1,34,2,54,1" doraHai="98" who="2" fromWho="2" sc="151,-20,315,-40,276,80,258,-20" /><INIT seed="6,0,0,5,5,51" ten="131,275,356,238" oya="2" hai0="26,10,52,49,131,35,48,30,7,109,81,123,119" hai1="58,1,3,62,57,64,120,27,41,98,20,93,17" hai2="11,34,72,50,15,117,116,36,113,25,88,101,75" hai3="125,8,21,97,134,23,45,13,95,39,106,107,65"/><V54/><F36/><W108/><G108/><T24/><D109/><U84/><E120/><V96/><F75/><W55/><G134/><T19/><D123/><U73/><E73/><V22/><F72/><W12/><G125/><T70/><D131/><U102/><E41/><V103/><F34/><W128/><G128/><T112/><D112/><U46/><E46/><V104/><F113/><W100/><G65/><T16/><D119/><U114/><E114/><V83/><F103/><W89/><G39/><T87/><D49/><U9/><E9/><V32/><F32/><W122/><G122/><T126/><D70/><U47/><E47/><V2/><F2/><W129/><G129/><T61/><D61/><U14/><E14/><V38/><F38/><W77/><G77/><T67/><D67/><U69/><E84/><N who="2" m="50207" /><F22/><W31/><G23/><T115/><D115/><U92/><E92/><V90/><F90/><W79/><G21/><T99/><D99/><U85/><E85/><V130/><F25/><N who="0" m="9834" /><D30/><U44/><E44/><N who="2" m="27975" /><F130/><W18/><G107/><T5/><D35/><U37/><E37/><V66/><F66/><W91/><G106/><T135/><D126/><U78/><E78/><V42/><F42/><W105/><G105/><T6/><D10/><U53/><E69/><V60/><F60/><AGARI ba="0,0" hai="1,3,17,20,27,53,57,58,60,62,64,93,98,102" machi="60" ten="30,2000,0" yaku="7,1,52,1" doraHai="51" who="1" fromWho="2" sc="131,0,275,20,356,-20,238,0" /><INIT seed="7,0,0,3,2,44" ten="131,295,336,238" oya="3" hai0="54,132,59,40,61,27,80,69,0,14,86,8,119" hai1="5,20,56,18,115,131,104,77,99,19,16,53,13" hai2="25,108,68,28,70,71,52,15,135,83,39,38,22" hai3="125,55,45,96,78,114,34,3,42,37,63,92,41"/><W64/><G3/><T66/><D132/><U82/><E115/><V48/><F108/><W60/><G34/><T31/><D119/><U111/><E111/><V120/><F135/><W2/><G2/><T110/><D110/><U98/><E131/><V112/><F112/><W29/><G29/><T123/><D0/><U73/><E104/><V113/><F113/><W129/><G78/><T62/><D123/><U32/><E32/><V103/><F103/><W118/><G114/><T75/><D75/><U23/><E5/><V105/><F105/><W74/><G74/><T121/><D121/><U84/><E73/><V122/><F83/><W47/><G118/><T101/><D101/><U4/><E4/><V46/><F15/><W7/><G7/><T124/><D124/><U130/><E130/><V128/><F128/><W109/><G109/><T43/><D8/><U12/><E19/><V95/><F95/><W91/><G129/><T97/><D97/><U6/><E6/><V81/><F81/><W107/><G125/><T65/><D14/><U35/><E35/><V87/><F87/><W1/><G1/><T89/><D66/><U30/><E30/><V11/><F11/><W116/><G116/><T85/><D85/><U9/><E9/><V57/><F38/><W102/><G64/><T36/><D36/><U133/><E133/><V93/><F93/><W127/><G92/><T50/><REACH who="0" step="1"/><D62/><AGARI ba="0,0" hai="12,13,16,18,20,23,53,56,62,77,82,84,98,99" machi="62" ten="30,7700,0" yaku="7,1,9,1,8,1,54,1" doraHai="44" who="1" fromWho="0" sc="131,-77,295,77,336,0,238,0" owari="54,-45.0,372,47.0,336,14.0,238,-16.0" /></mjloggm>