<mjloggm ver="2.3"><GO type="169" lobby="0"/><UN n0="%E3%83%88%E3%83%88%E3%83%AA%E5%85%88%E7%94%9F%31%39%E6%AD%B3" n1="%E3%81%8F%E3%81%86%E3%81%9F%E3%82%8D" n2="%53%61%6D%6D%61%32" n3="%E6%98%9F%E9%99%8D%E3%82%8B%E8%A1%97" dan="19,16,16,16" rate="2295.81,2075.48,2088.32,2114.26" sx="F,M,M,F"/><TAIKYOKU oya="0"/><INIT seed="0,0,0,5,5,30" ten="250,250,250,250" oya="0" hai0="33,81,52,60,44,51,39,74,16,21,128,59,73" hai1="63,71,23,19,102,53,36,79,107,2,129,20,70" hai2="66,67,100,9,96,89,37,68,35,117,127,97,12" hai3="47,116,62,77,26,114,57,31,54,131,133,41,119"/><T72/><D128/><U24/><E2/><V134/><F37/><W99/><G131/><T91/><D39/><U78/><E36/><V124/><F117/><W10/><G114/><T61/><D33/><U58/><E129/><V87/><F134/><W88/><G77/><T95/><D81/><U18/><E71/><V46/><F46/><W48/><G10/><T11/><D11/><U56/><E70/><V65/><F68/><W64/><G133/><T84/><REACH who="0" step="1"/><D44/><REACH who="0" ten="240,250,250,250" step="2"/><U118/><E118/><V111/><F35/><W125/><G125/><T55/><D55/><U121/><E53/><V38/><F38/><W94/><REACH who="3" step="1"/><G54/><REACH who="3" ten="240,250,250,240" step="2"/><T29/><D29/><U22/><E79/><V27/><F127/><W115/><G115/><T8/><D8/><U83/><E78/><V75/><F124/><W28/><G28/><T76/><D76/><U25/><E23/><AGARI ba="0,2" hai="23,26,31,41,47,48,57,62,64,88,94,99,116,119" machi="23" ten="30,7700,0" yaku="1,1,7,1,54,1,53,1" doraHai="30" doraHaiUra="45" who="3" fromWho="1" sc="240,0,250,-77,250,0,240,97" /><INIT seed="1,0,0,5,2,1" ten="240,173,250,337" oya="1" hai0="113,94,15,80,92,21,89,65,61,57,106,134,79" hai1="40,11,12,107,5,100,17,48,120,123,101,129,49" hai2="28,34,73,63,66,133,43,71,2,70,62,124,117" hai3="118,33,39,67,95,128,78,97,115,103,27,52,74"/><U109/><E129/><V76/><F117/><W60/><G115/><T31/><D106/><U50/><E109/><V90/><F90/><W41/><G128/><T93/><D113/><U25/><E40/><V105/><F133/><W26/><G118/><T46/><D134/><U16/><E107/><V35/><F43/><W8/><G33/><T44/><D89/><U119/><E119/><V10/><F124/><W23/><G41/><T9/><D21/><N who="1" m="13479" /><E120/><V112/><F112/><W126/><G39/><T4/><REACH who="0" step="1"/><D31/><REACH who="0" ten="230,173,250,337" step="2"/><U51/><E123/><V18/><F105/><W3/><G23/><T22/><D22/><U127/><E127/><V64/><F28/><W130/><G126/><T42/><D42/><U111/><E111/><V84/><F18/><W14/><G130/><T102/><D102/><N who="1" m="39531" /><E51/><V47/><F35/><W108/><G108/><T13/><D13/><U0/><E0/><V114/><F34/><W69/><G3/><T85/><AGARI ba="0,1" hai="4,9,15,44,46,57,61,65,79,80,85,92,93,94" machi="85" ten="30,7900,0" yaku="1,1,0,1,8,1,52,1,53,0" doraHai="1" doraHaiUra="29" who="0" fromWho="0" sc="230,89,173,-39,250,-20,337,-20" /><INIT seed="2,0,0,2,2,61" ten="319,134,230,317" oya="2" hai0="92,76,109,96,91,69,12,33,94,59,131,11,105" hai1="67,74,40,31,108,68,116,93,79,37,119,111,72" hai2="44,73,52,115,98,130,51,114,89,2,38,82,36" hai3="15,88,85,124,18,6,43,129,77,97,125,39,75"/><V8/><F130/><W60/><G129/><T17/><D69/><U32/><E93/><V0/><F98/><W103/><G6/><T84/><D131/><U135/><E135/><V80/><F73/><N who="1" m="28265" /><E79/><V126/><F126/><W133/><G133/><T87/><D33/><U134/><E134/><V35/><F35/><W27/><G27/><T104/><D109/><N who="1" m="42059" /><E31/><V110/><F110/><W26/><G26/><T57/><D105/><U121/><E121/><V50/><F8/><W4/><G4/><T83/><REACH who="0" step="1"/><D104/><REACH who="0" ten="309,134,230,317" step="2"/><U48/><E32/><V46/><REACH who="2" step="1"/><F89/><AGARI ba="0,1" hai="11,12,17,57,59,76,83,84,87,89,91,92,94,96" machi="89" ten="30,7700,0" yaku="1,1,2,1,7,1,8,1,53,0" doraHai="61" doraHaiUra="42" who="0" fromWho="2" sc="309,87,134,0,230,-77,317,0" /><INIT seed="3,0,0,0,3,53" ten="396,134,153,317" oya="3" hai0="59,110,63,79,62,68,20,109,115,100,80,14,135" hai1="27,32,66,65,126,10,129,45,121,91,55,0,29" hai2="15,38,114,128,113,90,26,84,71,112,44,12,117" hai3="18,132,107,89,37,94,125,25,116,17,46,21,88"/><W39/><G107/><T22/><D135/><U24/><E121/><V58/><F71/><W133/><G116/><T103/><D115/><U93/><E126/><V42/><F117/><W43/><G125/><T78/><D68/><U104/><E104/><V72/><F72/><W105/><G105/><T97/><D97/><U77/><E77/><N who="0" m="29193" /><D80/><U52/><E27/><V124/><F124/><W60/><G60/><N who="0" m="23083" /><D59/><U99/><E129/><V106/><F106/><W4/><G4/><T134/><D134/><N who="3" m="51817" /><G39/><T69/><D69/><U2/><E10/><V54/><F128/><W7/><G7/><T74/><D74/><U118/><E118/><V127/><F26/><W34/><G34/><T81/><D81/><U108/><E108/><N who="0" m="41577" /><D14/><U111/><E111/><V123/><F127/><W82/><G82/><T56/><D56/><U75/><E75/><V120/><F12/><W119/><G119/><T16/><D16/><N who="3" m="6249" /><G94/><T76/><D76/><U98/><E93/><V67/><F15/><W87/><G87/><T41/><D41/><U13/><E13/><V95/><REACH who="2" step="1"/><F67/><REACH who="2" ten="396,134,143,317" step="2"/><W70/><G70/><T86/><D86/><U47/><E66/><V9/><F9/><W3/><G3/><T64/><D64/><U11/><E65/><V96/><F96/><W1/><G1/><T40/><D40/><U92/><E98/><V85/><F85/><W5/><G5/><T28/><D20/><U8/><E8/><V33/><F33/><W49/><G37/><T35/><D22/><U50/><E11/><V23/><F23/><W57/><G57/><T102/><D35/><U73/><E73/><RYUUKYOKU ba="0,1" sc="396,0,134,0,143,0,317,0" hai0="28,100,102,103" hai1="0,2,24,29,32,45,47,50,52,55,91,92,99" hai2="38,42,44,54,58,84,90,95,112,113,114,120,123" hai3="21,25,43,46,49,88,89" /><INIT seed="3,1,1,4,2,128" ten="396,134,143,317" oya="3" hai0="122,1,37,57,112,94,31,15,67,2,11,17,121" hai1="101,84,32,78,98,7,45,41,77,19,81,51,93" hai2="23,28,29,113,134,127,10,109,86,18,132,104,103" hai3="38,125,47,40,110,63,79,64,80,85,66,83,60"/><W124/><G110/><T5/><D37/><U102/><E32/><V96/><F113/><W88/><G63/><T71/><D71/><U8/><E19/><V3/><F109/><W59/><REACH who="3" step="1"/><G66/><REACH who="3" ten="396,134,143,307" step="2"/><T111/><D67/><U90/><REACH who="1" step="1"/><E78/><REACH who="1" ten="396,124,143,307" step="2"/><V106/><F127/><W119/><G119/><T107/><D111/><U39/><E39/><V123/><F123/><W89/><G89/><T116/><D121/><U74/><E74/><AGARI ba="1,3" hai="38,40,47,59,60,64,74,79,80,83,85,88,124,125" machi="74" ten="40,3900,0" yaku="1,1,54,1,53,0" doraHai="128" doraHaiUra="26" who="3" fromWho="1" sc="396,0,124,-42,143,0,307,72" /><INIT seed="3,2,0,2,4,99" ten="396,82,143,379" oya="3" hai0="2,0,58,102,96,57,116,49,108,50,124,73,51" hai1="112,20,67,18,12,28,19,15,39,4,125,61,105" hai2="119,91,117,106,76,107,87,1,7,60,133,36,69" hai3="120,111,47,46,42,90,8,121,30,6,72,75,14"/><W70/><G70/><T113/><D116/><U134/><E39/><V10/><F133/><W81/><G111/><T103/><D73/><U104/><E112/><V97/><F36/><W127/><G127/><T43/><D124/><U40/><E40/><V126/><F126/><W123/><G30/><T98/><D108/><U122/><E122/><V17/><F17/><W3/><G14/><T48/><D113/><U129/><E125/><V41/><F41/><W27/><G27/><T11/><D43/><U56/><E129/><V84/><F84/><W89/><G47/><T94/><N who="0" m="12288" /><DORA hai="88" /><T78/><D78/><U128/><E128/><V63/><F76/><N who="3" m="44167" /><G75/><T24/><D24/><U132/><E4/><V77/><F77/><W109/><G109/><T32/><D32/><U33/><E28/><V130/><F130/><W9/><G9/><T16/><D2/><U5/><E5/><V37/><F37/><AGARI ba="2,0" hai="3,6,8,37,42,46,89,90,120,121,123" m="44167" machi="37" ten="30,1500,0" yaku="25,1" doraHai="99,88" who="3" fromWho="2" sc="396,0,82,0,143,-21,379,21" /><INIT seed="3,3,0,0,4,28" ten="396,82,122,400" oya="3" hai0="70,35,24,49,93,0,109,42,80,31,86,22,124" hai1="105,15,40,103,2,44,126,90,51,68,18,74,39" hai2="132,73,4,37,97,110,53,61,87,36,17,41,21" hai3="56,128,67,57,106,29,50,25,108,7,118,33,92"/><W115/><G118/><T100/><D70/><U119/><E126/><V131/><F73/><W8/><G115/><T12/><D0/><U98/><E119/><V62/><F4/><W60/><G106/><T32/><D124/><U127/><E127/><V120/><F120/><W95/><G128/><T3/><D3/><U94/><E2/><V30/><F30/><W66/><G108/><T34/><D109/><U102/><E74/><V47/><F110/><W59/><G66/><T82/><D82/><U125/><E125/><V83/><F97/><W81/><G81/><T45/><D93/><U1/><E1/><V11/><F131/><W13/><REACH who="3" step="1"/><G50/><REACH who="3" ten="396,82,122,390" step="2"/><T38/><D100/><U129/><E129/><V58/><F37/><W117/><G117/><T63/><D63/><U123/><E39/><V54/><F132/><W46/><G46/><T10/><D38/><U72/><E103/><V91/><F62/><W134/><G134/><T43/><D49/><U112/><E112/><V19/><F61/><W135/><G135/><T122/><D45/><U75/><E123/><V5/><F58/><AGARI ba="3,1" hai="7,8,13,25,29,33,56,57,58,59,60,67,92,95" machi="58" ten="40,7700,0" yaku="1,1,52,1,53,1" doraHai="28" doraHaiUra="6" who="3" fromWho="2" sc="396,0,82,0,122,-86,390,96" /><INIT seed="3,4,0,5,4,49" ten="396,82,36,486" oya="3" hai0="97,87,88,34,46,9,113,102,2,132,67,0,73" hai1="54,33,105,40,24,135,52,5,22,31,76,64,35" hai2="8,93,19,51,95,75,92,129,11,78,96,74,131" hai3="27,89,130,4,47,103,91,99,124,26,114,133,17"/><W85/><G114/><T23/><D34/><U13/><E105/><V109/><F78/><W16/><G133/><T123/><D123/><U112/><E112/><V15/><F109/><W3/><G3/><T122/><D122/><U86/><E135/><V57/><F96/><W71/><G71/><T66/><D113/><U10/><E64/><V60/><F51/><W70/><G70/><T65/><D73/><U36/><E36/><V6/><F75/><W119/><G4/><T134/><D2/><U121/><E40/><V118/><F74/><W84/><G119/><T37/><D23/><U128/><E128/><V107/><F107/><W30/><G130/><N who="2" m="49673" /><F118/><W28/><G47/><T43/><D9/><U108/><E108/><V44/><F44/><W116/><G116/><T111/><D0/><N who="1" m="295" /><E35/><V125/><F125/><W106/><G106/><T29/><D29/><U101/><E101/><V12/><F95/><W81/><G124/><T104/><REACH who="0" step="1"/><D111/><REACH who="0" ten="386,82,36,486" step="2"/><U14/><E121/><V126/><F126/><W25/><G28/><T82/><AGARI ba="4,1" hai="37,43,46,65,66,67,82,87,88,97,102,104,132,134" machi="82" ten="30,12000,2" yaku="1,1,2,1,0,1,54,1,53,3" doraHai="49" doraHaiUra="63" who="0" fromWho="0" sc="386,142,82,-34,36,-34,486,-64" /><INIT seed="4,0,0,0,2,119" ten="528,48,2,422" oya="0" hai0="40,60,37,56,53,62,96,100,14,28,32,55,18" hai1="52,127,69,19,11,58,111,132,80,101,29,99,48" hai2="51,105,98,4,71,54,84,129,81,77,64,76,36" hai3="97,107,115,110,43,120,109,57,21,74,63,34,73"/><T6/><D6/><U30/><E111/><V42/><F129/><W20/><G57/><N who="0" m="34863" /><D32/><U79/><E69/><V95/><F105/><W124/><G97/><T39/><D39/><U135/><E127/><V22/><F36/><W70/><G63/><T2/><D2/><U15/><E132/><V35/><F35/><W47/><G34/><T3/><D3/><U26/><E26/><V61/><F42/><W5/><G5/><T75/><D75/><U126/><E126/><V114/><F114/><W108/><G70/><T49/><D37/><U1/><E1/><V33/><F33/><W133/><G107/><T91/><D28/><U123/><E123/><V7/><F77/><W104/><G104/><T106/><D106/><U89/><E89/><V82/><F82/><W13/><G115/><T88/><D100/><U16/><E19/><V90/><F22/><W94/><G133/><T103/><D103/><U85/><E135/><V134/><F134/><W131/><G124/><T113/><D113/><U78/><E78/><V121/><F121/><W41/><G131/><T31/><D31/><U27/><E27/><V17/><F17/><N who="3" m="10287" /><G120/><T117/><D117/><U0/><E0/><V10/><F10/><W86/><G21/><N who="0" m="11479" /><D96/><U128/><E128/><V46/><AGARI ba="0,0" hai="4,7,46,51,54,61,64,71,76,81,84,90,95,98" machi="46" ten="20,1500,0" yaku="0,1,7,1" doraHai="119" who="2" fromWho="2" sc="528,-7,48,-4,2,15,422,-4" /><INIT seed="5,0,0,0,2,42" ten="521,44,17,418" oya="1" hai0="46,98,57,69,80,68,55,35,86,127,75,30,7" hai1="14,41,31,83,39,52,79,56,133,97,4,76,100" hai2="50,28,6,132,124,129,43,110,33,24,73,36,27" hai3="26,93,23,85,0,113,71,5,70,104,51,95,78"/><U67/><E133/><V65/><F110/><W81/><G104/><T59/><D75/><U20/><E67/><V112/><F50/><W105/><G105/><T9/><D127/><U130/><E130/><V10/><F65/><W2/><G113/><T87/><D98/><U106/><E41/><V61/><F61/><W29/><G51/><N who="0" m="29175" /><D35/><U135/><E39/><V103/><F103/><W99/><G95/><T8/><D30/><U12/><E4/><V1/><F132/><W128/><G128/><T114/><D69/><U38/><E38/><V91/><F129/><W119/><G119/><T11/><D68/><U82/><E82/><V88/><F124/><W58/><G58/><N who="0" m="22027" /><D114/><U62/><E135/><V15/><F112/><W17/><G0/><T34/><D34/><U84/><REACH who="1" step="1"/><E79/><REACH who="1" ten="521,34,17,418" step="2"/><V45/><F73/><W53/><G5/><T25/><D80/><U102/><E102/><V89/><REACH who="2" step="1"/><F27/><AGARI ba="0,1" hai="12,14,20,27,31,52,56,62,76,83,84,97,100,106" machi="27" ten="40,3900,0" yaku="1,1,54,1,53,0" doraHai="42" doraHaiUra="117" who="1" fromWho="2" sc="521,0,34,49,17,-39,418,0" owari="521,62.0,83,-32.0,-22,-52.0,418,22.0" /></mjloggm>