<mjloggm ver="2.3"><GO type="169" lobby="0"/><UN n0="%E6%89%8B%E5%BD%B9%E3%82%A2%E3%83%BC%E3%83%86%E3%82%A3%E3%82%B9%E3%83%88" n1="%E6%A1%90%E7%94%9F%E3%81%AE%E3%81%8A%E3%81%98%E3%81%95%E3%82%93" n2="%4E%41%4F%54%4F" n3="%E3%83%88%E3%83%88%E3%83%AA%E5%85%88%E7%94%9F%31%39%E6%AD%B3" dan="16,16,16,18" rate="2130.83,2047.99,2126.75,2271.94" sx="M,M,M,F"/><TAIKYOKU oya="0"/><INIT seed="0,0,0,4,4,41" ten="250,250,250,250" oya="0" hai0="82,48,114,31,76,110,43,8,45,61,83,62,40" hai1="74,96,75,101,88,131,90,37,89,58,78,59,132" hai2="113,108,33,73,17,81,44,121,65,105,102,79,112" hai3="116,27,9,85,47,56,77,107,130,95,128,66,38"/><T86/><D114/><U34/><E34/><V70/><F33/><W30/><G116/><T69/><D31/><U134/><E37/><V16/><F65/><W1/><G107/><T24/><D24/><U129/><E59/><V28/><F70/><W19/><G66/><T49/><D110/><U53/><E53/><V126/><F28/><W93/><G56/><T5/><D69/><U50/><E50/><V55/><F126/><W4/><G19/><T115/><D115/><U117/><E117/><V26/><F121/><W84/><G93/><T54/><D83/><N who="1" m="45527" /><E75/><V124/><F124/><W52/><G95/><T63/><REACH who="0" step="1"/><D49/><REACH who="0" ten="240,250,250,250" step="2"/><U13/><E13/><AGARI ba="0,1" hai="5,8,13,40,43,45,48,54,61,62,63,76,82,86" machi="13" ten="40,12000,1" yaku="1,1,2,1,8,1,52,1,53,1" doraHai="41" doraHaiUra="42" who="0" fromWho="1" sc="240,130,250,-120,250,0,250,0" /><INIT seed="0,1,0,0,3,112" ten="370,130,250,250" oya="0" hai0="106,29,10,75,128,119,133,96,79,91,17,81,31" hai1="65,13,24,25,2,123,26,5,63,82,130,35,30" hai2="80,61,98,21,89,107,64,56,49,100,15,113,95" hai3="66,42,6,28,34,111,50,14,20,74,68,53,69"/><T78/><D128/><U87/><E130/><V116/><F113/><W57/><G74/><T52/><D133/><U103/><E123/><V117/><F80/><W90/><G34/><T86/><D79/><U32/><E2/><V59/><F15/><W33/><G33/><T67/><D67/><U71/><E35/><V131/><F21/><W114/><G114/><T124/><D124/><U134/><E134/><V88/><F131/><W92/><G111/><T51/><D119/><N who="2" m="45642" /><F107/><W72/><G72/><T4/><D17/><U7/><E103/><V118/><N who="2" m="45650" /><V9/><DORA hai="37" /><F9/><W73/><G73/><T23/><D23/><U3/><E3/><V27/><F27/><W122/><G122/><T36/><D106/><U46/><E26/><V132/><F132/><W11/><G28/><T102/><D102/><U101/><E25/><V85/><F85/><W54/><G20/><T43/><D31/><U62/><E13/><V97/><F98/><W40/><G14/><T55/><D96/><U60/><E71/><V48/><F59/><N who="3" m="33207" /><G11/><T77/><D10/><U16/><E7/><V127/><F127/><W83/><G83/><T41/><D4/><U108/><E5/><V18/><F18/><W45/><G6/><T1/><D75/><U0/><E16/><V99/><F97/><N who="3" m="57495" /><G69/><T125/><D125/><U76/><E0/><V12/><F12/><W110/><G68/><T129/><D1/><U104/><E108/><V115/><F115/><W135/><G110/><T47/><D129/><U38/><E104/><V126/><F126/><W109/><G109/><T93/><D81/><RYUUKYOKU ba="1,0" sc="370,-10,130,-10,250,30,250,-10" hai2="48,49,56,61,64,88,89,95,99,100" /><INIT seed="1,2,0,2,3,120" ten="360,120,280,240" oya="1" hai0="73,97,11,0,92,123,34,52,130,53,90,125,112" hai1="85,115,25,1,41,39,13,111,55,50,129,79,28" hai2="133,63,128,36,135,24,57,43,102,66,45,82,70" hai3="69,67,121,12,88,62,101,122,54,64,124,114,2"/><U83/><E115/><V23/><F102/><W108/><G2/><T99/><D112/><U4/><E1/><V17/><F128/><W15/><G114/><T89/><D123/><U10/><E129/><V56/><REACH who="2" step="1"/><F82/><REACH who="2" ten="360,120,270,240" step="2"/><W51/><G101/><T96/><D130/><U127/><E127/><V44/><F44/><W75/><G122/><T74/><D125/><U29/><E39/><V58/><AGARI ba="2,1" hai="17,23,24,36,43,45,56,57,58,63,66,70,133,135" machi="58" ten="30,2000,0" yaku="1,1,0,1,53,0" doraHai="120" doraHaiUra="107" who="2" fromWho="2" sc="360,-7,120,-12,270,36,240,-7" /><INIT seed="2,0,0,2,4,75" ten="353,108,306,233" oya="2" hai0="119,33,63,121,38,102,59,71,84,76,94,123,134" hai1="115,21,70,26,29,113,45,19,128,48,25,35,116" hai2="112,4,56,73,65,114,98,90,99,34,10,109,124" hai3="122,20,95,135,28,17,131,7,36,132,61,104,93"/><V62/><F34/><W129/><G36/><T77/><D71/><U101/><E116/><V11/><F73/><W3/><G104/><T111/><D38/><U96/><E70/><V58/><F124/><W32/><G61/><T118/><D33/><U22/><E128/><N who="3" m="49226" /><G95/><T16/><D134/><N who="3" m="51241" /><G93/><T133/><D133/><U103/><E35/><V6/><F62/><W106/><G106/><T78/><D111/><U14/><E14/><V79/><F90/><W37/><G37/><T52/><D16/><U55/><REACH who="1" step="1"/><E101/><REACH who="1" ten="353,98,306,233" step="2"/><V12/><F12/><N who="3" m="9255" /><G122/><T42/><D102/><U100/><E100/><V66/><REACH who="2" step="1"/><F109/><REACH who="2" ten="353,98,296,233" step="2"/><W47/><G32/><T127/><D121/><U51/><E51/><V120/><F120/><W82/><G3/><T5/><D123/><U39/><E39/><V9/><F9/><W50/><G50/><T46/><D118/><U40/><E40/><V8/><F8/><W43/><G43/><T85/><D119/><U105/><AGARI ba="0,2" hai="19,21,22,25,26,29,45,48,55,96,103,105,113,115" machi="105" ten="20,5200,0" yaku="1,1,0,1,7,1,53,1" doraHai="75" doraHaiUra="27" who="1" fromWho="1" sc="353,-13,98,72,296,-26,233,-13" /><INIT seed="3,0,0,5,4,105" ten="340,170,270,220" oya="3" hai0="65,38,121,128,48,74,6,107,85,28,67,8,14" hai1="31,94,40,114,100,110,39,15,9,23,4,77,109" hai2="124,112,111,90,106,32,132,47,61,76,5,42,54" hai3="99,49,123,95,22,30,62,3,1,87,96,33,115"/><W46/><G115/><T135/><D38/><U82/><E114/><V122/><F32/><W57/><G123/><T59/><D121/><U53/><E53/><V118/><F106/><W91/><G33/><T69/><D69/><U102/><E39/><V37/><F90/><W58/><G1/><T70/><D70/><U113/><E113/><V130/><F5/><W35/><G3/><T104/><D128/><U34/><E34/><V73/><F111/><N who="1" m="42505" /><E40/><V36/><F124/><W84/><G35/><T12/><D107/><U52/><E94/><V20/><F132/><W127/><G127/><T71/><D104/><U19/><E31/><V79/><F79/><W64/><G57/><T18/><D135/><U92/><E92/><V126/><F118/><W68/><G68/><T97/><D28/><U55/><E102/><V7/><F122/><W101/><G101/><T120/><D120/><U83/><E100/><V89/><F130/><W98/><G87/><T78/><D85/><N who="1" m="48335" /><E83/><V88/><F36/><W51/><REACH who="3" step="1"/><G46/><REACH who="3" ten="340,170,270,210" step="2"/><T26/><D71/><U44/><E44/><V86/><F47/><W17/><G17/><T45/><D18/><U25/><AGARI ba="0,1" hai="4,9,15,19,23,25,52,55" m="48335,42505" machi="25" ten="30,2000,0" yaku="14,1,54,1" doraHai="105" who="1" fromWho="1" sc="340,-5,170,30,270,-5,210,-10" /><INIT seed="4,0,0,0,3,37" ten="335,200,265,200" oya="0" hai0="90,96,51,82,66,45,63,46,30,80,91,31,125" hai1="92,105,115,68,116,6,62,71,1,39,10,29,133" hai2="103,73,69,109,60,33,104,112,75,135,67,42,76" hai3="8,87,99,48,100,86,79,13,88,19,12,44,61"/><T124/><D96/><U35/><E116/><V121/><F112/><W58/><G79/><T16/><D63/><U41/><E92/><V49/><F135/><W40/><G13/><T127/><D66/><N who="1" m="41047" /><E133/><V132/><F109/><W85/><G100/><T72/><D16/><U28/><E28/><V111/><F121/><W23/><G99/><T56/><D56/><U106/><E71/><V129/><F129/><W122/><G122/><T0/><D0/><U110/><E110/><V27/><F76/><W70/><G70/><T7/><D7/><U134/><E134/><V117/><F117/><W108/><G108/><T15/><D15/><U107/><E115/><V57/><F57/><W50/><G50/><T5/><D5/><U118/><E118/><V25/><F25/><W38/><G38/><T84/><D72/><U32/><E29/><N who="0" m="10761" /><D51/><U14/><E14/><V2/><F49/><W22/><REACH who="3" step="1"/><G88/><REACH who="3" ten="335,200,265,190" step="2"/><N who="0" m="33835" /><D84/><U11/><E11/><V93/><F75/><W89/><G89/><T26/><D26/><U94/><E94/><V24/><F73/><W9/><G9/><T120/><D120/><U53/><E10/><V47/><F24/><W130/><G130/><T101/><D101/><U131/><E131/><V43/><F27/><W123/><G123/><T119/><D119/><U36/><E39/><V17/><F93/><W65/><AGARI ba="0,1" hai="8,12,19,22,23,40,44,48,58,61,65,85,86,87" machi="65" ten="30,7900,0" yaku="1,1,0,1,8,1,52,1,53,0" doraHai="37" doraHaiUra="97" who="3" fromWho="3" sc="335,-39,200,-20,265,-20,190,89" /><INIT seed="5,0,0,3,1,17" ten="296,180,245,279" oya="1" hai0="72,118,40,26,130,120,116,38,134,83,45,51,22" hai1="55,106,78,5,18,28,95,103,99,76,112,113,27" hai2="30,121,23,8,108,132,82,33,85,119,127,34,71" hai3="69,60,2,89,43,68,16,7,24,12,93,29,50"/><U86/><E5/><V66/><F132/><W128/><G128/><T110/><D110/><U100/><E18/><V46/><F127/><W84/><G60/><T129/><D134/><U58/><E103/><V115/><F119/><N who="0" m="45610" /><D83/><U74/><E74/><V102/><F121/><W135/><G135/><T70/><D72/><U56/><E106/><V31/><F115/><N who="1" m="44105" /><E86/><V42/><F102/><W92/><G92/><T49/><D120/><U111/><E111/><V36/><F8/><W20/><G43/><T97/><D97/><U87/><E87/><V1/><F1/><W101/><G50/><T98/><D98/><U59/><E55/><V133/><F108/><W125/><G125/><T77/><D77/><U96/><E96/><V32/><F133/><W90/><G90/><T54/><D54/><U11/><E11/><V21/><F71/><W10/><G101/><T124/><D70/><U41/><E41/><V35/><F66/><W44/><G44/><T4/><D4/><U65/><E65/><V52/><F52/><W3/><G3/><T0/><D0/><U81/><E81/><V80/><F80/><W25/><REACH who="3" step="1"/><G2/><REACH who="3" ten="296,180,245,269" step="2"/><T47/><D124/><U6/><E6/><V67/><F67/><W63/><G63/><T37/><D49/><U9/><E9/><V62/><F62/><W13/><G13/><T79/><D47/><U19/><E19/><V53/><F53/><W109/><G109/><T104/><D104/><U107/><E107/><V15/><F15/><W64/><G64/><T122/><D130/><U91/><E100/><V105/><N who="2" m="8192" /><DORA hai="61" /><V48/><F105/><RYUUKYOKU ba="0,1" sc="296,-15,180,15,245,-15,269,15" hai1="27,28,56,58,59,76,78,91,95,99" hai3="7,10,12,16,20,24,25,29,68,69,84,89,93" /><INIT seed="5,1,1,1,0,59" ten="281,195,230,284" oya="1" hai0="72,91,30,129,23,70,15,108,39,5,106,123,113" hai1="84,4,78,94,99,16,45,135,34,26,104,77,115" hai2="130,110,47,117,124,35,41,87,103,1,57,133,82" hai3="52,92,98,22,83,3,31,8,37,93,43,96,12"/><U86/><E115/><V42/><F1/><W49/><G3/><T80/><D91/><U114/><E114/><V116/><F35/><W75/><G37/><T18/><D80/><U17/><E104/><V112/><F130/><W25/><G43/><T88/><D88/><N who="1" m="55751" /><E34/><V55/><F133/><W6/><G75/><T69/><D106/><U73/><E73/><V132/><F124/><W89/><G83/><T126/><D72/><U28/><E135/><V67/><F110/><W13/><G13/><T90/><D90/><U50/><E4/><V119/><F132/><W101/><G89/><T102/><D102/><U134/><E28/><V21/><F112/><W14/><G14/><T107/><D107/><U38/><E38/><V7/><F7/><W20/><G96/><T46/><D113/><U100/><E100/><V56/><F103/><W2/><G2/><T58/><D5/><U10/><E134/><V33/><F33/><W79/><G79/><N who="1" m="30218" /><E10/><V111/><F87/><N who="1" m="33321" /><E26/><V68/><F82/><W118/><G118/><T109/><D30/><U27/><E27/><V9/><F9/><W125/><G125/><T131/><D126/><U120/><E120/><V61/><F21/><N who="3" m="15791" /><G93/><T32/><D32/><U40/><AGARI ba="1,1" hai="16,17,40,45,50" m="33321,30218,55751" machi="40" ten="30,6000,0" yaku="8,1,54,2" doraHai="59" who="1" fromWho="1" sc="281,-21,195,73,230,-21,284,-21" /><INIT seed="5,2,0,0,5,25" ten="260,268,209,263" oya="1" hai0="103,119,125,28,70,111,29,94,13,14,30,58,93" hai1="49,59,67,38,19,75,56,105,104,53,91,6,110" hai2="86,44,37,64,131,121,45,85,106,87,2,47,71" hai3="95,50,12,99,73,22,42,10,92,52,36,17,118"/><U88/><E38/><V83/><F106/><W21/><G73/><T16/><D111/><U115/><E115/><V18/><F2/><W60/><G118/><T117/><D70/><U57/><E75/><V89/><F131/><W126/><G126/><T5/><D125/><U55/><E110/><V20/><F121/><W116/><G116/><T61/><D117/><U40/><E40/><V23/><F37/><W7/><G36/><T81/><D81/><U31/><E6/><V66/><F23/><W124/><G124/><T132/><D132/><U123/><E123/><V3/><F3/><W107/><G42/><T96/><D119/><U122/><E122/><V78/><F71/><W130/><G130/><T74/><D74/><U113/><E113/><V48/><F48/><W0/><G60/><T4/><D94/><U134/><E134/><V11/><F11/><W69/><G69/><T80/><D80/><U1/><E1/><V68/><F68/><W128/><G128/><T120/><D120/><U98/><E19/><V46/><N who="2" m="11264" /><DORA hai="76" /><V90/><F78/><W63/><G50/><T33/><D33/><U43/><E43/><V72/><F72/><W24/><G99/><T8/><D14/><U127/><E127/><V100/><F100/><W9/><G107/><N who="1" m="41034" /><E98/><V54/><F83/><W79/><G79/><T77/><D77/><U62/><E31/><V15/><F54/><AGARI ba="2,0" hai="4,5,8,13,16,28,29,30,54,58,61,93,96,103" machi="54" ten="40,8000,1" yaku="8,1,52,3,54,1" doraHai="25,76" who="0" fromWho="2" sc="260,86,268,0,209,-86,263,0" /><INIT seed="6,0,0,3,5,32" ten="346,268,123,263" oya="2" hai0="73,35,132,10,81,22,1,44,96,118,108,54,20" hai1="41,56,36,51,5,125,3,129,68,100,12,83,109" hai2="33,64,48,66,123,103,126,117,131,57,114,67,70" hai3="92,7,90,97,124,99,47,37,8,13,94,59,111"/><V82/><F33/><W4/><G111/><T6/><D108/><U53/><E12/><V15/><F70/><W52/><G124/><T133/><D35/><U69/><E109/><V55/><F117/><W79/><G79/><N who="0" m="44271" /><D96/><U112/><E100/><V58/><F114/><W120/><G120/><T80/><D80/><U87/><E129/><V31/><F31/><W127/><G127/><T24/><D24/><U115/><E36/><V113/><F113/><N who="1" m="43593" /><E41/><V18/><F131/><W42/><G13/><T119/><D54/><U98/><E98/><V45/><F123/><W122/><G8/><T95/><D44/><U101/><E101/><V26/><F26/><W116/><G116/><N who="0" m="44587" /><D95/><U78/><E125/><V23/><F126/><W17/><G17/><T135/><AGARI ba="0,0" hai="1,6,10,20,22,132,133,135" m="44587,44271" machi="135" ten="40,5200,0" yaku="20,1,12,1,52,1" doraHai="32" who="0" fromWho="0" sc="346,52,268,-13,123,-26,263,-13" /><INIT seed="7,0,0,1,5,57" ten="398,255,97,250" oya="3" hai0="90,31,97,96,130,16,113,56,36,9,58,95,23" hai1="112,74,76,46,81,29,32,63,75,79,123,110,47" hai2="21,10,109,50,38,84,41,59,5,89,116,8,93" hai3="135,114,45,106,133,52,85,20,78,24,107,15,92"/><W4/><G114/><T132/><D132/><N who="3" m="50761" /><G4/><T65/><D130/><U14/><E110/><V124/><F38/><W61/><G15/><N who="0" m="7279" /><D36/><U19/><E123/><V48/><F124/><W1/><G1/><T91/><D65/><U11/><E112/><V12/><F116/><W51/><G78/><T55/><D113/><U126/><E126/><V26/><F109/><W131/><G131/><T82/><D82/><U120/><E120/><V105/><F105/><W40/><G85/><T0/><D0/><U35/><E29/><V117/><F117/><W70/><G92/><N who="0" m="56343" /><D55/><U121/><E121/><V60/><F10/><W101/><G101/><T67/><D67/><U37/><E37/><V129/><F41/><W44/><G70/><T53/><D53/><U2/><E2/><V7/><F7/><W99/><G99/><T27/><AGARI ba="0,0" hai="23,27,31,56,58,91,95,97" m="56343,7279" machi="27" ten="30,2000,0" yaku="8,1,54,1" doraHai="57" who="0" fromWho="0" sc="398,20,255,-5,97,-5,250,-10" owari="418,52.0,250,5.0,92,-41.0,240,-16.0" /></mjloggm>