<mjloggm ver="2.3"><GO type="169" lobby="0"/><UN n0="%E9%A7%84%E5%A6%B9" n1="%74%6F%6E%6E%75%72%61" n2="%E3%82%A6%E3%83%AB%E3%83%88%E3%83%A9%E7%AB%8B%E7%9B%B4" n3="%6F%77%61%72%69%2D" dan="17,16,16,16" rate="2180.45,2080.75,2128.37,2080.99" sx="F,M,M,M"/><TAIKYOKU oya="0"/><INIT seed="0,0,0,5,3,21" ten="250,250,250,250" oya="0" hai0="15,23,80,111,16,105,107,55,89,65,100,103,98" hai1="43,67,76,128,125,13,69,106,48,81,110,109,121" hai2="20,134,118,12,28,6,10,97,64,90,94,123,66" hai3="34,46,50,60,126,18,41,17,78,61,122,49,8"/><T95/><D111/><U26/><E121/><V25/><F123/><W116/><G116/><T11/><D65/><U52/><E106/><V24/><F118/><W85/><G34/><T113/><D113/><U53/><E128/><V1/><F134/><W79/><G126/><T51/><D23/><U37/><E13/><V91/><F1/><W92/><G122/><T104/><REACH who="0" step="1"/><D80/><REACH who="0" ten="240,250,250,250" step="2"/><U93/><E110/><V40/><F40/><W99/><G41/><T101/><D101/><U68/><E109/><V120/><F120/><W112/><G112/><T57/><AGARI ba="0,1" hai="11,15,16,51,55,57,89,95,98,100,103,104,105,107" machi="57" ten="30,11700,0" yaku="1,1,0,1,54,1,53,1" doraHai="21" doraHaiUra="5" who="0" fromWho="0" sc="240,127,250,-39,250,-39,250,-39" /><INIT seed="0,1,0,0,0,70" ten="367,211,211,211" oya="0" hai0="40,19,21,45,79,41,126,72,53,115,101,37,8" hai1="35,3,39,133,75,98,134,25,17,92,13,44,9" hai2="78,58,66,74,6,122,111,50,80,81,67,135,14" hai3="10,61,128,1,63,59,120,96,28,64,30,51,106"/><T102/><D115/><U73/><E3/><V88/><F122/><W29/><G128/><T0/><D126/><U76/><E35/><V117/><F111/><W43/><G120/><T23/><D41/><N who="1" m="22591" /><E76/><V16/><F6/><W7/><G63/><T100/><D19/><U108/><E25/><V87/><F117/><W34/><G34/><T54/><D21/><U71/><E71/><V47/><F58/><W26/><G26/><T95/><D95/><U104/><E104/><V36/><F135/><N who="1" m="51721" /><E108/><V127/><F127/><W121/><G121/><T57/><D23/><U83/><E83/><V12/><F12/><W62/><G62/><T24/><D24/><U84/><E84/><V103/><F103/><AGARI ba="1,0" hai="9,13,17,73,75,92,98,103" m="51721,22591" machi="103" ten="30,2000,0" yaku="20,1,52,1" doraHai="70" who="1" fromWho="2" sc="367,0,211,23,211,-23,211,0" /><INIT seed="1,0,0,1,5,107" ten="367,234,188,211" oya="1" hai0="61,99,52,112,100,129,2,116,66,38,115,102,57" hai1="63,48,44,101,29,74,28,81,77,111,1,11,15" hai2="46,83,104,56,91,110,25,84,45,95,73,126,36" hai3="50,33,27,24,20,79,108,47,120,133,23,124,58"/><U92/><E1/><V88/><F110/><W42/><G120/><T90/><D116/><U12/><E111/><V62/><F126/><W26/><G108/><T78/><D2/><U70/><E15/><V123/><F123/><W118/><G124/><T10/><D129/><U96/><E63/><V68/><F104/><W53/><G118/><T117/><D117/><U134/><E70/><V37/><F68/><W39/><G33/><T85/><D78/><U119/><E134/><V35/><F37/><W72/><REACH who="3" step="1"/><G133/><REACH who="3" ten="367,234,188,201" step="2"/><T67/><D112/><U69/><E119/><V131/><F131/><W17/><G17/><T94/><D115/><U106/><E69/><V121/><F121/><W132/><G132/><T3/><D38/><U4/><REACH who="1" step="1"/><E106/><REACH who="1" ten="367,224,188,201" step="2"/><V87/><F36/><W127/><G127/><T135/><D135/><U54/><AGARI ba="0,2" hai="4,11,12,28,29,44,48,54,74,77,81,92,96,101" machi="54" ten="20,12000,1" yaku="1,1,2,1,0,1,7,1,52,1,53,0" doraHai="107" doraHaiUra="16" who="1" fromWho="1" sc="367,-40,224,140,188,-40,201,-40" /><INIT seed="1,1,0,0,2,106" ten="327,364,148,161" oya="1" hai0="38,3,109,37,86,56,92,127,8,62,81,104,9" hai1="79,129,87,22,113,98,103,88,18,26,47,36,107" hai2="90,44,123,46,40,17,31,24,105,58,4,35,52" hai3="85,0,23,51,6,60,64,33,63,21,66,57,73"/><U118/><E113/><V130/><F105/><W116/><G33/><T82/><D104/><U114/><E114/><V59/><F123/><W94/><G116/><T55/><D109/><U48/><E36/><V15/><F130/><W7/><G0/><T112/><D112/><U32/><E129/><V99/><F4/><W5/><G51/><T53/><D127/><U102/><E102/><V69/><F69/><W122/><G122/><T25/><D37/><U74/><E32/><V131/><F131/><W11/><G11/><T128/><D38/><U96/><E118/><V100/><F40/><W61/><G73/><T12/><D3/><U42/><E98/><V97/><F59/><N who="3" m="36895" /><G61/><T71/><D8/><U16/><E79/><V83/><F100/><W67/><G67/><T28/><D71/><U108/><E108/><V89/><F46/><W19/><G19/><T27/><D53/><U29/><REACH who="1" step="1"/><E74/><REACH who="1" ten="327,354,148,161" step="2"/><V54/><F99/><W1/><G1/><T30/><D128/><U68/><E68/><V115/><F97/><W133/><G85/><T2/><D2/><U77/><E77/><V13/><F115/><W119/><G119/><T95/><D86/><U121/><E121/><V135/><F90/><W80/><G5/><N who="0" m="3119" /><D30/><U39/><E39/><V134/><F31/><W34/><G6/><T126/><D28/><U10/><E10/><V101/><F35/><W110/><G34/><T120/><D120/><U93/><AGARI ba="1,1" hai="16,18,22,26,29,42,47,48,87,88,93,96,103,107" machi="93" ten="20,18000,2" yaku="1,1,0,1,7,1,54,2,53,1" doraHai="106" doraHaiUra="20" who="1" fromWho="1" sc="327,-61,354,193,148,-61,161,-61" /><INIT seed="1,2,0,4,3,112" ten="266,547,87,100" oya="1" hai0="72,111,21,33,113,51,74,125,131,93,15,28,48" hai1="20,69,17,24,104,43,19,100,44,97,128,41,96" hai2="132,71,134,59,76,23,77,6,94,35,127,119,129" hai3="37,133,50,121,27,32,110,118,26,52,16,82,95"/><U45/><E128/><V135/><F35/><W75/><G121/><T42/><D113/><U60/><E96/><V103/><F71/><W1/><G37/><T117/><D33/><U126/><E126/><V64/><F129/><W85/><G1/><T86/><D72/><U115/><E115/><V114/><F114/><W3/><G3/><T101/><D74/><U53/><E69/><V38/><F38/><W98/><G75/><T10/><D125/><U66/><E66/><V84/><F127/><W102/><G110/><T34/><D34/><U109/><E109/><V9/><F23/><W0/><G0/><T83/><D42/><U58/><E43/><V99/><F84/><W105/><G133/><T65/><D65/><U90/><E90/><V130/><F130/><W49/><G118/><T91/><D117/><U62/><E62/><N who="2" m="37983" /><F119/><W123/><G123/><T79/><D101/><U57/><E41/><V120/><F120/><W47/><G32/><T40/><D40/><U73/><E73/><V81/><F81/><W11/><G49/><T61/><D61/><U116/><E116/><V14/><AGARI ba="2,0" hai="6,9,14,76,77,94,99,103,132,134,135" m="37983" machi="14" ten="30,1100,0" yaku="20,1" doraHai="112" who="2" fromWho="2" sc="266,-5,547,-7,87,17,100,-5" /><INIT seed="2,0,0,2,4,75" ten="261,540,104,95" oya="2" hai0="118,80,92,26,16,29,95,110,18,20,8,107,97" hai1="57,46,53,68,63,125,129,64,7,55,89,13,98" hai2="12,40,9,108,49,50,1,60,39,126,2,135,71" hai3="62,27,124,78,94,67,48,130,5,42,131,120,86"/><V34/><F34/><W102/><G120/><T3/><D110/><U88/><E125/><V113/><F113/><W106/><G106/><T112/><D112/><U111/><E111/><V36/><F108/><W104/><G104/><T99/><D107/><U22/><E129/><N who="3" m="49162" /><G124/><T90/><D118/><U56/><E46/><V69/><F126/><W35/><G5/><T134/><D134/><U45/><E45/><N who="2" m="25767" /><F2/><W25/><G35/><T70/><D70/><N who="2" m="26634" /><F12/><W23/><G42/><T51/><D80/><U31/><E98/><V83/><F9/><W127/><G48/><T115/><D51/><U101/><E101/><V133/><F83/><N who="3" m="47479" /><G127/><T21/><D115/><U82/><E7/><V74/><F74/><W77/><G77/><T84/><D3/><U123/><E82/><V73/><F73/><W72/><G72/><T17/><D8/><U19/><E31/><V10/><F10/><W105/><G105/><T76/><D76/><U122/><E122/><V114/><F1/><W6/><G6/><T81/><D20/><U58/><E123/><V85/><F114/><W59/><G23/><T30/><D30/><U61/><E89/><V47/><F85/><W119/><G119/><T41/><D99/><AGARI ba="0,0" hai="25,27,59,62,67,94,99,102" m="47479,49162" machi="99" ten="30,2000,0" yaku="19,1,52,1" doraHai="75" who="3" fromWho="0" sc="261,-20,540,0,104,0,95,20" /><INIT seed="3,0,0,2,4,128" ten="241,540,104,115" oya="3" hai0="133,40,105,107,82,29,97,135,17,33,64,60,47" hai1="121,114,76,102,119,28,19,0,93,10,51,18,54" hai2="129,37,74,63,81,108,11,69,25,35,32,131,41" hai3="15,1,70,67,113,14,130,132,134,46,21,55,126"/><W48/><G113/><T94/><D82/><U16/><E121/><V115/><F115/><W43/><G130/><N who="2" m="49673" /><F108/><W59/><G1/><T53/><D53/><U5/><E119/><V124/><F124/><W27/><G126/><T20/><D29/><U125/><E125/><V24/><F41/><W68/><G68/><T9/><D9/><U8/><E28/><V116/><F37/><N who="3" m="21871" /><G15/><T42/><D33/><N who="2" m="12874" /><F116/><W75/><G14/><T45/><D45/><U31/><E31/><V95/><F11/><W73/><G21/><T7/><D7/><U104/><E104/><V72/><F95/><W49/><G49/><T86/><D107/><U112/><E114/><V65/><F81/><W99/><G27/><AGARI ba="0,0" hai="24,25,27,63,65,69,72,74" m="12874,49673" machi="27" ten="30,1000,0" yaku="19,1" doraHai="128" who="2" fromWho="3" sc="241,0,540,0,104,10,115,-10" /><INIT seed="4,0,0,2,1,81" ten="241,540,114,105" oya="0" hai0="10,119,95,106,78,100,27,16,124,17,86,71,20" hai1="118,35,90,82,43,12,114,23,113,121,69,18,30" hai2="57,63,107,32,11,39,127,31,44,50,87,54,53" hai3="132,74,34,68,6,102,133,2,56,129,62,101,61"/><T37/><D119/><U93/><E121/><V80/><F107/><W52/><G34/><T117/><D117/><U25/><E82/><V24/><F39/><W59/><G68/><T91/><D71/><U77/><E77/><V131/><F131/><W96/><G74/><T103/><D37/><U73/><E73/><V99/><F99/><W8/><G129/><T1/><D124/><U7/><E69/><V64/><F127/><W98/><G98/><T89/><D78/><U55/><E43/><V115/><F115/><N who="1" m="44041" /><E55/><V3/><F3/><W0/><G2/><T110/><D110/><U97/><E7/><V76/><REACH who="2" step="1"/><F11/><REACH who="2" ten="241,540,104,105" step="2"/><W33/><G33/><T112/><D1/><U58/><E118/><V128/><F128/><W19/><G19/><T29/><D106/><U83/><E18/><N who="0" m="7273" /><D10/><U51/><E35/><V14/><F14/><W60/><G96/><N who="0" m="57471" /><D112/><U109/><E109/><V123/><F123/><W70/><G0/><T41/><D41/><AGARI ba="0,1" hai="24,31,32,41,44,50,53,54,57,63,64,76,80,87" machi="41" ten="30,3900,0" yaku="1,1,7,1,52,1,53,0" doraHai="81" doraHaiUra="88" who="2" fromWho="0" sc="241,-39,540,0,104,49,105,0" /><INIT seed="5,0,0,5,4,131" ten="202,540,153,105" oya="1" hai0="103,18,104,11,132,84,52,21,106,112,1,49,42" hai1="98,130,15,29,79,3,114,58,72,23,67,108,59" hai2="54,48,97,0,119,81,8,28,115,55,91,129,26" hai3="87,56,2,105,110,73,51,17,38,71,20,61,101"/><U133/><E114/><V45/><F119/><W99/><G73/><T93/><D112/><U78/><E3/><V5/><F115/><W39/><G2/><T126/><D42/><U34/><E130/><V10/><F129/><W134/><G110/><T85/><D126/><U117/><E117/><V68/><F68/><W66/><G87/><T75/><D75/><U135/><E98/><V69/><F69/><W36/><G51/><T83/><D11/><U109/><E34/><V16/><F97/><W57/><G57/><N who="1" m="21514" /><E67/><V127/><F127/><W50/><G50/><T118/><D1/><U60/><E60/><V122/><F122/><W82/><G82/><T100/><D83/><N who="1" m="45511" /><E79/><V88/><F81/><W86/><G86/><T123/><D84/><U70/><E70/><V76/><F76/><W62/><G61/><T124/><D106/><U47/><E47/><V19/><F55/><W37/><N who="3" m="9216" /><DORA hai="43" /><W33/><G33/><T96/><D124/><U24/><E15/><V74/><F74/><W77/><G77/><T12/><D123/><U40/><E40/><V102/><F102/><W41/><G41/><T7/><D103/><U30/><E30/><V22/><REACH who="2" step="1"/><F28/><REACH who="2" ten="202,540,143,105" step="2"/><W113/><G113/><T46/><D118/><U53/><E53/><V95/><F95/><W121/><G121/><T125/><D125/><U111/><AGARI ba="0,1" hai="23,24,29,108,109,111,133,135" m="45511,21514" machi="111" ten="40,7800,0" yaku="10,1,52,2" doraHai="131,43" who="1" fromWho="1" sc="202,-26,540,88,143,-26,105,-26" /><INIT seed="5,1,0,1,2,46" ten="176,628,117,79" oya="1" hai0="65,2,71,19,51,54,61,41,33,102,60,118,26" hai1="15,63,47,24,17,69,16,74,104,44,79,121,5" hai2="98,22,58,6,112,125,81,123,75,108,129,111,7" hai3="0,8,115,62,39,83,131,130,114,76,43,9,85"/><U31/><E121/><V92/><F123/><W27/><G39/><T127/><D2/><U134/><E104/><V109/><F129/><N who="3" m="49163" /><G43/><T13/><D118/><U106/><E106/><V18/><F125/><W80/><G0/><T116/><D127/><U45/><E134/><V53/><F112/><N who="3" m="43051" /><G27/><T107/><D116/><U29/><E5/><V117/><F117/><W57/><G80/><T93/><D41/><U34/><E31/><V77/><F92/><W3/><G3/><T50/><D93/><U90/><E90/><V101/><F101/><W89/><G89/><T49/><D26/><U96/><E96/><V135/><F98/><W42/><G42/><T68/><D33/><U72/><E79/><V120/><F120/><W105/><G105/><T32/><D32/><U38/><E38/><V56/><F135/><W73/><G73/><T23/><D102/><U103/><E103/><V87/><F75/><W66/><AGARI ba="1,0" hai="8,9,57,62,66,76,83,85" m="43051,49163" machi="66" ten="30,2000,0" yaku="19,1,15,1" doraHai="46" who="3" fromWho="3" sc="176,-6,628,-11,117,-6,79,23" /><INIT seed="6,0,0,3,4,61" ten="170,617,111,102" oya="2" hai0="22,17,98,26,131,64,21,10,74,58,65,90,100" hai1="43,14,127,125,67,69,135,52,118,96,19,133,54" hai2="31,75,24,51,84,3,101,41,123,45,44,102,91" hai3="120,97,35,129,1,18,39,76,130,116,4,60,124"/><V128/><F123/><W53/><G116/><T81/><D131/><U48/><E118/><V106/><F128/><W92/><G35/><T111/><D111/><U12/><E96/><V37/><F75/><W42/><G120/><T122/><D122/><U95/><E95/><V134/><F3/><W55/><G76/><T70/><D70/><U89/><E89/><V33/><F134/><W113/><G124/><T5/><D58/><U47/><E19/><V63/><F63/><W16/><G1/><T49/><D49/><U72/><E72/><V15/><F15/><W108/><G4/><T25/><D90/><U8/><E8/><V73/><F73/><W62/><G42/><T11/><D81/><U13/><E69/><V83/><REACH who="2" step="1"/><F106/><REACH who="2" ten="170,617,101,102" step="2"/><W50/><G62/><T38/><D74/><U77/><E135/><V114/><F114/><W80/><G60/><T27/><D27/><U107/><E133/><V126/><F126/><W94/><G113/><T88/><D26/><U71/><E107/><V6/><F6/><W103/><G130/><T59/><D25/><U85/><E127/><V23/><F23/><W112/><G112/><T104/><D22/><U9/><E125/><V121/><F121/><W78/><G129/><T115/><D5/><U86/><E13/><V46/><F46/><N who="3" m="27863" /><G108/><T93/><D115/><U28/><E14/><V30/><F30/><W79/><G18/><T34/><D17/><U110/><E28/><V7/><F7/><W117/><G117/><T99/><D104/><U20/><E12/><V57/><F57/><W32/><G16/><T105/><D105/><RYUUKYOKU ba="0,1" sc="170,-10,617,-10,101,30,102,-10" hai2="24,31,33,37,41,44,45,51,83,84,91,101,102" /><INIT seed="6,1,1,5,4,87" ten="160,607,131,92" oya="2" hai0="41,132,133,32,84,94,44,110,25,43,64,22,58" hai1="61,23,71,42,11,5,51,74,120,47,53,79,118" hai2="130,17,12,63,111,49,128,19,15,103,70,119,123" hai3="21,35,56,36,86,66,46,50,59,80,96,93,99"/><V31/><F103/><W134/><G35/><T127/><D32/><U121/><E118/><V10/><F119/><W34/><G34/><T102/><D110/><U91/><E23/><V48/><F31/><W98/><G134/><T2/><D2/><U16/><E16/><V45/><F123/><W81/><G36/><T92/><D127/><U76/><E74/><V88/><F111/><W117/><G117/><T8/><D8/><U14/><E91/><V60/><F70/><W131/><G131/><N who="2" m="50217" /><F88/><N who="3" m="53399" /><G21/><T33/><D33/><U52/><E71/><V135/><F135/><W65/><G65/><T77/><D64/><U68/><E68/><V106/><F106/><W4/><G4/><T89/><D133/><U122/><E61/><N who="2" m="23627" /><F45/><W73/><G73/><T37/><D132/><U1/><E1/><V109/><F109/><W72/><G72/><T67/><D44/><U75/><E75/><V54/><F54/><AGARI ba="1,1" hai="5,11,14,42,47,51,52,53,54,76,79,120,121,122" machi="54" ten="40,2600,0" yaku="13,1,54,1" doraHai="87" who="1" fromWho="2" sc="160,0,607,39,131,-29,92,0" /><INIT seed="7,0,0,3,5,21" ten="160,646,102,92" oya="3" hai0="107,69,34,120,37,23,28,102,57,31,52,88,70" hai1="95,58,56,103,7,119,38,79,42,115,129,83,72" hai2="68,86,36,101,64,109,100,12,48,18,84,53,80" hai3="29,74,132,17,55,5,113,116,111,46,45,85,98"/><W123/><G116/><T54/><D120/><U81/><E115/><V127/><F36/><W20/><G74/><T67/><D37/><U9/><E129/><V124/><F109/><W104/><G123/><T126/><D102/><N who="2" m="39530" /><F64/><W59/><G104/><T99/><D34/><U51/><E51/><V78/><F68/><W62/><G132/><T66/><D126/><N who="2" m="48170" /><F80/><W76/><G98/><T40/><D69/><U24/><E24/><V8/><F78/><W3/><G3/><T25/><D67/><U10/><E10/><V30/><F30/><W1/><G1/><T43/><D31/><U114/><E83/><V39/><F39/><W75/><G75/><T82/><D82/><U26/><E26/><V97/><F97/><W133/><G133/><T122/><D70/><U87/><E42/><N who="0" m="15913" /><D107/><U131/><E7/><V118/><F118/><W65/><G5/><T110/><D110/><U130/><E95/><V105/><F105/><W11/><G113/><T0/><D0/><U61/><E58/><AGARI ba="0,0" hai="8,12,18,48,53,58,84,86" m="48170,39530" machi="58" ten="30,1000,0" yaku="18,1" doraHai="21" who="2" fromWho="1" sc="160,0,646,-10,102,10,92,0" owari="160,-4.0,636,74.0,112,-29.0,92,-41.0" /></mjloggm>