<mjloggm ver="2.3"><GO type="169" lobby="0"/><UN n0="%4B%2D%63" n1="%E3%82%A4%E3%83%8B%E3%82%A8%E3%82%B9%E3%82%BF" n2="%E3%83%88%E3%83%88%E3%83%AA%E5%85%88%E7%94%9F%31%39%E6%AD%B3" n3="%62%61%79%65%73" dan="16,18,19,16" rate="2076.65,2238.08,2294.27,2086.80" sx="M,M,F,M"/><TAIKYOKU oya="0"/><INIT seed="0,0,0,4,0,107" ten="250,250,250,250" oya="0" hai0="67,1,66,56,98,23,74,22,95,76,58,17,100" hai1="26,13,118,75,104,20,121,54,126,63,2,105,110" hai2="89,109,6,52,130,111,131,86,30,10,47,44,16" hai3="64,43,53,32,106,35,128,81,45,40,123,15,103"/><T3/><D23/><U92/><E2/><V65/><F65/><W134/><G106/><T73/><D67/><U21/><E118/><V80/><F30/><W36/><G103/><T91/><D1/><U57/><E121/><V71/><F71/><W9/><G43/><T38/><D38/><U108/><E126/><V133/><F133/><W120/><G128/><N who="2" m="49193" /><F6/><W99/><G99/><T124/><D3/><U55/><E92/><V79/><F89/><W49/><G64/><T97/><D124/><U27/><E13/><N who="2" m="7223" /><F47/><W51/><G134/><T88/><D91/><U12/><E12/><V29/><F29/><W7/><G35/><T39/><D76/><U77/><E77/><V129/><F129/><W41/><G32/><T24/><D39/><U102/><E102/><V116/><F116/><W132/><G36/><T96/><D56/><U11/><E57/><V72/><F86/><W62/><G132/><T114/><D114/><U94/><E94/><V125/><F125/><W68/><G68/><T84/><REACH who="0" step="1"/><D100/><REACH who="0" ten="240,250,250,250" step="2"/><U14/><E21/><V82/><F82/><W33/><G81/><T37/><D37/><U70/><E20/><V85/><F85/><W46/><G33/><T59/><D59/><AGARI ba="0,1" hai="7,9,15,40,41,45,46,49,51,53,59,62,120,123" machi="59" ten="40,1300,0" yaku="9,1" doraHai="107" who="3" fromWho="0" sc="240,-13,250,0,250,0,250,23" /><INIT seed="1,0,0,0,2,28" ten="227,250,250,273" oya="1" hai0="64,77,100,38,78,1,59,5,122,130,74,73,101" hai1="99,58,133,84,35,76,123,4,62,126,3,114,2" hai2="45,49,97,111,69,86,119,103,53,25,115,22,6" hai3="68,10,24,36,39,113,117,56,63,90,83,92,96"/><U15/><E114/><V40/><F119/><W120/><G113/><T135/><D38/><U20/><E123/><V72/><F115/><W85/><G120/><T87/><D5/><U91/><E133/><V102/><F72/><W9/><G68/><T41/><D41/><U12/><E126/><V11/><F69/><W0/><G117/><T42/><D42/><U61/><E76/><V80/><F111/><W17/><G0/><T67/><D59/><U124/><E99/><V50/><F97/><W21/><G39/><T89/><D1/><U70/><E124/><V116/><F116/><W79/><REACH who="3" step="1"/><G36/><REACH who="3" ten="227,250,250,263" step="2"/><T134/><D122/><U14/><E3/><V8/><F6/><W94/><G94/><T37/><D37/><U43/><E4/><V7/><F7/><W48/><G48/><T26/><D134/><U71/><E2/><V106/><F50/><W54/><AGARI ba="0,1" hai="9,10,17,21,24,54,56,63,79,83,85,90,92,96" machi="54" ten="20,12000,2" yaku="1,1,0,1,7,1,25,2,8,1,53,0" doraHai="28" doraHaiUra="29" who="3" fromWho="3" sc="227,-30,250,-60,250,-30,263,130" /><INIT seed="2,0,0,1,4,20" ten="197,190,220,393" oya="2" hai0="75,78,125,79,133,7,86,93,1,73,124,57,0" hai1="11,126,51,21,29,43,39,67,45,22,60,14,122" hai2="32,59,115,96,18,31,34,23,88,6,114,85,64" hai3="105,76,10,77,68,82,131,123,30,91,104,119,70"/><V83/><F6/><W66/><G119/><T95/><D7/><U112/><E112/><V19/><F19/><W127/><G10/><T48/><D57/><U56/><E126/><V99/><F114/><W4/><G4/><T117/><D48/><U25/><E122/><V16/><F115/><W132/><G66/><T12/><D12/><U113/><E113/><V100/><F18/><W38/><G30/><T97/><D86/><U33/><E11/><V61/><F31/><W72/><G38/><T9/><D9/><U46/><REACH who="1" step="1"/><E14/><REACH who="1" ten="197,180,220,393" step="2"/><V90/><F90/><W101/><G91/><T27/><D27/><U80/><E80/><V54/><F64/><W5/><G82/><T58/><D117/><U71/><E71/><V53/><F53/><AGARI ba="0,1" hai="21,22,25,29,33,39,43,45,46,51,53,56,60,67" machi="53" ten="30,3900,0" yaku="1,1,7,1,52,1,53,0" doraHai="20" doraHaiUra="3" who="1" fromWho="2" sc="197,0,180,49,220,-39,393,0" /><INIT seed="3,0,0,3,4,13" ten="197,229,181,393" oya="3" hai0="101,84,10,126,68,71,135,121,64,134,40,122,30" hai1="23,127,8,63,4,133,54,62,103,7,50,52,132" hai2="59,88,37,22,102,2,65,34,98,60,76,94,44" hai3="91,113,79,117,15,14,129,36,38,125,18,78,116"/><W97/><G113/><T67/><D84/><U99/><E127/><V93/><F34/><W55/><G97/><T27/><D40/><U19/><E63/><V47/><F2/><W86/><G129/><T92/><D92/><N who="1" m="58855" /><E62/><V128/><F128/><W1/><G1/><T105/><D10/><U124/><E8/><V58/><F37/><W16/><G86/><T69/><D101/><U41/><E41/><V28/><F76/><W115/><G91/><T17/><D105/><U48/><E124/><V118/><F118/><W49/><G49/><T42/><D42/><U107/><E107/><V20/><F58/><W104/><G55/><T109/><D126/><U46/><E132/><V72/><F72/><W61/><G61/><T114/><D114/><U39/><E133/><N who="0" m="50697" /><D109/><U106/><E106/><V130/><F130/><W83/><G104/><T108/><D108/><U110/><E39/><V89/><F20/><W81/><G125/><T5/><D5/><U32/><E32/><V51/><F93/><W25/><G115/><T31/><D122/><U26/><E110/><V82/><F82/><W56/><REACH who="3" step="1"/><G25/><REACH who="3" ten="197,229,181,383" step="2"/><T95/><D121/><U123/><E123/><V85/><F51/><W96/><G96/><T6/><D27/><U3/><E3/><V120/><F120/><W77/><G77/><T131/><D131/><U45/><AGARI ba="0,1" hai="4,7,19,23,26,45,46,48,50,52,54" m="58855" machi="45" ten="30,4000,0" yaku="8,1,52,1,54,1" doraHai="13" who="1" fromWho="1" sc="197,-10,229,50,181,-10,383,-20" /><INIT seed="4,0,0,1,2,44" ten="187,279,171,363" oya="0" hai0="41,64,80,133,122,87,9,22,59,23,54,100,34" hai1="129,53,63,102,135,128,20,86,60,127,55,118,62" hai2="91,89,98,73,35,66,14,58,75,25,26,110,42" hai3="99,69,57,6,106,90,83,85,107,77,109,13,134"/><T17/><D34/><U108/><E102/><V72/><F110/><W81/><G69/><T61/><D122/><U7/><E7/><V33/><F42/><W0/><G0/><T24/><D133/><U49/><E86/><V39/><F39/><W28/><G109/><T19/><D100/><U8/><E8/><V38/><F38/><W119/><G119/><T79/><D9/><U18/><E108/><V27/><F66/><W112/><G28/><T92/><D92/><U48/><E118/><V37/><F37/><W43/><G43/><T1/><D1/><U2/><E2/><V36/><F36/><W76/><G57/><T120/><D120/><U111/><E111/><V78/><F58/><W84/><G112/><T52/><REACH who="0" step="1"/><D41/><REACH who="0" ten="177,279,171,363" step="2"/><U71/><E135/><V40/><F40/><W32/><G32/><T68/><D68/><U47/><E71/><V116/><F33/><W113/><G134/><T132/><D132/><U51/><E127/><V126/><F35/><W21/><G113/><T5/><D5/><U115/><E115/><V82/><F126/><W121/><G121/><T10/><D10/><U30/><E128/><V114/><F114/><W130/><G130/><T56/><D56/><U97/><E129/><V67/><F116/><W123/><G123/><T70/><D70/><U93/><E47/><V131/><F131/><W4/><G4/><T104/><D104/><U95/><E95/><V124/><F124/><W125/><G125/><T15/><AGARI ba="0,1" hai="15,17,19,22,23,24,52,54,59,61,64,79,80,87" machi="15" ten="20,12000,1" yaku="1,1,0,1,7,1,8,1,54,1,53,0" doraHai="44" doraHaiUra="96" who="0" fromWho="0" sc="177,130,279,-40,171,-40,363,-40" /><INIT seed="4,1,0,1,5,14" ten="307,239,131,323" oya="0" hai0="38,121,57,119,43,28,106,21,111,129,110,8,69" hai1="16,123,105,5,40,19,23,25,17,73,9,48,31" hai2="30,29,75,86,20,58,41,45,133,78,15,90,88" hai3="52,104,132,112,94,92,128,0,126,44,70,117,50"/><T2/><D69/><U64/><E105/><V47/><F133/><W99/><G117/><T67/><D106/><U12/><E73/><V36/><F75/><W101/><G112/><T51/><D119/><U84/><E123/><V96/><F78/><W22/><G126/><T125/><D121/><U93/><E64/><V24/><F45/><W4/><G128/><T127/><D129/><U103/><E40/><V27/><F15/><W39/><G70/><T42/><D38/><U3/><E48/><V89/><F58/><W10/><G132/><T72/><D72/><U66/><E66/><V116/><F96/><W1/><G1/><T56/><D2/><U102/><E3/><V107/><F107/><W85/><G39/><T98/><D98/><N who="1" m="59727" /><E84/><V11/><F11/><W83/><REACH who="3" step="1"/><G22/><REACH who="3" ten="307,239,131,313" step="2"/><T135/><D135/><U74/><E74/><V26/><F116/><W54/><G54/><N who="0" m="31839" /><D127/><U61/><E103/><V109/><F109/><N who="0" m="41482" /><D125/><U120/><E120/><V62/><F20/><W113/><G113/><T82/><D43/><U59/><E59/><V71/><F71/><W81/><G81/><T33/><D42/><U134/><E134/><V68/><F68/><W131/><G131/><T53/><D21/><U49/><E49/><V35/><F62/><AGARI ba="1,1" hai="5,9,12,16,17,19,23,25,31,61,62" m="59727" machi="62" ten="30,8000,1" yaku="8,1,52,3,54,1" doraHai="14" who="1" fromWho="2" sc="307,0,239,93,131,-83,313,0" /><INIT seed="5,0,0,2,1,87" ten="307,332,48,313" oya="1" hai0="51,121,4,94,68,78,21,132,14,7,97,59,76" hai1="43,47,22,53,49,56,122,42,126,6,98,36,86" hai2="100,31,120,65,92,80,17,35,18,114,119,115,40" hai3="89,61,44,3,52,34,133,8,117,75,24,134,123"/><U73/><E73/><V90/><F119/><W60/><G123/><T32/><D68/><U0/><E122/><V39/><F120/><W19/><G75/><T103/><D32/><U33/><E33/><V135/><F135/><N who="3" m="51723" /><G117/><T129/><D132/><U13/><E0/><V64/><F80/><W69/><G69/><T1/><D129/><U108/><E126/><V127/><F100/><W107/><G107/><T10/><D121/><U70/><E70/><V71/><F127/><W125/><G125/><T131/><D131/><U102/><E108/><V45/><F31/><N who="3" m="19815" /><G89/><T99/><D1/><U63/><E86/><N who="2" m="52311" /><F35/><W130/><G130/><T104/><D21/><U112/><E112/><N who="2" m="43051" /><F71/><W16/><G3/><T109/><D109/><U72/><E72/><V118/><F118/><W116/><G116/><T81/><D4/><U83/><E6/><V93/><F93/><W12/><G19/><AGARI ba="0,0" hai="17,18,19,39,40,45,64,65" m="43051,52311" machi="19" ten="30,3900,0" yaku="15,1,11,1,52,1" doraHai="87" who="2" fromWho="3" sc="307,0,332,0,48,39,313,-39" /><INIT seed="6,0,0,0,5,71" ten="307,332,87,274" oya="2" hai0="108,105,102,50,31,115,63,99,9,94,62,14,33" hai1="73,113,89,60,59,58,79,92,87,25,51,85,64" hai2="22,103,48,49,120,121,66,88,132,129,5,84,53" hai3="126,38,70,116,72,4,45,81,95,54,19,117,1"/><V40/><F129/><W43/><G126/><T35/><D108/><U8/><E113/><V107/><F132/><W61/><G19/><T135/><D135/><U52/><E73/><V100/><F66/><N who="3" m="41295" /><G95/><T122/><D122/><U110/><E110/><V101/><F107/><W75/><G54/><T114/><D105/><U47/><E25/><V128/><F128/><W2/><G75/><T24/><D35/><U127/><E127/><V119/><F119/><N who="3" m="45643" /><G4/><T56/><D50/><U21/><E21/><V106/><F106/><W111/><G111/><T131/><D131/><U97/><E79/><AGARI ba="0,0" hai="1,2,38,43,45,72,79,81" m="45643,41295" machi="79" ten="30,2000,0" yaku="23,1,52,1" doraHai="71" who="3" fromWho="1" sc="307,0,332,-20,87,0,274,20" /><INIT seed="7,0,0,0,5,43" ten="307,312,87,294" oya="3" hai0="12,103,93,68,39,114,30,50,88,101,10,4,58" hai1="135,94,128,76,7,22,21,74,49,5,121,66,89" hai2="33,126,23,61,87,47,110,91,75,124,123,56,111" hai3="104,122,26,97,73,95,48,6,119,109,14,42,107"/><W129/><G119/><T92/><D68/><U29/><E121/><V69/><F33/><W27/><G122/><T71/><D71/><U62/><E135/><V35/><F35/><W17/><G73/><T117/><D39/><U78/><E128/><V82/><F123/><W46/><G129/><T13/><D117/><U63/><E63/><V36/><F75/><W132/><G132/><T72/><D72/><U52/><E7/><V70/><F23/><W127/><G127/><N who="2" m="48681" /><F87/><W112/><G112/><T9/><D114/><U57/><E5/><V3/><F91/><W133/><G109/><N who="2" m="41481" /><F82/><W64/><G133/><T8/><D30/><U131/><E131/><V54/><F3/><W77/><G77/><N who="1" m="29802" /><E29/><V106/><F106/><W90/><G64/><T130/><D130/><U45/><E74/><V67/><F36/><W98/><G6/><N who="0" m="3095" /><D10/><U53/><E66/><V18/><F18/><W31/><G98/><AGARI ba="0,0" hai="21,22,45,49,52,53,57,62,89,94,98" m="29802" machi="98" ten="30,3900,0" yaku="8,1,52,1,54,1" doraHai="43" who="1" fromWho="3" sc="307,0,312,39,87,0,294,-39" owari="307,11.0,351,44.0,87,-41.0,255,-14.0" /></mjloggm>