<mjloggm ver="2.3"><GO type="169" lobby="0"/><UN n0="%E9%9B%80%E5%A3%AB%E3%81%AC%E3%82%8B%E3%82%8A%E3%82%93" n1="%E5%85%83%E7%8F%8D" n2="%E3%82%A6%E3%83%AB%E3%83%88%E3%83%A9%E7%AB%8B%E7%9B%B4" n3="%E8%99%8E%E7%9A%AE%E7%8C%AB" dan="16,16,17,17" rate="2134.85,2179.54,2137.01,2204.81" sx="M,M,M,F"/><TAIKYOKU oya="0"/><INIT seed="0,0,0,0,4,109" ten="250,250,250,250" oya="0" hai0="60,25,108,63,119,104,61,45,18,120,99,114,5" hai1="33,118,106,127,9,86,8,37,110,59,97,125,70" hai2="73,80,3,11,0,129,84,90,7,12,94,115,74" hai3="13,66,107,2,36,116,77,93,15,134,50,72,51"/><T16/><D119/><U83/><E70/><V123/><F123/><W22/><G107/><T48/><D120/><U17/><E118/><V122/><F122/><W124/><G2/><T55/><D108/><U41/><E33/><V31/><F129/><W21/><G36/><T79/><D114/><U92/><E106/><V65/><F74/><W112/><G116/><T100/><D5/><U98/><E110/><V71/><F31/><W39/><G39/><T10/><D10/><U29/><E29/><V4/><F4/><W44/><G93/><T126/><D126/><U38/><E59/><V128/><F128/><W81/><G66/><T52/><D79/><U132/><E132/><V88/><F115/><W69/><G69/><T43/><REACH who="0" step="1"/><D18/><REACH who="0" ten="240,250,250,250" step="2"/><U135/><E17/><V102/><F7/><W14/><G112/><T64/><D64/><U67/><E67/><V121/><F11/><W28/><G77/><T131/><D131/><U19/><E19/><V34/><F65/><W27/><G124/><T95/><D95/><U113/><E92/><V105/><F94/><W23/><G134/><T1/><D1/><U87/><E113/><V24/><F0/><W85/><G72/><T6/><D6/><U91/><E135/><V101/><F3/><W56/><G81/><T89/><D89/><U117/><E83/><V53/><F88/><W40/><G85/><T62/><N who="0" m="15360" /><DORA hai="20" /><T26/><D26/><U111/><E111/><V35/><F90/><W57/><G27/><T49/><D49/><U96/><E91/><V32/><F84/><W76/><G51/><T68/><D68/><RYUUKYOKU ba="0,1" sc="240,30,250,-10,250,-10,250,-10" hai0="16,25,43,45,48,52,55,99,100,104" /><INIT seed="0,1,1,5,0,12" ten="270,240,240,240" oya="0" hai0="113,94,28,36,15,38,72,26,83,119,117,70,3" hai1="49,81,92,109,98,19,82,88,68,63,77,128,75" hai2="80,30,66,22,95,112,9,44,123,37,25,74,99" hai3="111,97,2,85,104,114,34,115,58,132,101,90,43"/><T86/><D113/><U46/><E109/><V32/><F112/><W71/><G71/><T91/><D3/><U59/><E68/><V45/><F123/><W84/><G111/><T121/><D70/><U122/><E122/><V60/><F37/><W17/><G34/><T8/><D121/><U87/><E128/><V55/><F32/><W14/><G2/><T108/><D108/><U40/><E19/><V103/><F55/><W126/><G126/><T89/><D36/><U16/><E16/><V42/><F42/><W125/><G132/><T129/><D38/><U10/><E10/><V127/><F127/><W133/><G133/><T96/><D72/><U76/><E59/><V51/><F51/><W0/><G0/><T57/><D57/><U31/><E31/><V4/><F80/><W134/><G134/><T56/><D56/><U120/><E120/><V62/><F74/><W78/><G125/><T107/><D107/><U93/><E93/><V73/><F73/><W5/><G5/><T1/><D1/><U6/><E6/><V110/><F110/><W67/><G43/><T54/><D54/><U35/><E35/><V11/><F11/><W23/><G58/><T116/><D129/><U13/><E13/><N who="2" m="5287" /><F66/><W47/><G67/><T124/><D124/><U106/><REACH who="1" step="1"/><E63/><AGARI ba="1,1" hai="22,25,30,44,45,60,62,63,95,99,103" m="5287" machi="63" ten="30,1000,0" yaku="8,1" doraHai="12" who="2" fromWho="1" sc="270,0,240,-13,240,23,240,0" /><INIT seed="1,0,0,5,0,32" ten="270,227,263,240" oya="1" hai0="9,81,124,53,97,27,87,8,104,23,57,127,22" hai1="17,134,66,21,34,118,13,85,28,18,14,3,52" hai2="122,5,74,39,10,19,4,119,38,102,128,75,77" hai3="108,59,60,12,133,56,25,33,64,120,109,96,86"/><U114/><E114/><V126/><F19/><W15/><G120/><T51/><D104/><U98/><E118/><V24/><F24/><W67/><G133/><T62/><D97/><U1/><E134/><V95/><F95/><W121/><G121/><T89/><D23/><U106/><E66/><V0/><F122/><W129/><G129/><T31/><REACH who="0" step="1"/><D62/><REACH who="0" ten="260,227,263,240" step="2"/><U55/><E106/><V49/><F119/><W30/><G96/><T6/><D6/><U11/><E98/><V91/><F5/><W44/><G60/><T2/><D2/><U131/><E131/><V36/><F128/><W71/><G33/><T132/><D132/><U69/><E69/><V90/><F102/><W63/><G71/><T42/><D42/><U20/><E11/><AGARI ba="0,1" hai="8,9,11,22,27,31,51,53,57,81,87,89,124,127" machi="11" ten="40,1300,0" yaku="1,1,53,0" doraHai="32" doraHaiUra="29" who="0" fromWho="1" sc="260,23,227,-13,263,0,240,0" /><INIT seed="2,0,0,2,0,23" ten="283,214,263,240" oya="2" hai0="50,93,18,14,60,45,5,91,124,109,79,9,68" hai1="4,7,116,47,99,82,127,85,24,44,48,69,63" hai2="27,40,1,81,100,15,43,96,26,25,55,122,119" hai3="10,33,75,115,120,103,73,67,117,8,106,0,52"/><V97/><F1/><W21/><G117/><T35/><D109/><U32/><E116/><V110/><F119/><W107/><G33/><T74/><D124/><U72/><E72/><V51/><F122/><W129/><G120/><T130/><D130/><U30/><E127/><V86/><F15/><W94/><G129/><T83/><D35/><U36/><E36/><V64/><F64/><W88/><G67/><T59/><D68/><U29/><E47/><N who="2" m="28159" /><F110/><W125/><G125/><T123/><D123/><U102/><E30/><V61/><F61/><W22/><G115/><T49/><D5/><U112/><E112/><V111/><F111/><W19/><G0/><T98/><D45/><U128/><E128/><V132/><F132/><W31/><G73/><T13/><D13/><U54/><E69/><V118/><F118/><W34/><G75/><T113/><D113/><U62/><E62/><V135/><F135/><W2/><G2/><T70/><D70/><U80/><E63/><V28/><F28/><W133/><G31/><T17/><D17/><U37/><E37/><V12/><F12/><W78/><G19/><T95/><D95/><U114/><E114/><V65/><F65/><AGARI ba="0,0" hai="9,14,18,49,50,59,60,65,74,79,83,91,93,98" machi="65" ten="30,1000,0" yaku="7,1" doraHai="23" who="0" fromWho="2" sc="283,10,214,0,263,-10,240,0" /><INIT seed="3,0,0,3,5,27" ten="293,214,253,240" oya="3" hai0="128,92,35,0,18,43,73,64,17,108,83,13,88" hai1="24,95,72,77,98,44,11,8,75,74,58,114,48" hai2="47,67,91,89,16,103,87,82,41,111,65,109,53" hai3="39,123,85,97,69,37,70,3,96,31,71,59,5"/><W78/><G123/><T46/><D0/><U42/><E114/><V112/><F112/><W94/><G59/><T40/><D35/><U68/><E68/><V105/><F53/><W20/><G5/><T104/><D104/><U56/><E77/><V10/><F91/><W121/><G3/><T126/><D64/><U33/><E58/><V106/><F67/><W23/><G121/><T61/><D61/><U66/><E66/><V26/><F65/><W28/><G78/><T90/><D40/><U14/><E56/><V79/><F89/><W32/><G32/><T63/><D63/><U52/><E42/><V7/><F103/><W135/><G135/><T127/><D128/><U93/><E11/><V30/><F105/><W124/><G124/><T122/><D122/><U99/><E99/><N who="3" m="37962" /><G94/><T12/><D73/><U38/><E38/><N who="3" m="14346" /><G85/><T133/><D133/><U84/><E84/><V125/><F125/><W29/><AGARI ba="0,0" hai="20,23,28,29,31,69,70,71" m="14346,37962" machi="29" ten="40,12000,1" yaku="28,2,52,3" doraHai="27" who="3" fromWho="3" sc="293,-40,214,-40,253,-40,240,120" /><INIT seed="3,1,0,3,0,14" ten="253,174,213,360" oya="3" hai0="18,133,1,114,76,66,122,41,34,124,33,111,96" hai1="118,61,54,115,13,42,105,87,73,43,58,106,108" hai2="45,57,17,12,36,79,110,116,20,102,71,92,47" hai3="103,127,104,9,75,72,7,19,22,35,25,37,119"/><W128/><G119/><T109/><D122/><U24/><E73/><V52/><F71/><W112/><G112/><T130/><D1/><U89/><E115/><V32/><F116/><W101/><G37/><T65/><D114/><U55/><E118/><V93/><F32/><N who="0" m="12394" /><D41/><U84/><E108/><N who="0" m="41545" /><D76/><U4/><E24/><V56/><F110/><W59/><G35/><T53/><D133/><U121/><E121/><V91/><F36/><W51/><G72/><T94/><D53/><U74/><E74/><V2/><F2/><W90/><G75/><T28/><D28/><U117/><E117/><V134/><F134/><W86/><G104/><T69/><D69/><U64/><E64/><V78/><F79/><W70/><G70/><T38/><D38/><U81/><E105/><V11/><F78/><W131/><G131/><T46/><D46/><U120/><E106/><V40/><F40/><W0/><G128/><T100/><D124/><U68/><E68/><V3/><F3/><W99/><G127/><T123/><D123/><U26/><E120/><V8/><F47/><W97/><G101/><T80/><D80/><U95/><E55/><V50/><F57/><W23/><G103/><T16/><D130/><U48/><E61/><V10/><F45/><W98/><G59/><T29/><D29/><U62/><E62/><V60/><F60/><W39/><G39/><T30/><D30/><U5/><E43/><V67/><F67/><AGARI ba="1,0" hai="16,18,65,66,67,94,96,100" m="41545,12394" machi="67" ten="30,7700,0" yaku="14,1,52,2,54,1" doraHai="14" who="0" fromWho="2" sc="253,80,174,0,213,-80,360,0" /><INIT seed="4,0,0,0,2,58" ten="333,174,133,360" oya="0" hai0="98,106,99,55,91,94,92,121,69,28,107,48,29" hai1="74,5,35,114,34,2,90,76,10,0,42,61,102" hai2="39,126,45,46,132,105,30,71,131,70,86,133,118" hai3="134,1,93,16,21,81,54,73,22,68,122,123,59"/><T115/><D121/><N who="3" m="46089" /><G68/><N who="2" m="26153" /><F86/><W32/><G32/><T44/><D69/><U27/><E102/><V108/><F30/><W130/><G1/><T83/><D115/><U63/><E76/><V13/><F13/><W112/><G112/><T111/><D111/><U7/><E74/><V95/><F95/><W101/><G130/><T87/><D107/><U62/><E114/><V66/><F105/><W53/><G134/><N who="2" m="51817" /><F108/><W17/><G22/><T116/><D116/><U51/><E27/><V85/><F85/><W33/><G33/><T37/><D37/><U43/><E90/><V129/><F118/><W124/><G21/><T79/><D106/><U57/><E35/><V84/><F84/><W100/><G81/><T127/><D127/><U103/><E103/><AGARI ba="0,0" hai="28,29,44,48,55,79,83,87,91,92,94,98,99,103" machi="103" ten="30,2900,0" yaku="7,1,8,1" doraHai="58" who="0" fromWho="1" sc="333,29,174,-29,133,0,360,0" /><INIT seed="4,1,0,1,0,82" ten="362,145,133,360" oya="0" hai0="30,113,33,26,15,18,129,12,91,102,100,56,98" hai1="58,59,14,114,108,115,27,124,64,127,24,48,71" hai2="3,84,28,46,38,116,70,9,5,73,49,86,125" hai3="75,50,119,23,89,110,80,128,94,16,88,96,123"/><T19/><D113/><N who="1" m="43019" /><E108/><V69/><F38/><W92/><G110/><T22/><D129/><U106/><E106/><V25/><F73/><W67/><G119/><T109/><D109/><U131/><E14/><V32/><F116/><W101/><G128/><T66/><D66/><U60/><E131/><V44/><F125/><N who="1" m="48201" /><E48/><V52/><REACH who="2" step="1"/><F44/><REACH who="2" ten="362,145,123,360" step="2"/><W55/><G75/><T81/><D56/><AGARI ba="1,1" hai="24,27,56,58,59,60,64,71" m="48201,43019" machi="56" ten="30,3900,0" yaku="15,1,11,1,18,1" doraHai="82" who="1" fromWho="0" sc="362,-42,145,52,123,0,360,0" /><INIT seed="5,0,0,4,2,49" ten="320,197,123,360" oya="1" hai0="119,60,116,106,56,81,20,117,71,64,13,62,40" hai1="72,12,5,98,37,67,65,30,68,82,75,92,79" hai2="55,61,51,18,132,94,48,15,110,97,44,104,23" hai3="134,114,34,26,45,53,25,32,130,135,69,122,36"/><U113/><E37/><V43/><F110/><W46/><G69/><T111/><D106/><U27/><E75/><V31/><F132/><W17/><G122/><T123/><D111/><U95/><E113/><V131/><F131/><W84/><G130/><T58/><D123/><U105/><E105/><V120/><F120/><W86/><G17/><T19/><D40/><U80/><E68/><V41/><F104/><W78/><G78/><T21/><D81/><U47/><E82/><V91/><F31/><W35/><G36/><T96/><D96/><U73/><E73/><V89/><F61/><W2/><G2/><T1/><D1/><U101/><E95/><V42/><REACH who="2" step="1"/><F91/><REACH who="2" ten="320,197,113,360" step="2"/><W112/><G35/><T0/><D62/><U87/><E72/><V121/><F121/><W28/><G28/><T70/><D116/><U133/><E133/><V24/><F24/><W83/><G134/><T39/><D60/><U38/><E27/><V118/><F118/><W74/><G25/><T103/><D117/><U90/><E30/><V115/><F115/><W100/><G26/><T8/><D119/><U4/><E90/><V14/><F14/><W88/><G135/><T52/><D13/><U33/><E12/><V125/><F125/><W6/><G112/><T66/><D0/><U93/><E33/><V126/><F126/><W16/><G34/><T59/><D59/><AGARI ba="0,1" hai="15,18,23,41,42,43,44,48,51,55,59,89,94,97" machi="59" ten="30,8000,1" yaku="1,1,7,1,8,1,52,1,53,1" doraHai="49" doraHaiUra="9" who="2" fromWho="0" sc="320,-80,197,0,113,90,360,0" /><INIT seed="6,0,0,0,0,76" ten="240,197,203,360" oya="2" hai0="5,117,99,15,97,62,16,75,130,66,88,21,69" hai1="45,74,68,115,87,100,101,134,67,64,27,120,91" hai2="36,103,105,113,33,12,49,94,11,131,56,121,24" hai3="125,104,53,73,118,65,79,109,19,29,122,123,83"/><V80/><F121/><W119/><G109/><T8/><D75/><U78/><E120/><V81/><F105/><W111/><G104/><T51/><D130/><U85/><E115/><V2/><F36/><W135/><G111/><T37/><D37/><U129/><E74/><V10/><F113/><W96/><G135/><T82/><D51/><U22/><E134/><V46/><F131/><W92/><G125/><T63/><D117/><U30/><E129/><V34/><F2/><W31/><G122/><T6/><D6/><U50/><E78/><V39/><F39/><W59/><G65/><N who="1" m="25162" /><E68/><V70/><F70/><W90/><G123/><T71/><D71/><U54/><E87/><V86/><F34/><W18/><G118/><T93/><D63/><U47/><E47/><V55/><F33/><W57/><G119/><T26/><D82/><AGARI ba="0,0" hai="22,27,30,45,50,54,82,85,91,100,101" m="25162" machi="82" ten="30,2000,0" yaku="8,1,52,1" doraHai="76" who="1" fromWho="0" sc="240,-20,197,20,203,0,360,0" /><INIT seed="7,0,0,4,4,54" ten="220,217,203,360" oya="3" hai0="86,126,49,32,89,51,67,81,134,27,22,66,122" hai1="36,6,121,31,97,106,44,10,99,84,58,124,59" hai2="94,123,75,104,53,101,100,109,11,21,96,14,47" hai3="135,80,40,92,133,72,79,26,39,38,19,42,88"/><W85/><G26/><T9/><D122/><U116/><E121/><V45/><F75/><W73/><G19/><N who="0" m="12767" /><D32/><U95/><E106/><V68/><F68/><W103/><G72/><T120/><D120/><U23/><E124/><V70/><F70/><W130/><G130/><T15/><D134/><N who="3" m="51209" /><G103/><N who="2" m="39497" /><F104/><W105/><G105/><T55/><D126/><U1/><E116/><V43/><F109/><W98/><G73/><T117/><D117/><U24/><E97/><V78/><F123/><W74/><G98/><T64/><D55/><U129/><E129/><V91/><F78/><W33/><G33/><T127/><D127/><U56/><E84/><V132/><F132/><W110/><G110/><T65/><D65/><U17/><E36/><AGARI ba="0,0" hai="36,38,39,40,42,74,79,80,85,88,92" m="51209" machi="36" ten="30,2900,0" yaku="20,1,54,1" doraHai="54" who="3" fromWho="1" sc="220,0,217,-29,203,0,360,29" owari="220,2.0,188,-31.0,203,-20.0,389,49.0" /></mjloggm>