<mjloggm ver="2.3"><GO type="169" lobby="0"/><UN n0="%E6%9E%97%E9%9D%92" n1="%E6%9B%99%E4%B9%8B%E5%85%89" n2="%E3%82%A6%E3%83%AB%E3%83%88%E3%83%A9%E7%AB%8B%E7%9B%B4" n3="%4A%57%49%4C%4C" dan="16,16,16,16" rate="2016.47,2099.28,2167.99,2132.07" sx="M,F,M,M"/><TAIKYOKU oya="0"/><INIT seed="0,0,0,5,3,112" ten="250,250,250,250" oya="0" hai0="122,40,33,110,78,57,46,1,107,51,24,79,62" hai1="132,19,5,70,18,82,89,34,114,72,83,22,100" hai2="60,84,66,6,75,125,99,87,77,68,39,126,44" hai3="48,95,37,61,59,43,69,10,58,14,102,124,71"/><T113/><D122/><U81/><E70/><V67/><F67/><W88/><G102/><T65/><D113/><U49/><E34/><V50/><F39/><W129/><G129/><T3/><D107/><U80/><E114/><V73/><F6/><W121/><G121/><T2/><REACH who="0" step="1"/><D110/><REACH who="0" ten="240,250,250,250" step="2"/><U130/><E130/><V52/><F125/><W120/><G120/><T28/><AGARI ba="0,1" hai="1,2,3,24,28,33,40,46,51,57,62,65,78,79" machi="28" ten="40,7800,0" yaku="1,1,2,1,0,1,53,0" doraHai="112" doraHaiUra="117" who="0" fromWho="0" sc="240,88,250,-26,250,-26,250,-26" /><INIT seed="0,1,0,0,0,106" ten="328,224,224,224" oya="0" hai0="35,81,37,78,56,88,61,110,19,87,127,58,64" hai1="74,122,30,72,43,50,70,17,100,128,7,71,46" hai2="94,1,23,13,0,95,112,93,22,6,53,83,115" hai3="105,16,132,45,39,116,120,129,79,75,91,54,38"/><T102/><D35/><U92/><E122/><V20/><F53/><W51/><G116/><T77/><D37/><U66/><E7/><V65/><F65/><W130/><G105/><T47/><D127/><U85/><E128/><N who="3" m="49258" /><G120/><T135/><D135/><U8/><E30/><V4/><F83/><N who="3" m="45567" /><G91/><T36/><D110/><U109/><E109/><V96/><F96/><W97/><G97/><T24/><D102/><U11/><E100/><V118/><F13/><W67/><G67/><T21/><D36/><U82/><E92/><V10/><F118/><W98/><G98/><T114/><D114/><U124/><E124/><V26/><F26/><W121/><G121/><T31/><D47/><U113/><E113/><N who="2" m="43595" /><F10/><W34/><G34/><T101/><D101/><U15/><E11/><V57/><F57/><W73/><G73/><T117/><D117/><U18/><E18/><V14/><F14/><W9/><G132/><T126/><D126/><U52/><E43/><V3/><AGARI ba="1,0" hai="0,1,3,4,6,20,22,23,93,94,95" m="43595" machi="3" ten="50,8000,1" yaku="29,2,28,2" doraHai="106" who="2" fromWho="2" sc="328,-41,224,-21,224,83,224,-21" /><INIT seed="1,0,0,1,2,97" ten="287,203,307,203" oya="1" hai0="108,73,67,35,50,10,17,88,16,13,66,119,43" hai1="23,64,26,70,76,36,44,41,123,95,105,12,53" hai2="33,117,112,125,71,93,115,59,47,90,38,127,14" hai3="101,24,9,86,102,48,39,54,19,7,3,75,55"/><U121/><E105/><V113/><F71/><W1/><G75/><T42/><D35/><U46/><E76/><V15/><F33/><W22/><G39/><T25/><D119/><U114/><E12/><N who="2" m="4651" /><F117/><W8/><G86/><T65/><D73/><U21/><E114/><V2/><F2/><W103/><REACH who="3" step="1"/><G48/><REACH who="3" ten="287,203,307,193" step="2"/><T56/><D50/><U91/><E123/><V49/><F38/><W77/><G77/><T52/><D108/><U111/><E121/><V126/><F113/><W6/><AGARI ba="0,1" hai="1,3,6,7,8,9,19,22,24,54,55,101,102,103" machi="6" ten="30,12000,2" yaku="1,1,0,1,9,1,52,3,53,0" doraHai="97" doraHaiUra="107" who="3" fromWho="3" sc="287,-30,203,-60,307,-30,193,130" /><INIT seed="2,0,0,2,4,114" ten="257,143,277,323" oya="2" hai0="5,34,21,107,133,119,59,46,83,70,84,78,72" hai1="120,74,86,10,90,6,123,48,67,40,50,110,125" hai2="3,68,93,94,22,55,16,49,134,35,89,39,77" hai3="103,92,129,88,102,76,131,91,96,82,56,106,61"/><V47/><F134/><W124/><G56/><T75/><D70/><U8/><E110/><V71/><F35/><W31/><G31/><T33/><D107/><U65/><E74/><V101/><F3/><W23/><G23/><T51/><D133/><U12/><E125/><V18/><F77/><W66/><G61/><T85/><D5/><U81/><E10/><V105/><F105/><W30/><G30/><T27/><D119/><U80/><E80/><V32/><F32/><W127/><G66/><T117/><D117/><U113/><E113/><V69/><F39/><W58/><G58/><T97/><D97/><U41/><E50/><V15/><F101/><N who="3" m="38411" /><G91/><T9/><D9/><U13/><E13/><V130/><F130/><N who="3" m="49675" /><G106/><T99/><D59/><U4/><E4/><V73/><F89/><W45/><G45/><T126/><D34/><U122/><REACH who="1" step="1"/><E48/><REACH who="1" ten="257,133,277,323" step="2"/><V7/><F7/><W11/><G11/><T60/><D51/><U24/><E24/><V28/><F15/><W29/><G29/><T20/><D27/><U112/><E112/><V104/><F28/><W57/><G57/><T108/><D75/><AGARI ba="0,1" hai="75,76,82,88,92,96,124,127" m="49675,38411" machi="75" ten="30,7700,0" yaku="19,1,34,2,54,1" doraHai="114" who="3" fromWho="0" sc="257,-77,133,0,277,0,323,87" /><INIT seed="3,0,0,0,4,22" ten="180,133,277,410" oya="3" hai0="127,7,72,70,81,87,20,89,42,26,14,121,123" hai1="115,62,54,40,37,49,68,109,33,61,98,3,65" hai2="110,99,2,82,53,71,10,135,101,95,100,117,5" hai3="131,11,19,69,36,64,119,47,106,113,1,112,28"/><W24/><G106/><T128/><D70/><U80/><E115/><V55/><F117/><W38/><G119/><T111/><D111/><U67/><E3/><V45/><F110/><W105/><G105/><T96/><D128/><U74/><E109/><V48/><F71/><W21/><G131/><T91/><D127/><U107/><E33/><V114/><F135/><W133/><G133/><T85/><D72/><U84/><E74/><V35/><F35/><W86/><G86/><T134/><D134/><U8/><E37/><V12/><F114/><W4/><G38/><T50/><D96/><U46/><E8/><V23/><F82/><W30/><G113/><T60/><D60/><U102/><E62/><V124/><F124/><W132/><G132/><T32/><D32/><U31/><E31/><V63/><F2/><W116/><G116/><T17/><D50/><U66/><REACH who="1" step="1"/><E40/><REACH who="1" ten="180,123,277,410" step="2"/><V104/><F63/><W75/><G75/><T6/><D42/><U27/><E27/><V78/><F10/><W15/><G112/><T43/><D43/><U52/><E52/><V118/><F55/><W39/><G39/><T59/><D123/><U16/><E16/><V25/><F25/><W29/><G36/><T76/><D121/><U88/><AGARI ba="0,1" hai="46,49,54,61,65,66,67,68,80,84,88,98,102,107" machi="88" ten="20,8000,1" yaku="1,1,0,1,7,1,54,1,53,1" doraHai="22" doraHaiUra="94" who="1" fromWho="1" sc="180,-20,123,90,277,-20,410,-40" /><INIT seed="4,0,0,5,0,1" ten="160,213,257,370" oya="0" hai0="31,44,43,12,94,66,117,124,67,16,122,61,83" hai1="36,111,57,23,56,99,92,28,10,81,93,110,2" hai2="107,58,6,59,32,22,65,79,76,71,119,7,112" hai3="29,45,53,35,77,89,88,102,118,55,11,51,48"/><T100/><D122/><U134/><E36/><V98/><F32/><W69/><G118/><T38/><D117/><U78/><E134/><V90/><F71/><W97/><G69/><T129/><D129/><U73/><E93/><N who="2" m="56631" /><F107/><W46/><G77/><N who="2" m="29769" /><F119/><W26/><REACH who="3" step="1"/><G11/><REACH who="3" ten="160,213,257,360" step="2"/><T54/><D124/><U39/><E111/><V130/><F130/><W86/><G86/><T47/><D83/><U14/><E110/><V8/><F112/><W13/><G13/><T4/><D12/><U24/><E2/><V114/><F8/><W128/><G128/><T17/><D94/><AGARI ba="0,1" hai="26,29,35,45,46,48,51,53,55,88,89,94,97,102" machi="94" ten="30,7700,0" yaku="1,1,7,1,9,1,54,1,53,0" doraHai="1" doraHaiUra="116" who="3" fromWho="0" sc="160,-77,213,0,257,0,360,87" /><INIT seed="5,0,0,3,0,18" ten="83,213,257,447" oya="1" hai0="86,97,70,115,13,30,41,67,50,23,122,56,99" hai1="35,27,134,28,101,9,31,61,83,110,78,20,106" hai2="12,117,58,89,108,126,64,14,46,102,25,79,53" hai3="75,114,91,24,109,51,52,76,72,98,81,22,85"/><U10/><E110/><V130/><F117/><W128/><G109/><T33/><D33/><U62/><E134/><V47/><F108/><W21/><G114/><T4/><D70/><U100/><E35/><V57/><F102/><N who="1" m="39529" /><E106/><V118/><F79/><W119/><G119/><T124/><D124/><U34/><E34/><V0/><F0/><W71/><G71/><T87/><D115/><U68/><E68/><V93/><F130/><W5/><G128/><T103/><D122/><U45/><E28/><V123/><F123/><W3/><G3/><T38/><D38/><U7/><E45/><V113/><F47/><W112/><G112/><T74/><D74/><U84/><E7/><V69/><F46/><W48/><G5/><T104/><D41/><U60/><AGARI ba="0,0" hai="9,10,20,27,31,60,61,62,78,83,84" m="39529" machi="60" ten="30,3000,0" yaku="8,1,52,1" doraHai="18" who="1" fromWho="1" sc="83,-10,213,30,257,-10,447,-10" /><INIT seed="5,1,0,2,0,9" ten="73,243,247,437" oya="1" hai0="33,69,82,18,134,10,84,107,46,97,6,117,114" hai1="39,25,50,53,133,43,115,67,26,29,109,3,132" hai2="22,14,2,35,89,58,27,61,102,110,12,118,72" hai3="127,76,48,116,79,95,47,81,71,30,73,78,66"/><U92/><E3/><V94/><F35/><W57/><G127/><T28/><D117/><U88/><E115/><V40/><F110/><W86/><G116/><T129/><D114/><U44/><E109/><V98/><F118/><W104/><G104/><T101/><D134/><N who="1" m="51819" /><E67/><N who="2" m="39351" /><F2/><W87/><G71/><T41/><D69/><U36/><E29/><N who="2" m="17655" /><F72/><W7/><G30/><T121/><D121/><U55/><E55/><V38/><F89/><W96/><G73/><T13/><D129/><U20/><E20/><V54/><F54/><W45/><G7/><T120/><D120/><U56/><E39/><V11/><F11/><W124/><G124/><T111/><D111/><U106/><E106/><V108/><F108/><W31/><G31/><T5/><D33/><U24/><E24/><V74/><F74/><W68/><G68/><T70/><D28/><U52/><E53/><V63/><F63/><W105/><G105/><T8/><D70/><U23/><E23/><V16/><F16/><W123/><G123/><T135/><D8/><U83/><E83/><V49/><F38/><W17/><G17/><T4/><D135/><U130/><E130/><V0/><F0/><W34/><G34/><T126/><D18/><U37/><E36/><V21/><F21/><W77/><G66/><T62/><D126/><U119/><E119/><V128/><F128/><W91/><G57/><T19/><D62/><U103/><E103/><V80/><F80/><N who="3" m="47391" /><G48/><N who="0" m="26703" /><D19/><U51/><E37/><V65/><F65/><W125/><G125/><T131/><D131/><U122/><E122/><V64/><F64/><W113/><G113/><RYUUKYOKU ba="1,0" sc="73,0,243,0,247,0,437,0" hai0="4,5,6,10,13,82,84,97,101,107" hai1="25,26,43,44,50,51,52,56,88,92" hai2="12,14,40,49,94,98,102" hai3="45,47,76,77,78,81,87,91,95,96" /><INIT seed="5,2,0,2,1,62" ten="73,243,247,437" oya="1" hai0="4,9,90,95,118,121,71,10,53,60,80,91,30" hai1="132,97,96,110,48,39,133,16,92,55,28,20,129" hai2="15,58,127,26,131,57,82,88,2,21,66,134,79" hai3="103,119,99,61,46,74,112,40,42,25,106,105,12"/><U86/><E39/><V107/><F2/><W47/><G112/><T98/><D118/><U128/><E28/><V72/><F107/><W44/><G119/><T87/><D121/><U108/><E86/><V6/><F131/><N who="1" m="50249" /><E48/><V13/><F127/><W114/><G114/><T56/><D4/><U22/><E55/><V67/><F134/><N who="1" m="51817" /><E22/><V50/><F79/><W130/><G74/><T123/><D123/><U17/><E20/><V75/><F72/><W93/><G130/><T29/><D71/><U36/><E36/><V8/><F75/><W59/><G25/><T31/><D29/><U33/><E33/><V65/><F15/><W38/><G38/><T41/><D41/><U126/><E126/><V3/><F3/><W34/><G34/><T5/><REACH who="0" step="1"/><D10/><REACH who="0" ten="63,243,247,437" step="2"/><U125/><E125/><V104/><F8/><W73/><G42/><T69/><D69/><U51/><E51/><V35/><F50/><W81/><G40/><T122/><D122/><U54/><E17/><V135/><F135/><W52/><REACH who="3" step="1"/><G12/><AGARI ba="2,1" hai="5,9,12,30,31,53,56,60,80,87,90,91,95,98" machi="12" ten="30,8000,1" yaku="1,1,7,1,8,1,53,2" doraHai="62" doraHaiUra="84" who="0" fromWho="3" sc="63,96,243,0,247,0,437,-86" /><INIT seed="6,0,0,2,2,42" ten="159,243,247,351" oya="2" hai0="98,107,133,5,77,73,100,6,21,129,88,9,11" hai1="134,109,19,65,18,8,4,7,25,47,121,41,70" hai2="23,1,114,3,45,126,123,16,28,48,104,132,118" hai3="101,57,117,128,80,58,37,53,82,43,52,124,35"/><V75/><F75/><W122/><G35/><T63/><D133/><U125/><E109/><V89/><F104/><W92/><G122/><T20/><D129/><U64/><E134/><V135/><F123/><W102/><G117/><T51/><D77/><U86/><E121/><V115/><F118/><W84/><G128/><T120/><D120/><U40/><E125/><V99/><F28/><W27/><G124/><T95/><D73/><U111/><E111/><V14/><F126/><W34/><G34/><T110/><D110/><U116/><E116/><V96/><F132/><W22/><G37/><T36/><D36/><U106/><E106/><V72/><F72/><W10/><G10/><T24/><D63/><U78/><E41/><N who="2" m="24623" /><F89/><N who="3" m="53287" /><G43/><T49/><D21/><N who="1" m="13495" /><E70/><V29/><F29/><N who="3" m="17655" /><G58/><T31/><D9/><U33/><E33/><V93/><F93/><W32/><G32/><T85/><REACH who="0" step="1"/><D6/><REACH who="0" ten="149,243,247,351" step="2"/><U56/><E4/><V131/><F131/><W0/><G0/><AGARI ba="0,1" hai="0,5,11,20,24,31,49,51,85,88,95,98,100,107" machi="0" ten="30,12000,2" yaku="1,1,2,1,7,1,54,1,53,2" doraHai="42" doraHaiUra="46" who="0" fromWho="3" sc="149,130,243,0,247,0,351,-120" /><INIT seed="7,0,0,0,0,87" ten="279,243,247,231" oya="3" hai0="115,127,100,125,26,37,5,56,41,60,15,59,62" hai1="117,61,119,20,52,49,103,6,84,76,116,85,109" hai2="77,134,7,32,91,73,89,80,83,33,70,2,122" hai3="13,112,101,38,51,42,131,48,28,104,79,88,39"/><W99/><G79/><T69/><D69/><U11/><E109/><V111/><F111/><W107/><G28/><T21/><D115/><U63/><E103/><V74/><F70/><W0/><G0/><T31/><D100/><U105/><E105/><V114/><F114/><W66/><G66/><T57/><D41/><U135/><E135/><V54/><F54/><W113/><G131/><T110/><D37/><U108/><E108/><V35/><F134/><W71/><G71/><T95/><D110/><U22/><E61/><V90/><F122/><W75/><G75/><T86/><D15/><N who="1" m="5623" /><E63/><V47/><F47/><W102/><G13/><T78/><D5/><U126/><E126/><N who="0" m="48137" /><D78/><U19/><E76/><V14/><F2/><W72/><G72/><T97/><D97/><U43/><E43/><V120/><F120/><W9/><G9/><T10/><D10/><U12/><E20/><V27/><F77/><W82/><G42/><T129/><D129/><U44/><AGARI ba="0,0" hai="12,19,22,44,49,52,84,85,116,117,119" m="5623" machi="44" ten="30,2000,0" yaku="12,1,54,1" doraHai="87" who="1" fromWho="1" sc="279,-5,243,20,247,-5,231,-10" /><INIT seed="8,0,0,5,0,27" ten="274,263,242,221" oya="0" hai0="87,9,93,10,58,103,63,33,135,51,73,66,57" hai1="108,17,111,109,127,48,32,53,106,76,95,24,52" hai2="132,92,90,81,20,128,129,14,118,105,113,30,70" hai3="46,47,89,16,67,124,99,115,61,101,56,8,85"/><T102/><D73/><U82/><E106/><V4/><F105/><W110/><G110/><T23/><D33/><U43/><E127/><V122/><F122/><W130/><G115/><T77/><D135/><U22/><E32/><V91/><F70/><W26/><G124/><T15/><D9/><U64/><E64/><V104/><F104/><W72/><G72/><T59/><D23/><U28/><E17/><V62/><F113/><W13/><G130/><T78/><D51/><U42/><E95/><V88/><F132/><W116/><G116/><T126/><D126/><U37/><E37/><V5/><F118/><W75/><G75/><T80/><D78/><U69/><E69/><V55/><F81/><W21/><G99/><N who="0" m="59759" /><D103/><U19/><E19/><AGARI ba="0,0" hai="10,15,19,57,58,59,63,66,77,80,87" m="59759" machi="19" ten="30,1500,0" yaku="8,1" doraHai="27" who="0" fromWho="1" sc="274,15,263,-15,242,0,221,0" /><INIT seed="8,1,0,5,0,70" ten="289,248,242,221" oya="0" hai0="23,41,56,50,109,95,88,117,39,1,46,0,125" hai1="86,21,73,40,34,13,4,54,52,74,81,112,10" hai2="114,51,108,94,14,127,69,122,11,57,25,82,72" hai3="45,12,58,71,134,9,77,103,121,8,116,35,26"/><T22/><D109/><U16/><E34/><V119/><F69/><W67/><G116/><T113/><D113/><U79/><E112/><V42/><F122/><W32/><G121/><T132/><D117/><U101/><E101/><V3/><F3/><W27/><G134/><T48/><D132/><U84/><E40/><V2/><F2/><W65/><G71/><T6/><D50/><U63/><E86/><V66/><F25/><W29/><G77/><T5/><D125/><U120/><E120/><V78/><F127/><W92/><G45/><T87/><D6/><U89/><E63/><V105/><F105/><W131/><G131/><T38/><D38/><U30/><E30/><V53/><F66/><W135/><G135/><T99/><D5/><U100/><E100/><V59/><F42/><W44/><G44/><T15/><D23/><U20/><E20/><V33/><F33/><W91/><G103/><T43/><D43/><U98/><E98/><V19/><F108/><W124/><G124/><T133/><D99/><U64/><E64/><N who="3" m="24650" /><G58/><T118/><D133/><U55/><REACH who="1" step="1"/><E79/><REACH who="1" ten="289,238,242,221" step="2"/><V107/><F114/><W111/><G111/><T62/><D118/><U37/><E37/><V110/><F110/><W115/><G115/><T106/><D62/><U102/><E102/><V18/><F119/><W80/><G80/><T60/><D60/><U130/><E130/><V24/><F107/><W7/><G9/><T123/><D123/><U90/><E90/><V49/><F94/><W76/><G76/><T129/><D129/><U104/><E104/><V36/><F36/><W85/><G32/><RYUUKYOKU ba="1,1" sc="289,-15,238,15,242,-15,221,15" hai1="4,10,13,16,21,52,54,55,73,74,81,84,89" hai3="7,8,12,26,27,29,35,85,91,92" /><INIT seed="9,2,1,1,0,64" ten="274,253,227,236" oya="1" hai0="72,83,36,54,39,21,33,28,124,14,19,62,0" hai1="65,95,101,37,63,120,55,96,118,88,121,73,97" hai2="31,16,78,18,82,135,10,113,71,6,53,66,117" hai3="134,111,40,75,27,49,116,52,44,2,92,114,102"/><U48/><E37/><V26/><F71/><W68/><G75/><T61/><D124/><U15/><E73/><V56/><F66/><W7/><G111/><T77/><D0/><U34/><E34/><V4/><F135/><W84/><G68/><T50/><D33/><U112/><E118/><V106/><F106/><W86/><G134/><T130/><D130/><U108/><E108/><V20/><F117/><W133/><G114/><T131/><D28/><U23/><E112/><V93/><F93/><W5/><G133/><T123/><D123/><U24/><E15/><V119/><F119/><W42/><G116/><T46/><REACH who="0" step="1"/><D131/><REACH who="0" ten="264,253,227,236" step="2"/><U94/><E24/><V30/><F113/><W17/><G2/><T11/><D11/><U98/><E23/><V80/><F31/><W105/><G27/><T57/><D57/><N who="1" m="37103" /><E121/><V110/><F110/><W43/><G17/><N who="2" m="6761" /><F10/><W70/><G70/><T99/><D99/><N who="1" m="57799" /><E120/><V3/><F3/><W91/><REACH who="3" step="1"/><G86/><REACH who="3" ten="264,253,227,226" step="2"/><T126/><D126/><U1/><E1/><V45/><F6/><W22/><G22/><T67/><D67/><U38/><E38/><AGARI ba="2,3" hai="14,19,21,36,38,39,46,50,54,61,62,72,77,83" machi="38" ten="40,1300,0" yaku="1,1,53,0" doraHai="64" doraHaiUra="132" who="0" fromWho="1" sc="264,49,253,-19,227,0,226,0" owari="313,41.0,234,3.0,227,-17.0,226,-27.0" /></mjloggm>