<mjloggm ver="2.3"><GO type="169" lobby="0"/><UN n0="%62%61%72%61%61%64%6F" n1="%E5%B0%B1%E6%B4%BB%E7%94%9F%40%E5%B7%9D%E6%9D%91%E8%BB%8D%E5%9B%A3" n2="%4D%63%43%6C%61%6E%65%2E" n3="%6A%61%6E%79" dan="16,18,16,17" rate="2101.54,2286.27,2093.97,2197.81" sx="M,M,M,M"/><TAIKYOKU oya="0"/><INIT seed="0,0,0,0,2,81" ten="250,250,250,250" oya="0" hai0="63,48,128,44,93,80,101,84,52,0,16,77,61" hai1="104,86,41,64,2,1,95,9,56,65,134,27,70" hai2="88,90,58,28,35,96,75,17,83,126,46,110,69" hai3="91,72,85,47,4,94,73,116,119,13,89,21,24"/><T3/><D128/><U43/><E104/><V124/><F69/><W87/><G47/><T49/><D3/><U14/><E70/><V112/><F112/><W12/><G73/><T120/><D0/><U111/><E111/><V59/><F110/><W32/><G72/><T127/><D127/><U135/><E27/><N who="2" m="18847" /><F46/><W42/><G42/><N who="0" m="24599" /><D120/><U122/><E122/><V36/><F36/><W117/><G4/><T130/><D130/><U76/><E2/><V100/><F17/><W19/><REACH who="3" step="1"/><G32/><REACH who="3" ten="250,250,250,240" step="2"/><T53/><D16/><N who="1" m="8271" /><E1/><V39/><F39/><W7/><G7/><T29/><D29/><U51/><E43/><V131/><F131/><W98/><G98/><N who="0" m="59599" /><D53/><N who="1" m="31807" /><E41/><V55/><F126/><W10/><G10/><T37/><D37/><U22/><E22/><V78/><F124/><W45/><G45/><AGARI ba="0,1" hai="45,49,52,61,63,77,80,84" m="59599,24599" machi="45" ten="30,5800,0" yaku="8,1,52,1,54,1" doraHai="81" who="0" fromWho="3" sc="250,68,250,0,250,0,240,-58" /><INIT seed="0,1,0,3,5,81" ten="318,250,250,182" oya="0" hai0="105,12,5,21,32,15,13,65,98,3,7,130,31" hai1="97,74,48,109,70,126,118,103,117,11,54,27,112" hai2="79,111,44,72,90,1,61,42,8,94,4,52,60" hai3="77,129,63,114,57,16,28,17,22,73,49,53,36"/><T66/><D105/><U92/><E74/><V0/><F111/><W135/><G114/><T83/><D98/><U51/><E109/><V68/><F0/><W100/><G129/><T121/><D121/><U115/><E70/><V119/><F119/><W38/><G135/><T89/><D130/><U75/><E75/><V67/><F72/><W46/><G100/><T62/><D32/><U20/><E126/><V127/><F79/><W116/><G116/><T122/><D3/><U58/><E11/><V24/><F24/><W14/><G28/><T134/><D134/><U37/><E37/><V131/><F131/><W6/><G6/><N who="0" m="2059" /><D122/><U93/><E93/><V133/><F133/><W41/><REACH who="3" step="1"/><G17/><REACH who="3" ten="318,250,250,172" step="2"/><T64/><D31/><N who="1" m="17895" /><E117/><V39/><F127/><W56/><G56/><N who="0" m="36935" /><D21/><U104/><E118/><V108/><F108/><W84/><G84/><AGARI ba="1,1" hai="12,13,15,65,66,83,84,89" m="36935,2059" machi="84" ten="30,2900,0" yaku="8,1,52,1" doraHai="81" who="0" fromWho="3" sc="318,42,250,0,250,0,172,-32" /><INIT seed="0,2,0,0,0,89" ten="360,250,250,140" oya="0" hai0="36,117,79,35,69,130,99,39,24,103,76,44,135" hai1="2,59,58,121,74,108,105,98,6,47,119,21,116" hai2="50,23,124,94,13,26,78,15,57,28,84,41,14" hai3="100,22,85,67,109,51,45,123,111,120,46,1,19"/><T0/><D117/><U31/><E74/><V64/><F124/><W9/><G1/><T62/><D130/><U33/><E121/><N who="3" m="46666" /><G100/><T52/><D0/><U133/><E33/><V54/><F64/><W11/><G67/><N who="0" m="41207" /><D135/><U125/><E133/><V112/><F112/><W70/><G70/><T3/><D3/><U73/><E73/><V113/><F113/><W56/><G56/><T25/><D25/><U95/><E105/><V16/><F41/><N who="3" m="25007" /><G46/><T77/><D52/><U115/><E47/><V37/><F37/><W29/><G29/><N who="0" m="19879" /><D44/><U68/><E68/><V86/><F78/><W134/><G134/><T34/><D34/><U132/><E59/><V80/><F80/><W81/><G22/><T60/><D60/><U129/><E58/><V107/><F107/><AGARI ba="2,0" hai="36,39,76,77,79,99,103,107" m="19879,41207" machi="107" ten="30,1500,0" yaku="25,1" doraHai="89" who="0" fromWho="2" sc="360,21,250,0,250,-21,140,0" /><INIT seed="0,3,0,3,5,55" ten="381,250,229,140" oya="0" hai0="127,23,0,28,130,45,112,52,6,132,24,110,47" hai1="113,121,44,116,37,25,12,70,92,64,49,108,77" hai2="48,33,38,9,56,101,98,106,126,27,133,65,1" hai3="118,73,87,120,57,95,41,79,124,88,76,29,80"/><T62/><D112/><U14/><E37/><V97/><F38/><W119/><G29/><T74/><D74/><U34/><E116/><N who="3" m="44586" /><G57/><N who="0" m="35111" /><D0/><U30/><E121/><V5/><F133/><W32/><G41/><T75/><D75/><U122/><E108/><V82/><F126/><W100/><G32/><T83/><D6/><U43/><E77/><N who="3" m="29770" /><G124/><T17/><D127/><U7/><E122/><V40/><F82/><W20/><G20/><N who="0" m="15367" /><D83/><U42/><E7/><V16/><F33/><W53/><G120/><T63/><D110/><U26/><E26/><V2/><F2/><W131/><G53/><T89/><D132/><U78/><E70/><V135/><F135/><W60/><G60/><T86/><D63/><U51/><E30/><V94/><F40/><W46/><G46/><T61/><D61/><U50/><E44/><V71/><F71/><W96/><G131/><T67/><D67/><U85/><E64/><V125/><F125/><W123/><G123/><T115/><D130/><U107/><E43/><V4/><F4/><W31/><G31/><T58/><D58/><U91/><E42/><V59/><F65/><W102/><G73/><T111/><D111/><U54/><E34/><V103/><REACH who="2" step="1"/><F48/><REACH who="2" ten="381,250,219,140" step="2"/><W35/><G35/><T105/><D115/><U15/><E50/><V134/><F134/><W19/><G19/><T84/><D17/><U128/><E51/><V69/><F69/><W66/><G66/><T90/><D47/><U21/><E113/><V114/><F114/><W10/><G10/><T22/><D45/><U93/><E49/><V72/><F72/><W13/><G13/><RYUUKYOKU ba="3,1" sc="381,-15,250,-15,219,15,140,15" hai2="1,5,9,16,27,56,59,94,97,98,101,103,106" hai3="80,87,88,95,96,100,102" /><INIT seed="1,4,1,4,1,116" ten="366,235,234,155" oya="1" hai0="16,31,107,48,59,74,110,24,77,90,84,27,7" hai1="37,45,85,117,35,68,88,36,25,81,38,75,61" hai2="44,82,46,29,134,10,9,13,115,47,8,105,92" hai3="96,132,125,76,91,15,28,119,106,0,93,109,114"/><U32/><E117/><V123/><F105/><W33/><G114/><T4/><D110/><U72/><E45/><V102/><F115/><W65/><G109/><T108/><D108/><U42/><E42/><V6/><F134/><W112/><G112/><T30/><D107/><U41/><E41/><V89/><F29/><N who="0" m="10762" /><D77/><U73/><REACH who="1" step="1"/><E25/><REACH who="1" ten="366,225,234,155" step="2"/><V122/><F47/><W121/><G119/><T21/><D24/><U5/><E5/><V86/><F46/><W54/><G132/><T56/><D7/><U1/><E1/><V67/><F44/><W94/><G0/><T79/><D4/><U83/><E83/><V118/><F118/><W98/><G33/><T40/><D40/><U99/><E99/><V64/><F6/><W97/><G98/><T43/><D43/><U130/><E130/><V58/><F13/><W12/><G15/><T63/><D27/><U78/><E78/><V129/><F129/><W3/><G76/><T135/><D79/><U18/><E18/><V111/><F111/><W22/><G3/><T17/><D16/><U62/><E62/><V66/><F58/><W19/><G12/><N who="0" m="9383" /><D135/><U120/><E120/><V50/><F50/><W2/><G121/><T51/><D59/><U23/><E23/><V60/><F60/><W53/><G22/><T87/><D63/><U124/><E124/><V26/><F26/><W57/><G57/><T104/><D56/><U133/><E133/><V127/><F127/><W69/><G125/><T131/><D131/><U55/><E55/><V39/><F39/><W126/><G126/><T80/><D48/><U14/><E14/><RYUUKYOKU ba="4,2" sc="366,-15,225,15,234,15,155,-15" hai1="32,35,36,37,38,61,68,72,73,75,81,85,88" hai2="8,9,10,64,66,67,82,86,89,92,102,122,123" /><INIT seed="1,5,2,1,0,4" ten="351,240,249,140" oya="1" hai0="95,56,122,89,41,65,40,11,97,82,58,114,16" hai1="51,17,98,86,34,100,133,106,35,102,121,23,99" hai2="59,0,22,78,70,112,130,68,38,104,55,120,45" hai3="37,116,10,124,96,132,76,14,113,54,74,48,83"/><U94/><E121/><V123/><F104/><W101/><G113/><T85/><D114/><U90/><E133/><V75/><F22/><W87/><G132/><T20/><D122/><U84/><E51/><V25/><F25/><W105/><G124/><T73/><D73/><U129/><E129/><V46/><F0/><W107/><G116/><T79/><D11/><U52/><E52/><V30/><F30/><W8/><G37/><T81/><D81/><U63/><E63/><V42/><F112/><W67/><G67/><T108/><D108/><U125/><E86/><V36/><F78/><W50/><G105/><T91/><D79/><U28/><E28/><V71/><F75/><W13/><G74/><T53/><D65/><U27/><E125/><V31/><F31/><W61/><G61/><N who="0" m="35983" /><D58/><U57/><E57/><V29/><F29/><W128/><G128/><T115/><D115/><U21/><E21/><V3/><F3/><W80/><G80/><AGARI ba="5,2" hai="17,23,27,34,35,80,84,90,94,98,99,100,102,106" machi="80" ten="30,1500,0" yaku="7,1" doraHai="4" who="1" fromWho="3" sc="351,0,240,50,249,0,140,-30" /><INIT seed="1,6,0,0,3,31" ten="351,290,249,110" oya="1" hai0="45,112,11,88,34,47,94,101,19,56,68,100,8" hai1="61,102,20,7,106,73,33,95,80,92,13,23,72" hai2="76,6,98,135,10,1,79,67,108,75,87,12,39" hai3="52,63,69,90,84,57,29,64,128,15,121,113,65"/><U82/><E106/><V86/><F67/><W60/><G113/><T120/><D34/><U131/><E33/><V119/><F75/><W85/><G128/><T32/><D32/><U104/><E104/><V116/><F39/><W2/><G2/><T99/><D68/><U105/><E105/><V91/><F1/><W130/><G130/><T28/><D28/><U53/><E7/><V17/><F6/><W9/><G29/><T0/><D112/><U25/><E131/><V42/><F42/><W133/><G133/><T46/><D120/><U22/><E13/><V78/><F135/><W40/><G40/><T77/><D77/><U111/><E25/><V96/><F108/><W41/><G41/><T24/><D56/><U54/><E61/><V107/><F87/><W70/><G121/><T132/><D132/><U117/><E102/><N who="0" m="39529" /><D0/><U48/><E48/><V74/><F74/><N who="1" m="28777" /><E117/><V55/><F107/><W89/><G85/><T123/><D123/><U110/><E92/><N who="2" m="54391" /><F119/><W43/><G43/><T26/><D24/><U118/><E95/><V66/><F116/><W37/><G37/><T4/><D4/><U51/><E118/><V83/><F83/><N who="1" m="31785" /><E51/><V59/><F66/><W50/><REACH who="3" step="1"/><G84/><REACH who="3" ten="351,290,249,100" step="2"/><T16/><D26/><U93/><E93/><V14/><F12/><W62/><G62/><AGARI ba="6,1" hai="10,14,17,55,59,62,76,78,79,96,98" m="54391" machi="62" ten="30,1000,0" yaku="8,1" doraHai="31" who="2" fromWho="3" sc="351,0,290,0,249,38,100,-28" /><INIT seed="2,0,0,4,3,113" ten="351,290,287,72" oya="2" hai0="10,0,39,46,94,28,81,124,111,109,13,100,74" hai1="19,89,57,31,24,73,88,117,98,21,112,16,70" hai2="58,18,99,30,123,65,127,2,106,110,83,95,3" hai3="62,59,126,66,60,75,41,33,47,116,72,12,67"/><V87/><F123/><W8/><G126/><T130/><D124/><U14/><E70/><V25/><F106/><W20/><G33/><T15/><D28/><U54/><E73/><V97/><F127/><W114/><G20/><T129/><D0/><U108/><E117/><V26/><F97/><W50/><G114/><T61/><D61/><U125/><E108/><N who="0" m="41545" /><D100/><U6/><E112/><V79/><F110/><W103/><G103/><T38/><D94/><N who="1" m="56647" /><E125/><V115/><F115/><W36/><G116/><T96/><D96/><U35/><E35/><V93/><F93/><W102/><G102/><T78/><D46/><U104/><E89/><V7/><F7/><W131/><G131/><N who="0" m="50187" /><D13/><U34/><E34/><V9/><F30/><W133/><G133/><T40/><D40/><U92/><E92/><V4/><F2/><W23/><G23/><T85/><D74/><U119/><E119/><V128/><F128/><W53/><G72/><T71/><D71/><U5/><E104/><V120/><F3/><W80/><G75/><T22/><D22/><N who="1" m="11543" /><E31/><V29/><F29/><W101/><G101/><T43/><D43/><U1/><E1/><V55/><F95/><W17/><REACH who="3" step="1"/><G80/><REACH who="3" ten="351,290,287,62" step="2"/><T68/><D68/><U42/><E42/><V45/><F83/><W44/><G44/><T11/><D10/><U118/><E118/><V37/><F9/><W64/><AGARI ba="0,1" hai="8,12,17,36,41,47,50,53,59,60,62,64,66,67" machi="64" ten="30,2000,0" yaku="1,1,0,1,53,0" doraHai="113" doraHaiUra="27" who="3" fromWho="3" sc="351,-5,290,-5,287,-10,62,30" /><INIT seed="3,0,0,0,4,7" ten="346,285,277,92" oya="3" hai0="34,61,36,63,43,38,49,41,94,25,26,108,121" hai1="117,78,21,3,89,91,9,114,112,53,90,48,68" hai2="59,77,129,24,125,113,46,47,110,134,19,101,96" hai3="119,135,97,70,2,37,55,122,127,79,35,81,14"/><W111/><RYUUKYOKU type="yao9" ba="0,0" sc="346,0,285,0,277,0,92,0" hai3="2,14,35,37,55,70,79,81,97,111,119,122,127,135" /><INIT seed="3,1,0,4,1,81" ten="346,285,277,92" oya="3" hai0="61,17,96,91,33,75,129,120,134,108,133,43,6" hai1="76,128,54,95,119,63,106,59,70,51,86,111,36" hai2="121,114,102,47,127,49,7,5,57,65,99,58,38" hai3="50,131,93,104,84,37,116,89,56,83,46,29,110"/><W53/><G116/><T20/><D108/><U39/><E106/><V30/><F114/><W98/><G131/><T11/><D120/><U25/><E111/><V21/><F38/><W22/><G110/><T135/><D33/><U109/><E128/><V14/><F121/><W35/><G35/><T44/><D129/><U16/><E109/><V34/><F34/><W12/><G104/><T28/><D28/><U26/><E119/><V13/><F13/><W41/><G12/><N who="0" m="9255" /><D75/><U123/><E123/><V124/><F30/><W10/><G10/><T88/><D61/><U105/><E105/><V118/><F118/><W97/><REACH who="3" step="1"/><G83/><REACH who="3" ten="346,285,277,82" step="2"/><T115/><D115/><U100/><E26/><AGARI ba="1,1" hai="22,26,29,37,41,46,50,53,56,84,89,93,97,98" machi="26" ten="40,12000,1" yaku="1,1,2,1,52,1,53,2" doraHai="81" doraHaiUra="92" who="3" fromWho="1" sc="346,0,285,-123,277,0,82,133" /><INIT seed="3,2,0,3,0,30" ten="346,162,277,215" oya="3" hai0="10,90,92,119,118,81,117,115,50,89,2,122,114" hai1="12,47,72,38,93,130,131,105,28,15,68,29,76" hai2="3,61,135,108,49,96,54,132,5,88,85,21,80" hai3="97,19,116,57,109,14,110,67,78,52,32,11,125"/><W82/><G116/><T120/><D2/><U102/><E68/><V34/><F108/><N who="3" m="41579" /><G125/><T75/><D10/><U86/><E105/><V55/><F34/><W31/><G67/><T25/><D25/><U123/><E72/><V128/><F128/><N who="1" m="49193" /><E123/><N who="0" m="47145" /><D50/><U23/><E76/><V87/><F96/><W103/><G31/><N who="1" m="11850" /><E86/><V63/><F21/><W77/><G82/><T58/><D58/><U101/><E93/><V36/><F36/><W51/><G32/><T46/><D46/><U26/><E47/><V53/><F49/><W37/><G37/><T113/><D92/><AGARI ba="2,0" hai="11,14,19,51,52,57,77,78,92,97,103" m="41579" machi="92" ten="30,5800,0" yaku="14,1,10,1,54,1" doraHai="30" who="3" fromWho="0" sc="346,-64,162,0,277,0,215,64" /><INIT seed="3,3,0,2,2,71" ten="282,162,277,279" oya="3" hai0="108,52,18,116,39,133,40,96,85,0,34,105,90" hai1="89,122,112,99,124,129,130,93,16,37,75,25,77" hai2="7,57,46,134,10,100,47,81,94,102,45,111,29" hai3="118,58,11,35,76,123,101,119,28,135,127,32,82"/><W50/><G123/><T27/><D116/><U61/><E122/><V63/><F111/><W59/><G101/><T9/><D108/><U70/><E112/><V128/><F128/><N who="1" m="49257" /><E124/><V60/><F134/><W88/><G135/><T72/><D72/><U13/><E25/><V121/><F121/><W115/><G115/><T113/><D133/><U65/><E77/><V8/><F81/><W20/><G76/><T36/><D40/><U44/><E75/><V30/><F60/><W78/><G78/><T67/><D67/><U49/><E49/><V74/><F74/><W91/><G50/><T107/><D105/><U2/><E2/><V98/><F102/><W33/><G127/><T24/><D107/><U86/><E44/><V23/><F23/><W15/><G20/><T56/><D113/><U92/><E37/><V1/><REACH who="2" step="1"/><F8/><REACH who="2" ten="282,162,267,279" step="2"/><W109/><G11/><T38/><D9/><N who="1" m="6191" /><E93/><V104/><F104/><W43/><G118/><T80/><D80/><U131/><N who="1" m="49265" /><U103/><DORA hai="132" /><E103/><V3/><F3/><W87/><G119/><T54/><D0/><U126/><E126/><V69/><F69/><W62/><G109/><T97/><D34/><U120/><E120/><V79/><F79/><W83/><G33/><T110/><D110/><U117/><E117/><V48/><F48/><W125/><G125/><T95/><D38/><U64/><E64/><AGARI ba="3,1" hai="1,7,10,29,30,45,46,47,57,63,64,94,98,100" machi="64" ten="40,8000,1" yaku="1,1,53,4" doraHai="71,132" doraHaiUra="41,5" who="2" fromWho="1" sc="282,0,162,-89,267,99,279,0" /><INIT seed="4,0,0,0,2,92" ten="282,73,366,279" oya="0" hai0="56,105,24,131,46,106,107,23,99,58,37,68,17" hai1="74,45,35,114,69,126,16,94,29,84,19,15,119" hai2="122,50,1,0,25,108,44,8,39,102,135,62,96" hai3="26,63,121,72,2,41,87,128,60,3,64,77,42"/><T14/><D131/><U78/><E119/><V7/><F39/><W52/><G72/><T30/><D68/><U32/><E69/><V104/><F108/><W88/><G77/><T109/><D109/><U129/><E129/><V5/><F122/><W111/><G111/><T113/><D113/><U81/><E126/><V134/><F25/><W70/><G128/><T34/><REACH who="0" step="1"/><D99/><REACH who="0" ten="272,73,366,279" step="2"/><U31/><E114/><V123/><F123/><W98/><G98/><T93/><D93/><U95/><E95/><V110/><F110/><W51/><G121/><T127/><D127/><U86/><E94/><V75/><F75/><W90/><G87/><T36/><D36/><U115/><E115/><V22/><F96/><W20/><G3/><T13/><D13/><U38/><E74/><V47/><F1/><W33/><G2/><T10/><D10/><U89/><E15/><V73/><F73/><W112/><G112/><T9/><D9/><U133/><E38/><V67/><F0/><W85/><G85/><T100/><D100/><U118/><E81/><V76/><F102/><W21/><G70/><T55/><D55/><U48/><E118/><V130/><F130/><W61/><G52/><T79/><D79/><U4/><E78/><V57/><F76/><W82/><G82/><T43/><AGARI ba="0,1" hai="14,17,23,24,30,34,37,43,46,56,58,105,106,107" machi="43" ten="40,3900,0" yaku="1,1,0,1,53,0" doraHai="92" doraHaiUra="117" who="0" fromWho="0" sc="272,49,73,-13,366,-13,279,-13" /><INIT seed="4,1,0,4,0,67" ten="321,60,353,266" oya="0" hai0="117,46,125,55,58,18,97,69,43,35,133,93,7" hai1="96,4,79,64,103,89,95,81,135,0,36,106,98" hai2="13,127,91,47,12,48,37,126,102,85,107,9,94" hai3="49,5,109,75,6,70,101,71,54,1,52,134,24"/><T10/><D117/><U68/><E36/><V21/><F37/><W3/><G109/><T112/><D112/><U72/><E135/><V83/><F107/><W11/><G134/><T124/><D35/><U63/><E4/><V104/><F104/><W34/><G75/><T66/><D18/><U41/><E41/><V78/><F21/><W44/><G101/><T92/><D133/><U99/><REACH who="1" step="1"/><E0/><REACH who="1" ten="321,50,353,266" step="2"/><V20/><F127/><W128/><G6/><T123/><D43/><U53/><E53/><V130/><F126/><W32/><G1/><T84/><D124/><U120/><E120/><V132/><F132/><W29/><G54/><T22/><D123/><U131/><E131/><V90/><F130/><W60/><G128/><T129/><D129/><U80/><E80/><V50/><F83/><W121/><G121/><T26/><D125/><U105/><E105/><V115/><F94/><W15/><G3/><T113/><D93/><U88/><E88/><V62/><F91/><W86/><G52/><T45/><D55/><U17/><E17/><V23/><F90/><W25/><G5/><T39/><D92/><U27/><E27/><V28/><F102/><W14/><G25/><T51/><D26/><U100/><E100/><V40/><F40/><W119/><G24/><T33/><D7/><U76/><E76/><V38/><F78/><W57/><G14/><T111/><D39/><U42/><E42/><V118/><F38/><W59/><G15/><T108/><D108/><U16/><E16/><V2/><F2/><W30/><G30/><T73/><D111/><U122/><E122/><RYUUKYOKU ba="1,1" sc="321,-10,50,30,353,-10,266,-10" hai1="63,64,68,72,79,81,89,95,96,98,99,103,106" /><INIT seed="5,2,1,3,0,69" ten="311,80,343,256" oya="1" hai0="3,75,85,106,47,107,123,36,52,37,120,9,132" hai1="91,19,81,40,68,126,108,63,24,110,78,104,57" hai2="117,135,50,21,28,131,87,95,31,109,86,34,51" hai3="88,35,96,74,42,29,32,14,77,71,82,48,55"/><U46/><E104/><N who="0" m="39977" /><D75/><U73/><E68/><V92/><F34/><W16/><G71/><T38/><D85/><U60/><E126/><V11/><F11/><W125/><G125/><T72/><D72/><U6/><E6/><V18/><F109/><N who="1" m="42089" /><E91/><V118/><F131/><W65/><G65/><T129/><D129/><U90/><E90/><V116/><F135/><W134/><G42/><N who="0" m="22999" /><D52/><N who="1" m="33831" /><E63/><V22/><F118/><W102/><G134/><T128/><D128/><U8/><E8/><V119/><F119/><W133/><G133/><T79/><D79/><U97/><E97/><V7/><F7/><W115/><G88/><T122/><D132/><U1/><E1/><V45/><F117/><W70/><G70/><T39/><D9/><U17/><E24/><V67/><F116/><W10/><G96/><T89/><D89/><U124/><E124/><V61/><F61/><W101/><G101/><T2/><AGARI ba="2,1" hai="2,3,36,37,39,120,122,123" m="22999,39977" machi="2" ten="50,12000,2" yaku="13,1,23,1,52,4" doraHai="69" who="0" fromWho="0" sc="311,136,80,-62,343,-32,256,-32" /><INIT seed="6,0,0,2,4,68" ten="447,18,311,224" oya="2" hai0="4,73,70,39,119,122,111,125,77,37,9,135,32" hai1="69,126,62,88,19,129,16,81,45,102,38,107,105" hai2="89,33,108,115,94,43,104,85,60,75,2,36,134" hai3="15,21,26,63,40,78,27,14,123,95,47,65,90"/><V28/><F60/><W71/><G123/><T13/><D122/><U57/><E69/><V3/><F104/><W10/><G78/><T128/><D111/><U98/><E129/><V46/><F108/><W20/><G20/><T18/><D128/><U34/><E34/><V50/><F75/><W49/><G10/><T99/><D125/><U110/><E110/><V48/><F115/><W93/><G93/><T84/><D84/><U120/><E107/><V35/><F134/><W130/><G130/><T118/><D135/><U132/><E132/><V56/><F48/><W100/><G100/><T113/><D113/><U117/><E117/><N who="0" m="44553" /><D18/><U121/><E126/><V6/><F6/><W91/><G91/><T114/><D32/><U44/><E120/><V1/><F28/><W25/><G25/><T53/><D70/><U23/><E121/><V55/><AGARI ba="0,0" hai="1,2,3,33,35,36,43,46,50,55,56,85,89,94" machi="55" ten="40,3900,0" yaku="0,1,52,1" doraHai="68" who="2" fromWho="2" sc="447,-13,18,-13,311,39,224,-13" /><INIT seed="6,1,0,3,2,125" ten="434,5,350,211" oya="2" hai0="1,66,41,84,63,31,17,74,70,110,130,35,37" hai1="101,8,5,116,132,30,23,95,43,60,87,28,134" hai2="72,94,76,20,4,21,71,115,78,50,103,10,123" hai3="26,2,61,86,91,124,105,97,112,52,15,126,93"/><V3/><F123/><W75/><G75/><T51/><D110/><U127/><E127/><V102/><F71/><W64/><G64/><T114/><D74/><U99/><E116/><V88/><F115/><W106/><G112/><T55/><D114/><U135/><E43/><V68/><F68/><W32/><G2/><T24/><D130/><U69/><E23/><V0/><F0/><W6/><G26/><T131/><D131/><U34/><E34/><V62/><F62/><W58/><G32/><T108/><D108/><U118/><E118/><V104/><F104/><W45/><G106/><T73/><D73/><U25/><E87/><V107/><F107/><W42/><G105/><T49/><D84/><U57/><E69/><V85/><F50/><W89/><G6/><T16/><D1/><N who="1" m="47" /><E25/><V133/><F133/><N who="1" m="34049" /><U48/><DORA hai="18" /><E48/><V80/><REACH who="2" step="1"/><F76/><REACH who="2" ten="434,5,340,211" step="2"/><W90/><G124/><T47/><D49/><U113/><E113/><V121/><F121/><W129/><G126/><T27/><D24/><U54/><AGARI ba="1,1" hai="28,30,54,57,60,95,99,101" m="34049,47" machi="54" ten="40,1500,0" yaku="20,1" doraHai="125,18" who="1" fromWho="1" sc="434,-5,5,28,340,-8,211,-5" /><INIT seed="7,0,0,5,2,113" ten="429,33,332,206" oya="3" hai0="20,97,71,128,115,94,133,108,64,101,7,45,126" hai1="4,18,90,50,59,66,14,85,54,34,89,91,106" hai2="38,107,37,127,70,95,130,2,117,23,134,92,75" hai3="46,81,49,65,1,82,109,16,120,26,131,52,17"/><W111/><G120/><T53/><D108/><N who="3" m="41545" /><G1/><T84/><D7/><U60/><E34/><V102/><F23/><N who="3" m="13671" /><G131/><T55/><D115/><U104/><E104/><V29/><F29/><W122/><G122/><T63/><D128/><U10/><E4/><V96/><F95/><W74/><G74/><T56/><D126/><U61/><E61/><V48/><F92/><W13/><G65/><T39/><D133/><U87/><E87/><V129/><F129/><W21/><AGARI ba="0,0" hai="13,17,21,46,49,52,81,82" m="13671,41545" machi="21" ten="30,6000,0" yaku="10,1,54,2" doraHai="113" who="3" fromWho="3" sc="429,-20,33,-20,332,-20,206,60" /><INIT seed="7,1,0,3,3,68" ten="409,13,312,266" oya="3" hai0="50,80,94,40,4,36,42,27,35,113,75,91,111" hai1="64,112,41,116,17,58,100,57,59,127,34,124,115" hai2="103,88,134,99,23,45,87,77,117,129,110,133,82" hai3="24,39,2,49,5,119,16,90,70,38,19,32,121"/><W131/><G119/><T7/><D111/><U84/><E34/><V108/><F23/><W106/><G121/><T105/><D36/><U97/><E84/><V101/><F45/><W109/><G106/><T0/><D105/><U14/><E97/><V89/><F117/><W66/><G109/><N who="2" m="42089" /><F129/><W20/><G131/><T81/><D0/><U33/><E33/><V47/><F47/><W55/><G70/><T126/><D126/><U128/><E100/><N who="2" m="38475" /><F99/><W69/><G66/><T18/><D113/><U12/><E17/><V125/><F125/><W44/><G69/><T73/><D18/><U79/><E79/><V76/><F76/><W6/><G32/><T96/><D27/><U1/><E128/><V11/><F11/><W37/><G2/><T130/><D130/><U22/><E1/><V83/><F83/><N who="0" m="31818" /><D35/><U25/><E116/><V120/><F120/><W78/><G78/><T86/><D75/><U118/><E118/><V61/><F61/><W52/><G90/><AGARI ba="1,0" hai="77,82,87,88,89,90,133,134" m="38475,42089" machi="90" ten="30,3900,0" yaku="34,2,54,1" doraHai="68" who="2" fromWho="3" sc="409,0,13,0,312,42,266,-42" owari="409,52.0,13,-49.0,354,15.0,224,-18.0" /></mjloggm>