<mjloggm ver="2.3"><GO type="169" lobby="0"/><UN n0="%72%65%6F%5F%42%42" n1="%6B%6F%7A%61%6B%69%6E%67" n2="%E3%83%AB%E3%83%8D%E3%82%B9%E3%82%BF" n3="%E3%82%A6%E3%83%AB%E3%83%88%E3%83%A9%E7%AB%8B%E7%9B%B4" dan="16,17,16,17" rate="2109.17,2174.65,2102.72,2212.86" sx="M,M,M,M"/><TAIKYOKU oya="0"/><INIT seed="0,0,0,4,0,35" ten="250,250,250,250" oya="0" hai0="90,20,45,111,65,50,91,75,123,51,18,135,134" hai1="39,85,62,14,17,81,64,72,23,103,42,5,48" hai2="47,56,119,109,78,71,8,121,108,55,33,107,83" hai3="100,2,106,46,113,95,37,40,44,59,1,60,11"/><T21/><D123/><U13/><E72/><V22/><F33/><W122/><G113/><T98/><D75/><U80/><E39/><V88/><F71/><W34/><G106/><T133/><D111/><N who="2" m="42570" /><F107/><W57/><G34/><T52/><D65/><U110/><E110/><V124/><F121/><W70/><G122/><T19/><D21/><U53/><E42/><V132/><F132/><W102/><G70/><T97/><D97/><U25/><E103/><V58/><F124/><W94/><G11/><T9/><D9/><U61/><E64/><V127/><F127/><W128/><G60/><T101/><D18/><U43/><E43/><V29/><F8/><W27/><G40/><T129/><D51/><U99/><E99/><V116/><F88/><W41/><G41/><T120/><D129/><U15/><E5/><V130/><F47/><W49/><G49/><T24/><REACH who="0" step="1"/><D120/><REACH who="0" ten="240,250,250,250" step="2"/><U12/><N who="1" m="3072" /><DORA hai="3" /><U126/><E126/><V0/><F22/><W54/><G128/><T26/><D26/><U117/><E48/><V87/><F130/><W67/><G67/><T68/><D68/><U31/><E17/><V112/><F116/><W105/><G27/><T69/><D69/><U30/><E25/><V63/><F119/><W104/><REACH who="3" step="1"/><G54/><REACH who="3" ten="240,250,250,240" step="2"/><T16/><D16/><U96/><E53/><V125/><F55/><W118/><G118/><T92/><AGARI ba="0,2" hai="19,20,24,45,50,52,90,91,92,98,101,133,134,135" machi="92" ten="30,11700,0" yaku="1,1,0,1,20,1,54,1,53,0" doraHai="35,3" doraHaiUra="73,28" who="0" fromWho="0" sc="240,137,250,-39,250,-39,240,-39" /><INIT seed="0,1,0,0,2,62" ten="377,211,211,201" oya="0" hai0="39,111,106,76,4,27,11,56,75,78,113,54,134" hai1="72,96,61,90,124,93,85,10,3,47,37,105,66" hai2="13,118,60,59,133,130,34,32,92,2,127,44,18" hai3="80,65,126,15,102,121,41,50,55,99,31,123,22"/><T115/><D106/><U119/><E119/><V74/><F118/><W110/><G41/><T125/><D39/><U71/><E124/><V95/><F74/><W6/><G80/><T73/><D134/><U108/><E72/><V79/><F2/><W51/><G110/><T107/><D107/><U21/><E108/><V132/><F127/><W129/><G129/><T19/><D111/><U77/><E77/><V57/><F79/><W33/><G33/><N who="2" m="12905" /><F44/><W112/><G112/><T82/><D125/><U109/><E109/><V8/><F59/><W104/><G126/><T68/><D68/><U29/><E47/><V135/><F130/><W116/><G116/><T128/><D19/><U70/><E37/><V40/><F40/><W46/><G51/><T100/><D27/><U17/><E29/><V36/><F36/><W84/><G84/><T63/><D100/><U91/><E71/><V26/><F26/><W20/><G31/><T87/><D128/><U89/><E105/><V120/><F120/><W52/><G55/><AGARI ba="1,0" hai="8,13,18,55,57,60,92,95,132,133,135" m="12905" machi="55" ten="40,1300,0" yaku="20,1" doraHai="62" who="2" fromWho="3" sc="377,0,211,0,211,16,201,-16" /><INIT seed="1,0,0,2,3,16" ten="377,211,227,185" oya="1" hai0="71,20,99,50,79,14,133,55,4,66,102,21,98" hai1="22,47,127,126,76,116,31,62,135,74,110,128,73" hai2="111,53,120,43,114,42,48,17,38,86,46,125,64" hai3="112,132,60,19,10,87,13,1,88,108,68,113,23"/><U24/><E116/><V28/><F120/><W129/><G108/><T77/><D71/><U41/><E76/><N who="0" m="29257" /><D133/><U18/><E135/><V65/><F111/><W84/><G132/><T93/><D66/><U49/><E110/><V131/><F114/><W101/><G101/><T45/><D99/><U32/><E128/><V81/><F131/><W70/><G129/><T123/><D123/><U107/><E107/><V25/><F17/><W56/><G70/><T83/><D83/><U78/><E62/><V15/><F15/><W103/><G68/><T33/><D33/><U89/><E89/><V124/><F25/><W97/><G1/><T11/><AGARI ba="0,0" hai="4,11,14,20,21,45,50,55,93,98,102" m="29257" machi="11" ten="30,4000,0" yaku="8,1,52,2" doraHai="16" who="0" fromWho="0" sc="377,40,211,-20,227,-10,185,-10" /><INIT seed="2,0,0,1,0,84" ten="417,191,217,175" oya="2" hai0="1,115,67,79,0,60,44,47,42,69,100,12,82" hai1="93,108,9,57,98,85,33,17,31,112,6,78,77" hai2="7,46,14,70,124,133,74,126,107,88,96,61,20" hai3="55,22,101,135,36,62,41,48,132,89,104,86,117"/><V52/><F74/><W90/><G117/><T10/><D115/><U35/><E112/><V134/><F70/><W8/><G36/><T50/><D100/><U130/><E130/><V4/><F107/><W11/><G101/><T95/><D95/><U106/><E108/><V92/><F20/><W45/><G104/><T65/><D47/><U91/><E17/><V51/><F61/><W83/><G22/><T19/><D67/><U131/><E131/><V87/><F96/><W21/><G21/><T103/><D103/><U71/><E71/><V114/><F114/><W43/><G135/><N who="2" m="51721" /><F14/><W105/><G105/><T72/><AGARI ba="0,0" hai="0,1,10,12,19,42,44,50,60,65,69,72,79,82" machi="72" ten="20,1500,0" yaku="0,1,7,1" doraHai="84" who="0" fromWho="0" sc="417,15,191,-4,217,-7,175,-4" /><INIT seed="3,0,0,5,5,15" ten="432,187,210,171" oya="3" hai0="71,4,74,78,25,16,77,124,35,75,131,122,0" hai1="92,134,98,86,49,31,56,37,45,95,33,107,127" hai2="61,96,70,22,67,18,93,39,105,63,90,10,80" hai3="135,6,114,52,113,72,106,40,1,32,89,65,51"/><W26/><G40/><T64/><D122/><U29/><E134/><V118/><F118/><W2/><G72/><T121/><D121/><U81/><E127/><V28/><F105/><W88/><G106/><T14/><D14/><U5/><E37/><V13/><F39/><W76/><G76/><T44/><D44/><U109/><E109/><V38/><F38/><W27/><G65/><T125/><D4/><U101/><E5/><V58/><F80/><W85/><G135/><T53/><D53/><U100/><E56/><V120/><F120/><W46/><G89/><T23/><D0/><U60/><E60/><V94/><F93/><W24/><G32/><T55/><D55/><U59/><E59/><V103/><F63/><W108/><G108/><T66/><D35/><U132/><E132/><V129/><F129/><W110/><G110/><T7/><D7/><U97/><E33/><V83/><F70/><W128/><G128/><T133/><D133/><U68/><E107/><V50/><F50/><W126/><G126/><N who="0" m="48747" /><D131/><U119/><E68/><V62/><F62/><W117/><G117/><T47/><D47/><U87/><E119/><V91/><F83/><W82/><REACH who="3" step="1"/><G6/><REACH who="3" ten="432,187,210,161" step="2"/><T48/><D66/><U12/><E100/><V84/><F84/><W41/><G41/><T42/><D64/><U43/><E101/><V112/><F112/><AGARI ba="0,1" hai="1,2,24,26,27,46,51,52,82,85,88,112,113,114" machi="112" ten="40,7700,0" yaku="1,1,54,2,53,0" doraHai="15" doraHaiUra="73" who="3" fromWho="2" sc="432,0,187,0,210,-77,161,87" /><INIT seed="3,1,0,5,5,111" ten="432,187,133,248" oya="3" hai0="116,74,85,135,93,63,56,27,45,0,95,42,58" hai1="28,32,89,76,132,41,24,90,104,88,7,127,4" hai2="126,82,106,17,59,55,130,64,3,48,62,97,15" hai3="77,109,100,124,120,54,119,14,84,36,34,123,69"/><W18/><G119/><T16/><D116/><U98/><E132/><V2/><F126/><W102/><G34/><T65/><D74/><U107/><E127/><V121/><F121/><W110/><G69/><T99/><D0/><U47/><E76/><V33/><F33/><W101/><G36/><T115/><D135/><U79/><E79/><V44/><F130/><W37/><G37/><T23/><D115/><U68/><E68/><V80/><F2/><W19/><G54/><T73/><D73/><U75/><E75/><V112/><F3/><W12/><G124/><T72/><D72/><U128/><E128/><V66/><F66/><W70/><G70/><T31/><D58/><U39/><REACH who="1" step="1"/><E98/><REACH who="1" ten="432,177,133,248" step="2"/><V67/><F97/><W105/><G77/><T71/><D71/><U125/><E125/><V50/><F112/><W22/><G84/><T51/><D85/><U92/><E92/><N who="0" m="35401" /><D99/><U30/><E30/><AGARI ba="1,1" hai="16,23,27,30,31,42,45,51,56,63,65" m="35401" machi="30" ten="30,2000,0" yaku="8,1,54,1" doraHai="111" who="0" fromWho="1" sc="432,33,177,-23,133,0,248,0" /><INIT seed="4,0,0,1,5,27" ten="465,154,133,248" oya="0" hai0="114,122,38,126,22,2,45,49,54,19,60,72,62" hai1="121,30,119,77,92,109,131,51,23,124,13,40,25" hai2="35,88,100,73,37,64,9,127,95,74,70,10,83" hai3="0,106,33,69,82,94,110,63,41,7,87,52,115"/><T42/><D72/><U135/><E121/><V78/><F37/><W34/><G106/><T111/><D2/><U6/><E119/><V58/><F70/><W96/><G41/><T21/><D122/><U16/><E131/><V108/><F74/><W36/><G36/><T85/><D114/><U104/><E109/><V57/><F108/><W3/><G69/><T31/><D126/><U50/><E124/><V44/><F127/><W120/><G34/><T55/><D55/><U11/><E104/><V134/><F134/><W47/><G33/><T103/><D103/><U71/><E71/><V15/><F35/><W91/><G110/><T4/><D4/><U48/><E135/><V61/><F100/><W129/><G120/><T130/><D130/><U65/><E65/><V20/><F44/><W117/><G117/><T76/><D22/><U101/><E77/><V90/><F58/><W29/><G7/><T26/><D19/><U99/><REACH who="1" step="1"/><E30/><REACH who="1" ten="465,144,133,248" step="2"/><V53/><F64/><W79/><G29/><T113/><D113/><U56/><E56/><V59/><F57/><N who="3" m="35239" /><G115/><T132/><D132/><U133/><E133/><V125/><F125/><W112/><G129/><T39/><D111/><U67/><E67/><V46/><F46/><AGARI ba="0,1" hai="6,11,13,16,23,25,40,46,48,50,51,92,99,101" machi="46" ten="40,8000,1" yaku="1,1,8,1,54,1,53,1" doraHai="27" doraHaiUra="97" who="1" fromWho="2" sc="465,0,144,90,133,-80,248,0" /><INIT seed="5,0,0,0,2,19" ten="465,234,53,248" oya="1" hai0="85,73,62,78,121,95,77,133,48,90,37,92,47" hai1="88,120,50,118,87,107,3,57,109,125,68,79,24" hai2="4,5,123,10,16,129,49,39,65,134,42,59,15" hai3="112,27,93,29,104,1,66,44,22,8,128,84,76"/><U14/><E120/><V0/><F123/><W51/><G104/><T74/><D37/><U6/><E107/><V2/><F39/><W34/><G112/><T17/><D133/><U94/><E118/><V30/><F42/><W38/><G38/><T105/><D105/><U114/><E114/><V41/><F41/><W126/><G66/><T45/><D62/><U89/><E125/><V115/><F115/><W28/><G126/><T61/><D61/><U67/><E3/><N who="2" m="1067" /><F65/><W75/><G75/><T12/><D74/><U98/><E109/><V91/><F91/><W70/><G51/><T82/><D121/><U25/><E68/><V127/><F59/><W32/><G44/><T108/><D78/><U9/><E67/><V106/><F49/><W18/><G76/><T21/><D45/><U116/><E79/><V100/><F100/><W11/><G70/><T97/><D108/><U130/><E116/><V33/><F106/><W110/><G93/><T54/><D97/><U52/><E130/><V58/><F58/><W46/><G46/><T131/><D131/><U122/><E122/><V81/><F81/><AGARI ba="0,0" hai="12,17,21,47,48,54,73,77,81,82,85,90,92,95" machi="81" ten="30,2000,0" yaku="7,1,52,1" doraHai="19" who="0" fromWho="2" sc="465,20,234,0,53,-20,248,0" /><AGARI ba="0,0" hai="6,9,14,24,25,50,52,57,81,87,88,89,94,98" machi="81" ten="30,11600,0" yaku="7,1,8,1,54,2" doraHai="19" who="1" fromWho="2" sc="485,0,234,116,33,-116,248,0" owari="485,58.0,350,15.0,-83,-58.0,248,-15.0" /></mjloggm>