<mjloggm ver="2.3"><GO type="169" lobby="0"/><UN n0="%E8%A3%8F%E6%A0%97%E6%8B%BE%E3%81%84" n1="%E6%9D%BE%E5%B3%B6" n2="%E3%83%80%E3%83%9C" n3="%E3%82%A6%E3%83%AB%E3%83%88%E3%83%A9%E7%AB%8B%E7%9B%B4" dan="17,16,16,17" rate="2128.97,2090.06,2080.62,2152.03" sx="M,M,M,M"/><TAIKYOKU oya="0"/><INIT seed="0,0,0,4,5,51" ten="250,250,250,250" oya="0" hai0="0,31,84,115,54,41,21,62,82,114,72,28,66" hai1="92,70,63,135,86,112,95,49,33,39,69,24,78" hai2="118,104,101,43,42,9,11,57,60,61,121,77,37" hai3="64,117,102,67,97,73,110,113,13,8,16,5,68"/><T10/><D72/><U85/><E39/><V88/><F121/><W53/><G73/><T40/><D54/><U26/><E112/><V48/><F37/><W47/><G113/><T14/><D115/><U83/><E135/><V122/><F122/><W127/><G117/><T76/><D114/><U46/><E33/><V124/><F77/><W55/><G127/><T18/><D0/><U106/><E106/><V87/><F124/><W111/><G47/><T89/><D76/><U128/><E128/><V96/><F118/><W131/><G131/><T99/><D99/><U15/><E15/><V74/><F74/><W91/><G91/><T81/><D81/><U105/><E105/><V132/><F132/><W71/><G5/><T100/><D100/><U36/><E36/><V25/><F25/><W29/><G29/><T90/><D90/><U7/><E7/><V23/><F23/><W80/><G80/><T4/><D4/><U107/><E107/><V126/><F126/><W133/><G133/><T38/><D38/><U103/><E63/><V125/><F61/><N who="3" m="39951" /><G71/><T22/><D31/><U44/><E83/><V130/><F130/><W98/><G67/><T108/><D108/><N who="3" m="41513" /><G98/><T2/><D2/><U27/><E78/><V52/><F125/><W65/><G65/><T45/><D45/><U56/><E70/><V12/><F60/><W1/><G1/><T34/><D34/><U6/><E69/><V109/><F96/><W50/><G50/><T75/><D75/><U93/><E103/><V30/><F109/><W35/><G35/><T119/><D119/><U32/><E32/><RYUUKYOKU ba="0,0" sc="250,-10,250,-10,250,-10,250,30" hai3="8,13,16,53,55,97,102" /><INIT seed="1,1,0,5,5,127" ten="240,240,240,280" oya="1" hai0="53,93,12,59,19,120,66,111,9,123,82,110,122" hai1="33,14,55,38,16,75,72,129,73,21,25,80,118" hai2="36,54,62,94,64,78,101,87,40,23,7,51,26" hai3="49,83,102,89,35,68,30,132,130,56,116,85,57"/><U41/><E118/><V2/><F40/><W50/><G68/><T133/><D133/><U81/><E129/><V74/><F36/><W34/><G116/><T5/><D66/><U112/><E112/><V135/><F135/><W8/><G132/><T20/><D93/><U69/><E69/><V11/><F74/><W4/><G102/><T37/><D82/><U103/><E103/><V96/><F87/><W121/><G121/><T124/><D37/><U128/><E128/><V0/><F78/><W10/><G130/><T71/><D71/><U76/><E55/><V125/><F125/><W61/><G30/><T119/><D119/><U91/><E41/><V115/><F115/><W48/><G56/><T39/><D39/><U24/><E38/><V95/><F95/><W27/><G27/><T97/><D97/><U106/><E106/><V105/><F105/><W43/><G43/><T117/><D117/><U28/><REACH who="1" step="1"/><E24/><REACH who="1" ten="240,230,240,280" step="2"/><V65/><F54/><W60/><G61/><N who="0" m="36079" /><D124/><U84/><AGARI ba="1,1" hai="14,16,21,25,28,33,72,73,75,76,80,81,84,91" machi="84" ten="30,6000,0" yaku="1,1,0,1,54,1,53,0" doraHai="127" doraHaiUra="58" who="1" fromWho="1" sc="240,-21,230,73,240,-21,280,-21" /><INIT seed="1,2,0,4,1,56" ten="219,303,219,259" oya="1" hai0="0,38,34,39,42,132,109,61,35,77,54,37,88" hai1="118,29,31,85,22,2,116,46,21,4,79,20,62" hai2="81,67,96,98,93,26,73,105,19,126,103,80,113" hai3="66,91,107,101,57,72,40,32,92,68,90,78,115"/><U7/><E46/><V94/><F26/><W108/><G115/><T95/><D0/><U117/><E79/><V59/><F19/><W114/><G114/><T133/><D42/><U9/><E85/><V30/><F30/><N who="1" m="11273" /><E62/><V1/><F1/><W64/><G108/><T43/><D43/><U17/><E2/><V128/><F113/><W8/><G68/><T99/><D77/><U110/><E110/><V82/><F59/><W70/><G32/><T60/><D54/><U87/><E87/><V112/><F67/><W44/><G70/><T11/><D109/><U63/><E63/><N who="0" m="24137" /><D11/><U111/><E111/><V10/><F10/><W84/><G8/><T12/><D12/><AGARI ba="2,0" hai="4,7,9,12,17,20,21,22,116,117,118" m="11273" machi="12" ten="40,3900,0" yaku="34,2" doraHai="56" who="1" fromWho="0" sc="219,-45,303,45,219,0,259,0" /><INIT seed="1,3,0,0,5,85" ten="174,348,219,259" oya="1" hai0="0,51,131,59,89,125,91,102,16,97,108,101,93" hai1="43,114,135,15,129,84,35,14,26,116,72,18,132" hai2="42,96,27,128,77,69,2,45,81,113,25,48,70" hai3="87,11,118,95,1,61,47,100,79,28,60,90,54"/><U44/><E116/><V124/><F2/><W133/><G118/><T86/><D0/><U23/><E72/><V13/><F124/><W56/><G133/><N who="1" m="51274" /><E114/><V7/><F128/><W19/><G28/><T110/><D125/><U98/><E98/><V49/><F113/><W120/><G120/><T78/><D131/><U67/><E67/><V4/><F96/><W38/><G100/><T10/><D78/><U39/><E129/><V32/><F70/><W123/><G123/><T111/><D51/><U31/><E84/><N who="2" m="48175" /><F69/><W74/><G74/><T83/><REACH who="0" step="1"/><D59/><REACH who="0" ten="164,348,219,259" step="2"/><U126/><E126/><V57/><F49/><W64/><G56/><T20/><D20/><U52/><E52/><V80/><F32/><W105/><G54/><T55/><D55/><U41/><E41/><V8/><F57/><W17/><G64/><T119/><D119/><U104/><E44/><V73/><F45/><W75/><G47/><T62/><D62/><U106/><E43/><V9/><F42/><W112/><G61/><T107/><D107/><U127/><E39/><V21/><F48/><W82/><G60/><T99/><D99/><U115/><E127/><V94/><F73/><W40/><G112/><T58/><D58/><U88/><E115/><V65/><F65/><W121/><G121/><T3/><D3/><U134/><E106/><V50/><F50/><W34/><G34/><T36/><D36/><U46/><E104/><V5/><F21/><W6/><G105/><T117/><D117/><U66/><E46/><V29/><F9/><W76/><G76/><T109/><N who="0" m="28160" /><DORA hai="24" /><T30/><D30/><RYUUKYOKU ba="3,1" sc="164,15,348,-15,219,-15,259,15" hai0="10,16,83,86,89,91,93,97,101,102" hai3="1,6,11,17,19,38,40,75,79,82,87,90,95" /><INIT seed="2,4,1,2,4,65" ten="179,333,204,274" oya="2" hai0="51,130,71,85,133,21,77,129,37,53,116,34,115" hai1="135,87,93,4,67,126,99,74,66,33,113,28,52" hai2="68,109,7,23,16,24,8,107,48,86,105,62,9" hai3="104,125,80,108,47,36,30,18,83,97,55,42,69"/><V13/><F109/><W89/><G108/><T54/><D115/><U122/><E74/><V117/><F117/><W75/><G30/><T82/><D116/><U6/><E113/><V92/><F48/><W96/><G125/><T88/><D34/><U131/><E131/><V12/><F86/><W2/><G104/><T31/><D37/><U32/><E122/><V5/><F92/><W41/><G2/><T27/><D133/><U100/><E126/><V120/><F120/><W127/><G127/><T110/><D110/><U94/><E135/><V98/><F98/><W78/><G42/><T58/><D77/><U132/><E132/><V63/><F62/><W43/><G43/><T26/><D26/><U25/><E32/><V50/><F50/><W102/><G55/><T64/><REACH who="0" step="1"/><D53/><REACH who="0" ten="169,333,204,274" step="2"/><U84/><E25/><V112/><F112/><W81/><G78/><T101/><D101/><U49/><E33/><V17/><F17/><W35/><G18/><T38/><D38/><U106/><E28/><V134/><F134/><W124/><G124/><T39/><D39/><U19/><E19/><V70/><F63/><AGARI ba="4,2" hai="21,27,31,51,54,58,63,64,71,82,85,88,129,130" machi="63" ten="40,5200,0" yaku="1,1,52,1,54,1,53,0" doraHai="65" doraHaiUra="72" who="0" fromWho="2" sc="169,84,333,0,204,-64,274,0" /><INIT seed="3,0,0,5,2,126" ten="253,333,140,274" oya="3" hai0="20,44,81,132,42,62,123,5,45,134,127,83,15" hai1="24,113,53,100,77,32,97,118,6,87,96,74,4" hai2="66,41,119,38,95,131,67,115,120,39,18,114,133" hai3="110,135,34,111,17,92,76,121,89,58,22,99,64"/><W108/><G34/><T9/><D123/><U129/><E118/><V60/><F95/><W69/><G121/><T37/><D127/><U49/><E113/><V104/><F104/><W65/><G69/><T102/><D102/><U94/><E129/><V73/><F73/><W16/><G135/><N who="0" m="51755" /><D62/><U70/><E70/><V105/><F105/><W23/><G76/><T36/><D20/><N who="3" m="7721" /><G58/><T117/><D117/><U75/><E75/><V98/><F98/><W61/><G61/><T112/><D112/><U47/><E96/><V27/><F120/><W125/><G125/><T10/><D9/><U48/><E74/><V93/><F119/><W14/><G14/><T43/><AGARI ba="0,0" hai="5,10,15,36,37,42,43,44,45,81,83" m="51755" machi="43" ten="30,1100,0" yaku="20,1" doraHai="126" who="0" fromWho="0" sc="253,11,333,-3,140,-3,274,-5" /><INIT seed="4,0,0,1,4,79" ten="264,330,137,269" oya="0" hai0="60,133,68,50,37,77,20,117,38,35,125,110,75" hai1="30,112,15,40,82,45,53,34,128,4,64,9,116" hai2="69,24,39,18,12,13,47,66,22,54,21,90,132" hai3="43,2,17,59,10,87,93,81,101,42,57,114,65"/><T85/><D35/><U106/><E116/><V33/><F33/><W71/><G71/><T111/><D117/><U3/><E106/><V56/><F132/><W29/><G29/><T55/><D133/><U46/><E64/><V129/><F129/><W8/><G2/><T14/><D75/><U72/><E128/><V119/><F119/><W44/><G114/><T100/><D100/><U88/><E112/><V1/><F1/><W98/><G65/><N who="0" m="40999" /><D125/><U122/><E122/><V67/><F69/><W108/><G108/><N who="0" m="41515" /><D77/><U130/><E130/><V80/><F12/><W84/><G84/><T58/><D85/><N who="1" m="50231" /><E34/><V96/><F47/><N who="1" m="17929" /><E3/><V123/><F39/><W124/><G124/><T89/><D89/><U121/><E40/><V73/><F123/><W127/><G127/><T86/><D86/><U61/><E72/><V49/><F73/><W41/><G44/><T131/><D131/><U0/><E0/><V102/><F102/><W126/><G126/><T104/><D104/><U113/><E113/><V105/><F105/><W76/><G43/><T28/><D37/><U95/><E121/><V99/><F99/><W109/><G42/><T92/><D92/><U19/><E95/><N who="2" m="56439" /><F80/><W62/><G41/><T115/><D115/><U74/><E74/><V16/><AGARI ba="0,0" hai="13,16,18,21,22,24,49,54,56,66,67" m="56439" machi="16" ten="30,2000,0" yaku="8,1,54,1" doraHai="79" who="2" fromWho="2" sc="264,-10,330,-5,137,20,269,-5" /><INIT seed="5,0,0,1,3,81" ten="254,325,157,264" oya="1" hai0="134,50,114,16,119,101,53,83,49,2,63,120,20" hai1="27,111,37,21,88,40,75,122,28,105,110,30,80" hai2="24,55,72,14,7,32,78,97,19,64,18,85,38" hai3="71,79,87,103,41,29,132,131,36,104,31,44,118"/><U116/><E105/><V70/><F72/><W125/><G71/><T123/><D119/><U109/><E116/><V52/><F38/><W11/><G118/><T17/><D2/><U89/><E122/><N who="0" m="46633" /><D114/><U39/><E30/><V5/><F32/><W115/><G115/><T102/><D134/><U107/><E107/><V96/><F24/><W99/><G132/><T124/><D124/><U0/><E0/><V84/><F78/><W43/><G125/><T23/><D63/><U33/><E33/><V56/><F70/><W133/><G133/><T61/><D61/><U67/><E67/><V135/><F135/><W13/><G131/><T95/><D83/><U94/><E40/><V47/><F64/><W91/><G43/><T58/><D49/><U62/><E62/><N who="2" m="36103" /><F19/><N who="0" m="7242" /><D95/><U127/><E127/><V126/><F126/><W57/><G36/><N who="1" m="13898" /><E94/><V113/><F113/><W9/><G104/><T46/><D58/><U42/><E42/><V108/><F47/><W128/><G44/><T93/><D93/><U65/><E65/><V35/><F55/><W1/><G41/><T34/><D34/><U74/><E74/><V59/><F35/><W4/><G57/><T10/><D10/><U73/><E73/><V76/><F59/><W106/><G11/><T15/><D15/><U26/><E26/><V86/><F76/><AGARI ba="0,0" hai="21,27,28,75,76,80,88,89,109,110,111" m="13898" machi="76" ten="40,3900,0" yaku="10,1,54,1" doraHai="81" who="1" fromWho="2" sc="254,0,325,39,157,-39,264,0" /><INIT seed="5,1,0,5,0,44" ten="254,364,118,264" oya="1" hai0="38,126,25,73,75,28,9,128,109,78,66,10,85" hai1="36,102,47,134,118,101,104,60,50,15,6,112,24" hai2="107,39,64,41,49,113,88,87,110,77,20,119,21" hai3="80,0,90,51,40,103,46,130,72,35,117,34,53"/><U65/><E118/><V19/><F39/><W127/><G117/><T115/><D109/><U131/><E131/><V100/><F77/><W3/><G130/><T124/><D128/><U27/><E112/><V33/><F33/><W86/><G127/><N who="0" m="48683" /><D38/><U43/><E134/><V106/><F110/><W76/><G103/><T42/><D42/><U83/><E36/><V122/><F119/><W1/><REACH who="3" step="1"/><G40/><REACH who="3" ten="254,364,118,254" step="2"/><T67/><D115/><U82/><E102/><V135/><F100/><W97/><G97/><T89/><D73/><U81/><E101/><V79/><F122/><W105/><G105/><T62/><D75/><U5/><E104/><V114/><F107/><W56/><G56/><N who="0" m="37191" /><D67/><U129/><E129/><V63/><F106/><W4/><G4/><T7/><D7/><U58/><E5/><V13/><F64/><W2/><N who="3" m="0" /><DORA hai="31" /><W57/><G57/><T120/><D120/><U70/><E70/><V92/><F113/><W52/><G52/><T116/><D116/><U11/><AGARI ba="1,1" hai="6,11,15,24,27,43,47,50,58,60,65,81,82,83" machi="11" ten="30,6000,0" yaku="0,1,8,1,52,1" doraHai="44,31" who="1" fromWho="1" sc="254,-21,364,73,118,-21,254,-21" /><INIT seed="5,2,0,2,4,86" ten="233,437,97,233" oya="1" hai0="78,44,103,47,54,117,36,60,120,1,91,12,41" hai1="56,110,5,24,113,14,37,88,89,114,35,75,76" hai2="93,94,0,133,19,130,96,80,85,108,57,15,121" hai3="62,82,64,40,95,112,23,109,55,49,125,26,123"/><U119/><E119/><V100/><F0/><W25/><G109/><T9/><D117/><U116/><E116/><V97/><F121/><W124/><G123/><T33/><D120/><U99/><E99/><V68/><F68/><W128/><G40/><T11/><D33/><U111/><E37/><V45/><F108/><N who="1" m="41513" /><E56/><V8/><F130/><W115/><G82/><T69/><D103/><U118/><E118/><V20/><F133/><W79/><G79/><T101/><D101/><U81/><E14/><V83/><F57/><N who="3" m="33007" /><G95/><T50/><D78/><U13/><E5/><V63/><F63/><W105/><G105/><T34/><D34/><U77/><E77/><V61/><F61/><W72/><G72/><T98/><D1/><U4/><E4/><V32/><F32/><W129/><G26/><T92/><D12/><U39/><E39/><V104/><F104/><W29/><G129/><T2/><D2/><U6/><E6/><V18/><F45/><W48/><G48/><T74/><D74/><U127/><E127/><N who="3" m="48714" /><G128/><T22/><D69/><AGARI ba="2,0" hai="23,25,29,62,64,69,112,115" m="48714,33007" machi="69" ten="30,1000,0" yaku="18,1" doraHai="86" who="3" fromWho="0" sc="233,-16,437,0,97,0,233,16" /><INIT seed="6,0,0,4,5,129" ten="217,437,97,249" oya="2" hai0="73,12,75,132,99,114,7,104,110,111,60,28,81" hai1="86,66,21,82,102,95,15,30,55,9,31,77,120" hai2="93,49,91,78,80,125,72,10,134,100,85,118,103" hai3="135,20,89,41,106,123,17,84,70,36,64,4,43"/><V53/><F118/><W42/><G123/><T24/><D114/><U128/><E120/><V108/><F108/><W79/><G106/><T69/><D12/><U127/><E128/><V63/><F63/><W6/><G36/><T22/><D7/><U74/><E74/><V87/><F10/><W56/><G70/><T130/><D130/><U67/><E55/><V35/><F35/><W119/><G79/><T115/><D115/><U61/><E127/><V40/><F40/><W5/><G135/><T109/><D81/><U121/><E121/><V98/><F125/><W26/><G119/><T51/><D51/><U62/><E21/><V131/><F131/><W13/><G56/><T105/><D105/><U48/><E48/><V101/><REACH who="2" step="1"/><F134/><REACH who="2" ten="217,437,87,249" step="2"/><W133/><G133/><T18/><D132/><U112/><E112/><V47/><AGARI ba="0,1" hai="47,49,53,72,78,80,85,87,91,93,98,100,101,103" machi="47" ten="30,6000,0" yaku="1,1,2,1,0,1,53,0" doraHai="129" doraHaiUra="16" who="2" fromWho="2" sc="217,-20,437,-20,87,70,249,-20" /><INIT seed="6,1,0,0,5,93" ten="197,417,157,229" oya="2" hai0="36,40,94,117,91,48,135,110,57,64,71,28,53" hai1="127,63,80,74,31,95,101,82,65,129,41,34,66" hai2="17,114,103,85,84,134,133,42,102,38,120,22,99" hai3="58,131,30,21,56,47,126,60,122,128,50,0,89"/><V15/><F120/><W121/><G0/><T88/><D110/><U16/><E129/><N who="3" m="49738" /><G89/><T24/><D135/><N who="2" m="51722" /><F114/><W25/><G126/><T69/><D117/><U90/><E127/><V54/><F103/><W61/><G58/><T125/><D125/><U13/><E101/><V2/><F2/><W62/><G56/><T100/><D100/><U77/><E41/><AGARI ba="1,0" hai="21,25,30,41,47,50,60,61,62,121,122" m="49738" machi="41" ten="30,1000,0" yaku="19,1" doraHai="93" who="3" fromWho="1" sc="197,0,417,-13,157,0,229,13" /><INIT seed="7,0,0,0,1,66" ten="197,404,157,242" oya="3" hai0="83,36,72,56,27,103,61,32,97,67,45,43,49" hai1="115,39,28,96,33,124,40,84,46,50,29,123,81" hai2="102,129,93,106,26,122,101,38,60,54,51,30,114" hai3="68,7,132,89,113,23,98,77,134,99,3,73,128"/><W53/><G7/><T111/><D111/><U21/><E123/><V0/><F38/><W16/><G3/><T65/><D65/><U5/><E115/><V80/><F106/><W85/><G77/><T130/><D130/><U119/><E124/><V48/><F0/><W86/><G73/><T24/><D32/><U17/><E119/><V75/><F114/><W34/><G53/><T41/><D41/><U19/><E39/><V12/><F122/><W63/><G34/><T35/><D35/><U2/><E2/><V59/><F129/><W78/><G78/><T88/><D36/><U1/><E1/><V10/><F80/><W52/><G86/><N who="0" m="50271" /><D72/><U82/><E96/><V4/><F75/><W25/><G128/><T13/><D13/><U58/><E5/><V112/><F112/><W105/><G105/><T8/><D8/><U71/><E71/><V117/><F117/><W15/><G15/><T37/><D37/><U87/><E58/><V133/><F133/><W126/><G126/><T31/><D31/><N who="1" m="11851" /><E21/><V125/><F125/><W100/><G100/><T62/><D62/><U6/><E6/><V55/><F93/><AGARI ba="0,0" hai="24,27,43,45,49,56,61,67,93,97,103" m="50271" machi="93" ten="30,2000,0" yaku="8,1,54,1" doraHai="66" who="0" fromWho="2" sc="197,20,404,0,157,-20,242,0" owari="217,-18.0,404,50.0,137,-36.0,242,4.0" /></mjloggm>