<mjloggm ver="2.3"><GO type="169" lobby="0"/><UN n0="%EF%BC%A4%EF%BC%B2%EF%BC%AF%EF%BC%B0" n1="%E3%83%88%E3%83%88%E3%83%AA%E5%85%88%E7%94%9F%31%39%E6%AD%B3" n2="%63%72%69%74%74%65%72" n3="%44%4F%57%EF%BC%81" dan="18,18,16,16" rate="2208.25,2301.51,2121.70,2016.19" sx="M,F,M,M"/><TAIKYOKU oya="0"/><INIT seed="0,0,0,4,2,76" ten="250,250,250,250" oya="0" hai0="2,26,18,103,51,113,61,16,88,96,1,97,133" hai1="41,56,45,9,3,55,105,93,27,36,75,67,119" hai2="127,12,80,95,78,85,37,35,121,102,134,114,131" hai3="122,94,4,57,31,90,7,25,118,112,73,46,65"/><T117/><D113/><U42/><E119/><V63/><F114/><W111/><G112/><T24/><D117/><U48/><E105/><V110/><F37/><W82/><G118/><T14/><D133/><U44/><E75/><V62/><F35/><W17/><G111/><T29/><D61/><U135/><E135/><V40/><F121/><W129/><G129/><T8/><D18/><U79/><E79/><V104/><F40/><W98/><G46/><T123/><D123/><U10/><E3/><V0/><F0/><W116/><G116/><T15/><D15/><U106/><E106/><V54/><F110/><W115/><G115/><T120/><D120/><U92/><E67/><V74/><F134/><W22/><G122/><T70/><D70/><U6/><E27/><V99/><F131/><W66/><G65/><T13/><D13/><U58/><E58/><V128/><F128/><W49/><G31/><T47/><D1/><U19/><E19/><V33/><F33/><W69/><G69/><T43/><D2/><U81/><E6/><V11/><F127/><W100/><G73/><T125/><D125/><U130/><E130/><V5/><F54/><N who="3" m="31951" /><G66/><T60/><D60/><N who="1" m="35871" /><E9/><V53/><F53/><W77/><G77/><T38/><D38/><U89/><E10/><V87/><F87/><AGARI ba="0,0" hai="4,7,17,22,25,82,87,90,94,98,100" m="31951" machi="87" ten="30,2000,0" yaku="8,1,52,1" doraHai="76" who="3" fromWho="2" sc="250,0,250,0,250,-20,250,20" /><INIT seed="1,0,0,2,5,102" ten="250,250,230,270" oya="1" hai0="58,23,73,121,114,119,35,131,88,47,33,48,126" hai1="135,125,17,116,50,44,46,99,68,15,60,81,19" hai2="134,53,10,104,117,111,7,71,120,70,49,34,90" hai3="29,109,52,113,94,59,76,132,64,30,31,28,13"/><U37/><E116/><V92/><F117/><W124/><G113/><T69/><D119/><U89/><E135/><V22/><F120/><W65/><G109/><T86/><D69/><U56/><E68/><V1/><F111/><W21/><G124/><T57/><D73/><U39/><E125/><V25/><F134/><W51/><G132/><T77/><D77/><U5/><E5/><V54/><F34/><W106/><G106/><T18/><D114/><U93/><E81/><V11/><F11/><W85/><N who="3" m="7680" /><DORA hai="72" /><W4/><G4/><T66/><D126/><U97/><E19/><V95/><F104/><W98/><G98/><T74/><D74/><U14/><E14/><V78/><F78/><W20/><G20/><T110/><D110/><U16/><E17/><V42/><F42/><W118/><G118/><T101/><D101/><U24/><E24/><V43/><F43/><W75/><G75/><T133/><D133/><U107/><E107/><V62/><F62/><W84/><G84/><T32/><D131/><U83/><E83/><V3/><F3/><W100/><G100/><T105/><D105/><U8/><E99/><N who="2" m="57751" /><F95/><W6/><G6/><T40/><D121/><U38/><REACH who="1" step="1"/><E50/><REACH who="1" ten="250,240,230,270" step="2"/><V67/><F49/><W55/><G13/><T129/><D35/><U2/><E2/><V123/><F123/><W127/><G127/><T36/><D33/><U45/><E45/><V103/><F71/><W128/><G51/><T122/><D32/><U61/><E61/><V91/><F70/><W27/><G27/><T79/><D122/><U9/><E9/><V108/><F25/><RYUUKYOKU ba="0,1" sc="250,-10,240,30,230,-10,270,-10" hai1="8,15,16,37,38,39,44,46,56,60,89,93,97" /><INIT seed="1,1,1,0,0,46" ten="240,270,220,260" oya="1" hai0="114,72,65,42,77,37,111,9,80,27,104,7,134" hai1="51,57,29,85,25,53,98,100,14,18,10,55,52" hai2="108,35,49,86,105,60,107,40,69,128,75,30,122" hai3="43,97,73,32,38,8,16,17,94,92,112,64,91"/><U67/><E85/><V45/><F122/><W110/><G112/><T11/><D114/><U3/><E3/><V19/><F75/><W118/><G32/><T106/><D111/><U12/><E12/><V54/><F108/><W22/><G110/><T24/><D65/><U130/><E130/><V116/><F116/><W87/><G73/><T28/><D134/><U31/><E67/><V0/><F128/><W117/><G64/><T48/><D11/><U109/><E109/><V127/><F0/><W103/><G8/><T6/><D6/><U99/><E31/><V61/><F127/><W93/><G94/><T26/><D28/><U5/><E5/><V78/><F35/><W15/><REACH who="3" step="1"/><G17/><REACH who="3" ten="240,270,220,250" step="2"/><T39/><D104/><U133/><E133/><V102/><F19/><W47/><AGARI ba="1,2" hai="15,16,22,38,43,47,87,91,92,93,97,103,117,118" machi="47" ten="30,12000,2" yaku="1,1,2,1,0,1,54,1,53,2" doraHai="46" doraHaiUra="89" who="3" fromWho="3" sc="240,-31,270,-61,220,-31,250,143" /><INIT seed="2,0,0,2,4,117" ten="209,209,189,393" oya="2" hai0="67,113,11,133,37,129,63,104,6,114,46,59,94" hai1="74,81,83,10,115,100,68,30,97,126,84,120,31" hai2="62,125,127,27,80,45,44,110,79,56,40,15,53" hai3="82,54,130,21,18,69,16,33,51,14,86,20,8"/><V112/><F112/><W12/><G69/><T42/><D104/><U111/><E115/><V124/><F110/><W107/><G107/><T34/><D34/><U119/><E119/><V102/><F102/><W43/><G33/><T103/><D133/><U23/><E68/><V7/><F27/><W118/><G118/><T78/><D129/><U38/><E38/><V1/><F1/><W9/><G43/><T122/><D122/><U87/><E126/><V106/><F106/><W88/><G130/><T77/><D77/><U116/><E74/><V108/><F108/><W3/><G3/><T60/><D78/><U99/><E116/><V128/><F128/><W93/><G82/><T0/><D103/><U73/><E73/><N who="2" m="43119" /><F40/><W48/><G48/><T19/><D94/><U98/><E100/><V41/><F41/><W61/><G61/><T26/><D60/><U22/><E99/><V72/><F72/><W92/><G93/><T47/><REACH who="0" step="1"/><D46/><AGARI ba="0,0" hai="8,9,12,14,16,18,20,21,46,51,54,86,88,92" machi="46" ten="30,8000,1" yaku="7,1,9,1,8,1,54,2" doraHai="117" who="3" fromWho="0" sc="209,-80,209,0,189,0,393,80" /><INIT seed="3,0,0,0,2,26" ten="129,209,189,473" oya="3" hai0="80,89,85,77,58,75,29,74,18,126,102,93,118" hai1="63,94,16,99,55,87,30,68,24,113,105,66,35" hai2="96,107,1,0,98,32,114,83,34,12,86,73,2" hai3="110,115,45,128,14,54,5,17,109,51,50,117,41"/><W127/><G117/><T123/><D118/><U52/><E113/><V60/><F114/><W15/><G115/><T36/><D123/><U33/><E33/><V72/><F60/><W37/><G128/><T134/><D36/><U135/><E135/><V28/><F12/><W40/><G127/><T91/><D126/><U10/><E87/><V44/><F44/><W112/><G112/><T101/><D134/><U47/><E47/><V22/><F22/><W79/><G79/><T69/><D69/><U92/><E92/><V62/><F62/><W133/><G133/><T100/><D74/><U76/><E76/><V90/><F107/><W56/><G37/><T82/><D18/><U59/><E59/><V23/><F23/><W31/><G5/><T129/><D58/><U103/><E94/><V106/><F34/><W108/><G40/><T61/><D61/><U49/><E49/><V78/><F106/><W48/><G51/><T65/><D65/><U13/><AGARI ba="0,0" hai="10,13,16,24,30,35,52,55,63,66,68,99,103,105" machi="13" ten="30,12000,2" yaku="0,1,25,2,52,1,54,2" doraHai="26" who="1" fromWho="1" sc="129,-30,209,120,189,-30,473,-60" /><INIT seed="4,0,0,4,0,85" ten="99,329,159,413" oya="0" hai0="132,73,123,133,135,39,118,58,11,22,72,89,10" hai1="129,36,55,125,113,91,117,44,90,109,130,69,100" hai2="14,64,1,76,96,112,124,25,105,18,56,51,103" hai3="120,3,24,0,107,47,5,81,62,134,122,75,108"/><T110/><D118/><U4/><E109/><V77/><F1/><W29/><G108/><T93/><D123/><U41/><E117/><V106/><F106/><W34/><G134/><T32/><D110/><U95/><E69/><V57/><F112/><W126/><G126/><T101/><D32/><U27/><E125/><V84/><F124/><W115/><G115/><T52/><D39/><U98/><E113/><V7/><F7/><W121/><G62/><N who="0" m="36167" /><D101/><U19/><E4/><V40/><F25/><W114/><G114/><T79/><D22/><N who="1" m="13791" /><E55/><V46/><F64/><W131/><G131/><AGARI ba="0,0" hai="36,41,44,90,91,95,98,100,129,130,131" m="13791" machi="131" ten="30,3900,0" yaku="19,1,52,2" doraHai="85" who="1" fromWho="3" sc="99,0,329,39,159,0,413,-39" /><INIT seed="5,0,0,3,4,24" ten="99,368,159,374" oya="1" hai0="48,18,26,10,23,129,39,73,116,68,120,25,99" hai1="16,110,9,71,106,97,90,67,5,62,19,51,119" hai2="45,47,30,29,125,4,74,15,133,108,82,86,41" hai3="77,81,43,36,112,53,103,14,70,57,2,121,63"/><U22/><E119/><V135/><F108/><W13/><G121/><T7/><D116/><U6/><E110/><V94/><F125/><W21/><G2/><T35/><D39/><U31/><E51/><V128/><F128/><W111/><G111/><T20/><D129/><U55/><E55/><V92/><F74/><W37/><G112/><T56/><D120/><U11/><E11/><N who="2" m="4583" /><F133/><W66/><G103/><T1/><D68/><U131/><E131/><V126/><F126/><W40/><G37/><T122/><D122/><U64/><E64/><V132/><F132/><W52/><G53/><T102/><D73/><U79/><E79/><V65/><F65/><W78/><G77/><T38/><D38/><U109/><E109/><V44/><F41/><W61/><G36/><T105/><D35/><U85/><E97/><V100/><F135/><W34/><G34/><T98/><D98/><U42/><E106/><V32/><F32/><W104/><G104/><T50/><REACH who="0" step="1"/><D56/><REACH who="0" ten="89,368,159,374" step="2"/><U107/><E71/><V134/><F134/><W83/><G70/><T69/><D69/><U27/><E85/><V12/><F86/><W93/><G57/><T59/><D59/><U60/><E107/><V89/><F47/><W113/><G113/><T123/><D123/><U3/><E3/><V75/><F45/><W58/><G58/><T114/><D114/><U80/><E62/><V117/><F44/><W95/><G66/><T46/><D46/><U124/><E67/><V91/><F75/><W49/><G63/><T72/><D72/><U115/><E60/><V33/><F117/><W88/><G61/><RYUUKYOKU ba="0,1" sc="89,30,368,-10,159,-10,374,-10" hai0="1,7,10,18,20,23,25,26,48,50,99,102,105" /><INIT seed="6,1,1,5,3,112" ten="119,358,149,364" oya="2" hai0="113,1,73,74,57,39,101,82,120,92,28,75,87" hai1="80,68,21,12,52,105,119,111,70,83,24,130,97" hai2="90,45,78,16,58,67,110,122,2,134,11,43,30" hai3="26,44,63,108,115,18,48,89,91,5,13,85,72"/><V3/><F122/><W121/><G121/><T27/><D120/><U64/><E111/><V6/><F110/><W29/><G108/><T36/><D1/><U81/><E119/><V14/><F134/><W56/><G72/><T46/><D113/><U135/><E135/><V96/><F30/><W77/><G5/><T69/><D69/><U22/><E130/><V66/><F78/><W133/><G133/><T42/><D57/><U7/><E64/><V61/><F67/><W20/><G115/><T102/><D92/><U33/><E33/><V15/><F90/><W106/><G106/><T88/><REACH who="0" step="1"/><D39/><REACH who="0" ten="109,358,149,364" step="2"/><U98/><E68/><V100/><F45/><W40/><G56/><T50/><D50/><U79/><E70/><V54/><F66/><W35/><G63/><T32/><AGARI ba="1,2" hai="27,28,32,36,42,46,73,74,75,82,87,88,101,102" machi="32" ten="30,4000,0" yaku="1,1,0,1,54,1,53,0" doraHai="112" doraHaiUra="9" who="0" fromWho="0" sc="109,63,358,-11,149,-21,364,-11" /><INIT seed="7,0,0,4,0,118" ten="172,347,128,353" oya="3" hai0="86,39,69,4,90,107,57,84,67,33,37,110,25" hai1="49,0,76,104,9,46,124,14,64,18,119,38,56" hai2="97,78,92,59,54,95,98,36,20,11,27,21,115" hai3="135,40,83,120,35,123,6,89,53,63,128,51,129"/><W62/><G135/><T101/><D4/><N who="1" m="3367" /><E104/><V122/><F115/><W75/><G35/><T19/><D57/><U28/><E38/><V87/><F36/><W12/><G40/><T105/><D105/><U103/><E0/><V99/><F11/><N who="3" m="4215" /><G63/><N who="0" m="40191" /><D19/><U111/><E111/><V130/><F130/><N who="3" m="50283" /><G62/><T7/><D84/><U74/><E124/><V73/><F73/><W34/><G34/><T30/><D7/><U91/><E74/><V117/><F117/><W47/><G89/><T106/><D106/><U26/><E119/><V96/><F122/><W81/><G81/><N who="0" m="49487" /><D110/><U121/><E121/><V29/><N who="2" m="24576" /><DORA hai="45" /><V80/><REACH who="2" step="1"/><F20/><REACH who="2" ten="172,347,118,353" step="2"/><W133/><G133/><T72/><D72/><U16/><E103/><V50/><AGARI ba="0,1" hai="21,27,29,50,54,59,78,80,87,92,95" m="24576" machi="50" ten="40,12000,2" yaku="1,1,2,1,0,1,8,1,52,1,53,1" doraHai="118,45" doraHaiUra="134,17" who="2" fromWho="2" sc="172,-30,347,-30,118,130,353,-60" owari="142,-36.0,317,42.0,248,-15.0,293,9.0" /></mjloggm>