<mjloggm ver="2.3"><GO type="169" lobby="0"/><UN n0="%E3%81%BB%E3%81%97%E3%81%AE%E3%81%99%E3%81%9A%E3%81%BF" n1="%E3%83%88%E3%83%88%E3%83%AA%E5%85%88%E7%94%9F%31%39%E6%AD%B3" n2="%E3%83%95%E3%83%BC%E3%82%AC" n3="%67%6F%75%73%69" dan="17,18,16,17" rate="2154.81,2282.79,2151.49,2135.26" sx="M,F,M,M"/><TAIKYOKU oya="0"/><INIT seed="0,0,0,2,5,2" ten="250,250,250,250" oya="0" hai0="9,108,111,14,57,101,122,127,94,81,97,83,61" hai1="103,119,72,51,22,27,31,102,123,80,12,13,82" hai2="85,56,117,104,39,88,132,100,69,42,79,89,59" hai3="129,74,54,18,95,109,68,3,63,4,87,134,73"/><T110/><D122/><U62/><E123/><V11/><F69/><W10/><G109/><T67/><REACH who="0" step="1"/><D127/><REACH who="0" ten="240,250,250,250" step="2"/><U99/><E119/><V30/><F117/><W131/><G131/><T64/><D64/><U113/><E113/><V55/><F132/><W38/><G129/><T26/><D26/><U60/><E27/><V15/><F30/><W29/><G29/><T118/><D118/><U32/><E31/><V70/><F70/><W121/><G121/><T1/><D1/><U76/><E13/><V128/><F128/><W34/><G134/><T120/><D120/><U66/><E12/><V133/><F133/><W40/><G68/><T21/><D21/><U124/><E22/><V96/><F15/><W6/><G3/><T112/><D112/><U46/><E66/><V52/><F11/><W5/><G34/><T25/><D25/><U36/><E32/><V50/><F39/><W105/><G10/><T84/><D84/><U114/><E36/><V33/><F33/><W65/><G65/><T16/><AGARI ba="0,1" hai="9,14,16,57,61,67,81,83,94,97,101,108,110,111" machi="16" ten="30,12000,1" yaku="1,1,0,1,14,1,10,1,54,1,53,0" doraHai="2" doraHaiUra="126" who="0" fromWho="0" sc="240,130,250,-40,250,-40,250,-40" /><INIT seed="0,1,0,2,3,28" ten="370,210,210,210" oya="0" hai0="7,1,92,98,19,72,122,61,50,74,104,135,10" hai1="132,73,90,101,38,24,106,82,114,78,52,9,5" hai2="119,53,81,26,91,121,57,89,70,8,27,21,58" hai3="35,115,87,125,84,107,36,93,11,103,99,48,47"/><T41/><D122/><U39/><E132/><V22/><F121/><W83/><G115/><T80/><D104/><U105/><E114/><V3/><F70/><W43/><G125/><T88/><D135/><U65/><E65/><V33/><F119/><W12/><G35/><T63/><D19/><U134/><E134/><V34/><F81/><W120/><G120/><T95/><D95/><U96/><E106/><V6/><F53/><W109/><G109/><T32/><D32/><U79/><E79/><V20/><F20/><W13/><G36/><T133/><D133/><U0/><E24/><V127/><F8/><W2/><G2/><T68/><D68/><U69/><E69/><V124/><F3/><W77/><G13/><T15/><D1/><U128/><E128/><V75/><F75/><W4/><REACH who="3" step="1"/><G107/><REACH who="3" ten="370,210,210,200" step="2"/><T59/><D15/><U67/><E38/><V123/><F123/><W66/><G66/><T31/><D74/><AGARI ba="1,1" hai="4,11,12,43,47,48,74,77,83,84,87,93,99,103" machi="74" ten="30,3900,0" yaku="1,1,7,1,53,1" doraHai="28" doraHaiUra="40" who="3" fromWho="0" sc="370,-42,210,0,210,0,200,52" /><INIT seed="1,0,0,3,0,55" ten="328,210,210,252" oya="1" hai0="30,68,11,53,127,47,57,131,62,49,3,54,112" hai1="107,113,76,24,40,128,116,18,89,56,114,48,66" hai2="8,39,98,100,20,64,93,72,59,94,73,6,126" hai3="34,7,99,129,14,84,86,29,70,28,102,88,23"/><U110/><E116/><V95/><F39/><W97/><G70/><T108/><D112/><U10/><E107/><V135/><F135/><W105/><G34/><T42/><D30/><U5/><E128/><V103/><F126/><W38/><G38/><T91/><D131/><U4/><E76/><V17/><F73/><W75/><G75/><T16/><D127/><U51/><E110/><V19/><F72/><W82/><G129/><T79/><D79/><U106/><E106/><V78/><F78/><W15/><G99/><T123/><D123/><U109/><E109/><V134/><F134/><W65/><G65/><T96/><D3/><U125/><E125/><V60/><F100/><W50/><G50/><N who="1" m="18986" /><E40/><V36/><F36/><W26/><G7/><T21/><D68/><U25/><E113/><V1/><REACH who="2" step="1"/><F19/><REACH who="2" ten="328,210,200,252" step="2"/><W13/><G28/><T80/><D108/><U118/><E114/><V77/><F77/><W69/><G69/><T71/><D71/><U74/><E74/><V37/><F37/><W104/><G104/><T63/><D16/><U58/><E118/><V46/><F46/><W92/><G105/><T124/><D47/><U133/><E133/><V130/><F130/><W120/><G120/><T119/><D124/><U0/><E18/><V101/><F101/><W9/><G102/><T43/><D119/><U90/><E90/><V61/><F61/><W83/><G9/><T41/><D11/><N who="1" m="2439" /><E89/><V45/><F45/><W121/><G121/><T27/><D91/><U22/><E10/><V33/><F33/><W31/><G29/><T81/><D63/><U67/><E22/><RYUUKYOKU ba="0,1" sc="328,-15,210,-15,200,15,252,15" hai2="1,6,8,17,20,59,60,64,93,94,95,98,103" hai3="13,14,15,23,26,31,82,83,84,86,88,92,97" /><INIT seed="2,1,1,4,4,47" ten="313,195,215,267" oya="2" hai0="95,80,54,105,133,115,9,134,16,88,42,116,46" hai1="73,102,5,26,32,85,113,104,37,67,66,20,106" hai2="126,99,23,28,25,0,27,62,103,98,90,19,119" hai3="120,14,83,118,74,128,36,82,12,78,93,86,65"/><V124/><F119/><W18/><G118/><T117/><D115/><U4/><E113/><V64/><F0/><W38/><G120/><T81/><D105/><U72/><E37/><V84/><F84/><W44/><G65/><T100/><D100/><U96/><E32/><V45/><F45/><W108/><G108/><T24/><D54/><U11/><E104/><V55/><F55/><W53/><G12/><N who="0" m="7183" /><D24/><U35/><E5/><V48/><F48/><N who="3" m="28807" /><G93/><T107/><D107/><U43/><E43/><V13/><F90/><N who="3" m="51551" /><G128/><T6/><D6/><U17/><E35/><V91/><F91/><W122/><G122/><T41/><D41/><U77/><E85/><V123/><F123/><W1/><G1/><T131/><D131/><U30/><E73/><V3/><F3/><W87/><G74/><T59/><D59/><U8/><E72/><V69/><F27/><W127/><G127/><N who="2" m="48681" /><F103/><W39/><G39/><T52/><D80/><U129/><E129/><V132/><F132/><N who="0" m="50794" /><D81/><U75/><E75/><V94/><F94/><W112/><G112/><T114/><D114/><U76/><E67/><V10/><AGARI ba="1,1" hai="10,13,19,23,25,28,62,64,69,98,99" m="48681" machi="10" ten="30,1500,0" yaku="18,1" doraHai="47" who="2" fromWho="2" sc="313,-6,195,-6,215,28,267,-6" /><INIT seed="2,2,0,3,0,26" ten="307,189,243,261" oya="2" hai0="40,131,36,28,84,106,20,111,55,69,1,129,118" hai1="92,112,105,130,71,75,7,119,64,132,87,128,76" hai2="29,109,2,41,67,95,127,116,101,5,46,0,13" hai3="49,107,135,12,47,100,8,30,126,57,23,104,51"/><V82/><F116/><W22/><G126/><T66/><D118/><U25/><E119/><V59/><F127/><W98/><G135/><T108/><D1/><U94/><E112/><V63/><F109/><N who="0" m="42058" /><D106/><U77/><E7/><V33/><F82/><W42/><G104/><T53/><D84/><U14/><E14/><V24/><F101/><W70/><G70/><T19/><D28/><U80/><E64/><V52/><F95/><N who="1" m="36393" /><E71/><V17/><F67/><W56/><G49/><T35/><D35/><U121/><E25/><V9/><REACH who="2" step="1"/><F5/><REACH who="2" ten="307,189,233,261" step="2"/><W38/><G107/><T54/><D66/><U91/><E105/><V122/><F122/><W123/><G123/><T3/><D69/><U103/><E121/><V37/><AGARI ba="2,1" hai="0,2,9,13,17,24,29,33,37,41,46,52,59,63" machi="37" ten="20,12000,1" yaku="1,1,0,1,7,1,52,1,54,1,53,0" doraHai="26" doraHaiUra="90" who="2" fromWho="2" sc="307,-42,189,-42,233,136,261,-42" /><INIT seed="2,3,0,2,3,79" ten="265,147,369,219" oya="2" hai0="55,131,75,35,41,80,109,132,96,15,39,5,30" hai1="124,123,11,13,33,40,29,53,70,87,78,31,83" hai2="74,115,88,95,28,86,101,90,81,10,32,50,54" hai3="3,72,117,100,94,68,58,97,82,105,116,9,52"/><V19/><F115/><W21/><G68/><T99/><D131/><U18/><E124/><V110/><F110/><W129/><G129/><T69/><D69/><U67/><E123/><V61/><F74/><W51/><G21/><T130/><D130/><U0/><E33/><V64/><F101/><W62/><G105/><T66/><D66/><U57/><E0/><V77/><F28/><W106/><G106/><T126/><D126/><U133/><E133/><V91/><F32/><W42/><G42/><T134/><D109/><U125/><E125/><V38/><F38/><W16/><G62/><T92/><D41/><U128/><E128/><V45/><F10/><W12/><REACH who="3" step="1"/><G3/><REACH who="3" ten="265,147,369,209" step="2"/><T71/><D71/><U24/><E40/><V1/><F1/><W37/><G37/><T85/><D39/><U120/><E120/><V108/><F108/><W127/><G127/><T36/><D36/><U119/><E119/><V14/><F14/><W60/><G60/><T65/><D15/><U118/><E118/><V34/><F34/><W6/><G6/><T104/><D5/><U63/><E24/><V47/><F61/><AGARI ba="3,1" hai="11,13,18,29,31,53,57,61,63,67,70,78,83,87" machi="61" ten="30,2000,0" yaku="7,1,52,1" doraHai="79" who="1" fromWho="2" sc="265,0,147,39,369,-29,209,0" /><INIT seed="3,0,0,1,1,3" ten="265,186,340,209" oya="3" hai0="100,135,116,15,70,9,120,69,88,35,87,76,46" hai1="98,23,2,11,89,129,1,101,95,22,122,131,48" hai2="20,0,74,66,81,118,57,105,64,45,104,78,91" hai3="77,63,40,94,126,113,133,53,39,103,6,54,44"/><W55/><G113/><T33/><D116/><U41/><E122/><V24/><F118/><W123/><G123/><T83/><D120/><U68/><E68/><V28/><F0/><W75/><G126/><T97/><D135/><U51/><E41/><V32/><F32/><W29/><G29/><T38/><D70/><U25/><E101/><V50/><F91/><W90/><G103/><T4/><D69/><U62/><E62/><V71/><F57/><W109/><G133/><T59/><D59/><U80/><E80/><V42/><REACH who="2" step="1"/><F71/><REACH who="2" ten="265,186,330,209" step="2"/><W16/><G90/><T8/><D76/><U134/><E1/><V128/><F128/><W99/><G77/><T21/><D100/><U49/><E134/><V37/><F37/><W19/><G39/><T56/><D56/><U27/><E129/><V106/><AGARI ba="0,1" hai="20,24,28,42,45,50,64,66,74,78,81,104,105,106" machi="106" ten="30,2000,0" yaku="1,1,0,1,53,0" doraHai="3" doraHaiUra="117" who="2" fromWho="2" sc="265,-5,186,-5,330,30,209,-10" /><INIT seed="4,0,0,4,1,65" ten="260,181,360,199" oya="0" hai0="42,96,8,101,80,78,77,100,1,109,85,56,110" hai1="113,16,24,82,71,127,40,111,122,107,90,2,59" hai2="62,124,84,46,13,68,22,61,17,119,58,126,10" hai3="55,117,129,28,63,45,102,94,14,39,130,93,134"/><T15/><D1/><U132/><E111/><N who="0" m="42505" /><D42/><U37/><E122/><V133/><F133/><W128/><G117/><T69/><D56/><U115/><E2/><V98/><F119/><W54/><G134/><T9/><D9/><U88/><E132/><V86/><F98/><W41/><G28/><T67/><D78/><U70/><E107/><V73/><F73/><W25/><G25/><T50/><D50/><U112/><E127/><N who="2" m="48683" /><F46/><W92/><G102/><T49/><D49/><U23/><E59/><V83/><F10/><W79/><G79/><T53/><D53/><U121/><E121/><V120/><F120/><W103/><G103/><T57/><D57/><U76/><E40/><V104/><F104/><W3/><G3/><T19/><D96/><U118/><E37/><V38/><F38/><W91/><G91/><N who="1" m="34858" /><E118/><V0/><F0/><W26/><G26/><T5/><D5/><U114/><E114/><V116/><F116/><W33/><G33/><T52/><D52/><N who="3" m="20009" /><G14/><T43/><D43/><U47/><E47/><V34/><F34/><W4/><G4/><T99/><D99/><U48/><E48/><V35/><F35/><W125/><G125/><T21/><D8/><U27/><E27/><V131/><F13/><W51/><G51/><T89/><D77/><U6/><E6/><V123/><F123/><W81/><G81/><T30/><D30/><U106/><E106/><V60/><F83/><W31/><G31/><T7/><D7/><U108/><E108/><V135/><F135/><W64/><G93/><T12/><D12/><U75/><AGARI ba="0,0" hai="16,23,24,70,71,75,76,82,112,113,115" m="34858" machi="75" ten="40,12000,2" yaku="15,1,11,1,52,2,54,2" doraHai="65" who="1" fromWho="1" sc="260,-60,181,120,360,-30,199,-30" /><INIT seed="5,0,0,5,0,17" ten="200,301,330,169" oya="1" hai0="118,54,126,53,28,112,87,9,8,80,72,43,110" hai1="52,11,94,42,34,15,135,107,93,119,46,120,7" hai2="4,24,124,37,91,75,125,22,32,2,114,59,73" hai3="35,106,98,117,82,113,58,129,19,48,83,18,131"/><U30/><E119/><V57/><F32/><W81/><G35/><T101/><D118/><U78/><E120/><V134/><F37/><W100/><G117/><T85/><D110/><U123/><E123/><V109/><F109/><W116/><G116/><T55/><D112/><U90/><E107/><V39/><F39/><W5/><G113/><T111/><D111/><U38/><E135/><V92/><F114/><W88/><G5/><T71/><D71/><U69/><E69/><V56/><F134/><W25/><G88/><T133/><D133/><U3/><E78/><V10/><F75/><W16/><G25/><T95/><D126/><N who="2" m="48746" /><F73/><W102/><G102/><T122/><D122/><U26/><E90/><V132/><F132/><W47/><REACH who="3" step="1"/><G58/><REACH who="3" ten="200,301,330,159" step="2"/><T13/><D101/><U99/><E99/><N who="2" m="57759" /><F59/><W23/><G23/><T130/><D130/><U29/><E34/><V121/><F121/><W62/><G62/><T86/><D8/><U128/><E11/><V74/><F74/><W108/><G108/><T41/><D72/><U96/><E96/><V1/><F1/><W6/><G6/><T70/><D9/><U49/><E128/><V77/><F77/><W89/><G89/><T44/><D85/><U63/><E3/><V50/><F57/><W33/><G33/><T105/><D86/><U127/><E127/><V12/><F2/><W51/><G51/><T36/><D87/><U60/><E49/><V79/><F79/><W20/><G20/><T31/><D36/><U14/><E38/><V66/><F50/><W65/><G65/><T84/><D44/><U103/><E46/><RYUUKYOKU ba="0,1" sc="200,-10,301,-10,330,-10,159,30" hai3="16,18,19,47,48,81,82,83,98,100,106,129,131" /><INIT seed="6,1,1,4,1,82" ten="190,291,320,189" oya="2" hai0="52,87,91,7,109,127,118,113,61,20,34,111,8" hai1="89,3,19,94,100,42,81,10,131,110,5,114,123" hai2="79,68,76,18,63,48,102,107,6,124,31,14,40" hai3="54,24,13,53,56,16,104,36,78,80,27,97,115"/><V57/><F124/><W22/><G36/><T30/><D34/><U90/><E110/><V66/><F6/><W41/><G41/><T73/><D73/><U134/><E114/><V101/><F31/><W121/><G121/><T71/><D127/><U26/><E134/><V86/><F107/><W64/><G115/><T23/><D113/><U128/><E123/><V132/><F132/><W49/><G64/><T98/><D98/><N who="1" m="59479" /><E42/><V12/><F12/><W125/><G125/><T77/><D77/><U130/><E81/><N who="2" m="47399" /><F79/><W105/><G105/><T46/><D118/><U122/><E122/><V21/><F68/><W92/><G54/><T117/><D71/><U17/><E17/><V67/><F67/><W28/><G28/><T0/><D117/><U120/><E120/><V62/><F62/><W119/><G104/><T116/><D116/><U44/><E44/><AGARI ba="1,1" hai="14,18,21,40,44,48,57,63,66,101,102" m="47399" machi="44" ten="30,2900,0" yaku="8,1,52,1" doraHai="82" who="2" fromWho="1" sc="190,0,291,-32,320,42,189,0" /><INIT seed="6,2,0,0,5,14" ten="190,259,362,189" oya="2" hai0="46,123,7,90,93,58,70,57,82,12,96,119,22" hai1="117,0,76,56,77,29,13,60,121,133,65,92,131" hai2="2,128,109,84,54,112,74,25,94,8,44,30,114" hai3="108,120,69,98,24,59,50,27,35,10,118,51,47"/><V68/><F74/><W122/><G69/><T34/><D34/><U134/><E117/><V43/><F68/><W39/><G108/><T125/><D119/><U5/><E0/><V103/><F109/><W16/><G118/><T85/><D123/><U73/><E121/><V95/><F128/><W113/><G39/><T126/><D70/><U23/><E131/><V100/><F54/><N who="3" m="32223" /><G35/><T87/><D46/><U75/><E92/><V1/><F44/><W107/><G107/><T6/><D87/><U33/><E33/><V18/><F43/><N who="3" m="24959" /><G122/><T38/><D38/><U97/><E97/><V15/><F2/><W115/><G98/><T111/><D111/><U61/><E61/><V28/><F1/><W91/><G91/><T4/><D58/><U71/><E71/><V17/><F100/><W42/><G42/><T9/><D57/><U31/><E73/><V26/><F103/><W53/><G53/><T36/><D36/><U20/><E75/><V49/><F49/><W124/><G124/><N who="0" m="47723" /><D22/><U105/><E23/><V19/><F84/><W21/><G10/><T62/><D62/><U11/><E20/><V48/><F48/><W52/><G52/><T101/><AGARI ba="2,0" hai="4,6,7,9,12,82,85,90,93,96,101" m="47723" machi="101" ten="30,1100,0" yaku="18,1" doraHai="14" who="0" fromWho="0" sc="190,17,259,-5,362,-7,189,-5" /><INIT seed="7,0,0,5,4,103" ten="207,254,355,184" oya="3" hai0="7,26,71,104,113,69,22,64,77,78,19,114,130" hai1="129,17,1,108,107,58,23,82,91,135,59,126,30" hai2="53,8,105,134,14,61,27,72,95,0,40,67,116" hai3="41,111,101,5,51,38,127,86,47,117,83,90,121"/><W28/><G127/><T39/><D39/><U66/><E1/><V73/><F105/><W43/><G117/><T20/><D104/><U9/><E107/><V98/><F0/><W70/><G121/><T133/><D133/><U132/><E108/><V33/><F134/><W85/><G111/><T48/><D7/><U36/><E36/><V52/><F40/><W88/><G70/><T92/><D130/><U102/><E23/><V21/><F33/><W122/><G122/><T110/><D110/><U99/><E17/><V75/><F14/><W2/><G101/><T100/><D48/><U81/><E91/><V15/><F15/><W45/><G28/><T89/><D100/><U3/><E30/><V118/><F8/><W13/><G2/><T84/><D22/><U62/><E59/><V94/><F118/><W119/><G119/><T76/><D64/><U37/><E37/><V125/><F125/><W44/><G38/><T11/><D11/><U120/><E120/><V6/><F6/><W31/><G31/><T34/><D34/><U50/><E126/><V109/><F109/><W42/><G51/><T16/><D19/><U87/><E50/><V123/><F123/><W68/><G68/><T96/><D96/><U112/><E99/><V32/><F32/><W54/><G54/><T128/><D128/><U79/><E129/><V10/><F52/><W4/><REACH who="3" step="1"/><G13/><REACH who="3" ten="207,254,355,174" step="2"/><T57/><D71/><N who="1" m="42455" /><E135/><V35/><F53/><W49/><G49/><T93/><D69/><U29/><E132/><V74/><F116/><W60/><G60/><T25/><D92/><AGARI ba="0,1" hai="4,5,41,42,43,44,45,47,83,85,86,88,90,92" machi="92" ten="40,12000,1" yaku="1,1,8,1,54,1,53,2" doraHai="103" doraHaiUra="80" who="3" fromWho="0" sc="207,-120,254,0,355,0,174,130" /><INIT seed="7,1,0,2,2,76" ten="87,254,355,304" oya="3" hai0="80,10,40,108,119,54,86,103,30,72,90,130,15" hai1="38,77,52,34,43,13,127,124,50,128,69,134,36" hai2="88,48,47,87,14,65,44,39,126,111,118,121,89" hai3="4,35,110,24,102,25,27,63,58,112,107,93,83"/><W78/><G107/><T56/><D119/><U125/><E34/><V123/><F118/><W32/><G112/><T71/><D71/><U68/><E13/><V62/><F111/><W73/><G110/><T1/><D1/><U113/><E77/><V53/><F126/><W117/><G117/><T45/><D130/><U79/><E79/><V59/><F14/><W95/><G4/><T22/><D108/><U129/><E113/><V42/><REACH who="2" step="1"/><F89/><REACH who="2" ten="87,254,345,304" step="2"/><W6/><G32/><T105/><D72/><U51/><E134/><V66/><F66/><W61/><G35/><T116/><D116/><U120/><E120/><V132/><F132/><W16/><G102/><T82/><D103/><U133/><E133/><V7/><F7/><W70/><G6/><T21/><D105/><U122/><E122/><V85/><F85/><W115/><G115/><T94/><D30/><U8/><E8/><V81/><AGARI ba="1,1" hai="39,42,44,47,48,53,59,62,65,81,87,88,121,123" machi="81" ten="30,7900,0" yaku="1,1,0,1,52,1,54,1,53,0" doraHai="76" doraHaiUra="135" who="2" fromWho="2" sc="87,-21,254,-21,345,92,304,-40" owari="66,-43.0,233,-17.0,437,54.0,264,6.0" /></mjloggm>