<mjloggm ver="2.3"><GO type="169" lobby="0"/><UN n0="%E5%B0%B1%E6%B4%BB%E7%94%9F%40%E5%B7%9D%E6%9D%91%E8%BB%8D%E5%9B%A3" n1="%E9%BA%BB%E4%B8%AD%4A%40%4E%4B%59" n2="%53%61%6D%6D%61%32" n3="%6D%6F%6E%6F%2D%31%34" dan="18,16,16,16" rate="2322.73,2103.34,2145.29,2152.32" sx="M,M,M,M"/><TAIKYOKU oya="0"/><INIT seed="0,0,0,1,4,73" ten="250,250,250,250" oya="0" hai0="70,19,5,85,25,47,128,97,76,92,100,95,12" hai1="106,114,60,34,63,117,62,84,101,15,29,64,71" hai2="30,53,43,93,83,102,79,111,8,16,88,105,130" hai3="123,125,38,13,55,51,54,36,112,122,78,133,90"/><T2/><D128/><U110/><E117/><V26/><F130/><W107/><G107/><T109/><D70/><U81/><E114/><V45/><F111/><W20/><G112/><T66/><D109/><U37/><E110/><V65/><F65/><W32/><G32/><T72/><D66/><U22/><E37/><V104/><F102/><W50/><G133/><T96/><D2/><U131/><E131/><V67/><F67/><W27/><G13/><T52/><D72/><U127/><E127/><V42/><F105/><W119/><G90/><T10/><D25/><U11/><E34/><V58/><F104/><W40/><G40/><T120/><D120/><U82/><E82/><V69/><F69/><W74/><G74/><T24/><D24/><U118/><E118/><V129/><F45/><W61/><G27/><T49/><D5/><U124/><E22/><N who="2" m="13639" /><F8/><W126/><G119/><T57/><D85/><U41/><E29/><V21/><F21/><W113/><G113/><T77/><D47/><U28/><E28/><V44/><F44/><W6/><G6/><T91/><AGARI ba="0,0" hai="10,12,19,49,52,57,76,77,91,92,95,96,97,100" machi="91" ten="20,18000,2" yaku="0,1,7,1,8,1,52,2,54,1" doraHai="73" who="0" fromWho="0" sc="250,180,250,-60,250,-60,250,-60" /><INIT seed="0,1,0,2,4,46" ten="430,190,190,190" oya="0" hai0="58,78,28,133,86,95,80,79,132,129,15,48,10" hai1="54,68,40,16,36,99,5,50,106,27,74,29,55" hai2="114,83,117,53,98,11,101,131,73,67,56,122,113" hai3="22,104,87,44,45,62,72,61,70,94,128,116,84"/><T69/><D129/><U4/><E74/><V82/><F122/><W93/><G72/><T60/><D69/><U66/><E36/><V64/><F131/><W14/><G104/><T125/><D125/><U33/><E40/><V18/><F117/><W13/><G70/><T24/><D79/><U135/><E135/><V20/><F11/><W97/><G128/><T103/><D103/><U85/><E85/><V23/><F73/><W115/><G22/><T107/><D107/><U75/><E75/><V123/><F123/><W35/><G97/><T127/><D95/><U81/><E81/><V108/><F108/><W57/><G57/><T8/><D127/><U41/><E54/><V1/><F1/><W32/><G115/><T76/><D76/><U109/><E109/><V134/><F134/><W88/><G88/><T102/><D102/><N who="1" m="62815" /><E16/><V89/><F89/><W71/><G71/><T100/><D100/><U0/><E41/><V126/><F126/><W12/><G12/><T31/><D31/><U37/><E37/><V59/><F98/><W118/><AGARI ba="1,0" hai="13,14,32,35,44,45,61,62,84,87,93,94,116,118" machi="118" ten="25,3200,0" yaku="0,1,22,2" doraHai="46" who="3" fromWho="3" sc="430,-17,190,-9,190,-9,190,35" /><INIT seed="1,0,0,1,3,72" ten="413,181,181,225" oya="1" hai0="132,108,61,70,111,13,33,117,110,10,84,15,4" hai1="100,36,38,91,5,55,128,124,125,43,1,74,105" hai2="64,17,23,22,86,97,71,114,103,88,39,121,93" hai3="67,102,76,2,112,44,90,106,134,130,98,95,104"/><U127/><E128/><V6/><F39/><W62/><G2/><T20/><D117/><U34/><E34/><V18/><F121/><W118/><G130/><T54/><D33/><U16/><E105/><V94/><F114/><W24/><G106/><T129/><D129/><U73/><E100/><V96/><F6/><W31/><G44/><T42/><D42/><U122/><E122/><V65/><F71/><W115/><G134/><T32/><D32/><U135/><E135/><V58/><F58/><W66/><G66/><N who="0" m="41295" /><D54/><U109/><E5/><V40/><F40/><W113/><G118/><T35/><D35/><U14/><E1/><V26/><F86/><W50/><G50/><T37/><D37/><N who="1" m="14443" /><E43/><V69/><F69/><W131/><G131/><T87/><D132/><U126/><N who="1" m="32256" /><DORA hai="59" /><U27/><E27/><AGARI ba="0,0" hai="17,18,22,23,26,27,64,65,88,93,94,96,97,103" machi="27" ten="30,7700,0" yaku="7,1,9,1,8,1,54,1" doraHai="72,59" who="2" fromWho="1" sc="413,0,181,-77,181,77,225,0" /><INIT seed="2,0,0,5,1,2" ten="413,104,258,225" oya="2" hai0="65,93,49,22,55,44,96,16,51,17,27,31,37" hai1="50,118,89,57,105,80,48,25,30,116,52,43,28" hai2="129,69,6,97,126,11,21,20,113,131,74,90,78" hai3="0,66,79,110,12,77,40,4,42,115,127,60,82"/><V81/><F69/><W102/><G0/><T7/><D37/><U70/><E70/><V45/><F113/><W125/><G102/><T33/><D65/><U54/><E105/><V64/><F64/><W117/><G117/><T100/><D33/><U135/><E43/><V122/><F122/><W134/><G134/><T76/><D76/><U61/><E135/><V32/><F32/><W92/><G92/><T99/><D7/><U94/><E80/><V123/><F123/><W26/><G26/><T84/><D84/><U112/><E112/><V111/><F126/><W8/><G79/><T107/><REACH who="0" step="1"/><D49/><REACH who="0" ten="403,104,258,225" step="2"/><U133/><E133/><V47/><F111/><W91/><G77/><T130/><D130/><N who="2" m="49674" /><F21/><W104/><G66/><T5/><D5/><U95/><E48/><V67/><F20/><W18/><G4/><T19/><D19/><U114/><E114/><V86/><F67/><W13/><G115/><T46/><D46/><U128/><E128/><V58/><F58/><W72/><G18/><T109/><D109/><U9/><E116/><V10/><F10/><W101/><G8/><T88/><AGARI ba="0,1" hai="16,17,22,27,31,44,51,55,88,93,96,99,100,107" machi="88" ten="20,12000,2" yaku="1,1,0,1,7,1,54,2,53,1" doraHai="2" doraHaiUra="85" who="0" fromWho="0" sc="403,130,104,-30,258,-60,225,-30" /><INIT seed="3,0,0,2,1,116" ten="533,74,198,195" oya="3" hai0="61,86,21,35,128,80,89,51,115,133,31,73,53" hai1="8,39,102,117,48,100,83,75,107,95,44,103,119" hai2="25,71,85,52,65,10,49,27,108,135,125,15,93" hai3="3,69,87,88,132,38,18,76,41,56,106,78,105"/><W120/><G69/><T81/><D35/><U29/><E39/><V11/><F135/><W123/><G3/><T58/><D133/><U110/><E107/><N who="3" m="40970" /><G56/><T55/><D128/><U98/><E29/><V16/><F125/><W19/><G41/><T2/><D2/><U42/><E110/><V60/><F108/><W22/><G22/><T104/><D104/><U99/><E99/><V126/><F126/><W64/><G64/><T1/><D1/><U13/><E75/><V37/><F37/><W26/><G26/><N who="0" m="16847" /><D73/><U47/><E47/><V114/><F114/><W6/><G6/><T7/><D7/><U66/><E66/><V121/><F10/><W127/><G132/><T82/><D115/><U130/><E130/><V92/><F121/><N who="3" m="46667" /><G38/><T84/><D89/><U122/><E83/><V109/><F109/><W94/><G19/><T12/><D12/><U43/><E43/><V17/><F17/><W97/><G18/><T45/><AGARI ba="0,0" hai="45,51,53,55,58,61,80,81,82,84,86" m="16847" machi="45" ten="30,1100,0" yaku="8,1" doraHai="116" who="0" fromWho="0" sc="533,11,74,-3,198,-3,195,-5" /><INIT seed="4,0,0,3,2,89" ten="544,71,195,190" oya="0" hai0="120,81,27,112,50,40,6,125,37,1,44,28,133" hai1="101,8,95,118,67,33,114,35,0,79,116,7,64" hai2="3,86,102,9,70,4,72,82,131,66,43,84,88" hai3="22,105,47,104,32,103,71,75,94,46,68,2,29"/><T39/><D120/><U73/><E73/><V77/><F131/><W69/><G2/><T122/><D122/><U132/><E79/><V55/><F102/><W128/><G75/><T25/><D125/><U11/><E132/><V15/><F55/><W24/><G128/><T38/><D133/><U113/><E8/><V126/><F126/><W93/><G32/><T51/><D112/><N who="1" m="43115" /><E35/><V61/><F15/><W34/><G34/><T111/><D111/><U20/><E33/><V106/><F106/><W108/><G108/><T57/><D28/><U76/><E76/><V115/><F115/><W80/><G80/><T97/><D6/><U110/><E20/><V45/><REACH who="2" step="1"/><F88/><REACH who="2" ten="544,71,185,190" step="2"/><W48/><G103/><T10/><D1/><U99/><E110/><V31/><F31/><W96/><G105/><T65/><D27/><U41/><E41/><V123/><F123/><W134/><G104/><T59/><D25/><U129/><E129/><V135/><F135/><W36/><G134/><T62/><D40/><U42/><E42/><V12/><F12/><W83/><G24/><T53/><D10/><U85/><E85/><V18/><F18/><W98/><G29/><T63/><D97/><U13/><E13/><V121/><F121/><W78/><G98/><T92/><D81/><U5/><E5/><V87/><F87/><W26/><G96/><T23/><D23/><U56/><E67/><V54/><F54/><N who="3" m="29975" /><G22/><T17/><D17/><U60/><AGARI ba="0,1" hai="0,7,11,56,60,64,95,99,101,116,118" m="43115" machi="60" ten="30,4000,0" yaku="15,1,11,1,52,1" doraHai="89" who="1" fromWho="1" sc="544,-20,71,50,185,-10,190,-10" /><INIT seed="5,0,0,3,4,56" ten="524,121,175,180" oya="1" hai0="97,19,38,95,124,47,61,22,115,60,122,17,52" hai1="30,77,36,11,0,54,114,90,111,75,9,107,18" hai2="128,27,24,92,16,67,31,1,78,6,70,21,127" hai3="50,39,3,53,45,106,26,99,63,43,55,129,91"/><U103/><E36/><V118/><F118/><W66/><G3/><T48/><D38/><U102/><E114/><V4/><F78/><W83/><G129/><T32/><D32/><U13/><E30/><V134/><F128/><W7/><G7/><T8/><D115/><U33/><E33/><V76/><F76/><W123/><G26/><T82/><D124/><U37/><E37/><V12/><F127/><W69/><G123/><T65/><D65/><U120/><E120/><V73/><F73/><W125/><G55/><T126/><D126/><U98/><E103/><V15/><F92/><W117/><G117/><T64/><D64/><U28/><E28/><V88/><F134/><W105/><G125/><T116/><D116/><U20/><E0/><V108/><F108/><W131/><G131/><T109/><D109/><U40/><E40/><V86/><F67/><W35/><G35/><T58/><D82/><U96/><E111/><V80/><F70/><W112/><G112/><T132/><D132/><U113/><E113/><V23/><F1/><W85/><G99/><T5/><D47/><AGARI ba="0,0" hai="39,43,45,47,50,53,63,66,69,83,85,91,105,106" machi="47" ten="30,2000,0" yaku="7,1,52,1" doraHai="56" who="3" fromWho="0" sc="524,-20,121,0,175,0,180,20" /><INIT seed="6,0,0,4,5,1" ten="504,121,175,200" oya="2" hai0="53,79,101,67,128,82,9,64,110,13,62,129,69" hai1="27,42,31,15,117,113,76,6,84,94,48,103,56" hai2="19,8,39,34,78,5,24,93,91,114,116,74,73" hai3="122,35,112,133,58,95,89,63,132,25,77,50,85"/><V52/><F116/><W40/><G122/><T65/><D110/><U47/><E117/><V134/><F39/><W38/><G38/><T29/><D29/><U124/><E113/><V104/><F104/><W18/><G77/><T127/><D101/><U119/><E119/><V41/><F41/><W97/><G85/><T111/><D111/><U135/><E135/><V61/><F134/><W33/><G112/><T105/><D105/><U72/><E72/><V66/><F78/><W55/><G35/><T109/><D127/><U70/><E70/><V108/><F108/><W60/><G60/><T130/><D53/><U17/><E124/><V37/><F37/><W115/><G33/><T20/><D20/><U81/><E56/><N who="2" m="34951" /><F34/><W7/><G115/><T121/><D121/><U36/><E36/><V46/><F46/><N who="3" m="25927" /><G7/><N who="0" m="3263" /><D109/><U98/><E6/><V2/><F114/><W44/><G44/><T12/><D12/><U14/><REACH who="1" step="1"/><E17/><REACH who="1" ten="504,111,175,200" step="2"/><V106/><F74/><AGARI ba="0,1" hai="62,64,65,67,69,74,79,82,128,129,130" m="3263" machi="74" ten="30,2000,0" yaku="19,1,52,1" doraHai="1" who="0" fromWho="2" sc="504,30,111,0,175,-20,200,0" /><INIT seed="7,0,0,2,4,23" ten="534,111,155,200" oya="3" hai0="66,39,80,101,36,64,10,81,44,85,122,104,3" hai1="89,9,95,54,1,43,46,0,50,37,56,106,49" hai2="32,134,21,4,127,26,57,78,102,53,40,87,125" hai3="130,67,111,7,120,94,61,71,11,74,108,128,79"/><W98/><G120/><T16/><D122/><U121/><E106/><V42/><F32/><W76/><G94/><T41/><D39/><U6/><E121/><V33/><F33/><W86/><G86/><T112/><D112/><U131/><E131/><N who="3" m="50218" /><G98/><T109/><D109/><N who="3" m="42057" /><G74/><T118/><D118/><U84/><REACH who="1" step="1"/><E1/><AGARI ba="0,0" hai="1,7,11,61,67,71,76,79" m="42057,50218" machi="1" ten="30,2900,0" yaku="19,1,10,1" doraHai="23" who="3" fromWho="1" sc="534,0,111,-29,155,0,200,29" /><INIT seed="7,1,0,4,4,53" ten="534,82,155,229" oya="3" hai0="104,74,68,24,47,108,95,115,76,65,71,42,6" hai1="73,55,78,117,100,10,56,125,94,93,0,15,113" hai2="8,134,107,70,7,31,119,52,9,13,63,102,18" hai3="66,19,127,29,57,96,89,20,69,46,16,80,30"/><W103/><G69/><T64/><D104/><U33/><E33/><V41/><F119/><W25/><G127/><T87/><D74/><U122/><E122/><V116/><F116/><W132/><G46/><T14/><D108/><U98/><E117/><V82/><F41/><W37/><G37/><T32/><D115/><U123/><E123/><V129/><F129/><W133/><G19/><T126/><D126/><U109/><E125/><V12/><F134/><N who="3" m="51819" /><G80/><N who="0" m="47495" /><D95/><U39/><E39/><V36/><F36/><W59/><G89/><T60/><D24/><U48/><E0/><V83/><F31/><N who="3" m="11787" /><G66/><N who="0" m="41031" /><D32/><U81/><E113/><V85/><F70/><W49/><G49/><N who="0" m="26871" /><D71/><U51/><E109/><V54/><F83/><W99/><G99/><T17/><D17/><U27/><E27/><V112/><F112/><W101/><G101/><T111/><D111/><U40/><E40/><V90/><F107/><AGARI ba="1,0" hai="16,20,25,57,59,96,103,107" m="11787,51819" machi="107" ten="30,11600,0" yaku="20,1,52,2,54,1" doraHai="53" who="3" fromWho="2" sc="534,0,82,0,155,-119,229,119" /><INIT seed="7,2,0,1,2,117" ten="534,82,36,348" oya="3" hai0="99,18,123,17,102,21,40,42,94,50,84,82,90" hai1="116,124,126,48,93,24,110,32,73,11,112,109,66" hai2="9,1,118,45,33,4,101,64,46,79,67,115,134" hai3="22,100,89,75,121,105,12,131,83,58,31,114,37"/><W23/><G37/><T49/><D123/><U6/><E73/><V129/><F118/><W104/><G121/><T7/><D7/><U97/><E116/><V119/><F119/><W34/><G34/><T51/><D18/><U85/><E85/><V0/><F134/><W108/><G131/><T39/><D39/><U88/><E66/><V14/><F129/><W36/><G36/><T5/><D5/><U26/><E112/><V87/><F115/><W20/><G114/><T91/><D91/><U120/><E120/><V95/><F33/><W41/><G41/><T107/><D107/><U29/><E26/><AGARI ba="2,0" hai="17,21,26,40,42,49,50,51,82,84,90,94,99,102" machi="26" ten="40,1300,0" yaku="8,1" doraHai="117" who="0" fromWho="1" sc="534,19,82,-19,36,0,348,0" owari="553,65.0,63,-34.0,36,-46.0,348,15.0" /></mjloggm>