<mjloggm ver="2.3"><GO type="169" lobby="0"/><UN n0="%6E%6F%2E%6E%61%6D%65" n1="%E3%83%88%E3%83%88%E3%83%AA%E5%85%88%E7%94%9F%31%39%E6%AD%B3" n2="%74%6F%6E%6E%75%72%61" n3="%61%64%70%31%30" dan="16,19,16,17" rate="2055.33,2317.47,2082.21,2210.55" sx="F,F,M,M"/><TAIKYOKU oya="0"/><INIT seed="0,0,0,2,5,10" ten="250,250,250,250" oya="0" hai0="99,103,28,17,133,117,26,92,48,30,59,81,97" hai1="106,87,124,58,50,70,114,24,68,29,11,43,121" hai2="20,33,47,135,52,128,57,85,77,13,32,122,100" hai3="67,5,111,129,79,71,65,74,3,84,130,9,115"/><T118/><D133/><U36/><E121/><V125/><F122/><W19/><G115/><T23/><D81/><U31/><E106/><V119/><F135/><W90/><G111/><T51/><D99/><U42/><E114/><V40/><F125/><W21/><G79/><T126/><D126/><U94/><E124/><V72/><F72/><W134/><G74/><T37/><D37/><U66/><E36/><V120/><F100/><W89/><G90/><T1/><D1/><U60/><E31/><V27/><F128/><N who="3" m="49259" /><G71/><T105/><D105/><U116/><E116/><V44/><F119/><W88/><G89/><T22/><D30/><U14/><E87/><V86/><F120/><W80/><G134/><T102/><D102/><U76/><E94/><V38/><F47/><W35/><G35/><T55/><REACH who="0" step="1"/><D48/><REACH who="0" ten="240,250,250,250" step="2"/><U8/><E50/><V109/><F38/><W63/><G63/><T96/><D96/><U62/><E60/><V101/><F101/><W18/><G18/><T93/><D93/><U0/><E62/><V132/><F132/><W95/><G95/><T69/><D69/><U104/><E68/><V91/><F109/><W45/><G45/><T12/><AGARI ba="0,1" hai="12,17,22,23,26,28,51,55,59,92,97,103,117,118" machi="12" ten="20,7800,0" yaku="1,1,0,1,7,1,52,1,53,0" doraHai="10" doraHaiUra="108" who="0" fromWho="0" sc="240,88,250,-26,250,-26,250,-26" /><INIT seed="0,1,0,4,3,86" ten="328,224,224,224" oya="0" hai0="129,52,70,110,18,36,17,22,84,39,99,44,125" hai1="122,45,51,135,127,12,112,98,108,2,87,56,24" hai2="75,0,81,72,67,69,43,61,10,126,19,8,130" hai3="85,117,15,20,41,5,76,113,6,90,7,66,35"/><T74/><D74/><U60/><E122/><V47/><F126/><W25/><G113/><T96/><D125/><U42/><E2/><V9/><F130/><W120/><G117/><T89/><D129/><U71/><E127/><V97/><F97/><W106/><G106/><T49/><D110/><U105/><E71/><V38/><F19/><W40/><G35/><T100/><D70/><U115/><E108/><V134/><F134/><W80/><G66/><T119/><D119/><U124/><E124/><V62/><F62/><W65/><G65/><T21/><D21/><U95/><E135/><V94/><F94/><W103/><G103/><T11/><D11/><U55/><E105/><V4/><REACH who="2" step="1"/><F72/><REACH who="2" ten="328,224,214,224" step="2"/><W23/><G120/><T91/><D17/><U111/><E98/><V77/><AGARI ba="1,1" hai="0,4,8,9,10,38,43,47,61,67,69,75,77,81" machi="77" ten="30,8000,1" yaku="1,1,2,1,0,1,25,2,53,0" doraHai="86" doraHaiUra="101" who="2" fromWho="2" sc="328,-41,224,-21,214,93,224,-21" /><INIT seed="1,0,0,1,5,60" ten="287,203,307,203" oya="1" hai0="93,95,24,86,45,94,130,9,44,46,10,25,107" hai1="67,2,47,27,88,36,117,1,128,105,110,92,13" hai2="122,66,65,82,15,3,103,135,69,49,37,120,119" hai3="48,0,90,80,118,43,22,123,114,57,12,42,124"/><U21/><E117/><V6/><F119/><W23/><G0/><T8/><D107/><U97/><E110/><V111/><F37/><W51/><G123/><T113/><D130/><U125/><E128/><V134/><F3/><W50/><G124/><T63/><D63/><U109/><E109/><V62/><F111/><W16/><G114/><T100/><D100/><U58/><E125/><V102/><F49/><W52/><G118/><T68/><D68/><U89/><E105/><V30/><F30/><W54/><G23/><T64/><D64/><N who="2" m="24682" /><F62/><N who="3" m="36135" /><G54/><T61/><D61/><N who="1" m="38327" /><E36/><V81/><F69/><W133/><G133/><N who="2" m="50697" /><F103/><W7/><G43/><T77/><D113/><U112/><E2/><V55/><F55/><W74/><G42/><T104/><D104/><U59/><E1/><V41/><F41/><W17/><G48/><T129/><D129/><U127/><E127/><V70/><F102/><W78/><G50/><T34/><D34/><U75/><E112/><V76/><F70/><W106/><G51/><T56/><D56/><U87/><E47/><V35/><F35/><W121/><G121/><N who="2" m="46697" /><F76/><W101/><G101/><T31/><D31/><U40/><E40/><V79/><F79/><W126/><G106/><T96/><D96/><U11/><E59/><V116/><F116/><W29/><G29/><T115/><D115/><U18/><E97/><V131/><F131/><W20/><G126/><T83/><AGARI ba="0,0" hai="8,9,10,24,25,44,45,46,77,83,86,93,94,95" machi="83" ten="40,8000,1" yaku="0,1,29,2,8,1" doraHai="60" who="0" fromWho="0" sc="287,80,203,-40,307,-20,203,-20" /><INIT seed="2,0,0,0,5,42" ten="367,163,287,183" oya="2" hai0="48,8,19,82,95,1,88,130,14,25,72,51,89" hai1="57,24,109,43,29,13,2,58,49,126,79,91,23" hai2="111,123,119,39,5,120,128,33,93,68,10,107,55" hai3="110,132,46,99,52,4,118,117,37,16,70,108,121"/><V7/><F107/><W97/><G70/><T85/><D130/><U11/><E2/><V124/><F68/><W41/><G4/><T104/><D104/><U84/><E109/><N who="3" m="42090" /><G121/><T116/><D116/><N who="3" m="44649" /><G132/><T22/><D1/><U114/><E114/><V31/><F111/><W134/><G134/><T53/><D53/><U47/><E126/><V65/><F124/><W54/><G16/><N who="0" m="12487" /><D72/><U60/><E79/><V81/><F128/><W73/><G73/><T131/><D131/><U83/><REACH who="1" step="1"/><E60/><REACH who="1" ten="367,153,287,183" step="2"/><V129/><F119/><W40/><G40/><T78/><D78/><U86/><E86/><AGARI ba="0,1" hai="8,14,19,48,51,82,85,86,88,89,95" m="12487" machi="86" ten="30,3900,0" yaku="8,1,54,2" doraHai="42" who="0" fromWho="1" sc="367,49,153,-39,287,0,183,0" /><INIT seed="3,0,0,2,1,5" ten="416,114,287,183" oya="3" hai0="33,15,128,87,107,47,59,56,115,64,123,72,51" hai1="48,14,28,73,84,44,60,65,113,96,2,111,1" hai2="90,130,102,3,77,75,10,63,17,99,67,8,27" hai3="18,69,13,57,61,103,118,132,39,21,95,23,117"/><W126/><G39/><T11/><D123/><U26/><E113/><V7/><F130/><W80/><G69/><T105/><D128/><U32/><E73/><V76/><F90/><W38/><G38/><T114/><D72/><U35/><E35/><V134/><F134/><W78/><G126/><T91/><D33/><U86/><E111/><V70/><F75/><W20/><G132/><T37/><D37/><U94/><E1/><V31/><F17/><W42/><G42/><T110/><D110/><U19/><E2/><V104/><F10/><W34/><G34/><AGARI ba="0,0" hai="3,7,8,27,31,34,63,67,70,76,77,99,102,104" machi="34" ten="30,7700,0" yaku="7,1,25,2,52,1" doraHai="5" who="2" fromWho="3" sc="416,0,114,0,287,77,183,-77" /><INIT seed="4,0,0,0,5,56" ten="416,114,364,106" oya="0" hai0="2,38,102,91,39,67,131,51,85,7,42,60,16" hai1="5,94,121,52,92,13,96,37,17,80,50,76,32" hai2="47,66,68,23,55,99,69,14,135,63,134,93,106" hai3="73,116,35,133,87,95,20,10,86,114,26,3,103"/><T129/><D102/><U54/><E121/><V108/><F106/><W30/><G116/><T101/><D101/><U83/><E37/><V128/><F108/><W43/><G73/><T77/><D77/><U130/><E32/><V124/><F124/><W31/><G114/><T84/><D51/><U100/><E130/><N who="0" m="49673" /><D42/><U24/><E5/><V4/><F128/><W75/><G133/><N who="2" m="50697" /><F4/><W58/><G75/><T119/><D119/><U48/><E24/><V64/><F14/><W27/><G43/><T79/><D79/><U104/><E104/><V110/><F23/><W111/><G111/><T118/><D118/><U61/><E92/><V11/><F11/><W74/><G74/><T57/><D16/><U49/><E76/><V89/><F110/><W44/><G44/><T53/><D67/><N who="2" m="25642" /><F47/><W9/><G9/><N who="0" m="2295" /><D85/><U115/><E115/><V6/><F6/><W41/><G10/><T18/><D18/><U107/><E107/><V78/><F78/><W81/><G86/><T105/><D105/><U15/><E15/><V21/><F21/><W90/><G87/><T70/><D70/><U82/><E17/><V125/><F125/><W1/><G20/><T40/><D40/><U120/><E13/><V127/><F127/><W132/><G41/><T19/><D19/><U72/><E72/><V46/><F46/><W112/><G132/><T0/><D0/><U59/><E120/><V25/><F25/><W98/><G3/><T12/><D12/><U22/><E22/><V117/><F117/><W62/><G1/><T33/><D33/><U34/><E34/><V29/><F29/><RYUUKYOKU ba="0,0" sc="416,10,114,10,364,10,106,-30" hai0="38,39,53,57,60,84,91" hai1="48,49,50,52,54,59,61,80,82,83,94,96,100" hai2="55,63,68,69,89,93,99" /><INIT seed="4,1,0,4,2,72" ten="426,124,374,76" oya="0" hai0="123,132,70,42,19,113,17,118,121,21,66,108,105" hai1="6,35,133,25,47,5,64,79,24,99,32,94,41" hai2="39,126,131,88,16,102,61,59,134,75,56,45,14" hai3="96,109,62,69,50,76,78,90,107,115,83,58,67"/><T54/><D118/><U129/><E129/><V127/><F131/><W85/><G109/><T104/><D113/><U55/><E133/><V27/><F134/><W12/><G115/><T86/><D132/><U10/><E64/><V63/><F27/><W36/><G36/><T71/><D42/><U57/><E79/><N who="3" m="30250" /><G107/><T2/><D2/><U40/><E32/><V116/><F75/><W37/><G37/><T124/><D108/><U68/><E68/><V111/><F116/><W13/><G69/><T93/><D105/><U48/><E40/><V120/><F102/><W110/><G110/><T9/><D104/><U30/><E25/><V125/><F39/><W73/><G73/><T15/><D71/><U8/><E6/><V38/><F38/><W91/><G50/><T98/><D70/><U89/><E5/><V1/><F1/><W80/><G80/><T29/><D121/><U18/><E18/><V20/><F120/><W117/><G117/><T22/><D17/><U11/><E11/><V28/><F111/><W74/><G74/><T101/><D19/><U130/><E130/><V81/><F81/><W51/><G51/><AGARI ba="1,0" hai="8,10,24,30,35,41,47,48,51,55,57,89,94,99" machi="51" ten="30,1000,0" yaku="7,1" doraHai="72" who="1" fromWho="3" sc="426,0,124,13,374,0,76,-13" /><INIT seed="5,0,0,1,4,116" ten="426,137,374,63" oya="1" hai0="81,78,121,115,20,31,23,45,120,40,12,112,128" hai1="107,30,98,64,37,127,103,60,97,99,87,47,102" hai2="48,132,89,126,117,32,134,26,124,72,18,70,16" hai3="36,104,43,0,93,111,3,76,54,22,2,95,25"/><U19/><E127/><N who="2" m="48683" /><F72/><W52/><G111/><T35/><D128/><U88/><E30/><N who="2" m="19543" /><F70/><W123/><G104/><T125/><D125/><U15/><E103/><V82/><F48/><W55/><G76/><T28/><D12/><U85/><E85/><N who="2" m="50359" /><F117/><W133/><G133/><AGARI ba="0,0" hai="16,18,132,133,134" m="50359,19543,48683" machi="133" ten="30,3900,0" yaku="20,1,18,1,54,1" doraHai="116" who="2" fromWho="3" sc="426,0,137,0,374,39,63,-39" /><INIT seed="6,0,0,3,5,3" ten="426,137,413,24" oya="2" hai0="88,55,51,37,25,8,47,126,134,83,119,59,67" hai1="33,27,14,128,98,10,73,2,16,104,6,117,92" hai2="61,13,131,12,109,35,74,123,91,115,66,107,129" hai3="11,112,28,125,68,1,17,81,50,38,4,34,62"/><V76/><F123/><W94/><G125/><T26/><D126/><U114/><E117/><V58/><F107/><W53/><G112/><T120/><D120/><U70/><E73/><V99/><F35/><W103/><G38/><T116/><D134/><U96/><E70/><V86/><F99/><W71/><G62/><N who="0" m="38367" /><D37/><U101/><E128/><N who="2" m="49227" /><F115/><W79/><G17/><T82/><D82/><U41/><E41/><V19/><F109/><W63/><G63/><T21/><D21/><N who="1" m="11415" /><E114/><V56/><F56/><W72/><G94/><T85/><D8/><U18/><E18/><V97/><F97/><W89/><G89/><T80/><D80/><U78/><E96/><V87/><F74/><W9/><G9/><T46/><D46/><U133/><E78/><V90/><F76/><W102/><G71/><T0/><D0/><U40/><E40/><V122/><F122/><W52/><G68/><T43/><D43/><U95/><E133/><V49/><F19/><W100/><REACH who="3" step="1"/><G50/><REACH who="3" ten="426,137,413,14" step="2"/><T48/><D48/><U44/><E92/><N who="2" m="54359" /><F49/><W54/><G54/><T24/><D119/><U127/><E127/><V118/><F118/><W7/><G7/><T29/><D116/><U31/><E95/><AGARI ba="0,1" hai="12,13,58,61,66,87,91,95" m="54359,49227" machi="95" ten="30,1500,0" yaku="19,1" doraHai="3" who="2" fromWho="1" sc="426,0,137,-15,413,25,14,0" /><INIT seed="6,1,0,2,2,121" ten="426,122,438,14" oya="2" hai0="25,105,53,115,87,134,79,108,15,113,119,93,27" hai1="55,59,11,74,68,5,104,91,94,67,89,95,117" hai2="64,51,100,52,30,65,54,18,131,84,22,92,77" hai3="56,82,23,47,34,85,58,133,118,102,99,125,135"/><V81/><F131/><W49/><G34/><T116/><D134/><N who="3" m="51209" /><G23/><T39/><D105/><U50/><E117/><N who="0" m="45129" /><D39/><U8/><E104/><V44/><F30/><W72/><G72/><T66/><D66/><U48/><E74/><V78/><F78/><N who="3" m="46295" /><G125/><T38/><D38/><U36/><E36/><V16/><F54/><N who="3" m="30015" /><G118/><T86/><D15/><N who="1" m="5519" /><E68/><V43/><F43/><W9/><G9/><T106/><D106/><AGARI ba="1,0" hai="56,58,99,102,106" m="30015,46295,51209" machi="106" ten="30,1000,0" yaku="20,1" doraHai="121" who="3" fromWho="0" sc="426,-13,122,0,438,0,14,13" /><INIT seed="7,0,0,0,3,17" ten="413,122,438,27" oya="3" hai0="95,33,120,94,25,113,40,57,52,0,124,34,63" hai1="21,72,35,82,2,61,59,135,118,55,123,60,45" hai2="29,99,56,105,134,114,3,104,22,83,28,86,39" hai3="107,80,36,8,44,26,20,98,16,6,62,76,43"/><W129/><G129/><T127/><D120/><U102/><E35/><V97/><F39/><W106/><G62/><T112/><D0/><U14/><E2/><V103/><F3/><W85/><REACH who="3" step="1"/><G98/><REACH who="3" ten="413,122,438,17" step="2"/><T78/><D63/><N who="1" m="36351" /><E123/><V116/><F99/><W38/><G38/><T128/><D128/><U126/><E61/><V75/><F97/><W81/><G81/><T101/><D127/><U109/><E82/><V88/><F83/><W19/><G19/><T49/><D124/><U67/><E126/><V91/><F29/><W96/><G96/><T71/><D101/><U30/><E102/><V51/><F103/><W74/><G74/><T89/><D113/><U54/><E72/><V31/><F75/><W68/><G68/><T46/><D71/><U1/><E30/><V115/><F31/><W117/><G117/><T132/><D112/><U108/><E118/><V131/><F116/><W133/><G133/><T47/><D132/><U100/><E135/><V53/><F131/><W41/><G41/><T37/><D40/><U11/><E100/><V73/><F73/><W12/><AGARI ba="0,1" hai="6,8,12,16,20,26,36,43,44,76,80,85,106,107" machi="12" ten="20,18000,2" yaku="1,1,0,1,7,1,52,1,54,1,53,1" doraHai="17" doraHaiUra="69" who="3" fromWho="3" sc="413,-60,122,-60,438,-60,17,190" /><INIT seed="7,1,0,2,2,19" ten="353,62,378,207" oya="3" hai0="12,40,24,75,1,53,94,96,121,117,135,76,8" hai1="17,95,97,32,28,22,69,44,108,3,56,11,103" hai2="105,46,110,15,107,47,64,60,29,34,130,124,49" hai3="84,20,73,18,111,52,128,38,80,23,62,92,26"/><W37/><G128/><T59/><D117/><U131/><E108/><V129/><F110/><W7/><G111/><T116/><D116/><U120/><E120/><V109/><F109/><W119/><G119/><T21/><D121/><U81/><E131/><N who="2" m="50187" /><F124/><W100/><G73/><T58/><D135/><U79/><E69/><N who="2" m="42119" /><F15/><W127/><G127/><T98/><D1/><U42/><E56/><V133/><F133/><W72/><G72/><T83/><D40/><U48/><E32/><V122/><F122/><W54/><G7/><T14/><D59/><U61/><E3/><V132/><F132/><W85/><G62/><T118/><D118/><U13/><E61/><V68/><F68/><W50/><G38/><T6/><D94/><U71/><E71/><V77/><F77/><N who="3" m="46095" /><G37/><T16/><D14/><U25/><E79/><V43/><F47/><W104/><G104/><T27/><D27/><AGARI ba="1,0" hai="27,29,34,43,46,49,105,107" m="42119,50187" machi="27" ten="30,1000,0" yaku="19,1" doraHai="19" who="2" fromWho="0" sc="353,-13,62,0,378,13,207,0" owari="340,14.0,62,-44.0,391,49.0,207,-19.0" /></mjloggm>