<mjloggm ver="2.3"><GO type="169" lobby="0"/><UN n0="%E3%82%88%E3%81%97%E3%81%8B" n1="%4A%61%6E%2D%4D%61%63%68" n2="%74%61%6D%61%67%6F%E5%A4%A7%E5%A5%BD" n3="%E3%82%A6%E3%83%AB%E3%83%88%E3%83%A9%E7%AB%8B%E7%9B%B4" dan="16,19,16,18" rate="2058.91,2295.98,2015.22,2262.70" sx="M,M,F,M"/><TAIKYOKU oya="0"/><INIT seed="0,0,0,4,1,74" ten="250,250,250,250" oya="0" hai0="7,3,10,91,51,0,27,76,89,77,50,118,129" hai1="88,116,134,110,128,82,124,70,114,68,59,106,4" hai2="92,117,130,100,108,115,14,80,81,63,64,37,78" hai3="101,94,58,75,6,133,44,12,31,99,54,56,19"/><T86/><D118/><U62/><E106/><V29/><F115/><W26/><G133/><T119/><D119/><U96/><E116/><V21/><F117/><W131/><G131/><T34/><D129/><U15/><E128/><V65/><F130/><W28/><G75/><T69/><D69/><U40/><E40/><V8/><F108/><W35/><G6/><T9/><D34/><U121/><E121/><V123/><F37/><W57/><G31/><T73/><D73/><U30/><E30/><V122/><F81/><W87/><G44/><T1/><D27/><U102/><E110/><V72/><F65/><W60/><REACH who="3" step="1"/><G87/><REACH who="3" ten="250,250,250,240" step="2"/><T43/><D7/><U24/><E134/><V33/><F122/><W71/><G71/><T126/><D126/><U53/><E70/><V111/><F111/><W45/><G45/><T52/><D43/><U79/><E68/><V67/><F123/><W97/><G97/><T39/><D39/><U42/><E42/><V66/><F33/><W13/><G13/><T46/><D86/><N who="1" m="48479" /><E24/><V20/><F29/><W55/><G55/><T22/><D52/><U90/><E124/><V125/><F125/><W17/><G17/><T132/><D46/><U48/><E114/><V49/><F66/><W135/><G135/><T109/><D132/><U120/><E120/><V23/><F67/><W105/><G105/><T103/><D109/><U5/><E5/><V47/><F47/><W127/><G127/><T113/><D113/><U84/><E84/><V85/><F72/><W41/><G41/><T104/><D104/><U38/><E4/><V95/><F64/><RYUUKYOKU ba="0,1" sc="250,-10,250,-10,250,-10,240,30" hai3="12,19,26,28,35,54,56,57,58,60,94,99,101" /><INIT seed="1,1,1,3,4,84" ten="240,240,240,270" oya="1" hai0="55,112,72,16,124,98,77,19,0,101,18,96,30" hai1="11,13,106,100,4,41,117,83,107,103,89,129,65" hai2="128,36,133,23,5,114,105,109,39,9,71,59,12" hai3="126,15,29,20,90,76,6,91,73,66,67,92,47"/><U42/><E117/><V63/><F109/><W134/><G73/><T93/><D112/><U7/><E129/><V3/><F114/><W121/><G121/><T60/><D0/><U35/><E35/><V1/><F105/><W61/><G126/><T37/><D124/><U40/><E65/><N who="3" m="24586" /><G134/><T64/><D37/><U94/><E83/><V118/><F118/><W108/><G108/><T74/><D30/><U79/><E79/><V51/><F71/><W49/><G76/><T31/><D31/><U85/><E107/><V38/><F128/><W48/><G61/><T14/><D55/><U115/><E115/><V25/><F133/><W26/><G92/><T8/><D96/><U28/><E28/><V87/><F51/><N who="3" m="19531" /><G47/><T104/><D104/><U81/><E106/><V58/><F59/><W45/><G45/><T120/><D120/><U127/><E127/><V135/><F135/><W56/><G56/><T132/><D132/><U80/><E81/><V62/><F62/><W82/><G82/><T52/><D77/><N who="1" m="46223" /><E4/><V57/><F57/><W110/><G110/><T53/><D74/><U24/><E24/><V43/><F43/><N who="1" m="11009" /><U97/><AGARI ba="1,1" hai="7,11,13,89,94,97,100,103" m="11009,46223" machi="97" ten="30,6000,0" yaku="4,1,8,1,52,1" doraHai="84" who="1" fromWho="1" sc="240,-21,240,73,240,-21,270,-21" /><INIT seed="1,2,0,2,2,9" ten="219,313,219,249" oya="1" hai0="109,13,60,68,78,53,84,43,67,44,37,15,80" hai1="2,64,105,125,90,5,51,73,87,132,23,115,127" hai2="50,76,59,111,135,75,91,1,101,69,95,25,106" hai3="113,54,34,108,102,117,48,89,7,81,129,83,11"/><U120/><E73/><V41/><F69/><W39/><G113/><T77/><D109/><U71/><E105/><V116/><F111/><W61/><G39/><T12/><REACH who="0" step="1"/><D53/><REACH who="0" ten="209,313,219,249" step="2"/><U122/><E115/><V49/><F116/><W36/><G54/><T82/><D82/><U99/><E122/><V104/><F135/><W130/><G83/><T133/><D133/><U29/><E120/><V126/><F126/><W46/><G81/><T22/><D22/><U20/><E23/><V17/><F75/><W45/><G108/><T112/><D112/><U63/><E132/><V57/><F76/><AGARI ba="2,1" hai="12,13,15,37,43,44,60,67,68,76,77,78,80,84" machi="76" ten="40,8000,1" yaku="1,1,52,3,53,0" doraHai="9" doraHaiUra="0" who="0" fromWho="2" sc="209,96,313,0,219,-86,249,0" /><INIT seed="2,0,0,0,3,29" ten="305,313,133,249" oya="2" hai0="66,135,110,77,36,64,89,92,121,63,96,56,94" hai1="132,118,129,103,33,112,9,40,83,68,28,108,16" hai2="69,76,131,115,62,78,35,90,117,30,38,18,39" hai3="79,5,14,43,17,51,81,48,44,113,102,134,111"/><V25/><F117/><W21/><G111/><T52/><D121/><U80/><E118/><V11/><F115/><W24/><G134/><T114/><D114/><U46/><E68/><V71/><F131/><W19/><G113/><T54/><D110/><U42/><E108/><V123/><F123/><W60/><G102/><T3/><D3/><U34/><E28/><V20/><F11/><W8/><G60/><T130/><D135/><U95/><E132/><V31/><F31/><W128/><G128/><T104/><D130/><U58/><E58/><V133/><F133/><W125/><G125/><T107/><D36/><U100/><E129/><V41/><F39/><W12/><G51/><T65/><D77/><U45/><E112/><V13/><F62/><W105/><G105/><T82/><D82/><U22/><E95/><V93/><F69/><W26/><REACH who="3" step="1"/><G19/><REACH who="3" ten="305,313,133,239" step="2"/><T49/><REACH who="0" step="1"/><D94/><REACH who="0" ten="295,313,133,239" step="2"/><U2/><E83/><V7/><F71/><W70/><G70/><T0/><D0/><U67/><E80/><V37/><F38/><W75/><AGARI ba="0,2" hai="5,8,12,14,17,21,24,26,43,44,48,75,79,81" machi="75" ten="20,5200,0" yaku="1,1,0,1,7,1,53,1" doraHai="29" doraHaiUra="47" who="3" fromWho="3" sc="295,-13,313,-13,133,-26,239,72" /><INIT seed="3,0,0,2,4,131" ten="282,300,107,311" oya="3" hai0="74,36,46,0,55,3,68,76,19,65,84,88,5" hai1="133,63,107,93,21,45,67,102,10,103,129,30,95" hai2="17,16,15,13,128,121,31,61,96,24,42,27,33" hai3="47,87,25,100,110,83,114,32,111,35,1,90,98"/><W94/><G1/><T58/><D19/><N who="2" m="7242" /><F42/><W28/><G114/><T26/><D26/><N who="2" m="9770" /><F96/><W104/><G47/><T109/><D109/><N who="3" m="41481" /><G35/><T23/><D36/><U44/><E21/><V37/><F37/><W69/><G69/><T81/><D46/><U11/><E30/><V125/><F61/><W112/><G112/><T54/><D68/><U122/><E107/><AGARI ba="0,0" hai="25,28,32,83,87,90,94,98,100,104,107" m="41481" machi="107" ten="30,2900,0" yaku="14,1,10,1" doraHai="131" who="3" fromWho="1" sc="282,0,300,-29,107,0,311,29" /><INIT seed="3,1,0,2,1,101" ten="282,271,107,340" oya="3" hai0="97,61,102,8,31,123,116,47,113,46,114,44,107" hai1="52,23,111,129,69,118,105,64,91,26,24,75,4" hai2="134,135,126,86,99,81,94,22,7,83,125,73,80" hai3="39,43,133,58,2,70,82,1,87,63,74,50,17"/><W10/><G133/><N who="2" m="50697" /><F7/><W49/><G74/><T93/><D116/><U117/><E75/><V59/><F22/><W5/><G17/><T42/><D123/><U57/><E4/><V89/><F59/><W112/><G112/><N who="0" m="43115" /><D31/><U27/><E129/><V98/><F73/><W3/><G70/><T78/><D78/><U19/><E111/><V56/><F56/><W14/><G39/><N who="0" m="21599" /><D8/><U16/><E91/><V55/><F55/><W9/><G9/><T68/><D93/><U72/><E64/><AGARI ba="1,0" hai="46,47,61,64,68,97,102,107" m="21599,43115" machi="64" ten="30,2000,0" yaku="11,1,52,1" doraHai="101" who="0" fromWho="1" sc="282,23,271,-23,107,0,340,0" /><INIT seed="4,0,0,1,3,16" ten="305,248,107,340" oya="0" hai0="45,51,131,44,61,113,7,85,19,29,26,35,110" hai1="24,106,126,56,129,87,118,73,95,22,67,52,124" hai2="63,117,84,64,97,8,39,18,119,125,15,134,58" hai3="120,59,115,98,90,66,71,41,112,21,9,6,49"/><T20/><D113/><U76/><E106/><V23/><F125/><N who="1" m="48233" /><E118/><V127/><F127/><W81/><G71/><T92/><D131/><U102/><E129/><V93/><F134/><W100/><G120/><T25/><D110/><U133/><E133/><V105/><F39/><W32/><G32/><T80/><D7/><U107/><E67/><V135/><F135/><W0/><G90/><T96/><D61/><U62/><E107/><V1/><F1/><W122/><G81/><T78/><REACH who="0" step="1"/><D51/><REACH who="0" ten="295,248,107,340" step="2"/><U128/><E128/><V40/><F40/><W114/><G41/><T109/><D109/><U34/><E34/><V111/><F111/><W12/><G49/><T54/><D54/><U82/><E73/><V27/><F105/><W30/><G122/><T38/><D38/><U123/><E123/><V48/><F48/><W91/><G6/><T108/><D108/><U116/><E116/><V94/><F84/><W37/><G37/><T17/><D17/><N who="1" m="12367" /><E95/><V101/><REACH who="2" step="1"/><F93/><REACH who="2" ten="295,248,97,340" step="2"/><W130/><G130/><T2/><D2/><U10/><E87/><V68/><F68/><W132/><G115/><T121/><D121/><U65/><E65/><V89/><F89/><AGARI ba="0,2" hai="19,20,25,26,29,35,44,45,78,80,85,89,92,96" machi="89" ten="30,5800,0" yaku="1,1,7,1,52,1,53,0" doraHai="16" doraHaiUra="103" who="0" fromWho="2" sc="295,78,248,0,97,-58,340,0" /><INIT seed="4,1,0,3,4,23" ten="373,248,39,340" oya="0" hai0="66,112,20,129,53,78,13,67,95,8,103,121,45" hai1="133,41,48,47,106,134,55,43,86,34,10,9,27" hai2="51,85,115,77,15,17,79,90,36,113,57,5,14" hai3="104,24,98,4,63,1,12,80,18,111,58,107,105"/><T71/><D121/><U128/><E106/><V31/><F36/><W69/><G69/><T82/><D112/><N who="2" m="43082" /><F31/><W83/><G111/><T64/><D129/><U19/><E128/><V125/><F125/><W102/><G1/><T126/><D126/><U100/><E100/><V40/><F5/><W70/><G70/><T130/><D130/><U29/><E86/><V123/><F123/><W75/><G4/><T127/><D127/><U0/><E0/><V76/><F17/><W73/><G24/><T101/><D71/><U68/><E68/><V87/><F40/><W39/><G39/><T119/><D119/><U94/><E94/><N who="2" m="54607" /><F87/><W46/><G73/><T35/><D35/><U114/><E114/><V2/><F2/><W3/><G75/><T26/><D95/><U65/><E65/><V92/><F92/><W16/><G3/><T61/><D67/><U132/><E19/><V25/><F25/><W91/><G18/><N who="0" m="8487" /><D64/><U28/><E28/><V21/><F21/><W32/><G32/><T89/><D66/><U50/><E43/><V56/><F51/><W72/><G72/><T22/><D20/><U108/><E108/><V99/><F99/><W54/><G107/><T135/><D22/><U60/><E60/><V42/><F42/><W37/><G105/><T44/><D61/><U11/><E11/><V96/><F96/><W59/><G98/><T131/><D131/><U81/><E81/><V97/><F97/><W93/><G83/><T120/><D82/><U62/><E62/><V30/><F30/><W109/><G80/><T116/><D120/><U52/><E41/><RYUUKYOKU ba="1,0" sc="373,-15,248,15,39,15,340,-15" hai1="9,10,27,29,34,47,48,50,52,55,132,133,134" hai2="14,15,56,57,76,77,79" /><INIT seed="5,2,0,5,2,128" ten="358,263,54,325" oya="1" hai0="46,22,97,62,73,54,89,29,115,122,121,79,21" hai1="130,41,111,55,99,30,116,72,40,37,105,129,12" hai2="39,71,43,65,59,34,118,133,108,103,106,18,81" hai3="64,74,49,69,125,91,110,101,20,31,63,32,84"/><U56/><E72/><V61/><F108/><W35/><G74/><T26/><D115/><U102/><E116/><V23/><F118/><W19/><G110/><T109/><D109/><U127/><E111/><V78/><F34/><W57/><G31/><T120/><D73/><U51/><E30/><V15/><F103/><W85/><G101/><T112/><D79/><U33/><E33/><V77/><F106/><W114/><G84/><T38/><D112/><U2/><E2/><V48/><F133/><W93/><G125/><T14/><D14/><U113/><E113/><V70/><F70/><W82/><G82/><T9/><D9/><U107/><E107/><V36/><F36/><W67/><G114/><T1/><D1/><U42/><E127/><V16/><F18/><W135/><G135/><T66/><D97/><U83/><E83/><V104/><F104/><W126/><G126/><T86/><D38/><U53/><E37/><V8/><F81/><W6/><G6/><T75/><D75/><U60/><REACH who="1" step="1"/><E12/><REACH who="1" ten="358,253,54,325" step="2"/><V117/><F117/><W88/><G35/><T10/><D120/><U76/><E76/><V17/><F78/><W94/><G32/><T3/><D121/><U90/><E90/><V95/><F77/><W58/><G91/><T119/><D122/><U47/><AGARI ba="2,1" hai="40,41,42,47,51,53,55,56,60,99,102,105,129,130" machi="47" ten="30,11700,0" yaku="1,1,0,1,53,2" doraHai="128" doraHaiUra="50" who="1" fromWho="1" sc="358,-41,253,133,54,-41,325,-41" /><INIT seed="5,3,0,5,3,11" ten="317,386,13,284" oya="1" hai0="109,106,14,25,115,57,96,30,6,97,21,94,45" hai1="67,26,131,60,55,19,32,90,135,117,93,17,120" hai2="56,129,99,68,91,63,126,72,101,130,50,42,107" hai3="22,61,108,41,81,114,54,29,38,80,127,5,27"/><U20/><E120/><V110/><F110/><W58/><G108/><T39/><D109/><U31/><E117/><V28/><F126/><W75/><G114/><T23/><D115/><U0/><E0/><V9/><F68/><W34/><G127/><T78/><D106/><U83/><E135/><V82/><F28/><W36/><G5/><T12/><D39/><U62/><E83/><V92/><F9/><W64/><G34/><T116/><D116/><U35/><E131/><V73/><F50/><N who="3" m="31063" /><G75/><T4/><D78/><U85/><E35/><V112/><F42/><W76/><G76/><T74/><D74/><N who="2" m="28778" /><F56/><W10/><G10/><T134/><D57/><U24/><E55/><V69/><F63/><W104/><G104/><T124/><D124/><U51/><E51/><V52/><F52/><W118/><G118/><T65/><D134/><U49/><E49/><V47/><F47/><N who="3" m="23975" /><G38/><T100/><D45/><U119/><E119/><V128/><F69/><AGARI ba="3,0" hai="22,27,29,61,64,69,80,81" m="23975,31063" machi="69" ten="30,1000,0" yaku="24,1" doraHai="11" who="3" fromWho="2" sc="317,0,386,0,13,-19,284,19" owari="317,12.0,386,49.0,-6,-51.0,303,-10.0" /></mjloggm>