<mjloggm ver="2.3"><GO type="169" lobby="0"/><UN n0="%E3%82%A6%E3%83%AB%E3%83%88%E3%83%A9%E7%AB%8B%E7%9B%B4" n1="%73%68%61%70%65%6C%65%72" n2="%79%75%73%68%69%2A%2A" n3="%E3%82%BF%E3%83%BC%E3%83%84" dan="18,16,16,17" rate="2219.68,2114.05,2037.44,2184.76" sx="M,M,M,M"/><TAIKYOKU oya="0"/><INIT seed="0,0,0,5,1,66" ten="250,250,250,250" oya="0" hai0="18,13,83,132,8,6,72,15,40,1,112,37,26" hai1="126,17,118,74,61,63,23,75,84,59,95,93,121" hai2="117,134,10,86,76,108,38,68,113,109,54,130,124" hai3="88,45,102,125,9,53,82,128,116,43,33,80,27"/><T39/><D112/><U11/><E118/><V65/><F10/><W85/><G116/><T89/><D132/><U103/><E121/><V67/><F76/><W107/><G125/><T64/><D89/><U52/><E126/><V98/><F98/><W92/><G128/><T32/><D64/><U2/><E63/><V70/><F86/><W133/><G107/><T120/><D120/><U21/><E21/><V30/><F30/><W36/><G133/><T20/><D40/><U16/><E95/><V106/><F54/><W7/><G53/><T99/><D99/><U34/><E34/><V42/><F42/><W56/><G56/><T79/><REACH who="0" step="1"/><D15/><REACH who="0" ten="240,250,250,250" step="2"/><U47/><E103/><V3/><F67/><W71/><G102/><T123/><D123/><U94/><E2/><V73/><F65/><W60/><G43/><T0/><D0/><U115/><E115/><V100/><F100/><W29/><BYE who="2" /><G88/><T51/><D51/><U87/><E52/><V127/><F127/><W96/><G36/><T62/><D62/><U31/><E61/><V5/><F5/><W35/><G60/><T55/><D55/><U101/><E101/><V81/><F81/><W49/><G80/><T46/><D46/><U12/><E47/><V48/><F48/><W119/><G49/><UN n2="%79%75%73%68%69%2A%2A" /><T25/><D25/><U111/><E59/><V50/><F50/><W104/><G45/><T69/><D69/><U28/><E12/><V44/><F68/><W91/><G71/><T135/><D135/><U131/><E131/><V58/><F44/><W24/><G27/><T97/><D97/><U41/><E41/><RYUUKYOKU ba="0,1" sc="240,30,250,-10,250,-10,250,-10" hai0="1,6,8,13,18,20,26,32,37,39,72,79,83" /><INIT seed="0,1,1,3,5,33" ten="270,240,240,240" oya="0" hai0="89,116,102,32,113,105,2,74,66,41,91,125,65" hai1="83,29,68,61,26,90,121,107,16,23,88,133,106" hai2="79,22,31,76,4,43,44,60,112,103,71,14,93" hai3="28,70,27,21,84,111,120,18,104,134,80,15,67"/><T0/><D113/><U100/><E121/><V37/><F31/><W96/><G120/><T97/><D116/><U73/><E133/><V40/><F112/><W87/><G134/><T114/><D114/><U117/><E117/><V51/><F43/><W95/><G111/><T77/><D32/><U10/><E73/><V115/><F115/><W25/><G27/><T5/><D125/><U3/><E83/><V98/><F37/><W123/><G104/><T19/><D19/><U50/><E50/><V99/><F99/><W8/><G123/><T129/><D129/><U110/><E110/><V42/><F42/><W13/><G67/><T63/><D65/><U72/><E72/><V34/><F34/><W1/><G70/><T6/><D41/><U109/><E109/><V47/><F47/><W119/><G1/><T45/><D45/><U69/><E69/><V64/><F22/><W94/><G87/><T54/><D54/><U130/><E130/><V122/><F122/><W85/><G84/><T86/><D6/><U126/><E126/><V127/><F127/><W81/><G80/><N who="0" m="45111" /><D91/><U35/><E61/><V131/><F131/><W132/><G119/><T49/><D5/><N who="1" m="1343" /><E68/><V118/><F118/><W48/><G48/><T57/><D49/><U38/><E38/><V108/><REACH who="2" step="1"/><F108/><REACH who="2" ten="270,240,230,240" step="2"/><W12/><G96/><T56/><D56/><U124/><E124/><V58/><F58/><W52/><G132/><T62/><D62/><U59/><E59/><V53/><F53/><W39/><G52/><T20/><D20/><U24/><E100/><V36/><F36/><W30/><G39/><RYUUKYOKU ba="1,2" sc="270,10,240,10,230,10,240,-30" hai0="0,2,57,63,66,86,89,97,102,105" hai1="16,23,24,26,29,35,88,90,106,107" hai2="4,14,40,44,51,60,64,71,76,79,93,98,103" /><INIT seed="0,2,2,3,0,62" ten="280,250,240,210" oya="0" hai0="25,115,133,94,103,97,55,98,104,110,90,123,51" hai1="70,118,68,64,7,114,120,75,132,105,18,102,130" hai2="92,41,57,100,83,126,4,134,60,111,2,32,31" hai3="71,96,59,3,86,27,101,9,36,65,127,135,129"/><T26/><D115/><U112/><E118/><V6/><F41/><W67/><G36/><T48/><D123/><U50/><E120/><V10/><F4/><W12/><G3/><T1/><D1/><U91/><E75/><V61/><F126/><W43/><G71/><T69/><D133/><U44/><E7/><V16/><F134/><W46/><G135/><T89/><D110/><U54/><E132/><V19/><F111/><W116/><G129/><T122/><D122/><U125/><E130/><V88/><F83/><W47/><G127/><T42/><D69/><U34/><E34/><V28/><F100/><W106/><G59/><T79/><D79/><U80/><E125/><V66/><F60/><W15/><G27/><T124/><D124/><U74/><E70/><V131/><F131/><W23/><G86/><T95/><D42/><U99/><E68/><V113/><F113/><W121/><G116/><T0/><D0/><U8/><E74/><V29/><REACH who="2" step="1"/><F32/><REACH who="2" ten="280,250,230,210" step="2"/><W93/><G121/><T5/><D5/><U109/><E109/><V58/><F58/><W14/><G43/><T82/><D82/><U11/><E114/><V56/><F56/><W52/><G47/><T76/><D76/><U63/><E112/><V128/><F128/><W24/><G106/><T78/><D78/><U81/><E91/><V17/><F17/><N who="3" m="12399" /><G46/><N who="0" m="28055" /><D51/><U53/><E50/><V13/><F13/><N who="3" m="5227" /><G52/><T21/><D104/><U107/><E105/><V30/><N who="2" m="7680" /><DORA hai="117" /><V87/><AGARI ba="2,3" hai="2,6,10,16,19,57,61,66,87,88,92" m="7680" machi="87" ten="40,12000,2" yaku="1,1,4,1,0,1,52,1,54,2,53,1" doraHai="62,117" doraHaiUra="40,33" who="2" fromWho="2" sc="280,-62,250,-32,230,156,210,-32" /><INIT seed="1,0,0,5,2,111" ten="218,218,386,178" oya="1" hai0="32,101,60,91,59,121,115,67,90,2,117,73,103" hai1="38,51,71,95,74,5,48,33,47,116,75,133,89" hai2="0,26,46,84,88,98,130,118,83,62,72,113,36" hai3="12,24,108,41,68,127,49,99,104,87,78,35,105"/><U114/><E116/><V109/><F0/><W15/><G108/><T42/><D117/><U50/><E33/><V93/><F109/><W18/><G68/><T57/><D73/><U13/><E71/><V30/><F118/><W94/><G127/><T7/><D32/><U61/><E61/><V96/><F130/><W119/><G119/><T112/><D42/><U124/><E124/><V81/><F62/><W120/><G120/><T52/><D121/><U122/><E122/><V43/><F83/><W102/><G105/><T22/><D22/><U128/><E128/><V64/><F64/><W134/><G134/><T55/><D60/><U129/><E129/><V29/><F29/><W135/><G135/><T28/><D28/><U53/><E133/><V8/><F8/><W17/><G35/><T6/><REACH who="0" step="1"/><D2/><REACH who="0" ten="208,218,386,178" step="2"/><U40/><E75/><V85/><F72/><W3/><G3/><T76/><D76/><U31/><E31/><V110/><F110/><W69/><G78/><T79/><D79/><U82/><E74/><V125/><F125/><W44/><G41/><T106/><D106/><U23/><E23/><V11/><F11/><W37/><G104/><T34/><D34/><U4/><E40/><V92/><F30/><W123/><G123/><T21/><D21/><U10/><E10/><V86/><F43/><W70/><G37/><T1/><D1/><U27/><E38/><V63/><F63/><W16/><G15/><T97/><D97/><U56/><E13/><V20/><F98/><W25/><G12/><T126/><D126/><U58/><E27/><V66/><F36/><RYUUKYOKU ba="0,1" sc="208,30,218,-10,386,-10,178,-10" hai0="6,7,52,55,57,59,67,90,91,101,103,112,115" /><INIT seed="2,1,1,2,5,33" ten="238,208,376,168" oya="2" hai0="92,8,18,19,82,90,100,65,62,54,46,70,81" hai1="113,107,12,127,28,2,26,48,86,57,123,118,4" hai2="126,74,128,38,40,122,131,124,104,13,64,93,84" hai3="78,24,106,66,29,56,16,75,63,31,32,42,111"/><V6/><F64/><W11/><G106/><T96/><D54/><U67/><E113/><V110/><F40/><W77/><G111/><T27/><D46/><U119/><E107/><V89/><F38/><W105/><G105/><T34/><D19/><U99/><E127/><N who="2" m="48683" /><F6/><W61/><G42/><T117/><D117/><U83/><E123/><V95/><F13/><W109/><G109/><T60/><D60/><U94/><E12/><V79/><F110/><W9/><G75/><T50/><D50/><U23/><E4/><V45/><F45/><W0/><G0/><T59/><D70/><U134/><E2/><V88/><F104/><W125/><G125/><T80/><D34/><U21/><E21/><V7/><F7/><W121/><G121/><T39/><D39/><U112/><E112/><V69/><F69/><W20/><G32/><T3/><D3/><U103/><E48/><V25/><F25/><W132/><G63/><T14/><REACH who="0" step="1"/><D27/><REACH who="0" ten="228,208,376,168" step="2"/><U35/><E35/><V53/><F53/><W87/><G61/><T5/><D5/><U116/><E67/><V30/><F122/><W101/><G66/><T55/><D55/><U17/><E17/><V41/><F41/><W1/><G1/><T85/><AGARI ba="1,2" hai="8,14,18,59,62,65,80,81,82,85,90,92,96,100" machi="85" ten="30,4000,0" yaku="1,1,0,1,8,1,53,0" doraHai="33" doraHaiUra="36" who="0" fromWho="0" sc="228,63,208,-11,376,-21,168,-11" /><INIT seed="3,0,0,5,2,26" ten="291,197,355,157" oya="3" hai0="77,44,125,58,1,99,32,20,43,111,113,25,134" hai1="92,4,127,82,79,27,54,52,97,68,17,115,130" hai2="76,74,39,116,53,10,126,49,21,117,103,9,22" hai3="61,14,36,118,57,94,80,5,23,8,0,83,50"/><W133/><G118/><T30/><D111/><U7/><E115/><V70/><F39/><W59/><G36/><T72/><D125/><U95/><E68/><V105/><F70/><W63/><G133/><T66/><D134/><U41/><E127/><V29/><F126/><W93/><G0/><T120/><D120/><U131/><E41/><V12/><F76/><W56/><G50/><T122/><D122/><U124/><E124/><V13/><F53/><W114/><G23/><T91/><D1/><U18/><E79/><V100/><F105/><W35/><G35/><T85/><D99/><U89/><E27/><V15/><F74/><W121/><G114/><T34/><D77/><U24/><E24/><V45/><F45/><W132/><G132/><T37/><D72/><U90/><E97/><V62/><F62/><W109/><G109/><T73/><D73/><U11/><E11/><V98/><F98/><W123/><G121/><T33/><D113/><U28/><E82/><N who="3" m="31274" /><G123/><T135/><D135/><U112/><E112/><V88/><F13/><W69/><G69/><T31/><D20/><U2/><E2/><V6/><F49/><W128/><G128/><T65/><D25/><U81/><E81/><V86/><F6/><W42/><G42/><T40/><D40/><U129/><E130/><V51/><F51/><W102/><G102/><T75/><D75/><U119/><E119/><V101/><F101/><W96/><G96/><T16/><D37/><U48/><E48/><V19/><F117/><W108/><G108/><T71/><D34/><U106/><E106/><V78/><F78/><RYUUKYOKU ba="0,0" sc="291,-15,197,15,355,-15,157,15" hai1="4,7,17,18,28,52,54,89,90,92,95,129,131" hai3="5,8,14,56,57,59,61,63,93,94" /><BYE who="2" /><INIT seed="3,1,0,4,1,95" ten="276,212,340,172" oya="3" hai0="31,115,12,34,100,13,89,3,90,26,30,55,121" hai1="4,101,109,118,125,105,49,129,85,81,0,1,78" hai2="28,36,5,32,19,112,23,18,86,120,91,16,84" hai3="20,6,29,114,46,22,10,45,14,52,51,43,80"/><W103/><G114/><UN n2="%79%75%73%68%69%2A%2A" /><T127/><D121/><U87/><E109/><V97/><F97/><W68/><BYE who="2" /><G68/><T88/><D127/><U82/><E125/><V66/><F66/><W77/><G103/><T17/><D115/><U7/><E129/><V25/><F25/><W54/><G29/><T102/><D31/><U24/><E118/><V42/><F42/><W64/><G64/><T128/><D128/><U8/><E24/><V50/><F50/><W108/><G54/><T96/><D3/><U59/><E49/><V74/><F74/><W135/><G135/><T21/><D55/><U47/><E47/><V113/><F113/><W69/><G69/><T67/><D67/><U131/><E59/><V117/><F117/><W38/><REACH who="3" step="1"/><G108/><REACH who="3" ten="276,212,340,162" step="2"/><T63/><D102/><U106/><E101/><V58/><F58/><W94/><G94/><T57/><D30/><UN n2="%79%75%73%68%69%2A%2A" /><U11/><REACH who="1" step="1"/><E131/><REACH who="1" ten="276,202,340,162" step="2"/><V79/><F79/><BYE who="2" /><AGARI ba="1,2" hai="0,1,4,7,8,11,78,79,81,82,85,87,105,106" machi="79" ten="30,12000,2" yaku="1,1,2,1,7,1,32,3,53,0" doraHai="95" doraHaiUra="98" who="1" fromWho="2" sc="276,0,202,143,340,-123,162,0" /><INIT seed="4,0,0,0,3,119" ten="276,345,217,162" oya="0" hai0="36,118,34,135,2,92,47,24,70,117,17,93,86" hai1="64,90,37,61,29,6,18,20,56,72,52,125,115" hai2="35,69,110,66,33,26,79,83,103,19,122,132,123" hai3="38,78,40,114,87,59,98,67,55,41,74,23,112"/><T108/><D70/><U15/><E115/><V65/><F65/><W88/><G74/><T42/><D2/><U43/><E125/><V71/><F71/><W30/><G78/><UN n2="%79%75%73%68%69%2A%2A" /><T5/><D5/><U53/><E72/><V57/><F69/><W45/><G98/><T126/><D126/><U60/><E6/><V73/><F110/><W94/><G41/><T89/><D135/><U44/><E61/><V39/><F39/><W12/><G67/><T120/><D120/><U48/><E37/><V97/><F35/><W0/><G0/><T14/><D108/><U62/><E62/><V124/><F132/><W116/><G116/><T49/><D36/><U22/><E90/><V81/><F81/><W21/><G21/><T91/><D24/><AGARI ba="0,0" hai="15,18,20,22,24,29,43,44,48,52,53,56,60,64" machi="24" ten="40,2600,0" yaku="8,1,54,1" doraHai="119" who="1" fromWho="0" sc="276,-26,345,26,217,0,162,0" /><INIT seed="5,0,0,3,4,70" ten="250,371,217,162" oya="1" hai0="65,9,81,94,75,103,105,53,19,28,26,118,42" hai1="31,51,45,73,98,2,27,83,119,55,13,3,111" hai2="91,95,106,97,46,77,57,20,15,125,49,128,127" hai3="33,32,116,6,17,115,35,56,99,67,72,62,18"/><U38/><E119/><V8/><F106/><W30/><G72/><T66/><D53/><U110/><E13/><V16/><F77/><W123/><G123/><T90/><D19/><U47/><E98/><V121/><F57/><W21/><G116/><T120/><D9/><U63/><E63/><V129/><F20/><W135/><G6/><T25/><D42/><N who="1" m="22743" /><E83/><V37/><F121/><W108/><G108/><N who="1" m="41514" /><E73/><V43/><F49/><W34/><G34/><AGARI ba="0,0" hai="2,3,27,31,34,47,51,55" m="41514,22743" machi="34" ten="30,2900,0" yaku="10,1,52,1" doraHai="70" who="1" fromWho="3" sc="250,0,371,29,217,0,162,-29" /><INIT seed="5,1,0,0,0,46" ten="250,400,217,133" oya="1" hai0="93,73,7,98,94,105,68,63,127,129,80,2,135" hai1="99,28,59,15,43,11,75,9,48,23,47,70,44" hai2="128,14,13,96,91,31,34,78,117,92,122,52,95" hai3="19,83,30,67,36,102,20,82,116,42,64,40,131"/><U106/><E70/><V55/><F78/><W79/><G116/><T6/><D63/><U37/><E75/><V108/><F117/><W100/><G131/><T65/><D65/><U72/><E72/><V115/><F108/><W69/><G30/><T8/><D8/><U86/><E59/><V18/><F122/><W120/><G120/><T49/><D80/><U17/><E28/><V134/><F128/><W126/><G126/><T123/><D98/><U58/><E58/><V60/><F134/><W110/><G83/><T24/><D24/><U0/><E0/><V81/><F115/><W112/><G110/><T62/><D62/><U88/><E99/><V61/><F81/><W12/><G112/><T32/><D94/><U4/><E106/><V84/><F18/><W101/><G36/><T125/><D93/><U77/><E77/><V85/><F34/><W119/><G119/><T33/><D33/><U41/><E4/><V25/><F25/><W1/><G1/><T71/><D7/><U53/><E43/><V89/><F96/><W132/><G132/><T104/><D6/><U10/><E23/><V130/><F130/><W35/><G35/><T66/><D125/><U87/><E87/><V29/><AGARI ba="1,0" hai="13,14,29,31,52,55,60,61,84,85,89,91,92,95" machi="29" ten="25,8000,1" yaku="0,1,22,2,8,1,54,1" doraHai="46" who="2" fromWho="2" sc="250,-21,400,-41,217,83,133,-21" /><INIT seed="6,0,0,1,0,22" ten="229,359,300,112" oya="2" hai0="106,98,96,78,32,118,116,67,104,94,65,46,77" hai1="111,41,83,87,56,9,26,86,112,48,90,53,105" hai2="102,95,108,55,74,6,109,30,92,115,128,16,57" hai3="2,85,126,99,29,69,73,40,134,37,68,43,25"/><V44/><F74/><W124/><G73/><T130/><D46/><U100/><E111/><N who="2" m="42571" /><F6/><W101/><G85/><T39/><D39/><U131/><E112/><V117/><F117/><N who="0" m="45162" /><D32/><U91/><E131/><V36/><F115/><W35/><G2/><T120/><D120/><U132/><E132/><V76/><F76/><N who="0" m="29290" /><D130/><U42/><E9/><V62/><F128/><W14/><G14/><T7/><D7/><U27/><E100/><V1/><F1/><W66/><G43/><N who="1" m="16394" /><E105/><N who="0" m="40553" /><D94/><AGARI ba="0,0" hai="26,27,48,53,56,83,86,87,90,91,94" m="16394" machi="94" ten="30,3900,0" yaku="8,1,52,2" doraHai="22" who="1" fromWho="0" sc="229,-39,359,39,300,0,112,0" /><INIT seed="7,0,0,2,3,91" ten="190,398,300,112" oya="3" hai0="94,118,83,27,111,82,95,75,113,64,98,49,44" hai1="62,110,13,130,74,8,57,112,127,9,131,69,33" hai2="34,81,23,30,10,32,125,42,133,50,99,7,16" hai3="71,11,114,79,55,40,102,35,100,60,39,5,31"/><W12/><G114/><T15/><D118/><U52/><E110/><V108/><F81/><N who="0" m="30730" /><D75/><U24/><E74/><V104/><F108/><W46/><G79/><T86/><D111/><U59/><E112/><V43/><F125/><W29/><G35/><T72/><D72/><U22/><E33/><V84/><F133/><W109/><G109/><T45/><D113/><U25/><E127/><V58/><F84/><W89/><G89/><N who="0" m="53559" /><D64/><U63/><E69/><V38/><F38/><W48/><G102/><N who="0" m="60767" /><D27/><U122/><E122/><V85/><F85/><W135/><G100/><T80/><D80/><U132/><E132/><V66/><F99/><W4/><G4/><T105/><D105/><U78/><E78/><V41/><F104/><W6/><G6/><T61/><D61/><U129/><E13/><V28/><F66/><W20/><G20/><T1/><D1/><U56/><E56/><V3/><F32/><W36/><G135/><T87/><D87/><U92/><E92/><V2/><F2/><W134/><G134/><T51/><D15/><U37/><E37/><V116/><F116/><W14/><G14/><T68/><D68/><U19/><E25/><V119/><F119/><W117/><G117/><T73/><D73/><U18/><E18/><V107/><F107/><W120/><G120/><T88/><D88/><U90/><E90/><V0/><F0/><W77/><G77/><T115/><D115/><U21/><E21/><V97/><F97/><W123/><G123/><T124/><D124/><U103/><E103/><V101/><F101/><W126/><G126/><T67/><D67/><AGARI ba="0,0" hai="8,9,19,22,24,52,57,59,62,63,67,129,130,131" machi="67" ten="40,5200,0" yaku="6,1,19,1,54,1" doraHai="91" who="1" fromWho="0" sc="190,-52,398,52,300,0,112,0" owari="138,-26.0,450,55.0,300,10.0,112,-39.0" /></mjloggm>