<mjloggm ver="2.3"><GO type="169" lobby="0"/><UN n0="%E3%82%A6%E3%83%AB%E3%83%88%E3%83%A9%E7%AB%8B%E7%9B%B4" n1="%72%79%6F%EF%BC%A0%4D%4A" n2="%E6%A1%9C%E4%BA%95%E3%81%95%E3%82%93" n3="%E3%83%89%E3%83%90%E3%82%AF%E3%83%81%E5%A4%A7%E9%87%8E" dan="18,16,17,17" rate="2232.17,2045.64,2236.60,2140.97" sx="M,M,M,M"/><TAIKYOKU oya="0"/><INIT seed="0,0,0,4,0,69" ten="250,250,250,250" oya="0" hai0="63,11,129,70,74,92,44,12,77,23,20,35,41" hai1="112,128,62,34,68,25,105,107,38,123,67,64,16" hai2="73,14,119,33,26,85,111,3,60,116,121,106,4" hai3="61,95,1,75,57,117,7,40,109,133,78,108,48"/><T130/><BYE who="1" /><D35/><U36/><E36/><V10/><F73/><W118/><G1/><T47/><D74/><U72/><E72/><V54/><F106/><W98/><G7/><T97/><D77/><U2/><E2/><V89/><F60/><W71/><G75/><T122/><D63/><U90/><E90/><V94/><F121/><W6/><G6/><T29/><D70/><U58/><E58/><V80/><F111/><W115/><G78/><T19/><D122/><UN n1="%72%79%6F%EF%BC%A0%4D%4A" /><U82/><E128/><N who="0" m="49257" /><D29/><U51/><E62/><V120/><F54/><W134/><G115/><T131/><N who="0" m="49265" /><T53/><DORA hai="42" /><D53/><U45/><E68/><V91/><F120/><W39/><G71/><T96/><D96/><U30/><E30/><V125/><F33/><W43/><G98/><T66/><D66/><U110/><E64/><V83/><F85/><W102/><G48/><N who="0" m="26639" /><D47/><U113/><E67/><V99/><F99/><N who="3" m="59775" /><G43/><T5/><D5/><U103/><E34/><V13/><F4/><W88/><G117/><T127/><D127/><U27/><E112/><V8/><F125/><W31/><G118/><T114/><D114/><U15/><E113/><V55/><F3/><W87/><G31/><T24/><D24/><U37/><E27/><V84/><F26/><W93/><G108/><T50/><D50/><U101/><E110/><V9/><F55/><N who="3" m="33983" /><G109/><T49/><D49/><U52/><E51/><V28/><F28/><W22/><G22/><T32/><D32/><U46/><E123/><V18/><F116/><W65/><G65/><T81/><D81/><U56/><E82/><V76/><F83/><RYUUKYOKU ba="0,0" sc="250,15,250,-15,250,-15,250,15" hai0="11,12,19,20,23,92,97" hai3="39,40,87,88,93,133,134" /><INIT seed="0,1,0,0,3,85" ten="265,235,235,265" oya="0" hai0="119,128,32,22,122,67,106,34,71,74,59,52,101" hai1="62,132,54,88,113,13,63,75,33,48,68,25,44" hai2="56,81,102,65,123,42,134,41,104,97,125,89,86" hai3="51,36,70,50,27,21,14,10,112,7,12,90,108"/><T117/><D74/><U9/><E75/><V96/><F123/><W118/><G112/><T37/><D122/><U3/><E3/><V66/><F125/><W107/><G36/><T17/><D128/><U79/><E79/><V11/><F134/><W103/><G70/><T76/><D76/><U78/><E78/><V83/><F83/><W124/><G118/><T121/><D121/><U87/><E132/><V18/><F96/><W80/><G107/><T94/><D106/><U116/><E68/><V109/><F109/><W131/><G103/><T5/><D5/><U61/><E116/><V15/><REACH who="2" step="1"/><F56/><REACH who="2" ten="265,235,225,265" step="2"/><W45/><G124/><T53/><D59/><U38/><E113/><V31/><F31/><N who="3" m="17903" /><G108/><T4/><D119/><U46/><E46/><V55/><F55/><W105/><G45/><T20/><D53/><U115/><E115/><V30/><F30/><W114/><G114/><T84/><D52/><U92/><E38/><V28/><F28/><W64/><G64/><AGARI ba="1,1" hai="11,15,18,41,42,64,65,66,81,86,89,97,102,104" machi="64" ten="40,2600,0" yaku="1,1,52,1,53,0" doraHai="85" doraHaiUra="23" who="2" fromWho="3" sc="265,0,235,0,225,39,265,-29" /><INIT seed="1,0,0,0,2,70" ten="265,235,264,236" oya="1" hai0="74,82,44,11,107,20,47,26,30,35,23,6,115" hai1="95,89,43,98,78,105,126,121,12,25,85,16,114" hai2="22,40,38,87,69,106,54,32,51,24,123,60,97" hai3="57,108,94,100,58,92,29,65,132,59,21,99,111"/><U104/><E114/><V120/><F87/><W63/><G132/><T45/><D107/><U112/><E112/><V2/><F2/><W49/><G94/><T125/><D115/><U19/><E121/><V117/><F117/><W3/><G3/><T36/><D125/><U1/><E1/><V33/><F22/><W46/><G108/><T39/><D23/><U48/><E126/><V53/><F53/><W31/><G111/><T79/><REACH who="0" step="1"/><D35/><REACH who="0" ten="255,235,264,236" step="2"/><U86/><E104/><V4/><F33/><W0/><G0/><AGARI ba="0,1" hai="0,6,11,20,26,30,36,39,44,45,47,74,79,82" machi="0" ten="40,12000,2" yaku="1,1,2,1,52,2,53,3" doraHai="70" doraHaiUra="41" who="0" fromWho="3" sc="255,130,235,0,264,0,236,-120" /><INIT seed="2,0,0,0,5,27" ten="385,235,264,116" oya="2" hai0="63,33,104,64,108,123,82,43,47,70,55,8,85" hai1="30,133,114,54,81,106,50,3,57,23,118,58,61" hai2="66,97,127,9,93,5,12,91,67,92,38,42,21" hai3="15,71,135,69,68,13,113,36,25,10,59,53,122"/><V11/><F127/><W37/><G122/><T0/><D123/><U52/><E114/><V116/><F116/><W20/><G113/><T124/><D104/><U78/><E118/><V4/><F38/><W44/><G135/><T46/><D33/><U130/><E106/><V112/><F42/><W86/><G86/><T7/><D108/><U84/><E3/><V17/><F112/><W100/><G100/><T115/><D115/><U40/><E130/><V56/><F56/><W32/><G32/><T35/><D35/><U65/><E133/><V109/><F109/><W72/><G72/><T6/><D124/><U128/><E128/><V117/><F117/><W83/><G83/><T22/><D7/><U132/><E132/><V125/><F125/><W107/><G107/><T126/><D126/><U94/><E94/><V99/><F99/><W88/><G88/><T45/><D22/><U14/><E14/><N who="2" m="5423" /><F92/><W74/><G74/><T77/><REACH who="0" step="1"/><D55/><REACH who="0" ten="375,235,264,116" step="2"/><N who="1" m="31991" /><E40/><AGARI ba="0,1" hai="0,6,8,40,43,45,46,47,63,64,70,77,82,85" machi="40" ten="40,2600,0" yaku="1,1,53,1" doraHai="27" doraHaiUra="75" who="0" fromWho="1" sc="375,36,235,-26,264,0,116,0" /><INIT seed="3,0,0,4,5,122" ten="411,209,264,116" oya="3" hai0="115,28,25,31,68,121,0,80,13,89,82,103,41" hai1="6,135,87,126,81,19,30,40,101,97,7,66,133" hai2="27,43,113,73,46,8,34,88,118,57,55,72,130" hai3="123,59,86,58,129,10,83,91,5,78,60,45,38"/><W69/><G123/><T120/><D68/><U14/><E30/><V32/><F118/><W47/><G129/><T48/><D0/><U65/><E40/><V54/><F113/><W63/><G69/><T110/><D103/><U2/><E66/><V39/><F130/><W112/><G112/><T70/><D70/><U79/><E65/><V52/><F57/><W37/><G37/><T132/><D89/><U134/><E2/><V23/><F8/><W119/><G119/><T74/><D74/><U26/><E26/><V96/><F72/><W77/><G59/><T116/><D13/><U4/><E126/><V100/><F73/><W15/><G60/><T56/><D56/><U84/><E87/><V85/><F96/><W44/><REACH who="3" step="1"/><G38/><REACH who="3" ten="411,209,264,106" step="2"/><T9/><D115/><U94/><REACH who="1" step="1"/><E135/><REACH who="1" ten="411,199,264,106" step="2"/><V117/><F117/><W16/><G16/><T128/><D132/><U12/><E12/><V102/><F39/><W11/><G11/><AGARI ba="0,2" hai="4,6,7,11,14,19,79,81,84,94,97,101,133,134" machi="11" ten="40,1300,0" yaku="1,1,53,0" doraHai="122" doraHaiUra="22" who="1" fromWho="3" sc="411,0,199,33,264,0,106,-13" /><INIT seed="4,0,0,5,1,19" ten="411,232,264,93" oya="0" hai0="0,132,75,133,16,46,50,45,27,71,87,98,110" hai1="54,115,94,5,124,130,76,95,74,9,48,99,17" hai2="77,3,37,56,112,114,52,127,100,79,118,88,8" hai3="96,10,103,51,13,68,44,120,84,11,116,101,21"/><T64/><D0/><U128/><E124/><V28/><F37/><W60/><G116/><T40/><D75/><U113/><E17/><V24/><F100/><W22/><G120/><T102/><D110/><U36/><E36/><V89/><F127/><W108/><G108/><T49/><D87/><U18/><E18/><V15/><F3/><W38/><G38/><T93/><D64/><U34/><E34/><V39/><F39/><W106/><G101/><T43/><D71/><U2/><E76/><N who="2" m="29259" /><F118/><W1/><G1/><T80/><D80/><U63/><E63/><N who="2" m="36231" /><F114/><N who="1" m="43529" /><E74/><V134/><F134/><W4/><G11/><T65/><D65/><U12/><E2/><V109/><F109/><W125/><G125/><T58/><D58/><N who="1" m="33095" /><E95/><V119/><F119/><W92/><G68/><T72/><D72/><U82/><E82/><V47/><F47/><W42/><REACH who="3" step="1"/><G60/><REACH who="3" ten="411,232,264,83" step="2"/><T20/><AGARI ba="0,1" hai="16,20,27,40,43,45,46,49,50,93,98,102,132,133" machi="20" ten="30,11700,0" yaku="0,1,9,1,52,1,54,1" doraHai="19" who="0" fromWho="0" sc="411,127,232,-39,264,-39,83,-39" /><INIT seed="4,1,0,0,5,24" ten="538,193,225,44" oya="0" hai0="35,0,110,91,128,113,31,30,17,94,47,58,81" hai1="68,127,73,64,28,96,54,53,120,32,84,14,40" hai2="107,42,49,37,100,89,34,71,19,104,69,75,21" hai3="33,126,86,39,117,44,134,72,125,11,83,85,118"/><T80/><D0/><U55/><E73/><V20/><F34/><W124/><G33/><T36/><D35/><U132/><E120/><V60/><F37/><W50/><G39/><T1/><D1/><U41/><E96/><V18/><F75/><W5/><G72/><T16/><D36/><U93/><E93/><V52/><F42/><W66/><G66/><T123/><D123/><U115/><E84/><V108/><F108/><W65/><G65/><T95/><D47/><U4/><E64/><V12/><F60/><W133/><G50/><T131/><D91/><U59/><E68/><V25/><F89/><N who="3" m="51391" /><G44/><T116/><D58/><U7/><E59/><V62/><F62/><W26/><G26/><T109/><REACH who="0" step="1"/><D113/><REACH who="0" ten="528,193,225,44" step="2"/><U129/><E115/><V13/><F69/><W15/><G86/><T45/><D45/><U29/><E32/><V114/><F71/><W102/><G102/><T97/><D97/><U106/><E40/><V70/><F70/><W111/><G111/><T98/><D98/><U9/><E41/><V82/><F100/><W103/><G103/><T79/><D79/><U56/><E56/><V130/><F114/><W101/><G101/><T121/><D121/><U87/><E106/><V105/><F105/><W51/><G51/><T99/><D99/><U2/><E2/><V135/><F104/><W22/><G118/><AGARI ba="1,1" hai="16,17,30,31,80,81,94,95,109,110,116,118,128,131" machi="118" ten="25,18000,2" yaku="1,1,22,2,52,2,54,1,53,0" doraHai="24" doraHaiUra="119" who="0" fromWho="3" sc="528,193,193,0,225,0,44,-183" owari="721,82.0,193,-21.0,225,3.0,-139,-64.0" /></mjloggm>