<mjloggm ver="2.3"><GO type="169" lobby="0"/><UN n0="%4D%61%67%69%61" n1="%E3%83%8B%E3%83%A3%E3%83%83%E3%83%94%E3%83%BC%E5%A4%8F%E7%9B%AE" n2="%E3%81%BE%E3%81%82%E3%81%BC%E3%81%86%E5%A4%A7%E4%BD%90" n3="%E3%83%88%E3%83%88%E3%83%AA%E5%85%88%E7%94%9F%31%39%E6%AD%B3" dan="16,17,16,18" rate="2095.18,2117.24,2062.48,2291.98" sx="M,M,F,F"/><TAIKYOKU oya="0"/><INIT seed="0,0,0,3,0,54" ten="250,250,250,250" oya="0" hai0="90,67,22,131,78,73,31,36,70,24,48,77,37" hai1="19,33,57,56,110,27,96,102,75,53,12,11,4" hai2="93,81,118,122,46,127,74,91,39,8,84,87,43" hai3="28,108,128,60,61,32,109,69,14,85,21,98,64"/><T2/><D2/><U107/><E110/><N who="3" m="42602" /><G128/><T82/><D131/><U119/><E119/><V66/><F118/><W59/><G32/><T101/><D101/><U113/><E113/><V103/><F127/><W71/><G98/><T9/><D78/><U95/><E75/><V15/><F122/><W83/><G61/><T65/><D9/><U121/><E121/><V30/><F30/><W76/><G14/><T134/><D134/><U38/><E38/><V47/><F74/><W10/><G10/><T42/><D90/><U111/><E111/><V25/><F25/><AGARI ba="0,0" hai="21,25,28,59,60,64,69,71,76,83,85" m="42602" machi="25" ten="30,2000,0" yaku="14,1,52,1" doraHai="54" who="3" fromWho="2" sc="250,0,250,0,250,-20,250,20" /><INIT seed="1,0,0,2,2,71" ten="250,250,230,270" oya="1" hai0="24,5,96,91,10,60,48,25,64,77,90,134,22" hai1="89,55,32,101,38,130,100,6,135,75,9,42,117" hai2="107,62,83,115,1,29,106,111,103,94,2,118,92" hai3="126,23,3,28,121,39,14,104,127,76,4,33,36"/><U132/><E117/><V70/><F118/><W102/><G121/><T0/><D134/><N who="1" m="51243" /><E32/><V67/><F111/><W18/><G76/><T93/><D77/><U46/><E130/><V45/><F115/><W41/><G41/><T51/><D91/><U84/><E55/><V98/><F107/><W58/><G58/><T20/><D20/><U114/><E75/><V97/><F97/><W82/><G82/><T113/><D113/><U119/><E119/><V53/><F83/><W44/><G44/><T65/><D25/><U66/><E66/><V68/><F68/><W26/><G102/><T13/><D0/><N who="1" m="199" /><E114/><V116/><F116/><W43/><G104/><T80/><D80/><AGARI ba="0,0" hai="38,42,46,80,84,89,100,101" m="199,51243" machi="80" ten="30,2900,0" yaku="20,1,52,1" doraHai="71" who="1" fromWho="0" sc="250,-29,250,29,230,0,270,0" /><INIT seed="1,1,0,1,5,23" ten="221,279,230,270" oya="1" hai0="111,58,83,37,55,87,80,108,126,120,71,38,130" hai1="31,73,131,70,62,88,36,12,54,76,52,51,133" hai2="48,94,60,43,116,27,117,86,103,5,39,3,46" hai3="124,95,98,29,81,129,69,49,50,67,33,66,79"/><U89/><E36/><V97/><F5/><W110/><G110/><N who="0" m="42027" /><D71/><U34/><E133/><V82/><F3/><W61/><G129/><T42/><D130/><U19/><E131/><V44/><F60/><W63/><G124/><T105/><D126/><U127/><E127/><V96/><F96/><W91/><G29/><T100/><D120/><U65/><E76/><V20/><F82/><N who="0" m="31274" /><D42/><U99/><E73/><V125/><F86/><W93/><G93/><T113/><D113/><U119/><E119/><V72/><F72/><W11/><G11/><T85/><D100/><U21/><E99/><V26/><F125/><W25/><G25/><T7/><D7/><U1/><E1/><V123/><F123/><W6/><G33/><T128/><D105/><U15/><E15/><V107/><F107/><W104/><G6/><T74/><D74/><U45/><REACH who="1" step="1"/><E54/><REACH who="1" ten="221,269,230,270" step="2"/><V132/><F132/><W4/><G79/><T2/><D2/><U14/><E14/><V64/><F117/><W75/><G75/><T68/><D128/><U28/><E28/><V32/><F116/><W13/><G13/><T24/><D38/><U84/><E84/><V135/><F135/><W109/><G109/><T77/><D37/><U118/><E118/><V16/><F39/><W121/><G121/><T112/><D87/><U8/><E8/><V101/><F97/><W92/><G104/><T90/><D77/><U22/><E22/><V114/><F20/><W41/><G98/><T17/><D55/><U53/><E53/><V18/><F114/><W122/><G122/><T0/><D85/><U115/><E115/><RYUUKYOKU ba="1,1" sc="221,-10,269,30,230,-10,270,-10" hai1="12,19,21,31,34,45,51,52,62,65,70,88,89" /><INIT seed="1,2,1,2,5,10" ten="211,299,220,260" oya="1" hai0="25,54,108,92,9,131,117,82,74,59,23,48,26" hai1="8,29,36,100,16,98,46,75,14,44,87,126,61" hai2="50,111,52,17,67,77,30,104,21,101,49,130,40" hai3="39,121,81,28,124,90,70,125,60,93,71,22,110"/><U122/><E75/><V107/><F111/><W7/><G121/><T115/><D108/><U119/><E122/><V20/><F130/><W73/><G110/><T129/><D115/><U32/><E119/><V33/><F77/><N who="3" m="44207" /><G39/><T79/><D117/><U12/><E126/><N who="3" m="48746" /><G7/><T127/><D127/><U106/><E36/><V51/><F33/><W38/><G38/><T123/><D123/><U89/><E61/><V103/><F67/><W114/><G114/><T94/><D9/><U58/><E58/><N who="2" m="33039" /><F107/><W86/><G60/><T2/><D2/><U27/><REACH who="1" step="1"/><E14/><REACH who="1" ten="211,289,220,260" step="2"/><V18/><F50/><W31/><G71/><T84/><D74/><U47/><E47/><V35/><F51/><W133/><G70/><T65/><D25/><U53/><E53/><V24/><F40/><W134/><G31/><N who="0" m="17887" /><D65/><U109/><E109/><V116/><F30/><W113/><G113/><T95/><D131/><U78/><E78/><V43/><F43/><W97/><G28/><T64/><D129/><U118/><E118/><V83/><F116/><W34/><G34/><T0/><D64/><U42/><E42/><V41/><F41/><W62/><G62/><T69/><D69/><U91/><E91/><V11/><F35/><W112/><G112/><T135/><D0/><U128/><E128/><V13/><F13/><W19/><G86/><N who="0" m="48479" /><D135/><U5/><E5/><V105/><F24/><AGARI ba="2,2" hai="19,22,24,90,93,97,133,134" m="48746,44207" machi="24" ten="30,1000,0" yaku="18,1" doraHai="10" who="3" fromWho="2" sc="211,0,289,0,220,-16,260,36" /><INIT seed="2,0,0,4,3,43" ten="211,289,204,296" oya="2" hai0="59,126,94,102,89,106,70,123,92,105,30,22,25" hai1="81,56,72,45,60,6,133,91,54,104,113,112,120" hai2="117,71,31,124,77,11,3,34,5,47,97,17,121" hai3="110,50,96,44,114,7,46,29,19,41,12,14,134"/><V95/><F117/><W83/><G110/><T20/><D123/><U111/><E111/><V82/><F121/><W32/><G134/><T85/><D126/><U130/><E120/><V67/><F124/><W118/><G118/><T33/><D70/><U93/><E104/><V73/><F71/><W66/><G114/><T10/><D10/><U88/><E133/><V131/><F131/><W52/><G66/><T15/><D15/><U36/><E130/><V100/><F67/><W101/><G32/><T84/><D22/><U109/><E109/><V16/><F34/><W62/><G29/><T61/><D33/><U87/><E6/><V75/><F31/><W65/><G83/><T116/><D116/><U38/><E72/><V79/><F79/><W103/><G7/><T78/><D78/><U18/><E18/><V86/><F75/><W27/><G27/><T80/><D80/><U4/><E4/><V99/><F86/><W55/><G55/><T128/><D128/><U58/><E58/><V2/><F2/><W127/><G127/><T0/><D0/><U107/><E107/><V8/><F8/><N who="3" m="6535" /><G14/><T68/><D68/><U48/><E113/><V24/><F24/><W35/><G96/><N who="0" m="59671" /><D85/><N who="1" m="52367" /><E112/><V115/><F115/><W49/><G35/><T108/><D108/><U9/><E9/><V135/><F135/><W42/><G65/><AGARI ba="0,0" hai="20,25,30,59,61,65,84,89,92,105,106" m="59671" machi="65" ten="30,1000,0" yaku="25,1" doraHai="43" who="0" fromWho="3" sc="211,10,289,0,204,0,296,-10" /><INIT seed="3,0,0,3,5,62" ten="221,289,204,286" oya="3" hai0="77,17,35,49,68,92,33,67,108,114,122,53,80" hai1="102,15,116,82,27,78,119,89,106,90,21,50,6" hai2="16,18,19,52,97,57,14,65,60,29,8,130,72" hai3="96,41,107,121,129,81,100,10,30,76,75,85,37"/><W115/><G115/><T3/><D108/><U0/><E0/><V70/><F72/><W84/><G121/><T104/><D122/><U13/><E50/><V125/><F130/><W94/><G129/><T28/><D104/><U95/><E106/><V91/><F125/><W42/><G37/><T64/><D3/><U4/><E102/><V63/><F29/><W39/><G39/><T47/><D68/><U98/><E90/><V24/><F24/><W38/><G38/><T2/><D2/><U66/><E66/><V32/><F32/><W87/><G30/><T126/><D126/><U69/><E69/><V113/><F113/><W88/><REACH who="3" step="1"/><G10/><REACH who="3" ten="221,289,204,276" step="2"/><T83/><D114/><U36/><E36/><V55/><F55/><W134/><G134/><T103/><D28/><U54/><E54/><V132/><F132/><W93/><G93/><T51/><D92/><U128/><E128/><V44/><F44/><W25/><G25/><T74/><D47/><U40/><E27/><V118/><F118/><W117/><G117/><T120/><D120/><U7/><E119/><V43/><F43/><AGARI ba="0,1" hai="41,42,43,75,76,81,84,85,87,88,94,96,100,107" machi="43" ten="40,12000,1" yaku="1,1,24,2,54,1,53,0" doraHai="62" doraHaiUra="59" who="3" fromWho="2" sc="221,0,289,0,204,-120,276,130" /><INIT seed="3,1,0,3,1,128" ten="221,289,84,406" oya="3" hai0="93,121,80,87,52,21,27,13,68,84,47,38,122" hai1="116,89,7,25,76,105,64,102,4,53,16,66,115" hai2="90,59,135,131,112,82,20,12,110,54,33,100,85" hai3="81,23,72,19,103,48,95,58,34,18,101,17,63"/><W113/><G34/><T123/><D68/><U96/><E115/><V77/><F33/><W46/><G113/><T61/><D38/><U55/><E116/><V24/><F112/><W45/><G72/><T70/><D70/><U0/><E76/><V56/><F110/><W29/><G81/><T108/><D108/><U65/><E89/><V106/><F131/><W5/><G5/><T35/><D35/><U134/><E134/><V41/><F135/><W44/><G48/><T78/><D13/><U2/><E4/><V40/><F106/><W10/><G10/><T129/><D129/><U22/><REACH who="1" step="1"/><E7/><REACH who="1" ten="221,279,84,406" step="2"/><V91/><F100/><W42/><G101/><T73/><D73/><U62/><E62/><V11/><F91/><W43/><G103/><T114/><D114/><U67/><N who="1" m="16384" /><DORA hai="71" /><U26/><E26/><V30/><F90/><W75/><G75/><T49/><D61/><U119/><E119/><V28/><F28/><W124/><G63/><T9/><D87/><U120/><E120/><V117/><F117/><W104/><G29/><T111/><D111/><U31/><E31/><V74/><F74/><W1/><G19/><T8/><REACH who="0" step="1"/><D93/><REACH who="0" ten="211,279,84,406" step="2"/><U14/><E14/><V15/><F15/><W3/><G95/><T132/><D132/><U37/><E37/><V92/><F92/><W86/><G86/><T36/><D36/><U130/><E130/><V94/><F94/><W32/><G104/><T127/><D127/><U83/><E83/><V118/><F118/><W88/><G124/><T125/><D125/><U109/><E109/><V57/><F82/><W97/><G97/><RYUUKYOKU ba="1,2" sc="211,15,279,15,84,-15,406,-15" hai0="8,9,21,27,47,49,52,78,80,84,121,122,123" hai1="0,2,16,22,25,53,55,96,102,105" /><INIT seed="4,2,2,1,3,37" ten="226,294,69,391" oya="0" hai0="134,66,54,28,0,74,89,27,38,73,112,26,17" hai1="35,57,25,16,59,33,47,95,128,76,21,11,109" hai2="78,111,94,23,92,123,68,107,132,46,65,124,108" hai3="62,99,75,114,19,63,100,85,127,39,18,121,67"/><T84/><D0/><U42/><E109/><V40/><F123/><W10/><G75/><T22/><D66/><U8/><E128/><V49/><F107/><W32/><G32/><T4/><D4/><U45/><E76/><V102/><F124/><W93/><G39/><T53/><D112/><U14/><E35/><V72/><F132/><W122/><G114/><T51/><D134/><U101/><E33/><V6/><F6/><W110/><G110/><T116/><D116/><U50/><E45/><V96/><F92/><W30/><G30/><T131/><D131/><U83/><E83/><V98/><F98/><W29/><G29/><T15/><D38/><U97/><REACH who="1" step="1"/><E8/><REACH who="1" ten="226,284,69,391" step="2"/><V87/><F78/><W70/><G10/><T105/><D105/><U119/><E119/><V2/><F111/><W56/><G127/><T20/><D27/><U82/><E82/><V64/><F108/><W88/><G122/><T5/><D5/><AGARI ba="2,3" hai="5,11,14,16,21,25,42,47,50,57,59,95,97,101" machi="5" ten="30,8000,1" yaku="1,1,7,1,8,1,52,1,54,1,53,0" doraHai="37" doraHaiUra="58" who="1" fromWho="0" sc="226,-86,284,116,69,0,391,0" /><INIT seed="5,0,0,0,2,45" ten="140,400,69,391" oya="1" hai0="19,23,83,38,51,12,20,110,115,77,116,15,87" hai1="53,81,18,82,94,58,71,56,3,25,107,129,5" hai2="37,8,131,86,61,10,33,6,123,113,96,104,112" hai3="133,21,28,114,46,27,111,17,92,39,89,75,117"/><U76/><E107/><V88/><F123/><W90/><G111/><T101/><D110/><U80/><E71/><V93/><F33/><W41/><G75/><T126/><D115/><N who="2" m="44106" /><F37/><W24/><G114/><T50/><D116/><U47/><E129/><V16/><F131/><W85/><G133/><T134/><D134/><U102/><E76/><V32/><F32/><W30/><G117/><T120/><D38/><U84/><E5/><V43/><F43/><W4/><G4/><T73/><D126/><U100/><E3/><N who="2" m="95" /><F61/><W95/><REACH who="3" step="1"/><G24/><REACH who="3" ten="140,400,69,381" step="2"/><T55/><D73/><U48/><E25/><V78/><F104/><W64/><G64/><T13/><D120/><U69/><E69/><V36/><F36/><W22/><G22/><T66/><D66/><U108/><E108/><V119/><F119/><W98/><AGARI ba="0,1" hai="17,21,27,28,30,39,41,46,85,89,90,92,95,98" machi="98" ten="20,2700,0" yaku="1,1,0,1,7,1,53,0" doraHai="45" doraHaiUra="118" who="3" fromWho="3" sc="140,-7,400,-13,69,-7,381,37" /><INIT seed="6,0,0,0,2,26" ten="133,387,62,418" oya="2" hai0="10,82,108,45,70,77,121,98,122,93,109,124,106" hai1="41,2,114,21,111,9,110,84,18,67,40,37,95" hai2="66,39,100,3,16,13,6,34,78,120,4,135,30" hai3="29,63,131,112,83,24,69,15,35,105,101,87,128"/><V79/><F39/><W50/><G112/><T55/><D70/><U19/><E114/><V60/><F120/><N who="0" m="46186" /><D55/><U94/><E67/><V118/><F118/><W96/><G15/><T52/><D10/><U116/><E116/><V81/><F135/><W104/><G104/><T32/><D52/><U107/><E107/><V5/><F100/><W31/><G31/><T28/><D45/><U59/><E59/><V127/><F127/><W72/><G50/><T7/><D7/><U117/><E117/><V126/><F126/><W14/><G14/><T92/><D28/><U68/><E68/><V56/><F3/><W11/><G11/><T38/><D32/><U115/><E115/><V103/><F103/><W62/><G72/><N who="0" m="43303" /><D38/><U53/><E53/><V43/><F43/><W25/><G25/><T8/><D8/><U58/><E58/><V130/><F130/><N who="3" m="49707" /><G69/><T57/><D57/><U125/><E125/><V97/><F97/><W17/><G17/><T134/><D134/><U23/><E37/><V47/><F47/><W0/><G0/><T133/><D133/><U74/><E2/><V129/><F129/><W46/><G46/><T54/><D54/><U64/><E9/><V65/><F65/><W102/><G102/><N who="0" m="62807" /><D124/><U132/><E132/><V91/><F34/><W86/><G83/><T99/><D99/><U71/><E71/><V113/><F113/><W75/><G75/><T1/><D1/><U123/><E74/><V61/><F30/><W49/><G49/><T80/><D80/><U51/><E123/><V88/><F61/><AGARI ba="0,0" hai="24,29,35,61,62,63,86,87,96,101,105" m="49707" machi="61" ten="30,2000,0" yaku="19,1,52,1" doraHai="26" who="3" fromWho="2" sc="133,0,387,0,62,-20,418,20" /><INIT seed="7,0,0,1,1,29" ten="133,387,42,438" oya="3" hai0="107,54,14,96,109,0,13,133,123,67,38,32,4" hai1="74,100,40,33,121,104,77,110,82,15,81,102,6" hai2="44,2,106,26,118,127,79,92,53,55,94,115,95" hai3="65,36,124,114,31,68,30,11,88,129,122,75,35"/><W113/><G122/><T93/><D32/><U57/><E121/><V17/><F2/><W10/><G75/><T71/><D123/><U16/><E110/><V78/><F106/><W73/><G36/><T49/><D109/><U76/><E6/><V12/><F118/><W43/><G43/><T21/><D38/><U98/><E100/><V69/><F69/><W111/><G111/><T84/><D133/><U72/><E40/><V126/><F26/><N who="3" m="18903" /><G73/><T46/><D107/><U108/><E108/><V70/><F70/><W8/><G31/><T64/><D0/><U27/><E57/><V83/><F83/><W58/><G68/><T3/><D3/><U20/><E33/><V47/><F12/><W119/><G119/><T9/><D84/><U66/><E66/><V22/><F22/><W50/><G88/><N who="0" m="55335" /><D71/><U130/><E130/><V89/><F89/><W125/><G129/><T48/><D49/><U25/><AGARI ba="0,0" hai="15,16,20,25,27,72,74,76,77,81,82,98,102,104" machi="25" ten="30,4000,0" yaku="0,1,9,1,54,1" doraHai="29" who="1" fromWho="1" sc="133,-10,387,40,42,-10,438,-20" owari="123,-28.0,427,53.0,32,-47.0,418,22.0" /></mjloggm>