<mjloggm ver="2.3"><GO type="225" lobby="0"/><UN n0="%E5%AF%9D%E6%89%93%E3%81%A1" n1="%E3%83%8B%E3%83%A3%E3%83%83%E3%83%94%E3%83%BC%E5%A4%8F%E7%9B%AE" n2="%E3%82%A6%E3%83%AB%E3%83%88%E3%83%A9%E7%AB%8B%E7%9B%B4" n3="%E3%82%AA%E3%83%AA%E3%81%AA%E3%81%84%E5%A4%AB" dan="16,17,17,17" rate="2196.43,2147.74,2161.61,2179.18" sx="F,M,M,M"/><TAIKYOKU oya="0"/><INIT seed="0,0,0,1,1,124" ten="250,250,250,250" oya="0" hai0="130,132,28,121,86,19,110,52,118,3,76,14,7" hai1="135,1,11,72,4,74,21,26,70,8,106,125,83" hai2="92,0,16,82,94,85,127,42,119,107,10,33,84" hai3="36,23,59,134,60,20,22,38,100,79,117,66,35"/><T91/><D121/><U88/><E106/><V98/><F33/><W77/><G117/><T80/><D118/><U78/><E70/><V113/><F119/><W24/><G134/><T27/><D110/><U37/><E125/><V120/><F113/><W29/><REACH who="3" step="1"/><G100/><REACH who="3" ten="250,250,250,240" step="2"/><T71/><D132/><U114/><E135/><V53/><F127/><W40/><G40/><T90/><D71/><U48/><E114/><V126/><F42/><W51/><G51/><T116/><D116/><U54/><E37/><AGARI ba="0,1" hai="20,22,23,24,29,35,36,37,38,59,60,66,77,79" machi="37" ten="40,2600,0" yaku="1,1,53,1" doraHai="124" doraHaiUra="63" who="3" fromWho="1" sc="250,0,250,-26,250,0,240,36" /><INIT seed="1,0,0,2,1,105" ten="250,224,250,276" oya="1" hai0="49,21,48,2,74,71,99,73,126,46,112,38,8" hai1="96,117,34,103,40,78,12,19,130,62,92,122,77" hai2="30,22,16,82,11,70,17,6,57,28,109,72,81" hai3="132,18,95,85,121,116,125,84,80,37,45,107,41"/><U91/><E117/><V24/><F70/><W101/><G121/><T68/><D112/><U83/><E122/><V5/><F109/><W47/><G107/><T33/><D33/><U89/><E34/><V75/><F57/><W15/><G116/><T58/><D126/><U135/><E130/><V29/><F17/><W129/><G125/><T59/><D99/><U100/><E135/><V53/><F53/><W131/><G132/><T27/><D38/><U102/><E40/><V69/><F69/><W14/><G47/><T13/><D13/><U50/><E50/><V43/><F43/><W111/><G111/><T90/><D90/><N who="1" m="34315" /><E62/><V66/><F66/><W67/><G67/><T88/><D88/><N who="1" m="55303" /><E83/><V128/><F128/><N who="3" m="49227" /><G80/><T79/><D46/><U36/><E36/><V115/><F115/><W118/><G15/><T124/><D124/><U56/><E56/><V9/><F82/><W61/><G61/><T44/><D44/><U55/><E55/><V65/><F65/><W54/><G54/><T119/><D119/><U87/><E87/><V106/><F106/><W25/><G118/><T110/><D110/><U32/><E32/><V76/><REACH who="2" step="1"/><F75/><REACH who="2" ten="250,224,240,276" step="2"/><N who="0" m="28682" /><D59/><U133/><E133/><V1/><F1/><W108/><G108/><T35/><D2/><U42/><E42/><V31/><N who="2" m="7168" /><DORA hai="64" /><V52/><F52/><W127/><G127/><T104/><D58/><U0/><E0/><V51/><F51/><N who="0" m="19530" /><D68/><U113/><E113/><V123/><F123/><W120/><G120/><T23/><D71/><U20/><AGARI ba="0,1" hai="12,19,20,77,78,100,102,103" m="55303,34315" machi="20" ten="30,3000,0" yaku="8,1,54,1" doraHai="105,64" who="1" fromWho="1" sc="250,-10,224,40,240,-10,276,-10" /><INIT seed="1,1,0,5,4,58" ten="240,264,230,266" oya="1" hai0="38,55,135,127,12,87,32,102,36,42,2,5,99" hai1="132,18,85,9,26,71,41,91,43,35,84,122,1" hai2="88,30,89,92,134,45,53,67,96,76,3,117,130" hai3="121,95,64,28,0,24,46,107,63,125,56,97,14"/><U109/><E122/><V37/><F117/><W83/><G0/><T105/><D32/><U16/><E71/><V78/><F3/><W100/><G125/><T54/><D127/><U86/><E132/><V51/><F134/><W120/><G107/><T61/><D2/><U81/><E35/><V27/><F130/><W129/><G129/><T65/><D135/><U57/><E1/><V93/><F67/><W49/><G14/><T113/><D113/><U124/><E124/><V10/><F10/><W118/><G83/><T94/><D105/><U70/><E70/><V31/><F37/><W66/><G66/><T90/><D5/><U39/><E39/><V101/><F101/><W33/><REACH who="3" step="1"/><G118/><REACH who="3" ten="240,264,230,256" step="2"/><T50/><D12/><N who="1" m="7183" /><E109/><V119/><F119/><W108/><G108/><T17/><D65/><U110/><E110/><V75/><F75/><W4/><G4/><T6/><D6/><U8/><E81/><V44/><F27/><W19/><G19/><T23/><D17/><U131/><E131/><V7/><F7/><W73/><G73/><T47/><D94/><U52/><E26/><V74/><F74/><W98/><G98/><T13/><D99/><U11/><E18/><V22/><F96/><W106/><G106/><T82/><D13/><U72/><E72/><V79/><F31/><W112/><G112/><T59/><D82/><U77/><E8/><V48/><F30/><W34/><G34/><T115/><D115/><U69/><E11/><V29/><F29/><W21/><G21/><T60/><D23/><U104/><E104/><V133/><F22/><W80/><G80/><RYUUKYOKU ba="1,1" sc="240,-10,264,-10,230,-10,256,30" hai3="24,28,33,46,49,56,63,64,95,97,100,120,121" /><INIT seed="2,2,1,3,5,67" ten="230,254,220,286" oya="2" hai0="39,65,122,83,41,126,24,127,19,125,2,95,107" hai1="101,55,135,112,64,40,109,73,69,102,128,104,3" hai2="123,78,56,81,59,93,74,8,98,99,1,90,76" hai3="32,103,84,38,88,60,22,116,121,51,26,0,80"/><V117/><F117/><W52/><G38/><T72/><D107/><U30/><E112/><V13/><F123/><W79/><G121/><T118/><D122/><U46/><E55/><V114/><F114/><W49/><G0/><T96/><D118/><U45/><E45/><V100/><F78/><W23/><G116/><T21/><D2/><U28/><E3/><V48/><F48/><W68/><G103/><N who="0" m="60831" /><D65/><U120/><E73/><V82/><F1/><W6/><G6/><T86/><D72/><U50/><E120/><V61/><F61/><W57/><G68/><T97/><D97/><U105/><E64/><V89/><F82/><W58/><G49/><T33/><D33/><U106/><E69/><V85/><F74/><W66/><REACH who="3" step="1"/><G79/><REACH who="3" ten="230,254,220,276" step="2"/><N who="0" m="46463" /><D41/><U115/><E115/><V7/><REACH who="2" step="1"/><F76/><REACH who="2" ten="230,254,210,276" step="2"/><W53/><G53/><T111/><D39/><U94/><E50/><V29/><F29/><AGARI ba="2,3" hai="22,23,26,29,32,51,52,57,58,60,66,80,84,88" machi="29" ten="40,8000,1" yaku="1,1,54,2,53,1" doraHai="67" doraHaiUra="20" who="3" fromWho="2" sc="230,0,254,0,210,-86,276,116" /><INIT seed="3,0,0,1,2,21" ten="230,254,124,392" oya="3" hai0="20,17,120,6,4,48,105,89,116,28,64,72,19" hai1="47,58,65,10,112,62,132,86,66,79,113,63,77" hai2="115,30,84,23,37,129,52,55,122,27,109,85,134" hai3="75,35,68,43,22,102,34,118,135,126,74,69,121"/><W60/><G43/><T125/><D105/><U117/><E132/><V91/><F115/><W110/><G102/><T49/><D120/><U8/><E117/><V53/><F134/><W9/><G22/><T67/><D72/><U131/><E131/><V3/><F3/><W29/><G9/><N who="1" m="3690" /><E113/><V88/><F129/><W82/><G60/><T2/><D2/><U93/><E47/><V42/><F122/><W133/><G82/><T127/><D89/><N who="1" m="53431" /><E112/><V24/><F109/><W41/><G110/><T59/><D28/><U128/><E128/><V14/><F37/><W81/><G29/><T78/><D20/><U90/><E90/><N who="2" m="34347" /><F42/><W39/><G41/><T98/><D59/><AGARI ba="0,0" hai="58,59,62,63,65,66,77,79" m="53431,3690" machi="59" ten="30,1000,0" yaku="8,1" doraHai="21" who="1" fromWho="0" sc="230,-10,254,10,124,0,392,0" owari="220,-18.0,264,6.0,124,-38.0,392,50.0" /></mjloggm>