<mjloggm ver="2.3"><GO type="169" lobby="0"/><UN n0="%E8%8B%A5%E6%9D%BE%E7%94%BA%E3%81%AE%E6%9A%B4%E3%82%8C%E9%A6%AC" n1="%E6%B5%A9%E5%AE%AE" n2="%E3%83%88%E3%83%88%E3%83%AA%E5%85%88%E7%94%9F%31%39%E6%AD%B3" n3="%6D%75%6B%69%74%74%69" dan="16,16,19,18" rate="2078.65,2029.87,2300.76,2251.13" sx="M,M,F,M"/><TAIKYOKU oya="0"/><INIT seed="0,0,0,2,1,42" ten="250,250,250,250" oya="0" hai0="95,131,13,8,92,85,128,113,69,2,22,9,30" hai1="97,117,59,118,112,18,130,24,125,49,114,15,78" hai2="53,71,33,81,0,129,7,110,35,70,66,58,37" hai3="84,51,25,48,101,65,12,124,26,123,31,19,79"/><T11/><D113/><N who="1" m="43627" /><E130/><N who="0" m="49705" /><D69/><U43/><E125/><V77/><F110/><W34/><G124/><T63/><D2/><U116/><E78/><V106/><F106/><W107/><G123/><T3/><D3/><U46/><E24/><V47/><F129/><W132/><G132/><T5/><D63/><U10/><E97/><V108/><F108/><W20/><G65/><T100/><D100/><U87/><E87/><V103/><F103/><W135/><G135/><T23/><D85/><U94/><E94/><N who="0" m="35881" /><D30/><U60/><E116/><V83/><F83/><W73/><G73/><T121/><D121/><U56/><E56/><V74/><F58/><W50/><G26/><T76/><D76/><U41/><E41/><N who="2" m="22959" /><F53/><AGARI ba="0,0" hai="10,15,18,43,46,49,53,59,60,117,118" m="43627" machi="53" ten="30,2000,0" yaku="11,1,52,1" doraHai="42" who="1" fromWho="2" sc="250,0,250,20,250,-20,250,0" /><INIT seed="1,0,0,0,3,66" ten="250,270,230,250" oya="1" hai0="72,105,61,70,102,58,37,4,135,54,84,96,132" hai1="126,87,10,68,24,99,6,86,119,134,91,107,85" hai2="78,26,20,21,106,28,57,131,55,77,63,110,9" hai3="29,100,82,74,19,109,65,39,60,83,124,27,47"/><U90/><E119/><V8/><F106/><W31/><G109/><T67/><D37/><U3/><E134/><N who="0" m="51241" /><D72/><U98/><E126/><V33/><F131/><W43/><G124/><T50/><D84/><U0/><E68/><V13/><F110/><W15/><G100/><T75/><D75/><U104/><E24/><N who="2" m="16399" /><F33/><W118/><G118/><T92/><D4/><U48/><E48/><V38/><F38/><W14/><G74/><T11/><D11/><N who="2" m="4170" /><F13/><W89/><G15/><T120/><D120/><U18/><E18/><AGARI ba="0,0" hai="18,20,26,55,57,63,77,78" m="4170,16399" machi="18" ten="30,1000,0" yaku="8,1" doraHai="66" who="2" fromWho="1" sc="250,0,270,-10,230,10,250,0" /><INIT seed="2,0,0,2,5,46" ten="250,260,240,250" oya="2" hai0="84,109,87,48,92,12,65,135,55,85,106,124,82" hai1="60,40,17,110,132,13,71,66,102,64,37,62,14" hai2="19,4,122,134,10,78,6,11,41,42,111,113,30" hai3="44,108,27,63,112,25,129,1,43,0,74,39,94"/><V15/><F113/><W116/><G116/><T35/><D109/><U127/><E110/><V98/><F111/><W81/><G108/><T21/><D106/><U97/><E132/><V76/><F122/><W52/><G112/><T125/><D35/><U59/><E127/><N who="0" m="48713" /><D135/><U80/><E80/><V22/><F134/><W53/><G129/><T61/><D92/><U91/><E91/><V32/><F98/><W100/><G1/><T120/><D120/><U9/><E13/><V36/><F36/><W20/><G0/><T130/><D130/><U95/><E37/><V24/><F10/><W128/><G128/><T45/><D12/><U57/><REACH who="1" step="1"/><E40/><REACH who="1" ten="250,250,240,250" step="2"/><N who="2" m="15467" /><F32/><W68/><G39/><T2/><D2/><U77/><E77/><AGARI ba="0,1" hai="4,6,11,15,19,22,24,30,76,77,78" m="15467" machi="77" ten="30,1500,0" yaku="8,1" doraHai="46" who="2" fromWho="1" sc="250,0,250,-15,240,25,250,0" /><INIT seed="2,1,0,2,5,101" ten="250,235,265,250" oya="2" hai0="31,58,29,123,116,92,129,47,19,110,115,52,37" hai1="87,83,35,102,34,59,57,32,0,122,61,39,51" hai2="23,130,89,91,65,54,3,104,97,64,11,107,41" hai3="98,25,133,13,84,100,1,42,103,135,126,77,99"/><V7/><F130/><W131/><G1/><T36/><D115/><U18/><E39/><V38/><F38/><W22/><G42/><T63/><D123/><U113/><E113/><V109/><F41/><W17/><G131/><T67/><D110/><U108/><E108/><V46/><F109/><W121/><G121/><T49/><D129/><U78/><E122/><V96/><F23/><W95/><G126/><T117/><D19/><U10/><E102/><V21/><F21/><W53/><G53/><T82/><D92/><U5/><E51/><V40/><F54/><W74/><G74/><T6/><D6/><U24/><E24/><V62/><F40/><W8/><G84/><T75/><D75/><U15/><REACH who="1" step="1"/><E61/><REACH who="1" ten="250,225,265,250" step="2"/><V132/><F62/><W43/><G103/><T118/><D37/><U93/><E93/><V60/><F60/><W94/><G94/><T69/><D36/><U120/><E120/><V114/><F114/><W66/><G95/><T50/><D82/><U72/><E72/><V127/><F127/><W134/><G100/><T88/><D50/><U33/><N who="1" m="8192" /><DORA hai="56" /><U30/><E30/><V48/><F97/><W68/><G99/><T112/><D112/><U45/><E45/><V85/><F96/><W111/><G98/><T26/><D26/><U55/><E55/><V106/><F85/><W9/><G25/><T124/><D124/><U76/><E76/><V119/><F48/><W79/><G77/><T70/><D29/><U44/><E44/><V14/><F46/><W27/><G111/><T12/><D31/><U81/><E81/><V90/><F90/><RYUUKYOKU ba="1,1" sc="250,-10,225,30,265,-10,250,-10" hai1="0,5,10,15,18,57,59,78,83,87" /><INIT seed="3,2,1,0,0,83" ten="240,255,255,240" oya="3" hai0="64,26,41,25,23,96,98,40,56,73,97,75,102" hai1="108,65,54,127,72,28,120,82,94,63,117,19,44" hai2="95,105,32,48,74,30,3,55,67,36,35,86,100" hai3="134,17,5,39,122,9,77,135,14,79,2,15,24"/><W20/><G39/><T50/><D102/><U66/><E120/><V131/><F74/><W78/><REACH who="3" step="1"/><G122/><REACH who="3" ten="240,255,255,230" step="2"/><T121/><D121/><U87/><E117/><V42/><F36/><W107/><G107/><T8/><D75/><U46/><E72/><V109/><F105/><W58/><G58/><T101/><D73/><U22/><E44/><V12/><F131/><W61/><G61/><T13/><D56/><U4/><E63/><V88/><F48/><W129/><G129/><T47/><D50/><U114/><E46/><V11/><F109/><W16/><G16/><N who="0" m="8231" /><D47/><U92/><E108/><V33/><F30/><W80/><G80/><T69/><D69/><U81/><E28/><V89/><F95/><W90/><G90/><T93/><D93/><U130/><E82/><V18/><F88/><W76/><N who="3" m="19968" /><DORA hai="99" /><W45/><G45/><T7/><D101/><U123/><E123/><V6/><F100/><W37/><G37/><T113/><D97/><U1/><E94/><V51/><F42/><W31/><G31/><T59/><D96/><U133/><E92/><V104/><F104/><W118/><G118/><T49/><D98/><U43/><E43/><V21/><F89/><W52/><G52/><T62/><D49/><U53/><E130/><V85/><F51/><W115/><G115/><T116/><D113/><U71/><E114/><V29/><F55/><W132/><AGARI ba="2,2" hai="2,5,9,14,15,17,20,24,132,134,135" m="19968" machi="132" ten="50,18000,2" yaku="1,1,0,1,20,1,53,3" doraHai="83,99" doraHaiUra="91,128" who="3" fromWho="3" sc="240,-62,255,-62,255,-62,230,206" /><INIT seed="3,3,0,2,1,83" ten="178,193,193,436" oya="3" hai0="27,32,117,14,128,0,74,7,12,130,123,114,107" hai1="19,56,119,47,127,37,81,24,44,28,50,75,120" hai2="33,9,18,110,55,66,84,15,116,40,43,87,88" hai3="91,42,67,98,20,69,112,76,108,60,73,23,65"/><W97/><G112/><T101/><D74/><U85/><E120/><V90/><F116/><W5/><G42/><T59/><D101/><U16/><E75/><V13/><F33/><W103/><G5/><T92/><D92/><U34/><E119/><V102/><F102/><W111/><G67/><T39/><D107/><U54/><E127/><V94/><F110/><N who="3" m="42027" /><G91/><T126/><D39/><U6/><E6/><N who="2" m="3255" /><F55/><W58/><G69/><T122/><D7/><U118/><E118/><V63/><F63/><W99/><G103/><T93/><D114/><U41/><REACH who="1" step="1"/><E47/><REACH who="1" ten="178,183,193,436" step="2"/><V109/><F109/><W30/><G30/><N who="0" m="19551" /><D117/><U106/><E106/><V115/><F115/><W134/><G134/><T125/><D126/><U8/><E8/><N who="2" m="6503" /><F66/><W53/><G65/><T132/><D125/><U113/><E113/><V86/><F86/><W1/><G1/><T45/><D0/><U68/><E68/><V25/><F25/><W21/><G73/><T129/><D132/><U96/><E96/><V95/><AGARI ba="3,1" hai="40,43,84,87,88,90,94,95" m="6503,3255" machi="95" ten="30,7900,0" yaku="8,1,52,2,54,1" doraHai="83" who="2" fromWho="2" sc="178,-23,183,-23,193,98,436,-42" /><INIT seed="4,0,0,5,3,27" ten="155,160,291,394" oya="0" hai0="102,93,131,97,129,117,4,40,3,104,23,134,52" hai1="42,121,55,62,72,56,88,80,37,14,65,124,59" hai2="82,90,115,61,103,15,44,50,78,11,100,111,112" hai3="116,6,75,113,25,22,47,130,71,45,36,128,126"/><T79/><D117/><U49/><E121/><V132/><F111/><W101/><G116/><T53/><D134/><U99/><E124/><V54/><F132/><W133/><G133/><T70/><D70/><U91/><E99/><V1/><F1/><W96/><G71/><T74/><D40/><U21/><E72/><V18/><F61/><W108/><G108/><T81/><D23/><U92/><E80/><V29/><F29/><W31/><G75/><T19/><D19/><U0/><E0/><V8/><F8/><W119/><G119/><T5/><D104/><U12/><E21/><V135/><F135/><W17/><G126/><T95/><D95/><U69/><E59/><V122/><F122/><W32/><G6/><N who="0" m="2667" /><D3/><U76/><E92/><V24/><F24/><N who="3" m="18535" /><G36/><T105/><D105/><U77/><E12/><V85/><REACH who="2" step="1"/><F78/><REACH who="2" ten="155,160,281,394" step="2"/><N who="1" m="30313" /><E14/><V57/><F57/><W109/><G109/><T7/><D7/><U10/><E10/><V39/><F39/><W20/><G47/><AGARI ba="0,1" hai="37,42,47,49,55,56,62,65,69,88,91" m="30313" machi="47" ten="30,2000,0" yaku="24,1,54,1" doraHai="27" who="1" fromWho="3" sc="155,0,160,30,281,0,394,-20" /><INIT seed="5,0,0,0,1,69" ten="155,190,281,374" oya="1" hai0="29,15,103,119,122,84,82,74,64,90,32,73,11" hai1="78,47,121,106,58,5,17,27,0,117,86,77,66" hai2="71,125,70,34,42,111,101,133,40,110,56,120,128" hai3="46,19,104,63,48,112,13,80,38,96,14,115,88"/><U59/><E117/><V12/><F34/><W33/><G33/><T134/><D119/><U108/><E121/><V45/><F101/><W135/><G135/><T57/><D134/><U124/><E106/><V35/><F35/><W126/><G126/><T118/><D118/><U18/><E124/><V132/><F12/><W3/><G3/><T41/><D122/><U99/><E99/><V8/><F8/><W37/><G63/><T55/><D64/><U83/><E78/><V76/><F76/><W68/><G68/><T1/><D1/><U116/><E66/><V51/><F125/><W85/><G104/><T107/><D41/><U100/><E100/><V81/><F81/><W131/><G96/><T127/><D127/><U54/><E5/><V31/><F31/><W72/><G72/><T97/><D29/><U10/><E10/><V61/><F120/><W79/><G79/><T89/><D89/><U65/><E65/><V30/><F30/><W22/><G14/><T9/><D9/><U95/><E95/><V75/><F75/><W130/><G48/><T52/><D55/><U123/><E0/><V102/><F102/><W114/><G46/><T87/><D87/><U39/><E116/><V49/><F45/><W50/><G50/><N who="0" m="30871" /><D32/><U6/><E123/><V21/><F56/><N who="1" m="21545" /><E47/><V93/><F61/><W43/><G43/><T67/><D67/><U28/><E28/><V2/><F2/><W92/><G80/><T26/><D26/><U4/><E27/><V20/><F93/><W98/><G85/><T94/><D94/><U7/><E54/><V129/><AGARI ba="0,0" hai="20,21,40,42,49,51,70,71,110,111,128,129,132,133" machi="129" ten="25,6400,0" yaku="5,1,0,1,22,2" doraHai="69" who="2" fromWho="2" sc="155,-16,190,-32,281,64,374,-16" /><INIT seed="6,0,0,4,3,39" ten="139,158,345,358" oya="2" hai0="122,65,88,19,37,60,59,108,78,82,55,116,34" hai1="56,128,70,130,87,48,21,103,95,125,18,71,32" hai2="114,66,14,45,54,97,24,92,7,85,22,1,12" hai3="100,58,17,126,118,119,113,36,135,62,52,63,4"/><V98/><F114/><W41/><G100/><T121/><D108/><U47/><E32/><V93/><F1/><W83/><G4/><T29/><D116/><N who="3" m="44585" /><G17/><T111/><D111/><U109/><E109/><V61/><F85/><W67/><G83/><T131/><D131/><N who="1" m="50219" /><E125/><V11/><F14/><W123/><G126/><T91/><D37/><U28/><E28/><V0/><F0/><W90/><G90/><T46/><D19/><U112/><E56/><N who="2" m="37159" /><F97/><W16/><G16/><T30/><D34/><U133/><E112/><V132/><F132/><W102/><G102/><T8/><D8/><U101/><E133/><V2/><F2/><W44/><G135/><T35/><D65/><U96/><E103/><V127/><F98/><W49/><G113/><T10/><D10/><U42/><E87/><V117/><F127/><W23/><G23/><T26/><D46/><U27/><AGARI ba="0,0" hai="18,21,27,42,47,48,70,71,95,96,101" m="50219" machi="27" ten="30,2000,0" yaku="19,1,52,1" doraHai="39" who="1" fromWho="1" sc="139,-5,158,20,345,-10,358,-5" /><INIT seed="7,0,0,4,2,98" ten="134,178,335,353" oya="3" hai0="50,47,1,114,10,35,130,60,107,104,53,111,117" hai1="134,56,22,32,84,21,83,58,88,24,91,113,112" hai2="94,86,9,45,40,101,92,73,0,15,119,89,72" hai3="48,31,13,66,99,6,79,77,118,108,69,33,115"/><W46/><G118/><T62/><D111/><U125/><E125/><V26/><F119/><W129/><G69/><T121/><D117/><U93/><E32/><V64/><F0/><W81/><G33/><T132/><D121/><U54/><E134/><V103/><F64/><W29/><G108/><T39/><D132/><U74/><E74/><V65/><F65/><W124/><G124/><T18/><D130/><U34/><E34/><V102/><F26/><W2/><G2/><T82/><D35/><U12/><E12/><V27/><F27/><W110/><G110/><T44/><D114/><N who="1" m="44139" /><E54/><V3/><F3/><W55/><G115/><T100/><D82/><U67/><E67/><V16/><REACH who="2" step="1"/><F94/><REACH who="2" ten="134,178,325,353" step="2"/><W109/><G109/><T71/><D71/><U37/><E24/><V126/><F126/><W7/><G129/><T42/><D107/><U38/><E93/><V5/><F5/><N who="3" m="1547" /><G66/><T105/><D105/><U11/><E83/><V8/><F8/><W52/><G99/><T87/><D1/><U51/><E11/><V28/><F28/><N who="3" m="10827" /><G13/><T23/><D10/><U14/><E14/><V68/><F68/><W122/><G122/><T133/><D133/><U96/><E22/><V127/><F127/><W17/><G17/><T76/><D18/><U123/><E123/><V78/><F78/><N who="3" m="29707" /><G81/><N who="0" m="47527" /><D23/><U59/><E21/><V36/><AGARI ba="0,1" hai="9,15,16,36,40,45,72,73,86,89,92,101,102,103" machi="36" ten="30,12000,2" yaku="1,1,0,1,52,3,54,1,53,0" doraHai="98" doraHaiUra="20" who="2" fromWho="2" sc="134,-30,178,-30,325,130,353,-60" owari="104,-40.0,148,-25.0,455,56.0,293,9.0" /></mjloggm>