<mjloggm ver="2.3"><GO type="169" lobby="0"/><UN n0="%41%55%47%55%52%49" n1="%E9%AE%AB%E5%B3%B6%E5%AE%8F%E6%98%8C%CE%B1" n2="%54%E3%83%BB%54%E3%83%BB%EF%BC%98" n3="%E3%83%88%E3%83%88%E3%83%AA%E5%85%88%E7%94%9F%31%39%E6%AD%B3" dan="16,16,16,19" rate="2028.91,2120.44,2076.76,2271.22" sx="M,M,M,F"/><TAIKYOKU oya="0"/><INIT seed="0,0,0,4,5,34" ten="250,250,250,250" oya="0" hai0="0,99,121,10,31,108,51,132,83,53,93,26,129" hai1="57,4,104,32,3,100,84,69,109,115,24,23,87" hai2="6,118,79,90,38,55,27,67,1,89,80,70,64" hai3="22,17,77,75,58,127,113,85,33,41,63,92,36"/><T111/><D121/><U66/><E115/><V5/><F118/><W19/><G33/><T8/><D132/><U11/><E109/><N who="0" m="42057" /><D129/><U29/><E23/><V74/><F38/><W103/><G113/><T125/><D83/><U78/><E78/><V54/><F27/><W122/><G127/><T117/><D117/><U50/><E50/><V97/><F97/><W39/><G75/><T18/><D18/><U82/><E82/><V45/><F45/><W105/><G105/><T7/><D10/><U44/><E44/><V94/><F94/><W101/><G41/><T68/><D68/><U106/><E57/><V96/><F96/><W65/><G122/><T107/><D107/><U25/><E25/><V102/><F80/><W59/><G77/><T40/><D40/><U95/><E95/><V123/><F79/><W88/><G19/><T73/><D73/><U60/><E106/><V130/><F74/><W116/><G116/><T86/><D86/><U28/><E28/><V134/><F102/><W13/><G39/><T52/><D51/><U91/><E91/><V37/><F70/><W135/><G36/><T49/><D49/><U46/><E46/><V112/><F37/><W61/><REACH who="3" step="1"/><G135/><REACH who="3" ten="250,250,250,240" step="2"/><T12/><D125/><U15/><E15/><V20/><F134/><W110/><G110/><T56/><D12/><U43/><E43/><V42/><F123/><W76/><G76/><T114/><D114/><U47/><E47/><V81/><F112/><W16/><G16/><T120/><D120/><U2/><E2/><V62/><F42/><W9/><G9/><T131/><D8/><RYUUKYOKU ba="0,1" sc="250,-15,250,15,250,-15,240,15" hai1="3,4,11,24,29,32,60,66,69,84,87,100,104" hai3="13,17,22,58,59,61,63,65,85,88,92,101,103" /><INIT seed="1,1,1,5,1,14" ten="235,265,235,255" oya="1" hai0="42,120,127,43,106,18,107,22,87,37,54,26,112" hai1="125,131,5,117,97,59,85,77,68,24,34,79,2" hai2="104,101,27,72,41,109,110,130,86,89,36,38,35" hai3="96,47,3,66,74,50,11,70,122,21,55,17,80"/><U52/><E117/><V75/><F89/><W78/><G122/><T46/><D112/><U39/><E68/><V44/><F86/><W73/><G70/><T67/><D120/><U100/><E39/><V1/><F1/><W128/><G66/><T16/><D67/><U6/><E125/><V32/><F130/><W118/><G118/><T51/><D127/><U81/><E131/><V69/><F69/><W88/><G128/><T28/><D87/><U99/><E2/><V60/><F60/><W98/><G73/><T113/><D113/><U9/><E34/><N who="2" m="12843" /><F27/><W19/><G88/><T4/><D4/><N who="1" m="1643" /><E24/><V10/><F10/><W95/><G3/><T94/><D94/><N who="1" m="58423" /><E9/><V71/><F71/><W132/><G95/><T102/><D43/><U93/><E85/><V111/><F36/><W63/><G63/><T33/><D33/><U103/><E81/><V8/><F8/><W12/><REACH who="3" step="1"/><G132/><REACH who="3" ten="235,265,235,245" step="2"/><T48/><D107/><U53/><E53/><V7/><F7/><W64/><G64/><T121/><D121/><U108/><E108/><V116/><F116/><W13/><AGARI ba="1,2" hai="11,12,13,17,19,21,47,50,55,74,78,80,96,98" machi="13" ten="20,8000,1" yaku="1,1,0,1,7,1,52,2,53,0" doraHai="14" doraHaiUra="83" who="3" fromWho="3" sc="235,-21,265,-41,235,-21,245,103" /><INIT seed="2,0,0,3,3,94" ten="214,224,214,348" oya="2" hai0="58,29,3,74,33,27,83,9,14,117,88,2,112" hai1="90,102,13,75,62,54,57,77,84,128,20,73,129" hai2="56,25,98,97,39,91,12,120,53,123,45,30,22" hai3="86,50,60,11,42,38,26,8,89,99,55,49,71"/><V16/><F39/><W72/><G72/><T78/><D112/><U103/><E77/><V67/><F67/><W15/><G26/><T101/><D101/><U40/><E40/><V63/><F45/><W110/><G110/><T119/><D58/><U96/><E20/><V81/><F123/><W19/><G38/><T127/><D127/><U21/><E21/><N who="2" m="15663" /><F120/><W23/><G42/><T35/><D35/><U10/><E102/><V31/><F31/><W135/><G135/><T6/><REACH who="0" step="1"/><D88/><REACH who="0" ten="204,224,214,348" step="2"/><U17/><E128/><V116/><F116/><AGARI ba="0,1" hai="2,3,6,9,14,27,29,33,74,78,83,116,117,119" machi="116" ten="40,8000,1" yaku="1,1,2,1,12,1,53,1" doraHai="94" doraHaiUra="105" who="0" fromWho="2" sc="204,90,224,0,214,-80,348,0" /><INIT seed="3,0,0,3,5,47" ten="294,224,134,348" oya="3" hai0="7,126,2,5,48,95,6,116,114,98,23,100,40" hai1="17,49,129,112,130,86,107,19,105,10,46,117,37" hai2="25,102,90,50,109,92,113,65,58,54,87,62,33" hai3="18,16,13,15,110,104,81,57,22,82,80,79,84"/><W96/><G110/><T94/><D116/><U26/><E112/><V71/><F109/><W72/><G72/><T99/><D114/><U9/><E117/><V20/><F113/><W106/><G106/><N who="1" m="40458" /><E37/><V133/><F133/><W38/><G38/><T123/><D123/><U59/><E59/><V11/><F11/><N who="1" m="4105" /><E86/><V34/><REACH who="2" step="1"/><F102/><REACH who="2" ten="294,224,124,348" step="2"/><W134/><G134/><T75/><D100/><U128/><E26/><V39/><F39/><W29/><G79/><T42/><D2/><U119/><E119/><V35/><F35/><W55/><G22/><T93/><D23/><U43/><AGARI ba="0,1" hai="17,19,43,46,49,128,129,130" m="4105,40458" machi="43" ten="40,2700,0" yaku="19,1,52,1" doraHai="47" who="1" fromWho="1" sc="294,-7,224,37,124,-7,348,-13" /><INIT seed="4,0,0,4,4,33" ten="287,261,117,335" oya="0" hai0="105,22,20,72,9,82,99,103,133,128,38,25,91" hai1="120,106,84,11,75,113,48,88,85,117,100,73,94" hai2="44,129,108,80,34,3,118,23,35,29,74,92,62" hai3="114,14,27,59,32,8,86,24,42,131,130,119,109"/><T125/><D38/><U66/><E120/><V43/><F118/><W95/><G119/><T54/><D128/><N who="3" m="49193" /><G109/><T49/><D133/><U6/><E117/><V96/><F129/><W87/><G114/><T55/><D125/><U18/><E113/><V110/><F108/><W5/><G42/><T65/><D65/><U12/><E66/><V83/><F110/><W57/><G27/><T67/><D67/><U39/><E39/><V123/><F123/><W53/><G95/><T134/><D134/><U36/><E36/><V45/><F62/><N who="3" m="36143" /><G59/><T52/><D49/><U116/><E116/><V40/><F74/><W93/><G93/><T17/><D25/><U89/><E18/><V76/><F92/><W51/><G51/><T104/><D104/><U69/><E69/><V102/><F29/><AGARI ba="0,0" hai="5,8,14,24,29,32,86,87" m="36143,49193" machi="29" ten="30,1000,0" yaku="19,1" doraHai="33" who="3" fromWho="2" sc="287,0,261,0,117,-10,335,10" /><INIT seed="5,0,0,5,1,110" ten="287,261,107,345" oya="1" hai0="104,107,86,91,42,78,70,120,105,21,38,135,45" hai1="7,64,34,79,52,94,121,97,63,1,117,27,26" hai2="109,93,54,90,41,6,68,43,130,18,119,88,114" hai3="58,61,14,48,28,57,17,92,19,16,2,71,81"/><U101/><E121/><V20/><F68/><W89/><G2/><T3/><D3/><U129/><E117/><V11/><F109/><W80/><G71/><T9/><D120/><U116/><E116/><V8/><F119/><W102/><G102/><T75/><D135/><U47/><E129/><V82/><F130/><W83/><G28/><T51/><D70/><U132/><E132/><V4/><F54/><N who="3" m="31943" /><G14/><T66/><D66/><U67/><E79/><V133/><F133/><W111/><G111/><T44/><D9/><U30/><E27/><V103/><F103/><W87/><G92/><T84/><D21/><U56/><REACH who="1" step="1"/><E47/><REACH who="1" ten="287,251,107,345" step="2"/><V46/><F46/><W35/><G35/><T77/><D78/><U33/><E33/><V59/><F20/><W37/><G37/><T24/><D45/><U74/><E74/><V123/><F123/><W40/><G40/><T65/><D38/><U22/><E22/><V55/><F59/><W98/><G98/><T49/><D42/><U96/><E96/><V128/><F128/><W125/><G125/><T134/><D44/><U122/><E122/><V113/><F55/><AGARI ba="0,1" hai="16,17,19,55,58,61,80,81,83,87,89" m="31943" machi="55" ten="30,2000,0" yaku="8,1,54,1" doraHai="110" who="3" fromWho="2" sc="287,0,251,0,107,-20,345,30" /><INIT seed="6,0,0,4,4,108" ten="287,251,87,375" oya="2" hai0="23,90,29,65,28,125,3,11,91,34,129,115,81" hai1="110,114,135,45,100,106,17,111,20,26,74,25,124" hai2="112,8,7,107,69,82,66,134,128,109,98,123,0" hai3="93,57,84,40,14,56,39,130,105,97,133,116,13"/><V103/><F123/><W59/><G116/><T30/><D34/><U94/><E74/><V131/><F109/><N who="1" m="41481" /><E106/><V36/><F36/><W83/><G105/><T10/><D65/><U24/><E100/><V63/><F134/><W53/><G133/><T113/><D129/><N who="2" m="49738" /><F82/><W31/><G31/><T77/><D125/><U49/><E94/><V101/><F101/><N who="3" m="60591" /><G40/><T60/><D60/><U41/><E124/><V127/><F127/><W119/><G39/><T6/><D23/><N who="1" m="13423" /><E49/><V87/><F87/><W72/><G119/><T78/><D11/><U51/><E51/><V62/><F62/><N who="3" m="36111" /><G72/><T32/><D32/><U89/><E89/><N who="0" m="33801" /><D81/><U2/><E135/><V33/><F33/><W21/><G130/><T18/><D18/><N who="1" m="12439" /><E45/><V88/><F88/><N who="3" m="51231" /><G21/><T46/><D46/><U64/><E41/><V120/><F120/><W1/><G1/><T104/><D104/><U47/><E64/><V16/><F16/><W35/><G35/><T58/><D58/><AGARI ba="0,0" hai="13,14,57,58,59" m="51231,36111,60591" machi="58" ten="30,2000,0" yaku="8,1,54,1" doraHai="108" who="3" fromWho="0" sc="287,-20,251,0,87,0,375,20" /><INIT seed="7,0,0,0,3,121" ten="267,251,87,395" oya="3" hai0="78,109,110,90,113,102,105,68,57,28,72,65,77" hai1="132,80,86,62,70,74,46,5,108,117,106,111,12" hai2="123,125,36,8,7,30,14,84,130,64,134,131,53" hai3="27,114,67,89,79,120,34,112,83,87,92,15,17"/><W88/><G120/><T94/><D68/><U76/><E106/><V61/><F36/><W3/><G3/><T48/><D28/><U95/><E132/><V96/><F123/><W2/><G2/><T135/><D65/><U19/><E5/><V127/><F30/><N who="3" m="19807" /><G67/><T103/><D57/><U0/><E0/><V31/><F31/><W107/><G107/><T40/><D40/><U49/><E117/><V81/><F96/><W25/><G25/><T10/><D48/><U60/><E74/><V58/><F64/><W66/><G92/><T9/><D113/><N who="3" m="43625" /><G66/><T71/><D71/><U124/><E124/><V13/><F13/><W104/><G104/><T41/><D41/><U24/><E24/><V63/><F63/><W115/><G115/><T55/><D55/><U75/><E75/><V133/><F84/><W20/><AGARI ba="0,0" hai="15,17,20,79,83,87,88,89" m="43625,19807" machi="20" ten="30,3000,0" yaku="15,1,54,1" doraHai="121" who="3" fromWho="3" sc="267,-10,251,-10,87,-10,395,30" owari="257,6.0,241,-16.0,77,-42.0,425,52.0" /></mjloggm>