<mjloggm ver="2.3"><GO type="169" lobby="0"/><UN n0="%E3%82%A6%E3%83%AB%E3%83%88%E3%83%A9%E7%AB%8B%E7%9B%B4" n1="%E3%83%95%E3%82%A7%E3%83%AB%E3%83%8A%E3%83%B3%E3%83%89" n2="%E3%83%97%E3%83%83%E3%83%81%E7%A5%9E%E7%88%B6" n3="%42%49%47%42%4F%53%53" dan="16,17,17,17" rate="2164.48,2146.80,2122.45,2136.27" sx="M,M,M,M"/><TAIKYOKU oya="0"/><INIT seed="0,0,0,1,1,27" ten="250,250,250,250" oya="0" hai0="80,126,74,57,108,83,10,29,114,50,53,117,24" hai1="119,11,41,110,14,68,42,67,96,0,48,93,73" hai2="123,129,1,107,7,37,19,13,43,84,54,89,79" hai3="130,64,106,71,55,85,28,17,72,98,134,88,38"/><T78/><D114/><U109/><E119/><V75/><F129/><W21/><G72/><T33/><D117/><U49/><E0/><V26/><F107/><W99/><G38/><T111/><D126/><U125/><E125/><V102/><F102/><W47/><G130/><T90/><D10/><U77/><E68/><V131/><F79/><W61/><G134/><T124/><D124/><U135/><E135/><V40/><F37/><W58/><G47/><T30/><D83/><N who="1" m="45487" /><E67/><V4/><F75/><W22/><G106/><T18/><D90/><N who="1" m="55351" /><E42/><V15/><F1/><W5/><G5/><T92/><D92/><U45/><E41/><V36/><F36/><W133/><G133/><T101/><D101/><U132/><E45/><V35/><F123/><W8/><G8/><T70/><D70/><U44/><E44/><V100/><F15/><N who="3" m="9407" /><G64/><T86/><D74/><U127/><E127/><V116/><F43/><W32/><G32/><T46/><D18/><N who="1" m="8543" /><E132/><V6/><F40/><W31/><G71/><T87/><D87/><U52/><E52/><V81/><F54/><W69/><G69/><T82/><D82/><U95/><E95/><V115/><F131/><W118/><G118/><T3/><D3/><U76/><E76/><V103/><F116/><W20/><G99/><T39/><D30/><N who="3" m="11305" /><G98/><T16/><D16/><U120/><E120/><V91/><F115/><W105/><G105/><T2/><D2/><U9/><E9/><V113/><F113/><W56/><G58/><T112/><D112/><U23/><E23/><V51/><F35/><W34/><G34/><T104/><D104/><RYUUKYOKU ba="0,0" sc="250,10,250,10,250,-30,250,10" hai0="24,29,33,39,46,50,53,57,78,80,86,108,111" hai1="48,49,109,110" hai3="20,22,55,56,61,85,88" /><INIT seed="0,1,0,4,0,48" ten="260,260,220,260" oya="0" hai0="54,4,105,26,76,56,102,36,19,24,60,1,39" hai1="114,126,29,65,101,88,5,23,3,127,78,134,124" hai2="95,100,35,131,13,108,59,31,93,99,135,30,94" hai3="46,17,79,119,52,128,83,81,67,84,104,86,49"/><T66/><D76/><U44/><E134/><V15/><F131/><W12/><G119/><T50/><D4/><U97/><E114/><V70/><F70/><W82/><G104/><T40/><D1/><U34/><E34/><V51/><F135/><W87/><G128/><T118/><D118/><U11/><E78/><V75/><F75/><W6/><G6/><T91/><D91/><U129/><E129/><V89/><F108/><W45/><G67/><T103/><D39/><U72/><E72/><V53/><F35/><W8/><G46/><N who="0" m="23815" /><D19/><U32/><E88/><V63/><F63/><W115/><G115/><T92/><D92/><N who="2" m="35434" /><F100/><N who="0" m="38442" /><D105/><U33/><E65/><V20/><F13/><W55/><G79/><T133/><D133/><U111/><E111/><V125/><F125/><W2/><G2/><T98/><D98/><U16/><E29/><V25/><F15/><W18/><G17/><AGARI ba="1,0" hai="17,20,25,30,31,51,53,59,89,95,99" m="35434" machi="17" ten="30,2000,0" yaku="8,1,52,1" doraHai="48" who="2" fromWho="3" sc="260,0,260,0,220,23,260,-23" /><INIT seed="1,0,0,5,2,90" ten="260,260,243,237" oya="1" hai0="47,12,91,69,44,96,57,16,25,58,106,102,113" hai1="129,26,83,115,55,4,132,46,48,42,15,131,56" hai2="40,32,6,111,77,21,54,124,3,34,93,95,107" hai3="89,19,76,127,22,43,112,2,8,126,7,66,135"/><U122/><E115/><V29/><F107/><W120/><G112/><T99/><D69/><U10/><E122/><V79/><F40/><W84/><G120/><T121/><D25/><U103/><E132/><V94/><F3/><W78/><G135/><T38/><D113/><U59/><E103/><V98/><F6/><W75/><G66/><T45/><D38/><U37/><E26/><N who="2" m="16591" /><F32/><W24/><G43/><T20/><REACH who="0" step="1"/><D121/><REACH who="0" ten="250,260,243,237" step="2"/><U87/><REACH who="1" step="1"/><E59/><REACH who="1" ten="250,250,243,237" step="2"/><V71/><F71/><W72/><G24/><T11/><D11/><U101/><E101/><V28/><F34/><W13/><G8/><T128/><D128/><U35/><E35/><V52/><F124/><W114/><G127/><T1/><D1/><U108/><E108/><V85/><F111/><W134/><G126/><T17/><D17/><U100/><E100/><V130/><F130/><W0/><G19/><T39/><D39/><U53/><E53/><N who="2" m="20587" /><F28/><W64/><G0/><T119/><D119/><U50/><E50/><V41/><F41/><W30/><G2/><T67/><D67/><U97/><E97/><V5/><F98/><W18/><G30/><T27/><D27/><U14/><E14/><V82/><F5/><W74/><G7/><T116/><D116/><U133/><E133/><V86/><F86/><W80/><G134/><T92/><AGARI ba="0,2" hai="12,16,20,44,45,47,57,58,91,92,96,99,102,106" machi="92" ten="30,7900,0" yaku="1,1,0,1,52,1,54,1,53,0" doraHai="90" doraHaiUra="31" who="0" fromWho="0" sc="250,99,250,-39,243,-20,237,-20" /><INIT seed="2,0,0,0,4,64" ten="349,211,223,217" oya="2" hai0="73,98,126,20,82,8,7,80,54,18,77,132,45" hai1="120,24,88,125,32,34,131,109,66,28,90,39,100" hai2="104,1,102,78,36,30,87,106,92,12,17,81,52" hai3="44,134,6,33,128,79,22,85,60,37,15,108,35"/><V4/><F36/><W47/><G108/><T63/><D126/><U94/><E109/><V11/><F30/><W123/><G123/><T112/><D112/><U3/><E125/><V23/><F92/><W96/><G96/><T105/><D132/><U5/><E120/><V31/><F102/><W62/><G37/><T26/><D82/><U70/><E39/><V2/><F2/><W133/><G128/><T69/><D105/><U40/><E131/><V56/><REACH who="2" step="1"/><F31/><REACH who="2" ten="349,211,213,217" step="2"/><W127/><G127/><T124/><D124/><U135/><E100/><V110/><F110/><W129/><G129/><T51/><D98/><U10/><E94/><V130/><F130/><W76/><G133/><T41/><D80/><U0/><E135/><V83/><F83/><W29/><G134/><T101/><D101/><U16/><E3/><V67/><F67/><W121/><G29/><T84/><D84/><U86/><E86/><V42/><F42/><W65/><G85/><T48/><D41/><U99/><E40/><V21/><F21/><W74/><G22/><T27/><D20/><U115/><E99/><V19/><F19/><W118/><G121/><T116/><D18/><U14/><E34/><V93/><F93/><W53/><G35/><T97/><D97/><U113/><E115/><V61/><AGARI ba="0,1" hai="1,4,11,12,17,23,52,56,61,78,81,87,104,106" machi="61" ten="20,7800,0" yaku="1,1,0,1,7,1,54,1,53,0" doraHai="64" doraHaiUra="119" who="2" fromWho="2" sc="349,-26,211,-26,213,88,217,-26" /><INIT seed="2,1,0,4,2,105" ten="323,185,301,191" oya="2" hai0="46,12,89,37,97,81,86,98,92,69,32,79,59" hai1="124,45,34,55,21,76,101,91,44,71,24,2,119" hai2="9,72,133,51,48,7,131,83,75,56,6,117,54" hai3="90,114,113,127,10,110,22,35,33,23,80,0,95"/><V121/><F117/><W65/><G110/><T8/><D69/><U116/><E34/><N who="3" m="12810" /><G127/><T73/><D32/><U18/><E124/><V118/><F118/><W5/><G65/><T77/><D77/><U66/><E2/><V132/><F121/><W84/><G80/><T123/><D123/><U109/><E109/><V42/><F83/><W25/><G25/><T70/><D70/><U17/><E101/><V68/><F68/><W58/><G58/><T61/><D46/><U112/><E112/><AGARI ba="1,0" hai="0,5,10,22,23,84,90,95,112,113,114" m="12810" machi="112" ten="30,1000,0" yaku="11,1" doraHai="105" who="3" fromWho="1" sc="323,0,185,-13,301,0,191,13" /><INIT seed="3,0,0,3,2,22" ten="323,172,301,204" oya="3" hai0="6,29,121,101,42,36,24,13,116,33,25,20,86" hai1="135,125,37,1,23,113,28,68,128,38,31,10,77" hai2="74,26,104,97,85,107,96,34,92,3,110,55,43" hai3="114,8,56,83,87,70,105,90,47,21,54,79,120"/><W71/><G120/><T7/><D36/><U4/><E113/><V46/><F74/><W81/><G114/><T58/><D42/><U132/><E68/><V5/><F110/><W32/><G32/><T106/><D106/><U69/><E69/><V88/><F55/><W30/><G105/><T59/><D101/><U50/><E77/><V123/><F123/><W76/><G47/><T45/><D45/><U84/><E84/><V73/><F73/><W102/><G102/><T16/><D121/><U98/><E98/><V48/><F5/><N who="0" m="1546" /><D59/><U89/><E128/><V53/><F3/><W35/><G35/><N who="0" m="20903" /><D58/><U82/><E125/><V11/><F11/><W49/><G8/><N who="0" m="6183" /><D86/><N who="1" m="50391" /><E50/><V94/><F43/><W75/><G76/><T64/><D64/><U103/><E103/><V63/><F63/><W17/><G71/><T95/><D95/><U65/><E65/><V111/><F85/><W66/><G66/><T118/><D33/><U78/><E78/><V67/><F67/><W0/><G70/><T108/><D108/><U19/><E38/><V124/><F111/><W129/><G56/><T126/><D126/><U62/><E37/><V2/><F124/><W109/><G109/><T99/><D99/><U80/><E62/><V93/><F93/><W91/><G75/><T130/><D130/><U18/><E80/><V61/><F107/><W15/><G129/><T40/><D40/><U57/><E57/><V112/><F104/><W14/><G83/><T12/><D12/><U133/><E133/><V134/><F134/><W9/><G15/><T60/><D60/><U27/><E135/><RYUUKYOKU ba="0,0" sc="323,30,172,-10,301,-10,204,-10" hai0="20,25,116,118" /><INIT seed="4,1,0,5,5,69" ten="353,162,291,194" oya="0" hai0="103,87,49,116,84,101,20,10,8,85,30,64,83" hai1="129,28,106,90,26,89,41,52,18,118,58,125,109" hai2="104,39,127,72,102,35,48,97,11,60,57,110,135" hai3="88,113,19,124,24,2,68,4,128,70,21,51,96"/><T115/><D115/><U3/><E109/><V54/><F110/><W63/><G113/><T1/><D1/><U38/><E118/><V37/><F72/><W86/><G124/><T120/><D120/><U56/><E125/><V130/><F127/><W123/><G128/><T62/><D116/><U94/><E129/><V9/><F130/><W7/><G123/><T99/><D49/><U47/><E106/><V111/><F111/><W114/><G114/><T78/><D103/><U33/><E3/><V6/><F35/><W132/><G132/><T80/><D20/><U108/><E108/><V25/><F135/><W43/><G96/><T126/><D30/><U59/><E18/><V117/><F117/><W98/><G98/><T67/><D126/><U131/><E131/><V14/><F25/><W45/><G2/><T81/><D78/><U77/><E77/><V100/><F100/><W79/><G79/><T73/><D73/><U66/><E66/><V42/><F42/><W65/><REACH who="3" step="1"/><G70/><REACH who="3" ten="353,162,291,184" step="2"/><T16/><D99/><U74/><E74/><V82/><F97/><W31/><G31/><T32/><D101/><U134/><E134/><V23/><F102/><W40/><G40/><T91/><D91/><U122/><E122/><V27/><F104/><W107/><G107/><T50/><D87/><N who="1" m="52543" /><E90/><V5/><F5/><W112/><G112/><T92/><D85/><U13/><E28/><V17/><F6/><W93/><AGARI ba="1,1" hai="4,7,19,21,24,43,45,51,63,65,68,86,88,93" machi="93" ten="20,5200,0" yaku="1,1,0,1,7,1,54,1,53,0" doraHai="69" doraHaiUra="119" who="3" fromWho="3" sc="353,-27,162,-14,291,-14,184,65" /><INIT seed="5,0,0,5,3,122" ten="326,148,277,249" oya="1" hai0="106,52,119,2,10,45,67,86,73,126,114,15,1" hai1="109,131,113,63,58,121,34,29,53,65,102,75,94" hai2="117,61,92,47,12,101,100,97,16,46,111,25,77" hai3="104,35,83,71,68,27,124,128,69,55,103,72,78"/><U129/><E121/><V62/><F117/><W42/><G42/><T32/><D73/><U130/><E75/><V98/><F111/><W22/><G35/><T30/><D106/><U28/><E113/><V20/><F77/><W6/><G6/><T43/><D119/><U36/><E36/><V132/><F132/><W40/><G40/><T14/><D67/><U134/><E134/><V56/><F12/><W8/><G124/><T49/><D126/><U23/><E34/><V50/><F50/><W80/><G128/><T21/><D32/><U13/><E109/><V87/><F87/><W3/><G83/><T37/><D86/><U38/><E38/><V60/><REACH who="2" step="1"/><F56/><REACH who="2" ten="326,148,267,249" step="2"/><W17/><G69/><T120/><D15/><U9/><E131/><V18/><F18/><W4/><G71/><T133/><D133/><U57/><E130/><V5/><F5/><W11/><G68/><T66/><D120/><U82/><E129/><V39/><F39/><W33/><G17/><T99/><D14/><U31/><E58/><V116/><F116/><W127/><G78/><T89/><D37/><U26/><E13/><V19/><F19/><W24/><G4/><T95/><D114/><U110/><E110/><V79/><F79/><W76/><G76/><T91/><D49/><N who="1" m="30895" /><E9/><V115/><F115/><W112/><G112/><T96/><D10/><U84/><E84/><V107/><AGARI ba="0,1" hai="16,20,25,46,47,60,61,62,92,97,98,100,101,107" machi="107" ten="30,4000,0" yaku="1,1,0,1,54,1,53,0" doraHai="122" doraHaiUra="0" who="2" fromWho="2" sc="326,-10,148,-20,267,50,249,-10" /><INIT seed="6,0,0,4,4,8" ten="316,128,317,239" oya="2" hai0="38,73,54,53,67,107,116,104,85,7,9,42,68" hai1="119,12,72,34,120,126,47,65,32,134,46,125,28" hai2="121,51,133,50,23,128,30,108,106,74,25,88,58" hai3="39,62,37,131,127,112,20,36,115,81,117,103,43"/><V92/><F106/><W15/><G117/><T97/><D116/><U91/><E119/><V18/><F121/><W101/><G127/><N who="1" m="48650" /><E72/><V59/><F74/><W64/><G131/><T66/><D73/><U118/><E118/><V80/><F133/><W29/><G43/><T124/><D124/><U21/><E65/><V111/><F80/><W17/><G29/><T102/><D107/><U77/><E77/><V6/><F6/><W99/><G81/><T94/><D42/><U110/><E91/><V57/><F128/><W4/><G4/><T60/><D38/><U61/><E61/><V135/><F135/><W84/><G84/><T123/><D67/><U83/><E83/><V98/><F30/><W63/><G63/><T33/><D33/><U71/><E134/><V35/><F35/><N who="1" m="13353" /><E71/><V3/><F3/><W89/><G89/><T69/><D69/><U19/><E47/><V109/><AGARI ba="0,0" hai="18,23,25,50,51,57,58,59,88,92,98,108,109,111" machi="109" ten="40,7800,0" yaku="0,1,10,1,54,1" doraHai="8" who="2" fromWho="2" sc="316,-26,128,-26,317,78,239,-26" /><INIT seed="6,1,0,4,3,86" ten="290,102,395,213" oya="2" hai0="52,104,46,35,50,128,12,100,93,26,33,119,9" hai1="49,131,43,21,118,18,122,113,99,77,54,65,79" hai2="111,45,63,92,38,121,123,135,129,102,13,97,120" hai3="69,30,17,108,115,36,75,32,31,34,66,40,78"/><V20/><F129/><W94/><G108/><T5/><D128/><U76/><E131/><V27/><F135/><W47/><G75/><T23/><D104/><U117/><E113/><V124/><F124/><W85/><G69/><T29/><D119/><U72/><E72/><V3/><F3/><W130/><G66/><T59/><D100/><U125/><E125/><V95/><F111/><W22/><G130/><T24/><D93/><U126/><E126/><V107/><F13/><W80/><G115/><T64/><D64/><U57/><E122/><V4/><F4/><W51/><G94/><T53/><REACH who="0" step="1"/><D26/><REACH who="0" ten="280,102,395,213" step="2"/><U83/><E65/><V81/><F92/><W56/><G80/><T6/><D6/><U68/><E83/><V101/><F81/><W2/><G2/><T87/><D87/><U60/><E68/><V88/><F107/><W116/><G85/><T134/><D134/><U0/><E0/><V19/><REACH who="2" step="1"/><F63/><AGARI ba="1,1" hai="5,9,12,23,24,29,33,35,46,50,52,53,59,63" machi="63" ten="30,7700,0" yaku="1,1,7,1,54,1,53,1" doraHai="86" doraHaiUra="25" who="0" fromWho="2" sc="280,90,102,0,395,-80,213,0" /><INIT seed="7,0,0,0,1,133" ten="370,102,315,213" oya="3" hai0="31,17,54,90,120,37,67,74,65,91,2,58,135" hai1="24,109,13,132,94,1,59,124,73,114,9,113,5" hai2="45,119,93,131,63,0,35,16,103,81,50,100,122" hai3="112,98,69,105,32,49,86,97,48,27,23,71,121"/><W82/><G121/><T52/><D37/><U61/><E73/><V47/><F119/><W51/><G32/><T115/><D2/><U95/><E95/><V41/><F122/><W44/><G112/><N who="1" m="43114" /><E94/><V127/><F131/><W60/><G105/><T126/><D126/><U57/><E61/><V3/><F127/><W130/><G130/><T53/><D17/><U26/><E59/><V64/><F35/><W20/><G44/><T28/><D135/><U30/><E57/><V10/><F81/><W15/><G69/><T42/><D115/><U6/><E132/><V21/><F10/><W8/><G23/><T33/><D52/><U84/><E84/><V129/><F129/><W76/><G71/><T36/><D33/><N who="1" m="20679" /><E109/><V123/><F123/><W92/><G60/><T34/><D58/><U96/><E96/><V43/><F63/><W46/><G46/><T83/><D34/><U111/><E111/><V87/><F64/><W116/><G92/><T55/><D31/><U12/><E26/><V85/><F0/><W18/><G97/><T117/><D28/><U39/><E39/><V70/><F3/><W7/><G98/><T22/><D36/><U106/><E106/><V88/><F85/><W118/><AGARI ba="0,0" hai="7,8,15,18,20,27,48,49,51,76,82,86,116,118" machi="118" ten="30,1500,0" yaku="0,1" doraHai="133" who="3" fromWho="3" sc="370,-5,102,-5,315,-5,213,15" /><INIT seed="7,1,0,3,3,34" ten="365,97,310,228" oya="3" hai0="28,15,79,70,62,121,77,58,107,71,37,82,10" hai1="76,94,103,112,133,83,75,31,109,135,57,59,124" hai2="85,23,26,2,49,98,18,27,5,69,127,33,68" hai3="95,19,81,24,30,89,88,105,6,130,67,4,38"/><W120/><G105/><T131/><D121/><U36/><E36/><V74/><F74/><W20/><G120/><T9/><D37/><U99/><E57/><V126/><F98/><W132/><G38/><T13/><D28/><U55/><E55/><V90/><F49/><W46/><G130/><T50/><D50/><U52/><E59/><V54/><F54/><W16/><G132/><T7/><D107/><U63/><E52/><V32/><F85/><N who="3" m="50223" /><G67/><T12/><D131/><U96/><E31/><V87/><F87/><N who="3" m="52671" /><G46/><T65/><D13/><U64/><E63/><V47/><F90/><W72/><G72/><T48/><D48/><U84/><E64/><V11/><F47/><W61/><G61/><T113/><D113/><U128/><E128/><V125/><REACH who="2" step="1"/><F26/><REACH who="2" ten="365,97,300,228" step="2"/><W102/><G102/><T14/><D79/><U108/><E112/><V110/><F110/><W92/><G92/><T39/><D39/><U21/><E21/><V100/><F100/><W97/><G97/><T114/><D114/><U29/><E29/><V106/><F106/><W119/><G119/><T118/><D118/><U56/><E56/><V35/><AGARI ba="1,1" hai="2,5,11,18,23,27,32,33,35,68,69,125,126,127" machi="35" ten="40,8000,1" yaku="1,1,0,1,18,1,52,1,53,0" doraHai="34" doraHaiUra="111" who="2" fromWho="2" sc="365,-21,97,-21,300,93,228,-41" owari="344,14.0,76,-42.0,393,49.0,187,-21.0" /></mjloggm>