<mjloggm ver="2.3"><GO type="169" lobby="0"/><UN n0="%33%E5%B9%B4%E9%96%93%E6%9C%A8%E6%9A%AE%E5%85%AC%E5%BB%B6%E2%91%A4" n1="%43%2E%43%2E%E3%82%B5%E3%83%90%E3%82%B7%E3%82%A2" n2="%53%49%4C%41%53" n3="%E3%82%A6%E3%83%AB%E3%83%88%E3%83%A9%E7%AB%8B%E7%9B%B4" dan="16,16,16,17" rate="2135.82,2174.77,2105.28,2171.27" sx="M,F,F,M"/><TAIKYOKU oya="0"/><INIT seed="0,0,0,5,2,19" ten="250,250,250,250" oya="0" hai0="97,54,9,123,77,29,23,100,14,61,107,32,91" hai1="52,31,47,124,93,102,94,36,72,117,108,73,35" hai2="79,48,110,11,67,89,120,13,132,57,59,71,15" hai3="86,116,112,22,84,53,121,3,8,90,119,128,70"/><T4/><D123/><U2/><E117/><V99/><F120/><W30/><G70/><T85/><D77/><U43/><E2/><V95/><F110/><W7/><G121/><T80/><D32/><U26/><E108/><V17/><F132/><W33/><G112/><T34/><D34/><U46/><E124/><V78/><F71/><W49/><G33/><T51/><D61/><U75/><REACH who="1" step="1"/><E102/><REACH who="1" ten="250,240,250,250" step="2"/><V28/><F28/><W125/><G125/><T104/><D104/><U122/><E122/><V82/><F67/><W109/><G30/><T103/><D103/><U74/><N who="1" m="18432" /><DORA hai="62" /><U98/><E98/><V56/><F82/><W92/><G116/><T1/><D1/><U37/><E37/><V38/><F38/><W55/><G3/><T45/><REACH who="0" step="1"/><D29/><REACH who="0" ten="240,240,250,250" step="2"/><U88/><E88/><V118/><F118/><W27/><G90/><T126/><D126/><U20/><E20/><AGARI ba="0,2" hai="4,9,14,20,23,45,51,54,80,85,91,97,100,107" machi="20" ten="40,12000,1" yaku="1,1,52,2,53,1" doraHai="19,62" doraHaiUra="131,81" who="0" fromWho="1" sc="240,140,240,-120,250,0,250,0" /><INIT seed="0,1,0,5,4,46" ten="380,120,250,250" oya="0" hai0="122,11,96,133,44,38,30,132,25,24,85,92,58" hai1="52,82,112,31,79,47,114,106,87,71,2,7,127" hai2="76,94,119,98,89,42,73,80,39,95,93,84,88" hai3="109,13,103,41,124,134,130,67,40,68,128,129,45"/><T62/><D122/><U64/><E127/><V60/><F39/><W104/><G104/><T102/><D11/><U110/><E110/><V37/><F37/><W12/><G103/><T100/><D100/><U27/><E106/><V123/><F42/><W26/><G109/><T43/><D85/><U55/><E71/><V49/><F60/><W18/><G67/><T19/><D19/><U8/><E64/><V14/><F123/><W34/><G68/><T20/><REACH who="0" step="1"/><D25/><REACH who="0" ten="370,120,250,250" step="2"/><U5/><E5/><V101/><F14/><W61/><G12/><T35/><D35/><U48/><REACH who="1" step="1"/><E55/><AGARI ba="1,1" hai="20,24,30,38,43,44,55,58,62,92,96,102,132,133" machi="55" ten="40,2000,0" yaku="1,1,53,0" doraHai="46" doraHaiUra="29" who="0" fromWho="1" sc="370,33,120,-23,250,0,250,0" /><INIT seed="0,2,0,1,3,9" ten="403,97,250,250" oya="0" hai0="107,131,73,6,113,45,54,95,23,122,29,86,22" hai1="13,93,91,126,100,18,89,70,87,115,2,36,51" hai2="11,75,129,128,120,71,125,132,24,46,92,41,38" hai3="98,67,57,101,117,27,1,43,99,3,25,68,97"/><T76/><D122/><U74/><E36/><V96/><F120/><W33/><G117/><T84/><D107/><U80/><E2/><V109/><F109/><W114/><G114/><T123/><D113/><U49/><E115/><V61/><F75/><W42/><G68/><T81/><D131/><N who="2" m="50250" /><F132/><W64/><G33/><T82/><D6/><U7/><E126/><V105/><F105/><W127/><G127/><T10/><D10/><U103/><E70/><V20/><F11/><W135/><G57/><T130/><D130/><U44/><E7/><V14/><F14/><W111/><G111/><T121/><D95/><U119/><E119/><V12/><F12/><W48/><G48/><N who="1" m="18506" /><E74/><V17/><F125/><W19/><G19/><T37/><D73/><U88/><E44/><V58/><F71/><W116/><G116/><T15/><D37/><U85/><E91/><N who="2" m="55327" /><F58/><W26/><G101/><T65/><D15/><U50/><N who="1" m="18514" /><U5/><DORA hai="112" /><E5/><V0/><F61/><W90/><G90/><T59/><D76/><U40/><E40/><N who="3" m="15402" /><G135/><T94/><D121/><U102/><E102/><V28/><F28/><W63/><G63/><T134/><D29/><U55/><E55/><V133/><F133/><W108/><G108/><T34/><D54/><U47/><E47/><V31/><F31/><W106/><G106/><T56/><D134/><U79/><E79/><V62/><F62/><W78/><G78/><T104/><D59/><U53/><E53/><V30/><F30/><W4/><G4/><T39/><D56/><U52/><E52/><V60/><F60/><W110/><G110/><RYUUKYOKU ba="2,0" sc="403,-30,97,10,250,10,250,10" hai1="13,18,80,85,87,88,89,93,100,103" hai2="0,17,20,24,38,41,46" hai3="1,3,25,26,27,64,67,97,98,99" /><INIT seed="1,3,0,5,5,125" ten="373,107,260,260" oya="1" hai0="34,90,95,0,73,67,69,122,7,115,24,46,4" hai1="72,13,84,79,6,76,104,70,114,42,106,112,57" hai2="31,38,15,105,39,17,86,9,25,71,119,126,91" hai3="131,40,8,54,3,129,63,19,49,10,61,109,77"/><U56/><E70/><V43/><F119/><W35/><G35/><T30/><D73/><U16/><E6/><V100/><F126/><W128/><G109/><T116/><D116/><U103/><E72/><V87/><F71/><W93/><G40/><T113/><D122/><U62/><E42/><V83/><F43/><W44/><G77/><T50/><D67/><U127/><E127/><V92/><F105/><W123/><G123/><T36/><D36/><U133/><E133/><V26/><F26/><W22/><G93/><T1/><D69/><U130/><E130/><V120/><F120/><W110/><G110/><T32/><D32/><U18/><E13/><V102/><F102/><W111/><G111/><T85/><D7/><U135/><E135/><V124/><F124/><W33/><G33/><T2/><REACH who="0" step="1"/><D4/><REACH who="0" ten="363,107,260,260" step="2"/><U14/><E112/><V47/><F39/><W45/><G45/><T48/><D48/><U82/><E114/><V117/><F47/><W94/><G63/><T52/><AGARI ba="3,1" hai="0,1,2,24,30,34,46,50,52,85,90,95,113,115" machi="52" ten="30,4000,0" yaku="1,1,0,1,54,1,53,0" doraHai="125" doraHaiUra="59" who="0" fromWho="0" sc="363,59,107,-23,260,-13,260,-13" /><INIT seed="2,0,0,3,5,78" ten="422,84,247,247" oya="2" hai0="105,124,17,32,43,57,71,46,111,64,1,127,37" hai1="6,86,35,49,34,33,114,110,112,66,22,135,98" hai2="9,39,8,77,73,7,54,90,106,79,83,53,61" hai3="72,87,11,56,30,38,131,133,68,99,94,47,5"/><V69/><F106/><W40/><G68/><T27/><D105/><U109/><E66/><V93/><F8/><W14/><G72/><T102/><D1/><U31/><E98/><V45/><F77/><W59/><G131/><T67/><D102/><U0/><E49/><V52/><F69/><W97/><G133/><T122/><D17/><U81/><E135/><V134/><F134/><W75/><G75/><T16/><D32/><U132/><E132/><V76/><F76/><W100/><G30/><T89/><D71/><U21/><E86/><V18/><F18/><W95/><REACH who="3" step="1"/><G87/><REACH who="3" ten="422,84,247,237" step="2"/><T125/><D124/><U113/><E31/><V65/><F61/><W74/><G74/><T12/><D125/><U88/><E109/><V80/><F65/><W92/><G92/><T129/><D67/><U115/><N who="1" m="28672" /><DORA hai="70" /><U96/><E110/><V116/><F116/><W44/><G44/><T118/><D46/><U10/><REACH who="1" step="1"/><E81/><REACH who="1" ten="422,74,247,237" step="2"/><V50/><F39/><W126/><G126/><T15/><D37/><U85/><E85/><V36/><F36/><W42/><G42/><T51/><D43/><U13/><E13/><V24/><F24/><W4/><G4/><T130/><D12/><U58/><E58/><V55/><F73/><W3/><G3/><T48/><D15/><U26/><E26/><V62/><F62/><W19/><G19/><T91/><D16/><U28/><E28/><V123/><F80/><W41/><G41/><T117/><D27/><U103/><E103/><AGARI ba="0,2" hai="5,11,14,38,40,47,56,59,94,95,97,99,100,103" machi="103" ten="30,7700,0" yaku="1,1,7,1,9,1,52,1,53,0" doraHai="78,70" doraHaiUra="119,104" who="3" fromWho="1" sc="422,0,74,-77,247,0,237,97" owari="422,52.0,-3,-50.0,247,-15.0,334,13.0" /></mjloggm>