<mjloggm ver="2.3"><GO type="169" lobby="0"/><UN n0="%E3%82%A6%E3%83%AB%E3%83%88%E3%83%A9%E7%AB%8B%E7%9B%B4" n1="%55%4E%4B%4F%63%68%61%6E" n2="%E3%81%B5%E3%81%8B" n3="%42%49%47%42%4F%53%53" dan="16,18,16,17" rate="2173.75,2167.87,2095.35,2122.77" sx="M,M,M,M"/><TAIKYOKU oya="0"/><INIT seed="0,0,0,5,4,113" ten="250,250,250,250" oya="0" hai0="46,59,128,105,127,91,8,54,40,68,15,7,86" hai1="43,49,103,51,90,57,66,55,119,94,123,115,53" hai2="70,1,32,9,102,88,2,73,81,106,31,5,21" hai3="69,39,104,62,98,75,60,10,24,100,120,12,17"/><T109/><D128/><U126/><E123/><V89/><F1/><W111/><G120/><T114/><D127/><U131/><E126/><V117/><F21/><W125/><G125/><T4/><D105/><U14/><E131/><V77/><F70/><W48/><G39/><T34/><D34/><U22/><E115/><V99/><REACH who="2" step="1"/><F117/><REACH who="2" ten="250,250,240,250" step="2"/><W95/><G69/><T97/><D68/><U83/><E119/><V85/><F85/><W23/><G75/><T82/><D114/><U58/><E43/><V116/><F116/><W63/><G111/><T124/><D124/><U30/><E66/><V36/><F36/><W74/><G74/><T92/><D109/><U41/><E41/><V25/><AGARI ba="0,1" hai="2,5,9,25,31,32,73,77,81,88,89,99,102,106" machi="25" ten="30,4000,0" yaku="1,1,0,1,54,1,53,0" doraHai="113" doraHaiUra="37" who="2" fromWho="2" sc="250,-20,250,-10,240,50,250,-10" /><INIT seed="1,0,0,5,5,80" ten="230,240,290,240" oya="1" hai0="120,104,4,67,43,39,105,112,6,123,44,117,96" hai1="0,2,56,66,51,82,47,98,111,72,89,24,60" hai2="30,69,18,118,22,8,33,28,78,79,5,55,23" hai3="116,99,59,95,7,76,75,91,110,19,77,113,42"/><U132/><E132/><V131/><F69/><W41/><G113/><T109/><D112/><U1/><E111/><V35/><F118/><W61/><G116/><T124/><D117/><U97/><E24/><N who="2" m="16415" /><F55/><W58/><G110/><T32/><D32/><N who="2" m="12362" /><F78/><W38/><G75/><T84/><D124/><U115/><E115/><V100/><F79/><W130/><G7/><N who="0" m="2603" /><D67/><U86/><REACH who="1" step="1"/><E72/><REACH who="1" ten="230,230,290,240" step="2"/><V87/><F131/><W119/><G130/><T93/><D109/><U65/><E65/><V101/><F30/><W133/><G133/><T70/><D123/><U14/><E14/><N who="2" m="9559" /><F100/><W54/><G119/><T15/><D120/><U17/><E17/><V103/><F103/><W53/><G19/><T21/><D15/><U71/><E71/><V52/><F101/><W12/><G12/><T108/><D70/><U134/><E134/><V81/><F5/><W10/><G38/><T90/><D108/><U46/><E46/><V34/><F34/><W85/><G58/><T20/><D39/><U114/><E114/><V63/><F8/><W102/><G10/><T49/><D21/><U48/><E48/><V16/><F16/><W36/><G36/><T64/><D20/><U125/><E125/><V45/><F45/><W126/><G126/><T135/><D135/><U129/><E129/><V31/><F31/><W127/><G127/><T9/><D9/><U57/><E57/><V27/><F27/><W74/><G74/><T122/><D122/><U3/><N who="1" m="0" /><DORA hai="121" /><U29/><E29/><V94/><F63/><W37/><G37/><T26/><D64/><U73/><E73/><V13/><F13/><RYUUKYOKU ba="0,1" sc="230,-10,230,30,290,-10,240,-10" hai1="47,51,56,60,66,82,86,89,97,98" /><INIT seed="1,1,1,0,4,43" ten="220,260,280,230" oya="1" hai0="86,68,123,128,116,21,58,104,115,88,31,49,26" hai1="59,114,135,105,131,102,113,7,3,1,106,92,97" hai2="57,133,34,112,87,23,0,38,110,76,6,51,95" hai3="47,4,62,83,42,45,63,70,53,117,14,96,37"/><U24/><E131/><V122/><F34/><W124/><G124/><T107/><D68/><U40/><E135/><V13/><F38/><W17/><G117/><T111/><D115/><U126/><E126/><V27/><F0/><W71/><G4/><T129/><D116/><U85/><E3/><V99/><F110/><W25/><G25/><T39/><D39/><U30/><E40/><V20/><F122/><W5/><G5/><T103/><D103/><U74/><E74/><V82/><F133/><W16/><G83/><N who="0" m="49247" /><D111/><U69/><E69/><V11/><F112/><W81/><G81/><T8/><D8/><U44/><E7/><V120/><F120/><W72/><G72/><T121/><D121/><U18/><E18/><V73/><F73/><W78/><G78/><T108/><D108/><U90/><E106/><V80/><F80/><W109/><G109/><T54/><D123/><U93/><E105/><V60/><F51/><W134/><G134/><T66/><D66/><U75/><E75/><V91/><REACH who="2" step="1"/><F27/><REACH who="2" ten="220,260,270,230" step="2"/><W46/><G37/><T15/><D15/><U100/><E1/><V127/><F127/><W132/><G14/><T77/><D77/><U12/><E12/><V79/><F79/><W65/><G132/><T41/><D41/><U64/><E113/><V94/><F94/><W48/><G42/><T101/><D107/><U67/><E114/><V33/><F33/><W9/><G63/><T55/><D129/><U130/><E130/><V10/><F10/><W89/><G9/><T2/><D128/><U19/><E24/><V98/><F98/><W84/><G96/><RYUUKYOKU ba="1,2" sc="220,-10,260,-10,270,30,230,-10" hai2="6,11,13,20,23,57,60,76,82,87,91,95,99" /><INIT seed="2,2,2,5,0,0" ten="210,250,300,220" oya="2" hai0="77,27,24,2,109,70,123,51,135,102,56,43,26" hai1="90,67,10,106,33,124,125,78,61,48,31,21,17" hai2="118,12,105,72,132,92,66,41,114,4,80,59,108" hai3="18,34,91,50,111,52,49,74,16,20,126,93,97"/><V47/><F114/><W45/><G34/><T96/><D70/><U40/><E106/><V55/><F118/><W119/><G119/><T32/><D123/><U121/><E78/><N who="2" m="44103" /><F105/><W117/><G117/><T104/><D2/><U42/><E121/><V110/><F66/><W54/><G126/><N who="1" m="48746" /><E48/><V58/><F132/><W1/><G111/><N who="2" m="42537" /><F55/><W35/><G35/><T116/><D32/><U37/><E37/><N who="2" m="21935" /><F92/><W134/><G134/><T22/><D43/><U128/><E42/><V87/><F87/><W25/><G74/><T81/><D116/><U115/><E40/><V6/><F12/><W86/><G1/><T64/><D135/><U62/><E67/><V129/><F129/><W120/><G120/><T13/><D13/><N who="1" m="7351" /><E128/><V122/><F122/><W3/><G3/><T36/><D36/><U95/><E115/><V88/><F88/><W133/><G133/><T101/><D101/><U19/><E90/><V99/><F99/><W73/><G73/><T46/><D109/><U9/><E95/><V76/><F76/><W131/><G131/><T82/><D77/><U11/><E61/><V113/><F113/><W69/><G69/><T98/><D98/><U30/><E62/><V75/><F75/><W23/><G97/><T28/><D82/><U8/><E33/><V53/><F53/><N who="3" m="29871" /><G50/><T5/><D51/><U60/><E60/><V57/><AGARI ba="2,2" hai="4,6,57,58,59" m="21935,42537,44103" machi="57" ten="30,11700,0" yaku="14,1,10,1,52,2" doraHai="0" who="2" fromWho="2" sc="210,-41,250,-41,300,143,220,-41" /><INIT seed="2,3,0,1,2,20" ten="169,209,443,179" oya="2" hai0="28,0,45,127,71,62,119,56,14,70,84,85,102" hai1="69,36,96,105,67,82,111,126,31,55,117,46,125" hai2="2,12,86,78,9,13,134,100,49,79,93,15,25" hai3="88,106,118,130,4,97,104,108,17,64,121,112,41"/><V109/><F134/><W124/><G118/><T24/><D0/><U122/><E117/><V18/><F109/><W133/><G121/><T3/><D3/><U114/><E114/><V44/><F2/><W68/><G108/><T7/><D127/><U63/><E111/><V39/><F39/><W81/><G124/><T58/><D102/><N who="1" m="62663" /><E122/><V21/><F9/><W8/><G133/><T5/><D45/><U113/><E113/><V95/><F100/><W66/><G68/><T89/><D119/><U87/><E87/><V59/><F59/><W22/><G112/><T99/><D99/><U29/><E29/><V76/><F86/><W16/><G130/><T52/><D85/><U37/><E82/><V72/><F72/><W34/><G34/><T92/><D58/><U131/><E37/><V33/><F33/><W61/><G104/><T115/><D115/><U30/><E131/><V135/><F135/><W91/><G106/><T80/><D80/><U123/><E123/><V48/><F48/><W116/><G116/><T53/><D53/><AGARI ba="3,0" hai="12,13,15,18,21,25,44,49,53,76,78,79,93,95" machi="53" ten="40,3900,0" yaku="8,1,52,1" doraHai="20" who="2" fromWho="0" sc="169,-48,209,0,443,48,179,0" /><INIT seed="2,4,0,4,2,78" ten="121,209,491,179" oya="2" hai0="79,70,62,135,27,53,45,95,105,101,113,11,124" hai1="131,29,76,110,134,118,129,20,46,99,88,15,126" hai2="22,44,60,39,85,74,31,3,34,107,16,93,96" hai3="47,24,102,100,19,1,48,54,133,61,115,56,23"/><V84/><F74/><W89/><G133/><T86/><D113/><U122/><E118/><V12/><F107/><W111/><G115/><T49/><D135/><U67/><E134/><V77/><F3/><W114/><G114/><T97/><D124/><U64/><E110/><V73/><F60/><W63/><G111/><T104/><D11/><U120/><E76/><V98/><F73/><W128/><G128/><N who="1" m="49226" /><E46/><V108/><F108/><W51/><G1/><T2/><D2/><U90/><E126/><V13/><F13/><W52/><REACH who="3" step="1"/><G89/><REACH who="3" ten="121,209,491,169" step="2"/><T4/><D4/><U75/><E90/><N who="2" m="53455" /><F77/><W127/><G127/><T28/><D79/><U91/><E91/><V6/><F6/><W32/><G32/><T58/><D86/><U50/><E75/><V66/><F84/><W57/><G57/><T35/><REACH who="0" step="1"/><D70/><REACH who="0" ten="111,209,491,169" step="2"/><U121/><E121/><V87/><F87/><W123/><G123/><T21/><D21/><U42/><E122/><V72/><F22/><W59/><G59/><T9/><D9/><U116/><E120/><V81/><F34/><W65/><G65/><AGARI ba="4,2" hai="27,28,35,45,49,53,58,62,65,95,97,101,104,105" machi="65" ten="30,2000,0" yaku="1,1,7,1,53,0" doraHai="78" doraHaiUra="0" who="0" fromWho="3" sc="111,52,209,0,491,0,169,-32" /><INIT seed="3,0,0,3,1,128" ten="163,209,491,137" oya="3" hai0="73,115,77,59,90,20,92,0,11,98,109,108,23" hai1="116,87,55,43,93,117,107,66,110,9,54,56,63" hai2="106,123,19,10,69,134,113,126,79,86,21,84,127" hai3="46,118,18,4,47,51,121,35,97,83,61,26,6"/><W17/><G118/><N who="1" m="45674" /><E107/><V5/><F113/><W120/><G61/><T68/><D68/><U112/><E112/><V74/><F69/><W16/><G97/><T45/><D59/><U27/><E110/><N who="0" m="42601" /><D115/><U39/><E27/><V125/><F106/><W58/><G83/><N who="0" m="45487" /><D45/><N who="1" m="23807" /><E9/><V132/><F74/><W85/><G58/><T48/><D48/><U52/><E93/><V64/><F123/><W57/><G57/><T37/><D37/><U24/><E24/><N who="2" m="14399" /><F64/><W14/><G121/><T82/><D82/><U72/><E87/><N who="2" m="33323" /><F79/><W78/><G120/><T13/><D0/><AGARI ba="0,0" hai="0,5,10,125,126,127,132,134" m="33323,14399" machi="0" ten="40,5200,0" yaku="18,1,52,2" doraHai="128" who="2" fromWho="0" sc="163,-52,209,0,491,52,137,0" /><INIT seed="4,0,0,0,1,60" ten="111,209,543,137" oya="0" hai0="99,129,54,40,65,2,112,92,103,58,55,117,90" hai1="91,24,97,14,35,106,69,23,3,45,43,25,22" hai2="125,78,37,57,4,118,49,113,98,17,135,39,73" hai3="63,15,132,52,131,83,8,134,88,82,102,93,11"/><T107/><D117/><U124/><E3/><V119/><F4/><W70/><G131/><T20/><D2/><U111/><E111/><V28/><F28/><W87/><G8/><T56/><D129/><U89/><E69/><V80/><F113/><W128/><G128/><T72/><D72/><U81/><E124/><V121/><F121/><W123/><G123/><T95/><D112/><U85/><E35/><V32/><F32/><W44/><G70/><T21/><D40/><U48/><E106/><V41/><F125/><W47/><G47/><T51/><D107/><U66/><E66/><V62/><F135/><N who="3" m="51755" /><G102/><T12/><D12/><U31/><E14/><V108/><F108/><W110/><G110/><T84/><REACH who="0" step="1"/><D65/><REACH who="0" ten="101,209,543,137" step="2"/><U122/><E122/><V61/><F41/><W79/><G79/><T77/><D77/><N who="1" m="46255" /><E97/><V109/><F98/><W27/><G27/><T96/><D96/><U19/><AGARI ba="0,1" hai="19,22,23,24,25,31,43,45,48,89,91" m="46255" machi="19" ten="30,1100,0" yaku="8,1" doraHai="60" who="1" fromWho="1" sc="101,-5,209,21,543,-3,137,-3" /><INIT seed="5,0,0,0,1,11" ten="96,230,540,134" oya="1" hai0="90,12,96,76,48,125,73,88,31,105,39,59,15" hai1="5,118,6,112,29,100,20,68,24,22,121,37,40" hai2="47,71,74,13,4,79,36,94,84,25,95,129,62" hai3="61,123,57,45,106,109,131,53,55,52,80,16,66"/><U119/><E68/><V58/><F71/><W78/><G109/><T1/><D1/><U75/><E75/><V124/><F74/><W92/><G123/><T117/><D39/><U46/><E121/><V7/><F36/><W107/><G131/><T115/><D117/><U43/><E112/><V27/><F47/><W97/><G45/><T104/><D73/><U65/><E65/><V116/><F124/><W98/><G98/><T44/><D105/><U49/><E43/><V26/><F129/><W10/><G80/><T33/><D33/><U35/><E37/><V50/><F50/><W103/><REACH who="3" step="1"/><G78/><REACH who="3" ten="96,230,540,124" step="2"/><T64/><D76/><U132/><E118/><V120/><F79/><W18/><G18/><T86/><D115/><U60/><E119/><V3/><F116/><W110/><G110/><T113/><D113/><U54/><E132/><V127/><F120/><W108/><G108/><T111/><D111/><U30/><E100/><V91/><F127/><W81/><G81/><N who="0" m="49231" /><D125/><U122/><E122/><V82/><F82/><W34/><G34/><T133/><D133/><U41/><E35/><V89/><F84/><W126/><G126/><T69/><D31/><U0/><E29/><V23/><F4/><W134/><G134/><T2/><D44/><U93/><E40/><V51/><F7/><W87/><G87/><T14/><D90/><U85/><E41/><V83/><F89/><W32/><G32/><T9/><D96/><U8/><E6/><V99/><F99/><W135/><G135/><T102/><D102/><U38/><E38/><V63/><F91/><W21/><G21/><RYUUKYOKU ba="0,1" sc="96,-10,230,-10,540,-10,124,30" hai3="10,16,52,53,55,57,61,66,92,97,103,106,107" /><INIT seed="6,1,1,0,0,20" ten="86,220,530,154" oya="2" hai0="51,55,126,84,59,4,78,5,127,123,48,103,61" hai1="95,116,7,18,43,75,58,87,19,72,120,66,65" hai2="71,99,98,117,109,45,91,23,17,2,118,128,93" hai3="76,112,131,104,86,49,0,134,40,96,39,30,42"/><V25/><F71/><W111/><G111/><T100/><D78/><U133/><E116/><V94/><F2/><W21/><G39/><T130/><D84/><U119/><E119/><V107/><F107/><W129/><G0/><T132/><D123/><U3/><E43/><V85/><F109/><W56/><G134/><T47/><D132/><U115/><E58/><V77/><F128/><N who="3" m="49227" /><G112/><T125/><D130/><U64/><E95/><V92/><F92/><W68/><G68/><T53/><REACH who="0" step="1"/><D61/><REACH who="0" ten="76,220,530,154" step="2"/><U63/><E63/><V60/><F60/><W54/><G86/><T108/><D108/><U13/><E87/><V62/><F62/><W36/><G76/><T41/><D41/><U28/><E120/><V37/><F77/><W67/><G36/><T70/><D70/><U38/><E38/><V10/><F85/><W27/><G67/><T22/><D22/><U106/><E66/><V90/><F117/><W124/><G124/><T110/><D110/><U46/><E133/><V105/><F118/><W24/><G42/><T34/><D34/><U122/><E122/><V135/><F135/><W114/><G40/><T26/><D26/><U31/><E65/><V44/><F37/><W50/><G114/><T74/><D74/><U9/><E75/><V82/><F23/><W113/><G113/><T32/><D32/><U79/><E115/><V52/><F82/><W81/><G81/><T35/><D35/><U16/><E72/><V69/><F69/><W1/><G24/><T83/><D83/><U121/><E64/><V88/><F25/><W11/><G27/><T57/><D57/><RYUUKYOKU ba="1,2" sc="76,30,220,-10,530,-10,154,-10" hai0="4,5,47,48,51,53,55,59,100,103,125,126,127" /><INIT seed="7,2,2,4,5,55" ten="106,210,520,144" oya="3" hai0="130,89,41,116,61,28,52,47,24,131,25,127,74" hai1="32,8,100,19,115,69,23,123,18,4,72,75,27" hai2="7,132,3,12,106,81,105,109,71,113,35,94,78" hai3="110,88,121,5,68,16,82,125,134,56,0,1,99"/><W33/><G121/><T133/><D116/><U14/><E123/><V63/><F12/><W30/><G68/><T54/><D74/><U29/><E115/><V6/><F6/><W98/><G33/><N who="0" m="20615" /><D127/><U84/><E69/><V57/><F132/><W77/><G30/><T36/><D133/><U65/><E65/><V118/><F35/><W108/><G134/><T45/><D61/><U128/><E128/><N who="0" m="49193" /><D89/><U42/><E42/><V11/><F94/><N who="3" m="56647" /><G125/><T103/><D103/><U43/><E43/><V76/><F71/><W34/><G34/><T93/><D93/><U73/><E100/><V95/><F3/><W83/><G99/><T107/><D107/><U51/><E84/><V26/><F105/><W31/><G31/><T101/><D101/><U80/><E80/><N who="3" m="30762" /><G77/><T86/><D86/><U2/><E72/><V104/><F78/><W60/><G16/><T122/><D122/><U102/><E102/><V15/><F76/><W44/><G44/><N who="0" m="23591" /><D25/><U20/><E73/><V62/><F104/><W90/><G90/><T96/><D96/><U46/><E75/><V21/><F106/><W67/><G5/><T50/><D47/><U114/><E19/><V112/><F15/><W64/><G67/><T119/><D119/><U111/><E18/><V66/><F7/><W70/><G70/><T120/><D120/><U135/><E4/><V37/><F37/><W129/><G129/><T92/><D92/><U58/><E135/><V49/><F118/><W91/><G91/><T22/><D22/><U39/><E23/><V85/><F112/><W124/><G124/><T13/><D13/><RYUUKYOKU ba="2,2" sc="106,15,210,-15,520,-15,144,15" hai0="45,50,52,54" hai3="0,1,56,60,64,108,110" /><INIT seed="7,3,2,3,5,130" ten="121,195,505,159" oya="3" hai0="108,38,90,128,3,74,113,115,107,135,86,65,20" hai1="17,100,62,37,112,46,33,96,15,19,50,56,94" hai2="93,133,87,28,77,8,119,48,0,40,124,25,99" hai3="54,132,13,16,49,118,11,61,12,26,41,29,44"/><W10/><G118/><T109/><D135/><U98/><E33/><V84/><F133/><W126/><G132/><T80/><D128/><U83/><E112/><N who="0" m="43081" /><D3/><U31/><E37/><V129/><F77/><W76/><G126/><T43/><D107/><U14/><E31/><V1/><F1/><W51/><G76/><N who="0" m="44055" /><D65/><N who="1" m="39111" /><E83/><V66/><F66/><W35/><G61/><T101/><D101/><U89/><E96/><V88/><F93/><W68/><G68/><T123/><D123/><U102/><E15/><V104/><F8/><W24/><G35/><T73/><D73/><U120/><E120/><V45/><F25/><W91/><G91/><T79/><D79/><U106/><E106/><V71/><F45/><N who="3" m="25775" /><G29/><T39/><D38/><U30/><E30/><V111/><F0/><W75/><G75/><T72/><D72/><U58/><E58/><V32/><F32/><W6/><AGARI ba="3,2" hai="6,10,11,12,13,16,24,26,44,51,54" m="25775" machi="6" ten="30,3000,0" yaku="8,1,54,1" doraHai="130" who="3" fromWho="3" sc="121,-13,195,-13,505,-13,159,59" /><INIT seed="7,4,0,5,0,90" ten="108,182,492,218" oya="3" hai0="19,103,57,78,40,1,130,83,95,67,105,85,53" hai1="55,70,47,117,18,115,77,6,124,69,121,59,63" hai2="74,50,5,66,80,36,96,22,91,116,34,71,98" hai3="35,100,75,21,123,134,113,8,87,76,93,99,133"/><W45/><G35/><T107/><D130/><U2/><E121/><V109/><F34/><W15/><G75/><T11/><D67/><U37/><E115/><V97/><F36/><W81/><G123/><T94/><D40/><U64/><E124/><V28/><F71/><W23/><G45/><T14/><D1/><U42/><E117/><V73/><F66/><W32/><G32/><T29/><D29/><U54/><E77/><V92/><F5/><N who="3" m="3471" /><G113/><T68/><D68/><N who="1" m="42015" /><E18/><V52/><F116/><W51/><G51/><T48/><REACH who="0" step="1"/><D103/><REACH who="0" ten="98,182,492,218" step="2"/><U131/><E131/><V89/><F74/><W135/><AGARI ba="4,1" hai="21,23,76,81,87,93,99,100,133,134,135" m="3471" machi="135" ten="30,3000,0" yaku="20,1,52,1" doraHai="90" who="3" fromWho="3" sc="98,-14,182,-14,492,-14,218,52" /><INIT seed="7,5,0,1,2,36" ten="84,168,478,270" oya="3" hai0="64,120,44,45,68,7,21,17,116,122,130,131,77" hai1="11,61,114,91,119,16,35,106,103,42,5,13,86" hai2="22,58,89,75,83,8,118,80,25,52,126,9,33" hai3="12,14,127,84,96,129,39,111,2,18,82,98,115"/><W135/><G2/><T6/><D77/><U100/><E114/><V59/><F33/><W107/><G39/><T63/><D21/><U0/><E119/><V102/><F118/><W125/><G12/><T109/><D17/><U81/><E106/><V93/><F102/><W123/><G107/><T88/><D88/><U76/><E35/><V24/><F59/><W53/><G115/><T19/><D19/><U26/><E26/><N who="2" m="10347" /><F75/><W95/><G129/><N who="0" m="49163" /><D6/><U20/><E42/><V40/><F40/><W133/><G96/><T56/><D7/><U57/><E91/><V72/><F72/><W15/><G15/><T28/><D28/><U43/><E43/><V55/><F22/><W3/><G3/><T67/><D116/><U132/><E132/><N who="3" m="50762" /><G123/><N who="0" m="47147" /><D109/><U51/><E51/><N who="2" m="31007" /><F55/><AGARI ba="5,0" hai="0,5,11,13,16,20,55,57,61,76,81,86,100,103" machi="55" ten="30,2000,0" yaku="7,1,54,1" doraHai="36" who="1" fromWho="2" sc="84,0,168,35,478,-35,270,0" owari="84,-42.0,203,-20.0,443,55.0,270,7.0" /></mjloggm>