<mjloggm ver="2.3"><GO type="169" lobby="0"/><UN n0="%E3%81%82%E3%81%A3%E3%82%AA%E3%83%AF%E3%83%AA%E3%81%BE%E3%81%97%E3%81%9F" n1="%E7%AB%8B%E8%8F%AF%E5%A5%8F" n2="%E5%B0%B1%E6%B4%BB%E7%94%9F%40%E5%B7%9D%E6%9D%91%E8%BB%8D%E5%9B%A3" n3="%38%37%73%65%66" dan="16,16,18,16" rate="2104.86,2147.37,2310.69,2142.41" sx="F,F,M,M"/><TAIKYOKU oya="0"/><INIT seed="0,0,0,4,4,127" ten="250,250,250,250" oya="0" hai0="53,84,68,77,47,82,13,20,11,76,40,80,115" hai1="86,26,25,42,33,57,72,89,23,65,97,83,15" hai2="27,29,22,78,81,24,98,126,111,88,104,74,19" hai3="44,60,90,69,87,4,110,109,64,66,51,114,45"/><T38/><D115/><U79/><E33/><V63/><F126/><W123/><G114/><T125/><D125/><U85/><E42/><V116/><F111/><N who="3" m="42507" /><G123/><T55/><D68/><U16/><E97/><V32/><F116/><W131/><G4/><T5/><REACH who="0" step="1"/><D20/><REACH who="0" ten="240,250,250,250" step="2"/><U132/><E132/><V39/><F39/><W7/><G69/><T50/><D50/><U119/><E119/><V46/><F63/><W130/><G60/><T14/><D14/><U41/><E41/><V94/><F104/><W93/><G45/><T30/><D30/><U2/><E2/><V75/><REACH who="2" step="1"/><F46/><REACH who="2" ten="240,250,240,250" step="2"/><W106/><G106/><T121/><D121/><U54/><E65/><V31/><F31/><W0/><G66/><T8/><D8/><U18/><E18/><V17/><F17/><W67/><G64/><T37/><D37/><U62/><REACH who="1" step="1"/><E72/><AGARI ba="0,2" hai="19,22,24,27,29,32,72,74,75,78,81,88,94,98" machi="72" ten="30,3900,0" yaku="1,1,7,1,54,1,53,0" doraHai="127" doraHaiUra="133" who="2" fromWho="1" sc="240,0,250,-39,240,59,250,0" /><AGARI ba="0,0" hai="5,11,13,38,40,47,53,55,72,76,77,80,82,84" machi="72" ten="30,2900,0" yaku="1,1,7,1,53,0" doraHai="127" doraHaiUra="133" who="0" fromWho="1" sc="240,29,211,-29,299,0,250,0" /><INIT seed="0,1,0,5,1,9" ten="269,182,299,250" oya="0" hai0="74,117,125,123,46,109,127,33,40,70,11,97,107" hai1="47,99,3,115,56,79,23,22,134,94,98,85,45" hai2="66,114,91,53,73,84,126,49,77,128,67,83,41" hai3="108,82,78,1,39,104,10,50,43,57,44,72,86"/><T100/><D117/><U32/><E32/><V122/><F114/><W121/><G104/><T92/><D123/><U14/><E3/><V8/><F122/><W38/><G108/><T116/><D116/><U75/><E115/><V118/><F118/><W112/><G112/><T25/><D74/><U34/><E34/><V36/><F126/><N who="0" m="48138" /><D70/><U124/><E124/><V2/><F128/><W63/><G121/><T51/><D109/><U21/><E134/><V52/><F41/><W106/><G106/><T61/><D61/><U120/><E120/><V113/><F36/><W68/><G68/><T132/><D132/><U105/><E105/><V16/><F113/><W96/><G96/><T15/><D107/><U26/><E75/><V119/><F53/><W28/><G28/><N who="0" m="19599" /><D11/><U20/><E56/><V18/><F119/><W24/><G72/><T55/><D15/><U103/><E99/><V89/><F2/><W62/><G62/><T12/><D12/><U5/><E5/><V133/><F133/><W88/><G24/><T130/><D40/><U64/><E64/><N who="2" m="24619" /><F73/><W17/><G1/><T30/><D30/><U29/><REACH who="1" step="1"/><E14/><REACH who="1" ten="269,172,299,250" step="2"/><N who="2" m="7239" /><F18/><W35/><G17/><T111/><D111/><U110/><E110/><V42/><F42/><W71/><G35/><T54/><D54/><U6/><E6/><V37/><F37/><N who="3" m="13835" /><G71/><T59/><D59/><AGARI ba="1,1" hai="49,52,59,77,83,84,89,91" m="7239,24619" machi="59" ten="30,7700,0" yaku="8,1,52,1,54,2" doraHai="9" who="2" fromWho="0" sc="269,-80,172,0,299,90,250,0" /><INIT seed="1,0,0,4,1,92" ten="189,172,389,250" oya="1" hai0="33,134,72,11,35,16,77,81,50,70,29,18,36" hai1="84,59,87,58,8,48,129,101,83,55,90,32,125" hai2="100,114,96,85,41,67,21,30,1,104,13,57,7" hai3="66,123,99,95,31,73,109,61,24,62,37,47,82"/><U124/><E32/><V60/><F114/><W46/><G123/><T121/><D36/><U88/><E129/><V39/><F1/><W69/><G109/><T120/><D70/><U102/><E8/><V14/><F7/><W127/><G127/><N who="1" m="48714" /><E58/><V25/><REACH who="2" step="1"/><F85/><REACH who="2" ten="189,172,379,250" step="2"/><W63/><G73/><T116/><D121/><U68/><E68/><V107/><F107/><W5/><G5/><T45/><D120/><U130/><E130/><V17/><F17/><W111/><G111/><T89/><D18/><U44/><E44/><AGARI ba="0,1" hai="13,14,21,25,30,39,41,44,57,60,67,96,100,104" machi="44" ten="40,2600,0" yaku="1,1,52,1,53,0" doraHai="92" doraHaiUra="128" who="2" fromWho="1" sc="189,0,172,-26,379,36,250,0" /><INIT seed="2,0,0,3,0,12" ten="189,146,415,250" oya="2" hai0="16,0,34,23,93,44,25,74,17,71,81,97,33" hai1="104,27,86,3,106,129,127,6,87,62,94,7,2" hai2="109,20,24,66,48,135,31,114,113,30,22,115,56" hai3="130,123,70,75,122,54,51,15,100,18,60,55,77"/><V120/><F120/><W32/><G32/><T124/><D71/><U57/><E127/><V95/><F135/><W128/><G100/><T29/><D0/><U112/><E129/><N who="3" m="49770" /><G77/><T26/><D124/><U4/><E112/><V125/><F125/><W92/><G75/><T99/><D34/><U64/><E27/><V67/><F109/><W121/><G92/><T11/><D44/><U35/><E35/><V80/><F80/><W133/><G133/><T111/><D111/><U14/><E14/><V40/><F95/><W50/><G70/><T68/><D68/><U118/><E118/><V82/><F82/><W119/><G60/><T63/><D63/><U108/><E108/><V43/><F43/><W116/><G18/><T105/><D105/><U110/><E110/><V38/><F38/><W76/><G15/><T19/><D11/><U59/><E94/><V88/><F88/><W126/><G76/><T58/><D58/><N who="1" m="22027" /><E62/><V10/><F10/><W1/><G1/><N who="1" m="10" /><E64/><V72/><F72/><W41/><G126/><T107/><D107/><AGARI ba="0,0" hai="4,6,7,86,87,104,106,107" m="10,22027" machi="107" ten="40,2600,0" yaku="28,2" doraHai="12" who="1" fromWho="0" sc="189,-26,146,26,415,0,250,0" /><INIT seed="3,0,0,2,5,11" ten="163,172,415,250" oya="3" hai0="25,7,97,65,126,88,13,67,110,53,74,4,49" hai1="102,34,68,94,42,43,26,121,71,130,76,131,135" hai2="100,12,98,81,40,2,0,73,89,92,107,108,127" hai3="37,77,106,86,112,29,57,48,47,90,78,45,80"/><W32/><G106/><T1/><D1/><U63/><E121/><V72/><F108/><W38/><G32/><T132/><D74/><U62/><E76/><V105/><F40/><N who="1" m="15401" /><E34/><V8/><F105/><W120/><G29/><T122/><D110/><U28/><E28/><V125/><F73/><W124/><G112/><T69/><D122/><U14/><E26/><V5/><F81/><W75/><G78/><T20/><D126/><N who="2" m="48138" /><F72/><W96/><G120/><T84/><D97/><AGARI ba="0,0" hai="0,2,5,8,12,89,92,97,98,100,107" m="48138" machi="97" ten="30,2000,0" yaku="18,1,52,1" doraHai="11" who="2" fromWho="0" sc="163,-20,172,0,415,20,250,0" /><INIT seed="4,0,0,4,5,57" ten="143,172,435,250" oya="0" hai0="127,90,68,99,7,58,59,97,113,115,98,14,36" hai1="32,108,73,54,120,61,52,105,87,62,75,39,116" hai2="84,83,18,50,2,88,19,31,34,106,95,134,128" hai3="16,20,45,114,76,51,118,111,122,0,72,4,89"/><T81/><D36/><U70/><E105/><V126/><F106/><W63/><G111/><T47/><D68/><U8/><E108/><V64/><F2/><W43/><G118/><T26/><D127/><U46/><E116/><V49/><F126/><W92/><G114/><N who="0" m="43531" /><D26/><U56/><E32/><V5/><F5/><W35/><G35/><T125/><D47/><U6/><E120/><V110/><F110/><W33/><G33/><T24/><D24/><U67/><E87/><V48/><F134/><W131/><G131/><T23/><D125/><U71/><E39/><V82/><F128/><W86/><G122/><T78/><D90/><U124/><E124/><V94/><F31/><W135/><G135/><T77/><D77/><U112/><E112/><V132/><F132/><W10/><G76/><T85/><D7/><U100/><E100/><V3/><F3/><W74/><REACH who="3" step="1"/><G63/><REACH who="3" ten="143,172,435,240" step="2"/><T15/><D15/><AGARI ba="0,1" hai="0,4,10,15,16,20,43,45,51,72,74,86,89,92" machi="15" ten="30,7700,0" yaku="1,1,2,1,7,1,54,1,53,0" doraHai="57" doraHaiUra="21" who="3" fromWho="0" sc="143,-77,172,0,435,0,240,87" /><INIT seed="5,0,0,3,3,131" ten="66,172,435,327" oya="1" hai0="0,40,53,56,35,134,129,126,17,78,130,63,116" hai1="25,88,89,10,5,79,29,133,47,43,49,109,54" hai2="108,119,27,22,11,52,115,55,121,33,111,132,44" hai3="38,118,24,68,113,61,9,94,124,20,66,103,6"/><U60/><E109/><V72/><F121/><W50/><G38/><T86/><D116/><U114/><E114/><V123/><F123/><W125/><G50/><T41/><D0/><U120/><E120/><V92/><F119/><W64/><G64/><T46/><D35/><U57/><E79/><V90/><F72/><W7/><G113/><T75/><D75/><U8/><E133/><V37/><F115/><W51/><G51/><T48/><D17/><U36/><E36/><V23/><F132/><W117/><G6/><T107/><D107/><U69/><E69/><V59/><F33/><W82/><G82/><T18/><D18/><U62/><E62/><V112/><F11/><W1/><G94/><T73/><D73/><U26/><E8/><V110/><F112/><W32/><G103/><T85/><D126/><N who="3" m="48745" /><G32/><T97/><D97/><U81/><E29/><AGARI ba="0,0" hai="1,7,9,20,24,29,61,66,68,117,118" m="48745" machi="29" ten="30,1000,0" yaku="18,1" doraHai="131" who="3" fromWho="1" sc="66,0,172,-10,435,0,327,10" /><INIT seed="6,0,0,5,3,33" ten="66,162,435,337" oya="2" hai0="49,67,17,86,9,30,104,74,124,42,21,54,26" hai1="75,79,44,7,121,11,115,73,69,123,34,129,87" hai2="71,41,18,82,99,37,84,120,29,92,47,22,125" hai3="78,111,35,63,40,14,102,53,61,27,90,4,0"/><V122/><F125/><W131/><G102/><T91/><D74/><U126/><E69/><V83/><F29/><W81/><G14/><T112/><D104/><U116/><E116/><V52/><F71/><W43/><G111/><T28/><D124/><U24/><E126/><V8/><F8/><W105/><G105/><T118/><D118/><U89/><E115/><V36/><F36/><W13/><G13/><T114/><D42/><U62/><E79/><V10/><F10/><W119/><G90/><T46/><D67/><U100/><E100/><V127/><F127/><W109/><G109/><T128/><D128/><U3/><E129/><V39/><F39/><W133/><G4/><T80/><REACH who="0" step="1"/><D30/><REACH who="0" ten="56,162,435,337" step="2"/><N who="1" m="19783" /><E73/><V113/><F41/><W94/><G43/><T31/><D31/><U20/><E75/><V88/><F122/><W68/><G40/><T15/><AGARI ba="0,1" hai="9,15,17,21,26,28,46,49,54,80,86,91,112,114" machi="15" ten="30,7900,0" yaku="1,1,0,1,25,2,53,0" doraHai="33" doraHaiUra="103" who="0" fromWho="0" sc="56,89,162,-20,435,-39,337,-20" /><INIT seed="7,0,0,0,3,133" ten="145,142,396,317" oya="3" hai0="11,22,66,16,65,96,131,126,101,52,5,107,31" hai1="10,49,102,27,111,105,93,117,82,60,88,116,23" hai2="14,97,18,79,29,42,90,95,67,54,80,124,50" hai3="86,75,12,15,129,74,35,30,130,91,39,112,9"/><W47/><G35/><T69/><D126/><U34/><E34/><V41/><F124/><W13/><G30/><T44/><D131/><U132/><E111/><V122/><F67/><W24/><G24/><T3/><D31/><N who="1" m="17919" /><E132/><V108/><F29/><W92/><G9/><T58/><D69/><U2/><E105/><V48/><F108/><W4/><G4/><T46/><D66/><U71/><E71/><V55/><F122/><W123/><G123/><T43/><D65/><U20/><E60/><V78/><F50/><W59/><G112/><T113/><D113/><U76/><E102/><V53/><F48/><W32/><G32/><T119/><D43/><N who="2" m="16394" /><F80/><W87/><G39/><T104/><D104/><U83/><E49/><V63/><F63/><W64/><G47/><T135/><D135/><U77/><E20/><AGARI ba="0,0" hai="14,18,20,53,54,55,78,79,90,95,97" m="16394" machi="20" ten="30,1000,0" yaku="8,1" doraHai="133" who="2" fromWho="1" sc="145,0,142,-10,396,10,317,0" owari="145,-25.0,132,-37.0,406,50.0,317,12.0" /></mjloggm>