<mjloggm ver="2.3"><GO type="169" lobby="0"/><UN n0="%66%73%65%63%6F%6E%64" n1="%6C%67%32%31" n2="%E3%82%A6%E3%83%AB%E3%83%88%E3%83%A9%E7%AB%8B%E7%9B%B4" n3="%E3%81%86%E3%81%A0%E3%81%A3%E3%81%B7" dan="16,18,18,17" rate="2045.10,2211.31,2266.62,2098.99" sx="M,M,M,M"/><TAIKYOKU oya="0"/><INIT seed="0,0,0,2,0,51" ten="250,250,250,250" oya="0" hai0="108,24,27,70,87,36,90,8,98,32,76,37,63" hai1="121,88,81,11,49,85,110,2,20,115,72,54,59" hai2="78,94,99,132,80,95,47,16,31,97,67,64,111" hai3="74,73,38,1,101,106,125,28,45,107,135,109,126"/><T128/><D128/><U103/><E110/><V100/><F111/><W5/><G109/><T19/><D108/><U86/><E121/><V82/><F132/><W129/><G28/><T118/><D118/><U113/><E72/><N who="3" m="27754" /><G135/><T23/><D32/><U61/><E103/><V3/><F3/><W124/><G101/><T4/><D24/><U117/><E117/><V26/><F47/><W12/><G12/><T46/><D46/><U130/><E130/><V83/><F78/><W48/><G129/><T34/><D34/><U41/><E20/><N who="2" m="13575" /><F31/><W42/><G48/><T65/><D98/><U119/><E119/><V69/><F69/><W39/><G39/><T131/><D76/><U102/><E102/><AGARI ba="0,0" hai="64,67,80,82,83,94,95,97,99,100,102" m="13575" machi="102" ten="30,2000,0" yaku="8,1,54,1" doraHai="51" who="2" fromWho="1" sc="250,0,250,-20,250,20,250,0" /><INIT seed="1,0,0,4,2,102" ten="250,230,270,250" oya="1" hai0="66,17,52,1,115,133,15,67,121,12,25,18,108" hai1="59,85,79,9,83,43,4,126,50,54,78,58,20" hai2="82,118,116,124,119,39,114,86,49,13,113,75,3" hai3="111,89,74,69,21,96,6,8,76,72,22,110,45"/><U134/><E134/><V34/><F3/><W80/><G69/><T5/><D133/><U10/><E126/><V32/><F39/><W132/><G132/><T109/><D115/><N who="2" m="44042" /><F75/><W56/><G72/><T92/><D1/><U87/><E43/><V131/><F131/><W63/><G45/><T100/><D5/><U93/><E20/><V40/><F124/><W117/><G117/><T14/><D121/><U53/><E4/><V47/><F13/><N who="3" m="5271" /><G89/><AGARI ba="0,0" hai="32,34,40,47,49,82,86,89,116,118,119" m="44042" machi="89" ten="40,1300,0" yaku="11,1" doraHai="102" who="2" fromWho="3" sc="250,0,230,0,270,13,250,-13" /><INIT seed="2,0,0,1,1,34" ten="250,230,283,237" oya="2" hai0="13,56,47,92,54,116,38,2,99,69,64,25,21" hai1="71,66,0,55,59,65,125,128,89,18,117,132,134" hai2="45,19,26,126,30,37,110,14,63,46,91,52,109" hai3="44,16,93,32,104,24,77,57,15,97,115,95,75"/><V119/><F119/><W108/><G108/><N who="2" m="41577" /><F126/><W29/><G115/><T73/><D73/><U36/><E117/><V113/><F113/><W107/><G93/><T85/><D85/><U12/><E36/><V81/><F37/><W122/><G122/><T98/><D13/><U72/><E72/><V76/><F91/><W88/><G44/><T86/><D116/><U67/><E71/><V33/><F63/><W10/><REACH who="3" step="1"/><G57/><REACH who="3" ten="250,230,283,227" step="2"/><T28/><D56/><U135/><E125/><V130/><F130/><W23/><G23/><T22/><D22/><N who="1" m="11591" /><E128/><V87/><F52/><W40/><G40/><T106/><D54/><U78/><E55/><V82/><F82/><AGARI ba="0,1" hai="10,15,16,24,29,32,75,77,82,88,95,97,104,107" machi="82" ten="40,5200,0" yaku="1,1,54,2,53,0" doraHai="34" doraHaiUra="49" who="3" fromWho="2" sc="250,0,230,0,283,-52,227,62" /><INIT seed="3,0,0,4,4,68" ten="250,230,231,289" oya="3" hai0="89,28,13,64,69,53,107,79,35,123,76,102,87" hai1="129,78,59,55,70,57,96,31,24,104,18,115,14" hai2="38,61,86,2,5,122,52,74,83,29,93,119,73" hai3="103,100,54,77,81,125,109,41,48,108,72,49,118"/><W36/><G125/><T63/><D53/><U85/><E115/><V3/><F119/><W98/><G118/><T91/><D13/><U120/><E120/><V10/><F2/><W121/><G121/><T112/><D112/><U105/><E70/><V80/><F122/><W97/><G49/><T62/><D62/><U126/><E126/><V65/><F29/><W99/><G41/><T134/><D134/><U25/><E129/><V11/><F11/><W17/><G17/><T37/><D91/><U16/><E96/><V39/><F93/><W22/><G22/><T128/><D128/><U90/><E78/><V6/><F6/><W56/><REACH who="3" step="1"/><G36/><REACH who="3" ten="250,230,231,279" step="2"/><T1/><D37/><U114/><E114/><V8/><F39/><W75/><G75/><T50/><D50/><U113/><E113/><V43/><F74/><W32/><G32/><T88/><D123/><U23/><E18/><V19/><F43/><W94/><G94/><T47/><D35/><U20/><E25/><V82/><F38/><W110/><AGARI ba="0,1" hai="48,54,56,72,77,81,97,98,99,100,103,108,109,110" machi="110" ten="40,12000,1" yaku="1,1,0,1,14,1,10,1,53,0" doraHai="68" doraHaiUra="127" who="3" fromWho="3" sc="250,-40,230,-40,231,-40,279,130" /><INIT seed="3,1,0,0,2,100" ten="210,190,191,409" oya="3" hai0="121,59,66,54,35,105,40,43,102,119,26,71,8" hai1="125,32,90,61,133,37,30,62,57,46,84,110,67" hai2="53,122,101,86,52,130,128,69,4,51,118,96,38" hai3="28,83,76,56,106,98,99,73,126,42,91,24,0"/><W134/><G0/><T123/><D119/><U103/><E110/><V65/><F118/><W60/><G126/><T2/><D8/><U21/><E125/><V1/><F38/><W63/><G134/><T82/><D82/><U85/><E32/><V116/><F116/><W81/><G42/><T64/><D2/><U108/><E108/><V127/><F127/><W34/><G63/><N who="0" m="40351" /><D66/><U6/><E6/><V70/><F122/><W27/><G27/><T93/><D93/><U77/><E103/><V79/><F4/><W33/><G33/><T13/><D13/><U29/><E77/><V14/><F14/><W94/><G83/><T25/><D25/><U124/><E133/><V107/><F1/><W5/><G5/><T23/><D23/><U50/><E37/><V112/><F112/><W97/><REACH who="3" step="1"/><G106/><REACH who="3" ten="210,190,191,399" step="2"/><T72/><D121/><U111/><E124/><V36/><F65/><AGARI ba="1,1" hai="24,28,34,56,60,65,73,76,81,91,94,97,98,99" machi="65" ten="30,5800,0" yaku="1,1,2,1,7,1,53,0" doraHai="100" doraHaiUra="7" who="3" fromWho="2" sc="210,0,190,0,191,-61,399,71" /><INIT seed="3,2,0,2,3,109" ten="210,190,130,470" oya="3" hai0="118,97,74,41,35,134,84,1,77,52,91,12,2" hai1="85,99,15,37,38,95,23,4,106,113,100,26,31" hai2="9,80,43,105,117,114,123,98,131,82,11,42,129" hai3="107,126,67,125,27,55,73,115,53,96,49,69,17"/><W62/><G73/><T51/><D35/><U40/><E40/><N who="2" m="15403" /><F117/><W30/><G17/><T127/><D41/><U63/><E63/><V54/><F54/><W68/><G68/><T130/><D127/><N who="3" m="48649" /><G115/><T21/><D130/><N who="2" m="49674" /><F123/><W66/><G66/><T7/><D134/><U116/><E116/><V83/><F114/><W28/><G28/><T3/><D118/><U25/><E113/><V90/><F90/><W122/><G122/><T88/><D74/><U93/><E106/><V89/><F89/><W24/><G24/><T76/><D91/><U111/><E93/><V22/><F22/><N who="3" m="15735" /><G49/><T58/><D97/><U92/><E99/><V103/><AGARI ba="2,0" hai="9,11,80,82,83,98,103,105" m="49674,15403" machi="103" ten="40,1500,0" yaku="19,1" doraHai="109" who="2" fromWho="2" sc="210,-6,190,-6,130,21,470,-9" /><INIT seed="4,0,0,4,3,80" ten="204,184,151,461" oya="0" hai0="8,38,42,56,88,55,52,33,15,37,49,45,0" hai1="134,132,71,34,135,91,129,17,123,24,75,57,67" hai2="100,61,29,127,32,93,115,60,59,97,72,112,41" hai3="62,63,65,11,73,2,101,119,1,105,77,69,64"/><T86/><D0/><U104/><E123/><V117/><F72/><W131/><G119/><T46/><D33/><U14/><E71/><V90/><F127/><W20/><G11/><T18/><D46/><U21/><E75/><V96/><F117/><W27/><G131/><T120/><D120/><U28/><E129/><V108/><F108/><W128/><G128/><T98/><D98/><U83/><E104/><V76/><F76/><W114/><G114/><T92/><D55/><U102/><E102/><V82/><F41/><W122/><G122/><T113/><D113/><N who="2" m="43594" /><F59/><W95/><G105/><T13/><D15/><U26/><E26/><N who="2" m="18487" /><F82/><W68/><G77/><T39/><AGARI ba="0,0" hai="8,13,18,37,38,39,42,45,49,52,56,86,88,92" machi="39" ten="20,12000,1" yaku="0,1,7,1,52,1,54,2" doraHai="80" who="0" fromWho="0" sc="204,120,184,-40,151,-40,461,-40" /><INIT seed="4,1,0,0,4,115" ten="324,144,111,421" oya="0" hai0="99,107,112,31,75,53,8,133,4,122,50,106,128" hai1="86,124,80,68,135,91,19,121,5,17,110,76,127" hai2="131,102,105,22,58,1,11,101,29,70,84,130,74" hai3="62,24,77,103,15,97,81,35,30,40,79,67,66"/><T38/><D122/><U95/><E110/><V90/><F70/><W114/><G114/><T85/><D75/><U52/><E68/><V113/><F113/><W126/><G126/><N who="1" m="48170" /><E121/><V51/><F74/><W18/><G40/><T14/><D38/><U37/><E37/><V60/><F51/><W57/><G67/><T61/><D128/><N who="2" m="49194" /><F105/><W33/><G81/><T45/><D61/><U3/><E135/><V39/><F39/><W41/><G41/><T25/><D133/><U6/><E52/><N who="2" m="33863" /><F29/><W9/><G35/><T98/><D112/><U32/><E32/><V82/><F22/><W48/><G48/><T89/><D106/><AGARI ba="1,0" hai="9,15,18,24,30,33,57,62,66,77,79,97,103,106" machi="106" ten="30,1000,0" yaku="7,1" doraHai="115" who="3" fromWho="0" sc="324,-13,144,0,111,0,421,13" /><INIT seed="5,0,0,5,2,40" ten="311,144,111,434" oya="1" hai0="54,86,14,43,65,116,49,74,88,98,5,122,117" hai1="129,100,130,67,13,19,46,90,127,82,124,12,69" hai2="47,42,91,34,87,45,112,120,8,1,113,39,99" hai3="134,38,76,55,9,48,22,35,118,106,30,73,6"/><U85/><E100/><V37/><F34/><W10/><G35/><T57/><D74/><U78/><E69/><V26/><F120/><W0/><G38/><T96/><D122/><U94/><E67/><V17/><F99/><W60/><G134/><T77/><D77/><U70/><E70/><V58/><F58/><W125/><G106/><T11/><D116/><U72/><E12/><N who="2" m="7303" /><F26/><W81/><G118/><T28/><D28/><U62/><E62/><V41/><F1/><W71/><G10/><T97/><D117/><U51/><E13/><V3/><F3/><W7/><G7/><T50/><D65/><U36/><E36/><V115/><F91/><W93/><G71/><T64/><D64/><U53/><REACH who="1" step="1"/><E19/><REACH who="1" ten="311,134,111,434" step="2"/><V59/><F59/><W121/><G0/><T79/><D57/><U114/><E114/><V44/><F44/><W109/><G121/><T110/><D14/><U24/><E24/><V133/><F87/><W15/><G15/><T108/><D86/><U23/><E23/><V33/><F33/><W89/><G22/><T131/><D11/><U123/><E123/><V66/><F66/><W52/><G9/><T27/><D27/><U16/><E16/><V56/><F56/><W68/><G68/><T4/><D4/><U111/><E111/><V63/><F63/><W103/><G60/><T95/><D5/><U18/><E18/><V2/><F2/><W21/><G109/><T75/><D108/><U20/><E20/><V32/><F32/><W104/><G21/><T80/><D110/><U107/><E107/><V25/><F25/><W119/><G104/><RYUUKYOKU ba="0,1" sc="311,-15,134,15,111,15,434,-15" hai1="46,51,53,72,78,82,85,90,94,124,127,129,130" hai2="37,39,41,42,45,47,112,113,115,133" /><INIT seed="5,1,1,2,2,78" ten="296,149,126,419" oya="1" hai0="36,130,51,64,20,49,2,87,83,21,66,27,29" hai1="107,54,70,131,55,10,58,50,112,97,11,103,18" hai2="122,81,102,134,38,1,14,75,96,59,100,0,53" hai3="43,104,101,65,47,94,41,125,61,24,23,42,123"/><U92/><E112/><V84/><F122/><W95/><G123/><T57/><D36/><U52/><E131/><V126/><F75/><W17/><G125/><T6/><D130/><U8/><E70/><V127/><F38/><W71/><G47/><T56/><D6/><U32/><E32/><V110/><F110/><W77/><G77/><N who="0" m="46575" /><D2/><N who="2" m="1130" /><F14/><W40/><G40/><T91/><D21/><U120/><E120/><V109/><F96/><W119/><G119/><T90/><D57/><U13/><REACH who="1" step="1"/><E107/><REACH who="1" ten="296,139,126,419" step="2"/><V5/><F109/><W86/><G104/><T121/><D121/><U115/><E115/><V73/><F134/><W45/><G71/><T68/><D68/><U26/><E26/><V4/><F73/><W105/><G105/><T93/><D56/><U76/><E76/><N who="2" m="46119" /><F102/><W63/><G101/><T133/><D91/><U9/><AGARI ba="1,2" hai="8,9,10,11,13,18,50,52,54,55,58,92,97,103" machi="9" ten="30,11700,0" yaku="1,1,0,1,8,1,54,1,53,0" doraHai="78" doraHaiUra="31" who="1" fromWho="1" sc="296,-40,139,140,126,-40,419,-40" /><INIT seed="5,2,0,1,1,46" ten="256,279,86,379" oya="1" hai0="32,104,60,44,90,68,87,63,102,127,81,34,128" hai1="10,100,41,76,65,130,69,105,84,62,85,8,18" hai2="91,33,80,118,51,3,61,119,94,38,58,5,24" hai3="132,50,131,75,17,117,74,28,113,124,123,43,126"/><U64/><E130/><V72/><F38/><W88/><G123/><T45/><D128/><U29/><E64/><V78/><F5/><W30/><G131/><T2/><D2/><U86/><E76/><V40/><F3/><W106/><G106/><T52/><D127/><N who="3" m="48681" /><G113/><T26/><D63/><U6/><E18/><V125/><F125/><W89/><G17/><T53/><D32/><U12/><E41/><V79/><F79/><W97/><G132/><T107/><D107/><U35/><E10/><V37/><F37/><W110/><G110/><T133/><D45/><U47/><E47/><V135/><F135/><W122/><G122/><T108/><D44/><U96/><REACH who="1" step="1"/><E85/><REACH who="1" ten="256,269,86,379" step="2"/><V1/><F40/><W115/><G43/><T112/><D133/><U19/><E19/><V20/><F78/><W27/><G74/><T66/><D108/><U134/><E134/><V21/><F72/><W73/><G75/><T49/><D112/><U116/><E116/><V103/><F119/><W93/><G73/><T111/><D111/><U16/><E16/><V83/><F118/><W0/><G117/><T99/><D53/><U15/><E15/><V48/><F1/><W11/><G115/><T54/><D54/><U25/><AGARI ba="2,1" hai="6,8,12,25,29,35,62,65,69,84,86,96,100,105" machi="25" ten="30,11700,0" yaku="1,1,0,1,25,2,53,0" doraHai="46" doraHaiUra="70" who="1" fromWho="1" sc="256,-41,269,133,86,-41,379,-41" /><INIT seed="5,3,0,4,1,11" ten="215,402,45,338" oya="1" hai0="37,101,120,15,104,103,95,80,109,18,21,110,25" hai1="3,33,45,118,75,40,56,135,121,55,133,132,123" hai2="100,54,78,69,12,126,91,65,72,49,26,47,14" hai3="99,58,30,61,46,19,119,129,57,4,87,31,43"/><U0/><E75/><V102/><F126/><W115/><G115/><T10/><D37/><N who="1" m="21647" /><E33/><V124/><F124/><W60/><G129/><T111/><D120/><N who="1" m="46155" /><E0/><V127/><F127/><W35/><G119/><T83/><D104/><U98/><E98/><V88/><F69/><W52/><G4/><T128/><D128/><U79/><E79/><V53/><F65/><W48/><G35/><T41/><D41/><U92/><E92/><V64/><F64/><W97/><G87/><T38/><D38/><U28/><E28/><N who="3" m="10794" /><G19/><T59/><D95/><U77/><E77/><V36/><F36/><W86/><G86/><T74/><D74/><U51/><E3/><V8/><F72/><W16/><G16/><T50/><D103/><N who="2" m="39466" /><F78/><W67/><AGARI ba="3,0" hai="43,46,48,52,57,58,60,61,67,97,99" m="10794" machi="67" ten="30,2000,0" yaku="8,1,54,1" doraHai="11" who="3" fromWho="3" sc="215,-8,402,-13,45,-8,338,29" /><INIT seed="6,0,0,3,0,89" ten="207,389,37,367" oya="2" hai0="35,95,118,27,25,122,13,14,48,96,119,129,43" hai1="52,44,62,84,97,40,81,103,17,131,11,58,45" hai2="7,128,23,8,69,4,51,132,104,79,36,112,70" hai3="124,33,53,37,64,105,47,46,135,56,10,108,117"/><V80/><F36/><W113/><G33/><T116/><D122/><U49/><E131/><V107/><F128/><W91/><G105/><T12/><D35/><U83/><E45/><V72/><F112/><W50/><G108/><T6/><D6/><U21/><E11/><V102/><F132/><W26/><G117/><T71/><D71/><U60/><E60/><V98/><F7/><W28/><G135/><T114/><D114/><U86/><E86/><V57/><F23/><W121/><G121/><T39/><D39/><U16/><E84/><V9/><F9/><W1/><G113/><T109/><D109/><U74/><E74/><V2/><F57/><W34/><G124/><T94/><D96/><U63/><E63/><V134/><F134/><W5/><G37/><T41/><D129/><U61/><E61/><V92/><REACH who="2" step="1"/><F51/><REACH who="2" ten="207,389,27,367" step="2"/><W19/><G56/><T31/><D48/><U93/><E17/><V76/><F76/><W30/><G19/><T3/><D31/><U99/><E16/><V32/><F32/><W75/><G30/><T82/><D3/><U85/><E21/><V55/><F55/><W126/><G53/><T38/><D38/><U106/><E58/><V110/><F110/><W123/><G50/><T78/><D78/><U87/><E52/><V67/><F67/><W130/><G64/><T125/><D116/><U111/><E111/><V65/><F65/><W77/><G130/><T120/><D118/><U127/><E49/><V42/><F42/><W22/><G22/><T59/><D41/><U100/><E40/><V15/><F15/><N who="0" m="3842" /><T115/><DORA hai="20" /><D119/><RYUUKYOKU ba="0,1" sc="207,-10,389,-10,27,30,367,-10" hai2="2,4,8,69,70,72,79,80,92,98,102,104,107" /><INIT seed="6,1,1,3,4,46" ten="197,379,57,357" oya="2" hai0="94,59,36,61,68,0,32,79,124,91,4,25,28" hai1="48,40,83,8,116,43,95,80,134,17,98,122,31" hai2="55,50,52,76,21,27,67,62,126,107,14,6,20" hai3="85,120,66,3,69,54,71,60,72,11,105,115,63"/><V58/><F126/><W88/><G120/><T108/><D108/><U77/><E116/><V18/><F107/><W121/><G121/><T90/><D68/><U114/><E122/><V119/><F119/><W73/><G105/><T101/><D36/><U128/><E114/><V111/><F111/><W109/><G109/><T117/><D124/><U29/><E134/><V123/><F123/><W81/><G115/><T16/><D79/><U9/><E128/><V118/><F118/><W103/><G103/><T86/><D117/><U47/><E40/><V133/><F133/><W26/><G26/><T57/><D101/><U135/><E135/><V112/><F112/><W33/><G33/><T22/><D90/><N who="1" m="55671" /><E77/><V87/><F50/><W12/><G3/><T56/><D4/><U113/><E113/><V15/><F15/><W41/><G41/><T100/><D100/><U110/><E110/><V99/><F99/><W53/><G73/><T19/><D0/><U49/><E49/><V93/><F93/><W42/><G42/><T84/><D84/><U23/><E8/><V64/><F55/><W30/><G72/><T37/><D37/><U78/><E9/><V7/><F7/><N who="3" m="3199" /><G30/><N who="1" m="11274" /><E78/><V127/><F127/><W24/><G24/><AGARI ba="1,1" hai="17,23,24,43,47,48,80,83" m="11274,55671" machi="24" ten="30,2000,0" yaku="8,1,52,1" doraHai="46" who="1" fromWho="3" sc="197,0,379,33,57,0,357,-23" /><INIT seed="7,0,0,3,3,8" ten="197,412,57,334" oya="3" hai0="97,83,96,121,17,9,55,31,122,48,19,120,119" hai1="40,117,44,36,92,11,131,50,15,0,51,18,102" hai2="109,105,46,39,38,103,62,32,76,47,65,1,28" hai3="3,104,35,24,59,7,21,22,134,14,88,90,80"/><W115/><G104/><T2/><D9/><U79/><E79/><V89/><F89/><W27/><G3/><T54/><D83/><U75/><E75/><V85/><F85/><W69/><G69/><T74/><D48/><U114/><E114/><V71/><F109/><W63/><G115/><T33/><D74/><U12/><E0/><V57/><F57/><W116/><G116/><T70/><D70/><U108/><E108/><V99/><F47/><W127/><G127/><T20/><D119/><U64/><E117/><V82/><F1/><W68/><G68/><T81/><D81/><U86/><E131/><V60/><F60/><W41/><G41/><T23/><D2/><U130/><E130/><V124/><F124/><W100/><G35/><T94/><D94/><U66/><E50/><V43/><F82/><W61/><G134/><T118/><D118/><U34/><E34/><V58/><F58/><W67/><G100/><T113/><D113/><U110/><E36/><V26/><REACH who="2" step="1"/><F76/><REACH who="2" ten="197,412,47,334" step="2"/><W29/><G61/><T126/><D126/><U101/><E110/><V87/><F87/><W123/><G80/><T49/><D122/><U91/><E12/><V5/><F5/><W95/><G123/><T93/><D121/><U133/><E133/><V13/><F13/><W52/><G67/><AGARI ba="0,1" hai="11,15,18,40,44,51,64,66,67,86,91,92,101,102" machi="67" ten="40,2600,0" yaku="8,1,52,1" doraHai="8" who="1" fromWho="3" sc="197,0,412,36,47,0,334,-26" owari="197,-20.0,448,54.0,47,-45.0,308,11.0" /></mjloggm>