<mjloggm ver="2.3"><GO type="169" lobby="0"/><UN n0="%E3%80%93%E4%B9%9D%E6%9D%A1%E3%82%AB%E3%83%AC%E3%83%B3%E3%80%93" n1="%6E%6F%2E%6E%61%6D%65" n2="%E3%81%AC%E3%81%8F%E3%82%82%E3%82%8A" n3="%E3%83%88%E3%83%88%E3%83%AA%E5%85%88%E7%94%9F%31%39%E6%AD%B3" dan="16,16,17,19" rate="2107.14,2039.58,2146.75,2304.05" sx="F,F,M,F"/><TAIKYOKU oya="0"/><INIT seed="0,0,0,3,0,0" ten="250,250,250,250" oya="0" hai0="34,106,87,100,130,11,30,120,122,121,92,76,71" hai1="95,51,131,3,124,8,101,62,135,91,57,2,61" hai2="37,132,107,66,73,12,10,119,75,81,88,44,97" hai3="128,68,94,86,117,40,45,134,90,46,78,36,111"/><T42/><D71/><U29/><E135/><V14/><F132/><W17/><G117/><T5/><D42/><U126/><E131/><V18/><F119/><W125/><G68/><T93/><D130/><U123/><E123/><V23/><F66/><W96/><G128/><T33/><D106/><U105/><E29/><V47/><F107/><W98/><G111/><T50/><D50/><U1/><E101/><V104/><F104/><W74/><G125/><N who="1" m="48234" /><E105/><V56/><F56/><W99/><G134/><T20/><D20/><U79/><E79/><V16/><F37/><W65/><G65/><T115/><D115/><U127/><E127/><V59/><F59/><W109/><G109/><T110/><D110/><U82/><E82/><V27/><F27/><W32/><G32/><T60/><D60/><N who="1" m="23147" /><E8/><V38/><F38/><W55/><G74/><T4/><D11/><U9/><E9/><V69/><F69/><W25/><G78/><T39/><D39/><U15/><E15/><V118/><F118/><W6/><G25/><N who="0" m="18639" /><D34/><U89/><E95/><N who="0" m="36425" /><D100/><U113/><E113/><V116/><F116/><W58/><G98/><T77/><D77/><U13/><E13/><V72/><REACH who="2" step="1"/><F97/><REACH who="2" ten="250,250,240,250" step="2"/><W102/><G96/><T129/><D129/><U19/><E57/><V35/><F35/><W114/><G114/><T52/><D121/><U22/><E51/><V26/><F26/><W48/><G99/><T133/><D133/><U31/><E31/><V21/><F21/><W41/><G102/><T85/><D122/><U64/><E64/><V43/><F43/><W49/><G17/><T53/><D120/><RYUUKYOKU ba="0,1" sc="250,-30,250,10,240,10,250,10" hai1="1,2,3,19,22,89,91" hai2="10,12,14,16,18,23,44,47,72,73,75,81,88" hai3="6,36,40,41,45,46,48,49,55,58,86,90,94" /><INIT seed="1,1,1,3,1,88" ten="220,260,250,260" oya="1" hai0="24,111,78,120,134,91,98,67,75,72,101,27,1" hai1="42,81,28,5,17,22,77,100,52,124,118,20,19" hai2="30,26,11,16,106,73,51,126,121,21,70,89,50" hai3="38,93,47,79,132,64,13,37,3,107,135,46,25"/><U69/><E118/><V7/><F121/><W76/><G3/><T68/><D120/><U113/><E113/><V104/><F70/><W39/><G107/><T14/><D1/><U99/><E69/><V33/><F126/><W119/><G119/><T96/><D111/><U29/><E124/><V61/><F73/><W66/><G13/><T62/><D134/><N who="3" m="51241" /><G25/><T116/><D116/><U83/><E5/><V108/><F108/><W90/><G47/><T48/><D91/><U94/><E42/><V15/><F61/><W110/><G46/><T133/><D133/><U4/><E4/><V53/><F89/><W63/><G110/><T127/><D127/><U115/><E115/><V36/><F36/><W57/><G64/><T92/><D98/><AGARI ba="1,1" hai="37,38,39,57,63,66,76,79,90,93,98" m="51241" machi="98" ten="40,2600,0" yaku="20,1,52,1" doraHai="88" who="3" fromWho="0" sc="220,-29,260,0,250,0,260,39" /><INIT seed="2,0,0,4,3,52" ten="191,260,250,299" oya="2" hai0="91,28,34,33,69,36,95,67,73,54,86,32,83" hai1="50,85,55,41,42,121,70,23,117,135,18,17,20" hai2="49,25,59,82,131,93,24,107,101,8,132,66,43" hai3="15,74,31,76,94,48,64,29,12,116,26,88,39"/><V87/><F107/><W100/><G116/><T45/><D69/><U80/><E117/><V130/><F132/><W81/><G39/><T30/><D67/><U111/><E111/><V119/><F119/><W63/><G48/><T60/><D36/><U4/><E70/><V61/><F8/><W37/><G100/><T133/><D133/><U127/><E135/><V6/><F6/><W72/><G72/><T53/><D45/><U56/><E4/><V113/><F113/><W98/><G37/><T5/><D5/><U3/><E3/><V14/><F14/><W38/><G38/><T0/><D0/><U75/><E75/><V122/><F122/><W128/><G128/><N who="2" m="49193" /><F43/><W11/><G11/><T13/><D13/><N who="1" m="9263" /><E127/><V79/><F49/><W118/><G31/><T35/><N who="0" m="8192" /><DORA hai="112" /><T46/><D54/><U1/><E1/><V71/><F71/><W129/><G118/><T9/><D9/><U124/><E124/><V44/><F44/><W21/><REACH who="3" step="1"/><G129/><REACH who="3" ten="191,260,250,289" step="2"/><T51/><REACH who="0" step="1"/><D60/><REACH who="0" ten="181,260,250,289" step="2"/><U123/><E123/><V27/><F61/><W90/><G90/><T126/><D126/><U102/><E121/><V65/><F101/><W22/><G22/><T89/><D89/><N who="1" m="51367" /><E102/><V114/><F114/><W110/><G110/><T10/><D10/><U120/><E120/><V115/><F115/><W106/><G106/><T97/><D97/><U108/><E108/><V40/><F40/><W19/><G19/><T99/><D99/><U105/><E105/><V96/><F96/><W7/><G7/><T78/><AGARI ba="0,2" hai="28,30,46,51,53,73,78,83,86,91,95" m="8192" machi="78" ten="60,4000,0" yaku="1,1,0,1,53,0" doraHai="52,112" doraHaiUra="109,62" who="0" fromWho="0" sc="181,60,260,-10,250,-20,289,-10" /><INIT seed="3,0,0,0,5,32" ten="241,250,230,279" oya="3" hai0="4,56,86,2,110,53,50,51,18,43,98,127,81" hai1="52,80,62,118,55,124,39,35,1,72,9,38,41" hai2="99,27,131,63,20,112,104,117,107,21,83,96,122" hai3="30,37,48,130,125,78,128,28,100,49,25,23,47"/><W40/><G125/><T58/><D110/><U61/><E124/><V91/><F112/><W16/><G78/><T10/><D127/><U29/><E118/><V6/><F117/><W66/><G100/><T79/><D98/><U103/><E103/><V65/><F131/><N who="3" m="50219" /><G66/><T71/><D71/><U108/><E108/><V24/><F122/><W133/><G133/><T123/><D123/><U119/><E119/><V31/><F6/><W12/><G28/><T3/><D18/><U13/><E29/><V76/><F91/><W89/><G89/><T64/><D64/><U8/><E35/><AGARI ba="0,0" hai="12,16,23,25,30,35,37,40,47,48,49" m="50219" machi="35" ten="30,2900,0" yaku="19,1,54,1" doraHai="32" who="3" fromWho="1" sc="241,0,250,-29,230,0,279,29" /><INIT seed="3,1,0,2,1,60" ten="241,221,230,308" oya="3" hai0="114,53,106,58,128,93,52,33,37,129,38,115,63" hai1="57,30,116,49,109,101,39,87,111,107,55,56,86" hai2="88,134,14,120,112,42,61,59,127,28,126,25,71" hai3="80,24,118,65,48,12,0,73,83,36,43,100,29"/><W135/><G118/><T69/><D106/><U22/><E116/><V35/><F112/><N who="0" m="43050" /><D93/><U79/><E39/><N who="0" m="14857" /><D33/><U70/><E70/><V40/><F71/><W121/><G121/><T9/><D9/><U64/><E107/><V98/><F120/><W68/><G135/><T131/><D69/><U13/><E101/><V84/><F98/><W78/><G0/><T46/><D46/><U26/><E13/><V94/><F134/><W81/><G12/><T75/><D75/><U117/><E117/><V1/><F1/><W96/><G36/><T23/><D23/><U110/><REACH who="1" step="1"/><E79/><REACH who="1" ten="241,211,230,308" step="2"/><V7/><F14/><W102/><G102/><T11/><D11/><U124/><E124/><N who="2" m="47659" /><F7/><W132/><G132/><T54/><AGARI ba="1,1" hai="52,53,54,58,63,128,129,131" m="14857,43050" machi="54" ten="40,8000,1" yaku="19,1,11,1,34,2,54,1" doraHai="60" who="0" fromWho="0" sc="241,93,211,-21,230,-21,308,-41" /><INIT seed="4,0,0,2,0,39" ten="334,190,209,267" oya="0" hai0="118,24,108,7,37,71,130,5,53,72,105,4,132" hai1="102,126,36,3,48,14,68,19,91,86,28,70,54" hai2="30,134,103,82,73,95,107,26,50,10,16,78,13" hai3="25,56,65,42,104,55,22,58,94,38,61,111,100"/><T93/><D105/><U123/><E123/><V23/><F134/><W59/><G111/><T74/><D118/><U92/><E126/><V135/><F135/><W0/><G0/><T128/><D132/><U11/><E36/><V81/><F81/><W77/><G104/><T1/><D1/><U43/><E28/><V2/><F107/><W62/><G77/><T69/><D108/><U18/><E3/><V40/><F2/><W9/><G9/><T45/><D93/><U109/><E109/><V116/><F116/><W88/><G100/><T125/><D24/><U99/><E19/><V119/><F119/><W47/><G55/><T117/><D125/><U67/><E67/><V97/><REACH who="2" step="1"/><F50/><REACH who="2" ten="334,190,199,267" step="2"/><N who="3" m="26999" /><G62/><T79/><D117/><U66/><E66/><V12/><F12/><W131/><G38/><T133/><D37/><U64/><E64/><V6/><F6/><W96/><G131/><N who="0" m="50219" /><D133/><U29/><E14/><V114/><F114/><W101/><G101/><T113/><D113/><U57/><E102/><V20/><F20/><W51/><G51/><N who="0" m="28911" /><D72/><U110/><E110/><V31/><F31/><AGARI ba="0,1" hai="22,25,31,56,58,59,61,65,88,94,96" m="26999" machi="31" ten="30,3900,0" yaku="8,1,52,1,54,1" doraHai="39" who="3" fromWho="2" sc="334,0,190,0,199,-39,267,49" /><INIT seed="5,0,0,2,0,90" ten="334,190,160,316" oya="1" hai0="76,51,97,9,7,124,134,81,130,112,1,8,84" hai1="41,4,20,108,11,120,126,2,16,67,49,71,101" hai2="48,87,92,116,54,125,95,62,46,128,27,64,85" hai3="109,63,96,68,78,106,26,82,115,102,83,122,93"/><U77/><E120/><V103/><F116/><W99/><G122/><T44/><D112/><U14/><E126/><V12/><F125/><W98/><G109/><T25/><D124/><U34/><E108/><V104/><F104/><W123/><G123/><T22/><D134/><U5/><E77/><V38/><F128/><W121/><G121/><T56/><D130/><U50/><E101/><V19/><F38/><W30/><G115/><T6/><D56/><U72/><E72/><V47/><F27/><W61/><G98/><T70/><D70/><U110/><E110/><V59/><F47/><W86/><G68/><T3/><D97/><U107/><E107/><V131/><F131/><W91/><REACH who="3" step="1"/><G83/><REACH who="3" ten="334,190,160,306" step="2"/><T100/><D100/><U69/><E69/><V15/><F103/><W10/><G10/><T45/><D51/><U119/><E50/><V0/><F0/><W21/><AGARI ba="0,1" hai="21,26,30,61,63,78,82,86,91,93,96,99,102,106" machi="21" ten="20,5200,0" yaku="1,1,0,1,7,1,52,1,53,0" doraHai="90" doraHaiUra="132" who="3" fromWho="3" sc="334,-13,190,-26,160,-13,306,62" /><INIT seed="6,0,0,5,1,108" ten="321,164,147,368" oya="2" hai0="5,70,47,87,48,99,84,40,91,38,52,16,41" hai1="11,12,123,127,1,106,22,35,26,102,130,3,134" hai2="96,23,72,4,57,66,21,133,63,24,37,125,28" hai3="51,9,67,8,93,116,105,50,62,104,68,34,119"/><V19/><F133/><W110/><G110/><T20/><D70/><U120/><E134/><V79/><F125/><W69/><G93/><N who="0" m="56767" /><D38/><U39/><E39/><V135/><F135/><W109/><G109/><T111/><D5/><N who="1" m="3183" /><E127/><V10/><F37/><W121/><G62/><T114/><D114/><U112/><E35/><V85/><F72/><W78/><G78/><T45/><D111/><U43/><E43/><N who="0" m="16457" /><D45/><U42/><E42/><V6/><F96/><W55/><G55/><T88/><D88/><U94/><E106/><V33/><F10/><W44/><G44/><T80/><D80/><U76/><E76/><V101/><F101/><W36/><G36/><T115/><D115/><U100/><E112/><V32/><F32/><W65/><G34/><T97/><D97/><N who="1" m="59447" /><E130/><V64/><F64/><W58/><REACH who="3" step="1"/><G58/><REACH who="3" ten="321,164,147,358" step="2"/><T86/><D86/><U128/><E128/><V27/><REACH who="2" step="1"/><F33/><REACH who="2" ten="321,164,137,358" step="2"/><W89/><G89/><T31/><D87/><U95/><E102/><V103/><F103/><W113/><G113/><T90/><D84/><U83/><E123/><AGARI ba="0,2" hai="8,9,50,51,65,67,68,69,104,105,116,119,121,123" machi="123" ten="25,3200,0" yaku="1,1,22,2,53,0" doraHai="108" doraHaiUra="59" who="3" fromWho="1" sc="321,0,164,-32,137,0,358,52" /><INIT seed="7,0,0,2,5,13" ten="321,132,137,410" oya="3" hai0="112,22,20,31,77,61,4,67,56,53,48,3,105" hai1="68,2,115,35,41,99,65,19,80,23,60,113,83" hai2="18,84,26,81,135,88,32,72,122,40,37,73,47" hai3="71,94,98,27,70,6,58,43,39,59,52,34,108"/><W93/><G108/><T69/><D105/><U121/><E121/><V96/><F122/><W10/><G59/><T107/><D107/><U118/><E35/><V79/><F135/><W1/><G93/><T11/><D31/><U85/><E2/><V57/><F57/><W21/><G34/><T110/><D77/><U109/><E109/><V123/><F123/><W90/><G43/><T134/><D110/><U66/><E118/><V133/><F133/><W36/><G39/><T130/><D134/><U8/><E41/><V129/><F129/><W62/><G36/><T91/><D130/><U95/><E8/><V46/><F46/><W103/><G103/><T63/><D112/><N who="1" m="43083" /><E85/><V106/><F32/><W92/><G92/><T14/><D3/><U33/><E66/><V29/><F18/><AGARI ba="0,0" hai="1,6,10,18,21,27,52,58,62,70,71,90,94,98" machi="18" ten="30,12000,1" yaku="7,1,25,2,52,1,54,1" doraHai="13" who="3" fromWho="2" sc="321,0,132,0,137,-120,410,120" owari="321,12.0,132,-27.0,17,-48.0,530,63.0" /></mjloggm>