<mjloggm ver="2.3"><GO type="169" lobby="0"/><UN n0="%E3%81%8A%E3%81%98%E3%81%95%E3%82%93" n1="%E3%82%B7%E3%83%B3%E3%83%87%E3%83%AB%E3%83%A9" n2="%E3%81%92%E3%81%A1%E3%81%87%E3%81%AA%30%34" n3="%E5%B0%B1%E6%B4%BB%E7%94%9F%40%E5%B7%9D%E6%9D%91%E8%BB%8D%E5%9B%A3" dan="17,17,16,18" rate="2190.46,2122.48,2100.03,2269.57" sx="M,F,M,M"/><TAIKYOKU oya="0"/><INIT seed="0,0,0,3,2,45" ten="250,250,250,250" oya="0" hai0="79,36,105,65,25,91,30,125,44,51,133,132,115" hai1="94,28,117,23,135,109,67,81,22,72,8,33,76" hai2="14,97,26,112,16,40,124,60,17,62,49,6,47" hai3="68,71,46,66,108,83,13,120,118,34,61,77,75"/><T104/><D115/><U127/><E109/><V59/><F112/><W31/><G108/><T96/><D36/><U126/><E117/><V24/><F124/><N who="1" m="47657" /><E135/><N who="0" m="51785" /><D79/><U38/><E38/><V130/><F130/><W95/><G118/><T123/><D123/><U29/><E67/><V100/><F6/><W27/><G120/><T10/><D65/><U106/><E106/><V114/><F114/><W92/><G71/><T119/><D119/><U1/><E94/><N who="2" m="58423" /><F17/><W53/><REACH who="3" step="1"/><G13/><REACH who="3" ten="250,250,250,240" step="2"/><T110/><D110/><U99/><E1/><V58/><F26/><W15/><G15/><T41/><D125/><U82/><E33/><V64/><F24/><W103/><G103/><T39/><D25/><U113/><E113/><V122/><F122/><W56/><G56/><N who="2" m="21545" /><F64/><W131/><G131/><T86/><D105/><U89/><E29/><V74/><F74/><W4/><G4/><T12/><D30/><U85/><E28/><V73/><F73/><W78/><G78/><T90/><D104/><U134/><E76/><V128/><F128/><W70/><G70/><T57/><D57/><U98/><E72/><V80/><F80/><W101/><G101/><T43/><D12/><U121/><E134/><V0/><F0/><W19/><G19/><T88/><D90/><U20/><E121/><V7/><F7/><W9/><G9/><AGARI ba="0,1" hai="9,14,16,40,47,49,60,62" m="21545,58423" machi="9" ten="30,3900,0" yaku="8,1,52,1,54,1" doraHai="45" who="2" fromWho="3" sc="250,0,250,0,250,49,240,-39" /><INIT seed="1,0,0,2,5,12" ten="250,250,299,201" oya="1" hai0="13,85,117,68,115,131,58,108,28,93,43,71,126" hai1="7,53,70,66,59,104,109,107,15,133,89,114,110" hai2="78,73,8,84,91,77,4,74,36,81,18,87,5" hai3="98,23,11,48,26,119,132,97,88,14,21,76,101"/><U49/><E114/><V123/><F123/><W39/><G39/><T128/><D115/><U83/><E133/><V24/><F36/><W55/><G132/><T19/><D117/><U27/><E27/><V111/><F111/><N who="1" m="42505" /><E70/><V135/><F135/><W113/><G76/><T127/><D28/><U112/><E112/><V56/><F56/><W99/><G113/><T130/><D43/><U94/><E83/><V121/><F121/><W79/><G79/><T10/><D58/><U100/><E66/><V63/><F63/><W34/><G119/><T37/><D37/><U17/><E7/><V50/><F50/><W103/><G34/><T65/><D65/><U67/><E67/><V72/><F78/><W52/><G55/><T6/><D6/><U9/><E100/><N who="3" m="38474" /><G26/><T25/><D25/><U2/><E2/><V90/><F77/><W60/><G60/><T116/><D116/><U3/><E3/><V62/><F62/><W1/><G1/><T57/><D57/><U0/><E0/><V92/><F24/><W20/><G88/><N who="0" m="53391" /><D108/><U95/><E95/><V44/><F44/><N who="3" m="27655" /><G99/><AGARI ba="0,0" hai="9,15,17,49,53,59,89,94,99,104,107" m="42505" machi="99" ten="30,5800,0" yaku="14,1,10,1,52,1" doraHai="12" who="1" fromWho="3" sc="250,0,250,58,299,0,201,-58" /><INIT seed="1,1,0,0,1,106" ten="250,308,299,143" oya="1" hai0="18,24,21,94,117,129,10,55,65,66,2,28,134" hai1="92,69,1,80,11,62,56,15,53,87,72,81,40" hai2="70,131,52,102,78,84,64,0,121,51,46,31,35" hai3="71,38,43,14,132,4,77,90,63,20,120,126,109"/><U74/><E1/><V118/><F0/><W122/><G109/><T83/><D117/><U79/><E40/><V25/><F121/><W115/><G115/><T39/><D39/><U93/><E69/><V42/><F118/><W101/><G101/><T59/><D129/><U119/><E119/><V82/><F131/><W7/><G126/><T47/><D47/><U3/><E3/><V97/><F64/><W113/><G113/><T135/><D94/><U128/><E128/><V105/><REACH who="2" step="1"/><F70/><REACH who="2" ten="250,308,289,143" step="2"/><W130/><G130/><T26/><D66/><U36/><E36/><V107/><F107/><W8/><G71/><T86/><D65/><U48/><E62/><V75/><F75/><W112/><G112/><T110/><D2/><U22/><E22/><V6/><F6/><W17/><G4/><T45/><D110/><U23/><E23/><V57/><F57/><W44/><G132/><T103/><D59/><U29/><E74/><V37/><F37/><W98/><G63/><T100/><D135/><U12/><E72/><V76/><F76/><W125/><G77/><N who="0" m="46447" /><D134/><U116/><E79/><V16/><F16/><W58/><G58/><T127/><D127/><U99/><E56/><V89/><F89/><W124/><G124/><T54/><D18/><U91/><E91/><V85/><F85/><W123/><G125/><T32/><D21/><U5/><E87/><V33/><F33/><W67/><G67/><T95/><D32/><U49/><E5/><V133/><F133/><W9/><G7/><T68/><D68/><U30/><E116/><V13/><F13/><W111/><G111/><RYUUKYOKU ba="1,1" sc="250,-15,308,-15,289,15,143,15" hai2="25,31,35,42,46,51,52,78,82,84,97,102,105" hai3="8,9,14,17,20,38,43,44,90,98,120,122,123" /><INIT seed="2,2,1,4,4,104" ten="235,293,304,158" oya="2" hai0="62,120,75,58,32,37,88,97,91,131,1,26,117" hai1="69,87,57,24,22,116,42,36,134,118,84,9,12" hai2="109,14,85,46,77,55,5,39,31,100,82,110,92" hai3="8,17,124,20,99,79,49,111,25,101,125,3,129"/><V23/><F31/><W94/><G111/><N who="2" m="42505" /><F39/><W71/><G71/><T51/><D37/><U15/><E69/><V126/><F126/><N who="3" m="48747" /><G129/><T0/><D120/><U86/><E134/><V44/><F55/><W107/><G79/><T119/><D131/><U47/><E57/><V114/><F114/><W135/><G135/><T19/><D51/><U72/><E72/><V7/><F23/><W103/><G49/><T74/><D19/><U127/><E127/><V54/><F54/><W67/><G67/><N who="0" m="39383" /><D26/><U45/><E45/><N who="2" m="17515" /><F14/><N who="3" m="7367" /><G3/><N who="0" m="1099" /><D32/><U21/><E15/><V29/><F29/><N who="3" m="17575" /><G107/><T122/><D122/><U27/><E22/><V11/><F11/><W76/><G76/><T95/><D91/><AGARI ba="2,1" hai="91,94,99,101,103" m="17575,7367,48747" machi="91" ten="30,1000,0" yaku="18,1" doraHai="104" who="3" fromWho="0" sc="235,-16,293,0,304,0,158,26" /><INIT seed="3,0,0,2,0,125" ten="219,293,304,184" oya="3" hai0="63,67,22,129,98,21,115,108,109,114,56,60,135" hai1="57,93,45,13,130,1,91,112,12,28,85,113,43" hai2="14,39,80,102,121,31,64,84,116,48,62,66,119" hai3="52,35,70,94,127,69,104,81,83,41,131,46,7"/><W87/><G104/><T61/><D135/><U27/><E130/><V59/><F39/><W19/><G127/><T40/><D98/><U51/><E1/><V32/><F102/><W54/><G35/><T78/><D78/><U101/><E101/><V92/><F92/><W10/><G131/><T75/><D75/><U97/><E97/><V96/><F96/><W17/><G70/><T5/><D5/><U120/><E120/><V100/><F100/><W16/><G69/><T117/><D129/><U76/><E76/><V26/><F121/><W58/><G94/><T44/><D21/><U110/><E110/><N who="0" m="42601" /><D22/><U106/><E106/><V23/><F48/><N who="3" m="26703" /><G58/><N who="0" m="37271" /><D117/><U123/><E123/><V34/><F66/><W68/><G68/><T105/><D105/><U37/><E112/><N who="0" m="43049" /><D56/><U88/><E113/><V18/><REACH who="2" step="1"/><F34/><REACH who="2" ten="219,293,294,184" step="2"/><W86/><G83/><T79/><D79/><AGARI ba="0,1" hai="14,18,23,26,31,32,59,62,64,79,80,84,116,119" machi="79" ten="30,3900,0" yaku="1,1,2,1,7,1,53,0" doraHai="125" doraHaiUra="4" who="2" fromWho="0" sc="219,-39,293,0,294,49,184,0" /><INIT seed="4,0,0,5,3,19" ten="180,293,343,184" oya="0" hai0="117,95,10,112,114,96,101,51,50,100,108,123,32" hai1="26,24,49,105,66,104,21,7,107,69,9,67,109" hai2="90,115,45,94,36,126,122,11,39,129,111,53,16" hai3="44,28,80,59,34,82,14,89,60,29,12,41,131"/><T62/><D117/><U127/><E109/><V31/><F111/><W91/><G131/><T63/><D108/><U71/><E127/><V73/><F73/><W64/><G34/><T113/><D123/><U54/><E67/><V47/><F122/><W86/><G28/><T78/><D32/><U97/><E97/><V132/><F126/><W125/><G125/><T58/><D78/><U77/><E77/><V15/><F129/><W79/><G29/><T134/><D134/><U22/><E66/><V135/><F31/><W43/><G91/><T46/><D10/><U85/><E85/><V38/><F115/><W133/><G133/><N who="2" m="51273" /><F53/><W93/><G82/><T102/><D51/><U57/><E26/><V48/><F48/><W35/><G35/><T17/><D17/><U87/><E87/><AGARI ba="0,0" hai="11,15,16,36,38,39,45,47,87,90,94" m="51273" machi="87" ten="40,2600,0" yaku="20,1,54,1" doraHai="19" who="2" fromWho="1" sc="180,0,293,-26,343,26,184,0" /><INIT seed="5,0,0,0,4,70" ten="180,267,369,184" oya="1" hai0="105,42,5,20,24,61,7,73,45,26,71,116,113" hai1="3,11,117,63,22,98,92,58,95,49,66,122,69" hai2="130,126,125,0,59,102,12,15,35,85,89,79,101" hai3="36,47,119,17,48,33,21,78,107,91,31,2,104"/><U41/><E117/><V110/><F110/><W55/><G2/><T25/><D116/><U114/><E114/><V128/><F0/><W106/><G119/><T123/><D105/><U118/><E118/><V82/><F35/><W132/><G132/><T121/><D73/><U124/><E122/><N who="0" m="46601" /><D113/><U93/><E124/><N who="2" m="47723" /><F59/><W87/><G78/><T86/><D86/><U134/><E134/><V90/><F15/><W115/><G115/><T57/><D20/><U50/><E22/><V81/><F12/><W131/><G131/><N who="2" m="50217" /><F90/><W80/><G31/><T40/><D71/><U10/><E69/><V77/><F77/><W100/><G33/><T99/><D99/><U108/><E108/><V52/><F52/><W64/><G64/><N who="0" m="38959" /><D42/><U112/><E112/><V43/><F43/><W135/><G135/><T60/><D60/><U1/><E41/><V19/><F19/><W127/><G127/><T46/><D46/><U30/><E1/><V109/><F109/><W74/><G100/><T44/><D44/><U111/><E3/><V53/><F53/><W6/><G74/><AGARI ba="0,0" hai="74,79,81,82,85,89,101,102" m="50217,47723" machi="74" ten="30,7700,0" yaku="18,1,19,1,34,2" doraHai="70" who="2" fromWho="3" sc="180,0,267,0,369,77,184,-77" /><INIT seed="6,0,0,5,4,32" ten="180,267,446,107" oya="2" hai0="55,26,125,16,11,69,118,74,12,93,71,88,45" hai1="8,117,42,109,127,103,50,108,35,19,78,21,116" hai2="119,124,112,64,38,44,80,83,5,40,113,115,114" hai3="13,62,132,107,39,49,100,95,70,27,87,122,130"/><V75/><F119/><N who="1" m="45641" /><E50/><V61/><F115/><W28/><G39/><T7/><D74/><U77/><E42/><V48/><F124/><W68/><G122/><T73/><D73/><U91/><E91/><V51/><F5/><W67/><G130/><T56/><D125/><U66/><E66/><V36/><F36/><W72/><G72/><T128/><D128/><U65/><E65/><V18/><F18/><W17/><G132/><T135/><D135/><U15/><E103/><V57/><F75/><W1/><G1/><T4/><D118/><U10/><E78/><V30/><F30/><W46/><G70/><T123/><D123/><U41/><E41/><V22/><F22/><W53/><G107/><T101/><D101/><U92/><E92/><V52/><REACH who="2" step="1"/><F51/><REACH who="2" ten="180,267,436,107" step="2"/><W54/><G28/><T98/><D4/><U59/><E19/><V134/><F134/><W29/><G29/><T63/><D45/><AGARI ba="0,1" hai="38,40,44,45,48,52,57,61,64,80,83,112,113,114" machi="45" ten="40,7700,0" yaku="1,1,15,1,54,1,53,0" doraHai="32" doraHaiUra="20" who="2" fromWho="0" sc="180,-77,267,0,436,87,107,0" /><INIT seed="6,1,0,0,4,34" ten="103,267,523,107" oya="2" hai0="41,24,101,129,133,55,123,48,28,65,100,5,57" hai1="45,23,43,50,13,127,121,83,82,38,126,3,88" hai2="122,96,99,84,94,8,59,135,116,33,89,73,114" hai3="54,16,49,90,120,93,25,86,104,31,102,14,4"/><V36/><F36/><W112/><G120/><T71/><D123/><U21/><E121/><V131/><F33/><W15/><G112/><T42/><D129/><U76/><E3/><V115/><F116/><W117/><G117/><T27/><D133/><U64/><E64/><V97/><F122/><W26/><G104/><T30/><D5/><U40/><E88/><V109/><F131/><W95/><G4/><T32/><D71/><U75/><E82/><V61/><F8/><W98/><G31/><N who="0" m="11819" /><D32/><U2/><E2/><V119/><F73/><W85/><G85/><T53/><D65/><U66/><E66/><V78/><F119/><W29/><G29/><T132/><D132/><U80/><E80/><V77/><F135/><W81/><G15/><T62/><D42/><U105/><E105/><V110/><F59/><N who="3" m="33231" /><G81/><T67/><D41/><U63/><E63/><V39/><F61/><W108/><G108/><N who="2" m="41577" /><F39/><W118/><G118/><T46/><D67/><U7/><E38/><V111/><F111/><W9/><AGARI ba="1,0" hai="9,14,16,25,26,86,90,93,95,98,102" m="33231" machi="9" ten="30,2000,0" yaku="8,1,54,1" doraHai="34" who="3" fromWho="3" sc="103,-6,267,-6,523,-11,107,23" /><INIT seed="7,0,0,0,5,112" ten="97,261,512,130" oya="3" hai0="100,107,32,104,97,75,134,105,26,40,47,35,48" hai1="131,109,65,6,31,129,119,58,37,93,71,1,14" hai2="76,45,2,86,55,30,44,103,8,64,11,80,24" hai3="63,115,28,132,83,124,13,123,15,60,81,118,122"/><W95/><G118/><T74/><D134/><U94/><E119/><V54/><F64/><W49/><G132/><T36/><D48/><U120/><E109/><V39/><F103/><W27/><G124/><T18/><D18/><U126/><E120/><V135/><F135/><W46/><G115/><T10/><D10/><U22/><E126/><V99/><F99/><W69/><G69/><T117/><D117/><U53/><E37/><V62/><F39/><W78/><G13/><T56/><D56/><U59/><E71/><V127/><F62/><W91/><G15/><T25/><D25/><U114/><E114/><V34/><F2/><W12/><G12/><T110/><D110/><U5/><E14/><V7/><F7/><W133/><G133/><T87/><D87/><U4/><E65/><V72/><F72/><W0/><G0/><T16/><D35/><U61/><E58/><V29/><F11/><W67/><G122/><T73/><D16/><U42/><E1/><V96/><F24/><W20/><G123/><T85/><D85/><U88/><E31/><AGARI ba="0,0" hai="26,31,32,36,40,47,73,74,75,97,100,104,105,107" machi="31" ten="40,5200,0" yaku="33,3" doraHai="112" who="0" fromWho="1" sc="97,52,261,-52,512,0,130,0" owari="149,-25.0,209,1.0,512,61.0,130,-37.0" /></mjloggm>