<mjloggm ver="2.3"><GO type="169" lobby="0"/><UN n0="%E3%83%94%E3%82%AB%E5%90%BE%E9%83%8E" n1="%E6%A3%AE%E5%AE%AE%E8%92%BC%E4%B9%83" n2="%E5%B0%B1%E6%B4%BB%E7%94%9F%40%E5%B7%9D%E6%9D%91%E8%BB%8D%E5%9B%A3" n3="%E2%80%A0%E3%81%BE%E3%83%BC%E5%9D%8A%E2%80%A0" dan="18,17,19,18" rate="2254.91,2166.26,2363.76,2190.01" sx="M,M,M,M"/><TAIKYOKU oya="0"/><INIT seed="0,0,0,1,1,20" ten="250,250,250,250" oya="0" hai0="100,0,131,81,70,58,29,80,88,117,2,108,15" hai1="52,94,50,107,110,87,60,85,69,24,130,73,9" hai2="38,105,102,51,23,113,55,63,104,90,75,65,13" hai3="66,133,45,21,86,135,126,16,32,41,10,8,78"/><T79/><D70/><U36/><E36/><V53/><F75/><W109/><G32/><T134/><D117/><U97/><E73/><V39/><F113/><W93/><G66/><T3/><D100/><U27/><E107/><V33/><F33/><W91/><G78/><T17/><D131/><U77/><E130/><V114/><F114/><W48/><G109/><T101/><D101/><N who="1" m="60599" /><E69/><V124/><F124/><W116/><G116/><T62/><D134/><N who="3" m="51209" /><G126/><T49/><D49/><U25/><E110/><V28/><F90/><W95/><G95/><T18/><D29/><U30/><E60/><V54/><F51/><W26/><AGARI ba="0,0" hai="8,10,16,21,26,41,45,48,86,91,93" m="51209" machi="26" ten="30,4000,0" yaku="20,1,52,1,54,1" doraHai="20" who="3" fromWho="3" sc="250,-20,250,-10,250,-10,250,40" /><INIT seed="1,0,0,4,3,56" ten="230,240,240,290" oya="1" hai0="74,8,27,67,6,1,135,49,73,7,13,132,127" hai1="104,83,54,128,84,107,48,118,125,22,68,33,105" hai2="63,98,91,126,78,16,64,99,79,28,14,100,70" hai3="42,37,19,85,110,71,121,106,5,40,62,119,96"/><U72/><E33/><V10/><F126/><W58/><G121/><T43/><D127/><U3/><E118/><V39/><F39/><W115/><G115/><T52/><D43/><U87/><E125/><V21/><F91/><W15/><G71/><T53/><D53/><U25/><E3/><V76/><F99/><W66/><G110/><T4/><D67/><U0/><E0/><V2/><F2/><W11/><G119/><T26/><D73/><U47/><E68/><V30/><REACH who="2" step="1"/><F10/><REACH who="2" ten="230,240,230,290" step="2"/><W51/><G37/><T18/><D1/><U97/><E97/><V92/><AGARI ba="0,1" hai="14,16,21,28,30,63,64,70,76,78,79,92,98,100" machi="92" ten="30,8000,1" yaku="1,1,2,1,0,1,52,1,54,1,53,0" doraHai="56" doraHaiUra="38" who="2" fromWho="2" sc="230,-20,240,-40,230,90,290,-20" /><INIT seed="2,0,0,3,3,15" ten="210,200,320,270" oya="2" hai0="116,4,86,110,71,109,25,33,98,38,132,11,7" hai1="61,54,45,48,128,119,77,56,92,82,2,85,133" hai2="123,29,104,34,16,8,114,118,40,134,74,117,126" hai3="12,95,65,36,55,103,47,50,68,49,17,53,18"/><V24/><F104/><W106/><G106/><T122/><D38/><U76/><E119/><N who="2" m="45579" /><F74/><W31/><G36/><T19/><D116/><U66/><E2/><V93/><F93/><W101/><G31/><N who="0" m="19695" /><D71/><U73/><E133/><V94/><F94/><W108/><G108/><N who="0" m="41579" /><D132/><U23/><E128/><V112/><F40/><W96/><G101/><T121/><D86/><U78/><E73/><V88/><F88/><W80/><G12/><N who="0" m="7583" /><D98/><U59/><E92/><V70/><F70/><W69/><G80/><T51/><D51/><U124/><E59/><V64/><F134/><W43/><G43/><T75/><D75/><U32/><E85/><V81/><F81/><W99/><G99/><T28/><D28/><U63/><E82/><V26/><F64/><W113/><G69/><T9/><D7/><U37/><E66/><V58/><F58/><W130/><G65/><T120/><D120/><U135/><E56/><V6/><F123/><W105/><G68/><T125/><D125/><U30/><E124/><V60/><F60/><W3/><G95/><T13/><AGARI ba="0,0" hai="4,9,13,121,122" m="7583,41579,19695" machi="13" ten="30,7900,0" yaku="14,1,34,2,52,1" doraHai="15" who="0" fromWho="0" sc="210,79,200,-20,320,-39,270,-20" /><INIT seed="3,0,0,1,1,46" ten="289,180,281,250" oya="3" hai0="2,100,6,133,18,120,50,131,68,52,119,130,22" hai1="111,109,116,91,90,106,134,43,86,49,4,53,58" hai2="128,117,63,34,70,24,3,60,37,5,132,44,107" hai3="83,69,73,124,41,20,81,108,79,10,51,30,33"/><W75/><G124/><T77/><D68/><U123/><E123/><V126/><RYUUKYOKU type="yao9" ba="0,0" sc="289,0,180,0,281,0,250,0" hai2="3,5,24,34,37,44,60,63,70,107,117,126,128,132" /><INIT seed="3,1,0,2,1,15" ten="289,180,281,250" oya="3" hai0="38,19,65,33,10,79,13,55,16,112,43,42,53" hai1="131,50,14,4,104,86,5,66,120,121,134,91,124" hai2="28,85,24,103,57,29,35,46,114,12,9,117,98" hai3="123,69,72,83,34,8,63,22,11,81,47,1,77"/><W75/><G123/><T126/><D33/><U51/><E104/><V3/><F114/><W82/><G11/><T2/><D2/><U30/><E134/><V44/><F117/><W113/><G113/><T87/><D112/><U62/><E131/><V70/><F70/><W52/><G34/><T99/><D65/><U128/><E128/><V48/><F3/><W59/><G69/><T89/><D99/><U88/><E124/><V115/><F29/><W21/><G47/><T58/><D79/><U67/><E30/><V132/><F132/><W6/><REACH who="3" step="1"/><G77/><REACH who="3" ten="289,180,281,240" step="2"/><T96/><D126/><U37/><E121/><V107/><F115/><W54/><G54/><N who="0" m="20491" /><D58/><N who="1" m="37207" /><E120/><V56/><F46/><W39/><G39/><T125/><D38/><U135/><E37/><V100/><F57/><W106/><G106/><T127/><D125/><U78/><E135/><V23/><F56/><W109/><G109/><T93/><D127/><U26/><E67/><V119/><F35/><W7/><G7/><N who="0" m="3295" /><D43/><U17/><E4/><V97/><F119/><W122/><G122/><T111/><D42/><U110/><E110/><V105/><F44/><W61/><G61/><T32/><D32/><U27/><E5/><V18/><F48/><W94/><G94/><N who="0" m="54591" /><D111/><U36/><E36/><V133/><F133/><W130/><G130/><T49/><D49/><U90/><E51/><V45/><F45/><W74/><AGARI ba="1,1" hai="1,6,8,21,22,52,59,63,72,74,75,81,82,83" machi="74" ten="40,7800,0" yaku="1,1,0,1,54,1,53,0" doraHai="15" doraHaiUra="95" who="3" fromWho="3" sc="289,-27,180,-27,281,-27,240,91" /><INIT seed="3,2,0,4,0,92" ten="262,153,254,331" oya="3" hai0="128,69,82,71,104,113,15,23,30,122,19,77,34" hai1="68,57,6,97,119,26,39,52,101,1,85,16,117" hai2="65,3,67,133,55,45,112,58,132,56,49,109,98" hai3="36,90,63,105,40,70,134,20,61,37,94,127,106"/><W46/><G134/><N who="2" m="51817" /><F3/><W2/><G127/><T95/><D104/><U44/><E68/><V115/><F109/><W9/><G37/><T80/><D122/><U108/><E108/><V32/><F32/><W123/><G123/><T81/><D77/><U38/><E85/><V29/><F29/><W28/><G2/><T72/><D72/><U116/><E6/><V120/><F98/><W54/><G9/><T135/><D135/><U125/><E1/><V76/><F76/><W53/><G53/><T110/><D110/><U79/><E79/><V22/><F22/><W33/><G33/><T21/><D34/><U59/><E125/><V102/><F102/><W131/><G131/><T5/><D5/><U4/><E4/><V121/><F121/><W51/><G20/><T24/><D128/><U118/><N who="1" m="29696" /><DORA hai="47" /><U75/><E75/><V103/><F103/><W12/><G28/><T35/><D35/><U18/><E59/><N who="2" m="22571" /><F120/><W107/><G12/><T66/><D113/><AGARI ba="2,0" hai="45,49,55,65,67,112,113,115" m="22571,51817" machi="113" ten="30,7700,0" yaku="20,1,34,2,52,1" doraHai="92,47" who="2" fromWho="0" sc="262,-83,153,0,254,83,331,0" /><INIT seed="4,0,0,1,2,98" ten="179,153,337,331" oya="0" hai0="35,50,79,67,123,74,27,129,116,61,101,54,57" hai1="1,34,130,48,124,75,128,59,81,36,55,60,44" hai2="105,76,121,5,111,93,89,23,106,108,41,80,135" hai3="24,22,102,94,115,33,20,84,43,118,114,0,13"/><T42/><D123/><U66/><E34/><V91/><F41/><W18/><G118/><T107/><D42/><U87/><E1/><V56/><F56/><W45/><G0/><T47/><D116/><U32/><E32/><V119/><F5/><W26/><G33/><T29/><D129/><N who="1" m="49771" /><E75/><N who="2" m="43039" /><F23/><W39/><G24/><T64/><D79/><N who="1" m="46527" /><E124/><V21/><F21/><W71/><G71/><T132/><D132/><U83/><E83/><V30/><F30/><W122/><G122/><T99/><REACH who="0" step="1"/><D74/><REACH who="0" ten="169,153,337,331" step="2"/><U95/><E36/><V92/><F135/><W3/><G39/><T125/><D125/><U28/><E28/><V97/><F121/><W86/><G43/><T17/><D17/><U53/><E95/><V72/><F72/><W25/><G94/><T19/><D19/><U15/><E15/><V77/><F77/><W62/><G13/><T110/><D110/><N who="2" m="42026" /><F119/><W90/><G18/><T96/><D96/><AGARI ba="0,1" hai="89,91,92,93,96,97,105,106" m="42026,43039" machi="96" ten="30,2000,0" yaku="34,2" doraHai="98" who="2" fromWho="0" sc="169,-20,153,0,337,30,331,0" /><INIT seed="5,0,0,0,4,100" ten="149,153,367,331" oya="1" hai0="129,46,30,26,32,135,102,115,101,122,89,91,75" hai1="114,78,82,52,34,37,20,109,29,40,24,28,107" hai2="1,125,49,3,72,38,2,123,121,60,116,74,83" hai3="53,132,94,105,54,73,12,43,9,76,5,45,13"/><U16/><E114/><V108/><F108/><W18/><G132/><T8/><D75/><U44/><E109/><V62/><F49/><W95/><G105/><T57/><D115/><U39/><E107/><V33/><F83/><W4/><G76/><T79/><D79/><U130/><E130/><V25/><F25/><W41/><G73/><N who="2" m="28265" /><F116/><W69/><G69/><T120/><D135/><U68/><E68/><V22/><F22/><W96/><G96/><T7/><D46/><U10/><E10/><V61/><F33/><W66/><G66/><T103/><D57/><U15/><E29/><V92/><F92/><W65/><G65/><T86/><D129/><U42/><E52/><V117/><F117/><W48/><G4/><T134/><D134/><U67/><E67/><V93/><F93/><N who="3" m="35339" /><G54/><T59/><D59/><U87/><REACH who="1" step="1"/><E42/><REACH who="1" ten="149,143,367,331" step="2"/><V80/><F123/><N who="0" m="47146" /><D86/><U51/><AGARI ba="0,1" hai="15,16,20,24,28,34,37,39,40,44,51,78,82,87" machi="51" ten="20,7800,0" yaku="1,1,0,1,7,1,54,1,53,0" doraHai="100" doraHaiUra="55" who="1" fromWho="1" sc="149,-26,143,88,367,-26,331,-26" /><INIT seed="5,1,0,5,5,93" ten="123,231,341,305" oya="1" hai0="80,26,79,46,47,42,53,2,5,130,89,84,3" hai1="57,58,112,61,82,50,119,56,95,73,117,104,60" hai2="75,77,36,129,74,87,90,29,35,59,103,127,6" hai3="41,135,31,63,91,133,109,108,1,23,96,132,121"/><U105/><E50/><V69/><F69/><W81/><G121/><T64/><D130/><U14/><E112/><V92/><F36/><W83/><G1/><T34/><D64/><U131/><E131/><V8/><F127/><W12/><G41/><T128/><D128/><U49/><E49/><V68/><F68/><W55/><G55/><T24/><D47/><U123/><E123/><V66/><F77/><W122/><G63/><T107/><D53/><U15/><E95/><V67/><F129/><W39/><G39/><T10/><D3/><U11/><E73/><V120/><F120/><W102/><G122/><T48/><D34/><U118/><E82/><N who="3" m="31242" /><G91/><T114/><D114/><U7/><REACH who="1" step="1"/><E15/><REACH who="1" ten="123,221,341,305" step="2"/><V100/><F75/><W97/><G12/><T54/><D107/><AGARI ba="1,1" hai="7,11,14,56,57,58,60,61,104,105,107,117,118,119" machi="107" ten="50,4800,0" yaku="1,1,2,1,53,0" doraHai="93" doraHaiUra="99" who="1" fromWho="0" sc="123,-51,221,61,341,0,305,0" /><INIT seed="5,2,0,0,1,53" ten="72,282,341,305" oya="1" hai0="11,134,55,111,26,74,115,131,120,76,42,87,31" hai1="108,130,68,105,29,81,83,107,41,94,8,118,12" hai2="117,7,60,46,9,3,123,61,48,72,79,44,2" hai3="73,17,19,35,52,50,86,69,66,101,0,129,121"/><U25/><E118/><V62/><F123/><W36/><G73/><T15/><D74/><U32/><E130/><V43/><F117/><W33/><G0/><T91/><D76/><U57/><E68/><V10/><F72/><W116/><G116/><T23/><D131/><U64/><E108/><V93/><F79/><W125/><G36/><T127/><D127/><U67/><E94/><V122/><F122/><W96/><G35/><T110/><D120/><U6/><E41/><V18/><F93/><W45/><G33/><T21/><D115/><U102/><E67/><V90/><F90/><W22/><G121/><T65/><D134/><U54/><E64/><V56/><F46/><W49/><G125/><T82/><D23/><U20/><E32/><V135/><F135/><W13/><G129/><T113/><D113/><U128/><E128/><V34/><F34/><W103/><G96/><T104/><D104/><U24/><E24/><V114/><F114/><W106/><G106/><T70/><D42/><U14/><E107/><V63/><F63/><W38/><G38/><T109/><D65/><U97/><REACH who="1" step="1"/><E14/><REACH who="1" ten="72,272,341,305" step="2"/><V95/><F95/><W58/><G66/><T99/><D70/><U28/><E28/><V132/><F132/><W59/><G69/><T119/><D119/><U1/><E1/><V30/><F30/><W77/><G13/><T78/><D99/><U37/><E37/><V100/><F100/><W47/><G103/><T89/><REACH who="0" step="1"/><D55/><REACH who="0" ten="62,272,341,305" step="2"/><U51/><AGARI ba="2,2" hai="6,8,12,20,25,29,51,54,57,81,83,97,102,105" machi="51" ten="20,7800,0" yaku="1,1,0,1,7,1,52,1,53,0" doraHai="53" doraHaiUra="40" who="1" fromWho="1" sc="62,-28,272,104,341,-28,305,-28" /><INIT seed="5,3,0,2,4,109" ten="34,376,313,277" oya="1" hai0="23,30,70,33,41,6,52,5,72,121,43,131,12" hai1="60,28,13,90,104,116,66,14,62,95,118,129,80" hai2="71,37,20,45,87,86,130,81,120,22,53,103,11" hai3="134,79,106,47,123,128,100,40,78,51,27,114,24"/><U19/><E104/><V61/><F120/><W2/><G123/><T102/><D70/><U67/><E80/><V7/><F130/><W108/><G108/><T84/><D72/><U91/><E129/><V69/><F103/><W96/><G128/><T54/><D131/><U119/><E28/><V18/><F37/><W110/><G2/><T98/><D121/><U64/><E95/><V105/><F105/><W101/><G110/><T42/><D33/><U8/><REACH who="1" step="1"/><E14/><REACH who="1" ten="34,366,313,277" step="2"/><V55/><F81/><W63/><G106/><T88/><D102/><U133/><E133/><V115/><F86/><W99/><G134/><T59/><D98/><U9/><E9/><V83/><F87/><W39/><G99/><T35/><D35/><U112/><E112/><V21/><F83/><W3/><G114/><T36/><D36/><U135/><E135/><V58/><F11/><W46/><G39/><T111/><D111/><U49/><E49/><V31/><F31/><W75/><G51/><N who="0" m="31135" /><D30/><U126/><E126/><V50/><F115/><W74/><G96/><T77/><D77/><U68/><E68/><V1/><F69/><W107/><G107/><T122/><D122/><U15/><E15/><V132/><F71/><W89/><G79/><T73/><D73/><U94/><E94/><V10/><F132/><W26/><G78/><T117/><D12/><AGARI ba="3,1" hai="1,7,10,12,18,20,21,22,45,50,53,55,58,61" machi="12" ten="30,1000,0" yaku="7,1" doraHai="109" who="2" fromWho="0" sc="34,-19,366,0,313,29,277,0" /><INIT seed="6,0,0,3,0,46" ten="15,366,342,277" oya="2" hai0="25,41,18,82,105,79,66,27,104,86,59,37,131" hai1="108,14,63,100,60,39,6,90,135,93,95,127,24" hai2="36,5,13,22,87,34,97,67,50,29,99,7,61" hai3="124,84,83,112,42,122,109,4,134,101,69,49,1"/><V103/><F36/><W47/><G122/><T111/><D111/><U98/><E39/><V11/><F34/><W110/><G134/><T8/><D131/><U106/><E106/><V80/><F7/><W120/><G120/><T21/><D105/><U57/><E135/><V58/><F103/><W17/><G69/><T129/><D104/><U70/><E70/><V117/><F117/><W113/><G124/><T33/><D129/><U91/><E127/><V114/><F114/><N who="3" m="44139" /><G101/><T116/><D116/><U68/><E68/><V43/><F22/><W32/><G32/><T89/><D37/><U77/><E77/><N who="2" m="46479" /><F29/><W30/><G30/><T81/><D33/><U19/><E6/><V23/><F23/><W26/><G26/><T88/><D41/><U133/><E24/><V54/><F67/><W96/><G17/><T71/><D71/><U118/><E133/><V12/><F12/><W102/><G4/><T10/><D27/><U72/><E118/><V15/><F15/><W31/><G1/><T0/><D0/><U51/><E108/><V73/><F73/><W92/><G31/><T2/><D2/><U45/><E72/><V53/><F53/><W65/><G65/><T3/><D3/><U52/><E93/><V40/><F40/><W44/><G110/><T121/><D121/><U107/><E107/><V38/><F38/><W128/><G128/><T55/><D66/><N who="1" m="39183" /><E63/><V132/><F132/><W35/><G109/><T28/><D28/><U74/><E74/><V78/><F78/><N who="3" m="46199" /><G35/><T62/><D79/><U123/><E123/><V125/><F125/><W115/><G42/><RYUUKYOKU ba="0,0" sc="15,10,366,10,342,10,277,-30" hai0="8,10,18,21,25,55,59,62,81,82,86,88,89" hai1="14,19,45,51,52,90,91,95,98,100" hai2="5,11,13,43,50,54,58,61,97,99" /><INIT seed="6,1,0,0,1,98" ten="25,376,352,247" oya="2" hai0="22,105,17,31,65,76,72,50,121,128,84,117,56" hai1="125,78,82,106,102,16,70,40,95,93,67,62,47" hai2="87,68,9,32,48,115,5,133,96,14,114,61,86" hai3="90,75,88,25,109,52,49,63,18,46,64,44,60"/><V3/><F32/><W55/><G75/><T135/><D72/><U99/><E125/><V130/><F130/><W6/><G6/><T131/><D121/><U126/><E126/><V30/><F30/><W24/><G109/><T0/><D0/><U116/><E16/><V108/><F108/><W110/><G110/><T80/><D117/><U35/><E35/><V111/><F111/><W107/><G107/><T89/><D105/><U53/><E53/><V134/><F96/><W59/><G44/><T58/><D135/><N who="2" m="51722" /><F3/><W57/><G18/><T12/><D131/><U54/><E54/><V4/><F4/><W33/><G33/><T8/><D128/><U77/><E116/><V10/><F10/><W19/><G19/><T36/><D36/><U66/><E66/><N who="2" m="41039" /><F48/><W26/><AGARI ba="1,0" hai="24,25,26,46,49,52,55,57,59,60,63,64,88,90" machi="26" ten="30,7900,0" yaku="0,1,8,1,54,2" doraHai="98" who="3" fromWho="3" sc="25,-21,376,-21,352,-40,247,82" /><INIT seed="7,0,0,5,3,89" ten="4,355,312,329" oya="3" hai0="4,55,82,81,130,5,34,83,71,115,52,2,62" hai1="134,29,63,117,102,112,14,105,66,69,19,1,36" hai2="116,49,122,67,74,45,123,91,121,53,10,109,77" hai3="22,95,124,72,23,3,43,97,65,90,8,40,60"/><W58/><G72/><T0/><D62/><U101/><E1/><V33/><F109/><W99/><G124/><T92/><D71/><U17/><E112/><V75/><F116/><W79/><G79/><T32/><D92/><U11/><E117/><V86/><F33/><W54/><G3/><T18/><D115/><U50/><E134/><V103/><F103/><W120/><G120/><N who="2" m="30721" /><V113/><DORA hai="24" /><F113/><W76/><G76/><T132/><D132/><U57/><E36/><V30/><F77/><W13/><G99/><T38/><D38/><U56/><E69/><V104/><F104/><W126/><G126/><T35/><D18/><N who="1" m="6667" /><E29/><V25/><F10/><W73/><G73/><T85/><D85/><U27/><E27/><V125/><F67/><W47/><G65/><T135/><D135/><U39/><E105/><V131/><F131/><W129/><G129/><T48/><D130/><U9/><E39/><V61/><F61/><W110/><G110/><T119/><D119/><U16/><E11/><V42/><F42/><N who="3" m="15915" /><G47/><T93/><D93/><U44/><E44/><V41/><F41/><W80/><G80/><T26/><D26/><U51/><E51/><V128/><F128/><W64/><G64/><T107/><D107/><U15/><E15/><V12/><F125/><W133/><G133/><T111/><D111/><U37/><E37/><V96/><F12/><W118/><G118/><T7/><D48/><U94/><E94/><N who="2" m="54647" /><F96/><W88/><G90/><T84/><D84/><U108/><E108/><V68/><F68/><W28/><G28/><T46/><D46/><U114/><E114/><RYUUKYOKU ba="0,0" sc="4,0,355,0,312,0,329,0" hai0="0,2,4,5,7,32,34,35,52,55,81,82,83" hai1="9,14,16,50,56,57,63,66,101,102" hai2="25,30,45,49,53,74,75" hai3="8,13,22,23,54,58,60,88,95,97" /><INIT seed="7,1,0,4,3,33" ten="4,355,312,329" oya="3" hai0="88,28,82,120,64,67,16,26,65,18,85,127,13" hai1="69,83,46,51,110,9,11,92,30,129,50,44,10" hai2="36,80,58,132,133,89,84,90,5,126,63,3,48" hai3="77,8,7,53,60,22,119,42,21,55,31,76,97"/><W14/><G119/><T15/><D127/><U37/><E69/><V81/><F36/><W93/><G42/><T41/><D41/><N who="1" m="25039" /><E37/><V109/><F109/><W39/><G39/><T17/><D120/><U135/><E135/><N who="2" m="51787" /><F126/><W98/><G98/><T105/><D28/><U43/><E129/><V112/><F112/><W72/><G72/><T12/><D105/><U70/><E70/><V123/><F123/><W86/><G86/><T111/><D85/><U134/><E134/><V101/><F101/><W47/><G53/><T125/><D125/><U108/><E108/><V87/><F48/><N who="3" m="29087" /><G60/><T122/><D122/><U79/><E110/><V61/><F58/><W24/><G22/><T34/><D111/><U23/><E92/><V102/><F102/><AGARI ba="1,0" hai="7,8,14,21,24,31,76,77,93,97,102" m="29087" machi="102" ten="30,1500,0" yaku="8,1" doraHai="33" who="3" fromWho="2" sc="4,0,355,0,312,-18,329,18" /><INIT seed="7,2,0,4,5,88" ten="4,355,294,347" oya="3" hai0="45,5,73,102,108,133,25,101,115,35,68,124,104" hai1="37,92,82,12,55,134,20,36,4,83,75,62,127" hai2="38,106,81,14,131,107,135,27,117,7,54,44,72" hai3="122,9,66,109,112,105,19,22,103,85,40,34,51"/><W113/><G122/><T77/><D45/><U0/><E0/><V79/><F117/><W98/><G109/><T32/><D102/><U16/><E134/><V123/><F135/><W120/><G120/><T30/><D101/><U63/><E127/><V21/><F123/><W114/><G34/><T76/><D77/><U56/><E37/><V125/><F125/><W64/><G9/><T13/><D76/><U111/><E36/><V86/><F131/><W6/><G6/><T97/><D97/><U94/><E111/><V33/><F33/><W29/><G29/><T2/><D13/><N who="1" m="9231" /><E63/><V42/><F54/><W49/><G85/><T41/><D41/><U23/><E75/><V71/><F71/><W15/><G40/><T116/><D25/><U39/><E39/><V26/><F26/><W67/><AGARI ba="2,0" hai="15,19,22,49,51,64,66,67,98,103,105,112,113,114" machi="67" ten="40,3900,0" yaku="0,1,15,1" doraHai="88" who="3" fromWho="3" sc="4,-15,355,-15,294,-15,347,45" owari="-11,-51.0,340,14.0,279,-12.0,392,49.0" /></mjloggm>