<mjloggm ver="2.3"><GO type="169" lobby="0"/><UN n0="%E7%99%BD%E9%B9%BF%E6%84%9B%E8%8E%89" n1="%64%33%76%64%72" n2="%E5%B0%B1%E6%B4%BB%E7%94%9F%40%E5%B7%9D%E6%9D%91%E8%BB%8D%E5%9B%A3" n3="%4D%4B%5A" dan="18,18,19,16" rate="2158.30,2211.89,2350.12,2105.84" sx="F,M,M,M"/><TAIKYOKU oya="0"/><INIT seed="0,0,0,3,2,43" ten="250,250,250,250" oya="0" hai0="135,59,91,130,76,50,109,78,64,118,31,52,26" hai1="126,82,28,132,92,88,24,84,85,67,63,74,39" hai2="4,70,114,81,69,101,95,129,127,98,108,83,30" hai3="96,22,49,51,86,62,54,79,60,55,111,36,6"/><T1/><D118/><U71/><E132/><V37/><F114/><W80/><G36/><T75/><D1/><U123/><E126/><V121/><F121/><W23/><G111/><T47/><D135/><U87/><E123/><V38/><F108/><W29/><G6/><T9/><D109/><U133/><E133/><V8/><F127/><W32/><G32/><T13/><D130/><U68/><E39/><V102/><F30/><W100/><G51/><T73/><D91/><U10/><E10/><V134/><F134/><W34/><G34/><T58/><D75/><U57/><E74/><V11/><F98/><W120/><G120/><T46/><D59/><U115/><E115/><V110/><F110/><W99/><G99/><T122/><D122/><U15/><E15/><V48/><F48/><W45/><G55/><T42/><D64/><U124/><E124/><V77/><F95/><N who="3" m="58399" /><G23/><N who="0" m="15839" /><D73/><U33/><REACH who="1" step="1"/><E85/><REACH who="1" ten="250,240,250,250" step="2"/><V89/><F38/><W20/><G20/><T94/><D42/><U128/><E128/><V44/><F37/><W19/><G29/><T93/><D13/><AGARI ba="0,1" hai="13,19,22,45,49,54,60,62,79,80,86" m="58399" machi="13" ten="30,2000,0" yaku="8,1,52,1" doraHai="43" who="3" fromWho="0" sc="250,-20,240,0,250,0,250,30" /><INIT seed="1,0,0,4,3,100" ten="230,240,250,280" oya="1" hai0="66,61,80,98,109,60,6,20,111,57,26,90,70" hai1="27,112,12,24,22,129,131,127,68,31,55,108,34" hai2="99,53,128,58,78,71,106,25,102,2,107,114,69" hai3="95,43,7,123,0,33,85,59,84,103,101,132,73"/><U74/><E74/><V62/><F2/><W42/><G33/><T118/><D118/><U64/><E112/><V29/><F114/><W14/><G0/><T119/><D119/><U3/><E3/><V38/><F38/><W91/><G73/><T115/><D115/><U122/><E122/><V126/><F126/><W56/><G123/><T45/><D6/><U97/><E127/><V67/><F128/><W72/><G72/><T11/><D11/><U50/><E12/><V92/><F78/><W28/><G28/><T10/><D10/><U81/><E81/><V13/><F13/><W47/><G132/><T89/><D45/><U8/><E8/><V75/><F75/><W86/><G103/><T133/><D133/><U63/><E97/><V93/><F93/><W110/><G101/><T54/><D80/><U1/><E1/><V79/><F79/><W44/><G110/><N who="0" m="41995" /><D98/><U121/><E121/><V51/><REACH who="2" step="1"/><F69/><REACH who="2" ten="230,240,240,280" step="2"/><W52/><G14/><T134/><D134/><U88/><E108/><V76/><F76/><W5/><G5/><T82/><D82/><U124/><E124/><V17/><F17/><AGARI ba="0,1" hai="17,20,26,54,57,60,61,66,70,89,90" m="41995" machi="17" ten="30,1000,0" yaku="14,1" doraHai="100" who="0" fromWho="2" sc="230,20,240,0,240,-10,280,0" /><INIT seed="2,0,0,0,3,68" ten="250,240,230,280" oya="2" hai0="59,17,29,45,54,92,132,63,30,33,97,11,87" hai1="66,34,19,114,40,38,32,100,103,91,107,102,25" hai2="89,79,124,36,23,131,61,56,62,43,112,2,127" hai3="75,109,52,28,76,78,8,5,64,22,37,133,67"/><V135/><F2/><W108/><G133/><T3/><D132/><U44/><E114/><V27/><F135/><W134/><G134/><T53/><D33/><U42/><E107/><V57/><F112/><W126/><G28/><T85/><D3/><U0/><E0/><V48/><F79/><N who="3" m="30251" /><G22/><T119/><D119/><U96/><E66/><N who="3" m="25130" /><G75/><T123/><D123/><U128/><E128/><V6/><F6/><W7/><G126/><N who="2" m="48169" /><F89/><W105/><G105/><T86/><D17/><U90/><E90/><V70/><F70/><W13/><G52/><T80/><D80/><U18/><E42/><V15/><F15/><W113/><G113/><T95/><D11/><U111/><E111/><N who="3" m="42570" /><G37/><T104/><D104/><U1/><E1/><V125/><F131/><W121/><G121/><T26/><D26/><U72/><E72/><V71/><F71/><W49/><G49/><N who="0" m="28847" /><D92/><U12/><E25/><V84/><F125/><W93/><G93/><T88/><AGARI ba="0,0" hai="29,30,54,59,63,85,86,87,88,95,97" m="28847" machi="88" ten="30,2000,0" yaku="8,1,54,1" doraHai="68" who="0" fromWho="0" sc="250,20,240,-5,230,-10,280,-5" /><INIT seed="3,0,0,5,5,122" ten="270,235,220,275" oya="3" hai0="116,65,45,56,111,112,94,39,47,125,98,41,91" hai1="24,59,12,67,4,99,69,119,29,43,40,134,8" hai2="42,36,108,75,64,105,71,101,117,0,53,21,128" hai3="20,28,11,60,76,25,89,126,15,135,77,23,86"/><W110/><G126/><T114/><D116/><U3/><E119/><V83/><F53/><W16/><G135/><T13/><D125/><U87/><E134/><V17/><F21/><W51/><G110/><T106/><D106/><U90/><E69/><V52/><F17/><W73/><G73/><T115/><D111/><U85/><E3/><V55/><F0/><W79/><G60/><N who="0" m="38023" /><D47/><U9/><E9/><V121/><F101/><W100/><G100/><T104/><D104/><U38/><E38/><V72/><F83/><W84/><G51/><T118/><D118/><U48/><E99/><V19/><F105/><W31/><G86/><T129/><D129/><U63/><E48/><V18/><F108/><W50/><G50/><T14/><AGARI ba="0,0" hai="13,14,39,41,45,91,94,98,112,114,115" m="38023" machi="14" ten="40,1500,0" yaku="11,1" doraHai="122" who="0" fromWho="0" sc="270,15,235,-4,220,-4,275,-7" /><INIT seed="4,0,0,1,4,73" ten="285,231,216,268" oya="0" hai0="44,113,59,125,36,33,93,126,42,91,135,81,28" hai1="41,68,133,26,87,4,86,10,35,57,39,15,82" hai2="95,119,27,76,1,129,85,80,34,22,12,23,83" hai3="122,118,128,9,62,70,108,88,105,30,0,132,101"/><T3/><D3/><U78/><E68/><V84/><F1/><W31/><G31/><T17/><D135/><U8/><E133/><V75/><F129/><W19/><G19/><T2/><D2/><U112/><E112/><V48/><F119/><W89/><G89/><T63/><D113/><U46/><E57/><V100/><F48/><W96/><G88/><T107/><D107/><U5/><E26/><V92/><F34/><W38/><G30/><T47/><D47/><U52/><E52/><V90/><F100/><W16/><G16/><T72/><D17/><U32/><REACH who="1" step="1"/><E86/><REACH who="1" ten="285,221,216,268" step="2"/><V50/><F27/><W37/><G62/><T106/><D63/><U24/><E24/><V94/><F75/><W98/><G70/><T21/><D72/><U49/><E49/><V121/><F121/><W117/><G122/><T14/><D59/><U45/><E45/><V103/><F103/><N who="3" m="62695" /><G132/><T127/><D44/><U71/><E71/><V6/><F50/><W104/><G128/><T11/><D126/><U79/><E79/><V18/><REACH who="2" step="1"/><F6/><REACH who="2" ten="285,221,206,268" step="2"/><N who="3" m="1223" /><G108/><T53/><D127/><U102/><E102/><V51/><F51/><W120/><G120/><T25/><D125/><U56/><E56/><V131/><F131/><W61/><G61/><T110/><D25/><U115/><E115/><V114/><F114/><W124/><G124/><T66/><D33/><U40/><E40/><V116/><F116/><AGARI ba="0,2" hai="37,38,98,101,104,116,117,118" m="1223,62695" machi="116" ten="30,1000,0" yaku="23,1" doraHai="73" who="3" fromWho="2" sc="285,0,221,0,206,-10,268,30" /><INIT seed="5,0,0,1,1,58" ten="285,221,196,298" oya="1" hai0="35,125,128,28,33,9,70,96,17,2,51,86,108" hai1="45,36,105,79,85,109,19,38,133,11,73,3,122" hai2="31,98,87,7,25,24,72,92,90,67,103,32,66" hai3="78,56,44,124,126,91,59,88,43,15,127,123,41"/><U111/><E122/><V97/><F72/><W69/><G69/><T68/><D96/><U81/><E133/><V63/><F7/><W80/><G123/><T71/><D108/><N who="1" m="41547" /><E105/><V75/><F75/><N who="3" m="43103" /><G41/><T8/><D128/><U99/><E99/><V39/><F39/><N who="1" m="14889" /><E45/><V104/><F24/><W42/><G42/><T62/><D125/><U23/><E11/><V55/><F55/><W49/><G15/><T48/><D8/><U135/><E135/><V89/><F67/><W5/><G5/><T95/><D9/><U26/><E73/><V54/><F54/><W132/><G132/><T22/><D2/><AGARI ba="0,0" hai="2,3,19,23,26,79,81,85" m="14889,41547" machi="2" ten="30,1500,0" yaku="10,1" doraHai="58" who="1" fromWho="0" sc="285,-15,221,15,196,0,298,0" /><INIT seed="5,1,0,2,2,103" ten="270,236,196,298" oya="1" hai0="31,73,70,23,130,16,105,49,40,6,25,22,5" hai1="47,116,67,58,61,85,115,95,94,107,121,41,104" hai2="118,135,100,66,133,60,56,38,122,102,120,127,68" hai3="34,3,124,76,71,80,32,63,57,99,50,12,2"/><U54/><E121/><N who="2" m="46699" /><F102/><W26/><G71/><T46/><D73/><U89/><E116/><V125/><F100/><W52/><G124/><N who="2" m="47689" /><F118/><W106/><G106/><T132/><D130/><U30/><E115/><V134/><F38/><W8/><G99/><T28/><D132/><U96/><E30/><N who="0" m="11305" /><D70/><AGARI ba="1,0" hai="56,60,66,68,70,133,134,135" m="47689,46699" machi="70" ten="40,8000,1" yaku="20,1,18,1,34,2" doraHai="103" who="2" fromWho="0" sc="270,-83,236,0,196,83,298,0" /><INIT seed="6,0,0,2,2,1" ten="187,236,279,298" oya="2" hai0="30,53,43,127,27,95,70,22,20,6,94,76,74" hai1="24,21,9,33,64,114,133,65,32,12,107,80,123" hai2="108,132,90,100,45,118,124,57,122,8,18,78,38" hai3="113,69,59,91,55,86,75,92,36,68,60,67,49"/><V17/><F122/><W126/><G75/><T112/><D70/><U31/><E123/><V82/><F100/><W121/><G121/><T116/><D112/><U102/><E114/><V47/><F38/><W14/><G113/><T29/><D74/><U71/><E133/><V88/><F124/><W23/><G36/><T84/><D127/><U42/><E42/><V48/><F108/><W37/><G37/><T44/><D116/><U87/><E32/><V131/><F131/><W46/><G126/><T109/><D109/><U66/><E21/><V13/><F132/><W4/><G69/><T125/><D125/><U61/><E102/><V117/><F18/><N who="3" m="10711" /><G68/><T79/><D43/><U77/><REACH who="1" step="1"/><E107/><REACH who="1" ten="187,226,279,298" step="2"/><V72/><F117/><W93/><G93/><T111/><D111/><U40/><E40/><V85/><F118/><W96/><G96/><T51/><D95/><U97/><E97/><V41/><F72/><W120/><G120/><T19/><D30/><U7/><AGARI ba="0,1" hai="7,9,12,24,31,33,61,64,65,66,71,77,80,87" machi="7" ten="20,5200,0" yaku="1,1,0,1,7,1,52,1,53,0" doraHai="1" doraHaiUra="130" who="1" fromWho="1" sc="187,-13,226,62,279,-26,298,-13" /><INIT seed="7,0,0,0,3,93" ten="174,288,253,285" oya="3" hai0="52,5,109,14,29,32,65,44,66,58,9,46,95" hai1="108,97,12,16,92,105,30,27,6,112,80,70,41" hai2="100,79,82,74,122,119,10,114,0,3,87,81,130" hai3="53,89,71,64,111,7,67,134,34,25,69,59,115"/><W19/><G111/><T106/><D106/><U102/><E108/><V20/><F119/><W132/><G115/><T103/><D109/><U31/><E112/><V88/><F114/><W28/><G7/><T37/><D32/><U124/><E70/><N who="3" m="26634" /><G89/><T40/><D29/><U4/><E105/><V76/><F130/><W45/><G19/><T1/><D1/><U120/><E120/><V86/><F122/><W83/><G83/><T23/><D23/><N who="1" m="11655" /><E124/><V72/><F20/><W48/><G34/><T24/><D24/><U18/><E80/><V110/><F110/><W90/><G90/><T17/><D5/><N who="1" m="2155" /><E41/><V42/><F42/><N who="3" m="24631" /><G25/><T98/><REACH who="0" step="1"/><D46/><REACH who="0" ten="164,288,253,285" step="2"/><U99/><E30/><V63/><F3/><W8/><G28/><T15/><D15/><U121/><E31/><V78/><F0/><W73/><G8/><T128/><D128/><U21/><E121/><V125/><F10/><W96/><G73/><T127/><D127/><U85/><E27/><V107/><F125/><W84/><G84/><T62/><AGARI ba="0,1" hai="9,14,17,37,40,44,52,58,62,65,66,95,98,103" machi="62" ten="20,8000,1" yaku="1,1,0,1,7,1,52,1,54,1,53,0" doraHai="93" doraHaiUra="123" who="0" fromWho="0" sc="164,90,288,-20,253,-20,285,-40" /><INIT seed="8,0,0,5,5,55" ten="254,268,233,245" oya="0" hai0="62,71,74,88,20,41,2,81,50,107,119,75,52" hai1="22,126,40,80,65,12,100,34,72,76,23,112,11" hai2="42,121,131,99,104,58,32,44,133,66,68,85,97" hai3="87,27,110,13,98,90,70,3,37,134,64,48,10"/><T84/><D119/><U59/><E34/><V45/><F121/><W82/><G37/><T36/><D2/><U129/><E129/><V78/><F68/><W132/><G3/><T127/><D107/><U19/><E126/><V130/><F32/><W124/><G110/><T102/><D102/><U56/><E112/><V86/><F133/><N who="3" m="51307" /><G64/><N who="0" m="41367" /><D20/><N who="1" m="7723" /><E72/><V63/><F104/><W108/><G70/><T16/><D16/><U49/><E100/><V46/><F42/><W118/><G108/><T101/><D101/><U57/><E76/><V6/><F6/><W109/><G109/><T105/><D105/><U114/><E80/><N who="2" m="47255" /><F86/><W116/><G124/><T128/><D128/><AGARI ba="0,0" hai="44,45,46,58,63,66,97,99,128,130,131" m="47255" machi="128" ten="30,2000,0" yaku="19,1,52,1" doraHai="55" who="2" fromWho="0" sc="254,-20,268,0,233,20,245,0" /><INIT seed="9,0,0,3,5,11" ten="234,268,253,245" oya="1" hai0="65,123,94,19,90,73,2,10,110,28,93,50,25" hai1="24,120,74,131,134,88,109,77,51,121,32,38,14" hai2="31,115,66,49,96,41,71,76,97,64,118,100,22" hai3="57,75,80,116,21,67,91,15,26,126,17,63,53"/><U45/><E38/><V52/><F118/><W54/><G126/><T84/><D110/><U3/><E3/><V87/><F71/><W83/><G116/><T44/><D73/><U127/><E127/><V12/><F41/><W18/><G75/><T78/><D123/><U69/><E69/><V29/><F76/><W95/><G83/><T103/><D78/><U34/><E109/><V89/><F31/><W23/><REACH who="3" step="1"/><G80/><REACH who="3" ten="234,268,253,235" step="2"/><T117/><D117/><U111/><E111/><V9/><F115/><W124/><G124/><T125/><D125/><U102/><E74/><V62/><F66/><W133/><G133/><T129/><D65/><U61/><E134/><V37/><F64/><W68/><G68/><T86/><D129/><U20/><E131/><V132/><F132/><W98/><AGARI ba="0,1" hai="15,17,18,21,23,26,53,54,57,63,67,91,95,98" machi="98" ten="20,8000,1" yaku="1,1,0,1,7,1,8,1,52,1,53,0" doraHai="11" doraHaiUra="35" who="3" fromWho="3" sc="234,-20,268,-40,253,-20,235,90" owari="214,-29.0,228,-17.0,233,3.0,325,43.0" /></mjloggm>