<mjloggm ver="2.3"><GO type="169" lobby="0"/><UN n0="%E5%92%B2%E7%95%91%E6%A2%A8%E6%B7%B1" n1="%E3%83%AA%E3%83%81%E3%83%A3%21%21" n2="%E3%82%A6%E3%83%AB%E3%83%88%E3%83%A9%E7%AB%8B%E7%9B%B4" n3="%E6%97%A5%E6%9B%9C%E6%97%A5%E3%82%88%E3%82%8A%E3%81%AE%E4%BD%BF%E8%80%85" dan="16,17,17,18" rate="2159.85,2206.45,2166.29,2220.67" sx="F,M,M,M"/><TAIKYOKU oya="0"/><INIT seed="0,0,0,0,2,46" ten="250,250,250,250" oya="0" hai0="105,47,13,129,120,28,100,77,33,99,65,115,124" hai1="79,102,14,97,62,4,76,104,78,135,101,125,113" hai2="58,68,74,119,36,71,122,84,53,12,103,75,25" hai3="39,96,87,22,27,83,95,48,63,29,37,132,55"/><T49/><D120/><U56/><E113/><V91/><F36/><W94/><G63/><T40/><D129/><U85/><E135/><V73/><F122/><W109/><G109/><T72/><D124/><U51/><E125/><V67/><F119/><W70/><G70/><T21/><D33/><U121/><E121/><V2/><F2/><W86/><G132/><T11/><D65/><U57/><E102/><V88/><F103/><W38/><G96/><T82/><D115/><U69/><E85/><V61/><F25/><W133/><G133/><T134/><D134/><U117/><E117/><V0/><F0/><W127/><G127/><T16/><REACH who="0" step="1"/><D28/><REACH who="0" ten="240,250,250,250" step="2"/><U106/><E69/><V30/><F30/><W123/><G123/><T114/><D114/><U31/><E31/><V66/><F71/><W130/><G130/><T116/><D116/><U34/><E34/><V5/><F68/><W52/><G55/><T9/><AGARI ba="0,1" hai="9,11,13,16,21,40,47,49,72,77,82,99,100,105" machi="9" ten="30,18000,2" yaku="1,1,0,1,52,1,54,1,53,2" doraHai="46" doraHaiUra="6" who="0" fromWho="0" sc="240,190,250,-60,250,-60,250,-60" /><INIT seed="0,1,0,5,4,108" ten="430,190,190,190" oya="0" hai0="12,32,71,98,118,49,127,22,7,34,18,57,31" hai1="10,67,3,113,62,60,53,123,65,94,107,5,125" hai2="37,28,45,43,124,135,90,2,9,56,51,38,29" hai3="100,112,42,50,24,93,39,69,41,101,89,55,133"/><T88/><D118/><U36/><E107/><V97/><F124/><W6/><G69/><T11/><D71/><U33/><E123/><V95/><F135/><W64/><G64/><T0/><D127/><U30/><E125/><V128/><F128/><W86/><G112/><T131/><D131/><U129/><E36/><V16/><F2/><W59/><G133/><T27/><D57/><U14/><E129/><V44/><F56/><W134/><G134/><T120/><D49/><U111/><E111/><V47/><F47/><W54/><G6/><T83/><D120/><U78/><E78/><V82/><F82/><W20/><G55/><T92/><REACH who="0" step="1"/><D83/><REACH who="0" ten="420,190,190,190" step="2"/><U70/><E70/><V66/><F38/><W102/><REACH who="3" step="1"/><G39/><REACH who="3" ten="420,190,190,180" step="2"/><T79/><D79/><U81/><E65/><V68/><F66/><W46/><G46/><T96/><D96/><U130/><E67/><V75/><F68/><W1/><G1/><T72/><D72/><U85/><E3/><V117/><F75/><W13/><G13/><T103/><D103/><U48/><E14/><N who="2" m="7247" /><F117/><W119/><G119/><T121/><D121/><U110/><E110/><V63/><F37/><W26/><G26/><T61/><D61/><U87/><E62/><V74/><F74/><W116/><G116/><T91/><D91/><U114/><E60/><V104/><F63/><W105/><G105/><T122/><D122/><U4/><E130/><V40/><F104/><W106/><G106/><T19/><D19/><AGARI ba="1,2" hai="19,20,24,41,42,50,54,59,86,89,93,100,101,102" machi="19" ten="40,2600,0" yaku="1,1,8,1,53,0" doraHai="108" doraHaiUra="76" who="3" fromWho="0" sc="420,-29,190,0,190,0,180,49" /><INIT seed="1,0,0,3,1,33" ten="391,190,190,229" oya="1" hai0="54,61,112,132,119,49,2,69,50,27,92,117,118" hai1="30,62,73,48,80,19,106,66,76,5,46,130,71" hai2="94,64,125,57,102,51,87,1,24,93,96,77,91" hai3="120,17,39,59,82,89,41,31,72,11,32,16,13"/><U23/><E130/><V95/><F125/><W123/><G41/><T34/><D112/><U12/><E106/><V108/><F108/><W131/><G39/><T78/><D132/><U121/><E121/><V45/><F1/><W129/><G59/><T105/><D105/><U37/><E30/><V21/><F77/><W10/><G72/><T52/><D78/><U8/><E37/><V75/><F75/><W114/><G82/><T135/><D135/><U18/><REACH who="1" step="1"/><E23/><REACH who="1" ten="391,180,190,229" step="2"/><V116/><F116/><W55/><G31/><N who="0" m="19839" /><D119/><U83/><E83/><V126/><F126/><W88/><G123/><T101/><D118/><U26/><E26/><V3/><F24/><W127/><G120/><T103/><D117/><U97/><E97/><V38/><F21/><W4/><G127/><T70/><D92/><U40/><AGARI ba="0,1" hai="5,8,12,18,19,40,46,48,62,66,71,73,76,80" machi="40" ten="20,7800,0" yaku="1,1,0,1,7,1,53,1" doraHai="33" doraHaiUra="9" who="1" fromWho="1" sc="391,-26,180,88,190,-26,229,-26" /><INIT seed="1,1,0,3,2,124" ten="365,268,164,203" oya="1" hai0="9,129,36,68,122,130,73,113,87,60,105,80,22" hai1="53,111,15,131,91,43,126,66,21,61,84,76,94" hai2="133,37,34,2,71,95,51,50,100,40,67,42,116" hai3="110,128,114,17,89,115,5,125,119,104,4,90,3"/><U123/><E123/><V46/><F95/><W31/><G104/><T65/><D122/><U20/><E126/><V85/><F85/><W1/><G125/><T10/><D113/><U19/><E111/><V93/><F93/><W96/><G96/><T29/><D105/><U64/><E43/><N who="2" m="22895" /><F100/><W97/><G97/><T33/><D36/><U112/><E112/><V52/><F34/><W24/><G110/><T55/><D33/><U118/><E118/><V25/><F25/><W88/><G119/><T39/><D39/><U27/><E76/><V26/><F26/><W30/><G24/><N who="0" m="16535" /><D55/><U78/><E78/><V134/><F2/><W132/><G90/><N who="0" m="51559" /><D73/><U69/><E53/><V59/><F116/><W57/><G57/><T58/><D58/><U0/><E66/><V49/><F134/><W48/><G132/><T11/><D9/><U75/><E75/><V35/><F35/><W99/><G99/><T108/><D10/><U121/><E0/><V6/><F6/><W28/><G28/><T127/><D11/><U135/><E135/><V109/><F109/><W47/><G1/><T14/><D108/><U98/><E121/><V77/><F77/><W120/><G3/><T16/><D127/><U70/><E70/><V79/><F79/><W117/><G120/><T13/><D16/><N who="1" m="12711" /><E98/><V12/><F133/><W92/><G117/><T32/><D32/><U63/><E63/><N who="2" m="40447" /><F12/><W44/><G17/><T101/><D101/><U102/><E102/><V45/><F40/><W72/><G72/><T62/><D13/><U106/><E106/><V86/><F86/><W7/><G7/><RYUUKYOKU ba="1,0" sc="365,-15,268,15,164,15,203,-15" hai1="15,19,20,61,64,69,84,91,94,131" hai2="42,45,49,50,51,52,59" /><INIT seed="1,2,0,0,3,110" ten="350,283,179,188" oya="1" hai0="68,44,28,124,118,51,117,105,50,0,32,22,61" hai1="94,123,19,30,81,99,64,3,18,9,130,87,10" hai2="74,31,49,104,37,83,53,84,90,131,2,132,108" hai3="4,59,134,43,96,129,15,113,8,54,62,79,97"/><U82/><E123/><V57/><F2/><W40/><G113/><T48/><D124/><U85/><E130/><V21/><F131/><W69/><G129/><T115/><D115/><U35/><E64/><V75/><F108/><W20/><G134/><T73/><D0/><U34/><E3/><V63/><F37/><W102/><G69/><T135/><D73/><U127/><E30/><V5/><F104/><W100/><G79/><T66/><D22/><U36/><E94/><V17/><F132/><W77/><G77/><T60/><D60/><U72/><E99/><N who="3" m="37962" /><G20/><T7/><D7/><U26/><E26/><V109/><F109/><W107/><G107/><T33/><D105/><U125/><REACH who="1" step="1"/><E36/><REACH who="1" ten="350,273,179,188" step="2"/><V42/><F31/><W70/><G70/><T120/><D120/><U47/><E47/><V56/><F56/><W55/><G55/><T45/><D28/><U24/><E24/><V86/><F57/><W23/><G23/><T16/><D135/><U12/><E12/><V13/><F21/><W98/><N who="3" m="37970" /><W39/><DORA hai="67" /><G39/><T133/><D133/><U128/><E128/><V103/><F53/><W101/><AGARI ba="2,1" hai="4,8,15,40,43,54,59,62,100,101,102" m="37970" machi="101" ten="40,1500,0" yaku="8,1" doraHai="110,67" who="3" fromWho="3" sc="350,-6,273,-9,179,-6,188,31" /><INIT seed="2,0,0,5,5,85" ten="344,264,173,219" oya="2" hai0="118,12,17,132,111,123,88,58,87,7,113,53,52" hai1="5,32,3,86,96,73,101,28,13,68,84,91,0" hai2="42,11,62,47,115,64,99,114,135,65,83,50,81" hai3="108,106,15,105,61,104,30,33,128,74,41,6,129"/><V57/><F135/><W71/><G74/><T1/><D123/><U80/><E68/><V130/><F130/><N who="3" m="50283" /><G108/><T46/><D113/><U79/><E84/><V100/><F114/><W26/><G41/><T4/><D111/><U31/><E13/><V98/><F115/><W125/><G125/><T93/><D132/><U124/><E124/><V39/><F39/><W66/><G15/><T25/><D25/><U59/><E59/><V126/><F126/><W134/><G6/><T95/><D1/><U70/><E70/><V120/><F120/><W8/><G8/><N who="0" m="6279" /><D118/><U21/><E32/><V56/><F11/><W34/><G34/><T54/><D46/><U60/><E60/><V63/><REACH who="2" step="1"/><F99/><REACH who="2" ten="344,264,163,219" step="2"/><W117/><G134/><T107/><D107/><AGARI ba="0,1" hai="42,47,50,56,57,62,63,64,65,81,83,98,100,107" machi="107" ten="30,11600,0" yaku="1,1,2,1,7,1,9,1,53,0" doraHai="85" doraHaiUra="20" who="2" fromWho="0" sc="344,-116,264,0,163,126,219,0" /><INIT seed="2,1,0,2,5,109" ten="228,264,289,219" oya="2" hai0="86,26,54,99,90,73,103,57,101,49,20,119,126" hai1="135,117,129,116,89,2,84,75,11,93,30,63,23" hai2="14,72,53,70,18,102,22,115,94,66,114,121,39" hai3="24,106,56,7,4,32,79,110,44,3,120,65,132"/><V27/><F121/><W134/><G120/><T91/><D73/><U35/><E75/><V48/><F39/><W69/><G56/><T0/><D0/><U68/><E35/><V19/><F72/><W98/><G79/><T111/><D111/><U16/><E30/><V87/><F66/><W37/><G110/><T50/><D126/><U83/><E129/><V29/><F70/><W82/><G82/><T96/><D119/><U123/><E123/><V33/><F19/><W21/><G3/><T42/><D42/><U17/><E135/><N who="3" m="51754" /><G32/><T107/><D50/><U127/><E127/><V31/><F31/><N who="3" m="17807" /><G65/><T5/><D5/><N who="3" m="2121" /><G69/><T71/><D71/><U51/><E2/><V59/><F102/><N who="3" m="62807" /><G44/><T74/><D74/><U128/><E128/><V25/><F25/><W113/><G37/><T60/><D49/><U104/><E104/><V52/><F53/><W130/><G130/><T78/><D78/><U105/><E105/><V45/><F45/><W92/><G92/><N who="0" m="56351" /><D107/><U41/><E83/><V85/><F85/><W34/><G34/><T64/><D64/><N who="1" m="40991" /><E11/><V10/><F10/><W133/><N who="3" m="51762" /><W61/><DORA hai="55" /><G61/><T12/><D99/><U108/><E108/><V6/><F6/><W40/><G40/><T80/><D12/><N who="1" m="9607" /><E17/><AGARI ba="1,0" hai="17,20,26,54,57,60,80,86,90,101,103" m="56351" machi="17" ten="30,3900,0" yaku="25,1,8,1,52,1" doraHai="109,55" who="0" fromWho="1" sc="228,42,264,-42,289,0,219,0" /><INIT seed="3,0,0,3,2,35" ten="270,222,289,219" oya="3" hai0="115,1,17,86,85,3,78,60,37,104,53,109,7" hai1="76,40,79,101,75,64,63,66,55,123,32,48,133" hai2="81,102,19,106,67,33,95,16,26,112,25,70,0" hai3="127,42,68,36,5,72,24,11,126,43,88,100,61"/><W73/><G100/><T134/><D37/><U111/><E32/><V6/><F95/><W56/><G68/><T31/><D104/><U91/><E123/><V71/><F81/><W135/><G135/><T122/><D122/><U132/><E111/><V2/><F6/><W12/><G24/><T97/><D7/><U121/><E40/><N who="3" m="15402" /><G36/><T10/><D31/><U8/><E121/><V62/><F71/><W69/><G69/><T94/><D109/><U46/><E101/><V82/><F82/><W52/><G88/><T34/><D34/><U129/><E129/><V131/><F131/><W21/><G21/><T77/><D115/><U39/><E39/><V99/><F112/><W89/><G89/><T50/><D60/><U15/><E91/><V14/><F26/><W58/><G56/><T84/><D134/><N who="1" m="51819" /><E75/><V114/><F114/><W87/><G87/><T51/><D85/><U22/><E22/><N who="2" m="11543" /><F19/><W9/><G11/><T103/><D10/><U105/><E105/><V98/><F98/><W117/><G117/><T92/><D97/><U30/><E30/><AGARI ba="0,0" hai="0,2,25,30,33,62,67,70,99,102,106" m="11543" machi="30" ten="30,7700,0" yaku="25,1,52,2,54,1" doraHai="35" who="2" fromWho="1" sc="270,0,222,-77,289,77,219,0" /><INIT seed="4,0,0,4,0,120" ten="270,145,366,219" oya="0" hai0="101,43,41,36,128,110,105,93,135,122,130,78,65" hai1="4,113,19,55,133,29,124,56,83,40,13,89,0" hai2="45,1,126,21,108,103,116,33,61,62,72,39,86" hai3="66,12,46,114,64,88,54,16,32,80,27,59,71"/><T115/><D122/><U107/><E107/><V99/><F33/><W74/><G114/><T81/><D115/><U47/><E113/><V84/><F72/><W67/><G71/><T73/><D135/><U125/><E133/><V57/><F1/><W94/><G46/><N who="0" m="23847" /><D43/><U63/><E29/><V25/><F39/><W38/><G38/><T18/><D18/><U121/><E121/><V52/><F126/><W77/><G27/><T134/><D134/><U22/><E0/><V100/><F116/><W31/><G31/><T104/><D65/><U76/><E4/><V2/><F2/><W35/><G54/><T48/><D48/><U109/><E89/><V24/><F45/><W127/><G59/><T17/><D17/><U69/><E69/><V28/><F25/><W96/><REACH who="3" step="1"/><G127/><REACH who="3" ten="270,145,366,209" step="2"/><T119/><D119/><U117/><E117/><V112/><F57/><W92/><G92/><T11/><D93/><U34/><E124/><V85/><F52/><W91/><G91/><T97/><D104/><U90/><E125/><V129/><F112/><W106/><G106/><T9/><D105/><U50/><E90/><V3/><F24/><W58/><G58/><T10/><D101/><U14/><E34/><V87/><F100/><W7/><G7/><T118/><D118/><U53/><E109/><V51/><F103/><W49/><G49/><T30/><D110/><U102/><E102/><V132/><F108/><W131/><G131/><N who="0" m="50219" /><D30/><U37/><E37/><V42/><F129/><W20/><AGARI ba="0,1" hai="12,16,20,32,35,64,66,67,74,77,80,88,94,96" machi="20" ten="30,8000,1" yaku="1,1,0,1,54,2,53,1" doraHai="120" doraHaiUra="15" who="3" fromWho="3" sc="270,-40,145,-20,366,-20,209,90" /><INIT seed="5,0,0,4,1,105" ten="230,125,346,299" oya="1" hai0="2,47,39,130,22,73,94,52,109,89,15,18,61" hai1="7,81,45,66,68,34,40,98,133,10,101,128,113" hai2="12,42,54,8,112,110,49,19,4,20,25,135,27" hai3="37,5,67,69,126,6,84,119,16,125,36,75,28"/><U121/><E121/><V59/><F110/><W129/><G28/><T46/><D109/><U32/><E113/><V29/><F112/><W92/><G129/><T120/><D130/><U63/><E128/><V83/><F135/><W90/><G119/><T33/><D120/><U79/><E133/><V23/><F83/><W14/><G75/><T51/><D33/><U13/><E98/><V118/><REACH who="2" step="1"/><F42/><REACH who="2" ten="230,125,336,299" step="2"/><W99/><G126/><T48/><D39/><U85/><REACH who="1" step="1"/><E101/><REACH who="1" ten="230,115,336,299" step="2"/><V122/><F122/><W100/><G125/><T70/><D89/><U35/><E35/><V127/><F127/><W103/><G103/><T56/><D70/><U57/><E57/><V91/><F91/><W3/><G69/><T0/><D56/><U114/><E114/><V65/><F65/><W97/><G67/><T74/><D47/><U108/><E108/><V107/><F107/><W86/><G100/><T115/><D46/><U111/><E111/><V53/><F53/><W87/><G90/><T62/><D52/><U131/><E131/><V58/><F58/><W77/><G97/><T9/><D115/><U117/><E117/><AGARI ba="0,2" hai="4,8,12,19,20,23,25,27,29,49,54,59,117,118" machi="117" ten="40,1300,0" yaku="1,1,53,0" doraHai="105" doraHaiUra="93" who="2" fromWho="1" sc="230,0,115,-13,336,33,299,0" /><INIT seed="6,0,0,2,5,28" ten="230,102,369,299" oya="2" hai0="30,10,7,36,121,43,81,47,64,124,53,112,108" hai1="100,77,102,111,113,31,19,88,84,75,50,125,130" hai2="15,95,109,8,3,68,98,32,27,59,57,76,126" hai3="101,85,132,118,131,80,45,135,133,91,71,23,13"/><V94/><F68/><W54/><G71/><T40/><D108/><U115/><E19/><V72/><F3/><W22/><G118/><T107/><D121/><U105/><E31/><V37/><F37/><W41/><G131/><T58/><D112/><N who="1" m="43083" /><E50/><V63/><F109/><W67/><G67/><T55/><D30/><U38/><E38/><V18/><F126/><W48/><G101/><N who="1" m="39018" /><E111/><V49/><F72/><W17/><REACH who="3" step="1"/><G41/><REACH who="3" ten="230,102,369,289" step="2"/><T89/><D40/><U69/><E69/><V51/><F59/><W119/><G119/><T2/><D58/><U60/><E60/><V70/><F70/><W90/><G90/><T14/><D64/><U33/><E130/><V52/><F63/><W87/><G87/><T4/><D43/><U62/><E62/><V35/><F57/><W25/><G25/><T97/><D47/><U128/><E128/><V134/><F27/><W106/><G106/><T110/><D107/><U83/><E105/><V129/><F129/><W46/><G46/><T12/><D110/><U24/><E125/><V6/><F134/><W29/><G29/><T66/><D124/><U11/><E24/><V39/><F51/><W117/><G117/><T26/><D66/><U56/><E56/><V86/><F49/><W0/><G0/><T96/><D26/><U1/><E33/><V99/><F35/><W122/><G122/><T103/><D2/><U114/><N who="1" m="43091" /><U116/><DORA hai="16" /><E116/><V42/><F32/><W92/><G92/><T127/><D36/><U93/><E1/><V5/><F42/><W123/><G123/><T21/><D127/><U104/><E104/><RYUUKYOKU ba="0,1" sc="230,-15,102,15,369,-15,289,15" hai1="11,75,77,83,84,88,93" hai3="13,17,22,23,45,48,54,80,85,91,132,133,135" /><INIT seed="7,1,1,5,0,89" ten="215,117,354,304" oya="3" hai0="131,107,67,28,117,114,73,88,86,94,26,45,87" hai1="2,46,81,123,83,14,126,23,11,97,105,13,19" hai2="4,10,78,103,84,37,121,77,1,60,48,6,56" hai3="119,61,129,74,106,85,102,110,79,17,12,59,3"/><W5/><G119/><T16/><D117/><U100/><E2/><V134/><F37/><W135/><G74/><T72/><D131/><U32/><E123/><V63/><F103/><W127/><G129/><T90/><D107/><U115/><E32/><V71/><F71/><W113/><G113/><T128/><D128/><U93/><E115/><V27/><F1/><W96/><G127/><T109/><D109/><U25/><E126/><V69/><F69/><W112/><G112/><T57/><D45/><U21/><E105/><V65/><F134/><W42/><G110/><T39/><D39/><U15/><E46/><V70/><F70/><W51/><G135/><T44/><D44/><U24/><REACH who="1" step="1"/><E11/><REACH who="1" ten="215,107,354,304" step="2"/><V82/><F10/><W99/><G3/><T22/><D114/><U76/><E76/><V124/><F78/><W125/><G125/><T20/><D20/><U31/><AGARI ba="1,2" hai="13,14,15,19,21,23,24,25,31,81,83,93,97,100" machi="31" ten="30,8000,1" yaku="1,1,0,1,8,1,52,1,53,1" doraHai="89" doraHaiUra="92" who="1" fromWho="1" sc="215,-21,107,103,354,-21,304,-41" owari="194,-31.0,210,-19.0,333,44.0,263,6.0" /></mjloggm>