<mjloggm ver="2.3"><GO type="169" lobby="0"/><UN n0="%6B%6F%77%61%6E%6F" n1="%E3%82%A6%E3%83%AB%E3%83%88%E3%83%A9%E7%AB%8B%E7%9B%B4" n2="%E3%83%89%E3%83%A9%E3%83%AD%E3%83%B3%E3%83%80%E3%82%A4%E3%83%B4" n3="%E3%81%92%E3%82%8A%E3%81%92%E3%82%8A%E2%98%86%E3%82%B2%E3%83%AA%E3%83%BC" dan="16,18,17,16" rate="2037.93,2206.81,2116.21,2079.94" sx="M,M,M,M"/><TAIKYOKU oya="0"/><INIT seed="0,0,0,4,5,65" ten="250,250,250,250" oya="0" hai0="89,81,67,84,115,16,23,18,104,44,38,99,50" hai1="106,2,77,118,13,121,24,109,80,96,130,103,97" hai2="1,88,134,58,61,17,34,55,20,59,92,45,8" hai3="57,63,69,112,15,60,9,62,35,4,114,90,93"/><T51/><D115/><U68/><E118/><V111/><F111/><W0/><G35/><T48/><D67/><U133/><E121/><V125/><F125/><W85/><G0/><T132/><D132/><U128/><E2/><V53/><F134/><W64/><REACH who="3" step="1"/><G62/><REACH who="3" ten="250,250,250,240" step="2"/><T94/><D104/><U26/><E133/><V83/><F34/><W87/><G87/><T27/><D38/><U30/><E106/><V73/><F1/><W39/><G39/><T12/><D44/><U46/><E46/><V127/><F127/><W22/><G22/><T36/><D36/><U126/><E126/><V10/><F45/><W78/><G78/><T131/><D131/><U11/><E77/><V21/><F73/><W102/><G102/><T47/><D47/><U25/><E103/><V43/><F43/><W107/><G107/><T41/><D41/><U56/><E130/><V66/><F21/><W124/><G124/><T14/><REACH who="0" step="1"/><D18/><REACH who="0" ten="240,250,250,240" step="2"/><U74/><E128/><V110/><F17/><W37/><G37/><T29/><D29/><U49/><E30/><V91/><F55/><AGARI ba="0,2" hai="4,9,15,55,57,60,63,64,69,85,90,93,112,114" machi="55" ten="30,3900,0" yaku="1,1,7,1,52,1,53,0" doraHai="65" doraHaiUra="116" who="3" fromWho="2" sc="240,0,250,0,250,-39,240,59" /><INIT seed="1,0,0,1,3,2" ten="240,250,211,299" oya="1" hai0="123,44,67,43,57,63,69,49,0,31,86,131,19" hai1="61,75,58,13,99,111,46,78,14,117,79,48,114" hai2="10,121,127,108,76,42,115,22,3,32,81,21,73" hai3="27,109,71,85,37,30,24,1,125,11,41,72,82"/><U130/><E114/><V87/><F32/><W102/><G71/><T9/><D131/><U122/><E117/><V20/><F121/><W128/><G109/><T70/><D123/><U12/><E122/><V84/><F108/><W53/><G128/><T36/><D31/><U64/><E130/><V133/><F133/><W59/><G102/><T65/><D86/><U77/><E111/><V132/><F132/><W55/><G125/><T90/><D90/><U88/><E75/><V126/><F115/><W40/><G27/><T110/><D110/><U45/><REACH who="1" step="1"/><E48/><REACH who="1" ten="240,240,211,299" step="2"/><V98/><F127/><W50/><G72/><T129/><D129/><U83/><E83/><V68/><F126/><W54/><G37/><T124/><D124/><U104/><E104/><V35/><F73/><W39/><G39/><T134/><D134/><U47/><E47/><V25/><F81/><W92/><G82/><T16/><D36/><U29/><E29/><V18/><F76/><W28/><G28/><T94/><D94/><AGARI ba="0,1" hai="12,13,14,45,46,58,61,64,77,78,79,88,94,99" machi="94" ten="40,7700,0" yaku="1,1,8,1,54,1,53,0" doraHai="2" doraHaiUra="103" who="1" fromWho="0" sc="240,-77,240,87,211,0,299,0" /><INIT seed="1,1,0,1,3,52" ten="163,327,211,299" oya="1" hai0="84,62,19,123,119,98,69,130,57,43,31,127,30" hai1="87,17,2,56,63,66,71,107,22,42,79,44,53" hai2="117,54,134,8,91,92,6,104,36,61,70,15,135" hai3="89,45,67,68,4,24,27,38,21,18,32,85,83"/><U122/><E2/><V74/><F104/><W129/><G129/><T118/><D69/><U99/><E122/><V75/><F36/><W60/><G4/><T93/><D123/><U58/><E79/><V124/><F124/><W102/><G102/><T39/><D127/><U41/><E87/><V64/><F54/><W11/><G11/><T73/><D73/><U13/><E53/><V128/><F128/><W81/><G38/><T77/><D130/><U3/><E3/><V95/><F95/><W65/><G65/><T20/><D39/><U126/><E126/><V120/><F117/><W51/><G32/><T96/><D43/><U1/><E1/><V125/><F125/><W34/><G34/><T14/><D118/><U90/><E42/><V131/><F131/><W23/><G81/><N who="0" m="47151" /><D119/><U113/><E113/><V115/><F115/><W116/><G116/><T40/><D40/><U101/><REACH who="1" step="1"/><E90/><REACH who="1" ten="163,317,211,299" step="2"/><V49/><F120/><W72/><G72/><T10/><D98/><U109/><E109/><V114/><F114/><W37/><G37/><AGARI ba="1,1" hai="13,17,22,37,41,44,56,58,63,66,71,99,101,107" machi="37" ten="30,11600,0" yaku="1,1,7,1,52,2,53,0" doraHai="52" doraHaiUra="46" who="1" fromWho="3" sc="163,0,317,129,211,0,299,-119" /><INIT seed="1,2,0,0,0,32" ten="163,446,211,180" oya="1" hai0="22,84,78,27,113,49,82,62,36,70,26,83,17" hai1="81,25,33,99,68,72,48,54,128,15,107,23,42" hai2="64,88,50,94,53,43,19,118,96,12,76,2,58" hai3="4,10,35,71,109,5,127,126,90,37,28,45,63"/><U8/><E68/><V89/><F118/><W111/><G90/><T16/><D36/><U74/><E33/><V51/><F64/><N who="3" m="41375" /><G28/><T108/><D113/><U46/><E128/><V73/><F2/><N who="3" m="279" /><G35/><T29/><D108/><N who="3" m="41545" /><G5/><T134/><D134/><U80/><E15/><V13/><F89/><W40/><AGARI ba="2,0" hai="37,40,45,126,127" m="41545,279,41375" machi="40" ten="30,4000,0" yaku="14,1,23,1,52,1" doraHai="32" who="3" fromWho="3" sc="163,-12,446,-22,211,-12,180,46" /><INIT seed="2,0,0,4,1,68" ten="151,424,199,226" oya="2" hai0="22,112,25,23,129,126,65,119,96,40,122,83,52" hai1="39,67,61,76,59,8,3,21,105,30,50,47,54" hai2="6,29,85,9,110,32,19,33,95,100,53,131,127" hai3="132,75,62,17,49,113,86,13,31,77,0,28,82"/><V78/><F19/><W37/><G37/><T120/><D112/><U91/><E105/><V36/><F36/><W104/><G0/><T99/><D129/><U130/><E130/><V44/><F131/><W97/><G132/><T14/><D126/><U45/><E76/><V26/><F127/><W84/><G113/><T118/><D65/><U87/><E8/><V94/><F33/><W64/><G49/><T16/><D40/><U42/><E3/><V93/><F110/><W56/><G104/><T106/><D83/><U102/><E102/><V41/><F41/><W80/><G97/><T123/><D52/><U109/><E109/><V34/><F34/><W101/><G101/><T107/><D107/><U10/><E10/><V7/><F100/><W43/><G43/><T88/><D106/><U70/><E21/><N who="2" m="15567" /><F9/><W71/><G71/><T69/><D69/><U55/><E30/><V35/><F35/><W134/><G134/><T11/><D23/><U60/><E91/><V90/><F78/><N who="3" m="46167" /><G75/><T4/><REACH who="0" step="1"/><D99/><REACH who="0" ten="141,424,199,226" step="2"/><U117/><E87/><V116/><F32/><W124/><G124/><T12/><D12/><U63/><E117/><V92/><F116/><W111/><G111/><T121/><N who="0" m="30720" /><DORA hai="114" /><T81/><D81/><U58/><E70/><V38/><F38/><W128/><G128/><T98/><D98/><U24/><E24/><V72/><F72/><W73/><G73/><T20/><D20/><AGARI ba="0,1" hai="13,17,20,28,31,56,62,64,77,80,86" m="46167" machi="20" ten="30,1000,0" yaku="8,1" doraHai="68,114" who="3" fromWho="0" sc="141,-10,424,0,199,0,226,20" /><INIT seed="3,0,0,1,0,39" ten="131,424,199,246" oya="3" hai0="5,49,100,91,78,7,81,109,80,83,45,92,1" hai1="33,37,14,24,16,30,101,2,56,58,57,132,50" hai2="25,18,20,79,115,68,110,126,112,40,98,0,59" hai3="107,60,10,116,62,46,27,120,32,12,114,133,103"/><W11/><G116/><T113/><D109/><U61/><E37/><V19/><F68/><W26/><G120/><T86/><D113/><U29/><E29/><V75/><F0/><W93/><G107/><T74/><D74/><U53/><E132/><V84/><F75/><W90/><G114/><T122/><D122/><U88/><E101/><V105/><F110/><W36/><G103/><T44/><D44/><U66/><E2/><V28/><F126/><W55/><G32/><T13/><D1/><U52/><E88/><V64/><F112/><W3/><G3/><T41/><D100/><U42/><E42/><V121/><F121/><W97/><G11/><T125/><D125/><U85/><E85/><V94/><F105/><W72/><G72/><T95/><D95/><U89/><E89/><N who="2" m="55631" /><F40/><W131/><G131/><T130/><D130/><U23/><REACH who="1" step="1"/><E53/><REACH who="1" ten="131,414,199,246" step="2"/><V63/><F115/><W71/><G133/><T47/><D78/><U9/><E9/><V96/><F96/><W127/><G127/><T106/><D106/><U77/><E77/><V67/><F67/><W123/><G123/><T38/><REACH who="0" step="1"/><D13/><REACH who="0" ten="121,414,199,246" step="2"/><U134/><E134/><V69/><F79/><W22/><G12/><T111/><D111/><U99/><E99/><V117/><F84/><W124/><G124/><T118/><D118/><U4/><E4/><V17/><F117/><W35/><G97/><T65/><D65/><U128/><E128/><V70/><F64/><W87/><G87/><T129/><D129/><U104/><E104/><V34/><F25/><N who="3" m="9227" /><G90/><T76/><D76/><U102/><E102/><V51/><F17/><RYUUKYOKU ba="0,2" sc="121,15,414,15,199,-15,246,-15" hai0="5,7,38,41,45,47,49,80,81,83,86,91,92" hai1="14,16,23,24,30,33,50,52,56,57,58,61,66" /><INIT seed="4,1,2,3,4,125" ten="136,429,184,231" oya="0" hai0="32,51,1,132,107,71,66,42,46,8,112,83,114" hai1="43,95,87,20,91,9,98,62,84,128,76,2,23" hai2="68,3,18,94,88,85,103,102,64,63,119,50,10" hai3="60,131,59,14,70,80,126,36,54,40,58,108,130"/><T79/><D107/><U33/><E33/><V65/><F119/><W52/><G108/><T38/><D32/><U105/><E105/><V111/><F111/><W110/><G110/><T74/><D132/><U22/><E43/><V53/><F64/><N who="3" m="41223" /><G80/><T101/><D101/><U26/><E26/><V19/><F19/><W61/><G14/><T7/><REACH who="0" step="1"/><D51/><REACH who="0" ten="126,429,184,231" step="2"/><U73/><E23/><V30/><F102/><W24/><G126/><T56/><D56/><U99/><E22/><V41/><F103/><W115/><G115/><T72/><D72/><U86/><E20/><V12/><F50/><N who="3" m="30999" /><G24/><T133/><D133/><U96/><E73/><V134/><F134/><W100/><G100/><T57/><D57/><U82/><E98/><V5/><F68/><W90/><G90/><T75/><D75/><U129/><E96/><V123/><F88/><W29/><G29/><T67/><D67/><U93/><E99/><V39/><F65/><W121/><G121/><T48/><D48/><U127/><E91/><V47/><F123/><W77/><G77/><T6/><D6/><U81/><E76/><V124/><F124/><W78/><G78/><T106/><D106/><U21/><E127/><V13/><F30/><W49/><G49/><T92/><D92/><U104/><E95/><V16/><F94/><W120/><G120/><T15/><D15/><U27/><E93/><V25/><F25/><W31/><G31/><T11/><D11/><U35/><E9/><V44/><F13/><W45/><AGARI ba="1,3" hai="36,40,45,54,59,61,130,131" m="30999,41223" machi="45" ten="30,12000,2" yaku="24,1,34,2,52,2,54,1" doraHai="125" who="3" fromWho="3" sc="126,-61,429,-31,184,-31,231,153" /><INIT seed="5,0,0,2,4,89" ten="65,398,153,384" oya="1" hai0="113,131,4,98,109,38,33,12,1,27,41,60,52" hai1="50,17,16,19,30,99,112,3,49,104,91,129,62" hai2="57,70,28,42,44,116,127,55,67,8,15,135,84" hai3="45,122,21,115,107,76,87,118,125,31,83,121,35"/><U90/><E3/><V105/><F116/><W37/><G107/><T53/><D109/><U77/><E129/><V103/><F28/><W59/><G118/><T92/><D113/><U64/><E112/><V34/><F34/><W123/><G35/><T9/><D131/><U40/><E77/><V117/><F117/><W132/><G115/><T93/><D1/><U68/><E30/><V66/><F70/><W61/><G125/><T81/><D81/><U18/><N who="1" m="4096" /><DORA hai="85" /><U119/><E119/><V0/><F0/><W39/><G45/><T10/><D10/><U51/><REACH who="1" step="1"/><E40/><REACH who="1" ten="65,388,153,384" step="2"/><V94/><F42/><W114/><G114/><T88/><D33/><U25/><E25/><V47/><F15/><W6/><G76/><T65/><D27/><U23/><E23/><V48/><F8/><W36/><G21/><T26/><D26/><U7/><E7/><V71/><F127/><W32/><G6/><T78/><D78/><U63/><E63/><V111/><F111/><W96/><G31/><T86/><D41/><U5/><E5/><V72/><F135/><W74/><G32/><T102/><REACH who="0" step="1"/><D38/><REACH who="0" ten="55,388,153,384" step="2"/><U101/><AGARI ba="0,2" hai="49,50,51,62,64,68,90,91,99,101,104" m="4096" machi="101" ten="50,12000,1" yaku="1,1,0,1,52,2,54,1,53,0" doraHai="89,85" doraHaiUra="54,128" who="1" fromWho="1" sc="55,-40,388,140,153,-40,384,-40" /><INIT seed="5,1,0,3,1,9" ten="15,528,113,344" oya="1" hai0="86,124,35,70,30,101,113,130,4,19,126,115,94" hai1="114,76,59,13,17,53,91,103,106,43,18,112,6" hai2="15,21,25,47,62,87,80,85,90,8,27,39,96" hai3="72,132,2,63,26,33,120,131,89,54,48,66,42"/><U77/><E43/><V50/><F39/><W133/><G2/><T122/><D70/><U31/><E31/><V121/><F121/><W81/><G42/><T41/><D122/><U52/><E91/><V22/><F62/><W37/><G37/><T11/><D41/><U97/><E6/><N who="2" m="3479" /><F96/><W12/><G120/><T88/><D130/><U93/><E93/><V83/><F21/><W110/><G110/><T134/><D134/><U108/><E18/><V118/><F118/><W61/><G131/><T78/><D19/><U102/><E102/><V64/><F64/><W60/><G12/><N who="0" m="5223" /><D78/><U0/><E0/><V10/><F10/><W82/><G66/><T135/><D135/><N who="3" m="51785" /><G89/><T75/><D75/><U129/><E129/><V123/><F22/><W69/><G72/><T128/><D101/><U1/><E1/><V99/><F99/><W29/><G69/><T32/><D128/><U56/><E108/><V84/><F123/><W23/><G33/><N who="0" m="12875" /><D30/><U117/><E117/><V100/><F100/><W20/><G20/><T73/><D73/><U67/><E103/><V16/><F16/><W46/><AGARI ba="1,0" hai="23,26,29,46,48,54,60,61,63,81,82" m="51785" machi="46" ten="30,1100,0" yaku="20,1" doraHai="9" who="3" fromWho="3" sc="15,-4,528,-6,113,-4,344,14" /><INIT seed="6,0,0,3,4,18" ten="11,522,109,358" oya="2" hai0="111,63,10,19,40,0,20,77,7,28,73,64,52" hai1="126,32,34,95,83,68,4,57,105,122,41,118,71" hai2="54,123,6,90,81,88,61,96,125,89,110,92,115" hai3="98,58,134,119,23,39,99,25,82,124,22,121,102"/><V94/><F123/><W93/><G119/><T109/><D28/><U5/><E95/><V87/><F115/><W75/><G121/><T17/><D17/><U59/><E83/><V128/><F128/><W12/><G39/><T21/><D40/><U38/><E122/><V107/><F107/><W130/><G130/><T66/><D66/><U129/><E129/><V30/><F125/><W74/><G124/><T16/><D19/><U69/><E69/><V36/><F36/><W65/><G134/><T133/><D133/><U42/><E38/><V132/><F132/><W101/><G82/><T108/><D52/><U78/><E78/><V50/><F61/><N who="3" m="38071" /><G12/><T8/><D77/><U86/><E126/><V106/><F106/><N who="3" m="63799" /><G23/><T76/><D76/><U114/><E105/><V11/><F30/><AGARI ba="0,0" hai="22,25,30,74,75,93,99,102" m="63799,38071" machi="30" ten="30,2000,0" yaku="25,1,52,1" doraHai="18" who="3" fromWho="2" sc="11,0,522,0,109,-20,358,20" /><INIT seed="7,0,0,0,3,98" ten="11,522,89,378" oya="3" hai0="116,60,3,110,126,83,122,97,37,108,5,11,52" hai1="68,55,86,49,95,135,23,12,28,35,1,57,48" hai2="94,63,24,20,131,33,115,74,104,121,16,47,117" hai3="56,103,69,107,15,40,13,59,0,100,50,101,132"/><W75/><G0/><T58/><D116/><U113/><E68/><V2/><F104/><W19/><G69/><T10/><D122/><U14/><E1/><V41/><F74/><W30/><G107/><T81/><D37/><U70/><E70/><V4/><F117/><W82/><G132/><T123/><D123/><U105/><E105/><V112/><F121/><W93/><G30/><T6/><D126/><U99/><E35/><V54/><F131/><W90/><G75/><T87/><D83/><U18/><E113/><V128/><F128/><W118/><G118/><T129/><D129/><U31/><E135/><V21/><F94/><W64/><G82/><T27/><D27/><U61/><E86/><V77/><F77/><W62/><G19/><T73/><D73/><U130/><E14/><V46/><F33/><W51/><G56/><T111/><D97/><U65/><E130/><V96/><F96/><N who="3" m="57399" /><G40/><T134/><D134/><U66/><E31/><V92/><F92/><W9/><G15/><T22/><D22/><U89/><E28/><V109/><F21/><W29/><G29/><T39/><D39/><U42/><E42/><V36/><F109/><W85/><G85/><T91/><REACH who="0" step="1"/><D108/><REACH who="0" ten="1,522,89,378" step="2"/><U44/><E44/><N who="2" m="23591" /><F20/><W114/><G114/><T32/><D32/><U124/><E124/><V106/><F115/><W80/><G80/><T102/><D102/><U25/><E25/><V88/><BYE who="1" /><F112/><W38/><G38/><UN n1="%E3%82%A6%E3%83%AB%E3%83%88%E3%83%A9%E7%AB%8B%E7%9B%B4" /><T67/><BYE who="3" /><D67/><AGARI ba="0,1" hai="12,18,23,48,49,55,57,61,65,66,67,89,95,99" machi="67" ten="40,1300,0" yaku="8,1" doraHai="98" who="1" fromWho="0" sc="1,-13,522,23,89,0,378,0" owari="-12,-51.0,545,64.0,89,-31.0,378,18.0" /></mjloggm>