<mjloggm ver="2.3"><GO type="169" lobby="0"/><UN n0="%E3%83%91%E3%83%BC%E3%83%A9%E3%83%BC%E3%82%AD%E3%83%B3%E3%82%B0" n1="%E5%B0%B1%E6%B4%BB%E7%94%9F%40%E5%B7%9D%E6%9D%91%E8%BB%8D%E5%9B%A3" n2="%E3%82%B5%E3%83%B3%E3%83%9E%E9%81%93%E6%A5%BD%E4%BB%A3%E8%A1%A8" n3="%E3%80%93%E9%B3%A9%E9%BA%A6%E7%8E%84%E7%B1%B3%E3%80%93" dan="16,19,16,17" rate="2079.35,2358.06,2088.62,2167.77" sx="M,M,M,M"/><TAIKYOKU oya="0"/><INIT seed="0,0,0,0,1,8" ten="250,250,250,250" oya="0" hai0="101,125,55,56,40,122,71,51,121,119,79,76,81" hai1="89,86,92,66,61,132,78,27,37,0,91,107,93" hai2="36,88,63,21,131,30,94,116,129,1,113,10,117" hai3="3,74,19,34,17,73,110,64,85,106,96,16,12"/><T41/><D119/><N who="2" m="45642" /><F36/><W60/><G3/><T103/><D71/><U57/><E132/><V24/><F63/><W52/><G34/><T69/><D69/><U82/><E0/><V67/><F67/><W54/><G110/><T95/><D125/><U68/><E37/><V44/><F44/><W111/><G111/><T98/><D121/><U72/><E107/><V47/><F47/><W9/><G74/><T123/><D123/><U48/><E27/><V70/><F70/><W28/><G28/><T49/><D122/><U18/><E18/><N who="3" m="7274" /><G73/><T6/><D6/><U42/><E42/><V115/><F10/><W109/><G106/><T130/><D130/><N who="2" m="49674" /><F1/><W80/><G96/><AGARI ba="0,0" hai="21,24,30,88,94,96,113,115" m="49674,45642" machi="96" ten="30,3900,0" yaku="12,1,19,1,54,1" doraHai="8" who="2" fromWho="3" sc="250,0,250,0,250,39,250,-39" /><INIT seed="1,0,0,3,0,3" ten="250,250,289,211" oya="1" hai0="23,127,26,94,111,76,71,95,80,27,103,11,33" hai1="51,20,44,90,106,18,0,67,29,118,119,133,48" hai2="102,129,68,50,83,81,46,37,114,101,41,60,19" hai3="104,45,100,123,86,79,126,92,62,109,1,115,128"/><U105/><E0/><V84/><F129/><W47/><G123/><T63/><D111/><U73/><E73/><V16/><F114/><W30/><G115/><T110/><D127/><U55/><E133/><V130/><F130/><W85/><G128/><T108/><D103/><U82/><E29/><V28/><F28/><W74/><G109/><T77/><D33/><U88/><E67/><V116/><F116/><W43/><G1/><T31/><D11/><U24/><E51/><V36/><F36/><W14/><G126/><T107/><D107/><U9/><E9/><V78/><F37/><W15/><G30/><T121/><D121/><U17/><E17/><V135/><F135/><W7/><G62/><T97/><D31/><U10/><E10/><V57/><F68/><W132/><G132/><T113/><D113/><U59/><E44/><V34/><F34/><W22/><G47/><T53/><D71/><U8/><E8/><V89/><F101/><W70/><G100/><T4/><D63/><U93/><E105/><V42/><F102/><W65/><G104/><T98/><D80/><U117/><E106/><V64/><REACH who="2" step="1"/><F42/><REACH who="2" ten="250,250,279,211" step="2"/><W112/><G43/><T56/><D108/><U69/><E69/><V54/><F54/><W58/><G70/><T91/><D110/><U13/><E117/><V124/><F124/><W12/><G112/><T21/><D53/><U32/><E32/><V72/><AGARI ba="0,1" hai="16,19,41,46,50,57,60,64,72,78,81,83,84,89" machi="72" ten="20,5200,0" yaku="1,1,0,1,7,1,54,1,53,0" doraHai="3" doraHaiUra="96" who="2" fromWho="2" sc="250,-13,250,-26,279,62,211,-13" /><INIT seed="2,0,0,4,1,134" ten="237,224,341,198" oya="2" hai0="30,98,110,101,45,94,88,77,86,127,59,72,11" hai1="37,67,2,116,50,121,130,15,61,55,42,9,64" hai2="10,7,120,80,70,8,48,92,57,125,21,118,23" hai3="43,46,74,87,25,17,100,35,81,14,119,113,60"/><V40/><F120/><W20/><G119/><T44/><D110/><U76/><E2/><V129/><F118/><W123/><G123/><T31/><D59/><U124/><E116/><V63/><F70/><W131/><G74/><T96/><D11/><U95/><E121/><V128/><F92/><W90/><G131/><T19/><D19/><U78/><E130/><V32/><F80/><W38/><G113/><T22/><D22/><U106/><E106/><V18/><F32/><W47/><G47/><T34/><D34/><U108/><E37/><V107/><F107/><W99/><G60/><T105/><D96/><U85/><E42/><V82/><F82/><W133/><G133/><T3/><D3/><U28/><E28/><V4/><F63/><W33/><REACH who="3" step="1"/><G25/><REACH who="3" ten="237,224,341,188" step="2"/><T122/><D122/><U71/><E108/><V84/><F129/><W1/><G1/><T109/><D109/><U102/><E61/><V79/><F128/><W73/><G73/><T49/><D44/><U36/><E36/><V56/><F40/><W62/><G62/><T16/><D45/><U103/><E71/><V93/><F48/><W104/><AGARI ba="0,1" hai="14,17,20,33,35,38,43,46,81,87,90,99,100,104" machi="104" ten="20,2700,0" yaku="1,1,0,1,7,1,53,0" doraHai="134" doraHaiUra="117" who="3" fromWho="3" sc="237,-7,224,-7,341,-13,188,37" /><INIT seed="3,0,0,5,2,66" ten="230,217,328,225" oya="3" hai0="33,96,72,27,130,127,21,11,10,67,135,133,108" hai1="115,24,79,90,104,61,71,94,98,101,46,31,30" hai2="77,47,131,93,65,129,43,99,6,1,40,80,70" hai3="18,19,25,9,118,88,123,125,128,42,29,5,73"/><W7/><G73/><T100/><D72/><U62/><E115/><V114/><F114/><W55/><G42/><T50/><D108/><U75/><E46/><V35/><F35/><W95/><G118/><T78/><D33/><U45/><E45/><V92/><F43/><W116/><G116/><T4/><D78/><U63/><E79/><V53/><F53/><W107/><G107/><T68/><D130/><U16/><E75/><N who="2" m="43071" /><F65/><W122/><G128/><N who="2" m="49225" /><F99/><W22/><G125/><T134/><D127/><U56/><E71/><V120/><F120/><W28/><G55/><T106/><D50/><U74/><E74/><V112/><F70/><W89/><G95/><T54/><D54/><U103/><E56/><V37/><F112/><W86/><G86/><T84/><D84/><U38/><E38/><V17/><F17/><W52/><G52/><T113/><D4/><U124/><E124/><V111/><F111/><W91/><G91/><T57/><D57/><U81/><E81/><V59/><F59/><W51/><G51/><T44/><D44/><U3/><E3/><V64/><F64/><W32/><G32/><T82/><D82/><U69/><E69/><V97/><F97/><W49/><G49/><T48/><D48/><U110/><E110/><V117/><F117/><W0/><G0/><T126/><D113/><U87/><E103/><V39/><F39/><W83/><G83/><T121/><D126/><U34/><E31/><N who="3" m="11850" /><G89/><T41/><D41/><U13/><E63/><V58/><F58/><W119/><G88/><T85/><D121/><N who="3" m="46089" /><G119/><T132/><N who="0" m="33792" /><DORA hai="14" /><T15/><D67/><RYUUKYOKU ba="0,0" sc="230,-30,217,10,328,10,225,10" hai1="13,16,24,30,34,61,62,87,90,94,98,101,104" hai2="1,6,37,40,47,92,93" hai3="5,7,9,18,19,22,25" /><INIT seed="3,1,0,2,4,47" ten="200,227,338,235" oya="3" hai0="67,129,34,87,2,13,4,26,119,70,118,124,58" hai1="30,51,65,68,110,62,81,132,8,49,96,46,14" hai2="112,95,133,59,61,22,31,28,42,123,71,98,128" hai3="102,64,9,135,100,39,57,88,104,75,121,72,78"/><W131/><G39/><T17/><D70/><U111/><E132/><V27/><F112/><W23/><G135/><T76/><D124/><U79/><E30/><V108/><F133/><W43/><G43/><T86/><D129/><U127/><E96/><V122/><F71/><W134/><G134/><T82/><D87/><U69/><E69/><V90/><F128/><W10/><G131/><T94/><D94/><U56/><E68/><V85/><F42/><W24/><G121/><T109/><D109/><N who="1" m="41483" /><E46/><V99/><F108/><W41/><G41/><T92/><D92/><U113/><E113/><V40/><F40/><W53/><G64/><T25/><D25/><U120/><E120/><N who="2" m="46123" /><F31/><W60/><G75/><T91/><D76/><U126/><E127/><V73/><F73/><W45/><G45/><T107/><D107/><U37/><E37/><V50/><F50/><N who="1" m="18953" /><E126/><V33/><F33/><W15/><G78/><T103/><D34/><U115/><E115/><V93/><F93/><W77/><G104/><T18/><D119/><U44/><E44/><V105/><F105/><W32/><G77/><T130/><D118/><U5/><E79/><V89/><F89/><W0/><G32/><T52/><D91/><U116/><E116/><V117/><F117/><W16/><G88/><T6/><D130/><U101/><E81/><V54/><AGARI ba="1,0" hai="22,27,28,54,59,61,85,90,95,98,99" m="46123" machi="54" ten="30,1100,0" yaku="13,1" doraHai="47" who="2" fromWho="2" sc="200,-4,227,-4,338,14,235,-6" /><INIT seed="4,0,0,4,4,100" ten="196,223,352,229" oya="0" hai0="44,69,40,27,21,135,132,39,15,92,110,26,62" hai1="102,134,79,19,61,114,95,113,93,78,72,0,96" hai2="129,117,50,109,34,17,64,68,32,4,67,86,130" hai3="84,104,103,105,45,116,74,97,112,29,75,37,83"/><T94/><D110/><U38/><E0/><V18/><F109/><W131/><G29/><T76/><D76/><N who="1" m="29227" /><E38/><V25/><F50/><W66/><G66/><N who="0" m="41175" /><D27/><U55/><E19/><V77/><F4/><W47/><G116/><T65/><D15/><U80/><E61/><V89/><F77/><N who="3" m="46191" /><G47/><T33/><D33/><U60/><E60/><V88/><F86/><W14/><G45/><T123/><D123/><U10/><E55/><V58/><F117/><W85/><G37/><T119/><D119/><U11/><E134/><N who="0" m="51241" /><D65/><U42/><E42/><V52/><F58/><W124/><G14/><T16/><AGARI ba="0,0" hai="16,21,26,39,40,44,92,94" m="51241,41175" machi="16" ten="30,3000,0" yaku="20,1,54,1" doraHai="100" who="0" fromWho="0" sc="196,30,223,-10,352,-10,229,-10" /><INIT seed="4,1,0,2,5,118" ten="226,213,342,219" oya="0" hai0="50,53,27,108,75,34,132,98,25,2,57,78,117" hai1="28,21,85,125,29,14,11,59,116,18,49,113,40" hai2="90,60,104,129,111,128,5,36,86,26,51,102,43" hai3="62,110,106,39,120,135,35,22,87,44,72,30,76"/><T13/><D117/><U61/><E116/><V134/><F36/><W101/><G110/><T55/><D2/><U38/><E38/><V9/><F111/><W52/><G135/><T54/><D132/><U1/><E125/><V48/><F134/><W71/><G72/><T73/><D108/><U19/><E113/><V114/><F114/><W64/><G22/><T23/><D34/><U33/><E33/><V84/><F60/><W58/><G87/><T119/><D119/><U20/><E85/><V82/><F84/><W123/><G76/><T69/><D69/><U94/><E94/><V121/><F26/><N who="3" m="18903" /><G101/><T81/><D73/><U122/><E1/><V32/><F32/><W56/><G106/><T74/><D74/><U41/><E122/><N who="3" m="46634" /><G52/><T7/><D55/><U126/><E126/><V91/><F121/><W83/><G83/><T4/><D54/><U67/><E20/><V103/><F104/><W88/><G88/><T0/><D98/><U3/><E28/><V24/><F86/><W107/><G107/><T63/><D23/><U112/><E29/><V15/><F82/><W45/><G45/><T42/><D81/><U31/><E31/><V130/><F24/><W105/><G105/><T8/><D27/><U10/><E112/><V124/><F124/><W16/><G16/><N who="0" m="8231" /><D25/><U46/><E19/><V109/><F109/><W115/><G115/><T92/><D78/><U97/><E97/><V17/><F17/><W47/><G47/><N who="0" m="25975" /><D75/><U66/><E46/><N who="2" m="25695" /><F102/><W6/><G6/><N who="0" m="2091" /><D0/><U131/><E3/><V37/><F103/><W89/><G89/><T127/><D127/><RYUUKYOKU ba="1,0" sc="226,15,213,-15,342,-15,219,15" hai0="53,57,63,92" hai3="39,44,56,58,62,64,71" /><INIT seed="4,2,0,4,1,12" ten="241,198,327,234" oya="0" hai0="82,131,76,128,64,78,88,59,2,28,65,102,4" hai1="56,32,45,100,15,87,68,84,104,95,91,53,74" hai2="18,63,101,66,47,114,81,132,127,9,62,25,40" hai3="133,85,86,16,1,52,6,110,26,117,116,5,83"/><T31/><D102/><U67/><E32/><V80/><F114/><W48/><G110/><T42/><D42/><U33/><E33/><V99/><F132/><W22/><G133/><T60/><D64/><U93/><E74/><V27/><F127/><W129/><G129/><N who="0" m="49739" /><D2/><U96/><E68/><V58/><F62/><W19/><G116/><T118/><D4/><N who="3" m="1641" /><G1/><T75/><D118/><U97/><E67/><V50/><F25/><W49/><G117/><T41/><D41/><U111/><E111/><V124/><F124/><W113/><G113/><T23/><D23/><U54/><E104/><V69/><F69/><W43/><G83/><N who="0" m="45471" /><D88/><U14/><E45/><V105/><F27/><W36/><G36/><T92/><D92/><U11/><E54/><V7/><REACH who="2" step="1"/><F18/><REACH who="2" ten="241,198,317,234" step="2"/><N who="3" m="12631" /><G43/><T55/><D65/><U24/><E24/><V21/><F21/><W8/><G8/><T17/><D17/><N who="3" m="6729" /><G48/><T29/><D82/><U98/><E11/><V30/><F30/><W73/><G73/><T106/><D31/><U13/><REACH who="1" step="1"/><E87/><REACH who="1" ten="241,188,317,234" step="2"/><V70/><F70/><W134/><G134/><T37/><D29/><U135/><E135/><V108/><F108/><W39/><G39/><T119/><D28/><U109/><E109/><V112/><F112/><W126/><G126/><T72/><D119/><U0/><E0/><AGARI ba="2,2" hai="0,7,9,40,47,50,58,63,66,80,81,99,101,105" machi="0" ten="30,3900,0" yaku="1,1,7,1,53,1" doraHai="12" doraHaiUra="61" who="2" fromWho="1" sc="241,0,188,-45,317,65,234,0" /><INIT seed="5,0,0,5,4,74" ten="241,143,382,234" oya="1" hai0="35,4,11,126,29,115,134,110,60,59,75,131,88" hai1="61,72,22,89,109,51,104,107,1,111,28,85,82" hai2="19,112,65,2,58,33,86,64,13,68,118,3,24" hai3="122,121,95,39,34,55,77,99,100,31,48,97,84"/><U37/><E37/><V123/><F123/><W14/><G39/><T125/><D110/><N who="1" m="41995" /><E1/><V108/><F118/><W26/><G14/><T113/><D75/><U16/><E28/><V49/><F112/><N who="0" m="43082" /><D29/><U18/><E61/><V53/><F108/><W30/><G30/><T67/><D35/><U41/><E72/><V79/><F33/><W83/><REACH who="3" step="1"/><G99/><REACH who="3" ten="241,143,382,224" step="2"/><T27/><D134/><U42/><E18/><V127/><F3/><W15/><G15/><N who="0" m="5607" /><D131/><U44/><E41/><V135/><F2/><W92/><G92/><T36/><D36/><U7/><E7/><V63/><F24/><AGARI ba="0,1" hai="16,22,24,42,44,51,82,85,89,104,107" m="41995" machi="24" ten="30,2900,0" yaku="10,1,54,1" doraHai="74" who="1" fromWho="2" sc="241,0,143,39,382,-29,224,0" /><INIT seed="5,1,0,4,2,42" ten="241,182,353,224" oya="1" hai0="29,64,33,93,50,54,116,131,123,95,91,66,31" hai1="4,121,61,112,48,94,111,44,114,27,43,19,13" hai2="88,79,102,133,35,99,96,76,55,70,104,67,87" hai3="38,18,74,52,23,32,51,105,124,25,16,49,68"/><U2/><E121/><V130/><F55/><W100/><G38/><T89/><D116/><U40/><E2/><V12/><F12/><W129/><G74/><T9/><D131/><U46/><E111/><V134/><F35/><W113/><G68/><T90/><D9/><U24/><E4/><V6/><F6/><W39/><G39/><T30/><D33/><U92/><E61/><V132/><F130/><W75/><G75/><T106/><D106/><U59/><E59/><V97/><F67/><N who="0" m="25642" /><D123/><U3/><E3/><V47/><F47/><AGARI ba="1,0" hai="29,30,31,47,50,54,89,90,91,93,95" m="25642" machi="47" ten="30,2000,0" yaku="8,1,52,1" doraHai="42" who="0" fromWho="2" sc="241,23,182,0,353,-23,224,0" /><INIT seed="6,0,0,3,0,97" ten="264,182,330,224" oya="2" hai0="45,100,55,72,61,122,28,74,83,40,26,69,15" hai1="123,63,48,131,73,96,12,75,120,18,42,6,33" hai2="37,21,1,19,107,38,79,85,49,86,54,10,57" hai3="114,129,110,134,93,94,36,4,9,113,82,64,53"/><V130/><F130/><W11/><G110/><T118/><D122/><U102/><E33/><V78/><F107/><W125/><G129/><T62/><D118/><U51/><E6/><V13/><F38/><W76/><G36/><T5/><D62/><U24/><E24/><V132/><F37/><W8/><G134/><T112/><D112/><N who="3" m="43113" /><G125/><T92/><D83/><U117/><E63/><V67/><F132/><W116/><G64/><T56/><D69/><U88/><E117/><V31/><F67/><W128/><G128/><T68/><D68/><U99/><E131/><V127/><F127/><W126/><G126/><T70/><D70/><U60/><E60/><V41/><F41/><W25/><G116/><T108/><D108/><U44/><E51/><V77/><F1/><N who="3" m="15" /><G25/><AGARI ba="0,0" hai="10,13,19,21,25,31,49,54,57,77,78,79,85,86" machi="25" ten="40,2000,0" yaku="8,1" doraHai="97" who="2" fromWho="3" sc="264,0,182,0,330,20,224,-20" /><INIT seed="6,1,0,1,1,39" ten="264,182,350,204" oya="2" hai0="21,8,91,55,7,27,3,112,19,63,70,31,96" hai1="81,93,113,118,75,92,80,99,119,10,42,11,64" hai2="95,79,38,26,109,126,49,60,58,124,15,108,84" hai3="9,1,101,0,107,132,121,45,36,40,127,13,106"/><V2/><F2/><W116/><G116/><T117/><D112/><U134/><E113/><V87/><F38/><W83/><G121/><T48/><D117/><U68/><E134/><V71/><F26/><W22/><G132/><T114/><D114/><U100/><E75/><V74/><F15/><W46/><G127/><N who="2" m="48681" /><F49/><W66/><G66/><T37/><D37/><U67/><E68/><V82/><F71/><W131/><G131/><T16/><D70/><U4/><E4/><V35/><F35/><W30/><G46/><T103/><D91/><U51/><E51/><V32/><F32/><W102/><G83/><T123/><D63/><U89/><E42/><V6/><F6/><W23/><G102/><T90/><D90/><U59/><E59/><V50/><F50/><W33/><G33/><T85/><D85/><N who="2" m="32842" /><F95/><W133/><G133/><T111/><D123/><U52/><E89/><V53/><AGARI ba="1,0" hai="53,58,60,74,79,82,108,109" m="32842,48681" machi="53" ten="30,1500,0" yaku="18,1" doraHai="39" who="2" fromWho="2" sc="264,-6,182,-6,350,18,204,-6" /><INIT seed="6,2,0,3,1,88" ten="258,176,368,198" oya="2" hai0="4,0,97,133,39,92,89,62,24,66,8,77,10" hai1="44,135,48,124,102,34,18,83,85,1,74,53,28" hai2="72,55,25,41,49,86,100,30,121,104,109,70,59" hai3="94,108,52,22,46,12,75,47,128,37,54,129,45"/><V32/><F121/><W99/><G108/><T113/><D133/><U130/><E1/><V58/><F72/><W61/><G75/><T23/><D113/><U67/><E74/><V29/><F70/><W51/><G37/><T19/><D39/><U35/><E135/><V90/><F30/><W111/><G111/><T116/><D10/><U123/><E123/><V78/><F78/><W126/><G126/><T40/><D116/><U120/><E120/><V114/><F114/><W79/><G79/><T57/><D40/><U106/><E67/><V115/><F115/><W95/><G61/><T119/><D119/><U65/><E65/><V118/><F118/><W56/><G54/><T110/><D77/><U6/><E6/><V38/><F109/><W117/><G117/><T13/><REACH who="0" step="1"/><D110/><REACH who="0" ten="248,176,368,198" step="2"/><U81/><E124/><V50/><F38/><W42/><G42/><T101/><D101/><U63/><E102/><V96/><F41/><W82/><G129/><T105/><D105/><U68/><E106/><V71/><F71/><W132/><G128/><T131/><D131/><U60/><E68/><V69/><F69/><W91/><G132/><T17/><D17/><U134/><E18/><V3/><F3/><AGARI ba="2,1" hai="0,3,4,8,13,19,23,24,57,62,66,89,92,97" machi="3" ten="40,2600,0" yaku="1,1,52,1,53,0" doraHai="88" doraHaiUra="36" who="0" fromWho="2" sc="248,42,176,0,368,-32,198,0" /><INIT seed="7,0,0,5,5,78" ten="290,176,336,198" oya="3" hai0="0,65,84,70,76,2,73,102,5,128,119,131,25" hai1="108,90,62,115,14,109,87,89,9,63,48,120,106" hai2="86,95,107,57,16,124,112,123,39,133,75,104,43" hai3="127,77,117,40,100,114,111,96,21,64,82,81,69"/><W88/><G117/><T130/><D119/><U47/><E120/><V17/><F75/><W94/><G114/><T72/><D102/><U60/><E115/><V37/><F112/><W91/><G127/><T11/><D2/><U66/><E106/><V52/><F124/><W3/><G3/><T31/><D84/><U135/><E135/><V93/><F43/><W110/><G40/><T42/><D42/><U103/><E103/><V132/><F86/><N who="3" m="50263" /><G21/><T51/><D51/><U19/><E89/><V125/><F125/><W45/><G45/><T10/><D10/><U74/><E74/><V121/><F57/><W27/><G27/><T113/><D76/><U8/><E8/><V26/><F26/><W30/><G30/><T46/><D46/><U71/><E108/><N who="3" m="41514" /><G100/><T49/><D49/><U59/><E109/><V6/><F6/><W18/><G18/><T50/><D50/><U58/><E71/><V101/><F101/><W53/><G53/><AGARI ba="0,0" hai="16,17,37,39,52,53,93,95,104,107,121,123,132,133" machi="53" ten="25,6400,0" yaku="22,2,54,2" doraHai="78" who="2" fromWho="3" sc="290,0,176,0,336,64,198,-64" owari="290,9.0,176,-22.0,400,50.0,134,-37.0" /></mjloggm>