<mjloggm ver="2.3"><GO type="233" lobby="0"/><UN n0="%E7%80%AC%E8%89%AF%E9%A7%BF" n1="%E4%BF%BA%54%55%45%45%45%45%45" n2="%46%6C%61%73%68%42%6F%78" n3="%E3%82%A6%E3%83%AB%E3%83%88%E3%83%A9%E7%AB%8B%E7%9B%B4" dan="16,17,16,17" rate="2079.60,2155.73,2081.54,2113.97" sx="M,M,M,M"/><TAIKYOKU oya="0"/><INIT seed="0,0,0,3,4,5" ten="250,250,250,250" oya="0" hai0="113,62,53,28,95,57,9,103,78,111,108,73,55" hai1="12,52,23,56,65,75,128,129,63,90,45,10,121" hai2="41,124,85,77,118,49,110,35,71,11,58,54,0" hai3="29,135,20,17,93,120,42,115,36,47,80,102,87"/><T82/><D113/><U127/><E121/><V6/><F35/><W37/><G115/><T32/><D32/><U109/><E75/><V100/><F110/><N who="0" m="42026" /><D28/><U26/><E127/><V122/><F124/><W101/><G120/><T38/><D38/><U8/><E90/><V116/><F122/><W119/><G119/><T50/><D103/><U39/><E109/><V125/><F125/><W83/><G29/><T106/><D106/><U40/><E65/><V18/><F71/><W3/><G3/><T88/><D9/><U7/><REACH who="1" step="1"/><E10/><REACH who="1" ten="250,240,250,250" step="2"/><V33/><F11/><W92/><G135/><T27/><D27/><U112/><E112/><V24/><F24/><W60/><G102/><T69/><D69/><U64/><E64/><V131/><F100/><W44/><G101/><T134/><D134/><U59/><E59/><V132/><F58/><W34/><G34/><T104/><D104/><U70/><E70/><V79/><F33/><W94/><G20/><T99/><D53/><U48/><E48/><AGARI ba="0,1" hai="48,50,55,57,62,73,78,82,88,95,99" m="42026" machi="48" ten="30,5800,0" yaku="14,1,10,1,54,1" doraHai="5" who="0" fromWho="1" sc="250,68,240,-58,250,0,250,0" /><INIT seed="0,1,0,1,5,43" ten="318,182,250,250" oya="0" hai0="56,54,61,87,2,19,58,113,107,41,44,127,31" hai1="88,97,53,29,27,40,96,52,32,100,93,45,4" hai2="82,25,60,122,130,134,59,135,0,89,129,38,34" hai3="76,102,74,112,132,114,103,105,9,47,116,73,124"/><T110/><D107/><U48/><REACH who="1" step="1"/><E4/><REACH who="1" ten="318,172,250,250" step="2"/><V109/><F122/><W98/><G114/><T83/><D113/><U12/><E12/><V66/><F0/><W133/><G112/><T57/><D2/><U8/><E8/><V18/><F109/><W118/><G9/><T99/><D110/><U128/><E128/><V79/><F130/><W11/><G11/><T5/><D5/><U13/><E13/><V7/><F129/><W117/><G118/><T68/><D127/><U72/><E72/><V125/><F7/><W92/><G124/><T94/><D68/><U104/><AGARI ba="1,1" hai="27,29,32,40,45,48,52,53,88,93,96,97,100,104" machi="104" ten="20,12000,2" yaku="21,2,0,1,7,1,52,1,54,2,53,0" doraHai="43" doraHaiUra="81" who="1" fromWho="1" sc="318,-61,172,133,250,-31,250,-31" /><INIT seed="1,0,0,3,2,11" ten="257,305,219,219" oya="1" hai0="123,1,94,41,56,129,16,27,72,19,54,68,87" hai1="90,102,57,127,22,10,64,101,26,75,39,77,133" hai2="0,93,23,104,70,98,110,84,32,105,115,45,29" hai3="4,40,52,125,113,30,132,79,42,44,49,5,114"/><U24/><E39/><V35/><F0/><W34/><G34/><T76/><D1/><U67/><E133/><V48/><F70/><W43/><G132/><T130/><D68/><U28/><E127/><V37/><F37/><W53/><G125/><T21/><D72/><U15/><E75/><V20/><F110/><W17/><G30/><T119/><D119/><U13/><E77/><V69/><F69/><W18/><G79/><T74/><D74/><U63/><E67/><V108/><F108/><W112/><REACH who="3" step="1"/><G53/><REACH who="3" ten="257,305,219,209" step="2"/><T25/><D41/><U126/><E126/><V128/><F35/><W58/><G58/><T95/><D56/><U3/><E28/><V59/><F32/><W89/><G89/><T92/><D54/><U86/><E90/><V83/><F59/><W109/><G109/><T81/><D123/><U91/><E91/><V55/><F29/><W71/><G71/><T111/><D111/><U116/><E57/><V50/><F55/><W38/><G38/><T134/><D134/><U51/><E63/><V8/><F48/><W117/><G117/><T121/><D121/><U118/><E51/><V80/><F50/><W12/><G12/><T85/><D87/><U14/><E86/><V60/><F84/><W2/><G2/><T82/><D82/><U36/><E36/><V99/><F83/><W100/><G100/><T96/><D96/><U31/><E102/><V62/><F80/><W9/><G9/><T135/><D135/><U88/><E101/><V33/><F8/><W61/><G61/><T107/><D107/><U65/><E118/><V120/><F105/><RYUUKYOKU ba="0,1" sc="257,15,305,-15,219,-15,209,15" hai0="16,19,21,25,27,76,81,85,92,94,95,129,130" hai3="4,5,17,18,40,42,43,44,49,52,112,113,114" /><INIT seed="2,1,1,4,1,130" ten="272,290,204,224" oya="2" hai0="78,14,103,100,16,128,61,57,13,132,101,49,77" hai1="94,23,46,22,121,2,108,68,39,116,72,86,131" hai2="42,117,56,133,125,105,8,21,110,93,17,45,40" hai3="28,0,26,65,63,79,124,3,38,35,4,15,30"/><V18/><F117/><W67/><G38/><T92/><D128/><U85/><E22/><V29/><F105/><W129/><G129/><T83/><D132/><U90/><E23/><V5/><F133/><W10/><G124/><T33/><D33/><U91/><E46/><V66/><F125/><W37/><G37/><T6/><D6/><U52/><E52/><V1/><F110/><W96/><G30/><T104/><D104/><U47/><E47/><V71/><F71/><W31/><G31/><T106/><D106/><U113/><E2/><V64/><F40/><W7/><G7/><T9/><D49/><U43/><E43/><V97/><F29/><W120/><G120/><T34/><D14/><U12/><E12/><V87/><F87/><W76/><G96/><T82/><D34/><U95/><E68/><V58/><F66/><W50/><G50/><T81/><REACH who="0" step="1"/><D92/><REACH who="0" ten="262,290,204,224" step="2"/><U74/><E39/><V11/><F93/><W53/><G15/><T89/><D89/><U99/><E131/><V107/><F5/><W114/><G0/><T80/><N who="0" m="20480" /><DORA hai="27" /><T111/><D111/><U118/><E108/><V102/><F1/><W123/><G123/><T70/><D70/><U88/><E121/><V112/><F107/><W127/><G127/><T84/><D84/><U41/><E91/><V115/><F115/><W98/><G114/><T59/><D59/><U135/><E113/><V48/><F112/><W55/><G3/><T126/><D126/><U69/><E69/><V134/><F58/><W20/><G4/><T62/><D62/><U122/><E122/><V54/><F56/><RYUUKYOKU ba="1,2" sc="262,30,290,-10,204,-10,224,-10" hai0="9,13,16,57,61,77,78,100,101,103" /><INIT seed="3,2,2,4,3,8" ten="292,280,194,214" oya="3" hai0="131,84,106,55,16,83,46,38,22,109,27,132,67" hai1="102,5,9,88,135,51,92,69,85,104,17,58,52" hai2="39,43,75,80,13,37,79,112,65,115,66,81,71" hai3="29,62,122,53,21,28,60,34,96,93,126,82,36"/><W118/><G122/><T107/><D109/><U45/><E135/><V87/><F43/><W133/><G118/><T97/><D131/><U2/><E69/><V32/><F32/><W110/><G36/><T18/><D67/><U70/><E70/><V63/><F66/><W129/><G34/><T73/><D73/><U121/><E121/><V127/><F127/><W134/><G126/><T77/><D132/><N who="3" m="50793" /><G129/><T120/><D120/><U14/><E104/><V7/><F7/><W78/><G110/><T26/><D97/><U6/><E102/><V12/><F39/><W130/><G130/><T49/><D38/><U108/><E108/><V114/><REACH who="2" step="1"/><F37/><REACH who="2" ten="292,280,184,214" step="2"/><W117/><G117/><T94/><D107/><U41/><REACH who="1" step="1"/><E2/><REACH who="1" ten="292,270,184,214" step="2"/><V40/><F40/><W30/><G53/><T101/><D106/><U25/><E25/><V20/><F20/><W23/><G21/><N who="0" m="13623" /><D55/><U48/><AGARI ba="2,4" hai="5,6,9,14,17,41,45,48,51,52,58,85,88,92" machi="48" ten="20,12000,2" yaku="1,1,0,1,7,1,8,1,52,1,54,2,53,0" doraHai="8" doraHaiUra="116" who="1" fromWho="1" sc="292,-32,270,166,184,-32,214,-62" /><INIT seed="4,0,0,2,1,46" ten="260,436,152,152" oya="0" hai0="118,77,69,34,4,96,109,5,36,121,41,119,66" hai1="19,87,38,47,29,97,21,73,93,11,74,24,88" hai2="92,54,17,128,100,112,28,30,127,98,94,134,16" hai3="48,120,86,25,68,72,104,51,10,37,124,57,103"/><T80/><D121/><U117/><E117/><V126/><F112/><W20/><G68/><T67/><D34/><U76/><E38/><V65/><F65/><W62/><G72/><T58/><D69/><U52/><E76/><V60/><F134/><W83/><G37/><T89/><D109/><U56/><E47/><V113/><F113/><W102/><G10/><T105/><D36/><U132/><E132/><V115/><F115/><W81/><G81/><T9/><D41/><U116/><E116/><V2/><F2/><W108/><G124/><N who="2" m="47657" /><F128/><W49/><G104/><T15/><D5/><U18/><E87/><V70/><F94/><W55/><G108/><T35/><D35/><U23/><E11/><V125/><F125/><W43/><G43/><T78/><D118/><U42/><E42/><V40/><F40/><W45/><G45/><T107/><D119/><U90/><E90/><V106/><F106/><W6/><G6/><T64/><D105/><U133/><E133/><V110/><F110/><W122/><G122/><T31/><D107/><U63/><E29/><N who="2" m="11371" /><F70/><W95/><G95/><N who="0" m="56431" /><D31/><U8/><E8/><V75/><F75/><W27/><G120/><T50/><D80/><U114/><E114/><V26/><F26/><AGARI ba="0,0" hai="18,19,21,23,24,26,52,56,63,73,74,88,93,97" machi="26" ten="30,12000,2" yaku="7,1,9,1,25,2,54,2" doraHai="46" who="1" fromWho="2" sc="260,0,436,120,152,-120,152,0" /><INIT seed="5,0,0,1,5,13" ten="260,556,32,152" oya="1" hai0="52,87,57,63,58,42,126,127,75,71,66,2,39" hai1="46,112,128,68,90,55,97,29,103,10,83,38,11" hai2="53,105,111,78,98,72,134,15,101,106,17,79,41" hai3="92,24,4,102,81,125,60,85,18,5,99,100,117"/><U26/><E68/><V91/><F111/><W119/><G125/><N who="0" m="47627" /><D2/><U51/><E112/><V30/><F134/><W16/><G60/><N who="0" m="40391" /><D75/><U113/><E113/><V27/><F106/><W69/><G69/><T61/><D87/><U130/><E38/><V114/><F114/><W54/><G54/><N who="0" m="33975" /><D42/><U28/><E90/><V93/><F41/><W82/><G24/><T44/><D44/><U40/><E83/><V115/><F115/><W47/><G47/><T31/><D31/><U9/><E40/><V33/><F72/><W59/><G59/><T48/><D63/><U34/><REACH who="1" step="1"/><E28/><REACH who="1" ten="260,546,32,152" step="2"/><V110/><F110/><W32/><G82/><T96/><D96/><U118/><E118/><V80/><F80/><W35/><G99/><T6/><D6/><U131/><E131/><V8/><REACH who="2" step="1"/><F53/><REACH who="2" ten="260,546,22,152" step="2"/><W121/><G81/><T23/><D52/><U19/><E19/><V129/><F129/><W123/><G119/><T14/><D39/><U94/><AGARI ba="0,2" hai="9,10,11,26,29,34,46,51,55,94,97,103,128,130" machi="94" ten="30,3000,0" yaku="1,1,0,1,53,0" doraHai="13" doraHaiUra="1" who="1" fromWho="1" sc="260,-10,546,50,22,-10,152,-10" /><INIT seed="5,1,0,0,4,47" ten="250,596,12,142" oya="1" hai0="4,11,14,56,82,112,92,51,55,70,69,107,34" hai1="45,93,62,50,116,44,9,30,85,43,73,96,72" hai2="98,53,49,31,76,32,126,41,77,129,22,8,57" hai3="104,26,7,5,106,24,15,123,0,103,113,88,125"/><U64/><E116/><V3/><F129/><W78/><G0/><T90/><D107/><U17/><E30/><V75/><F75/><W27/><G123/><T135/><D112/><U63/><E85/><V131/><F126/><W119/><G78/><T130/><D34/><U67/><E72/><V84/><F131/><W120/><G120/><T89/><D135/><U79/><E79/><V21/><F41/><W134/><G103/><T102/><D130/><U29/><E29/><V36/><F36/><W74/><G74/><T115/><D115/><U111/><E73/><V101/><F77/><W87/><G113/><T124/><D124/><U37/><E111/><V48/><F32/><W23/><G125/><T18/><D102/><U60/><E37/><V54/><F31/><W132/><G119/><T128/><D82/><U12/><REACH who="1" step="1"/><E45/><REACH who="1" ten="250,586,12,142" step="2"/><V10/><F84/><W58/><G87/><T71/><D128/><U39/><E39/><V114/><F76/><W28/><G28/><T108/><D108/><U81/><E81/><V2/><F114/><W6/><G134/><T86/><D86/><U40/><E40/><V110/><F110/><W95/><G132/><T118/><D118/><U42/><E42/><V68/><F68/><W1/><G58/><T83/><D71/><U105/><E105/><V133/><F133/><W94/><G106/><T99/><D70/><U59/><E59/><V61/><F57/><W16/><G104/><T35/><D69/><U25/><E25/><V65/><F98/><N who="3" m="57671" /><G95/><T122/><D92/><U117/><E117/><V13/><F65/><W46/><G46/><RYUUKYOKU ba="1,1" sc="250,-15,586,15,12,-15,142,15" hai1="9,12,17,43,44,50,60,62,63,64,67,93,96" hai3="1,5,6,7,15,16,23,24,26,27" owari="235,4.0,611,70.0,-3,-50.0,157,-24.0" /></mjloggm>