<mjloggm ver="2.3"><GO type="169" lobby="0"/><UN n0="%E3%82%A6%E3%83%AB%E3%83%88%E3%83%A9%E7%AB%8B%E7%9B%B4" n1="%E9%89%84%E8%B2%9E" n2="%3D%4A%61%6D" n3="%E5%87%B1%E7%AB%A0" dan="18,16,16,16" rate="2277.75,2145.03,2062.24,2075.52" sx="M,M,M,M"/><TAIKYOKU oya="0"/><INIT seed="0,0,0,2,3,103" ten="250,250,250,250" oya="0" hai0="0,41,12,82,38,51,7,53,44,113,92,85,130" hai1="66,123,95,43,3,91,67,122,65,21,35,124,119" hai2="117,60,47,42,111,49,133,110,64,127,33,26,75" hai3="86,94,58,68,134,78,31,48,106,72,61,34,102"/><T22/><D113/><U74/><E119/><V80/><F117/><W121/><G121/><T118/><D118/><U128/><E35/><V6/><F127/><W98/><G134/><T135/><D135/><U84/><E74/><V112/><F112/><W97/><G48/><T81/><D130/><U76/><E124/><V46/><F133/><W93/><G68/><T104/><D0/><U8/><E128/><V73/><F6/><W17/><G72/><T100/><D104/><U30/><E76/><V57/><F47/><W87/><G78/><T19/><D7/><U90/><E43/><V15/><F15/><W101/><G106/><T116/><D116/><U114/><E114/><V24/><F80/><W109/><G109/><N who="2" m="41481" /><F24/><W37/><G37/><T132/><D132/><U50/><E3/><V18/><F18/><W32/><G17/><T54/><D38/><U36/><E36/><V52/><F64/><W29/><G58/><T69/><D69/><U89/><E67/><V20/><F20/><W25/><G61/><T120/><D120/><U77/><E122/><V45/><F46/><W96/><REACH who="3" step="1"/><G98/><REACH who="3" ten="250,250,250,240" step="2"/><N who="0" m="59463" /><D82/><U63/><E123/><V105/><F105/><W62/><G62/><T99/><D99/><U115/><E63/><V13/><F73/><W9/><G9/><T129/><D129/><U4/><E115/><V11/><F75/><W40/><G40/><T28/><D28/><U10/><E8/><V79/><F79/><AGARI ba="0,1" hai="12,19,22,41,44,51,53,54,79,81,85" m="59463" machi="79" ten="30,1500,0" yaku="8,1" doraHai="103" who="0" fromWho="2" sc="250,25,250,0,250,-15,240,0" /><INIT seed="0,1,0,4,1,45" ten="275,250,235,240" oya="0" hai0="134,65,44,14,126,129,80,73,125,31,17,120,42" hai1="54,74,83,28,115,96,24,122,105,93,104,86,58" hai2="0,99,81,43,25,116,41,30,133,50,51,29,85" hai3="88,53,84,114,68,127,101,107,64,63,102,52,77"/><T19/><D120/><U119/><E119/><V6/><F116/><W92/><G114/><T62/><D31/><N who="2" m="11786" /><F0/><W72/><G127/><N who="0" m="48651" /><D129/><U33/><E122/><V60/><F25/><W79/><G102/><T113/><D113/><U2/><E74/><V76/><F133/><W7/><G7/><T100/><D100/><U108/><E108/><V11/><F60/><W131/><G131/><T10/><D134/><U5/><E5/><V71/><F71/><W87/><G87/><T39/><D19/><U12/><E12/><N who="2" m="5239" /><F99/><W111/><G111/><T56/><D80/><U26/><E24/><V82/><F81/><N who="3" m="45223" /><G79/><T20/><D73/><U21/><E2/><V118/><F118/><W89/><G89/><T66/><D10/><U48/><E115/><V61/><F61/><W40/><G40/><AGARI ba="1,0" hai="40,41,43,50,51,76,82,85" m="5239,11786" machi="40" ten="30,3900,0" yaku="8,1,52,2" doraHai="45" who="2" fromWho="3" sc="275,0,250,0,235,42,240,-42" /><INIT seed="1,0,0,0,1,67" ten="275,250,277,198" oya="1" hai0="6,79,48,87,28,94,25,107,80,76,90,104,65" hai1="45,132,121,58,123,0,126,13,44,133,35,117,88" hai2="34,77,111,127,134,14,27,46,2,19,3,135,108" hai3="73,99,102,112,98,22,64,119,9,38,15,1,61"/><U78/><E117/><V85/><F77/><W23/><G38/><T11/><D48/><U68/><E0/><N who="2" m="43" /><F85/><W66/><G73/><T56/><D79/><U51/><E35/><V49/><F49/><W10/><G112/><T70/><D56/><U129/><E78/><V62/><F62/><W74/><G74/><T42/><D42/><U16/><E126/><V57/><F57/><W54/><G119/><T31/><D31/><U120/><E129/><V75/><F75/><W115/><G1/><T60/><D11/><U128/><E128/><V97/><F97/><W71/><G115/><T130/><D6/><U116/><E68/><V110/><F46/><W29/><G9/><T124/><D124/><U95/><E116/><V92/><F92/><W106/><G29/><T41/><D41/><U63/><E51/><V59/><F59/><W109/><G109/><T103/><D103/><U21/><E45/><V40/><F40/><W33/><G33/><T113/><D113/><U5/><E5/><V55/><F55/><W69/><G54/><T7/><D7/><U72/><E72/><V18/><F127/><W91/><G99/><N who="0" m="57815" /><D130/><U53/><REACH who="1" step="1"/><E44/><REACH who="1" ten="275,240,277,198" step="2"/><V83/><F34/><W37/><G37/><T89/><D76/><U52/><E52/><V24/><F111/><W84/><G66/><T12/><D70/><U39/><E39/><V30/><F110/><W93/><REACH who="3" step="1"/><G71/><REACH who="3" ten="275,240,277,188" step="2"/><T100/><D65/><U4/><E4/><AGARI ba="0,2" hai="4,10,15,22,23,61,64,69,84,91,93,98,102,106" machi="4" ten="30,8000,1" yaku="1,1,2,1,7,1,52,1,53,1" doraHai="67" doraHaiUra="8" who="3" fromWho="1" sc="275,0,240,-80,277,0,188,100" /><INIT seed="2,0,0,5,2,19" ten="275,160,277,288" oya="2" hai0="24,126,18,76,106,39,26,72,15,7,80,46,125" hai1="113,47,116,48,16,37,108,119,65,123,104,66,83" hai2="103,68,67,133,42,29,71,74,25,30,1,130,44" hai3="3,89,94,128,36,111,50,118,114,4,32,13,31"/><V62/><F130/><W78/><G118/><T40/><D7/><U110/><E104/><V132/><F1/><W88/><G36/><T127/><REACH who="0" step="1"/><D106/><REACH who="0" ten="265,160,277,288" step="2"/><U28/><E113/><V129/><F129/><W100/><G114/><T53/><D53/><U131/><E119/><V23/><F133/><W122/><G128/><T49/><D49/><U75/><E116/><V21/><F132/><W59/><G4/><T91/><D91/><U43/><E131/><V70/><F103/><W90/><G50/><T81/><D81/><U22/><E123/><V101/><F101/><W52/><G122/><T124/><N who="0" m="31744" /><DORA hai="85" /><T102/><D102/><U77/><E48/><V107/><F107/><W45/><G100/><T0/><D0/><U27/><REACH who="1" step="1"/><E28/><REACH who="1" ten="265,150,277,288" step="2"/><V38/><REACH who="2" step="1"/><F74/><REACH who="2" ten="265,150,267,288" step="2"/><W134/><G134/><T35/><D35/><U117/><E117/><V115/><F115/><W82/><G32/><T121/><D121/><U87/><E87/><V33/><F33/><W63/><G3/><T54/><D54/><U105/><E105/><V10/><F10/><AGARI ba="0,3" hai="10,15,18,24,26,39,40,46,72,76,80" m="31744" machi="10" ten="70,4500,0" yaku="1,1,18,1,53,0" doraHai="19,85" doraHaiUra="51,34" who="0" fromWho="2" sc="265,75,150,0,267,-45,288,0" /><INIT seed="3,0,0,3,2,124" ten="340,150,222,288" oya="3" hai0="133,78,85,12,64,77,8,49,130,89,42,68,107" hai1="121,16,104,40,98,134,126,36,47,115,83,71,25" hai2="61,122,59,66,80,15,132,37,43,75,114,19,87" hai3="135,60,102,70,125,45,92,4,72,76,88,97,35"/><W108/><G125/><T10/><D107/><U105/><E126/><V17/><F114/><W46/><G35/><T123/><D123/><U93/><E121/><V86/><F122/><W82/><G135/><T58/><D133/><U5/><E134/><V63/><F132/><W0/><G108/><T54/><D42/><U53/><E115/><V1/><F1/><W23/><G23/><T120/><D120/><U131/><E5/><V128/><F17/><W91/><G70/><T24/><D24/><U73/><E71/><V99/><F99/><W127/><G127/><T44/><D68/><U22/><E53/><V74/><F86/><W55/><G60/><N who="0" m="37911" /><D130/><U28/><E131/><V84/><F87/><W62/><G62/><T109/><D109/><U31/><E105/><V100/><F100/><W7/><G55/><T129/><D129/><U20/><E104/><V112/><F112/><W119/><G119/><T48/><D48/><U14/><E83/><V33/><F33/><W117/><G117/><T39/><D39/><U69/><E69/><N who="2" m="42191" /><F43/><W79/><G79/><N who="0" m="30219" /><D12/><U38/><E73/><V27/><F27/><W57/><G57/><T52/><D54/><U103/><REACH who="1" step="1"/><E31/><REACH who="1" ten="340,140,222,288" step="2"/><V3/><F128/><W101/><G7/><T51/><D52/><U13/><E13/><V116/><F116/><W94/><G4/><T34/><D44/><N who="3" m="17001" /><G0/><T11/><D34/><U90/><E90/><V96/><F3/><W30/><G30/><T113/><D113/><U21/><E21/><V18/><F74/><W81/><G82/><AGARI ba="0,1" hai="8,10,11,49,51,82,85,89" m="30219,37911" machi="82" ten="30,1000,0" yaku="8,1" doraHai="124" who="0" fromWho="3" sc="340,20,140,0,222,0,288,-10" /><INIT seed="4,0,0,3,4,17" ten="360,140,222,278" oya="0" hai0="6,39,132,20,105,60,35,134,89,117,54,59,43" hai1="40,126,9,70,94,50,111,74,57,122,30,25,41" hai2="124,5,118,23,27,110,97,93,81,56,37,15,3" hai3="121,42,104,12,129,92,33,28,130,71,21,108,64"/><T77/><D35/><U4/><E122/><V116/><F37/><W32/><G108/><T2/><D105/><U8/><E111/><V91/><F110/><W68/><G104/><T38/><D77/><U29/><E70/><V98/><F124/><W82/><G42/><T62/><D117/><N who="2" m="45162" /><F3/><W46/><G121/><T100/><D100/><U19/><E74/><V48/><F81/><W96/><G82/><T133/><D6/><U63/><E126/><V99/><F15/><W78/><G78/><T128/><D2/><U83/><E83/><V112/><F5/><W14/><G46/><T123/><D123/><U131/><E131/><V84/><F112/><W65/><G96/><T88/><D128/><U13/><E94/><V107/><F107/><W44/><G44/><N who="0" m="23671" /><D39/><U127/><E127/><V51/><F56/><W7/><G7/><T95/><D62/><U47/><E41/><V53/><F53/><W109/><G109/><T26/><D95/><U106/><E106/><V24/><F24/><W67/><G92/><T120/><D120/><U10/><E4/><V22/><F27/><W36/><G36/><T66/><D54/><N who="1" m="34231" /><E25/><V102/><F102/><W113/><G64/><T135/><D135/><U52/><E40/><V1/><F1/><W119/><G119/><T18/><AGARI ba="0,0" hai="18,20,26,59,60,66,88,89,132,133,134" m="23671" machi="18" ten="30,6000,0" yaku="20,1,52,1,54,1" doraHai="17" who="0" fromWho="0" sc="360,60,140,-20,222,-20,278,-20" /><INIT seed="4,1,0,2,4,17" ten="420,120,202,258" oya="0" hai0="47,115,63,131,55,35,74,37,34,27,45,95,10" hai1="103,68,120,30,33,114,22,59,9,76,113,48,111" hai2="112,24,31,0,83,91,6,102,38,100,85,50,77" hai3="84,25,122,44,57,108,107,56,23,105,104,19,36"/><T106/><D106/><U121/><E68/><V89/><F38/><W86/><G108/><T96/><D74/><U118/><E76/><V62/><F112/><N who="1" m="43113" /><E103/><V133/><F133/><W41/><G122/><N who="1" m="47210" /><E48/><V127/><F127/><W69/><G69/><T29/><D131/><U52/><E118/><V73/><F50/><W134/><G134/><T28/><D115/><U2/><E33/><V8/><F62/><W119/><G119/><T40/><D10/><U71/><E71/><V21/><REACH who="2" step="1"/><F91/><REACH who="2" ten="420,120,192,258" step="2"/><W110/><REACH who="3" step="1"/><G110/><REACH who="3" ten="420,120,192,248" step="2"/><T72/><D63/><N who="1" m="36327" /><E111/><V87/><F87/><AGARI ba="1,2" hai="19,23,25,36,41,44,56,57,84,86,87,104,105,107" machi="87" ten="40,2600,0" yaku="1,1,52,1,53,0" doraHai="17" doraHaiUra="126" who="3" fromWho="2" sc="420,0,120,0,192,-29,248,49" /><INIT seed="5,0,0,2,3,135" ten="420,120,163,297" oya="1" hai0="47,86,34,103,96,32,10,76,53,105,67,56,125" hai1="24,106,29,114,119,83,65,113,30,80,90,95,57" hai2="44,74,121,0,116,128,84,38,127,72,39,40,120" hai3="27,107,3,79,55,70,28,31,22,81,61,33,132"/><U78/><E106/><V59/><F116/><W93/><G132/><T9/><D67/><U37/><E119/><V71/><F59/><W19/><G107/><T54/><D125/><U63/><E37/><V51/><F84/><W35/><G3/><T115/><D115/><U48/><E48/><V91/><F91/><W94/><G35/><T82/><D10/><U130/><E130/><V16/><F0/><W117/><G117/><T15/><D47/><U104/><E104/><V66/><F128/><W122/><G122/><T88/><D76/><U68/><E68/><V133/><F133/><W20/><G33/><T129/><D54/><U92/><E83/><V134/><F134/><W13/><G31/><T17/><REACH who="0" step="1"/><D129/><REACH who="0" ten="410,120,163,297" step="2"/><U102/><E114/><V131/><F131/><W77/><G70/><T26/><D26/><U11/><E11/><V4/><F66/><W23/><G77/><T85/><D85/><U73/><E113/><V124/><F71/><W25/><G25/><T126/><D126/><N who="2" m="48170" /><F4/><W8/><G27/><T118/><D118/><U75/><E78/><V112/><F112/><W89/><G28/><T49/><AGARI ba="0,1" hai="9,15,17,32,34,49,53,56,82,86,88,96,103,105" machi="49" ten="20,5200,0" yaku="1,1,0,1,7,1,54,1,53,0" doraHai="135" doraHaiUra="109" who="0" fromWho="0" sc="410,62,120,-26,163,-13,297,-13" /><INIT seed="6,0,0,2,1,102" ten="472,94,150,284" oya="2" hai0="9,23,130,79,106,44,86,117,126,134,6,13,112" hai1="69,97,83,48,68,8,98,5,60,90,64,65,121" hai2="2,7,31,11,0,63,127,28,107,111,33,93,110" hai3="85,26,40,89,17,30,36,92,61,123,22,75,67"/><V129/><F93/><W19/><G123/><T51/><D106/><U57/><E121/><V114/><F129/><W124/><G75/><T91/><D112/><U55/><E83/><V71/><F114/><W84/><G124/><T81/><D134/><U105/><E90/><V125/><F107/><W45/><REACH who="3" step="1"/><G84/><REACH who="3" ten="472,94,150,274" step="2"/><T21/><D126/><U18/><E18/><V34/><F71/><AGARI ba="0,1" hai="17,19,22,26,30,36,40,45,61,67,71,85,89,92" machi="71" ten="30,3900,0" yaku="1,1,2,1,7,1,53,0" doraHai="102" doraHaiUra="119" who="3" fromWho="2" sc="472,0,94,0,150,-39,274,49" /><INIT seed="7,0,0,5,1,93" ten="472,94,111,323" oya="3" hai0="88,67,125,62,71,98,7,43,106,21,49,114,59" hai1="53,9,87,91,109,74,11,58,77,41,19,44,52" hai2="48,121,30,31,47,122,76,22,117,40,84,27,57" hai3="133,63,24,118,134,128,10,96,70,66,124,113,68"/><W65/><G118/><T29/><D7/><U119/><E109/><V15/><F117/><W5/><G113/><T45/><D114/><U75/><E119/><V79/><F15/><W97/><G124/><T36/><D125/><U54/><E58/><V82/><F76/><W46/><G46/><T3/><D3/><U92/><E77/><V85/><F85/><W83/><G83/><T107/><D98/><N who="3" m="37993" /><G24/><N who="0" m="16527" /><D88/><U33/><E33/><V81/><F81/><W14/><G128/><T35/><D35/><U69/><E69/><V99/><F99/><W55/><G55/><AGARI ba="0,0" hai="36,43,45,49,55,59,62,67,71,106,107" m="16527" machi="55" ten="30,1000,0" yaku="24,1" doraHai="93" who="0" fromWho="3" sc="472,10,94,0,111,0,323,-10" owari="482,59.0,94,-41.0,111,-29.0,313,11.0" /></mjloggm>