<mjloggm ver="2.3"><GO type="169" lobby="0"/><UN n0="%6F%77%61%72%69%2D" n1="%E5%A4%A9%E7%85%A7" n2="%E3%82%A6%E3%83%AB%E3%83%88%E3%83%A9%E7%AB%8B%E7%9B%B4" n3="%E3%83%AD%E3%83%83%E3%83%86%E9%9B%80%E7%90%83" dan="16,16,16,18" rate="2062.20,2078.65,2152.90,2270.35" sx="M,M,M,M"/><TAIKYOKU oya="0"/><INIT seed="0,0,0,5,3,8" ten="250,250,250,250" oya="0" hai0="103,131,111,104,62,4,54,91,33,40,27,86,55" hai1="28,19,118,56,11,75,12,48,23,57,115,113,6" hai2="110,101,88,106,50,120,24,16,82,100,93,18,87" hai3="31,105,26,36,114,49,128,2,67,58,71,98,112"/><T122/><D122/><U46/><E75/><V61/><F120/><W5/><G36/><T96/><D131/><U123/><E123/><V109/><F106/><W102/><G128/><T130/><D130/><U108/><E108/><N who="2" m="41579" /><F61/><N who="3" m="40431" /><G5/><T38/><D111/><U80/><E118/><V10/><F50/><W47/><G58/><T65/><D4/><U89/><E28/><V35/><F82/><W39/><G2/><T30/><D40/><U124/><E124/><V66/><F66/><W32/><G39/><T72/><D72/><U77/><E89/><V15/><F18/><W22/><G22/><T132/><D132/><U69/><E69/><V21/><F10/><W81/><G81/><T117/><D38/><U64/><E64/><V134/><F134/><W14/><G14/><T74/><D74/><U79/><E115/><V43/><F43/><AGARI ba="0,0" hai="26,31,32,43,47,49,98,102,105,112,114" m="40431" machi="43" ten="30,1000,0" yaku="25,1" doraHai="8" who="3" fromWho="2" sc="250,0,250,0,250,-10,250,10" /><INIT seed="1,0,0,4,0,95" ten="250,250,240,260" oya="1" hai0="53,41,75,3,88,57,19,102,132,23,29,117,7" hai1="77,92,4,103,10,58,47,93,134,116,54,79,0" hai2="133,44,8,68,73,135,70,115,91,126,30,25,71" hai3="99,11,81,39,2,24,36,97,9,96,28,14,94"/><U109/><E116/><V89/><F126/><W16/><G94/><T98/><D75/><U90/><E134/><N who="2" m="51211" /><F115/><W123/><G123/><T45/><D117/><U33/><E33/><V13/><F44/><W6/><REACH who="3" step="1"/><G81/><REACH who="3" ten="250,250,240,250" step="2"/><T80/><D80/><U48/><E109/><V40/><F40/><W26/><G26/><T49/><D132/><U17/><E93/><V31/><F25/><W114/><G114/><T107/><D41/><U78/><E103/><V18/><F73/><W83/><G83/><T34/><D102/><U113/><E113/><V108/><F108/><W112/><G112/><T43/><D43/><U101/><E101/><V63/><F63/><W86/><G86/><T59/><D107/><U106/><E106/><V118/><F118/><W121/><G121/><T62/><D62/><U111/><E111/><V1/><F1/><W22/><AGARI ba="0,1" hai="2,6,9,11,14,16,22,24,28,36,39,96,97,99" machi="22" ten="30,12000,2" yaku="1,1,0,1,52,3,54,1,53,0" doraHai="95" doraHaiUra="125" who="3" fromWho="3" sc="250,-30,250,-60,240,-30,250,130" /><INIT seed="2,0,0,4,2,32" ten="220,190,210,380" oya="2" hai0="33,65,125,103,63,36,129,13,101,133,73,2,39" hai1="35,25,121,66,76,91,127,71,99,114,75,97,83" hai2="37,113,5,72,93,134,96,10,98,117,38,61,27" hai3="124,115,106,120,11,18,52,41,45,112,62,104,123"/><V67/><F117/><W29/><G29/><T69/><D33/><U74/><E114/><N who="3" m="43562" /><G18/><T84/><D73/><U50/><E127/><V48/><F113/><W12/><G12/><T78/><D125/><U55/><E121/><V59/><F134/><W126/><G11/><T3/><D133/><U64/><E75/><V118/><F118/><W58/><G106/><T34/><D34/><U81/><E71/><V82/><F27/><W47/><G104/><T54/><D13/><U4/><E4/><V20/><F20/><W95/><G95/><T119/><D54/><U102/><E25/><V26/><F26/><W86/><G86/><T49/><D49/><U23/><E23/><V90/><F98/><W16/><G16/><T46/><D46/><N who="3" m="17417" /><G41/><T109/><D103/><U0/><E35/><V30/><F30/><W44/><G44/><T68/><D101/><U7/><E83/><V135/><F135/><W128/><G128/><T15/><D15/><U105/><E91/><V116/><F116/><W43/><G43/><T42/><D42/><U108/><E99/><V28/><F28/><W89/><G89/><T110/><D129/><U92/><E105/><V79/><REACH who="2" step="1"/><F48/><REACH who="2" ten="220,190,200,380" step="2"/><W31/><G31/><T51/><D51/><U17/><E50/><V19/><F19/><W122/><AGARI ba="0,1" hai="52,58,62,120,122,123,124,126" m="17417,43562" machi="122" ten="40,8000,1" yaku="11,1,34,2,54,1" doraHai="32" who="3" fromWho="3" sc="220,-20,190,-20,200,-40,380,90" /><INIT seed="3,0,0,3,5,47" ten="200,170,160,470" oya="3" hai0="105,35,0,23,11,116,119,74,41,79,101,111,22" hai1="77,108,71,93,52,96,3,62,89,55,134,21,14" hai2="76,49,80,13,38,45,133,70,1,75,20,117,2" hai3="102,53,95,26,29,17,31,104,69,24,82,106,58"/><W5/><G69/><T72/><D35/><U94/><E3/><V83/><F117/><W4/><G106/><T123/><D105/><U46/><E134/><V68/><F38/><W86/><G104/><T128/><D101/><U6/><E108/><V9/><F133/><W16/><G95/><T115/><D41/><U19/><E6/><N who="3" m="2666" /><G102/><T28/><D11/><U39/><E77/><V44/><F9/><W100/><G100/><T10/><D10/><U59/><E71/><V67/><F67/><W113/><G113/><T25/><D123/><U63/><E39/><V118/><F118/><W42/><G42/><T57/><D111/><U27/><E94/><V54/><F20/><N who="3" m="13319" /><G17/><T92/><D115/><U73/><E73/><V131/><F54/><W34/><G26/><N who="0" m="16471" /><D92/><U56/><E46/><V99/><F75/><W130/><G34/><T32/><D32/><U36/><E36/><V84/><F45/><W132/><G130/><T66/><D128/><U81/><E81/><V135/><F83/><W98/><G98/><T78/><D74/><U61/><REACH who="1" step="1"/><E14/><REACH who="1" ten="200,160,160,470" step="2"/><V48/><F13/><W15/><G15/><T18/><D72/><U90/><E90/><V121/><F80/><W7/><G7/><T124/><D119/><U33/><E33/><V30/><F131/><W110/><G110/><T103/><D116/><U120/><E120/><V12/><F70/><W107/><G132/><T125/><D79/><U64/><E64/><V91/><F68/><W51/><G107/><T112/><D78/><AGARI ba="0,1" hai="29,31,51,53,58,78,82,86" m="13319,2666" machi="78" ten="30,5800,0" yaku="8,1,52,1,54,1" doraHai="47" who="3" fromWho="0" sc="200,-58,160,0,160,0,470,68" /><INIT seed="3,1,0,0,0,45" ten="142,160,160,538" oya="3" hai0="114,106,125,29,135,124,80,126,6,59,121,33,110" hai1="60,81,115,109,11,8,75,122,24,95,89,69,47" hai2="107,58,83,68,23,133,119,71,2,21,46,111,1" hai3="108,39,67,54,10,32,131,0,55,84,123,120,26"/><W66/><G39/><T43/><D121/><U48/><E109/><V37/><F119/><W27/><G84/><T70/><D70/><U105/><E105/><V117/><F117/><W77/><G77/><T88/><D110/><U19/><E122/><V4/><F107/><W101/><G101/><T96/><D135/><U90/><E115/><V72/><F111/><W104/><G104/><T38/><D114/><U94/><E75/><V42/><F133/><W74/><G74/><T40/><D6/><U16/><E69/><V118/><F118/><W3/><G108/><T113/><D113/><U49/><E60/><V56/><F71/><W17/><G17/><N who="1" m="6730" /><E24/><V15/><F68/><W35/><G10/><N who="1" m="3626" /><E47/><V62/><F1/><W13/><G13/><T25/><D38/><U14/><E14/><V31/><F15/><W92/><G27/><T91/><D59/><U52/><E52/><N who="2" m="34055" /><F58/><W51/><G0/><T99/><D106/><U12/><E12/><V41/><F41/><N who="0" m="15946" /><D80/><U129/><E129/><V30/><F4/><W86/><G131/><T97/><AGARI ba="1,0" hai="25,29,33,88,91,96,97,99,124,125,126" m="15946" machi="97" ten="40,2700,0" yaku="18,1,54,1" doraHai="45" who="0" fromWho="0" sc="142,30,160,-8,160,-8,538,-14" /><INIT seed="4,0,0,1,4,72" ten="172,152,152,524" oya="0" hai0="57,71,67,101,19,53,7,123,81,77,98,33,82" hai1="70,61,134,129,37,120,32,5,50,104,89,115,45" hai2="30,132,75,15,125,127,100,31,42,2,16,58,74" hai3="39,116,25,11,124,126,66,18,79,78,63,49,43"/><T0/><D33/><U62/><E104/><V96/><F2/><W1/><G39/><T92/><D123/><U133/><E32/><V22/><F42/><W56/><G116/><T3/><D71/><U4/><E37/><V55/><F132/><N who="1" m="50793" /><E120/><V38/><F38/><W36/><G36/><T128/><D67/><N who="1" m="41327" /><E62/><N who="2" m="36191" /><F75/><W95/><G95/><T23/><D128/><U80/><E129/><V35/><F74/><W52/><G43/><T69/><D69/><U94/><E80/><V65/><F65/><W54/><G54/><T40/><D40/><N who="1" m="24871" /><E115/><V60/><F60/><W93/><G93/><T17/><D82/><U41/><E41/><V47/><F35/><W88/><G88/><N who="0" m="55559" /><D0/><U135/><N who="1" m="50801" /><U68/><DORA hai="107" /><E68/><V114/><F114/><W21/><G1/><T119/><D3/><U86/><AGARI ba="0,0" hai="4,5,86,89,94" m="24871,41327,50801" machi="86" ten="40,1500,0" yaku="20,1" doraHai="72,107" who="1" fromWho="1" sc="172,-7,152,15,152,-4,524,-4" /><INIT seed="5,0,0,5,3,51" ten="165,167,148,520" oya="1" hai0="112,92,125,107,126,128,9,124,32,76,118,123,23" hai1="6,12,135,84,5,62,93,108,87,78,67,91,121" hai2="7,117,73,37,98,122,99,1,38,16,39,3,10" hai3="82,57,17,54,96,101,81,90,103,4,45,50,75"/><U19/><E121/><V15/><F117/><W65/><G75/><T66/><D107/><U42/><E42/><V60/><F122/><W26/><G4/><T47/><D123/><U24/><E108/><V69/><F73/><W100/><G96/><T63/><D118/><U129/><E129/><V83/><F83/><N who="3" m="31755" /><G90/><T134/><D32/><U8/><E135/><V22/><REACH who="2" step="1"/><F3/><REACH who="2" ten="165,167,138,520" step="2"/><W71/><G71/><T127/><D127/><U88/><E78/><V18/><F18/><W2/><G2/><T130/><D76/><U89/><E87/><V25/><F25/><W131/><G131/><T72/><D72/><U14/><E24/><V79/><F79/><W85/><G17/><T109/><D130/><U116/><E116/><V27/><F27/><W110/><G26/><T113/><D128/><U33/><E33/><V55/><F55/><W53/><G54/><T48/><D125/><U11/><REACH who="1" step="1"/><E19/><REACH who="1" ten="165,157,138,520" step="2"/><V49/><F49/><W35/><G50/><T31/><D48/><U46/><E46/><V94/><F94/><W21/><G45/><T133/><D47/><U40/><E40/><V105/><F105/><W132/><G35/><T70/><D92/><U115/><E115/><N who="0" m="44105" /><D124/><U114/><E114/><V97/><F97/><W61/><G110/><T20/><D109/><U74/><E74/><V86/><F86/><W80/><G85/><T104/><D126/><U111/><E111/><V44/><F44/><W120/><G132/><T43/><D43/><U28/><E28/><V56/><F56/><AGARI ba="0,2" hai="5,6,8,11,12,14,56,62,67,84,88,89,91,93" machi="56" ten="30,12000,1" yaku="1,1,7,1,9,1,8,1,54,1,53,0" doraHai="51" doraHaiUra="64" who="1" fromWho="2" sc="165,0,157,140,138,-120,520,0" /><INIT seed="5,1,0,3,1,46" ten="165,297,18,520" oya="1" hai0="68,20,93,65,17,83,120,66,77,104,57,2,47" hai1="24,106,35,134,101,107,119,71,31,128,44,53,4" hai2="59,25,62,9,5,63,56,23,72,69,95,18,129" hai3="102,21,58,124,55,22,127,37,36,8,39,89,123"/><U96/><E119/><V30/><F72/><W90/><G102/><T27/><D104/><U52/><E107/><V79/><F69/><W15/><G123/><T49/><D2/><U98/><E128/><V13/><F129/><W74/><G74/><T48/><D68/><U105/><E134/><V61/><F79/><W97/><G22/><T115/><D115/><U45/><E4/><V99/><REACH who="2" step="1"/><F30/><REACH who="2" ten="165,297,8,520" step="2"/><W14/><G127/><T11/><D77/><U12/><E12/><V126/><F126/><W10/><G14/><T130/><D130/><U116/><E116/><V73/><F73/><W113/><G15/><T67/><D120/><U112/><E112/><V32/><F32/><W41/><G113/><T75/><D75/><U84/><E71/><V133/><F133/><W3/><G124/><T88/><D66/><U94/><E84/><V40/><F40/><W81/><G41/><T0/><D67/><U92/><E31/><V125/><F125/><W38/><G3/><T7/><D65/><U78/><E78/><V100/><AGARI ba="1,1" hai="5,9,13,18,23,25,56,59,61,62,63,95,99,100" machi="100" ten="30,7900,0" yaku="1,1,0,1,8,1,53,1" doraHai="46" doraHaiUra="6" who="2" fromWho="2" sc="165,-21,297,-40,8,92,520,-21" /><INIT seed="6,0,0,3,4,6" ten="144,257,100,499" oya="2" hai0="117,128,102,35,129,77,83,92,44,9,101,19,7" hai1="67,63,76,24,69,36,4,91,3,34,85,125,80" hai2="105,60,62,89,72,46,27,54,94,15,50,99,121" hai3="79,131,23,39,104,29,41,73,96,38,124,107,61"/><V97/><F121/><W43/><G124/><T114/><D114/><U70/><E125/><V135/><F72/><W28/><G131/><N who="0" m="50251" /><D35/><U55/><E36/><V16/><F135/><W88/><G88/><T86/><D117/><U21/><E34/><V64/><F27/><W122/><G23/><T1/><D44/><U133/><E133/><V31/><F31/><W18/><G18/><T11/><D92/><U0/><E70/><V82/><F82/><W111/><G61/><T13/><AGARI ba="0,0" hai="1,7,9,11,13,19,77,83,86,101,102" m="50251" machi="13" ten="30,4000,0" yaku="19,1,52,2" doraHai="6" who="0" fromWho="0" sc="144,40,257,-10,100,-20,499,-10" /><INIT seed="7,0,0,3,3,119" ten="184,247,80,489" oya="3" hai0="118,43,122,102,71,61,83,24,13,90,114,48,101" hai1="39,18,4,56,29,47,84,50,75,76,74,7,38" hai2="58,14,69,129,11,16,110,33,93,120,116,36,111" hai3="63,26,57,60,73,86,128,107,53,109,8,78,22"/><W89/><G107/><T127/><D118/><U54/><E75/><V123/><F93/><W66/><G128/><T82/><D24/><U28/><E74/><V0/><F58/><W133/><G133/><T52/><D43/><U130/><E130/><V77/><F77/><W121/><G121/><N who="2" m="46665" /><F69/><W103/><G109/><N who="2" m="41481" /><F36/><W10/><G103/><T81/><D122/><U65/><E39/><V131/><F116/><W55/><G78/><T19/><D127/><U87/><E38/><V27/><F0/><W92/><G73/><T99/><D114/><U95/><E87/><V80/><F80/><W6/><G6/><T45/><D71/><U12/><E76/><V25/><F25/><W2/><G2/><T70/><D70/><U44/><E7/><V79/><F79/><W91/><G91/><T62/><D62/><U59/><E4/><V35/><F35/><W9/><G63/><T85/><D61/><U20/><E59/><V96/><F96/><W105/><G105/><T41/><D41/><U100/><E65/><V15/><F15/><W46/><G46/><T104/><D101/><U1/><E1/><V40/><F40/><W135/><G135/><T97/><D97/><U23/><E100/><V64/><F64/><W117/><G117/><T112/><D112/><U126/><E47/><V94/><F94/><W37/><G37/><T108/><D108/><U5/><E44/><V115/><F115/><W51/><G51/><T134/><D134/><U88/><E50/><V72/><F72/><W49/><G49/><T31/><D48/><U124/><E56/><V21/><F33/><RYUUKYOKU ba="0,0" sc="184,-15,247,-15,80,15,489,15" hai2="11,14,16,21,27,129,131" hai3="8,9,10,22,26,53,55,57,60,66,86,89,92" owari="169,-23.0,232,3.0,95,-40.0,504,60.0" /></mjloggm>