<mjloggm ver="2.3"><GO type="169" lobby="0"/><UN n0="%E3%82%84%E3%82%93%E3%82%8F%E3%82%8A" n1="%EF%BC%93%E7%95%AA%E3%82%B7%E3%83%A7%E3%83%BC%E3%83%88%E5%9D%82%E7%94%B0" n2="%E3%82%A6%E3%83%AB%E3%83%88%E3%83%A9%E7%AB%8B%E7%9B%B4" n3="%E3%82%B8%E3%83%A3%E3%83%83%E3%82%AB%EF%BD%9E%E3%83%AB" dan="16,16,18,16" rate="2091.01,2091.65,2249.53,2033.34" sx="M,M,M,F"/><TAIKYOKU oya="0"/><INIT seed="0,0,0,0,0,60" ten="250,250,250,250" oya="0" hai0="99,67,1,97,100,27,40,130,70,119,51,15,96" hai1="122,41,103,24,58,37,21,135,116,73,71,133,83" hai2="79,18,5,75,98,13,127,43,112,131,101,108,109" hai3="93,77,87,33,20,55,26,10,120,35,66,114,52"/><T104/><D119/><U115/><E122/><V106/><F112/><W42/><G114/><T12/><D1/><U50/><E116/><V74/><F5/><W25/><G120/><T132/><D132/><U102/><E71/><V72/><F131/><W111/><G42/><T125/><D130/><U46/><E115/><V47/><F79/><W38/><G38/><T3/><D3/><U32/><E32/><V53/><F53/><W63/><G111/><T19/><D125/><U64/><E83/><V118/><F127/><W49/><G10/><T9/><D15/><U65/><E73/><V81/><F81/><W0/><G0/><T36/><D36/><U107/><E37/><V84/><F84/><W48/><G77/><T28/><D51/><U2/><E2/><V91/><F91/><N who="3" m="53503" /><G33/><N who="0" m="20639" /><D40/><U11/><E11/><V4/><F4/><W82/><G35/><T68/><D68/><U39/><E39/><V34/><F34/><W76/><G49/><T95/><D95/><U134/><E58/><V110/><F118/><W45/><G55/><T29/><D29/><N who="1" m="17551" /><E107/><V117/><F117/><W90/><G76/><T129/><D129/><U17/><E17/><V22/><F43/><W126/><G126/><T62/><AGARI ba="0,0" hai="9,12,19,62,67,70,96,97,99,100,104" m="20639" machi="62" ten="30,3000,0" yaku="25,1,52,1" doraHai="60" who="0" fromWho="0" sc="250,30,250,-10,250,-10,250,-10" /><INIT seed="0,1,0,4,4,53" ten="280,240,240,240" oya="0" hai0="122,21,46,67,35,98,11,12,130,81,134,33,73" hai1="75,99,80,94,121,110,58,132,56,131,113,25,62" hai2="9,52,118,92,77,50,7,112,19,119,1,5,117" hai3="30,61,100,114,57,82,41,17,22,108,3,24,102"/><T71/><D122/><U59/><E121/><V103/><F112/><W34/><G114/><T40/><D134/><U91/><E113/><V38/><F38/><W14/><G108/><T31/><D130/><U128/><E110/><V127/><F127/><W68/><G68/><T64/><D98/><U93/><E132/><V60/><F77/><W28/><G28/><T74/><D21/><U2/><E2/><V13/><F60/><W6/><G41/><T26/><D35/><U42/><E42/><V83/><F83/><W78/><G6/><T32/><D32/><U65/><E25/><V10/><F7/><W106/><G3/><T123/><D123/><U66/><E66/><V15/><F1/><W124/><G106/><T89/><D71/><U104/><E104/><V116/><F116/><W101/><G124/><T90/><D73/><U44/><E44/><V86/><F103/><W96/><G96/><T4/><D89/><U0/><E0/><V69/><F69/><W72/><REACH who="3" step="1"/><G101/><REACH who="3" ten="280,240,240,230" step="2"/><T48/><REACH who="0" step="1"/><D90/><REACH who="0" ten="270,240,240,230" step="2"/><U43/><E131/><V95/><REACH who="2" step="1"/><F86/><REACH who="2" ten="270,240,230,230" step="2"/><W120/><G120/><T8/><D8/><U76/><E128/><V49/><F49/><W47/><G47/><AGARI ba="1,3" hai="5,9,10,13,15,19,47,50,52,92,95,117,118,119" machi="47" ten="40,5200,0" yaku="1,1,12,1,54,1,53,0" doraHai="53" doraHaiUra="97" who="2" fromWho="3" sc="270,0,240,0,230,85,230,-55" /><INIT seed="1,0,0,2,1,59" ten="270,240,315,175" oya="1" hai0="60,31,9,128,74,83,101,121,70,78,135,88,99" hai1="122,13,132,41,40,80,35,130,90,54,105,131,67" hai2="23,63,89,11,18,25,0,66,47,112,115,114,33" hai3="123,22,116,134,120,3,32,65,100,42,124,133,38"/><U55/><E105/><V71/><F33/><W1/><G100/><T72/><D72/><U44/><E35/><V93/><F47/><N who="3" m="24023" /><G32/><T75/><D75/><U5/><E122/><N who="3" m="46634" /><G65/><T82/><D121/><U50/><E132/><N who="3" m="50794" /><G124/><T79/><D135/><U48/><E67/><V51/><F51/><W106/><G106/><T129/><D78/><U12/><E131/><V73/><F73/><W77/><G77/><T36/><D36/><U92/><E130/><V69/><F11/><W95/><G95/><T29/><D128/><U81/><E5/><V21/><F21/><W45/><G45/><T43/><D9/><U16/><E80/><V96/><REACH who="2" step="1"/><F0/><REACH who="2" ten="270,240,305,175" step="2"/><N who="3" m="75" /><G22/><T19/><D129/><U10/><E81/><V15/><F15/><W34/><G34/><T8/><D82/><U127/><E13/><V57/><AGARI ba="0,1" hai="18,23,25,57,63,66,69,71,89,93,96,112,114,115" machi="57" ten="30,7900,0" yaku="1,1,0,1,11,1,52,1,53,0" doraHai="59" doraHaiUra="98" who="2" fromWho="2" sc="270,-20,240,-39,305,89,175,-20" /><INIT seed="2,0,0,3,5,97" ten="250,201,394,155" oya="2" hai0="44,0,133,47,59,28,129,134,33,52,69,102,58" hai1="109,30,54,53,81,70,86,127,37,38,51,26,18" hai2="40,55,74,85,80,121,64,108,6,130,113,21,8" hai3="125,11,119,31,65,66,41,107,77,93,131,94,89"/><V45/><F113/><W88/><G107/><T19/><D0/><U35/><E70/><V98/><F121/><W16/><G119/><T95/><D69/><U112/><E112/><V17/><F130/><W20/><G131/><T43/><D129/><U3/><E3/><V71/><F108/><W49/><G125/><T76/><D76/><U25/><E109/><V96/><F55/><W24/><G77/><T99/><D19/><U67/><E127/><V90/><F74/><W34/><G11/><T27/><D59/><U122/><E67/><V124/><F124/><W78/><G78/><T123/><D123/><U61/><E122/><V4/><F64/><W73/><G73/><T48/><REACH who="0" step="1"/><D47/><REACH who="0" ten="240,201,394,155" step="2"/><U32/><E18/><V75/><F71/><W9/><G66/><T111/><D111/><U14/><E35/><V135/><F6/><W13/><G65/><T126/><D126/><U116/><E32/><V5/><F4/><W101/><G34/><T91/><D91/><N who="3" m="34889" /><G101/><T56/><D56/><U79/><E79/><V120/><F120/><W106/><G106/><T103/><D103/><U57/><E57/><V105/><F105/><W117/><G117/><T128/><D128/><U92/><E116/><V100/><F100/><W23/><G23/><T2/><D2/><U22/><E22/><V68/><F68/><W114/><G114/><T132/><D132/><U36/><E81/><V39/><F75/><W83/><G83/><T84/><D84/><U7/><E7/><V29/><F135/><W15/><G15/><T118/><D118/><U10/><E14/><N who="2" m="7367" /><F5/><W60/><G60/><AGARI ba="0,1" hai="27,28,33,43,44,48,52,58,60,95,99,102,133,134" machi="60" ten="40,8000,1" yaku="1,1,6,1,52,1,54,1,53,0" doraHai="97" doraHaiUra="72" who="0" fromWho="3" sc="240,90,201,0,394,0,155,-80" /><INIT seed="3,0,0,4,4,69" ten="330,201,394,75" oya="3" hai0="24,25,49,6,30,65,33,99,44,77,1,59,98" hai1="132,3,72,89,126,13,117,20,83,133,112,63,28" hai2="17,128,106,32,39,79,34,102,91,45,55,119,9" hai3="61,42,50,27,70,22,64,47,104,53,12,82,116"/><W100/><G116/><T122/><D122/><U7/><E117/><V80/><F119/><W118/><G118/><T73/><D25/><U93/><E112/><V115/><F115/><W75/><G12/><T36/><D65/><U57/><E126/><V14/><F128/><W76/><G100/><T5/><D5/><U123/><E3/><V43/><F91/><W2/><G104/><T86/><D86/><U134/><E123/><V113/><F113/><W0/><REACH who="3" step="1"/><G53/><REACH who="3" ten="330,201,394,65" step="2"/><T37/><D1/><U8/><E134/><V46/><F102/><W68/><G68/><T67/><D67/><U81/><E133/><V52/><F106/><W10/><G10/><T121/><D121/><U135/><E132/><V87/><F55/><W96/><G96/><T105/><D99/><N who="1" m="57775" /><E135/><V48/><AGARI ba="0,1" hai="9,14,17,32,34,39,43,45,46,48,52,79,80,87" machi="48" ten="30,4000,0" yaku="0,1,52,1,54,1" doraHai="69" who="2" fromWho="2" sc="330,-10,201,-10,394,50,65,-20" /><INIT seed="4,0,0,1,4,56" ten="320,191,444,45" oya="0" hai0="25,119,89,85,92,81,15,90,103,106,49,53,26" hai1="118,5,27,44,94,29,120,39,50,55,80,125,73" hai2="70,43,77,113,104,82,130,101,11,86,93,30,13" hai3="129,21,71,96,115,78,122,8,23,112,48,88,9"/><T127/><D119/><U41/><E120/><V64/><F30/><W54/><G78/><T3/><D3/><U84/><E118/><V0/><F0/><W128/><G71/><T135/><D135/><U18/><E125/><V69/><F43/><W22/><G122/><T42/><D127/><U38/><E5/><V24/><F24/><W61/><G48/><T1/><D1/><U116/><E116/><V47/><F47/><W123/><G123/><T76/><D42/><U28/><E73/><V17/><F113/><N who="3" m="43595" /><G8/><T67/><D90/><U131/><E94/><V57/><F104/><W59/><G9/><T107/><D107/><U98/><E98/><V20/><F20/><W126/><G126/><T60/><D15/><U10/><E131/><N who="3" m="50250" /><G22/><T87/><D103/><U121/><E121/><V74/><F101/><W37/><G37/><T35/><D106/><U52/><E39/><V34/><F34/><W6/><G6/><T97/><D35/><U31/><E38/><V111/><F130/><W109/><G109/><T102/><D102/><U108/><E108/><V105/><F105/><W14/><G14/><T19/><D97/><U46/><E10/><V72/><F111/><W134/><G134/><T99/><D99/><U110/><E110/><V7/><F7/><W117/><G117/><T62/><D19/><U66/><E18/><V32/><F17/><W79/><G79/><T16/><D25/><U36/><E27/><V63/><F32/><W12/><G12/><T124/><D124/><U75/><E31/><V68/><F13/><W40/><G40/><T45/><D67/><RYUUKYOKU ba="0,0" sc="320,15,191,-15,444,-15,45,15" hai0="16,26,45,49,53,60,62,76,81,85,87,89,92" hai3="21,23,54,59,61,88,96" /><INIT seed="4,1,0,3,0,80" ten="335,176,429,60" oya="0" hai0="32,38,86,89,6,110,66,122,0,4,124,72,46" hai1="31,45,60,117,99,67,25,37,85,104,40,78,73" hai2="109,100,128,28,79,52,64,58,63,102,135,3,77" hai3="56,16,91,97,88,132,74,114,120,14,69,101,65"/><T103/><D122/><U133/><E117/><V95/><F3/><W76/><G120/><T75/><D124/><U5/><E5/><V107/><F107/><W92/><G69/><T130/><D32/><U98/><E133/><V33/><F109/><W127/><G132/><T15/><D110/><U112/><E112/><V34/><F34/><W23/><G127/><T22/><D103/><U61/><E61/><V94/><F135/><W108/><G108/><T111/><D111/><U81/><E73/><V36/><F36/><W90/><G114/><T59/><D0/><U121/><E104/><V7/><F7/><W106/><G65/><T113/><D113/><U125/><E125/><V96/><F128/><W35/><G35/><T42/><D130/><U126/><E121/><V43/><F43/><W20/><G56/><T2/><D2/><U29/><E126/><V116/><F116/><W105/><REACH who="3" step="1"/><G20/><REACH who="3" ten="335,176,429,50" step="2"/><T39/><D59/><U51/><E67/><V119/><F64/><W30/><G30/><T115/><D66/><U19/><E31/><V84/><F28/><W87/><G87/><T93/><D115/><U24/><E29/><V18/><F33/><W49/><G49/><N who="0" m="26839" /><D72/><U9/><E37/><V62/><F58/><W48/><G48/><T118/><D75/><U1/><E60/><V70/><F63/><W71/><G71/><T21/><D118/><U47/><E51/><V27/><F62/><W44/><G44/><T10/><D38/><U17/><E45/><V123/><F119/><W13/><G13/><N who="0" m="5319" /><D39/><U131/><E1/><V53/><F123/><W68/><G68/><RYUUKYOKU ba="1,1" sc="335,15,176,-15,429,-15,50,15" hai0="6,15,21,22,86,89,93" hai3="14,16,23,74,76,88,90,91,92,97,101,105,106" /><INIT seed="4,2,1,4,5,91" ten="350,161,414,65" oya="0" hai0="65,1,118,89,121,95,60,55,110,105,131,10,9" hai1="6,59,57,123,11,84,130,111,113,134,96,70,119" hai2="23,29,22,126,106,40,16,120,44,86,117,82,33" hai3="125,63,77,3,2,32,99,35,135,92,78,109,112"/><T94/><D105/><U83/><E70/><V14/><F106/><W61/><G109/><T45/><D121/><U52/><E123/><V88/><F120/><W56/><G125/><T37/><D118/><U93/><E119/><V68/><F68/><W129/><G112/><T0/><D110/><U87/><E111/><V73/><F117/><W124/><G124/><T41/><D131/><U47/><E130/><V27/><F126/><W101/><G129/><T64/><D64/><U46/><E134/><V90/><F73/><W104/><G135/><T62/><D62/><U74/><E74/><V102/><F102/><W4/><G104/><T114/><D89/><U24/><E24/><V49/><REACH who="2" step="1"/><F90/><REACH who="2" ten="350,161,404,65" step="2"/><W43/><G77/><T42/><D114/><U72/><E72/><V133/><F133/><W17/><G78/><T53/><D0/><U20/><E113/><V80/><F80/><W36/><G3/><T79/><D1/><U108/><E83/><V15/><F15/><W116/><G116/><T7/><D79/><U71/><E71/><V48/><F48/><W67/><G2/><T128/><D128/><U26/><E108/><V76/><F76/><W81/><G81/><T58/><D37/><U12/><E12/><V103/><F103/><W132/><G132/><T25/><D25/><U18/><E26/><V75/><F75/><W50/><G36/><T28/><D60/><U5/><E96/><V31/><F31/><W98/><G98/><T100/><D100/><U127/><E127/><V38/><F38/><W34/><G99/><T122/><D28/><U30/><E30/><RYUUKYOKU ba="2,2" sc="350,-10,161,-10,404,30,65,-10" hai2="14,16,22,23,27,29,33,40,44,49,82,86,88" /><INIT seed="5,3,2,5,0,49" ten="340,151,434,55" oya="1" hai0="109,105,0,31,124,17,115,37,131,73,68,64,106" hai1="78,65,107,62,33,53,114,27,118,92,119,20,50" hai2="82,1,34,134,81,15,44,77,43,72,56,87,32" hai3="120,113,95,121,108,30,80,22,97,28,52,57,112"/><U26/><E107/><V23/><F1/><W4/><G4/><T99/><RYUUKYOKU type="yao9" ba="3,2" sc="340,0,151,0,434,0,55,0" hai0="0,17,31,37,64,68,73,99,105,106,109,115,124,131" /><INIT seed="5,4,2,2,0,113" ten="340,151,434,55" oya="1" hai0="78,2,109,115,98,77,85,135,17,60,40,97,44" hai1="100,34,15,64,67,91,73,95,102,103,87,83,61" hai2="10,25,20,26,114,92,111,29,134,112,58,96,93" hai3="131,118,14,18,37,22,86,46,108,33,133,75,23"/><U128/><E34/><V130/><F111/><W88/><G108/><T127/><D109/><U79/><E128/><V3/><F134/><W123/><G123/><T57/><D2/><U24/><E15/><V35/><F58/><W53/><G33/><T52/><D135/><U55/><E24/><V8/><F93/><W62/><G133/><T121/><D121/><U6/><E6/><V19/><F130/><W68/><G75/><T31/><D31/><U45/><REACH who="1" step="1"/><E61/><REACH who="1" ten="340,141,434,55" step="2"/><V0/><F0/><W28/><G131/><T47/><D60/><U54/><E54/><V4/><F10/><W116/><G28/><T90/><D52/><U43/><E43/><V50/><F8/><N who="3" m="6471" /><G37/><T101/><D40/><U39/><E39/><V89/><F4/><W74/><G74/><T106/><D17/><U59/><E59/><V69/><F3/><W21/><G46/><T107/><D47/><U12/><E12/><V129/><F129/><W16/><G68/><T72/><D44/><U27/><E27/><V76/><F69/><W94/><G53/><T1/><D1/><U66/><E66/><V5/><F5/><W125/><G62/><T56/><D56/><U126/><E126/><V38/><F38/><W99/><G125/><T30/><D127/><U120/><E120/><V105/><F35/><W13/><G99/><T104/><D57/><U119/><E119/><AGARI ba="4,3" hai="13,16,21,22,23,86,88,94,116,118,119" m="6471" machi="119" ten="30,12000,2" yaku="12,1,52,3,54,2" doraHai="113" who="3" fromWho="1" sc="340,0,141,-132,434,0,55,162" /><INIT seed="6,0,0,2,3,16" ten="340,9,434,217" oya="2" hai0="73,50,133,22,87,10,59,9,33,25,135,38,72" hai1="86,45,47,69,5,99,55,82,36,78,43,68,52" hai2="44,49,64,35,67,27,118,63,105,123,71,117,76" hai3="6,65,124,80,70,17,32,128,31,96,19,0,39"/><V116/><F123/><W102/><G39/><T42/><D33/><U13/><E99/><V60/><F76/><W93/><G124/><T14/><D87/><U120/><E120/><V100/><F100/><W112/><G128/><T1/><D38/><U7/><E7/><V134/><F105/><W54/><G65/><T122/><D122/><U110/><E110/><V115/><F27/><W83/><G70/><T106/><D106/><U108/><E108/><V126/><F35/><W91/><G32/><T92/><D92/><U2/><E2/><V30/><F30/><W103/><G31/><T88/><D1/><U4/><E4/><V46/><F126/><W20/><G0/><T34/><D34/><U75/><E75/><V131/><F131/><W3/><G3/><T53/><D88/><U94/><E94/><V77/><F77/><W51/><G6/><T29/><D42/><U26/><E26/><V74/><F74/><W15/><G19/><T107/><D107/><U28/><E28/><V57/><F115/><W95/><G103/><T48/><D48/><U109/><E109/><V62/><F134/><W113/><G80/><T8/><D14/><U81/><E81/><V97/><F97/><N who="3" m="57535" /><G83/><T101/><D101/><U79/><E79/><V40/><F44/><N who="3" m="28007" /><G113/><T129/><D129/><U66/><E47/><V18/><F18/><W125/><G125/><T89/><D89/><U21/><E21/><V85/><F85/><W104/><G112/><T11/><D11/><N who="1" m="4335" /><E68/><V119/><F119/><W61/><G104/><T12/><D12/><U56/><E69/><N who="2" m="42119" /><F118/><W41/><G41/><RYUUKYOKU ba="0,0" sc="340,0,9,0,434,0,217,0" hai0="8,9,10,22,25,29,50,53,59,72,73,133,135" hai1="36,43,45,52,55,56,66,78,82,86" hai2="40,46,49,57,62,63,67,71,116,117" hai3="15,17,20,61,95,96,102" /><INIT seed="6,1,0,4,2,112" ten="340,9,434,217" oya="2" hai0="88,118,87,17,129,45,9,101,25,44,124,12,54" hai1="66,91,89,58,133,120,10,39,30,36,106,37,19" hai2="33,1,130,47,20,73,0,75,109,32,23,68,113" hai3="18,125,51,76,117,103,83,62,63,92,135,119,77"/><V46/><F68/><W78/><G83/><T108/><D108/><U90/><E106/><V48/><F48/><W43/><G18/><T85/><D129/><U72/><E72/><V22/><F22/><W114/><G43/><T123/><D123/><U126/><E120/><V79/><F113/><W107/><G114/><T67/><D67/><U4/><E133/><V57/><F57/><W14/><G51/><T40/><D124/><U24/><E19/><V94/><F94/><W8/><G107/><T116/><D101/><U49/><E126/><V16/><F16/><W110/><G125/><T64/><D64/><U111/><E111/><V74/><F74/><W104/><G104/><T98/><D25/><U27/><E30/><V50/><F50/><W42/><G42/><T134/><D134/><U52/><E66/><V69/><F69/><W71/><G135/><T93/><D54/><U131/><E131/><V65/><F65/><W80/><G80/><T59/><D59/><U121/><E121/><V102/><F130/><W100/><G110/><T38/><D44/><U122/><E122/><V95/><F109/><W132/><G132/><T11/><D11/><U128/><E128/><V55/><F55/><W99/><G103/><T2/><D2/><U127/><E127/><V86/><F102/><W6/><REACH who="3" step="1"/><G71/><REACH who="3" ten="340,9,434,207" step="2"/><T34/><D17/><U26/><E10/><V53/><F95/><W5/><G5/><AGARI ba="1,1" hai="4,5,24,26,27,36,37,39,49,52,58,89,90,91" machi="5" ten="50,6400,0" yaku="29,2,54,1" doraHai="112" who="1" fromWho="3" sc="340,0,9,77,434,0,207,-67" /><INIT seed="7,0,0,2,5,69" ten="340,86,434,140" oya="3" hai0="100,4,30,49,73,129,21,8,67,5,64,75,53" hai1="33,78,81,37,10,14,111,65,132,80,103,35,62" hai2="28,109,135,107,72,18,38,63,0,42,122,125,17" hai3="76,15,128,120,59,112,57,99,71,70,46,51,43"/><W36/><G120/><T9/><D100/><U31/><E111/><V19/><F0/><W98/><G76/><T119/><D119/><U130/><E132/><V131/><F109/><W44/><G15/><T27/><D129/><U2/><E130/><V91/><F107/><W87/><G128/><T118/><D118/><U12/><E103/><V102/><F102/><W95/><G87/><T13/><D75/><U79/><E2/><V97/><F72/><W16/><G112/><T86/><D86/><U24/><E33/><V61/><F28/><W11/><G98/><T82/><D82/><U68/><E10/><V105/><F105/><W50/><G16/><T40/><D40/><U3/><E3/><V26/><F26/><W96/><G11/><T115/><D115/><U108/><E108/><V60/><F131/><W6/><G6/><T117/><D73/><U92/><E92/><V104/><F104/><W56/><G95/><T126/><D126/><U20/><E35/><V1/><F1/><W85/><G85/><T45/><REACH who="0" step="1"/><D117/><REACH who="0" ten="330,86,434,140" step="2"/><U90/><E90/><V77/><F125/><W23/><G43/><T39/><D39/><U110/><E110/><V7/><F38/><W101/><G36/><T58/><D58/><U93/><E93/><N who="2" m="56511" /><F42/><W123/><G57/><T48/><D48/><U134/><E134/><V32/><F135/><W74/><G56/><T89/><D89/><U106/><E106/><V47/><F77/><W34/><G59/><T116/><D116/><U54/><E54/><V94/><F94/><W133/><G101/><T124/><D124/><U22/><E37/><RYUUKYOKU ba="0,1" sc="330,30,86,-10,434,-10,140,-10" hai0="4,5,8,9,13,21,27,30,45,49,53,64,67" owari="360,16.0,76,-42.0,434,53.0,130,-27.0" /></mjloggm>