<mjloggm ver="2.3"><GO type="169" lobby="0"/><UN n0="%E4%B8%8A%E6%AE%B5%E9%9D%92%E3%83%86%E3%83%B3" n1="%6D%69%72%69%72%69" n2="%E3%82%A6%E3%83%AB%E3%83%88%E3%83%A9%E7%AB%8B%E7%9B%B4" n3="%64%65%61%69%75%70%2E%63" dan="16,18,18,17" rate="2078.36,2222.08,2219.04,2147.13" sx="M,M,M,M"/><TAIKYOKU oya="0"/><INIT seed="0,0,0,4,0,55" ten="250,250,250,250" oya="0" hai0="92,59,46,79,62,20,28,125,21,63,23,9,53" hai1="22,129,127,88,118,130,52,131,40,25,98,94,100" hai2="109,121,0,115,126,26,37,51,84,104,65,101,105" hai3="50,74,57,48,12,107,49,103,135,5,83,24,128"/><T76/><D125/><U99/><E127/><V44/><F126/><W75/><G128/><T124/><D124/><U10/><E118/><V61/><F121/><W14/><G135/><T64/><D9/><U13/><E40/><V112/><F37/><W18/><G107/><T73/><D73/><U111/><E111/><V16/><F0/><W82/><G103/><T11/><D11/><U3/><E3/><V67/><F67/><W110/><G110/><T133/><D133/><U72/><E72/><V45/><F109/><W77/><G5/><T33/><D92/><U1/><E1/><V71/><F45/><W102/><G102/><T27/><REACH who="0" step="1"/><D46/><REACH who="0" ten="240,250,250,250" step="2"/><U81/><E10/><V87/><F105/><W91/><G75/><T120/><D120/><U106/><E106/><V134/><F134/><W89/><G74/><T29/><D29/><U4/><E94/><V39/><F104/><W108/><G108/><T19/><D19/><U86/><E100/><V119/><F101/><W7/><G18/><T66/><D66/><U31/><E4/><V117/><F117/><W78/><G7/><T90/><D90/><U35/><E129/><V114/><F119/><W30/><G30/><T96/><D96/><U8/><E130/><V42/><F87/><W36/><G89/><T95/><D95/><U54/><E131/><V17/><F84/><W34/><G91/><T69/><AGARI ba="0,1" hai="20,21,23,27,28,33,53,59,62,63,64,69,76,79" machi="69" ten="30,6000,0" yaku="1,1,0,1,52,1,53,0" doraHai="55" doraHaiUra="93" who="0" fromWho="0" sc="240,70,250,-20,250,-20,250,-20" /><INIT seed="0,1,0,1,3,1" ten="310,230,230,230" oya="0" hai0="110,2,11,39,86,118,15,44,83,29,32,120,21" hai1="3,19,106,50,33,7,105,132,61,31,116,91,57" hai2="0,12,70,10,4,25,27,100,112,34,52,62,47" hai3="59,55,56,5,108,78,122,20,99,113,40,6,35"/><T133/><D118/><U17/><E116/><V90/><F112/><W45/><G35/><T96/><D120/><U30/><E132/><V74/><F74/><W67/><G113/><T109/><D133/><U119/><E119/><V71/><F100/><W18/><G122/><T82/><D96/><U88/><E50/><V85/><F0/><W111/><G78/><T134/><D134/><U63/><E3/><V8/><F8/><W127/><G127/><T76/><D32/><U28/><E28/><V125/><F125/><W65/><G99/><T53/><D2/><U117/><E117/><V23/><F34/><W102/><G102/><T79/><D21/><U13/><E33/><V42/><F42/><W95/><G95/><T94/><D94/><U80/><E13/><V64/><F71/><W87/><G87/><T97/><D97/><U115/><E57/><N who="3" m="22090" /><G55/><T51/><D29/><U93/><E93/><V9/><F52/><W72/><G72/><T75/><REACH who="0" step="1"/><D39/><REACH who="0" ten="300,230,230,230" step="2"/><U16/><E115/><V69/><F23/><W66/><G108/><T126/><D126/><U130/><E105/><V73/><F10/><W89/><G111/><T101/><D101/><U36/><E36/><V41/><F9/><W26/><G89/><T37/><D37/><U131/><E106/><V46/><F90/><W14/><G26/><T68/><D68/><U24/><E24/><V103/><F69/><W104/><G104/><T60/><D60/><N who="1" m="23115" /><E31/><V84/><F27/><W92/><G92/><T81/><D81/><U128/><E30/><V48/><F25/><W49/><AGARI ba="1,1" hai="5,6,14,18,20,40,45,49,65,66,67" m="22090" machi="49" ten="30,4000,0" yaku="8,1,52,2" doraHai="1" who="3" fromWho="3" sc="300,-21,230,-11,230,-11,230,53" /><INIT seed="1,0,0,0,2,131" ten="279,219,219,283" oya="1" hai0="21,17,37,77,69,39,98,135,28,128,40,33,106" hai1="25,104,132,35,64,51,56,133,0,43,72,65,82" hai2="6,70,19,14,11,127,9,29,34,111,73,86,105" hai3="24,23,129,10,80,79,58,47,4,54,30,26,95"/><U68/><E0/><V67/><F73/><W48/><G129/><T115/><D115/><U1/><E1/><N who="2" m="207" /><F86/><W109/><G109/><T119/><D119/><U31/><E104/><V92/><F92/><W110/><G110/><T15/><D69/><U22/><E68/><V123/><F67/><W44/><G95/><T46/><D39/><U88/><E35/><V55/><F55/><W7/><G26/><T42/><D42/><U113/><E113/><V76/><F76/><W121/><G121/><T114/><D77/><U97/><E72/><V38/><F38/><W63/><G10/><T134/><D114/><U13/><E13/><V62/><F62/><W36/><G36/><T100/><REACH who="0" step="1"/><D128/><REACH who="0" ten="269,219,219,283" step="2"/><U57/><E43/><V18/><F70/><W59/><G59/><T89/><D89/><U49/><E57/><V112/><F112/><W91/><G91/><T107/><D107/><U93/><E82/><V84/><F105/><W87/><REACH who="3" step="1"/><G47/><REACH who="3" ten="269,219,219,273" step="2"/><T53/><D53/><AGARI ba="0,2" hai="4,7,23,24,30,44,48,53,54,58,63,79,80,87" machi="53" ten="30,7700,0" yaku="1,1,2,1,7,1,8,1,53,0" doraHai="131" doraHaiUra="125" who="3" fromWho="0" sc="269,-77,219,0,219,0,273,97" /><INIT seed="2,0,0,0,0,63" ten="192,219,219,370" oya="2" hai0="69,118,109,80,126,97,34,120,48,75,100,135,1" hai1="101,134,5,3,59,71,58,8,86,95,78,99,33" hai2="73,62,41,84,40,0,49,74,92,125,21,20,52" hai3="132,76,131,72,114,16,13,18,102,128,124,53,22"/><V112/><F0/><W55/><G102/><T17/><RYUUKYOKU type="yao9" ba="0,0" sc="192,0,219,0,219,0,370,0" hai0="1,17,34,48,69,75,80,97,100,109,118,120,126,135" /><INIT seed="2,1,0,2,2,89" ten="192,219,219,370" oya="2" hai0="58,23,25,87,10,42,128,111,82,121,37,22,12" hai1="123,133,48,76,50,118,60,21,66,63,17,114,107" hai2="119,39,51,69,6,94,131,73,91,62,106,64,5" hai3="61,90,110,104,53,19,93,130,49,41,108,28,77"/><V9/><F119/><W52/><G104/><T105/><D111/><N who="3" m="42537" /><G130/><T74/><D121/><U3/><E3/><V44/><F131/><W72/><G28/><T40/><D74/><U79/><E118/><V115/><F106/><W1/><G1/><T75/><D75/><U95/><E107/><V57/><F115/><W126/><G126/><T7/><D128/><U68/><E114/><V59/><F73/><W80/><G19/><T20/><D105/><U43/><E133/><V122/><F122/><W117/><G117/><T31/><D58/><U35/><E35/><V26/><F26/><W124/><G124/><T14/><D37/><U8/><E8/><V15/><F5/><W78/><G77/><N who="1" m="29770" /><E68/><V96/><REACH who="2" step="1"/><F39/><REACH who="2" ten="192,219,209,370" step="2"/><W24/><G24/><T101/><D25/><U127/><E123/><V38/><F38/><W135/><G135/><T100/><D31/><U88/><E127/><V54/><AGARI ba="1,1" hai="6,9,15,44,51,54,57,59,62,64,69,91,94,96" machi="54" ten="20,12000,1" yaku="1,1,0,1,7,1,52,1,53,1" doraHai="89" doraHaiUra="11" who="2" fromWho="2" sc="192,-41,219,-41,209,133,370,-41" /><INIT seed="2,2,0,3,2,52" ten="151,178,342,329" oya="2" hai0="84,116,121,130,99,127,80,32,96,38,118,51,4" hai1="39,56,133,108,26,76,33,15,60,102,124,85,12" hai2="40,27,16,42,126,110,49,90,36,30,17,122,21" hai3="18,47,88,72,46,2,44,45,128,48,70,61,112"/><V57/><F122/><W19/><G72/><T93/><D38/><U104/><E39/><V55/><F126/><W120/><G120/><T113/><D32/><U67/><E124/><V111/><F90/><W53/><G2/><T94/><D4/><U74/><E74/><V14/><F36/><W81/><G112/><T6/><D6/><U134/><E108/><N who="2" m="41515" /><F17/><W29/><G128/><T125/><D51/><U82/><E104/><V132/><F132/><N who="1" m="50793" /><E102/><V31/><F31/><AGARI ba="2,0" hai="12,15,26,31,33,56,60,67,76,82,85" m="50793" machi="31" ten="30,2000,0" yaku="20,1,52,1" doraHai="52" who="1" fromWho="2" sc="151,0,178,26,342,-26,329,0" /><INIT seed="3,0,0,1,0,16" ten="151,204,316,329" oya="3" hai0="36,0,35,91,28,54,2,103,116,46,60,18,66" hai1="57,121,71,126,102,44,113,20,24,43,64,42,62" hai2="88,34,63,4,11,68,85,3,132,122,25,127,130" hai3="110,22,73,83,95,75,97,48,94,109,30,6,125"/><W31/><G6/><T82/><D116/><U129/><E113/><V15/><F130/><W70/><G70/><T90/><D103/><U117/><E129/><V26/><F132/><W49/><G125/><T106/><D106/><U19/><E126/><V124/><F122/><W52/><G83/><T12/><D35/><U111/><E111/><N who="3" m="42506" /><G49/><T33/><D33/><U10/><E117/><V115/><F115/><W55/><G55/><T81/><D28/><N who="3" m="10793" /><G22/><T96/><D0/><U104/><E121/><V51/><F51/><W37/><G37/><T7/><D7/><U131/><E131/><V87/><F34/><W89/><G94/><T39/><D2/><U5/><E71/><V41/><F4/><W59/><AGARI ba="0,0" hai="48,52,59,73,75,89,95,97" m="10793,42506" machi="59" ten="30,6000,0" yaku="14,1,10,1,54,1" doraHai="16" who="3" fromWho="3" sc="151,-20,204,-20,316,-20,329,60" /><INIT seed="3,1,0,1,2,49" ten="131,184,296,389" oya="3" hai0="92,22,78,37,34,24,32,95,12,84,21,17,110" hai1="131,23,93,36,65,11,81,1,70,96,108,103,31" hai2="42,41,50,28,58,75,80,7,0,38,56,77,57" hai3="126,61,122,83,43,129,25,46,127,62,30,104,99"/><W116/><G116/><T27/><D37/><U89/><E36/><V60/><F28/><W2/><G2/><T97/><D110/><U67/><E108/><V120/><F50/><W79/><G122/><T112/><D112/><U20/><E131/><V109/><F42/><W101/><G129/><T117/><D117/><U105/><E70/><V4/><F120/><W125/><G46/><T85/><D12/><U51/><E1/><V118/><F7/><W76/><G43/><T48/><D48/><U82/><E11/><N who="2" m="2439" /><F118/><W69/><G69/><T18/><D78/><N who="3" m="29737" /><G83/><N who="1" m="31754" /><E105/><V133/><F109/><W63/><G63/><T64/><REACH who="0" step="1"/><D97/><REACH who="0" ten="121,184,296,389" step="2"/><U45/><E51/><V13/><F13/><W91/><G99/><T40/><D40/><U74/><E45/><N who="2" m="23735" /><F133/><W130/><G130/><T102/><D102/><U35/><E103/><V111/><F111/><W90/><G101/><T94/><D94/><U44/><E44/><V124/><F124/><W52/><G104/><T33/><D33/><U39/><E39/><V115/><F115/><W26/><G126/><T123/><D123/><U10/><E93/><V72/><F72/><W16/><G127/><T88/><D88/><U3/><E74/><V15/><F15/><W114/><G91/><T55/><D55/><AGARI ba="1,1" hai="55,56,57,58,60,75,77,80" m="23735,2439" machi="55" ten="30,2000,0" yaku="25,1,52,1" doraHai="49" who="2" fromWho="0" sc="121,-23,184,0,296,33,389,0" /><INIT seed="4,0,0,2,3,109" ten="98,184,329,389" oya="0" hai0="76,130,115,44,18,51,14,43,106,58,9,79,42" hai1="16,50,92,91,2,40,126,127,61,49,120,103,17" hai2="7,81,21,129,95,77,37,107,32,121,78,54,85" hai3="101,38,93,8,119,83,132,63,15,11,65,36,74"/><T75/><D106/><U48/><E120/><V12/><F32/><W82/><G119/><T72/><D130/><U59/><E2/><V87/><F37/><W118/><G118/><T100/><D100/><U88/><E40/><V31/><F107/><W125/><G93/><T68/><D68/><U20/><E103/><V56/><F121/><W86/><G86/><T122/><D122/><U29/><E29/><V98/><F129/><W47/><G47/><T53/><D115/><U10/><E10/><N who="2" m="4191" /><F85/><W89/><G15/><T133/><D133/><U4/><E4/><V46/><F46/><W33/><G33/><T117/><D117/><U3/><E3/><V69/><F69/><W128/><G128/><T55/><D72/><U52/><E91/><N who="2" m="51695" /><F21/><W64/><G101/><T57/><D75/><U116/><E116/><V66/><F31/><W99/><G74/><T102/><D102/><U1/><E1/><V27/><F27/><W90/><G99/><T73/><D73/><U110/><E110/><V41/><F66/><W24/><G24/><T28/><D28/><U80/><E80/><V124/><F41/><N who="0" m="15370" /><D44/><U96/><REACH who="1" step="1"/><E17/><REACH who="1" ten="98,174,329,389" step="2"/><V0/><F0/><W13/><G90/><T112/><D112/><U94/><E94/><V104/><F104/><W108/><G89/><T25/><D25/><AGARI ba="0,1" hai="16,20,25,48,49,50,52,59,61,88,92,96,126,127" machi="25" ten="40,12000,2" yaku="1,1,25,2,54,3,53,1" doraHai="109" doraHaiUra="19" who="1" fromWho="0" sc="98,-120,174,130,329,0,389,0" owari="-22,-52.0,304,-10.0,329,13.0,389,49.0" /></mjloggm>