<mjloggm ver="2.3"><GO type="169" lobby="0"/><UN n0="%E3%82%A6%E3%83%AB%E3%83%88%E3%83%A9%E7%AB%8B%E7%9B%B4" n1="%74%65%40%72%73" n2="%E4%BD%93%E8%82%B2%E9%A4%A8%E9%87%8E%E7%90%83%E9%83%A8%E5%93%A1" n3="%E8%99%8E%E7%8D%85%E3%81%8F%E3%82%93" dan="17,16,17,16" rate="2201.16,2117.88,2139.99,2070.79" sx="M,M,M,M"/><TAIKYOKU oya="0"/><INIT seed="0,0,0,4,2,41" ten="250,250,250,250" oya="0" hai0="86,75,117,93,55,45,103,19,102,6,67,54,22" hai1="62,23,14,9,63,51,115,36,49,20,18,35,8" hai2="64,10,34,77,37,28,11,99,133,38,72,95,42" hai3="0,112,111,89,84,53,74,90,44,129,2,24,135"/><T12/><D75/><U85/><E115/><V79/><F64/><W25/><G112/><T104/><D104/><U27/><E36/><V43/><F72/><W60/><G74/><T13/><D117/><U58/><E35/><V48/><F48/><N who="1" m="18505" /><E85/><V50/><F50/><N who="3" m="28871" /><G0/><T114/><D45/><U29/><E63/><V106/><F95/><W110/><G2/><T128/><D67/><AGARI ba="0,0" hai="8,9,14,18,20,23,27,29,58,62,67" m="18505" machi="67" ten="30,1000,0" yaku="8,1" doraHai="41" who="1" fromWho="0" sc="250,-10,250,10,250,0,250,0" /><INIT seed="1,0,0,5,2,43" ten="240,260,250,250" oya="1" hai0="29,8,42,90,92,73,98,9,39,87,20,12,97" hai1="16,135,4,94,85,88,31,50,71,130,53,120,109" hai2="56,111,75,65,133,128,117,44,49,63,41,132,127" hai3="81,74,118,72,27,79,60,100,0,6,52,101,102"/><U5/><E130/><V48/><F75/><W24/><G118/><T1/><D73/><U25/><E135/><N who="2" m="51787" /><F117/><W26/><G6/><T124/><D124/><U106/><E106/><V45/><F111/><W78/><G0/><T69/><D69/><U11/><E71/><V55/><F127/><W91/><G91/><T66/><D66/><U37/><E37/><V64/><F128/><W122/><G122/><T10/><D1/><U89/><E120/><V3/><F3/><W19/><G19/><T59/><D59/><U38/><E38/><V61/><F61/><W80/><G102/><T108/><D108/><U126/><E126/><V67/><AGARI ba="0,0" hai="41,44,45,48,49,55,56,63,64,65,67" m="51787" machi="67" ten="30,8000,1" yaku="20,1,34,2,52,2" doraHai="43" who="2" fromWho="2" sc="240,-20,260,-40,250,80,250,-20" /><INIT seed="2,0,0,2,2,113" ten="220,220,330,230" oya="2" hai0="97,129,73,4,60,33,103,43,81,36,128,102,9" hai1="88,90,100,26,63,69,132,6,27,108,114,30,53" hai2="121,104,96,107,133,134,111,120,135,64,50,23,125" hai3="70,8,110,18,117,55,85,54,98,86,29,109,13"/><V105/><F64/><W87/><G70/><T127/><D33/><N who="1" m="20695" /><E114/><V101/><F23/><W126/><G126/><T115/><D115/><U67/><E6/><V75/><F125/><W106/><G29/><T21/><D127/><U66/><E66/><V31/><F31/><W123/><G123/><N who="2" m="47177" /><F50/><W34/><G34/><T116/><D21/><U10/><E10/><V2/><F2/><W122/><G122/><T24/><D24/><U78/><E78/><V89/><F111/><N who="3" m="42507" /><G117/><T118/><D60/><U77/><E77/><V22/><F22/><W35/><G35/><T47/><D81/><U61/><E61/><V92/><F75/><W93/><G106/><N who="0" m="63823" /><D103/><AGARI ba="0,0" hai="89,92,96,101,103,104,105,107,133,134,135" m="47177" machi="103" ten="50,9600,0" yaku="20,1,34,2" doraHai="113" who="2" fromWho="0" sc="220,-96,220,0,330,96,230,0" /><AGARI ba="0,0" hai="8,13,18,54,55,85,86,87,93,98,103" m="42507" machi="103" ten="30,1000,0" yaku="14,1" doraHai="113" who="3" fromWho="0" sc="124,-10,220,0,426,0,230,10" /><INIT seed="2,1,0,5,5,12" ten="114,220,426,240" oya="2" hai0="11,48,24,63,104,27,75,131,1,46,83,49,86" hai1="82,102,73,56,65,88,20,95,94,17,87,8,78" hai2="115,71,25,22,66,28,44,89,77,97,64,53,7" hai3="112,91,59,40,33,105,57,32,68,35,13,61,116"/><V134/><F115/><W124/><G116/><T96/><D75/><U67/><E8/><V5/><F134/><W107/><G112/><T16/><D1/><U31/><E31/><V117/><F117/><W113/><G113/><T100/><D131/><U15/><E102/><V10/><F77/><W98/><G124/><T128/><D63/><U0/><E0/><V2/><F7/><W85/><G40/><T99/><D49/><U60/><REACH who="1" step="1"/><E95/><REACH who="1" ten="114,210,426,240" step="2"/><N who="2" m="56559" /><F2/><W80/><G107/><T74/><D104/><U125/><E125/><V121/><F10/><W109/><G105/><T90/><D128/><U6/><E6/><V133/><F28/><W69/><G35/><T126/><D126/><U84/><E84/><V54/><F5/><W41/><G33/><T76/><D100/><U26/><E26/><V129/><F25/><W18/><G32/><T42/><D27/><U55/><AGARI ba="1,1" hai="15,17,20,55,56,60,65,67,73,78,82,87,88,94" machi="55" ten="20,12000,2" yaku="1,1,0,1,7,1,52,1,54,1,53,1" doraHai="12" doraHaiUra="72" who="1" fromWho="1" sc="114,-31,210,133,426,-61,240,-31" /><INIT seed="3,0,0,3,1,128" ten="83,343,365,209" oya="3" hai0="57,67,37,32,107,11,78,15,9,90,100,88,68" hai1="85,5,117,99,86,79,38,81,119,17,30,118,59" hai2="121,130,58,43,39,98,48,33,102,116,114,18,66" hai3="40,60,41,94,134,83,20,16,131,126,14,84,124"/><W64/><G94/><T49/><D32/><U44/><E30/><V23/><F33/><W51/><G131/><T129/><D129/><U46/><E5/><V120/><F114/><W26/><G26/><T63/><D78/><U61/><E38/><V53/><F116/><W19/><G19/><T77/><D77/><U133/><E133/><V22/><F130/><W82/><G82/><T10/><D37/><U74/><E17/><V113/><F113/><W7/><G7/><T72/><D72/><U29/><E29/><V93/><F66/><W69/><G134/><T111/><D111/><U62/><E99/><V125/><F125/><N who="3" m="48235" /><G51/><T108/><D108/><U103/><E62/><V21/><F39/><W95/><G95/><T28/><D28/><U96/><E85/><V80/><F80/><W109/><G109/><T89/><D107/><N who="1" m="63975" /><E74/><V87/><F87/><W3/><G3/><T54/><REACH who="0" step="1"/><D100/><REACH who="0" ten="73,343,365,209" step="2"/><U75/><E75/><V70/><F120/><W92/><G92/><T65/><D65/><AGARI ba="0,1" hai="44,46,59,61,65,79,81,86,117,118,119" m="63975" machi="65" ten="30,1000,0" yaku="12,1" doraHai="128" who="1" fromWho="0" sc="73,-10,343,20,365,0,209,0" /><INIT seed="4,0,0,4,3,64" ten="63,363,365,209" oya="0" hai0="105,132,11,98,18,107,71,87,14,17,44,1,80" hai1="16,119,102,0,68,33,115,32,57,117,116,24,41" hai2="126,30,123,128,9,88,39,129,26,75,106,114,95" hai3="46,113,50,74,86,133,93,40,7,134,53,35,131"/><T67/><D132/><N who="3" m="50793" /><G74/><T135/><D135/><U65/><E0/><V76/><F123/><W22/><G35/><T124/><D124/><U34/><E41/><V15/><F106/><W29/><G113/><T51/><D1/><U3/><E3/><V77/><F114/><W118/><G118/><T45/><D98/><U125/><E125/><V38/><F126/><W12/><G131/><N who="2" m="50249" /><F15/><W27/><G86/><T58/><D18/><U10/><E57/><V48/><F48/><W31/><G93/><T92/><D92/><U79/><E79/><N who="2" m="30283" /><F9/><N who="3" m="4159" /><G31/><T19/><D19/><U20/><E102/><V104/><F104/><W81/><G81/><T49/><D71/><U56/><E56/><V36/><F75/><W89/><G89/><N who="0" m="51431" /><D107/><U63/><E10/><V2/><F2/><W55/><AGARI ba="0,0" hai="22,27,29,40,46,50,53,55" m="4159,50793" machi="55" ten="30,1100,0" yaku="20,1" doraHai="64" who="3" fromWho="3" sc="63,-5,363,-3,365,-3,209,11" /><INIT seed="5,0,0,5,1,8" ten="58,360,362,220" oya="1" hai0="67,5,133,74,10,83,102,62,80,79,101,7,32" hai1="126,72,135,131,24,111,123,95,129,35,38,54,6" hai2="21,55,20,4,89,28,27,127,44,41,77,81,92" hai3="18,30,108,26,53,37,23,17,39,49,96,60,99"/><U50/><E123/><V115/><F127/><W13/><G108/><T68/><D32/><U52/><E126/><V121/><F121/><W85/><G39/><T22/><D133/><U86/><E72/><V124/><F124/><W48/><G37/><T14/><D7/><U1/><E38/><V19/><F115/><W75/><G75/><T61/><D83/><U100/><E135/><V66/><F4/><W15/><G60/><T3/><D22/><U94/><E111/><V31/><F66/><W46/><G85/><T40/><D40/><U84/><E6/><V113/><F113/><W64/><G64/><T88/><D62/><U42/><E1/><V105/><F105/><W110/><G110/><T76/><D76/><U69/><E69/><V59/><F44/><W117/><G117/><T103/><REACH who="0" step="1"/><D3/><REACH who="0" ten="48,360,362,220" step="2"/><U82/><E42/><V29/><F41/><W71/><G23/><T118/><D118/><U93/><E82/><V98/><F81/><W128/><G48/><T45/><D45/><U25/><E35/><V120/><F77/><W33/><G46/><T119/><D119/><U56/><E100/><V112/><F112/><W16/><G49/><T2/><D2/><U70/><E50/><N who="2" m="31223" /><F120/><W36/><G33/><T130/><D130/><U51/><E131/><V90/><F21/><W9/><G128/><T87/><D87/><N who="1" m="33323" /><E129/><V122/><F122/><W73/><G36/><T43/><D43/><U132/><E132/><V58/><F89/><AGARI ba="0,1" hai="5,10,14,61,67,68,74,79,80,88,89,101,102,103" machi="89" ten="40,5200,0" yaku="1,1,52,1,54,1,53,0" doraHai="8" doraHaiUra="125" who="0" fromWho="2" sc="48,62,360,0,362,-52,220,0" /><INIT seed="6,0,0,4,3,15" ten="110,360,310,220" oya="2" hai0="85,109,40,64,84,52,5,90,116,32,0,87,49" hai1="94,71,62,14,115,92,122,9,68,133,123,108,79" hai2="1,66,57,82,6,61,135,24,10,38,50,96,41" hai3="134,107,48,19,17,128,88,70,120,83,91,99,97"/><V46/><F135/><W77/><G120/><N who="1" m="46122" /><E108/><V12/><F96/><N who="3" m="36939" /><G107/><T21/><D32/><U126/><E126/><V121/><F121/><W29/><G70/><T58/><D109/><U36/><E36/><V86/><F24/><W45/><G29/><T103/><D103/><U26/><E115/><V35/><F35/><W131/><G134/><T42/><D116/><U13/><E13/><V105/><F105/><W47/><G47/><T25/><D64/><U114/><E114/><V118/><F118/><W43/><G128/><T104/><D104/><U80/><E26/><V98/><F98/><W67/><G67/><T110/><D110/><U16/><E133/><V39/><REACH who="2" step="1"/><F1/><REACH who="2" ten="110,360,300,220" step="2"/><W111/><G111/><T132/><D132/><U76/><E71/><V4/><F4/><W95/><G131/><T11/><REACH who="0" step="1"/><D90/><AGARI ba="0,1" hai="6,10,12,38,39,41,46,50,57,61,66,82,86,90" machi="90" ten="30,2900,0" yaku="1,1,7,1,53,0" doraHai="15" doraHaiUra="129" who="2" fromWho="0" sc="110,-29,360,0,300,39,220,0" /><INIT seed="6,1,0,2,4,4" ten="81,360,339,220" oya="2" hai0="131,77,57,48,95,85,120,83,41,130,55,112,49" hai1="73,47,61,8,108,14,10,6,86,132,116,72,126" hai2="2,27,7,66,90,51,129,54,89,94,60,125,50" hai3="69,68,87,117,44,76,65,91,71,122,34,21,13"/><V70/><F125/><W19/><G117/><T128/><D120/><U96/><E126/><V0/><F129/><W119/><G119/><T100/><D112/><U98/><E108/><V67/><F67/><W36/><G34/><T105/><D105/><U24/><E116/><V30/><F7/><W64/><G76/><T59/><D41/><U17/><E132/><V15/><F15/><W97/><G97/><T81/><D100/><U39/><E24/><V28/><F28/><W110/><G110/><T35/><D35/><U127/><E127/><V107/><F107/><W88/><G122/><T53/><D95/><U43/><E86/><V82/><F82/><W104/><G104/><T18/><D18/><U56/><E73/><V103/><F103/><W40/><REACH who="3" step="1"/><G91/><REACH who="3" ten="81,360,339,210" step="2"/><T33/><D33/><U121/><E121/><V93/><F90/><W113/><G113/><T9/><REACH who="0" step="1"/><D83/><AGARI ba="1,1" hai="13,19,21,36,40,44,64,65,68,69,71,83,87,88" machi="83" ten="40,2600,0" yaku="1,1,54,1,53,0" doraHai="4" doraHaiUra="114" who="3" fromWho="0" sc="81,-29,360,0,339,0,210,39" /><INIT seed="7,0,0,3,5,124" ten="52,360,339,249" oya="3" hai0="18,135,96,49,123,2,17,20,70,21,26,10,4" hai1="73,7,71,47,23,89,108,33,34,120,113,68,14" hai2="13,74,67,102,1,82,60,30,36,53,6,103,3" hai3="91,94,111,87,42,25,63,86,69,125,72,117,127"/><W105/><G72/><T77/><D49/><U12/><E108/><V15/><F36/><W45/><G117/><T50/><D50/><U98/><E120/><V43/><F43/><W134/><G105/><T46/><D46/><U115/><E73/><V65/><F30/><W131/><G25/><T130/><D96/><U116/><E116/><V132/><F132/><W52/><G111/><T101/><D101/><U57/><E57/><V64/><F74/><W27/><G27/><T121/><D77/><U40/><E14/><N who="2" m="5131" /><F82/><W61/><G134/><T51/><D51/><N who="1" m="27111" /><E7/><V79/><F79/><W104/><G104/><T0/><D70/><U78/><E78/><V29/><F29/><W85/><G131/><T28/><D135/><U58/><E58/><V48/><F48/><N who="3" m="28687" /><G42/><T5/><D28/><U75/><E75/><V35/><F60/><N who="3" m="23115" /><G69/><T19/><D19/><N who="1" m="10727" /><E68/><V16/><F53/><W41/><G41/><T55/><D55/><U31/><E31/><V39/><F39/><W100/><G100/><N who="2" m="38441" /><F6/><W81/><G81/><T90/><D90/><U76/><E76/><V88/><F88/><W24/><G94/><T54/><D54/><U122/><E71/><V92/><F92/><W59/><G91/><T109/><D109/><U84/><E122/><V97/><F97/><W83/><G83/><T93/><D93/><N who="1" m="54439" /><E98/><V62/><F62/><W128/><G59/><T37/><D37/><U66/><E66/><V107/><F107/><W38/><G38/><T99/><D99/><U119/><E119/><V56/><F35/><W129/><G86/><T95/><D95/><U44/><E44/><RYUUKYOKU ba="0,0" sc="52,-10,360,30,339,-10,249,-10" hai1="33,34,113,115" owari="42,-46.0,390,49.0,329,13.0,239,-16.0" /></mjloggm>