<mjloggm ver="2.3"><GO type="169" lobby="0"/><UN n0="%E3%82%A6%E3%83%AB%E3%83%88%E3%83%A9%E7%AB%8B%E7%9B%B4" n1="%E3%82%82%E3%81%BF%E3%81%82%E3%81%92" n2="%79%6B%66%35%35%33%38%39" n3="%45%78%63%65%65%64%73" dan="17,16,16,16" rate="2205.34,2028.87,2068.46,2126.89" sx="M,M,M,M"/><TAIKYOKU oya="0"/><INIT seed="0,0,0,1,2,134" ten="250,250,250,250" oya="0" hai0="7,73,16,88,19,101,42,1,17,127,30,13,20" hai1="18,105,44,97,86,76,104,61,12,9,29,52,68" hai2="28,78,133,38,110,90,94,80,11,123,40,70,60" hai3="10,24,65,62,45,74,102,92,95,118,109,63,82"/><T15/><D73/><U34/><E68/><V8/><F123/><W96/><G118/><T66/><D101/><U131/><E131/><V115/><F115/><W91/><G109/><T67/><D1/><U99/><E104/><V23/><F110/><W39/><G10/><N who="0" m="4319" /><D42/><U33/><E29/><V98/><F133/><W22/><G39/><T0/><D0/><U41/><E76/><V106/><F106/><W87/><G45/><T35/><D35/><U125/><E125/><V5/><F5/><W27/><G27/><N who="0" m="16743" /><D127/><U132/><E86/><V50/><F38/><W117/><G117/><T112/><D112/><U83/><E83/><V59/><F70/><W111/><G111/><T120/><D120/><U107/><E107/><V69/><F69/><W14/><G74/><T56/><D56/><U81/><E81/><V85/><F40/><W116/><G116/><T49/><D49/><U3/><E3/><V129/><F50/><W48/><G48/><T84/><D15/><U36/><E105/><V77/><F129/><W89/><G14/><T25/><D25/><U2/><E2/><V51/><F51/><W64/><G64/><T119/><D119/><U57/><E132/><V31/><F78/><W124/><G65/><T130/><D130/><U4/><E34/><V21/><F31/><N who="3" m="17815" /><G124/><T103/><D103/><U58/><E33/><V47/><F47/><W55/><G55/><T54/><D54/><U75/><E75/><V79/><F79/><W114/><G114/><T122/><D122/><U93/><E58/><V135/><F135/><W128/><G128/><T72/><D72/><RYUUKYOKU ba="0,0" sc="250,15,250,-15,250,-15,250,15" hai0="16,17,19,66,67,84,88" hai3="62,63,82,87,89,91,92,95,96,102" /><INIT seed="0,1,0,1,0,74" ten="265,235,235,265" oya="0" hai0="96,106,76,75,25,27,0,110,33,3,36,22,69" hai1="15,100,130,6,103,94,105,120,32,51,23,126,129" hai2="21,64,46,19,124,41,1,57,83,68,116,91,17" hai3="7,45,89,18,14,63,53,121,135,104,90,99,58"/><T34/><D22/><U131/><E120/><V108/><F68/><W82/><G121/><T102/><D110/><U70/><E126/><V37/><F108/><W52/><G135/><T73/><D36/><U43/><E70/><V61/><F124/><W97/><G7/><T123/><D123/><U88/><E32/><V11/><F116/><W78/><G104/><T86/><D86/><N who="1" m="52503" /><E105/><V40/><F1/><W28/><G28/><N who="0" m="19599" /><D69/><U77/><E77/><V92/><F83/><W30/><G30/><N who="0" m="19807" /><D75/><U109/><E109/><V49/><F21/><N who="3" m="11479" /><G89/><T5/><D5/><U112/><E112/><V42/><F37/><W50/><G90/><T31/><D31/><U128/><E131/><V115/><F115/><W13/><G13/><T133/><D133/><U8/><E23/><V84/><REACH who="2" step="1"/><F11/><REACH who="2" ten="265,235,225,265" step="2"/><W118/><G118/><T38/><D38/><U93/><E8/><V56/><F56/><W71/><G71/><T9/><D9/><U134/><E134/><V117/><F117/><W107/><G107/><T35/><D35/><U55/><E130/><V81/><F81/><AGARI ba="1,1" hai="0,3,73,76,81,96,102,106" m="19807,19599" machi="81" ten="30,5800,0" yaku="33,2,52,1" doraHai="74" who="0" fromWho="2" sc="265,71,235,0,225,-61,265,0" /><INIT seed="0,2,0,0,2,112" ten="336,235,164,265" oya="0" hai0="71,58,111,101,115,74,41,77,63,106,59,12,66" hai1="68,16,129,135,6,108,52,7,34,36,131,54,134" hai2="43,2,62,83,48,11,40,84,98,110,3,24,109" hai3="76,33,8,126,60,27,31,28,99,18,45,73,124"/><T75/><D115/><U119/><E108/><N who="2" m="41579" /><F98/><W123/><G123/><T91/><D111/><U53/><E68/><V1/><F62/><W49/><G99/><T102/><D41/><N who="2" m="15946" /><F24/><W13/><G31/><T15/><D91/><U117/><E117/><V4/><BYE who="1" /><F48/><W122/><G122/><T116/><D63/><U50/><E50/><V105/><F105/><W118/><G118/><T94/><D106/><U132/><E132/><V10/><F4/><UN n1="%E3%82%82%E3%81%BF%E3%81%82%E3%81%92" /><W37/><G37/><T93/><D66/><U100/><E36/><V121/><F121/><W113/><G113/><T35/><D116/><U80/><E119/><V107/><F107/><W20/><G60/><T97/><D97/><U96/><E96/><V85/><F83/><W14/><G14/><T47/><D47/><U92/><E80/><V21/><F21/><W64/><G64/><T9/><D9/><AGARI ba="2,0" hai="1,2,3,9,10,11,84,85" m="15946,41579" machi="9" ten="40,5200,0" yaku="28,2,14,1" doraHai="112" who="2" fromWho="0" sc="336,-58,235,0,164,58,265,0" /><INIT seed="1,0,0,3,4,103" ten="278,235,222,265" oya="1" hai0="87,106,6,83,15,78,116,69,98,67,47,100,39" hai1="23,32,50,114,44,101,55,60,61,18,80,31,52" hai2="120,21,36,94,96,124,43,12,20,133,5,110,102" hai3="62,25,134,51,104,33,4,71,79,38,111,28,10"/><U108/><E114/><V92/><F120/><W131/><G38/><T112/><D116/><U63/><E108/><V59/><F110/><W0/><G111/><T97/><D112/><U91/><E101/><V3/><F3/><W132/><G51/><T54/><D67/><U121/><E32/><V16/><F124/><W85/><G131/><T126/><D69/><U93/><E31/><V22/><F133/><N who="3" m="51307" /><G85/><T42/><D126/><U29/><E29/><V11/><F36/><W19/><G19/><T130/><D130/><U58/><E80/><V119/><F119/><W128/><G79/><T30/><D30/><U48/><E121/><V46/><F59/><W35/><G128/><T17/><D97/><N who="1" m="57535" /><E48/><N who="2" m="26719" /><F92/><W34/><G104/><T135/><D135/><U107/><E107/><V66/><F66/><AGARI ba="0,0" hai="0,4,10,25,28,33,34,35,62,66,71" m="51307" machi="66" ten="30,2000,0" yaku="20,1,23,1" doraHai="103" who="3" fromWho="2" sc="278,0,235,0,222,-20,265,20" /><INIT seed="2,0,0,4,0,12" ten="278,235,202,285" oya="2" hai0="50,116,54,125,32,101,128,62,15,8,111,93,26" hai1="106,112,18,89,36,5,134,57,67,87,119,48,38" hai2="7,84,75,27,64,39,44,130,23,102,100,52,21" hai3="40,31,42,10,49,86,41,104,115,74,46,28,79"/><V4/><F75/><W118/><G104/><T109/><D62/><U78/><E119/><V9/><F130/><W35/><G118/><T24/><D32/><U82/><E112/><V2/><F64/><W73/><G35/><T30/><D30/><U34/><E134/><V129/><F129/><W110/><G110/><T70/><D70/><U60/><E106/><V85/><F7/><W131/><G131/><T63/><D63/><U117/><E5/><V114/><F114/><W37/><G37/><T98/><D125/><U58/><E34/><V43/><F23/><W25/><G115/><T123/><D123/><U76/><E117/><V94/><F52/><N who="3" m="29751" /><G74/><T96/><D96/><U0/><E0/><V66/><F66/><W80/><G73/><T91/><D101/><U33/><E33/><V95/><F95/><W19/><G10/><T6/><D116/><U65/><E38/><V99/><REACH who="2" step="1"/><F102/><REACH who="2" ten="278,235,192,285" step="2"/><W132/><G132/><T83/><D128/><U11/><E67/><V126/><F126/><W59/><G59/><N who="0" m="33239" /><D83/><U51/><E82/><V97/><F97/><W108/><G108/><AGARI ba="0,1" hai="6,8,15,24,26,91,93,98,108,109,111" m="33239" machi="108" ten="30,1000,0" yaku="14,1" doraHai="12" who="0" fromWho="3" sc="278,20,235,0,192,0,285,-10" /><INIT seed="3,0,0,5,3,102" ten="298,235,192,275" oya="3" hai0="121,83,6,15,98,135,99,30,60,116,95,96,17" hai1="2,90,70,21,19,108,129,130,94,134,57,8,92" hai2="65,69,67,50,133,76,89,104,66,105,87,80,100" hai3="93,62,78,27,44,71,46,3,42,41,23,43,47"/><W14/><G3/><T39/><D39/><U1/><E108/><V109/><F109/><W9/><G78/><T103/><D116/><U72/><E70/><V126/><F69/><W0/><G0/><T48/><D6/><U63/><E72/><V13/><F126/><W113/><G113/><T125/><D135/><U81/><E134/><V58/><F133/><W68/><G62/><T55/><D125/><U32/><E32/><V75/><F100/><W34/><G34/><T24/><D60/><U56/><E81/><V11/><F58/><N who="1" m="22633" /><E63/><V106/><F50/><W88/><G14/><T52/><D83/><U37/><E37/><V115/><F115/><W79/><G9/><T64/><D64/><U110/><E110/><V7/><REACH who="2" step="1"/><F89/><REACH who="2" ten="298,235,182,275" step="2"/><W131/><G131/><T122/><D48/><U22/><E90/><V85/><AGARI ba="0,1" hai="7,11,13,65,66,67,75,76,80,85,87,104,105,106" machi="85" ten="40,12000,2" yaku="1,1,2,1,0,1,52,3,53,0" doraHai="102" doraHaiUra="86" who="2" fromWho="2" sc="298,-30,235,-30,182,130,275,-60" /><INIT seed="4,0,0,4,1,135" ten="268,205,312,215" oya="0" hai0="89,41,80,59,88,4,109,115,118,36,33,98,91" hai1="107,79,18,84,123,93,65,1,74,126,116,127,32" hai2="6,108,71,87,45,20,94,42,21,120,12,104,8" hai3="70,52,10,129,68,23,90,64,49,63,111,31,82"/><T48/><D118/><U131/><E123/><V0/><F120/><W58/><G111/><T16/><D33/><U75/><E116/><V124/><F108/><W114/><G114/><T97/><D36/><U40/><E1/><V101/><F71/><W81/><G129/><T13/><D4/><U96/><E32/><V54/><F104/><W27/><G10/><N who="0" m="6199" /><D115/><U105/><E65/><V15/><F124/><N who="1" m="47657" /><E131/><V17/><F54/><W67/><REACH who="3" step="1"/><G90/><REACH who="3" ten="268,205,312,205" step="2"/><T83/><D109/><U35/><E35/><V37/><F8/><W57/><G57/><T100/><D100/><N who="1" m="60431" /><E40/><V106/><F42/><W24/><G24/><T86/><D41/><U2/><E2/><V55/><F0/><W62/><AGARI ba="0,1" hai="23,27,31,49,52,58,62,63,64,67,68,70,81,82" machi="62" ten="30,7900,0" yaku="1,1,0,1,9,1,54,1,53,0" doraHai="135" doraHaiUra="72" who="3" fromWho="3" sc="268,-39,205,-20,312,-20,205,89" /><INIT seed="5,0,0,2,0,123" ten="229,185,292,294" oya="1" hai0="86,9,130,114,55,47,77,0,30,126,40,81,56" hai1="48,90,21,44,38,18,104,93,23,46,129,50,3" hai2="1,127,58,98,29,19,41,61,96,124,94,49,108" hai3="16,100,13,125,57,89,107,52,109,92,76,7,91"/><U134/><E129/><V70/><F108/><W68/><G68/><T110/><D110/><U95/><E134/><V14/><F1/><W85/><G7/><T105/><D105/><U32/><E32/><V35/><F29/><W67/><G67/><T25/><D114/><U17/><E104/><V12/><F35/><W11/><G125/><N who="2" m="48201" /><F70/><W71/><G71/><T83/><D83/><U53/><E3/><V111/><F111/><W39/><G39/><T43/><D47/><U135/><E135/><V102/><F19/><N who="1" m="7177" /><E38/><V33/><F33/><W120/><G107/><T88/><D9/><U63/><E63/><V74/><F74/><W118/><G118/><T119/><D0/><U51/><E53/><N who="2" m="33999" /><F96/><N who="3" m="59399" /><G120/><T132/><D126/><U42/><E42/><V8/><F8/><W87/><G109/><T69/><D69/><U28/><E28/><V27/><F27/><W2/><G2/><T45/><D132/><U60/><E60/><V117/><F117/><W116/><G116/><T84/><D119/><U78/><E78/><V5/><F5/><W15/><G76/><T54/><D43/><U80/><E80/><V22/><F22/><N who="1" m="8201" /><E90/><N who="3" m="34314" /><G15/><T133/><D133/><U31/><E31/><V36/><F36/><W34/><G34/><N who="0" m="20815" /><D130/><U24/><E24/><V128/><F128/><W121/><G121/><T122/><D122/><U6/><E6/><V64/><F64/><W115/><G115/><T82/><D55/><U75/><E75/><V101/><F101/><W4/><G4/><T20/><D20/><U37/><E37/><V79/><F79/><W97/><G97/><T99/><D99/><RYUUKYOKU ba="0,0" sc="229,-30,185,10,292,10,294,10" hai1="44,46,48,50,51,93,95" hai2="12,14,41,49,94,98,102" hai3="11,13,16,52,57,85,87" /><INIT seed="5,1,0,0,2,25" ten="199,195,302,304" oya="1" hai0="78,129,84,43,51,63,11,33,72,132,103,21,34" hai1="89,117,90,101,82,36,112,37,130,30,67,4,57" hai2="105,66,127,14,71,124,2,23,128,110,119,96,40" hai3="16,100,134,116,9,131,69,5,31,17,59,83,6"/><U80/><E117/><V108/><F119/><W49/><G69/><T29/><D72/><U76/><E112/><V58/><F71/><W123/><G123/><T64/><D103/><U73/><E130/><V35/><F2/><W54/><G116/><T0/><D132/><U3/><E101/><N who="2" m="62631" /><F35/><W1/><G131/><T55/><D43/><U94/><E82/><V38/><F128/><W24/><G134/><T98/><D98/><U95/><E3/><V41/><F66/><W8/><G100/><T15/><D84/><U87/><E4/><V56/><F14/><W107/><G107/><T22/><D78/><U81/><E81/><V97/><F23/><W85/><G8/><T7/><D129/><U75/><E75/><V99/><F99/><W48/><G6/><T104/><D104/><U135/><E135/><V27/><F27/><W102/><G102/><T45/><D21/><U118/><E118/><V44/><F41/><W70/><G49/><T106/><D106/><U20/><E67/><V10/><F10/><W13/><G1/><T93/><D93/><U115/><E115/><V65/><F97/><W42/><G42/><T92/><D92/><U61/><E94/><V88/><F88/><N who="3" m="51263" /><G70/><T28/><D34/><U60/><E90/><V126/><F65/><W46/><G59/><AGARI ba="1,0" hai="38,40,44,56,58,59,108,110,124,126,127" m="62631" machi="59" ten="30,1000,0" yaku="18,1" doraHai="25" who="2" fromWho="3" sc="199,0,195,0,302,13,304,-13" /><INIT seed="6,0,0,4,4,62" ten="199,195,315,291" oya="2" hai0="112,53,24,28,0,99,104,52,128,8,92,54,116" hai1="97,77,23,135,17,131,130,132,87,68,101,65,111" hai2="11,47,118,31,127,78,44,37,59,58,75,81,46" hai3="119,90,74,13,63,76,120,84,20,22,67,2,123"/><V16/><F118/><W117/><G2/><T94/><D112/><U86/><E111/><V89/><F127/><W45/><G74/><T107/><D128/><N who="1" m="49195" /><E68/><V9/><F37/><W79/><G45/><T12/><D0/><U134/><E77/><V98/><F31/><W30/><G30/><T105/><D116/><U96/><E65/><V102/><F89/><W110/><G110/><T72/><D72/><U95/><E97/><V73/><F73/><W6/><G119/><T108/><D108/><U55/><E55/><V114/><F114/><W88/><G117/><T91/><D94/><U57/><E57/><V21/><F59/><W121/><G79/><T3/><D3/><U25/><AGARI ba="0,0" hai="17,23,25,86,87,95,96,101,132,134,135" m="49195" machi="25" ten="40,2700,0" yaku="20,1,19,1" doraHai="62" who="1" fromWho="1" sc="199,-7,195,27,315,-13,291,-7" /><INIT seed="7,0,0,2,1,93" ten="192,222,302,284" oya="3" hai0="87,101,59,39,43,26,69,84,18,33,42,111,58" hai1="66,127,56,63,29,72,106,50,105,11,41,74,115" hai2="110,25,44,103,81,49,75,80,36,95,16,97,124" hai3="129,12,57,100,88,65,1,34,135,27,128,35,54"/><W6/><G1/><T116/><D69/><U125/><E115/><V19/><F110/><W118/><G118/><T0/><D0/><U77/><E29/><V21/><F36/><W38/><G38/><T122/><D39/><U62/><E11/><V51/><F124/><N who="1" m="47689" /><E63/><V28/><F75/><N who="1" m="28713" /><E77/><V83/><F51/><N who="3" m="30943" /><G100/><T99/><D33/><U73/><N who="1" m="28721" /><U90/><DORA hai="108" /><E90/><V48/><F48/><W134/><G65/><T46/><D111/><U60/><E60/><V23/><F23/><W7/><G27/><T52/><D116/><U107/><E107/><V70/><F70/><W20/><G20/><N who="0" m="13591" /><D122/><U79/><E79/><V76/><F76/><W113/><G113/><T2/><D2/><U117/><E117/><V119/><F119/><W78/><G78/><T3/><D3/><U4/><E4/><N who="3" m="1578" /><G12/><T24/><D24/><U47/><AGARI ba="0,0" hai="41,47,50,56,62,66,105,106" m="28721,47689" machi="47" ten="50,1600,0" yaku="18,1" doraHai="93,108" who="1" fromWho="1" sc="192,-4,222,16,302,-4,284,-8" /><INIT seed="8,0,0,3,2,77" ten="188,238,298,276" oya="0" hai0="131,65,124,28,129,107,134,41,47,43,119,130,30" hai1="32,9,113,45,71,111,126,91,16,121,8,133,108" hai2="118,64,81,67,90,24,114,2,31,112,12,79,27" hai3="63,20,75,62,87,34,37,13,5,92,59,93,29"/><T105/><D119/><U33/><E121/><V109/><F2/><W95/><G37/><T3/><D3/><U0/><E71/><V103/><F109/><N who="1" m="42057" /><E45/><V120/><F120/><W98/><G75/><T46/><D65/><U57/><E91/><V116/><F103/><W70/><G70/><T15/><D15/><N who="1" m="7279" /><E57/><V125/><F90/><W97/><G34/><T61/><D61/><N who="3" m="23049" /><G59/><T17/><D17/><U84/><E84/><N who="2" m="48191" /><F12/><W6/><G87/><T7/><D7/><N who="3" m="2569" /><G13/><T38/><D124/><U36/><E126/><V11/><F125/><W39/><G39/><T82/><D82/><U68/><E36/><V104/><F104/><N who="0" m="40010" /><D134/><U94/><E68/><V110/><F110/><W4/><N who="3" m="2577" /><W14/><DORA hai="56" /><G14/><T85/><D85/><U26/><E133/><V76/><F67/><W115/><G115/><T135/><D135/><U127/><E113/><V50/><F64/><W66/><G66/><T48/><AGARI ba="0,0" hai="28,30,38,41,43,46,47,48,129,130,131" m="40010" machi="48" ten="40,2100,0" yaku="19,1" doraHai="77,56" who="0" fromWho="0" sc="188,21,238,-7,298,-7,276,-7" /><INIT seed="8,1,0,4,5,130" ten="209,231,291,269" oya="0" hai0="19,110,48,133,56,49,34,99,128,37,11,44,70" hai1="2,77,94,116,120,3,22,13,100,52,14,129,36" hai2="9,76,115,47,127,55,88,113,104,16,64,107,38" hai3="15,80,134,111,46,117,28,65,83,12,67,25,50"/><T97/><D34/><U33/><E120/><V74/><F127/><W5/><G117/><T92/><D70/><U63/><E116/><V75/><F64/><W45/><G111/><T29/><D110/><U66/><E129/><V84/><F104/><W89/><G89/><T60/><D128/><U82/><E36/><V32/><F32/><W40/><G134/><T103/><D133/><U126/><E126/><V79/><F107/><W39/><G15/><N who="0" m="7679" /><D37/><U21/><E33/><V41/><F79/><W61/><G5/><T96/><D29/><U26/><E3/><V0/><F55/><W118/><G118/><T125/><D125/><U1/><E1/><V85/><F85/><W109/><G109/><T105/><D105/><U121/><E121/><V122/><F122/><W98/><G12/><T112/><D112/><U54/><E2/><V24/><F24/><W135/><G135/><T6/><D6/><U69/><E13/><N who="2" m="7215" /><F0/><W57/><G67/><N who="0" m="39303" /><D49/><U91/><E14/><V30/><F30/><W68/><G68/><T102/><D102/><U90/><E100/><V51/><F38/><W17/><G17/><T93/><D103/><U86/><E21/><V23/><F23/><W101/><G101/><T114/><D114/><N who="2" m="43530" /><F76/><W7/><G7/><T95/><D99/><U42/><E91/><V87/><F88/><W58/><G98/><T73/><D73/><N who="1" m="43311" /><E42/><AGARI ba="1,0" hai="42,44,48,92,93,95,96,97" m="39303,7679" machi="42" ten="30,1500,0" yaku="8,1" doraHai="130" who="0" fromWho="1" sc="209,18,231,-18,291,0,269,0" /><INIT seed="8,2,0,3,1,44" ten="227,213,291,269" oya="0" hai0="90,40,79,48,7,66,126,58,3,22,29,70,64" hai1="49,102,37,78,113,41,27,115,121,52,23,34,118" hai2="133,5,71,127,16,10,112,62,85,19,91,2,42" hai3="12,47,92,68,24,11,69,107,46,83,89,61,13"/><T15/><D70/><U111/><E111/><V33/><F112/><N who="1" m="43081" /><E121/><V57/><F33/><W84/><G107/><T122/><D3/><U60/><E118/><V25/><F71/><W117/><G117/><T98/><D79/><U123/><E123/><V0/><F133/><W50/><G24/><N who="0" m="16535" /><D126/><U17/><E78/><V134/><F134/><W63/><G68/><T32/><D32/><U80/><E34/><V129/><F127/><W30/><G30/><T132/><D132/><U135/><E135/><V105/><F105/><W67/><G63/><T119/><D119/><U18/><E102/><V94/><F129/><W87/><G11/><N who="0" m="4607" /><D122/><U77/><E60/><V26/><F2/><W9/><G9/><T45/><D58/><N who="1" m="33039" /><E41/><V96/><F42/><W28/><G28/><T82/><D82/><U86/><E37/><V109/><F109/><W125/><G125/><T99/><D90/><U104/><E104/><V128/><F128/><W74/><G74/><T8/><D8/><U65/><E65/><AGARI ba="2,0" hai="40,45,48,64,65,66,98,99" m="4607,16535" machi="65" ten="30,2900,0" yaku="8,1,52,1" doraHai="44" who="0" fromWho="1" sc="227,35,213,-35,291,0,269,0" /><INIT seed="8,3,0,3,3,18" ten="262,178,291,269" oya="0" hai0="97,3,86,112,37,127,73,80,118,16,53,31,70" hai1="79,124,94,58,71,27,85,77,13,133,65,74,21" hai2="7,48,25,57,96,105,19,12,43,109,36,93,111" hai3="60,42,22,69,126,129,5,56,41,72,78,134,114"/><T49/><D3/><U61/><E124/><V46/><F105/><W89/><G114/><T45/><D73/><U92/><E133/><V131/><F131/><W121/><G134/><T55/><D37/><U0/><E0/><V108/><F25/><W117/><G117/><T50/><D70/><U54/><E74/><V10/><F7/><W95/><G126/><T87/><D31/><U106/><E106/><V135/><F135/><W35/><G35/><T26/><D112/><U44/><E44/><V4/><F4/><W132/><G132/><T20/><D118/><U9/><E13/><V88/><REACH who="2" step="1"/><F57/><REACH who="2" ten="262,178,281,269" step="2"/><W68/><G69/><T30/><D26/><U6/><E6/><V28/><F28/><W40/><G5/><T110/><D30/><U67/><E9/><V23/><F23/><W103/><G68/><T100/><D20/><U17/><E67/><V130/><F130/><W90/><G22/><T107/><D107/><U47/><E47/><V66/><F66/><W39/><G129/><T125/><D45/><U115/><E115/><V98/><F98/><W29/><G29/><T76/><D97/><U33/><E33/><V91/><F91/><W82/><G90/><T32/><D32/><U24/><E24/><V119/><F119/><W51/><G89/><T123/><D127/><U81/><REACH who="1" step="1"/><E79/><REACH who="1" ten="262,168,281,269" step="2"/><V128/><F128/><W84/><G78/><N who="0" m="46359" /><D125/><U52/><E52/><V11/><F11/><W113/><G113/><T15/><D76/><U120/><E120/><V2/><F2/><W64/><G121/><T83/><D123/><U38/><E38/><AGARI ba="3,2" hai="10,12,19,36,38,43,46,48,88,93,96,108,109,111" machi="38" ten="40,2600,0" yaku="1,1,54,1,53,0" doraHai="18" doraHaiUra="62" who="2" fromWho="1" sc="262,0,168,-35,281,55,269,0" owari="262,-14.0,133,-37.0,336,44.0,269,7.0" /></mjloggm>