<mjloggm ver="2.3"><GO type="169" lobby="0"/><UN n0="%E3%83%88%E3%83%88%E3%83%AA%E5%85%88%E7%94%9F%31%39%E6%AD%B3" n1="%E3%81%8F%E3%81%86%E3%81%9F%E3%82%8D" n2="%69%73%69%79%61%6B%69" n3="%E3%81%87%E3%82%8B%E3%81%87%E3%82%8B" dan="18,17,16,16" rate="2282.07,2115.49,2067.44,2068.09" sx="F,M,M,F"/><TAIKYOKU oya="0"/><INIT seed="0,0,0,3,3,67" ten="250,250,250,250" oya="0" hai0="22,64,72,116,134,0,127,85,39,48,95,24,18" hai1="26,29,105,91,92,14,84,123,112,130,13,12,33" hai2="107,118,27,69,65,44,17,96,45,131,79,36,53" hai3="73,8,11,20,83,76,34,51,109,30,75,5,71"/><T77/><D116/><U32/><E123/><V81/><F118/><W122/><G122/><T117/><D117/><U86/><E130/><V60/><F131/><W104/><G104/><T93/><D39/><U38/><E38/><V25/><F36/><W47/><G34/><T128/><D0/><U68/><E105/><V80/><F81/><W10/><G109/><T121/><D121/><U87/><E112/><V16/><F27/><W37/><G37/><T15/><D72/><U40/><E40/><V99/><F99/><W1/><G73/><T70/><D128/><U94/><E33/><V106/><F107/><W9/><G71/><T42/><D134/><U135/><E135/><V41/><F41/><W110/><G110/><T120/><D120/><U62/><REACH who="1" step="1"/><E91/><REACH who="1" ten="250,240,250,250" step="2"/><V23/><F106/><W132/><G132/><T100/><D42/><U125/><E125/><V114/><F114/><W124/><G124/><T74/><D127/><U2/><E2/><V7/><F79/><W88/><G88/><T61/><D77/><U4/><E4/><V98/><F7/><W3/><G3/><T129/><D129/><U119/><E119/><V55/><F17/><W111/><G111/><T59/><D18/><U66/><AGARI ba="0,1" hai="12,13,14,26,29,32,62,66,68,84,86,87,92,94" machi="66" ten="40,12000,2" yaku="1,1,0,1,52,1,53,3" doraHai="67" doraHaiUra="82" who="1" fromWho="1" sc="250,-60,240,130,250,-30,250,-30" /><INIT seed="1,0,0,5,0,123" ten="190,370,220,220" oya="1" hai0="30,132,14,44,52,103,12,99,120,2,88,36,115" hai1="105,73,80,40,23,59,74,56,133,31,106,114,41" hai2="72,102,95,29,71,111,53,5,94,38,124,51,78" hai3="15,100,37,7,79,77,93,89,118,127,33,84,32"/><U110/><E114/><V117/><F117/><W50/><G37/><T107/><D2/><U13/><E80/><V86/><F38/><W66/><G118/><T85/><D115/><U97/><E31/><V58/><F72/><W125/><G66/><T64/><D120/><U92/><E23/><V17/><F5/><W25/><G50/><T130/><D130/><U98/><E92/><V116/><F116/><W39/><G39/><T0/><D0/><U46/><E13/><V128/><F128/><W81/><G100/><T4/><D132/><U68/><E46/><V42/><F71/><W67/><G79/><T126/><D126/><U87/><E87/><V43/><F124/><W82/><G82/><T70/><D30/><U104/><E104/><V63/><F29/><W3/><G3/><T55/><D36/><U61/><E61/><V83/><F63/><W135/><G135/><T18/><D4/><U76/><E133/><V1/><F1/><W90/><G33/><T62/><D44/><U49/><E49/><V9/><F102/><W119/><G119/><T121/><D121/><U134/><E134/><V129/><F129/><W28/><G77/><T35/><D35/><U101/><E76/><V10/><F78/><W65/><G127/><T112/><D112/><U45/><E68/><V34/><F34/><W8/><G125/><T20/><REACH who="0" step="1"/><D14/><REACH who="0" ten="180,370,220,220" step="2"/><U96/><E45/><V22/><F43/><W54/><G54/><T6/><D6/><U113/><E41/><V122/><F42/><W47/><G47/><T57/><D57/><U131/><E40/><V26/><F122/><RYUUKYOKU ba="0,1" sc="180,15,370,-15,220,-15,220,15" hai0="12,18,20,52,55,62,64,70,85,88,99,103,107" hai3="7,8,15,25,28,32,65,67,81,84,89,90,93" /><INIT seed="2,1,1,5,3,57" ten="195,355,205,235" oya="2" hai0="56,131,13,114,44,127,107,53,3,111,61,33,112" hai1="102,97,49,134,119,59,67,43,36,115,68,46,40" hai2="116,48,22,65,37,85,14,17,47,12,118,16,101" hai3="81,125,76,133,77,15,93,72,71,89,62,104,74"/><V69/><F37/><W109/><G104/><T120/><D3/><U60/><E115/><V7/><F7/><W39/><G39/><T31/><D107/><U45/><E119/><V58/><F69/><W126/><G109/><T90/><D120/><U32/><E134/><V128/><F128/><W1/><G1/><T10/><D111/><U132/><E132/><V100/><F85/><W121/><G121/><T73/><D73/><U41/><E32/><V51/><F116/><W95/><G133/><T9/><D131/><U96/><E96/><V130/><F130/><W34/><G34/><T18/><D127/><U79/><E79/><V108/><F108/><W117/><G117/><T86/><D9/><U103/><E103/><V122/><F122/><W135/><G135/><T6/><D6/><U82/><E82/><V83/><F83/><W38/><G38/><T2/><D2/><U52/><E46/><V29/><F29/><W88/><G81/><T113/><D44/><U110/><E110/><V26/><F26/><W129/><G129/><T8/><D8/><U70/><E70/><V21/><F118/><W87/><G71/><T0/><D0/><U63/><E49/><N who="2" m="19019" /><F47/><W99/><G15/><T124/><D124/><N who="3" m="47721" /><G62/><AGARI ba="1,1" hai="12,14,16,17,21,22,58,62,65,100,101" m="19019" machi="62" ten="30,5800,0" yaku="8,1,52,1,54,1" doraHai="57" who="2" fromWho="3" sc="195,0,355,0,205,71,235,-61" /><INIT seed="2,2,0,5,4,11" ten="195,355,276,174" oya="2" hai0="98,103,115,65,64,71,42,114,34,125,36,54,119" hai1="7,18,99,61,50,53,12,72,123,135,85,37,0" hai2="3,81,111,112,127,116,28,92,117,86,23,1,17" hai3="9,14,77,35,101,131,63,109,91,10,97,25,52"/><V84/><F28/><W88/><G109/><T130/><D34/><U13/><E37/><V55/><F112/><W133/><G131/><T102/><D130/><U89/><E72/><V122/><F122/><W15/><G133/><T22/><D125/><U29/><E135/><V75/><F127/><W58/><G77/><T107/><D119/><U124/><E124/><V82/><F75/><W51/><G35/><T16/><D103/><U121/><E29/><V105/><F105/><W46/><G25/><T69/><D54/><U104/><E61/><V47/><F111/><W49/><G49/><T67/><D42/><U129/><E129/><V73/><F73/><W45/><G45/><T44/><D44/><N who="1" m="27847" /><E18/><V32/><F92/><N who="3" m="58535" /><G10/><T21/><D21/><U83/><E7/><V43/><F55/><N who="3" m="34271" /><G15/><N who="1" m="5706" /><E0/><V93/><F32/><W30/><G30/><T48/><D36/><U56/><E56/><V62/><F62/><W26/><G26/><N who="0" m="14663" /><D48/><U2/><E2/><V66/><F3/><W87/><G87/><T108/><D108/><U59/><E59/><V132/><F1/><W96/><G96/><T74/><D74/><U70/><E70/><N who="0" m="26633" /><D115/><U19/><E19/><AGARI ba="2,0" hai="9,14,19,46,51,52,88,91" m="34271,58535" machi="19" ten="30,7700,0" yaku="8,1,52,1,54,2" doraHai="11" who="3" fromWho="1" sc="195,0,355,-83,276,0,174,83" /><INIT seed="3,0,0,1,3,66" ten="195,272,276,257" oya="3" hai0="88,44,49,5,35,48,58,119,114,32,20,120,1" hai1="46,28,104,93,26,84,76,6,68,0,73,83,107" hai2="29,74,47,53,62,85,60,110,71,63,99,51,3" hai3="87,64,43,57,103,116,23,13,131,69,130,24,30"/><W42/><G116/><T121/><D119/><U101/><E68/><V133/><F74/><W41/><G57/><T91/><D114/><U70/><E70/><V52/><F3/><W61/><G103/><T2/><D58/><U108/><E108/><V96/><F110/><W4/><REACH who="3" step="1"/><G87/><REACH who="3" ten="195,272,276,247" step="2"/><T75/><D75/><U102/><E102/><V97/><F85/><W90/><G90/><T117/><D117/><U56/><E101/><V37/><F71/><W105/><G105/><T36/><D91/><U59/><E104/><V132/><F96/><W127/><G127/><T45/><D88/><N who="1" m="53383" /><E107/><V124/><F97/><W25/><G25/><T89/><D89/><U80/><E59/><V38/><F99/><W40/><N who="3" m="10240" /><DORA hai="109" /><W94/><G94/><T55/><D120/><U123/><E56/><V65/><F124/><W106/><G106/><T9/><D121/><U16/><E123/><V100/><F100/><W50/><G50/><T12/><D48/><U81/><E46/><V128/><F47/><W125/><G125/><T54/><D44/><U111/><E111/><V92/><F51/><W72/><G72/><T10/><D54/><U77/><E73/><V134/><F52/><W18/><G18/><N who="0" m="10311" /><D55/><U82/><E16/><V86/><F92/><W7/><G7/><N who="0" m="1271" /><D49/><U126/><E126/><V11/><F53/><W78/><G78/><T135/><D45/><U67/><E81/><V31/><F86/><W115/><G115/><T33/><D36/><U98/><E98/><V19/><F38/><W95/><G95/><T14/><D1/><U34/><E67/><V27/><F37/><RYUUKYOKU ba="0,1" sc="195,10,272,10,276,-30,247,10" hai0="5,10,14,32,33,35,135" hai1="0,6,26,28,34,76,77,80,82,83" hai3="4,13,23,24,30,61,64,69,130,131" /><INIT seed="3,1,1,3,4,5" ten="205,282,246,257" oya="3" hai0="67,83,52,104,134,81,95,2,11,27,132,124,56" hai1="31,71,37,29,32,15,86,100,114,118,85,97,91" hai2="117,53,110,48,49,78,21,22,68,77,18,111,89" hai3="39,38,55,50,7,42,121,112,54,9,122,41,36"/><W14/><G112/><T75/><D104/><U58/><E71/><V28/><F68/><W61/><G61/><T87/><D124/><U70/><E70/><V20/><F28/><W99/><G99/><T127/><D127/><U43/><E114/><V98/><F117/><W130/><G130/><T103/><D67/><U59/><E118/><V23/><F98/><W131/><G131/><T51/><D75/><U19/><E43/><V102/><F89/><W105/><G105/><T63/><D103/><U106/><E37/><V73/><F102/><W13/><G50/><N who="2" m="19561" /><F73/><W35/><G35/><T133/><D63/><U47/><E47/><V57/><F57/><W90/><G90/><N who="0" m="53727" /><D27/><U24/><E31/><V128/><F53/><W30/><G30/><T108/><D108/><N who="2" m="41514" /><F128/><W33/><G33/><T65/><D65/><U94/><REACH who="1" step="1"/><E86/><REACH who="1" ten="205,272,246,257" step="2"/><V92/><F92/><W107/><G39/><T0/><D0/><U44/><E44/><V129/><F129/><W60/><G107/><T6/><AGARI ba="1,2" hai="2,6,11,51,52,56,81,83,132,133,134" m="53727" machi="6" ten="40,5200,0" yaku="20,1,52,1,54,1" doraHai="5" who="0" fromWho="0" sc="205,75,272,-14,246,-14,257,-27" /><INIT seed="4,0,0,4,3,66" ten="280,258,232,230" oya="0" hai0="30,132,32,9,56,61,45,22,50,28,7,120,122" hai1="102,98,108,5,71,19,42,78,123,101,65,125,17" hai2="55,119,29,25,107,1,112,49,35,3,67,10,14" hai3="6,54,110,12,16,126,116,52,24,69,92,88,104"/><T134/><D32/><U91/><E108/><V129/><F112/><W41/><G110/><T38/><D22/><U133/><E123/><N who="0" m="47145" /><D9/><U60/><E125/><V74/><F129/><W15/><G116/><T95/><D7/><U33/><E133/><N who="0" m="51305" /><D95/><U18/><E33/><V83/><F107/><W94/><G104/><T121/><N who="0" m="47153" /><T105/><DORA hai="21" /><D105/><U87/><E42/><V40/><F40/><W36/><G126/><T118/><D38/><U4/><E78/><V115/><F115/><W96/><G6/><T62/><D62/><U130/><E130/><V11/><F11/><W97/><G36/><T20/><D20/><U80/><REACH who="1" step="1"/><E101/><REACH who="1" ten="280,248,232,230" step="2"/><V34/><F34/><W48/><G41/><N who="0" m="24879" /><D118/><U90/><E90/><V31/><F35/><W47/><G88/><T51/><D51/><U85/><E85/><V77/><F49/><W114/><G48/><T111/><D111/><U73/><E73/><V127/><F74/><W27/><G114/><T76/><D76/><U26/><E26/><V93/><F25/><W128/><G128/><T13/><D13/><U75/><E75/><V2/><F14/><W72/><G72/><T64/><AGARI ba="0,1" hai="28,30,56,61,64" m="24879,51305,47153" machi="64" ten="50,2400,0" yaku="20,1" doraHai="66,21" who="0" fromWho="0" sc="280,34,248,-8,232,-8,230,-8" /><INIT seed="4,1,0,3,1,36" ten="314,240,224,222" oya="0" hai0="29,106,62,114,117,33,0,86,100,116,108,48,80" hai1="23,78,44,95,30,83,79,32,18,115,37,134,99" hai2="40,26,67,46,84,45,135,11,63,10,82,122,121" hai3="56,21,43,91,12,38,34,7,132,58,85,65,129"/><T61/><D0/><U68/><E68/><V113/><F113/><W128/><G34/><T97/><D114/><U126/><E115/><V102/><F135/><W5/><G132/><T24/><D108/><U87/><E134/><V54/><F54/><W101/><G101/><T49/><D116/><U59/><E126/><V109/><F109/><W35/><G35/><T69/><D117/><U1/><E1/><V111/><F111/><W96/><G96/><T88/><D62/><U110/><E110/><V94/><F26/><W127/><G127/><T89/><D89/><U2/><E2/><V104/><F104/><W52/><G65/><AGARI ba="1,0" hai="24,29,33,48,49,61,65,69,80,86,88,97,100,106" machi="65" ten="40,7700,0" yaku="25,2,54,1" doraHai="36" who="0" fromWho="3" sc="314,80,240,0,224,0,222,-80" /><INIT seed="4,2,0,3,5,39" ten="394,240,224,142" oya="0" hai0="66,91,87,22,1,36,101,47,128,4,85,48,34" hai1="127,52,38,131,70,98,86,42,130,13,71,124,94" hai2="134,123,0,51,58,29,99,64,95,93,80,67,43" hai3="117,107,65,63,7,81,21,17,108,68,20,76,110"/><T115/><D34/><U114/><E13/><V116/><F123/><W31/><G117/><T60/><D36/><U35/><E35/><V135/><F0/><W133/><G107/><T92/><D115/><U69/><E86/><V24/><F80/><W88/><G133/><N who="2" m="50697" /><F93/><W97/><G7/><T61/><D128/><N who="1" m="49195" /><E114/><V5/><F5/><W129/><G129/><T118/><D118/><U11/><E11/><V113/><F113/><W83/><G31/><T96/><D87/><U125/><E94/><V28/><F29/><W26/><G21/><T8/><D66/><U90/><E90/><N who="2" m="55799" /><F116/><W62/><G62/><T59/><D22/><U50/><E98/><V41/><F58/><W37/><G97/><T111/><D59/><N who="1" m="33175" /><E71/><V33/><F51/><W19/><G37/><T72/><D72/><U103/><E103/><V105/><F105/><W16/><G110/><T9/><D111/><U32/><E32/><V100/><F100/><W12/><G108/><T82/><D9/><U112/><E112/><V25/><F25/><W79/><G26/><T6/><D6/><U15/><E15/><V77/><F77/><W18/><REACH who="3" step="1"/><G88/><REACH who="3" ten="394,240,224,132" step="2"/><T57/><D101/><U102/><E102/><V84/><F84/><W120/><G120/><T45/><D96/><U14/><E14/><V109/><F109/><W56/><G56/><T3/><D3/><U46/><AGARI ba="2,1" hai="38,42,46,69,70,124,125,127" m="33175,49195" machi="46" ten="40,12000,2" yaku="18,1,19,1,34,2,52,1,54,1" doraHai="39" who="1" fromWho="1" sc="394,-62,240,136,224,-32,132,-32" /><INIT seed="5,0,0,5,2,85" ten="332,376,192,100" oya="1" hai0="82,56,81,111,38,28,99,79,51,53,92,110,98" hai1="129,10,43,123,25,48,75,23,135,21,3,40,115" hai2="102,103,32,131,36,35,117,126,18,113,57,118,64" hai3="132,1,24,17,72,45,94,47,125,86,109,104,44"/><U96/><E123/><V63/><F36/><W77/><G104/><T67/><D38/><U7/><E75/><V6/><F6/><W66/><G109/><T52/><D67/><U70/><E115/><V54/><F113/><W65/><G1/><T112/><D112/><U124/><E70/><V134/><F18/><W19/><G72/><T68/><D68/><U71/><E71/><V74/><F74/><W114/><G114/><T89/><D28/><U87/><E124/><V128/><F126/><W12/><G125/><T60/><D79/><U42/><E129/><N who="2" m="49739" /><F134/><W108/><G108/><T101/><D111/><U62/><E135/><V13/><F13/><W130/><G130/><T90/><D110/><U8/><E8/><V50/><F102/><W2/><G2/><T100/><D82/><U97/><E25/><V22/><F103/><W133/><G24/><T11/><D11/><U46/><E21/><V0/><F22/><W27/><G27/><T58/><D81/><U91/><E23/><V93/><F0/><W107/><G107/><AGARI ba="0,0" hai="51,52,53,56,58,60,89,90,92,98,99,100,101,107" machi="107" ten="30,7700,0" yaku="7,1,52,2,54,1" doraHai="85" who="0" fromWho="3" sc="332,77,376,0,192,0,100,-77" /><INIT seed="6,0,0,5,1,13" ten="409,376,192,23" oya="2" hai0="68,40,56,103,75,70,130,0,37,73,116,12,83" hai1="41,100,65,53,120,67,129,80,112,44,121,108,106" hai2="42,113,48,78,38,28,51,14,47,127,93,102,55" hai3="11,45,79,43,59,88,98,91,50,135,95,22,4"/><V82/><F113/><W29/><G135/><T31/><D0/><U19/><E108/><V23/><F127/><W8/><G79/><T34/><D130/><U69/><E112/><V71/><F71/><W125/><G125/><T110/><D110/><U17/><E53/><V123/><F123/><N who="1" m="47177" /><E129/><V2/><F2/><W89/><G59/><T39/><D116/><U9/><E9/><V86/><F55/><W133/><G133/><T124/><D40/><U99/><E80/><V15/><F38/><W117/><G117/><T62/><D83/><U36/><E69/><V32/><F51/><W21/><G11/><T52/><D124/><U16/><AGARI ba="0,0" hai="16,17,19,36,41,44,65,67,99,100,106" m="47177" machi="16" ten="30,8000,1" yaku="13,1,52,3,54,1" doraHai="13" who="1" fromWho="1" sc="409,-20,376,80,192,-40,23,-20" /><INIT seed="7,0,0,4,0,31" ten="389,456,152,3" oya="3" hai0="87,24,55,111,1,101,23,93,104,86,127,74,35" hai1="119,37,73,8,89,38,123,7,5,113,15,110,82" hai2="115,70,128,132,30,90,92,112,28,94,58,133,18" hai3="105,68,131,114,33,135,109,17,108,26,27,84,130"/><W46/><G68/><T103/><D111/><N who="3" m="42569" /><G105/><T10/><D74/><U36/><E110/><V106/><F70/><W122/><G122/><T22/><D127/><U21/><E123/><V14/><F106/><W25/><G114/><N who="2" m="43561" /><F128/><N who="3" m="49195" /><G135/><N who="2" m="51785" /><F58/><W129/><N who="3" m="49203" /><W44/><DORA hai="124" /><G84/><T80/><D87/><U20/><E73/><V116/><F116/><W11/><G33/><T134/><D35/><U57/><E119/><V48/><F48/><W32/><G32/><T107/><D86/><U71/><E38/><V96/><F92/><W60/><G60/><T49/><D93/><U12/><E37/><V50/><F50/><W63/><G63/><T99/><D134/><U121/><E36/><V81/><F81/><W79/><G79/><T72/><D80/><U2/><E82/><V76/><F76/><W16/><G11/><AGARI ba="0,0" hai="11,14,18,28,30,90,94,96" m="51785,43561" machi="11" ten="30,2000,0" yaku="15,1,20,1" doraHai="31,124" who="2" fromWho="3" sc="389,0,456,0,152,20,3,-20" owari="389,19.0,456,56.0,172,-23.0,-17,-52.0" /></mjloggm>