<mjloggm ver="2.3"><GO type="169" lobby="0"/><UN n0="%E3%82%AB%E3%83%AA%E3%83%95%E3%82%A9%E3%83%AB%E3%83%8B%E3%82%A2%E9%A2%A8" n1="%E3%81%A1%E3%81%BF%E3%81%A1%E3%82%83%E3%82%93" n2="%4B%E3%80%82" n3="%E3%82%A6%E3%83%AB%E3%83%88%E3%83%A9%E7%AB%8B%E7%9B%B4" dan="17,17,17,16" rate="2117.13,2144.62,2192.97,2188.54" sx="M,M,M,M"/><TAIKYOKU oya="0"/><INIT seed="0,0,0,0,2,3" ten="250,250,250,250" oya="0" hai0="119,11,54,65,15,34,98,63,57,26,122,64,30" hai1="58,35,76,129,100,87,85,6,127,20,17,77,56" hai2="128,70,108,96,47,103,111,36,14,27,13,94,59" hai3="52,61,75,95,32,31,89,7,91,116,5,81,92"/><T124/><D119/><U18/><E35/><V4/><F70/><W74/><G116/><T120/><D124/><U24/><E127/><V23/><F128/><W12/><G32/><T66/><REACH who="0" step="1"/><D98/><REACH who="0" ten="240,250,250,250" step="2"/><U46/><E129/><V2/><F96/><N who="3" m="57359" /><G74/><T84/><D84/><U9/><E85/><V118/><F118/><W28/><G75/><T42/><D42/><U33/><E87/><V115/><F115/><W39/><G81/><T50/><D50/><U107/><E76/><V132/><F111/><W123/><G39/><T131/><D131/><U43/><E77/><V8/><F108/><W93/><G123/><T110/><D110/><U10/><E43/><V71/><F36/><W38/><G38/><T25/><D25/><U121/><E24/><V53/><F27/><W112/><G112/><T126/><D126/><U51/><E51/><V135/><F132/><W22/><G31/><T102/><D102/><U90/><E100/><V113/><F103/><W72/><G72/><T40/><D40/><U109/><E109/><V62/><F135/><W55/><G28/><T19/><AGARI ba="0,1" hai="11,15,19,26,30,34,54,57,63,64,65,66,120,122" machi="19" ten="30,3000,0" yaku="1,1,0,1,53,0" doraHai="3" doraHaiUra="79" who="0" fromWho="0" sc="240,40,250,-10,250,-10,250,-10" /><INIT seed="0,1,0,5,5,130" ten="280,240,240,240" oya="0" hai0="66,35,70,4,121,93,83,11,85,43,101,5,13" hai1="18,82,103,126,106,48,118,80,131,34,91,78,45" hai2="69,55,119,39,17,15,97,14,19,29,123,52,98" hai3="125,134,60,100,36,132,89,8,90,73,79,122,88"/><T104/><D104/><U2/><E118/><V41/><F69/><W53/><G36/><T120/><D35/><U87/><E131/><V99/><F123/><W26/><G100/><T6/><D120/><U76/><E34/><V44/><F119/><W62/><G122/><T77/><D121/><U71/><E71/><V65/><F65/><W54/><G125/><T109/><D109/><U9/><E126/><V92/><F29/><W42/><G42/><T63/><REACH who="0" step="1"/><D43/><REACH who="0" ten="270,240,240,240" step="2"/><U108/><E106/><V16/><REACH who="2" step="1"/><F92/><REACH who="2" ten="270,240,230,240" step="2"/><W110/><G110/><T107/><D107/><U128/><E108/><V112/><F112/><W40/><G40/><T33/><D33/><U75/><E128/><V1/><F1/><W72/><G54/><AGARI ba="1,2" hai="14,15,16,17,19,39,41,44,52,54,55,97,98,99" machi="54" ten="40,5200,0" yaku="1,1,54,2,53,0" doraHai="130" doraHaiUra="81" who="2" fromWho="3" sc="270,0,240,0,230,75,240,-55" /><INIT seed="1,0,0,1,5,62" ten="270,240,305,185" oya="1" hai0="58,86,63,74,122,66,47,70,69,13,92,60,130" hai1="94,85,26,25,134,65,110,102,34,0,129,16,18" hai2="61,99,31,119,37,120,90,54,39,79,36,84,81" hai3="19,11,67,20,44,127,32,49,3,115,111,10,77"/><U53/><E0/><V8/><F119/><W17/><G115/><T7/><D74/><U123/><E123/><V82/><F120/><W52/><G32/><T28/><D122/><U30/><E134/><V59/><F31/><W126/><G111/><T14/><D28/><U33/><E129/><V41/><F8/><N who="3" m="3115" /><G3/><T5/><D130/><U38/><E110/><V68/><F68/><W76/><G126/><T96/><D86/><U56/><E38/><V131/><F131/><W121/><G127/><T95/><D47/><U21/><E34/><V45/><REACH who="2" step="1"/><F99/><REACH who="2" ten="270,240,295,185" step="2"/><W133/><G121/><T6/><D70/><U89/><E18/><V97/><F97/><W113/><G133/><T112/><D112/><U55/><REACH who="1" step="1"/><E102/><REACH who="1" ten="270,230,295,185" step="2"/><V42/><F42/><W117/><G17/><T22/><D5/><U108/><E108/><V48/><F48/><W114/><G114/><T109/><D6/><U132/><E132/><V116/><F116/><W50/><G50/><T106/><D7/><U125/><E125/><V103/><F103/><W35/><G35/><T40/><D109/><U57/><E57/><V101/><F101/><W100/><G100/><T73/><D58/><U46/><E46/><V24/><F24/><N who="3" m="14367" /><G117/><T98/><D69/><U91/><E91/><V75/><AGARI ba="0,2" hai="36,37,39,41,45,54,59,61,75,79,81,82,84,90" machi="75" ten="20,2700,0" yaku="1,1,0,1,7,1,53,0" doraHai="62" doraHaiUra="93" who="2" fromWho="2" sc="270,-7,230,-13,295,47,185,-7" /><INIT seed="2,0,0,3,1,29" ten="263,217,342,178" oya="2" hai0="19,53,13,72,77,127,43,41,124,22,1,46,80" hai1="89,120,119,24,91,11,130,71,106,82,115,81,74" hai2="87,21,125,0,59,7,134,117,84,103,101,31,102" hai3="49,113,5,61,118,129,122,116,96,44,23,52,105"/><V65/><F117/><W133/><G122/><T18/><D1/><U110/><E71/><V73/><F73/><W45/><G129/><T109/><D109/><U55/><E115/><V15/><F134/><W97/><G133/><T121/><D121/><U14/><E106/><V9/><F125/><N who="0" m="48202" /><D18/><U90/><E130/><V111/><F111/><W126/><G113/><T132/><D132/><U78/><E120/><V63/><F0/><W32/><G126/><T20/><D22/><U64/><E119/><V16/><REACH who="2" step="1"/><F31/><REACH who="2" ten="263,217,332,178" step="2"/><W28/><G28/><T79/><D72/><U92/><E74/><V131/><F131/><W51/><G118/><T135/><D135/><U47/><E110/><V17/><F17/><W123/><G116/><T39/><D19/><U85/><E11/><V62/><F62/><W70/><G61/><T25/><D13/><U83/><E14/><V67/><F67/><W4/><G123/><T95/><D25/><U26/><E64/><V34/><F34/><W10/><G32/><T27/><D27/><U69/><E24/><V3/><AGARI ba="0,1" hai="3,7,9,15,16,21,59,63,65,84,87,101,102,103" machi="3" ten="30,6000,0" yaku="1,1,0,1,54,1,53,0" doraHai="29" doraHaiUra="30" who="2" fromWho="2" sc="263,-20,217,-20,332,70,178,-20" /><INIT seed="2,1,0,1,0,36" ten="243,197,402,158" oya="2" hai0="44,70,90,8,24,94,61,68,95,99,3,77,59" hai1="128,67,1,86,7,57,69,83,53,30,119,133,113" hai2="85,22,66,28,27,72,12,88,32,111,25,39,73" hai3="35,118,126,121,102,62,18,20,43,81,63,23,19"/><V76/><F111/><W11/><G35/><T82/><D95/><U122/><E119/><V103/><F103/><W5/><G102/><T89/><D89/><U15/><E113/><V123/><F123/><W79/><G126/><T78/><D78/><U64/><E133/><V38/><F66/><W100/><G100/><T52/><D24/><U74/><E128/><V87/><F12/><W75/><G118/><T110/><D110/><U93/><E1/><V54/><F54/><W107/><G107/><T31/><D31/><U98/><E69/><V130/><F130/><W17/><G121/><T42/><D8/><N who="1" m="4511" /><E30/><V101/><F101/><W96/><G96/><T112/><D3/><U117/><E74/><V114/><F85/><W65/><G43/><T2/><D2/><U106/><E106/><V21/><F32/><W125/><G125/><T127/><D112/><U80/><E86/><V108/><F108/><W48/><G48/><T40/><D40/><U6/><E67/><V49/><F114/><W120/><G120/><T131/><D131/><U13/><E64/><V10/><F73/><W29/><G29/><T34/><D34/><U84/><E84/><V109/><F28/><W60/><REACH who="3" step="1"/><G65/><REACH who="3" ten="243,197,402,148" step="2"/><T104/><D104/><U92/><E117/><V134/><F109/><W124/><G124/><T45/><D127/><U51/><E122/><V71/><F39/><W46/><G46/><T50/><D45/><U132/><E98/><V14/><F38/><W115/><G115/><T116/><D116/><U91/><E51/><V55/><F49/><W56/><G56/><T129/><D129/><RYUUKYOKU ba="1,1" sc="243,15,197,-15,402,-15,148,15" hai0="42,44,50,52,59,61,68,70,77,82,90,94,99" hai3="5,11,17,18,19,20,23,60,62,63,75,79,81" /><INIT seed="3,2,1,2,3,4" ten="258,182,387,163" oya="3" hai0="66,13,53,76,116,129,69,125,130,23,42,109,134" hai1="75,43,35,55,90,82,65,92,118,79,72,56,6" hai2="108,77,46,100,81,11,120,27,98,9,70,44,91" hai3="40,0,89,102,2,63,123,48,20,37,34,131,87"/><W32/><G37/><T21/><D116/><U86/><E118/><V22/><F70/><W88/><G123/><T64/><D42/><U80/><E35/><V31/><F108/><W62/><G102/><T54/><D109/><U26/><E65/><V95/><F120/><W33/><G131/><T83/><D125/><U12/><E26/><V128/><F128/><W28/><G28/><T133/><D13/><U52/><E43/><V59/><F59/><W84/><G40/><T94/><D94/><U73/><E55/><V113/><F113/><W5/><G20/><T3/><D3/><N who="3" m="1065" /><G48/><T85/><D69/><U19/><E6/><V93/><F77/><W101/><G101/><T78/><D83/><U115/><E79/><V114/><F81/><W29/><G29/><T8/><D85/><N who="3" m="32841" /><G5/><T122/><D122/><U111/><E111/><V47/><F114/><W39/><G39/><T135/><D134/><U58/><E115/><V68/><F68/><W15/><G15/><T99/><D99/><AGARI ba="2,1" hai="9,11,22,27,31,44,46,47,91,93,95,98,99,100" machi="99" ten="40,5200,0" yaku="8,1,52,2" doraHai="4" who="2" fromWho="0" sc="258,-58,182,0,387,68,163,0" /><INIT seed="4,0,0,3,1,5" ten="200,182,455,163" oya="0" hai0="104,6,99,103,71,63,30,36,57,22,121,58,56" hai1="112,47,35,115,94,117,116,76,62,24,120,64,91" hai2="84,46,0,106,17,92,95,68,114,100,85,111,12" hai3="50,55,129,110,108,96,83,53,11,101,41,125,73"/><T82/><D36/><U105/><E105/><V72/><F0/><W134/><G41/><T28/><D121/><U102/><E102/><V113/><F72/><W78/><G129/><T65/><D6/><U37/><E76/><V38/><F111/><W26/><G134/><T25/><D82/><U21/><E35/><V42/><F68/><W86/><G125/><T74/><REACH who="0" step="1"/><D74/><REACH who="0" ten="190,182,455,163" step="2"/><U98/><E120/><V45/><F38/><W130/><G73/><T29/><AGARI ba="0,1" hai="22,25,28,29,30,56,57,58,63,65,71,99,103,104" machi="29" ten="30,6000,0" yaku="1,1,2,1,0,1,53,0" doraHai="5" doraHaiUra="2" who="0" fromWho="0" sc="190,70,182,-20,455,-20,163,-20" /><INIT seed="4,1,0,0,3,72" ten="260,162,435,143" oya="0" hai0="93,88,75,15,29,53,62,37,86,96,7,126,40" hai1="76,107,64,57,114,133,58,39,3,122,59,67,36" hai2="35,52,100,44,111,115,28,17,120,82,98,8,66" hai3="25,84,49,125,113,94,45,132,63,32,26,90,129"/><T43/><D37/><N who="1" m="14411" /><E107/><V22/><F115/><W89/><G113/><T87/><D75/><U18/><E3/><V110/><F120/><W50/><G129/><T99/><D126/><U27/><E114/><V108/><F82/><W105/><G125/><T103/><D29/><U38/><E38/><V135/><F135/><W71/><G132/><T118/><D118/><U83/><E133/><V81/><F81/><W0/><G0/><T24/><D24/><U134/><E134/><V74/><F74/><W91/><G105/><T79/><D87/><U104/><E104/><V69/><F8/><W124/><G124/><T80/><D99/><U92/><E92/><V9/><F9/><W10/><G10/><N who="0" m="4575" /><D103/><U6/><E6/><V19/><F35/><W101/><G101/><T51/><D62/><U41/><E27/><V123/><F123/><W121/><G121/><T20/><D20/><U73/><E41/><V68/><F98/><W128/><G26/><T23/><D23/><U48/><E48/><N who="2" m="28679" /><F100/><W78/><G128/><T12/><D12/><U95/><E122/><V21/><F69/><W112/><G112/><T42/><D42/><U70/><E70/><V4/><F4/><W106/><G106/><T46/><AGARI ba="1,0" hai="40,43,46,51,53,79,80,86,88,93,96" m="4575" machi="46" ten="30,6000,0" yaku="8,1,52,1,54,1" doraHai="72" who="0" fromWho="0" sc="260,63,162,-21,435,-21,143,-21" /><INIT seed="4,2,0,1,2,69" ten="323,141,414,122" oya="0" hai0="132,126,84,98,62,66,52,30,53,127,99,131,95" hai1="20,123,70,38,130,46,60,31,59,118,94,101,14" hai2="0,41,13,93,24,105,73,32,33,7,71,57,107" hai3="10,42,61,77,67,18,104,37,134,113,87,76,112"/><T25/><D84/><U88/><E123/><V81/><F71/><W102/><G104/><T120/><D120/><U91/><E70/><V9/><F93/><W1/><G102/><T56/><D99/><N who="1" m="59639" /><E118/><V58/><F58/><N who="3" m="37303" /><G134/><T40/><D132/><U55/><E130/><V65/><F65/><W29/><G29/><T4/><D4/><U27/><E38/><V63/><F63/><W100/><G100/><N who="0" m="60511" /><D40/><U117/><E117/><V122/><F57/><W3/><G3/><T79/><D79/><N who="3" m="30281" /><G87/><T8/><D8/><U135/><E135/><V83/><F9/><W22/><G42/><T5/><D5/><U36/><E36/><V111/><F7/><W97/><G97/><T15/><D15/><U12/><E46/><V110/><F13/><AGARI ba="2,0" hai="12,13,14,20,27,31,55,59,60,88,91" m="59639" machi="13" ten="30,2000,0" yaku="8,1,54,1" doraHai="69" who="1" fromWho="2" sc="323,0,141,26,414,-26,122,0" /><INIT seed="5,0,0,0,0,45" ten="323,167,388,122" oya="1" hai0="13,105,39,46,42,84,83,75,67,56,72,37,41" hai1="69,16,58,117,5,10,55,22,64,23,43,70,114" hai2="28,115,71,50,126,94,90,19,107,73,110,104,29" hai3="81,103,130,26,60,4,124,131,51,80,129,118,120"/><U31/><E117/><V127/><F110/><W7/><G120/><T88/><D105/><U57/><E114/><V52/><F73/><W79/><G118/><T44/><D13/><U113/><E113/><V33/><F71/><W21/><G103/><T125/><D125/><N who="2" m="47626" /><F115/><W89/><G124/><T98/><D98/><U102/><E102/><V121/><F121/><W40/><G60/><AGARI ba="0,0" hai="37,39,41,42,44,46,56,60,67,72,75,83,84,88" machi="60" ten="40,2600,0" yaku="9,1,54,1" doraHai="45" who="0" fromWho="3" sc="323,26,167,0,388,0,122,-26" /><INIT seed="6,0,0,4,4,6" ten="349,167,388,96" oya="2" hai0="54,8,89,2,67,36,11,132,79,24,75,55,122" hai1="117,1,43,88,16,31,107,39,116,52,45,32,92" hai2="119,48,100,73,71,51,86,111,21,104,109,42,27" hai3="125,83,25,0,80,64,115,56,14,7,66,70,26"/><V124/><F73/><W105/><G0/><T63/><D2/><U13/><E107/><V96/><F119/><W133/><G105/><T108/><D36/><U3/><E3/><V58/><F71/><W53/><G125/><T120/><D108/><N who="2" m="41546" /><F124/><W131/><G133/><T12/><D132/><U76/><E76/><V15/><F15/><W126/><G131/><T4/><D75/><U47/><E31/><V41/><F86/><W9/><G115/><T74/><D74/><U33/><E33/><V106/><F106/><W10/><G126/><T22/><D79/><U121/><E32/><V60/><F51/><W30/><G70/><T98/><D122/><U87/><E121/><V90/><F48/><W113/><G113/><T44/><D44/><U72/><E72/><V40/><F90/><W101/><G101/><T81/><D120/><U62/><E1/><V93/><F104/><W112/><G112/><T77/><D77/><U84/><E84/><V135/><F135/><W29/><G56/><N who="0" m="37351" /><D12/><U68/><E68/><V123/><F123/><W103/><G14/><T5/><D4/><U94/><E94/><V50/><F50/><W65/><G103/><T129/><D5/><U102/><E102/><V46/><F46/><W134/><G7/><T110/><D129/><U37/><E37/><V17/><F42/><W49/><G134/><T95/><D81/><U18/><E45/><V59/><F59/><N who="3" m="33199" /><G83/><T127/><D127/><U91/><E91/><V61/><F61/><W23/><G80/><T19/><D110/><U35/><E39/><V28/><F60/><W130/><G130/><RYUUKYOKU ba="0,0" sc="349,15,167,-15,388,-15,96,15" hai0="8,11,19,22,24,54,55,89,95,98" hai3="9,10,23,25,26,29,30,64,65,66" /><INIT seed="7,1,0,0,0,31" ten="364,152,373,111" oya="3" hai0="126,68,129,75,55,106,17,88,11,71,96,28,2" hai1="29,128,38,100,12,26,111,3,76,105,34,70,66" hai2="109,22,132,15,9,48,72,18,56,10,16,98,115" hai3="23,119,82,135,14,97,112,42,116,44,134,127,125"/><W60/><G97/><T122/><D75/><U40/><E111/><V24/><F109/><W92/><G92/><T85/><D122/><U118/><E128/><V94/><F72/><W69/><G82/><T108/><D108/><U84/><E3/><V77/><F77/><W7/><G112/><T6/><D129/><U93/><E118/><V59/><F132/><N who="3" m="50731" /><G7/><T80/><D28/><U113/><E113/><V90/><F115/><W107/><G107/><T95/><D106/><U78/><E12/><N who="2" m="7191" /><F48/><N who="3" m="26647" /><G23/><T79/><D96/><N who="1" m="61575" /><E84/><V131/><F131/><W52/><G14/><T133/><D133/><U50/><E93/><V124/><F124/><N who="3" m="47691" /><G52/><T43/><D55/><U67/><E50/><V81/><F81/><W102/><G102/><T110/><D126/><U27/><E27/><V74/><F74/><W32/><G32/><T45/><D110/><U99/><E99/><V101/><F101/><W83/><G83/><T91/><D79/><U13/><E13/><V36/><F24/><W65/><AGARI ba="1,0" hai="60,65,69,116,119" m="47691,26647,50731" machi="65" ten="40,12000,1" yaku="20,1,18,1,34,2" doraHai="31" who="3" fromWho="3" sc="364,-41,152,-41,373,-41,111,123" /><INIT seed="7,2,0,2,5,56" ten="323,111,332,234" oya="3" hai0="51,90,110,25,97,50,22,133,85,34,102,15,35" hai1="20,117,78,49,71,116,77,58,106,124,69,93,75" hai2="57,18,14,67,64,13,59,4,28,55,81,17,60" hai3="113,104,105,48,32,36,33,103,39,10,19,52,79"/><W118/><G118/><N who="1" m="45674" /><E106/><V9/><F28/><W11/><G79/><N who="1" m="30218" /><E75/><V123/><F123/><W27/><G48/><T62/><D110/><U98/><E49/><N who="2" m="30959" /><F81/><W61/><G27/><T16/><D35/><U31/><E58/><V47/><F47/><W23/><G103/><T80/><D133/><U135/><E31/><V6/><F67/><W1/><G39/><T46/><D34/><U108/><E108/><V128/><F128/><W120/><G36/><T66/><D25/><U83/><E83/><V115/><F115/><W129/><G129/><T3/><D3/><U87/><E87/><V54/><F64/><W100/><G105/><T72/><D72/><U5/><E5/><V8/><AGARI ba="2,0" hai="4,6,8,9,13,14,17,18,54,59,60" m="30959" machi="8" ten="30,2000,0" yaku="8,1,52,1" doraHai="56" who="2" fromWho="2" sc="323,-7,111,-7,332,26,234,-12" owari="316,12.0,104,-40.0,358,46.0,222,-18.0" /></mjloggm>