<mjloggm ver="2.3"><GO type="169" lobby="0"/><UN n0="%E3%81%84%E3%81%AE%E3%81%91%E3%82%93" n1="%E3%82%A6%E3%83%AB%E3%83%88%E3%83%A9%E7%AB%8B%E7%9B%B4" n2="%E3%82%8C%E3%81%98%50" n3="%E5%87%B6%E4%BB%8B%40%E6%9D%8F%E6%9D%8F%E8%BB%8D%E5%9B%A3" dan="16,17,16,16" rate="2109.36,2191.81,2091.84,2111.72" sx="F,M,M,M"/><TAIKYOKU oya="0"/><INIT seed="0,0,0,4,1,77" ten="250,250,250,250" oya="0" hai0="5,55,116,69,112,65,70,14,50,134,37,7,1" hai1="88,107,16,121,118,3,21,61,41,117,30,82,131" hai2="22,19,11,83,36,45,67,13,24,60,79,6,51" hai3="89,94,96,130,49,102,133,12,53,39,46,124,38"/><T91/><D116/><U101/><E3/><V17/><F36/><W59/><G130/><T47/><D112/><U122/><E30/><V78/><F19/><W44/><G124/><T108/><D134/><U105/><E61/><V80/><F79/><W111/><G111/><T2/><D108/><U75/><E21/><V33/><F78/><W106/><G133/><T95/><D37/><U9/><E16/><V58/><REACH who="2" step="1"/><F33/><REACH who="2" ten="250,250,240,250" step="2"/><W132/><G132/><T64/><D5/><U97/><E75/><V31/><F31/><W73/><G73/><T104/><D7/><U23/><E23/><V76/><F76/><W52/><G39/><T54/><D1/><U32/><E32/><V125/><F125/><W100/><G38/><T57/><D2/><U103/><E9/><V66/><F66/><W42/><G42/><AGARI ba="0,1" hai="6,11,13,17,22,24,42,45,51,58,60,67,80,83" machi="42" ten="30,8000,1" yaku="1,1,7,1,8,1,52,2,53,0" doraHai="77" doraHaiUra="71" who="2" fromWho="3" sc="250,0,250,0,240,90,250,-80" /><INIT seed="1,0,0,5,1,116" ten="250,250,330,170" oya="1" hai0="78,106,91,107,132,97,85,1,118,7,61,127,67" hai1="87,75,129,50,51,104,83,117,35,124,95,123,24" hai2="71,114,108,34,30,6,133,48,76,126,58,13,29" hai3="99,98,128,5,134,41,111,19,44,60,16,131,27"/><U72/><E104/><V63/><F108/><W47/><G111/><T121/><D118/><U115/><E117/><V3/><F3/><W52/><G134/><T66/><D132/><U120/><E95/><V23/><F133/><W36/><G5/><T77/><D127/><U103/><E103/><V105/><F105/><W2/><G2/><T17/><D107/><U0/><E0/><V84/><F71/><W73/><G73/><N who="1" m="28234" /><E24/><V64/><F126/><W113/><G113/><T33/><D33/><U109/><E35/><V69/><F34/><W110/><G110/><T32/><D32/><U112/><E109/><V31/><F114/><N who="1" m="43561" /><E124/><V49/><F69/><W46/><G44/><T122/><D106/><U57/><E57/><V74/><F74/><W45/><G46/><T26/><D1/><U4/><E4/><V55/><F6/><W82/><G82/><N who="0" m="49591" /><D7/><U86/><E83/><N who="2" m="47207" /><F64/><W28/><G98/><T15/><D97/><U130/><E87/><V43/><F43/><W81/><G99/><T25/><D25/><U89/><E86/><V42/><F42/><W119/><G81/><T20/><D26/><U12/><E89/><V21/><F13/><W90/><G90/><T92/><D92/><U68/><E12/><V79/><F79/><N who="0" m="30218" /><D61/><U101/><E101/><V54/><F63/><W38/><G60/><T22/><D22/><U56/><E68/><V65/><F65/><W88/><G119/><T80/><D80/><U62/><E62/><V14/><F21/><N who="3" m="15471" /><G36/><T39/><D39/><U9/><E9/><V102/><F23/><W96/><G38/><T94/><D94/><RYUUKYOKU ba="0,0" sc="250,30,250,-10,330,-10,170,-10" hai0="15,17,20,66,67,121,122" /><INIT seed="2,1,0,1,3,76" ten="280,240,320,160" oya="2" hai0="60,34,91,134,51,135,49,75,28,29,41,85,72" hai1="103,47,59,33,27,124,128,13,119,35,58,74,61" hai2="69,125,98,50,17,46,117,123,97,57,9,48,78" hai3="121,106,24,94,131,45,116,22,43,25,38,19,114"/><V62/><F117/><W104/><G116/><T6/><D6/><U84/><E74/><N who="0" m="28201" /><D60/><U23/><E128/><V132/><F69/><W21/><G121/><T99/><D99/><U111/><E124/><V8/><F123/><W42/><G131/><T105/><D105/><U73/><E111/><V127/><F132/><N who="0" m="50730" /><D34/><U56/><E73/><V67/><F78/><W18/><G114/><T77/><D77/><U5/><E119/><V107/><F50/><N who="0" m="18954" /><D41/><U66/><E103/><V65/><F107/><W40/><G40/><T81/><AGARI ba="1,0" hai="28,29,81,85,91" m="18954,50730,28201" machi="81" ten="40,2700,0" yaku="20,1,52,1" doraHai="76" who="0" fromWho="0" sc="280,30,240,-8,320,-14,160,-8" /><INIT seed="3,0,0,3,4,8" ten="310,232,306,152" oya="3" hai0="70,90,89,62,87,135,72,19,55,75,21,109,64" hai1="47,101,36,94,123,66,4,103,95,99,115,125,84" hai2="9,15,51,13,85,44,133,1,41,93,42,82,39" hai3="2,6,5,65,59,53,124,111,61,122,10,78,91"/><W28/><G122/><T34/><D34/><U74/><E36/><V107/><F107/><W45/><G124/><T117/><D117/><U77/><E66/><V76/><F133/><W43/><G78/><T31/><D135/><U7/><E47/><V11/><F1/><W58/><G6/><T12/><D109/><U112/><E4/><N who="2" m="3239" /><F93/><W108/><G28/><T20/><D55/><U130/><E7/><N who="2" m="3583" /><F39/><W49/><REACH who="3" step="1"/><G91/><REACH who="3" ten="310,232,306,142" step="2"/><T121/><D121/><U92/><E123/><V113/><F113/><W22/><G22/><T26/><REACH who="0" step="1"/><D89/><REACH who="0" ten="300,232,306,142" step="2"/><U97/><E115/><V69/><F76/><W0/><G0/><T27/><D27/><U14/><E112/><V23/><F23/><W114/><G114/><T86/><D86/><U81/><E14/><V80/><F85/><W33/><G33/><T52/><D52/><U73/><E125/><V104/><F41/><W24/><G24/><T25/><D25/><U54/><E54/><V17/><F42/><W118/><G118/><T29/><D29/><U40/><E40/><V120/><F120/><W46/><G46/><T126/><D126/><U63/><E84/><V96/><F44/><W88/><G88/><T83/><AGARI ba="0,2" hai="12,19,20,21,26,31,62,64,70,72,75,83,87,90" machi="83" ten="20,5200,0" yaku="1,1,0,1,7,1,52,1,53,0" doraHai="8" doraHaiUra="134" who="0" fromWho="0" sc="300,72,232,-13,306,-13,142,-26" /><INIT seed="4,0,0,3,0,80" ten="372,219,293,116" oya="0" hai0="134,17,28,0,4,46,18,112,35,104,97,92,45" hai1="56,76,82,14,109,6,25,15,116,125,123,118,96" hai2="135,24,70,88,10,19,1,114,7,100,31,2,85" hai3="129,41,73,13,71,64,84,68,59,20,66,98,107"/><T37/><D112/><U3/><E109/><V60/><F114/><W29/><G73/><T55/><D134/><U81/><E123/><V53/><F135/><W50/><G129/><T67/><D104/><U121/><E121/><V77/><F100/><W102/><G68/><T61/><D0/><U119/><E125/><V47/><F19/><W72/><G72/><T34/><D4/><U91/><E3/><V74/><F74/><W115/><G71/><T110/><D110/><U44/><E6/><V106/><F106/><W40/><G115/><T52/><D37/><U43/><E56/><V101/><F101/><W8/><G84/><T133/><D133/><U89/><E25/><V108/><F77/><W95/><G107/><T128/><D128/><U99/><E44/><N who="0" m="17001" /><D35/><U90/><E43/><N who="3" m="16458" /><G20/><T63/><D28/><U124/><E124/><V16/><F70/><W127/><G29/><T87/><D97/><N who="1" m="37451" /><E76/><V9/><F2/><W69/><G69/><T79/><D34/><U126/><E126/><V93/><F108/><W131/><G131/><T21/><D79/><U120/><E120/><V39/><F39/><W94/><G94/><T75/><D75/><U30/><E30/><V38/><F38/><W11/><G127/><T103/><D103/><U58/><E58/><N who="2" m="34895" /><F31/><W49/><G59/><N who="0" m="37375" /><D61/><U57/><E57/><V26/><F47/><W111/><G111/><T32/><D32/><U65/><E65/><N who="3" m="25194" /><G11/><T130/><D130/><U27/><E119/><V22/><F10/><W132/><G132/><T122/><D122/><U117/><E117/><V23/><F23/><W12/><G8/><RYUUKYOKU ba="0,0" sc="372,-15,219,-15,293,15,116,15" hai2="1,7,9,16,22,24,26,85,88,93" hai3="12,13,49,50,95,98,102" /><INIT seed="5,1,0,5,2,6" ten="357,204,308,131" oya="1" hai0="128,13,60,119,59,45,9,55,48,130,104,129,125" hai1="103,56,12,75,112,135,74,92,105,97,50,36,4" hai2="0,132,44,21,64,68,7,38,46,106,33,69,42" hai3="2,87,96,11,83,39,78,80,23,53,99,15,133"/><U32/><E36/><V118/><F118/><W5/><G133/><T117/><D104/><U65/><E32/><V95/><F21/><W134/><G134/><T47/><D125/><U72/><E135/><V20/><F20/><W30/><G39/><T100/><D100/><U63/><E112/><V81/><F95/><W37/><G37/><T108/><D108/><U71/><E50/><V70/><F46/><W57/><G83/><T43/><REACH who="0" step="1"/><D45/><REACH who="0" ten="347,204,308,131" step="2"/><U91/><E105/><V86/><F106/><W62/><REACH who="3" step="1"/><G2/><REACH who="3" ten="347,204,308,121" step="2"/><T16/><AGARI ba="1,2" hai="9,13,16,43,47,48,55,59,60,117,119,128,129,130" machi="16" ten="30,12000,2" yaku="1,1,2,1,0,1,19,1,52,1,54,1,53,0" doraHai="6" doraHaiUra="26" who="0" fromWho="0" sc="347,143,204,-61,308,-31,121,-31" /><INIT seed="6,0,0,4,0,32" ten="490,143,277,90" oya="2" hai0="18,85,44,71,108,29,82,1,48,102,36,83,100" hai1="3,73,94,98,34,67,104,9,6,19,62,84,42" hai2="86,30,28,69,54,99,51,26,88,37,33,113,43" hai3="129,46,118,107,66,126,72,57,122,124,105,53,7"/><V74/><F74/><W128/><G122/><T130/><D108/><U11/><E34/><V38/><F69/><W27/><G118/><T50/><D1/><U117/><E73/><V56/><F30/><W60/><G72/><T133/><D133/><U31/><E31/><V76/><F113/><W135/><G7/><T25/><D18/><U58/><E117/><V40/><F38/><W110/><G27/><T10/><D10/><U92/><E42/><V101/><F76/><W14/><G14/><T123/><D71/><U131/><E131/><N who="3" m="50250" /><G110/><T132/><D132/><U5/><E19/><V35/><F35/><W115/><G135/><T41/><D123/><U12/><REACH who="1" step="1"/><E84/><REACH who="1" ten="490,133,277,90" step="2"/><V89/><F86/><W120/><G120/><T112/><D85/><U77/><E77/><V24/><F28/><W61/><G115/><T95/><D112/><U96/><E96/><V90/><F33/><W65/><G107/><T4/><D29/><U91/><E91/><V47/><REACH who="2" step="1"/><F43/><REACH who="2" ten="490,133,267,90" step="2"/><W103/><G105/><AGARI ba="0,2" hai="24,26,37,40,47,51,54,56,88,89,90,99,101,105" machi="105" ten="40,7700,0" yaku="1,1,2,1,54,1,53,0" doraHai="32" doraHaiUra="17" who="2" fromWho="3" sc="490,0,133,0,267,97,90,-77" /><INIT seed="6,1,0,5,3,50" ten="490,133,364,13" oya="2" hai0="113,72,60,112,6,100,14,1,56,91,2,42,71" hai1="11,118,128,49,20,120,41,79,44,119,25,59,47" hai2="17,13,129,28,124,4,110,83,86,67,48,85,7" hai3="95,36,116,92,61,63,130,126,98,32,30,69,65"/><V12/><F129/><W21/><G116/><T24/><D72/><U127/><E128/><V117/><F117/><W38/><G126/><T133/><D133/><U101/><E127/><V64/><F124/><W26/><G130/><T8/><D71/><U97/><E120/><V108/><F48/><W62/><G32/><T53/><D100/><U135/><E135/><V125/><F125/><W45/><G95/><T96/><D42/><U77/><E77/><V80/><REACH who="2" step="1"/><F17/><REACH who="2" ten="490,133,354,13" step="2"/><W51/><G38/><T29/><D113/><U57/><E49/><V111/><F111/><W40/><REACH who="3" step="1"/><G36/><REACH who="3" ten="490,133,354,3" step="2"/><T35/><D112/><U18/><E119/><V122/><F122/><W19/><G19/><T5/><D5/><U82/><E18/><V9/><F9/><W94/><G94/><T121/><D121/><U103/><E11/><V123/><F123/><W90/><AGARI ba="1,2" hai="21,26,30,40,45,51,61,62,63,65,69,90,92,98" machi="90" ten="20,2700,0" yaku="1,1,0,1,7,1,53,0" doraHai="50" doraHaiUra="107" who="3" fromWho="3" sc="490,-8,133,-8,354,-14,3,50" /><INIT seed="7,0,0,3,4,132" ten="482,125,340,53" oya="3" hai0="16,118,31,103,54,112,4,91,94,80,124,110,25" hai1="75,69,22,30,72,100,105,104,61,92,85,84,98" hai2="2,67,12,86,41,122,52,57,123,51,42,29,77" hai3="121,40,32,125,129,120,0,87,83,63,96,14,6"/><W66/><G0/><T116/><D124/><U90/><E22/><V68/><F2/><W13/><G32/><T65/><D16/><U39/><E69/><V108/><F108/><W24/><G129/><T74/><D54/><U45/><E61/><N who="2" m="40047" /><F29/><W8/><G40/><T21/><D4/><U114/><E45/><V35/><F35/><W73/><G73/><N who="1" m="28234" /><E30/><V23/><F23/><W10/><G24/><T117/><D103/><U95/><E39/><V49/><F12/><W59/><G96/><T7/><D112/><U134/><E134/><V26/><F26/><W38/><G38/><T9/><D91/><N who="1" m="53359" /><E114/><V135/><F135/><W58/><G125/><T133/><D94/><AGARI ba="0,0" hai="84,90,94,95,98,100,104,105" m="53359,28234" machi="94" ten="30,8000,1" yaku="35,5" doraHai="132" who="1" fromWho="0" sc="482,-80,125,80,340,0,53,0" owari="402,50.0,205,-19.0,340,14.0,53,-45.0" /></mjloggm>