<mjloggm ver="2.3"><GO type="169" lobby="0"/><UN n0="%E3%81%96%E3%82%8F%E3%82%8F%E3%82%93" n1="%E3%81%BE%E3%81%82%E3%81%97%E3%82%85" n2="%57%61%72%61%5E%2F%5E" n3="%E5%B0%B1%E6%B4%BB%E7%94%9F%40%E5%B7%9D%E6%9D%91%E8%BB%8D%E5%9B%A3" dan="16,16,16,19" rate="2140.27,2122.26,2071.26,2355.20" sx="M,M,F,M"/><TAIKYOKU oya="0"/><INIT seed="0,0,0,3,3,67" ten="250,250,250,250" oya="0" hai0="94,71,118,132,63,96,105,121,16,68,22,2,64" hai1="31,112,131,9,19,70,109,37,53,20,87,116,77" hai2="42,12,129,93,36,91,29,58,130,6,81,10,110" hai3="101,115,135,43,73,8,18,88,86,97,114,21,55"/><T134/><D118/><U17/><E116/><V90/><F110/><W82/><G135/><N who="0" m="51755" /><D121/><U66/><E37/><V3/><F29/><W107/><G43/><T45/><D45/><U102/><E102/><V24/><F24/><W32/><G32/><T84/><D2/><U75/><E75/><V61/><F12/><W33/><G33/><T57/><D84/><U80/><E109/><V108/><F108/><W62/><G73/><T127/><D105/><U92/><E112/><V103/><F81/><W7/><G55/><T122/><D127/><U13/><E92/><V98/><F42/><W41/><G41/><T123/><D122/><U72/><E72/><V14/><F3/><W128/><G128/><N who="2" m="49257" /><F36/><W30/><G30/><T126/><D126/><U106/><E106/><V39/><F39/><W48/><G48/><T23/><D123/><U83/><E131/><V46/><F46/><W51/><G51/><T0/><D0/><U69/><E31/><V40/><F40/><W11/><G62/><T79/><D79/><U52/><E80/><V78/><F78/><W65/><G65/><AGARI ba="0,0" hai="6,10,14,58,61,65,90,91,93,98,103" m="49257" machi="65" ten="30,1000,0" yaku="19,1" doraHai="67" who="2" fromWho="3" sc="250,0,250,0,250,10,250,-10" /><INIT seed="1,0,0,2,4,132" ten="250,250,260,240" oya="1" hai0="15,115,77,7,0,65,96,55,72,129,2,124,51" hai1="42,48,85,36,46,14,1,17,75,127,54,106,117" hai2="44,64,122,130,12,24,83,116,39,87,92,34,60" hai3="123,84,100,21,28,22,78,68,37,114,101,50,79"/><U56/><E75/><V9/><F122/><W131/><G37/><T71/><D115/><U53/><E1/><V16/><F116/><W121/><G68/><T90/><D72/><U82/><E117/><V125/><F125/><W45/><G114/><T18/><D77/><U133/><E106/><V108/><F108/><W59/><G131/><T27/><D7/><U89/><E133/><V35/><F92/><W120/><G59/><T107/><D27/><U61/><E54/><V8/><F8/><W33/><G33/><T105/><D65/><U38/><E127/><V80/><F80/><W73/><G73/><T88/><D71/><U112/><E112/><V41/><F24/><W94/><G94/><T30/><D30/><U3/><E3/><V69/><REACH who="2" step="1"/><F130/><REACH who="2" ten="250,250,250,240" step="2"/><W62/><G120/><T26/><D124/><U49/><E36/><V98/><F98/><W128/><G128/><T118/><D26/><U23/><AGARI ba="0,1" hai="14,17,23,38,42,46,48,49,53,56,61,82,85,89" machi="23" ten="20,2100,0" yaku="0,1,7,1" doraHai="132" who="1" fromWho="1" sc="250,-7,250,31,250,-7,240,-7" /><INIT seed="1,1,0,2,4,22" ten="243,281,243,233" oya="1" hai0="131,80,102,10,111,18,94,75,118,126,43,3,58" hai1="50,26,39,54,1,78,125,52,132,89,65,40,91" hai2="15,57,83,44,121,122,92,117,71,56,63,123,60" hai3="25,30,84,109,100,47,37,45,4,129,107,17,74"/><U135/><E1/><V34/><F34/><W23/><G74/><T28/><D118/><U36/><E65/><N who="2" m="41383" /><F15/><W73/><G73/><T120/><D111/><U70/><E70/><V95/><F83/><W42/><G109/><T12/><D126/><U0/><E0/><V134/><F95/><W55/><G129/><T29/><D131/><U112/><E112/><V2/><F92/><W79/><G4/><T110/><D110/><U5/><E5/><V24/><F24/><W106/><G100/><T81/><D43/><U6/><E6/><V62/><F2/><W35/><G47/><T88/><D102/><U21/><E125/><V38/><F117/><W101/><G55/><N who="1" m="21034" /><E78/><V87/><F134/><N who="1" m="51241" /><E50/><V130/><F130/><W14/><G101/><T31/><D3/><U82/><E82/><V7/><F7/><W108/><G108/><T67/><D81/><U104/><E104/><V105/><F105/><W113/><G113/><T53/><D80/><U20/><E20/><V66/><F87/><W85/><G79/><T133/><D75/><U49/><E49/><V72/><F72/><W16/><G106/><T59/><D133/><U119/><E119/><V114/><F114/><W90/><G107/><T13/><D94/><U46/><E39/><V124/><F124/><W68/><G68/><T116/><D116/><U76/><E76/><V69/><F63/><W51/><G37/><T8/><D8/><U128/><E128/><V19/><F38/><W11/><G90/><T27/><D88/><U32/><E32/><V33/><F33/><W97/><G97/><T98/><D98/><RYUUKYOKU ba="1,0" sc="243,-15,281,15,243,-15,233,15" hai1="21,26,36,40,46,89,91" hai3="11,14,16,17,23,25,30,35,42,45,51,84,85" /><INIT seed="1,2,0,5,1,69" ten="228,296,228,248" oya="1" hai0="84,46,6,11,131,56,135,94,120,86,97,130,129" hai1="52,64,68,24,32,98,110,7,80,0,113,82,83" hai2="8,85,30,92,79,31,72,26,4,14,123,103,117" hai3="81,126,61,71,76,88,96,38,43,51,25,5,62"/><U106/><E113/><V121/><F117/><W37/><G5/><T10/><D135/><U59/><E110/><V78/><F72/><W132/><G71/><T50/><D120/><U49/><E0/><V90/><F31/><W48/><G25/><T128/><D56/><U118/><E118/><V109/><F109/><W29/><G29/><T127/><D127/><U87/><E7/><V1/><F103/><W34/><G34/><T58/><D58/><U93/><E106/><V108/><F108/><W66/><G43/><T55/><N who="0" m="32768" /><DORA hai="33" /><T133/><D133/><U9/><E9/><N who="0" m="3081" /><D6/><U89/><E24/><V116/><F14/><W125/><G132/><T63/><D63/><N who="3" m="24073" /><G66/><T45/><D45/><U47/><E32/><V67/><F67/><W2/><G2/><T15/><D15/><U100/><E68/><V13/><F13/><W77/><G51/><T115/><D115/><U40/><E64/><V105/><F116/><W41/><G48/><AGARI ba="2,0" hai="40,47,48,49,52,59,80,82,83,87,89,93,98,100" machi="48" ten="30,5800,0" yaku="7,1,8,1,54,1" doraHai="69,33" who="1" fromWho="3" sc="228,0,296,64,228,0,248,-64" /><INIT seed="1,3,0,5,4,123" ten="228,360,228,184" oya="1" hai0="15,55,6,85,11,63,114,36,135,89,125,129,71" hai1="34,131,26,51,75,91,120,25,57,0,124,133,5" hai2="99,14,128,16,2,13,61,107,121,62,31,9,132" hai3="24,40,70,39,90,60,76,100,80,112,28,116,101"/><U8/><E75/><V119/><F2/><W104/><G112/><T4/><D114/><U126/><E120/><V105/><F121/><W111/><G116/><T130/><D125/><U65/><E131/><N who="0" m="50185" /><D135/><U59/><E133/><V45/><F128/><W122/><G90/><T66/><D36/><U68/><E34/><V103/><F119/><W17/><G17/><BYE who="3" /><N who="0" m="8447" /><D55/><N who="1" m="31999" /><E68/><UN n3="%E5%B0%B1%E6%B4%BB%E7%94%9F%40%E5%B7%9D%E6%9D%91%E8%BB%8D%E5%9B%A3" /><V37/><F31/><W52/><G101/><T97/><D97/><U49/><E91/><V19/><F107/><W21/><G122/><T86/><D86/><U69/><E69/><V88/><F132/><W78/><G40/><T118/><D118/><U87/><E87/><V33/><F33/><W30/><G39/><T27/><D27/><U79/><E79/><V22/><REACH who="2" step="1"/><F88/><REACH who="2" ten="228,360,218,184" step="2"/><W98/><G104/><T110/><D110/><U115/><E115/><V95/><F95/><AGARI ba="3,1" hai="4,6,63,66,71,85,89,95" m="8447,50185" machi="95" ten="30,1000,0" yaku="19,1" doraHai="123" who="0" fromWho="2" sc="228,29,360,0,218,-19,184,0" /><INIT seed="2,0,0,0,3,15" ten="257,360,199,184" oya="2" hai0="86,72,33,17,60,37,14,36,46,123,7,106,25" hai1="42,121,3,10,77,62,107,120,70,127,54,87,0" hai2="28,24,119,26,95,100,29,128,58,97,109,133,111" hai3="11,9,44,39,129,122,110,91,32,84,52,118,50"/><V4/><F119/><W64/><G122/><N who="1" m="47210" /><E107/><V5/><F133/><W57/><G118/><T67/><D72/><U82/><E42/><V92/><F58/><W38/><G32/><T81/><D123/><U45/><E127/><V126/><F126/><W61/><G110/><N who="2" m="41993" /><F128/><W69/><G129/><T132/><D132/><U31/><E31/><N who="2" m="11851" /><F95/><W101/><G101/><T65/><D106/><U51/><E10/><V117/><F117/><W6/><G11/><T13/><D46/><U85/><E85/><V27/><AGARI ba="0,0" hai="4,5,24,26,27,92,97,100" m="11851,41993" machi="27" ten="40,3900,0" yaku="14,1,10,1" doraHai="15" who="2" fromWho="2" sc="257,-13,360,-13,199,39,184,-13" /><INIT seed="2,1,0,4,5,53" ten="244,347,238,171" oya="2" hai0="59,48,32,62,37,26,110,43,112,16,105,41,14" hai1="135,132,87,31,83,120,86,29,89,131,91,88,94" hai2="106,39,25,118,78,125,75,115,72,134,55,97,76" hai3="34,1,92,51,17,35,56,103,133,38,123,46,81"/><V127/><F39/><W22/><G123/><T23/><D112/><U52/><E120/><V122/><F122/><W109/><G1/><T85/><D37/><U73/><E131/><V61/><F25/><W44/><G109/><T96/><D110/><U40/><E40/><V30/><F30/><W117/><G117/><T13/><D85/><U95/><E89/><V67/><F55/><W130/><G130/><T98/><D105/><U128/><E128/><V68/><F115/><W74/><G133/><N who="1" m="51274" /><E73/><N who="2" m="28235" /><F134/><W2/><G2/><T28/><D13/><U36/><E36/><V102/><F118/><W50/><G38/><T77/><D77/><U124/><E124/><N who="2" m="47691" /><F76/><W113/><G113/><T119/><D119/><U20/><E20/><V79/><AGARI ba="1,0" hai="61,67,68,78,79,97,102,106" m="47691,28235" machi="79" ten="40,2100,0" yaku="18,1" doraHai="53" who="2" fromWho="2" sc="244,-8,347,-8,238,24,171,-8" /><INIT seed="2,2,0,1,1,123" ten="236,339,262,163" oya="2" hai0="0,40,75,82,67,64,129,121,98,99,79,46,61" hai1="85,125,72,135,39,63,3,13,44,5,112,58,50" hai2="90,54,89,18,28,62,10,27,109,66,48,130,59" hai3="84,91,52,47,29,69,68,33,57,37,26,43,115"/><V101/><F130/><W49/><REACH who="3" step="1"/><G115/><REACH who="3" ten="236,339,262,153" step="2"/><T86/><D121/><U80/><E112/><V116/><F116/><W83/><AGARI ba="2,1" hai="26,29,33,37,43,47,49,52,57,68,69,83,84,91" machi="83" ten="20,12000,2" yaku="21,2,2,1,0,1,7,1,54,1,53,1" doraHai="123" doraHaiUra="51" who="3" fromWho="3" sc="236,-32,339,-32,262,-62,153,136" /><INIT seed="3,0,0,5,2,2" ten="204,307,200,289" oya="3" hai0="30,10,104,31,0,17,63,83,1,15,49,126,46" hai1="88,71,36,74,16,87,11,92,99,110,90,96,114" hai2="125,8,9,62,18,84,79,100,26,127,81,120,78" hai3="65,38,29,41,21,56,24,97,119,44,131,72,25"/><W82/><G119/><T102/><D126/><N who="2" m="48138" /><F120/><W121/><G121/><T58/><D104/><U60/><E36/><V133/><F100/><W135/><G135/><T68/><D68/><U77/><E114/><V59/><F79/><W106/><G131/><T43/><D102/><U66/><E110/><V107/><F107/><W53/><G65/><T35/><D83/><U19/><E74/><V51/><F51/><W103/><G82/><T13/><D35/><U117/><E117/><V48/><F48/><W7/><G72/><T129/><D129/><U134/><E134/><V45/><F45/><W42/><G42/><T61/><D61/><U73/><E73/><V115/><F115/><W128/><G25/><T112/><D112/><U70/><E70/><V122/><F122/><W32/><G128/><T132/><D132/><U22/><E77/><V93/><F93/><W109/><G109/><T123/><D123/><U28/><E28/><V34/><F133/><W76/><G76/><T116/><D116/><U105/><E105/><V98/><F98/><W47/><G47/><T113/><D113/><U64/><E64/><N who="2" m="39007" /><F18/><W75/><G75/><T67/><D0/><U69/><E69/><V130/><F130/><W50/><G32/><T101/><D101/><U33/><E33/><V27/><F34/><W86/><G86/><T91/><D91/><U40/><E40/><V5/><F8/><W57/><G57/><T4/><REACH who="0" step="1"/><D1/><AGARI ba="0,0" hai="1,5,9,26,27,78,81,84" m="39007,48138" machi="1" ten="30,2000,0" yaku="18,1,52,1" doraHai="2" who="2" fromWho="0" sc="204,-20,307,0,200,20,289,0" /><INIT seed="4,0,0,4,2,84" ten="184,307,220,289" oya="0" hai0="109,32,57,65,56,40,120,17,36,20,95,68,13" hai1="5,30,129,39,72,60,45,96,70,37,10,75,107" hai2="81,61,116,88,46,122,79,29,77,26,134,124,58" hai3="98,87,2,15,106,11,112,66,21,41,50,104,44"/><T100/><D120/><U0/><E30/><V9/><F122/><W128/><G112/><T85/><D32/><U127/><E129/><V115/><F115/><W89/><G128/><T7/><D109/><U126/><E127/><V19/><F124/><W6/><G66/><T91/><D100/><N who="1" m="62855" /><E126/><V47/><F134/><W22/><G98/><T51/><D36/><N who="1" m="13899" /><E45/><N who="2" m="16907" /><F29/><W28/><G22/><T55/><D7/><U23/><E23/><N who="2" m="13695" /><F9/><W27/><REACH who="3" step="1"/><G2/><REACH who="3" ten="184,307,220,279" step="2"/><T114/><D114/><U18/><E18/><V133/><F133/><W25/><G25/><T16/><D68/><U108/><E108/><V71/><F71/><W105/><G105/><T130/><D130/><U121/><E121/><V4/><F116/><W118/><G118/><T64/><D40/><U52/><E52/><N who="2" m="33991" /><F4/><W63/><G63/><T135/><D135/><U8/><E8/><V62/><F62/><W48/><G48/><T101/><D101/><U103/><E103/><V125/><F125/><W73/><G73/><T53/><D17/><U34/><E34/><V90/><F81/><AGARI ba="0,1" hai="6,11,15,21,27,28,41,44,50,81,87,89,104,106" machi="81" ten="30,3900,0" yaku="1,1,7,1,52,1,53,0" doraHai="84" doraHaiUra="49" who="3" fromWho="2" sc="184,0,307,0,220,-39,279,49" /><INIT seed="5,0,0,0,2,42" ten="184,307,181,328" oya="1" hai0="82,48,71,13,85,133,70,78,40,126,117,54,120" hai1="52,65,95,0,36,106,32,102,83,17,47,3,27" hai2="99,20,33,56,128,21,80,69,74,57,62,110,67" hai3="59,101,68,28,88,15,73,5,12,111,127,93,84"/><U103/><E65/><V14/><F33/><W134/><G68/><T19/><D117/><U100/><E106/><V125/><F110/><W108/><G73/><T135/><D126/><U53/><E83/><V6/><F125/><W26/><G127/><T51/><D120/><U87/><E32/><V75/><F128/><W112/><G112/><T50/><D40/><U105/><E105/><V90/><F74/><W29/><G134/><N who="0" m="51211" /><D54/><U10/><E87/><V77/><F21/><AGARI ba="0,0" hai="13,19,21,48,50,51,70,71,78,82,85" m="51211" machi="21" ten="30,1000,0" yaku="20,1" doraHai="42" who="0" fromWho="2" sc="184,10,307,0,181,-10,328,0" /><INIT seed="6,0,0,0,4,38" ten="194,307,171,328" oya="2" hai0="105,42,56,98,114,109,103,67,101,11,64,4,24" hai1="84,79,134,127,72,44,36,65,8,86,48,73,32" hai2="27,17,63,1,93,13,90,119,22,104,57,59,58" hai3="133,12,83,70,75,15,20,53,108,5,49,0,81"/><V74/><F104/><W39/><G108/><T19/><D109/><U62/><E32/><V43/><F1/><W78/><G39/><T89/><D114/><U45/><E127/><V135/><F119/><W3/><G70/><T92/><D101/><U2/><E134/><V66/><F74/><W25/><G133/><T14/><D56/><N who="2" m="21610" /><F135/><W129/><G129/><T131/><D131/><U117/><E117/><V118/><F118/><W52/><G83/><T132/><D132/><U10/><E36/><V106/><F106/><W91/><G91/><T77/><D77/><U121/><E121/><V122/><F122/><W54/><G49/><T35/><D42/><U94/><E94/><V96/><F13/><W61/><G61/><T85/><REACH who="0" step="1"/><D19/><REACH who="0" ten="184,307,171,328" step="2"/><U128/><E128/><V80/><F80/><W126/><G126/><T120/><D120/><U47/><E79/><V87/><F43/><W50/><G5/><T110/><D110/><U46/><E73/><V88/><F90/><W9/><G78/><T68/><D68/><U23/><E72/><V16/><F17/><W124/><G75/><T69/><D69/><U76/><E76/><V112/><F112/><W28/><G124/><T37/><D37/><U95/><E62/><V102/><F102/><W55/><G50/><T130/><D130/><U34/><E48/><V31/><F16/><W100/><G100/><T6/><D6/><U113/><E113/><V18/><F18/><W125/><G125/><T51/><D51/><U116/><E116/><V60/><F63/><W21/><G9/><T41/><D41/><U82/><E8/><RYUUKYOKU ba="0,1" sc="184,15,307,-15,171,15,328,-15" hai0="4,11,14,24,35,64,67,85,89,92,98,103,105" hai2="22,27,31,59,60,66,87,88,93,96" /><INIT seed="6,1,1,4,4,84" ten="199,292,186,313" oya="2" hai0="100,75,109,5,78,6,74,42,36,99,123,29,110" hai1="25,131,34,56,69,124,50,40,119,48,114,59,11" hai2="60,44,62,31,13,108,27,120,101,38,32,96,17" hai3="2,41,116,22,71,39,64,12,51,55,18,127,82"/><V98/><F120/><W97/><G2/><T130/><D123/><U46/><E69/><V3/><F3/><W33/><G33/><T132/><D29/><U93/><E119/><V115/><F115/><W83/><G116/><T15/><D132/><U128/><E114/><V88/><F108/><W57/><G127/><T90/><D90/><U20/><E34/><V49/><F38/><W105/><G105/><T111/><D130/><N who="1" m="49707" /><E124/><V103/><F98/><W81/><G97/><T121/><D121/><U91/><E11/><V58/><F62/><N who="3" m="40343" /><G83/><T24/><D24/><U118/><E118/><V16/><F17/><W9/><G9/><T79/><D42/><U92/><E92/><N who="2" m="56327" /><F27/><W129/><G129/><T37/><D99/><N who="1" m="57791" /><E48/><V89/><F89/><W54/><G54/><T63/><D100/><U47/><E47/><AGARI ba="1,1" hai="12,18,22,39,41,47,51,55,57,81,82" m="40343" machi="47" ten="30,1000,0" yaku="24,1" doraHai="84" who="3" fromWho="1" sc="199,0,292,-13,186,0,313,23" /><INIT seed="7,0,0,3,2,126" ten="199,279,186,336" oya="3" hai0="50,82,52,96,127,109,135,90,37,122,25,133,110" hai1="7,104,38,124,3,15,131,39,123,61,73,119,86" hai2="121,16,8,2,66,132,29,113,84,64,85,11,53" hai3="118,69,76,59,47,99,12,114,26,77,112,107,35"/><W116/><G69/><T91/><D122/><U103/><E86/><N who="2" m="33387" /><F2/><W70/><G70/><T93/><D127/><U34/><E15/><N who="2" m="7271" /><F132/><N who="0" m="50762" /><D37/><U95/><E95/><V54/><F113/><W58/><G47/><N who="0" m="27743" /><D25/><U17/><E17/><V30/><F121/><W24/><G35/><T117/><D117/><U13/><E13/><V27/><F11/><W71/><G71/><T75/><D91/><U10/><E61/><V94/><F94/><W97/><G12/><T49/><D49/><U100/><E100/><V45/><F27/><W0/><G0/><T46/><D46/><U134/><E103/><V28/><F45/><W78/><G78/><AGARI ba="0,0" hai="75,78,82,90,93,96,109,110" m="27743,50762" machi="78" ten="30,2000,0" yaku="20,1,54,1" doraHai="126" who="0" fromWho="3" sc="199,20,279,0,186,0,336,-20" owari="219,-18.0,279,8.0,186,-31.0,316,41.0" /></mjloggm>