<mjloggm ver="2.3"><GO type="169" lobby="0"/><UN n0="%E7%8E%96%E7%91%9B" n1="%68%69%70%64%63%61%73%68" n2="%E3%81%8B%E3%81%8D" n3="%E3%82%A6%E3%83%AB%E3%83%88%E3%83%A9%E7%AB%8B%E7%9B%B4" dan="16,16,17,17" rate="2055.41,2071.73,2143.19,2202.20" sx="M,M,M,M"/><TAIKYOKU oya="0"/><INIT seed="0,0,0,4,2,49" ten="250,250,250,250" oya="0" hai0="103,9,76,59,98,10,70,34,85,14,99,91,53" hai1="36,8,11,58,95,1,65,6,5,26,68,134,52" hai2="131,15,19,16,94,43,92,35,37,60,88,100,33" hai3="90,130,123,79,109,41,120,44,129,78,62,55,135"/><T31/><D70/><U32/><E134/><V46/><F131/><N who="3" m="50187" /><G109/><T125/><D125/><U23/><E36/><V97/><F60/><W127/><G135/><T0/><D76/><U124/><E124/><V118/><F118/><W84/><G127/><T13/><D0/><U86/><E32/><V104/><F104/><W2/><G2/><T51/><D34/><U28/><E65/><V102/><F19/><W83/><G79/><T3/><D3/><U80/><E95/><V4/><F4/><N who="1" m="1641" /><E68/><V69/><F102/><W48/><G78/><T38/><D38/><U73/><E73/><V40/><F40/><W7/><G7/><T66/><D31/><U56/><E56/><AGARI ba="0,0" hai="41,44,48,55,56,62,83,84,90,120,123" m="50187" machi="56" ten="30,2000,0" yaku="19,1,52,1" doraHai="49" who="3" fromWho="1" sc="250,0,250,-20,250,0,250,20" /><INIT seed="1,0,0,0,3,23" ten="250,230,250,270" oya="1" hai0="102,5,57,66,41,1,78,44,134,11,13,0,105" hai1="76,132,67,115,8,25,26,49,117,75,35,63,31" hai2="39,86,9,83,82,124,113,36,89,125,28,88,30" hai3="118,90,51,81,133,95,127,55,64,3,99,128,54"/><U58/><E115/><V119/><F119/><W38/><G38/><N who="2" m="14377" /><F9/><W126/><G3/><T72/><D105/><U131/><E117/><V29/><F86/><W80/><G64/><T77/><D102/><U65/><E131/><V69/><F69/><W74/><G133/><T79/><D134/><U103/><E132/><V73/><F73/><W7/><G7/><T97/><D97/><U71/><E103/><V34/><F34/><W121/><G121/><T108/><D108/><U98/><E98/><V53/><F53/><W101/><G128/><T93/><D93/><U96/><E96/><V20/><F20/><W50/><G118/><T84/><D84/><U107/><E107/><V110/><F110/><W91/><G101/><T111/><D72/><U122/><E122/><V112/><F82/><W18/><G99/><T106/><D106/><U45/><E8/><V21/><F21/><W114/><G74/><T27/><D111/><U92/><E92/><V19/><F19/><W2/><G18/><T12/><D1/><U6/><E6/><V33/><F83/><W135/><G95/><T17/><D0/><U40/><E76/><V68/><F68/><W37/><G2/><T15/><D77/><U46/><E75/><V94/><F33/><W24/><G135/><T48/><D78/><U104/><E104/><V52/><F52/><W70/><G70/><T22/><D79/><U109/><E109/><V61/><F61/><AGARI ba="0,0" hai="5,11,12,13,15,17,22,27,41,44,48,57,61,66" machi="61" ten="40,2600,0" yaku="8,1,52,1" doraHai="23" who="0" fromWho="2" sc="250,26,230,0,250,-26,270,0" /><INIT seed="2,0,0,2,1,112" ten="276,230,224,270" oya="2" hai0="14,67,118,81,6,12,27,10,22,62,100,37,80" hai1="75,95,68,120,126,38,106,11,85,86,133,132,25" hai2="41,29,111,124,9,55,71,16,3,110,17,96,42" hai3="129,65,128,130,89,105,2,73,7,125,104,23,58"/><V69/><F29/><W24/><G73/><T57/><D37/><U121/><E38/><V26/><F124/><W8/><G125/><T99/><D14/><U53/><E68/><N who="2" m="26187" /><F96/><W90/><G58/><T0/><D0/><U102/><E53/><V46/><F55/><W117/><G65/><T50/><D50/><U114/><E25/><V34/><F34/><W21/><G21/><T39/><D39/><U43/><E43/><N who="2" m="16395" /><F46/><W64/><G117/><T97/><D118/><U107/><E11/><V122/><F26/><W31/><REACH who="3" step="1"/><G64/><REACH who="3" ten="276,230,224,260" step="2"/><T78/><D67/><U74/><E126/><V113/><F113/><W79/><G79/><T134/><D78/><U76/><E114/><V66/><F66/><W72/><G72/><N who="1" m="27690" /><E76/><V30/><F122/><N who="1" m="47209" /><E102/><V70/><F70/><W84/><G84/><N who="1" m="32362" /><E95/><V94/><F94/><W15/><G15/><T45/><D100/><U63/><E63/><V60/><F60/><W36/><G36/><T103/><D62/><U54/><E54/><V20/><F20/><W59/><G59/><T131/><D57/><U77/><E77/><V98/><F3/><W49/><G49/><T44/><D22/><U127/><E127/><V13/><F13/><W47/><G47/><T92/><D45/><U18/><E18/><N who="2" m="7275" /><F30/><W123/><G123/><T116/><D12/><U19/><E19/><V35/><F35/><W5/><G5/><T61/><D6/><U135/><AGARI ba="0,1" hai="106,107,132,133,135" m="32362,47209,27690" machi="135" ten="40,12000,2" yaku="28,2,20,1,13,1,34,2" doraHai="112" who="1" fromWho="1" sc="276,-30,230,130,224,-60,260,-30" /><INIT seed="3,0,0,3,5,134" ten="246,360,164,230" oya="3" hai0="71,116,132,123,55,5,113,62,95,107,26,129,98" hai1="2,19,125,22,7,86,60,90,13,99,83,127,128" hai2="77,112,56,30,52,29,102,115,1,124,11,121,42" hai3="20,27,58,105,37,53,64,89,49,122,126,81,108"/><W103/><G122/><T111/><D123/><U25/><E128/><V101/><F121/><W18/><G37/><T39/><D129/><U106/><E60/><V130/><F130/><W33/><G33/><T4/><D107/><U6/><E2/><V78/><F42/><W109/><G64/><T67/><D116/><U68/><E68/><V131/><F131/><W75/><G103/><T97/><D113/><U23/><E99/><V74/><F74/><W38/><G38/><T10/><D98/><U110/><E110/><N who="3" m="42602" /><G105/><T47/><D111/><U93/><E93/><V15/><F1/><W46/><G46/><T79/><D39/><U3/><E3/><V135/><F135/><W82/><G82/><T85/><D47/><U59/><E59/><V28/><F112/><W118/><G118/><T88/><D71/><U57/><E57/><V0/><F0/><W100/><G100/><N who="2" m="38505" /><F115/><W9/><G9/><T104/><D10/><U12/><E106/><V87/><F87/><N who="3" m="50415" /><G75/><T70/><D104/><U65/><E65/><V43/><F43/><W96/><G96/><T119/><D97/><U61/><E61/><V69/><F69/><W34/><G34/><T41/><D70/><U80/><E80/><V76/><F11/><W63/><G63/><T45/><D62/><U84/><E84/><V35/><F35/><W133/><G133/><T48/><D85/><U50/><E50/><N who="2" m="30743" /><F15/><W72/><G72/><T32/><D132/><U92/><E13/><V40/><F40/><W8/><G8/><T66/><D41/><U51/><E83/><V44/><F44/><W21/><G21/><RYUUKYOKU ba="0,0" sc="246,-15,360,-15,164,15,230,15" hai2="28,29,30,76,77,78,124" hai3="18,20,27,49,53,58,126" /><INIT seed="3,1,0,2,2,72" ten="231,345,179,245" oya="3" hai0="34,51,23,85,133,99,62,123,60,33,103,70,84" hai1="69,38,134,32,105,14,87,0,18,81,63,65,53" hai2="11,122,8,16,26,126,115,36,86,40,74,39,76" hai3="41,127,58,6,22,89,101,10,129,37,121,17,3"/><W4/><G121/><T112/><D112/><U1/><E32/><V106/><F115/><W75/><G6/><T108/><D133/><U107/><E134/><V100/><F74/><W25/><G129/><T128/><D108/><U44/><E105/><V30/><F126/><W110/><G127/><T55/><D128/><U131/><E107/><V56/><F122/><W120/><G120/><T111/><D111/><U27/><E27/><V109/><F109/><W118/><G118/><T116/><D123/><U91/><E131/><V113/><F113/><W59/><G101/><T45/><D116/><U50/><REACH who="1" step="1"/><E38/><REACH who="1" ten="231,335,179,245" step="2"/><V66/><F36/><W67/><G25/><T83/><D33/><U96/><E96/><V19/><F39/><W79/><G110/><T9/><D34/><U95/><E95/><V68/><F106/><W77/><G37/><T132/><D99/><U71/><E71/><V90/><F68/><W20/><G20/><AGARI ba="1,1" hai="0,1,14,18,20,44,50,53,63,65,69,81,87,91" machi="20" ten="30,3900,0" yaku="1,1,7,1,53,1" doraHai="72" doraHaiUra="47" who="1" fromWho="3" sc="231,0,335,52,179,0,245,-42" /><INIT seed="4,0,0,5,3,55" ten="231,387,179,203" oya="0" hai0="38,3,25,62,103,0,10,50,67,13,30,104,57" hai1="97,92,134,37,123,117,40,44,17,39,69,108,26" hai2="42,63,111,49,59,68,112,24,79,56,115,100,124" hai3="106,22,33,102,116,83,120,125,51,52,77,72,105"/><T6/><D38/><U94/><E117/><V16/><F111/><W31/><G116/><T29/><D29/><U12/><E108/><V9/><F124/><W32/><G125/><T53/><D103/><U43/><E69/><V81/><F100/><W114/><G114/><N who="2" m="43561" /><F42/><W133/><G133/><T27/><D27/><U107/><E123/><V60/><F49/><W128/><G128/><T98/><D98/><U64/><E64/><N who="2" m="40991" /><F60/><W135/><G135/><T130/><D104/><U118/><E26/><V96/><F96/><W126/><G126/><T95/><D95/><U2/><E2/><V110/><F110/><W89/><G120/><T132/><D132/><U41/><E118/><V127/><F127/><W15/><G102/><T47/><REACH who="0" step="1"/><D130/><REACH who="0" ten="221,387,179,203" step="2"/><U36/><E134/><V74/><F24/><W70/><G106/><T73/><D73/><U48/><E107/><V61/><F61/><W82/><G72/><T91/><D91/><U88/><E92/><V34/><F34/><AGARI ba="0,1" hai="0,3,6,10,13,25,30,34,47,50,53,57,62,67" machi="34" ten="30,5800,0" yaku="1,1,7,1,52,1,53,0" doraHai="55" doraHaiUra="65" who="0" fromWho="2" sc="221,68,387,0,179,-58,203,0" /><INIT seed="4,1,0,1,3,10" ten="289,387,121,203" oya="0" hai0="50,111,20,86,47,17,65,63,44,127,14,107,78" hai1="31,64,119,95,81,82,132,121,87,61,2,83,92" hai2="116,28,118,18,60,58,11,46,120,71,74,134,57" hai3="126,40,68,72,0,12,66,19,88,125,105,79,37"/><T99/><D127/><U103/><E119/><N who="2" m="45611" /><F120/><W3/><G105/><T26/><D111/><U13/><E2/><V67/><F74/><W93/><G66/><T54/><D107/><U96/><E121/><V101/><F101/><W33/><G33/><T41/><D99/><U109/><E109/><V43/><F28/><W1/><G68/><T42/><D47/><U80/><E31/><V85/><F85/><W91/><G40/><T123/><D123/><U59/><E132/><V70/><F11/><N who="3" m="6559" /><G37/><T25/><D25/><U38/><E38/><N who="2" m="21879" /><F18/><W133/><G133/><T100/><D100/><U108/><E108/><V97/><F97/><W128/><G128/><T27/><D27/><U114/><E114/><V36/><F134/><W15/><G93/><T90/><D78/><N who="1" m="46487" /><E95/><V6/><F6/><W4/><G79/><T73/><D73/><U77/><E77/><V32/><F32/><W35/><G35/><T45/><D45/><U53/><E64/><N who="2" m="38935" /><F36/><W106/><G72/><T34/><D34/><U117/><E117/><V115/><F115/><W112/><G112/><T9/><D86/><U75/><E75/><V7/><F7/><W124/><G106/><T76/><D76/><U22/><E22/><V21/><F21/><W122/><G122/><T98/><D98/><U29/><E29/><V130/><F130/><W94/><G94/><T113/><D113/><U131/><E131/><V23/><F23/><W8/><AGARI ba="1,0" hai="0,1,3,4,8,15,88,91,124,125,126" m="6559" machi="8" ten="40,8000,1" yaku="18,1,52,2,54,1" doraHai="10" who="3" fromWho="3" sc="289,-41,387,-21,121,-21,203,83" /><INIT seed="5,0,0,2,1,105" ten="248,366,100,286" oya="1" hai0="77,54,38,60,97,80,55,99,130,48,74,58,110" hai1="95,13,11,47,17,0,44,129,135,89,66,83,87" hai2="26,100,32,73,10,72,14,113,41,120,102,93,63" hai3="2,118,18,123,86,37,115,106,57,91,45,79,98"/><U40/><E129/><V134/><F120/><W96/><G2/><T50/><D130/><U6/><E135/><V109/><F109/><W82/><G123/><T43/><D110/><U15/><E0/><V56/><F134/><W23/><G115/><T122/><D122/><U75/><E66/><V28/><F41/><W124/><G124/><T5/><D60/><U78/><REACH who="1" step="1"/><E40/><REACH who="1" ten="248,356,100,286" step="2"/><V30/><F113/><W42/><G42/><T121/><D121/><U36/><E36/><V22/><F32/><W128/><G37/><T53/><D43/><U116/><E116/><V62/><F28/><W76/><G118/><T92/><D38/><U68/><E68/><V88/><F30/><W90/><G128/><T31/><D31/><U71/><E71/><V51/><F102/><W108/><G108/><T64/><D64/><U61/><E61/><V131/><F100/><W111/><G111/><T117/><D117/><U24/><E24/><V49/><F63/><W94/><G91/><T29/><D29/><U20/><AGARI ba="0,1" hai="6,11,13,15,17,20,44,47,75,78,83,87,89,95" machi="20" ten="20,18000,2" yaku="1,1,0,1,7,1,52,1,53,2" doraHai="105" doraHaiUra="9" who="1" fromWho="1" sc="248,-60,356,190,100,-60,286,-60" /><INIT seed="5,1,0,2,1,74" ten="188,546,40,226" oya="1" hai0="68,102,107,134,16,48,17,106,21,53,133,135,99" hai1="45,59,69,94,118,84,126,91,76,66,43,125,120" hai2="55,95,127,114,11,37,23,36,63,4,85,34,49" hai3="96,32,72,123,90,129,19,24,52,77,38,10,25"/><U7/><E120/><V67/><F34/><W31/><G38/><T111/><D111/><U121/><E121/><V116/><F116/><W115/><G10/><T128/><D128/><U98/><E69/><V20/><F127/><N who="1" m="48649" /><E7/><V57/><F114/><W65/><G65/><T97/><D68/><U112/><E112/><V8/><F37/><W122/><G90/><T117/><D117/><U47/><E43/><V108/><F36/><W101/><G19/><T39/><D39/><U109/><E109/><V80/><F95/><W13/><G25/><T103/><D21/><U1/><E1/><V113/><F113/><W15/><G129/><T27/><D27/><U89/><E118/><V73/><F73/><W26/><G72/><T81/><D81/><N who="1" m="47143" /><E89/><V131/><F131/><W82/><G115/><T92/><D92/><U6/><E6/><V42/><F42/><W100/><G26/><T0/><D0/><U50/><E66/><V119/><F119/><W41/><G41/><T29/><D29/><U62/><E62/><V79/><F108/><W87/><G123/><T22/><D22/><U93/><E93/><V83/><F83/><W54/><G122/><T28/><D28/><U104/><E104/><V35/><F35/><W86/><G82/><T60/><D60/><U132/><E132/><V64/><F64/><W46/><G31/><T40/><D40/><U30/><E30/><V9/><REACH who="2" step="1"/><F4/><REACH who="2" ten="188,546,30,226" step="2"/><W2/><G32/><T56/><AGARI ba="1,1" hai="16,17,48,53,56,97,99,102,103,106,107,133,134,135" machi="56" ten="30,7900,0" yaku="0,1,9,1,20,1,54,1" doraHai="74" who="0" fromWho="0" sc="188,92,546,-40,30,-21,226,-21" /><INIT seed="6,0,0,4,5,90" ten="280,506,9,205" oya="2" hai0="22,128,108,79,104,74,107,44,66,14,123,4,85" hai1="75,130,3,61,87,26,45,96,47,29,133,53,56" hai2="71,38,111,84,98,21,15,19,27,82,117,105,54" hai3="58,2,32,132,24,126,37,55,50,83,0,81,89"/><V17/><F38/><W67/><G37/><T5/><D74/><U77/><E75/><V31/><F117/><W57/><G126/><T114/><D123/><U116/><E3/><V131/><F71/><W100/><G100/><T33/><D33/><U23/><E116/><V1/><F1/><W127/><G127/><T59/><D5/><U122/><E122/><V40/><F111/><W110/><G110/><T65/><D107/><U103/><E130/><V28/><F131/><W46/><G132/><T52/><D104/><U101/><E133/><V13/><F40/><W60/><G81/><N who="0" m="47295" /><D108/><U42/><E42/><V62/><F98/><W10/><G32/><T112/><D44/><N who="1" m="16971" /><E96/><V76/><F105/><W78/><G89/><T70/><D70/><U94/><E77/><V119/><F119/><W125/><G125/><T102/><D102/><U115/><E115/><V7/><F7/><W64/><G78/><T106/><D106/><U30/><E30/><N who="2" m="11307" /><F19/><W124/><G124/><T69/><D69/><U68/><E68/><V92/><F92/><W51/><G2/><T113/><D128/><U48/><E48/><V91/><F76/><W9/><G0/><T39/><D39/><U11/><E11/><N who="3" m="4106" /><G51/><N who="0" m="31135" /><D4/><U34/><E34/><V16/><F17/><AGARI ba="0,0" hai="14,17,22,65,66,112,113,114" m="31135,47295" machi="17" ten="30,2000,0" yaku="15,1,54,1" doraHai="90" who="0" fromWho="2" sc="280,20,506,0,9,-20,205,0" owari="300,10.0,506,60.0,-11,-51.0,205,-19.0" /></mjloggm>