<mjloggm ver="2.3"><GO type="169" lobby="0"/><UN n0="%E4%BD%93%E8%82%B2%E9%A4%A8%E9%87%8E%E7%90%83%E9%83%A8%E5%93%A1" n1="%E3%83%88%E3%83%88%E3%83%AA%E5%85%88%E7%94%9F%31%39%E6%AD%B3" n2="%E3%81%8F%E3%81%A3%E3%81%99%E3%82%93" n3="%64%65%61%69%75%70%2E%63" dan="17,18,16,16" rate="2118.02,2267.55,2075.50,2128.22" sx="M,F,M,M"/><TAIKYOKU oya="0"/><INIT seed="0,0,0,2,2,13" ten="250,250,250,250" oya="0" hai0="69,30,12,89,16,72,24,122,90,85,92,75,94" hai1="96,41,103,67,80,27,77,71,38,45,129,93,105" hai2="68,49,131,0,111,110,130,134,2,17,118,121,51" hai3="73,5,114,9,39,76,108,82,18,40,35,53,127"/><T48/><D122/><U99/><E129/><N who="2" m="49163" /><F121/><W32/><G114/><T60/><D69/><U8/><E71/><V65/><F118/><W87/><G108/><N who="2" m="41513" /><F68/><W46/><G127/><T107/><D60/><U113/><E67/><V117/><F117/><W10/><G53/><T126/><D107/><U128/><E128/><V119/><F119/><W59/><G59/><T21/><D48/><N who="2" m="18506" /><F65/><W25/><G87/><T28/><D126/><U3/><E113/><V70/><F70/><W6/><G6/><T37/><D37/><U11/><E3/><V102/><F102/><W56/><G56/><T26/><D75/><U81/><E103/><V42/><F42/><W88/><G88/><N who="0" m="53263" /><D72/><U133/><E41/><V44/><F44/><W43/><G43/><T104/><D104/><U132/><E45/><V91/><F91/><N who="0" m="34826" /><D94/><U124/><E93/><V116/><F116/><W98/><G40/><T62/><D62/><U135/><E124/><V52/><F52/><W57/><G73/><T79/><D79/><U120/><E38/><V19/><F134/><W74/><G39/><T97/><D97/><N who="1" m="37451" /><E120/><V125/><F125/><W7/><G98/><T61/><D61/><U23/><E105/><V33/><F33/><W54/><G35/><T55/><D55/><U50/><E50/><V47/><F47/><W123/><G46/><T66/><D66/><U63/><E63/><V4/><F4/><W106/><G32/><T95/><D95/><U86/><E80/><V78/><F78/><W15/><G76/><T115/><D115/><U58/><E58/><V109/><N who="2" m="41521" /><V100/><DORA hai="22" /><F100/><RYUUKYOKU ba="0,0" sc="250,10,250,10,250,10,250,-30" hai0="12,16,21,24,26,28,30" hai1="8,11,23,27,77,81,86,132,133,135" hai2="0,2,17,19" /><INIT seed="0,1,0,2,5,73" ten="260,260,260,220" oya="0" hai0="127,71,54,34,117,109,35,103,66,20,30,5,23" hai1="49,55,98,88,92,47,31,2,111,45,83,106,108" hai2="122,63,75,129,14,123,87,38,46,22,48,12,52" hai3="77,116,130,21,42,64,9,32,53,72,3,8,61"/><T110/><D117/><U119/><E119/><V7/><F75/><W1/><G116/><T86/><D127/><U80/><E2/><V79/><F129/><W91/><G53/><T17/><D103/><U27/><E106/><V78/><F123/><W84/><G32/><T60/><D5/><U58/><E83/><V95/><F38/><W93/><G130/><T125/><D125/><U69/><E69/><V68/><F68/><W112/><G112/><T37/><D37/><U133/><E133/><V0/><F0/><W67/><G42/><T70/><D70/><U135/><E135/><V126/><F126/><W62/><G21/><T74/><D74/><U51/><E80/><V102/><F122/><W56/><G72/><T114/><D114/><U57/><E108/><N who="0" m="41577" /><D54/><U36/><E36/><V82/><F63/><W105/><G105/><T41/><D41/><N who="1" m="24751" /><E111/><V59/><F46/><W94/><G1/><T97/><D97/><U50/><E50/><V128/><F128/><W24/><G3/><T15/><D86/><U120/><E120/><V44/><F44/><W131/><G131/><T81/><D81/><U40/><E40/><V11/><F82/><W132/><G84/><T113/><D113/><U115/><E115/><V107/><F107/><W16/><G132/><T29/><D23/><AGARI ba="1,0" hai="23,27,31,47,51,55,57,58,88,92,98" m="24751" machi="23" ten="30,2000,0" yaku="8,1,54,1" doraHai="73" who="1" fromWho="0" sc="260,-23,260,23,260,0,220,0" /><INIT seed="1,0,0,5,3,99" ten="237,283,260,220" oya="1" hai0="13,133,72,125,56,81,9,115,64,75,134,7,128" hai1="96,118,53,1,19,55,121,40,110,109,52,43,93" hai2="120,5,80,25,85,4,98,84,0,90,26,33,97" hai3="27,112,24,92,104,119,50,76,66,15,95,62,113"/><U16/><E118/><V36/><F36/><W14/><G104/><T46/><D115/><U41/><E1/><V57/><F120/><W101/><G50/><T86/><D125/><U11/><E121/><V37/><F37/><W49/><G49/><T126/><D126/><U91/><E11/><V65/><F0/><W54/><G76/><N who="0" m="46375" /><D128/><U106/><REACH who="1" step="1"/><E106/><REACH who="1" ten="237,273,260,220" step="2"/><V31/><F4/><W18/><G119/><T6/><D6/><U130/><E130/><V102/><F5/><W83/><G113/><T79/><D9/><U94/><E94/><V116/><F116/><W123/><G95/><T88/><D7/><U38/><E38/><V23/><F80/><W129/><G92/><T131/><D131/><U48/><E48/><V34/><F97/><W17/><G83/><T45/><D134/><U51/><E51/><V21/><F98/><W10/><G129/><T117/><D133/><U111/><AGARI ba="0,1" hai="16,19,40,41,43,52,53,55,91,93,96,109,110,111" machi="111" ten="40,24000,3" yaku="1,1,0,1,29,2,14,1,10,1,54,2,53,0" doraHai="99" doraHaiUra="30" who="1" fromWho="1" sc="237,-80,273,250,260,-80,220,-80" /><INIT seed="1,1,0,1,2,105" ten="157,523,180,140" oya="1" hai0="59,112,57,35,91,43,55,26,106,48,31,17,125" hai1="116,29,103,102,127,108,34,135,84,4,38,62,42" hai2="99,47,19,1,97,119,0,33,56,130,28,68,41" hai3="132,20,9,89,118,64,98,36,25,82,95,54,49"/><U87/><E116/><V13/><F119/><W123/><G123/><T77/><D112/><U22/><E34/><V39/><F68/><W6/><G36/><T71/><D125/><U30/><E127/><V79/><F130/><W80/><G132/><T70/><D106/><U65/><E135/><V58/><F58/><W121/><G64/><T3/><D43/><U96/><E108/><V110/><F110/><W83/><G121/><T78/><D3/><U133/><E133/><V11/><F0/><W74/><G118/><T60/><D91/><U45/><E4/><V8/><F79/><W10/><G6/><T16/><D78/><U53/><E53/><V86/><F86/><W101/><G101/><T50/><D77/><U90/><E84/><V134/><F134/><W27/><G74/><T122/><D122/><U23/><E30/><V66/><F28/><N who="3" m="17447" /><G27/><T67/><D71/><U114/><E114/><V124/><F33/><W126/><G126/><T5/><D5/><U69/><E29/><V18/><F124/><W109/><G109/><T73/><D73/><U104/><REACH who="1" step="1"/><E103/><REACH who="1" ten="157,513,180,140" step="2"/><V7/><F18/><W81/><G81/><AGARI ba="1,1" hai="22,23,38,42,45,62,65,69,81,87,90,96,102,104" machi="81" ten="30,11600,0" yaku="1,1,2,1,7,1,53,1" doraHai="105" doraHaiUra="76" who="1" fromWho="3" sc="157,0,513,129,180,0,140,-119" /><INIT seed="1,2,0,0,1,14" ten="157,642,180,21" oya="1" hai0="92,3,33,18,19,111,98,130,104,36,96,126,11" hai1="119,127,45,20,4,39,27,15,68,42,41,86,64" hai2="50,7,29,32,12,116,95,84,73,83,94,74,88" hai3="109,76,25,56,5,48,37,16,62,72,82,115,135"/><U129/><E119/><V43/><F116/><W52/><G115/><T125/><D111/><U8/><E129/><V2/><F2/><W61/><G109/><T100/><D130/><U131/><E131/><V121/><F121/><W51/><G37/><T123/><D123/><U44/><E127/><N who="0" m="48649" /><D36/><U102/><E102/><V10/><F95/><W65/><G135/><T80/><D33/><U110/><E110/><V13/><F32/><W106/><G5/><N who="0" m="1471" /><D80/><U35/><E35/><V77/><F29/><W85/><G72/><T31/><D31/><U28/><E64/><V99/><F43/><W128/><G106/><T134/><D134/><U124/><E68/><V34/><F34/><W22/><REACH who="3" step="1"/><G128/><REACH who="3" ten="157,642,180,11" step="2"/><T103/><AGARI ba="2,1" hai="18,19,92,96,98,100,103,104" m="1471,48649" machi="103" ten="30,4000,0" yaku="18,1,52,2" doraHai="14" who="0" fromWho="0" sc="157,56,642,-22,180,-12,11,-12" owari="213,1.0,620,72.0,168,-23.0,-1,-50.0" /></mjloggm>