<mjloggm ver="2.3"><GO type="169" lobby="0"/><UN n0="%E3%82%A6%E3%83%AB%E3%83%88%E3%83%A9%E7%AB%8B%E7%9B%B4" n1="%E3%83%94%E3%82%A3%38%31%30" n2="%7A%6F%6F%31%39%36%34" n3="%63%72%69%74%74%65%72" dan="17,17,16,17" rate="2237.44,2226.14,2103.56,2158.71" sx="M,M,M,M"/><TAIKYOKU oya="0"/><INIT seed="0,0,0,5,0,93" ten="250,250,250,250" oya="0" hai0="11,57,24,125,42,67,26,73,45,117,83,103,41" hai1="94,130,112,46,30,54,110,122,128,102,48,114,96" hai2="58,9,92,49,15,47,35,77,38,101,33,7,127" hai3="109,44,84,126,66,55,65,69,100,80,116,74,34"/><T107/><D117/><U43/><E122/><V111/><F111/><W12/><G116/><T27/><D125/><U13/><E110/><V20/><F127/><W68/><G109/><T51/><D73/><U123/><E123/><V134/><F134/><W129/><G126/><T36/><D83/><U3/><E3/><V120/><F120/><W17/><G34/><T95/><D107/><U18/><E30/><V52/><F77/><W14/><G74/><T21/><D11/><U22/><REACH who="1" step="1"/><E43/><REACH who="1" ten="250,240,250,250" step="2"/><V124/><F124/><W88/><G129/><AGARI ba="0,1" hai="13,18,22,46,48,54,94,96,102,112,114,128,129,130" machi="129" ten="40,8000,1" yaku="1,1,2,1,19,1,52,1,53,0" doraHai="93" doraHaiUra="104" who="1" fromWho="3" sc="250,0,240,90,250,0,250,-80" /><INIT seed="1,0,0,3,4,2" ten="250,330,250,170" oya="1" hai0="71,41,42,55,132,8,121,3,68,110,31,119,62" hai1="25,61,90,94,83,59,65,58,70,104,48,28,60" hai2="53,74,30,102,96,122,54,117,40,12,47,46,88" hai3="95,133,80,6,67,100,20,111,9,93,49,50,120"/><U116/><E104/><V21/><F74/><W52/><G120/><T77/><D8/><U109/><E116/><V91/><F122/><W101/><G111/><T63/><D31/><U98/><E109/><V7/><F117/><W112/><G112/><T39/><D77/><U34/><E83/><V79/><F79/><W135/><G67/><T24/><D24/><U23/><E61/><V134/><F134/><N who="3" m="51211" /><G20/><T51/><D3/><U76/><E76/><V128/><F128/><W81/><G49/><T69/><D119/><U13/><E13/><V92/><F30/><W108/><G108/><T11/><D11/><U35/><REACH who="1" step="1"/><E70/><REACH who="1" ten="250,320,250,170" step="2"/><V118/><F12/><N who="3" m="5175" /><G80/><T1/><D71/><U19/><E19/><V43/><F118/><W84/><G93/><T73/><D69/><U16/><E16/><V126/><F92/><W113/><G95/><T38/><D68/><U10/><E10/><V89/><F96/><W78/><G113/><T125/><D110/><U4/><E4/><V14/><F7/><W22/><G22/><T114/><D132/><U15/><E15/><V82/><F82/><W29/><G29/><T75/><D114/><U37/><E37/><V5/><F5/><W107/><G107/><T72/><D121/><U85/><E85/><V103/><F14/><W127/><G127/><T56/><D125/><U129/><E129/><V131/><F21/><W123/><G123/><T87/><D87/><U45/><E45/><AGARI ba="0,1" hai="45,50,52,78,81,84,100,101" m="5175,51211" machi="45" ten="30,3900,0" yaku="20,1,52,1,54,1" doraHai="2" who="3" fromWho="1" sc="250,0,320,-39,250,0,170,49" /><INIT seed="2,0,0,1,1,48" ten="250,281,250,219" oya="2" hai0="132,90,125,94,122,22,6,127,108,32,107,106,35" hai1="31,15,72,19,52,26,5,38,75,116,10,129,57" hai2="111,123,89,66,20,16,23,63,25,77,115,99,85" hai3="83,95,54,105,87,2,1,61,49,118,78,70,9"/><V128/><F123/><W4/><G118/><T47/><D6/><U18/><E38/><V91/><F115/><W110/><G105/><T46/><D22/><N who="1" m="15831" /><E116/><V73/><F73/><W45/><G110/><T21/><D21/><U113/><E113/><V80/><F128/><W3/><REACH who="3" step="1"/><G95/><REACH who="3" ten="250,281,250,209" step="2"/><T28/><D94/><U130/><E75/><V103/><F111/><W92/><G92/><T112/><D107/><U120/><E72/><V102/><F102/><W131/><G131/><N who="1" m="50186" /><E120/><V88/><F23/><W29/><G29/><T109/><D106/><U33/><E33/><V58/><F103/><W43/><G43/><T24/><D28/><U76/><E76/><V55/><REACH who="2" step="1"/><F99/><REACH who="2" ten="250,281,240,209" step="2"/><W96/><G96/><T117/><D109/><U124/><E124/><V53/><AGARI ba="0,2" hai="16,20,25,53,55,58,63,66,77,80,85,88,89,91" machi="53" ten="30,24000,3" yaku="1,1,2,1,0,1,8,1,52,2,54,2,53,0" doraHai="48" doraHaiUra="65" who="2" fromWho="2" sc="250,-80,281,-80,240,260,209,-80" /><INIT seed="2,1,0,5,0,88" ten="170,201,500,129" oya="2" hai0="84,78,132,59,8,4,18,2,13,102,119,71,131" hai1="80,11,53,23,10,116,106,40,39,99,19,93,111" hai2="69,83,95,92,67,35,91,108,54,65,47,121,126" hai3="97,81,24,101,133,1,51,66,118,112,57,5,17"/><V103/><F121/><W87/><G118/><T33/><D71/><U115/><E116/><V22/><F35/><W37/><G37/><T7/><D119/><U134/><E115/><V73/><F69/><W100/><G112/><T27/><D102/><U104/><E134/><V30/><F73/><W125/><G133/><T52/><D132/><U50/><E80/><V15/><F126/><W34/><G125/><T63/><D131/><U96/><E39/><V98/><F83/><W43/><G1/><T44/><D78/><U26/><E40/><V55/><F108/><W25/><G5/><T6/><D84/><U46/><E111/><V89/><F103/><W28/><G43/><T79/><D44/><U31/><E99/><V77/><F77/><W29/><G17/><T70/><D70/><U16/><E31/><V38/><F38/><W61/><G51/><T128/><D79/><U62/><E62/><V107/><F107/><W75/><G75/><T122/><D128/><U72/><E72/><V45/><F30/><W12/><G12/><T41/><D41/><U86/><E86/><N who="2" m="52279" /><F15/><W130/><G130/><T90/><D90/><U82/><E82/><V21/><F67/><W60/><G60/><T135/><D135/><U124/><E124/><V105/><F65/><W58/><G97/><T68/><D68/><U127/><E127/><V56/><F105/><W129/><G129/><T109/><D109/><U123/><E123/><V14/><F14/><W120/><G120/><T94/><D122/><U48/><E106/><V76/><F76/><N who="3" m="46503" /><G57/><T42/><D59/><U36/><E36/><RYUUKYOKU ba="1,0" sc="170,-10,201,-10,500,-10,129,30" hai3="24,25,28,29,34,58,61,66,100,101" /><INIT seed="3,2,0,2,3,65" ten="160,191,490,159" oya="3" hai0="31,59,58,92,119,91,41,0,6,104,52,118,116" hai1="102,88,125,98,77,40,48,127,38,112,130,81,71" hai2="18,12,13,55,4,99,27,63,76,32,23,85,60" hai3="109,17,105,35,11,134,83,20,123,124,30,132,95"/><W94/><G123/><T122/><D104/><U9/><E112/><V15/><F32/><W73/><G105/><T115/><D122/><U54/><E38/><V1/><F1/><W45/><G124/><N who="1" m="47690" /><E40/><V93/><F4/><W133/><G109/><T62/><D115/><U103/><E71/><V46/><F85/><W34/><G45/><T8/><D31/><U97/><E9/><V7/><F76/><N who="3" m="44431" /><G11/><T89/><D41/><U57/><E130/><V121/><F7/><W135/><N who="3" m="33792" /><DORA hai="79" /><W80/><G80/><T69/><D69/><U78/><E78/><V128/><F128/><W53/><G53/><T42/><D42/><U84/><E77/><V28/><F121/><W61/><G61/><T117/><N who="0" m="29696" /><DORA hai="86" /><T82/><D82/><U66/><E66/><V14/><F46/><W50/><G50/><T113/><D113/><U56/><E56/><V131/><F55/><W87/><G30/><T72/><D72/><U10/><E10/><N who="2" m="6519" /><F131/><W44/><G44/><T19/><D59/><U3/><E3/><V21/><F21/><W126/><G126/><T75/><D75/><U2/><E2/><V74/><F74/><W111/><G111/><T22/><REACH who="0" step="1"/><D92/><REACH who="0" ten="150,191,490,159" step="2"/><N who="3" m="35369" /><G87/><T33/><D33/><U37/><E37/><V108/><F108/><W67/><G67/><T47/><D47/><U49/><E49/><V43/><F43/><W129/><G129/><T24/><AGARI ba="2,1" hai="0,6,8,19,22,24,52,58,62,89,91" m="29696" machi="24" ten="60,8000,1" yaku="1,1,0,1,52,2,54,1,53,0" doraHai="65,79,86" doraHaiUra="36,29,100" who="0" fromWho="0" sc="150,96,191,-22,490,-22,159,-42" /><INIT seed="4,0,0,5,4,59" ten="246,169,468,117" oya="0" hai0="82,79,80,13,75,61,11,1,60,99,125,97,49" hai1="5,0,128,102,30,110,56,124,15,101,108,43,33" hai2="19,134,95,116,64,10,69,126,37,109,66,58,34" hai3="16,12,123,9,38,76,94,105,20,83,57,93,88"/><T41/><D1/><U132/><E0/><V2/><F37/><W130/><G105/><T67/><D125/><U53/><E43/><V85/><F34/><W7/><G38/><T39/><D39/><U103/><E124/><V40/><F40/><W84/><G130/><T119/><D119/><U26/><E132/><V22/><F69/><W68/><G68/><T31/><D31/><U32/><E32/><V25/><F109/><W46/><G123/><T129/><D129/><U4/><E128/><V115/><F115/><W17/><G46/><N who="0" m="25807" /><D75/><U47/><E47/><V118/><F58/><W3/><G57/><T24/><D24/><U8/><REACH who="1" step="1"/><E5/><REACH who="1" ten="246,159,468,117" step="2"/><N who="2" m="1335" /><F134/><W51/><G51/><AGARI ba="0,1" hai="4,8,15,26,30,33,51,53,56,101,102,103,108,110" machi="51" ten="40,1300,0" yaku="1,1,53,0" doraHai="59" doraHaiUra="78" who="1" fromWho="3" sc="246,0,159,23,468,0,117,-13" /><INIT seed="5,0,0,0,4,58" ten="246,182,468,104" oya="1" hai0="75,11,135,118,45,126,132,105,27,43,101,44,106" hai1="33,10,100,54,1,17,81,125,131,74,30,18,63" hai2="134,61,68,23,95,42,94,82,104,9,49,56,52" hai3="60,20,24,15,13,98,0,71,121,113,29,129,80"/><U102/><E131/><V111/><F104/><W109/><G121/><T12/><D75/><U57/><E125/><V83/><F111/><W130/><G109/><T91/><D118/><U41/><E41/><V89/><F134/><W133/><G133/><T72/><D72/><U55/><E55/><V122/><F122/><W114/><G0/><T119/><D119/><U8/><E8/><V32/><F32/><W87/><G98/><T67/><D67/><U16/><E30/><V76/><F95/><W116/><G116/><T35/><D126/><U93/><E93/><V3/><F76/><W59/><G71/><T79/><D43/><U36/><E36/><V47/><F23/><W84/><G13/><T65/><D11/><U117/><E33/><V97/><F3/><W103/><G103/><T40/><D35/><U92/><E92/><V112/><F112/><N who="3" m="43115" /><G15/><T14/><D105/><U86/><E74/><V34/><F34/><W64/><G87/><T108/><D106/><U73/><E73/><V50/><F9/><W51/><G51/><T19/><D108/><U21/><E21/><V70/><F50/><W90/><AGARI ba="0,0" hai="20,24,29,59,60,64,80,84,90,129,130" m="43115" machi="90" ten="30,2000,0" yaku="15,1,52,1" doraHai="58" who="3" fromWho="3" sc="246,-5,182,-10,468,-5,104,20" /><INIT seed="6,0,0,4,0,69" ten="241,172,463,124" oya="2" hai0="32,7,38,36,55,135,6,45,121,53,132,4,35" hai1="108,63,64,79,34,89,50,128,9,115,39,74,51" hai2="70,37,78,120,112,106,17,47,62,102,67,95,24" hai3="119,5,83,15,57,82,104,91,72,85,46,0,12"/><V98/><F120/><W127/><G119/><T75/><D75/><U8/><E34/><N who="0" m="12841" /><D121/><U3/><E108/><V105/><F78/><W22/><G104/><T40/><D38/><U96/><E39/><V27/><F112/><W118/><G118/><T33/><D33/><U49/><E115/><V26/><REACH who="2" step="1"/><F17/><REACH who="2" ten="241,172,453,124" step="2"/><W71/><G127/><T107/><D107/><U101/><E79/><V23/><F23/><W19/><G19/><T14/><D4/><U2/><E74/><V87/><F87/><W43/><G22/><T90/><D6/><U31/><E31/><V20/><F20/><W113/><G113/><T80/><D7/><U88/><E8/><V94/><F94/><W60/><G5/><T59/><D135/><U76/><E9/><V114/><F114/><W129/><G0/><T16/><D132/><U61/><E76/><V58/><F58/><W125/><G125/><T130/><D59/><U97/><E3/><V13/><F13/><W92/><G71/><T131/><D14/><N who="3" m="5161" /><G72/><T30/><D30/><U122/><E2/><V100/><F100/><W134/><G134/><T25/><D16/><U84/><E122/><V116/><F116/><W1/><G1/><T109/><D109/><U111/><E111/><V73/><F73/><W41/><G129/><T18/><D131/><U124/><E128/><V11/><F11/><W52/><G46/><T54/><D130/><U42/><E124/><V21/><F21/><W99/><G85/><N who="0" m="50471" /><D18/><U77/><E84/><V44/><F44/><W68/><G68/><T123/><D123/><U48/><N who="1" m="12288" /><DORA hai="103" /><U93/><E101/><RYUUKYOKU ba="0,1" sc="241,10,172,-30,453,10,124,10" hai0="25,36,40,45,53,54,55" hai2="24,26,27,37,47,62,67,70,95,98,102,105,106" hai3="41,43,52,57,60,82,83,91,92,99" /><INIT seed="6,1,1,5,1,94" ten="251,142,463,134" oya="2" hai0="100,11,114,67,47,25,21,101,130,98,87,113,134" hai1="90,18,127,120,126,92,117,79,125,44,77,89,36" hai2="45,9,60,24,112,22,6,0,10,46,38,64,63" hai3="57,91,17,74,34,108,42,110,2,50,12,128,131"/><V121/><F121/><W116/><G116/><T8/><D67/><U53/><E117/><V16/><F112/><W93/><G2/><T133/><D87/><U95/><E120/><V111/><F111/><W28/><G74/><T99/><D47/><U129/><E18/><V115/><F115/><W61/><G34/><T43/><D43/><N who="1" m="22631" /><E53/><V14/><F38/><W39/><G39/><T76/><D76/><N who="1" m="29259" /><E129/><N who="3" m="49738" /><G28/><T35/><D130/><U105/><E105/><V102/><F102/><W68/><G68/><T62/><D21/><U118/><E118/><V97/><F97/><N who="3" m="57535" /><G50/><T103/><D103/><U41/><E41/><V32/><F32/><W85/><G85/><T49/><D35/><U29/><E29/><V58/><REACH who="2" step="1"/><F63/><REACH who="2" ten="251,142,453,134" step="2"/><W75/><G75/><T80/><D62/><U1/><E127/><V27/><F27/><W72/><G72/><T82/><D25/><U52/><E126/><V3/><F3/><W83/><G108/><T81/><D114/><U123/><E1/><V109/><F109/><W88/><G110/><T40/><D113/><U55/><E123/><V23/><F23/><W15/><G61/><T96/><D101/><U135/><E125/><V122/><F122/><W78/><G12/><T56/><D100/><U73/><E73/><V69/><F69/><W124/><G15/><T51/><D99/><N who="1" m="57743" /><E135/><V70/><F70/><W119/><G124/><T5/><D134/><U59/><E59/><V48/><F48/><N who="0" m="18506" /><D56/><U84/><E84/><V33/><F33/><W13/><G57/><T86/><D86/><U107/><E107/><V132/><F132/><W65/><G119/><RYUUKYOKU ba="1,2" sc="251,-15,142,15,453,15,134,-15" hai1="52,55,90,95" hai2="0,6,9,10,14,16,22,24,45,46,58,60,64" /><INIT seed="6,2,2,2,5,119" ten="236,157,468,119" oya="2" hai0="52,46,134,54,95,77,99,50,38,51,102,66,75" hai1="30,17,122,65,69,124,22,116,87,130,76,104,57" hai2="53,31,108,63,61,44,111,73,24,90,41,79,72" hai3="127,89,78,42,105,49,81,70,1,129,133,106,107"/><V43/><F90/><W55/><G70/><T37/><D134/><U126/><E104/><V27/><F79/><W118/><G118/><T29/><D66/><U97/><E116/><V121/><F121/><W98/><G1/><T56/><D29/><U21/><E97/><V132/><F132/><W19/><G133/><T34/><D34/><U80/><E69/><V40/><F44/><W0/><G0/><T68/><D68/><U12/><E130/><V100/><F100/><W64/><G129/><T128/><D128/><U114/><E114/><V93/><F93/><W88/><G42/><T91/><D77/><U135/><E135/><V36/><F36/><W94/><G64/><T117/><D75/><N who="2" m="28746" /><F53/><W14/><G127/><N who="1" m="48682" /><E122/><V32/><F27/><W74/><G89/><T92/><D117/><U25/><E65/><V35/><F32/><W101/><G101/><T11/><D11/><N who="1" m="6303" /><E57/><V84/><F84/><AGARI ba="2,2" hai="37,38,46,50,51,52,54,56,84,91,92,95,99,102" machi="84" ten="30,2000,0" yaku="7,1,54,1" doraHai="119" who="0" fromWho="2" sc="236,46,157,0,468,-26,119,0" /><INIT seed="7,0,0,0,0,128" ten="282,157,442,119" oya="3" hai0="92,37,116,1,109,62,21,38,124,6,123,87,54" hai1="4,7,39,113,90,126,30,24,25,67,91,120,2" hai2="96,49,77,102,10,93,103,99,51,89,70,115,0" hai3="27,108,104,114,3,29,82,97,59,65,78,34,84"/><W81/><G114/><T61/><D62/><U56/><E39/><V52/><F70/><W107/><G108/><T63/><D92/><U36/><E36/><V33/><F33/><W111/><G111/><T71/><D87/><U23/><E126/><V69/><F69/><W28/><G3/><T118/><D21/><N who="1" m="15663" /><E2/><V20/><F115/><W121/><G121/><T8/><D6/><N who="1" m="2091" /><E120/><V16/><F0/><W64/><G29/><T129/><D54/><U31/><E113/><V98/><F77/><W9/><G9/><T22/><D8/><U55/><E67/><V42/><F42/><W106/><G97/><N who="2" m="37481" /><F10/><W72/><REACH who="3" step="1"/><G59/><REACH who="3" ten="282,157,442,109" step="2"/><T45/><D1/><U83/><E83/><V48/><F103/><W133/><G133/><T79/><D109/><U76/><E76/><AGARI ba="0,1" hai="27,28,34,64,65,72,76,78,81,82,84,104,106,107" machi="76" ten="40,7700,0" yaku="1,1,53,2" doraHai="128" doraHaiUra="75" who="3" fromWho="1" sc="282,0,157,-77,442,0,109,87" /><INIT seed="7,1,0,2,1,40" ten="282,80,442,196" oya="3" hai0="126,65,119,54,10,77,46,124,87,66,52,58,89" hai1="7,76,35,74,116,97,57,125,21,32,79,80,131" hai2="53,134,15,31,100,123,107,96,29,91,130,5,117" hai3="128,108,62,88,98,18,8,11,110,102,132,73,9"/><W36/><G73/><T94/><D119/><U61/><E116/><V118/><F134/><W19/><G132/><T109/><D109/><N who="3" m="42089" /><G128/><T56/><D77/><U104/><E131/><V34/><F130/><W33/><G33/><T16/><D124/><U86/><E125/><V95/><F123/><W55/><G36/><T49/><D126/><U113/><E113/><V41/><F34/><W25/><G25/><T115/><D115/><U135/><E135/><V60/><F41/><W105/><G88/><T78/><D78/><U133/><E133/><V127/><F127/><W39/><G39/><T24/><D56/><AGARI ba="1,0" hai="8,9,11,18,19,55,56,62,98,102,105" m="42089" machi="56" ten="30,1500,0" yaku="10,1" doraHai="40" who="3" fromWho="0" sc="282,-18,80,0,442,0,196,18" /><INIT seed="7,2,0,0,3,116" ten="264,80,442,214" oya="3" hai0="26,124,47,114,118,42,21,11,69,29,87,129,96" hai1="4,91,133,100,67,43,95,104,25,52,55,63,17" hai2="51,120,82,121,81,72,32,38,6,98,65,31,113" hai3="85,54,66,53,33,41,22,64,28,73,50,83,9"/><W0/><G73/><T115/><D69/><U102/><E133/><V109/><F38/><W19/><G33/><T35/><D118/><U27/><E104/><V97/><F109/><W7/><G28/><T132/><D129/><U90/><E43/><V61/><F6/><W1/><G1/><T68/><D68/><U34/><E4/><V10/><F10/><W130/><G130/><T14/><D96/><U86/><E34/><V108/><F51/><W101/><G101/><T62/><D62/><U60/><E86/><V131/><F108/><W111/><G111/><T59/><D59/><U49/><E95/><V2/><F2/><W13/><G41/><T93/><D21/><U20/><E20/><V123/><F113/><W39/><G39/><T15/><D124/><U105/><E105/><V58/><F131/><W107/><G107/><T36/><D132/><U125/><E125/><V56/><F56/><W122/><G122/><T30/><D30/><U8/><E8/><V5/><F5/><W127/><G127/><T128/><D128/><U3/><E3/><V44/><F44/><N who="3" m="27847" /><G54/><T24/><D115/><U46/><E46/><V117/><F117/><W112/><G112/><T71/><D71/><U84/><E84/><V37/><F37/><W110/><G110/><T16/><D114/><U77/><E49/><V12/><F72/><W94/><G94/><T89/><D11/><U80/><E80/><N who="2" m="30827" /><F31/><W88/><G0/><T99/><D87/><U103/><E103/><V48/><F32/><W126/><G126/><T75/><D75/><U18/><E67/><N who="3" m="25642" /><G7/><T40/><D40/><RYUUKYOKU ba="2,0" sc="264,10,80,10,442,-30,214,10" hai0="14,15,16,24,26,29,35,36,42,47,89,93,99" hai1="17,18,25,27,52,55,60,63,77,90,91,100,102" hai3="9,13,19,22,83,85,88" /><INIT seed="7,3,0,5,3,61" ten="274,90,412,224" oya="3" hai0="49,103,116,46,70,28,97,16,108,63,95,10,58" hai1="76,47,33,14,3,131,20,92,17,105,30,125,32" hai2="45,67,106,59,50,115,81,41,124,112,107,98,4" hai3="83,18,39,25,84,110,21,69,66,38,123,24,36"/><W121/><G110/><T96/><D70/><U60/><E105/><V13/><F124/><W23/><G69/><T40/><D108/><U9/><E76/><V94/><F81/><W118/><G118/><T5/><D116/><U12/><E47/><V31/><F31/><W133/><G133/><T2/><D28/><U87/><E87/><V7/><F13/><W132/><G132/><T128/><D128/><U102/><E125/><V79/><F79/><W8/><G8/><T114/><D114/><N who="2" m="43562" /><F4/><W65/><G83/><T37/><D97/><U119/><E119/><V78/><F78/><W22/><G84/><T99/><D99/><U29/><E131/><V43/><F43/><W72/><G72/><T135/><D135/><U1/><E92/><V117/><F7/><W101/><G101/><T6/><D6/><U51/><E51/><V35/><F35/><N who="1" m="13385" /><E60/><N who="2" m="38303" /><F117/><W86/><G86/><T129/><D129/><U57/><E57/><V120/><F120/><N who="3" m="46155" /><G18/><T19/><D37/><U68/><E68/><V34/><F34/><W42/><G42/><T27/><D103/><AGARI ba="3,0" hai="41,45,50,94,98,103,106,107" m="38303,43562" machi="103" ten="30,2000,0" yaku="15,1,52,1" doraHai="61" who="2" fromWho="0" sc="274,-29,90,0,412,29,224,0" owari="245,5.0,90,-41.0,441,54.0,224,-18.0" /></mjloggm>