<mjloggm ver="2.3"><GO type="169" lobby="0"/><UN n0="%E3%81%9E%E3%82%8B%E3%83%BC%E3%81%9F" n1="%E3%82%A6%E3%83%AB%E3%83%88%E3%83%A9%E7%AB%8B%E7%9B%B4" n2="%4B%61%72%61%75%6D%61" n3="%52%59%4F%40%53%53" dan="16,18,16,16" rate="2098.02,2243.37,2103.04,2103.02" sx="M,M,M,M"/><TAIKYOKU oya="0"/><INIT seed="0,0,0,5,0,40" ten="250,250,250,250" oya="0" hai0="25,92,103,122,26,81,76,9,115,22,16,102,68" hai1="109,85,47,7,131,134,79,132,42,11,73,123,72" hai2="54,55,28,124,130,129,105,5,17,6,23,66,62" hai3="64,78,34,46,33,32,0,83,39,36,58,101,100"/><T97/><D115/><U84/><E123/><V57/><F105/><W49/><G0/><T119/><D122/><U63/><E63/><V56/><F28/><W20/><G20/><T8/><D68/><U24/><E24/><V120/><F120/><W125/><G125/><T110/><D119/><U2/><E109/><V111/><F111/><W37/><G58/><T108/><D108/><U116/><E116/><V29/><F29/><W15/><G15/><T3/><D103/><U91/><E131/><N who="2" m="50187" /><F124/><W50/><G64/><T133/><D133/><N who="1" m="51307" /><E79/><V93/><F93/><W99/><G99/><T96/><D96/><U104/><E104/><V51/><F66/><W90/><G90/><T44/><D110/><U80/><E85/><V112/><F112/><W106/><G106/><T21/><D3/><U114/><E114/><V38/><F38/><AGARI ba="0,0" hai="2,7,11,38,42,47,72,73,80,84,91" m="51307" machi="38" ten="30,2000,0" yaku="20,1,52,1" doraHai="40" who="1" fromWho="2" sc="250,0,250,20,250,-20,250,0" /><INIT seed="1,0,0,3,3,100" ten="250,270,230,250" oya="1" hai0="102,86,73,130,38,41,106,70,19,59,39,11,8" hai1="42,127,26,20,29,77,40,45,64,1,115,91,36" hai2="101,14,88,97,125,121,98,21,50,111,68,95,89" hai3="44,129,84,122,0,2,37,69,126,43,46,62,55"/><U109/><E115/><V9/><F121/><W132/><G122/><T118/><D73/><U48/><E1/><V24/><F111/><W99/><G99/><T52/><D70/><U90/><E127/><V63/><F125/><W123/><G123/><T78/><D118/><U75/><E109/><V13/><F50/><N who="3" m="29143" /><G84/><T58/><D58/><U47/><REACH who="1" step="1"/><E64/><REACH who="1" ten="250,260,230,250" step="2"/><V61/><F68/><W81/><G0/><T128/><D128/><U57/><E57/><V65/><F65/><W60/><G2/><T134/><D59/><U67/><E67/><V110/><F110/><W7/><G69/><T34/><D130/><U85/><E85/><V80/><F63/><W105/><G129/><T112/><D86/><U119/><E119/><V74/><F61/><W96/><G126/><T22/><D112/><U6/><E6/><V28/><F74/><W93/><G7/><T82/><D134/><U23/><E23/><V17/><F80/><AGARI ba="0,1" hai="20,26,29,36,40,42,45,47,48,75,77,80,90,91" machi="80" ten="40,3900,0" yaku="1,1,53,1" doraHai="100" doraHaiUra="27" who="1" fromWho="2" sc="250,0,260,49,230,-39,250,0" /><INIT seed="1,1,0,5,3,123" ten="250,309,191,250" oya="1" hai0="28,93,109,38,125,134,72,8,22,90,94,35,81" hai1="42,107,11,130,65,77,76,44,63,67,43,9,21" hai2="126,75,116,61,95,68,59,105,66,111,70,30,102" hai3="25,135,101,36,131,52,10,40,117,73,33,53,26"/><U0/><E107/><V15/><F116/><W17/><G73/><T124/><D38/><U48/><E130/><V91/><F75/><W106/><G131/><T118/><D118/><U27/><E43/><V58/><F126/><N who="0" m="48746" /><D134/><U86/><E0/><V74/><F74/><W132/><G117/><T32/><D8/><U71/><E67/><V19/><F30/><W60/><G40/><T103/><D109/><U47/><E47/><V24/><F24/><W46/><G36/><T29/><D103/><U12/><E86/><V37/><F37/><W129/><G101/><T13/><D13/><U108/><E108/><V41/><F41/><W23/><G129/><T2/><D2/><U120/><E120/><V85/><F111/><W82/><G10/><T122/><D122/><U112/><E112/><V99/><REACH who="2" step="1"/><F70/><REACH who="2" ten="250,309,181,250" step="2"/><W3/><G26/><N who="0" m="16471" /><D29/><U6/><E9/><AGARI ba="1,1" hai="9,15,19,58,59,61,66,68,85,91,95,99,102,105" machi="9" ten="30,2000,0" yaku="1,1,7,1,53,0" doraHai="123" doraHaiUra="79" who="2" fromWho="1" sc="250,0,309,-23,181,33,250,0" /><INIT seed="2,0,0,1,3,54" ten="250,286,214,250" oya="2" hai0="1,133,123,38,77,83,68,96,67,100,29,51,16" hai1="5,90,25,69,34,89,28,10,108,20,125,78,47" hai2="86,112,94,109,122,12,74,82,120,126,76,43,42" hai3="62,30,113,107,91,13,79,63,119,111,0,44,3"/><V60/><F112/><W110/><G119/><T101/><D38/><U70/><E108/><N who="3" m="41514" /><G107/><T2/><D123/><U23/><E125/><V102/><F109/><W72/><G91/><T53/><D29/><U93/><E78/><V114/><F114/><W46/><G30/><T33/><D33/><U75/><E75/><V27/><F126/><W32/><G13/><T55/><D55/><U115/><E115/><V105/><F27/><W97/><G97/><T64/><D101/><U41/><E69/><V118/><F118/><W35/><G79/><T88/><D133/><U103/><E70/><V73/><F73/><W37/><G72/><T57/><D77/><U80/><E80/><V132/><F132/><W104/><G104/><T81/><D68/><U65/><E65/><N who="0" m="25161" /><D1/><N who="3" m="585" /><G37/><T99/><D2/><U15/><E103/><V84/><F122/><W129/><G129/><T134/><D134/><U26/><E90/><V121/><F121/><W116/><G116/><T127/><D127/><U31/><E34/><N who="3" m="12842" /><G113/><T59/><D100/><U92/><REACH who="1" step="1"/><E89/><REACH who="1" ten="250,276,214,250" step="2"/><N who="2" m="53559" /><F120/><W22/><G22/><T14/><D88/><U36/><AGARI ba="0,1" hai="5,10,15,20,23,25,26,28,31,36,41,47,92,93" machi="36" ten="20,12000,2" yaku="1,1,0,1,7,1,9,1,53,2" doraHai="54" doraHaiUra="17" who="1" fromWho="1" sc="250,-30,276,130,214,-60,250,-30" /><INIT seed="3,0,0,2,0,81" ten="220,406,154,220" oya="3" hai0="113,53,47,41,46,86,36,9,133,39,64,98,62" hai1="106,7,2,85,29,126,74,19,91,95,70,127,44" hai2="24,34,112,65,88,22,125,26,58,80,132,13,33" hai3="119,68,17,83,25,31,92,4,120,69,124,111,38"/><W84/><G120/><T93/><D133/><U20/><E70/><V8/><F112/><W1/><G119/><T5/><D113/><U96/><E74/><V129/><F132/><W101/><G38/><T40/><D53/><U109/><E29/><V118/><F118/><W30/><G124/><T6/><D9/><N who="1" m="2295" /><E44/><V79/><F129/><W78/><G111/><T134/><D134/><U108/><E96/><V90/><F34/><W42/><G42/><T107/><D107/><U131/><E106/><V128/><F33/><W114/><G114/><T56/><REACH who="0" step="1"/><D86/><REACH who="0" ten="210,406,154,220" step="2"/><U73/><E131/><V99/><F128/><W61/><G84/><T18/><D18/><U15/><E73/><V11/><F125/><AGARI ba="0,1" hai="15,19,20,85,91,95,108,109,125,126,127" m="2295" machi="125" ten="30,2000,0" yaku="18,1,52,1" doraHai="81" who="1" fromWho="2" sc="210,0,406,30,154,-20,220,0" /><INIT seed="4,0,0,3,5,125" ten="210,436,134,220" oya="0" hai0="20,124,129,46,122,6,72,89,62,14,18,24,102" hai1="68,59,118,60,94,119,4,65,3,39,117,28,13" hai2="90,41,82,40,0,120,93,49,33,130,87,116,10" hai3="128,131,115,100,15,71,110,44,86,127,11,47,51"/><T81/><D122/><U111/><E3/><V134/><F120/><W7/><G110/><T66/><D124/><U96/><E39/><V80/><F33/><W25/><G127/><T114/><D114/><U85/><E111/><V57/><F134/><W29/><G71/><T63/><D102/><U16/><E28/><V123/><F123/><W5/><G115/><T9/><D46/><U97/><E4/><V73/><F116/><W109/><G109/><T36/><D36/><U54/><E85/><V22/><F0/><W74/><G74/><T52/><D63/><U104/><E104/><V50/><F10/><W58/><G100/><T91/><D129/><N who="3" m="49737" /><G5/><T23/><D23/><U133/><E133/><V112/><F112/><W12/><G12/><T42/><D42/><U95/><E68/><V70/><F70/><W92/><G58/><T53/><D72/><U107/><E13/><V75/><F130/><W30/><G51/><T38/><D38/><U61/><E59/><V35/><F75/><W17/><G17/><T56/><D81/><N who="2" m="31338" /><F73/><W98/><G30/><T76/><REACH who="0" step="1"/><D76/><REACH who="0" ten="200,436,134,220" step="2"/><U103/><E119/><V132/><F132/><W83/><G83/><T31/><D31/><U48/><E118/><V126/><F126/><W8/><G8/><T79/><D79/><U55/><E117/><V34/><F50/><W69/><G69/><T121/><D121/><U27/><E48/><V32/><F57/><W67/><G47/><T26/><D26/><U77/><E27/><V101/><F101/><W108/><G44/><T43/><D43/><N who="2" m="16458" /><F49/><W84/><G108/><T45/><D45/><RYUUKYOKU ba="0,1" sc="200,15,436,-15,134,15,220,-15" hai0="6,9,14,18,20,24,52,53,56,62,66,89,91" hai2="22,32,34,35,87,90,93" /><INIT seed="4,1,1,5,2,54" ten="215,421,149,205" oya="0" hai0="117,82,86,55,14,110,97,80,92,72,33,88,102" hai1="1,29,94,79,62,45,124,64,125,128,39,49,90" hai2="38,120,5,6,22,60,47,67,52,105,135,91,15" hai3="59,8,115,27,71,56,81,12,93,127,119,4,131"/><T121/><D117/><U103/><E1/><V99/><F120/><W25/><G119/><T9/><D33/><U78/><E103/><V134/><F22/><W116/><G116/><T11/><D121/><U126/><E29/><V69/><F15/><W101/><G71/><T113/><D113/><U2/><E39/><V100/><F91/><W28/><G115/><T63/><D110/><U95/><E2/><V96/><F96/><N who="3" m="59535" /><G127/><T32/><D32/><U16/><E16/><V83/><F83/><W84/><G131/><T68/><D14/><U40/><E128/><V61/><F38/><W76/><G28/><T57/><REACH who="0" step="1"/><D68/><REACH who="0" ten="205,421,149,205" step="2"/><U41/><E125/><V104/><F135/><W46/><G27/><T112/><D112/><U111/><E111/><V70/><F134/><W122/><G25/><T26/><D26/><U42/><E126/><V118/><F118/><W30/><G122/><T17/><D17/><U89/><E124/><V20/><F70/><W106/><G30/><T0/><D0/><U37/><E37/><V98/><F5/><W123/><G123/><T87/><D87/><U50/><E40/><V48/><F6/><W130/><G130/><T18/><D18/><U21/><E41/><V114/><F114/><W13/><G13/><T85/><D85/><U74/><E42/><V19/><F20/><W51/><G106/><T3/><D3/><U34/><E34/><V132/><F19/><W77/><G77/><AGARI ba="1,2" hai="9,11,55,57,63,72,77,80,82,86,88,92,97,102" machi="77" ten="40,7700,0" yaku="1,1,52,1,54,1,53,0" doraHai="54" doraHaiUra="23" who="0" fromWho="3" sc="205,100,421,0,149,0,205,-80" /><INIT seed="4,2,0,3,2,6" ten="305,421,149,125" oya="0" hai0="11,90,53,81,129,29,37,119,0,15,44,38,122" hai1="54,130,17,115,95,8,114,41,94,7,93,28,123" hai2="52,1,9,58,31,86,2,74,19,98,57,128,106" hai3="67,99,134,59,75,125,39,76,132,89,135,102,24"/><T83/><D119/><U46/><E123/><V13/><F74/><W23/><G39/><T116/><D116/><U60/><E28/><V40/><F128/><W45/><G125/><T126/><D122/><U26/><E130/><V49/><F40/><W127/><G127/><T124/><D29/><U51/><E26/><V68/><F68/><W118/><G118/><T87/><D129/><U121/><E17/><V12/><F31/><W120/><G120/><T110/><D110/><U113/><E121/><V72/><F72/><W36/><G89/><T50/><D0/><N who="1" m="103" /><E60/><V14/><F14/><W79/><G75/><T62/><D62/><U96/><E54/><V73/><F73/><W3/><G3/><T55/><D55/><U91/><AGARI ba="2,0" hai="41,46,51,91,93,94,95,96,113,114,115" m="103" machi="91" ten="30,4000,0" yaku="15,1,11,1,52,1" doraHai="6" who="1" fromWho="1" sc="305,-22,421,46,149,-12,125,-12" /><INIT seed="5,0,0,5,0,110" ten="283,467,137,113" oya="1" hai0="11,62,18,5,129,119,65,57,17,89,91,47,113" hai1="128,32,50,83,34,120,36,73,0,99,61,56,42" hai2="16,111,48,114,25,86,40,29,71,134,124,106,95" hai3="43,116,46,102,26,28,126,118,52,88,80,4,100"/><U74/><E0/><V125/><F106/><W51/><G4/><T132/><D113/><U1/><E1/><V33/><F71/><W14/><G14/><T38/><D119/><N who="3" m="45609" /><G43/><T84/><D132/><U44/><E120/><V55/><F111/><W20/><G126/><N who="2" m="48745" /><F40/><W98/><G98/><T115/><D115/><U75/><E128/><V97/><F134/><W15/><G15/><N who="0" m="5615" /><D38/><U39/><E83/><V72/><F72/><W103/><G103/><T6/><D129/><U112/><E112/><V54/><F114/><W70/><G70/><T77/><D47/><U94/><E39/><V35/><F86/><AGARI ba="0,0" hai="20,26,28,46,51,52,80,86,88,100,102" m="45609" machi="86" ten="30,3900,0" yaku="12,1,54,2" doraHai="110" who="3" fromWho="2" sc="283,0,467,0,137,-39,113,39" /><INIT seed="6,0,0,4,4,99" ten="283,467,98,152" oya="2" hai0="17,68,106,50,53,12,71,102,43,28,51,10,1" hai1="118,35,42,54,65,103,114,83,88,113,4,85,29" hai2="32,40,87,94,2,128,38,8,70,129,60,72,56" hai3="130,96,75,125,122,21,127,37,5,121,48,49,108"/><V100/><F72/><W101/><G37/><T93/><D106/><U62/><E118/><V59/><F32/><W105/><G5/><T24/><D1/><U80/><E42/><V69/><F2/><W92/><G75/><T74/><D74/><U107/><E54/><V30/><F30/><W7/><G7/><T11/><D11/><U112/><E4/><V63/><F8/><W132/><G108/><T110/><D43/><U9/><E9/><V91/><F100/><W123/><G130/><N who="2" m="50281" /><F56/><W31/><G132/><T126/><D51/><U81/><E103/><V134/><F134/><W119/><G119/><T109/><D126/><N who="3" m="48137" /><G105/><T33/><D110/><U95/><E107/><V34/><F34/><W82/><G82/><T14/><D14/><U0/><E0/><V41/><F41/><W77/><G77/><T52/><D53/><U64/><E29/><V133/><F133/><W47/><G47/><T124/><D124/><U16/><E35/><V20/><F20/><W57/><G57/><T73/><D73/><U58/><E16/><V44/><F59/><W76/><G76/><T86/><D109/><U3/><E3/><V78/><F78/><W89/><G89/><T97/><D86/><N who="1" m="52631" /><E65/><V104/><F104/><W98/><G98/><T6/><D6/><U79/><AGARI ba="0,0" hai="58,62,64,79,80,81,83,85,112,113,114" m="52631" machi="79" ten="30,2000,0" yaku="15,1,54,1" doraHai="99" who="1" fromWho="1" sc="283,-5,467,20,98,-10,152,-5" /><INIT seed="7,0,0,0,0,105" ten="278,487,88,147" oya="3" hai0="58,44,47,101,12,95,107,134,92,40,69,52,90" hai1="75,117,48,93,98,88,74,5,77,59,76,11,116" hai2="89,37,81,60,78,63,9,127,19,39,28,18,55" hai3="66,30,29,125,82,22,24,26,119,46,104,83,27"/><W120/><G104/><T23/><D69/><U7/><E7/><V102/><F127/><W14/><G125/><T35/><D35/><U118/><E48/><V73/><F102/><W131/><G120/><T34/><D47/><U121/><E59/><V84/><F28/><W71/><G119/><T123/><D34/><U97/><E97/><V33/><F33/><W20/><G131/><T45/><D40/><U111/><E111/><V49/><F39/><W100/><G100/><T94/><D107/><U57/><E57/><V112/><F37/><W115/><G27/><T128/><D134/><U8/><E121/><V21/><F9/><N who="1" m="3657" /><E5/><V91/><F112/><W53/><G14/><T72/><D95/><U43/><E43/><V10/><F10/><W126/><G126/><T129/><D12/><U17/><E17/><V133/><F133/><W113/><G66/><T79/><D23/><U0/><E0/><V50/><F50/><W67/><G67/><T132/><D90/><U65/><E65/><V135/><F135/><W122/><G71/><T106/><D101/><U62/><E62/><V6/><F6/><W4/><G4/><T54/><D44/><U31/><E31/><V56/><F91/><W38/><G122/><T85/><D85/><U64/><E64/><V25/><REACH who="2" step="1"/><F19/><REACH who="2" ten="278,487,78,147" step="2"/><N who="3" m="12319" /><G38/><T32/><D132/><U96/><E117/><V15/><F15/><W110/><G29/><T103/><D32/><U16/><E118/><V61/><F61/><W41/><G115/><T42/><D103/><N who="1" m="60815" /><E116/><V124/><F124/><W87/><G30/><T86/><D123/><U3/><E3/><RYUUKYOKU ba="0,1" sc="278,-10,487,-10,78,30,147,-10" hai2="18,21,25,49,55,56,60,63,73,78,81,84,89" owari="268,7.0,487,58.0,108,-39.0,137,-26.0" /></mjloggm>