<mjloggm ver="2.3"><GO type="169" lobby="0"/><UN n0="%E3%82%A6%E3%83%AB%E3%83%88%E3%83%A9%E7%AB%8B%E7%9B%B4" n1="%E6%97%A5%E6%9B%9C%E6%97%A5%E3%82%88%E3%82%8A%E3%81%AE%E4%BD%BF%E8%80%85" n2="%E3%81%90%E3%81%BF%E3%82%83%E3%81%99" n3="%43%52%41%5A%59%42%45%45" dan="18,18,17,17" rate="2207.74,2224.45,2203.21,2166.62" sx="M,M,M,F"/><TAIKYOKU oya="0"/><INIT seed="0,0,0,0,3,63" ten="250,250,250,250" oya="0" hai0="38,132,5,31,120,97,123,32,7,59,67,66,45" hai1="70,133,9,47,119,125,126,54,35,105,23,69,8" hai2="96,12,46,103,122,28,121,61,129,10,127,92,77" hai3="100,6,49,37,18,52,110,56,57,104,21,134,65"/><T124/><D32/><U95/><E105/><V19/><F129/><W3/><G37/><T128/><D31/><U14/><E35/><V72/><F127/><N who="1" m="48649" /><E119/><V16/><F28/><W79/><G110/><T15/><D124/><U22/><E133/><V99/><F77/><W118/><G118/><T112/><D97/><U33/><E33/><V111/><F72/><W40/><G134/><T17/><D132/><U75/><E75/><V82/><F82/><W85/><G40/><T20/><D112/><U101/><E101/><V34/><F34/><W109/><G109/><T78/><D78/><U87/><E95/><V93/><F111/><W98/><G79/><T117/><D117/><U71/><E87/><V135/><F135/><W113/><G85/><T131/><D59/><U91/><E91/><V107/><F107/><W89/><G89/><T39/><D45/><U80/><E80/><V64/><F19/><W76/><G76/><T114/><D114/><U116/><E116/><V0/><F0/><W62/><G113/><T73/><D73/><U68/><N who="1" m="17920" /><DORA hai="4" /><U102/><E102/><V42/><F93/><W44/><G3/><T55/><D17/><N who="1" m="10551" /><E23/><V58/><REACH who="2" step="1"/><F99/><REACH who="2" ten="250,250,240,250" step="2"/><W115/><G115/><T1/><D1/><U81/><E81/><V24/><F24/><W29/><G98/><T13/><REACH who="0" step="1"/><D20/><REACH who="0" ten="240,250,240,250" step="2"/><U74/><E74/><V43/><F43/><N who="3" m="24735" /><G21/><T108/><D108/><U94/><E94/><V106/><F106/><W90/><G104/><T26/><D26/><U84/><E84/><V86/><F86/><W27/><G27/><T51/><D51/><AGARI ba="0,2" hai="8,9,47,51,54" m="10551,17920,48649" machi="51" ten="60,7700,0" yaku="18,1,52,2" doraHai="63,4" who="1" fromWho="0" sc="240,-77,250,97,240,0,250,0" /><AGARI ba="0,0" hai="10,12,16,42,46,51,58,61,64,92,96,103,121,122" machi="51" ten="30,12000,2" yaku="1,1,7,1,52,2,54,1,53,2" doraHai="63,4" doraHaiUra="88,60" who="2" fromWho="0" sc="163,-120,347,0,240,120,250,0" /><INIT seed="1,0,0,3,4,26" ten="43,347,360,250" oya="1" hai0="28,129,59,55,18,134,123,69,85,117,77,103,29" hai1="90,97,132,40,24,22,23,39,121,76,101,135,37" hai2="38,122,14,126,8,98,111,128,119,95,107,62,34" hai3="83,73,31,6,36,17,13,71,43,20,45,112,41"/><U1/><E1/><V72/><RYUUKYOKU type="yao9" ba="0,0" sc="43,0,347,0,360,0,250,0" hai2="8,14,34,38,62,72,95,98,107,111,119,122,126,128" /><INIT seed="1,1,0,0,0,21" ten="43,347,360,250" oya="1" hai0="4,33,62,6,117,37,66,87,25,114,45,10,79" hai1="56,64,120,132,102,105,55,34,109,91,36,72,99" hai2="1,89,81,126,97,82,40,71,57,100,42,22,124" hai3="12,52,130,128,15,77,5,90,38,98,92,14,63"/><U46/><E120/><V48/><F71/><W110/><G38/><T53/><D114/><U76/><E34/><V18/><F1/><W95/><G110/><T9/><D117/><U107/><E132/><V78/><F89/><W49/><G63/><T41/><D53/><U19/><E109/><V29/><F29/><W101/><G77/><T121/><D121/><U8/><E91/><V129/><F129/><W58/><REACH who="3" step="1"/><G5/><REACH who="3" ten="43,347,360,240" step="2"/><T119/><D119/><U67/><E76/><V17/><F78/><W133/><G133/><T51/><D37/><U7/><E7/><V75/><F124/><W0/><G0/><T96/><D4/><U47/><E36/><V16/><F126/><W127/><G127/><T39/><D39/><U115/><E115/><V2/><F2/><W28/><G28/><T113/><D113/><U70/><E70/><V80/><F17/><W74/><G74/><T84/><D6/><U94/><E72/><V123/><F18/><W60/><G60/><T85/><D79/><U116/><E116/><V134/><F75/><W103/><G103/><T118/><D118/><U108/><E108/><V61/><F134/><W50/><G50/><T68/><D68/><U111/><E111/><V59/><F48/><W44/><G44/><T32/><D62/><N who="1" m="36127" /><E47/><V83/><F61/><W88/><G88/><T69/><D69/><U13/><E46/><V35/><F123/><W27/><G27/><T30/><D66/><U31/><E31/><V131/><F100/><W20/><G20/><T3/><D33/><U23/><E23/><V106/><N who="2" m="20480" /><DORA hai="73" /><V86/><F35/><RYUUKYOKU ba="1,1" sc="43,-15,347,15,360,-15,240,15" hai1="8,13,19,64,67,94,99,102,105,107" hai3="12,14,15,49,52,58,90,92,95,98,101,128,130" /><INIT seed="1,2,1,1,0,86" ten="28,362,345,255" oya="1" hai0="0,19,41,17,8,120,70,45,16,101,103,24,84" hai1="53,85,112,95,2,28,44,48,43,88,73,121,65" hai2="97,54,39,40,11,111,83,59,25,126,1,56,9" hai3="98,30,89,91,66,99,81,69,36,79,124,75,23"/><U31/><E112/><V108/><F126/><W4/><G36/><T125/><D70/><U68/><E121/><V74/><F25/><W21/><G124/><T132/><D125/><U46/><E2/><V114/><F114/><W58/><G69/><T122/><D132/><U51/><REACH who="1" step="1"/><E73/><REACH who="1" ten="28,352,345,255" step="2"/><V42/><F74/><W102/><G75/><T38/><D24/><U12/><E12/><V67/><F1/><W110/><G110/><T72/><D72/><U87/><E87/><V60/><F111/><W135/><G135/><T77/><D0/><U3/><E3/><V35/><F108/><W71/><G99/><T47/><D8/><U116/><E116/><V55/><F97/><W50/><G98/><T100/><REACH who="0" step="1"/><D47/><REACH who="0" ten="18,352,345,255" step="2"/><U90/><E90/><V22/><F11/><W123/><G91/><T109/><D109/><U134/><E134/><V76/><F9/><W63/><G89/><T96/><D96/><U131/><E131/><V10/><F10/><W34/><G123/><T64/><D64/><U80/><E80/><AGARI ba="2,3" hai="16,17,19,38,41,45,77,80,84,100,101,103,120,122" machi="80" ten="50,8000,1" yaku="1,1,54,1,53,3" doraHai="86" doraHaiUra="15" who="0" fromWho="1" sc="18,116,352,-86,345,0,255,0" /><INIT seed="2,0,0,1,4,36" ten="134,266,345,255" oya="2" hai0="20,133,21,48,1,10,67,75,6,134,46,124,65" hai1="33,32,115,122,90,120,92,51,104,39,16,70,37" hai2="96,42,28,91,83,87,110,14,128,74,123,95,15" hai3="107,127,23,102,112,61,45,18,11,52,108,118,26"/><V73/><F123/><N who="1" m="47145" /><E115/><V13/><F128/><W88/><G118/><T82/><D124/><U38/><E104/><V76/><F110/><W27/><G108/><T50/><D75/><U17/><E51/><V105/><F28/><W130/><G130/><T89/><D82/><U58/><E58/><V66/><F66/><W55/><G127/><T79/><D79/><U111/><E70/><V59/><F59/><N who="3" m="35047" /><G107/><T24/><D89/><U35/><E111/><V126/><F126/><W131/><G131/><T109/><D50/><U49/><E49/><V54/><F54/><W44/><G102/><T106/><D106/><U85/><AGARI ba="0,0" hai="16,17,32,33,35,37,38,39,85,90,92" m="47145" machi="85" ten="50,3200,0" yaku="13,1,54,1" doraHai="36" who="1" fromWho="1" sc="134,-8,266,32,345,-16,255,-8" /><INIT seed="3,0,0,2,5,121" ten="126,298,329,247" oya="3" hai0="4,104,53,86,82,81,35,110,71,62,115,43,34" hai1="100,117,88,17,124,25,120,103,94,45,20,128,66" hai2="90,92,68,2,56,85,80,27,48,135,49,50,72" hai3="118,39,6,83,40,46,102,101,23,69,44,29,132"/><W1/><G118/><T18/><D43/><U7/><E124/><V76/><F68/><W28/><G69/><T73/><D4/><U65/><E128/><V58/><F2/><W67/><G67/><N who="1" m="25610" /><E120/><V125/><F125/><W98/><G132/><T130/><D104/><U134/><E134/><V59/><F135/><W52/><G101/><N who="1" m="38986" /><E117/><V84/><REACH who="2" step="1"/><F27/><REACH who="2" ten="126,298,319,247" step="2"/><W126/><G1/><T24/><D24/><U108/><E108/><V32/><F32/><W37/><G126/><T75/><D35/><U61/><E7/><V119/><F119/><W114/><G6/><T105/><D34/><U11/><E11/><V99/><AGARI ba="0,1" hai="48,49,50,56,58,59,72,76,80,84,85,90,92,99" machi="99" ten="30,2000,0" yaku="1,1,0,1,53,0" doraHai="121" doraHaiUra="57" who="2" fromWho="2" sc="126,-5,298,-5,319,30,247,-10" /><INIT seed="4,0,0,2,0,44" ten="121,293,349,237" oya="0" hai0="103,123,113,63,80,120,30,117,68,60,130,94,122" hai1="41,5,125,89,3,25,40,86,17,62,102,57,8" hai2="38,127,52,26,111,23,133,77,129,59,121,88,85" hai3="67,135,13,19,90,71,82,9,6,81,55,48,106"/><T15/><D117/><U70/><E70/><V104/><F38/><W119/><G119/><T43/><D113/><U96/><E125/><V46/><F111/><W69/><G106/><T112/><D112/><U134/><E134/><V16/><F127/><W128/><G135/><T0/><D0/><U83/><E25/><V110/><F110/><W53/><G128/><T18/><D130/><U114/><E17/><V56/><F121/><W12/><G67/><T49/><D30/><U124/><E124/><V75/><F104/><W72/><G53/><T64/><D63/><U109/><E109/><V74/><F129/><W91/><G69/><T22/><D80/><N who="3" m="30825" /><G71/><T132/><D132/><U47/><E47/><V10/><F77/><W116/><G72/><T11/><D11/><U95/><E114/><V24/><F133/><W61/><G61/><T21/><D21/><U76/><E76/><V79/><F79/><W45/><G116/><T126/><D126/><U84/><E84/><V32/><F10/><AGARI ba="0,0" hai="6,9,10,12,13,19,45,48,55,90,91" m="30825" machi="10" ten="30,2000,0" yaku="8,1,52,1" doraHai="44" who="3" fromWho="2" sc="121,0,293,0,349,-20,237,20" /><INIT seed="5,0,0,2,2,20" ten="121,293,329,257" oya="1" hai0="78,114,90,63,45,27,132,92,32,72,51,101,103" hai1="36,23,82,41,42,54,37,109,131,12,47,8,130" hai2="13,73,115,100,125,94,25,91,70,75,5,59,58" hai3="74,120,129,71,86,21,65,40,60,16,77,135,122"/><U121/><E121/><V7/><F70/><W102/><G74/><T28/><D114/><U49/><E82/><V1/><F1/><W39/><G135/><T105/><D132/><U62/><E23/><V126/><F100/><W83/><G129/><N who="1" m="49162" /><E12/><V10/><F7/><W113/><G113/><T85/><D105/><U79/><E8/><V22/><F75/><W50/><G39/><N who="1" m="14922" /><E79/><V106/><F115/><W24/><REACH who="3" step="1"/><G102/><REACH who="3" ten="121,293,329,247" step="2"/><T34/><D72/><U88/><E109/><V112/><F73/><W117/><G117/><T124/><D124/><U9/><E9/><V108/><F108/><W97/><G97/><T133/><D133/><U89/><E62/><V118/><F112/><W104/><G104/><T87/><D63/><U46/><E41/><V110/><F106/><W57/><G57/><T98/><D103/><U127/><E127/><N who="2" m="48651" /><F110/><W11/><G11/><T4/><D101/><U93/><E93/><V128/><F59/><W0/><G0/><T67/><D98/><U80/><E80/><V107/><F58/><W96/><G96/><T53/><D87/><U64/><E64/><V30/><F107/><W33/><G33/><T123/><D67/><U69/><E69/><V43/><F43/><W29/><G29/><T134/><D134/><U55/><E42/><V52/><F118/><W3/><G3/><T14/><D123/><U95/><E95/><V15/><F94/><W35/><G35/><T68/><D68/><U26/><E47/><AGARI ba="0,1" hai="16,21,24,40,47,50,60,65,71,77,83,86,120,122" machi="47" ten="40,8000,1" yaku="1,1,52,1,54,1,53,1" doraHai="20" doraHaiUra="56" who="3" fromWho="1" sc="121,0,293,-80,329,0,247,90" /><INIT seed="6,0,0,5,1,2" ten="121,213,329,337" oya="2" hai0="12,78,11,115,101,45,60,73,55,47,133,18,6" hai1="40,29,7,82,103,16,120,85,24,49,43,42,19" hai2="130,135,92,64,102,94,17,57,23,84,87,79,1" hai3="37,14,100,128,63,13,99,122,71,123,97,4,80"/><V65/><F1/><W20/><G37/><T95/><D115/><U107/><E120/><V51/><F130/><W96/><G100/><T76/><D133/><U83/><E103/><V113/><F113/><W44/><G128/><T21/><D73/><U34/><E107/><V119/><F135/><W77/><G44/><T132/><D132/><U35/><E35/><V52/><F119/><W46/><G46/><T105/><D105/><U88/><E49/><V36/><F36/><W109/><G109/><T5/><D47/><U62/><E7/><N who="0" m="2569" /><D11/><U68/><REACH who="1" step="1"/><E82/><REACH who="1" ten="121,203,329,337" step="2"/><V32/><F32/><W93/><G80/><T118/><D118/><U56/><E56/><V66/><F57/><W89/><G122/><T129/><D129/><U59/><E59/><V126/><F51/><W81/><G81/><T38/><D38/><U86/><E86/><V127/><F84/><W70/><G123/><T69/><D69/><U26/><E26/><V125/><F87/><W117/><G71/><T116/><D116/><U104/><E104/><V31/><F125/><W134/><G117/><T72/><D72/><U98/><E98/><V91/><F126/><W114/><G99/><N who="0" m="59647" /><D60/><U0/><E0/><V124/><F124/><W90/><G63/><T48/><AGARI ba="0,1" hai="12,18,21,45,48,55,76,78" m="59647,2569" machi="48" ten="30,7900,0" yaku="8,1,52,3" doraHai="2" who="0" fromWho="0" sc="121,89,203,-20,329,-39,337,-20" /><INIT seed="7,0,0,2,0,99" ten="210,183,290,317" oya="3" hai0="133,75,126,9,65,5,98,40,67,94,118,35,96" hai1="116,115,18,68,108,29,6,20,128,36,107,103,48" hai2="63,102,60,8,37,127,22,80,129,83,46,117,111" hai3="26,13,72,66,91,78,87,14,24,132,122,73,90"/><W95/><G122/><T12/><D118/><U56/><E108/><V92/><F111/><W97/><G78/><T43/><D75/><U114/><E68/><V49/><F37/><W62/><G132/><T11/><D35/><U85/><E36/><V25/><F129/><W53/><G53/><T50/><D126/><U19/><E128/><V39/><F39/><W123/><G123/><T93/><D133/><U112/><E116/><V31/><F127/><W59/><G72/><T125/><D125/><U52/><E6/><V58/><F8/><W33/><G73/><T100/><D11/><U27/><E85/><V34/><F34/><W4/><G33/><T44/><REACH who="0" step="1"/><D43/><REACH who="0" ten="200,183,290,317" step="2"/><U89/><REACH who="1" step="1"/><E89/><AGARI ba="0,1" hai="5,9,12,40,44,50,65,67,89,93,94,96,98,100" machi="89" ten="30,8000,1" yaku="1,1,2,1,7,1,8,1,52,1,53,0" doraHai="99" doraHaiUra="17" who="0" fromWho="1" sc="200,90,183,-80,290,0,317,0" owari="290,9.0,103,-40.0,290,-11.0,317,42.0" /></mjloggm>