<mjloggm ver="2.3"><GO type="169" lobby="0"/><UN n0="%E3%81%BE%E3%81%8A%E3%81%BD%E3%82%93" n1="%E3%83%88%E3%82%B7%E3%83%95%E3%83%BC%E3%83%8B" n2="%4B%61%74%5F%48" n3="%E3%82%A6%E3%83%AB%E3%83%88%E3%83%A9%E7%AB%8B%E7%9B%B4" dan="16,16,16,17" rate="2086.81,2079.10,2170.41,2147.50" sx="F,M,M,M"/><TAIKYOKU oya="0"/><INIT seed="0,0,0,3,4,13" ten="250,250,250,250" oya="0" hai0="98,17,88,66,16,56,58,12,38,89,135,104,111" hai1="123,18,55,113,119,79,128,68,51,110,71,19,108" hai2="3,99,21,59,67,132,133,109,83,116,53,46,134" hai3="14,129,84,62,93,27,101,52,30,32,106,78,41"/><T114/><D114/><U10/><E119/><V76/><F3/><W64/><G129/><T105/><D38/><U126/><E113/><V86/><F116/><W90/><G41/><T22/><D135/><U97/><E123/><V28/><F109/><N who="1" m="42089" /><E128/><V100/><F46/><W43/><G43/><T61/><D111/><U130/><E130/><V60/><F53/><W20/><G78/><T95/><D89/><U107/><E79/><V15/><F28/><W77/><G77/><T31/><D31/><U69/><E10/><V47/><F47/><W118/><G118/><T45/><D45/><N who="1" m="28143" /><E126/><V91/><F76/><W65/><G106/><T82/><D82/><U87/><E87/><V124/><F124/><W94/><G32/><T70/><D105/><U72/><E72/><V63/><F63/><W23/><G94/><T50/><D104/><U131/><E131/><V44/><F44/><W121/><G121/><T33/><D33/><U125/><E125/><V85/><F85/><W24/><G101/><AGARI ba="0,0" hai="18,19,68,69,71,97,101,107" m="28143,42089" machi="101" ten="40,5200,0" yaku="14,1,52,2" doraHai="13" who="1" fromWho="3" sc="250,0,250,52,250,0,250,-52" /><INIT seed="1,0,0,5,0,103" ten="250,302,250,198" oya="1" hai0="73,14,111,93,102,74,19,123,46,106,32,134,95" hai1="107,0,66,108,69,50,68,39,54,119,115,120,6" hai2="91,34,44,92,99,31,30,55,4,17,7,25,47" hai3="51,90,10,98,3,1,104,42,85,100,27,41,83"/><U113/><E120/><V126/><F126/><W75/><G27/><T52/><D111/><U88/><E119/><V37/><F31/><W118/><G118/><T114/><D32/><U59/><E39/><V84/><F37/><W53/><G75/><T76/><D134/><U116/><E116/><V71/><F71/><W86/><G42/><T82/><D73/><U23/><E108/><V127/><F127/><W128/><G41/><T65/><D65/><U124/><E124/><V133/><F133/><W15/><G86/><T67/><D67/><U12/><E0/><V112/><F112/><W26/><G26/><T70/><D70/><U36/><E36/><V72/><F72/><W78/><G78/><T29/><D29/><U63/><E69/><V60/><F17/><W109/><G128/><T101/><D114/><U117/><E117/><V40/><F40/><W58/><REACH who="3" step="1"/><G109/><REACH who="3" ten="250,302,250,188" step="2"/><T13/><D76/><U80/><E115/><V129/><F129/><W110/><G110/><T43/><D74/><U8/><E113/><V22/><F84/><W28/><G28/><T2/><D43/><U5/><E23/><V132/><F22/><W130/><G130/><T9/><D123/><U96/><E6/><AGARI ba="0,1" hai="1,3,6,10,15,51,53,58,83,85,90,98,100,104" machi="6" ten="30,7700,0" yaku="1,1,7,1,52,1,53,1" doraHai="103" doraHaiUra="94" who="3" fromWho="1" sc="250,0,302,-77,250,0,188,87" /><INIT seed="2,0,0,2,5,11" ten="250,225,250,275" oya="2" hai0="122,102,60,129,20,52,100,19,121,35,89,124,1" hai1="12,107,9,81,126,32,125,25,117,76,7,65,61" hai2="80,10,84,68,131,33,108,87,85,98,128,16,24" hai3="28,27,22,132,112,116,29,58,15,135,96,17,109"/><V97/><F68/><W4/><G96/><T113/><D113/><U26/><E107/><V110/><F80/><W6/><G58/><T53/><D1/><U70/><E117/><V2/><F33/><W59/><G59/><T5/><D5/><N who="3" m="2153" /><G116/><T101/><D35/><U73/><REACH who="1" step="1"/><E32/><REACH who="1" ten="250,215,250,275" step="2"/><V44/><F2/><W105/><G105/><T104/><D104/><U42/><E42/><V114/><F114/><W82/><G112/><T49/><D122/><U74/><E74/><V77/><F131/><W66/><G109/><T50/><D129/><U134/><E134/><N who="3" m="51242" /><G66/><T93/><D121/><U23/><E23/><V8/><F128/><W40/><G40/><T39/><D39/><U51/><E51/><V75/><F110/><W36/><G36/><T69/><D50/><U111/><E111/><V91/><F108/><W30/><G82/><T34/><D49/><U90/><E90/><V88/><F75/><W54/><G54/><T99/><D34/><AGARI ba="0,1" hai="15,17,22,27,28,29,30,34" m="51242,2153" machi="34" ten="30,7700,0" yaku="20,1,34,2,52,1" doraHai="11" who="3" fromWho="0" sc="250,-77,215,0,250,0,275,87" /><INIT seed="3,0,0,3,2,114" ten="173,215,250,362" oya="3" hai0="85,113,4,122,66,50,61,115,88,25,9,70,77" hai1="108,91,134,87,118,124,72,3,59,37,48,2,132" hai2="82,106,99,100,36,71,92,74,12,97,44,110,103" hai3="53,64,79,133,7,112,47,6,32,17,29,0,46"/><W111/><G112/><T23/><D122/><U126/><E72/><V80/><F71/><W89/><G79/><T102/><D102/><U101/><E101/><N who="2" m="62767" /><F12/><W65/><G89/><T57/><D77/><U107/><E107/><V135/><F44/><W28/><G32/><T73/><D73/><U131/><E37/><V24/><F24/><W39/><G39/><T121/><D121/><U30/><E30/><V14/><F14/><W96/><G96/><T123/><D123/><U60/><E48/><V117/><F36/><W5/><G5/><T63/><D50/><U81/><E108/><V119/><F110/><W22/><G22/><T13/><D63/><U43/><E43/><V104/><F135/><N who="1" m="51753" /><E118/><N who="2" m="45067" /><F74/><W69/><G133/><T1/><D1/><N who="1" m="11" /><E131/><V129/><F129/><W90/><G0/><T93/><REACH who="0" step="1"/><D70/><REACH who="0" ten="163,215,250,362" step="2"/><U62/><E62/><V68/><F68/><W120/><G69/><T27/><D27/><U20/><E20/><V11/><F103/><W51/><G120/><T16/><AGARI ba="0,1" hai="4,9,13,16,23,25,57,61,66,85,88,93,113,115" machi="16" ten="30,7900,0" yaku="1,1,0,1,54,2,53,0" doraHai="114" doraHaiUra="105" who="0" fromWho="0" sc="163,89,215,-20,250,-20,362,-39" /><INIT seed="4,0,0,0,0,123" ten="252,195,230,323" oya="0" hai0="109,3,66,50,1,68,69,27,78,127,128,49,57" hai1="12,112,16,126,71,116,124,115,35,34,62,102,75" hai2="88,90,37,135,18,14,98,52,93,9,32,99,76" hai3="114,36,120,47,125,28,43,113,40,4,84,79,103"/><T87/><D127/><N who="1" m="48683" /><E102/><V46/><F135/><W119/><G119/><T64/><D128/><U54/><E75/><V129/><F129/><W24/><G125/><T59/><D87/><U13/><E13/><V95/><F32/><W25/><G43/><T80/><D80/><U83/><E83/><V39/><F76/><W11/><G103/><T58/><D27/><U73/><E73/><V15/><F15/><W42/><G42/><T45/><D78/><U7/><E7/><V105/><F105/><W0/><G120/><T81/><D81/><U133/><E133/><V96/><F96/><W10/><G10/><T61/><D3/><U8/><E116/><V20/><F9/><W70/><G70/><T72/><D72/><U85/><E85/><V91/><F91/><W22/><G84/><T107/><D107/><U132/><E132/><V17/><F17/><W121/><G79/><T6/><D6/><U53/><E71/><V92/><F92/><W31/><G121/><T51/><D1/><U106/><E106/><V86/><F86/><W82/><G82/><T77/><D77/><U19/><E19/><V48/><AGARI ba="0,0" hai="14,18,20,37,39,46,48,52,88,90,93,95,98,99" machi="48" ten="30,7900,0" yaku="0,1,9,1,54,2" doraHai="123" who="2" fromWho="2" sc="252,-39,195,-20,230,79,323,-20" /><INIT seed="5,0,0,3,3,21" ten="213,175,309,303" oya="1" hai0="28,72,60,57,89,46,13,115,93,122,26,76,10" hai1="106,112,69,61,54,66,6,1,83,102,0,15,62" hai2="94,17,120,77,49,37,47,75,42,123,51,25,91" hai3="95,108,58,31,126,3,110,125,32,71,131,65,23"/><U134/><E134/><V111/><F111/><W27/><G71/><T67/><D115/><U35/><E112/><V30/><F17/><W119/><G3/><T113/><D113/><U105/><E83/><V14/><F14/><W88/><G119/><T2/><D2/><U22/><E35/><V97/><F75/><W96/><G131/><T55/><D122/><U70/><E54/><V130/><F77/><W121/><G121/><T133/><D133/><U50/><E50/><V81/><F81/><W107/><G107/><T104/><D104/><U124/><E124/><N who="3" m="47722" /><G32/><T56/><D76/><U73/><E73/><V128/><F120/><W127/><G127/><T101/><D101/><U48/><E48/><V44/><F123/><W7/><G7/><T117/><D72/><U87/><E87/><V36/><F130/><W45/><G45/><T34/><D46/><U98/><E105/><V85/><F85/><W11/><G11/><T12/><D12/><U38/><E38/><V52/><REACH who="2" step="1"/><F128/><REACH who="2" ten="213,175,299,303" step="2"/><W68/><G110/><T100/><D117/><U5/><E5/><V63/><F63/><N who="3" m="38135" /><G108/><T16/><D100/><U86/><E86/><V59/><F59/><W82/><G68/><T20/><D57/><U118/><E118/><V74/><F74/><W114/><G114/><T99/><REACH who="0" step="1"/><D67/><REACH who="0" ten="203,175,299,303" step="2"/><N who="1" m="41199" /><E6/><V103/><F103/><W43/><G88/><T8/><AGARI ba="0,2" hai="8,10,13,16,20,26,28,34,55,56,60,89,93,99" machi="8" ten="30,8000,1" yaku="1,1,0,1,52,1,54,1,53,1" doraHai="21" doraHaiUra="84" who="0" fromWho="0" sc="203,100,175,-40,299,-20,303,-20" /><INIT seed="6,0,0,1,5,9" ten="303,135,279,283" oya="2" hai0="102,25,90,57,37,92,29,76,0,109,7,99,87" hai1="115,61,5,107,38,30,95,3,52,106,34,45,33" hai2="50,10,119,46,62,116,68,121,32,94,71,66,23" hai3="21,98,123,108,74,19,28,72,70,88,14,31,129"/><V16/><F32/><W86/><G108/><T20/><D37/><U43/><E115/><V2/><F121/><W130/><G70/><T122/><D122/><U56/><E3/><V110/><F110/><W54/><G98/><T91/><D0/><U27/><E5/><V4/><F94/><N who="3" m="54551" /><G54/><T80/><D109/><U13/><E34/><V111/><F71/><W53/><G53/><T127/><D127/><U118/><E118/><V105/><F105/><W82/><G123/><T65/><D7/><U75/><E75/><N who="3" m="28714" /><G82/><T59/><D57/><U24/><E24/><V69/><F69/><W36/><G36/><T17/><D17/><U97/><REACH who="1" step="1"/><E13/><REACH who="1" ten="303,125,279,283" step="2"/><V41/><F111/><W67/><G14/><AGARI ba="0,1" hai="2,4,10,14,16,23,41,46,50,62,66,68,116,119" machi="14" ten="30,5800,0" yaku="7,1,52,1,54,1" doraHai="9" who="2" fromWho="3" sc="303,0,125,0,279,68,283,-58" /><INIT seed="6,1,0,4,1,52" ten="303,125,347,225" oya="2" hai0="135,14,38,6,90,41,120,101,48,2,30,96,65" hai1="122,75,94,59,76,36,82,86,134,16,111,63,17" hai2="3,34,112,9,131,27,92,37,132,72,35,95,125" hai3="25,21,77,4,130,113,88,127,19,108,129,53,109"/><V55/><F72/><W54/><G77/><T32/><D135/><U5/><E111/><V47/><F132/><W81/><G4/><T119/><D120/><U44/><E134/><V70/><F70/><W60/><G127/><T26/><D90/><U78/><E122/><V89/><F125/><W74/><G54/><T104/><D14/><U57/><E5/><V50/><F112/><W12/><G12/><T10/><D48/><U29/><E29/><V22/><F131/><N who="3" m="50187" /><G113/><T102/><D102/><U61/><E44/><V28/><F37/><W46/><G46/><N who="0" m="23863" /><D65/><N who="1" m="39087" /><E36/><V23/><F35/><W51/><G60/><T110/><D110/><U128/><E128/><V106/><F106/><W8/><G8/><T13/><D13/><U31/><E31/><V49/><F9/><W11/><G11/><T66/><D66/><N who="1" m="39295" /><E75/><V99/><F3/><W123/><G123/><T100/><D100/><U33/><E33/><V121/><F121/><W43/><G74/><T68/><D119/><U45/><E45/><V103/><F50/><W58/><G43/><T1/><D1/><U40/><E40/><V126/><F126/><W24/><G24/><T93/><D93/><U84/><E94/><V91/><F103/><W97/><G97/><AGARI ba="1,0" hai="22,23,27,28,34,47,49,55,89,91,92,95,97,99" machi="97" ten="30,2900,0" yaku="7,1,9,1" doraHai="52" who="2" fromWho="3" sc="303,0,125,0,347,32,225,-32" /><INIT seed="6,2,0,0,3,34" ten="303,125,379,193" oya="2" hai0="26,74,108,4,90,85,22,80,129,57,9,123,95" hai1="55,107,100,37,130,40,1,113,16,61,3,5,50" hai2="77,41,66,63,134,76,60,116,88,65,94,51,106" hai3="119,49,68,97,73,62,122,23,52,25,48,112,131"/><V91/><F106/><W17/><G122/><T115/><D123/><U29/><E5/><V67/><F116/><W64/><G119/><T103/><D115/><U72/><E72/><V39/><F39/><W7/><G73/><T33/><D33/><U126/><E29/><V101/><F134/><W104/><G112/><T47/><D129/><U20/><E113/><V86/><F101/><W105/><G131/><T30/><D108/><U92/><E107/><V56/><F91/><W89/><G49/><T44/><D74/><U11/><E130/><V27/><F27/><W12/><G89/><T78/><D78/><N who="2" m="30314" /><F41/><W124/><G97/><N who="0" m="59839" /><D57/><U2/><E11/><V10/><F10/><W18/><G7/><T31/><D31/><U35/><E35/><V38/><F38/><W128/><G128/><T24/><D24/><U132/><E132/><V87/><F87/><W15/><G25/><T32/><D32/><U99/><E37/><V117/><F117/><W114/><G114/><T54/><D54/><AGARI ba="2,0" hai="51,54,56,60,63,65,66,67,86,88,94" m="30314" machi="54" ten="30,2900,0" yaku="8,1,54,1" doraHai="34" who="2" fromWho="0" sc="303,-35,125,0,379,35,193,0" /><INIT seed="6,3,0,3,4,6" ten="268,125,414,193" oya="2" hai0="26,76,32,88,10,2,126,116,119,103,34,133,75" hai1="78,96,18,0,55,80,22,61,102,27,86,28,123" hai2="58,131,52,125,56,77,104,54,73,19,41,69,70" hai3="11,40,37,110,111,107,115,84,53,13,109,36,59"/><V108/><F104/><W82/><G107/><T132/><D103/><U68/><E123/><V81/><F125/><W94/><G94/><T72/><D126/><U5/><E68/><V79/><F131/><W12/><G12/><T83/><D88/><U7/><E0/><V50/><F108/><W30/><G30/><N who="0" m="19543" /><D72/><U114/><E114/><V20/><F41/><W121/><G121/><T33/><D33/><U46/><E28/><V49/><F79/><W71/><G71/><T66/><D34/><U105/><E61/><V23/><F23/><W63/><G40/><T90/><D90/><U39/><E39/><V31/><F31/><W127/><G127/><T89/><D89/><U97/><E97/><V17/><F17/><W8/><G115/><T47/><D47/><U35/><E35/><V14/><AGARI ba="3,0" hai="14,19,20,49,50,52,54,56,58,69,70,73,77,81" machi="14" ten="20,7800,0" yaku="0,1,7,1,9,1,54,1" doraHai="6" who="2" fromWho="2" sc="268,-29,125,-29,414,87,193,-29" /><INIT seed="6,4,0,0,0,1" ten="239,96,501,164" oya="2" hai0="103,122,111,23,5,76,42,30,52,74,121,112,22" hai1="106,8,134,100,68,99,66,29,90,16,116,18,6" hai2="75,34,82,70,12,47,129,60,25,65,132,101,35" hai3="127,63,28,126,94,59,39,85,96,79,43,64,51"/><V37/><F129/><W73/><G73/><T131/><D131/><U93/><E116/><V38/><F132/><W114/><G39/><T49/><D111/><U117/><E117/><V61/><F101/><W9/><G28/><T33/><D103/><U125/><E134/><V53/><F25/><W11/><G114/><T72/><D112/><U77/><E125/><N who="3" m="47626" /><G85/><T105/><D105/><U109/><E109/><V48/><F12/><W54/><G79/><T110/><D110/><U120/><E29/><V10/><F10/><W32/><G43/><T15/><D42/><U57/><E68/><V14/><F14/><W71/><G32/><T124/><D124/><U31/><E31/><V46/><F61/><W62/><G62/><T86/><D86/><U78/><E120/><V20/><F38/><W36/><G36/><T17/><D33/><U56/><E78/><V95/><F37/><W58/><G58/><T83/><D72/><U2/><E77/><V128/><F60/><W92/><G92/><T91/><D30/><U102/><E102/><AGARI ba="4,0" hai="9,11,51,54,59,63,64,71,94,96,102" m="47626" machi="102" ten="30,1000,0" yaku="18,1" doraHai="1" who="3" fromWho="1" sc="239,0,96,-22,501,0,164,22" /><INIT seed="7,0,0,1,3,20" ten="239,74,501,186" oya="3" hai0="135,55,127,122,7,117,126,98,57,9,19,11,33" hai1="130,30,112,128,107,80,70,102,133,131,22,97,121" hai2="101,49,38,124,87,85,29,47,91,23,79,60,104" hai3="68,42,83,118,72,15,5,88,95,120,132,71,99"/><W4/><G120/><T114/><D117/><U3/><E121/><V81/><F124/><N who="0" m="47658" /><D122/><U125/><E125/><V40/><F104/><W17/><G118/><T103/><D135/><U56/><E133/><V48/><F101/><W115/><G115/><T26/><D114/><U44/><E112/><V66/><F23/><W106/><G106/><N who="0" m="63863" /><D7/><U25/><E70/><V64/><F29/><W50/><G132/><T39/><D39/><U52/><E3/><V46/><F60/><W35/><G35/><T94/><D94/><U24/><E80/><N who="2" m="49575" /><F38/><W36/><G36/><T105/><D105/><U14/><E44/><V51/><F51/><W92/><G83/><T75/><D75/><U12/><REACH who="1" step="1"/><E25/><REACH who="1" ten="239,64,501,186" step="2"/><V74/><F74/><W123/><G72/><T67/><D26/><U129/><N who="1" m="33280" /><DORA hai="0" /><U113/><E113/><V2/><F2/><W65/><G71/><T108/><D57/><U61/><AGARI ba="0,1" hai="12,14,22,24,30,52,56,61,97,102,107" m="33280" machi="61" ten="60,8000,1" yaku="1,1,0,1,19,1,52,1,54,1,53,0" doraHai="20,0" doraHaiUra="73,109" who="1" fromWho="1" sc="239,-20,64,90,501,-20,186,-40" owari="219,2.0,154,-25.0,481,58.0,146,-35.0" /></mjloggm>