<mjloggm ver="2.3"><GO type="169" lobby="0"/><UN n0="%6C%6F%67%69%63%61%6C%73" n1="%E9%B7%BA%E6%A3%AE%E7%81%BC%2E" n2="%E3%81%86%E3%81%A0%E3%81%A3%E3%81%B7" n3="%E3%82%A6%E3%83%AB%E3%83%88%E3%83%A9%E7%AB%8B%E7%9B%B4" dan="16,16,18,17" rate="2096.38,2144.57,2170.59,2136.03" sx="M,F,M,M"/><TAIKYOKU oya="0"/><INIT seed="0,0,0,2,1,54" ten="250,250,250,250" oya="0" hai0="126,4,49,71,118,14,24,28,34,77,44,81,114" hai1="9,48,29,75,104,89,105,84,102,59,6,63,45" hai2="135,25,61,86,124,30,40,42,55,36,107,80,20" hai3="64,31,18,65,23,66,60,115,38,117,12,123,22"/><T95/><D114/><U3/><E75/><V132/><F107/><W99/><G117/><T41/><D118/><U13/><E29/><V53/><F124/><W67/><G115/><T7/><D71/><U56/><E3/><V39/><F42/><W100/><G38/><N who="2" m="14377" /><F61/><W47/><G47/><T51/><D126/><U120/><E120/><V69/><F40/><W70/><G123/><T97/><D49/><U121/><E121/><V46/><F46/><W50/><G50/><T127/><D14/><U134/><E134/><N who="2" m="51243" /><F69/><W2/><G2/><T78/><D127/><U58/><E63/><V85/><F85/><W19/><G31/><T16/><D16/><U88/><E102/><V10/><F10/><W37/><G37/><T110/><D110/><U21/><E21/><V1/><F1/><W33/><G33/><T83/><D77/><AGARI ba="0,0" hai="20,25,30,53,55,77,80,86" m="51243,14377" machi="77" ten="30,1000,0" yaku="20,1" doraHai="54" who="2" fromWho="0" sc="250,-10,250,0,250,10,250,0" /><INIT seed="1,0,0,2,4,129" ten="240,250,260,250" oya="1" hai0="12,47,37,122,48,19,59,101,69,111,36,0,72" hai1="100,29,17,31,51,102,90,42,117,84,63,3,87" hai2="103,21,133,81,92,76,82,34,96,45,57,38,6" hai3="61,16,66,67,25,50,40,108,78,11,23,121,99"/><U15/><E3/><V116/><F34/><W126/><G121/><T28/><D69/><U56/><E117/><V26/><F116/><W131/><G108/><T74/><D0/><U104/><E42/><V79/><F6/><W10/><G131/><T73/><D111/><U123/><E123/><V109/><F109/><W9/><G126/><T7/><D7/><U105/><E105/><V14/><F14/><W97/><G78/><T65/><D28/><N who="1" m="10827" /><E104/><V44/><F57/><W27/><G27/><T68/><D68/><U83/><E51/><V120/><F120/><W119/><G119/><T112/><D112/><U35/><E87/><V53/><F38/><W107/><G107/><T18/><D122/><U8/><E35/><V135/><F53/><AGARI ba="0,0" hai="8,15,17,53,56,63,83,84,90,100,102" m="10827" machi="53" ten="30,1500,0" yaku="8,1" doraHai="129" who="1" fromWho="2" sc="240,0,250,15,260,-15,250,0" /><INIT seed="1,1,0,0,0,72" ten="240,265,245,250" oya="1" hai0="25,97,77,60,95,127,17,105,66,41,90,85,79" hai1="117,124,53,70,38,65,18,64,69,107,9,56,126" hai2="50,44,13,91,68,82,21,12,118,99,4,20,51" hai3="102,62,100,133,26,94,43,7,130,109,46,23,1"/><U103/><E107/><V28/><F118/><W36/><G109/><T108/><D108/><U116/><E103/><V112/><F112/><W57/><G130/><T3/><D3/><U101/><E101/><V87/><F68/><N who="1" m="26217" /><E9/><V2/><F2/><W61/><G133/><T11/><D105/><U93/><E38/><V92/><F51/><W6/><G1/><T24/><D41/><U0/><E18/><V125/><F125/><N who="1" m="48233" /><E93/><V115/><F115/><W123/><G123/><T98/><D127/><U52/><E0/><V59/><F59/><W49/><G36/><T111/><D111/><U132/><E132/><V81/><F4/><W16/><G100/><T84/><D11/><U134/><E134/><V83/><F99/><N who="0" m="37898" /><D85/><U32/><E32/><V80/><N who="2" m="20480" /><DORA hai="73" /><V22/><REACH who="2" step="1"/><F28/><REACH who="2" ten="240,265,235,250" step="2"/><W96/><REACH who="3" step="1"/><G62/><REACH who="3" ten="240,265,235,240" step="2"/><T89/><D60/><N who="1" m="35847" /><E53/><AGARI ba="1,2" hai="12,13,20,21,22,44,50,53,87,91,92" m="20480" machi="53" ten="50,12000,2" yaku="1,1,8,1,53,4" doraHai="72,73" doraHaiUra="54,78" who="2" fromWho="1" sc="240,0,265,-123,235,143,240,0" /><AGARI ba="1,0" hai="6,7,16,23,26,43,46,49,53,57,61,94,96,102" machi="53" ten="30,8000,1" yaku="1,1,7,1,8,1,54,1,53,1" doraHai="72,73" doraHaiUra="54,78" who="3" fromWho="1" sc="240,0,142,-80,378,0,240,80" /><INIT seed="2,0,0,3,0,15" ten="240,62,378,320" oya="2" hai0="51,63,98,135,96,27,52,44,87,33,121,4,43" hai1="99,85,81,112,56,128,35,48,90,38,118,49,89" hai2="41,120,34,11,50,97,134,93,58,1,105,47,26" hai3="53,109,10,54,113,59,37,19,13,129,36,3,95"/><V79/><F120/><W130/><G3/><T126/><D121/><U60/><E38/><V110/><F105/><W86/><G109/><T119/><D126/><U25/><E112/><V57/><F110/><W107/><G107/><T125/><D125/><U5/><E118/><V2/><F134/><W17/><G113/><T69/><D135/><U9/><E128/><N who="3" m="49258" /><G86/><T131/><D131/><U24/><E99/><V75/><F79/><W7/><G95/><T117/><D4/><U77/><E49/><V100/><F75/><W115/><G115/><T103/><D87/><U0/><E48/><V71/><F71/><W101/><G101/><T6/><D6/><U132/><E132/><V92/><F92/><W104/><G104/><T55/><D96/><U18/><E35/><V116/><F116/><N who="0" m="44618" /><D27/><U78/><E78/><V31/><F11/><W21/><G54/><T8/><D8/><U133/><E133/><V20/><F34/><W62/><G7/><T22/><D22/><U108/><E108/><V30/><REACH who="2" step="1"/><F31/><REACH who="2" ten="240,62,368,320" step="2"/><W16/><G19/><T61/><D33/><U39/><E18/><V70/><F70/><W111/><G111/><T32/><D32/><U73/><E39/><V23/><F23/><W12/><AGARI ba="0,1" hai="10,12,13,16,17,21,36,37,53,59,62" m="49258" machi="12" ten="30,7900,0" yaku="19,1,52,2,54,1" doraHai="15" who="3" fromWho="3" sc="240,-20,62,-20,368,-39,320,89" /><INIT seed="3,0,0,0,4,32" ten="220,42,329,409" oya="3" hai0="1,69,107,54,45,70,132,59,126,113,18,46,130" hai1="16,68,88,58,55,14,0,43,57,36,11,37,28" hai2="62,90,20,64,111,13,124,15,23,122,87,12,44" hai3="27,129,72,134,131,65,100,123,9,71,56,26,112"/><W82/><G71/><N who="0" m="27147" /><D107/><U92/><E68/><V5/><F111/><W66/><G123/><T21/><D21/><U79/><E28/><V93/><F122/><W135/><G112/><T31/><D31/><U6/><E79/><V127/><F5/><W29/><G100/><T10/><D10/><U114/><E114/><V119/><F119/><W96/><G96/><T115/><D18/><U33/><E33/><V51/><F62/><W34/><G27/><T118/><D1/><U2/><E57/><V117/><F64/><N who="3" m="24683" /><G56/><T63/><D118/><U48/><E43/><N who="2" m="24991" /><F117/><W104/><G104/><T76/><D115/><U75/><E75/><V99/><F99/><W85/><G9/><T108/><D113/><U73/><E73/><V101/><F101/><W106/><G106/><T95/><D108/><U89/><E89/><V22/><F127/><W42/><G42/><T24/><D76/><U8/><REACH who="1" step="1"/><E2/><REACH who="1" ten="220,32,329,409" step="2"/><V83/><F124/><W53/><G72/><T25/><D126/><U74/><E74/><V39/><F39/><W120/><G120/><T49/><D59/><U102/><E102/><V30/><F30/><W41/><G41/><T67/><D45/><U103/><E103/><V110/><F110/><W4/><G53/><T116/><D54/><U40/><E40/><V128/><F128/><W98/><G131/><T80/><D46/><U78/><E78/><V52/><F52/><W17/><G129/><T61/><D130/><U77/><E77/><V94/><AGARI ba="0,1" hai="12,13,15,20,22,23,83,87,90,93,94" m="24991" machi="94" ten="40,1500,0" yaku="8,1" doraHai="32" who="2" fromWho="2" sc="220,-4,32,-4,329,25,409,-7" /><INIT seed="4,0,0,4,2,41" ten="216,28,354,402" oya="0" hai0="7,50,32,102,37,34,130,75,131,59,38,20,126" hai1="68,18,132,65,94,39,119,27,135,134,133,71,10" hai2="122,55,73,64,127,21,118,16,129,0,33,40,74" hai3="113,5,85,11,8,1,36,43,26,30,51,29,22"/><T15/><D75/><U44/><N who="1" m="33792" /><DORA hai="106" /><U67/><E119/><V4/><F122/><W80/><G113/><T107/><D126/><U28/><E94/><V121/><F121/><W53/><G36/><T111/><D111/><U123/><E123/><V86/><F33/><N who="0" m="12906" /><D102/><U12/><E28/><V98/><F40/><W114/><G43/><T78/><D78/><U52/><E27/><V14/><F64/><N who="1" m="24649" /><E39/><V101/><F127/><W35/><G114/><T48/><D107/><U83/><E83/><V42/><F118/><W124/><G124/><T115/><D115/><U49/><AGARI ba="0,0" hai="10,12,18,44,49,52,68,71" m="24649,33792" machi="49" ten="60,7900,0" yaku="20,1,52,1,54,1" doraHai="41,106" who="1" fromWho="1" sc="216,-39,28,79,354,-20,402,-20" /><INIT seed="5,0,0,2,2,106" ten="177,107,334,382" oya="1" hai0="38,61,123,66,91,119,100,7,12,51,9,87,15" hai1="46,5,107,42,1,75,118,74,133,29,58,52,10" hai2="48,33,96,130,134,56,0,97,76,25,101,78,127" hai3="85,62,14,35,104,103,117,37,27,84,120,114,108"/><U113/><E118/><V77/><F134/><W88/><G14/><T92/><D38/><U89/><E107/><V17/><F0/><W24/><G24/><T23/><D119/><U99/><E133/><V81/><F130/><W2/><G85/><T8/><D23/><U90/><E29/><V110/><F110/><W98/><G2/><T70/><D123/><U43/><E43/><V40/><F127/><W112/><G37/><T49/><REACH who="0" step="1"/><D100/><REACH who="0" ten="167,107,334,382" step="2"/><U47/><E113/><V124/><F101/><W125/><G117/><T22/><D22/><U82/><E99/><V45/><F97/><W3/><G98/><T28/><D28/><U19/><E19/><AGARI ba="0,1" hai="7,8,9,12,15,19,49,51,61,66,70,87,91,92" machi="19" ten="30,3900,0" yaku="1,1,7,1,53,1" doraHai="106" doraHaiUra="13" who="0" fromWho="1" sc="167,49,107,-39,334,0,382,0" /><INIT seed="6,0,0,4,4,29" ten="216,68,334,382" oya="2" hai0="3,90,96,11,108,126,26,73,115,131,60,120,21" hai1="0,34,36,12,78,85,4,124,47,67,92,50,95" hai2="59,25,51,76,91,49,89,134,40,74,20,129,18" hai3="58,13,2,62,68,130,66,15,109,45,30,54,102"/><V77/><F134/><W107/><G2/><T5/><D73/><U33/><E0/><V9/><F129/><W17/><G109/><T86/><D108/><U72/><E72/><V57/><F74/><W8/><G30/><T65/><D120/><U61/><E36/><V84/><F9/><W10/><G130/><T39/><D39/><U43/><E124/><V41/><F84/><W44/><G102/><T63/><D115/><U132/><E132/><V69/><F69/><W104/><G107/><T56/><D96/><U128/><E128/><V23/><F25/><W6/><G104/><T88/><D126/><U82/><E95/><V37/><F37/><W19/><G6/><T110/><D110/><U98/><E12/><V31/><F31/><W121/><G121/><T103/><D103/><U122/><E4/><V83/><F83/><W106/><G106/><T100/><D100/><U112/><E112/><V114/><F18/><W16/><G19/><T113/><D113/><AGARI ba="0,0" hai="20,23,40,41,49,51,57,59,76,77,89,91,113,114" machi="113" ten="25,2400,0" yaku="22,2" doraHai="29" who="2" fromWho="0" sc="216,-24,68,0,334,24,382,0" /><INIT seed="6,1,0,2,2,19" ten="192,68,358,382" oya="2" hai0="110,62,9,38,99,101,102,76,129,23,29,83,122" hai1="106,117,45,27,14,34,72,33,32,3,36,56,103" hai2="8,86,11,31,68,4,64,98,61,20,112,1,130" hai3="69,39,44,46,42,28,90,25,55,133,100,131,114"/><V10/><F112/><W63/><G114/><T120/><D38/><U93/><E106/><V35/><F130/><W81/><G131/><T2/><D110/><U95/><E3/><V77/><F35/><W125/><G125/><T84/><D129/><U127/><E72/><V82/><REACH who="2" step="1"/><F98/><REACH who="2" ten="192,68,348,382" step="2"/><W24/><G133/><T12/><D99/><U107/><E34/><V66/><F66/><W7/><G100/><T108/><D101/><U92/><E32/><V97/><F97/><W26/><G7/><T128/><D102/><U91/><E33/><V6/><F6/><W41/><G28/><T119/><D29/><U16/><E103/><V30/><F30/><W21/><G69/><T50/><D128/><U60/><E127/><V37/><F37/><W40/><G39/><T5/><D5/><U43/><E36/><V96/><F96/><W85/><G21/><T0/><D23/><U78/><E107/><V74/><F74/><W49/><G63/><T118/><D62/><U80/><E60/><V109/><F109/><W89/><G46/><T79/><D108/><U121/><E45/><V59/><F59/><W116/><REACH who="3" step="1"/><G116/><REACH who="3" ten="192,68,348,372" step="2"/><T94/><D118/><U88/><E117/><V58/><F58/><W73/><G73/><T57/><D119/><U75/><E56/><V18/><F18/><W17/><G17/><T47/><D57/><U115/><E16/><V15/><F15/><W52/><G52/><T22/><D12/><U71/><E115/><V126/><F126/><W124/><G124/><T134/><D134/><U65/><E71/><V48/><F48/><W123/><G123/><RYUUKYOKU ba="1,2" sc="192,-15,68,-15,348,15,372,15" hai2="1,4,8,10,11,20,31,61,64,68,77,82,86" hai3="24,25,26,40,41,42,44,49,55,81,85,89,90" /><INIT seed="6,2,2,1,5,128" ten="177,53,363,387" oya="2" hai0="37,42,74,107,40,15,70,71,44,60,14,67,5" hai1="59,52,82,94,86,103,53,119,20,17,97,55,68" hai2="125,120,90,28,35,117,124,92,18,13,108,76,66" hai3="130,25,135,91,21,27,1,7,93,83,113,109,101"/><V116/><F120/><W98/><G109/><T26/><D74/><U10/><E119/><V50/><F108/><W62/><G1/><T47/><D107/><U9/><E68/><V43/><F76/><W73/><G73/><T88/><D70/><U56/><E56/><V2/><F2/><W72/><G72/><T49/><D5/><U51/><E9/><N who="2" m="6447" /><F66/><W126/><G130/><T133/><D133/><U111/><E111/><V33/><F50/><W8/><G135/><T81/><D26/><U78/><REACH who="1" step="1"/><E10/><REACH who="1" ten="177,43,363,387" step="2"/><V121/><F117/><W41/><G8/><T4/><D4/><U79/><E79/><V23/><F116/><W6/><G7/><T122/><D122/><U31/><E31/><V129/><F121/><W57/><G6/><T24/><D71/><U77/><E77/><V114/><F129/><W12/><G57/><T69/><D69/><U63/><E63/><V110/><F110/><W64/><G62/><T87/><D60/><U99/><E99/><V89/><F28/><W3/><G98/><T16/><D67/><U29/><E29/><V84/><F125/><W38/><G64/><T104/><D104/><U115/><E115/><V95/><F114/><W65/><G65/><T75/><D75/><U100/><E100/><V36/><F124/><W61/><G126/><T54/><D44/><U11/><E11/><V85/><F23/><W127/><G61/><T32/><D47/><U80/><E80/><V22/><F22/><W0/><G127/><T19/><D81/><U123/><E123/><V48/><F36/><W112/><G38/><T118/><D37/><RYUUKYOKU ba="2,3" sc="177,-15,43,15,363,15,387,-15" hai1="17,20,51,52,53,55,59,78,82,86,94,97,103" hai2="33,35,43,48,84,85,89,90,92,95" /><INIT seed="6,3,3,4,2,36" ten="162,58,378,372" oya="2" hai0="21,70,3,132,105,34,61,46,118,78,59,89,67" hai1="115,41,45,37,74,84,10,130,57,128,104,17,11" hai2="124,53,48,43,76,77,82,108,9,39,79,113,60" hai3="71,88,103,54,106,134,49,62,95,110,12,80,73"/><V83/><F39/><W24/><G110/><T101/><D34/><U42/><E74/><V8/><F108/><W0/><G0/><T56/><D3/><U14/><E104/><V1/><F113/><W7/><G71/><T38/><D132/><U109/><E109/><V99/><F124/><W72/><G134/><T92/><D78/><U120/><E115/><V23/><F99/><N who="3" m="59903" /><G106/><T32/><D32/><U122/><E84/><V98/><F98/><W25/><G62/><T27/><D101/><U87/><E87/><V44/><F23/><W40/><G40/><N who="1" m="15466" /><E57/><N who="2" m="34863" /><F1/><W102/><G102/><T100/><D59/><U35/><E35/><V116/><F116/><W119/><G73/><T66/><D56/><U94/><E94/><V123/><F123/><N who="1" m="47145" /><E45/><V58/><F58/><N who="3" m="33103" /><G72/><T4/><D92/><U117/><E117/><V28/><F28/><W2/><G119/><T97/><D46/><U114/><E114/><V111/><F111/><W112/><G112/><T50/><D118/><U64/><E37/><V125/><F125/><W13/><G2/><T31/><D38/><U30/><E30/><V93/><F93/><W126/><G126/><T19/><D31/><U127/><E127/><V20/><F20/><W133/><G133/><T75/><D105/><U33/><E33/><V55/><F43/><W68/><G68/><T29/><D70/><U81/><E81/><AGARI ba="3,3" hai="8,9,44,48,55,76,77,79,81,82,83" m="34863" machi="81" ten="30,1500,0" yaku="8,1" doraHai="36" who="2" fromWho="1" sc="162,0,58,-24,378,54,372,0" /><INIT seed="6,4,0,4,4,64" ten="162,34,432,372" oya="2" hai0="128,40,94,90,74,47,95,110,132,91,107,108,99" hai1="10,41,134,65,53,17,121,60,20,25,36,55,131" hai2="117,83,87,50,5,120,123,89,61,127,113,135,106" hai3="16,102,77,51,98,86,15,96,49,76,66,73,39"/><V63/><F117/><W31/><G39/><T23/><D23/><U130/><E134/><V38/><F38/><W9/><G73/><T0/><D0/><U59/><E121/><V7/><F135/><W125/><G125/><T133/><D47/><U114/><E114/><V33/><F113/><W116/><G116/><T34/><D40/><U6/><E41/><V37/><F37/><W26/><G66/><T30/><D30/><U12/><REACH who="1" step="1"/><E36/><REACH who="1" ten="162,24,432,372" step="2"/><V35/><F123/><W80/><G77/><T82/><D132/><U54/><AGARI ba="4,1" hai="6,10,12,17,20,25,53,54,55,59,60,65,130,131" machi="54" ten="30,4000,0" yaku="1,1,2,1,0,1,53,0" doraHai="64" doraHaiUra="101" who="1" fromWho="1" sc="162,-14,24,62,432,-24,372,-14" /><INIT seed="7,0,0,3,5,4" ten="148,86,408,358" oya="3" hai0="134,17,35,11,2,125,84,32,106,33,119,30,99" hai1="62,47,81,64,58,53,98,103,87,42,131,20,25" hai2="26,77,112,102,41,1,116,79,46,19,12,60,80" hai3="128,9,114,65,36,74,51,57,37,85,15,56,108"/><W71/><G74/><T22/><D84/><U78/><E131/><V40/><F1/><W3/><G3/><T0/><D99/><U52/><E47/><V23/><F116/><W8/><G71/><T111/><D106/><U122/><E42/><N who="2" m="16491" /><F112/><W83/><G37/><T129/><D111/><U6/><E6/><V39/><F39/><W44/><G36/><T61/><D61/><U55/><E122/><V133/><F133/><W66/><G128/><T38/><D38/><U13/><E13/><V21/><F46/><W54/><G114/><T109/><D109/><U73/><E73/><V59/><F102/><W120/><G120/><T10/><D129/><U34/><E34/><V121/><F80/><W14/><G108/><T89/><D89/><U43/><E43/><V96/><F96/><W50/><G50/><T82/><D82/><U76/><E76/><V130/><F121/><W16/><G57/><T92/><D119/><U27/><REACH who="1" step="1"/><E20/><REACH who="1" ten="148,76,408,358" step="2"/><V69/><F130/><W105/><G44/><T113/><D33/><U127/><E127/><V118/><F118/><W93/><G105/><T68/><D125/><U124/><E124/><V75/><F75/><W135/><G135/><T132/><D113/><U123/><E123/><V72/><F72/><W28/><G28/><T18/><D30/><U104/><AGARI ba="0,1" hai="25,27,52,53,55,58,62,64,78,81,87,98,103,104" machi="104" ten="30,4000,0" yaku="1,1,0,1,54,1,53,0" doraHai="4" doraHaiUra="45" who="1" fromWho="1" sc="148,-10,76,50,408,-10,358,-20" owari="138,-26.0,126,-37.0,398,49.0,338,14.0" /></mjloggm>