<mjloggm ver="2.3"><GO type="169" lobby="0"/><UN n0="%E3%82%A6%E3%83%AB%E3%83%88%E3%83%A9%E7%AB%8B%E7%9B%B4" n1="%65%69%6B%31" n2="%E3%81%9B%E3%82%93%E3%81%A8%E3%81%BD%E3%83%BC%E3%82%8B" n3="%E3%82%88%E3%81%97%E3%81%8E" dan="18,18,16,16" rate="2254.24,2188.20,2105.28,2099.68" sx="M,M,F,M"/><TAIKYOKU oya="0"/><INIT seed="0,0,0,3,5,110" ten="250,250,250,250" oya="0" hai0="42,132,48,133,90,74,101,51,10,13,72,24,77" hai1="129,59,9,122,105,62,103,17,104,50,106,29,117" hai2="12,80,35,94,56,66,45,55,123,38,14,22,31" hai3="120,92,115,18,95,102,8,114,6,75,87,131,5"/><T4/><D101/><U93/><E117/><V34/><F123/><W88/><G75/><T130/><D130/><U91/><E122/><V15/><F66/><W64/><G120/><T71/><D71/><U116/><E116/><V49/><F80/><W25/><G131/><T67/><D67/><U85/><E129/><V135/><F135/><N who="0" m="51786" /><D77/><U3/><E29/><V21/><F38/><W46/><G64/><T97/><D24/><U73/><E73/><N who="0" m="28265" /><D42/><U89/><E103/><V44/><F34/><W39/><G25/><T134/><D134/><U79/><E79/><V58/><F35/><W65/><G65/><T83/><D83/><U107/><E107/><V68/><F68/><W76/><G76/><T7/><D7/><U47/><E105/><V33/><F33/><W100/><G5/><T124/><D124/><U128/><E106/><V98/><F56/><W81/><G102/><T82/><D82/><U86/><E59/><V119/><F119/><W69/><G69/><T121/><D121/><U11/><E104/><V27/><F21/><W63/><G6/><T78/><D78/><U23/><E23/><V99/><F94/><AGARI ba="0,0" hai="4,10,13,48,51,90,94,97" m="28265,51786" machi="94" ten="30,1500,0" yaku="20,1" doraHai="110" who="0" fromWho="2" sc="250,15,250,0,250,-15,250,0" /><INIT seed="0,1,0,5,4,104" ten="265,250,235,250" oya="0" hai0="103,78,82,107,27,81,110,120,80,62,117,54,88" hai1="94,29,50,63,85,49,93,74,14,17,56,124,131" hai2="16,30,134,64,89,71,116,132,83,106,129,111,37" hai3="0,40,26,100,6,68,101,7,91,70,75,57,47"/><T44/><D117/><U112/><E131/><V52/><F106/><W21/><G91/><T39/><D120/><U95/><E124/><V72/><F37/><W5/><G0/><T97/><D110/><U45/><E112/><V22/><F30/><W2/><G2/><T4/><D4/><U32/><E74/><V118/><F129/><W113/><G113/><T1/><D1/><U135/><E135/><N who="2" m="51755" /><F111/><W130/><G130/><T87/><D27/><U48/><E32/><V84/><F72/><W126/><G75/><T121/><D121/><U10/><E29/><V115/><F115/><W60/><G126/><T15/><D15/><U51/><E51/><V19/><F52/><N who="3" m="33831" /><G70/><T13/><D13/><U90/><REACH who="1" step="1"/><E45/><REACH who="1" ten="265,240,235,250" step="2"/><V20/><F118/><W58/><G47/><T61/><D61/><U86/><E86/><V9/><F116/><W77/><G40/><T125/><D125/><U123/><E123/><V3/><F84/><W119/><G119/><T42/><D62/><U133/><E133/><V92/><F3/><W105/><G105/><T24/><D42/><U34/><E34/><V11/><F71/><W12/><G68/><T28/><D44/><U69/><E69/><V8/><F19/><N who="3" m="12607" /><G58/><T122/><D122/><U23/><E23/><V65/><F22/><W41/><G41/><T99/><D28/><U109/><E109/><V18/><F20/><W73/><G73/><T25/><D25/><U67/><AGARI ba="1,1" hai="10,14,17,48,49,50,56,63,67,85,90,93,94,95" machi="67" ten="30,4000,0" yaku="1,1,0,1,8,1,53,0" doraHai="104" doraHaiUra="127" who="1" fromWho="1" sc="265,-21,240,53,235,-11,250,-11" /><INIT seed="1,0,0,4,5,132" ten="244,293,224,239" oya="1" hai0="133,67,85,4,106,119,134,1,81,76,121,75,46" hai1="33,53,74,37,107,116,0,96,93,79,110,83,126" hai2="55,105,8,64,60,54,66,101,63,68,88,87,135" hai3="61,43,108,13,71,80,109,57,112,26,50,7,84"/><U34/><E116/><V20/><F135/><N who="0" m="51722" /><D119/><U49/><E37/><V15/><F101/><W102/><G112/><T115/><D115/><U129/><E0/><V47/><F105/><W32/><G102/><T120/><D106/><U51/><E107/><V36/><F20/><W113/><G113/><T40/><D67/><U117/><E117/><V72/><F72/><W78/><G32/><T97/><D97/><U27/><E129/><V30/><F30/><W58/><G26/><T28/><D28/><U6/><E6/><V48/><F36/><W38/><G38/><N who="0" m="21783" /><D85/><U18/><E110/><N who="3" m="42602" /><G71/><T62/><D62/><U24/><E24/><V17/><F55/><W118/><G61/><T73/><D73/><U128/><E53/><V56/><F68/><W41/><G118/><T89/><D89/><U3/><E27/><V29/><F29/><W22/><G43/><T11/><AGARI ba="0,0" hai="1,4,11,75,76,81,120,121" m="21783,51722" machi="11" ten="30,4000,0" yaku="25,1,20,1,23,1" doraHai="132" who="0" fromWho="0" sc="244,40,293,-20,224,-10,239,-10" /><INIT seed="2,0,0,1,4,54" ten="284,273,214,229" oya="2" hai0="93,108,46,81,9,31,129,2,82,37,52,130,74" hai1="105,66,18,75,15,56,43,32,127,42,131,41,91" hai2="77,119,55,53,103,3,10,114,14,99,90,65,110" hai3="67,16,124,87,36,49,22,104,83,63,35,76,30"/><V34/><F114/><W135/><G36/><T94/><D31/><U111/><E32/><V95/><F119/><W59/><G104/><T112/><D112/><U84/><E75/><V126/><F126/><W72/><G135/><T47/><D108/><U115/><E115/><V11/><F110/><W121/><G121/><T78/><D82/><U88/><E111/><V4/><F34/><W73/><G124/><T96/><D47/><U70/><E127/><V24/><F24/><W6/><G6/><N who="0" m="1239" /><D52/><U71/><E105/><V62/><F77/><W92/><G49/><T50/><D50/><U133/><E133/><V85/><F10/><W113/><G113/><T101/><D94/><U120/><E91/><V8/><F8/><W107/><G107/><T19/><D19/><U0/><E0/><V27/><F27/><W7/><G7/><T25/><D25/><U33/><E88/><V79/><F79/><W60/><G92/><T69/><D69/><U118/><E70/><V57/><F3/><W40/><G40/><AGARI ba="0,0" hai="37,40,46,74,78,81,93,96,101,129,130" m="1239" machi="40" ten="30,1000,0" yaku="25,1" doraHai="54" who="0" fromWho="3" sc="284,10,273,0,214,0,229,-10" /><INIT seed="3,0,0,0,3,37" ten="294,273,214,219" oya="3" hai0="122,13,10,38,94,123,57,34,77,101,89,44,69" hai1="54,61,132,114,3,128,96,131,50,23,80,62,52" hai2="130,31,59,98,25,15,30,112,107,86,42,1,29" hai3="4,85,119,74,116,92,113,78,104,126,5,90,22"/><W124/><G22/><T12/><D34/><U87/><E114/><V64/><F112/><W7/><G113/><T51/><D101/><U17/><E3/><V82/><F1/><W91/><G104/><T6/><D69/><U14/><E96/><V99/><F130/><N who="1" m="49705" /><E132/><V71/><F71/><W97/><G78/><T11/><D57/><N who="1" m="32919" /><E54/><V36/><F107/><W109/><G74/><T81/><D38/><U45/><E45/><V55/><F64/><W60/><G60/><T134/><D134/><U56/><E56/><V27/><F99/><W115/><G115/><T118/><D118/><U32/><E32/><V35/><F98/><W43/><G109/><T18/><D89/><AGARI ba="0,0" hai="14,17,23,61,62,80,87,89" m="32919,49705" machi="89" ten="30,2000,0" yaku="19,1,54,1" doraHai="37" who="1" fromWho="0" sc="294,-20,273,20,214,0,219,0" /><INIT seed="4,0,0,4,0,20" ten="274,293,214,219" oya="0" hai0="40,91,7,60,122,35,90,105,12,120,58,89,115" hai1="99,17,11,29,80,74,19,57,8,93,1,81,33" hai2="82,41,83,129,28,72,135,56,47,3,96,100,73" hai3="78,52,54,46,124,94,65,110,132,32,79,49,2"/><T15/><D105/><U75/><E57/><V42/><F3/><W31/><G2/><T101/><D101/><U85/><E29/><V43/><F129/><W63/><G110/><T51/><D35/><U121/><E33/><V68/><F68/><W116/><G116/><T125/><D115/><U88/><E121/><V117/><F117/><W103/><G132/><T18/><D125/><U76/><E75/><V66/><F135/><W87/><G54/><T6/><D122/><U9/><REACH who="1" step="1"/><E1/><REACH who="1" ten="274,283,214,219" step="2"/><V102/><F73/><W22/><G32/><T123/><D123/><U26/><E26/><V37/><F72/><W104/><G124/><T61/><D120/><U69/><E69/><V21/><F56/><W4/><G31/><T108/><D108/><U16/><E16/><V50/><F66/><W130/><G65/><T25/><D25/><U92/><E92/><V59/><F59/><W114/><G94/><T98/><D58/><U84/><E84/><V131/><F131/><W36/><G87/><T107/><D18/><U53/><E53/><V118/><F118/><W71/><G52/><T34/><D34/><U24/><E24/><N who="2" m="16399" /><F37/><W119/><G36/><T44/><D60/><U45/><E45/><V128/><F128/><W39/><G63/><T23/><D61/><U10/><N who="1" m="2048" /><DORA hai="111" /><U112/><E112/><V27/><F27/><W13/><G114/><T5/><D23/><U113/><E113/><V86/><F47/><W0/><G130/><T70/><D70/><U64/><E64/><V55/><F86/><W95/><G46/><T127/><D127/><U97/><E97/><RYUUKYOKU ba="0,1" sc="274,15,283,15,214,-15,219,-15" hai0="5,6,7,12,15,40,44,51,89,90,91,98,107" hai1="17,19,74,76,80,81,85,88,93,99" /><INIT seed="4,1,1,3,2,55" ten="289,298,199,204" oya="0" hai0="111,117,41,123,100,70,44,60,94,63,58,129,4" hai1="69,74,19,88,131,56,104,102,16,98,72,95,22" hai2="32,11,64,89,105,126,99,80,23,125,25,18,77" hai3="92,66,116,68,54,130,110,78,33,120,50,3,93"/><T8/><D117/><U0/><E69/><V37/><F37/><W85/><G116/><T59/><D123/><U51/><E0/><V53/><F64/><W128/><G110/><T112/><D129/><U65/><E131/><V36/><F36/><W27/><G3/><T30/><D112/><U15/><E19/><V90/><F32/><W40/><G120/><T119/><D119/><U79/><E79/><V113/><F113/><W96/><G40/><T121/><D121/><U26/><E26/><V132/><F132/><W67/><G67/><T14/><D30/><U46/><E65/><V6/><F53/><W135/><G135/><T45/><D70/><U115/><E56/><N who="0" m="21545" /><D111/><U39/><E39/><V21/><F21/><W62/><G130/><T61/><D41/><U75/><E115/><V108/><F99/><AGARI ba="1,1" hai="4,8,14,44,45,60,61,63,94,99,100" m="21545" machi="99" ten="30,11600,0" yaku="8,1,52,3" doraHai="55" who="0" fromWho="2" sc="289,129,298,0,199,-119,204,0" /><INIT seed="4,2,0,2,1,10" ten="418,298,80,204" oya="0" hai0="50,25,9,112,110,69,107,104,54,28,40,2,76" hai1="27,6,106,37,123,103,62,133,115,86,46,79,73" hai2="8,26,30,15,31,116,83,38,105,82,84,20,57" hai3="41,109,117,5,95,102,113,60,111,122,33,11,3"/><T74/><D112/><U34/><E123/><V118/><F105/><W94/><G117/><T77/><D69/><U45/><E86/><V90/><F38/><W59/><G33/><T23/><D40/><U32/><E46/><V44/><F44/><W129/><G113/><T36/><D36/><U131/><E115/><V12/><F30/><W56/><G41/><T14/><D2/><U75/><E131/><V81/><F57/><W120/><G129/><T68/><D68/><U19/><E19/><V29/><F29/><W35/><G35/><T101/><D110/><U39/><E133/><V17/><REACH who="2" step="1"/><F15/><REACH who="2" ten="418,298,70,204" step="2"/><W67/><G59/><T65/><D107/><U78/><E106/><V48/><F48/><W125/><G111/><T127/><D14/><U24/><E45/><V51/><F51/><W135/><G109/><T124/><D28/><U96/><E39/><V98/><F98/><W132/><G132/><T119/><D50/><U72/><E96/><V85/><F85/><W114/><G135/><T4/><D104/><U64/><E37/><V13/><F13/><W130/><G114/><T100/><D119/><AGARI ba="2,1" hai="8,12,17,20,26,31,81,82,83,84,90,116,118,119" machi="119" ten="40,5200,0" yaku="1,1,12,1,52,1,53,0" doraHai="10" doraHaiUra="52" who="2" fromWho="0" sc="418,-58,298,0,70,68,204,0" /><INIT seed="5,0,0,1,0,117" ten="360,298,138,204" oya="1" hai0="112,0,84,8,94,15,13,97,46,79,33,35,64" hai1="30,44,107,43,31,96,9,102,24,48,114,49,87" hai2="75,38,69,126,17,55,62,133,111,6,50,66,37" hai3="90,19,45,100,132,108,124,68,72,5,74,53,104"/><U56/><E114/><V92/><F6/><W86/><G5/><T28/><D112/><U77/><E9/><V52/><F75/><W47/><G68/><T129/><D0/><U27/><E77/><V20/><F111/><W14/><G108/><T116/><D15/><U60/><E87/><V26/><F126/><W42/><G132/><T41/><D64/><U118/><E118/><V88/><F133/><W78/><G124/><T127/><D28/><U23/><E60/><V131/><F131/><W16/><G19/><T113/><D129/><U81/><E81/><V85/><REACH who="2" step="1"/><F55/><REACH who="2" ten="360,298,128,204" step="2"/><W98/><G53/><T11/><D127/><U7/><E7/><V130/><F130/><W89/><G72/><T110/><D110/><U99/><E43/><V51/><F51/><W95/><G42/><T2/><D113/><U101/><E49/><V57/><AGARI ba="0,1" hai="17,20,26,37,38,50,52,57,62,66,69,85,88,92" machi="57" ten="20,8000,1" yaku="1,1,0,1,7,1,54,2,53,0" doraHai="117" doraHaiUra="120" who="2" fromWho="2" sc="360,-20,298,-40,128,90,204,-20" /><INIT seed="6,0,0,1,4,73" ten="340,258,218,184" oya="2" hai0="102,25,97,15,32,20,79,36,127,40,27,106,45" hai1="29,120,114,6,70,93,71,99,14,94,33,0,77" hai2="5,91,56,16,1,80,30,50,123,72,85,43,98" hai3="41,2,63,28,49,83,55,74,26,104,37,87,19"/><V22/><F123/><W95/><G104/><T8/><D127/><U134/><E0/><V3/><F30/><W124/><G2/><T61/><D32/><U21/><E33/><V115/><F115/><W67/><G74/><T23/><D79/><U44/><E114/><V129/><F129/><W24/><G124/><T118/><D118/><U81/><E134/><V75/><F98/><W88/><G19/><T101/><D101/><U105/><E120/><V69/><F69/><W9/><G9/><T78/><D78/><U113/><E113/><V11/><F1/><W103/><G41/><T82/><D82/><U119/><E119/><V58/><F58/><W34/><G37/><T107/><D107/><U135/><E135/><V42/><F42/><W125/><G125/><T60/><D23/><U100/><E44/><V130/><F130/><W59/><G24/><T10/><D27/><U126/><E126/><V18/><F18/><W132/><G132/><T112/><D112/><U51/><E6/><V39/><F39/><W92/><REACH who="3" step="1"/><G103/><REACH who="3" ten="340,258,218,174" step="2"/><T12/><D10/><U57/><E105/><V17/><F17/><W89/><G89/><T7/><D15/><U128/><E14/><V64/><F43/><W109/><G109/><T116/><D116/><U122/><E100/><V76/><F91/><W131/><G131/><T31/><AGARI ba="0,1" hai="7,8,12,20,25,31,36,40,45,60,61,97,102,106" machi="31" ten="20,1500,0" yaku="0,1,7,1" doraHai="73" who="0" fromWho="0" sc="340,25,258,-4,218,-7,174,-4" /><INIT seed="7,0,0,5,2,28" ten="365,254,211,170" oya="3" hai0="116,1,84,110,29,23,74,2,71,6,72,76,41" hai1="133,46,82,15,52,107,5,91,8,11,92,70,10" hai2="101,4,122,42,69,30,97,98,114,124,87,25,56" hai3="59,95,63,115,90,104,73,32,50,62,24,34,57"/><W36/><G104/><T43/><D71/><U47/><E107/><V44/><F69/><W51/><G36/><T118/><D84/><U117/><E70/><V103/><F122/><W37/><G37/><T79/><D23/><U66/><E66/><V65/><F114/><W18/><G73/><T17/><D17/><U38/><E133/><V40/><F124/><W49/><G115/><T96/><D29/><U64/><E64/><V33/><F4/><W26/><G18/><T102/><D96/><N who="1" m="57375" /><E117/><V134/><F134/><W113/><G95/><T48/><D48/><N who="1" m="28695" /><E38/><V112/><F112/><W75/><G90/><T89/><D89/><U127/><E127/><V45/><F87/><W55/><G75/><T132/><D132/><U86/><E47/><V16/><F56/><N who="3" m="21579" /><G55/><T128/><D74/><U58/><E58/><V21/><F65/><W39/><G39/><T88/><D72/><U80/><E82/><V35/><F30/><W119/><G119/><T77/><D79/><AGARI ba="0,0" hai="5,8,10,11,15,79,80,86" m="28695,57375" machi="79" ten="30,2000,0" yaku="8,1,54,1" doraHai="28" who="1" fromWho="0" sc="365,-20,254,20,211,0,170,0" owari="345,45.0,274,7.0,211,-19.0,170,-33.0" /></mjloggm>