<mjloggm ver="2.3"><GO type="169" lobby="0"/><UN n0="%E3%82%AF%E3%83%AD%E3%82%B9%E3%83%AD%E3%83%BC%E3%83%AB" n1="%E3%83%9F%E3%83%88%E3%83%95%E3%82%AF%E3%83%AD%E3%82%A6" n2="%E3%82%A6%E3%83%AB%E3%83%88%E3%83%A9%E7%AB%8B%E7%9B%B4" n3="%E3%83%A6%E3%82%A6%EF%BC%90%EF%BC%91%EF%BC%92%EF%BC%99" dan="16,16,18,16" rate="2094.81,2119.33,2251.61,2089.84" sx="M,F,M,M"/><TAIKYOKU oya="0"/><INIT seed="0,0,0,3,1,79" ten="250,250,250,250" oya="0" hai0="21,114,32,18,20,129,68,9,94,98,7,16,78" hai1="105,128,70,50,1,104,100,26,2,41,59,19,102" hai2="8,51,84,44,111,73,126,134,117,58,69,93,49" hai3="36,132,123,135,64,38,52,103,131,72,11,80,3"/><T0/><D68/><U5/><E70/><V22/><F73/><W71/><G103/><T120/><D120/><U14/><E128/><V55/><F69/><W116/><G116/><T43/><D114/><U81/><E26/><V46/><F111/><W96/><G96/><T30/><D129/><U90/><E5/><V25/><F126/><W23/><G131/><T35/><D43/><U33/><E33/><V48/><F134/><N who="3" m="51243" /><G23/><T60/><D60/><U92/><E102/><V89/><F8/><W29/><G29/><T28/><D78/><U97/><E105/><V109/><F109/><W133/><G52/><T91/><D91/><U107/><E107/><V62/><REACH who="2" step="1"/><F117/><REACH who="2" ten="250,250,240,250" step="2"/><W112/><G133/><T99/><D9/><U34/><E1/><V27/><F27/><W57/><G11/><T31/><D0/><U115/><E2/><V63/><F63/><W61/><G3/><T125/><D125/><U113/><E115/><V12/><F12/><W101/><G112/><T74/><D74/><U54/><E14/><V47/><F47/><W121/><G121/><T65/><D7/><U24/><E24/><V87/><F87/><W13/><G13/><T45/><D45/><U6/><E113/><V15/><F15/><W53/><G123/><T95/><REACH who="0" step="1"/><D31/><AGARI ba="0,1" hai="22,25,31,44,46,48,49,51,55,58,62,84,89,93" machi="31" ten="40,5200,0" yaku="1,1,8,1,53,1" doraHai="79" doraHaiUra="88" who="2" fromWho="0" sc="250,-52,250,0,240,62,250,0" /><INIT seed="1,0,0,2,2,100" ten="198,250,302,250" oya="1" hai0="34,76,39,74,114,5,123,1,71,11,81,93,91" hai1="106,69,62,52,82,75,90,40,108,41,67,3,17" hai2="54,97,96,125,60,13,104,89,29,110,7,78,12" hai3="79,9,27,57,98,51,35,8,83,32,20,133,23"/><U22/><E108/><V48/><F110/><W63/><G133/><T122/><D114/><U56/><E3/><V25/><F125/><W64/><G35/><T84/><D71/><U86/><E75/><V68/><F78/><W42/><G32/><T61/><D61/><U101/><E101/><V113/><F113/><W15/><G98/><T77/><D34/><U103/><E103/><V59/><F7/><W102/><G102/><T80/><REACH who="0" step="1"/><D39/><REACH who="0" ten="188,250,302,250" step="2"/><U111/><E111/><V47/><F68/><W31/><G15/><T120/><D120/><U119/><E119/><V36/><F36/><W24/><G51/><T73/><AGARI ba="0,1" hai="1,5,11,73,74,76,77,80,81,84,91,93,122,123" machi="73" ten="30,4000,0" yaku="1,1,0,1,9,1,53,0" doraHai="100" doraHaiUra="65" who="0" fromWho="0" sc="188,50,250,-20,302,-10,250,-10" /><INIT seed="2,0,0,3,4,38" ten="238,230,292,240" oya="2" hai0="81,41,117,107,53,60,100,130,70,95,106,21,43" hai1="97,61,68,113,125,128,108,40,89,77,63,26,10" hai2="102,116,93,119,114,28,1,110,132,124,18,12,67" hai3="20,46,29,98,31,56,112,33,3,37,15,111,51"/><V90/><F114/><W103/><G3/><T79/><D130/><U7/><E113/><V75/><F75/><W126/><G112/><T17/><D117/><U9/><E108/><V86/><F1/><W27/><G111/><T58/><D70/><U22/><E125/><V14/><F110/><W127/><G37/><T71/><D71/><U62/><E77/><V109/><F109/><W88/><G56/><T47/><D47/><U36/><E128/><V84/><F132/><W105/><G88/><T80/><D80/><U52/><E68/><V39/><F39/><W72/><G72/><T2/><D2/><U96/><E36/><V49/><F124/><N who="3" m="47659" /><G15/><N who="0" m="9407" /><D106/><U85/><E40/><N who="0" m="15433" /><D107/><U30/><E7/><V65/><F119/><W42/><G33/><T59/><D59/><U121/><E121/><V131/><F116/><W34/><G34/><T64/><D81/><U45/><E10/><V11/><F11/><W66/><G66/><T24/><D79/><U55/><E9/><V87/><F131/><W0/><G0/><T19/><D64/><U74/><E74/><V99/><F65/><W135/><G135/><T94/><D100/><U134/><E134/><V101/><F67/><W122/><G122/><T104/><D104/><U83/><E45/><V82/><F102/><W133/><G133/><T44/><D44/><U4/><E4/><V13/><F101/><W78/><G78/><T25/><D19/><AGARI ba="0,0" hai="19,20,27,29,31,42,46,51,98,103,105" m="47659" machi="19" ten="30,2000,0" yaku="18,1,52,1" doraHai="38" who="3" fromWho="0" sc="238,-20,230,0,292,0,240,20" /><INIT seed="3,0,0,1,4,46" ten="218,230,292,260" oya="3" hai0="121,82,41,19,9,33,128,96,117,5,101,15,123" hai1="115,77,35,76,22,57,131,70,30,28,59,27,58" hai2="119,65,18,51,32,83,16,26,108,34,12,56,86" hai3="67,127,102,4,14,2,105,95,21,88,53,113,24"/><W48/><G113/><T63/><D117/><U92/><E115/><V3/><F3/><W29/><G127/><T100/><D33/><U130/><E70/><V11/><F119/><W54/><G67/><T80/><D128/><N who="1" m="49195" /><E92/><V104/><F104/><W74/><G74/><T66/><D41/><U39/><E39/><V99/><F99/><W36/><G36/><T103/><D96/><U87/><E87/><V116/><F116/><W25/><G105/><T31/><D31/><N who="1" m="11819" /><E35/><V133/><F133/><W126/><G102/><T0/><D123/><U47/><E47/><V68/><F68/><W125/><G125/><T106/><D106/><U110/><E110/><V135/><F135/><W23/><G126/><T8/><REACH who="0" step="1"/><D121/><REACH who="0" ten="208,230,292,260" step="2"/><U49/><E49/><V81/><F51/><W84/><G48/><T114/><D114/><U44/><E44/><V1/><F34/><W90/><G2/><T107/><D107/><U7/><E7/><V69/><F1/><W52/><G4/><T118/><D118/><U37/><E37/><V43/><F32/><W10/><G90/><T78/><D78/><U38/><E38/><V98/><F43/><W55/><N who="3" m="13312" /><DORA hai="109" /><W89/><G89/><T122/><D122/><U94/><E77/><V72/><F98/><W93/><G88/><T129/><D129/><U91/><E76/><V132/><F132/><W40/><G40/><T75/><D75/><U120/><E120/><V61/><F72/><W111/><G111/><T112/><D112/><U50/><E50/><V45/><F108/><W71/><G29/><T124/><D124/><U42/><E42/><RYUUKYOKU ba="0,1" sc="208,30,230,-10,292,-10,260,-10" hai0="0,5,8,9,15,19,63,66,80,82,100,101,103" /><INIT seed="4,1,1,5,3,39" ten="238,220,282,250" oya="0" hai0="129,79,19,15,54,12,88,99,100,98,124,27,119" hai1="112,133,68,17,87,10,0,89,92,111,118,32,104" hai2="31,40,2,108,65,135,56,96,59,3,77,130,114" hai3="110,41,103,34,86,85,14,80,105,69,123,43,95"/><T16/><D119/><U81/><E111/><V4/><F108/><W66/><G110/><T47/><D129/><U90/><E104/><V62/><F135/><W11/><G34/><T91/><D124/><U120/><E68/><V106/><F114/><W23/><G23/><T7/><D79/><U116/><E32/><V70/><F130/><W55/><G105/><T28/><D7/><U72/><E120/><V22/><F77/><W37/><G37/><T107/><D99/><U6/><E133/><V115/><F115/><W36/><G36/><T13/><D54/><U42/><E112/><V21/><F40/><N who="3" m="15435" /><G69/><T82/><D47/><U121/><E121/><V84/><F22/><W51/><G66/><T29/><D29/><U67/><E67/><V60/><F21/><W52/><G123/><T26/><D26/><U101/><E42/><V127/><F31/><W44/><G55/><T49/><D49/><U132/><E132/><V97/><F106/><W109/><G109/><T113/><D113/><U38/><E38/><V50/><F50/><W102/><G95/><N who="0" m="58463" /><D28/><U83/><E118/><V20/><F70/><W46/><G46/><T5/><D107/><U93/><E116/><V76/><F65/><W25/><G25/><T57/><D57/><U117/><E117/><V18/><F59/><W131/><G131/><T61/><D61/><U134/><E134/><V9/><F56/><W74/><G74/><T64/><D64/><U45/><E72/><V75/><F75/><W30/><G30/><T71/><D71/><U78/><E45/><V24/><F62/><W58/><G58/><RYUUKYOKU ba="1,1" sc="238,0,220,0,282,0,250,0" /><INIT seed="5,2,1,3,4,120" ten="238,220,282,250" oya="1" hai0="78,6,45,11,62,126,27,76,57,14,77,46,20" hai1="100,32,25,131,28,73,128,35,75,83,98,101,106" hai2="39,48,94,65,97,117,133,99,121,68,8,107,36" hai3="116,54,115,114,40,63,3,93,5,33,4,108,2"/><U110/><E101/><V134/><F117/><W81/><G116/><T105/><D105/><U79/><E110/><V124/><F121/><W37/><G33/><T43/><D43/><U85/><REACH who="1" step="1"/><E35/><REACH who="1" ten="238,210,282,250" step="2"/><V89/><F134/><W95/><G108/><T21/><D126/><U19/><E19/><V13/><F133/><W87/><G115/><T44/><REACH who="0" step="1"/><D27/><REACH who="0" ten="228,210,282,250" step="2"/><U82/><E82/><V17/><F124/><W127/><G127/><T119/><D119/><U42/><E42/><V122/><F122/><W91/><G40/><T86/><D86/><U132/><E132/><V41/><F41/><W109/><G87/><T22/><D22/><U112/><E112/><V96/><F39/><W58/><G37/><T123/><D123/><U30/><E30/><V74/><F36/><W90/><G114/><T61/><D61/><U66/><E66/><AGARI ba="2,3" hai="6,11,14,20,21,44,45,46,57,62,66,76,77,78" machi="66" ten="40,5200,0" yaku="1,1,8,1,53,1" doraHai="120" doraHaiUra="59" who="0" fromWho="1" sc="228,88,210,-58,282,0,250,0" /><INIT seed="6,0,0,5,2,78" ten="316,152,282,250" oya="2" hai0="93,108,35,83,30,92,84,7,61,120,11,45,111" hai1="128,67,57,105,55,59,60,19,41,68,12,133,3" hai2="127,47,29,99,86,5,28,40,81,130,39,6,113" hai3="24,38,134,50,1,70,69,44,10,115,66,114,42"/><V116/><F116/><W51/><G1/><T87/><D120/><U98/><E3/><V43/><F130/><W62/><G24/><T20/><D35/><U32/><E128/><V132/><F113/><N who="3" m="43019" /><G10/><T125/><D125/><U34/><E133/><V89/><F132/><W36/><G134/><T52/><D111/><U100/><E41/><V58/><F127/><W103/><G103/><T37/><D108/><U88/><E59/><V110/><F110/><W72/><G72/><T75/><D75/><U101/><E101/><V48/><F99/><W122/><G122/><T117/><D117/><U9/><REACH who="1" step="1"/><E88/><REACH who="1" ten="316,142,282,250" step="2"/><V46/><F58/><N who="3" m="37207" /><G36/><T118/><D37/><U109/><E109/><V82/><F39/><W2/><G2/><T27/><D118/><U85/><E85/><V107/><F86/><W102/><G102/><T21/><D87/><U94/><E94/><V25/><F89/><W18/><G38/><T104/><D104/><U14/><E14/><V79/><F107/><W112/><G112/><T91/><D93/><U64/><E64/><V8/><F43/><W31/><G42/><T126/><D92/><U53/><E53/><V90/><F40/><W13/><G13/><N who="0" m="5375" /><D126/><U63/><AGARI ba="0,1" hai="9,12,19,32,34,55,57,60,63,67,68,98,100,105" machi="63" ten="20,2700,0" yaku="1,1,0,1,7,1,53,0" doraHai="78" doraHaiUra="119" who="1" fromWho="1" sc="316,-7,142,37,282,-13,250,-7" /><INIT seed="7,0,0,0,4,53" ten="309,179,269,243" oya="3" hai0="102,133,56,122,63,109,55,82,93,38,81,114,99" hai1="43,111,70,87,101,125,54,65,28,32,105,8,92" hai2="44,64,41,73,58,9,112,30,18,31,104,26,95" hai3="6,2,74,120,47,107,106,34,135,80,83,11,25"/><W116/><G116/><T75/><D109/><U45/><E111/><V33/><F104/><W124/><G120/><T50/><D122/><U88/><E125/><V97/><F73/><W130/><G124/><T39/><D133/><U78/><E78/><V0/><F31/><N who="3" m="19823" /><G83/><N who="0" m="31755" /><D75/><U131/><E131/><V10/><F10/><W19/><G19/><T69/><D69/><U17/><E54/><V27/><F27/><W59/><G59/><N who="0" m="33271" /><D39/><U12/><E28/><V51/><F18/><W3/><G135/><T14/><D38/><U40/><E32/><V7/><F64/><W115/><G2/><T62/><D114/><U23/><E8/><V90/><F112/><W22/><G22/><T67/><D63/><U126/><E126/><V108/><F108/><W85/><G85/><T21/><D21/><U94/><E105/><N who="3" m="39946" /><G47/><T37/><D37/><U72/><E72/><V71/><F71/><W134/><G134/><T117/><D117/><U128/><E128/><V5/><F5/><W52/><G52/><T77/><D77/><U91/><E101/><V121/><F121/><W79/><G115/><T20/><D20/><U49/><E70/><V127/><F127/><W103/><G103/><T61/><D61/><U57/><E65/><V123/><F123/><W35/><G130/><T1/><D1/><U118/><E118/><V86/><F33/><AGARI ba="0,0" hai="3,6,11,33,35,74,79,80" m="39946,19823" machi="33" ten="30,2900,0" yaku="33,2" doraHai="53" who="3" fromWho="2" sc="309,0,179,0,269,-29,243,29" /><INIT seed="7,1,0,4,4,58" ten="309,179,240,272" oya="3" hai0="59,9,40,8,132,122,6,106,7,128,38,133,25" hai1="97,70,92,115,61,84,34,102,27,76,18,78,65" hai2="118,114,3,112,124,14,12,51,63,117,31,91,44" hai3="21,88,127,57,93,111,2,64,68,105,107,1,134"/><W108/><G68/><T123/><D106/><N who="3" m="40457" /><G21/><T26/><D128/><U16/><E115/><N who="2" m="44075" /><F3/><W125/><G134/><N who="0" m="51819" /><D59/><U83/><REACH who="1" step="1"/><E78/><REACH who="1" ten="309,169,240,272" step="2"/><V52/><F124/><W110/><G127/><T95/><D123/><U17/><E17/><V129/><F129/><W109/><G125/><T15/><D122/><U41/><E41/><V37/><F118/><W0/><G110/><T54/><D40/><U67/><E67/><V24/><F117/><W28/><G64/><T5/><D54/><U82/><E82/><V49/><F52/><W81/><G81/><T56/><D7/><U119/><E119/><V19/><F19/><W104/><G111/><T69/><D6/><U46/><E46/><V103/><F44/><W13/><G109/><T10/><D5/><U45/><E45/><V71/><F31/><AGARI ba="1,1" hai="16,18,27,31,34,61,65,70,76,83,84,92,97,102" machi="31" ten="40,5200,0" yaku="1,1,52,1,54,1,53,0" doraHai="58" doraHaiUra="4" who="1" fromWho="2" sc="309,0,169,65,240,-55,272,0" owari="309,41.0,234,-17.0,185,-31.0,272,7.0" /></mjloggm>