<mjloggm ver="2.3"><GO type="169" lobby="0"/><UN n0="%E3%83%88%E3%83%88%E3%83%AA%E5%85%88%E7%94%9F%31%39%E6%AD%B3" n1="%E3%82%A2%E3%83%83%E3%83%97%E3%83%AB%E3%82%B0%E3%83%9F" n2="%3D%E5%9C%92%E5%9F%8E%E5%AF%BA%E6%80%9C%3D" n3="%E6%96%B0%E4%B8%96%E7%95%8C%E3%81%AE%E7%B4%99" dan="17,18,18,17" rate="2191.25,2212.37,2156.99,2248.17" sx="F,M,F,F"/><TAIKYOKU oya="0"/><INIT seed="0,0,0,4,1,60" ten="250,250,250,250" oya="0" hai0="107,64,68,94,41,110,57,86,96,95,51,11,74" hai1="73,123,8,103,52,24,65,35,26,75,101,47,17" hai2="79,106,84,77,14,50,70,109,36,18,66,113,118" hai3="121,88,63,92,10,30,53,39,46,132,22,54,19"/><T90/><D74/><U135/><E123/><V23/><F36/><W49/><G121/><T4/><D110/><U20/><E135/><V45/><F106/><W31/><G132/><T33/><D33/><U59/><E75/><V102/><F102/><N who="1" m="38921" /><E73/><V15/><F113/><W119/><G119/><T97/><D107/><U43/><E35/><V80/><F118/><W127/><G127/><T1/><D68/><U62/><E8/><V133/><F109/><W21/><G39/><T55/><D41/><U114/><E114/><V29/><F29/><W72/><G72/><T98/><REACH who="0" step="1"/><D64/><REACH who="0" ten="240,250,250,250" step="2"/><U7/><E43/><V12/><F133/><W130/><G54/><T91/><AGARI ba="0,1" hai="1,4,11,51,55,57,86,90,91,94,95,96,97,98" machi="91" ten="20,12000,1" yaku="1,1,2,1,0,1,7,1,53,1" doraHai="60" doraHaiUra="2" who="0" fromWho="0" sc="240,130,250,-40,250,-40,250,-40" /><INIT seed="0,1,0,3,1,42" ten="370,210,210,210" oya="0" hai0="47,7,5,117,34,41,8,31,91,133,11,107,6" hai1="132,76,89,128,15,29,10,32,22,67,40,74,38" hai2="123,56,93,92,0,12,33,79,21,116,13,135,96" hai3="57,14,60,94,100,99,131,102,129,44,115,37,66"/><T106/><D117/><U63/><E128/><N who="3" m="49226" /><G115/><T122/><D122/><U65/><E132/><V9/><F33/><W125/><G125/><T72/><D133/><U98/><E32/><V46/><F0/><W3/><G3/><T87/><D72/><U114/><E114/><V80/><F123/><W110/><G110/><T71/><D71/><U120/><E120/><V49/><F56/><W23/><G100/><T97/><D31/><U35/><E35/><V24/><F116/><W81/><G81/><T84/><D34/><U51/><E38/><V121/><F121/><W36/><G44/><T126/><D126/><U20/><E76/><V19/><F135/><W50/><G50/><N who="0" m="26991" /><D107/><U1/><E1/><V85/><F96/><W124/><G124/><T59/><D106/><U53/><E40/><N who="2" m="24775" /><F12/><W103/><G103/><T105/><D105/><U75/><E75/><V95/><F95/><W78/><G78/><T16/><D59/><U28/><E74/><V17/><AGARI ba="1,0" hai="9,13,17,19,21,24,79,80,85,92,93" m="24775" machi="17" ten="30,2000,0" yaku="8,1,52,1" doraHai="42" who="2" fromWho="2" sc="370,-11,210,-6,210,23,210,-6" /><INIT seed="1,0,0,5,3,133" ten="359,204,233,204" oya="1" hai0="108,58,12,119,87,135,66,83,19,127,21,113,13" hai1="50,103,134,88,73,7,90,3,60,16,107,128,51" hai2="74,132,126,112,121,8,79,20,78,44,129,98,46" hai3="94,63,104,31,75,64,47,17,10,59,118,84,100"/><U70/><E73/><V29/><F121/><W89/><G75/><T69/><D113/><U117/><E117/><V49/><F74/><W62/><G118/><T91/><D119/><U26/><E3/><V4/><F129/><W122/><G122/><T28/><D69/><U109/><E7/><V82/><F44/><W72/><G72/><T25/><D108/><U114/><E114/><V76/><F98/><W27/><G104/><T55/><D135/><U131/><E134/><V125/><F112/><W101/><G47/><T123/><D123/><U14/><E26/><N who="2" m="16583" /><F82/><W40/><G40/><T41/><D41/><U2/><E2/><V95/><F95/><W0/><G63/><T34/><D66/><N who="1" m="41287" /><E103/><V54/><F78/><W56/><G56/><T97/><D12/><U23/><E107/><V32/><F32/><W65/><G65/><T111/><D97/><U115/><E115/><V68/><F68/><W1/><G1/><T35/><D35/><U67/><E67/><V30/><F30/><W18/><G0/><T124/><REACH who="0" step="1"/><D111/><REACH who="0" ten="349,204,233,204" step="2"/><U57/><E109/><V9/><F132/><W99/><G64/><T53/><D53/><N who="1" m="31927" /><E51/><AGARI ba="0,1" hai="13,19,21,25,28,34,51,55,58,83,87,91,124,127" machi="51" ten="40,5200,0" yaku="1,1,52,2,53,0" doraHai="133" doraHaiUra="96" who="0" fromWho="1" sc="349,62,204,-52,233,0,204,0" /><INIT seed="2,0,0,1,2,67" ten="411,152,233,204" oya="2" hai0="52,8,76,69,80,37,133,61,116,64,22,97,135" hai1="50,119,82,54,63,129,21,121,3,45,71,124,31" hai2="5,117,112,128,92,2,96,20,32,98,4,126,70" hai3="65,103,84,58,27,49,24,12,74,122,60,42,40"/><V25/><F32/><W113/><G74/><T81/><D37/><U127/><E119/><V99/><F112/><W48/><G122/><T114/><D114/><U23/><E3/><V132/><F117/><W46/><G113/><T94/><D116/><U18/><E121/><V120/><F120/><W62/><G103/><T110/><D110/><U109/><E109/><V30/><F126/><N who="1" m="48169" /><E129/><V87/><F132/><N who="0" m="50762" /><D76/><U68/><E82/><V41/><F2/><W93/><G60/><T131/><D8/><U13/><E63/><V72/><F72/><W17/><G93/><T134/><D131/><U85/><E85/><V15/><F41/><W10/><REACH who="3" step="1"/><G84/><REACH who="3" ten="411,152,233,194" step="2"/><T26/><D94/><U51/><E51/><V73/><F73/><W57/><G57/><T39/><D134/><U130/><E130/><V91/><F128/><W6/><G6/><T7/><D7/><U66/><E66/><V90/><F4/><W106/><G106/><T100/><D64/><U86/><E86/><V43/><F87/><W104/><G104/><T83/><D61/><U55/><E55/><V33/><F92/><W1/><G1/><T79/><D52/><U53/><E54/><V56/><F5/><W101/><G101/><T47/><D83/><U115/><E115/><V123/><F123/><W35/><G35/><T34/><D80/><U125/><N who="1" m="48177" /><U102/><DORA hai="38" /><E102/><V89/><F33/><W108/><G108/><T11/><D100/><U111/><E111/><V0/><F0/><W14/><G14/><T88/><D81/><U59/><E59/><V107/><F56/><W78/><G78/><RYUUKYOKU ba="0,1" sc="411,-15,152,15,233,-15,194,15" hai1="13,18,21,23,31,45,50,53,68,71" hai3="10,12,17,24,27,40,42,46,48,49,58,62,65" /><INIT seed="3,1,1,5,2,73" ten="396,167,218,209" oya="3" hai0="65,61,26,46,93,98,31,84,130,108,78,60,133" hai1="100,5,117,13,63,34,52,97,56,99,76,109,58" hai2="33,121,59,23,85,57,32,4,132,28,35,36,30" hai3="11,82,131,106,44,120,74,90,123,88,69,45,70"/><W134/><G106/><T37/><D108/><U67/><E109/><V127/><F36/><W101/><G101/><T83/><D130/><U6/><E34/><V89/><F4/><N who="1" m="1641" /><E117/><V8/><F8/><W10/><G74/><T92/><D133/><U19/><E100/><V15/><F132/><W1/><G134/><T29/><D37/><U80/><E80/><V91/><F127/><W119/><G82/><T86/><D46/><U20/><E76/><V12/><F23/><W39/><G39/><T43/><D43/><U118/><E118/><V64/><F64/><W105/><G119/><T7/><D7/><U102/><E102/><V38/><F38/><W51/><G105/><T55/><D86/><U107/><E107/><V9/><F9/><W0/><REACH who="3" step="1"/><G51/><AGARI ba="1,1" hai="13,19,20,51,52,56,58,63,67,97,99" m="1641" machi="51" ten="30,2000,0" yaku="8,1,54,1" doraHai="73" who="1" fromWho="3" sc="396,0,167,33,218,0,209,-23" /><INIT seed="4,0,0,2,2,40" ten="396,200,218,186" oya="0" hai0="122,90,105,134,42,13,73,79,128,51,94,92,112" hai1="117,101,64,44,47,22,11,120,80,116,38,16,131" hai2="75,97,126,28,123,30,110,62,29,69,43,36,95" hai3="25,39,96,2,61,37,135,127,130,102,108,129,49"/><T124/><D122/><U24/><E120/><V77/><F123/><W18/><G108/><T87/><D105/><U5/><E38/><V10/><F110/><W118/><G118/><T81/><D112/><U78/><E117/><V115/><F77/><W114/><G2/><T82/><D128/><N who="3" m="49257" /><G114/><T99/><D134/><U119/><E131/><V59/><F75/><W41/><G135/><T93/><D13/><N who="1" m="5359" /><E116/><V76/><F76/><W72/><G72/><T1/><D1/><U57/><E119/><V7/><F69/><W98/><G127/><T48/><D48/><U54/><E101/><V113/><F126/><W125/><G125/><T8/><D8/><U26/><E64/><V34/><F34/><W85/><G61/><T50/><D50/><N who="1" m="30935" /><E26/><V74/><F74/><W6/><G6/><T3/><D3/><U67/><E67/><V17/><F7/><W15/><G25/><T83/><D124/><U14/><E14/><V19/><F113/><W89/><G102/><N who="0" m="60775" /><D51/><U31/><E31/><V60/><F60/><W32/><G32/><T103/><D42/><U111/><E111/><V91/><F115/><W58/><G58/><T21/><D103/><U12/><E12/><V133/><F133/><W132/><G49/><T55/><D73/><U27/><E27/><V88/><F36/><N who="3" m="13899" /><G41/><T23/><D55/><U106/><E106/><V65/><F43/><W86/><G132/><T121/><D121/><U53/><E53/><V52/><F65/><W66/><G66/><T71/><D71/><U109/><E109/><V4/><F91/><W100/><G100/><T35/><D90/><RYUUKYOKU ba="0,0" sc="396,-15,200,15,218,15,186,-15" hai1="16,22,24,44,47,78,80" hai2="4,10,17,19,28,29,30,52,59,62,88,95,97" /><INIT seed="5,1,0,4,0,40" ten="381,215,233,171" oya="1" hai0="58,39,19,18,59,83,63,96,16,71,111,6,41" hai1="117,126,92,134,33,94,7,64,102,132,67,13,114" hai2="74,36,91,87,54,85,48,0,21,82,118,10,130" hai3="69,115,28,116,47,8,1,31,127,112,27,86,72"/><U5/><E117/><V68/><F68/><W93/><G72/><T89/><D111/><U44/><E33/><V120/><F36/><W42/><G69/><T123/><D123/><U95/><E102/><V25/><F120/><W81/><G116/><T46/><D6/><N who="1" m="2059" /><E13/><V101/><F10/><W124/><G8/><T29/><D29/><N who="3" m="11337" /><G93/><T128/><D128/><U34/><E34/><V22/><F0/><W131/><G27/><T105/><D105/><U11/><E11/><V2/><F2/><W98/><G98/><T35/><D35/><U26/><E26/><V24/><F74/><W104/><G104/><T52/><D71/><U20/><E20/><N who="2" m="7787" /><F101/><W73/><G73/><T43/><D39/><U60/><E60/><V55/><F130/><W90/><G1/><T103/><D63/><U135/><E114/><N who="3" m="43562" /><G131/><T56/><D103/><U49/><E126/><V99/><F118/><W70/><G70/><T61/><D61/><U23/><E23/><V109/><F25/><W12/><G12/><T79/><D19/><U15/><E15/><V9/><F9/><W3/><G3/><T84/><D18/><U50/><E50/><AGARI ba="1,0" hai="42,47,50,81,86,90,124,127" m="43562,11337" machi="50" ten="30,2000,0" yaku="15,1,52,1" doraHai="40" who="3" fromWho="1" sc="381,0,215,-23,233,0,171,23" /><INIT seed="6,0,0,1,4,73" ten="381,192,233,194" oya="2" hai0="97,58,110,126,32,38,14,17,122,40,5,93,119" hai1="102,84,20,10,123,82,51,1,56,105,31,27,129" hai2="74,83,63,96,46,55,0,108,127,116,6,35,98" hai3="2,21,52,19,111,59,77,44,130,29,41,34,37"/><V4/><F35/><W99/><G111/><T3/><D110/><U15/><E129/><V39/><F116/><W101/><G130/><T8/><D32/><U65/><E123/><V53/><F127/><W24/><G2/><T13/><D122/><U16/><E1/><V109/><F63/><W22/><G19/><T76/><D126/><U114/><E114/><V49/><F39/><W134/><G134/><T79/><D3/><U11/><E105/><V120/><F120/><W103/><G77/><T87/><D119/><U131/><E102/><V57/><F108/><W70/><G70/><T104/><D104/><U90/><E131/><V112/><F112/><W45/><G45/><T7/><D40/><U92/><E82/><V68/><F68/><W91/><G91/><N who="0" m="53503" /><D97/><U95/><E95/><V80/><F109/><W47/><G47/><T43/><D43/><U60/><REACH who="1" step="1"/><E51/><REACH who="1" ten="381,182,233,194" step="2"/><N who="2" m="30911" /><F0/><W106/><G101/><T48/><D38/><U78/><E78/><V94/><F74/><W33/><G33/><AGARI ba="0,1" hai="10,11,15,16,20,27,31,33,56,60,65,84,90,92" machi="33" ten="30,3900,0" yaku="1,1,7,1,54,1,53,0" doraHai="73" doraHaiUra="124" who="1" fromWho="3" sc="381,0,182,49,233,0,194,-39" /><INIT seed="7,0,0,4,3,2" ten="381,231,233,155" oya="3" hai0="20,32,110,59,31,88,27,42,107,95,94,87,45" hai1="61,105,29,72,26,43,37,46,11,121,41,124,18" hai2="135,21,40,113,91,63,66,111,133,25,23,7,97" hai3="52,34,22,39,70,36,132,92,93,67,57,83,82"/><W15/><G34/><T1/><D110/><U116/><E121/><V13/><F40/><W74/><G132/><N who="2" m="50761" /><F113/><W101/><G70/><T6/><D107/><U131/><E43/><V19/><F111/><W48/><G67/><T75/><D75/><U119/><E131/><V77/><F77/><W79/><G82/><T85/><D59/><U84/><E105/><V106/><F7/><W81/><G81/><T47/><D6/><U134/><E72/><V78/><F78/><W9/><G22/><T102/><D1/><U103/><E103/><N who="2" m="62831" /><F91/><W33/><G33/><T128/><D128/><U76/><E134/><V10/><F25/><W99/><REACH who="3" step="1"/><G93/><REACH who="3" ten="381,231,233,145" step="2"/><N who="0" m="54415" /><D32/><U64/><E64/><V98/><F98/><W62/><G62/><T122/><D94/><U71/><E71/><AGARI ba="0,1" hai="10,13,19,21,23,63,66,71" m="62831,50761" machi="71" ten="30,1000,0" yaku="20,1" doraHai="2" who="2" fromWho="1" sc="381,0,231,-10,233,20,145,0" owari="381,48.0,221,-18.0,253,5.0,145,-35.0" /></mjloggm>