<mjloggm ver="2.3"><GO type="169" lobby="0"/><UN n0="%E3%82%8C%E3%81%98%50" n1="%EF%BC%B3%E3%81%9E%E3%81%88%E2%98%86" n2="%E3%82%A6%E3%83%AB%E3%83%88%E3%83%A9%E7%AB%8B%E7%9B%B4" n3="%E3%81%B5%E3%81%8B" dan="16,16,18,17" rate="2052.42,2098.78,2281.61,2109.51" sx="M,M,M,M"/><TAIKYOKU oya="0"/><INIT seed="0,0,0,5,5,57" ten="250,250,250,250" oya="0" hai0="38,86,129,7,45,119,23,76,39,80,11,68,135" hai1="52,110,27,132,34,113,8,61,14,77,94,49,105" hai2="72,85,33,118,103,125,98,30,12,131,102,37,22" hai3="73,90,95,0,87,29,124,40,28,4,2,1,60"/><T56/><D119/><U111/><E105/><V48/><F37/><W79/><G124/><T104/><D68/><U106/><E106/><V44/><F72/><W130/><G130/><T101/><D135/><U5/><E132/><V63/><F125/><W67/><G4/><T116/><D116/><U43/><E113/><V31/><F33/><W69/><REACH who="3" step="1"/><G40/><REACH who="3" ten="250,250,250,240" step="2"/><T17/><D7/><U59/><E43/><V120/><F131/><W78/><G78/><T20/><D129/><U81/><E110/><V108/><F108/><W41/><G41/><T93/><D39/><U83/><E111/><V3/><F118/><W97/><G97/><T26/><D38/><U114/><E114/><V21/><F98/><W88/><G88/><T19/><D45/><U6/><E5/><V112/><F44/><W71/><G71/><T100/><D56/><U96/><E77/><V55/><F112/><W16/><G16/><T123/><D123/><U36/><E6/><V64/><F120/><W70/><G70/><T121/><D121/><U15/><E96/><V107/><F3/><W54/><G54/><T51/><D19/><U13/><E59/><V117/><F55/><W42/><G42/><T126/><D126/><U47/><E52/><V89/><F89/><W115/><G115/><T133/><D133/><U62/><E47/><V127/><F127/><W10/><G10/><T66/><D11/><U24/><E8/><V128/><F128/><W25/><G25/><T74/><D26/><U82/><E27/><V122/><F117/><W58/><G58/><T134/><D134/><U99/><E24/><RYUUKYOKU ba="0,1" sc="250,-10,250,-10,250,-10,240,30" hai3="0,1,2,28,29,60,67,69,73,79,87,90,95" /><INIT seed="1,1,1,1,4,22" ten="240,240,240,270" oya="1" hai0="16,3,55,111,89,114,2,129,37,74,8,131,65" hai1="112,125,26,78,63,1,47,44,56,118,7,73,80" hai2="105,67,23,70,39,121,52,87,34,43,0,5,4" hai3="92,88,127,97,29,76,113,42,59,91,62,133,104"/><U115/><E118/><V79/><F34/><W107/><G113/><T130/><D114/><U25/><E1/><V53/><F105/><W94/><G133/><T24/><D111/><U81/><E115/><V126/><F0/><W77/><G127/><T40/><D74/><U49/><E112/><V72/><F72/><W132/><G132/><T60/><D55/><N who="2" m="21066" /><F39/><W128/><G128/><T75/><D75/><U41/><E7/><V21/><F70/><W119/><G119/><T36/><D89/><U17/><E73/><V66/><F43/><W64/><G42/><T101/><D101/><U9/><E47/><V99/><F99/><W38/><G38/><N who="0" m="14955" /><D8/><U15/><E125/><V30/><F126/><W54/><G29/><T57/><D40/><U32/><E32/><V93/><F121/><W12/><G12/><T27/><D27/><N who="1" m="10251" /><E78/><V68/><F68/><W46/><G104/><T14/><D14/><U31/><E31/><V61/><F30/><W109/><G107/><T13/><D13/><U106/><E106/><V123/><F123/><W95/><G77/><T48/><D3/><U18/><E17/><V35/><F35/><W83/><G46/><T85/><D2/><U71/><E71/><V103/><F4/><W116/><G116/><T69/><D69/><U117/><E117/><V135/><F5/><W28/><G28/><T108/><D16/><U58/><E58/><V102/><F79/><W100/><G76/><T45/><D131/><U96/><E96/><V110/><F135/><W84/><G97/><T124/><D124/><U11/><E9/><V20/><F110/><RYUUKYOKU ba="1,1" sc="240,-10,240,30,240,-10,270,-10" hai1="11,15,18,41,44,49,56,63,80,81" /><INIT seed="1,2,1,2,0,39" ten="230,270,230,260" oya="1" hai0="78,5,36,7,104,96,32,76,75,60,124,43,111" hai1="40,53,46,65,89,35,31,86,56,24,125,121,57" hai2="12,90,22,23,52,6,132,123,77,30,107,58,68" hai3="71,127,110,47,117,19,74,85,129,14,100,63,29"/><U115/><E115/><V9/><F68/><W20/><G74/><T119/><D119/><U70/><E121/><V48/><F123/><W79/><G117/><T101/><D32/><U105/><E105/><V0/><F132/><W88/><G110/><T83/><D111/><U93/><E125/><V4/><F107/><W2/><G2/><T118/><D124/><U27/><E27/><N who="2" m="16759" /><F0/><W42/><G127/><T80/><D60/><U103/><E103/><V95/><F77/><W134/><G134/><T98/><D98/><U50/><REACH who="1" step="1"/><E53/><REACH who="1" ten="230,260,230,260" step="2"/><V130/><F130/><W133/><G100/><T69/><D118/><U16/><E16/><N who="2" m="10631" /><F9/><W82/><G129/><T66/><D104/><U109/><E109/><V62/><F62/><AGARI ba="2,2" hai="24,31,35,40,46,50,56,57,62,65,70,86,89,93" machi="62" ten="40,7700,0" yaku="1,1,52,1,53,1" doraHai="39" doraHaiUra="25" who="1" fromWho="2" sc="230,0,260,103,230,-83,260,0" /><INIT seed="1,3,0,1,2,15" ten="230,363,147,260" oya="1" hai0="133,71,112,118,128,97,86,102,103,61,62,18,59" hai1="56,14,92,46,13,98,122,89,2,27,101,35,63" hai2="55,78,134,64,125,94,66,40,48,119,76,113,127" hai3="21,37,132,24,129,49,41,54,69,72,47,6,84"/><U19/><E2/><V25/><F119/><W10/><G72/><T57/><D112/><U45/><E122/><V116/><F116/><W20/><G129/><T83/><D118/><U60/><E35/><V0/><F0/><W42/><G132/><T8/><D71/><U11/><E27/><V104/><F104/><W3/><G69/><T90/><D128/><U107/><E13/><V124/><F40/><W67/><G67/><N who="2" m="25641" /><F134/><W108/><G108/><T100/><D97/><U36/><E36/><V73/><F73/><W4/><G4/><T30/><D30/><U99/><E63/><N who="0" m="24073" /><D133/><U79/><E79/><V85/><F113/><W7/><G7/><T44/><D44/><U130/><E130/><V32/><F32/><W31/><G84/><T70/><D70/><U109/><REACH who="1" step="1"/><E109/><REACH who="1" ten="230,353,147,260" step="2"/><V82/><F25/><W123/><G123/><T77/><D77/><U33/><E33/><V110/><F110/><W50/><G37/><T131/><D131/><U23/><E23/><V28/><F78/><W117/><G117/><T17/><D8/><U52/><AGARI ba="3,1" hai="11,14,19,45,46,52,56,60,89,92,98,99,101,107" machi="52" ten="20,12000,1" yaku="1,1,0,1,7,1,52,1,54,1,53,0" doraHai="15" doraHaiUra="38" who="1" fromWho="1" sc="230,-43,353,139,147,-43,260,-43" /><INIT seed="1,4,0,4,4,46" ten="187,492,104,217" oya="1" hai0="58,100,110,124,112,57,7,107,85,66,125,74,25" hai1="106,18,116,92,109,48,20,134,51,103,47,90,15" hai2="40,63,39,113,65,38,14,72,49,69,11,130,68" hai3="80,122,70,41,86,88,27,56,5,44,6,53,78"/><U119/><E134/><V9/><F72/><W8/><G122/><T117/><D112/><U34/><E34/><V82/><F113/><W62/><G70/><T23/><D117/><U45/><E103/><V135/><F130/><W83/><G27/><T79/><D74/><U67/><E67/><V37/><F135/><W77/><G80/><N who="0" m="47263" /><D66/><U59/><E106/><V118/><F118/><W87/><G87/><T12/><D110/><U94/><E109/><V101/><F101/><W111/><G111/><T42/><D42/><U126/><E126/><N who="0" m="48745" /><D100/><U33/><E33/><V43/><F82/><W17/><G17/><N who="0" m="12527" /><D107/><U13/><E59/><N who="2" m="37119" /><F11/><AGARI ba="4,0" hai="7,11,12,57,58" m="12527,48745,47263" machi="11" ten="30,1000,0" yaku="18,1" doraHai="46" who="0" fromWho="2" sc="187,22,492,0,104,-22,217,0" /><INIT seed="2,0,0,3,2,5" ten="209,492,82,217" oya="2" hai0="9,13,46,112,26,17,7,64,125,35,99,108,85" hai1="126,45,1,4,113,132,84,109,23,80,63,52,24" hai2="6,107,16,82,3,89,56,21,54,105,44,130,75" hai3="55,76,31,74,71,50,30,57,73,104,90,47,129"/><V79/><F130/><W96/><G71/><T116/><D112/><U115/><E109/><V41/><F89/><W72/><G129/><T133/><D108/><U103/><E132/><V27/><F56/><W87/><G76/><T59/><D133/><U10/><E103/><V39/><REACH who="2" step="1"/><F54/><REACH who="2" ten="209,492,72,217" step="2"/><W22/><G57/><T92/><D59/><U91/><E52/><V121/><F121/><W78/><G90/><T2/><D64/><U62/><E91/><V67/><F67/><W43/><G55/><T106/><D46/><U53/><E45/><V119/><F119/><W42/><G47/><T14/><D116/><U94/><E53/><V49/><F49/><W111/><G50/><T58/><D58/><U135/><E135/><V25/><F25/><W101/><G111/><T98/><D26/><U131/><E24/><V81/><F81/><W66/><G66/><T70/><D70/><U40/><E80/><V100/><F100/><W68/><G68/><T12/><D12/><U19/><E131/><V33/><F33/><W110/><G110/><T0/><D35/><U11/><E63/><V83/><F83/><W114/><G101/><T28/><D14/><U18/><E62/><V120/><F120/><W86/><G42/><T61/><D61/><U97/><E40/><V117/><F117/><W124/><G43/><T8/><D13/><U134/><E115/><V48/><F48/><W51/><G51/><T36/><D0/><U38/><E113/><V69/><F69/><W128/><G114/><T65/><D2/><U122/><E1/><V32/><F32/><W118/><G118/><RYUUKYOKU ba="0,1" sc="209,-10,492,-10,72,30,217,-10" hai2="3,6,16,21,27,39,41,44,75,79,82,105,107" /><INIT seed="2,1,1,4,2,60" ten="199,482,102,207" oya="2" hai0="41,19,122,49,32,47,107,127,70,38,57,120,68" hai1="132,100,89,25,67,61,13,126,0,23,30,11,117" hai2="85,59,50,80,51,131,69,114,90,29,130,31,4" hai3="103,58,20,63,71,119,46,118,7,86,52,102,17"/><V24/><F69/><N who="0" m="26730" /><D19/><U64/><E117/><V96/><F114/><W115/><G115/><T87/><D87/><U1/><E132/><V66/><F4/><W55/><G71/><T75/><D75/><U18/><E126/><V116/><F116/><W22/><G7/><T125/><D32/><U109/><E109/><V9/><F9/><W45/><G118/><T76/><D76/><U111/><E111/><V83/><F96/><W28/><G119/><T92/><D92/><U133/><E133/><V39/><F39/><W44/><G86/><T54/><D107/><U14/><E61/><N who="2" m="38207" /><F83/><W65/><G28/><N who="2" m="10825" /><F24/><N who="3" m="14351" /><G22/><T84/><D84/><U101/><E0/><V134/><F134/><W113/><G113/><T82/><D82/><U12/><E1/><V129/><AGARI ba="1,1" hai="50,51,80,85,90,129,130,131" m="10825,38207" machi="129" ten="40,3900,0" yaku="19,1,52,1" doraHai="60" who="2" fromWho="2" sc="199,-14,482,-14,102,52,207,-14" /><INIT seed="2,2,0,2,4,58" ten="185,468,154,193" oya="2" hai0="30,24,43,105,102,89,103,121,115,129,1,73,32" hai1="50,2,74,72,93,66,52,55,104,14,62,117,4" hai2="108,125,126,39,19,87,100,20,114,6,116,79,91" hai3="54,59,95,64,18,41,134,70,111,3,85,60,69"/><V86/><F114/><W67/><G3/><T78/><D121/><U15/><E104/><V133/><F116/><W132/><G18/><T75/><D115/><U84/><E2/><V8/><F39/><W122/><G122/><T127/><D89/><U25/><E25/><V31/><F31/><W21/><G21/><T37/><D103/><U113/><E117/><V7/><F100/><W13/><G13/><T63/><D63/><U28/><E28/><V106/><F106/><W80/><G95/><T82/><D129/><U36/><E36/><V49/><F133/><N who="3" m="51307" /><G41/><T27/><D127/><N who="2" m="48650" /><F79/><N who="3" m="46239" /><G111/><T130/><D130/><U77/><E113/><V51/><F108/><W46/><G46/><N who="0" m="23919" /><D24/><U124/><E77/><V94/><F87/><W109/><G109/><T34/><D1/><U68/><E124/><V131/><F131/><W53/><G53/><T112/><D112/><U107/><E107/><V45/><F8/><W22/><G22/><T40/><D40/><U92/><E84/><V23/><F23/><W44/><G44/><T9/><D9/><U57/><E74/><V97/><F86/><W118/><G118/><T98/><D75/><U12/><E72/><V35/><F35/><AGARI ba="2,0" hai="27,30,32,34,35,73,78,82,98,102,105" m="23919" machi="35" ten="30,2000,0" yaku="33,2" doraHai="58" who="0" fromWho="2" sc="185,26,468,0,154,-26,193,0" /><INIT seed="3,0,0,2,4,87" ten="211,468,128,193" oya="3" hai0="131,110,13,53,84,116,48,130,128,134,113,127,54" hai1="20,120,36,7,24,121,28,109,72,5,98,93,100" hai2="112,19,56,85,35,97,3,83,76,37,31,74,62" hai3="95,4,89,26,32,81,104,101,114,107,103,60,124"/><W9/><G114/><T58/><D116/><U6/><E109/><V46/><F112/><W122/><G122/><T96/><D113/><U41/><E72/><V0/><F74/><W61/><G81/><T45/><D110/><U38/><E41/><V119/><F119/><W91/><G124/><T64/><D96/><U90/><E38/><V88/><F31/><W111/><G111/><T59/><D13/><U50/><E36/><V79/><F35/><W132/><G132/><T135/><D84/><U47/><E100/><V23/><F46/><W18/><G101/><T8/><D8/><U75/><E75/><V44/><F44/><W57/><G103/><T15/><D15/><U49/><E49/><V115/><F37/><W78/><G78/><T73/><D73/><U17/><E28/><V129/><F129/><W21/><G32/><T70/><D127/><U80/><E80/><V14/><F115/><W68/><G68/><T92/><D92/><U40/><AGARI ba="0,0" hai="5,6,7,17,20,24,40,47,50,90,93,98,120,121" machi="40" ten="30,2000,0" yaku="0,1,52,1" doraHai="87" who="1" fromWho="1" sc="211,-5,468,20,128,-5,193,-10" /><INIT seed="4,0,0,2,2,33" ten="206,488,123,183" oya="0" hai0="97,44,134,109,21,88,112,129,63,71,124,99,17" hai1="133,122,14,93,125,64,36,84,45,0,34,92,70" hai2="81,10,128,78,82,72,5,54,55,25,11,94,24" hai3="12,35,107,131,108,69,59,15,27,90,48,52,118"/><T42/><D112/><U7/><E34/><V75/><F94/><W77/><G108/><T49/><D129/><U2/><E122/><V43/><F43/><W102/><G118/><T110/><D134/><U116/><E84/><V46/><F128/><W58/><G69/><T86/><D63/><U98/><E45/><V117/><F117/><W38/><G38/><T135/><D124/><U23/><E98/><V20/><F46/><W74/><G131/><T127/><D71/><U119/><E64/><V8/><F5/><W53/><G90/><T132/><D127/><U29/><E36/><V76/><REACH who="2" step="1"/><F25/><REACH who="2" ten="206,488,113,183" step="2"/><W32/><G27/><N who="0" m="14767" /><D135/><U56/><E93/><V22/><F22/><W18/><G107/><T123/><D132/><U26/><E92/><V80/><F80/><W73/><G102/><T100/><D100/><U3/><E23/><V39/><F39/><W101/><G101/><T13/><D123/><U61/><E26/><V96/><F96/><W9/><G12/><T51/><D13/><U87/><E14/><V79/><F79/><W105/><G105/><T60/><D99/><U126/><E7/><V104/><F104/><W30/><G77/><T62/><D97/><U120/><E133/><V57/><F57/><W40/><G40/><T4/><D4/><U31/><E56/><V47/><F47/><W50/><G32/><T95/><D42/><U91/><E119/><V130/><F130/><W83/><G83/><T115/><D44/><U121/><E116/><V28/><AGARI ba="0,1" hai="8,10,11,20,24,28,54,55,72,75,76,78,81,82" machi="28" ten="30,4000,0" yaku="1,1,0,1,9,1,53,0" doraHai="33" doraHaiUra="85" who="2" fromWho="2" sc="206,-20,488,-10,113,50,183,-10" /><INIT seed="5,0,0,4,2,43" ten="186,478,163,173" oya="1" hai0="65,104,32,63,12,117,91,45,29,105,16,132,76" hai1="129,49,18,118,54,66,17,124,69,55,72,122,26" hai2="108,107,125,88,1,52,97,22,85,38,95,10,30" hai3="73,44,84,114,111,15,50,89,68,98,78,46,75"/><U9/><E72/><V135/><F108/><W33/><G111/><T112/><D117/><U67/><E122/><V70/><F70/><W131/><G33/><T13/><D76/><U86/><E69/><V130/><F130/><W25/><G68/><T2/><D2/><U74/><E74/><V58/><F38/><W8/><G25/><T121/><D112/><U100/><E124/><V41/><F41/><W80/><G114/><T60/><D29/><U113/><E100/><V123/><F123/><W56/><G56/><T39/><D32/><U36/><E36/><V28/><F135/><W21/><G21/><T71/><D91/><U35/><E35/><V77/><F125/><W6/><G131/><T126/><D126/><U61/><E26/><V103/><F22/><W27/><G27/><T53/><D132/><U40/><E18/><V134/><F134/><W0/><G0/><T128/><D16/><U79/><E17/><V23/><F23/><W116/><G116/><T24/><D128/><U133/><E9/><V83/><F10/><W96/><G46/><T42/><D121/><U14/><E14/><N who="0" m="5737" /><D24/><U90/><E118/><V93/><F1/><W94/><G75/><T82/><D82/><U51/><E113/><V110/><F110/><W5/><G5/><T31/><D31/><U7/><E7/><V11/><F11/><W119/><G119/><T109/><D109/><U101/><E129/><V3/><F3/><W37/><G37/><T127/><D127/><U4/><E4/><V92/><F77/><W115/><G115/><T19/><D19/><U102/><E133/><RYUUKYOKU ba="0,0" sc="186,10,478,-30,163,10,173,10" hai0="39,42,45,53,60,63,65,71,104,105" hai2="28,30,52,58,83,85,88,92,93,95,97,103,107" hai3="6,8,15,44,50,73,78,80,84,89,94,96,98" /><INIT seed="6,1,0,2,4,61" ten="196,448,173,183" oya="2" hai0="24,68,46,4,109,14,7,121,83,76,118,36,1" hai1="135,5,77,67,10,56,64,96,130,80,131,9,81" hai2="34,115,104,111,93,8,112,87,85,94,69,21,84" hai3="73,22,133,134,2,113,86,15,19,26,31,25,0"/><V12/><F34/><N who="3" m="20855" /><G86/><T55/><D1/><N who="3" m="617" /><G73/><T123/><D83/><U127/><E5/><V3/><F3/><W58/><G58/><T128/><D7/><U50/><E127/><V44/><F69/><W101/><G101/><T6/><D6/><U91/><E135/><N who="3" m="51722" /><G113/><N who="2" m="43593" /><F104/><W45/><G45/><T117/><D46/><U79/><E56/><V74/><F74/><W78/><G78/><T107/><D76/><U41/><E50/><V103/><F111/><W66/><G66/><T70/><D109/><U82/><E41/><V30/><F44/><W18/><G15/><T129/><D14/><U59/><E59/><V65/><F65/><W13/><G13/><T48/><D48/><U114/><E114/><V119/><F103/><W37/><G37/><T124/><D36/><U108/><E108/><V110/><F110/><W97/><G97/><T125/><D55/><U71/><E71/><V116/><F94/><W11/><G11/><T102/><D102/><U33/><E67/><V88/><F8/><W47/><G47/><T35/><D70/><U105/><E64/><V32/><F87/><W20/><G20/><T42/><D68/><U90/><E10/><V40/><F85/><W54/><G54/><T51/><D51/><U95/><E9/><V38/><F38/><W53/><G53/><T89/><D4/><U52/><E52/><V100/><F100/><W16/><AGARI ba="1,0" hai="16,18,19,22,25" m="51722,617,20855" machi="16" ten="40,8000,1" yaku="20,1,34,2,54,1" doraHai="61" who="3" fromWho="3" sc="196,-21,448,-21,173,-41,183,83" /><INIT seed="7,0,0,0,0,87" ten="175,427,132,266" oya="3" hai0="40,0,106,65,95,28,67,127,11,42,18,57,123" hai1="58,77,24,99,117,50,78,60,25,55,68,17,37" hai2="34,49,84,5,129,14,100,89,103,12,116,108,118" hai3="61,33,113,46,21,71,98,3,23,115,64,16,97"/><W63/><G33/><T51/><D51/><U27/><E37/><V132/><F108/><W122/><G122/><T62/><D95/><U112/><E112/><V80/><F129/><W26/><G3/><T92/><D18/><U130/><E117/><V19/><F132/><W121/><G121/><T75/><D57/><N who="1" m="33015" /><E68/><V79/><F34/><W15/><G46/><T70/><D11/><U72/><E72/><V31/><F31/><N who="3" m="17887" /><G61/><T94/><D62/><U73/><E73/><V111/><F111/><W124/><G124/><T131/><D42/><U4/><E4/><V85/><F118/><W8/><G21/><T125/><D28/><U114/><E114/><AGARI ba="0,0" hai="8,15,16,63,64,71,97,98,113,114,115" m="17887" machi="114" ten="30,2900,0" yaku="15,1,54,1" doraHai="87" who="3" fromWho="1" sc="175,0,427,-29,132,0,266,29" /><INIT seed="7,1,0,0,3,11" ten="175,398,132,295" oya="3" hai0="133,82,33,110,55,98,70,51,19,122,129,50,135" hai1="72,18,130,102,73,23,1,67,84,100,34,59,42" hai2="112,91,15,64,123,47,17,125,105,78,120,28,114" hai3="127,92,40,113,21,101,80,6,7,85,24,95,76"/><W83/><G113/><N who="2" m="43625" /><F105/><W16/><G127/><T97/><D110/><U39/><E34/><V71/><F78/><W35/><G35/><T4/><D122/><N who="2" m="46634" /><F125/><W103/><G40/><T31/><D70/><U128/><E18/><V116/><F116/><W106/><G106/><T131/><D4/><N who="3" m="1577" /><G83/><T104/><D19/><U5/><E23/><N who="2" m="11711" /><F28/><W90/><G95/><T111/><D111/><U38/><E59/><V52/><F91/><W65/><G65/><T2/><D2/><U99/><E84/><AGARI ba="1,0" hai="16,21,24,76,80,84,85,90,92,101,103" m="1577" machi="84" ten="30,2900,0" yaku="8,1,54,1" doraHai="11" who="3" fromWho="1" sc="175,0,398,-32,132,0,295,32" /><INIT seed="7,2,0,4,4,117" ten="175,366,132,327" oya="3" hai0="32,38,83,131,11,58,87,54,65,25,71,69,43" hai1="62,76,73,98,113,110,10,97,22,12,41,104,67" hai2="70,115,9,79,64,57,107,46,86,103,93,124,63" hai3="21,44,55,53,127,30,34,82,18,37,19,109,92"/><W125/><G109/><T135/><D131/><U13/><E110/><V14/><F115/><W126/><G82/><T88/><D135/><U99/><E113/><V96/><F124/><W24/><G92/><T112/><D112/><U78/><E104/><V31/><F31/><W128/><G128/><T23/><D11/><U77/><E41/><V90/><F46/><W72/><G72/><T6/><D6/><N who="1" m="3159" /><E73/><V75/><F70/><W134/><G134/><T101/><D101/><U119/><E119/><V5/><F75/><W116/><G116/><T8/><D8/><U4/><E4/><V129/><F129/><W61/><G61/><T123/><D32/><U111/><E111/><V35/><F35/><W0/><G0/><T36/><D36/><U106/><E106/><V52/><REACH who="2" step="1"/><F79/><REACH who="2" ten="175,366,122,327" step="2"/><W60/><G60/><T84/><D69/><U28/><E62/><V89/><F89/><W1/><G1/><T40/><D88/><U68/><E68/><V108/><F108/><W15/><G19/><T29/><D29/><U59/><E28/><V51/><F51/><W133/><G133/><T66/><D71/><U48/><E48/><V16/><F16/><W102/><G102/><T50/><D38/><U120/><E78/><V27/><F27/><W81/><G81/><T121/><D83/><U20/><E77/><V49/><F49/><W95/><G95/><T80/><D80/><U105/><E76/><V39/><F39/><W74/><G74/><T122/><D25/><U2/><E2/><V100/><F100/><W33/><G33/><T130/><D130/><U91/><E105/><RYUUKYOKU ba="2,1" sc="175,-15,366,-15,122,15,327,15" hai2="5,9,14,52,57,63,64,86,90,93,96,103,107" hai3="15,18,21,24,30,34,37,44,53,55,125,126,127" /><INIT seed="7,3,1,5,3,83" ten="160,351,137,342" oya="3" hai0="101,77,0,58,6,80,60,95,20,21,17,47,86" hai1="119,129,38,45,130,121,82,126,132,109,107,89,108" hai2="53,88,27,31,75,71,5,9,12,34,1,127,61" hai3="98,66,42,11,56,44,85,111,78,51,46,59,55"/><W72/><G72/><T54/><D0/><U110/><E121/><V114/><F75/><W14/><G111/><T70/><D70/><U33/><E33/><V37/><F37/><W131/><G131/><N who="1" m="50186" /><E119/><V8/><F114/><W15/><G98/><N who="0" m="59615" /><D6/><U35/><E35/><V2/><F127/><W68/><G68/><T18/><D47/><N who="3" m="17961" /><G42/><T117/><D117/><U57/><E132/><V73/><F73/><W23/><G23/><AGARI ba="3,1" hai="17,18,20,21,23,54,58,60,77,80,86" m="59615" machi="23" ten="30,2000,0" yaku="8,1,52,1" doraHai="83" who="0" fromWho="3" sc="160,39,351,0,137,0,342,-29" owari="199,-20.0,351,45.0,137,-36.0,313,11.0" /></mjloggm>