<mjloggm ver="2.3"><GO type="169" lobby="0"/><UN n0="%E3%83%AB%E3%82%BF%E3%82%B9%E3%82%B1" n1="%E3%83%88%E3%83%88%E3%83%AA%E5%85%88%E7%94%9F%31%39%E6%AD%B3" n2="%47%E9%9B%80" n3="%E3%81%82%E3%81%9A%E3%82%8C%EF%BC%A0%E7%BE%BD%E7%94%9F%E3%82%AA%E3%82%BF" dan="16,19,16,17" rate="2111.09,2322.61,2197.09,2192.25" sx="M,F,M,M"/><TAIKYOKU oya="0"/><INIT seed="0,0,0,0,4,73" ten="250,250,250,250" oya="0" hai0="70,123,8,65,132,114,46,32,109,60,4,24,26" hai1="17,68,10,19,42,92,75,30,15,25,88,81,97" hai2="14,1,102,6,103,62,98,133,125,124,54,130,50" hai3="111,96,34,56,106,49,45,16,63,82,128,3,55"/><T83/><D123/><U41/><E68/><V5/><F1/><W11/><G34/><T64/><D114/><U9/><E75/><V66/><F133/><W33/><G33/><T118/><D118/><U74/><E74/><V86/><F86/><W122/><G111/><T35/><D83/><U115/><E115/><V94/><F103/><W53/><G128/><T84/><D84/><U21/><E81/><V107/><F107/><W36/><G36/><T126/><D132/><U18/><REACH who="1" step="1"/><E10/><REACH who="1" ten="250,240,250,250" step="2"/><V2/><F130/><W117/><G117/><T134/><D134/><U43/><AGARI ba="0,1" hai="9,15,17,18,19,21,25,30,41,42,43,88,92,97" machi="43" ten="30,8000,1" yaku="1,1,2,1,0,1,8,1,54,1,53,0" doraHai="73" doraHaiUra="52" who="1" fromWho="1" sc="250,-40,240,90,250,-20,250,-20" /><INIT seed="1,0,0,3,3,13" ten="210,330,230,230" oya="1" hai0="89,42,1,104,31,26,22,60,28,46,112,24,114" hai1="119,58,16,6,56,40,109,2,96,81,70,38,94" hai2="99,17,106,79,115,21,73,62,133,80,39,66,101" hai3="51,85,120,97,93,124,131,57,87,116,68,130,126"/><U95/><E119/><V102/><F133/><W75/><G68/><T36/><D104/><U48/><E70/><V117/><F102/><W64/><G75/><T122/><D122/><U128/><E38/><V103/><F103/><N who="3" m="60847" /><G120/><T91/><D1/><U123/><E123/><V55/><F39/><W78/><G64/><T23/><D91/><N who="1" m="55391" /><E2/><V77/><F77/><W11/><G11/><T10/><D10/><U107/><E6/><V92/><F115/><W82/><G57/><N who="1" m="22122" /><E107/><V45/><F117/><W132/><G51/><T33/><D60/><U43/><E81/><V25/><F45/><W90/><G116/><T32/><REACH who="0" step="1"/><D89/><REACH who="0" ten="200,330,230,230" step="2"/><U59/><E95/><V63/><F106/><W134/><G90/><T27/><D27/><U15/><E128/><N who="3" m="49194" /><G85/><T61/><D61/><U41/><E109/><V0/><F0/><W100/><G100/><T118/><D118/><U86/><E86/><V29/><F66/><W47/><G47/><T54/><D54/><N who="1" m="32199" /><E41/><V30/><F55/><W72/><G87/><T71/><D71/><U69/><E69/><V44/><F44/><W12/><G12/><T49/><D49/><U98/><E98/><V50/><F50/><W37/><G37/><T113/><AGARI ba="0,1" hai="22,23,24,26,28,31,32,33,36,42,46,112,113,114" machi="113" ten="30,4000,0" yaku="1,1,0,1,9,1,53,0" doraHai="13" doraHaiUra="67" who="0" fromWho="0" sc="200,50,330,-20,230,-10,230,-10" /><INIT seed="2,0,0,0,1,11" ten="250,310,220,220" oya="2" hai0="16,115,78,7,37,100,47,69,74,94,60,75,17" hai1="4,15,39,9,31,116,51,29,96,13,2,54,21" hai2="98,125,46,129,52,122,85,80,55,33,3,127,111" hai3="131,92,8,97,89,1,23,87,76,79,26,135,66"/><V20/><F33/><W117/><G117/><T110/><D115/><U64/><E116/><V40/><F122/><W24/><G131/><T84/><D7/><U104/><E39/><V57/><F3/><W25/><G135/><T121/><D121/><U19/><E64/><V28/><F129/><W35/><G35/><T48/><D37/><U62/><E62/><V102/><F111/><W73/><G66/><T45/><D60/><U101/><REACH who="1" step="1"/><E2/><REACH who="1" ten="250,300,220,220" step="2"/><V43/><F125/><W99/><G1/><T72/><D110/><U18/><E18/><V133/><F127/><W58/><G73/><T49/><D69/><U93/><E93/><N who="2" m="58703" /><F133/><W134/><G134/><T22/><D17/><U32/><E32/><V124/><F124/><W128/><G128/><T130/><D130/><U30/><E30/><V44/><F28/><W63/><G23/><T105/><D22/><U81/><E81/><V38/><F38/><W10/><G10/><T70/><D16/><U50/><E50/><N who="2" m="28759" /><F20/><W119/><G8/><T14/><D70/><U95/><E95/><V6/><F6/><W34/><G34/><T114/><D94/><U12/><E12/><V106/><F106/><W67/><G119/><T36/><D14/><U120/><E120/><V123/><F123/><W56/><G67/><T91/><D36/><U5/><E5/><V109/><F109/><W77/><G63/><T82/><D105/><U0/><E0/><V41/><F80/><W126/><G126/><T112/><D82/><U61/><E61/><N who="2" m="36031" /><F85/><W90/><G87/><T118/><D84/><U59/><AGARI ba="0,1" hai="4,9,13,15,19,21,29,31,51,54,59,96,101,104" machi="59" ten="20,12000,2" yaku="1,1,0,1,7,1,52,2,53,1" doraHai="11" doraHaiUra="53" who="1" fromWho="1" sc="250,-30,300,130,220,-60,220,-30" /><INIT seed="3,0,0,0,5,3" ten="220,430,160,190" oya="3" hai0="2,26,49,4,97,34,111,73,126,38,6,22,121" hai1="31,122,41,21,1,55,51,28,17,81,0,59,50" hai2="61,116,124,39,27,94,63,119,92,40,79,75,88" hai3="107,67,129,69,133,56,117,84,102,130,58,98,66"/><W132/><G117/><T13/><D38/><U127/><E122/><V71/><F39/><W53/><G84/><T30/><D73/><U7/><E127/><V52/><F40/><W72/><G72/><T57/><D121/><U62/><E1/><V103/><F124/><W20/><G20/><T60/><D126/><U44/><E7/><N who="0" m="2601" /><D111/><U108/><E0/><V87/><F71/><W96/><G96/><T14/><D34/><U42/><E108/><V46/><F27/><W74/><G74/><T135/><D135/><N who="3" m="51785" /><G69/><T134/><D134/><U85/><E50/><V70/><F70/><W93/><G107/><T101/><D49/><U109/><E42/><V23/><F116/><W131/><G58/><T54/><D2/><U36/><E36/><V35/><F35/><W77/><G77/><T18/><D30/><U47/><E47/><V45/><F79/><W5/><G5/><T114/><D114/><U113/><E113/><V90/><F75/><W86/><G86/><T99/><D101/><U16/><E109/><V125/><F103/><W78/><G78/><T95/><D95/><U37/><E37/><V110/><F110/><W83/><G83/><T112/><D112/><U19/><E21/><V32/><F32/><W123/><G123/><T68/><D68/><U9/><E28/><V120/><F125/><W43/><G43/><T91/><D91/><N who="1" m="51631" /><E31/><V10/><F120/><W118/><G118/><T104/><D104/><U115/><E115/><V48/><F119/><W65/><G131/><T89/><D89/><U12/><AGARI ba="0,0" hai="9,12,16,17,19,41,44,51,55,59,62" m="51631" machi="12" ten="30,2000,0" yaku="8,1,54,1" doraHai="3" who="1" fromWho="1" sc="220,-5,430,20,160,-5,190,-10" /><INIT seed="4,0,0,3,2,20" ten="215,450,155,180" oya="0" hai0="54,10,4,132,63,30,61,116,99,16,56,79,65" hai1="52,76,118,104,127,40,22,7,39,41,77,23,112" hai2="74,87,58,67,80,75,128,27,57,82,19,121,36" hai3="78,35,45,72,108,6,0,48,13,42,110,94,53"/><T85/><D116/><U131/><E118/><V28/><F36/><W90/><G35/><T17/><D132/><U51/><E104/><V71/><F71/><W125/><G125/><T92/><D30/><U49/><E39/><V88/><F121/><W124/><G124/><T117/><D117/><U96/><E127/><V113/><F128/><W114/><G114/><T5/><D79/><N who="1" m="30283" /><E7/><V31/><F113/><W95/><G95/><T89/><D85/><U55/><E96/><V130/><F130/><W50/><G0/><T115/><D115/><U102/><E102/><V97/><F67/><W109/><G78/><T11/><D4/><U91/><E91/><V37/><F37/><W98/><G72/><T43/><D43/><U66/><E66/><V103/><F19/><N who="0" m="7242" /><D5/><U29/><E112/><V18/><F18/><W106/><G106/><T32/><D32/><U21/><E131/><V38/><F38/><W134/><G134/><T3/><D3/><U129/><E129/><V2/><F2/><W111/><G111/><T12/><D12/><U47/><E29/><V26/><F87/><W73/><G73/><T133/><D133/><U93/><E93/><V60/><F97/><W83/><G83/><T1/><D1/><U24/><E41/><V62/><F103/><W15/><G6/><T81/><D81/><U46/><E40/><V33/><F33/><W69/><G69/><T34/><D34/><U123/><E123/><V107/><F88/><W122/><G122/><T119/><D119/><U100/><E100/><V105/><AGARI ba="0,0" hai="26,27,28,31,57,58,60,62,74,75,80,82,105,107" machi="105" ten="25,8000,1" yaku="0,1,22,2,52,2" doraHai="20" who="2" fromWho="2" sc="215,-40,450,-20,155,80,180,-20" /><INIT seed="5,0,0,5,0,32" ten="175,430,235,160" oya="1" hai0="111,57,107,8,102,133,125,99,132,50,12,2,89" hai1="79,17,82,91,20,94,75,77,37,38,134,61,36" hai2="115,66,110,54,14,85,121,59,41,31,97,49,88" hai3="3,42,62,119,15,124,127,98,130,101,35,40,113"/><U108/><E134/><V19/><F110/><W27/><G113/><T25/><D111/><U71/><E108/><V56/><F121/><W120/><G120/><T81/><D125/><U68/><E77/><V131/><F31/><W13/><G130/><T6/><D25/><U33/><E33/><V86/><F131/><W48/><G62/><T11/><D89/><U117/><E117/><V69/><F69/><W51/><G3/><T126/><D81/><U129/><E129/><V28/><F28/><W114/><G114/><T64/><D126/><N who="3" m="48169" /><G27/><T83/><D83/><U84/><REACH who="1" step="1"/><E61/><REACH who="1" ten="175,420,235,160" step="2"/><N who="2" m="38207" /><F115/><W95/><G35/><T21/><D132/><U4/><E4/><V43/><F97/><W106/><G119/><T24/><D133/><U39/><N who="1" m="9216" /><DORA hai="52" /><U128/><E128/><V92/><F85/><W118/><G118/><T100/><D99/><U34/><E34/><V0/><F0/><W58/><G98/><T123/><D123/><U47/><E47/><V44/><F44/><W55/><G51/><T122/><D122/><U30/><E30/><V74/><F74/><W26/><G48/><T112/><D112/><U104/><E104/><V135/><F135/><W96/><G106/><T46/><D107/><U87/><E87/><V9/><AGARI ba="0,1" hai="9,14,19,41,43,49,54,56,86,88,92" m="38207" machi="9" ten="30,7900,0" yaku="8,1,52,2,54,1" doraHai="32,52" who="2" fromWho="2" sc="175,-20,420,-39,235,89,160,-20" /><INIT seed="6,0,0,3,3,25" ten="155,381,324,140" oya="2" hai0="123,49,13,56,108,43,1,71,110,120,104,64,111" hai1="36,22,103,91,48,5,106,15,55,40,96,18,113" hai2="72,10,23,129,53,3,26,135,41,11,77,59,24" hai3="61,121,94,14,76,21,102,80,42,65,32,85,35"/><V87/><F72/><W34/><G121/><N who="0" m="46667" /><D104/><U118/><E118/><V46/><F135/><W125/><G125/><T0/><D13/><U62/><E113/><V81/><F129/><W127/><G127/><T2/><D56/><U30/><E62/><V60/><F26/><W78/><G42/><T6/><D49/><U16/><E5/><V117/><F3/><W119/><G119/><T19/><D19/><U134/><E134/><V116/><F117/><W90/><G102/><T70/><D43/><U100/><E30/><V98/><F98/><W37/><G37/><T9/><D64/><U88/><E103/><V66/><F66/><W68/><REACH who="3" step="1"/><G80/><REACH who="3" ten="155,381,324,130" step="2"/><T73/><D73/><U89/><E40/><V82/><F81/><W124/><G124/><T20/><D71/><U93/><E36/><V107/><F116/><W63/><G63/><T97/><D70/><U131/><E131/><V7/><F107/><W86/><G86/><T45/><D97/><U75/><E75/><V27/><F7/><W38/><G38/><T99/><D99/><U17/><E106/><V112/><F112/><W50/><G50/><T74/><D74/><U39/><E39/><V115/><F115/><W28/><G28/><T109/><D108/><U58/><AGARI ba="0,1" hai="15,16,17,18,22,48,55,58,88,89,91,93,96,100" machi="58" ten="30,7900,0" yaku="0,1,8,1,54,2" doraHai="25" who="1" fromWho="1" sc="155,-20,381,89,324,-39,130,-20" /><INIT seed="7,0,0,0,3,90" ten="135,470,285,110" oya="3" hai0="91,111,76,20,21,130,108,49,99,124,57,53,16" hai1="103,31,118,18,25,36,113,14,121,46,112,80,22" hai2="84,116,37,35,94,135,83,88,30,102,125,70,104" hai3="107,60,85,74,82,105,66,42,62,86,58,72,45"/><W50/><G85/><T133/><D76/><U13/><E121/><V106/><F37/><W78/><REACH who="3" step="1"/><G60/><REACH who="3" ten="135,470,285,100" step="2"/><T101/><D133/><U127/><E113/><V15/><F135/><W77/><G77/><T63/><D130/><U9/><E112/><V119/><F116/><W128/><G128/><T26/><D124/><U24/><E127/><V64/><F119/><W59/><G59/><T68/><D91/><U32/><E118/><V55/><F125/><W33/><G33/><T71/><D71/><U115/><E32/><V79/><F70/><W97/><G97/><T17/><D63/><U67/><E115/><V19/><F102/><W61/><G61/><T5/><D68/><U122/><E103/><V7/><F79/><W56/><G56/><T129/><D129/><U69/><E69/><V65/><F35/><W109/><G109/><T8/><D99/><U23/><E122/><V0/><F84/><W52/><G52/><T114/><D101/><U120/><E120/><V117/><F55/><W100/><G100/><T3/><D114/><U44/><E67/><V93/><F117/><W131/><G131/><T48/><D49/><U6/><E36/><V134/><F88/><W40/><G40/><T132/><D132/><U98/><E98/><V92/><F134/><W87/><G87/><T27/><AGARI ba="0,1" hai="3,5,8,16,17,20,21,26,27,48,53,57,108,111" machi="27" ten="20,5200,0" yaku="0,1,7,1,9,1,54,1" doraHai="90" who="0" fromWho="0" sc="135,62,470,-13,285,-13,100,-26" owari="197,-20.0,457,56.0,272,7.0,74,-43.0" /></mjloggm>