<mjloggm ver="2.3"><GO type="169" lobby="0"/><UN n0="%E6%98%9F%E9%99%8D%E3%82%8B%E8%A1%97" n1="%4E%49%53%48%49" n2="%E3%88%B1%E3%83%AA%E3%82%B3%E3%81%B4%E3%82%87%E3%82%93" n3="%E3%82%A6%E3%83%AB%E3%83%88%E3%83%A9%E7%AB%8B%E7%9B%B4" dan="17,16,16,17" rate="2135.98,2134.28,2079.10,2121.96" sx="F,M,F,M"/><TAIKYOKU oya="0"/><INIT seed="0,0,0,5,4,87" ten="250,250,250,250" oya="0" hai0="52,54,41,47,28,64,134,24,51,75,98,109,77" hai1="0,89,114,42,84,59,39,65,132,125,73,18,19" hai2="107,119,80,85,90,50,66,60,32,128,38,9,83" hai3="13,127,69,34,93,108,71,26,121,55,122,46,78"/><T116/><D116/><U37/><E114/><V10/><F38/><W25/><G78/><T5/><D134/><U1/><E73/><V112/><F112/><W111/><G13/><T79/><D109/><N who="3" m="42057" /><G127/><T91/><D64/><U135/><E125/><V82/><F128/><W104/><G104/><T20/><D5/><U31/><E31/><V106/><F32/><W40/><G55/><N who="0" m="21035" /><D75/><U110/><E42/><V88/><F50/><W61/><G93/><AGARI ba="0,0" hai="20,24,28,41,47,51,77,79,91,93,98" m="21035" machi="93" ten="30,5800,0" yaku="8,1,52,1,54,1" doraHai="87" who="0" fromWho="3" sc="250,58,250,0,250,0,250,-58" /><INIT seed="0,1,0,3,3,14" ten="308,250,250,192" oya="0" hai0="35,38,79,45,83,61,25,13,107,26,134,73,41" hai1="115,51,78,91,104,44,36,106,132,7,2,109,60" hai2="97,88,72,11,116,8,131,37,85,0,69,57,76" hai3="124,53,66,10,68,22,12,108,32,19,96,80,128"/><T18/><D107/><U50/><E109/><V102/><F69/><W29/><G108/><T113/><D113/><U15/><E132/><V17/><F37/><W94/><G128/><T64/><D35/><U93/><E115/><V74/><F131/><W46/><G124/><T33/><D33/><U65/><E2/><V100/><F76/><W135/><G135/><T82/><D82/><U123/><E36/><V114/><F114/><W39/><G32/><T98/><D98/><U122/><E78/><V92/><F102/><W49/><G39/><T75/><D75/><U99/><E51/><V129/><F129/><W125/><G125/><T59/><REACH who="0" step="1"/><D134/><REACH who="0" ten="298,250,250,192" step="2"/><U127/><E123/><V47/><F74/><W28/><G80/><T77/><D77/><U55/><E122/><V86/><F72/><W110/><G110/><T5/><D5/><U30/><E127/><V130/><F130/><W111/><G111/><T23/><AGARI ba="1,1" hai="13,18,23,25,26,38,41,45,59,61,64,73,79,83" machi="23" ten="20,7800,0" yaku="1,1,0,1,7,1,52,1,53,0" doraHai="14" doraHaiUra="101" who="0" fromWho="0" sc="298,91,250,-27,250,-27,192,-27" /><INIT seed="0,2,0,1,3,72" ten="389,223,223,165" oya="0" hai0="134,59,97,78,24,90,58,96,26,84,55,63,135" hai1="7,71,76,4,70,46,107,18,17,10,99,105,100" hai2="37,79,14,116,45,66,62,98,120,34,39,130,129" hai3="83,94,113,22,108,43,91,73,109,92,69,114,60"/><T42/><D78/><U95/><E71/><V2/><F2/><W75/><G43/><T93/><D42/><U44/><E70/><V124/><F34/><W112/><G60/><T88/><D59/><U86/><E107/><V77/><F120/><W101/><G22/><T48/><D48/><U89/><E4/><V118/><F124/><W103/><G69/><T35/><D97/><U131/><E131/><N who="2" m="50187" /><F98/><N who="3" m="59607" /><G103/><T127/><D127/><U31/><E31/><V74/><F74/><N who="3" m="28171" /><G83/><T40/><D40/><U67/><E76/><N who="2" m="29259" /><F14/><W15/><G15/><T106/><D106/><U122/><E122/><V8/><F8/><W115/><N who="3" m="28672" /><DORA hai="68" /><W30/><G30/><T125/><D125/><U132/><E10/><V128/><F128/><W1/><G1/><T56/><D35/><U104/><E7/><V38/><F45/><W0/><G0/><T20/><D24/><U111/><E46/><V49/><F49/><W36/><G36/><T9/><D9/><U12/><E44/><V52/><F66/><W54/><G54/><T25/><D26/><U16/><E67/><V29/><F29/><W50/><G50/><T87/><D20/><U21/><E21/><V133/><F133/><W51/><G51/><N who="0" m="30847" /><D25/><U57/><E132/><V19/><F19/><W117/><G117/><N who="2" m="45161" /><F52/><W65/><G65/><N who="0" m="39159" /><D135/><U85/><E12/><V32/><F32/><W110/><G110/><T80/><D134/><U126/><E111/><V82/><F62/><W23/><G23/><T6/><D6/><U28/><E126/><V3/><F3/><W102/><G102/><T119/><D119/><U64/><E100/><RYUUKYOKU ba="2,0" sc="389,10,223,-30,223,10,165,10" hai0="80,84,87,88,90,93,96" hai2="37,38,39,82" hai3="91,92,108,109" /><INIT seed="0,3,0,3,0,95" ten="399,193,233,175" oya="0" hai0="97,108,123,71,18,124,73,57,58,54,107,67,109" hai1="83,17,51,3,113,6,61,76,68,88,134,60,119" hai2="16,115,4,63,9,102,130,77,121,90,21,111,44" hai3="74,96,40,120,129,8,84,131,72,7,43,91,64"/><T135/><D73/><U12/><E134/><V37/><F121/><W27/><G64/><T5/><D123/><U117/><E113/><V62/><F115/><W13/><G120/><T85/><D5/><U10/><E51/><V106/><F111/><N who="0" m="42570" /><D135/><U89/><E119/><V55/><F77/><W24/><G74/><T41/><D41/><U127/><E127/><V11/><F11/><W56/><G72/><T82/><D124/><U2/><E117/><V25/><F130/><N who="3" m="49675" /><G56/><T86/><D18/><U118/><E118/><V70/><F90/><W31/><G27/><T52/><D71/><U47/><E47/><V93/><F70/><W42/><G42/><T15/><D15/><U53/><E2/><V65/><F37/><W22/><G96/><T23/><D23/><U32/><E32/><V66/><F25/><W126/><G126/><T101/><D86/><U79/><E3/><V19/><F21/><W1/><G1/><T116/><D116/><U26/><E68/><V87/><F87/><W92/><AGARI ba="3,0" hai="7,8,13,22,24,31,40,43,84,91,92" m="49675" machi="92" ten="30,1100,0" yaku="19,1" doraHai="95" who="3" fromWho="3" sc="399,-8,193,-6,233,-6,175,20" /><INIT seed="1,0,0,1,1,2" ten="391,187,227,195" oya="1" hai0="4,111,94,112,77,11,9,102,120,129,10,110,62" hai1="8,122,135,124,56,118,50,134,116,108,17,32,54" hai2="130,84,16,98,23,38,5,58,51,85,45,29,133" hai3="83,92,132,63,37,97,24,69,6,65,18,47,28"/><U15/><E32/><V99/><F130/><W103/><G132/><N who="1" m="50730" /><E122/><V22/><F133/><W48/><G83/><T31/><D112/><U53/><E124/><V126/><F38/><W14/><G37/><T117/><D117/><N who="1" m="45163" /><E54/><V33/><F33/><W127/><G127/><T82/><D129/><U114/><E108/><V61/><F29/><W30/><G24/><T36/><D120/><U100/><E100/><V52/><F5/><W60/><G60/><T73/><D36/><U68/><E68/><V75/><F75/><W67/><G67/><T12/><D62/><U21/><E21/><V121/><F23/><W107/><G107/><T88/><D102/><U35/><E35/><V95/><F126/><W109/><G109/><N who="0" m="41483" /><D31/><U113/><AGARI ba="0,0" hai="8,15,17,50,53,56,113,114" m="45163,50730" machi="113" ten="40,2100,0" yaku="20,1" doraHai="2" who="1" fromWho="1" sc="391,-7,187,21,227,-7,195,-7" /><INIT seed="1,1,0,2,2,75" ten="384,208,220,188" oya="1" hai0="94,81,109,70,57,59,78,58,92,27,4,37,119" hai1="19,107,8,105,55,21,106,74,135,66,14,48,86" hai2="56,28,60,5,79,121,11,120,131,129,103,102,104" hai3="90,54,13,97,73,127,63,122,101,29,6,24,116"/><U69/><E74/><V2/><F28/><W71/><G122/><T68/><D37/><U134/><E86/><V128/><F79/><W99/><G127/><T61/><D119/><U77/><E77/><V47/><F47/><W12/><G73/><T46/><D109/><U67/><E69/><V108/><F108/><W32/><G116/><T34/><D46/><U30/><E30/><V15/><F2/><W126/><G126/><T118/><D118/><U100/><E100/><N who="2" m="38443" /><F104/><W39/><G39/><T10/><D70/><U1/><E1/><V23/><F23/><W51/><G6/><T123/><D123/><U42/><E42/><V26/><F26/><W44/><G90/><T36/><D36/><U52/><E21/><V89/><F89/><W112/><G112/><T3/><D61/><U17/><E17/><V20/><F20/><W130/><G130/><T50/><D68/><U35/><E35/><V25/><F25/><W85/><G85/><T53/><D27/><U40/><E135/><V22/><F22/><W43/><G99/><T49/><D34/><U125/><E125/><V80/><F80/><W132/><G132/><T95/><REACH who="0" step="1"/><D53/><AGARI ba="1,0" hai="5,11,15,53,56,60,120,121,128,129,131" m="38443" machi="53" ten="30,1000,0" yaku="19,1" doraHai="75" who="2" fromWho="0" sc="384,-13,208,0,220,13,188,0" /><INIT seed="2,0,0,4,1,120" ten="371,208,233,188" oya="2" hai0="57,78,16,72,1,56,71,11,60,38,63,18,15" hai1="102,125,76,96,37,62,104,64,39,101,51,30,119" hai2="110,99,127,14,3,115,130,131,118,124,12,133,61" hai3="29,85,2,128,73,36,49,27,134,24,32,87,93"/><V83/><F115/><W86/><G36/><T4/><D38/><U47/><E119/><V84/><F118/><W88/><G128/><N who="2" m="49193" /><F3/><W103/><G134/><T79/><D71/><U43/><E125/><N who="2" m="48203" /><F133/><W26/><G73/><T132/><D132/><U113/><E113/><V80/><F110/><W13/><G2/><T126/><D126/><U53/><E76/><N who="0" m="29225" /><D72/><U68/><E102/><V52/><F99/><W92/><G13/><N who="2" m="5225" /><F84/><W41/><G103/><T8/><D1/><U55/><E39/><V105/><F105/><W17/><G86/><T107/><D107/><U109/><E109/><V19/><F19/><N who="0" m="7210" /><D11/><U129/><E129/><V94/><F94/><W31/><G17/><T5/><D5/><U111/><E111/><V100/><F100/><W50/><G93/><T74/><D74/><U117/><E117/><V123/><F123/><W25/><G87/><T22/><D22/><U59/><E30/><V66/><F66/><W48/><REACH who="3" step="1"/><G41/><REACH who="3" ten="371,208,233,178" step="2"/><T33/><D15/><U97/><E97/><V81/><F81/><W95/><G95/><T98/><D98/><U35/><E55/><V77/><F77/><W89/><G89/><T82/><D82/><U40/><E40/><V135/><F135/><W108/><G108/><T34/><D4/><U116/><E116/><V91/><F91/><W67/><G67/><N who="0" m="39303" /><D8/><U75/><REACH who="1" step="1"/><E75/><REACH who="1" ten="371,198,233,178" step="2"/><V7/><F7/><W6/><G6/><T121/><D121/><U69/><E69/><V112/><F112/><W28/><AGARI ba="0,2" hai="24,25,26,27,28,29,31,32,48,49,50,85,88,92" machi="28" ten="40,5200,0" yaku="1,1,0,1,54,1,53,0" doraHai="120" doraHaiUra="70" who="3" fromWho="3" sc="371,-13,198,-13,233,-26,178,72" /><INIT seed="3,0,0,5,0,126" ten="358,185,207,250" oya="3" hai0="31,82,75,58,57,49,109,12,133,124,27,23,64" hai1="74,66,110,33,100,96,91,78,69,72,89,105,29" hai2="45,61,35,111,37,108,115,42,19,54,130,79,85" hai3="22,76,43,129,26,73,59,127,24,113,84,116,34"/><W10/><G116/><T123/><D124/><U86/><E110/><N who="2" m="42027" /><F115/><W119/><G73/><T81/><D123/><U112/><E112/><V18/><F35/><W62/><G119/><T4/><D75/><U90/><E78/><V63/><F130/><W93/><G127/><T71/><D71/><U52/><E86/><V102/><F102/><W55/><G113/><T120/><D133/><U14/><E14/><V50/><F79/><W28/><G129/><T41/><D120/><U95/><E95/><V3/><F3/><W134/><G134/><T83/><D109/><U7/><E7/><V38/><F85/><W15/><G43/><T44/><D64/><U101/><E101/><V103/><F103/><W53/><G53/><T9/><AGARI ba="0,0" hai="4,9,12,23,27,31,41,44,49,57,58,81,82,83" machi="9" ten="30,2000,0" yaku="0,1,8,1" doraHai="126" who="0" fromWho="0" sc="358,20,185,-5,207,-5,250,-10" /><INIT seed="4,0,0,3,1,15" ten="378,180,202,240" oya="0" hai0="85,131,75,114,111,55,135,134,14,115,36,76,39" hai1="106,71,23,41,67,113,92,86,40,100,104,132,12" hai2="90,35,44,69,2,74,89,60,49,101,5,120,30" hai3="42,59,128,37,125,57,33,83,9,22,61,118,4"/><T25/><D75/><U129/><E132/><N who="0" m="50729" /><D131/><U107/><E129/><V48/><F48/><W81/><G33/><T110/><D25/><U130/><E130/><V32/><F74/><W27/><G118/><T66/><D66/><U108/><E108/><N who="0" m="41513" /><D14/><U78/><E113/><N who="0" m="43017" /><D55/><U116/><E116/><V96/><F120/><W73/><G27/><T119/><D119/><U34/><E34/><V80/><F35/><W87/><G73/><T133/><N who="0" m="50737" /><T13/><DORA hai="124" /><D13/><U31/><E12/><V77/><F32/><W20/><G128/><T54/><D54/><U64/><E67/><V3/><F3/><W28/><G9/><T1/><D1/><U72/><E64/><V56/><F2/><W0/><G0/><T123/><D123/><U24/><E72/><V62/><F69/><W99/><G4/><T121/><D121/><U127/><E71/><V70/><F70/><W93/><G20/><T63/><D63/><U105/><N who="1" m="26624" /><DORA hai="16" /><U65/><E65/><V17/><F5/><W47/><G22/><T50/><D50/><U95/><E40/><V52/><F60/><W18/><G61/><T98/><D98/><U94/><E41/><V103/><F96/><W26/><G99/><T10/><D10/><U117/><E117/><V21/><F21/><W46/><G42/><T7/><D7/><U8/><E8/><V126/><F62/><W45/><G26/><T11/><D11/><U112/><E112/><V51/><F51/><W58/><G28/><T53/><D53/><U102/><E31/><V109/><F30/><W38/><G38/><T97/><D97/><RYUUKYOKU ba="0,0" sc="378,30,180,-10,202,-10,240,-10" hai0="36,39,76,85" /><INIT seed="4,1,0,3,0,122" ten="408,170,192,230" oya="0" hai0="124,92,17,126,11,59,62,88,56,82,83,128,121" hai1="24,104,51,65,55,133,63,118,45,94,135,90,70" hai2="101,99,8,107,103,35,47,49,75,10,112,67,14" hai3="40,91,1,7,33,36,68,97,110,43,127,78,54"/><T93/><D121/><U105/><E118/><V71/><F112/><W131/><G33/><T72/><D128/><U3/><E3/><V96/><F75/><W89/><G68/><T111/><D111/><U134/><REACH who="1" step="1"/><E24/><REACH who="1" ten="408,160,192,230" step="2"/><V123/><F123/><W28/><G1/><T98/><D126/><U102/><E102/><V132/><F101/><W19/><G127/><T18/><D124/><U57/><E57/><V34/><F103/><W4/><G131/><T108/><D59/><U76/><E76/><V125/><F125/><W80/><G78/><T81/><D72/><U77/><E77/><V115/><F115/><W113/><G113/><T52/><D108/><U50/><E50/><V84/><F49/><W129/><G110/><T2/><REACH who="0" step="1"/><D93/><REACH who="0" ten="398,160,192,230" step="2"/><U39/><E39/><V23/><F71/><W74/><G36/><T73/><D73/><U25/><E25/><V21/><F107/><W119/><G74/><T26/><D26/><U85/><AGARI ba="1,2" hai="45,51,55,63,65,70,85,90,94,104,105,133,134,135" machi="85" ten="30,4000,0" yaku="1,1,0,1,20,1,53,0" doraHai="122" doraHaiUra="38" who="1" fromWho="1" sc="398,-21,160,63,192,-11,230,-11" /><INIT seed="5,0,0,1,3,38" ten="377,223,181,219" oya="1" hai0="39,7,135,108,9,85,46,51,115,18,105,93,0" hai1="117,123,66,122,78,112,20,43,120,96,30,101,35" hai2="83,17,81,91,32,24,92,124,69,48,119,109,76" hai3="100,1,47,10,75,130,13,111,103,58,84,87,126"/><U8/><E117/><V133/><F119/><W98/><G111/><T26/><D105/><U70/><E112/><V88/><F109/><W131/><G1/><T128/><D39/><U57/><E78/><V77/><F124/><W89/><G75/><T41/><D108/><U28/><E35/><V64/><F133/><W104/><G126/><T121/><D135/><U60/><E70/><V107/><F107/><W127/><G127/><T61/><D115/><U31/><E8/><V40/><F69/><W45/><G58/><T72/><D72/><U63/><E63/><V11/><F64/><W62/><G103/><T65/><D128/><N who="3" m="49193" /><G62/><T99/><D85/><N who="3" m="32841" /><G89/><N who="2" m="34377" /><F92/><W80/><G80/><N who="2" m="30793" /><F32/><W44/><G44/><T73/><D73/><U33/><E33/><V71/><F71/><W113/><G113/><T82/><D82/><U56/><E56/><V67/><F67/><W132/><G132/><T52/><D65/><U27/><REACH who="1" step="1"/><E43/><REACH who="1" ten="377,213,181,219" step="2"/><V118/><F118/><W21/><G21/><T68/><D68/><U12/><E12/><N who="2" m="7327" /><F24/><W4/><AGARI ba="0,1" hai="4,10,13,45,47,98,100,104" m="32841,49193" machi="4" ten="30,1100,0" yaku="19,1" doraHai="38" who="3" fromWho="3" sc="377,-3,213,-5,181,-3,219,21" /><INIT seed="6,0,0,1,1,80" ten="374,208,178,240" oya="2" hai0="37,68,69,66,15,100,103,0,42,105,13,54,92" hai1="124,53,133,31,72,62,86,61,40,94,20,12,130" hai2="117,127,60,83,57,125,45,102,75,5,9,114,70" hai3="4,52,50,2,59,71,30,38,48,6,55,128,110"/><V17/><F117/><W18/><G110/><T93/><D54/><U85/><E72/><V87/><F114/><W84/><G71/><T8/><D8/><U123/><E130/><V21/><F70/><W82/><G38/><T35/><D42/><U97/><E133/><V79/><F102/><W81/><G2/><T26/><D26/><U113/><E124/><N who="2" m="47691" /><F45/><N who="3" m="27663" /><G128/><T19/><D19/><U1/><E113/><V3/><F75/><W46/><G30/><T126/><D126/><U16/><E1/><V65/><F21/><W111/><G111/><T7/><D35/><U49/><E40/><V43/><F43/><N who="3" m="24927" /><G18/><AGARI ba="0,0" hai="3,5,9,17,18,57,60,65,79,83,87" m="47691" machi="18" ten="30,2900,0" yaku="18,1,52,1" doraHai="80" who="2" fromWho="3" sc="374,0,208,0,178,29,240,-29" /><INIT seed="6,1,0,4,4,6" ten="374,208,207,211" oya="2" hai0="77,26,68,75,43,105,76,129,135,127,132,49,130" hai1="84,87,71,116,25,1,20,44,12,85,95,40,112" hai2="113,122,17,30,79,4,35,100,78,42,72,57,104" hai3="69,2,36,52,67,64,94,83,11,5,120,47,103"/><V39/><F122/><W131/><G120/><T61/><D105/><U23/><E1/><V88/><F113/><W126/><G69/><T107/><D107/><U53/><E71/><V34/><F104/><W96/><G131/><N who="0" m="50187" /><D127/><U125/><E125/><V32/><F100/><W80/><G126/><T14/><D26/><U31/><E116/><V114/><F114/><W41/><REACH who="3" step="1"/><G52/><REACH who="3" ten="374,208,207,201" step="2"/><T109/><D68/><U110/><E53/><V16/><F42/><W82/><AGARI ba="1,1" hai="2,5,11,36,41,47,64,67,80,82,83,94,96,103" machi="82" ten="30,7900,0" yaku="1,1,2,1,0,1,52,1,53,0" doraHai="6" doraHaiUra="86" who="3" fromWho="3" sc="374,-21,208,-21,207,-40,201,92" /><INIT seed="7,0,0,5,5,82" ten="353,187,167,293" oya="3" hai0="132,6,118,115,60,81,26,39,58,45,29,103,0" hai1="91,113,127,9,63,78,35,31,2,85,64,52,54" hai2="23,13,3,79,61,47,73,98,50,36,41,10,75" hai3="32,99,101,130,84,97,74,123,16,83,77,18,33"/><W134/><G123/><T20/><D118/><U56/><E113/><V38/><F3/><W28/><G130/><T67/><D115/><U102/><E127/><V8/><F8/><W30/><G134/><T90/><D132/><U111/><E111/><V37/><F79/><W66/><G66/><T22/><D103/><U12/><E2/><V17/><F98/><W129/><G129/><T55/><D0/><U106/><E78/><V7/><REACH who="2" step="1"/><F61/><REACH who="2" ten="353,187,157,293" step="2"/><W21/><G99/><T40/><D6/><U57/><E106/><V133/><F133/><W124/><G97/><T44/><D60/><U25/><E102/><V116/><F116/><W125/><G101/><T119/><D119/><U112/><E112/><V126/><F126/><W48/><G125/><T107/><D107/><U128/><E128/><V59/><F59/><W69/><G124/><T5/><D58/><U62/><E56/><V27/><AGARI ba="0,1" hai="7,10,13,17,23,27,36,37,38,41,47,50,73,75" machi="27" ten="30,2000,0" yaku="1,1,0,1,53,0" doraHai="82" doraHaiUra="76" who="2" fromWho="2" sc="353,-5,187,-5,157,30,293,-10" owari="348,45.0,182,-32.0,187,-21.0,283,8.0" /></mjloggm>