<mjloggm ver="2.3"><GO type="169" lobby="0"/><UN n0="%E3%80%93%E5%AE%AE%E6%A3%AE%E3%81%82%E3%81%8A%E3%81%84%E3%80%93" n1="%E7%8B%AC%E6%AD%A9" n2="%E6%97%85%E9%A4%A8%E5%B1%8B" n3="%E3%82%A6%E3%83%AB%E3%83%88%E3%83%A9%E7%AB%8B%E7%9B%B4" dan="16,20,16,16" rate="2111.80,2202.56,2086.46,2163.02" sx="M,M,M,M"/><TAIKYOKU oya="0"/><INIT seed="0,0,0,1,1,60" ten="250,250,250,250" oya="0" hai0="78,101,88,62,87,90,113,121,107,50,108,94,8" hai1="51,85,27,5,28,17,33,48,41,77,119,15,1" hai2="98,25,130,105,16,24,122,6,37,82,96,20,81" hai3="26,93,44,10,29,75,134,66,12,120,123,22,40"/><T54/><D113/><U46/><E119/><V13/><F122/><N who="3" m="46635" /><G75/><T59/><D121/><U14/><E14/><V63/><F37/><N who="3" m="21519" /><G93/><T68/><D78/><U117/><E117/><V2/><F130/><W45/><G45/><T21/><D108/><U11/><E48/><V70/><F2/><W56/><G134/><T79/><D79/><U9/><E77/><V47/><F47/><W19/><G56/><T55/><D107/><U74/><REACH who="1" step="1"/><E85/><REACH who="1" ten="250,240,250,250" step="2"/><V135/><F13/><W32/><G66/><T129/><D87/><U84/><E84/><V4/><F135/><W23/><AGARI ba="0,1" hai="10,12,19,22,23,26,29,32" m="21519,46635" machi="23" ten="30,1100,0" yaku="13,1" doraHai="60" who="3" fromWho="3" sc="250,-5,240,-3,250,-3,250,21" /><INIT seed="1,0,0,0,0,129" ten="245,237,247,271" oya="1" hai0="77,131,122,31,100,68,93,7,59,57,47,74,88" hai1="78,101,97,67,12,53,35,80,133,55,41,6,58" hai2="4,63,65,28,23,85,51,96,5,26,126,18,134" hai3="113,25,121,39,107,29,17,70,30,49,56,92,40"/><U13/><E35/><V8/><F126/><W54/><G107/><T43/><D68/><U48/><E67/><V75/><F75/><W3/><G3/><T109/><D100/><U69/><E69/><V111/><F111/><W50/><G113/><T14/><D109/><U62/><E41/><V117/><F117/><W11/><G39/><T33/><D131/><U90/><E90/><V135/><F85/><W71/><G71/><T118/><D118/><U66/><E6/><V83/><F83/><W123/><G70/><T81/><D122/><U86/><E133/><N who="2" m="50699" /><F96/><W60/><G121/><T104/><D81/><U84/><E84/><V32/><F8/><W108/><G108/><T87/><D77/><U72/><E72/><V105/><F105/><W45/><G92/><T106/><D106/><U37/><E37/><V27/><F51/><W16/><G50/><T103/><D104/><U125/><E125/><V10/><F10/><W76/><G76/><T52/><D74/><U34/><E34/><V98/><F98/><W119/><G119/><T21/><D33/><U0/><E0/><V91/><F91/><W61/><G49/><T132/><D132/><U22/><E97/><V82/><F82/><W44/><G11/><T114/><D87/><U19/><E101/><V102/><F102/><W124/><G124/><T112/><D103/><U115/><E115/><V128/><F128/><W94/><G123/><T99/><D112/><U42/><E48/><V24/><F27/><W120/><G25/><T127/><D114/><U116/><E116/><V9/><F9/><W95/><G120/><RYUUKYOKU ba="0,0" sc="245,-10,237,-10,247,30,271,-10" hai2="4,5,18,23,24,26,28,32,63,65" /><INIT seed="2,1,0,3,3,73" ten="235,227,277,261" oya="2" hai0="110,34,37,44,17,6,24,77,60,45,65,26,84" hai1="109,38,90,89,61,42,112,91,78,64,46,71,123" hai2="57,51,68,49,122,21,40,104,4,54,72,31,43" hai3="7,92,130,66,75,134,99,1,13,95,121,12,11"/><V67/><F104/><W102/><G121/><T108/><D6/><U116/><E116/><V16/><F72/><W120/><G120/><T118/><D34/><U97/><E123/><V81/><F122/><W82/><G130/><T59/><D118/><U132/><E112/><V111/><F31/><W22/><G134/><T83/><D37/><U126/><E109/><N who="0" m="42089" /><D17/><U106/><E132/><V55/><F111/><W98/><G66/><T53/><D45/><U15/><E126/><V115/><F81/><W18/><G75/><T2/><D2/><U113/><E113/><V107/><F107/><W56/><G56/><N who="0" m="36999" /><D44/><U101/><REACH who="1" step="1"/><E15/><REACH who="1" ten="235,217,277,261" step="2"/><V58/><F115/><W41/><G1/><T119/><D119/><U39/><E39/><V48/><F48/><AGARI ba="1,1" hai="24,26,48,53,59,77,83,84" m="36999,42089" machi="48" ten="30,2000,0" yaku="14,1,52,1" doraHai="73" who="0" fromWho="2" sc="235,33,217,0,277,-23,261,0" /><INIT seed="3,0,0,3,1,82" ten="268,217,254,261" oya="3" hai0="74,32,109,17,133,47,97,8,62,116,5,80,12" hai1="16,40,2,30,64,87,111,113,43,36,3,61,76" hai2="98,124,48,60,118,39,131,45,53,23,49,31,29" hai3="129,92,103,38,71,55,27,50,0,66,77,26,122"/><W104/><G122/><T68/><D116/><U4/><E113/><V90/><F39/><W128/><G0/><T25/><D109/><U110/><E30/><V52/><F118/><W69/><G104/><T93/><D133/><U117/><E117/><V94/><F131/><N who="3" m="50251" /><G77/><T19/><D47/><U41/><E36/><V21/><F60/><N who="3" m="40135" /><G71/><T85/><D74/><U79/><E16/><V18/><F124/><W106/><G106/><T35/><D68/><U20/><E20/><N who="2" m="7755" /><F18/><W42/><G42/><T22/><D19/><U14/><E14/><V88/><F90/><W46/><G38/><T15/><D62/><U28/><E28/><V105/><F105/><W67/><G67/><T135/><D135/><U44/><E44/><AGARI ba="0,0" hai="29,31,44,45,48,49,52,53,88,94,98" m="7755" machi="44" ten="30,3900,0" yaku="8,1,54,2" doraHai="82" who="2" fromWho="1" sc="268,0,217,-39,254,39,261,0" /><INIT seed="4,0,0,0,3,52" ten="268,178,293,261" oya="0" hai0="132,101,98,97,40,106,115,50,130,27,42,53,51" hai1="54,85,129,0,48,90,74,28,33,60,63,88,18" hai2="69,117,55,26,10,93,17,65,45,1,68,20,59" hai3="119,134,131,84,104,57,35,121,120,41,114,61,9"/><T15/><D115/><U86/><E0/><V36/><F117/><W23/><G35/><T109/><D130/><U95/><E74/><V13/><F1/><W70/><G70/><T113/><D113/><U99/><E129/><V71/><F93/><W135/><G104/><T92/><D132/><U81/><E33/><V21/><F21/><W112/><G131/><T96/><D109/><U24/><E28/><V38/><F45/><W29/><G41/><T73/><D73/><U58/><E24/><V6/><REACH who="2" step="1"/><F65/><REACH who="2" ten="268,178,283,261" step="2"/><W2/><G119/><T128/><D128/><U66/><E66/><V79/><F79/><W75/><G2/><T125/><D106/><U91/><E18/><V12/><F12/><W110/><G114/><T83/><D15/><U127/><E127/><V32/><F32/><W100/><G112/><T126/><D126/><U124/><E124/><V133/><F133/><W30/><G135/><T82/><D125/><U46/><E46/><V11/><F11/><W102/><G9/><T107/><D107/><U76/><E76/><V43/><F43/><W49/><G23/><T5/><D42/><U116/><E116/><V7/><F7/><W123/><G134/><T87/><D5/><U89/><E89/><V39/><F39/><W16/><G123/><T72/><D40/><U14/><E14/><V25/><F25/><W94/><G121/><T80/><D27/><U122/><E122/><V47/><F47/><W105/><G105/><T64/><D64/><U67/><E67/><V34/><F34/><W3/><G120/><T56/><D92/><AGARI ba="0,1" hai="48,54,58,60,63,81,85,86,88,90,91,92,95,99" machi="92" ten="30,7700,0" yaku="7,1,8,1,52,1,54,1" doraHai="52" who="1" fromWho="0" sc="268,-77,178,87,283,0,261,0" /><INIT seed="5,0,0,0,4,15" ten="191,265,283,261" oya="1" hai0="122,75,53,102,44,32,34,84,128,83,49,108,104" hai1="109,68,87,80,66,95,78,90,46,25,61,131,55" hai2="82,54,63,7,105,59,3,93,37,1,39,57,86" hai3="101,88,56,116,99,62,98,89,96,118,115,114,19"/><U29/><E131/><V58/><F105/><W111/><G101/><T21/><D108/><U119/><E109/><V129/><F129/><W72/><G72/><T113/><D128/><U67/><E119/><N who="3" m="45610" /><G111/><T110/><D110/><U60/><E55/><V94/><F57/><W43/><G43/><T135/><D75/><U81/><E46/><V103/><F86/><W5/><G5/><T11/><D113/><N who="3" m="43017" /><G19/><T12/><D122/><U8/><E8/><V91/><F7/><W50/><G50/><T121/><D121/><U77/><E77/><V79/><F79/><W36/><G36/><T64/><D102/><U17/><E78/><V20/><F103/><W74/><G74/><T70/><D104/><U2/><E2/><V133/><F39/><W69/><G69/><T33/><D11/><U134/><E17/><V42/><F37/><W10/><G10/><T38/><D38/><U127/><E127/><V85/><F42/><W0/><G0/><T4/><D4/><U31/><E31/><V18/><F18/><W73/><G73/><T40/><D40/><U48/><E48/><V117/><F117/><W9/><G9/><T6/><D6/><U106/><E106/><V71/><F71/><W47/><G47/><T52/><D70/><U124/><E124/><V120/><F120/><W132/><G132/><T24/><D135/><U126/><E134/><V45/><F133/><W130/><G130/><T51/><D44/><U100/><E126/><V97/><F45/><W76/><G76/><T35/><D51/><U13/><E68/><V125/><F125/><W22/><G22/><RYUUKYOKU ba="0,0" sc="191,-10,265,-10,283,-10,261,30" hai3="56,62,88,89,96,98,99" /><INIT seed="6,1,0,5,4,34" ten="181,255,273,291" oya="2" hai0="37,38,81,134,88,15,63,74,94,107,100,0,9" hai1="32,69,93,42,132,46,120,82,105,16,109,91,92" hai2="8,53,135,29,48,22,10,52,95,11,123,13,75" hai3="67,127,17,98,20,72,40,26,33,126,61,68,101"/><V108/><F123/><W43/><G72/><T2/><D134/><U5/><E109/><V54/><F75/><W119/><G33/><T78/><D63/><U47/><E69/><V23/><F135/><W116/><G43/><T80/><D80/><U118/><E32/><V19/><F108/><W130/><G40/><T124/><D124/><N who="3" m="47657" /><G130/><T45/><D45/><U110/><E110/><V85/><F85/><W58/><G68/><T121/><D121/><U4/><E105/><AGARI ba="1,0" hai="17,20,26,58,61,67,98,101,105,116,119" m="47657" machi="105" ten="30,1000,0" yaku="18,1" doraHai="34" who="3" fromWho="1" sc="181,0,255,-13,273,0,291,13" /><INIT seed="7,0,0,4,0,10" ten="181,242,273,304" oya="3" hai0="113,128,76,65,52,24,110,127,66,28,106,18,1" hai1="89,78,116,122,38,63,85,8,68,97,93,54,11" hai2="12,29,40,83,132,121,4,133,42,13,75,23,129" hai3="0,59,50,109,81,118,32,62,33,131,115,58,56"/><W49/><G0/><T104/><D110/><U98/><E38/><V22/><F129/><W55/><G118/><T112/><D1/><U41/><E122/><V2/><F121/><W108/><G131/><T95/><D128/><U69/><E41/><N who="2" m="15979" /><F4/><W35/><G115/><N who="0" m="44107" /><D76/><U57/><E116/><V87/><F75/><W51/><G81/><T101/><D127/><U47/><E47/><V36/><F36/><W105/><G105/><N who="0" m="40555" /><D18/><U124/><E124/><V31/><F2/><W45/><G45/><T80/><D80/><N who="1" m="47255" /><E69/><V15/><F29/><W34/><N who="3" m="8192" /><DORA hai="126" /><W64/><G55/><T94/><D52/><N who="1" m="34215" /><E68/><AGARI ba="0,0" hai="49,50,51,56,58,59,62,64,68,108,109" m="8192" machi="68" ten="80,7700,0" yaku="29,2" doraHai="10,126" who="3" fromWho="1" sc="181,0,242,-77,273,0,304,77" owari="181,-22.0,165,-33.0,273,7.0,381,48.0" /></mjloggm>