<mjloggm ver="2.3"><GO type="169" lobby="0"/><UN n0="%E3%82%A6%E3%83%AB%E3%83%88%E3%83%A9%E7%AB%8B%E7%9B%B4" n1="%E3%83%9E%E3%83%84%E3%82%B6%E3%82%AD" n2="%E3%83%AD%E3%83%83%E3%83%86%E9%9B%80%E7%90%83" n3="%E3%81%8A%E3%83%BC%E3%81%84%E3%81%8A%E8%8C%B6" dan="18,18,18,18" rate="2254.70,2193.75,2218.77,2209.83" sx="M,M,M,M"/><TAIKYOKU oya="0"/><INIT seed="0,0,0,5,4,116" ten="250,250,250,250" oya="0" hai0="30,21,26,93,29,6,12,90,63,35,68,109,86" hai1="55,8,9,77,15,79,99,131,133,46,103,59,1" hai2="94,60,57,45,33,36,13,16,95,25,98,71,17" hai3="130,91,19,61,83,41,69,100,56,42,107,123,49"/><T111/><D6/><U40/><E133/><V66/><F71/><W44/><G130/><T101/><D101/><U124/><E131/><V10/><F98/><W27/><G69/><T0/><D0/><U38/><E1/><V43/><REACH who="2" step="1"/><F17/><REACH who="2" ten="250,250,240,250" step="2"/><W74/><G19/><N who="0" m="10471" /><D68/><U14/><E99/><V52/><F52/><W34/><G42/><T65/><D65/><U72/><E55/><V102/><F102/><W54/><G100/><T5/><D5/><U119/><E40/><V47/><F47/><W20/><G41/><T92/><D30/><AGARI ba="0,1" hai="10,13,16,25,30,33,36,43,45,57,60,66,94,95" machi="30" ten="40,5200,0" yaku="1,1,54,1,53,1" doraHai="116" doraHaiUra="37" who="2" fromWho="0" sc="250,-52,250,0,240,62,250,0" /><INIT seed="1,0,0,1,4,97" ten="198,250,302,250" oya="1" hai0="80,108,88,135,12,114,51,91,102,110,124,106,87" hai1="89,131,24,125,68,121,63,130,98,113,55,19,78" hai2="39,84,112,118,101,116,62,104,40,42,10,53,25" hai3="70,107,94,77,1,83,123,17,41,20,37,59,96"/><U14/><E121/><V33/><F112/><W69/><G1/><T36/><D36/><U29/><E113/><V71/><F84/><W49/><G37/><T16/><D114/><U30/><E78/><V82/><F82/><W100/><G123/><T64/><D124/><U67/><E125/><V132/><F10/><W103/><G107/><T122/><D122/><U72/><E72/><V58/><F132/><W54/><G41/><T28/><D28/><U31/><E55/><V126/><F126/><W23/><G103/><T127/><D127/><U119/><E119/><V79/><F79/><W90/><G90/><T26/><D26/><U92/><REACH who="1" step="1"/><E24/><REACH who="1" ten="198,240,302,250" step="2"/><V60/><F25/><W105/><G105/><T15/><D135/><U44/><E44/><V3/><F53/><W46/><G46/><T81/><D110/><U65/><E65/><V56/><F104/><W93/><G77/><T13/><D64/><U35/><E35/><V134/><F33/><W86/><G54/><T5/><D108/><U7/><E7/><V45/><F45/><W73/><G73/><T99/><D5/><U76/><E76/><V9/><F118/><W4/><G4/><T115/><D115/><U129/><E129/><V6/><F6/><W85/><G100/><T18/><D51/><U48/><E48/><V8/><F101/><W21/><G49/><T57/><D57/><U0/><E0/><V74/><F3/><W109/><G59/><T11/><D11/><AGARI ba="0,1" hai="11,14,19,29,30,31,63,67,68,89,92,98,130,131" machi="11" ten="40,2000,0" yaku="1,1,53,0" doraHai="97" doraHaiUra="22" who="1" fromWho="0" sc="198,-20,240,30,302,0,250,0" /><INIT seed="1,1,0,0,5,24" ten="178,270,302,250" oya="1" hai0="11,134,93,2,64,21,51,82,88,104,127,36,89" hai1="29,48,4,110,1,44,67,63,60,16,118,57,99" hai2="132,101,86,0,20,115,17,37,100,28,95,121,27" hai3="61,124,46,97,130,45,90,43,53,32,22,126,50"/><U15/><E118/><V54/><F121/><W135/><G32/><T70/><D36/><U65/><E29/><V13/><F0/><W10/><G135/><T80/><D104/><U6/><E1/><V49/><F37/><W26/><G130/><T117/><D117/><U72/><E72/><V106/><F106/><W77/><G77/><T5/><D127/><N who="3" m="48681" /><G10/><T71/><D134/><U75/><E75/><V108/><F108/><W98/><G90/><T47/><D21/><U19/><E110/><V129/><F115/><W25/><G25/><T79/><D64/><U131/><E131/><V92/><F129/><W42/><G61/><T39/><D89/><U69/><E99/><N who="3" m="37898" /><G46/><T52/><D39/><U40/><REACH who="1" step="1"/><E19/><AGARI ba="1,0" hai="19,22,26,42,43,45,50,53" m="37898,48681" machi="19" ten="30,1000,0" yaku="18,1" doraHai="24" who="3" fromWho="1" sc="178,0,270,-13,302,0,250,13" /><INIT seed="2,0,0,5,1,106" ten="178,257,302,263" oya="2" hai0="99,97,66,125,18,73,0,100,11,95,1,24,117" hai1="34,135,45,134,12,21,114,86,118,61,110,131,102" hai2="46,116,50,48,90,104,26,37,80,13,25,56,119" hai3="51,44,62,68,82,53,74,63,57,121,29,83,41"/><V35/><F104/><W33/><G121/><T84/><D125/><U101/><E34/><V109/><F13/><W7/><G7/><T91/><D117/><U122/><E118/><V71/><F71/><W72/><G33/><T58/><D73/><U8/><E122/><V70/><F70/><W10/><G29/><T127/><D127/><U69/><E114/><V38/><F35/><W128/><G10/><T126/><D126/><U31/><E110/><V52/><F109/><W76/><G128/><T105/><D66/><N who="1" m="41167" /><E131/><V81/><F56/><W67/><REACH who="3" step="1"/><G83/><REACH who="3" ten="178,257,302,253" step="2"/><T32/><D11/><U79/><E31/><V59/><F81/><W108/><G108/><T111/><D111/><U96/><E8/><V3/><F119/><W87/><AGARI ba="0,1" hai="41,44,51,53,57,62,63,67,68,72,74,76,82,87" machi="87" ten="20,12000,2" yaku="1,1,0,1,7,1,52,2,53,1" doraHai="106" doraHaiUra="77" who="3" fromWho="3" sc="178,-30,257,-30,302,-60,253,130" /><INIT seed="3,0,0,2,3,99" ten="148,227,242,383" oya="3" hai0="14,27,7,63,47,20,96,43,3,92,87,2,8" hai1="36,107,108,65,123,80,26,97,38,22,121,101,17" hai2="25,110,34,119,42,18,76,41,39,44,93,88,106" hai3="131,105,135,71,49,56,31,72,77,115,81,40,64"/><W83/><G115/><T112/><D63/><U61/><E108/><V116/><F110/><W45/><G105/><T16/><D87/><U66/><E66/><V98/><F76/><W102/><G135/><T21/><D21/><U67/><E65/><V62/><F62/><W104/><G131/><T55/><D55/><U114/><E114/><V69/><F69/><W134/><G134/><T28/><D112/><U58/><REACH who="1" step="1"/><E80/><REACH who="1" ten="148,217,242,383" step="2"/><V46/><F119/><W30/><G81/><T48/><REACH who="0" step="1"/><D28/><REACH who="0" ten="138,217,242,383" step="2"/><U68/><E68/><V78/><F116/><W95/><G30/><T19/><D19/><U70/><E70/><V54/><F18/><W60/><G31/><T109/><D109/><U51/><E51/><V118/><F118/><W124/><G71/><T79/><D79/><U59/><E59/><V90/><F78/><W29/><G29/><T23/><D23/><U57/><E57/><V89/><F44/><W91/><G56/><T126/><D126/><U127/><E127/><V37/><F46/><W130/><G124/><T6/><D6/><U125/><E125/><V74/><F37/><AGARI ba="0,2" hai="17,22,26,36,37,38,58,61,67,97,101,107,121,123" machi="37" ten="40,2600,0" yaku="1,1,52,1,53,0" doraHai="99" doraHaiUra="132" who="1" fromWho="2" sc="138,0,217,46,242,-26,383,0" /><INIT seed="4,0,0,4,4,78" ten="138,263,216,383" oya="0" hai0="4,43,117,54,10,39,21,80,5,124,52,2,125" hai1="121,72,135,40,99,107,134,85,87,114,95,83,112" hai2="133,92,37,123,130,127,27,69,16,113,106,50,131" hai3="7,109,86,9,24,28,73,122,77,74,47,11,18"/><T90/><D117/><U36/><E40/><V111/><RYUUKYOKU type="yao9" ba="0,0" sc="138,0,263,0,216,0,383,0" hai2="16,27,37,50,69,92,106,111,113,123,127,130,131,133" /><INIT seed="4,1,0,5,0,79" ten="138,263,216,383" oya="0" hai0="80,47,65,48,29,62,2,73,128,75,54,3,32" hai1="14,12,133,118,108,104,37,7,123,60,17,31,28" hai2="0,56,85,109,25,71,70,8,19,99,87,49,132" hai3="114,129,30,4,13,107,58,40,78,66,81,69,20"/><T36/><D128/><U15/><E104/><V55/><F109/><W27/><G129/><T21/><D32/><U98/><E37/><V5/><F132/><W24/><G107/><T34/><D34/><U43/><E43/><V125/><F125/><W52/><G114/><T92/><D36/><U61/><E118/><V39/><F39/><W51/><G40/><T86/><D92/><U101/><E108/><V35/><F99/><W33/><G69/><T122/><D122/><U46/><E46/><V100/><F100/><W11/><G66/><T105/><D105/><U97/><E101/><V16/><F35/><W22/><REACH who="3" step="1"/><G27/><REACH who="3" ten="138,263,216,373" step="2"/><T57/><D2/><U64/><E64/><V38/><F25/><W50/><G50/><T90/><D3/><U120/><E123/><V126/><F38/><W111/><G111/><T6/><D65/><U102/><E120/><V59/><F71/><W88/><G88/><T68/><D90/><U134/><E134/><V121/><F70/><W110/><G110/><T119/><D68/><U94/><E133/><V93/><F121/><W76/><G76/><T45/><D48/><U67/><E67/><V9/><F49/><W41/><G41/><T72/><D119/><U124/><E124/><V96/><F126/><W117/><G117/><T135/><D135/><U42/><E42/><V82/><F55/><W89/><G89/><T113/><D54/><U53/><E53/><V95/><F59/><W131/><G131/><T83/><D57/><U44/><E61/><V103/><F56/><W127/><G127/><T63/><D62/><U116/><E60/><RYUUKYOKU ba="1,1" sc="138,-10,263,-10,216,-10,373,30" hai3="4,11,13,20,22,24,30,33,51,52,58,78,81" /><INIT seed="5,2,1,2,0,75" ten="128,253,206,403" oya="1" hai0="10,40,6,34,41,42,109,12,73,84,35,23,97" hai1="82,2,120,74,94,63,118,54,104,115,116,106,46" hai2="52,33,129,95,132,96,117,43,113,19,3,128,85" hai3="20,78,39,31,47,21,88,56,123,57,133,121,58"/><U18/><E120/><V135/><F117/><W55/><G78/><T14/><D73/><U17/><E2/><V90/><F33/><W89/><G133/><N who="2" m="51273" /><F3/><W92/><G89/><T83/><D109/><U62/><E115/><V114/><F43/><W59/><G47/><T93/><D23/><U22/><E94/><N who="2" m="54607" /><F19/><W61/><G39/><T108/><D14/><U50/><E17/><V126/><F52/><W81/><G81/><T111/><D111/><U134/><E134/><V27/><F27/><W130/><G130/><N who="2" m="50281" /><F126/><W127/><G127/><T4/><D4/><U105/><E116/><V131/><N who="2" m="50289" /><V32/><DORA hai="80" /><F32/><W68/><G68/><T36/><D36/><U0/><E0/><V112/><F112/><W45/><G45/><T60/><D60/><U30/><E30/><V107/><F107/><W87/><G20/><T77/><REACH who="0" step="1"/><D108/><REACH who="0" ten="118,253,206,403" step="2"/><U99/><E118/><V51/><F51/><W124/><G124/><T49/><D49/><U91/><E63/><V101/><AGARI ba="2,2" hai="95,96,101,113,114" m="50289,54607,51273" machi="101" ten="50,8000,1" yaku="20,1,19,1,34,2,52,1" doraHai="75,80" who="2" fromWho="2" sc="118,-22,253,-42,206,106,403,-22" /><INIT seed="6,0,0,3,2,64" ten="96,211,312,381" oya="2" hai0="62,108,0,31,70,120,76,22,74,73,48,61,15" hai1="66,24,10,2,44,99,110,43,25,103,80,106,47" hai2="51,29,75,20,121,21,83,42,34,60,113,32,116" hai3="125,16,45,92,28,7,36,27,128,3,5,65,90"/><V104/><F116/><W58/><G128/><T102/><D0/><U30/><E110/><V87/><F121/><W67/><G3/><T131/><D108/><U35/><E24/><V133/><F104/><W79/><G79/><T82/><D120/><U134/><E134/><V13/><F75/><W26/><G36/><T78/><D131/><U135/><E135/><V23/><F133/><W4/><G45/><T9/><D102/><U114/><E114/><V101/><F101/><W117/><G117/><T109/><D109/><U12/><E2/><V37/><F37/><W56/><G28/><T41/><D22/><U111/><E111/><V93/><F93/><W119/><G119/><T59/><D31/><U68/><E80/><V33/><F113/><W49/><G125/><T132/><D132/><U8/><E43/><V97/><F97/><W57/><G49/><T84/><D70/><U14/><E14/><V6/><F60/><W55/><G55/><T127/><D127/><U71/><E8/><N who="2" m="4247" /><F29/><W118/><G118/><T18/><D78/><U72/><E72/><V69/><F69/><W50/><G50/><T91/><D74/><U63/><E71/><V129/><F129/><W53/><G53/><T85/><D73/><U122/><E122/><V86/><F83/><W88/><G92/><N who="0" m="54375" /><D41/><U52/><E52/><AGARI ba="0,0" hai="9,15,18,48,52,59,61,62,76,82,85" m="54375" machi="52" ten="30,2000,0" yaku="8,1,54,1" doraHai="64" who="0" fromWho="1" sc="96,20,211,-20,312,0,381,0" /><INIT seed="7,0,0,0,5,30" ten="116,191,312,381" oya="3" hai0="80,90,124,109,86,104,19,38,123,74,24,34,79" hai1="72,75,97,82,18,101,113,37,48,133,4,107,126" hai2="73,127,114,85,55,84,93,9,58,111,128,22,91" hai3="118,135,62,60,81,47,87,125,108,23,68,13,39"/><W100/><G118/><T67/><D109/><U95/><E37/><V15/><F127/><W110/><G125/><T99/><D123/><U112/><E126/><V116/><F128/><W29/><G100/><T132/><D124/><U8/><E133/><V94/><F114/><N who="1" m="44137" /><E18/><V122/><F73/><N who="1" m="28233" /><E82/><V96/><F116/><W121/><G121/><T6/><D132/><U71/><E71/><V52/><F111/><N who="3" m="42539" /><G68/><T77/><D38/><U120/><E120/><V98/><F22/><W45/><G45/><T50/><D6/><U49/><E107/><V115/><F122/><W89/><G135/><T57/><D74/><U1/><AGARI ba="0,0" hai="1,4,8,48,49,95,97,101" m="28233,44137" machi="1" ten="30,1100,0" yaku="15,1" doraHai="30" who="1" fromWho="1" sc="116,-3,191,11,312,-3,381,-5" owari="113,-39.0,202,-20.0,309,11.0,376,48.0" /></mjloggm>