<mjloggm ver="2.3"><GO type="169" lobby="0"/><UN n0="%E3%82%AF%E3%83%AD%E3%83%8E%E3%82%B9%40" n1="%E6%9D%BE%E5%B3%B6" n2="%E3%83%88%E3%83%88%E3%83%AA%E5%85%88%E7%94%9F%31%39%E6%AD%B3" n3="%E6%8E%A8%E7%A9%BA%EF%BC%B0" dan="16,16,18,17" rate="2117.74,2074.25,2274.05,2222.06" sx="M,M,F,F"/><TAIKYOKU oya="0"/><INIT seed="0,0,0,4,0,109" ten="250,250,250,250" oya="0" hai0="106,125,92,44,108,94,95,86,49,16,4,68,28" hai1="9,33,113,50,80,76,18,110,118,114,32,93,27" hai2="48,112,99,69,13,111,104,75,134,73,82,72,39" hai3="96,14,81,58,98,38,101,124,103,57,74,23,5"/><T77/><D68/><U133/><E118/><V26/><F39/><W52/><G38/><T97/><D125/><U71/><E71/><V24/><F69/><W70/><G70/><T126/><D126/><U42/><E133/><V88/><F111/><W6/><G124/><T130/><D108/><U84/><E110/><V2/><F2/><W7/><G74/><T102/><D130/><U89/><E50/><V31/><F134/><W105/><G81/><T3/><D28/><U1/><E42/><V12/><F112/><N who="1" m="43113" /><E27/><V22/><F104/><W127/><G127/><T55/><D4/><N who="1" m="1167" /><E18/><V47/><F26/><W128/><G128/><T35/><D35/><U65/><E65/><V107/><F12/><W79/><G14/><T45/><D3/><U25/><E25/><V100/><F13/><W121/><G6/><T54/><D16/><U120/><E120/><V36/><F36/><W17/><G121/><T59/><REACH who="0" step="1"/><D54/><REACH who="0" ten="240,250,250,250" step="2"/><U29/><E29/><V87/><REACH who="2" step="1"/><F73/><AGARI ba="0,1" hai="32,33,73,76,80,84,89,93" m="1167,43113" machi="73" ten="30,7700,0" yaku="11,1,52,3" doraHai="109" who="1" fromWho="2" sc="240,0,250,87,250,-77,250,0" /><INIT seed="1,0,0,5,3,7" ten="240,337,173,250" oya="1" hai0="89,107,49,123,102,45,116,18,59,99,43,52,9" hai1="131,78,132,61,84,80,32,114,74,42,55,13,122" hai2="105,75,95,133,121,60,30,92,76,126,24,38,58" hai3="27,115,70,11,79,8,129,20,68,119,2,0,109"/><U117/><E122/><V120/><F105/><W54/><G115/><T96/><D116/><U104/><E117/><V46/><F133/><W12/><G119/><T57/><D123/><U40/><E104/><V1/><F1/><W135/><G79/><T51/><D89/><U5/><E32/><V127/><F76/><W25/><G135/><T47/><REACH who="0" step="1"/><D96/><REACH who="0" ten="230,337,173,250" step="2"/><U100/><E132/><V108/><F121/><W50/><G129/><T112/><D112/><U37/><E131/><V130/><F120/><W48/><G109/><T128/><D128/><U62/><E114/><V106/><F108/><W15/><REACH who="3" step="1"/><G20/><REACH who="3" ten="230,337,173,240" step="2"/><T29/><D29/><U63/><E78/><V53/><F130/><W77/><G77/><T82/><D82/><U66/><E80/><V26/><F30/><W90/><G90/><T33/><D33/><U97/><E100/><V86/><F126/><W87/><G87/><T34/><D34/><U17/><E84/><V111/><F127/><W110/><G110/><T39/><D39/><U3/><E37/><V101/><F111/><W91/><G91/><T4/><D4/><U41/><E5/><V103/><F86/><W6/><G6/><T31/><D31/><U118/><E118/><V21/><F21/><W88/><G88/><T22/><D22/><U134/><E134/><V93/><F101/><W113/><G113/><T19/><D19/><U67/><E17/><V14/><F103/><W28/><G28/><T98/><D98/><U124/><E97/><V44/><F38/><W73/><G73/><T71/><D71/><U72/><E74/><V36/><F75/><RYUUKYOKU ba="0,2" sc="230,15,337,-15,173,-15,240,15" hai0="9,18,43,45,47,49,51,52,57,59,99,102,107" hai3="0,2,8,11,12,15,25,27,48,50,54,68,70" /><INIT seed="2,1,2,5,5,47" ten="245,322,158,255" oya="2" hai0="2,94,106,16,98,110,58,132,34,40,87,83,89" hai1="124,135,116,29,99,128,33,38,102,62,4,108,6" hai2="55,30,75,26,14,72,104,43,49,24,79,125,130" hai3="78,5,59,126,109,129,127,103,86,71,68,120,91"/><V22/><F104/><W121/><G5/><T7/><D34/><U11/><E38/><V19/><F130/><W60/><G103/><T67/><D110/><U76/><E116/><V53/><F125/><N who="3" m="47627" /><G78/><T3/><D132/><U52/><E135/><V27/><F43/><W131/><G86/><T74/><D7/><U21/><E33/><V25/><F79/><W119/><G91/><T50/><D74/><U112/><E112/><V134/><F134/><W90/><G90/><T9/><D106/><U44/><E76/><V39/><F39/><W36/><G36/><T113/><D113/><U118/><E118/><V101/><F101/><W77/><G77/><N who="0" m="46575" /><D2/><U105/><E124/><V73/><REACH who="2" step="1"/><F49/><REACH who="2" ten="245,322,148,255" step="2"/><W51/><G119/><T122/><D122/><N who="3" m="47209" /><G51/><T96/><D3/><U63/><E105/><V95/><F95/><W37/><G37/><T100/><D100/><U88/><E128/><N who="3" m="49226" /><G109/><T12/><D40/><U20/><E108/><V123/><F123/><W66/><AGARI ba="1,3" hai="59,60,66,68,71" m="49226,47209,47627" machi="66" ten="40,8000,1" yaku="18,1,19,1,34,2" doraHai="47" who="3" fromWho="3" sc="245,-21,322,-21,148,-41,255,113" /><INIT seed="3,0,0,3,0,103" ten="224,301,107,368" oya="3" hai0="87,66,39,84,50,64,44,72,35,51,71,97,83" hai1="90,111,110,119,106,6,88,8,19,7,54,132,91" hai2="41,126,32,12,46,45,94,43,113,102,78,98,75" hai3="9,125,108,81,115,70,92,42,120,52,30,37,55"/><W31/><G120/><T47/><D35/><U49/><E119/><V112/><F32/><W33/><G115/><T11/><D39/><U23/><E106/><V21/><F126/><W62/><G81/><T60/><D72/><U56/><E132/><V24/><F12/><W15/><G125/><T93/><D64/><U36/><E36/><V100/><F100/><W122/><G122/><T86/><D83/><U14/><REACH who="1" step="1"/><E6/><REACH who="1" ten="224,291,107,368" step="2"/><V68/><F112/><W134/><G134/><T0/><D0/><AGARI ba="0,1" hai="0,7,8,14,19,23,49,54,56,88,90,91,110,111" machi="0" ten="40,8000,1" yaku="1,1,2,1,54,1,53,1" doraHai="103" doraHaiUra="18" who="1" fromWho="0" sc="224,-80,291,90,107,0,368,0" /><INIT seed="4,0,0,4,5,131" ten="144,381,107,368" oya="0" hai0="68,120,8,53,75,81,83,73,33,84,61,32,9" hai1="78,125,48,96,80,62,116,6,128,94,69,97,99" hai2="87,66,51,11,23,40,21,122,38,124,47,118,45" hai3="67,90,91,127,112,70,111,54,109,105,95,20,25"/><T85/><D68/><U65/><E128/><V17/><F122/><W58/><G105/><T115/><D61/><U79/><E116/><V2/><F118/><W119/><G119/><T82/><D53/><U102/><E125/><V30/><F124/><W19/><G127/><T5/><D5/><U3/><E79/><V41/><F30/><W0/><G0/><T71/><D71/><U130/><E130/><V106/><F106/><W77/><G77/><T98/><D98/><U26/><E26/><V129/><F129/><W52/><G112/><T22/><D22/><U76/><E76/><V104/><F104/><W135/><G135/><T101/><D101/><U50/><E6/><V18/><F66/><W27/><G70/><T86/><D120/><U103/><E3/><V39/><F2/><W64/><G95/><T92/><D92/><U31/><E31/><V110/><F11/><W42/><G42/><T60/><D60/><U59/><E69/><V36/><F87/><W117/><G117/><T63/><D63/><U28/><E28/><V93/><F93/><W55/><G20/><N who="2" m="7753" /><F110/><W7/><G7/><T100/><D100/><N who="1" m="38443" /><E94/><V108/><F108/><N who="3" m="41547" /><G19/><N who="2" m="7177" /><F51/><W34/><G67/><T1/><D1/><U121/><E121/><V29/><F29/><N who="3" m="19759" /><G27/><T133/><D133/><U134/><E134/><V15/><F38/><W132/><G132/><T126/><D126/><U16/><E50/><V24/><F24/><W56/><G64/><T107/><D107/><U89/><E48/><V35/><F35/><N who="0" m="13386" /><D115/><U10/><E65/><V13/><F39/><W114/><G114/><T113/><D113/><RYUUKYOKU ba="0,0" sc="144,10,381,-30,107,10,368,10" hai0="8,9,73,75,81,82,83,84,85,86" hai2="13,15,36,40,41,45,47" hai3="52,54,55,56,58,90,91" /><INIT seed="4,1,0,4,5,23" ten="154,351,117,378" oya="0" hai0="73,70,41,133,116,96,10,126,63,88,8,74,68" hai1="9,120,122,53,34,12,135,33,107,71,48,28,39" hai2="62,50,24,127,13,42,17,125,61,54,85,51,6" hai3="65,104,103,27,37,91,101,93,128,21,87,97,16"/><T72/><D116/><U52/><E71/><V92/><F6/><W58/><G37/><T66/><D133/><U38/><E107/><V79/><F42/><W0/><G0/><T105/><D126/><N who="2" m="48138" /><F51/><W47/><G128/><T29/><D41/><U82/><E135/><V132/><F132/><W98/><G47/><T5/><D70/><U22/><E82/><N who="2" m="47327" /><F92/><W19/><G19/><T80/><D29/><U75/><E75/><V20/><F13/><W123/><G123/><T130/><D130/><U118/><E118/><V112/><F112/><W119/><G119/><T129/><D129/><U44/><E53/><V1/><F1/><W113/><G113/><T57/><D57/><AGARI ba="1,0" hai="17,20,24,50,54,57,61,62" m="47327,48138" machi="57" ten="30,2000,0" yaku="18,1,52,1" doraHai="23" who="2" fromWho="0" sc="154,-23,351,0,117,23,378,0" /><INIT seed="5,0,0,3,2,93" ten="131,351,140,378" oya="1" hai0="23,103,0,15,83,33,20,35,39,42,110,88,40" hai1="73,77,115,81,69,74,100,130,17,44,122,38,112" hai2="87,131,72,80,56,19,91,14,60,9,58,63,47" hai3="11,2,76,128,7,95,68,134,29,46,1,78,53"/><U51/><E69/><V114/><F131/><W30/><G68/><T86/><D0/><U45/><E122/><V89/><F114/><N who="1" m="43561" /><E130/><V26/><F72/><W43/><G128/><T133/><D110/><U124/><E124/><V121/><F121/><W101/><G134/><T105/><D133/><U85/><E100/><V16/><F47/><N who="1" m="17993" /><E38/><V70/><F70/><W52/><G1/><T125/><D39/><U5/><E5/><V71/><F71/><W106/><G106/><T54/><D125/><U117/><E51/><V34/><F89/><W4/><G4/><T104/><D42/><U24/><E117/><V10/><F34/><W32/><G32/><T116/><D40/><U61/><E61/><V108/><F108/><W75/><G43/><T90/><D116/><U84/><E84/><V92/><F80/><W21/><G75/><T127/><D127/><U135/><E135/><V13/><REACH who="2" step="1"/><F26/><REACH who="2" ten="131,351,130,378" step="2"/><W49/><G46/><T28/><D35/><U27/><E27/><V66/><F66/><W99/><G76/><T59/><D33/><U123/><E123/><V48/><F48/><W79/><G49/><N who="0" m="31183" /><D90/><U6/><E24/><V109/><F109/><W37/><G79/><T12/><D103/><U62/><E74/><V129/><F129/><W36/><G78/><T50/><D50/><U113/><E73/><V41/><F41/><W22/><G37/><T64/><D64/><U132/><E77/><V107/><F107/><N who="0" m="41034" /><D23/><N who="3" m="8713" /><G36/><T102/><D102/><U120/><E120/><V119/><F119/><W118/><G118/><T3/><D3/><U57/><N who="1" m="43569" /><U96/><DORA hai="82" /><E132/><RYUUKYOKU ba="0,1" sc="131,10,351,-30,130,10,378,10" hai0="12,15,20,28,83,86,88" hai2="9,10,13,14,16,19,56,58,60,63,87,91,92" hai3="2,7,11,29,30,52,53,95,99,101" /><INIT seed="6,1,1,0,0,106" ten="141,321,140,388" oya="2" hai0="40,97,126,13,17,65,130,38,22,92,21,54,20" hai1="122,111,89,86,63,75,94,93,50,129,25,83,79" hai2="115,60,103,118,6,52,19,58,5,96,16,7,90" hai3="51,76,104,24,11,113,3,88,135,1,48,134,14"/><V74/><F118/><W128/><G104/><T56/><D130/><U55/><E122/><V2/><F2/><W78/><G24/><T68/><D126/><U123/><E123/><V100/><F74/><W32/><G32/><T0/><D0/><N who="3" m="73" /><G128/><T99/><D68/><U82/><E111/><V67/><F115/><W62/><G62/><T39/><D65/><U53/><E129/><V46/><F90/><W27/><G27/><T45/><D39/><U116/><E116/><V23/><F96/><W69/><G69/><T30/><D30/><U95/><E25/><N who="2" m="14567" /><F19/><W108/><G108/><T4/><D4/><U61/><REACH who="1" step="1"/><E55/><REACH who="1" ten="141,311,140,388" step="2"/><V133/><F133/><W77/><G113/><T101/><D99/><U43/><E43/><V70/><F70/><W87/><G14/><T114/><D114/><U34/><E34/><V107/><F107/><W57/><G135/><T71/><D71/><U12/><E12/><V98/><F98/><W84/><G134/><T64/><D64/><U85/><E85/><V119/><F119/><W132/><G132/><T28/><D28/><U110/><E110/><V72/><F72/><W49/><G57/><AGARI ba="1,2" hai="50,53,57,61,63,75,79,82,83,86,89,93,94,95" machi="57" ten="40,2600,0" yaku="1,1,52,1,53,0" doraHai="106" doraHaiUra="109" who="1" fromWho="3" sc="141,0,311,49,140,0,388,-29" /><INIT seed="7,0,0,2,3,89" ten="141,360,140,359" oya="3" hai0="93,50,39,3,87,31,79,65,6,112,55,73,129" hai1="121,98,2,122,4,23,29,124,53,75,130,37,13" hai2="22,88,47,26,11,54,80,86,104,99,114,101,76" hai3="83,134,18,35,24,67,9,97,116,43,20,36,78"/><W68/><G116/><T5/><D73/><U133/><E75/><V123/><F114/><W92/><G35/><T48/><D39/><U72/><E72/><V90/><F123/><N who="1" m="47113" /><E53/><V128/><F128/><W25/><G134/><T70/><D31/><U14/><E98/><V111/><F111/><W100/><G68/><T84/><D6/><U16/><E37/><V85/><F11/><W45/><G67/><T106/><D112/><U58/><E58/><V8/><F8/><W19/><G9/><T56/><D106/><U131/><E133/><V94/><F104/><W115/><G115/><T95/><D3/><U118/><E118/><V126/><F86/><W107/><G107/><T102/><D5/><U34/><E124/><V117/><F126/><W120/><G120/><T15/><D15/><N who="1" m="5643" /><E4/><V103/><F103/><W110/><G110/><T28/><D129/><N who="1" m="49163" /><E2/><V30/><F117/><W71/><G71/><T109/><D70/><U77/><E77/><V40/><F54/><W66/><G66/><T59/><D65/><U64/><E64/><V132/><F132/><W127/><G127/><T91/><D109/><U10/><E10/><V108/><F108/><W21/><G78/><T135/><D135/><U62/><E62/><V57/><F57/><N who="0" m="22090" /><D55/><U52/><E52/><V82/><F82/><AGARI ba="0,0" hai="18,19,20,21,24,25,36,43,45,82,83,92,97,100" machi="82" ten="40,3900,0" yaku="9,1,52,1" doraHai="89" who="3" fromWho="2" sc="141,0,360,0,140,-39,359,39" owari="141,-26.0,360,16.0,101,-40.0,398,50.0" /></mjloggm>