<mjloggm ver="2.3"><GO type="169" lobby="0"/><UN n0="%E4%B8%89%E8%89%B2%E5%90%8C%E5%88%BB%E2%98%86" n1="%E3%81%86%E3%81%A0%E3%81%A3%E3%81%B7" n2="%E3%83%88%E3%83%88%E3%83%AA%E5%85%88%E7%94%9F%31%39%E6%AD%B3" n3="%33%31%6A%69%6E" dan="19,18,18,16" rate="2177.37,2178.64,2287.84,2142.02" sx="M,M,F,F"/><TAIKYOKU oya="0"/><INIT seed="0,0,0,2,5,69" ten="250,250,250,250" oya="0" hai0="96,104,127,49,2,24,67,63,1,77,34,108,133" hai1="122,50,80,53,112,74,78,83,5,73,117,94,17" hai2="10,131,57,39,47,102,113,44,98,45,30,129,58" hai3="87,106,59,61,54,81,132,90,119,130,11,111,86"/><T33/><D133/><U18/><E117/><V60/><F30/><W105/><G119/><T97/><D49/><U52/><E122/><V109/><F10/><W118/><G118/><T126/><D77/><U13/><E112/><V88/><F113/><W107/><G111/><T79/><D79/><U9/><E74/><V29/><F29/><W4/><G130/><N who="2" m="49673" /><F109/><W134/><REACH who="3" step="1"/><G86/><REACH who="3" ten="250,250,250,240" step="2"/><T62/><D108/><U66/><E73/><V70/><F70/><W84/><G84/><T15/><D127/><U95/><E78/><V7/><F7/><W27/><G27/><T26/><D24/><U114/><E5/><V103/><F58/><W121/><G121/><T32/><D26/><U28/><E114/><V92/><F39/><W128/><G128/><T37/><D37/><U75/><E75/><V8/><F8/><W55/><G55/><AGARI ba="0,1" hai="44,45,47,55,57,60,88,92,98,102,103" m="49673" machi="55" ten="30,2000,0" yaku="19,1,54,1" doraHai="69" who="2" fromWho="3" sc="250,0,250,0,250,30,240,-20" /><INIT seed="1,0,0,3,5,34" ten="250,250,280,220" oya="1" hai0="17,93,116,42,31,57,63,86,6,7,119,46,1" hai1="47,90,68,21,19,52,94,121,92,2,127,106,101" hai2="110,15,56,64,103,36,133,40,70,20,9,59,67" hai3="4,5,18,129,100,131,102,98,30,71,24,66,132"/><U120/><E127/><V44/><F110/><W27/><G132/><T23/><D31/><U135/><E135/><V112/><F133/><W113/><G113/><T28/><D28/><U114/><E114/><V88/><F112/><W14/><G71/><T45/><D45/><U80/><E68/><V128/><F128/><N who="3" m="49227" /><G66/><T72/><D72/><U43/><E106/><V96/><F20/><N who="3" m="11351" /><G24/><T12/><D7/><N who="3" m="2633" /><G98/><T10/><D93/><U54/><E80/><V75/><F67/><W79/><G79/><T0/><D86/><U105/><E94/><V111/><F75/><W29/><G29/><T108/><D108/><U76/><E76/><V124/><F111/><W35/><AGARI ba="0,0" hai="27,30,35,100,102" m="2633,11351,49227" machi="35" ten="30,1100,0" yaku="19,1" doraHai="34" who="3" fromWho="3" sc="250,-3,250,-5,280,-3,220,11" /><INIT seed="2,0,0,0,4,56" ten="247,245,277,231" oya="2" hai0="107,6,85,24,117,53,21,36,5,96,17,27,37" hai1="95,86,88,60,4,7,48,122,83,71,49,81,1" hai2="12,109,99,29,42,63,78,26,87,66,94,13,100" hai3="16,72,10,102,47,0,113,40,70,55,111,18,112"/><V80/><F42/><W67/><G72/><T74/><D74/><U11/><E122/><V8/><F109/><W93/><G111/><T104/><D85/><U132/><E132/><V75/><F75/><W118/><G118/><T31/><D117/><U121/><E121/><V2/><F2/><W45/><G55/><T39/><D53/><U15/><E4/><V62/><F8/><W89/><G102/><T58/><D58/><U134/><E134/><V20/><REACH who="2" step="1"/><F62/><REACH who="2" ten="247,245,267,231" step="2"/><N who="3" m="40311" /><G0/><T46/><D37/><U38/><E38/><V84/><F84/><N who="3" m="52391" /><G10/><T127/><D39/><U116/><E1/><V35/><F35/><W14/><G40/><T3/><D3/><U57/><E116/><V28/><F28/><W129/><G129/><T110/><D110/><U123/><E123/><V44/><F44/><W61/><G61/><T119/><D46/><U125/><E125/><V97/><F97/><W79/><G45/><T82/><D127/><U30/><E30/><V98/><F98/><W106/><G47/><T41/><D41/><U34/><E34/><V32/><F32/><W131/><G131/><T19/><D36/><U50/><REACH who="1" step="1"/><E71/><AGARI ba="0,1" hai="12,13,20,26,29,63,66,71,78,80,87,94,99,100" machi="71" ten="30,5800,0" yaku="1,1,7,1,52,1,53,0" doraHai="56" doraHaiUra="115" who="2" fromWho="1" sc="247,0,245,-58,267,68,231,0" /><INIT seed="2,1,0,2,0,108" ten="247,187,335,231" oya="2" hai0="128,125,18,74,95,101,132,62,1,47,44,66,29" hai1="20,60,40,45,5,3,2,86,76,90,63,122,6" hai2="11,126,57,34,68,58,77,133,10,87,115,27,41" hai3="37,31,39,26,135,106,116,98,81,49,112,97,113"/><V9/><F68/><W119/><G81/><T94/><D74/><U12/><E122/><V4/><F133/><W80/><G80/><T82/><D82/><U99/><E76/><V19/><F77/><W92/><G49/><T123/><D1/><U88/><E99/><N who="3" m="37898" /><G92/><T79/><D79/><U24/><E2/><N who="2" m="151" /><F87/><W130/><G106/><T35/><D132/><U89/><E3/><V127/><F41/><W124/><G135/><T64/><D101/><U48/><E86/><V14/><F57/><W83/><G83/><T36/><D95/><U84/><E84/><V13/><F58/><W50/><G50/><T25/><D94/><U0/><E0/><V17/><F115/><N who="3" m="44107" /><G124/><T75/><D125/><U22/><E63/><V8/><F8/><W72/><G130/><T121/><D62/><U102/><E60/><V28/><AGARI ba="1,0" hai="10,11,13,14,17,19,27,28,34,126,127" m="151" machi="28" ten="30,3000,0" yaku="34,2" doraHai="108" who="2" fromWho="2" sc="247,-11,187,-11,335,33,231,-11" /><INIT seed="2,2,0,5,1,106" ten="236,176,368,220" oya="2" hai0="69,20,63,86,55,21,41,123,48,122,1,98,67" hai1="19,18,116,27,56,113,99,25,119,135,97,134,130" hai2="71,91,2,79,36,47,42,108,90,29,4,118,105" hai3="46,126,34,85,38,57,10,49,88,44,59,16,8"/><V83/><F118/><N who="1" m="45097" /><E56/><V65/><F105/><W78/><G34/><T129/><D1/><U28/><E113/><V82/><F108/><W107/><G107/><T121/><D129/><U109/><E130/><V96/><F82/><N who="3" m="49207" /><G126/><T104/><D86/><U61/><E61/><N who="2" m="40367" /><F96/><N who="1" m="36937" /><E28/><V84/><F84/><W9/><G78/><T53/><D41/><U5/><E5/><V54/><F54/><N who="3" m="31951" /><G38/><T3/><D3/><U68/><E68/><V7/><F29/><W127/><G127/><T26/><D55/><U23/><E109/><V31/><F7/><W93/><G93/><T32/><D98/><U62/><E62/><V76/><F76/><W117/><G59/><T120/><D104/><U35/><E35/><V40/><F31/><W72/><G72/><T11/><D123/><U114/><E114/><V37/><F37/><W101/><G101/><T13/><D32/><U131/><E131/><V132/><F40/><W45/><G117/><T39/><D39/><U15/><E18/><AGARI ba="2,0" hai="8,9,10,16,18,44,45,46" m="31951,49207" machi="18" ten="30,3900,0" yaku="8,1,54,2" doraHai="106" who="3" fromWho="1" sc="236,0,176,-45,368,0,220,45" /><INIT seed="3,0,0,4,3,66" ten="236,131,368,265" oya="3" hai0="24,80,77,124,16,45,42,114,75,50,46,112,20" hai1="98,87,97,74,117,64,30,103,62,36,57,101,65" hai2="28,109,55,48,88,47,92,78,34,81,31,40,73" hai3="25,89,104,21,125,72,134,130,5,69,22,11,93"/><W44/><G130/><T8/><D124/><U54/><E74/><V133/><F109/><W108/><G108/><T128/><D128/><U107/><E117/><V6/><F133/><W106/><G125/><T118/><D118/><U113/><E113/><V9/><F55/><W91/><G72/><T100/><D100/><U76/><E36/><V60/><F60/><W27/><G134/><T10/><REACH who="0" step="1"/><D46/><REACH who="0" ten="226,131,368,265" step="2"/><U39/><E39/><V131/><F131/><W70/><G44/><T13/><D13/><U43/><E43/><V61/><F34/><W37/><G37/><T83/><D83/><U111/><E111/><V105/><F81/><W122/><G122/><T15/><D15/><U32/><E101/><V1/><F47/><W7/><G93/><T84/><D84/><U110/><E110/><V129/><F129/><W18/><G18/><T71/><D71/><U120/><E120/><V59/><F40/><W29/><REACH who="3" step="1"/><G11/><AGARI ba="0,1" hai="8,10,11,16,20,24,42,45,50,75,77,80,112,114" machi="11" ten="40,2600,0" yaku="1,1,54,1,53,0" doraHai="66" doraHaiUra="56" who="0" fromWho="3" sc="226,36,131,0,368,0,265,-26" /><INIT seed="4,0,0,1,4,108" ten="262,131,368,239" oya="0" hai0="39,43,121,5,63,94,133,105,74,50,45,59,32" hai1="134,19,22,66,123,98,15,31,34,52,107,97,58" hai2="75,119,125,70,135,68,104,2,110,64,25,112,37" hai3="69,103,17,7,95,90,27,55,38,56,24,65,92"/><T13/><D105/><U57/><E123/><V30/><F25/><W20/><G38/><T35/><D121/><U79/><E134/><V42/><F42/><W102/><G7/><T118/><D118/><U93/><E107/><V53/><F53/><W8/><G8/><T132/><D74/><U78/><E97/><V77/><F64/><W21/><G65/><T62/><D39/><U101/><E34/><V86/><F86/><W124/><G69/><T51/><D51/><U1/><E1/><V23/><F23/><W47/><G47/><T6/><D94/><N who="3" m="35881" /><G90/><T16/><D5/><U87/><E31/><V100/><F77/><W89/><G89/><T84/><D6/><U109/><E109/><V67/><F30/><N who="3" m="17671" /><G124/><T40/><D84/><U71/><E87/><V91/><F91/><W127/><G127/><T83/><D40/><U61/><REACH who="1" step="1"/><E71/><REACH who="1" ten="262,121,368,239" step="2"/><V129/><F100/><W81/><G103/><T120/><D35/><U48/><AGARI ba="0,1" hai="15,19,22,48,52,57,58,61,66,78,79,93,98,101" machi="48" ten="20,12000,2" yaku="1,1,2,1,0,1,7,1,8,1,54,1,53,0" doraHai="108" doraHaiUra="4" who="1" fromWho="1" sc="262,-60,121,130,368,-30,239,-30" /><INIT seed="5,0,0,0,5,112" ten="202,251,338,209" oya="1" hai0="121,133,87,2,5,15,100,44,66,13,82,20,129" hai1="83,76,110,75,123,102,3,95,116,111,96,19,32" hai2="43,51,54,38,86,101,90,23,46,47,62,68,18" hai3="115,103,30,70,59,7,55,117,120,98,50,106,27"/><U56/><E3/><V74/><F74/><W73/><G120/><T12/><D129/><U97/><E32/><V135/><F135/><W17/><G115/><T126/><D133/><U37/><E37/><V88/><F101/><W125/><G125/><T105/><D126/><U49/><E123/><V113/><F113/><W53/><G73/><T60/><D44/><U104/><E19/><V124/><F124/><W65/><G7/><T26/><D121/><U14/><E14/><V9/><F9/><W61/><G53/><T39/><D39/><U72/><E72/><V22/><F22/><W57/><G17/><T16/><D2/><U34/><E34/><V81/><F68/><W31/><G31/><T119/><D119/><U40/><E116/><V42/><F62/><W114/><G114/><T77/><D105/><U25/><E25/><V89/><F42/><W91/><G91/><T8/><REACH who="0" step="1"/><D100/><REACH who="0" ten="192,251,338,209" step="2"/><U48/><E104/><V52/><F38/><W130/><G130/><T69/><AGARI ba="0,1" hai="5,8,12,13,15,16,20,26,60,66,69,77,82,87" machi="69" ten="20,12000,2" yaku="1,1,2,1,0,1,7,1,54,1,53,1" doraHai="112" doraHaiUra="1" who="0" fromWho="0" sc="192,130,251,-60,338,-30,209,-30" /><INIT seed="6,0,0,2,2,14" ten="322,191,308,179" oya="2" hai0="93,86,125,6,7,8,43,58,0,74,72,95,47" hai1="35,114,25,53,109,135,40,73,2,17,12,124,39" hai2="55,28,123,21,89,118,36,127,66,119,116,30,68" hai3="122,105,129,49,10,31,111,16,32,117,106,41,69"/><V37/><F123/><W113/><G111/><T133/><D7/><U71/><RYUUKYOKU type="yao9" ba="0,0" sc="322,0,191,0,308,0,179,0" hai1="2,12,17,25,35,39,40,53,71,73,109,114,124,135" /><INIT seed="6,1,0,2,0,49" ten="322,191,308,179" oya="2" hai0="109,19,10,62,3,114,103,111,40,96,78,79,22" hai1="23,7,102,6,88,60,30,130,87,32,11,16,134" hai2="100,80,72,113,17,55,33,105,73,64,26,25,54" hai3="83,91,120,36,86,71,90,63,58,127,95,37,48"/><V59/><F105/><W119/><G120/><T8/><D114/><U135/><E130/><V65/><F113/><W15/><G119/><T106/><D40/><U21/><E102/><V101/><F59/><W42/><G127/><T89/><D89/><U117/><E117/><V57/><F57/><W2/><G2/><T24/><D62/><U85/><E60/><V13/><F13/><W125/><G125/><T81/><D79/><U122/><E122/><V68/><F17/><W129/><G129/><T123/><D123/><U76/><E76/><V110/><F33/><W61/><G15/><T0/><D0/><U50/><E85/><V20/><F20/><N who="1" m="7753" /><E50/><V108/><REACH who="2" step="1"/><F80/><REACH who="2" ten="322,191,298,179" step="2"/><W1/><G83/><T107/><D106/><U82/><E32/><V56/><F56/><W28/><G58/><T97/><D3/><U94/><E82/><V41/><F41/><W121/><G1/><T66/><D107/><U53/><E16/><V128/><F128/><W67/><G121/><T74/><D19/><U9/><E9/><V112/><F112/><W27/><G63/><T43/><D8/><U39/><E11/><V131/><F131/><W31/><G31/><T4/><D10/><U126/><E30/><V98/><F98/><W46/><G90/><T12/><D12/><U75/><E88/><V14/><F14/><W84/><G84/><T69/><D97/><U35/><E87/><V51/><F51/><W45/><G45/><T52/><D96/><U34/><E34/><AGARI ba="1,1" hai="27,28,34,36,37,42,46,48,61,67,71,86,91,95" machi="34" ten="30,1000,0" yaku="7,1" doraHai="49" who="3" fromWho="1" sc="322,0,191,-13,298,0,179,23" /><INIT seed="7,0,0,0,3,74" ten="322,178,298,202" oya="3" hai0="23,115,127,129,97,30,122,31,10,71,20,80,135" hai1="36,123,5,18,84,2,125,50,63,16,25,39,124" hai2="55,108,4,110,65,86,7,113,69,51,105,33,96" hai3="119,21,6,73,128,91,83,0,45,81,26,126,54"/><W62/><G119/><T66/><D122/><U12/><E123/><V11/><F33/><W44/><G128/><T32/><D32/><U57/><E2/><V17/><F113/><W68/><G126/><N who="1" m="48746" /><E50/><V114/><F114/><W1/><G6/><T116/><D23/><N who="1" m="13543" /><E5/><V49/><F7/><W70/><G73/><T15/><D66/><N who="1" m="39279" /><E84/><V121/><F121/><W112/><G112/><T98/><D127/><U99/><E99/><V79/><F51/><W56/><G1/><T13/><D98/><U29/><E29/><V76/><F17/><N who="3" m="12591" /><G0/><T104/><D31/><U19/><E19/><V58/><F86/><N who="3" m="50639" /><G68/><T85/><D71/><U46/><E46/><N who="3" m="18026" /><G70/><T52/><D129/><U40/><E40/><V88/><F105/><W60/><G83/><T24/><D115/><U64/><E64/><V107/><F65/><W131/><G131/><T132/><D116/><U75/><E75/><V59/><F69/><W89/><G62/><T77/><D104/><U101/><E101/><V87/><F59/><W28/><G28/><T93/><D30/><U102/><E102/><V117/><F117/><W134/><G134/><T38/><D135/><U118/><E118/><V106/><F106/><W9/><G9/><AGARI ba="0,0" hai="9,12,18,36,39" m="39279,13543,48746" machi="9" ten="30,2000,0" yaku="18,1,54,1" doraHai="74" who="1" fromWho="3" sc="322,0,178,20,298,0,202,-20" owari="322,42.0,198,-20.0,298,10.0,182,-32.0" /></mjloggm>