<mjloggm ver="2.3"><GO type="169" lobby="0"/><UN n0="%E5%B0%B1%E6%B4%BB%E7%94%9F%40%E5%B7%9D%E6%9D%91%E8%BB%8D%E5%9B%A3" n1="%6E%65%77%E3%81%9F%E3%81%91%E3%81%93%E3%81%9E%E3%81%86" n2="%41%55%47%55%52%49" n3="%E6%9D%BE%E5%B1%8B%E3%81%8A%E3%81%98%E3%81%95%E3%82%93" dan="19,16,16,16" rate="2359.17,2111.10,2034.55,2104.38" sx="M,M,M,M"/><TAIKYOKU oya="0"/><INIT seed="0,0,0,1,5,22" ten="250,250,250,250" oya="0" hai0="16,23,102,55,74,69,17,11,75,93,41,70,33" hai1="65,121,38,6,83,94,26,87,7,43,28,103,107" hai2="34,95,58,29,66,50,72,112,59,105,97,3,131" hai3="61,88,76,84,132,110,73,53,49,100,35,15,104"/><T12/><D33/><U129/><E121/><V21/><F34/><W2/><G2/><T123/><D123/><U91/><E107/><V63/><F105/><W79/><G110/><T134/><D134/><U80/><E129/><V108/><F108/><W25/><G132/><T117/><D117/><U118/><E118/><V135/><F135/><W71/><G15/><T124/><D124/><U31/><E31/><V111/><F111/><W0/><G0/><T106/><D106/><U90/><E65/><V122/><F131/><W127/><G127/><T51/><D41/><U37/><E103/><V86/><F72/><W78/><G73/><T56/><D74/><U114/><E114/><V27/><F3/><W24/><G35/><T60/><D75/><U98/><E80/><V36/><F112/><W54/><G100/><T4/><D17/><U126/><E126/><V96/><F36/><W47/><G104/><T92/><D102/><U46/><REACH who="1" step="1"/><E38/><REACH who="1" ten="250,240,250,250" step="2"/><V68/><F122/><W39/><G39/><T64/><REACH who="0" step="1"/><D69/><REACH who="0" ten="240,240,250,250" step="2"/><U116/><E116/><V128/><F68/><W32/><G71/><T40/><D40/><U125/><E125/><V13/><F128/><W77/><G32/><AGARI ba="0,2" hai="6,7,26,28,32,37,43,46,83,87,90,91,94,98" machi="32" ten="30,3900,0" yaku="1,1,7,1,52,1,53,0" doraHai="22" doraHaiUra="48" who="1" fromWho="3" sc="240,0,240,59,250,0,250,-39" /><INIT seed="1,0,0,5,1,111" ten="240,299,250,211" oya="1" hai0="94,133,70,83,97,130,58,119,122,134,62,60,29" hai1="32,23,34,123,7,38,68,82,57,98,36,43,80" hai2="85,8,131,108,1,56,117,51,121,0,45,74,72" hai3="20,114,87,44,22,104,27,75,96,30,67,124,113"/><U107/><E123/><V69/><F117/><W4/><G75/><T41/><D119/><U118/><E118/><V17/><F69/><W105/><G67/><T66/><D122/><U16/><E68/><V109/><F121/><W14/><G87/><T53/><D130/><U19/><E7/><V125/><F131/><W86/><G86/><T42/><D29/><U48/><E107/><V3/><F125/><W10/><G124/><T37/><D83/><U106/><E106/><V47/><F56/><W13/><G44/><N who="2" m="16969" /><F51/><W102/><REACH who="3" step="1"/><G104/><REACH who="3" ten="240,299,250,201" step="2"/><T18/><D37/><U55/><E38/><V95/><F85/><W128/><G128/><T103/><REACH who="0" step="1"/><D18/><AGARI ba="0,1" hai="4,10,13,14,18,20,22,27,30,96,102,105,113,114" machi="18" ten="40,5200,0" yaku="1,1,52,2,53,0" doraHai="111" doraHaiUra="79" who="3" fromWho="0" sc="240,-52,299,0,250,0,201,62" /><INIT seed="2,0,0,0,4,87" ten="188,299,250,263" oya="2" hai0="103,13,117,67,14,55,105,133,111,112,107,124,118" hai1="94,125,50,43,56,5,42,41,47,0,128,79,73" hai2="44,97,17,80,69,52,6,24,110,96,9,35,10" hai3="100,36,29,123,25,51,101,31,72,62,85,130,46"/><V59/><F69/><W104/><G72/><T82/><D112/><U132/><E128/><V99/><F110/><W92/><G123/><T33/><D33/><U109/><E109/><V66/><F35/><W102/><G36/><T81/><D111/><U83/><E132/><V116/><F116/><N who="0" m="44650" /><D103/><U126/><E56/><V90/><F66/><W93/><G104/><N who="0" m="40011" /><D67/><U7/><E94/><V16/><F44/><W95/><G130/><T8/><D133/><U120/><E120/><V113/><F113/><W39/><G39/><T53/><D8/><N who="2" m="3178" /><F24/><W2/><G2/><T28/><D28/><U11/><REACH who="1" step="1"/><E7/><REACH who="1" ten="188,289,250,263" step="2"/><V64/><F6/><W114/><G114/><T45/><D124/><AGARI ba="0,1" hai="0,5,11,41,42,43,47,50,73,79,83,124,125,126" machi="124" ten="40,5200,0" yaku="1,1,2,1,18,1,53,0" doraHai="87" doraHaiUra="30" who="1" fromWho="0" sc="188,-52,289,62,250,0,263,0" /><INIT seed="3,0,0,3,2,33" ten="136,351,250,263" oya="3" hai0="26,122,91,134,104,119,12,34,94,131,74,37,43" hai1="77,7,56,19,73,22,92,129,79,70,105,47,2" hai2="117,65,68,93,6,108,0,100,48,111,28,20,85" hai3="54,27,8,98,83,88,96,64,53,35,15,135,46"/><W118/><G118/><T10/><D104/><U124/><E105/><V69/><F117/><W125/><G125/><T59/><D119/><U25/><E124/><V99/><F65/><W29/><G64/><T38/><D122/><U127/><E127/><V31/><F31/><W17/><G135/><T32/><D74/><U128/><E70/><V90/><F48/><N who="3" m="28823" /><G54/><T49/><D134/><U67/><E92/><V42/><F42/><W11/><G11/><T57/><D131/><N who="1" m="50251" /><E47/><V114/><F114/><W95/><G95/><T62/><D37/><U107/><E107/><V89/><F89/><W23/><G35/><T60/><D38/><U133/><E133/><V81/><F20/><W14/><G14/><T115/><D115/><U113/><E113/><V30/><F69/><W55/><G55/><T76/><D76/><U3/><E7/><V130/><F68/><W116/><G116/><T80/><D34/><U97/><E97/><V109/><REACH who="2" step="1"/><F130/><REACH who="2" ten="136,351,240,263" step="2"/><W84/><AGARI ba="0,1" hai="8,15,17,23,27,29,83,84,88,96,98" m="28823" machi="84" ten="30,6000,0" yaku="25,1,8,1,54,1" doraHai="33" who="3" fromWho="3" sc="136,-20,351,-20,240,-20,263,70" /><INIT seed="3,1,0,1,1,53" ten="116,331,220,333" oya="3" hai0="69,64,50,46,93,126,99,121,125,28,130,81,37" hai1="51,8,96,56,65,123,134,87,1,24,27,101,5" hai2="40,4,133,120,47,42,35,33,43,15,2,11,25" hai3="74,12,0,100,10,59,23,14,85,17,45,3,75"/><W72/><G100/><T19/><D121/><U135/><E123/><V78/><F133/><N who="1" m="50697" /><E87/><V106/><F106/><W92/><G45/><T29/><D37/><U13/><E13/><V128/><F128/><W55/><G92/><T91/><D130/><U20/><E20/><V58/><F120/><W98/><G98/><T76/><D69/><U97/><E97/><V86/><F47/><W107/><G107/><T94/><D64/><U67/><E67/><V6/><F6/><W32/><G32/><T30/><D94/><N who="1" m="58519" /><E51/><V127/><F15/><W41/><G41/><T111/><D111/><U83/><E83/><V73/><F86/><W63/><REACH who="3" step="1"/><G85/><REACH who="3" ten="116,331,220,323" step="2"/><T82/><D125/><U68/><E68/><V26/><F35/><W66/><G66/><T70/><D126/><U39/><E39/><V18/><F33/><W36/><G36/><T44/><D70/><U119/><E119/><V71/><F71/><W88/><G88/><T54/><D44/><U118/><E118/><V31/><F127/><W34/><G34/><T109/><D109/><U57/><E65/><V21/><F43/><W122/><G122/><T60/><D76/><U9/><E9/><V132/><F132/><W22/><G22/><T112/><D112/><U49/><E49/><V61/><F78/><W80/><G80/><N who="0" m="30827" /><D60/><U52/><E52/><N who="2" m="33991" /><F42/><W95/><G95/><T79/><D79/><U105/><E105/><V104/><F104/><W114/><G114/><T77/><D77/><U62/><E62/><V129/><F40/><W116/><G116/><T124/><D124/><U108/><E108/><V7/><F11/><RYUUKYOKU ba="1,1" sc="116,10,331,10,220,-30,323,10" hai0="19,28,29,30,46,50,54,91,93,99" hai1="1,5,8,24,27,56,57" hai3="0,3,10,12,14,17,23,55,59,63,72,74,75" /><INIT seed="3,2,1,2,4,78" ten="126,341,190,333" oya="3" hai0="132,129,29,39,8,82,74,0,116,57,32,80,85" hai1="11,15,59,38,21,42,108,106,97,63,6,131,124" hai2="53,91,52,119,112,49,31,121,77,12,47,102,10" hai3="98,36,123,37,40,18,75,81,96,113,69,111,14"/><W28/><G113/><T109/><D109/><U94/><E108/><V125/><F119/><W48/><G123/><T115/><D116/><U9/><E106/><V1/><F1/><W58/><G69/><T103/><D39/><U107/><E107/><V101/><F112/><W2/><G2/><T71/><D71/><U128/><E124/><V95/><F125/><W90/><G111/><T30/><D74/><U87/><E87/><V46/><F31/><N who="0" m="11786" /><D32/><U73/><E73/><V83/><F121/><W17/><G28/><T25/><D0/><U7/><E21/><V130/><F130/><W20/><G37/><T19/><D129/><U44/><E128/><V64/><F64/><W67/><G36/><T13/><D132/><U23/><E23/><V86/><F53/><W65/><G75/><T33/><D33/><U110/><E131/><V100/><F47/><N who="3" m="25703" /><G18/><T135/><D135/><U126/><E126/><V68/><F68/><W84/><G65/><T89/><D25/><U4/><E110/><V120/><F120/><W22/><G22/><T70/><D70/><U114/><E114/><V54/><F54/><W134/><G134/><T41/><D41/><U16/><E9/><V93/><F77/><W27/><G27/><T76/><D115/><U92/><REACH who="1" step="1"/><E97/><REACH who="1" ten="126,331,190,333" step="2"/><V34/><REACH who="2" step="1"/><F34/><REACH who="2" ten="126,331,180,333" step="2"/><W88/><G96/><T56/><D103/><U24/><E24/><V133/><F133/><W61/><G98/><T35/><D35/><U50/><E50/><V72/><F72/><W105/><G105/><T51/><D51/><U127/><E127/><V66/><F66/><AGARI ba="2,3" hai="4,6,7,11,15,16,38,42,44,59,63,66,92,94" machi="66" ten="40,2600,0" yaku="1,1,54,1,53,0" doraHai="78" doraHaiUra="122" who="1" fromWho="2" sc="126,0,331,62,180,-32,333,0" /><INIT seed="4,0,0,2,1,65" ten="126,393,148,333" oya="0" hai0="9,51,15,28,119,102,33,118,45,8,131,130,98" hai1="106,99,89,11,83,22,115,135,52,104,54,81,84" hai2="110,100,70,44,6,94,49,13,69,29,132,23,20" hai3="35,64,4,87,85,80,57,41,103,97,88,12,117"/><T36/><D36/><U113/><E135/><V21/><F110/><W109/><G117/><N who="0" m="44555" /><D98/><U120/><E120/><V56/><F132/><W37/><G35/><T95/><D95/><U107/><E11/><N who="0" m="4169" /><D102/><U75/><E99/><V123/><F123/><W72/><G37/><T66/><D66/><U53/><E22/><V40/><F29/><W25/><G64/><T93/><D93/><U10/><E10/><V127/><F13/><W18/><G87/><T42/><D15/><U114/><E75/><V116/><F94/><AGARI ba="0,0" hai="52,53,54,81,83,84,89,94,104,106,107,113,114,115" machi="94" ten="50,8000,1" yaku="29,2,15,1,11,1,54,1" doraHai="65" who="1" fromWho="2" sc="126,0,393,80,148,-80,333,0" /><INIT seed="5,0,0,0,4,100" ten="126,473,68,333" oya="1" hai0="30,49,113,79,76,86,25,103,63,18,13,85,118" hai1="102,59,15,68,80,10,93,38,58,26,120,105,122" hai2="90,35,74,127,131,128,44,108,106,115,37,31,24" hai3="65,101,125,6,117,78,71,1,32,48,109,83,69"/><U130/><E68/><V129/><F108/><W57/><G109/><T89/><D113/><U19/><E38/><V52/><F74/><W119/><G32/><T87/><D118/><U110/><E110/><V28/><F115/><W33/><G33/><T98/><D89/><U95/><E130/><V46/><F31/><W134/><G1/><T114/><D114/><U43/><E43/><N who="2" m="22639" /><F90/><W97/><G125/><T61/><D49/><U133/><E133/><V23/><F127/><W27/><G27/><T62/><D25/><U88/><E80/><V47/><F35/><W4/><G71/><T94/><REACH who="0" step="1"/><D30/><REACH who="0" ten="116,473,68,333" step="2"/><U7/><E88/><V82/><F82/><W20/><G48/><T51/><D51/><U135/><E120/><V111/><F111/><W16/><G83/><T5/><D5/><U53/><E7/><V70/><F131/><W104/><G4/><T81/><D81/><U124/><E124/><V40/><F129/><W126/><G6/><T21/><AGARI ba="0,1" hai="13,18,21,61,62,63,76,79,85,86,87,94,98,103" machi="21" ten="30,7900,0" yaku="1,1,0,1,8,1,53,1" doraHai="100" doraHaiUra="17" who="0" fromWho="0" sc="116,89,473,-39,68,-20,333,-20" /><INIT seed="6,0,0,4,4,49" ten="205,434,48,313" oya="2" hai0="39,2,131,25,11,74,102,18,103,0,126,7,67" hai1="24,21,62,113,83,69,79,72,84,68,31,97,57" hai2="100,80,35,4,77,81,66,93,106,119,3,51,135" hai3="129,59,27,112,111,48,53,10,99,64,42,101,50"/><V38/><F119/><W78/><G111/><T58/><D39/><U16/><E113/><V9/><F81/><W110/><G110/><T133/><D74/><U130/><E130/><V117/><F117/><W6/><G129/><T13/><D131/><U30/><E97/><N who="2" m="61711" /><F51/><W71/><G112/><T125/><D133/><U54/><E30/><V1/><F93/><W41/><G71/><T120/><D120/><U5/><E5/><V44/><F66/><W85/><G64/><T55/><D67/><U118/><E118/><V122/><F135/><W108/><G27/><T22/><D102/><U26/><E72/><N who="2" m="43047" /><F122/><W134/><G134/><T56/><D56/><U96/><E96/><V12/><F12/><N who="3" m="5207" /><G108/><T76/><D76/><U65/><E65/><V94/><F94/><N who="3" m="58615" /><G50/><N who="0" m="31095" /><D103/><U82/><E82/><AGARI ba="0,0" hai="41,42,48,53,59,78,82,85" m="58615,5207" machi="82" ten="30,2000,0" yaku="8,1,52,1" doraHai="49" who="3" fromWho="1" sc="205,0,434,-20,48,0,313,20" /><INIT seed="7,0,0,1,1,56" ten="205,414,48,333" oya="3" hai0="103,81,65,99,79,125,32,83,77,98,34,7,30" hai1="26,119,51,55,1,108,78,22,0,92,86,28,131" hai2="90,105,87,80,6,27,12,129,62,124,39,18,4" hai3="120,126,107,115,68,71,16,11,38,2,66,48,134"/><W47/><G120/><T130/><D130/><U49/><E108/><V37/><F124/><W112/><G107/><T8/><D125/><U10/><E131/><V61/><F129/><W15/><G126/><T127/><D127/><U89/><E119/><V24/><F105/><W109/><G109/><T121/><D121/><U35/><E1/><V40/><F39/><W123/><G123/><T133/><D133/><U111/><E111/><V117/><F37/><W70/><G134/><T94/><D30/><U114/><E114/><N who="3" m="43562" /><G38/><T88/><D65/><U25/><E78/><V9/><F40/><N who="3" m="24679" /><G2/><T29/><D29/><U5/><E55/><V84/><F117/><W20/><G11/><T91/><D8/><U82/><E82/><V128/><F128/><W45/><G45/><T23/><D23/><U113/><E113/><V118/><F118/><W96/><G96/><T75/><D7/><U64/><E64/><AGARI ba="0,0" hai="15,16,20,64,66,68,70,71" m="24679,43562" machi="64" ten="40,3900,0" yaku="15,1,54,1" doraHai="56" who="3" fromWho="1" sc="205,0,414,-39,48,0,333,39" /><INIT seed="7,1,0,5,1,90" ten="205,375,48,372" oya="3" hai0="17,119,9,51,94,106,64,69,24,118,6,130,38" hai1="30,97,85,81,10,18,36,31,123,56,44,41,127" hai2="92,11,28,73,7,71,39,2,116,134,96,100,48" hai3="62,21,87,115,70,102,19,105,52,114,77,78,15"/><W4/><G105/><T111/><D106/><U26/><E123/><V0/><F134/><W88/><G102/><T112/><D38/><U23/><E127/><V104/><F116/><W98/><G4/><T5/><D111/><U125/><E125/><V109/><F109/><W120/><G120/><T107/><D107/><U84/><E97/><V58/><F2/><W110/><G110/><T57/><D69/><U121/><E121/><V20/><F71/><W35/><G35/><T16/><D16/><U66/><E10/><V124/><F124/><W40/><G40/><T91/><D91/><U22/><E81/><V117/><F117/><W83/><G98/><T12/><D12/><U14/><REACH who="1" step="1"/><E31/><REACH who="1" ten="205,365,48,372" step="2"/><V89/><F73/><W47/><G70/><T75/><D75/><U79/><E79/><V34/><F39/><W49/><REACH who="3" step="1"/><G62/><AGARI ba="1,1" hai="14,18,22,23,26,30,36,41,44,56,62,66,84,85" machi="62" ten="40,1300,0" yaku="1,1,53,0" doraHai="90" doraHaiUra="45" who="1" fromWho="3" sc="205,0,365,26,48,0,372,-16" owari="205,-19.0,391,48.0,48,-45.0,356,16.0" /></mjloggm>