<mjloggm ver="2.3"><GO type="169" lobby="0"/><UN n0="%6D%6F%6E%6F%6B%65%61" n1="%E5%AE%8C%E5%85%A8%E7%84%A1%E6%95%B5%E5%B0%91%E5%A5%B3%45%58" n2="%E7%BE%8E%E3%81%97%E3%81%99%E3%81%8E%E3%82%8B%E7%88%86%E5%BC%BE%E5%B2%A9" n3="%E3%82%A6%E3%83%AB%E3%83%88%E3%83%A9%E7%AB%8B%E7%9B%B4" dan="16,16,16,17" rate="2138.63,2070.45,2144.31,2143.58" sx="M,F,F,M"/><TAIKYOKU oya="0"/><INIT seed="0,0,0,0,2,88" ten="250,250,250,250" oya="0" hai0="70,6,24,110,11,62,94,33,37,25,29,59,75" hai1="90,131,95,44,82,13,102,5,32,67,17,16,74" hai2="71,134,27,91,61,115,39,49,41,55,45,53,118" hai3="28,122,104,123,79,40,56,10,126,109,108,125,36"/><T9/><D70/><U58/><E32/><V63/><F27/><W106/><G28/><T103/><D75/><U113/><E131/><V120/><F91/><W73/><G10/><T100/><D37/><U35/><E35/><V135/><F120/><N who="3" m="46123" /><G56/><T86/><D110/><N who="3" m="42601" /><G40/><T119/><D119/><U117/><E117/><V3/><F3/><W89/><G36/><T97/><D86/><N who="1" m="50519" /><E74/><V22/><F22/><W130/><G130/><T64/><D103/><U54/><E113/><V112/><F118/><W51/><G51/><T65/><D65/><U42/><E42/><V114/><F55/><W38/><G38/><T133/><D133/><N who="2" m="50698" /><F71/><W68/><G68/><T7/><REACH who="0" step="1"/><D25/><REACH who="0" ten="240,250,250,250" step="2"/><U72/><E67/><V30/><F30/><W76/><G89/><T77/><D77/><N who="3" m="29769" /><G73/><T101/><D101/><U15/><E72/><V50/><F39/><W127/><AGARI ba="0,1" hai="104,106,125,126,127" m="29769,42601,46123" machi="127" ten="40,12000,2" yaku="28,2,18,1,13,1,14,1,34,2" doraHai="88" who="3" fromWho="3" sc="240,-60,250,-30,250,-30,250,130" /><INIT seed="1,0,0,3,1,115" ten="180,220,220,380" oya="1" hai0="114,128,28,106,13,43,129,31,119,0,19,36,105" hai1="130,85,32,62,75,92,55,41,77,113,22,47,49" hai2="81,74,53,9,93,104,91,126,124,33,38,116,27" hai3="70,34,12,54,4,35,15,98,83,89,2,48,18"/><U100/><E32/><V30/><F104/><W45/><G70/><T59/><D114/><U94/><E113/><V86/><F38/><W72/><G2/><T20/><D0/><U123/><E123/><V132/><F132/><W73/><G73/><T102/><D36/><U84/><E130/><N who="0" m="50281" /><D43/><U64/><E41/><V29/><F29/><N who="0" m="11338" /><D102/><U61/><E75/><V88/><F9/><W96/><G96/><T57/><D57/><U11/><E22/><V79/><F116/><W120/><G15/><T7/><D7/><U39/><E39/><V109/><F109/><W80/><G83/><T135/><D135/><U90/><E64/><V101/><F101/><W6/><G89/><T51/><D51/><U121/><E121/><V58/><REACH who="2" step="1"/><F91/><REACH who="2" ten="180,220,210,380" step="2"/><W10/><G10/><T122/><D122/><U134/><E11/><V65/><F65/><W42/><G120/><T76/><D106/><U44/><E134/><V17/><F17/><W95/><G18/><T37/><D37/><U87/><E100/><V40/><F40/><W107/><G42/><T111/><D105/><U78/><E90/><V118/><F118/><W69/><G107/><T131/><D111/><U5/><E5/><V133/><F133/><W99/><G4/><T14/><D119/><U66/><E66/><V24/><F24/><W23/><G6/><T26/><D131/><U68/><E68/><V71/><F71/><W125/><G69/><T16/><D19/><U67/><E67/><V82/><F82/><W97/><G80/><T3/><D16/><U52/><E87/><V46/><F46/><W112/><G45/><RYUUKYOKU ba="0,1" sc="180,-15,220,15,210,15,380,-15" hai1="44,47,49,52,55,61,62,77,78,84,85,92,94" hai2="27,30,33,53,58,74,79,81,86,88,93,124,126" /><INIT seed="1,1,1,2,4,31" ten="165,235,225,365" oya="1" hai0="89,121,42,82,120,74,66,24,25,70,110,38,16" hai1="17,131,59,35,13,1,46,4,69,92,113,107,68" hai2="115,36,37,71,63,134,2,52,26,108,88,8,119" hai3="125,53,58,55,129,122,23,81,78,14,111,75,51"/><U61/><E107/><V10/><F119/><W15/><G122/><N who="0" m="47211" /><D110/><U90/><E113/><V114/><F108/><W133/><G111/><T56/><D70/><U39/><E35/><V47/><F134/><W64/><G133/><T93/><D38/><U117/><E117/><V67/><F26/><N who="0" m="10346" /><D42/><U41/><E4/><V20/><F20/><W102/><G64/><T76/><D16/><U77/><E77/><V79/><F79/><W62/><G129/><T86/><D56/><U123/><E1/><V72/><F72/><W48/><G125/><T103/><D103/><U44/><E44/><V65/><F65/><AGARI ba="1,1" hai="65,66,74,76,82,86,89,93" m="10346,47211" machi="65" ten="30,1000,0" yaku="13,1" doraHai="31" who="0" fromWho="2" sc="165,23,235,0,225,-13,365,0" /><INIT seed="2,0,0,1,0,79" ten="188,235,212,365" oya="2" hai0="52,42,108,131,129,40,54,57,59,5,49,3,63" hai1="7,21,66,105,110,92,132,100,98,22,126,119,23" hai2="82,133,95,91,20,86,37,46,62,99,31,116,88" hai3="102,73,28,70,130,120,93,122,89,112,76,121,44"/><V81/><F116/><W11/><G70/><T107/><D107/><U97/><E119/><V45/><F133/><W123/><G28/><T84/><D3/><U15/><E132/><V103/><F37/><W33/><G11/><T10/><D84/><U61/><E110/><V50/><F62/><W9/><G44/><N who="2" m="17001" /><F50/><W127/><G9/><T135/><D135/><U51/><E51/><V124/><F124/><W18/><G18/><T34/><D34/><U55/><E55/><V30/><F20/><W29/><G33/><T72/><D72/><U106/><E126/><V74/><F74/><W24/><G73/><T41/><D10/><U109/><E109/><V68/><F68/><W16/><G112/><T47/><D5/><U78/><E7/><V104/><F104/><W80/><G127/><T12/><D12/><U111/><E111/><V26/><F26/><W128/><G121/><T96/><D96/><U39/><E39/><V25/><F25/><W38/><G38/><N who="0" m="21911" /><D108/><U2/><E2/><V75/><F75/><N who="3" m="43039" /><G24/><T14/><D14/><U115/><E15/><V48/><F48/><W101/><G122/><T1/><D1/><U83/><E115/><V6/><F6/><W64/><G123/><T114/><D114/><U19/><E19/><V8/><F8/><W117/><G16/><T69/><D69/><N who="1" m="42191" /><E98/><V60/><F60/><W43/><G120/><T125/><D125/><U90/><E100/><N who="3" m="38506" /><G117/><T32/><D32/><U87/><E106/><V13/><F13/><W71/><G71/><T35/><D35/><U36/><E105/><V67/><F67/><W56/><G64/><RYUUKYOKU ba="0,0" sc="188,10,235,10,212,10,365,-30" hai0="41,42,49,52,54,57,59,63,129,131" hai1="21,22,23,36,78,83,87,90,92,97" hai2="30,31,81,82,86,88,91,95,99,103" /><INIT seed="2,1,0,1,3,47" ten="198,245,222,335" oya="2" hai0="115,71,118,25,31,98,85,48,91,60,40,33,54" hai1="121,51,93,82,14,112,123,3,43,5,27,111,16" hai2="26,63,106,95,53,76,49,117,94,105,125,100,120" hai3="50,134,72,17,129,75,2,32,116,18,13,66,103"/><V19/><F117/><W41/><G2/><T127/><D118/><U68/><E112/><V45/><F120/><W70/><G32/><T61/><D115/><U110/><E68/><V4/><F125/><W130/><G116/><T78/><D127/><U92/><E27/><V79/><F4/><W28/><G28/><T128/><D128/><U73/><E5/><V83/><F63/><N who="3" m="40287" /><G103/><T15/><D40/><U7/><E7/><V1/><F1/><W34/><G34/><T57/><D78/><N who="1" m="44367" /><E3/><V97/><F95/><N who="1" m="36425" /><E51/><V88/><F100/><W126/><G126/><T9/><D98/><U113/><E43/><V132/><F132/><W90/><G90/><T29/><D29/><U80/><E80/><V22/><REACH who="2" step="1"/><F79/><REACH who="2" ten="198,245,212,335" step="2"/><W38/><G134/><T104/><D104/><U101/><E101/><V59/><F59/><W36/><G130/><T81/><D71/><U107/><E113/><V99/><F99/><W124/><G129/><T87/><D85/><AGARI ba="1,1" hai="19,22,26,45,49,53,76,83,85,88,94,97,105,106" machi="85" ten="30,11600,0" yaku="1,1,7,1,52,1,54,1,53,0" doraHai="47" doraHaiUra="69" who="2" fromWho="0" sc="198,-119,245,0,212,129,335,0" /><INIT seed="2,2,0,2,1,23" ten="79,245,341,335" oya="2" hai0="46,117,9,41,128,127,80,6,101,57,33,11,92" hai1="95,104,84,58,126,10,16,87,120,36,64,86,94" hai2="124,74,83,111,44,14,125,68,115,45,13,8,53" hai3="129,5,47,28,34,37,78,135,114,103,51,88,90"/><V39/><F115/><W123/><G37/><T26/><D117/><U122/><E36/><V29/><F68/><W71/><G123/><N who="1" m="47146" /><E104/><V96/><F111/><W15/><G71/><T43/><D128/><U106/><E106/><V98/><F29/><W121/><G121/><T38/><D127/><N who="2" m="48714" /><F53/><W100/><G129/><T69/><D69/><U110/><E110/><V22/><F22/><W48/><G135/><T1/><D43/><U62/><E126/><V77/><F14/><AGARI ba="2,0" hai="10,14,16,58,62,64,84,86,87,94,95" m="47146" machi="14" ten="30,2000,0" yaku="13,1,54,1" doraHai="23" who="1" fromWho="2" sc="79,0,245,26,341,-26,335,0" /><INIT seed="3,0,0,2,1,61" ten="79,271,315,335" oya="3" hai0="78,58,107,42,77,5,116,36,25,80,33,93,79" hai1="71,131,11,32,34,132,108,110,14,8,0,26,111" hai2="15,95,43,94,44,45,41,106,17,23,72,129,92" hai3="52,123,128,16,89,117,2,103,99,100,86,73,28"/><W133/><G123/><T56/><D107/><U35/><E71/><V119/><F119/><W50/><G117/><T55/><D58/><U135/><E131/><V12/><F129/><W13/><G2/><T127/><D55/><U124/><E124/><V19/><F72/><W7/><G73/><T84/><D79/><U53/><E53/><V88/><F106/><W30/><G7/><T4/><D78/><U97/><E97/><V62/><F62/><W67/><G67/><T126/><D80/><U66/><E66/><V122/><F122/><W21/><G133/><N who="1" m="51274" /><E0/><V75/><F75/><W101/><G99/><T112/><D42/><N who="2" m="15882" /><F88/><W47/><REACH who="3" step="1"/><G128/><REACH who="3" ten="79,271,315,325" step="2"/><T64/><D116/><U27/><E11/><AGARI ba="0,1" hai="11,12,15,17,19,23,44,45,92,94,95" m="15882" machi="11" ten="30,1000,0" yaku="8,1" doraHai="61" who="2" fromWho="1" sc="79,0,271,-10,315,20,325,0" /><INIT seed="4,0,0,0,5,10" ten="79,261,335,325" oya="0" hai0="29,98,25,79,52,129,51,32,47,112,54,93,55" hai1="28,106,6,37,33,74,8,113,26,56,15,23,81" hai2="72,77,103,46,100,44,2,117,11,120,111,121,35" hai3="5,127,122,70,66,24,107,82,96,65,20,135,110"/><T43/><D129/><U30/><E106/><V87/><F111/><W4/><G110/><T83/><D112/><U132/><E37/><V9/><F35/><W31/><G107/><T27/><D27/><N who="1" m="18591" /><E56/><V116/><F87/><W36/><G36/><T34/><D34/><N who="1" m="20823" /><E81/><V125/><F77/><W114/><G114/><T13/><D13/><N who="1" m="5271" /><E74/><V91/><F72/><W92/><G122/><T71/><D71/><U64/><E64/><V40/><F91/><W99/><G70/><T78/><REACH who="0" step="1"/><D83/><REACH who="0" ten="69,261,335,325" step="2"/><U130/><E113/><V95/><F121/><W57/><G82/><T12/><D12/><U17/><E132/><V131/><F120/><W88/><G135/><T67/><D67/><U16/><E17/><V19/><F19/><W124/><G66/><T7/><D7/><U128/><AGARI ba="0,1" hai="15,16,23,128,130" m="5271,20823,18591" machi="128" ten="30,8000,1" yaku="34,2,52,2,54,1" doraHai="10" who="1" fromWho="1" sc="69,-40,261,90,335,-20,325,-20" /><INIT seed="5,0,0,3,2,21" ten="29,351,315,305" oya="1" hai0="74,132,59,101,120,62,71,41,131,105,63,118,65" hai1="96,83,64,121,23,40,4,12,94,9,113,2,81" hai2="33,110,88,47,106,57,126,10,7,26,1,123,77" hai3="55,82,129,27,42,35,78,73,58,22,43,17,29"/><U86/><E121/><V67/><F123/><W45/><G129/><T98/><D62/><U46/><E113/><V18/><F110/><W30/><G45/><T119/><D59/><U60/><E86/><V104/><F126/><W51/><REACH who="3" step="1"/><G30/><REACH who="3" ten="29,351,315,295" step="2"/><T87/><D131/><U133/><E133/><V115/><F115/><W70/><G70/><T50/><D132/><U53/><E46/><V37/><F47/><W112/><G112/><T124/><D124/><U93/><E40/><V125/><F125/><W92/><G92/><T91/><D120/><U13/><E93/><V85/><F106/><W72/><G72/><T79/><D41/><U39/><E39/><V5/><F104/><W134/><G134/><T20/><D50/><U24/><E83/><V52/><F37/><W28/><G28/><T100/><D100/><U99/><E81/><V75/><F75/><W117/><G117/><T66/><D71/><U111/><E111/><V103/><F103/><W95/><G95/><N who="0" m="54783" /><D119/><U11/><E94/><V34/><F57/><W19/><G19/><T3/><D118/><U15/><E99/><V130/><F130/><W61/><G61/><T108/><D108/><U107/><E96/><V128/><F18/><W31/><G31/><T102/><D102/><U54/><E107/><V68/><F128/><W89/><G89/><T16/><D63/><U127/><E127/><V116/><F88/><W90/><G90/><T56/><D56/><U69/><E60/><N who="2" m="40039" /><F116/><W114/><G114/><T135/><D135/><U36/><E69/><V25/><F85/><W38/><G38/><T14/><D3/><RYUUKYOKU ba="0,1" sc="29,15,351,-15,315,-15,295,15" hai0="14,16,20,65,66,74,79,98,101,105" hai3="17,22,27,29,35,42,43,51,55,58,73,78,82" /><INIT seed="6,1,1,4,0,45" ten="44,336,300,310" oya="2" hai0="97,109,62,49,0,85,107,89,71,3,25,119,24" hai1="15,82,18,35,77,111,42,40,6,129,106,63,117" hai2="91,59,8,17,105,53,95,87,13,39,83,113,29" hai3="31,51,66,9,88,65,74,84,67,99,44,103,90"/><V28/><F105/><W112/><G74/><T34/><D119/><U47/><E117/><V27/><F113/><W120/><G120/><T104/><D109/><U96/><E35/><V11/><F39/><W79/><G112/><T54/><D85/><U94/><E106/><V118/><F118/><W98/><G31/><T100/><D89/><N who="3" m="34409" /><G9/><T126/><D126/><U125/><E125/><V130/><F130/><W2/><G2/><T110/><D110/><U68/><E6/><V116/><F116/><W81/><G103/><T14/><D14/><U114/><E129/><V61/><F8/><W102/><G102/><T38/><D38/><U5/><E5/><V7/><F83/><W23/><G23/><AGARI ba="1,1" hai="7,11,13,17,23,27,28,29,53,59,61,87,91,95" machi="23" ten="40,2000,0" yaku="8,1" doraHai="45" who="2" fromWho="3" sc="44,0,336,0,300,33,310,-23" /><INIT seed="6,2,0,3,2,79" ten="44,336,333,287" oya="2" hai0="24,121,25,128,20,90,109,82,29,97,52,8,135" hai1="91,31,113,4,72,120,127,61,35,54,50,40,108" hai2="117,15,68,21,41,74,125,75,133,34,5,100,130" hai3="103,65,22,27,118,16,94,123,63,39,60,87,64"/><V92/><F117/><W124/><G123/><T122/><D128/><U51/><E72/><V14/><F34/><W59/><G118/><T126/><D135/><U101/><E108/><V2/><F68/><W129/><G129/><T110/><D126/><U134/><E4/><V57/><F130/><W37/><G124/><T53/><D8/><U6/><E6/><V43/><F125/><W69/><REACH who="3" step="1"/><G87/><REACH who="3" ten="44,336,333,277" step="2"/><T86/><D97/><AGARI ba="2,1" hai="16,22,27,37,39,59,60,63,64,65,69,94,97,103" machi="97" ten="40,5200,0" yaku="1,1,2,1,54,1,53,0" doraHai="79" doraHaiUra="131" who="3" fromWho="0" sc="44,-58,336,0,333,0,277,68" owari="-14,-51.0,336,14.0,333,-7.0,345,44.0" /></mjloggm>