<mjloggm ver="2.3"><GO type="169" lobby="0"/><UN n0="%E3%83%84%E3%83%AC%E3%82%AA" n1="%E2%80%90%E3%81%AF%E3%81%9A%E3%81%8D%E3%82%93%E3%81%90%E2%80%90" n2="%47%E9%9B%80" n3="%E5%B0%B1%E6%B4%BB%E7%94%9F%40%E5%B7%9D%E6%9D%91%E8%BB%8D%E5%9B%A3" dan="17,16,16,19" rate="2207.89,2093.96,2186.63,2312.14" sx="M,F,M,M"/><TAIKYOKU oya="0"/><INIT seed="0,0,0,0,0,87" ten="250,250,250,250" oya="0" hai0="22,32,85,64,43,84,99,15,1,71,33,34,39" hai1="57,38,106,104,86,69,90,48,113,23,119,16,45" hai2="0,115,54,130,24,53,96,52,112,8,62,76,20" hai3="116,125,14,63,131,88,123,58,25,4,93,124,121"/><T74/><D1/><U75/><E75/><V79/><F130/><W97/><G116/><T17/><D74/><U127/><E119/><V110/><F110/><W37/><G37/><T70/><D39/><U10/><E69/><V49/><F49/><W135/><G131/><T103/><D43/><U72/><E72/><V105/><F62/><W28/><G4/><T101/><D101/><U30/><E127/><N who="3" m="48714" /><G14/><T51/><D51/><U129/><E129/><V2/><F96/><W21/><G135/><T50/><D50/><U111/><E111/><V61/><F61/><W60/><G60/><T46/><D46/><U117/><E113/><V122/><F105/><W82/><G82/><T9/><D64/><AGARI ba="0,0" hai="21,25,28,58,63,64,88,93,97,121,123" m="48714" machi="64" ten="30,3900,0" yaku="18,1,52,1,54,1" doraHai="87" who="3" fromWho="0" sc="250,-39,250,0,250,0,250,39" /><INIT seed="1,0,0,0,3,123" ten="211,250,250,289" oya="1" hai0="19,128,125,47,130,67,120,127,75,11,29,93,118" hai1="28,22,133,96,135,7,5,121,10,61,48,74,94" hai2="1,27,41,66,46,69,24,63,110,104,31,0,52" hai3="83,79,112,100,126,21,3,105,129,103,115,122,42"/><U45/><E74/><V107/><F27/><W62/><G3/><T25/><D75/><U97/><E121/><V14/><F14/><W16/><G122/><T38/><D120/><U18/><E28/><V2/><F110/><W65/><G126/><N who="0" m="48139" /><D67/><U4/><E10/><V95/><F95/><W68/><G42/><N who="0" m="22999" /><D93/><U73/><E73/><V91/><F91/><W54/><G54/><T56/><D56/><U33/><E33/><V76/><F76/><W13/><G129/><T15/><D118/><U58/><E94/><V80/><F80/><W44/><G44/><T35/><AGARI ba="0,0" hai="11,15,19,25,29,35,128,130" m="22999,48139" machi="35" ten="30,1100,0" yaku="18,1" doraHai="123" who="0" fromWho="0" sc="211,11,250,-5,250,-3,289,-3" /><INIT seed="2,0,0,3,3,86" ten="222,245,247,286" oya="2" hai0="113,1,75,33,132,106,38,104,123,52,26,129,68" hai1="14,80,53,12,107,125,87,85,70,63,79,39,78" hai2="65,122,16,110,8,66,3,83,71,88,112,100,24" hai3="37,89,101,91,19,4,21,58,116,105,43,97,10"/><V121/><F112/><W34/><G34/><T49/><RYUUKYOKU type="yao9" ba="0,0" sc="222,0,245,0,247,0,286,0" hai0="1,26,33,38,49,52,68,75,104,106,113,123,129,132" /><INIT seed="2,1,0,0,1,30" ten="222,245,247,286" oya="2" hai0="100,77,104,76,25,59,108,118,52,90,56,105,123" hai1="101,34,55,39,47,74,37,78,134,80,133,81,60" hai2="22,88,92,128,58,95,19,17,124,3,94,61,127" hai3="7,27,119,84,65,117,111,33,83,0,57,126,18"/><V72/><F3/><W73/><G73/><T44/><D123/><U114/><E114/><V43/><F43/><W36/><G36/><T9/><D108/><U107/><E81/><V11/><F11/><W42/><G111/><T69/><D69/><U8/><E55/><V40/><F40/><W15/><G126/><N who="2" m="48169" /><F72/><W87/><G42/><T38/><D38/><U122/><E47/><V13/><F17/><W63/><G84/><T10/><D44/><U45/><E45/><V102/><F102/><W23/><G0/><T62/><D118/><U116/><E116/><V49/><F128/><W112/><G112/><T5/><D9/><U109/><E109/><V113/><F113/><W93/><G93/><T85/><D105/><U125/><E125/><V41/><F49/><W75/><G75/><T32/><D104/><U66/><E8/><V2/><F41/><W106/><G106/><T103/><D103/><U86/><E122/><V64/><F2/><W89/><G7/><T115/><D100/><U98/><E86/><AGARI ba="1,0" hai="13,19,22,58,61,64,86,88,92,94,95" m="48169" machi="86" ten="30,2900,0" yaku="18,1,54,1" doraHai="30" who="2" fromWho="1" sc="222,0,245,-32,247,32,286,0" /><INIT seed="2,2,0,5,5,73" ten="222,213,279,286" oya="2" hai0="33,74,29,93,47,104,53,41,8,46,112,75,127" hai1="83,69,106,20,116,100,19,17,37,7,14,124,118" hai2="40,63,129,128,31,60,15,72,56,110,58,54,23" hai3="82,122,44,1,121,28,2,59,94,98,49,133,126"/><V123/><F72/><W71/><G71/><T5/><D104/><U87/><E69/><V16/><F123/><W10/><G126/><T107/><D107/><U125/><E37/><V120/><F120/><W117/><G117/><T18/><D112/><U39/><E39/><V103/><F103/><W38/><G133/><T48/><D127/><N who="1" m="48715" /><E100/><V3/><F3/><W64/><G38/><T81/><D18/><U67/><E67/><V92/><F40/><W108/><G108/><T42/><D29/><U96/><E96/><V52/><F110/><W79/><G28/><T66/><D33/><U130/><E106/><V30/><F92/><W102/><G64/><T21/><D66/><U114/><E114/><V97/><F97/><W34/><G34/><T85/><D93/><U78/><E130/><AGARI ba="2,0" hai="15,16,23,30,31,52,54,56,58,60,63,128,129,130" machi="130" ten="40,12000,1" yaku="9,1,19,1,54,2" doraHai="73" who="2" fromWho="1" sc="222,0,213,-126,279,126,286,0" /><INIT seed="2,3,0,3,1,105" ten="222,87,405,286" oya="2" hai0="64,3,44,32,100,112,17,7,59,80,101,95,122" hai1="93,31,121,28,131,103,111,96,123,56,36,40,97" hai2="22,81,55,94,88,102,130,58,86,53,107,16,106" hai3="91,110,70,4,20,30,109,37,9,118,92,35,79"/><V83/><F130/><W124/><G118/><T6/><D122/><U78/><E131/><V120/><F120/><N who="1" m="46153" /><E78/><V98/><F107/><W50/><G37/><T8/><D32/><U129/><E129/><V43/><F43/><W47/><G70/><T104/><D104/><N who="1" m="63591" /><E111/><N who="3" m="42506" /><G79/><T134/><D134/><U27/><E56/><V26/><REACH who="2" step="1"/><F53/><REACH who="2" ten="222,87,395,286" step="2"/><W119/><G119/><T0/><D112/><U42/><E36/><V63/><AGARI ba="3,1" hai="16,22,26,55,58,63,81,83,86,88,94,98,102,106" machi="63" ten="20,18000,2" yaku="1,1,2,1,0,1,7,1,54,2,53,0" doraHai="105" doraHaiUra="71" who="2" fromWho="2" sc="222,-63,87,-63,395,199,286,-63" /><INIT seed="2,4,0,1,5,78" ten="159,24,594,223" oya="2" hai0="120,64,62,101,77,53,58,74,63,36,70,49,111" hai1="131,22,17,99,55,26,61,41,67,27,59,69,80" hai2="117,4,113,79,8,0,32,87,68,14,19,122,10" hai3="97,31,90,38,42,118,56,33,2,54,126,71,57"/><V18/><F68/><W124/><G71/><T16/><D101/><U45/><E131/><V39/><F39/><W72/><G2/><T129/><D129/><U86/><E99/><V11/><F122/><W24/><G72/><T100/><D100/><U43/><E27/><V76/><F76/><W119/><G38/><T28/><D120/><U65/><E69/><V35/><F79/><W47/><G42/><T25/><D36/><U107/><E107/><V85/><F85/><W135/><G135/><T102/><D102/><U110/><E110/><V134/><F87/><W30/><G30/><T12/><D111/><U121/><E121/><V46/><F46/><W73/><G73/><T115/><D115/><U112/><E112/><V23/><F113/><W7/><G7/><T91/><D91/><U52/><E55/><V3/><F117/><W15/><G15/><T81/><D70/><U94/><E94/><V20/><F134/><W109/><G109/><T40/><D40/><N who="1" m="15435" /><E45/><V116/><F116/><W1/><G1/><N who="2" m="585" /><F4/><W34/><G47/><T21/><REACH who="0" step="1"/><D64/><REACH who="0" ten="149,24,594,223" step="2"/><U93/><E93/><V37/><F37/><W114/><G114/><T108/><D108/><U44/><E44/><V95/><F95/><W133/><G118/><T123/><D123/><U103/><E103/><V84/><F84/><W66/><G119/><T9/><AGARI ba="4,1" hai="9,12,16,21,25,28,49,53,58,62,63,74,77,81" machi="9" ten="20,12000,2" yaku="1,1,0,1,7,1,52,1,54,1,53,1" doraHai="78" doraHaiUra="13" who="0" fromWho="0" sc="149,142,24,-34,594,-64,223,-34" owari="291,9.0,-10,-51.0,530,63.0,189,-21.0" /></mjloggm>