<mjloggm ver="2.3"><GO type="225" lobby="0"/><UN n0="%E3%82%A6%E3%83%AB%E3%83%88%E3%83%A9%E7%AB%8B%E7%9B%B4" n1="%73%61%72%61%6B" n2="%E3%82%A6%E3%82%A3%E3%83%B3%44" n3="%E7%AB%B6%E9%A6%AC%E7%A0%94%E7%A9%B6%E6%89%80" dan="17,16,17,19" rate="2112.93,2149.06,2146.83,2287.48" sx="M,M,M,M"/><TAIKYOKU oya="0"/><INIT seed="0,0,0,2,3,81" ten="250,250,250,250" oya="0" hai0="110,28,23,66,128,21,83,43,16,24,84,26,127" hai1="5,3,42,67,56,19,7,33,118,69,18,37,117" hai2="29,1,116,86,91,48,123,64,135,13,59,119,99" hai3="70,22,121,126,122,107,96,68,89,38,97,47,63"/><T98/><D128/><U133/><E56/><V32/><F1/><W93/><G126/><T54/><D127/><U51/><E51/><V101/><F123/><W55/><G22/><T34/><D110/><U50/><E50/><V90/><F135/><W17/><G17/><T87/><D34/><U30/><E19/><V85/><F13/><W27/><G27/><T36/><D66/><U46/><E18/><V60/><F48/><W31/><G31/><T58/><D83/><U25/><E7/><V129/><F129/><W65/><G70/><T0/><D0/><U111/><E133/><V103/><F29/><W71/><G71/><T61/><REACH who="0" step="1"/><D98/><REACH who="0" ten="240,250,250,250" step="2"/><U108/><E111/><V40/><F32/><W75/><G97/><T9/><D9/><U52/><E108/><V105/><F119/><W72/><G122/><T114/><D114/><U112/><E112/><V130/><F116/><W73/><G121/><T14/><D14/><U132/><E132/><V35/><F35/><W44/><G96/><T49/><D49/><U74/><E117/><V124/><F130/><W109/><G109/><T62/><D62/><N who="1" m="40183" /><E118/><V6/><F124/><W82/><G82/><T131/><D131/><U80/><E80/><N who="2" m="49447" /><F103/><W11/><G75/><T57/><D57/><U79/><E74/><V125/><F125/><W77/><G72/><T104/><D104/><U39/><E79/><V10/><F40/><W115/><G107/><T20/><D20/><U41/><E41/><V106/><F106/><W113/><G73/><T53/><D53/><U4/><E52/><V100/><F105/><W2/><G115/><RYUUKYOKU ba="0,1" sc="240,30,250,-10,250,-10,250,-10" hai0="16,21,23,24,26,28,36,43,54,58,61,84,87" /><INIT seed="0,1,1,0,2,51" ten="270,240,240,240" oya="0" hai0="14,135,23,7,100,123,40,31,72,77,48,129,109" hai1="88,10,37,0,83,93,75,120,92,55,81,24,111" hai2="122,73,91,86,65,114,128,131,49,127,113,71,103" hai3="121,60,39,34,94,110,46,26,42,105,64,108,35"/><T58/><D123/><U22/><E120/><V80/><F122/><W28/><G105/><T96/><D72/><U102/><E37/><V101/><F71/><W117/><G117/><T95/><D77/><U5/><E111/><N who="3" m="42538" /><G94/><T89/><D109/><U54/><E102/><N who="2" m="38923" /><F65/><W56/><G121/><T66/><D129/><N who="2" m="49738" /><F127/><W19/><G19/><N who="0" m="10743" /><D135/><U78/><E83/><N who="2" m="49631" /><F49/><W85/><G85/><T132/><D132/><U69/><E69/><V4/><F4/><W57/><G57/><T118/><D118/><U50/><E50/><V130/><N who="2" m="49746" /><V53/><DORA hai="36" /><F53/><W59/><G59/><T3/><D7/><U63/><E93/><V21/><F21/><AGARI ba="1,1" hai="21,26,28,34,35,39,42,46,56,60,64" m="42538" machi="21" ten="30,2000,0" yaku="14,1,52,1" doraHai="51,36" who="3" fromWho="2" sc="270,0,240,0,240,-23,240,33" /><INIT seed="1,0,0,5,1,44" ten="270,240,217,273" oya="1" hai0="50,8,20,71,28,56,132,61,88,94,102,87,53" hai1="18,57,74,86,59,75,115,123,32,114,5,46,27" hai2="6,135,33,58,43,21,117,95,45,54,130,38,67" hai3="35,128,17,51,64,82,14,19,110,10,41,9,24"/><U23/><E123/><V2/><F117/><W0/><G64/><T73/><D73/><U111/><E111/><V4/><F33/><W91/><G110/><T99/><D132/><U65/><E32/><V7/><F130/><W30/><G128/><T89/><D8/><U118/><E118/><V66/><F135/><W70/><G70/><T42/><D71/><U90/><E5/><V12/><F2/><W119/><G119/><T11/><D11/><U129/><E129/><V31/><F95/><W104/><G104/><T39/><D39/><U25/><E25/><V122/><F122/><W26/><G91/><T13/><D42/><U120/><E120/><V133/><F133/><W34/><G82/><T52/><D87/><U109/><E109/><V80/><F80/><W68/><G68/><T36/><D36/><U134/><E134/><V55/><F55/><W126/><G126/><T40/><D40/><U16/><E18/><V124/><F124/><W84/><G84/><T125/><D125/><U78/><E46/><V22/><F12/><W29/><G41/><T60/><D60/><N who="1" m="38031" /><E59/><V49/><REACH who="2" step="1"/><F31/><REACH who="2" ten="270,240,207,273" step="2"/><W69/><G0/><T112/><D13/><U113/><E78/><V48/><F48/><W100/><G51/><T3/><D3/><U127/><E127/><V85/><F85/><W116/><G116/><T106/><D106/><U81/><E75/><V107/><F107/><W93/><G93/><T77/><D94/><N who="1" m="54615" /><E74/><V79/><F79/><W63/><G14/><T76/><D77/><U72/><E72/><V105/><F105/><W37/><G37/><T98/><D76/><RYUUKYOKU ba="0,1" sc="270,-15,240,15,207,15,273,-15" hai1="16,23,27,81,113,114,115" hai2="4,6,7,21,22,38,43,45,49,54,58,66,67" /><INIT seed="1,1,1,4,2,49" ten="255,255,222,258" oya="1" hai0="109,42,24,91,60,105,71,62,13,48,76,92,127" hai1="80,11,53,135,73,69,133,106,9,16,122,130,33" hai2="99,34,40,55,47,129,6,51,70,65,20,57,111" hai3="29,23,94,45,59,121,78,41,44,28,126,46,83"/><U14/><E122/><V56/><F34/><W38/><G121/><T36/><D105/><U37/><E37/><V97/><F111/><W110/><G110/><T0/><D0/><U75/><E69/><V10/><F129/><W114/><G114/><T25/><D36/><U132/><E130/><V95/><F20/><W86/><G126/><T102/><D71/><U123/><E123/><V31/><F31/><W21/><G94/><T22/><D102/><U52/><E33/><V79/><F79/><W131/><G131/><T63/><D76/><N who="1" m="44047" /><E75/><V30/><F30/><N who="3" m="11883" /><G38/><T82/><D82/><U17/><E106/><V19/><F19/><N who="1" m="7241" /><E11/><V18/><F18/><AGARI ba="1,1" hai="9,14,18,52,53,132,133,135" m="7241,44047" machi="18" ten="30,12000,1" yaku="20,1,52,2,54,2" doraHai="49" who="1" fromWho="2" sc="255,0,255,133,222,-123,258,0" /><INIT seed="1,2,0,2,1,3" ten="255,388,99,258" oya="1" hai0="82,116,106,55,4,105,44,40,72,95,113,11,10" hai1="84,5,125,110,65,86,62,28,99,67,59,9,21" hai2="22,23,19,46,63,120,26,31,39,96,98,20,104" hai3="78,14,37,30,15,109,8,114,115,123,16,61,94"/><U17/><E28/><V135/><F120/><W92/><G37/><T48/><D116/><U124/><E110/><V36/><F135/><W27/><G123/><T83/><D113/><U129/><E129/><V58/><F31/><W112/><G109/><T128/><D128/><U93/><E67/><V134/><F134/><W119/><G119/><T52/><D95/><U25/><E125/><V12/><F104/><W66/><G78/><T117/><D117/><U133/><E133/><V35/><F35/><W0/><G0/><T76/><D83/><U1/><REACH who="1" step="1"/><E124/><REACH who="1" ten="255,378,99,258" step="2"/><V130/><F130/><W122/><G122/><T85/><D72/><U118/><E118/><V54/><F39/><W6/><G30/><T45/><D55/><U32/><E32/><V111/><F111/><W87/><G115/><T38/><REACH who="0" step="1"/><D10/><REACH who="0" ten="245,378,99,258" step="2"/><U7/><E7/><V97/><F36/><W126/><G126/><T88/><D88/><AGARI ba="2,2" hai="1,5,9,17,21,25,59,62,65,84,86,88,93,99" machi="88" ten="30,12000,1" yaku="1,1,7,1,52,1,54,1,53,1" doraHai="3" doraHaiUra="13" who="1" fromWho="0" sc="245,-126,378,146,99,0,258,0" /><INIT seed="1,3,0,2,2,1" ten="119,524,99,258" oya="1" hai0="114,70,67,34,91,3,98,52,58,6,72,49,53" hai1="25,29,5,26,106,77,84,113,63,17,23,2,81" hai2="57,97,71,16,40,79,116,78,12,47,59,61,120" hai3="133,38,69,54,74,19,101,36,22,111,119,65,50"/><U76/><E113/><V20/><F116/><W32/><G32/><T13/><D34/><U14/><E106/><V44/><F120/><W15/><G74/><T123/><D3/><U28/><E77/><N who="2" m="29195" /><F71/><W112/><G112/><T30/><D72/><U117/><E117/><V129/><F129/><W56/><G119/><T10/><D114/><U100/><E100/><V39/><F39/><W107/><G133/><T124/><D123/><U24/><REACH who="1" step="1"/><E63/><REACH who="1" ten="119,514,99,258" step="2"/><V60/><F60/><W122/><G107/><T109/><D91/><U87/><E87/><V45/><F61/><W21/><G101/><T27/><D98/><U11/><AGARI ba="3,1" hai="2,5,11,14,17,23,24,25,26,28,29,76,81,84" machi="11" ten="30,6000,0" yaku="1,1,0,1,52,1,53,0" doraHai="1" doraHaiUra="130" who="1" fromWho="1" sc="119,-23,514,79,99,-23,258,-23" /><INIT seed="1,4,0,1,0,48" ten="96,593,76,235" oya="1" hai0="29,88,34,3,41,78,125,11,80,44,57,94,42" hai1="62,87,95,99,132,51,105,103,64,83,13,101,77" hai2="110,61,106,112,70,25,89,124,96,27,38,30,130" hai3="97,98,79,109,21,127,49,122,65,50,7,14,46"/><U119/><E119/><V5/><F38/><W73/><G122/><T45/><D34/><U15/><E132/><V68/><F5/><W55/><G65/><T28/><D3/><U32/><E32/><V93/><F110/><W133/><G109/><T115/><D115/><U134/><E134/><V22/><F124/><W2/><G2/><T114/><D114/><U126/><E126/><V82/><F112/><W72/><G133/><T10/><D57/><U75/><E51/><V81/><F130/><W43/><G127/><T90/><D125/><U4/><E4/><V113/><F113/><W120/><G120/><T52/><D80/><U26/><E26/><V16/><F106/><W91/><G79/><T123/><D78/><U102/><E102/><V67/><REACH who="2" step="1"/><F70/><REACH who="2" ten="96,593,66,235" step="2"/><W117/><G7/><T0/><D0/><U118/><E118/><V37/><F37/><W71/><G71/><T84/><D123/><U58/><REACH who="1" step="1"/><E103/><REACH who="1" ten="96,583,66,235" step="2"/><V129/><F129/><W107/><G117/><T69/><D69/><U92/><E92/><V39/><F39/><W53/><G107/><T31/><D94/><U59/><E59/><V56/><F56/><W128/><G128/><T121/><D121/><U40/><E40/><V74/><F74/><W66/><G43/><T6/><D42/><U85/><E85/><V63/><F63/><W111/><G111/><T135/><D84/><U24/><E24/><V47/><F47/><W35/><G46/><T1/><D45/><U86/><E86/><V17/><F17/><W33/><G73/><T116/><D44/><U131/><E131/><V23/><AGARI ba="4,2" hai="16,22,23,25,27,30,61,67,68,81,82,89,93,96" machi="23" ten="20,12000,2" yaku="1,1,5,1,0,1,7,1,54,1,53,1" doraHai="48" doraHaiUra="12" who="2" fromWho="2" sc="96,-34,583,-64,66,152,235,-34" /><INIT seed="2,0,0,2,3,113" ten="62,519,218,201" oya="2" hai0="15,27,79,66,103,114,126,77,24,120,48,108,30" hai1="60,135,46,89,69,121,36,84,34,5,3,73,32" hai2="107,0,106,40,119,100,74,38,125,83,6,105,111" hai3="31,25,102,29,13,55,117,99,86,50,76,14,18"/><V41/><F119/><W17/><G117/><T16/><D120/><U72/><E89/><V52/><F125/><W95/><G14/><T28/><D114/><U39/><E84/><V133/><F133/><W128/><G128/><T67/><D126/><U45/><E121/><V85/><F74/><W33/><G31/><T42/><D108/><U97/><E46/><V63/><F111/><W70/><G70/><T59/><D103/><U23/><E23/><V49/><F63/><W109/><G109/><T104/><D104/><U53/><E53/><V61/><F61/><W127/><G127/><T122/><D122/><U87/><E87/><V91/><F38/><N who="1" m="14377" /><E45/><V93/><F6/><W82/><REACH who="3" step="1"/><G13/><REACH who="3" ten="62,519,218,191" step="2"/><T2/><D2/><U81/><E69/><V118/><F0/><W7/><G7/><T123/><D123/><U1/><E5/><V88/><F118/><W110/><G110/><T19/><D15/><U64/><E3/><V26/><F26/><W56/><AGARI ba="0,1" hai="17,18,25,29,33,50,55,56,76,82,86,95,99,102" machi="56" ten="20,2700,0" yaku="1,1,0,1,7,1,53,0" doraHai="113" doraHaiUra="112" who="3" fromWho="3" sc="62,-7,519,-7,218,-13,191,37" /><INIT seed="3,0,0,2,5,88" ten="55,512,205,228" oya="3" hai0="31,22,50,16,94,36,99,47,3,113,133,102,45" hai1="105,49,67,38,58,110,26,65,108,70,72,85,79" hai2="125,119,129,5,56,89,104,117,33,51,97,71,62" hai3="11,106,6,43,134,40,46,8,122,92,54,9,81"/><W83/><G106/><T128/><D133/><U103/><E72/><V75/><F33/><W68/><G68/><T78/><D128/><U7/><E38/><V69/><F75/><W91/><G122/><T28/><D113/><U42/><E7/><V77/><F129/><W109/><G134/><T27/><D3/><U120/><E120/><V34/><F34/><W93/><G109/><N who="1" m="42090" /><E70/><V118/><F125/><W17/><G6/><T66/><D66/><U74/><E74/><V63/><F5/><W14/><G54/><T114/><D114/><U124/><E124/><V90/><F77/><W130/><G130/><T76/><D36/><U82/><E26/><V61/><F104/><W1/><G1/><T101/><D101/><U73/><E73/><V41/><F41/><N who="3" m="15947" /><G46/><T35/><D47/><N who="1" m="25847" /><E58/><V39/><F39/><W12/><G12/><T15/><REACH who="0" step="1"/><D31/><REACH who="0" ten="45,512,205,228" step="2"/><U24/><E24/><V48/><F117/><W86/><G81/><T115/><D115/><U21/><E21/><AGARI ba="0,1" hai="8,9,11,14,17,21,83,86,91,92,93" m="15947" machi="21" ten="30,5800,0" yaku="8,1,52,2" doraHai="88" who="3" fromWho="1" sc="45,0,512,-58,205,0,228,68" /><INIT seed="3,1,0,2,1,9" ten="45,454,205,296" oya="3" hai0="82,135,55,37,20,68,79,91,116,128,122,125,25" hai1="87,93,94,106,12,75,16,4,70,118,43,101,67" hai2="40,97,98,24,133,109,19,23,34,31,85,47,17" hai3="132,6,46,89,99,39,110,11,27,90,123,30,100"/><W127/><G123/><T13/><D82/><U120/><E75/><V49/><F109/><W10/><G110/><T38/><D79/><U112/><E120/><V15/><F133/><W59/><G132/><T113/><D55/><U29/><E112/><V95/><F85/><W48/><G39/><T115/><D91/><U18/><E118/><V56/><F95/><W103/><G127/><T71/><D20/><U36/><E29/><V83/><F83/><W63/><G30/><T2/><D25/><U92/><E36/><V3/><F3/><W107/><G27/><T121/><D13/><U80/><E70/><V41/><F41/><W69/><G69/><T32/><D71/><U111/><E67/><V78/><F78/><W77/><G77/><T22/><D22/><U26/><E43/><V5/><F5/><W76/><G76/><T124/><D38/><U66/><E80/><V64/><REACH who="2" step="1"/><F19/><REACH who="2" ten="45,454,195,296" step="2"/><W131/><G6/><T104/><D122/><U51/><E18/><V42/><F42/><W8/><G103/><T57/><D57/><U52/><E26/><V84/><F84/><W73/><G73/><T45/><D45/><U102/><E66/><V58/><F58/><W35/><G59/><T72/><D124/><U60/><E60/><AGARI ba="1,1" hai="15,17,23,24,31,34,40,47,49,56,60,64,97,98" machi="60" ten="40,5200,0" yaku="1,1,52,1,53,1" doraHai="9" doraHaiUra="21" who="2" fromWho="1" sc="45,0,454,-55,195,65,296,0" owari="45,-45.0,399,49.0,260,-14.0,296,10.0" /></mjloggm>