<mjloggm ver="2.3"><GO type="169" lobby="0"/><UN n0="%E3%81%82%E3%82%8A%E3%81%A1%E3%82%83" n1="%E3%83%9E%E3%82%B8%E3%81%8D%E3%82%8C%E3%81%9D%E3%81%86%EF%BC%81" n2="%E5%B0%B1%E6%B4%BB%E7%94%9F%40%E5%B7%9D%E6%9D%91%E8%BB%8D%E5%9B%A3" n3="%47%32%E9%BE%8D%E9%96%80" dan="16,18,19,16" rate="2043.80,2224.40,2375.43,2090.91" sx="M,M,M,M"/><TAIKYOKU oya="0"/><INIT seed="0,0,0,4,5,42" ten="250,250,250,250" oya="0" hai0="82,91,16,120,58,22,45,4,50,93,21,72,113" hai1="26,92,57,27,63,129,41,84,3,64,116,8,30" hai2="117,65,70,119,29,68,103,123,100,110,77,18,13" hai3="12,88,10,7,134,133,125,46,89,95,40,111,48"/><T109/><D120/><U15/><E116/><N who="2" m="44619" /><F123/><W76/><G111/><T128/><D113/><U96/><E129/><V75/><F29/><W17/><G125/><T86/><D128/><U35/><E3/><V71/><F65/><W28/><G28/><T69/><D69/><U102/><E30/><V66/><F66/><W20/><G76/><T83/><D109/><U73/><E73/><V90/><F90/><W107/><G107/><T24/><D4/><U23/><E23/><N who="2" m="11727" /><F110/><W94/><G94/><T32/><D32/><U118/><E35/><V6/><F6/><W34/><G34/><T54/><D72/><U106/><E118/><V44/><F44/><W130/><G130/><T0/><D0/><U81/><E106/><V121/><F121/><W31/><G31/><N who="0" m="17807" /><D58/><U51/><E8/><V33/><F33/><W78/><G78/><T85/><D85/><U135/><E15/><AGARI ba="0,0" hai="15,16,22,45,50,54,82,83,86,91,93" m="17807" machi="15" ten="30,5800,0" yaku="8,1,52,1,54,1" doraHai="42" who="0" fromWho="1" sc="250,58,250,-58,250,0,250,0" /><INIT seed="0,1,0,4,2,94" ten="308,192,250,250" oya="0" hai0="108,52,17,32,75,4,77,28,63,127,89,44,31" hai1="7,38,33,5,84,57,23,126,6,111,66,103,88" hai2="14,43,98,78,67,128,132,101,80,30,39,26,113" hai3="8,60,107,92,97,69,36,10,64,1,34,117,119"/><T85/><D77/><U90/><E33/><V3/><F3/><W72/><G72/><T53/><D75/><U95/><E38/><V61/><F113/><W9/><G1/><T19/><D127/><U71/><E71/><V129/><F132/><W86/><G36/><T116/><D32/><U114/><E111/><V102/><F14/><W79/><G34/><T22/><D4/><U13/><E13/><V70/><BYE who="1" /><F102/><W58/><G69/><T91/><D116/><U118/><E118/><V100/><F100/><W55/><G64/><T2/><D2/><U16/><E16/><N who="0" m="6217" /><D108/><U83/><E83/><V115/><F115/><W11/><G11/><T109/><D91/><U29/><E29/><N who="0" m="11337" /><D22/><U122/><E122/><V106/><F43/><W18/><G107/><T21/><D21/><U54/><E54/><N who="0" m="21097" /><D109/><U130/><E130/><V24/><F39/><W0/><G0/><UN n1="%E3%83%9E%E3%82%B8%E3%81%8D%E3%82%8C%E3%81%9D%E3%81%86%EF%BC%81" /><T62/><D44/><U68/><E126/><V45/><F45/><W40/><G79/><T25/><D25/><U65/><E90/><V135/><F135/><W105/><G119/><T125/><D125/><U73/><E88/><V123/><F123/><W37/><G117/><T59/><D59/><U112/><E57/><V49/><F26/><W15/><G105/><T47/><D47/><U99/><E73/><N who="2" m="43087" /><F49/><W48/><G58/><T104/><D104/><U96/><E114/><V20/><F128/><W124/><G37/><T12/><D12/><U50/><E50/><V87/><F129/><W27/><G124/><T56/><D56/><U120/><E112/><V82/><F82/><AGARI ba="1,0" hai="62,63,82,85,89" m="21097,11337,6217" machi="82" ten="30,5800,0" yaku="8,1,54,2" doraHai="94" who="0" fromWho="2" sc="308,61,192,0,250,-61,250,0" /><INIT seed="0,2,0,0,5,113" ten="369,192,189,250" oya="0" hai0="89,25,70,10,117,131,37,33,118,22,40,72,2" hai1="0,5,120,38,16,98,42,7,81,121,32,47,17" hai2="64,62,15,107,26,125,19,102,34,96,49,84,115" hai3="6,127,104,110,90,78,65,57,97,67,99,28,4"/><T114/><D72/><U134/><E32/><V79/><F115/><W74/><G110/><T100/><D70/><U27/><E134/><V116/><F125/><W44/><G127/><T20/><D114/><U9/><E7/><V103/><F103/><W45/><G28/><N who="0" m="19599" /><D100/><U132/><E132/><V1/><F1/><W29/><G29/><T122/><D89/><U92/><E27/><V36/><F36/><W53/><G104/><T35/><D122/><U106/><E106/><V128/><F128/><W48/><G78/><T21/><D40/><U56/><E56/><V54/><F84/><W30/><G30/><T77/><D77/><U76/><E121/><V23/><F79/><W61/><G74/><T93/><D93/><U8/><E8/><V14/><F34/><W83/><G67/><T58/><D58/><U66/><E66/><V130/><F130/><W50/><G83/><T55/><D55/><U71/><E71/><V73/><F73/><W68/><G68/><T119/><D37/><U52/><E52/><V39/><F39/><W24/><G24/><T123/><D123/><U12/><E120/><V13/><F62/><W94/><REACH who="3" step="1"/><G99/><REACH who="3" ten="369,192,189,240" step="2"/><T133/><D35/><U43/><E81/><V101/><F64/><W126/><G126/><T31/><D131/><U63/><E76/><V11/><F96/><W112/><G112/><T87/><D87/><U85/><E85/><V18/><F107/><W135/><G135/><T46/><D133/><U86/><E86/><V111/><F111/><W95/><G95/><T108/><D108/><U69/><E98/><V82/><F82/><RYUUKYOKU ba="2,1" sc="369,-10,192,-10,189,-10,240,30" hai3="4,6,44,45,48,50,53,57,61,65,90,94,97" /><INIT seed="1,3,1,5,5,13" ten="359,182,179,270" oya="1" hai0="37,103,120,63,108,21,18,42,102,3,68,79,88" hai1="125,53,44,23,127,133,8,52,72,71,80,50,81" hai2="100,41,106,86,123,114,93,48,69,66,55,4,20" hai3="128,107,109,46,9,19,126,24,91,64,112,58,84"/><U94/><E71/><V17/><F123/><W47/><G112/><T134/><D3/><U105/><E105/><V45/><F106/><W97/><G109/><T56/><D108/><U62/><E133/><V131/><F131/><W15/><G128/><T77/><D68/><U99/><E8/><V11/><F114/><W12/><G126/><N who="1" m="48138" /><E72/><V83/><F69/><W85/><G24/><T111/><D111/><U132/><E132/><V82/><F66/><W10/><G107/><T122/><D134/><U6/><E6/><V16/><F41/><W110/><G97/><T28/><D37/><U124/><N who="1" m="48146" /><U130/><DORA hai="35" /><E130/><V39/><F39/><W34/><G34/><T115/><D42/><U25/><E62/><V129/><F129/><W0/><G0/><T5/><D115/><U33/><E53/><V14/><F4/><W60/><G110/><T98/><D5/><U22/><E22/><V89/><F100/><W117/><G117/><T76/><D102/><N who="1" m="60791" /><E33/><V30/><F30/><AGARI ba="3,1" hai="23,25,30,44,50,52,80,81" m="60791,48146" machi="30" ten="40,3900,0" yaku="18,1,54,1" doraHai="13,35" who="1" fromWho="2" sc="359,0,182,58,179,-48,270,0" /><INIT seed="1,4,0,5,5,5" ten="359,240,131,270" oya="1" hai0="117,103,77,26,66,127,135,24,93,32,104,116,48" hai1="85,61,113,76,40,70,46,29,83,56,17,25,108" hai2="68,72,126,79,1,105,19,110,57,33,55,23,58" hai3="41,16,8,96,9,63,92,27,44,28,15,20,89"/><U47/><E113/><V131/><F68/><W60/><REACH who="3" step="1"/><G8/><REACH who="3" ten="359,240,131,260" step="2"/><T13/><D117/><U7/><E108/><V43/><F110/><W109/><G109/><T12/><D116/><U123/><E123/><V125/><F125/><W84/><G84/><T18/><D127/><U112/><E112/><V130/><F126/><W114/><G114/><T35/><D35/><U2/><E70/><V31/><F130/><W4/><G4/><T21/><D32/><U86/><E86/><V95/><F131/><W81/><G81/><T14/><D21/><U51/><E7/><V100/><F33/><W11/><G11/><T36/><D135/><U30/><E2/><V49/><F1/><W106/><G106/><T65/><D104/><U50/><E85/><V101/><F105/><W91/><G91/><T80/><D80/><U118/><E83/><V6/><F6/><W133/><G133/><T34/><D34/><U71/><E71/><V67/><F23/><W102/><G102/><T75/><D103/><U98/><E118/><V132/><F100/><W53/><G53/><T59/><D75/><U124/><E124/><V122/><F55/><W74/><G74/><T62/><D77/><U120/><E76/><V22/><F79/><W45/><G45/><T111/><D111/><U88/><E88/><V0/><F72/><W99/><G99/><T10/><D10/><U69/><E98/><V97/><F101/><W78/><G78/><T119/><D119/><U42/><E69/><V134/><F97/><W121/><G121/><T73/><D73/><U82/><E120/><V107/><F122/><RYUUKYOKU ba="4,1" sc="359,-10,240,-10,131,-10,260,30" hai3="9,15,16,20,27,28,41,44,60,63,89,92,96" /><INIT seed="2,5,1,2,3,73" ten="349,230,121,290" oya="2" hai0="31,97,62,94,90,13,56,4,99,8,124,1,74" hai1="71,7,40,76,78,23,18,127,57,55,27,101,81" hai2="109,48,65,86,80,79,103,116,106,14,53,131,111" hai3="46,44,83,107,39,37,42,22,9,2,5,104,67"/><V17/><F116/><W130/><G130/><T72/><D124/><U115/><E71/><V25/><F131/><W69/><G22/><T123/><D123/><U110/><E115/><V96/><F65/><W20/><G20/><T117/><D117/><U43/><E127/><V32/><F32/><W47/><G83/><T102/><D31/><U60/><E110/><V12/><F25/><W21/><G21/><T16/><D4/><U29/><E29/><V10/><REACH who="2" step="1"/><F12/><REACH who="2" ten="349,230,111,290" step="2"/><W34/><G34/><T41/><D1/><U134/><E134/><V113/><F113/><W88/><G67/><T75/><D41/><U28/><E28/><V26/><F26/><W129/><G42/><T49/><D13/><U66/><E43/><V121/><F121/><W128/><G128/><T95/><D72/><U45/><E66/><V63/><F63/><W126/><G129/><T118/><D74/><U35/><E35/><V100/><F100/><W3/><G3/><T125/><D75/><U51/><E101/><V11/><F11/><W105/><G126/><T15/><D125/><U87/><E7/><V38/><F38/><W122/><G122/><T114/><D114/><U77/><AGARI ba="5,2" hai="18,23,27,40,45,51,55,57,60,76,77,78,81,87" machi="77" ten="20,12000,2" yaku="0,1,7,1,8,1,52,3" doraHai="73" who="1" fromWho="1" sc="349,-35,230,155,111,-65,290,-35" /><INIT seed="3,0,0,0,4,64" ten="314,385,46,255" oya="3" hai0="33,23,59,53,37,121,5,56,78,91,43,40,127" hai1="31,45,13,21,38,132,25,131,129,79,108,51,62" hai2="126,128,55,130,52,122,24,61,36,93,106,120,69" hai3="81,89,82,84,50,101,18,94,111,107,80,65,57"/><W135/><G135/><T76/><D33/><U112/><E112/><V85/><F106/><W104/><G18/><T72/><D121/><N who="2" m="46698" /><F24/><W16/><G111/><T20/><D72/><U71/><E108/><V34/><F34/><W113/><G113/><T90/><D5/><U10/><E132/><V102/><F36/><W47/><G101/><T44/><D44/><U41/><E79/><V26/><F26/><W97/><G97/><T27/><D53/><N who="2" m="20554" /><F102/><W105/><G65/><T74/><D27/><U83/><E83/><V103/><F103/><W100/><G100/><T29/><D74/><U73/><E73/><V124/><F93/><W6/><G105/><T117/><D37/><U96/><E38/><V116/><F85/><W49/><G107/><T63/><D117/><U7/><E96/><V95/><F95/><W58/><G104/><T70/><D29/><U98/><E98/><V60/><F116/><W17/><G94/><T110/><D110/><U46/><E46/><V87/><F87/><W3/><G84/><T92/><D92/><U32/><E32/><V75/><F75/><W77/><G77/><T0/><D0/><U28/><E28/><V12/><F12/><W99/><G99/><T42/><D78/><U109/><E109/><V125/><F69/><W88/><G3/><T67/><D76/><U1/><E1/><V14/><F14/><W134/><G134/><T2/><D2/><U48/><E71/><V4/><F4/><W133/><G133/><T9/><D90/><U115/><E7/><V123/><N who="2" m="46706" /><V66/><DORA hai="8" /><F66/><W68/><G6/><RYUUKYOKU ba="0,0" sc="314,-10,385,-10,46,30,255,-10" hai2="60,61,124,125,126,128,130" /><INIT seed="4,1,0,0,5,94" ten="304,375,76,245" oya="0" hai0="135,115,1,44,34,23,31,60,117,81,36,29,4" hai1="13,90,10,113,125,89,95,75,16,15,73,20,127" hai2="9,12,22,123,80,106,77,76,84,40,105,18,133" hai3="53,48,99,128,64,119,21,24,11,52,38,61,63"/><T96/><D117/><U50/><E113/><V91/><F123/><W8/><G119/><T7/><D115/><U121/><E121/><V92/><F133/><W79/><G38/><T26/><D135/><U93/><E50/><V0/><F40/><W120/><G120/><T17/><D36/><U98/><E75/><V104/><F0/><W85/><G128/><T35/><D44/><U55/><E55/><V66/><F66/><W110/><G110/><T87/><D60/><N who="3" m="23113" /><G64/><T33/><D96/><U68/><E73/><V30/><F30/><N who="0" m="11274" /><D87/><U54/><E54/><V83/><F9/><N who="3" m="3659" /><G99/><T134/><D81/><U41/><E68/><V42/><F42/><W78/><G85/><T122/><D134/><U14/><E41/><V132/><F132/><W39/><G39/><T112/><D112/><U118/><E118/><V71/><F71/><W129/><G129/><T49/><D49/><U6/><REACH who="1" step="1"/><E15/><REACH who="1" ten="304,365,76,245" step="2"/><V32/><F32/><W82/><G53/><T27/><D122/><U5/><E5/><N who="0" m="2121" /><D1/><U97/><AGARI ba="1,1" hai="6,10,13,14,16,20,89,90,93,95,97,98,125,127" machi="97" ten="30,12000,2" yaku="1,1,0,1,9,1,52,2,54,1,53,0" doraHai="94" doraHaiUra="47" who="1" fromWho="1" sc="304,-61,365,133,76,-31,245,-31" /><INIT seed="5,0,0,5,2,49" ten="243,498,45,214" oya="1" hai0="115,72,20,29,74,89,53,60,50,61,71,62,11" hai1="22,97,68,15,98,30,5,95,129,103,110,10,37" hai2="21,63,27,77,113,42,116,79,81,34,8,90,92" hai3="16,86,48,135,83,84,125,80,118,12,46,59,101"/><U107/><E37/><V131/><F116/><W14/><G135/><T13/><D115/><U39/><E39/><V82/><F34/><W134/><G134/><T102/><D102/><U128/><E68/><V108/><F108/><W26/><G118/><T119/><D119/><U66/><E66/><V17/><F131/><N who="1" m="50249" /><E110/><V124/><F124/><W126/><G101/><T93/><D20/><U94/><E98/><V105/><F105/><W127/><G59/><T43/><D29/><U36/><E36/><V40/><F113/><W32/><G32/><T51/><D43/><U1/><E15/><N who="3" m="5674" /><G80/><T133/><D51/><U104/><E95/><V117/><F117/><W85/><G83/><T56/><D71/><U41/><E41/><V88/><F8/><W76/><G76/><T96/><REACH who="0" step="1"/><D133/><REACH who="0" ten="233,498,45,214" step="2"/><U132/><E132/><V122/><F122/><W100/><G100/><T114/><D114/><U109/><E109/><V28/><F28/><W2/><G126/><T52/><D52/><U9/><E9/><V6/><F42/><W111/><G111/><T75/><D75/><U35/><E22/><V78/><F40/><N who="3" m="24647" /><G127/><T91/><D91/><U130/><E130/><V54/><F90/><W4/><G125/><T45/><D45/><U65/><E65/><V23/><F23/><N who="3" m="13671" /><G84/><T3/><D3/><U99/><E99/><N who="2" m="57735" /><F6/><AGARI ba="0,1" hai="6,11,13,50,53,56,60,61,62,72,74,89,93,96" machi="6" ten="40,5200,0" yaku="1,1,52,1,53,1" doraHai="49" doraHaiUra="44" who="0" fromWho="2" sc="233,62,498,0,45,-52,214,0" owari="295,10.0,498,60.0,-7,-51.0,214,-19.0" /></mjloggm>