<mjloggm ver="2.3"><GO type="169" lobby="0"/><UN n0="%E3%82%BF%E3%82%AD%E3%83%88%E3%83%BC%E3%83%AB" n1="%E4%BA%91%E5%92%8C%E5%B1%B1%E7%9A%84%E5%BD%BC%E7%AB%AF" n2="%E5%B0%B1%E6%B4%BB%E7%94%9F%40%E5%B7%9D%E6%9D%91%E8%BB%8D%E5%9B%A3" n3="%6E%65%77%E3%81%9F%E3%81%91%E3%81%93%E3%81%9E%E3%81%86" dan="16,16,18,16" rate="2119.13,2065.77,2307.94,2057.51" sx="M,F,M,M"/><TAIKYOKU oya="0"/><INIT seed="0,0,0,0,1,10" ten="250,250,250,250" oya="0" hai0="54,18,16,127,65,53,71,24,79,52,56,122,98" hai1="42,86,94,93,58,90,102,61,132,116,66,72,75" hai2="33,81,128,57,115,51,134,89,11,106,1,131,125" hai3="27,38,28,108,103,109,83,70,39,49,62,45,107"/><T30/><D122/><U22/><E116/><V32/><F106/><W12/><G83/><T119/><D119/><U7/><E132/><V87/><F115/><W114/><G114/><T113/><D113/><U110/><E110/><V111/><F111/><W31/><G108/><T85/><D71/><U44/><E7/><V59/><F134/><W50/><G50/><T118/><D118/><U135/><E135/><V13/><F1/><W84/><G84/><T95/><D127/><U64/><E64/><V101/><F101/><W29/><G109/><T78/><D30/><U14/><E102/><V112/><F125/><W34/><G38/><T63/><D24/><U120/><E120/><V2/><F2/><W133/><G39/><T91/><D85/><U88/><E22/><V3/><F3/><W21/><G133/><T25/><D25/><U55/><E66/><V15/><F112/><W9/><G70/><T6/><D6/><U23/><E23/><V126/><F126/><W60/><G34/><T37/><D37/><U97/><REACH who="1" step="1"/><E14/><REACH who="1" ten="250,240,250,250" step="2"/><N who="2" m="5131" /><F11/><W77/><G103/><T99/><REACH who="0" step="1"/><D98/><REACH who="0" ten="240,240,250,250" step="2"/><U17/><E17/><AGARI ba="0,2" hai="16,17,18,52,53,54,56,63,65,78,79,91,95,99" machi="17" ten="40,12000,1" yaku="1,1,2,1,8,1,54,2,53,0" doraHai="10" doraHaiUra="67" who="0" fromWho="1" sc="240,140,240,-120,250,0,250,0" /><INIT seed="0,1,0,1,1,106" ten="380,120,250,250" oya="0" hai0="1,11,40,111,45,126,117,5,123,59,134,36,3" hai1="7,13,68,44,78,73,109,100,52,67,124,32,93" hai2="37,110,38,108,132,70,41,107,54,16,66,112,62" hai3="103,19,31,34,127,83,128,115,82,89,42,53,60"/><T25/><D123/><U28/><E109/><N who="2" m="42091" /><F107/><W23/><G115/><T55/><D117/><U81/><E124/><V61/><F112/><W114/><G114/><T97/><D134/><U6/><E32/><V58/><F16/><W88/><G127/><T133/><D133/><U26/><E13/><V9/><F9/><W51/><G103/><T84/><D126/><U105/><E105/><V130/><F132/><W17/><G128/><T35/><D97/><U47/><E28/><V99/><F99/><W22/><G60/><T85/><D1/><U30/><E30/><V18/><F18/><W56/><G34/><T14/><D111/><U4/><E26/><V2/><F2/><W21/><G31/><T120/><D120/><U46/><E67/><V64/><F130/><W57/><G42/><T113/><D113/><U116/><E68/><N who="2" m="41999" /><F41/><W135/><G135/><T8/><D25/><U79/><E116/><V75/><F75/><W122/><G122/><T101/><D101/><U121/><E79/><V131/><F131/><W15/><G57/><T63/><REACH who="0" step="1"/><D35/><REACH who="0" ten="370,120,250,250" step="2"/><U96/><REACH who="1" step="1"/><E121/><REACH who="1" ten="370,110,250,250" step="2"/><V43/><F70/><W69/><G69/><T92/><D92/><U76/><E76/><V10/><F66/><W102/><G15/><T27/><D27/><U129/><E129/><V90/><F90/><W91/><G102/><T80/><D80/><AGARI ba="1,2" hai="17,19,21,22,23,51,53,56,80,82,83,88,89,91" machi="80" ten="40,2600,0" yaku="8,1,54,1" doraHai="106" who="3" fromWho="0" sc="370,-29,110,0,250,0,250,49" /><INIT seed="1,0,0,3,5,38" ten="341,110,250,299" oya="1" hai0="67,26,73,122,81,105,33,8,107,52,24,94,117" hai1="80,108,79,82,16,4,100,110,9,19,64,76,31" hai2="124,87,55,78,25,99,15,3,37,34,45,125,126" hai3="77,109,17,20,48,30,2,69,13,53,29,127,46"/><U101/><E31/><V59/><F3/><W90/><G2/><T62/><D117/><U102/><E64/><V6/><F99/><W50/><G109/><N who="1" m="42090" /><E4/><V74/><F74/><W49/><G69/><T111/><D122/><U40/><E9/><V18/><F6/><W128/><G128/><T118/><D118/><U106/><E106/><V58/><F25/><W60/><G127/><T51/><D33/><U75/><E40/><N who="2" m="22671" /><F34/><W0/><G0/><T39/><D105/><U42/><E42/><V96/><F96/><W14/><G77/><N who="1" m="29770" /><E75/><V84/><F78/><W88/><G13/><T12/><D107/><U104/><E104/><V134/><F59/><N who="3" m="34927" /><G46/><T119/><D73/><U132/><E132/><V66/><F134/><W54/><G54/><T135/><D52/><U36/><E36/><V129/><F66/><W21/><G30/><T11/><D39/><U123/><E123/><V32/><F32/><W44/><G44/><T65/><D67/><U63/><E63/><N who="2" m="36319" /><F129/><W85/><G85/><T121/><D65/><U28/><E28/><V23/><AGARI ba="0,0" hai="15,18,23,84,87,124,125,126" m="36319,22671" machi="23" ten="30,2000,0" yaku="18,1,52,1" doraHai="38" who="2" fromWho="2" sc="341,-5,110,-10,250,20,299,-5" /><INIT seed="2,0,0,1,5,35" ten="336,100,270,294" oya="2" hai0="115,3,59,64,123,11,65,38,70,68,9,4,34" hai1="67,101,95,79,57,88,63,103,124,5,125,84,100" hai2="108,43,119,49,120,75,33,77,86,42,112,92,53" hai3="21,78,45,107,44,60,52,66,31,87,36,27,48"/><V118/><F120/><W71/><G107/><T2/><D115/><U26/><E26/><V90/><F33/><W94/><G36/><T50/><D50/><U24/><E24/><V96/><F112/><W76/><REACH who="3" step="1"/><G45/><REACH who="3" ten="336,100,270,284" step="2"/><T109/><D38/><U122/><E122/><V110/><F118/><W20/><G20/><T17/><D123/><U98/><REACH who="1" step="1"/><E5/><REACH who="1" ten="336,90,270,284" step="2"/><V32/><F119/><W29/><G29/><T129/><D4/><U81/><AGARI ba="0,2" hai="57,63,67,79,81,84,88,95,98,100,101,103,124,125" machi="81" ten="30,7900,0" yaku="1,1,2,1,0,1,54,1,53,0" doraHai="35" doraHaiUra="15" who="1" fromWho="1" sc="336,-20,90,99,270,-39,284,-20" /><INIT seed="3,0,0,0,5,135" ten="316,189,231,264" oya="3" hai0="50,56,82,114,33,29,6,93,125,41,64,87,31" hai1="42,124,123,74,131,103,62,35,120,45,60,67,75" hai2="106,83,92,126,7,104,8,17,15,51,3,18,66" hai3="63,54,22,43,95,1,68,16,44,9,19,2,122"/><W96/><G122/><T90/><D114/><U69/><E131/><V0/><F66/><W85/><G85/><T98/><D33/><U73/><E35/><V100/><F83/><W4/><G1/><T30/><D41/><U101/><E124/><V78/><F78/><W88/><G22/><T71/><D71/><U134/><E134/><V129/><F92/><W24/><G24/><T59/><D59/><U58/><E120/><V76/><F76/><W79/><G79/><T53/><D64/><U105/><E105/><V5/><F51/><W117/><G117/><T39/><D39/><U111/><E111/><V97/><F97/><W77/><G77/><T115/><D115/><U128/><E128/><V94/><F94/><W80/><G80/><T65/><D65/><U70/><E123/><V81/><F81/><W89/><G89/><T12/><D125/><U57/><E67/><V10/><F129/><W48/><REACH who="3" step="1"/><G68/><REACH who="3" ten="316,189,231,254" step="2"/><T23/><D82/><U37/><E70/><V40/><F15/><W110/><G110/><T49/><D87/><U26/><E69/><V108/><F108/><W119/><G119/><T132/><D132/><U25/><E26/><V133/><F133/><W109/><G109/><T52/><D23/><U91/><E25/><V130/><F130/><W27/><G27/><T36/><D12/><U28/><E91/><V102/><F126/><W34/><G34/><T107/><D90/><U38/><E28/><V113/><F113/><W14/><G14/><T11/><D31/><U86/><E86/><V13/><F13/><W61/><G61/><T99/><D30/><RYUUKYOKU ba="0,1" sc="316,-15,189,-15,231,15,254,15" hai2="0,3,5,7,8,10,17,18,40,100,102,104,106" hai3="2,4,9,16,19,43,44,48,54,63,88,95,96" /><INIT seed="3,1,1,0,0,58" ten="301,174,246,269" oya="3" hai0="7,84,90,109,120,59,100,48,44,47,26,92,127" hai1="93,60,75,126,131,11,106,86,55,85,72,108,6" hai2="129,130,116,117,98,54,23,52,110,128,0,87,76" hai3="38,61,113,71,114,14,33,102,30,63,68,65,134"/><W77/><G14/><T69/><D109/><U42/><E106/><V15/><F0/><W4/><G77/><T49/><D127/><U103/><E108/><V10/><F98/><W45/><G4/><T12/><D69/><U80/><E126/><V118/><F23/><W70/><G102/><T34/><D120/><U21/><E131/><V43/><F43/><N who="3" m="22775" /><G134/><T78/><D49/><U81/><E42/><V27/><F27/><N who="3" m="18655" /><G71/><T13/><D34/><U5/><E21/><V88/><F76/><W124/><G124/><T67/><D26/><U112/><E112/><V24/><F24/><W83/><G83/><T50/><D50/><U107/><E107/><V115/><F115/><W56/><G56/><T46/><D48/><U9/><E103/><V105/><F105/><W18/><G18/><T79/><D100/><U111/><E111/><V135/><F135/><W40/><G40/><T64/><D13/><U123/><E93/><N who="2" m="54431" /><F110/><W119/><G119/><T16/><D59/><U62/><REACH who="1" step="1"/><E55/><REACH who="1" ten="301,164,246,269" step="2"/><V66/><F118/><W94/><G94/><T51/><D92/><U41/><E41/><V73/><F117/><W19/><G114/><T89/><D89/><U101/><E101/><V2/><F116/><W97/><G113/><T25/><D90/><U104/><E104/><V17/><F128/><W32/><G32/><T35/><D35/><U22/><E22/><V121/><F54/><W39/><G39/><T29/><D29/><U91/><E91/><V99/><F129/><W133/><G133/><T95/><D95/><U57/><E57/><V122/><F130/><W28/><G70/><RYUUKYOKU ba="1,2" sc="301,-10,164,30,246,-10,269,-10" hai1="5,6,9,11,60,62,72,75,80,81,85,86,123" /><INIT seed="4,2,2,4,0,1" ten="291,194,236,259" oya="0" hai0="25,78,34,62,82,134,84,53,48,26,122,112,42" hai1="36,2,56,21,13,94,47,117,89,33,20,118,55" hai2="107,105,0,75,116,71,22,73,68,67,3,40,121" hai3="128,9,28,23,91,92,135,80,79,5,113,98,130"/><T96/><D122/><U119/><E33/><V108/><F121/><W106/><G113/><T65/><D34/><U129/><E2/><N who="2" m="555" /><F22/><W31/><G135/><T72/><D134/><U86/><E129/><N who="3" m="49770" /><G106/><N who="2" m="40457" /><F108/><W81/><G23/><T83/><D112/><U95/><E95/><V32/><F67/><W38/><G38/><T132/><D42/><U93/><E93/><V66/><F66/><W43/><G43/><T51/><D96/><U44/><E36/><V85/><F85/><N who="3" m="48287" /><G81/><T16/><D132/><U120/><E120/><V110/><F110/><W90/><G90/><T61/><D65/><U70/><E70/><N who="2" m="26667" /><F40/><W123/><G123/><T76/><D48/><N who="1" m="30823" /><E21/><V14/><F14/><AGARI ba="2,2" hai="5,9,14,28,31,91,92,98" m="48287,49770" machi="14" ten="30,2000,0" yaku="19,1,52,1" doraHai="1" who="3" fromWho="2" sc="291,0,194,0,236,-26,259,46" /><INIT seed="5,0,0,0,3,125" ten="291,194,210,305" oya="1" hai0="53,105,76,115,27,88,66,49,67,32,92,8,116" hai1="13,94,131,98,21,86,39,36,35,58,1,48,12" hai2="85,118,133,90,60,10,25,18,127,23,126,79,44" hai3="47,3,80,75,104,2,15,95,112,30,11,62,50"/><U40/><E35/><V6/><F118/><W70/><G104/><T29/><D115/><U38/><E1/><V102/><F133/><W87/><G75/><T0/><D76/><U20/><E131/><V72/><F102/><W26/><G112/><T68/><D68/><U101/><E86/><V22/><F79/><W63/><G95/><T124/><D105/><U24/><E21/><V83/><F72/><W82/><G2/><T33/><D124/><U91/><E101/><V114/><F114/><W16/><G3/><T57/><D33/><U52/><REACH who="1" step="1"/><E40/><REACH who="1" ten="291,184,210,305" step="2"/><V14/><F23/><N who="3" m="15711" /><G82/><T51/><D116/><U61/><E61/><V19/><F60/><W37/><G70/><T111/><D0/><U84/><E84/><V107/><F107/><W73/><G73/><T96/><D8/><U65/><E65/><V134/><F134/><W117/><G117/><T120/><D120/><U74/><E74/><V89/><F89/><W119/><G119/><T99/><D67/><U43/><E43/><V28/><F126/><W59/><G62/><T69/><D66/><U55/><E55/><V110/><F127/><W64/><G64/><T31/><D53/><U100/><E100/><V34/><F110/><W135/><G87/><T128/><D111/><U81/><E81/><V97/><F34/><W93/><G80/><T109/><D32/><U130/><E130/><V106/><F106/><W103/><G103/><T123/><D128/><U9/><E9/><V42/><F97/><W5/><G11/><T71/><D109/><U45/><E45/><V108/><F108/><W56/><G63/><RYUUKYOKU ba="0,1" sc="291,-15,184,15,210,15,305,-15" hai1="12,13,20,24,36,38,39,48,52,58,91,94,98" hai2="6,10,14,18,19,22,25,28,42,44,83,85,90" /><INIT seed="5,1,1,5,1,120" ten="276,199,225,290" oya="1" hai0="91,130,2,47,4,9,38,93,0,95,129,3,6" hai1="40,96,131,61,67,52,133,100,71,58,97,57,31" hai2="74,15,113,79,16,84,135,62,80,76,48,63,26" hai3="86,116,78,114,14,49,36,41,119,65,72,12,99"/><U98/><E131/><N who="0" m="50185" /><D6/><U23/><E133/><V85/><F135/><W103/><G72/><T24/><D24/><U17/><E31/><V124/><F124/><W53/><G114/><T89/><D47/><U21/><E40/><V82/><F113/><W126/><G126/><T33/><D38/><U125/><E125/><V108/><F108/><W102/><G65/><T83/><D83/><U87/><E87/><V69/><F69/><W118/><G36/><T134/><D33/><U51/><E71/><V66/><F26/><W117/><G41/><T28/><D28/><U68/><E68/><V121/><F121/><W128/><G128/><T107/><D107/><U56/><E56/><V101/><F101/><W60/><G102/><T18/><D18/><U42/><E42/><V75/><F48/><W111/><G118/><T77/><D77/><U7/><E7/><V55/><F55/><W10/><G78/><T39/><D39/><U8/><REACH who="1" step="1"/><E100/><REACH who="1" ten="276,189,225,290" step="2"/><V112/><F112/><W27/><G103/><T46/><D134/><U37/><E37/><V123/><F123/><W22/><G117/><T94/><D46/><U20/><E20/><V109/><F109/><W127/><G111/><T32/><D32/><U105/><E105/><V73/><F66/><W5/><G127/><T43/><D43/><U104/><E104/><V64/><F64/><W110/><G110/><T13/><AGARI ba="1,2" hai="0,2,3,4,9,13,89,91,93,94,95" m="50185" machi="13" ten="40,1500,0" yaku="19,1" doraHai="120" who="0" fromWho="0" sc="276,38,189,-8,225,-5,290,-5" /><INIT seed="6,0,0,1,3,29" ten="314,181,220,285" oya="2" hai0="30,55,131,26,47,0,31,32,16,7,77,94,75" hai1="103,72,28,93,110,69,17,107,21,109,83,118,124" hai2="6,71,115,51,46,117,66,54,23,61,48,135,12" hai3="67,56,90,14,53,128,98,91,104,44,122,79,76"/><V68/><F117/><W85/><G122/><T8/><D31/><U35/><E118/><V89/><F115/><W27/><G128/><T96/><D131/><U80/><E124/><V73/><F73/><W97/><G67/><T33/><D77/><U113/><E69/><V106/><F106/><W108/><G108/><T58/><D47/><U52/><E113/><V100/><F100/><W126/><G126/><T111/><D111/><U11/><E107/><V20/><F135/><W37/><G37/><T88/><D75/><U43/><E43/><V38/><F71/><W134/><G44/><T59/><D59/><U123/><E123/><V129/><F129/><W87/><G134/><T125/><D125/><U63/><E11/><V132/><F132/><W70/><G70/><T86/><D86/><U25/><E72/><V10/><F38/><W3/><G3/><T49/><D16/><U41/><E41/><V60/><F60/><W62/><G104/><T95/><D95/><U84/><E109/><V102/><F51/><W74/><G74/><T92/><D92/><U22/><E110/><V116/><F116/><W19/><G27/><T121/><D121/><U39/><E39/><V99/><F102/><W50/><G50/><T101/><D101/><U34/><E103/><V36/><F36/><W2/><G2/><T114/><D114/><U127/><E127/><V78/><F78/><W4/><G76/><T119/><D119/><U81/><E93/><N who="2" m="56751" /><F68/><W18/><G79/><T1/><D0/><U40/><E40/><V57/><AGARI ba="0,0" hai="6,10,12,20,23,46,48,54,57,61,66" m="56751" machi="57" ten="30,1500,0" yaku="8,1" doraHai="29" who="2" fromWho="2" sc="314,-5,181,-5,220,15,285,-5" /><INIT seed="6,1,0,5,0,15" ten="309,176,235,280" oya="2" hai0="69,67,123,82,21,106,3,53,84,73,83,42,58" hai1="32,17,74,11,20,0,91,12,128,26,87,51,6" hai2="36,116,70,107,111,28,124,31,16,85,37,71,89" hai3="27,108,112,61,86,62,79,104,1,125,59,22,9"/><V7/><F116/><W49/><G108/><T57/><D106/><U64/><E74/><V35/><F107/><W8/><G104/><T47/><D3/><U81/><E128/><V60/><F7/><W48/><G125/><T118/><D123/><U132/><E132/><V119/><F119/><W98/><G98/><T34/><D34/><U30/><E51/><V72/><F72/><W105/><G105/><T33/><D33/><U90/><REACH who="1" step="1"/><E64/><REACH who="1" ten="309,166,235,280" step="2"/><V110/><F37/><W101/><G112/><T77/><D67/><U75/><E75/><V41/><F36/><W134/><G134/><T44/><D73/><U103/><E103/><V39/><F39/><W18/><G101/><T117/><D117/><U113/><E113/><V120/><F120/><W102/><G102/><T43/><D118/><U29/><E29/><V50/><F31/><W19/><G49/><T55/><D43/><U40/><E40/><V131/><F131/><W109/><G48/><T135/><D42/><U114/><E114/><V54/><F41/><W93/><G109/><T96/><D55/><U66/><E66/><V65/><F110/><W14/><G61/><T95/><D53/><U122/><E122/><V63/><F111/><W25/><G62/><T76/><D135/><U56/><E56/><V4/><F63/><W97/><G59/><T88/><D57/><U94/><E94/><V5/><F60/><W130/><G93/><T126/><D58/><U92/><E92/><V52/><F65/><W133/><G133/><T46/><D95/><U121/><E121/><V99/><F50/><W45/><G130/><RYUUKYOKU ba="1,1" sc="309,-10,166,30,235,-10,280,-10" hai1="0,6,11,12,17,20,26,30,32,81,87,90,91" /><INIT seed="7,2,1,3,3,131" ten="299,196,225,270" oya="3" hai0="126,122,80,51,68,114,127,92,45,26,93,104,108" hai1="15,135,23,7,57,24,95,83,40,72,34,41,11" hai2="125,44,6,110,1,102,98,118,12,38,60,2,17" hai3="123,67,32,87,109,106,128,81,71,43,8,47,130"/><W27/><G123/><T129/><D108/><U66/><E34/><V30/><F30/><N who="3" m="19551" /><G106/><T116/><D116/><U85/><E72/><V99/><F99/><W21/><G109/><T9/><D129/><N who="3" m="49769" /><G8/><T62/><D114/><U52/><E66/><V112/><F60/><W117/><G21/><T16/><D80/><U77/><E135/><V107/><F6/><W91/><G117/><T111/><D122/><U49/><REACH who="1" step="1"/><E95/><REACH who="1" ten="299,186,225,270" step="2"/><V69/><F118/><W134/><G134/><T29/><D92/><U13/><E13/><V94/><F94/><W35/><G35/><T90/><D111/><U113/><E113/><V58/><F12/><W36/><G71/><T19/><D68/><U10/><E10/><V78/><F69/><W61/><G67/><T37/><D93/><U76/><E76/><V31/><F110/><W121/><G121/><T28/><D9/><U103/><E103/><V14/><F78/><W20/><G20/><T86/><D104/><U65/><E65/><V75/><F75/><W74/><G74/><T82/><D26/><U70/><E70/><V79/><F79/><W22/><G22/><T105/><D105/><U101/><E101/><V59/><F112/><W46/><G91/><T84/><D90/><U115/><E115/><V96/><F102/><W0/><G0/><T33/><D33/><U124/><E124/><V64/><F125/><W63/><G81/><T25/><D127/><U18/><AGARI ba="2,2" hai="7,11,15,18,23,24,40,41,49,52,57,77,83,85" machi="18" ten="20,12000,2" yaku="1,1,0,1,7,1,8,1,54,1,53,1" doraHai="131" doraHaiUra="54" who="1" fromWho="1" sc="299,-32,186,146,225,-32,270,-62" owari="267,7.0,332,43.0,193,-31.0,208,-19.0" /></mjloggm>