<mjloggm ver="2.3"><GO type="169" lobby="0"/><UN n0="%E3%83%88%E3%83%88%E3%83%AA%E5%85%88%E7%94%9F%31%39%E6%AD%B3" n1="%70%6F%70%6F%69%7A" n2="%E6%8E%A8%E7%A9%BA%EF%BC%B0" n3="%3A%44%75%63%61%3A" dan="17,16,17,16" rate="2182.09,2009.34,2187.58,2025.27" sx="F,M,F,M"/><TAIKYOKU oya="0"/><INIT seed="0,0,0,5,1,100" ten="250,250,250,250" oya="0" hai0="5,85,83,72,3,36,123,113,33,45,79,53,38" hai1="39,73,60,130,80,41,110,125,101,103,24,119,1" hai2="126,112,135,4,54,55,68,9,8,97,120,131,18" hai3="105,122,92,22,6,58,43,75,64,132,16,46,114"/><T69/><D113/><U77/><E110/><V21/><F120/><W12/><G114/><T127/><D123/><U94/><E119/><V40/><F112/><W17/><G122/><T106/><D85/><U31/><E125/><V109/><F68/><W78/><G6/><T67/><D53/><U124/><E124/><V121/><F121/><W104/><G132/><T51/><D51/><U93/><E130/><V71/><F71/><W118/><G118/><T28/><D127/><U86/><E60/><V25/><F126/><W90/><G78/><T133/><D133/><U15/><E15/><V65/><F135/><W7/><G7/><T107/><D28/><U49/><E49/><V29/><F131/><W88/><G75/><T66/><D33/><U70/><E70/><V117/><F117/><W115/><G115/><T50/><D50/><U14/><E14/><V26/><F65/><W23/><G64/><T89/><D89/><U11/><E11/><V98/><F40/><W96/><G58/><T81/><D81/><U35/><E1/><V47/><F109/><W30/><G30/><T87/><D87/><U52/><E52/><N who="2" m="20011" /><F47/><W128/><G128/><T2/><D66/><U0/><E0/><N who="0" m="41" /><D5/><U63/><E63/><V37/><F37/><N who="0" m="14442" /><D45/><N who="1" m="23743" /><E73/><V95/><F4/><W44/><G90/><T108/><D108/><U42/><E42/><V57/><F57/><W13/><G44/><T10/><D10/><N who="2" m="4202" /><F95/><W102/><G102/><T111/><D111/><U84/><E94/><V76/><F76/><W99/><G99/><N who="2" m="37897" /><F29/><W34/><G34/><T61/><AGARI ba="0,0" hai="61,67,69,72,79,83,106,107" m="14442,41" machi="61" ten="40,12000,1" yaku="33,2,52,2" doraHai="100" who="0" fromWho="0" sc="250,120,250,-40,250,-40,250,-40" /><INIT seed="0,1,0,4,3,106" ten="370,210,210,210" oya="0" hai0="69,11,37,30,132,129,12,94,81,72,121,40,110" hai1="25,44,101,26,95,73,128,35,14,75,56,71,114" hai2="48,53,102,23,96,57,105,99,27,98,126,59,104" hai3="88,22,45,20,68,116,36,43,87,19,51,122,89"/><T93/><D121/><U9/><E71/><V47/><F126/><W28/><G116/><T66/><D129/><U100/><E128/><V24/><F24/><W120/><G68/><T64/><D132/><U31/><E114/><V78/><F78/><W117/><G117/><T70/><D30/><U38/><E56/><V10/><F10/><W76/><G28/><T134/><D134/><U21/><E38/><V77/><F77/><W74/><G74/><T125/><D125/><U92/><E44/><V60/><F104/><W135/><G135/><T41/><D11/><U39/><E39/><V33/><F33/><W29/><G29/><T112/><D37/><U111/><E111/><V18/><REACH who="2" step="1"/><F59/><REACH who="2" ten="370,210,200,210" step="2"/><W118/><G118/><T67/><D69/><U42/><E35/><V6/><F6/><W80/><G20/><T113/><D70/><U84/><E21/><V63/><F63/><W8/><G8/><T17/><D112/><U55/><E9/><V127/><F127/><W131/><G131/><T15/><D113/><U5/><E5/><V62/><F62/><W103/><G122/><T0/><D12/><U52/><E14/><V130/><F130/><W34/><G120/><T61/><D61/><U124/><E124/><V123/><F123/><W32/><G34/><T65/><D15/><U46/><E26/><V108/><F108/><W119/><G32/><T13/><D110/><U2/><E25/><V7/><F7/><W115/><G115/><T109/><D109/><U90/><E2/><V50/><F50/><W4/><G51/><T3/><N who="0" m="16384" /><DORA hai="54" /><T1/><D1/><RYUUKYOKU ba="1,1" sc="370,-10,210,-10,200,30,210,-10" hai2="18,23,27,47,48,53,57,60,96,98,99,102,105" /><INIT seed="1,2,1,4,5,105" ten="360,200,230,200" oya="1" hai0="4,48,26,54,131,113,12,127,0,8,119,126,42" hai1="49,7,69,40,31,99,87,67,90,37,88,130,98" hai2="114,53,51,56,18,63,118,134,6,132,58,108,133" hai3="79,36,66,10,81,23,82,46,89,95,32,80,3"/><U62/><E130/><V128/><F6/><W110/><G32/><T59/><D113/><U13/><E37/><V52/><F118/><W22/><G110/><T28/><D119/><U50/><E31/><V129/><F18/><W107/><G107/><T91/><D131/><N who="2" m="50250" /><F108/><W109/><G109/><T70/><D70/><U100/><E90/><V20/><F20/><W112/><G112/><AGARI ba="2,1" hai="51,52,53,56,58,63,112,114,132,133,134" m="50250" machi="112" ten="40,8000,1" yaku="20,1,19,1,34,2,54,1" doraHai="105" who="2" fromWho="3" sc="360,0,200,0,230,96,200,-86" /><INIT seed="2,0,0,4,4,107" ten="360,200,326,114" oya="2" hai0="115,101,49,11,56,131,44,76,126,116,98,109,26" hai1="54,29,39,48,6,58,114,32,57,22,127,8,72" hai2="66,31,4,81,17,9,74,15,106,13,71,41,19" hai3="132,45,61,14,43,75,86,94,129,123,103,134,83"/><V27/><F106/><W36/><G123/><T113/><D109/><U21/><E114/><V52/><F41/><W82/><G129/><T118/><D56/><U111/><E111/><V25/><F71/><W18/><G61/><T100/><D26/><U87/><E39/><V108/><F108/><W28/><G28/><T85/><D11/><U90/><E127/><V88/><F66/><W53/><G53/><T105/><D49/><U2/><E58/><V122/><F122/><W97/><G75/><T50/><D50/><U77/><E77/><V96/><F31/><W7/><G7/><T125/><D44/><U79/><E79/><V80/><F74/><W73/><G73/><T67/><D67/><U1/><E1/><V34/><F34/><W70/><G70/><T33/><D33/><U23/><E72/><V91/><F96/><W3/><G3/><T68/><D100/><U119/><E119/><N who="0" m="45609" /><D131/><U35/><REACH who="1" step="1"/><E29/><REACH who="1" ten="360,190,326,114" step="2"/><V99/><F99/><W64/><G64/><T93/><D68/><U135/><E135/><N who="3" m="51754" /><G86/><T65/><D65/><U46/><E46/><V5/><REACH who="2" step="1"/><F9/><AGARI ba="0,1" hai="9,14,18,36,43,45,82,83,94,97,103" m="51754" machi="9" ten="30,1000,0" yaku="20,1" doraHai="107" who="3" fromWho="2" sc="360,0,190,0,326,-10,114,20" /><INIT seed="3,0,0,2,4,118" ten="360,190,316,134" oya="3" hai0="61,109,6,27,57,39,74,32,37,4,44,88,110" hai1="14,95,128,5,58,1,131,12,111,133,73,52,76" hai2="106,56,132,51,113,45,15,99,0,42,129,70,46" hai3="55,97,115,114,119,123,36,108,2,78,30,77,93"/><W54/><G119/><T65/><D74/><U134/><E73/><V63/><F0/><W40/><G2/><T24/><D88/><U96/><E111/><N who="0" m="42505" /><D44/><U38/><E38/><N who="0" m="14345" /><D32/><U107/><E107/><V35/><F35/><W91/><G108/><T19/><D19/><U120/><E76/><V17/><F113/><W10/><G115/><T71/><D71/><U112/><E112/><V82/><F70/><W122/><G114/><T34/><D34/><U121/><E1/><V47/><F132/><N who="1" m="50793" /><E5/><AGARI ba="0,0" hai="4,5,6,24,27,57,61,65" m="14345,42505" machi="5" ten="30,1000,0" yaku="14,1" doraHai="118" who="0" fromWho="1" sc="360,10,190,-10,316,0,134,0" /><INIT seed="4,0,0,0,0,134" ten="370,180,316,134" oya="0" hai0="97,36,63,117,119,89,74,0,4,48,26,124,111" hai1="129,92,27,58,28,53,49,115,44,130,39,64,75" hai2="81,14,110,3,120,88,45,59,99,21,109,122,79" hai3="73,83,37,116,54,1,47,72,16,77,29,55,11"/><T23/><D36/><U7/><E75/><V56/><F3/><W35/><G116/><T18/><D74/><U112/><E7/><V76/><F45/><W82/><G35/><T51/><D111/><U95/><E27/><V66/><F21/><W90/><G29/><T78/><D78/><U123/><E28/><V135/><F14/><W91/><G91/><T86/><D97/><U125/><E92/><V106/><F66/><W25/><G1/><T118/><D63/><N who="1" m="38007" /><E95/><V133/><F81/><W31/><G31/><T102/><D102/><U41/><E123/><V69/><F69/><W131/><G131/><N who="1" m="50186" /><E125/><V61/><F61/><W132/><G132/><T40/><D124/><U17/><E17/><V34/><F34/><W70/><G70/><T12/><D0/><U65/><E65/><V80/><F80/><W68/><G68/><T15/><D4/><U128/><N who="1" m="50194" /><U96/><DORA hai="60" /><E96/><V94/><F94/><W43/><G73/><T114/><D86/><U20/><E20/><V87/><F99/><W121/><G121/><T67/><D67/><U22/><E22/><V108/><F110/><W57/><G25/><T105/><D26/><U38/><E38/><V32/><F32/><W46/><G11/><T84/><D12/><U6/><E6/><V42/><F87/><N who="3" m="50559" /><G16/><T50/><D84/><U13/><E13/><V104/><F88/><W126/><G126/><T93/><D89/><U5/><E5/><V19/><F19/><W9/><G9/><T113/><D93/><U127/><E127/><V85/><F85/><W62/><G54/><T107/><D18/><RYUUKYOKU ba="0,0" sc="370,-30,180,10,316,10,134,10" hai1="39,41,44,49,53,112,115" hai2="42,56,59,76,79,104,106,108,109,120,122,133,135" hai3="37,43,46,47,55,57,62,72,77,82" /><INIT seed="5,1,0,1,4,131" ten="340,190,326,144" oya="1" hai0="13,58,43,71,31,1,117,12,82,70,76,60,113" hai1="17,27,116,42,15,35,68,101,100,59,121,83,126" hai2="119,135,108,125,48,73,115,2,88,11,19,6,44" hai3="10,124,50,3,32,47,97,69,134,55,41,36,130"/><U63/><E116/><V33/><F119/><W38/><G130/><T24/><D117/><U102/><E126/><V87/><F108/><W21/><G32/><T8/><D1/><U80/><E121/><V34/><F73/><W129/><G129/><T77/><D43/><U49/><E68/><V95/><F125/><W7/><G124/><T4/><D13/><U103/><N who="1" m="26112" /><DORA hai="30" /><U61/><E61/><V107/><F107/><W133/><G69/><T104/><D104/><U86/><E49/><V23/><F115/><W110/><G110/><T40/><D76/><U85/><E42/><V64/><F64/><W28/><G97/><T57/><D57/><U96/><E96/><V9/><F9/><W52/><G38/><T79/><D77/><U0/><E0/><V118/><F118/><W111/><G111/><T5/><D5/><U93/><E93/><V20/><F135/><N who="3" m="51723" /><G36/><T66/><D40/><U14/><E86/><V53/><F23/><W84/><G84/><T62/><D113/><U16/><E85/><V123/><F123/><W91/><G91/><T127/><D127/><U105/><E105/><V18/><F18/><N who="1" m="7273" /><E35/><V46/><REACH who="2" step="1"/><F44/><REACH who="2" ten="340,190,316,144" step="2"/><W75/><G75/><N who="0" m="43391" /><D71/><U72/><E72/><V37/><F37/><W94/><G94/><T128/><D128/><U29/><E29/><V22/><F22/><W120/><G120/><T56/><D70/><U122/><E122/><V114/><F114/><W92/><G92/><T132/><D132/><U26/><E26/><AGARI ba="1,1" hai="2,6,11,19,20,26,33,34,46,48,53,87,88,95" machi="26" ten="30,12000,2" yaku="1,1,7,1,52,2,54,1,53,1" doraHai="131,30" doraHaiUra="89,78" who="2" fromWho="1" sc="340,0,190,-123,316,133,144,0" /><AGARI ba="1,0" hai="3,7,10,21,26,28,41,47,50,52,55" m="51723" machi="26" ten="30,8000,1" yaku="20,1,52,3,54,1" doraHai="131,30" who="3" fromWho="1" sc="340,0,67,-80,449,0,144,80" owari="340,14.0,-13,-51.0,449,55.0,224,-18.0" /></mjloggm>