<mjloggm ver="2.3"><GO type="169" lobby="0"/><UN n0="%E3%82%B1%E3%83%AD%E3%82%B1%E3%83%AD%E3%81%AE%E3%81%A4%E3%81%88" n1="%E8%B6%85%E3%82%A4%E3%83%B3%E3%82%BF%E3%83%BC%E3%83%8D%E3%83%83%E3%83%88" n2="%E6%B8%85%E7%AB%9C%E9%97%98%E5%A3%AB" n3="%E5%B0%B1%E6%B4%BB%E7%94%9F%40%E5%B7%9D%E6%9D%91%E8%BB%8D%E5%9B%A3" dan="16,17,16,19" rate="2063.98,2179.83,2091.93,2322.57" sx="M,M,M,M"/><TAIKYOKU oya="0"/><INIT seed="0,0,0,0,4,16" ten="250,250,250,250" oya="0" hai0="71,135,33,6,69,66,32,7,79,15,37,111,105" hai1="0,38,55,74,51,133,91,29,130,60,95,124,59" hai2="104,103,27,2,12,121,83,81,123,5,39,89,72" hai3="127,65,11,19,117,114,47,40,26,77,97,134,3"/><T20/><D37/><U99/><E0/><V122/><F39/><W18/><G114/><T120/><D66/><U85/><E38/><V109/><F2/><W96/><G117/><T22/><D79/><U56/><E74/><V113/><F113/><W92/><G127/><T110/><D135/><U75/><E75/><V90/><F27/><W80/><G65/><T58/><D58/><U46/><E133/><V24/><F24/><W63/><G63/><T86/><D15/><U78/><E130/><V44/><F44/><W52/><G134/><T31/><D31/><U57/><E29/><V100/><F12/><W115/><G115/><T67/><D67/><U108/><E108/><N who="0" m="41513" /><D86/><U14/><E14/><V9/><F109/><W98/><G3/><T68/><D105/><U87/><E124/><V132/><F132/><W128/><G128/><T53/><D53/><N who="1" m="33903" /><E85/><V21/><F104/><W28/><G40/><T131/><D131/><U82/><AGARI ba="0,0" hai="46,51,55,56,57,78,82,87,91,95,99" m="33903" machi="82" ten="30,1100,0" yaku="8,1" doraHai="16" who="1" fromWho="1" sc="250,-5,250,11,250,-3,250,-3" /><INIT seed="1,0,0,4,5,58" ten="245,261,247,247" oya="1" hai0="35,87,20,74,57,80,50,95,105,121,115,2,90" hai1="118,109,38,28,73,92,67,114,63,130,72,25,68" hai2="96,22,101,65,123,120,7,104,10,119,129,94,49" hai3="45,13,64,24,31,133,134,47,12,42,84,30,117"/><U91/><E118/><V14/><F119/><W86/><G117/><T26/><D35/><U102/><E114/><V125/><F125/><W70/><G70/><T27/><D2/><U116/><E116/><V19/><F129/><W1/><G64/><T108/><D108/><U48/><E38/><V33/><F33/><W23/><G1/><T29/><D105/><U39/><E39/><V88/><F49/><W21/><G24/><T55/><D121/><U81/><E130/><V112/><F112/><W99/><G99/><T122/><D122/><U5/><E5/><V77/><F77/><W113/><G113/><T34/><D115/><U18/><E18/><V8/><F8/><W17/><G17/><T76/><D27/><U135/><E135/><V40/><F40/><AGARI ba="0,0" hai="12,13,21,23,30,31,40,42,45,47,84,86,133,134" machi="40" ten="25,1600,0" yaku="22,2" doraHai="58" who="3" fromWho="2" sc="245,0,261,0,247,-16,247,16" /><INIT seed="2,0,0,5,3,106" ten="245,261,231,263" oya="2" hai0="30,81,21,98,47,55,39,119,134,100,112,32,103" hai1="76,22,126,2,65,59,34,31,88,14,38,23,10" hai2="92,97,16,19,133,64,45,109,24,77,56,57,0" hai3="121,37,131,63,102,94,87,69,105,75,129,127,135"/><V20/><F0/><W114/><RYUUKYOKU type="yao9" ba="0,0" sc="245,0,261,0,231,0,263,0" hai3="37,63,69,75,87,94,102,105,114,121,127,129,131,135" /><INIT seed="2,1,0,2,3,43" ten="245,261,231,263" oya="2" hai0="0,93,102,89,100,40,23,77,122,20,10,106,4" hai1="3,18,11,76,73,103,134,9,82,101,130,78,41" hai2="116,123,94,45,58,127,35,59,113,98,104,31,6" hai3="28,29,95,124,55,96,56,1,49,38,5,128,132"/><V91/><F123/><W75/><G75/><T69/><D122/><U17/><E130/><V32/><F116/><W54/><G124/><T131/><D131/><U129/><E129/><V34/><F127/><W115/><G132/><T30/><D69/><U19/><E134/><V61/><F113/><W79/><G128/><T119/><D119/><U74/><E41/><V88/><F6/><W66/><G38/><T22/><D77/><U47/><E47/><V107/><F31/><W67/><G79/><T111/><D111/><U114/><E114/><V105/><F45/><N who="3" m="27951" /><G5/><T92/><D106/><U46/><E46/><V81/><F61/><N who="3" m="35999" /><G1/><T8/><D40/><U125/><E125/><V117/><F117/><W15/><G15/><T68/><D68/><U52/><E52/><V118/><REACH who="2" step="1"/><F118/><REACH who="2" ten="245,261,221,263" step="2"/><W39/><G115/><T83/><D30/><N who="3" m="11881" /><G39/><T36/><D36/><U42/><E42/><V27/><F27/><W112/><G112/><T53/><D4/><U84/><E3/><V72/><F72/><W48/><G48/><T14/><D0/><U64/><E19/><V90/><F90/><AGARI ba="1,1" hai="66,67,90,95,96" m="11881,35999,27951" machi="90" ten="30,2000,0" yaku="8,1,52,1" doraHai="43" who="3" fromWho="2" sc="245,0,261,0,221,-23,263,33" /><INIT seed="3,0,0,0,3,91" ten="245,261,198,296" oya="3" hai0="108,12,92,6,98,93,103,14,128,21,135,13,125" hai1="17,15,53,68,24,7,1,56,82,4,112,75,72" hai2="130,58,121,70,74,65,11,114,36,37,111,99,86" hai3="51,73,8,119,85,39,59,94,22,118,89,101,25"/><W16/><G39/><T54/><D108/><U27/><E68/><V110/><F74/><W80/><G73/><T32/><D32/><U133/><E112/><V83/><F114/><W100/><G118/><T87/><D135/><U127/><E133/><V69/><F130/><W113/><G113/><T19/><D128/><U123/><E123/><V43/><F121/><W44/><G119/><T26/><D125/><U71/><E71/><N who="2" m="27147" /><F11/><W106/><G106/><T0/><D54/><U30/><E127/><V115/><F115/><W102/><G59/><T131/><D131/><U81/><E1/><V41/><F99/><N who="3" m="59511" /><G8/><T47/><D47/><U120/><E120/><V9/><F9/><W5/><G5/><T55/><D0/><U129/><E129/><V23/><F23/><W117/><G117/><T64/><D55/><AGARI ba="0,0" hai="16,22,25,44,51,55,80,85,89,101,102" m="59511" machi="55" ten="30,5800,0" yaku="8,1,52,1,54,1" doraHai="91" who="3" fromWho="0" sc="245,-58,261,0,198,0,296,58" /><INIT seed="3,1,0,1,0,40" ten="187,261,198,354" oya="3" hai0="14,78,12,42,27,133,52,114,53,87,59,41,77" hai1="85,26,117,79,111,84,130,20,44,120,131,108,10" hai2="62,47,76,106,24,68,9,37,82,125,4,55,25" hai3="86,113,58,29,66,11,39,107,103,18,46,69,88"/><W60/><G113/><T30/><D133/><U31/><E120/><V96/><F125/><W127/><G127/><T128/><D128/><N who="1" m="49195" /><E117/><V0/><F106/><W129/><G129/><T101/><D101/><U43/><E10/><V49/><F96/><W5/><G29/><T28/><D114/><U99/><E99/><V112/><F112/><W126/><G126/><T67/><D87/><N who="1" m="33355" /><E79/><V54/><F55/><W91/><G103/><T93/><D93/><U19/><E31/><V33/><F33/><W65/><G107/><T109/><D109/><U17/><E17/><V38/><F38/><AGARI ba="1,0" hai="19,20,26,38,43,44,108,111" m="33355,49195" machi="38" ten="30,2000,0" yaku="19,1,52,1" doraHai="40" who="1" fromWho="2" sc="187,0,261,23,198,-23,354,0" /><INIT seed="4,0,0,2,5,70" ten="187,284,175,354" oya="0" hai0="3,120,113,61,82,119,94,107,90,80,58,18,14" hai1="46,5,60,78,88,84,100,110,81,47,0,24,97" hai2="134,36,127,1,13,59,4,16,103,54,17,106,121" hai3="30,51,33,12,56,41,89,22,38,53,117,35,27"/><T124/><D3/><U64/><E110/><V129/><F121/><W111/><G111/><T133/><D107/><U118/><E118/><V68/><F68/><W104/><G104/><T102/><D119/><U43/><E24/><V115/><F115/><W105/><G105/><T20/><D120/><U77/><E5/><V45/><F129/><W125/><G117/><T57/><D113/><U75/><E0/><V131/><F131/><W93/><G125/><T74/><D74/><U23/><E23/><V44/><F127/><W7/><G38/><T79/><D133/><U109/><E109/><V40/><F1/><W98/><G41/><T49/><D102/><U130/><E130/><V11/><F45/><W91/><G91/><T9/><D79/><U73/><E73/><V123/><F123/><W21/><G35/><T42/><D9/><U2/><E2/><V135/><F103/><W63/><G51/><T96/><D124/><U32/><E32/><V52/><F106/><W116/><G116/><T55/><REACH who="0" step="1"/><D42/><REACH who="0" ten="177,284,175,354" step="2"/><U132/><E132/><N who="2" m="50731" /><F54/><AGARI ba="0,1" hai="14,18,20,49,54,55,57,58,61,80,82,90,94,96" machi="54" ten="30,5800,0" yaku="1,1,7,1,8,1,53,0" doraHai="70" doraHaiUra="67" who="0" fromWho="2" sc="177,68,284,0,175,-58,354,0" /><INIT seed="4,1,0,4,2,101" ten="245,284,117,354" oya="0" hai0="87,131,116,41,3,66,13,56,99,70,32,84,20" hai1="57,22,110,44,89,47,108,76,26,36,11,2,42" hai2="6,24,111,83,119,21,126,97,23,88,128,45,130" hai3="63,71,27,19,125,75,31,9,58,106,64,4,37"/><T91/><D3/><U16/><E76/><V96/><F111/><W67/><G125/><T61/><D32/><U124/><E124/><V34/><F126/><W59/><G106/><T73/><D73/><U7/><E47/><V132/><F34/><W72/><G37/><T18/><D131/><N who="2" m="50218" /><F6/><W8/><G19/><T0/><D0/><U104/><E104/><V100/><F132/><W52/><G71/><T25/><D41/><U133/><E133/><V30/><F45/><W127/><G9/><T14/><D116/><U85/><REACH who="1" step="1"/><E57/><REACH who="1" ten="245,274,117,354" step="2"/><V121/><F121/><W33/><G127/><T129/><D129/><U117/><E117/><V48/><F119/><W69/><G69/><T51/><D70/><U118/><E118/><V38/><F38/><W74/><REACH who="3" step="1"/><G58/><REACH who="3" ten="245,274,117,344" step="2"/><T62/><D56/><U80/><AGARI ba="1,2" hai="2,7,11,16,22,26,36,42,44,80,85,89,108,110" machi="80" ten="20,5200,0" yaku="1,1,0,1,7,1,54,1,53,0" doraHai="101" doraHaiUra="29" who="1" fromWho="1" sc="245,-27,274,75,117,-14,344,-14" /><INIT seed="5,0,0,2,1,118" ten="218,349,103,330" oya="1" hai0="106,114,84,39,52,92,97,59,101,83,2,76,124" hai1="102,58,55,66,20,103,68,29,53,79,120,72,126" hai2="135,12,98,74,41,116,130,32,80,21,104,0,117" hai3="96,46,35,24,86,88,28,111,69,54,3,107,48"/><U133/><E68/><V113/><F32/><W94/><G111/><T85/><D39/><U78/><E120/><V132/><F0/><W131/><G131/><T123/><D114/><U18/><E29/><V14/><F41/><W56/><G3/><T99/><D124/><U109/><E109/><V82/><F21/><W26/><G69/><T43/><D43/><U63/><E126/><V16/><F130/><W19/><G107/><T73/><D2/><U71/><E133/><N who="2" m="51275" /><F113/><W127/><G127/><T47/><D47/><U61/><E55/><V51/><F51/><W17/><G26/><T13/><D13/><U65/><E53/><V5/><F5/><W33/><G33/><T70/><D70/><U45/><E45/><V77/><F82/><W23/><G35/><T30/><D30/><U87/><E72/><V9/><F14/><W27/><G27/><T110/><D110/><U108/><E108/><V100/><AGARI ba="0,0" hai="9,12,16,74,77,80,98,100,104,116,117" m="51275" machi="100" ten="30,2000,0" yaku="20,1,54,1" doraHai="118" who="2" fromWho="2" sc="218,-5,349,-10,103,20,330,-5" /><INIT seed="6,0,0,5,2,64" ten="213,339,123,325" oya="2" hai0="36,99,105,5,109,84,134,29,12,53,127,102,17" hai1="15,6,49,110,97,21,7,34,2,19,123,58,80" hai2="0,55,28,113,90,126,56,9,1,10,133,72,69" hai3="118,131,37,62,39,91,52,41,23,60,8,26,68"/><V63/><F72/><W116/><G8/><T20/><D109/><U129/><E110/><V120/><F120/><W18/><G131/><T67/><D36/><U132/><E34/><V42/><F133/><W61/><G68/><T65/><D127/><U4/><E132/><V59/><F126/><W76/><G76/><T96/><D96/><U25/><E129/><V92/><F28/><W51/><G41/><T112/><D112/><U81/><E2/><V88/><F42/><W48/><G48/><T100/><D100/><U107/><E123/><V77/><F77/><W71/><G71/><T43/><D43/><U16/><E107/><V122/><F122/><W47/><REACH who="3" step="1"/><G91/><REACH who="3" ten="213,339,123,315" step="2"/><T83/><D134/><U115/><E115/><V121/><F121/><W32/><G32/><T27/><D5/><U85/><E4/><V86/><F113/><W3/><G3/><N who="2" m="1097" /><F90/><W44/><G44/><T66/><D53/><U54/><E6/><V93/><F69/><W50/><G50/><T95/><D66/><U125/><E7/><V13/><F10/><W103/><G103/><T45/><D65/><U106/><E125/><V73/><F59/><W124/><G124/><T128/><D67/><U87/><E58/><V111/><F111/><W11/><G11/><N who="0" m="6303" /><D128/><U35/><E49/><V75/><F73/><W130/><G130/><T108/><D108/><U135/><E135/><V40/><F40/><W38/><AGARI ba="0,1" hai="18,23,26,37,38,39,47,51,52,60,61,62,116,118" machi="38" ten="40,5200,0" yaku="1,1,0,1,54,1,53,0" doraHai="64" doraHaiUra="94" who="3" fromWho="3" sc="213,-13,339,-13,123,-26,315,62" /><INIT seed="7,0,0,1,1,61" ten="200,326,97,377" oya="3" hai0="78,101,16,118,110,117,28,17,11,88,96,126,56" hai1="18,10,90,8,119,65,124,53,0,2,24,105,33" hai2="73,77,104,38,50,128,60,86,103,80,59,87,54" hai3="125,30,102,26,22,100,72,130,32,123,69,89,41"/><W92/><G72/><T111/><D28/><U115/><E105/><V45/><F128/><W31/><G69/><T62/><D78/><U7/><E53/><V122/><F122/><W83/><G123/><T84/><D11/><U48/><E48/><V114/><F114/><W116/><G116/><T13/><D111/><U9/><E90/><V129/><F129/><W12/><G41/><T3/><D3/><N who="1" m="1067" /><E65/><V51/><F50/><W81/><G32/><T133/><D126/><U55/><E55/><V76/><F38/><W97/><G31/><T25/><D133/><U58/><E58/><V108/><F108/><W29/><G29/><T113/><D113/><U47/><E47/><V63/><F73/><W15/><G125/><T34/><D110/><U44/><E44/><V94/><F104/><W95/><G95/><T99/><D25/><U1/><E115/><V120/><F120/><W112/><G112/><T42/><D42/><U6/><E124/><V75/><F75/><W70/><G70/><T135/><D135/><U43/><E43/><V40/><F103/><N who="3" m="39467" /><G130/><T46/><D34/><U91/><E91/><V121/><F121/><W35/><G35/><T14/><D101/><U57/><E57/><V68/><F68/><W4/><G83/><N who="0" m="49183" /><D118/><U127/><E127/><V19/><F94/><W131/><G81/><T67/><D117/><U132/><E132/><V20/><F63/><W74/><G74/><T23/><D46/><U39/><E119/><V93/><F93/><W82/><G82/><T98/><D23/><U71/><E33/><V106/><F106/><W79/><G92/><RYUUKYOKU ba="0,0" sc="200,30,326,-10,97,-10,377,-10" hai0="13,14,16,17,56,62,67,96,98,99" owari="230,-17.0,316,12.0,87,-41.0,367,46.0" /></mjloggm>