<mjloggm ver="2.3"><GO type="169" lobby="0"/><UN n0="%E3%82%B7%E3%83%B3%E3%83%97%E3%83%AB%E3%81%AA%E3%83%AF%E3%82%AD%E3%82%AC" n1="%68%61%74%61%73%61%6E" n2="%E3%82%A6%E3%83%AB%E3%83%88%E3%83%A9%E7%AB%8B%E7%9B%B4" n3="%E3%81%84%E3%81%AC%E3%81%98%E3%82%83%E3%82%89%EF%BC%94" dan="17,16,16,18" rate="2111.94,2098.55,2158.61,2210.97" sx="M,M,M,M"/><TAIKYOKU oya="0"/><INIT seed="0,0,0,0,0,130" ten="250,250,250,250" oya="0" hai0="24,125,38,44,39,85,68,31,61,79,58,23,8" hai1="19,40,51,25,90,94,54,127,117,70,115,21,102" hai2="34,13,124,101,98,53,66,63,46,41,45,92,121" hai3="22,72,4,27,91,59,33,81,55,57,49,28,29"/><T6/><D125/><U87/><E117/><V16/><F34/><W3/><G3/><T35/><D68/><U60/><E127/><V131/><F124/><W86/><G4/><T120/><D120/><U26/><E115/><V15/><F131/><W122/><G122/><T108/><D108/><U10/><E102/><V67/><F121/><W0/><G0/><T9/><D35/><U62/><E40/><V110/><F110/><W133/><G133/><T2/><D9/><U82/><E70/><V111/><F111/><W73/><REACH who="3" step="1"/><G57/><REACH who="3" ten="250,250,250,240" step="2"/><T89/><D44/><N who="1" m="28007" /><E10/><V48/><F46/><W77/><G77/><T74/><D79/><N who="1" m="46559" /><E26/><AGARI ba="0,1" hai="22,26,27,28,29,33,49,55,59,72,73,81,86,91" machi="26" ten="40,5200,0" yaku="1,1,53,2" doraHai="130" doraHaiUra="107" who="3" fromWho="1" sc="250,0,250,-52,250,0,240,62" /><INIT seed="1,0,0,1,5,85" ten="250,198,250,302" oya="1" hai0="124,71,127,6,100,57,16,48,131,79,65,110,9" hai1="84,114,81,98,22,108,28,42,11,23,46,1,95" hai2="70,47,91,12,130,101,41,96,75,105,129,87,122" hai3="25,44,77,60,135,80,69,61,67,35,86,17,133"/><U103/><E114/><V107/><F70/><W43/><G60/><T113/><D113/><U0/><E108/><V18/><F75/><W82/><G82/><T63/><D110/><U32/><E32/><V3/><F3/><W64/><G64/><T38/><D38/><U92/><E92/><V34/><F34/><W118/><G118/><T97/><D131/><N who="2" m="50186" /><F122/><W74/><G86/><T52/><D79/><U58/><E58/><V53/><F53/><W27/><G17/><T51/><D51/><U93/><E93/><N who="2" m="54527" /><F96/><W88/><G35/><T37/><D37/><U76/><E28/><V68/><F101/><W13/><G88/><T30/><D30/><U116/><E116/><V83/><F83/><W26/><REACH who="3" step="1"/><G13/><REACH who="3" ten="250,198,250,292" step="2"/><T14/><REACH who="0" step="1"/><D6/><REACH who="0" ten="240,198,250,292" step="2"/><U19/><E1/><V90/><F18/><W5/><G5/><T21/><D21/><U73/><E73/><V45/><F68/><W33/><G33/><T4/><D4/><U128/><E128/><V72/><F72/><W54/><G54/><T62/><D62/><U20/><E0/><V66/><F66/><W119/><G119/><T115/><D115/><U134/><E134/><V104/><F41/><W36/><AGARI ba="0,2" hai="25,26,27,36,43,44,61,67,69,74,77,80,133,135" machi="36" ten="30,4000,0" yaku="1,1,0,1,53,1" doraHai="85" doraHaiUra="56" who="3" fromWho="3" sc="240,-10,198,-20,250,-10,292,60" /><INIT seed="2,0,0,2,0,64" ten="230,178,240,352" oya="2" hai0="131,104,51,93,24,128,88,112,38,134,52,105,13" hai1="80,129,96,4,99,115,0,61,37,65,110,107,62" hai2="86,124,57,113,122,117,91,70,133,55,36,72,78" hai3="8,98,135,81,67,89,15,10,63,42,109,74,14"/><V95/><F122/><W103/><G109/><T123/><D123/><U29/><E115/><V18/><F113/><W33/><G33/><T20/><D38/><U3/><E110/><V35/><F117/><W82/><G135/><T44/><D13/><U17/><E129/><N who="0" m="49737" /><D112/><U23/><E37/><V111/><F111/><W106/><G42/><T48/><D48/><U12/><E29/><V59/><F35/><W97/><G74/><T49/><D49/><U26/><E80/><V101/><F101/><W46/><G46/><T56/><D44/><U125/><E125/><V68/><F59/><W47/><G47/><T102/><D102/><U22/><E61/><V6/><F6/><W83/><G15/><T30/><D134/><U43/><E43/><V11/><F36/><W85/><G97/><AGARI ba="0,0" hai="20,24,30,51,52,56,88,93,97,104,105" m="49737" machi="97" ten="30,3900,0" yaku="19,1,54,2" doraHai="64" who="0" fromWho="3" sc="230,39,178,0,240,0,352,-39" /><INIT seed="3,0,0,0,1,83" ten="269,178,240,313" oya="3" hai0="28,55,122,19,98,82,89,70,24,8,107,101,57" hai1="15,114,27,79,127,132,9,134,86,120,23,16,109" hai2="4,11,81,13,84,65,47,6,52,130,60,96,68" hai3="64,35,58,102,17,33,36,100,66,71,48,54,110"/><W125/><G36/><T59/><D70/><U72/><E72/><V62/><F96/><W14/><G125/><T92/><D122/><U121/><E79/><V44/><F130/><W74/><G74/><T46/><D107/><U126/><E86/><V41/><F41/><W45/><G110/><T63/><D46/><U91/><E91/><V105/><F105/><W124/><G124/><N who="1" m="47658" /><E114/><V129/><F129/><W106/><G71/><T61/><D28/><N who="1" m="17535" /><E109/><V112/><F112/><W119/><G119/><T25/><D82/><U69/><E69/><V29/><F29/><W21/><G106/><T30/><D30/><U53/><E53/><V42/><F42/><N who="3" m="24631" /><G35/><T113/><D101/><N who="3" m="39017" /><G33/><T123/><D123/><AGARI ba="0,0" hai="9,15,16,120,121,123,132,134" m="17535,47658" machi="123" ten="30,7700,0" yaku="18,1,34,2,54,1" doraHai="83" who="1" fromWho="0" sc="269,-77,178,77,240,0,313,0" /><INIT seed="4,0,0,2,1,16" ten="192,255,240,313" oya="0" hai0="2,70,89,69,132,51,50,101,59,28,31,3,75" hai1="76,96,37,94,65,42,88,100,80,20,97,21,46" hai2="108,48,7,90,127,134,68,87,12,99,47,18,129" hai3="54,14,118,40,35,53,38,56,125,119,13,83,64"/><T91/><D101/><U1/><E1/><V78/><F68/><W55/><G35/><T73/><REACH who="0" step="1"/><D59/><REACH who="0" ten="182,255,240,313" step="2"/><U126/><E126/><V44/><F127/><W8/><G56/><T67/><D67/><U82/><E65/><V63/><F129/><W57/><G57/><T39/><D39/><U121/><E121/><V103/><F103/><W93/><G38/><T61/><D61/><U115/><E115/><V102/><F102/><W5/><G64/><T114/><D114/><U110/><E110/><V26/><F63/><W85/><G125/><T32/><D32/><U128/><E128/><V58/><F58/><W79/><G119/><T112/><D112/><U107/><REACH who="1" step="1"/><E82/><REACH who="1" ten="182,245,240,313" step="2"/><V81/><F81/><W17/><G83/><T104/><D104/><U36/><E36/><V92/><F108/><W71/><G118/><T98/><D98/><U133/><E133/><AGARI ba="0,2" hai="2,3,28,31,50,51,69,70,73,75,89,91,132,133" machi="133" ten="25,4800,0" yaku="1,1,22,2,53,0" doraHai="16" doraHaiUra="116" who="0" fromWho="1" sc="182,68,245,-48,240,0,313,0" /><INIT seed="4,1,0,3,2,33" ten="250,197,240,313" oya="0" hai0="99,118,92,59,133,7,114,21,3,116,86,123,32" hai1="55,11,49,134,131,46,83,129,24,5,10,90,132" hai2="26,127,117,6,23,42,1,84,125,109,38,69,101" hai3="102,135,47,37,28,130,31,58,76,107,74,79,19"/><T22/><D123/><U70/><E70/><V44/><F69/><W64/><G107/><T110/><D32/><U105/><E105/><V56/><F109/><W75/><G102/><T50/><D110/><U39/><E39/><V54/><F101/><W68/><G130/><N who="1" m="49674" /><E24/><V106/><F84/><W41/><G135/><N who="1" m="51754" /><E5/><V112/><F112/><W73/><G19/><T120/><D114/><U113/><E113/><V25/><F106/><W111/><G68/><T67/><D7/><U104/><E104/><V48/><F117/><W9/><G28/><T87/><D133/><U40/><E40/><V53/><F26/><W91/><G31/><T89/><D120/><U17/><E17/><V35/><F35/><W43/><G43/><T65/><D118/><U20/><E20/><V71/><F71/><W15/><G41/><T18/><D22/><U57/><E46/><V14/><F25/><W115/><G47/><T27/><D116/><U45/><E45/><V36/><F36/><W52/><G37/><T126/><D18/><U98/><E98/><V82/><F38/><W63/><G115/><T128/><D21/><U72/><E90/><V119/><F42/><W100/><G91/><T122/><D89/><U88/><E72/><V108/><F119/><W94/><G111/><T61/><D27/><U4/><E4/><V80/><F23/><W8/><G74/><T34/><D99/><U103/><E103/><V124/><F108/><W93/><G73/><T12/><D128/><U2/><E2/><V95/><F1/><W51/><G100/><T62/><D3/><U78/><E78/><RYUUKYOKU ba="1,0" sc="250,-10,197,30,240,-10,313,-10" hai1="10,11,49,55,57,83,88" /><INIT seed="5,2,0,1,4,16" ten="240,227,230,303" oya="1" hai0="17,124,94,7,102,70,63,21,50,122,10,42,41" hai1="49,64,100,123,129,56,112,44,95,98,119,4,120" hai2="57,14,5,82,101,114,30,135,79,53,8,40,116" hai3="19,27,113,75,59,46,86,38,65,31,78,1,34"/><U130/><E4/><V73/><F116/><W12/><G1/><T11/><D124/><U127/><E119/><V103/><F135/><W0/><G0/><T33/><D33/><U61/><E127/><V29/><F40/><W20/><G75/><T80/><D80/><U104/><E104/><V105/><F114/><W126/><G126/><T134/><D134/><U68/><E112/><V74/><F74/><W92/><G113/><T22/><D122/><U13/><E13/><V125/><F125/><W24/><G24/><T43/><D17/><U36/><E36/><V88/><F88/><N who="3" m="53271" /><G34/><T66/><D50/><U132/><E68/><V9/><F9/><W133/><G38/><T45/><D45/><U32/><E32/><V51/><REACH who="2" step="1"/><F105/><REACH who="2" ten="240,227,220,303" step="2"/><W2/><G133/><T85/><D11/><U110/><E132/><V77/><F77/><W25/><G78/><T23/><D10/><U58/><E110/><V111/><F111/><W71/><G2/><T115/><D115/><U108/><E108/><V55/><F55/><W76/><G76/><T107/><D107/><U72/><E72/><V84/><F84/><W39/><G39/><T81/><D43/><N who="1" m="24735" /><E56/><V90/><F90/><W62/><G59/><T93/><D42/><U118/><E118/><V15/><F15/><W106/><G106/><T99/><D41/><U52/><E64/><V83/><F83/><W48/><G12/><T54/><D54/><U47/><E47/><V37/><F37/><W69/><G65/><T121/><D81/><U97/><E97/><V18/><F18/><W96/><G46/><T109/><D66/><RYUUKYOKU ba="2,1" sc="240,-15,227,15,220,15,303,-15" hai1="52,58,61,95,98,100,120,123,129,130" hai2="5,8,14,29,30,51,53,57,73,79,82,101,103" /><INIT seed="5,3,1,4,0,99" ten="225,242,235,288" oya="1" hai0="20,23,38,14,58,12,130,127,56,52,11,105,21" hai1="91,79,22,98,69,129,72,39,55,101,53,133,10" hai2="44,114,82,27,88,34,74,96,8,19,76,67,132" hai3="41,4,89,2,110,0,33,36,49,24,1,95,43"/><U16/><E69/><V118/><F118/><W66/><G36/><T84/><D38/><U107/><E39/><V112/><F67/><W40/><G110/><T80/><D130/><U60/><E129/><V100/><F44/><W59/><G33/><T97/><D127/><U120/><E120/><V115/><F132/><W131/><G131/><T37/><D37/><U62/><E133/><V90/><F8/><W64/><G24/><T7/><D58/><U65/><E10/><V124/><F124/><W128/><G128/><T86/><D14/><U87/><E72/><V103/><F103/><W9/><G49/><T125/><D125/><U28/><E79/><V32/><F32/><W113/><G113/><T135/><D135/><U68/><E28/><N who="2" m="19743" /><F19/><W109/><G109/><T46/><D46/><U85/><E60/><V15/><F15/><W13/><REACH who="3" step="1"/><G59/><REACH who="3" ten="225,242,235,278" step="2"/><T48/><REACH who="0" step="1"/><D80/><REACH who="0" ten="215,242,235,278" step="2"/><U104/><E68/><V71/><F71/><W45/><G45/><T29/><D29/><U73/><E73/><V31/><F31/><W47/><G47/><T57/><D57/><U3/><E62/><V93/><AGARI ba="3,3" hai="74,76,82,88,90,93,96,100,112,114,115" m="19743" machi="93" ten="30,7900,0" yaku="15,1,11,1,52,1,54,1" doraHai="99" who="2" fromWho="2" sc="215,-23,242,-42,235,118,278,-23" /><INIT seed="6,0,0,0,4,10" ten="192,200,353,255" oya="2" hai0="89,79,134,47,35,52,129,29,11,69,56,81,19" hai1="127,32,8,17,22,100,43,87,13,67,63,62,93" hai2="26,2,57,76,116,48,3,33,38,86,27,64,131" hai3="5,6,112,49,97,82,1,45,31,12,34,25,15"/><V30/><F38/><W0/><G82/><T68/><D134/><U7/><E32/><V39/><F39/><W107/><G112/><T36/><D129/><U78/><E127/><V50/><F116/><W115/><G115/><T133/><D133/><U51/><E100/><V106/><F106/><W42/><G107/><T73/><D89/><U105/><E105/><V16/><F50/><W125/><G97/><T111/><D111/><U14/><E67/><V72/><F72/><W109/><G109/><T85/><D85/><U44/><E93/><V77/><F77/><W75/><G75/><T95/><D95/><U58/><E58/><V59/><F59/><W135/><G135/><T20/><D35/><U126/><REACH who="1" step="1"/><E126/><REACH who="1" ten="192,190,353,255" step="2"/><V91/><F57/><W108/><G125/><T104/><D104/><U103/><E103/><V24/><F64/><W99/><G108/><T90/><D69/><U84/><E84/><V130/><F86/><W80/><G99/><T98/><D68/><U122/><E122/><V40/><F33/><W113/><G113/><T123/><D123/><U53/><E53/><V70/><F70/><W101/><G101/><T9/><D98/><U117/><E117/><V46/><F131/><W21/><G34/><T83/><D83/><AGARI ba="0,1" hai="7,8,13,14,17,22,43,44,51,62,63,78,83,87" machi="83" ten="40,12000,2" yaku="1,1,25,2,8,1,52,2,53,1" doraHai="10" doraHaiUra="4" who="1" fromWho="0" sc="192,-120,190,130,353,0,255,0" /><INIT seed="7,0,0,1,0,62" ten="72,320,353,255" oya="3" hai0="97,25,104,53,110,123,81,17,42,34,32,16,37" hai1="92,96,9,128,35,24,73,84,83,91,112,19,49" hai2="59,120,135,64,38,121,95,82,108,129,29,27,114" hai3="102,99,2,33,63,127,6,76,47,20,79,101,13"/><W67/><G33/><T10/><D110/><U69/><E128/><V60/><F108/><W118/><G118/><T86/><D123/><N who="2" m="47178" /><F129/><W66/><G127/><T125/><D125/><U12/><E112/><V30/><F114/><W115/><G115/><T74/><D74/><U77/><E69/><V36/><F135/><W130/><G130/><T57/><D37/><N who="2" m="14442" /><F95/><N who="3" m="58623" /><G2/><T40/><D34/><U39/><E39/><V1/><F1/><W3/><G3/><T133/><D133/><U31/><E49/><V54/><F82/><W23/><G102/><T80/><D32/><U5/><E5/><V134/><F134/><W100/><G100/><T85/><D104/><U90/><REACH who="1" step="1"/><E73/><REACH who="1" ten="72,310,353,255" step="2"/><V52/><F29/><W119/><G119/><T7/><D7/><U109/><E109/><V89/><F89/><AGARI ba="0,1" hai="9,12,19,24,31,35,77,83,84,89,90,91,92,96" machi="89" ten="30,8000,1" yaku="1,1,7,1,53,3" doraHai="62" doraHaiUra="87" who="1" fromWho="2" sc="72,0,310,90,353,-80,255,0" owari="72,-43.0,400,50.0,273,7.0,255,-14.0" /></mjloggm>