<mjloggm ver="2.3"><GO type="169" lobby="0"/><UN n0="%63%72%69%74%74%65%72" n1="%E5%B0%B1%E6%B4%BB%E7%94%9F%40%E5%B7%9D%E6%9D%91%E8%BB%8D%E5%9B%A3" n2="%E6%84%9B%E5%AE%95%E6%B4%8B%E6%A6%8E%E3%81%AE%E5%BC%9F%E5%AD%90" n3="%E3%81%BD%E3%81%BF%E3%82%85" dan="16,19,16,16" rate="2148.02,2370.29,2075.83,2209.24" sx="M,M,M,F"/><TAIKYOKU oya="0"/><INIT seed="0,0,0,4,0,3" ten="250,250,250,250" oya="0" hai0="51,89,59,95,12,111,117,93,128,39,72,18,110" hai1="1,123,37,32,78,66,26,131,42,2,35,132,76" hai2="13,121,25,11,22,47,45,19,24,87,65,16,30" hai3="57,97,41,73,80,9,86,36,135,99,10,23,107"/><T67/><D117/><U60/><E123/><V46/><F121/><W14/><G73/><T20/><D39/><U126/><E126/><V118/><F118/><W70/><G70/><T7/><D128/><U75/><E131/><V17/><F65/><W52/><G135/><T64/><D72/><U81/><E132/><V4/><REACH who="2" step="1"/><F87/><REACH who="2" ten="250,250,240,250" step="2"/><W69/><G69/><T61/><D67/><U55/><E66/><V56/><F56/><W90/><G86/><T108/><D89/><U77/><E76/><V84/><F84/><W100/><G90/><T125/><D125/><U120/><E77/><V109/><F109/><W74/><G74/><T21/><D51/><U44/><E120/><V98/><F98/><W103/><G36/><T88/><D88/><U114/><E114/><V38/><F38/><W106/><G80/><T5/><REACH who="0" step="1"/><D21/><AGARI ba="0,1" hai="4,11,13,16,17,19,21,22,24,25,30,45,46,47" machi="21" ten="40,8000,1" yaku="1,1,8,1,52,1,54,1,53,0" doraHai="3" doraHaiUra="33" who="2" fromWho="0" sc="250,-80,250,0,240,90,250,0" /><INIT seed="1,0,0,2,2,24" ten="170,250,330,250" oya="1" hai0="29,3,9,36,38,128,41,82,63,55,65,68,10" hai1="12,114,115,98,56,23,51,45,4,102,132,116,58" hai2="20,66,133,53,100,122,109,54,87,130,60,105,72" hai3="113,59,18,44,61,50,62,0,11,57,70,28,117"/><U79/><E116/><V89/><F122/><W73/><G113/><T74/><D128/><U64/><E132/><V103/><F130/><W5/><G73/><T21/><D55/><U84/><E64/><V25/><F133/><W118/><G18/><T106/><D106/><U76/><E114/><V101/><F72/><W126/><G126/><T92/><D92/><U119/><E119/><N who="3" m="45578" /><G28/><T27/><D3/><U19/><E115/><V14/><F14/><W88/><G88/><T95/><D95/><U30/><E30/><N who="2" m="17703" /><F109/><W1/><G1/><T94/><D94/><N who="1" m="58711" /><E4/><V26/><F26/><W7/><G7/><T48/><D48/><U129/><E129/><V43/><F43/><N who="3" m="24863" /><G70/><T91/><D91/><U135/><E135/><V127/><F105/><W52/><G57/><N who="1" m="22122" /><E84/><V34/><F34/><W124/><G124/><T33/><D33/><U39/><E39/><V40/><F40/><AGARI ba="0,0" hai="12,19,23,40,45,51,76,79" m="22122,58711" machi="40" ten="30,1500,0" yaku="8,1" doraHai="24" who="1" fromWho="2" sc="170,0,250,15,330,-15,250,0" /><INIT seed="1,1,0,0,5,50" ten="170,265,315,250" oya="1" hai0="16,98,41,62,35,82,4,76,124,34,42,133,43" hai1="6,18,69,28,94,52,130,14,73,40,15,119,25" hai2="110,45,68,26,44,114,97,74,57,58,106,32,27" hai3="113,55,115,56,65,71,51,10,22,85,66,93,75"/><U67/><E119/><V120/><F120/><W39/><G75/><T11/><D124/><U17/><E73/><V112/><F68/><W3/><G39/><T125/><D125/><U105/><E105/><V90/><F74/><W86/><G113/><N who="2" m="43625" /><F110/><W87/><G115/><T102/><D133/><U47/><E130/><V20/><F32/><W72/><G72/><T54/><D16/><N who="1" m="6251" /><E69/><V131/><F131/><W38/><G22/><T111/><D111/><U89/><E67/><V21/><F21/><W61/><G65/><T134/><D134/><U33/><E33/><V84/><F97/><W8/><G3/><T108/><D108/><U7/><E40/><V92/><F106/><W95/><REACH who="3" step="1"/><G38/><REACH who="3" ten="170,265,315,240" step="2"/><T117/><D35/><U127/><E127/><V13/><F13/><N who="1" m="4617" /><E25/><N who="2" m="9227" /><F20/><W64/><G64/><T83/><D34/><U5/><E28/><V78/><F78/><W129/><G129/><T91/><D76/><U122/><E122/><V135/><F135/><W132/><G132/><T2/><D117/><U48/><E7/><V121/><F121/><W126/><G126/><T19/><D19/><U0/><E0/><V60/><F58/><W59/><G59/><T1/><D2/><U109/><E109/><V103/><F103/><W37/><G37/><T96/><D102/><U23/><E23/><V81/><F57/><W104/><G104/><T107/><D107/><U36/><E36/><V100/><F60/><W77/><G77/><T79/><D79/><U70/><E70/><V123/><F123/><W9/><AGARI ba="1,1" hai="8,9,10,51,55,56,61,66,71,85,86,87,93,95" machi="9" ten="30,4000,0" yaku="1,1,0,1,52,1,53,0" doraHai="50" doraHaiUra="118" who="3" fromWho="3" sc="170,-11,265,-21,315,-11,240,53" /><INIT seed="2,0,0,5,4,119" ten="159,244,304,293" oya="2" hai0="50,99,106,60,85,90,135,91,29,80,71,48,110" hai1="112,34,78,115,75,126,105,47,133,93,32,95,123" hai2="39,87,102,55,70,63,89,20,15,98,124,27,103" hai3="128,134,100,104,3,53,129,38,96,30,132,52,2"/><V67/><F124/><W11/><G30/><T127/><D127/><U41/><E126/><V37/><F15/><W108/><G38/><T31/><D110/><U56/><E105/><V7/><F7/><N who="3" m="1527" /><G3/><T130/><D130/><N who="3" m="50281" /><G108/><T77/><D135/><AGARI ba="0,0" hai="52,53,96,100,104,132,134,135" m="50281,1527" machi="135" ten="30,3900,0" yaku="20,1,19,1,54,1" doraHai="119" who="3" fromWho="0" sc="159,-39,244,0,304,0,293,39" /><INIT seed="3,0,0,5,4,93" ten="120,244,304,332" oya="3" hai0="97,60,125,12,22,49,59,119,87,68,120,25,7" hai1="100,33,112,58,69,1,51,105,108,113,41,44,82" hai2="61,3,107,90,109,19,78,124,8,133,84,31,102" hai3="70,11,26,34,42,86,46,16,29,110,14,30,122"/><W9/><G122/><T4/><D120/><U123/><E123/><V128/><F78/><W135/><G70/><T117/><D125/><U92/><E105/><V101/><F124/><W56/><G135/><T35/><D35/><U116/><E69/><V121/><F121/><W67/><G29/><T130/><D68/><U73/><E33/><V77/><F77/><W23/><G110/><T47/><D130/><U129/><E1/><V83/><F133/><W85/><G9/><T10/><D4/><U62/><E108/><V96/><F102/><W18/><G56/><T21/><D87/><U2/><E2/><V74/><F74/><W106/><G67/><T37/><D37/><U71/><E71/><V43/><F128/><W0/><G106/><T88/><D117/><U52/><E116/><V81/><F81/><W38/><REACH who="3" step="1"/><G18/><REACH who="3" ten="120,244,304,322" step="2"/><T65/><D119/><U79/><E129/><V91/><F19/><W54/><G54/><N who="0" m="30015" /><D25/><U98/><AGARI ba="0,1" hai="41,44,51,52,58,62,73,79,82,92,98,100,112,113" machi="98" ten="30,4000,0" yaku="0,1,52,1,54,1" doraHai="93" who="1" fromWho="1" sc="120,-10,244,50,304,-10,322,-20" /><INIT seed="4,0,0,2,4,36" ten="110,294,294,302" oya="0" hai0="129,126,85,24,130,114,34,73,55,110,98,60,64" hai1="4,103,97,93,106,20,29,68,88,67,117,91,42" hai2="26,21,135,50,2,132,23,108,39,72,10,123,30" hai3="83,104,89,92,115,109,107,44,71,99,111,61,49"/><T76/><D73/><U35/><E117/><V120/><F39/><W94/><G115/><T15/><D114/><U41/><E4/><N who="2" m="1303" /><F72/><W13/><G107/><T1/><D1/><U78/><E78/><V66/><F66/><W22/><G104/><T70/><D126/><U47/><E47/><V31/><F50/><W125/><G125/><T102/><D110/><U43/><E35/><N who="2" m="20951" /><F108/><W14/><G83/><T11/><D55/><U32/><E32/><V124/><F124/><W75/><G75/><T27/><D85/><U105/><E105/><V53/><F53/><W56/><G92/><T8/><D76/><U121/><E121/><N who="2" m="46667" /><F31/><W80/><G71/><T112/><D112/><U6/><E106/><V28/><F28/><W122/><G80/><T7/><D11/><U54/><E6/><V38/><F38/><W17/><G122/><T96/><D96/><U77/><E77/><V100/><F100/><W81/><G81/><T134/><D34/><U5/><E5/><V3/><F3/><W69/><G69/><T51/><D51/><U59/><E68/><V63/><F63/><W16/><G56/><T46/><D46/><U113/><E113/><V131/><F131/><N who="0" m="50186" /><D134/><AGARI ba="0,0" hai="21,23,132,134,135" m="46667,20951,1303" machi="134" ten="30,3900,0" yaku="20,1,34,2" doraHai="36" who="2" fromWho="0" sc="110,-39,294,0,294,39,302,0" /><INIT seed="5,0,0,1,0,8" ten="71,294,333,302" oya="1" hai0="62,107,9,117,89,90,17,2,68,35,100,40,84" hai1="4,119,34,54,30,43,67,125,108,1,65,3,118" hai2="71,60,135,131,134,22,129,96,21,56,15,77,36" hai3="75,55,50,58,0,49,41,124,80,57,78,101,28"/><U26/><E108/><V98/><F36/><W44/><G124/><T20/><D117/><U79/><E125/><V70/><F77/><W133/><G133/><N who="2" m="50697" /><F56/><W53/><G0/><T97/><D35/><U24/><E43/><V31/><F31/><W105/><G28/><T112/><D112/><U66/><E79/><V45/><F45/><W6/><G6/><T59/><D68/><N who="2" m="26154" /><F60/><W113/><G113/><T116/><D116/><U11/><E26/><V61/><F61/><W93/><G41/><T12/><D40/><U82/><E82/><V74/><F74/><W111/><G111/><T42/><D42/><U83/><E83/><V72/><F72/><W10/><G44/><T64/><D2/><U115/><E3/><V127/><F127/><W5/><G58/><T85/><D85/><U7/><E115/><V86/><F86/><W25/><G50/><T103/><D103/><U130/><E130/><N who="2" m="49675" /><F15/><W88/><G57/><T14/><REACH who="0" step="1"/><D84/><REACH who="0" ten="61,294,333,302" step="2"/><U37/><E118/><V23/><AGARI ba="0,1" hai="21,22,23,96,98" m="49675,26154,50697" machi="23" ten="40,8000,1" yaku="28,2,20,1,19,1" doraHai="8" who="2" fromWho="2" sc="61,-20,294,-40,333,90,302,-20" /><INIT seed="6,0,0,3,5,72" ten="41,254,423,282" oya="2" hai0="38,117,114,40,99,82,13,52,64,29,123,111,74" hai1="116,28,57,101,12,16,5,125,43,108,95,45,9" hai2="107,0,93,126,105,135,115,132,62,25,34,54,89" hai3="11,70,56,61,41,35,78,18,15,1,65,44,103"/><V106/><F115/><W32/><G1/><T79/><D111/><U86/><E108/><V119/><F119/><W73/><G103/><T96/><D123/><U2/><E116/><V69/><F0/><W60/><G73/><T48/><D117/><U51/><E125/><V129/><F129/><W6/><G6/><T98/><D114/><U128/><E128/><V53/><F69/><W110/><G110/><T47/><D64/><U24/><E57/><V130/><F130/><W63/><G63/><T112/><D112/><U94/><E101/><V88/><F126/><W23/><G11/><T121/><D121/><U50/><E50/><V46/><F46/><W68/><G78/><T77/><D77/><U97/><E97/><V90/><F93/><W118/><G118/><T21/><D13/><U127/><E127/><V17/><F17/><W59/><G68/><T4/><D4/><U92/><E86/><V76/><F76/><W39/><REACH who="3" step="1"/><G70/><REACH who="3" ten="41,254,423,272" step="2"/><T26/><REACH who="0" step="1"/><D99/><REACH who="0" ten="31,254,423,272" step="2"/><U30/><E2/><V120/><F120/><W124/><G124/><T14/><D14/><U91/><E91/><V100/><F88/><W104/><G104/><T19/><D19/><U83/><E5/><V22/><F90/><W37/><G37/><T109/><D109/><U102/><E102/><V10/><F89/><W58/><G58/><AGARI ba="0,2" hai="21,26,29,38,40,47,48,52,58,74,79,82,96,98" machi="58" ten="30,8000,1" yaku="1,1,7,1,52,1,54,1,53,1" doraHai="72" doraHaiUra="20" who="0" fromWho="3" sc="31,100,254,0,423,0,272,-80" /><INIT seed="7,0,0,0,1,57" ten="131,254,423,192" oya="3" hai0="30,86,52,99,2,95,45,100,36,7,79,107,38" hai1="131,134,92,76,80,32,35,62,89,17,121,48,51" hai2="63,65,3,98,103,40,102,15,50,64,44,115,53" hai3="19,0,21,119,66,81,23,105,34,25,18,47,8"/><W33/><G119/><T37/><D30/><U111/><E111/><V58/><F3/><W26/><G105/><T109/><D109/><U130/><E62/><V20/><F115/><W42/><G81/><T55/><D45/><U31/><E134/><V49/><F98/><W112/><G112/><T125/><D125/><U120/><E17/><N who="2" m="10303" /><F50/><N who="1" m="18985" /><E80/><V88/><F88/><W72/><G72/><T124/><D124/><U74/><E74/><V101/><AGARI ba="0,0" hai="40,44,49,53,58,63,64,65,101,102,103" m="10303" machi="101" ten="30,2000,0" yaku="8,1,52,1" doraHai="57" who="2" fromWho="2" sc="131,-5,254,-5,423,20,192,-10" owari="126,-37.0,249,5.0,443,54.0,182,-22.0" /></mjloggm>