<mjloggm ver="2.3"><GO type="169" lobby="0"/><UN n0="%E5%88%9D%E9%9F%B3%E3%83%9F%E3%82%AF" n1="%53%6F%6C%69%74%6F%6E" n2="%E3%82%A6%E3%83%AB%E3%83%88%E3%83%A9%E7%AB%8B%E7%9B%B4" n3="%E3%81%B6%E3%81%A3%E3%81%A8%E3%81%B3%E3%82%AB%E3%83%BC%E3%83%89" dan="16,17,18,16" rate="2164.37,2137.03,2254.87,2169.44" sx="F,M,M,F"/><TAIKYOKU oya="0"/><INIT seed="0,0,0,4,5,61" ten="250,250,250,250" oya="0" hai0="54,96,105,65,52,0,112,78,17,33,131,80,107" hai1="34,14,56,5,10,66,41,55,22,77,132,21,46" hai2="113,90,128,31,134,118,4,43,99,62,100,71,72" hai3="120,29,68,49,30,126,60,115,121,25,76,44,122"/><T13/><D0/><U91/><E34/><V106/><F113/><W110/><G115/><T20/><D33/><U108/><E132/><V59/><F128/><W45/><G76/><T127/><D112/><U82/><E108/><V16/><F134/><W103/><G103/><T19/><D131/><U37/><E91/><V38/><F4/><W95/><G95/><T50/><D127/><U81/><E82/><V9/><F72/><W3/><G3/><T88/><D65/><U92/><E92/><V87/><F31/><W64/><G110/><T114/><D114/><U40/><E40/><V133/><F71/><W27/><G126/><T101/><D107/><U102/><E102/><V2/><F2/><W123/><N who="3" m="30720" /><DORA hai="32" /><W1/><G1/><T124/><D124/><U94/><E94/><V130/><F118/><W83/><G83/><T39/><D39/><U70/><E70/><V28/><F28/><N who="3" m="10859" /><G45/><T26/><D50/><U84/><E66/><N who="2" m="39263" /><F130/><W86/><G86/><T69/><D69/><U47/><REACH who="1" step="1"/><E46/><REACH who="1" ten="250,240,250,250" step="2"/><N who="2" m="23927" /><F90/><W89/><G89/><T129/><D129/><U117/><E117/><V73/><F133/><W79/><G79/><T97/><D97/><U74/><E74/><V104/><F73/><W51/><G44/><T48/><D88/><U135/><E135/><V18/><F87/><W85/><G85/><T63/><D78/><U58/><E58/><V15/><F106/><W6/><G68/><T125/><D80/><U24/><E24/><V116/><F116/><W111/><G111/><T67/><D26/><U57/><E57/><V119/><F119/><W23/><G64/><RYUUKYOKU ba="0,1" sc="250,-15,240,15,250,15,250,-15" hai1="5,10,14,21,22,37,41,47,55,56,77,81,84" hai2="9,15,16,18,99,100,104" /><INIT seed="1,1,1,4,4,0" ten="235,255,265,235" oya="1" hai0="31,122,83,43,62,23,34,114,30,10,49,115,63" hai1="20,79,13,131,112,61,37,35,46,32,95,51,36" hai2="67,26,123,27,39,128,117,2,96,87,84,19,28" hai3="74,7,18,33,5,108,134,125,132,133,42,120,135"/><U127/><E112/><V71/><F39/><W105/><G120/><T64/><D34/><U130/><E127/><V40/><F117/><W24/><G125/><T29/><D122/><U107/><E107/><V129/><F40/><W104/><G108/><T60/><D64/><U47/><E61/><N who="2" m="40431" /><F2/><W88/><G74/><T111/><D111/><U110/><E110/><V52/><F123/><W4/><G132/><T1/><D23/><U86/><E46/><V85/><F19/><W45/><G88/><T58/><D83/><N who="1" m="47487" /><E95/><V121/><F121/><W65/><G65/><T15/><D1/><U38/><E20/><V16/><F28/><N who="3" m="19591" /><G18/><T9/><D115/><U116/><E13/><V94/><F52/><W41/><G41/><T73/><D73/><U17/><E17/><V55/><F55/><W118/><G118/><T101/><D114/><U92/><E92/><V68/><F16/><W75/><G75/><T3/><D3/><U97/><E116/><V100/><F68/><W77/><G77/><T109/><D109/><U69/><E69/><V91/><F91/><W11/><G11/><T119/><D9/><U48/><E97/><V12/><F12/><W57/><G57/><T14/><D10/><U98/><E98/><V54/><F54/><W89/><G89/><T90/><D90/><U99/><E99/><V78/><F78/><W66/><G66/><T59/><D119/><U53/><E48/><AGARI ba="1,1" hai="4,5,7,42,45,48,104,105,133,134,135" m="19591" machi="48" ten="40,8000,1" yaku="20,1,52,3" doraHai="0" who="3" fromWho="1" sc="235,0,255,-83,265,0,235,93" /><INIT seed="2,0,0,3,5,55" ten="235,172,265,328" oya="2" hai0="86,78,56,32,104,128,97,94,20,84,125,21,42" hai1="105,85,17,87,76,51,16,123,117,127,6,49,96" hai2="30,59,14,57,54,131,100,23,115,26,50,103,119" hai3="102,120,40,134,25,53,118,38,101,70,64,46,62"/><V106/><F115/><W12/><G118/><T58/><D104/><U0/><E117/><V66/><F119/><W80/><G120/><T95/><D32/><U19/><E123/><V41/><F131/><W36/><G134/><T124/><D42/><U11/><E127/><N who="0" m="48713" /><D128/><U61/><E61/><N who="2" m="38207" /><F106/><W121/><G121/><T81/><D86/><U68/><E68/><V69/><F69/><W8/><G38/><T129/><D129/><U24/><E24/><V65/><F65/><W18/><G80/><T112/><D112/><U79/><E85/><V67/><F67/><W22/><REACH who="3" step="1"/><G53/><REACH who="3" ten="235,172,265,318" step="2"/><T107/><D107/><U37/><E37/><V135/><F135/><W113/><G113/><T116/><D116/><U74/><E74/><V108/><F108/><W3/><G3/><T10/><D95/><U27/><E105/><V98/><F41/><W45/><G45/><T33/><D94/><U88/><E76/><V110/><F110/><W130/><G130/><T48/><D81/><U5/><E79/><V63/><F98/><W82/><G82/><T99/><D97/><U89/><E96/><V4/><F50/><N who="1" m="18953" /><E0/><V75/><F75/><W122/><G122/><T15/><D99/><U109/><E87/><V35/><F35/><W111/><G111/><T47/><D33/><U60/><E109/><V29/><F29/><AGARI ba="0,1" hai="8,12,18,22,25,29,36,40,46,62,64,70,101,102" machi="29" ten="30,2000,0" yaku="1,1,7,1,53,0" doraHai="55" doraHaiUra="28" who="3" fromWho="2" sc="235,0,172,0,265,-20,318,30" /><INIT seed="3,0,0,1,3,95" ten="235,172,245,348" oya="3" hai0="122,75,21,76,110,61,106,68,33,46,45,7,99" hai1="22,97,1,30,59,27,81,135,15,64,48,42,92" hai2="113,56,3,107,104,55,91,36,112,67,96,109,60" hai3="84,41,18,74,120,132,100,111,78,63,19,62,115"/><W83/><G115/><T12/><D33/><U98/><E1/><V29/><F3/><W4/><G120/><T35/><D35/><U117/><E135/><V14/><F109/><W44/><G132/><T125/><D122/><U25/><E117/><V71/><F29/><W10/><G100/><T43/><D110/><U126/><E126/><V134/><F134/><W116/><G116/><T123/><D123/><U82/><E27/><V23/><F36/><W26/><G111/><T31/><D125/><U37/><E37/><V39/><F39/><W32/><G74/><T47/><D31/><U40/><E15/><V69/><F107/><W87/><G87/><T50/><D76/><U9/><E9/><V53/><F71/><W131/><G131/><T58/><D68/><U20/><E20/><V90/><F90/><W65/><G63/><T94/><D75/><U66/><E92/><V89/><F89/><W2/><G26/><T79/><D79/><U101/><E101/><N who="2" m="62503" /><F91/><W28/><G28/><T0/><D106/><U73/><E73/><V52/><F69/><W129/><G129/><T24/><D0/><U77/><E77/><V124/><F124/><W5/><G5/><T128/><D128/><U57/><E22/><V118/><F118/><W17/><G32/><T51/><D43/><U80/><E30/><V103/><F103/><W72/><G84/><T38/><D38/><U93/><E25/><V108/><F108/><W127/><G127/><T130/><D130/><U114/><E114/><V121/><F121/><W102/><G2/><T119/><D119/><U13/><E40/><RYUUKYOKU ba="0,0" sc="235,-10,172,-10,245,30,348,-10" hai2="14,23,52,53,55,56,60,67,112,113" /><INIT seed="4,1,0,3,1,69" ten="225,162,275,338" oya="0" hai0="74,31,54,128,76,39,17,113,24,77,22,62,58" hai1="123,67,126,61,133,90,66,124,125,135,50,75,60" hai2="42,106,84,26,20,53,116,32,40,81,49,91,114" hai3="12,3,79,27,110,46,131,7,11,72,13,97,64"/><T89/><D113/><U111/><E75/><V119/><F32/><W82/><G110/><T102/><D128/><U8/><E90/><V112/><F106/><W87/><G131/><T51/><D102/><U109/><E8/><V9/><F9/><W16/><G64/><N who="1" m="24618" /><E50/><V70/><F70/><W19/><G97/><T94/><D39/><U43/><E43/><N who="2" m="16427" /><F53/><W95/><G46/><T93/><D74/><U129/><E123/><V56/><F56/><W48/><G48/><T23/><D51/><U33/><E129/><V98/><F98/><W28/><G3/><T25/><REACH who="0" step="1"/><D94/><REACH who="0" ten="215,162,275,338" step="2"/><U45/><E45/><V86/><F49/><W2/><G72/><T68/><D68/><U130/><E130/><V36/><F36/><W88/><G95/><T0/><D0/><U47/><E47/><V29/><F114/><W65/><G2/><T121/><D121/><U59/><E33/><V92/><F112/><W100/><G100/><T132/><D132/><N who="1" m="50763" /><E59/><V6/><F119/><W41/><G41/><T14/><D14/><U127/><E127/><V21/><F116/><W134/><G13/><T1/><D1/><U4/><E4/><V34/><F6/><W73/><G134/><T78/><D78/><U120/><E120/><V83/><F34/><N who="3" m="20767" /><G79/><T52/><D52/><U57/><E57/><V107/><F92/><N who="3" m="54303" /><G65/><T10/><D10/><U5/><E5/><V99/><F107/><W80/><G73/><T105/><D105/><U15/><E15/><V30/><F20/><N who="3" m="11271" /><G7/><T122/><D122/><U104/><E104/><V101/><F101/><W118/><G118/><T96/><AGARI ba="1,1" hai="17,22,23,24,25,31,54,58,62,76,77,89,93,96" machi="96" ten="20,18000,2" yaku="1,1,5,1,0,1,7,1,25,2,8,1,53,0" doraHai="69" doraHaiUra="38" who="0" fromWho="0" sc="215,193,162,-61,275,-61,338,-61" /><INIT seed="4,2,0,5,1,102" ten="408,101,214,277" oya="0" hai0="99,108,132,23,48,88,131,7,8,98,93,117,126" hai1="14,1,115,18,69,6,54,121,42,78,15,51,5" hai2="50,11,84,37,91,45,4,66,135,21,75,29,130" hai3="3,25,123,38,65,81,67,112,82,33,109,59,40"/><T62/><D117/><U111/><E69/><V53/><F75/><W30/><G109/><T83/><D108/><U89/><E1/><V19/><F130/><W32/><G3/><T10/><D131/><U73/><E111/><V129/><F129/><W90/><G33/><T76/><D126/><U20/><E121/><V116/><F135/><W134/><G134/><T43/><D132/><U22/><E115/><V80/><F116/><W122/><G112/><T9/><D62/><U79/><E42/><V133/><F133/><W55/><G40/><T105/><D23/><U39/><E39/><V125/><F125/><W113/><G38/><T114/><D114/><U47/><E89/><V127/><F37/><W61/><G113/><T63/><D63/><U97/><E97/><V110/><F110/><W96/><G96/><T28/><D28/><U49/><E73/><V16/><F66/><N who="3" m="25099" /><G90/><T77/><D83/><U35/><E35/><V58/><F127/><W74/><G74/><T101/><REACH who="0" step="1"/><D7/><REACH who="0" ten="398,101,214,277" step="2"/><U64/><E18/><V100/><F29/><W24/><G82/><T124/><D124/><U52/><E64/><V0/><F21/><W68/><G68/><T44/><AGARI ba="2,1" hai="8,9,10,43,44,48,76,77,88,93,98,99,101,105" machi="44" ten="30,11700,0" yaku="1,1,0,1,52,1,54,1,53,0" doraHai="102" doraHaiUra="56" who="0" fromWho="0" sc="398,133,101,-41,214,-41,277,-41" /><INIT seed="4,3,0,5,5,44" ten="531,60,173,236" oya="0" hai0="55,46,123,84,111,106,98,7,117,64,5,58,22" hai1="100,85,83,37,135,88,118,51,23,15,110,65,39" hai2="99,62,45,120,1,89,30,132,40,54,77,72,97" hai3="90,36,129,92,41,78,75,125,59,35,29,0,18"/><T115/><D64/><U108/><E118/><V10/><F30/><W32/><G29/><T109/><D46/><U95/><E135/><V131/><F89/><W56/><G18/><T50/><D117/><U4/><E65/><V27/><F27/><W34/><G0/><T14/><D123/><U87/><E108/><V2/><F2/><W71/><G71/><T25/><D115/><U133/><E110/><V105/><F105/><W79/><G129/><T11/><D5/><U6/><E133/><V16/><F16/><W19/><G19/><T60/><D60/><U48/><E39/><V70/><F131/><W43/><G125/><T82/><D98/><N who="1" m="59487" /><E37/><V33/><F33/><W47/><G43/><T69/><D69/><U119/><E119/><V101/><F101/><W66/><G75/><T73/><D73/><U61/><E61/><V76/><F72/><W122/><G122/><T112/><D112/><U103/><E103/><V74/><F74/><W12/><G12/><T134/><D106/><U26/><E85/><V93/><F120/><W53/><G59/><T49/><D134/><U121/><E121/><V80/><F132/><W63/><REACH who="3" step="1"/><G66/><REACH who="3" ten="531,60,173,226" step="2"/><T31/><D111/><U113/><E15/><V52/><F70/><W107/><G107/><T124/><D109/><U91/><E113/><V8/><F1/><W68/><G68/><T128/><D124/><U9/><E9/><V38/><F8/><W127/><G127/><T13/><D128/><U24/><E24/><V81/><F10/><W94/><G94/><T28/><D11/><U67/><E67/><V86/><F93/><RYUUKYOKU ba="3,1" sc="531,-10,60,-10,173,-10,226,30" hai3="32,34,35,36,41,47,53,56,63,78,79,90,92" /><INIT seed="5,4,1,3,1,84" ten="521,50,163,256" oya="1" hai0="56,8,121,134,50,128,22,30,82,135,23,33,86" hai1="12,120,110,78,32,45,116,38,94,75,20,89,35" hai2="18,92,25,44,24,13,124,5,90,60,73,74,3" hai3="81,43,71,58,49,129,107,51,21,98,115,28,69"/><U108/><E116/><V10/><F124/><W63/><G115/><T101/><D121/><U91/><E120/><V72/><F44/><W34/><G21/><T96/><D128/><U125/><E125/><V36/><F60/><W104/><G81/><T77/><D8/><U111/><E78/><V93/><F36/><W95/><G129/><T80/><D80/><U27/><E75/><V55/><F55/><W41/><G28/><T14/><D14/><U64/><E64/><V29/><F29/><W0/><G34/><N who="1" m="12842" /><E94/><V7/><F93/><W114/><G0/><T113/><D50/><N who="3" m="18953" /><G104/><T79/><D56/><U16/><E27/><V6/><REACH who="2" step="1"/><F3/><REACH who="2" ten="521,50,153,256" step="2"/><W52/><G95/><T122/><D30/><U9/><E9/><V103/><F103/><W54/><G98/><AGARI ba="4,2" hai="5,6,7,10,13,18,24,25,72,73,74,90,92,98" machi="98" ten="50,3200,0" yaku="1,1,52,1,53,0" doraHai="84" doraHaiUra="59" who="2" fromWho="3" sc="521,0,50,0,153,64,256,-44" /><INIT seed="6,0,0,0,4,48" ten="521,50,217,212" oya="2" hai0="52,129,54,118,100,1,80,133,113,119,46,29,53" hai1="96,61,23,31,91,98,36,41,79,77,59,122,116" hai2="71,10,66,60,73,21,115,20,82,69,114,8,121" hai3="123,18,62,130,99,43,56,87,32,93,45,117,50"/><V42/><F121/><W126/><G117/><T9/><D113/><N who="2" m="43018" /><F42/><W65/><G123/><T105/><D129/><U83/><E122/><V0/><F71/><W120/><G120/><T108/><D108/><U57/><E116/><V2/><F21/><W90/><G126/><T124/><D124/><U27/><E36/><V44/><F20/><W16/><G130/><T63/><D133/><U106/><E41/><V86/><F44/><W37/><G32/><T39/><D46/><U25/><E25/><V110/><F73/><W58/><G37/><T89/><D39/><U4/><E4/><V75/><F75/><W49/><G99/><T35/><D35/><U11/><E11/><N who="2" m="4139" /><F110/><W38/><G38/><T51/><D9/><U40/><E40/><V47/><F47/><W34/><G34/><T12/><D119/><U30/><E30/><V76/><AGARI ba="0,0" hai="0,2,60,66,69,76,82,86" m="4139,43018" machi="76" ten="30,1500,0" yaku="15,1" doraHai="48" who="2" fromWho="2" sc="521,-5,50,-5,217,15,212,-5" /><INIT seed="6,1,0,2,2,94" ten="516,45,232,207" oya="2" hai0="14,49,26,46,96,31,93,64,112,38,86,4,25" hai1="110,76,44,115,34,10,116,45,108,91,84,30,61" hai2="107,135,71,13,128,29,16,75,90,121,111,102,122" hai3="68,98,83,0,127,118,129,81,104,53,106,35,74"/><V27/><F75/><W77/><G53/><T2/><D2/><U124/><E76/><V51/><F71/><W97/><G35/><T58/><D38/><U41/><E116/><V12/><F102/><W89/><G0/><T80/><D112/><U65/><E124/><V87/><F107/><N who="3" m="41003" /><G68/><T79/><D31/><U59/><E115/><V101/><F101/><W57/><G57/><T37/><D37/><U18/><E34/><V88/><F12/><W117/><G127/><T7/><D58/><U21/><E110/><V32/><F111/><W19/><G19/><T82/><D82/><U33/><E108/><V66/><F66/><W8/><G8/><N who="0" m="4359" /><D7/><U85/><E33/><V114/><F29/><W22/><G22/><T95/><D95/><U15/><E41/><V92/><F32/><W5/><G5/><T39/><D39/><U50/><E50/><V43/><F51/><W131/><G118/><T9/><D9/><U54/><E65/><V3/><F43/><W60/><G60/><T105/><D105/><U36/><E36/><V100/><F3/><W17/><G17/><T52/><D64/><U20/><E84/><V42/><F87/><N who="3" m="50431" /><G117/><T70/><D70/><U125/><E125/><V120/><F42/><W47/><G47/><T123/><D25/><U63/><E63/><V69/><F27/><W23/><G23/><T78/><D26/><U55/><E55/><V1/><F114/><W133/><G133/><T62/><D62/><U6/><E30/><V48/><F135/><W119/><G119/><T109/><D52/><U113/><E113/><V103/><F48/><RYUUKYOKU ba="1,0" sc="516,-10,45,-10,232,-10,207,30" hai3="74,77,81,97,98,129,131" /><INIT seed="7,2,0,4,3,61" ten="506,35,222,237" oya="3" hai0="91,13,66,90,62,46,2,115,12,100,89,81,9" hai1="55,130,18,129,54,30,21,71,127,56,77,92,57" hai2="41,44,37,84,33,65,83,4,69,24,134,95,101" hai3="48,97,117,135,51,11,45,103,114,70,108,132,53"/><W73/><G117/><T64/><D115/><U17/><E77/><V6/><F134/><N who="3" m="51243" /><G73/><T68/><D100/><U94/><E30/><V23/><F33/><W93/><G114/><T3/><D66/><U39/><E21/><V124/><F124/><W122/><G122/><T20/><D20/><U118/><E39/><V76/><F65/><W112/><G112/><T1/><D46/><U98/><E98/><V111/><F69/><W119/><G119/><T14/><REACH who="0" step="1"/><D81/><REACH who="0" ten="496,35,222,237" step="2"/><U63/><E71/><V34/><F34/><W116/><G116/><T15/><D15/><U110/><E118/><V80/><F111/><W133/><G133/><T107/><D107/><U7/><E110/><V85/><F101/><W74/><G108/><T26/><D26/><U106/><E106/><V125/><F125/><W59/><G70/><T36/><D36/><U19/><E127/><V47/><F47/><W0/><G0/><T88/><D88/><U67/><E67/><V120/><F120/><W128/><G128/><T40/><D40/><U99/><E99/><V58/><F58/><W52/><G11/><AGARI ba="2,1" hai="1,2,3,9,11,12,13,14,62,64,68,89,90,91" machi="11" ten="50,12000,2" yaku="1,1,29,2,52,1,53,3" doraHai="61" doraHaiUra="8" who="0" fromWho="3" sc="496,136,35,0,222,0,237,-126" owari="632,73.0,35,-46.0,222,2.0,111,-29.0" /></mjloggm>