<mjloggm ver="2.3"><GO type="169" lobby="0"/><UN n0="%E2%80%A0%E3%81%BE%E3%83%BC%E5%9D%8A%E2%80%A0" n1="%E5%B0%B1%E6%B4%BB%E7%94%9F%40%E5%B7%9D%E6%9D%91%E8%BB%8D%E5%9B%A3" n2="%E7%A7%81%E3%81%AF%E3%81%8C%E3%81%A1%E3%81%BB%E3%82%82" n3="%E6%84%9B%E5%86%85%E9%87%8C%E8%8F%9C" dan="18,19,18,16" rate="2176.49,2342.97,2203.01,2090.42" sx="M,M,M,M"/><TAIKYOKU oya="0"/><INIT seed="0,0,0,5,3,77" ten="250,250,250,250" oya="0" hai0="21,101,127,19,17,94,107,31,34,30,72,5,49" hai1="105,58,41,112,116,82,12,54,45,51,26,33,132" hai2="24,79,114,20,113,96,15,64,123,76,81,35,118" hai3="61,87,57,52,63,1,6,135,122,86,53,78,48"/><T11/><D107/><U43/><E116/><V16/><F123/><W23/><G122/><T47/><D72/><U28/><E105/><V69/><F118/><W126/><G126/><T110/><D127/><U117/><E132/><V124/><F76/><W59/><G135/><T40/><D110/><U120/><E117/><V108/><F96/><W55/><G78/><T56/><D34/><U8/><E120/><V32/><F32/><W46/><REACH who="3" step="1"/><G23/><REACH who="3" ten="250,250,250,240" step="2"/><T104/><D21/><U103/><E112/><V128/><F20/><W50/><G50/><T62/><D30/><U134/><E134/><V100/><F79/><W2/><G2/><T38/><D31/><U95/><E28/><V4/><F124/><W36/><G36/><T73/><D38/><U91/><E33/><V102/><F35/><W83/><G83/><T133/><D133/><U22/><E22/><V10/><F81/><W14/><G14/><T130/><D49/><U74/><E26/><V75/><F24/><W42/><G42/><T27/><D40/><U106/><E43/><V60/><F75/><W37/><G37/><T89/><D73/><U92/><E41/><V0/><F114/><W119/><G119/><T71/><D27/><U125/><E12/><V97/><F113/><W98/><G98/><T88/><D130/><U65/><E74/><V18/><F128/><W13/><G13/><T39/><D39/><U29/><E82/><V3/><F15/><W129/><G129/><T68/><D11/><AGARI ba="0,1" hai="1,6,11,46,48,52,53,55,57,59,61,63,86,87" machi="11" ten="40,5200,0" yaku="1,1,9,1,54,1,53,0" doraHai="77" doraHaiUra="9" who="3" fromWho="0" sc="250,-52,250,0,250,0,240,62" /><INIT seed="1,0,0,4,2,34" ten="198,250,250,302" oya="1" hai0="60,6,109,135,76,128,125,94,22,66,8,44,55" hai1="84,80,27,30,14,32,59,16,68,36,31,23,12" hai2="40,131,129,1,67,114,39,98,118,35,83,122,79" hai3="119,74,103,87,105,5,111,93,104,77,106,85,99"/><U107/><E68/><V15/><F15/><W88/><G5/><T124/><D109/><U47/><E107/><V10/><F67/><W123/><G123/><T28/><D128/><U82/><E30/><V120/><F98/><W90/><G111/><T2/><D135/><U24/><E80/><V4/><F35/><W56/><G119/><T48/><D76/><U7/><E7/><V115/><F118/><W72/><G56/><T45/><D45/><U54/><E47/><N who="2" m="23967" /><F120/><W29/><G29/><T57/><REACH who="0" step="1"/><D94/><REACH who="0" ten="188,250,250,302" step="2"/><U78/><REACH who="1" step="1"/><E36/><REACH who="1" ten="188,240,250,302" step="2"/><V71/><F122/><W110/><G110/><T51/><D51/><AGARI ba="0,2" hai="12,14,16,23,24,27,31,32,51,54,59,78,82,84" machi="51" ten="30,11600,0" yaku="1,1,2,1,7,1,54,1,53,0" doraHai="34" doraHaiUra="61" who="1" fromWho="0" sc="188,-116,240,136,250,0,302,0" /><INIT seed="1,1,0,4,0,79" ten="72,376,250,302" oya="1" hai0="129,118,86,95,53,15,134,72,83,74,89,112,73" hai1="19,60,125,107,24,97,76,49,64,52,57,131,82" hai2="61,16,25,103,94,65,4,111,109,133,68,116,9" hai3="115,2,90,37,5,55,71,26,127,48,105,84,69"/><U34/><E131/><V47/><F116/><W80/><G115/><T93/><D118/><U35/><E125/><V123/><F133/><W85/><G37/><T108/><D112/><U117/><E117/><V81/><F123/><W1/><G105/><T46/><D129/><U27/><E107/><V29/><F47/><W59/><G127/><T62/><D134/><U100/><E100/><V78/><F94/><W0/><G5/><T104/><D104/><U128/><E128/><V56/><F103/><W20/><REACH who="3" step="1"/><G85/><REACH who="3" ten="72,376,250,292" step="2"/><T11/><D108/><U70/><E97/><V124/><F4/><W132/><G132/><T87/><D87/><U130/><E130/><V88/><F124/><W12/><G12/><T44/><D74/><U23/><E27/><V98/><F25/><W10/><G10/><T18/><D73/><AGARI ba="1,1" hai="19,23,24,34,35,49,52,57,60,64,70,73,76,82" machi="73" ten="30,5800,0" yaku="7,1,52,1,54,1" doraHai="79" who="1" fromWho="0" sc="72,-61,376,71,250,0,292,0" /><INIT seed="1,2,0,3,3,7" ten="11,447,250,292" oya="1" hai0="85,116,43,82,13,38,40,27,92,107,24,60,26" hai1="126,39,105,104,25,99,118,45,6,54,12,49,108" hai2="67,109,14,89,114,72,100,69,121,129,3,128,44" hai3="1,90,55,127,5,20,71,91,120,2,9,36,81"/><U34/><E118/><V33/><F14/><W106/><G120/><T48/><D107/><U115/><E115/><V95/><F89/><W66/><G36/><T58/><D38/><U112/><E112/><V93/><F93/><W42/><G42/><T135/><D116/><U56/><E126/><V22/><F22/><W17/><G127/><T74/><D74/><U103/><E108/><V16/><F16/><W35/><G2/><T28/><D135/><U125/><E125/><V57/><F57/><W88/><G106/><T76/><D28/><U59/><E105/><V31/><F95/><W124/><G124/><T51/><D92/><U32/><E25/><V70/><F44/><W113/><G113/><T21/><D43/><U52/><E39/><V8/><F100/><W37/><G37/><T130/><D130/><U98/><E98/><V94/><F109/><W102/><G102/><T84/><D84/><U64/><E64/><V77/><F67/><W62/><G35/><T110/><D110/><U111/><E111/><V131/><F33/><W132/><G132/><T134/><D134/><U119/><E119/><V101/><F72/><W10/><G55/><N who="0" m="33887" /><D40/><U11/><E45/><V86/><F114/><W50/><G50/><AGARI ba="2,0" hai="6,11,12,32,34,49,50,52,54,56,59,99,103,104" machi="50" ten="30,11600,0" yaku="7,1,9,1,52,1,54,1" doraHai="7" who="1" fromWho="3" sc="11,0,447,122,250,0,292,-122" /><INIT seed="1,3,0,0,2,0" ten="11,569,250,170" oya="1" hai0="98,88,106,35,121,95,123,100,80,22,127,113,13" hai1="21,76,83,74,89,66,5,53,56,50,79,24,132" hai2="135,30,15,65,27,73,87,69,17,42,97,26,111" hai3="46,39,32,49,119,103,67,3,14,4,11,75,85"/><U92/><E132/><V122/><F73/><W33/><G75/><T99/><D35/><U102/><E102/><V71/><F42/><W60/><G39/><T118/><D22/><U54/><E76/><V110/><F65/><W130/><G130/><T120/><D13/><U41/><E41/><V57/><F135/><W55/><G119/><T77/><D118/><U68/><E68/><V29/><F57/><W64/><G64/><T93/><D113/><U133/><E133/><V20/><F87/><W7/><G103/><T9/><D9/><U1/><E66/><V62/><F62/><W124/><G124/><T70/><D70/><U44/><E5/><V19/><F97/><W45/><G45/><T101/><D127/><U48/><E1/><V90/><F90/><W43/><G55/><T6/><D6/><U40/><E40/><V129/><F69/><W82/><G4/><T25/><D25/><U47/><E56/><V108/><F71/><N who="3" m="42471" /><G3/><T134/><D134/><U38/><E38/><V112/><F112/><W23/><G23/><T81/><D77/><AGARI ba="3,0" hai="7,11,14,32,33,43,46,49,77,82,85" m="42471" machi="77" ten="30,2000,0" yaku="25,1,52,1" doraHai="0" who="3" fromWho="0" sc="11,-29,569,0,250,0,170,29" owari="-18,-52.0,569,67.0,250,5.0,199,-20.0" /></mjloggm>