<mjloggm ver="2.3"><GO type="169" lobby="0"/><UN n0="%E5%82%80%40%E3%82%80%E3%81%93%E3%81%86%E3%81%B6%E3%81%A1" n1="%E9%BA%BB%E9%9B%80%E3%82%84%E3%82%81%E3%81%9F%E3%81%84" n2="%E3%82%A6%E3%83%AB%E3%83%88%E3%83%A9%E7%AB%8B%E7%9B%B4" n3="%E3%83%8C%E3%82%A2%E3%82%AF%E3%82%B7%E3%83%A7%E3%83%83%E3%83%88" dan="16,16,17,17" rate="2016.95,2046.83,2127.69,2132.56" sx="M,F,M,M"/><TAIKYOKU oya="0"/><INIT seed="0,0,0,4,0,56" ten="250,250,250,250" oya="0" hai0="127,83,1,126,34,99,46,59,14,58,74,3,82" hai1="61,134,103,18,15,25,84,52,101,106,107,94,35" hai2="5,28,40,111,79,109,51,31,8,89,130,70,77" hai3="108,30,55,120,24,22,117,81,67,13,135,12,131"/><T123/><D123/><U62/><E35/><V50/><F70/><W86/><G135/><T60/><D34/><U42/><E42/><V88/><F40/><W4/><G131/><T38/><D38/><U75/><E75/><V44/><F44/><W118/><G120/><T47/><D99/><N who="1" m="59639" /><E107/><V121/><F121/><W69/><G108/><T45/><D14/><U72/><E72/><V53/><F8/><W102/><G102/><T78/><D83/><U23/><E106/><V104/><F104/><W95/><G95/><T16/><D16/><N who="1" m="12519" /><E103/><V7/><REACH who="2" step="1"/><F53/><REACH who="2" ten="250,250,240,250" step="2"/><W90/><G55/><T119/><D119/><U64/><E134/><V93/><F93/><W6/><G6/><T10/><D1/><U110/><E110/><V73/><F73/><W48/><G48/><T92/><D3/><U49/><E64/><V29/><F29/><W33/><G33/><T76/><D74/><U20/><E84/><V124/><F124/><W125/><G125/><T129/><D127/><U39/><E39/><V65/><F65/><W19/><G4/><T115/><D126/><U0/><E0/><V91/><F91/><W80/><G80/><T116/><D82/><U97/><E97/><V66/><F66/><W36/><G36/><T128/><D116/><U85/><E85/><V37/><F37/><W112/><G112/><T68/><D115/><U41/><E41/><V21/><F21/><N who="3" m="15631" /><G13/><T54/><D128/><AGARI ba="0,1" hai="5,7,28,31,50,51,77,79,88,89,109,111,128,130" machi="128" ten="25,6400,0" yaku="1,1,22,2,54,1,53,0" doraHai="56" doraHaiUra="9" who="2" fromWho="0" sc="250,-64,250,0,240,74,250,0" /><INIT seed="1,0,0,1,5,59" ten="186,250,314,250" oya="1" hai0="39,87,79,2,105,8,93,73,10,67,40,24,26" hai1="11,38,91,14,52,111,57,34,69,18,85,103,47" hai2="55,50,68,63,120,56,129,122,86,83,123,80,121" hai3="20,0,71,45,97,115,118,16,22,28,112,127,49"/><U102/><E69/><V61/><F123/><W27/><G127/><T60/><D105/><U46/><E34/><V75/><F129/><W53/><G118/><T17/><D73/><U134/><E134/><V32/><F32/><W114/><G0/><T21/><D39/><U95/><E111/><V4/><F4/><W78/><G71/><T7/><D40/><U128/><E128/><V9/><F9/><W44/><G97/><T100/><D10/><U23/><E11/><V88/><REACH who="2" step="1"/><F68/><REACH who="2" ten="186,250,304,250" step="2"/><W90/><G78/><AGARI ba="0,1" hai="50,55,56,61,63,75,78,80,83,86,88,120,121,122" machi="78" ten="40,8000,1" yaku="1,1,2,1,52,2,54,1,53,0" doraHai="59" doraHaiUra="94" who="2" fromWho="3" sc="186,0,250,0,304,90,250,-80" /><INIT seed="2,0,0,1,4,4" ten="186,250,394,170" oya="2" hai0="68,52,42,106,23,85,19,31,97,118,43,93,83" hai1="122,50,55,48,111,44,18,3,102,30,58,98,134" hai2="94,117,91,59,10,25,11,56,126,28,130,113,15" hai3="21,89,131,81,7,22,69,70,5,135,108,110,53"/><V24/><F117/><W36/><G36/><T71/><D106/><U54/><E111/><N who="3" m="42538" /><G135/><T63/><D31/><U26/><E134/><V39/><F39/><W129/><G53/><T16/><D71/><N who="3" m="27145" /><G89/><N who="0" m="55471" /><D68/><U124/><E124/><V1/><F113/><W104/><G81/><T123/><D123/><U82/><E3/><V13/><F1/><W132/><G104/><T128/><D128/><N who="3" m="49225" /><G132/><T116/><D116/><U32/><E82/><V6/><F130/><W76/><G76/><N who="0" m="46311" /><D118/><U133/><E133/><V99/><F126/><W125/><G125/><T127/><D127/><U34/><E18/><N who="0" m="6697" /><D23/><AGARI ba="0,0" hai="5,7,21,22,23" m="49225,27145,42538" machi="23" ten="40,8000,1" yaku="28,2,14,1,19,1" doraHai="4" who="3" fromWho="0" sc="186,-80,250,0,394,0,170,80" /><INIT seed="3,0,0,4,3,107" ten="106,250,394,250" oya="3" hai0="77,99,65,113,58,60,61,53,82,105,83,62,96" hai1="131,92,121,79,122,27,57,46,59,85,1,124,67" hai2="116,37,86,120,50,29,127,48,43,125,23,72,117" hai3="64,13,35,32,111,76,103,63,73,104,119,91,94"/><W75/><G119/><T15/><D113/><U100/><E1/><V0/><F0/><W3/><G3/><T89/><D105/><U68/><E68/><V132/><F72/><W17/><G111/><T2/><D2/><U6/><E6/><V19/><F29/><W8/><G104/><T70/><D61/><U34/><E131/><V39/><F132/><W115/><G103/><T38/><D38/><U30/><E124/><V45/><F86/><W26/><G115/><T14/><D89/><U129/><E129/><V93/><F93/><W22/><G76/><T21/><D83/><U5/><E5/><V12/><F120/><W128/><G128/><T55/><D55/><U123/><E67/><V130/><F130/><W25/><G25/><T69/><D69/><U88/><E79/><V71/><F50/><W52/><G52/><T20/><D20/><U95/><REACH who="1" step="1"/><E46/><REACH who="1" ten="106,240,394,250" step="2"/><V11/><F71/><W80/><G80/><T56/><D70/><U97/><AGARI ba="0,1" hai="27,30,34,57,59,85,88,92,95,97,100,121,122,123" machi="97" ten="40,8000,1" yaku="1,1,2,1,0,1,54,1,53,0" doraHai="107" doraHaiUra="47" who="1" fromWho="1" sc="106,-20,240,90,394,-20,250,-40" /><INIT seed="4,0,0,3,5,124" ten="86,330,374,210" oya="0" hai0="61,123,62,32,27,60,37,131,15,84,86,83,34" hai1="114,79,10,38,135,126,44,76,82,121,112,67,110" hai2="39,102,28,78,14,105,74,87,65,116,132,31,98" hai3="7,40,118,85,35,56,68,95,46,94,1,49,133"/><T117/><D123/><U129/><E110/><V96/><F39/><W9/><G133/><T92/><D117/><U89/><E121/><V23/><F74/><W104/><G104/><T73/><D37/><U19/><E126/><V69/><F69/><W127/><G127/><T66/><D66/><U113/><E135/><V16/><F65/><W36/><G118/><T100/><D73/><U134/><E134/><V8/><F132/><W33/><G68/><T120/><D120/><U91/><E67/><V81/><F116/><W88/><REACH who="3" step="1"/><G95/><REACH who="3" ten="86,330,374,200" step="2"/><T115/><D115/><U106/><E106/><V103/><F8/><W108/><G108/><T2/><D2/><U41/><E10/><V43/><F43/><W109/><G109/><T64/><D64/><U52/><E41/><V17/><F17/><W63/><G63/><T58/><D58/><U30/><E19/><V5/><F5/><W47/><G47/><T11/><D131/><U42/><E42/><V59/><F59/><W26/><G26/><T24/><D34/><U0/><E44/><V99/><F105/><W122/><G122/><T97/><D32/><U20/><E112/><V51/><F51/><W119/><G119/><T50/><D50/><U53/><E113/><V57/><F57/><W75/><G75/><T18/><REACH who="0" step="1"/><D86/><REACH who="0" ten="76,330,374,200" step="2"/><N who="1" m="48479" /><E114/><V70/><F70/><W54/><AGARI ba="0,2" hai="1,7,9,33,35,36,40,46,49,54,56,85,88,94" machi="54" ten="30,7900,0" yaku="1,1,0,1,54,1,53,1" doraHai="124" doraHaiUra="48" who="3" fromWho="3" sc="76,-39,330,-20,374,-20,200,99" /><INIT seed="5,0,0,3,2,92" ten="37,310,354,299" oya="1" hai0="30,47,15,96,89,18,21,7,70,123,119,127,126" hai1="6,130,52,93,31,57,95,83,99,79,118,129,75" hai2="50,46,19,88,76,44,91,63,90,103,98,86,25" hai3="125,104,61,69,39,43,13,34,53,60,132,74,42"/><U10/><E118/><V24/><F63/><W62/><G132/><T107/><D70/><U102/><E31/><V40/><F19/><W29/><G125/><T133/><D119/><U85/><E95/><N who="2" m="58847" /><F46/><W115/><G104/><T77/><D77/><U12/><REACH who="1" step="1"/><E75/><REACH who="1" ten="37,300,354,299" step="2"/><V114/><F114/><W134/><G74/><T116/><D116/><U2/><E2/><V59/><F59/><W1/><G115/><T94/><D126/><U56/><E56/><V3/><F3/><W32/><G1/><T28/><D127/><U124/><E124/><V100/><F100/><W49/><G134/><T36/><D133/><U38/><E38/><V51/><F51/><AGARI ba="0,1" hai="6,10,12,51,52,57,79,83,85,93,99,102,129,130" machi="51" ten="40,7700,0" yaku="1,1,52,1,54,1,53,0" doraHai="92" doraHaiUra="106" who="1" fromWho="2" sc="37,0,300,87,354,-77,299,0" /><INIT seed="5,1,0,2,3,41" ten="37,387,277,299" oya="1" hai0="62,43,46,20,52,84,25,58,56,28,130,127,98" hai1="110,99,36,108,126,65,113,15,8,64,72,111,122" hai2="18,105,54,68,50,27,16,121,35,51,132,90,26" hai3="94,5,6,106,80,11,71,88,93,14,89,31,95"/><U57/><E113/><V7/><F68/><W133/><G106/><T2/><D130/><U107/><E122/><V32/><F105/><W114/><G71/><T10/><D127/><U3/><E3/><V55/><F7/><W59/><G114/><T39/><D84/><U118/><E118/><V115/><F115/><W42/><G133/><T131/><D131/><U135/><E72/><V74/><F90/><W76/><G31/><T104/><D58/><U79/><E79/><V125/><F132/><W78/><G42/><T63/><D62/><U109/><E135/><V1/><F1/><W92/><N who="3" m="23552" /><DORA hai="12" /><W34/><G34/><T103/><D10/><U21/><E21/><V37/><F37/><W134/><G134/><T45/><D45/><U4/><E36/><V61/><F61/><W33/><G33/><T23/><REACH who="0" step="1"/><D2/><REACH who="0" ten="27,387,277,299" step="2"/><U53/><E126/><V119/><F125/><W44/><G44/><T70/><D70/><U77/><E111/><V97/><F119/><W48/><G6/><T91/><D91/><U13/><E77/><V69/><F69/><W47/><G59/><T112/><D112/><U87/><E87/><V60/><F60/><W81/><G81/><T67/><D67/><U117/><E65/><V83/><F83/><W86/><G78/><T40/><D40/><U9/><E64/><V38/><F74/><W19/><G5/><T100/><D100/><N who="1" m="62879" /><E117/><V85/><F85/><W24/><G24/><T116/><D116/><U0/><E9/><V75/><F75/><W29/><G29/><T123/><D123/><U82/><E82/><V129/><F121/><RYUUKYOKU ba="1,1" sc="27,10,387,10,277,-30,299,10" hai0="20,23,25,28,39,43,46,52,56,63,98,103,104" hai1="0,4,8,13,15,53,57,108,109,110" hai3="11,14,19,47,48,76,80,86,88,89" /><INIT seed="5,2,1,1,5,91" ten="37,397,247,309" oya="1" hai0="95,112,133,90,93,35,68,15,70,77,52,89,42" hai1="129,122,40,51,27,26,44,11,106,135,14,56,111" hai2="132,107,75,98,18,43,20,131,84,33,71,61,115" hai3="21,113,105,110,0,5,118,116,67,3,58,39,69"/><U59/><E122/><V22/><F75/><W125/><G110/><T100/><D35/><U79/><E135/><V23/><F33/><W97/><G113/><T19/><D100/><U55/><E106/><V96/><F132/><W109/><G109/><T48/><D42/><U119/><E119/><N who="3" m="45610" /><G125/><T74/><D133/><U7/><E129/><V4/><F4/><W16/><G39/><T120/><D120/><U38/><E111/><V34/><F34/><W24/><G69/><T6/><D6/><U126/><E126/><V8/><F43/><W29/><G5/><T92/><D112/><U73/><E59/><V102/><F8/><W124/><G124/><T64/><D77/><U49/><E38/><V128/><F84/><W47/><G47/><T130/><D74/><U101/><E101/><V12/><F98/><W66/><G29/><T81/><D130/><N who="2" m="49706" /><F115/><W85/><G85/><T54/><D54/><U46/><E46/><V83/><F83/><W82/><G82/><T9/><D64/><AGARI ba="2,1" hai="12,18,20,22,23,61,64,71,96,102,107" m="49706" machi="64" ten="30,1000,0" yaku="19,1" doraHai="91" who="2" fromWho="0" sc="37,-16,397,0,247,26,309,0" /><INIT seed="6,0,0,2,1,128" ten="21,397,273,309" oya="2" hai0="118,10,92,130,86,103,132,101,7,22,5,99,74" hai1="89,115,79,46,61,71,91,72,77,129,37,131,48" hai2="24,82,56,31,66,110,34,80,23,109,8,54,116" hai3="117,127,3,52,38,26,84,125,28,27,18,36,67"/><V102/><F116/><W107/><G3/><T98/><D22/><U17/><E37/><V0/><F66/><W51/><G107/><T68/><D68/><U111/><E111/><N who="2" m="42507" /><F102/><W135/><G117/><T112/><D118/><U15/><E61/><N who="2" m="35991" /><F34/><W21/><G67/><T13/><D130/><N who="1" m="49675" /><E115/><V134/><F134/><W70/><G70/><T105/><D112/><U69/><E69/><V1/><F8/><W47/><G135/><T20/><D132/><U88/><E72/><V39/><F39/><W85/><G38/><T57/><D74/><U9/><E71/><V4/><F4/><W19/><G36/><T45/><D20/><U113/><E113/><V53/><F53/><AGARI ba="0,0" hai="9,15,17,46,48,53,77,79,88,89,91" m="49675" machi="53" ten="30,2000,0" yaku="19,1,54,1" doraHai="128" who="1" fromWho="2" sc="21,0,397,20,273,-20,309,0" /><INIT seed="7,0,0,0,2,132" ten="21,417,253,309" oya="3" hai0="70,21,67,65,22,46,44,91,127,121,42,71,82" hai1="60,23,122,61,80,10,8,73,75,89,87,102,17" hai2="28,4,77,105,86,81,0,59,24,133,116,97,128" hai3="88,51,100,126,107,26,31,16,3,6,83,85,27"/><W29/><G107/><T1/><D91/><U12/><E122/><V68/><F68/><W90/><G100/><T50/><D82/><U40/><E75/><V74/><F133/><W119/><G6/><T19/><D1/><U5/><E73/><V110/><F110/><W84/><G3/><T103/><D19/><U32/><E32/><V37/><F128/><W45/><G119/><T120/><D103/><U106/><E40/><V113/><F113/><W118/><G126/><T66/><D22/><U38/><E38/><V48/><F116/><W124/><G124/><T25/><D25/><U125/><E125/><V96/><F37/><W15/><G118/><T131/><D21/><U63/><E106/><V117/><F117/><W98/><G98/><T99/><D99/><U130/><E130/><V135/><F135/><W94/><G51/><T7/><D7/><U47/><E47/><V9/><F74/><W64/><G45/><T62/><D127/><U123/><E123/><V13/><F0/><W69/><G64/><T104/><D104/><U34/><E34/><V20/><REACH who="2" step="1"/><F105/><REACH who="2" ten="21,417,243,309" step="2"/><W52/><G52/><AGARI ba="0,1" hai="4,9,13,20,24,28,48,52,59,77,81,86,96,97" machi="52" ten="40,8000,1" yaku="1,1,2,1,8,1,54,1,53,1" doraHai="132" doraHaiUra="11" who="2" fromWho="3" sc="21,0,417,0,243,90,309,-80" owari="21,-48.0,417,52.0,333,13.0,229,-17.0" /></mjloggm>