<mjloggm ver="2.3"><GO type="169" lobby="0"/><UN n0="%57%49%4E%E7%A5%9E" n1="%E6%96%B0%E5%AD%90%E6%86%A7%EF%BC%A0%E5%8D%B3%E9%B3%B4%E9%9B%80%E5%A3%AB" n2="%E5%B0%B1%E6%B4%BB%E7%94%9F%40%E5%B7%9D%E6%9D%91%E8%BB%8D%E5%9B%A3" n3="%72%61%74%74%61%74%74%61" dan="16,16,19,16" rate="2107.50,2053.01,2344.56,2126.13" sx="M,F,M,M"/><TAIKYOKU oya="0"/><INIT seed="0,0,0,4,4,57" ten="250,250,250,250" oya="0" hai0="51,131,116,28,135,15,128,25,89,78,41,134,23" hai1="84,105,31,107,101,3,5,112,21,66,14,76,75" hai2="56,96,54,48,46,19,4,90,85,40,27,39,127" hai3="8,87,10,36,80,122,47,125,70,49,53,64,86"/><T106/><D116/><U69/><E75/><V92/><F127/><W133/><G125/><T119/><D119/><U113/><E3/><V93/><F4/><W42/><G133/><N who="0" m="50699" /><D106/><U2/><E2/><V91/><F27/><W13/><G122/><T129/><D78/><U12/><E5/><V16/><REACH who="2" step="1"/><F39/><REACH who="2" ten="250,250,240,250" step="2"/><W120/><G36/><T55/><D15/><U11/><E14/><V111/><F111/><W29/><G13/><T104/><D104/><U67/><E12/><V118/><F118/><W20/><G120/><T7/><D7/><U117/><E117/><V43/><F43/><W65/><G42/><T26/><D25/><U24/><E24/><V58/><F58/><W0/><G0/><T50/><D41/><U130/><E105/><V63/><AGARI ba="0,1" hai="16,19,40,46,48,54,56,63,85,90,91,92,93,96" machi="63" ten="20,12000,2" yaku="1,1,0,1,7,1,8,1,52,1,54,1,53,1" doraHai="57" doraHaiUra="37" who="2" fromWho="2" sc="250,-60,250,-30,240,130,250,-30" /><INIT seed="1,0,0,4,2,22" ten="190,220,370,220" oya="1" hai0="123,46,66,40,106,79,109,63,59,132,34,10,99" hai1="39,135,114,113,23,110,80,49,0,36,70,37,48" hai2="41,102,4,62,133,1,13,104,115,111,83,117,118" hai3="2,107,9,74,88,5,108,56,51,64,32,8,3"/><U29/><E0/><V6/><F41/><W11/><G107/><T121/><D109/><U86/><E135/><V19/><F62/><W116/><G108/><T85/><D132/><U60/><E110/><V93/><F93/><W69/><G74/><T24/><D10/><U87/><E70/><V77/><F102/><W124/><G124/><T58/><D59/><U38/><E60/><V95/><F95/><W43/><G116/><T35/><D106/><U127/><E127/><V76/><F83/><W130/><G130/><T28/><D99/><U97/><E97/><V94/><F94/><W71/><G32/><T7/><D7/><U91/><N who="1" m="9216" /><DORA hai="45" /><U81/><E29/><V50/><F104/><W98/><G3/><T125/><D125/><U15/><E23/><V68/><F68/><W122/><G122/><N who="0" m="46603" /><D35/><U67/><E67/><V75/><F75/><W31/><G5/><T21/><D34/><U78/><REACH who="1" step="1"/><E15/><REACH who="1" ten="190,210,370,220" step="2"/><V89/><F13/><W72/><G2/><T103/><D103/><U55/><E55/><V20/><F1/><W33/><G64/><T53/><D66/><U25/><E25/><V101/><F20/><W134/><G134/><T128/><D128/><U65/><E65/><V16/><F101/><W92/><G69/><T73/><D28/><U126/><E126/><V44/><F133/><W129/><G71/><T12/><D12/><U17/><E17/><V27/><F19/><W82/><G129/><T61/><D24/><U26/><E26/><V96/><F27/><W112/><G33/><T119/><D21/><U14/><E14/><V105/><F111/><RYUUKYOKU ba="0,1" sc="190,-10,210,30,370,-10,220,-10" hai1="48,49,78,80,81,86,87,91,113,114" /><INIT seed="1,1,1,4,2,122" ten="180,240,360,210" oya="1" hai0="120,93,96,61,1,7,47,27,20,78,70,76,62" hai1="81,109,16,14,119,107,29,4,52,123,130,86,111" hai2="46,94,90,77,32,112,128,2,38,3,124,134,113" hai3="17,22,26,30,68,55,132,0,11,118,75,99,73"/><U104/><E123/><V63/><F32/><W44/><G118/><T19/><D120/><U45/><E119/><V106/><F106/><W108/><G68/><T12/><D1/><U126/><E4/><V72/><F134/><W80/><G132/><T13/><D47/><U74/><E74/><V79/><F128/><W10/><G10/><N who="0" m="4191" /><D70/><U100/><E130/><V102/><F102/><W51/><G99/><T105/><D27/><U97/><E29/><V34/><F34/><W69/><G69/><T121/><D105/><U110/><E126/><V33/><F33/><W37/><G37/><T133/><D133/><U129/><E129/><V88/><F63/><N who="0" m="24074" /><D121/><U67/><E67/><V25/><F25/><W15/><G0/><T58/><D58/><U103/><E107/><V92/><F46/><W131/><G131/><T9/><D9/><N who="1" m="6223" /><E97/><V42/><F72/><W64/><G64/><T91/><AGARI ba="1,1" hai="13,19,20,76,78,91,93,96" m="24074,4191" machi="91" ten="30,1100,0" yaku="8,1" doraHai="122" who="0" fromWho="0" sc="180,24,240,-6,360,-4,210,-4" /><INIT seed="2,0,0,1,1,3" ten="204,234,356,206" oya="2" hai0="122,120,81,30,110,41,67,49,20,92,71,69,86" hai1="53,118,131,8,4,89,88,107,29,56,99,100,59" hai2="74,84,134,85,91,80,115,96,34,135,108,14,12" hai3="5,128,33,94,95,21,39,70,19,1,17,72,31"/><V51/><F34/><W114/><G70/><T123/><D110/><U102/><E118/><V68/><F68/><W98/><G72/><T87/><D92/><U11/><E131/><V119/><F115/><W28/><G39/><T124/><D124/><U75/><E75/><V7/><F119/><W105/><G105/><T27/><D67/><U104/><E29/><V57/><F74/><W13/><G128/><T55/><D41/><U15/><E59/><V60/><F96/><W125/><G125/><T82/><D87/><U26/><E26/><V73/><F73/><W9/><G114/><T54/><D54/><U78/><E78/><V0/><F51/><W24/><G31/><T132/><D132/><U93/><E8/><V109/><F0/><W63/><G98/><T112/><D112/><U97/><E93/><V126/><F85/><W37/><G37/><T46/><REACH who="0" step="1"/><D81/><REACH who="0" ten="194,234,356,206" step="2"/><U117/><REACH who="1" step="1"/><E117/><REACH who="1" ten="194,224,356,206" step="2"/><V65/><F126/><W45/><G45/><T2/><D2/><U10/><E10/><N who="2" m="4191" /><F135/><W22/><REACH who="3" step="1"/><G63/><AGARI ba="0,2" hai="4,11,15,53,56,63,88,89,97,99,100,102,104,107" machi="63" ten="30,8000,1" yaku="1,1,7,1,9,1,52,1,54,1,53,0" doraHai="3" doraHaiUra="83" who="1" fromWho="3" sc="194,0,224,100,356,0,206,-80" /><INIT seed="3,0,0,4,1,52" ten="194,324,356,126" oya="3" hai0="51,2,115,29,27,60,0,133,117,4,113,63,48" hai1="33,84,13,79,46,21,39,41,1,67,74,31,34" hai2="42,130,134,118,97,20,56,65,131,102,120,61,11" hai3="22,15,107,88,69,91,100,123,108,38,50,16,104"/><W47/><G123/><T28/><D117/><U55/><E1/><N who="0" m="617" /><D4/><U75/><E67/><V23/><F118/><W18/><G69/><T96/><D96/><U121/><E121/><V10/><F42/><W119/><G119/><T85/><D85/><U125/><E125/><V68/><F68/><W59/><G108/><T36/><D36/><U81/><E33/><V94/><F134/><W99/><G104/><T127/><D127/><U77/><E77/><V70/><F70/><W30/><G30/><N who="0" m="11883" /><D27/><U98/><E98/><V105/><F105/><W66/><G18/><T124/><D124/><U6/><E31/><V109/><F109/><W132/><G132/><T135/><D135/><U25/><E25/><V72/><F72/><W93/><G38/><T73/><D73/><U95/><E6/><V3/><F120/><W26/><G26/><T114/><D133/><U78/><E79/><V76/><F76/><W126/><G126/><T37/><D37/><U82/><E78/><V122/><F122/><W80/><G80/><T17/><D17/><U111/><E111/><V49/><F3/><W54/><G107/><T106/><D106/><U43/><E75/><V45/><F23/><W112/><G112/><T44/><D44/><U5/><E46/><V92/><F20/><W90/><G100/><T83/><D83/><U64/><E81/><V129/><F94/><W128/><G128/><T71/><D71/><U7/><E74/><V103/><F103/><W19/><G19/><T24/><D24/><U9/><E82/><V12/><F12/><W86/><G99/><T32/><D32/><RYUUKYOKU ba="0,0" sc="194,10,324,-30,356,10,126,10" hai0="48,51,60,63,113,114,115" hai2="10,11,45,49,56,61,65,92,97,102,129,130,131" hai3="15,16,22,47,50,54,59,66,86,88,90,91,93" /><INIT seed="3,1,0,4,4,61" ten="204,294,366,136" oya="3" hai0="13,129,14,12,8,24,113,2,98,57,85,19,119" hai1="99,121,114,60,42,79,7,117,47,40,50,48,26" hai2="35,84,97,56,67,53,39,65,0,17,72,18,30" hai3="59,70,3,28,75,103,51,41,81,52,101,66,6"/><W49/><G28/><T106/><D119/><U105/><E121/><V74/><F39/><W76/><G3/><T64/><D129/><U93/><E105/><V124/><F0/><W73/><G73/><T22/><D113/><U25/><E114/><V23/><F35/><W128/><G128/><T130/><D130/><U78/><E117/><V118/><F118/><W46/><REACH who="3" step="1"/><G6/><REACH who="3" ten="204,294,366,126" step="2"/><T32/><D2/><U107/><E7/><V82/><F74/><W110/><G110/><T29/><D29/><U9/><E9/><V135/><F72/><W58/><G58/><T16/><D8/><U115/><E115/><V54/><F56/><W62/><AGARI ba="1,1" hai="41,46,49,51,52,59,62,66,70,75,76,81,101,103" machi="62" ten="30,18000,2" yaku="1,1,0,1,52,1,54,1,53,2" doraHai="61" doraHaiUra="44" who="3" fromWho="3" sc="204,-61,294,-61,366,-61,126,193" /><INIT seed="3,2,0,5,2,28" ten="143,233,305,319" oya="3" hai0="18,54,92,95,133,132,82,90,47,4,17,124,100" hai1="86,115,129,65,14,1,116,79,80,75,46,50,34" hai2="72,97,78,118,128,44,101,107,106,68,38,3,98" hai3="111,2,112,35,8,103,36,10,122,23,45,135,29"/><W81/><G112/><T41/><D124/><U12/><E115/><V9/><F118/><W96/><G122/><T49/><D4/><U63/><E116/><V91/><F128/><W51/><G36/><T134/><D41/><U6/><E129/><V131/><F91/><W70/><G135/><T15/><D100/><U5/><E75/><V89/><F89/><W30/><G70/><T0/><D0/><U20/><E34/><V76/><F131/><W26/><G111/><T16/><REACH who="0" step="1"/><D15/><REACH who="0" ten="133,233,305,319" step="2"/><U39/><E1/><V117/><F101/><W52/><G2/><T73/><D73/><U32/><E12/><V43/><F117/><W87/><G30/><T66/><D66/><U64/><E65/><V48/><F38/><W126/><G126/><T114/><D114/><U102/><E39/><V109/><F109/><W119/><G119/><T108/><D108/><U33/><E102/><V31/><F72/><W93/><REACH who="3" step="1"/><G35/><REACH who="3" ten="133,233,305,309" step="2"/><T67/><D67/><U127/><E33/><V88/><F31/><W56/><G56/><T99/><D99/><U7/><E32/><V85/><F98/><W77/><AGARI ba="2,2" hai="8,10,23,26,29,45,51,52,77,81,87,93,96,103" machi="77" ten="20,12000,1" yaku="1,1,0,1,7,1,8,1,54,1,53,0" doraHai="28" doraHaiUra="110" who="3" fromWho="3" sc="133,-42,233,-42,305,-42,309,146" /><INIT seed="3,3,0,0,3,34" ten="91,191,263,455" oya="3" hai0="13,103,123,44,36,2,84,9,26,114,113,82,41" hai1="59,98,25,57,37,102,23,28,91,10,14,131,122" hai2="70,39,129,74,60,33,69,3,32,56,40,4,85" hai3="132,92,52,94,117,7,109,112,79,12,105,24,8"/><W104/><G112/><N who="0" m="43115" /><D123/><U124/><E122/><V49/><F129/><W18/><G117/><T30/><D103/><U68/><E124/><V90/><F74/><W45/><G79/><N who="0" m="46175" /><D2/><U135/><E68/><V42/><F70/><W50/><G132/><T78/><D78/><U15/><E135/><V16/><F69/><W101/><G109/><T43/><D41/><U119/><E119/><V20/><F40/><W76/><G76/><T125/><D125/><U0/><E131/><V133/><F42/><W100/><G104/><T118/><D118/><U128/><E128/><V87/><F87/><W72/><G72/><T65/><D65/><U55/><E91/><V19/><F85/><W17/><G105/><T22/><D13/><U99/><E37/><V48/><F90/><W88/><G94/><T97/><D9/><U81/><E81/><V115/><F39/><W63/><G63/><T29/><D29/><U66/><E66/><V5/><F3/><W75/><G75/><T11/><D11/><U116/><E116/><V53/><F115/><W83/><G83/><T130/><D130/><U120/><E120/><V1/><F1/><W80/><G80/><T134/><D134/><U47/><E0/><V93/><F93/><W86/><REACH who="3" step="1"/><G24/><REACH who="3" ten="91,191,263,445" step="2"/><T121/><D121/><U107/><E107/><V51/><F133/><W62/><G62/><T61/><D61/><U58/><E25/><V126/><F126/><W73/><G73/><T111/><D111/><U106/><E106/><V89/><F60/><W96/><G96/><AGARI ba="3,1" hai="22,26,30,36,43,44,96,97" m="46175,43115" machi="96" ten="30,1000,0" yaku="11,1" doraHai="34" who="0" fromWho="3" sc="91,29,191,0,263,0,445,-19" /><INIT seed="4,0,0,1,2,44" ten="120,191,263,426" oya="0" hai0="13,75,128,76,17,88,9,49,102,69,124,130,18" hai1="87,0,79,94,118,34,114,97,20,3,64,30,42" hai2="80,115,83,55,25,133,103,61,29,104,2,14,90" hai3="65,127,110,56,113,54,109,27,1,107,89,35,57"/><T26/><D124/><U24/><E118/><V45/><F2/><W32/><G1/><T38/><D38/><U8/><E64/><V116/><F115/><W78/><G107/><T105/><D69/><U37/><E114/><V50/><F133/><W23/><G78/><T51/><D102/><U123/><E123/><V131/><F131/><N who="0" m="50218" /><D105/><U43/><E34/><V86/><F116/><W31/><G35/><T71/><D71/><U52/><E37/><V101/><F104/><W46/><G32/><T62/><D62/><U33/><E33/><V119/><F119/><W12/><G127/><T73/><D88/><N who="1" m="55495" /><E3/><V100/><F61/><W63/><G89/><T67/><D67/><U48/><E8/><V11/><F80/><W66/><G113/><T125/><D125/><U93/><E0/><V60/><F60/><W135/><G66/><T92/><D92/><U22/><E22/><N who="2" m="15543" /><F103/><W85/><G109/><T40/><D40/><U95/><E95/><V28/><F28/><W98/><G110/><T16/><D76/><U7/><E7/><AGARI ba="0,0" hai="7,11,14,45,50,55,83,86,90,100,101" m="15543" machi="7" ten="30,2000,0" yaku="8,1,52,1" doraHai="44" who="2" fromWho="1" sc="120,0,191,-20,263,20,426,0" /><INIT seed="5,0,0,1,0,1" ten="120,171,283,426" oya="1" hai0="16,50,120,39,12,57,74,134,75,111,13,68,131" hai1="54,93,0,29,61,25,69,94,129,46,104,118,85" hai2="128,15,28,3,133,123,86,53,2,60,62,27,122" hai3="116,92,78,31,108,56,38,19,88,70,105,58,48"/><U52/><E118/><V76/><F128/><W90/><G108/><T73/><D131/><U65/><E129/><V80/><F133/><W126/><G38/><T114/><D134/><U100/><E0/><V23/><F2/><W125/><G70/><T22/><D111/><U44/><E104/><V81/><F3/><W98/><G78/><T67/><D39/><U8/><E8/><V113/><F113/><W103/><G116/><T30/><D114/><U63/><E93/><V51/><F81/><W5/><G31/><T127/><D127/><N who="3" m="48649" /><G5/><T36/><D36/><U37/><E63/><V132/><F15/><W96/><G19/><T21/><D120/><U89/><E100/><V91/><F91/><N who="3" m="34859" /><G48/><T112/><D112/><U77/><E77/><V106/><F106/><W95/><G95/><T115/><D115/><U35/><REACH who="1" step="1"/><E37/><REACH who="1" ten="120,161,283,426" step="2"/><V101/><F101/><AGARI ba="0,1" hai="56,58,92,96,98,101,103,105" m="34859,48649" machi="101" ten="30,2000,0" yaku="18,1,54,1" doraHai="1" who="3" fromWho="2" sc="120,0,161,0,283,-20,426,30" /><INIT seed="6,0,0,5,5,67" ten="120,161,263,456" oya="2" hai0="49,68,47,0,135,112,103,83,99,71,52,42,119" hai1="118,109,106,113,28,76,48,66,4,105,9,51,87" hai2="41,104,122,14,134,88,74,61,108,58,62,95,125" hai3="127,11,72,20,73,79,121,89,33,57,17,25,22"/><V35/><F104/><W30/><G121/><T85/><D0/><U36/><E36/><V98/><F74/><W16/><G11/><T46/><D112/><U123/><E109/><V13/><F35/><W50/><G127/><T129/><D129/><U133/><E118/><V29/><F29/><W93/><G33/><T97/><D135/><U38/><E38/><V54/><F108/><W24/><G79/><T101/><D119/><U124/><E133/><V80/><F122/><W44/><G57/><T82/><D42/><U39/><E39/><V120/><F120/><W116/><G30/><T102/><D46/><U81/><E105/><V43/><F80/><W2/><G2/><T21/><D21/><U132/><E106/><V40/><F125/><W64/><G64/><T37/><D37/><U128/><E124/><V69/><F134/><W126/><G116/><T55/><D55/><U32/><E32/><V94/><F69/><W130/><G130/><T19/><D19/><U53/><E113/><V100/><REACH who="2" step="1"/><F61/><REACH who="2" ten="120,161,253,456" step="2"/><W3/><G126/><T114/><D114/><U59/><E123/><V34/><F34/><W90/><G72/><T117/><D117/><U6/><E132/><V18/><F18/><W8/><G73/><T10/><D83/><U27/><E128/><V31/><F31/><W23/><G23/><T1/><D71/><U96/><E28/><V70/><F70/><W86/><G22/><T5/><D68/><U65/><E9/><V26/><F26/><W7/><G24/><T115/><D115/><U110/><E27/><V60/><F60/><W75/><G25/><RYUUKYOKU ba="0,1" sc="120,15,161,-15,253,15,456,-15" hai0="1,5,10,47,49,52,82,85,97,99,101,102,103" hai2="13,14,40,41,43,54,58,62,88,94,95,98,100" /><INIT seed="6,1,1,1,1,4" ten="135,146,268,441" oya="2" hai0="48,135,58,24,33,71,28,68,43,64,19,77,41" hai1="14,5,22,126,131,103,36,39,84,70,115,134,94" hai2="93,7,74,133,73,59,10,44,113,121,56,65,132" hai3="53,106,23,35,12,25,75,101,98,114,49,112,79"/><V15/><F113/><N who="3" m="43627" /><G35/><T119/><D135/><N who="2" m="51786" /><F121/><W95/><G79/><T102/><D119/><U1/><E1/><V129/><F129/><W11/><G75/><N who="2" m="28681" /><F65/><W66/><G66/><T55/><D77/><U99/><E115/><V87/><F44/><W69/><G69/><T110/><D110/><U50/><E70/><V8/><F8/><W45/><G106/><T38/><D102/><U125/><E134/><V21/><F21/><W124/><G124/><N who="1" m="47722" /><E131/><V109/><F109/><W120/><G120/><T123/><D123/><U82/><E50/><V40/><F40/><W31/><G12/><T60/><D71/><U108/><E108/><V116/><F116/><W111/><G111/><T89/><D19/><N who="1" m="10615" /><E5/><V63/><F63/><W13/><G13/><T32/><D32/><U9/><E9/><AGARI ba="1,1" hai="9,11,23,25,31,45,49,53,95,98,101" m="43627" machi="9" ten="30,7700,0" yaku="15,1,11,1,52,2" doraHai="4" who="3" fromWho="1" sc="135,0,146,-80,268,0,441,90" /><INIT seed="7,0,0,2,2,16" ten="135,66,268,531" oya="3" hai0="98,69,24,112,9,20,123,77,91,126,3,12,58" hai1="82,92,35,62,104,53,122,87,100,78,8,48,97" hai2="27,26,106,51,107,130,55,43,113,40,38,101,81" hai3="32,22,30,7,28,60,128,39,119,89,125,66,105"/><W74/><G89/><T88/><D123/><U117/><E122/><V132/><F55/><W72/><G7/><N who="0" m="3135" /><D69/><U86/><E117/><V10/><F10/><W33/><G60/><T94/><D3/><U18/><E35/><V57/><F101/><W99/><G99/><T90/><D126/><U36/><E36/><V63/><F63/><W4/><G30/><N who="0" m="17671" /><D112/><U95/><E62/><V135/><F51/><W131/><G66/><T73/><D73/><U64/><E64/><V133/><F57/><W108/><G28/><T80/><D77/><U115/><E115/><V103/><F103/><W75/><G4/><T76/><D76/><U68/><E68/><V23/><F113/><W5/><G5/><T50/><D80/><U59/><E8/><V93/><F93/><W134/><G22/><T110/><D110/><U13/><REACH who="1" step="1"/><E87/><REACH who="1" ten="135,56,268,531" step="2"/><V11/><F38/><W45/><G39/><T15/><D50/><U127/><E127/><V0/><F11/><W109/><G125/><T44/><D58/><U120/><E120/><V67/><F67/><W19/><G134/><T111/><D111/><U79/><E79/><V65/><F65/><W61/><G61/><T102/><D44/><U116/><E116/><V14/><F133/><W6/><G45/><T56/><D56/><U1/><E1/><V49/><F132/><W83/><G119/><T114/><D114/><U96/><E96/><V41/><F0/><W2/><G2/><T70/><D70/><U17/><E17/><V21/><F135/><W42/><G19/><T37/><D37/><U84/><E84/><V118/><F118/><RYUUKYOKU ba="0,1" sc="135,15,56,15,268,-15,531,-15" hai0="15,88,90,91,94,98,102" hai1="13,18,48,53,59,78,82,86,92,95,97,100,104" owari="150,-25.0,71,-43.0,253,5.0,526,63.0" /></mjloggm>