<mjloggm ver="2.3"><GO type="169" lobby="0"/><UN n0="%47%E3%83%A8%E9%BE%8D%E9%96%80" n1="%73%65%69%6C" n2="%E5%B0%B1%E6%B4%BB%E7%94%9F%40%E5%B7%9D%E6%9D%91%E8%BB%8D%E5%9B%A3" n3="%70%6F%74%61%6F%72%65" dan="17,17,18,16" rate="2186.35,2175.60,2301.24,2006.01" sx="M,M,M,M"/><TAIKYOKU oya="0"/><INIT seed="0,0,0,4,3,107" ten="250,250,250,250" oya="0" hai0="110,12,77,39,81,111,42,122,95,16,93,36,54" hai1="128,7,50,0,120,22,38,121,60,51,40,103,82" hai2="113,69,108,1,76,75,30,88,55,41,85,132,17" hai3="4,13,5,52,19,8,61,99,79,44,70,96,24"/><T66/><D122/><U104/><E128/><V114/><F1/><W90/><G79/><T53/><D66/><U125/><E125/><V80/><F69/><W31/><G70/><T37/><D42/><U43/><E103/><V46/><F108/><N who="0" m="41514" /><D95/><U56/><E104/><V27/><F17/><W134/><G134/><T127/><D93/><U126/><E126/><V9/><F55/><W118/><G118/><T115/><D115/><U64/><E22/><V92/><F9/><W57/><G44/><T83/><D83/><U48/><E82/><V129/><F132/><W124/><G124/><T102/><D102/><U63/><E7/><V59/><F59/><W84/><G4/><T112/><D112/><U123/><E0/><V71/><F71/><W10/><G5/><T35/><D35/><U105/><E105/><V15/><F15/><W49/><G8/><N who="0" m="6151" /><D127/><U101/><E101/><V131/><F131/><W47/><G24/><T78/><D78/><U86/><E86/><AGARI ba="0,0" hai="36,37,39,53,54,77,81,86" m="6151,41514" machi="86" ten="40,7700,0" yaku="14,1,10,1,54,1" doraHai="107" who="0" fromWho="1" sc="250,77,250,-77,250,0,250,0" /><INIT seed="0,1,0,0,0,36" ten="327,173,250,250" oya="0" hai0="135,58,7,119,21,134,125,97,5,111,34,10,82" hai1="15,91,124,104,27,11,48,113,130,77,51,121,41" hai2="109,131,72,76,94,96,74,116,57,89,63,108,132" hai3="29,39,128,53,25,2,13,16,4,18,8,80,99"/><T50/><D119/><U66/><E121/><V71/><F71/><W17/><G128/><T73/><D34/><U40/><E130/><V69/><F69/><W90/><G2/><T133/><D125/><U56/><E124/><V38/><F131/><W20/><G39/><T1/><D111/><N who="2" m="42570" /><F38/><W100/><G53/><N who="0" m="32055" /><D7/><N who="1" m="3583" /><E104/><V6/><F6/><W102/><REACH who="3" step="1"/><G99/><REACH who="3" ten="327,173,250,240" step="2"/><T46/><D97/><U22/><E113/><V127/><F127/><W26/><G26/><T98/><D98/><U65/><E77/><V129/><F76/><W105/><G105/><T14/><D1/><U44/><E91/><V45/><F129/><W95/><G95/><T115/><D115/><U43/><E44/><V30/><F45/><W55/><G55/><T49/><D82/><U62/><E65/><V68/><F94/><W123/><G123/><T31/><D134/><U52/><E66/><V35/><F89/><W67/><G67/><T59/><D133/><U107/><E107/><V24/><F132/><W32/><G32/><T117/><D135/><U114/><E114/><V60/><F96/><W12/><G12/><T88/><D88/><U87/><E87/><AGARI ba="1,1" hai="4,8,13,16,17,18,20,25,29,80,87,90,100,102" machi="87" ten="40,5200,0" yaku="1,1,8,1,54,1,53,0" doraHai="36" doraHaiUra="126" who="3" fromWho="1" sc="327,0,173,-55,250,0,240,65" /><INIT seed="1,0,0,0,1,83" ten="327,118,250,305" oya="1" hai0="131,36,92,66,120,58,43,45,28,6,10,48,31" hai1="1,87,16,5,109,73,122,14,33,135,59,133,30" hai2="49,25,17,35,129,115,118,84,51,0,134,81,100" hai3="63,86,117,57,88,11,114,99,38,8,2,110,50"/><U9/><E73/><V124/><F118/><W85/><G114/><T23/><D131/><U55/><E122/><V64/><F0/><W39/><G117/><T76/><D120/><U68/><E68/><V95/><F129/><W126/><G110/><T37/><D76/><U32/><E109/><V24/><F124/><W18/><G2/><T60/><D92/><U98/><E98/><N who="2" m="59487" /><F35/><W52/><G126/><T123/><D123/><U104/><E104/><V89/><F134/><N who="1" m="51209" /><E30/><V21/><F115/><W15/><G8/><T80/><D80/><U7/><E87/><N who="3" m="33290" /><G38/><T96/><D37/><U70/><E70/><V29/><F64/><W13/><G39/><T116/><D116/><U93/><E93/><V125/><F125/><W56/><G13/><T82/><D36/><U67/><E67/><V101/><F101/><W71/><G71/><T20/><D10/><N who="1" m="6231" /><E5/><V41/><F29/><W127/><G127/><T94/><D6/><U107/><E107/><V72/><F72/><W102/><G102/><N who="0" m="60695" /><D82/><U27/><E27/><V106/><F25/><W69/><G69/><T22/><AGARI ba="0,0" hai="20,22,23,28,31,43,45,48,58,60,66" m="60695" machi="22" ten="30,1100,0" yaku="8,1" doraHai="83" who="0" fromWho="0" sc="327,11,118,-5,250,-3,305,-3" /><INIT seed="2,0,0,5,0,52" ten="338,113,247,302" oya="2" hai0="64,83,37,25,106,125,12,33,35,49,121,32,82" hai1="84,120,18,132,36,53,111,105,131,94,86,81,43" hai2="80,3,58,62,69,61,22,122,8,27,21,70,100" hai3="30,114,85,47,44,129,73,9,5,40,113,104,2"/><V76/><F122/><W17/><G104/><T41/><D121/><U48/><E105/><V79/><F100/><W7/><G30/><T23/><D37/><U90/><E120/><V134/><F134/><W0/><G73/><T107/><D125/><U68/><E132/><V103/><F103/><W135/><G135/><T101/><D64/><U67/><E111/><V46/><F46/><W133/><G133/><T96/><D12/><U102/><E131/><V38/><F38/><W4/><G129/><T130/><D130/><U109/><E109/><V108/><F108/><W51/><G85/><T29/><REACH who="0" step="1"/><D107/><REACH who="0" ten="328,113,247,302" step="2"/><U24/><E67/><V97/><F70/><W89/><G0/><T55/><D55/><U87/><E68/><V10/><F3/><W66/><G2/><T124/><D124/><U42/><E36/><V45/><F69/><W126/><G66/><T117/><D117/><U123/><E123/><V50/><F10/><W56/><G126/><T112/><D112/><U16/><E53/><V13/><F13/><W127/><G127/><T77/><D77/><U19/><E43/><V28/><F8/><W20/><G40/><T92/><D92/><U128/><E128/><V95/><F79/><W6/><G114/><T39/><D39/><U65/><E65/><V78/><F76/><W116/><G113/><T34/><N who="0" m="8192" /><DORA hai="98" /><T57/><D57/><U15/><E15/><V72/><F58/><W74/><G56/><T75/><D75/><U26/><E42/><V110/><F110/><W118/><G74/><T99/><D99/><N who="1" m="59767" /><E48/><V1/><F50/><W11/><G118/><RYUUKYOKU ba="0,1" sc="328,15,113,15,247,-15,302,-15" hai0="23,25,29,41,49,82,83,96,101,106" hai1="16,18,19,24,26,81,84,86,87,90" /><INIT seed="3,1,1,2,0,133" ten="343,128,232,287" oya="3" hai0="67,7,72,31,88,43,59,61,25,115,58,48,101" hai1="13,20,52,33,23,68,76,30,127,28,79,45,100" hai2="124,109,42,102,119,62,22,74,64,135,29,21,104" hai3="37,11,44,60,84,82,92,114,38,99,24,71,34"/><W77/><G114/><T95/><D115/><U66/><E33/><V5/><F74/><W78/><G11/><T116/><D116/><U97/><E68/><V53/><F42/><W107/><G107/><T129/><D129/><U70/><E70/><V9/><F109/><W40/><G34/><T17/><D72/><U87/><E66/><V113/><F113/><W2/><G2/><T86/><D7/><U46/><E127/><V128/><F124/><W98/><G24/><T1/><D1/><U131/><E131/><V126/><F126/><W89/><G99/><T91/><D17/><U93/><E87/><V63/><F29/><N who="1" m="11369" /><E13/><V73/><F73/><W4/><G4/><T130/><D130/><U35/><E35/><V117/><F128/><W80/><G80/><T39/><D39/><U10/><E10/><V36/><F36/><W123/><G123/><T51/><D101/><U121/><E121/><V54/><F102/><W132/><G132/><T134/><D134/><U27/><E27/><V120/><F104/><W56/><G71/><T96/><D43/><U12/><E12/><V85/><F135/><W47/><G37/><T55/><D25/><U90/><E100/><V57/><F120/><W69/><G69/><T3/><D3/><U32/><E32/><V6/><F9/><W125/><G125/><T15/><D15/><U81/><E81/><V49/><F5/><W106/><G106/><T112/><D112/><U110/><E110/><V19/><F6/><W65/><REACH who="3" step="1"/><G44/><REACH who="3" ten="343,128,232,277" step="2"/><T14/><D14/><U108/><E46/><N who="2" m="27831" /><F119/><W94/><G94/><N who="0" m="56415" /><D31/><U50/><E108/><RYUUKYOKU ba="1,2" sc="343,10,128,10,232,-30,277,10" hai0="48,51,55,58,59,61,67,86,88,95" hai1="20,23,45,50,52,76,79,90,93,97" hai3="38,40,47,56,60,65,77,78,82,84,89,92,98" /><INIT seed="3,2,2,0,1,121" ten="353,138,202,287" oya="3" hai0="5,81,31,6,26,129,16,11,27,101,1,59,93" hai1="95,46,12,13,104,126,119,9,106,133,24,29,115" hai2="105,79,47,125,36,135,107,68,56,98,73,77,10" hai3="35,39,103,7,57,108,51,67,0,64,65,87,69"/><W76/><G35/><T48/><D129/><U116/><E115/><V23/><F23/><W61/><BYE who="2" /><G39/><T80/><D5/><U58/><E126/><V71/><F71/><W112/><G112/><T128/><D128/><UN n2="%E5%B0%B1%E6%B4%BB%E7%94%9F%40%E5%B7%9D%E6%9D%91%E8%BB%8D%E5%9B%A3" /><U54/><E133/><V22/><F68/><W52/><G103/><T3/><D3/><U63/><E95/><V43/><F135/><W94/><G108/><T37/><D37/><U109/><E109/><V40/><F40/><W85/><G85/><T66/><D16/><N who="1" m="8207" /><E13/><V50/><F10/><W88/><REACH who="3" step="1"/><G76/><REACH who="3" ten="353,138,202,277" step="2"/><T17/><D101/><U122/><E122/><V25/><F36/><W14/><G14/><T99/><D1/><U132/><E132/><V82/><F79/><W44/><G44/><T53/><D11/><AGARI ba="2,3" hai="0,7,11,51,52,57,61,64,65,67,69,87,88,94" machi="11" ten="40,7700,0" yaku="1,1,54,2,53,0" doraHai="121" doraHaiUra="38" who="3" fromWho="0" sc="353,-83,138,0,202,0,277,113" /><INIT seed="3,3,0,5,1,43" ten="270,138,202,390" oya="3" hai0="105,94,51,95,39,72,106,87,114,99,124,85,40" hai1="102,74,17,92,91,112,113,29,88,0,3,120,8" hai2="115,60,129,21,12,104,93,125,81,45,58,109,13" hai3="79,47,36,1,80,65,34,14,19,77,25,5,100"/><W4/><G100/><N who="0" m="60543" /><D39/><U66/><E120/><V98/><F104/><N who="0" m="40042" /><D51/><U15/><E74/><V82/><F109/><W23/><G65/><T20/><D20/><U108/><E108/><V9/><F125/><W38/><G34/><T2/><D40/><U18/><E66/><V55/><F129/><W119/><G119/><T68/><D68/><U52/><E29/><V6/><F115/><W48/><G1/><T46/><D46/><U118/><E118/><V57/><F45/><W73/><G79/><T42/><D42/><U7/><E102/><V62/><F21/><W28/><G4/><T11/><D124/><U83/><E0/><V33/><F13/><W22/><G5/><T89/><D11/><U10/><E17/><V123/><F123/><W96/><G96/><N who="0" m="57423" /><D2/><U67/><E67/><N who="2" m="39311" /><F33/><W26/><G26/><T121/><D121/><U50/><E112/><V111/><F111/><W128/><G128/><T53/><D53/><AGARI ba="3,0" hai="14,19,22,23,25,28,36,38,47,48,53,73,77,80" machi="53" ten="30,2900,0" yaku="7,1,52,1" doraHai="43" who="3" fromWho="0" sc="270,-38,138,0,202,0,390,38" /><INIT seed="3,4,0,0,4,98" ten="232,138,202,428" oya="3" hai0="29,14,81,33,72,0,76,3,59,110,5,46,23" hai1="22,113,91,62,119,96,128,21,43,106,17,92,52" hai2="8,111,27,107,73,51,57,54,120,79,34,101,36" hai3="56,105,67,38,65,44,129,118,103,77,63,16,97"/><W85/><G118/><T4/><D110/><U19/><E113/><V58/><F36/><W35/><G35/><T55/><D46/><U32/><E32/><V61/><F111/><W94/><G129/><T75/><D75/><U127/><E119/><V6/><F120/><W50/><G38/><T70/><D70/><U10/><E128/><V126/><F126/><W18/><G65/><T1/><D33/><U7/><E127/><V131/><F131/><W28/><G28/><T109/><D109/><U31/><E43/><V64/><F79/><W37/><G37/><T108/><D108/><U93/><E106/><V86/><F86/><W60/><G60/><T95/><D95/><U24/><E93/><V26/><F73/><W122/><G122/><T132/><D132/><U69/><E22/><V45/><F58/><W135/><G135/><T112/><D112/><U84/><E84/><V13/><REACH who="2" step="1"/><F34/><REACH who="2" ten="232,138,192,428" step="2"/><W30/><G77/><T2/><N who="0" m="0" /><DORA hai="47" /><T133/><D133/><U117/><E117/><V124/><F124/><W71/><G56/><T115/><D115/><U125/><E125/><V74/><F74/><W42/><G71/><T68/><D68/><U87/><E87/><V88/><F88/><W90/><G85/><T83/><D83/><U11/><E69/><V102/><F102/><W66/><G90/><T121/><D121/><U114/><E114/><V99/><AGARI ba="4,1" hai="6,8,13,26,27,45,51,54,57,61,64,99,101,107" machi="99" ten="30,7900,0" yaku="1,1,0,1,52,2,53,0" doraHai="98,47" doraHaiUra="104,80" who="2" fromWho="2" sc="232,-24,138,-24,192,101,428,-43" /><INIT seed="4,0,0,2,2,56" ten="208,114,293,385" oya="0" hai0="4,9,5,102,75,116,104,78,20,46,30,119,35" hai1="55,93,71,61,10,24,95,80,17,22,112,126,43" hai2="120,1,2,32,31,11,23,77,21,0,118,68,51" hai3="54,70,86,28,103,53,100,76,94,40,18,39,7"/><T81/><D20/><N who="2" m="7754" /><F68/><W64/><G7/><T134/><D4/><U91/><E126/><V69/><F69/><W52/><G28/><T124/><D46/><U127/><E127/><V42/><F77/><W109/><G18/><T79/><D134/><U114/><E43/><V129/><F51/><W135/><G109/><T125/><D78/><U96/><E10/><V50/><F50/><W111/><G111/><T130/><D130/><U98/><E80/><V59/><F59/><W44/><G135/><T60/><D60/><U101/><REACH who="1" step="1"/><E71/><REACH who="1" ten="208,104,293,385" step="2"/><V73/><F42/><W84/><G70/><T25/><D124/><U92/><E92/><V108/><F108/><W13/><G94/><T133/><D125/><U123/><E123/><V115/><F120/><W67/><G40/><T128/><D133/><U12/><E12/><V66/><F2/><W63/><G13/><T45/><D128/><U38/><E38/><V16/><F11/><W99/><G39/><T62/><D81/><U6/><E6/><V82/><F82/><W107/><G107/><T113/><D9/><U132/><E132/><V14/><F1/><W26/><G44/><T74/><D45/><U88/><E88/><V8/><F0/><W85/><G100/><T83/><D102/><U36/><E36/><V122/><F122/><W48/><G103/><T89/><D5/><U49/><E49/><V87/><F8/><W97/><G48/><T29/><D89/><U121/><E121/><V15/><F15/><W34/><G76/><T58/><D79/><U131/><E131/><V47/><F129/><W65/><G26/><RYUUKYOKU ba="0,1" sc="208,-10,104,30,293,-10,385,-10" hai1="17,22,24,55,61,91,93,95,96,98,101,112,114" /><INIT seed="5,1,1,0,4,113" ten="198,134,283,375" oya="1" hai0="73,70,10,52,66,128,78,100,99,44,56,76,36" hai1="82,135,83,72,89,16,22,53,14,105,37,4,79" hai2="130,119,75,20,131,49,15,107,88,50,26,30,24" hai3="112,84,94,32,35,41,38,42,60,55,58,85,91"/><U129/><E37/><V5/><F107/><W31/><G112/><T19/><D128/><N who="2" m="49194" /><F75/><W68/><G38/><T33/><D33/><U134/><E129/><V81/><F119/><W11/><G11/><T7/><D19/><U125/><E125/><V86/><F26/><W104/><G104/><T71/><D73/><U109/><E109/><V116/><F116/><W121/><G121/><T2/><D66/><U40/><E105/><V90/><F90/><W8/><G8/><AGARI ba="1,1" hai="5,8,15,20,24,30,49,50,81,86,88" m="49194" machi="8" ten="30,2000,0" yaku="19,1,54,1" doraHai="113" who="2" fromWho="3" sc="198,0,134,0,283,33,375,-23" /><INIT seed="6,0,0,1,2,48" ten="198,134,316,352" oya="2" hai0="47,101,4,36,79,26,43,85,129,37,86,52,96" hai1="99,66,91,8,115,73,130,55,122,77,30,106,109" hai2="14,46,50,34,102,78,82,62,92,87,1,7,118" hai3="58,110,84,121,123,71,40,80,60,11,65,135,24"/><V41/><F1/><W20/><G110/><T97/><D129/><U111/><E130/><V128/><F34/><W89/><G40/><T108/><D108/><U74/><E66/><V104/><F128/><W25/><G25/><T61/><D36/><U64/><E64/><V5/><F118/><W131/><G131/><T126/><D126/><U93/><E30/><V72/><F62/><W134/><G11/><T31/><D4/><U116/><E116/><V70/><F70/><W3/><G3/><T105/><D96/><U15/><E115/><V125/><F14/><W18/><REACH who="3" step="1"/><G71/><REACH who="3" ten="198,134,316,342" step="2"/><T114/><D114/><U27/><E111/><V28/><F28/><W57/><G57/><T119/><D119/><U42/><E109/><V112/><F112/><W29/><G29/><T120/><D31/><U94/><E42/><V76/><F125/><W98/><G98/><T9/><D26/><U45/><E27/><V6/><F6/><W44/><G44/><T33/><D9/><U12/><E8/><V35/><F35/><W107/><G107/><T23/><D33/><U32/><E32/><V69/><F69/><W39/><G39/><T51/><D37/><U53/><E106/><V124/><F124/><W16/><G16/><T2/><D2/><U67/><E45/><V13/><F13/><W17/><G17/><T83/><D23/><U38/><E38/><V95/><F104/><W0/><G0/><T22/><D22/><U113/><E113/><V117/><F117/><W133/><AGARI ba="0,1" hai="18,20,24,58,60,65,80,84,89,121,123,133,134,135" machi="133" ten="30,7900,0" yaku="1,1,0,1,20,1,53,1" doraHai="48" doraHaiUra="59" who="3" fromWho="3" sc="198,-20,134,-20,316,-39,342,89" /><INIT seed="7,0,0,2,3,47" ten="178,114,277,431" oya="3" hai0="66,94,0,90,43,79,89,38,99,83,117,80,17" hai1="113,50,100,135,123,51,68,130,35,109,122,1,41" hai2="71,125,114,40,96,86,4,19,132,95,37,30,53" hai3="116,34,12,13,20,76,84,101,5,85,110,88,111"/><W9/><G101/><T119/><D0/><U39/><RYUUKYOKU type="yao9" ba="0,0" sc="178,0,114,0,277,0,431,0" hai1="1,35,39,41,50,51,68,100,109,113,122,123,130,135" /><INIT seed="7,1,0,4,1,109" ten="178,114,277,431" oya="3" hai0="43,125,100,2,112,8,122,51,101,88,0,65,72" hai1="121,41,124,34,82,49,71,19,131,79,28,127,98" hai2="15,6,46,85,13,97,35,80,27,66,76,55,70" hai3="10,110,83,86,5,62,61,24,123,58,120,130,22"/><W16/><G130/><T31/><D65/><U106/><E121/><V39/><F70/><W36/><G36/><T128/><D72/><U117/><E131/><V50/><F39/><W134/><G62/><T108/><D0/><U92/><E117/><V64/><F35/><W12/><G110/><T23/><D31/><U14/><E71/><V114/><F114/><W32/><G32/><T40/><D2/><U90/><E106/><V69/><F69/><W57/><G57/><T68/><D43/><U96/><E34/><V9/><F27/><W89/><G134/><T26/><D40/><U44/><E28/><V77/><F77/><W113/><G113/><T30/><D30/><U84/><E124/><V133/><F133/><W42/><G42/><T53/><D108/><U47/><E127/><V56/><F97/><W87/><G87/><T74/><D74/><U18/><E44/><V48/><REACH who="2" step="1"/><F13/><REACH who="2" ten="178,114,267,431" step="2"/><W17/><G12/><T94/><D68/><U67/><E67/><V52/><AGARI ba="1,1" hai="6,9,15,46,48,50,52,55,56,64,66,76,80,85" machi="52" ten="20,12000,2" yaku="1,1,2,1,0,1,7,1,8,1,54,1,53,1" doraHai="109" doraHaiUra="7" who="2" fromWho="2" sc="178,-31,114,-31,267,133,431,-61" owari="147,-25.0,83,-42.0,400,50.0,370,17.0" /></mjloggm>