<mjloggm ver="2.3"><GO type="225" lobby="0"/><UN n0="%53%65%6E%61%72" n1="%E3%82%A6%E3%83%AB%E3%83%88%E3%83%A9%E7%AB%8B%E7%9B%B4" n2="%E9%8A%80%E3%81%B0%E3%81%95%E3%81%BF" n3="%E3%82%AD%E3%83%A0%E3%83%A9%E3%83%86" dan="17,17,17,16" rate="2124.56,2110.93,2121.02,2053.50" sx="M,M,M,M"/><TAIKYOKU oya="0"/><INIT seed="0,0,0,1,0,58" ten="250,250,250,250" oya="0" hai0="105,116,48,85,117,134,65,93,67,51,131,115,57" hai1="95,71,31,38,52,25,124,100,75,135,112,33,61" hai2="72,42,79,12,81,98,97,15,22,3,133,88,56" hai3="127,47,99,86,126,2,128,26,120,20,103,132,84"/><T45/><D115/><U50/><E75/><V8/><F133/><W122/><G2/><T123/><D105/><U40/><E100/><V94/><F3/><W130/><G47/><T113/><D113/><U55/><E95/><V19/><F42/><W59/><G59/><T111/><D123/><N who="3" m="47145" /><G132/><T91/><D134/><U62/><E55/><V10/><F56/><W82/><G20/><T53/><D131/><N who="3" m="50217" /><G26/><T70/><D111/><U118/><E62/><V13/><REACH who="2" step="1"/><F98/><REACH who="2" ten="250,250,240,250" step="2"/><W63/><G63/><T90/><D70/><U29/><E40/><V39/><F39/><W23/><G23/><T44/><D117/><U21/><E21/><V54/><F54/><W76/><G86/><N who="0" m="52439" /><D116/><U108/><E38/><V4/><F4/><W16/><G16/><T74/><D74/><U37/><E37/><V96/><F96/><W125/><G127/><T5/><D5/><U121/><E124/><V109/><F109/><W129/><G129/><T119/><D119/><U6/><E108/><V17/><F17/><W107/><AGARI ba="0,1" hai="76,82,84,99,103,107,125,126" m="50217,47145" machi="107" ten="40,8000,1" yaku="13,1,19,1,34,2" doraHai="58" who="3" fromWho="3" sc="250,-40,250,-20,240,-20,250,90" /><INIT seed="1,0,0,1,4,5" ten="210,230,220,340" oya="1" hai0="88,47,22,80,52,97,93,58,100,106,118,38,12" hai1="96,13,110,41,49,45,85,92,34,78,24,8,131" hai2="27,89,42,83,90,54,99,33,114,94,23,18,124" hai3="123,53,74,82,86,46,126,75,103,2,95,111,59"/><U129/><E110/><V119/><F119/><W70/><G70/><T113/><D118/><U109/><E109/><V17/><F124/><W104/><G46/><T4/><D113/><U101/><E24/><V91/><F114/><W134/><G2/><T121/><D121/><U72/><E72/><V35/><F42/><W30/><G30/><T16/><D4/><U132/><E34/><V98/><F54/><W63/><G123/><T28/><D28/><U43/><E43/><V40/><F40/><W128/><G104/><T127/><D127/><U0/><E0/><V69/><F69/><W68/><G68/><T26/><D38/><U108/><E108/><V10/><F83/><W77/><G126/><T21/><D47/><U120/><E120/><V6/><F18/><W73/><G111/><T44/><D44/><U79/><E132/><V65/><F65/><W67/><G128/><N who="1" m="49226" /><E85/><V135/><F135/><W19/><G134/><T130/><D130/><U107/><E107/><V55/><F55/><W3/><G3/><T15/><D22/><U66/><E66/><V56/><F56/><W9/><G67/><T112/><D112/><U62/><E62/><V61/><F61/><W11/><REACH who="3" step="1"/><G19/><AGARI ba="0,0" hai="8,13,19,41,45,49,78,79,92,96,101" m="49226" machi="19" ten="30,2900,0" yaku="19,1,52,1" doraHai="5" who="1" fromWho="3" sc="210,0,230,29,220,0,340,-29" /><INIT seed="1,1,0,1,2,128" ten="210,259,220,311" oya="1" hai0="50,108,85,38,32,86,14,73,84,131,7,10,105" hai1="5,0,122,8,70,37,77,112,22,49,101,92,3" hai2="120,98,30,87,26,102,103,94,13,20,123,34,65" hai3="109,71,43,63,2,82,1,99,29,110,6,113,31"/><U60/><E37/><V52/><F102/><W104/><G43/><T121/><D38/><U107/><E107/><V45/><F65/><N who="3" m="41407" /><G113/><T18/><D131/><U95/><E0/><N who="3" m="106" /><G6/><T59/><D108/><N who="3" m="41577" /><G82/><T16/><D105/><U132/><E95/><V124/><F124/><W33/><G33/><T40/><D121/><U35/><E35/><V53/><F87/><W54/><G54/><T19/><D32/><U76/><E92/><V114/><F114/><W58/><G58/><T44/><D73/><U64/><E101/><AGARI ba="1,0" hai="29,31,99,101,104" m="41577,106,41407" machi="101" ten="30,1000,0" yaku="14,1" doraHai="128" who="3" fromWho="1" sc="210,0,259,-13,220,0,311,13" /><INIT seed="2,0,0,4,4,101" ten="210,246,220,324" oya="2" hai0="38,3,129,81,0,73,91,10,52,2,133,43,44" hai1="63,76,98,93,64,71,42,7,79,82,36,14,9" hai2="33,131,88,60,45,17,111,15,35,126,97,11,104" hai3="19,4,46,115,47,135,41,29,94,120,58,92,56"/><V123/><F123/><W86/><G120/><T84/><D133/><U34/><E34/><V107/><F126/><W8/><G135/><T65/><D129/><U96/><E36/><V32/><F131/><W27/><G19/><T57/><D65/><U83/><E42/><V121/><F121/><W30/><G115/><T89/><D73/><U59/><E71/><V53/><F111/><W5/><G41/><T118/><D118/><U110/><E110/><V25/><F25/><W87/><G8/><T6/><REACH who="0" step="1"/><D91/><REACH who="0" ten="200,246,220,324" step="2"/><U74/><E93/><V28/><F28/><W128/><G128/><T78/><D78/><U54/><E64/><V132/><F132/><W109/><G109/><T67/><D67/><U16/><E7/><V124/><F124/><W80/><G5/><T1/><D1/><U100/><E100/><V40/><F88/><W105/><G4/><T134/><D134/><U70/><E70/><V66/><F53/><W95/><G95/><T49/><AGARI ba="0,1" hai="0,2,3,6,10,38,43,44,49,52,57,81,84,89" machi="49" ten="20,5200,0" yaku="1,1,0,1,7,1,54,1,53,0" doraHai="101" doraHaiUra="108" who="0" fromWho="0" sc="200,62,246,-13,220,-26,324,-13" /><INIT seed="3,0,0,1,3,86" ten="262,233,194,311" oya="3" hai0="13,92,17,113,31,69,23,22,81,102,96,55,15" hai1="48,50,43,6,72,84,59,97,21,46,71,2,98" hai2="122,47,73,125,24,42,115,101,103,61,56,32,99" hai3="78,35,114,83,85,44,10,53,12,121,5,33,60"/><W51/><G121/><T132/><D69/><U87/><E71/><V26/><F115/><W77/><G114/><T1/><D113/><U100/><E72/><V108/><F122/><W57/><G78/><T90/><D1/><U54/><E2/><V38/><F108/><W64/><AGARI ba="0,0" hai="5,10,12,33,35,44,51,53,57,60,64,77,83,85" machi="64" ten="20,2100,0" yaku="0,1,7,1" doraHai="86" who="3" fromWho="3" sc="262,-7,233,-7,194,-7,311,21" owari="255,6.0,226,-17.0,187,-31.0,332,42.0" /></mjloggm>