<mjloggm ver="2.3"><GO type="169" lobby="0"/><UN n0="%69%6E%66%6F%31%32%33" n1="%E8%90%8C%E3%81%88%E3%81%AE%E7%A5%9E" n2="%E3%83%88%E3%83%88%E3%83%AA%E5%85%88%E7%94%9F%31%39%E6%AD%B3" n3="%E2%98%85%E9%A2%A8%E3%81%AE%E8%B0%B7%E2%98%85" dan="16,16,18,16" rate="2102.82,2161.21,2273.10,2103.15" sx="M,F,F,M"/><TAIKYOKU oya="0"/><INIT seed="0,0,0,0,5,42" ten="250,250,250,250" oya="0" hai0="131,53,107,81,62,73,13,113,44,104,36,77,125" hai1="133,129,59,2,5,31,76,90,6,65,58,112,115" hai2="128,24,88,18,99,101,92,68,96,67,103,120,28" hai3="9,32,64,116,46,29,110,97,119,52,34,12,49"/><T23/><D113/><N who="1" m="43595" /><E129/><V48/><F120/><W124/><G110/><T105/><D131/><U25/><E133/><V14/><F128/><W91/><G124/><T10/><D125/><U4/><E76/><V122/><F122/><W132/><G132/><T95/><D23/><N who="1" m="15807" /><E90/><V66/><F68/><W40/><G64/><T71/><D95/><U33/><E33/><V102/><F99/><W108/><G108/><T56/><D71/><U130/><E130/><V93/><F93/><W70/><G70/><T94/><D94/><U26/><E26/><V8/><REACH who="2" step="1"/><F48/><REACH who="2" ten="250,250,240,250" step="2"/><W30/><G97/><T55/><D36/><U87/><E2/><V121/><F121/><W80/><G119/><T27/><D107/><U109/><E109/><V135/><F135/><W63/><G116/><T37/><D105/><U85/><E65/><V17/><F17/><N who="3" m="8335" /><G34/><AGARI ba="0,1" hai="8,14,18,24,28,34,66,67,88,92,96,101,102,103" machi="34" ten="40,5200,0" yaku="1,1,54,1,53,1" doraHai="42" doraHaiUra="86" who="2" fromWho="3" sc="250,0,250,0,240,62,250,-52" /><INIT seed="1,0,0,1,4,26" ten="250,250,302,198" oya="1" hai0="65,93,70,11,91,12,117,64,71,104,16,60,120" hai1="54,79,62,27,44,111,46,87,63,92,124,121,13" hai2="102,125,36,61,2,103,134,108,67,80,32,55,88" hai3="69,127,96,128,101,75,94,35,83,123,73,132,14"/><U89/><E121/><V50/><F2/><W56/><G69/><T24/><D117/><U18/><E124/><V57/><F36/><W110/><G123/><T10/><D120/><U131/><E131/><V129/><F129/><W34/><G128/><T114/><D104/><U9/><E111/><V0/><F0/><W1/><G1/><T29/><D114/><U43/><E79/><V30/><F125/><W58/><G110/><T77/><D77/><U100/><E100/><V85/><F108/><W113/><G113/><T33/><D65/><U116/><E116/><V42/><F42/><W84/><G127/><T28/><D28/><U107/><E107/><V133/><F30/><W48/><G75/><T8/><REACH who="0" step="1"/><D70/><REACH who="0" ten="240,250,302,198" step="2"/><U17/><E54/><V90/><F32/><W45/><G35/><T66/><D66/><U3/><E3/><V130/><F130/><W99/><G34/><T95/><D95/><U53/><E53/><V49/><F67/><W41/><G94/><T97/><AGARI ba="0,1" hai="8,10,11,12,16,24,29,33,60,64,71,91,93,97" machi="97" ten="20,8000,1" yaku="1,1,0,1,7,1,52,1,54,1,53,0" doraHai="26" doraHaiUra="52" who="0" fromWho="0" sc="240,90,250,-40,302,-20,198,-20" /><INIT seed="2,0,0,3,3,50" ten="330,210,282,178" oya="2" hai0="78,66,102,43,53,18,75,86,100,72,57,74,105" hai1="127,40,27,82,35,121,131,32,94,25,59,81,46" hai2="79,38,130,90,7,52,31,8,129,5,89,36,34" hai3="6,104,124,63,92,97,20,41,80,111,114,11,13"/><V56/><F79/><W71/><G111/><T24/><D66/><U76/><E127/><V28/><F34/><W54/><G124/><T17/><D43/><U23/><E131/><N who="2" m="50187" /><F31/><W109/><G109/><T67/><D67/><U99/><E121/><V0/><F28/><W98/><G114/><T103/><D105/><U69/><E69/><V64/><F7/><W3/><G104/><T47/><D47/><U14/><E59/><V106/><F106/><W126/><G126/><T110/><D110/><U60/><E60/><N who="2" m="35847" /><F64/><W16/><G71/><T120/><D120/><U83/><E76/><V95/><F90/><W135/><G135/><T112/><D112/><U33/><E33/><V122/><F122/><W58/><G41/><T21/><D18/><U39/><E35/><V118/><F118/><W96/><REACH who="3" step="1"/><G80/><REACH who="3" ten="330,210,282,168" step="2"/><T134/><D134/><U51/><E81/><V91/><F91/><AGARI ba="0,1" hai="3,6,11,13,16,20,54,58,63,91,92,96,97,98" machi="91" ten="30,8000,1" yaku="1,1,2,1,7,1,52,1,54,1,53,0" doraHai="50" doraHaiUra="37" who="3" fromWho="2" sc="330,0,210,0,282,-80,168,90" /><INIT seed="3,0,0,1,2,6" ten="330,210,202,258" oya="3" hai0="123,114,20,128,19,96,107,68,98,87,2,62,49" hai1="16,72,38,78,82,40,44,121,29,18,59,52,75" hai2="21,64,83,109,104,92,120,43,45,9,61,67,94" hai3="95,54,1,10,135,74,58,103,81,31,53,77,105"/><W101/><G105/><T28/><D123/><U17/><E121/><V14/><F104/><W86/><G135/><T116/><D116/><U32/><E29/><V34/><F34/><W71/><G71/><T60/><D2/><U108/><E32/><V125/><F120/><W25/><G54/><T93/><D28/><U33/><E33/><V50/><F109/><W56/><G56/><T36/><D36/><U47/><E47/><V70/><F125/><W5/><G95/><T111/><D107/><U102/><E102/><V23/><F67/><W115/><G115/><T46/><D111/><U110/><REACH who="1" step="1"/><E72/><REACH who="1" ten="330,200,202,258" step="2"/><V35/><F35/><W4/><G74/><T26/><D114/><U129/><E129/><V27/><F83/><W55/><G31/><T48/><D46/><U8/><E8/><V91/><F21/><W65/><G103/><T122/><D128/><U80/><E80/><V132/><F132/><W99/><G101/><T90/><D122/><U124/><E124/><V37/><F37/><W57/><G10/><T85/><D20/><U12/><E12/><V131/><F131/><W117/><G1/><T89/><D93/><U112/><E112/><V100/><F100/><W73/><G73/><T13/><D13/><U15/><E15/><V133/><F133/><W63/><G81/><T7/><D26/><U119/><E119/><V42/><F23/><W3/><G25/><T130/><D130/><U0/><E0/><V97/><F27/><W41/><G3/><T126/><D126/><U84/><E84/><V69/><F94/><W118/><G117/><T76/><D87/><RYUUKYOKU ba="0,1" sc="330,-10,200,30,202,-10,258,-10" hai1="16,17,18,38,40,44,52,59,75,78,82,108,110" /><INIT seed="4,1,1,1,4,51" ten="320,230,192,248" oya="0" hai0="52,76,8,99,124,32,33,5,13,96,84,97,1" hai1="27,34,105,81,47,41,85,75,87,101,68,107,80" hai2="16,0,24,71,100,114,77,57,18,2,37,133,108" hai3="135,42,23,4,125,82,31,39,10,53,92,67,50"/><T117/><D117/><U109/><E109/><V49/><F108/><W29/><G39/><T3/><D124/><U98/><E68/><V15/><F37/><W70/><G42/><T103/><D103/><U121/><E121/><V64/><F71/><W55/><G125/><T116/><D116/><U73/><E27/><V14/><F114/><W48/><G70/><T106/><D106/><N who="1" m="63799" /><E47/><V129/><F129/><W134/><G67/><T113/><D113/><U20/><E20/><V45/><F133/><N who="3" m="50699" /><G92/><T46/><D32/><U102/><E34/><V12/><F100/><W123/><G82/><N who="1" m="31850" /><E41/><V91/><F77/><W25/><G123/><T28/><D28/><U115/><E115/><V74/><F24/><W38/><G38/><T130/><D33/><U111/><E111/><V104/><F104/><N who="1" m="40009" /><E102/><V93/><F2/><N who="3" m="279" /><G31/><T43/><D43/><U72/><AGARI ba="1,1" hai="72,73,75,85,87" m="40009,31850,63799" machi="72" ten="40,8000,1" yaku="35,5" doraHai="51" who="1" fromWho="1" sc="320,-41,230,93,192,-21,248,-21" /><INIT seed="5,0,0,2,1,76" ten="279,323,171,227" oya="1" hai0="16,25,9,22,44,32,65,27,17,94,50,87,38" hai1="104,123,11,120,20,109,64,86,2,5,89,102,48" hai2="26,98,100,135,77,7,30,75,54,6,45,82,33" hai3="103,70,108,68,10,99,124,84,105,35,117,91,101"/><U41/><E109/><V55/><F135/><W73/><G35/><T46/><D38/><U18/><E64/><V107/><REACH who="2" step="1"/><F45/><REACH who="2" ten="279,323,161,227" step="2"/><W116/><G108/><T72/><D46/><U90/><E123/><V127/><F127/><W83/><G124/><T24/><D44/><U15/><E120/><V51/><F51/><W111/><G111/><T40/><D50/><U126/><E126/><V71/><F71/><W74/><G70/><T97/><D32/><U115/><E48/><V21/><F21/><W85/><G68/><T37/><D22/><U13/><E41/><V67/><F67/><W1/><G10/><T52/><D65/><U49/><E49/><V56/><F56/><W58/><G58/><T119/><D40/><U3/><E115/><V53/><AGARI ba="0,1" hai="6,7,26,30,33,53,54,55,75,77,82,98,100,107" machi="53" ten="30,4000,0" yaku="1,1,0,1,52,1,53,0" doraHai="76" doraHaiUra="47" who="2" fromWho="2" sc="279,-10,323,-20,161,50,227,-10" /><INIT seed="6,0,0,1,5,106" ten="269,303,211,217" oya="2" hai0="55,121,92,90,100,113,124,7,99,28,44,133,21" hai1="73,131,20,101,128,6,126,103,25,77,79,114,96" hai2="37,50,13,16,110,51,10,127,95,24,47,1,87" hai3="129,57,46,78,30,36,88,35,34,65,14,122,26"/><V74/><F74/><W32/><G122/><T130/><D121/><U23/><E6/><V43/><F127/><W135/><G135/><T15/><D133/><U39/><E39/><V105/><F105/><W67/><G129/><N who="1" m="49738" /><E126/><V63/><F110/><W59/><G78/><N who="1" m="29706" /><E114/><V42/><F1/><W41/><G14/><T75/><D113/><U120/><E120/><V80/><F95/><W60/><G88/><T61/><D124/><U58/><E73/><V4/><F63/><AGARI ba="0,0" hai="26,30,32,34,35,36,41,46,57,59,60,63,65,67" machi="63" ten="40,1300,0" yaku="9,1" doraHai="106" who="3" fromWho="2" sc="269,0,303,0,211,-13,217,13" /><INIT seed="7,0,0,0,2,11" ten="269,303,198,230" oya="3" hai0="81,71,73,40,29,25,18,117,50,4,108,94,2" hai1="95,113,6,101,68,65,72,22,103,56,27,109,3" hai2="100,127,7,115,64,126,12,36,105,85,32,8,130" hai3="42,31,35,34,57,41,78,51,46,76,125,116,97"/><W134/><G116/><T74/><D108/><U45/><E109/><V16/><F36/><W119/><G119/><T66/><D117/><U1/><E72/><V102/><F32/><W26/><G134/><T99/><D81/><U129/><E68/><V23/><F115/><W107/><G125/><N who="2" m="47625" /><F105/><W106/><G35/><T62/><D4/><U53/><E6/><V84/><F130/><W123/><G123/><T114/><D2/><U110/><E1/><N who="2" m="111" /><F64/><W67/><G42/><T39/><D39/><U44/><E3/><V120/><F120/><W30/><G30/><T90/><D114/><U96/><E65/><V79/><F79/><W69/><G69/><T61/><D18/><N who="1" m="12759" /><E113/><V47/><F47/><N who="1" m="17993" /><E110/><V88/><F84/><W82/><G78/><T83/><D73/><U112/><E112/><V111/><F111/><W118/><G97/><T10/><D74/><U37/><E37/><V52/><F52/><W92/><G92/><AGARI ba="0,0" hai="12,16,23,85,88,92,100,102" m="111,47625" machi="92" ten="30,7700,0" yaku="18,1,52,1,54,2" doraHai="11" who="2" fromWho="3" sc="269,0,303,0,198,77,230,-77" owari="269,-13.0,303,40.0,275,8.0,153,-35.0" /></mjloggm>