<mjloggm ver="2.3"><GO type="169" lobby="0"/><UN n0="%E3%83%88%E3%83%88%E3%83%AA%E5%85%88%E7%94%9F%31%39%E6%AD%B3" n1="%E5%8F%A3%E3%83%9E%E3%83%BC%E3%83%AA%E3%82%AA" n2="%E3%83%A2%E3%83%A1%E3%83%B3%E3%83%9E%E3%82%B9%E3%83%86%E3%82%A3%E3%83%95" n3="%E3%82%88%E3%81%A4%E3%81%B0%E3%81%A8%EF%BC%81" dan="18,16,17,17" rate="2296.83,2116.94,2197.95,2189.97" sx="F,F,M,F"/><TAIKYOKU oya="0"/><INIT seed="0,0,0,3,4,42" ten="250,250,250,250" oya="0" hai0="51,134,110,80,26,109,38,58,98,66,28,129,111" hai1="12,112,22,57,89,3,47,82,87,94,103,59,71" hai2="120,116,43,32,83,41,79,36,52,107,53,106,85" hai3="64,75,14,21,8,74,56,76,35,118,97,49,124"/><T104/><D38/><U105/><E71/><V45/><F120/><W30/><G35/><T90/><D129/><U40/><E3/><V24/><F116/><W17/><G118/><T114/><D114/><U46/><E105/><V69/><F69/><W127/><G97/><T23/><D134/><U100/><E40/><V73/><F43/><W67/><G76/><T62/><D51/><U34/><E34/><V86/><F107/><W81/><G81/><T31/><D80/><U4/><E112/><V130/><F106/><W13/><G67/><T9/><D9/><N who="1" m="4135" /><E22/><V0/><F0/><W133/><G133/><T61/><D62/><U11/><E11/><V18/><F130/><W5/><G30/><N who="0" m="17759" /><D90/><U78/><E78/><V44/><F53/><W92/><G92/><T6/><D6/><U55/><E59/><V102/><F102/><AGARI ba="0,0" hai="28,31,58,61,66,98,102,104,109,110,111" m="17759" machi="102" ten="30,2900,0" yaku="14,1,10,1" doraHai="42" who="0" fromWho="2" sc="250,29,250,0,250,-29,250,0" /><INIT seed="0,1,0,4,0,113" ten="279,250,221,250" oya="0" hai0="5,119,39,104,23,43,65,57,93,83,40,92,124" hai1="87,61,79,35,25,78,117,98,47,2,77,42,49" hai2="55,114,94,18,91,21,76,67,13,44,106,8,100" hai3="122,56,32,27,74,28,80,86,90,89,103,48,62"/><T121/><D121/><U34/><E2/><V129/><F114/><W17/><G103/><T51/><D104/><U108/><E98/><V19/><F129/><W52/><G74/><T109/><D39/><U24/><E87/><V133/><F133/><W3/><G3/><T118/><D5/><U85/><E85/><V123/><F123/><W26/><G122/><T41/><D83/><U16/><E108/><V130/><F130/><W31/><G17/><T54/><D109/><U46/><E61/><V50/><F76/><W29/><G90/><T58/><D23/><U102/><E102/><V128/><F128/><W116/><G116/><N who="0" m="44587" /><D93/><U111/><E111/><V10/><F67/><N who="3" m="39367" /><G32/><T38/><D92/><U37/><E117/><V0/><F0/><W15/><G15/><T81/><D81/><U115/><E115/><V7/><F106/><W96/><G96/><T127/><D38/><U59/><E35/><V9/><F100/><W4/><G4/><T11/><D11/><N who="2" m="4170" /><F21/><W45/><AGARI ba="1,0" hai="26,27,28,29,31,45,48,52,80,86,89" m="39367" machi="45" ten="30,2000,0" yaku="8,1,54,1" doraHai="113" who="3" fromWho="3" sc="279,-11,250,-6,221,-6,250,23" /><INIT seed="1,0,0,3,0,112" ten="268,244,215,273" oya="1" hai0="56,107,57,113,39,77,46,45,98,30,108,33,15" hai1="100,88,67,8,55,16,128,66,53,81,89,44,2" hai2="42,41,133,50,87,43,96,124,59,63,86,18,83" hai3="105,23,103,17,9,104,68,99,90,74,25,118,61"/><U13/><E2/><V4/><F133/><W3/><G74/><T135/><D113/><U95/><E128/><V32/><F32/><W69/><G105/><T51/><D135/><U54/><E44/><V106/><F124/><W93/><G61/><T58/><D108/><U72/><E100/><V92/><F106/><W84/><REACH who="3" step="1"/><G118/><REACH who="3" ten="268,244,215,263" step="2"/><T121/><D107/><U7/><E72/><V111/><F111/><W82/><G82/><T14/><D121/><U26/><E81/><V117/><F117/><W10/><G10/><T22/><D39/><U6/><E26/><V38/><F38/><W109/><G109/><T80/><D80/><U52/><N who="1" m="13312" /><DORA hai="131" /><U12/><E89/><V1/><F83/><W114/><G114/><T20/><D77/><U102/><E102/><V62/><F62/><W24/><G24/><T71/><D51/><U36/><E36/><V28/><F50/><W123/><G123/><T40/><D45/><U101/><E101/><V37/><F37/><W70/><G70/><T132/><D71/><U116/><E116/><V115/><F63/><W127/><G127/><T120/><D120/><U19/><E7/><AGARI ba="0,1" hai="3,7,9,17,23,25,68,69,84,90,93,99,103,104" machi="7" ten="40,1300,0" yaku="1,1,53,0" doraHai="112,131" doraHaiUra="122,134" who="3" fromWho="1" sc="268,0,244,-13,215,0,263,23" /><INIT seed="2,0,0,1,4,64" ten="268,231,215,286" oya="2" hai0="110,7,32,33,134,71,43,74,0,42,92,63,20" hai1="66,114,87,1,68,118,15,22,129,72,107,58,103" hai2="131,48,133,27,69,125,60,52,115,79,82,113,88" hai3="101,94,4,102,54,31,117,17,116,65,55,80,119"/><V21/><F133/><W38/><G38/><T28/><D74/><U56/><E118/><V62/><F131/><W29/><G4/><T104/><D104/><U23/><E114/><V78/><F125/><W93/><G65/><T130/><D130/><U45/><E72/><V36/><F36/><W135/><G80/><T35/><D110/><U95/><E1/><V99/><F79/><W98/><G17/><T25/><D134/><U2/><E2/><V123/><F123/><W57/><G135/><T112/><D112/><U83/><E45/><V108/><F108/><W85/><G55/><T96/><D63/><U76/><E107/><V50/><F50/><W16/><G16/><T53/><D53/><U30/><E68/><V12/><F12/><W37/><G37/><T100/><REACH who="0" step="1"/><D71/><REACH who="0" ten="258,231,215,286" step="2"/><U124/><E129/><V24/><F69/><W49/><G54/><T106/><D106/><U61/><E124/><V77/><F115/><W3/><G117/><T39/><D39/><U14/><E58/><N who="2" m="33031" /><F113/><W128/><G57/><T5/><D5/><U59/><E59/><V105/><F105/><W40/><G119/><T13/><D13/><U75/><E75/><V132/><F132/><W41/><G116/><T67/><D67/><U70/><E70/><V19/><F27/><W9/><G128/><T73/><D73/><U89/><E15/><V109/><F109/><W6/><G3/><T47/><D47/><U86/><E14/><V84/><F78/><W120/><G6/><T111/><D111/><U34/><E103/><V10/><F10/><AGARI ba="0,1" hai="0,7,10,20,25,28,32,33,35,42,43,92,96,100" machi="10" ten="40,1300,0" yaku="1,1,53,0" doraHai="64" doraHaiUra="122" who="0" fromWho="2" sc="258,23,231,0,215,-13,286,0" /><INIT seed="3,0,0,0,1,99" ten="281,231,202,286" oya="3" hai0="6,80,28,4,29,108,120,101,52,58,126,25,91" hai1="131,0,59,43,15,122,47,20,87,89,65,78,95" hai2="60,104,76,41,105,23,110,30,3,133,31,38,94" hai3="114,64,54,9,118,123,96,42,34,61,48,111,127"/><W112/><G118/><T12/><D120/><U103/><E0/><V49/><F38/><W22/><G123/><T44/><D108/><U85/><E122/><V17/><F110/><W75/><G34/><T10/><D126/><U56/><E131/><V14/><F133/><W32/><G32/><T115/><D115/><U72/><E72/><V83/><F3/><W79/><G111/><T45/><D101/><U88/><E78/><V92/><F105/><W1/><G42/><T134/><D4/><U5/><E65/><V93/><F104/><W19/><G127/><T102/><D102/><U2/><E2/><V53/><F60/><W70/><G96/><T62/><D134/><U26/><E103/><V35/><F41/><W124/><G124/><T109/><D109/><U107/><E107/><V13/><F13/><W63/><G63/><T46/><D25/><U86/><E15/><V37/><F37/><W97/><G97/><T36/><D36/><U11/><E11/><V84/><REACH who="2" step="1"/><F35/><REACH who="2" ten="281,231,192,286" step="2"/><W55/><G1/><T128/><D128/><U73/><E43/><V71/><F71/><W113/><G70/><T67/><D67/><U130/><E26/><V7/><F7/><W8/><G64/><T125/><D125/><U18/><E5/><V82/><F82/><N who="3" m="45439" /><G114/><T77/><REACH who="0" step="1"/><D91/><REACH who="0" ten="271,231,192,286" step="2"/><U57/><E89/><V100/><F100/><W51/><G113/><T117/><D117/><U50/><E88/><V121/><F121/><W33/><G112/><T16/><D16/><U132/><E132/><V21/><F21/><W24/><G22/><T74/><AGARI ba="0,2" hai="6,10,12,28,29,44,45,46,52,58,62,74,77,80" machi="74" ten="30,4000,0" yaku="1,1,0,1,54,1,53,0" doraHai="99" doraHaiUra="66" who="0" fromWho="0" sc="271,60,231,-10,192,-10,286,-20" /><INIT seed="4,0,0,5,5,90" ten="331,221,182,266" oya="0" hai0="54,97,109,60,16,0,81,27,21,30,40,83,121" hai1="65,35,124,26,53,84,34,23,20,127,37,17,118" hai2="57,56,73,32,19,100,36,67,47,33,5,131,106" hai3="94,115,95,15,50,108,48,123,63,1,89,10,122"/><T31/><D121/><N who="3" m="46089" /><G108/><T99/><D0/><U24/><E37/><V134/><F73/><W107/><G1/><T43/><D109/><U3/><E65/><V101/><F5/><N who="3" m="3535" /><G107/><T133/><D133/><U76/><E53/><V59/><F134/><W22/><G115/><T87/><D81/><U69/><E69/><V46/><F131/><W92/><G89/><N who="0" m="51455" /><D31/><U130/><E84/><V102/><F106/><W51/><G22/><N who="0" m="15735" /><D54/><U9/><E76/><V7/><F7/><W29/><G29/><T18/><D18/><N who="1" m="12311" /><E118/><V70/><F19/><W93/><N who="3" m="23552" /><DORA hai="119" /><W105/><G105/><T116/><D116/><U86/><E130/><V14/><F32/><N who="1" m="12329" /><E86/><V11/><F33/><W13/><G13/><N who="0" m="9359" /><D99/><U103/><E103/><V28/><F102/><W132/><G132/><T49/><D97/><U6/><AGARI ba="0,0" hai="3,6,9,17,23,26,124,127" m="12329,12311" machi="6" ten="30,2000,0" yaku="34,2" doraHai="90,119" who="1" fromWho="1" sc="331,-10,221,20,182,-5,266,-5" /><INIT seed="5,0,0,3,0,109" ten="321,241,177,261" oya="1" hai0="36,113,58,32,53,111,81,91,43,135,112,17,47" hai1="35,125,1,82,128,7,80,15,119,123,126,23,21" hai2="45,11,56,76,12,132,115,122,13,59,127,26,51" hai3="50,16,66,116,72,65,20,14,105,5,3,38,41"/><U19/><E123/><V110/><F122/><W121/><G105/><T103/><D111/><U68/><E68/><V49/><F110/><W18/><G121/><T98/><D135/><U106/><E106/><V118/><F118/><W0/><G72/><T129/><D32/><U55/><E119/><V6/><F132/><W71/><G38/><T94/><D129/><U69/><E69/><V29/><F127/><N who="1" m="48649" /><E35/><V92/><F115/><N who="0" m="44106" /><D17/><U40/><E40/><V2/><F49/><W31/><G31/><T52/><D58/><U108/><E108/><V93/><F76/><W88/><G5/><T89/><D89/><U28/><E55/><V85/><F56/><W90/><G0/><T107/><D81/><U34/><E23/><V67/><F59/><W130/><G3/><T86/><AGARI ba="0,0" hai="36,43,47,52,53,86,91,94,98,103,107" m="44106" machi="86" ten="30,8000,1" yaku="15,1,52,3,54,1" doraHai="109" who="0" fromWho="0" sc="321,80,241,-40,177,-20,261,-20" /><INIT seed="6,0,0,3,0,48" ten="401,201,157,241" oya="2" hai0="6,81,91,106,1,94,128,118,12,15,93,65,41" hai1="85,56,120,121,37,20,95,55,45,18,36,123,3" hai2="78,122,100,2,105,110,53,21,75,74,92,67,83" hai3="113,50,111,40,134,13,87,28,80,66,33,14,125"/><V103/><F122/><W77/><G111/><T96/><D106/><U116/><E3/><V22/><F110/><W89/><G125/><T32/><D32/><U54/><E116/><V26/><F2/><W102/><G102/><T9/><D128/><U38/><E45/><V70/><F105/><W44/><G134/><T71/><D118/><U69/><E69/><V7/><F7/><W76/><G66/><T42/><D81/><U39/><N who="1" m="9216" /><DORA hai="119" /><U29/><E29/><V99/><F103/><W51/><G113/><T17/><D1/><U132/><E132/><V68/><F21/><W135/><G135/><T84/><D65/><U63/><E85/><V107/><F107/><W62/><G62/><T46/><D46/><U101/><E95/><V126/><F126/><W34/><G50/><T115/><D71/><U19/><E101/><V108/><F108/><W31/><G33/><T130/><D130/><U82/><E82/><V114/><F114/><W10/><G14/><T11/><D115/><U35/><E35/><V23/><F23/><W8/><G8/><T86/><D86/><U5/><E5/><V59/><F67/><W4/><G34/><T112/><D112/><U25/><E19/><N who="2" m="12639" /><F75/><W72/><G72/><T104/><D104/><U98/><E98/><V57/><F57/><W61/><G28/><T109/><D109/><U79/><E79/><V88/><F100/><AGARI ba="0,0" hai="6,9,11,12,15,17,41,42,84,91,93,94,96,100" machi="100" ten="30,2000,0" yaku="7,1,8,1" doraHai="48,119" who="0" fromWho="2" sc="401,20,201,0,157,-20,241,0" /><INIT seed="7,0,0,3,3,20" ten="421,201,137,241" oya="3" hai0="28,100,125,29,109,1,34,46,70,25,118,42,19" hai1="54,58,6,69,4,107,86,106,95,80,12,93,84" hai2="3,63,111,116,115,55,71,117,104,23,119,33,99" hai3="13,30,53,133,113,114,65,102,40,121,101,32,51"/><W61/><G121/><T17/><D118/><U94/><E69/><V31/><F111/><W24/><G40/><T82/><D109/><U92/><N who="1" m="23552" /><DORA hai="18" /><U135/><E135/><V73/><F73/><W131/><G131/><T48/><D70/><U91/><E86/><V37/><F37/><W103/><G133/><T26/><D1/><U108/><E108/><V123/><F3/><W10/><G61/><T110/><D110/><U129/><E129/><V128/><F128/><W112/><G65/><T22/><D125/><U43/><E43/><V14/><F123/><W50/><REACH who="3" step="1"/><G53/><REACH who="3" ten="421,201,137,231" step="2"/><T77/><D100/><U47/><E47/><V2/><F119/><W72/><G72/><AGARI ba="0,1" hai="17,19,22,25,26,28,29,34,42,46,48,72,77,82" machi="72" ten="30,7700,0" yaku="7,1,52,3" doraHai="20,18" who="0" fromWho="3" sc="421,87,201,0,137,0,231,-77" owari="508,61.0,201,0.0,137,-36.0,154,-25.0" /></mjloggm>