<mjloggm ver="2.3"><GO type="169" lobby="0"/><UN n0="%E5%A4%9C%E6%98%8E%E6%A5%93" n1="%E3%82%A6%E3%83%AB%E3%83%88%E3%83%A9%E7%AB%8B%E7%9B%B4" n2="%E9%A7%84%E5%A6%B9" n3="%55%4E%4B%4F%63%68%61%6E" dan="16,17,17,18" rate="2078.83,2211.27,2229.29,2198.25" sx="M,M,F,M"/><TAIKYOKU oya="0"/><INIT seed="0,0,0,5,0,111" ten="250,250,250,250" oya="0" hai0="8,51,114,59,123,22,18,20,93,54,40,15,77" hai1="78,116,86,80,124,119,131,25,0,14,134,27,89" hai2="48,127,120,31,118,122,4,84,43,45,49,64,29" hai3="16,108,57,79,128,39,107,41,106,32,17,72,94"/><T75/><D123/><U11/><E0/><V112/><F127/><W82/><G108/><T63/><D114/><U81/><E124/><V68/><F112/><W62/><G128/><T74/><D93/><U135/><E131/><V65/><F4/><W10/><G32/><T99/><D99/><U42/><E42/><V95/><F95/><W33/><G33/><T35/><D35/><U110/><E110/><V38/><F84/><W3/><G94/><T47/><D77/><U129/><E129/><V12/><F12/><W76/><G76/><T67/><D74/><U2/><E2/><V109/><F109/><W88/><G88/><T56/><REACH who="0" step="1"/><D75/><REACH who="0" ten="240,250,250,250" step="2"/><U70/><E78/><V1/><F122/><W85/><G72/><T96/><D96/><U125/><E125/><V53/><F120/><W61/><G79/><T66/><D66/><U23/><E86/><V30/><F65/><W36/><G85/><T113/><D113/><U130/><E81/><V44/><F118/><W7/><G82/><T115/><D115/><U21/><E80/><V71/><F64/><W83/><G83/><T69/><D69/><U91/><E70/><V50/><F71/><W9/><G106/><T28/><D28/><U55/><E130/><V121/><F68/><W73/><G107/><T6/><D6/><U87/><E87/><V97/><F97/><W58/><G73/><T100/><D100/><U98/><E98/><V133/><F121/><W13/><G7/><T104/><D104/><U117/><E119/><V60/><F29/><W92/><G92/><T52/><D52/><U103/><E55/><RYUUKYOKU ba="0,1" sc="240,30,250,-10,250,-10,250,-10" hai0="8,15,18,20,22,40,47,51,54,56,59,63,67" /><INIT seed="0,1,1,1,3,52" ten="270,240,240,240" oya="0" hai0="117,90,8,49,66,102,121,77,105,74,44,31,39" hai1="111,15,42,3,127,129,70,120,18,95,59,34,61" hai2="89,97,114,47,17,103,30,45,32,21,96,80,88" hai3="14,107,79,98,12,85,108,33,37,25,29,73,119"/><T76/><D117/><U84/><E70/><V23/><F114/><W109/><G119/><T4/><D121/><U125/><E3/><V134/><F134/><W123/><G37/><T116/><D116/><U46/><E34/><V99/><F32/><W27/><G73/><T11/><D31/><U51/><E120/><V86/><F103/><N who="3" m="62967" /><G27/><T112/><D112/><U93/><E111/><N who="3" m="42570" /><G123/><T132/><D132/><U0/><E0/><V94/><F30/><W69/><G69/><T41/><D90/><U64/><E129/><V7/><F7/><W53/><G53/><T40/><D11/><U50/><E50/><V106/><F106/><W75/><G75/><T54/><D66/><U9/><REACH who="1" step="1"/><E84/><REACH who="1" ten="270,230,240,240" step="2"/><N who="2" m="52519" /><F23/><W110/><G110/><T2/><D40/><U130/><E130/><V135/><F135/><W72/><G72/><T78/><D105/><U6/><E6/><V38/><F38/><W92/><G33/><T57/><D102/><U81/><E81/><AGARI ba="1,2" hai="2,4,8,39,41,44,49,54,57,74,76,77,78,81" machi="81" ten="40,7700,0" yaku="25,2,52,1" doraHai="52" who="0" fromWho="1" sc="270,100,230,-80,240,0,240,0" /><INIT seed="0,2,0,1,1,123" ten="370,150,240,240" oya="0" hai0="104,79,0,86,38,102,61,7,65,132,21,108,59" hai1="81,109,90,111,134,70,47,117,67,5,107,118,37" hai2="75,28,20,26,105,1,56,9,94,66,88,42,120" hai3="84,11,53,103,45,29,48,76,80,129,114,113,32"/><T52/><D132/><U78/><E107/><V31/><F120/><W91/><G129/><T14/><D38/><U64/><E90/><V110/><F105/><W27/><G103/><T16/><D0/><U82/><E5/><V112/><F75/><W33/><G33/><T97/><D7/><U96/><E96/><V12/><F1/><W57/><G76/><T25/><D108/><N who="1" m="41547" /><E134/><V73/><F73/><W62/><REACH who="3" step="1"/><G11/><REACH who="3" ten="370,150,240,230" step="2"/><T18/><D79/><U121/><E121/><V17/><F110/><W22/><G22/><T71/><D86/><N who="1" m="48439" /><E82/><V58/><F112/><W131/><G131/><T24/><REACH who="0" step="1"/><D18/><REACH who="0" ten="360,150,240,230" step="2"/><U63/><E67/><AGARI ba="2,2" hai="27,29,32,45,48,53,57,62,67,80,84,91,113,114" machi="67" ten="30,2000,0" yaku="1,1,7,1,53,0" doraHai="123" doraHaiUra="124" who="3" fromWho="1" sc="360,0,150,-26,240,0,230,46" /><INIT seed="1,0,0,2,0,131" ten="360,124,240,276" oya="1" hai0="50,90,134,70,86,40,116,110,35,37,11,3,62" hai1="108,26,48,129,81,56,130,79,27,54,28,102,83" hai2="128,82,22,104,75,15,114,72,109,61,78,91,36" hai3="31,122,123,0,1,98,24,121,112,9,97,30,74"/><U7/><E108/><V68/><F36/><W85/><G74/><T87/><D116/><U118/><E118/><V120/><F104/><W88/><G112/><T44/><D110/><U94/><E7/><V33/><F33/><W132/><G132/><T100/><D35/><U25/><E28/><V66/><F120/><W60/><G60/><T41/><D134/><U124/><E124/><V23/><F128/><W105/><G9/><T103/><D87/><U8/><E8/><V10/><F72/><W57/><G57/><T67/><D41/><U34/><E34/><V13/><F13/><W19/><G19/><T55/><D11/><U16/><E16/><V43/><F43/><W101/><G97/><T73/><D73/><U4/><E4/><V119/><F114/><W39/><G39/><T46/><D3/><U12/><E12/><V127/><F127/><W125/><G125/><T49/><D37/><U96/><REACH who="1" step="1"/><E83/><AGARI ba="0,0" hai="40,44,46,49,50,55,62,67,70,83,86,90,100,103" machi="83" ten="30,1000,0" yaku="7,1" doraHai="131" who="0" fromWho="1" sc="360,10,124,-10,240,0,276,0" /><INIT seed="2,0,0,4,2,24" ten="370,114,240,276" oya="2" hai0="57,78,73,134,11,49,135,39,119,63,53,28,117" hai1="6,69,32,66,85,107,132,27,42,87,26,121,129" hai2="43,2,88,130,23,101,55,16,64,61,111,25,116" hai3="52,67,41,91,128,133,72,18,50,106,75,51,82"/><V120/><F116/><N who="0" m="44618" /><D28/><U71/><E6/><V76/><F120/><W60/><G106/><T79/><D11/><U100/><E42/><V70/><F2/><W96/><G128/><T125/><D73/><U89/><E132/><N who="0" m="50729" /><D125/><U33/><E66/><V90/><F130/><W56/><G133/><T115/><D115/><U22/><E22/><V40/><F101/><W68/><G18/><T7/><D7/><U81/><E89/><V30/><F76/><N who="0" m="29226" /><D39/><U46/><E81/><V109/><F55/><W123/><G123/><T4/><D4/><U38/><E38/><V94/><F30/><W5/><G5/><T114/><D114/><U47/><E129/><V95/><F90/><W13/><G13/><T126/><D126/><U10/><E100/><V45/><F95/><W110/><G82/><T0/><D63/><U77/><E77/><V54/><F109/><W14/><G110/><T74/><D74/><U17/><E121/><V124/><F111/><W92/><G14/><T93/><D93/><U102/><E102/><V3/><F3/><AGARI ba="0,0" hai="0,3,49,53,57" m="29226,50729,44618" machi="3" ten="40,2600,0" yaku="12,1,20,1" doraHai="24" who="0" fromWho="2" sc="370,26,114,0,240,-26,276,0" /><INIT seed="3,0,0,0,4,34" ten="396,114,214,276" oya="3" hai0="118,24,5,12,20,86,104,49,79,96,76,18,50" hai1="106,122,124,45,14,55,65,25,31,119,69,77,81" hai2="88,117,41,46,42,102,44,105,72,87,60,30,115" hai3="15,9,28,114,131,59,22,62,92,10,57,52,33"/><W74/><G114/><T84/><D104/><U6/><E122/><V82/><F115/><W125/><G74/><T100/><D118/><U4/><E124/><V107/><F117/><W19/><G125/><T16/><D5/><U23/><E106/><V93/><F30/><W126/><G126/><T37/><D37/><U94/><E119/><V26/><F26/><W130/><G33/><T27/><D100/><U127/><E65/><V58/><F44/><W61/><G92/><T101/><D101/><U47/><E69/><V132/><F132/><W91/><G91/><T3/><D96/><U2/><E2/><V53/><F41/><W13/><G28/><T63/><D63/><U48/><E127/><V99/><REACH who="2" step="1"/><F72/><REACH who="2" ten="396,114,204,276" step="2"/><W8/><REACH who="3" step="1"/><G15/><REACH who="3" ten="396,114,204,266" step="2"/><T116/><D116/><U90/><E14/><V120/><F120/><W95/><G95/><T54/><D12/><U111/><E94/><V68/><F68/><W109/><G109/><T17/><D24/><U110/><E111/><V85/><F85/><W128/><G128/><T35/><D27/><U7/><E110/><V66/><F66/><AGARI ba="0,2" hai="8,9,10,13,19,22,52,57,59,61,62,66,130,131" machi="66" ten="40,3900,0" yaku="1,1,54,1,53,0" doraHai="34" doraHaiUra="123" who="3" fromWho="2" sc="396,0,114,0,204,-39,266,59" /><INIT seed="3,1,0,3,3,33" ten="396,114,165,325" oya="3" hai0="6,59,13,35,92,26,89,10,44,81,38,52,19" hai1="15,99,133,20,115,77,28,27,116,122,51,107,83" hai2="103,114,54,79,11,110,18,48,87,128,101,4,73" hai3="106,102,74,66,46,23,67,131,82,75,39,119,34"/><W93/><G34/><T96/><D38/><U22/><E115/><V64/><F114/><W0/><G106/><T98/><D44/><U9/><E122/><V91/><F110/><W17/><G119/><T58/><D81/><U132/><E116/><V108/><F108/><W7/><G93/><T8/><D59/><U2/><E51/><V100/><F73/><W60/><G102/><T95/><D35/><U129/><E129/><V123/><F123/><W85/><G131/><T57/><D57/><U55/><E55/><V41/><F64/><W120/><G66/><T40/><D40/><U30/><E99/><V69/><F69/><W29/><G29/><T126/><D126/><U25/><E107/><V61/><F61/><W113/><G46/><T1/><D26/><U14/><E83/><V127/><F41/><W21/><G39/><T124/><D124/><U3/><E77/><V88/><F18/><W84/><G17/><T43/><D43/><U12/><E9/><V112/><F112/><W49/><G120/><T42/><D42/><U5/><E5/><V47/><F127/><W72/><G7/><T37/><D37/><U111/><E111/><V80/><REACH who="2" step="1"/><F128/><REACH who="2" ten="396,114,155,325" step="2"/><W65/><G113/><T125/><D125/><U117/><E117/><V104/><F104/><W71/><G72/><T135/><D6/><U16/><E16/><V76/><F76/><W31/><G74/><T63/><D19/><U109/><E109/><V90/><F90/><W78/><G75/><T134/><D89/><U45/><E45/><V32/><F32/><W36/><G78/><T70/><D70/><RYUUKYOKU ba="1,1" sc="396,-15,114,15,155,15,325,-15" hai1="2,3,12,14,15,20,22,25,27,28,30,132,133" hai2="4,11,47,48,54,79,80,87,88,91,100,101,103" /><INIT seed="4,2,1,0,0,122" ten="381,129,170,310" oya="0" hai0="8,85,77,20,58,52,119,40,65,129,108,30,102" hai1="1,14,39,60,61,43,55,116,131,19,51,71,100" hai2="112,44,86,41,66,67,72,28,110,25,47,91,31" hai3="70,59,3,2,76,98,134,135,99,56,121,118,103"/><T105/><D119/><U18/><E1/><V117/><F72/><W133/><G118/><T87/><D65/><U124/><E116/><V127/><F117/><W34/><G121/><T68/><D68/><U107/><E71/><V6/><F110/><W128/><G128/><T104/><D108/><U24/><E124/><V97/><F127/><W93/><G70/><T123/><D123/><U109/><E109/><V63/><F112/><W74/><G34/><T96/><D129/><U23/><E131/><V84/><F6/><W111/><G111/><T9/><D40/><U101/><E43/><V90/><F97/><W132/><G132/><T16/><D30/><U120/><E39/><V15/><F15/><W83/><G98/><T26/><D104/><U46/><E120/><V10/><F41/><W57/><AGARI ba="2,1" hai="2,3,56,57,59,74,76,83,93,99,103,133,134,135" machi="57" ten="40,2700,0" yaku="0,1,20,1" doraHai="122" who="3" fromWho="3" sc="381,-15,129,-9,170,-9,310,43" /><INIT seed="5,0,0,3,3,93" ten="366,120,161,353" oya="1" hai0="12,94,81,117,89,128,10,112,7,38,50,31,127" hai1="121,84,15,99,103,63,3,72,85,70,110,48,98" hai2="27,54,88,39,80,51,77,18,87,19,75,24,56" hai3="118,102,130,133,90,36,34,83,30,49,124,46,13"/><U126/><E3/><V97/><F39/><W42/><G124/><T11/><D127/><U22/><E72/><V52/><F54/><W1/><G1/><T76/><D117/><U2/><E2/><V40/><F40/><W122/><G122/><T105/><D38/><U5/><E121/><V21/><F75/><W79/><G118/><T17/><D105/><U101/><E126/><V64/><F64/><W104/><G133/><T91/><D31/><U45/><E110/><V44/><F44/><W131/><G90/><T123/><D123/><U53/><E70/><V116/><F116/><W43/><G13/><T68/><D68/><U96/><E63/><V95/><F27/><N who="3" m="18783" /><G49/><T57/><D112/><U60/><E60/><V6/><F6/><W125/><G43/><T37/><D37/><U78/><E78/><V58/><F56/><W120/><G120/><T66/><D94/><U62/><E62/><V119/><F119/><W86/><G125/><T71/><D71/><U106/><E5/><V74/><F74/><W111/><G111/><T33/><D33/><U29/><E29/><AGARI ba="0,0" hai="18,19,21,24,29,51,52,58,77,80,87,88,95,97" machi="29" ten="30,8000,1" yaku="7,1,8,1,52,1,54,2" doraHai="93" who="2" fromWho="1" sc="366,0,120,-80,161,80,353,0" /><INIT seed="6,0,0,5,5,19" ten="366,40,241,353" oya="2" hai0="130,84,6,49,95,121,135,0,125,111,106,9,13" hai1="22,38,50,76,48,105,63,93,118,79,29,89,119" hai2="91,100,53,62,42,98,31,24,37,115,112,21,51" hai3="102,8,41,99,104,25,129,114,46,117,45,85,14"/><V133/><BYE who="1" /><F91/><W70/><G117/><UN n1="%E3%82%A6%E3%83%AB%E3%83%88%E3%83%A9%E7%AB%8B%E7%9B%B4" /><T73/><D49/><U72/><E38/><V134/><F62/><W69/><G129/><T65/><D65/><U90/><E63/><V120/><F42/><W67/><G114/><N who="2" m="43561" /><F37/><W96/><G85/><T54/><D54/><U113/><E29/><V127/><F120/><W75/><G75/><T74/><D121/><U36/><E113/><V40/><F40/><W94/><G25/><T35/><D111/><U109/><E36/><V122/><F127/><W55/><G55/><T26/><D125/><U12/><E109/><V28/><F28/><W56/><G56/><T39/><D39/><U2/><E50/><V110/><F122/><W52/><G52/><T33/><D106/><U107/><E48/><V1/><F1/><W61/><G69/><T57/><D57/><U18/><E2/><V7/><F7/><W88/><G41/><T77/><D130/><U34/><E90/><V44/><F110/><W81/><G81/><T83/><D0/><U15/><E89/><V20/><F20/><W108/><G108/><T5/><D5/><AGARI ba="0,0" hai="5,8,14,45,46,61,67,70,88,94,96,99,102,104" machi="5" ten="30,2000,0" yaku="7,1,54,1" doraHai="19" who="3" fromWho="0" sc="366,-20,40,0,241,0,353,20" /><INIT seed="7,0,0,1,4,66" ten="346,40,241,373" oya="3" hai0="104,134,1,44,128,52,13,73,17,109,3,12,47" hai1="6,70,14,90,131,10,63,39,23,37,21,129,88" hai2="91,2,79,106,64,60,34,38,36,69,30,115,54" hai3="127,107,83,122,117,16,95,26,61,84,111,112,62"/><W56/><G107/><T42/><D73/><U32/><E32/><V110/><F91/><W59/><G117/><T96/><D104/><U81/><E14/><V100/><F110/><W124/><G122/><T4/><D109/><U118/><E10/><V58/><F79/><N who="3" m="46207" /><G111/><T113/><D134/><U24/><E24/><V87/><F87/><W11/><G112/><T71/><D71/><U8/><E63/><N who="3" m="24074" /><G95/><T133/><D133/><U67/><E8/><V46/><F2/><W119/><G119/><T72/><D72/><U101/><E118/><V75/><F75/><W121/><G121/><T108/><D128/><U102/><E81/><V77/><F77/><W15/><G26/><T97/><D108/><U80/><E80/><V51/><F115/><W85/><G85/><T120/><D120/><U68/><REACH who="1" step="1"/><E67/><REACH who="1" ten="346,30,241,373" step="2"/><V19/><F34/><W49/><G49/><N who="0" m="26775" /><D113/><U76/><E76/><V40/><F19/><W130/><G130/><T53/><D1/><U105/><E105/><V93/><F106/><W31/><G31/><T45/><D3/><U35/><E35/><V135/><F135/><W116/><G116/><T29/><D12/><U33/><E33/><V57/><F30/><W86/><G86/><T27/><D27/><U65/><E65/><N who="2" m="41127" /><F93/><W28/><G28/><T99/><D29/><U123/><E123/><V126/><F64/><W25/><G25/><T55/><D4/><AGARI ba="0,1" hai="4,6,21,23,37,39,68,70,88,90,101,102,129,131" machi="4" ten="25,12000,2" yaku="1,1,22,2,52,2,54,1,53,0" doraHai="66" doraHaiUra="132" who="1" fromWho="0" sc="346,-120,30,130,241,0,373,0" owari="226,-17.0,160,-34.0,241,4.0,373,47.0" /></mjloggm>