<mjloggm ver="2.3"><GO type="169" lobby="0"/><UN n0="%E3%81%A8%E3%83%BC%E3%82%84%E3%82%93" n1="%64%33%76%64%72" n2="%E3%82%A6%E3%83%AB%E3%83%88%E3%83%A9%E7%AB%8B%E7%9B%B4" n3="%46%41%4D" dan="16,17,18,16" rate="2135.40,2174.54,2208.46,2141.52" sx="M,M,M,M"/><TAIKYOKU oya="0"/><INIT seed="0,0,0,2,3,96" ten="250,250,250,250" oya="0" hai0="27,28,4,128,44,19,25,81,23,120,73,80,17" hai1="34,0,16,15,60,87,69,110,85,134,65,2,39" hai2="106,37,8,47,74,45,57,31,51,11,67,76,114" hai3="52,63,88,115,133,102,122,83,33,118,75,58,18"/><T22/><D120/><U78/><E39/><V99/><F114/><W9/><G115/><T127/><D128/><U46/><E34/><V94/><F106/><W12/><G122/><T104/><D127/><U26/><E134/><V90/><F37/><W121/><G121/><T42/><D4/><U109/><E46/><V105/><F31/><W107/><G33/><T91/><D104/><U135/><E26/><V86/><F67/><W30/><G30/><T93/><D28/><U24/><E24/><V132/><F57/><W40/><G118/><T131/><D73/><U53/><E53/><V130/><F132/><W100/><G107/><T54/><D54/><U61/><E61/><V50/><F130/><W123/><G133/><T108/><D131/><U103/><E135/><V112/><F112/><W32/><G32/><T6/><D6/><U66/><E66/><V126/><F126/><W92/><G40/><T3/><D3/><U125/><E125/><V71/><F71/><W117/><G117/><T41/><D108/><N who="1" m="41579" /><E103/><N who="3" m="39466" /><G123/><T116/><D116/><U98/><E98/><V56/><F99/><N who="3" m="57735" /><G75/><T7/><D42/><U124/><E124/><V95/><F74/><W64/><G64/><T68/><D68/><U62/><E2/><V101/><F105/><W1/><G1/><T79/><D41/><U29/><E0/><V49/><F101/><W72/><G72/><T129/><D129/><U111/><E111/><V59/><F86/><N who="1" m="32777" /><E69/><V36/><F36/><W20/><G83/><T84/><D80/><U70/><E70/><V38/><F38/><W14/><G14/><T77/><D81/><RYUUKYOKU ba="0,0" sc="250,-10,250,-10,250,-10,250,30" hai3="9,12,18,20,52,58,63" /><INIT seed="1,1,0,2,5,62" ten="240,240,240,280" oya="1" hai0="6,91,74,66,85,71,17,3,101,57,112,44,43" hai1="60,45,25,124,130,31,11,50,126,134,88,19,109" hai2="21,117,28,58,16,2,39,129,33,132,98,93,125" hai3="10,119,102,114,7,14,76,105,73,80,27,69,46"/><U86/><E134/><V52/><F117/><W8/><G119/><T108/><D112/><U107/><E107/><V67/><F39/><W48/><G69/><T49/><D74/><U96/><E96/><V65/><F2/><W90/><G114/><T68/><D101/><U32/><E130/><V54/><F125/><W12/><G27/><T56/><D56/><U70/><E109/><V9/><F129/><W106/><G90/><T78/><D78/><U79/><E79/><V87/><F87/><W84/><G102/><T5/><D108/><U97/><E97/><V34/><F34/><W95/><G95/><T89/><D91/><U128/><E128/><V81/><F33/><W92/><G92/><T53/><D3/><U100/><E100/><N who="2" m="60495" /><F81/><W47/><G47/><T13/><D71/><U113/><E113/><V59/><F9/><W35/><G35/><T36/><D85/><U51/><E126/><V23/><F28/><W38/><G38/><T63/><D89/><U24/><E124/><V30/><F30/><W83/><G83/><T42/><D43/><U40/><E31/><V26/><F23/><AGARI ba="1,0" hai="5,6,13,17,23,36,42,44,49,53,57,63,66,68" machi="23" ten="30,7700,0" yaku="7,1,24,2,52,1" doraHai="62" who="0" fromWho="2" sc="240,80,240,0,240,-80,280,0" /><INIT seed="2,0,0,1,4,27" ten="320,240,160,280" oya="2" hai0="91,80,19,129,39,36,132,6,31,49,8,1,78" hai1="85,50,117,126,25,109,4,83,118,59,16,10,64" hai2="96,23,88,127,63,68,28,40,72,5,53,110,14" hai3="93,111,46,123,37,94,11,0,60,65,120,113,42"/><V114/><F114/><W131/><G113/><T76/><D129/><U26/><E126/><V121/><F121/><W103/><G131/><T9/><D132/><U7/><E109/><V134/><F72/><W57/><G111/><T62/><D49/><U61/><E118/><V43/><F110/><W20/><G0/><T106/><D106/><U29/><E25/><N who="2" m="16447" /><F68/><W21/><G11/><T95/><D62/><U15/><E50/><V47/><F134/><W34/><G34/><T135/><D76/><U17/><E4/><V89/><F127/><W30/><G20/><T92/><D95/><U124/><E117/><V44/><F5/><W67/><G67/><T48/><D48/><U84/><E124/><V77/><F77/><W24/><G94/><T82/><D80/><U56/><E56/><N who="2" m="35215" /><F14/><W112/><G112/><T119/><D135/><U133/><E133/><V115/><F115/><W41/><G42/><N who="2" m="15913" /><F96/><AGARI ba="0,0" hai="21,24,30,37,41,46,57,60,65,93,96,103,120,123" machi="96" ten="40,5200,0" yaku="25,2,52,1" doraHai="27" who="3" fromWho="2" sc="320,0,240,0,160,-52,280,52" /><INIT seed="3,0,0,2,1,59" ten="320,240,108,332" oya="3" hai0="48,53,84,14,31,20,3,127,126,89,86,81,35" hai1="11,30,50,98,46,108,116,125,134,96,120,42,1" hai2="67,103,131,75,128,40,111,8,13,23,25,0,88" hai3="58,79,93,4,91,117,60,114,52,28,109,27,24"/><W18/><G117/><T17/><D3/><U106/><E120/><V87/><F75/><W77/><G114/><T85/><D31/><U32/><E116/><V80/><F111/><W129/><G109/><T130/><D35/><U29/><E108/><V55/><F0/><W10/><G129/><T66/><D130/><U33/><E33/><V2/><F2/><W92/><G4/><T45/><D66/><U122/><E122/><V38/><F67/><W74/><G74/><T107/><D107/><U105/><E105/><V100/><F128/><W56/><G56/><T68/><D68/><U63/><E106/><V16/><F131/><W34/><G93/><T65/><D65/><U12/><E1/><V72/><F72/><W21/><REACH who="3" step="1"/><G10/><REACH who="3" ten="320,240,108,322" step="2"/><T124/><AGARI ba="0,1" hai="14,17,20,45,48,53,81,84,85,86,89,124,126,127" machi="124" ten="30,2000,0" yaku="0,1,18,1" doraHai="59" who="0" fromWho="0" sc="320,30,240,-5,108,-5,322,-10" /><INIT seed="4,0,0,2,5,12" ten="350,235,103,312" oya="0" hai0="71,79,5,57,38,11,95,86,116,31,70,1,53" hai1="59,40,115,50,13,18,120,91,2,56,37,63,92" hai2="106,117,58,126,19,54,98,26,66,42,129,17,114" hai3="108,135,78,8,61,105,89,132,133,51,124,46,94"/><T36/><D116/><U52/><E2/><V24/><F117/><W21/><G105/><T103/><D31/><U110/><E110/><V29/><F114/><W33/><G33/><T76/><D70/><U123/><E115/><V39/><F129/><W134/><G134/><T125/><D71/><U82/><E37/><V113/><F113/><W85/><G108/><T130/><D130/><U73/><E73/><V49/><F126/><W80/><G61/><T100/><D125/><U41/><E82/><V90/><F66/><W122/><G124/><T14/><D1/><U87/><E123/><V30/><F42/><N who="3" m="25047" /><G8/><T69/><D69/><U32/><E32/><V6/><F6/><W65/><G21/><T112/><D38/><U48/><E48/><V119/><F39/><W55/><G55/><T102/><D36/><U9/><E120/><V93/><F106/><W101/><G101/><T64/><D64/><AGARI ba="0,0" hai="9,13,18,40,41,50,52,56,59,63,64,87,91,92" machi="64" ten="30,7700,0" yaku="7,1,8,1,52,1,54,1" doraHai="12" who="1" fromWho="0" sc="350,-77,235,77,103,0,312,0" /><INIT seed="5,0,0,4,3,133" ten="273,312,103,312" oya="1" hai0="48,101,89,104,53,49,127,69,88,50,9,61,82" hai1="117,112,131,15,115,70,41,72,71,122,27,23,60" hai2="103,87,91,37,2,21,107,130,113,93,123,120,99" hai3="97,111,0,35,124,33,5,20,116,84,32,34,26"/><U6/><E122/><V51/><F37/><W10/><G97/><T47/><D104/><U67/><E117/><V28/><F2/><W73/><G73/><T135/><D101/><U22/><E72/><V55/><F130/><W109/><G84/><T75/><D135/><U25/><E131/><V94/><F113/><N who="1" m="43593" /><E71/><V39/><F39/><W90/><G90/><T56/><D69/><U132/><E132/><V108/><F108/><N who="3" m="41547" /><G35/><T114/><D114/><U134/><E134/><V36/><F36/><W126/><G116/><T64/><D75/><U78/><E41/><V18/><F107/><W13/><G0/><T14/><D89/><U98/><E78/><V77/><F77/><W79/><G79/><T65/><D64/><U92/><E23/><V3/><F3/><W38/><G38/><T85/><REACH who="0" step="1"/><D127/><REACH who="0" ten="263,312,103,312" step="2"/><N who="3" m="48681" /><G34/><T52/><D52/><U110/><E110/><V86/><F123/><W54/><G54/><T4/><AGARI ba="0,1" hai="4,9,14,47,48,49,50,53,56,61,65,82,85,88" machi="4" ten="20,8000,1" yaku="1,1,0,1,7,1,8,1,54,1,53,0" doraHai="133" doraHaiUra="102" who="0" fromWho="0" sc="263,90,312,-40,103,-20,312,-20" /><INIT seed="6,0,0,4,2,46" ten="353,272,83,292" oya="2" hai0="102,95,20,3,103,21,116,55,120,80,127,11,82" hai1="129,86,125,110,76,70,67,24,6,88,12,132,16" hai2="118,18,81,32,100,29,51,123,117,107,133,53,92" hai3="84,62,0,101,73,5,97,58,69,27,23,10,14"/><V15/><F123/><W105/><G69/><T7/><D116/><U34/><E110/><V56/><F107/><W93/><G73/><T4/><D120/><U72/><E72/><V78/><F133/><W94/><G84/><T1/><D95/><U45/><E76/><V44/><F32/><W38/><G38/><T109/><D11/><U35/><E132/><V115/><F29/><W42/><G42/><T26/><D26/><U43/><E6/><V64/><F115/><W22/><G0/><T119/><D55/><U79/><E79/><V122/><F122/><W63/><G63/><T52/><D52/><U8/><E70/><V121/><F121/><W41/><G41/><T104/><D119/><U135/><E67/><V87/><F100/><W131/><G27/><T77/><D77/><U40/><E40/><V49/><F92/><W50/><G62/><T33/><D33/><U85/><E85/><V60/><REACH who="2" step="1"/><F51/><REACH who="2" ten="353,272,73,292" step="2"/><W39/><G94/><T126/><D104/><U36/><E135/><V74/><F74/><W2/><G93/><T13/><D102/><U91/><E34/><V90/><F90/><W65/><G50/><T114/><D103/><U99/><E91/><V19/><F19/><W25/><G101/><T111/><D114/><U61/><E35/><V48/><F48/><W47/><G105/><T108/><D109/><U54/><E88/><V30/><F30/><W113/><G113/><T98/><D98/><U68/><E99/><V128/><F128/><W112/><G131/><T37/><D37/><U130/><E36/><V134/><F134/><W31/><G39/><RYUUKYOKU ba="0,1" sc="353,15,272,-15,73,15,292,-15" hai0="1,3,4,7,13,20,21,80,82,108,111,126,127" hai2="15,18,44,49,53,56,60,64,78,81,87,117,118" /><INIT seed="6,1,1,3,2,93" ten="368,257,88,277" oya="2" hai0="53,62,76,121,8,61,1,4,66,28,50,18,17" hai1="129,31,35,101,69,23,71,14,24,5,75,97,80" hai2="40,36,99,130,43,95,2,48,15,116,127,73,117" hai3="47,86,58,133,74,108,13,57,38,72,12,46,103"/><V134/><F2/><W78/><G103/><T19/><D121/><U3/><E129/><V37/><F73/><W126/><G86/><T109/><D109/><U119/><E119/><V33/><F33/><W82/><G108/><T52/><D28/><U87/><E75/><V83/><F83/><W67/><G67/><T107/><D107/><U59/><E3/><V32/><F32/><W68/><G68/><T110/><D76/><U64/><E5/><V104/><F104/><W63/><G63/><T16/><D110/><U85/><E85/><V111/><F111/><W124/><G38/><N who="2" m="14953" /><F130/><W94/><G94/><T42/><D42/><N who="2" m="15914" /><F127/><W100/><G100/><T91/><D53/><U44/><E14/><V114/><F114/><W115/><G82/><T131/><D131/><U79/><E35/><V51/><F134/><W96/><G133/><T9/><D66/><U54/><E64/><V21/><F117/><W135/><G135/><T39/><D39/><U89/><E79/><V84/><F84/><W70/><G78/><T41/><D41/><U65/><E65/><V30/><F116/><W81/><G81/><T120/><D91/><U112/><E112/><V7/><F7/><W29/><G115/><T22/><D9/><U92/><REACH who="1" step="1"/><E44/><REACH who="1" ten="368,247,88,277" step="2"/><V128/><F128/><W98/><G70/><T10/><D10/><U90/><E90/><N who="2" m="55799" /><F15/><W26/><G26/><T27/><D120/><U11/><E11/><V0/><F0/><W125/><G125/><T34/><D34/><U118/><E118/><V132/><F132/><W106/><G106/><T77/><D77/><U20/><E20/><RYUUKYOKU ba="1,2" sc="368,0,247,0,88,0,277,0" hai0="1,4,8,16,17,18,19,22,27,50,52,61,62" hai1="23,24,31,54,59,69,71,80,87,89,92,97,101" hai2="21,30,48,51" hai3="12,13,29,46,47,57,58,72,74,96,98,124,126" /><INIT seed="6,2,2,4,5,62" ten="368,247,88,277" oya="2" hai0="50,6,20,119,129,64,80,31,45,120,57,89,46" hai1="18,47,13,42,110,83,121,56,100,77,72,5,53" hai2="2,94,88,98,38,21,48,87,103,93,68,55,19" hai3="43,84,91,23,36,75,66,127,118,4,92,134,74"/><V0/><F38/><W58/><G118/><T85/><D120/><U90/><E110/><V54/><F68/><W108/><G108/><T81/><D119/><U12/><E121/><V61/><F61/><W107/><G107/><T37/><D6/><U39/><E100/><V49/><F48/><W102/><G102/><T28/><D129/><U52/><E56/><V34/><F34/><W82/><G23/><T40/><D20/><U44/><E44/><V35/><F35/><W25/><G25/><T116/><D116/><U73/><E73/><V33/><F33/><W101/><G134/><T29/><D80/><U22/><REACH who="1" step="1"/><E90/><REACH who="1" ten="368,237,88,277" step="2"/><V78/><F78/><W10/><G101/><T27/><D46/><U32/><E32/><V16/><F55/><W15/><G74/><T99/><D37/><U123/><E123/><V3/><REACH who="2" step="1"/><F21/><REACH who="2" ten="368,237,78,277" step="2"/><W60/><G36/><T130/><D40/><U104/><E104/><V128/><F128/><W132/><G43/><T133/><D130/><U86/><E86/><V11/><F11/><AGARI ba="2,4" hai="5,11,12,13,18,22,39,42,47,52,53,72,77,83" machi="11" ten="40,5200,0" yaku="1,1,54,1,53,1" doraHai="62" doraHaiUra="1" who="1" fromWho="2" sc="368,0,237,98,78,-58,277,0" /><INIT seed="7,0,0,1,5,63" ten="368,335,20,277" oya="3" hai0="77,22,112,11,1,101,90,127,88,44,134,111,13" hai1="115,31,8,29,36,75,125,124,99,24,55,132,102" hai2="26,57,129,39,5,67,103,49,70,76,82,133,6" hai3="15,0,51,100,87,21,4,3,59,23,95,32,89"/><W108/><G32/><T10/><D111/><U117/><E36/><V114/><F114/><W122/><G122/><T30/><D77/><U12/><E115/><V17/><F129/><W34/><G34/><T105/><D112/><U9/><E75/><V7/><F133/><W18/><G108/><T19/><D134/><U54/><E132/><V107/><F39/><W84/><G4/><T97/><D127/><U62/><E117/><V80/><F70/><W92/><G23/><T46/><D11/><U47/><E9/><V61/><F107/><W68/><G68/><T98/><D97/><U69/><E29/><V73/><F103/><W56/><G56/><T128/><D128/><U81/><E81/><V116/><F116/><W53/><REACH who="3" step="1"/><G100/><REACH who="3" ten="368,335,20,267" step="2"/><T58/><D58/><U118/><E118/><V135/><F135/><W25/><G25/><T130/><D130/><U64/><E125/><V126/><F126/><W109/><G109/><T93/><D1/><U91/><E124/><V38/><F38/><W33/><G33/><T52/><D22/><U14/><E24/><V120/><F120/><W123/><G123/><T50/><D30/><U71/><E71/><V43/><F26/><W119/><G119/><T104/><D46/><U16/><E31/><V35/><F35/><W96/><G96/><T113/><D113/><U66/><E47/><N who="2" m="25855" /><F17/><W78/><G78/><T131/><D131/><U110/><E110/><V27/><F27/><W45/><G45/><T72/><D72/><U106/><E102/><V85/><F73/><W42/><G42/><T121/><D121/><U74/><E69/><RYUUKYOKU ba="0,1" sc="368,10,335,-30,20,10,267,10" hai0="10,13,19,44,50,52,88,90,93,98,101,104,105" hai2="5,6,7,57,61,67,76,80,82,85" hai3="0,3,15,18,21,51,53,59,84,87,89,92,95" /><INIT seed="7,1,1,1,1,117" ten="378,305,30,277" oya="3" hai0="94,129,86,61,55,41,99,72,121,95,19,33,93" hai1="67,66,38,103,40,114,64,87,120,30,127,69,2" hai2="90,25,27,9,47,0,48,14,68,26,43,77,35" hai3="46,80,128,75,81,115,4,20,125,105,98,49,60"/><W70/><G128/><T101/><D121/><U131/><E2/><V22/><F68/><W78/><G125/><T124/><D72/><U110/><E30/><V102/><F102/><W12/><G115/><T10/><D33/><U24/><E103/><V54/><F0/><W109/><G81/><T116/><D116/><U6/><E24/><V59/><F35/><W34/><G34/><T76/><D41/><U32/><E32/><V83/><F90/><W135/><G109/><T82/><D129/><U126/><E6/><V112/><F112/><W23/><G135/><T16/><D124/><N who="1" m="47659" /><E114/><V13/><F13/><W28/><G98/><T118/><D118/><U73/><E73/><V15/><F15/><W113/><G105/><T53/><D10/><U31/><E31/><V17/><F59/><W132/><G132/><T74/><D93/><U89/><E131/><V8/><F54/><N who="0" m="20490" /><D74/><U62/><E110/><V1/><F1/><W58/><G70/><T50/><D95/><U44/><E120/><V45/><F45/><W104/><G104/><T42/><D61/><U71/><E69/><V5/><F9/><N who="3" m="4135" /><G113/><T97/><D99/><U65/><E87/><V63/><F63/><W85/><G28/><T106/><D106/><U52/><E52/><V122/><F122/><W96/><G96/><T134/><D134/><U56/><E71/><V51/><F51/><W79/><G79/><T91/><D76/><U11/><E89/><V3/><F3/><W88/><G88/><T36/><D36/><U111/><E111/><V119/><F119/><W108/><G108/><T29/><D29/><RYUUKYOKU ba="1,1" sc="378,10,305,10,30,10,277,-30" hai0="16,19,42,50,82,86,91,94,97,101" hai1="11,38,40,44,56,62,64,65,66,67" hai2="5,8,14,17,22,25,26,27,43,47,48,77,83" owari="398,49.0,315,12.0,40,-46.0,247,-15.0" /></mjloggm>