<mjloggm ver="2.3"><GO type="169" lobby="0"/><UN n0="%41%E3%82%86%E3%81%A3%E3%81%93%E3%82%93%E3%81%90" n1="%45%78%63%65%65%64%73" n2="%E3%82%A6%E3%83%AB%E3%83%88%E3%83%A9%E7%AB%8B%E7%9B%B4" n3="%42%49%47%42%4F%53%53" dan="17,16,16,16" rate="2127.11,2051.94,2161.39,2155.64" sx="M,M,M,M"/><TAIKYOKU oya="0"/><INIT seed="0,0,0,3,3,80" ten="250,250,250,250" oya="0" hai0="100,87,56,116,84,15,33,16,26,20,98,47,104" hai1="62,119,103,102,94,125,51,19,122,49,46,75,30" hai2="63,132,123,109,111,32,10,72,89,135,69,105,44" hai3="18,106,53,48,90,115,130,27,17,133,68,118,127"/><T93/><D116/><U124/><E122/><V113/><F10/><W34/><G68/><T37/><D104/><U96/><E75/><V88/><F32/><W52/><G115/><T36/><D33/><U126/><E119/><V54/><F72/><W5/><G118/><T120/><D120/><U1/><E1/><V59/><F105/><W128/><G106/><T9/><D56/><U77/><E30/><V12/><F12/><W101/><G101/><T28/><REACH who="0" step="1"/><D37/><REACH who="0" ten="240,250,250,250" step="2"/><U76/><E124/><V57/><F123/><W45/><G34/><T66/><D66/><U107/><E125/><V67/><F113/><W110/><G127/><T23/><D23/><U134/><E107/><V82/><F59/><W50/><G130/><T86/><D86/><U129/><E126/><V71/><F71/><W58/><G128/><T83/><D83/><U60/><E129/><V74/><F74/><W29/><G58/><T39/><D39/><U131/><E131/><V24/><F82/><W43/><G133/><T64/><D64/><U38/><E38/><V92/><F135/><W22/><G22/><T35/><D35/><U8/><E134/><V97/><F132/><W78/><G45/><T6/><D6/><U2/><E46/><V40/><F69/><W117/><G5/><T42/><AGARI ba="0,1" hai="9,15,16,20,26,28,36,42,47,84,87,93,98,100" machi="42" ten="30,18000,2" yaku="1,1,0,1,52,2,54,1,53,1" doraHai="80" doraHaiUra="4" who="0" fromWho="0" sc="240,190,250,-60,250,-60,250,-60" /><INIT seed="0,1,0,0,1,32" ten="430,190,190,190" oya="0" hai0="98,48,75,33,56,127,80,1,24,6,28,65,92" hai1="95,31,53,58,130,5,17,112,91,60,117,86,128" hai2="103,39,54,68,104,63,22,110,82,85,113,96,119" hai3="93,30,27,81,88,21,40,44,135,9,101,115,50"/><T52/><D127/><U15/><E117/><V83/><F39/><W57/><G115/><T46/><D75/><U2/><E112/><V94/><F113/><W77/><G101/><T61/><D80/><U64/><E31/><V19/><F119/><W133/><G9/><T79/><D79/><U78/><E78/><V8/><F8/><W47/><G57/><T18/><D18/><U123/><E123/><V120/><F120/><W42/><G81/><T43/><D6/><U134/><E134/><V107/><F110/><W3/><G77/><T10/><D10/><U74/><E74/><V38/><F38/><W90/><G3/><T114/><D114/><U121/><E121/><V102/><F102/><W122/><G122/><T111/><D111/><U129/><E5/><V23/><F23/><W131/><G131/><T132/><D1/><U108/><E108/><V100/><F100/><W25/><G27/><T67/><REACH who="0" step="1"/><D132/><REACH who="0" ten="420,190,190,190" step="2"/><U106/><E2/><V126/><F83/><W51/><REACH who="3" step="1"/><G90/><AGARI ba="1,1" hai="24,28,33,43,46,48,52,56,61,65,67,90,92,98" machi="90" ten="30,11600,0" yaku="1,1,2,1,7,1,54,1,53,0" doraHai="32" doraHaiUra="4" who="0" fromWho="3" sc="420,129,190,0,190,0,190,-119" /><INIT seed="0,2,0,0,5,3" ten="549,190,190,71" oya="0" hai0="133,108,0,46,115,120,19,63,67,28,106,57,48" hai1="109,123,132,125,9,58,29,101,17,85,130,47,94" hai2="78,22,126,72,121,38,86,70,110,105,62,36,51" hai3="54,33,107,79,102,75,6,71,91,43,55,39,100"/><T84/><D115/><U37/><E123/><V10/><F86/><W88/><G71/><T111/><D120/><U77/><E109/><N who="0" m="42057" /><D106/><U97/><E125/><V66/><F22/><W80/><G33/><T34/><D0/><U1/><E132/><V20/><F20/><W27/><G27/><N who="0" m="18719" /><D133/><U35/><E1/><V15/><F105/><W31/><G31/><T44/><D48/><U74/><E29/><V104/><F51/><W21/><G21/><T131/><D131/><U89/><E130/><V23/><F104/><W76/><G39/><T24/><D84/><U82/><E37/><V119/><F38/><W61/><G107/><T113/><D113/><U92/><E35/><V90/><F36/><W59/><G43/><T50/><D50/><U5/><E85/><V96/><F121/><W81/><G61/><T95/><D95/><U127/><E92/><V53/><F62/><W99/><G75/><T129/><D129/><U11/><E74/><V69/><F72/><W25/><G25/><T112/><D112/><U135/><E94/><V41/><F41/><W103/><G103/><T87/><D87/><U4/><E101/><V56/><F110/><W2/><G2/><T40/><D40/><U128/><E135/><V13/><F126/><W134/><G134/><T16/><D24/><U83/><E127/><V122/><F122/><W18/><G99/><T118/><D118/><U65/><E97/><V14/><F96/><W98/><G98/><T12/><D12/><U45/><E128/><V30/><F15/><W116/><G116/><T60/><D60/><U124/><E124/><RYUUKYOKU ba="2,0" sc="549,30,190,-10,190,-10,71,-10" hai0="16,19,44,46,57,63,67" /><INIT seed="0,3,0,1,4,37" ten="579,180,180,61" oya="0" hai0="109,107,29,115,0,74,130,111,88,69,89,124,6" hai1="41,60,90,40,22,19,16,106,104,46,47,44,118" hai2="103,95,3,21,35,13,98,48,26,17,126,127,108" hai3="91,34,100,10,76,119,20,93,11,51,7,59,32"/><T68/><D115/><U70/><E118/><V30/><F48/><W80/><G119/><T52/><D107/><U14/><E90/><N who="0" m="34921" /><D74/><U33/><E33/><V65/><F65/><W31/><G100/><T87/><D87/><U97/><E19/><V122/><F122/><W45/><G59/><T125/><D29/><U63/><E70/><N who="0" m="27241" /><D130/><U2/><E2/><V123/><F123/><W12/><G11/><N who="0" m="2503" /><D52/><U81/><E81/><V110/><F3/><W117/><G117/><T128/><D128/><U18/><E18/><V112/><F112/><W57/><G57/><T86/><D86/><U132/><E104/><V66/><F66/><W49/><G31/><T56/><D56/><U121/><E121/><V43/><F43/><N who="1" m="16457" /><E106/><V94/><F94/><W77/><G91/><T24/><D24/><U53/><E53/><V27/><F27/><W120/><G120/><T134/><D134/><U42/><N who="1" m="16465" /><U1/><DORA hai="61" /><E132/><V71/><REACH who="2" step="1"/><F71/><REACH who="2" ten="579,180,170,61" step="2"/><W58/><G93/><T85/><D85/><U135/><E135/><V82/><F82/><W36/><G80/><T92/><D92/><U64/><E1/><V129/><F129/><W4/><G36/><T39/><D39/><U131/><E131/><V83/><F83/><W113/><G113/><T38/><D38/><U79/><E64/><V99/><F99/><W72/><G51/><T15/><D15/><U84/><E97/><V55/><F55/><W8/><G12/><T96/><D96/><U25/><E25/><V23/><F23/><W78/><G20/><T114/><D114/><U75/><E75/><V50/><F50/><RYUUKYOKU ba="3,1" sc="579,10,180,10,170,10,61,-30" hai0="109,111,124,125" hai1="14,16,22,44,46,47,60,63,79,84" hai2="13,17,21,26,30,35,95,98,103,108,110,126,127" /><BYE who="3" /><INIT seed="0,4,1,3,1,49" ten="589,190,180,31" oya="0" hai0="5,106,39,101,78,18,0,37,88,71,22,119,107" hai1="12,14,45,15,120,111,53,115,36,90,121,47,2" hai2="116,17,104,108,25,8,82,42,13,89,57,109,40" hai3="126,23,125,55,54,61,30,3,28,29,97,93,76"/><T118/><D71/><UN n3="%42%49%47%42%4F%53%53" /><U67/><E2/><V31/><F104/><W66/><G3/><T11/><D78/><U98/><E111/><N who="2" m="42571" /><F116/><W7/><G7/><T50/><D107/><U48/><E115/><V79/><F89/><W9/><G9/><T110/><D110/><U64/><E36/><V58/><F42/><W52/><G76/><T84/><D39/><U131/><E131/><V134/><F40/><W34/><G23/><T32/><D32/><U26/><E26/><V102/><F102/><N who="3" m="60719" /><G34/><T72/><D72/><U80/><E47/><V75/><F134/><W113/><G113/><T91/><D37/><U85/><REACH who="1" step="1"/><E98/><REACH who="1" ten="589,180,180,31" step="2"/><V59/><F25/><W112/><G112/><T117/><D0/><U130/><E130/><V83/><F31/><W96/><G96/><T135/><D117/><U73/><E73/><V63/><F82/><W56/><G125/><T74/><D74/><U81/><E81/><V44/><F44/><W6/><G126/><T87/><D118/><U128/><E128/><V20/><F83/><W70/><G70/><T124/><D119/><U41/><E41/><V123/><F75/><W1/><G1/><T62/><D124/><U27/><E27/><V95/><F123/><AGARI ba="4,2" hai="12,14,15,45,48,53,64,67,80,85,90,120,121,123" machi="123" ten="40,2600,0" yaku="1,1,52,1,53,0" doraHai="49" doraHaiUra="100" who="1" fromWho="2" sc="589,0,180,58,180,-38,31,0" /><INIT seed="1,0,0,3,0,122" ten="589,238,142,31" oya="1" hai0="55,49,36,74,83,116,19,72,40,22,2,44,109" hai1="26,16,14,52,59,51,24,64,127,53,68,115,70" hai2="23,15,94,38,61,80,75,3,25,43,92,111,60" hai3="46,29,95,45,134,123,41,56,32,132,4,130,119"/><U5/><E115/><V91/><F3/><W135/><G123/><T69/><D116/><U113/><E113/><V37/><F15/><W8/><G119/><T118/><D118/><U9/><E127/><V39/><F43/><W114/><G114/><T76/><D2/><U128/><E128/><V77/><F111/><W34/><G130/><T98/><D109/><U101/><E101/><V58/><F91/><W105/><G105/><T28/><D69/><U99/><E99/><V10/><F10/><W133/><N who="3" m="33792" /><DORA hai="27" /><W18/><G18/><T33/><D33/><U63/><E68/><V48/><F48/><W100/><G100/><T67/><D67/><U65/><E65/><V93/><REACH who="2" step="1"/><F58/><REACH who="2" ten="589,238,132,31" step="2"/><W85/><G56/><T124/><D49/><U81/><E70/><V117/><F117/><W131/><G131/><T35/><D40/><U82/><E5/><V86/><F86/><W108/><G108/><T103/><D72/><U21/><E26/><V6/><F6/><W7/><G7/><T47/><D74/><U66/><E51/><V102/><F102/><W79/><G41/><T1/><D103/><U90/><E90/><V12/><F12/><W88/><G79/><T17/><D1/><U11/><E11/><V106/><F106/><W0/><REACH who="3" step="1"/><G29/><AGARI ba="0,1" hai="23,25,29,37,38,39,60,61,75,77,80,92,93,94" machi="29" ten="50,6400,0" yaku="1,1,52,1,53,1" doraHai="122,27" doraHaiUra="54,104" who="2" fromWho="3" sc="589,0,238,0,132,74,31,-64" owari="589,68.0,238,4.0,206,-19.0,-33,-53.0" /></mjloggm>