<mjloggm ver="2.3"><GO type="169" lobby="0"/><UN n0="%E3%83%88%E3%83%88%E3%83%AA%E5%85%88%E7%94%9F%31%39%E6%AD%B3" n1="%62%61%72%61%61%64%6F" n2="%48%45%49%E3%83%83" n3="%6E%6F%70%70%6F%73%61%6E" dan="17,16,16,16" rate="2250.34,2151.09,2043.74,2105.09" sx="F,M,M,M"/><TAIKYOKU oya="0"/><INIT seed="0,0,0,3,5,4" ten="250,250,250,250" oya="0" hai0="112,65,43,53,1,23,72,67,51,52,77,114,30" hai1="89,13,54,129,41,71,78,62,60,61,66,94,123" hai2="33,10,28,32,8,122,92,98,31,25,42,120,2" hai3="86,50,135,109,130,70,115,88,127,36,116,84,111"/><T87/><D72/><U95/><E123/><N who="2" m="47147" /><F42/><W118/><G50/><T58/><D1/><U47/><E129/><V64/><F64/><N who="0" m="24650" /><D87/><U3/><E3/><V21/><F92/><W14/><G36/><T15/><D30/><N who="2" m="11306" /><F2/><W27/><G70/><T96/><D96/><U40/><E78/><V55/><F55/><N who="0" m="21066" /><D23/><U7/><E94/><V12/><F98/><W83/><G84/><T74/><D15/><U17/><E7/><N who="2" m="3103" /><F10/><W38/><G86/><T91/><D91/><U132/><E89/><V108/><F108/><W19/><G14/><T82/><D82/><U44/><E13/><V121/><N who="2" m="47155" /><V18/><AGARI ba="0,0" hai="18,21,25,32,33" m="3103,11306,47155" machi="18" ten="40,8000,1" yaku="4,1,34,2,52,1" doraHai="4" who="2" fromWho="2" sc="250,-40,250,-20,250,80,250,-20" /><INIT seed="1,0,0,0,4,7" ten="210,230,330,230" oya="1" hai0="2,26,84,20,86,16,1,132,18,104,98,120,72" hai1="9,94,49,110,28,74,70,134,34,58,81,30,38" hai2="39,90,27,0,69,119,92,46,50,128,64,80,123" hai3="124,12,53,59,126,79,43,117,10,55,73,57,77"/><U106/><E106/><V65/><F123/><W118/><G43/><T130/><D72/><U54/><E70/><V135/><F119/><N who="3" m="45579" /><G59/><T24/><D130/><U127/><E38/><V5/><F69/><W121/><G121/><T96/><D120/><U116/><E116/><V25/><F135/><W14/><G73/><T13/><D132/><U111/><E134/><V114/><F128/><W61/><G14/><T42/><D42/><U48/><E127/><N who="3" m="48682" /><G55/><T68/><D68/><U66/><E66/><V88/><F39/><W112/><G112/><T78/><D104/><U93/><E49/><V89/><F114/><W60/><G60/><T56/><D56/><U31/><E34/><V3/><F80/><W99/><G99/><T52/><D52/><N who="1" m="32007" /><E81/><V22/><F27/><W21/><G21/><N who="0" m="13607" /><D2/><U19/><E54/><V95/><F3/><W71/><G71/><T35/><D1/><U102/><E74/><V97/><F0/><W107/><G107/><T115/><D115/><U6/><E102/><V36/><F36/><W17/><AGARI ba="0,0" hai="10,12,17,53,57,61,77,79" m="48682,45579" machi="17" ten="30,4000,0" yaku="12,1,18,1,52,1" doraHai="7" who="3" fromWho="3" sc="210,-10,230,-20,330,-10,230,40" /><INIT seed="2,0,0,4,3,127" ten="200,210,320,270" oya="2" hai0="74,53,68,129,123,11,121,76,77,111,14,4,83" hai1="108,9,24,40,87,30,54,91,100,128,93,26,104" hai2="94,43,50,125,67,35,124,52,130,5,25,33,134" hai3="135,16,55,107,99,109,61,116,59,49,117,57,106"/><V81/><F134/><W79/><G135/><T65/><D111/><U1/><E40/><V122/><F81/><W80/><G109/><T31/><D31/><U60/><E108/><V88/><F67/><W10/><G106/><T51/><D76/><U12/><E1/><V47/><F5/><W39/><G39/><T62/><REACH who="0" step="1"/><D129/><REACH who="0" ten="190,210,320,270" step="2"/><U85/><E128/><V113/><F130/><W105/><G116/><T98/><D98/><N who="1" m="59471" /><E30/><N who="2" m="19663" /><F113/><W103/><G117/><T2/><D2/><U82/><E104/><V15/><F122/><W75/><G105/><T18/><D18/><N who="1" m="8463" /><E87/><N who="2" m="52511" /><F35/><W27/><G107/><T22/><D22/><U29/><E29/><V89/><F89/><W23/><G99/><T97/><D97/><U63/><E91/><V42/><F15/><W96/><G96/><T119/><D119/><U28/><E28/><V126/><AGARI ba="0,1" hai="42,43,47,50,52,124,125,126" m="52511,19663" machi="126" ten="30,6000,0" yaku="18,1,54,2" doraHai="127" who="2" fromWho="2" sc="190,-20,210,-20,320,70,270,-20" /><INIT seed="2,1,0,5,4,127" ten="170,190,390,250" oya="2" hai0="70,122,97,87,65,58,126,85,23,25,61,83,117" hai1="94,108,16,29,54,21,103,129,105,125,47,41,124" hai2="42,50,106,33,118,116,67,76,10,104,79,3,78" hai3="32,75,8,110,34,44,77,84,88,62,123,98,115"/><V22/><F33/><W130/><G110/><T19/><D122/><U121/><E108/><V6/><F67/><W28/><G123/><T90/><D126/><N who="1" m="48747" /><E129/><V40/><F22/><W36/><G28/><T63/><D117/><U73/><E73/><V15/><F3/><W31/><G31/><T20/><D20/><U27/><E105/><V86/><F42/><W30/><G30/><T7/><D7/><U11/><E54/><V56/><F56/><W39/><G130/><T12/><D12/><N who="1" m="7199" /><E121/><V17/><F116/><W26/><G75/><T109/><D109/><U131/><E131/><V68/><F118/><W43/><G26/><T120/><D120/><U45/><E41/><V13/><F68/><W64/><G8/><T46/><D46/><U119/><E119/><V93/><F106/><W95/><G39/><T113/><D113/><U35/><E35/><V81/><F104/><W132/><G115/><T92/><REACH who="0" step="1"/><D83/><REACH who="0" ten="160,190,390,250" step="2"/><U59/><E59/><V72/><F72/><W80/><REACH who="3" step="1"/><G132/><REACH who="3" ten="160,190,390,240" step="2"/><T49/><D49/><U111/><E111/><V102/><F50/><W18/><G18/><T51/><D51/><U96/><AGARI ba="1,2" hai="21,27,29,45,47,94,96,103" m="7199,48747" machi="96" ten="30,2000,0" yaku="18,1,54,1" doraHai="127" who="1" fromWho="1" sc="160,-6,190,43,390,-11,240,-6" /><INIT seed="3,0,0,1,2,31" ten="154,233,379,234" oya="3" hai0="64,110,46,90,82,66,91,114,53,16,129,47,3" hai1="78,112,44,106,11,61,125,20,87,70,119,40,37" hai2="96,27,41,84,25,88,62,72,75,7,56,116,101" hai3="19,38,111,89,126,76,48,39,55,93,131,35,15"/><W65/><G131/><T122/><D3/><U103/><E112/><V23/><F116/><W57/><G126/><T49/><D122/><U135/><E125/><V92/><F7/><W124/><G111/><T26/><D129/><U74/><E87/><V71/><F41/><W102/><G76/><T113/><D110/><U24/><E11/><V42/><F42/><W52/><G35/><T18/><D26/><U85/><E85/><V51/><F51/><W133/><G133/><T30/><D30/><U22/><E135/><V54/><F25/><W100/><G65/><T8/><D8/><U73/><E78/><V9/><F9/><N who="3" m="6639" /><G38/><T36/><D49/><U10/><E10/><V45/><F45/><N who="3" m="27663" /><G39/><T130/><D130/><U50/><E37/><V14/><F14/><W107/><G107/><T17/><D36/><U95/><E106/><V81/><F71/><W94/><G124/><T21/><D21/><U118/><E20/><V117/><REACH who="2" step="1"/><F117/><REACH who="2" ten="154,233,369,234" step="2"/><W127/><G127/><T109/><D109/><U29/><E118/><V68/><F68/><W67/><G67/><N who="0" m="25643" /><D53/><U6/><E119/><V63/><F63/><N who="3" m="36287" /><G94/><T99/><D113/><U69/><E70/><V79/><F79/><W34/><G34/><T98/><D114/><U5/><E69/><V2/><F2/><W120/><G120/><T105/><D105/><U0/><E0/><V80/><F80/><W1/><G1/><T134/><D82/><U28/><E61/><V115/><F115/><W132/><G132/><T12/><D134/><U86/><E95/><V4/><F4/><W104/><G104/><T43/><D12/><RYUUKYOKU ba="0,1" sc="154,-15,233,-15,369,15,234,15" hai2="23,27,54,56,62,72,75,81,84,88,92,96,101" hai3="89,93,100,102" /><INIT seed="3,1,1,2,0,49" ten="139,218,384,249" oya="3" hai0="51,31,97,60,58,113,40,62,112,70,8,85,102" hai1="33,79,27,130,68,66,14,115,134,57,110,34,78" hai2="11,12,83,53,21,106,101,25,50,132,116,82,69" hai3="38,123,64,5,9,111,17,75,15,91,61,103,107"/><W55/><G123/><T104/><D8/><U41/><E115/><N who="0" m="44105" /><D70/><U67/><E68/><V84/><F132/><W124/><G75/><T93/><D31/><U92/><E41/><V2/><F2/><W16/><G38/><T54/><D40/><U0/><E0/><V43/><F43/><W117/><G117/><T122/><D122/><U48/><E14/><V45/><F69/><W95/><G124/><T129/><D129/><U39/><E39/><V32/><F32/><N who="1" m="12393" /><E134/><V36/><F36/><W59/><G111/><T46/><D46/><U87/><E27/><V119/><F21/><W121/><G121/><T135/><D135/><U114/><E114/><V74/><F25/><W80/><G64/><T89/><AGARI ba="1,1" hai="51,54,58,60,62,85,89,93,97,102,104" m="44105" machi="89" ten="30,2000,0" yaku="11,1,52,1" doraHai="49" who="0" fromWho="0" sc="139,33,218,-6,384,-6,249,-11" /><INIT seed="4,0,0,3,0,86" ten="172,212,378,238" oya="0" hai0="61,95,15,14,89,124,33,97,77,28,17,133,116" hai1="26,10,0,57,24,134,117,34,62,88,101,56,44" hai2="7,3,8,69,93,60,37,42,40,91,105,50,94" hai3="121,66,9,18,16,29,58,83,99,96,127,118,87"/><T106/><D116/><U45/><E101/><V108/><F105/><W11/><G118/><T25/><D133/><U110/><E117/><V54/><F108/><W4/><G127/><T39/><D39/><U71/><E110/><V67/><F94/><W131/><G131/><T36/><D36/><U32/><E71/><V112/><F37/><W35/><G35/><T109/><D109/><U104/><E104/><V68/><F68/><W1/><G29/><T38/><D38/><U75/><E75/><V107/><F112/><W12/><G121/><T53/><D124/><U90/><E10/><V73/><F73/><W47/><G47/><T2/><D2/><U128/><E62/><V43/><F107/><W20/><G58/><N who="0" m="35023" /><D77/><U80/><E80/><V55/><REACH who="2" step="1"/><F50/><REACH who="2" ten="172,212,368,238" step="2"/><W98/><G96/><AGARI ba="0,1" hai="3,7,8,40,42,43,54,55,60,67,69,91,93,96" machi="96" ten="40,5200,0" yaku="1,1,2,1,52,1,53,0" doraHai="86" doraHaiUra="30" who="2" fromWho="3" sc="172,0,212,0,368,62,238,-52" /><INIT seed="5,0,0,4,3,34" ten="172,212,430,186" oya="1" hai0="2,39,76,74,3,100,126,53,52,1,92,54,60" hai1="108,71,66,65,5,68,67,9,6,41,14,78,61" hai2="16,135,109,70,88,134,49,45,8,35,119,133,116" hai3="24,130,27,29,51,46,62,15,63,48,59,12,87"/><U75/><E108/><V7/><F70/><W44/><G87/><T107/><D107/><U128/><E128/><V89/><F35/><W95/><G95/><T50/><D39/><U18/><E41/><N who="2" m="24751" /><F109/><W32/><G130/><T102/><D126/><U55/><E55/><V33/><F33/><W22/><G32/><T83/><D50/><U69/><REACH who="1" step="1"/><E61/><REACH who="1" ten="172,202,430,186" step="2"/><V114/><F114/><W90/><G62/><T80/><D60/><U4/><E4/><V120/><F7/><W23/><G44/><T64/><D64/><U101/><E101/><V91/><F120/><W121/><G121/><T37/><D37/><U82/><AGARI ba="0,1" hai="5,6,9,14,18,65,66,67,68,69,71,75,78,82" machi="82" ten="40,3900,0" yaku="1,1,0,1,53,0" doraHai="34" doraHaiUra="123" who="1" fromWho="1" sc="172,-13,202,49,430,-13,186,-13" /><INIT seed="5,1,0,3,1,38" ten="159,251,417,173" oya="1" hai0="108,88,118,67,33,74,122,126,51,124,111,115,98" hai1="9,16,83,60,42,35,32,94,59,22,134,10,46" hai2="66,109,49,95,129,72,92,131,112,103,80,1,0" hai3="119,18,56,13,3,8,24,25,81,39,54,110,87"/><U19/><E134/><V6/><F109/><N who="0" m="42058" /><D33/><U121/><E121/><V127/><F66/><W4/><G119/><T20/><D20/><U78/><E94/><N who="2" m="35883" /><F103/><W26/><G39/><T36/><D36/><U11/><E46/><V61/><F61/><W23/><G110/><T91/><D74/><U85/><E42/><V41/><F112/><W5/><G3/><N who="2" m="1097" /><F6/><W116/><G116/><T97/><D118/><U68/><E68/><V99/><F99/><N who="0" m="37898" /><D67/><U12/><REACH who="1" step="1"/><E19/><REACH who="1" ten="159,241,417,173" step="2"/><V2/><F41/><W63/><REACH who="3" step="1"/><G5/><REACH who="3" ten="159,241,417,163" step="2"/><T40/><D122/><U71/><E71/><V90/><F131/><W58/><G58/><T70/><D70/><U125/><E125/><N who="0" m="48233" /><D115/><U44/><E44/><AGARI ba="1,2" hai="40,44,51,88,91" m="48233,37898,42058" machi="44" ten="40,5200,0" yaku="18,1,52,1,54,1" doraHai="38" who="0" fromWho="1" sc="159,75,241,-55,417,0,163,0" /><INIT seed="6,0,0,3,2,20" ten="234,186,417,163" oya="2" hai0="21,112,47,97,61,85,4,52,101,38,16,72,37" hai1="15,57,22,113,106,8,39,88,2,118,3,66,133" hai2="67,81,129,40,91,10,89,119,135,126,34,83,124" hai3="94,103,107,26,86,90,23,64,9,48,73,109,44"/><V99/><F34/><W42/><G109/><T132/><D72/><U55/><E118/><V25/><F10/><W96/><G73/><T105/><D112/><U32/><E113/><V71/><F119/><W80/><G64/><T6/><D132/><U65/><E32/><V82/><F40/><W77/><G9/><T93/><D38/><U125/><E39/><V13/><F13/><W54/><G107/><T131/><D131/><U114/><E114/><V18/><F135/><W27/><G27/><N who="0" m="14759" /><D105/><U53/><E133/><V111/><F129/><W128/><G128/><T43/><D43/><U76/><E76/><V11/><F111/><W87/><G87/><T98/><D37/><U79/><E79/><V30/><F99/><W68/><G68/><T60/><D97/><U33/><E33/><V115/><F115/><W92/><G92/><T45/><D85/><U29/><E106/><V62/><F83/><W95/><G95/><T130/><D130/><U28/><E65/><V108/><F82/><W121/><G121/><T120/><D120/><U117/><E66/><V74/><F81/><W75/><G42/><T41/><D41/><U78/><E78/><V7/><F67/><W123/><G123/><T51/><D47/><U69/><E69/><V63/><F71/><W110/><G110/><T1/><D1/><N who="1" m="11" /><E53/><V100/><F74/><W56/><G75/><T49/><D49/><N who="1" m="30959" /><E117/><V35/><F35/><W134/><G77/><T5/><AGARI ba="0,0" hai="4,5,6,45,51,52,60,61,93,98,101" m="14759" machi="5" ten="30,7900,0" yaku="8,1,52,1,54,2" doraHai="20" who="0" fromWho="0" sc="234,79,186,-20,417,-39,163,-20" /><INIT seed="7,0,0,5,3,21" ten="313,166,378,143" oya="3" hai0="56,90,113,9,14,123,36,128,125,132,2,91,85" hai1="20,102,62,57,68,70,42,110,101,53,25,133,122" hai2="130,120,0,127,117,99,32,135,126,96,81,115,69" hai3="103,87,89,31,44,124,83,18,129,61,13,40,118"/><W6/><G118/><T35/><D123/><U8/><E110/><V75/><RYUUKYOKU type="yao9" ba="0,0" sc="313,0,166,0,378,0,143,0" hai2="0,32,69,75,81,96,99,115,117,120,126,127,130,135" /><INIT seed="7,1,0,3,2,121" ten="313,166,378,143" oya="3" hai0="104,84,37,9,65,117,15,0,97,122,10,109,126" hai1="93,91,30,1,85,41,132,3,98,44,70,86,69" hai2="4,20,131,60,90,76,61,94,13,82,99,134,54" hai3="16,129,35,120,47,89,102,112,58,119,27,128,130"/><W38/><G120/><T78/><D122/><U19/><E30/><V46/><F131/><W74/><G119/><T51/><D37/><U33/><E33/><V108/><F108/><W62/><G112/><T8/><D117/><U100/><E132/><V87/><F134/><W114/><G114/><T83/><D126/><U105/><E19/><N who="2" m="10351" /><F4/><W127/><G127/><T39/><D39/><U40/><E85/><V71/><F71/><W106/><G74/><T12/><D0/><U28/><E28/><V64/><F64/><N who="3" m="38999" /><G89/><T24/><D65/><U7/><E41/><V43/><F43/><N who="3" m="23031" /><G35/><T11/><D24/><U101/><E101/><V32/><F32/><W103/><G106/><T123/><D123/><U6/><E6/><V57/><F46/><W72/><G72/><T49/><D104/><U42/><E42/><V53/><F61/><W52/><G52/><N who="2" m="20073" /><F60/><W68/><G68/><N who="1" m="26218" /><E7/><V73/><F73/><W66/><G66/><T133/><D133/><U92/><E105/><V34/><F34/><W116/><G116/><T79/><D9/><U36/><E3/><V45/><F45/><W111/><G111/><T5/><D109/><U96/><E1/><V17/><F57/><W25/><G25/><T14/><D5/><U26/><E26/><V113/><F113/><W75/><G75/><T124/><D124/><U56/><E56/><V21/><F17/><W55/><G55/><T2/><D2/><U110/><E110/><V107/><F107/><W29/><G16/><T115/><D115/><U59/><E59/><V63/><F63/><W67/><G67/><T48/><D78/><RYUUKYOKU ba="1,0" sc="313,0,166,0,378,0,143,0" hai0="8,10,11,12,14,15,48,49,51,79,83,84,97" hai1="36,40,44,86,91,92,93,96,98,100" hai2="21,76,82,87,90,94,99" hai3="27,29,102,103,128,129,130" /><INIT seed="7,2,0,0,4,19" ten="313,166,378,143" oya="3" hai0="22,82,122,116,3,21,6,123,128,50,10,7,42" hai1="72,20,58,15,37,105,133,96,30,118,119,100,55" hai2="28,95,51,23,57,86,44,90,111,75,81,34,66" hai3="41,67,33,71,83,101,124,85,56,99,46,97,36"/><W80/><G124/><T79/><D116/><N who="1" m="44587" /><E133/><V8/><F111/><W77/><G33/><T18/><D128/><U43/><E72/><V4/><F34/><W112/><G112/><T69/><D69/><U1/><E1/><V38/><F38/><W102/><G71/><T29/><D7/><U2/><E2/><V59/><F66/><W60/><REACH who="3" step="1"/><G83/><REACH who="3" ten="313,166,378,133" step="2"/><T94/><D82/><U73/><E73/><V117/><F81/><W70/><G70/><T47/><D122/><U62/><E15/><N who="2" m="5511" /><F75/><W17/><G17/><T16/><D123/><U61/><E37/><V109/><F117/><W53/><G53/><T25/><D29/><U65/><E43/><N who="2" m="24991" /><F109/><W127/><G127/><T76/><D94/><U0/><E0/><V89/><F28/><W113/><G113/><T31/><D31/><U126/><E126/><V120/><F120/><W130/><G130/><T78/><D76/><U129/><E129/><V88/><F95/><W91/><G91/><N who="2" m="34825" /><F23/><W103/><AGARI ba="2,1" hai="36,41,46,56,60,67,77,80,85,97,99,101,102,103" machi="103" ten="30,3000,0" yaku="1,1,0,1,53,0" doraHai="19" doraHaiUra="104" who="3" fromWho="3" sc="313,-12,166,-12,378,-12,133,46" /><INIT seed="7,3,0,4,2,12" ten="301,154,366,179" oya="3" hai0="107,102,2,78,34,86,115,24,127,77,31,111,75" hai1="26,99,13,32,38,0,96,30,92,134,15,71,119" hai2="135,21,9,100,48,74,129,130,91,87,59,104,116" hai3="126,42,47,69,1,35,8,41,109,72,58,23,51"/><W82/><G35/><T125/><D2/><U45/><E0/><V17/><F9/><W122/><G122/><T36/><D111/><U80/><E134/><V90/><F74/><W103/><G69/><T49/><D36/><U28/><E71/><V33/><F135/><W101/><G126/><T108/><D108/><U52/><E30/><V123/><F116/><W97/><G41/><T79/><D75/><U16/><E119/><V39/><F39/><N who="3" m="21983" /><G23/><T60/><D115/><U14/><E80/><V106/><F90/><W81/><G82/><T85/><D49/><N who="1" m="28719" /><E38/><V93/><F100/><N who="3" m="38475" /><G97/><N who="1" m="37450" /><E32/><V29/><F123/><W10/><G10/><T43/><D43/><U131/><E131/><N who="2" m="50187" /><F29/><W18/><G109/><T114/><D114/><U98/><E28/><V76/><F33/><W133/><G133/><T117/><D117/><U105/><E105/><V7/><F106/><W94/><G94/><T55/><D102/><N who="1" m="60743" /><E26/><N who="2" m="14639" /><F104/><W89/><G72/><T121/><D121/><U53/><E53/><N who="2" m="32167" /><F76/><W46/><G1/><T22/><D107/><U61/><E61/><V83/><F83/><W50/><G46/><T56/><REACH who="0" step="1"/><D34/><REACH who="0" ten="291,154,366,179" step="2"/><U40/><E40/><V120/><F120/><W66/><G50/><T6/><D6/><AGARI ba="3,1" hai="6,7,87,91,93" m="32167,14639,50187" machi="6" ten="30,2000,0" yaku="19,1,52,1" doraHai="12" who="2" fromWho="0" sc="291,-29,154,0,366,39,179,0" owari="262,6.0,154,-35.0,405,51.0,179,-22.0" /></mjloggm>