<mjloggm ver="2.3"><GO type="169" lobby="0"/><UN n0="%E3%81%BD%E3%82%93%E3%81%93%E3%81%A4%E9%98%BF%E8%B3%80%E9%87%8E%E5%A7%89" n1="%67%6F%75%73%69" n2="%74%6F%6E%6E%75%72%61" n3="%E3%82%A6%E3%83%AB%E3%83%88%E3%83%A9%E7%AB%8B%E7%9B%B4" dan="17,17,17,18" rate="2166.72,2199.95,2103.68,2237.49" sx="F,M,M,M"/><TAIKYOKU oya="0"/><INIT seed="0,0,0,1,4,46" ten="250,250,250,250" oya="0" hai0="54,22,25,116,96,105,18,53,24,60,15,7,103" hai1="87,45,0,133,13,70,11,32,8,84,69,92,44" hai2="23,27,130,110,36,131,9,66,55,68,126,90,47" hai3="115,26,33,121,65,72,43,129,38,37,39,14,111"/><T64/><D116/><U63/><E32/><V89/><F110/><W4/><G115/><T29/><D7/><U124/><E63/><V120/><F120/><W75/><G111/><T49/><D25/><U5/><E133/><V113/><F113/><W30/><G129/><N who="2" m="49161" /><F126/><W82/><G121/><T52/><D60/><U135/><E135/><V109/><F109/><W102/><G65/><T85/><D85/><U77/><E124/><V117/><F117/><W91/><G102/><T119/><D64/><U42/><E45/><V6/><F66/><W48/><G91/><T58/><REACH who="0" step="1"/><D119/><REACH who="0" ten="240,250,250,250" step="2"/><U76/><E87/><V83/><F83/><W93/><G82/><T95/><D95/><U134/><E134/><V21/><F27/><W125/><G93/><T16/><D16/><U50/><E77/><V132/><F6/><W100/><G4/><T59/><D59/><U56/><E56/><V3/><F68/><W12/><G26/><T19/><D19/><U127/><E127/><V67/><F67/><W71/><G125/><T28/><D28/><U107/><E76/><V108/><F108/><W74/><G71/><T112/><D112/><U57/><E57/><V94/><F94/><W101/><G30/><T80/><D80/><U20/><E84/><V62/><F62/><W97/><G74/><T73/><D73/><U128/><E92/><V104/><F132/><W98/><G75/><T79/><D79/><U10/><E128/><V78/><F78/><W114/><G72/><T51/><D51/><U61/><E70/><V122/><F122/><W35/><G114/><T123/><D123/><RYUUKYOKU ba="0,1" sc="240,30,250,-10,250,-10,250,-10" hai0="15,18,22,24,29,49,52,53,54,58,96,103,105" /><INIT seed="0,1,1,2,2,39" ten="270,240,240,240" oya="0" hai0="16,78,23,2,108,50,131,124,77,90,15,82,69" hai1="65,103,123,117,14,45,116,55,113,5,47,60,20" hai2="42,85,128,95,107,119,36,21,99,33,41,61,89" hai3="44,53,32,87,57,12,46,121,102,125,115,59,135"/><T96/><D69/><U34/><E34/><V112/><F33/><W11/><G115/><T51/><D2/><U83/><E123/><V91/><F112/><W10/><G32/><T109/><D131/><U127/><E113/><V28/><F128/><W76/><G125/><T64/><D64/><U58/><E127/><V79/><F36/><W37/><G135/><T30/><D30/><U133/><E133/><V92/><F107/><W129/><G129/><T120/><D120/><U105/><E105/><V93/><F119/><W68/><G68/><T17/><D124/><U74/><E103/><V72/><F72/><W40/><G102/><T132/><D132/><U6/><E47/><V98/><F79/><W56/><G121/><T122/><D122/><U0/><E0/><V80/><F61/><W13/><G87/><T104/><D17/><U63/><E5/><V86/><F93/><W88/><G88/><T22/><D22/><U31/><E31/><V84/><F80/><W66/><G76/><N who="0" m="29291" /><D104/><U25/><E83/><V54/><F54/><W67/><G53/><T48/><D96/><U38/><E74/><V100/><F100/><W35/><G35/><T1/><D1/><U110/><E116/><V134/><F134/><W62/><G62/><T27/><D27/><AGARI ba="1,1" hai="21,27,28,41,42,84,85,86,89,91,92,95,98,99" machi="27" ten="40,8000,1" yaku="9,1,8,1,52,2" doraHai="39" who="2" fromWho="0" sc="270,-83,240,0,240,93,240,0" /><INIT seed="1,0,0,2,2,76" ten="187,240,333,240" oya="1" hai0="26,16,33,58,74,73,99,41,114,30,5,89,100" hai1="56,120,81,113,35,9,107,103,119,24,104,122,25" hai2="18,93,2,62,130,126,97,17,129,66,57,37,3" hai3="68,12,60,43,49,21,14,116,10,110,6,92,106"/><U1/><E119/><V94/><F37/><W111/><G106/><T108/><D114/><U27/><E35/><V83/><F126/><W72/><G72/><T86/><D5/><U102/><E56/><V132/><F132/><W131/><G131/><N who="2" m="50185" /><F83/><W133/><G133/><T22/><D108/><U34/><E34/><V32/><F32/><W13/><G116/><T124/><D124/><U28/><E28/><V118/><F118/><W46/><G92/><N who="2" m="35433" /><F97/><W4/><G21/><T96/><D74/><U42/><E42/><V19/><AGARI ba="0,0" hai="2,3,17,18,19,57,62,66" m="35433,50185" machi="19" ten="40,1500,0" yaku="19,1" doraHai="76" who="2" fromWho="2" sc="187,-4,240,-7,333,15,240,-4" /><INIT seed="2,0,0,4,3,40" ten="183,233,348,236" oya="2" hai0="34,127,117,30,7,9,104,120,65,6,77,59,72" hai1="25,96,14,0,19,79,119,1,67,12,43,106,37" hai2="101,130,70,21,18,107,4,122,94,58,31,2,124" hai3="78,102,17,109,83,32,110,49,39,135,95,100,64"/><V98/><F70/><W36/><G32/><T80/><D120/><U103/><E119/><V71/><F71/><W115/><G64/><T112/><D112/><U48/><E37/><V116/><F116/><W126/><G126/><T46/><D127/><U11/><E79/><V89/><F122/><W13/><G135/><T53/><D104/><U63/><E25/><V84/><F130/><W128/><G128/><T125/><D125/><U35/><E35/><V73/><F31/><W69/><G69/><T76/><D76/><U68/><REACH who="1" step="1"/><E14/><REACH who="1" ten="183,223,348,236" step="2"/><V16/><F124/><W66/><G13/><T26/><D117/><U87/><E87/><V61/><F73/><W22/><G78/><T93/><D93/><U75/><E75/><V88/><F89/><W90/><G90/><T133/><D133/><U81/><E81/><V51/><F21/><W54/><G22/><T121/><D9/><U27/><E27/><V134/><F134/><W20/><G20/><T38/><D121/><U33/><E33/><V131/><F131/><W108/><G83/><T113/><D113/><U92/><E92/><V56/><F2/><W44/><G95/><T47/><D38/><U60/><E60/><V10/><F61/><W28/><G115/><T114/><D114/><U97/><E97/><V82/><F107/><W62/><G39/><T111/><D111/><U45/><AGARI ba="0,1" hai="0,1,11,12,19,43,45,48,63,67,68,96,103,106" machi="45" ten="30,7900,0" yaku="1,1,0,1,52,1,53,1" doraHai="40" doraHaiUra="99" who="1" fromWho="1" sc="183,-20,223,89,348,-39,236,-20" /><INIT seed="3,0,0,5,0,55" ten="163,312,309,216" oya="3" hai0="110,38,54,31,93,18,5,129,71,96,113,80,4" hai1="27,24,16,98,111,42,127,64,119,95,108,22,94" hai2="120,130,116,122,29,85,20,77,23,70,46,32,34" hai3="45,102,81,125,15,3,100,48,49,53,61,65,82"/><W12/><G3/><T76/><D129/><U63/><E42/><V104/><F70/><W121/><G125/><T41/><D110/><U135/><E127/><V91/><F104/><W25/><G121/><N who="2" m="46697" /><F116/><W109/><G109/><N who="1" m="42058" /><E135/><V2/><F77/><W13/><G25/><T133/><D71/><N who="1" m="42399" /><E119/><V0/><F46/><W33/><G33/><N who="2" m="12905" /><F130/><W117/><G117/><T50/><D133/><U126/><E126/><V68/><F68/><W66/><G49/><T35/><D41/><U43/><E43/><V132/><F132/><W72/><G72/><T47/><D38/><U39/><E39/><V84/><F29/><W57/><REACH who="3" step="1"/><G66/><REACH who="3" ten="163,312,309,206" step="2"/><T26/><D113/><U58/><E27/><V59/><F0/><W131/><G131/><T118/><D118/><U62/><E98/><V17/><F2/><W40/><G40/><T56/><D35/><U8/><E8/><V106/><F23/><W67/><G67/><AGARI ba="0,1" hai="16,22,24,58,62,67,94,95" m="42399,42058" machi="67" ten="30,3900,0" yaku="14,1,52,1,54,1" doraHai="55" who="1" fromWho="3" sc="163,0,312,49,309,0,206,-39" /><INIT seed="4,0,0,4,3,63" ten="163,361,309,167" oya="0" hai0="100,7,113,11,0,98,43,130,25,116,41,6,39" hai1="69,133,117,95,53,26,58,119,36,94,112,59,8" hai2="90,111,54,34,76,107,37,45,96,12,99,86,74" hai3="135,15,65,89,128,31,122,18,72,124,62,82,101"/><T55/><D116/><U126/><E69/><V109/><F34/><W35/><G128/><T105/><D130/><U51/><E126/><V57/><F99/><W68/><G135/><T5/><D113/><U108/><E108/><V104/><F104/><W32/><G124/><T129/><D129/><U131/><E131/><V85/><F85/><W29/><G101/><T13/><D55/><U106/><E106/><V127/><F127/><W48/><G122/><T77/><D77/><U16/><E36/><V110/><F12/><W66/><G66/><T118/><D118/><U93/><E133/><V27/><F27/><W56/><G35/><T80/><D80/><U23/><E112/><V14/><F14/><W132/><G32/><T78/><D78/><U87/><E87/><V103/><F45/><W70/><G70/><T33/><D0/><U102/><E102/><V92/><F37/><W52/><G132/><T88/><D88/><U47/><E8/><V44/><F44/><W20/><REACH who="3" step="1"/><G89/><REACH who="3" ten="163,361,309,157" step="2"/><T2/><D2/><U46/><E117/><V4/><F111/><W1/><G1/><T40/><REACH who="0" step="1"/><D39/><REACH who="0" ten="153,361,309,157" step="2"/><U24/><E119/><V125/><F110/><W38/><G38/><T84/><D84/><U91/><E91/><V42/><F109/><W10/><G10/><T97/><D97/><U71/><E53/><V50/><F125/><W61/><G61/><T67/><D67/><U3/><E3/><V123/><F86/><W64/><G64/><T17/><D17/><U21/><E16/><V120/><F90/><W9/><G9/><T79/><D79/><AGARI ba="0,2" hai="15,18,20,29,31,48,52,56,62,65,68,72,79,82" machi="79" ten="40,5200,0" yaku="1,1,52,1,54,1,53,0" doraHai="63" doraHaiUra="83" who="3" fromWho="0" sc="153,-52,361,0,309,0,157,72" /><INIT seed="5,0,0,0,1,51" ten="101,361,309,229" oya="1" hai0="45,4,100,55,1,58,75,121,32,118,120,78,74" hai1="103,91,108,29,16,44,60,131,115,125,86,2,49" hai2="79,119,9,81,72,11,52,84,96,26,50,19,135" hai3="117,64,3,18,20,90,15,95,85,111,22,27,63"/><U41/><E115/><V122/><F119/><W124/><G124/><T5/><D118/><U43/><E125/><V34/><F122/><W39/><G117/><T57/><D32/><U112/><E112/><V92/><F72/><W126/><G126/><T101/><D45/><U94/><E2/><V130/><F130/><W127/><G127/><T129/><D78/><U24/><E108/><V68/><F68/><W134/><G134/><T8/><D8/><U65/><E131/><V48/><F48/><W42/><G3/><T31/><D1/><U99/><E29/><V67/><F67/><W73/><G73/><T88/><D31/><U38/><E38/><V7/><F7/><W6/><G111/><T40/><D40/><U69/><E24/><V17/><F34/><W76/><G76/><T13/><D13/><U37/><E16/><N who="2" m="6219" /><F26/><W23/><G42/><T35/><D35/><U98/><E98/><V93/><F135/><W132/><G39/><T53/><REACH who="0" step="1"/><D88/><REACH who="0" ten="91,361,309,229" step="2"/><U80/><E37/><V89/><F93/><W21/><G132/><T14/><D14/><U10/><E10/><V109/><F109/><W62/><G15/><T102/><D102/><U33/><E33/><V56/><AGARI ba="0,1" hai="9,11,50,52,56,79,81,84,89,92,96" m="6219" machi="56" ten="30,7900,0" yaku="8,1,52,1,54,2" doraHai="51" who="2" fromWho="2" sc="91,-20,361,-39,309,89,229,-20" /><INIT seed="6,0,0,1,4,17" ten="71,322,398,209" oya="2" hai0="78,1,6,135,2,34,23,71,56,55,44,89,69" hai1="88,108,125,54,116,131,19,57,31,80,28,130,96" hai2="27,5,49,68,95,9,112,11,86,30,124,101,4" hai3="104,45,58,87,25,53,22,29,15,100,33,8,109"/><V43/><F112/><W12/><G109/><T79/><D34/><U103/><E116/><V123/><F68/><W128/><G128/><N who="1" m="49194" /><E108/><V74/><F74/><W21/><G104/><T10/><D44/><U121/><E125/><V64/><F123/><W24/><G100/><T115/><D115/><U98/><E19/><V85/><F64/><W110/><G110/><T66/><D66/><U114/><E114/><V105/><F105/><W59/><G33/><T132/><D89/><U20/><E121/><V39/><F39/><W46/><G87/><T48/><D1/><U81/><E98/><N who="2" m="59615" /><F124/><W126/><G126/><T127/><D127/><U76/><E31/><V67/><F67/><W61/><G59/><T120/><D120/><U133/><E76/><V91/><F86/><W3/><G3/><T51/><D51/><U113/><E133/><N who="0" m="51273" /><D23/><U16/><E28/><V65/><F65/><W70/><G70/><AGARI ba="0,0" hai="2,6,10,48,55,56,69,70,71,78,79" m="51273" machi="70" ten="30,1000,0" yaku="20,1" doraHai="17" who="0" fromWho="3" sc="71,10,322,0,398,0,209,-10" /><INIT seed="7,0,0,2,1,51" ten="81,322,398,199" oya="3" hai0="60,134,101,59,72,124,91,10,34,7,90,123,89" hai1="25,120,66,26,128,11,29,67,19,92,62,76,8" hai2="68,102,53,14,54,36,96,33,98,0,50,87,81" hai3="117,133,110,43,39,73,111,24,31,46,61,105,32"/><W22/><G117/><T85/><D123/><U4/><E120/><V129/><F0/><W21/><G73/><T45/><D134/><U88/><E128/><V55/><F36/><W79/><G79/><T17/><D34/><U127/><E127/><V65/><F33/><W27/><G105/><T12/><D124/><U16/><E76/><V130/><F50/><W132/><G61/><T113/><D72/><U3/><E66/><V23/><F65/><W2/><G2/><T35/><D35/><U5/><E5/><V49/><F49/><W9/><G9/><T58/><D113/><U13/><E19/><N who="2" m="10743" /><F68/><W69/><G69/><T100/><D59/><U15/><E3/><V38/><F38/><W52/><G32/><T116/><D116/><U108/><E29/><V37/><F37/><W78/><G78/><T84/><D45/><U28/><E28/><V103/><F130/><W122/><G122/><T126/><D126/><U74/><E108/><V71/><F71/><W70/><G70/><T42/><D42/><U93/><E93/><V40/><F40/><W1/><G1/><T135/><D135/><U86/><E74/><V63/><F63/><W118/><G118/><T18/><D7/><U95/><E95/><V107/><F129/><W106/><G133/><T119/><D119/><U125/><E125/><V131/><F131/><W77/><G132/><T41/><D41/><U30/><E30/><V97/><F107/><W104/><G43/><T20/><D101/><U112/><E112/><V48/><F48/><N who="3" m="28695" /><G39/><T56/><D100/><U121/><E121/><V80/><F103/><RYUUKYOKU ba="0,0" sc="81,-10,322,30,398,-10,199,-10" hai1="4,8,11,13,15,16,25,26,62,67,86,88,92" owari="71,-43.0,352,15.0,388,49.0,189,-21.0" /></mjloggm>