<mjloggm ver="2.3"><GO type="169" lobby="0"/><UN n0="%63%72%69%74%74%65%72" n1="%4C%53%E9%99%BD" n2="%64%6F%6F%6F%6F%77%79" n3="%E5%B0%B1%E6%B4%BB%E7%94%9F%40%E5%B7%9D%E6%9D%91%E8%BB%8D%E5%9B%A3" dan="16,16,16,18" rate="2108.07,2092.44,2128.94,2294.43" sx="M,M,M,M"/><TAIKYOKU oya="0"/><INIT seed="0,0,0,0,3,41" ten="250,250,250,250" oya="0" hai0="52,88,23,100,50,135,49,128,123,36,132,25,78" hai1="131,80,18,30,111,126,57,63,35,130,34,94,127" hai2="39,10,122,55,92,6,102,21,99,54,7,121,107" hai3="51,47,24,70,98,38,69,0,75,116,14,112,61"/><T118/><D123/><U72/><E111/><V13/><F39/><W58/><G0/><T95/><D118/><U74/><E18/><V104/><F6/><W110/><G112/><T93/><D128/><N who="1" m="49195" /><E94/><V60/><F21/><W77/><G38/><T81/><D36/><U37/><E37/><V109/><F109/><W16/><G110/><T117/><D117/><U133/><E30/><V1/><F1/><W105/><G24/><T108/><D108/><U115/><E115/><V89/><F107/><W71/><G116/><T64/><D64/><U86/><E74/><V27/><F27/><W129/><G129/><T83/><D100/><U40/><E40/><V46/><F55/><W15/><G15/><T48/><D95/><U113/><E72/><V119/><F119/><W125/><G125/><N who="1" m="47626" /><E113/><V44/><F121/><W9/><G105/><T73/><D83/><U79/><E133/><N who="0" m="51273" /><D23/><U32/><E32/><V96/><REACH who="2" step="1"/><F122/><REACH who="2" ten="250,250,240,250" step="2"/><W62/><G9/><T84/><D25/><U97/><E97/><V82/><F82/><W28/><G98/><T31/><D31/><U33/><E33/><V53/><F53/><AGARI ba="0,1" hai="48,49,50,52,53,73,78,81,84,88,93" m="51273" machi="53" ten="30,5800,0" yaku="20,1,54,2" doraHai="41" who="0" fromWho="2" sc="250,68,250,0,240,-58,250,0" /><AGARI ba="0,0" hai="34,35,53,57,63,79,80,86" m="47626,49195" machi="53" ten="30,2000,0" yaku="19,1,18,1" doraHai="41" who="1" fromWho="2" sc="318,0,250,20,182,-20,250,0" /><INIT seed="0,1,0,2,4,34" ten="318,270,162,250" oya="0" hai0="78,12,28,88,16,61,91,41,1,133,24,101,52" hai1="7,73,110,46,103,17,115,3,63,118,120,65,74" hai2="59,123,26,60,108,132,77,70,86,50,54,11,76" hai3="8,39,111,106,10,15,9,20,80,5,62,71,21"/><T6/><D133/><U42/><E118/><V35/><F132/><W22/><G106/><T130/><D130/><U81/><E120/><V122/><F108/><W128/><G39/><T58/><D78/><U13/><E103/><V75/><F75/><W14/><G111/><T48/><D101/><U32/><E110/><V117/><F117/><W55/><G128/><T121/><D121/><U102/><E32/><V57/><F70/><W112/><G112/><T116/><D116/><U94/><E115/><V129/><F129/><W36/><G36/><T2/><D6/><U104/><E94/><V90/><F122/><W19/><G80/><T113/><D113/><U68/><E17/><V40/><F123/><W4/><G71/><T83/><D28/><U95/><E13/><N who="3" m="4618" /><G55/><T98/><D24/><U51/><E95/><V25/><F11/><N who="3" m="4171" /><G62/><T56/><D98/><U37/><E81/><V44/><F59/><W96/><G96/><T87/><D91/><U131/><E131/><V92/><REACH who="2" step="1"/><F35/><REACH who="2" ten="318,270,152,250" step="2"/><W53/><G5/><T18/><D18/><U45/><E7/><V29/><F29/><W124/><G124/><T125/><D125/><U67/><E68/><V27/><AGARI ba="1,1" hai="25,26,27,40,44,50,54,57,60,76,77,86,90,92" machi="27" ten="30,4000,0" yaku="1,1,0,1,8,1,53,0" doraHai="34" doraHaiUra="105" who="2" fromWho="2" sc="318,-21,270,-11,152,53,250,-11" /><INIT seed="1,0,0,3,3,124" ten="297,259,205,239" oya="1" hai0="116,57,32,131,31,9,61,53,63,55,40,76,19" hai1="118,10,86,110,24,103,50,120,66,34,56,98,132" hai2="87,78,99,12,123,54,36,62,105,77,94,58,91" hai3="121,59,97,37,27,33,70,92,69,29,129,93,17"/><U85/><E118/><V52/><F123/><W119/><G121/><T22/><D116/><U6/><E120/><V108/><F108/><W48/><G37/><T42/><D32/><U88/><E110/><V23/><F36/><W125/><G125/><T71/><D31/><U13/><E132/><V68/><F68/><W20/><G119/><T96/><D9/><U101/><E34/><V90/><F54/><W1/><G1/><T3/><D3/><U100/><E24/><V75/><F75/><W89/><G129/><T104/><D76/><U114/><E114/><V51/><F62/><W83/><G83/><T107/><D131/><U18/><E6/><V44/><F44/><W126/><G126/><T79/><D79/><U15/><E15/><V65/><F65/><W84/><G59/><T135/><D135/><U14/><E14/><V7/><F105/><W47/><G33/><T82/><D82/><U41/><E41/><V26/><F7/><W49/><G29/><T16/><D96/><U67/><E98/><V122/><F122/><W46/><G70/><T127/><D127/><U45/><E85/><V80/><REACH who="2" step="1"/><F12/><REACH who="2" ten="297,259,195,239" step="2"/><W43/><G69/><T81/><D71/><U2/><E45/><N who="3" m="16906" /><G43/><T73/><D73/><U95/><E2/><V0/><F0/><W21/><G49/><T28/><D104/><U128/><E128/><V60/><F60/><W106/><G48/><T8/><D63/><N who="1" m="38247" /><E67/><V38/><F38/><W30/><G106/><T5/><D107/><U102/><N who="1" m="26112" /><DORA hai="117" /><U4/><E50/><V39/><F39/><W72/><G72/><T74/><D74/><RYUUKYOKU ba="0,1" sc="297,-15,259,15,195,15,239,-15" hai1="4,10,13,18,86,88,95" hai2="23,26,51,52,58,77,78,80,87,90,91,94,99" /><INIT seed="1,1,1,2,1,62" ten="282,274,210,224" oya="1" hai0="133,8,100,68,90,38,15,72,80,95,18,55,124" hai1="61,41,69,107,24,63,17,103,85,118,132,97,129" hai2="7,117,14,99,51,79,120,77,126,134,60,42,6" hai3="0,45,81,86,91,96,22,111,58,39,59,131,4"/><U36/><E118/><V10/><F117/><W127/><G111/><T33/><D33/><U28/><E129/><V75/><F120/><W34/><G34/><T12/><D38/><U106/><E132/><V1/><F134/><W5/><G131/><T101/><D133/><U20/><E107/><V98/><F126/><W135/><G135/><T112/><D112/><U83/><E69/><V78/><F75/><W128/><G127/><T74/><D124/><U114/><E114/><V104/><F104/><W67/><G128/><T35/><D35/><U125/><E125/><V2/><F60/><W113/><G113/><T76/><D72/><U57/><E57/><V87/><F87/><W48/><G39/><T89/><D68/><U115/><E115/><V123/><F123/><W44/><G0/><T122/><D122/><U27/><E41/><V53/><F42/><W43/><G44/><T37/><D37/><U92/><E36/><V56/><REACH who="2" step="1"/><F7/><REACH who="2" ten="282,274,200,224" step="2"/><W25/><G5/><T54/><D74/><U26/><E106/><V50/><F50/><W52/><G4/><T40/><D40/><U66/><E61/><V30/><F30/><N who="3" m="17719" /><G43/><T9/><D18/><U11/><E17/><V109/><F109/><W16/><G16/><T19/><D19/><U94/><E28/><V23/><F23/><W119/><G119/><T29/><D29/><U70/><E20/><V49/><F49/><W108/><G108/><T46/><D9/><U65/><E11/><V116/><F116/><W82/><G86/><T73/><D8/><U121/><E121/><V71/><F71/><W88/><G48/><RYUUKYOKU ba="1,2" sc="282,-10,274,-10,200,30,224,-10" hai2="1,2,6,10,14,51,53,56,77,78,79,98,99" /><INIT seed="2,2,2,0,4,97" ten="272,264,230,214" oya="2" hai0="79,55,89,70,125,2,91,36,50,18,16,34,109" hai1="3,82,94,84,66,22,15,104,43,115,7,96,26" hai2="20,40,11,119,8,4,88,92,113,49,93,122,10" hai3="130,127,62,27,13,38,117,86,108,106,65,33,107"/><V102/><F113/><W116/><G38/><T123/><D123/><U134/><E115/><V14/><F122/><W114/><G114/><T95/><D36/><U87/><E134/><V99/><F119/><W71/><G108/><T35/><D70/><U46/><E104/><N who="3" m="39978" /><G13/><T128/><D2/><U135/><E3/><V131/><F131/><W6/><G86/><T54/><D109/><U59/><E135/><V0/><F0/><W112/><G112/><T105/><D105/><U118/><E118/><N who="3" m="45674" /><G6/><T31/><D128/><U12/><E12/><V98/><REACH who="2" step="1"/><F20/><REACH who="2" ten="272,264,220,214" step="2"/><W74/><G130/><T64/><D35/><U124/><E22/><V9/><F9/><W1/><G1/><T72/><D34/><U23/><E23/><V76/><F76/><W111/><G111/><T78/><D79/><U52/><E124/><V29/><F29/><N who="3" m="19647" /><G74/><T133/><D72/><U51/><E26/><V39/><F39/><W25/><G25/><T24/><D24/><U63/><E43/><V41/><F41/><W61/><G127/><T69/><D125/><U60/><E60/><V73/><F73/><W44/><G62/><T45/><D78/><U129/><E129/><V21/><F21/><W53/><G53/><T126/><D55/><U85/><E63/><V68/><F68/><W103/><G61/><T17/><D126/><U110/><E52/><V19/><F19/><W57/><G71/><T83/><D69/><U101/><E110/><V5/><F5/><W80/><G65/><T90/><D64/><U42/><E66/><V120/><F120/><W121/><G121/><T132/><D133/><RYUUKYOKU ba="2,3" sc="272,-10,264,-10,220,30,214,-10" hai2="4,8,10,11,14,40,49,88,92,93,98,99,102" /><INIT seed="2,3,3,0,4,48" ten="262,254,250,204" oya="2" hai0="115,86,126,100,5,31,41,22,35,46,10,77,72" hai1="125,82,61,52,117,128,91,71,111,26,17,18,119" hai2="132,109,44,129,64,19,118,1,65,53,96,114,37" hai3="30,102,63,94,14,68,85,2,51,104,39,108,7"/><V130/><F1/><W42/><G2/><T6/><D115/><U56/><E71/><V110/><F114/><W47/><G104/><T93/><D126/><U59/><E125/><V81/><F118/><W11/><G108/><N who="2" m="41577" /><F132/><W79/><G30/><T75/><D35/><U106/><E106/><V24/><F96/><N who="3" m="59671" /><G39/><T113/><D113/><U3/><E3/><V97/><F97/><W134/><G68/><T16/><D31/><U116/><E111/><V9/><F81/><N who="3" m="47295" /><G134/><T55/><D55/><U15/><E128/><N who="2" m="49259" /><F37/><W4/><G63/><T103/><D72/><U95/><E117/><V135/><F135/><W28/><G28/><T27/><D75/><U66/><E119/><V12/><F24/><W13/><G13/><T43/><D27/><U25/><E116/><V92/><F92/><W124/><G124/><T101/><D93/><U50/><E82/><V33/><F33/><W38/><G38/><T54/><D103/><U99/><REACH who="1" step="1"/><E17/><AGARI ba="3,3" hai="4,7,11,14,17,42,47,51" m="47295,59671" machi="17" ten="30,1000,0" yaku="8,1" doraHai="48" who="3" fromWho="1" sc="262,0,254,-19,250,0,204,49" /><INIT seed="3,0,0,0,5,70" ten="262,235,250,253" oya="3" hai0="64,15,82,17,83,80,102,128,78,40,20,53,66" hai1="91,38,134,130,86,95,117,9,92,88,135,112,47" hai2="11,132,7,84,89,103,39,119,100,101,21,42,123" hai3="27,133,125,105,111,127,29,118,73,3,109,6,36"/><W129/><G105/><T8/><D128/><U85/><E117/><V44/><F119/><W10/><G118/><T41/><D78/><U124/><E130/><V115/><F115/><W106/><G129/><T51/><D102/><U113/><E124/><N who="3" m="47690" /><G106/><T32/><D32/><U37/><E47/><V79/><F79/><W69/><G69/><T61/><D61/><U122/><REACH who="1" step="1"/><E9/><REACH who="1" ten="262,225,250,253" step="2"/><V23/><F123/><AGARI ba="0,1" hai="37,38,85,86,88,91,92,95,112,113,122,123,134,135" machi="123" ten="25,12000,2" yaku="1,1,2,1,22,2,52,2,54,1,53,0" doraHai="70" doraHaiUra="74" who="1" fromWho="2" sc="262,0,225,130,250,-120,253,0" /><INIT seed="4,0,0,3,4,103" ten="262,355,130,253" oya="0" hai0="1,116,76,134,24,36,59,80,115,20,113,26,14" hai1="128,40,132,55,37,10,107,131,45,89,102,72,6" hai2="87,120,28,41,51,121,68,97,83,58,75,39,52" hai3="3,67,7,135,133,71,109,17,126,56,0,88,15"/><T92/><D116/><U25/><E132/><N who="3" m="50762" /><G71/><T54/><D134/><U49/><E72/><V16/><F75/><W95/><G7/><T35/><D1/><U44/><E89/><V85/><F28/><W104/><G104/><T130/><D130/><N who="1" m="49707" /><E25/><V33/><F33/><W62/><G126/><T99/><D36/><U125/><E125/><V61/><F97/><N who="3" m="57575" /><G109/><T30/><D14/><N who="1" m="5463" /><E102/><V78/><F87/><W117/><G117/><T19/><D76/><U5/><E5/><V34/><F34/><W118/><G118/><T22/><D80/><U9/><E9/><AGARI ba="0,0" hai="0,3,9,15,17,56,62,67" m="57575,50762" machi="9" ten="30,2000,0" yaku="20,1,54,1" doraHai="103" who="3" fromWho="1" sc="262,0,355,-20,130,0,253,20" /><INIT seed="5,0,0,0,4,19" ten="262,335,130,273" oya="1" hai0="59,125,65,36,109,11,48,14,123,46,100,121,68" hai1="31,15,117,2,39,91,5,99,21,135,1,8,27" hai2="69,101,22,93,111,126,38,61,33,120,78,9,47" hai3="73,51,110,6,132,35,133,67,13,86,44,130,112"/><U64/><E39/><V37/><F33/><W90/><G73/><T49/><D109/><U74/><E74/><V76/><F111/><W45/><G110/><T25/><D125/><U79/><E79/><V116/><F126/><W16/><G35/><T103/><D68/><U12/><E64/><V131/><F116/><W23/><G112/><T92/><D36/><U70/><E70/><V40/><F120/><N who="0" m="46154" /><D25/><U66/><E66/><V118/><F118/><W128/><G6/><T119/><D119/><U81/><E117/><V124/><F124/><W20/><G67/><T32/><D32/><N who="1" m="20607" /><E81/><V57/><F69/><W55/><G44/><T80/><D80/><U88/><E135/><N who="3" m="51786" /><G23/><T84/><D84/><U89/><E12/><V50/><F131/><W54/><G54/><N who="0" m="32207" /><D92/><AGARI ba="0,0" hai="13,16,20,45,51,55,86,90,92,128,130" m="51786" machi="92" ten="30,3900,0" yaku="20,1,52,1,54,1" doraHai="19" who="3" fromWho="0" sc="262,-39,335,0,130,0,273,39" /><INIT seed="6,0,0,1,1,33" ten="223,335,130,312" oya="2" hai0="75,1,86,26,105,102,116,87,70,5,63,47,135" hai1="53,126,129,106,27,23,52,107,100,4,40,37,35" hai2="90,59,16,58,76,62,124,17,101,112,11,66,38" hai3="88,73,60,85,46,3,71,122,109,49,50,115,55"/><V44/><F112/><W7/><G73/><T14/><D75/><U134/><E35/><V113/><F113/><W89/><G109/><T32/><D1/><U130/><E134/><V121/><F121/><W15/><G3/><T103/><D135/><U120/><E120/><V41/><F124/><W93/><G115/><T91/><D116/><U34/><E34/><V78/><F101/><W64/><G122/><T131/><D131/><U104/><E4/><V83/><F58/><W95/><G49/><T6/><D47/><N who="1" m="23951" /><E100/><V10/><F90/><W2/><G2/><T30/><D70/><U39/><E39/><V13/><REACH who="2" step="1"/><F83/><REACH who="2" ten="223,335,120,312" step="2"/><W57/><G71/><T110/><D103/><U117/><E126/><V43/><F43/><W12/><G7/><T8/><D6/><U54/><E129/><V96/><F96/><AGARI ba="0,1" hai="12,15,46,50,55,57,60,64,85,88,89,93,95,96" machi="96" ten="30,3900,0" yaku="7,1,8,1,54,1" doraHai="33" who="3" fromWho="2" sc="223,0,335,0,120,-39,312,49" /><INIT seed="7,0,0,4,4,43" ten="223,335,81,361" oya="3" hai0="38,132,111,73,95,118,37,44,103,133,10,119,22" hai1="114,127,80,101,124,94,112,104,70,98,58,36,65" hai2="99,72,134,34,100,35,76,18,62,21,57,42,91" hai3="2,85,46,41,28,26,55,32,1,107,68,6,79"/><W8/><G107/><T49/><D73/><U31/><E70/><V123/><F134/><N who="0" m="51818" /><D103/><U56/><E31/><V23/><F123/><W30/><G30/><T115/><D95/><U14/><E36/><V87/><F23/><W20/><G68/><T126/><D22/><U17/><E80/><V108/><F108/><W52/><G2/><T71/><D10/><U131/><E65/><V121/><F121/><W84/><G32/><T77/><D77/><U25/><E25/><V96/><F42/><W69/><G69/><T60/><D111/><U78/><E78/><V39/><F39/><N who="0" m="14858" /><D126/><N who="1" m="48171" /><E94/><V33/><F99/><W130/><G84/><T5/><D5/><U82/><E82/><V15/><F57/><W93/><G79/><T3/><D3/><U63/><E63/><V40/><F62/><W67/><G93/><T47/><D115/><N who="1" m="44075" /><E131/><V105/><F40/><W117/><G130/><T120/><D120/><U12/><E12/><V129/><F129/><W66/><G85/><T13/><D13/><U102/><E102/><V7/><F7/><W74/><G74/><T59/><D71/><U61/><E61/><V92/><REACH who="2" step="1"/><F35/><REACH who="2" ten="223,335,71,361" step="2"/><W50/><G117/><T128/><D128/><U88/><E88/><V19/><F19/><W113/><G113/><T51/><D118/><U16/><E17/><V4/><F4/><W110/><G110/><T45/><D119/><U109/><E109/><V106/><F106/><W27/><G27/><T89/><D89/><U64/><E64/><AGARI ba="0,1" hai="44,45,47,49,51,59,60,64" m="14858,51818" machi="64" ten="40,12000,2" yaku="20,1,34,2,52,3" doraHai="43" who="0" fromWho="1" sc="223,130,335,-120,71,0,361,0" owari="353,15.0,215,-18.0,71,-43.0,361,46.0" /></mjloggm>