<mjloggm ver="2.3"><GO type="169" lobby="0"/><UN n0="%64%64%6D%75" n1="%E3%81%8F%E3%82%8D%E3%81%AF%E3%81%A1" n2="%E3%82%A6%E3%83%AB%E3%83%88%E3%83%A9%E7%AB%8B%E7%9B%B4" n3="%E3%83%AF%E3%83%B3%E3%82%BF%E3%83%B3%EF%BC%A0%E6%A8%AA%E6%B5%9C" dan="16,16,16,16" rate="2108.11,2134.21,2172.95,2165.13" sx="M,M,M,M"/><TAIKYOKU oya="0"/><INIT seed="0,0,0,5,5,17" ten="250,250,250,250" oya="0" hai0="63,111,100,112,77,45,118,103,106,38,3,49,73" hai1="29,72,114,24,127,71,113,62,75,122,27,133,8" hai2="61,46,13,82,68,11,34,7,125,89,131,117,65" hai3="10,70,116,107,6,59,0,35,58,129,32,26,95"/><T115/><D118/><U78/><E122/><V130/><F34/><W135/><G107/><T128/><D3/><U76/><E8/><V60/><F117/><W102/><G116/><T2/><D2/><U31/><E62/><N who="2" m="39991" /><F46/><W19/><G70/><T37/><D128/><N who="2" m="49194" /><F125/><W20/><G135/><T87/><D73/><N who="1" m="28235" /><E71/><V123/><F123/><W134/><G134/><T54/><D63/><U105/><E105/><V53/><F53/><W55/><G129/><T48/><D48/><U66/><E66/><V21/><F21/><W81/><G81/><T41/><D37/><U91/><E91/><V67/><F67/><W16/><G19/><T74/><D74/><U42/><E42/><V120/><F120/><W99/><REACH who="3" step="1"/><G58/><REACH who="3" ten="250,250,250,240" step="2"/><T28/><D106/><U52/><E133/><V40/><F82/><W39/><G39/><T33/><D38/><U121/><E121/><V90/><F40/><W132/><G132/><T108/><D41/><U23/><E127/><V51/><F51/><AGARI ba="0,1" hai="0,6,10,16,20,26,32,35,51,55,59,95,99,102" machi="51" ten="30,8000,1" yaku="1,1,7,1,52,1,54,1,53,1" doraHai="17" doraHaiUra="12" who="3" fromWho="2" sc="250,0,250,0,250,-80,240,90" /><INIT seed="1,0,0,4,4,47" ten="250,250,170,330" oya="1" hai0="46,53,74,91,7,45,87,125,72,135,79,114,58" hai1="28,83,92,52,51,77,81,43,116,36,132,65,6" hai2="76,38,106,54,62,123,120,124,108,35,84,129,34" hai3="103,57,55,95,110,71,11,105,99,112,90,80,19"/><U96/><E116/><V59/><F106/><W17/><G112/><T122/><D114/><U94/><E132/><V60/><F38/><W37/><G71/><T12/><D135/><U8/><E65/><V26/><F108/><W111/><G37/><T127/><D122/><U49/><E36/><V67/><F129/><W21/><G80/><N who="0" m="45175" /><D72/><U44/><E28/><V119/><F119/><W33/><G33/><T5/><D12/><N who="1" m="5143" /><E77/><V131/><F131/><W9/><G19/><T13/><D13/><U68/><E68/><V88/><F76/><W98/><G110/><T61/><D5/><U2/><E2/><V97/><F97/><W30/><G30/><T130/><D7/><U63/><E63/><V23/><F124/><N who="0" m="47690" /><D130/><U113/><E113/><V16/><F123/><W31/><G111/><T25/><D25/><U42/><E42/><V3/><F3/><W29/><G9/><T128/><D128/><U15/><E15/><V109/><F120/><W102/><G11/><T18/><D18/><U75/><E75/><V64/><F109/><W14/><REACH who="3" step="1"/><G103/><REACH who="3" ten="250,250,170,320" step="2"/><T85/><D85/><U89/><E92/><AGARI ba="0,1" hai="45,46,53,58,61,87,91,92" m="47690,45175" machi="92" ten="30,1000,0" yaku="18,1" doraHai="47" who="0" fromWho="1" sc="250,20,250,-10,170,0,320,0" /><INIT seed="2,0,0,0,1,54" ten="270,240,170,320" oya="2" hai0="96,80,58,135,71,63,44,27,16,85,22,45,57" hai1="127,121,122,41,49,6,112,4,8,37,131,43,3" hai2="125,61,28,38,109,9,113,19,64,30,60,115,133" hai3="102,59,134,103,132,53,25,1,18,105,21,51,0"/><V108/><F38/><W118/><G118/><T33/><D135/><N who="3" m="51753" /><G105/><T34/><D71/><U46/><E112/><V17/><F133/><W67/><G67/><T40/><D96/><U119/><E119/><V29/><F125/><W116/><G116/><T7/><D7/><U32/><E127/><V126/><F126/><W73/><G73/><T55/><D58/><U76/><E32/><V111/><F9/><W128/><G128/><T10/><D10/><U120/><E131/><V98/><F98/><W50/><G50/><T91/><REACH who="0" step="1"/><D45/><REACH who="0" ten="260,240,170,320" step="2"/><U68/><E68/><V130/><F130/><W24/><G25/><T14/><D14/><U78/><E4/><V26/><F26/><W95/><G103/><T82/><D82/><U123/><E123/><V62/><F64/><W89/><G102/><T87/><D87/><AGARI ba="0,1" hai="0,1,18,21,24,51,53,59,87,89,95" m="51753" machi="87" ten="30,2000,0" yaku="20,1,52,1" doraHai="54" who="3" fromWho="0" sc="260,-20,240,0,170,0,320,30" /><INIT seed="3,0,0,3,3,45" ten="240,240,170,350" oya="3" hai0="50,14,69,113,102,80,4,53,87,131,41,119,34" hai1="5,71,8,30,122,56,75,93,99,62,43,65,24" hai2="72,9,135,116,61,118,127,104,39,54,100,88,90" hai3="52,91,57,82,130,73,109,29,79,49,3,64,111"/><W86/><G3/><T18/><D119/><U85/><E122/><V94/><F39/><W42/><G130/><T48/><D69/><U110/><E75/><V25/><F72/><W0/><G0/><T59/><D34/><U55/><E110/><N who="3" m="41994" /><G29/><T68/><D68/><U19/><E43/><V96/><F127/><W20/><G20/><T38/><D38/><U74/><E74/><V98/><F135/><W47/><G64/><T32/><D32/><U66/><E19/><V97/><F9/><W107/><G107/><T63/><D131/><U126/><E85/><V67/><F25/><W15/><G15/><T76/><D113/><U46/><E46/><V105/><F54/><W101/><G101/><T12/><D41/><U44/><E44/><V6/><F6/><W33/><G33/><T36/><D36/><U2/><E126/><V13/><F13/><W106/><G106/><T77/><D102/><U27/><E30/><V21/><F21/><W31/><G31/><T128/><D128/><U115/><E115/><V132/><F132/><W37/><G73/><T1/><D1/><U117/><E117/><V108/><F108/><W83/><G83/><T10/><D77/><AGARI ba="0,0" hai="37,42,47,49,52,57,77,79,82,86,91" m="41994" machi="77" ten="30,11600,0" yaku="14,1,10,1,52,1,54,1" doraHai="45" who="3" fromWho="0" sc="240,-116,240,0,170,0,350,116" /><INIT seed="3,1,0,3,3,61" ten="124,240,170,466" oya="3" hai0="106,97,41,112,130,58,123,44,80,77,98,62,65" hai1="25,92,10,120,37,133,1,76,23,109,57,84,75" hai2="0,86,113,56,78,33,91,119,68,71,96,103,82" hai3="70,31,2,129,17,8,63,105,9,126,47,94,108"/><W72/><G105/><T16/><D123/><U32/><E120/><V54/><F33/><W15/><G72/><T51/><D130/><U74/><E37/><V117/><F0/><W101/><G31/><T93/><D112/><U100/><E32/><V90/><F113/><W20/><G129/><T73/><D106/><U60/><E109/><V13/><F71/><W102/><G2/><T135/><D135/><U38/><E38/><V28/><F68/><W95/><G126/><T66/><D98/><U12/><E1/><V79/><F28/><W59/><G47/><T24/><D24/><U125/><E133/><V85/><F13/><W22/><G70/><T55/><REACH who="0" step="1"/><D16/><REACH who="0" ten="114,240,170,466" step="2"/><U4/><E125/><V83/><F119/><W39/><G17/><T19/><D19/><U128/><E128/><V64/><F117/><W121/><G121/><T21/><D21/><U49/><E23/><V99/><F99/><W114/><G22/><T29/><D29/><U107/><E25/><V48/><REACH who="2" step="1"/><F64/><REACH who="2" ten="114,240,160,466" step="2"/><W42/><G114/><T43/><D43/><U27/><E27/><V88/><F88/><AGARI ba="1,2" hai="41,44,51,55,58,62,65,66,73,77,80,88,93,97" machi="88" ten="30,8000,1" yaku="1,1,7,1,52,2,54,1,53,0" doraHai="61" doraHaiUra="134" who="0" fromWho="2" sc="114,103,240,0,160,-83,466,0" /><INIT seed="4,0,0,3,2,132" ten="217,240,77,466" oya="0" hai0="119,10,31,74,105,42,116,17,78,91,7,32,109" hai1="66,103,11,85,83,133,79,82,54,48,126,0,67" hai2="80,98,29,65,125,57,8,14,107,84,113,27,18" hai3="100,1,69,97,129,34,104,52,94,41,26,19,28"/><T81/><D105/><U112/><E133/><V55/><F113/><W56/><G1/><T13/><D109/><U9/><E112/><V23/><F107/><W73/><G73/><T24/><D42/><U25/><E103/><V4/><F125/><W6/><G6/><T72/><D72/><U49/><E126/><V35/><F98/><W117/><G117/><T22/><REACH who="0" step="1"/><D91/><REACH who="0" ten="207,240,77,466" step="2"/><N who="1" m="51639" /><E0/><AGARI ba="0,1" hai="0,7,10,13,17,22,24,31,32,74,78,81,116,119" machi="0" ten="30,11600,0" yaku="1,1,7,1,24,2,53,0" doraHai="132" doraHaiUra="128" who="0" fromWho="1" sc="207,126,240,-116,77,0,466,0" /><INIT seed="4,1,0,3,0,46" ten="333,124,77,466" oya="0" hai0="113,49,106,98,100,51,107,130,19,34,75,43,21" hai1="62,116,103,22,56,115,25,27,41,66,68,18,58" hai2="101,26,108,36,47,20,37,64,57,99,85,83,80" hai3="124,133,55,95,42,129,94,111,118,7,45,135,121"/><T134/><D34/><U9/><E116/><V5/><F108/><W97/><G118/><T126/><D75/><U72/><E72/><V132/><F5/><W77/><G111/><T2/><D2/><U102/><E115/><V81/><F132/><W90/><G121/><T91/><D134/><U76/><E76/><V53/><F64/><W112/><G77/><T50/><D113/><U69/><E41/><V61/><F47/><W17/><G112/><T12/><D130/><U86/><E86/><V122/><F122/><W31/><G129/><T114/><D114/><U29/><E9/><V4/><F4/><W65/><G65/><T33/><D33/><U82/><E82/><V44/><F44/><W88/><G31/><T6/><D126/><U87/><E87/><V89/><F37/><W10/><G17/><T60/><D6/><U59/><REACH who="1" step="1"/><E69/><REACH who="1" ten="333,114,77,466" step="2"/><V84/><F84/><W11/><G42/><T0/><D43/><U3/><E3/><V52/><F36/><W92/><G11/><T39/><D39/><U71/><E71/><V110/><F110/><W40/><G40/><T23/><D0/><U24/><E24/><V16/><REACH who="2" step="1"/><F53/><REACH who="2" ten="333,114,67,466" step="2"/><W8/><G55/><T79/><D79/><U30/><E30/><V109/><F109/><W127/><G133/><T123/><D123/><U13/><E13/><V48/><F48/><W119/><G135/><T70/><D50/><U78/><E78/><V104/><AGARI ba="1,2" hai="16,20,26,52,57,61,80,81,83,85,89,99,101,104" machi="104" ten="20,8000,1" yaku="1,1,0,1,7,1,54,2,53,0" doraHai="46" doraHaiUra="125" who="2" fromWho="2" sc="333,-41,114,-21,67,103,466,-21" /><INIT seed="5,0,0,4,4,59" ten="292,93,170,445" oya="1" hai0="7,6,23,9,41,36,94,130,101,22,42,62,25" hai1="56,99,102,48,129,127,115,103,26,63,82,113,31" hai2="107,77,85,133,126,124,74,39,122,72,51,20,131" hai3="128,0,28,55,78,88,35,33,37,112,108,73,132"/><U89/><E127/><V69/><F51/><W116/><RYUUKYOKU type="yao9" ba="0,0" sc="292,0,93,0,170,0,445,0" hai3="0,28,33,35,37,55,73,78,88,108,112,116,128,132" /><INIT seed="5,1,0,3,2,65" ten="292,93,170,445" oya="1" hai0="38,110,134,40,128,79,46,64,19,36,119,30,77" hai1="70,71,60,3,11,6,18,120,127,69,118,91,117" hai2="51,47,83,16,109,50,101,5,94,72,87,135,43" hai3="33,97,62,100,75,48,82,133,41,15,22,105,49"/><U96/><E120/><V20/><F109/><W31/><G41/><T59/><D110/><U76/><E76/><V63/><F135/><W42/><G42/><T12/><D119/><U13/><E127/><V85/><F5/><W28/><G133/><T106/><D106/><U7/><E60/><V61/><F72/><W125/><G125/><T78/><D128/><U130/><E130/><V23/><F51/><W32/><G31/><T2/><D2/><U86/><E96/><N who="2" m="59543" /><F23/><W29/><G29/><T111/><D111/><U25/><E25/><N who="2" m="14471" /><F87/><W0/><G0/><T115/><D30/><U66/><E66/><V112/><F112/><W132/><G132/><T114/><D134/><U39/><E39/><V113/><F113/><W99/><G32/><T58/><D38/><U81/><REACH who="1" step="1"/><E6/><REACH who="1" ten="292,83,170,445" step="2"/><V45/><F45/><W123/><G123/><T55/><D64/><U9/><AGARI ba="1,1" hai="3,7,9,11,13,18,69,70,71,81,86,91,117,118" machi="9" ten="40,18000,2" yaku="1,1,2,1,0,1,52,3,53,0" doraHai="65" doraHaiUra="121" who="1" fromWho="1" sc="292,-61,83,193,170,-61,445,-61" /><INIT seed="5,2,0,1,2,107" ten="231,276,109,384" oya="1" hai0="54,55,115,35,10,50,70,108,62,24,130,127,99" hai1="73,89,14,98,53,92,52,100,44,33,101,120,79" hai2="106,31,105,116,56,93,104,58,111,47,123,20,46" hai3="26,94,88,91,102,13,126,7,84,60,12,5,131"/><U81/><E120/><V85/><F123/><W69/><G102/><T110/><D108/><U117/><E117/><V68/><F116/><W119/><G119/><T135/><D110/><U77/><E33/><V48/><F68/><W29/><G131/><T121/><D121/><U124/><E124/><V3/><F3/><W128/><G128/><T83/><D35/><U95/><E77/><V112/><F111/><W17/><G13/><T41/><D70/><U86/><E44/><V45/><F112/><W6/><G60/><T71/><D71/><U87/><E101/><V132/><F132/><W129/><G69/><T63/><D63/><U4/><E73/><V43/><F48/><W59/><G59/><T28/><D28/><U27/><E27/><V118/><F118/><W67/><G67/><T0/><D0/><U61/><E61/><V113/><F113/><W96/><G129/><T72/><D72/><U23/><E23/><V125/><F125/><W2/><G2/><T65/><D65/><U38/><E38/><V64/><F64/><W32/><G126/><T82/><D127/><U114/><E114/><V21/><F43/><W16/><REACH who="3" step="1"/><G12/><REACH who="3" ten="231,276,109,374" step="2"/><T57/><D62/><U51/><E14/><V36/><F58/><W22/><G22/><T18/><D57/><U19/><E100/><V39/><F56/><W42/><G42/><T30/><D41/><U109/><E109/><V97/><F21/><W9/><G9/><T49/><D10/><U80/><E53/><V134/><F20/><W90/><G90/><T133/><D55/><U25/><E52/><V103/><F103/><RYUUKYOKU ba="2,1" sc="231,-10,276,-10,109,-10,374,30" hai3="5,6,7,16,17,26,29,32,84,88,91,94,96" /><INIT seed="6,3,1,5,1,1" ten="221,266,99,404" oya="2" hai0="129,15,120,41,71,116,57,53,32,20,106,31,131" hai1="81,21,118,112,134,44,46,84,37,59,119,76,16" hai2="17,49,101,122,47,65,126,109,63,58,111,117,103" hai3="64,93,87,68,0,60,8,89,25,79,54,130,73"/><V110/><F122/><W83/><G130/><N who="0" m="49675" /><D120/><U26/><E112/><V40/><F117/><W74/><G25/><N who="0" m="18543" /><D106/><U105/><E105/><V51/><F126/><W107/><G54/><T13/><D71/><U114/><E114/><V2/><F2/><W115/><G115/><T78/><D78/><U24/><E134/><V108/><N who="2" m="27648" /><DORA hai="95" /><V19/><REACH who="2" step="1"/><F51/><REACH who="2" ten="221,266,89,404" step="2"/><W98/><G0/><T97/><D116/><U66/><E119/><V70/><F70/><W12/><G107/><T132/><D132/><U3/><E118/><V99/><F99/><W42/><G98/><T100/><D97/><U5/><E3/><V91/><F91/><W135/><G89/><T43/><D100/><AGARI ba="3,2" hai="17,19,40,47,49,58,63,65,100,101,103" m="27648" machi="100" ten="70,6800,0" yaku="1,1,10,1,53,0" doraHai="1,95" doraHaiUra="23,48" who="2" fromWho="0" sc="221,-77,266,0,89,97,404,0" /><INIT seed="6,4,0,4,3,32" ten="144,266,186,404" oya="2" hai0="83,116,110,2,124,67,60,119,113,63,5,57,87" hai1="30,14,50,82,19,62,52,13,76,47,129,114,85" hai2="16,33,101,118,130,43,91,104,78,29,7,21,94" hai3="92,48,95,133,10,44,88,97,49,61,3,123,125"/><V103/><F118/><N who="0" m="45098" /><D110/><U75/><E114/><V128/><F78/><W70/><G123/><T65/><D113/><U51/><E129/><N who="2" m="49771" /><F104/><W25/><G133/><T46/><D124/><U31/><E75/><V77/><F77/><W39/><G125/><T115/><D46/><N who="1" m="27735" /><E62/><N who="0" m="23593" /><D115/><U73/><E73/><V17/><F43/><W132/><G132/><T126/><D57/><U0/><E0/><V22/><F7/><W109/><G109/><T105/><D105/><U36/><E36/><V42/><F42/><W90/><G39/><T68/><D68/><U28/><E19/><N who="2" m="7243" /><F33/><W12/><G70/><T89/><D126/><U20/><E20/><N who="2" m="7787" /><F29/><W93/><G97/><AGARI ba="4,0" hai="91,94,97,101,103" m="7787,7243,49771" machi="97" ten="30,2900,0" yaku="19,1,54,1" doraHai="32" who="2" fromWho="3" sc="144,0,266,0,186,41,404,-41" /><INIT seed="6,5,0,5,3,70" ten="144,266,227,363" oya="2" hai0="5,105,124,103,123,85,102,35,93,127,46,41,15" hai1="125,80,97,91,95,82,25,92,61,88,24,29,74" hai2="76,4,62,131,26,72,50,55,128,42,71,113,107" hai3="63,129,58,40,52,23,3,19,28,21,132,10,68"/><V117/><F107/><W49/><G129/><N who="2" m="49737" /><F4/><W135/><G28/><T81/><D123/><U34/><E125/><V18/><F117/><W112/><G112/><T64/><D35/><U22/><E74/><V69/><F113/><W16/><G3/><T60/><D105/><U66/><E25/><V7/><F7/><W99/><G99/><T12/><D93/><U44/><E44/><V43/><F76/><W116/><G116/><T73/><D73/><U90/><E34/><V78/><F78/><W111/><G111/><T59/><D127/><U121/><E121/><V33/><F72/><W89/><G89/><T48/><D124/><U86/><E91/><V36/><F18/><W75/><G75/><T94/><D94/><U1/><E1/><V104/><F104/><W27/><G10/><N who="0" m="4175" /><D15/><U120/><E120/><V2/><F2/><W65/><REACH who="3" step="1"/><G40/><REACH who="3" ten="144,266,227,353" step="2"/><T6/><D6/><U96/><E86/><V118/><F43/><W109/><G109/><T106/><D106/><U31/><E29/><V11/><F118/><W32/><G32/><T134/><D134/><U17/><E31/><V67/><F11/><W133/><G133/><T53/><D41/><U47/><REACH who="1" step="1"/><E47/><REACH who="1" ten="144,256,227,353" step="2"/><V108/><F108/><W87/><G87/><T77/><AGARI ba="5,2" hai="46,48,53,59,60,64,77,81,85,102,103" m="4175" machi="77" ten="30,1100,0" yaku="8,1" doraHai="70" who="0" fromWho="0" sc="144,46,256,-8,227,-10,353,-8" /><INIT seed="7,0,0,0,3,78" ten="190,248,217,345" oya="3" hai0="121,41,26,135,69,55,34,93,8,84,13,20,58" hai1="9,92,10,88,123,42,99,131,106,27,65,6,43" hai2="126,7,2,71,35,19,80,90,98,134,48,125,103" hai3="53,25,54,87,96,114,91,79,129,47,95,52,81"/><W118/><G114/><T38/><D34/><U117/><E123/><V102/><F71/><W51/><G118/><T28/><D121/><U50/><E117/><V85/><F35/><W67/><G129/><T73/><D73/><U76/><E131/><V113/><F113/><W0/><G0/><T59/><D69/><U133/><E133/><V32/><F32/><W127/><G127/><N who="2" m="48649" /><F134/><W18/><G67/><T64/><D135/><U100/><E65/><V22/><F48/><W108/><G108/><T21/><D64/><U30/><E76/><V115/><F115/><W63/><G63/><T44/><D21/><AGARI ba="0,0" hai="18,21,25,47,51,52,53,54,79,81,87,91,95,96" machi="21" ten="40,7700,0" yaku="8,1,52,1,54,1" doraHai="78" who="3" fromWho="0" sc="190,-77,248,0,217,0,345,77" owari="113,-39.0,248,5.0,217,-18.0,422,52.0" /></mjloggm>