<mjloggm ver="2.3"><GO type="169" lobby="0"/><UN n0="%58%E7%8C%AB" n1="%E3%82%A6%E3%83%AB%E3%83%88%E3%83%A9%E7%AB%8B%E7%9B%B4" n2="%E3%81%BB%E3%81%97%E3%81%8D%E3%82%85%E3%83%BC%2B%2B" n3="%E3%82%B8%E3%83%A3%E3%83%9F%E3%83%A9%E3%82%B9" dan="16,17,16,16" rate="2087.05,2158.39,2065.20,2030.64" sx="M,M,M,M"/><TAIKYOKU oya="0"/><INIT seed="0,0,0,1,2,1" ten="250,250,250,250" oya="0" hai0="79,117,20,10,24,122,36,118,114,78,42,124,39" hai1="33,55,44,131,120,51,80,123,60,104,85,23,66" hai2="56,29,100,46,71,74,110,61,7,34,89,27,133" hai3="54,12,76,90,109,83,65,107,82,30,112,70,15"/><T58/><D122/><U63/><E33/><V37/><F110/><W40/><G109/><T59/><D114/><U106/><E131/><V125/><F125/><W48/><G40/><T19/><D124/><U135/><E135/><V0/><F133/><W126/><G107/><T92/><D92/><U31/><E106/><V127/><F127/><W84/><G126/><T22/><D10/><U128/><E104/><V132/><F132/><W50/><G30/><T86/><D42/><U5/><E128/><V62/><F100/><W2/><G2/><T97/><D86/><U75/><E75/><V3/><F89/><W43/><G112/><T64/><D64/><U111/><E111/><V26/><F26/><W72/><G43/><T115/><D115/><U91/><E5/><V11/><F56/><W116/><G116/><T130/><D130/><U41/><E31/><V69/><F74/><W95/><G83/><T17/><REACH who="0" step="1"/><D24/><REACH who="0" ten="240,250,250,250" step="2"/><U47/><E66/><V21/><F11/><W81/><G95/><T13/><D13/><U93/><E93/><V87/><F87/><W73/><G15/><T16/><D16/><U99/><E123/><V102/><F0/><W6/><G12/><T14/><D14/><U57/><E120/><V32/><F3/><W35/><G65/><T18/><D18/><U94/><E41/><V38/><F27/><W77/><G84/><T88/><D88/><U113/><E113/><V68/><F102/><W8/><G73/><T49/><D49/><U53/><E51/><V129/><F129/><W4/><G50/><T52/><D52/><U45/><E55/><RYUUKYOKU ba="0,1" sc="240,30,250,-10,250,-10,250,-10" hai0="17,19,20,22,36,39,58,59,78,79,97,117,118" /><INIT seed="0,1,1,1,2,45" ten="270,240,240,240" oya="0" hai0="2,32,89,82,16,41,91,111,42,34,39,46,33" hai1="8,38,126,95,14,53,10,83,81,128,88,78,121" hai2="116,31,67,70,79,115,4,65,62,118,43,6,135" hai3="55,101,102,130,105,129,107,133,27,7,124,131,37"/><T93/><D2/><U28/><E121/><V52/><F115/><W113/><G7/><T80/><D111/><U86/><E38/><V51/><F135/><W99/><G37/><T76/><D42/><U21/><E128/><V19/><F67/><W66/><G27/><T50/><D39/><U77/><E126/><V123/><F123/><W24/><G24/><T30/><D30/><U17/><E28/><V117/><F43/><W36/><G36/><T114/><D114/><U73/><REACH who="1" step="1"/><E53/><REACH who="1" ten="270,230,240,240" step="2"/><V100/><F31/><W132/><G55/><T22/><D89/><U96/><AGARI ba="1,2" hai="8,10,14,17,21,73,77,78,81,83,86,88,95,96" machi="96" ten="20,8000,1" yaku="1,1,2,1,0,1,7,1,54,1,53,0" doraHai="45" doraHaiUra="29" who="1" fromWho="1" sc="270,-41,230,103,240,-21,240,-21" /><INIT seed="1,0,0,0,4,0" ten="229,333,219,219" oya="1" hai0="131,28,58,25,12,122,4,93,15,33,13,8,135" hai1="71,39,24,48,132,118,6,90,124,86,5,38,36" hai2="56,32,67,54,40,73,95,125,1,65,21,19,116" hai3="110,123,72,18,127,27,79,104,126,120,11,42,97"/><U89/><E118/><V106/><F116/><W129/><G42/><T107/><D107/><U80/><E71/><V68/><F106/><W94/><G27/><T103/><D103/><U101/><E101/><V50/><F32/><W17/><G11/><T102/><D102/><U114/><E114/><V46/><F125/><N who="3" m="47627" /><G17/><T47/><D47/><U59/><E124/><V119/><F119/><W112/><G18/><T10/><D131/><U134/><E24/><V53/><F73/><W75/><G112/><T31/><D93/><U57/><E89/><V100/><F1/><W2/><G2/><N who="0" m="23" /><D58/><N who="1" m="22027" /><E48/><N who="2" m="26695" /><F54/><W41/><G41/><T20/><D135/><AGARI ba="0,0" hai="5,6,36,38,39,80,86,90,132,134,135" m="22027" machi="135" ten="40,7700,0" yaku="20,1,52,2" doraHai="0" who="1" fromWho="0" sc="229,-77,333,77,219,0,219,0" /><INIT seed="1,1,0,2,2,9" ten="152,410,219,219" oya="1" hai0="130,75,33,93,104,51,87,84,114,90,106,95,43" hai1="38,123,135,89,63,30,81,82,126,1,20,103,59" hai2="76,18,24,2,34,45,60,70,78,73,58,5,112" hai3="110,15,109,127,92,42,46,107,16,88,111,128,57"/><U31/><E123/><V53/><F112/><W97/><G128/><T37/><D33/><U68/><E68/><V48/><F70/><W121/><G121/><T105/><D37/><U118/><E118/><V62/><F73/><W0/><G0/><T65/><D65/><U86/><E1/><V3/><F3/><W27/><G57/><T74/><D43/><U99/><E38/><V134/><F134/><W77/><G77/><N who="2" m="29801" /><F2/><W100/><G127/><T122/><D51/><U28/><E135/><V98/><F34/><W17/><G27/><T119/><D122/><U25/><E126/><V80/><F5/><W131/><G131/><T41/><D41/><U113/><E82/><V94/><F80/><W56/><G56/><T44/><D44/><U69/><E113/><V132/><F132/><W120/><G120/><T54/><D54/><U102/><E69/><V19/><F24/><W115/><G115/><T10/><D10/><U125/><E125/><V32/><F32/><W47/><G17/><N who="2" m="6153" /><F45/><W21/><G42/><T6/><D6/><U91/><E31/><V14/><F14/><W116/><REACH who="3" step="1"/><G116/><REACH who="3" ten="152,410,219,209" step="2"/><T26/><D114/><U52/><E30/><V72/><F72/><N who="0" m="27690" /><D119/><U83/><E28/><V64/><F64/><W29/><G29/><T40/><D40/><U50/><E25/><V4/><F4/><W22/><G22/><T108/><D130/><U96/><E20/><V79/><F79/><W85/><AGARI ba="1,1" hai="15,16,21,46,47,85,88,92,97,100,107,109,110,111" machi="85" ten="30,12000,2" yaku="1,1,0,1,14,1,52,1,54,2,53,0" doraHai="9" doraHaiUra="124" who="3" fromWho="3" sc="152,-31,410,-61,219,-31,209,133" /><INIT seed="2,0,0,3,3,47" ten="121,349,188,342" oya="2" hai0="120,25,32,122,35,72,129,63,17,24,133,92,44" hai1="75,38,57,70,33,86,97,5,80,118,62,78,36" hai2="23,94,99,95,59,53,29,126,77,69,50,90,15" hai3="1,45,76,105,93,89,91,43,2,66,6,132,60"/><V4/><F126/><W3/><G105/><T40/><D72/><U117/><E5/><V54/><F69/><W67/><G132/><T46/><D133/><U42/><E86/><V102/><F77/><W84/><G76/><T114/><D114/><U104/><E57/><V134/><F134/><W110/><G110/><T127/><D127/><U100/><E33/><V109/><F109/><W111/><G111/><T79/><D79/><U16/><E16/><N who="2" m="10655" /><F4/><W48/><G6/><T113/><D113/><U55/><E55/><N who="2" m="32247" /><F29/><W131/><G131/><T108/><D129/><U26/><E26/><V123/><F123/><W37/><G37/><N who="1" m="14442" /><E42/><V82/><F82/><W128/><G128/><T19/><D108/><U87/><E87/><AGARI ba="0,0" hai="53,54,87,90,94,95,99,102" m="32247,10655" machi="87" ten="30,11600,0" yaku="25,1,8,1,52,1,54,1" doraHai="47" who="2" fromWho="1" sc="121,0,349,-116,188,116,342,0" /><INIT seed="2,1,0,1,1,82" ten="121,233,304,342" oya="2" hai0="99,35,46,133,5,128,20,19,86,29,49,81,32" hai1="18,1,108,72,115,129,47,0,73,127,48,94,52" hai2="112,14,132,111,40,130,13,69,31,28,123,67,8" hai3="44,104,9,116,53,59,100,16,24,117,22,70,98"/><V33/><F123/><W90/><G70/><T41/><D133/><U134/><E115/><V85/><F112/><W55/><G9/><T103/><D128/><U114/><E114/><V42/><F132/><W102/><G102/><T34/><D5/><U23/><E134/><V60/><F111/><W107/><G107/><T118/><D29/><U25/><E129/><V66/><F130/><W15/><G24/><T135/><D135/><U125/><E108/><V95/><F67/><W38/><G90/><T57/><D57/><U71/><E71/><V91/><F14/><W96/><G98/><T83/><D118/><U89/><E0/><V119/><F119/><W61/><REACH who="3" step="1"/><G53/><REACH who="3" ten="121,233,304,332" step="2"/><T26/><REACH who="0" step="1"/><D86/><REACH who="0" ten="111,233,304,332" step="2"/><N who="1" m="52535" /><E1/><V75/><F75/><W79/><G79/><T101/><D101/><U56/><E73/><V17/><REACH who="2" step="1"/><F33/><REACH who="2" ten="111,233,294,332" step="2"/><W4/><G4/><T54/><D54/><U76/><E72/><V126/><F126/><W88/><G88/><T64/><D64/><U68/><E76/><V131/><F131/><W121/><G121/><T106/><AGARI ba="1,3" hai="19,20,26,32,34,35,41,46,49,81,83,99,103,106" machi="106" ten="30,2000,0" yaku="1,1,0,1,53,0" doraHai="82" doraHaiUra="27" who="0" fromWho="0" sc="111,53,233,-6,294,-11,332,-6" /><INIT seed="3,0,0,1,5,23" ten="164,227,283,326" oya="3" hai0="115,58,74,0,78,90,92,27,7,112,76,101,135" hai1="75,77,26,56,88,107,20,128,97,86,12,124,35" hai2="14,22,3,65,102,11,110,42,85,70,24,55,10" hai3="2,96,33,66,100,83,6,118,38,30,125,57,52"/><W114/><G38/><T94/><D135/><U91/><E128/><V28/><F110/><W89/><G114/><N who="0" m="43563" /><D7/><U119/><E124/><V47/><F3/><W67/><G118/><T32/><D0/><U134/><E134/><V50/><F70/><W71/><G125/><T72/><D58/><U122/><E119/><V130/><F65/><W59/><G71/><T116/><D116/><U120/><E35/><V41/><F130/><W111/><G111/><T104/><D32/><U84/><E12/><V73/><F73/><N who="0" m="28266" /><D27/><U5/><E5/><N who="2" m="3439" /><F102/><W39/><G59/><T87/><D104/><U109/><E56/><V121/><F121/><W131/><G131/><T46/><D46/><U48/><E109/><V126/><F126/><W98/><G57/><T43/><D43/><N who="2" m="16394" /><F10/><W61/><G33/><T117/><D117/><U105/><E107/><V44/><F44/><W4/><G4/><T17/><D17/><U79/><E105/><V64/><F64/><W103/><G6/><T16/><D16/><U132/><E132/><V53/><F53/><W15/><G52/><T51/><D51/><U69/><E48/><V62/><F62/><W25/><G61/><T45/><D45/><U36/><E69/><V49/><F49/><W129/><G67/><T82/><D101/><U99/><E36/><V13/><F13/><W81/><G15/><T21/><D21/><U54/><E20/><V8/><F8/><W123/><G39/><T127/><D127/><U93/><E54/><V40/><F40/><W63/><G2/><T34/><D34/><U60/><E60/><V31/><F31/><RYUUKYOKU ba="0,0" sc="164,15,227,-15,283,15,326,-15" hai0="76,78,82,87,90,92,94" hai2="22,24,28,47,50,55,85" /><INIT seed="4,1,0,2,3,101" ten="179,212,298,311" oya="0" hai0="111,4,50,54,7,129,93,85,56,83,75,34,130" hai1="13,119,8,124,57,118,110,29,63,133,46,66,97" hai2="91,64,104,47,106,3,18,125,123,53,135,12,68" hai3="90,37,80,120,0,70,14,103,32,74,9,40,55"/><T25/><D75/><U88/><E110/><V82/><F123/><W39/><G90/><T102/><D111/><U71/><E124/><V100/><F125/><W134/><G55/><T76/><D34/><U96/><E133/><V84/><F3/><W128/><G103/><T99/><REACH who="0" step="1"/><D25/><REACH who="0" ten="169,212,298,311" step="2"/><U17/><E119/><V59/><F135/><W77/><G32/><T132/><D132/><U31/><E118/><V121/><F121/><W51/><G74/><T107/><D107/><U22/><E71/><V94/><F106/><W44/><G70/><T38/><D38/><U23/><E31/><V81/><F104/><W92/><G39/><T52/><D52/><U131/><E29/><V48/><F68/><W114/><G37/><T105/><D105/><U26/><E26/><V5/><F53/><W45/><G134/><T60/><D60/><U86/><E131/><AGARI ba="1,1" hai="4,7,50,54,56,76,83,85,93,99,102,129,130,131" machi="131" ten="40,7700,0" yaku="1,1,19,1,53,1" doraHai="101" doraHaiUra="95" who="0" fromWho="1" sc="169,90,212,-80,298,0,311,0" /><INIT seed="4,2,0,3,0,30" ten="259,132,298,311" oya="0" hai0="10,97,126,42,119,20,63,113,92,1,3,71,15" hai1="21,109,26,127,79,27,88,32,22,69,17,90,117" hai2="115,98,5,76,84,60,81,49,112,64,110,25,13" hai3="66,91,123,57,43,124,47,41,35,9,2,67,52"/><T24/><D119/><U111/><E69/><V100/><F110/><W74/><G74/><T33/><D113/><N who="2" m="43594" /><F49/><W103/><G103/><T62/><D126/><U72/><E72/><V12/><F25/><W101/><G91/><T129/><D129/><U34/><E79/><V70/><F5/><W77/><G35/><T104/><D42/><U121/><E17/><V107/><AGARI ba="2,0" hai="12,13,60,64,70,76,81,84,98,100,107" m="43594" machi="107" ten="30,1100,0" yaku="15,1" doraHai="30" who="2" fromWho="2" sc="259,-7,132,-5,298,17,311,-5" /><INIT seed="5,0,0,4,4,120" ten="252,127,315,306" oya="1" hai0="80,111,106,66,63,114,72,115,69,67,21,124,125" hai1="5,93,64,57,2,70,91,36,88,3,34,84,134" hai2="83,1,42,10,102,56,51,28,132,16,47,54,41" hai3="112,123,55,107,7,95,46,62,79,61,25,39,98"/><U130/><E70/><V89/><F132/><W40/><G7/><T126/><D21/><U4/><E34/><V100/><F28/><W73/><G25/><T8/><D8/><U59/><E36/><V94/><F83/><W48/><G107/><T45/><D106/><U118/><E118/><V17/><F1/><W92/><G92/><T86/><D72/><U38/><E38/><V85/><F41/><W77/><G112/><N who="0" m="43051" /><D45/><U135/><E130/><V103/><REACH who="2" step="1"/><F10/><REACH who="2" ten="252,127,305,306" step="2"/><W60/><G40/><T15/><D15/><U11/><E3/><V35/><F35/><W116/><G79/><N who="0" m="46367" /><D67/><U30/><E64/><V50/><AGARI ba="0,1" hai="16,17,42,47,50,51,54,56,85,89,94,100,102,103" machi="50" ten="30,7900,0" yaku="1,1,0,1,8,1,54,1,53,0" doraHai="120" doraHaiUra="6" who="2" fromWho="2" sc="252,-20,127,-39,305,89,306,-20" /><INIT seed="6,0,0,4,2,88" ten="232,88,394,286" oya="2" hai0="54,115,85,6,30,21,26,132,103,31,83,23,15" hai1="76,112,60,108,122,90,58,121,42,118,4,48,101" hai2="35,19,63,96,45,53,81,10,18,107,102,36,74" hai3="124,55,100,44,77,28,64,5,113,131,8,27,7"/><V134/><F35/><W106/><G77/><T104/><D132/><U109/><E101/><V99/><F99/><W11/><G64/><T33/><D115/><U65/><E76/><V119/><F119/><W87/><G87/><T41/><D54/><N who="1" m="32071" /><E90/><V37/><F134/><W13/><G113/><T0/><D103/><U98/><E98/><V62/><F74/><W71/><G71/><T92/><D104/><U25/><E25/><V97/><F97/><W95/><G95/><T110/><D41/><U2/><E4/><V12/><F81/><W105/><G100/><T73/><D110/><U130/><E2/><V86/><F86/><W9/><G55/><T56/><D73/><U68/><E112/><V117/><F117/><W126/><G11/><T32/><D83/><U49/><E118/><V79/><F10/><W125/><G126/><T52/><D0/><U129/><E49/><V14/><F79/><W128/><G13/><T120/><D120/><N who="1" m="46187" /><E42/><V114/><F114/><W3/><G3/><T133/><D133/><U67/><E67/><V22/><F14/><W78/><G78/><T93/><D85/><U66/><E66/><V46/><F12/><W43/><G43/><T16/><D6/><U123/><N who="1" m="46195" /><U84/><DORA hai="50" /><E84/><V127/><F96/><W91/><G27/><N who="0" m="16767" /><D33/><U29/><E29/><V111/><F102/><W116/><G28/><T69/><D32/><U47/><E47/><V75/><F107/><W72/><G116/><T135/><D135/><U40/><E40/><V70/><F75/><W80/><G72/><T39/><D31/><U89/><E89/><RYUUKYOKU ba="0,0" sc="232,-10,88,30,394,-10,286,-10" hai1="60,65,68,108,109,129,130" /><INIT seed="7,1,0,4,3,86" ten="222,118,384,276" oya="3" hai0="3,59,58,33,54,38,55,117,82,104,69,23,47" hai1="134,123,95,115,121,9,84,53,25,57,85,27,87" hai2="36,30,66,68,125,122,37,126,65,132,91,22,114" hai3="62,2,60,77,113,10,26,8,98,99,50,90,108"/><W81/><G50/><T129/><D33/><U102/><E115/><V4/><F132/><W0/><G26/><T40/><D104/><U44/><E134/><V21/><F114/><W67/><G67/><N who="2" m="25609" /><F68/><W52/><G77/><T107/><D69/><U127/><E127/><N who="2" m="48651" /><F122/><W133/><G81/><T135/><D107/><U106/><E106/><V112/><F112/><W28/><G28/><T105/><D105/><U128/><E128/><V11/><F91/><W109/><G90/><T39/><D3/><U111/><E111/><V18/><F30/><W72/><G113/><T43/><D135/><U75/><E75/><V71/><F71/><W64/><G133/><T7/><D129/><U124/><E124/><V15/><F22/><W49/><G49/><T34/><D34/><U61/><E123/><V119/><F119/><W94/><G94/><T24/><D117/><U103/><E121/><V45/><F45/><W63/><G63/><T74/><D23/><U48/><E9/><V96/><F96/><W97/><G97/><T35/><D35/><U80/><E80/><V31/><F31/><W93/><G93/><T78/><D24/><AGARI ba="1,0" hai="4,11,15,18,21,24,36,37" m="48651,25609" machi="24" ten="30,1000,0" yaku="18,1" doraHai="86" who="2" fromWho="0" sc="222,-13,118,0,384,13,276,0" owari="209,-19.0,118,-38.0,397,49.0,276,8.0" /></mjloggm>