<mjloggm ver="2.3"><GO type="169" lobby="0"/><UN n0="%E3%83%88%E3%83%88%E3%83%AA%E5%85%88%E7%94%9F%31%39%E6%AD%B3" n1="%E3%82%86%E3%81%84%E3%81%A1%E3%82%83%E3%82%93%E3%81%AE%E3%83%91%E3%83%91" n2="%E2%98%85%E9%A2%A8%E3%81%AE%E8%B0%B7%E2%98%85" n3="%68%61%79%61%74%6F%E2%98%86" dan="18,18,16,17" rate="2278.60,2148.42,2169.54,2137.23" sx="F,M,M,M"/><TAIKYOKU oya="0"/><INIT seed="0,0,0,3,1,60" ten="250,250,250,250" oya="0" hai0="23,104,9,56,25,134,63,29,119,118,45,40,76" hai1="8,122,4,57,89,5,77,135,14,75,50,127,124" hai2="53,49,96,120,15,98,1,12,113,111,27,73,21" hai3="114,28,36,38,116,69,67,41,51,11,74,93,68"/><T102/><D134/><U94/><E122/><V62/><F73/><W0/><G74/><T105/><D76/><U39/><E39/><V71/><F1/><W59/><G28/><T35/><D9/><U83/><E135/><V19/><F120/><W2/><G93/><T61/><D61/><U37/><E37/><V16/><F111/><W100/><G59/><T84/><D84/><U103/><E103/><V87/><F87/><W18/><G51/><T109/><D109/><U121/><E121/><V90/><F113/><W72/><G72/><T82/><D82/><U79/><E79/><V46/><F90/><W117/><G11/><T131/><D131/><U110/><E110/><V44/><F44/><W34/><G41/><T48/><D35/><U95/><E4/><V26/><F98/><W66/><G18/><T112/><D102/><U107/><E107/><V6/><F6/><W106/><G100/><T125/><D112/><U81/><E81/><V92/><F92/><W3/><G3/><T123/><D123/><U128/><E128/><V126/><F96/><W24/><G34/><T85/><D85/><U47/><E94/><V108/><F108/><W86/><G86/><T91/><D91/><U64/><E89/><V78/><F78/><W42/><G106/><N who="0" m="41067" /><D125/><U10/><E95/><V101/><F126/><W43/><G114/><T31/><D31/><U88/><E88/><V17/><F101/><W99/><G99/><T22/><D22/><U54/><REACH who="1" step="1"/><E10/><REACH who="1" ten="250,240,250,250" step="2"/><N who="2" m="6167" /><F19/><W32/><G32/><T7/><D7/><U80/><E80/><V115/><F115/><W97/><G97/><RYUUKYOKU ba="0,1" sc="250,0,240,0,250,0,250,0" hai0="23,25,29,40,45,48,56,63,118,119" hai1="5,8,14,47,50,54,57,64,75,77,83,124,127" hai2="15,17,21,26,27,46,49,53,62,71" hai3="0,2,24,36,38,42,43,66,67,68,69,116,117" /><INIT seed="0,1,1,1,2,105" ten="250,240,250,250" oya="0" hai0="6,72,3,52,100,46,51,49,115,11,7,14,9" hai1="82,103,126,96,91,116,125,8,15,95,109,84,16" hai2="56,107,27,119,22,36,88,61,33,74,85,63,37" hai3="98,50,122,41,10,113,70,130,112,26,135,80,78"/><T13/><D115/><U123/><E123/><V32/><F107/><W93/><G70/><T69/><D69/><U132/><E116/><V66/><F119/><W35/><G122/><T90/><D72/><U79/><E109/><V89/><F74/><W17/><G130/><T64/><D64/><U131/><E131/><V1/><F1/><W124/><G124/><T2/><D100/><U21/><E132/><V108/><F89/><W60/><G60/><T31/><D31/><U129/><E129/><V83/><F108/><W127/><G127/><T101/><D101/><U0/><E0/><V59/><F37/><W106/><G106/><T19/><D19/><U120/><E120/><V133/><F36/><W104/><G104/><T18/><D18/><U117/><E117/><V92/><F83/><W45/><G135/><T94/><REACH who="0" step="1"/><D49/><REACH who="0" ten="240,240,250,250" step="2"/><U65/><E65/><V111/><F133/><W34/><G17/><T43/><D43/><U28/><E103/><V99/><F111/><W44/><G50/><T87/><AGARI ba="1,2" hai="2,3,6,7,9,11,13,14,46,51,52,87,90,94" machi="87" ten="20,12000,1" yaku="1,1,0,1,7,1,9,1,54,1,53,0" doraHai="105" doraHaiUra="73" who="0" fromWho="0" sc="240,143,240,-41,250,-41,250,-41" /><INIT seed="0,2,0,5,1,20" ten="383,199,209,209" oya="0" hai0="44,77,117,76,123,128,8,119,114,14,67,107,32" hai1="16,52,51,45,91,61,22,5,41,126,54,109,50" hai2="127,86,103,31,121,111,36,83,30,56,19,25,131" hai3="33,113,101,134,72,43,18,59,48,102,130,46,97"/><T28/><D114/><U105/><E105/><V78/><F121/><W11/><G113/><T4/><D123/><U62/><E109/><V104/><F36/><W0/><G72/><T58/><D107/><U42/><E5/><V120/><F120/><W66/><G130/><T63/><D128/><U122/><E122/><V10/><F131/><W69/><G69/><T88/><D44/><N who="1" m="27751" /><E126/><V99/><F111/><W108/><G33/><T60/><D117/><U2/><E2/><V118/><F127/><W38/><G108/><T116/><D116/><U23/><E23/><V64/><F118/><W6/><G18/><T87/><D119/><U21/><E21/><V70/><F70/><W115/><G115/><T112/><D112/><U3/><E3/><V75/><F75/><W79/><G79/><T17/><D4/><U81/><E81/><V73/><F73/><W26/><G6/><T34/><D34/><U106/><E91/><V135/><F10/><W57/><G11/><T55/><D28/><U24/><E106/><V110/><F31/><W80/><G80/><T133/><D133/><U84/><E84/><V40/><F135/><W89/><G0/><T13/><D13/><U98/><E98/><V7/><F7/><W92/><G97/><T65/><D32/><U35/><E35/><N who="2" m="20943" /><F19/><W68/><G134/><T129/><D129/><U47/><E47/><V12/><F110/><W94/><G46/><T49/><D77/><U71/><E71/><V74/><F12/><W132/><G132/><T124/><D124/><U100/><E100/><V95/><F104/><W37/><G102/><RYUUKYOKU ba="2,0" sc="383,-10,199,30,209,-10,209,-10" hai1="16,22,24,41,42,45,50,54,61,62" /><INIT seed="1,3,0,3,4,34" ten="373,229,199,199" oya="1" hai0="58,92,23,4,15,79,85,101,54,61,71,25,88" hai1="73,35,94,0,130,132,135,64,60,99,118,32,113" hai2="19,105,22,84,55,24,11,90,126,62,119,68,50" hai3="53,91,18,39,44,6,9,102,48,65,133,120,30"/><U5/><E118/><V122/><F119/><W103/><G120/><T110/><D110/><U128/><E73/><V43/><F122/><W66/><G133/><N who="1" m="51274" /><E113/><V45/><F126/><W124/><G124/><T98/><D71/><U87/><E87/><V82/><F105/><W109/><G109/><T26/><D79/><U47/><E47/><V100/><F100/><W112/><G112/><T86/><D86/><U117/><E117/><V104/><F104/><W57/><G18/><N who="0" m="10719" /><D4/><U46/><E46/><V129/><F129/><N who="1" m="49769" /><E5/><V3/><F68/><W108/><G44/><T36/><D36/><U74/><E74/><V95/><F82/><AGARI ba="3,0" hai="25,26,54,58,61,82,85,88,92,98,101" m="10719" machi="82" ten="30,2000,0" yaku="8,1,54,1" doraHai="34" who="0" fromWho="2" sc="373,29,229,0,199,-29,199,0" /><INIT seed="2,0,0,0,5,37" ten="402,229,170,199" oya="2" hai0="5,133,126,104,82,87,75,128,17,108,120,131,41" hai1="78,50,94,59,13,38,0,44,1,4,27,88,66" hai2="109,24,115,52,85,135,10,80,30,51,125,6,35" hai3="43,72,25,99,81,2,40,116,97,129,74,114,26"/><V92/><F115/><W3/><G81/><T61/><D120/><U34/><E38/><V127/><F135/><W86/><G86/><T122/><D122/><U31/><E78/><V49/><F92/><W84/><G84/><T68/><D104/><U8/><E66/><V112/><F112/><W134/><G129/><T14/><D75/><U89/><E59/><V64/><F64/><W19/><G19/><T95/><D5/><U42/><REACH who="1" step="1"/><E89/><REACH who="1" ten="402,219,170,199" step="2"/><V98/><F109/><W21/><G114/><T121/><D128/><U65/><E65/><V107/><F51/><W83/><G83/><T7/><D82/><U105/><E105/><V90/><F107/><W100/><G116/><T47/><D108/><U45/><E45/><V93/><F127/><W46/><G46/><T76/><D126/><U101/><E101/><V56/><F125/><W117/><G117/><T22/><D131/><U36/><E36/><V70/><F70/><W58/><G58/><T96/><D68/><U71/><E71/><V11/><REACH who="2" step="1"/><F6/><REACH who="2" ten="402,219,160,199" step="2"/><W39/><G39/><N who="0" m="21951" /><D7/><U20/><E20/><V106/><F106/><W16/><G21/><T12/><D121/><U132/><E132/><V67/><F67/><W79/><G134/><T102/><D133/><U60/><E60/><V69/><F69/><W113/><G113/><T29/><D61/><U57/><E57/><V9/><F9/><W111/><G111/><T118/><D118/><U55/><E55/><V32/><F32/><W48/><G48/><T123/><D123/><U62/><E62/><V119/><F119/><W110/><G110/><T103/><D22/><RYUUKYOKU ba="0,2" sc="402,-15,219,15,160,15,199,-15" hai1="0,1,4,8,13,27,31,34,42,44,50,88,94" hai2="10,11,24,30,35,49,52,56,80,85,90,93,98" /><INIT seed="2,1,2,3,5,84" ten="387,234,175,184" oya="2" hai0="7,134,60,67,72,33,10,12,94,51,3,108,74" hai1="6,53,110,125,112,116,120,34,61,48,45,23,99" hai2="101,83,66,86,122,77,129,54,102,38,76,126,14" hai3="106,71,0,9,104,115,31,40,15,109,19,17,16"/><V100/><F38/><W2/><G71/><T92/><D33/><U55/><E34/><V133/><F122/><W25/><G40/><T21/><D108/><U5/><E116/><V91/><F133/><W97/><G115/><T107/><D107/><U63/><E110/><V93/><F129/><W57/><G104/><T78/><D134/><U24/><E112/><V35/><F35/><N who="3" m="20975" /><G97/><T56/><D3/><N who="3" m="1065" /><G57/><T37/><D37/><U95/><E120/><V27/><F126/><W73/><G73/><T132/><D132/><U41/><E125/><V87/><F66/><W80/><G80/><T131/><D131/><U128/><E128/><V85/><F54/><N who="1" m="20489" /><E61/><V123/><F123/><W113/><G106/><T103/><D51/><U13/><E13/><V28/><F14/><N who="3" m="7247" /><G113/><T119/><D94/><U29/><E63/><V59/><F59/><W82/><G82/><T46/><D46/><U30/><E30/><V65/><F65/><W135/><G135/><T130/><D130/><U52/><N who="1" m="20497" /><U8/><DORA hai="50" /><E8/><V36/><F36/><W105/><G105/><T20/><D74/><U47/><E47/><V62/><F62/><W90/><G109/><T79/><D72/><U64/><E64/><V11/><F11/><W39/><G39/><T111/><D111/><U26/><E26/><V114/><F114/><W89/><G15/><T127/><D12/><U81/><E81/><V42/><F42/><W32/><G32/><T58/><D67/><U18/><E18/><V118/><F118/><W96/><G19/><T43/><D60/><U1/><E1/><V75/><F77/><RYUUKYOKU ba="1,2" sc="387,-15,234,15,175,15,184,-15" hai1="5,6,23,24,29,41,45,48,95,99" hai2="27,28,75,76,83,85,86,87,91,93,100,101,102" /><INIT seed="2,2,2,1,5,120" ten="372,249,190,169" oya="2" hai0="75,122,34,10,53,128,91,81,5,127,131,82,101" hai1="66,92,135,76,39,29,103,50,61,57,77,36,113" hai2="133,30,23,96,1,79,2,3,58,111,44,87,88" hai3="52,117,25,15,40,32,116,20,89,95,54,106,112"/><V78/><F133/><W56/><G106/><T38/><D122/><U80/><E135/><V71/><F71/><W27/><G112/><T41/><D34/><U69/><E113/><V45/><F96/><W17/><G40/><T47/><D127/><U84/><E76/><V104/><F104/><W19/><G54/><T86/><D101/><U63/><E50/><V59/><F111/><W8/><G25/><T55/><D82/><U64/><E29/><V83/><F30/><W99/><REACH who="3" step="1"/><G32/><REACH who="3" ten="372,249,190,159" step="2"/><T114/><D114/><U35/><E35/><V108/><F108/><W118/><G118/><T97/><D53/><U125/><E125/><V22/><F79/><W33/><G33/><T130/><D55/><U102/><E36/><V0/><F78/><W72/><G72/><T94/><D75/><U37/><E39/><V132/><F132/><W14/><G14/><T6/><D38/><U16/><E37/><V123/><F123/><W93/><G93/><T60/><D41/><U13/><E92/><V21/><N who="2" m="0" /><DORA hai="124" /><V4/><REACH who="2" step="1"/><F4/><REACH who="2" ten="372,249,180,159" step="2"/><W126/><G126/><T90/><D5/><U51/><REACH who="1" step="1"/><E51/><AGARI ba="2,4" hai="8,15,17,19,20,27,51,52,56,89,95,99,116,117" machi="51" ten="30,3900,0" yaku="1,1,7,1,54,1,53,0" doraHai="120,124" doraHaiUra="74,121" who="3" fromWho="1" sc="372,0,249,-45,180,0,159,85" /><INIT seed="3,0,0,1,4,126" ten="372,204,180,244" oya="3" hai0="69,116,11,87,67,65,128,122,129,55,123,9,64" hai1="34,2,104,127,84,61,120,46,3,23,5,28,80" hai2="38,35,124,57,56,50,94,81,32,125,96,75,7" hai3="17,134,105,27,131,52,48,49,90,25,31,53,103"/><W115/><G115/><T101/><D101/><U114/><E114/><V119/><F38/><W118/><G118/><T72/><D72/><U108/><E120/><N who="0" m="46121" /><D87/><U97/><E34/><V109/><F119/><W92/><G103/><T29/><D116/><U117/><E117/><V60/><F7/><W14/><G105/><T111/><D29/><U91/><E127/><N who="2" m="48715" /><F109/><W33/><G134/><T82/><D82/><U106/><E108/><V20/><F20/><W132/><G132/><T107/><D111/><U54/><E5/><V45/><F81/><W19/><G92/><T30/><D30/><U24/><E2/><V78/><F78/><W51/><G90/><T63/><D107/><U113/><E3/><V102/><F75/><W89/><G89/><T98/><D98/><U68/><E113/><V133/><F133/><W130/><G25/><T83/><D83/><U76/><E97/><V42/><F57/><W21/><REACH who="3" step="1"/><G19/><REACH who="3" ten="372,204,180,234" step="2"/><T40/><D69/><U99/><E68/><V6/><F6/><W59/><G59/><N who="0" m="35327" /><D40/><U39/><E24/><V58/><F56/><W74/><G74/><T135/><D135/><U18/><E18/><V93/><F94/><W95/><G95/><T15/><D15/><U77/><E104/><V36/><F93/><W112/><G112/><T12/><D12/><U85/><E106/><V16/><F102/><W22/><G22/><T41/><D41/><U43/><E23/><V10/><F35/><W8/><G8/><T26/><D26/><U73/><E73/><V4/><F32/><W86/><G86/><T66/><N who="0" m="16384" /><DORA hai="13" /><T70/><D70/><RYUUKYOKU ba="0,1" sc="372,15,204,-15,180,-15,234,15" hai0="9,11,128,129" hai3="14,17,21,27,31,33,48,49,51,52,53,130,131" /><INIT seed="3,1,1,4,3,117" ten="387,189,165,249" oya="3" hai0="87,61,45,55,83,104,62,80,105,128,40,12,130" hai1="36,43,89,96,103,9,38,18,47,107,63,78,69" hai2="4,8,82,26,122,68,73,112,21,15,0,95,59" hai3="118,31,64,11,46,56,37,93,81,2,49,92,3"/><W72/><G118/><T127/><D127/><U115/><E115/><V16/><F68/><W125/><G31/><T23/><D23/><U5/><E18/><V133/><F112/><W114/><G114/><T35/><D35/><U98/><E89/><V57/><F133/><W126/><G37/><T32/><D32/><U25/><E25/><V108/><F108/><W1/><G11/><T129/><D12/><U30/><E30/><V53/><F95/><W116/><G116/><T77/><D83/><U110/><E96/><V20/><F122/><W85/><G56/><N who="0" m="35103" /><D61/><U34/><E34/><V111/><F111/><W94/><G64/><T86/><D87/><U60/><E110/><V84/><F73/><W7/><G7/><T119/><D119/><U101/><E101/><V79/><REACH who="2" step="1"/><F53/><REACH who="2" ten="387,189,155,249" step="2"/><W24/><G72/><T74/><D74/><U99/><E69/><V121/><F121/><W48/><G125/><T10/><D105/><U106/><E106/><V123/><F123/><W54/><G126/><T120/><D104/><U97/><E107/><V52/><F52/><W102/><G102/><T17/><D120/><U39/><E103/><V28/><AGARI ba="1,2" hai="0,4,8,15,16,20,21,26,28,57,59,79,82,84" machi="28" ten="20,8000,1" yaku="1,1,0,1,7,1,54,1,53,1" doraHai="117" doraHaiUra="27" who="2" fromWho="2" sc="387,-21,189,-21,155,103,249,-41" /><INIT seed="4,0,0,1,2,134" ten="366,168,258,208" oya="0" hai0="114,110,61,12,95,85,32,60,49,131,52,96,21" hai1="98,19,91,23,87,7,100,10,80,67,35,62,113" hai2="118,78,11,109,43,31,46,111,45,48,104,36,18" hai3="58,42,24,125,84,124,17,135,65,27,73,126,9"/><T0/><D32/><U34/><E113/><V117/><F104/><W5/><G73/><T75/><D75/><U103/><E34/><V4/><F78/><W94/><G42/><T20/><D0/><U38/><E38/><V51/><F31/><W70/><G70/><T25/><D114/><U74/><E74/><V66/><F18/><W16/><G84/><T39/><D39/><U47/><E47/><V112/><F112/><W128/><G94/><T55/><D131/><U14/><E35/><V33/><F33/><W107/><G107/><T72/><D72/><U127/><E98/><V82/><F82/><W63/><G128/><T105/><D105/><U30/><E30/><V79/><F79/><W130/><G135/><T29/><D85/><U3/><REACH who="1" step="1"/><E127/><REACH who="1" ten="366,158,258,208" step="2"/><V123/><F46/><W40/><G130/><T13/><D29/><U83/><E83/><V76/><F45/><W1/><G40/><T88/><D96/><U15/><E15/><V50/><F43/><W120/><G120/><T115/><D115/><U119/><E119/><V59/><F123/><W44/><G44/><T53/><D25/><AGARI ba="0,1" hai="1,5,9,16,17,24,25,27,58,63,65,124,125,126" machi="25" ten="40,8000,1" yaku="18,1,52,3,54,1" doraHai="134" who="3" fromWho="0" sc="366,-80,158,0,258,0,208,90" /><INIT seed="5,0,0,5,5,116" ten="286,158,258,298" oya="1" hai0="114,13,80,71,30,122,90,43,59,66,68,28,105" hai1="120,65,20,5,14,76,119,83,126,34,22,123,125" hai2="0,117,63,61,131,64,16,82,52,84,69,124,73" hai3="33,47,46,101,78,35,70,27,15,113,29,88,127"/><U108/><E119/><V39/><F73/><W110/><G110/><T134/><D105/><U92/><E34/><V26/><F0/><W103/><G70/><T77/><D43/><U99/><E65/><V133/><F117/><W38/><G78/><T7/><D90/><U9/><E108/><V106/><F106/><W55/><G35/><T62/><D114/><U94/><E22/><N who="2" m="13639" /><F39/><W112/><G15/><T60/><D134/><U10/><E20/><V58/><F133/><W24/><G55/><T3/><D3/><U2/><E10/><V17/><F131/><W74/><G74/><T67/><D59/><U45/><E2/><V1/><F1/><W31/><G38/><T93/><D93/><U41/><E41/><V86/><F124/><N who="1" m="47721" /><E45/><V132/><F132/><W109/><G127/><T95/><D95/><N who="1" m="36395" /><E99/><V130/><F130/><W79/><G109/><T25/><D13/><U12/><E12/><V4/><F69/><W111/><G111/><T100/><D25/><U40/><E40/><V11/><F64/><W23/><G33/><T37/><D68/><U89/><E89/><V81/><F11/><W121/><G23/><T129/><D71/><U21/><E21/><V48/><F58/><W42/><G42/><T118/><D67/><U91/><E91/><V57/><F57/><W44/><G88/><T54/><D66/><U18/><E5/><V49/><F4/><W102/><G27/><T51/><D7/><U19/><E19/><V50/><F17/><W98/><G24/><T104/><D118/><U53/><E53/><V72/><F52/><W135/><G135/><RYUUKYOKU ba="0,0" sc="286,-10,158,30,258,-10,298,-10" hai1="9,14,18,76,83,120,123" /><INIT seed="5,1,0,5,3,33" ten="276,188,248,288" oya="1" hai0="42,55,131,49,16,60,51,100,90,21,69,54,112" hai1="58,115,113,94,68,85,2,30,28,132,50,34,48" hai2="17,61,71,102,70,31,10,39,14,20,89,25,111" hai3="104,67,82,123,52,7,74,0,127,114,83,37,135"/><U65/><E68/><V120/><F111/><W79/><G123/><T5/><D112/><N who="1" m="43083" /><E132/><V117/><F117/><W43/><G104/><T13/><D131/><U24/><E28/><V130/><F39/><W75/><G67/><T87/><D100/><U80/><E94/><V41/><F41/><W29/><G29/><T98/><D98/><U129/><E129/><V88/><F130/><W22/><G22/><T47/><D69/><U125/><E125/><V108/><F108/><W119/><G119/><T77/><D77/><N who="1" m="46223" /><E2/><V19/><F71/><W6/><G0/><T96/><D96/><U116/><E116/><V126/><F126/><W103/><G135/><T27/><D60/><AGARI ba="1,0" hai="24,30,34,48,50,58,60,65" m="46223,43083" machi="60" ten="30,1500,0" yaku="15,1" doraHai="33" who="1" fromWho="0" sc="276,-18,188,18,248,0,288,0" /><INIT seed="5,2,0,3,4,68" ten="258,206,248,288" oya="1" hai0="37,9,74,5,50,67,33,34,30,113,99,101,75" hai1="0,103,94,81,90,18,124,85,39,125,57,22,35" hai2="7,44,76,42,16,70,100,93,38,51,69,91,115" hai3="41,15,59,134,40,131,109,102,48,66,130,61,121"/><U114/><E0/><V46/><F100/><W71/><G102/><T96/><D113/><U1/><E1/><V20/><F7/><W11/><G121/><T133/><D133/><U32/><E114/><V126/><F76/><W107/><G107/><T54/><D67/><U119/><E119/><V129/><F126/><N who="1" m="48745" /><E57/><V65/><F65/><W72/><G72/><T24/><D37/><U55/><E55/><V63/><F63/><W21/><G21/><T4/><D34/><U98/><E39/><V92/><F92/><W62/><G48/><T73/><D9/><U2/><E2/><V64/><F64/><N who="3" m="38975" /><G109/><T14/><D14/><AGARI ba="2,0" hai="14,18,22,32,35,81,85,90,94,98,103" m="48745" machi="14" ten="30,1500,0" yaku="18,1" doraHai="68" who="1" fromWho="0" sc="258,-21,206,21,248,0,288,0" /><INIT seed="5,3,0,4,4,2" ten="237,227,248,288" oya="1" hai0="128,107,55,95,34,121,125,12,54,5,8,7,115" hai1="77,32,63,31,113,114,37,133,119,19,10,112,96" hai2="57,0,39,13,33,72,84,79,82,75,132,106,126" hai3="80,44,108,17,29,3,4,53,68,64,86,85,88"/><U56/><E119/><V49/><F0/><W76/><G29/><T38/><D107/><U42/><E77/><V61/><F39/><W18/><G64/><T43/><D34/><U131/><E133/><V98/><F33/><W90/><G68/><T26/><D26/><U134/><E134/><V70/><F132/><W48/><G108/><T83/><D115/><U135/><E135/><V65/><F126/><W58/><G76/><T74/><D125/><U66/><E131/><V16/><F106/><W92/><G3/><T45/><D128/><U102/><E31/><V23/><F98/><W59/><G4/><T105/><D105/><U24/><E32/><V78/><F79/><W122/><G122/><T130/><D130/><U127/><E127/><V103/><F103/><W81/><G92/><T47/><D83/><U118/><E118/><V110/><F110/><W51/><G59/><T25/><D74/><U69/><E69/><V120/><F120/><W6/><G6/><T21/><D5/><U36/><E42/><AGARI ba="3,0" hai="17,18,42,44,48,51,53,58,80,81,85,86,88,90" machi="42" ten="30,7700,0" yaku="7,1,9,1,8,1,54,1" doraHai="2" who="3" fromWho="1" sc="237,0,227,-86,248,0,288,86" /><INIT seed="6,0,0,5,3,127" ten="237,141,248,374" oya="2" hai0="126,53,60,119,122,112,107,108,39,95,61,63,92" hai1="59,24,123,45,80,47,25,111,52,114,124,22,5" hai2="76,116,0,42,118,15,72,109,6,33,23,105,121" hai3="14,10,62,103,73,1,128,117,132,115,71,21,29"/><V87/><F105/><W44/><G73/><T88/><D122/><U113/><E111/><V31/><F87/><W9/><G44/><T65/><D108/><U91/><E124/><V134/><F76/><W68/><G103/><T98/><D39/><U74/><E123/><V28/><F72/><W50/><G50/><T43/><D107/><U79/><E5/><V16/><F42/><W41/><G41/><T81/><D43/><U12/><E12/><V30/><F109/><W56/><G10/><T58/><D126/><U13/><E13/><V49/><F49/><W99/><G99/><N who="0" m="57735" /><D112/><N who="1" m="43115" /><E91/><V36/><F36/><W82/><G1/><T27/><D119/><N who="2" m="45610" /><F121/><W85/><G115/><T129/><D81/><U89/><E89/><V38/><F38/><W46/><G82/><T93/><D27/><N who="1" m="10315" /><E22/><V32/><F134/><W20/><G21/><T97/><D65/><U66/><E66/><V78/><F78/><W2/><G20/><T120/><D120/><U48/><AGARI ba="0,0" hai="45,47,48,52,59,74,79,80" m="10315,43115" machi="48" ten="30,2000,0" yaku="15,1,54,1" doraHai="127" who="1" fromWho="1" sc="237,-5,141,20,248,-10,374,-5" /><INIT seed="7,0,0,4,0,111" ten="232,161,238,369" oya="3" hai0="79,16,97,44,87,41,68,21,53,4,7,43,13" hai1="86,125,110,60,100,102,77,34,63,70,91,33,24" hai2="56,18,9,78,55,65,51,39,89,20,66,113,129" hai3="115,26,114,8,23,19,59,58,126,57,85,123,106"/><W119/><G106/><T75/><D75/><U22/><E110/><V72/><F113/><N who="3" m="43019" /><G126/><T134/><D68/><U130/><E77/><V0/><F39/><W74/><G74/><T88/><D134/><U17/><E125/><V49/><F78/><W45/><G45/><T42/><D97/><U14/><E130/><V50/><F72/><W112/><G112/><T48/><REACH who="0" step="1"/><D79/><REACH who="0" ten="222,161,238,369" step="2"/><U67/><E60/><V131/><F129/><W3/><G123/><T90/><D90/><U37/><E37/><V2/><F89/><W109/><G109/><T29/><D29/><U107/><E107/><V93/><F131/><W61/><G119/><T6/><D6/><U27/><E100/><V82/><F51/><W76/><G76/><T104/><D104/><U64/><E102/><V120/><F50/><W128/><G128/><T31/><D31/><U84/><E84/><V81/><F120/><W36/><G85/><T94/><AGARI ba="0,1" hai="4,7,13,16,21,41,42,43,44,48,53,87,88,94" machi="94" ten="30,12000,2" yaku="1,1,0,1,8,1,54,2,53,1" doraHai="111" doraHaiUra="10" who="0" fromWho="0" sc="222,130,161,-30,238,-30,369,-60" owari="352,45.0,131,-37.0,208,-19.0,309,11.0" /></mjloggm>