<mjloggm ver="2.3"><GO type="169" lobby="0"/><UN n0="%6D%75%6B%69%74%74%69" n1="%E4%BB%A3%E6%89%93%E3%81%A1%E3%81%AE%E7%A5%9E%E6%A7%98" n2="%E3%82%A6%E3%83%AB%E3%83%88%E3%83%A9%E7%AB%8B%E7%9B%B4" n3="%50%6F%6B%65%70%6F%6B%65" dan="16,18,18,16" rate="2167.17,2218.44,2229.83,2042.03" sx="M,M,M,M"/><TAIKYOKU oya="0"/><INIT seed="0,0,0,4,0,41" ten="250,250,250,250" oya="0" hai0="27,101,128,120,31,110,117,16,108,8,53,90,10" hai1="42,26,75,83,104,37,79,126,13,71,20,74,54" hai2="111,6,22,132,45,112,76,121,107,30,15,29,134" hai3="65,122,77,102,96,23,113,94,131,17,7,118,38"/><T114/><D114/><U46/><E126/><V105/><F121/><W86/><G118/><T25/><D117/><U91/><E75/><V28/><F112/><W123/><G113/><T1/><D120/><U68/><E104/><V81/><F111/><N who="0" m="42538" /><D128/><U72/><E72/><N who="2" m="43143" /><F45/><W18/><G38/><T5/><D101/><U103/><E103/><V129/><F129/><W89/><G65/><T62/><D90/><U85/><E13/><V2/><F2/><W39/><G39/><T92/><D92/><U0/><E0/><V4/><F4/><W98/><G131/><T48/><D62/><U93/><REACH who="1" step="1"/><E54/><REACH who="1" ten="250,240,250,250" step="2"/><V125/><F125/><W78/><G123/><T33/><D1/><U57/><E57/><V135/><F6/><W36/><G7/><T49/><D5/><U82/><E82/><V124/><F124/><W21/><G122/><T43/><D43/><U99/><E99/><V109/><F109/><W87/><G98/><T51/><D53/><U35/><E35/><V127/><F127/><W63/><G96/><T88/><D88/><U116/><E116/><V12/><F12/><W130/><G89/><T64/><D64/><U34/><E34/><V58/><F58/><W66/><G130/><T3/><D3/><U19/><AGARI ba="0,1" hai="19,20,26,37,42,46,68,71,74,79,83,85,91,93" machi="19" ten="20,12000,2" yaku="1,1,0,1,7,1,52,1,53,2" doraHai="41" doraHaiUra="67" who="1" fromWho="1" sc="250,-60,240,130,250,-30,250,-30" /><INIT seed="1,0,0,5,0,33" ten="190,370,220,220" oya="1" hai0="50,90,4,27,93,114,2,131,133,103,84,15,125" hai1="3,124,61,21,69,62,9,80,12,117,28,89,111" hai2="82,85,97,94,128,52,31,40,91,70,71,120,26" hai3="13,116,127,123,30,14,129,38,107,122,105,6,24"/><U113/><E117/><V37/><F120/><W1/><G38/><T45/><D114/><U41/><E113/><V68/><F128/><W109/><G107/><T47/><D131/><U5/><E124/><V100/><F40/><W78/><G78/><T115/><D115/><U60/><E111/><V55/><REACH who="2" step="1"/><F37/><REACH who="2" ten="190,370,210,220" step="2"/><W57/><G129/><T59/><D125/><U10/><E41/><V32/><AGARI ba="0,1" hai="26,31,32,52,55,68,70,71,82,85,91,94,97,100" machi="32" ten="30,8000,1" yaku="1,1,2,1,0,1,54,1,53,1" doraHai="33" doraHaiUra="22" who="2" fromWho="2" sc="190,-20,370,-40,210,90,220,-20" /><INIT seed="2,0,0,2,4,26" ten="170,330,300,200" oya="2" hai0="5,61,14,2,107,83,34,59,134,87,22,35,36" hai1="72,63,98,55,80,74,50,111,100,57,130,32,28" hai2="41,122,110,126,37,23,94,25,99,65,6,124,10" hai3="3,30,73,31,44,79,60,58,104,4,116,129,64"/><V88/><F122/><W93/><G116/><T9/><D134/><U132/><E132/><V97/><F65/><W131/><G104/><T95/><D107/><U128/><E111/><V49/><F37/><W70/><G44/><T11/><D36/><U125/><E125/><N who="2" m="48235" /><F110/><W133/><G133/><T43/><D43/><U18/><E80/><V86/><F49/><W77/><G93/><T52/><D95/><U19/><E74/><V16/><F41/><W48/><G4/><T24/><D11/><U75/><E72/><V12/><AGARI ba="0,0" hai="6,10,12,16,23,25,86,88,94,97,99" m="48235" machi="12" ten="30,6000,0" yaku="18,1,54,2" doraHai="26" who="2" fromWho="2" sc="170,-20,330,-20,300,60,200,-20" /><INIT seed="2,1,0,0,5,127" ten="150,310,360,180" oya="2" hai0="118,109,99,130,74,70,67,104,129,81,35,56,106" hai1="73,13,82,24,3,5,135,9,15,45,43,85,31" hai2="119,18,28,14,84,89,77,53,47,116,122,61,97" hai3="46,71,88,108,124,131,0,123,48,27,78,40,50"/><V8/><F122/><W93/><G123/><T19/><D70/><U29/><E135/><V32/><F77/><W20/><G124/><T23/><D35/><U101/><E101/><V95/><F28/><W103/><G0/><T26/><D109/><U36/><E29/><V120/><F32/><W66/><G108/><T111/><D111/><U69/><E69/><V83/><F120/><W134/><G134/><T72/><D118/><U42/><E42/><V4/><F4/><W91/><G78/><N who="0" m="44231" /><D74/><U16/><E73/><V115/><F115/><W55/><G131/><N who="0" m="50187" /><D99/><U133/><E133/><V125/><F125/><W112/><G112/><T41/><D41/><U49/><E36/><V44/><F116/><W113/><G113/><T38/><D38/><U12/><E31/><V63/><F119/><W90/><G71/><T75/><D75/><U92/><E92/><V57/><F95/><W33/><G33/><T107/><D56/><U17/><E24/><V21/><F97/><N who="3" m="59823" /><G66/><AGARI ba="1,0" hai="19,23,26,66,67,104,106,107" m="50187,44231" machi="66" ten="40,8000,1" yaku="19,1,52,3" doraHai="127" who="0" fromWho="3" sc="150,83,310,0,360,0,180,-83" /><INIT seed="3,0,0,0,3,52" ten="233,310,360,97" oya="3" hai0="16,29,63,41,72,56,107,14,86,84,78,30,18" hai1="2,69,131,119,1,71,85,94,50,96,4,124,66" hai2="26,57,67,120,106,129,118,81,90,134,48,42,93" hai3="104,7,92,35,70,77,65,54,32,49,61,99,23"/><W27/><G77/><T38/><D107/><U20/><E124/><V123/><F106/><W109/><G109/><T87/><D38/><U133/><E131/><V74/><F118/><W88/><G7/><T103/><D41/><U111/><E111/><V55/><F134/><W17/><REACH who="3" step="1"/><G104/><REACH who="3" ten="233,310,360,87" step="2"/><T122/><D78/><U51/><E4/><V79/><F79/><W116/><G116/><T31/><D122/><U125/><E119/><V24/><F123/><W112/><G112/><T39/><D72/><U36/><E133/><V6/><F6/><W117/><G117/><T127/><D127/><U58/><E125/><V46/><F74/><W100/><G100/><T40/><D103/><U53/><E2/><V102/><F102/><W5/><G5/><T64/><REACH who="0" step="1"/><D14/><REACH who="0" ten="223,310,360,87" step="2"/><U12/><E12/><V25/><F120/><W128/><G128/><T13/><D13/><U0/><E0/><V73/><F73/><W135/><G135/><T113/><D113/><U11/><E1/><V45/><F129/><W22/><G22/><T9/><D9/><U89/><E11/><V101/><F101/><W126/><G126/><T60/><D60/><U98/><E20/><V80/><F90/><W15/><G15/><T59/><D59/><AGARI ba="0,2" hai="17,23,27,32,35,49,54,59,61,65,70,88,92,99" machi="59" ten="30,12000,1" yaku="1,1,7,1,52,1,54,1,53,1" doraHai="52" doraHaiUra="62" who="3" fromWho="0" sc="223,-120,310,0,360,0,87,140" /><INIT seed="3,1,0,3,2,37" ten="103,310,360,227" oya="3" hai0="36,48,69,85,77,90,95,16,109,14,2,75,25" hai1="86,51,83,53,43,15,30,12,68,26,62,87,115" hai2="113,17,122,124,57,111,20,61,19,21,46,29,41" hai3="108,76,49,107,100,106,9,132,63,55,66,98,129"/><W112/><G112/><T6/><D36/><U71/><E115/><V10/><F113/><W0/><G132/><T33/><D69/><U54/><E62/><V1/><F111/><W119/><G119/><T130/><D109/><U131/><E83/><V81/><F124/><W58/><G108/><T120/><D120/><U135/><E51/><V11/><F29/><W117/><G117/><T7/><D130/><U99/><E99/><V126/><F1/><W101/><G129/><T23/><D2/><U50/><E50/><N who="2" m="26959" /><F81/><W70/><G76/><T91/><D48/><U38/><E38/><V35/><F35/><W133/><G133/><T31/><D75/><U72/><E131/><V27/><F126/><W4/><REACH who="3" step="1"/><G101/><REACH who="3" ten="103,310,360,217" step="2"/><T42/><D77/><U59/><E135/><V40/><F122/><W18/><G18/><T94/><REACH who="0" step="1"/><D42/><REACH who="0" ten="93,310,360,217" step="2"/><U116/><E43/><V125/><F40/><W92/><AGARI ba="1,2" hai="0,4,9,49,55,58,63,66,70,92,98,100,106,107" machi="92" ten="20,7800,0" yaku="1,1,0,1,7,1,53,1" doraHai="37" doraHaiUra="60" who="3" fromWho="3" sc="93,-27,310,-27,360,-27,217,101" /><INIT seed="3,2,0,2,2,87" ten="66,283,333,318" oya="3" hai0="41,115,131,57,96,81,68,108,56,64,6,1,16" hai1="38,127,22,116,125,29,92,121,119,78,84,63,95" hai2="132,71,62,30,59,15,17,28,106,10,32,53,105" hai3="5,85,34,109,114,112,46,123,130,110,69,33,54"/><W94/><G69/><T42/><D68/><U74/><E38/><V47/><F132/><W44/><G123/><T40/><D108/><N who="3" m="41577" /><G5/><T82/><D131/><U37/><E37/><V21/><F71/><W26/><G130/><T18/><D115/><U8/><E8/><V89/><F32/><N who="3" m="12395" /><G26/><T77/><D1/><U66/><E74/><V36/><F106/><W135/><G135/><T9/><D6/><U61/><E121/><V13/><F105/><W73/><G73/><T120/><D120/><U113/><E113/><N who="3" m="43626" /><G54/><T99/><D9/><U27/><E27/><V24/><F24/><W98/><G85/><T3/><D3/><U60/><E84/><V58/><F53/><W67/><G67/><T124/><D124/><U103/><E66/><V118/><F15/><W126/><G126/><T11/><D11/><U102/><E127/><V133/><F13/><W91/><AGARI ba="2,0" hai="44,46,91,94,98" m="43626,12395,41577" machi="91" ten="40,7800,0" yaku="14,1,10,1,52,1" doraHai="87" who="3" fromWho="3" sc="66,-28,283,-28,333,-28,318,84" /><INIT seed="3,3,0,3,3,2" ten="38,255,305,402" oya="3" hai0="111,115,35,62,89,41,107,103,124,70,33,83,77" hai1="59,7,30,18,16,112,99,73,38,6,108,90,69" hai2="92,76,88,37,72,116,117,78,102,110,48,55,125" hai3="4,128,109,61,46,133,63,79,120,130,75,60,96"/><W105/><G120/><T9/><D111/><U126/><E69/><V20/><F37/><W101/><G133/><T132/><D132/><U97/><E112/><V34/><F34/><W85/><G109/><T26/><D115/><U49/><E38/><V25/><F110/><W68/><G68/><T113/><D113/><U44/><E73/><V47/><F125/><W106/><G106/><T22/><D124/><U58/><E30/><V53/><F102/><W19/><G19/><N who="1" m="7210" /><E108/><V57/><F72/><W31/><G31/><T114/><D114/><U66/><E126/><V122/><F122/><W81/><G46/><T86/><D41/><N who="1" m="24719" /><E99/><V39/><F39/><W67/><G67/><T11/><D107/><U95/><E59/><V43/><F43/><W94/><REACH who="3" step="1"/><G4/><REACH who="3" ten="38,255,305,392" step="2"/><T123/><D123/><U0/><E0/><V82/><F47/><W40/><G40/><T104/><D104/><U84/><E97/><V13/><F57/><W45/><G45/><T129/><D70/><U127/><E127/><V24/><F55/><W134/><G134/><T23/><D129/><U3/><E3/><V119/><F53/><W91/><AGARI ba="3,1" hai="60,61,63,75,79,81,85,91,94,96,101,105,128,130" machi="91" ten="30,11700,0" yaku="1,1,0,1,24,2,53,0" doraHai="2" doraHaiUra="8" who="3" fromWho="3" sc="38,-42,255,-42,305,-42,392,136" owari="-4,-50.0,213,-19.0,263,6.0,528,63.0" /></mjloggm>