<mjloggm ver="2.3"><GO type="169" lobby="0"/><UN n0="%4B%E3%80%82" n1="%6D%6F%6E%6F%2D%31%34" n2="%E4%B8%AD%E5%B1%B1%E9%87%8E%E8%8D%89" n3="%E5%B0%B1%E6%B4%BB%E7%94%9F%40%E5%B7%9D%E6%9D%91%E8%BB%8D%E5%9B%A3" dan="18,16,17,18" rate="2232.23,2150.73,2176.80,2277.77" sx="M,M,M,M"/><TAIKYOKU oya="0"/><INIT seed="0,0,0,3,4,112" ten="250,250,250,250" oya="0" hai0="27,61,110,114,2,29,91,98,23,77,64,5,81" hai1="103,14,96,49,65,4,95,52,113,59,72,32,125" hai2="80,66,31,109,46,1,6,22,83,101,119,25,88" hai3="56,124,19,75,71,24,126,58,20,89,93,42,12"/><T86/><D114/><U118/><E113/><V76/><F109/><W73/><G71/><T100/><D110/><U108/><E32/><V38/><F101/><W11/><G42/><T106/><D2/><U92/><E108/><V130/><F130/><W133/><G133/><T10/><D5/><U74/><E125/><V53/><F66/><W37/><G37/><T121/><D10/><U116/><E65/><V57/><F1/><W127/><G73/><T129/><D129/><U79/><E74/><V97/><F6/><W50/><G50/><T107/><D121/><U135/><E95/><V48/><F119/><W67/><G75/><T62/><D62/><U41/><E41/><V69/><F69/><W47/><G47/><T9/><D9/><U28/><E28/><V102/><F38/><W60/><G58/><T54/><D54/><U26/><E26/><V82/><F57/><W70/><G70/><T115/><D115/><U94/><E94/><N who="2" m="58679" /><F76/><W131/><G131/><T63/><D63/><U104/><E104/><V43/><F53/><W0/><G0/><T78/><REACH who="0" step="1"/><D107/><REACH who="0" ten="240,250,250,250" step="2"/><U85/><E135/><V35/><F35/><W111/><G111/><T16/><D16/><U39/><E4/><V123/><F123/><W45/><G11/><T30/><D30/><U132/><E132/><V99/><F31/><W120/><G120/><T15/><D15/><U84/><E14/><V21/><F25/><W134/><G134/><T122/><D122/><U40/><E52/><V17/><F17/><W13/><G45/><T128/><D128/><U51/><E40/><V33/><F33/><RYUUKYOKU ba="0,1" sc="240,10,250,-30,250,10,250,10" hai0="23,27,29,61,64,77,78,81,86,91,98,100,106" hai2="21,22,43,46,48,80,82,83,88,99" hai3="12,13,19,20,24,56,60,67,89,93,124,126,127" /><INIT seed="0,1,1,4,2,111" ten="250,220,260,260" oya="0" hai0="56,16,15,86,85,46,116,48,14,72,95,31,121" hai1="52,53,68,101,51,131,102,26,114,108,115,7,65" hai2="58,38,24,36,2,77,107,124,74,11,100,126,109" hai3="76,90,87,118,37,133,41,83,22,92,61,123,59"/><T122/><D116/><U67/><E131/><V21/><F109/><W20/><G118/><T0/><D72/><U119/><E108/><V127/><F100/><N who="1" m="38505" /><E68/><V45/><F107/><W70/><G70/><T93/><D0/><U132/><E119/><V128/><F128/><W103/><G103/><T13/><D31/><U47/><E7/><N who="2" m="1527" /><F58/><W35/><G35/><T104/><D104/><U81/><E81/><N who="2" m="45239" /><F45/><W27/><G123/><T79/><D56/><U69/><E69/><V106/><F106/><W82/><G82/><N who="0" m="47327" /><D122/><U10/><E10/><V64/><F64/><N who="1" m="24649" /><E26/><V50/><F50/><W135/><G41/><N who="0" m="24655" /><D121/><U44/><E132/><V98/><F98/><W19/><G37/><T49/><D49/><U57/><E53/><V84/><F84/><W5/><G5/><T54/><D54/><U8/><E8/><V28/><AGARI ba="1,1" hai="21,24,28,36,38,124,126,127" m="45239,1527" machi="28" ten="30,1100,0" yaku="18,1" doraHai="111" who="2" fromWho="2" sc="250,-6,220,-4,260,24,260,-4" /><INIT seed="1,0,0,2,4,32" ten="244,216,284,256" oya="1" hai0="14,109,65,71,52,116,88,75,3,73,24,38,94" hai1="56,58,130,48,45,40,122,19,46,5,29,42,49" hai2="119,31,0,87,111,11,23,28,92,16,82,10,8" hai3="99,104,60,68,61,108,25,51,90,101,53,135,118"/><U126/><E122/><V62/><F119/><W17/><G118/><T129/><D116/><U34/><E130/><V70/><F111/><W96/><G108/><T64/><D109/><U84/><E126/><V97/><F0/><W107/><G68/><T89/><D38/><U106/><E106/><V20/><F70/><W95/><G135/><T132/><D3/><U63/><E19/><V4/><F4/><W67/><G67/><T120/><D129/><U55/><E5/><V43/><F43/><W123/><G123/><T36/><D36/><U35/><E29/><N who="2" m="11339" /><F62/><W26/><G107/><T66/><D132/><U127/><E127/><V115/><F115/><W114/><G114/><T80/><D120/><U124/><E124/><V9/><F9/><W105/><G105/><T1/><D1/><U100/><E100/><N who="2" m="60455" /><F16/><W83/><G83/><T12/><D24/><U91/><REACH who="1" step="1"/><E58/><REACH who="1" ten="244,206,284,256" step="2"/><V112/><F112/><W39/><G17/><T128/><D71/><U13/><E13/><V93/><F93/><AGARI ba="0,1" hai="34,35,40,42,45,46,48,49,55,56,63,84,91,93" machi="93" ten="30,5800,0" yaku="1,1,7,1,9,1,53,0" doraHai="32" doraHaiUra="76" who="1" fromWho="2" sc="244,0,206,68,284,-58,256,0" /><INIT seed="1,1,0,3,0,60" ten="244,274,226,256" oya="1" hai0="76,28,54,47,12,42,6,87,114,57,91,29,62" hai1="89,2,75,88,66,30,109,27,128,132,35,97,67" hai2="116,69,0,58,125,127,43,4,68,63,39,86,115" hai3="34,100,11,51,16,49,135,96,70,98,24,5,20"/><U53/><E2/><V77/><F116/><W1/><G135/><T71/><D114/><U14/><E75/><V64/><F0/><W126/><G126/><N who="2" m="48137" /><F4/><W32/><G70/><N who="2" m="27241" /><F77/><W84/><G84/><T108/><D71/><U38/><E38/><V13/><F86/><W83/><G83/><T102/><D102/><U9/><E128/><V82/><F82/><W78/><G78/><T130/><D130/><U110/><E132/><V22/><F22/><W18/><G98/><T129/><D108/><N who="1" m="41579" /><E53/><N who="2" m="34255" /><F13/><W17/><G34/><T79/><D129/><U55/><E55/><V112/><F64/><N who="1" m="24617" /><E97/><V72/><F72/><W134/><G134/><T85/><D54/><U104/><E104/><V103/><F103/><W93/><G32/><T21/><D79/><U107/><E107/><V65/><F65/><W48/><AGARI ba="1,0" hai="1,5,11,16,17,18,20,24,48,49,51,93,96,100" machi="48" ten="30,2000,0" yaku="0,1,54,1" doraHai="60" who="3" fromWho="3" sc="244,-6,274,-11,226,-6,256,23" /><INIT seed="2,0,0,5,4,40" ten="238,263,220,279" oya="2" hai0="32,46,95,83,67,31,78,23,75,131,54,29,43" hai1="80,96,53,127,51,17,60,57,115,76,107,38,89" hai2="11,117,14,52,85,63,92,4,93,109,22,126,64" hai3="13,112,20,62,34,44,110,59,90,135,88,69,7"/><V124/><F117/><W19/><G34/><T77/><D131/><U58/><E38/><V25/><F109/><W33/><G33/><T3/><D32/><U102/><E115/><V39/><F39/><W8/><G69/><T101/><D67/><U56/><E127/><N who="2" m="48683" /><F52/><N who="3" m="34151" /><G135/><T2/><D54/><U132/><E132/><V9/><F9/><W0/><G0/><T116/><D78/><U99/><E17/><N who="2" m="12495" /><F85/><W55/><G110/><T133/><D116/><U134/><E134/><V103/><F103/><W79/><G79/><T118/><D118/><U45/><E96/><V15/><F15/><N who="3" m="9343" /><G112/><T41/><D133/><U73/><REACH who="1" step="1"/><E89/><REACH who="1" ten="238,253,220,279" step="2"/><V130/><F130/><W128/><G128/><T61/><D101/><U74/><E74/><V100/><F100/><W28/><G28/><T37/><D31/><U98/><E98/><V105/><F105/><W119/><G119/><T66/><D29/><U49/><E49/><AGARI ba="0,1" hai="7,8,13,44,49,55,88,90" m="9343,34151" machi="49" ten="30,7700,0" yaku="8,1,52,1,54,2" doraHai="40" who="3" fromWho="1" sc="238,0,253,-77,220,0,279,87" /><INIT seed="3,0,0,4,0,16" ten="238,176,220,366" oya="3" hai0="55,111,19,48,26,47,116,66,102,76,50,97,56" hai1="100,114,1,62,118,129,85,2,9,57,23,126,30" hai2="3,72,28,8,54,125,117,59,32,131,93,94,110" hai3="120,88,35,64,79,109,44,39,51,10,65,99,17"/><W82/><G39/><T112/><D116/><U92/><E114/><V42/><F117/><W128/><G35/><T49/><D111/><U98/><E129/><V83/><F110/><W132/><G109/><T108/><D108/><U67/><E118/><V40/><F131/><W91/><G132/><T4/><D112/><U134/><E134/><V95/><F125/><W22/><G10/><T53/><D76/><U63/><E126/><V75/><F32/><W34/><G34/><T69/><D4/><U104/><E9/><V18/><F28/><W5/><G5/><T29/><D19/><U70/><E85/><V124/><F124/><W14/><G120/><T87/><D87/><U84/><E84/><V86/><F72/><W77/><G128/><T90/><D90/><N who="3" m="34345" /><G99/><T25/><D69/><U115/><E104/><V113/><F75/><W80/><G79/><T105/><D66/><N who="3" m="25705" /><G77/><T119/><D119/><U73/><E73/><V33/><F33/><W0/><G0/><T68/><D68/><U21/><E115/><V96/><F96/><W121/><G121/><T101/><D101/><U15/><E2/><V106/><F106/><W20/><G20/><N who="1" m="7754" /><E1/><V45/><F113/><W11/><G11/><T123/><D123/><U133/><E133/><V12/><F3/><W13/><G13/><T122/><D122/><U37/><E37/><N who="2" m="21647" /><F86/><W61/><G61/><N who="0" m="35983" /><D25/><U135/><E135/><V107/><F107/><W41/><AGARI ba="0,0" hai="14,17,22,41,44,51,80,82" m="25705,34345" machi="41" ten="30,6000,0" yaku="8,1,52,1,54,1" doraHai="16" who="3" fromWho="3" sc="238,-20,176,-20,220,-20,366,60" /><INIT seed="3,1,0,1,4,134" ten="218,156,200,426" oya="3" hai0="46,42,43,85,0,72,22,129,79,114,70,121,90" hai1="27,127,1,53,126,132,32,34,44,68,64,111,30" hai2="17,61,107,118,38,99,47,3,40,115,26,108,124" hai3="105,49,31,24,33,15,19,77,14,21,102,78,57"/><W89/><G105/><T66/><D121/><U55/><E1/><V94/><F115/><W88/><G102/><T104/><D0/><U119/><E132/><V109/><F118/><W6/><G78/><T39/><D129/><U59/><E111/><N who="2" m="42571" /><F3/><W63/><G77/><T135/><D42/><U23/><E68/><V60/><F124/><N who="1" m="47657" /><E119/><V52/><F107/><W67/><G49/><T58/><D104/><U37/><E64/><V56/><F26/><W101/><G101/><T120/><D70/><U45/><E55/><V8/><F8/><W112/><G112/><T36/><D66/><U87/><E87/><V54/><F17/><W110/><G110/><T81/><D85/><U71/><E71/><V7/><F7/><W18/><G6/><T29/><D135/><U98/><E98/><V95/><F99/><W133/><G133/><T35/><D114/><U83/><E83/><V113/><F113/><W11/><AGARI ba="1,0" hai="11,14,15,18,19,21,24,31,33,57,63,67,88,89" machi="11" ten="20,3900,0" yaku="0,1,7,1,54,1" doraHai="134" who="3" fromWho="3" sc="218,-14,156,-14,200,-14,426,42" /><INIT seed="3,2,0,3,4,64" ten="204,142,186,468" oya="3" hai0="24,70,34,130,88,106,86,87,94,116,53,126,1" hai1="21,18,98,65,57,68,10,23,27,113,17,90,134" hai2="115,120,125,12,47,112,92,35,122,16,52,111,22" hai3="107,63,43,6,46,109,76,101,89,0,19,82,96"/><W121/><G121/><N who="2" m="46697" /><F35/><W67/><G109/><T133/><D116/><U75/><E75/><V124/><F111/><W44/><G19/><T25/><D1/><U117/><E113/><N who="2" m="43595" /><F92/><W55/><G55/><T69/><D106/><U91/><E10/><V129/><F129/><W61/><G89/><T3/><D3/><U127/><E117/><V4/><F4/><W105/><G105/><T110/><D130/><U20/><E57/><V8/><F8/><W132/><G63/><T26/><D110/><U118/><E118/><V32/><F32/><W79/><G79/><T77/><D34/><U93/><E91/><V62/><F62/><W40/><G6/><T108/><D108/><U59/><E59/><V37/><F37/><W72/><G0/><T9/><D9/><U66/><E21/><V7/><F7/><W15/><G44/><T135/><D53/><U42/><E42/><V48/><AGARI ba="2,0" hai="12,16,22,47,48,52,124,125" m="43595,46697" machi="48" ten="40,5200,0" yaku="13,1,54,2" doraHai="64" who="2" fromWho="2" sc="204,-15,142,-15,186,58,468,-28" /><INIT seed="4,0,0,4,0,70" ten="189,127,244,440" oya="0" hai0="30,44,57,82,66,25,33,16,19,131,67,58,43" hai1="27,83,3,61,112,74,95,107,50,72,48,49,36" hai2="34,123,91,2,56,55,63,125,24,127,105,38,130" hai3="60,134,12,31,21,6,106,101,73,115,54,103,7"/><T116/><D116/><U32/><E107/><V40/><F105/><W5/><G73/><T35/><D131/><U89/><E3/><V59/><F2/><W29/><G106/><T111/><D111/><U126/><E126/><N who="2" m="48139" /><F123/><W133/><G115/><T119/><D119/><U79/><E61/><N who="2" m="35999" /><F130/><W80/><G80/><T46/><D82/><U100/><E100/><N who="3" m="38474" /><G12/><T81/><D81/><U4/><E4/><V69/><F91/><W41/><G41/><T124/><D124/><U65/><E112/><V96/><F96/><W51/><G60/><T99/><D43/><U92/><E74/><V37/><F40/><W87/><G87/><T114/><D114/><U75/><E72/><V39/><F69/><W122/><G21/><T85/><D85/><U78/><E89/><V52/><F37/><W22/><G22/><T88/><D88/><U102/><E36/><V11/><F11/><W71/><G71/><T132/><D25/><U9/><E102/><V113/><F113/><W108/><G108/><T94/><D94/><U45/><E95/><V135/><F135/><N who="3" m="51723" /><G122/><T77/><D132/><U13/><E92/><V86/><F86/><W26/><G26/><T8/><D8/><U20/><E83/><V118/><F118/><W15/><G15/><T14/><D14/><U117/><E75/><V23/><F34/><W76/><G76/><N who="1" m="29226" /><E32/><V53/><F53/><W42/><G42/><T0/><D77/><U18/><E117/><V84/><F84/><W64/><G64/><T128/><D0/><U120/><E65/><V110/><F110/><W93/><G93/><T121/><D67/><RYUUKYOKU ba="0,0" sc="189,-15,127,-15,244,15,440,15" hai2="23,24,38,39,52,59,63" hai3="5,6,7,29,31,51,54" /><INIT seed="5,1,0,0,0,27" ten="174,112,259,455" oya="1" hai0="63,35,77,86,24,40,127,73,103,74,23,108,117" hai1="32,106,19,12,14,94,22,5,119,133,1,45,132" hai2="65,110,80,54,49,47,50,38,79,114,93,4,48" hai3="131,85,107,59,44,28,43,83,126,90,91,130,11"/><U105/><E119/><V102/><F110/><W115/><G115/><T88/><D117/><U104/><E32/><V10/><F114/><W62/><G107/><T60/><D108/><U21/><E45/><V2/><F65/><W64/><G28/><T41/><D35/><U31/><E94/><V68/><F68/><W8/><G91/><T95/><D127/><U89/><E89/><V101/><F93/><W84/><G84/><T18/><D74/><U25/><E1/><V42/><REACH who="2" step="1"/><F54/><REACH who="2" ten="174,112,249,455" step="2"/><W70/><G70/><T33/><D95/><U76/><E76/><V122/><F122/><W67/><G67/><T0/><D77/><U53/><E53/><V109/><F109/><W124/><G124/><T81/><D103/><U135/><REACH who="1" step="1"/><E5/><REACH who="1" ten="174,102,249,455" step="2"/><V46/><F46/><W118/><G118/><T87/><D81/><U26/><AGARI ba="1,2" hai="12,14,19,21,22,25,26,31,104,105,106,132,133,135" machi="26" ten="40,12000,1" yaku="1,1,2,1,0,1,20,1,52,1,53,0" doraHai="27" doraHaiUra="37" who="1" fromWho="1" sc="174,-41,102,143,249,-41,455,-41" /><INIT seed="5,2,0,0,2,2" ten="133,245,208,414" oya="1" hai0="118,85,135,6,18,92,84,20,94,86,93,130,104" hai1="70,29,83,51,49,116,76,120,125,101,9,55,65" hai2="45,50,64,34,79,56,111,133,8,110,95,32,33" hai3="114,100,58,75,3,1,80,97,105,44,109,47,21"/><U73/><E120/><V87/><F133/><W41/><G109/><T28/><D118/><U103/><E116/><V10/><F64/><W35/><G114/><T57/><D135/><U98/><E125/><V119/><F119/><W66/><G47/><T40/><D130/><U30/><E51/><V113/><F56/><W112/><G35/><T99/><D104/><U82/><E82/><V78/><F113/><W0/><G21/><T115/><D115/><U42/><E42/><V90/><F79/><W122/><G122/><T12/><D40/><U23/><E9/><V24/><F24/><W46/><G112/><T106/><D106/><U129/><E129/><V53/><F78/><W31/><G31/><T37/><D37/><U15/><E103/><V63/><F63/><W132/><G132/><T60/><D28/><U38/><E65/><V123/><F123/><W68/><G58/><T19/><D19/><U81/><E81/><V61/><F61/><N who="3" m="40015" /><G46/><T117/><D6/><U16/><E70/><V108/><AGARI ba="2,0" hai="8,10,32,33,34,45,50,53,87,90,95,108,110,111" machi="108" ten="40,1500,0" yaku="0,1" doraHai="2" who="2" fromWho="2" sc="133,-6,245,-9,208,21,414,-6" /><INIT seed="6,0,0,2,1,13" ten="127,236,229,408" oya="2" hai0="61,9,132,63,3,23,6,83,101,79,62,26,2" hai1="48,37,20,134,41,40,94,114,110,14,28,107,130" hai2="128,117,35,66,17,11,133,1,54,92,129,19,8" hai3="57,112,108,91,10,126,56,68,121,25,59,81,123"/><V88/><F117/><W70/><G108/><T116/><D132/><U4/><E107/><V97/><F35/><W73/><G126/><T39/><D116/><U87/><E37/><V32/><F32/><W131/><G131/><N who="2" m="50249" /><F133/><W51/><G112/><T122/><D122/><U100/><E114/><V21/><F1/><W78/><G51/><T118/><D118/><U65/><E110/><V0/><F0/><W75/><G25/><T98/><D3/><U90/><E134/><V103/><F66/><W18/><G91/><T120/><D120/><U67/><E67/><V15/><F54/><W16/><G10/><T12/><D39/><U72/><E65/><V64/><F64/><W31/><G31/><T38/><D38/><U119/><E41/><V5/><F8/><W49/><G49/><T84/><D2/><U47/><E119/><V89/><F5/><W76/><G59/><T60/><N who="0" m="15360" /><DORA hai="77" /><T69/><D69/><U27/><E4/><V109/><F109/><W104/><G104/><T74/><D74/><U96/><E72/><V102/><F89/><W43/><G43/><T22/><REACH who="0" step="1"/><D26/><AGARI ba="0,0" hai="11,15,17,19,21,26,88,92,97,102,103" m="50249" machi="26" ten="30,11600,0" yaku="19,1,52,2,54,1" doraHai="13,77" who="2" fromWho="0" sc="127,-116,236,0,229,116,408,0" /><INIT seed="6,1,0,3,3,134" ten="11,236,345,408" oya="2" hai0="78,60,38,87,27,96,16,63,44,46,30,65,85" hai1="64,2,90,9,14,127,110,86,123,12,126,104,68" hai2="51,92,45,18,8,58,67,113,34,5,13,54,97" hai3="111,61,22,70,59,93,112,76,66,80,17,62,83"/><V95/><F34/><W124/><G111/><T128/><D128/><U121/><E104/><V108/><F108/><W75/><G83/><T53/><D38/><U33/><E33/><V98/><F113/><W36/><G36/><T41/><D41/><U125/><E110/><V4/><F67/><W48/><G112/><T24/><D96/><U15/><E64/><V91/><REACH who="2" step="1"/><F45/><REACH who="2" ten="11,236,335,408" step="2"/><W122/><G122/><N who="1" m="46602" /><E68/><V101/><AGARI ba="1,1" hai="4,5,8,13,18,51,54,58,91,92,95,97,98,101" machi="101" ten="20,7800,0" yaku="1,1,0,1,7,1,8,1,53,0" doraHai="134" doraHaiUra="100" who="2" fromWho="2" sc="11,-27,236,-27,335,91,408,-27" owari="-16,-52.0,209,-19.0,426,53.0,381,18.0" /></mjloggm>