<mjloggm ver="2.3"><GO type="169" lobby="0"/><UN n0="%70%6F%70%6F%69%7A" n1="%E5%B0%B1%E6%B4%BB%E7%94%9F%40%E5%B7%9D%E6%9D%91%E8%BB%8D%E5%9B%A3" n2="%E3%82%B8%E3%83%A3%E3%82%B9%E3%83%9F%E3%83%B3%E7%8E%8B%E5%AD%90" n3="%E4%BB%A3%E6%89%93%E3%81%A1%E3%81%AE%E7%A5%9E%E6%A7%98" dan="16,18,16,17" rate="2016.51,2278.09,2150.44,2156.44" sx="M,M,M,M"/><TAIKYOKU oya="0"/><INIT seed="0,0,0,3,2,96" ten="250,250,250,250" oya="0" hai0="14,79,24,31,32,112,113,12,110,7,78,93,115" hai1="87,63,27,106,37,121,46,68,54,119,122,8,22" hai2="135,16,80,15,95,26,71,105,21,38,56,11,1" hai3="42,9,97,82,55,90,61,99,58,40,49,45,60"/><T126/><D126/><U127/><E119/><V73/><F105/><W128/><G128/><T41/><D110/><U30/><E127/><V10/><F71/><W2/><G2/><T52/><D41/><U4/><E106/><V3/><F135/><W123/><G123/><T72/><D93/><U120/><E87/><V81/><F38/><W43/><G9/><T111/><D111/><U134/><E134/><V108/><F108/><W133/><G133/><T70/><D70/><U28/><E30/><V116/><F116/><W50/><G82/><T33/><D33/><U5/><E5/><V59/><F95/><N who="3" m="56567" /><G99/><T77/><D72/><U118/><E118/><V83/><F73/><W64/><G61/><T29/><D29/><U130/><E130/><V62/><F11/><W34/><G34/><T39/><D39/><U98/><E98/><V107/><F107/><W91/><G91/><T75/><D75/><U103/><E37/><V13/><F13/><W19/><G19/><T132/><D132/><U47/><E68/><V89/><F89/><W114/><G114/><T102/><D102/><U85/><E103/><V18/><REACH who="2" step="1"/><F56/><AGARI ba="0,0" hai="40,42,43,45,49,50,55,56,58,60,64" m="56567" machi="56" ten="30,1000,0" yaku="8,1" doraHai="96" who="3" fromWho="2" sc="250,0,250,0,250,-10,250,10" /><INIT seed="1,0,0,3,4,67" ten="250,250,240,260" oya="1" hai0="111,13,41,129,12,104,5,107,119,89,68,51,124" hai1="98,103,101,48,113,62,120,88,86,117,33,52,45" hai2="47,91,40,85,66,95,122,34,134,115,128,27,22" hai3="100,131,16,2,4,65,77,42,32,114,133,53,87"/><U83/><E120/><V74/><F122/><W70/><G114/><T96/><D119/><U99/><E117/><V132/><F115/><W49/><G32/><T61/><D111/><U108/><E113/><V81/><F34/><W20/><G42/><T75/><D75/><U106/><E33/><V18/><F128/><W36/><G36/><T64/><D129/><U116/><E116/><V76/><REACH who="2" step="1"/><F66/><REACH who="2" ten="250,250,230,260" step="2"/><W21/><G131/><T50/><D64/><U58/><E108/><V135/><F135/><W38/><G65/><T97/><D124/><U69/><E69/><V59/><F59/><W105/><G70/><T17/><D68/><U46/><REACH who="1" step="1"/><E62/><REACH who="1" ten="250,240,230,260" step="2"/><V125/><F125/><W19/><G133/><T63/><D63/><U84/><E84/><V0/><F0/><W126/><G87/><T15/><D61/><U112/><E112/><V102/><F102/><W56/><G100/><T130/><D130/><U109/><E109/><V82/><F82/><W92/><G2/><T71/><D71/><U93/><AGARI ba="0,2" hai="45,46,48,52,58,83,86,88,93,98,99,101,103,106" machi="93" ten="20,12000,1" yaku="1,1,0,1,7,1,54,2,53,0" doraHai="67" doraHaiUra="29" who="1" fromWho="1" sc="250,-40,240,140,230,-40,260,-40" /><INIT seed="1,1,0,1,0,13" ten="210,380,190,220" oya="1" hai0="90,82,132,128,19,29,55,112,97,22,48,37,51" hai1="101,116,4,130,32,129,115,70,100,72,39,56,77" hai2="53,91,6,12,69,87,131,25,41,122,64,1,99" hai3="103,102,124,104,108,3,21,11,123,23,117,57,113"/><U98/><E70/><V7/><F1/><W114/><G123/><T89/><D37/><U42/><E56/><V105/><F122/><W27/><G108/><T49/><D112/><U45/><E116/><V127/><F41/><W34/><G34/><T43/><D128/><U20/><E115/><V134/><F131/><W66/><G117/><T79/><D132/><U85/><E101/><V24/><F134/><W121/><G121/><T81/><D43/><U84/><E84/><V47/><F53/><W30/><G124/><T67/><D55/><U62/><E62/><V36/><F47/><W93/><G104/><T88/><D29/><U95/><E32/><V54/><F54/><W33/><G33/><T107/><D67/><U126/><E126/><V17/><F36/><W35/><G35/><T9/><D9/><U40/><E40/><V96/><F64/><W0/><G103/><T8/><D8/><U80/><E4/><N who="2" m="1579" /><F105/><W28/><G11/><T65/><D65/><U58/><E58/><V133/><F69/><W135/><G135/><T60/><D60/><U15/><E72/><V71/><F71/><W52/><G66/><T125/><D125/><U61/><E61/><V78/><F133/><W68/><G68/><T119/><D119/><U118/><E118/><V10/><F78/><W76/><G76/><T63/><D63/><U73/><E73/><V83/><F127/><W109/><G114/><T106/><D106/><U50/><E39/><V18/><F25/><W74/><G27/><N who="0" m="14815" /><D79/><U44/><E44/><V59/><F59/><W38/><G113/><T26/><D26/><RYUUKYOKU ba="1,0" sc="210,10,380,10,190,10,220,-30" hai0="48,49,51,81,82,88,89,90,97,107" hai1="15,20,42,45,50,77,80,85,95,98,100,129,130" hai2="10,12,17,18,24,83,87,91,96,99" /><INIT seed="1,2,0,4,3,69" ten="220,390,200,190" oya="1" hai0="114,83,5,27,96,130,102,95,89,99,19,18,1" hai1="55,127,4,16,2,14,45,133,13,48,58,34,66" hai2="125,84,126,131,97,44,118,74,90,28,91,92,59" hai3="108,132,50,94,7,0,106,8,57,71,68,64,26"/><U85/><E34/><V46/><F118/><W135/><G106/><T113/><D130/><U30/><E30/><V62/><F74/><W23/><G108/><T75/><D1/><U70/><E2/><V115/><F131/><W12/><G0/><T87/><D75/><U25/><E4/><V21/><F115/><W6/><G6/><T128/><D128/><U122/><E122/><V53/><F126/><W129/><G129/><T39/><D5/><U88/><E70/><V36/><F36/><W22/><G22/><T101/><D39/><U54/><E66/><V49/><F125/><W51/><G51/><T38/><D38/><U41/><E133/><N who="3" m="51274" /><G94/><T73/><D73/><U116/><E116/><V9/><F9/><W119/><G119/><T80/><D80/><N who="1" m="49191" /><E127/><V65/><F28/><N who="3" m="17503" /><G50/><T10/><D19/><U11/><E25/><V61/><F21/><W42/><G42/><T111/><D111/><U77/><E14/><V105/><F105/><W40/><G40/><T3/><D27/><U24/><E24/><V109/><F109/><W112/><G112/><T82/><D82/><U103/><E103/><V17/><F17/><W29/><G29/><T56/><D3/><U63/><E41/><V100/><F100/><W60/><AGARI ba="2,0" hai="7,8,12,57,60,64,68,71" m="17503,51274" machi="60" ten="30,1100,0" yaku="20,1" doraHai="69" who="3" fromWho="3" sc="220,-5,390,-7,200,-5,190,17" /><INIT seed="2,0,0,3,2,78" ten="215,383,195,207" oya="2" hai0="126,43,21,102,58,46,20,96,42,121,14,108,57" hai1="12,79,103,48,16,25,127,22,114,51,74,117,116" hai2="134,100,133,98,56,99,59,109,18,68,36,54,110" hai3="112,70,7,80,3,93,2,10,35,119,33,1,82"/><V44/><F68/><W64/><G119/><T129/><D121/><U72/><E114/><V115/><F115/><W63/><G112/><T81/><D108/><N who="2" m="41578" /><F18/><W105/><G105/><T83/><D126/><U30/><E127/><V89/><F89/><W38/><G38/><T9/><D129/><U106/><E106/><N who="2" m="63767" /><F99/><W65/><G65/><T86/><D86/><U125/><E103/><V37/><F44/><W34/><REACH who="3" step="1"/><G93/><REACH who="3" ten="215,383,195,197" step="2"/><N who="0" m="58639" /><D20/><U52/><E125/><V66/><F66/><W6/><G6/><N who="0" m="3383" /><D21/><U53/><E116/><V76/><F37/><W94/><G94/><T101/><D101/><U50/><E117/><V49/><F36/><W113/><G113/><T8/><D8/><U73/><REACH who="1" step="1"/><E79/><REACH who="1" ten="215,373,195,197" step="2"/><V60/><F76/><W71/><G71/><T55/><D58/><U118/><E118/><V123/><F59/><W13/><AGARI ba="0,2" hai="1,2,3,7,10,13,33,34,35,63,64,70,80,82" machi="13" ten="40,12000,2" yaku="1,1,0,1,52,2,53,2" doraHai="78" doraHaiUra="77" who="3" fromWho="3" sc="215,-30,373,-30,195,-60,197,140" /><INIT seed="3,0,0,0,5,36" ten="185,343,135,337" oya="3" hai0="98,61,0,80,97,3,19,94,66,1,15,54,63" hai1="29,72,91,70,134,87,130,85,24,31,8,124,99" hai2="65,122,44,32,92,38,79,96,115,6,81,42,47" hai3="73,132,127,53,102,9,116,111,59,39,78,64,90"/><W33/><G116/><T34/><D34/><U125/><E72/><V4/><F115/><W108/><G33/><T133/><D133/><U60/><E134/><V40/><F32/><W62/><G132/><T114/><D114/><U30/><E130/><V104/><F104/><W86/><G102/><T12/><D54/><U37/><E37/><V123/><F65/><W77/><G73/><T27/><D27/><U50/><E8/><V7/><F92/><W11/><G127/><T126/><D126/><N who="1" m="48747" /><E50/><V129/><F96/><W103/><G103/><T121/><D121/><N who="2" m="46090" /><F129/><W51/><G39/><T120/><D120/><U84/><E99/><V26/><F26/><W119/><G11/><T45/><D97/><U88/><E24/><V67/><F67/><AGARI ba="0,0" hai="29,30,31,60,67,70,84,85,87,88,91" m="48747" machi="67" ten="40,2600,0" yaku="18,1,54,1" doraHai="36" who="1" fromWho="2" sc="185,0,343,26,135,-26,337,0" /><INIT seed="4,0,0,5,4,86" ten="185,369,109,337" oya="0" hai0="120,100,37,1,40,35,78,58,112,95,67,72,49" hai1="13,62,108,28,20,4,126,57,61,56,32,85,107" hai2="5,87,74,71,118,102,77,39,53,132,15,48,29" hai3="38,133,41,7,42,83,128,3,31,36,70,22,134"/><T131/><D35/><U105/><E32/><V114/><F114/><W12/><G3/><T123/><D1/><U33/><E33/><V109/><F109/><W84/><G70/><T103/><D72/><U21/><E108/><V9/><F132/><N who="3" m="50795" /><G128/><T121/><D131/><U79/><E126/><V110/><F110/><W16/><G7/><T25/><D112/><U90/><E79/><V64/><F118/><W129/><G31/><T47/><D78/><U106/><E28/><V43/><F74/><W68/><G68/><T59/><D25/><U97/><E97/><V98/><F29/><W115/><G115/><T135/><D135/><U88/><E85/><V30/><F30/><W34/><G34/><T73/><D73/><U69/><E69/><V125/><F125/><W46/><G129/><T55/><REACH who="0" step="1"/><D95/><REACH who="0" ten="175,369,109,337" step="2"/><U2/><E2/><V111/><F111/><W113/><G113/><T82/><D82/><U94/><E94/><V18/><F77/><N who="3" m="46191" /><G42/><T99/><D99/><U11/><E106/><V92/><F43/><W66/><G66/><T27/><D27/><U24/><E105/><V124/><F124/><W65/><G65/><T23/><D23/><N who="1" m="8779" /><E107/><V119/><F119/><W26/><G26/><T93/><D93/><U81/><E81/><V104/><F104/><W54/><G41/><T44/><D44/><U101/><E24/><V122/><F64/><W14/><G14/><T8/><D8/><U0/><E0/><V19/><F9/><W89/><G46/><T91/><D91/><N who="1" m="34859" /><E101/><V6/><F102/><W96/><G54/><T10/><D10/><U116/><E116/><RYUUKYOKU ba="0,1" sc="175,10,369,10,109,-30,337,10" hai0="37,40,47,49,55,58,59,67,100,103,120,121,123" hai1="4,11,13,56,57,61,62" hai3="12,16,22,36,38,89,96" /><INIT seed="4,1,1,3,4,78" ten="185,379,79,347" oya="0" hai0="67,98,79,132,117,63,38,105,77,20,109,13,0" hai1="125,71,10,12,108,54,57,130,59,106,74,9,17" hai2="43,118,23,95,122,90,24,25,80,135,116,8,128" hai3="83,107,27,26,76,68,69,41,49,53,99,114,62"/><T28/><D117/><N who="2" m="45162" /><F122/><W4/><G41/><T133/><D0/><U129/><E71/><V1/><F128/><W88/><G114/><T75/><D75/><U126/><E106/><V124/><F135/><N who="0" m="51786" /><D109/><U19/><E74/><V34/><F124/><N who="1" m="47721" /><E108/><V110/><F110/><W92/><G107/><T89/><D38/><U42/><E42/><V29/><F43/><W134/><G4/><T104/><D104/><U22/><E10/><V111/><F111/><W36/><G36/><T120/><D120/><U50/><E59/><V14/><F1/><W47/><G134/><T3/><D3/><U97/><E97/><N who="2" m="57591" /><F80/><W6/><G6/><T52/><D105/><U102/><E102/><V81/><F81/><W56/><G69/><T15/><D98/><U103/><E103/><V33/><F25/><AGARI ba="1,1" hai="9,12,17,19,22,25,50,54,57,129,130" m="47721" machi="25" ten="30,1000,0" yaku="18,1" doraHai="78" who="1" fromWho="2" sc="185,0,379,23,79,-13,347,0" /><INIT seed="5,0,0,2,1,93" ten="185,402,66,347" oya="1" hai0="83,5,0,98,117,62,72,80,84,55,107,10,95" hai1="8,102,33,60,82,58,46,32,56,42,57,122,38" hai2="2,66,105,90,35,109,88,12,48,40,41,94,75" hai3="16,37,11,44,71,112,19,45,30,76,63,27,3"/><U6/><E122/><V121/><F109/><W125/><G112/><T4/><D117/><U13/><E60/><V39/><F121/><W111/><G111/><T97/><D5/><U49/><E38/><V23/><F2/><W29/><G76/><T132/><D132/><U123/><E123/><V24/><F105/><W124/><G63/><T103/><D72/><U114/><E114/><V127/><F127/><N who="3" m="48715" /><G71/><T36/><D36/><U77/><REACH who="1" step="1"/><E102/><REACH who="1" ten="185,392,66,347" step="2"/><V92/><F39/><W54/><G37/><T14/><D103/><U69/><E69/><V118/><F118/><W17/><G54/><T100/><D62/><U126/><E126/><V86/><F75/><AGARI ba="0,1" hai="6,8,13,32,33,42,46,49,56,57,58,75,77,82" machi="75" ten="40,2000,0" yaku="1,1,53,0" doraHai="93" doraHaiUra="20" who="1" fromWho="2" sc="185,0,392,30,66,-20,347,0" /><INIT seed="5,1,0,0,4,55" ten="185,422,46,347" oya="1" hai0="23,93,50,68,119,31,91,76,54,98,61,104,94" hai1="47,36,3,15,59,30,120,56,73,28,44,39,6" hai2="18,112,96,12,133,53,22,29,122,46,24,123,51" hai3="11,127,49,38,19,79,109,45,42,83,63,64,105"/><U7/><E15/><V100/><F133/><W57/><G105/><T114/><D119/><U62/><E62/><V80/><F112/><W111/><G127/><T131/><D114/><U97/><E97/><V101/><F80/><W125/><G125/><T82/><D131/><U95/><E95/><V90/><F90/><W110/><G19/><T132/><D132/><U89/><E89/><V116/><F116/><W58/><G11/><T74/><D104/><U9/><E73/><V2/><F2/><W86/><REACH who="3" step="1"/><G38/><REACH who="3" ten="185,422,46,337" step="2"/><T71/><D94/><U81/><E9/><V65/><F123/><W108/><N who="3" m="28160" /><DORA hai="8" /><W135/><G135/><T21/><D93/><U1/><E120/><V134/><F134/><W84/><G84/><T20/><D74/><U4/><E4/><V26/><F122/><W17/><G17/><T16/><D16/><U113/><E113/><V10/><F96/><W60/><G60/><T52/><D61/><U67/><E81/><V0/><F0/><W25/><G25/><T87/><D82/><U40/><E3/><V33/><REACH who="2" step="1"/><F65/><REACH who="2" ten="185,422,36,337" step="2"/><W121/><G121/><T35/><D87/><U103/><E1/><V66/><F66/><W70/><AGARI ba="1,2" hai="42,45,49,57,58,63,64,70,79,83,86" m="28160" machi="70" ten="60,8000,1" yaku="1,1,0,1,52,2,53,0" doraHai="55,8" doraHaiUra="27,106" who="3" fromWho="3" sc="185,-21,422,-41,36,-21,337,103" /><INIT seed="6,0,0,3,2,34" ten="164,381,15,440" oya="2" hai0="46,45,74,111,110,40,12,65,97,133,32,105,109" hai1="31,71,100,33,116,2,13,26,121,29,115,47,21" hai2="120,95,103,41,8,5,117,56,37,78,101,6,106" hai3="49,76,83,127,85,69,7,113,64,119,36,91,19"/><V131/><F131/><W122/><G36/><T10/><D32/><U48/><E71/><V87/><F117/><W50/><G122/><T11/><D74/><U59/><E116/><V128/><F128/><W28/><G119/><T77/><D77/><U130/><E130/><V118/><F118/><W52/><G127/><T81/><D81/><U35/><E100/><V53/><F120/><W15/><G113/><T30/><D30/><U57/><E2/><V4/><F8/><W114/><G114/><T82/><D82/><U84/><E115/><V80/><F106/><W104/><G104/><T54/><D133/><U14/><E84/><V61/><REACH who="2" step="1"/><F95/><REACH who="2" ten="164,381,5,440" step="2"/><W107/><G107/><T92/><D105/><U60/><E121/><V62/><F62/><W43/><G7/><T108/><D108/><U38/><E60/><V72/><F72/><W67/><G69/><T58/><D11/><U125/><E125/><V135/><F135/><W73/><G73/><T1/><D10/><U129/><E129/><V90/><F90/><W132/><G91/><T94/><D92/><U124/><E124/><V66/><F66/><W99/><G67/><T27/><D94/><U93/><E93/><V126/><F126/><W39/><G64/><T89/><D89/><U3/><E35/><V102/><F102/><W25/><G132/><T134/><D134/><U79/><E33/><V96/><F96/><W75/><G99/><T42/><D97/><U88/><E88/><V23/><F23/><W70/><G75/><T24/><D111/><U17/><E21/><V20/><F20/><W16/><G70/><RYUUKYOKU ba="0,1" sc="164,-10,381,-10,5,30,440,-10" hai2="4,5,6,37,41,53,56,61,78,80,87,101,103" /><INIT seed="6,1,1,4,4,67" ten="154,371,35,430" oya="2" hai0="80,27,110,77,82,54,70,114,28,109,129,12,25" hai1="111,108,96,1,8,124,76,40,6,71,10,51,72" hai2="34,63,89,118,48,5,102,66,17,19,121,104,32" hai3="4,0,94,127,22,128,100,123,97,49,26,60,35"/><V56/><F118/><W23/><G123/><T13/><D70/><U64/><E124/><V116/><F116/><W65/><G127/><T74/><D114/><U38/><E51/><V86/><F121/><W92/><G128/><T90/><D129/><U101/><E10/><V21/><F5/><W88/><G35/><T46/><D90/><U39/><E96/><V36/><F36/><W61/><G0/><T91/><D91/><U79/><E79/><V106/><F48/><W11/><G23/><T95/><D95/><U16/><E101/><V83/><F19/><W93/><G49/><T31/><D54/><U44/><E16/><V134/><F134/><W105/><G61/><T59/><D59/><U20/><E20/><V84/><F84/><W132/><G132/><T125/><D125/><U81/><E39/><V99/><REACH who="2" step="1"/><F104/><REACH who="2" ten="154,371,25,430" step="2"/><W37/><G37/><T115/><D115/><U78/><E78/><V24/><AGARI ba="1,2" hai="17,21,24,32,34,56,63,66,83,86,89,99,102,106" machi="24" ten="20,18000,2" yaku="1,1,2,1,0,1,7,1,53,2" doraHai="67" doraHaiUra="29" who="2" fromWho="2" sc="154,-61,371,-61,25,203,430,-61" /><INIT seed="6,2,0,5,2,26" ten="93,310,228,369" oya="2" hai0="70,80,19,115,59,11,43,93,36,34,81,118,53" hai1="57,103,60,62,111,61,123,41,63,101,82,87,31" hai2="27,21,1,3,94,58,71,109,16,107,86,114,69" hai3="65,75,121,113,55,51,9,98,131,85,133,44,28"/><V8/><F114/><W50/><G75/><T112/><D93/><U47/><E111/><V32/><F107/><W48/><G121/><T99/><D99/><U135/><E135/><V23/><F109/><W67/><G133/><T77/><D34/><U83/><E31/><N who="2" m="19583" /><F58/><W105/><G113/><T88/><D59/><U96/><E123/><V37/><F37/><W33/><G33/><T39/><D39/><U102/><E96/><V90/><F23/><W125/><G28/><T6/><D36/><U14/><E14/><N who="2" m="9367" /><F3/><W73/><G105/><T64/><D115/><U92/><E92/><V13/><F13/><W134/><G134/><T72/><D112/><U119/><E119/><V0/><F0/><W68/><G98/><T95/><D95/><U78/><E83/><V84/><F86/><W15/><G85/><T100/><D81/><U110/><E110/><V17/><F17/><W106/><G15/><T76/><D80/><U18/><E18/><V25/><F25/><W128/><G106/><T108/><D19/><U20/><E20/><V46/><F46/><W12/><G12/><T117/><D108/><U124/><E63/><V35/><F35/><W104/><G73/><T29/><D72/><U126/><E57/><V89/><F89/><W52/><G44/><T129/><D88/><U42/><E47/><V122/><F122/><W79/><G104/><T10/><D118/><U7/><E62/><V30/><F30/><W66/><G68/><T22/><D29/><U45/><E45/><V49/><F49/><W2/><G51/><T4/><D70/><U54/><E87/><RYUUKYOKU ba="2,0" sc="93,-10,310,-10,228,30,369,-10" hai2="1,8,69,71,84,90,94" /><INIT seed="6,3,0,2,1,52" ten="83,300,258,359" oya="2" hai0="63,10,113,92,72,31,68,66,70,62,127,34,28" hai1="37,17,123,64,41,73,87,114,111,75,78,27,48" hai2="120,5,42,97,115,93,15,38,4,98,95,57,76" hai3="40,104,106,81,94,130,6,13,9,125,21,112,16"/><V3/><F120/><W46/><G125/><T19/><D72/><U101/><E111/><V124/><F3/><W30/><G130/><T44/><D127/><U86/><E37/><V47/><F124/><W132/><G132/><T18/><D113/><U1/><E1/><V14/><F115/><W65/><G112/><T43/><D92/><U61/><E101/><V36/><F76/><W82/><G30/><T100/><D100/><U60/><E78/><V116/><F116/><W25/><G65/><T45/><D34/><U85/><E61/><V103/><F57/><W23/><G94/><T109/><D109/><U134/><E134/><V26/><F26/><W29/><G106/><T53/><D10/><U84/><E123/><V12/><F38/><W50/><G104/><T22/><D53/><U102/><E102/><AGARI ba="3,0" hai="4,5,12,14,15,36,42,47,93,95,97,98,102,103" machi="102" ten="40,2000,0" yaku="9,1" doraHai="52" who="2" fromWho="1" sc="83,0,300,-29,258,29,359,0" /><INIT seed="6,4,0,1,4,112" ten="83,271,287,359" oya="2" hai0="75,76,130,94,29,60,62,126,73,113,25,0,36" hai1="100,17,53,87,88,125,102,30,80,58,122,77,57" hai2="107,23,14,82,86,127,91,37,28,65,104,18,69" hai3="39,15,135,92,109,42,74,40,116,10,128,20,121"/><V68/><F37/><W21/><G109/><T124/><D36/><U93/><E125/><N who="0" m="48233" /><D0/><U118/><E118/><V55/><F127/><W50/><G116/><T52/><D25/><U6/><E122/><V110/><F110/><W22/><G128/><T98/><D29/><U81/><E6/><V2/><F2/><W96/><G74/><N who="0" m="28171" /><D52/><U9/><E30/><V97/><F104/><W85/><G135/><T41/><D41/><U32/><E32/><V111/><F111/><W7/><G121/><T63/><D94/><U115/><E115/><V16/><F28/><W4/><G39/><T123/><D113/><U5/><E17/><V59/><F65/><W67/><G7/><T48/><D123/><U106/><E106/><V131/><F18/><W89/><G67/><T78/><D98/><U13/><E58/><V33/><F33/><W132/><G132/><T47/><D130/><U54/><E53/><V66/><F66/><W101/><G50/><T108/><D108/><U27/><E27/><V64/><F64/><W11/><G11/><T83/><D48/><N who="1" m="30919" /><E81/><AGARI ba="4,0" hai="4,10,15,20,21,22,40,42,81,85,89,92,96,101" machi="81" ten="40,1300,0" yaku="8,1" doraHai="112" who="3" fromWho="1" sc="83,0,271,-25,287,0,359,25" /><INIT seed="7,0,0,1,0,51" ten="83,246,287,384" oya="3" hai0="103,97,117,47,104,68,73,36,26,34,92,72,13" hai1="21,69,50,43,4,87,118,81,119,130,55,70,31" hai2="123,53,62,3,101,125,12,112,66,5,63,49,9" hai3="30,78,20,113,35,126,83,41,121,10,38,133,135"/><W11/><G121/><T39/><D13/><U23/><E43/><V124/><F112/><W22/><G35/><T59/><D59/><U99/><E4/><V100/><F3/><W33/><G33/><T106/><D92/><U58/><E130/><V44/><F123/><W74/><G113/><T61/><D117/><U114/><E114/><V122/><F63/><W132/><G126/><N who="2" m="48745" /><F122/><W129/><G129/><T80/><D47/><U75/><E75/><V77/><F77/><W25/><G22/><T48/><D48/><U40/><E40/><V109/><F109/><W134/><G134/><T111/><D111/><U95/><E70/><AGARI ba="0,0" hai="5,9,12,44,49,53,62,66,70,100,101" m="48745" machi="70" ten="30,2000,0" yaku="18,1,52,1" doraHai="51" who="2" fromWho="1" sc="83,0,246,-20,287,20,384,0" owari="83,-42.0,226,-17.0,307,11.0,384,48.0" /></mjloggm>