<mjloggm ver="2.3"><GO type="169" lobby="0"/><UN n0="%E3%82%AC%E3%83%9F%E3%82%B4%E3%83%B3" n1="%E3%82%88%E3%81%97%E3%81%8E" n2="%E3%82%A6%E3%83%AB%E3%83%88%E3%83%A9%E7%AB%8B%E7%9B%B4" n3="%E8%99%8E%E7%9A%AE%E7%8C%AB" dan="17,16,18,16" rate="2197.81,2182.23,2231.99,2146.50" sx="F,M,M,F"/><TAIKYOKU oya="0"/><INIT seed="0,0,0,1,2,26" ten="250,250,250,250" oya="0" hai0="119,27,59,3,111,112,23,126,109,64,115,135,24" hai1="35,0,117,11,39,16,56,44,76,129,48,132,20" hai2="52,80,99,69,127,97,21,122,18,37,10,12,36" hai3="77,8,43,74,110,100,85,91,61,4,87,40,71"/><T125/><D64/><U123/><E117/><V54/><F69/><W1/><G110/><N who="0" m="41995" /><D3/><U83/><E35/><V114/><F122/><W104/><G87/><T120/><D120/><U67/><E123/><V72/><F114/><N who="0" m="43562" /><D59/><U41/><E132/><V68/><F68/><W30/><G71/><T108/><D108/><U98/><E129/><V58/><F127/><N who="0" m="48650" /><D135/><U79/><E67/><V70/><F70/><W107/><G1/><T51/><D51/><U46/><E56/><V92/><F58/><W33/><G61/><T118/><D24/><U9/><E0/><V78/><F37/><W17/><G40/><T50/><D50/><U103/><E48/><V116/><F36/><W63/><G43/><T22/><D22/><U73/><E46/><V14/><F116/><W106/><G63/><T13/><D13/><U89/><E44/><V90/><REACH who="2" step="1"/><F99/><REACH who="2" ten="250,250,240,250" step="2"/><W134/><G134/><T38/><D38/><U93/><E39/><V101/><F101/><W133/><G100/><T130/><D130/><U128/><E128/><V121/><F121/><W32/><G133/><T113/><D113/><U62/><E103/><V88/><F88/><W45/><G91/><T96/><D96/><U82/><E98/><V5/><AGARI ba="0,1" hai="5,10,12,14,18,21,52,54,72,78,80,90,92,97" machi="5" ten="20,5200,0" yaku="1,1,0,1,7,1,54,1,53,0" doraHai="26" doraHaiUra="53" who="2" fromWho="2" sc="250,-26,250,-13,240,62,250,-13" /><INIT seed="1,0,0,3,3,112" ten="224,237,302,237" oya="1" hai0="103,80,133,57,64,81,34,116,7,72,89,43,124" hai1="107,101,74,62,96,60,93,10,121,125,104,86,126" hai2="122,16,78,132,44,111,19,50,17,135,98,85,56" hai3="67,106,65,18,134,118,113,97,5,75,52,11,55"/><U25/><E121/><V108/><F122/><W105/><G113/><T30/><D124/><N who="1" m="47723" /><E74/><V20/><F56/><W47/><G75/><T48/><D133/><N who="2" m="51274" /><F98/><W87/><G134/><T82/><D7/><U27/><E10/><V8/><F8/><W84/><G18/><T128/><D128/><U39/><E39/><V88/><F78/><W28/><G28/><T95/><D103/><U23/><E27/><V45/><F20/><W90/><G11/><T46/><D72/><U100/><E100/><V77/><F77/><W41/><G97/><T123/><D123/><U127/><N who="1" m="47731" /><U24/><DORA hai="66" /><E24/><V130/><F130/><W12/><G12/><T120/><D120/><U0/><E0/><V31/><F31/><W35/><G35/><T53/><D30/><N who="1" m="17727" /><E86/><V15/><F15/><W2/><G2/><T115/><D115/><U38/><E38/><V6/><F6/><W99/><G5/><T61/><D34/><U32/><E32/><V37/><F37/><W91/><G99/><T49/><D89/><U58/><E58/><V110/><F50/><W68/><G90/><T117/><REACH who="0" step="1"/><D95/><AGARI ba="0,0" hai="16,17,19,44,45,85,88,95,108,110,111" m="51274" machi="95" ten="40,8000,1" yaku="14,1,20,1,54,2" doraHai="112,66" who="2" fromWho="0" sc="224,-80,237,0,302,80,237,0" /><INIT seed="2,0,0,4,5,123" ten="144,237,382,237" oya="2" hai0="32,44,28,34,4,90,10,85,83,54,110,9,41" hai1="59,93,35,131,80,65,82,12,64,73,50,106,135" hai2="42,53,0,122,72,69,98,21,18,81,51,88,78" hai3="125,100,117,114,68,63,25,96,79,39,101,74,27"/><V95/><F69/><W133/><G117/><T49/><D28/><U31/><E106/><V37/><F0/><W3/><G133/><T102/><D102/><U134/><E131/><V103/><F122/><W61/><G3/><T46/><D10/><U77/><E82/><V89/><F42/><W47/><G125/><T124/><D124/><U17/><E31/><V24/><REACH who="2" step="1"/><F37/><REACH who="2" ten="144,237,372,237" step="2"/><W23/><G39/><T40/><D40/><U75/><E135/><V43/><F43/><W62/><G68/><T8/><D41/><U87/><E134/><V48/><F48/><W126/><G126/><T15/><D49/><U129/><E50/><V76/><F76/><W30/><G79/><T91/><D46/><AGARI ba="0,1" hai="18,21,24,46,51,53,72,78,81,88,89,95,98,103" machi="46" ten="30,5800,0" yaku="1,1,7,1,54,1,53,0" doraHai="123" doraHaiUra="119" who="2" fromWho="0" sc="144,-58,237,0,372,68,237,0" /><INIT seed="2,1,0,3,4,53" ten="86,237,440,237" oya="2" hai0="42,120,72,36,29,114,94,112,88,132,27,10,14" hai1="108,69,16,57,55,135,7,82,61,37,25,1,111" hai2="64,67,113,90,105,104,110,59,133,76,22,66,106" hai3="19,77,4,2,46,24,126,34,115,9,38,28,70"/><V8/><F113/><W23/><G115/><T85/><D120/><U5/><E37/><V129/><F76/><W81/><G70/><T12/><D72/><U123/><E123/><V68/><F68/><W117/><G117/><T11/><D132/><U128/><E135/><V45/><F133/><W6/><G126/><T52/><D36/><U93/><E69/><V87/><F129/><W32/><G4/><T56/><D42/><U107/><E107/><V83/><F110/><N who="1" m="42025" /><E1/><V3/><F45/><W92/><G92/><T43/><D43/><U89/><E82/><V62/><REACH who="2" step="1"/><F22/><REACH who="2" ten="86,237,430,237" step="2"/><W130/><G130/><T127/><D127/><U75/><E128/><V131/><F131/><W47/><G46/><T65/><D114/><U54/><E75/><V40/><F40/><W109/><G47/><T48/><D112/><U31/><E55/><V86/><F86/><W79/><G77/><T101/><D65/><U134/><E134/><V119/><F119/><W121/><G121/><T103/><D10/><U78/><E78/><V95/><F95/><W13/><G109/><T73/><D73/><U0/><E0/><V20/><F20/><W26/><G38/><T30/><D11/><U39/><E39/><V41/><F41/><W71/><G71/><T18/><D85/><N who="1" m="52399" /><E31/><V84/><F84/><W122/><G122/><T15/><D30/><U60/><E60/><V91/><F91/><W63/><G63/><T74/><D29/><U58/><E61/><V118/><F118/><W97/><G79/><T100/><D74/><U50/><E57/><V98/><F98/><W80/><G97/><RYUUKYOKU ba="1,1" sc="86,-30,237,10,430,10,237,10" hai1="5,7,16,25,50,54,58" hai2="3,8,59,62,64,66,67,83,87,90,104,105,106" hai3="2,6,9,13,19,23,24,26,28,32,34,80,81" /><INIT seed="2,2,1,0,1,8" ten="56,247,440,247" oya="2" hai0="74,31,98,75,54,63,30,9,0,105,47,95,5" hai1="116,20,104,55,62,79,41,119,122,111,102,129,73" hai2="4,59,80,36,64,43,38,11,99,91,96,1,128" hai3="109,101,17,39,84,14,106,10,115,76,120,49,33"/><V112/><F112/><W90/><G120/><T127/><D105/><U16/><E122/><V88/><F128/><W15/><G39/><T107/><D107/><U86/><E129/><V124/><F124/><W61/><G33/><T72/><D127/><U82/><E111/><V66/><F43/><W126/><G126/><T94/><D94/><U26/><E41/><V60/><F66/><W35/><G35/><T67/><D54/><U2/><E2/><V117/><F117/><W28/><G28/><T13/><D47/><U45/><E102/><V34/><F34/><W132/><G115/><T21/><D0/><U89/><E104/><V108/><F108/><W32/><G32/><T71/><REACH who="0" step="1"/><D21/><REACH who="0" ten="46,247,440,247" step="2"/><U125/><E125/><V40/><F40/><W134/><G106/><T22/><D22/><U130/><E130/><V6/><F1/><W70/><G109/><T51/><D51/><U114/><E114/><V85/><F38/><W19/><G49/><T133/><D133/><U87/><E45/><V93/><F36/><W23/><G132/><T48/><D48/><U110/><E110/><V69/><F93/><N who="3" m="54471" /><G134/><T52/><D52/><U29/><E55/><V7/><F99/><W92/><G92/><T83/><D83/><N who="1" m="45551" /><E62/><V118/><F96/><W113/><G113/><T81/><D81/><N who="1" m="49359" /><E119/><V57/><F118/><W65/><G101/><AGARI ba="2,2" hai="5,9,13,30,31,63,67,71,72,74,75,95,98,101" machi="101" ten="40,2600,0" yaku="1,1,52,1,53,0" doraHai="8" doraHaiUra="53" who="0" fromWho="3" sc="46,52,247,0,440,0,247,-32" /><INIT seed="3,0,0,2,1,89" ten="98,247,440,215" oya="3" hai0="70,19,135,56,123,76,13,47,122,99,1,118,106" hai1="9,51,24,62,120,54,48,124,15,105,104,8,113" hai2="82,58,6,27,63,134,117,7,127,91,130,0,126" hai3="75,2,72,98,112,3,35,85,44,4,32,17,111"/><W129/><G112/><T77/><D70/><U38/><E38/><V34/><F117/><W55/><G129/><T16/><D1/><U46/><E120/><V80/><F130/><W88/><G98/><T132/><D118/><U29/><E113/><V53/><F134/><N who="0" m="51242" /><D47/><U49/><E124/><N who="2" m="47659" /><F91/><W42/><G111/><T28/><D28/><U39/><E39/><V110/><F110/><W74/><G55/><T101/><D56/><U25/><E62/><V33/><F27/><W23/><G4/><N who="2" m="1577" /><F0/><W133/><G133/><T26/><D26/><U73/><E24/><V37/><F37/><W66/><G2/><T78/><D19/><U93/><E25/><V69/><F69/><W114/><G3/><T95/><D106/><U71/><E71/><V67/><F53/><W52/><G114/><T64/><D64/><U30/><E54/><V22/><F22/><AGARI ba="0,0" hai="13,16,22,76,77,78,95,99,101,122,123" m="51242" machi="22" ten="30,3900,0" yaku="20,1,52,1,54,1" doraHai="89" who="0" fromWho="2" sc="98,39,247,0,440,-39,215,0" /><INIT seed="4,0,0,2,1,111" ten="137,247,401,215" oya="0" hai0="18,78,1,33,19,74,82,87,39,132,48,75,7" hai1="45,8,16,115,70,0,108,73,124,101,3,120,23" hai2="42,72,91,103,37,44,71,24,31,30,131,102,93" hai3="118,65,49,27,60,54,12,114,53,20,112,28,123"/><T96/><D39/><U32/><E73/><V68/><F72/><W85/><G118/><T76/><D33/><U2/><E70/><V97/><F131/><W55/><G123/><T94/><D132/><U50/><E120/><V11/><F31/><W79/><G12/><T43/><D1/><U83/><E108/><V64/><F64/><W58/><G79/><T126/><D7/><U67/><E32/><V6/><F71/><W84/><G49/><T26/><D126/><U116/><E116/><V46/><F46/><W63/><G60/><T125/><D125/><U34/><E34/><V22/><F68/><W13/><G13/><AGARI ba="0,0" hai="6,11,13,22,24,30,37,42,44,91,93,97,102,103" machi="13" ten="30,1000,0" yaku="7,1" doraHai="111" who="2" fromWho="3" sc="137,0,247,0,401,10,215,-10" /><INIT seed="5,0,0,0,2,10" ten="137,247,411,205" oya="1" hai0="87,73,27,74,32,120,83,5,135,31,43,122,79" hai1="9,44,38,69,54,93,112,65,114,56,100,124,127" hai2="1,129,58,131,24,8,78,91,70,53,75,107,128" hai3="97,62,76,45,21,103,52,26,16,3,94,67,116"/><U125/><E100/><V96/><F70/><W105/><G3/><T108/><D108/><U63/><E9/><V106/><F78/><W119/><G76/><T55/><D135/><U7/><E93/><N who="2" m="56383" /><F75/><W14/><G105/><T50/><D43/><N who="1" m="22647" /><E7/><N who="2" m="1135" /><F24/><W6/><G6/><T77/><D5/><U81/><E81/><V101/><F101/><W11/><G11/><T4/><D4/><U25/><E25/><V133/><F133/><W113/><G113/><T47/><REACH who="0" step="1"/><D79/><REACH who="0" ten="127,247,411,205" step="2"/><U95/><E95/><V46/><F46/><W0/><G0/><T92/><D92/><U33/><E33/><V118/><F118/><N who="3" m="45099" /><G45/><T111/><D111/><U23/><E23/><V34/><F34/><W29/><G29/><T85/><D85/><U66/><E66/><V15/><F107/><W82/><G82/><T2/><D2/><U72/><E72/><AGARI ba="0,1" hai="27,31,32,47,50,55,72,73,74,77,83,87,120,122" machi="72" ten="40,1300,0" yaku="1,1,53,0" doraHai="10" doraHaiUra="130" who="0" fromWho="1" sc="127,23,247,-13,411,0,205,0" /><INIT seed="6,0,0,4,0,27" ten="150,234,411,205" oya="2" hai0="100,35,52,40,94,105,71,114,57,117,60,78,85" hai1="18,5,103,69,15,116,20,89,30,92,118,59,67" hai2="91,51,29,44,104,36,121,132,98,61,75,25,54" hai3="83,62,16,47,109,131,93,33,19,125,106,32,6"/><V80/><F121/><W122/><G109/><T119/><D114/><U115/><E69/><V107/><F132/><W28/><G122/><T99/><D71/><U86/><E115/><V11/><F36/><W64/><G106/><T113/><D113/><U79/><E103/><V7/><F61/><W42/><G131/><T84/><D40/><U68/><E68/><V123/><F123/><W81/><G125/><T108/><D108/><U50/><E79/><V0/><F98/><W135/><G135/><T12/><D35/><U73/><E73/><V76/><REACH who="2" step="1"/><F91/><REACH who="2" ten="150,234,401,205" step="2"/><W70/><G62/><T128/><D128/><U120/><E120/><V4/><F4/><W58/><G6/><T134/><D134/><U63/><E5/><V82/><F82/><W55/><G81/><T31/><D119/><U126/><E126/><V65/><F65/><W130/><G83/><T127/><D117/><U90/><E90/><V14/><F14/><W72/><G64/><T112/><D127/><U34/><E50/><V95/><F95/><W41/><G93/><T17/><D112/><U49/><E49/><V97/><F97/><W96/><G96/><T56/><D105/><U74/><E118/><V46/><F46/><W39/><G47/><T23/><D94/><U3/><E116/><V110/><F110/><W66/><G66/><N who="0" m="39175" /><D99/><U88/><E89/><V13/><F13/><W45/><G130/><T102/><D102/><U2/><E88/><V26/><F26/><W1/><G39/><T22/><D100/><U38/><E92/><V48/><F48/><W87/><G45/><T133/><D133/><RYUUKYOKU ba="0,1" sc="150,-10,234,-10,401,30,205,-10" hai2="0,7,11,25,29,44,51,54,75,76,80,104,107" /><INIT seed="6,1,1,4,5,23" ten="140,224,431,195" oya="2" hai0="112,82,47,17,2,106,122,33,7,56,105,125,81" hai1="66,6,1,103,30,46,77,115,95,98,99,100,94" hai2="119,29,87,130,74,126,36,27,68,39,83,110,31" hai3="34,44,13,102,57,120,109,101,104,42,131,18,86"/><V88/><F119/><W128/><G109/><T108/><D108/><U43/><E115/><V40/><F110/><W54/><G34/><T24/><D122/><U132/><E132/><V111/><F111/><W70/><G70/><T55/><D112/><U45/><E66/><V121/><F121/><W26/><G120/><T134/><D134/><U79/><E30/><V113/><F113/><W58/><G86/><T25/><D47/><U78/><E43/><V12/><F68/><W22/><G104/><T48/><D125/><U107/><E107/><V63/><F31/><W71/><G71/><T116/><D116/><U64/><E64/><V89/><F74/><W59/><G54/><T50/><D106/><U135/><E135/><V72/><F72/><W91/><G91/><T0/><D105/><U84/><E84/><V73/><F73/><W93/><G13/><T90/><D50/><U96/><E96/><V65/><F39/><W76/><G76/><T114/><D114/><U3/><E6/><V92/><F36/><W14/><G14/><T8/><D2/><AGARI ba="1,1" hai="1,2,3,45,46,77,78,79,94,95,98,99,100,103" machi="2" ten="40,1300,0" yaku="9,1" doraHai="23" who="1" fromWho="0" sc="140,-16,224,26,431,0,195,0" /><INIT seed="7,0,0,0,3,63" ten="124,250,431,195" oya="3" hai0="76,20,72,133,90,69,35,118,40,108,52,134,94" hai1="51,105,27,74,11,127,73,86,43,91,129,126,66" hai2="47,4,14,102,8,53,55,1,16,120,33,130,98" hai3="122,28,54,25,132,82,131,31,50,24,106,26,42"/><W93/><G122/><T38/><D35/><U17/><E105/><V80/><F130/><W123/><G123/><T64/><D118/><U107/><E107/><V68/><F68/><W95/><G106/><T60/><D108/><U113/><E129/><V125/><F33/><W9/><G131/><T121/><D121/><U115/><E66/><V34/><F34/><W61/><G132/><T57/><D20/><N who="1" m="13711" /><E11/><V101/><F125/><N who="1" m="47625" /><E51/><V41/><F55/><W37/><G37/><T84/><D76/><U18/><E18/><V48/><F80/><W103/><G82/><T70/><D70/><U92/><E43/><V128/><F98/><N who="3" m="59855" /><G9/><T83/><D83/><U5/><E5/><V88/><F1/><W39/><G39/><T56/><D72/><AGARI ba="0,0" hai="72,73,74,86,91,92,113,115" m="47625,13711" machi="72" ten="30,1000,0" yaku="18,1" doraHai="63" who="1" fromWho="0" sc="124,-10,250,10,431,0,195,0" owari="114,-39.0,260,6.0,431,53.0,195,-20.0" /></mjloggm>