<mjloggm ver="2.3"><GO type="169" lobby="0"/><UN n0="%E3%81%86%E3%81%A0%E3%81%A3%E3%81%B7" n1="%E3%82%AF%E3%83%AD%E3%83%8E%E3%82%B9%40" n2="%53%69%6D%61%54%6F%6D%6F" n3="%E3%82%A6%E3%83%AB%E3%83%88%E3%83%A9%E7%AB%8B%E7%9B%B4" dan="18,17,16,17" rate="2199.46,2203.32,2081.23,2123.50" sx="M,M,M,M"/><TAIKYOKU oya="0"/><INIT seed="0,0,0,1,1,55" ten="250,250,250,250" oya="0" hai0="70,52,32,14,130,40,76,10,120,27,85,25,93" hai1="125,47,45,53,2,72,49,116,65,43,1,89,74" hai2="58,30,44,22,84,38,60,6,133,128,56,64,5" hai3="81,113,59,50,104,3,35,101,17,12,11,69,98"/><T39/><D120/><U57/><E116/><V103/><F133/><W129/><G69/><T83/><D70/><U117/><E117/><V9/><F128/><W24/><G113/><T29/><D130/><U63/><E125/><V42/><F103/><W119/><G119/><T135/><D135/><U106/><E106/><V110/><F110/><W8/><G129/><T80/><D40/><U86/><E74/><V46/><F46/><W90/><G3/><T124/><D39/><U13/><E72/><V96/><F96/><W102/><G102/><T31/><D124/><U121/><E121/><V73/><F73/><W88/><G81/><T97/><D80/><U19/><E47/><V82/><F9/><W134/><G11/><T122/><D122/><U78/><E78/><V37/><F37/><W28/><REACH who="3" step="1"/><G134/><REACH who="3" ten="250,250,250,240" step="2"/><T67/><D10/><U77/><E77/><V34/><F82/><W118/><G118/><T115/><D115/><U54/><E1/><V111/><F111/><W66/><G66/><T41/><D67/><U94/><REACH who="1" step="1"/><E2/><REACH who="1" ten="250,240,250,240" step="2"/><V114/><F114/><W36/><G36/><T92/><D76/><U123/><E123/><V131/><F38/><W109/><G109/><T99/><D83/><U87/><E87/><V126/><F84/><W26/><G26/><T21/><D85/><U132/><E132/><V91/><F131/><W100/><G100/><T68/><D27/><U4/><E4/><V95/><F5/><W75/><G75/><T107/><D25/><U127/><E127/><V71/><F126/><W16/><G16/><T62/><D31/><U61/><E61/><RYUUKYOKU ba="0,2" sc="250,-15,240,15,250,-15,240,15" hai1="13,19,43,45,49,53,54,57,63,65,86,89,94" hai3="8,12,17,24,28,35,50,59,88,90,98,101,104" /><INIT seed="1,1,2,2,5,26" ten="235,255,235,255" oya="1" hai0="73,81,123,54,30,14,99,34,17,80,92,131,64" hai1="50,90,35,118,20,114,48,63,70,68,40,62,77" hai2="125,104,10,38,133,24,8,102,4,55,106,42,1" hai3="29,117,49,87,43,88,115,76,47,19,13,15,91"/><U45/><E35/><V103/><F125/><W66/><G115/><T120/><D131/><U65/><E77/><V7/><F133/><W46/><G117/><T128/><D128/><U130/><E130/><V74/><F55/><W32/><G66/><T98/><D64/><N who="1" m="40983" /><E90/><N who="3" m="34346" /><G32/><T5/><D5/><U95/><E95/><V41/><F24/><W119/><G119/><T52/><D73/><U28/><E28/><V33/><F33/><W3/><G3/><T96/><D92/><U132/><E20/><V67/><F67/><W6/><G47/><T135/><D135/><U124/><E118/><V37/><REACH who="2" step="1"/><F74/><REACH who="2" ten="235,255,225,255" step="2"/><W127/><G127/><T107/><D34/><U58/><E132/><V53/><F53/><W112/><G112/><T101/><D52/><N who="1" m="32007" /><E124/><V83/><F83/><W61/><G15/><T94/><D14/><U113/><AGARI ba="1,3" hai="40,45,50,63,65,70,113,114" m="32007,40983" machi="113" ten="30,6000,0" yaku="34,2,54,1" doraHai="26" who="1" fromWho="1" sc="235,-21,255,93,225,-21,255,-21" /><INIT seed="1,2,0,1,0,131" ten="214,348,204,234" oya="1" hai0="77,62,87,50,53,91,44,124,118,114,132,49,47" hai1="30,32,75,16,113,112,5,79,22,38,48,69,102" hai2="73,122,68,103,8,120,106,81,13,54,66,80,24" hai3="97,12,20,104,111,129,121,98,42,18,10,25,27"/><U67/><E38/><V95/><F106/><W88/><G121/><T93/><D118/><U2/><E102/><V26/><F68/><W63/><G129/><T3/><D114/><U78/><E48/><V92/><F66/><W109/><G42/><T100/><D124/><U64/><E79/><V84/><F73/><W35/><G63/><T58/><D3/><U96/><E96/><V134/><F54/><W0/><G104/><T29/><D29/><U40/><E40/><V89/><F134/><W9/><G88/><T127/><D127/><U39/><E39/><V19/><F122/><W45/><G45/><T110/><D110/><N who="3" m="41993" /><G98/><T135/><D77/><U59/><E69/><V115/><F115/><W72/><G97/><T126/><D100/><U117/><E117/><V33/><F120/><W125/><G72/><T83/><D83/><N who="2" m="31818" /><F33/><W123/><G123/><T86/><D86/><U65/><E59/><V119/><F119/><W15/><G125/><T36/><D126/><U6/><E78/><V85/><F103/><W128/><G128/><T116/><D36/><U108/><E75/><V28/><F28/><N who="3" m="19871" /><G0/><T23/><D116/><U41/><E41/><V1/><F1/><W52/><G52/><N who="0" m="29759" /><D62/><U82/><E108/><V130/><F130/><W56/><G56/><T34/><D44/><U4/><E2/><V14/><F85/><W133/><G133/><N who="0" m="51275" /><D34/><U99/><E113/><V57/><F57/><W90/><G90/><T55/><D55/><U46/><E112/><V51/><F89/><W70/><G70/><T7/><D91/><U105/><E32/><V107/><F84/><RYUUKYOKU ba="2,0" sc="214,-10,348,-10,204,-10,234,30" hai3="9,10,12,15,18,20,25" /><INIT seed="2,3,0,5,3,55" ten="204,338,194,264" oya="2" hai0="12,96,2,71,86,56,38,47,132,85,104,114,19" hai1="59,74,120,35,3,118,37,83,14,106,111,133,29" hai2="48,44,87,70,21,131,11,32,9,0,134,1,77" hai3="13,42,45,15,125,92,100,7,68,124,8,122,69"/><V22/><F70/><W73/><G73/><T113/><D71/><U17/><RYUUKYOKU type="yao9" ba="3,0" sc="204,0,338,0,194,0,264,0" hai1="3,14,17,29,35,37,59,74,83,106,111,118,120,133" /><INIT seed="2,4,0,0,5,62" ten="204,338,194,264" oya="2" hai0="64,116,29,101,30,37,52,48,70,47,77,6,17" hai1="35,36,61,24,72,98,53,71,73,92,60,8,119" hai2="126,26,12,16,132,128,107,44,65,79,81,68,99" hai3="87,69,22,133,83,66,25,7,102,27,51,86,78"/><V105/><F126/><W76/><G133/><T2/><D116/><U123/><E119/><V50/><F132/><W34/><G34/><T120/><D120/><U14/><E36/><V103/><F128/><W43/><G102/><T63/><D101/><U23/><E123/><V75/><F26/><W131/><G131/><T45/><D77/><U95/><E35/><V38/><F38/><W58/><G7/><T56/><D47/><U28/><E92/><V112/><F112/><W31/><G69/><T84/><D84/><U18/><E61/><V109/><F109/><W130/><G27/><T88/><D88/><U113/><E113/><V106/><F65/><W20/><G20/><T19/><D6/><U4/><E28/><N who="0" m="10857" /><D2/><U32/><E32/><V39/><F68/><W46/><G130/><T40/><AGARI ba="4,0" hai="17,19,37,40,45,48,52,56,63,64,70" m="10857" machi="40" ten="30,4000,0" yaku="24,1,52,1,54,1" doraHai="62" who="0" fromWho="0" sc="204,52,338,-14,194,-24,264,-14" /><INIT seed="3,0,0,3,2,116" ten="256,324,170,250" oya="3" hai0="45,65,3,4,72,41,101,20,121,81,39,55,43" hai1="44,87,38,75,12,123,119,27,98,31,23,125,64" hai2="131,127,102,86,89,50,34,130,134,69,15,133,36" hai3="53,91,28,10,73,32,2,11,35,103,95,90,85"/><W122/><G73/><T16/><D43/><U114/><E75/><V0/><F0/><W52/><G103/><T94/><D65/><U37/><E119/><V88/><F36/><W84/><G2/><T74/><D55/><U40/><E114/><V17/><F69/><W111/><G111/><T100/><D74/><U6/><E125/><V70/><F70/><W115/><G115/><T21/><D21/><U124/><E124/><V51/><F34/><W57/><G122/><T112/><D94/><U92/><E38/><V48/><F102/><W1/><G1/><T128/><D128/><N who="2" m="49194" /><F127/><W56/><G95/><T59/><D121/><U29/><E87/><V76/><F76/><W67/><G67/><T120/><D120/><U79/><E79/><V71/><F71/><W97/><REACH who="3" step="1"/><G28/><REACH who="3" ten="256,324,170,240" step="2"/><T14/><D112/><U96/><E64/><V30/><F30/><W46/><G46/><T42/><D45/><U78/><E44/><V104/><F104/><W13/><G13/><T18/><D14/><U9/><E92/><N who="2" m="54295" /><F89/><W22/><G22/><AGARI ba="0,1" hai="15,17,22,48,50,51,133,134" m="54295,49194" machi="22" ten="30,2000,0" yaku="19,1,54,1" doraHai="116" who="2" fromWho="3" sc="256,0,324,0,170,30,240,-20" /><INIT seed="4,0,0,0,5,72" ten="256,324,200,220" oya="0" hai0="120,75,33,77,45,98,109,111,34,103,51,49,56" hai1="122,88,135,52,96,44,30,14,124,2,65,95,63" hai2="60,94,76,116,4,100,102,0,78,130,24,25,106" hai3="20,18,31,69,110,43,79,114,87,73,81,39,89"/><T107/><D120/><U7/><E122/><V127/><F106/><W58/><G69/><T134/><D134/><U5/><E135/><V8/><F127/><W70/><G70/><T91/><D56/><N who="1" m="37095" /><E2/><V113/><F113/><W82/><G110/><N who="0" m="41995" /><D91/><U126/><E30/><V47/><F130/><W54/><G31/><T26/><D26/><U125/><E14/><V13/><F116/><W128/><G114/><T71/><D71/><U131/><E131/><V27/><F0/><W64/><G64/><T36/><D36/><U15/><E15/><V57/><F47/><W104/><G104/><T19/><D19/><U28/><E28/><V83/><F83/><W21/><G128/><T105/><D105/><U9/><E9/><V118/><F118/><W74/><G18/><T61/><D61/><U23/><E23/><V97/><REACH who="2" step="1"/><F102/><REACH who="2" ten="256,324,190,220" step="2"/><W84/><G81/><N who="0" m="45247" /><D45/><U86/><E44/><V108/><F108/><W115/><G82/><T112/><D112/><U99/><E126/><V12/><F12/><W17/><G115/><T101/><D103/><U59/><E125/><V32/><F32/><AGARI ba="0,1" hai="32,33,34,49,51,98,101,107" m="45247,41995" machi="32" ten="30,2900,0" yaku="10,1,52,1" doraHai="72" who="0" fromWho="2" sc="256,39,324,0,190,-29,220,0" /><INIT seed="4,1,0,2,3,69" ten="295,324,161,220" oya="0" hai0="29,22,109,9,112,115,77,134,6,7,21,86,123" hai1="119,132,49,129,101,28,4,70,95,18,92,126,118" hai2="61,12,27,24,63,114,82,130,133,74,11,35,124" hai3="85,98,78,106,25,67,127,36,100,54,68,41,1"/><T31/><D77/><U65/><E4/><N who="0" m="1577" /><D86/><U66/><E28/><N who="0" m="10825" /><D123/><U73/><E73/><V8/><F82/><W2/><G25/><T42/><D42/><U96/><E49/><V60/><F114/><N who="0" m="43562" /><D134/><U37/><E132/><V30/><F133/><W44/><G85/><T53/><D53/><U81/><E66/><V102/><F74/><W0/><G54/><T56/><D56/><U55/><E55/><V38/><F30/><W116/><G78/><T110/><D9/><U125/><E65/><V26/><F11/><W93/><G93/><T19/><D19/><U71/><E96/><V122/><F8/><W120/><G120/><T57/><D57/><U117/><E101/><V52/><F102/><W58/><G58/><T91/><D91/><U40/><E81/><V135/><F52/><W103/><G103/><T16/><D21/><U23/><E92/><V50/><F122/><W89/><G89/><T10/><D10/><U105/><E95/><V108/><F135/><W17/><G17/><T59/><D59/><U51/><E105/><V99/><F99/><W111/><G98/><T3/><D3/><U34/><E18/><V128/><F63/><W64/><G0/><T97/><D97/><U107/><E23/><V104/><F61/><W87/><G1/><T131/><D131/><U33/><E129/><V79/><F60/><W80/><G2/><T121/><D121/><U84/><E107/><V14/><F104/><W39/><G106/><T46/><D46/><N who="1" m="23823" /><E84/><V62/><F130/><W90/><G87/><T43/><D43/><U45/><E45/><V76/><F128/><RYUUKYOKU ba="1,0" sc="295,30,324,-10,161,-10,220,-10" hai0="16,22,109,110" /><INIT seed="4,2,0,3,4,30" ten="325,314,151,210" oya="0" hai0="8,16,33,50,25,135,20,43,112,7,45,15,115" hai1="40,80,3,53,6,51,21,130,27,132,2,86,55" hai2="116,88,113,18,34,36,91,102,19,85,87,78,90" hai3="117,107,12,52,99,22,38,46,77,69,108,49,101"/><T41/><D135/><U44/><E132/><V111/><F111/><W63/><G108/><T114/><D43/><U123/><E123/><V118/><F36/><W131/><G117/><N who="2" m="45161" /><F113/><W134/><G131/><T122/><D122/><U89/><E130/><V103/><F34/><AGARI ba="2,0" hai="7,8,15,16,20,25,33,34,41,45,50,112,114,115" machi="34" ten="40,12000,1" yaku="15,1,52,2,54,1" doraHai="30" who="0" fromWho="2" sc="325,126,314,0,151,-126,210,0" /><INIT seed="4,3,0,3,5,26" ten="451,314,25,210" oya="0" hai0="124,86,65,125,83,72,0,121,8,14,32,104,107" hai1="2,116,33,46,135,58,81,115,53,51,70,119,11" hai2="85,132,111,118,96,31,110,39,28,50,99,45,97" hai3="76,52,112,123,9,42,4,6,34,77,82,101,23"/><T17/><D121/><U61/><E33/><V108/><F39/><W79/><G34/><T106/><D72/><U91/><E2/><V3/><F3/><W25/><G123/><T84/><D32/><U64/><E11/><V133/><F85/><W7/><G42/><T66/><D0/><U60/><E81/><V30/><F118/><W134/><G134/><T13/><D13/><U98/><E98/><V129/><F129/><W10/><G112/><T56/><D86/><U57/><E91/><V5/><F5/><W16/><G101/><T15/><D15/><U109/><E109/><V73/><F73/><W49/><G82/><T103/><D103/><U48/><E135/><V18/><F18/><W54/><G54/><AGARI ba="3,0" hai="28,30,31,45,50,54,96,97,99,108,110,111,132,133" machi="54" ten="50,8000,1" yaku="29,2,52,3" doraHai="26" who="2" fromWho="3" sc="451,0,314,0,25,89,210,-89" /><INIT seed="5,0,0,5,0,78" ten="451,314,114,121" oya="1" hai0="65,28,77,119,64,109,66,131,58,9,22,129,76" hai1="118,81,89,96,17,36,48,120,20,54,113,37,19" hai2="93,92,47,98,122,127,108,18,132,24,1,51,103" hai3="11,87,0,42,57,106,60,52,45,82,133,70,101"/><U13/><E118/><V105/><F108/><W53/><G133/><T31/><D109/><U123/><E113/><V102/><F122/><W49/><G70/><T99/><D119/><U7/><E7/><V6/><F132/><W116/><G116/><T59/><D99/><U38/><E19/><V128/><F127/><W55/><G106/><T35/><D35/><U75/><E96/><V79/><F128/><N who="0" m="49226" /><D9/><U21/><E21/><V117/><F117/><W110/><G110/><T71/><D71/><U112/><E112/><V121/><F121/><W62/><G101/><T80/><D77/><U25/><E25/><V12/><F1/><W90/><REACH who="3" step="1"/><G62/><REACH who="3" ten="451,314,114,111" step="2"/><T134/><D134/><U115/><E115/><V44/><F103/><W46/><G46/><T2/><D59/><U67/><E123/><V27/><F47/><W34/><G34/><T26/><D58/><U95/><E120/><V4/><F105/><W107/><G107/><T3/><D31/><U114/><E114/><V16/><F44/><W10/><G10/><T97/><D97/><N who="1" m="57583" /><E38/><V68/><F68/><W39/><G39/><T32/><D32/><U40/><E36/><V126/><F98/><W83/><G83/><T125/><D125/><U5/><E37/><V61/><F61/><W111/><G111/><T73/><AGARI ba="0,1" hai="2,3,22,26,28,64,65,66,73,76,80" m="49226" machi="73" ten="30,2000,0" yaku="19,1,52,1" doraHai="78" who="0" fromWho="0" sc="451,30,314,-10,114,-5,111,-5" /><INIT seed="6,0,0,5,4,107" ten="481,304,109,106" oya="2" hai0="76,50,64,3,117,44,48,79,31,87,71,52,17" hai1="26,55,92,121,128,51,96,86,125,60,23,9,22" hai2="104,113,6,85,93,135,32,7,30,134,12,73,88" hai3="28,63,56,46,132,20,69,0,95,94,112,90,25"/><V49/><F104/><W67/><G0/><T58/><D3/><U59/><E121/><V68/><F68/><W130/><G130/><T106/><D106/><U115/><E128/><V53/><F113/><W72/><G112/><T16/><D31/><U97/><E115/><V8/><F73/><W19/><G132/><N who="2" m="50729" /><F30/><W2/><G2/><T127/><D71/><U45/><E125/><V119/><F32/><W131/><G131/><T62/><D127/><U24/><E9/><V114/><F114/><W13/><G72/><T126/><D126/><U21/><E86/><V80/><F119/><W108/><G108/><T35/><D35/><U18/><E26/><V83/><F7/><W36/><G69/><T81/><D117/><U99/><REACH who="1" step="1"/><E92/><REACH who="1" ten="481,294,109,106" step="2"/><V78/><F78/><W27/><G27/><T116/><D116/><U4/><E4/><V98/><F85/><W124/><G124/><T110/><D79/><U43/><AGARI ba="0,1" hai="18,21,22,23,24,43,45,51,55,59,60,96,97,99" machi="43" ten="30,4000,0" yaku="1,1,0,1,8,1,53,0" doraHai="107" doraHaiUra="89" who="1" fromWho="1" sc="481,-10,294,50,109,-20,106,-10" /><INIT seed="7,0,0,3,3,44" ten="471,344,89,96" oya="3" hai0="102,105,24,27,8,62,112,63,70,54,73,89,69" hai1="58,64,94,13,59,104,3,119,82,22,4,108,9" hai2="126,131,19,6,47,76,33,5,120,122,7,66,34" hai3="65,134,100,129,35,93,50,92,133,96,106,48,121"/><W87/><G35/><T107/><D73/><U26/><E104/><V101/><F126/><W79/><G121/><N who="2" m="46697" /><F131/><W85/><G65/><T49/><D89/><U46/><E108/><V135/><F135/><N who="3" m="51723" /><G129/><T43/><D43/><U31/><E119/><V11/><F66/><W111/><G111/><T123/><D8/><U40/><E64/><V86/><F101/><W10/><G10/><T1/><D102/><U18/><E94/><N who="3" m="36458" /><G79/><T125/><D70/><U42/><E42/><V53/><F53/><W45/><G45/><T23/><D54/><U39/><E82/><N who="2" m="47431" /><F47/><W12/><G12/><AGARI ba="0,0" hai="5,6,7,11,12,19,33,34" m="47431,46697" machi="12" ten="30,1000,0" yaku="13,1" doraHai="44" who="2" fromWho="3" sc="471,0,344,0,89,10,96,-10" owari="471,57.0,344,14.0,99,-30.0,86,-41.0" /></mjloggm>