<mjloggm ver="2.3"><GO type="169" lobby="0"/><UN n0="%7A%65%52%6F" n1="%E3%81%84%E3%81%84%E7%AC%91%E9%A1%94" n2="%E3%83%88%E3%83%88%E3%83%AA%E5%85%88%E7%94%9F%31%39%E6%AD%B3" n3="%E5%88%87%E3%82%8A%E6%9C%AD" dan="18,17,19,17" rate="2226.52,2125.86,2291.77,2224.34" sx="M,F,F,M"/><TAIKYOKU oya="0"/><INIT seed="0,0,0,4,4,64" ten="250,250,250,250" oya="0" hai0="72,20,35,33,93,106,21,124,1,22,12,9,7" hai1="88,125,114,96,119,50,6,8,19,82,16,47,87" hai2="95,14,85,26,66,133,29,25,37,48,86,55,43" hai3="80,134,89,90,116,2,5,115,18,45,70,59,101"/><T44/><D106/><U121/><E119/><V51/><F133/><W97/><G116/><T91/><D72/><U42/><E121/><V117/><F117/><W77/><G115/><T69/><D69/><U84/><E114/><V74/><F74/><W104/><G134/><T68/><D68/><U98/><E125/><V130/><F130/><W131/><G70/><T127/><D44/><U112/><E112/><V71/><F14/><W40/><G131/><T57/><D57/><U120/><E120/><V23/><F25/><W27/><G59/><T128/><D128/><U17/><REACH who="1" step="1"/><E87/><REACH who="1" ten="250,240,250,250" step="2"/><V79/><F85/><W132/><G132/><T109/><D109/><U56/><E56/><V113/><F86/><W30/><G45/><T28/><D127/><U76/><E76/><V13/><F79/><W105/><G77/><T73/><D73/><U52/><E52/><V92/><F55/><W94/><G40/><T0/><D124/><U65/><E65/><V34/><F113/><W122/><G122/><T38/><D38/><U46/><E46/><N who="2" m="23919" /><F66/><W54/><G54/><T62/><D62/><U10/><E10/><V58/><F71/><W83/><G105/><T126/><D126/><U111/><E111/><V118/><F118/><W108/><G104/><T129/><D129/><U78/><E78/><V63/><F63/><W3/><G108/><T32/><REACH who="0" step="1"/><D28/><REACH who="0" ten="240,240,250,250" step="2"/><U110/><E110/><V102/><F58/><W53/><G30/><T75/><D75/><U61/><E61/><V100/><F29/><W39/><G39/><T123/><D123/><U81/><E81/><V15/><F48/><RYUUKYOKU ba="0,2" sc="240,15,240,15,250,-15,250,-15" hai0="0,1,7,9,12,20,21,22,32,33,35,91,93" hai1="6,8,16,17,19,42,47,50,82,84,88,96,98" /><INIT seed="0,1,2,1,3,5" ten="255,255,235,235" oya="0" hai0="122,85,8,89,7,44,35,36,28,59,114,65,32" hai1="92,1,103,104,109,53,127,74,13,45,91,48,93" hai2="75,68,117,79,9,38,15,134,83,10,90,18,21" hai3="129,0,23,20,135,97,47,3,24,12,37,112,63"/><T84/><D114/><U115/><E109/><V4/><F68/><W61/><G112/><T116/><D116/><U133/><BYE who="0" /><E115/><V125/><F38/><W132/><G129/><T26/><D26/><U62/><E1/><V58/><F117/><W55/><G97/><T94/><D94/><U128/><E128/><V17/><F134/><W39/><G12/><T78/><D78/><U52/><E133/><V106/><F125/><W41/><G47/><T113/><D113/><U19/><E74/><V43/><F43/><W77/><G77/><T96/><D96/><N who="1" m="59791" /><E104/><V87/><F106/><W33/><G41/><T6/><D6/><U27/><E27/><V66/><F4/><W108/><G24/><T49/><D49/><U31/><E31/><V60/><REACH who="2" step="1"/><F18/><REACH who="2" ten="255,255,225,235" step="2"/><W100/><G39/><T111/><D111/><U64/><E127/><V118/><F118/><W72/><G37/><T16/><D16/><U102/><E102/><V86/><F86/><W81/><G100/><T82/><D82/><AGARI ba="1,3" hai="9,10,15,17,21,58,60,66,75,79,82,83,87,90" machi="82" ten="30,7700,0" yaku="1,1,7,1,52,2,53,0" doraHai="5" doraHaiUra="119" who="2" fromWho="0" sc="255,-80,255,0,225,110,235,0" /><INIT seed="1,0,0,0,5,36" ten="175,255,335,235" oya="1" hai0="134,98,1,59,43,102,86,92,46,4,47,64,38" hai1="41,111,66,14,115,93,60,90,11,6,53,121,73" hai2="30,74,35,51,133,29,28,16,52,65,132,3,69" hai3="72,95,9,50,123,105,120,8,78,128,110,100,125"/><U99/><E73/><V79/><F3/><W62/><G62/><T118/><D118/><U84/><E115/><V12/><F65/><W22/><G22/><T10/><D10/><U112/><E112/><V114/><F69/><W109/><G50/><T37/><D37/><U103/><E121/><V54/><F114/><W13/><G9/><T61/><D61/><U76/><E111/><N who="3" m="42506" /><G13/><T17/><D17/><U25/><E76/><V91/><F35/><W108/><G8/><T39/><D39/><U55/><E41/><V129/><F129/><W87/><G108/><T96/><D96/><U0/><E25/><V42/><F91/><N who="3" m="53759" /><G125/><T49/><D49/><U45/><E45/><N who="2" m="26039" /><F16/><W122/><G128/><T131/><D131/><U5/><E5/><V32/><F12/><W19/><G19/><T20/><D20/><U68/><REACH who="1" step="1"/><E0/><REACH who="1" ten="175,245,335,235" step="2"/><V70/><F32/><W27/><G27/><T85/><D85/><U31/><E31/><V127/><F127/><UN n0="%7A%65%52%6F" /><W80/><G123/><T106/><D1/><U81/><AGARI ba="0,1" hai="6,11,14,53,55,60,66,68,81,84,90,93,99,103" machi="81" ten="20,3900,0" yaku="1,1,0,1,7,1,53,0" doraHai="36" doraHaiUra="40" who="1" fromWho="1" sc="175,-13,245,49,335,-13,235,-13" /><INIT seed="1,1,0,4,4,24" ten="162,294,322,222" oya="1" hai0="106,47,6,114,113,107,93,10,42,72,49,29,63" hai1="14,41,45,96,19,0,82,135,119,79,132,89,44" hai2="50,80,83,39,75,54,60,70,77,120,121,110,33" hai3="9,34,76,31,124,123,68,11,101,87,48,74,40"/><U97/><E0/><V27/><F39/><W20/><G74/><T125/><D72/><U126/><E119/><V36/><F36/><W25/><G123/><T91/><D125/><U115/><E115/><V4/><F110/><W73/><G73/><T53/><D106/><U102/><E126/><V26/><F4/><W117/><G124/><T64/><D107/><U37/><E45/><V35/><F80/><W103/><G68/><T69/><D42/><U99/><E89/><V128/><F128/><W58/><G34/><T21/><D21/><U105/><E82/><V118/><F118/><W134/><G134/><N who="1" m="51242" /><E79/><V122/><F33/><W109/><G40/><T3/><REACH who="0" step="1"/><D29/><REACH who="0" ten="152,294,322,222" step="2"/><U46/><E46/><V61/><F35/><W131/><G31/><T66/><D66/><U1/><E1/><V130/><F120/><W85/><G117/><T30/><D30/><U108/><E108/><V16/><F121/><W112/><G109/><T57/><D57/><U18/><E18/><V5/><F16/><W38/><G58/><T32/><D32/><U92/><E105/><V2/><F122/><W111/><G111/><T78/><D78/><U52/><E52/><V98/><F54/><W62/><G76/><T81/><D81/><U86/><E19/><V71/><F77/><W84/><G131/><T116/><D116/><U51/><E41/><V104/><F75/><W127/><G127/><T43/><D43/><U55/><E37/><V56/><F130/><W8/><G38/><T13/><D13/><U23/><E14/><V7/><F2/><W22/><G22/><T95/><D95/><RYUUKYOKU ba="1,1" sc="152,30,294,-10,322,-10,222,-10" hai0="3,6,10,47,49,53,63,64,69,91,93,113,114" /><INIT seed="2,2,1,1,1,50" ten="182,284,312,212" oya="2" hai0="5,30,100,77,80,101,94,4,22,119,104,34,52" hai1="73,11,105,107,114,93,95,48,75,111,117,64,97" hai2="3,122,89,103,98,72,44,1,127,61,41,13,78" hai3="27,35,67,96,14,39,2,31,135,112,59,86,57"/><V128/><F122/><W25/><G2/><T60/><D34/><U71/><E71/><V9/><F128/><W51/><G39/><T20/><D104/><U40/><E64/><V24/><F127/><W15/><G135/><T16/><D119/><U81/><E11/><V18/><F89/><W65/><G112/><T38/><D38/><U10/><E10/><V62/><F72/><W33/><G86/><N who="0" m="48399" /><D22/><U125/><E48/><V19/><F78/><W56/><G51/><T49/><D30/><U118/><E40/><V121/><F121/><W47/><G96/><N who="0" m="59415" /><D101/><U43/><E43/><V37/><F1/><W83/><G83/><T0/><D60/><U21/><E21/><V29/><F3/><W79/><G79/><T55/><D0/><U8/><E8/><V116/><F19/><W88/><G88/><T90/><D90/><U32/><E32/><V91/><F91/><W69/><G69/><T92/><D92/><U23/><E23/><V131/><F116/><W36/><G36/><T66/><D66/><U12/><E81/><V58/><F131/><W110/><G31/><T76/><D76/><U132/><E114/><V106/><F62/><W45/><G67/><T109/><D109/><U17/><E111/><V120/><F120/><W113/><G65/><T46/><D55/><U87/><E73/><V84/><F84/><W28/><G110/><T54/><D54/><U26/><E87/><V6/><F29/><N who="3" m="19631" /><G113/><T7/><D7/><U134/><E118/><V82/><F82/><W126/><G126/><T129/><D129/><U130/><E130/><V74/><F37/><RYUUKYOKU ba="2,1" sc="182,15,284,-15,312,-15,212,15" hai0="4,5,16,20,46,49,52" hai3="14,15,27,28,35,45,47,56,57,59" /><INIT seed="3,3,1,1,1,120" ten="197,269,297,227" oya="3" hai0="40,112,24,21,52,71,105,38,25,33,18,57,13" hai1="134,126,42,97,32,98,44,78,3,5,82,107,15" hai2="99,133,131,80,4,111,16,70,35,92,119,10,67" hai3="12,22,108,121,72,93,77,68,76,49,124,81,46"/><W60/><G121/><T88/><D112/><U58/><E126/><V9/><F119/><W65/><G124/><T132/><D71/><U85/><E134/><V128/><F35/><W41/><G77/><T95/><D105/><U26/><E3/><V75/><F133/><W31/><G93/><T110/><D132/><U129/><E107/><V56/><F70/><W29/><REACH who="3" step="1"/><G108/><REACH who="3" ten="197,269,297,217" step="2"/><T89/><D110/><U8/><E129/><V0/><F111/><W63/><G63/><T103/><D103/><U39/><E58/><V91/><F80/><W69/><G69/><T114/><D114/><U53/><E78/><V73/><F128/><W64/><G64/><T115/><D115/><U27/><E82/><V90/><F90/><W19/><AGARI ba="3,2" hai="12,19,22,29,31,41,46,49,60,65,68,72,76,81" machi="19" ten="30,3000,0" yaku="1,1,0,1,53,0" doraHai="120" doraHaiUra="83" who="3" fromWho="3" sc="197,-13,269,-13,297,-13,217,59" /><INIT seed="3,4,0,0,5,60" ten="184,256,284,276" oya="3" hai0="131,117,34,78,10,51,38,29,87,86,12,94,80" hai1="19,5,123,111,18,25,132,8,49,135,3,58,68" hai2="129,130,97,0,84,57,128,42,61,75,66,98,77" hai3="43,126,16,69,47,28,125,88,133,116,114,20,17"/><W62/><G114/><T90/><D38/><U33/><E68/><V65/><F75/><W63/><G116/><T67/><D117/><U120/><E58/><V53/><F0/><W79/><G79/><T52/><D131/><U21/><E49/><V64/><F42/><W108/><G133/><N who="1" m="51274" /><E111/><V70/><F70/><W32/><G32/><T13/><D67/><U95/><E95/><V109/><F109/><W41/><G28/><T6/><D34/><U106/><E106/><V124/><F124/><N who="3" m="47723" /><G17/><N who="1" m="6154" /><E33/><V82/><AGARI ba="4,0" hai="53,57,61,64,65,66,77,82,84,97,98,128,129,130" machi="82" ten="40,8000,1" yaku="0,1,19,1,52,3" doraHai="60" who="2" fromWho="2" sc="184,-24,256,-24,284,92,276,-44" /><INIT seed="4,0,0,1,3,30" ten="160,232,376,232" oya="0" hai0="101,120,49,11,129,1,110,56,53,109,82,61,130" hai1="54,99,69,71,76,48,134,27,20,86,43,65,9" hai2="89,79,64,116,92,59,58,22,102,106,103,115,47" hai3="127,88,122,85,90,60,5,19,112,94,80,37,66"/><T13/><D101/><U95/><E134/><V133/><F106/><W31/><G37/><T28/><D82/><U8/><E43/><V108/><F108/><N who="0" m="41578" /><D1/><U34/><E34/><V14/><F133/><W126/><G112/><T83/><D83/><N who="1" m="47463" /><E65/><V12/><F115/><W91/><G122/><T25/><D61/><U113/><E69/><V52/><F79/><W97/><G5/><N who="0" m="3311" /><D120/><U3/><E71/><V93/><F64/><W121/><G121/><T96/><D96/><U16/><E3/><V128/><F89/><W104/><G104/><T119/><D119/><U135/><E135/><V70/><F70/><W2/><G2/><T15/><D15/><U0/><E0/><V36/><F116/><W24/><G91/><T42/><D42/><U45/><E113/><V75/><F52/><W123/><G123/><T21/><AGARI ba="0,0" hai="21,25,28,49,53,56,129,130" m="3311,41578" machi="21" ten="30,1500,0" yaku="10,1" doraHai="30" who="0" fromWho="0" sc="160,15,232,-5,376,-5,232,-5" /><INIT seed="4,1,0,1,1,59" ten="175,227,371,227" oya="0" hai0="83,14,119,2,46,130,81,109,6,16,9,57,101" hai1="88,13,104,84,31,100,34,98,132,22,64,4,40" hai2="76,121,92,7,29,41,10,85,67,108,89,102,30" hai3="12,45,118,49,116,17,111,27,56,106,122,35,117"/><T120/><D119/><U65/><E132/><V39/><F108/><W33/><G111/><T24/><D120/><U18/><E40/><V25/><F121/><W8/><G122/><T103/><D109/><U135/><E135/><V72/><F102/><W68/><G68/><T44/><D130/><U62/><E4/><V5/><F5/><W131/><G106/><T80/><D101/><U1/><E1/><V123/><F123/><W51/><G131/><T94/><D2/><U114/><E114/><V75/><F67/><W42/><REACH who="3" step="1"/><G27/><REACH who="3" ten="175,227,371,217" step="2"/><T107/><D107/><U61/><E64/><V126/><F25/><W86/><G86/><T38/><D38/><U52/><E65/><V3/><F85/><W73/><G73/><T50/><D24/><U128/><E128/><V48/><F75/><W11/><G11/><T0/><D0/><U74/><E74/><V82/><F10/><W112/><G112/><T54/><REACH who="0" step="1"/><D6/><REACH who="0" ten="165,227,371,217" step="2"/><U133/><E104/><V134/><F39/><W32/><G32/><T19/><D19/><U53/><E34/><V66/><F7/><W96/><G96/><AGARI ba="1,2" hai="9,14,16,44,46,50,54,57,80,81,83,94,96,103" machi="96" ten="40,7700,0" yaku="1,1,8,1,54,1,53,0" doraHai="59" doraHaiUra="105" who="0" fromWho="3" sc="165,100,227,0,371,0,217,-80" /><INIT seed="4,2,0,0,2,106" ten="265,227,371,137" oya="0" hai0="46,75,21,18,69,35,59,60,54,116,85,119,86" hai1="72,40,97,47,88,78,83,87,76,19,123,39,126" hai2="32,100,99,121,91,125,102,73,104,118,13,110,63" hai3="82,120,134,74,2,101,107,67,33,26,0,98,43"/><T56/><D35/><U128/><E123/><V92/><F121/><W12/><G120/><T53/><D69/><U131/><E126/><V38/><F38/><W34/><G134/><T65/><D75/><U66/><E66/><V130/><F32/><N who="3" m="12395" /><G26/><T79/><D119/><U115/><E115/><V36/><F130/><W96/><G12/><T25/><D116/><U62/><E62/><V23/><F36/><W77/><G98/><T135/><D135/><U3/><E3/><V57/><F73/><W49/><G49/><N who="0" m="28983" /><D79/><U64/><E64/><V9/><F125/><W108/><G43/><T105/><D105/><U51/><E19/><V1/><F1/><N who="3" m="619" /><G67/><T20/><D20/><U50/><E97/><V45/><F104/><W37/><G37/><T22/><D22/><U132/><E78/><V11/><F23/><W42/><G42/><T122/><D122/><U117/><E117/><V93/><F118/><W41/><G41/><T24/><D25/><U8/><E8/><V30/><F9/><W14/><G14/><T31/><D18/><U133/><E133/><V15/><F11/><W103/><G103/><T111/><D111/><AGARI ba="2,0" hai="74,77,82,96,101,107,108,111" m="619,12395" machi="111" ten="30,2000,0" yaku="23,1,52,1" doraHai="106" who="3" fromWho="0" sc="265,-26,227,0,371,0,137,26" /><INIT seed="5,0,0,5,2,19" ten="239,227,371,163" oya="1" hai0="75,57,51,88,103,32,104,21,79,106,66,37,87" hai1="49,83,94,53,28,132,14,126,10,3,16,65,110" hai2="109,35,125,47,64,33,23,130,12,27,122,82,121" hai3="119,56,31,84,18,118,78,34,22,105,92,39,108"/><U69/><E126/><V116/><F64/><W6/><G108/><T100/><D37/><U133/><E110/><V15/><F109/><W20/><G105/><T96/><D32/><N who="2" m="12362" /><F47/><W4/><G39/><T36/><D36/><U59/><E3/><V41/><F82/><N who="3" m="47191" /><G92/><T93/><D21/><N who="3" m="8297" /><G18/><T70/><D70/><U114/><E28/><N who="2" m="17535" /><F41/><W71/><G56/><T85/><D57/><U63/><E83/><V17/><F116/><N who="3" m="44587" /><G71/><T128/><D104/><U135/><E94/><V52/><F17/><W2/><G2/><T98/><D106/><U131/><E114/><V81/><F15/><W107/><G107/><T67/><D93/><U102/><E102/><V40/><F12/><W113/><G113/><T29/><D79/><U95/><E95/><V50/><F81/><W99/><G99/><T89/><D100/><U58/><E69/><V91/><F91/><W1/><G1/><T68/><D68/><U60/><E60/><V80/><F80/><W54/><G54/><T90/><D90/><U0/><E0/><V61/><F61/><W11/><G11/><T7/><D89/><U44/><E59/><V9/><F9/><W127/><G127/><T134/><D88/><U74/><E74/><V55/><F125/><W5/><G5/><T112/><D7/><U25/><E25/><AGARI ba="0,0" hai="4,6,25,31,34" m="44587,8297,47191" machi="25" ten="30,7700,0" yaku="12,1,52,3" doraHai="19" who="3" fromWho="1" sc="239,0,227,-77,371,0,163,77" /><INIT seed="6,0,0,0,5,107" ten="239,150,371,240" oya="2" hai0="17,85,83,52,29,36,111,127,79,62,45,78,77" hai1="54,40,0,35,135,70,123,18,13,112,55,53,46" hai2="51,61,104,133,72,80,73,7,114,9,119,30,110" hai3="31,10,44,3,12,26,56,16,42,25,102,124,131"/><V101/><F119/><W48/><G124/><T86/><D111/><U1/><E70/><V68/><F51/><W8/><G131/><T89/><D127/><U21/><E35/><V134/><F80/><W38/><G102/><T130/><D130/><U108/><E108/><V93/><F93/><W63/><G38/><T15/><D29/><U117/><E117/><V23/><F23/><N who="3" m="15839" /><G25/><T88/><D36/><U4/><E112/><V43/><F43/><W41/><G3/><T59/><D45/><U105/><E105/><V50/><F50/><W129/><G42/><T24/><D24/><U65/><E65/><N who="2" m="41007" /><F30/><W90/><G90/><N who="0" m="34923" /><D83/><U100/><E100/><V64/><F64/><N who="3" m="39015" /><G129/><T67/><D67/><U33/><E33/><V126/><F114/><W92/><G92/><T84/><D84/><U128/><E128/><V120/><F120/><W95/><G95/><T66/><D66/><U22/><E135/><N who="2" m="51723" /><F126/><W121/><G121/><T71/><D71/><U69/><E69/><V122/><F122/><W75/><G48/><T2/><D2/><U96/><E123/><V19/><F110/><W99/><G44/><T58/><D58/><U28/><E96/><V91/><F91/><W132/><G41/><T113/><D113/><U94/><E94/><V32/><F32/><W14/><G99/><T49/><D62/><U57/><E57/><V103/><F104/><W109/><G109/><T118/><D118/><U11/><E28/><V37/><F103/><W76/><G132/><T20/><AGARI ba="0,0" hai="15,17,20,49,52,59,77,78,79,85,86" m="34923" machi="20" ten="30,4000,0" yaku="8,1,54,2" doraHai="107" who="0" fromWho="0" sc="239,40,150,-10,371,-20,240,-10" /><INIT seed="7,0,0,2,3,110" ten="279,140,351,230" oya="3" hai0="45,112,9,8,50,39,66,64,30,132,116,4,129" hai1="109,11,130,65,12,42,71,13,10,121,101,57,80" hai2="97,21,31,59,32,46,24,117,17,73,123,118,1" hai3="49,61,84,22,3,26,122,120,56,89,16,78,98"/><W105/><G3/><T68/><D116/><U93/><E109/><V107/><F73/><W7/><G7/><T25/><D39/><U135/><E121/><V108/><F123/><W75/><G49/><T37/><D37/><U54/><E130/><V55/><F108/><W102/><G78/><T0/><D129/><U124/><E135/><V23/><F1/><W48/><G48/><T43/><D132/><U100/><E124/><V81/><F46/><W67/><REACH who="3" step="1"/><G75/><REACH who="3" ten="279,140,351,220" step="2"/><T40/><D4/><U18/><E42/><V79/><F79/><W70/><G70/><T58/><D68/><U114/><E71/><V113/><F118/><W87/><G87/><T14/><D0/><U69/><E69/><V34/><F117/><W62/><G62/><T60/><D43/><U33/><E33/><V28/><F32/><W115/><G115/><T51/><D112/><U106/><E114/><V125/><F34/><W127/><G127/><T6/><D51/><U126/><E126/><V83/><F125/><W99/><G99/><T94/><D50/><U104/><E57/><V35/><F113/><W20/><G20/><T2/><D40/><U111/><E111/><V29/><F23/><W88/><G88/><T38/><D58/><U15/><E10/><V52/><F35/><W131/><G131/><T128/><D9/><U92/><E11/><V53/><F59/><W72/><G72/><T103/><D8/><U74/><E74/><V41/><F41/><W133/><G133/><T95/><D2/><U134/><E134/><V86/><F86/><W119/><G119/><T90/><D128/><RYUUKYOKU ba="0,1" sc="279,-15,140,-15,351,15,220,15" hai2="17,21,24,28,29,31,52,53,55,81,83,97,107" hai3="16,22,26,56,61,67,84,89,98,102,105,120,122" /><INIT seed="7,1,1,0,3,125" ten="264,125,366,235" oya="3" hai0="131,11,108,2,54,29,67,105,106,129,34,109,4" hai1="82,101,53,123,1,86,84,72,81,0,5,50,32" hai2="128,52,98,93,59,116,47,20,19,57,7,25,39" hai3="6,124,51,30,13,49,122,65,97,43,119,12,87"/><W113/><G119/><T36/><D54/><U61/><E123/><V28/><F128/><N who="0" m="49226" /><D67/><U88/><E32/><V35/><F116/><W70/><G113/><T135/><D36/><U112/><E112/><V8/><F39/><W95/><G30/><T91/><D91/><U69/><E72/><V40/><F40/><W132/><G132/><T120/><D135/><U92/><E5/><V79/><F79/><W45/><G124/><T17/><D120/><U74/><E74/><V68/><F68/><W64/><G70/><T80/><D80/><U18/><E69/><V133/><F133/><W75/><G75/><T130/><N who="0" m="49234" /><T85/><DORA hai="114" /><D85/><U9/><E61/><V118/><F118/><W121/><G87/><T46/><D46/><U100/><E1/><V117/><F117/><W48/><G65/><T23/><D29/><U115/><E0/><N who="2" m="103" /><F52/><W102/><G64/><T127/><D34/><U62/><E62/><V60/><F47/><W37/><G122/><T76/><D76/><U10/><E115/><V55/><F55/><W38/><G38/><T56/><D56/><U107/><E107/><N who="0" m="40969" /><D127/><U26/><E10/><V66/><F60/><W111/><G121/><T96/><D96/><U77/><E92/><V126/><F66/><W104/><G95/><T89/><D89/><U42/><E42/><V31/><F31/><W44/><G104/><T3/><D3/><U63/><E63/><V15/><F126/><W110/><G43/><T103/><D103/><AGARI ba="1,1" hai="15,19,20,25,28,35,57,59,93,98,103" m="103" machi="103" ten="30,1000,0" yaku="24,1" doraHai="125,114" who="2" fromWho="0" sc="264,-13,125,0,366,23,235,0" owari="251,5.0,125,-37.0,389,48.0,235,-16.0" /></mjloggm>