<mjloggm ver="2.3"><GO type="169" lobby="0"/><UN n0="%67%73%6B%67%33" n1="%79%6F%79%75%75%37%37" n2="%E5%B0%B1%E6%B4%BB%E7%94%9F%40%E5%B7%9D%E6%9D%91%E8%BB%8D%E5%9B%A3" n3="%4A%6F%75%72%6E%65%79" dan="17,17,18,17" rate="2198.02,2169.64,2298.91,2115.72" sx="M,M,M,M"/><TAIKYOKU oya="0"/><INIT seed="0,0,0,0,3,123" ten="250,250,250,250" oya="0" hai0="104,42,41,5,4,25,111,74,59,93,54,125,98" hai1="51,38,86,33,32,66,78,31,10,133,28,100,19" hai2="96,122,61,65,94,127,53,27,63,110,62,30,91" hai3="105,1,75,48,35,60,55,88,50,107,116,118,117"/><T20/><D74/><U26/><E38/><V6/><F122/><W29/><G1/><T132/><D104/><U23/><E133/><V11/><F127/><W119/><G75/><T39/><D132/><U36/><E36/><V7/><F6/><N who="0" m="2666" /><D39/><U73/><E73/><V129/><F129/><W101/><G60/><N who="0" m="35959" /><D125/><U126/><E126/><V21/><F110/><W112/><G112/><T80/><D80/><U2/><E2/><V67/><REACH who="2" step="1"/><F53/><REACH who="2" ten="250,250,240,250" step="2"/><W81/><G116/><T14/><D111/><U108/><E108/><V71/><F71/><W130/><G130/><T95/><D14/><AGARI ba="0,1" hai="7,11,14,21,27,30,61,62,63,65,67,91,94,96" machi="14" ten="40,2600,0" yaku="1,1,8,1,53,0" doraHai="123" doraHaiUra="115" who="2" fromWho="0" sc="250,-26,250,0,240,36,250,0" /><INIT seed="1,0,0,3,0,76" ten="224,250,276,250" oya="1" hai0="80,45,78,40,69,108,3,36,117,114,2,42,67" hai1="124,0,44,120,83,125,96,61,32,21,115,134,24" hai2="1,89,9,86,17,12,133,18,116,27,74,129,79" hai3="118,70,99,64,20,102,50,15,121,43,95,8,111"/><U19/><E120/><V48/><F116/><W85/><G121/><T23/><D114/><U25/><E115/><V14/><F133/><W35/><G35/><T94/><D117/><U106/><E134/><V30/><F1/><W6/><G118/><T65/><D94/><U33/><E0/><V93/><F129/><W107/><G111/><T104/><D104/><U39/><E61/><V46/><F74/><W82/><G20/><T88/><D108/><U60/><E60/><V66/><F79/><W28/><G28/><T130/><D130/><U135/><E135/><V7/><F66/><W123/><G123/><T119/><D119/><U109/><E109/><V84/><F86/><W71/><G107/><T49/><D69/><U131/><E131/><V98/><F98/><W29/><G29/><T126/><D3/><U73/><E44/><V112/><F14/><W13/><G13/><T77/><D2/><U51/><E51/><V31/><F31/><W110/><G64/><N who="0" m="24651" /><D42/><U59/><E59/><V52/><REACH who="2" step="1"/><F112/><REACH who="2" ten="224,250,266,250" step="2"/><W132/><G132/><T47/><D78/><N who="1" m="44495" /><E25/><V55/><F55/><W41/><G110/><T128/><D77/><U92/><E106/><V11/><F11/><W10/><G10/><T127/><D128/><U81/><E96/><V105/><F105/><W5/><G71/><T22/><D127/><U53/><E125/><V122/><F122/><W101/><G70/><T54/><D126/><U38/><E124/><V87/><F87/><W16/><G99/><T26/><D26/><U72/><E72/><V34/><AGARI ba="0,1" hai="7,9,12,17,18,27,30,34,46,48,52,84,89,93" machi="34" ten="20,5200,0" yaku="1,1,0,1,7,1,54,1,53,0" doraHai="76" doraHaiUra="37" who="2" fromWho="2" sc="224,-13,250,-26,266,62,250,-13" /><INIT seed="2,0,0,5,1,34" ten="211,224,328,237" oya="2" hai0="101,130,52,58,129,128,17,59,75,23,40,3,102" hai1="115,124,5,69,56,98,20,62,95,125,119,35,82" hai2="45,126,11,93,64,117,135,1,25,57,60,108,54" hai3="72,9,73,79,91,27,49,32,42,7,21,74,76"/><V65/><F117/><W99/><G32/><T81/><D40/><U10/><E35/><V8/><F126/><N who="1" m="48745" /><E119/><V96/><F135/><W29/><G42/><T90/><D59/><U44/><E69/><V6/><F108/><W100/><G91/><T22/><D75/><U46/><E20/><V12/><F45/><W133/><G49/><T68/><D68/><U85/><E115/><V114/><F25/><W14/><REACH who="3" step="1"/><G133/><REACH who="3" ten="211,224,328,227" step="2"/><T51/><D101/><U26/><E46/><V50/><F50/><W30/><G30/><T131/><D102/><U37/><E44/><V103/><REACH who="2" step="1"/><F114/><REACH who="2" ten="211,224,318,227" step="2"/><W107/><AGARI ba="0,2" hai="7,9,14,21,27,29,72,73,74,76,79,99,100,107" machi="107" ten="30,2000,0" yaku="1,1,0,1,53,0" doraHai="34" doraHaiUra="55" who="3" fromWho="3" sc="211,-5,224,-5,318,-10,227,40" /><INIT seed="3,0,0,2,5,99" ten="206,219,308,267" oya="3" hai0="120,135,123,130,131,94,17,49,126,105,0,101,27" hai1="95,41,42,44,30,21,69,12,54,36,28,35,84" hai2="122,111,10,65,43,77,70,98,71,80,18,110,75" hai3="9,5,66,128,93,52,82,48,102,2,73,83,133"/><W59/><G133/><T33/><D94/><U51/><E69/><V1/><F122/><W8/><G128/><N who="0" m="49195" /><D0/><U67/><E67/><V74/><F74/><W23/><G73/><T24/><D135/><U115/><E115/><V132/><F132/><W124/><G124/><T32/><D49/><U16/><E35/><N who="0" m="13385" /><D126/><U86/><E86/><V107/><F43/><N who="1" m="16393" /><E36/><V60/><F71/><W79/><G79/><T100/><D105/><U134/><E134/><V78/><F78/><W31/><G66/><T34/><D17/><U25/><E25/><N who="0" m="9801" /><D34/><U63/><E63/><V118/><F18/><W91/><G31/><T116/><D116/><U64/><E64/><V119/><F119/><W104/><G104/><T53/><D53/><U38/><E38/><V55/><F55/><W68/><G68/><T29/><D29/><U76/><E95/><V7/><F118/><W113/><G113/><T15/><D15/><U57/><E44/><V50/><F50/><W85/><G83/><AGARI ba="0,0" hai="12,16,21,28,30,51,54,57,76,83,84" m="16393" machi="83" ten="30,2000,0" yaku="8,1,54,1" doraHai="99" who="1" fromWho="3" sc="206,0,219,20,308,0,267,-20" /><INIT seed="4,0,0,3,3,132" ten="206,239,308,247" oya="0" hai0="99,36,100,106,93,70,61,101,124,47,79,37,85" hai1="121,4,94,63,1,58,20,104,32,122,17,65,130" hai2="28,53,56,11,19,46,87,3,50,77,5,59,126" hai3="134,92,113,118,41,125,54,60,0,91,89,127,96"/><T129/><D129/><U109/><E104/><V15/><F126/><N who="3" m="48139" /><G118/><T68/><D124/><U43/><E130/><V103/><F103/><N who="3" m="60807" /><G134/><T123/><D123/><U35/><E109/><V52/><F28/><W38/><G0/><T9/><D9/><U6/><E43/><V76/><F87/><W48/><G60/><T10/><D10/><U102/><E1/><V67/><F5/><W98/><G113/><T8/><D8/><U23/><E4/><V22/><F3/><W49/><G98/><T51/><D61/><U116/><E63/><N who="2" m="38375" /><F11/><W34/><G34/><T84/><D106/><U86/><E6/><V90/><F90/><N who="3" m="34315" /><G54/><T45/><D99/><U57/><E35/><V114/><F114/><W105/><G105/><T74/><D93/><U133/><E94/><V88/><F88/><W78/><G78/><T83/><D79/><U117/><E32/><V39/><F77/><W29/><G29/><T81/><REACH who="0" step="1"/><D51/><REACH who="0" ten="196,239,308,247" step="2"/><U18/><E133/><V40/><F76/><W7/><G7/><T111/><D111/><U108/><E108/><V55/><F39/><W21/><G21/><T110/><D110/><U13/><E116/><V26/><F59/><W71/><G71/><T112/><D112/><U33/><E117/><V24/><AGARI ba="0,1" hai="15,19,22,24,26,40,46,50,52,53,55" m="38375" machi="24" ten="30,2000,0" yaku="8,1,54,1" doraHai="132" who="2" fromWho="2" sc="196,-10,239,-5,308,30,247,-5" /><INIT seed="5,0,0,2,4,38" ten="186,234,338,242" oya="1" hai0="56,86,135,125,8,72,10,131,54,130,41,120,17" hai1="24,65,62,18,99,115,105,51,133,128,4,107,80" hai2="45,87,126,114,81,75,3,42,83,124,64,96,0" hai3="50,119,92,117,13,102,104,82,63,93,118,123,79"/><U6/><E115/><V19/><F75/><W7/><G123/><T52/><D72/><U61/><E128/><N who="0" m="49193" /><D120/><U44/><E133/><V2/><F64/><W90/><G63/><N who="0" m="36231" /><D135/><U25/><E80/><V46/><F46/><W59/><G104/><T95/><D125/><U26/><E18/><V134/><F114/><W106/><G106/><T49/><D17/><U57/><E107/><V27/><F96/><W15/><G102/><T12/><D12/><N who="3" m="4681" /><G7/><T98/><D86/><U66/><E99/><V30/><F19/><W110/><G110/><T127/><D127/><N who="2" m="48682" /><F87/><N who="3" m="50551" /><G79/><T9/><D98/><U60/><E105/><V40/><F134/><W78/><G78/><T101/><D101/><U5/><REACH who="1" step="1"/><E57/><REACH who="1" ten="186,224,338,242" step="2"/><V33/><F83/><W89/><G89/><T76/><D76/><U97/><E97/><V23/><F81/><W22/><G59/><N who="0" m="33231" /><D95/><U129/><E129/><V100/><F100/><W111/><G92/><T31/><D31/><U37/><E37/><V14/><F30/><W94/><G94/><T88/><D88/><U108/><E108/><V21/><F27/><W69/><G111/><T16/><D16/><U74/><E74/><V32/><F32/><W11/><G93/><T29/><D29/><U34/><E34/><V113/><F33/><W84/><G84/><T1/><D1/><U77/><E77/><V70/><F3/><W35/><G35/><T20/><D20/><U53/><AGARI ba="0,1" hai="4,5,6,24,25,26,44,51,53,60,61,62,65,66" machi="53" ten="40,12000,1" yaku="1,1,0,1,29,2,8,1,53,0" doraHai="38" doraHaiUra="36" who="1" fromWho="1" sc="186,-40,224,130,338,-40,242,-40" /><INIT seed="5,1,0,4,2,36" ten="146,354,298,202" oya="1" hai0="66,48,35,50,16,4,12,135,21,27,108,109,42" hai1="93,101,103,47,56,112,33,70,30,114,134,102,26" hai2="117,91,120,68,63,73,126,118,113,122,95,77,24" hai3="0,80,82,119,121,106,5,69,97,7,49,81,58"/><U90/><E70/><V3/><F3/><W43/><G121/><N who="2" m="46697" /><F24/><W67/><G119/><N who="2" m="45577" /><F63/><W17/><G69/><T32/><D135/><U37/><E134/><V59/><F59/><W39/><G39/><T8/><D66/><U76/><E76/><V54/><F54/><W57/><G106/><T129/><D129/><U62/><E47/><V105/><F105/><W79/><G79/><T130/><D130/><U115/><E37/><V96/><F68/><W9/><G97/><T13/><D50/><U132/><E132/><V123/><F123/><W46/><G67/><T94/><D94/><U40/><E40/><V89/><F126/><W14/><REACH who="3" step="1"/><G7/><REACH who="3" ten="146,354,298,192" step="2"/><T88/><D88/><U74/><E90/><N who="2" m="55415" /><F113/><W133/><G133/><T84/><D4/><U18/><E112/><V53/><F91/><W60/><G60/><T52/><D109/><U128/><E114/><V64/><F64/><W25/><G25/><T15/><D108/><U29/><E26/><V83/><F89/><W92/><G92/><T55/><D27/><U127/><E62/><V110/><F110/><W20/><AGARI ba="1,1" hai="0,5,9,14,17,20,43,46,49,57,58,80,81,82" machi="20" ten="30,7900,0" yaku="1,1,0,1,52,1,53,1" doraHai="36" doraHaiUra="38" who="3" fromWho="3" sc="146,-21,354,-40,298,-21,192,92" /><INIT seed="6,0,0,3,0,105" ten="125,314,277,284" oya="2" hai0="123,18,106,85,0,55,97,122,72,80,63,53,78" hai1="35,8,2,54,95,34,59,102,110,23,74,19,81" hai2="26,16,77,49,62,17,88,118,125,127,132,69,107" hai3="22,40,12,47,28,57,124,90,10,38,71,96,84"/><V65/><F107/><W112/><G71/><T134/><D0/><U36/><E36/><V14/><F118/><W82/><G124/><N who="2" m="47689" /><F132/><W129/><G129/><T103/><D134/><U61/><E110/><V64/><F77/><W114/><G96/><T29/><D29/><U126/><E126/><V21/><F49/><W45/><G57/><T25/><D63/><U89/><E102/><V135/><F135/><W58/><G58/><T67/><D67/><U33/><E8/><N who="2" m="6215" /><F64/><W11/><G47/><T86/><D18/><U133/><E133/><V9/><F9/><W93/><G11/><T111/><D25/><N who="1" m="14591" /><E2/><V32/><F32/><W87/><G10/><T50/><D111/><U48/><E48/><V24/><F24/><W3/><G3/><T51/><D51/><U75/><E81/><V120/><F120/><W41/><G41/><T116/><D116/><U70/><E33/><V92/><F92/><W37/><G37/><T76/><D76/><U83/><E83/><V98/><F98/><W131/><G131/><T46/><REACH who="0" step="1"/><D55/><REACH who="0" ten="115,314,277,284" step="2"/><U7/><E54/><V99/><F65/><W13/><G28/><T130/><D130/><U60/><E60/><V100/><F62/><W66/><G66/><T113/><D113/><U6/><E61/><V30/><F30/><W104/><G114/><T44/><D44/><U115/><E115/><V117/><F117/><W79/><G112/><T73/><D73/><U43/><E74/><V5/><F69/><W121/><G45/><T42/><D42/><U20/><E43/><V94/><F5/><N who="1" m="1545" /><E70/><V91/><AGARI ba="0,1" hai="17,21,26,88,91,94,99,100" m="6215,47689" machi="91" ten="30,6000,0" yaku="18,1,54,2" doraHai="105" who="2" fromWho="2" sc="115,-20,314,-20,277,70,284,-20" /><INIT seed="6,1,0,4,3,29" ten="95,294,347,264" oya="2" hai0="16,15,89,90,123,92,13,41,132,128,107,68,18" hai1="119,54,112,10,26,69,0,51,39,52,33,95,17" hai2="70,46,67,1,30,47,85,97,71,93,104,42,109" hai3="19,111,125,126,65,20,58,79,116,82,77,102,73"/><V56/><F1/><W61/><G111/><T22/><D107/><U28/><E119/><V45/><F104/><W8/><G116/><T14/><D68/><U118/><E118/><V21/><F42/><W113/><G113/><T86/><D123/><U36/><E69/><V108/><F85/><W60/><G102/><T100/><D128/><U48/><E112/><V2/><F2/><W91/><G8/><T40/><D132/><U31/><E31/><V133/><F133/><W131/><G131/><T120/><D120/><U114/><E114/><V66/><F66/><W24/><G91/><T7/><D100/><U134/><E95/><V127/><F127/><N who="3" m="48651" /><G61/><T3/><D3/><U32/><E32/><V43/><F43/><W101/><G101/><T94/><D7/><U37/><E134/><V74/><F74/><W99/><G99/><T98/><REACH who="0" step="1"/><D13/><REACH who="0" ten="85,294,347,264" step="2"/><U88/><E0/><V103/><F71/><W25/><G77/><T115/><D115/><U78/><E78/><V87/><F70/><W76/><G79/><T64/><D64/><U80/><E88/><V6/><F6/><W11/><G11/><AGARI ba="1,1" hai="11,14,15,16,18,22,40,41,86,89,90,92,94,98" machi="11" ten="30,7700,0" yaku="1,1,7,1,8,1,54,1,53,0" doraHai="29" doraHaiUra="50" who="0" fromWho="3" sc="85,90,294,0,347,0,264,-80" /><INIT seed="7,0,0,0,0,124" ten="175,294,347,184" oya="3" hai0="30,2,121,11,109,41,88,95,81,133,111,69,48" hai1="45,68,46,96,29,105,44,131,55,13,33,59,74" hai2="1,22,58,99,20,64,16,73,23,31,101,5,0" hai3="27,61,106,125,122,80,14,39,93,104,70,119,4"/><W15/><G119/><T56/><D69/><U43/><E68/><V57/><F73/><W114/><G122/><T87/><D121/><U86/><E74/><V128/><F128/><W75/><G125/><T66/><D30/><U127/><E127/><V82/><F1/><W123/><G123/><T112/><D111/><U77/><E43/><V17/><F0/><W94/><G39/><T118/><D109/><U18/><E33/><V92/><F5/><W107/><G114/><T42/><D118/><U129/><E29/><V50/><F31/><W91/><G27/><T108/><D108/><U84/><E105/><V49/><F82/><W103/><G103/><T28/><D133/><U38/><E96/><V65/><F58/><W52/><G4/><T40/><D28/><U21/><E38/><V6/><F6/><W79/><G93/><T12/><D2/><U78/><E78/><V51/><F57/><W115/><G115/><T63/><D112/><U34/><E34/><V113/><F113/><W100/><G100/><T8/><D12/><U3/><E3/><V76/><F76/><W9/><G9/><N who="0" m="3659" /><D81/><U7/><E7/><V83/><F83/><W10/><G10/><T37/><D37/><U110/><E110/><V117/><F117/><W116/><G116/><T54/><D66/><AGARI ba="0,0" hai="16,17,20,22,23,49,50,51,64,65,66,92,99,101" machi="66" ten="40,2600,0" yaku="8,1,54,1" doraHai="124" who="2" fromWho="0" sc="175,-26,294,0,347,26,184,0" owari="149,-35.0,294,9.0,373,48.0,184,-22.0" /></mjloggm>