<mjloggm ver="2.3"><GO type="169" lobby="0"/><UN n0="%E3%82%89%E3%81%84%E3%81%B5%E3%81%8C%E3%83%BC%E3%81%A9%E3%81%99%E3%81%8D" n1="%E3%82%A6%E3%83%AB%E3%83%88%E3%83%A9%E7%AB%8B%E7%9B%B4" n2="%33%31%6A%69%6E" n3="%E6%99%82%E3%81%AE%E6%BC%82%E6%B3%8A" dan="17,17,16,16" rate="2167.13,2127.49,2080.20,2088.64" sx="F,M,F,F"/><TAIKYOKU oya="0"/><INIT seed="0,0,0,0,2,128" ten="250,250,250,250" oya="0" hai0="58,84,0,13,94,82,2,32,43,77,68,47,107" hai1="98,4,83,30,108,54,52,113,22,18,29,44,10" hai2="37,25,48,125,64,79,50,56,11,74,21,16,126" hai3="105,36,65,120,97,53,34,114,23,81,72,132,75"/><T7/><D68/><U33/><E108/><V17/><F37/><W31/><G36/><T8/><D107/><U73/><E113/><V20/><F11/><W15/><G114/><T91/><D58/><U88/><E73/><V99/><F99/><W35/><G35/><T100/><D100/><U111/><E111/><V71/><F71/><W38/><G34/><T19/><D19/><U123/><E123/><V130/><F79/><W129/><G38/><T49/><REACH who="0" step="1"/><D32/><REACH who="0" ten="240,250,250,250" step="2"/><U103/><E103/><V1/><F56/><W66/><G120/><T96/><AGARI ba="0,1" hai="0,2,7,8,13,43,47,49,77,82,84,91,94,96" machi="96" ten="20,18000,2" yaku="1,1,2,1,0,1,7,1,25,2,53,1" doraHai="128" doraHaiUra="5" who="0" fromWho="0" sc="240,190,250,-60,250,-60,250,-60" /><INIT seed="0,1,0,2,1,44" ten="430,190,190,190" oya="0" hai0="55,75,121,53,39,92,122,83,111,133,73,17,57" hai1="20,18,71,1,5,31,135,3,7,29,65,9,24" hai2="99,0,93,109,47,69,16,131,62,21,80,8,76" hai3="68,22,50,86,25,52,67,127,58,106,35,30,48"/><T51/><D39/><U124/><E65/><V61/><F109/><W125/><G106/><T88/><D133/><U60/><E60/><V81/><F131/><W101/><G101/><T120/><D111/><U132/><E71/><V2/><F69/><W104/><G104/><T130/><D130/><U37/><E37/><V64/><F64/><W110/><G110/><T72/><D17/><U126/><E18/><V12/><F2/><W108/><G108/><T91/><D83/><N who="2" m="31818" /><F0/><W84/><G35/><T26/><D26/><U70/><E70/><V107/><F107/><W19/><G19/><T113/><D113/><U15/><E15/><N who="2" m="9375" /><F76/><W11/><G11/><T34/><D34/><U27/><REACH who="1" step="1"/><E20/><REACH who="1" ten="430,180,190,190" step="2"/><V43/><F12/><W59/><G68/><T128/><D128/><U117/><E117/><V6/><F6/><W105/><G67/><T85/><D122/><U42/><E42/><V10/><F61/><W115/><G115/><T96/><D121/><U38/><E38/><V45/><F62/><W102/><G127/><T74/><D120/><U40/><E40/><V63/><F63/><W116/><G125/><T56/><D55/><U95/><E95/><V33/><F33/><W54/><G116/><T77/><D53/><U112/><E112/><V114/><F114/><W14/><G14/><T97/><D92/><U90/><E90/><N who="2" m="55735" /><F43/><W36/><G36/><T41/><D41/><U49/><E49/><V123/><F123/><W100/><G105/><T103/><D51/><U134/><E134/><V119/><F119/><W28/><G28/><T118/><N who="0" m="18432" /><DORA hai="87" /><T82/><D118/><RYUUKYOKU ba="1,1" sc="430,-30,180,10,190,10,190,10" hai1="1,3,5,7,9,24,27,29,31,124,126,132,135" hai2="8,10,45,47" hai3="22,25,30,48,50,52,54,58,59,84,86,100,102" /><INIT seed="1,2,1,4,3,35" ten="400,190,200,200" oya="1" hai0="119,53,77,118,21,91,18,50,2,62,89,132,57" hai1="127,29,74,54,125,75,124,36,31,46,114,100,94" hai2="64,8,19,129,81,68,22,61,117,115,88,41,134" hai3="116,70,7,6,109,80,3,38,106,12,23,69,90"/><U58/><E114/><V97/><F117/><W32/><G116/><T112/><D2/><U0/><E0/><V128/><F134/><W108/><G32/><T79/><D112/><U84/><E46/><V107/><F115/><W87/><G38/><T14/><D132/><U65/><E65/><V44/><F8/><N who="3" m="2143" /><G106/><T1/><D1/><U135/><E36/><V25/><F107/><W11/><G23/><T43/><D119/><U52/><E135/><V51/><REACH who="2" step="1"/><F81/><REACH who="2" ten="400,190,190,200" step="2"/><W27/><G27/><T56/><D118/><U72/><E54/><V98/><F98/><W60/><G60/><T113/><D113/><U48/><REACH who="1" step="1"/><E84/><REACH who="1" ten="400,180,190,200" step="2"/><V104/><F104/><W15/><G87/><T10/><D53/><U34/><E34/><V122/><F122/><W133/><G133/><T73/><D43/><U103/><E103/><V92/><AGARI ba="2,3" hai="19,22,25,41,44,51,61,64,68,88,92,97,128,129" machi="92" ten="30,4000,0" yaku="1,1,0,1,54,1,53,0" doraHai="35" doraHaiUra="105" who="2" fromWho="2" sc="400,-12,180,-22,190,76,200,-12" /><INIT seed="2,0,0,0,4,5" ten="388,158,266,188" oya="2" hai0="89,20,56,21,65,40,4,67,69,11,44,70,135" hai1="130,120,1,47,7,34,78,119,87,8,116,88,103" hai2="74,84,29,18,42,133,19,80,2,111,128,3,107" hai3="109,13,16,101,113,95,33,106,35,23,93,127,124"/><V118/><F118/><W100/><G109/><T98/><D135/><U60/><E34/><V71/><F71/><W66/><G66/><T68/><D65/><U85/><E130/><V50/><F128/><W9/><G113/><T86/><D98/><U97/><E120/><V45/><F133/><W32/><G23/><T10/><D56/><U55/><E78/><V73/><F107/><W76/><G76/><T63/><D21/><U121/><E121/><V61/><F111/><W77/><G77/><T75/><D20/><U28/><E28/><V46/><F29/><W134/><G134/><T64/><D75/><U48/><E60/><V91/><F61/><W105/><G105/><T27/><D27/><U82/><REACH who="1" step="1"/><E87/><REACH who="1" ten="388,148,266,188" step="2"/><V90/><F74/><W31/><G31/><T36/><D86/><U83/><E83/><V22/><F73/><W59/><G127/><T102/><D63/><U104/><AGARI ba="0,1" hai="1,7,8,47,48,55,82,85,88,97,103,104,116,119" machi="104" ten="20,12000,2" yaku="1,1,0,1,7,1,52,1,54,1,53,1" doraHai="5" doraHaiUra="99" who="1" fromWho="1" sc="388,-30,148,130,266,-60,188,-30" /><INIT seed="3,0,0,2,5,56" ten="358,278,206,158" oya="3" hai0="23,105,18,90,110,8,46,84,127,89,61,131,9" hai1="115,57,72,68,130,83,69,11,62,128,54,99,44" hai2="50,34,1,13,0,81,71,21,80,104,121,73,98" hai3="22,100,37,114,39,43,35,94,64,65,28,92,108"/><W47/><G114/><T40/><D105/><U48/><E99/><V112/><F112/><W86/><G35/><T36/><D110/><U41/><E115/><V26/><F121/><W45/><G108/><T102/><D127/><U15/><E72/><V125/><F125/><W109/><G109/><T96/><D131/><N who="1" m="50219" /><E83/><V74/><F71/><N who="1" m="27209" /><E15/><V91/><F13/><W129/><G129/><T10/><D84/><U20/><E20/><V55/><F34/><W59/><G59/><T134/><D134/><U24/><E24/><V123/><F123/><W126/><G126/><T111/><D111/><U38/><E11/><V52/><F21/><W135/><G135/><T82/><D82/><U103/><E103/><V79/><F26/><W107/><G107/><T53/><D102/><U133/><E133/><V122/><F122/><W31/><G22/><T19/><D96/><U116/><E116/><V6/><F6/><W42/><G86/><T2/><D2/><U124/><E124/><V33/><F33/><W7/><G100/><T49/><D23/><U17/><E17/><V63/><F98/><W87/><G87/><T29/><D19/><U16/><E16/><V25/><F25/><W117/><REACH who="3" step="1"/><G7/><REACH who="3" ten="358,278,206,148" step="2"/><T51/><D29/><U58/><E57/><N who="2" m="35239" /><F104/><W78/><G78/><T66/><D18/><U132/><E132/><V3/><F91/><W93/><G93/><T27/><D90/><U5/><E5/><V67/><F73/><W75/><G75/><T30/><D89/><U101/><E101/><V113/><F113/><W4/><G4/><T76/><D76/><U32/><E32/><RYUUKYOKU ba="0,1" sc="358,-15,278,15,206,-15,148,15" hai1="38,41,44,48,54,58,62" hai3="28,31,37,39,42,43,45,47,64,65,92,94,117" /><INIT seed="3,1,1,4,2,42" ten="343,293,191,163" oya="3" hai0="74,17,15,71,107,81,26,27,19,105,2,24,110" hai1="1,46,128,115,85,12,20,59,30,103,89,49,116" hai2="93,87,56,101,98,79,34,111,132,10,120,7,25" hai3="14,124,78,121,102,0,82,11,16,21,104,67,13"/><W99/><G121/><T40/><D2/><U68/><E1/><V108/><F120/><W48/><G124/><T112/><D71/><U39/><E68/><V45/><F132/><W50/><G67/><T83/><D110/><N who="2" m="42026" /><F56/><W18/><REACH who="3" step="1"/><G0/><REACH who="3" ten="343,293,191,153" step="2"/><T38/><D112/><U76/><E115/><V66/><F66/><W134/><G134/><T127/><D127/><U92/><E116/><V35/><F25/><W114/><G114/><T36/><D26/><U129/><E129/><V126/><F126/><W52/><G52/><T69/><D27/><U119/><E128/><V3/><F45/><W65/><G65/><T97/><D24/><U31/><E119/><V95/><F95/><W61/><G61/><T37/><D105/><U22/><E92/><V130/><F130/><W106/><G106/><T70/><D107/><U60/><E46/><V44/><F44/><W118/><G118/><T77/><D83/><AGARI ba="1,2" hai="3,7,10,34,35,79,83,87,93,98,101" m="42026" machi="83" ten="30,1000,0" yaku="14,1" doraHai="42" who="2" fromWho="0" sc="343,-13,293,0,191,33,153,0" /><INIT seed="4,0,0,1,3,117" ten="330,293,224,153" oya="0" hai0="36,25,88,61,129,89,111,12,66,52,113,132,29" hai1="46,78,118,32,62,101,45,31,77,58,35,16,134" hai2="128,79,41,54,72,18,110,19,119,127,2,109,92" hai3="76,26,63,96,60,13,87,106,47,27,30,7,100"/><T33/><D36/><U82/><E118/><V133/><F133/><W17/><G7/><T43/><D132/><U9/><E134/><V68/><F68/><W95/><G47/><T116/><D116/><U135/><E135/><V40/><F119/><W73/><G27/><T0/><D0/><U98/><E31/><V67/><F127/><W103/><G103/><T23/><D43/><U70/><E70/><V42/><F2/><W130/><G130/><T91/><D129/><U20/><E9/><V24/><F67/><W107/><G107/><T93/><D113/><U83/><E35/><V51/><F128/><W49/><G49/><T8/><D111/><U71/><E71/><V86/><F72/><W59/><G59/><N who="0" m="35047" /><D66/><U48/><E32/><V99/><F24/><W97/><G97/><N who="0" m="57511" /><D33/><U64/><E48/><V39/><F39/><W1/><G1/><T22/><D22/><U125/><E125/><V53/><F109/><W3/><G3/><T4/><AGARI ba="0,0" hai="4,8,12,23,25,29,89,91" m="57511,35047" machi="4" ten="30,6000,0" yaku="8,1,54,2" doraHai="117" who="0" fromWho="0" sc="330,60,293,-20,224,-20,153,-20" /><INIT seed="4,1,0,5,2,115" ten="390,273,204,133" oya="0" hai0="44,74,131,72,90,63,101,43,59,21,58,82,69" hai1="18,128,96,42,98,126,77,76,40,71,92,30,57" hai2="23,88,39,16,32,80,122,127,4,2,132,31,86" hai3="84,118,36,60,120,34,103,102,15,47,123,89,85"/><T113/><D113/><U14/><E71/><V13/><F122/><N who="3" m="46635" /><G34/><T110/><D110/><U117/><E30/><V50/><F127/><W109/><G109/><T66/><D131/><U10/><E128/><V3/><F132/><W29/><G29/><T81/><D101/><N who="3" m="38409" /><G15/><T100/><D100/><N who="1" m="60423" /><E117/><V1/><F39/><W17/><G17/><T61/><D69/><U52/><E98/><V95/><F50/><W104/><G60/><T116/><D116/><U48/><E126/><V55/><F55/><W37/><G104/><T75/><D21/><U99/><E99/><V49/><F49/><W91/><G47/><T56/><D56/><U107/><E107/><V70/><F70/><W97/><G97/><T12/><D12/><U64/><E64/><V8/><F95/><W111/><G111/><T125/><D61/><U112/><E112/><V129/><F129/><W24/><G24/><AGARI ba="1,0" hai="1,2,3,4,8,13,16,23,24,31,32,80,86,88" machi="24" ten="40,8000,1" yaku="24,2,54,2" doraHai="115" who="2" fromWho="3" sc="390,0,273,0,204,83,133,-83" /><INIT seed="5,0,0,5,2,10" ten="390,273,287,50" oya="1" hai0="15,64,89,110,92,135,57,36,122,116,59,123,30" hai1="71,23,78,86,112,88,109,25,119,52,124,7,104" hai2="62,11,114,127,35,40,4,33,20,49,47,125,130" hai3="37,103,67,42,85,118,14,132,108,28,38,29,19"/><U83/><E119/><V126/><F130/><W106/><G118/><T100/><D116/><U105/><E71/><V31/><F114/><W72/><G72/><T91/><D110/><U90/><E112/><V107/><F107/><W115/><G115/><T6/><D135/><U133/><E133/><V22/><F62/><W56/><G132/><T24/><D36/><U63/><E124/><V18/><F31/><W94/><G108/><T27/><D100/><U102/><E109/><V58/><F58/><N who="0" m="22026" /><D64/><U75/><E7/><V73/><F73/><W9/><G106/><T41/><D41/><U117/><E117/><V98/><F98/><W80/><G38/><T26/><D30/><U55/><E63/><V131/><F131/><W74/><G74/><T16/><D92/><N who="1" m="54295" /><E90/><V32/><REACH who="2" step="1"/><F18/><REACH who="2" ten="390,273,277,50" step="2"/><W111/><G111/><T44/><D6/><U79/><E105/><V13/><AGARI ba="0,1" hai="4,11,13,20,22,32,33,35,40,47,49,125,126,127" machi="13" ten="40,8000,1" yaku="1,1,2,1,0,1,18,1,52,1,53,0" doraHai="10" doraHaiUra="99" who="2" fromWho="2" sc="390,-20,273,-40,277,90,50,-20" /><INIT seed="6,0,0,2,3,135" ten="370,233,367,30" oya="2" hai0="54,69,95,71,132,104,25,37,31,82,30,57,16" hai1="118,38,43,67,108,33,115,7,79,105,20,8,85" hai2="89,1,90,9,112,41,80,29,110,32,44,50,66" hai3="24,96,130,68,52,122,86,13,111,0,113,46,114"/><V107/><F112/><N who="3" m="43115" /><G111/><T65/><D37/><U55/><E115/><V128/><F128/><W51/><G122/><T49/><D104/><U94/><E105/><V129/><F129/><W134/><G130/><T10/><D132/><U45/><E33/><V3/><F107/><W39/><G0/><BYE who="3" /><UN n3="%E6%99%82%E3%81%AE%E6%BC%82%E6%B3%8A" /><T74/><D71/><U131/><E131/><V21/><F32/><W70/><G134/><T109/><D109/><U12/><E108/><V6/><F1/><W14/><G96/><T63/><BYE who="3" /><D95/><UN n3="%E6%99%82%E3%81%AE%E6%BC%82%E6%B3%8A" /><U4/><E118/><V133/><F133/><W83/><G24/><T120/><D120/><U36/><E67/><V81/><F110/><W106/><G106/><T40/><D40/><U73/><E38/><V61/><F81/><W92/><G92/><T15/><REACH who="0" step="1"/><D25/><REACH who="0" ten="360,233,367,30" step="2"/><U119/><E119/><V62/><F41/><N who="3" m="22847" /><G68/><T126/><D126/><U59/><E94/><V123/><F123/><W5/><G70/><T60/><D60/><U34/><E36/><V97/><F62/><W47/><G5/><T116/><D116/><U58/><E4/><V56/><F80/><W93/><G93/><T18/><D18/><U28/><E7/><V87/><F6/><W91/><AGARI ba="0,1" hai="13,14,47,51,52,83,86,91" m="22847,43115" machi="91" ten="30,4000,0" yaku="15,1,11,1,54,1" doraHai="135" who="3" fromWho="3" sc="360,-10,233,-10,367,-20,30,50" /><INIT seed="7,0,0,2,5,26" ten="350,223,347,80" oya="3" hai0="106,62,89,42,47,123,81,75,71,9,36,31,98" hai1="78,30,129,101,103,52,28,53,90,79,2,122,56" hai2="135,130,24,46,121,112,131,125,41,23,37,85,13" hai3="21,8,127,70,80,17,111,97,50,45,49,19,76"/><W102/><G111/><T59/><D123/><U3/><E56/><V82/><F121/><W115/><G70/><T14/><D71/><U68/><E68/><V40/><F112/><W124/><G115/><T116/><D116/><U11/><E122/><V69/><F69/><W113/><G113/><T86/><D31/><U96/><E96/><V77/><F125/><N who="3" m="48203" /><G8/><T25/><D25/><U29/><E90/><V93/><F135/><W7/><G7/><T34/><D34/><U104/><E11/><V54/><F13/><N who="3" m="9391" /><G45/><T128/><D128/><N who="2" m="49194" /><F93/><N who="3" m="58671" /><G19/><T95/><D106/><U94/><E129/><V16/><F37/><W108/><G108/><T64/><D75/><AGARI ba="0,0" hai="49,50,75,76,80" m="58671,9391,48203" machi="75" ten="30,1500,0" yaku="18,1" doraHai="26" who="3" fromWho="0" sc="350,-15,223,0,347,0,80,15" /><INIT seed="7,1,0,4,2,6" ten="335,223,347,95" oya="3" hai0="82,107,99,116,104,98,50,92,123,103,26,49,125" hai1="40,102,56,119,117,115,39,7,87,43,71,35,84" hai2="80,5,23,95,59,27,63,31,70,81,24,54,25" hai3="111,48,114,120,4,62,65,89,42,90,18,68,22"/><W47/><G120/><T128/><D123/><U97/><E71/><V64/><F5/><W101/><G114/><T86/><D116/><U105/><E35/><V91/><F81/><W73/><G73/><T52/><D128/><U83/><E115/><V112/><F80/><W29/><G111/><T113/><D125/><U28/><E28/><V0/><F0/><W110/><G110/><T124/><D124/><U127/><E127/><V135/><F135/><W11/><G29/><T85/><D113/><U21/><E7/><V100/><F100/><W14/><REACH who="3" step="1"/><G101/><REACH who="3" ten="335,223,347,85" step="2"/><T45/><D103/><U20/><E102/><V126/><F112/><W108/><G108/><T88/><D107/><U96/><E105/><V53/><F126/><W51/><G51/><T41/><D104/><U130/><E130/><V2/><F31/><W33/><G33/><T12/><D49/><U94/><E119/><V19/><F63/><W15/><AGARI ba="1,1" hai="4,11,14,15,18,22,42,47,48,62,65,68,89,90" machi="15" ten="20,7800,0" yaku="1,1,0,1,7,1,52,1,53,0" doraHai="6" doraHaiUra="79" who="3" fromWho="3" sc="335,-27,223,-27,347,-27,85,91" /><INIT seed="7,2,0,2,4,40" ten="308,196,320,176" oya="3" hai0="118,105,119,128,107,5,124,68,60,42,33,78,133" hai1="23,3,64,53,25,72,96,56,109,121,1,63,71" hai2="30,132,77,52,106,12,84,11,70,113,13,45,55" hai3="98,91,94,67,35,73,92,37,125,50,120,9,6"/><W126/><G37/><T7/><D42/><U100/><E72/><V43/><F106/><N who="0" m="40458" /><D124/><N who="3" m="47721" /><G120/><T61/><D128/><U130/><E109/><V24/><F70/><W54/><G35/><T127/><D127/><U82/><E121/><V32/><F113/><W66/><G94/><T31/><D78/><U129/><E82/><N who="2" m="47183" /><F12/><N who="3" m="5175" /><G73/><T28/><D133/><U34/><E34/><V76/><F76/><W62/><G62/><N who="0" m="24171" /><D68/><U48/><E96/><V36/><F132/><W49/><G49/><T116/><D33/><U114/><E100/><V83/><F83/><W69/><G69/><T26/><D26/><U93/><E93/><V86/><F36/><W51/><G51/><T65/><D65/><U15/><E114/><V47/><F32/><W117/><G117/><T103/><D103/><U85/><E15/><V99/><F13/><W39/><G39/><T20/><D20/><U0/><REACH who="1" step="1"/><E85/><REACH who="1" ten="308,186,320,176" step="2"/><V38/><F86/><W18/><G18/><AGARI ba="2,1" hai="0,1,3,18,23,25,48,53,56,63,64,71,129,130" machi="18" ten="40,2600,0" yaku="1,1,2,1,53,0" doraHai="40" doraHaiUra="101" who="1" fromWho="3" sc="308,0,186,42,320,0,176,-32" owari="308,11.0,228,-17.0,320,42.0,144,-36.0" /></mjloggm>