<mjloggm ver="2.3"><GO type="169" lobby="0"/><UN n0="%E7%B4%85%E8%A1%A3" n1="%E3%83%88%E3%83%88%E3%83%AA%E5%85%88%E7%94%9F%31%39%E6%AD%B3" n2="%E3%81%A1%E3%81%AA%E3%81%A4%E7%84%A1%E5%8F%8C%EF%BC%81" n3="%E3%82%82%E3%83%BC%E3%82%8A%E3%83%BC" dan="16,19,16,16" rate="2057.61,2320.47,2080.96,2083.03" sx="M,F,M,M"/><TAIKYOKU oya="0"/><INIT seed="0,0,0,1,3,49" ten="250,250,250,250" oya="0" hai0="37,19,76,63,13,111,97,118,91,65,66,48,92" hai1="124,52,130,30,32,33,69,14,93,113,70,39,105" hai2="9,74,53,2,26,24,36,47,57,129,67,107,64" hai3="83,12,78,61,82,123,20,100,89,109,127,62,86"/><T133/><D37/><U125/><E105/><V60/><F107/><W96/><G127/><N who="1" m="48714" /><E39/><V17/><F74/><W90/><G109/><T56/><D118/><U8/><E130/><V106/><F106/><W79/><G123/><T21/><D111/><U116/><E93/><V115/><F115/><W25/><G12/><T6/><D133/><U27/><E33/><V87/><F129/><W77/><G100/><T121/><D121/><U4/><E116/><V128/><F128/><W50/><G50/><T18/><D6/><U112/><E52/><V88/><F36/><W98/><G98/><T117/><D117/><U34/><E34/><V95/><F67/><W46/><G46/><T16/><D76/><U122/><E122/><V80/><F95/><N who="3" m="56439" /><G82/><T103/><D66/><U23/><E32/><V0/><F0/><W35/><G35/><T11/><D11/><U119/><E119/><V5/><REACH who="2" step="1"/><F17/><AGARI ba="0,0" hai="17,20,25,61,62,77,78,79,83,86,89" m="56439" machi="17" ten="30,1000,0" yaku="8,1" doraHai="49" who="3" fromWho="2" sc="250,0,250,0,250,-10,250,10" /><INIT seed="1,0,0,5,1,53" ten="250,250,240,260" oya="1" hai0="6,114,93,14,125,111,89,9,4,41,101,59,69" hai1="12,5,82,65,131,127,91,56,74,124,3,13,45" hai2="106,80,128,81,99,94,87,76,112,58,73,15,83" hai3="7,18,38,42,129,130,116,77,39,44,70,32,17"/><U123/><E123/><V118/><F118/><W26/><G116/><T19/><D69/><U122/><E122/><V110/><F110/><W104/><G104/><T51/><D114/><U2/><E131/><N who="3" m="50186" /><G70/><T11/><D111/><U135/><E135/><V35/><F35/><W29/><G7/><T134/><D134/><U98/><E45/><V36/><F36/><N who="3" m="13867" /><G77/><T22/><D125/><N who="1" m="48203" /><E98/><V62/><F112/><W40/><G44/><T1/><D101/><U115/><E115/><V43/><F106/><W90/><G90/><T66/><D41/><AGARI ba="0,0" hai="17,18,26,29,32,40,41,42" m="13867,50186" machi="41" ten="30,1000,0" yaku="19,1" doraHai="53" who="3" fromWho="0" sc="250,-10,250,0,240,0,260,10" /><INIT seed="2,0,0,1,0,28" ten="240,250,240,270" oya="2" hai0="10,4,2,58,33,120,51,47,123,100,26,125,84" hai1="38,95,107,102,135,96,129,124,70,53,6,24,109" hai2="49,3,132,113,88,85,5,41,46,127,66,45,111" hai3="92,128,40,62,54,67,13,117,9,11,21,59,80"/><V63/><F113/><W77/><G117/><T23/><D125/><U48/><E38/><V57/><F127/><W25/><G128/><T68/><D68/><U16/><E124/><V78/><F132/><W134/><G134/><T71/><D71/><U104/><E70/><V8/><F111/><W75/><G40/><T69/><D69/><U17/><E135/><V94/><F78/><W39/><G39/><T74/><D74/><U131/><E109/><V110/><F110/><W52/><G92/><T19/><D58/><U103/><E6/><V114/><F114/><W7/><REACH who="3" step="1"/><G9/><REACH who="3" ten="240,250,240,260" step="2"/><T101/><D10/><U35/><E129/><V29/><F29/><AGARI ba="0,1" hai="7,11,13,21,25,29,52,54,59,62,67,75,77,80" machi="29" ten="30,8000,1" yaku="1,1,2,1,7,1,54,1,53,1" doraHai="28" doraHaiUra="0" who="3" fromWho="2" sc="240,0,250,0,240,-80,260,90" /><INIT seed="3,0,0,0,1,87" ten="240,250,160,350" oya="3" hai0="91,130,50,32,78,8,96,115,11,13,75,108,81" hai1="119,133,40,21,88,1,129,3,97,61,123,16,93" hai2="25,114,23,47,80,20,68,42,102,2,27,90,125" hai3="38,5,74,4,134,64,132,56,17,116,103,15,104"/><W9/><G116/><T99/><D108/><U113/><E123/><V34/><F34/><W83/><G38/><T101/><D130/><U49/><E113/><V69/><F2/><W107/><G74/><T10/><D32/><U73/><E73/><V63/><F114/><W37/><G37/><T126/><D115/><U60/><E129/><V100/><F125/><W105/><G83/><T94/><D50/><U6/><E133/><N who="3" m="51306" /><G103/><T117/><D126/><U62/><E119/><V31/><F63/><AGARI ba="0,0" hai="4,5,9,15,17,56,63,64,104,105,107" m="51306" machi="63" ten="40,2000,0" yaku="20,1" doraHai="87" who="3" fromWho="2" sc="240,0,250,0,160,-20,350,20" /><INIT seed="3,1,0,2,3,99" ten="240,250,140,370" oya="3" hai0="70,7,66,68,132,112,93,30,73,62,11,1,6" hai1="127,0,9,19,2,126,97,22,107,77,5,128,87" hai2="106,27,86,64,38,92,88,135,81,20,31,134,75" hai3="123,34,53,56,120,101,41,91,35,55,40,125,94"/><W47/><G125/><N who="1" m="47626" /><E128/><V63/><F38/><W60/><G91/><T25/><D73/><U113/><E113/><V24/><F106/><W133/><G133/><T12/><D132/><U85/><E2/><V111/><F111/><W67/><G67/><T21/><D112/><U28/><E28/><V122/><F122/><W65/><G65/><T33/><D93/><U72/><E72/><V119/><F119/><W59/><G47/><T36/><D36/><U42/><E77/><V96/><F27/><W84/><G94/><T49/><D49/><U58/><E42/><V108/><F108/><W131/><G60/><T130/><D130/><U104/><E58/><V71/><REACH who="2" step="1"/><F75/><REACH who="2" ten="240,250,130,370" step="2"/><W16/><G131/><T78/><D25/><N who="1" m="14559" /><E104/><V50/><F50/><W52/><G123/><T10/><D62/><U44/><E44/><V4/><F4/><W76/><G120/><T54/><D7/><U43/><E107/><V114/><F114/><W29/><G35/><T61/><D33/><U89/><E5/><V118/><F118/><W45/><G34/><T23/><D6/><U109/><E109/><V8/><F8/><W39/><G39/><T80/><D11/><U115/><E9/><V82/><F82/><W102/><G45/><T110/><D10/><U83/><E115/><V3/><F3/><W129/><G129/><T57/><D61/><U74/><E0/><V32/><F32/><W98/><G29/><T105/><D30/><U48/><E74/><V51/><F51/><W124/><G124/><T69/><D110/><U103/><E48/><V17/><F17/><W117/><G16/><RYUUKYOKU ba="1,1" sc="240,-10,250,-10,130,30,370,-10" hai2="20,24,31,63,64,71,81,86,88,92,96,134,135" /><INIT seed="4,2,1,3,5,128" ten="230,240,160,360" oya="0" hai0="47,123,22,74,31,68,119,8,83,134,50,115,11" hai1="127,67,33,124,49,113,0,75,131,3,125,103,46" hai2="121,62,16,111,44,12,116,55,102,92,60,79,106" hai3="20,122,24,95,82,25,54,64,1,97,52,104,99"/><T5/><D119/><U72/><E33/><V38/><F121/><W94/><G1/><N who="1" m="586" /><E131/><V129/><F129/><W48/><G104/><T10/><D123/><U118/><E118/><V66/><F111/><W4/><G122/><T65/><D5/><U17/><E113/><V89/><F116/><W26/><G64/><T21/><D115/><U93/><E67/><V27/><F79/><W91/><G4/><T110/><D110/><U32/><E32/><V76/><F76/><W13/><G82/><T87/><D74/><N who="1" m="28203" /><E17/><V107/><F102/><N who="3" m="60727" /><G48/><T120/><D120/><U108/><E108/><V63/><F66/><W37/><G37/><T23/><D31/><U7/><E7/><V96/><F38/><W9/><G9/><T39/><D39/><U130/><E130/><V117/><F117/><W59/><G59/><T2/><D2/><U114/><E114/><V77/><F107/><W88/><G91/><T69/><D65/><U42/><E93/><V30/><F106/><W19/><AGARI ba="2,1" hai="13,19,20,24,25,26,52,54,88,95,99" m="60727" machi="19" ten="30,4000,0" yaku="8,1,54,2" doraHai="128" who="3" fromWho="3" sc="230,-22,240,-12,160,-12,360,56" /><INIT seed="5,0,0,0,0,123" ten="208,228,148,416" oya="1" hai0="127,121,64,115,75,129,109,80,13,30,98,70,25" hai1="116,6,118,57,11,20,49,87,59,131,128,66,28" hai2="41,51,42,24,100,1,78,92,102,85,7,96,65" hai3="33,29,12,43,74,35,86,111,97,15,83,36,99"/><U23/><E87/><V9/><F65/><W14/><G74/><T108/><D121/><U61/><E49/><V125/><F125/><W133/><G133/><T16/><D127/><U76/><E76/><V38/><F38/><W8/><G8/><T19/><D98/><U39/><E39/><V62/><F62/><W18/><G18/><T34/><D19/><U69/><E69/><V105/><F24/><W88/><G29/><T79/><D115/><U124/><E59/><V107/><F51/><W5/><G5/><T126/><D129/><N who="1" m="49739" /><E124/><V67/><F67/><W17/><G17/><T119/><D119/><N who="1" m="45611" /><E28/><V45/><F78/><W55/><G55/><T95/><D95/><U44/><E44/><V90/><REACH who="2" step="1"/><F45/><REACH who="2" ten="208,228,138,416" step="2"/><W48/><G48/><T89/><D126/><U122/><E122/><V47/><F47/><W93/><G36/><T117/><D117/><U3/><AGARI ba="0,1" hai="3,6,11,20,23,57,61,66" m="45611,49739" machi="3" ten="30,1500,0" yaku="19,1" doraHai="123" who="1" fromWho="1" sc="208,-5,228,25,138,-5,416,-5" /><INIT seed="5,1,0,5,5,1" ten="203,253,133,411" oya="1" hai0="57,50,49,115,21,34,119,75,96,31,99,95,80" hai1="55,46,14,36,78,70,10,87,94,65,67,127,84" hai2="132,11,83,59,4,64,15,111,81,13,58,23,26" hai3="125,29,128,108,44,72,56,91,73,0,5,117,48"/><U69/><E127/><V106/><F111/><W33/><G108/><T52/><D119/><U19/><E69/><V105/><F132/><W9/><G117/><T116/><D116/><U122/><E122/><V16/><F106/><W39/><G39/><T38/><D38/><U82/><E70/><V89/><F105/><W79/><G56/><N who="2" m="21545" /><F64/><W27/><G128/><T121/><D34/><U92/><E36/><V112/><F112/><W53/><G125/><T74/><D115/><U2/><E2/><V60/><F60/><W66/><G66/><N who="1" m="25098" /><E87/><N who="2" m="50415" /><F83/><W97/><G79/><T61/><D80/><U18/><E18/><V133/><F133/><W102/><G91/><T22/><D121/><U134/><E134/><V101/><F101/><W77/><G77/><T129/><D75/><U51/><AGARI ba="1,0" hai="10,14,19,46,51,55,78,82,84,92,94" m="25098" machi="51" ten="30,1500,0" yaku="8,1" doraHai="1" who="1" fromWho="1" sc="203,-6,253,18,133,-6,411,-6" /><INIT seed="5,2,0,0,1,129" ten="197,271,127,405" oya="1" hai0="113,12,86,3,73,120,31,126,38,75,106,42,83" hai1="94,114,121,68,35,23,104,135,96,56,5,30,66" hai2="40,119,103,1,9,112,85,76,124,54,117,134,11" hai3="34,2,63,61,52,77,74,97,62,7,29,98,80"/><U107/><E121/><V70/><F70/><W22/><G34/><T130/><D12/><U37/><E37/><V53/><F124/><W27/><G2/><T43/><D31/><U72/><E72/><V39/><F103/><W16/><G7/><T60/><D60/><N who="1" m="38151" /><E68/><V26/><F26/><W79/><G29/><T17/><D17/><U41/><E41/><V84/><F112/><W51/><REACH who="3" step="1"/><G79/><REACH who="3" ten="197,271,127,395" step="2"/><T49/><D3/><U108/><E5/><V92/><F1/><W111/><G111/><T125/><D125/><U99/><E108/><V105/><F76/><W89/><G89/><T13/><D126/><U65/><E30/><V81/><F119/><W100/><G100/><T64/><D120/><U132/><E35/><V116/><F116/><W91/><G91/><T45/><D113/><U59/><E114/><V82/><F117/><W44/><AGARI ba="2,1" hai="16,22,27,44,51,52,61,62,63,74,77,80,97,98" machi="44" ten="30,7900,0" yaku="1,1,0,1,54,2,53,0" doraHai="129" doraHaiUra="123" who="3" fromWho="3" sc="197,-22,271,-41,127,-22,395,95" /><INIT seed="6,0,0,0,1,25" ten="175,230,105,490" oya="2" hai0="99,70,88,126,26,39,13,103,78,71,31,5,60" hai1="55,3,46,106,28,40,48,95,49,41,7,133,43" hai2="12,129,101,121,62,81,61,104,82,117,34,47,45" hai3="110,66,97,20,102,30,107,50,44,109,15,135,11"/><V124/><F117/><W115/><G66/><N who="0" m="41287" /><D71/><U17/><E106/><V54/><F121/><W2/><G135/><T119/><D39/><U76/><E133/><V27/><F124/><W84/><G115/><T33/><D126/><U69/><E69/><V77/><F129/><W93/><G2/><T74/><D119/><U8/><E28/><V118/><F118/><W73/><G30/><T56/><D56/><U91/><E76/><V6/><F82/><W37/><G20/><T112/><D112/><U10/><E17/><V94/><F104/><W36/><G73/><T58/><D58/><N who="1" m="33127" /><E3/><V68/><F68/><W114/><G107/><N who="0" m="63999" /><D88/><U63/><E63/><V128/><F128/><W131/><G37/><T51/><D51/><U79/><E79/><V16/><F62/><W75/><G36/><T52/><D52/><N who="1" m="29751" /><E7/><V22/><F6/><W64/><G75/><T87/><D74/><U100/><E100/><V83/><F77/><W98/><G114/><T0/><D0/><U92/><E92/><V125/><F125/><W42/><G131/><T35/><D35/><U32/><E32/><V134/><F134/><W105/><G105/><T38/><D38/><U4/><E4/><V59/><F101/><W127/><G127/><T53/><D53/><U19/><E19/><V132/><F94/><W111/><G102/><T18/><D5/><U116/><E116/><V108/><F132/><W23/><G93/><T120/><D78/><U29/><E95/><V65/><F108/><W85/><G110/><T1/><D1/><U89/><E91/><V72/><F72/><W24/><G111/><RYUUKYOKU ba="0,0" sc="175,0,230,0,105,0,490,0" /><INIT seed="7,1,0,3,0,17" ten="175,230,105,490" oya="3" hai0="26,13,74,3,117,33,77,4,9,43,38,108,62" hai1="121,124,95,30,87,114,6,20,51,18,105,75,22" hai2="73,80,83,107,21,60,103,68,119,94,35,118,0" hai3="76,109,11,131,132,126,70,65,15,135,47,134,42"/><W96/><G126/><T82/><D108/><U112/><E121/><V100/><F35/><W14/><G109/><T56/><D117/><U101/><E75/><V36/><F0/><W2/><G131/><T104/><D104/><U122/><E122/><V130/><F36/><W86/><G96/><T102/><D102/><U133/><E124/><V120/><F120/><W99/><G99/><T31/><D13/><U19/><E105/><V34/><F34/><W93/><G65/><T32/><D43/><U71/><E71/><V90/><F60/><W37/><G70/><T125/><D125/><U69/><E6/><V12/><F68/><W97/><G86/><T45/><D45/><U41/><E87/><V58/><F58/><W127/><G76/><T115/><D38/><U128/><E41/><V39/><F39/><W16/><G15/><T48/><D3/><U88/><E101/><V50/><F50/><W64/><G64/><T55/><D48/><U89/><E51/><V110/><F110/><W81/><G127/><T79/><D62/><U67/><E67/><V24/><F12/><W28/><G2/><T84/><D74/><U111/><E112/><V10/><F10/><W91/><G81/><T57/><D82/><U49/><E114/><V53/><F130/><W72/><G72/><T63/><D9/><U7/><E128/><V27/><F107/><W5/><G5/><T106/><D4/><U98/><E7/><V1/><F73/><W116/><G116/><T25/><D106/><U8/><E69/><V78/><F119/><W85/><G85/><T129/><D84/><RYUUKYOKU ba="1,0" sc="175,-10,230,-10,105,-10,490,30" hai3="11,14,16,28,37,42,47,91,93,97,132,134,135" owari="165,-23.0,220,2.0,95,-40.0,520,61.0" /></mjloggm>