<mjloggm ver="2.3"><GO type="169" lobby="0"/><UN n0="%68%6F%6C%6D%65%73" n1="%E5%A4%95%E5%87%AA" n2="%E3%83%A1%E3%83%B3%E3%83%94%E3%83%B3" n3="%E3%82%A6%E3%83%AB%E3%83%88%E3%83%A9%E7%AB%8B%E7%9B%B4" dan="16,18,16,18" rate="2155.94,2223.96,2108.03,2262.58" sx="M,M,M,M"/><TAIKYOKU oya="0"/><INIT seed="0,0,0,0,1,8" ten="250,250,250,250" oya="0" hai0="19,17,89,0,1,65,98,119,4,113,81,18,16" hai1="103,30,76,2,69,118,129,110,112,125,10,56,88" hai2="47,21,43,75,130,25,52,95,102,93,15,131,9" hai3="67,79,48,80,58,35,51,127,107,104,126,86,64"/><T13/><D113/><U22/><E69/><V49/><F75/><W28/><G28/><T3/><D119/><U50/><E118/><V91/><F102/><W84/><G58/><T38/><D38/><U45/><E129/><N who="2" m="49163" /><F91/><W62/><G62/><T36/><D36/><U68/><E68/><V55/><F93/><W24/><G24/><T63/><D4/><U60/><E103/><V117/><F95/><W135/><G135/><T92/><D81/><U41/><E76/><V124/><F124/><W121/><G121/><T94/><D94/><U37/><E37/><V61/><F117/><W23/><G23/><T7/><D7/><U54/><E22/><V72/><F72/><W27/><G27/><T85/><D19/><U111/><E30/><N who="2" m="17711" /><F61/><W11/><G11/><T32/><D32/><U70/><E10/><V132/><F132/><W40/><G80/><T82/><D82/><U97/><E60/><V106/><F106/><W33/><REACH who="3" step="1"/><G40/><REACH who="3" ten="250,250,250,240" step="2"/><T31/><D31/><U120/><E120/><V6/><AGARI ba="0,1" hai="6,9,15,43,47,49,52,55" m="17711,49163" machi="6" ten="30,4000,0" yaku="19,1,52,1,54,1" doraHai="8" who="2" fromWho="2" sc="250,-20,250,-10,250,50,240,-10" /><INIT seed="1,0,0,3,2,1" ten="230,240,300,230" oya="1" hai0="82,31,34,117,21,23,4,106,79,99,111,96,55" hai1="64,66,46,33,16,19,27,7,22,81,11,129,38" hai2="10,77,9,8,116,102,25,98,103,41,20,47,108" hai3="84,24,13,28,58,91,32,65,101,118,89,85,109"/><U67/><E129/><V50/><F116/><W95/><G109/><T40/><D117/><U73/><E33/><V60/><F108/><W35/><G118/><T51/><D111/><U114/><E114/><V90/><F77/><W29/><G101/><T14/><D40/><U15/><E38/><V56/><F90/><W132/><G132/><T3/><D3/><U134/><E134/><V44/><F44/><W126/><G126/><T122/><D34/><U57/><E46/><V54/><REACH who="2" step="1"/><F98/><REACH who="2" ten="230,240,290,230" step="2"/><W18/><G89/><T12/><D96/><U105/><E73/><V120/><F120/><W17/><G91/><T45/><D99/><U92/><E81/><V74/><F74/><W75/><G75/><T123/><D79/><U110/><E110/><V2/><F2/><W78/><G78/><T61/><D82/><U131/><E131/><V107/><F107/><W42/><G85/><T43/><D106/><U93/><E105/><V88/><F88/><W39/><G84/><T135/><D122/><U5/><REACH who="1" step="1"/><E57/><REACH who="1" ten="230,230,290,230" step="2"/><V6/><F6/><AGARI ba="0,2" hai="5,6,7,11,15,16,19,22,27,64,66,67,92,93" machi="6" ten="40,18000,2" yaku="1,1,2,1,8,1,52,3,54,1,53,0" doraHai="1" doraHaiUra="53" who="1" fromWho="2" sc="230,0,230,200,290,-180,230,0" /><INIT seed="1,1,0,3,3,24" ten="230,430,110,230" oya="1" hai0="111,131,114,27,117,128,29,129,46,39,110,2,6" hai1="37,16,126,38,67,51,73,134,56,81,112,121,96" hai2="32,66,82,47,53,68,22,9,43,132,74,78,77" hai3="23,50,49,113,89,105,8,61,79,88,17,124,83"/><U72/><E112/><V130/><F130/><W13/><G105/><T18/><D39/><U15/><E121/><V86/><F132/><W122/><G122/><T118/><D46/><U42/><E134/><V108/><F108/><N who="0" m="41514" /><D114/><U101/><E126/><V135/><F135/><W116/><G113/><T59/><D18/><U41/><E38/><V71/><F32/><W125/><G116/><T127/><D59/><U63/><E37/><V107/><F107/><W58/><G124/><T36/><D36/><U34/><E34/><V20/><F43/><W98/><G125/><T70/><D70/><U92/><E81/><V75/><F9/><W104/><G8/><N who="0" m="2135" /><D127/><U40/><REACH who="1" step="1"/><E51/><REACH who="1" ten="230,420,110,230" step="2"/><V69/><F82/><W93/><G50/><T31/><D31/><U12/><E12/><V26/><F75/><W85/><G49/><T57/><D57/><U45/><E45/><V5/><F74/><W3/><G3/><T4/><D4/><U60/><E60/><V99/><F71/><W25/><G13/><T102/><D102/><U0/><E0/><V55/><F5/><W119/><G119/><T33/><AGARI ba="1,1" hai="27,29,33,117,118,128,129,131" m="2135,41514" machi="33" ten="40,12000,2" yaku="19,1,14,1,23,1,34,2,52,1" doraHai="24" who="0" fromWho="0" sc="230,133,420,-61,110,-31,230,-31" /><INIT seed="2,0,0,0,0,103" ten="363,359,79,199" oya="2" hai0="7,50,78,133,14,113,10,13,23,104,29,81,87" hai1="8,35,120,126,94,100,105,28,40,3,93,92,52" hai2="98,75,25,73,44,62,45,32,15,9,99,41,121" hai3="118,96,19,69,88,116,117,129,26,65,38,49,20"/><V60/><F121/><W85/><G38/><T59/><D113/><U123/><E40/><V33/><F25/><W124/><G129/><T70/><D70/><U114/><E114/><V54/><F41/><W107/><G124/><T131/><D131/><U135/><E135/><V57/><F15/><W43/><G65/><T0/><D133/><U39/><E39/><V2/><F9/><W84/><G69/><T127/><D127/><U79/><E79/><V134/><F134/><W80/><G85/><T95/><D95/><U5/><E126/><V122/><F57/><W31/><G49/><T86/><D104/><U22/><E35/><V63/><F122/><N who="1" m="46633" /><E52/><V53/><REACH who="2" step="1"/><F63/><REACH who="2" ten="363,359,69,199" step="2"/><W56/><G56/><T91/><D14/><U51/><E51/><V48/><F48/><W101/><REACH who="3" step="1"/><G43/><REACH who="3" ten="363,359,69,189" step="2"/><T18/><D59/><U82/><E8/><V72/><F72/><W27/><G27/><T55/><D50/><U17/><E28/><AGARI ba="0,2" hai="19,20,26,28,31,80,84,88,96,101,107,116,117,118" machi="28" ten="40,5200,0" yaku="1,1,52,1,54,1,53,0" doraHai="103" doraHaiUra="6" who="3" fromWho="1" sc="363,0,359,-52,69,0,189,72" /><INIT seed="3,0,0,5,2,86" ten="363,307,69,261" oya="3" hai0="69,135,129,37,132,7,55,23,63,26,0,94,49" hai1="4,60,25,113,30,111,66,61,84,11,20,68,105" hai2="131,46,130,27,90,33,73,97,102,19,109,9,15" hai3="96,126,64,39,83,44,10,22,54,79,70,12,77"/><W17/><G126/><T36/><D129/><N who="2" m="49162" /><F73/><W50/><G39/><T120/><D120/><U75/><E105/><N who="2" m="63695" /><F109/><W8/><G70/><T56/><D0/><U93/><E113/><V91/><F46/><W78/><G64/><N who="0" m="41119" /><D7/><U52/><E75/><V101/><F101/><W80/><G96/><T99/><D23/><U106/><E106/><V58/><F58/><W18/><REACH who="3" step="1"/><G8/><REACH who="3" ten="363,307,69,251" step="2"/><T47/><D36/><U108/><E11/><V81/><F81/><W31/><G31/><AGARI ba="0,1" hai="9,15,19,27,31,33,90,91" m="63695,49162" machi="31" ten="30,3900,0" yaku="19,1,52,2" doraHai="86" who="2" fromWho="3" sc="363,0,307,0,69,49,251,-39" /><INIT seed="4,0,0,5,3,88" ten="363,307,118,212" oya="0" hai0="100,45,81,16,5,77,18,39,122,11,17,133,8" hai1="130,61,27,9,78,107,105,70,25,83,124,125,40" hai2="71,85,104,44,15,2,53,131,54,29,47,91,22" hai3="12,79,92,21,6,112,35,64,32,42,38,134,28"/><T31/><D122/><U135/><E40/><V99/><F2/><W90/><G79/><T37/><D133/><U117/><E117/><V57/><F71/><W103/><G103/><T34/><D100/><U60/><E9/><V51/><F131/><W14/><G64/><T76/><D76/><U127/><E130/><V13/><F104/><N who="1" m="40009" /><E135/><V123/><F123/><W62/><G62/><N who="1" m="24170" /><E70/><V95/><F57/><W41/><G42/><T87/><D11/><U19/><E19/><V3/><F3/><W126/><G41/><T86/><D86/><AGARI ba="0,0" hai="25,27,78,83,86,124,125,127" m="24170,40009" machi="86" ten="40,1300,0" yaku="18,1" doraHai="88" who="1" fromWho="0" sc="363,-13,307,13,118,0,212,0" /><INIT seed="5,0,0,0,1,105" ten="350,320,118,212" oya="1" hai0="52,13,88,111,81,57,35,11,36,116,22,9,74" hai1="86,85,87,77,99,41,124,72,56,130,119,55,129" hai2="66,37,109,92,53,112,38,39,25,5,101,125,18" hai3="83,6,95,30,47,75,28,48,133,132,4,126,32"/><U7/><E119/><V15/><F109/><W24/><G95/><T135/><D111/><U68/><E68/><V65/><F125/><W71/><G30/><T69/><D35/><U120/><E120/><V78/><F5/><W121/><G71/><T46/><D116/><U117/><E117/><V49/><F25/><W54/><G121/><T33/><D69/><U42/><E7/><V118/><F118/><W93/><G93/><T104/><D33/><U60/><E99/><V20/><F78/><N who="3" m="44511" /><G126/><T62/><D104/><U29/><E29/><V108/><F108/><W59/><G59/><T97/><D97/><U115/><E115/><V27/><F112/><W23/><G23/><T100/><D100/><U123/><E123/><V51/><F101/><W113/><G113/><T45/><D36/><U107/><E107/><V131/><F131/><N who="1" m="50185" /><E124/><V127/><F127/><W0/><G0/><T122/><D122/><U82/><AGARI ba="0,0" hai="41,42,55,56,60,72,77,82,85,86,87" m="50185" machi="82" ten="40,3900,0" yaku="19,1,52,1" doraHai="105" who="1" fromWho="1" sc="350,-13,320,39,118,-13,212,-13" /><INIT seed="5,1,0,2,5,24" ten="337,359,105,199" oya="1" hai0="119,28,18,32,95,121,33,47,97,73,74,56,8" hai1="39,92,125,82,67,58,54,99,45,107,9,68,90" hai2="4,133,43,66,49,20,108,105,14,122,3,103,131" hai3="6,135,129,22,132,0,65,53,79,98,15,60,120"/><U62/><E125/><V30/><F49/><W46/><G120/><T109/><D109/><U128/><E128/><V27/><F43/><W75/><G0/><T10/><D119/><U115/><E115/><V77/><F77/><W127/><G79/><T19/><D121/><U64/><E107/><V102/><F105/><W101/><G75/><T55/><D47/><U70/><E9/><N who="2" m="2207" /><F66/><W69/><G129/><T59/><D95/><U7/><E7/><V42/><F42/><W113/><G127/><T104/><D97/><U117/><E117/><V37/><F103/><W111/><G113/><T124/><D104/><U76/><E67/><V23/><F102/><W35/><G35/><T57/><D57/><U29/><E39/><V80/><F80/><W78/><G78/><T134/><D55/><U2/><E2/><V106/><F37/><W88/><G111/><T1/><D1/><U17/><E45/><V71/><F71/><W25/><G46/><T12/><D12/><U34/><E64/><V110/><F106/><N who="3" m="63799" /><G53/><T130/><D130/><U51/><E51/><V5/><F122/><W89/><G89/><T100/><D100/><U38/><E38/><V93/><F131/><W81/><G88/><T13/><D124/><U91/><E91/><V86/><F133/><W11/><G81/><T123/><D13/><U63/><E82/><V87/><F93/><W85/><G85/><N who="2" m="32265" /><F5/><W36/><G36/><T114/><D123/><U16/><E76/><V26/><F14/><W126/><G126/><T31/><D114/><U72/><E72/><V118/><F118/><W96/><G96/><RYUUKYOKU ba="1,0" sc="337,10,359,-30,105,10,199,10" hai0="8,10,18,19,28,31,32,33,56,59,73,74,134" hai2="20,23,26,27,30,108,110" hai3="6,11,15,22,25,60,65,69,132,135" /><INIT seed="6,2,0,0,4,98" ten="347,329,115,209" oya="2" hai0="65,39,135,5,91,130,77,122,113,66,25,128,24" hai1="85,126,44,118,64,82,32,12,89,23,94,88,27" hai2="124,53,11,86,123,31,132,37,78,127,26,42,90" hai3="48,73,0,40,80,108,15,62,29,84,56,74,114"/><V72/><F123/><W19/><G0/><T95/><D122/><U133/><E118/><V63/><F132/><W92/><G108/><T28/><D39/><U10/><E32/><V100/><F100/><W107/><G107/><T57/><D135/><U67/><E44/><N who="2" m="23631" /><F72/><W51/><G114/><T16/><D77/><U47/><E47/><V7/><F78/><N who="3" m="46103" /><G74/><T35/><D5/><N who="1" m="3151" /><E126/><N who="2" m="48171" /><F53/><N who="3" m="34063" /><G73/><T38/><D57/><U9/><E9/><V75/><F75/><W125/><G125/><T14/><D25/><U97/><E133/><V4/><F63/><W18/><G40/><T119/><D38/><U1/><E1/><V129/><F11/><N who="3" m="6527" /><G29/><AGARI ba="2,0" hai="23,27,29,64,67,82,85,88,89,94,97" m="3151" machi="29" ten="30,2000,0" yaku="8,1,54,1" doraHai="98" who="1" fromWho="3" sc="347,0,329,26,115,0,209,-26" /><INIT seed="7,0,0,4,5,134" ten="347,355,115,183" oya="3" hai0="5,29,19,103,21,75,96,71,36,27,28,72,45" hai1="77,130,16,30,49,69,54,4,7,104,41,91,47" hai2="93,86,14,106,44,48,119,112,34,120,78,8,124" hai3="39,115,108,113,11,99,15,85,135,58,0,33,132"/><W125/><G39/><T76/><D71/><U133/><E104/><V111/><F119/><W59/><G33/><T80/><D5/><N who="1" m="2123" /><E69/><V102/><F111/><W94/><G85/><T105/><REACH who="0" step="1"/><D75/><REACH who="0" ten="337,355,115,183" step="2"/><U109/><E109/><V55/><F112/><W98/><G108/><T57/><D57/><U70/><E70/><V43/><F120/><W42/><G59/><T101/><D101/><U95/><E133/><V107/><F34/><W123/><G58/><T66/><D66/><U79/><E130/><V13/><F13/><W74/><G74/><T121/><D121/><U26/><E30/><V37/><F102/><W68/><G68/><T6/><D6/><U82/><E54/><V65/><F65/><W31/><G31/><T122/><D122/><U46/><E46/><V114/><F114/><W24/><G15/><T131/><D131/><U92/><E82/><V18/><F78/><N who="1" m="29705" /><E91/><V22/><F8/><W110/><G11/><T118/><D118/><U117/><E117/><V1/><F1/><W62/><G0/><T10/><D10/><U23/><AGARI ba="0,1" hai="16,23,26,41,47,49,92,95" m="29705,2123" machi="23" ten="30,2000,0" yaku="8,1,54,1" doraHai="134" who="1" fromWho="1" sc="337,-5,355,30,115,-5,183,-10" owari="332,13.0,385,49.0,110,-39.0,173,-23.0" /></mjloggm>