<mjloggm ver="2.3"><GO type="225" lobby="0"/><UN n0="%E3%82%AD%E3%83%A9%E3%83%BC%E3%83%9E%E3%82%B8%E3%83%B3%E3%82%AC%E6%A7%98" n1="%44%41%49%4C%4F" n2="%E8%B6%B3%E3%81%AE%E8%B8%8F%E3%81%BF%E5%A0%B4%E3%82%82%E3%81%AA%E3%81%84" n3="%E3%82%A6%E3%83%AB%E3%83%88%E3%83%A9%E7%AB%8B%E7%9B%B4" dan="16,16,17,17" rate="2190.94,2070.75,2134.68,2105.47" sx="F,M,M,M"/><TAIKYOKU oya="0"/><INIT seed="0,0,0,5,2,104" ten="250,250,250,250" oya="0" hai0="79,14,62,91,37,126,100,38,122,82,53,69,34" hai1="15,103,81,89,33,85,47,28,30,61,98,93,128" hai2="96,2,67,119,20,125,115,120,42,48,12,39,109" hai3="49,52,68,105,35,72,25,41,13,71,1,44,94"/><T106/><D122/><U23/><E128/><V92/><F2/><W16/><G105/><T78/><D91/><U95/><E33/><V121/><F39/><W135/><G72/><T123/><D123/><U56/><E47/><V75/><F115/><W127/><G1/><T131/><D14/><U102/><E15/><V6/><F67/><W46/><G127/><T29/><D79/><U31/><E23/><V73/><F42/><W76/><G76/><T55/><D55/><U111/><E111/><V77/><F77/><W112/><G94/><T97/><D131/><U101/><REACH who="1" step="1"/><E95/><REACH who="1" ten="250,240,250,250" step="2"/><V133/><F20/><W65/><G46/><T84/><D126/><U27/><E27/><V110/><F125/><W10/><G35/><T4/><D34/><U24/><E24/><V26/><F26/><W87/><G25/><T36/><D106/><U113/><E113/><V50/><F12/><W63/><G112/><T114/><D114/><U134/><E134/><V17/><F92/><W80/><G135/><T0/><D0/><U118/><E118/><V116/><F133/><W18/><G41/><T21/><D21/><U59/><E59/><V108/><F108/><W5/><G68/><T99/><D69/><U51/><E51/><V88/><F50/><W57/><G71/><T45/><D36/><U83/><E83/><V117/><F48/><W130/><G130/><T132/><D132/><U86/><E86/><V107/><F117/><W54/><G87/><T66/><D38/><U58/><E58/><V64/><F119/><W19/><G80/><N who="0" m="47127" /><D37/><U40/><E40/><V90/><F116/><RYUUKYOKU ba="0,1" sc="250,-15,240,15,250,-15,250,15" hai1="28,30,31,56,61,81,85,89,93,98,101,102,103" hai3="5,10,13,16,18,19,44,49,52,54,57,63,65" /><INIT seed="1,1,1,0,1,22" ten="235,255,235,265" oya="1" hai0="55,28,1,74,81,42,46,82,21,70,120,129,80" hai1="30,117,12,5,53,115,103,67,8,93,69,109,25" hai2="95,38,65,75,9,61,73,71,62,34,51,123,121" hai3="44,33,132,47,54,32,63,113,17,96,86,60,105"/><U48/><E117/><V43/><F34/><W91/><G113/><T36/><D70/><U118/><E118/><V31/><F31/><W68/><G17/><T98/><D1/><U77/><E115/><V127/><F95/><W125/><G68/><T108/><D108/><U90/><E103/><V111/><F9/><W7/><G7/><T3/><D3/><U72/><E109/><V130/><F111/><W56/><G63/><T39/><D129/><U2/><E2/><V94/><F94/><W45/><G125/><T89/><D120/><U64/><E69/><N who="2" m="42159" /><F73/><W110/><G110/><T27/><D55/><U101/><E101/><V116/><F75/><W131/><G131/><T88/><D74/><U92/><E92/><V6/><F6/><W104/><G132/><T76/><D76/><U15/><E15/><V14/><F14/><W50/><G60/><T87/><D36/><U99/><E77/><V100/><F100/><W128/><G128/><T40/><D40/><U10/><E10/><V24/><F24/><W112/><G112/><T29/><D29/><U78/><E78/><V79/><F38/><W107/><REACH who="3" step="1"/><G96/><REACH who="3" ten="235,255,235,255" step="2"/><T20/><D98/><U4/><E4/><V85/><F127/><W124/><G124/><T13/><D87/><U52/><E72/><V106/><F130/><W97/><G97/><T35/><D28/><U102/><E102/><V84/><F84/><W19/><G19/><T83/><D89/><U134/><E134/><V26/><F85/><W135/><G135/><T11/><N who="0" m="20480" /><DORA hai="16" /><T0/><D88/><U122/><E90/><V18/><F18/><RYUUKYOKU ba="1,2" sc="235,-10,255,-10,235,-10,255,30" hai3="32,33,44,45,47,50,54,56,86,91,104,105,107" /><INIT seed="2,2,2,5,2,62" ten="225,245,225,285" oya="2" hai0="100,24,31,43,119,9,85,110,131,35,126,67,128" hai1="57,60,0,40,105,99,90,20,54,71,129,91,2" hai2="98,17,118,80,34,70,29,19,84,22,39,63,47" hai3="120,87,88,38,65,104,107,125,44,28,134,111,8"/><V30/><F118/><W92/><G120/><T73/><D73/><U59/><E129/><N who="0" m="49737" /><D119/><U102/><E40/><V18/><F34/><W1/><G28/><T93/><D110/><U3/><E20/><V81/><F98/><W106/><G111/><T117/><D117/><U96/><E71/><V121/><F121/><W7/><G125/><T6/><D126/><U68/><E68/><V109/><F109/><W116/><G116/><T72/><D72/><U135/><E135/><V58/><F70/><W27/><G27/><T52/><D43/><U53/><REACH who="1" step="1"/><E99/><REACH who="1" ten="225,235,225,285" step="2"/><V69/><F69/><W5/><G134/><T66/><D35/><U64/><E64/><N who="2" m="39031" /><F39/><W115/><G65/><T37/><D37/><U75/><E75/><V89/><F22/><W55/><G38/><T51/><D67/><U46/><E46/><V36/><F36/><W76/><G44/><T94/><D66/><U108/><E108/><V13/><F47/><W112/><G55/><T25/><D52/><U101/><E101/><V14/><F81/><W12/><G115/><T61/><D100/><U103/><E103/><V41/><F41/><W78/><G112/><T86/><D86/><U21/><E21/><V113/><F113/><W48/><G87/><T132/><D85/><U82/><E82/><V97/><F97/><W130/><G130/><T33/><D132/><U49/><AGARI ba="2,3" hai="0,2,3,49,53,54,57,59,60,90,91,96,102,105" machi="49" ten="30,2000,0" yaku="1,1,0,1,53,0" doraHai="62" doraHaiUra="23" who="1" fromWho="1" sc="225,-7,235,56,225,-12,285,-7" /><INIT seed="3,0,0,4,1,55" ten="218,291,213,278" oya="3" hai0="101,131,47,8,12,26,74,27,115,108,23,126,120" hai1="102,61,44,31,36,77,6,96,94,53,89,106,100" hai2="116,93,39,98,60,109,65,118,92,113,85,29,35" hai3="83,107,68,41,80,71,128,87,134,59,99,5,45"/><W58/><G5/><T40/><D120/><U24/><E6/><V15/><F113/><W21/><G128/><T37/><D74/><U57/><E106/><V81/><F39/><W7/><G7/><T132/><D131/><U52/><E77/><V67/><F67/><W78/><G134/><T17/><D108/><U48/><E36/><V64/><F64/><W18/><G71/><T3/><D126/><U86/><E96/><V123/><F109/><W82/><G68/><T135/><D115/><U25/><E24/><N who="2" m="18855" /><F123/><W16/><G107/><T130/><D130/><U62/><E62/><V110/><F110/><W111/><G99/><T43/><D3/><U114/><E114/><V28/><F28/><W20/><G111/><T105/><D43/><U46/><E44/><V38/><F38/><W121/><G121/><T91/><D27/><U0/><E0/><V104/><F15/><N who="3" m="9247" /><G78/><T9/><D132/><U103/><E102/><N who="2" m="62551" /><F118/><W10/><G87/><T70/><D135/><U19/><E19/><V84/><F116/><W49/><G10/><T13/><D70/><U124/><E124/><V34/><F34/><AGARI ba="0,0" hai="25,31,34,46,48,52,53,57,61,86,89,94,100,103" machi="34" ten="30,3900,0" yaku="7,1,52,1,54,1" doraHai="55" who="1" fromWho="2" sc="218,0,291,39,213,-39,278,0" owari="218,-18.0,330,43.0,174,-33.0,278,8.0" /></mjloggm>