<mjloggm ver="2.3"><GO type="169" lobby="0"/><UN n0="%E5%B0%B1%E6%B4%BB%E7%94%9F%40%E5%B7%9D%E6%9D%91%E8%BB%8D%E5%9B%A3" n1="%E3%81%B5%E3%81%8B%E3%81%A4%E3%81%81%E3%83%BC" n2="%74%72%79%6C%6F%6F%74" n3="%E3%82%B8%E3%83%A7%E3%83%BC%E3%82%BF%E3%82%AF%E3%83%8F%E3%82%A4" dan="19,16,16,16" rate="2344.51,2069.83,2117.25,2121.41" sx="M,M,M,F"/><TAIKYOKU oya="0"/><INIT seed="0,0,0,1,1,70" ten="250,250,250,250" oya="0" hai0="34,26,69,113,39,32,110,101,132,51,9,108,85" hai1="20,15,8,17,81,66,61,43,28,91,7,92,48" hai2="25,16,41,115,116,31,65,35,88,119,107,123,23" hai3="106,37,117,104,55,72,84,122,120,36,94,78,1"/><T58/><D113/><U14/><E28/><V54/><F115/><W121/><G117/><N who="2" m="45129" /><F123/><W114/><G114/><T76/><D69/><U95/><E81/><V131/><F131/><W98/><G1/><T3/><D101/><U82/><E82/><V99/><F65/><W118/><G118/><T93/><D132/><U57/><REACH who="1" step="1"/><E91/><REACH who="1" ten="250,240,250,250" step="2"/><V64/><F88/><N who="3" m="55623" /><G72/><T47/><D76/><U71/><E71/><V73/><F73/><W30/><G30/><T18/><D34/><U13/><E13/><V79/><F79/><W96/><G96/><T4/><D108/><U103/><E103/><V5/><F99/><W135/><G135/><T42/><D110/><U75/><E75/><V22/><F35/><W90/><G78/><T53/><D32/><U100/><E100/><V77/><F77/><W44/><G90/><T68/><D68/><U11/><E11/><V97/><F97/><W74/><G74/><T133/><D133/><U89/><E89/><V126/><F31/><W38/><G84/><T2/><D2/><U105/><E105/><V86/><F86/><W87/><G87/><T0/><D0/><U12/><E12/><V125/><F107/><W102/><G102/><T49/><D85/><U45/><AGARI ba="0,1" hai="7,8,14,15,17,20,43,45,48,57,61,66,92,95" machi="45" ten="30,4000,0" yaku="1,1,0,1,8,1,53,0" doraHai="70" doraHaiUra="29" who="1" fromWho="1" sc="250,-20,240,50,250,-10,250,-10" /><INIT seed="1,0,0,0,1,22" ten="230,290,240,240" oya="1" hai0="25,38,123,57,4,117,31,42,103,30,90,47,61" hai1="72,53,105,99,18,32,77,56,3,17,33,122,92" hai2="14,44,40,52,109,59,39,91,70,133,131,126,97" hai3="23,28,124,100,11,134,37,98,95,111,19,83,68"/><U79/><E122/><V48/><F109/><W118/><G111/><T106/><D123/><U121/><E121/><V69/><F126/><W76/><G124/><T80/><D117/><U46/><E105/><V93/><F131/><W74/><G134/><T26/><D4/><U36/><E3/><V81/><F133/><W58/><G68/><T50/><D106/><U10/><E33/><V96/><F81/><W119/><G37/><T49/><D103/><U88/><E32/><V110/><F110/><W62/><G11/><T41/><D38/><U120/><E120/><V5/><F5/><W9/><G9/><T89/><D80/><U63/><E72/><V12/><F14/><W71/><G71/><T104/><D104/><U108/><E108/><V7/><REACH who="2" step="1"/><F97/><REACH who="2" ten="230,290,230,240" step="2"/><W87/><G74/><T94/><D94/><U0/><E99/><V102/><F102/><W73/><G73/><T135/><D135/><U132/><E92/><V16/><F16/><W29/><G119/><T112/><D112/><U21/><E17/><V54/><F54/><N who="3" m="34135" /><G118/><T78/><D78/><U129/><E79/><V127/><F127/><W107/><G107/><T116/><D116/><U27/><E77/><V113/><F113/><W13/><AGARI ba="0,1" hai="13,19,23,28,29,76,83,87,95,98,100" m="34135" machi="13" ten="30,1100,0" yaku="8,1" doraHai="22" who="3" fromWho="3" sc="230,-3,290,-5,230,-3,240,21" /><INIT seed="2,0,0,2,0,56" ten="227,285,227,261" oya="2" hai0="72,109,122,26,29,1,48,97,69,83,92,32,130" hai1="0,2,15,21,133,67,102,36,95,53,14,52,99" hai2="107,22,3,45,44,96,113,90,58,62,31,129,70" hai3="49,106,20,110,112,27,124,24,73,59,84,108,116"/><V12/><F113/><W68/><G73/><T19/><D122/><U119/><E36/><V7/><F70/><W128/><G68/><T18/><D1/><U61/><E119/><V63/><F3/><W98/><G116/><T80/><D109/><U10/><E133/><V115/><F115/><W41/><G112/><T76/><D130/><U94/><E2/><V75/><F75/><W127/><G128/><T104/><D104/><U135/><E135/><V89/><F129/><W23/><G84/><T117/><D117/><U64/><E0/><V38/><F38/><W118/><G118/><T28/><D28/><U87/><E21/><N who="3" m="8266" /><G98/><T105/><D105/><U85/><E15/><V134/><F134/><W71/><G106/><T121/><D80/><U123/><E123/><V5/><BYE who="1" /><F107/><W120/><G71/><T54/><D69/><U103/><E103/><V33/><F33/><W13/><G13/><T4/><D4/><U35/><E35/><V42/><F22/><W40/><G120/><T88/><REACH who="0" step="1"/><D121/><REACH who="0" ten="217,285,227,261" step="2"/><UN n1="%E3%81%B5%E3%81%8B%E3%81%A4%E3%81%81%E3%83%BC" /><U82/><E82/><V8/><F31/><W47/><G110/><T6/><D6/><U86/><E95/><V37/><F5/><W93/><G108/><T79/><D79/><U65/><E94/><V51/><F7/><W50/><G93/><T131/><D131/><U25/><E102/><V114/><F114/><W60/><G24/><T9/><D9/><U43/><E25/><V17/><F96/><W66/><G27/><T55/><D55/><U34/><E99/><V30/><F30/><W74/><G74/><T132/><D132/><U78/><E53/><RYUUKYOKU ba="0,1" sc="217,15,285,-15,227,-15,261,15" hai0="18,19,26,29,32,48,54,72,76,83,88,92,97" hai3="40,41,47,49,50,59,60,66,124,127" /><INIT seed="3,1,1,5,5,9" ten="232,270,212,276" oya="3" hai0="67,32,26,66,99,63,126,110,39,40,119,70,81" hai1="62,127,10,8,41,20,64,104,2,128,42,117,13" hai2="95,125,53,51,49,107,31,71,112,113,34,120,106" hai3="94,86,108,21,35,43,87,131,122,36,5,89,93"/><W60/><G122/><T48/><D119/><U54/><E104/><V15/><F120/><W16/><G35/><T129/><D110/><U3/><E117/><V134/><F71/><W59/><G108/><T79/><D129/><U88/><E128/><V105/><F125/><W23/><G131/><T97/><D66/><U56/><E127/><V72/><F72/><W82/><G5/><T45/><D126/><U18/><E3/><V116/><F116/><W57/><G36/><T84/><D32/><U50/><E2/><V123/><F123/><W46/><G46/><T85/><D26/><U55/><E55/><V92/><F134/><W111/><G43/><T121/><D121/><U133/><E133/><V19/><F34/><W135/><G135/><T14/><D85/><U37/><E88/><V65/><F31/><W33/><G33/><T78/><D78/><U100/><E100/><V6/><F6/><W24/><G111/><T0/><D0/><U22/><E10/><V130/><F130/><W44/><G44/><T109/><D109/><U102/><E102/><V124/><F65/><N who="3" m="39055" /><G86/><T7/><D39/><U80/><E37/><V58/><F124/><W28/><G59/><T132/><D132/><U101/><E41/><V47/><F112/><W68/><G68/><T98/><D98/><U73/><E42/><N who="2" m="24823" /><F113/><W118/><G118/><T76/><D76/><N who="1" m="44047" /><E101/><V29/><F29/><W4/><G4/><T69/><D70/><U25/><E25/><AGARI ba="1,1" hai="16,21,23,24,25,28,82,87,89,93,94" m="39055" machi="25" ten="30,2900,0" yaku="8,1,54,1" doraHai="9" who="3" fromWho="1" sc="232,0,270,-32,212,0,276,42" /><INIT seed="3,2,0,4,3,101" ten="232,238,212,318" oya="3" hai0="44,16,83,81,76,107,56,82,14,98,59,62,90" hai1="80,33,79,88,31,11,24,38,51,91,92,127,69" hai2="95,131,96,60,53,39,57,40,124,99,58,12,54" hai3="89,13,1,32,0,117,121,17,105,93,34,70,78"/><W85/><G117/><T128/><D128/><U22/><E38/><V43/><F131/><W129/><G121/><T122/><D122/><U106/><E106/><V23/><F39/><W15/><G70/><T87/><D44/><U7/><E69/><V19/><F124/><W21/><G129/><T42/><D42/><U109/><E127/><V52/><F54/><W8/><G105/><T35/><D35/><U113/><E113/><V126/><F126/><W41/><G41/><T61/><D107/><U64/><E109/><V119/><F119/><W97/><G34/><T67/><D98/><U74/><E64/><V45/><F96/><W20/><G32/><T9/><REACH who="0" step="1"/><D76/><REACH who="0" ten="222,238,212,318" step="2"/><U72/><E33/><V37/><F45/><W73/><G78/><T120/><D120/><U5/><E79/><V55/><F37/><W65/><G97/><T29/><D29/><U103/><E31/><V118/><F118/><W25/><G0/><T102/><D102/><U112/><E103/><N who="2" m="60927" /><F55/><AGARI ba="2,1" hai="9,14,16,55,56,59,61,62,67,81,82,83,87,90" machi="55" ten="30,12000,2" yaku="1,1,7,1,8,1,54,1,53,3" doraHai="101" doraHaiUra="77" who="0" fromWho="2" sc="222,136,238,0,212,-126,318,0" /><INIT seed="4,0,0,1,1,131" ten="358,238,86,318" oya="0" hai0="49,73,64,129,60,126,56,31,4,20,23,14,26" hai1="54,97,80,118,50,58,124,11,84,113,104,59,5" hai2="34,51,71,42,114,44,105,6,110,28,98,100,119" hai3="35,1,109,79,90,25,63,30,10,115,95,41,7"/><T121/><D73/><U83/><E118/><V16/><F110/><W87/><G109/><T89/><D121/><U27/><E124/><V82/><F114/><W135/><G115/><T15/><D126/><U48/><E113/><V43/><F119/><W72/><G41/><T134/><D129/><U75/><E75/><V61/><F6/><W92/><G63/><T53/><D134/><U94/><E104/><V47/><F82/><W85/><G72/><T33/><D4/><U125/><E125/><V106/><F106/><W38/><G38/><T8/><D8/><U0/><E27/><V133/><F34/><W77/><G135/><T117/><D117/><U22/><E22/><V2/><F2/><W103/><G103/><T57/><D33/><U24/><E24/><V102/><F102/><W9/><G10/><T12/><D23/><U132/><E132/><V127/><F133/><W21/><G35/><T36/><D36/><U99/><E94/><V19/><F28/><W130/><G130/><T112/><D112/><U17/><E17/><V67/><REACH who="2" step="1"/><F127/><REACH who="2" ten="358,238,76,318" step="2"/><W70/><G30/><T108/><D108/><U29/><E29/><V39/><AGARI ba="0,1" hai="16,19,39,42,43,44,47,51,61,67,71,98,100,105" machi="39" ten="20,8000,1" yaku="1,1,2,1,0,1,7,1,54,1,53,0" doraHai="131" doraHaiUra="86" who="2" fromWho="2" sc="358,-40,238,-20,76,90,318,-20" /><INIT seed="5,0,0,0,1,87" ten="318,218,166,298" oya="1" hai0="91,74,71,101,76,50,128,119,6,97,124,135,15" hai1="8,48,17,127,92,121,67,2,103,65,28,57,75" hai2="58,39,63,120,126,30,41,45,69,36,95,44,110" hai3="20,37,68,96,5,108,22,112,26,24,51,80,99"/><U0/><E121/><V1/><F1/><W59/><G37/><T131/><D71/><U114/><E75/><V79/><F79/><W109/><G68/><T123/><D119/><U107/><E107/><V98/><F110/><W10/><G112/><T53/><D124/><U130/><E28/><V106/><F106/><W49/><G80/><T19/><D6/><U55/><E127/><V64/><F126/><W14/><G59/><T40/><D40/><U34/><E34/><V54/><F120/><W12/><G10/><T102/><D76/><U94/><E114/><V38/><F30/><W81/><G81/><T35/><D35/><U85/><E130/><N who="0" m="49705" /><D74/><U52/><E2/><V84/><F84/><W83/><G83/><T78/><D78/><U31/><E31/><V61/><REACH who="2" step="1"/><F41/><REACH who="2" ten="318,218,156,298" step="2"/><W118/><G118/><T3/><D3/><U115/><E0/><V9/><F9/><W132/><G109/><T62/><D123/><U42/><E42/><V86/><F86/><W43/><G43/><T113/><D113/><U13/><E115/><V88/><AGARI ba="0,1" hai="36,38,39,44,45,54,58,61,63,64,69,88,95,98" machi="88" ten="30,7900,0" yaku="1,1,0,1,52,1,54,1,53,0" doraHai="87" doraHaiUra="104" who="2" fromWho="2" sc="318,-20,218,-39,156,89,298,-20" /><INIT seed="6,0,0,1,0,115" ten="298,179,245,278" oya="2" hai0="78,109,55,89,7,25,76,19,41,135,105,112,29" hai1="125,96,21,56,26,134,126,91,101,117,100,106,113" hai2="14,127,50,61,75,88,43,8,123,64,70,118,53" hai3="130,42,48,57,69,94,60,10,20,92,2,32,108"/><V71/><F123/><W45/><G32/><T47/><D109/><U0/><E0/><V104/><F104/><W33/><G33/><T129/><D105/><U116/><E113/><V17/><F75/><W16/><G108/><T120/><D129/><U87/><E100/><V22/><F43/><W35/><G35/><T133/><D7/><U15/><E15/><V67/><F127/><N who="1" m="48649" /><E56/><V52/><F118/><N who="1" m="45673" /><E134/><V66/><F61/><W4/><G60/><T111/><D111/><U68/><E68/><V44/><F53/><W84/><G69/><T102/><D55/><U65/><E65/><V37/><F37/><W46/><G2/><T9/><D102/><U119/><N who="1" m="45681" /><U39/><DORA hai="13" /><E39/><V131/><F131/><W73/><G130/><T18/><D112/><U51/><E51/><V63/><F63/><W49/><G48/><T90/><D133/><U124/><N who="1" m="48657" /><U128/><DORA hai="72" /><E128/><V58/><F58/><W122/><G49/><T110/><D135/><U34/><E34/><V24/><F70/><W83/><G57/><T74/><D110/><U40/><E40/><V93/><F71/><W6/><G42/><T97/><D41/><U30/><E87/><N who="2" m="52383" /><F67/><W85/><G84/><T79/><D74/><U27/><E91/><V28/><AGARI ba="0,0" hai="8,14,17,22,24,28,44,50,52,64,66" m="52383" machi="28" ten="30,11700,0" yaku="8,1,52,1,54,2" doraHai="115,13,72" who="2" fromWho="2" sc="298,-39,179,-39,245,117,278,-39" /><INIT seed="6,1,0,3,4,66" ten="259,140,362,239" oya="2" hai0="90,8,47,23,61,55,108,135,21,5,131,38,22" hai1="13,17,78,68,97,33,92,41,120,94,109,80,82" hai2="98,74,128,56,111,58,115,86,106,126,127,88,122" hai3="32,35,54,121,116,3,30,117,25,37,81,62,39"/><V40/><F122/><W19/><G121/><T73/><D73/><U124/><E33/><V9/><F115/><W102/><G3/><T101/><D108/><U50/><E120/><V85/><F111/><W53/><G102/><T65/><D101/><U15/><E109/><V72/><F128/><W75/><G35/><T57/><D135/><U2/><E2/><V134/><F134/><W71/><G53/><T36/><D131/><U11/><E124/><V45/><F9/><W104/><G19/><T16/><D16/><U49/><E41/><V105/><F40/><W27/><G27/><T46/><D90/><U10/><E17/><V125/><F45/><W69/><G54/><T103/><D103/><U48/><E48/><V91/><F125/><W89/><G89/><T52/><D38/><N who="3" m="14345" /><G104/><T87/><D87/><U112/><E112/><V133/><F133/><W110/><G110/><T28/><D28/><U83/><E83/><V77/><F77/><N who="3" m="44223" /><G62/><T18/><D18/><U99/><REACH who="1" step="1"/><E78/><REACH who="1" ten="259,130,362,239" step="2"/><V67/><F127/><W118/><AGARI ba="1,1" hai="25,30,32,69,71,116,117,118" m="44223,14345" machi="118" ten="40,5200,0" yaku="23,1,52,2" doraHai="66" who="3" fromWho="3" sc="259,-14,130,-14,362,-27,239,65" /><INIT seed="7,0,0,4,5,99" ten="245,116,335,304" oya="3" hai0="14,101,77,28,91,61,131,68,11,30,31,121,125" hai1="124,54,102,42,106,36,88,94,85,66,27,90,23" hai2="65,43,113,105,134,59,52,111,83,17,55,84,9" hai3="29,89,40,34,8,25,112,92,80,44,107,58,110"/><W79/><G112/><T45/><D121/><U1/><E124/><V4/><F111/><W67/><G110/><T117/><D117/><U10/><E66/><V41/><F113/><W120/><G120/><T93/><D131/><U130/><E130/><V64/><F105/><W73/><G107/><T100/><D125/><U7/><E54/><N who="2" m="20523" /><F134/><W5/><G58/><T108/><D108/><U128/><E128/><V20/><F9/><W13/><G67/><N who="2" m="25673" /><F4/><W60/><G60/><T62/><D77/><U119/><E119/><V87/><F59/><W81/><G79/><T70/><D45/><U123/><E123/><V46/><F46/><W39/><REACH who="3" step="1"/><G73/><REACH who="3" ten="245,116,335,294" step="2"/><T78/><D78/><U0/><E90/><N who="2" m="51487" /><F87/><AGARI ba="0,1" hai="5,8,13,25,29,34,39,40,44,80,81,87,89,92" machi="87" ten="30,5800,0" yaku="1,1,7,1,53,1" doraHai="99" doraHaiUra="22" who="3" fromWho="2" sc="245,0,116,0,335,-58,294,68" owari="245,-15.0,116,-38.0,277,8.0,362,45.0" /></mjloggm>