<mjloggm ver="2.3"><GO type="169" lobby="0"/><UN n0="%E3%81%8B%E3%82%89%E3%83%BC%E3%81%9C" n1="%E5%A4%A7%E5%92%8C%E7%94%B0%E5%B0%82%E5%8B%99" n2="%E3%82%A6%E3%83%AB%E3%83%88%E3%83%A9%E7%AB%8B%E7%9B%B4" n3="%E6%84%9B%E5%86%85%E9%87%8C%E8%8F%9C" dan="17,16,18,18" rate="2196.69,2091.12,2292.52,2161.87" sx="F,M,M,F"/><TAIKYOKU oya="0"/><INIT seed="0,0,0,5,5,45" ten="250,250,250,250" oya="0" hai0="10,108,27,111,77,68,17,107,71,82,110,134,72" hai1="56,47,98,5,36,20,124,133,8,57,120,51,24" hai2="52,43,73,18,86,135,109,58,118,2,55,1,11" hai3="88,94,106,116,13,60,38,54,64,132,80,95,9"/><T50/><D107/><U65/><E120/><V101/><F73/><W31/><G116/><T131/><D131/><U49/><E124/><V105/><F43/><W74/><G106/><T30/><D134/><U75/><E75/><V103/><F109/><W42/><G132/><T15/><REACH who="0" step="1"/><D50/><REACH who="0" ten="240,250,250,250" step="2"/><U37/><E133/><V39/><F105/><W70/><G38/><T76/><D76/><U66/><E37/><V127/><F39/><W7/><G60/><T96/><D96/><U21/><E36/><V104/><F104/><W19/><G94/><T112/><D112/><U29/><E98/><V0/><F135/><W130/><G95/><T92/><D92/><U14/><E51/><V115/><F115/><W81/><G130/><T23/><AGARI ba="0,1" hai="10,15,17,23,27,30,68,71,72,77,82,108,110,111" machi="23" ten="30,11700,0" yaku="1,1,0,1,14,1,10,1,53,0" doraHai="45" doraHaiUra="33" who="0" fromWho="0" sc="240,127,250,-39,250,-39,250,-39" /><INIT seed="0,1,0,1,4,69" ten="367,211,211,211" oya="0" hai0="3,129,86,101,90,47,76,75,94,61,41,100,45" hai1="59,56,10,38,103,16,32,114,17,6,0,120,31" hai2="36,104,125,118,40,11,1,111,48,14,22,63,2" hai3="34,132,27,23,26,81,98,5,28,115,49,19,66"/><T4/><D129/><U30/><E120/><V130/><F104/><W35/><G115/><T51/><D75/><U97/><E114/><V29/><F111/><W42/><G132/><T95/><D76/><U79/><E79/><V60/><F125/><W8/><G66/><T106/><D106/><U20/><E17/><V105/><F105/><W113/><G113/><T128/><D128/><U99/><E38/><V53/><F130/><W126/><G126/><T83/><D3/><U80/><E80/><V21/><F118/><W85/><G98/><T131/><D131/><U92/><E97/><V57/><F63/><W52/><G42/><T55/><D4/><U127/><E127/><V67/><F29/><W15/><G27/><T117/><D117/><U89/><E89/><V43/><F2/><W96/><G96/><T116/><D116/><U121/><E121/><V135/><F1/><W102/><G102/><N who="0" m="39531" /><D47/><U46/><E46/><V50/><F50/><W73/><G73/><T109/><D109/><U68/><E68/><V119/><F135/><W54/><G5/><T71/><D71/><U13/><E31/><V88/><F119/><W93/><G93/><N who="0" m="35339" /><D61/><U9/><E9/><V70/><F88/><N who="3" m="51247" /><G54/><AGARI ba="1,0" hai="41,45,51,54,55,83,86,90" m="35339,39531" machi="54" ten="30,1500,0" yaku="8,1" doraHai="69" who="0" fromWho="3" sc="367,18,211,0,211,0,211,-18" /><INIT seed="0,2,0,1,4,112" ten="385,211,211,193" oya="0" hai0="109,50,13,34,101,31,42,44,78,66,11,100,47" hai1="12,105,48,32,126,52,27,41,25,49,71,85,103" hai2="88,33,107,55,84,9,81,59,130,70,1,21,83" hai3="18,108,82,104,57,96,111,8,75,106,97,23,113"/><T73/><D66/><U22/><E71/><V118/><F33/><W79/><G113/><T60/><D60/><U29/><E126/><V61/><F107/><W15/><G104/><T128/><D128/><U67/><E67/><V38/><F38/><W102/><G97/><T86/><D73/><U119/><E12/><V92/><F130/><W131/><G131/><T36/><D109/><U43/><E85/><V125/><F70/><W40/><G40/><T132/><D132/><U53/><E119/><V3/><F125/><W24/><REACH who="3" step="1"/><G57/><REACH who="3" ten="385,211,211,183" step="2"/><T10/><D42/><U0/><E43/><V116/><F21/><W129/><G129/><T19/><D34/><U91/><E41/><V110/><F110/><W56/><G56/><T45/><D45/><U62/><E22/><V39/><F39/><W54/><G54/><T77/><D44/><U69/><E53/><V65/><F55/><W26/><G26/><T20/><D47/><U4/><E25/><V7/><REACH who="2" step="1"/><F3/><REACH who="2" ten="385,211,201,183" step="2"/><W76/><G76/><T72/><D78/><U5/><E0/><V74/><F74/><W90/><G90/><T2/><D77/><U124/><E91/><V94/><F94/><W117/><G117/><AGARI ba="2,2" hai="1,7,9,59,61,65,81,83,84,88,92,116,117,118" machi="117" ten="40,12000,2" yaku="1,1,12,1,52,3,54,1,53,0" doraHai="112" doraHaiUra="30" who="2" fromWho="3" sc="385,0,211,0,201,146,183,-126" /><INIT seed="1,0,0,1,1,96" ten="385,211,347,57" oya="1" hai0="101,135,84,113,26,131,10,2,21,129,127,82,24" hai1="53,57,103,83,51,33,81,88,99,119,34,47,124" hai2="28,6,95,74,109,91,110,105,56,9,15,80,114" hai3="123,112,76,37,4,116,102,1,30,126,43,71,89"/><U104/><E119/><V85/><F114/><W36/><G112/><T46/><D113/><U64/><E124/><V122/><F122/><W35/><G123/><T121/><D121/><U115/><E115/><V97/><F56/><W7/><G71/><T128/><D127/><U38/><E81/><V44/><F44/><W48/><G48/><T20/><D135/><U77/><E88/><V134/><F28/><W59/><G59/><T60/><D60/><U54/><E64/><V62/><F62/><W106/><G89/><T70/><D70/><U61/><REACH who="1" step="1"/><E38/><REACH who="1" ten="385,201,347,57" step="2"/><V5/><F134/><W23/><G37/><T40/><D82/><U92/><E92/><V14/><F105/><W125/><G36/><T3/><D131/><U132/><E132/><V12/><F74/><AGARI ba="0,1" hai="33,34,47,51,53,54,57,61,74,77,83,99,103,104" machi="74" ten="30,5800,0" yaku="1,1,7,1,52,1,53,0" doraHai="96" doraHaiUra="111" who="1" fromWho="2" sc="385,0,201,68,347,-58,57,0" /><INIT seed="1,1,0,3,2,135" ten="385,269,289,57" oya="1" hai0="39,112,94,124,45,125,0,4,130,5,100,58,11" hai1="82,90,132,52,27,50,25,43,13,63,56,98,120" hai2="21,91,70,51,14,131,126,99,20,107,65,78,47" hai3="93,41,129,31,59,88,12,10,68,71,119,67,54"/><U133/><E120/><V81/><F131/><W53/><G129/><T38/><D130/><U74/><E74/><V84/><F70/><W23/><G119/><T64/><D112/><U83/><E132/><V69/><F69/><W121/><G121/><T80/><D5/><U26/><E133/><V32/><F32/><W9/><G41/><T72/><D100/><U66/><E43/><V48/><F65/><W18/><G54/><T117/><D94/><U116/><E116/><V15/><F126/><N who="0" m="48746" /><D45/><N who="1" m="27727" /><E13/><V115/><F15/><W113/><G113/><T77/><D117/><U105/><E105/><V42/><F47/><W2/><G2/><T95/><D95/><AGARI ba="1,0" hai="25,26,27,56,63,66,82,83,90,95,98" m="27727" machi="95" ten="30,2900,0" yaku="8,1,54,1" doraHai="135" who="1" fromWho="0" sc="385,-32,269,32,289,0,57,0" /><INIT seed="1,2,0,2,5,42" ten="353,301,289,57" oya="1" hai0="132,121,50,61,73,55,75,91,36,125,83,92,135" hai1="16,77,99,116,45,21,5,126,115,26,133,79,128" hai2="82,120,84,29,89,72,87,10,58,63,100,46,123" hai3="22,6,117,1,98,76,90,60,32,56,96,18,103"/><U28/><E116/><V122/><F29/><W48/><G32/><T118/><D118/><U74/><E115/><V86/><F72/><W69/><G117/><T17/><D36/><U107/><E74/><V101/><F10/><W2/><G76/><N who="1" m="29258" /><E107/><V114/><F114/><W106/><G69/><T67/><D125/><U93/><E126/><V47/><F89/><W31/><G31/><T41/><D41/><U65/><E128/><V130/><F82/><W25/><G48/><T40/><D40/><U131/><E131/><V62/><F130/><W71/><G71/><N who="0" m="42479" /><D83/><U51/><E133/><N who="0" m="51273" /><D17/><U11/><E65/><V108/><F108/><W64/><G6/><T3/><D3/><U44/><E51/><V38/><F38/><W104/><G90/><T49/><D49/><U59/><E59/><V112/><F112/><W88/><G88/><T119/><D119/><U52/><E52/><N who="2" m="34119" /><F63/><W37/><REACH who="3" step="1"/><G37/><REACH who="3" ten="353,301,289,47" step="2"/><T15/><D50/><U27/><E5/><V78/><F78/><W7/><G7/><T97/><D73/><U12/><E27/><V13/><F123/><W35/><G35/><T39/><D39/><U66/><E66/><V24/><F24/><W124/><G124/><T127/><D75/><U129/><E129/><V9/><F122/><W43/><G43/><T20/><D127/><U80/><E80/><V109/><F120/><W102/><AGARI ba="2,1" hai="1,2,18,22,25,56,60,64,96,98,102,103,104,106" machi="102" ten="30,4000,0" yaku="1,1,0,1,9,1,53,0" doraHai="42" doraHaiUra="113" who="3" fromWho="3" sc="353,-12,301,-22,289,-12,47,56" /><INIT seed="2,0,0,3,1,69" ten="341,279,277,103" oya="2" hai0="26,133,112,83,57,4,68,104,71,98,99,81,77" hai1="103,66,9,111,127,31,25,1,28,115,105,124,135" hai2="125,53,63,108,54,33,35,109,7,56,94,6,49" hai3="13,60,16,116,32,79,38,132,10,93,20,75,128"/><V36/><F125/><N who="1" m="48201" /><E66/><V84/><F84/><W39/><G116/><T21/><D112/><U0/><E103/><V3/><F94/><W117/><G117/><T130/><D4/><U129/><E105/><V45/><F36/><W73/><G32/><T55/><D133/><U59/><E59/><V30/><F30/><W50/><G132/><T23/><D130/><U121/><E135/><V102/><F102/><W85/><G128/><T11/><D11/><U17/><E129/><V101/><F101/><W14/><G60/><T42/><D42/><U62/><E62/><V2/><F63/><W61/><G61/><T65/><D65/><U82/><E82/><V70/><F56/><W96/><G50/><T58/><D104/><U46/><E46/><V72/><F49/><W106/><G106/><T51/><D51/><U18/><E115/><V12/><F45/><W52/><G52/><T118/><D118/><U120/><E111/><V90/><F72/><W64/><G64/><T76/><D55/><U24/><E28/><V29/><F29/><W43/><G85/><T95/><D95/><U40/><E40/><V134/><F134/><W5/><G43/><T122/><D83/><U86/><E86/><V87/><F87/><W89/><REACH who="3" step="1"/><G79/><REACH who="3" ten="341,279,277,93" step="2"/><T19/><D76/><U34/><E34/><V119/><F119/><W37/><AGARI ba="0,1" hai="5,10,13,14,16,20,37,38,39,73,75,89,93,96" machi="37" ten="30,12000,2" yaku="1,1,2,1,0,1,52,3,54,1,53,0" doraHai="69" doraHaiUra="97" who="3" fromWho="3" sc="341,-30,279,-30,277,-60,93,130" /><INIT seed="3,0,0,2,0,29" ten="311,249,217,223" oya="3" hai0="86,71,33,79,81,30,104,44,77,59,130,127,112" hai1="95,91,80,42,75,74,118,21,5,96,10,97,69" hai2="123,98,61,32,27,135,34,39,89,28,46,133,18" hai3="64,76,78,12,53,56,16,126,62,63,82,4,13"/><W3/><G126/><T40/><D71/><U43/><E118/><V134/><F123/><W54/><G3/><T31/><D104/><U129/><E69/><V121/><F121/><W84/><G76/><T26/><D127/><U108/><E108/><V66/><F18/><W58/><G4/><T2/><D2/><U45/><E43/><N who="2" m="22911" /><F98/><W65/><G12/><T94/><D31/><U8/><E129/><V132/><F132/><W55/><G54/><T17/><D130/><U19/><E97/><V83/><F83/><W119/><G119/><T15/><D94/><U6/><E80/><V52/><F89/><W23/><AGARI ba="0,0" hai="13,16,23,53,55,56,58,62,63,64,65,78,82,84" machi="23" ten="20,12000,1" yaku="0,1,7,1,9,1,8,1,54,1" doraHai="29" who="3" fromWho="3" sc="311,-40,249,-40,217,-40,223,120" /><INIT seed="3,1,0,2,2,32" ten="271,209,177,343" oya="3" hai0="82,109,93,101,113,83,38,21,105,72,37,117,0" hai1="92,94,80,1,20,12,36,6,89,122,66,40,47" hai2="17,88,124,107,56,98,42,123,118,76,71,70,14" hai3="114,2,35,106,110,28,86,18,85,23,120,64,63"/><W95/><G114/><T102/><D21/><U103/><E122/><V61/><F118/><W90/><G120/><T96/><D117/><U13/><E66/><V57/><F123/><W25/><G106/><T4/><D109/><U126/><E126/><V60/><F124/><W79/><G110/><T22/><D113/><U8/><E103/><V49/><F76/><W50/><G50/><T27/><D102/><U30/><E12/><V65/><F42/><W10/><G79/><T9/><D105/><U115/><E115/><V133/><F49/><W3/><G85/><T52/><D52/><U130/><E130/><V73/><F73/><W44/><G44/><T132/><D132/><U62/><E62/><V16/><F133/><W53/><G53/><T127/><D127/><U131/><E131/><V11/><F17/><W119/><G10/><T15/><D15/><U81/><E94/><V116/><F116/><W31/><G119/><T41/><D41/><U69/><E69/><V68/><F107/><W111/><G111/><T129/><D129/><U46/><E46/><V97/><REACH who="2" step="1"/><F88/><REACH who="2" ten="271,209,167,343" step="2"/><W108/><G108/><T34/><D72/><U125/><E125/><V29/><F29/><W48/><G48/><T58/><D101/><U51/><E51/><V7/><F7/><W112/><G112/><T19/><D19/><N who="1" m="10351" /><E30/><N who="3" m="11306" /><G35/><T33/><D34/><U100/><E100/><V84/><F84/><W99/><G86/><T128/><D33/><U134/><E134/><V104/><F104/><W77/><G77/><T75/><D75/><U67/><E40/><V59/><F59/><N who="3" m="36991" /><G18/><T43/><D43/><RYUUKYOKU ba="1,1" sc="271,-15,209,-15,167,15,343,15" hai2="11,14,16,56,57,60,61,65,68,70,71,97,98" hai3="2,3,23,25,90,95,99" /><INIT seed="3,2,1,3,4,18" ten="256,194,182,358" oya="3" hai0="73,115,64,91,83,71,79,17,38,61,62,15,107" hai1="50,127,44,89,88,33,47,42,131,40,43,101,16" hai2="75,46,35,9,65,5,49,78,98,23,77,21,52" hai3="108,51,106,102,81,25,130,120,41,22,29,54,111"/><W119/><G119/><T6/><D38/><U121/><E121/><V63/><F35/><W19/><G120/><T57/><D107/><U34/><E101/><V1/><F98/><W118/><G118/><T69/><D115/><U56/><E127/><V10/><F10/><W104/><G41/><T28/><D6/><U113/><E113/><V14/><F1/><W135/><G135/><T13/><D28/><U53/><E131/><V95/><F95/><W114/><G114/><T20/><D91/><N who="1" m="34891" /><E34/><V93/><F93/><W128/><G81/><T0/><D0/><U30/><E30/><V66/><F75/><W103/><G29/><T32/><D32/><U112/><E33/><V26/><F26/><W125/><G125/><T12/><REACH who="0" step="1"/><D71/><REACH who="0" ten="246,194,182,358" step="2"/><U74/><E112/><V133/><F133/><W94/><G104/><T82/><D82/><U123/><E123/><V76/><REACH who="2" step="1"/><F66/><AGARI ba="2,2" hai="12,13,15,17,20,57,61,62,64,66,69,73,79,83" machi="66" ten="30,3900,0" yaku="1,1,7,1,52,1,53,0" doraHai="18" doraHaiUra="68" who="0" fromWho="2" sc="246,65,194,0,182,-45,358,0" /><INIT seed="4,0,0,2,2,36" ten="311,194,137,358" oya="0" hai0="33,98,23,117,51,119,102,60,9,69,84,120,97" hai1="4,30,16,77,83,131,99,53,1,58,42,32,127" hai2="71,38,26,8,44,80,114,108,118,18,61,88,112" hai3="85,41,5,46,111,81,122,109,7,35,6,10,70"/><T75/><D75/><U25/><E127/><V93/><F108/><W45/><G70/><T121/><D23/><U39/><E131/><V56/><F71/><W49/><G35/><T47/><D33/><U28/><E28/><V74/><F118/><W17/><G122/><T73/><D73/><U55/><E99/><V96/><F80/><W135/><G135/><T126/><D126/><U78/><E78/><V3/><F74/><W90/><G17/><T130/><D130/><U65/><E65/><V132/><F132/><W64/><G64/><T87/><D119/><U57/><E57/><V15/><F3/><W22/><G22/><T34/><D34/><U79/><E79/><V0/><F0/><W50/><REACH who="3" step="1"/><G10/><REACH who="3" ten="311,194,137,348" step="2"/><T104/><D117/><U37/><E32/><V14/><F26/><W63/><G63/><T134/><D134/><U103/><E16/><V62/><F62/><W89/><G89/><T123/><D9/><U21/><E21/><V31/><F31/><W66/><G66/><T128/><D128/><U107/><E30/><V19/><F19/><W113/><G113/><T67/><REACH who="0" step="1"/><D97/><REACH who="0" ten="301,194,137,348" step="2"/><U94/><E25/><V115/><F8/><W125/><G125/><T105/><D105/><U59/><E107/><V54/><F18/><W72/><G72/><T27/><D27/><U40/><E4/><V100/><F100/><W29/><G29/><T95/><D95/><U92/><E103/><V124/><F124/><W86/><G86/><T101/><D101/><U11/><E94/><V68/><F68/><W20/><G20/><T133/><D133/><U76/><E92/><RYUUKYOKU ba="0,2" sc="301,10,194,-30,137,10,348,10" hai0="47,51,60,67,69,84,87,98,102,104,120,121,123" hai2="14,15,38,44,54,56,61,88,93,96,112,114,115" hai3="5,6,7,41,45,46,49,50,81,85,90,109,111" /><INIT seed="4,1,2,5,2,77" ten="311,164,147,358" oya="0" hai0="91,44,109,66,104,38,12,31,89,34,85,101,49" hai1="113,95,102,78,79,134,15,119,27,131,47,69,88" hai2="135,72,64,42,62,99,126,36,8,87,30,0,108" hai3="115,45,84,20,129,81,103,39,14,75,35,16,116"/><T105/><D38/><U60/><E119/><V51/><F108/><W94/><G116/><T65/><D109/><U86/><E102/><V56/><F72/><W125/><G35/><T3/><D3/><U11/><E131/><V96/><F135/><W48/><G39/><T133/><D133/><U76/><E134/><V40/><F126/><W52/><G115/><T6/><D34/><U130/><E130/><V55/><F30/><W7/><G129/><T100/><D31/><U18/><E113/><V17/><F87/><W127/><G75/><T29/><D29/><U57/><E69/><V80/><F80/><W120/><G120/><T46/><D105/><U24/><REACH who="1" step="1"/><E47/><REACH who="1" ten="311,154,147,358" step="2"/><V68/><F42/><W117/><G117/><T61/><D44/><U32/><E32/><V92/><F92/><W5/><G103/><T33/><D33/><U25/><E25/><V9/><F0/><W122/><G94/><T50/><D100/><U23/><E23/><V28/><F28/><W97/><G122/><T123/><D123/><U114/><E114/><V22/><F22/><W70/><G70/><T107/><D101/><U110/><E110/><V111/><F111/><W98/><G125/><T21/><D21/><U74/><E74/><V112/><F112/><W121/><G127/><T13/><D107/><U118/><E118/><V43/><F43/><W4/><G121/><T10/><D46/><U124/><E124/><V73/><F73/><W41/><G41/><T19/><D104/><U53/><AGARI ba="1,3" hai="11,15,18,24,27,53,57,60,76,78,79,86,88,95" machi="53" ten="30,7900,0" yaku="1,1,0,1,8,1,54,1,53,0" doraHai="77" doraHaiUra="63" who="1" fromWho="1" sc="311,-40,154,112,147,-21,358,-21" /><INIT seed="5,0,0,3,0,62" ten="271,266,126,337" oya="1" hai0="93,122,116,130,73,88,71,101,90,23,55,75,58" hai1="3,10,49,5,124,41,132,118,79,112,110,39,74" hai2="72,117,45,37,24,108,8,65,84,15,69,89,27" hai3="68,111,25,114,85,99,98,48,97,126,107,86,19"/><U63/><E118/><V109/><F72/><W0/><G111/><T13/><D71/><U91/><E110/><V20/><F117/><W42/><G107/><T47/><D116/><U113/><E124/><V133/><F133/><W54/><G0/><T105/><D105/><U50/><E91/><V33/><F33/><W102/><G102/><T29/><D130/><U131/><E131/><V16/><F37/><W51/><G68/><T82/><D122/><U134/><E63/><V129/><F129/><W21/><G114/><N who="1" m="44138" /><E39/><V38/><F38/><W7/><G7/><T60/><D101/><U96/><E96/><V59/><F69/><W31/><G31/><T30/><D82/><N who="1" m="45431" /><E41/><V104/><F109/><W95/><G95/><T32/><D75/><U125/><E125/><V35/><F104/><W6/><G126/><T1/><D73/><U70/><E70/><V120/><F108/><W119/><G119/><T135/><D135/><AGARI ba="0,0" hai="3,5,10,49,50,132,134,135" m="45431,44138" machi="135" ten="30,2900,0" yaku="20,1,15,1" doraHai="62" who="1" fromWho="0" sc="271,-29,266,29,126,0,337,0" /><INIT seed="5,1,0,4,1,12" ten="242,295,126,337" oya="1" hai0="116,55,24,72,76,63,128,49,123,62,93,7,54" hai1="42,41,57,52,6,124,112,125,10,29,53,131,95" hai2="30,16,82,102,113,98,4,25,121,130,23,0,129" hai3="117,60,69,61,5,39,44,65,17,108,77,133,122"/><U132/><E29/><V31/><F121/><W20/><G108/><T135/><D7/><U8/><E112/><V87/><F113/><W115/><G115/><T88/><D116/><U73/><E73/><V91/><F4/><W90/><G122/><T26/><D123/><U70/><E70/><V86/><F0/><W45/><G39/><T35/><D135/><U58/><E132/><V84/><F84/><W79/><G5/><T71/><D128/><N who="2" m="49258" /><F87/><W47/><G117/><T111/><D111/><U118/><E131/><V68/><F68/><W83/><G61/><T106/><D106/><AGARI ba="1,0" hai="16,23,25,30,31,82,86,91,98,102,106" m="49258" machi="106" ten="30,3900,0" yaku="19,1,52,1,54,1" doraHai="12" who="2" fromWho="0" sc="242,-42,295,0,126,42,337,0" /><INIT seed="6,0,0,5,1,101" ten="200,295,168,337" oya="2" hai0="21,74,16,102,56,35,45,63,94,31,37,46,73" hai1="125,100,1,22,13,92,122,18,83,72,112,55,36" hai2="25,115,119,111,67,60,116,17,82,52,38,133,42" hai3="3,121,6,66,8,10,33,7,78,62,113,41,34"/><V70/><F115/><W47/><G78/><T130/><D130/><U81/><E1/><V105/><F105/><W2/><G121/><T49/><D35/><U51/><E36/><V5/><F5/><W127/><G127/><T86/><D31/><U27/><E125/><V103/><F103/><W114/><G114/><T128/><D128/><U43/><E43/><V91/><F133/><W29/><G29/><T123/><D37/><U32/><E72/><V106/><F106/><W131/><G131/><T93/><D123/><U89/><E100/><V126/><F126/><W54/><G54/><T97/><D93/><U69/><E69/><V95/><F82/><W118/><G118/><T134/><D86/><N who="1" m="52279" /><E122/><V117/><F111/><W129/><G129/><T20/><D20/><N who="1" m="11343" /><E32/><V40/><F38/><N who="3" m="21943" /><G113/><T44/><D134/><U135/><E135/><V14/><F25/><W88/><G88/><T4/><D4/><U110/><E110/><V39/><F39/><W30/><G30/><T11/><D11/><U87/><E87/><V12/><F52/><W59/><G59/><T99/><D99/><U104/><E104/><V79/><F79/><W61/><G61/><T65/><REACH who="0" step="1"/><D49/><REACH who="0" ten="190,295,168,337" step="2"/><U48/><E51/><V77/><F77/><W23/><G23/><T80/><D80/><U84/><E112/><V58/><F70/><N who="3" m="42327" /><G34/><T9/><D9/><U68/><E68/><V108/><F108/><W75/><G33/><T15/><AGARI ba="0,1" hai="15,16,21,44,45,46,56,63,65,73,74,94,97,102" machi="15" ten="30,4000,0" yaku="1,1,0,1,54,1,53,0" doraHai="101" doraHaiUra="76" who="0" fromWho="0" sc="190,50,295,-10,168,-20,337,-10" /><INIT seed="7,0,0,0,1,111" ten="240,285,148,327" oya="3" hai0="65,35,134,72,95,45,115,120,5,15,26,106,83" hai1="93,77,23,94,97,96,131,114,132,127,32,41,91" hai2="86,116,66,61,2,59,54,112,87,51,55,78,90" hai3="53,99,102,105,44,42,89,7,60,125,39,107,17"/><W37/><G125/><T76/><D106/><U70/><E32/><V85/><F116/><W108/><G108/><T82/><D120/><U40/><E70/><V10/><F2/><W67/><G53/><T4/><D134/><U47/><E132/><V124/><F124/><W68/><G7/><T24/><D65/><U46/><E127/><V0/><F0/><W123/><G123/><T133/><D133/><U69/><E69/><V130/><F130/><W113/><G105/><T73/><D95/><U8/><E8/><V62/><F78/><W29/><G37/><T33/><D45/><U27/><E77/><V80/><F112/><W11/><G113/><T1/><D76/><U110/><E114/><V63/><F66/><W31/><G89/><T117/><D115/><U14/><E14/><V64/><F64/><W30/><G17/><T34/><D34/><U16/><E110/><V52/><F55/><W74/><G11/><T71/><D1/><U57/><E131/><V88/><F10/><W43/><G43/><T119/><D15/><U129/><E129/><V81/><F87/><W104/><G74/><T56/><D56/><U20/><E57/><V36/><REACH who="2" step="1"/><F36/><REACH who="2" ten="240,285,138,327" step="2"/><W19/><G39/><T28/><D119/><U100/><E40/><V121/><F121/><W49/><G42/><T75/><D117/><U12/><E41/><V135/><F135/><W50/><G67/><T101/><D73/><U103/><E91/><V3/><F3/><W48/><G68/><T25/><D71/><U38/><E38/><V58/><AGARI ba="0,1" hai="51,52,54,58,59,61,62,63,80,81,85,86,88,90" machi="58" ten="20,16000,3" yaku="1,1,0,1,7,1,9,1,8,1,54,2,53,2" doraHai="111" doraHaiUra="79" who="2" fromWho="2" sc="240,-40,285,-40,138,170,327,-80" owari="200,-30.0,245,-15.0,308,40.0,247,5.0" /></mjloggm>