<mjloggm ver="2.3"><GO type="169" lobby="0"/><UN n0="%E3%83%9E%E3%83%AB%E3%83%92%E3%83%AD" n1="%E3%82%A6%E3%83%AB%E3%83%88%E3%83%A9%E7%AB%8B%E7%9B%B4" n2="%4B%2D%63" n3="%E3%83%88%E3%83%83%E3%83%89" dan="16,17,16,16" rate="2106.55,2224.79,2127.30,2083.00" sx="M,M,M,M"/><TAIKYOKU oya="0"/><INIT seed="0,0,0,0,2,99" ten="250,250,250,250" oya="0" hai0="59,135,68,85,102,66,20,88,80,45,98,117,132" hai1="40,101,120,4,52,116,44,104,54,46,5,67,42" hai2="131,17,122,124,79,76,123,74,53,1,43,55,24" hai3="64,18,6,113,77,112,23,129,105,25,16,29,19"/><T63/><D117/><U69/><E120/><V3/><F24/><N who="3" m="16543" /><G105/><T111/><D20/><U127/><E104/><V84/><F43/><W41/><G41/><N who="1" m="15978" /><E69/><V60/><F74/><W56/><G77/><T71/><D45/><N who="1" m="17515" /><E116/><V134/><F84/><W97/><G97/><T30/><D30/><U37/><E37/><V7/><F3/><W32/><G56/><T96/><D96/><U118/><E118/><V50/><F1/><W9/><G64/><T72/><D72/><U15/><E67/><V22/><F55/><N who="1" m="21033" /><E127/><V93/><F124/><W126/><G126/><T26/><D26/><U114/><E114/><V81/><F122/><W110/><G113/><T82/><D111/><U109/><E109/><V95/><F53/><W13/><G110/><T38/><D38/><U94/><E15/><V91/><F123/><W0/><G112/><T57/><D71/><U8/><E8/><V47/><F47/><W128/><G0/><T90/><D59/><U21/><E21/><V115/><F22/><W31/><AGARI ba="0,0" hai="6,9,13,16,18,19,25,31,32,128,129" m="16543" machi="31" ten="30,4000,0" yaku="34,2,54,1" doraHai="99" who="3" fromWho="3" sc="250,-20,250,-10,250,-10,250,40" /><INIT seed="1,0,0,5,1,93" ten="230,240,240,290" oya="1" hai0="2,50,106,75,43,36,16,49,5,58,74,0,41" hai1="130,72,95,11,94,67,63,121,12,61,89,34,91" hai2="79,59,42,96,135,92,84,100,60,56,10,52,87" hai3="17,54,76,7,88,108,28,27,112,23,70,38,114"/><U103/><E34/><V53/><F135/><W134/><G134/><T127/><D127/><U39/><E39/><V31/><F42/><W98/><G108/><T48/><D106/><U128/><E72/><V101/><F31/><W82/><G38/><T6/><D58/><U40/><E40/><N who="0" m="15433" /><D36/><U97/><E121/><V120/><F120/><W115/><G70/><T15/><D15/><U77/><E77/><V57/><F57/><W122/><G122/><T30/><D30/><U124/><E124/><V105/><F105/><W37/><G37/><T104/><D16/><N who="1" m="8223" /><E67/><V62/><F100/><W29/><G7/><N who="0" m="2571" /><D104/><U133/><E133/><V116/><F116/><W46/><G46/><T78/><D78/><U44/><E44/><V55/><F10/><W65/><G65/><T47/><D47/><U33/><E33/><V22/><F55/><W109/><G54/><T102/><D102/><U118/><E103/><V129/><F129/><N who="1" m="49769" /><E118/><V90/><F79/><W20/><G109/><T19/><D19/><U73/><E73/><AGARI ba="0,0" hai="0,2,48,49,50,73,74,75" m="2571,15433" machi="73" ten="40,2600,0" yaku="28,2" doraHai="93" who="0" fromWho="1" sc="230,26,240,-26,240,0,290,0" /><INIT seed="2,0,0,0,0,105" ten="256,214,240,290" oya="2" hai0="65,132,24,81,32,9,116,33,78,104,126,124,69" hai1="76,57,128,0,55,38,77,119,50,40,88,72,8" hai2="92,17,5,30,73,52,20,123,115,26,74,106,66" hai3="102,120,22,43,91,80,134,85,79,70,99,35,10"/><V110/><F106/><W97/><G120/><T131/><D104/><U63/><E119/><V96/><F115/><W53/><G35/><T3/><D116/><U84/><E128/><V129/><F123/><W28/><G134/><T87/><D131/><U95/><E38/><V42/><F129/><W48/><G70/><T62/><D132/><U71/><E72/><V19/><F66/><W56/><G43/><T11/><D11/><U101/><E101/><V1/><F42/><W49/><G10/><T86/><D86/><U45/><REACH who="1" step="1"/><E71/><REACH who="1" ten="256,204,240,290" step="2"/><V12/><F110/><W125/><G102/><T135/><D69/><U113/><E113/><V111/><F111/><W67/><G125/><T94/><D135/><U23/><E23/><V51/><F1/><W18/><G22/><T130/><D3/><U107/><E107/><V47/><F5/><AGARI ba="0,1" hai="0,5,8,40,45,50,55,57,63,76,77,84,88,95" machi="5" ten="40,2600,0" yaku="1,1,54,1,53,0" doraHai="105" doraHaiUra="109" who="1" fromWho="2" sc="256,0,204,36,240,-26,290,0" /><INIT seed="3,0,0,2,2,35" ten="256,240,214,290" oya="3" hai0="19,113,64,49,120,46,18,54,129,44,89,80,94" hai1="50,5,101,105,42,114,27,41,15,125,9,77,69" hai2="12,133,29,123,67,26,56,112,85,98,128,96,115" hai3="130,109,51,60,107,11,100,118,63,116,7,93,55"/><W132/><G107/><T10/><D129/><U122/><E69/><V87/><F128/><W124/><G130/><T16/><D120/><U86/><E122/><V111/><F123/><W135/><G124/><T3/><D113/><U66/><E66/><V17/><F133/><N who="3" m="51275" /><G109/><T58/><D80/><U117/><E114/><V61/><F111/><W28/><G28/><T103/><D103/><U110/><E110/><V34/><F115/><W14/><G93/><T57/><D58/><U39/><E39/><V30/><F30/><W37/><G37/><T24/><D24/><U21/><E101/><V70/><F112/><W8/><G100/><T90/><D64/><U88/><E105/><V32/><F32/><W78/><G78/><T71/><D71/><U79/><E125/><V1/><F56/><N who="3" m="32895" /><G11/><T2/><D10/><U53/><E79/><V131/><F131/><W33/><G33/><T38/><D90/><U31/><E77/><V48/><F48/><W62/><AGARI ba="0,0" hai="7,8,14,60,62,63,116,118" m="32895,51275" machi="62" ten="30,1500,0" yaku="20,1" doraHai="35" who="3" fromWho="3" sc="256,-5,240,-5,214,-5,290,15" /><INIT seed="3,1,0,5,0,96" ten="251,235,209,305" oya="3" hai0="71,36,109,41,34,112,124,7,133,6,86,37,11" hai1="106,91,102,66,79,1,29,80,132,120,111,77,43" hai2="10,14,15,116,27,119,58,93,4,135,82,63,65" hai3="107,128,83,67,16,88,121,73,117,46,23,75,60"/><W22/><G117/><T62/><D109/><U108/><E1/><V114/><F135/><W9/><G121/><T78/><D34/><U20/><E43/><V40/><F114/><W8/><G128/><T84/><D133/><U59/><E120/><V70/><F40/><W17/><G107/><T38/><D41/><U12/><E91/><V61/><F82/><W97/><G73/><T45/><D45/><U104/><E132/><V131/><F131/><W49/><G75/><T39/><D38/><U5/><E5/><V57/><F70/><W103/><G23/><T2/><D7/><U122/><E122/><V101/><F15/><W99/><G17/><T125/><D112/><U52/><E66/><V74/><F74/><W87/><G8/><T134/><D78/><U76/><E80/><V31/><F58/><N who="3" m="37271" /><G103/><T69/><D134/><U105/><E102/><V24/><F63/><W56/><G9/><T126/><REACH who="0" step="1"/><D62/><REACH who="0" ten="241,235,209,305" step="2"/><U90/><E111/><V13/><F119/><W21/><G46/><T48/><D48/><U55/><E108/><V51/><F116/><W113/><G113/><T44/><D44/><U98/><E77/><V50/><F51/><W81/><G49/><T118/><D118/><U130/><E76/><V94/><F50/><W129/><G129/><T18/><D18/><U95/><E79/><V100/><F61/><W32/><G32/><T42/><D42/><U26/><E130/><V68/><F4/><W53/><G16/><T47/><D47/><U85/><E55/><V30/><F30/><W35/><G53/><T3/><D3/><U72/><E52/><RYUUKYOKU ba="1,1" sc="241,30,235,-10,209,-10,305,-10" hai0="2,6,11,36,37,39,69,71,84,86,124,125,126" /><INIT seed="4,2,1,5,1,115" ten="271,225,199,295" oya="0" hai0="76,49,10,122,20,1,116,38,125,105,32,61,87" hai1="96,134,85,73,95,83,48,15,135,69,66,81,84" hai2="13,91,77,123,18,59,2,43,16,8,131,7,114" hai3="29,24,53,50,44,62,97,57,82,102,51,31,27"/><T133/><D38/><U71/><E73/><V127/><F77/><W80/><G24/><T26/><D122/><U54/><E15/><V11/><F43/><W113/><G113/><T106/><D32/><U111/><E111/><V93/><F114/><W126/><G126/><T33/><D33/><U118/><E118/><V92/><F127/><W0/><G0/><T128/><D125/><U63/><E71/><V94/><F123/><W34/><G31/><T110/><D110/><U28/><E28/><V46/><F131/><W9/><G9/><T12/><D116/><U22/><E22/><V74/><F74/><W132/><G51/><T101/><D133/><N who="1" m="50699" /><E83/><V72/><F72/><W14/><G14/><T65/><D1/><U99/><E81/><V78/><F78/><W129/><G129/><T124/><D76/><U41/><E41/><V107/><F107/><W21/><G34/><T4/><D49/><U3/><E99/><V70/><F70/><W100/><G132/><T86/><D128/><U17/><E17/><V88/><F46/><W121/><G121/><T42/><D42/><U104/><E104/><V6/><REACH who="2" step="1"/><F59/><REACH who="2" ten="271,225,189,295" step="2"/><W103/><REACH who="3" step="1"/><G97/><REACH who="3" ten="271,225,189,285" step="2"/><T56/><D124/><U47/><E3/><V52/><F52/><AGARI ba="2,3" hai="21,27,29,44,50,52,53,57,62,80,82,100,102,103" machi="52" ten="40,12000,2" yaku="1,1,2,1,8,1,54,1,53,2" doraHai="115" doraHaiUra="79" who="3" fromWho="2" sc="271,0,225,0,189,-126,285,156" /><INIT seed="5,0,0,5,4,90" ten="271,225,63,441" oya="1" hai0="112,79,127,91,39,41,40,46,10,117,135,126,76" hai1="17,36,104,35,103,98,89,47,88,54,110,74,33" hai2="14,20,134,48,16,114,60,22,118,21,56,57,70" hai3="27,122,68,6,23,125,24,59,133,111,105,49,65"/><U123/><E123/><V0/><F0/><W113/><G111/><T2/><D112/><U52/><E74/><V66/><F118/><W4/><G122/><T83/><D135/><U43/><E110/><V85/><F134/><W75/><G113/><T38/><D117/><U100/><E100/><V7/><F7/><W102/><G133/><T55/><D55/><U42/><E42/><V97/><F114/><W120/><G75/><N who="0" m="43423" /><D91/><U109/><E109/><V71/><F71/><W119/><G119/><T53/><D53/><U26/><E35/><V12/><F97/><W128/><G125/><T9/><D79/><U93/><E89/><V62/><F85/><W15/><G128/><T73/><D73/><U96/><REACH who="1" step="1"/><E17/><REACH who="1" ten="271,215,63,441" step="2"/><V107/><F107/><W18/><G102/><T99/><D41/><U32/><E32/><V11/><F70/><W101/><G105/><T50/><D40/><U5/><E5/><N who="2" m="3183" /><F48/><W124/><G49/><T108/><D50/><U19/><E19/><V45/><F45/><W129/><G18/><T37/><D46/><U1/><E1/><V115/><F115/><W80/><G101/><T25/><D108/><U51/><E51/><V64/><AGARI ba="0,1" hai="14,16,20,21,22,56,57,60,62,64,66" m="3183" machi="64" ten="30,2000,0" yaku="8,1,54,1" doraHai="90" who="2" fromWho="2" sc="271,-5,215,-10,63,30,441,-5" /><INIT seed="6,0,0,5,0,93" ten="266,205,93,436" oya="2" hai0="31,3,104,7,72,75,130,107,86,88,45,1,61" hai1="133,127,134,49,17,135,101,28,83,56,116,33,85" hai2="95,5,53,74,115,90,76,77,84,40,126,132,50" hai3="119,112,9,106,114,66,47,65,91,35,55,105,100"/><V24/><F126/><W18/><G119/><T71/><D31/><U125/><E116/><V121/><F121/><W129/><G35/><T34/><D34/><U10/><E101/><V20/><F132/><W118/><G118/><T58/><D71/><U87/><E28/><V37/><F115/><N who="3" m="44075" /><G129/><T63/><D45/><U97/><E33/><V46/><F74/><W89/><G18/><T2/><D7/><U32/><E32/><V57/><REACH who="2" step="1"/><F5/><REACH who="2" ten="266,205,83,436" step="2"/><W94/><G106/><T14/><D75/><U36/><E127/><V109/><F109/><W12/><G105/><T30/><D72/><U41/><E125/><V73/><F73/><W68/><G68/><T23/><D107/><U38/><E135/><V122/><F122/><W98/><G66/><T51/><D104/><U48/><E134/><V4/><F4/><N who="3" m="3111" /><G65/><T29/><D130/><U131/><E133/><V15/><F15/><W11/><G11/><T113/><D14/><U60/><E131/><V108/><F108/><W102/><G102/><T81/><D113/><U80/><E10/><V39/><F39/><W128/><G128/><T79/><D3/><U26/><E36/><V78/><F78/><W111/><G111/><T120/><D79/><U43/><E38/><V44/><F44/><W62/><G47/><T25/><D120/><U0/><E0/><V21/><F21/><W123/><G123/><T22/><D2/><U99/><E26/><V64/><F64/><W82/><G100/><T13/><D1/><U103/><E103/><V69/><F69/><W117/><G117/><T110/><D110/><U92/><E56/><RYUUKYOKU ba="0,1" sc="266,-10,205,-10,83,30,436,-10" hai2="20,24,37,40,46,50,53,57,76,77,84,90,95" /><INIT seed="6,1,1,3,5,127" ten="256,195,113,426" oya="2" hai0="55,123,109,35,69,27,107,46,18,8,86,23,73" hai1="37,10,71,50,6,84,119,97,103,26,88,67,33" hai2="108,51,65,75,94,78,11,129,130,3,38,34,57" hai3="81,72,13,54,120,102,113,64,56,68,30,98,96"/><V36/><F34/><W2/><G120/><T128/><D109/><U44/><E37/><V85/><F108/><W59/><G2/><T126/><D73/><U16/><E119/><V115/><F75/><W111/><G111/><T92/><D107/><U125/><E125/><V95/><F115/><W4/><G68/><T15/><D69/><U112/><E112/><V61/><F94/><W82/><G30/><T47/><D123/><U43/><E67/><V90/><F78/><W53/><G64/><T40/><D35/><U105/><E71/><V31/><F31/><W21/><G72/><T110/><D40/><U134/><E134/><V49/><F38/><W116/><G116/><T45/><D110/><U117/><E117/><V1/><F36/><W52/><G113/><T5/><D128/><N who="2" m="49258" /><F3/><W80/><G102/><T74/><D74/><U19/><E33/><V39/><F39/><W17/><G4/><AGARI ba="1,1" hai="1,4,11,49,51,57,61,65,85,90,95" m="49258" machi="4" ten="30,11600,0" yaku="19,1,52,3" doraHai="127" who="2" fromWho="3" sc="256,0,195,0,113,129,426,-119" /><INIT seed="6,2,0,4,4,118" ten="256,195,242,307" oya="2" hai0="49,55,124,31,50,111,47,35,119,73,2,38,3" hai1="96,70,80,91,108,34,28,127,107,134,17,78,43" hai2="114,18,44,4,128,102,131,99,135,33,46,21,37" hai3="121,81,93,23,98,133,79,16,110,84,76,101,14"/><V87/><F33/><W69/><G69/><T45/><D111/><U32/><E108/><V39/><F4/><W63/><G110/><T24/><D73/><U72/><E127/><V54/><F135/><W5/><G133/><T122/><D124/><U77/><E77/><V36/><F114/><W112/><G121/><T12/><D122/><U88/><E134/><V59/><F87/><W68/><G112/><T41/><D119/><U13/><E43/><V113/><F113/><W51/><G51/><T8/><D38/><U89/><E70/><V29/><F29/><W82/><G5/><AGARI ba="2,0" hai="2,3,5,8,12,24,31,35,41,45,47,49,50,55" machi="5" ten="30,1000,0" yaku="7,1" doraHai="118" who="0" fromWho="3" sc="256,16,195,0,242,0,307,-16" /><INIT seed="7,0,0,3,4,96" ten="272,195,242,291" oya="3" hai0="46,39,54,121,135,98,9,124,81,85,109,104,99" hai1="62,114,130,111,84,108,97,64,134,29,32,92,131" hai2="90,28,73,22,72,30,101,106,3,15,112,115,33" hai3="132,74,125,77,117,86,123,24,14,126,1,53,71"/><W40/><G1/><T133/><D39/><U38/><E38/><V45/><F3/><W5/><G117/><T51/><D109/><U48/><E84/><V26/><F45/><W63/><G123/><T65/><D121/><U110/><E48/><V57/><F57/><W91/><G132/><T120/><D120/><U119/><E134/><V36/><F36/><W44/><G74/><T41/><D124/><N who="3" m="47721" /><G77/><T35/><D35/><U23/><E32/><V56/><F56/><N who="3" m="35215" /><G24/><T49/><D133/><U89/><E114/><V88/><F15/><W10/><G71/><T21/><D104/><U37/><E37/><V43/><F73/><W66/><G66/><T68/><D65/><U59/><REACH who="1" step="1"/><E119/><REACH who="1" ten="272,185,242,291" step="2"/><V103/><F72/><W122/><G122/><T50/><D50/><U129/><E129/><V116/><F116/><W42/><G44/><T8/><D135/><U34/><E34/><V78/><F33/><W58/><G58/><T128/><D128/><U61/><E61/><V27/><F78/><W12/><G12/><T67/><D51/><U69/><E69/><V100/><F106/><W7/><G7/><T55/><D68/><U80/><E80/><AGARI ba="0,1" hai="5,10,14,40,42,80,86,91" m="35215,47721" machi="80" ten="30,1500,0" yaku="18,1" doraHai="96" who="3" fromWho="1" sc="272,0,185,-15,242,0,291,25" owari="272,7.0,170,-33.0,242,-16.0,316,42.0" /></mjloggm>