<mjloggm ver="2.3"><GO type="169" lobby="0"/><UN n0="%43%2E%43%2E%E3%82%B5%E3%83%90%E3%82%B7%E3%82%A2" n1="%E3%83%88%E3%83%88%E3%83%AA%E5%85%88%E7%94%9F%31%39%E6%AD%B3" n2="%E7%AB%8B%E8%8F%AF%E5%A5%8F" n3="%E5%92%B2%E7%95%91%E6%A2%A8%E6%B7%B1" dan="16,18,16,16" rate="2098.28,2294.89,2131.39,2119.12" sx="F,F,F,F"/><TAIKYOKU oya="0"/><INIT seed="0,0,0,3,5,79" ten="250,250,250,250" oya="0" hai0="77,83,108,18,100,80,86,134,65,36,47,124,105" hai1="43,127,51,30,16,20,4,61,3,135,130,9,110" hai2="29,95,90,22,53,56,5,2,91,125,129,78,48" hai3="19,104,126,0,120,118,1,35,82,71,52,94,67"/><T21/><D134/><U93/><E135/><V59/><F125/><W99/><G104/><T8/><D124/><U33/><E127/><V131/><F78/><W50/><G35/><T89/><D108/><U84/><E110/><V113/><F113/><W107/><G107/><T70/><D105/><U42/><E130/><N who="2" m="49675" /><F56/><W88/><G118/><T87/><D100/><U25/><E51/><V6/><F2/><W133/><G133/><T26/><D70/><U10/><E10/><V40/><F40/><W44/><G126/><T64/><REACH who="0" step="1"/><D8/><REACH who="0" ten="240,250,250,250" step="2"/><U13/><E61/><V54/><F54/><W31/><G71/><T116/><D116/><U102/><E102/><V55/><F55/><W114/><G114/><T117/><D117/><U121/><E121/><V58/><F58/><W98/><G120/><T128/><D128/><U12/><E12/><V81/><F59/><W17/><G0/><T73/><D73/><U28/><E28/><V92/><F53/><W37/><G1/><T112/><D112/><U115/><E115/><V122/><F29/><W72/><G31/><T15/><D15/><U23/><E23/><V75/><F22/><W63/><G72/><T97/><D97/><U45/><E45/><V111/><F111/><W7/><G98/><T76/><D76/><U24/><E24/><V85/><F122/><W62/><G99/><T27/><D27/><U106/><E106/><V41/><F41/><AGARI ba="0,1" hai="18,21,26,36,41,47,64,65,77,80,83,86,87,89" machi="41" ten="40,12000,1" yaku="1,1,52,2,53,1" doraHai="79" doraHaiUra="74" who="0" fromWho="2" sc="240,130,250,0,250,-120,250,0" /><INIT seed="0,1,0,5,2,132" ten="370,250,130,250" oya="0" hai0="12,134,119,37,129,124,4,39,59,69,29,6,11" hai1="13,21,105,23,96,41,115,49,5,17,24,113,65" hai2="30,46,95,130,89,93,94,35,116,71,83,84,102" hai3="61,97,66,85,34,86,122,74,92,40,19,90,45"/><T73/><D69/><U109/><E109/><V43/><F71/><W112/><G112/><N who="1" m="43082" /><E65/><V52/><F116/><W25/><G74/><T77/><D119/><U135/><E135/><V108/><F108/><W67/><G122/><T101/><D134/><U7/><E41/><V120/><F120/><W50/><G34/><T18/><D29/><N who="1" m="17567" /><E49/><V104/><F130/><W114/><G114/><T125/><D129/><U106/><E96/><V10/><F10/><W15/><G25/><T128/><D128/><U79/><E79/><V56/><F104/><AGARI ba="1,0" hai="5,7,13,17,21,104,105,106" m="17567,43082" machi="104" ten="30,1000,0" yaku="11,1" doraHai="132" who="1" fromWho="2" sc="370,0,250,13,130,-13,250,0" /><INIT seed="1,0,0,4,5,23" ten="370,263,117,250" oya="1" hai0="132,4,70,98,104,53,6,17,52,47,62,1,34" hai1="37,14,123,134,130,78,24,109,83,27,119,102,19" hai2="21,10,95,38,114,120,106,59,43,88,127,71,45" hai3="118,18,113,7,89,2,64,124,29,51,50,129,9"/><U41/><E119/><V8/><F120/><W97/><G118/><T117/><D117/><U101/><E123/><V0/><F71/><W94/><G113/><T57/><D70/><U87/><E37/><V72/><F106/><W112/><G112/><T74/><D74/><U36/><E36/><V111/><F111/><W42/><G129/><T30/><D1/><U46/><E130/><V33/><F33/><W13/><G124/><T110/><D110/><U55/><E109/><V49/><F114/><W86/><G64/><T25/><D132/><U107/><E134/><V28/><F72/><W3/><G29/><T15/><D98/><U100/><E107/><V131/><F127/><W133/><G133/><T58/><D47/><U63/><E41/><V48/><F131/><W56/><G42/><T22/><REACH who="0" step="1"/><D104/><REACH who="0" ten="360,263,117,250" step="2"/><U65/><E46/><V5/><F38/><W122/><G2/><T93/><D93/><U75/><E75/><V16/><F28/><W26/><G122/><T35/><D35/><U128/><E128/><V84/><F0/><W126/><G3/><T68/><D68/><U116/><E116/><V79/><F79/><W121/><G121/><T76/><D76/><U61/><E55/><N who="2" m="32231" /><F5/><W91/><G126/><T11/><D11/><N who="1" m="6623" /><E65/><V44/><F44/><W40/><G56/><T105/><D105/><U32/><E32/><V90/><F90/><W20/><G40/><T82/><D82/><AGARI ba="0,1" hai="7,9,13,18,20,26,50,51,82,86,89,91,94,97" machi="82" ten="30,3900,0" yaku="7,1,8,1,52,1" doraHai="23" who="3" fromWho="0" sc="360,-39,263,0,117,0,250,49" /><INIT seed="2,0,0,0,1,15" ten="321,263,117,299" oya="2" hai0="43,31,6,59,97,79,44,80,128,94,107,121,72" hai1="132,109,93,131,54,9,126,100,47,129,53,116,87" hai2="17,39,27,7,120,76,103,127,122,45,14,40,2" hai3="36,106,117,135,11,62,102,81,30,25,50,19,91"/><V41/><F127/><W125/><G125/><T63/><D121/><U133/><E126/><V33/><F103/><W123/><G123/><T64/><D128/><N who="1" m="49227" /><E116/><V10/><F40/><W71/><G36/><T68/><D6/><U0/><E109/><V70/><F70/><W111/><G111/><T118/><D118/><U8/><E47/><V29/><REACH who="2" step="1"/><F76/><REACH who="2" ten="321,263,107,299" step="2"/><W86/><G102/><T1/><D68/><U77/><E100/><V23/><AGARI ba="0,1" hai="2,7,10,14,17,23,27,29,33,39,41,45,120,122" machi="23" ten="20,18000,2" yaku="1,1,2,1,0,1,7,1,24,2,52,1,53,0" doraHai="15" doraHaiUra="113" who="2" fromWho="2" sc="321,-60,263,-60,107,190,299,-60" /><INIT seed="2,1,0,4,5,117" ten="261,203,297,239" oya="2" hai0="69,44,24,66,113,90,68,42,128,134,34,127,35" hai1="6,86,77,54,10,9,50,64,32,135,48,49,88" hai2="63,59,85,79,114,102,12,125,19,23,101,30,4" hai3="75,81,106,129,14,18,22,121,40,94,110,87,116"/><V5/><F114/><W0/><G116/><T97/><D113/><U41/><E32/><V27/><F125/><W39/><G106/><T46/><D127/><U1/><E135/><V119/><F119/><W16/><G0/><T45/><D134/><U57/><E77/><V15/><F79/><W43/><G110/><T47/><D128/><U78/><E78/><V133/><F133/><W13/><G75/><T74/><D74/><U25/><E41/><V8/><F85/><W33/><G33/><T103/><D90/><U80/><E25/><V104/><F104/><W82/><G129/><T60/><D68/><U58/><REACH who="1" step="1"/><E10/><REACH who="1" ten="261,193,297,239" step="2"/><V107/><F107/><W99/><G39/><T71/><D24/><U115/><E115/><V11/><REACH who="2" step="1"/><F30/><REACH who="2" ten="261,193,287,239" step="2"/><W98/><G87/><T29/><D29/><U131/><E131/><V70/><F70/><W111/><G111/><T93/><REACH who="0" step="1"/><D71/><REACH who="0" ten="251,193,287,239" step="2"/><U83/><E83/><V122/><F122/><W92/><REACH who="3" step="1"/><G121/><REACH who="3" ten="251,193,287,229" step="2"/><RYUUKYOKU type="reach4" ba="1,4" sc="251,0,193,0,287,0,229,0" hai0="34,35,42,44,45,46,47,60,66,69,93,97,103" hai1="1,6,9,48,49,50,54,57,58,64,80,86,88" hai2="4,5,8,11,12,15,19,23,27,59,63,101,102" hai3="13,14,16,18,22,40,43,81,82,92,94,98,99" /><INIT seed="2,2,4,1,5,2" ten="251,193,287,229" oya="2" hai0="56,47,67,93,44,78,102,105,92,106,117,32,3" hai1="11,64,111,94,27,125,62,71,91,14,28,130,5" hai2="72,7,38,18,110,50,52,135,121,122,116,132,124" hai3="84,60,75,119,99,36,15,114,96,58,109,53,97"/><V23/><F72/><W10/><G119/><T6/><D32/><U104/><E104/><V81/><F116/><W54/><G75/><T79/><D117/><U70/><E111/><V113/><F113/><W42/><G109/><T31/><D31/><U21/><E130/><V73/><F110/><W34/><G34/><T129/><D129/><U133/><E133/><N who="2" m="51275" /><F38/><W41/><G114/><T100/><D105/><U33/><E125/><V12/><F124/><W4/><G36/><T22/><D22/><U35/><REACH who="1" step="1"/><E71/><REACH who="1" ten="251,183,287,229" step="2"/><V61/><F122/><W49/><REACH who="3" step="1"/><G84/><AGARI ba="2,5" hai="5,11,14,21,27,28,33,35,62,64,70,84,91,94" machi="84" ten="30,8000,1" yaku="1,1,2,1,7,1,52,1,53,1" doraHai="2" doraHaiUra="90" who="1" fromWho="3" sc="251,0,183,136,287,0,229,-86" /><INIT seed="3,0,0,4,4,131" ten="251,319,287,143" oya="3" hai0="20,37,116,133,101,80,14,108,6,107,34,104,117" hai1="28,106,29,103,21,92,0,38,123,7,111,113,74" hai2="44,70,63,105,115,24,32,35,132,62,39,86,3" hai3="16,122,84,129,120,51,42,64,85,19,17,88,26"/><W11/><G129/><T61/><D34/><U55/><E113/><V1/><F115/><W58/><G120/><T124/><D37/><U12/><E123/><V89/><F105/><W82/><G122/><T78/><D124/><U48/><E74/><V45/><F70/><W71/><G71/><T13/><D107/><U110/><E38/><V75/><F75/><W66/><G26/><T57/><D108/><N who="1" m="41515" /><E0/><V33/><F24/><W95/><G11/><T4/><D104/><U87/><E106/><V83/><F39/><W109/><G109/><T73/><D101/><U91/><E103/><V59/><F59/><W15/><G15/><T25/><D116/><U102/><E102/><V52/><F52/><N who="3" m="32031" /><G42/><T47/><D47/><N who="1" m="28063" /><E21/><V96/><F1/><W77/><AGARI ba="0,0" hai="16,17,19,64,66,77,82,84,85,88,95" m="32031" machi="77" ten="30,11700,0" yaku="8,1,54,3" doraHai="131" who="3" fromWho="3" sc="251,-39,319,-39,287,-39,143,117" /><INIT seed="3,1,0,1,2,127" ten="212,280,248,260" oya="3" hai0="35,106,12,96,112,120,63,109,53,13,69,125,101" hai1="89,135,129,67,95,1,59,80,110,71,68,27,132" hai2="15,10,103,75,100,66,21,70,65,72,118,93,17" hai3="31,20,126,6,119,22,5,47,99,79,7,3,46"/><W24/><G126/><T32/><D120/><U33/><E1/><V56/><F118/><W58/><G119/><T74/><D74/><U124/><E124/><V11/><F70/><W85/><G99/><T8/><D125/><U81/><E110/><V97/><F103/><W102/><G102/><T50/><D109/><U108/><E108/><V37/><F37/><W40/><G3/><T76/><D76/><U52/><E33/><V62/><F65/><W34/><G58/><T18/><D112/><U25/><E67/><V61/><F61/><W73/><G73/><T48/><D48/><U133/><E129/><V107/><F107/><W55/><G55/><T134/><D134/><U113/><E113/><V111/><F111/><W121/><G121/><T42/><D42/><U23/><E71/><V78/><F78/><W123/><G123/><T87/><D87/><N who="1" m="52671" /><E68/><V77/><F77/><W122/><G122/><T0/><D0/><U16/><E27/><V26/><REACH who="2" step="1"/><F10/><REACH who="2" ten="212,280,238,260" step="2"/><W19/><G79/><T104/><D104/><U86/><E86/><V130/><F130/><W57/><G85/><T54/><D69/><U2/><E2/><V131/><F131/><W51/><G34/><T92/><D106/><U105/><E105/><V44/><F44/><N who="3" m="25991" /><G57/><N who="0" m="35255" /><D32/><U94/><E135/><V115/><F115/><W98/><G98/><T114/><D35/><U117/><E117/><V30/><AGARI ba="1,1" hai="11,15,17,21,26,30,56,62,66,72,75,93,97,100" machi="30" ten="20,12000,2" yaku="1,1,0,1,7,1,25,2,53,1" doraHai="127" doraHaiUra="14" who="2" fromWho="2" sc="212,-31,280,-31,238,133,260,-61" /><INIT seed="4,0,0,1,0,87" ten="181,249,371,199" oya="0" hai0="52,83,33,105,75,64,29,0,109,42,72,50,74" hai1="49,96,115,124,39,113,133,57,62,34,118,135,8" hai2="22,40,20,71,92,131,112,132,98,12,69,108,103" hai3="7,85,28,31,65,116,56,53,55,58,2,54,123"/><T93/><D105/><U38/><E34/><V43/><F108/><W14/><G116/><T4/><D109/><U30/><E30/><V17/><F131/><W15/><G123/><T89/><D64/><N who="1" m="38991" /><E8/><V106/><F112/><N who="1" m="43081" /><E96/><V60/><F132/><N who="1" m="50761" /><E118/><V35/><F35/><W41/><G2/><T68/><D68/><U21/><E21/><V128/><F69/><W25/><G7/><T125/><D125/><U45/><E124/><V37/><F128/><W1/><G1/><T44/><D29/><U130/><E130/><V78/><F78/><W59/><G28/><T95/><D33/><U48/><E48/><V127/><F127/><W13/><G31/><T16/><D16/><U23/><E23/><V86/><F20/><W46/><G25/><T26/><D26/><U121/><E121/><V134/><F134/><W111/><G111/><T97/><D95/><U81/><E81/><V84/><F106/><W10/><G10/><T73/><D73/><U9/><E9/><V100/><F100/><W114/><G114/><T117/><D117/><U6/><E6/><V67/><F86/><W24/><G24/><T76/><REACH who="0" step="1"/><D42/><AGARI ba="0,0" hai="38,39,42,45,49" m="50761,43081,38991" machi="42" ten="30,8000,1" yaku="15,1,11,1,20,1,34,2" doraHai="87" who="1" fromWho="0" sc="181,-80,249,80,371,0,199,0" /><INIT seed="5,0,0,4,1,37" ten="101,329,371,199" oya="1" hai0="92,6,64,30,60,105,81,108,86,20,74,63,4" hai1="76,13,83,82,102,41,90,21,40,58,72,100,46" hai2="85,62,99,84,18,66,25,124,5,45,70,122,57" hai3="52,15,53,67,23,125,71,16,94,0,11,2,89"/><U118/><E118/><V26/><F122/><W135/><G135/><T127/><D105/><U97/><E58/><V109/><F109/><W36/><G36/><T29/><D108/><U112/><E112/><V131/><F131/><W39/><G39/><T133/><D133/><U104/><E46/><V8/><F124/><W95/><G125/><T12/><D127/><U113/><E113/><V106/><F70/><W121/><G121/><T3/><D3/><U42/><E104/><V38/><F106/><W9/><G71/><T56/><D74/><U48/><E48/><V126/><F99/><W88/><G67/><T65/><D92/><N who="1" m="56471" /><E72/><V69/><F69/><W96/><G0/><T61/><D56/><U115/><E115/><V22/><F126/><W129/><G129/><T19/><D64/><U28/><E76/><V17/><F38/><W123/><G123/><T10/><D65/><U128/><E128/><V32/><F45/><W98/><G2/><T114/><D114/><U77/><E77/><V55/><F66/><W34/><G34/><T1/><REACH who="0" step="1"/><D6/><REACH who="0" ten="91,329,371,199" step="2"/><U31/><E82/><V93/><F5/><W80/><G80/><T33/><D33/><U117/><E83/><V110/><F32/><W107/><G107/><T134/><D134/><U54/><E117/><V120/><F110/><W14/><G23/><T119/><D119/><U101/><E54/><V44/><F120/><W27/><G27/><T50/><D50/><U7/><E21/><V43/><F93/><W24/><G24/><T111/><D111/><U68/><E68/><V51/><F25/><W103/><G103/><RYUUKYOKU ba="0,1" sc="91,0,329,0,371,0,199,0" hai0="1,4,10,12,19,20,29,30,60,61,63,81,86" hai1="7,13,28,31,40,41,42,100,101,102" hai2="8,17,18,22,26,43,44,51,55,57,62,84,85" hai3="9,11,14,15,16,52,53,88,89,94,95,96,98" /><INIT seed="5,1,1,5,1,14" ten="91,329,371,199" oya="1" hai0="127,91,132,31,10,105,101,82,107,93,51,134,100" hai1="57,33,36,113,117,15,90,5,49,4,7,61,32" hai2="16,37,65,48,129,22,87,102,111,124,125,84,50" hai3="47,25,74,79,20,58,18,118,64,45,85,53,106"/><U133/><E117/><V69/><F37/><W24/><G118/><T110/><D31/><U78/><E36/><V43/><F111/><W97/><G74/><T66/><D66/><U0/><E0/><V104/><F129/><W63/><G106/><N who="0" m="40459" /><D51/><U77/><E113/><V44/><F50/><W59/><G97/><N who="0" m="57535" /><D10/><U88/><E133/><N who="0" m="51305" /><D110/><U130/><E130/><V81/><F65/><W21/><G79/><N who="1" m="30218" /><E33/><V119/><F69/><W42/><G85/><T109/><D109/><U75/><E75/><V35/><F35/><W76/><G76/><T41/><D41/><U120/><E32/><V103/><F119/><W112/><G112/><T94/><D127/><N who="2" m="48714" /><F104/><W11/><G11/><T52/><D52/><N who="1" m="33959" /><E120/><V26/><F81/><W83/><G83/><T34/><D34/><U67/><E67/><V115/><F115/><W126/><G126/><T29/><D29/><U46/><E15/><V89/><F43/><AGARI ba="1,1" hai="4,5,7,43,46,49,88,90" m="33959,30218" machi="43" ten="30,5800,0" yaku="8,1,54,2" doraHai="14" who="1" fromWho="2" sc="91,0,329,71,371,-61,199,0" /><INIT seed="5,2,0,4,4,23" ten="91,400,310,199" oya="1" hai0="65,39,87,131,133,45,109,42,41,111,56,68,113" hai1="44,86,33,40,43,93,15,126,61,48,53,97,134" hai2="119,3,90,74,117,58,84,94,95,63,2,38,98" hai3="105,22,66,135,34,104,8,101,108,37,112,59,20"/><U36/><E134/><V28/><F38/><W96/><G135/><T70/><D133/><U50/><E33/><V17/><F74/><W130/><G34/><T52/><D87/><U16/><E126/><V27/><F17/><W29/><G37/><T129/><D42/><N who="1" m="24599" /><E61/><V46/><F46/><W30/><G108/><N who="0" m="41547" /><D113/><U89/><E97/><V102/><F2/><W99/><G112/><T79/><D79/><U69/><E69/><N who="0" m="26729" /><D65/><U75/><E75/><V132/><F3/><W1/><G1/><T60/><AGARI ba="2,0" hai="39,41,45,52,56,60,129,131" m="26729,41547" machi="60" ten="40,5200,0" yaku="34,2,54,1" doraHai="23" who="0" fromWho="0" sc="91,58,400,-28,310,-15,199,-15" /><INIT seed="6,0,0,5,3,105" ten="149,372,295,184" oya="2" hai0="76,41,58,27,62,80,32,16,21,104,94,133,116" hai1="72,95,6,13,97,130,37,4,100,55,42,126,30" hai2="71,51,31,108,128,38,74,103,107,17,114,46,99" hai3="66,49,135,54,91,82,18,25,73,24,123,90,77"/><V92/><F71/><W118/><G118/><T85/><D133/><U113/><E130/><V12/><F38/><W59/><G135/><T84/><D104/><U112/><E126/><V61/><F128/><W44/><G123/><T65/><D116/><U106/><E72/><V134/><F134/><W98/><G98/><T53/><D32/><U63/><E30/><V52/><F108/><W39/><G39/><T124/><D124/><U109/><E109/><V9/><F114/><N who="1" m="44137" /><E106/><V120/><F120/><W102/><G102/><T56/><D41/><U7/><E55/><V78/><F31/><W57/><G57/><T88/><D58/><U69/><E42/><V119/><F119/><W83/><G83/><T89/><D76/><U10/><E37/><V22/><F61/><W110/><G110/><T45/><D45/><U132/><E132/><V70/><F70/><W64/><G64/><AGARI ba="0,0" hai="16,21,27,53,56,62,64,65,80,84,85,88,89,94" machi="64" ten="40,5200,0" yaku="8,1,54,2" doraHai="105" who="0" fromWho="3" sc="149,52,372,0,295,0,184,-52" /><AGARI ba="0,0" hai="4,6,7,10,13,63,64,69,95,97,100" m="44137" machi="64" ten="30,1000,0" yaku="15,1" doraHai="105" who="1" fromWho="3" sc="201,0,372,10,295,0,132,-10" /><INIT seed="7,0,0,2,5,106" ten="201,382,295,122" oya="3" hai0="114,23,104,103,70,10,33,42,43,22,46,134,9" hai1="45,97,28,63,117,66,123,126,86,52,0,88,83" hai2="94,87,57,125,91,93,113,108,124,107,50,74,67" hai3="110,37,112,18,55,30,122,119,47,121,7,85,71"/><W90/><G119/><T95/><D104/><U77/><E123/><V111/><F67/><W29/><G71/><T59/><D33/><U69/><E0/><V98/><F57/><W61/><G7/><T100/><D59/><N who="1" m="37247" /><E126/><N who="2" m="48747" /><F50/><W1/><G1/><T116/><D22/><U4/><E117/><V51/><F51/><N who="3" m="29183" /><G37/><T34/><D100/><U76/><E69/><V3/><F3/><W32/><G32/><T53/><D53/><U99/><E4/><V109/><F107/><W72/><G72/><T2/><D95/><U92/><E28/><N who="3" m="10858" /><G110/><T96/><D96/><N who="1" m="36939" /><E92/><V36/><F36/><W115/><G61/><T17/><D17/><U101/><E101/><N who="2" m="60623" /><F74/><W68/><G68/><T16/><D23/><U130/><E45/><V8/><F8/><N who="0" m="3178" /><D2/><U60/><E60/><V65/><F65/><W128/><G128/><T58/><D16/><U79/><E130/><V127/><N who="2" m="48755" /><V135/><DORA hai="41" /><F135/><W120/><G18/><T26/><D70/><U5/><E5/><V6/><F6/><W12/><G12/><T56/><D116/><U31/><E31/><V64/><F64/><W131/><G131/><T14/><D14/><U80/><E52/><V132/><F132/><W21/><G21/><T73/><D73/><U129/><E129/><V40/><F40/><N who="0" m="15402" /><D134/><U118/><E118/><V78/><F78/><W75/><G75/><T19/><D19/><U39/><E39/><V35/><F35/><W13/><G13/><T82/><D34/><U102/><E102/><V20/><F20/><W89/><G85/><T25/><D103/><U48/><E48/><V81/><F81/><RYUUKYOKU ba="0,0" sc="201,-30,382,10,295,10,122,10" hai1="76,77,79,80,83,86,88" hai2="87,91,94,108,109,111,113" hai3="89,90,112,115,120,121,122" /><INIT seed="7,1,0,2,1,10" ten="171,392,305,132" oya="3" hai0="60,18,79,128,126,88,96,51,99,71,34,103,113" hai1="110,77,66,122,90,98,129,17,115,78,134,94,80" hai2="59,6,19,39,125,50,9,118,32,45,63,127,121" hai3="57,85,123,36,124,40,33,13,25,61,1,3,22"/><W67/><G123/><T30/><D79/><U4/><E110/><V49/><F32/><W106/><G124/><N who="2" m="47689" /><F19/><W44/><G106/><N who="0" m="63847" /><D126/><U11/><E122/><V2/><F118/><W64/><G64/><N who="0" m="41351" /><D51/><U100/><E115/><V135/><F121/><W43/><G43/><T117/><D18/><U108/><E108/><V83/><F83/><W20/><G33/><T93/><D128/><U130/><E134/><V16/><F135/><W102/><G102/><T54/><D54/><U41/><E17/><V72/><F72/><W84/><G20/><T107/><D107/><U111/><E111/><V24/><F39/><W55/><G55/><T26/><D113/><U28/><E28/><V114/><F114/><W56/><G56/><T91/><D91/><U14/><E66/><N who="2" m="39295" /><F45/><W37/><G37/><T52/><D52/><U97/><E41/><V65/><F65/><W21/><G21/><AGARI ba="1,0" hai="2,6,9,16,21,24,49,50" m="39295,47689" machi="21" ten="30,2000,0" yaku="18,1,54,1" doraHai="10" who="2" fromWho="3" sc="171,0,392,0,305,23,132,-23" owari="171,-23.0,392,49.0,328,13.0,109,-39.0" /></mjloggm>