<mjloggm ver="2.3"><GO type="169" lobby="0"/><UN n0="%E3%82%A6%E3%83%AB%E3%83%88%E3%83%A9%E7%AB%8B%E7%9B%B4" n1="%E5%A4%A9%E7%85%A7" n2="%E6%8C%AF%E3%82%8A%E8%BE%BC%E3%81%BF%31%30%30%25" n3="%E3%81%92%E3%81%A3%E3%81%A1" dan="16,16,16,17" rate="2130.18,2109.84,2026.73,2156.29" sx="M,M,F,M"/><TAIKYOKU oya="0"/><INIT seed="0,0,0,0,4,24" ten="250,250,250,250" oya="0" hai0="29,120,90,98,19,20,9,40,115,116,132,4,23" hai1="1,46,123,71,87,10,60,54,21,33,109,78,67" hai2="77,56,0,3,119,124,100,16,118,70,52,99,51" hai3="108,129,92,32,7,94,17,105,127,55,44,62,81"/><T6/><D120/><U63/><E33/><V74/><F124/><W53/><G105/><T22/><D116/><N who="2" m="44586" /><F70/><W134/><G32/><T8/><D115/><U103/><E103/><V75/><F16/><W91/><G127/><T84/><D40/><U13/><E1/><N who="2" m="587" /><F77/><W86/><G7/><N who="0" m="2603" /><D98/><U133/><E21/><N who="0" m="8297" /><D132/><U68/><E133/><V93/><AGARI ba="0,0" hai="51,52,56,74,75,93,99,100" m="587,44586" machi="93" ten="30,2000,0" yaku="12,1,54,1" doraHai="24" who="2" fromWho="2" sc="250,-10,250,-5,250,20,250,-5" /><INIT seed="1,0,0,5,1,7" ten="240,245,270,245" oya="1" hai0="75,25,17,47,6,123,36,46,100,34,115,117,120" hai1="43,41,119,131,3,77,68,29,108,71,122,16,55" hai2="102,62,93,0,42,58,40,128,15,126,83,8,121" hai3="1,61,84,132,35,65,5,32,98,9,129,86,112"/><U107/><E107/><V135/><F121/><N who="0" m="46666" /><D75/><U14/><E3/><V95/><F0/><W20/><G112/><T39/><D115/><U105/><E105/><V45/><F126/><W88/><G132/><T91/><D6/><U74/><E122/><V44/><F128/><W52/><G129/><T79/><D79/><U82/><E131/><V38/><F83/><W31/><G20/><T51/><D100/><U67/><E29/><V133/><F102/><W103/><G31/><N who="0" m="19823" /><D117/><U30/><E30/><V124/><F124/><W125/><G125/><T104/><D104/><U109/><E119/><V81/><F81/><W33/><G103/><T11/><D91/><U54/><E54/><V23/><F135/><W2/><G52/><N who="0" m="29815" /><D47/><U116/><E116/><V101/><F101/><W114/><G1/><T70/><D70/><N who="1" m="26667" /><E55/><V127/><F127/><W90/><G114/><T89/><D89/><U92/><E67/><V60/><F133/><W69/><REACH who="3" step="1"/><G90/><REACH who="3" ten="240,245,270,235" step="2"/><T59/><D59/><U56/><E56/><V76/><F58/><W118/><G118/><T113/><D113/><U24/><E24/><V13/><F62/><W53/><G53/><T80/><D80/><U130/><E130/><V50/><F60/><W18/><G18/><T12/><AGARI ba="0,1" hai="11,12,17,36,39" m="29815,19823,46666" machi="12" ten="30,4000,0" yaku="13,1,52,1,54,1" doraHai="7" who="0" fromWho="0" sc="240,50,245,-20,270,-10,235,-10" /><INIT seed="2,0,0,1,0,116" ten="290,225,260,225" oya="2" hai0="31,57,96,71,44,103,73,66,35,130,22,62,114" hai1="4,21,106,89,1,107,135,97,45,11,18,129,128" hai2="60,83,84,23,24,101,5,132,33,126,32,70,85" hai3="121,52,125,34,112,6,75,115,98,15,14,30,26"/><V117/><F117/><W37/><G37/><T65/><D73/><U48/><E135/><V63/><F132/><W46/><G75/><T61/><D22/><U72/><E72/><V43/><F126/><W82/><G82/><T76/><D76/><U51/><E51/><V47/><F5/><W69/><G69/><T8/><D8/><U74/><E74/><V28/><F101/><W9/><G98/><T12/><D12/><U78/><E78/><V122/><F122/><W105/><G105/><T38/><D130/><N who="1" m="50283" /><E89/><V25/><F70/><W50/><G125/><T0/><D0/><U133/><E97/><V99/><F99/><W29/><G29/><T113/><D44/><U13/><E133/><V110/><F110/><W40/><G40/><AGARI ba="0,0" hai="1,4,11,13,18,21,40,45,48,106,107" m="50283" machi="40" ten="30,1000,0" yaku="19,1" doraHai="116" who="1" fromWho="3" sc="290,0,225,10,260,0,225,-10" /><INIT seed="3,0,0,3,2,105" ten="290,235,260,215" oya="3" hai0="107,22,28,26,15,118,92,74,53,94,33,84,35" hai1="21,61,4,32,39,123,116,38,59,69,113,27,30" hai2="34,79,23,25,101,83,97,88,127,31,51,72,18" hai3="81,98,96,37,135,132,128,41,114,10,71,7,67"/><W16/><G114/><T52/><D107/><U68/><E113/><V56/><F127/><W78/><G128/><T73/><D118/><U77/><E123/><V80/><F51/><W109/><G67/><T110/><D110/><U58/><E116/><V29/><F56/><W87/><G71/><T82/><D15/><U112/><E112/><V95/><F34/><N who="0" m="12810" /><D84/><U89/><E32/><V100/><REACH who="2" step="1"/><F80/><REACH who="2" ten="290,235,250,215" step="2"/><W91/><G109/><T75/><D82/><U108/><E69/><V129/><F129/><W49/><G49/><T47/><D47/><U45/><E68/><V131/><F131/><W122/><G122/><T14/><D22/><U86/><E45/><V121/><F121/><W115/><G115/><T133/><D133/><U12/><E108/><V134/><F134/><W0/><G135/><T48/><D48/><U99/><E39/><V11/><F11/><W102/><G132/><T13/><D26/><U2/><E38/><V125/><F125/><W103/><G37/><T106/><D106/><U64/><E59/><V62/><F62/><W65/><G10/><T50/><D50/><U19/><E58/><V20/><F20/><W42/><G81/><T57/><D57/><U5/><E61/><V93/><F93/><W55/><G65/><T126/><D126/><U124/><E64/><V117/><F117/><W54/><G54/><T1/><D92/><U24/><E124/><V119/><F119/><W17/><G55/><T46/><D52/><U44/><E44/><V63/><F63/><W40/><G40/><T3/><D53/><U8/><E8/><V60/><F60/><RYUUKYOKU ba="0,1" sc="290,-10,235,-10,250,30,215,-10" hai2="18,23,25,29,31,72,79,83,88,95,97,100,101" /><INIT seed="4,1,1,1,4,129" ten="280,225,280,205" oya="0" hai0="127,99,10,40,132,30,65,81,26,0,18,120,104" hai1="74,25,20,116,28,54,70,53,2,32,68,128,11" hai2="98,90,35,6,108,101,87,45,58,47,115,89,38" hai3="31,94,82,112,66,42,13,103,100,83,51,34,133"/><T1/><D40/><U91/><E128/><V67/><F108/><W37/><G37/><T69/><D81/><U4/><E74/><V106/><F35/><W109/><G109/><T97/><D97/><U23/><E116/><V102/><F102/><W123/><G66/><T114/><D114/><U105/><E105/><V130/><F130/><W49/><G112/><T84/><D84/><U124/><E91/><V79/><F115/><W86/><G13/><N who="0" m="7479" /><D120/><U72/><E72/><V119/><F119/><W21/><G94/><T14/><D127/><U5/><E5/><V107/><F107/><W131/><G131/><T27/><D27/><U56/><E54/><V118/><F6/><W80/><G86/><T43/><D43/><U121/><E124/><V88/><F118/><W62/><G42/><T16/><D132/><U76/><E76/><V52/><F67/><W39/><G133/><T60/><D14/><U73/><E73/><V22/><F38/><W41/><G39/><T64/><D64/><U95/><E95/><V75/><F75/><W19/><G41/><T55/><D55/><U17/><E121/><V71/><F71/><W110/><G123/><T126/><D126/><U77/><E77/><V122/><F122/><W29/><G100/><N who="0" m="62495" /><D16/><U135/><E135/><V46/><F79/><W24/><G103/><T63/><D63/><U12/><REACH who="1" step="1"/><E23/><REACH who="1" ten="280,215,280,205" step="2"/><V113/><F113/><W61/><G110/><T134/><D134/><U78/><E78/><V92/><F22/><W3/><G21/><T9/><D9/><U85/><E85/><V36/><F36/><W44/><G83/><RYUUKYOKU ba="1,2" sc="280,10,215,10,280,10,205,-30" hai0="0,1,26,30,60,65,69" hai1="2,4,11,12,17,20,25,28,32,53,56,68,70" hai2="45,46,47,52,58,87,88,89,90,92,98,101,106" /><INIT seed="4,2,2,0,2,113" ten="290,225,290,175" oya="0" hai0="84,54,124,117,132,2,85,90,61,69,19,109,93" hai1="127,57,116,88,104,86,133,35,75,23,47,53,76" hai2="64,25,58,67,102,118,3,83,72,34,87,112,82" hai3="20,30,70,105,31,17,79,22,99,66,68,7,78"/><T92/><D2/><U38/><E35/><V14/><F3/><W42/><G42/><T37/><D37/><U131/><E104/><V32/><F112/><W130/><G7/><T80/><D69/><U97/><E38/><V77/><F102/><W60/><G70/><T10/><D117/><U56/><E116/><V11/><F118/><W114/><G114/><T55/><D124/><U96/><E127/><V24/><F34/><W74/><G130/><T111/><D132/><U106/><E133/><V36/><F36/><W129/><G129/><T46/><D61/><U15/><E131/><V1/><F1/><W94/><G105/><T100/><D100/><U9/><E106/><V108/><F108/><N who="0" m="41546" /><D46/><U115/><E115/><V16/><F58/><N who="1" m="22633" /><E75/><V27/><REACH who="2" step="1"/><F32/><REACH who="2" ten="290,225,280,175" step="2"/><W89/><G74/><T71/><D71/><U26/><E47/><V39/><F39/><W50/><G68/><T119/><D119/><U126/><E126/><V128/><F128/><W107/><G107/><T134/><D134/><U123/><E123/><V103/><F103/><W98/><G60/><T121/><D121/><U52/><E53/><N who="0" m="19977" /><D85/><U29/><E52/><V6/><F6/><W13/><G99/><T28/><D28/><U5/><E97/><V91/><AGARI ba="2,3" hai="11,14,16,24,25,27,64,67,72,77,82,83,87,91" machi="91" ten="30,12000,2" yaku="1,1,0,1,54,1,53,3" doraHai="113" doraHaiUra="21" who="2" fromWho="2" sc="290,-62,225,-32,280,156,175,-32" /><INIT seed="5,0,0,2,3,19" ten="228,193,436,143" oya="1" hai0="126,116,90,52,49,8,47,83,0,81,120,20,111" hai1="115,70,35,95,9,100,27,65,30,11,12,74,121" hai2="75,64,118,46,94,7,82,132,13,72,23,34,92" hai3="101,105,55,14,104,4,6,42,106,38,10,53,67"/><U43/><E74/><V102/><F34/><W22/><G101/><T71/><D71/><U119/><E121/><V73/><F132/><W3/><G67/><T24/><D111/><U69/><E119/><V79/><F64/><W103/><G103/><T91/><D120/><U108/><E108/><V109/><F109/><W63/><G63/><T112/><D116/><U93/><E115/><V15/><F118/><W25/><G4/><T97/><D112/><U133/><E133/><V17/><F46/><W62/><G3/><T33/><D33/><U130/><E130/><V59/><F59/><W87/><G87/><N who="0" m="50543" /><D0/><U29/><E29/><V77/><F77/><W127/><G127/><T61/><D126/><U51/><E11/><V129/><F129/><W99/><G99/><T56/><D8/><U45/><E100/><V86/><F102/><W124/><G124/><T40/><D97/><U107/><E107/><V54/><F7/><W85/><G85/><N who="0" m="50623" /><D24/><U37/><E37/><V110/><F110/><W18/><REACH who="3" step="1"/><G62/><REACH who="3" ten="228,193,436,133" step="2"/><T89/><D89/><U98/><E98/><V50/><F75/><W135/><G135/><T31/><D61/><U80/><E65/><V26/><F73/><W114/><G114/><T5/><D5/><U123/><E123/><V28/><F72/><W58/><G58/><T60/><D60/><U122/><E122/><V1/><F1/><W2/><G2/><T76/><D56/><U32/><E70/><V66/><F66/><W131/><G131/><T16/><D76/><U68/><E69/><V78/><F78/><W113/><G113/><T21/><D47/><AGARI ba="0,1" hai="6,10,14,18,22,25,38,42,47,53,55,104,105,106" machi="47" ten="40,5200,0" yaku="1,1,6,1,52,1,53,0" doraHai="19" doraHaiUra="117" who="3" fromWho="0" sc="228,-52,193,0,436,0,133,62" /><INIT seed="6,0,0,4,2,82" ten="176,193,436,195" oya="2" hai0="21,38,22,110,4,54,122,124,109,59,135,93,107" hai1="99,77,113,28,75,79,1,11,103,31,97,43,50" hai2="86,131,87,67,73,132,52,37,121,0,39,33,78" hai3="116,83,32,53,128,35,134,65,81,123,91,12,58"/><V61/><F33/><W102/><G116/><T64/><D107/><U89/><E113/><V8/><F121/><W16/><G123/><T5/><D122/><U56/><E75/><V106/><F106/><W69/><G134/><T90/><D38/><U126/><E126/><V42/><F39/><W95/><G102/><T104/><D104/><U17/><E1/><V49/><F131/><W85/><G128/><T117/><D117/><U68/><E68/><V94/><F94/><W19/><G65/><T46/><D110/><U66/><E103/><V6/><F132/><W9/><G69/><T76/><D76/><U114/><E79/><V63/><F63/><W96/><G19/><T3/><D3/><U29/><E77/><V48/><F48/><W7/><G7/><N who="0" m="2635" /><D109/><U84/><E66/><V80/><F49/><W51/><REACH who="3" step="1"/><G83/><REACH who="3" ten="176,193,436,185" step="2"/><T27/><D135/><U36/><E114/><V112/><F112/><W98/><G98/><T71/><D71/><U88/><E99/><V30/><F67/><W44/><G44/><T60/><D124/><U62/><E97/><V18/><F18/><W115/><G115/><T2/><D2/><U55/><E17/><V130/><F130/><W10/><G10/><T118/><D118/><U15/><E11/><V14/><F0/><W129/><G129/><T13/><D13/><U125/><E15/><V105/><F14/><W34/><G34/><T26/><D46/><N who="1" m="25951" /><E125/><V57/><F8/><W127/><G127/><T119/><D119/><U23/><E23/><N who="0" m="8713" /><D64/><U101/><E101/><V24/><F6/><W41/><G41/><T100/><D100/><RYUUKYOKU ba="0,1" sc="176,15,193,-15,436,-15,185,15" hai0="26,27,54,59,60,90,93" hai3="9,12,16,32,35,51,53,58,81,85,91,95,96" /><INIT seed="7,1,1,3,3,116" ten="191,178,421,200" oya="3" hai0="24,26,102,80,62,106,30,107,110,71,96,6,122" hai1="132,51,36,2,21,32,129,118,117,121,9,87,45" hai2="19,40,135,78,112,58,70,57,17,47,97,5,101" hai3="82,3,104,115,23,63,83,103,29,37,11,41,16"/><W4/><G29/><T56/><D110/><U60/><E32/><V105/><F70/><W76/><G115/><T28/><D122/><U108/><E36/><V31/><F5/><W49/><G63/><T18/><D6/><N who="1" m="1239" /><E108/><V59/><F112/><W65/><G65/><N who="0" m="41399" /><D56/><U39/><E39/><V93/><F135/><W66/><G66/><T127/><D18/><U94/><E132/><V50/><F78/><W48/><G83/><T35/><D80/><U73/><E73/><V89/><F31/><W8/><G8/><T114/><D114/><U1/><E1/><V72/><F72/><N who="3" m="43271" /><G104/><N who="0" m="63559" /><D127/><U38/><E38/><V90/><F105/><W133/><G103/><T34/><AGARI ba="1,1" hai="24,26,28,30,34,35,106,107" m="63559,41399" machi="34" ten="30,4000,0" yaku="25,1,33,2" doraHai="116" who="0" fromWho="0" sc="191,53,178,-11,421,-11,200,-21" owari="244,4.0,167,-33.0,410,51.0,179,-22.0" /></mjloggm>