<mjloggm ver="2.3"><GO type="169" lobby="0"/><UN n0="%E3%83%AC%E3%83%90%E3%83%8B%E3%83%A9%E3%83%AC%E3%83%90" n1="%E3%81%86%E3%81%91%E3%81%AA%E3%81%8C%E3%81%99%E3%81%9C" n2="%E3%82%A6%E3%83%AB%E3%83%88%E3%83%A9%E7%AB%8B%E7%9B%B4" n3="%E3%82%B8%E3%83%A3%E3%82%B9%E3%82%BF%E3%82%A6%E3%82%A7%E3%82%A4" dan="16,16,18,17" rate="2015.86,2095.09,2233.63,2226.40" sx="M,F,M,M"/><TAIKYOKU oya="0"/><INIT seed="0,0,0,2,3,114" ten="250,250,250,250" oya="0" hai0="81,19,132,18,83,30,108,96,22,121,52,20,76" hai1="62,69,10,35,37,112,26,8,7,120,32,92,84" hai2="71,48,95,57,41,91,127,3,85,117,68,101,39" hai3="28,46,15,34,79,107,102,94,74,63,58,33,78"/><T93/><D121/><U124/><E120/><V115/><F115/><W53/><G107/><T5/><D132/><U99/><E112/><V67/><F3/><W47/><G74/><T50/><D5/><U80/><E124/><V133/><F127/><W36/><G36/><T116/><D116/><U54/><E10/><V1/><F1/><W89/><G102/><T9/><D9/><U134/><E37/><V111/><F101/><W126/><G126/><T4/><D4/><U17/><E7/><V113/><F113/><W87/><G33/><T12/><D108/><U90/><E69/><V45/><F133/><W31/><G34/><T128/><D30/><N who="3" m="11305" /><G15/><T43/><D43/><U104/><E104/><V88/><F111/><W24/><G24/><T98/><D128/><U110/><E110/><V86/><F117/><W66/><G66/><T40/><D40/><U119/><E119/><V109/><F109/><W122/><G122/><T6/><D6/><U130/><E130/><V51/><F39/><W13/><G13/><N who="0" m="9295" /><D76/><AGARI ba="0,0" hai="46,47,53,58,63,76,78,79,87,89,94" m="11305" machi="76" ten="30,1000,0" yaku="8,1" doraHai="114" who="3" fromWho="0" sc="250,-10,250,0,250,0,250,10" /><INIT seed="1,0,0,5,5,106" ten="240,250,250,260" oya="1" hai0="15,134,2,38,112,65,44,125,91,97,5,64,94" hai1="124,42,30,99,128,126,129,122,111,102,93,34,83" hai2="82,55,114,119,12,69,11,86,53,117,120,121,47" hai3="92,54,0,78,132,35,52,81,100,14,61,77,104"/><U23/><E34/><V116/><F69/><W28/><G0/><T45/><D2/><U73/><E42/><V109/><F53/><W39/><G39/><T103/><D112/><U72/><E122/><V127/><F127/><N who="1" m="48681" /><E83/><V40/><F109/><W10/><G104/><T76/><D125/><U89/><E111/><V123/><F114/><W49/><G132/><T36/><D134/><U68/><E68/><V37/><F55/><W25/><G54/><T32/><D32/><U46/><E46/><V9/><REACH who="2" step="1"/><F12/><REACH who="2" ten="240,250,240,260" step="2"/><W18/><G61/><T66/><D15/><U17/><E30/><V60/><F60/><W24/><G24/><T22/><D36/><U107/><E129/><V108/><F108/><W95/><G52/><T133/><D38/><U85/><E128/><V7/><F7/><W75/><G49/><T74/><D5/><U90/><E90/><AGARI ba="0,1" hai="9,11,37,40,47,82,86,90,116,117,119,120,121,123" machi="90" ten="50,3200,0" yaku="1,1,53,1" doraHai="106" doraHaiUra="41" who="2" fromWho="1" sc="240,0,250,-32,240,42,260,0" /><INIT seed="2,0,0,1,2,13" ten="240,218,282,260" oya="2" hai0="84,69,120,29,16,73,63,19,95,12,99,88,115" hai1="33,122,71,127,133,20,78,87,131,82,5,75,100" hai2="67,56,132,47,108,4,128,77,0,111,76,90,39" hai3="134,110,11,3,116,66,27,7,105,51,23,125,129"/><V8/><F128/><W97/><G116/><T28/><D120/><U92/><E122/><V61/><F132/><W50/><G129/><T107/><D115/><U89/><E131/><V113/><F113/><W30/><G134/><T14/><D107/><U44/><E133/><V26/><F90/><W98/><G125/><T64/><D73/><U25/><E127/><V124/><F124/><W74/><G74/><T57/><D69/><U36/><E71/><V130/><F130/><W106/><G66/><T114/><D114/><U34/><E5/><V48/><F39/><W62/><G62/><T2/><D2/><U79/><E79/><V41/><REACH who="2" step="1"/><F26/><REACH who="2" ten="240,218,272,260" step="2"/><W32/><G27/><T94/><D29/><U117/><E117/><V103/><F103/><W96/><G30/><T135/><D28/><U83/><E100/><V45/><F45/><W38/><G38/><T31/><D31/><U85/><E44/><V119/><F119/><W86/><G32/><T22/><D135/><U42/><E33/><V68/><F68/><W17/><G106/><T10/><D99/><U37/><E25/><V55/><F55/><W123/><G105/><T93/><AGARI ba="0,1" hai="10,12,14,16,19,22,57,63,64,84,88,93,94,95" machi="93" ten="20,12000,2" yaku="0,1,7,1,8,1,52,2,54,2" doraHai="13" who="0" fromWho="0" sc="240,130,218,-30,272,-60,260,-30" /><INIT seed="3,0,0,5,0,73" ten="370,188,212,230" oya="3" hai0="102,24,115,111,17,78,76,89,66,2,25,57,69" hai1="71,9,45,56,72,116,54,39,127,27,3,122,53" hai2="59,0,37,99,87,100,107,32,65,117,98,82,52" hai3="33,94,97,30,103,4,36,114,108,22,67,109,104"/><W118/><G114/><T91/><D2/><U119/><E122/><V70/><F117/><N who="1" m="45129" /><E71/><V18/><F37/><W85/><G118/><T62/><D115/><U101/><E127/><V8/><F32/><W129/><G36/><T63/><D111/><N who="3" m="42569" /><G129/><T42/><D42/><N who="1" m="22751" /><E72/><V105/><F65/><W135/><G135/><T41/><D41/><U120/><E120/><V1/><F70/><W55/><G67/><T130/><D130/><U92/><E27/><N who="0" m="10313" /><D102/><U96/><E56/><V26/><F107/><W50/><G4/><AGARI ba="0,0" hai="3,4,9,53,54,92,96,101" m="22751,45129" machi="4" ten="30,1000,0" yaku="12,1" doraHai="73" who="1" fromWho="3" sc="370,0,188,10,212,0,230,-10" /><INIT seed="4,0,0,2,1,98" ten="370,198,212,220" oya="0" hai0="58,56,67,101,8,125,35,112,83,133,110,27,99" hai1="4,118,114,107,89,46,100,127,69,90,54,82,68" hai2="96,129,36,13,22,91,53,14,103,132,109,111,6" hai3="50,37,11,17,61,80,92,39,25,57,30,16,86"/><T3/><D112/><U106/><E118/><V128/><F36/><W44/><G92/><T116/><D116/><U20/><E114/><V87/><F53/><W31/><G37/><T81/><D110/><N who="2" m="41994" /><F22/><W49/><G39/><T45/><D45/><U102/><E127/><V134/><F13/><N who="3" m="7231" /><G17/><T117/><D125/><U28/><E20/><V74/><F14/><W95/><G95/><T76/><D117/><U84/><E84/><V34/><F34/><W2/><G2/><T97/><D35/><U64/><E54/><V12/><F12/><W131/><G131/><N who="2" m="50249" /><F74/><W7/><G7/><T122/><D8/><U85/><E4/><V23/><F23/><N who="3" m="15679" /><G44/><T70/><D27/><U88/><E46/><V135/><F6/><W104/><G104/><N who="1" m="39978" /><E28/><V1/><F1/><W33/><G31/><T75/><D75/><U123/><E64/><V78/><F135/><W119/><G33/><T66/><D3/><U105/><N who="1" m="39986" /><U108/><DORA hai="41" /><E108/><V52/><F134/><W93/><G93/><T15/><D133/><U124/><E124/><V113/><F132/><W24/><G24/><T126/><D126/><U43/><E43/><V51/><F113/><W79/><G119/><T60/><D67/><AGARI ba="0,0" hai="49,50,57,61,67,79,80,86" m="15679,7231" machi="67" ten="30,2000,0" yaku="8,1,54,1" doraHai="98,41" who="3" fromWho="0" sc="370,-20,198,0,212,0,220,20" /><INIT seed="5,0,0,0,4,132" ten="350,198,212,240" oya="1" hai0="4,60,101,68,80,48,73,57,81,42,117,11,72" hai1="34,2,112,6,116,109,35,125,115,119,22,25,65" hai2="103,64,16,5,100,52,86,87,114,61,76,56,39" hai3="23,24,29,126,84,14,27,124,18,133,94,43,17"/><U78/><E78/><V63/><F39/><W90/><G43/><T46/><D117/><N who="1" m="45131" /><E65/><V47/><F5/><W111/><G111/><T129/><D129/><U82/><E82/><N who="2" m="47431" /><F114/><N who="1" m="43561" /><E109/><V102/><F87/><W45/><G45/><T88/><D101/><U69/><E69/><V19/><F63/><W53/><G53/><T107/><D107/><U8/><E125/><N who="3" m="48234" /><G133/><T93/><D68/><U10/><E10/><V121/><F121/><W128/><G128/><T75/><D72/><U97/><E97/><V118/><F118/><W98/><G98/><T54/><D73/><U40/><E40/><V38/><F38/><W99/><G99/><N who="0" m="57767" /><D75/><U122/><E122/><V9/><F9/><N who="3" m="6351" /><G27/><T30/><D42/><U32/><E32/><V96/><F96/><W106/><G106/><T55/><D46/><U77/><E77/><V50/><AGARI ba="0,0" hai="16,19,47,50,52,56,61,64,100,102,103" m="47431" machi="50" ten="30,4000,0" yaku="8,1,54,2" doraHai="132" who="2" fromWho="2" sc="350,-10,198,-20,212,40,240,-10" /><INIT seed="6,0,0,5,1,126" ten="340,178,252,230" oya="2" hai0="1,60,10,39,29,113,108,34,16,74,42,79,84" hai1="66,6,122,135,83,59,98,77,94,87,72,105,4" hai2="65,46,114,116,40,85,100,55,67,63,111,92,133" hai3="95,69,127,130,103,129,75,80,61,131,99,64,81"/><V12/><F116/><W112/><G127/><T17/><D108/><U5/><E135/><V124/><F114/><W56/><G112/><T132/><D132/><U2/><E122/><V19/><F124/><W96/><G75/><T90/><D60/><U21/><E2/><V45/><F111/><W41/><G41/><T117/><D117/><U14/><E72/><V50/><F133/><W97/><G97/><T82/><D29/><U30/><E105/><V102/><F85/><W0/><G0/><T37/><D37/><U73/><E73/><V101/><F92/><N who="3" m="58759" /><G69/><T22/><D22/><U120/><E120/><V70/><F67/><W35/><G35/><T26/><D26/><U58/><E66/><V110/><F110/><W43/><G43/><T18/><D34/><U15/><E30/><V123/><F123/><W9/><G9/><T89/><D84/><U76/><E76/><V11/><REACH who="2" step="1"/><F102/><AGARI ba="0,0" hai="56,61,64,80,81,95,99,102,129,130,131" m="58759" machi="102" ten="30,7700,0" yaku="19,1,52,3" doraHai="126" who="3" fromWho="2" sc="340,0,178,0,252,-77,230,77" /><INIT seed="7,0,0,2,4,53" ten="340,178,175,307" oya="3" hai0="16,6,21,30,95,118,41,82,36,90,46,122,67" hai1="135,4,75,66,109,69,107,117,44,72,79,134,131" hai2="81,92,11,38,127,26,113,10,91,77,23,130,125" hai3="76,71,5,98,93,123,115,78,60,116,52,1,40"/><W108/><G116/><T57/><D118/><U20/><E117/><V22/><F38/><W68/><G123/><T132/><D122/><U87/><E109/><V31/><F23/><W129/><G115/><T124/><D6/><U64/><E131/><V96/><F130/><W110/><G129/><T70/><D70/><N who="3" m="26665" /><G40/><T28/><D82/><N who="1" m="47583" /><E107/><V45/><F45/><W94/><G5/><T27/><D132/><N who="1" m="50731" /><E4/><V50/><F50/><W55/><G1/><T56/><D124/><N who="2" m="47690" /><F113/><W9/><G9/><T111/><D111/><N who="3" m="42537" /><G93/><T133/><D133/><U19/><E69/><V33/><F33/><W63/><G63/><T12/><D67/><N who="1" m="25643" /><E44/><V47/><F47/><W7/><G7/><T80/><D80/><U102/><E102/><V121/><F121/><W119/><G119/><T89/><D30/><U35/><E35/><V15/><F15/><AGARI ba="0,0" hai="15,19,20,72,75" m="25643,50731,47583" machi="15" ten="30,1000,0" yaku="20,1" doraHai="53" who="1" fromWho="2" sc="340,0,178,10,175,-10,307,0" owari="340,43.0,188,-21.0,165,-33.0,307,11.0" /></mjloggm>