<mjloggm ver="2.3"><GO type="169" lobby="0"/><UN n0="%E6%80%96%E3%81%8F%E3%81%AA%E3%81%84%E3%81%8A" n1="%E3%82%A6%E3%83%AB%E3%83%88%E3%83%A9%E7%AB%8B%E7%9B%B4" n2="%64%6F%6E%63%68%61%6E%33" n3="%68%65%74" dan="18,17,17,16" rate="2194.85,2207.69,2140.63,2105.23" sx="M,M,M,M"/><TAIKYOKU oya="0"/><INIT seed="0,0,0,4,3,83" ten="250,250,250,250" oya="0" hai0="115,43,60,111,128,134,80,50,112,3,98,59,36" hai1="28,118,102,73,120,125,65,74,53,61,29,40,49" hai2="31,121,103,97,82,41,1,127,42,135,86,45,0" hai3="64,13,79,85,32,4,22,67,90,131,56,94,54"/><T84/><D3/><U15/><E120/><V88/><F121/><W105/><G32/><T23/><D36/><U66/><E102/><V10/><F135/><W93/><G105/><T62/><D134/><U44/><E125/><V68/><F127/><W27/><G131/><T133/><D133/><U33/><E33/><V20/><F68/><W104/><G104/><T7/><D7/><U119/><E73/><V72/><F72/><W132/><G132/><T57/><D128/><U39/><E74/><V95/><F10/><N who="3" m="4295" /><G79/><T92/><D111/><U11/><E29/><V69/><F69/><W70/><G94/><T5/><D5/><U21/><E21/><V109/><F109/><W122/><G70/><T100/><D112/><U24/><E24/><V8/><F8/><W81/><G81/><T38/><D38/><U87/><E28/><V58/><F58/><W63/><G122/><T129/><D129/><U12/><E11/><V101/><F42/><W19/><AGARI ba="0,0" hai="19,22,27,54,56,63,64,67,85,90,93" m="4295" machi="19" ten="30,2000,0" yaku="8,1,52,1" doraHai="83" who="3" fromWho="3" sc="250,-10,250,-5,250,-5,250,20" /><INIT seed="1,0,0,0,5,61" ten="240,245,245,270" oya="1" hai0="56,79,124,94,36,108,34,85,33,10,123,107,72" hai1="45,2,101,39,125,128,95,132,96,27,9,121,29" hai2="57,46,53,119,60,97,88,16,73,11,14,135,3" hai3="55,54,83,109,104,134,47,127,122,7,52,22,0"/><U75/><E121/><V99/><F119/><W8/><G122/><T111/><D123/><U93/><E128/><V69/><F73/><W68/><G109/><N who="0" m="42059" /><D107/><U98/><E75/><V116/><F116/><W130/><G130/><T89/><D36/><U103/><E125/><V65/><F135/><W106/><G134/><T51/><D124/><U129/><E129/><V90/><F3/><W58/><G127/><T64/><D72/><U74/><E74/><V84/><F90/><W42/><G68/><T28/><D79/><U66/><E132/><V20/><F11/><W26/><G83/><T12/><D28/><U87/><E87/><V50/><REACH who="2" step="1"/><F69/><REACH who="2" ten="240,245,235,270" step="2"/><W44/><G0/><T4/><D4/><U100/><E9/><V92/><AGARI ba="0,1" hai="14,16,20,46,50,53,57,60,65,84,88,92,97,99" machi="92" ten="20,16000,3" yaku="1,1,2,1,0,1,7,1,8,1,52,1,54,2,53,0" doraHai="61" doraHaiUra="25" who="2" fromWho="2" sc="240,-40,245,-80,235,170,270,-40" /><INIT seed="2,0,0,5,4,133" ten="200,165,405,230" oya="2" hai0="4,87,76,107,12,28,83,124,122,68,22,120,5" hai1="3,45,72,132,42,2,106,118,92,103,78,126,105" hai2="85,32,19,38,91,99,27,109,119,73,116,70,21" hai3="52,17,9,96,40,97,102,110,125,95,18,121,56"/><V93/><F38/><W39/><G121/><T69/><D107/><N who="1" m="40971" /><E92/><V60/><F73/><W90/><G110/><T127/><D120/><U117/><E103/><V66/><F109/><W64/><G64/><T113/><D113/><U65/><E65/><V84/><REACH who="2" step="1"/><F32/><REACH who="2" ten="200,165,395,230" step="2"/><W53/><G39/><T101/><D122/><U104/><E72/><V35/><F35/><W13/><G125/><N who="0" m="48203" /><D101/><U57/><E126/><V128/><F128/><W98/><G102/><T114/><D114/><U54/><E118/><AGARI ba="0,1" hai="19,21,27,60,66,70,84,85,91,93,99,116,118,119" machi="118" ten="40,3900,0" yaku="1,1,53,1" doraHai="133" doraHaiUra="59" who="2" fromWho="1" sc="200,0,165,-39,395,49,230,0" /><INIT seed="2,1,0,5,0,115" ten="200,126,444,230" oya="2" hai0="55,100,126,113,91,19,62,26,29,132,34,135,18" hai1="79,106,71,58,96,73,102,84,11,78,54,1,123" hai2="81,82,97,101,130,23,68,25,21,46,92,15,43" hai3="24,119,8,27,72,39,49,90,103,105,89,50,28"/><V60/><F130/><W111/><G119/><T65/><D113/><U133/><E71/><V110/><F110/><W109/><G39/><T12/><D126/><U99/><E133/><N who="0" m="51273" /><D55/><U53/><E73/><V61/><F15/><W77/><G8/><T93/><D100/><U64/><E123/><V69/><F21/><W2/><G2/><T128/><D128/><U20/><E64/><V6/><F6/><W121/><G121/><T94/><D12/><U44/><E99/><V7/><F7/><W118/><G118/><T17/><D91/><U47/><E20/><V76/><F68/><AGARI ba="1,0" hai="17,18,19,26,29,34,62,65,68,93,94" m="51273" machi="68" ten="30,1000,0" yaku="20,1" doraHai="115" who="0" fromWho="2" sc="200,13,126,0,444,-13,230,0" /><INIT seed="3,0,0,2,3,117" ten="213,126,431,230" oya="3" hai0="127,18,99,32,131,85,39,46,64,120,61,90,86" hai1="77,94,124,66,5,104,110,23,69,24,62,71,49" hai2="115,83,59,81,98,30,4,36,55,56,108,60,48" hai3="123,75,88,82,51,21,87,76,0,100,95,74,113"/><W33/><G33/><T105/><D120/><U96/><E110/><V20/><F36/><W91/><G0/><T50/><D39/><U129/><E129/><V79/><F115/><W128/><G113/><T45/><D131/><U84/><E124/><V114/><F114/><W14/><G128/><T22/><D32/><U37/><E37/><V19/><F108/><W101/><G123/><T38/><D38/><U42/><E5/><V121/><F30/><W130/><G130/><T109/><D127/><U70/><E104/><V52/><F4/><W43/><G75/><T11/><D11/><U26/><E84/><V27/><F121/><W89/><G74/><T44/><D50/><U112/><E77/><V132/><F132/><W116/><G116/><T134/><D134/><U54/><E42/><V63/><F98/><W31/><G95/><N who="0" m="56823" /><D105/><U9/><E9/><V119/><F119/><W102/><G14/><N who="0" m="9559" /><D109/><U1/><E1/><V29/><F29/><W106/><G106/><T93/><D93/><U80/><E80/><N who="2" m="30795" /><F79/><W111/><G111/><T92/><D92/><U25/><E23/><V65/><F48/><W58/><G43/><T107/><D107/><U68/><E112/><V78/><F78/><W40/><G40/><T126/><D126/><U6/><E6/><V17/><F17/><W67/><G51/><T34/><D34/><U28/><E28/><V10/><F10/><W97/><G97/><T12/><D12/><U7/><E7/><V41/><F41/><W133/><G133/><T8/><D8/><U103/><E49/><V35/><F35/><W3/><G102/><RYUUKYOKU ba="0,0" sc="213,10,126,10,431,10,230,-30" hai0="44,45,46,61,64,85,86" hai1="24,25,26,54,62,66,68,69,70,71,94,96,103" hai2="19,20,27,52,55,56,59,60,63,65" /><INIT seed="4,1,0,3,1,50" ten="223,136,441,200" oya="0" hai0="69,74,99,17,4,117,122,119,21,28,123,94,106" hai1="43,57,37,116,112,89,30,84,44,104,77,52,133" hai2="15,83,73,80,68,76,101,32,63,7,12,72,124" hai3="114,134,97,11,65,47,125,31,100,71,98,39,78"/><T87/><D69/><U18/><E116/><V126/><F32/><W86/><G114/><T64/><D74/><U91/><E104/><V111/><F111/><W56/><G71/><T24/><D64/><U2/><E2/><V29/><F101/><W132/><G125/><T110/><D4/><U82/><E112/><V3/><F3/><W45/><G31/><T109/><D87/><U60/><E133/><N who="3" m="51306" /><G11/><T129/><D106/><U40/><E30/><V38/><F38/><W48/><G39/><T105/><D94/><U118/><E118/><N who="0" m="45065" /><D99/><U130/><E130/><V135/><F135/><W66/><G98/><T10/><D105/><U58/><E43/><V36/><F36/><W79/><G45/><T61/><D61/><U0/><E0/><V16/><F63/><N who="3" m="38119" /><G86/><T59/><D59/><U115/><E115/><V103/><F68/><W55/><G66/><T70/><D70/><U42/><E42/><V33/><F7/><W128/><G128/><T107/><D107/><AGARI ba="1,0" hai="47,48,55,78,79,97,100,107" m="38119,51306" machi="107" ten="30,2000,0" yaku="20,1,52,1" doraHai="50" who="3" fromWho="0" sc="223,-23,136,0,441,0,200,23" /><INIT seed="5,0,0,5,3,106" ten="200,136,441,223" oya="1" hai0="13,64,21,81,110,56,86,66,103,32,34,55,111" hai1="99,93,129,11,51,63,10,26,24,80,91,123,0" hai2="37,30,104,14,107,19,2,76,4,41,113,50,1" hai3="67,54,7,47,65,72,90,35,5,133,77,53,17"/><U78/><E129/><V18/><F37/><W130/><G133/><T85/><D103/><U100/><E123/><V119/><F30/><W127/><G130/><T96/><D96/><U95/><E63/><V49/><F76/><W12/><G127/><T20/><D13/><U59/><E59/><V22/><F22/><W16/><G35/><T117/><D56/><U44/><E0/><V118/><F14/><W97/><G17/><T83/><D55/><N who="3" m="21001" /><G72/><T23/><D23/><U60/><E60/><V36/><F36/><W75/><G75/><T112/><D112/><U25/><E80/><V120/><F120/><W39/><G77/><T108/><D108/><U92/><E78/><V58/><F58/><W69/><G39/><T31/><D117/><U124/><E124/><V45/><F45/><W121/><G47/><T40/><D40/><U70/><E70/><V15/><F15/><W74/><G74/><T116/><D116/><U73/><E73/><V38/><F38/><W89/><G69/><T68/><D68/><U71/><E71/><V102/><F41/><W3/><G3/><T94/><D94/><N who="1" m="36459" /><E100/><V6/><F102/><W79/><G79/><T9/><D31/><U29/><E29/><V101/><F101/><W126/><G126/><T84/><D85/><U46/><E46/><V43/><F43/><AGARI ba="0,0" hai="10,11,24,25,26,43,44,51,91,95,99" m="36459" machi="43" ten="30,1500,0" yaku="8,1" doraHai="106" who="1" fromWho="2" sc="200,0,136,15,441,-15,223,0" /><INIT seed="5,1,0,0,1,95" ten="200,151,426,223" oya="1" hai0="70,28,40,121,45,100,89,107,24,43,87,26,38" hai1="32,106,128,78,132,55,10,50,68,46,42,123,112" hai2="47,33,115,118,75,2,21,29,25,125,77,19,11" hai3="98,131,64,135,1,111,74,130,92,97,15,129,66"/><U61/><E32/><V94/><F118/><W39/><G1/><T73/><D73/><U7/><E123/><V53/><F77/><W37/><G111/><T60/><D121/><U59/><E106/><V103/><F75/><W76/><G135/><T20/><D43/><U84/><E128/><V90/><F103/><W117/><G117/><T80/><D100/><U65/><E112/><V81/><F81/><N who="3" m="45207" /><G15/><T5/><D5/><U126/><E126/><V71/><F71/><W119/><G119/><T88/><D107/><U57/><E132/><V35/><F125/><W44/><G98/><T108/><D108/><U36/><E59/><V22/><F115/><W48/><G66/><T54/><D26/><U34/><E34/><V102/><F102/><N who="3" m="60711" /><G64/><T31/><D89/><U67/><E67/><V85/><F2/><W23/><G23/><T105/><D105/><U91/><E78/><V72/><F72/><W79/><G79/><T116/><D116/><U113/><E113/><V127/><F11/><W41/><AGARI ba="1,0" hai="37,39,41,44,48,129,130,131" m="60711,45207" machi="41" ten="30,2000,0" yaku="19,1,52,1" doraHai="95" who="3" fromWho="3" sc="200,-6,151,-11,426,-6,223,23" /><INIT seed="6,0,0,4,3,65" ten="194,140,420,246" oya="2" hai0="13,9,66,85,34,86,4,59,25,125,76,52,19" hai1="81,46,5,93,24,36,78,3,100,113,117,17,15" hai2="105,55,0,43,122,109,14,32,29,120,83,37,92" hai3="95,22,126,42,114,30,133,87,129,61,91,132,123"/><V127/><F0/><W6/><G123/><T99/><D125/><U47/><E117/><V82/><F105/><W44/><G126/><T111/><D111/><U50/><E113/><V75/><F75/><W31/><G129/><T67/><D99/><U89/><E100/><V20/><F92/><W118/><G118/><T7/><D34/><U97/><E3/><V8/><F55/><W131/><G131/><T94/><D85/><U102/><E36/><V18/><F82/><W2/><G114/><T53/><D53/><U11/><E102/><V10/><F83/><W40/><G22/><N who="0" m="13535" /><D4/><U121/><E121/><V112/><F43/><N who="3" m="16427" /><G44/><T35/><D35/><U84/><E50/><V1/><F37/><W70/><G6/><T26/><D26/><U58/><REACH who="1" step="1"/><E58/><REACH who="1" ten="194,130,420,246" step="2"/><V23/><F112/><W56/><G2/><T79/><D79/><U33/><E33/><V21/><F32/><W62/><G56/><T39/><D39/><U130/><E130/><V27/><F1/><W116/><G116/><T134/><D134/><U104/><E104/><V115/><F127/><W45/><G133/><T12/><D76/><U28/><E28/><V80/><F115/><W71/><G132/><T16/><D94/><U96/><E96/><V101/><F122/><W73/><G95/><T77/><D77/><U119/><E119/><V135/><F120/><W49/><G30/><T90/><D90/><U51/><E51/><V74/><F109/><W72/><G31/><T108/><D108/><U128/><E128/><V38/><F135/><W106/><G106/><T98/><D98/><U124/><E124/><RYUUKYOKU ba="0,1" sc="194,-10,130,30,420,-10,246,-10" hai1="5,11,15,17,24,46,47,78,81,84,89,93,97" /><INIT seed="7,1,1,2,5,64" ten="184,160,410,236" oya="3" hai0="58,76,37,92,12,131,36,35,99,135,79,33,87" hai1="103,50,77,48,106,84,91,80,27,10,71,116,43" hai2="121,127,34,61,53,97,125,7,126,94,4,8,32" hai3="75,78,73,93,28,108,15,63,128,39,90,31,23"/><W13/><G39/><T16/><D131/><U44/><E116/><V66/><F121/><W130/><G108/><T122/><D122/><U3/><E71/><N who="2" m="42447" /><F53/><W20/><G63/><T11/><D135/><U62/><E62/><V70/><F70/><W114/><G78/><T83/><D79/><U102/><E3/><N who="2" m="31" /><F7/><W98/><G114/><T124/><D124/><U17/><E106/><V29/><F29/><W59/><G59/><T82/><D82/><U133/><E133/><V60/><F60/><W101/><G90/><AGARI ba="1,1" hai="32,34,90,94,97,125,126,127" m="31,42447" machi="90" ten="30,2000,0" yaku="18,1,52,1" doraHai="64" who="2" fromWho="3" sc="184,0,160,0,410,33,236,-23" owari="184,-22.0,160,-34.0,443,55.0,213,1.0" /></mjloggm>