<mjloggm ver="2.3"><GO type="169" lobby="0"/><UN n0="%E9%9B%80%E8%8D%98%E4%B8%AD%E5%B7%9D" n1="%E3%82%A6%E3%83%AB%E3%83%88%E3%83%A9%E7%AB%8B%E7%9B%B4" n2="%E9%81%A0%E5%A4%9C" n3="%E3%82%88%E3%81%97%E3%81%8E" dan="16,18,16,18" rate="2077.99,2262.41,2085.12,2237.30" sx="M,M,M,M"/><TAIKYOKU oya="0"/><INIT seed="0,0,0,3,0,112" ten="250,250,250,250" oya="0" hai0="114,81,32,77,87,9,0,4,25,39,38,78,111" hai1="128,129,98,51,11,53,22,88,92,79,36,131,33" hai2="132,7,28,120,70,103,95,99,105,13,122,96,15" hai3="45,123,121,90,12,100,40,63,110,44,29,116,117"/><T93/><D114/><U113/><E33/><V24/><F70/><W19/><G110/><T76/><D111/><U18/><E36/><V101/><F132/><W56/><G100/><T42/><D93/><U14/><E113/><V115/><F115/><W34/><G90/><T6/><D6/><U94/><E79/><V50/><F50/><W48/><G45/><T55/><D55/><U67/><E67/><V85/><F85/><W130/><G130/><T3/><D3/><U106/><E106/><V126/><F126/><W84/><G84/><T118/><D118/><U91/><E11/><V124/><F124/><W135/><G135/><T102/><D102/><U16/><E18/><V86/><F86/><W74/><G74/><T75/><D42/><U57/><E94/><V21/><REACH who="2" step="1"/><F7/><REACH who="2" ten="250,250,240,250" step="2"/><W119/><G29/><T109/><D109/><U61/><E91/><V59/><F59/><W5/><G5/><T35/><D75/><U73/><E73/><V26/><F26/><W64/><REACH who="3" step="1"/><G34/><REACH who="3" ten="250,250,240,240" step="2"/><T58/><D35/><U80/><E80/><V37/><F37/><W127/><G127/><T47/><D39/><U54/><REACH who="1" step="1"/><E131/><REACH who="1" ten="250,240,240,240" step="2"/><V1/><F1/><W108/><G108/><T49/><D38/><U43/><E43/><V30/><F30/><W97/><G97/><T17/><D32/><U60/><E60/><V89/><F89/><W62/><G62/><T83/><D77/><U10/><E10/><AGARI ba="0,3" hai="10,12,19,40,44,48,56,63,64,116,117,119,121,123" machi="10" ten="40,8000,1" yaku="1,1,52,3,53,0" doraHai="112" doraHaiUra="72" who="3" fromWho="1" sc="250,0,240,-80,240,0,240,110" /><INIT seed="1,0,0,1,5,5" ten="250,160,240,350" oya="1" hai0="15,42,50,60,94,106,41,38,9,66,92,100,8" hai1="34,67,112,74,37,59,56,29,125,134,116,40,130" hai2="119,76,35,7,68,129,25,51,54,21,47,49,90" hai3="127,126,39,26,22,45,78,118,65,73,107,104,31"/><U93/><E116/><V84/><F119/><W30/><G118/><T18/><D38/><U24/><E112/><V70/><F129/><W99/><G31/><T91/><D106/><U124/><E74/><V96/><F35/><W133/><G133/><T12/><D100/><U43/><E130/><V108/><F108/><W6/><G65/><T88/><D94/><U121/><E121/><V33/><F33/><W75/><G6/><T14/><D91/><U95/><E134/><V72/><F96/><W69/><G69/><T83/><D83/><U82/><E82/><V55/><F76/><W28/><G78/><T113/><D113/><U36/><E67/><V52/><F7/><W46/><G22/><T3/><D3/><U53/><E34/><V44/><F55/><W71/><G26/><T32/><D32/><U123/><E123/><V128/><F72/><W87/><G87/><N who="0" m="52255" /><D50/><U1/><E1/><V98/><F98/><W13/><G71/><T0/><D0/><U48/><E48/><V135/><F128/><W27/><G39/><T85/><D85/><U120/><E120/><V111/><F111/><W86/><G86/><T4/><D15/><U115/><E115/><V63/><F63/><W114/><G13/><T19/><D4/><U2/><E2/><V20/><F135/><W89/><G114/><T103/><D103/><U97/><E24/><V10/><F25/><W110/><G27/><T81/><D81/><U105/><E105/><V62/><F70/><W79/><G110/><T11/><D8/><U58/><E97/><V109/><F10/><W80/><G99/><RYUUKYOKU ba="0,0" sc="250,30,160,-10,240,-10,350,-10" hai0="9,11,12,14,18,19,41,42,60,66" /><INIT seed="2,1,0,1,4,86" ten="280,150,230,340" oya="2" hai0="53,84,68,24,40,59,90,33,44,116,6,27,60" hai1="1,31,118,81,38,115,20,104,132,65,45,105,88" hai2="94,51,25,77,9,93,39,0,52,109,41,123,49" hai3="14,29,127,37,110,30,119,82,129,7,32,67,61"/><V76/><F123/><W34/><G119/><T126/><D126/><U120/><E118/><V134/><F134/><W97/><G37/><T17/><D116/><U46/><E115/><V54/><F39/><W117/><G117/><T26/><D68/><U108/><E1/><V72/><F41/><W121/><G121/><T92/><D6/><U135/><E120/><V75/><F0/><W66/><G97/><T64/><D17/><U13/><E65/><V124/><F9/><W103/><G14/><T83/><D64/><U16/><E31/><V10/><F10/><W96/><G96/><T8/><D8/><U113/><E113/><V4/><F4/><W48/><G48/><T11/><D11/><U5/><E5/><V102/><F102/><W133/><G7/><T23/><D23/><U112/><E112/><V15/><F15/><W57/><G103/><T114/><D114/><U43/><E46/><V80/><F25/><W71/><G71/><T28/><REACH who="0" step="1"/><D83/><REACH who="0" ten="270,150,230,340" step="2"/><U78/><E108/><V131/><F124/><W122/><G82/><T69/><D69/><U62/><E135/><V99/><F109/><W79/><G127/><T42/><D42/><U56/><E132/><V101/><F80/><W128/><G133/><T50/><AGARI ba="1,1" hai="24,26,27,28,33,40,44,50,53,59,60,84,90,92" machi="50" ten="20,8000,1" yaku="1,1,0,1,7,1,52,1,53,1" doraHai="86" doraHaiUra="55" who="0" fromWho="0" sc="270,93,150,-21,230,-41,340,-21" /><INIT seed="3,0,0,4,0,84" ten="363,129,189,319" oya="3" hai0="20,38,118,18,45,28,6,85,112,25,99,87,42" hai1="52,72,41,110,121,3,22,97,79,12,58,67,34" hai2="117,130,23,123,19,107,15,27,135,10,120,7,59" hai3="119,69,65,88,127,134,1,74,91,21,71,116,70"/><W37/><G1/><T66/><D118/><U100/><E121/><N who="2" m="46667" /><F117/><W49/><G74/><T56/><D112/><U92/><E34/><V39/><F107/><W9/><G37/><T29/><D6/><U26/><E3/><V132/><F39/><W94/><G65/><T108/><D108/><U90/><E110/><V126/><F59/><W47/><G134/><N who="2" m="51241" /><F130/><W86/><G127/><AGARI ba="0,0" hai="7,10,15,19,23,27,126,127" m="51241,46667" machi="127" ten="40,8000,1" yaku="13,1,20,1,34,2" doraHai="84" who="2" fromWho="3" sc="363,0,129,0,189,80,319,-80" /><INIT seed="4,0,0,4,0,77" ten="363,129,269,239" oya="0" hai0="14,99,11,55,106,122,18,30,82,4,24,45,32" hai1="17,80,127,120,66,69,36,57,85,72,89,37,86" hai2="56,64,25,95,10,135,44,63,109,107,6,78,79" hai3="90,100,43,67,124,133,20,96,105,91,87,98,119"/><T84/><D122/><U70/><E120/><V3/><F109/><W81/><G119/><T7/><D106/><U51/><E72/><V68/><F107/><W53/><G133/><T2/><D99/><U73/><E73/><V31/><F135/><W104/><G67/><T112/><D112/><U33/><E33/><V28/><F28/><W50/><G43/><T123/><D123/><U46/><E127/><V60/><F44/><W34/><G124/><T111/><D111/><U116/><E116/><V75/><F95/><W22/><G34/><T9/><D7/><U48/><E17/><V61/><F61/><W132/><G132/><T27/><D27/><U121/><E121/><V102/><F102/><W59/><REACH who="3" step="1"/><G90/><REACH who="3" ten="363,129,269,229" step="2"/><T19/><D32/><U118/><E118/><V35/><F75/><W16/><G16/><T71/><D18/><U40/><E66/><AGARI ba="0,1" hai="3,6,10,25,31,35,56,60,63,64,66,68,78,79" machi="66" ten="30,1000,0" yaku="7,1" doraHai="77" who="2" fromWho="1" sc="363,0,129,-10,269,20,229,0" /><INIT seed="5,0,0,1,4,105" ten="363,119,289,229" oya="1" hai0="119,135,81,88,73,77,126,9,85,129,92,108,46" hai1="116,24,80,7,29,64,86,51,38,130,31,30,6" hai2="13,107,42,99,69,97,127,44,123,60,34,33,90" hai3="131,54,4,109,2,35,89,79,84,21,83,20,56"/><U41/><E116/><V96/><F123/><W5/><G109/><T120/><D108/><U1/><E130/><V10/><F127/><W58/><G35/><T93/><D119/><U106/><E106/><V23/><F23/><N who="3" m="8779" /><G2/><T100/><D129/><U27/><E38/><V61/><F107/><W134/><G134/><T117/><D117/><U45/><E64/><V70/><F90/><W67/><G131/><T48/><D135/><U66/><E66/><V53/><F53/><W52/><G79/><T43/><D126/><U14/><E1/><V71/><F33/><W91/><G89/><T104/><D120/><U103/><E103/><V94/><F94/><W102/><G102/><T98/><REACH who="0" step="1"/><D9/><REACH who="0" ten="353,119,289,229" step="2"/><N who="1" m="4407" /><E7/><N who="3" m="2634" /><G58/><T124/><D124/><U25/><E31/><V74/><F69/><W26/><G26/><N who="1" m="6658" /><U87/><DORA hai="62" /><E87/><V3/><F3/><W132/><G132/><T12/><D12/><U114/><E114/><V18/><F13/><W78/><G78/><AGARI ba="0,1" hai="29,30,41,45,51,78,80,86" m="6658,4407" machi="78" ten="30,2900,0" yaku="25,1,8,1" doraHai="105,62" who="1" fromWho="3" sc="353,0,119,39,289,0,229,-29" /><INIT seed="5,1,0,5,4,33" ten="353,158,289,200" oya="1" hai0="98,94,66,126,31,120,36,104,111,10,93,87,82" hai1="19,102,46,28,32,44,47,72,110,89,15,52,8" hai2="50,18,112,56,4,73,16,128,54,106,59,92,101" hai3="103,0,88,34,100,17,81,77,74,38,26,113,68"/><U116/><E116/><V80/><F106/><W62/><G113/><T123/><D111/><U39/><E110/><V40/><F128/><W67/><G38/><T25/><D36/><U69/><E69/><V70/><F70/><W27/><G27/><T14/><D66/><U6/><E72/><V22/><F112/><W3/><G88/><T2/><D2/><U43/><E102/><V78/><F40/><W118/><G118/><T86/><D126/><U29/><E89/><V23/><F4/><W83/><G83/><T91/><D104/><U114/><E114/><V97/><F56/><W11/><G11/><T95/><D87/><U76/><E76/><V65/><F65/><W84/><G84/><T37/><D37/><U55/><E6/><V35/><F35/><W21/><REACH who="3" step="1"/><G34/><REACH who="3" ten="353,158,289,190" step="2"/><T24/><D25/><U75/><E75/><V58/><F23/><W49/><G49/><T108/><D82/><U107/><E32/><V133/><F22/><W42/><G42/><T121/><D86/><U131/><E131/><V57/><F50/><W20/><G20/><N who="0" m="15751" /><D108/><U51/><E107/><V135/><REACH who="2" step="1"/><F54/><REACH who="2" ten="353,158,279,190" step="2"/><W12/><G12/><T122/><D122/><U125/><E125/><V99/><F99/><W45/><G45/><T48/><D48/><AGARI ba="1,2" hai="8,15,19,28,29,39,43,44,46,47,48,51,52,55" machi="48" ten="40,3900,0" yaku="9,1,54,1" doraHai="33" who="1" fromWho="0" sc="353,-42,158,62,279,0,190,0" /><INIT seed="5,2,0,0,4,88" ten="311,220,279,190" oya="1" hai0="24,72,108,114,92,63,8,50,70,86,19,102,129" hai1="109,104,76,80,35,118,52,115,131,40,60,10,119" hai2="83,79,25,107,90,98,1,77,128,74,124,91,66" hai3="13,85,47,75,100,67,82,135,99,12,23,116,34"/><U26/><E115/><V69/><F1/><W17/><G34/><T62/><D108/><U9/><E131/><V127/><F66/><W15/><G135/><T96/><D72/><U65/><E109/><V134/><F69/><W27/><G116/><T84/><D114/><U44/><E104/><V51/><F51/><W122/><G122/><T6/><D70/><U36/><E10/><V55/><F55/><W33/><G75/><T95/><D129/><U11/><E11/><V125/><F25/><W31/><G47/><T58/><D50/><U7/><E52/><V30/><F30/><W121/><G67/><T64/><D95/><U18/><E18/><V14/><F14/><W3/><G3/><T105/><D105/><U0/><E26/><V48/><F48/><W53/><G53/><T46/><D46/><U39/><E35/><V5/><F5/><W57/><G57/><N who="0" m="36975" /><D6/><U111/><E111/><V42/><F42/><W41/><G41/><T117/><D117/><U16/><E16/><V68/><F68/><W112/><G112/><T45/><D45/><U49/><E49/><V21/><F128/><W37/><G37/><T43/><D43/><U2/><E2/><V133/><F107/><W81/><G121/><T4/><D4/><U87/><E39/><V94/><F77/><W110/><G110/><T71/><D71/><AGARI ba="2,0" hai="0,7,9,36,40,44,60,65,71,76,80,87,118,119" machi="71" ten="30,1500,0" yaku="7,1" doraHai="88" who="1" fromWho="0" sc="311,-21,220,21,279,0,190,0" /><INIT seed="5,3,0,4,5,118" ten="290,241,279,190" oya="1" hai0="133,79,37,5,9,132,63,34,127,7,3,36,8" hai1="55,84,115,60,103,75,98,21,32,53,10,24,11" hai2="82,39,122,41,40,29,59,61,94,92,51,58,90" hai3="91,86,64,119,16,73,100,129,46,123,44,12,35"/><U88/><E75/><V101/><F122/><W81/><G119/><T0/><D34/><U131/><E32/><V76/><F39/><W107/><G129/><T134/><D127/><U99/><E115/><V15/><F29/><W62/><G35/><T128/><D128/><U43/><E43/><V117/><F117/><W120/><G73/><T83/><REACH who="0" step="1"/><D63/><REACH who="0" ten="280,241,279,190" step="2"/><U72/><E131/><V14/><F61/><W17/><G123/><T87/><AGARI ba="3,1" hai="0,3,5,7,8,9,36,37,79,83,87,132,133,134" machi="87" ten="30,8000,1" yaku="1,1,2,1,0,1,9,1,20,1,53,0" doraHai="118" doraHaiUra="93" who="0" fromWho="0" sc="280,99,241,-43,279,-23,190,-23" /><INIT seed="6,0,0,0,1,16" ten="379,198,256,167" oya="2" hai0="87,59,77,23,1,18,56,88,117,55,66,29,93" hai1="92,25,72,15,20,42,134,39,4,105,115,132,114" hai2="52,3,119,100,91,17,104,24,40,44,124,106,32" hai3="2,28,48,27,95,125,111,21,130,12,6,98,34"/><V116/><F124/><W112/><G111/><T122/><D122/><U78/><E105/><V51/><F3/><W19/><G125/><T85/><D117/><U41/><E78/><V127/><F127/><W64/><G130/><T65/><D1/><U84/><E72/><V82/><F106/><W46/><G112/><N who="1" m="43050" /><E15/><V38/><F100/><W79/><G79/><T76/><D29/><N who="1" m="17575" /><E4/><V50/><F38/><W110/><G110/><T120/><D120/><U97/><E84/><N who="2" m="50583" /><F32/><W45/><G64/><T8/><D8/><U129/><E129/><V121/><F104/><W113/><G113/><T118/><D118/><U60/><E60/><V102/><F121/><W37/><G37/><T94/><D77/><U69/><E69/><V13/><F24/><W89/><G48/><T5/><D5/><U36/><E36/><V71/><F71/><W43/><G43/><N who="1" m="16394" /><E39/><V0/><F0/><W9/><AGARI ba="0,0" hai="2,6,9,12,19,21,27,28,34,45,46,89,95,98" machi="9" ten="30,7900,0" yaku="0,1,24,2,52,1" doraHai="16" who="3" fromWho="3" sc="379,-20,198,-20,256,-39,167,79" /><INIT seed="7,0,0,1,2,110" ten="359,178,217,246" oya="3" hai0="9,130,25,87,54,5,44,60,40,93,20,32,107" hai1="83,89,133,50,69,23,26,67,126,36,43,72,4" hai2="132,75,102,49,45,8,86,121,131,24,82,95,134" hai3="10,116,111,22,108,58,109,119,14,6,51,118,19"/><W63/><G51/><T29/><D107/><U80/><E126/><V129/><F121/><W76/><G76/><T73/><D73/><U28/><E133/><N who="2" m="51307" /><F24/><N who="3" m="14431" /><G58/><T123/><D130/><N who="2" m="49674" /><F8/><N who="3" m="4375" /><G63/><T52/><D87/><U97/><E72/><V98/><F75/><W15/><G15/><T70/><D60/><U105/><E36/><V101/><F101/><W41/><G41/><T64/><D40/><U117/><E117/><V57/><F57/><W48/><G48/><T115/><D44/><U35/><E50/><V92/><F95/><W1/><G1/><T34/><D93/><U53/><E43/><N who="2" m="24767" /><F82/><W38/><G38/><T125/><D70/><U88/><E53/><V27/><F27/><W16/><G16/><T113/><D54/><U13/><E69/><V114/><F86/><W31/><G10/><T2/><D9/><N who="1" m="4263" /><E67/><V33/><F33/><W100/><G100/><T99/><D34/><U71/><E35/><V30/><F30/><AGARI ba="0,0" hai="30,31,108,109,111,116,118,119" m="4375,14431" machi="30" ten="40,7700,0" yaku="10,1,34,2" doraHai="110" who="3" fromWho="2" sc="359,0,178,0,217,-77,246,77" /><INIT seed="7,1,0,4,1,100" ten="359,178,140,323" oya="3" hai0="60,22,18,68,7,123,12,107,73,49,61,44,89" hai1="116,117,81,39,11,106,88,114,47,14,30,24,131" hai2="34,119,134,29,13,102,57,51,19,92,95,65,10" hai3="50,52,120,86,45,97,125,42,115,84,40,76,130"/><W104/><G120/><T48/><D107/><U54/><E106/><V33/><F134/><W91/><G115/><T32/><D123/><U127/><E127/><V6/><F119/><N who="1" m="45641" /><E131/><V90/><F102/><W110/><G130/><T96/><D32/><N who="1" m="20551" /><E114/><V109/><F109/><W82/><G125/><T87/><D73/><U36/><E88/><V38/><F38/><N who="1" m="14377" /><E81/><V21/><F95/><W16/><G110/><T118/><D118/><U126/><E126/><V5/><F33/><W129/><G129/><T103/><D103/><U74/><E74/><V56/><F34/><W53/><G104/><T113/><D113/><U46/><E54/><V71/><F71/><W99/><G53/><T133/><D96/><U69/><E69/><V135/><F135/><W85/><G99/><T1/><D68/><U64/><E64/><V128/><F128/><W58/><G97/><T124/><D133/><U59/><E59/><V83/><F83/><N who="3" m="49631" /><G85/><T75/><D75/><U70/><E70/><V62/><F57/><W101/><G101/><T2/><D124/><U3/><E3/><N who="0" m="1033" /><D7/><AGARI ba="1,0" hai="7,11,14,46,47" m="14377,20551,45641" machi="7" ten="30,1000,0" yaku="12,1" doraHai="100" who="1" fromWho="0" sc="359,-13,178,13,140,0,323,0" owari="346,45.0,191,-21.0,140,-36.0,323,12.0" /></mjloggm>