<mjloggm ver="2.3"><GO type="169" lobby="0"/><UN n0="%E7%A2%BA%E8%AA%8D%E4%BA%8B%E9%A0%85" n1="%E3%82%A6%E3%83%AB%E3%83%88%E3%83%A9%E7%AB%8B%E7%9B%B4" n2="%E5%A5%88%E8%90%BD%E3%81%AE%E7%8E%8B" n3="%E6%8E%A8%E7%A9%BA%EF%BC%B0" dan="18,17,16,17" rate="2212.17,2189.57,2109.29,2208.62" sx="M,M,M,F"/><TAIKYOKU oya="0"/><INIT seed="0,0,0,0,3,62" ten="250,250,250,250" oya="0" hai0="36,66,3,122,18,70,118,106,54,112,52,127,43" hai1="90,73,129,60,82,33,5,114,4,12,128,95,67" hai2="26,51,81,78,134,93,105,25,124,110,89,19,2" hai3="65,111,6,130,27,77,72,34,40,107,87,38,115"/><T15/><D112/><U97/><E33/><V59/><F105/><W116/><G115/><T86/><D118/><U104/><E104/><V58/><F2/><W44/><G116/><T0/><D122/><U76/><E114/><V56/><F110/><W7/><G111/><T29/><D106/><U98/><E98/><V102/><F102/><W126/><G130/><N who="1" m="50282" /><E12/><V99/><F134/><W11/><G126/><T109/><D29/><U101/><E90/><V49/><F124/><W16/><G107/><T57/><D86/><U96/><E96/><V92/><F92/><W46/><G72/><T21/><D54/><U113/><E113/><V75/><F25/><W42/><G34/><T103/><D103/><U85/><E85/><V125/><F125/><W41/><G87/><T1/><D109/><U9/><E9/><V88/><F89/><W71/><G77/><T31/><D31/><U50/><E50/><V53/><F51/><W121/><G121/><T100/><D100/><U45/><E45/><N who="3" m="17514" /><G38/><T131/><D131/><U35/><E35/><V24/><F24/><W94/><G94/><T30/><D127/><U69/><AGARI ba="0,0" hai="4,5,60,67,69,73,76,82,95,97,101" m="50282" machi="69" ten="30,2000,0" yaku="19,1,52,1" doraHai="62" who="1" fromWho="1" sc="250,-10,250,20,250,-5,250,-5" /><INIT seed="1,0,0,1,2,117" ten="240,270,245,245" oya="1" hai0="22,49,28,33,37,91,86,114,3,109,18,5,0" hai1="123,125,103,116,43,96,127,120,50,102,81,99,126" hai2="131,35,53,90,56,118,25,6,66,9,32,14,4" hai3="62,110,31,59,105,89,46,97,67,129,112,52,47"/><U133/><E116/><V65/><F131/><W12/><G112/><T94/><D37/><U2/><E2/><V10/><F118/><W54/><G110/><T30/><D114/><U34/><E34/><V23/><F90/><W80/><G129/><T40/><D109/><U79/><E43/><V95/><F95/><N who="3" m="56559" /><G105/><T78/><D78/><U93/><E50/><V132/><F132/><W61/><G31/><T26/><D30/><U24/><E24/><V21/><F56/><N who="3" m="37319" /><G80/><T69/><D69/><U128/><E128/><V100/><F25/><W11/><G54/><T84/><D3/><U82/><E133/><V122/><F53/><W92/><G92/><T87/><D40/><U41/><E41/><V64/><F100/><W106/><G106/><T16/><D49/><U115/><E115/><V44/><F44/><W70/><G70/><T101/><D101/><U121/><E79/><V38/><F38/><W113/><G113/><T51/><D51/><U134/><E134/><V13/><F66/><W76/><G76/><T36/><D36/><U124/><N who="1" m="31744" /><DORA hai="71" /><U45/><E45/><V58/><F58/><W107/><G107/><AGARI ba="0,0" hai="81,82,93,96,99,102,103,107,120,121,123" m="31744" machi="107" ten="70,18000,2" yaku="18,1,34,3,52,3" doraHai="117,71" who="1" fromWho="3" sc="240,0,270,180,245,0,245,-180" /><INIT seed="1,1,0,5,0,14" ten="240,450,245,65" oya="1" hai0="38,72,29,109,31,16,128,35,32,121,76,69,135" hai1="102,112,10,126,104,134,53,8,36,83,94,127,19" hai2="45,2,70,66,27,96,101,122,89,3,68,50,129" hai3="40,61,92,22,87,95,119,11,120,59,33,9,52"/><U103/><E36/><V26/><F122/><W108/><G33/><T48/><D38/><U117/><E117/><V75/><F75/><W115/><G120/><T84/><D69/><U62/><E104/><V105/><F129/><W131/><G115/><T1/><D72/><U41/><E41/><V65/><F89/><W97/><G131/><T51/><D128/><U49/><E112/><V4/><F4/><W118/><G40/><T90/><D121/><U44/><E62/><V81/><F81/><W85/><G108/><T82/><D1/><U107/><E107/><V88/><F88/><N who="3" m="53279" /><G119/><T0/><D0/><U34/><E34/><V58/><F50/><W12/><G118/><T79/><D109/><U133/><E83/><V86/><F105/><W73/><G85/><T71/><D71/><U6/><E6/><V55/><F86/><W63/><G63/><T130/><D130/><U7/><E7/><V125/><F70/><W28/><G73/><T74/><D35/><U21/><E94/><V39/><F68/><W116/><G116/><T37/><D32/><U106/><E106/><V132/><F2/><W113/><G113/><T93/><D37/><U78/><E78/><V64/><F3/><W80/><G80/><T124/><D74/><U13/><E103/><V23/><F39/><W15/><G28/><T67/><D31/><U47/><E102/><V56/><F101/><N who="3" m="60607" /><G12/><T60/><D82/><U57/><E127/><V110/><F125/><W123/><G123/><T46/><D124/><U111/><E126/><V30/><F30/><W114/><G114/><T98/><D29/><RYUUKYOKU ba="1,0" sc="240,-10,450,-10,245,-10,65,30" hai3="9,11,15,22,52,59,61" /><INIT seed="2,2,0,5,5,130" ten="230,440,235,95" oya="2" hai0="31,114,71,120,64,122,83,6,119,73,14,27,116" hai1="78,106,16,69,28,125,30,121,67,43,25,47,24" hai2="117,65,35,11,58,104,92,46,13,38,55,131,4" hai3="7,49,19,39,99,8,113,52,34,50,40,72,42"/><V100/><F131/><W85/><G72/><T80/><D64/><U93/><E106/><V108/><F35/><W95/><G34/><T23/><D71/><U21/><E121/><N who="0" m="46697" /><D73/><U70/><E125/><V109/><F104/><W132/><G39/><T77/><D77/><U89/><E78/><V2/><F117/><N who="0" m="45130" /><D114/><U56/><E56/><V1/><F65/><W110/><G110/><N who="2" m="42601" /><F92/><W129/><G113/><T74/><D74/><U62/><E25/><V18/><F100/><W3/><G129/><T128/><D128/><U10/><E10/><AGARI ba="2,0" hai="6,10,14,23,27,31,80,83" m="45130,46697" machi="10" ten="30,1000,0" yaku="12,1" doraHai="130" who="0" fromWho="1" sc="230,16,440,-16,235,0,95,0" /><INIT seed="3,0,0,5,1,59" ten="246,424,235,95" oya="3" hai0="97,63,58,111,1,42,65,103,132,8,105,83,24" hai1="112,11,82,123,28,61,34,80,62,90,81,109,85" hai2="94,40,45,117,100,31,35,51,93,135,86,101,14" hai3="119,68,19,91,16,74,70,110,57,122,47,39,46"/><W4/><G122/><T75/><D111/><U23/><E34/><V26/><F117/><W99/><G119/><T43/><D132/><U22/><E112/><V87/><F135/><W102/><G74/><T95/><D105/><U107/><E107/><V21/><F35/><W32/><G32/><T64/><D64/><U125/><E109/><V0/><F0/><W36/><G110/><T108/><D108/><U53/><E123/><V77/><F14/><W127/><G57/><T121/><D121/><U72/><E72/><V104/><F104/><W106/><G4/><T13/><D1/><U130/><E130/><V89/><F77/><W98/><G106/><T60/><D24/><N who="1" m="16407" /><E11/><V18/><F31/><W52/><G91/><AGARI ba="0,0" hai="18,21,26,40,45,51,86,87,89,91,93,94,100,101" machi="91" ten="40,2600,0" yaku="9,1,8,1" doraHai="59" who="2" fromWho="3" sc="246,0,424,0,235,26,95,-26" /><INIT seed="4,0,0,4,5,46" ten="246,424,261,69" oya="0" hai0="119,44,17,1,87,13,78,39,121,12,120,26,85" hai1="69,134,73,21,133,4,71,28,40,81,66,80,75" hai2="23,42,29,67,124,94,110,93,128,35,63,25,106" hai3="91,117,109,107,6,57,52,64,7,125,30,5,123"/><T84/><D1/><U11/><E40/><V112/><F110/><W54/><G109/><T50/><D39/><U105/><E105/><V65/><F106/><W131/><G117/><T15/><D119/><U92/><E92/><V76/><F35/><W89/><G107/><T62/><D78/><U55/><E55/><N who="3" m="21034" /><G131/><T95/><D62/><U113/><E113/><V83/><F112/><W74/><G74/><T118/><D118/><U41/><E41/><V103/><F128/><W48/><G125/><T61/><D61/><U70/><E66/><V47/><F124/><W96/><G123/><T99/><D26/><N who="1" m="16463" /><E75/><V111/><F111/><W16/><G30/><T135/><D120/><U58/><E58/><V22/><F22/><W53/><G64/><T86/><D121/><U2/><E73/><V49/><F103/><W79/><G79/><T88/><D99/><U108/><E108/><V45/><F45/><W34/><G34/><T14/><D87/><U127/><E127/><V60/><F60/><W38/><G38/><T82/><D85/><U77/><E77/><V10/><F67/><W33/><G33/><T36/><D36/><U132/><AGARI ba="0,0" hai="2,4,11,69,70,71,80,81,132,133,134" m="16463" machi="132" ten="40,1500,0" yaku="20,1" doraHai="46" who="1" fromWho="1" sc="246,-7,424,15,261,-4,69,-4" /><INIT seed="5,0,0,0,2,125" ten="239,439,257,65" oya="1" hai0="39,106,50,82,119,110,115,46,60,104,81,4,124" hai1="86,101,88,56,97,87,134,98,19,131,84,65,14" hai2="130,89,112,77,75,57,43,132,42,105,48,21,40" hai3="49,34,63,23,121,66,111,123,135,108,78,83,133"/><U47/><E134/><N who="3" m="51210" /><G23/><T109/><D124/><U31/><E31/><V103/><F105/><W70/><G34/><T68/><D4/><U91/><E47/><V95/><F75/><N who="3" m="43487" /><G49/><T128/><D50/><U12/><E131/><V90/><F130/><W36/><G36/><T17/><D128/><U58/><E101/><V71/><F71/><W45/><G45/><T73/><D46/><U2/><E2/><V51/><F57/><N who="1" m="22121" /><E65/><V9/><F132/><W33/><G33/><T85/><D39/><U102/><E102/><V30/><F30/><W61/><G61/><T3/><D60/><U15/><E19/><V129/><F129/><W25/><G25/><T62/><D17/><U69/><E69/><V11/><F51/><W114/><G114/><T76/><D115/><U1/><E1/><V118/><F48/><W74/><G74/><T22/><D73/><U24/><E24/><V13/><F112/><W67/><G67/><T5/><D3/><U52/><E52/><V55/><F55/><W53/><G53/><T80/><D68/><U93/><E93/><V38/><F38/><W59/><G59/><T72/><D72/><U32/><E32/><V7/><F42/><W18/><G18/><T26/><D26/><U29/><E29/><V127/><F43/><W27/><G27/><T20/><D62/><U37/><E37/><V35/><F40/><W96/><G96/><AGARI ba="0,0" hai="12,14,15,84,86,87,88,91,96,97,98" m="22121" machi="96" ten="40,12000,1" yaku="28,2,8,1,54,1" doraHai="125" who="1" fromWho="3" sc="239,0,439,120,257,0,65,-120" owari="239,-16.0,559,66.0,257,6.0,-55,-56.0" /></mjloggm>