<mjloggm ver="2.3"><GO type="169" lobby="0"/><UN n0="%E5%B0%B1%E6%B4%BB%E7%94%9F%40%E5%B7%9D%E6%9D%91%E8%BB%8D%E5%9B%A3" n1="%6D%6F%6E%6F%6B%65%61" n2="%E3%81%AF%E3%82%80" n3="%E3%83%A1%E3%82%A4%E3%82%A2%E3%82%AF%E3%83%88" dan="18,16,17,16" rate="2313.37,2115.62,2157.30,2067.66" sx="M,M,M,M"/><TAIKYOKU oya="0"/><INIT seed="0,0,0,2,5,114" ten="250,250,250,250" oya="0" hai0="58,15,109,124,63,87,11,128,110,97,3,90,53" hai1="1,94,99,86,35,67,25,100,111,64,108,14,59" hai2="6,82,95,30,134,84,41,76,18,81,133,24,49" hai3="103,2,28,27,34,56,122,125,129,48,54,65,113"/><T50/><D3/><U36/><E36/><V40/><F6/><W42/><G2/><T106/><D124/><U105/><E1/><V33/><F95/><W38/><G113/><T26/><D128/><U116/><E116/><V45/><F41/><W132/><G125/><T31/><D106/><U52/><E14/><V17/><REACH who="2" step="1"/><F82/><REACH who="2" ten="250,250,240,250" step="2"/><W44/><G129/><T101/><D101/><U68/><E94/><V96/><F96/><W8/><G103/><T78/><D97/><U12/><E99/><V107/><F107/><W117/><G122/><T60/><D109/><U73/><E100/><V120/><F120/><W71/><G132/><AGARI ba="0,1" hai="17,18,24,30,33,40,45,49,76,81,84,132,133,134" machi="132" ten="40,5200,0" yaku="1,1,20,1,53,1" doraHai="114" doraHaiUra="29" who="2" fromWho="3" sc="250,0,250,0,240,62,250,-52" /><INIT seed="1,0,0,0,3,77" ten="250,250,302,198" oya="1" hai0="21,122,130,12,60,54,61,36,110,70,71,81,107" hai1="133,1,120,82,4,101,88,39,93,15,31,19,103" hai2="5,99,83,124,11,35,59,69,64,9,24,94,84" hai3="100,13,112,46,72,20,98,108,97,123,29,79,68"/><U132/><E39/><V121/><F69/><W73/><G68/><T48/><D107/><U95/><E120/><V114/><F121/><W131/><G123/><T27/><D36/><U128/><E128/><V51/><F124/><W91/><G112/><T42/><D130/><U26/><E4/><V10/><F114/><W78/><G131/><T41/><D71/><U37/><E1/><V80/><F5/><W2/><G2/><T23/><D70/><U56/><E37/><V32/><F24/><W55/><G91/><T40/><D110/><U33/><E56/><V28/><F28/><W74/><G100/><T6/><D122/><U3/><E3/><V17/><F17/><W57/><G46/><T52/><D21/><U7/><E7/><V89/><F80/><W75/><G108/><T102/><D102/><U8/><E103/><V47/><F59/><W116/><G72/><T30/><D54/><U18/><E18/><V0/><F64/><W104/><G104/><T58/><REACH who="0" step="1"/><D81/><REACH who="0" ten="240,250,302,198" step="2"/><U50/><E101/><V119/><F119/><W92/><G55/><T16/><D16/><U115/><E115/><V96/><F83/><W76/><G20/><T118/><D118/><U62/><E82/><V134/><F35/><W111/><G116/><T90/><D90/><U34/><E33/><V117/><F32/><W49/><G75/><T38/><D38/><U87/><E95/><V113/><F117/><W67/><G74/><T106/><D106/><U43/><REACH who="1" step="1"/><E62/><REACH who="1" ten="240,240,302,198" step="2"/><V85/><F113/><W25/><G73/><T53/><D53/><U135/><E135/><V125/><F134/><RYUUKYOKU ba="0,2" sc="240,15,240,15,302,-15,198,-15" hai0="6,12,23,27,30,40,41,42,48,52,58,60,61" hai1="8,15,19,26,31,34,43,50,87,88,93,132,133" /><INIT seed="1,1,2,5,0,12" ten="255,255,287,183" oya="1" hai0="48,95,44,2,66,85,109,86,106,35,132,100,52" hai1="14,53,16,129,59,5,27,71,40,116,30,83,22" hai2="28,123,3,99,126,32,103,51,111,1,13,104,74" hai3="25,0,68,102,89,110,64,17,58,29,122,49,63"/><U130/><E71/><V125/><F74/><W18/><G0/><T70/><D2/><U133/><E116/><V97/><F123/><W93/><G122/><T54/><D109/><U94/><E40/><V45/><F111/><W19/><G110/><T75/><D75/><U135/><E83/><V128/><F128/><N who="1" m="49257" /><E94/><V26/><F97/><W62/><G102/><T9/><D35/><N who="1" m="20959" /><E5/><V105/><F105/><W56/><G49/><AGARI ba="1,2" hai="14,16,22,49,53,59,133,135" m="20959,49257" machi="49" ten="30,5800,0" yaku="19,1,52,1,54,1" doraHai="12" who="1" fromWho="3" sc="255,0,255,81,287,0,183,-61" /><INIT seed="1,2,0,3,1,92" ten="255,336,287,122" oya="1" hai0="57,65,112,87,113,75,61,19,30,82,70,38,125" hai1="103,129,89,115,54,130,56,118,44,98,108,124,37" hai2="106,86,11,88,39,20,1,132,66,111,14,78,123" hai3="22,127,94,62,121,69,5,102,3,23,72,81,25"/><U16/><E118/><V29/><F106/><W12/><G121/><T47/><D75/><U74/><E74/><V85/><F123/><W105/><G3/><T104/><D104/><U4/><E4/><V73/><F73/><W131/><G105/><T49/><D30/><U79/><E79/><V13/><F39/><W53/><G25/><T71/><D125/><U126/><E115/><V40/><F1/><W110/><G94/><T76/><D71/><U10/><E103/><V93/><F40/><W31/><G81/><T91/><D76/><U60/><E108/><V128/><F111/><W135/><G53/><T8/><D38/><U9/><E44/><V101/><F128/><N who="1" m="49257" /><E37/><V90/><F132/><W27/><G5/><T42/><D70/><U41/><E41/><V84/><F66/><W33/><G69/><T50/><D50/><U36/><E36/><V6/><F78/><W68/><G68/><T59/><D59/><U114/><E114/><V99/><REACH who="2" step="1"/><F14/><REACH who="2" ten="255,336,277,122" step="2"/><W18/><G12/><N who="0" m="7559" /><D113/><U58/><E89/><V134/><F134/><W34/><G135/><T107/><D112/><U46/><E126/><V80/><F80/><W67/><G127/><T133/><D133/><U120/><E124/><V95/><F95/><W64/><G110/><T17/><D107/><U21/><E120/><V109/><F109/><W97/><G72/><T45/><D91/><U122/><E122/><V116/><F116/><W2/><G2/><T0/><D0/><U26/><E46/><V32/><F32/><W100/><G131/><T96/><D47/><U55/><E98/><V52/><F52/><RYUUKYOKU ba="2,1" sc="255,-15,336,15,277,15,122,-15" hai1="9,10,16,21,26,54,55,56,58,60" hai2="6,11,13,20,29,84,85,86,88,90,93,99,101" /><INIT seed="1,3,1,1,3,87" ten="240,351,292,107" oya="1" hai0="19,27,38,34,74,4,79,58,128,17,88,115,20" hai1="5,86,132,78,103,125,6,110,130,16,65,7,97" hai2="116,99,73,80,94,63,25,107,133,1,26,36,52" hai3="98,40,56,33,119,8,0,92,30,96,134,85,48"/><U112/><E112/><V61/><F1/><W95/><G134/><T46/><D34/><U45/><E132/><V14/><F133/><W102/><G119/><T126/><D115/><U32/><E32/><V83/><F36/><W108/><G108/><T90/><D4/><U2/><E125/><V100/><F116/><W43/><G85/><T82/><D126/><U28/><E28/><V81/><F73/><W76/><G76/><T18/><D128/><U51/><E65/><V114/><F114/><W3/><G56/><T123/><D123/><U127/><E127/><V135/><F135/><W71/><G71/><T91/><REACH who="0" step="1"/><D58/><REACH who="0" ten="230,351,292,107" step="2"/><U55/><E130/><V77/><F77/><W11/><G33/><T124/><D124/><U120/><E120/><V93/><F107/><W39/><G39/><T66/><D66/><U22/><E110/><V122/><F122/><W129/><G129/><T121/><D121/><U42/><E2/><V67/><F67/><W64/><G64/><T70/><D70/><U106/><E6/><V109/><F109/><W60/><G3/><T117/><D117/><U69/><E69/><V53/><F63/><W41/><G60/><T59/><D59/><U37/><E7/><V50/><F61/><W15/><G0/><T104/><D104/><U49/><E5/><V23/><F50/><W35/><G48/><T44/><D44/><U84/><E51/><V47/><F47/><W101/><G15/><T113/><D113/><U29/><E49/><V131/><F131/><W105/><G105/><T9/><D9/><U57/><E106/><V10/><F10/><RYUUKYOKU ba="3,2" sc="230,15,351,-15,292,-15,107,15" hai0="17,18,19,20,27,38,46,74,79,82,88,90,91" hai3="8,11,30,35,40,41,43,92,95,96,98,101,102" /><INIT seed="2,4,2,0,4,70" ten="245,336,277,122" oya="2" hai0="100,88,121,13,104,11,105,73,82,8,71,113,69" hai1="86,45,17,0,96,54,108,123,103,64,16,40,51" hai2="55,34,53,89,47,128,6,31,67,85,117,120,81" hai3="65,27,124,12,24,52,115,118,134,130,37,74,87"/><V116/><F120/><W25/><G74/><T10/><D121/><U50/><E0/><V84/><F128/><W41/><G118/><T48/><D113/><U93/><E108/><V110/><F110/><W23/><G130/><T129/><D129/><U19/><E123/><V21/><F34/><W112/><G65/><T20/><D100/><U102/><E64/><V91/><F67/><W83/><G134/><T44/><D71/><U33/><E33/><V15/><F31/><W106/><G106/><T122/><D69/><U1/><E1/><V80/><F47/><N who="3" m="23983" /><G12/><T79/><D122/><U39/><E103/><V62/><F62/><W125/><G23/><T97/><D20/><U59/><REACH who="1" step="1"/><E86/><REACH who="1" ten="245,326,277,122" step="2"/><V98/><F84/><W9/><G9/><T18/><D104/><U107/><E107/><V75/><F85/><W66/><G66/><T56/><D105/><U14/><E14/><V95/><F15/><W76/><G52/><T49/><D10/><U4/><E4/><V32/><F6/><W3/><G3/><T35/><D11/><U7/><E7/><V42/><F53/><W2/><G2/><T22/><D35/><U101/><E101/><V5/><F55/><W63/><G115/><T90/><D8/><U57/><E57/><V99/><F32/><W29/><G112/><T60/><D13/><U61/><AGARI ba="4,3" hai="16,17,19,39,40,45,50,51,54,59,61,93,96,102" machi="61" ten="30,7900,0" yaku="1,1,0,1,52,1,54,1,53,0" doraHai="70" doraHaiUra="133" who="1" fromWho="1" sc="245,-24,326,121,277,-43,122,-24" /><INIT seed="3,0,0,4,0,101" ten="221,447,234,98" oya="3" hai0="132,49,69,133,32,92,118,100,135,126,124,42,74" hai1="25,14,121,57,125,43,114,24,88,66,13,122,3" hai2="35,12,33,79,116,73,30,34,45,130,68,55,27" hai3="106,9,134,37,89,98,47,84,52,46,78,90,6"/><W8/><G78/><T62/><D32/><U40/><E3/><V97/><F68/><W131/><G131/><T16/><D74/><U112/><E66/><V80/><F130/><W95/><G134/><T15/><D118/><U22/><E57/><V72/><F116/><W20/><G37/><T11/><D92/><U110/><E22/><V81/><F97/><W18/><G106/><T26/><D26/><U56/><E56/><V111/><F111/><W71/><G71/><T107/><D42/><U103/><E103/><V39/><F12/><W77/><G77/><T85/><D85/><U119/><E88/><V31/><F55/><W67/><G67/><N who="0" m="41207" /><D49/><U99/><E99/><AGARI ba="0,0" hai="11,15,16,99,100,107,124,126,132,133,135" m="41207" machi="99" ten="40,5200,0" yaku="20,1,52,1,54,1" doraHai="101" who="0" fromWho="1" sc="221,52,447,-52,234,0,98,0" /><INIT seed="4,0,0,5,4,24" ten="273,395,234,98" oya="0" hai0="76,45,84,101,111,35,20,42,133,41,55,38,66" hai1="46,31,18,8,1,48,95,62,16,96,107,77,94" hai2="23,37,6,15,12,88,21,51,73,129,4,125,69" hai3="28,60,54,102,79,113,75,103,119,131,123,14,72"/><T110/><D35/><U58/><E77/><V59/><F37/><W29/><G119/><T36/><D101/><N who="3" m="38409" /><G75/><T97/><D97/><U124/><E107/><V105/><F105/><W130/><G72/><T0/><D0/><U64/><E124/><V132/><F73/><W71/><G79/><T74/><D74/><U5/><E31/><N who="3" m="11850" /><G71/><T98/><D98/><U117/><E94/><V26/><F69/><W63/><G113/><T121/><D38/><U93/><E93/><V112/><F129/><N who="3" m="49163" /><G123/><T39/><D76/><U13/><E117/><V25/><F112/><W61/><G14/><T109/><D121/><U106/><E106/><V52/><F15/><W80/><G80/><T17/><D111/><U89/><E13/><V82/><F12/><W91/><G91/><T128/><D128/><U3/><E3/><V118/><F88/><W92/><G92/><T120/><D120/><U86/><E96/><V90/><F90/><W7/><G7/><T67/><D109/><U114/><E114/><V32/><F4/><W30/><N who="3" m="11858" /><W135/><DORA hai="104" /><G135/><T33/><D133/><U22/><E22/><V53/><F21/><W49/><G49/><T122/><D20/><U134/><E134/><V87/><F23/><W108/><G108/><T99/><D99/><U47/><E48/><V68/><F51/><W57/><AGARI ba="0,0" hai="54,57,60,61,63" m="49163,11858,38409" machi="57" ten="40,8000,1" yaku="19,1,52,4" doraHai="24,104" who="3" fromWho="3" sc="273,-40,395,-20,234,-20,98,80" /><INIT seed="5,0,0,4,3,131" ten="233,375,214,178" oya="1" hai0="102,9,128,87,34,134,22,24,50,135,15,70,20" hai1="76,113,1,16,115,93,100,123,91,51,96,18,10" hai2="109,82,124,94,8,117,111,62,2,44,31,59,104" hai3="26,80,129,14,65,68,58,101,33,39,89,125,81"/><U7/><E123/><V72/><F104/><W92/><G39/><T126/><D70/><U40/><E76/><V54/><F124/><W32/><G68/><T43/><D102/><U105/><E40/><V74/><F117/><W63/><G129/><T57/><D128/><U121/><E121/><V3/><F31/><W52/><G101/><T53/><D43/><U78/><E51/><V41/><F94/><W73/><G125/><T0/><D0/><U55/><E55/><V47/><F47/><W21/><G14/><T60/><D60/><U90/><E78/><N who="2" m="44359" /><F74/><W67/><G73/><T46/><D57/><U116/><E116/><V79/><F3/><W25/><G25/><T99/><D99/><U108/><E108/><V48/><F79/><W95/><G95/><T28/><D87/><U103/><E103/><V4/><F62/><W6/><G6/><N who="0" m="3511" /><D126/><U97/><E91/><V86/><F86/><W118/><G118/><T71/><D71/><U35/><E35/><V84/><F84/><N who="3" m="52263" /><G32/><T23/><D34/><U45/><E45/><V119/><F119/><W130/><G33/><T27/><D28/><U11/><E97/><V36/><AGARI ba="0,0" hai="2,4,8,36,41,44,48,54,59,109,111" m="44359" machi="36" ten="30,1100,0" yaku="25,1" doraHai="131" who="2" fromWho="2" sc="233,-3,375,-5,214,11,178,-3" /><INIT seed="6,0,0,2,2,119" ten="230,370,225,175" oya="2" hai0="113,106,35,105,32,78,99,127,90,66,118,11,102" hai1="86,133,45,56,92,59,6,1,124,17,111,95,25" hai2="64,37,53,34,55,77,48,62,134,104,60,70,131" hai3="130,109,31,61,47,74,8,57,72,80,97,12,50"/><V116/><F34/><W33/><G109/><T26/><D106/><U132/><E6/><V75/><F104/><W36/><G36/><T128/><D113/><U112/><E1/><V82/><F116/><W23/><G33/><T65/><D78/><U79/><E112/><V14/><F131/><W100/><G130/><T87/><D127/><U63/><E45/><V15/><F37/><W43/><G80/><T122/><D122/><U83/><E111/><V29/><F29/><W89/><G89/><T93/><D11/><U20/><E59/><V13/><F134/><N who="1" m="51817" /><E124/><V117/><F117/><W135/><G135/><T28/><D128/><U51/><E51/><V107/><F107/><W30/><G23/><T7/><D7/><U19/><E19/><V94/><F48/><W39/><G74/><T46/><D35/><U121/><E121/><V120/><F120/><W98/><G72/><T67/><D118/><U5/><E5/><V42/><F42/><W58/><G58/><T41/><D67/><AGARI ba="0,0" hai="17,20,25,56,63,67,79,83,86,92,95" m="51817" machi="67" ten="30,1000,0" yaku="20,1" doraHai="119" who="1" fromWho="0" sc="230,-10,370,10,225,0,175,0" /><INIT seed="7,0,0,0,4,41" ten="220,380,225,175" oya="3" hai0="112,89,71,32,119,111,70,126,68,7,53,61,113" hai1="18,28,129,114,58,90,24,0,6,96,110,33,12" hai2="115,13,52,38,92,20,83,3,40,1,80,124,47" hai3="93,75,63,86,55,104,31,74,107,135,101,118,125"/><W54/><G118/><T132/><D111/><U23/><E110/><V105/><F115/><N who="0" m="44106" /><D32/><U133/><E129/><V121/><F105/><W11/><G135/><T17/><D126/><U36/><E36/><V108/><F108/><W66/><G125/><T94/><D132/><U56/><E114/><V42/><F124/><W26/><G11/><T22/><D7/><U14/><E14/><V79/><F42/><W85/><G26/><N who="0" m="14671" /><D119/><U62/><E133/><V109/><F109/><W134/><G134/><T91/><D94/><U48/><E6/><V127/><F127/><W72/><G31/><T27/><D27/><U4/><E4/><V46/><F92/><W64/><G93/><T82/><D82/><U45/><E24/><V35/><F35/><W120/><G63/><T49/><D61/><U100/><E62/><V88/><F80/><W10/><G10/><T103/><D103/><U130/><E100/><V9/><F20/><W50/><G101/><T78/><D78/><U73/><E23/><V43/><F79/><W128/><G120/><T25/><D25/><U106/><E33/><V5/><F121/><W116/><G116/><T16/><D16/><U97/><E18/><V29/><F29/><W77/><G77/><T39/><D39/><U76/><E76/><V99/><F83/><W84/><G128/><T81/><D81/><U67/><E130/><V8/><F8/><W69/><G69/><T57/><AGARI ba="0,0" hai="49,53,57,68,70,71,89,91" m="14671,44106" machi="57" ten="40,2700,0" yaku="15,1,11,1" doraHai="41" who="0" fromWho="0" sc="220,27,380,-7,225,-7,175,-13" owari="247,5.0,373,47.0,218,-18.0,162,-34.0" /></mjloggm>