<mjloggm ver="2.3"><GO type="169" lobby="0"/><UN n0="%E2%80%A0%E3%81%BE%E3%83%BC%E5%9D%8A%E2%80%A0" n1="%67%73%6B%67%33" n2="%E3%83%88%E3%83%88%E3%83%AA%E5%85%88%E7%94%9F%31%39%E6%AD%B3" n3="%E3%83%AC%E3%82%B0%E3%83%AA%E3%82%B9" dan="17,17,19,16" rate="2170.59,2197.19,2271.60,2084.17" sx="M,M,F,M"/><TAIKYOKU oya="0"/><INIT seed="0,0,0,1,0,64" ten="250,250,250,250" oya="0" hai0="119,53,31,99,63,86,0,12,32,120,10,102,127" hai1="37,43,97,65,129,11,90,7,95,130,19,2,134" hai2="22,67,6,66,132,9,76,13,123,51,83,101,54" hai3="92,33,80,106,56,125,46,77,96,133,104,112,78"/><T108/><D119/><U103/><E134/><V115/><F115/><W81/><G33/><T5/><D120/><U50/><E37/><V100/><F132/><W128/><G112/><T30/><D127/><U79/><E65/><V28/><F123/><W20/><G133/><T4/><D108/><U118/><E118/><V91/><F91/><N who="3" m="55327" /><G56/><T72/><D72/><U93/><E79/><N who="3" m="30218" /><G46/><T18/><D86/><U38/><E38/><V111/><F111/><W21/><G20/><T69/><D32/><U124/><E124/><V135/><F135/><W36/><G21/><T122/><D122/><U26/><E43/><V88/><F67/><W29/><G29/><T39/><D39/><U68/><E50/><V74/><F66/><W1/><G1/><T16/><D69/><U47/><E47/><V61/><F61/><W17/><G17/><N who="0" m="6763" /><D0/><U40/><E68/><V57/><F28/><N who="0" m="10794" /><D4/><U87/><E40/><V41/><F41/><W49/><G125/><T62/><D53/><U44/><E44/><V45/><F45/><W55/><G36/><T114/><D114/><U117/><E117/><V27/><F22/><W23/><G23/><T109/><D109/><U34/><E19/><V8/><F27/><W24/><G24/><T73/><D73/><U110/><E110/><V131/><F54/><W35/><G35/><T116/><D116/><U60/><E34/><V89/><F6/><W14/><G55/><T121/><D121/><U59/><E26/><V126/><F126/><W15/><G106/><N who="0" m="63839" /><D63/><U98/><E98/><V94/><F74/><W71/><G104/><T82/><D62/><RYUUKYOKU ba="0,0" sc="250,15,250,15,250,-15,250,-15" hai0="5,10,12,82" hai1="2,7,11,59,60,87,90,93,95,97,103,129,130" /><INIT seed="0,1,0,0,3,24" ten="265,265,235,235" oya="0" hai0="23,30,120,61,25,93,63,135,9,128,79,100,46" hai1="96,41,131,98,51,39,103,105,115,32,29,4,109" hai2="89,117,70,26,16,66,45,74,107,108,36,90,87" hai3="19,84,124,110,104,85,68,47,3,60,15,123,62"/><T122/><D128/><U5/><E109/><V49/><F74/><W58/><G104/><T72/><D135/><U132/><E39/><V81/><F107/><W55/><G3/><T0/><D120/><U80/><E131/><V21/><F108/><W28/><G110/><T130/><D122/><U76/><E132/><V52/><F117/><W95/><G123/><T59/><D130/><U126/><E126/><V86/><F36/><W56/><G68/><T99/><D46/><U127/><E127/><V22/><F70/><W118/><G118/><T119/><D119/><U40/><E98/><V71/><F71/><W77/><G47/><T53/><D72/><U44/><E41/><V134/><F134/><W48/><G124/><T83/><D83/><U129/><E129/><V97/><F97/><W38/><G38/><T121/><D79/><U20/><E32/><V111/><F111/><W114/><G114/><T67/><D121/><U82/><E115/><V101/><F66/><N who="3" m="39175" /><G77/><T69/><D9/><U27/><REACH who="1" step="1"/><E82/><REACH who="1" ten="265,255,235,235" step="2"/><N who="2" m="49367" /><F21/><N who="3" m="11519" /><G85/><AGARI ba="1,1" hai="4,5,20,27,29,40,44,51,76,80,85,96,103,105" machi="85" ten="30,3900,0" yaku="1,1,7,1,52,1,53,0" doraHai="24" doraHaiUra="11" who="1" fromWho="3" sc="265,0,255,52,235,0,235,-42" /><INIT seed="1,0,0,0,1,53" ten="265,307,235,193" oya="1" hai0="51,111,104,19,125,47,109,91,40,5,34,94,12" hai1="93,90,8,0,49,36,1,98,14,67,132,56,77" hai2="126,24,11,29,7,99,22,108,100,73,112,134,101" hai3="28,43,97,3,71,23,2,81,82,87,128,15,129"/><U123/><E123/><V86/><F73/><W39/><G71/><T127/><D104/><U106/><E36/><V30/><F108/><N who="0" m="41546" /><D34/><U118/><E118/><V26/><F134/><W72/><G72/><T16/><D5/><U114/><E114/><V60/><F126/><N who="0" m="48138" /><D12/><U61/><E132/><V63/><F86/><AGARI ba="0,0" hai="16,19,40,47,51,86,91,94" m="48138,41546" machi="86" ten="30,3900,0" yaku="14,1,18,1,54,1" doraHai="53" who="0" fromWho="2" sc="265,39,307,0,235,-39,193,0" /><INIT seed="2,0,0,5,3,112" ten="304,307,196,193" oya="2" hai0="39,49,84,44,26,12,117,72,116,36,64,133,120" hai1="37,32,92,115,56,24,68,78,105,2,108,101,106" hai2="50,128,126,107,69,97,0,29,46,5,43,6,17" hai3="118,87,34,62,70,109,22,89,66,33,58,88,31"/><V35/><F69/><W119/><G109/><T93/><D72/><U30/><E56/><V91/><F128/><W4/><G4/><T129/><D120/><U48/><E48/><V81/><F126/><W60/><G89/><N who="0" m="53415" /><D129/><U57/><E57/><V123/><F123/><W21/><G33/><T122/><D122/><U52/><E52/><V10/><F5/><W94/><G34/><T102/><D102/><U27/><E92/><V53/><F17/><W63/><G63/><T47/><D64/><U55/><E55/><V125/><F125/><W135/><G135/><T51/><D26/><U95/><E95/><V100/><F35/><W23/><REACH who="3" step="1"/><G31/><REACH who="3" ten="304,307,196,183" step="2"/><T124/><D124/><U132/><E30/><V103/><F29/><W110/><G110/><T19/><D133/><U75/><E108/><V127/><F127/><W3/><G3/><T65/><D65/><AGARI ba="0,1" hai="21,22,23,58,60,62,65,66,70,87,88,94,118,119" machi="65" ten="40,8000,1" yaku="1,1,52,2,54,1,53,0" doraHai="112" doraHaiUra="7" who="3" fromWho="0" sc="304,-80,307,0,196,0,183,90" /><INIT seed="3,0,0,1,5,91" ten="224,307,196,273" oya="3" hai0="126,124,46,51,118,122,131,61,21,42,70,81,92" hai1="58,39,106,18,20,36,44,33,11,12,63,123,47" hai2="22,31,38,132,7,45,25,78,4,48,119,113,129" hai3="127,133,10,109,0,87,28,26,9,80,69,32,16"/><W121/><G69/><T110/><D118/><U35/><E106/><V50/><F119/><W17/><G121/><T62/><D122/><U2/><E123/><V98/><F113/><W57/><G127/><T86/><D110/><U108/><E108/><V66/><F38/><W77/><G109/><T79/><D131/><U82/><E39/><V3/><F129/><W74/><G133/><T94/><D70/><U90/><E36/><V59/><F132/><W60/><G74/><T115/><D115/><U111/><E111/><V23/><F3/><W73/><G73/><T34/><D34/><U72/><E35/><V49/><F78/><W116/><G116/><T5/><D5/><U52/><E33/><V71/><F71/><W101/><G101/><T120/><D120/><U130/><E130/><V103/><F23/><W114/><G114/><T13/><D126/><U95/><E2/><V29/><F29/><W40/><G40/><T88/><D124/><U8/><E82/><V37/><F45/><N who="1" m="17481" /><E72/><V54/><F37/><W99/><G99/><AGARI ba="0,0" hai="8,11,12,18,20,52,58,63,90,95,99" m="17481" machi="99" ten="30,3900,0" yaku="8,1,52,1,54,1" doraHai="91" who="1" fromWho="3" sc="224,0,307,39,196,0,273,-39" /><INIT seed="4,0,0,3,3,57" ten="224,346,196,234" oya="0" hai0="56,109,29,11,73,32,120,27,90,76,110,67,46" hai1="10,31,95,42,75,17,117,74,103,62,15,1,16" hai2="107,112,80,72,118,2,9,123,77,78,122,5,61" hai3="113,41,12,81,58,133,135,59,127,63,49,121,13"/><T33/><D120/><U92/><E117/><V71/><F118/><W130/><G113/><T60/><D33/><U34/><E42/><V131/><F112/><W104/><G104/><T38/><D11/><U54/><E1/><V101/><F78/><W68/><G121/><T18/><D18/><U111/><E111/><V28/><F28/><W100/><G68/><T89/><D38/><U82/><E82/><V51/><F51/><W30/><G100/><T22/><D46/><U0/><E0/><V83/><F83/><W87/><G30/><T55/><D32/><U26/><E103/><V85/><F85/><W125/><G130/><T115/><D115/><U25/><E74/><V94/><F94/><W114/><G114/><T70/><D76/><U99/><E75/><V19/><F19/><W37/><G37/><T69/><D73/><U79/><E79/><V23/><F23/><W119/><G119/><T93/><D70/><U40/><E17/><V134/><F134/><N who="3" m="51211" /><G49/><N who="0" m="30831" /><D93/><U14/><E92/><V3/><F3/><W6/><G6/><T21/><D21/><U43/><E34/><V35/><F131/><W126/><G41/><T88/><D110/><U4/><E40/><V97/><F35/><W8/><G8/><T24/><D109/><U47/><E43/><V84/><REACH who="2" step="1"/><F72/><REACH who="2" ten="224,346,186,234" step="2"/><W116/><G116/><T7/><D7/><U108/><E4/><V39/><F39/><W48/><G81/><T20/><D29/><U86/><E31/><V64/><AGARI ba="0,1" hai="2,5,9,61,64,71,77,80,84,97,101,107,122,123" machi="64" ten="30,4000,0" yaku="1,1,0,1,52,1,53,0" doraHai="57" doraHaiUra="44" who="2" fromWho="2" sc="224,-20,346,-10,186,50,234,-10" /><INIT seed="5,0,0,4,5,125" ten="204,336,236,224" oya="1" hai0="94,51,22,135,8,16,18,50,63,17,48,79,113" hai1="93,92,5,42,116,66,80,81,27,39,73,76,122" hai2="21,61,55,104,2,85,26,110,118,130,103,99,60" hai3="64,38,70,97,49,83,30,65,71,36,52,120,89"/><U34/><E66/><N who="3" m="25706" /><G97/><T15/><D113/><U54/><E116/><V95/><F110/><W11/><G89/><T62/><D135/><U56/><E122/><V115/><F118/><W13/><G83/><T47/><D79/><U32/><E5/><V91/><F2/><W67/><G13/><T68/><D47/><U131/><E42/><V87/><F115/><W43/><G11/><T109/><D109/><U132/><E39/><N who="3" m="14890" /><G30/><T88/><D68/><N who="3" m="26153" /><G120/><T10/><D10/><U4/><E27/><V24/><F87/><W57/><N who="3" m="25714" /><W25/><DORA hai="126" /><G25/><N who="0" m="14535" /><D18/><U124/><E4/><V112/><F112/><W46/><G57/><T9/><D9/><U28/><E56/><V82/><F24/><W69/><N who="3" m="26161" /><W100/><DORA hai="7" /><G100/><T40/><D40/><AGARI ba="0,0" hai="40,43,46,49,52" m="26161,14890,25714" machi="40" ten="50,12000,2" yaku="35,5,54,1" doraHai="125,126,7" who="3" fromWho="0" sc="204,-120,336,0,236,0,224,120" /><INIT seed="6,0,0,1,5,56" ten="84,336,236,344" oya="2" hai0="99,93,122,31,91,124,14,42,36,5,53,17,13" hai1="106,18,80,71,133,78,19,97,79,34,119,73,114" hai2="20,27,33,81,2,9,86,95,46,90,82,116,135" hai3="109,59,127,66,107,121,26,6,104,87,55,123,48"/><V1/><F116/><W30/><G109/><T76/><D122/><U43/><E34/><V15/><F33/><W117/><G117/><T126/><D31/><U89/><E71/><V51/><F135/><W24/><G127/><T39/><D76/><U52/><E43/><V69/><F69/><W32/><G6/><T128/><D128/><U134/><E119/><V63/><F1/><W88/><G24/><T72/><D72/><U11/><E79/><V84/><F2/><W101/><G66/><T100/><D42/><U130/><E114/><V28/><F63/><W38/><G38/><T85/><D39/><U47/><E11/><V75/><F75/><W45/><G45/><T92/><D36/><U113/><E113/><V61/><F61/><W25/><G25/><T98/><D124/><U96/><E130/><V54/><REACH who="2" step="1"/><F84/><REACH who="2" ten="84,336,226,344" step="2"/><W50/><G121/><T115/><D126/><U22/><E134/><V64/><F64/><W108/><G123/><T125/><D125/><U67/><E67/><V120/><F120/><W65/><G65/><T94/><D115/><U110/><E73/><V29/><F29/><W8/><G30/><T10/><D53/><U112/><E52/><V57/><F57/><W41/><G32/><T60/><D60/><U35/><E35/><V74/><F74/><W3/><G55/><T0/><REACH who="0" step="1"/><D17/><AGARI ba="0,1" hai="9,15,17,20,27,28,46,51,54,81,82,86,90,95" machi="17" ten="30,12000,1" yaku="1,1,7,1,8,1,53,2" doraHai="56" doraHaiUra="77" who="2" fromWho="0" sc="84,-120,336,0,226,130,344,0" owari="-36,-54.0,336,-6.0,356,46.0,344,14.0" /></mjloggm>