<mjloggm ver="2.3"><GO type="169" lobby="0"/><UN n0="%E8%82%89%E2%98%86%E6%A3%92%E5%A4%AA%E9%83%8E" n1="%E3%83%8B%E3%83%A3%E3%83%83%E3%83%94%E3%83%BC%E5%A4%8F%E7%9B%AE" n2="%E3%81%BD%E3%82%93%E3%81%93%E3%81%A4%E9%98%BF%E8%B3%80%E9%87%8E%E5%A7%89" n3="%E5%B0%B1%E6%B4%BB%E7%94%9F%40%E5%B7%9D%E6%9D%91%E8%BB%8D%E5%9B%A3" dan="16,16,16,18" rate="2120.52,2077.47,2125.73,2307.74" sx="M,M,F,M"/><TAIKYOKU oya="0"/><INIT seed="0,0,0,4,0,12" ten="250,250,250,250" oya="0" hai0="3,4,75,99,104,50,109,80,32,58,89,108,116" hai1="135,82,15,92,74,91,68,133,76,25,2,55,51" hai2="44,29,11,36,34,7,17,97,40,85,49,87,86" hai3="107,59,23,48,46,0,128,123,88,57,93,62,90"/><T121/><D116/><U102/><E2/><V122/><F122/><W129/><G107/><T63/><D121/><U131/><E68/><V127/><F127/><W78/><G0/><T16/><D32/><U56/><E131/><V110/><F110/><N who="0" m="42602" /><D50/><U103/><E25/><V35/><F29/><W10/><G78/><N who="0" m="44127" /><D3/><U111/><E111/><V54/><F34/><W42/><G123/><T100/><D4/><U106/><E15/><V47/><F35/><W66/><G10/><T9/><D89/><U118/><E118/><V31/><F31/><W96/><G90/><T125/><D125/><U120/><E120/><V1/><F17/><W6/><G6/><T41/><D41/><U112/><E112/><V37/><F37/><W69/><G23/><T95/><D95/><U52/><E106/><V94/><F94/><W101/><G101/><T8/><D8/><U22/><E103/><V67/><F36/><W79/><G79/><T124/><D124/><U33/><E33/><V98/><F40/><W115/><G115/><T24/><D58/><U43/><E102/><V126/><F126/><W26/><G59/><T30/><D63/><N who="1" m="36231" /><E22/><V77/><F77/><W65/><G57/><T64/><D64/><U21/><E21/><V20/><F67/><W119/><G66/><T28/><D24/><U72/><E43/><N who="2" m="24735" /><F20/><W83/><G119/><T13/><AGARI ba="0,0" hai="9,13,16,28,30,99,100,104" m="44127,42602" machi="13" ten="30,11700,0" yaku="14,1,10,1,52,1,54,1" doraHai="12" who="0" fromWho="0" sc="250,117,250,-39,250,-39,250,-39" /><INIT seed="0,1,0,2,1,70" ten="367,211,211,211" oya="0" hai0="13,18,60,105,5,51,12,58,111,28,64,26,113" hai1="129,121,42,118,47,66,86,8,71,44,93,49,79" hai2="133,112,30,76,101,74,72,36,85,103,132,21,83" hai3="100,32,87,61,135,4,109,14,16,130,115,41,128"/><T23/><D113/><U57/><E118/><V39/><F112/><W56/><G115/><T17/><D105/><U99/><E121/><V89/><F30/><W35/><G4/><T6/><D51/><U102/><E129/><N who="3" m="49770" /><G109/><T48/><D48/><U123/><E123/><V45/><F45/><W1/><G1/><T78/><D78/><U0/><E71/><V52/><F52/><N who="3" m="33927" /><G135/><N who="2" m="51785" /><F21/><N who="3" m="11415" /><G100/><N who="2" m="38473" /><F72/><W110/><G110/><T38/><D111/><U119/><E0/><V92/><AGARI ba="1,0" hai="36,39,74,76,83,85,89,92" m="38473,51785" machi="92" ten="30,4000,0" yaku="20,1,52,2" doraHai="70" who="2" fromWho="2" sc="367,-21,211,-11,211,43,211,-11" /><INIT seed="1,0,0,4,5,8" ten="346,200,254,200" oya="1" hai0="118,123,73,125,131,4,135,70,32,89,53,93,41" hai1="57,75,84,34,58,21,85,33,126,83,120,42,55" hai2="30,1,59,63,14,44,25,106,96,74,17,65,46" hai3="90,67,23,107,102,117,92,6,15,13,52,88,20"/><U10/><E120/><V56/><F74/><W51/><G107/><T5/><D70/><U128/><E128/><V60/><F1/><W78/><G78/><T28/><D73/><U110/><E126/><V129/><F129/><W111/><G111/><T62/><D41/><U76/><E42/><V49/><F96/><N who="3" m="59655" /><G67/><T54/><D131/><U103/><E103/><V16/><F106/><W2/><G2/><T11/><D118/><U100/><E100/><V87/><F87/><W50/><G50/><T104/><D104/><U132/><E58/><V116/><F116/><W35/><G35/><T80/><D80/><BYE who="0" /><U133/><E110/><V66/><F49/><W61/><G61/><T91/><D91/><N who="3" m="34857" /><G117/><T98/><D98/><U82/><E34/><V37/><F37/><W0/><G0/><T134/><D134/><U29/><E33/><V12/><F30/><UN n0="%E8%82%89%E2%98%86%E6%A3%92%E5%A4%AA%E9%83%8E" /><W47/><G6/><T77/><D5/><U130/><E130/><V122/><REACH who="2" step="1"/><F25/><REACH who="2" ten="346,200,244,200" step="2"/><W97/><G97/><T94/><D28/><U7/><E75/><V124/><F124/><W69/><G69/><T68/><D68/><U79/><E29/><V18/><F18/><W71/><G71/><T3/><D3/><U81/><E133/><V86/><F86/><W19/><G23/><T39/><D135/><U105/><E132/><V64/><F64/><W108/><G108/><T45/><D125/><U101/><E21/><V22/><F22/><W48/><G48/><T112/><D39/><U9/><E7/><V31/><F31/><W121/><G121/><AGARI ba="0,1" hai="12,14,16,17,44,46,56,59,60,63,65,66,121,122" machi="121" ten="25,12000,2" yaku="1,1,22,2,52,2,54,1,53,0" doraHai="8" doraHaiUra="95" who="2" fromWho="3" sc="346,0,200,0,244,130,200,-120" /><INIT seed="2,0,0,3,0,80" ten="346,200,374,80" oya="2" hai0="68,117,88,31,24,8,26,13,96,25,29,10,112" hai1="72,84,107,61,51,79,89,33,119,14,83,109,125" hai2="87,132,3,106,118,105,6,17,133,64,49,55,95" hai3="120,66,86,0,62,100,126,32,99,23,18,45,2"/><V92/><F118/><W53/><G32/><T9/><D68/><U71/><E33/><V82/><F64/><W76/><G120/><T129/><D117/><U93/><E119/><V127/><F6/><W60/><G126/><T37/><D37/><U7/><E109/><V40/><F3/><W46/><G0/><T104/><D104/><U110/><E110/><V124/><F40/><W70/><G2/><T16/><D112/><U21/><E125/><N who="2" m="48203" /><F17/><W131/><G131/><T116/><D129/><U74/><E107/><N who="2" m="40971" /><F55/><W5/><G5/><T69/><D69/><U54/><E7/><V134/><F49/><W19/><G19/><T122/><D122/><U113/><E113/><V39/><F39/><W65/><G53/><T20/><D116/><U22/><E61/><V34/><F34/><W38/><G38/><T98/><D96/><U108/><E71/><V102/><F102/><W73/><G60/><T43/><D43/><U42/><E42/><V48/><F48/><W27/><G66/><T35/><D35/><U67/><E67/><V128/><F128/><W114/><G114/><T36/><D36/><U57/><E108/><V28/><F28/><N who="0" m="10826" /><D98/><U103/><E103/><V52/><F52/><W15/><G99/><T47/><D47/><N who="3" m="17929" /><G100/><T58/><D58/><U135/><E57/><V111/><F111/><W91/><G62/><T90/><AGARI ba="0,0" hai="8,9,10,13,16,20,24,25,26,88,90" m="10826" machi="90" ten="40,5200,0" yaku="8,1,54,2" doraHai="80" who="0" fromWho="0" sc="346,52,200,-13,374,-26,80,-13" /><INIT seed="3,0,0,5,2,72" ten="398,187,348,67" oya="3" hai0="74,50,10,2,48,59,5,66,26,116,107,21,4" hai1="53,71,52,7,35,92,123,80,114,131,91,69,132" hai2="41,88,37,47,134,9,31,90,105,133,130,36,17" hai3="84,124,126,30,8,64,75,94,51,122,38,102,43"/><W95/><G38/><T40/><D107/><U79/><E123/><V128/><F105/><W60/><G75/><T109/><D116/><U19/><E114/><V63/><F31/><W18/><G122/><T56/><D109/><U28/><E7/><V117/><F117/><W6/><G30/><T27/><D74/><U34/><E132/><N who="2" m="50795" /><F37/><W129/><G129/><N who="2" m="49769" /><F63/><W13/><G102/><T103/><D103/><U83/><E131/><V135/><N who="2" m="50803" /><V11/><DORA hai="73" /><F9/><W29/><G29/><T111/><D10/><U49/><E28/><V86/><F86/><W23/><G84/><T119/><D2/><U54/><E34/><V82/><F82/><W127/><G51/><T12/><D119/><U62/><E83/><V68/><F68/><W78/><G43/><T33/><D40/><U65/><E69/><V112/><F112/><W46/><G46/><T118/><D33/><U44/><E35/><V57/><F57/><N who="3" m="36879" /><G78/><T20/><D118/><U67/><E71/><V98/><F98/><W25/><AGARI ba="0,0" hai="6,8,13,18,23,25,94,95,124,126,127" m="36879" machi="25" ten="30,1500,0" yaku="18,1" doraHai="72,73" who="3" fromWho="3" sc="398,-5,187,-5,348,-5,67,15" /><INIT seed="3,1,0,1,3,81" ten="393,182,343,82" oya="3" hai0="98,3,17,124,80,28,27,126,70,37,114,93,121" hai1="135,39,55,60,69,78,106,38,85,20,104,7,30" hai2="15,99,133,101,72,53,54,23,32,105,134,130,91" hai3="18,36,84,49,1,92,103,44,102,19,89,127,57"/><W29/><G127/><N who="0" m="48683" /><D37/><U2/><E135/><N who="2" m="51723" /><F32/><W119/><G119/><T131/><D3/><U43/><E7/><V86/><F130/><W82/><G1/><T125/><D70/><U52/><E2/><V77/><F77/><W47/><G36/><T120/><D131/><U56/><E69/><V22/><F72/><W68/><G68/><T50/><D50/><U76/><E39/><V67/><F67/><W14/><G29/><T75/><D17/><N who="3" m="6153" /><G14/><T62/><D62/><U74/><E76/><V11/><F11/><W16/><N who="3" m="6161" /><W118/><DORA hai="34" /><G118/><T31/><D114/><U66/><E74/><V95/><F15/><W58/><G47/><T25/><D75/><U42/><E38/><V41/><F41/><N who="1" m="15369" /><E106/><V45/><F45/><W112/><G112/><T4/><D80/><N who="1" m="47255" /><E104/><V71/><F71/><W129/><G129/><T117/><D4/><U24/><AGARI ba="1,0" hai="20,24,30,52,55,56,60,66" m="47255,15369" machi="24" ten="30,4000,0" yaku="8,1,52,1,54,1" doraHai="81,34" who="1" fromWho="1" sc="393,-11,182,43,343,-11,82,-21" /><INIT seed="4,0,0,1,2,125" ten="382,225,332,61" oya="0" hai0="68,12,85,97,114,104,24,135,121,77,102,111,32" hai1="110,56,9,74,69,13,66,83,113,26,6,43,16" hai2="37,5,72,63,8,45,120,115,87,118,34,73,76" hai3="10,39,55,101,36,98,94,52,38,116,21,28,80"/><T60/><D121/><U131/><E110/><V123/><F34/><W117/><G10/><T134/><D114/><U122/><E122/><V78/><F115/><W47/><G80/><N who="0" m="47247" /><D12/><U31/><E113/><V57/><F118/><W119/><REACH who="3" step="1"/><G47/><REACH who="3" ten="382,225,332,51" step="2"/><T129/><D111/><U14/><E9/><V22/><F120/><W70/><G70/><T25/><D32/><U42/><E69/><V82/><F45/><W19/><G19/><T81/><D81/><U17/><E16/><V50/><F123/><W89/><G89/><T84/><D68/><U105/><E17/><V3/><F22/><W0/><G0/><T35/><D35/><U90/><E90/><V20/><F20/><W49/><G49/><T7/><D7/><U132/><E6/><V103/><F78/><W75/><G75/><T95/><D60/><U48/><E83/><V107/><F50/><W79/><G79/><T46/><D46/><U130/><E48/><V92/><F73/><W11/><G11/><T2/><D2/><U112/><E74/><V99/><F37/><W65/><G65/><T88/><D25/><AGARI ba="0,1" hai="21,25,28,36,38,39,52,55,94,98,101,116,117,119" machi="25" ten="50,3200,0" yaku="1,1,54,1,53,0" doraHai="125" doraHaiUra="108" who="3" fromWho="0" sc="382,-32,225,0,332,0,51,42" /><INIT seed="5,0,0,1,0,29" ten="350,225,332,93" oya="1" hai0="21,87,47,69,36,93,49,90,65,81,115,3,135" hai1="54,91,20,114,11,118,84,26,24,42,107,128,10" hai2="34,103,32,72,38,120,50,104,28,100,53,19,117" hai3="71,116,83,44,77,27,66,16,78,4,25,97,46"/><U23/><E107/><V82/><F117/><W55/><G116/><T56/><D3/><U133/><E118/><V89/><F120/><W125/><G125/><T126/><D36/><U80/><E128/><V64/><F38/><W85/><G4/><T110/><D69/><U17/><E133/><V132/><F132/><W33/><G77/><T73/><D110/><U106/><E106/><V129/><F64/><W70/><G97/><T74/><D115/><U15/><E114/><V37/><F37/><W92/><G92/><T52/><D126/><U31/><E42/><V2/><F2/><W61/><G71/><T14/><D135/><U101/><E101/><V112/><F112/><W8/><G55/><T67/><D47/><U119/><E119/><V12/><F28/><W35/><G25/><T134/><D134/><U1/><E1/><V127/><F129/><W86/><G85/><N who="0" m="52431" /><D74/><U9/><REACH who="1" step="1"/><E54/><REACH who="1" ten="350,215,332,93" step="2"/><V41/><F41/><W122/><G122/><T109/><D109/><U130/><E130/><V68/><F104/><W45/><REACH who="3" step="1"/><G8/><REACH who="3" ten="350,215,332,83" step="2"/><T99/><D67/><U79/><E79/><V43/><F127/><W40/><G40/><T7/><D65/><U98/><E98/><V6/><F43/><W123/><G123/><T95/><D99/><U39/><E39/><V18/><F53/><W102/><G102/><T22/><D52/><U0/><E0/><V96/><F103/><W111/><G111/><T63/><D73/><U131/><E131/><V94/><F72/><W76/><G76/><T113/><D113/><U30/><AGARI ba="0,2" hai="9,10,11,15,17,20,23,24,26,30,31,80,84,91" machi="30" ten="20,12000,1" yaku="1,1,0,1,7,1,9,1,8,1,53,0" doraHai="29" doraHaiUra="124" who="1" fromWho="1" sc="350,-40,215,140,332,-40,83,-40" /><INIT seed="5,1,0,2,2,115" ten="310,355,292,43" oya="1" hai0="62,101,33,107,64,72,98,123,50,55,56,48,7" hai1="103,119,120,121,127,88,35,11,47,117,99,65,59" hai2="91,75,58,66,14,43,6,38,113,104,54,21,24" hai3="85,26,79,131,81,34,110,125,37,94,68,74,128"/><U44/><E35/><V69/><F104/><W80/><G68/><T132/><D72/><U25/><E25/><V18/><F75/><W32/><G37/><T89/><D7/><U102/><E11/><V114/><F69/><W19/><G110/><T2/><D2/><U97/><E59/><V78/><F66/><W40/><G40/><T122/><D33/><U3/><E3/><V51/><F78/><W124/><G19/><T28/><D28/><U63/><E63/><V60/><F38/><W4/><G4/><T29/><D29/><U70/><E65/><V42/><F91/><N who="3" m="53615" /><G26/><T10/><D10/><U86/><E47/><V22/><F60/><W71/><G71/><N who="0" m="42391" /><D89/><U30/><E44/><V87/><F87/><N who="3" m="48543" /><G34/><T9/><D9/><U105/><E30/><N who="2" m="17679" /><F6/><W90/><G32/><T116/><D50/><U8/><E8/><V12/><F12/><W20/><G20/><T84/><D84/><U100/><E70/><V13/><F13/><W134/><G90/><T108/><D108/><U5/><E5/><V95/><F114/><W61/><G61/><T0/><D0/><U82/><E127/><N who="3" m="48714" /><G134/><T23/><D132/><U135/><E135/><V96/><F113/><W109/><G109/><T41/><D41/><U73/><E103/><N who="2" m="60831" /><F42/><W49/><G49/><T129/><D48/><U76/><E102/><V46/><F43/><W77/><AGARI ba="1,0" hai="74,77,81,128,131" m="48714,48543,53615" machi="77" ten="30,4000,0" yaku="18,1,34,2" doraHai="115" who="3" fromWho="3" sc="310,-11,355,-21,292,-11,43,43" /><INIT seed="6,0,0,2,1,81" ten="299,334,281,86" oya="2" hai0="5,89,122,61,126,55,78,120,33,118,39,17,127" hai1="57,135,35,86,10,62,92,31,27,87,114,51,24" hai2="3,117,67,77,69,130,21,104,28,95,15,102,105" hai3="71,40,50,44,88,25,115,90,66,83,74,34,112"/><V96/><F117/><W52/><G74/><T9/><D33/><U32/><E114/><N who="3" m="43562" /><G71/><T63/><D39/><U99/><E135/><V26/><F3/><W29/><G66/><T121/><D78/><U123/><E123/><V0/><F0/><W125/><G125/><N who="0" m="47627" /><D17/><U41/><E10/><V108/><F108/><W37/><G83/><T19/><D19/><U101/><E51/><V91/><F77/><W12/><G12/><N who="0" m="5167" /><D55/><U73/><E73/><V79/><F79/><W4/><G4/><T11/><D11/><U1/><E1/><V58/><F69/><W128/><G128/><T13/><D13/><U70/><E70/><V43/><F130/><W23/><G34/><T131/><D131/><U110/><E41/><V48/><F15/><W14/><G14/><T59/><D59/><AGARI ba="0,0" hai="23,25,29,37,40,44,50,52,59,88,90" m="43562" machi="59" ten="30,7700,0" yaku="15,1,11,1,54,2" doraHai="81" who="3" fromWho="0" sc="299,-77,334,0,281,0,86,77" /><INIT seed="7,0,0,5,1,53" ten="222,334,281,163" oya="3" hai0="128,34,79,118,22,80,108,105,112,57,124,132,115" hai1="129,38,125,69,77,95,98,65,16,41,107,45,0" hai2="61,83,50,13,64,82,11,96,30,6,120,73,67" hai3="109,32,19,110,28,4,39,99,2,63,47,119,89"/><W123/><G123/><T93/><D34/><U130/><E125/><V44/><F120/><W8/><G119/><T100/><D22/><U26/><E0/><V42/><F30/><W18/><G39/><T58/><D118/><U97/><E77/><V111/><F111/><N who="3" m="42507" /><G47/><T104/><D108/><U84/><E107/><V127/><F127/><W36/><G36/><T10/><D124/><U20/><E84/><V59/><F73/><W48/><G48/><T76/><D10/><U29/><E29/><V90/><F67/><W51/><G51/><T121/><D121/><U7/><E7/><V24/><F24/><N who="3" m="18439" /><G63/><T66/><D66/><U12/><E65/><V55/><F64/><W116/><G116/><T49/><D49/><U35/><E69/><V56/><F56/><N who="0" m="21610" /><D132/><U60/><E60/><V85/><F96/><W70/><G70/><T113/><D128/><N who="1" m="49259" /><E35/><V103/><F103/><W40/><G40/><T3/><D3/><U54/><E54/><V131/><F131/><W23/><G23/><T15/><D15/><U9/><E12/><V122/><F122/><W92/><AGARI ba="0,0" hai="2,4,8,18,19,89,92,99" m="18439,42507" machi="92" ten="30,1500,0" yaku="10,1" doraHai="53" who="3" fromWho="3" sc="222,-5,334,-5,281,-5,163,15" /><INIT seed="7,1,0,5,4,28" ten="217,329,276,178" oya="3" hai0="133,64,134,109,43,90,34,117,71,128,78,114,19" hai1="100,120,49,33,30,57,102,23,11,26,96,98,48" hai2="111,65,51,116,21,3,27,7,5,97,44,20,87" hai3="123,40,132,84,73,99,129,38,12,108,32,80,56"/><W53/><G73/><T66/><D117/><U83/><E120/><V39/><F111/><W92/><G123/><T60/><D109/><U86/><E33/><V72/><F116/><W31/><G108/><T41/><D78/><U131/><E131/><V54/><F72/><W61/><G129/><T16/><D128/><U81/><E11/><V85/><F65/><W4/><G132/><N who="0" m="50795" /><D66/><U124/><E124/><V50/><F39/><W118/><G118/><T14/><D90/><U106/><E57/><V29/><F97/><W135/><G135/><T89/><D89/><U103/><E83/><V10/><F5/><W70/><G70/><T110/><D110/><U47/><E106/><V74/><F74/><W115/><G115/><T79/><D79/><N who="1" m="46399" /><E49/><V0/><F0/><W122/><G122/><T93/><D93/><U121/><E121/><V59/><REACH who="2" step="1"/><F20/><REACH who="2" ten="217,329,266,178" step="2"/><W42/><G38/><T113/><D114/><U17/><E17/><V119/><F119/><W126/><G126/><T13/><D19/><U8/><E8/><V35/><F35/><W67/><G67/><T25/><D113/><U95/><E98/><V82/><F82/><W37/><G37/><T76/><D34/><U130/><E130/><V91/><F91/><N who="3" m="51591" /><G4/><T55/><D64/><U46/><E103/><V9/><F9/><W127/><G127/><T6/><D6/><U94/><E102/><V45/><F45/><N who="1" m="16905" /><E95/><V2/><F2/><W24/><G12/><T52/><D14/><U125/><E125/><V88/><F88/><N who="3" m="55687" /><G32/><T22/><D13/><U18/><E18/><V1/><F1/><W75/><G75/><RYUUKYOKU ba="1,1" sc="217,-30,329,10,266,10,178,10" hai1="23,26,30,48,94,96,100" hai2="3,7,10,21,27,29,44,50,51,54,59,85,87" hai3="24,31,40,42,53,56,61" /><INIT seed="7,2,1,5,0,61" ten="187,339,276,188" oya="3" hai0="91,17,117,47,90,21,67,45,112,128,37,73,2" hai1="8,65,28,30,52,108,49,7,35,129,31,77,89" hai2="5,62,11,66,120,116,32,6,42,59,26,127,29" hai3="122,100,64,133,124,126,123,134,15,111,23,19,76"/><W78/><G100/><T98/><D2/><U132/><E108/><V13/><F116/><W48/><G111/><T75/><D117/><U39/><E39/><V118/><F118/><W131/><G48/><T103/><D128/><U80/><E129/><V105/><F105/><W115/><G115/><T20/><D112/><U95/><E132/><N who="3" m="50794" /><G131/><T93/><D37/><U40/><E35/><V55/><F120/><N who="3" m="46123" /><G64/><T4/><D4/><U60/><E40/><V69/><F127/><AGARI ba="2,1" hai="15,19,23,76,78,124,126,127" m="46123,50794" machi="127" ten="40,3900,0" yaku="18,1,20,1" doraHai="61" who="3" fromWho="2" sc="187,0,339,0,276,-45,188,55" /><INIT seed="7,3,0,0,5,1" ten="187,339,231,243" oya="3" hai0="32,132,59,30,29,92,127,110,120,65,97,80,22" hai1="40,109,55,100,122,93,34,115,94,102,61,85,113" hai2="133,128,21,83,45,8,81,87,56,76,27,62,124" hai3="84,51,86,12,6,48,31,35,3,129,54,53,82"/><W26/><G129/><T126/><D120/><U43/><E34/><V63/><F128/><W18/><G3/><T14/><D110/><U52/><E122/><V75/><F133/><W20/><G6/><T130/><D132/><U117/><E109/><V4/><F124/><W103/><G103/><N who="1" m="39466" /><E117/><V116/><F116/><W47/><REACH who="3" step="1"/><G82/><REACH who="3" ten="187,339,231,233" step="2"/><T46/><D80/><U74/><E74/><V99/><F83/><W98/><G98/><T95/><D130/><U11/><E11/><V49/><F99/><W77/><G77/><T24/><D126/><U107/><E107/><V57/><F75/><W23/><G23/><T7/><D127/><U10/><E10/><V17/><F8/><W13/><G13/><T106/><D106/><U33/><E33/><V44/><F4/><W78/><G78/><T123/><D123/><U0/><E0/><V37/><F76/><W118/><G118/><T60/><D32/><U28/><E85/><V15/><F81/><W68/><G68/><T64/><D95/><U25/><E94/><V2/><F87/><W79/><G79/><T101/><D30/><U105/><E93/><V70/><F70/><W72/><G72/><T112/><D112/><U41/><E105/><V111/><F111/><W88/><G88/><T42/><D14/><U19/><E28/><V16/><F2/><W90/><G90/><T50/><REACH who="0" step="1"/><D7/><REACH who="0" ten="177,339,231,233" step="2"/><U71/><E115/><V96/><F15/><W135/><G135/><T58/><D58/><AGARI ba="3,2" hai="12,18,20,26,31,35,47,48,51,53,54,58,84,86" machi="58" ten="30,2900,0" yaku="1,1,7,1,53,0" doraHai="1" doraHaiUra="104" who="3" fromWho="0" sc="177,-38,339,0,231,0,233,58" /><INIT seed="7,4,0,0,5,34" ten="139,339,231,291" oya="3" hai0="46,108,132,97,133,0,75,130,9,106,126,113,24" hai1="109,2,54,100,95,124,82,58,107,99,120,105,38" hai2="29,104,53,122,4,84,28,117,112,135,55,68,39" hai3="74,125,65,73,44,11,57,30,69,86,128,56,33"/><W96/><G128/><T12/><D24/><U131/><E109/><V90/><F117/><W127/><G69/><T111/><D12/><U80/><E120/><V35/><F68/><W70/><G70/><T21/><D21/><U129/><E38/><V18/><F39/><W98/><G44/><T110/><D46/><U59/><E2/><V114/><F104/><N who="1" m="40009" /><E124/><N who="3" m="47690" /><G86/><T1/><D126/><U123/><E123/><V94/><F122/><W93/><G65/><T115/><D9/><U116/><E116/><V119/><F119/><W43/><G43/><T36/><D36/><U41/><E41/><V88/><F135/><N who="0" m="51786" /><D75/><N who="3" m="28681" /><G11/><T71/><D71/><U26/><E59/><N who="3" m="22602" /><G93/><T50/><D50/><U79/><E79/><V102/><F84/><W103/><G103/><N who="0" m="62831" /><D130/><U22/><E58/><V14/><F102/><W62/><G62/><T52/><D52/><U92/><E54/><V63/><F55/><W118/><G118/><T60/><D60/><U66/><E66/><V76/><F53/><W42/><G42/><T87/><D87/><U45/><E45/><V8/><F63/><W40/><G40/><T78/><D78/><U121/><E121/><V48/><F76/><W77/><G77/><T23/><D23/><U47/><E47/><V67/><F48/><W20/><G20/><T72/><D72/><U10/><E10/><N who="2" m="6487" /><F67/><W6/><G6/><T101/><D101/><N who="1" m="60647" /><E131/><V3/><F28/><W27/><AGARI ba="4,0" hai="27,30,33,96,98" m="22602,28681,47690" machi="27" ten="40,2100,0" yaku="18,1" doraHai="34" who="3" fromWho="3" sc="139,-11,339,-11,231,-11,291,33" /><INIT seed="7,5,0,0,5,128" ten="128,328,220,324" oya="3" hai0="3,13,121,72,29,92,26,5,54,41,85,133,8" hai1="113,63,131,135,71,30,68,119,82,10,20,44,122" hai2="17,19,110,11,39,25,74,66,69,86,56,109,111" hai3="125,106,124,61,77,2,38,67,96,75,64,48,99"/><W87/><G38/><T35/><D72/><U6/><E122/><V112/><F74/><W16/><G2/><T22/><D121/><U80/><E44/><V70/><F39/><W100/><G96/><T130/><D130/><U57/><E131/><V89/><F25/><W33/><G33/><T4/><D41/><U76/><E135/><V98/><F98/><W116/><G116/><T15/><D54/><U40/><E40/><V31/><F31/><W53/><G75/><T107/><D107/><U127/><E119/><V47/><F47/><N who="3" m="27807" /><G16/><N who="0" m="10527" /><D85/><U73/><E82/><V7/><F56/><W88/><G77/><T114/><D92/><U21/><E127/><N who="3" m="48714" /><G61/><T102/><D102/><U108/><E108/><V118/><F70/><W27/><G27/><T81/><D81/><AGARI ba="5,0" hai="64,67,81,87,88,99,100,106" m="48714,27807" machi="81" ten="30,2900,0" yaku="18,1,54,1" doraHai="128" who="3" fromWho="0" sc="128,-44,328,0,220,0,324,44" owari="84,-42.0,328,13.0,220,-18.0,368,47.0" /></mjloggm>