<mjloggm ver="2.3"><GO type="169" lobby="0"/><UN n0="%E3%81%95%E3%82%8A%E3%83%BC%E3%81%99%E3%81%93%E3%81%A3%E3%81%A8" n1="%E3%83%8C%E3%82%A2%E3%82%AF%E3%82%B7%E3%83%A7%E3%83%83%E3%83%88" n2="%E5%B0%B1%E6%B4%BB%E7%94%9F%40%E5%B7%9D%E6%9D%91%E8%BB%8D%E5%9B%A3" n3="%E6%98%9F%E9%99%8D%E3%82%8B%E8%A1%97" dan="16,16,18,16" rate="2117.65,2106.12,2291.00,2126.09" sx="F,M,M,F"/><TAIKYOKU oya="0"/><INIT seed="0,0,0,3,0,96" ten="250,250,250,250" oya="0" hai0="46,55,47,111,120,130,17,62,41,78,38,65,131" hai1="66,89,98,80,45,64,3,127,58,51,23,11,32" hai2="18,37,48,114,30,125,83,76,100,124,73,57,34" hai3="85,92,104,2,74,93,128,39,109,43,108,86,31"/><T129/><D78/><U7/><E32/><V63/><F37/><W1/><G104/><T88/><D17/><U72/><E127/><V87/><F114/><W12/><G12/><T113/><D88/><U16/><E58/><V5/><F5/><W133/><G43/><N who="0" m="22903" /><D120/><U69/><E69/><V79/><F30/><W119/><G39/><N who="0" m="21951" /><D113/><U25/><E72/><V22/><F48/><W19/><G19/><T97/><D97/><U103/><E80/><V20/><F34/><W106/><G106/><T4/><D4/><U110/><E89/><V99/><F76/><W53/><G74/><T115/><D115/><U29/><E110/><V121/><F73/><W6/><G6/><T122/><D55/><U67/><E29/><V54/><F121/><W24/><G53/><T50/><D50/><U81/><E81/><V26/><REACH who="2" step="1"/><F20/><REACH who="2" ten="250,250,240,250" step="2"/><W13/><G31/><T14/><D122/><U75/><E75/><V102/><F102/><W60/><G109/><T126/><D111/><U44/><REACH who="1" step="1"/><E51/><REACH who="1" ten="250,240,240,250" step="2"/><V56/><F56/><W123/><G108/><T28/><D28/><U21/><E21/><V59/><F59/><W35/><G35/><T117/><D126/><U8/><E8/><V61/><F61/><W70/><G60/><T40/><D62/><U15/><E15/><V84/><F84/><W42/><G85/><T105/><D131/><U10/><E10/><V90/><F90/><W9/><G128/><T95/><D130/><U132/><E132/><V27/><F27/><W36/><G24/><T68/><D129/><U94/><AGARI ba="0,2" hai="3,7,11,16,23,25,44,45,64,66,67,94,98,103" machi="94" ten="30,7900,0" yaku="1,1,0,1,52,1,54,1,53,0" doraHai="96" doraHaiUra="135" who="1" fromWho="1" sc="250,-39,240,99,240,-20,250,-20" /><INIT seed="1,0,0,2,0,128" ten="211,339,220,230" oya="1" hai0="17,22,75,60,77,70,85,19,54,3,45,38,32" hai1="74,56,27,131,107,78,90,26,86,108,112,122,71" hai2="116,114,61,35,111,15,99,11,82,125,79,6,87" hai3="100,127,121,1,0,117,135,118,95,69,18,28,133"/><U36/><E71/><V126/><F35/><W24/><G69/><T20/><D3/><N who="3" m="1097" /><G121/><T109/><D32/><U68/><E68/><V48/><F116/><N who="3" m="44651" /><G18/><T42/><D75/><U67/><E107/><V25/><F111/><W55/><G127/><T93/><D109/><U101/><E36/><V102/><F114/><W103/><G55/><T23/><D54/><U104/><E104/><V5/><F5/><W76/><G76/><T39/><D39/><U10/><E112/><V123/><F123/><W62/><G62/><T72/><D72/><U130/><E74/><V8/><F8/><W21/><G95/><T113/><D113/><U16/><E108/><V96/><F61/><W9/><G9/><T134/><D93/><U58/><E122/><V120/><F120/><W12/><G12/><T52/><D70/><U30/><E131/><V124/><F102/><AGARI ba="0,0" hai="21,24,28,100,102,103,133,135" m="44651,1097" machi="102" ten="40,5200,0" yaku="12,1,52,2" doraHai="128" who="3" fromWho="2" sc="211,0,339,0,220,-52,230,52" /><INIT seed="2,0,0,3,2,68" ten="211,339,168,282" oya="2" hai0="100,79,71,87,46,76,113,95,25,12,21,82,119" hai1="81,90,134,14,127,103,105,27,32,51,110,8,26" hai2="15,61,94,2,43,99,88,53,132,86,10,23,111" hai3="39,55,77,116,18,64,48,84,6,3,97,35,52"/><V108/><F2/><W67/><G116/><T9/><D113/><U83/><E110/><N who="2" m="42027" /><F132/><W133/><G35/><T11/><D71/><U106/><E106/><V109/><N who="2" m="42035" /><V112/><DORA hai="118" /><F112/><W40/><G133/><T19/><D119/><U57/><E105/><V58/><F43/><W17/><G55/><T37/><D76/><U47/><E32/><V75/><F75/><W78/><G78/><T129/><D129/><U38/><E38/><V22/><F99/><W92/><G64/><T4/><D9/><U59/><E103/><V41/><F41/><W29/><G67/><T69/><D69/><U42/><E134/><V91/><F91/><W62/><G29/><T80/><D80/><N who="1" m="30795" /><E127/><V36/><F36/><W131/><G40/><T135/><D135/><U7/><E90/><V126/><F126/><W123/><G39/><T121/><D121/><U72/><E72/><V34/><F34/><W63/><G97/><T54/><D37/><U5/><E5/><AGARI ba="0,0" hai="5,10,15,22,23,53,58,61,86,88,94" m="42035" machi="5" ten="40,7700,0" yaku="14,1,10,1,54,1" doraHai="68,118" who="2" fromWho="1" sc="211,0,339,-77,168,77,282,0" /><INIT seed="2,1,0,3,1,81" ten="211,262,245,282" oya="2" hai0="105,27,89,64,15,53,13,100,120,41,40,118,74" hai1="38,17,69,11,87,128,84,107,10,58,129,112,98" hai2="29,121,9,106,20,26,4,34,79,47,32,97,134" hai3="16,24,45,72,6,28,0,67,133,111,37,52,99"/><V94/><F106/><W75/><G133/><T135/><D105/><U90/><E69/><V127/><F121/><W96/><G111/><T113/><D100/><N who="1" m="62871" /><E38/><V44/><F134/><W119/><G119/><T42/><D74/><U59/><E112/><V51/><F127/><W83/><G67/><T66/><D135/><U92/><E87/><V126/><F79/><W7/><G0/><T57/><D120/><U122/><E122/><V56/><F56/><N who="1" m="21545" /><E17/><V117/><F117/><W31/><G37/><T50/><D118/><U80/><E92/><V23/><F23/><N who="3" m="13415" /><G75/><T21/><D113/><U65/><E65/><V102/><F126/><W3/><G3/><T63/><D89/><U132/><E132/><V25/><F25/><W8/><G83/><T95/><D95/><U131/><AGARI ba="1,0" hai="10,11,80,84,90,128,129,131" m="21545,62871" machi="131" ten="40,2700,0" yaku="19,1,52,1" doraHai="81" who="1" fromWho="1" sc="211,-8,262,30,245,-14,282,-8" /><INIT seed="3,0,0,5,0,35" ten="203,292,231,274" oya="3" hai0="27,113,132,119,76,130,6,33,77,73,18,99,123" hai1="32,100,26,85,128,82,39,118,28,69,5,114,59" hai2="7,47,121,29,95,23,31,83,56,44,13,22,71" hai3="96,8,134,61,112,91,30,16,72,104,68,52,36"/><W21/><G36/><T45/><D123/><U101/><E69/><V25/><F71/><W14/><G72/><T90/><D119/><U92/><E114/><V19/><F121/><W84/><G112/><T125/><D6/><U11/><E128/><V66/><F7/><W115/><G115/><T53/><D113/><U43/><E118/><V2/><F2/><W116/><G116/><T97/><D73/><U58/><E39/><V98/><F83/><W70/><G134/><T41/><D33/><U62/><E43/><V78/><F78/><W49/><G61/><T131/><D125/><U80/><E80/><V75/><F31/><W126/><G126/><T57/><D132/><U105/><E105/><V24/><F13/><W63/><G63/><T60/><D131/><U20/><E32/><V4/><F4/><W106/><G106/><T54/><D54/><U10/><E59/><V120/><F120/><W67/><G67/><T74/><D74/><U64/><E5/><V55/><F75/><W0/><G96/><T50/><D130/><U65/><E65/><V94/><F66/><W127/><G104/><T117/><D117/><U103/><REACH who="1" step="1"/><E92/><REACH who="1" ten="203,282,231,274" step="2"/><V1/><F95/><N who="3" m="54759" /><G127/><T102/><D41/><U109/><E109/><V12/><F94/><W124/><G124/><T89/><D57/><U40/><E40/><V107/><F107/><W135/><G135/><T51/><D45/><U87/><E87/><V129/><F129/><W38/><G38/><T122/><D122/><U48/><E48/><N who="2" m="30823" /><F98/><W111/><G111/><T93/><D99/><U81/><E81/><V79/><F47/><RYUUKYOKU ba="0,1" sc="203,-10,282,30,231,-10,274,-10" hai1="10,11,20,26,28,58,62,64,82,85,100,101,103" /><INIT seed="4,1,1,2,1,51" ten="193,312,221,264" oya="0" hai0="36,59,74,125,114,0,132,76,56,108,112,65,120" hai1="42,71,101,50,113,116,12,6,55,94,111,2,64" hai2="77,16,69,40,17,118,82,89,34,110,30,87,70" hai3="1,43,24,130,41,26,66,80,103,8,57,105,11"/><T84/><D120/><U92/><E2/><V18/><F110/><W78/><G130/><T27/><D0/><U45/><E116/><V122/><F122/><W93/><G105/><T14/><D36/><U128/><E128/><V54/><F118/><W46/><G43/><T19/><D74/><U95/><E113/><N who="0" m="43625" /><D132/><U31/><E31/><V126/><F40/><W133/><G133/><T99/><D65/><U58/><E111/><V47/><F126/><W81/><G81/><N who="0" m="47143" /><D125/><U129/><E129/><V13/><F13/><W9/><G1/><T102/><D27/><U63/><E6/><V20/><F34/><W60/><G103/><T104/><D108/><U3/><E12/><V117/><F117/><W135/><G135/><T38/><D38/><N who="1" m="21719" /><E3/><V61/><F77/><W49/><REACH who="3" step="1"/><G93/><REACH who="3" ten="193,312,221,254" step="2"/><T100/><D100/><AGARI ba="1,2" hai="50,55,58,63,64,71,92,94,95,100,101" m="21719" machi="100" ten="30,2000,0" yaku="24,1,52,1" doraHai="51" who="1" fromWho="0" sc="193,-23,312,43,221,0,254,0" /><INIT seed="5,0,0,0,3,71" ten="170,355,221,254" oya="1" hai0="107,92,7,27,8,18,42,104,10,73,78,15,103" hai1="88,100,30,33,69,99,12,24,51,5,60,77,126" hai2="117,80,35,1,95,83,98,118,106,121,97,56,11" hai3="21,105,70,43,63,4,133,116,14,84,28,20,114"/><U82/><E126/><V57/><F35/><W3/><G105/><T101/><D73/><U115/><E115/><V32/><F32/><W129/><G3/><T93/><D78/><U23/><E51/><V109/><F109/><W94/><G133/><T17/><D42/><U111/><E111/><V55/><F121/><W112/><G129/><T39/><D27/><U96/><E88/><V72/><F1/><W58/><G70/><T44/><D44/><U64/><E100/><V62/><F11/><W16/><G116/><T85/><D15/><U135/><E135/><V65/><F106/><W41/><G4/><T75/><D75/><U46/><E46/><V87/><F72/><W48/><G48/><T90/><D90/><U86/><E5/><V122/><F122/><W67/><G114/><T76/><D76/><U37/><E37/><V26/><F26/><N who="3" m="16463" /><G112/><T34/><D34/><U81/><E81/><N who="2" m="31307" /><F118/><W131/><G131/><T89/><D7/><U113/><E113/><V66/><F117/><W128/><G128/><T0/><D0/><U79/><E79/><V36/><F36/><W130/><G130/><T53/><D89/><AGARI ba="0,0" hai="14,16,20,41,43,58,63,67,84,89,94" m="16463" machi="89" ten="30,2000,0" yaku="8,1,54,1" doraHai="71" who="3" fromWho="0" sc="170,-20,355,0,221,0,254,20" /><INIT seed="6,0,0,0,4,125" ten="150,355,221,274" oya="2" hai0="123,83,79,6,57,44,134,4,7,70,60,81,92" hai1="54,130,121,116,119,95,65,55,99,49,105,78,45" hai2="21,59,103,1,46,36,90,75,133,122,108,16,127" hai3="47,93,14,85,131,52,124,76,88,67,8,64,3"/><V74/><F1/><W31/><G3/><T101/><D123/><U37/><E105/><V120/><F127/><W27/><G131/><T115/><D115/><U2/><E37/><V128/><F128/><W48/><G76/><T35/><D134/><U77/><E2/><V40/><F133/><W56/><G56/><T50/><D35/><U113/><E130/><V118/><F118/><W26/><G124/><T111/><D70/><U82/><E113/><V72/><F108/><W112/><G112/><T9/><D111/><U12/><E121/><V86/><F103/><W15/><G14/><T61/><D9/><U23/><E65/><N who="3" m="25162" /><G31/><T68/><D68/><U129/><E129/><V5/><F59/><W53/><G53/><T20/><D20/><U34/><E34/><V32/><F32/><W62/><G62/><N who="0" m="24171" /><D57/><U58/><E23/><V91/><F5/><AGARI ba="0,0" hai="5,8,15,26,27,47,48,52,85,88,93" m="25162" machi="5" ten="30,3900,0" yaku="8,1,54,2" doraHai="125" who="3" fromWho="2" sc="150,0,355,0,221,-39,274,39" /><INIT seed="7,0,0,5,0,116" ten="150,355,182,313" oya="3" hai0="130,24,103,113,106,76,110,7,97,13,9,48,94" hai1="31,131,81,19,60,120,122,12,11,86,46,87,70" hai2="49,89,125,42,65,17,69,104,96,47,25,119,91" hai3="22,44,55,18,82,39,50,43,123,112,114,16,56"/><W74/><G123/><T32/><D130/><U102/><E87/><V10/><F119/><W37/><G37/><T14/><D110/><U45/><E131/><V66/><F69/><W100/><G100/><T67/><D113/><N who="3" m="43625" /><G22/><T95/><D76/><AGARI ba="0,0" hai="16,18,39,43,44,50,55,56,74,76,82" m="43625" machi="76" ten="30,2900,0" yaku="15,1,54,1" doraHai="116" who="3" fromWho="0" sc="150,-29,355,0,182,0,313,29" /><INIT seed="7,1,0,5,4,85" ten="121,355,182,342" oya="3" hai0="45,111,131,109,97,2,26,107,121,23,96,65,46" hai1="88,28,62,122,63,29,0,25,100,68,22,98,74" hai2="105,48,49,83,10,81,90,15,116,99,50,1,30" hai3="82,58,47,34,61,112,18,60,54,115,91,70,12"/><W71/><G34/><T9/><D121/><U94/><E74/><V134/><F1/><W8/><G47/><T77/><D131/><U75/><E75/><V55/><F116/><W87/><G61/><N who="1" m="23050" /><E68/><V119/><F119/><W66/><G66/><T52/><D65/><U57/><E0/><V72/><F72/><W124/><G124/><T110/><D77/><U33/><E33/><V86/><F30/><W129/><G129/><T37/><D107/><U67/><E122/><V32/><F32/><W35/><G35/><T59/><D37/><U13/><E13/><V38/><F38/><W42/><G42/><T17/><D45/><U6/><E6/><V73/><F134/><W44/><G44/><T120/><D120/><U126/><E126/><V102/><F73/><W133/><G133/><T128/><D46/><U64/><E57/><V51/><F83/><W31/><G31/><T92/><D128/><U79/><E79/><V104/><F104/><W3/><G3/><T95/><D2/><U69/><E69/><V125/><F125/><W106/><G106/><T7/><D7/><U4/><E4/><V93/><F105/><W127/><G127/><T56/><D9/><U123/><E123/><V132/><F132/><W5/><G5/><T27/><D27/><N who="1" m="16503" /><E100/><V84/><F102/><W101/><G101/><T130/><D130/><U78/><E78/><V89/><F10/><W118/><G118/><T114/><D114/><AGARI ba="1,0" hai="8,12,18,54,58,60,70,71,82,87,91,112,114,115" machi="114" ten="40,3900,0" yaku="15,1,52,1" doraHai="85" who="3" fromWho="0" sc="121,-42,355,0,182,0,342,42" owari="79,-42.0,355,16.0,182,-22.0,384,48.0" /></mjloggm>