<mjloggm ver="2.3"><GO type="169" lobby="0"/><UN n0="%E6%8C%AF%E8%BE%BC%E5%A4%AA%E9%99%BD" n1="%E5%82%B7%E3%81%AF%E6%B5%85%E3%81%84%E3%81%86%E3%81%A1%E3%81%AB" n2="%E7%A0%B2%E3%81%AE%E4%B8%8A%E3%81%AE%E3%81%82%E3%81%AE%E5%A8%98" n3="%E3%82%A6%E3%83%AB%E3%83%88%E3%83%A9%E7%AB%8B%E7%9B%B4" dan="16,16,16,17" rate="2142.90,2148.40,2171.41,2191.71" sx="M,M,F,M"/><TAIKYOKU oya="0"/><INIT seed="0,0,0,0,3,110" ten="250,250,250,250" oya="0" hai0="32,21,114,30,118,111,57,4,58,61,17,101,3" hai1="67,73,103,2,104,100,132,71,91,77,125,120,97" hai2="29,45,134,49,55,51,34,74,0,20,62,106,9" hai3="122,11,13,43,95,64,59,76,85,14,102,84,89"/><T87/><D118/><U126/><E2/><V23/><F134/><W90/><G122/><T1/><D111/><U48/><E48/><V133/><F133/><W72/><G102/><T93/><D114/><U54/><E132/><V112/><F112/><W88/><G43/><T27/><D4/><U26/><E54/><V80/><F106/><W99/><G72/><T50/><D50/><U83/><E104/><V78/><F34/><W131/><G131/><T38/><D58/><U113/><E26/><V42/><F29/><W116/><G116/><T41/><D41/><U25/><E25/><V63/><F0/><W24/><G24/><T28/><D38/><U10/><E10/><V35/><F35/><W129/><G14/><T130/><D130/><U81/><E113/><V8/><F20/><W119/><G119/><T33/><D33/><U65/><E65/><V117/><F117/><W5/><G129/><T109/><D109/><U6/><E6/><V68/><F23/><W123/><G123/><T121/><D121/><U7/><E7/><V127/><F127/><W75/><G75/><T44/><D44/><U115/><E115/><V70/><F62/><N who="3" m="37983" /><G99/><N who="0" m="59631" /><D87/><N who="3" m="33353" /><G76/><T79/><D79/><U40/><E40/><V86/><F74/><W53/><G53/><N who="0" m="33967" /><D32/><U107/><E120/><V31/><F31/><N who="0" m="11818" /><D3/><U18/><E125/><V12/><F63/><W82/><G95/><T96/><D1/><U135/><E126/><V37/><F37/><W94/><G94/><T108/><D108/><U36/><E135/><V105/><F105/><W39/><G39/><T47/><D96/><N who="1" m="61831" /><E36/><V98/><F68/><RYUUKYOKU ba="0,0" sc="250,15,250,-15,250,-15,250,15" hai0="17,21,27,47" hai3="5,11,13,82,88,89,90" /><INIT seed="0,1,0,0,0,98" ten="265,235,235,265" oya="0" hai0="134,64,53,48,59,9,50,120,2,3,24,61,11" hai1="23,85,14,72,18,73,122,15,1,86,10,113,82" hai2="90,63,74,76,135,91,22,121,34,125,118,5,45" hai3="26,36,49,21,56,4,109,78,37,69,79,132,66"/><T30/><D120/><U124/><E124/><V57/><F121/><W80/><G69/><T19/><D134/><U130/><E130/><V65/><F34/><W40/><G132/><T83/><D50/><U0/><E122/><V28/><F135/><W101/><G4/><T117/><D117/><U58/><E86/><V44/><F125/><W8/><G8/><T27/><D27/><U55/><E113/><V105/><F105/><W70/><G70/><T7/><D83/><U100/><E72/><V35/><F35/><W47/><G109/><T17/><D11/><U127/><E73/><V119/><F5/><W92/><G80/><T96/><D96/><U6/><E100/><V39/><F76/><W84/><G37/><T32/><REACH who="0" step="1"/><D3/><REACH who="0" ten="255,235,235,265" step="2"/><U126/><E126/><V60/><F74/><W114/><G84/><T131/><D131/><U89/><E127/><V51/><F51/><AGARI ba="1,1" hai="0,1,6,10,14,15,18,23,51,55,58,82,85,89" machi="51" ten="30,1000,0" yaku="7,1" doraHai="98" who="1" fromWho="2" sc="255,0,235,23,235,-13,265,0" /><INIT seed="1,0,0,2,3,31" ten="255,258,222,265" oya="1" hai0="114,68,135,118,67,18,49,11,3,108,41,100,76" hai1="57,54,51,82,53,72,81,73,121,129,99,95,134" hai2="6,92,90,27,48,34,98,15,71,45,0,131,17" hai3="110,35,24,75,66,70,130,96,21,87,58,1,89"/><U104/><E121/><V69/><F131/><W88/><G1/><T60/><D108/><U44/><E104/><V28/><F6/><W46/><G75/><T65/><D135/><U111/><E72/><V133/><F0/><W107/><G58/><T83/><D67/><U4/><E73/><V13/><F133/><W85/><G46/><T29/><D100/><U77/><E77/><V10/><REACH who="2" step="1"/><F15/><REACH who="2" ten="255,258,212,265" step="2"/><W43/><G130/><T97/><D3/><U59/><E129/><V26/><F26/><W20/><G24/><T117/><D117/><U32/><E134/><V94/><F94/><W105/><G110/><T56/><D118/><U106/><E106/><V93/><F93/><W2/><G2/><T132/><D132/><U120/><E111/><V8/><F8/><W115/><G107/><T23/><D11/><U9/><E120/><V36/><F36/><W86/><G105/><T113/><D83/><U39/><E82/><V109/><F109/><W103/><G115/><T19/><D113/><U7/><E81/><V80/><F80/><W52/><G86/><T30/><D114/><U55/><E39/><V42/><AGARI ba="0,1" hai="10,13,17,27,28,34,42,45,48,69,71,90,92,98" machi="42" ten="20,8000,1" yaku="1,1,0,1,7,1,52,1,53,1" doraHai="31" doraHaiUra="37" who="2" fromWho="2" sc="255,-20,258,-40,212,90,265,-20" /><INIT seed="2,0,0,2,5,116" ten="235,218,302,245" oya="2" hai0="106,69,56,10,55,92,122,63,66,54,118,51,93" hai1="50,127,90,0,62,67,130,14,9,6,94,17,112" hai2="53,129,4,40,82,100,39,12,34,7,24,80,1" hai3="88,97,60,8,121,131,99,52,91,71,103,134,126"/><V57/><F1/><W65/><G121/><T84/><D106/><U68/><E127/><V83/><F100/><W102/><G126/><T26/><D118/><U31/><E130/><V110/><F129/><W124/><G134/><T79/><D122/><U101/><E50/><V132/><F132/><W96/><G131/><T11/><D26/><U59/><E101/><V105/><F105/><W104/><G124/><T89/><D79/><U21/><E31/><V64/><F64/><W42/><G42/><T20/><D20/><U98/><REACH who="1" step="1"/><E112/><REACH who="1" ten="235,208,302,245" step="2"/><V18/><F110/><W120/><G103/><T75/><D51/><U125/><E125/><V74/><F39/><W117/><G102/><T13/><D63/><U45/><E45/><V73/><F73/><W86/><G60/><T49/><D49/><U5/><E5/><V123/><F74/><W46/><G104/><T114/><D75/><U43/><E43/><V2/><F40/><W77/><G46/><T128/><D114/><U30/><E30/><V36/><F7/><W25/><G117/><T16/><D128/><U32/><E32/><V113/><F4/><W119/><G119/><T58/><D16/><U22/><E22/><V3/><F18/><W23/><G23/><T15/><D11/><U28/><E28/><V61/><F36/><W70/><G8/><T33/><D10/><U29/><E29/><V135/><F113/><W107/><G107/><T47/><D33/><U115/><E115/><V19/><F34/><W85/><G71/><AGARI ba="0,1" hai="0,6,9,14,17,21,59,62,67,68,71,90,94,98" machi="71" ten="40,2600,0" yaku="1,1,53,1" doraHai="116" doraHaiUra="87" who="1" fromWho="3" sc="235,0,208,36,302,0,245,-26" /><INIT seed="3,0,0,5,1,73" ten="235,244,302,219" oya="3" hai0="50,47,10,117,48,35,95,64,94,102,43,115,69" hai1="120,71,8,92,96,2,87,5,70,65,61,15,51" hai2="83,84,130,111,7,58,39,77,104,60,78,24,37" hai3="44,132,124,123,14,31,36,11,57,34,67,74,53"/><W101/><G123/><T54/><D35/><U99/><E120/><V86/><F104/><W107/><G74/><T91/><D117/><U62/><E51/><V68/><F68/><W56/><G124/><T33/><D33/><U128/><E128/><V127/><F111/><W29/><G132/><T85/><D115/><U125/><E125/><V109/><F109/><W116/><G116/><T133/><D133/><U6/><E87/><V26/><F127/><W13/><G34/><T114/><D114/><U81/><E81/><V76/><F130/><W63/><G107/><T131/><D131/><U66/><E99/><V97/><F37/><W75/><G75/><T3/><D3/><U18/><REACH who="1" step="1"/><E2/><REACH who="1" ten="235,234,302,219" step="2"/><V118/><F118/><W40/><G101/><AGARI ba="0,1" hai="5,6,8,15,18,61,62,65,66,70,71,92,96,101" machi="101" ten="30,12000,2" yaku="1,1,2,1,7,1,9,1,53,2" doraHai="73" doraHaiUra="0" who="1" fromWho="3" sc="235,0,234,130,302,0,219,-120" /><INIT seed="4,0,0,4,1,84" ten="235,364,302,99" oya="0" hai0="20,76,72,15,109,86,116,73,45,115,111,131,110" hai1="60,106,10,28,95,77,14,89,34,96,114,66,71" hai2="67,12,23,55,101,88,48,99,68,26,51,113,75" hai3="11,16,63,46,102,112,18,93,4,120,69,82,97"/><T119/><D45/><U33/><E114/><V24/><F75/><N who="0" m="28746" /><D20/><U78/><E106/><V7/><F113/><W83/><G112/><T127/><D15/><U61/><E61/><V94/><F68/><W47/><G120/><T81/><D115/><U134/><E134/><V126/><F126/><W91/><G69/><T74/><D127/><U118/><E118/><N who="0" m="45097" /><D74/><U135/><E135/><V30/><F67/><W123/><G63/><T54/><D54/><U52/><E52/><V133/><F133/><W104/><G123/><T128/><AGARI ba="0,0" hai="76,81,86,109,110,111,128,131" m="45097,28746" machi="128" ten="50,9600,0" yaku="10,1,34,2" doraHai="84" who="0" fromWho="0" sc="235,96,364,-32,302,-32,99,-32" /><INIT seed="4,1,0,3,2,123" ten="331,332,270,67" oya="0" hai0="126,133,102,1,75,119,105,68,63,12,90,91,104" hai1="44,38,100,46,67,26,62,70,10,131,77,93,130" hai2="7,59,73,113,57,69,56,122,72,128,27,107,11" hai3="19,30,18,74,42,124,21,84,106,39,64,71,17"/><T134/><D1/><U85/><E38/><V121/><F113/><W24/><G74/><T95/><D68/><U32/><E10/><V43/><F69/><W109/><G106/><N who="0" m="41067" /><D63/><U108/><E108/><V120/><F128/><N who="1" m="49193" /><E77/><V65/><F65/><W36/><G124/><T25/><D25/><U5/><E5/><V135/><F135/><N who="0" m="51722" /><D12/><U117/><E117/><V125/><F107/><W16/><N who="3" m="4096" /><DORA hai="96" /><W28/><G109/><T0/><D0/><U58/><E70/><V127/><F43/><W52/><G30/><T98/><D126/><N who="2" m="48138" /><F27/><W2/><G2/><AGARI ba="1,0" hai="2,7,11,56,57,59,72,73,120,121,122" m="48138" machi="2" ten="40,1300,0" yaku="18,1" doraHai="123,96" who="2" fromWho="3" sc="331,0,332,0,270,16,67,-16" /><INIT seed="5,0,0,5,5,7" ten="331,332,286,51" oya="1" hai0="81,4,121,101,66,70,129,112,55,76,128,57,63" hai1="130,68,32,25,103,126,98,78,27,114,73,47,59" hai2="17,135,20,19,14,87,28,104,58,18,50,132,39" hai3="72,51,40,122,46,85,64,127,133,80,95,1,79"/><U37/><E68/><V86/><F104/><W134/><G122/><T10/><D101/><U2/><E114/><V105/><F105/><W23/><G1/><T111/><D111/><U44/><E2/><V83/><F39/><W41/><G127/><T0/><D121/><U31/><E130/><V29/><F132/><W16/><G64/><T117/><D117/><U24/><E78/><V131/><F131/><N who="0" m="50250" /><D112/><U69/><E73/><V91/><F135/><W42/><G133/><T88/><D88/><U107/><E59/><V97/><F97/><W34/><G34/><T67/><D70/><U52/><E69/><V6/><F86/><AGARI ba="0,0" hai="0,4,10,55,57,63,66,67,76,81,86" m="50250" machi="86" ten="30,2000,0" yaku="19,1,52,1" doraHai="7" who="0" fromWho="2" sc="331,20,332,0,286,-20,51,0" /><INIT seed="6,0,0,3,5,63" ten="351,332,266,51" oya="2" hai0="48,97,33,94,128,109,24,64,54,21,18,57,6" hai1="59,65,105,30,98,23,115,34,110,133,55,72,42" hai2="68,31,101,73,41,108,36,4,88,60,82,87,76" hai3="107,117,116,118,129,100,19,40,47,8,66,61,120"/><V81/><F108/><W9/><G120/><T46/><D128/><U69/><E72/><V86/><F101/><W14/><G129/><T45/><D109/><U93/><E34/><V122/><F122/><W11/><G100/><T79/><D33/><U13/><E105/><V53/><F31/><W62/><G107/><T5/><D79/><U134/><E115/><V58/><F4/><N who="0" m="1642" /><D64/><U112/><E112/><V49/><F73/><W102/><G102/><AGARI ba="0,0" hai="18,21,24,45,46,48,54,57,94,97,102" m="1642" machi="102" ten="30,1000,0" yaku="8,1" doraHai="63" who="0" fromWho="3" sc="351,10,332,0,266,0,51,-10" /><INIT seed="7,0,0,2,2,37" ten="361,332,266,41" oya="3" hai0="18,128,20,98,57,55,42,34,79,32,33,14,16" hai1="64,132,58,13,114,0,120,76,24,83,43,78,87" hai2="36,52,117,35,45,60,89,72,54,118,17,133,80" hai3="70,104,111,44,101,8,28,97,112,15,21,67,40"/><W134/><G112/><T25/><D128/><U82/><E0/><V2/><F133/><W1/><G134/><T12/><D12/><U121/><E132/><V3/><F35/><W6/><G111/><T47/><D79/><U53/><E64/><V106/><F106/><W107/><G67/><T129/><D98/><U22/><E114/><V65/><F17/><W115/><G70/><T11/><D129/><U66/><E66/><V124/><F124/><W5/><G115/><T88/><D88/><U127/><E13/><V96/><F72/><W102/><G28/><T62/><D34/><U119/><E127/><V75/><F75/><W71/><G71/><T4/><D18/><U63/><E119/><V100/><F80/><W30/><G30/><T123/><D123/><U48/><E22/><V84/><F36/><AGARI ba="0,0" hai="4,11,14,16,20,25,32,33,36,42,47,55,57,62" machi="36" ten="30,3900,0" yaku="7,1,52,1,54,1" doraHai="37" who="0" fromWho="2" sc="361,39,332,0,266,-39,41,0" owari="400,50.0,332,13.0,227,-17.0,41,-46.0" /></mjloggm>