<mjloggm ver="2.3"><GO type="169" lobby="0"/><UN n0="%E3%83%88%E3%83%88%E3%83%AA%E5%85%88%E7%94%9F%31%39%E6%AD%B3" n1="%E6%9D%BE%E6%9C%AC%E5%81%A5%E7%94%B7" n2="%E3%82%B4%E3%83%BC%E3%83%AB%E3%83%87%E3%83%B3%E3%81%B2%E3%82%88%E3%81%93" n3="%73%61%74" dan="18,16,16,16" rate="2290.07,2096.42,2161.05,2080.08" sx="F,M,M,M"/><TAIKYOKU oya="0"/><INIT seed="0,0,0,5,0,57" ten="250,250,250,250" oya="0" hai0="29,2,63,112,1,34,14,53,90,20,104,122,133" hai1="38,106,116,94,65,78,96,27,13,85,79,48,81" hai2="115,21,105,16,114,126,56,127,89,88,60,10,93" hai3="134,47,100,123,50,64,25,70,109,77,71,26,132"/><T40/><D112/><U12/><E38/><V24/><F105/><W37/><G77/><T101/><D122/><U84/><E106/><V80/><F80/><W9/><G100/><T69/><D133/><N who="3" m="51305" /><G37/><T103/><D40/><U6/><E116/><V117/><F10/><W59/><G109/><T121/><D121/><U110/><E110/><V55/><F117/><W73/><G73/><T3/><D104/><U97/><E27/><V35/><F35/><W52/><G123/><T49/><D34/><U62/><E48/><V113/><REACH who="2" step="1"/><F89/><REACH who="2" ten="250,250,240,250" step="2"/><W128/><G9/><T43/><D90/><U4/><E81/><V124/><F124/><W87/><G128/><T19/><D101/><U111/><E111/><V31/><F31/><W68/><G87/><AGARI ba="0,1" hai="16,21,24,55,56,60,87,88,93,113,114,115,126,127" machi="87" ten="40,8000,1" yaku="1,1,52,1,54,2,53,0" doraHai="57" doraHaiUra="0" who="2" fromWho="3" sc="250,0,250,0,240,90,250,-80" /><INIT seed="1,0,0,5,1,120" ten="250,250,330,170" oya="1" hai0="72,53,7,74,41,17,16,121,39,103,130,94,18" hai1="60,68,134,57,15,98,62,104,27,33,51,116,0" hai2="78,5,22,52,13,108,110,43,101,109,112,107,46" hai3="87,29,126,71,114,100,113,77,118,83,81,133,35"/><U117/><E0/><V125/><F78/><W58/><G71/><T32/><D32/><U129/><E15/><V102/><F107/><W45/><G126/><T11/><D121/><U40/><E33/><V37/><F125/><W79/><G133/><T85/><D130/><U96/><E96/><V54/><F112/><W92/><G118/><T34/><D34/><U66/><E27/><V9/><F22/><W2/><G2/><T95/><D53/><AGARI ba="0,0" hai="5,9,13,37,43,46,52,53,54,101,102,108,109,110" machi="53" ten="40,8000,1" yaku="14,1,52,3,54,1" doraHai="120" who="2" fromWho="0" sc="250,-80,250,0,330,80,170,0" /><INIT seed="2,0,0,1,3,129" ten="170,250,410,170" oya="2" hai0="115,30,10,97,41,64,103,63,125,13,37,47,69" hai1="54,100,101,16,62,65,43,83,76,3,28,59,131" hai2="107,121,81,98,104,74,14,110,75,50,135,91,130" hai3="127,44,82,86,26,67,120,9,58,12,27,87,53"/><V80/><F14/><W89/><G120/><T99/><D115/><U71/><E131/><V52/><F130/><W108/><G127/><T133/><D125/><U117/><E3/><V94/><F121/><W90/><G108/><T93/><D30/><U6/><E6/><V106/><F110/><W118/><G67/><T21/><D21/><U92/><E43/><V23/><F23/><W68/><G68/><T40/><D40/><U56/><E71/><V55/><F135/><W7/><G44/><T128/><D128/><U38/><E28/><V96/><F55/><W5/><G5/><T119/><D99/><U46/><E117/><V124/><F124/><W78/><G118/><T22/><D22/><U61/><E92/><N who="2" m="56351" /><F52/><W85/><G89/><T70/><D119/><U35/><E35/><V113/><F50/><W57/><G57/><T0/><D0/><U72/><E46/><V18/><F18/><W48/><REACH who="3" step="1"/><G90/><REACH who="3" ten="170,250,410,160" step="2"/><T66/><D66/><U24/><E65/><V102/><F113/><W31/><G31/><T88/><D70/><U15/><E59/><V8/><F8/><W51/><G51/><T2/><D2/><U60/><E56/><V29/><F29/><W79/><G79/><T123/><D123/><U95/><E76/><V77/><F77/><W84/><AGARI ba="0,1" hai="7,9,12,26,27,48,53,58,78,82,84,85,86,87" machi="84" ten="30,7900,0" yaku="1,1,0,1,8,1,53,1" doraHai="129" doraHaiUra="49" who="3" fromWho="3" sc="170,-20,250,-20,410,-39,160,89" /><INIT seed="3,0,0,3,3,36" ten="150,230,371,249" oya="3" hai0="92,16,107,60,101,22,117,15,5,79,119,1,43" hai1="88,135,12,20,108,38,6,127,96,4,90,70,57" hai2="61,114,65,56,10,23,9,122,17,118,31,83,106" hai3="66,53,111,34,14,87,7,112,99,26,100,116,125"/><W64/><G116/><T52/><D107/><U50/><E70/><V35/><F118/><W45/><G112/><T41/><D117/><U3/><E38/><V0/><F114/><W109/><G125/><T75/><D119/><U78/><E108/><N who="3" m="41546" /><G87/><T2/><D75/><U97/><E78/><V33/><F106/><W13/><G34/><T27/><D79/><U8/><E135/><V21/><F122/><W44/><G26/><T94/><D2/><U32/><E32/><V132/><F132/><W123/><G123/><T58/><D1/><U86/><E4/><V49/><F35/><W68/><G68/><T67/><D67/><N who="3" m="25641" /><G53/><T81/><D81/><U126/><E126/><V19/><F33/><W25/><G25/><T18/><D5/><U102/><E127/><V39/><F31/><W105/><G7/><T24/><D24/><U129/><E3/><V29/><F0/><W55/><G55/><T69/><D69/><U85/><E85/><V121/><F29/><W131/><G131/><T73/><D73/><U84/><E84/><V82/><F121/><W77/><G77/><T134/><D134/><U62/><E86/><V30/><F30/><W47/><AGARI ba="0,0" hai="13,14,44,45,47,99,100,105" m="25641,41546" machi="47" ten="40,3900,0" yaku="14,1,10,1" doraHai="36" who="3" fromWho="3" sc="150,-13,230,-13,371,-13,249,39" /><INIT seed="3,1,0,5,5,48" ten="137,217,358,288" oya="3" hai0="57,122,130,128,39,17,1,88,85,135,13,103,20" hai1="0,28,129,30,54,32,80,6,108,83,22,95,2" hai2="75,35,73,82,52,84,124,64,44,18,111,109,43" hai3="26,50,34,115,102,4,15,8,59,63,9,55,87"/><W79/><G115/><T12/><D122/><U117/><E32/><V81/><F35/><W47/><G102/><T24/><D1/><U89/><E108/><N who="2" m="41547" /><F124/><W45/><G45/><T38/><D103/><U76/><E129/><N who="0" m="49769" /><D135/><U19/><E117/><V93/><F64/><W7/><G79/><T16/><D57/><U99/><E83/><N who="2" m="31755" /><F18/><W74/><G87/><T23/><D24/><U65/><E65/><V112/><F112/><W97/><G97/><T61/><D61/><U41/><E2/><V40/><F93/><AGARI ba="1,0" hai="12,13,16,17,20,23,38,39,85,88,93" m="49769" machi="93" ten="30,3900,0" yaku="19,1,54,2" doraHai="48" who="0" fromWho="2" sc="137,42,217,0,358,-42,288,0" /><INIT seed="4,0,0,2,5,99" ten="179,217,316,288" oya="0" hai0="102,135,108,50,82,15,128,23,67,33,38,32,36" hai1="80,95,85,131,76,47,100,105,111,54,117,113,29" hai2="120,97,130,119,78,8,59,51,2,115,41,123,12" hai3="60,11,68,14,87,132,20,46,24,0,121,63,70"/><T96/><D128/><U53/><E111/><V30/><F130/><W64/><G132/><T16/><D135/><U91/><E117/><V101/><F119/><W58/><G0/><T62/><D108/><U7/><E131/><V52/><F115/><W48/><G121/><T61/><D50/><U4/><E113/><V79/><F2/><W22/><G63/><T98/><D98/><U124/><E29/><V106/><F30/><W122/><G122/><T25/><D82/><U92/><E92/><V45/><F120/><W49/><G49/><T43/><D61/><U74/><E124/><V126/><F126/><W129/><G129/><T116/><D116/><U89/><E89/><V75/><F75/><W34/><G34/><T118/><D118/><U28/><E28/><V10/><F10/><W83/><G24/><T109/><D109/><U35/><E35/><V27/><F27/><W31/><G31/><T1/><D1/><U18/><E18/><V66/><F66/><W114/><G68/><T69/><D25/><U134/><E134/><V104/><F104/><W84/><G70/><T6/><D6/><U77/><E77/><V17/><REACH who="2" step="1"/><F123/><REACH who="2" ten="179,217,306,288" step="2"/><W42/><G114/><T133/><D133/><U5/><E74/><V19/><F19/><W44/><G64/><T39/><REACH who="0" step="1"/><D43/><REACH who="0" ten="169,217,306,288" step="2"/><U103/><E5/><V13/><F13/><W107/><G42/><T71/><D71/><U127/><E7/><V90/><F90/><W81/><G14/><T40/><D40/><U37/><E127/><V26/><F26/><W86/><G83/><T72/><D72/><U3/><E80/><RYUUKYOKU ba="0,2" sc="169,15,217,-15,306,15,288,-15" hai0="15,16,23,32,33,36,38,39,62,67,69,96,102" hai2="8,12,17,41,45,51,52,59,78,79,97,101,106" /><INIT seed="4,1,2,0,3,67" ten="184,202,321,273" oya="0" hai0="81,116,101,86,128,60,43,19,30,54,32,8,27" hai1="80,106,15,103,53,21,25,132,6,129,89,130,90" hai2="56,66,120,13,85,119,114,0,35,134,70,22,51" hai3="37,55,7,77,45,91,110,17,48,57,124,31,118"/><T131/><D116/><U61/><E132/><V98/><F119/><W126/><G110/><T69/><D43/><U97/><E6/><V94/><F134/><W65/><G31/><T83/><D101/><U74/><E15/><V11/><F35/><W40/><G118/><T18/><D8/><U9/><E9/><V42/><F120/><W2/><G77/><T121/><D121/><U104/><E104/><V125/><F125/><N who="3" m="48235" /><G17/><T14/><D14/><U39/><E39/><V64/><F70/><W73/><G73/><T82/><D86/><U133/><E133/><V117/><F114/><W92/><G65/><N who="0" m="41127" /><D54/><U78/><E53/><N who="2" m="31807" /><F0/><W4/><G2/><T96/><D96/><AGARI ba="1,2" hai="4,7,37,40,45,48,55,57,91,92,96" m="48235" machi="96" ten="30,1000,0" yaku="18,1" doraHai="67" who="3" fromWho="0" sc="184,-13,202,0,321,0,273,33" /><INIT seed="5,0,0,1,3,103" ten="171,202,321,306" oya="1" hai0="58,127,41,15,57,3,115,110,23,17,50,71,13" hai1="39,91,52,81,123,117,37,130,129,112,51,18,24" hai2="44,109,45,62,63,128,64,87,69,47,75,60,10" hai3="30,43,72,16,120,56,125,121,1,82,4,88,106"/><U12/><E117/><V131/><F75/><W89/><G30/><T31/><D110/><U78/><E123/><V14/><F109/><W96/><G43/><T2/><D71/><U111/><E24/><V70/><F87/><W100/><G4/><T65/><D115/><U126/><E111/><V107/><F107/><W6/><G6/><T33/><D127/><U42/><E42/><V99/><F99/><W86/><G1/><T9/><D33/><U132/><E91/><V105/><F105/><W20/><G56/><T68/><D68/><U116/><E116/><V84/><F84/><W25/><G125/><T11/><D65/><U134/><E112/><V8/><F64/><W113/><G113/><T101/><D101/><U48/><E48/><V54/><F54/><W104/><G104/><T27/><D3/><U92/><E92/><V66/><F66/><W67/><G67/><T94/><D2/><U21/><E126/><V53/><F53/><W34/><G34/><T29/><D94/><U59/><E39/><V98/><F98/><W26/><G26/><T135/><D29/><U5/><E5/><N who="2" m="3343" /><F10/><W32/><G72/><T102/><D102/><U83/><E37/><V95/><F95/><W93/><G32/><T7/><D57/><U38/><E38/><V73/><F73/><W133/><G133/><N who="1" m="51306" /><E78/><V85/><F85/><AGARI ba="0,0" hai="16,20,25,82,85,86,88,89,93,96,100,106,120,121" machi="85" ten="30,7700,0" yaku="7,1,52,1,54,2" doraHai="103" who="3" fromWho="2" sc="171,0,202,0,321,-77,306,77" /><INIT seed="6,0,0,5,4,36" ten="171,202,244,383" oya="2" hai0="2,112,21,101,106,51,45,24,122,91,114,56,52" hai1="50,82,128,71,103,11,59,108,102,97,6,10,72" hai2="54,27,111,121,85,73,117,75,79,60,126,78,130" hai3="88,98,113,66,31,48,18,109,1,92,62,118,104"/><V131/><F27/><W61/><G1/><T40/><D122/><U90/><E71/><V84/><F54/><W116/><G109/><T93/><D2/><U44/><E128/><N who="2" m="49195" /><F60/><W64/><G113/><N who="0" m="43627" /><D106/><U133/><E133/><V14/><F14/><W42/><G104/><T13/><D101/><U63/><E108/><V53/><F53/><W87/><G31/><N who="0" m="17807" /><D13/><U26/><E26/><V65/><F65/><W37/><G37/><N who="0" m="21647" /><D93/><U30/><E11/><V3/><F3/><W58/><G18/><T46/><D91/><U16/><E30/><V7/><F7/><W119/><G98/><T22/><D22/><U89/><E16/><V120/><F111/><W38/><G38/><T17/><D17/><U135/><E135/><V15/><F15/><W28/><G28/><T43/><D43/><U94/><E10/><V70/><F121/><W100/><G100/><T0/><D0/><U5/><E5/><V20/><F120/><W29/><G29/><T83/><D83/><U25/><E25/><V99/><F20/><W41/><REACH who="3" step="1"/><G48/><REACH who="3" ten="171,202,244,373" step="2"/><T110/><D110/><U12/><E6/><V4/><F4/><W68/><AGARI ba="0,1" hai="41,42,58,61,62,64,66,68,87,88,92,116,118,119" machi="68" ten="30,12000,2" yaku="1,1,2,1,0,1,52,2,54,1,53,0" doraHai="36" doraHaiUra="132" who="3" fromWho="3" sc="171,-30,202,-30,244,-60,373,130" /><INIT seed="7,0,0,0,3,29" ten="141,172,184,503" oya="3" hai0="128,18,87,102,12,68,120,82,124,47,17,92,103" hai1="86,61,56,106,43,81,57,121,119,111,0,27,2" hai2="14,42,24,88,40,109,91,105,113,36,85,134,100" hai3="135,130,114,8,115,13,44,117,67,3,69,90,123"/><W22/><G69/><T97/><D120/><U104/><E111/><V28/><F109/><W5/><G67/><T126/><D68/><U48/><E121/><V98/><F113/><N who="3" m="43019" /><G123/><T33/><D128/><U63/><E48/><V72/><F72/><W38/><G117/><T133/><D133/><U116/><E43/><V39/><F134/><W50/><G135/><T55/><D102/><U79/><E27/><V52/><F42/><W53/><G130/><T64/><D64/><U6/><E6/><V132/><F132/><W11/><G22/><T51/><D33/><U112/><E112/><V129/><F129/><W59/><G90/><T4/><D4/><U60/><E60/><V45/><F39/><W108/><G108/><T75/><D75/><U107/><E116/><V65/><F65/><W9/><G3/><T21/><REACH who="0" step="1"/><D18/><REACH who="0" ten="131,172,184,503" step="2"/><U41/><E119/><V118/><F118/><W37/><G37/><T70/><D70/><U15/><E106/><V20/><F36/><W95/><G95/><T58/><D58/><U76/><E104/><V46/><F105/><W99/><G99/><T66/><D66/><U7/><E107/><V101/><F98/><W16/><G5/><T23/><D23/><U73/><E7/><V49/><F101/><W122/><G122/><T84/><D84/><U35/><E86/><V96/><F85/><W30/><G30/><T77/><AGARI ba="0,1" hai="12,17,21,47,51,55,77,82,87,92,97,103,124,126" machi="77" ten="30,2000,0" yaku="1,1,0,1,53,0" doraHai="29" doraHaiUra="32" who="0" fromWho="0" sc="131,30,172,-5,184,-5,503,-10" owari="161,-34.0,167,-23.0,179,-2.0,493,59.0" /></mjloggm>