<mjloggm ver="2.3"><GO type="169" lobby="0"/><UN n0="%E3%82%A6%E3%83%AB%E3%83%88%E3%83%A9%E7%AB%8B%E7%9B%B4" n1="%E6%9B%99%E4%B9%8B%E5%85%89" n2="%64%6F%6F%6F%6F%77%79" n3="%79%61%6C%70%68%61" dan="18,16,16,17" rate="2219.15,2101.38,2138.02,2110.19" sx="M,F,M,M"/><TAIKYOKU oya="0"/><INIT seed="0,0,0,4,5,58" ten="250,250,250,250" oya="0" hai0="100,92,61,50,74,131,9,4,20,89,135,124,35" hai1="83,37,62,80,21,24,88,102,7,120,28,1,104" hai2="68,93,2,54,39,110,63,27,11,51,94,128,71" hai3="79,112,127,60,40,29,44,129,91,43,76,122,52"/><T101/><D35/><U31/><E120/><V134/><F39/><W32/><G112/><T130/><D74/><U78/><E37/><V33/><F110/><W132/><G122/><T109/><D124/><U103/><E31/><V118/><F128/><N who="0" m="49194" /><D135/><U3/><E83/><V19/><F134/><W64/><G132/><T69/><D50/><U47/><E47/><V86/><F118/><W73/><G32/><T16/><D109/><U48/><E48/><V99/><F86/><W107/><G73/><T113/><D113/><U23/><E23/><V0/><F94/><W46/><G107/><T18/><D9/><U90/><E104/><V114/><F114/><W66/><G127/><T70/><D4/><U10/><E3/><V115/><F115/><W116/><G129/><T133/><D18/><U55/><E103/><N who="0" m="39497" /><D61/><U6/><E102/><V123/><F63/><W84/><G116/><T49/><D49/><U30/><E6/><V5/><F123/><W82/><G29/><T36/><D36/><U95/><E30/><V26/><F33/><W8/><G8/><T22/><D22/><U77/><E62/><V17/><F19/><W85/><G52/><T67/><D67/><N who="3" m="25641" /><G60/><T38/><D38/><U12/><E55/><V126/><F54/><W125/><G125/><T57/><D57/><U75/><E1/><V59/><F0/><W121/><G121/><T87/><D133/><U65/><E65/><V108/><F126/><W97/><G46/><T98/><D98/><N who="1" m="57703" /><E75/><V119/><F108/><W15/><G44/><T45/><D45/><U34/><E34/><V56/><F11/><RYUUKYOKU ba="0,0" sc="250,15,250,15,250,-15,250,-15" hai0="16,20,69,70,87,89,92" hai1="7,10,12,21,24,28,77,78,80,90" /><INIT seed="0,1,0,0,2,127" ten="265,265,235,235" oya="0" hai0="113,117,50,28,112,21,56,126,17,102,12,94,6" hai1="111,59,19,29,88,52,133,122,53,125,96,14,47" hai2="129,39,9,100,89,106,7,108,101,35,61,8,119" hai3="132,86,92,79,128,55,38,3,103,105,23,116,85"/><T48/><D117/><U46/><E122/><V63/><F119/><W18/><G38/><T110/><D126/><U15/><E111/><V49/><F39/><W72/><G3/><T43/><D110/><U62/><E125/><V66/><F108/><W13/><G116/><T71/><D71/><U80/><E133/><V84/><F35/><W90/><G132/><T69/><D69/><U51/><E29/><V120/><F120/><W77/><G72/><T81/><D6/><U107/><E107/><V41/><F106/><W97/><G128/><T91/><D28/><U67/><E15/><V57/><F129/><W45/><G45/><T73/><D102/><U33/><E33/><V87/><F87/><W130/><G130/><T58/><D58/><N who="1" m="37335" /><E53/><V68/><F49/><W30/><G30/><T70/><D50/><U42/><E42/><V4/><F41/><W10/><G86/><N who="0" m="52599" /><D70/><U123/><E123/><V37/><F37/><W31/><G55/><N who="0" m="31847" /><D43/><U20/><E80/><V104/><F104/><W75/><G75/><T131/><D131/><U24/><E14/><N who="2" m="5383" /><F63/><W95/><G105/><T121/><D121/><U115/><E115/><V82/><F68/><W118/><G118/><T1/><D1/><U109/><E109/><V93/><F82/><W40/><G40/><T114/><D81/><U11/><E11/><V78/><F78/><W124/><G124/><T134/><D134/><U22/><E22/><V60/><F60/><W5/><G31/><T16/><D73/><U135/><E135/><V36/><F36/><W54/><G54/><T76/><D76/><U65/><E65/><RYUUKYOKU ba="1,0" sc="265,0,265,0,235,0,235,0" hai0="12,16,17,21,112,113,114" hai1="19,20,24,46,47,51,52,59,88,96" hai2="7,9,57,61,66,84,89,93,100,101" hai3="5,10,13,18,23,77,79,85,90,92,95,97,103" /><INIT seed="0,2,0,0,3,83" ten="265,265,235,235" oya="0" hai0="54,18,81,116,105,107,23,126,42,16,71,91,55" hai1="2,27,108,17,49,134,93,34,12,90,94,118,3" hai2="119,121,98,15,24,4,99,44,45,112,87,75,66" hai3="63,100,128,135,14,113,8,30,109,26,32,20,131"/><T43/><D71/><U38/><E38/><V120/><F75/><W82/><G100/><T21/><D81/><U31/><E118/><V69/><F119/><W41/><G41/><T39/><D91/><U103/><E108/><V1/><F1/><W0/><G109/><T37/><REACH who="0" step="1"/><D116/><REACH who="0" ten="255,265,235,235" step="2"/><U104/><E134/><V59/><F69/><W68/><G135/><T76/><D76/><U95/><E90/><V122/><F121/><W35/><G82/><T6/><D6/><U127/><E127/><AGARI ba="2,1" hai="16,18,21,23,37,39,42,43,54,55,105,107,126,127" machi="127" ten="25,9600,0" yaku="1,1,22,2,54,1,53,0" doraHai="83" doraHaiUra="85" who="0" fromWho="1" sc="255,112,265,-102,235,0,235,0" /><INIT seed="0,3,0,2,2,23" ten="367,163,235,235" oya="0" hai0="2,112,45,108,11,56,106,53,100,65,118,73,34" hai1="76,49,98,86,109,25,129,0,62,92,48,15,17" hai2="120,93,90,77,117,33,107,125,96,78,75,10,1" hai3="5,114,27,38,19,127,8,12,99,7,83,116,105"/><T18/><D112/><U30/><E0/><V131/><F120/><W71/><G38/><T63/><D118/><U82/><E129/><V42/><F131/><W57/><G71/><T103/><D73/><U72/><E72/><V47/><F117/><W135/><G116/><T84/><D34/><U64/><E109/><V6/><F125/><W130/><G114/><T126/><D126/><U20/><E15/><V13/><F33/><W16/><G130/><T115/><D115/><U3/><E17/><V101/><F13/><W40/><G127/><T46/><D2/><U97/><E97/><V74/><F74/><W22/><G40/><T35/><D35/><U21/><E21/><V110/><F110/><W119/><G119/><T61/><D108/><U41/><E41/><V128/><F128/><W79/><G135/><T87/><D106/><U91/><REACH who="1" step="1"/><E3/><REACH who="1" ten="367,153,235,235" step="2"/><V14/><F14/><W123/><G123/><T54/><D18/><U60/><E60/><V102/><F75/><W43/><G43/><T80/><D61/><U37/><E37/><V111/><F111/><W50/><G99/><T9/><D63/><U39/><E39/><V89/><F42/><W28/><G19/><T24/><D9/><U67/><E67/><V31/><F10/><W104/><G105/><T88/><D11/><U70/><AGARI ba="3,1" hai="20,25,30,48,49,62,64,70,76,82,86,91,92,98" machi="70" ten="20,5200,0" yaku="1,1,0,1,7,1,52,1,53,0" doraHai="23" doraHaiUra="52" who="1" fromWho="1" sc="367,-29,153,71,235,-16,235,-16" /><INIT seed="1,0,0,3,5,24" ten="338,224,219,219" oya="1" hai0="87,42,111,56,114,65,89,49,84,128,26,57,31" hai1="74,121,129,45,125,134,52,38,91,83,17,1,130" hai2="16,92,90,105,131,3,36,106,116,23,64,77,34" hai3="103,8,113,82,86,35,66,133,61,78,120,94,62"/><U46/><E121/><V75/><F34/><W28/><G113/><T97/><D114/><U9/><E125/><V126/><F3/><W68/><G120/><T22/><D111/><U12/><E1/><V25/><F36/><W95/><G133/><T79/><D128/><N who="1" m="49259" /><E134/><V32/><F131/><W29/><G35/><T60/><D79/><N who="1" m="44535" /><E38/><V93/><F126/><W119/><G119/><T63/><D42/><U71/><E71/><V73/><F116/><W102/><G8/><T80/><D49/><N who="1" m="28719" /><E46/><V0/><F0/><W99/><G62/><T33/><D33/><U59/><E91/><V41/><F90/><W44/><G44/><T88/><D97/><AGARI ba="0,0" hai="28,29,61,66,68,78,82,86,94,95,97,99,102,103" machi="97" ten="40,5200,0" yaku="9,1,52,2" doraHai="24" who="3" fromWho="0" sc="338,-52,224,0,219,0,219,52" /><INIT seed="2,0,0,0,1,110" ten="286,224,219,271" oya="2" hai0="101,3,27,76,109,97,87,41,68,26,90,102,64" hai1="77,12,121,56,40,25,50,75,69,100,46,113,82" hai2="1,57,122,6,21,88,61,80,52,134,84,119,73" hai3="99,16,33,120,28,103,91,36,96,34,65,116,92"/><V30/><F119/><W89/><G120/><T38/><D3/><U19/><E69/><V39/><F122/><W32/><G116/><T58/><D68/><U106/><E121/><V20/><F39/><W135/><G36/><T15/><D109/><U22/><E56/><V94/><F134/><W114/><G135/><T123/><D123/><U43/><E113/><V2/><F30/><W4/><G4/><T95/><D41/><U7/><E43/><V98/><F73/><W18/><G28/><T14/><D38/><U49/><E49/><V63/><F63/><W9/><G65/><T93/><D76/><U71/><E71/><V47/><F47/><W130/><G130/><T115/><D115/><U108/><E108/><V81/><F81/><W124/><G114/><T107/><D107/><U127/><E127/><V70/><F70/><W0/><G124/><T35/><D102/><U67/><E67/><V117/><F117/><W13/><G0/><T29/><REACH who="0" step="1"/><D27/><REACH who="0" ten="276,224,219,271" step="2"/><U51/><E106/><V37/><F37/><W66/><G91/><T79/><D79/><U118/><E100/><V132/><F132/><W83/><G103/><T53/><D53/><U55/><E118/><V104/><F104/><W54/><G54/><T48/><D48/><N who="1" m="26695" /><E55/><V8/><REACH who="2" step="1"/><F2/><REACH who="2" ten="276,224,209,271" step="2"/><W133/><G133/><T131/><D131/><U78/><E78/><AGARI ba="0,2" hai="1,6,8,20,21,52,57,61,78,80,84,88,94,98" machi="78" ten="30,12000,1" yaku="1,1,2,1,7,1,54,2,53,0" doraHai="110" doraHaiUra="125" who="2" fromWho="1" sc="276,0,224,-120,209,140,271,0" /><INIT seed="2,1,0,2,3,86" ten="276,104,349,271" oya="2" hai0="20,130,6,45,111,46,30,49,47,48,10,109,15" hai1="22,120,88,95,43,58,0,78,4,39,114,56,40" hai2="100,83,98,90,104,94,135,96,19,2,125,87,106" hai3="76,38,132,108,44,26,123,79,60,70,93,124,71"/><V80/><F2/><W107/><G107/><N who="2" m="41001" /><F19/><W69/><G123/><T85/><D130/><U28/><E114/><V128/><F128/><W31/><G108/><T102/><D102/><U24/><E120/><V74/><F135/><W115/><G132/><T17/><D30/><U65/><E78/><N who="2" m="44119" /><F125/><W117/><G117/><T5/><D85/><U57/><E39/><V16/><F16/><W9/><G115/><T103/><D103/><U73/><E73/><V77/><F98/><W67/><G124/><T55/><D6/><U66/><E4/><V53/><F53/><W27/><G9/><T113/><D113/><U7/><E7/><V36/><F36/><W105/><G105/><T25/><D47/><U81/><E0/><V41/><F41/><N who="1" m="15945" /><E81/><V131/><F131/><W89/><G44/><T59/><D59/><N who="1" m="15107" /><U92/><DORA hai="68" /><E92/><V75/><F75/><W29/><G38/><T134/><D134/><U133/><E133/><V119/><F119/><W37/><G37/><T21/><D46/><U1/><E1/><V97/><F97/><AGARI ba="1,0" hai="22,24,28,65,66,88,95,97" m="15107,15945" machi="97" ten="30,3900,0" yaku="8,1,52,1,54,1" doraHai="86,68" who="1" fromWho="2" sc="276,0,104,42,349,-42,271,0" /><INIT seed="3,0,0,5,4,77" ten="276,146,307,271" oya="3" hai0="25,51,48,53,99,39,37,125,104,55,60,63,68" hai1="113,82,84,75,62,40,5,121,13,74,132,116,61" hai2="130,4,34,9,50,19,94,128,33,72,97,110,18" hai3="1,26,47,24,31,92,66,86,131,54,88,28,41"/><W2/><G131/><N who="2" m="50217" /><F72/><W114/><G114/><T35/><D25/><U91/><E113/><V133/><F110/><W107/><G107/><T83/><D99/><U0/><E121/><V106/><F106/><W30/><G66/><N who="0" m="41031" /><D83/><U126/><E0/><N who="2" m="135" /><F133/><W46/><G54/><N who="0" m="20491" /><D35/><N who="2" m="13322" /><F50/><N who="0" m="18986" /><D104/><U124/><E132/><V22/><F22/><W15/><G1/><T67/><D125/><N who="1" m="48235" /><E116/><V6/><F6/><W64/><G2/><T7/><D7/><U134/><E134/><V80/><F80/><W103/><G64/><T100/><D100/><AGARI ba="0,0" hai="18,19,94,97,100" m="13322,135,50217" machi="100" ten="30,1000,0" yaku="19,1" doraHai="77" who="2" fromWho="0" sc="276,-10,146,0,307,10,271,0" /><INIT seed="4,0,0,2,0,81" ten="266,146,317,271" oya="0" hai0="24,53,110,74,54,57,79,124,68,15,93,134,51" hai1="99,39,19,92,49,21,6,87,38,105,86,122,77" hai2="135,60,109,47,130,52,97,11,84,37,0,36,95" hai3="131,116,103,33,65,42,14,10,129,127,108,64,58"/><T44/><D124/><U107/><E122/><V117/><F109/><W106/><G108/><T32/><D134/><U120/><E120/><V89/><F135/><W48/><G116/><T26/><D68/><U85/><E77/><V83/><F117/><W78/><G33/><T4/><D110/><U35/><E35/><V29/><F130/><N who="3" m="49675" /><G127/><T132/><D132/><U62/><E6/><V128/><F29/><W82/><G106/><T70/><D70/><U80/><E80/><V102/><F128/><W1/><G103/><T111/><D111/><U12/><E62/><V90/><F102/><W133/><G1/><T118/><D118/><U17/><E49/><V3/><F11/><W114/><G114/><T115/><D115/><U88/><REACH who="1" step="1"/><E19/><REACH who="1" ten="266,136,317,271" step="2"/><V66/><F37/><AGARI ba="0,1" hai="12,17,21,37,38,39,85,86,87,88,92,99,105,107" machi="37" ten="40,12000,2" yaku="1,1,2,1,52,3,54,1,53,0" doraHai="81" doraHaiUra="76" who="1" fromWho="2" sc="266,0,136,130,317,-120,271,0" /><INIT seed="5,0,0,2,4,81" ten="266,266,197,271" oya="1" hai0="113,135,4,125,93,119,128,89,51,40,118,97,114" hai1="99,3,76,26,71,108,38,122,62,96,27,101,52" hai2="105,33,6,95,21,30,72,29,74,120,102,43,84" hai3="25,34,57,58,9,65,78,59,124,66,50,107,83"/><U117/><E117/><V28/><F120/><W86/><G107/><T37/><D37/><U36/><E122/><V64/><F33/><W94/><G124/><T15/><D128/><U61/><E3/><V121/><F121/><W11/><G34/><T126/><D135/><U79/><E108/><V17/><F105/><W19/><G94/><T127/><D40/><U10/><E10/><N who="3" m="3594" /><G50/><T39/><D39/><U132/><E101/><V129/><F129/><W131/><G131/><T55/><D15/><U0/><E0/><V20/><F6/><W13/><G25/><T44/><REACH who="0" step="1"/><D4/><REACH who="0" ten="256,266,197,271" step="2"/><U5/><E5/><V18/><F43/><W104/><G104/><T82/><D82/><U53/><REACH who="1" step="1"/><E71/><REACH who="1" ten="256,256,197,271" step="2"/><V31/><N who="2" m="7168" /><DORA hai="70" /><V54/><F102/><W123/><G123/><T63/><D63/><U67/><E67/><V100/><F64/><W60/><G66/><T69/><D69/><U88/><E88/><V91/><F100/><W77/><G65/><T12/><D12/><U41/><E41/><V110/><F110/><W35/><G60/><T49/><D49/><U92/><E92/><V133/><F133/><AGARI ba="0,2" hai="26,27,36,38,52,53,61,62,76,79,96,99,132,133" machi="133" ten="25,18000,2" yaku="1,1,22,2,52,2,54,1,53,0" doraHai="81,70" doraHaiUra="1,42" who="1" fromWho="2" sc="256,0,256,200,197,-180,271,0" /><INIT seed="5,1,0,1,5,17" ten="256,456,17,271" oya="1" hai0="30,44,43,103,95,97,100,79,38,118,48,51,91" hai1="101,78,111,108,88,80,26,62,109,99,89,68,72" hai2="66,19,133,119,54,132,18,1,61,102,115,92,120" hai3="98,94,127,128,123,114,40,57,107,36,41,27,85"/><U104/><REACH who="1" step="1"/><E26/><REACH who="1" ten="256,446,17,271" step="2"/><V9/><F119/><W77/><G27/><T84/><D118/><U59/><E59/><N who="2" m="37183" /><F120/><W13/><G57/><T106/><D30/><U64/><AGARI ba="1,1" hai="62,64,68,72,78,80,88,89,99,101,104,108,109,111" machi="64" ten="40,18000,2" yaku="21,2,0,1,10,1,54,1,53,1" doraHai="17" doraHaiUra="74" who="1" fromWho="1" sc="256,-61,446,193,17,-61,271,-61" owari="195,-20.0,639,73.0,-44,-54.0,210,1.0" /></mjloggm>