<mjloggm ver="2.3"><GO type="169" lobby="0"/><UN n0="%E5%B0%B1%E6%B4%BB%E7%94%9F%40%E5%B7%9D%E6%9D%91%E8%BB%8D%E5%9B%A3" n1="%4B%61%74" n2="%E3%81%AD%E3%81%8D%E3%81%9B%40" n3="%43%2E%43%2E%E3%82%B5%E3%83%90%E3%82%B7%E3%82%A2" dan="18,17,16,16" rate="2264.30,2117.31,2131.46,2066.52" sx="M,M,F,F"/><TAIKYOKU oya="0"/><INIT seed="0,0,0,0,3,56" ten="250,250,250,250" oya="0" hai0="13,73,15,80,129,9,121,5,106,67,2,127,116" hai1="25,126,23,33,98,128,53,44,92,81,93,24,54" hai2="27,71,14,70,60,95,35,119,40,28,88,109,131" hai3="42,82,99,103,38,64,43,133,120,16,86,61,46"/><T107/><D121/><U7/><E128/><V87/><F109/><W118/><G118/><T125/><D116/><U57/><E126/><V114/><F114/><W49/><G120/><T77/><D129/><U90/><E7/><V0/><F119/><W8/><G133/><T37/><D37/><U75/><E33/><V62/><F0/><W100/><G38/><T51/><D51/><U89/><E75/><V1/><F1/><W79/><G42/><T31/><D31/><U12/><E81/><V20/><F131/><W22/><G8/><T96/><D67/><U39/><E39/><V132/><F132/><W76/><G99/><T69/><D69/><U52/><E44/><V6/><F40/><W3/><G76/><T58/><D58/><U113/><E113/><V63/><REACH who="2" step="1"/><F20/><REACH who="2" ten="250,250,240,250" step="2"/><W50/><G3/><T124/><D2/><U32/><E32/><V17/><F17/><W83/><G83/><T85/><D73/><U78/><E78/><V91/><F91/><W112/><G112/><T26/><D26/><U104/><E12/><V110/><F110/><W115/><G115/><T102/><REACH who="0" step="1"/><D15/><REACH who="0" ten="240,250,240,250" step="2"/><U134/><E25/><V94/><F94/><AGARI ba="0,2" hai="5,9,13,77,80,85,94,96,102,106,107,124,125,127" machi="94" ten="40,7700,0" yaku="1,1,2,1,18,1,53,0" doraHai="56" doraHaiUra="45" who="0" fromWho="2" sc="240,97,250,0,240,-77,250,0" /><INIT seed="0,1,0,1,2,95" ten="337,250,163,250" oya="0" hai0="26,123,62,1,74,102,38,2,19,46,25,78,24" hai1="42,98,16,105,37,82,96,113,86,75,122,47,119" hai2="100,134,71,31,120,83,12,3,70,99,59,44,133" hai3="55,106,4,43,132,63,80,127,5,32,73,130,110"/><T13/><D123/><U14/><E119/><V64/><F120/><W101/><G110/><T107/><D74/><U84/><E122/><V129/><F3/><W17/><G130/><T61/><D78/><U108/><E108/><V68/><F129/><W0/><G0/><T87/><D87/><U10/><E105/><V21/><F44/><W35/><G43/><T90/><D90/><U115/><E75/><V94/><F83/><W6/><G17/><T49/><D38/><U57/><E57/><V7/><F7/><W41/><G41/><T85/><D85/><N who="1" m="32875" /><E82/><V135/><F12/><W18/><G18/><T131/><D131/><U97/><E37/><V9/><F9/><W76/><G132/><T124/><D124/><U91/><E42/><V33/><F33/><W22/><G22/><T125/><D125/><U65/><E65/><V52/><F64/><W93/><G106/><T109/><D109/><U103/><E47/><V79/><F79/><W58/><REACH who="3" step="1"/><G127/><REACH who="3" ten="337,250,163,240" step="2"/><T27/><D1/><U30/><E30/><V11/><F11/><W48/><G48/><T20/><D2/><U104/><E104/><V72/><F31/><W23/><G23/><T28/><D28/><U40/><E40/><V36/><F36/><W77/><G77/><T67/><D20/><U54/><E16/><V53/><F72/><W116/><G116/><T56/><D19/><U81/><E81/><V89/><F21/><W69/><G69/><T128/><D128/><U29/><E29/><V126/><F126/><W39/><G39/><T34/><N who="0" m="6656" /><DORA hai="15" /><T60/><D107/><U88/><E10/><RYUUKYOKU ba="1,1" sc="337,-10,250,-10,163,-10,240,30" hai3="4,5,6,32,35,55,58,63,73,76,80,93,101" /><INIT seed="1,2,1,2,4,135" ten="327,240,153,270" oya="1" hai0="26,55,63,30,36,58,88,27,69,29,98,85,51" hai1="97,56,57,134,14,39,8,17,94,125,33,3,91" hai2="81,72,54,11,114,25,83,93,71,50,16,105,12" hai3="37,116,78,132,70,117,108,130,68,106,59,46,47"/><U73/><E73/><V66/><F105/><W107/><G108/><T31/><D36/><U5/><E134/><V129/><F72/><W35/><G132/><T32/><D32/><U128/><E39/><V86/><F129/><W42/><G35/><T103/><D69/><N who="3" m="26729" /><G59/><T7/><D7/><U76/><E128/><V99/><F114/><W1/><G1/><T18/><D18/><U60/><E76/><V13/><F71/><W52/><G78/><T109/><D109/><U20/><E125/><V113/><F66/><W21/><G21/><T49/><D98/><U15/><E15/><V92/><F113/><W127/><G130/><T102/><D51/><U61/><REACH who="1" step="1"/><E33/><REACH who="1" ten="327,230,153,270" step="2"/><V133/><F133/><W4/><G127/><T75/><D75/><U41/><E41/><V123/><F123/><W122/><G122/><T6/><D6/><U110/><E110/><V95/><F13/><W96/><G42/><T118/><D118/><U104/><E104/><V131/><F131/><W40/><G107/><T9/><D27/><U23/><E23/><V90/><F25/><W24/><G24/><T120/><D26/><U43/><E43/><V119/><F119/><W111/><G111/><T2/><D2/><U19/><E19/><V28/><F28/><W65/><G4/><T115/><D115/><U38/><E38/><V34/><F34/><W0/><G0/><T121/><D9/><U64/><E64/><V89/><REACH who="2" step="1"/><F95/><REACH who="2" ten="327,230,143,270" step="2"/><W112/><G65/><N who="0" m="39159" /><D31/><U10/><E10/><V45/><AGARI ba="2,3" hai="11,12,16,45,50,54,81,83,86,89,90,92,93,99" machi="45" ten="20,12000,2" yaku="1,1,0,1,7,1,8,1,54,1,53,1" doraHai="135" doraHaiUra="44" who="2" fromWho="2" sc="327,-32,230,-62,143,156,270,-32" /><INIT seed="2,0,0,0,0,48" ten="295,168,299,238" oya="2" hai0="47,42,109,124,25,60,1,63,4,58,110,10,122" hai1="3,126,127,128,6,107,74,135,28,50,98,84,99" hai2="105,89,83,108,104,19,59,39,36,2,34,92,68" hai3="13,118,43,70,54,22,27,76,114,32,79,30,29"/><V96/><F68/><W129/><G118/><T113/><D122/><U55/><E74/><V120/><F120/><W65/><G43/><T53/><D113/><U64/><E64/><V51/><F2/><W21/><G114/><T73/><D124/><N who="1" m="47659" /><E28/><V26/><F108/><W24/><G129/><T62/><D73/><U37/><E37/><V9/><F34/><W85/><G65/><T41/><D25/><U33/><E33/><V117/><F117/><W87/><G70/><T52/><D42/><U80/><E107/><V130/><F130/><W46/><G13/><T72/><D72/><U5/><E135/><V112/><F112/><W66/><G66/><T94/><D94/><U116/><E116/><V14/><F26/><W75/><G32/><T12/><D1/><U100/><E100/><V134/><F134/><W106/><G106/><T57/><REACH who="0" step="1"/><D63/><REACH who="0" ten="285,168,299,238" step="2"/><U67/><E3/><V103/><F104/><W81/><REACH who="3" step="1"/><G79/><REACH who="3" ten="285,168,299,228" step="2"/><T101/><D101/><U17/><E128/><V38/><F103/><W115/><G115/><T40/><D40/><U132/><E132/><V93/><F105/><W97/><G97/><T86/><D86/><U119/><E99/><V35/><F96/><W15/><G15/><T44/><D44/><U11/><E98/><V95/><F35/><W20/><G20/><T91/><D91/><U102/><E102/><V125/><F125/><W123/><G123/><T16/><D16/><U8/><E84/><N who="2" m="50335" /><F39/><AGARI ba="0,2" hai="4,10,12,39,41,47,52,53,57,58,60,62,109,110" machi="39" ten="40,8000,1" yaku="1,1,9,1,52,2,54,1,53,0" doraHai="48" doraHaiUra="90" who="0" fromWho="2" sc="285,100,168,0,299,-80,228,0" /><INIT seed="3,0,0,4,3,80" ten="385,168,219,228" oya="3" hai0="25,74,28,109,86,73,63,68,0,1,56,123,71" hai1="13,87,39,51,57,113,88,30,41,17,43,47,66" hai2="84,50,18,132,92,48,20,122,111,96,32,95,121" hai3="49,114,58,116,59,21,38,15,112,93,14,115,131"/><W85/><G38/><T29/><D123/><N who="2" m="47114" /><F32/><W76/><G116/><T90/><D109/><U36/><E113/><V106/><F111/><W4/><G131/><T46/><D73/><U125/><E125/><V37/><F37/><W108/><G108/><T120/><D74/><U8/><E30/><V27/><F132/><W31/><G4/><T102/><D102/><U99/><E99/><V42/><F106/><W9/><G9/><T54/><D29/><U105/><E105/><V53/><F42/><W70/><G70/><T26/><D26/><U6/><E6/><V34/><F34/><W11/><G11/><T104/><D104/><U65/><E43/><V100/><F53/><W19/><G31/><T135/><D135/><U110/><E110/><V60/><F60/><W126/><G126/><T128/><D128/><U130/><E130/><V77/><F95/><W97/><G15/><T52/><D120/><U40/><E40/><V3/><F3/><W94/><G49/><T7/><D7/><U81/><REACH who="1" step="1"/><E66/><REACH who="1" ten="385,158,219,228" step="2"/><V117/><F117/><W62/><G112/><T22/><D0/><U16/><E16/><V103/><F103/><N who="3" m="60847" /><G114/><T2/><D1/><U69/><E69/><V33/><F33/><W127/><G115/><T35/><D2/><U24/><E24/><V23/><F23/><W124/><G124/><T5/><D35/><U89/><E89/><V12/><F27/><W64/><G127/><T118/><D118/><U78/><E78/><V101/><F101/><W82/><G76/><T134/><D134/><U44/><E44/><V45/><F45/><W75/><G21/><RYUUKYOKU ba="0,1" sc="385,-15,158,15,219,15,228,-15" hai1="8,13,17,36,39,41,47,51,57,65,81,87,88" hai2="12,18,20,48,50,77,84,92,96,100" /><INIT seed="4,1,1,0,3,129" ten="370,173,234,213" oya="0" hai0="6,38,17,5,116,51,96,70,14,80,3,128,130" hai1="90,123,65,42,98,114,57,62,115,8,34,23,7" hai2="60,73,35,9,111,101,49,54,27,19,92,109,126" hai3="48,39,26,117,47,91,112,82,36,110,28,56,15"/><T59/><D38/><U79/><E123/><V21/><F73/><W120/><G117/><T133/><D70/><U41/><E34/><V61/><F126/><W10/><G110/><T40/><D116/><U50/><E79/><V102/><F35/><W87/><G112/><N who="1" m="43050" /><E23/><V84/><F9/><W83/><G120/><T18/><D3/><N who="1" m="127" /><E50/><V76/><F76/><W53/><G82/><T127/><D127/><U124/><E124/><V25/><F25/><W107/><G107/><T45/><D80/><U68/><E68/><V78/><F78/><W71/><G71/><T135/><D96/><U103/><E90/><N who="2" m="53319" /><F111/><W24/><G56/><T119/><D119/><U30/><E30/><V89/><F89/><W11/><G11/><N who="0" m="4463" /><D59/><U95/><AGARI ba="1,1" hai="41,42,57,62,65,95,98,103" m="127,43050" machi="95" ten="30,2000,0" yaku="15,1,11,1" doraHai="129" who="1" fromWho="1" sc="370,-11,173,33,234,-6,213,-6" /><INIT seed="5,0,0,2,5,116" ten="359,206,228,207" oya="1" hai0="52,91,109,30,54,72,2,18,78,125,37,132,26" hai1="134,103,69,53,82,62,27,81,49,61,12,97,11" hai2="28,99,0,13,90,70,96,17,3,130,74,15,31" hai3="89,42,64,7,68,117,4,114,85,94,120,33,93"/><U43/><E43/><V108/><F108/><W105/><G105/><T25/><D37/><U58/><E134/><V16/><F90/><W60/><G117/><T111/><D2/><U24/><E62/><V133/><F74/><W87/><G114/><T112/><D72/><U124/><E124/><V44/><F44/><W19/><G33/><T46/><D78/><U9/><E9/><V1/><F70/><W35/><G35/><T73/><D73/><U119/><E119/><V65/><F65/><W84/><G120/><T135/><D46/><U45/><E69/><V98/><F130/><W22/><G42/><T20/><D91/><U66/><E82/><V57/><F57/><W41/><G41/><T5/><D5/><U21/><E21/><V115/><F133/><N who="0" m="51274" /><D112/><U129/><E81/><V8/><REACH who="2" step="1"/><F115/><REACH who="2" ten="359,206,218,207" step="2"/><W131/><G131/><T39/><D125/><U92/><REACH who="1" step="1"/><E129/><REACH who="1" ten="359,196,218,207" step="2"/><V121/><F121/><W34/><G34/><N who="0" m="20815" /><D39/><U77/><E77/><V48/><F48/><W36/><G36/><T123/><D123/><U106/><E106/><V56/><F56/><W38/><G38/><T107/><D107/><U14/><E14/><V29/><F29/><W102/><G93/><T50/><D54/><U32/><E32/><V128/><F128/><W79/><G79/><T6/><D52/><U83/><E83/><V67/><F67/><W110/><G68/><T80/><D50/><U59/><E59/><V40/><F40/><W75/><G64/><T100/><D80/><U86/><E86/><V55/><F55/><W127/><G84/><T71/><D71/><U47/><E47/><RYUUKYOKU ba="0,2" sc="359,-15,196,15,218,15,207,-15" hai1="11,12,24,27,45,49,53,58,61,66,92,97,103" hai2="0,1,3,8,13,15,16,17,28,31,96,98,99" /><INIT seed="5,1,2,2,3,6" ten="344,211,233,192" oya="1" hai0="121,53,32,67,71,100,83,101,78,36,8,96,7" hai1="27,133,84,91,30,119,38,1,118,108,125,114,55" hai2="92,22,87,37,68,98,75,10,86,56,77,69,35" hai3="45,82,85,130,65,120,110,116,12,90,13,94,3"/><U95/><E38/><V72/><F35/><W20/><G110/><T40/><D32/><U70/><E70/><V58/><F37/><W62/><G3/><N who="0" m="127" /><D53/><U46/><E1/><V132/><F22/><W21/><G120/><T4/><D4/><U44/><E108/><V52/><F52/><W131/><G116/><T9/><D9/><U64/><E64/><V109/><F109/><W97/><G45/><N who="1" m="17514" /><E55/><V2/><F77/><W26/><G21/><T43/><D101/><U127/><E114/><V42/><F42/><W126/><G126/><N who="1" m="48138" /><E133/><V18/><F69/><W0/><G0/><T47/><D43/><U112/><E112/><V81/><F68/><W14/><G62/><T41/><D41/><U60/><E60/><V74/><F2/><W93/><G65/><T111/><D111/><U61/><E61/><V33/><F132/><W24/><G24/><T49/><D49/><U15/><E15/><V31/><F58/><W50/><G50/><T39/><D39/><U80/><E80/><V106/><F56/><W5/><G5/><T11/><D67/><U103/><E103/><V102/><F81/><W134/><G134/><T104/><D71/><U113/><E113/><V105/><F102/><N who="3" m="60719" /><G82/><T23/><D121/><U79/><E79/><V89/><F89/><W123/><G123/><T57/><D83/><U51/><E51/><V28/><F75/><W29/><G14/><T34/><D78/><U54/><E54/><V76/><F74/><W88/><G90/><T107/><D100/><U19/><E19/><V66/><F72/><W128/><AGARI ba="1,2" hai="12,13,20,26,29,85,88,94,128,130,131" m="60719" machi="128" ten="30,2000,0" yaku="19,1,54,1" doraHai="6" who="3" fromWho="3" sc="344,-6,211,-11,233,-6,192,43" /><INIT seed="6,0,0,0,1,18" ten="338,200,227,235" oya="2" hai0="111,87,2,24,113,94,23,107,108,100,43,54,14" hai1="10,98,65,48,102,118,124,128,110,11,53,135,93" hai2="75,6,84,106,61,4,127,55,132,21,70,74,71" hai3="51,5,120,104,16,52,30,112,34,76,12,86,17"/><V60/><F106/><W114/><G120/><T42/><D2/><U125/><E110/><V130/><F84/><W72/><G104/><T3/><D3/><U9/><E118/><V123/><F123/><W83/><G5/><T33/><D33/><U82/><E128/><V44/><F130/><W37/><G37/><T90/><D113/><N who="3" m="43625" /><G72/><T29/><D108/><U97/><E135/><V91/><F91/><W99/><G99/><N who="0" m="59511" /><D107/><U7/><E97/><V13/><F13/><W1/><G1/><T66/><D66/><U78/><E65/><V67/><F67/><W27/><G12/><T95/><D111/><U92/><E92/><V59/><F75/><W109/><G109/><T77/><D77/><U22/><E22/><V89/><F21/><W68/><G68/><T40/><D14/><U20/><E20/><V115/><F74/><W39/><G39/><T57/><D43/><U121/><E7/><V47/><F4/><W46/><AGARI ba="0,0" hai="16,17,27,30,34,46,51,52,76,83,86" m="43625" machi="46" ten="30,7900,0" yaku="15,1,11,1,54,2" doraHai="18" who="3" fromWho="3" sc="338,-20,200,-20,227,-39,235,79" /><INIT seed="7,0,0,5,0,61" ten="318,180,188,314" oya="3" hai0="36,1,117,62,115,83,0,59,53,49,71,43,104" hai1="101,118,4,60,5,109,107,10,76,6,45,17,82" hai2="25,3,23,85,93,50,106,9,70,14,114,57,51" hai3="125,78,32,16,29,91,87,63,126,95,112,88,99"/><W42/><G112/><T31/><D104/><U13/><E109/><V105/><F70/><W84/><G42/><T56/><D117/><U111/><E111/><V11/><F3/><W44/><G44/><N who="0" m="23655" /><D31/><U74/><E118/><V113/><F105/><W102/><G16/><T35/><D35/><U65/><E45/><V58/><F106/><W135/><G135/><T81/><D59/><N who="2" m="22538" /><F11/><W73/><G73/><T54/><D54/><U40/><E40/><V121/><F121/><W134/><G134/><T12/><D12/><U119/><E119/><V39/><F39/><W41/><G41/><T20/><D20/><U37/><E37/><V132/><F132/><W79/><G63/><T15/><D15/><U131/><E131/><V123/><F123/><W130/><G130/><T72/><D115/><N who="2" m="44042" /><F14/><W66/><G66/><N who="0" m="41431" /><D72/><U22/><E107/><V116/><F9/><W98/><G98/><T8/><D1/><U128/><E128/><V75/><F75/><W103/><G103/><T96/><D96/><U67/><E101/><V46/><F46/><W30/><G91/><T86/><D86/><N who="3" m="32809" /><G102/><T129/><D129/><U68/><E65/><V90/><F116/><W122/><G122/><T100/><D100/><U69/><E69/><V33/><F33/><W110/><G110/><T26/><D26/><AGARI ba="0,0" hai="4,5,6,10,13,17,22,26,60,67,68,74,76,82" machi="26" ten="30,2000,0" yaku="7,1,52,1" doraHai="61" who="1" fromWho="0" sc="318,-20,180,20,188,0,314,0" owari="298,10.0,200,-20.0,188,-31.0,314,41.0" /></mjloggm>