<mjloggm ver="2.3"><GO type="169" lobby="0"/><UN n0="%E7%89%8C%E7%8E%8B%E4%BD%8D" n1="%E8%99%8E%E7%8D%85%E3%81%8F%E3%82%93" n2="%76%70%6B%6E%69%67%68%74" n3="%E3%82%A6%E3%83%AB%E3%83%88%E3%83%A9%E7%AB%8B%E7%9B%B4" dan="16,16,16,18" rate="2167.72,2097.90,2129.15,2287.80" sx="M,M,F,M"/><TAIKYOKU oya="0"/><INIT seed="0,0,0,5,3,70" ten="250,250,250,250" oya="0" hai0="54,108,42,103,3,101,1,51,134,91,26,92,86" hai1="115,135,77,39,12,81,17,53,87,43,95,24,66" hai2="80,112,104,129,67,45,126,113,48,106,122,132,97" hai3="110,65,30,131,29,56,74,10,0,116,68,107,8"/><T100/><D134/><U72/><E135/><V2/><F132/><W21/><G56/><T118/><D118/><U59/><E115/><V41/><F122/><W83/><G21/><T38/><D108/><U46/><E24/><V35/><F35/><W120/><G10/><T33/><D54/><U128/><E66/><V124/><F2/><W76/><G29/><T73/><D51/><U32/><E32/><V37/><F67/><W22/><G22/><T5/><D73/><U19/><E128/><V63/><F63/><W117/><G30/><T105/><D105/><N who="2" m="40554" /><F97/><W79/><G65/><T99/><D99/><U36/><E36/><V7/><F80/><W49/><G83/><T78/><D78/><U69/><E69/><V50/><F7/><W82/><G68/><T52/><D52/><U55/><E55/><V40/><F129/><W123/><G49/><N who="2" m="19049" /><F40/><W121/><G79/><T14/><D14/><U27/><E27/><V119/><F119/><W90/><G131/><T31/><REACH who="0" step="1"/><D5/><REACH who="0" ten="240,250,250,250" step="2"/><U11/><E72/><V34/><F34/><W57/><G107/><T25/><D25/><U94/><E19/><V28/><F45/><AGARI ba="0,1" hai="1,3,26,31,33,38,42,45,86,91,92,100,101,103" machi="45" ten="40,7700,0" yaku="1,1,52,1,53,1" doraHai="70" doraHaiUra="20" who="0" fromWho="2" sc="240,87,250,0,250,-77,250,0" /><INIT seed="0,1,0,5,3,3" ten="327,250,173,250" oya="0" hai0="93,64,111,127,71,128,24,61,5,96,48,51,4" hai1="117,29,94,12,52,75,70,88,43,59,134,60,81" hai2="130,57,28,123,18,55,72,2,31,42,19,105,66" hai3="112,85,39,119,49,89,8,132,26,37,73,32,11"/><T126/><D128/><U6/><E117/><V84/><F72/><W27/><G73/><T17/><D111/><U45/><E134/><V82/><F130/><W74/><G74/><T77/><D77/><U53/><E70/><V120/><F105/><W87/><G49/><N who="0" m="19019" /><D17/><U46/><E29/><V62/><F2/><W129/><G89/><N who="0" m="55343" /><D24/><U33/><E33/><V63/><F42/><W99/><G99/><T133/><D133/><U113/><E113/><V0/><F0/><W22/><G129/><T78/><D78/><U38/><E75/><V44/><F44/><N who="1" m="17001" /><E38/><V13/><F18/><W68/><G132/><T25/><D25/><U131/><E131/><V69/><F123/><W90/><G32/><T114/><D114/><U47/><E43/><V10/><REACH who="2" step="1"/><F120/><REACH who="2" ten="327,250,163,250" step="2"/><W83/><G112/><T86/><D127/><U1/><E1/><V54/><F54/><W20/><G39/><T41/><D41/><U116/><E116/><V34/><F34/><W16/><G37/><T35/><D35/><U14/><E53/><V7/><F7/><W58/><G119/><T67/><D126/><U91/><E47/><V40/><F40/><W103/><G16/><T102/><D67/><U118/><E118/><V110/><F110/><W98/><G27/><T122/><D122/><U100/><E6/><V121/><F121/><W56/><G26/><T95/><D5/><U30/><E30/><V124/><F124/><W79/><G22/><T97/><D4/><U36/><E36/><V23/><F23/><W104/><G20/><T15/><D15/><N who="1" m="5675" /><E81/><V107/><F107/><W109/><G104/><RYUUKYOKU ba="1,1" sc="327,10,250,10,163,10,250,-30" hai0="61,64,71,86,95,97,102" hai1="52,59,60,88,91,94,100" hai2="10,13,19,28,31,55,57,62,63,66,69,82,84" /><INIT seed="0,2,1,5,5,82" ten="337,260,173,220" oya="0" hai0="1,69,32,79,31,101,85,59,13,2,83,125,86" hai1="90,93,120,71,36,19,5,61,20,38,17,98,51" hai2="56,87,21,39,134,63,49,57,9,78,115,127,33" hai3="27,119,109,0,77,25,97,53,122,129,41,84,105"/><T37/><D69/><U123/><E5/><V16/><F33/><W133/><G0/><T88/><D101/><U42/><E51/><V47/><F115/><W111/><G119/><T14/><D37/><U44/><E38/><V34/><F34/><W65/><G41/><T104/><D104/><U74/><E74/><V8/><F39/><W121/><G65/><T52/><D125/><U67/><REACH who="1" step="1"/><E17/><REACH who="1" ten="337,250,173,220" step="2"/><V92/><F127/><W6/><G6/><T99/><D2/><U130/><E130/><V68/><F134/><W12/><G129/><T50/><D1/><U108/><E108/><V131/><F131/><W113/><G133/><T114/><D114/><U48/><E48/><V103/><F68/><W11/><G113/><T10/><D10/><U112/><E112/><V64/><F57/><W46/><G111/><T15/><D99/><U40/><E40/><V28/><F28/><W29/><G29/><T110/><D110/><U117/><E117/><V70/><F70/><W81/><G109/><T22/><D32/><U128/><E128/><V58/><F58/><W30/><G30/><T55/><D50/><U102/><E102/><V75/><F75/><W43/><G43/><T18/><D59/><U116/><E116/><V73/><F73/><W3/><G3/><T54/><D31/><U4/><E4/><V60/><F103/><N who="3" m="62703" /><G122/><T72/><D72/><U132/><E132/><V118/><F118/><W62/><G121/><T23/><D18/><U100/><E100/><V7/><F7/><N who="3" m="3199" /><G46/><T26/><D26/><AGARI ba="2,2" hai="19,20,26,36,42,44,61,67,71,90,93,98,120,123" machi="26" ten="30,2000,0" yaku="1,1,7,1,53,0" doraHai="82" doraHaiUra="106" who="1" fromWho="0" sc="337,-26,250,46,173,0,220,0" /><INIT seed="1,0,0,2,0,76" ten="311,296,173,220" oya="1" hai0="118,85,58,115,73,53,37,116,35,8,75,55,113" hai1="42,18,7,74,105,54,34,60,14,117,33,1,2" hai2="6,106,90,83,135,63,77,87,112,68,22,26,46" hai3="36,30,100,127,86,108,94,20,29,88,62,125,109"/><U93/><E105/><V123/><F123/><W98/><G36/><T27/><D37/><U45/><E117/><V38/><F135/><W51/><G51/><T79/><D8/><U124/><E124/><N who="3" m="47690" /><G62/><T3/><D79/><U103/><E74/><V133/><F133/><W40/><G40/><T80/><D85/><U9/><E54/><V48/><F38/><W96/><G20/><T82/><D3/><U134/><E60/><V23/><F106/><N who="3" m="63751" /><G29/><T21/><D21/><U89/><E103/><V114/><F6/><W102/><G30/><T104/><D104/><AGARI ba="0,0" hai="86,88,94,98,102,104,108,109" m="63751,47690" machi="104" ten="30,7700,0" yaku="18,1,34,2,54,1" doraHai="76" who="3" fromWho="0" sc="311,-77,296,0,173,0,220,77" /><INIT seed="2,0,0,4,3,34" ten="234,296,173,297" oya="2" hai0="2,14,46,117,66,42,45,44,107,7,114,90,111" hai1="68,116,86,89,73,1,128,83,118,70,3,125,84" hai2="13,8,129,12,24,94,105,103,124,31,77,28,19" hai3="21,63,47,127,59,27,112,95,99,104,76,113,17"/><V37/><F105/><W126/><G76/><T121/><D66/><U110/><E73/><V78/><F129/><W60/><G47/><T132/><D14/><U135/><E128/><V41/><F124/><N who="3" m="47659" /><G104/><T120/><D90/><U119/><E125/><V82/><F41/><W54/><G63/><T40/><D107/><U57/><E135/><V51/><F37/><W64/><G64/><T91/><D91/><AGARI ba="0,0" hai="17,21,27,54,59,60,91,95,99,112,113" m="47659" machi="91" ten="30,2000,0" yaku="25,1,18,1" doraHai="34" who="3" fromWho="0" sc="234,-20,296,0,173,0,297,20" /><INIT seed="3,0,0,5,4,110" ten="214,296,173,317" oya="3" hai0="135,111,19,18,22,89,78,118,68,77,41,131,90" hai1="56,45,17,109,2,13,50,122,103,86,119,84,47" hai2="42,28,85,79,52,9,27,125,10,39,92,24,100" hai3="121,32,16,12,65,107,33,93,40,64,134,53,58"/><W101/><G107/><T61/><D41/><U115/><E122/><V76/><F125/><W66/><G121/><T129/><D118/><U43/><E2/><V59/><F39/><W116/><G116/><T25/><D111/><U117/><E109/><V95/><F42/><W73/><G73/><T96/><D135/><U5/><E5/><V114/><F114/><W14/><G134/><T11/><D68/><U98/><E56/><V83/><F83/><W48/><G40/><T54/><D90/><U88/><E47/><V36/><F36/><W57/><G14/><N who="0" m="7519" /><D129/><U126/><E126/><V31/><F85/><W46/><G33/><T108/><D131/><U123/><E123/><V94/><F100/><W34/><G32/><T113/><D113/><U127/><E127/><V8/><F52/><W20/><REACH who="3" step="1"/><G34/><REACH who="3" ten="214,296,173,307" step="2"/><T55/><D108/><U7/><E43/><V82/><F82/><W105/><G105/><T49/><D61/><U37/><E13/><V70/><F70/><W104/><G104/><T120/><D120/><U3/><E119/><V67/><F24/><W124/><G124/><T21/><D49/><U97/><E50/><V15/><F15/><W26/><G26/><T99/><D25/><U80/><E117/><V38/><F27/><W72/><G72/><T44/><D22/><U63/><E63/><N who="2" m="38399" /><F38/><W60/><G60/><T0/><D0/><U106/><E37/><V1/><F1/><W91/><G91/><T130/><D89/><U112/><E112/><V102/><F102/><W75/><G75/><T132/><D130/><U35/><E115/><V81/><F81/><RYUUKYOKU ba="0,1" sc="214,-15,296,-15,173,15,307,15" hai2="8,9,10,28,31,76,79,92,94,95" hai3="12,16,20,46,48,53,57,58,64,65,66,93,101" /><INIT seed="3,1,1,4,0,28" ten="199,281,188,322" oya="3" hai0="20,76,54,62,114,73,10,27,1,8,57,55,59" hai1="124,70,119,118,26,105,12,56,122,23,48,46,4" hai2="69,133,131,21,22,108,6,123,41,3,94,126,67" hai3="18,82,63,92,99,51,74,132,19,35,31,83,102"/><W106/><G132/><T121/><D121/><U129/><E70/><V95/><F133/><W120/><G120/><T45/><D114/><U68/><E68/><V52/><F123/><W47/><G63/><T104/><D104/><U100/><E122/><V113/><F41/><W65/><G65/><T116/><D116/><U40/><E124/><V112/><F69/><W97/><G31/><T87/><D73/><U16/><E129/><V90/><F67/><W128/><G35/><T50/><D1/><U71/><E71/><V13/><F131/><W64/><G64/><T107/><D107/><U34/><E56/><V32/><F126/><W101/><G128/><T98/><D98/><U38/><E38/><V134/><F134/><W42/><REACH who="3" step="1"/><G83/><REACH who="3" ten="199,281,188,312" step="2"/><N who="0" m="47591" /><D59/><U85/><E34/><V2/><F32/><W96/><G96/><T44/><D45/><U81/><E118/><V24/><F112/><W109/><G109/><T93/><D93/><U33/><E33/><V17/><F113/><W115/><G115/><T86/><D86/><U5/><E119/><V9/><F108/><W130/><G130/><T80/><D80/><U88/><E105/><V43/><F94/><W0/><G0/><T37/><D37/><U84/><E84/><N who="2" m="52679" /><F2/><W39/><G39/><T58/><D58/><U117/><E117/><V110/><F110/><W75/><G75/><T25/><D57/><U72/><E72/><V89/><F3/><W79/><AGARI ba="1,2" hai="18,19,42,47,51,74,79,82,92,97,99,101,102,106" machi="79" ten="30,3000,0" yaku="1,1,0,1,53,0" doraHai="28" doraHaiUra="7" who="3" fromWho="3" sc="199,-11,281,-11,188,-11,312,53" /><INIT seed="3,2,0,4,2,72" ten="188,270,177,365" oya="3" hai0="77,59,4,5,14,64,53,121,35,46,120,32,69" hai1="8,85,17,58,33,63,94,82,15,39,16,2,107" hai2="81,45,93,128,50,110,23,102,96,135,75,104,10" hai3="105,124,52,41,47,76,18,57,123,31,109,101,119"/><W117/><G123/><T27/><D69/><U108/><E107/><V22/><F110/><W92/><G105/><T40/><D64/><U62/><E108/><V103/><F128/><W99/><G109/><T115/><D115/><U112/><E112/><V30/><F135/><W3/><G3/><T118/><D118/><U91/><E39/><V74/><F75/><W127/><G31/><T43/><D27/><U80/><E33/><V51/><F51/><N who="3" m="30879" /><G18/><T61/><D14/><U21/><E2/><V1/><F30/><W56/><G56/><T122/><D43/><U19/><E63/><V25/><F25/><W129/><G76/><T100/><D77/><U126/><E126/><N who="3" m="48170" /><G129/><T131/><D131/><U83/><REACH who="1" step="1"/><E8/><REACH who="1" ten="188,260,177,365" step="2"/><V111/><F10/><W86/><G86/><T130/><D130/><U9/><E9/><V11/><F11/><W48/><AGARI ba="2,1" hai="41,47,48,92,99,101,117,119" m="48170,30879" machi="48" ten="30,3000,0" yaku="18,1,54,1" doraHai="72" who="3" fromWho="3" sc="188,-12,260,-12,177,-12,365,46" /><INIT seed="3,3,0,1,1,80" ten="176,248,165,411" oya="3" hai0="19,9,22,31,24,42,114,62,97,34,88,35,8" hai1="104,30,69,89,60,55,99,134,36,101,43,11,49" hai2="133,33,129,17,77,111,90,48,57,25,81,130,76" hai3="65,121,112,50,59,6,107,5,116,27,41,122,29"/><W120/><G107/><T132/><D42/><U78/><E134/><V10/><F133/><W32/><G112/><T95/><D132/><U125/><E125/><V14/><F111/><W93/><G116/><T26/><D114/><U20/><E78/><V82/><F33/><W13/><G13/><T102/><D34/><U71/><E11/><V18/><F25/><W124/><G124/><T105/><REACH who="0" step="1"/><D62/><REACH who="0" ten="166,248,165,411" step="2"/><U44/><E60/><V100/><F130/><W0/><G32/><T47/><D47/><U37/><E43/><V74/><F129/><W131/><G41/><T96/><AGARI ba="3,1" hai="8,9,19,22,24,26,31,35,88,95,96,97,102,105" machi="96" ten="20,5200,0" yaku="1,1,0,1,7,1,54,1,53,0" doraHai="80" doraHaiUra="1" who="0" fromWho="0" sc="166,71,248,-16,165,-16,411,-29" /><INIT seed="4,0,0,5,4,68" ten="237,232,149,382" oya="0" hai0="134,79,53,129,99,32,109,82,73,38,97,80,113" hai1="18,27,89,84,51,24,64,92,126,85,72,19,107" hai2="117,14,86,60,26,69,5,28,33,123,118,130,121" hai3="21,71,57,83,34,11,70,100,125,102,22,114,1"/><T122/><D53/><U63/><E107/><V104/><F69/><W23/><G34/><T46/><D32/><U95/><E72/><V128/><F104/><W135/><G100/><T74/><D122/><N who="2" m="46602" /><F86/><W17/><G102/><T0/><D109/><U61/><E126/><V105/><F60/><N who="1" m="23113" /><E64/><V42/><F42/><W12/><G57/><T50/><D0/><U56/><E56/><V120/><N who="2" m="46610" /><V96/><DORA hai="8" /><F96/><W3/><G71/><T16/><D50/><U78/><E51/><V94/><F94/><N who="1" m="35881" /><E78/><V20/><F105/><W37/><G70/><T4/><D46/><U47/><E47/><V29/><F29/><W59/><G59/><T55/><D79/><U124/><E124/><V67/><F67/><W65/><G65/><T52/><D99/><U116/><E85/><V88/><F88/><W10/><G125/><T108/><D97/><U131/><E89/><V66/><F66/><W40/><G40/><T39/><D74/><U115/><E84/><V112/><F112/><W81/><G114/><T43/><D73/><U54/><E54/><V106/><F106/><W30/><G30/><T6/><D43/><U103/><E103/><V7/><F7/><W15/><G83/><T49/><D113/><U25/><E115/><V9/><F33/><W119/><G81/><T44/><D55/><U75/><E75/><V133/><F133/><W41/><G135/><T98/><D52/><U48/><E48/><V36/><F36/><W31/><G37/><T132/><D134/><U45/><E45/><V111/><F111/><W62/><G41/><T127/><D132/><RYUUKYOKU ba="0,0" sc="237,-10,232,-10,149,30,382,-10" hai2="5,9,14,20,26,28,117,118,128,130" /><INIT seed="5,1,0,4,4,134" ten="227,222,179,372" oya="1" hai0="22,53,37,40,131,71,100,112,49,103,77,63,52" hai1="116,56,0,17,48,72,73,26,4,99,13,21,18" hai2="76,36,88,54,45,114,82,44,81,19,101,58,104" hai3="130,24,43,129,65,119,70,109,7,115,133,50,120"/><U89/><E116/><V2/><F2/><W41/><G109/><T16/><D77/><U110/><E110/><V59/><F114/><W113/><G120/><T64/><D53/><U92/><E4/><V46/><F36/><W97/><G7/><T39/><D39/><U3/><E3/><V42/><F42/><N who="3" m="15883" /><G133/><T30/><D30/><U31/><E0/><V33/><F33/><W6/><G6/><T47/><D131/><N who="3" m="50185" /><G119/><T12/><REACH who="0" step="1"/><D112/><REACH who="0" ten="217,222,179,372" step="2"/><U83/><E31/><V135/><F135/><W61/><G115/><T15/><D15/><U117/><E117/><V28/><F28/><W67/><G113/><T32/><D32/><U57/><E73/><V38/><F38/><W90/><G67/><T25/><D25/><U87/><E72/><V14/><F54/><W121/><G24/><T66/><D66/><U51/><E13/><V74/><F104/><W62/><G121/><T23/><D23/><U75/><E75/><V8/><REACH who="2" step="1"/><F101/><REACH who="2" ten="217,222,169,372" step="2"/><W27/><G65/><T34/><D34/><U9/><E9/><V11/><F11/><W128/><G128/><T126/><D126/><U1/><E1/><V127/><F127/><W96/><G90/><T125/><D125/><U35/><E35/><V132/><F132/><W69/><G27/><T93/><D93/><U78/><E21/><V108/><F108/><W60/><G50/><N who="1" m="18986" /><E26/><V94/><F94/><W91/><G91/><T5/><D5/><U95/><E95/><V107/><F107/><W122/><G122/><T80/><D80/><U86/><E92/><V105/><F105/><W10/><G10/><T79/><D79/><RYUUKYOKU ba="1,2" sc="217,10,222,-30,169,10,372,10" hai0="12,16,22,37,40,47,49,52,63,64,71,100,103" hai2="8,14,19,44,45,46,58,59,74,76,81,82,88" hai3="60,61,62,69,70,96,97" /><INIT seed="6,2,2,4,4,31" ten="227,192,179,382" oya="2" hai0="82,14,16,29,98,108,28,37,57,86,118,11,34" hai1="51,7,52,60,134,113,48,15,65,2,56,126,87" hai2="115,92,81,19,36,64,41,58,18,43,133,122,72" hai3="46,125,106,104,35,23,69,84,42,102,26,12,74"/><V24/><F122/><W97/><G74/><T59/><D37/><U63/><E113/><V127/><F115/><W129/><G69/><T117/><D108/><U33/><E33/><V90/><F127/><W6/><G35/><T54/><D98/><U1/><E126/><V40/><F133/><W119/><G129/><T0/><D0/><U96/><E134/><V99/><F36/><W78/><G119/><N who="0" m="45579" /><D34/><U22/><E87/><N who="2" m="50543" /><F72/><W114/><G97/><T73/><D73/><U89/><E2/><V27/><F64/><W71/><G12/><T5/><D5/><U9/><E1/><V88/><F58/><N who="0" m="22026" /><D54/><U95/><E22/><V55/><F55/><W47/><G78/><AGARI ba="2,2" hai="11,14,16,28,29,78,82,86" m="22026,45579" machi="78" ten="30,2000,0" yaku="12,1,54,1" doraHai="31" who="0" fromWho="3" sc="227,46,192,0,179,0,382,-26" /><INIT seed="7,0,0,0,5,98" ten="273,192,179,356" oya="3" hai0="27,33,23,10,19,37,28,48,109,129,84,15,89" hai1="102,46,122,81,26,124,66,86,55,95,134,70,96" hai2="80,3,107,45,14,43,60,63,42,120,0,36,108" hai3="73,31,35,53,6,67,101,88,8,82,125,5,74"/><W11/><G67/><T100/><D37/><U1/><E1/><V119/><F108/><W117/><G31/><T9/><D129/><U114/><E122/><V64/><F119/><W13/><G35/><T57/><D109/><U106/><E114/><V118/><F118/><W115/><G101/><T17/><D100/><U61/><E124/><V65/><F107/><W121/><G125/><T44/><D19/><U133/><E26/><V113/><F113/><W128/><G117/><T131/><D57/><U58/><E46/><V51/><F120/><W72/><G121/><T68/><D68/><U75/><E75/><V2/><F14/><W71/><G71/><T20/><D33/><U52/><E106/><V25/><F80/><W94/><G53/><N who="0" m="29831" /><D131/><U47/><E47/><V41/><F25/><W112/><G128/><T12/><D15/><U39/><E39/><V56/><REACH who="2" step="1"/><F36/><REACH who="2" ten="273,192,169,356" step="2"/><W83/><G115/><T103/><D12/><U110/><E110/><V21/><F21/><W38/><G38/><T22/><D23/><U85/><E86/><V76/><F76/><W59/><G112/><T99/><D22/><U97/><E97/><V123/><F123/><W54/><G73/><T62/><D20/><U127/><E127/><V40/><F40/><W111/><G74/><T92/><D27/><U105/><E105/><V90/><F90/><W24/><G24/><T69/><D89/><N who="1" m="51375" /><E70/><AGARI ba="0,1" hai="0,2,3,41,42,43,45,51,56,60,63,64,65,70" machi="70" ten="40,1300,0" yaku="1,1,53,0" doraHai="98" doraHaiUra="104" who="2" fromWho="1" sc="273,0,192,-13,169,23,356,0" owari="273,7.0,179,-32.0,192,-21.0,356,46.0" /></mjloggm>