<mjloggm ver="2.3"><GO type="169" lobby="0"/><UN n0="%E3%83%92%E3%83%AB%E3%83%99%E3%83%AB%E3%83%88" n1="%64%65%61%69%75%70%2E%63" n2="%41%44%50" n3="%E5%B0%B1%E6%B4%BB%E7%94%9F%40%E5%B7%9D%E6%9D%91%E8%BB%8D%E5%9B%A3" dan="16,16,17,19" rate="2175.84,2180.60,2149.40,2374.38" sx="M,M,M,M"/><TAIKYOKU oya="0"/><INIT seed="0,0,0,2,1,113" ten="250,250,250,250" oya="0" hai0="60,108,126,4,92,8,129,16,48,51,26,98,128" hai1="119,30,1,124,105,11,106,45,90,75,74,135,47" hai2="17,56,41,79,5,39,127,97,96,33,71,94,13" hai3="65,36,10,27,2,93,81,61,78,18,77,19,52"/><T21/><D126/><U82/><E124/><V32/><F127/><W28/><G36/><T118/><D60/><U107/><E30/><V54/><F71/><W20/><G77/><T123/><D123/><U40/><E135/><V116/><F79/><W125/><G125/><T109/><D51/><U7/><E47/><V15/><F97/><W59/><G93/><T102/><D48/><U103/><E119/><V99/><F99/><W134/><G134/><T14/><REACH who="0" step="1"/><D118/><REACH who="0" ten="240,250,250,250" step="2"/><U95/><E45/><V114/><F116/><W68/><G68/><T67/><D67/><U120/><E120/><V76/><F114/><W62/><G62/><T64/><D64/><U37/><E37/><V117/><F39/><W112/><G65/><T22/><D22/><U9/><E9/><V101/><F117/><W104/><G112/><T58/><D58/><U83/><E11/><V46/><F56/><W131/><G131/><AGARI ba="0,1" hai="4,8,14,16,21,26,92,98,102,108,109,128,129,131" machi="131" ten="40,7700,0" yaku="1,1,19,1,54,1,53,0" doraHai="113" doraHaiUra="57" who="0" fromWho="3" sc="240,87,250,0,250,0,250,-77" /><INIT seed="0,1,0,5,0,83" ten="327,250,250,173" oya="0" hai0="6,16,39,12,55,75,21,23,122,99,64,70,111" hai1="19,54,97,104,67,133,63,113,68,7,116,11,43" hai2="15,10,128,121,131,9,84,117,27,114,41,92,73" hai3="37,102,20,72,79,96,112,42,2,89,88,115,44"/><T45/><D122/><U18/><E116/><V28/><F121/><W32/><G32/><T76/><D111/><U56/><E133/><V17/><F114/><W50/><G2/><T26/><D75/><U71/><E113/><V82/><F117/><W130/><G130/><N who="2" m="49705" /><F41/><W53/><G72/><T59/><D76/><U126/><E126/><V46/><F46/><W57/><G79/><T33/><D33/><U66/><E43/><V93/><F9/><W31/><G112/><T24/><D39/><U74/><E74/><V29/><F73/><W120/><G120/><T22/><D70/><U36/><E36/><V86/><F28/><W60/><G115/><T118/><D118/><U61/><E104/><V0/><F0/><W107/><REACH who="3" step="1"/><G37/><REACH who="3" ten="327,250,250,163" step="2"/><T47/><D99/><U58/><E97/><V94/><F82/><W119/><G119/><T106/><D106/><U87/><E87/><V25/><F25/><AGARI ba="1,1" hai="20,25,31,42,44,50,53,57,60,88,89,96,102,107" machi="25" ten="40,2600,0" yaku="1,1,54,1,53,0" doraHai="83" doraHaiUra="14" who="3" fromWho="2" sc="327,0,250,0,250,-29,163,39" /><INIT seed="1,0,0,2,3,100" ten="327,250,221,202" oya="1" hai0="110,128,59,73,125,29,14,89,12,112,21,4,0" hai1="113,86,58,3,75,93,103,67,99,6,85,116,61" hai2="31,52,26,123,92,109,96,13,90,27,18,108,120" hai3="40,72,71,105,104,82,48,87,16,124,15,122,132"/><U95/><E113/><V68/><F68/><W19/><G122/><T131/><D73/><U117/><E75/><V81/><F81/><W119/><G72/><T107/><D112/><U54/><E93/><V114/><F114/><W79/><G71/><T9/><D89/><U23/><E54/><V94/><F94/><W77/><G77/><T76/><D76/><U101/><E101/><V37/><F37/><W50/><G124/><T10/><D107/><U36/><E36/><V24/><F31/><W70/><G70/><T11/><D59/><U55/><E55/><V20/><REACH who="2" step="1"/><F52/><REACH who="2" ten="327,250,211,202" step="2"/><W57/><G119/><T91/><D125/><U102/><E116/><V46/><F46/><W32/><G32/><T39/><D39/><U43/><E117/><V118/><F118/><W33/><G33/><T17/><D110/><AGARI ba="0,1" hai="13,18,20,24,26,27,90,92,96,108,109,110,120,123" machi="110" ten="40,2600,0" yaku="1,1,14,1,53,0" doraHai="100" doraHaiUra="134" who="2" fromWho="0" sc="327,-26,250,0,211,36,202,0" /><INIT seed="2,0,0,0,2,45" ten="301,250,247,202" oya="2" hai0="93,112,4,94,9,121,67,105,99,12,55,20,122" hai1="48,132,90,58,128,103,118,1,49,63,72,116,101" hai2="26,125,74,43,11,77,16,82,15,5,39,81,89" hai3="7,59,96,127,40,10,104,71,68,33,107,85,6"/><V113/><F113/><W108/><G108/><T23/><D112/><U13/><E1/><V35/><F125/><W24/><G127/><T14/><D67/><U37/><E37/><V8/><F35/><W53/><G40/><T54/><D105/><U3/><E3/><V28/><F28/><W135/><G135/><T56/><D56/><U50/><E132/><V95/><F82/><W27/><G85/><T117/><D99/><U34/><E34/><V78/><F78/><W114/><G114/><T134/><D134/><U0/><E0/><V87/><F26/><W25/><G33/><T130/><D9/><U61/><E72/><V19/><REACH who="2" step="1"/><F8/><REACH who="2" ten="301,250,237,202" step="2"/><W29/><G29/><T109/><D117/><U106/><E116/><V65/><F65/><W69/><G10/><T52/><D130/><U110/><E128/><V51/><F51/><W91/><G107/><T97/><D94/><U64/><E118/><V80/><F80/><W129/><G129/><T84/><D122/><U98/><E106/><V60/><F60/><W41/><G104/><T42/><D93/><U46/><E63/><V119/><F119/><W102/><G27/><T126/><D121/><U32/><E32/><V76/><F76/><W75/><G25/><T79/><D79/><U17/><E61/><V73/><F73/><W38/><G24/><T36/><D126/><U22/><E64/><V123/><F123/><W92/><G75/><T57/><D109/><U21/><E110/><V88/><F88/><W18/><G91/><T131/><D131/><U62/><E90/><V44/><AGARI ba="0,1" hai="5,11,15,16,19,39,43,44,74,77,81,87,89,95" machi="44" ten="30,6000,0" yaku="1,1,0,1,54,1,53,0" doraHai="45" doraHaiUra="100" who="2" fromWho="2" sc="301,-20,250,-20,237,70,202,-20" /><INIT seed="2,1,0,1,0,74" ten="281,230,307,182" oya="2" hai0="30,89,18,53,46,94,12,116,38,3,50,2,43" hai1="52,67,92,11,33,91,1,133,86,119,15,128,90" hai2="19,101,56,102,9,23,36,121,51,122,5,75,69" hai3="57,10,8,54,34,130,85,81,71,83,40,28,129"/><V118/><F118/><W134/><G71/><T63/><D30/><U80/><E33/><V99/><F69/><W84/><G40/><T58/><D116/><U17/><E119/><V59/><F36/><W22/><G34/><T98/><REACH who="0" step="1"/><D38/><REACH who="0" ten="271,230,307,182" step="2"/><U82/><E128/><V103/><F122/><W110/><G130/><T26/><D26/><U126/><E126/><V64/><F121/><W35/><G129/><T44/><D44/><U111/><E111/><V125/><F125/><W55/><G35/><T108/><D108/><U61/><E133/><V123/><F123/><W60/><G110/><T88/><D88/><U39/><E39/><V76/><F102/><W114/><G134/><T24/><D24/><U66/><E90/><V32/><F103/><W41/><G114/><T78/><D78/><U127/><E127/><V109/><F76/><N who="3" m="46119" /><G41/><T104/><D104/><U112/><E112/><V87/><F109/><W113/><G113/><T21/><AGARI ba="1,1" hai="2,3,12,18,21,43,46,50,53,58,63,89,94,98" machi="21" ten="20,5200,0" yaku="1,1,0,1,7,1,53,1" doraHai="74" doraHaiUra="45" who="0" fromWho="0" sc="271,65,230,-14,307,-27,182,-14" /><INIT seed="3,0,0,5,4,36" ten="336,216,280,168" oya="3" hai0="14,8,109,17,87,119,23,98,51,135,29,122,91" hai1="81,69,132,5,43,31,48,16,120,67,112,11,38" hai2="47,127,21,37,25,133,7,97,105,96,107,104,27" hai3="65,118,22,44,33,117,77,128,61,121,70,94,13"/><W88/><G121/><T115/><D119/><U85/><E120/><V124/><F7/><W58/><G33/><T99/><D115/><U35/><E38/><V71/><F71/><W62/><G128/><T93/><D109/><U18/><E112/><V80/><F133/><W113/><G113/><T84/><D135/><U56/><E69/><V102/><F102/><W68/><G77/><T83/><D122/><U50/><E132/><V49/><F37/><W64/><G58/><T60/><D60/><N who="1" m="38279" /><E31/><V24/><F80/><W103/><G103/><T10/><D51/><N who="1" m="19499" /><E35/><V108/><F21/><W42/><G44/><T73/><D73/><U0/><E0/><V129/><F108/><W89/><G42/><T52/><D52/><U130/><E43/><N who="2" m="24831" /><F129/><W100/><G100/><T106/><D106/><U63/><E63/><V41/><F41/><W12/><REACH who="3" step="1"/><G22/><REACH who="3" ten="336,216,280,158" step="2"/><T134/><D134/><U110/><E130/><V76/><F76/><W6/><G6/><T90/><D8/><U125/><E110/><V72/><F72/><W131/><G131/><T59/><D59/><U126/><E126/><AGARI ba="0,1" hai="24,25,27,96,97,104,105,107,124,126,127" m="24831" machi="126" ten="40,2600,0" yaku="18,1,52,1" doraHai="36" who="2" fromWho="1" sc="336,0,216,-26,280,36,158,0" /><INIT seed="4,0,0,0,5,119" ten="336,190,316,158" oya="0" hai0="111,107,59,75,56,127,125,74,57,86,8,62,76" hai1="134,135,73,103,117,101,97,82,96,90,133,85,78" hai2="124,29,2,49,113,25,39,17,118,23,19,46,27" hai3="66,64,20,105,102,99,50,0,121,100,83,132,5"/><T112/><D112/><U51/><E51/><V110/><F110/><W16/><G102/><N who="1" m="38922" /><E117/><V52/><F118/><W34/><G34/><T63/><D111/><U21/><E21/><V126/><F113/><W3/><G132/><T45/><D45/><U77/><E77/><V84/><F2/><W128/><G128/><T38/><D8/><U9/><E9/><V6/><F6/><W115/><G115/><T22/><D22/><U18/><E18/><N who="2" m="12535" /><F84/><W116/><G116/><T55/><D55/><U95/><AGARI ba="0,0" hai="73,78,82,85,90,95,96,97,133,134,135" m="38922" machi="95" ten="40,5200,0" yaku="20,1,34,2" doraHai="119" who="1" fromWho="1" sc="336,-26,190,52,316,-13,158,-13" /><INIT seed="5,0,0,1,2,92" ten="310,242,303,145" oya="1" hai0="87,111,43,6,60,101,48,47,117,134,93,7,37" hai1="3,2,68,19,34,94,23,90,33,76,113,27,118" hai2="108,79,82,88,121,70,49,83,16,66,99,30,56" hai3="32,24,89,13,59,131,67,127,130,4,21,51,106"/><U20/><E118/><V1/><F108/><W115/><G106/><T78/><D134/><U40/><E68/><V116/><F121/><W91/><G115/><T114/><D114/><U72/><E113/><V15/><F116/><W25/><G127/><T45/><D111/><U65/><E65/><V8/><F70/><W133/><G133/><T0/><D117/><U55/><E40/><V26/><F1/><W42/><G32/><T124/><D124/><U35/><E55/><V129/><F129/><W54/><G42/><T100/><D60/><U69/><E69/><V46/><F79/><W61/><G130/><T105/><D105/><U125/><E125/><V31/><F66/><W22/><G131/><T18/><D18/><U28/><E76/><V110/><F56/><W11/><G24/><T41/><D0/><U107/><E72/><V97/><F82/><W122/><G22/><T81/><D93/><U73/><E73/><V50/><F50/><W38/><G38/><T74/><D74/><U29/><E107/><V85/><F110/><W58/><REACH who="3" step="1"/><G122/><REACH who="3" ten="310,242,303,135" step="2"/><T12/><D37/><U77/><E23/><N who="2" m="15711" /><F31/><AGARI ba="0,1" hai="4,11,13,21,25,31,51,54,58,59,61,67,89,91" machi="31" ten="30,3900,0" yaku="1,1,7,1,8,1,53,0" doraHai="92" doraHaiUra="128" who="3" fromWho="2" sc="310,0,242,0,303,-39,135,49" /><INIT seed="6,0,0,1,3,29" ten="310,242,264,184" oya="2" hai0="78,18,28,38,2,99,21,110,16,10,114,17,53" hai1="30,130,64,83,45,47,62,68,94,56,88,90,102" hai2="112,133,76,89,79,52,31,108,1,50,36,85,126" hai3="80,127,95,51,131,43,69,120,20,8,116,74,33"/><V87/><F112/><W42/><G69/><T54/><D38/><U135/><E68/><V19/><F133/><W117/><G120/><T15/><D78/><U7/><E7/><V23/><F36/><W129/><G95/><T49/><D54/><U123/><E135/><V124/><F1/><W77/><G127/><N who="2" m="48681" /><F31/><W134/><G134/><T125/><D110/><U0/><E0/><V75/><F75/><W40/><G8/><T65/><D65/><U66/><E66/><V48/><F48/><W12/><G51/><T100/><D114/><U105/><E105/><V101/><F101/><W4/><G4/><T32/><D32/><U13/><E130/><N who="3" m="49674" /><G33/><T57/><D125/><U9/><E123/><V92/><F85/><W122/><G122/><T59/><D59/><U128/><E128/><V71/><F108/><W39/><G39/><T60/><D49/><U121/><E102/><V81/><F92/><W27/><G12/><T115/><D115/><U113/><E113/><V37/><F37/><W109/><G109/><T5/><D28/><AGARI ba="0,0" hai="20,27,28,40,42,43,74,77,80,116,117" m="49674" machi="28" ten="30,1000,0" yaku="19,1" doraHai="29" who="3" fromWho="0" sc="310,-10,242,0,264,0,184,10" /><INIT seed="7,0,0,4,1,14" ten="300,242,264,194" oya="3" hai0="7,55,54,112,62,87,25,104,102,118,127,26,32" hai1="9,43,108,121,133,46,100,3,49,2,98,6,56" hai2="132,35,124,41,10,81,27,110,59,76,99,64,82" hai3="31,113,48,66,67,122,61,24,63,57,107,83,15"/><W79/><G122/><T20/><D112/><U77/><E108/><V97/><F110/><W103/><G113/><T88/><D118/><U115/><E115/><V4/><F41/><W51/><G107/><T69/><D127/><U42/><E42/><V129/><F124/><W95/><G15/><T5/><D26/><U78/><E121/><V60/><F132/><W74/><G103/><T130/><D130/><U92/><E133/><V101/><F81/><W21/><REACH who="3" step="1"/><G95/><REACH who="3" ten="300,242,264,184" step="2"/><N who="0" m="54687" /><D102/><U30/><E2/><V71/><F101/><W80/><G80/><T40/><D104/><U84/><E84/><V45/><F82/><W73/><G73/><T94/><D94/><U22/><E3/><V128/><F128/><W93/><G93/><T86/><D86/><U75/><E75/><V53/><F129/><W1/><G1/><T72/><D72/><U44/><E92/><V13/><F13/><W65/><G65/><T120/><D120/><U109/><E109/><V47/><F64/><W116/><G116/><T131/><D131/><U37/><E100/><V70/><F99/><W19/><G19/><T36/><D5/><U16/><E16/><V33/><F97/><W50/><G50/><T126/><D7/><U135/><E98/><V123/><F4/><W38/><G38/><T105/><D105/><U125/><E6/><V119/><F119/><W17/><G17/><T58/><D36/><U0/><E37/><V23/><F123/><W34/><G34/><T111/><D32/><U91/><E49/><V11/><F35/><W29/><G29/><T89/><D111/><U117/><E0/><RYUUKYOKU ba="0,1" sc="300,-10,242,-10,264,-10,184,30" hai3="21,24,31,48,51,57,61,63,66,67,74,79,83" /><INIT seed="7,1,1,1,3,101" ten="290,232,254,214" oya="3" hai0="117,0,31,20,8,129,26,95,120,103,99,25,74" hai1="58,59,37,61,9,116,17,2,18,36,98,100,109" hai2="112,32,49,39,90,38,57,86,134,15,35,42,93" hai3="23,114,69,91,108,124,11,27,4,13,1,47,5"/><W133/><G69/><T71/><D129/><U67/><E109/><V3/><F3/><W54/><G108/><T14/><D117/><U41/><E116/><V63/><F112/><W34/><G34/><T128/><D128/><U7/><E59/><V70/><F39/><W22/><G114/><T28/><D71/><U24/><E41/><V107/><F107/><W122/><G122/><T123/><D0/><U68/><E58/><V52/><F134/><W121/><G121/><T126/><D126/><U85/><E85/><V130/><F130/><W80/><G124/><T46/><D46/><U96/><E96/><V113/><F113/><W76/><G133/><T84/><D84/><U66/><E66/><N who="2" m="41311" /><F15/><W40/><G54/><T16/><D74/><U131/><E131/><V83/><F83/><W65/><G65/><T127/><D127/><U62/><E62/><V56/><F56/><W12/><G91/><T64/><D64/><U132/><E132/><V102/><F102/><W104/><G104/><T87/><D87/><U50/><E50/><V43/><F43/><W79/><G5/><T51/><D51/><U45/><E45/><AGARI ba="1,1" hai="32,35,38,42,45,49,52,57,86,90,93" m="41311" machi="45" ten="30,2000,0" yaku="24,1,54,1" doraHai="101" who="2" fromWho="1" sc="290,0,232,-23,254,33,214,0" /><INIT seed="8,0,0,2,2,51" ten="290,209,287,214" oya="0" hai0="105,31,46,25,115,113,110,48,92,11,29,37,26" hai1="103,33,62,57,15,7,94,3,38,42,95,13,41" hai2="27,54,60,10,74,49,71,0,97,2,55,72,88" hai3="17,8,77,83,102,104,76,127,34,89,64,132,61"/><T45/><D105/><U80/><E33/><V90/><F72/><W129/><G34/><T1/><D110/><U79/><E13/><V24/><F74/><W44/><G44/><T91/><D45/><U86/><E3/><V125/><F125/><W6/><G17/><T120/><D37/><U70/><E70/><V30/><F24/><W111/><G129/><T5/><D120/><U21/><E38/><V28/><F28/><W118/><G132/><T93/><D26/><U53/><E103/><V52/><F49/><W32/><G32/><T134/><D134/><U63/><E63/><V39/><F39/><W101/><G104/><T47/><D47/><U87/><E21/><V78/><F78/><W75/><G118/><T123/><D123/><U50/><E50/><V128/><F128/><W98/><G76/><T119/><D119/><U82/><E41/><V135/><F135/><W35/><G35/><T69/><D69/><U112/><E42/><V20/><F90/><W133/><G133/><T114/><D25/><U107/><E107/><V16/><F60/><W99/><G111/><T66/><D66/><U67/><E67/><V23/><F10/><W100/><G89/><T59/><D59/><U109/><E112/><V122/><F122/><W36/><G36/><T14/><D1/><U85/><E109/><V4/><F71/><N who="3" m="42383" /><G127/><T56/><D56/><U96/><E96/><N who="3" m="36906" /><G8/><T81/><D81/><N who="1" m="31339" /><E79/><V22/><F0/><W68/><G68/><T130/><D130/><U19/><E19/><V73/><F2/><W121/><G121/><T126/><D126/><U65/><E65/><RYUUKYOKU ba="0,0" sc="290,-15,209,15,287,-15,214,15" hai1="7,15,53,57,62,85,86,87,94,95" hai3="6,75,77,83,100,101,102" /><INIT seed="9,1,0,0,4,21" ten="275,224,272,229" oya="1" hai0="29,19,32,122,116,100,27,101,48,35,71,79,99" hai1="121,111,96,134,70,38,95,106,54,75,87,77,8" hai2="51,49,80,86,119,133,115,53,82,97,42,26,103" hai3="31,108,43,2,64,4,14,6,5,125,13,34,61"/><U15/><E121/><V9/><F119/><W84/><G2/><T131/><D122/><U98/><E70/><V74/><F133/><W23/><G34/><T0/><D0/><U30/><E38/><V73/><F115/><W114/><G108/><T117/><D71/><U68/><E68/><V55/><F9/><W113/><G125/><T89/><D131/><U65/><E65/><V7/><F7/><W46/><G14/><T92/><D35/><U56/><E134/><V127/><F26/><W93/><G61/><T94/><D79/><U58/><E75/><V37/><F37/><W109/><G64/><T90/><D19/><N who="1" m="8679" /><E106/><V102/><F97/><N who="1" m="37481" /><E111/><V123/><F123/><W76/><G109/><T28/><D48/><U59/><E30/><V20/><F86/><W22/><G31/><T44/><D44/><U39/><E39/><V3/><F3/><W81/><G113/><T33/><D99/><U67/><E67/><V85/><F85/><W24/><G114/><T40/><D40/><U18/><E18/><V124/><F42/><W88/><G43/><T60/><D60/><N who="1" m="35863" /><E77/><V132/><F132/><W83/><G46/><T63/><D63/><U107/><E107/><V36/><F36/><W50/><G50/><T110/><D110/><U57/><E57/><V52/><F55/><W126/><G126/><T16/><D16/><U25/><E25/><AGARI ba="1,0" hai="25,27,28,29,32,33,89,90,92,94,100,101,116,117" machi="25" ten="25,6400,0" yaku="22,2,52,2" doraHai="21" who="0" fromWho="1" sc="275,67,224,-67,272,0,229,0" owari="342,44.0,157,-34.0,272,7.0,229,-17.0" /></mjloggm>