<mjloggm ver="2.3"><GO type="169" lobby="0"/><UN n0="%41%E3%82%86%E3%81%A3%E3%81%93%E3%82%93%E3%81%90" n1="%E3%81%B8%E6%82%A0%E6%82%A0%E7%B4%AB%E3%81%B8" n2="%E3%83%88%E3%83%88%E3%83%AA%E5%85%88%E7%94%9F%31%39%E6%AD%B3" n3="%E3%83%92%E3%83%AB%E3%83%99%E3%83%AB%E3%83%88" dan="17,16,18,16" rate="2152.78,2049.50,2272.22,2141.78" sx="M,F,F,M"/><TAIKYOKU oya="0"/><INIT seed="0,0,0,0,1,42" ten="250,250,250,250" oya="0" hai0="59,78,135,71,33,121,12,105,57,109,27,69,116" hai1="43,17,36,21,47,72,70,82,114,85,97,16,94" hai2="90,26,45,15,62,19,133,130,25,11,63,76,93" hai3="54,22,23,112,81,1,6,52,56,80,65,117,77"/><T24/><D116/><U7/><E72/><V44/><F130/><W99/><G112/><T106/><D121/><U125/><E70/><V30/><F76/><W120/><G117/><T100/><D100/><U35/><E35/><V91/><F133/><W5/><G1/><T101/><D101/><U67/><E67/><V53/><F90/><W9/><G120/><T50/><D135/><U128/><E128/><V89/><F91/><W39/><G39/><T87/><D78/><U126/><E7/><V104/><F104/><W75/><G99/><T115/><D12/><U84/><E17/><V13/><F13/><W2/><G6/><T58/><D115/><U51/><E36/><V55/><F55/><W0/><G81/><T61/><D50/><U83/><E114/><V10/><F10/><W95/><G95/><T124/><D61/><N who="2" m="23050" /><F53/><W122/><G122/><T88/><D106/><U111/><E111/><V74/><F74/><W28/><G2/><T96/><D109/><U8/><E8/><V110/><F110/><W3/><G0/><T60/><D96/><U46/><E46/><N who="2" m="18027" /><F30/><W102/><G54/><T20/><D105/><U79/><E83/><V118/><F118/><W103/><G28/><T14/><D69/><U32/><E32/><V29/><F29/><W34/><G34/><T129/><D71/><U113/><E113/><V131/><F131/><W64/><G103/><T66/><D33/><U123/><E123/><V134/><F134/><W37/><G102/><T98/><D129/><U119/><E119/><V73/><F73/><W92/><G75/><T48/><D98/><AGARI ba="0,0" hai="11,15,19,25,26,89,93,98" m="18027,23050" machi="98" ten="30,8000,1" yaku="6,1,8,1,52,3" doraHai="42" who="2" fromWho="0" sc="250,-80,250,0,250,80,250,0" /><INIT seed="1,0,0,2,3,68" ten="170,250,330,250" oya="1" hai0="10,108,93,80,97,79,11,57,48,53,89,87,124" hai1="117,72,101,58,85,121,88,98,115,19,9,110,73" hai2="7,56,35,50,17,83,1,119,31,84,22,24,100" hai3="30,44,23,32,69,60,99,20,13,77,8,104,45"/><U78/><E115/><V34/><F119/><W3/><G77/><T5/><D108/><U107/><E117/><V90/><F100/><W55/><G3/><T112/><D112/><U120/><E58/><V61/><F50/><W63/><G32/><T12/><D124/><U36/><E36/><V49/><F49/><W130/><G130/><T70/><D70/><U16/><E110/><V39/><F39/><W86/><G86/><T118/><D118/><U33/><E33/><V66/><F34/><W25/><G23/><T128/><D128/><U42/><E42/><V105/><F1/><W52/><G104/><T37/><D37/><U132/><E132/><V75/><F7/><W6/><G99/><T14/><REACH who="0" step="1"/><D10/><REACH who="0" ten="160,250,330,250" step="2"/><U131/><E131/><V113/><F113/><W106/><G69/><T94/><D94/><N who="1" m="54543" /><E9/><V96/><F105/><W46/><G106/><T59/><D59/><U125/><E125/><V76/><F56/><N who="3" m="34823" /><G63/><T74/><D74/><U109/><E109/><V135/><F75/><W82/><G82/><T64/><D64/><U27/><E72/><V51/><F61/><W0/><G0/><AGARI ba="0,1" hai="0,5,11,12,14,48,53,57,79,80,87,89,93,97" machi="0" ten="30,2000,0" yaku="1,1,7,1,53,0" doraHai="68" doraHaiUra="134" who="0" fromWho="3" sc="160,30,250,0,330,0,250,-20" /><INIT seed="2,0,0,4,3,50" ten="190,250,330,230" oya="2" hai0="22,97,85,34,119,80,33,79,84,100,12,134,126" hai1="30,0,38,127,133,128,101,57,35,36,13,3,62" hai2="99,103,37,104,51,120,40,110,116,75,117,11,112" hai3="39,5,32,118,90,70,122,20,130,124,66,24,4"/><V86/><F112/><W83/><G32/><T129/><D129/><U9/><E128/><V44/><F120/><W96/><G122/><T106/><D134/><U89/><E133/><V87/><F75/><W47/><G118/><T18/><D126/><U123/><E127/><V95/><F110/><W74/><G124/><T94/><D119/><U132/><E132/><V65/><F65/><W23/><G130/><T88/><AGARI ba="0,0" hai="12,18,22,33,34,79,80,84,85,88,94,97,100,106" machi="88" ten="30,2000,0" yaku="0,1,54,1" doraHai="50" who="0" fromWho="0" sc="190,20,250,-5,330,-10,230,-5" /><INIT seed="3,0,0,4,4,91" ten="210,245,320,225" oya="3" hai0="20,37,29,126,38,39,61,93,130,27,114,14,97" hai1="118,89,68,112,48,105,135,44,21,79,33,99,36" hai2="35,109,73,107,90,70,122,80,82,19,76,28,24" hai3="131,0,49,129,106,132,9,43,59,17,123,115,104"/><W75/><G75/><T7/><D130/><N who="3" m="49673" /><G115/><T58/><D126/><U50/><E112/><V8/><F70/><W51/><G123/><T62/><D114/><U22/><E33/><V134/><F107/><W100/><G132/><T125/><D125/><U52/><E68/><V84/><F134/><W116/><G116/><T18/><D7/><U42/><E135/><V117/><F117/><W3/><G100/><T16/><D18/><U66/><E36/><V47/><F122/><W25/><G43/><T71/><D71/><U111/><E111/><V54/><F109/><W124/><G124/><T46/><D46/><U5/><E66/><V65/><F65/><W101/><G101/><T55/><D62/><U86/><E118/><V74/><F82/><W98/><G98/><T11/><REACH who="0" step="1"/><D39/><REACH who="0" ten="200,245,320,225" step="2"/><U15/><E5/><V110/><F110/><W13/><G59/><T108/><D108/><U40/><E50/><N who="3" m="18954" /><G25/><T26/><D26/><U6/><E6/><V83/><F47/><W94/><G3/><T133/><D133/><U81/><E15/><V88/><F24/><W4/><G4/><T31/><D31/><U64/><E44/><V77/><F28/><W67/><G0/><T56/><D56/><U119/><E119/><V102/><F19/><W87/><G67/><T85/><D85/><U30/><E64/><V103/><F84/><W12/><G13/><T2/><D2/><U10/><E30/><V72/><F72/><W53/><G53/><T41/><D41/><U45/><E42/><V95/><F54/><W1/><G1/><T78/><D78/><U92/><E40/><RYUUKYOKU ba="0,1" sc="200,15,245,-15,320,-15,225,15" hai0="11,14,16,20,27,29,37,38,55,58,61,93,97" hai3="9,12,17,87,94,104,106" /><INIT seed="3,1,1,1,1,80" ten="215,230,305,240" oya="3" hai0="116,113,12,109,0,78,31,41,103,21,132,94,8" hai1="55,111,16,38,22,19,85,27,15,1,79,87,66" hai2="71,125,2,65,17,58,73,68,88,124,11,24,14" hai3="127,5,34,52,96,99,33,128,93,117,81,40,98"/><W47/><G117/><T51/><D116/><U46/><E1/><V61/><F73/><W110/><G127/><N who="2" m="48713" /><F2/><W69/><G69/><T75/><D109/><U4/><E111/><V64/><F64/><W9/><G110/><T114/><D132/><U119/><E119/><V106/><F106/><W67/><G128/><T62/><D62/><U101/><E79/><V44/><F44/><W91/><G67/><T123/><D78/><U107/><E4/><V89/><F24/><W45/><G81/><T112/><D75/><U35/><E66/><V115/><F115/><W59/><G34/><T130/><D0/><U95/><E107/><V48/><F48/><N who="3" m="31111" /><G33/><T135/><D130/><U133/><E133/><V10/><F10/><W30/><G30/><T25/><D135/><U3/><E3/><V131/><F131/><W39/><G39/><T76/><D114/><U53/><E38/><V63/><F63/><W26/><G26/><T82/><D112/><U74/><E74/><V122/><F122/><W42/><G47/><N who="0" m="26095" /><D123/><U37/><E37/><V28/><F28/><W97/><G45/><T134/><D134/><U49/><E35/><V57/><F57/><W120/><G120/><T126/><D113/><U118/><E118/><V108/><F108/><W29/><G29/><T77/><D126/><U121/><E121/><V86/><F89/><W32/><G32/><T60/><D60/><U70/><E70/><V56/><F56/><W13/><AGARI ba="1,1" hai="5,9,13,40,42,91,93,96,97,98,99" m="31111" machi="13" ten="30,3000,0" yaku="8,1,54,1" doraHai="80" who="3" fromWho="3" sc="215,-11,230,-11,305,-11,240,43" /><INIT seed="3,2,0,5,3,97" ten="204,219,294,283" oya="3" hai0="54,69,117,16,0,53,36,44,27,3,10,56,22" hai1="21,6,45,113,14,105,124,94,99,120,1,83,72" hai2="101,76,106,114,81,57,4,70,92,15,40,102,80" hai3="134,107,129,30,88,119,118,73,75,123,5,34,110"/><W91/><G5/><T59/><D117/><U71/><E105/><V132/><F114/><W32/><G30/><T87/><D69/><U103/><E1/><V48/><F70/><W64/><G64/><T24/><D24/><U31/><E120/><V116/><F116/><W82/><G107/><T122/><D122/><U8/><E71/><V46/><F106/><W23/><G123/><T86/><D36/><U95/><E113/><V2/><F2/><W25/><G25/><T51/><D3/><U19/><E124/><V47/><F132/><W84/><G23/><T109/><D109/><U126/><E126/><V128/><F128/><W33/><G129/><T68/><D68/><U37/><E94/><V61/><F46/><W26/><G26/><T121/><D121/><U9/><E8/><N who="2" m="4487" /><F92/><W93/><G134/><T38/><D0/><U98/><E99/><V104/><F104/><W62/><G110/><T50/><REACH who="0" step="1"/><D10/><REACH who="0" ten="194,219,294,283" step="2"/><U63/><E9/><V135/><F135/><W17/><G119/><T127/><D127/><U96/><E31/><V78/><F78/><W125/><G118/><T65/><D65/><U12/><E37/><V108/><F108/><W131/><G125/><T7/><D7/><U112/><E6/><V115/><F115/><W77/><G77/><T42/><AGARI ba="2,1" hai="16,22,27,38,42,44,50,51,53,54,56,59,86,87" machi="42" ten="30,7900,0" yaku="1,1,0,1,9,1,54,1,53,0" doraHai="97" doraHaiUra="58" who="0" fromWho="0" sc="194,95,219,-22,294,-22,283,-41" /><INIT seed="4,0,0,1,3,74" ten="289,197,272,242" oya="0" hai0="12,118,19,100,82,7,119,46,117,72,130,35,1" hai1="125,6,97,79,68,13,87,108,16,23,77,43,111" hai2="101,63,0,14,49,28,94,47,127,36,67,11,73" hai3="8,132,56,120,115,131,54,38,88,78,48,84,55"/><T121/><D121/><U50/><E68/><V37/><F0/><W39/><G115/><T96/><D130/><U52/><E125/><V98/><F73/><W81/><G131/><T122/><D122/><U26/><E43/><V91/><F127/><W24/><G120/><T27/><D1/><U107/><E108/><V17/><F28/><W116/><G116/><T42/><D7/><U113/><E111/><V103/><F37/><W110/><G110/><T129/><D129/><U33/><E113/><V62/><F36/><W5/><G132/><T76/><D27/><U124/><E124/><V9/><F9/><W58/><G24/><T70/><D70/><U109/><E109/><V51/><F51/><W114/><G114/><T4/><D4/><U71/><E71/><V18/><F18/><W2/><REACH who="3" step="1"/><G88/><REACH who="3" ten="289,197,272,232" step="2"/><T22/><D35/><U102/><E87/><V64/><F91/><W61/><AGARI ba="0,1" hai="2,5,8,38,39,48,54,55,56,58,61,78,81,84" machi="61" ten="20,12000,2" yaku="1,1,2,1,0,1,7,1,52,1,53,2" doraHai="74" doraHaiUra="69" who="3" fromWho="3" sc="289,-60,197,-30,272,-30,232,130" /><INIT seed="5,0,0,2,1,76" ten="229,167,242,362" oya="1" hai0="21,53,133,0,19,92,63,132,103,50,85,17,94" hai1="55,83,100,95,90,31,36,98,102,1,46,106,134" hai2="11,93,91,119,124,35,58,61,59,113,87,16,33" hai3="118,15,101,26,86,104,40,52,48,97,13,73,37"/><U78/><E1/><V84/><F119/><W57/><G73/><T99/><D0/><U81/><E36/><V38/><F38/><W2/><G2/><T4/><D4/><U9/><E9/><V32/><F124/><W18/><G118/><T108/><D108/><U54/><E31/><V112/><F84/><W43/><G37/><T115/><D115/><N who="2" m="44106" /><F61/><W114/><G114/><T126/><D63/><U65/><E65/><V67/><F67/><W122/><G122/><T22/><D126/><U8/><E8/><V39/><F39/><W25/><G13/><AGARI ba="0,0" hai="11,13,16,32,33,35,58,59,87,91,93" m="44106" machi="13" ten="40,5200,0" yaku="15,1,11,1,54,1" doraHai="76" who="2" fromWho="3" sc="229,0,167,0,242,52,362,-52" /><INIT seed="6,0,0,3,2,116" ten="229,167,294,310" oya="2" hai0="28,15,111,63,132,50,120,34,18,60,54,31,21" hai1="108,119,47,118,16,101,134,106,30,100,20,24,82" hai2="122,75,80,29,131,37,2,40,83,26,10,11,0" hai3="4,103,22,110,91,27,6,48,113,92,107,8,7"/><V32/><F131/><W78/><G110/><T114/><D111/><U96/><E108/><V43/><F75/><W81/><G113/><T135/><D114/><U13/><E101/><V104/><F104/><W133/><G133/><N who="0" m="51275" /><D34/><U89/><E134/><V109/><F109/><W117/><G117/><T127/><D127/><U41/><E89/><V17/><F37/><W56/><G107/><T57/><D120/><U86/><E86/><V46/><F46/><W73/><G103/><T85/><D85/><U71/><E82/><V66/><F66/><W126/><G126/><T128/><D128/><U87/><E87/><V5/><F122/><W44/><G56/><N who="0" m="32855" /><D60/><U129/><E71/><V72/><F17/><W121/><G121/><T25/><D15/><U93/><E106/><V36/><F36/><W9/><G92/><T125/><D125/><U14/><E129/><V39/><F39/><W124/><G124/><T3/><D3/><U99/><E96/><V115/><F115/><W49/><G49/><T97/><D97/><U68/><E13/><V53/><F53/><AGARI ba="0,0" hai="18,21,25,28,31,53,57,63" m="32855,51275" machi="53" ten="30,1000,0" yaku="20,1" doraHai="116" who="0" fromWho="2" sc="229,10,167,0,294,-10,310,0" /><INIT seed="7,0,0,2,2,60" ten="239,167,284,310" oya="3" hai0="29,103,98,1,20,22,79,131,38,47,115,124,28" hai1="43,67,76,127,78,7,100,13,82,31,75,128,65" hai2="2,27,33,16,116,113,52,6,49,119,3,26,108" hai3="50,114,106,51,68,64,87,88,117,89,4,77,63"/><W135/><G106/><T19/><D1/><N who="2" m="10" /><F52/><W96/><G117/><N who="2" m="45129" /><F49/><W81/><G135/><T125/><D131/><U99/><E128/><V12/><F108/><W92/><G4/><T97/><D79/><U129/><E129/><V74/><F74/><W104/><G114/><T72/><D72/><U14/><E127/><N who="0" m="48713" /><D115/><U112/><E112/><V86/><F86/><W41/><G41/><N who="0" m="22967" /><D97/><U84/><E75/><V10/><F113/><W71/><G71/><T85/><D85/><U5/><E76/><V21/><F33/><W55/><G104/><N who="0" m="63607" /><D22/><U62/><E43/><V11/><F11/><W42/><G42/><T90/><D90/><U35/><E35/><V8/><F10/><W40/><G40/><T132/><D132/><U17/><E31/><V66/><F66/><N who="1" m="25097" /><E62/><V15/><AGARI ba="0,0" hai="6,8,12,15,16,21,26,27" m="45129,10" machi="15" ten="30,4000,0" yaku="34,2,54,1" doraHai="60" who="2" fromWho="2" sc="239,-10,167,-10,284,40,310,-20" owari="229,-17.0,157,-34.0,324,42.0,290,9.0" /></mjloggm>