<mjloggm ver="2.3"><GO type="169" lobby="0"/><UN n0="%E3%83%88%E3%83%88%E3%83%AA%E5%85%88%E7%94%9F%31%39%E6%AD%B3" n1="%4B%E3%80%82" n2="%E3%81%82%E3%81%9A%E3%82%8C%EF%BC%A0%E7%BE%BD%E7%94%9F%E3%82%AA%E3%82%BF" n3="%67%6F%69%73%75%62%61%69" dan="19,18,17,16" rate="2291.23,2250.95,2159.60,2142.05" sx="F,M,M,M"/><TAIKYOKU oya="0"/><INIT seed="0,0,0,1,4,33" ten="250,250,250,250" oya="0" hai0="86,88,103,61,102,7,48,64,31,71,49,129,79" hai1="85,101,94,58,127,126,35,95,16,114,69,34,46" hai2="5,90,22,130,83,36,116,26,10,20,28,115,47" hai3="113,120,124,3,45,100,128,110,63,125,23,32,82"/><T50/><D129/><U78/><E69/><V66/><F116/><W9/><G113/><T81/><D31/><U91/><E114/><V29/><F115/><W44/><G32/><T62/><D7/><U70/><E70/><V134/><F134/><W123/><G110/><T60/><D71/><U96/><E78/><V105/><F105/><W0/><G100/><T106/><D106/><U131/><E131/><V132/><F132/><W121/><G128/><T74/><REACH who="0" step="1"/><D64/><REACH who="0" ten="240,250,250,250" step="2"/><U112/><E112/><V107/><F66/><W57/><G124/><T89/><D89/><U119/><E126/><V13/><F107/><W52/><G125/><T38/><D38/><U11/><E127/><V18/><F130/><W99/><G123/><T59/><D59/><U41/><E58/><V111/><F111/><W53/><G121/><T25/><D25/><U109/><E109/><V30/><F36/><W4/><G120/><T97/><D97/><U77/><E119/><V40/><F90/><W39/><G99/><T122/><D122/><U54/><E35/><V24/><F30/><W92/><G39/><T104/><D104/><U98/><E34/><V72/><F29/><W27/><G27/><T76/><D76/><U133/><E77/><N who="2" m="44455" /><F47/><W51/><G44/><T56/><D56/><U42/><E133/><V67/><F67/><W15/><G45/><T135/><D135/><U118/><E118/><V12/><F26/><W2/><G57/><T6/><D6/><U37/><E96/><V8/><F28/><W73/><G4/><T80/><AGARI ba="0,1" hai="48,49,50,60,61,62,74,79,80,81,86,88,102,103" machi="80" ten="40,7800,0" yaku="1,1,0,1,54,1,53,0" doraHai="33" doraHaiUra="117" who="0" fromWho="0" sc="240,88,250,-26,250,-26,250,-26" /><INIT seed="0,1,0,0,5,22" ten="328,224,224,224" oya="0" hai0="43,68,15,106,104,3,65,61,63,12,124,85,110" hai1="127,88,53,0,23,55,95,96,36,26,120,17,59" hai2="114,18,9,87,78,1,42,47,37,109,66,107,128" hai3="46,49,76,5,91,111,74,129,71,28,33,48,7"/><T89/><D3/><U130/><E120/><V84/><F107/><W4/><G71/><T16/><D124/><U31/><E127/><V58/><F114/><W44/><G111/><T52/><D43/><U14/><E130/><V6/><F128/><W34/><G129/><T94/><D110/><U121/><E121/><V51/><F109/><W64/><G64/><T41/><D41/><U101/><E0/><V113/><F113/><W81/><G91/><T79/><D79/><U70/><E70/><V131/><F131/><W108/><G108/><T67/><D12/><U92/><E36/><V90/><F78/><W112/><G112/><T40/><D40/><U77/><E77/><V86/><F18/><W69/><G69/><T135/><D67/><U125/><E59/><V102/><F102/><W122/><G122/><T38/><D38/><U80/><E80/><V32/><F32/><W93/><G93/><T97/><D97/><N who="1" m="59559" /><E125/><V72/><F72/><W19/><G19/><T116/><D135/><U13/><E13/><V2/><F2/><W126/><G126/><T132/><D132/><U10/><AGARI ba="1,0" hai="10,14,17,23,26,31,53,55,88,95,96" m="59559" machi="10" ten="30,4000,0" yaku="8,1,52,1,54,1" doraHai="22" who="1" fromWho="1" sc="328,-21,224,43,224,-11,224,-11" /><INIT seed="1,0,0,5,4,84" ten="307,267,213,213" oya="1" hai0="115,89,109,70,60,130,81,93,53,135,107,119,106" hai1="79,77,39,34,67,20,45,87,33,48,114,71,7" hai2="122,96,101,105,11,127,35,54,132,112,3,74,80" hai3="12,91,36,62,40,113,102,92,123,78,133,15,47"/><U31/><E114/><V134/><F122/><W56/><G113/><T63/><D115/><U131/><E39/><V58/><F127/><W5/><G123/><T32/><D119/><U94/><E131/><V51/><F35/><W43/><G133/><N who="2" m="51305" /><F112/><W13/><G102/><T116/><D116/><U129/><E129/><V100/><F100/><W55/><G78/><T72/><D32/><U9/><E71/><V98/><F98/><W104/><G104/><T120/><D130/><U49/><E67/><V69/><F69/><W110/><G110/><T126/><D135/><U23/><E49/><V46/><F3/><W10/><REACH who="3" step="1"/><G43/><REACH who="3" ten="307,267,213,203" step="2"/><T59/><D106/><U22/><E77/><N who="2" m="44087" /><F11/><W125/><G125/><T111/><D107/><U0/><E79/><V73/><F73/><W99/><AGARI ba="0,1" hai="5,10,12,13,15,36,40,47,55,56,62,91,92,99" machi="99" ten="20,5200,0" yaku="1,1,0,1,7,1,52,1,53,0" doraHai="84" doraHaiUra="27" who="3" fromWho="3" sc="307,-13,267,-26,213,-13,203,62" /><INIT seed="2,0,0,5,4,125" ten="294,241,200,265" oya="2" hai0="28,89,119,44,1,124,92,113,66,14,11,38,30" hai1="117,73,85,118,12,32,31,65,94,82,134,18,112" hai2="4,54,33,81,10,131,79,106,84,96,75,57,43" hai3="3,59,127,69,83,114,15,100,6,68,22,91,27"/><V25/><F43/><W55/><G127/><T132/><D113/><U41/><E112/><V46/><F46/><W110/><G110/><T48/><D1/><U19/><E134/><V7/><F75/><W123/><G123/><T47/><D124/><U77/><E65/><V109/><F109/><W130/><G3/><T107/><D107/><U60/><E60/><V58/><F33/><W135/><G135/><T115/><D115/><U62/><E62/><V122/><F122/><W16/><G100/><T52/><D132/><U72/><E41/><V17/><F58/><W104/><G104/><T76/><D76/><U97/><E19/><V103/><F131/><W120/><G120/><T39/><D119/><U126/><E126/><V9/><F9/><W29/><G6/><T95/><D95/><U24/><E117/><V108/><F108/><W37/><G37/><T78/><D78/><U88/><REACH who="1" step="1"/><E118/><REACH who="1" ten="294,231,200,265" step="2"/><V26/><F17/><W71/><G114/><T67/><D66/><U50/><E50/><V13/><F4/><W56/><G55/><N who="0" m="30087" /><D67/><U101/><E101/><V51/><AGARI ba="0,1" hai="7,10,13,25,26,51,54,57,79,81,84,96,103,106" machi="51" ten="20,2100,0" yaku="0,1,7,1" doraHai="125" who="2" fromWho="2" sc="294,-7,231,-7,200,31,265,-7" /><INIT seed="2,1,0,4,1,111" ten="287,224,231,258" oya="2" hai0="59,67,44,126,17,102,114,129,74,26,113,52,105" hai1="121,20,55,116,73,22,3,45,69,53,64,1,90" hai2="70,130,14,10,97,24,27,125,6,119,61,68,5" hai3="101,117,30,131,46,81,65,51,13,80,88,15,120"/><V31/><F119/><W18/><G117/><T99/><D74/><U62/><E116/><V103/><F130/><W29/><G120/><T54/><D129/><U72/><E121/><V93/><F125/><W128/><G101/><T60/><D126/><U49/><E90/><V100/><F100/><W21/><G65/><T94/><D105/><U91/><E91/><V56/><F6/><W33/><G33/><T108/><D108/><U75/><REACH who="1" step="1"/><E55/><REACH who="1" ten="287,214,231,258" step="2"/><V110/><F110/><W7/><G88/><T4/><D54/><U92/><E92/><V43/><F43/><W76/><G131/><T40/><D52/><U123/><E123/><V85/><F85/><W83/><G128/><T50/><REACH who="0" step="1"/><D4/><REACH who="0" ten="277,214,231,258" step="2"/><U95/><E95/><V9/><F93/><W79/><G7/><T78/><D78/><U16/><E16/><V122/><F5/><W34/><G76/><T25/><D25/><U84/><E84/><V39/><F27/><W41/><G79/><T133/><D133/><U12/><E12/><V98/><F24/><W47/><G13/><T86/><D86/><U104/><E104/><V23/><F14/><W58/><G15/><T0/><D0/><AGARI ba="1,2" hai="0,1,3,20,22,45,49,53,62,64,69,72,73,75" machi="0" ten="50,1600,0" yaku="1,1,53,0" doraHai="111" doraHaiUra="87" who="1" fromWho="0" sc="277,-19,214,39,231,0,258,0" /><INIT seed="3,0,0,4,0,106" ten="258,253,231,258" oya="3" hai0="13,32,54,7,119,100,86,71,124,101,43,126,33" hai1="99,69,26,42,21,34,8,15,65,111,132,57,109" hai2="27,40,62,59,47,31,20,93,25,49,70,121,77" hai3="123,11,116,12,55,80,89,60,127,58,52,79,5"/><W84/><G116/><T50/><D119/><U3/><E132/><V38/><F121/><W9/><G123/><T18/><D71/><U53/><E42/><V83/><F70/><W66/><G127/><N who="0" m="48683" /><D43/><U91/><E69/><V103/><F27/><W29/><G29/><T131/><D7/><U108/><E65/><V22/><F22/><W61/><G11/><N who="0" m="6463" /><D86/><U92/><E34/><N who="0" m="13417" /><D131/><U110/><E3/><V96/><F38/><W28/><G28/><T125/><N who="0" m="48691" /><T16/><DORA hai="98" /><D16/><U56/><E110/><V41/><F41/><W37/><G37/><T14/><D14/><U94/><E94/><V36/><F36/><W90/><REACH who="3" step="1"/><G55/><REACH who="3" ten="258,253,231,248" step="2"/><T135/><D135/><U133/><E133/><V114/><F114/><W2/><G2/><T46/><AGARI ba="0,1" hai="46,50,54,100,101" m="13417,6463,48691" machi="46" ten="50,6400,0" yaku="18,1,52,2" doraHai="106,98" who="0" fromWho="0" sc="258,74,253,-16,231,-16,248,-32" /><INIT seed="4,0,0,4,5,130" ten="332,237,215,216" oya="0" hai0="17,97,25,36,39,114,128,84,100,48,83,59,112" hai1="117,92,67,1,7,115,34,65,68,12,51,42,95" hai2="35,81,3,49,33,46,53,2,64,79,123,15,14" hai3="8,43,19,61,22,0,50,55,121,41,29,54,94"/><T63/><D128/><U96/><E117/><V98/><F64/><W71/><G121/><T13/><D25/><U74/><E74/><V99/><F123/><W58/><G29/><T52/><D63/><U109/><E34/><V4/><F33/><W80/><G71/><T38/><D97/><U40/><E1/><V57/><F35/><W78/><G94/><T85/><D100/><U24/><E68/><V110/><F110/><W89/><G89/><T70/><D70/><U10/><E109/><V122/><F122/><W108/><G108/><T129/><D129/><U26/><E95/><V131/><F131/><W120/><G120/><T5/><D5/><U72/><E72/><V119/><F119/><W103/><G103/><T88/><REACH who="0" step="1"/><D85/><REACH who="0" ten="322,237,215,216" step="2"/><U113/><E115/><V76/><F4/><W118/><G118/><T134/><D134/><U132/><E113/><V86/><F99/><W116/><G116/><T30/><D30/><U27/><E132/><V45/><F98/><W75/><G61/><T101/><D101/><U105/><E105/><V104/><F86/><W135/><G135/><T31/><D31/><U16/><E7/><V133/><F133/><W124/><G75/><T11/><AGARI ba="0,1" hai="11,13,17,36,38,39,48,52,59,83,84,88,112,114" machi="11" ten="40,18000,2" yaku="1,1,0,1,54,2,53,3" doraHai="130" doraHaiUra="69" who="0" fromWho="0" sc="322,190,237,-60,215,-60,216,-60" /><INIT seed="4,1,0,3,4,9" ten="512,177,155,156" oya="0" hai0="135,71,3,66,0,36,125,130,105,107,39,132,86" hai1="115,65,18,68,15,112,7,57,127,45,93,42,100" hai2="12,126,124,50,21,74,129,24,6,116,22,31,38" hai3="109,96,46,76,5,83,119,80,37,51,118,11,117"/><T16/><D130/><U121/><E121/><V120/><F116/><W72/><G109/><T79/><D125/><N who="2" m="48234" /><F74/><W32/><G83/><N who="0" m="47487" /><D66/><U73/><E73/><V77/><F38/><N who="0" m="14378" /><D71/><U2/><E127/><V78/><F120/><W85/><G32/><T91/><D91/><U101/><E68/><V54/><F129/><W106/><G37/><T48/><D48/><U123/><E123/><V92/><F92/><W13/><G72/><T28/><D28/><U26/><E2/><V102/><F102/><W19/><G19/><T59/><D59/><U69/><E69/><V23/><F6/><W84/><G84/><T8/><D105/><U44/><E7/><V27/><F12/><W88/><G76/><N who="2" m="29289" /><F31/><W49/><REACH who="3" step="1"/><G46/><AGARI ba="1,0" hai="21,22,23,24,27,46,50,54" m="29289,48234" machi="46" ten="30,1000,0" yaku="18,1" doraHai="9" who="2" fromWho="3" sc="512,0,177,0,155,13,156,-13" /><INIT seed="5,0,0,2,5,53" ten="512,177,168,143" oya="1" hai0="97,117,82,72,23,44,4,84,79,36,74,7,63" hai1="107,91,81,101,40,37,6,88,57,129,80,96,73" hai2="93,109,64,110,114,68,127,19,108,24,52,42,99" hai3="18,86,102,29,13,135,10,90,22,119,16,130,48"/><U131/><E6/><V62/><F127/><W55/><G130/><N who="1" m="49674" /><E37/><V34/><F42/><W125/><G135/><T35/><D35/><U105/><E40/><V106/><F114/><W65/><G125/><T3/><D117/><U87/><E57/><V50/><F106/><W5/><G119/><T9/><D4/><U43/><E43/><V95/><F99/><W12/><G102/><T85/><D72/><U134/><E134/><V111/><N who="2" m="28160" /><DORA hai="27" /><V66/><F66/><W54/><G65/><T33/><D33/><U31/><E31/><V51/><F51/><W120/><G120/><T78/><D63/><U56/><E56/><V126/><F126/><W112/><G112/><T123/><D44/><U83/><E107/><V118/><F118/><W122/><G122/><T25/><D123/><U89/><E73/><V77/><F77/><AGARI ba="0,0" hai="77,80,81,83,87,88,89,91,96,101,105" m="49674" machi="77" ten="30,11600,0" yaku="19,1,34,2,54,1" doraHai="53,27" who="1" fromWho="2" sc="512,0,177,116,168,-116,143,0" /><INIT seed="5,1,0,2,3,96" ten="512,293,52,143" oya="1" hai0="9,77,90,132,93,0,10,14,88,101,100,124,135" hai1="104,18,43,45,99,97,103,84,41,134,15,52,92" hai2="123,64,35,20,23,12,80,78,65,33,131,2,86" hai3="66,29,3,24,56,47,17,119,73,74,71,83,22"/><U95/><E134/><N who="0" m="51241" /><D124/><U98/><E84/><V16/><F2/><W91/><G3/><T37/><D37/><U28/><E28/><V42/><F123/><W81/><G71/><T8/><D0/><U67/><E67/><N who="2" m="25675" /><F35/><W87/><G119/><T61/><D77/><U102/><E104/><V68/><F68/><W70/><G70/><T118/><D61/><U63/><E98/><V4/><F33/><W51/><G81/><T106/><D106/><U125/><E125/><V60/><F131/><W26/><G56/><T120/><D118/><U54/><E63/><V50/><F60/><W57/><G57/><T25/><D120/><U46/><E18/><V133/><F133/><W44/><G66/><T30/><D14/><AGARI ba="1,0" hai="14,15,41,43,45,46,52,54,92,95,97,99,102,103" machi="14" ten="25,18000,2" yaku="22,2,8,1,52,2,54,1" doraHai="96" who="1" fromWho="0" sc="512,-183,293,183,52,0,143,0" /><INIT seed="5,2,0,5,2,115" ten="329,476,52,143" oya="1" hai0="86,111,45,58,134,29,106,94,35,52,0,70,79" hai1="100,46,77,49,37,102,133,108,43,59,110,13,22" hai2="27,125,127,20,9,38,40,131,114,4,113,72,41" hai3="30,90,65,81,39,117,101,56,57,67,47,89,96"/><U11/><E77/><V32/><F72/><W5/><G5/><T33/><D111/><N who="1" m="42539" /><E22/><V14/><F38/><W121/><G121/><T63/><D106/><U97/><E133/><V17/><F41/><W1/><G1/><T31/><D0/><U95/><E59/><V12/><F40/><W129/><G30/><T118/><D134/><U53/><E100/><V116/><F131/><W93/><G129/><T104/><D104/><U124/><E124/><N who="2" m="47691" /><F116/><W73/><G39/><T25/><D70/><U6/><E37/><V92/><F92/><W66/><G47/><T54/><D118/><U62/><E62/><V78/><F78/><W55/><G117/><T60/><D45/><U71/><E71/><V23/><F32/><W135/><G135/><T75/><D75/><U88/><E102/><V74/><F74/><W87/><G73/><T36/><D36/><U64/><E64/><V103/><F103/><W34/><G34/><T42/><D42/><AGARI ba="2,0" hai="6,11,13,42,43,46,49,53,88,95,97" m="42539" machi="42" ten="30,2900,0" yaku="10,1,54,1" doraHai="115" who="1" fromWho="0" sc="329,-35,476,35,52,0,143,0" /><INIT seed="5,3,0,3,3,47" ten="294,511,52,143" oya="1" hai0="7,79,124,88,0,67,43,68,40,16,4,20,57" hai1="25,81,93,131,37,38,73,111,12,48,119,32,82" hai2="21,13,36,29,101,51,53,56,95,90,6,97,113" hai3="133,14,80,100,8,30,102,121,31,28,10,41,71"/><U129/><E119/><V116/><F116/><W33/><G33/><T77/><D68/><U9/><E93/><V92/><F36/><W106/><G121/><T105/><D105/><U128/><E111/><V134/><F134/><W123/><G123/><T87/><D124/><U23/><E32/><V63/><F113/><W127/><G71/><T5/><D0/><U58/><E73/><V85/><F6/><W112/><G112/><T19/><D67/><U86/><E58/><V44/><F29/><W118/><G118/><T46/><D57/><U115/><E115/><V75/><F75/><W107/><G127/><T122/><D122/><U126/><E126/><V99/><F99/><W76/><G41/><N who="0" m="15947" /><D46/><U104/><E104/><V2/><F2/><W18/><G133/><T34/><D34/><U94/><E38/><V61/><REACH who="2" step="1"/><F44/><REACH who="2" ten="294,511,42,143" step="2"/><W103/><REACH who="3" step="1"/><G8/><REACH who="3" ten="294,511,42,133" step="2"/><T91/><D20/><U60/><E23/><V114/><F114/><W59/><G59/><T26/><D26/><U27/><E25/><V42/><F42/><W120/><G120/><T78/><D87/><AGARI ba="3,2" hai="10,14,18,28,30,31,76,80,87,100,102,103,106,107" machi="87" ten="40,1300,0" yaku="1,1,53,0" doraHai="47" doraHaiUra="50" who="3" fromWho="0" sc="294,-22,511,0,42,0,133,42" /><INIT seed="6,0,0,3,0,35" ten="272,511,42,175" oya="2" hai0="28,65,76,53,86,97,3,107,90,127,51,126,36" hai1="81,43,103,133,117,83,25,60,59,17,20,70,45" hai2="30,96,22,63,37,27,56,55,100,38,110,5,112" hai3="89,40,116,79,94,122,128,54,130,47,91,135,120"/><V119/><F119/><W95/><G116/><T121/><D121/><U114/><E70/><V32/><F110/><W2/><G2/><T31/><D36/><U24/><E117/><V82/><F112/><W46/><G79/><T101/><D3/><U98/><E133/><V13/><F82/><W85/><G135/><T84/><D65/><U23/><E114/><V99/><F99/><W34/><G34/><T106/><D106/><U66/><E43/><V62/><F62/><W132/><G132/><T42/><D42/><U102/><E45/><V67/><F55/><W0/><G0/><T92/><D86/><U74/><E74/><V9/><REACH who="2" step="1"/><F32/><REACH who="2" ten="272,511,32,175" step="2"/><W48/><G120/><T16/><D53/><U7/><E98/><V19/><F19/><W104/><G122/><T88/><D16/><N who="1" m="12295" /><E7/><V18/><F18/><W1/><G54/><T80/><D97/><U6/><E6/><V93/><AGARI ba="0,1" hai="5,9,13,22,27,30,37,38,56,63,67,93,96,100" machi="93" ten="20,18000,2" yaku="1,1,0,1,7,1,25,2,53,2" doraHai="35" doraHaiUra="69" who="2" fromWho="2" sc="272,-60,511,-60,32,190,175,-60" /><INIT seed="6,1,0,0,0,7" ten="212,451,222,115" oya="2" hai0="23,70,1,2,94,4,56,22,34,86,64,75,21" hai1="104,133,43,128,28,48,93,14,81,111,126,53,79" hai2="85,113,38,80,131,50,127,71,41,27,116,51,30" hai3="62,59,112,16,98,20,42,101,52,77,54,122,115"/><V55/><F116/><W105/><G122/><T10/><D34/><U65/><E104/><V49/><F71/><W125/><G125/><T129/><D75/><U110/><E126/><V87/><F127/><W0/><G0/><T88/><D70/><U102/><E43/><V18/><F113/><N who="3" m="43595" /><G42/><T9/><D129/><U68/><E133/><V103/><F131/><W57/><G77/><T45/><D45/><U97/><E128/><V40/><F103/><W44/><G44/><T132/><D132/><U24/><E14/><V67/><F67/><N who="3" m="39375" /><G59/><T95/><D4/><U106/><E93/><N who="0" m="35337" /><D2/><U74/><E53/><V8/><F38/><W83/><G83/><N who="0" m="49247" /><D1/><U120/><E120/><V92/><F41/><W11/><G11/><T123/><D123/><U32/><E48/><V118/><F51/><W82/><G82/><T17/><D17/><U19/><E19/><V6/><F50/><W13/><AGARI ba="1,0" hai="13,16,20,52,54,98,101,105" m="39375,43595" machi="13" ten="30,7900,0" yaku="15,1,11,1,54,2" doraHai="7" who="3" fromWho="3" sc="212,-21,451,-21,222,-40,115,82" /><INIT seed="7,0,0,4,4,58" ten="191,430,182,197" oya="3" hai0="113,12,46,114,128,28,31,34,87,76,8,10,19" hai1="118,125,11,99,134,70,72,62,33,73,119,79,75" hai2="116,107,4,64,56,86,16,81,3,123,20,90,117" hai3="29,95,14,109,102,111,54,36,110,37,68,51,18"/><W97/><G68/><T83/><D128/><U131/><E134/><V82/><F107/><W67/><G67/><T47/><D8/><U52/><E131/><V23/><F123/><W103/><G103/><T38/><D34/><U43/><E125/><V74/><F23/><W21/><REACH who="3" step="1"/><G29/><REACH who="3" ten="191,430,182,187" step="2"/><N who="0" m="11339" /><D38/><U9/><E70/><V129/><F129/><W100/><G100/><T132/><D132/><U50/><E119/><V60/><F117/><W59/><AGARI ba="0,1" hai="14,18,21,36,37,51,54,59,95,97,102,109,110,111" machi="59" ten="30,18000,2" yaku="1,1,0,1,10,1,53,3" doraHai="58" doraHaiUra="121" who="3" fromWho="3" sc="191,-60,430,-60,182,-60,187,190" owari="131,-27.0,370,17.0,122,-38.0,377,48.0" /></mjloggm>