<mjloggm ver="2.3"><GO type="169" lobby="0"/><UN n0="%E6%B8%85%E7%AB%9C%E9%97%98%E5%A3%AB" n1="%E3%82%A6%E3%83%AB%E3%83%88%E3%83%A9%E7%AB%8B%E7%9B%B4" n2="%E3%81%91%E3%82%93%31%39%37%30" n3="%E2%98%86%E5%AE%AE%E3%81%84%E3%81%A1%E3%81%94" dan="16,17,16,16" rate="2085.68,2182.01,2101.39,2072.70" sx="M,M,M,M"/><TAIKYOKU oya="0"/><INIT seed="0,0,0,2,2,54" ten="250,250,250,250" oya="0" hai0="57,83,132,115,32,113,84,129,134,89,91,67,25" hai1="45,111,7,59,95,78,49,1,96,52,71,43,68" hai2="64,100,62,70,133,105,29,118,110,14,39,17,19" hai3="74,36,30,46,85,21,120,51,65,6,94,16,34"/><T127/><D91/><U114/><E111/><V121/><F110/><W56/><G74/><T55/><D67/><U72/><E114/><V53/><F121/><W76/><G6/><T8/><D8/><U108/><E108/><V2/><F2/><W41/><G34/><T131/><D115/><U107/><E107/><V60/><F39/><W87/><G30/><N who="0" m="19535" /><D113/><U92/><E7/><V119/><F133/><N who="0" m="51306" /><D127/><U106/><E1/><V26/><F17/><W42/><G120/><T47/><D47/><U50/><E106/><V104/><F104/><W13/><G76/><T122/><D122/><U24/><E24/><V9/><F62/><AGARI ba="0,0" hai="55,57,62,83,84,89,129,131" m="51306,19535" machi="62" ten="30,2900,0" yaku="20,1,52,1" doraHai="54" who="0" fromWho="2" sc="250,29,250,0,250,-29,250,0" /><INIT seed="0,1,0,3,4,114" ten="279,250,221,250" oya="0" hai0="128,126,118,30,18,101,47,37,16,26,80,20,48" hai1="59,32,86,127,113,0,99,33,51,63,44,132,50" hai2="76,71,31,62,72,39,3,12,54,56,4,95,53" hai3="64,61,23,58,98,40,131,7,1,29,93,36,8"/><T11/><D126/><U100/><E0/><V46/><F3/><W43/><G131/><T112/><D128/><U103/><E127/><V49/><F31/><W88/><REACH who="3" step="1"/><G36/><REACH who="3" ten="279,250,221,240" step="2"/><T5/><D37/><U121/><E113/><V14/><F39/><W66/><G66/><T102/><D112/><U83/><E132/><V67/><F4/><W105/><G105/><T123/><D5/><U87/><E121/><V108/><F108/><W13/><G13/><T10/><D123/><U82/><E32/><V65/><F65/><W28/><G28/><T106/><D106/><U116/><E33/><V9/><F14/><W130/><G130/><T122/><D122/><U77/><E51/><V27/><F12/><W133/><G133/><T91/><D30/><U135/><E50/><V79/><F67/><W21/><G21/><T81/><D11/><U52/><E135/><V24/><F9/><W84/><G84/><T85/><D10/><U35/><E35/><V60/><F72/><W15/><G15/><T125/><D125/><U119/><E87/><V38/><F38/><W92/><G92/><T73/><D73/><U45/><E86/><V6/><F95/><W110/><G110/><T42/><D18/><U97/><E97/><V34/><F6/><W124/><G124/><T57/><D81/><U74/><E99/><V25/><F34/><W90/><G90/><T19/><D19/><U68/><E83/><V115/><F115/><W17/><G17/><T22/><D20/><U107/><E82/><V75/><F75/><W134/><G134/><T117/><D57/><N who="1" m="35239" /><E74/><V69/><F69/><RYUUKYOKU ba="1,1" sc="279,10,250,-30,221,10,240,10" hai0="16,22,26,42,47,48,80,85,91,101,102,117,118" hai2="24,25,27,46,49,53,54,56,60,62,71,76,79" hai3="1,7,8,23,29,40,43,58,61,64,88,93,98" /><INIT seed="0,2,1,0,2,62" ten="289,220,231,250" oya="0" hai0="67,66,35,36,45,109,3,68,61,54,42,60,23" hai1="44,29,108,70,28,94,93,81,125,95,40,80,87" hai2="19,57,41,47,64,78,131,89,112,111,24,2,120" hai3="103,124,71,134,83,105,114,127,51,53,82,13,55"/><T122/><D35/><U86/><E70/><V104/><F120/><W117/><G114/><T27/><D3/><U106/><E106/><V84/><F112/><W50/><G117/><T21/><D122/><U76/><E108/><V97/><F2/><W63/><G134/><T46/><D109/><U119/><E125/><N who="3" m="48202" /><G103/><T128/><D128/><U101/><E101/><V34/><F78/><W72/><G105/><T26/><D54/><N who="3" m="20489" /><G13/><T110/><D110/><U121/><E121/><V7/><F131/><W15/><G15/><T18/><D46/><U30/><E119/><V11/><F104/><W5/><G5/><T22/><REACH who="0" step="1"/><D26/><REACH who="0" ten="279,220,231,250" step="2"/><U100/><E44/><V52/><F24/><W113/><G113/><T115/><D115/><U31/><E40/><V132/><F41/><W16/><G51/><T4/><D4/><U75/><E100/><V10/><F7/><W12/><G50/><T118/><D118/><U74/><N who="1" m="7168" /><DORA hai="77" /><U129/><REACH who="1" step="1"/><E129/><REACH who="1" ten="279,210,231,250" step="2"/><V135/><F47/><W43/><G43/><T14/><D14/><U1/><E1/><V96/><F111/><W130/><G130/><T32/><D32/><U58/><E58/><AGARI ba="2,3" hai="18,21,22,23,27,36,42,45,58,60,61,66,67,68" machi="58" ten="30,11600,0" yaku="1,1,7,1,52,2,53,0" doraHai="62,77" doraHaiUra="102,9" who="0" fromWho="1" sc="279,152,210,-122,231,0,250,0" /><INIT seed="0,3,0,0,3,52" ten="431,88,231,250" oya="0" hai0="93,32,84,60,117,16,3,90,17,18,25,37,58" hai1="66,35,127,129,64,63,14,50,4,23,118,34,107" hai2="53,78,67,82,132,0,89,42,123,38,26,104,96" hai3="65,10,39,7,94,1,134,62,2,72,15,77,27"/><T81/><D37/><U102/><E118/><V121/><F0/><W88/><G39/><T41/><D3/><U59/><E129/><V8/><F67/><W61/><G134/><T99/><D117/><U109/><E109/><V122/><F132/><W28/><G72/><T69/><D69/><U113/><E127/><V22/><F8/><W47/><G47/><T126/><D126/><U79/><E113/><V114/><F114/><W71/><G77/><N who="0" m="46127" /><D32/><U135/><E135/><V128/><F128/><W5/><G62/><T6/><D6/><U85/><E66/><V75/><F42/><W125/><G7/><T31/><D41/><U70/><E102/><V110/><F110/><W91/><G125/><T56/><D31/><U51/><E107/><V97/><F38/><W131/><G131/><T21/><D58/><U103/><E103/><V86/><F104/><W133/><G133/><T116/><D116/><U40/><E40/><V95/><F53/><AGARI ba="3,0" hai="16,17,18,21,25,53,56,60,90,93,99" m="46127" machi="53" ten="30,11600,0" yaku="25,1,8,1,52,1,54,1" doraHai="52" who="0" fromWho="2" sc="431,125,88,0,231,-125,250,0" /><INIT seed="0,4,0,4,3,98" ten="556,88,106,250" oya="0" hai0="74,124,13,35,15,50,69,81,34,42,128,4,44" hai1="58,56,65,60,121,71,7,102,26,87,39,114,27" hai2="25,59,129,117,22,113,32,53,78,134,79,77,19" hai3="107,120,109,105,51,54,31,70,40,135,0,29,92"/><T23/><D69/><U93/><E121/><V95/><F113/><W55/><G109/><T67/><D128/><U122/><E122/><V99/><F129/><W21/><G120/><T119/><D67/><U91/><E39/><V111/><F111/><W127/><G40/><T101/><D119/><U112/><E7/><V47/><F134/><W85/><G0/><T108/><D108/><U63/><E102/><V110/><F117/><W45/><G127/><T8/><D124/><U61/><E71/><V33/><F47/><W104/><G135/><T2/><D101/><U75/><E75/><V16/><F19/><W49/><G70/><T48/><D48/><U82/><E82/><V88/><F110/><W43/><G21/><T17/><D2/><U12/><E12/><V126/><F126/><W10/><G10/><T14/><D15/><U62/><REACH who="1" step="1"/><E58/><REACH who="1" ten="556,78,106,250" step="2"/><V116/><REACH who="2" step="1"/><F116/><REACH who="2" ten="556,78,96,250" step="2"/><W41/><G45/><T76/><AGARI ba="4,2" hai="4,8,13,14,17,23,34,35,42,44,50,74,76,81" machi="76" ten="30,1500,0" yaku="0,1" doraHai="98" who="0" fromWho="0" sc="556,47,78,-9,96,-9,250,-9" /><INIT seed="0,5,0,1,3,4" ten="603,69,87,241" oya="0" hai0="74,10,130,118,30,58,50,75,119,78,61,44,69" hai1="2,77,135,55,9,38,124,113,18,86,116,76,103" hai2="42,14,82,65,59,12,126,33,92,131,67,48,106" hai3="26,29,115,72,104,94,122,8,91,79,36,73,1"/><T125/><D69/><U70/><E116/><V66/><F106/><W60/><G115/><T100/><D100/><U107/><E38/><V37/><F33/><W25/><G25/><T23/><D125/><U43/><E2/><V88/><F37/><W133/><G133/><T7/><D130/><U21/><E43/><V11/><F131/><W80/><G104/><T16/><D30/><U102/><E70/><V53/><F14/><W84/><G36/><T28/><D28/><U45/><E107/><V123/><F123/><W19/><G60/><T111/><D111/><U0/><E124/><V95/><F42/><W101/><G101/><T40/><D75/><U108/><E108/><V128/><F128/><W129/><G129/><T97/><D97/><U110/><E135/><V90/><F126/><W109/><G109/><T17/><D78/><U112/><E110/><V47/><F59/><W31/><G31/><T127/><D74/><U93/><E77/><V15/><F15/><W49/><G122/><T81/><D81/><N who="1" m="47399" /><E93/><N who="2" m="35915" /><F82/><W68/><G68/><T54/><D127/><U39/><E39/><V62/><F62/><W63/><G63/><T32/><D32/><U20/><E112/><V96/><F96/><W35/><G1/><T41/><D40/><U3/><E3/><V134/><F134/><W6/><G73/><T56/><D58/><U85/><E113/><V51/><F51/><W57/><G49/><T24/><D17/><AGARI ba="5,0" hai="11,12,17,47,48,53,65,66,67,88,90" m="35915" machi="17" ten="30,3900,0" yaku="8,1,52,1,54,1" doraHai="4" who="2" fromWho="0" sc="603,-54,69,0,87,54,241,0" /><INIT seed="1,0,0,0,4,115" ten="549,69,141,241" oya="1" hai0="119,72,102,3,67,18,59,129,48,116,131,108,124" hai1="84,65,107,43,20,0,14,29,44,19,97,118,37" hai2="38,10,8,23,79,70,93,53,32,34,71,42,134" hai3="1,61,11,35,104,133,27,90,7,86,24,88,77"/><U101/><E0/><V33/><F79/><W9/><G133/><T135/><D72/><U39/><E65/><V17/><F38/><W50/><G104/><T52/><D3/><U120/><E120/><V78/><F42/><W91/><G35/><T26/><D108/><U54/><E39/><V21/><F78/><W16/><G61/><T127/><D102/><U82/><E29/><V76/><F76/><W36/><G36/><T95/><D95/><U132/><E132/><V62/><F134/><W99/><G99/><T110/><D110/><U51/><E118/><V83/><F83/><W123/><G123/><T112/><D112/><U92/><E107/><V22/><F93/><W64/><G64/><T45/><D135/><U106/><E106/><V13/><F10/><W100/><G100/><T87/><D87/><U46/><REACH who="1" step="1"/><E84/><REACH who="1" ten="549,59,141,241" step="2"/><V73/><F73/><W111/><G111/><T6/><D67/><U117/><E117/><V60/><REACH who="2" step="1"/><F53/><REACH who="2" ten="549,59,131,241" step="2"/><W105/><G105/><T74/><D74/><U126/><E126/><V28/><F28/><W103/><G86/><T58/><D127/><U113/><E113/><V94/><F94/><W68/><G1/><T75/><D124/><U4/><E4/><V47/><F47/><W122/><G7/><T96/><D6/><U40/><E40/><V49/><F49/><W89/><G50/><T85/><D75/><U41/><E41/><V128/><F128/><W56/><G122/><T30/><D129/><U125/><E125/><V31/><F31/><W57/><N who="3" m="22528" /><DORA hai="109" /><W25/><G103/><T55/><D119/><U66/><E66/><RYUUKYOKU ba="0,2" sc="549,-15,59,15,131,15,241,-15" hai1="14,19,20,37,43,44,46,51,54,82,92,97,101" hai2="8,13,17,21,22,23,32,33,34,60,62,70,71" /><INIT seed="1,1,2,2,5,3" ten="534,74,146,226" oya="1" hai0="32,120,99,54,81,132,92,11,116,5,43,98,104" hai1="117,51,15,112,52,119,45,64,85,68,62,20,125" hai2="130,50,26,8,122,31,76,79,74,86,72,78,40" hai3="25,33,1,7,128,105,91,16,46,38,18,23,73"/><U21/><E112/><V94/><F122/><W115/><G105/><T30/><D116/><U37/><E125/><V13/><F130/><W6/><G115/><T34/><D43/><U83/><E37/><V109/><F109/><W66/><G128/><T93/><D104/><U44/><E44/><N who="2" m="25863" /><F74/><W123/><G123/><T9/><D120/><U111/><E111/><V102/><F72/><W69/><G33/><T0/><D81/><U113/><E113/><V29/><F26/><W126/><G126/><T24/><D132/><U82/><E82/><V61/><F61/><W95/><G1/><T114/><D114/><U129/><E129/><V14/><F86/><W84/><G73/><T97/><D32/><U28/><E28/><N who="2" m="10827" /><F8/><W35/><G35/><T63/><D9/><U80/><E80/><V103/><F94/><W70/><G18/><T58/><AGARI ba="1,2" hai="0,5,11,24,30,34,54,58,63,92,93,97,98,99" machi="58" ten="30,2000,0" yaku="0,1,52,1" doraHai="3" who="0" fromWho="0" sc="534,43,74,-11,146,-6,226,-6" /><INIT seed="2,0,0,1,0,19" ten="577,63,140,220" oya="2" hai0="121,0,4,99,22,15,81,86,88,26,68,20,96" hai1="47,114,61,9,21,89,17,24,36,35,66,7,129" hai2="40,23,78,39,14,131,116,110,102,70,12,132,126" hai3="92,67,87,8,6,16,25,31,28,80,113,13,63"/><V90/><F70/><W97/><G113/><T41/><D68/><U117/><E114/><V95/><F78/><W27/><G27/><T30/><D121/><U1/><E117/><V65/><F65/><W52/><G6/><T34/><D41/><U46/><E129/><V120/><F102/><W73/><G73/><T62/><D62/><U44/><E89/><V33/><F33/><W10/><G10/><N who="0" m="2311" /><D22/><U127/><E127/><V83/><F83/><W42/><G42/><T128/><D128/><U107/><E107/><V3/><F3/><W77/><G25/><T69/><D69/><U91/><E91/><V135/><F116/><W59/><G67/><T58/><D58/><U32/><REACH who="1" step="1"/><E36/><REACH who="1" ten="577,53,140,220" step="2"/><V104/><F104/><W105/><G105/><T64/><D64/><U37/><E37/><V55/><F126/><W122/><G122/><T124/><D124/><U123/><E123/><V115/><F120/><W94/><G94/><T57/><D88/><AGARI ba="0,1" hai="8,13,16,28,31,52,59,63,77,80,87,88,92,97" machi="88" ten="30,8000,1" yaku="7,1,8,1,54,3" doraHai="19" who="3" fromWho="0" sc="577,-80,53,0,140,0,220,90" /><INIT seed="3,0,0,2,4,43" ten="497,53,140,310" oya="3" hai0="23,8,11,89,130,111,133,116,132,42,68,112,13" hai1="14,100,105,41,87,93,73,18,102,82,7,88,65" hai2="77,78,67,21,60,5,120,108,47,63,72,123,124" hai3="3,97,107,16,113,9,119,52,34,25,109,38,2"/><W126/><G113/><T66/><D116/><U37/><E7/><V76/><F72/><W61/><G119/><T19/><D112/><U27/><E65/><V99/><F108/><W71/><G38/><T79/><D111/><U91/><E27/><V98/><F5/><W39/><G39/><T127/><D79/><U35/><E35/><V95/><F124/><W6/><G126/><T29/><D127/><U24/><E24/><V96/><F21/><W36/><G36/><T103/><D29/><U62/><E62/><N who="2" m="23595" /><F67/><W45/><G109/><T58/><D68/><U33/><E33/><V131/><F131/><W129/><G129/><T22/><D103/><U4/><E4/><V64/><F64/><W20/><G34/><T54/><D66/><U51/><E37/><V1/><F1/><W114/><G114/><T110/><D42/><U118/><E105/><V44/><F95/><W128/><G128/><T57/><D110/><U135/><E118/><V121/><AGARI ba="0,0" hai="44,47,76,77,78,96,98,99,120,121,123" m="23595" machi="121" ten="40,12000,2" yaku="29,2,28,2,13,1,52,2" doraHai="43" who="2" fromWho="2" sc="497,-30,53,-30,140,120,310,-60" /><INIT seed="4,0,0,5,1,84" ten="467,23,260,250" oya="0" hai0="32,40,75,128,72,2,52,92,10,26,94,104,109" hai1="33,49,112,122,29,4,90,73,55,39,47,1,111" hai2="20,132,107,120,17,74,83,5,61,100,41,3,48" hai3="22,25,64,58,9,106,82,15,16,116,134,80,81"/><T131/><D104/><U12/><E111/><V30/><F120/><W125/><G116/><T35/><D40/><U97/><E122/><V14/><F132/><W113/><G134/><T108/><D10/><U36/><E1/><V54/><F107/><W99/><G113/><T121/><D121/><U69/><E112/><V67/><F41/><W62/><G125/><T31/><D2/><U34/><E73/><N who="0" m="28233" /><D32/><U87/><E69/><V127/><F100/><W114/><G114/><T0/><D0/><U21/><E34/><V85/><F127/><W37/><G37/><T101/><D52/><N who="1" m="29759" /><E33/><V7/><F74/><W95/><G106/><T65/><D65/><U105/><E105/><V129/><F129/><N who="0" m="49738" /><D101/><U110/><E110/><AGARI ba="0,0" hai="26,31,35,92,94,108,109,110" m="49738,28233" machi="110" ten="40,3900,0" yaku="10,1,19,1" doraHai="84" who="0" fromWho="1" sc="467,39,23,-39,260,0,250,0" owari="506,61.0,-16,-52.0,260,6.0,250,-15.0" /></mjloggm>