<mjloggm ver="2.3"><GO type="169" lobby="0"/><UN n0="%E3%82%AB%E3%83%9D%E3%83%8D%E5%9B%A3%E3%81%AE%E5%85%84%E8%B2%B4" n1="%47%32%E9%BE%8D%E9%96%80" n2="%55%4E%4B%4F%63%68%61%6E" n3="%E3%82%A6%E3%83%AB%E3%83%88%E3%83%A9%E7%AB%8B%E7%9B%B4" dan="18,16,18,17" rate="2235.81,2092.49,2165.91,2206.51" sx="M,M,M,M"/><TAIKYOKU oya="0"/><INIT seed="0,0,0,1,2,113" ten="250,250,250,250" oya="0" hai0="64,87,50,110,33,13,46,30,118,62,40,25,4" hai1="16,101,78,18,116,119,92,95,125,114,22,31,93" hai2="17,32,54,131,134,58,86,44,14,88,29,129,108" hai3="76,122,48,12,91,3,90,69,124,38,61,7,59"/><T21/><D110/><U67/><E101/><V135/><F44/><W60/><G3/><T72/><D72/><U81/><E114/><V63/><F108/><W51/><G76/><T126/><D126/><U75/><E125/><V27/><F14/><W24/><G24/><T89/><D118/><U121/><E121/><V39/><F17/><W97/><G59/><T127/><D127/><U100/><E100/><V112/><F39/><W28/><G97/><T19/><D4/><U68/><E31/><V34/><F34/><W111/><G60/><T10/><D33/><U94/><E94/><V80/><REACH who="2" step="1"/><F112/><REACH who="2" ten="250,250,240,250" step="2"/><W47/><G12/><T70/><D30/><U104/><E18/><V45/><F45/><W23/><G47/><T130/><D130/><AGARI ba="0,1" hai="27,29,32,54,58,63,80,86,88,129,130,131,134,135" machi="130" ten="40,8000,1" yaku="1,1,19,1,54,1,53,2" doraHai="113" doraHaiUra="128" who="2" fromWho="0" sc="250,-80,250,0,240,90,250,0" /><INIT seed="1,0,0,1,3,78" ten="170,250,330,250" oya="1" hai0="55,116,35,111,65,53,17,113,2,6,115,31,33" hai1="44,49,47,72,19,81,27,89,106,69,100,18,7" hai2="125,28,126,29,46,102,15,110,99,62,60,117,20" hai3="32,73,42,107,127,104,63,11,120,97,80,118,40"/><U129/><E69/><V77/><F117/><W36/><G40/><T21/><D116/><U88/><E129/><V87/><F110/><W1/><G118/><T26/><D65/><U105/><E7/><V70/><F46/><N who="3" m="23879" /><G97/><T93/><D111/><U66/><E66/><V79/><F70/><W41/><G120/><T23/><D93/><U123/><E123/><V50/><F50/><W86/><G86/><T135/><D53/><U16/><E27/><V84/><F15/><W90/><G90/><T30/><D55/><U109/><E109/><V4/><F20/><W39/><G63/><T133/><D6/><U25/><E25/><V34/><F4/><N who="3" m="1423" /><G32/><T75/><D75/><U91/><E100/><V14/><F14/><W96/><G96/><T13/><D2/><U0/><E0/><V85/><F34/><N who="0" m="12810" /><D30/><U131/><E131/><V122/><F85/><W130/><G130/><T9/><D23/><U5/><E5/><V83/><F99/><W57/><G57/><T67/><D67/><U132/><E44/><V112/><F102/><W48/><G73/><T103/><D103/><U38/><E38/><V108/><F108/><W134/><G39/><T64/><D64/><U92/><E92/><V119/><F119/><W3/><G3/><T37/><D37/><U128/><E128/><V12/><F122/><W52/><G41/><T124/><D124/><U51/><E47/><V58/><F126/><W54/><G127/><T98/><D98/><U56/><E72/><V59/><F125/><W68/><G54/><T61/><D61/><U121/><E121/><V43/><F60/><RYUUKYOKU ba="0,0" sc="170,30,250,-10,330,-10,250,-10" hai0="9,13,17,21,26,31,113,115,133,135" /><INIT seed="2,1,0,2,0,89" ten="200,240,320,240" oya="2" hai0="116,103,99,81,60,108,38,123,118,82,117,104,7" hai1="48,6,68,107,71,57,80,4,91,98,51,90,133" hai2="34,19,120,88,127,113,93,105,77,124,67,63,61" hai3="135,112,53,97,84,50,36,130,33,46,28,110,0"/><V26/><F105/><W20/><G0/><T49/><D38/><U23/><E133/><V70/><F113/><W114/><G110/><T56/><D108/><U29/><E29/><V86/><F120/><W100/><G130/><T11/><D49/><U5/><E23/><N who="2" m="13695" /><F63/><W134/><G33/><T2/><REACH who="0" step="1"/><D123/><REACH who="0" ten="190,240,320,240" step="2"/><U58/><E48/><V92/><F34/><W72/><G36/><T42/><D42/><U24/><E51/><V85/><F77/><W44/><G44/><T54/><AGARI ba="1,1" hai="2,7,11,54,56,60,81,82,99,103,104,116,117,118" machi="54" ten="30,8000,1" yaku="1,1,0,1,12,1,53,2" doraHai="89" doraHaiUra="79" who="0" fromWho="0" sc="190,93,240,-21,320,-41,240,-21" /><INIT seed="3,0,0,1,4,83" ten="283,219,279,219" oya="3" hai0="21,72,134,58,30,0,22,89,77,52,102,78,119" hai1="39,67,24,116,17,55,51,62,91,101,10,106,33" hai2="56,1,122,93,49,94,128,69,40,11,133,130,13" hai3="45,121,107,26,131,129,14,48,108,4,3,98,8"/><W35/><G107/><T90/><D0/><U36/><E116/><V70/><F1/><W50/><G121/><T28/><D119/><U44/><E106/><V23/><F23/><N who="0" m="8714" /><D102/><U68/><E101/><V118/><F118/><W41/><G98/><T18/><D18/><U73/><E73/><V123/><F133/><W31/><G3/><T29/><D72/><U82/><E24/><V105/><F105/><W6/><G6/><T25/><D25/><U54/><E54/><N who="2" m="31823" /><F40/><W109/><REACH who="3" step="1"/><G48/><REACH who="3" ten="283,219,279,209" step="2"/><N who="0" m="30983" /><D134/><U47/><E51/><V9/><F122/><W27/><G27/><T95/><D89/><U64/><E39/><V115/><F123/><W100/><G100/><T103/><D103/><U85/><E36/><V38/><F38/><W71/><G71/><T125/><D125/><U43/><E68/><V37/><F70/><W46/><G46/><T113/><D113/><U111/><E47/><V5/><F69/><W12/><G12/><T127/><D127/><U112/><E112/><V57/><F37/><W15/><G15/><T34/><D34/><U20/><E44/><V74/><F115/><W65/><G65/><T97/><AGARI ba="0,1" hai="28,29,30,77,78,90,95,97" m="30983,8714" machi="97" ten="30,2000,0" yaku="8,1,54,1" doraHai="83" who="0" fromWho="0" sc="283,30,219,-5,279,-5,209,-10" /><INIT seed="4,0,0,2,3,75" ten="313,214,274,199" oya="0" hai0="33,48,130,8,82,122,51,104,62,9,27,112,54" hai1="2,45,0,88,94,134,72,42,56,38,10,68,73" hai2="96,118,35,17,123,79,4,80,71,16,114,100,103" hai3="97,117,70,43,13,12,115,109,18,53,102,41,125"/><T66/><D122/><U128/><E68/><V111/><F123/><W22/><G70/><T7/><D112/><U21/><E134/><V116/><F111/><W24/><G117/><N who="2" m="45161" /><F114/><W52/><G109/><T15/><D104/><U50/><E128/><V1/><F35/><W129/><G129/><T77/><D130/><U83/><E21/><V84/><F71/><W85/><G125/><T3/><D54/><U11/><E38/><V40/><F40/><W34/><G115/><T37/><D37/><U99/><E56/><V26/><F26/><W60/><G85/><T61/><D27/><U55/><E42/><V105/><F103/><W19/><G34/><T86/><D33/><U87/><E11/><AGARI ba="0,0" hai="1,4,11,16,17,79,80,84,96,100,105" m="45161" machi="11" ten="30,3900,0" yaku="12,1,52,1,54,1" doraHai="75" who="2" fromWho="1" sc="313,0,214,-39,274,39,199,0" /><INIT seed="5,0,0,3,0,106" ten="313,175,313,199" oya="1" hai0="9,81,89,13,16,18,21,71,96,47,110,88,86" hai1="94,15,52,43,34,121,64,117,118,20,70,23,82" hai2="67,74,49,27,124,133,122,41,104,92,72,97,26" hai3="127,53,128,10,22,2,63,54,76,129,28,61,40"/><U87/><E121/><V1/><F122/><W57/><G40/><T114/><D114/><U93/><E34/><V77/><F1/><W24/><G76/><T29/><D71/><U113/><E43/><V132/><F104/><W68/><G127/><T30/><D110/><U112/><E64/><V116/><F116/><W39/><G39/><T3/><D3/><U111/><E70/><V17/><F67/><W83/><G83/><T36/><D36/><U125/><E111/><V62/><F62/><W108/><G108/><T100/><D47/><U51/><E125/><V119/><F119/><W65/><REACH who="3" step="1"/><G54/><REACH who="3" ten="313,175,313,189" step="2"/><T8/><D8/><U56/><E118/><V48/><F77/><W109/><G109/><T19/><D89/><N who="1" m="51447" /><E117/><V32/><F124/><W103/><G103/><T6/><REACH who="0" step="1"/><D21/><REACH who="0" ten="303,175,313,189" step="2"/><U55/><E23/><N who="2" m="13679" /><F41/><W135/><G135/><T99/><D99/><U60/><E113/><V50/><F132/><W107/><G107/><AGARI ba="0,2" hai="6,9,13,16,18,19,29,30,81,86,88,96,100,107" machi="107" ten="40,8000,1" yaku="1,1,54,2,53,1" doraHai="106" doraHaiUra="78" who="0" fromWho="3" sc="303,100,175,0,313,0,189,-80" /><INIT seed="6,0,0,5,5,21" ten="403,175,313,109" oya="2" hai0="127,51,126,91,47,112,121,132,52,23,43,46,60" hai1="116,101,103,74,19,111,28,131,106,10,70,48,65" hai2="13,0,5,69,78,44,62,129,1,42,11,66,38" hai3="133,25,55,84,7,114,12,67,113,57,115,117,68"/><V6/><F129/><W17/><G117/><T9/><D121/><U110/><E116/><V54/><F78/><W61/><G133/><T37/><D112/><U97/><E74/><V72/><F72/><W99/><G99/><T87/><D132/><U130/><E28/><V56/><REACH who="2" step="1"/><F6/><REACH who="2" ten="403,175,303,109" step="2"/><W24/><G7/><T123/><D123/><U93/><E131/><V31/><F31/><W134/><G134/><T92/><D127/><U86/><E130/><V26/><F26/><W32/><G32/><T36/><D126/><U4/><E4/><V125/><F125/><W15/><G84/><T135/><D135/><U73/><E73/><V128/><F128/><W104/><G104/><T58/><D9/><U90/><E106/><V50/><AGARI ba="0,1" hai="0,1,5,11,13,38,42,44,50,54,56,62,66,69" machi="50" ten="20,18000,2" yaku="1,1,0,1,7,1,24,2,53,1" doraHai="21" doraHaiUra="39" who="2" fromWho="2" sc="403,-60,175,-60,303,190,109,-60" /><INIT seed="6,1,0,3,4,69" ten="343,115,493,49" oya="2" hai0="92,50,70,58,59,40,106,29,32,5,96,74,49" hai1="114,76,126,24,2,20,71,125,66,118,105,31,33" hai2="122,11,99,13,124,83,63,133,131,45,84,16,37" hai3="27,78,116,18,7,134,104,62,115,128,97,25,130"/><V64/><F122/><W112/><G78/><T82/><D70/><U91/><E118/><V1/><F124/><N who="1" m="47721" /><E105/><V65/><F133/><W81/><G81/><T55/><D5/><U86/><E2/><V120/><F120/><W48/><G62/><T100/><D29/><U103/><E103/><V127/><F131/><N who="3" m="50219" /><G97/><T26/><D26/><N who="3" m="9737" /><G48/><T28/><D28/><U9/><E76/><V3/><F99/><W46/><G46/><T0/><D92/><U110/><E110/><V98/><F98/><W51/><G51/><T19/><D49/><U21/><E66/><V61/><F61/><W38/><G104/><T89/><D58/><U68/><E68/><V90/><F65/><W54/><G54/><T60/><D55/><U101/><E71/><V56/><F127/><W109/><G109/><T47/><D60/><U119/><E101/><V79/><F79/><W95/><G116/><T88/><D59/><U15/><E119/><V80/><F80/><W75/><G75/><T117/><D82/><N who="1" m="49623" /><E114/><N who="3" m="43562" /><G134/><T107/><D107/><U44/><E44/><V113/><F113/><W22/><G95/><T57/><D47/><U93/><E93/><V23/><F45/><W108/><G108/><T35/><D106/><U102/><E102/><V36/><F56/><W43/><G7/><AGARI ba="1,0" hai="7,9,15,20,21,24,31,33" m="49623,47721" machi="7" ten="30,1000,0" yaku="18,1" doraHai="69" who="1" fromWho="3" sc="343,0,115,13,493,0,49,-13" /><INIT seed="7,0,0,2,3,130" ten="343,128,493,36" oya="3" hai0="56,67,18,106,12,131,7,54,45,71,107,119,128" hai1="122,2,83,89,14,64,66,92,129,29,58,104,16" hai2="100,103,35,111,97,133,17,33,28,19,85,81,69" hai3="34,74,93,4,78,55,120,65,62,25,105,41,24"/><W61/><G105/><T52/><D119/><U75/><E122/><V57/><F69/><W68/><G120/><T87/><D7/><U11/><E104/><V46/><F111/><W0/><G41/><T39/><D54/><U109/><E129/><N who="0" m="49737" /><D87/><U22/><E109/><V9/><F35/><W43/><G43/><N who="0" m="22783" /><D67/><U53/><E83/><V118/><F33/><W108/><G108/><T102/><D102/><U38/><E38/><V80/><F28/><W47/><G34/><T72/><D72/><U1/><E75/><V48/><F57/><W112/><G112/><T110/><D71/><U60/><E1/><V26/><F26/><W27/><G74/><T127/><D127/><U36/><E36/><V113/><F113/><W135/><G78/><T82/><D82/><U23/><E2/><V44/><F85/><W96/><G135/><T6/><D6/><U117/><E117/><V94/><F133/><W91/><G61/><N who="0" m="35975" /><D110/><U124/><E124/><V125/><F125/><W90/><G90/><T86/><D86/><N who="1" m="52279" /><E29/><V126/><F118/><W15/><G0/><T77/><D77/><U79/><E79/><V20/><F103/><W50/><REACH who="3" step="1"/><G4/><REACH who="3" ten="343,128,493,26" step="2"/><T73/><D73/><U5/><E5/><V121/><F126/><W101/><G101/><T99/><D106/><U13/><E60/><V10/><F100/><W63/><G63/><T88/><D88/><U98/><E66/><V132/><F121/><W70/><G70/><T51/><D107/><U59/><E64/><V42/><F132/><W30/><G30/><T40/><D40/><U84/><E53/><V31/><F42/><RYUUKYOKU ba="0,1" sc="343,-10,128,-10,493,-10,26,30" hai3="15,24,25,27,47,50,55,62,65,68,91,93,96" /><INIT seed="7,1,1,0,4,10" ten="333,118,483,56" oya="3" hai0="14,7,101,19,33,17,28,15,8,97,120,43,76" hai1="117,29,52,98,119,106,59,36,48,114,6,115,127" hai2="65,81,22,84,80,25,85,74,20,132,32,134,128" hai3="34,3,107,4,21,24,109,51,63,124,110,123,79"/><W67/><G123/><T83/><D120/><U102/><E36/><V75/><F65/><W131/><G107/><T27/><D43/><U57/><E127/><V94/><F94/><W12/><G124/><T73/><D15/><U126/><E126/><V23/><F128/><W93/><G131/><T96/><D96/><U125/><E125/><V54/><F54/><W68/><G79/><T112/><D112/><N who="1" m="43051" /><E6/><V122/><F122/><W56/><G93/><AGARI ba="1,1" hai="7,8,14,17,19,27,28,33,73,76,83,93,97,101" machi="93" ten="30,2000,0" yaku="7,1,52,1" doraHai="10" who="0" fromWho="3" sc="333,33,118,0,483,0,56,-23" owari="366,17.0,118,-28.0,483,58.0,33,-47.0" /></mjloggm>