<mjloggm ver="2.3"><GO type="169" lobby="0"/><UN n0="%E3%83%95%E3%82%A9%E3%83%B3%E7%8E%8B%E5%AD%90" n1="%E4%BA%8C%E9%9A%8E%E5%A0%82%E7%91%A0%E7%BE%8E%E3%81%AE%E4%BD%BF%E8%80%85" n2="%E3%81%BD%E3%81%BF%E3%82%85" n3="%E3%82%A6%E3%83%AB%E3%83%88%E3%83%A9%E7%AB%8B%E7%9B%B4" dan="16,16,17,18" rate="2099.99,2109.39,2204.09,2274.86" sx="M,M,F,M"/><TAIKYOKU oya="0"/><INIT seed="0,0,0,5,0,87" ten="250,250,250,250" oya="0" hai0="10,29,107,91,118,122,133,12,44,3,68,123,71" hai1="8,104,89,125,17,31,69,21,111,28,58,34,57" hai2="85,102,47,19,43,30,11,37,84,99,97,61,41" hai3="82,119,131,65,129,23,94,112,88,64,20,128,25"/><T66/><D118/><U52/><E69/><V108/><F108/><W114/><G82/><T5/><D133/><U72/><E72/><V55/><F41/><W105/><G105/><T18/><D107/><U130/><E111/><V59/><F30/><N who="3" m="17703" /><G23/><T106/><D106/><U90/><E104/><V135/><F135/><W4/><G4/><T26/><D44/><U101/><E101/><V115/><F115/><N who="3" m="44075" /><G119/><T35/><D91/><N who="1" m="34827" /><E34/><V51/><F37/><W50/><G50/><T27/><D66/><U63/><E130/><N who="3" m="33282" /><W117/><DORA hai="33" /><G117/><T83/><D83/><U132/><E132/><V36/><F36/><W74/><G74/><T24/><D71/><U46/><E125/><V32/><F32/><W16/><G16/><T1/><D68/><U15/><E46/><V100/><F100/><W42/><G42/><T79/><D79/><U77/><E77/><V96/><F102/><W86/><AGARI ba="0,0" hai="64,65,86,88,94" m="33282,44075,17703" machi="86" ten="50,6400,0" yaku="19,1,52,1,54,1" doraHai="87,33" who="3" fromWho="3" sc="250,-32,250,-16,250,-16,250,64" /><INIT seed="1,0,0,3,0,22" ten="218,234,234,314" oya="1" hai0="90,36,32,96,34,44,132,16,58,93,30,60,114" hai1="11,64,102,55,127,131,99,117,106,135,38,81,94" hai2="49,17,23,2,51,82,118,45,28,27,29,110,7" hai3="86,78,89,68,4,70,77,62,129,46,15,73,75"/><U92/><E117/><V107/><F118/><W8/><G129/><T80/><D114/><U61/><E131/><V39/><F107/><W126/><G126/><T128/><D128/><U83/><E127/><V47/><F110/><W134/><G134/><T26/><D132/><U31/><E135/><V0/><F39/><W98/><G98/><T109/><D109/><U25/><E38/><V54/><F7/><W130/><G130/><T124/><D124/><U72/><E55/><V133/><F133/><W91/><G46/><T21/><D80/><U13/><E106/><V63/><F63/><W108/><G108/><T3/><D3/><U52/><E92/><V84/><F0/><W100/><G100/><T105/><D105/><U113/><E113/><V56/><F2/><W87/><G15/><T111/><D111/><U65/><E65/><V33/><F33/><W20/><G20/><T122/><D122/><U48/><E72/><V121/><F56/><W19/><G19/><T97/><D97/><U1/><E1/><V123/><F123/><W67/><G62/><T5/><D5/><U10/><E10/><V104/><F104/><W24/><G4/><T116/><D116/><U74/><E74/><V79/><REACH who="2" step="1"/><F121/><REACH who="2" ten="218,234,224,314" step="2"/><W59/><G59/><T18/><D58/><U76/><E61/><V101/><F101/><W37/><G37/><T43/><D60/><U115/><E115/><V88/><F88/><W42/><G67/><T14/><D34/><U35/><E64/><V40/><AGARI ba="0,1" hai="17,23,27,28,29,40,45,47,49,51,54,79,82,84" machi="40" ten="20,8000,1" yaku="1,1,0,1,7,1,8,1,52,1,53,0" doraHai="22" doraHaiUra="119" who="2" fromWho="2" sc="218,-20,234,-40,224,90,314,-20" /><INIT seed="2,0,0,0,3,25" ten="198,194,314,294" oya="2" hai0="122,68,11,93,87,34,83,0,97,62,70,23,2" hai1="44,98,59,81,58,21,6,55,42,12,92,31,26" hai2="96,99,3,17,107,40,69,8,104,37,135,113,64" hai3="86,32,19,128,38,63,121,35,28,50,53,102,45"/><V61/><F113/><W49/><G121/><T119/><D122/><U78/><E6/><V18/><F135/><W118/><G118/><T5/><D34/><U7/><E7/><V56/><F3/><W77/><G128/><T129/><D129/><U4/><E4/><V85/><F37/><W10/><G102/><T100/><D0/><U116/><E12/><V33/><F40/><W36/><G63/><T1/><D1/><U27/><E27/><V48/><F33/><W79/><G86/><T76/><D119/><U72/><E55/><V39/><F39/><W82/><G82/><T105/><D62/><U60/><E60/><V71/><F85/><W127/><G53/><T133/><D133/><U29/><E29/><V89/><F48/><W75/><G75/><T132/><D132/><U73/><E73/><V123/><F123/><W43/><G19/><T52/><D23/><U9/><E9/><V74/><F74/><W20/><G20/><T54/><REACH who="0" step="1"/><D105/><REACH who="0" ten="188,194,314,294" step="2"/><U94/><E116/><V112/><F61/><W65/><G35/><T90/><D90/><U130/><E130/><V67/><F89/><W14/><G32/><T108/><D108/><U88/><REACH who="1" step="1"/><E92/><REACH who="1" ten="188,184,314,294" step="2"/><V66/><F107/><W13/><G10/><T115/><D115/><U114/><E114/><V109/><F104/><W117/><G117/><T80/><D80/><U51/><AGARI ba="0,2" hai="21,26,31,42,44,51,58,59,72,78,81,88,94,98" machi="51" ten="20,8000,1" yaku="1,1,0,1,7,1,52,1,54,1,53,0" doraHai="25" doraHaiUra="30" who="1" fromWho="1" sc="188,-20,184,100,314,-40,294,-20" /><INIT seed="3,0,0,3,5,4" ten="168,284,274,274" oya="3" hai0="130,54,126,24,3,79,66,86,127,13,104,52,115" hai1="102,97,51,40,87,72,70,122,5,53,112,125,77" hai2="33,14,101,107,8,64,43,89,105,25,18,23,117" hai3="21,47,135,29,62,34,123,120,2,45,118,92,111"/><W11/><G62/><T88/><D3/><U65/><E122/><V113/><F113/><W0/><G92/><T58/><D104/><U133/><E112/><V7/><F117/><W128/><G47/><T109/><D115/><U57/><E72/><V6/><F101/><W96/><G96/><T110/><D130/><U42/><E133/><V121/><F121/><N who="3" m="46667" /><G45/><T69/><D69/><U83/><E5/><V131/><F131/><W28/><G128/><T114/><D114/><U90/><E125/><N who="0" m="47625" /><D79/><U55/><E65/><V49/><F43/><W44/><G44/><T75/><D75/><U73/><E55/><N who="0" m="21033" /><D24/><U91/><E70/><V61/><F49/><W100/><G118/><T63/><D13/><U82/><REACH who="1" step="1"/><E90/><REACH who="1" ten="168,274,274,274" step="2"/><V10/><F89/><W71/><G71/><T9/><D9/><U32/><E32/><V116/><F33/><W17/><G34/><T56/><D56/><U37/><E37/><V38/><F38/><W94/><G11/><T22/><D22/><U48/><E48/><V50/><F50/><W124/><G124/><T134/><D134/><U95/><AGARI ba="0,1" hai="40,42,51,53,57,73,77,82,83,87,91,95,97,102" machi="95" ten="20,5200,0" yaku="1,1,0,1,7,1,53,1" doraHai="4" doraHaiUra="85" who="1" fromWho="1" sc="168,-13,274,62,274,-13,274,-26" /><INIT seed="4,0,0,2,3,133" ten="155,336,261,248" oya="0" hai0="130,42,55,88,21,114,15,87,82,101,118,25,12" hai1="97,66,75,126,95,44,48,32,109,76,20,93,68" hai2="72,134,8,7,79,99,47,2,61,80,54,51,52" hai3="57,13,3,116,121,43,77,9,98,71,74,6,36"/><T28/><D118/><U92/><E109/><V84/><F134/><W53/><G116/><T115/><D130/><U22/><E32/><V104/><F72/><W41/><G71/><T17/><D101/><U29/><E75/><V62/><REACH who="2" step="1"/><F54/><REACH who="2" ten="155,336,251,248" step="2"/><W113/><G53/><T102/><D102/><AGARI ba="0,1" hai="2,7,8,47,51,52,61,62,79,80,84,99,102,104" machi="102" ten="40,5200,0" yaku="1,1,2,1,54,1,53,0" doraHai="133" doraHaiUra="123" who="2" fromWho="0" sc="155,-52,336,0,251,62,248,0" /><INIT seed="5,0,0,4,4,75" ten="103,336,313,248" oya="1" hai0="114,53,59,95,134,21,87,92,33,31,2,28,88" hai1="100,126,0,132,69,117,41,40,12,8,111,47,56" hai2="61,39,50,20,3,83,106,27,123,81,79,13,89" hai3="130,98,51,19,67,42,113,127,71,46,128,78,18"/><U14/><E117/><V119/><F39/><W102/><G113/><T77/><D2/><U30/><E69/><V124/><F3/><W10/><G127/><T112/><D134/><U85/><E126/><V29/><F124/><W70/><G78/><T34/><D95/><U11/><E0/><V16/><F119/><W55/><G10/><T24/><D31/><U82/><E132/><V48/><F123/><W52/><G19/><T122/><D122/><U96/><E30/><V58/><F106/><W72/><G18/><T26/><D26/><U38/><E56/><V129/><F81/><W32/><G72/><T74/><D114/><U93/><E40/><V104/><F89/><W80/><G80/><T135/><D135/><U86/><E111/><V4/><F4/><W120/><G32/><T103/><D103/><U84/><REACH who="1" step="1"/><E82/><REACH who="1" ten="103,326,313,248" step="2"/><V35/><F129/><W45/><G120/><T101/><D112/><U118/><E118/><V116/><F116/><W94/><G71/><T63/><REACH who="0" step="1"/><D101/><REACH who="0" ten="93,326,313,248" step="2"/><U131/><E131/><V99/><F29/><W60/><G130/><T97/><D97/><U5/><E5/><V65/><F99/><W22/><G128/><T23/><D23/><U9/><AGARI ba="0,2" hai="8,9,11,12,14,38,41,47,84,85,86,93,96,100" machi="9" ten="30,3000,0" yaku="1,1,0,1,53,0" doraHai="75" doraHaiUra="110" who="1" fromWho="1" sc="93,-10,326,50,313,-10,248,-10" /><INIT seed="5,1,0,2,1,104" ten="83,376,303,238" oya="1" hai0="125,89,34,6,99,35,22,29,108,11,96,113,75" hai1="9,80,116,32,1,27,63,37,41,43,93,57,7" hai2="50,122,38,83,105,135,127,79,100,71,68,132,123" hai3="5,73,110,112,134,102,10,61,55,46,81,21,53"/><U56/><E116/><V77/><F38/><W85/><G110/><T39/><D39/><U31/><E93/><V65/><F50/><W12/><G112/><T101/><D125/><U109/><E109/><V119/><F65/><W121/><G121/><N who="2" m="46089" /><F71/><W124/><G134/><N who="2" m="51241" /><F68/><W131/><G131/><T19/><D108/><U47/><E41/><V67/><F67/><W60/><G124/><T30/><D113/><U90/><E63/><N who="3" m="24138" /><G73/><T42/><D42/><U91/><E91/><V106/><F127/><W98/><G21/><T54/><D54/><U36/><E36/><V86/><F119/><W70/><G70/><T49/><D49/><U69/><E69/><V16/><F16/><W87/><G46/><T111/><D111/><U25/><E57/><V33/><F33/><W24/><G24/><T84/><D34/><U118/><E118/><V74/><F100/><W82/><G55/><T64/><D64/><U0/><E25/><V72/><F74/><W52/><G52/><T130/><D35/><U94/><E56/><V88/><F79/><W45/><G45/><T13/><D75/><U58/><E58/><V20/><F20/><W2/><G53/><T15/><D22/><U120/><E120/><V8/><F8/><W133/><G133/><T103/><D11/><U76/><E0/><V26/><F26/><W95/><G2/><T51/><D51/><U126/><E126/><V66/><F66/><W3/><G3/><T4/><D19/><U78/><E78/><V28/><F28/><W44/><G44/><T14/><D14/><U62/><E62/><V18/><F18/><RYUUKYOKU ba="1,0" sc="83,-15,376,-15,303,15,238,15" hai2="72,77,83,86,88,105,106" hai3="5,10,12,81,82,85,87,95,98,102" /><INIT seed="6,2,0,4,0,30" ten="68,361,318,253" oya="2" hai0="15,41,92,13,97,93,121,82,126,110,24,53,83" hai1="98,90,54,28,45,23,114,47,117,42,125,75,113" hai2="57,18,70,120,96,73,91,67,86,19,20,37,46" hai3="22,102,107,85,127,55,6,16,56,131,61,7,43"/><V0/><F120/><W33/><G131/><T104/><D121/><U89/><E117/><V31/><F73/><W88/><G127/><T26/><D110/><U99/><E125/><V130/><F0/><W76/><G33/><T58/><D104/><U84/><E75/><V112/><F70/><W60/><G76/><T44/><D126/><U25/><E54/><V101/><F130/><W34/><G34/><T105/><D105/><U134/><E134/><V87/><F112/><N who="1" m="43113" /><E89/><V80/><F87/><W4/><G43/><T40/><D44/><N who="1" m="16971" /><E42/><V65/><F37/><W1/><G102/><T109/><D109/><U132/><E132/><V49/><F31/><W74/><G74/><T63/><D58/><U10/><E10/><V39/><F39/><W103/><G103/><T66/><D66/><N who="2" m="25098" /><F20/><W94/><G107/><T52/><REACH who="0" step="1"/><D97/><REACH who="0" ten="58,361,318,253" step="2"/><U71/><E71/><V5/><F57/><W3/><REACH who="3" step="1"/><G61/><AGARI ba="2,1" hai="13,15,24,26,40,41,52,53,61,63,82,83,92,93" machi="61" ten="25,12000,2" yaku="1,1,2,1,22,2,8,1,54,1,53,0" doraHai="30" doraHaiUra="119" who="0" fromWho="3" sc="58,136,361,0,318,0,253,-126" /><INIT seed="7,0,0,2,5,108" ten="194,361,318,127" oya="3" hai0="28,63,70,127,134,2,13,132,1,32,8,133,122" hai1="42,61,81,111,85,3,118,119,6,96,29,120,4" hai2="39,130,97,45,84,93,80,60,103,7,83,82,22" hai3="48,43,67,64,47,117,74,102,55,78,113,106,100"/><W20/><G117/><N who="1" m="44554" /><E111/><V73/><F130/><W15/><G113/><T86/><D122/><U33/><E120/><V124/><F124/><W62/><G74/><T116/><D116/><U53/><E42/><V52/><F73/><W58/><G78/><T36/><D36/><U56/><E96/><V50/><F39/><W121/><G121/><T0/><D127/><U92/><E92/><V21/><F7/><W95/><G106/><T94/><D86/><U115/><E115/><V126/><F126/><W59/><G95/><T125/><D125/><U101/><E101/><V34/><F34/><W98/><G98/><T16/><D94/><U35/><E35/><V30/><F30/><W112/><G112/><T77/><D77/><N who="1" m="46255" /><E3/><V10/><F10/><W37/><REACH who="3" step="1"/><G67/><REACH who="3" ten="194,361,318,117" step="2"/><N who="0" m="41343" /><D32/><U25/><AGARI ba="0,1" hai="4,6,25,29,33,53,56,61" m="46255,44554" machi="25" ten="30,1100,0" yaku="12,1" doraHai="108" who="1" fromWho="1" sc="194,-3,361,21,318,-3,117,-5" owari="191,-21.0,382,48.0,315,12.0,112,-39.0" /></mjloggm>