<mjloggm ver="2.3"><GO type="169" lobby="0"/><UN n0="%74%61%74%73%75%37%30%32" n1="%E5%B0%B1%E6%B4%BB%E7%94%9F%40%E5%B7%9D%E6%9D%91%E8%BB%8D%E5%9B%A3" n2="%E3%81%B5%E3%81%8B" n3="%E3%81%96%E3%82%8A%E3%81%8C%E3%81%AB%E3%81%A1%E3%82%83%E3%82%93" dan="16,19,16,16" rate="2154.77,2356.66,2100.01,2097.30" sx="M,M,M,M"/><TAIKYOKU oya="0"/><INIT seed="0,0,0,0,1,112" ten="250,250,250,250" oya="0" hai0="90,123,108,134,70,61,18,28,15,13,135,133,53" hai1="43,38,63,91,79,57,96,6,120,27,102,119,46" hai2="56,100,3,106,24,77,4,32,60,69,104,19,39" hai3="127,47,1,48,88,7,41,80,131,51,130,109,132"/><T114/><D114/><U89/><E119/><V95/><F39/><W125/><G109/><T72/><D123/><U117/><E117/><V5/><F69/><W116/><G7/><T21/><D72/><U128/><E128/><N who="3" m="49194" /><G1/><T29/><D108/><U73/><E120/><V65/><F77/><W26/><G26/><T103/><D103/><U76/><E6/><V64/><F64/><W16/><G116/><T11/><D90/><U86/><E73/><V55/><F4/><W97/><G16/><N who="0" m="10399" /><D53/><U22/><E91/><V33/><F55/><W82/><G51/><T0/><D61/><U92/><E86/><V62/><F62/><W34/><G34/><T17/><D70/><U45/><E45/><V50/><F50/><W8/><G8/><N who="0" m="6311" /><D0/><U107/><E107/><V84/><F106/><W14/><G14/><AGARI ba="0,0" hai="11,14,18,28,29,133,134,135" m="6311,10399" machi="14" ten="30,11600,0" yaku="20,1,34,2,54,1" doraHai="112" who="0" fromWho="3" sc="250,116,250,0,250,0,250,-116" /><INIT seed="0,1,0,5,4,6" ten="366,250,250,134" oya="0" hai0="104,107,135,58,37,38,56,52,64,19,27,30,50" hai1="55,45,21,123,53,126,88,65,18,47,89,28,86" hai2="106,20,24,23,101,77,78,90,100,96,95,57,84" hai3="131,127,118,41,111,49,34,59,1,103,22,62,74"/><T13/><D135/><U87/><E126/><V124/><F124/><W9/><G34/><T133/><D133/><U110/><E110/><V35/><F101/><W36/><G127/><T79/><D79/><U15/><E28/><V119/><F119/><W92/><G118/><T134/><D134/><U108/><E108/><V44/><F35/><W25/><G111/><T63/><D107/><U82/><E65/><V83/><F44/><N who="1" m="16969" /><E123/><V5/><F5/><W72/><G49/><T46/><D104/><U122/><E122/><V81/><F57/><W67/><G41/><T99/><D99/><U51/><E51/><V76/><REACH who="2" step="1"/><F23/><REACH who="2" ten="366,250,240,134" step="2"/><W113/><G36/><T70/><D38/><U61/><E61/><V117/><F117/><W42/><G113/><T129/><D129/><U94/><AGARI ba="1,1" hai="15,18,21,53,55,82,86,87,88,89,94" m="16969" machi="94" ten="30,2000,0" yaku="8,1,54,1" doraHai="6" who="1" fromWho="1" sc="366,-11,250,33,240,-6,134,-6" /><INIT seed="1,0,0,0,3,2" ten="355,283,234,128" oya="1" hai0="103,8,17,107,48,133,91,121,26,124,9,129,58" hai1="92,5,97,81,82,14,117,25,57,75,44,13,16" hai2="24,29,70,31,1,4,66,96,120,128,49,18,101" hai3="79,135,104,7,61,12,43,35,34,10,94,114,86"/><U27/><E75/><V62/><F120/><W60/><G114/><T122/><D124/><U93/><E117/><V45/><F128/><W55/><G104/><T46/><D129/><U38/><E38/><V102/><F18/><W21/><G135/><T73/><D73/><U88/><E44/><V106/><F101/><W37/><G37/><T127/><D127/><U42/><E42/><V11/><REACH who="2" step="1"/><F24/><REACH who="2" ten="355,283,224,128" step="2"/><N who="1" m="9289" /><E57/><V50/><F50/><W83/><G61/><T71/><D58/><U6/><E93/><V116/><F116/><W59/><G94/><T41/><D107/><U40/><E40/><AGARI ba="0,1" hai="1,4,11,29,31,40,45,49,62,66,70,96,102,106" machi="40" ten="30,3900,0" yaku="1,1,7,1,52,1,53,0" doraHai="2" doraHaiUra="84" who="2" fromWho="1" sc="355,0,283,-39,224,49,128,0" /><INIT seed="2,0,0,4,3,55" ten="355,244,273,128" oya="2" hai0="35,65,118,129,37,134,61,102,25,22,13,132,81" hai1="126,119,107,53,91,110,7,100,21,131,98,56,121" hai2="70,26,135,42,117,60,67,68,111,45,16,88,63" hai3="115,39,127,78,106,1,75,122,71,116,99,43,48"/><V47/><F117/><W130/><RYUUKYOKU type="yao9" ba="0,0" sc="355,0,244,0,273,0,128,0" hai3="1,39,43,48,71,75,78,99,106,115,116,122,127,130" /><INIT seed="2,1,0,5,4,85" ten="355,244,273,128" oya="2" hai0="33,43,5,96,4,3,119,26,51,39,32,25,90" hai1="83,72,113,79,44,88,48,29,14,18,54,95,61" hai2="53,9,132,56,23,6,7,67,122,98,111,66,74" hai3="117,63,58,102,27,42,16,99,131,110,84,71,70"/><V123/><F74/><W124/><G110/><T91/><D39/><U1/><E113/><V68/><F111/><W104/><G131/><T133/><D3/><U92/><E1/><V34/><F34/><W112/><G117/><T81/><D119/><U129/><E129/><V36/><F132/><W82/><G42/><T21/><D133/><U105/><E105/><V126/><F126/><W8/><G124/><T87/><D33/><U93/><E29/><V17/><F36/><W64/><G112/><T11/><D32/><U134/><E134/><V41/><F41/><W116/><G116/><T15/><D4/><N who="2" m="1578" /><F68/><W46/><G46/><N who="0" m="26079" /><D21/><U76/><E61/><N who="2" m="35983" /><F122/><W128/><G128/><T130/><D130/><U55/><E55/><V52/><F123/><W77/><REACH who="3" step="1"/><G27/><REACH who="3" ten="355,244,273,118" step="2"/><N who="0" m="10251" /><D96/><U31/><E31/><V24/><F98/><W69/><G69/><T12/><D12/><AGARI ba="1,1" hai="8,12,16,58,63,64,70,71,77,82,84,99,102,104" machi="12" ten="40,2600,0" yaku="1,1,54,1,53,0" doraHai="85" doraHaiUra="107" who="3" fromWho="0" sc="355,-29,244,0,273,0,118,39" /><INIT seed="3,0,0,2,1,91" ten="326,244,273,157" oya="3" hai0="3,2,21,54,7,88,97,110,31,45,80,114,83" hai1="96,64,42,94,58,49,103,53,6,95,81,18,40" hai2="12,119,1,69,67,36,55,51,86,104,65,70,56" hai3="129,23,123,50,24,102,90,11,106,48,78,121,126"/><W60/><G129/><T74/><D110/><U122/><E122/><V77/><F1/><W79/><G126/><T101/><D114/><U14/><E6/><V71/><F104/><W15/><G102/><T93/><D7/><U41/><E64/><N who="2" m="24651" /><F12/><W5/><G106/><T59/><D45/><U62/><E81/><V108/><F86/><W92/><G60/><T75/><D83/><U120/><E120/><V22/><F22/><W27/><G123/><T38/><D38/><U8/><REACH who="1" step="1"/><E95/><REACH who="1" ten="326,234,273,157" step="2"/><V0/><F108/><W29/><G121/><T10/><D80/><U4/><E4/><V87/><F119/><W57/><G79/><T100/><D74/><U47/><AGARI ba="0,1" hai="8,14,18,40,41,42,47,49,53,58,62,94,96,103" machi="47" ten="30,8000,1" yaku="1,1,0,1,8,1,52,1,53,1" doraHai="91" doraHaiUra="44" who="1" fromWho="1" sc="326,-20,234,90,273,-20,157,-40" /><INIT seed="4,0,0,3,2,9" ten="306,324,253,117" oya="0" hai0="115,37,43,110,49,120,17,34,1,94,21,41,65" hai1="128,91,30,126,68,45,56,88,87,22,24,82,12" hai2="15,129,76,44,51,134,125,133,99,131,28,16,79" hai3="13,63,25,89,104,66,112,83,29,107,47,54,113"/><T96/><D120/><U4/><E68/><V62/><F28/><W5/><G54/><T14/><D1/><U116/><E116/><V70/><F99/><W74/><G47/><T48/><D37/><U118/><E118/><V80/><F62/><W52/><G52/><T106/><D106/><U31/><E128/><N who="2" m="49227" /><F70/><W90/><G74/><T59/><D34/><U103/><E126/><V119/><F119/><W35/><G83/><T40/><D115/><N who="3" m="44105" /><G104/><T100/><REACH who="0" step="1"/><D110/><REACH who="0" ten="296,324,253,117" step="2"/><U61/><E45/><V23/><F125/><W72/><G107/><T67/><D67/><U39/><E39/><V69/><F69/><W64/><G66/><T117/><D117/><U101/><E56/><V122/><F122/><W93/><G64/><T19/><D19/><U127/><E127/><V26/><F26/><W55/><G25/><T97/><D97/><U18/><E31/><V57/><F57/><W6/><G29/><T81/><D81/><U105/><E105/><V8/><F80/><W86/><G35/><T98/><D98/><U60/><E4/><N who="2" m="3463" /><F134/><W33/><G5/><T78/><D78/><U121/><E121/><V92/><F133/><W71/><G6/><T75/><D75/><U102/><REACH who="1" step="1"/><E91/><REACH who="1" ten="296,314,253,117" step="2"/><V11/><F79/><W50/><G89/><T123/><D123/><U111/><E111/><V84/><F76/><W114/><G90/><T32/><D32/><AGARI ba="0,2" hai="12,18,22,24,30,32,60,61,82,87,88,101,102,103" machi="32" ten="40,5200,0" yaku="1,1,52,1,54,1,53,0" doraHai="9" doraHaiUra="108" who="1" fromWho="0" sc="296,-52,314,72,253,0,117,0" /><INIT seed="5,0,0,5,2,127" ten="244,386,253,117" oya="1" hai0="78,91,69,3,81,15,22,94,7,29,26,11,54" hai1="50,60,74,55,112,72,18,103,46,85,62,17,28" hai2="100,31,56,51,97,93,53,30,19,45,133,80,14" hai3="111,95,79,23,27,92,77,98,130,20,13,84,126"/><U70/><E112/><V63/><F133/><W9/><G111/><T10/><D69/><U4/><E4/><V1/><F1/><W8/><G126/><T96/><D54/><U124/><E124/><V90/><F80/><W131/><G84/><T121/><D121/><U73/><E28/><V57/><F100/><W86/><G86/><T36/><D36/><U132/><E132/><V24/><F56/><W25/><REACH who="3" step="1"/><G13/><REACH who="3" ten="244,386,253,107" step="2"/><T47/><D15/><U42/><E85/><V122/><F122/><W104/><G104/><T21/><D78/><U117/><E74/><V135/><F135/><W34/><G34/><T44/><D81/><U58/><E73/><V76/><F76/><W37/><G37/><T16/><D3/><U67/><E72/><V105/><F105/><W71/><G71/><T5/><D5/><U2/><E2/><V65/><REACH who="2" step="1"/><F24/><REACH who="2" ten="244,386,243,107" step="2"/><W32/><G32/><T119/><D26/><U128/><E70/><V75/><F75/><W99/><AGARI ba="0,2" hai="8,9,20,23,25,27,77,79,92,95,98,99,130,131" machi="99" ten="25,12000,2" yaku="1,1,0,1,22,2,52,2,53,0" doraHai="127" doraHaiUra="41" who="3" fromWho="3" sc="244,-30,386,-60,243,-30,107,140" /><INIT seed="6,0,0,4,4,60" ten="214,326,213,247" oya="2" hai0="54,100,106,2,59,68,32,87,20,57,104,64,18" hai1="93,11,91,5,31,124,97,1,132,94,98,125,83" hai2="4,39,17,29,78,122,40,111,51,82,120,121,69" hai3="25,72,14,118,110,128,0,73,12,43,55,81,21"/><V22/><F39/><W135/><G118/><T133/><D32/><U105/><E132/><V65/><F111/><W109/><G0/><T24/><D133/><U63/><E105/><V16/><F4/><W41/><G135/><T95/><D2/><U86/><E31/><V42/><F29/><W103/><G103/><T47/><D68/><U89/><REACH who="1" step="1"/><E63/><REACH who="1" ten="214,316,213,247" step="2"/><V80/><F121/><W115/><G110/><T44/><D106/><U77/><AGARI ba="0,1" hai="1,5,11,77,83,86,89,91,93,94,97,98,124,125" machi="77" ten="30,7900,0" yaku="1,1,2,1,0,1,9,1,53,0" doraHai="60" doraHaiUra="53" who="1" fromWho="1" sc="214,-20,316,89,213,-39,247,-20" /><INIT seed="7,0,0,1,4,82" ten="194,405,174,227" oya="3" hai0="4,112,44,36,51,101,120,66,61,125,38,118,90" hai1="62,130,30,131,98,84,41,25,40,75,104,60,94" hai2="102,88,7,134,14,68,34,18,72,121,123,35,106" hai3="12,23,58,76,39,13,45,128,79,63,73,115,100"/><W16/><G115/><T89/><D120/><N who="2" m="46154" /><F134/><W52/><G128/><N who="1" m="49194" /><E84/><V67/><F72/><W29/><G73/><T96/><D118/><U8/><E8/><V117/><F117/><W5/><G100/><T19/><D112/><U70/><E104/><V2/><F7/><W74/><G74/><T124/><D4/><U10/><E10/><V129/><F2/><W86/><G39/><T126/><D19/><U24/><E24/><V54/><F129/><W127/><G127/><T9/><D9/><U87/><E87/><V28/><F28/><W15/><G29/><T1/><D1/><U83/><E83/><V81/><F54/><N who="3" m="34263" /><G5/><T20/><D20/><N who="1" m="15655" /><E75/><V110/><F110/><W114/><G114/><T53/><D38/><U17/><E17/><V11/><F102/><W105/><G105/><N who="0" m="63655" /><D36/><U37/><E37/><V22/><F22/><W108/><G108/><T49/><D49/><U109/><E109/><V113/><F106/><W46/><G79/><T6/><D6/><U47/><E70/><AGARI ba="0,0" hai="44,51,53,61,66,70,89,90,124,125,126" m="63655" machi="70" ten="30,1000,0" yaku="18,1" doraHai="82" who="0" fromWho="1" sc="194,10,405,-10,174,0,227,0" owari="204,-20.0,395,50.0,174,-33.0,227,3.0" /></mjloggm>