<mjloggm ver="2.3"><GO type="169" lobby="0"/><UN n0="%E3%83%95%E3%83%B3%E3%83%8C" n1="%74%65%61%6D%2D%65%78" n2="%E3%82%A6%E3%83%AB%E3%83%88%E3%83%A9%E7%AB%8B%E7%9B%B4" n3="%E7%A0%B2%E3%81%AE%E4%B8%8A%E3%81%AE%E3%81%82%E3%81%AE%E5%A8%98" dan="16,17,17,16" rate="2073.06,2164.76,2219.34,2193.11" sx="M,M,M,F"/><TAIKYOKU oya="0"/><INIT seed="0,0,0,4,4,65" ten="250,250,250,250" oya="0" hai0="124,78,18,4,44,123,114,135,52,111,74,25,92" hai1="59,83,129,60,110,22,116,133,81,38,91,71,125" hai2="56,82,11,37,89,27,77,54,128,119,29,47,9" hai3="112,45,96,121,113,97,13,14,43,62,100,57,73"/><T68/><D123/><U12/><E116/><V90/><F128/><W63/><G121/><T109/><D114/><U32/><E32/><V106/><F106/><W134/><G73/><T0/><D124/><U70/><E129/><V84/><F119/><W55/><G134/><T50/><D135/><U103/><E133/><V49/><F37/><W8/><G63/><T132/><D132/><U61/><E125/><V2/><F2/><W58/><G58/><T85/><D74/><U40/><E110/><N who="0" m="41993" /><D68/><U86/><E103/><V23/><F56/><W94/><G96/><T88/><D78/><U15/><E40/><V101/><F101/><W67/><G55/><T107/><D107/><U120/><E38/><V42/><F42/><W26/><G26/><T53/><D53/><U115/><E120/><V130/><F130/><W118/><G118/><T80/><D80/><U7/><E115/><V95/><F90/><W87/><G87/><AGARI ba="0,0" hai="9,11,23,27,29,47,49,54,77,82,84,87,89,95" machi="87" ten="30,2000,0" yaku="7,1,8,1" doraHai="65" who="2" fromWho="3" sc="250,0,250,0,250,20,250,-20" /><INIT seed="1,0,0,0,0,35" ten="250,250,270,230" oya="1" hai0="32,7,134,47,13,84,42,74,125,8,57,59,126" hai1="97,103,66,15,31,48,1,55,122,127,110,12,41" hai2="4,27,123,115,17,133,117,119,120,128,118,121,50" hai3="43,105,107,109,9,67,58,30,116,108,102,65,53"/><U99/><E122/><V19/><F50/><W61/><G116/><T77/><D32/><U111/><E41/><V78/><F78/><W72/><G72/><T80/><D134/><U45/><E127/><N who="0" m="48649" /><D74/><U44/><E44/><V79/><F79/><W5/><G43/><T40/><D40/><U101/><E66/><V132/><F128/><W69/><G30/><T14/><D14/><U76/><E76/><V95/><F95/><W25/><G25/><T33/><D33/><U93/><E31/><V98/><F98/><W18/><G18/><N who="2" m="6665" /><F115/><W22/><G22/><T82/><D80/><U70/><E70/><V49/><F49/><AGARI ba="0,0" hai="7,8,13,42,47,49,57,59,77,82,84" m="48649" machi="49" ten="30,2000,0" yaku="25,1,18,1" doraHai="35" who="0" fromWho="2" sc="250,20,250,0,270,-20,230,0" /><INIT seed="2,0,0,5,1,60" ten="270,250,250,230" oya="2" hai0="77,70,66,105,102,95,3,45,124,2,129,6,41" hai1="4,24,38,84,85,27,104,7,0,87,115,96,116" hai2="67,37,54,99,17,126,1,86,75,121,97,46,14" hai3="76,78,55,114,132,16,90,123,133,107,58,88,47"/><V11/><F75/><W28/><G123/><T23/><D105/><U117/><E115/><V31/><F121/><W48/><G114/><T36/><D124/><U98/><E38/><V122/><F122/><W5/><G107/><T25/><D129/><U15/><E15/><V108/><F126/><W33/><G5/><T89/><D102/><U112/><E112/><V101/><F108/><W93/><G28/><T73/><D6/><U8/><E104/><V56/><F1/><W40/><G33/><T53/><D53/><U68/><E68/><V94/><F31/><W32/><G32/><T35/><D35/><U110/><E8/><V10/><F86/><W61/><G16/><T74/><D77/><U83/><E85/><V106/><F46/><W57/><G57/><T131/><D131/><U118/><E118/><V92/><F37/><W39/><G39/><T20/><D20/><U21/><E21/><N who="2" m="11447" /><F106/><W30/><G30/><T59/><D70/><U26/><E26/><V100/><F67/><W65/><G40/><T80/><D3/><U18/><E18/><V63/><AGARI ba="0,0" hai="10,11,54,56,63,92,94,97,99,100,101" m="11447" machi="63" ten="30,1500,0" yaku="8,1" doraHai="60" who="2" fromWho="2" sc="270,-5,250,-5,250,15,230,-5" /><INIT seed="2,1,0,4,4,79" ten="265,245,265,225" oya="2" hai0="19,124,0,112,71,114,28,59,11,65,8,103,12" hai1="78,3,109,58,7,53,87,133,33,21,17,128,42" hai2="75,13,127,61,62,10,25,121,66,118,116,102,1" hai3="63,34,15,107,131,100,105,48,91,41,97,80,16"/><V20/><F75/><W5/><G34/><T56/><D71/><U23/><E33/><V86/><F121/><W67/><G131/><T77/><D124/><U50/><E109/><V94/><F1/><W54/><G41/><T43/><D28/><U36/><E128/><V90/><F127/><W47/><G5/><T113/><D103/><U104/><E104/><V29/><F102/><W18/><G107/><T51/><D77/><U9/><E133/><V22/><F22/><W55/><G55/><T70/><D70/><U111/><E111/><V68/><REACH who="2" step="1"/><F62/><REACH who="2" ten="265,245,255,225" step="2"/><W84/><REACH who="3" step="1"/><G15/><REACH who="3" ten="265,245,255,215" step="2"/><T92/><D12/><U69/><E3/><V134/><F134/><W57/><AGARI ba="1,2" hai="16,18,47,48,54,57,63,67,80,84,91,97,100,105" machi="57" ten="20,12000,2" yaku="1,1,2,1,0,1,7,1,52,1,54,1,53,1" doraHai="79" doraHaiUra="81" who="3" fromWho="3" sc="265,-31,245,-31,255,-61,215,143" /><INIT seed="3,0,0,4,4,55" ten="234,214,194,358" oya="3" hai0="31,41,63,13,74,111,38,66,5,59,11,50,87" hai1="73,89,51,54,93,56,83,42,123,9,37,18,43" hai2="60,0,17,61,7,112,78,92,35,121,113,14,127" hai3="102,71,67,119,135,94,109,82,3,80,29,36,110"/><W133/><G36/><T33/><D74/><U62/><E37/><V23/><F78/><W69/><G3/><T105/><D105/><U72/><E123/><V129/><F61/><N who="3" m="40175" /><G29/><T27/><D111/><N who="3" m="42505" /><G71/><T16/><D38/><U64/><E83/><N who="3" m="31786" /><G119/><T84/><D41/><U101/><E101/><V81/><F0/><W115/><G115/><T12/><REACH who="0" step="1"/><D50/><REACH who="0" ten="224,214,194,358" step="2"/><U122/><E73/><V75/><F75/><W47/><G47/><T34/><D34/><U48/><E72/><V10/><F35/><W131/><G131/><T114/><D114/><U46/><E51/><V45/><F129/><W124/><G124/><T1/><D1/><U32/><E32/><V104/><F127/><W98/><AGARI ba="0,1" hai="94,98,102,133,135" m="31786,42505,40175" machi="98" ten="40,3900,0" yaku="14,1,10,1" doraHai="55" who="3" fromWho="3" sc="224,-13,214,-13,194,-13,358,49" /><INIT seed="3,1,0,0,2,82" ten="211,201,181,407" oya="3" hai0="65,62,30,63,44,4,106,114,26,20,51,54,23" hai1="88,70,43,27,39,24,66,48,120,117,98,58,103" hai2="22,134,6,67,37,95,112,96,110,47,113,75,124" hai3="81,76,29,92,123,56,41,133,38,86,84,36,73"/><W49/><G123/><T118/><D118/><U33/><E120/><V18/><F75/><W9/><G133/><T94/><D106/><U116/><E39/><V74/><F74/><W126/><G126/><T127/><D127/><U5/><E5/><V35/><F35/><W108/><G29/><T10/><D114/><U8/><E8/><V105/><F105/><W15/><G108/><T131/><D131/><U125/><E70/><V42/><F134/><W25/><G25/><T83/><D83/><U16/><E33/><V107/><F107/><W40/><G36/><T90/><D65/><U115/><E115/><V91/><F124/><W129/><G129/><T19/><D10/><U69/><E69/><V122/><F122/><W89/><G73/><T119/><D4/><U46/><E125/><V71/><F6/><N who="3" m="3511" /><G38/><T104/><D104/><U45/><E45/><V100/><F110/><W85/><G85/><N who="0" m="52559" /><D119/><U135/><E135/><V31/><F71/><W72/><G72/><T80/><D80/><U99/><E117/><V68/><F68/><W34/><G34/><T77/><D77/><U59/><E116/><V17/><F113/><W2/><G2/><T109/><D109/><U78/><E78/><V28/><F112/><W53/><AGARI ba="1,0" hai="40,41,49,53,56,76,81,84,86,89,92" m="3511" machi="53" ten="30,6000,0" yaku="8,1,52,2" doraHai="82" who="3" fromWho="3" sc="211,-21,201,-21,181,-21,407,63" /><INIT seed="3,2,0,2,3,2" ten="190,180,160,470" oya="3" hai0="5,36,84,32,72,34,95,133,30,13,40,20,128" hai1="89,58,39,23,56,19,48,80,41,63,101,132,75" hai2="102,98,111,76,81,70,31,27,66,3,115,117,47" hai3="10,9,11,77,45,38,78,37,17,18,103,8,4"/><W109/><G103/><T25/><D72/><U71/><E132/><V52/><F117/><W130/><G130/><T121/><D121/><U88/><E39/><V42/><F3/><W69/><G69/><T118/><D118/><U116/><E116/><V122/><F115/><W44/><G109/><T55/><D133/><U85/><E75/><V113/><F113/><W46/><G8/><T49/><D128/><U28/><E28/><V126/><F126/><W16/><G4/><T123/><D123/><U62/><E101/><V79/><F81/><W83/><G83/><T22/><D40/><U93/><E71/><V50/><F42/><W127/><G127/><T59/><D36/><AGARI ba="2,0" hai="9,10,11,16,17,18,36,37,38,44,45,46,77,78" machi="36" ten="50,12000,1" yaku="29,2,28,2,54,1" doraHai="2" who="3" fromWho="0" sc="190,-126,180,0,160,0,470,126" /><INIT seed="3,3,0,2,5,41" ten="64,180,160,596" oya="3" hai0="89,63,73,122,56,55,40,60,86,31,99,76,42" hai1="24,53,3,14,52,58,29,30,123,128,71,100,132" hai2="97,114,59,19,28,83,62,81,2,9,85,119,6" hai3="32,70,130,98,110,27,33,82,17,66,51,65,116"/><W18/><G116/><T104/><D122/><U0/><E71/><V79/><F114/><W117/><G117/><T90/><D31/><U10/><E123/><V72/><F28/><W25/><G51/><T22/><D73/><U92/><E128/><V8/><F97/><W87/><G98/><T64/><D76/><U84/><E100/><V102/><F102/><W54/><G54/><T131/><D131/><U49/><E132/><V15/><F119/><W109/><G130/><T74/><D74/><U38/><E38/><V101/><F101/><W46/><G82/><T133/><D133/><U103/><E29/><V26/><F26/><W5/><G87/><T11/><D104/><U121/><E121/><V80/><F72/><W75/><G5/><T35/><D35/><U126/><E126/><V34/><F34/><W39/><G75/><T93/><D22/><U107/><E107/><V118/><F118/><W48/><G48/><T67/><D11/><U36/><E36/><V94/><F94/><W113/><G39/><T16/><D16/><U7/><E53/><AGARI ba="3,0" hai="2,6,8,9,15,19,53,59,62,79,80,81,83,85" machi="53" ten="30,1000,0" yaku="7,1" doraHai="41" who="2" fromWho="1" sc="64,0,180,-19,160,19,596,0" /><INIT seed="4,0,0,3,5,35" ten="64,161,179,596" oya="0" hai0="5,78,86,28,112,108,92,107,63,15,46,98,9" hai1="53,109,93,49,117,21,126,56,65,47,39,11,45" hai2="127,80,81,61,31,83,73,87,33,103,55,19,131" hai3="74,115,7,13,59,8,70,133,66,97,34,40,119"/><T82/><D107/><U91/><E109/><V18/><F73/><W72/><G119/><T54/><D112/><U36/><E117/><V48/><F33/><W101/><G70/><T71/><D108/><U69/><E126/><V116/><F116/><W124/><G40/><T57/><D71/><U85/><E11/><V102/><F31/><W17/><G34/><T42/><D28/><U52/><E21/><V62/><F87/><W43/><G43/><T38/><D38/><N who="1" m="14379" /><E93/><V30/><F30/><W67/><G115/><T20/><D20/><U4/><E91/><V58/><F131/><W37/><G133/><T76/><D76/><U41/><E85/><V3/><F3/><W6/><G6/><T99/><REACH who="0" step="1"/><D92/><REACH who="0" ten="54,161,179,596" step="2"/><U29/><E29/><V12/><F127/><W132/><G37/><T0/><D0/><U104/><E104/><V2/><F2/><W122/><G124/><T95/><D95/><U79/><E79/><V26/><F81/><W113/><G122/><T130/><D130/><U24/><E69/><V135/><F83/><W16/><G113/><T111/><D111/><U125/><E125/><V96/><F80/><W89/><G132/><T14/><D14/><U68/><E68/><V50/><F135/><W129/><G13/><T25/><D25/><U123/><E24/><V22/><F12/><W1/><G129/><T110/><D110/><U106/><E106/><V118/><F26/><W51/><G1/><T121/><D121/><U94/><E94/><V77/><F22/><W32/><G32/><T134/><D134/><U84/><E123/><V10/><F77/><RYUUKYOKU ba="0,1" sc="54,30,161,-10,179,-10,596,-10" hai0="5,9,15,42,46,54,57,63,78,82,86,98,99" /><INIT seed="4,1,1,3,1,120" ten="84,151,169,586" oya="0" hai0="12,66,106,118,128,28,23,5,122,86,76,109,37" hai1="50,40,11,25,47,131,82,17,14,73,54,67,21" hai2="20,78,41,1,117,65,52,125,79,132,59,97,84" hai3="130,7,63,27,32,2,33,68,110,72,58,105,89"/><T100/><D122/><U57/><E131/><V129/><F1/><W9/><G58/><T75/><D118/><U74/><E67/><V114/><F65/><N who="3" m="41023" /><G89/><T56/><D37/><U87/><E87/><V135/><F97/><W22/><G22/><T116/><D75/><U31/><REACH who="1" step="1"/><E82/><REACH who="1" ten="84,141,169,586" step="2"/><V45/><F84/><W85/><G85/><T8/><D128/><U48/><AGARI ba="1,2" hai="11,14,17,21,25,31,40,47,48,50,54,57,73,74" machi="48" ten="20,5200,0" yaku="1,1,2,1,0,1,7,1,53,0" doraHai="120" doraHaiUra="133" who="1" fromWho="1" sc="84,-27,141,75,169,-14,586,-14" /><INIT seed="5,0,0,5,5,66" ten="57,216,155,572" oya="1" hai0="47,85,32,24,68,129,119,128,101,117,23,99,18" hai1="5,89,130,108,7,26,4,13,14,77,116,28,39" hai2="109,120,133,60,76,15,6,61,46,94,97,124,81" hai3="22,48,102,25,113,110,134,57,100,83,1,2,90"/><U9/><E89/><V11/><F120/><W93/><G110/><T118/><D32/><U127/><E77/><V112/><F124/><W52/><G134/><T64/><D47/><U51/><E51/><V75/><F133/><W106/><G106/><T95/><D85/><U44/><E44/><V38/><F112/><W21/><G21/><T122/><D122/><U54/><E54/><V30/><F30/><W70/><G70/><T62/><D128/><U132/><E39/><V73/><F73/><W65/><G65/><T45/><D45/><U63/><E63/><V78/><F78/><W50/><G50/><T55/><D55/><U17/><E132/><V115/><F115/><W88/><G113/><T80/><D129/><U135/><E135/><V0/><F15/><W86/><G1/><T71/><REACH who="0" step="1"/><D80/><REACH who="0" ten="47,216,155,572" step="2"/><U37/><E130/><V123/><F123/><W40/><G40/><T74/><D74/><U92/><E116/><V59/><F46/><W29/><G2/><T42/><D42/><U19/><E37/><V111/><F38/><W67/><G67/><T53/><D53/><U84/><E84/><AGARI ba="0,1" hai="22,25,29,48,52,57,83,84,86,88,90,93,100,102" machi="84" ten="30,7700,0" yaku="7,1,8,1,54,2" doraHai="66" who="3" fromWho="1" sc="47,0,216,-77,155,0,572,87" /><INIT seed="6,0,0,0,2,0" ten="47,139,155,659" oya="2" hai0="116,52,72,54,3,134,107,111,73,47,105,11,98" hai1="6,94,14,96,56,65,40,9,132,15,92,42,93" hai2="68,39,16,106,109,18,23,1,130,79,48,45,104" hai3="12,74,86,77,41,122,7,25,13,133,125,26,113"/><V99/><F39/><W21/><G74/><T32/><D111/><U76/><E132/><V63/><F1/><W89/><G77/><T100/><D32/><U50/><E76/><V115/><F18/><W102/><G41/><T117/><D134/><U33/><E33/><V57/><F68/><W22/><G102/><T128/><D128/><U67/><E96/><V114/><F79/><W135/><G89/><T81/><D107/><U19/><E42/><N who="2" m="24631" /><F99/><W110/><G86/><T119/><D81/><U88/><E88/><V83/><F83/><W36/><G36/><T108/><D108/><U44/><REACH who="1" step="1"/><E56/><REACH who="1" ten="47,129,155,659" step="2"/><V126/><F130/><W90/><G90/><T118/><N who="0" m="29696" /><DORA hai="75" /><T43/><D73/><U10/><AGARI ba="0,1" hai="6,9,10,14,15,19,40,44,50,65,67,92,93,94" machi="10" ten="30,7900,0" yaku="1,1,0,1,8,1,52,1,53,0" doraHai="0,75" doraHaiUra="34,31" who="1" fromWho="1" sc="47,-20,129,89,155,-39,659,-20" /><INIT seed="7,0,0,3,1,17" ten="27,218,116,639" oya="3" hai0="31,112,9,41,129,8,107,24,125,10,73,86,20" hai1="69,30,48,39,6,22,80,98,89,36,84,70,115" hai2="66,76,113,35,2,56,104,75,67,111,15,121,3" hai3="118,82,65,50,11,94,55,27,110,34,133,92,14"/><W61/><G92/><T77/><D73/><U132/><E39/><V99/><F35/><W106/><G94/><T13/><D107/><U123/><E36/><V12/><F111/><W114/><G27/><T49/><D129/><U53/><E123/><V19/><F19/><W81/><G55/><T100/><D125/><U102/><E115/><V63/><F99/><W26/><G26/><T16/><D100/><U83/><E132/><V134/><F56/><W95/><G81/><T128/><D128/><U131/><E131/><V93/><F93/><W127/><G50/><T7/><D112/><U130/><E130/><V119/><F63/><W33/><G65/><T78/><D31/><U90/><E6/><V97/><F104/><W122/><G61/><T96/><D96/><U60/><E60/><V120/><F97/><W135/><G82/><N who="0" m="47439" /><D78/><U5/><E69/><V126/><F113/><W54/><G95/><T59/><D59/><U72/><E70/><V28/><F126/><W37/><G106/><T79/><D79/><U43/><E72/><V1/><F28/><W124/><G14/><N who="2" m="5161" /><F76/><W46/><G54/><T117/><D117/><U51/><E98/><V88/><F119/><W40/><G11/><T91/><D91/><U18/><E102/><V42/><F88/><W64/><G64/><N who="2" m="24617" /><F75/><W23/><G23/><T68/><D68/><U29/><E90/><V52/><F121/><W85/><G85/><T108/><D108/><U71/><E89/><V44/><F120/><W105/><G105/><T103/><D103/><U116/><E30/><V4/><F1/><W47/><G124/><RYUUKYOKU ba="0,0" sc="27,30,218,-10,116,-10,639,-10" hai0="7,8,9,10,13,16,20,24,41,49" owari="57,-44.0,208,1.0,106,-29.0,629,72.0" /></mjloggm>