<mjloggm ver="2.3"><GO type="169" lobby="0"/><UN n0="%E3%83%88%E3%83%88%E3%83%AA%E5%85%88%E7%94%9F%31%39%E6%AD%B3" n1="%68%65%74" n2="%E3%80%93%E4%B9%9D%E6%9D%A1%E3%82%AB%E3%83%AC%E3%83%B3%E3%80%93" n3="%E3%81%9C%E3%82%8D%E3%82%81%E3%81%90" dan="18,16,17,16" rate="2290.74,2098.58,2167.46,2087.34" sx="F,M,F,F"/><TAIKYOKU oya="0"/><INIT seed="0,0,0,5,2,60" ten="250,250,250,250" oya="0" hai0="26,16,129,85,20,123,107,87,116,63,46,127,48" hai1="88,66,108,23,117,97,93,69,118,19,27,74,9" hai2="11,102,21,130,18,135,77,34,41,10,114,90,133" hai3="40,103,113,56,51,43,12,3,134,75,7,82,17"/><T111/><D116/><U53/><E74/><V81/><F114/><W64/><G113/><T62/><D123/><U28/><E108/><V22/><F34/><W65/><G134/><N who="2" m="51209" /><F130/><W52/><G103/><T47/><D107/><U125/><E125/><V109/><F109/><W67/><G3/><T37/><D111/><U96/><E96/><V4/><F102/><W0/><G7/><T15/><D129/><U42/><E42/><V25/><F90/><W84/><G75/><T94/><D127/><U76/><E76/><V32/><F32/><W80/><G0/><T105/><D105/><U33/><E9/><V79/><F41/><N who="3" m="15947" /><G84/><N who="0" m="32331" /><D37/><U131/><E131/><V55/><F4/><W112/><G112/><T106/><D106/><U99/><E99/><V14/><F55/><W31/><G31/><N who="0" m="17863" /><D94/><U73/><E73/><N who="2" m="43183" /><F79/><W124/><G124/><T8/><D47/><U104/><E104/><V128/><F128/><W89/><G89/><T2/><D2/><U6/><E6/><V24/><F24/><W72/><G72/><T30/><D30/><AGARI ba="0,0" hai="10,11,14,18,21,22,25,30" m="43183,51209" machi="30" ten="30,1000,0" yaku="20,1" doraHai="60" who="2" fromWho="0" sc="250,-10,250,0,250,10,250,0" /><INIT seed="1,0,0,4,0,101" ten="240,250,260,250" oya="1" hai0="85,31,92,4,53,81,70,134,106,105,124,13,21" hai1="47,57,100,113,122,84,108,16,59,87,15,40,25" hai2="61,103,127,41,64,90,60,3,97,19,12,72,33" hai3="27,94,71,126,62,129,32,46,115,30,120,24,17"/><U69/><E69/><V93/><F3/><W66/><G120/><T112/><D112/><U14/><E122/><V88/><F127/><W132/><G115/><T110/><D70/><U118/><E118/><V75/><F33/><W67/><G126/><T114/><D114/><U131/><E113/><V51/><F75/><W128/><G132/><T39/><D39/><U48/><E131/><V43/><F72/><W10/><G67/><T2/><D124/><U77/><E108/><V45/><F43/><W11/><G46/><T9/><D134/><U82/><E100/><V56/><REACH who="2" step="1"/><F61/><REACH who="2" ten="240,250,250,250" step="2"/><W8/><G129/><T26/><D110/><U78/><E25/><V52/><F52/><W133/><G128/><T42/><D42/><U54/><E40/><V109/><F109/><W37/><G133/><T23/><D53/><U55/><E55/><V38/><F38/><W86/><G37/><T58/><D2/><U98/><E14/><V96/><F96/><W65/><G27/><T0/><D0/><U123/><E98/><V102/><F102/><W89/><G66/><T49/><D26/><U117/><E123/><V104/><F104/><W20/><G32/><T22/><D106/><U116/><E117/><V63/><F63/><W50/><G50/><T29/><D105/><U91/><E116/><V79/><F79/><N who="1" m="30217" /><E87/><V68/><F68/><W121/><G121/><T135/><D135/><U6/><E6/><V1/><F1/><W73/><G73/><T125/><D125/><U80/><E80/><V76/><F76/><W18/><AGARI ba="0,1" hai="8,10,11,17,18,20,24,30,62,65,71,86,89,94" machi="18" ten="30,1100,0" yaku="0,1" doraHai="101" who="3" fromWho="3" sc="240,-3,250,-5,250,-3,250,21" /><INIT seed="2,0,0,4,1,55" ten="237,245,247,271" oya="2" hai0="24,29,127,77,93,85,32,134,34,133,0,81,125" hai1="71,126,103,18,45,44,2,74,48,13,22,28,57" hai2="122,99,5,53,129,37,105,100,82,120,41,64,40" hai3="56,111,102,38,106,16,31,43,67,117,23,83,79"/><V72/><F129/><W104/><G117/><T60/><D0/><U63/><E71/><V96/><F53/><W107/><G102/><T95/><D34/><U33/><E74/><V3/><F99/><W12/><G111/><T49/><D49/><U75/><E75/><V90/><F64/><W84/><G31/><T76/><D76/><U112/><E112/><V50/><F50/><W101/><G101/><T119/><D119/><U70/><E70/><V1/><F90/><W92/><G92/><N who="0" m="35403" /><D60/><U116/><E116/><V59/><F59/><W89/><G79/><T62/><D62/><U130/><E130/><V65/><F65/><W51/><G38/><T88/><D77/><U52/><E103/><V61/><F61/><W9/><G67/><T47/><D47/><U46/><E2/><N who="2" m="523" /><F5/><W15/><G43/><N who="2" m="16457" /><F37/><W114/><G114/><T21/><D32/><U98/><E98/><V30/><F30/><W109/><G51/><T87/><D87/><U124/><REACH who="1" step="1"/><E63/><REACH who="1" ten="237,235,247,271" step="2"/><V66/><F66/><W78/><G84/><T69/><D69/><U73/><E73/><V128/><F128/><W135/><G104/><T80/><D80/><U108/><E108/><V91/><F72/><N who="3" m="43463" /><G109/><T54/><D81/><U131/><E131/><V110/><F110/><W39/><G107/><T11/><D85/><U8/><E8/><V94/><F82/><W27/><G106/><T123/><D11/><U118/><E118/><V17/><F105/><W26/><G9/><T25/><D88/><U20/><E20/><V42/><N who="2" m="16465" /><V6/><DORA hai="132" /><F91/><W10/><G89/><T97/><D97/><RYUUKYOKU ba="0,1" sc="237,-10,235,30,247,-10,271,-10" hai1="13,18,22,28,33,44,45,46,48,52,57,124,126" /><INIT seed="3,1,1,2,4,42" ten="227,265,237,261" oya="3" hai0="66,92,99,15,82,10,126,30,119,32,100,21,75" hai1="61,19,123,36,9,33,101,70,63,96,55,28,76" hai2="112,3,113,69,95,93,114,77,72,132,4,16,6" hai3="121,71,5,22,37,44,57,26,59,52,0,12,98"/><W41/><G121/><T38/><D119/><U80/><E123/><V104/><F104/><W31/><G71/><T97/><D32/><U128/><E36/><V25/><F69/><W35/><G98/><T102/><D126/><U125/><E125/><V13/><F72/><W108/><G108/><T107/><D38/><U48/><E128/><V62/><F77/><W111/><G111/><T17/><D66/><U53/><E19/><V79/><F79/><W67/><G67/><T94/><D75/><U90/><E90/><V81/><F81/><W84/><G84/><T131/><D131/><U39/><E39/><V116/><F116/><W106/><G106/><T130/><D130/><U51/><E9/><N who="2" m="2207" /><F62/><W135/><G135/><T127/><D127/><U54/><E70/><V20/><F95/><W40/><G40/><T109/><D109/><U2/><E63/><V1/><F93/><W50/><G0/><T85/><D107/><U46/><E2/><V45/><F1/><W89/><G89/><T43/><D43/><U23/><E61/><V91/><F91/><W83/><G83/><T118/><D118/><U47/><E55/><V65/><F65/><W88/><G88/><N who="0" m="51255" /><D30/><U74/><E28/><N who="2" m="17447" /><F132/><W103/><G37/><T8/><AGARI ba="1,1" hai="8,10,15,17,21,92,94,97,99,100,102" m="51255" machi="8" ten="30,2000,0" yaku="8,1,54,1" doraHai="42" who="0" fromWho="0" sc="227,33,265,-6,237,-6,261,-11" /><INIT seed="4,0,0,5,0,132" ten="260,259,231,250" oya="0" hai0="44,83,19,117,109,51,86,98,70,76,67,93,71" hai1="113,25,87,40,78,7,88,110,74,41,20,79,21" hai2="35,68,133,101,72,126,30,14,64,128,102,129,37" hai3="92,39,115,13,12,85,43,48,60,56,5,80,0"/><T26/><D117/><U36/><E110/><V3/><F3/><W97/><G39/><T75/><D109/><U27/><E113/><V59/><F133/><W103/><G115/><T17/><D75/><U134/><E134/><V1/><F1/><W58/><G0/><T46/><D46/><U104/><E104/><V77/><F68/><W10/><G13/><T123/><D123/><U49/><E36/><V94/><F37/><W121/><G121/><T73/><D73/><U23/><E7/><V69/><F69/><W81/><G60/><T42/><D67/><U47/><E41/><V131/><F126/><W124/><G124/><T55/><D42/><U108/><E108/><V114/><F114/><W52/><G43/><T32/><D19/><U50/><E50/><V34/><F14/><W119/><G119/><T33/><D33/><N who="2" m="12298" /><F30/><W135/><G135/><T53/><D53/><U18/><E74/><V127/><F127/><W111/><G111/><T91/><REACH who="0" step="1"/><D17/><REACH who="0" ten="250,259,231,250" step="2"/><U122/><E122/><V62/><F72/><W8/><G52/><T106/><D106/><U16/><REACH who="1" step="1"/><E23/><REACH who="1" ten="250,249,231,250" step="2"/><V22/><F22/><W38/><G5/><T125/><D125/><U15/><E15/><V11/><F131/><W82/><G12/><T45/><D45/><U130/><E130/><V31/><F129/><W118/><G118/><T6/><D6/><U120/><E120/><V105/><F128/><W65/><G8/><T24/><D24/><U63/><E63/><V107/><F11/><W99/><G10/><T61/><D61/><U4/><E4/><V100/><F107/><W95/><G38/><RYUUKYOKU ba="0,2" sc="250,15,249,15,231,-15,250,-15" hai0="26,32,44,51,55,70,71,76,83,86,91,93,98" hai1="16,18,20,21,25,27,40,47,49,78,79,87,88" /><INIT seed="4,1,2,5,0,58" ten="265,264,216,235" oya="0" hai0="29,0,75,34,90,25,77,2,23,106,17,64,135" hai1="30,118,69,10,124,31,111,84,74,7,79,134,71" hai2="27,41,53,123,66,60,43,54,16,15,86,37,97" hai3="35,87,81,13,14,127,112,114,51,19,68,40,63"/><T21/><D106/><U91/><E118/><V126/><F123/><W44/><G35/><T6/><D135/><U36/><E36/><V57/><F126/><W28/><G127/><T46/><D75/><U98/><E111/><V102/><F27/><W72/><G72/><T122/><D122/><U132/><E124/><V18/><F86/><W39/><G28/><N who="1" m="10794" /><E98/><V42/><F37/><W125/><G125/><T113/><D77/><U78/><E74/><V22/><REACH who="2" step="1"/><F18/><REACH who="2" ten="265,264,206,235" step="2"/><W107/><G39/><T62/><D17/><U120/><E120/><V59/><F59/><W45/><G19/><T104/><D25/><U20/><E134/><V110/><F110/><W88/><G44/><T130/><D46/><U133/><E132/><V47/><F47/><W1/><G68/><T85/><D29/><U5/><E71/><V80/><F80/><W128/><G81/><T101/><D85/><U56/><E69/><V119/><F119/><W108/><G87/><T4/><D34/><U117/><E117/><V96/><F96/><W26/><G108/><T103/><D0/><U3/><E133/><V82/><F82/><W94/><G26/><T33/><D2/><U9/><E56/><V121/><F121/><W109/><G1/><T61/><D33/><U12/><E79/><V55/><F55/><W48/><G109/><T32/><D32/><U95/><E78/><V76/><F76/><W67/><G45/><T129/><D129/><U92/><E84/><V116/><F116/><W38/><G128/><T11/><D130/><U70/><E70/><V65/><F65/><W24/><G67/><RYUUKYOKU ba="1,3" sc="265,-10,264,-10,206,30,235,-10" hai2="15,16,22,41,42,43,53,54,57,60,66,97,102" /><INIT seed="5,2,3,5,0,52" ten="255,254,236,225" oya="1" hai0="21,18,114,34,43,53,33,111,98,29,8,4,76" hai1="69,56,73,45,115,3,120,46,91,90,9,11,103" hai2="58,61,74,117,96,10,22,50,126,81,24,15,132" hai3="104,121,7,13,25,129,57,79,12,71,41,36,20"/><U35/><E69/><V0/><F117/><W64/><G121/><T2/><D111/><U26/><E120/><V118/><F118/><W124/><G71/><T78/><D114/><U83/><E103/><V107/><F0/><W66/><G104/><T109/><D109/><U99/><E99/><V122/><F122/><W92/><G124/><T130/><D130/><U101/><E101/><V40/><F107/><W54/><G129/><T72/><D43/><U135/><E115/><V102/><F132/><W100/><G79/><T19/><D98/><U16/><E135/><V84/><F126/><W75/><G75/><T63/><D19/><U60/><E3/><V105/><F74/><W97/><G41/><T14/><D72/><U47/><E35/><V6/><F40/><W131/><G36/><T87/><D87/><N who="1" m="50559" /><E91/><V80/><F50/><N who="3" m="30935" /><G131/><T94/><D34/><U93/><E93/><N who="2" m="58639" /><F84/><W65/><G7/><T49/><D4/><U30/><E30/><AGARI ba="2,3" hai="12,13,20,25,30,64,65,66,92,97,100" m="30935" machi="30" ten="30,2000,0" yaku="8,1,52,1" doraHai="52" who="3" fromWho="1" sc="255,0,254,-26,236,0,225,56" /><INIT seed="6,0,0,4,2,113" ten="255,228,236,281" oya="2" hai0="59,13,64,81,86,56,75,38,40,37,4,80,107" hai1="58,87,55,126,111,101,28,2,51,116,82,83,33" hai2="20,115,123,129,63,109,21,10,35,103,54,45,84" hai3="57,130,50,73,96,114,100,97,42,95,105,125,70"/><V19/><F115/><W67/><G114/><T32/><D32/><U24/><E111/><V72/><F72/><W29/><G73/><T12/><D107/><U134/><E2/><V106/><F35/><W61/><G125/><T14/><D75/><U128/><E126/><V102/><F123/><W108/><G130/><T47/><D38/><U7/><E7/><V110/><F129/><W5/><G108/><N who="2" m="41577" /><F84/><W17/><G29/><T65/><D4/><U26/><E128/><V71/><F10/><W127/><G127/><T30/><D30/><U132/><E116/><V92/><F106/><W39/><G5/><T48/><D37/><U93/><E24/><N who="2" m="14367" /><F21/><W8/><G39/><T99/><D99/><N who="1" m="59631" /><E87/><V41/><F92/><W46/><G8/><T27/><D27/><U6/><E6/><V78/><F78/><W49/><G17/><T79/><D81/><U122/><E122/><V74/><F74/><W91/><G70/><T89/><D79/><U66/><E66/><AGARI ba="0,0" hai="12,13,14,40,47,48,56,59,64,65,66,80,86,89" machi="66" ten="40,1300,0" yaku="8,1" doraHai="113" who="0" fromWho="1" sc="255,13,228,-13,236,0,281,0" /><INIT seed="7,0,0,2,0,9" ten="268,215,236,281" oya="3" hai0="16,51,112,24,61,50,95,134,10,53,7,58,63" hai1="57,89,35,128,82,96,114,15,90,47,92,25,87" hai2="111,109,19,67,66,81,97,11,85,32,125,110,83" hai3="20,6,62,118,22,93,30,54,99,4,72,38,2"/><W46/><G72/><T55/><D134/><U70/><E70/><V41/><F32/><W0/><G118/><T86/><D112/><U8/><E114/><V68/><F125/><W91/><G0/><T106/><D106/><U40/><E128/><V3/><F68/><W78/><G78/><T130/><D130/><U115/><E115/><V73/><F73/><W88/><G2/><T27/><D7/><U37/><E57/><V77/><F83/><W75/><G75/><T69/><D69/><U103/><E25/><N who="0" m="9801" /><D95/><U12/><E35/><V59/><F41/><W17/><G30/><T42/><D86/><U117/><E117/><V132/><F132/><W116/><G116/><T101/><D101/><U108/><E108/><V98/><F59/><N who="3" m="35191" /><G22/><T5/><D5/><U135/><E135/><V36/><F36/><W133/><G133/><T76/><D42/><U43/><E43/><V79/><F79/><W126/><G126/><T121/><D76/><U122/><E122/><V31/><F31/><W129/><G129/><T100/><D100/><U28/><E28/><V113/><F113/><W124/><G124/><T131/><D121/><U56/><E8/><V49/><F3/><W64/><G91/><T18/><D10/><U45/><E45/><V119/><F119/><W105/><G105/><T48/><D131/><U120/><E120/><V127/><F127/><W104/><G104/><T29/><D29/><U71/><E71/><V80/><F80/><W102/><G102/><T44/><D44/><U33/><E103/><V52/><F11/><W14/><G64/><N who="2" m="24617" /><F19/><W74/><G74/><RYUUKYOKU ba="0,0" sc="268,10,215,-30,236,10,281,10" hai0="16,18,48,50,51,53,55,58,61,63" hai2="49,52,77,81,85,97,98,109,110,111" hai3="4,6,14,17,20,38,46,88,93,99" /><INIT seed="7,1,0,1,3,86" ten="278,185,246,291" oya="3" hai0="90,115,101,83,73,134,92,72,114,61,105,18,121" hai1="104,62,125,96,2,65,112,126,48,31,56,15,94" hai2="68,60,74,100,135,108,118,119,27,128,111,34,46" hai3="120,5,37,75,99,63,11,129,13,49,36,110,82"/><W113/><G120/><T106/><D121/><U116/><E2/><V8/><F135/><W76/><G113/><N who="0" m="43019" /><D134/><U19/><E116/><N who="2" m="44587" /><F128/><W66/><G129/><T17/><D61/><U57/><E112/><V117/><F117/><W45/><G99/><N who="0" m="61631" /><D106/><U58/><E104/><V10/><F100/><W14/><G14/><T16/><D83/><U51/><E31/><N who="2" m="19839" /><F46/><W3/><G3/><T64/><D64/><U54/><E57/><V12/><F74/><W78/><G78/><T30/><D30/><U41/><E41/><V50/><F50/><W93/><G93/><T77/><D77/><U20/><REACH who="1" step="1"/><E48/><REACH who="1" ten="278,175,246,291" step="2"/><V47/><F47/><W26/><G49/><T40/><D40/><U85/><E85/><AGARI ba="1,1" hai="16,17,18,72,73,85,90,92" m="61631,43019" machi="85" ten="30,7700,0" yaku="15,1,11,1,52,1,54,1" doraHai="86" who="0" fromWho="1" sc="278,90,175,-80,246,0,291,0" owari="368,46.0,95,-40.0,246,-15.0,291,9.0" /></mjloggm>