<mjloggm ver="2.3"><GO type="169" lobby="0"/><UN n0="%E6%A1%9C%E4%BA%95%E3%81%95%E3%82%93" n1="%E3%83%96%E3%83%AB%E3%83%96%E3%83%AB%E3%83%8F%E3%83%BC%E3%83%84" n2="%44%72%61%77%64%6F%77%6E" n3="%E3%83%88%E3%83%88%E3%83%AA%E5%85%88%E7%94%9F%31%39%E6%AD%B3" dan="17,17,16,19" rate="2162.92,2183.71,2136.62,2298.31" sx="M,M,M,F"/><TAIKYOKU oya="0"/><INIT seed="0,0,0,4,4,74" ten="250,250,250,250" oya="0" hai0="6,120,1,38,71,129,31,69,43,8,83,77,125" hai1="16,39,105,84,40,41,55,130,108,23,122,86,104" hai2="58,133,47,101,52,66,126,87,75,57,88,25,113" hai3="5,21,102,93,103,118,89,11,36,73,91,128,46"/><T114/><D114/><U107/><E122/><V94/><F113/><W68/><G118/><T70/><D120/><U42/><E39/><V60/><F75/><W72/><G68/><T2/><D129/><U53/><E130/><V7/><F133/><W19/><G128/><T28/><D125/><U92/><E108/><V116/><F126/><W62/><G89/><T59/><D59/><U96/><E96/><N who="2" m="59543" /><F7/><W131/><G72/><N who="0" m="43431" /><D1/><U127/><E127/><V78/><F116/><W30/><G73/><T56/><D56/><U111/><E111/><V54/><F25/><W9/><G30/><T115/><D115/><U100/><E100/><V135/><F135/><W90/><G62/><T124/><D124/><U64/><E64/><N who="2" m="38927" /><F47/><AGARI ba="0,0" hai="2,6,8,28,31,38,43,47,69,70,71" m="43431" machi="47" ten="30,2900,0" yaku="25,1,52,1" doraHai="74" who="0" fromWho="2" sc="250,29,250,0,250,-29,250,0" /><INIT seed="0,1,0,3,2,90" ten="279,250,221,250" oya="0" hai0="100,106,93,11,133,114,29,61,120,66,43,128,99" hai1="8,111,68,24,14,122,96,41,18,97,127,108,130" hai2="60,103,126,36,71,80,7,38,52,87,117,50,46" hai3="107,6,2,73,118,26,92,109,101,98,33,77,12"/><T76/><D114/><U1/><E68/><V28/><F126/><W95/><G118/><T25/><D128/><U75/><E75/><V123/><F123/><W20/><G2/><T112/><D112/><U17/><E41/><V104/><F117/><W67/><G109/><N who="1" m="42058" /><E97/><V0/><F28/><W89/><G33/><T39/><D133/><U22/><E96/><V119/><F103/><W5/><G67/><T32/><D120/><U134/><E122/><V88/><F104/><W131/><G131/><T69/><D76/><U21/><E127/><V51/><F119/><W53/><G107/><T78/><D78/><U34/><E130/><V30/><F30/><N who="3" m="17735" /><G73/><T72/><D72/><U85/><E85/><V13/><F0/><W4/><G53/><T83/><D83/><U124/><E124/><V47/><F7/><W42/><G42/><T3/><D93/><U19/><E134/><V9/><F71/><W15/><G77/><T65/><D65/><U129/><E129/><V74/><F74/><W58/><G58/><T59/><D59/><U48/><E48/><V45/><F60/><W70/><G70/><T31/><D31/><N who="1" m="19815" /><E1/><V16/><REACH who="2" step="1"/><F47/><REACH who="2" ten="279,250,211,250" step="2"/><W37/><G101/><T110/><D110/><U94/><E22/><V23/><F23/><W57/><G57/><T56/><D56/><U55/><E21/><V79/><F79/><W40/><G89/><T102/><D102/><U82/><E8/><V64/><F64/><W27/><G27/><T10/><D3/><U63/><E63/><V81/><F81/><W135/><G135/><T105/><D105/><U84/><E82/><RYUUKYOKU ba="1,1" sc="279,15,250,-15,211,15,250,-15" hai0="10,11,25,29,32,39,43,61,66,69,99,100,106" hai2="9,13,16,36,38,45,46,50,51,52,80,87,88" /><INIT seed="0,2,1,3,2,59" ten="294,235,226,235" oya="0" hai0="9,15,58,65,57,51,55,11,64,92,102,109,27" hai1="98,96,48,14,47,106,123,130,54,53,73,19,89" hai2="83,18,41,107,105,1,79,116,70,124,69,115,39" hai3="118,7,0,71,44,87,13,68,86,23,72,100,88"/><T67/><D109/><U63/><E123/><V95/><F115/><W29/><G118/><T112/><D112/><U129/><E73/><N who="2" m="43503" /><F95/><W135/><G72/><T122/><D122/><U84/><E106/><N who="2" m="40459" /><F18/><W8/><G135/><T4/><D27/><U125/><E125/><V134/><F134/><W17/><G100/><T91/><D11/><U99/><E129/><V74/><F124/><W62/><G86/><T49/><D102/><U22/><E130/><V132/><F132/><W81/><G29/><T3/><D3/><U120/><E120/><V36/><F116/><W30/><G30/><T31/><D31/><U101/><E101/><V126/><F126/><W40/><REACH who="3" step="1"/><G62/><REACH who="3" ten="294,235,226,225" step="2"/><N who="0" m="37975" /><D51/><AGARI ba="2,2" hai="0,7,8,13,17,23,40,44,51,68,71,81,87,88" machi="51" ten="30,7700,0" yaku="1,1,7,1,54,1,53,1" doraHai="59" doraHaiUra="35" who="3" fromWho="0" sc="294,-83,235,0,226,0,225,103" /><INIT seed="1,0,0,5,0,91" ten="211,235,226,328" oya="1" hai0="128,51,94,113,71,4,17,93,32,111,68,89,83" hai1="41,30,22,64,112,47,78,95,133,67,65,110,58" hai2="3,55,124,28,57,106,18,12,59,129,130,120,8" hai3="21,127,105,7,87,31,104,25,6,40,50,126,0"/><U66/><E112/><V37/><F120/><W20/><G87/><T23/><D113/><U63/><E133/><V49/><F37/><W77/><G77/><T97/><D32/><U9/><E110/><V16/><F124/><N who="3" m="47659" /><G40/><T42/><D111/><U38/><E9/><V1/><F106/><N who="3" m="41067" /><G50/><T13/><D128/><N who="2" m="49258" /><F28/><W115/><G115/><T99/><D83/><U122/><E78/><V15/><F59/><W82/><G82/><T11/><D51/><U117/><E117/><V88/><F88/><W76/><G76/><T72/><D42/><U90/><E122/><V121/><F121/><W14/><G0/><T46/><D46/><U10/><E10/><AGARI ba="0,0" hai="1,3,8,10,12,15,16,18,49,55,57" m="49258" machi="10" ten="30,2000,0" yaku="19,1,54,1" doraHai="91" who="2" fromWho="1" sc="211,0,235,-20,226,20,328,0" /><INIT seed="2,0,0,1,0,130" ten="211,215,246,328" oya="2" hai0="11,67,24,58,12,39,102,76,31,134,6,36,101" hai1="20,69,18,61,5,52,73,135,21,51,113,28,9" hai2="23,106,86,16,59,55,117,128,26,81,72,44,80" hai3="92,79,87,98,34,104,103,4,49,8,15,119,75"/><V29/><F117/><W56/><G119/><T47/><D76/><U107/><E113/><V42/><F128/><W30/><G34/><T125/><D125/><U110/><E73/><V14/><F106/><W64/><G30/><T122/><D122/><U43/><E107/><V121/><F72/><W1/><G64/><T74/><D74/><U123/><E43/><V97/><F97/><W65/><G65/><T131/><D131/><U118/><E61/><V83/><F121/><W32/><G32/><T85/><D85/><U0/><E69/><V2/><F2/><W96/><G75/><T89/><D89/><U41/><E41/><V133/><F133/><W112/><G112/><T19/><D6/><U124/><E135/><V91/><F42/><W60/><G49/><T129/><D129/><U35/><E20/><V95/><F44/><W99/><G1/><T115/><D115/><U82/><E82/><V38/><F38/><W111/><G104/><T22/><D134/><U17/><E124/><V27/><F29/><W78/><G111/><T70/><D70/><U33/><E110/><V7/><REACH who="2" step="1"/><F7/><REACH who="2" ten="211,215,236,328" step="2"/><N who="3" m="3487" /><G103/><T105/><D105/><U77/><E118/><V54/><F54/><N who="3" m="33815" /><G4/><T63/><D36/><U48/><E123/><V93/><F93/><W10/><G92/><T94/><D94/><U25/><E52/><V132/><F132/><W50/><G96/><T45/><D39/><U66/><E5/><V68/><F68/><W62/><G99/><T71/><D71/><U114/><E28/><V57/><F57/><W37/><G98/><T84/><D84/><U100/><E100/><AGARI ba="0,1" hai="11,12,19,22,24,31,45,47,58,63,67,100,101,102" machi="100" ten="40,2600,0" yaku="6,1,8,1" doraHai="130" who="0" fromWho="1" sc="211,36,215,-26,236,0,328,0" /><INIT seed="3,0,0,4,4,7" ten="247,189,236,328" oya="3" hai0="19,110,2,96,82,103,53,79,78,116,15,51,34" hai1="87,31,25,20,77,38,44,28,97,9,67,95,65" hai2="71,120,121,101,98,88,33,32,5,49,86,76,8" hai3="47,50,21,117,16,93,91,17,36,74,115,69,45"/><W60/><G115/><T11/><D110/><U132/><E132/><V127/><F71/><W55/><G117/><T0/><D34/><U84/><E31/><V72/><F49/><W125/><G74/><T122/><D122/><N who="2" m="47210" /><F76/><W89/><G125/><T113/><D116/><U73/><E73/><V4/><F4/><W23/><G69/><T134/><D134/><U26/><E26/><V29/><F29/><W57/><G36/><T81/><D113/><U105/><E105/><N who="2" m="63671" /><F72/><W90/><G93/><T114/><D114/><U27/><E27/><V6/><F6/><W112/><G112/><T62/><D62/><U13/><E38/><V3/><F127/><W10/><G47/><T39/><D39/><U94/><E44/><V106/><F106/><W70/><G70/><T1/><D79/><U124/><E94/><AGARI ba="0,0" hai="3,5,8,32,33,86,88,94" m="63671,47210" machi="94" ten="30,3900,0" yaku="13,1,52,1,54,1" doraHai="7" who="2" fromWho="1" sc="247,0,189,-39,236,39,328,0" /><INIT seed="4,0,0,4,4,65" ten="247,150,275,328" oya="0" hai0="93,118,45,120,73,40,15,90,115,12,103,19,111" hai1="55,133,76,72,101,44,2,125,95,42,49,94,124" hai2="96,92,117,84,108,59,54,62,7,8,51,70,3" hai3="1,50,56,9,16,60,61,63,106,110,135,66,24"/><T102/><D118/><U100/><E2/><V113/><F113/><W43/><G110/><T127/><D120/><U132/><E76/><V97/><F117/><W69/><G106/><T22/><D73/><U57/><E72/><V104/><F108/><W121/><G121/><T128/><D111/><U36/><E94/><V107/><F84/><W98/><G135/><N who="1" m="51786" /><E95/><V21/><F21/><W134/><G134/><T109/><D109/><U28/><E28/><V46/><F97/><W37/><G98/><T79/><D79/><U35/><E35/><V58/><F58/><W29/><G37/><T0/><D0/><U74/><E74/><V6/><F6/><W41/><G61/><T17/><D115/><U48/><E100/><V87/><F87/><W4/><G50/><T34/><D34/><U122/><E101/><V38/><F38/><W13/><G1/><T83/><D83/><U116/><E122/><V119/><F119/><W32/><REACH who="3" step="1"/><G4/><REACH who="3" ten="247,150,275,318" step="2"/><T114/><D114/><U68/><E116/><V131/><F107/><W25/><G25/><T86/><D15/><U31/><E31/><V20/><F104/><W91/><G91/><T5/><D12/><U33/><E33/><V52/><F131/><W64/><AGARI ba="0,1" hai="9,13,16,24,29,32,41,43,56,60,63,64,66,69" machi="64" ten="20,12000,2" yaku="1,1,0,1,7,1,52,1,54,1,53,1" doraHai="65" doraHaiUra="67" who="3" fromWho="3" sc="247,-60,150,-30,275,-30,318,130" /><INIT seed="5,0,0,1,0,110" ten="187,120,245,448" oya="1" hai0="56,16,72,65,11,106,20,94,96,82,43,87,28" hai1="64,97,44,73,103,100,22,49,63,78,101,119,113" hai2="50,10,58,23,40,59,15,102,92,52,93,80,41" hai3="131,86,19,8,38,42,83,84,99,117,7,116,13"/><U51/><E119/><N who="3" m="45642" /><G131/><T129/><D72/><U46/><E78/><V2/><F2/><W69/><G69/><T121/><D106/><U118/><E73/><V47/><F80/><W71/><G71/><T24/><D129/><U66/><E118/><V81/><F81/><W88/><G86/><T31/><D121/><U3/><E3/><V68/><F68/><W30/><G30/><T61/><D43/><U34/><E34/><V14/><F23/><W32/><G32/><T26/><D11/><U0/><E0/><V35/><F35/><W6/><G99/><T107/><D107/><U108/><E108/><V79/><F79/><W112/><G112/><T27/><D87/><U133/><E133/><V126/><F126/><W60/><G60/><T70/><D82/><U85/><E85/><V77/><F77/><W48/><G38/><T111/><D70/><U89/><E22/><V75/><F75/><W1/><G1/><T17/><D111/><U5/><E63/><V53/><F50/><N who="1" m="18953" /><E113/><V132/><F132/><W74/><G74/><T109/><D109/><U25/><E25/><N who="0" m="9833" /><D31/><U125/><E5/><V114/><F114/><W91/><G91/><AGARI ba="0,0" hai="16,17,20,27,28,56,61,65,91,94,96" m="9833" machi="91" ten="30,2000,0" yaku="8,1,54,1" doraHai="110" who="0" fromWho="3" sc="187,20,120,0,245,0,448,-20" /><INIT seed="6,0,0,2,3,52" ten="207,120,245,428" oya="2" hai0="116,78,56,99,119,58,106,18,128,64,6,66,16" hai1="122,134,44,113,90,37,97,65,131,74,110,54,83" hai2="94,5,24,35,34,8,132,95,89,14,42,10,69" hai3="67,4,114,53,108,70,102,41,133,73,39,126,19"/><V49/><F69/><W25/><G108/><T28/><D6/><U85/><E110/><V103/><F132/><W31/><G73/><T3/><D3/><U75/><E122/><V55/><F42/><W87/><G133/><T101/><D28/><U68/><E134/><V29/><F34/><W121/><G121/><T123/><D123/><U48/><E131/><V127/><F127/><W59/><G19/><N who="0" m="7211" /><D78/><U47/><E113/><V20/><F35/><W96/><G53/><T32/><D32/><U62/><E44/><V93/><F10/><W22/><G96/><T100/><D128/><U80/><E97/><V86/><REACH who="2" step="1"/><F103/><REACH who="2" ten="207,120,235,428" step="2"/><W27/><G41/><T72/><D101/><U51/><E37/><V38/><F38/><W129/><G102/><T118/><D72/><U115/><E115/><V61/><F61/><W104/><G70/><T23/><D23/><U98/><E74/><V112/><F112/><W124/><G114/><T60/><D66/><U45/><E75/><V13/><F13/><W76/><G67/><T130/><D130/><U105/><E68/><AGARI ba="0,1" hai="56,58,60,64,68,99,100,106,116,118,119" m="7211" machi="68" ten="30,7700,0" yaku="12,1,52,2,54,1" doraHai="52" who="0" fromWho="1" sc="207,87,120,-77,235,0,428,0" /><INIT seed="7,0,0,2,4,48" ten="294,43,235,428" oya="3" hai0="90,79,52,119,33,78,81,62,75,127,94,43,107" hai1="9,124,111,109,10,84,51,12,99,24,14,69,47" hai2="17,57,64,100,89,49,50,129,30,15,102,83,131" hai3="125,95,29,53,82,133,74,80,18,103,117,20,134"/><W3/><G117/><T38/><D119/><U6/><E124/><V31/><F129/><W13/><G125/><T118/><D118/><U113/><E113/><V19/><F131/><W28/><G3/><T44/><D127/><U23/><E69/><V101/><F64/><W97/><G29/><T68/><D107/><U34/><E34/><V1/><F1/><W105/><G105/><T8/><D33/><U61/><E111/><V58/><F83/><W67/><G28/><T130/><D130/><U66/><E109/><V60/><F89/><W71/><G67/><T63/><D68/><U112/><E112/><V65/><F49/><W54/><G71/><T108/><D108/><U16/><E84/><V122/><F122/><W32/><G32/><T76/><D8/><U59/><E99/><V98/><F98/><W85/><G80/><T114/><D114/><U22/><E24/><V86/><F86/><W21/><G74/><T104/><D104/><U56/><E56/><V42/><F42/><W25/><G21/><T126/><D126/><U93/><E93/><V5/><F5/><W0/><G25/><T116/><D116/><U77/><E77/><V37/><F37/><W70/><G0/><T128/><D128/><U132/><E132/><V2/><F2/><W72/><G72/><T46/><D63/><U7/><E7/><V88/><F88/><N who="3" m="51255" /><G70/><T35/><D75/><U87/><E87/><V123/><F123/><W27/><G134/><T40/><D38/><U96/><REACH who="1" step="1"/><E96/><REACH who="1" ten="294,33,235,428" step="2"/><V26/><F26/><W11/><G133/><T120/><D120/><U115/><E115/><RYUUKYOKU ba="0,1" sc="294,-15,33,15,235,-15,428,15" hai1="6,9,10,12,14,16,22,23,47,51,59,61,66" hai3="11,13,18,20,27,53,54,95,97,103" owari="279,8.0,48,-45.0,220,-18.0,453,55.0" /></mjloggm>