<mjloggm ver="2.3"><GO type="169" lobby="0"/><UN n0="%E5%B0%8F%E7%89%A7%E6%84%9B%E4%BD%B3" n1="%69%6E%66%6F%31%32%33" n2="%E5%B0%B1%E6%B4%BB%E7%94%9F%40%E5%B7%9D%E6%9D%91%E8%BB%8D%E5%9B%A3" n3="%E3%81%A4%E3%81%A3%E3%81%8D%EF%BD%9E%32%6E%64" dan="16,17,18,17" rate="2054.12,2144.33,2275.46,2199.53" sx="M,M,M,M"/><TAIKYOKU oya="0"/><INIT seed="0,0,0,0,0,61" ten="250,250,250,250" oya="0" hai0="41,1,130,18,76,102,12,3,14,8,135,98,127" hai1="91,68,13,0,87,78,19,105,131,44,57,24,95" hai2="64,97,88,7,32,117,122,107,93,94,51,48,90" hai3="28,111,33,110,134,75,37,43,113,62,69,25,30"/><T49/><D127/><U71/><E105/><V53/><F122/><W108/><G113/><T59/><D130/><U46/><E0/><V54/><F32/><W115/><G115/><T40/><D135/><U17/><E131/><V116/><F7/><W22/><G134/><T65/><D76/><U128/><E128/><V55/><F107/><W85/><G85/><T23/><D1/><U66/><E78/><V67/><F54/><W121/><G121/><T50/><D3/><U79/><E79/><V56/><F97/><W100/><G100/><T86/><D86/><U73/><E73/><V9/><F9/><W4/><G4/><T126/><D126/><U58/><E71/><V120/><F120/><W29/><G75/><T6/><D49/><U20/><E68/><V47/><F56/><N who="1" m="21609" /><E66/><V21/><F21/><AGARI ba="0,0" hai="13,17,19,20,21,24,44,46,87,91,95" m="21609" machi="21" ten="30,1000,0" yaku="8,1" doraHai="61" who="1" fromWho="2" sc="250,0,250,10,250,-10,250,0" /><INIT seed="1,0,0,2,1,6" ten="250,260,240,250" oya="1" hai0="45,75,3,89,31,107,46,64,42,111,8,105,102" hai1="56,51,61,83,33,109,127,79,84,41,18,82,74" hai2="108,7,86,4,123,135,134,23,40,59,15,99,72" hai3="38,2,60,130,93,25,47,133,80,129,36,78,50"/><U49/><E33/><V98/><F72/><W62/><G2/><T97/><D75/><U34/><E34/><V37/><F123/><W71/><G25/><T95/><D111/><U124/><E109/><V132/><F108/><W21/><G21/><T14/><D3/><U91/><E18/><N who="2" m="10719" /><F86/><W11/><G11/><T69/><D31/><U68/><E68/><V28/><F28/><W1/><G1/><T29/><D29/><U110/><E110/><V57/><F40/><W114/><G114/><T128/><D128/><N who="3" m="49257" /><G93/><T58/><D69/><U118/><E118/><V85/><F37/><N who="3" m="14443" /><G71/><T22/><D22/><U35/><E35/><V122/><F85/><N who="3" m="48279" /><G133/><T100/><D105/><U32/><E32/><V104/><F122/><W24/><G24/><T119/><D119/><U20/><E20/><V87/><F87/><W48/><G48/><T70/><D70/><U117/><E117/><V81/><F81/><W63/><G63/><N who="0" m="38007" /><D107/><U131/><E131/><V43/><F104/><W19/><G19/><N who="0" m="8647" /><D42/><AGARI ba="0,0" hai="42,47,50,60,62" m="48279,14443,49257" machi="42" ten="30,1000,0" yaku="19,1" doraHai="6" who="3" fromWho="0" sc="250,-10,260,0,240,0,250,10" /><INIT seed="2,0,0,4,5,9" ten="240,260,240,260" oya="2" hai0="34,26,18,129,55,84,99,8,106,64,133,28,1" hai1="125,7,4,89,17,126,53,2,32,79,97,107,78" hai2="39,27,31,49,91,70,108,72,15,104,92,69,47" hai3="110,130,90,65,48,63,93,61,135,75,62,85,119"/><V81/><F104/><W120/><G119/><T73/><D73/><U45/><E32/><V33/><F39/><W36/><G120/><T44/><D129/><U60/><E17/><V59/><F59/><W122/><G122/><T24/><D133/><U112/><E112/><V95/><F108/><W50/><G36/><T111/><D111/><U66/><E53/><V40/><F95/><W14/><G110/><T21/><D64/><U82/><E45/><V19/><F81/><W68/><G130/><T0/><D84/><U77/><E82/><V131/><F72/><W23/><G135/><T109/><D109/><U100/><E89/><V3/><F3/><N who="0" m="1098" /><D99/><U86/><E86/><V132/><F132/><W83/><G68/><T103/><D103/><U134/><E134/><V5/><F5/><W98/><G65/><T11/><D44/><U56/><REACH who="1" step="1"/><E2/><REACH who="1" ten="240,250,240,260" step="2"/><V38/><F131/><W13/><G75/><T30/><D55/><U22/><E22/><V29/><F29/><N who="0" m="11370" /><D106/><U16/><E16/><V116/><F38/><W105/><G105/><T57/><D57/><U87/><E87/><V113/><F113/><W102/><G23/><N who="0" m="13431" /><D34/><U94/><E94/><V42/><F42/><W124/><REACH who="3" step="1"/><G124/><AGARI ba="0,1" hai="4,7,56,60,66,77,78,79,97,100,107,124,125,126" machi="124" ten="40,2600,0" yaku="1,1,18,1,53,0" doraHai="9" doraHaiUra="35" who="1" fromWho="3" sc="240,0,250,36,240,0,260,-26" /><INIT seed="3,0,0,4,2,102" ten="240,286,240,234" oya="3" hai0="128,1,105,50,92,21,57,124,99,34,110,37,48" hai1="26,135,22,24,73,95,77,59,72,54,11,113,9" hai2="40,4,65,27,20,8,10,87,90,97,107,2,109" hai3="106,82,80,68,35,69,112,81,17,38,53,134,125"/><W119/><G112/><T51/><D34/><U100/><E113/><V14/><F109/><W5/><G119/><T6/><D37/><U33/><E135/><V42/><F65/><W104/><G134/><T127/><D110/><U122/><E122/><V75/><F75/><W7/><G38/><T52/><D128/><U15/><E33/><V108/><F108/><W19/><G35/><T13/><D1/><U63/><E26/><V79/><F79/><W94/><G94/><T0/><D0/><U70/><E70/><N who="3" m="27242" /><G53/><T120/><D120/><U114/><E114/><V64/><F64/><W74/><G125/><N who="0" m="48203" /><D21/><U91/><E100/><V103/><F10/><W3/><G3/><T123/><D123/><U93/><E93/><V88/><F2/><W78/><G78/><T56/><D57/><U25/><E77/><V61/><F61/><W23/><G23/><T71/><D71/><U101/><E11/><V98/><F98/><W126/><G74/><T116/><D116/><U30/><E25/><V47/><F87/><W131/><G131/><T46/><D46/><U32/><E101/><V49/><REACH who="2" step="1"/><F40/><REACH who="2" ten="240,286,230,234" step="2"/><W83/><G126/><T29/><D99/><U111/><E111/><V31/><AGARI ba="0,1" hai="4,8,14,20,27,31,42,47,49,88,90,97,103,107" machi="31" ten="20,12000,2" yaku="1,1,2,1,0,1,7,1,52,1,54,1,53,0" doraHai="102" doraHaiUra="133" who="2" fromWho="2" sc="240,-30,286,-30,230,130,234,-60" /><INIT seed="4,0,0,4,3,58" ten="210,256,360,174" oya="0" hai0="104,57,28,131,71,88,133,60,19,24,26,44,45" hai1="83,127,7,111,25,41,130,21,121,64,16,48,97" hai2="69,50,18,92,109,124,52,34,132,93,33,55,47" hai3="100,96,102,78,119,72,13,128,42,15,115,76,49"/><T5/><D71/><U40/><E111/><V95/><F109/><W81/><G119/><T118/><D104/><U82/><E121/><V67/><F124/><W20/><G115/><T27/><D118/><U90/><E127/><V32/><F132/><W79/><G128/><T106/><D106/><U68/><E130/><V38/><F38/><W116/><G116/><T4/><D131/><U94/><E7/><N who="0" m="2633" /><D133/><U56/><E68/><V43/><REACH who="2" step="1"/><F18/><REACH who="2" ten="210,256,350,174" step="2"/><W6/><G72/><T62/><D19/><U14/><E25/><V46/><F46/><N who="0" m="18026" /><D28/><U117/><E117/><V63/><AGARI ba="0,1" hai="32,33,34,43,47,50,52,55,63,67,69,92,93,95" machi="63" ten="40,12000,2" yaku="1,1,0,1,52,1,54,1,53,3" doraHai="58" doraHaiUra="31" who="2" fromWho="2" sc="210,-60,256,-30,350,130,174,-30" /><INIT seed="5,0,0,5,3,9" ten="150,226,480,144" oya="1" hai0="31,50,53,95,26,126,64,124,66,37,86,73,96" hai1="49,27,24,8,2,110,41,74,133,45,72,77,57" hai2="113,130,109,76,32,51,75,39,117,98,102,88,107" hai3="29,4,0,23,108,47,20,6,5,120,131,111,78"/><U99/><E133/><V62/><F39/><W42/><G120/><T35/><D73/><U132/><E132/><V3/><F3/><W85/><G131/><T119/><D37/><U101/><E110/><V13/><F62/><W122/><G122/><T52/><D86/><U7/><E57/><V21/><F21/><W135/><G135/><T112/><D119/><U19/><E77/><V16/><F51/><W93/><G0/><T48/><D112/><U129/><E129/><V44/><F44/><W28/><G111/><T38/><D38/><U134/><E134/><V43/><F43/><W63/><G108/><T60/><D50/><U84/><E84/><V69/><F98/><W94/><G63/><T25/><D26/><U30/><E19/><V128/><F76/><W115/><G115/><T67/><D60/><U56/><E27/><V11/><F16/><W127/><G127/><N who="0" m="48683" /><D48/><U55/><E45/><V97/><F69/><W114/><G114/><T121/><D121/><U33/><E41/><V54/><F75/><W12/><G78/><T79/><D79/><U92/><AGARI ba="0,0" hai="2,7,8,24,30,33,49,55,56,72,74,92,99,101" machi="92" ten="20,2100,0" yaku="0,1,7,1" doraHai="9" who="1" fromWho="1" sc="150,-7,226,21,480,-7,144,-7" /><INIT seed="5,1,0,0,3,78" ten="143,247,473,137" oya="1" hai0="125,132,127,102,81,22,111,104,44,109,46,42,108" hai1="123,41,27,118,18,133,40,5,51,35,98,52,129" hai2="92,128,83,76,99,87,6,17,64,77,49,28,69" hai3="97,12,7,10,37,54,82,105,25,20,101,21,48"/><U11/><E118/><V88/><F128/><W121/><G121/><T2/><D2/><U80/><E123/><V33/><F6/><W94/><G37/><N who="0" m="21583" /><D132/><U75/><E133/><V34/><F28/><W116/><G116/><T120/><D120/><U1/><E129/><V63/><F76/><W39/><G39/><T115/><D115/><U53/><E53/><V57/><F69/><W4/><G4/><T65/><D65/><U91/><E75/><V13/><F49/><W114/><G114/><T66/><D66/><U71/><E71/><V67/><F64/><W58/><G105/><T24/><D46/><U124/><E124/><N who="0" m="47689" /><D102/><U93/><E80/><V45/><F45/><W0/><G0/><T112/><D104/><U68/><E68/><V14/><F14/><W61/><G82/><T56/><D112/><U85/><E98/><V19/><F19/><W70/><G70/><T15/><D56/><U9/><E35/><V126/><F126/><W62/><REACH who="3" step="1"/><G21/><AGARI ba="1,0" hai="13,17,21,33,34,57,63,67,77,83,87,88,92,99" machi="21" ten="30,3900,0" yaku="7,1,52,1,54,1" doraHai="78" who="2" fromWho="3" sc="143,0,247,0,473,42,137,-42" /><INIT seed="6,0,0,0,2,9" ten="143,247,515,95" oya="2" hai0="99,13,87,91,14,5,71,62,107,46,124,117,98" hai1="40,29,18,118,86,127,112,126,133,115,110,75,100" hai2="24,131,132,122,111,68,79,42,54,113,76,10,56" hai3="77,1,21,20,31,78,74,17,121,106,134,38,50"/><V73/><F56/><W83/><G121/><T33/><D33/><U97/><E29/><V105/><F42/><W102/><G38/><T65/><D124/><N who="1" m="47659" /><E75/><V16/><F54/><W51/><G134/><T63/><D117/><U61/><E118/><V47/><F47/><W52/><G1/><T30/><D30/><U108/><E40/><V25/><F105/><W22/><G31/><T129/><D129/><U37/><E37/><V39/><F73/><W128/><G128/><T6/><D46/><U90/><E61/><N who="0" m="23049" /><D71/><U96/><E18/><V84/><F84/><W43/><G43/><T3/><D107/><N who="1" m="63879" /><E97/><N who="0" m="36873" /><D65/><U45/><E45/><V82/><F39/><W120/><G120/><T93/><D3/><U72/><E72/><V26/><F68/><W67/><G106/><T32/><D32/><U66/><E66/><V49/><F122/><W95/><G102/><T2/><D2/><U48/><E48/><V125/><F49/><W12/><G50/><T116/><D116/><U101/><E101/><V103/><F103/><W19/><G67/><T85/><D87/><U104/><E104/><V64/><F64/><W8/><G95/><T11/><D11/><U88/><E133/><V28/><F10/><W70/><G70/><T69/><D69/><U15/><E86/><V36/><F36/><W35/><G35/><T89/><D91/><U41/><E41/><V34/><F34/><W60/><G60/><T0/><D0/><U109/><E90/><V135/><F135/><W44/><REACH who="3" step="1"/><G78/><REACH who="3" ten="143,247,515,85" step="2"/><N who="2" m="29737" /><F132/><W81/><G81/><T27/><D27/><AGARI ba="0,1" hai="8,12,17,19,20,21,22,27,44,51,52,74,77,83" machi="27" ten="30,7700,0" yaku="1,1,7,1,52,1,54,1,53,0" doraHai="9" doraHaiUra="57" who="3" fromWho="0" sc="143,-77,247,0,515,0,85,87" /><INIT seed="7,0,0,4,3,47" ten="66,247,515,172" oya="3" hai0="74,23,42,43,113,109,29,101,112,122,71,124,86" hai1="93,123,22,103,20,134,72,82,3,97,56,68,121" hai2="73,7,55,35,95,75,102,106,40,46,38,28,96" hai3="107,11,19,2,12,52,135,54,87,80,31,125,66"/><W60/><G125/><T118/><D109/><U62/><E68/><V133/><F133/><W117/><G117/><T16/><D118/><U33/><E33/><V58/><F106/><W67/><G135/><T10/><D122/><U65/><E3/><V81/><F7/><W126/><G126/><T108/><D124/><U36/><E36/><V111/><F111/><W21/><G107/><T119/><D119/><U116/><E134/><V100/><F100/><W70/><G66/><T5/><D108/><U18/><E22/><V76/><F28/><W57/><G70/><T14/><D74/><U98/><E116/><V9/><F9/><W85/><G85/><T24/><D71/><U64/><E64/><V132/><F35/><W53/><G2/><N who="0" m="311" /><D86/><U104/><E82/><V77/><F132/><W15/><G31/><T92/><D92/><U4/><E4/><V32/><F32/><W127/><G127/><T110/><D101/><U88/><E72/><V8/><F8/><W27/><REACH who="3" step="1"/><G11/><REACH who="3" ten="66,247,515,162" step="2"/><N who="0" m="6239" /><D110/><U69/><E69/><V37/><F75/><W114/><G114/><AGARI ba="0,1" hai="23,24,29,42,43,112,113,114" m="6239,311" machi="114" ten="30,3900,0" yaku="15,1,11,1,54,1" doraHai="47" who="0" fromWho="3" sc="66,49,247,0,515,0,162,-39" owari="115,-38.0,247,5.0,515,61.0,123,-28.0" /></mjloggm>