<mjloggm ver="2.3"><GO type="169" lobby="0"/><UN n0="%E3%83%90%E3%83%83%E3%83%8F" n1="%E3%82%A6%E3%83%AB%E3%83%88%E3%83%A9%E7%AB%8B%E7%9B%B4" n2="%2A%E3%81%B6%E3%81%A3%E3%81%A1%2A" n3="%E3%82%B7%E3%83%A5%E3%83%9E%E3%82%A4%E3%82%B1%E3%83%AB" dan="16,17,16,17" rate="2067.65,2194.81,2076.24,2206.47" sx="M,M,M,M"/><TAIKYOKU oya="0"/><INIT seed="0,0,0,1,5,79" ten="250,250,250,250" oya="0" hai0="52,67,88,121,99,66,43,13,5,24,39,80,2" hai1="129,29,105,104,110,34,101,90,4,106,83,81,20" hai2="107,17,133,70,36,85,115,109,96,125,87,48,127" hai3="65,123,16,97,134,60,8,30,57,0,26,49,78"/><T63/><D2/><U111/><E34/><V93/><F115/><W132/><G123/><T64/><D121/><U56/><E4/><V126/><F109/><N who="1" m="41481" /><E129/><V103/><F133/><W23/><G97/><T89/><D99/><U68/><E68/><V46/><F70/><W58/><G78/><T53/><D39/><U55/><E90/><N who="0" m="34921" /><D43/><U124/><E101/><V27/><F36/><W32/><G57/><N who="0" m="35239" /><D53/><U84/><E84/><V118/><F107/><W108/><G49/><T135/><D135/><U73/><E73/><V77/><F118/><W122/><G108/><T94/><D94/><U100/><E100/><V54/><F77/><W25/><REACH who="3" step="1"/><G122/><REACH who="3" ten="250,250,250,240" step="2"/><T31/><D67/><U40/><E124/><V117/><F117/><W41/><G41/><T51/><D51/><N who="1" m="30847" /><E40/><V47/><F47/><W114/><G114/><T112/><D112/><U3/><E3/><V18/><F126/><W42/><G42/><T22/><D80/><U95/><E95/><V98/><F127/><W92/><G92/><T35/><D35/><U45/><E45/><V74/><F125/><W131/><G131/><T59/><D59/><U28/><E106/><V102/><F46/><W1/><G1/><T19/><D31/><U62/><E105/><V21/><F93/><W38/><G38/><T86/><D86/><U91/><E104/><V120/><F87/><W10/><G10/><AGARI ba="0,1" hai="5,10,13,19,22,24,64,66" m="35239,34921" machi="10" ten="30,5800,0" yaku="8,1,54,2" doraHai="79" who="0" fromWho="3" sc="250,68,250,0,250,0,240,-58" /><INIT seed="0,1,0,5,2,44" ten="318,250,250,182" oya="0" hai0="66,109,76,110,47,88,4,104,121,6,73,38,21" hai1="70,24,89,25,132,93,108,111,11,40,18,34,81" hai2="48,31,118,103,51,56,98,63,15,130,100,17,7" hai3="102,90,91,77,27,113,105,22,131,60,49,0,83"/><T35/><D104/><U67/><E40/><V122/><F122/><W26/><G0/><T52/><D35/><U33/><E67/><V9/><F130/><W95/><G131/><T115/><D121/><U69/><E81/><V84/><F118/><W46/><G113/><T127/><D66/><U87/><E132/><V42/><F31/><W129/><G129/><T79/><D115/><U123/><E123/><V120/><F120/><W68/><G105/><T124/><D38/><U74/><E74/><V36/><F36/><W5/><G5/><N who="0" m="2155" /><D88/><U55/><E55/><V54/><F84/><W135/><G68/><T117/><D21/><N who="1" m="13367" /><E11/><V45/><F7/><W10/><G10/><T2/><D2/><U107/><E107/><V99/><REACH who="2" step="1"/><F63/><REACH who="2" ten="318,250,240,182" step="2"/><W72/><G60/><T3/><D117/><U59/><E87/><V19/><F19/><W133/><G133/><T85/><D85/><U1/><E1/><V39/><F39/><W101/><G135/><T94/><D3/><U57/><E34/><V92/><F92/><W50/><G95/><T78/><D94/><U28/><E93/><V23/><F23/><W65/><G22/><T126/><D73/><U64/><E33/><V12/><F12/><W16/><G16/><T86/><D86/><U43/><E28/><V37/><F37/><W53/><G72/><T114/><D114/><U58/><E25/><V82/><F82/><W96/><G26/><T119/><D119/><U30/><E30/><V112/><F112/><W61/><G27/><T41/><D127/><U125/><E125/><V80/><F80/><W29/><G83/><RYUUKYOKU ba="1,1" sc="318,-10,250,-10,240,30,182,-10" hai2="9,15,17,42,45,48,51,54,56,98,99,100,103" /><INIT seed="1,2,1,3,3,11" ten="308,240,270,172" oya="1" hai0="25,81,43,98,75,32,40,41,106,12,33,63,79" hai1="54,133,76,97,37,116,85,83,31,87,4,47,110" hai2="86,61,50,91,48,1,115,117,44,16,108,134,93" hai3="128,122,52,9,29,131,66,80,126,107,125,119,55"/><U88/><E116/><V56/><F117/><W84/><G107/><T14/><D63/><U30/><E133/><V103/><F134/><W21/><G119/><T20/><D106/><U35/><E110/><V6/><F108/><W77/><G122/><T102/><D102/><U65/><E65/><V95/><F115/><W89/><G66/><T5/><D98/><U135/><E135/><V124/><F124/><N who="3" m="47723" /><G77/><T19/><REACH who="0" step="1"/><D5/><REACH who="0" ten="298,240,270,172" step="2"/><U60/><E4/><V70/><F70/><W51/><G128/><T15/><AGARI ba="2,2" hai="12,14,15,19,20,25,32,33,40,41,43,75,79,81" machi="15" ten="30,12000,2" yaku="1,1,2,1,0,1,52,3,53,0" doraHai="11" doraHaiUra="49" who="0" fromWho="0" sc="298,146,240,-62,270,-32,172,-32" /><INIT seed="2,0,0,2,2,86" ten="444,178,238,140" oya="2" hai0="6,14,10,100,82,128,74,130,133,55,68,23,5" hai1="125,84,75,120,105,9,56,21,34,123,67,121,119" hai2="107,65,116,0,80,109,60,89,70,117,111,3,97" hai3="64,29,110,95,101,112,126,35,102,45,94,24,69"/><V72/><F72/><W132/><G110/><N who="2" m="41993" /><F107/><W122/><G122/><T49/><D68/><U43/><E75/><V38/><F38/><W104/><G126/><T115/><D100/><U48/><E34/><V37/><F37/><W76/><G132/><T11/><D23/><U18/><E105/><V20/><F20/><W129/><G129/><T4/><D115/><U91/><E125/><V26/><F26/><W83/><G112/><T54/><D133/><U62/><E119/><V25/><F25/><W103/><G104/><T39/><D39/><U71/><E9/><V16/><F16/><W87/><REACH who="3" step="1"/><G45/><REACH who="3" ten="444,178,238,130" step="2"/><T41/><D130/><U13/><E121/><V134/><F134/><W15/><G15/><T7/><D14/><U124/><E124/><V53/><F117/><W12/><G12/><T98/><D128/><U85/><E123/><V118/><F116/><W42/><G42/><T61/><D6/><U46/><E120/><V28/><F118/><W40/><G40/><T27/><D5/><U50/><E46/><V135/><F135/><W96/><G96/><T73/><D98/><U108/><E43/><V113/><F97/><W99/><G99/><T51/><D41/><U19/><E108/><V92/><F113/><W33/><G33/><T1/><D61/><AGARI ba="0,1" hai="24,29,35,61,64,69,76,83,87,94,95,101,102,103" machi="61" ten="40,1300,0" yaku="1,1,53,0" doraHai="86" doraHaiUra="106" who="3" fromWho="0" sc="444,-13,178,0,238,0,130,23" /><INIT seed="3,0,0,1,3,84" ten="431,178,238,153" oya="3" hai0="55,26,74,59,0,91,44,100,119,83,66,112,102" hai1="19,48,45,126,32,58,30,20,61,3,132,57,1" hai2="63,82,72,2,29,85,106,105,114,89,34,118,70" hai3="81,18,14,110,125,65,131,31,36,40,46,33,62"/><W16/><G125/><T71/><D74/><U51/><E126/><V101/><F114/><W93/><G131/><T64/><D0/><U8/><E132/><V54/><F118/><W123/><G123/><T129/><D119/><U67/><E32/><V92/><F2/><W12/><G110/><T109/><D109/><U7/><E30/><V28/><F34/><W5/><G5/><T21/><D71/><U60/><E1/><V77/><F106/><W38/><G38/><T133/><D44/><U134/><E45/><V97/><REACH who="2" step="1"/><F54/><REACH who="2" ten="431,178,228,153" step="2"/><W86/><G33/><T75/><D112/><U80/><E134/><V108/><F108/><W90/><G31/><T6/><D133/><U27/><E80/><V87/><F87/><W111/><G111/><T98/><D55/><AGARI ba="0,1" hai="3,7,8,19,20,27,48,51,55,57,58,60,61,67" machi="55" ten="30,1000,0" yaku="7,1" doraHai="84" who="1" fromWho="0" sc="431,-10,178,20,228,0,153,0" /><INIT seed="4,0,0,3,5,89" ten="421,198,228,153" oya="0" hai0="65,27,19,124,99,133,94,15,10,96,83,87,80" hai1="110,69,97,91,98,2,82,129,67,49,72,52,128" hai2="34,127,93,39,115,42,23,28,104,47,1,51,114" hai3="132,75,81,30,33,17,3,44,134,88,56,109,106"/><T90/><D124/><U126/><E2/><V48/><F104/><W61/><G109/><T24/><D65/><U74/><E110/><V40/><F1/><W76/><G106/><T45/><D133/><U95/><E126/><V58/><F34/><W79/><G3/><T62/><D62/><N who="1" m="40183" /><E98/><N who="0" m="37417" /><D45/><N who="1" m="27695" /><E82/><AGARI ba="0,0" hai="10,15,19,24,27,80,82,83,87,90,94" m="37417" machi="82" ten="30,2900,0" yaku="8,1,52,1" doraHai="89" who="0" fromWho="1" sc="421,29,198,-29,228,0,153,0" /><INIT seed="4,1,0,2,2,2" ten="450,169,228,153" oya="0" hai0="1,33,8,20,71,117,109,76,16,88,134,41,77" hai1="29,42,120,53,105,78,54,122,101,86,5,6,129" hai2="15,75,38,103,121,51,104,67,4,84,7,110,107" hai3="99,48,10,32,31,123,45,106,74,65,133,95,23"/><T30/><D71/><U50/><E29/><V98/><F110/><W130/><G74/><T115/><D117/><U100/><E42/><V18/><F121/><N who="1" m="46697" /><E50/><V81/><F38/><W27/><G130/><T62/><D134/><U12/><E12/><V72/><F107/><W70/><G123/><T37/><D37/><U3/><E105/><V49/><F67/><W126/><G133/><T40/><D41/><U52/><E3/><V131/><F131/><W128/><G126/><T93/><D40/><U43/><E43/><V116/><F116/><W17/><G128/><T127/><D109/><U59/><E129/><V46/><F51/><W118/><G106/><T24/><D127/><U66/><E66/><V63/><F63/><W26/><G118/><T114/><D62/><U64/><E64/><V61/><F61/><W124/><G124/><T25/><D1/><U0/><E0/><V125/><F125/><W113/><G70/><T68/><D68/><U9/><E9/><V69/><F69/><W14/><G65/><T94/><D8/><U56/><E86/><V112/><F49/><W82/><G82/><T132/><D94/><U80/><E80/><V21/><F46/><W34/><G27/><T108/><D132/><U28/><E28/><V57/><F57/><N who="1" m="22089" /><E78/><N who="2" m="46135" /><F75/><W119/><G119/><T39/><D39/><U36/><E36/><V111/><F72/><W47/><G45/><T90/><D108/><U22/><E22/><V85/><F111/><W91/><G47/><T73/><D73/><U79/><E79/><V135/><F135/><W87/><G48/><T58/><D77/><RYUUKYOKU ba="1,0" sc="450,-10,169,30,228,-10,153,-10" hai1="5,6,52,53,54,100,101" /><INIT seed="5,2,0,2,3,39" ten="440,199,218,143" oya="1" hai0="75,5,22,60,35,1,119,42,125,113,99,120,3" hai1="77,52,31,61,110,17,118,4,135,89,68,63,105" hai2="124,59,100,128,72,2,24,30,58,122,87,18,37" hai3="86,104,43,29,101,46,50,0,78,80,92,93,69"/><U109/><E118/><V129/><F122/><W10/><G69/><T64/><D22/><U67/><E105/><V11/><F124/><W106/><G29/><T41/><D5/><U71/><E77/><V6/><F72/><W98/><G0/><T44/><D75/><U14/><E4/><V73/><F73/><W27/><G27/><T127/><D35/><U114/><E31/><V88/><F37/><W103/><REACH who="3" step="1"/><G10/><REACH who="3" ten="440,199,218,133" step="2"/><T90/><D120/><U7/><E114/><V38/><F30/><W94/><G94/><T36/><D1/><U53/><E135/><V12/><F2/><W82/><G82/><T112/><D3/><U91/><E110/><V107/><F24/><W134/><G134/><T102/><D119/><U116/><E109/><V123/><F123/><W126/><G126/><T65/><D127/><U45/><E116/><V96/><F107/><W56/><G56/><T32/><D125/><U55/><E71/><V70/><F70/><W8/><G8/><T54/><D32/><U26/><E26/><V66/><F59/><W111/><G111/><T34/><D34/><U121/><E121/><V83/><F58/><W95/><G95/><T130/><D130/><U97/><E68/><V20/><F129/><W117/><G117/><T9/><D9/><U57/><E57/><V15/><F128/><W81/><G81/><T51/><D113/><U132/><E132/><V16/><F11/><W76/><G76/><T40/><D112/><U85/><E7/><V23/><F6/><W28/><G28/><T48/><D65/><U74/><E67/><V79/><F66/><RYUUKYOKU ba="2,1" sc="440,-10,199,-10,218,-10,133,30" hai3="43,46,50,78,80,86,92,93,98,101,103,104,106" /><INIT seed="6,3,1,1,4,68" ten="430,189,208,163" oya="2" hai0="108,25,100,125,7,57,103,109,40,35,63,135,42" hai1="20,70,26,90,81,17,116,84,94,102,12,52,126" hai2="39,112,98,69,89,6,4,2,29,131,15,117,107" hai3="111,45,8,21,79,55,115,0,99,16,114,66,86"/><V9/><F117/><W85/><G111/><T101/><D125/><U129/><E70/><V76/><F112/><N who="3" m="43051" /><G66/><T37/><D135/><U73/><E73/><V105/><F131/><W13/><G99/><T14/><D35/><U46/><E116/><V110/><F110/><W38/><G79/><T3/><D3/><U75/><E75/><V65/><F76/><W97/><G97/><T23/><D37/><U36/><E36/><V30/><F39/><W41/><G55/><N who="0" m="34239" /><D109/><U71/><E71/><V133/><F133/><W62/><G62/><T47/><D47/><U27/><E126/><V5/><F65/><W1/><G1/><T48/><D48/><N who="1" m="28695" /><E129/><V132/><F132/><W124/><G124/><T34/><D34/><U118/><E118/><V28/><F69/><W130/><G130/><T92/><D108/><U80/><E102/><V88/><F2/><W72/><G72/><T54/><D54/><U19/><E27/><V113/><F113/><W134/><G134/><T83/><D83/><U32/><E32/><V119/><F119/><W122/><G122/><T56/><D56/><U18/><E12/><V10/><F15/><N who="3" m="9375" /><G0/><T58/><D58/><U128/><E128/><V93/><REACH who="2" step="1"/><F89/><REACH who="2" ten="430,189,198,163" step="2"/><W87/><G87/><T123/><D123/><U74/><E74/><V53/><F53/><W104/><G104/><AGARI ba="3,2" hai="4,5,6,9,10,28,29,30,88,93,98,104,105,107" machi="104" ten="50,9600,0" yaku="1,1,54,1,53,1" doraHai="68" doraHaiUra="95" who="2" fromWho="3" sc="430,0,189,0,198,125,163,-105" /><INIT seed="6,4,0,0,5,74" ten="430,189,323,58" oya="2" hai0="50,115,90,106,100,10,64,128,44,89,83,15,122" hai1="80,60,97,95,70,67,107,47,54,124,29,68,16" hai2="131,104,114,86,129,118,6,66,41,17,19,132,30" hai3="101,62,27,112,57,96,14,102,3,133,84,117,88"/><V91/><F118/><W130/><G3/><T53/><D122/><U33/><E70/><V87/><F114/><W5/><G117/><T21/><D115/><U73/><E124/><V52/><F132/><W4/><G112/><T108/><D108/><U119/><E119/><V23/><F104/><W20/><G133/><T135/><D135/><U103/><E95/><V58/><F6/><W71/><G71/><T46/><D128/><N who="2" m="49226" /><F41/><W134/><G130/><T36/><D64/><U28/><E28/><V13/><F66/><W56/><G134/><T92/><D106/><U72/><E80/><V37/><F37/><W12/><G4/><T2/><D36/><U24/><E16/><N who="2" m="10639" /><F30/><W48/><G48/><AGARI ba="4,0" hai="24,29,33,47,48,54,60,67,68,72,73,97,103,107" machi="48" ten="40,2600,0" yaku="25,2" doraHai="74" who="1" fromWho="3" sc="430,0,189,38,323,0,58,-38" /><INIT seed="7,0,0,4,3,65" ten="430,227,323,20" oya="3" hai0="25,94,14,93,86,131,24,74,49,108,15,71,113" hai1="20,68,69,3,135,121,4,8,34,28,123,53,42" hai2="46,125,22,19,115,114,81,66,9,1,41,90,76" hai3="88,126,23,89,40,67,98,59,122,119,29,110,11"/><W117/><G122/><T101/><D71/><N who="1" m="27211" /><E53/><V12/><F66/><W116/><G126/><T7/><D74/><U82/><E20/><V48/><F90/><W92/><G110/><T78/><D108/><U97/><E135/><V75/><F125/><W35/><G35/><T47/><D113/><N who="2" m="43018" /><F1/><W104/><G104/><T63/><D131/><U111/><E111/><V58/><F58/><W103/><G40/><T64/><D101/><U134/><E134/><V60/><F60/><W32/><G32/><T44/><D64/><U62/><E62/><V129/><F129/><W2/><G2/><T102/><D63/><U43/><E43/><V120/><F120/><W84/><G11/><AGARI ba="0,0" hai="9,11,12,19,22,41,46,48,75,76,81" m="43018" machi="11" ten="30,1000,0" yaku="15,1" doraHai="65" who="2" fromWho="3" sc="430,0,227,0,323,10,20,-10" owari="430,53.0,227,-17.0,333,13.0,10,-49.0" /></mjloggm>