<mjloggm ver="2.3"><GO type="169" lobby="0"/><UN n0="%E5%A4%A7%E5%A4%A7%E5%B2%A1%E5%B1%B1%EF%BC%A0%E6%A8%AA%E6%B5%9C" n1="%E3%82%88%E3%82%8B%E3%81%8C%E3%81%9F" n2="%E7%92%B0%E5%88%B9%E9%82%A3" n3="%E3%83%88%E3%83%88%E3%83%AA%E5%85%88%E7%94%9F%31%39%E6%AD%B3" dan="16,16,16,19" rate="2200.60,2039.77,2053.90,2301.05" sx="M,M,M,F"/><TAIKYOKU oya="0"/><INIT seed="0,0,0,2,3,102" ten="250,250,250,250" oya="0" hai0="113,53,1,4,127,5,75,68,67,72,31,71,28" hai1="10,81,11,134,122,37,85,13,104,108,96,114,3" hai2="86,55,65,54,126,106,130,131,115,118,109,42,94" hai3="6,59,30,112,38,15,73,92,117,128,29,33,18"/><T129/><D113/><U87/><E37/><V46/><F115/><W21/><G112/><T36/><D53/><N who="2" m="19978" /><F65/><W121/><G117/><T56/><D56/><U80/><E122/><V74/><F74/><N who="0" m="28202" /><D67/><U60/><E114/><V7/><F7/><N who="0" m="2634" /><D36/><U0/><E134/><V110/><F118/><W62/><G73/><T45/><D45/><U23/><E108/><N who="2" m="41579" /><F126/><W78/><G38/><T66/><D66/><U120/><E60/><V111/><N who="2" m="41587" /><V76/><DORA hai="107" /><F76/><W69/><G78/><T40/><D40/><U82/><E120/><V91/><F106/><W14/><G121/><T26/><D129/><U25/><E3/><V97/><F86/><W8/><G128/><T90/><D90/><U32/><E85/><V64/><F64/><W61/><G59/><T41/><D41/><U58/><E58/><V89/><F91/><W123/><G123/><T2/><D26/><U100/><E87/><V103/><F89/><W24/><G61/><T47/><D47/><U49/><E0/><N who="0" m="105" /><D127/><U88/><E88/><V35/><F130/><W135/><G62/><T27/><D27/><U43/><E43/><V79/><F131/><W133/><G24/><T44/><D44/><U34/><E49/><V17/><F79/><W105/><G135/><T95/><D95/><U9/><REACH who="1" step="1"/><E13/><REACH who="1" ten="250,240,250,250" step="2"/><V125/><F42/><W98/><G133/><T99/><D99/><U50/><E50/><V119/><F46/><W48/><G48/><T20/><D20/><U70/><E70/><AGARI ba="0,1" hai="28,31,68,70,71" m="105,2634,28202" machi="70" ten="40,12000,1" yaku="28,2,52,3" doraHai="102,107" who="0" fromWho="1" sc="250,130,240,-120,250,0,250,0" /><INIT seed="0,1,0,1,5,24" ten="380,120,250,250" oya="0" hai0="111,51,102,98,120,117,123,16,107,34,2,79,78" hai1="25,33,71,20,93,115,55,17,91,46,116,73,77" hai2="54,43,83,57,64,18,6,58,29,97,90,103,122" hai3="131,39,106,104,96,10,99,11,118,82,76,59,89"/><T95/><D117/><U88/><E71/><V127/><F122/><W49/><G118/><T135/><D2/><U126/><E116/><V69/><F6/><W19/><G39/><T65/><D34/><U27/><E115/><V75/><F43/><W81/><G131/><T5/><D5/><U50/><E126/><V132/><F127/><W38/><G38/><T42/><D65/><U4/><E4/><V13/><F132/><W128/><G128/><T7/><D7/><U35/><E91/><V125/><F69/><W133/><G133/><T8/><D135/><U66/><E66/><V47/><F64/><W32/><G32/><T56/><D111/><U37/><E37/><V67/><F67/><W114/><G114/><T63/><D107/><U26/><E35/><V28/><F47/><W84/><G104/><T12/><D120/><U121/><E121/><V110/><F58/><W113/><G113/><T22/><D123/><U80/><REACH who="1" step="1"/><E33/><REACH who="1" ten="380,110,250,250" step="2"/><V86/><F125/><W15/><G89/><N who="0" m="55663" /><D79/><U60/><E60/><V44/><F90/><W74/><G76/><T101/><D78/><U100/><E100/><V1/><F103/><W70/><G70/><T52/><D63/><U61/><E61/><V9/><F75/><W124/><G74/><T130/><D130/><U36/><E36/><V87/><F110/><W72/><G72/><T53/><D102/><U30/><E30/><V112/><F112/><W94/><G124/><T3/><D101/><U21/><E21/><V108/><F108/><W41/><G106/><T0/><D22/><U134/><E134/><V92/><F29/><RYUUKYOKU ba="1,1" sc="380,-10,110,30,250,-10,250,-10" hai1="17,20,25,26,27,46,50,55,73,77,80,88,93" /><INIT seed="1,2,1,3,4,104" ten="370,140,240,240" oya="1" hai0="34,111,70,98,105,81,91,109,90,85,102,132,68" hai1="100,94,32,87,116,46,6,135,110,79,96,75,47" hai2="106,30,97,130,45,56,103,93,2,17,99,92,31" hai3="42,58,83,18,52,82,89,50,119,88,5,128,61"/><U76/><E116/><V64/><F2/><W19/><G119/><T10/><D34/><U49/><E135/><V113/><F106/><W120/><G120/><T29/><D29/><U125/><E32/><V78/><F130/><W131/><G5/><T53/><D10/><U72/><E125/><V134/><F134/><W9/><G42/><T101/><D132/><U67/><E67/><V122/><F122/><W66/><G83/><T77/><D53/><U62/><E62/><V23/><F45/><W1/><G1/><T13/><D13/><U107/><E6/><V27/><F78/><W33/><G33/><T25/><D25/><U37/><E110/><N who="0" m="41993" /><D101/><U73/><E37/><V7/><F7/><W28/><G28/><T48/><D48/><U3/><E3/><V63/><REACH who="2" step="1"/><F113/><REACH who="2" ten="370,140,230,240" step="2"/><W12/><G128/><T133/><D133/><U36/><E47/><V117/><F117/><W59/><G131/><T41/><D41/><U129/><E36/><V11/><F11/><W55/><G19/><T108/><D108/><U14/><E129/><V86/><F86/><W60/><REACH who="3" step="1"/><G82/><REACH who="3" ten="370,140,230,230" step="2"/><N who="0" m="47311" /><D68/><AGARI ba="2,3" hai="9,12,18,50,52,55,58,59,60,61,66,68,88,89" machi="68" ten="30,7700,0" yaku="1,1,7,1,54,2,53,0" doraHai="104" doraHaiUra="121" who="3" fromWho="0" sc="370,-83,140,0,230,0,230,113" /><INIT seed="2,0,0,2,4,112" ten="287,140,230,343" oya="2" hai0="73,46,49,12,126,80,48,29,125,81,64,35,93" hai1="71,97,1,108,58,107,77,62,40,135,57,60,85" hai2="53,132,75,113,51,134,84,133,25,65,19,37,56" hai3="41,42,22,120,8,26,54,16,121,119,72,131,70"/><V87/><F75/><W4/><G72/><T10/><D64/><U130/><E71/><V115/><F37/><W63/><G119/><T6/><D93/><U11/><E130/><V95/><F65/><W52/><G131/><T2/><D2/><U101/><E135/><V68/><F68/><W99/><G70/><T116/><D116/><U61/><E40/><V129/><F129/><W96/><G120/><T100/><D100/><U74/><E74/><V28/><F19/><W38/><G121/><T66/><D66/><U9/><E108/><V94/><F94/><W55/><G63/><T127/><D73/><U5/><REACH who="1" step="1"/><E9/><REACH who="1" ten="287,130,230,343" step="2"/><V34/><F113/><W33/><G41/><N who="0" m="24655" /><D126/><U76/><E76/><V69/><F69/><W30/><G42/><T27/><D125/><U106/><E106/><V20/><F115/><W124/><G124/><T103/><D127/><U111/><E111/><V118/><F132/><W105/><G105/><T7/><D10/><U18/><E18/><V128/><F134/><W98/><G38/><T90/><D6/><U67/><E67/><V47/><F133/><W13/><REACH who="3" step="1"/><G55/><REACH who="3" ten="287,130,230,333" step="2"/><T122/><D122/><U45/><E45/><V82/><F47/><W43/><G43/><T89/><D7/><U15/><E15/><AGARI ba="0,2" hai="4,8,13,15,16,22,26,30,33,52,54,96,98,99" machi="15" ten="40,5200,0" yaku="1,1,54,2,53,0" doraHai="112" doraHaiUra="88" who="3" fromWho="1" sc="287,0,130,-52,230,0,333,72" /><INIT seed="3,0,0,5,5,107" ten="287,78,230,405" oya="3" hai0="42,71,79,3,133,53,74,56,29,59,116,87,78" hai1="118,95,129,62,0,128,46,64,60,58,134,108,47" hai2="25,7,27,14,94,17,117,131,43,34,91,22,26" hai3="111,106,18,44,37,70,24,103,5,57,124,96,77"/><W110/><G70/><T11/><D71/><U75/><E0/><V33/><F117/><W101/><G124/><T9/><D116/><U21/><E118/><V81/><F43/><W67/><G5/><T98/><D74/><U82/><E134/><V28/><F81/><W104/><G77/><T130/><D42/><U19/><E108/><N who="3" m="41514" /><G44/><T99/><D29/><U119/><E95/><V86/><F131/><N who="1" m="50249" /><E60/><V32/><REACH who="2" step="1"/><F7/><REACH who="2" ten="287,78,220,405" step="2"/><W126/><G126/><T97/><D130/><U112/><E119/><V135/><F135/><W54/><G37/><T41/><D133/><U39/><E112/><V13/><F13/><W76/><G106/><T90/><D41/><U132/><E39/><V10/><AGARI ba="0,1" hai="10,14,17,22,25,26,27,28,32,33,34,86,91,94" machi="10" ten="30,2000,0" yaku="1,1,0,1,53,0" doraHai="107" doraHaiUra="1" who="2" fromWho="2" sc="287,-5,78,-5,220,30,405,-10" /><INIT seed="4,0,0,1,2,48" ten="282,73,250,395" oya="0" hai0="4,103,92,75,14,46,71,135,12,87,33,68,47" hai1="34,1,21,22,38,84,63,99,58,30,16,24,29" hai2="49,82,122,91,111,3,36,45,61,67,74,65,86" hai3="69,121,32,95,93,79,102,59,77,89,72,8,118"/><T83/><D33/><U23/><E38/><V115/><F111/><W2/><G118/><T28/><D135/><U13/><E1/><V51/><F3/><W81/><G69/><T120/><D120/><U90/><E99/><V116/><F122/><W17/><G32/><T5/><D28/><U52/><REACH who="1" step="1"/><E30/><REACH who="1" ten="282,63,250,395" step="2"/><V54/><F36/><W26/><G2/><T129/><D129/><U64/><E64/><V66/><F116/><W117/><G117/><T124/><D124/><U18/><E18/><V112/><F66/><W31/><G17/><T40/><D71/><U109/><E109/><V119/><F67/><W42/><G31/><T44/><D68/><U50/><E50/><V19/><F51/><W100/><G121/><T132/><D132/><U78/><E78/><V107/><F119/><W70/><G77/><N who="0" m="46575" /><D40/><U96/><E96/><V108/><F108/><W6/><G42/><T35/><D75/><U131/><E131/><V11/><F74/><W80/><G79/><T60/><D60/><U76/><E76/><V134/><F134/><W130/><G72/><T25/><D4/><U127/><E127/><V128/><F128/><W56/><G70/><T0/><D0/><U113/><E113/><V7/><F112/><W85/><G6/><T126/><D5/><U53/><E53/><V104/><F115/><W133/><G133/><T123/><D126/><U20/><E20/><V106/><F7/><W88/><G130/><T105/><D123/><U27/><E27/><V98/><F65/><W62/><G62/><T55/><D25/><U73/><E73/><V37/><F61/><RYUUKYOKU ba="0,1" sc="282,-10,63,30,250,-10,395,-10" hai1="13,16,21,22,23,24,29,34,52,58,63,84,90" /><INIT seed="5,1,1,1,0,34" ten="272,93,240,385" oya="1" hai0="53,43,82,100,119,108,36,56,72,95,114,83,128" hai1="106,84,68,78,65,57,99,4,55,37,94,21,23" hai2="13,130,33,9,98,31,124,28,74,64,113,88,91" hai3="89,29,6,123,111,132,122,15,126,101,118,87,38"/><U12/><E37/><V35/><F74/><W0/><G38/><T75/><D108/><U45/><E106/><V51/><F64/><W20/><G111/><T86/><D119/><U11/><E68/><V7/><F124/><W41/><G41/><T80/><D114/><U44/><E65/><V46/><F113/><W92/><G126/><T79/><D128/><U71/><E71/><V1/><F130/><W90/><G101/><T5/><D5/><U110/><E84/><V49/><F98/><W77/><G77/><T16/><D43/><U134/><E78/><V42/><F51/><W63/><G132/><T127/><D36/><U69/><E69/><V27/><F13/><W103/><G103/><T116/><D116/><U131/><E131/><V58/><F58/><W62/><G118/><T26/><D127/><U120/><E120/><V47/><F46/><N who="1" m="18025" /><E134/><V105/><F105/><W60/><G87/><T125/><D125/><U39/><E39/><V32/><F32/><W85/><G85/><T24/><D24/><AGARI ba="1,1" hai="1,7,9,24,27,28,31,33,35,42,47,49,88,91" machi="24" ten="40,5200,0" yaku="9,1,52,1,54,1" doraHai="34" who="2" fromWho="0" sc="272,-55,93,0,240,65,385,0" /><INIT seed="6,0,0,4,1,26" ten="217,93,305,385" oya="2" hai0="101,93,70,62,69,61,122,9,3,53,72,97,134" hai1="131,104,79,133,29,107,74,22,13,128,75,58,5" hai2="45,23,66,123,46,10,125,127,71,55,116,40,120" hai3="84,51,89,88,112,19,114,100,102,47,0,118,105"/><V98/><F98/><W32/><G118/><T135/><D122/><U87/><E5/><V121/><F10/><W117/><G117/><T108/><D108/><U90/><E13/><V15/><F15/><W31/><G0/><T35/><D72/><U110/><E110/><V33/><F23/><W129/><G129/><T2/><D35/><U65/><E133/><N who="0" m="50697" /><D53/><U18/><E18/><V78/><F78/><W6/><G6/><N who="0" m="1247" /><D2/><U103/><E103/><N who="3" m="39466" /><G105/><T106/><D106/><U60/><E107/><V50/><F33/><W86/><G19/><T52/><D52/><U27/><E104/><V119/><F119/><W41/><G84/><T82/><D82/><U20/><E79/><V39/><F116/><W99/><G99/><T48/><D48/><U80/><REACH who="1" step="1"/><E20/><REACH who="1" ten="217,83,305,385" step="2"/><V56/><F46/><W54/><G32/><T83/><D101/><U77/><E77/><V1/><F1/><W25/><G47/><T96/><D83/><U132/><E132/><V95/><F95/><W115/><G115/><T113/><D93/><U76/><E76/><V130/><F130/><AGARI ba="0,1" hai="22,27,29,58,60,65,74,75,80,87,90,128,130,131" machi="130" ten="40,5200,0" yaku="1,1,19,1,52,1,53,0" doraHai="26" doraHaiUra="49" who="1" fromWho="2" sc="217,0,83,62,305,-52,385,0" /><INIT seed="7,0,0,0,1,54" ten="217,145,253,385" oya="3" hai0="86,105,30,47,131,55,88,79,36,56,110,33,104" hai1="57,72,85,51,25,130,128,60,46,91,16,35,135" hai2="49,2,90,78,8,134,43,9,73,100,117,27,120" hai3="50,94,6,11,87,113,31,10,119,102,121,38,42"/><W71/><G119/><T89/><D110/><U99/><E72/><V41/><F117/><W53/><G121/><T112/><D79/><U58/><E135/><V3/><F134/><W67/><G113/><T26/><D131/><N who="1" m="50219" /><E99/><V18/><F49/><W111/><G111/><T34/><D34/><U64/><E35/><V96/><F90/><W82/><G31/><T126/><D89/><U29/><E29/><V107/><F27/><W75/><G75/><T17/><D126/><U69/><E46/><V129/><F129/><W39/><G94/><T24/><D112/><U115/><E51/><V95/><F95/><W44/><G102/><T127/><D127/><U83/><E115/><V98/><F100/><W97/><G97/><T92/><D47/><U21/><AGARI ba="0,0" hai="16,21,25,57,58,60,64,69,83,85,91" m="50219" machi="21" ten="30,7900,0" yaku="19,1,52,2,54,1" doraHai="54" who="1" fromWho="1" sc="217,-20,145,79,253,-20,385,-39" owari="197,-30.0,224,-18.0,233,3.0,346,45.0" /></mjloggm>