<mjloggm ver="2.3"><GO type="169" lobby="0"/><UN n0="%74%75%67%61%6D%69" n1="%E9%85%8D%E7%89%8C%36%E3%82%B7%E3%83%A3%E3%83%B3%E3%83%86%E3%83%B3" n2="%E6%97%A5%E6%9B%9C%E6%97%A5%E3%82%88%E3%82%8A%E3%81%AE%E4%BD%BF%E8%80%85" n3="%E3%83%88%E3%83%88%E3%83%AA%E5%85%88%E7%94%9F%31%39%E6%AD%B3" dan="16,16,17,19" rate="2125.59,2062.52,2175.57,2285.59" sx="M,M,M,F"/><TAIKYOKU oya="0"/><INIT seed="0,0,0,1,3,118" ten="250,250,250,250" oya="0" hai0="37,4,60,35,84,68,30,75,104,49,126,18,50" hai1="56,85,26,34,44,123,3,48,94,15,10,27,82" hai2="14,103,62,117,105,57,97,110,72,7,23,39,89" hai3="114,53,54,128,29,61,45,76,12,9,67,8,24"/><T11/><D75/><U51/><E3/><V5/><F39/><W22/><G114/><T132/><D37/><U81/><E34/><V79/><F110/><W83/><G128/><T107/><D132/><U90/><E123/><V101/><F101/><W116/><G116/><T63/><D126/><U131/><E131/><V102/><F102/><W16/><G45/><T129/><D129/><U74/><E74/><V121/><F121/><W106/><G106/><T33/><D84/><U58/><E58/><V86/><F117/><W93/><G93/><T20/><D20/><U38/><E38/><V77/><F77/><W28/><G28/><T95/><D95/><U109/><E109/><V92/><F23/><W98/><G98/><T100/><D100/><U119/><E119/><V127/><F14/><W43/><G43/><T59/><D59/><U111/><E111/><V112/><F112/><W47/><G47/><T73/><D73/><U87/><E56/><V108/><F127/><W135/><G8/><T66/><D11/><U2/><E94/><V115/><F115/><W31/><G31/><T19/><D30/><U46/><E44/><V133/><F133/><W134/><G134/><T88/><D4/><U17/><E2/><V125/><F125/><W113/><G113/><T42/><D42/><N who="1" m="24663" /><E51/><V40/><F40/><W25/><G25/><T80/><D68/><U0/><E0/><V91/><F91/><AGARI ba="0,0" hai="10,15,17,26,27,81,82,85,87,90,91" m="24663" machi="91" ten="30,1000,0" yaku="8,1" doraHai="118" who="1" fromWho="2" sc="250,0,250,10,250,-10,250,0" /><INIT seed="1,0,0,0,0,120" ten="250,260,240,250" oya="1" hai0="92,20,68,42,23,52,117,1,85,54,65,49,97" hai1="84,134,80,58,63,75,87,48,62,33,79,95,56" hai2="44,109,35,127,116,34,110,125,99,102,17,105,83" hai3="114,6,123,86,100,118,41,38,18,30,3,106,82"/><U133/><E33/><N who="2" m="12299" /><F116/><W88/><G123/><T53/><D117/><U107/><E107/><V96/><F96/><W101/><G118/><T119/><D119/><U69/><E69/><V71/><F71/><W59/><G114/><T15/><D1/><U74/><E48/><V37/><F17/><W112/><G112/><T104/><D104/><U60/><E95/><V55/><F83/><W25/><G106/><T24/><D85/><U12/><E12/><V115/><F115/><W124/><G124/><N who="2" m="47689" /><F55/><W11/><G18/><N who="0" m="10335" /><D68/><U9/><E9/><V93/><F93/><W16/><G16/><N who="0" m="12391" /><D65/><U29/><E29/><V66/><F66/><W14/><G3/><T130/><D130/><U67/><E67/><V132/><F132/><N who="1" m="50793" /><E75/><V76/><F76/><W10/><G10/><T31/><D31/><U126/><E126/><V61/><F61/><W89/><G30/><T81/><D81/><U46/><E46/><V73/><F73/><W135/><G135/><T43/><D49/><U57/><AGARI ba="0,0" hai="56,57,58,60,62,63,74,79,80,84,87" m="50793" machi="57" ten="40,2100,0" yaku="20,1" doraHai="120" who="1" fromWho="1" sc="250,-7,260,21,240,-7,250,-7" /><INIT seed="1,1,0,1,5,107" ten="243,281,233,243" oya="1" hai0="55,10,112,80,20,35,74,93,126,83,4,88,16" hai1="44,63,46,12,26,7,65,130,110,133,64,68,5" hai2="71,90,122,87,8,113,89,53,111,2,43,41,14" hai3="104,54,17,103,118,24,78,32,25,98,22,38,57"/><U6/><E130/><V132/><F71/><W127/><G38/><T31/><D112/><U84/><E133/><V115/><F2/><W75/><G127/><T61/><D126/><U27/><E12/><V108/><F53/><W34/><G118/><T62/><D35/><U36/><E36/><V105/><F105/><W23/><G78/><T72/><D31/><U70/><E84/><V124/><F124/><W48/><REACH who="3" step="1"/><G75/><REACH who="3" ten="243,281,233,233" step="2"/><T85/><D74/><U9/><E110/><V66/><F111/><W50/><G50/><T77/><D83/><U134/><E134/><V94/><F108/><W51/><G51/><T81/><D80/><U56/><E63/><V45/><F132/><W52/><G52/><T99/><D55/><U114/><E64/><V79/><F79/><W82/><G82/><T73/><D73/><U129/><E65/><V59/><F66/><W101/><G101/><T76/><D76/><U96/><E114/><V95/><F115/><W100/><G100/><T47/><D47/><U117/><E46/><V11/><F45/><W37/><G37/><T86/><D86/><U69/><E44/><V128/><F113/><W60/><G60/><T92/><D92/><U102/><E117/><V19/><F95/><W97/><G97/><T58/><D58/><U121/><E56/><V30/><F59/><W116/><G116/><T28/><D85/><U67/><E67/><V33/><F87/><W15/><G15/><T18/><D62/><U106/><E70/><V3/><F14/><W120/><G120/><T21/><D61/><U29/><E121/><V123/><F122/><RYUUKYOKU ba="1,1" sc="243,-10,281,-10,233,-10,233,30" hai3="17,22,23,24,25,32,34,48,54,57,98,103,104" /><INIT seed="2,2,1,4,4,67" ten="233,271,223,263" oya="2" hai0="55,13,121,124,29,51,56,126,36,24,130,42,115" hai1="134,80,110,47,44,61,128,68,21,30,1,16,43" hai2="92,12,19,91,117,85,112,119,23,65,9,7,70" hai3="33,59,35,6,102,109,60,135,95,22,57,79,53"/><V104/><F104/><W105/><G105/><T66/><D121/><U113/><E113/><V116/><F112/><W17/><G109/><T3/><D3/><U39/><E1/><V90/><F90/><W100/><G135/><T123/><D123/><U97/><E110/><V62/><REACH who="2" step="1"/><F116/><REACH who="2" ten="233,271,213,263" step="2"/><W122/><G122/><T50/><D115/><U15/><E134/><V5/><F5/><W125/><G6/><T108/><D126/><U111/><E111/><V48/><F48/><W101/><G102/><T114/><D51/><U20/><E39/><V103/><F103/><W96/><G101/><T63/><D50/><U82/><E61/><V77/><F77/><W46/><G125/><T52/><D63/><U71/><E128/><V84/><F84/><W107/><G79/><T8/><D36/><U127/><E127/><V64/><F64/><W74/><G107/><T106/><D66/><U76/><E76/><V40/><F40/><W25/><G74/><T129/><D42/><U132/><E43/><V27/><AGARI ba="2,2" hai="7,9,12,19,23,27,62,65,70,85,91,92,117,119" machi="27" ten="20,7800,0" yaku="1,1,0,1,7,1,52,1,53,0" doraHai="67" doraHaiUra="32" who="2" fromWho="2" sc="233,-28,271,-28,213,104,263,-28" /><INIT seed="2,3,0,2,5,120" ten="205,243,317,235" oya="2" hai0="103,56,27,47,52,48,83,121,68,64,126,105,59" hai1="42,117,93,7,113,127,19,39,22,49,65,102,24" hai2="28,2,67,29,74,131,87,97,21,111,123,108,78" hai3="53,82,69,16,118,26,31,43,79,40,57,91,129"/><V36/><F74/><W72/><G118/><T100/><D121/><U8/><E113/><V96/><F123/><W58/><G69/><T92/><D126/><U73/><E117/><V81/><F36/><W25/><G129/><T0/><D0/><U125/><E73/><V60/><F2/><W90/><G26/><T11/><D105/><U12/><E39/><V14/><F131/><W132/><G132/><T70/><D83/><U106/><E106/><V85/><F85/><W116/><G116/><T130/><D130/><U13/><E65/><V3/><F3/><W4/><G4/><T115/><D11/><U10/><E42/><V50/><F50/><W128/><G128/><T61/><D115/><U63/><E63/><V124/><F124/><W35/><G57/><T101/><D92/><U62/><E62/><V15/><F97/><W54/><G54/><T112/><D112/><U33/><E49/><V84/><F84/><W122/><G122/><T9/><D59/><U34/><E93/><V6/><F96/><W30/><G30/><N who="2" m="11881" /><F21/><N who="3" m="13479" /><G43/><T88/><D27/><U66/><E102/><V37/><F37/><W41/><G41/><T20/><D20/><U77/><E125/><V109/><F6/><W107/><G40/><T17/><D70/><AGARI ba="3,0" hai="14,15,60,67,70,78,81,87,108,109,111" m="11881" machi="70" ten="30,12000,1" yaku="14,1,10,1,52,3" doraHai="120" who="2" fromWho="0" sc="205,-129,243,0,317,129,235,0" /><INIT seed="2,4,0,5,0,96" ten="76,243,446,235" oya="2" hai0="93,56,71,105,88,72,64,126,6,116,39,131,67" hai1="13,100,21,106,108,26,7,28,122,70,58,98,29" hai2="81,84,11,18,124,73,46,104,75,133,65,123,3" hai3="63,134,121,115,119,36,42,2,48,20,79,89,50"/><V53/><F104/><W35/><G35/><T61/><D116/><U82/><E108/><V74/><F123/><W44/><G119/><T5/><D105/><U103/><E122/><V112/><F112/><W102/><G2/><T43/><D72/><U1/><E1/><V24/><F124/><W30/><G115/><T0/><D126/><U118/><E118/><V15/><F133/><W16/><G121/><T17/><D131/><U111/><E111/><V109/><F109/><W37/><G134/><T19/><D43/><U114/><E114/><V128/><F128/><W41/><G30/><T33/><D39/><U25/><E70/><V92/><F92/><W83/><G89/><T129/><D33/><U107/><E82/><V8/><F65/><W62/><G36/><T55/><D129/><U66/><E13/><V101/><F101/><W85/><G102/><T113/><D113/><U32/><E7/><N who="0" m="2569" /><D0/><U4/><E4/><V77/><F3/><W57/><G42/><T60/><D71/><U97/><E66/><N who="0" m="25129" /><D60/><U117/><E117/><V38/><F38/><W132/><G132/><T130/><D130/><U135/><E135/><V10/><F24/><N who="3" m="14343" /><G37/><T34/><D34/><U78/><E58/><V22/><F46/><W87/><G57/><T120/><D120/><U49/><E49/><V69/><F69/><W90/><G50/><T9/><D9/><U45/><E45/><V52/><AGARI ba="4,0" hai="8,10,11,15,18,22,52,53,73,74,75,77,81,84" machi="52" ten="40,3900,0" yaku="0,1,54,1" doraHai="96" who="2" fromWho="2" sc="76,-17,243,-17,446,51,235,-17" /><INIT seed="2,5,0,5,0,1" ten="59,226,497,218" oya="2" hai0="68,72,50,15,121,42,94,14,5,6,39,69,98" hai1="77,59,66,54,88,81,32,126,38,71,61,75,111" hai2="34,55,37,102,63,99,65,131,79,85,93,74,46" hai3="125,86,91,132,16,31,100,43,114,0,97,80,106"/><V7/><F131/><W109/><G109/><T124/><D121/><U47/><E111/><V12/><F34/><W30/><G132/><T11/><D72/><U52/><E126/><V19/><F74/><W29/><G125/><T26/><D39/><U112/><E112/><V78/><F85/><W115/><G0/><T45/><D124/><U36/><E32/><V64/><F37/><W53/><G43/><T84/><D26/><U20/><E20/><V105/><F105/><W123/><G123/><T35/><D35/><U2/><E2/><V18/><F7/><N who="0" m="2570" /><D69/><U58/><E47/><V21/><F19/><W113/><G53/><T57/><D68/><U62/><E88/><V117/><F117/><W67/><G67/><N who="2" m="25673" /><F63/><AGARI ba="5,0" hai="36,38,52,54,58,59,61,62,63,66,71,75,77,81" machi="63" ten="30,3900,0" yaku="7,1,9,1,54,1" doraHai="1" who="1" fromWho="2" sc="59,0,226,54,497,-54,218,0" /><INIT seed="3,0,0,2,3,123" ten="59,280,443,218" oya="3" hai0="130,23,101,128,124,97,22,89,31,48,27,114,20" hai1="57,40,117,66,120,36,112,30,6,51,8,12,93" hai2="56,90,134,38,81,102,69,96,116,46,82,104,67" hai3="84,74,77,11,100,39,33,17,47,26,2,111,13"/><W10/><G100/><T62/><D62/><U24/><E112/><V35/><F69/><W118/><G118/><T55/><D114/><U70/><E117/><V45/><F35/><W73/><G84/><T87/><D124/><U107/><E107/><V98/><F116/><W125/><G125/><T42/><D42/><U83/><E120/><V129/><F129/><W5/><G111/><T7/><D7/><U15/><E36/><V133/><F96/><W92/><G92/><T28/><D28/><U119/><E119/><V52/><F67/><W106/><G106/><T72/><D72/><U16/><E70/><V108/><F108/><W99/><G99/><T131/><D89/><U44/><E83/><N who="2" m="31755" /><F90/><W132/><G77/><T126/><D87/><U110/><E110/><V29/><F29/><W19/><G132/><N who="2" m="50793" /><F38/><W63/><G33/><T18/><D31/><U135/><E135/><V53/><F53/><W88/><G88/><T61/><D61/><AGARI ba="0,0" hai="45,46,52,56,61,98,102,104" m="50793,31755" machi="61" ten="30,2000,0" yaku="20,1,54,1" doraHai="123" who="2" fromWho="0" sc="59,-20,280,0,443,20,218,0" /><INIT seed="4,0,0,2,0,0" ten="39,280,463,218" oya="0" hai0="132,109,10,123,31,110,52,122,6,88,79,21,28" hai1="25,11,111,32,119,75,115,8,69,18,126,40,131" hai2="23,41,57,107,27,42,112,118,65,94,101,92,113" hai3="105,3,59,104,34,53,74,76,61,89,77,17,16"/><T49/><D132/><U127/><E40/><N who="2" m="15467" /><F107/><W114/><G34/><T29/><D79/><U60/><E75/><V37/><F37/><W130/><G3/><N who="0" m="351" /><D21/><U78/><E78/><V124/><F118/><W103/><G74/><T64/><D64/><U85/><E60/><N who="2" m="38031" /><F124/><W51/><G61/><T133/><D88/><U98/><E85/><V12/><F12/><W43/><G89/><T70/><D70/><U46/><E46/><V45/><F45/><W106/><G59/><N who="0" m="33167" /><D133/><U38/><E98/><N who="2" m="59591" /><F94/><W99/><G17/><T117/><D117/><U55/><E38/><V84/><F84/><W100/><G76/><T90/><D90/><U35/><E32/><V82/><F82/><W30/><G51/><T2/><D2/><U108/><E119/><V5/><F5/><W4/><G77/><T20/><D20/><U86/><E35/><V9/><F9/><W26/><G4/><T87/><D87/><U125/><E125/><V56/><F56/><W15/><G15/><T24/><D24/><U116/><E116/><V14/><F14/><W66/><G66/><T80/><D80/><U95/><E69/><V13/><F13/><W121/><G26/><T54/><D54/><U48/><E126/><V68/><F68/><W1/><G53/><T50/><D50/><U44/><E127/><V67/><F67/><W129/><G1/><T47/><D47/><U73/><E44/><V96/><F96/><W120/><G99/><T83/><D83/><U135/><E48/><V33/><F33/><W7/><G43/><T91/><D91/><U58/><E55/><V102/><F102/><RYUUKYOKU ba="0,0" sc="39,15,280,-15,463,15,218,-15" hai0="28,29,31,109,110,122,123" hai2="23,27,112,113" /><INIT seed="4,1,0,4,1,133" ten="54,265,478,203" oya="0" hai0="101,22,125,119,48,56,36,110,87,13,105,62,9" hai1="113,19,38,86,34,60,92,79,120,114,30,122,84" hai2="28,109,128,0,41,97,116,68,66,64,80,51,75" hai3="98,14,26,85,4,37,39,94,112,43,12,70,111"/><T50/><D119/><U69/><E38/><V78/><F109/><W88/><G111/><T11/><D36/><U49/><E34/><V35/><F0/><W61/><G112/><N who="1" m="43114" /><E30/><V58/><F68/><W67/><G4/><N who="0" m="3239" /><D110/><U3/><E3/><V29/><F128/><W46/><G39/><T31/><D11/><U24/><E49/><N who="0" m="19049" /><D87/><N who="1" m="33323" /><E79/><V96/><F78/><W82/><REACH who="3" step="1"/><G26/><REACH who="3" ten="54,265,478,193" step="2"/><N who="0" m="16855" /><D101/><AGARI ba="1,1" hai="12,14,37,43,46,61,67,70,82,85,88,94,98,101" machi="101" ten="30,3900,0" yaku="1,1,7,1,54,1,53,0" doraHai="133" doraHaiUra="127" who="3" fromWho="0" sc="54,-42,265,0,478,0,193,52" /><INIT seed="5,0,0,2,2,103" ten="12,265,478,245" oya="1" hai0="70,128,11,57,83,100,105,79,30,131,69,89,117" hai1="25,35,28,101,55,96,12,72,19,85,108,87,13" hai2="67,78,9,84,46,116,48,2,112,34,71,115,124" hai3="24,63,7,127,18,66,134,125,99,51,41,16,135"/><U91/><E72/><V10/><F34/><W73/><G73/><T118/><D57/><U1/><E1/><V6/><F116/><N who="0" m="44650" /><D30/><U119/><E119/><V33/><F33/><W77/><G77/><T65/><D11/><U38/><E38/><V93/><F124/><N who="3" m="47691" /><G7/><T98/><D65/><U26/><E108/><V94/><F10/><W107/><G41/><T29/><D29/><U102/><E101/><V47/><F67/><W114/><G114/><N who="2" m="43561" /><F71/><N who="3" m="42463" /><G51/><T81/><D70/><U22/><E55/><N who="2" m="30103" /><F47/><W3/><G3/><T4/><D4/><U39/><E39/><V74/><F74/><W21/><G18/><T42/><D42/><U50/><E50/><V82/><AGARI ba="0,0" hai="2,6,9,78,82,84,93,94" m="30103,43561" machi="82" ten="30,2000,0" yaku="15,1,11,1" doraHai="103" who="2" fromWho="2" sc="12,-5,265,-10,478,20,245,-5" /><INIT seed="6,0,0,3,4,61" ten="7,255,498,240" oya="2" hai0="58,20,7,28,72,50,79,95,100,1,125,94,121" hai1="44,120,36,4,109,22,34,117,47,118,99,106,97" hai2="76,91,131,71,38,75,130,16,129,3,67,32,5" hai3="85,12,115,30,133,35,124,104,21,17,81,23,89"/><V119/><F119/><W40/><G104/><T68/><D68/><U51/><E34/><V126/><F32/><W134/><G124/><T78/><D125/><U62/><E109/><V82/><F126/><W108/><G108/><T86/><D121/><U26/><E120/><V60/><F38/><W101/><G101/><T96/><D72/><U113/><E113/><V116/><F116/><W29/><G35/><T114/><D114/><U111/><E111/><V132/><F132/><W48/><G115/><T98/><D1/><U74/><E74/><V103/><F103/><W15/><G133/><T122/><D122/><U110/><E110/><V24/><F91/><W73/><G73/><T45/><D7/><U11/><E106/><V14/><F24/><W105/><G105/><T54/><D86/><U42/><E117/><V107/><F107/><W69/><G69/><T13/><D45/><U53/><E118/><V8/><F3/><W27/><G134/><T33/><D33/><U102/><E102/><V57/><F71/><W80/><G80/><T6/><D6/><AGARI ba="0,0" hai="5,6,8,14,16,57,60,67,75,76,82,129,130,131" machi="6" ten="40,7700,0" yaku="19,1,52,1,54,1" doraHai="61" who="2" fromWho="0" sc="7,-77,255,0,498,77,240,0" owari="-70,-57.0,255,6.0,575,67.0,240,-16.0" /></mjloggm>