<mjloggm ver="2.3"><GO type="169" lobby="0"/><UN n0="%E4%BC%BC%E9%9D%9E%E3%81%BE%E3%81%99%E3%81%9F%E3%83%BC%EF%BC%93" n1="%4D%72%2E%6E%69%6B%75%39" n2="%E5%B0%B1%E6%B4%BB%E7%94%9F%40%E5%B7%9D%E6%9D%91%E8%BB%8D%E5%9B%A3" n3="%54%4F%52" dan="16,17,19,16" rate="2097.58,2166.67,2355.78,2071.79" sx="M,M,M,M"/><TAIKYOKU oya="0"/><INIT seed="0,0,0,1,0,96" ten="250,250,250,250" oya="0" hai0="108,73,114,100,42,62,44,5,115,127,33,11,84" hai1="36,38,32,93,37,15,25,129,20,60,53,67,8" hai2="70,103,99,1,111,30,92,41,90,82,0,13,121" hai3="55,126,34,40,74,122,4,112,50,35,52,72,39"/><T22/><D73/><U109/><E109/><V125/><F111/><W106/><G112/><T80/><D108/><U66/><E32/><V87/><F121/><W98/><G126/><T78/><D33/><U132/><E132/><V51/><F125/><W54/><G39/><T85/><D127/><U23/><E129/><V27/><F70/><W7/><G122/><T43/><D43/><U69/><E66/><V88/><F13/><W61/><G61/><T97/><D22/><U29/><E23/><N who="2" m="15743" /><F1/><W94/><G106/><T58/><D85/><U12/><E8/><V77/><F0/><W2/><G34/><T57/><D11/><U110/><E110/><V75/><F75/><W105/><G105/><T19/><D19/><U10/><E10/><V107/><F107/><W130/><G130/><T131/><D5/><U119/><E119/><V95/><F95/><W3/><G3/><T59/><D62/><U104/><E104/><V14/><F14/><W17/><G35/><T133/><D133/><U26/><E26/><V118/><F118/><W124/><G124/><T49/><REACH who="0" step="1"/><D131/><REACH who="0" ten="240,250,250,250" step="2"/><U6/><E6/><N who="3" m="2090" /><G2/><T64/><D64/><U135/><E135/><V68/><F68/><W71/><G71/><T117/><D117/><U116/><E116/><V76/><F76/><W28/><G74/><T16/><D16/><U47/><E69/><V134/><F134/><W120/><G17/><T86/><D86/><U24/><E67/><V128/><F128/><W81/><G72/><T9/><D9/><U89/><E60/><V46/><AGARI ba="0,1" hai="41,46,51,77,82,87,88,90,92,99,103" m="15743" machi="46" ten="30,4000,0" yaku="8,1,52,1,54,1" doraHai="96" who="2" fromWho="2" sc="240,-20,250,-10,250,50,250,-10" /><INIT seed="1,0,0,5,4,135" ten="220,240,300,240" oya="1" hai0="111,28,50,64,79,107,83,101,128,116,63,57,51" hai1="80,60,74,13,54,44,94,31,104,56,69,134,90" hai2="129,77,19,82,21,12,52,4,133,53,112,72,49" hai3="2,76,68,62,20,100,122,106,84,39,33,119,71"/><U46/><E134/><V58/><F133/><W117/><G33/><T24/><D116/><U109/><E104/><V75/><F112/><W89/><G2/><T113/><D113/><U87/><E109/><V95/><F129/><W86/><G39/><T30/><D111/><U99/><E74/><V29/><F29/><W110/><G110/><T7/><D128/><U73/><E73/><V17/><F75/><W91/><G76/><T66/><D7/><U108/><E108/><V35/><F35/><W115/><G122/><T125/><D125/><U103/><E69/><V27/><F95/><W70/><G62/><T1/><D1/><U78/><E78/><V25/><F4/><W15/><G115/><T61/><D101/><U38/><E38/><V102/><F102/><W43/><G43/><T14/><D14/><U85/><E85/><N who="3" m="32874" /><G20/><N who="0" m="15367" /><D30/><U92/><E31/><V47/><REACH who="2" step="1"/><F17/><REACH who="2" ten="220,240,290,240" step="2"/><W88/><G100/><T97/><D107/><U3/><E94/><V32/><F32/><W16/><G106/><T67/><D83/><U5/><E3/><V130/><F130/><W126/><G126/><T40/><D97/><U18/><REACH who="1" step="1"/><E5/><REACH who="1" ten="220,230,290,240" step="2"/><V10/><F10/><AGARI ba="0,2" hai="10,13,18,44,46,54,56,60,80,87,90,92,99,103" machi="10" ten="30,11600,0" yaku="1,1,2,1,7,1,8,1,53,0" doraHai="135" doraHaiUra="131" who="1" fromWho="2" sc="220,0,230,136,290,-116,240,0" /><INIT seed="1,1,0,2,5,71" ten="220,366,174,240" oya="1" hai0="104,129,79,60,81,1,70,112,98,52,89,121,15" hai1="119,110,113,87,101,122,30,64,38,6,31,14,56" hai2="54,32,91,12,8,72,118,23,66,21,74,128,36" hai3="123,108,84,117,125,116,107,75,73,88,10,5,97"/><U58/><E113/><V19/><F32/><W62/><G123/><T26/><D1/><U135/><E119/><N who="3" m="45642" /><G108/><T43/><D121/><U50/><E122/><V27/><F118/><W7/><G125/><T44/><D112/><U86/><E135/><V46/><F128/><W100/><G62/><T40/><D129/><U41/><E101/><V67/><F74/><N who="3" m="28171" /><G10/><T83/><D79/><U59/><E64/><V37/><F72/><W95/><AGARI ba="1,0" hai="5,7,84,88,95,97,100,107" m="28171,45642" machi="95" ten="30,2000,0" yaku="12,1,54,1" doraHai="71" who="3" fromWho="3" sc="220,-6,366,-11,174,-6,240,23" /><INIT seed="2,0,0,5,4,52" ten="214,355,168,263" oya="2" hai0="9,51,7,66,113,16,13,56,47,92,68,119,18" hai1="110,127,48,123,65,23,15,71,86,46,36,79,21" hai2="6,83,73,129,57,37,109,5,82,122,28,121,1" hai3="98,58,134,124,2,35,106,40,11,33,105,70,39"/><V67/><F37/><W125/><G134/><T102/><D113/><U14/><E110/><V62/><F129/><W45/><G70/><T69/><D119/><U101/><E36/><V84/><F109/><W132/><G132/><T104/><D104/><N who="3" m="40041" /><G58/><T135/><D135/><U55/><E127/><N who="3" m="48714" /><G98/><N who="0" m="59719" /><D69/><U99/><E123/><V59/><F1/><W120/><G120/><T74/><D74/><U93/><E65/><V8/><F28/><W130/><G130/><T75/><D75/><U103/><E103/><V61/><F8/><W29/><G29/><T43/><D68/><U22/><E71/><V10/><F10/><W126/><G126/><T19/><D66/><U91/><REACH who="1" step="1"/><E79/><REACH who="1" ten="214,345,168,263" step="2"/><V72/><F67/><W54/><G54/><T115/><D115/><U81/><AGARI ba="0,1" hai="14,15,21,22,23,46,48,55,81,86,91,93,99,101" machi="81" ten="30,7900,0" yaku="1,1,2,1,0,1,8,1,53,0" doraHai="52" doraHaiUra="133" who="1" fromWho="1" sc="214,-20,345,89,168,-39,263,-20" /><INIT seed="3,0,0,0,5,77" ten="194,434,129,243" oya="3" hai0="88,81,69,48,30,16,2,32,24,72,10,5,37" hai1="117,23,95,35,20,96,67,15,97,126,18,90,73" hai2="57,78,43,124,119,54,106,91,71,28,46,34,89" hai3="47,109,115,120,22,123,25,12,108,27,9,112,121"/><W29/><G27/><T111/><D111/><N who="3" m="42569" /><G47/><T83/><D69/><U68/><E35/><V135/><F71/><W52/><G52/><T99/><D37/><U80/><E126/><V45/><F106/><W105/><G105/><T75/><D48/><U65/><E117/><V50/><F124/><W74/><G74/><T51/><D75/><U40/><E40/><V133/><F119/><W53/><G53/><T33/><D33/><U41/><E41/><V0/><F0/><W107/><G107/><T36/><D36/><U8/><E67/><V100/><F46/><W127/><G127/><T94/><D72/><U101/><E65/><V21/><F34/><W116/><G116/><T6/><D51/><U76/><E68/><V132/><F43/><W114/><G114/><T66/><D66/><U59/><E59/><V55/><F55/><W98/><G98/><T3/><REACH who="0" step="1"/><D16/><AGARI ba="0,0" hai="9,12,16,22,25,29,112,115,120,121,123" m="42569" machi="16" ten="40,12000,1" yaku="14,1,10,1,34,2,54,1" doraHai="77" who="3" fromWho="0" sc="194,-120,434,0,129,0,243,120" /><INIT seed="3,1,0,5,4,106" ten="74,434,129,363" oya="3" hai0="2,80,41,96,26,57,89,119,75,46,129,30,10" hai1="128,48,54,101,91,39,53,16,105,55,117,19,32" hai2="14,28,77,38,25,24,114,120,34,60,66,74,95" hai3="56,21,23,5,104,132,42,68,85,72,134,51,108"/><W131/><G68/><T63/><D119/><U67/><E39/><V11/><F114/><W49/><G104/><T123/><D123/><U102/><E32/><V22/><F38/><W18/><G131/><T100/><D129/><U6/><E128/><V64/><F120/><W31/><G72/><T98/><D100/><N who="1" m="38507" /><E105/><V86/><F95/><W36/><G5/><T52/><D2/><U87/><E117/><V135/><F86/><W71/><G71/><T73/><D10/><U111/><E111/><V109/><F109/><W29/><G108/><T17/><D17/><N who="1" m="6731" /><E67/><V44/><F66/><W4/><G4/><T45/><D45/><N who="1" m="27791" /><E6/><V83/><F44/><W47/><G23/><T126/><D126/><U40/><E40/><V93/><F34/><W3/><G3/><T9/><D9/><U50/><E50/><N who="3" m="18954" /><G56/><T122/><D122/><U37/><E37/><V97/><F22/><W121/><G121/><T69/><D69/><U61/><E61/><V124/><F124/><W65/><G65/><T62/><D62/><U76/><E76/><V99/><F60/><W35/><G35/><N who="0" m="20951" /><D46/><U78/><E78/><V43/><F64/><W7/><G7/><T115/><D115/><U130/><E130/><V125/><F125/><W13/><G31/><T107/><D41/><U110/><E110/><V12/><F43/><W27/><G29/><T112/><D112/><U103/><E103/><V59/><F28/><W0/><G0/><T133/><D107/><U70/><E70/><V20/><F20/><W58/><G21/><T90/><D57/><U82/><AGARI ba="1,0" hai="54,55,82,87,91" m="27791,6731,38507" machi="82" ten="30,2000,0" yaku="8,1,54,1" doraHai="106" who="1" fromWho="1" sc="74,-6,434,23,129,-6,363,-11" /><INIT seed="4,0,0,4,3,117" ten="68,457,123,352" oya="0" hai0="32,48,5,69,87,107,31,83,8,82,70,97,47" hai1="111,81,39,84,64,36,63,75,26,135,72,118,38" hai2="59,6,10,93,0,4,53,20,126,23,46,56,2" hai3="106,49,92,98,55,128,65,113,45,131,133,102,19"/><T101/><D32/><U61/><E118/><V120/><F120/><W125/><G113/><T134/><D31/><U90/><E111/><V88/><F126/><W60/><G125/><T28/><D28/><U74/><E135/><V33/><F33/><W30/><G30/><T89/><D83/><U29/><REACH who="1" step="1"/><E64/><REACH who="1" ten="68,447,123,352" step="2"/><V17/><F2/><W22/><G133/><T91/><D134/><U114/><E114/><V52/><F0/><W51/><G131/><T79/><D70/><U12/><E12/><N who="2" m="7319" /><F6/><W116/><G128/><T123/><D69/><U37/><N who="1" m="9216" /><DORA hai="100" /><U54/><E54/><V104/><F4/><W13/><G116/><T50/><D123/><U71/><E71/><V25/><F52/><W85/><G49/><T109/><D109/><U9/><E9/><V78/><F53/><W24/><G13/><T57/><D50/><U67/><E67/><V42/><F42/><W132/><G132/><T66/><D66/><U41/><E41/><V115/><F115/><W121/><G121/><T130/><D130/><U129/><E129/><V119/><F119/><W40/><G40/><N who="0" m="24679" /><D57/><U43/><E43/><V94/><F59/><W112/><G112/><T110/><D110/><U127/><E127/><V16/><F56/><W58/><REACH who="3" step="1"/><G85/><REACH who="3" ten="68,447,123,342" step="2"/><T103/><D87/><U27/><E27/><V86/><F25/><W34/><G34/><AGARI ba="0,2" hai="26,29,34,61,63,72,74,75,81,84,90" m="9216" machi="34" ten="70,2300,0" yaku="1,1,53,0" doraHai="117,100" doraHaiUra="7,122" who="1" fromWho="3" sc="68,0,447,43,123,0,342,-23" /><INIT seed="5,0,0,4,0,3" ten="68,490,123,319" oya="1" hai0="93,124,16,54,22,133,75,102,91,94,113,7,131" hai1="135,44,47,110,60,83,98,12,40,105,53,29,87" hai2="51,76,125,45,129,100,99,59,56,43,69,130,11" hai3="81,120,37,57,32,92,119,33,1,72,5,107,78"/><U67/><E135/><V90/><F69/><W128/><G92/><T6/><D133/><U126/><E126/><V36/><F125/><W31/><G57/><T41/><D124/><U64/><E110/><V89/><F76/><W62/><G120/><T52/><D75/><U26/><E12/><V49/><F11/><W104/><G128/><N who="2" m="49257" /><F59/><W2/><G62/><T38/><D131/><U25/><E25/><V84/><F56/><W77/><G77/><T42/><D113/><U13/><E13/><V50/><F84/><W115/><G115/><T79/><D38/><U95/><E105/><AGARI ba="0,0" hai="36,43,45,49,50,51,89,90,99,100,105" m="49257" machi="105" ten="30,1000,0" yaku="19,1" doraHai="3" who="2" fromWho="1" sc="68,0,490,-10,123,10,319,0" /><INIT seed="6,0,0,0,1,15" ten="68,480,133,319" oya="2" hai0="4,0,94,101,51,22,27,86,125,41,79,65,8" hai1="69,44,100,74,64,10,90,19,6,124,9,83,76" hai2="71,46,38,114,117,21,63,61,1,130,33,112,62" hai3="108,120,53,88,49,81,24,16,82,77,127,129,95"/><V102/><F33/><W14/><G108/><T28/><D125/><U75/><E75/><V34/><F34/><W20/><G120/><T104/><D104/><U37/><E100/><V126/><F1/><W72/><G129/><T106/><D106/><U103/><E103/><V32/><F32/><W43/><G127/><T30/><D65/><U121/><E124/><V2/><F2/><W45/><G82/><T99/><D79/><U93/><E121/><V116/><F102/><W128/><G128/><T92/><D41/><U113/><E113/><N who="2" m="43627" /><F21/><W107/><G107/><T85/><D51/><U17/><E9/><V68/><F126/><W52/><REACH who="3" step="1"/><G24/><REACH who="3" ten="68,480,133,309" step="2"/><T110/><D110/><U66/><E83/><V60/><F130/><W111/><G111/><T91/><REACH who="0" step="1"/><D86/><AGARI ba="0,1" hai="14,16,20,43,45,49,52,53,72,77,81,86,88,95" machi="86" ten="30,12000,2" yaku="1,1,7,1,52,1,54,3,53,0" doraHai="15" doraHaiUra="109" who="3" fromWho="0" sc="68,-120,480,0,133,0,309,130" owari="-52,-55.0,480,58.0,133,-27.0,439,24.0" /></mjloggm>