<mjloggm ver="2.3"><GO type="169" lobby="0"/><UN n0="%E7%A2%BA%E8%AA%8D%E4%BA%8B%E9%A0%85" n1="%E3%81%A9%E3%81%84%E3%83%BC%E3%82%93" n2="%E7%82%8E%E3%81%AE%E3%82%B7%E3%83%A5%E3%83%AC%E3%83%B3" n3="%E3%82%A6%E3%83%AB%E3%83%88%E3%83%A9%E7%AB%8B%E7%9B%B4" dan="17,16,17,17" rate="2188.40,2068.01,2132.84,2227.65" sx="M,M,M,M"/><TAIKYOKU oya="0"/><INIT seed="0,0,0,3,1,29" ten="250,250,250,250" oya="0" hai0="110,56,135,79,36,98,87,72,74,35,127,69,53" hai1="27,129,125,126,82,76,133,25,96,93,85,124,108" hai2="64,47,39,122,23,46,90,73,15,66,42,59,62" hai3="34,130,80,70,57,54,101,3,38,8,86,49,6"/><T84/><D36/><U13/><E108/><V7/><F73/><W24/><G130/><T89/><D69/><U100/><E133/><V121/><F66/><W22/><G101/><T78/><D56/><U37/><E37/><V134/><F134/><W118/><G38/><T115/><D53/><U112/><E112/><V117/><F47/><W20/><G70/><T65/><D65/><U109/><E129/><V91/><F117/><W58/><G58/><T106/><D35/><U16/><REACH who="1" step="1"/><E109/><REACH who="1" ten="250,240,250,250" step="2"/><V103/><F39/><W4/><G118/><T18/><D135/><U48/><E48/><V10/><F122/><W33/><G4/><T120/><D115/><U111/><E111/><V17/><F121/><W60/><G49/><T123/><D110/><U43/><E43/><V21/><F42/><W11/><G11/><AGARI ba="0,1" hai="11,13,16,25,27,76,82,85,93,96,100,124,125,126" machi="11" ten="40,5200,0" yaku="1,1,18,1,54,1,53,0" doraHai="29" doraHaiUra="63" who="1" fromWho="3" sc="250,0,240,62,250,0,250,-52" /><INIT seed="1,0,0,2,5,15" ten="250,302,250,198" oya="1" hai0="31,71,86,66,19,33,0,34,81,65,7,87,118" hai1="44,58,133,104,111,103,74,18,117,85,32,127,5" hai2="22,38,6,42,96,100,63,98,122,46,62,43,114" hai3="99,121,56,35,55,41,14,53,60,23,17,67,123"/><U69/><E69/><V13/><F122/><W79/><G35/><T128/><D118/><U89/><E74/><V9/><F114/><W130/><G130/><T54/><D0/><U95/><E32/><V101/><F43/><W64/><G41/><T29/><D7/><U72/><E117/><V94/><REACH who="2" step="1"/><F22/><REACH who="2" ten="250,302,240,198" step="2"/><W80/><G123/><T102/><D33/><U12/><E111/><V27/><F27/><W59/><G121/><T91/><D34/><U57/><E127/><V116/><F116/><W52/><G99/><T109/><D109/><U24/><E72/><V50/><F50/><W37/><G37/><T39/><D39/><U84/><E24/><V124/><F124/><W106/><G106/><AGARI ba="0,1" hai="6,9,13,38,42,46,62,63,94,96,98,100,101,106" machi="106" ten="30,3900,0" yaku="1,1,7,1,53,1" doraHai="15" doraHaiUra="8" who="2" fromWho="3" sc="250,0,302,0,240,49,198,-39" /><INIT seed="2,0,0,2,1,102" ten="250,302,289,159" oya="2" hai0="45,103,28,116,82,111,131,130,17,126,13,75,89" hai1="119,63,30,86,10,35,74,78,99,88,55,113,92" hai2="27,91,95,52,48,94,65,43,12,24,33,32,1" hai3="3,122,67,105,14,0,132,5,19,73,109,38,37"/><V18/><F1/><W40/><G122/><T22/><D111/><U72/><E119/><V59/><F33/><W51/><G73/><T87/><D116/><U21/><E35/><V98/><F32/><W31/><G31/><T120/><D120/><U70/><E113/><V29/><F29/><W7/><G67/><T20/><D126/><U80/><E10/><V112/><F112/><W76/><G76/><T56/><D75/><U57/><REACH who="1" step="1"/><E70/><REACH who="1" ten="250,292,289,159" step="2"/><V8/><F65/><W44/><G109/><T2/><D22/><U108/><E108/><V36/><REACH who="2" step="1"/><F95/><REACH who="2" ten="250,292,279,159" step="2"/><W42/><G0/><T93/><D2/><U25/><AGARI ba="0,2" hai="21,25,30,55,57,63,72,74,78,80,86,88,92,99" machi="25" ten="30,4000,0" yaku="1,1,0,1,54,1,53,0" doraHai="102" doraHaiUra="68" who="1" fromWho="1" sc="250,-10,292,60,279,-20,159,-10" /><INIT seed="3,0,0,1,0,80" ten="240,352,259,149" oya="3" hai0="39,59,112,92,106,63,130,103,43,26,58,17,71" hai1="21,99,27,57,66,13,2,46,65,93,54,35,31" hai2="61,51,29,121,12,16,76,67,40,1,10,9,120" hai3="34,11,126,97,36,6,72,62,125,24,55,68,109"/><W64/><G72/><T14/><D106/><U82/><E2/><V69/><F29/><W37/><G55/><T47/><D130/><U89/><E46/><V25/><F25/><W56/><G56/><T78/><D112/><U3/><E3/><V122/><F76/><W74/><G74/><T119/><D119/><U75/><E35/><V115/><F115/><W4/><G4/><T60/><D26/><U32/><E32/><V105/><F105/><W83/><G83/><T50/><D78/><U45/><E45/><N who="2" m="26023" /><F1/><N who="3" m="463" /><G97/><N who="0" m="59815" /><D71/><U118/><E118/><V98/><F98/><W108/><G24/><T73/><D73/><U77/><REACH who="1" step="1"/><E13/><REACH who="1" ten="240,342,259,149" step="2"/><V86/><F9/><W18/><G34/><T116/><D116/><U30/><E30/><V129/><F129/><W110/><G18/><T132/><D17/><U44/><E44/><V113/><F113/><W111/><N who="3" m="27648" /><DORA hai="134" /><W95/><G95/><T85/><D47/><U87/><E87/><AGARI ba="0,1" hai="10,12,16,61,67,69,86,87,120,121,122" m="26023" machi="87" ten="30,7700,0" yaku="13,1,52,2,54,1" doraHai="80,134" who="2" fromWho="1" sc="240,0,342,-77,259,87,149,0" /><INIT seed="4,0,0,0,1,23" ten="240,265,346,149" oya="0" hai0="95,27,37,85,49,64,3,110,126,111,11,75,86" hai1="4,74,56,87,17,101,31,81,67,34,104,109,52" hai2="15,55,2,12,78,133,8,80,51,38,91,7,9" hai3="118,108,43,29,97,79,105,102,82,128,60,103,40"/><T35/><D37/><U123/><E74/><V84/><F38/><W46/><G108/><N who="0" m="41515" /><D75/><U96/><E123/><V41/><F41/><W39/><G128/><T121/><D121/><U131/><E109/><V99/><F133/><W62/><G118/><T58/><D126/><U26/><E131/><V54/><F2/><W33/><G43/><T47/><D95/><U93/><E4/><V57/><F55/><W65/><G103/><T114/><D114/><U113/><E113/><V16/><REACH who="2" step="1"/><F99/><REACH who="2" ten="240,265,336,149" step="2"/><W28/><G62/><T119/><D3/><U44/><E44/><V61/><F61/><W124/><G124/><T122/><D47/><U134/><E134/><V10/><F10/><W0/><G0/><T18/><D11/><U130/><E130/><V92/><F92/><W42/><G42/><T88/><D122/><U94/><E67/><V59/><F59/><W132/><G132/><T1/><D58/><U50/><REACH who="1" step="1"/><E17/><REACH who="1" ten="240,255,336,149" step="2"/><V100/><F100/><W6/><G6/><T32/><D18/><U70/><E70/><V98/><F98/><W68/><REACH who="3" step="1"/><G33/><REACH who="3" ten="240,255,336,139" step="2"/><T129/><D35/><U120/><E120/><V90/><AGARI ba="0,3" hai="7,8,9,12,15,16,51,54,57,78,80,84,90,91" machi="90" ten="30,7900,0" yaku="1,1,0,1,8,1,54,1,53,0" doraHai="23" doraHaiUra="30" who="2" fromWho="2" sc="240,-39,255,-20,336,109,139,-20" /><INIT seed="5,0,0,3,4,21" ten="201,235,445,119" oya="1" hai0="83,134,77,57,81,40,1,59,104,112,78,105,66" hai1="109,28,75,70,111,55,110,84,58,117,15,118,95" hai2="63,2,86,8,0,92,120,123,23,132,50,88,101" hai3="68,85,41,65,122,19,61,35,124,22,34,60,32"/><U17/><E70/><V49/><F132/><W3/><G122/><T45/><D1/><U79/><E28/><V16/><F63/><W64/><G3/><T43/><D45/><U48/><E75/><V107/><F2/><W99/><G124/><T82/><D134/><U71/><E71/><V26/><F49/><W103/><G41/><N who="0" m="15947" /><D66/><U87/><E79/><N who="0" m="30217" /><D112/><U113/><E113/><V129/><F129/><W133/><G133/><T131/><D131/><U29/><E29/><V51/><F51/><W30/><G85/><T46/><D46/><U42/><E42/><V20/><F50/><W73/><G73/><T106/><AGARI ba="0,0" hai="57,59,81,82,83,104,105,106" m="30217,15947" machi="106" ten="40,2700,0" yaku="28,2" doraHai="21" who="0" fromWho="0" sc="201,27,235,-13,445,-7,119,-7" /><INIT seed="6,0,0,3,5,27" ten="228,222,438,112" oya="2" hai0="0,123,73,34,133,117,55,86,69,81,31,134,79" hai1="112,82,17,135,110,23,44,25,125,70,107,4,5" hai2="52,100,63,111,3,13,40,129,24,22,58,15,77" hai3="62,122,119,98,37,47,108,53,60,36,97,85,43"/><V80/><F3/><W57/><G108/><T26/><D123/><U83/><E107/><V16/><F129/><W42/><G122/><T94/><D117/><U56/><E70/><V96/><F40/><W105/><G119/><T114/><D114/><U21/><E112/><V113/><F113/><W54/><G85/><T128/><D128/><U18/><E110/><V46/><F46/><W8/><G8/><T131/><D131/><U88/><E125/><V116/><F116/><W29/><G105/><T101/><D0/><U90/><E135/><N who="0" m="51721" /><D69/><U38/><E56/><V48/><F48/><W66/><G29/><T75/><D55/><N who="3" m="21001" /><G98/><AGARI ba="0,0" hai="26,31,34,73,75,79,81,86,94,98,101" m="51721" machi="98" ten="30,2000,0" yaku="20,1,52,1" doraHai="27" who="0" fromWho="3" sc="228,20,222,0,438,0,112,-20" /><INIT seed="7,0,0,3,3,112" ten="248,222,438,92" oya="3" hai0="20,121,129,8,90,131,26,118,80,2,93,115,24" hai1="108,49,6,22,47,74,104,59,67,29,9,46,48" hai2="65,81,34,88,132,111,56,57,100,42,32,52,58" hai3="94,79,101,51,33,15,98,40,106,72,123,28,39"/><W124/><G123/><T135/><D118/><U4/><E74/><V99/><F42/><W55/><G124/><T61/><D121/><U19/><E104/><V23/><F111/><W122/><G122/><T37/><D115/><U3/><E108/><V68/><F52/><W114/><G114/><T113/><D113/><U133/><E133/><V45/><F45/><W43/><G39/><T84/><D135/><U62/><E29/><V75/><F23/><W103/><G72/><T110/><D110/><U17/><E22/><V76/><F88/><N who="3" m="55623" /><G33/><T125/><D125/><U35/><E6/><V85/><F75/><W27/><G106/><T71/><D37/><U44/><E44/><V86/><F132/><W97/><G79/><T83/><D8/><U128/><E35/><V78/><F78/><W0/><G0/><T16/><D2/><U60/><E60/><V63/><F86/><W96/><G15/><T11/><D26/><U14/><E3/><V116/><F116/><W127/><G127/><T41/><D24/><U87/><E87/><V130/><F130/><W5/><G5/><T7/><D7/><U105/><E105/><V120/><F120/><W89/><G89/><T92/><D90/><U10/><E10/><V21/><F21/><N who="3" m="15471" /><G103/><T134/><D134/><U54/><REACH who="1" step="1"/><E128/><REACH who="1" ten="248,212,438,92" step="2"/><V13/><F13/><W119/><G119/><T38/><D131/><U73/><E73/><V117/><F117/><W95/><G97/><T69/><D129/><U12/><E12/><V107/><AGARI ba="0,1" hai="32,34,56,57,58,63,65,68,76,81,85,99,100,107" machi="107" ten="30,1100,0" yaku="0,1" doraHai="112" who="2" fromWho="2" sc="248,-3,212,-3,438,21,92,-5" owari="245,5.0,209,-19.0,459,55.0,87,-41.0" /></mjloggm>