<mjloggm ver="2.3"><GO type="169" lobby="0"/><UN n0="%E3%82%A6%E3%83%AB%E3%83%88%E3%83%A9%E7%AB%8B%E7%9B%B4" n1="%64%33%76%64%72" n2="%E2%98%85%E9%A2%A8%E3%81%AE%E8%B0%B7%E2%98%85" n3="%6B%E3%81%AE%64%65%73%75" dan="17,17,16,16" rate="2201.96,2175.44,2076.63,2134.13" sx="M,M,M,M"/><TAIKYOKU oya="0"/><INIT seed="0,0,0,4,0,1" ten="250,250,250,250" oya="0" hai0="55,79,128,123,73,44,64,71,98,48,85,62,0" hai1="60,37,70,78,133,90,18,57,5,99,27,101,124" hai2="108,106,54,41,63,9,13,115,72,92,22,23,86" hai3="45,50,21,83,111,8,97,107,93,3,39,100,7"/><T102/><D128/><U126/><E37/><V26/><F72/><W87/><G111/><T42/><D0/><U131/><E70/><V59/><F106/><W103/><G39/><T43/><D73/><U66/><E131/><V52/><F108/><W35/><G35/><T132/><D132/><U40/><E133/><V89/><F115/><W104/><G21/><T91/><D79/><U12/><E40/><V84/><F41/><W116/><G103/><T53/><D123/><U33/><E78/><V95/><F26/><W4/><G7/><T15/><D15/><U135/><E90/><N who="2" m="53319" /><F54/><W32/><G32/><T105/><REACH who="0" step="1"/><D43/><REACH who="0" ten="240,250,250,250" step="2"/><U46/><E135/><V76/><F76/><W67/><G3/><T61/><D61/><U114/><E12/><V82/><F82/><AGARI ba="0,1" hai="42,44,48,53,55,62,64,71,82,85,91,98,102,105" machi="82" ten="30,2900,0" yaku="1,1,7,1,53,0" doraHai="1" doraHaiUra="110" who="0" fromWho="2" sc="240,39,250,0,250,-29,250,0" /><INIT seed="0,1,0,1,0,115" ten="279,250,221,250" oya="0" hai0="34,48,97,95,47,58,79,92,72,67,2,107,71" hai1="25,125,131,123,133,50,106,103,56,98,39,70,22" hai2="84,120,109,66,78,14,7,10,68,86,49,42,18" hai3="41,114,130,73,101,119,135,128,21,111,11,40,96"/><T104/><D2/><U1/><E39/><V77/><F120/><W6/><G114/><T55/><D34/><U121/><E70/><V33/><F33/><W52/><G111/><T91/><D72/><U108/><E108/><V31/><F31/><W129/><G135/><T74/><D74/><U82/><E133/><V0/><F109/><W118/><G73/><T26/><D79/><U27/><E1/><V61/><F78/><W113/><G21/><T117/><D117/><N who="3" m="44553" /><G52/><T87/><D71/><U85/><E25/><V28/><F28/><W127/><G127/><T132/><D132/><U36/><E125/><V59/><F77/><W17/><G17/><T60/><REACH who="0" step="1"/><D26/><REACH who="0" ten="269,250,221,250" step="2"/><U75/><E75/><V64/><F68/><W89/><G113/><T29/><D29/><U16/><E121/><V8/><F0/><N who="3" m="455" /><G89/><AGARI ba="1,1" hai="47,48,55,58,60,67,87,89,91,92,95,97,104,107" machi="89" ten="30,2900,0" yaku="1,1,7,1,53,0" doraHai="115" doraHaiUra="20" who="0" fromWho="3" sc="269,42,250,0,221,0,250,-32" /><INIT seed="0,2,0,2,2,87" ten="311,250,221,218" oya="0" hai0="6,97,127,16,77,70,132,15,93,71,23,61,58" hai1="21,121,38,75,115,12,43,102,124,99,72,45,63" hai2="10,5,78,56,76,91,8,86,68,128,41,125,50" hai3="40,73,46,17,107,1,135,36,126,52,44,49,64"/><T119/><D119/><U69/><E121/><V105/><F68/><W110/><G110/><T2/><D127/><U24/><E124/><V54/><F105/><W123/><G126/><T95/><D132/><U94/><E115/><V112/><F112/><W30/><G107/><T67/><D77/><U18/><REACH who="1" step="1"/><E24/><REACH who="1" ten="311,240,221,218" step="2"/><V20/><F125/><W98/><G123/><T34/><D34/><U114/><E114/><V79/><F128/><W81/><G135/><T103/><D2/><U109/><E109/><V92/><F5/><W59/><G1/><T90/><REACH who="0" step="1"/><D6/><REACH who="0" ten="301,240,221,218" step="2"/><U7/><E7/><V116/><F116/><W53/><G73/><T85/><AGARI ba="2,2" hai="15,16,23,58,61,67,70,71,85,90,93,95,97,103" machi="85" ten="20,18000,2" yaku="1,1,2,1,0,1,7,1,52,1,54,1,53,1" doraHai="87" doraHaiUra="57" who="0" fromWho="0" sc="301,206,240,-62,221,-62,218,-62" /><INIT seed="0,3,0,5,3,24" ten="507,178,159,156" oya="0" hai0="63,31,48,116,67,100,16,106,19,0,122,97,79" hai1="113,37,58,98,101,130,30,96,55,18,22,109,132" hai2="12,35,88,119,111,70,43,135,11,25,51,84,50" hai3="5,4,59,123,7,134,42,1,40,17,72,102,44"/><T127/><D0/><U114/><E37/><V86/><F70/><W128/><G72/><T39/><D39/><U80/><E132/><V66/><F66/><W3/><G134/><T64/><D122/><U2/><E2/><V124/><F135/><W118/><G118/><T107/><D116/><U125/><E130/><V52/><F119/><W87/><G128/><T82/><D67/><U65/><E125/><V131/><F131/><W95/><G123/><T47/><D106/><U20/><E80/><V57/><F124/><W110/><G110/><T21/><D21/><U104/><E98/><V8/><F8/><W120/><G120/><T53/><D31/><U71/><E109/><V93/><F111/><W34/><G34/><T76/><D76/><U49/><E30/><V27/><F35/><W103/><G17/><T81/><D81/><U89/><E89/><V129/><F86/><W117/><G117/><T56/><REACH who="0" step="1"/><D127/><REACH who="0" ten="497,178,159,156" step="2"/><U14/><E20/><V45/><REACH who="2" step="1"/><F129/><REACH who="2" ten="497,178,149,156" step="2"/><W78/><G1/><T41/><D41/><U6/><E65/><V92/><F92/><W77/><G3/><T15/><D15/><U115/><E71/><V121/><F121/><W33/><G42/><T99/><D99/><U74/><E74/><AGARI ba="3,2" hai="16,19,47,48,53,56,63,64,74,79,82,97,100,107" machi="74" ten="30,5800,0" yaku="1,1,7,1,54,1,53,0" doraHai="24" doraHaiUra="83" who="0" fromWho="1" sc="497,87,178,-67,149,0,156,0" /><INIT seed="0,4,0,4,2,68" ten="584,111,149,156" oya="0" hai0="128,83,105,15,19,75,0,48,33,29,17,127,101" hai1="65,111,126,72,3,97,5,108,54,22,31,37,134" hai2="42,100,40,90,26,38,109,18,62,74,49,76,133" hai3="95,84,77,66,110,59,25,130,78,131,51,13,56"/><T14/><D105/><U47/><E72/><V121/><F121/><W103/><G110/><T23/><D101/><U102/><E134/><V46/><F133/><W117/><G117/><T57/><D75/><U88/><E65/><V64/><F109/><N who="1" m="42057" /><E126/><V39/><F100/><W35/><G13/><T44/><D0/><U55/><E5/><V28/><F18/><W63/><G35/><T124/><D57/><U6/><E37/><V98/><F42/><W87/><G25/><T21/><D128/><N who="3" m="49193" /><G103/><T41/><D83/><U27/><E47/><V60/><F60/><N who="3" m="38151" /><G51/><T7/><D7/><U104/><E88/><V89/><F76/><N who="3" m="29291" /><G95/><T67/><D67/><AGARI ba="4,0" hai="59,63,67,84,87" m="29291,38151,49193" machi="67" ten="30,1000,0" yaku="19,1" doraHai="68" who="3" fromWho="0" sc="584,-22,111,0,149,0,156,22" /><INIT seed="1,0,0,0,3,71" ten="562,111,149,178" oya="1" hai0="41,36,117,34,93,99,20,115,122,70,133,69,119" hai1="73,15,68,56,53,25,80,76,32,39,6,87,44" hai2="40,9,92,84,13,126,58,118,94,64,78,48,62" hai3="83,50,79,129,11,35,85,72,46,82,90,16,8"/><U104/><E104/><V100/><F118/><W30/><G129/><T97/><D34/><U2/><E68/><V7/><F126/><W61/><G61/><T4/><D4/><U107/><E107/><V33/><F33/><W125/><G125/><T128/><D20/><U22/><E32/><V31/><F31/><W19/><G11/><T88/><D41/><U63/><E2/><V135/><F100/><W130/><G130/><T120/><D93/><U3/><E3/><V113/><F135/><W95/><G8/><T67/><D67/><U0/><E0/><V127/><F127/><W116/><G116/><T47/><D128/><U89/><E6/><V60/><F60/><W45/><G45/><T98/><D133/><U103/><E15/><V109/><F109/><W66/><G66/><T77/><D70/><U59/><E103/><V96/><F96/><W111/><G111/><T55/><D69/><U21/><E59/><V54/><F113/><W18/><G95/><T101/><D122/><U112/><E112/><V121/><F121/><W10/><G10/><T14/><D14/><U28/><E22/><V5/><F5/><W27/><REACH who="3" step="1"/><G19/><REACH who="3" ten="562,111,149,168" step="2"/><T1/><D119/><U108/><E108/><V75/><F64/><W106/><G106/><T17/><D117/><U74/><REACH who="1" step="1"/><E76/><REACH who="1" ten="562,101,149,168" step="2"/><V57/><F78/><W42/><AGARI ba="0,2" hai="16,18,27,30,35,42,46,50,72,79,82,83,85,90" machi="42" ten="20,12000,2" yaku="1,1,0,1,7,1,54,1,53,2" doraHai="71" doraHaiUra="12" who="3" fromWho="3" sc="562,-30,101,-60,149,-30,168,140" /><INIT seed="2,0,0,3,1,7" ten="532,41,119,308" oya="2" hai0="75,34,98,135,55,133,125,129,68,114,119,36,53" hai1="41,130,44,54,49,83,63,79,74,12,117,61,105" hai2="128,60,116,65,76,69,30,8,103,124,123,0,78" hai3="56,93,9,86,23,111,95,32,99,106,113,2,66"/><V45/><F123/><W37/><G32/><T102/><RYUUKYOKU type="yao9" ba="0,0" sc="532,0,41,0,119,0,308,0" hai0="34,36,53,55,68,75,98,102,114,119,125,129,133,135" /><INIT seed="2,1,0,4,2,42" ten="532,41,119,308" oya="2" hai0="106,12,34,76,20,133,66,47,28,101,97,61,81" hai1="63,53,99,19,74,67,54,102,112,55,109,9,108" hai2="96,6,135,35,89,14,7,124,26,56,120,2,77" hai3="5,40,104,21,64,49,117,88,110,32,86,114,57"/><V48/><F120/><W95/><G117/><T91/><D91/><U71/><E74/><V45/><F2/><W62/><G32/><T125/><D125/><U126/><E126/><V0/><F0/><W38/><G110/><T72/><D12/><U103/><E112/><V41/><F124/><W25/><G114/><T122/><D20/><U79/><E79/><V50/><F135/><W1/><G104/><T130/><D47/><U46/><E9/><V115/><F115/><W84/><G38/><T131/><D122/><U118/><E19/><V23/><F35/><W52/><G40/><T82/><D82/><U116/><E102/><V51/><F77/><W92/><G5/><N who="2" m="1545" /><F14/><W33/><G33/><T17/><D17/><U83/><E118/><V39/><F39/><W127/><G1/><T121/><D121/><U123/><E116/><V27/><F56/><N who="3" m="36935" /><G127/><T37/><D37/><U98/><E123/><V128/><F128/><W4/><G4/><T22/><D22/><U78/><E109/><V31/><F27/><W68/><G68/><N who="0" m="42063" /><D133/><U134/><E134/><V10/><F10/><W16/><G92/><AGARI ba="1,0" hai="23,26,31,41,45,48,50,51,89,92,96" m="1545" machi="92" ten="30,2900,0" yaku="8,1,52,1" doraHai="42" who="2" fromWho="3" sc="532,0,41,0,119,32,308,-32" /><INIT seed="2,2,0,3,3,133" ten="532,41,151,276" oya="2" hai0="72,92,82,78,118,66,34,47,107,129,127,6,125" hai1="41,37,85,101,54,68,42,28,1,105,9,26,17" hai2="81,46,106,56,63,33,65,19,87,16,7,110,49" hai3="121,64,71,114,116,103,80,90,135,130,44,0,84"/><V29/><F106/><W75/><G121/><T74/><D34/><U112/><E112/><V98/><F98/><W86/><G116/><T60/><D107/><U12/><E68/><V13/><F110/><W94/><G0/><T77/><D129/><U38/><E105/><V123/><F123/><W132/><G130/><T20/><D6/><U4/><E101/><V31/><F33/><W69/><G114/><T22/><D92/><U102/><E102/><V97/><F97/><W25/><G75/><T119/><D47/><U111/><E111/><V53/><F7/><W73/><G73/><T21/><D77/><U126/><E54/><V89/><F19/><W10/><G10/><AGARI ba="2,0" hai="10,13,16,29,31,46,49,53,56,63,65,81,87,89" machi="10" ten="30,12000,1" yaku="7,1,25,2,8,1,54,1" doraHai="133" who="2" fromWho="3" sc="532,0,41,0,151,126,276,-126" /><INIT seed="2,3,0,0,5,23" ten="532,41,277,150" oya="2" hai0="11,92,128,44,86,132,66,116,133,134,57,6,52" hai1="73,15,9,33,70,79,2,129,32,14,131,123,105" hai2="90,74,126,87,26,25,48,18,97,16,34,17,102" hai3="59,68,130,37,42,54,95,39,117,81,71,63,49"/><V41/><F74/><W24/><G117/><T27/><D128/><U99/><E70/><N who="3" m="26666" /><G81/><T98/><D116/><U35/><E73/><V80/><F34/><W43/><G95/><T100/><D66/><U83/><E79/><V46/><REACH who="2" step="1"/><F126/><REACH who="2" ten="532,41,267,150" step="2"/><W115/><G130/><T60/><D133/><U7/><E131/><V101/><F101/><W84/><G115/><T124/><D124/><U78/><E129/><V91/><F91/><W122/><G122/><T53/><D100/><U110/><E123/><V64/><F64/><W82/><G39/><T4/><D134/><U135/><E135/><V1/><F1/><W118/><G37/><T76/><D132/><U62/><E33/><V30/><F30/><W47/><G118/><T58/><D76/><U0/><E35/><V61/><F61/><W88/><G88/><T36/><D60/><U69/><E32/><V125/><F125/><W40/><G63/><T19/><D36/><U94/><E2/><V77/><F77/><W28/><G28/><T10/><D19/><U93/><E62/><V55/><F55/><W121/><G121/><T85/><D52/><U113/><E113/><V106/><AGARI ba="3,1" hai="16,17,18,25,26,41,46,48,80,87,90,97,102,106" machi="106" ten="30,12000,1" yaku="1,1,0,1,52,2,54,1,53,0" doraHai="23" doraHaiUra="89" who="2" fromWho="2" sc="532,-43,41,-43,267,139,150,-43" owari="489,58.0,-2,-50.0,406,21.0,107,-29.0" /></mjloggm>