<mjloggm ver="2.3"><GO type="169" lobby="0"/><UN n0="%E3%82%A2%E3%83%95%E3%83%AA%E3%82%AB%E3%8C%A7%E3%81%93%E3%82%8C%E3%82%89" n1="%E3%82%A6%E3%83%AB%E3%83%88%E3%83%A9%E7%AB%8B%E7%9B%B4" n2="%45%E5%9B%9E%E8%B7%AF" n3="%E3%81%BD%E3%82%80%E5%A4%AA%E9%83%8E" dan="16,18,16,16" rate="2040.95,2228.70,2130.93,2059.90" sx="M,M,M,F"/><TAIKYOKU oya="0"/><INIT seed="0,0,0,0,3,27" ten="250,250,250,250" oya="0" hai0="18,81,47,84,70,68,100,76,32,120,36,128,125" hai1="10,16,6,25,51,118,11,13,53,74,79,88,28" hai2="30,77,58,22,122,133,108,83,132,134,40,67,2" hai3="35,85,104,97,103,12,102,105,45,130,98,64,91"/><T48/><D120/><U129/><E118/><V60/><F2/><W106/><G35/><T19/><D125/><U71/><E71/><V114/><F122/><W21/><G130/><T41/><D128/><U42/><E129/><V119/><F40/><W109/><G109/><T89/><D100/><N who="3" m="38441" /><G64/><T93/><D32/><U46/><E74/><V121/><F121/><W72/><G45/><T34/><D34/><U126/><E79/><V61/><F61/><W8/><G21/><T55/><D68/><U14/><E126/><V0/><F0/><W62/><G62/><T107/><D107/><N who="3" m="41033" /><G12/><T20/><D70/><U1/><E88/><V26/><F108/><W59/><G59/><T101/><D101/><U115/><E115/><V54/><F119/><W57/><G57/><T37/><D20/><N who="1" m="15399" /><E1/><V113/><REACH who="2" step="1"/><F67/><REACH who="2" ten="250,250,240,250" step="2"/><W17/><G106/><T117/><D117/><U63/><E63/><V69/><F69/><W96/><G8/><T23/><D41/><AGARI ba="0,1" hai="6,10,11,13,14,16,41,42,46,51,53" m="15399" machi="41" ten="30,3900,0" yaku="8,1,52,1,54,1" doraHai="27" who="1" fromWho="0" sc="250,-39,250,49,240,0,250,0" /><INIT seed="1,0,0,3,2,113" ten="211,299,240,250" oya="1" hai0="90,117,89,4,3,111,20,21,43,97,81,72,69" hai1="94,123,103,65,73,127,67,11,104,50,115,62,60" hai2="129,25,63,131,40,22,71,23,74,19,52,95,26" hai3="2,99,17,130,108,37,92,1,55,10,135,66,59"/><U64/><E123/><V83/><F40/><W36/><G108/><T114/><D114/><U31/><E104/><V126/><F126/><W124/><G135/><T125/><D69/><U28/><E73/><V12/><F95/><W49/><G130/><T118/><D111/><U132/><E115/><V7/><F71/><W100/><G124/><T88/><D125/><U120/><E120/><V9/><F74/><W109/><G109/><T91/><D43/><U45/><E132/><V58/><REACH who="2" step="1"/><F83/><REACH who="2" ten="211,299,230,250" step="2"/><W101/><G36/><T18/><D72/><U75/><E75/><V106/><F106/><W128/><G37/><T32/><D81/><U93/><E127/><V54/><F54/><W133/><G128/><T82/><D82/><U110/><E110/><V16/><AGARI ba="0,1" hai="7,9,12,16,19,22,23,25,26,52,58,63,129,131" machi="16" ten="30,8000,1" yaku="1,1,0,1,9,1,54,2,53,0" doraHai="113" doraHaiUra="80" who="2" fromWho="2" sc="211,-20,299,-40,230,90,250,-20" /><INIT seed="2,0,0,0,1,55" ten="191,259,320,230" oya="2" hai0="52,0,19,44,63,8,84,96,28,47,76,116,48" hai1="58,7,36,39,92,74,111,10,30,15,53,31,85" hai2="43,67,72,93,86,119,29,123,101,5,16,6,64" hai3="103,87,34,4,130,12,104,46,99,97,45,126,14"/><V88/><F119/><W108/><G108/><T59/><D116/><U128/><E74/><V115/><F123/><W22/><G34/><T83/><D28/><U124/><E128/><V51/><F115/><W1/><G1/><T27/><D0/><U66/><E124/><V62/><F72/><W56/><G126/><T91/><D47/><N who="3" m="17929" /><G103/><T105/><D105/><U106/><E106/><V77/><F29/><W13/><G104/><T132/><D132/><U33/><E111/><V79/><F51/><W100/><G100/><T135/><D135/><U118/><E118/><V68/><F43/><W127/><G127/><T89/><D96/><N who="3" m="36937" /><G87/><T50/><D50/><U35/><E35/><V109/><F101/><W69/><G69/><T122/><D122/><U75/><E75/><V81/><F109/><W40/><G40/><N who="0" m="24583" /><D27/><U23/><E36/><V133/><F133/><W82/><G82/><T121/><D121/><U98/><E39/><V134/><F134/><W42/><G42/><T125/><D125/><U80/><E33/><V32/><F32/><W73/><G73/><T26/><D26/><N who="1" m="16735" /><E31/><V11/><F81/><W17/><G130/><T37/><D37/><U18/><E80/><V120/><F120/><W2/><G2/><T107/><D107/><U9/><E85/><V113/><F113/><W71/><G71/><T49/><D49/><N who="1" m="31023" /><E98/><V95/><F68/><W94/><G94/><T38/><D38/><U20/><E92/><V90/><F93/><W117/><G117/><T61/><D61/><U65/><E7/><N who="2" m="2571" /><F95/><W78/><G4/><T25/><D25/><U24/><E24/><RYUUKYOKU ba="0,0" sc="191,15,259,15,320,-15,230,-15" hai0="8,19,52,59,63,76,83,84,89,91" hai1="9,10,15,18,20,65,66" /><INIT seed="3,1,0,2,3,123" ten="206,274,305,215" oya="3" hai0="105,14,78,125,85,113,132,73,90,101,16,98,3" hai1="61,40,102,99,28,71,114,43,87,19,25,109,135" hai2="8,119,133,22,6,60,47,91,50,63,51,82,11" hai3="104,130,27,81,13,86,18,126,118,84,30,37,58"/><W76/><G37/><T65/><D3/><U93/><E114/><V107/><F107/><W7/><G126/><T59/><D125/><U38/><E135/><V17/><F119/><W68/><G68/><T92/><D132/><U24/><E38/><V42/><F133/><W53/><G104/><T106/><D113/><U55/><E24/><V97/><F51/><W121/><G130/><T44/><D44/><U96/><E19/><V131/><F131/><W26/><G121/><T23/><D65/><U15/><E15/><V31/><F31/><W122/><G118/><T0/><D0/><U120/><E87/><V21/><F21/><W20/><G7/><T80/><D106/><U10/><E10/><V35/><F35/><W88/><G30/><T9/><D59/><U110/><E99/><V39/><F39/><W134/><G134/><T29/><D29/><U49/><E120/><V45/><F45/><W57/><G57/><T70/><D70/><U116/><E116/><V112/><F112/><W95/><G122/><T117/><D117/><U66/><E55/><V52/><F42/><W67/><G67/><T83/><D83/><U75/><E75/><V34/><F34/><W79/><G76/><T128/><D128/><U54/><E54/><V5/><F5/><W62/><AGARI ba="1,0" hai="13,18,20,26,27,53,58,62,79,81,84,86,88,95" machi="62" ten="20,7800,0" yaku="0,1,7,1,8,1,54,1" doraHai="123" who="3" fromWho="3" sc="206,-27,274,-27,305,-27,215,81" /><INIT seed="3,2,0,0,5,77" ten="179,247,278,296" oya="3" hai0="120,119,35,21,117,126,20,17,123,58,87,22,130" hai1="129,66,27,104,60,36,111,45,85,116,115,42,112" hai2="0,97,105,43,37,26,68,99,2,62,134,84,71" hai3="46,96,67,30,41,10,32,53,121,102,24,55,4"/><W114/><G121/><N who="0" m="46667" /><D58/><U79/><E104/><V34/><F84/><W6/><G114/><T9/><D87/><U56/><E111/><V23/><F23/><W51/><G67/><T15/><D126/><U82/><E129/><V19/><F19/><W94/><REACH who="3" step="1"/><G4/><REACH who="3" ten="179,247,278,286" step="2"/><T103/><D130/><U29/><REACH who="1" step="1"/><E116/><REACH who="1" ten="179,237,278,286" step="2"/><V107/><F107/><W49/><G49/><T48/><D48/><U57/><E57/><V109/><F105/><W47/><G47/><T118/><D118/><U113/><E113/><V106/><F106/><W16/><G16/><T78/><D117/><U61/><E61/><V5/><F62/><W52/><G52/><T8/><D119/><U89/><E89/><V65/><F71/><W11/><G11/><T28/><D8/><U122/><E122/><V86/><F68/><W92/><G92/><T25/><D17/><U31/><E31/><V80/><F109/><W18/><G18/><T91/><D28/><U64/><E64/><V131/><F65/><W33/><G33/><AGARI ba="2,2" hai="27,29,33,36,42,45,56,60,66,79,82,85,112,115" machi="33" ten="30,3900,0" yaku="1,1,7,1,52,1,53,0" doraHai="77" doraHaiUra="3" who="1" fromWho="3" sc="179,0,237,65,278,0,286,-45" /><INIT seed="4,0,0,5,3,49" ten="179,302,278,241" oya="0" hai0="122,53,19,24,58,32,116,92,99,101,26,108,65" hai1="21,90,29,111,70,30,100,43,15,134,31,20,39" hai2="77,36,71,9,57,46,47,67,113,106,18,51,103" hai3="130,54,66,133,98,40,132,41,126,129,95,38,112"/><T114/><D116/><U55/><E70/><V78/><F113/><W88/><G112/><T13/><D114/><U64/><E64/><V86/><F47/><N who="3" m="23959" /><G41/><T109/><D122/><U44/><E111/><N who="0" m="42569" /><D65/><U28/><E134/><N who="3" m="51818" /><G66/><T1/><D1/><U10/><E100/><V131/><F9/><W48/><G126/><T56/><D32/><U105/><E105/><V91/><F18/><W75/><G75/><T73/><D73/><U119/><E119/><V63/><F131/><W12/><G12/><T52/><D58/><AGARI ba="0,0" hai="48,54,58,88,95,98,129,130" m="51818,23959" machi="58" ten="30,3900,0" yaku="20,1,52,1,54,1" doraHai="49" who="3" fromWho="0" sc="179,-39,302,0,278,0,241,39" /><INIT seed="5,0,0,5,2,46" ten="140,302,278,280" oya="1" hai0="21,22,44,27,29,92,49,36,94,60,106,135,95" hai1="120,25,122,68,87,38,19,7,71,108,43,101,52" hai2="90,65,114,73,109,117,48,115,34,32,5,118,132" hai3="33,10,4,53,86,74,76,69,77,81,110,39,133"/><U58/><E101/><V14/><F109/><W9/><G110/><T126/><D106/><U57/><E87/><V67/><F73/><W82/><G33/><N who="2" m="12905" /><F90/><W66/><G133/><T42/><D135/><U99/><E99/><V72/><F72/><W116/><G116/><N who="2" m="44649" /><F132/><W20/><G66/><N who="2" m="25097" /><F5/><W3/><G69/><N who="1" m="26698" /><E7/><V64/><N who="2" m="25105" /><V70/><DORA hai="128" /><F70/><W93/><G9/><T8/><D126/><U56/><E25/><V31/><F14/><W83/><G83/><T62/><D8/><U61/><E19/><V15/><F15/><W98/><G20/><T30/><REACH who="0" step="1"/><D36/><REACH who="0" ten="130,302,278,280" step="2"/><U91/><E108/><V97/><F97/><W6/><G39/><T75/><D75/><U63/><E38/><V103/><F103/><W105/><G105/><T130/><D130/><U127/><E127/><V111/><F111/><W102/><G6/><T124/><D124/><U0/><E122/><V16/><F31/><W119/><G119/><T112/><D112/><N who="2" m="43050" /><F16/><W26/><G74/><T47/><D47/><U88/><E120/><V41/><F41/><W54/><G26/><AGARI ba="0,1" hai="21,22,26,27,29,30,42,44,49,60,62,92,94,95" machi="26" ten="40,8000,1" yaku="1,1,9,1,8,1,52,1,53,1" doraHai="46,128" doraHaiUra="12,37" who="0" fromWho="3" sc="130,90,302,0,278,0,280,-80" /><INIT seed="6,0,0,2,5,87" ten="220,302,278,200" oya="2" hai0="42,77,110,40,47,10,130,85,41,127,68,131,16" hai1="48,102,37,21,31,79,32,43,2,58,78,30,120" hai2="80,15,57,17,93,114,55,26,118,72,45,0,44" hai3="96,20,46,22,60,49,36,61,3,95,25,123,119"/><V9/><F118/><W50/><G3/><T132/><D110/><U94/><E32/><V106/><F106/><W29/><G119/><T11/><D68/><U65/><E37/><V6/><F114/><W133/><G133/><T7/><D132/><U39/><E39/><V56/><F26/><W135/><G135/><T116/><D127/><U75/><E2/><V82/><F56/><W5/><G123/><T70/><D70/><U101/><E75/><V59/><F59/><W109/><G109/><T4/><D116/><U128/><E128/><N who="0" m="49193" /><D16/><U108/><E120/><V8/><F72/><W34/><G5/><N who="0" m="2123" /><D47/><U124/><E124/><V66/><F45/><W90/><G36/><T52/><D52/><U125/><E125/><V27/><F44/><W53/><REACH who="3" step="1"/><G50/><REACH who="3" ten="220,302,278,190" step="2"/><T23/><D23/><AGARI ba="0,1" hai="20,22,23,25,29,34,46,49,53,60,61,90,95,96" machi="23" ten="40,5200,0" yaku="1,1,2,1,52,1,53,0" doraHai="87" doraHaiUra="98" who="3" fromWho="0" sc="220,-52,302,0,278,0,190,62" /><INIT seed="7,0,0,5,5,80" ten="168,302,278,252" oya="3" hai0="35,114,102,95,123,53,26,89,31,61,91,13,128" hai1="46,51,126,43,42,117,56,14,44,32,116,78,3" hai2="134,45,25,41,101,54,104,22,66,17,68,109,8" hai3="77,112,57,0,127,7,60,96,18,12,64,65,92"/><W36/><G112/><T76/><D123/><U28/><E3/><V88/><F109/><W59/><G36/><T21/><D114/><U79/><E126/><V63/><F134/><W5/><G127/><T93/><D128/><U125/><E125/><V119/><F119/><N who="1" m="45641" /><E56/><V87/><F54/><W130/><G0/><T50/><D76/><U69/><E69/><V115/><F115/><W131/><G77/><T108/><D108/><U111/><E111/><V52/><F52/><N who="3" m="33831" /><G131/><T120/><D120/><U71/><E71/><V135/><F135/><W132/><G132/><T121/><D121/><U37/><E14/><V23/><F101/><N who="3" m="60551" /><G130/><T48/><D102/><U83/><E83/><V24/><F104/><W118/><G118/><T9/><D35/><U16/><E16/><V55/><F55/><W38/><G38/><T6/><D61/><U20/><E32/><V49/><F8/><N who="3" m="6407" /><G59/><T124/><D124/><U29/><E79/><V99/><F99/><W30/><G30/><T100/><D100/><U70/><E78/><V15/><F23/><W105/><G105/><T34/><D34/><U94/><E70/><V47/><F45/><W72/><G72/><T113/><D113/><U27/><E29/><V86/><F86/><W129/><G129/><T110/><D110/><U19/><E28/><V81/><AGARI ba="0,0" hai="15,17,22,24,25,41,47,49,63,66,68,81,87,88" machi="81" ten="20,5200,0" yaku="0,1,7,1,52,1,54,1" doraHai="80" who="2" fromWho="2" sc="168,-13,302,-13,278,52,252,-26" owari="155,-34.0,289,9.0,330,42.0,226,-17.0" /></mjloggm>