<mjloggm ver="2.3"><GO type="169" lobby="0"/><UN n0="%E3%83%88%E3%83%88%E3%83%AA%E5%85%88%E7%94%9F%31%39%E6%AD%B3" n1="%E8%99%8E%E7%9A%AE%E7%8C%AB" n2="%43%52%41%5A%59%42%45%45" n3="%E3%81%BF%E3%83%BC%E3%82%8B" dan="18,17,18,16" rate="2291.98,2202.10,2204.82,2068.13" sx="F,F,M,F"/><TAIKYOKU oya="0"/><INIT seed="0,0,0,3,4,21" ten="250,250,250,250" oya="0" hai0="34,81,12,57,43,105,135,115,78,61,95,133,27" hai1="71,11,30,94,80,123,14,53,16,58,22,46,44" hai2="55,90,113,13,18,47,59,99,101,0,132,64,76" hai3="20,19,75,104,29,33,79,15,51,100,68,91,36"/><T124/><D115/><U48/><E71/><V112/><F0/><W129/><G68/><T3/><D105/><U62/><E123/><V116/><F76/><W89/><G36/><T50/><D3/><U49/><E94/><V73/><F73/><W109/><G129/><T66/><D124/><U2/><E80/><V65/><F132/><N who="0" m="50762" /><D95/><U114/><E114/><V9/><F116/><W128/><G128/><T8/><D43/><U24/><E2/><V96/><F112/><W56/><G109/><T111/><D50/><AGARI ba="0,0" hai="11,14,16,22,24,30,44,46,48,49,50,53,58,62" machi="50" ten="40,5200,0" yaku="8,1,52,1,54,1" doraHai="21" who="1" fromWho="0" sc="250,-52,250,52,250,0,250,0" /><INIT seed="1,0,0,0,2,4" ten="198,302,250,250" oya="1" hai0="98,3,97,68,64,18,22,66,78,14,109,0,93" hai1="77,74,126,7,8,83,86,16,105,116,34,23,88" hai2="43,85,127,24,110,100,81,59,27,58,108,123,107" hai3="125,62,131,28,134,63,46,79,69,12,11,17,104"/><U122/><E116/><V92/><F123/><W19/><G104/><T56/><D68/><U112/><E122/><V6/><F107/><W118/><G131/><T128/><D128/><U42/><E112/><V84/><F43/><W49/><G118/><T76/><D109/><U38/><E34/><V2/><F127/><W72/><G125/><T80/><D97/><U114/><E114/><V73/><F73/><W20/><G28/><T67/><D56/><U120/><E120/><V41/><F41/><W132/><G79/><T87/><REACH who="0" step="1"/><D78/><REACH who="0" ten="188,302,250,250" step="2"/><U40/><E126/><V21/><F59/><W61/><G69/><T113/><D113/><U33/><E105/><V133/><F58/><W135/><G72/><T115/><D115/><U10/><E77/><V89/><F108/><W52/><REACH who="3" step="1"/><G63/><REACH who="3" ten="188,302,250,240" step="2"/><T94/><D94/><U13/><E74/><V124/><F92/><W36/><G36/><T129/><D129/><U30/><E38/><V111/><F111/><W96/><G96/><T65/><N who="0" m="16384" /><DORA hai="51" /><T37/><D37/><U15/><E83/><V47/><F81/><W82/><G82/><T95/><D95/><U102/><E102/><AGARI ba="0,2" hai="0,3,14,18,22,76,80,87,93,98,102" m="16384" machi="102" ten="50,1600,0" yaku="1,1,53,0" doraHai="4,51" doraHaiUra="39,29" who="0" fromWho="1" sc="188,36,302,-16,250,0,240,0" /><INIT seed="2,0,0,5,5,86" ten="224,286,250,240" oya="2" hai0="74,42,55,41,32,26,128,110,85,132,88,72,58" hai1="43,77,33,57,62,24,37,70,118,63,115,129,117" hai2="50,4,18,111,22,68,71,112,6,99,123,28,124" hai3="95,48,96,135,36,61,17,15,49,20,3,10,90"/><V8/><F123/><W7/><G36/><T104/><D104/><U101/><E115/><V73/><F112/><W91/><G135/><T114/><D114/><U121/><E129/><V126/><F73/><W60/><G49/><T107/><D107/><U2/><E2/><V134/><F28/><W108/><G108/><T31/><D110/><U21/><E121/><V65/><F111/><W45/><REACH who="3" step="1"/><G91/><REACH who="3" ten="224,286,250,230" step="2"/><T51/><D132/><U34/><E37/><V5/><F50/><W92/><G92/><T75/><REACH who="0" step="1"/><D128/><REACH who="0" ten="214,286,250,230" step="2"/><U25/><E117/><V94/><F134/><W76/><G76/><T13/><D13/><U127/><E77/><V103/><F124/><W82/><G82/><AGARI ba="0,2" hai="26,31,32,41,42,51,55,58,72,74,75,82,85,88" machi="82" ten="40,8000,1" yaku="1,1,52,1,54,1,53,1" doraHai="86" doraHaiUra="80" who="0" fromWho="3" sc="214,100,286,0,250,0,230,-80" /><INIT seed="3,0,0,1,5,134" ten="314,286,250,150" oya="3" hai0="93,30,120,92,127,43,96,65,70,76,81,3,47" hai1="90,95,53,60,9,46,125,59,34,126,8,124,63" hai2="84,7,131,10,88,6,111,82,119,87,20,77,116" hai3="83,49,72,114,103,35,50,13,23,62,109,31,17"/><W66/><G114/><T79/><D120/><U27/><E46/><V64/><F111/><W106/><G109/><T135/><D3/><U28/><E63/><V85/><F131/><W108/><G108/><T94/><D135/><U132/><E132/><V133/><F133/><W39/><G39/><T78/><D30/><U44/><E44/><V61/><F20/><W32/><G72/><T86/><D127/><U68/><E68/><V99/><F99/><AGARI ba="0,0" hai="8,9,27,28,34,53,59,60,90,95,99,124,125,126" machi="99" ten="40,8000,1" yaku="18,1,52,3" doraHai="134" who="1" fromWho="2" sc="314,0,286,80,250,-80,150,0" /><INIT seed="4,0,0,4,3,124" ten="314,366,170,150" oya="0" hai0="96,66,101,81,37,58,1,80,89,22,19,84,32" hai1="43,70,76,127,28,106,50,85,13,55,94,91,114" hai2="14,67,86,62,111,20,46,129,10,23,44,123,116" hai3="31,82,109,4,63,49,9,24,60,77,105,125,2"/><T110/><D32/><U40/><E106/><V78/><F111/><W107/><G125/><T41/><D1/><U6/><E70/><V0/><F123/><W108/><G49/><T33/><D33/><U52/><E127/><V102/><F0/><W42/><G42/><T21/><D110/><U68/><E68/><V69/><F116/><W11/><G108/><T45/><D80/><U54/><E114/><V8/><F102/><W99/><G11/><T118/><D118/><U104/><E104/><V117/><F117/><W113/><G109/><T18/><D22/><U16/><E28/><V103/><F103/><W128/><G113/><T73/><D73/><U126/><E6/><V88/><F78/><W17/><G17/><T95/><D21/><N who="1" m="11407" /><E126/><V83/><F8/><W112/><G112/><T120/><D120/><U122/><E122/><V90/><F23/><W64/><G99/><T71/><D71/><U7/><E7/><V34/><F20/><W51/><G107/><T134/><D134/><U25/><E25/><V87/><F34/><W3/><G105/><T12/><D12/><U48/><E76/><V38/><F38/><W133/><G31/><T57/><D57/><N who="1" m="32903" /><E55/><V119/><F119/><W29/><G29/><T132/><D132/><U75/><E75/><V135/><F135/><W74/><G133/><T121/><D121/><U131/><E131/><V61/><F129/><W98/><G128/><T35/><D35/><U92/><E92/><N who="2" m="54295" /><F69/><W30/><G3/><T26/><D26/><U36/><E36/><V39/><F39/><W97/><G2/><T53/><D53/><RYUUKYOKU ba="0,0" sc="314,15,366,15,170,-15,150,-15" hai0="18,19,37,41,45,58,66,81,84,89,95,96,101" hai1="40,43,50,54,85,91,94" /><INIT seed="4,1,0,4,1,29" ten="329,381,155,135" oya="0" hai0="38,21,125,118,104,67,90,83,61,94,69,55,98" hai1="7,22,63,20,0,121,52,76,27,18,120,45,133" hai2="134,99,86,23,33,66,128,91,130,122,96,62,50" hai3="131,68,19,93,100,71,115,53,49,135,4,75,117"/><T119/><D38/><U85/><E133/><V5/><F122/><W65/><G135/><T41/><D41/><U89/><E76/><V48/><F134/><W109/><G117/><T34/><D125/><U70/><E70/><V116/><F5/><W51/><G109/><T79/><D34/><U44/><E44/><V54/><F116/><W11/><G75/><T78/><D104/><U107/><E107/><V57/><F23/><W32/><G32/><T43/><D79/><U84/><E84/><V9/><F9/><W36/><G36/><T101/><D43/><U10/><E22/><V123/><F33/><W47/><G71/><T16/><D101/><U73/><E73/><V105/><F123/><W37/><G37/><T124/><D124/><U110/><E110/><V127/><F127/><W95/><G19/><T111/><D111/><U80/><REACH who="1" step="1"/><E45/><REACH who="1" ten="329,371,155,135" step="2"/><V97/><F105/><W42/><G68/><T12/><REACH who="0" step="1"/><D55/><REACH who="0" ten="319,371,155,135" step="2"/><U58/><AGARI ba="1,2" hai="0,7,10,18,20,27,52,58,63,80,85,89,120,121" machi="58" ten="30,8000,1" yaku="1,1,2,1,0,1,54,1,53,1" doraHai="29" doraHaiUra="13" who="1" fromWho="1" sc="319,-41,371,103,155,-21,135,-21" /><INIT seed="5,0,0,1,4,20" ten="278,474,134,114" oya="1" hai0="95,43,96,39,51,118,61,81,16,52,59,56,7" hai1="111,27,23,21,50,0,17,53,82,48,123,104,62" hai2="122,54,26,112,76,18,63,57,5,46,24,113,86" hai3="74,125,97,107,70,68,22,79,2,103,8,115,35"/><U29/><E123/><V127/><F5/><W110/><G110/><T78/><D118/><U6/><E104/><V119/><F119/><W92/><G125/><T117/><D117/><U3/><E111/><V128/><F122/><W89/><G22/><T133/><D133/><U83/><E62/><V1/><F1/><W37/><G115/><N who="2" m="44105" /><F127/><W30/><G37/><T64/><D7/><U98/><E98/><V69/><F128/><W120/><G120/><T19/><D43/><U10/><E0/><V44/><F69/><W72/><G89/><T90/><REACH who="0" step="1"/><D39/><REACH who="0" ten="268,474,134,114" step="2"/><U109/><E109/><V25/><F18/><W45/><G30/><T11/><D11/><U14/><E10/><V129/><F129/><W33/><G8/><T126/><D126/><U75/><E6/><V102/><F102/><W4/><G103/><T106/><D106/><U77/><E17/><V87/><F76/><W135/><G4/><T55/><D55/><U121/><E53/><V85/><AGARI ba="0,1" hai="24,25,26,44,46,54,57,63,85,86,87" m="44105" machi="85" ten="40,8000,1" yaku="15,1,11,1,52,3" doraHai="20" who="2" fromWho="2" sc="268,-20,474,-40,134,90,114,-20" /><INIT seed="6,0,0,0,2,63" ten="248,434,224,94" oya="2" hai0="8,82,13,96,65,27,1,72,22,75,15,55,70" hai1="92,102,64,57,103,90,21,113,53,95,83,50,48" hai2="45,14,128,121,123,51,110,84,10,44,11,32,60" hai3="54,99,108,58,80,74,49,88,101,4,93,132,6"/><V26/><F128/><W91/><G108/><T135/><D135/><U112/><E83/><V124/><F110/><W47/><G132/><T20/><D1/><U66/><E21/><V76/><F124/><W59/><G59/><T120/><D120/><U0/><E0/><V9/><F14/><W105/><G91/><T24/><D55/><U16/><E16/><V94/><F45/><W62/><G74/><T111/><D111/><U78/><E78/><V134/><F134/><W86/><REACH who="3" step="1"/><G105/><REACH who="3" ten="248,434,224,84" step="2"/><T100/><D75/><U107/><E107/><V68/><F121/><W7/><G7/><T25/><D72/><U31/><E90/><V79/><F123/><W71/><G71/><T122/><D70/><U42/><E57/><V104/><F104/><W33/><G33/><T109/><D109/><U43/><E31/><V30/><F68/><W85/><G85/><T35/><D35/><U69/><E69/><V5/><F5/><W29/><G29/><T40/><D122/><U41/><E112/><V17/><F32/><W67/><AGARI ba="0,1" hai="4,6,47,49,54,58,62,67,80,86,88,93,99,101" machi="67" ten="20,12000,2" yaku="1,1,0,1,7,1,8,1,52,1,54,1,53,1" doraHai="63" doraHaiUra="98" who="3" fromWho="3" sc="248,-30,434,-30,224,-60,84,130" /><INIT seed="7,0,0,3,4,109" ten="218,404,164,214" oya="3" hai0="22,116,132,16,29,5,128,31,83,110,125,117,17" hai1="64,52,115,127,10,0,95,101,84,99,98,50,129" hai2="106,75,114,73,96,62,1,44,94,104,20,71,70" hai3="12,34,26,43,2,68,48,90,40,25,103,79,67"/><W21/><G2/><T13/><D110/><U49/><E115/><V108/><F108/><W51/><G68/><T38/><D38/><U9/><E129/><V47/><F20/><W92/><G34/><T65/><D65/><U107/><E127/><V19/><F19/><N who="3" m="10471" /><G79/><T78/><D128/><U58/><E64/><V122/><F94/><W46/><G67/><T126/><D132/><U24/><E84/><V102/><F96/><N who="3" m="59783" /><G90/><T57/><D57/><U133/><E133/><V61/><F102/><W32/><G32/><T87/><D5/><U112/><E0/><V42/><F1/><W77/><G77/><T86/><D17/><U82/><E82/><V69/><F69/><W72/><G72/><T28/><D87/><U111/><E111/><V6/><F6/><W55/><G40/><T135/><D135/><U123/><E123/><V119/><F42/><W41/><G43/><T11/><D22/><U124/><E124/><AGARI ba="0,0" hai="11,13,16,28,29,31,78,83,86,116,117,124,125,126" machi="124" ten="40,2600,0" yaku="18,1,54,1" doraHai="109" who="0" fromWho="1" sc="218,26,404,-26,164,0,214,0" owari="244,4.0,378,49.0,164,-34.0,214,-19.0" /></mjloggm>