<mjloggm ver="2.3"><GO type="169" lobby="0"/><UN n0="%7A%65%6C%64%65%6E" n1="%E3%81%9F%E3%82%93%E3%82%86%E3%81%86" n2="%E3%82%B8%E3%83%A3%E3%82%B9%E3%83%9F%E3%83%B3%E7%8E%8B%E5%AD%90" n3="%E5%B0%B1%E6%B4%BB%E7%94%9F%40%E5%B7%9D%E6%9D%91%E8%BB%8D%E5%9B%A3" dan="18,16,16,19" rate="2216.78,2120.12,2114.89,2318.88" sx="M,F,M,M"/><TAIKYOKU oya="0"/><INIT seed="0,0,0,2,4,82" ten="250,250,250,250" oya="0" hai0="111,133,41,80,99,71,16,5,123,15,54,88,51" hai1="118,117,78,52,40,126,130,114,98,125,14,31,116" hai2="36,73,4,33,61,93,86,120,79,104,81,76,74" hai3="121,35,20,45,95,96,48,25,69,124,28,62,132"/><T65/><D123/><U83/><E40/><V58/><F120/><W34/><G121/><T55/><D133/><U68/><E68/><V17/><F36/><W38/><G38/><T26/><D111/><U92/><E31/><V37/><F37/><W85/><G132/><T128/><D128/><U134/><E14/><V44/><F104/><W66/><G124/><N who="1" m="47722" /><E52/><N who="0" m="20009" /><D71/><U56/><E56/><V72/><F44/><W119/><G119/><T27/><D5/><U19/><E19/><V89/><F33/><W67/><G67/><T12/><D65/><U103/><E134/><V29/><F29/><W108/><G108/><T112/><D112/><U127/><E127/><V129/><F129/><W7/><G7/><T97/><D97/><U32/><E32/><V115/><F115/><W75/><G75/><T0/><D0/><U50/><E50/><V13/><F4/><W101/><G48/><T100/><D100/><U63/><E63/><V30/><F76/><W110/><G110/><T2/><D2/><U18/><E18/><V8/><REACH who="2" step="1"/><F30/><REACH who="2" ten="250,250,240,250" step="2"/><W59/><G45/><N who="0" m="26031" /><D15/><U23/><E130/><V77/><F77/><W105/><G69/><T84/><D99/><U64/><E64/><AGARI ba="0,1" hai="8,13,17,58,61,64,72,73,74,79,81,86,89,93" machi="64" ten="30,3900,0" yaku="1,1,7,1,52,1,53,0" doraHai="82" doraHaiUra="109" who="2" fromWho="1" sc="250,0,250,-39,240,49,250,0" /><INIT seed="1,0,0,3,3,4" ten="250,211,289,250" oya="1" hai0="1,112,35,88,28,50,135,40,19,76,13,105,94" hai1="130,54,39,34,5,57,92,87,119,82,100,121,16" hai2="59,43,104,116,25,12,56,18,29,22,122,33,48" hai3="64,110,8,128,45,113,107,79,20,75,37,89,17"/><U97/><E119/><V120/><F104/><W49/><G107/><T61/><D105/><U71/><E71/><V65/><F116/><W44/><G113/><T123/><D112/><U6/><E39/><V51/><F43/><W78/><G110/><T26/><D1/><U9/><E34/><V108/><F108/><W53/><G128/><T81/><D135/><U77/><E130/><V23/><F33/><W95/><G75/><T90/><D123/><U83/><E83/><V63/><REACH who="2" step="1"/><F56/><REACH who="2" ten="250,211,279,250" step="2"/><W109/><G109/><T132/><D132/><U21/><E121/><AGARI ba="0,1" hai="12,18,22,23,25,29,48,51,59,63,65,120,121,122" machi="121" ten="40,2600,0" yaku="1,1,2,1,53,0" doraHai="4" doraHaiUra="102" who="2" fromWho="1" sc="250,0,211,-26,279,36,250,0" /><INIT seed="2,0,0,0,0,88" ten="250,185,315,250" oya="2" hai0="79,113,58,21,27,37,30,42,0,57,6,13,85" hai1="116,18,129,111,44,118,99,92,135,70,16,134,72" hai2="126,81,115,61,65,2,93,98,107,47,119,56,22" hai3="69,25,71,127,53,32,132,96,63,82,8,35,100"/><V80/><F107/><W106/><G127/><T128/><D113/><U26/><E70/><V15/><F126/><W86/><G132/><N who="1" m="50730" /><E72/><V83/><F115/><W62/><G8/><T40/><D128/><U130/><E44/><V77/><F119/><N who="1" m="45609" /><E111/><V105/><F2/><W76/><G53/><T36/><D0/><U109/><E109/><V123/><F123/><W54/><G54/><T49/><D37/><U117/><N who="1" m="45617" /><U75/><DORA hai="46" /><E75/><V52/><F105/><W33/><REACH who="3" step="1"/><G25/><REACH who="3" ten="250,185,315,240" step="2"/><T38/><D27/><U20/><E18/><N who="2" m="10591" /><F77/><W45/><G45/><T101/><D79/><U89/><AGARI ba="0,1" hai="16,20,26,89,92,99,129,130" m="45617,50730" machi="89" ten="50,6400,0" yaku="20,1,52,1,54,1" doraHai="88,46" who="1" fromWho="1" sc="250,-16,185,74,315,-32,240,-16" /><INIT seed="3,0,0,5,5,15" ten="234,259,283,224" oya="3" hai0="122,130,91,51,54,33,49,121,39,92,100,69,3" hai1="0,25,101,56,134,80,48,74,2,131,135,19,23" hai2="124,47,17,32,106,110,44,52,6,37,113,31,26" hai3="67,68,59,86,81,20,75,1,126,71,70,13,116"/><W57/><G1/><T129/><D39/><U45/><E101/><V117/><F113/><W89/><G116/><T76/><D33/><U127/><E56/><V120/><F117/><W42/><G126/><T11/><D69/><U94/><E94/><V79/><F124/><W9/><G75/><T36/><D36/><U14/><E127/><V111/><F120/><W72/><G72/><T88/><D76/><U41/><E131/><N who="0" m="50185" /><D100/><U95/><E95/><V98/><F6/><W66/><G42/><T27/><D27/><U107/><E107/><V50/><F79/><W16/><REACH who="3" step="1"/><G9/><REACH who="3" ten="234,259,283,214" step="2"/><T43/><D3/><U133/><E74/><V34/><F111/><W99/><G99/><T63/><D11/><N who="1" m="6623" /><E80/><V84/><F98/><W112/><G112/><T24/><D43/><U104/><E104/><V5/><F110/><W58/><AGARI ba="0,1" hai="13,16,20,57,58,59,66,67,68,70,71,81,86,89" machi="58" ten="40,12000,1" yaku="1,1,0,1,52,1,54,1,53,0" doraHai="15" doraHaiUra="108" who="3" fromWho="3" sc="234,-40,259,-40,283,-40,214,130" /><INIT seed="3,1,0,3,5,34" ten="194,219,243,344" oya="3" hai0="69,112,124,4,6,33,20,38,22,66,45,120,108" hai1="132,72,3,100,113,8,53,128,81,71,1,123,131" hai2="101,85,127,122,32,41,60,42,64,18,79,93,9" hai3="36,68,58,16,91,12,88,133,107,23,114,10,2"/><W43/><G68/><T67/><D33/><U78/><E123/><V39/><F122/><W90/><G107/><T84/><D120/><U92/><E113/><V7/><F127/><W105/><G105/><T25/><D108/><U0/><E71/><V59/><F32/><W118/><G118/><T70/><D84/><U97/><E132/><V19/><F101/><W55/><G133/><T35/><D35/><U40/><E40/><V30/><F30/><W31/><G114/><T94/><D94/><U86/><E53/><V46/><F42/><W56/><G56/><T89/><D89/><U15/><REACH who="1" step="1"/><E72/><REACH who="1" ten="194,209,243,344" step="2"/><V73/><F73/><W129/><G43/><T82/><D70/><U87/><E87/><V119/><F119/><W75/><G75/><T63/><D69/><U49/><E49/><V28/><F85/><W126/><G36/><T110/><D38/><U95/><E95/><V96/><F93/><W104/><G104/><T21/><D112/><U29/><E29/><V52/><F28/><W61/><G126/><T106/><D106/><U135/><E135/><V77/><F52/><W115/><G115/><T17/><D124/><U121/><E121/><V51/><F39/><W24/><G129/><T44/><D110/><U109/><E109/><V102/><F41/><W50/><G50/><T103/><D63/><U116/><E116/><V14/><F51/><W47/><G47/><T27/><D67/><U48/><E48/><V5/><F46/><W74/><G74/><T111/><D66/><U125/><E125/><V11/><F64/><W99/><G99/><T65/><D45/><RYUUKYOKU ba="1,1" sc="194,-15,209,15,243,-15,344,15" hai1="0,1,3,8,15,78,81,86,92,97,100,128,131" hai3="2,10,12,16,23,24,31,55,58,61,88,90,91" /><INIT seed="3,2,1,1,1,114" ten="179,224,228,359" oya="3" hai0="32,133,50,84,31,72,124,78,118,89,129,48,74" hai1="120,25,56,131,85,47,26,110,28,95,12,40,97" hai2="87,42,16,60,11,39,24,66,117,86,135,61,83" hai3="126,21,44,15,94,58,1,128,37,46,102,90,18"/><W98/><G126/><T65/><D124/><U122/><E131/><V27/><F135/><W71/><G71/><T111/><D133/><U63/><E85/><V52/><F117/><W107/><G128/><T96/><D129/><U19/><E25/><N who="2" m="9803" /><F39/><W43/><G1/><T106/><D31/><U0/><E0/><V8/><F42/><W103/><G44/><T4/><D32/><U116/><E116/><V92/><F66/><W57/><REACH who="3" step="1"/><G103/><REACH who="3" ten="179,224,228,349" step="2"/><T105/><D118/><U7/><E28/><V33/><F33/><W127/><G127/><T23/><D111/><U132/><E132/><V79/><F11/><W109/><G109/><T115/><D115/><U29/><E110/><V119/><F119/><W88/><G88/><T100/><D89/><U3/><E47/><V64/><F8/><W35/><G35/><T62/><D100/><U14/><E3/><V2/><F2/><W30/><G30/><T55/><D23/><U20/><E29/><V77/><F77/><W53/><G53/><T112/><D112/><U81/><E40/><V34/><F52/><W36/><G36/><T104/><D55/><U13/><E120/><V59/><F34/><W38/><G38/><T125/><D78/><U121/><E122/><V68/><F68/><W91/><G91/><T101/><D125/><U76/><E121/><V134/><F79/><W45/><G45/><T22/><D22/><U70/><E70/><V73/><F134/><W82/><G82/><T123/><D123/><U49/><E81/><V93/><F83/><W5/><G5/><T113/><D4/><U75/><E76/><RYUUKYOKU ba="2,2" sc="179,-10,224,-10,228,-10,349,30" hai3="15,18,21,37,43,46,57,58,90,94,98,102,107" /><INIT seed="3,3,2,0,1,50" ten="169,214,218,379" oya="3" hai0="125,21,55,96,37,119,101,67,97,10,63,69,51" hai1="117,23,34,46,70,49,95,29,14,57,54,22,92" hai2="132,103,80,78,68,71,75,7,41,135,47,88,133" hai3="81,116,9,98,33,107,42,19,52,13,104,3,115"/><W61/><G115/><T45/><D119/><U112/><E70/><V36/><F103/><W32/><G116/><T28/><D125/><U127/><E112/><V86/><REACH who="2" step="1"/><F7/><REACH who="2" ten="169,214,208,379" step="2"/><W5/><G107/><T39/><D10/><U114/><E114/><V6/><F6/><W82/><G42/><T111/><D111/><U113/><E113/><V79/><F79/><W48/><G61/><T0/><D0/><U20/><E117/><V74/><F74/><W87/><G104/><T11/><D11/><U93/><E127/><V91/><F91/><W8/><G98/><T25/><REACH who="0" step="1"/><D97/><REACH who="0" ten="159,214,208,379" step="2"/><U62/><E14/><V110/><F110/><W134/><G134/><T4/><D4/><U131/><E131/><V31/><F31/><W108/><G108/><T2/><D2/><U26/><REACH who="1" step="1"/><E34/><REACH who="1" ten="159,204,208,379" step="2"/><V118/><F118/><W35/><G87/><T60/><D60/><U58/><E58/><V53/><F53/><AGARI ba="3,5" hai="20,22,23,26,29,46,49,53,54,57,62,92,93,95" machi="53" ten="40,8000,1" yaku="1,1,8,1,52,2,53,0" doraHai="50" doraHaiUra="85" who="1" fromWho="2" sc="159,0,204,139,208,-89,379,0" /><INIT seed="4,0,0,2,3,132" ten="159,343,119,379" oya="0" hai0="48,61,121,70,66,134,118,115,85,17,14,53,76" hai1="26,111,9,10,130,65,81,37,135,23,41,95,73" hai2="83,39,7,68,52,32,97,31,86,4,119,82,21" hai3="58,67,125,87,64,114,100,129,94,74,50,19,36"/><T3/><D3/><U28/><E135/><V24/><F119/><W30/><G74/><T128/><D118/><U62/><E111/><V124/><F124/><W123/><G125/><T33/><D121/><U42/><E130/><V89/><F39/><W54/><G36/><T69/><D134/><U71/><E95/><V108/><F108/><W105/><G123/><T1/><D1/><U96/><E96/><V20/><F68/><W91/><G114/><T116/><D116/><U84/><E73/><V5/><F97/><N who="3" m="59447" /><G105/><T92/><D115/><U110/><E110/><V99/><F99/><W75/><G75/><T46/><D33/><U12/><E10/><V88/><REACH who="2" step="1"/><F52/><REACH who="2" ten="159,343,109,379" step="2"/><W98/><G98/><T35/><D128/><U109/><E37/><V103/><F103/><W131/><G67/><T27/><D70/><U49/><E109/><V120/><F120/><W29/><G64/><T122/><D122/><U59/><E71/><V113/><F113/><W16/><G129/><T80/><D69/><U44/><E49/><V40/><F40/><W60/><G131/><T117/><D117/><U79/><REACH who="1" step="1"/><E44/><REACH who="1" ten="159,333,109,379" step="2"/><V15/><F15/><W51/><G50/><T63/><D14/><U34/><E34/><V102/><F102/><W112/><G51/><T11/><D35/><U13/><E13/><V38/><F38/><W90/><G112/><T8/><D46/><U47/><E47/><V104/><F104/><W106/><G106/><T57/><D48/><U18/><AGARI ba="0,2" hai="9,12,18,23,26,28,41,42,59,62,65,79,81,84" machi="18" ten="20,8000,1" yaku="1,1,0,1,7,1,8,1,53,1" doraHai="132" doraHaiUra="77" who="1" fromWho="1" sc="159,-40,333,100,109,-20,379,-20" /><INIT seed="5,0,0,1,2,76" ten="119,433,89,359" oya="1" hai0="34,133,93,16,49,20,119,95,104,130,92,98,108" hai1="19,97,87,112,101,51,50,105,36,2,100,81,31" hai2="129,29,86,10,77,17,94,58,74,85,18,21,99" hai3="3,55,96,60,111,84,73,89,30,117,57,46,127"/><U11/><E36/><V116/><F129/><W0/><G73/><T71/><D108/><U125/><E112/><V103/><F116/><W83/><G111/><T35/><D119/><U123/><E123/><V37/><F37/><W32/><G117/><T80/><D71/><U44/><E125/><V39/><F39/><W102/><G127/><T5/><D130/><U66/><E31/><V13/><F29/><W14/><G46/><T65/><D65/><U78/><E66/><V12/><REACH who="2" step="1"/><F58/><REACH who="2" ten="119,433,79,359" step="2"/><W68/><G68/><T113/><D113/><U48/><E101/><V126/><F126/><W134/><G134/><T110/><D133/><U91/><E100/><V62/><F62/><W122/><G122/><T33/><D110/><U75/><E105/><V118/><F118/><W6/><G30/><T131/><D131/><U8/><E44/><V43/><F43/><W128/><G32/><T40/><D35/><U69/><E69/><V61/><F61/><W79/><G128/><T54/><D40/><U67/><E50/><V26/><F26/><W115/><G115/><T27/><D34/><U15/><E51/><V9/><F9/><W107/><G60/><T106/><D33/><U41/><E48/><V59/><F59/><W1/><G57/><T70/><D70/><U42/><E41/><V45/><F45/><W64/><G64/><T28/><D28/><U135/><E42/><V25/><F25/><W22/><G55/><T24/><D24/><U82/><E67/><V63/><F63/><W72/><G22/><T114/><D114/><U47/><E135/><V121/><F121/><RYUUKYOKU ba="0,1" sc="119,-10,433,-10,79,30,359,-10" hai2="10,12,13,17,18,21,74,77,85,86,94,99,103" /><INIT seed="6,1,1,2,3,22" ten="109,423,109,349" oya="2" hai0="73,33,108,74,53,50,44,0,127,60,29,66,49" hai1="135,4,35,40,120,37,23,99,69,56,125,67,17" hai2="28,82,68,45,89,47,72,27,133,81,87,43,77" hai3="5,24,119,14,131,117,8,85,80,93,59,92,18"/><V58/><F133/><W132/><G131/><T121/><D108/><U26/><E69/><V13/><F68/><W65/><G132/><T30/><D121/><U100/><E135/><V83/><F13/><W126/><G126/><T102/><D0/><U134/><E134/><V7/><F7/><W79/><G117/><T70/><D127/><U124/><E35/><V78/><F58/><W95/><G119/><T129/><D129/><U128/><E4/><V107/><F107/><W94/><G94/><T32/><D102/><U21/><E128/><V109/><F109/><W9/><G24/><T54/><D33/><U31/><E40/><V123/><F123/><W116/><G116/><T36/><D36/><U11/><E11/><V39/><F47/><W103/><G103/><T15/><D15/><N who="1" m="9407" /><E37/><V96/><F96/><W101/><G101/><T51/><D51/><U130/><E120/><V86/><REACH who="2" step="1"/><F28/><REACH who="2" ten="109,423,99,349" step="2"/><W19/><G8/><T88/><D29/><U6/><E6/><V63/><F63/><AGARI ba="1,2" hai="5,9,14,18,19,59,63,65,79,80,85,92,93,95" machi="63" ten="40,1300,0" yaku="8,1" doraHai="22" who="3" fromWho="2" sc="109,0,423,0,99,-16,349,36" /><INIT seed="7,0,0,4,2,59" ten="109,423,83,385" oya="3" hai0="2,40,128,75,1,106,19,29,91,108,96,56,55" hai1="127,33,62,52,5,21,120,0,88,90,67,92,133" hai2="65,110,70,97,81,17,84,131,124,94,7,28,125" hai3="86,39,68,30,27,89,69,60,57,114,43,38,76"/><W4/><G114/><T10/><D75/><U129/><E33/><V23/><F110/><W85/><G4/><T42/><D108/><U130/><E120/><V14/><F7/><W78/><G69/><T134/><D29/><U101/><E127/><N who="2" m="48715" /><F28/><W61/><G68/><T37/><D134/><U126/><E52/><V15/><F131/><N who="1" m="50185" /><E133/><V123/><F123/><W102/><G102/><T9/><D9/><N who="1" m="2215" /><E21/><V46/><F46/><W100/><G100/><T105/><D91/><U83/><E83/><V26/><F94/><N who="3" m="54575" /><G39/><T32/><D56/><N who="1" m="37319" /><E126/><V74/><F74/><W103/><G38/><T48/><D96/><AGARI ba="0,0" hai="88,90,92,96,101" m="37319,2215,50185" machi="96" ten="30,3900,0" yaku="19,1,52,1,54,1" doraHai="59" who="1" fromWho="0" sc="109,-39,423,39,83,0,385,0" owari="70,-43.0,462,56.0,83,-32.0,385,19.0" /></mjloggm>