<mjloggm ver="2.3"><GO type="169" lobby="0"/><UN n0="%66%65%65%73" n1="%73%65%69%6C" n2="%E3%82%B9%E3%82%B1%E3%83%BC%E3%82%BF%E3%83%BC" n3="%E5%B0%B1%E6%B4%BB%E7%94%9F%40%E5%B7%9D%E6%9D%91%E8%BB%8D%E5%9B%A3" dan="17,17,17,18" rate="2150.19,2162.35,2162.74,2278.53" sx="M,M,M,M"/><TAIKYOKU oya="0"/><INIT seed="0,0,0,2,0,32" ten="250,250,250,250" oya="0" hai0="79,28,135,83,68,105,5,29,134,19,1,31,66" hai1="54,22,47,104,98,62,69,103,118,30,89,20,73" hai2="50,46,82,77,115,100,42,70,101,25,21,129,39" hai3="102,61,18,43,125,51,119,44,131,67,35,48,78"/><T76/><D105/><U75/><E118/><V49/><F115/><W53/><G35/><T80/><D68/><U60/><E89/><V36/><F129/><W91/><G119/><T133/><D66/><U130/><E130/><V64/><F70/><W65/><G102/><T14/><D5/><U114/><E114/><V84/><F64/><W127/><G78/><N who="0" m="29739" /><D1/><U126/><E126/><N who="3" m="48138" /><G91/><T112/><D112/><U7/><E7/><V55/><F39/><W8/><G131/><T117/><D117/><U26/><E22/><AGARI ba="0,0" hai="14,19,22,28,29,31,80,83,133,134,135" m="29739" machi="22" ten="40,2000,0" yaku="20,1" doraHai="32" who="0" fromWho="1" sc="250,20,250,-20,250,0,250,0" /><INIT seed="0,1,0,4,0,48" ten="270,230,250,250" oya="0" hai0="118,74,132,5,65,83,87,77,0,11,102,63,84" hai1="123,38,88,114,120,27,106,13,57,26,104,66,64" hai2="31,60,95,108,56,119,19,8,14,82,109,103,70" hai3="79,86,72,112,47,59,69,40,21,33,41,53,113"/><T91/><D118/><U52/><E38/><V73/><F70/><W24/><G33/><T35/><D132/><U28/><E114/><V15/><F119/><W130/><G72/><T3/><D35/><U117/><E117/><V22/><F31/><W71/><G79/><T111/><D102/><U92/><E13/><V110/><F73/><W99/><G86/><T62/><D74/><U32/><E27/><V1/><F82/><W12/><G12/><T101/><D101/><U30/><E30/><V98/><F1/><W4/><G4/><T67/><D111/><U10/><E10/><V44/><F44/><W9/><G9/><T124/><D124/><U61/><E106/><V131/><F131/><W89/><G89/><T58/><D11/><U127/><E104/><V34/><F34/><W115/><G99/><T18/><D18/><U129/><E129/><V2/><F2/><W128/><G24/><T96/><D96/><U55/><E127/><V37/><F37/><N who="3" m="21903" /><G41/><T49/><D49/><U46/><E46/><V45/><F45/><W25/><G25/><T39/><D39/><U43/><E43/><V17/><REACH who="2" step="1"/><F108/><REACH who="2" ten="270,230,240,250" step="2"/><W134/><G128/><T7/><D0/><U68/><E123/><V85/><F85/><W97/><G130/><T23/><D3/><U81/><E120/><V20/><F20/><W133/><G21/><T78/><D23/><U51/><E81/><V105/><F105/><W80/><G80/><N who="0" m="49639" /><D78/><U16/><E68/><N who="3" m="26186" /><G97/><T94/><D94/><U107/><E107/><V50/><F50/><AGARI ba="1,1" hai="50,53,59,112,113,115,133,134" m="26186,21903" machi="50" ten="40,5200,0" yaku="34,2,52,1" doraHai="48" who="3" fromWho="2" sc="270,0,230,0,240,-55,250,65" /><INIT seed="1,0,0,5,3,3" ten="270,230,185,315" oya="1" hai0="31,105,46,4,86,97,67,135,41,61,74,118,12" hai1="52,62,25,24,48,116,91,15,36,44,87,9,134" hai2="5,98,106,54,51,35,88,104,110,10,6,101,123" hai3="102,45,8,77,60,109,117,94,29,73,1,81,16"/><U19/><E116/><V28/><F123/><W127/><G127/><T59/><D118/><U120/><E120/><V84/><F106/><W64/><G117/><T42/><D74/><U93/><E134/><V128/><F110/><W124/><G124/><T53/><D135/><U72/><E72/><V89/><F128/><W122/><G122/><T112/><D112/><U18/><E36/><V95/><F10/><W63/><G29/><T14/><D31/><U38/><E38/><V71/><F71/><W69/><G60/><T70/><D86/><U50/><E62/><V17/><F17/><W43/><G109/><T76/><D76/><U22/><REACH who="1" step="1"/><E48/><REACH who="1" ten="270,220,185,315" step="2"/><V56/><REACH who="2" step="1"/><F89/><REACH who="2" ten="270,220,175,315" step="2"/><W92/><G69/><T96/><D70/><U2/><E2/><V21/><F21/><W32/><G1/><T23/><D23/><U82/><E82/><V129/><F129/><W20/><G81/><T113/><D113/><U121/><E121/><V39/><F39/><W75/><G20/><T115/><D115/><U58/><E58/><V47/><F47/><W85/><G45/><T30/><D59/><U26/><AGARI ba="0,2" hai="9,15,18,19,22,24,25,26,44,50,52,87,91,93" machi="26" ten="20,12000,1" yaku="1,1,0,1,7,1,8,1,54,1,53,0" doraHai="3" doraHaiUra="111" who="1" fromWho="1" sc="270,-40,220,140,175,-40,315,-40" /><INIT seed="1,1,0,3,3,105" ten="230,360,135,275" oya="1" hai0="124,28,33,91,112,46,95,29,132,72,25,106,79" hai1="71,84,40,85,18,19,12,23,39,67,73,63,53" hai2="21,42,5,27,97,111,74,1,58,69,93,104,125" hai3="35,3,26,94,60,126,86,122,116,11,70,77,4"/><U75/><E39/><V44/><F69/><W30/><G122/><T103/><D112/><U52/><E40/><V2/><F111/><W130/><G126/><T36/><D124/><U65/><E65/><V121/><F104/><W128/><G116/><T109/><D29/><U59/><E53/><V88/><F121/><W129/><G94/><T82/><D109/><U61/><REACH who="1" step="1"/><E19/><REACH who="1" ten="230,350,135,275" step="2"/><V96/><F125/><W81/><G70/><T10/><D36/><U87/><AGARI ba="1,1" hai="12,18,23,52,59,61,63,67,71,73,75,84,85,87" machi="87" ten="30,18000,2" yaku="1,1,2,1,0,1,52,2,54,1,53,0" doraHai="105" doraHaiUra="115" who="1" fromWho="1" sc="230,-61,350,193,135,-61,275,-61" /><INIT seed="1,2,0,1,5,84" ten="169,543,74,214" oya="1" hai0="74,126,131,34,17,5,127,23,83,11,78,59,1" hai1="66,110,71,118,36,132,62,111,0,134,108,19,90" hai2="69,42,79,113,28,47,105,20,67,99,116,123,98" hai3="26,32,56,102,117,25,81,103,31,41,13,86,52"/><U94/><E118/><V121/><F116/><W45/><G26/><T53/><D34/><U4/><E36/><V124/><F124/><W24/><G24/><T122/><D131/><U40/><E40/><V44/><F113/><W101/><G13/><T96/><D96/><U48/><E48/><V22/><F79/><W61/><G117/><T87/><D122/><U92/><E19/><V91/><F69/><W8/><G8/><T37/><D37/><U14/><E0/><V77/><F77/><W3/><G3/><T125/><D74/><U63/><E63/><V89/><F67/><W112/><G112/><T60/><REACH who="0" step="1"/><D126/><REACH who="0" ten="159,543,74,214" step="2"/><U80/><E110/><V120/><F120/><W100/><G100/><T119/><D119/><U129/><E111/><V95/><F105/><W33/><G32/><T27/><AGARI ba="2,1" hai="1,5,11,17,23,27,53,59,60,78,83,87,125,127" machi="27" ten="30,4000,0" yaku="1,1,0,1,53,1" doraHai="84" doraHaiUra="82" who="0" fromWho="0" sc="159,56,543,-22,74,-12,214,-12" /><INIT seed="2,0,0,4,5,2" ten="215,521,62,202" oya="2" hai0="1,7,15,35,115,14,24,71,122,103,0,19,124" hai1="79,27,28,4,130,70,18,58,16,64,83,111,30" hai2="21,57,87,114,49,17,128,94,109,85,84,104,89" hai3="105,61,53,45,12,118,51,41,36,92,98,76,60"/><V65/><F114/><W99/><G118/><T22/><D71/><U107/><E107/><V88/><F128/><W59/><G76/><T90/><D103/><U73/><E70/><V11/><F104/><W75/><G75/><T29/><D90/><U42/><E130/><V5/><F109/><W125/><G125/><T47/><D47/><U6/><E42/><V31/><F31/><W110/><G110/><T133/><D115/><U8/><E111/><V116/><F116/><W95/><G105/><T112/><D112/><U63/><E30/><V56/><F65/><W38/><G38/><T127/><D122/><U123/><E123/><V62/><F49/><W102/><REACH who="3" step="1"/><G12/><REACH who="3" ten="215,521,62,192" step="2"/><T106/><D106/><U117/><E117/><V66/><F57/><W97/><G97/><T77/><D77/><U50/><E79/><V100/><F100/><AGARI ba="0,1" hai="36,41,45,51,53,59,60,61,92,95,98,99,100,102" machi="100" ten="30,3900,0" yaku="1,1,7,1,9,1,53,0" doraHai="2" doraHaiUra="81" who="3" fromWho="2" sc="215,0,521,0,62,-39,192,49" /><INIT seed="3,0,0,2,1,30" ten="215,521,23,241" oya="3" hai0="87,110,9,67,7,18,103,111,86,130,80,117,51" hai1="53,60,112,72,92,122,119,83,20,95,50,35,74" hai2="56,17,126,40,101,46,37,62,116,21,113,66,76" hai3="32,41,73,8,135,129,97,31,10,63,43,108,125"/><W55/><G73/><T16/><D117/><U96/><E35/><V75/><F116/><W64/><G129/><T6/><D130/><U38/><E38/><V89/><F113/><W29/><G125/><T134/><D134/><U68/><E122/><V98/><F126/><W99/><G135/><T58/><D103/><U12/><E95/><V131/><F131/><W54/><G108/><N who="0" m="41515" /><D86/><U22/><E12/><V71/><F89/><W2/><G2/><N who="0" m="215" /><D7/><U3/><E74/><V65/><F76/><W34/><G63/><N who="0" m="38391" /><D51/><U132/><E50/><V120/><F75/><W42/><G42/><T5/><D5/><U13/><E119/><V94/><F120/><W59/><G59/><T91/><AGARI ba="0,0" hai="16,18,80,87,91" m="38391,215,41515" machi="91" ten="30,2000,0" yaku="14,1,54,1" doraHai="30" who="0" fromWho="0" sc="215,20,521,-5,23,-5,241,-10" /><INIT seed="4,0,0,4,1,25" ten="235,516,18,231" oya="0" hai0="19,98,106,96,71,104,3,88,46,134,39,119,81" hai1="111,23,93,57,100,89,72,59,125,7,37,131,112" hai2="114,30,76,55,38,135,107,101,87,0,47,75,123" hai3="11,130,95,126,69,12,51,9,41,63,85,78,49"/><T31/><D71/><U4/><E37/><V80/><F123/><W79/><G130/><T99/><D3/><U103/><E72/><V84/><F0/><W92/><G126/><T68/><D68/><U120/><E120/><V83/><F114/><W43/><G69/><T27/><D119/><U36/><E111/><V14/><F135/><W42/><G63/><T132/><D19/><U66/><E36/><V15/><F75/><W102/><G12/><T118/><D118/><U16/><E131/><V58/><F30/><W18/><G18/><T127/><D127/><U5/><E112/><V97/><F47/><W94/><G102/><N who="1" m="38954" /><E66/><V115/><F38/><W50/><G85/><N who="0" m="50223" /><D46/><U10/><E10/><AGARI ba="0,0" hai="9,10,11,41,42,43,49,50,51,78,79,92,94,95" machi="10" ten="50,8000,1" yaku="29,2,28,2,8,1" doraHai="25" who="3" fromWho="1" sc="235,0,516,-80,18,0,231,80" /><INIT seed="5,0,0,4,5,43" ten="235,436,18,311" oya="1" hai0="93,126,57,9,120,60,20,85,22,125,73,34,42" hai1="80,25,72,56,26,8,113,21,91,55,79,39,89" hai2="105,48,5,84,127,0,86,83,74,32,49,130,40" hai3="29,104,129,116,13,59,99,112,95,15,6,28,124"/><U54/><E39/><V62/><F105/><W100/><G112/><T23/><D73/><U134/><E113/><V38/><F32/><W106/><G124/><N who="0" m="47723" /><D34/><U7/><E26/><V128/><F127/><W14/><G6/><T119/><D119/><U78/><E78/><N who="2" m="44503" /><F62/><W65/><G116/><T12/><D42/><U77/><E77/><V121/><F121/><W30/><G129/><N who="2" m="49769" /><F38/><W90/><G65/><T133/><D93/><U118/><E134/><V122/><F122/><W71/><G71/><T131/><D85/><N who="2" m="32874" /><F40/><W35/><G35/><T92/><D120/><U31/><E54/><V18/><F18/><W88/><G104/><T11/><D60/><U46/><E118/><V115/><F115/><W51/><G106/><T97/><D57/><U117/><E56/><V68/><F68/><W61/><G61/><T2/><D2/><U98/><E55/><AGARI ba="0,0" hai="13,14,15,28,29,30,51,55,59,88,90,95,99,100" machi="55" ten="40,2600,0" yaku="8,1,54,1" doraHai="43" who="3" fromWho="1" sc="235,0,436,-26,18,0,311,26" /><INIT seed="6,0,0,5,2,35" ten="235,410,18,337" oya="2" hai0="94,10,13,47,26,130,17,32,65,91,103,113,45" hai1="43,8,19,69,42,59,12,0,109,24,124,20,54" hai2="6,93,111,68,84,102,22,125,5,9,4,15,134" hai3="123,18,121,62,92,135,49,40,88,71,118,67,75"/><V117/><F117/><W114/><G75/><T16/><D103/><U66/><E109/><V80/><F68/><W52/><G118/><T128/><D113/><U82/><E124/><V73/><F73/><W115/><G40/><T89/><D65/><U28/><E82/><V122/><F122/><W56/><G135/><T126/><D91/><U119/><E119/><V129/><F125/><W39/><G39/><T132/><D132/><U41/><E69/><V29/><F134/><W44/><G18/><T133/><D126/><U48/><E0/><V46/><F129/><N who="0" m="49770" /><D133/><U31/><E66/><V79/><F111/><W25/><G25/><T76/><D76/><U34/><E34/><V21/><F46/><W63/><G63/><T83/><D83/><U101/><E101/><V55/><F55/><W1/><G1/><T30/><D17/><AGARI ba="0,0" hai="8,12,17,19,20,24,28,31,41,42,43,48,54,59" machi="17" ten="40,1300,0" yaku="8,1" doraHai="35" who="1" fromWho="0" sc="235,-13,410,13,18,0,337,0" /><INIT seed="7,0,0,3,4,71" ten="222,423,18,337" oya="3" hai0="60,54,91,38,23,44,100,112,41,130,123,133,96" hai1="81,40,87,73,20,57,105,82,0,108,37,129,12" hai2="125,2,35,128,36,8,79,55,50,53,24,21,132" hai3="124,101,85,4,126,90,43,1,110,131,89,102,115"/><W16/><G1/><T83/><D123/><U77/><E108/><V45/><F125/><N who="3" m="48235" /><G4/><T32/><D32/><U116/><E129/><V64/><F128/><W47/><G131/><T3/><D3/><U98/><E116/><V26/><F132/><W42/><G115/><T80/><D23/><U34/><E34/><V109/><F109/><W104/><G104/><T134/><D130/><U63/><E0/><V95/><F79/><W75/><G75/><T56/><D112/><U48/><E48/><V61/><F95/><W107/><G107/><N who="0" m="63879" /><D91/><N who="3" m="34825" /><G85/><T17/><D17/><U52/><E105/><V33/><F21/><W114/><G114/><T72/><D72/><U119/><E73/><V65/><F24/><W6/><G6/><T127/><D127/><U76/><E87/><V13/><F55/><W111/><G16/><T66/><D54/><U14/><E52/><V122/><F122/><W118/><G118/><T27/><D27/><U39/><E119/><V59/><F2/><W106/><G106/><T92/><D92/><U78/><E82/><V30/><F35/><W67/><G67/><T135/><AGARI ba="0,0" hai="38,41,44,56,60,66,80,83,133,134,135" m="63879" machi="135" ten="30,2000,0" yaku="20,1,52,1" doraHai="71" who="0" fromWho="0" sc="222,20,423,-5,18,-5,337,-10" owari="242,-16.0,418,52.0,13,-49.0,327,13.0" /></mjloggm>