<mjloggm ver="2.3"><GO type="169" lobby="0"/><UN n0="%40%75" n1="%E3%82%A6%E3%83%AB%E3%83%88%E3%83%A9%E7%AB%8B%E7%9B%B4" n2="%E3%81%B7%E3%82%8B%E3%81%8A%E6%B0%8F" n3="%E3%81%8B%E3%82%81%E3%81%98%E3%82%8D%E3%81%86" dan="16,18,17,16" rate="2065.18,2206.15,2153.47,2097.35" sx="F,M,M,M"/><TAIKYOKU oya="0"/><INIT seed="0,0,0,2,4,70" ten="250,250,250,250" oya="0" hai0="71,56,90,33,3,15,84,74,101,31,120,50,132" hai1="45,108,107,57,28,5,46,40,52,12,102,122,103" hai2="114,76,81,92,2,37,18,38,94,115,25,35,111" hai3="36,23,133,85,44,32,116,117,67,68,17,75,9"/><T98/><D132/><U47/><E122/><V51/><F111/><W4/><G85/><T41/><D71/><U39/><E108/><V60/><F2/><W49/><G75/><T124/><D124/><U19/><E5/><V105/><F105/><W42/><G32/><T82/><D3/><U127/><E28/><V104/><F104/><W128/><G128/><T95/><D31/><U83/><E127/><V55/><F60/><W88/><G133/><T86/><D33/><U53/><E83/><V21/><F35/><W110/><G110/><T131/><D74/><U100/><E107/><V129/><F129/><W65/><G49/><T121/><D131/><U99/><E99/><V61/><F61/><W72/><G72/><T91/><D56/><U106/><E106/><V130/><F130/><W125/><G88/><T20/><D20/><U87/><E87/><V24/><F24/><W10/><G125/><T62/><D15/><U13/><E13/><V30/><F30/><W64/><G68/><T27/><D62/><U11/><REACH who="1" step="1"/><E53/><REACH who="1" ten="250,240,250,250" step="2"/><V96/><F115/><W97/><G97/><T8/><D27/><U1/><E1/><V135/><F114/><W77/><G4/><T112/><D112/><U119/><E119/><V109/><F135/><W54/><G54/><T58/><D86/><U89/><E89/><N who="2" m="55311" /><F109/><W123/><G77/><T0/><D90/><U26/><E26/><V73/><F94/><W66/><G123/><T34/><D0/><U6/><E6/><V118/><F118/><N who="3" m="45675" /><G67/><T79/><D121/><U80/><E80/><V126/><F126/><W48/><G66/><RYUUKYOKU ba="0,1" sc="250,-15,240,15,250,15,250,-15" hai1="11,12,19,39,40,45,46,47,52,57,100,102,103" hai2="18,21,25,37,38,51,55,73,76,81" /><INIT seed="1,1,1,4,1,78" ten="235,255,265,235" oya="1" hai0="102,71,125,34,44,27,43,19,96,129,32,134,17" hai1="51,65,7,112,29,60,94,76,106,24,109,36,115" hai2="13,89,15,107,30,68,37,82,6,55,117,80,87" hai3="79,42,67,123,59,132,93,88,97,98,126,95,48"/><U122/><E36/><V73/><F117/><W39/><G123/><T57/><D71/><U116/><E116/><V127/><F127/><W12/><G126/><T75/><D75/><U83/><E122/><V111/><F111/><W25/><G132/><T119/><D119/><U9/><E106/><V53/><F107/><W99/><G79/><T121/><D125/><U130/><E94/><V66/><F37/><W135/><G135/><T56/><D56/><U14/><E130/><V113/><F113/><W77/><G77/><T100/><D100/><U124/><E51/><V92/><F30/><W45/><G25/><T86/><D57/><U38/><E38/><V21/><F68/><W52/><G67/><T90/><D134/><U84/><E109/><V62/><F73/><W64/><G64/><T35/><D27/><U110/><E110/><V3/><F3/><W26/><G26/><T70/><D70/><U103/><E103/><V104/><F104/><W85/><REACH who="3" step="1"/><G12/><REACH who="3" ten="235,255,265,225" step="2"/><T105/><D121/><U133/><E133/><V108/><F108/><W47/><G47/><T31/><D129/><U74/><E74/><V0/><F0/><W1/><G1/><T20/><D44/><U40/><E124/><V16/><F13/><W46/><G46/><T81/><D43/><U69/><REACH who="1" step="1"/><E40/><REACH who="1" ten="235,245,265,225" step="2"/><V72/><F72/><W18/><G18/><T4/><D19/><U131/><E131/><V28/><F6/><W23/><G23/><AGARI ba="1,3" hai="7,9,14,23,24,29,60,65,69,76,83,84,112,115" machi="23" ten="30,5800,0" yaku="1,1,7,1,52,1,53,0" doraHai="78" doraHaiUra="91" who="1" fromWho="3" sc="235,0,245,91,265,0,225,-61" /><INIT seed="1,2,0,1,4,49" ten="235,336,265,164" oya="1" hai0="42,80,76,96,72,33,81,101,44,51,45,11,59" hai1="67,55,29,7,75,21,129,97,119,128,124,4,85" hai2="1,102,116,35,58,34,32,111,62,50,115,46,28" hai3="57,38,106,18,91,39,13,12,43,66,20,65,64"/><U86/><E75/><V130/><F116/><W132/><G106/><T112/><D33/><U48/><E67/><V73/><F111/><W27/><G132/><T123/><D112/><U134/><E119/><V52/><F115/><W94/><G43/><T15/><D123/><U41/><E41/><V17/><F130/><N who="1" m="50281" /><E124/><V77/><F1/><W95/><G38/><T68/><D68/><U16/><E29/><V105/><F28/><W98/><G39/><T93/><D81/><U47/><E97/><V9/><F105/><W78/><G78/><T22/><D22/><U26/><E134/><V10/><F102/><W60/><REACH who="3" step="1"/><G95/><REACH who="3" ten="235,336,265,154" step="2"/><T108/><D108/><U104/><E104/><V133/><F133/><W87/><G87/><AGARI ba="2,1" hai="4,7,16,21,26,47,48,55,85,86,87" m="50281" machi="87" ten="30,5800,0" yaku="19,1,52,1,54,1" doraHai="49" who="1" fromWho="3" sc="235,0,336,74,265,0,154,-64" /><INIT seed="1,3,0,3,1,19" ten="235,410,265,90" oya="1" hai0="73,113,54,104,95,117,49,75,32,87,22,12,21" hai1="68,67,18,77,76,128,103,112,78,86,30,62,88" hai2="25,37,51,72,115,81,92,43,120,109,85,28,27" hai3="39,16,106,36,48,69,24,2,6,15,90,14,100"/><U80/><E112/><V7/><F120/><W131/><G69/><T79/><D104/><U66/><E128/><V59/><F115/><W122/><G122/><T83/><D32/><U98/><E67/><V133/><F133/><W11/><G131/><T82/><D113/><U20/><E30/><V53/><F109/><W108/><G108/><T56/><D117/><U63/><E63/><V99/><F72/><W44/><G106/><T93/><D75/><U61/><E61/><V13/><F37/><W116/><G100/><T74/><D74/><U23/><REACH who="1" step="1"/><E18/><REACH who="1" ten="235,400,265,90" step="2"/><V84/><F28/><W96/><G116/><T9/><D22/><U107/><AGARI ba="3,1" hai="20,23,62,66,68,76,77,78,80,86,88,98,103,107" machi="107" ten="30,18000,2" yaku="1,1,2,1,0,1,52,2,54,1,53,0" doraHai="19" doraHaiUra="132" who="1" fromWho="1" sc="235,-63,400,199,265,-63,90,-63" /><INIT seed="1,4,0,4,0,97" ten="172,599,202,27" oya="1" hai0="77,40,66,123,10,58,29,120,130,114,83,102,46" hai1="48,132,87,117,7,133,122,0,92,45,26,71,20" hai2="9,106,100,38,49,99,8,131,62,25,54,63,112" hai3="111,19,82,15,52,39,60,64,31,5,4,127,12"/><U1/><E71/><V47/><F112/><W104/><G39/><T135/><D130/><U69/><E69/><V79/><F131/><W73/><G104/><T95/><D29/><U57/><E57/><V67/><F79/><W3/><G3/><T88/><D10/><U36/><E36/><V56/><F25/><W42/><G42/><T21/><D21/><U129/><E117/><V108/><F108/><W51/><G31/><T50/><D135/><U22/><E122/><N who="0" m="46633" /><D114/><U55/><E129/><V90/><F90/><W103/><G103/><T24/><D24/><U78/><E7/><V94/><F106/><W125/><G111/><T33/><D33/><U6/><E6/><N who="3" m="2666" /><G82/><T75/><D58/><U113/><E113/><V124/><F124/><N who="3" m="47691" /><G73/><T27/><D27/><U101/><E0/><V72/><F72/><W13/><G64/><T61/><D66/><U14/><E1/><V118/><F118/><W119/><G119/><T2/><D2/><U65/><E65/><V11/><F38/><W32/><G32/><T126/><D126/><U44/><E133/><V28/><F28/><W134/><G134/><T93/><D93/><U18/><E132/><V86/><F63/><W70/><G70/><T89/><D61/><U34/><E34/><V98/><F98/><AGARI ba="4,0" hai="40,46,50,75,77,83,88,89,95,98,102" m="46633" machi="98" ten="30,3900,0" yaku="13,1,52,1,54,1" doraHai="97" who="0" fromWho="2" sc="172,51,599,0,202,-51,27,0" /><INIT seed="2,0,0,4,1,48" ten="223,599,151,27" oya="2" hai0="93,98,99,88,28,33,64,22,18,121,63,51,1" hai1="75,87,57,16,108,55,103,102,45,85,23,37,5" hai2="9,12,20,73,125,3,31,14,59,70,120,38,26" hai3="7,81,27,69,74,40,130,35,114,21,53,89,58"/><V68/><F73/><W126/><G69/><T24/><D1/><U72/><E5/><V46/><F125/><W119/><G119/><T42/><D121/><U129/><E37/><V8/><F120/><W91/><G35/><T67/><D99/><U80/><E45/><V123/><F123/><W86/><G126/><T34/><D34/><U101/><E108/><V15/><F59/><W83/><G130/><T66/><D42/><U127/><E129/><V25/><F70/><W10/><G40/><T131/><D131/><U92/><E92/><V49/><F68/><W2/><G114/><T60/><REACH who="0" step="1"/><D51/><REACH who="0" ten="213,599,151,27" step="2"/><U43/><E43/><V29/><F38/><W32/><G32/><T39/><D39/><U116/><E127/><V104/><F104/><W19/><G74/><T0/><D0/><U100/><E75/><V36/><F36/><W128/><G128/><T52/><D52/><U109/><E55/><N who="2" m="30135" /><F3/><W78/><REACH who="3" step="1"/><G81/><REACH who="3" ten="213,599,151,17" step="2"/><T107/><D107/><U11/><E80/><V133/><F133/><W77/><G77/><T94/><D94/><U47/><E72/><V56/><F56/><W134/><G134/><T4/><D4/><U84/><E57/><V79/><F79/><W106/><G106/><T44/><D44/><U61/><E47/><V124/><F124/><W13/><G13/><AGARI ba="0,2" hai="13,18,22,24,28,33,60,63,64,66,67,88,93,98" machi="13" ten="40,2600,0" yaku="1,1,54,1,53,0" doraHai="48" doraHaiUra="96" who="0" fromWho="3" sc="213,46,599,0,151,0,17,-26" owari="259,6.0,599,70.0,151,-25.0,-9,-51.0" /></mjloggm>