<mjloggm ver="2.3"><GO type="169" lobby="0"/><UN n0="%40%75" n1="%4C%53%E9%99%BD" n2="%E3%82%A6%E3%83%AB%E3%83%88%E3%83%A9%E7%AB%8B%E7%9B%B4" n3="%E2%80%A0%E3%81%BE%E3%83%BC%E5%9D%8A%E2%80%A0" dan="16,16,17,18" rate="2149.22,2106.63,2118.49,2223.95" sx="F,M,M,M"/><TAIKYOKU oya="0"/><INIT seed="0,0,0,4,5,111" ten="250,250,250,250" oya="0" hai0="114,34,24,132,101,10,20,26,87,17,106,77,125" hai1="36,3,49,31,79,33,44,22,92,46,47,74,103" hai2="55,38,82,107,51,18,96,90,91,105,73,104,134" hai3="65,126,67,129,86,52,124,28,117,5,56,89,40"/><T76/><D132/><U35/><E3/><V88/><F38/><W29/><G117/><T39/><D125/><N who="3" m="48233" /><G40/><T133/><D133/><U66/><E66/><N who="3" m="25098" /><G5/><T21/><D39/><U27/><E36/><V64/><F64/><W69/><G69/><T99/><D34/><U41/><E74/><V85/><F134/><W32/><G32/><T130/><D130/><U53/><E79/><N who="2" m="44399" /><F51/><N who="3" m="30751" /><G129/><T62/><D62/><U108/><E35/><V11/><F18/><W83/><AGARI ba="0,0" hai="28,29,83,86,89" m="30751,25098,48233" machi="83" ten="30,2000,0" yaku="18,1,54,1" doraHai="111" who="3" fromWho="3" sc="250,-10,250,-5,250,-5,250,20" /><INIT seed="1,0,0,3,2,99" ten="240,245,245,270" oya="1" hai0="11,130,15,12,101,67,80,133,40,111,78,64,116" hai1="106,95,25,19,86,58,127,16,61,49,68,110,81" hai2="125,119,46,28,103,114,112,132,129,96,135,94,105" hai3="44,51,4,41,53,84,121,48,43,100,120,59,82"/><U60/><E106/><V89/><F28/><W50/><G4/><T62/><D111/><U93/><E127/><V10/><F10/><W39/><G100/><T77/><D130/><U8/><E110/><V55/><F55/><W2/><G2/><T52/><D133/><N who="2" m="51274" /><F46/><W45/><REACH who="3" step="1"/><G39/><REACH who="3" ten="240,245,245,260" step="2"/><T131/><D131/><U134/><E134/><V3/><F3/><W33/><G33/><T9/><D101/><U118/><E118/><V117/><F129/><W63/><G63/><T54/><D62/><U113/><E61/><V30/><F125/><W109/><G109/><T69/><D116/><N who="2" m="44618" /><F30/><W102/><G102/><T87/><D69/><U36/><E60/><V85/><AGARI ba="0,1" hai="85,89,94,96,103,105,112,114" m="44618,51274" machi="85" ten="40,8000,1" yaku="20,1,34,2,52,1" doraHai="99" who="2" fromWho="2" sc="240,-20,245,-40,245,90,260,-20" /><INIT seed="2,0,0,4,4,77" ten="220,205,335,240" oya="2" hai0="70,82,54,72,103,106,126,80,129,84,105,65,10" hai1="63,51,113,89,87,8,74,17,58,66,50,75,31" hai2="37,88,62,91,110,18,109,56,99,132,9,115,81" hai3="133,25,13,98,14,41,134,124,44,119,78,43,95"/><V108/><F37/><W33/><G119/><T127/><D129/><U29/><E113/><V46/><F115/><W86/><G124/><N who="0" m="47659" /><D65/><U52/><E74/><V104/><F46/><W90/><G43/><T94/><D70/><U114/><E75/><V12/><F132/><W45/><G45/><T64/><D64/><U55/><E114/><V4/><F18/><W128/><G128/><T111/><D111/><U121/><E121/><V23/><F23/><W112/><G112/><T15/><D72/><U117/><E117/><V28/><F28/><N who="1" m="10825" /><E66/><N who="2" m="39239" /><F81/><N who="0" m="31338" /><D54/><U122/><E122/><V0/><F0/><W24/><G134/><T47/><D47/><U6/><E55/><V107/><F107/><N who="0" m="40970" /><D103/><AGARI ba="0,0" hai="4,9,12,88,91,99,103,104,108,109,110" m="39239" machi="103" ten="30,5800,0" yaku="14,1,10,1,54,1" doraHai="77" who="2" fromWho="0" sc="220,-58,205,0,335,58,240,0" /><INIT seed="2,1,0,5,1,20" ten="162,205,393,240" oya="2" hai0="28,22,133,52,75,64,79,37,32,74,7,114,21" hai1="115,47,113,73,111,3,65,77,90,27,101,102,132" hai2="11,67,40,121,36,48,91,55,16,130,124,134,94" hai3="43,99,108,87,58,31,66,103,39,34,118,125,8"/><V98/><F121/><W1/><G118/><T49/><D37/><U126/><E3/><V100/><F130/><W14/><G1/><T81/><D133/><U35/><E65/><V82/><F134/><W29/><G108/><T112/><D75/><U123/><E132/><V54/><F36/><W51/><G39/><T63/><D7/><U69/><E69/><V33/><F33/><W53/><G125/><T62/><D32/><U106/><E111/><V78/><F67/><W17/><G43/><T4/><D4/><U57/><E57/><V9/><F124/><W88/><G34/><T70/><D63/><U61/><E61/><V6/><F6/><W76/><G76/><T128/><D128/><U68/><E68/><V105/><F40/><W42/><G42/><T45/><REACH who="0" step="1"/><D28/><REACH who="0" ten="152,205,393,240" step="2"/><N who="1" m="19871" /><E126/><V13/><F48/><W107/><REACH who="3" step="1"/><G66/><REACH who="3" ten="152,205,393,230" step="2"/><T109/><D109/><U119/><E119/><V30/><F55/><W131/><G131/><T83/><D83/><AGARI ba="1,2" hai="8,14,17,29,31,51,53,58,83,87,88,99,103,107" machi="83" ten="30,3900,0" yaku="1,1,7,1,54,1,53,0" doraHai="20" doraHaiUra="59" who="3" fromWho="0" sc="152,-42,205,0,393,0,230,62" /><INIT seed="3,0,0,1,1,127" ten="110,205,393,292" oya="3" hai0="8,22,91,72,124,6,26,98,92,30,56,37,63" hai1="129,74,62,1,75,115,59,120,10,23,12,107,114" hai2="67,105,125,77,109,57,4,90,89,28,69,53,81" hai3="32,35,104,45,133,87,88,7,29,108,34,15,119"/><W46/><G119/><T79/><D124/><U123/><E1/><V24/><F105/><W132/><G104/><T118/><D118/><U27/><E107/><V58/><F69/><W128/><G29/><T80/><D37/><U122/><E74/><V95/><F4/><W0/><G0/><T130/><D56/><U18/><E75/><V25/><F125/><W135/><G108/><T48/><D48/><U31/><E59/><V102/><F67/><W111/><G111/><T85/><D63/><U106/><E106/><V61/><F58/><W103/><G103/><T41/><D41/><U93/><E93/><V54/><F54/><W65/><G65/><T21/><D21/><U131/><E62/><V9/><F9/><N who="3" m="4543" /><G128/><AGARI ba="0,0" hai="10,12,18,23,27,31,114,115,120,122,123,128,129,131" machi="128" ten="50,12000,2" yaku="19,1,34,3,52,3" doraHai="127" who="1" fromWho="3" sc="110,0,205,120,393,0,292,-120" /><INIT seed="4,0,0,4,3,48" ten="110,325,393,172" oya="0" hai0="44,117,85,4,31,94,14,77,123,82,108,49,45" hai1="59,103,3,12,96,55,118,33,21,41,52,81,0" hai2="50,17,43,63,90,100,51,89,58,36,128,39,28" hai3="115,65,104,105,112,99,120,131,18,37,57,79,132"/><T22/><D117/><U93/><E33/><V20/><F28/><W102/><G37/><T74/><D123/><U47/><E118/><V111/><F100/><W6/><G120/><T26/><D108/><U106/><E106/><V121/><F111/><W97/><G6/><T25/><D74/><U122/><E122/><V56/><F51/><W86/><G18/><T67/><D67/><U7/><E81/><V68/><F68/><W114/><G65/><T53/><D94/><U8/><E21/><V92/><F90/><W116/><G57/><T95/><D95/><U129/><E129/><V46/><F58/><W2/><G2/><T124/><D124/><U16/><E7/><V64/><F128/><W80/><G116/><T125/><D125/><U42/><E55/><V24/><F121/><W13/><G13/><T130/><D130/><U73/><E73/><V98/><AGARI ba="0,0" hai="17,20,24,36,39,43,46,50,56,63,64,89,92,98" machi="98" ten="20,1500,0" yaku="0,1,7,1" doraHai="48" who="2" fromWho="2" sc="110,-7,325,-4,393,15,172,-4" /><INIT seed="5,0,0,4,2,12" ten="103,321,408,168" oya="1" hai0="88,25,76,96,120,97,110,115,114,28,2,112,18" hai1="130,4,35,127,101,74,3,0,79,90,23,62,109" hai2="117,19,10,41,100,51,98,15,48,1,43,63,83" hai3="93,30,26,8,111,68,118,87,86,66,134,54,52"/><U82/><E35/><V55/><F1/><W119/><G111/><T106/><D110/><U33/><E33/><V85/><F117/><W17/><G134/><T71/><D120/><U7/><E109/><V6/><F6/><W69/><G30/><T5/><D71/><U56/><E101/><V59/><F48/><W81/><G66/><T24/><D76/><U13/><E130/><V21/><F21/><N who="3" m="13615" /><G69/><T40/><D40/><U60/><E127/><V58/><F58/><W107/><G107/><T44/><D44/><U113/><E113/><V128/><F63/><W78/><G68/><T135/><D135/><U104/><E62/><V61/><F61/><W39/><G39/><T57/><D57/><U20/><E104/><V36/><F36/><W123/><G123/><T94/><D28/><U49/><E49/><V75/><F75/><W89/><G8/><T125/><D125/><U22/><E90/><V53/><F53/><W9/><G9/><T38/><D38/><U108/><E108/><V14/><F14/><W29/><G29/><T95/><D106/><U77/><E13/><V126/><F128/><W27/><G27/><T65/><D65/><N who="1" m="39047" /><E3/><V116/><F116/><AGARI ba="0,0" hai="52,54,78,81,86,87,89,93,116,118,119" m="13615" machi="116" ten="30,3900,0" yaku="12,1,52,1,54,1" doraHai="12" who="3" fromWho="2" sc="103,0,321,0,408,-39,168,39" /><INIT seed="6,0,0,1,1,49" ten="103,321,369,207" oya="2" hai0="86,83,92,87,33,116,106,6,28,129,58,97,32" hai1="121,36,119,46,27,98,59,96,4,72,55,9,76" hai2="29,12,35,64,125,69,65,117,60,126,93,48,7" hai3="24,124,88,127,80,31,74,120,118,75,107,18,114"/><V134/><F117/><W84/><G118/><T51/><D129/><U40/><E119/><V71/><F29/><W73/><G120/><T133/><D133/><U108/><E108/><V62/><F35/><W3/><G107/><T41/><D106/><U26/><E121/><V109/><F93/><W50/><G3/><T5/><D33/><U85/><E85/><V111/><F12/><W10/><G114/><T43/><D32/><U13/><E96/><V47/><F7/><W14/><REACH who="3" step="1"/><G50/><REACH who="3" ten="103,321,369,197" step="2"/><T37/><D116/><U128/><E128/><V90/><F134/><W63/><G63/><T94/><D37/><U102/><E72/><V77/><F62/><W52/><G52/><T53/><D83/><U135/><E135/><V115/><F60/><W66/><G66/><T57/><D51/><U95/><E76/><V15/><F77/><W44/><G44/><T34/><D97/><U91/><E102/><V8/><F47/><W30/><G30/><T16/><D28/><U19/><E4/><N who="2" m="3463" /><F115/><W104/><G104/><T38/><D38/><U132/><E132/><V21/><F65/><W123/><G123/><T130/><D130/><U131/><E131/><V100/><F64/><W17/><G17/><T79/><D79/><U42/><E42/><V103/><F103/><W23/><AGARI ba="0,1" hai="10,14,18,23,24,31,73,74,75,80,84,88,124,127" machi="23" ten="40,5200,0" yaku="1,1,0,1,54,1,53,0" doraHai="49" doraHaiUra="110" who="3" fromWho="3" sc="103,-13,321,-13,369,-26,197,62" /><INIT seed="7,0,0,3,0,96" ten="90,308,343,259" oya="3" hai0="75,94,56,29,27,73,60,62,57,113,115,122,48" hai1="68,77,64,103,24,31,104,107,106,72,120,35,52" hai2="3,33,105,42,38,84,91,133,46,15,66,95,10" hai3="124,28,112,25,129,114,102,81,54,123,63,127,78"/><W39/><G39/><T71/><D122/><U47/><E120/><V88/><F105/><W65/><G54/><T61/><D61/><N who="1" m="39951" /><E77/><V2/><F33/><W74/><G123/><T69/><D69/><U110/><E72/><V37/><F37/><W131/><G102/><T49/><D49/><N who="1" m="28735" /><E110/><V21/><F133/><W16/><G16/><T93/><D93/><U55/><E55/><V44/><F44/><W23/><G114/><T111/><D111/><U18/><E18/><V43/><F21/><W5/><G5/><T19/><D19/><U51/><E51/><V126/><F66/><W87/><G87/><T45/><D45/><U7/><E7/><V50/><F91/><W125/><REACH who="3" step="1"/><G112/><REACH who="3" ten="90,308,343,249" step="2"/><T89/><D89/><U98/><AGARI ba="0,1" hai="24,31,35,98,103,104,106,107" m="28735,39951" machi="98" ten="30,4000,0" yaku="25,1,52,1,54,1" doraHai="96" who="1" fromWho="1" sc="90,-10,308,50,343,-10,249,-20" owari="80,-42.0,358,46.0,333,13.0,229,-17.0" /></mjloggm>