<mjloggm ver="2.3"><GO type="169" lobby="0"/><UN n0="%7A%6F%6F%31%39%36%34" n1="%E3%81%92%E3%81%A3%E3%81%A1" n2="%4F%53%43%37%37%37" n3="%E3%82%A6%E3%83%AB%E3%83%88%E3%83%A9%E7%AB%8B%E7%9B%B4" dan="16,16,16,17" rate="2112.86,2118.38,2071.59,2124.12" sx="M,M,M,M"/><TAIKYOKU oya="0"/><INIT seed="0,0,0,3,2,1" ten="250,250,250,250" oya="0" hai0="56,37,14,42,133,49,103,15,59,22,50,0,26" hai1="75,16,21,66,32,72,44,52,82,131,60,67,81" hai2="102,96,134,9,27,17,53,104,25,18,61,135,6" hai3="120,128,85,5,65,93,80,33,46,125,126,121,58"/><T83/><D0/><U68/><E32/><V64/><F53/><W11/><G33/><T40/><D37/><U122/><E122/><N who="3" m="47210" /><G93/><T10/><D133/><N who="2" m="50698" /><F18/><W98/><G98/><T48/><D103/><U62/><E131/><V115/><F17/><W35/><G35/><T19/><D83/><U84/><E81/><V34/><F115/><W2/><G46/><T63/><D15/><U129/><E129/><V76/><F76/><N who="3" m="46215" /><G128/><T55/><REACH who="0" step="1"/><D59/><REACH who="0" ten="240,250,250,250" step="2"/><U29/><E72/><V54/><F34/><W78/><G78/><T86/><D86/><U97/><E75/><V12/><F54/><W38/><G38/><T41/><D41/><U73/><E73/><V109/><F109/><W127/><G58/><AGARI ba="0,1" hai="6,9,12,25,27,58,61,64,96,102,104" m="50698" machi="58" ten="30,2000,0" yaku="20,1,52,1" doraHai="1" who="2" fromWho="3" sc="240,0,250,0,250,30,250,-20" /><INIT seed="1,0,0,2,5,131" ten="240,250,280,230" oya="1" hai0="93,1,27,17,121,45,123,14,40,63,110,62,46" hai1="118,59,104,91,26,3,79,129,48,31,5,61,33" hai2="13,115,117,12,21,130,81,109,38,29,66,30,7" hai3="126,41,132,99,70,96,101,108,71,37,100,8,11"/><U114/><E114/><V35/><F117/><W72/><G41/><T82/><D1/><U85/><E118/><V113/><F38/><W102/><G37/><T25/><D110/><U84/><E129/><V107/><F130/><W51/><G51/><T9/><D82/><U24/><E104/><V95/><F107/><W4/><G4/><T86/><D86/><U124/><E124/><V2/><F81/><W57/><G57/><T22/><D93/><U28/><E79/><V80/><F80/><W133/><G72/><T64/><D27/><U60/><E48/><V125/><F95/><W69/><G108/><T98/><D98/><N who="3" m="37417" /><G126/><T23/><D23/><U54/><E61/><N who="0" m="23049" /><D64/><U120/><E120/><N who="0" m="46153" /><D40/><U74/><E74/><V78/><F66/><W65/><G65/><T44/><D44/><U56/><E56/><V19/><F78/><W76/><G76/><T52/><D52/><U83/><E84/><V112/><F125/><W77/><G77/><T89/><D89/><U116/><E116/><V75/><F75/><W47/><G47/><T92/><D92/><U73/><E73/><V43/><F43/><W55/><G55/><T42/><D42/><U111/><E111/><V6/><F109/><W134/><AGARI ba="0,0" hai="8,11,69,70,71,100,101,102,132,133,134" m="37417" machi="134" ten="50,16000,3" yaku="29,2,28,2,20,1,52,3" doraHai="131" who="3" fromWho="3" sc="240,-40,250,-80,280,-40,230,160" /><INIT seed="2,0,0,4,5,39" ten="200,170,240,390" oya="2" hai0="68,86,102,89,49,0,65,63,90,134,5,128,7" hai1="135,47,133,97,73,59,84,82,94,9,71,114,103" hai2="45,35,76,131,34,30,3,51,33,72,8,11,32" hai3="118,10,130,20,115,17,111,75,99,88,38,96,129"/><V109/><F131/><W104/><G75/><T16/><D128/><N who="3" m="49257" /><G118/><T101/><D134/><N who="1" m="51211" /><E71/><V80/><F109/><W2/><G115/><T42/><D90/><U69/><E69/><V61/><F30/><W43/><G111/><T79/><D79/><N who="1" m="44399" /><E9/><V74/><F74/><W124/><G124/><T116/><D116/><U29/><E29/><V18/><F3/><W52/><G52/><T60/><D0/><U83/><E59/><V58/><F18/><W13/><G88/><T26/><D5/><U27/><E27/><V37/><F37/><W81/><G81/><T24/><D7/><U23/><E23/><V77/><F77/><W57/><G57/><T78/><D78/><N who="1" m="46199" /><E47/><V95/><F95/><W117/><G117/><T15/><D24/><U121/><E121/><V125/><F125/><W108/><G108/><T120/><D26/><U14/><E14/><V1/><F1/><W113/><G113/><AGARI ba="0,0" hai="94,97,103,113,114" m="46199,44399,51211" machi="113" ten="30,3900,0" yaku="20,1,34,2" doraHai="39" who="1" fromWho="3" sc="200,0,170,39,240,0,390,-39" /><INIT seed="3,0,0,2,2,122" ten="200,209,240,351" oya="3" hai0="20,114,79,115,108,90,40,100,101,81,125,77,111" hai1="48,86,44,126,74,50,116,61,129,123,117,84,24" hai2="70,120,71,83,47,64,67,18,19,57,62,12,78" hai3="124,16,22,134,3,121,15,113,133,33,66,99,32"/><W98/><G121/><T29/><D40/><U14/><E74/><V1/><F1/><W69/><G3/><T8/><D8/><U110/><E123/><V73/><F120/><W107/><G113/><N who="0" m="43019" /><D125/><U135/><E126/><V130/><F130/><W53/><G124/><T106/><D106/><U21/><E129/><V118/><F118/><N who="1" m="45673" /><E14/><V39/><F18/><W30/><G53/><T59/><D59/><U35/><E35/><V10/><F64/><W95/><G95/><T82/><D90/><U103/><E103/><N who="0" m="39497" /><D20/><U128/><E128/><V94/><F94/><W132/><G107/><T25/><D25/><U38/><E135/><V4/><REACH who="2" step="1"/><F4/><REACH who="2" ten="200,209,230,351" step="2"/><W45/><G66/><T91/><D29/><U105/><E105/><V37/><F37/><W127/><G127/><T17/><D17/><U23/><E38/><V56/><F56/><W43/><G30/><T34/><D34/><N who="3" m="13417" /><G69/><T5/><D5/><U49/><E44/><V102/><F102/><W60/><G132/><T119/><D119/><U42/><E24/><V93/><F93/><W112/><G134/><T13/><D13/><U9/><E42/><AGARI ba="0,1" hai="10,12,19,39,42,47,57,62,67,70,71,73,78,83" machi="42" ten="40,2600,0" yaku="1,1,53,1" doraHai="122" doraHaiUra="41" who="2" fromWho="1" sc="200,0,209,-26,230,36,351,0" /><INIT seed="4,0,0,1,5,127" ten="200,183,266,351" oya="0" hai0="67,31,52,16,68,39,63,78,105,29,55,35,130" hai1="45,117,71,113,22,12,109,114,99,40,92,86,77" hai2="5,122,73,98,10,95,53,21,102,23,6,62,20" hai3="30,85,132,131,37,4,80,110,84,43,115,125,47"/><T100/><D39/><U65/><E117/><V44/><F73/><W41/><G110/><T61/><D78/><U72/><E72/><V34/><F34/><W36/><G125/><T17/><D130/><U121/><E121/><V129/><F129/><W38/><G131/><T11/><D31/><U75/><E75/><V134/><F134/><W57/><G4/><T82/><D82/><N who="1" m="47439" /><E71/><V2/><F122/><W64/><G115/><N who="1" m="44042" /><E65/><V60/><F5/><W42/><G30/><T18/><D11/><U83/><E83/><V112/><F112/><W7/><G64/><T93/><D63/><U0/><E0/><V9/><F9/><W51/><G80/><T94/><D94/><U48/><E109/><V24/><F24/><W106/><G132/><T89/><D93/><U108/><E108/><V128/><F128/><W8/><G106/><T87/><D87/><U13/><E22/><V26/><F26/><W126/><G126/><T120/><D120/><U19/><E19/><V50/><AGARI ba="0,0" hai="2,6,10,20,21,23,44,50,53,60,62,95,98,102" machi="50" ten="30,1100,0" yaku="0,1" doraHai="127" who="2" fromWho="2" sc="200,-5,183,-3,266,11,351,-3" /><INIT seed="5,0,0,3,3,14" ten="195,180,277,348" oya="1" hai0="7,4,96,94,79,133,104,129,74,27,10,91,9" hai1="130,75,54,119,82,25,18,29,15,22,86,11,37" hai2="76,127,12,66,81,42,113,90,62,58,93,122,88" hai3="126,34,35,108,116,123,48,19,50,32,6,120,109"/><U121/><E119/><V30/><F122/><W63/><G63/><T53/><D133/><U23/><E121/><V59/><F127/><W71/><G35/><T73/><D129/><U111/><E130/><V100/><F113/><W38/><G6/><T103/><D53/><U83/><E37/><V61/><F42/><W3/><G71/><T51/><D51/><U98/><E111/><V40/><F40/><W77/><G77/><T46/><D46/><U64/><E64/><V131/><F131/><W125/><G3/><T13/><D27/><N who="1" m="16639" /><E75/><V1/><F1/><W99/><G99/><T110/><D79/><U78/><E83/><V114/><F114/><W117/><G19/><T102/><D110/><U17/><E98/><V101/><F30/><W31/><G31/><T89/><D89/><N who="2" m="34410" /><F12/><W20/><G20/><T65/><D65/><U56/><E56/><V2/><F2/><W135/><G135/><T57/><D57/><U134/><E134/><V84/><F93/><W67/><G67/><AGARI ba="0,0" hai="58,59,61,62,66,67,76,81,84,100,101" m="34410" machi="67" ten="30,2000,0" yaku="8,1,54,1" doraHai="14" who="2" fromWho="3" sc="195,0,180,0,277,20,348,-20" /><INIT seed="6,0,0,4,1,8" ten="195,180,297,328" oya="2" hai0="37,107,24,61,115,27,99,29,48,104,67,62,112" hai1="134,84,110,4,35,55,128,93,70,132,65,103,66" hai2="100,82,47,127,52,108,31,18,1,40,90,30,71" hai3="44,15,74,32,125,7,135,22,6,20,46,120,91"/><V81/><F71/><W86/><G74/><T49/><D37/><U21/><E35/><V63/><F1/><W60/><G32/><T87/><D87/><U10/><E110/><V5/><F108/><W98/><G98/><T50/><D99/><N who="1" m="59887" /><E70/><V43/><F5/><W3/><G3/><T92/><D92/><U14/><E128/><V101/><F127/><W45/><G120/><T33/><D27/><U97/><E97/><V58/><F18/><N who="3" m="10335" /><G125/><T114/><REACH who="0" step="1"/><D62/><REACH who="0" ten="185,180,297,328" step="2"/><U26/><E84/><N who="2" m="50447" /><F101/><W79/><G60/><T76/><D76/><U68/><E68/><AGARI ba="0,1" hai="24,29,33,48,49,50,61,67,68,104,107,112,114,115" machi="68" ten="50,6400,0" yaku="1,1,15,1,53,1" doraHai="8" doraHaiUra="59" who="0" fromWho="1" sc="185,74,180,-64,297,0,328,0" /><INIT seed="7,0,0,2,0,84" ten="259,116,297,328" oya="3" hai0="64,128,4,37,3,63,60,78,71,20,26,54,133" hai1="32,89,31,70,83,129,50,45,66,117,98,115,28" hai2="57,52,106,1,34,24,91,19,21,75,114,10,88" hai3="0,72,103,53,108,110,90,9,68,107,36,18,99"/><W23/><G72/><T33/><D33/><U27/><E117/><V131/><F106/><W59/><G68/><T17/><D37/><U6/><E6/><V96/><F75/><W44/><G90/><T55/><D133/><U130/><E31/><V121/><F121/><W76/><G76/><T38/><D38/><U127/><E127/><V86/><F114/><W122/><G122/><T102/><D128/><U81/><E66/><V94/><F131/><W118/><G118/><T8/><D78/><U42/><E70/><V97/><F34/><W39/><G9/><T35/><D102/><U82/><REACH who="1" step="1"/><E115/><REACH who="1" ten="259,106,297,328" step="2"/><V120/><F120/><W119/><G119/><T58/><D35/><U29/><E29/><V74/><F1/><W104/><G0/><T30/><D30/><U43/><E43/><V116/><F116/><W67/><G67/><AGARI ba="0,1" hai="3,4,8,17,20,26,54,55,58,60,63,64,67,71" machi="67" ten="30,1000,0" yaku="7,1" doraHai="84" who="0" fromWho="3" sc="259,20,106,0,297,0,328,-10" owari="279,-12.0,106,-39.0,297,10.0,318,41.0" /></mjloggm>