<mjloggm ver="2.3"><GO type="169" lobby="0"/><UN n0="%E3%81%9E%E3%82%8B%E3%83%BC%E3%81%9F" n1="%E3%82%BF%E3%82%B1%E3%82%BF%E3%82%B1%E3%82%BF%E3%82%B1" n2="%E3%83%9F%E3%82%B9%E3%83%86%E3%82%A3%E3%82%B3" n3="%E3%82%A6%E3%83%AB%E3%83%88%E3%83%A9%E7%AB%8B%E7%9B%B4" dan="16,17,16,18" rate="2129.48,2121.83,2131.01,2242.60" sx="M,M,M,M"/><TAIKYOKU oya="0"/><INIT seed="0,0,0,4,5,40" ten="250,250,250,250" oya="0" hai0="65,52,72,91,64,24,74,98,45,78,8,128,68" hai1="35,77,38,28,62,39,51,13,20,41,42,16,106" hai2="112,129,59,101,54,7,118,48,4,0,124,99,108" hai3="26,34,23,17,82,3,90,117,103,85,57,69,25"/><T107/><D8/><U132/><E106/><V120/><F120/><W114/><G114/><T44/><D78/><U122/><E122/><V100/><F118/><W66/><G3/><T71/><D24/><U27/><E132/><V31/><F112/><W83/><G117/><T5/><D5/><U19/><E77/><V109/><F0/><W29/><G69/><T111/><D107/><U115/><E115/><V73/><F73/><W113/><G113/><T61/><D128/><U116/><E116/><V56/><F129/><W70/><G70/><T55/><D91/><U105/><E105/><V133/><F124/><W12/><G103/><T2/><D2/><U76/><E76/><V79/><F79/><W22/><G66/><T18/><D18/><U80/><E80/><V135/><F31/><W88/><G57/><T75/><D111/><N who="2" m="42570" /><F101/><W127/><G127/><T81/><D81/><U53/><E62/><V97/><F59/><W121/><G121/><T15/><D15/><U43/><REACH who="1" step="1"/><E19/><REACH who="1" ten="250,240,250,250" step="2"/><V10/><F133/><W14/><G34/><T96/><D74/><U46/><AGARI ba="0,1" hai="13,16,20,27,28,35,38,39,41,42,43,46,51,53" machi="46" ten="30,8000,1" yaku="1,1,2,1,0,1,52,1,54,1,53,0" doraHai="40" doraHaiUra="89" who="1" fromWho="1" sc="250,-40,240,90,250,-20,250,-20" /><INIT seed="1,0,0,4,5,101" ten="210,330,230,230" oya="1" hai0="126,134,124,21,14,71,52,20,63,37,43,39,26" hai1="103,102,25,54,112,41,100,113,53,50,94,135,22" hai2="3,60,67,27,28,116,82,74,61,92,132,56,70" hai3="133,91,88,98,10,30,127,17,121,18,106,90,125"/><U34/><E34/><V117/><F132/><W84/><G121/><T36/><D14/><U77/><E135/><V104/><F92/><W93/><G30/><T81/><D134/><U64/><E64/><V23/><F3/><W47/><G133/><T42/><D81/><U75/><E75/><V73/><F61/><W131/><G47/><T109/><D109/><U57/><E77/><V129/><F129/><W9/><G131/><T114/><D114/><U1/><E1/><V80/><F70/><W119/><G119/><T97/><D97/><U62/><E41/><N who="0" m="15369" /><D26/><U11/><E11/><V79/><F104/><W87/><G106/><T45/><D20/><U120/><E120/><V99/><F99/><W118/><G118/><T48/><D21/><U35/><E35/><V123/><REACH who="2" step="1"/><F123/><REACH who="2" ten="210,330,220,230" step="2"/><W58/><G98/><T46/><D46/><N who="1" m="27863" /><E113/><V65/><F65/><AGARI ba="0,1" hai="36,37,39,45,48,52,63,65,71,124,126" m="15369" machi="65" ten="40,5200,0" yaku="34,2,54,1" doraHai="101" who="0" fromWho="2" sc="210,62,330,0,220,-52,230,0" /><INIT seed="2,0,0,1,3,129" ten="272,330,168,230" oya="2" hai0="26,5,29,45,65,41,75,123,2,23,27,6,81" hai1="69,64,22,1,60,44,18,66,52,92,85,35,3" hai2="78,109,89,126,38,4,24,68,98,39,56,105,104" hai3="13,116,32,118,61,76,107,95,120,20,16,115,58"/><V103/><F126/><W19/><G107/><T57/><D123/><U59/><E35/><V110/><F68/><W12/><G32/><T71/><D71/><U40/><E85/><V88/><F4/><W91/><G76/><T90/><D2/><U43/><E92/><V108/><F78/><W54/><G120/><T53/><D65/><U63/><E66/><V72/><F72/><W47/><G47/><T67/><D67/><U127/><E127/><V82/><F82/><W77/><G77/><T112/><D112/><U34/><E34/><V8/><F8/><W9/><REACH who="3" step="1"/><G115/><REACH who="3" ten="272,330,168,220" step="2"/><T133/><D45/><U114/><E114/><V28/><F105/><W48/><G48/><T73/><D73/><U74/><E74/><V21/><F56/><W49/><G49/><T36/><D75/><U15/><E43/><V46/><F46/><W121/><G121/><T70/><D41/><U25/><E25/><V96/><REACH who="2" step="1"/><F98/><AGARI ba="0,1" hai="9,12,13,16,19,20,54,58,61,91,95,98,116,118" machi="98" ten="30,7700,0" yaku="1,1,7,1,54,1,53,1" doraHai="129" doraHaiUra="84" who="3" fromWho="2" sc="272,0,330,0,168,-77,220,87" /><INIT seed="3,0,0,0,2,121" ten="272,330,91,307" oya="3" hai0="101,48,41,129,126,134,125,59,102,91,36,112,58" hai1="100,130,46,115,97,24,64,11,50,94,2,44,78" hai2="38,103,61,26,55,43,65,109,113,13,9,89,73" hai3="84,131,107,124,96,4,34,128,83,15,93,7,47"/><W104/><G34/><T85/><D129/><N who="3" m="49737" /><G47/><N who="0" m="23975" /><D134/><U21/><E115/><V56/><F113/><W111/><G15/><T23/><D112/><U71/><E130/><V86/><F73/><W60/><G60/><T40/><D23/><U16/><E78/><V54/><F103/><N who="3" m="60815" /><G124/><N who="0" m="47723" /><D40/><U20/><E46/><V6/><F38/><W70/><G70/><T10/><D10/><U29/><E64/><V120/><F43/><W123/><G123/><T14/><D14/><U105/><E71/><V37/><F37/><W19/><G19/><T57/><D48/><U118/><E118/><V72/><F72/><W76/><G111/><T122/><D122/><U32/><E2/><V5/><F120/><W12/><G12/><T106/><D106/><AGARI ba="0,0" hai="4,7,76,83,84,104,106,107" m="60815,49737" machi="106" ten="30,1500,0" yaku="19,1" doraHai="121" who="3" fromWho="0" sc="272,-15,330,0,91,0,307,15" /><INIT seed="3,1,0,4,5,120" ten="257,330,91,322" oya="3" hai0="99,133,46,1,68,0,107,92,100,62,13,128,38" hai1="76,113,28,19,16,60,66,88,77,74,54,80,65" hai2="23,55,17,45,50,56,3,39,10,112,95,75,18" hai3="90,26,81,111,11,78,64,33,6,53,30,130,2"/><W89/><G130/><T114/><D128/><U73/><E113/><V104/><F104/><W20/><G64/><N who="1" m="24682" /><E74/><V22/><F112/><W71/><G71/><T70/><D62/><U47/><E73/><V4/><F75/><W9/><G9/><T84/><D114/><U40/><E28/><V125/><F125/><W96/><G53/><T69/><D133/><U52/><E40/><V35/><F35/><W119/><G119/><T110/><D110/><U97/><E54/><V129/><F129/><W85/><G111/><T24/><D13/><U118/><E118/><V8/><F39/><W106/><REACH who="3" step="1"/><G33/><REACH who="3" ten="257,330,91,312" step="2"/><T51/><D69/><U82/><E52/><V93/><F10/><W7/><G7/><T43/><D68/><U31/><E31/><V27/><REACH who="2" step="1"/><F45/><REACH who="2" ten="257,330,81,312" step="2"/><W25/><G25/><AGARI ba="1,2" hai="3,4,8,17,18,22,23,25,27,50,55,56,93,95" machi="25" ten="30,7700,0" yaku="1,1,2,1,7,1,9,1,53,0" doraHai="120" doraHaiUra="109" who="2" fromWho="3" sc="257,0,330,0,81,100,312,-80" /><INIT seed="4,0,0,3,3,18" ten="257,330,181,232" oya="0" hai0="44,111,55,116,75,3,70,108,129,107,62,98,96" hai1="63,67,24,35,1,13,128,57,84,39,61,49,113" hai2="66,90,78,97,15,2,74,119,53,4,0,95,45" hai3="19,89,106,14,22,25,131,110,71,134,127,51,120"/><T132/><D3/><U124/><E1/><V100/><F119/><W118/><G110/><N who="0" m="42027" /><D75/><U17/><E39/><V73/><F66/><W69/><G118/><T27/><D116/><U121/><E121/><V42/><F53/><W32/><G106/><T80/><D80/><U10/><E128/><V68/><F68/><W33/><G127/><T112/><D112/><U37/><E37/><V76/><F15/><W58/><G134/><T85/><D85/><U126/><E113/><V125/><F125/><W56/><G131/><T8/><D107/><U101/><E101/><V115/><F115/><W99/><G120/><T122/><D8/><U103/><E103/><V60/><F60/><W104/><G104/><T64/><D132/><U65/><E84/><V135/><F135/><W50/><G33/><T59/><D44/><U34/><E49/><N who="3" m="18442" /><G32/><T16/><D129/><U48/><E48/><V92/><F4/><W88/><G71/><T54/><D122/><U29/><REACH who="1" step="1"/><E35/><REACH who="1" ten="257,320,181,232" step="2"/><V41/><F100/><W46/><G46/><T79/><D98/><U21/><E21/><V93/><F45/><W109/><G99/><T102/><D70/><AGARI ba="0,1" hai="10,13,17,24,29,34,57,61,63,65,67,70,124,126" machi="70" ten="40,2600,0" yaku="1,1,53,1" doraHai="18" doraHaiUra="23" who="1" fromWho="0" sc="257,-26,320,36,181,0,232,0" /><INIT seed="5,0,0,1,4,82" ten="231,356,181,232" oya="1" hai0="39,77,10,40,8,92,110,118,109,33,114,3,94" hai1="105,6,23,26,90,50,123,4,49,58,124,89,99" hai2="13,1,102,55,93,27,117,98,63,104,59,73,74" hai3="116,111,65,35,134,53,112,37,43,32,71,60,7"/><U81/><E123/><V44/><F1/><W36/><G111/><T41/><D33/><U70/><E70/><V16/><F117/><W91/><G112/><T108/><D118/><U83/><E124/><V127/><F127/><W125/><G125/><T2/><D108/><U30/><E105/><V20/><F104/><W64/><G116/><T57/><D57/><U119/><E119/><V131/><F131/><W95/><G134/><T88/><D77/><U84/><E50/><V135/><F135/><W103/><G103/><T132/><D132/><U61/><E49/><V56/><F44/><W52/><G64/><T66/><D66/><U79/><E99/><V11/><REACH who="2" step="1"/><F59/><REACH who="2" ten="231,356,171,232" step="2"/><W68/><G68/><T75/><D2/><U46/><E46/><V106/><F106/><W34/><G71/><T86/><D3/><U18/><E30/><AGARI ba="0,1" hai="11,13,16,20,27,30,55,56,63,73,74,93,98,102" machi="30" ten="30,3900,0" yaku="1,1,7,1,54,1,53,0" doraHai="82" doraHaiUra="42" who="2" fromWho="1" sc="231,0,356,-39,171,49,232,0" /><INIT seed="6,0,0,2,0,15" ten="231,317,220,232" oya="2" hai0="78,114,13,72,19,25,45,97,27,103,23,105,47" hai1="118,32,55,94,133,42,26,131,66,68,86,7,120" hai2="33,30,5,75,60,119,17,37,52,22,82,18,0" hai3="20,109,74,95,135,49,1,87,61,88,57,127,96"/><V29/><F119/><W51/><G74/><T84/><D72/><U48/><E32/><V34/><F37/><W104/><G1/><T99/><D114/><U76/><E26/><N who="2" m="14679" /><F75/><W35/><G35/><N who="2" m="13321" /><F60/><W38/><G38/><T91/><D78/><U4/><E76/><V93/><F93/><N who="3" m="54431" /><G127/><T132/><D132/><U124/><E94/><V117/><F82/><W56/><G135/><T122/><D122/><U2/><E68/><V39/><F52/><N who="3" m="33959" /><G109/><T10/><D97/><U111/><E66/><V6/><F39/><W8/><G104/><T31/><D27/><U130/><E124/><V110/><F110/><W81/><G81/><AGARI ba="0,0" hai="10,13,19,23,25,31,45,47,81,84,91,99,103,105" machi="81" ten="30,2000,0" yaku="7,1,52,1" doraHai="15" who="0" fromWho="3" sc="231,20,317,0,220,0,232,-20" /><INIT seed="7,0,0,5,3,3" ten="251,317,220,212" oya="3" hai0="68,131,22,128,32,88,43,58,93,35,45,27,10" hai1="127,11,100,31,8,56,0,124,23,125,132,13,70" hai2="81,135,53,55,83,122,102,12,130,60,129,107,89" hai3="57,6,118,98,106,49,52,14,40,101,24,51,116"/><W90/><G24/><T4/><D68/><U94/><E70/><V44/><F122/><W65/><G65/><T97/><D58/><U42/><E42/><V66/><F135/><W76/><G76/><T77/><D77/><U114/><E114/><V113/><F113/><W16/><G6/><T54/><D54/><U15/><E132/><V126/><F107/><W84/><G49/><N who="0" m="26815" /><D22/><U21/><E56/><N who="2" m="37127" /><F102/><W30/><G40/><T18/><D18/><N who="1" m="8511" /><E0/><V80/><F44/><W26/><G30/><T86/><D27/><U82/><E31/><V133/><F12/><W61/><G26/><T120/><D97/><N who="1" m="59447" /><E82/><V123/><F123/><W117/><G61/><T67/><D67/><U2/><E2/><V72/><F72/><W38/><G38/><T48/><D48/><U39/><E39/><V46/><F46/><W105/><G105/><T19/><D19/><AGARI ba="0,0" hai="8,15,19,21,23,124,125,127" m="59447,8511" machi="19" ten="30,1000,0" yaku="18,1" doraHai="3" who="1" fromWho="0" sc="251,-10,317,10,220,0,212,0" owari="241,4.0,327,43.0,220,-18.0,212,-29.0" /></mjloggm>