<mjloggm ver="2.3"><GO type="169" lobby="0"/><UN n0="%57%69%6E%73%74%6F%6E" n1="%6C%67%32%31" n2="%E3%82%A6%E3%83%AB%E3%83%88%E3%83%A9%E7%AB%8B%E7%9B%B4" n3="%64%6F%6E%63%68%61%6E%33" dan="16,16,17,18" rate="2069.33,2118.19,2174.37,2219.02" sx="F,M,M,M"/><TAIKYOKU oya="0"/><INIT seed="0,0,0,0,0,68" ten="250,250,250,250" oya="0" hai0="71,51,9,98,45,95,64,114,109,44,7,16,24" hai1="34,110,77,46,38,12,2,56,128,8,48,122,11" hai2="81,67,50,134,17,70,89,74,99,69,92,65,82" hai3="21,116,5,28,40,119,37,18,118,87,59,104,75"/><T93/><D114/><U129/><E110/><V54/><F134/><W102/><G75/><T73/><D73/><U117/><E117/><V63/><F74/><W91/><G28/><T124/><D124/><U55/><E122/><V27/><F27/><W135/><G135/><T72/><D72/><U111/><E111/><V126/><F17/><W49/><G5/><T78/><D78/><U23/><E77/><V52/><F126/><W47/><G102/><T10/><D93/><U35/><E2/><V58/><REACH who="2" step="1"/><F54/><REACH who="2" ten="250,250,240,250" step="2"/><W3/><G18/><T106/><D24/><U85/><E55/><V86/><F86/><W79/><G87/><T36/><D16/><U127/><E85/><V42/><F42/><W57/><G40/><T115/><D109/><U33/><E127/><V125/><F125/><W61/><G118/><T84/><D84/><U29/><E128/><V108/><F108/><W123/><G119/><T53/><D53/><U113/><E129/><V96/><F96/><W90/><G116/><T13/><D98/><U4/><E8/><V1/><F1/><W39/><G3/><T80/><D10/><U26/><E11/><V121/><F121/><W94/><G123/><T76/><D9/><U19/><E19/><V32/><F32/><W103/><G21/><T66/><D7/><U22/><E34/><V31/><F31/><W105/><G79/><T6/><D76/><U62/><E33/><V100/><F100/><W83/><G103/><T132/><D132/><U43/><E35/><V88/><F88/><W107/><G91/><T97/><D6/><U20/><E4/><RYUUKYOKU ba="0,1" sc="250,-10,250,-10,240,30,250,-10" hai2="50,52,58,63,65,67,69,70,81,82,89,92,99" /><INIT seed="1,1,1,2,0,15" ten="240,240,270,240" oya="1" hai0="59,39,56,28,42,135,122,120,41,23,110,12,67" hai1="77,58,27,35,105,124,128,13,89,24,80,2,121" hai2="102,91,11,65,37,119,45,98,90,86,62,8,49" hai3="112,64,74,26,93,47,10,106,125,34,38,134,126"/><U103/><E121/><V115/><F37/><W100/><G112/><T104/><D104/><U7/><E2/><V32/><F32/><W88/><G74/><T85/><D135/><U132/><E132/><V50/><F119/><W61/><G134/><T60/><D110/><U63/><E124/><V14/><F115/><W72/><G72/><T55/><D85/><U30/><E128/><V97/><F102/><W111/><G111/><T95/><D95/><U54/><E89/><V131/><F131/><W40/><G100/><T99/><D99/><U123/><E123/><N who="0" m="47145" /><D39/><U19/><E7/><V20/><F20/><W69/><G106/><T116/><D116/><U87/><E27/><V75/><F8/><W133/><G133/><T22/><D22/><U46/><E46/><V129/><F75/><W16/><G34/><T108/><D108/><U130/><E130/><V118/><F118/><W52/><G52/><T6/><D28/><U117/><E117/><V107/><F107/><W79/><G79/><T83/><D83/><U70/><E70/><V92/><F129/><W21/><REACH who="3" step="1"/><G10/><REACH who="3" ten="240,240,270,230" step="2"/><N who="0" m="4183" /><D23/><U81/><E105/><V96/><F91/><W31/><G31/><T127/><D127/><U101/><REACH who="1" step="1"/><E80/><REACH who="1" ten="240,230,270,230" step="2"/><V82/><F82/><W57/><G57/><T33/><D59/><U9/><AGARI ba="1,3" hai="9,13,19,24,30,35,54,58,63,77,81,87,101,103" machi="9" ten="20,12000,1" yaku="1,1,2,1,0,1,7,1,52,1,53,0" doraHai="15" doraHaiUra="43" who="1" fromWho="1" sc="240,-41,230,153,270,-41,230,-41" /><INIT seed="1,2,0,4,0,71" ten="199,383,229,189" oya="1" hai0="5,79,103,90,65,34,31,83,124,14,55,95,85" hai1="122,115,77,80,109,24,19,26,112,119,99,6,84" hai2="1,70,96,25,82,98,63,42,48,64,45,62,60" hai3="27,121,87,58,125,133,73,46,52,40,15,68,107"/><U38/><E119/><V7/><F1/><W32/><G73/><T59/><D124/><U101/><E122/><V75/><F7/><W3/><G121/><T81/><D65/><U66/><E6/><V17/><F75/><W49/><G3/><T61/><D103/><U105/><E66/><V128/><F128/><W108/><G107/><T123/><D123/><U33/><E109/><V54/><F82/><W18/><G108/><T2/><D2/><U0/><E0/><V51/><F98/><W47/><G133/><T36/><D36/><U102/><E102/><V56/><F17/><W37/><G125/><T97/><D81/><U43/><E19/><V4/><F4/><W110/><G68/><T94/><D94/><U20/><E20/><V8/><F8/><W78/><G78/><T113/><D113/><U30/><REACH who="1" step="1"/><E24/><REACH who="1" ten="199,373,229,189" step="2"/><V21/><F21/><W53/><G27/><T76/><D34/><U117/><E117/><V88/><F25/><W120/><G110/><T130/><D31/><U111/><E111/><V91/><F64/><W28/><G32/><T100/><D130/><U127/><E127/><V131/><F131/><W89/><G28/><T57/><D5/><U116/><E116/><V39/><F70/><W23/><G120/><T22/><D22/><U50/><E50/><V41/><F51/><W114/><G114/><T93/><D100/><U134/><E134/><V118/><F48/><W16/><G23/><T69/><D69/><U10/><E10/><V35/><F118/><W67/><G67/><T44/><D14/><U29/><E29/><V126/><F126/><RYUUKYOKU ba="2,1" sc="199,-10,373,30,229,-10,189,-10" hai1="26,30,33,38,43,77,80,84,99,101,105,112,115" /><INIT seed="1,3,1,4,3,42" ten="189,403,219,179" oya="1" hai0="67,78,128,35,56,7,99,106,133,101,6,118,112" hai1="94,36,37,69,48,82,103,115,81,100,125,14,1" hai2="54,119,110,80,121,79,114,60,19,68,44,117,130" hai3="75,63,57,92,20,91,59,90,9,134,51,62,50"/><U113/><E69/><V41/><F19/><W11/><G134/><T45/><D112/><U95/><E14/><V76/><F79/><W0/><G75/><T10/><D118/><N who="2" m="45066" /><F80/><W71/><G71/><T58/><D35/><U127/><REACH who="1" step="1"/><E48/><REACH who="1" ten="189,393,219,179" step="2"/><V107/><F68/><W72/><G50/><T66/><D133/><U49/><E49/><V15/><F15/><W108/><G51/><T46/><D128/><U28/><E28/><V126/><F41/><W38/><G57/><T122/><D58/><U135/><E135/><V55/><F130/><W27/><G59/><T34/><D56/><U26/><E26/><V129/><F129/><W29/><G27/><T8/><D66/><U17/><E17/><V132/><F132/><W85/><G29/><T104/><D67/><U89/><E89/><V120/><F55/><W16/><G90/><T32/><D78/><U52/><E52/><V87/><F54/><W31/><G91/><T123/><D99/><U116/><E116/><V30/><F76/><W102/><G31/><T111/><D101/><U47/><E47/><V53/><F44/><W109/><G102/><T39/><D39/><U33/><E33/><V77/><F53/><W4/><G38/><T40/><D40/><U24/><E24/><V124/><F77/><W22/><G16/><T131/><D131/><U61/><E61/><V23/><F60/><W5/><G62/><T65/><D65/><U25/><E25/><V12/><F30/><W98/><G63/><T105/><D45/><U21/><E21/><V83/><F23/><W86/><G98/><T97/><D46/><RYUUKYOKU ba="3,2" sc="189,-10,393,30,219,-10,179,-10" hai1="1,36,37,81,82,94,95,100,103,113,115,125,127" /><INIT seed="1,4,2,2,2,16" ten="179,423,209,169" oya="1" hai0="118,130,114,113,81,82,40,74,36,93,57,68,115" hai1="12,106,63,108,33,99,48,76,29,23,39,28,126" hai2="120,73,125,102,91,4,69,97,80,21,31,15,83" hai3="111,14,55,105,92,32,89,41,79,56,1,72,67"/><U100/><E39/><V116/><F69/><W107/><G1/><T133/><D118/><U110/><E126/><V90/><F116/><W13/><G32/><T8/><D68/><U124/><E124/><V104/><F120/><W112/><G112/><T95/><D133/><U59/><E33/><V34/><F125/><W84/><G111/><N who="1" m="42538" /><E76/><V27/><F73/><W134/><G134/><T42/><D57/><U64/><E48/><V131/><F131/><W127/><G127/><T117/><D117/><U135/><E135/><V47/><F47/><W35/><G35/><T22/><D130/><U77/><E77/><V30/><F30/><W49/><G67/><T51/><D51/><U7/><E7/><V25/><F25/><W6/><G6/><T109/><D109/><U3/><E3/><V128/><F128/><W132/><G79/><T19/><D74/><U66/><E66/><V17/><REACH who="2" step="1"/><F4/><REACH who="2" ten="179,423,199,169" step="2"/><W43/><G72/><T5/><D113/><U11/><E11/><V87/><F87/><W101/><G84/><T65/><D8/><U18/><AGARI ba="4,3" hai="12,18,23,28,29,59,63,64,99,100,106" m="42538" machi="18" ten="30,6000,0" yaku="14,1,10,1,52,1" doraHai="16" who="1" fromWho="1" sc="179,-24,423,102,199,-24,169,-24" /><INIT seed="1,5,0,1,3,85" ten="155,525,175,145" oya="1" hai0="78,61,73,65,19,46,118,17,133,135,93,6,16" hai1="120,29,79,7,9,45,12,21,18,72,30,84,57" hai2="8,35,112,2,15,5,108,3,55,111,51,128,44" hai3="74,24,130,31,90,96,113,25,88,95,48,0,4"/><U106/><E72/><V92/><F35/><W47/><G113/><T76/><D118/><U83/><E106/><V52/><F112/><W40/><G130/><T59/><D73/><U124/><E124/><V23/><F128/><W122/><G122/><T101/><D6/><U125/><E125/><V56/><F92/><N who="3" m="56327" /><G0/><T38/><D38/><U107/><E107/><V86/><F86/><N who="3" m="52695" /><G74/><T67/><D67/><U71/><E71/><V114/><F114/><W36/><G36/><T34/><D34/><U123/><E57/><V33/><F33/><W104/><G104/><T100/><D46/><U81/><E45/><V70/><F70/><W109/><G109/><N who="2" m="42057" /><F15/><W62/><G4/><T129/><D129/><U22/><E22/><V32/><F23/><N who="3" m="15775" /><G62/><T63/><D61/><U43/><E120/><V91/><F32/><W102/><G102/><N who="0" m="39531" /><D93/><U127/><E127/><V115/><F115/><W20/><G20/><T110/><D110/><U11/><E123/><V134/><F2/><W98/><G98/><T39/><D39/><U99/><E99/><V77/><F3/><W50/><G50/><T53/><D133/><U119/><E21/><V1/><F134/><W75/><G75/><T80/><D135/><U117/><E119/><V49/><F77/><W89/><G89/><AGARI ba="5,0" hai="1,5,8,44,49,51,52,55,56,89,91" m="42057" machi="89" ten="30,7700,0" yaku="14,1,52,2,54,1" doraHai="85" who="2" fromWho="3" sc="155,0,525,0,175,92,145,-92" /><INIT seed="2,0,0,3,3,48" ten="155,525,267,53" oya="2" hai0="59,126,54,42,115,32,47,120,123,87,124,19,6" hai1="44,104,77,36,105,101,102,10,1,107,99,78,72" hai2="127,26,40,82,30,135,97,132,131,3,70,12,64" hai3="84,17,63,92,27,91,4,116,23,57,38,89,14"/><V52/><F3/><W79/><G116/><T28/><D115/><U113/><E113/><V129/><F40/><W61/><G38/><T80/><D6/><N who="1" m="1359" /><E78/><V69/><F12/><W21/><G79/><T56/><D19/><U75/><E101/><V41/><F41/><W65/><G63/><N who="0" m="36247" /><D28/><U35/><E35/><V2/><F82/><W46/><G46/><T37/><D32/><U108/><E108/><V96/><F2/><W9/><G89/><N who="0" m="51431" /><D59/><U43/><E75/><V74/><F74/><W7/><REACH who="3" step="1"/><G21/><REACH who="3" ten="155,525,267,43" step="2"/><T55/><D37/><U73/><E72/><V5/><F131/><W85/><G85/><T106/><D47/><U117/><E117/><V45/><F45/><W95/><G95/><T29/><D106/><U0/><E0/><V58/><F129/><W68/><G68/><T76/><D76/><U118/><E118/><V83/><F70/><W88/><G88/><T121/><D120/><U86/><E86/><V114/><F69/><W130/><G130/><T16/><D121/><U98/><E99/><V94/><F97/><W81/><G81/><AGARI ba="0,1" hai="36,43,44,73,77,81,98,102,104,105,107" m="1359" machi="81" ten="30,3900,0" yaku="25,1,33,2" doraHai="48" who="1" fromWho="3" sc="155,0,525,49,267,0,43,-39" /><INIT seed="3,0,0,4,3,31" ten="155,574,267,4" oya="3" hai0="13,97,28,67,130,84,120,23,76,21,10,121,5" hai1="109,89,87,106,127,113,39,112,95,75,90,17,1" hai2="85,3,35,83,81,70,41,57,33,61,101,26,135" hai3="19,77,122,20,94,86,14,65,4,99,44,0,48"/><W126/><G122/><T64/><D130/><U54/><E39/><V134/><F70/><W12/><G126/><T114/><D114/><U8/><E109/><V108/><F3/><W45/><G0/><T18/><D97/><U132/><E127/><V59/><F108/><W7/><G65/><T96/><D96/><U32/><E75/><V98/><F41/><N who="3" m="24591" /><G45/><T133/><D133/><N who="2" m="50698" /><F26/><W60/><G60/><T71/><D71/><U91/><E90/><N who="2" m="51503" /><F83/><N who="3" m="47471" /><G14/><N who="0" m="5455" /><D120/><U92/><E54/><N who="2" m="33975" /><F59/><W110/><G110/><T102/><D121/><U63/><E113/><V88/><F88/><AGARI ba="0,0" hai="4,7,12,19,20,88,94,99" m="47471,24591" machi="88" ten="30,2900,0" yaku="8,1,54,1" doraHai="31" who="3" fromWho="2" sc="155,0,574,0,267,-29,4,29" /><INIT seed="3,1,0,1,5,57" ten="155,574,238,33" oya="3" hai0="67,100,108,129,80,123,21,90,47,121,10,72,127" hai1="51,91,34,6,28,98,58,56,81,7,130,46,9" hai2="113,27,68,76,85,119,23,96,110,105,14,69,71" hai3="86,12,13,53,16,88,2,22,36,104,70,107,84"/><W93/><G2/><T112/><D108/><U122/><E122/><V126/><F113/><W132/><G36/><T87/><D112/><U114/><E114/><V0/><F0/><W4/><G132/><T30/><D129/><U52/><E130/><V120/><F119/><W37/><G37/><T99/><D127/><U78/><E34/><V60/><F110/><W66/><G53/><T83/><D47/><U49/><E28/><V55/><F14/><W32/><G32/><T15/><D72/><U128/><E128/><V5/><F5/><W111/><G111/><T11/><D80/><U94/><E9/><V115/><F69/><W20/><G86/><T103/><D103/><U133/><E133/><V59/><F71/><W33/><G33/><T95/><D10/><U38/><E38/><V118/><F68/><W89/><G89/><T41/><D41/><U25/><E25/><V65/><F85/><W35/><G35/><T63/><D30/><U64/><E64/><V54/><F65/><W19/><REACH who="3" step="1"/><G4/><REACH who="3" ten="155,574,238,23" step="2"/><T1/><D1/><U43/><E6/><V31/><F55/><W109/><G109/><T50/><D121/><U116/><E7/><V106/><F54/><W44/><G44/><T82/><D123/><U26/><E46/><V62/><F120/><W40/><G40/><T17/><D90/><U3/><E43/><V117/><F115/><W29/><G29/><T131/><D87/><U24/><E3/><V18/><F31/><W101/><G101/><T39/><D131/><U45/><E45/><V48/><F118/><W135/><G135/><T61/><D39/><RYUUKYOKU ba="1,1" sc="155,-10,574,-10,238,-10,23,30" hai3="12,13,16,19,20,22,66,70,84,88,93,104,107" /><INIT seed="3,2,1,0,3,35" ten="145,564,228,53" oya="3" hai0="63,97,29,21,68,75,121,129,99,38,42,85,84" hai1="62,1,60,113,48,2,16,27,53,112,36,111,131" hai2="100,31,40,7,102,89,14,91,114,130,98,101,128" hai3="106,66,65,10,120,6,82,69,133,28,56,44,104"/><W70/><G120/><T5/><D121/><U12/><E36/><V9/><F114/><W134/><G28/><T61/><D75/><U81/><E111/><V95/><F40/><W32/><G32/><T23/><D129/><N who="2" m="49770" /><F89/><W37/><G82/><T0/><D42/><U58/><E131/><V118/><F31/><W78/><G78/><T20/><D29/><U117/><E27/><V57/><F57/><W135/><G44/><T127/><D38/><U51/><E48/><V110/><F110/><W33/><G33/><T86/><D127/><U83/><E117/><AGARI ba="2,1" hai="7,9,14,91,95,98,100,101,102,117,118" m="49770" machi="117" ten="30,1000,0" yaku="19,1" doraHai="35" who="2" fromWho="1" sc="145,0,564,-16,228,26,53,0" /><INIT seed="4,0,0,3,2,97" ten="145,548,254,53" oya="0" hai0="79,6,63,102,50,126,69,87,118,72,52,34,61" hai1="81,111,114,66,40,51,110,115,75,12,124,5,127" hai2="74,4,53,30,134,82,19,23,133,119,21,77,33" hai3="125,3,29,58,88,41,68,70,120,62,90,93,130"/><T56/><D118/><U38/><E38/><V54/><F4/><W116/><G116/><T71/><D126/><N who="1" m="48171" /><E66/><V59/><F119/><W99/><G125/><T10/><D34/><U13/><E40/><V44/><F44/><W15/><G3/><T98/><D72/><U112/><E51/><V39/><F39/><W26/><G130/><T96/><D69/><U94/><E94/><V85/><F74/><W76/><G76/><T20/><D98/><U100/><E100/><V36/><F36/><W84/><G41/><T14/><D71/><U2/><E81/><V42/><F42/><W32/><G15/><N who="1" m="5706" /><E75/><V91/><F54/><W64/><REACH who="3" step="1"/><G120/><REACH who="3" ten="145,548,254,43" step="2"/><T25/><D79/><U73/><E73/><V16/><F77/><W65/><G65/><T122/><D122/><U1/><E5/><V48/><F53/><W0/><G0/><AGARI ba="0,1" hai="0,1,2,110,111,112,114,115" m="5706,48171" machi="0" ten="40,12000,2" yaku="28,2,15,1,11,1,18,1,34,2" doraHai="97" who="1" fromWho="3" sc="145,0,548,130,254,0,43,-120" owari="145,-25.0,678,78.0,254,5.0,-77,-58.0" /></mjloggm>